ts,datetime,MidPoint,MidPoint_500ms,MidPoint_1000ms
1345040100500000000,2012-08-15T09:15:00.500000000,2356.1,2355.4,2355.6
1345040101000000000,2012-08-15T09:15:01.000000000,2355.4,2355.6,2355.4
1345040101500000000,2012-08-15T09:15:01.500000000,2355.6,2355.4,2355.9
1345040102000000000,2012-08-15T09:15:02.000000000,2355.4,2355.9,2355.7
1345040102500000000,2012-08-15T09:15:02.500000000,2355.9,2355.7,2355.8
1345040103000000000,2012-08-15T09:15:03.000000000,2355.7,2355.8,2356.2
1345040103500000000,2012-08-15T09:15:03.500000000,2355.8,2356.2,2355.4
1345040104000000000,2012-08-15T09:15:04.000000000,2356.2,2355.4,2355.5
1345040104500000000,2012-08-15T09:15:04.500000000,2355.4,2355.5,2355.7
1345040105000000000,2012-08-15T09:15:05.000000000,2355.5,2355.7,2355.4
1345040105500000000,2012-08-15T09:15:05.500000000,2355.7,2355.4,2355.6
1345040106000000000,2012-08-15T09:15:06.000000000,2355.4,2355.6,2355.9
1345040106500000000,2012-08-15T09:15:06.500000000,2355.6,2355.9,2355.3
1345040107000000000,2012-08-15T09:15:07.000000000,2355.9,2355.3,2355.3
1345040107500000000,2012-08-15T09:15:07.500000000,2355.3,2355.3,2354.7
1345040108000000000,2012-08-15T09:15:08.000000000,2355.3,2354.7,2354.6
1345040108500000000,2012-08-15T09:15:08.500000000,2354.7,2354.6,2354.5
1345040109000000000,2012-08-15T09:15:09.000000000,2354.6,2354.5,2354.3
1345040109500000000,2012-08-15T09:15:09.500000000,2354.5,2354.3,2354.3
1345040110000000000,2012-08-15T09:15:10.000000000,2354.3,2354.3,2354.1
1345040110500000000,2012-08-15T09:15:10.500000000,2354.3,2354.1,2354.1
1345040111000000000,2012-08-15T09:15:11.000000000,2354.1,2354.1,2354.6
1345040111500000000,2012-08-15T09:15:11.500000000,2354.1,2354.6,2354.2
1345040112000000000,2012-08-15T09:15:12.000000000,2354.6,2354.2,2354.3
1345040112500000000,2012-08-15T09:15:12.500000000,2354.2,2354.3,2354.5
1345040113000000000,2012-08-15T09:15:13.000000000,2354.3,2354.5,2354.1
1345040113500000000,2012-08-15T09:15:13.500000000,2354.5,2354.1,2354.1
1345040114000000000,2012-08-15T09:15:14.000000000,2354.1,2354.1,2353.9
1345040114500000000,2012-08-15T09:15:14.500000000,2354.1,2353.9,2354.1
1345040115000000000,2012-08-15T09:15:15.000000000,2353.9,2354.1,2353.9
1345040115500000000,2012-08-15T09:15:15.500000000,2354.1,2353.9,2353.9
1345040116000000000,2012-08-15T09:15:16.000000000,2353.9,2353.9,2353.9
1345040116500000000,2012-08-15T09:15:16.500000000,2353.9,2353.9,2353.7
1345040117000000000,2012-08-15T09:15:17.000000000,2353.9,2353.7,2353.7
1345040117500000000,2012-08-15T09:15:17.500000000,2353.7,2353.7,2353.7
1345040118000000000,2012-08-15T09:15:18.000000000,2353.7,2353.7,2353.8
1345040118500000000,2012-08-15T09:15:18.500000000,2353.7,2353.8,2353.9
1345040119000000000,2012-08-15T09:15:19.000000000,2353.8,2353.9,2353.7
1345040119500000000,2012-08-15T09:15:19.500000000,2353.9,2353.7,2353.5
1345040120000000000,2012-08-15T09:15:20.000000000,2353.7,2353.5,2353.5
1345040120500000000,2012-08-15T09:15:20.500000000,2353.5,2353.5,2353.5
1345040121000000000,2012-08-15T09:15:21.000000000,2353.5,2353.5,2353.7
1345040121500000000,2012-08-15T09:15:21.500000000,2353.5,2353.7,2353.7
1345040122000000000,2012-08-15T09:15:22.000000000,2353.7,2353.7,2353.7
1345040122500000000,2012-08-15T09:15:22.500000000,2353.7,2353.7,2353.8
1345040123000000000,2012-08-15T09:15:23.000000000,2353.7,2353.8,2353.7
1345040123500000000,2012-08-15T09:15:23.500000000,2353.8,2353.7,2353.5
1345040124000000000,2012-08-15T09:15:24.000000000,2353.7,2353.5,2353.5
1345040124500000000,2012-08-15T09:15:24.500000000,2353.5,2353.5,2353.5
1345040125000000000,2012-08-15T09:15:25.000000000,2353.5,2353.5,2353.5
1345040125500000000,2012-08-15T09:15:25.500000000,2353.5,2353.5,2353.5
1345040126000000000,2012-08-15T09:15:26.000000000,2353.5,2353.5,2353.4
1345040126500000000,2012-08-15T09:15:26.500000000,2353.5,2353.4,2353.4
1345040127000000000,2012-08-15T09:15:27.000000000,2353.4,2353.4,2353.6
1345040127500000000,2012-08-15T09:15:27.500000000,2353.4,2353.6,2353.3
1345040128000000000,2012-08-15T09:15:28.000000000,2353.6,2353.3,2353.3
1345040128500000000,2012-08-15T09:15:28.500000000,2353.3,2353.3,2353.3
1345040129500000000,2012-08-15T09:15:29.500000000,2353.3,2353.3,2353.4
1345040130000000000,2012-08-15T09:15:30.000000000,2353.3,2353.4,2353.4
1345040130500000000,2012-08-15T09:15:30.500000000,2353.4,2353.4,2353.3
1345040131000000000,2012-08-15T09:15:31.000000000,2353.4,2353.3,2353.1
1345040131500000000,2012-08-15T09:15:31.500000000,2353.3,2353.1,2352.9
1345040132000000000,2012-08-15T09:15:32.000000000,2353.1,2352.9,2352.9
1345040132500000000,2012-08-15T09:15:32.500000000,2352.9,2352.9,2352.7
1345040133000000000,2012-08-15T09:15:33.000000000,2352.9,2352.7,2352.7
1345040133500000000,2012-08-15T09:15:33.500000000,2352.7,2352.7,2352.7
1345040134000000000,2012-08-15T09:15:34.000000000,2352.7,2352.7,2352.5
1345040134500000000,2012-08-15T09:15:34.500000000,2352.7,2352.5,2352.5
1345040135000000000,2012-08-15T09:15:35.000000000,2352.5,2352.5,2352.7
1345040135500000000,2012-08-15T09:15:35.500000000,2352.5,2352.7,2352.7
1345040136000000000,2012-08-15T09:15:36.000000000,2352.7,2352.7,2352.7
1345040136500000000,2012-08-15T09:15:36.500000000,2352.7,2352.7,2352.7
1345040137000000000,2012-08-15T09:15:37.000000000,2352.7,2352.7,2352.7
1345040137500000000,2012-08-15T09:15:37.500000000,2352.7,2352.7,2352.9
1345040138000000000,2012-08-15T09:15:38.000000000,2352.7,2352.9,2352.7
1345040138500000000,2012-08-15T09:15:38.500000000,2352.9,2352.7,2352.7
1345040139000000000,2012-08-15T09:15:39.000000000,2352.7,2352.7,2352.5
1345040139500000000,2012-08-15T09:15:39.500000000,2352.7,2352.5,2352.5
1345040140000000000,2012-08-15T09:15:40.000000000,2352.5,2352.5,2352.6
1345040140500000000,2012-08-15T09:15:40.500000000,2352.5,2352.6,2352.7
1345040141000000000,2012-08-15T09:15:41.000000000,2352.6,2352.7,2352.7
1345040141500000000,2012-08-15T09:15:41.500000000,2352.7,2352.7,2352.9
1345040142000000000,2012-08-15T09:15:42.000000000,2352.7,2352.9,2352.7
1345040142500000000,2012-08-15T09:15:42.500000000,2352.9,2352.7,2352.7
1345040143000000000,2012-08-15T09:15:43.000000000,2352.7,2352.7,2352.7
1345040143500000000,2012-08-15T09:15:43.500000000,2352.7,2352.7,2352.5
1345040144000000000,2012-08-15T09:15:44.000000000,2352.7,2352.5,2352.5
1345040144500000000,2012-08-15T09:15:44.500000000,2352.5,2352.5,2352.5
1345040145000000000,2012-08-15T09:15:45.000000000,2352.5,2352.5,2352.5
1345040145500000000,2012-08-15T09:15:45.500000000,2352.5,2352.5,2352.5
1345040146000000000,2012-08-15T09:15:46.000000000,2352.5,2352.5,2352.7
1345040146500000000,2012-08-15T09:15:46.500000000,2352.5,2352.7,2352.7
1345040147000000000,2012-08-15T09:15:47.000000000,2352.7,2352.7,2352.7
1345040147500000000,2012-08-15T09:15:47.500000000,2352.7,2352.7,2352.8
1345040148000000000,2012-08-15T09:15:48.000000000,2352.7,2352.8,2352.8
1345040148500000000,2012-08-15T09:15:48.500000000,2352.8,2352.8,2352.9
1345040149000000000,2012-08-15T09:15:49.000000000,2352.8,2352.9,2352.9
1345040149500000000,2012-08-15T09:15:49.500000000,2352.9,2352.9,2352.9
1345040150000000000,2012-08-15T09:15:50.000000000,2352.9,2352.9,2352.7
1345040150500000000,2012-08-15T09:15:50.500000000,2352.9,2352.7,2352.7
1345040151000000000,2012-08-15T09:15:51.000000000,2352.7,2352.7,2352.7
1345040151500000000,2012-08-15T09:15:51.500000000,2352.7,2352.7,2352.7
1345040152000000000,2012-08-15T09:15:52.000000000,2352.7,2352.7,2352.7
1345040152500000000,2012-08-15T09:15:52.500000000,2352.7,2352.7,2352.7
1345040153000000000,2012-08-15T09:15:53.000000000,2352.7,2352.7,2352.6
1345040153500000000,2012-08-15T09:15:53.500000000,2352.7,2352.6,2352.5
1345040154000000000,2012-08-15T09:15:54.000000000,2352.6,2352.5,2352.5
1345040154500000000,2012-08-15T09:15:54.500000000,2352.5,2352.5,2352.5
1345040155000000000,2012-08-15T09:15:55.000000000,2352.5,2352.5,2352.5
1345040155500000000,2012-08-15T09:15:55.500000000,2352.5,2352.5,2352.5
1345040156000000000,2012-08-15T09:15:56.000000000,2352.5,2352.5,2352.5
1345040156500000000,2012-08-15T09:15:56.500000000,2352.5,2352.5,2352.5
1345040157000000000,2012-08-15T09:15:57.000000000,2352.5,2352.5,2352.3
1345040157500000000,2012-08-15T09:15:57.500000000,2352.5,2352.3,2352.3
1345040158000000000,2012-08-15T09:15:58.000000000,2352.3,2352.3,2352.1
1345040158500000000,2012-08-15T09:15:58.500000000,2352.3,2352.1,2352.1
1345040159000000000,2012-08-15T09:15:59.000000000,2352.1,2352.1,2352.1
1345040159500000000,2012-08-15T09:15:59.500000000,2352.1,2352.1,2351.9
1345040160000000000,2012-08-15T09:16:00.000000000,2352.1,2351.9,2352.1
1345040160500000000,2012-08-15T09:16:00.500000000,2351.9,2352.1,2352.1
1345040161000000000,2012-08-15T09:16:01.000000000,2352.1,2352.1,2352.1
1345040161500000000,2012-08-15T09:16:01.500000000,2352.1,2352.1,2352.3
1345040162000000000,2012-08-15T09:16:02.000000000,2352.1,2352.3,2352.3
1345040162500000000,2012-08-15T09:16:02.500000000,2352.3,2352.3,2352.3
1345040163000000000,2012-08-15T09:16:03.000000000,2352.3,2352.3,2352.3
1345040163500000000,2012-08-15T09:16:03.500000000,2352.3,2352.3,2352.2
1345040164000000000,2012-08-15T09:16:04.000000000,2352.3,2352.2,2352.1
1345040164500000000,2012-08-15T09:16:04.500000000,2352.2,2352.1,2352.2
1345040165000000000,2012-08-15T09:16:05.000000000,2352.1,2352.2,2352.3
1345040165500000000,2012-08-15T09:16:05.500000000,2352.2,2352.3,2352.3
1345040166000000000,2012-08-15T09:16:06.000000000,2352.3,2352.3,2352.3
1345040166500000000,2012-08-15T09:16:06.500000000,2352.3,2352.3,2352.3
1345040167000000000,2012-08-15T09:16:07.000000000,2352.3,2352.3,2352.3
1345040167500000000,2012-08-15T09:16:07.500000000,2352.3,2352.3,2352.1
1345040168000000000,2012-08-15T09:16:08.000000000,2352.3,2352.1,2352.3
1345040168500000000,2012-08-15T09:16:08.500000000,2352.1,2352.3,2352.1
1345040169000000000,2012-08-15T09:16:09.000000000,2352.3,2352.1,2352.1
1345040169500000000,2012-08-15T09:16:09.500000000,2352.1,2352.1,2352.1
1345040170000000000,2012-08-15T09:16:10.000000000,2352.1,2352.1,2352.3
1345040170500000000,2012-08-15T09:16:10.500000000,2352.1,2352.3,2352.3
1345040171000000000,2012-08-15T09:16:11.000000000,2352.3,2352.3,2352.3
1345040171500000000,2012-08-15T09:16:11.500000000,2352.3,2352.3,2352.2
1345040172000000000,2012-08-15T09:16:12.000000000,2352.3,2352.2,2352.3
1345040172500000000,2012-08-15T09:16:12.500000000,2352.2,2352.3,2352.1
1345040173000000000,2012-08-15T09:16:13.000000000,2352.3,2352.1,2352.3
1345040173500000000,2012-08-15T09:16:13.500000000,2352.1,2352.3,2352.3
1345040174000000000,2012-08-15T09:16:14.000000000,2352.3,2352.3,2352.2
1345040174500000000,2012-08-15T09:16:14.500000000,2352.3,2352.2,2352.3
1345040175000000000,2012-08-15T09:16:15.000000000,2352.2,2352.3,2352.3
1345040175500000000,2012-08-15T09:16:15.500000000,2352.3,2352.3,2352.3
1345040176000000000,2012-08-15T09:16:16.000000000,2352.3,2352.3,2352.5
1345040176500000000,2012-08-15T09:16:16.500000000,2352.3,2352.5,2352.5
1345040177000000000,2012-08-15T09:16:17.000000000,2352.5,2352.5,2352.5
1345040177500000000,2012-08-15T09:16:17.500000000,2352.5,2352.5,2352.5
1345040178000000000,2012-08-15T09:16:18.000000000,2352.5,2352.5,2352.7
1345040178500000000,2012-08-15T09:16:18.500000000,2352.5,2352.7,2352.7
1345040179000000000,2012-08-15T09:16:19.000000000,2352.7,2352.7,2352.7
1345040179500000000,2012-08-15T09:16:19.500000000,2352.7,2352.7,2352.7
1345040180500000000,2012-08-15T09:16:20.500000000,2352.7,2352.7,2352.7
1345040181000000000,2012-08-15T09:16:21.000000000,2352.7,2352.7,2352.7
1345040181500000000,2012-08-15T09:16:21.500000000,2352.7,2352.7,2352.9
1345040182000000000,2012-08-15T09:16:22.000000000,2352.7,2352.9,2352.7
1345040182500000000,2012-08-15T09:16:22.500000000,2352.9,2352.7,2352.7
1345040183000000000,2012-08-15T09:16:23.000000000,2352.7,2352.7,2352.7
1345040183500000000,2012-08-15T09:16:23.500000000,2352.7,2352.7,2352.7
1345040184000000000,2012-08-15T09:16:24.000000000,2352.7,2352.7,2352.7
1345040184500000000,2012-08-15T09:16:24.500000000,2352.7,2352.7,2352.7
1345040185000000000,2012-08-15T09:16:25.000000000,2352.7,2352.7,2352.7
1345040185500000000,2012-08-15T09:16:25.500000000,2352.7,2352.7,2352.5
1345040186000000000,2012-08-15T09:16:26.000000000,2352.7,2352.5,2352.3
1345040186500000000,2012-08-15T09:16:26.500000000,2352.5,2352.3,2352.3
1345040187000000000,2012-08-15T09:16:27.000000000,2352.3,2352.3,2352.3
1345040187500000000,2012-08-15T09:16:27.500000000,2352.3,2352.3,2352.3
1345040188000000000,2012-08-15T09:16:28.000000000,2352.3,2352.3,2352.4
1345040188500000000,2012-08-15T09:16:28.500000000,2352.3,2352.4,2352.4
1345040189000000000,2012-08-15T09:16:29.000000000,2352.4,2352.4,2352.3
1345040189500000000,2012-08-15T09:16:29.500000000,2352.4,2352.3,2352.4
1345040190000000000,2012-08-15T09:16:30.000000000,2352.3,2352.4,2352.3
1345040190500000000,2012-08-15T09:16:30.500000000,2352.4,2352.3,2352.1
1345040191000000000,2012-08-15T09:16:31.000000000,2352.3,2352.1,2352.4
1345040191500000000,2012-08-15T09:16:31.500000000,2352.1,2352.4,2352.3
1345040192000000000,2012-08-15T09:16:32.000000000,2352.4,2352.3,2352.3
1345040192500000000,2012-08-15T09:16:32.500000000,2352.3,2352.3,2352.3
1345040193000000000,2012-08-15T09:16:33.000000000,2352.3,2352.3,2352.3
1345040193500000000,2012-08-15T09:16:33.500000000,2352.3,2352.3,2352.3
1345040194000000000,2012-08-15T09:16:34.000000000,2352.3,2352.3,2352.3
1345040194500000000,2012-08-15T09:16:34.500000000,2352.3,2352.3,2352.3
1345040195000000000,2012-08-15T09:16:35.000000000,2352.3,2352.3,2352.3
1345040195500000000,2012-08-15T09:16:35.500000000,2352.3,2352.3,2352.3
1345040196000000000,2012-08-15T09:16:36.000000000,2352.3,2352.3,2352.3
1345040196500000000,2012-08-15T09:16:36.500000000,2352.3,2352.3,2352.3
1345040197000000000,2012-08-15T09:16:37.000000000,2352.3,2352.3,2352.3
1345040197500000000,2012-08-15T09:16:37.500000000,2352.3,2352.3,2352.3
1345040198500000000,2012-08-15T09:16:38.500000000,2352.3,2352.5,2352.5
1345040199000000000,2012-08-15T09:16:39.000000000,2352.5,2352.5,2352.5
1345040199500000000,2012-08-15T09:16:39.500000000,2352.5,2352.5,2352.4
1345040200000000000,2012-08-15T09:16:40.000000000,2352.5,2352.4,2352.4
1345040200500000000,2012-08-15T09:16:40.500000000,2352.4,2352.4,2352.4
1345040201000000000,2012-08-15T09:16:41.000000000,2352.4,2352.4,2352.4
1345040201500000000,2012-08-15T09:16:41.500000000,2352.4,2352.4,2352.3
1345040202000000000,2012-08-15T09:16:42.000000000,2352.4,2352.3,2352.4
1345040202500000000,2012-08-15T09:16:42.500000000,2352.3,2352.4,2352.4
1345040203500000000,2012-08-15T09:16:43.500000000,2352.4,2352.4,2352.3
1345040204000000000,2012-08-15T09:16:44.000000000,2352.4,2352.3,2352.4
1345040204500000000,2012-08-15T09:16:44.500000000,2352.3,2352.4,2352.2
1345040205000000000,2012-08-15T09:16:45.000000000,2352.4,2352.2,2352.2
1345040205500000000,2012-08-15T09:16:45.500000000,2352.2,2352.2,2352.2
1345040206500000000,2012-08-15T09:16:46.500000000,2352.2,2352.3,2352.5
1345040207000000000,2012-08-15T09:16:47.000000000,2352.3,2352.5,2352.5
1345040207500000000,2012-08-15T09:16:47.500000000,2352.5,2352.5,2352.5
1345040208000000000,2012-08-15T09:16:48.000000000,2352.5,2352.5,2352.5
1345040208500000000,2012-08-15T09:16:48.500000000,2352.5,2352.5,2352.5
1345040209000000000,2012-08-15T09:16:49.000000000,2352.5,2352.5,2352.5
1345040209500000000,2012-08-15T09:16:49.500000000,2352.5,2352.5,2352.5
1345040210000000000,2012-08-15T09:16:50.000000000,2352.5,2352.5,2352.5
1345040210500000000,2012-08-15T09:16:50.500000000,2352.5,2352.5,2352.5
1345040211000000000,2012-08-15T09:16:51.000000000,2352.5,2352.5,2352.5
1345040211500000000,2012-08-15T09:16:51.500000000,2352.5,2352.5,2352.5
1345040212000000000,2012-08-15T09:16:52.000000000,2352.5,2352.5,2352.5
1345040212500000000,2012-08-15T09:16:52.500000000,2352.5,2352.5,2352.5
1345040213000000000,2012-08-15T09:16:53.000000000,2352.5,2352.5,2352.7
1345040213500000000,2012-08-15T09:16:53.500000000,2352.5,2352.7,2352.7
1345040214000000000,2012-08-15T09:16:54.000000000,2352.7,2352.7,2352.7
1345040214500000000,2012-08-15T09:16:54.500000000,2352.7,2352.7,2352.7
1345040215000000000,2012-08-15T09:16:55.000000000,2352.7,2352.7,2352.9
1345040215500000000,2012-08-15T09:16:55.500000000,2352.7,2352.9,2352.9
1345040216000000000,2012-08-15T09:16:56.000000000,2352.9,2352.9,2352.9
1345040216500000000,2012-08-15T09:16:56.500000000,2352.9,2352.9,2352.9
1345040217000000000,2012-08-15T09:16:57.000000000,2352.9,2352.9,2352.8
1345040217500000000,2012-08-15T09:16:57.500000000,2352.9,2352.8,2352.7
1345040218000000000,2012-08-15T09:16:58.000000000,2352.8,2352.7,2352.7
1345040218500000000,2012-08-15T09:16:58.500000000,2352.7,2352.7,2352.7
1345040219000000000,2012-08-15T09:16:59.000000000,2352.7,2352.7,2352.7
1345040219500000000,2012-08-15T09:16:59.500000000,2352.7,2352.7,2352.5
1345040220000000000,2012-08-15T09:17:00.000000000,2352.7,2352.5,2352.5
1345040220500000000,2012-08-15T09:17:00.500000000,2352.5,2352.5,2352.6
1345040221000000000,2012-08-15T09:17:01.000000000,2352.5,2352.6,2352.6
1345040221500000000,2012-08-15T09:17:01.500000000,2352.6,2352.6,2352.7
1345040222000000000,2012-08-15T09:17:02.000000000,2352.6,2352.7,2352.7
1345040222500000000,2012-08-15T09:17:02.500000000,2352.7,2352.7,2352.9
1345040223000000000,2012-08-15T09:17:03.000000000,2352.7,2352.9,2352.9
1345040223500000000,2012-08-15T09:17:03.500000000,2352.9,2352.9,2352.9
1345040224000000000,2012-08-15T09:17:04.000000000,2352.9,2352.9,2352.7
1345040224500000000,2012-08-15T09:17:04.500000000,2352.9,2352.7,2352.7
1345040225000000000,2012-08-15T09:17:05.000000000,2352.7,2352.7,2352.8
1345040225500000000,2012-08-15T09:17:05.500000000,2352.7,2352.8,2352.9
1345040226000000000,2012-08-15T09:17:06.000000000,2352.8,2352.9,2352.8
1345040226500000000,2012-08-15T09:17:06.500000000,2352.9,2352.8,2352.8
1345040227000000000,2012-08-15T09:17:07.000000000,2352.8,2352.8,2352.7
1345040227500000000,2012-08-15T09:17:07.500000000,2352.8,2352.7,2352.7
1345040228000000000,2012-08-15T09:17:08.000000000,2352.7,2352.7,2352.5
1345040228500000000,2012-08-15T09:17:08.500000000,2352.7,2352.5,2352.5
1345040229500000000,2012-08-15T09:17:09.500000000,2352.5,2352.5,2352.5
1345040230000000000,2012-08-15T09:17:10.000000000,2352.5,2352.5,2352.5
1345040230500000000,2012-08-15T09:17:10.500000000,2352.5,2352.5,2352.5
1345040231000000000,2012-08-15T09:17:11.000000000,2352.5,2352.5,2352.5
1345040231500000000,2012-08-15T09:17:11.500000000,2352.5,2352.5,2352.5
1345040232000000000,2012-08-15T09:17:12.000000000,2352.5,2352.5,2352.5
1345040232500000000,2012-08-15T09:17:12.500000000,2352.5,2352.5,2352.5
1345040233500000000,2012-08-15T09:17:13.500000000,2352.5,2352.5,2352.3
1345040234000000000,2012-08-15T09:17:14.000000000,2352.5,2352.3,2352.3
1345040234500000000,2012-08-15T09:17:14.500000000,2352.3,2352.3,2352.3
1345040235000000000,2012-08-15T09:17:15.000000000,2352.3,2352.3,2352.3
1345040235500000000,2012-08-15T09:17:15.500000000,2352.3,2352.3,2352.3
1345040236000000000,2012-08-15T09:17:16.000000000,2352.3,2352.3,2352.3
1345040236500000000,2012-08-15T09:17:16.500000000,2352.3,2352.3,2352.3
1345040237000000000,2012-08-15T09:17:17.000000000,2352.3,2352.3,2352.3
1345040237500000000,2012-08-15T09:17:17.500000000,2352.3,2352.3,2352.3
1345040238000000000,2012-08-15T09:17:18.000000000,2352.3,2352.3,2352.3
1345040238500000000,2012-08-15T09:17:18.500000000,2352.3,2352.3,2352.3
1345040239000000000,2012-08-15T09:17:19.000000000,2352.3,2352.3,2352.3
1345040239500000000,2012-08-15T09:17:19.500000000,2352.3,2352.3,2352.3
1345040240000000000,2012-08-15T09:17:20.000000000,2352.3,2352.3,2352.2
1345040240500000000,2012-08-15T09:17:20.500000000,2352.3,2352.2,2352.1
1345040241000000000,2012-08-15T09:17:21.000000000,2352.2,2352.1,2352.2
1345040241500000000,2012-08-15T09:17:21.500000000,2352.1,2352.2,2352.1
1345040242000000000,2012-08-15T09:17:22.000000000,2352.2,2352.1,2352.1
1345040242500000000,2012-08-15T09:17:22.500000000,2352.1,2352.1,2352.3
1345040243000000000,2012-08-15T09:17:23.000000000,2352.1,2352.3,2352.3
1345040243500000000,2012-08-15T09:17:23.500000000,2352.3,2352.3,2352.3
1345040244000000000,2012-08-15T09:17:24.000000000,2352.3,2352.3,2352.3
1345040244500000000,2012-08-15T09:17:24.500000000,2352.3,2352.3,2352.3
1345040245000000000,2012-08-15T09:17:25.000000000,2352.3,2352.3,2352.3
1345040245500000000,2012-08-15T09:17:25.500000000,2352.3,2352.3,2352.2
1345040246000000000,2012-08-15T09:17:26.000000000,2352.3,2352.2,2352.2
1345040246500000000,2012-08-15T09:17:26.500000000,2352.2,2352.2,2352.2
1345040247000000000,2012-08-15T09:17:27.000000000,2352.2,2352.2,2352.2
1345040247500000000,2012-08-15T09:17:27.500000000,2352.2,2352.2,2352.2
1345040248000000000,2012-08-15T09:17:28.000000000,2352.2,2352.2,2352.2
1345040248500000000,2012-08-15T09:17:28.500000000,2352.2,2352.2,2352.1
1345040249000000000,2012-08-15T09:17:29.000000000,2352.2,2352.1,2352.3
1345040249500000000,2012-08-15T09:17:29.500000000,2352.1,2352.3,2352.3
1345040250000000000,2012-08-15T09:17:30.000000000,2352.3,2352.3,2352.2
1345040250500000000,2012-08-15T09:17:30.500000000,2352.3,2352.2,2352.2
1345040251000000000,2012-08-15T09:17:31.000000000,2352.2,2352.2,2352.2
1345040251500000000,2012-08-15T09:17:31.500000000,2352.2,2352.2,2352.1
1345040252000000000,2012-08-15T09:17:32.000000000,2352.2,2352.1,2352.1
1345040252500000000,2012-08-15T09:17:32.500000000,2352.1,2352.1,2352.3
1345040253000000000,2012-08-15T09:17:33.000000000,2352.1,2352.3,2352.3
1345040253500000000,2012-08-15T09:17:33.500000000,2352.3,2352.3,2352.3
1345040254500000000,2012-08-15T09:17:34.500000000,2352.3,2352.1,2352.1
1345040255000000000,2012-08-15T09:17:35.000000000,2352.1,2352.1,2352.1
1345040255500000000,2012-08-15T09:17:35.500000000,2352.1,2352.1,2352.3
1345040256000000000,2012-08-15T09:17:36.000000000,2352.1,2352.3,2352.2
1345040256500000000,2012-08-15T09:17:36.500000000,2352.3,2352.2,2352.1
1345040257000000000,2012-08-15T09:17:37.000000000,2352.2,2352.1,2352.1
1345040257500000000,2012-08-15T09:17:37.500000000,2352.1,2352.1,2352.1
1345040258000000000,2012-08-15T09:17:38.000000000,2352.1,2352.1,2352.2
1345040258500000000,2012-08-15T09:17:38.500000000,2352.1,2352.2,2352.2
1345040259000000000,2012-08-15T09:17:39.000000000,2352.2,2352.2,2352.1
1345040259500000000,2012-08-15T09:17:39.500000000,2352.2,2352.1,2352.1
1345040260000000000,2012-08-15T09:17:40.000000000,2352.1,2352.1,2352.1
1345040260500000000,2012-08-15T09:17:40.500000000,2352.1,2352.1,2352.2
1345040261000000000,2012-08-15T09:17:41.000000000,2352.1,2352.2,2352.3
1345040261500000000,2012-08-15T09:17:41.500000000,2352.2,2352.3,2352.3
1345040262000000000,2012-08-15T09:17:42.000000000,2352.3,2352.3,2352.3
1345040262500000000,2012-08-15T09:17:42.500000000,2352.3,2352.3,2352.3
1345040263000000000,2012-08-15T09:17:43.000000000,2352.3,2352.3,2352.3
1345040263500000000,2012-08-15T09:17:43.500000000,2352.3,2352.3,2352.3
1345040264500000000,2012-08-15T09:17:44.500000000,2352.3,2352.3,2352.3
1345040265000000000,2012-08-15T09:17:45.000000000,2352.3,2352.3,2352.3
1345040265500000000,2012-08-15T09:17:45.500000000,2352.3,2352.3,2352.3
1345040266500000000,2012-08-15T09:17:46.500000000,2352.3,2352.3,2352.3
1345040267000000000,2012-08-15T09:17:47.000000000,2352.3,2352.3,2352.3
1345040267500000000,2012-08-15T09:17:47.500000000,2352.3,2352.3,2352.3
1345040268000000000,2012-08-15T09:17:48.000000000,2352.3,2352.3,2352.3
1345040268500000000,2012-08-15T09:17:48.500000000,2352.3,2352.3,2352.3
1345040269000000000,2012-08-15T09:17:49.000000000,2352.3,2352.3,2352.3
1345040269500000000,2012-08-15T09:17:49.500000000,2352.3,2352.3,2352.3
1345040270000000000,2012-08-15T09:17:50.000000000,2352.3,2352.3,2352.3
1345040270500000000,2012-08-15T09:17:50.500000000,2352.3,2352.3,2352.3
1345040272000000000,2012-08-15T09:17:52.000000000,2352.3,2352.3,2352.3
1345040272500000000,2012-08-15T09:17:52.500000000,2352.3,2352.3,2352.3
1345040273000000000,2012-08-15T09:17:53.000000000,2352.3,2352.3,2352.3
1345040273500000000,2012-08-15T09:17:53.500000000,2352.3,2352.3,2352.3
1345040274000000000,2012-08-15T09:17:54.000000000,2352.3,2352.3,2352.3
1345040274500000000,2012-08-15T09:17:54.500000000,2352.3,2352.3,2352.3
1345040275000000000,2012-08-15T09:17:55.000000000,2352.3,2352.3,2352.3
1345040275500000000,2012-08-15T09:17:55.500000000,2352.3,2352.3,2352.3
1345040276000000000,2012-08-15T09:17:56.000000000,2352.3,2352.3,2352.3
1345040276500000000,2012-08-15T09:17:56.500000000,2352.3,2352.3,2352.3
1345040277000000000,2012-08-15T09:17:57.000000000,2352.3,2352.3,2352.3
1345040277500000000,2012-08-15T09:17:57.500000000,2352.3,2352.3,2352.3
1345040278000000000,2012-08-15T09:17:58.000000000,2352.3,2352.3,2352.3
1345040278500000000,2012-08-15T09:17:58.500000000,2352.3,2352.3,2352.3
1345040279000000000,2012-08-15T09:17:59.000000000,2352.3,2352.3,2352.3
1345040279500000000,2012-08-15T09:17:59.500000000,2352.3,2352.3,2352.3
1345040281000000000,2012-08-15T09:18:01.000000000,2352.3,2352.3,2352.3
1345040281500000000,2012-08-15T09:18:01.500000000,2352.3,2352.3,2352.3
1345040282000000000,2012-08-15T09:18:02.000000000,2352.3,2352.3,2352.3
1345040282500000000,2012-08-15T09:18:02.500000000,2352.3,2352.3,2352.3
1345040283500000000,2012-08-15T09:18:03.500000000,2352.3,2352.3,2352.3
1345040284000000000,2012-08-15T09:18:04.000000000,2352.3,2352.3,2352.3
1345040284500000000,2012-08-15T09:18:04.500000000,2352.3,2352.3,2352.3
1345040285500000000,2012-08-15T09:18:05.500000000,2352.3,2352.3,2352.3
1345040286000000000,2012-08-15T09:18:06.000000000,2352.3,2352.3,2352.3
1345040286500000000,2012-08-15T09:18:06.500000000,2352.3,2352.3,2352.3
1345040288500000000,2012-08-15T09:18:08.500000000,2352.3,2352.3,2352.3
1345040289000000000,2012-08-15T09:18:09.000000000,2352.3,2352.3,2352.3
1345040289500000000,2012-08-15T09:18:09.500000000,2352.3,2352.3,2352.3
1345040290000000000,2012-08-15T09:18:10.000000000,2352.3,2352.3,2352.3
1345040290500000000,2012-08-15T09:18:10.500000000,2352.3,2352.3,2352.3
1345040291000000000,2012-08-15T09:18:11.000000000,2352.3,2352.3,2352.3
1345040291500000000,2012-08-15T09:18:11.500000000,2352.3,2352.3,2352.3
1345040292000000000,2012-08-15T09:18:12.000000000,2352.3,2352.3,2352.3
1345040292500000000,2012-08-15T09:18:12.500000000,2352.3,2352.3,2352.3
1345040294000000000,2012-08-15T09:18:14.000000000,2352.3,2352.3,2352.3
1345040294500000000,2012-08-15T09:18:14.500000000,2352.3,2352.3,2352.5
1345040295000000000,2012-08-15T09:18:15.000000000,2352.3,2352.5,2352.3
1345040295500000000,2012-08-15T09:18:15.500000000,2352.5,2352.3,2352.3
1345040296000000000,2012-08-15T09:18:16.000000000,2352.3,2352.3,2352.3
1345040296500000000,2012-08-15T09:18:16.500000000,2352.3,2352.3,2352.3
1345040297000000000,2012-08-15T09:18:17.000000000,2352.3,2352.3,2352.5
1345040297500000000,2012-08-15T09:18:17.500000000,2352.3,2352.5,2352.3
1345040298000000000,2012-08-15T09:18:18.000000000,2352.5,2352.3,2352.3
1345040298500000000,2012-08-15T09:18:18.500000000,2352.3,2352.3,2352.3
1345040299000000000,2012-08-15T09:18:19.000000000,2352.3,2352.3,2352.3
1345040299500000000,2012-08-15T09:18:19.500000000,2352.3,2352.3,2352.3
1345040300000000000,2012-08-15T09:18:20.000000000,2352.3,2352.3,2352.3
1345040300500000000,2012-08-15T09:18:20.500000000,2352.3,2352.3,2352.3
1345040301000000000,2012-08-15T09:18:21.000000000,2352.3,2352.3,2352.3
1345040301500000000,2012-08-15T09:18:21.500000000,2352.3,2352.3,2352.3
1345040303000000000,2012-08-15T09:18:23.000000000,2352.3,2352.3,2352.3
1345040303500000000,2012-08-15T09:18:23.500000000,2352.3,2352.3,2352.5
1345040304000000000,2012-08-15T09:18:24.000000000,2352.3,2352.5,2352.5
1345040304500000000,2012-08-15T09:18:24.500000000,2352.5,2352.5,2352.5
1345040305000000000,2012-08-15T09:18:25.000000000,2352.5,2352.5,2352.5
1345040305500000000,2012-08-15T09:18:25.500000000,2352.5,2352.5,2352.5
1345040306000000000,2012-08-15T09:18:26.000000000,2352.5,2352.5,2352.5
1345040306500000000,2012-08-15T09:18:26.500000000,2352.5,2352.5,2352.5
1345040307000000000,2012-08-15T09:18:27.000000000,2352.5,2352.5,2352.5
1345040307500000000,2012-08-15T09:18:27.500000000,2352.5,2352.5,2352.5
1345040309000000000,2012-08-15T09:18:29.000000000,2352.5,2352.5,2352.5
1345040309500000000,2012-08-15T09:18:29.500000000,2352.5,2352.5,2352.5
1345040310000000000,2012-08-15T09:18:30.000000000,2352.5,2352.5,2352.7
1345040310500000000,2012-08-15T09:18:30.500000000,2352.5,2352.7,2352.7
1345040311000000000,2012-08-15T09:18:31.000000000,2352.7,2352.7,2352.7
1345040311500000000,2012-08-15T09:18:31.500000000,2352.7,2352.7,2352.9
1345040312000000000,2012-08-15T09:18:32.000000000,2352.7,2352.9,2352.7
1345040312500000000,2012-08-15T09:18:32.500000000,2352.9,2352.7,2352.7
1345040313000000000,2012-08-15T09:18:33.000000000,2352.7,2352.7,2352.5
1345040313500000000,2012-08-15T09:18:33.500000000,2352.7,2352.5,2352.5
1345040314000000000,2012-08-15T09:18:34.000000000,2352.5,2352.5,2352.5
1345040314500000000,2012-08-15T09:18:34.500000000,2352.5,2352.5,2352.5
1345040315000000000,2012-08-15T09:18:35.000000000,2352.5,2352.5,2352.5
1345040315500000000,2012-08-15T09:18:35.500000000,2352.5,2352.5,2352.5
1345040316000000000,2012-08-15T09:18:36.000000000,2352.5,2352.5,2352.5
1345040316500000000,2012-08-15T09:18:36.500000000,2352.5,2352.5,2352.5
1345040317000000000,2012-08-15T09:18:37.000000000,2352.5,2352.5,2352.5
1345040317500000000,2012-08-15T09:18:37.500000000,2352.5,2352.5,2352.5
1345040318500000000,2012-08-15T09:18:38.500000000,2352.5,2352.5,2352.5
1345040319000000000,2012-08-15T09:18:39.000000000,2352.5,2352.5,2352.5
1345040319500000000,2012-08-15T09:18:39.500000000,2352.5,2352.5,2352.5
1345040320000000000,2012-08-15T09:18:40.000000000,2352.5,2352.5,2352.7
1345040320500000000,2012-08-15T09:18:40.500000000,2352.5,2352.7,2352.5
1345040321000000000,2012-08-15T09:18:41.000000000,2352.7,2352.5,2352.5
1345040321500000000,2012-08-15T09:18:41.500000000,2352.5,2352.5,2352.5
1345040322000000000,2012-08-15T09:18:42.000000000,2352.5,2352.5,2352.5
1345040322500000000,2012-08-15T09:18:42.500000000,2352.5,2352.5,2352.3
1345040323000000000,2012-08-15T09:18:43.000000000,2352.5,2352.3,2352.5
1345040323500000000,2012-08-15T09:18:43.500000000,2352.3,2352.5,2352.7
1345040324000000000,2012-08-15T09:18:44.000000000,2352.5,2352.7,2352.7
1345040324500000000,2012-08-15T09:18:44.500000000,2352.7,2352.7,2352.7
1345040325000000000,2012-08-15T09:18:45.000000000,2352.7,2352.7,2352.5
1345040325500000000,2012-08-15T09:18:45.500000000,2352.7,2352.5,2352.5
1345040326000000000,2012-08-15T09:18:46.000000000,2352.5,2352.5,2352.6
1345040326500000000,2012-08-15T09:18:46.500000000,2352.5,2352.6,2352.7
1345040327000000000,2012-08-15T09:18:47.000000000,2352.6,2352.7,2352.7
1345040327500000000,2012-08-15T09:18:47.500000000,2352.7,2352.7,2352.5
1345040328000000000,2012-08-15T09:18:48.000000000,2352.7,2352.5,2352.5
1345040328500000000,2012-08-15T09:18:48.500000000,2352.5,2352.5,2352.5
1345040331000000000,2012-08-15T09:18:51.000000000,2352.5,2352.7,2352.7
1345040331500000000,2012-08-15T09:18:51.500000000,2352.7,2352.7,2352.7
1345040332000000000,2012-08-15T09:18:52.000000000,2352.7,2352.7,2352.7
1345040332500000000,2012-08-15T09:18:52.500000000,2352.7,2352.7,2352.7
1345040333000000000,2012-08-15T09:18:53.000000000,2352.7,2352.7,2352.7
1345040333500000000,2012-08-15T09:18:53.500000000,2352.7,2352.7,2352.9
1345040334000000000,2012-08-15T09:18:54.000000000,2352.7,2352.9,2352.9
1345040334500000000,2012-08-15T09:18:54.500000000,2352.9,2352.9,2352.9
1345040335000000000,2012-08-15T09:18:55.000000000,2352.9,2352.9,2352.9
1345040335500000000,2012-08-15T09:18:55.500000000,2352.9,2352.9,2352.9
1345040336000000000,2012-08-15T09:18:56.000000000,2352.9,2352.9,2352.9
1345040336500000000,2012-08-15T09:18:56.500000000,2352.9,2352.9,2352.9
1345040337000000000,2012-08-15T09:18:57.000000000,2352.9,2352.9,2352.9
1345040337500000000,2012-08-15T09:18:57.500000000,2352.9,2352.9,2352.9
1345040338000000000,2012-08-15T09:18:58.000000000,2352.9,2352.9,2352.9
1345040338500000000,2012-08-15T09:18:58.500000000,2352.9,2352.9,2352.9
1345040339000000000,2012-08-15T09:18:59.000000000,2352.9,2352.9,2352.9
1345040339500000000,2012-08-15T09:18:59.500000000,2352.9,2352.9,2352.9
1345040340000000000,2012-08-15T09:19:00.000000000,2352.9,2352.9,2352.9
1345040340500000000,2012-08-15T09:19:00.500000000,2352.9,2352.9,2352.9
1345040341500000000,2012-08-15T09:19:01.500000000,2352.9,2352.9,2352.9
1345040342000000000,2012-08-15T09:19:02.000000000,2352.9,2352.9,2353.1
1345040342500000000,2012-08-15T09:19:02.500000000,2352.9,2353.1,2353.1
1345040343000000000,2012-08-15T09:19:03.000000000,2353.1,2353.1,2353.1
1345040343500000000,2012-08-15T09:19:03.500000000,2353.1,2353.1,2353.1
1345040344000000000,2012-08-15T09:19:04.000000000,2353.1,2353.1,2353.1
1345040344500000000,2012-08-15T09:19:04.500000000,2353.1,2353.1,2353.1
1345040345000000000,2012-08-15T09:19:05.000000000,2353.1,2353.1,2353.3
1345040345500000000,2012-08-15T09:19:05.500000000,2353.1,2353.3,2353.3
1345040346000000000,2012-08-15T09:19:06.000000000,2353.3,2353.3,2353.3
1345040346500000000,2012-08-15T09:19:06.500000000,2353.3,2353.3,2353.3
1345040347000000000,2012-08-15T09:19:07.000000000,2353.3,2353.3,2353.3
1345040347500000000,2012-08-15T09:19:07.500000000,2353.3,2353.3,2353.3
1345040348000000000,2012-08-15T09:19:08.000000000,2353.3,2353.3,2353.5
1345040348500000000,2012-08-15T09:19:08.500000000,2353.3,2353.5,2353.5
1345040349000000000,2012-08-15T09:19:09.000000000,2353.5,2353.5,2353.7
1345040349500000000,2012-08-15T09:19:09.500000000,2353.5,2353.7,2353.7
1345040350000000000,2012-08-15T09:19:10.000000000,2353.7,2353.7,2353.7
1345040350500000000,2012-08-15T09:19:10.500000000,2353.7,2353.7,2353.7
1345040351000000000,2012-08-15T09:19:11.000000000,2353.7,2353.7,2353.7
1345040351500000000,2012-08-15T09:19:11.500000000,2353.7,2353.7,2353.8
1345040352000000000,2012-08-15T09:19:12.000000000,2353.7,2353.8,2353.7
1345040352500000000,2012-08-15T09:19:12.500000000,2353.8,2353.7,2353.5
1345040353000000000,2012-08-15T09:19:13.000000000,2353.7,2353.5,2353.5
1345040353500000000,2012-08-15T09:19:13.500000000,2353.5,2353.5,2353.5
1345040354000000000,2012-08-15T09:19:14.000000000,2353.5,2353.5,2353.7
1345040354500000000,2012-08-15T09:19:14.500000000,2353.5,2353.7,2353.6
1345040355000000000,2012-08-15T09:19:15.000000000,2353.7,2353.6,2353.6
1345040355500000000,2012-08-15T09:19:15.500000000,2353.6,2353.6,2353.5
1345040356000000000,2012-08-15T09:19:16.000000000,2353.6,2353.5,2353.7
1345040356500000000,2012-08-15T09:19:16.500000000,2353.5,2353.7,2353.7
1345040357000000000,2012-08-15T09:19:17.000000000,2353.7,2353.7,2353.7
1345040357500000000,2012-08-15T09:19:17.500000000,2353.7,2353.7,2353.8
1345040358000000000,2012-08-15T09:19:18.000000000,2353.7,2353.8,2353.8
1345040358500000000,2012-08-15T09:19:18.500000000,2353.8,2353.8,2353.9
1345040359000000000,2012-08-15T09:19:19.000000000,2353.8,2353.9,2353.9
1345040359500000000,2012-08-15T09:19:19.500000000,2353.9,2353.9,2353.9
1345040360000000000,2012-08-15T09:19:20.000000000,2353.9,2353.9,2354.1
1345040360500000000,2012-08-15T09:19:20.500000000,2353.9,2354.1,2353.9
1345040361000000000,2012-08-15T09:19:21.000000000,2354.1,2353.9,2353.7
1345040361500000000,2012-08-15T09:19:21.500000000,2353.9,2353.7,2354
1345040362000000000,2012-08-15T09:19:22.000000000,2353.7,2354,2353.9
1345040362500000000,2012-08-15T09:19:22.500000000,2354,2353.9,2354.1
1345040363000000000,2012-08-15T09:19:23.000000000,2353.9,2354.1,2354.1
1345040363500000000,2012-08-15T09:19:23.500000000,2354.1,2354.1,2353.9
1345040364000000000,2012-08-15T09:19:24.000000000,2354.1,2353.9,2353.9
1345040364500000000,2012-08-15T09:19:24.500000000,2353.9,2353.9,2353.9
1345040365000000000,2012-08-15T09:19:25.000000000,2353.9,2353.9,2353.9
1345040365500000000,2012-08-15T09:19:25.500000000,2353.9,2353.9,2353.9
1345040366000000000,2012-08-15T09:19:26.000000000,2353.9,2353.9,2354
1345040366500000000,2012-08-15T09:19:26.500000000,2353.9,2354,2354
1345040367500000000,2012-08-15T09:19:27.500000000,2354,2354,2354
1345040368000000000,2012-08-15T09:19:28.000000000,2354,2354,2353.9
1345040368500000000,2012-08-15T09:19:28.500000000,2354,2353.9,2354
1345040369000000000,2012-08-15T09:19:29.000000000,2353.9,2354,2353.7
1345040369500000000,2012-08-15T09:19:29.500000000,2354,2353.7,2353.7
1345040370000000000,2012-08-15T09:19:30.000000000,2353.7,2353.7,2353.7
1345040370500000000,2012-08-15T09:19:30.500000000,2353.7,2353.7,2353.7
1345040371000000000,2012-08-15T09:19:31.000000000,2353.7,2353.7,2353.7
1345040371500000000,2012-08-15T09:19:31.500000000,2353.7,2353.7,2353.7
1345040372000000000,2012-08-15T09:19:32.000000000,2353.7,2353.7,2353.7
1345040372500000000,2012-08-15T09:19:32.500000000,2353.7,2353.7,2353.7
1345040373000000000,2012-08-15T09:19:33.000000000,2353.7,2353.7,2353.7
1345040373500000000,2012-08-15T09:19:33.500000000,2353.7,2353.7,2353.7
1345040374000000000,2012-08-15T09:19:34.000000000,2353.7,2353.7,2353.7
1345040374500000000,2012-08-15T09:19:34.500000000,2353.7,2353.7,2353.7
1345040375000000000,2012-08-15T09:19:35.000000000,2353.7,2353.7,2353.7
1345040375500000000,2012-08-15T09:19:35.500000000,2353.7,2353.7,2353.7
1345040376000000000,2012-08-15T09:19:36.000000000,2353.7,2353.7,2353.7
1345040376500000000,2012-08-15T09:19:36.500000000,2353.7,2353.7,2353.7
1345040377500000000,2012-08-15T09:19:37.500000000,2353.7,2353.7,2353.7
1345040378000000000,2012-08-15T09:19:38.000000000,2353.7,2353.7,2353.7
1345040378500000000,2012-08-15T09:19:38.500000000,2353.7,2353.7,2353.7
1345040379500000000,2012-08-15T09:19:39.500000000,2353.7,2353.7,2353.7
1345040380000000000,2012-08-15T09:19:40.000000000,2353.7,2353.7,2353.7
1345040380500000000,2012-08-15T09:19:40.500000000,2353.7,2353.7,2353.7
1345040382000000000,2012-08-15T09:19:42.000000000,2353.7,2353.7,2353.7
1345040382500000000,2012-08-15T09:19:42.500000000,2353.7,2353.7,2353.7
1345040383000000000,2012-08-15T09:19:43.000000000,2353.7,2353.7,2353.7
1345040383500000000,2012-08-15T09:19:43.500000000,2353.7,2353.7,2353.7
1345040384000000000,2012-08-15T09:19:44.000000000,2353.7,2353.7,2353.7
1345040384500000000,2012-08-15T09:19:44.500000000,2353.7,2353.7,2353.7
1345040385000000000,2012-08-15T09:19:45.000000000,2353.7,2353.7,2353.6
1345040385500000000,2012-08-15T09:19:45.500000000,2353.7,2353.6,2353.6
1345040386000000000,2012-08-15T09:19:46.000000000,2353.6,2353.6,2353.7
1345040386500000000,2012-08-15T09:19:46.500000000,2353.6,2353.7,2353.7
1345040387500000000,2012-08-15T09:19:47.500000000,2353.7,2353.6,2353.6
1345040388000000000,2012-08-15T09:19:48.000000000,2353.6,2353.6,2353.6
1345040388500000000,2012-08-15T09:19:48.500000000,2353.6,2353.6,2353.6
1345040389000000000,2012-08-15T09:19:49.000000000,2353.6,2353.6,2353.5
1345040389500000000,2012-08-15T09:19:49.500000000,2353.6,2353.5,2353.7
1345040390000000000,2012-08-15T09:19:50.000000000,2353.5,2353.7,2353.9
1345040390500000000,2012-08-15T09:19:50.500000000,2353.7,2353.9,2354.1
1345040391000000000,2012-08-15T09:19:51.000000000,2353.9,2354.1,2354.1
1345040391500000000,2012-08-15T09:19:51.500000000,2354.1,2354.1,2354.3
1345040392000000000,2012-08-15T09:19:52.000000000,2354.1,2354.3,2354.3
1345040392500000000,2012-08-15T09:19:52.500000000,2354.3,2354.3,2354
1345040393000000000,2012-08-15T09:19:53.000000000,2354.3,2354,2354
1345040393500000000,2012-08-15T09:19:53.500000000,2354,2354,2353.9
1345040394000000000,2012-08-15T09:19:54.000000000,2354,2353.9,2353.9
1345040394500000000,2012-08-15T09:19:54.500000000,2353.9,2353.9,2353.9
1345040395000000000,2012-08-15T09:19:55.000000000,2353.9,2353.9,2353.9
1345040395500000000,2012-08-15T09:19:55.500000000,2353.9,2353.9,2353.9
1345040396000000000,2012-08-15T09:19:56.000000000,2353.9,2353.9,2353.9
1345040396500000000,2012-08-15T09:19:56.500000000,2353.9,2353.9,2353.9
1345040397000000000,2012-08-15T09:19:57.000000000,2353.9,2353.9,2354.1
1345040397500000000,2012-08-15T09:19:57.500000000,2353.9,2354.1,2353.9
1345040398000000000,2012-08-15T09:19:58.000000000,2354.1,2353.9,2353.7
1345040398500000000,2012-08-15T09:19:58.500000000,2353.9,2353.7,2353.7
1345040399000000000,2012-08-15T09:19:59.000000000,2353.7,2353.7,2353.8
1345040399500000000,2012-08-15T09:19:59.500000000,2353.7,2353.8,2354.1
1345040400000000000,2012-08-15T09:20:00.000000000,2353.8,2354.1,2353.8
1345040400500000000,2012-08-15T09:20:00.500000000,2354.1,2353.8,2354.1
1345040401000000000,2012-08-15T09:20:01.000000000,2353.8,2354.1,2353.8
1345040401500000000,2012-08-15T09:20:01.500000000,2354.1,2353.8,2354
1345040402000000000,2012-08-15T09:20:02.000000000,2353.8,2354,2354
1345040402500000000,2012-08-15T09:20:02.500000000,2354,2354,2353.8
1345040403000000000,2012-08-15T09:20:03.000000000,2354,2353.8,2353.9
1345040403500000000,2012-08-15T09:20:03.500000000,2353.8,2353.9,2353.9
1345040404000000000,2012-08-15T09:20:04.000000000,2353.9,2353.9,2353.9
1345040404500000000,2012-08-15T09:20:04.500000000,2353.9,2353.9,2353.9
1345040405000000000,2012-08-15T09:20:05.000000000,2353.9,2353.9,2353.9
1345040405500000000,2012-08-15T09:20:05.500000000,2353.9,2353.9,2353.9
1345040406000000000,2012-08-15T09:20:06.000000000,2353.9,2353.9,2354.1
1345040406500000000,2012-08-15T09:20:06.500000000,2353.9,2354.1,2354.1
1345040408500000000,2012-08-15T09:20:08.500000000,2354.1,2354.1,2354.1
1345040409000000000,2012-08-15T09:20:09.000000000,2354.1,2354.1,2354.1
1345040409500000000,2012-08-15T09:20:09.500000000,2354.1,2354.1,2354.1
1345040410500000000,2012-08-15T09:20:10.500000000,2354.1,2354.1,2354.1
1345040411000000000,2012-08-15T09:20:11.000000000,2354.1,2354.1,2354.1
1345040411500000000,2012-08-15T09:20:11.500000000,2354.1,2354.1,2353.9
1345040412000000000,2012-08-15T09:20:12.000000000,2354.1,2353.9,2353.7
1345040412500000000,2012-08-15T09:20:12.500000000,2353.9,2353.7,2353.7
1345040413000000000,2012-08-15T09:20:13.000000000,2353.7,2353.7,2353.9
1345040413500000000,2012-08-15T09:20:13.500000000,2353.7,2353.9,2353.9
1345040414000000000,2012-08-15T09:20:14.000000000,2353.9,2353.9,2354
1345040414500000000,2012-08-15T09:20:14.500000000,2353.9,2354,2354
1345040416000000000,2012-08-15T09:20:16.000000000,2354,2354.1,2353.9
1345040416500000000,2012-08-15T09:20:16.500000000,2354.1,2353.9,2353.9
1345040418000000000,2012-08-15T09:20:18.000000000,2353.9,2353.9,2353.9
1345040418500000000,2012-08-15T09:20:18.500000000,2353.9,2353.9,2353.9
1345040419500000000,2012-08-15T09:20:19.500000000,2353.9,2353.9,2353.9
1345040420000000000,2012-08-15T09:20:20.000000000,2353.9,2353.9,2353.9
1345040420500000000,2012-08-15T09:20:20.500000000,2353.9,2353.9,2353.9
1345040421000000000,2012-08-15T09:20:21.000000000,2353.9,2353.9,2353.9
1345040421500000000,2012-08-15T09:20:21.500000000,2353.9,2353.9,2353.9
1345040423000000000,2012-08-15T09:20:23.000000000,2353.9,2353.9,2353.9
1345040423500000000,2012-08-15T09:20:23.500000000,2353.9,2353.9,2353.9
1345040424000000000,2012-08-15T09:20:24.000000000,2353.9,2353.9,2353.9
1345040424500000000,2012-08-15T09:20:24.500000000,2353.9,2353.9,2353.9
1345040425000000000,2012-08-15T09:20:25.000000000,2353.9,2353.9,2353.9
1345040425500000000,2012-08-15T09:20:25.500000000,2353.9,2353.9,2353.9
1345040427500000000,2012-08-15T09:20:27.500000000,2353.9,2353.9,2353.9
1345040428000000000,2012-08-15T09:20:28.000000000,2353.9,2353.9,2354.1
1345040428500000000,2012-08-15T09:20:28.500000000,2353.9,2354.1,2354.1
1345040429000000000,2012-08-15T09:20:29.000000000,2354.1,2354.1,2354.1
1345040429500000000,2012-08-15T09:20:29.500000000,2354.1,2354.1,2354.1
1345040430000000000,2012-08-15T09:20:30.000000000,2354.1,2354.1,2354.3
1345040430500000000,2012-08-15T09:20:30.500000000,2354.1,2354.3,2354.3
1345040431500000000,2012-08-15T09:20:31.500000000,2354.3,2354.3,2354.1
1345040432000000000,2012-08-15T09:20:32.000000000,2354.3,2354.1,2354.1
1345040432500000000,2012-08-15T09:20:32.500000000,2354.1,2354.1,2354.1
1345040433500000000,2012-08-15T09:20:33.500000000,2354.1,2354.5,2354.5
1345040434000000000,2012-08-15T09:20:34.000000000,2354.5,2354.5,2354.5
1345040434500000000,2012-08-15T09:20:34.500000000,2354.5,2354.5,2354.5
1345040436500000000,2012-08-15T09:20:36.500000000,2354.5,2354.3,2354.3
1345040437000000000,2012-08-15T09:20:37.000000000,2354.3,2354.3,2354.5
1345040437500000000,2012-08-15T09:20:37.500000000,2354.3,2354.5,2354.5
1345040438000000000,2012-08-15T09:20:38.000000000,2354.5,2354.5,2354.5
1345040438500000000,2012-08-15T09:20:38.500000000,2354.5,2354.5,2354.5
1345040439000000000,2012-08-15T09:20:39.000000000,2354.5,2354.5,2354.5
1345040439500000000,2012-08-15T09:20:39.500000000,2354.5,2354.5,2354.5
1345040440000000000,2012-08-15T09:20:40.000000000,2354.5,2354.5,2354.3
1345040440500000000,2012-08-15T09:20:40.500000000,2354.5,2354.3,2354.3
1345040441000000000,2012-08-15T09:20:41.000000000,2354.3,2354.3,2354.4
1345040441500000000,2012-08-15T09:20:41.500000000,2354.3,2354.4,2354.3
1345040442000000000,2012-08-15T09:20:42.000000000,2354.4,2354.3,2354.3
1345040442500000000,2012-08-15T09:20:42.500000000,2354.3,2354.3,2354.3
1345040443000000000,2012-08-15T09:20:43.000000000,2354.3,2354.3,2354.5
1345040443500000000,2012-08-15T09:20:43.500000000,2354.3,2354.5,2354.5
1345040444000000000,2012-08-15T09:20:44.000000000,2354.5,2354.5,2354.5
1345040444500000000,2012-08-15T09:20:44.500000000,2354.5,2354.5,2354.5
1345040445000000000,2012-08-15T09:20:45.000000000,2354.5,2354.5,2354.5
1345040445500000000,2012-08-15T09:20:45.500000000,2354.5,2354.5,2354.5
1345040446500000000,2012-08-15T09:20:46.500000000,2354.5,2354.5,2354.5
1345040447000000000,2012-08-15T09:20:47.000000000,2354.5,2354.5,2354.7
1345040447500000000,2012-08-15T09:20:47.500000000,2354.5,2354.7,2354.7
1345040448000000000,2012-08-15T09:20:48.000000000,2354.7,2354.7,2354.7
1345040448500000000,2012-08-15T09:20:48.500000000,2354.7,2354.7,2354.7
1345040449000000000,2012-08-15T09:20:49.000000000,2354.7,2354.7,2354.7
1345040449500000000,2012-08-15T09:20:49.500000000,2354.7,2354.7,2354.7
1345040450000000000,2012-08-15T09:20:50.000000000,2354.7,2354.7,2354.7
1345040450500000000,2012-08-15T09:20:50.500000000,2354.7,2354.7,2354.7
1345040451000000000,2012-08-15T09:20:51.000000000,2354.7,2354.7,2354.7
1345040451500000000,2012-08-15T09:20:51.500000000,2354.7,2354.7,2354.7
1345040452000000000,2012-08-15T09:20:52.000000000,2354.7,2354.7,2354.7
1345040452500000000,2012-08-15T09:20:52.500000000,2354.7,2354.7,2354.7
1345040453000000000,2012-08-15T09:20:53.000000000,2354.7,2354.7,2354.7
1345040453500000000,2012-08-15T09:20:53.500000000,2354.7,2354.7,2354.7
1345040454000000000,2012-08-15T09:20:54.000000000,2354.7,2354.7,2354.7
1345040454500000000,2012-08-15T09:20:54.500000000,2354.7,2354.7,2354.7
1345040455000000000,2012-08-15T09:20:55.000000000,2354.7,2354.7,2354.7
1345040455500000000,2012-08-15T09:20:55.500000000,2354.7,2354.7,2354.7
1345040456000000000,2012-08-15T09:20:56.000000000,2354.7,2354.7,2354.7
1345040456500000000,2012-08-15T09:20:56.500000000,2354.7,2354.7,2354.7
1345040457000000000,2012-08-15T09:20:57.000000000,2354.7,2354.7,2354.7
1345040457500000000,2012-08-15T09:20:57.500000000,2354.7,2354.7,2354.7
1345040458500000000,2012-08-15T09:20:58.500000000,2354.7,2354.9,2354.9
1345040459000000000,2012-08-15T09:20:59.000000000,2354.9,2354.9,2354.9
1345040459500000000,2012-08-15T09:20:59.500000000,2354.9,2354.9,2354.9
1345040460000000000,2012-08-15T09:21:00.000000000,2354.9,2354.9,2354.9
1345040460500000000,2012-08-15T09:21:00.500000000,2354.9,2354.9,2354.9
1345040461000000000,2012-08-15T09:21:01.000000000,2354.9,2354.9,2354.9
1345040461500000000,2012-08-15T09:21:01.500000000,2354.9,2354.9,2354.9
1345040462000000000,2012-08-15T09:21:02.000000000,2354.9,2354.9,2354.9
1345040462500000000,2012-08-15T09:21:02.500000000,2354.9,2354.9,2354.9
1345040463000000000,2012-08-15T09:21:03.000000000,2354.9,2354.9,2354.9
1345040463500000000,2012-08-15T09:21:03.500000000,2354.9,2354.9,2354.9
1345040464000000000,2012-08-15T09:21:04.000000000,2354.9,2354.9,2354.9
1345040464500000000,2012-08-15T09:21:04.500000000,2354.9,2354.9,2354.9
1345040465000000000,2012-08-15T09:21:05.000000000,2354.9,2354.9,2354.9
1345040465500000000,2012-08-15T09:21:05.500000000,2354.9,2354.9,2355
1345040466000000000,2012-08-15T09:21:06.000000000,2354.9,2355,2355
1345040466500000000,2012-08-15T09:21:06.500000000,2355,2355,2354.9
1345040467000000000,2012-08-15T09:21:07.000000000,2355,2354.9,2354.9
1345040467500000000,2012-08-15T09:21:07.500000000,2354.9,2354.9,2355
1345040468000000000,2012-08-15T09:21:08.000000000,2354.9,2355,2354.9
1345040468500000000,2012-08-15T09:21:08.500000000,2355,2354.9,2354.9
1345040469000000000,2012-08-15T09:21:09.000000000,2354.9,2354.9,2355.1
1345040469500000000,2012-08-15T09:21:09.500000000,2354.9,2355.1,2355.1
1345040470000000000,2012-08-15T09:21:10.000000000,2355.1,2355.1,2355.1
1345040470500000000,2012-08-15T09:21:10.500000000,2355.1,2355.1,2355.1
1345040471000000000,2012-08-15T09:21:11.000000000,2355.1,2355.1,2354.9
1345040471500000000,2012-08-15T09:21:11.500000000,2355.1,2354.9,2354.9
1345040472000000000,2012-08-15T09:21:12.000000000,2354.9,2354.9,2354.9
1345040472500000000,2012-08-15T09:21:12.500000000,2354.9,2354.9,2354.9
1345040473000000000,2012-08-15T09:21:13.000000000,2354.9,2354.9,2354.9
1345040473500000000,2012-08-15T09:21:13.500000000,2354.9,2354.9,2354.9
1345040476500000000,2012-08-15T09:21:16.500000000,2354.9,2354.8,2354.8
1345040477000000000,2012-08-15T09:21:17.000000000,2354.8,2354.8,2354.7
1345040477500000000,2012-08-15T09:21:17.500000000,2354.8,2354.7,2354.8
1345040478000000000,2012-08-15T09:21:18.000000000,2354.7,2354.8,2354.7
1345040478500000000,2012-08-15T09:21:18.500000000,2354.8,2354.7,2354.7
1345040479000000000,2012-08-15T09:21:19.000000000,2354.7,2354.7,2354.9
1345040479500000000,2012-08-15T09:21:19.500000000,2354.7,2354.9,2354.9
1345040480000000000,2012-08-15T09:21:20.000000000,2354.9,2354.9,2354.9
1345040480500000000,2012-08-15T09:21:20.500000000,2354.9,2354.9,2354.9
1345040481000000000,2012-08-15T09:21:21.000000000,2354.9,2354.9,2354.9
1345040481500000000,2012-08-15T09:21:21.500000000,2354.9,2354.9,2354.9
1345040482000000000,2012-08-15T09:21:22.000000000,2354.9,2354.9,2354.9
1345040482500000000,2012-08-15T09:21:22.500000000,2354.9,2354.9,2354.9
1345040483000000000,2012-08-15T09:21:23.000000000,2354.9,2354.9,2354.9
1345040483500000000,2012-08-15T09:21:23.500000000,2354.9,2354.9,2354.9
1345040484000000000,2012-08-15T09:21:24.000000000,2354.9,2354.9,2354.9
1345040484500000000,2012-08-15T09:21:24.500000000,2354.9,2354.9,2354.9
1345040485500000000,2012-08-15T09:21:25.500000000,2354.9,2354.9,2354.9
1345040486000000000,2012-08-15T09:21:26.000000000,2354.9,2354.9,2354.9
1345040486500000000,2012-08-15T09:21:26.500000000,2354.9,2354.9,2354.9
1345040487000000000,2012-08-15T09:21:27.000000000,2354.9,2354.9,2354.9
1345040487500000000,2012-08-15T09:21:27.500000000,2354.9,2354.9,2354.9
1345040488500000000,2012-08-15T09:21:28.500000000,2354.9,2354.9,2354.9
1345040489000000000,2012-08-15T09:21:29.000000000,2354.9,2354.9,2354.9
1345040489500000000,2012-08-15T09:21:29.500000000,2354.9,2354.9,2354.9
1345040491000000000,2012-08-15T09:21:31.000000000,2354.9,2354.9,2354.9
1345040491500000000,2012-08-15T09:21:31.500000000,2354.9,2354.9,2354.9
1345040492500000000,2012-08-15T09:21:32.500000000,2354.9,2354.9,2354.9
1345040493500000000,2012-08-15T09:21:33.500000000,2354.9,2354.9,2354.9
1345040494000000000,2012-08-15T09:21:34.000000000,2354.9,2354.9,2354.9
1345040494500000000,2012-08-15T09:21:34.500000000,2354.9,2354.9,2354.9
1345040495500000000,2012-08-15T09:21:35.500000000,2354.9,2354.9,2354.9
1345040496000000000,2012-08-15T09:21:36.000000000,2354.9,2354.9,2354.9
1345040496500000000,2012-08-15T09:21:36.500000000,2354.9,2354.9,2354.8
1345040497000000000,2012-08-15T09:21:37.000000000,2354.9,2354.8,2354.9
1345040497500000000,2012-08-15T09:21:37.500000000,2354.8,2354.9,2354.9
1345040498500000000,2012-08-15T09:21:38.500000000,2354.9,2354.9,2354.9
1345040499000000000,2012-08-15T09:21:39.000000000,2354.9,2354.9,2354.7
1345040499500000000,2012-08-15T09:21:39.500000000,2354.9,2354.7,2354.9
1345040500000000000,2012-08-15T09:21:40.000000000,2354.7,2354.9,2354.8
1345040500500000000,2012-08-15T09:21:40.500000000,2354.9,2354.8,2355.1
1345040501000000000,2012-08-15T09:21:41.000000000,2354.8,2355.1,2355.1
1345040501500000000,2012-08-15T09:21:41.500000000,2355.1,2355.1,2355.1
1345040502500000000,2012-08-15T09:21:42.500000000,2355.1,2355.1,2355.1
1345040503000000000,2012-08-15T09:21:43.000000000,2355.1,2355.1,2355.1
1345040503500000000,2012-08-15T09:21:43.500000000,2355.1,2355.1,2355.1
1345040504000000000,2012-08-15T09:21:44.000000000,2355.1,2355.1,2355.1
1345040504500000000,2012-08-15T09:21:44.500000000,2355.1,2355.1,2354.9
1345040505000000000,2012-08-15T09:21:45.000000000,2355.1,2354.9,2355
1345040505500000000,2012-08-15T09:21:45.500000000,2354.9,2355,2355
1345040507000000000,2012-08-15T09:21:47.000000000,2355,2354.9,2355.1
1345040507500000000,2012-08-15T09:21:47.500000000,2354.9,2355.1,2355.1
1345040510000000000,2012-08-15T09:21:50.000000000,2355.1,2355.1,2355.1
1345040510500000000,2012-08-15T09:21:50.500000000,2355.1,2355.1,2355.1
1345040511000000000,2012-08-15T09:21:51.000000000,2355.1,2355.1,2355.1
1345040511500000000,2012-08-15T09:21:51.500000000,2355.1,2355.1,2355.1
1345040512000000000,2012-08-15T09:21:52.000000000,2355.1,2355.1,2355.1
1345040512500000000,2012-08-15T09:21:52.500000000,2355.1,2355.1,2355.1
1345040514000000000,2012-08-15T09:21:54.000000000,2355.1,2355.2,2355.2
1345040514500000000,2012-08-15T09:21:54.500000000,2355.2,2355.2,2355.2
1345040515000000000,2012-08-15T09:21:55.000000000,2355.2,2355.2,2355.2
1345040515500000000,2012-08-15T09:21:55.500000000,2355.2,2355.2,2355.2
1345040516000000000,2012-08-15T09:21:56.000000000,2355.2,2355.2,2355.3
1345040516500000000,2012-08-15T09:21:56.500000000,2355.2,2355.3,2355.3
1345040517500000000,2012-08-15T09:21:57.500000000,2355.3,2355.3,2355.5
1345040518000000000,2012-08-15T09:21:58.000000000,2355.3,2355.5,2355.4
1345040518500000000,2012-08-15T09:21:58.500000000,2355.5,2355.4,2355.3
1345040519000000000,2012-08-15T09:21:59.000000000,2355.4,2355.3,2355.3
1345040519500000000,2012-08-15T09:21:59.500000000,2355.3,2355.3,2355.3
1345040521500000000,2012-08-15T09:22:01.500000000,2355.3,2355.3,2355.1
1345040522000000000,2012-08-15T09:22:02.000000000,2355.3,2355.1,2355.1
1345040522500000000,2012-08-15T09:22:02.500000000,2355.1,2355.1,2355.1
1345040523000000000,2012-08-15T09:22:03.000000000,2355.1,2355.1,2355.1
1345040523500000000,2012-08-15T09:22:03.500000000,2355.1,2355.1,2355.5
1345040524000000000,2012-08-15T09:22:04.000000000,2355.1,2355.5,2355.2
1345040524500000000,2012-08-15T09:22:04.500000000,2355.5,2355.2,2355.3
1345040525000000000,2012-08-15T09:22:05.000000000,2355.2,2355.3,2355.3
1345040525500000000,2012-08-15T09:22:05.500000000,2355.3,2355.3,2355.3
1345040527000000000,2012-08-15T09:22:07.000000000,2355.3,2355.3,2355.1
1345040527500000000,2012-08-15T09:22:07.500000000,2355.3,2355.1,2355.1
1345040528500000000,2012-08-15T09:22:08.500000000,2355.1,2355.3,2355.2
1345040529000000000,2012-08-15T09:22:09.000000000,2355.3,2355.2,2355.2
1345040529500000000,2012-08-15T09:22:09.500000000,2355.2,2355.2,2355.2
1345040531500000000,2012-08-15T09:22:11.500000000,2355.2,2355.2,2355.2
1345040532500000000,2012-08-15T09:22:12.500000000,2355.2,2355.2,2355.2
1345040533000000000,2012-08-15T09:22:13.000000000,2355.2,2355.2,2355.2
1345040533500000000,2012-08-15T09:22:13.500000000,2355.2,2355.2,2355.1
1345040534000000000,2012-08-15T09:22:14.000000000,2355.2,2355.1,2355.2
1345040534500000000,2012-08-15T09:22:14.500000000,2355.1,2355.2,2355.2
1345040535000000000,2012-08-15T09:22:15.000000000,2355.2,2355.2,2355.2
1345040535500000000,2012-08-15T09:22:15.500000000,2355.2,2355.2,2355.2
1345040536000000000,2012-08-15T09:22:16.000000000,2355.2,2355.2,2355.2
1345040536500000000,2012-08-15T09:22:16.500000000,2355.2,2355.2,2355.2
1345040537000000000,2012-08-15T09:22:17.000000000,2355.2,2355.2,2355.2
1345040537500000000,2012-08-15T09:22:17.500000000,2355.2,2355.2,2355.2
1345040538000000000,2012-08-15T09:22:18.000000000,2355.2,2355.2,2355.1
1345040538500000000,2012-08-15T09:22:18.500000000,2355.2,2355.1,2355.1
1345040539000000000,2012-08-15T09:22:19.000000000,2355.1,2355.1,2355.1
1345040539500000000,2012-08-15T09:22:19.500000000,2355.1,2355.1,2355
1345040540000000000,2012-08-15T09:22:20.000000000,2355.1,2355,2355
1345040540500000000,2012-08-15T09:22:20.500000000,2355,2355,2355
1345040541500000000,2012-08-15T09:22:21.500000000,2355,2355,2355
1345040542500000000,2012-08-15T09:22:22.500000000,2355,2354.9,2354.9
1345040543000000000,2012-08-15T09:22:23.000000000,2354.9,2354.9,2354.9
1345040543500000000,2012-08-15T09:22:23.500000000,2354.9,2354.9,2354.9
1345040545000000000,2012-08-15T09:22:25.000000000,2354.9,2355.1,2355.1
1345040545500000000,2012-08-15T09:22:25.500000000,2355.1,2355.1,2355.1
1345040546000000000,2012-08-15T09:22:26.000000000,2355.1,2355.1,2355
1345040546500000000,2012-08-15T09:22:26.500000000,2355.1,2355,2354.7
1345040547000000000,2012-08-15T09:22:27.000000000,2355,2354.7,2354.7
1345040547500000000,2012-08-15T09:22:27.500000000,2354.7,2354.7,2354.8
1345040548000000000,2012-08-15T09:22:28.000000000,2354.7,2354.8,2354.8
1345040548500000000,2012-08-15T09:22:28.500000000,2354.8,2354.8,2354.8
1345040549000000000,2012-08-15T09:22:29.000000000,2354.8,2354.8,2354.7
1345040549500000000,2012-08-15T09:22:29.500000000,2354.8,2354.7,2354.7
1345040550000000000,2012-08-15T09:22:30.000000000,2354.7,2354.7,2354.7
1345040550500000000,2012-08-15T09:22:30.500000000,2354.7,2354.7,2354.7
1345040552000000000,2012-08-15T09:22:32.000000000,2354.7,2354.7,2354.8
1345040552500000000,2012-08-15T09:22:32.500000000,2354.7,2354.8,2354.8
1345040553000000000,2012-08-15T09:22:33.000000000,2354.8,2354.8,2354.7
1345040553500000000,2012-08-15T09:22:33.500000000,2354.8,2354.7,2354.7
1345040554000000000,2012-08-15T09:22:34.000000000,2354.7,2354.7,2354.8
1345040554500000000,2012-08-15T09:22:34.500000000,2354.7,2354.8,2354.8
1345040555000000000,2012-08-15T09:22:35.000000000,2354.8,2354.8,2354.9
1345040555500000000,2012-08-15T09:22:35.500000000,2354.8,2354.9,2354.8
1345040556000000000,2012-08-15T09:22:36.000000000,2354.9,2354.8,2354.7
1345040556500000000,2012-08-15T09:22:36.500000000,2354.8,2354.7,2354.7
1345040557000000000,2012-08-15T09:22:37.000000000,2354.7,2354.7,2354.9
1345040557500000000,2012-08-15T09:22:37.500000000,2354.7,2354.9,2354.7
1345040558000000000,2012-08-15T09:22:38.000000000,2354.9,2354.7,2354.7
1345040558500000000,2012-08-15T09:22:38.500000000,2354.7,2354.7,2354.7
1345040560000000000,2012-08-15T09:22:40.000000000,2354.7,2354.7,2354.7
1345040560500000000,2012-08-15T09:22:40.500000000,2354.7,2354.7,2354.7
1345040561500000000,2012-08-15T09:22:41.500000000,2354.7,2354.7,2354.7
1345040562000000000,2012-08-15T09:22:42.000000000,2354.7,2354.7,2354.7
1345040562500000000,2012-08-15T09:22:42.500000000,2354.7,2354.7,2354.7
1345040563000000000,2012-08-15T09:22:43.000000000,2354.7,2354.7,2354.7
1345040563500000000,2012-08-15T09:22:43.500000000,2354.7,2354.7,2354.7
1345040564500000000,2012-08-15T09:22:44.500000000,2354.7,2354.7,2354.7
1345040565000000000,2012-08-15T09:22:45.000000000,2354.7,2354.7,2354.7
1345040565500000000,2012-08-15T09:22:45.500000000,2354.7,2354.7,2354.7
1345040567000000000,2012-08-15T09:22:47.000000000,2354.7,2354.7,2354.7
1345040567500000000,2012-08-15T09:22:47.500000000,2354.7,2354.7,2354.9
1345040568000000000,2012-08-15T09:22:48.000000000,2354.7,2354.9,2354.9
1345040568500000000,2012-08-15T09:22:48.500000000,2354.9,2354.9,2354.9
1345040569000000000,2012-08-15T09:22:49.000000000,2354.9,2354.9,2354.9
1345040569500000000,2012-08-15T09:22:49.500000000,2354.9,2354.9,2354.9
1345040571500000000,2012-08-15T09:22:51.500000000,2354.9,2354.9,2354.9
1345040572500000000,2012-08-15T09:22:52.500000000,2354.9,2354.9,2354.9
1345040573000000000,2012-08-15T09:22:53.000000000,2354.9,2354.9,2354.9
1345040573500000000,2012-08-15T09:22:53.500000000,2354.9,2354.9,2354.9
1345040574000000000,2012-08-15T09:22:54.000000000,2354.9,2354.9,2354.9
1345040574500000000,2012-08-15T09:22:54.500000000,2354.9,2354.9,2354.9
1345040576500000000,2012-08-15T09:22:56.500000000,2354.9,2354.9,2354.9
1345040577000000000,2012-08-15T09:22:57.000000000,2354.9,2354.9,2354.9
1345040577500000000,2012-08-15T09:22:57.500000000,2354.9,2354.9,2354.9
1345040578000000000,2012-08-15T09:22:58.000000000,2354.9,2354.9,2354.9
1345040578500000000,2012-08-15T09:22:58.500000000,2354.9,2354.9,2354.9
1345040582500000000,2012-08-15T09:23:02.500000000,2354.9,2354.9,2354.9
1345040583000000000,2012-08-15T09:23:03.000000000,2354.9,2354.9,2355.1
1345040583500000000,2012-08-15T09:23:03.500000000,2354.9,2355.1,2355.1
1345040584000000000,2012-08-15T09:23:04.000000000,2355.1,2355.1,2355.3
1345040584500000000,2012-08-15T09:23:04.500000000,2355.1,2355.3,2355.2
1345040585000000000,2012-08-15T09:23:05.000000000,2355.3,2355.2,2355.2
1345040585500000000,2012-08-15T09:23:05.500000000,2355.2,2355.2,2355.1
1345040586000000000,2012-08-15T09:23:06.000000000,2355.2,2355.1,2355.2
1345040586500000000,2012-08-15T09:23:06.500000000,2355.1,2355.2,2355.2
1345040587000000000,2012-08-15T09:23:07.000000000,2355.2,2355.2,2355.3
1345040587500000000,2012-08-15T09:23:07.500000000,2355.2,2355.3,2355.3
1345040590000000000,2012-08-15T09:23:10.000000000,2355.3,2355.3,2355.3
1345040590500000000,2012-08-15T09:23:10.500000000,2355.3,2355.3,2355.3
1345040591000000000,2012-08-15T09:23:11.000000000,2355.3,2355.3,2355.1
1345040591500000000,2012-08-15T09:23:11.500000000,2355.3,2355.1,2355.1
1345040592000000000,2012-08-15T09:23:12.000000000,2355.1,2355.1,2355.1
1345040592500000000,2012-08-15T09:23:12.500000000,2355.1,2355.1,2355.3
1345040593000000000,2012-08-15T09:23:13.000000000,2355.1,2355.3,2355.3
1345040593500000000,2012-08-15T09:23:13.500000000,2355.3,2355.3,2355.3
1345040594000000000,2012-08-15T09:23:14.000000000,2355.3,2355.3,2355.3
1345040594500000000,2012-08-15T09:23:14.500000000,2355.3,2355.3,2355.3
1345040595000000000,2012-08-15T09:23:15.000000000,2355.3,2355.3,2355.3
1345040595500000000,2012-08-15T09:23:15.500000000,2355.3,2355.3,2355.3
1345040596000000000,2012-08-15T09:23:16.000000000,2355.3,2355.3,2355.3
1345040596500000000,2012-08-15T09:23:16.500000000,2355.3,2355.3,2355.3
1345040597500000000,2012-08-15T09:23:17.500000000,2355.3,2355.3,2355.3
1345040598000000000,2012-08-15T09:23:18.000000000,2355.3,2355.3,2355.4
1345040598500000000,2012-08-15T09:23:18.500000000,2355.3,2355.4,2355.4
1345040599000000000,2012-08-15T09:23:19.000000000,2355.4,2355.4,2355.4
1345040599500000000,2012-08-15T09:23:19.500000000,2355.4,2355.4,2355.4
1345040600000000000,2012-08-15T09:23:20.000000000,2355.4,2355.4,2355.3
1345040600500000000,2012-08-15T09:23:20.500000000,2355.4,2355.3,2355.3
1345040601500000000,2012-08-15T09:23:21.500000000,2355.3,2355.3,2355.3
1345040602000000000,2012-08-15T09:23:22.000000000,2355.3,2355.3,2355.4
1345040602500000000,2012-08-15T09:23:22.500000000,2355.3,2355.4,2355.5
1345040603000000000,2012-08-15T09:23:23.000000000,2355.4,2355.5,2355.3
1345040603500000000,2012-08-15T09:23:23.500000000,2355.5,2355.3,2355.3
1345040604000000000,2012-08-15T09:23:24.000000000,2355.3,2355.3,2355.3
1345040604500000000,2012-08-15T09:23:24.500000000,2355.3,2355.3,2355.3
1345040605000000000,2012-08-15T09:23:25.000000000,2355.3,2355.3,2355.4
1345040605500000000,2012-08-15T09:23:25.500000000,2355.3,2355.4,2355.4
1345040606000000000,2012-08-15T09:23:26.000000000,2355.4,2355.4,2355.4
1345040606500000000,2012-08-15T09:23:26.500000000,2355.4,2355.4,2355.4
1345040607500000000,2012-08-15T09:23:27.500000000,2355.4,2355.4,2355.4
1345040608000000000,2012-08-15T09:23:28.000000000,2355.4,2355.4,2355.5
1345040608500000000,2012-08-15T09:23:28.500000000,2355.4,2355.5,2355.5
1345040609500000000,2012-08-15T09:23:29.500000000,2355.5,2355.4,2355.4
1345040610000000000,2012-08-15T09:23:30.000000000,2355.4,2355.4,2355.4
1345040610500000000,2012-08-15T09:23:30.500000000,2355.4,2355.4,2355.4
1345040612000000000,2012-08-15T09:23:32.000000000,2355.4,2355.5,2355.4
1345040612500000000,2012-08-15T09:23:32.500000000,2355.5,2355.4,2355.4
1345040615500000000,2012-08-15T09:23:35.500000000,2355.4,2355.4,2355.4
1345040616000000000,2012-08-15T09:23:36.000000000,2355.4,2355.4,2355.4
1345040616500000000,2012-08-15T09:23:36.500000000,2355.4,2355.4,2355.3
1345040617000000000,2012-08-15T09:23:37.000000000,2355.4,2355.3,2355.3
1345040617500000000,2012-08-15T09:23:37.500000000,2355.3,2355.3,2355.3
1345040618000000000,2012-08-15T09:23:38.000000000,2355.3,2355.3,2355.3
1345040618500000000,2012-08-15T09:23:38.500000000,2355.3,2355.3,2355.3
1345040619000000000,2012-08-15T09:23:39.000000000,2355.3,2355.3,2355.3
1345040619500000000,2012-08-15T09:23:39.500000000,2355.3,2355.3,2355.3
1345040620500000000,2012-08-15T09:23:40.500000000,2355.3,2355.3,2355.3
1345040621000000000,2012-08-15T09:23:41.000000000,2355.3,2355.3,2355.3
1345040621500000000,2012-08-15T09:23:41.500000000,2355.3,2355.3,2355.3
1345040622000000000,2012-08-15T09:23:42.000000000,2355.3,2355.3,2355.1
1345040622500000000,2012-08-15T09:23:42.500000000,2355.3,2355.1,2355.1
1345040624000000000,2012-08-15T09:23:44.000000000,2355.1,2355.1,2355.1
1345040624500000000,2012-08-15T09:23:44.500000000,2355.1,2355.1,2355.1
1345040625500000000,2012-08-15T09:23:45.500000000,2355.1,2355.1,2355.1
1345040626000000000,2012-08-15T09:23:46.000000000,2355.1,2355.1,2355.1
1345040626500000000,2012-08-15T09:23:46.500000000,2355.1,2355.1,2355.1
1345040627000000000,2012-08-15T09:23:47.000000000,2355.1,2355.1,2355.1
1345040627500000000,2012-08-15T09:23:47.500000000,2355.1,2355.1,2355.1
1345040631000000000,2012-08-15T09:23:51.000000000,2355.1,2355.1,2355.1
1345040631500000000,2012-08-15T09:23:51.500000000,2355.1,2355.1,2355.1
1345040632500000000,2012-08-15T09:23:52.500000000,2355.1,2355.1,2355.1
1345040633000000000,2012-08-15T09:23:53.000000000,2355.1,2355.1,2355
1345040633500000000,2012-08-15T09:23:53.500000000,2355.1,2355,2354.9
1345040634000000000,2012-08-15T09:23:54.000000000,2355,2354.9,2354.9
1345040634500000000,2012-08-15T09:23:54.500000000,2354.9,2354.9,2354.9
1345040636000000000,2012-08-15T09:23:56.000000000,2354.9,2354.9,2354.9
1345040636500000000,2012-08-15T09:23:56.500000000,2354.9,2354.9,2354.9
1345040637500000000,2012-08-15T09:23:57.500000000,2354.9,2354.9,2354.9
1345040638500000000,2012-08-15T09:23:58.500000000,2354.9,2354.9,2354.9
1345040639000000000,2012-08-15T09:23:59.000000000,2354.9,2354.9,2354.9
1345040639500000000,2012-08-15T09:23:59.500000000,2354.9,2354.9,2354.9
1345040640000000000,2012-08-15T09:24:00.000000000,2354.9,2354.9,2354.9
1345040640500000000,2012-08-15T09:24:00.500000000,2354.9,2354.9,2354.9
1345040641500000000,2012-08-15T09:24:01.500000000,2354.9,2354.9,2354.9
1345040643000000000,2012-08-15T09:24:03.000000000,2354.9,2354.9,2354.7
1345040643500000000,2012-08-15T09:24:03.500000000,2354.9,2354.7,2354.7
1345040644000000000,2012-08-15T09:24:04.000000000,2354.7,2354.7,2354.7
1345040644500000000,2012-08-15T09:24:04.500000000,2354.7,2354.7,2354.7
1345040645000000000,2012-08-15T09:24:05.000000000,2354.7,2354.7,2354.7
1345040645500000000,2012-08-15T09:24:05.500000000,2354.7,2354.7,2354.7
1345040646000000000,2012-08-15T09:24:06.000000000,2354.7,2354.7,2354.7
1345040646500000000,2012-08-15T09:24:06.500000000,2354.7,2354.7,2354.7
1345040647500000000,2012-08-15T09:24:07.500000000,2354.7,2354.7,2354.7
1345040648000000000,2012-08-15T09:24:08.000000000,2354.7,2354.7,2354.7
1345040648500000000,2012-08-15T09:24:08.500000000,2354.7,2354.7,2354.7
1345040649000000000,2012-08-15T09:24:09.000000000,2354.7,2354.7,2354.7
1345040649500000000,2012-08-15T09:24:09.500000000,2354.7,2354.7,2354.7
1345040650500000000,2012-08-15T09:24:10.500000000,2354.7,2354.7,2354.7
1345040651000000000,2012-08-15T09:24:11.000000000,2354.7,2354.7,2354.7
1345040651500000000,2012-08-15T09:24:11.500000000,2354.7,2354.7,2354.7
1345040652000000000,2012-08-15T09:24:12.000000000,2354.7,2354.7,2354.7
1345040652500000000,2012-08-15T09:24:12.500000000,2354.7,2354.7,2354.7
1345040653000000000,2012-08-15T09:24:13.000000000,2354.7,2354.7,2354.7
1345040653500000000,2012-08-15T09:24:13.500000000,2354.7,2354.7,2354.7
1345040654000000000,2012-08-15T09:24:14.000000000,2354.7,2354.7,2354.7
1345040654500000000,2012-08-15T09:24:14.500000000,2354.7,2354.7,2354.7
1345040657000000000,2012-08-15T09:24:17.000000000,2354.7,2354.7,2354.7
1345040657500000000,2012-08-15T09:24:17.500000000,2354.7,2354.7,2354.7
1345040658000000000,2012-08-15T09:24:18.000000000,2354.7,2354.7,2354.7
1345040658500000000,2012-08-15T09:24:18.500000000,2354.7,2354.7,2354.7
1345040659500000000,2012-08-15T09:24:19.500000000,2354.7,2354.6,2354.6
1345040660000000000,2012-08-15T09:24:20.000000000,2354.6,2354.6,2354.9
1345040660500000000,2012-08-15T09:24:20.500000000,2354.6,2354.9,2354.9
1345040661000000000,2012-08-15T09:24:21.000000000,2354.9,2354.9,2354.6
1345040661500000000,2012-08-15T09:24:21.500000000,2354.9,2354.6,2354.6
1345040662000000000,2012-08-15T09:24:22.000000000,2354.6,2354.6,2354.6
1345040662500000000,2012-08-15T09:24:22.500000000,2354.6,2354.6,2354.6
1345040663000000000,2012-08-15T09:24:23.000000000,2354.6,2354.6,2354.7
1345040663500000000,2012-08-15T09:24:23.500000000,2354.6,2354.7,2354.7
1345040664000000000,2012-08-15T09:24:24.000000000,2354.7,2354.7,2354.7
1345040664500000000,2012-08-15T09:24:24.500000000,2354.7,2354.7,2354.7
1345040666000000000,2012-08-15T09:24:26.000000000,2354.7,2354.7,2354.7
1345040666500000000,2012-08-15T09:24:26.500000000,2354.7,2354.7,2354.8
1345040667000000000,2012-08-15T09:24:27.000000000,2354.7,2354.8,2354.8
1345040667500000000,2012-08-15T09:24:27.500000000,2354.8,2354.8,2354.7
1345040668000000000,2012-08-15T09:24:28.000000000,2354.8,2354.7,2354.8
1345040668500000000,2012-08-15T09:24:28.500000000,2354.7,2354.8,2354.9
1345040669000000000,2012-08-15T09:24:29.000000000,2354.8,2354.9,2354.8
1345040669500000000,2012-08-15T09:24:29.500000000,2354.9,2354.8,2354.8
1345040670000000000,2012-08-15T09:24:30.000000000,2354.8,2354.8,2354.8
1345040670500000000,2012-08-15T09:24:30.500000000,2354.8,2354.8,2354.8
1345040671000000000,2012-08-15T09:24:31.000000000,2354.8,2354.8,2354.7
1345040671500000000,2012-08-15T09:24:31.500000000,2354.8,2354.7,2354.7
1345040674000000000,2012-08-15T09:24:34.000000000,2354.7,2354.7,2354.7
1345040674500000000,2012-08-15T09:24:34.500000000,2354.7,2354.7,2354.7
1345040676500000000,2012-08-15T09:24:36.500000000,2354.7,2354.7,2354.7
1345040677500000000,2012-08-15T09:24:37.500000000,2354.7,2354.7,2354.7
1345040678000000000,2012-08-15T09:24:38.000000000,2354.7,2354.7,2354.7
1345040678500000000,2012-08-15T09:24:38.500000000,2354.7,2354.7,2354.7
1345040679000000000,2012-08-15T09:24:39.000000000,2354.7,2354.7,2354.7
1345040679500000000,2012-08-15T09:24:39.500000000,2354.7,2354.7,2354.7
1345040681000000000,2012-08-15T09:24:41.000000000,2354.7,2354.9,2354.9
1345040681500000000,2012-08-15T09:24:41.500000000,2354.9,2354.9,2354.9
1345040682500000000,2012-08-15T09:24:42.500000000,2354.9,2354.9,2354.9
1345040683000000000,2012-08-15T09:24:43.000000000,2354.9,2354.9,2354.8
1345040683500000000,2012-08-15T09:24:43.500000000,2354.9,2354.8,2354.8
1345040684500000000,2012-08-15T09:24:44.500000000,2354.8,2354.8,2354.7
1345040685000000000,2012-08-15T09:24:45.000000000,2354.8,2354.7,2354.7
1345040685500000000,2012-08-15T09:24:45.500000000,2354.7,2354.7,2354.9
1345040686000000000,2012-08-15T09:24:46.000000000,2354.7,2354.9,2354.9
1345040686500000000,2012-08-15T09:24:46.500000000,2354.9,2354.9,2354.9
1345040690000000000,2012-08-15T09:24:50.000000000,2354.9,2354.9,2354.9
1345040690500000000,2012-08-15T09:24:50.500000000,2354.9,2354.9,2354.9
1345040691000000000,2012-08-15T09:24:51.000000000,2354.9,2354.9,2354.9
1345040691500000000,2012-08-15T09:24:51.500000000,2354.9,2354.9,2354.9
1345040693000000000,2012-08-15T09:24:53.000000000,2354.9,2354.9,2354.9
1345040693500000000,2012-08-15T09:24:53.500000000,2354.9,2354.9,2354.9
1345040694500000000,2012-08-15T09:24:54.500000000,2354.9,2354.9,2354.9
1345040695000000000,2012-08-15T09:24:55.000000000,2354.9,2354.9,2354.9
1345040695500000000,2012-08-15T09:24:55.500000000,2354.9,2354.9,2355.1
1345040696000000000,2012-08-15T09:24:56.000000000,2354.9,2355.1,2355.1
1345040696500000000,2012-08-15T09:24:56.500000000,2355.1,2355.1,2355.1
1345040697500000000,2012-08-15T09:24:57.500000000,2355.1,2355.2,2355.2
1345040698000000000,2012-08-15T09:24:58.000000000,2355.2,2355.2,2355.2
1345040698500000000,2012-08-15T09:24:58.500000000,2355.2,2355.2,2355.2
1345040700000000000,2012-08-15T09:25:00.000000000,2355.2,2355.2,2355.2
1345040700500000000,2012-08-15T09:25:00.500000000,2355.2,2355.2,2355.2
1345040701000000000,2012-08-15T09:25:01.000000000,2355.2,2355.2,2355.2
1345040701500000000,2012-08-15T09:25:01.500000000,2355.2,2355.2,2355.2
1345040702500000000,2012-08-15T09:25:02.500000000,2355.2,2354.9,2354.9
1345040703000000000,2012-08-15T09:25:03.000000000,2354.9,2354.9,2354.9
1345040703500000000,2012-08-15T09:25:03.500000000,2354.9,2354.9,2355
1345040704000000000,2012-08-15T09:25:04.000000000,2354.9,2355,2355
1345040704500000000,2012-08-15T09:25:04.500000000,2355,2355,2355
1345040705500000000,2012-08-15T09:25:05.500000000,2355,2355,2355
1345040706000000000,2012-08-15T09:25:06.000000000,2355,2355,2355
1345040706500000000,2012-08-15T09:25:06.500000000,2355,2355,2355
1345040708000000000,2012-08-15T09:25:08.000000000,2355,2354.9,2354.9
1345040708500000000,2012-08-15T09:25:08.500000000,2354.9,2354.9,2354.9
1345040711000000000,2012-08-15T09:25:11.000000000,2354.9,2354.9,2354.9
1345040711500000000,2012-08-15T09:25:11.500000000,2354.9,2354.9,2354.9
1345040712500000000,2012-08-15T09:25:12.500000000,2354.9,2354.9,2355.1
1345040713000000000,2012-08-15T09:25:13.000000000,2354.9,2355.1,2355.1
1345040713500000000,2012-08-15T09:25:13.500000000,2355.1,2355.1,2355.1
1345040714000000000,2012-08-15T09:25:14.000000000,2355.1,2355.1,2355
1345040714500000000,2012-08-15T09:25:14.500000000,2355.1,2355,2355
1345040715000000000,2012-08-15T09:25:15.000000000,2355,2355,2354.9
1345040715500000000,2012-08-15T09:25:15.500000000,2355,2354.9,2354.9
1345040716000000000,2012-08-15T09:25:16.000000000,2354.9,2354.9,2354.9
1345040716500000000,2012-08-15T09:25:16.500000000,2354.9,2354.9,2354.9
1345040717000000000,2012-08-15T09:25:17.000000000,2354.9,2354.9,2354.9
1345040717500000000,2012-08-15T09:25:17.500000000,2354.9,2354.9,2354.9
1345040721000000000,2012-08-15T09:25:21.000000000,2354.9,2354.9,2354.9
1345040721500000000,2012-08-15T09:25:21.500000000,2354.9,2354.9,2354.9
1345040722000000000,2012-08-15T09:25:22.000000000,2354.9,2354.9,2354.9
1345040722500000000,2012-08-15T09:25:22.500000000,2354.9,2354.9,2354.9
1345040724000000000,2012-08-15T09:25:24.000000000,2354.9,2354.9,2354.9
1345040724500000000,2012-08-15T09:25:24.500000000,2354.9,2354.9,2354.9
1345040725000000000,2012-08-15T09:25:25.000000000,2354.9,2354.9,2354.7
1345040725500000000,2012-08-15T09:25:25.500000000,2354.9,2354.7,2354.7
1345040726000000000,2012-08-15T09:25:26.000000000,2354.7,2354.7,2354.7
1345040726500000000,2012-08-15T09:25:26.500000000,2354.7,2354.7,2354.7
1345040729000000000,2012-08-15T09:25:29.000000000,2354.7,2354.7,2354.7
1345040729500000000,2012-08-15T09:25:29.500000000,2354.7,2354.7,2354.7
1345040730000000000,2012-08-15T09:25:30.000000000,2354.7,2354.7,2354.7
1345040730500000000,2012-08-15T09:25:30.500000000,2354.7,2354.7,2354.7
1345040731000000000,2012-08-15T09:25:31.000000000,2354.7,2354.7,2354.7
1345040731500000000,2012-08-15T09:25:31.500000000,2354.7,2354.7,2354.7
1345040735000000000,2012-08-15T09:25:35.000000000,2354.7,2354.7,2354.7
1345040735500000000,2012-08-15T09:25:35.500000000,2354.7,2354.7,2354.7
1345040736000000000,2012-08-15T09:25:36.000000000,2354.7,2354.7,2354.7
1345040736500000000,2012-08-15T09:25:36.500000000,2354.7,2354.7,2354.7
1345040738500000000,2012-08-15T09:25:38.500000000,2354.7,2354.5,2354.5
1345040739000000000,2012-08-15T09:25:39.000000000,2354.5,2354.5,2354.5
1345040739500000000,2012-08-15T09:25:39.500000000,2354.5,2354.5,2354.5
1345040740000000000,2012-08-15T09:25:40.000000000,2354.5,2354.5,2354.5
1345040740500000000,2012-08-15T09:25:40.500000000,2354.5,2354.5,2354.5
1345040741000000000,2012-08-15T09:25:41.000000000,2354.5,2354.5,2354.5
1345040741500000000,2012-08-15T09:25:41.500000000,2354.5,2354.5,2354.5
1345040743500000000,2012-08-15T09:25:43.500000000,2354.5,2354.5,2354.5
1345040744000000000,2012-08-15T09:25:44.000000000,2354.5,2354.5,2354.5
1345040744500000000,2012-08-15T09:25:44.500000000,2354.5,2354.5,2354.5
1345040745000000000,2012-08-15T09:25:45.000000000,2354.5,2354.5,2354.5
1345040745500000000,2012-08-15T09:25:45.500000000,2354.5,2354.5,2354.4
1345040746000000000,2012-08-15T09:25:46.000000000,2354.5,2354.4,2354.3
1345040746500000000,2012-08-15T09:25:46.500000000,2354.4,2354.3,2354.3
1345040747000000000,2012-08-15T09:25:47.000000000,2354.3,2354.3,2354.3
1345040747500000000,2012-08-15T09:25:47.500000000,2354.3,2354.3,2354.3
1345040748000000000,2012-08-15T09:25:48.000000000,2354.3,2354.3,2354.3
1345040748500000000,2012-08-15T09:25:48.500000000,2354.3,2354.3,2354.2
1345040749000000000,2012-08-15T09:25:49.000000000,2354.3,2354.2,2354.1
1345040749500000000,2012-08-15T09:25:49.500000000,2354.2,2354.1,2354.1
1345040750000000000,2012-08-15T09:25:50.000000000,2354.1,2354.1,2354.1
1345040750500000000,2012-08-15T09:25:50.500000000,2354.1,2354.1,2354.1
1345040751000000000,2012-08-15T09:25:51.000000000,2354.1,2354.1,2354.1
1345040751500000000,2012-08-15T09:25:51.500000000,2354.1,2354.1,2354.1
1345040752000000000,2012-08-15T09:25:52.000000000,2354.1,2354.1,2353.9
1345040752500000000,2012-08-15T09:25:52.500000000,2354.1,2353.9,2353.9
1345040753000000000,2012-08-15T09:25:53.000000000,2353.9,2353.9,2353.9
1345040753500000000,2012-08-15T09:25:53.500000000,2353.9,2353.9,2353.9
1345040754000000000,2012-08-15T09:25:54.000000000,2353.9,2353.9,2353.9
1345040754500000000,2012-08-15T09:25:54.500000000,2353.9,2353.9,2353.7
1345040755000000000,2012-08-15T09:25:55.000000000,2353.9,2353.7,2353.8
1345040755500000000,2012-08-15T09:25:55.500000000,2353.7,2353.8,2353.8
1345040756000000000,2012-08-15T09:25:56.000000000,2353.8,2353.8,2353.9
1345040756500000000,2012-08-15T09:25:56.500000000,2353.8,2353.9,2353.5
1345040757000000000,2012-08-15T09:25:57.000000000,2353.9,2353.5,2353.7
1345040757500000000,2012-08-15T09:25:57.500000000,2353.5,2353.7,2353.9
1345040758000000000,2012-08-15T09:25:58.000000000,2353.7,2353.9,2353.9
1345040758500000000,2012-08-15T09:25:58.500000000,2353.9,2353.9,2353.7
1345040759000000000,2012-08-15T09:25:59.000000000,2353.9,2353.7,2353.9
1345040759500000000,2012-08-15T09:25:59.500000000,2353.7,2353.9,2353.7
1345040760000000000,2012-08-15T09:26:00.000000000,2353.9,2353.7,2353.5
1345040760500000000,2012-08-15T09:26:00.500000000,2353.7,2353.5,2353.5
1345040761000000000,2012-08-15T09:26:01.000000000,2353.5,2353.5,2353.4
1345040761500000000,2012-08-15T09:26:01.500000000,2353.5,2353.4,2353.6
1345040762000000000,2012-08-15T09:26:02.000000000,2353.4,2353.6,2353.6
1345040762500000000,2012-08-15T09:26:02.500000000,2353.6,2353.6,2353.5
1345040763000000000,2012-08-15T09:26:03.000000000,2353.6,2353.5,2353.3
1345040763500000000,2012-08-15T09:26:03.500000000,2353.5,2353.3,2353.6
1345040764000000000,2012-08-15T09:26:04.000000000,2353.3,2353.6,2353.6
1345040764500000000,2012-08-15T09:26:04.500000000,2353.6,2353.6,2353.6
1345040765500000000,2012-08-15T09:26:05.500000000,2353.6,2353.6,2353.6
1345040766000000000,2012-08-15T09:26:06.000000000,2353.6,2353.6,2353.6
1345040766500000000,2012-08-15T09:26:06.500000000,2353.6,2353.6,2353.6
1345040767000000000,2012-08-15T09:26:07.000000000,2353.6,2353.6,2353.6
1345040767500000000,2012-08-15T09:26:07.500000000,2353.6,2353.6,2353.6
1345040768000000000,2012-08-15T09:26:08.000000000,2353.6,2353.6,2353.9
1345040768500000000,2012-08-15T09:26:08.500000000,2353.6,2353.9,2353.7
1345040769000000000,2012-08-15T09:26:09.000000000,2353.9,2353.7,2353.6
1345040769500000000,2012-08-15T09:26:09.500000000,2353.7,2353.6,2353.6
1345040770000000000,2012-08-15T09:26:10.000000000,2353.6,2353.6,2353.6
1345040770500000000,2012-08-15T09:26:10.500000000,2353.6,2353.6,2353.6
1345040771000000000,2012-08-15T09:26:11.000000000,2353.6,2353.6,2353.5
1345040771500000000,2012-08-15T09:26:11.500000000,2353.6,2353.5,2353.5
1345040772000000000,2012-08-15T09:26:12.000000000,2353.5,2353.5,2353.5
1345040772500000000,2012-08-15T09:26:12.500000000,2353.5,2353.5,2353.5
1345040773000000000,2012-08-15T09:26:13.000000000,2353.5,2353.5,2353.5
1345040773500000000,2012-08-15T09:26:13.500000000,2353.5,2353.5,2353.5
1345040774000000000,2012-08-15T09:26:14.000000000,2353.5,2353.5,2353.5
1345040774500000000,2012-08-15T09:26:14.500000000,2353.5,2353.5,2353.5
1345040775000000000,2012-08-15T09:26:15.000000000,2353.5,2353.5,2353.5
1345040775500000000,2012-08-15T09:26:15.500000000,2353.5,2353.5,2353.5
1345040776500000000,2012-08-15T09:26:16.500000000,2353.5,2353.5,2353.5
1345040777000000000,2012-08-15T09:26:17.000000000,2353.5,2353.5,2353.5
1345040777500000000,2012-08-15T09:26:17.500000000,2353.5,2353.5,2353.5
1345040778000000000,2012-08-15T09:26:18.000000000,2353.5,2353.5,2353.5
1345040778500000000,2012-08-15T09:26:18.500000000,2353.5,2353.5,2353.5
1345040779000000000,2012-08-15T09:26:19.000000000,2353.5,2353.5,2353.5
1345040779500000000,2012-08-15T09:26:19.500000000,2353.5,2353.5,2353.5
1345040780500000000,2012-08-15T09:26:20.500000000,2353.5,2353.5,2353.5
1345040781000000000,2012-08-15T09:26:21.000000000,2353.5,2353.5,2353.5
1345040781500000000,2012-08-15T09:26:21.500000000,2353.5,2353.5,2353.5
1345040782000000000,2012-08-15T09:26:22.000000000,2353.5,2353.5,2353.5
1345040782500000000,2012-08-15T09:26:22.500000000,2353.5,2353.5,2353.5
1345040783000000000,2012-08-15T09:26:23.000000000,2353.5,2353.5,2353.5
1345040783500000000,2012-08-15T09:26:23.500000000,2353.5,2353.5,2353.5
1345040784500000000,2012-08-15T09:26:24.500000000,2353.5,2353.7,2353.5
1345040785000000000,2012-08-15T09:26:25.000000000,2353.7,2353.5,2353.5
1345040785500000000,2012-08-15T09:26:25.500000000,2353.5,2353.5,2353.6
1345040786000000000,2012-08-15T09:26:26.000000000,2353.5,2353.6,2353.6
1345040786500000000,2012-08-15T09:26:26.500000000,2353.6,2353.6,2353.6
1345040787000000000,2012-08-15T09:26:27.000000000,2353.6,2353.6,2353.6
1345040787500000000,2012-08-15T09:26:27.500000000,2353.6,2353.6,2353.5
1345040788000000000,2012-08-15T09:26:28.000000000,2353.6,2353.5,2353.5
1345040788500000000,2012-08-15T09:26:28.500000000,2353.5,2353.5,2353.5
1345040789500000000,2012-08-15T09:26:29.500000000,2353.5,2353.5,2353.5
1345040790000000000,2012-08-15T09:26:30.000000000,2353.5,2353.5,2353.5
1345040790500000000,2012-08-15T09:26:30.500000000,2353.5,2353.5,2353.5
1345040791000000000,2012-08-15T09:26:31.000000000,2353.5,2353.5,2353.5
1345040791500000000,2012-08-15T09:26:31.500000000,2353.5,2353.5,2353.5
1345040792500000000,2012-08-15T09:26:32.500000000,2353.5,2353.6,2353.5
1345040793000000000,2012-08-15T09:26:33.000000000,2353.6,2353.5,2353.6
1345040793500000000,2012-08-15T09:26:33.500000000,2353.5,2353.6,2353.6
1345040795000000000,2012-08-15T09:26:35.000000000,2353.6,2353.6,2353.7
1345040795500000000,2012-08-15T09:26:35.500000000,2353.6,2353.7,2353.6
1345040796000000000,2012-08-15T09:26:36.000000000,2353.7,2353.6,2353.6
1345040796500000000,2012-08-15T09:26:36.500000000,2353.6,2353.6,2353.6
1345040799000000000,2012-08-15T09:26:39.000000000,2353.6,2353.6,2353.6
1345040799500000000,2012-08-15T09:26:39.500000000,2353.6,2353.6,2353.6
1345040800000000000,2012-08-15T09:26:40.000000000,2353.6,2353.6,2353.6
1345040800500000000,2012-08-15T09:26:40.500000000,2353.6,2353.6,2353.6
1345040804000000000,2012-08-15T09:26:44.000000000,2353.6,2353.5,2353.5
1345040804500000000,2012-08-15T09:26:44.500000000,2353.5,2353.5,2353.5
1345040806000000000,2012-08-15T09:26:46.000000000,2353.5,2353.5,2353.5
1345040806500000000,2012-08-15T09:26:46.500000000,2353.5,2353.5,2353.5
1345040808000000000,2012-08-15T09:26:48.000000000,2353.5,2353.5,2353.5
1345040808500000000,2012-08-15T09:26:48.500000000,2353.5,2353.5,2353.5
1345040809000000000,2012-08-15T09:26:49.000000000,2353.5,2353.5,2353.5
1345040809500000000,2012-08-15T09:26:49.500000000,2353.5,2353.5,2353.5
1345040810000000000,2012-08-15T09:26:50.000000000,2353.5,2353.5,2353.5
1345040810500000000,2012-08-15T09:26:50.500000000,2353.5,2353.5,2353.5
1345040811000000000,2012-08-15T09:26:51.000000000,2353.5,2353.5,2353.6
1345040811500000000,2012-08-15T09:26:51.500000000,2353.5,2353.6,2353.7
1345040812000000000,2012-08-15T09:26:52.000000000,2353.6,2353.7,2353.7
1345040812500000000,2012-08-15T09:26:52.500000000,2353.7,2353.7,2353.7
1345040813000000000,2012-08-15T09:26:53.000000000,2353.7,2353.7,2353.7
1345040813500000000,2012-08-15T09:26:53.500000000,2353.7,2353.7,2353.7
1345040814000000000,2012-08-15T09:26:54.000000000,2353.7,2353.7,2353.7
1345040814500000000,2012-08-15T09:26:54.500000000,2353.7,2353.7,2353.7
1345040815000000000,2012-08-15T09:26:55.000000000,2353.7,2353.7,2353.7
1345040815500000000,2012-08-15T09:26:55.500000000,2353.7,2353.7,2353.7
1345040816000000000,2012-08-15T09:26:56.000000000,2353.7,2353.7,2353.7
1345040816500000000,2012-08-15T09:26:56.500000000,2353.7,2353.7,2353.7
1345040817000000000,2012-08-15T09:26:57.000000000,2353.7,2353.7,2353.7
1345040817500000000,2012-08-15T09:26:57.500000000,2353.7,2353.7,2353.7
1345040819500000000,2012-08-15T09:26:59.500000000,2353.7,2353.7,2353.5
1345040820000000000,2012-08-15T09:27:00.000000000,2353.7,2353.5,2353.5
1345040820500000000,2012-08-15T09:27:00.500000000,2353.5,2353.5,2353.5
1345040821500000000,2012-08-15T09:27:01.500000000,2353.5,2353.5,2353.5
1345040822000000000,2012-08-15T09:27:02.000000000,2353.5,2353.5,2353.5
1345040822500000000,2012-08-15T09:27:02.500000000,2353.5,2353.5,2353.5
1345040823000000000,2012-08-15T09:27:03.000000000,2353.5,2353.5,2353.5
1345040823500000000,2012-08-15T09:27:03.500000000,2353.5,2353.5,2353.5
1345040824500000000,2012-08-15T09:27:04.500000000,2353.5,2353.5,2353.5
1345040825000000000,2012-08-15T09:27:05.000000000,2353.5,2353.5,2353.3
1345040825500000000,2012-08-15T09:27:05.500000000,2353.5,2353.3,2353.3
1345040827000000000,2012-08-15T09:27:07.000000000,2353.3,2353.3,2353.3
1345040827500000000,2012-08-15T09:27:07.500000000,2353.3,2353.3,2353.3
1345040828000000000,2012-08-15T09:27:08.000000000,2353.3,2353.3,2353.3
1345040828500000000,2012-08-15T09:27:08.500000000,2353.3,2353.3,2353.3
1345040829000000000,2012-08-15T09:27:09.000000000,2353.3,2353.3,2353.5
1345040829500000000,2012-08-15T09:27:09.500000000,2353.3,2353.5,2353.4
1345040830000000000,2012-08-15T09:27:10.000000000,2353.5,2353.4,2353.4
1345040830500000000,2012-08-15T09:27:10.500000000,2353.4,2353.4,2353.3
1345040831000000000,2012-08-15T09:27:11.000000000,2353.4,2353.3,2353.3
1345040831500000000,2012-08-15T09:27:11.500000000,2353.3,2353.3,2353.3
1345040832000000000,2012-08-15T09:27:12.000000000,2353.3,2353.3,2353.3
1345040832500000000,2012-08-15T09:27:12.500000000,2353.3,2353.3,2353.3
1345040833000000000,2012-08-15T09:27:13.000000000,2353.3,2353.3,2353.1
1345040833500000000,2012-08-15T09:27:13.500000000,2353.3,2353.1,2353.1
1345040834000000000,2012-08-15T09:27:14.000000000,2353.1,2353.1,2353.1
1345040834500000000,2012-08-15T09:27:14.500000000,2353.1,2353.1,2353.1
1345040835000000000,2012-08-15T09:27:15.000000000,2353.1,2353.1,2353.1
1345040835500000000,2012-08-15T09:27:15.500000000,2353.1,2353.1,2353.1
1345040836500000000,2012-08-15T09:27:16.500000000,2353.1,2353.1,2352.9
1345040837000000000,2012-08-15T09:27:17.000000000,2353.1,2352.9,2352.9
1345040837500000000,2012-08-15T09:27:17.500000000,2352.9,2352.9,2352.9
1345040838000000000,2012-08-15T09:27:18.000000000,2352.9,2352.9,2352.9
1345040838500000000,2012-08-15T09:27:18.500000000,2352.9,2352.9,2352.9
1345040839000000000,2012-08-15T09:27:19.000000000,2352.9,2352.9,2352.7
1345040839500000000,2012-08-15T09:27:19.500000000,2352.9,2352.7,2352.7
1345040840000000000,2012-08-15T09:27:20.000000000,2352.7,2352.7,2352.7
1345040840500000000,2012-08-15T09:27:20.500000000,2352.7,2352.7,2352.7
1345040841500000000,2012-08-15T09:27:21.500000000,2352.7,2352.7,2352.7
1345040842000000000,2012-08-15T09:27:22.000000000,2352.7,2352.7,2352.7
1345040842500000000,2012-08-15T09:27:22.500000000,2352.7,2352.7,2352.8
1345040843000000000,2012-08-15T09:27:23.000000000,2352.7,2352.8,2352.8
1345040843500000000,2012-08-15T09:27:23.500000000,2352.8,2352.8,2352.8
1345040844000000000,2012-08-15T09:27:24.000000000,2352.8,2352.8,2352.7
1345040844500000000,2012-08-15T09:27:24.500000000,2352.8,2352.7,2352.7
1345040845000000000,2012-08-15T09:27:25.000000000,2352.7,2352.7,2352.9
1345040845500000000,2012-08-15T09:27:25.500000000,2352.7,2352.9,2353
1345040846000000000,2012-08-15T09:27:26.000000000,2352.9,2353,2353
1345040846500000000,2012-08-15T09:27:26.500000000,2353,2353,2353
1345040847000000000,2012-08-15T09:27:27.000000000,2353,2353,2353
1345040847500000000,2012-08-15T09:27:27.500000000,2353,2353,2353
1345040848500000000,2012-08-15T09:27:28.500000000,2353,2353,2353
1345040849000000000,2012-08-15T09:27:29.000000000,2353,2353,2352.8
1345040849500000000,2012-08-15T09:27:29.500000000,2353,2352.8,2353.1
1345040850000000000,2012-08-15T09:27:30.000000000,2352.8,2353.1,2353.1
1345040850500000000,2012-08-15T09:27:30.500000000,2353.1,2353.1,2353.1
1345040851000000000,2012-08-15T09:27:31.000000000,2353.1,2353.1,2353.1
1345040851500000000,2012-08-15T09:27:31.500000000,2353.1,2353.1,2353.1
1345040852000000000,2012-08-15T09:27:32.000000000,2353.1,2353.1,2352.9
1345040852500000000,2012-08-15T09:27:32.500000000,2353.1,2352.9,2352.9
1345040853000000000,2012-08-15T09:27:33.000000000,2352.9,2352.9,2352.9
1345040853500000000,2012-08-15T09:27:33.500000000,2352.9,2352.9,2352.9
1345040854000000000,2012-08-15T09:27:34.000000000,2352.9,2352.9,2352.7
1345040854500000000,2012-08-15T09:27:34.500000000,2352.9,2352.7,2352.7
1345040855000000000,2012-08-15T09:27:35.000000000,2352.7,2352.7,2352.9
1345040855500000000,2012-08-15T09:27:35.500000000,2352.7,2352.9,2352.9
1345040856000000000,2012-08-15T09:27:36.000000000,2352.9,2352.9,2352.9
1345040856500000000,2012-08-15T09:27:36.500000000,2352.9,2352.9,2352.9
1345040857500000000,2012-08-15T09:27:37.500000000,2352.9,2352.9,2352.9
1345040858000000000,2012-08-15T09:27:38.000000000,2352.9,2352.9,2352.7
1345040858500000000,2012-08-15T09:27:38.500000000,2352.9,2352.7,2352.7
1345040859000000000,2012-08-15T09:27:39.000000000,2352.7,2352.7,2352.8
1345040859500000000,2012-08-15T09:27:39.500000000,2352.7,2352.8,2352.7
1345040860000000000,2012-08-15T09:27:40.000000000,2352.8,2352.7,2352.7
1345040860500000000,2012-08-15T09:27:40.500000000,2352.7,2352.7,2352.7
1345040861000000000,2012-08-15T09:27:41.000000000,2352.7,2352.7,2352.7
1345040861500000000,2012-08-15T09:27:41.500000000,2352.7,2352.7,2352.7
1345040862500000000,2012-08-15T09:27:42.500000000,2352.7,2352.7,2352.9
1345040863000000000,2012-08-15T09:27:43.000000000,2352.7,2352.9,2352.7
1345040863500000000,2012-08-15T09:27:43.500000000,2352.9,2352.7,2352.7
1345040864500000000,2012-08-15T09:27:44.500000000,2352.7,2352.7,2352.7
1345040865000000000,2012-08-15T09:27:45.000000000,2352.7,2352.7,2352.7
1345040865500000000,2012-08-15T09:27:45.500000000,2352.7,2352.7,2352.7
1345040867000000000,2012-08-15T09:27:47.000000000,2352.7,2352.7,2352.7
1345040867500000000,2012-08-15T09:27:47.500000000,2352.7,2352.7,2352.7
1345040868000000000,2012-08-15T09:27:48.000000000,2352.7,2352.7,2352.7
1345040868500000000,2012-08-15T09:27:48.500000000,2352.7,2352.7,2352.7
1345040869000000000,2012-08-15T09:27:49.000000000,2352.7,2352.7,2352.7
1345040869500000000,2012-08-15T09:27:49.500000000,2352.7,2352.7,2352.7
1345040870000000000,2012-08-15T09:27:50.000000000,2352.7,2352.7,2352.7
1345040870500000000,2012-08-15T09:27:50.500000000,2352.7,2352.7,2352.7
1345040871500000000,2012-08-15T09:27:51.500000000,2352.7,2352.7,2352.7
1345040872000000000,2012-08-15T09:27:52.000000000,2352.7,2352.7,2352.7
1345040872500000000,2012-08-15T09:27:52.500000000,2352.7,2352.7,2352.7
1345040873000000000,2012-08-15T09:27:53.000000000,2352.7,2352.7,2352.7
1345040873500000000,2012-08-15T09:27:53.500000000,2352.7,2352.7,2352.7
1345040874500000000,2012-08-15T09:27:54.500000000,2352.7,2352.7,2352.7
1345040875000000000,2012-08-15T09:27:55.000000000,2352.7,2352.7,2352.7
1345040875500000000,2012-08-15T09:27:55.500000000,2352.7,2352.7,2352.7
1345040876500000000,2012-08-15T09:27:56.500000000,2352.7,2352.7,2352.7
1345040877000000000,2012-08-15T09:27:57.000000000,2352.7,2352.7,2352.7
1345040877500000000,2012-08-15T09:27:57.500000000,2352.7,2352.7,2352.7
1345040878000000000,2012-08-15T09:27:58.000000000,2352.7,2352.7,2352.5
1345040878500000000,2012-08-15T09:27:58.500000000,2352.7,2352.5,2352.5
1345040879000000000,2012-08-15T09:27:59.000000000,2352.5,2352.5,2352.5
1345040879500000000,2012-08-15T09:27:59.500000000,2352.5,2352.5,2352.5
1345040880000000000,2012-08-15T09:28:00.000000000,2352.5,2352.5,2352.4
1345040880500000000,2012-08-15T09:28:00.500000000,2352.5,2352.4,2352.3
1345040881000000000,2012-08-15T09:28:01.000000000,2352.4,2352.3,2352.3
1345040881500000000,2012-08-15T09:28:01.500000000,2352.3,2352.3,2352.3
1345040882000000000,2012-08-15T09:28:02.000000000,2352.3,2352.3,2352.3
1345040882500000000,2012-08-15T09:28:02.500000000,2352.3,2352.3,2352.3
1345040883000000000,2012-08-15T09:28:03.000000000,2352.3,2352.3,2352.5
1345040883500000000,2012-08-15T09:28:03.500000000,2352.3,2352.5,2352.5
1345040884000000000,2012-08-15T09:28:04.000000000,2352.5,2352.5,2352.5
1345040884500000000,2012-08-15T09:28:04.500000000,2352.5,2352.5,2352.5
1345040885000000000,2012-08-15T09:28:05.000000000,2352.5,2352.5,2352.5
1345040885500000000,2012-08-15T09:28:05.500000000,2352.5,2352.5,2352.3
1345040886000000000,2012-08-15T09:28:06.000000000,2352.5,2352.3,2352.3
1345040886500000000,2012-08-15T09:28:06.500000000,2352.3,2352.3,2352.3
1345040887000000000,2012-08-15T09:28:07.000000000,2352.3,2352.3,2352.4
1345040887500000000,2012-08-15T09:28:07.500000000,2352.3,2352.4,2352.4
1345040888000000000,2012-08-15T09:28:08.000000000,2352.4,2352.4,2352.5
1345040888500000000,2012-08-15T09:28:08.500000000,2352.4,2352.5,2352.4
1345040889000000000,2012-08-15T09:28:09.000000000,2352.5,2352.4,2352.4
1345040889500000000,2012-08-15T09:28:09.500000000,2352.4,2352.4,2352.4
1345040890000000000,2012-08-15T09:28:10.000000000,2352.4,2352.4,2352.2
1345040890500000000,2012-08-15T09:28:10.500000000,2352.4,2352.2,2352.1
1345040891000000000,2012-08-15T09:28:11.000000000,2352.2,2352.1,2352.1
1345040891500000000,2012-08-15T09:28:11.500000000,2352.1,2352.1,2352.1
1345040892500000000,2012-08-15T09:28:12.500000000,2352.1,2351.9,2351.9
1345040893000000000,2012-08-15T09:28:13.000000000,2351.9,2351.9,2351.7
1345040893500000000,2012-08-15T09:28:13.500000000,2351.9,2351.7,2351.7
1345040894000000000,2012-08-15T09:28:14.000000000,2351.7,2351.7,2351.5
1345040894500000000,2012-08-15T09:28:14.500000000,2351.7,2351.5,2351.3
1345040895000000000,2012-08-15T09:28:15.000000000,2351.5,2351.3,2351.4
1345040895500000000,2012-08-15T09:28:15.500000000,2351.3,2351.4,2351.1
1345040896000000000,2012-08-15T09:28:16.000000000,2351.4,2351.1,2351.1
1345040896500000000,2012-08-15T09:28:16.500000000,2351.1,2351.1,2351.1
1345040897000000000,2012-08-15T09:28:17.000000000,2351.1,2351.1,2351.1
1345040897500000000,2012-08-15T09:28:17.500000000,2351.1,2351.1,2350.9
1345040898000000000,2012-08-15T09:28:18.000000000,2351.1,2350.9,2350.7
1345040898500000000,2012-08-15T09:28:18.500000000,2350.9,2350.7,2350.7
1345040899000000000,2012-08-15T09:28:19.000000000,2350.7,2350.7,2350.8
1345040899500000000,2012-08-15T09:28:19.500000000,2350.7,2350.8,2350.3
1345040900000000000,2012-08-15T09:28:20.000000000,2350.8,2350.3,2350.5
1345040900500000000,2012-08-15T09:28:20.500000000,2350.3,2350.5,2350.8
1345040901000000000,2012-08-15T09:28:21.000000000,2350.5,2350.8,2350.7
1345040901500000000,2012-08-15T09:28:21.500000000,2350.8,2350.7,2350.8
1345040902000000000,2012-08-15T09:28:22.000000000,2350.7,2350.8,2350.6
1345040902500000000,2012-08-15T09:28:22.500000000,2350.8,2350.6,2350.5
1345040903000000000,2012-08-15T09:28:23.000000000,2350.6,2350.5,2350.5
1345040903500000000,2012-08-15T09:28:23.500000000,2350.5,2350.5,2350.7
1345040904000000000,2012-08-15T09:28:24.000000000,2350.5,2350.7,2350.6
1345040904500000000,2012-08-15T09:28:24.500000000,2350.7,2350.6,2350.7
1345040905000000000,2012-08-15T09:28:25.000000000,2350.6,2350.7,2350.6
1345040905500000000,2012-08-15T09:28:25.500000000,2350.7,2350.6,2350.5
1345040906000000000,2012-08-15T09:28:26.000000000,2350.6,2350.5,2350.7
1345040906500000000,2012-08-15T09:28:26.500000000,2350.5,2350.7,2350.4
1345040907000000000,2012-08-15T09:28:27.000000000,2350.7,2350.4,2350.3
1345040907500000000,2012-08-15T09:28:27.500000000,2350.4,2350.3,2350.1
1345040908000000000,2012-08-15T09:28:28.000000000,2350.3,2350.1,2350.1
1345040908500000000,2012-08-15T09:28:28.500000000,2350.1,2350.1,2349.9
1345040909000000000,2012-08-15T09:28:29.000000000,2350.1,2349.9,2349.9
1345040909500000000,2012-08-15T09:28:29.500000000,2349.9,2349.9,2349.9
1345040910000000000,2012-08-15T09:28:30.000000000,2349.9,2349.9,2349.9
1345040910500000000,2012-08-15T09:28:30.500000000,2349.9,2349.9,2349.7
1345040911000000000,2012-08-15T09:28:31.000000000,2349.9,2349.7,2349.8
1345040911500000000,2012-08-15T09:28:31.500000000,2349.7,2349.8,2349.3
1345040912000000000,2012-08-15T09:28:32.000000000,2349.8,2349.3,2349.6
1345040912500000000,2012-08-15T09:28:32.500000000,2349.3,2349.6,2349.3
1345040913000000000,2012-08-15T09:28:33.000000000,2349.6,2349.3,2349.3
1345040913500000000,2012-08-15T09:28:33.500000000,2349.3,2349.3,2349.6
1345040914000000000,2012-08-15T09:28:34.000000000,2349.3,2349.6,2349.7
1345040914500000000,2012-08-15T09:28:34.500000000,2349.6,2349.7,2349.7
1345040915000000000,2012-08-15T09:28:35.000000000,2349.7,2349.7,2349.7
1345040915500000000,2012-08-15T09:28:35.500000000,2349.7,2349.7,2349.9
1345040916000000000,2012-08-15T09:28:36.000000000,2349.7,2349.9,2349.9
1345040916500000000,2012-08-15T09:28:36.500000000,2349.9,2349.9,2350.1
1345040917000000000,2012-08-15T09:28:37.000000000,2349.9,2350.1,2350.1
1345040917500000000,2012-08-15T09:28:37.500000000,2350.1,2350.1,2350.3
1345040918000000000,2012-08-15T09:28:38.000000000,2350.1,2350.3,2350.3
1345040918500000000,2012-08-15T09:28:38.500000000,2350.3,2350.3,2350.3
1345040919000000000,2012-08-15T09:28:39.000000000,2350.3,2350.3,2350.3
1345040919500000000,2012-08-15T09:28:39.500000000,2350.3,2350.3,2350.5
1345040920000000000,2012-08-15T09:28:40.000000000,2350.3,2350.5,2350.3
1345040920500000000,2012-08-15T09:28:40.500000000,2350.5,2350.3,2350.3
1345040921000000000,2012-08-15T09:28:41.000000000,2350.3,2350.3,2350.3
1345040921500000000,2012-08-15T09:28:41.500000000,2350.3,2350.3,2350.3
1345040922000000000,2012-08-15T09:28:42.000000000,2350.3,2350.3,2350.5
1345040922500000000,2012-08-15T09:28:42.500000000,2350.3,2350.5,2350.5
1345040923000000000,2012-08-15T09:28:43.000000000,2350.5,2350.5,2350.4
1345040923500000000,2012-08-15T09:28:43.500000000,2350.5,2350.4,2350.5
1345040924000000000,2012-08-15T09:28:44.000000000,2350.4,2350.5,2350.5
1345040924500000000,2012-08-15T09:28:44.500000000,2350.5,2350.5,2350.4
1345040925000000000,2012-08-15T09:28:45.000000000,2350.5,2350.4,2350.5
1345040925500000000,2012-08-15T09:28:45.500000000,2350.4,2350.5,2350.5
1345040926000000000,2012-08-15T09:28:46.000000000,2350.5,2350.5,2350.5
1345040926500000000,2012-08-15T09:28:46.500000000,2350.5,2350.5,2350.2
1345040927000000000,2012-08-15T09:28:47.000000000,2350.5,2350.2,2350.2
1345040927500000000,2012-08-15T09:28:47.500000000,2350.2,2350.2,2350.5
1345040928000000000,2012-08-15T09:28:48.000000000,2350.2,2350.5,2350.2
1345040928500000000,2012-08-15T09:28:48.500000000,2350.5,2350.2,2350.3
1345040929000000000,2012-08-15T09:28:49.000000000,2350.2,2350.3,2350.2
1345040929500000000,2012-08-15T09:28:49.500000000,2350.3,2350.2,2350.3
1345040930000000000,2012-08-15T09:28:50.000000000,2350.2,2350.3,2350.3
1345040930500000000,2012-08-15T09:28:50.500000000,2350.3,2350.3,2350.1
1345040931000000000,2012-08-15T09:28:51.000000000,2350.3,2350.1,2350.1
1345040931500000000,2012-08-15T09:28:51.500000000,2350.1,2350.1,2350.1
1345040932000000000,2012-08-15T09:28:52.000000000,2350.1,2350.1,2350.1
1345040932500000000,2012-08-15T09:28:52.500000000,2350.1,2350.1,2350.1
1345040933000000000,2012-08-15T09:28:53.000000000,2350.1,2350.1,2350.1
1345040933500000000,2012-08-15T09:28:53.500000000,2350.1,2350.1,2350.1
