date_time,last_px,total_volume,bid1_px,bid1_qty,bid2_px,bid2_qty,bid3_px,bid3_qty,bid4_px,bid4_qty,bid5_px,bid5_qty,ask1_px,ask1_qty,ask2_px,ask2_qty,ask3_px,ask3_qty,ask4_px,ask4_qty,ask5_px,ask5_qty
2013-08-07T07:02:08.500,2278.800000,0,0.000000,0,0.0,0,0.0,0,0.0,0,0.0,0,0.000000,0,0.0,0,0.0,0,0.0,0,0.0,0
2013-08-07T09:14:00.500,2272.400000,495,2272.200000,107,0.0,0,0.0,0,0.0,0,0.0,0,2272.400000,12,0.0,0,0.0,0,0.0,0,0.0,0
2013-08-07T09:15:00.500,2272.200000,828,2271.400000,13,0.0,0,0.0,0,0.0,0,0.0,0,2272.000000,10,0.0,0,0.0,0,0.0,0,0.0,0
2013-08-07T09:15:01.0,2271.400000,1142,2271.400000,1,0.0,0,0.0,0,0.0,0,0.0,0,2271.800000,1,0.0,0,0.0,0,0.0,0,0.0,0
2013-08-07T09:15:01.500,2272.200000,1389,2271.800000,2,0.0,0,0.0,0,0.0,0,0.0,0,2272.200000,30,0.0,0,0.0,0,0.0,0,0.0,0
2013-08-07T09:15:02.0,2271.800000,1669,2271.800000,9,0.0,0,0.0,0,0.0,0,0.0,0,2272.000000,3,0.0,0,0.0,0,0.0,0,0.0,0
2013-08-07T09:15:02.500,2271.600000,1859,2271.200000,1,0.0,0,0.0,0,0.0,0,0.0,0,2271.600000,6,0.0,0,0.0,0,0.0,0,0.0,0
2013-08-07T09:15:03.0,2271.200000,1962,2270.800000,4,0.0,0,0.0,0,0.0,0,0.0,0,2271.000000,1,0.0,0,0.0,0,0.0,0,0.0,0
2013-08-07T09:15:03.500,2270.800000,2218,2270.600000,39,0.0,0,0.0,0,0.0,0,0.0,0,2270.800000,6,0.0,0,0.0,0,0.0,0,0.0,0
2013-08-07T09:15:04.0,2270.200000,2411,2269.600000,32,0.0,0,0.0,0,0.0,0,0.0,0,2270.200000,19,0.0,0,0.0,0,0.0,0,0.0,0
2013-08-07T09:15:04.500,2269.000000,2674,2269.000000,14,0.0,0,0.0,0,0.0,0,0.0,0,2269.600000,8,0.0,0,0.0,0,0.0,0,0.0,0
2013-08-07T09:15:05.0,2268.400000,2808,2268.400000,21,0.0,0,0.0,0,0.0,0,0.0,0,2268.600000,5,0.0,0,0.0,0,0.0,0,0.0,0
2013-08-07T09:15:05.500,2268.200000,3059,2267.800000,4,0.0,0,0.0,0,0.0,0,0.0,0,2268.200000,2,0.0,0,0.0,0,0.0,0,0.0,0
2013-08-07T09:15:06.0,2268.000000,3233,2268.200000,4,0.0,0,0.0,0,0.0,0,0.0,0,2268.400000,43,0.0,0,0.0,0,0.0,0,0.0,0
2013-08-07T09:15:06.500,2268.800000,3368,2268.800000,5,0.0,0,0.0,0,0.0,0,0.0,0,2269.000000,40,0.0,0,0.0,0,0.0,0,0.0,0
2013-08-07T09:15:07.0,2269.200000,3465,2269.200000,38,0.0,0,0.0,0,0.0,0,0.0,0,2269.600000,29,0.0,0,0.0,0,0.0,0,0.0,0
2013-08-07T09:15:07.500,2270.000000,3550,2269.600000,1,0.0,0,0.0,0,0.0,0,0.0,0,2270.000000,16,0.0,0,0.0,0,0.0,0,0.0,0
2013-08-07T09:15:08.0,2269.800000,3659,2269.600000,67,0.0,0,0.0,0,0.0,0,0.0,0,2269.800000,6,0.0,0,0.0,0,0.0,0,0.0,0
2013-08-07T09:15:08.500,2270.600000,3766,2270.200000,3,0.0,0,0.0,0,0.0,0,0.0,0,2270.600000,3,0.0,0,0.0,0,0.0,0,0.0,0
2013-08-07T09:15:09.0,2270.600000,3837,2270.000000,41,0.0,0,0.0,0,0.0,0,0.0,0,2270.200000,1,0.0,0,0.0,0,0.0,0,0.0,0
2013-08-07T09:15:09.500,2270.200000,3904,2270.400000,1,0.0,0,0.0,0,0.0,0,0.0,0,2270.600000,23,0.0,0,0.0,0,0.0,0,0.0,0
2013-08-07T09:15:10.0,2270.200000,3976,2270.200000,85,0.0,0,0.0,0,0.0,0,0.0,0,2270.400000,16,0.0,0,0.0,0,0.0,0,0.0,0
2013-08-07T09:15:10.500,2271.400000,4087,2271.000000,9,0.0,0,0.0,0,0.0,0,0.0,0,2271.400000,4,0.0,0,0.0,0,0.0,0,0.0,0
2013-08-07T09:15:11.0,2271.800000,4112,2271.600000,14,0.0,0,0.0,0,0.0,0,0.0,0,2271.800000,8,0.0,0,0.0,0,0.0,0,0.0,0
2013-08-07T09:15:11.500,2272.200000,4157,2272.000000,7,0.0,0,0.0,0,0.0,0,0.0,0,2272.200000,16,0.0,0,0.0,0,0.0,0,0.0,0
2013-08-07T09:15:12.0,2272.200000,4340,2271.400000,14,0.0,0,0.0,0,0.0,0,0.0,0,2272.200000,6,0.0,0,0.0,0,0.0,0,0.0,0
2013-08-07T09:15:12.500,2272.000000,4444,2272.200000,9,0.0,0,0.0,0,0.0,0,0.0,0,2272.600000,1,0.0,0,0.0,0,0.0,0,0.0,0
2013-08-07T09:15:13.0,2272.200000,4517,2272.200000,1,0.0,0,0.0,0,0.0,0,0.0,0,2272.400000,2,0.0,0,0.0,0,0.0,0,0.0,0
2013-08-07T09:15:13.500,2273.000000,4597,2272.200000,6,0.0,0,0.0,0,0.0,0,0.0,0,2273.000000,11,0.0,0,0.0,0,0.0,0,0.0,0
2013-08-07T09:15:14.0,2272.600000,4674,2272.600000,12,0.0,0,0.0,0,0.0,0,0.0,0,2272.800000,47,0.0,0,0.0,0,0.0,0,0.0,0
2013-08-07T09:15:14.500,2272.600000,4801,2272.600000,47,0.0,0,0.0,0,0.0,0,0.0,0,2273.000000,17,0.0,0,0.0,0,0.0,0,0.0,0
2013-08-07T09:15:15.0,2273.000000,4836,2273.000000,66,0.0,0,0.0,0,0.0,0,0.0,0,2273.200000,9,0.0,0,0.0,0,0.0,0,0.0,0
2013-08-07T09:15:15.500,2273.600000,4914,2273.400000,26,0.0,0,0.0,0,0.0,0,0.0,0,2273.800000,10,0.0,0,0.0,0,0.0,0,0.0,0
2013-08-07T09:15:16.0,2273.200000,4967,2273.200000,7,0.0,0,0.0,0,0.0,0,0.0,0,2273.600000,2,0.0,0,0.0,0,0.0,0,0.0,0
2013-08-07T09:15:16.500,2273.400000,5047,2273.200000,1,0.0,0,0.0,0,0.0,0,0.0,0,2273.400000,11,0.0,0,0.0,0,0.0,0,0.0,0
2013-08-07T09:15:17.0,2273.400000,5183,2273.200000,13,0.0,0,0.0,0,0.0,0,0.0,0,2273.600000,3,0.0,0,0.0,0,0.0,0,0.0,0
2013-08-07T09:15:17.500,2273.200000,5231,2273.000000,9,0.0,0,0.0,0,0.0,0,0.0,0,2273.200000,15,0.0,0,0.0,0,0.0,0,0.0,0
2013-08-07T09:15:18.0,2273.000000,5330,2272.800000,10,0.0,0,0.0,0,0.0,0,0.0,0,2273.000000,22,0.0,0,0.0,0,0.0,0,0.0,0
2013-08-07T09:15:18.500,2272.800000,5398,2272.600000,46,0.0,0,0.0,0,0.0,0,0.0,0,2272.800000,3,0.0,0,0.0,0,0.0,0,0.0,0
2013-08-07T09:15:19.0,2272.600000,5480,2272.400000,10,0.0,0,0.0,0,0.0,0,0.0,0,2272.600000,5,0.0,0,0.0,0,0.0,0,0.0,0
2013-08-07T09:15:19.500,2272.200000,5540,2271.800000,2,0.0,0,0.0,0,0.0,0,0.0,0,2272.200000,19,0.0,0,0.0,0,0.0,0,0.0,0
2013-08-07T09:15:20.0,2272.000000,5607,2271.800000,6,0.0,0,0.0,0,0.0,0,0.0,0,2272.000000,2,0.0,0,0.0,0,0.0,0,0.0,0
2013-08-07T09:15:20.500,2271.800000,5641,2271.400000,8,0.0,0,0.0,0,0.0,0,0.0,0,2271.800000,13,0.0,0,0.0,0,0.0,0,0.0,0
2013-08-07T09:15:21.0,2271.800000,5656,2271.400000,7,0.0,0,0.0,0,0.0,0,0.0,0,2271.800000,13,0.0,0,0.0,0,0.0,0,0.0,0
2013-08-07T09:15:21.500,2272.200000,5706,2271.200000,1,0.0,0,0.0,0,0.0,0,0.0,0,2271.400000,4,0.0,0,0.0,0,0.0,0,0.0,0
2013-08-07T09:15:22.0,2271.400000,5724,2271.200000,4,0.0,0,0.0,0,0.0,0,0.0,0,2271.400000,3,0.0,0,0.0,0,0.0,0,0.0,0
2013-08-07T09:15:22.500,2271.400000,5771,2271.000000,58,0.0,0,0.0,0,0.0,0,0.0,0,2271.200000,1,0.0,0,0.0,0,0.0,0,0.0,0
2013-08-07T09:15:23.0,2271.200000,5793,2271.200000,15,0.0,0,0.0,0,0.0,0,0.0,0,2271.400000,20,0.0,0,0.0,0,0.0,0,0.0,0
2013-08-07T09:15:23.500,2271.200000,5852,2271.000000,55,0.0,0,0.0,0,0.0,0,0.0,0,2271.200000,12,0.0,0,0.0,0,0.0,0,0.0,0
2013-08-07T09:15:24.0,2271.200000,5873,2271.000000,75,0.0,0,0.0,0,0.0,0,0.0,0,2271.200000,1,0.0,0,0.0,0,0.0,0,0.0,0
2013-08-07T09:15:24.500,2271.400000,5885,2271.400000,6,0.0,0,0.0,0,0.0,0,0.0,0,2271.800000,9,0.0,0,0.0,0,0.0,0,0.0,0
2013-08-07T09:15:25.0,2271.800000,5910,2271.800000,8,0.0,0,0.0,0,0.0,0,0.0,0,2272.000000,33,0.0,0,0.0,0,0.0,0,0.0,0
2013-08-07T09:15:25.500,2271.400000,5966,2271.400000,15,0.0,0,0.0,0,0.0,0,0.0,0,2272.000000,6,0.0,0,0.0,0,0.0,0,0.0,0
2013-08-07T09:15:26.0,2271.800000,5971,2271.600000,1,0.0,0,0.0,0,0.0,0,0.0,0,2271.800000,7,0.0,0,0.0,0,0.0,0,0.0,0
2013-08-07T09:15:26.500,2271.800000,5991,2271.600000,4,0.0,0,0.0,0,0.0,0,0.0,0,2272.000000,30,0.0,0,0.0,0,0.0,0,0.0,0
2013-08-07T09:15:27.0,2271.600000,6005,2271.400000,30,0.0,0,0.0,0,0.0,0,0.0,0,2271.600000,36,0.0,0,0.0,0,0.0,0,0.0,0
2013-08-07T09:15:27.500,2271.600000,6044,2271.400000,26,0.0,0,0.0,0,0.0,0,0.0,0,2271.600000,2,0.0,0,0.0,0,0.0,0,0.0,0
2013-08-07T09:15:28.0,2271.600000,6063,2271.600000,22,0.0,0,0.0,0,0.0,0,0.0,0,2271.800000,2,0.0,0,0.0,0,0.0,0,0.0,0
2013-08-07T09:15:28.500,2271.800000,6084,2271.800000,15,0.0,0,0.0,0,0.0,0,0.0,0,2272.000000,43,0.0,0,0.0,0,0.0,0,0.0,0
2013-08-07T09:15:29.0,2272.200000,6140,2272.000000,54,0.0,0,0.0,0,0.0,0,0.0,0,2272.200000,106,0.0,0,0.0,0,0.0,0,0.0,0
2013-08-07T09:15:29.500,2272.000000,6199,2272.000000,28,0.0,0,0.0,0,0.0,0,0.0,0,2272.200000,74,0.0,0,0.0,0,0.0,0,0.0,0
2013-08-07T09:15:30.0,2272.200000,6338,2271.800000,20,0.0,0,0.0,0,0.0,0,0.0,0,2272.200000,3,0.0,0,0.0,0,0.0,0,0.0,0
2013-08-07T09:15:30.500,2271.800000,6366,2271.800000,16,0.0,0,0.0,0,0.0,0,0.0,0,2272.000000,5,0.0,0,0.0,0,0.0,0,0.0,0
2013-08-07T09:15:31.0,2271.800000,6373,2271.800000,15,0.0,0,0.0,0,0.0,0,0.0,0,2272.000000,2,0.0,0,0.0,0,0.0,0,0.0,0
2013-08-07T09:15:31.500,2272.200000,6391,2271.800000,16,0.0,0,0.0,0,0.0,0,0.0,0,2272.200000,9,0.0,0,0.0,0,0.0,0,0.0,0
2013-08-07T09:15:32.0,2272.200000,6410,2272.200000,1,0.0,0,0.0,0,0.0,0,0.0,0,2272.400000,23,0.0,0,0.0,0,0.0,0,0.0,0
2013-08-07T09:15:32.500,2272.400000,6459,2272.400000,3,0.0,0,0.0,0,0.0,0,0.0,0,2272.600000,12,0.0,0,0.0,0,0.0,0,0.0,0
2013-08-07T09:15:33.0,2272.000000,6482,2272.000000,21,0.0,0,0.0,0,0.0,0,0.0,0,2272.600000,7,0.0,0,0.0,0,0.0,0,0.0,0
2013-08-07T09:15:33.500,2272.400000,6490,2272.200000,44,0.0,0,0.0,0,0.0,0,0.0,0,2272.400000,27,0.0,0,0.0,0,0.0,0,0.0,0
2013-08-07T09:15:34.0,2272.400000,6515,2272.200000,43,0.0,0,0.0,0,0.0,0,0.0,0,2272.400000,4,0.0,0,0.0,0,0.0,0,0.0,0
2013-08-07T09:15:34.500,2272.400000,6524,2272.400000,6,0.0,0,0.0,0,0.0,0,0.0,0,2272.600000,5,0.0,0,0.0,0,0.0,0,0.0,0
2013-08-07T09:15:35.0,2272.800000,6537,2272.600000,55,0.0,0,0.0,0,0.0,0,0.0,0,2272.800000,35,0.0,0,0.0,0,0.0,0,0.0,0
2013-08-07T09:15:35.500,2272.800000,6567,2272.600000,65,0.0,0,0.0,0,0.0,0,0.0,0,2272.800000,16,0.0,0,0.0,0,0.0,0,0.0,0
2013-08-07T09:15:36.0,2272.800000,6598,2272.800000,24,0.0,0,0.0,0,0.0,0,0.0,0,2273.000000,12,0.0,0,0.0,0,0.0,0,0.0,0
2013-08-07T09:15:36.500,2272.800000,6613,2272.800000,13,0.0,0,0.0,0,0.0,0,0.0,0,2273.000000,7,0.0,0,0.0,0,0.0,0,0.0,0
2013-08-07T09:15:37.0,2273.200000,6633,2272.800000,2,0.0,0,0.0,0,0.0,0,0.0,0,2273.200000,87,0.0,0,0.0,0,0.0,0,0.0,0
2013-08-07T09:15:37.500,2272.800000,6679,2272.600000,76,0.0,0,0.0,0,0.0,0,0.0,0,2272.800000,2,0.0,0,0.0,0,0.0,0,0.0,0
2013-08-07T09:15:38.0,2273.000000,6713,2272.800000,1,0.0,0,0.0,0,0.0,0,0.0,0,2273.000000,38,0.0,0,0.0,0,0.0,0,0.0,0
2013-08-07T09:15:38.500,2272.800000,6736,2272.600000,71,0.0,0,0.0,0,0.0,0,0.0,0,2272.800000,2,0.0,0,0.0,0,0.0,0,0.0,0
2013-08-07T09:15:39.0,2273.000000,6773,2273.000000,8,0.0,0,0.0,0,0.0,0,0.0,0,2273.200000,83,0.0,0,0.0,0,0.0,0,0.0,0
2013-08-07T09:15:39.500,2273.000000,6794,2272.800000,40,0.0,0,0.0,0,0.0,0,0.0,0,2273.000000,10,0.0,0,0.0,0,0.0,0,0.0,0
2013-08-07T09:15:40.0,2272.800000,6823,2272.800000,32,0.0,0,0.0,0,0.0,0,0.0,0,2273.200000,80,0.0,0,0.0,0,0.0,0,0.0,0
2013-08-07T09:15:40.500,2273.200000,6831,2273.000000,3,0.0,0,0.0,0,0.0,0,0.0,0,2273.200000,79,0.0,0,0.0,0,0.0,0,0.0,0
2013-08-07T09:15:41.0,2273.000000,6848,2272.800000,32,0.0,0,0.0,0,0.0,0,0.0,0,2273.000000,21,0.0,0,0.0,0,0.0,0,0.0,0
2013-08-07T09:15:41.500,2273.000000,6905,2272.600000,68,0.0,0,0.0,0,0.0,0,0.0,0,2272.800000,6,0.0,0,0.0,0,0.0,0,0.0,0
2013-08-07T09:15:42.0,2272.600000,6918,2272.600000,67,0.0,0,0.0,0,0.0,0,0.0,0,2272.800000,3,0.0,0,0.0,0,0.0,0,0.0,0
2013-08-07T09:15:42.500,2272.800000,6945,2272.600000,65,0.0,0,0.0,0,0.0,0,0.0,0,2272.800000,7,0.0,0,0.0,0,0.0,0,0.0,0
2013-08-07T09:15:43.0,2272.600000,7002,2272.600000,61,0.0,0,0.0,0,0.0,0,0.0,0,2272.800000,3,0.0,0,0.0,0,0.0,0,0.0,0
2013-08-07T09:15:43.500,2272.600000,7028,2272.800000,1,0.0,0,0.0,0,0.0,0,0.0,0,2273.200000,50,0.0,0,0.0,0,0.0,0,0.0,0
2013-08-07T09:15:44.0,2273.200000,7052,2272.800000,99,0.0,0,0.0,0,0.0,0,0.0,0,2273.000000,3,0.0,0,0.0,0,0.0,0,0.0,0
2013-08-07T09:15:44.500,2273.000000,7069,2273.000000,41,0.0,0,0.0,0,0.0,0,0.0,0,2273.200000,34,0.0,0,0.0,0,0.0,0,0.0,0
2013-08-07T09:15:45.0,2273.400000,7155,2273.400000,4,0.0,0,0.0,0,0.0,0,0.0,0,2273.600000,14,0.0,0,0.0,0,0.0,0,0.0,0
2013-08-07T09:15:45.500,2274.000000,7233,2273.600000,40,0.0,0,0.0,0,0.0,0,0.0,0,2274.000000,61,0.0,0,0.0,0,0.0,0,0.0,0
2013-08-07T09:15:46.0,2273.800000,7277,2273.600000,41,0.0,0,0.0,0,0.0,0,0.0,0,2274.000000,31,0.0,0,0.0,0,0.0,0,0.0,0
2013-08-07T09:15:46.500,2273.600000,7337,2274.000000,3,0.0,0,0.0,0,0.0,0,0.0,0,2274.400000,26,0.0,0,0.0,0,0.0,0,0.0,0
2013-08-07T09:15:47.0,2274.000000,7413,2274.000000,5,0.0,0,0.0,0,0.0,0,0.0,0,2274.200000,12,0.0,0,0.0,0,0.0,0,0.0,0
2013-08-07T09:15:47.500,2273.800000,7445,2273.600000,2,0.0,0,0.0,0,0.0,0,0.0,0,2273.800000,9,0.0,0,0.0,0,0.0,0,0.0,0
2013-08-07T09:15:48.0,2274.000000,7474,2273.400000,14,0.0,0,0.0,0,0.0,0,0.0,0,2273.800000,32,0.0,0,0.0,0,0.0,0,0.0,0
2013-08-07T09:15:48.500,2273.600000,7502,2273.400000,13,0.0,0,0.0,0,0.0,0,0.0,0,2273.600000,1,0.0,0,0.0,0,0.0,0,0.0,0
2013-08-07T09:15:49.0,2273.600000,7560,2273.200000,37,0.0,0,0.0,0,0.0,0,0.0,0,2273.400000,1,0.0,0,0.0,0,0.0,0,0.0,0
2013-08-07T09:15:49.500,2273.400000,7583,2273.400000,3,0.0,0,0.0,0,0.0,0,0.0,0,2273.600000,25,0.0,0,0.0,0,0.0,0,0.0,0
2013-08-07T09:15:50.0,2273.600000,7593,2273.200000,38,0.0,0,0.0,0,0.0,0,0.0,0,2273.400000,10,0.0,0,0.0,0,0.0,0,0.0,0
2013-08-07T09:15:50.500,2273.200000,7629,2273.200000,26,0.0,0,0.0,0,0.0,0,0.0,0,2273.600000,21,0.0,0,0.0,0,0.0,0,0.0,0
2013-08-07T09:15:51.0,2273.600000,7666,2273.200000,16,0.0,0,0.0,0,0.0,0,0.0,0,2273.800000,25,0.0,0,0.0,0,0.0,0,0.0,0
2013-08-07T09:15:51.500,2273.600000,7690,2273.400000,7,0.0,0,0.0,0,0.0,0,0.0,0,2273.600000,3,0.0,0,0.0,0,0.0,0,0.0,0
2013-08-07T09:15:52.0,2273.800000,7718,2273.600000,4,0.0,0,0.0,0,0.0,0,0.0,0,2273.800000,16,0.0,0,0.0,0,0.0,0,0.0,0
2013-08-07T09:15:52.500,2273.800000,7737,2273.400000,7,0.0,0,0.0,0,0.0,0,0.0,0,2273.800000,22,0.0,0,0.0,0,0.0,0,0.0,0
2013-08-07T09:15:53.0,2273.800000,7765,2273.600000,1,0.0,0,0.0,0,0.0,0,0.0,0,2273.800000,17,0.0,0,0.0,0,0.0,0,0.0,0
2013-08-07T09:15:53.500,2273.600000,7793,2273.600000,18,0.0,0,0.0,0,0.0,0,0.0,0,2273.800000,15,0.0,0,0.0,0,0.0,0,0.0,0
2013-08-07T09:15:54.0,2273.800000,7836,2273.600000,3,0.0,0,0.0,0,0.0,0,0.0,0,2274.000000,63,0.0,0,0.0,0,0.0,0,0.0,0
2013-08-07T09:15:54.500,2273.800000,7859,2273.800000,5,0.0,0,0.0,0,0.0,0,0.0,0,2274.000000,47,0.0,0,0.0,0,0.0,0,0.0,0
2013-08-07T09:15:55.0,2273.200000,7898,2273.200000,2,0.0,0,0.0,0,0.0,0,0.0,0,2273.600000,1,0.0,0,0.0,0,0.0,0,0.0,0
2013-08-07T09:15:55.500,2273.400000,7915,2273.400000,2,0.0,0,0.0,0,0.0,0,0.0,0,2273.600000,5,0.0,0,0.0,0,0.0,0,0.0,0
2013-08-07T09:15:56.0,2273.600000,7970,2273.400000,16,0.0,0,0.0,0,0.0,0,0.0,0,2273.600000,34,0.0,0,0.0,0,0.0,0,0.0,0
2013-08-07T09:15:56.500,2273.400000,7999,2273.400000,13,0.0,0,0.0,0,0.0,0,0.0,0,2273.600000,12,0.0,0,0.0,0,0.0,0,0.0,0
2013-08-07T09:15:57.0,2273.600000,8030,2273.400000,19,0.0,0,0.0,0,0.0,0,0.0,0,2273.600000,1,0.0,0,0.0,0,0.0,0,0.0,0
2013-08-07T09:15:57.500,2273.400000,8065,2273.200000,22,0.0,0,0.0,0,0.0,0,0.0,0,2273.400000,23,0.0,0,0.0,0,0.0,0,0.0,0
2013-08-07T09:15:58.0,2273.200000,8085,2273.200000,14,0.0,0,0.0,0,0.0,0,0.0,0,2273.400000,12,0.0,0,0.0,0,0.0,0,0.0,0
2013-08-07T09:15:58.500,2273.200000,8129,2273.000000,99,0.0,0,0.0,0,0.0,0,0.0,0,2273.200000,4,0.0,0,0.0,0,0.0,0,0.0,0
2013-08-07T09:15:59.0,2273.000000,8168,2273.200000,1,0.0,0,0.0,0,0.0,0,0.0,0,2273.400000,25,0.0,0,0.0,0,0.0,0,0.0,0
2013-08-07T09:15:59.500,2273.400000,8185,2273.000000,78,0.0,0,0.0,0,0.0,0,0.0,0,2273.200000,4,0.0,0,0.0,0,0.0,0,0.0,0
2013-08-07T09:16:00.0,2273.000000,8202,2273.000000,74,0.0,0,0.0,0,0.0,0,0.0,0,2273.200000,18,0.0,0,0.0,0,0.0,0,0.0,0
2013-08-07T09:16:00.500,2272.800000,8309,2272.800000,162,0.0,0,0.0,0,0.0,0,0.0,0,2273.000000,25,0.0,0,0.0,0,0.0,0,0.0,0
2013-08-07T09:16:01.0,2272.800000,8363,2272.800000,124,0.0,0,0.0,0,0.0,0,0.0,0,2273.000000,24,0.0,0,0.0,0,0.0,0,0.0,0
2013-08-07T09:16:01.500,2272.800000,8443,2272.800000,82,0.0,0,0.0,0,0.0,0,0.0,0,2273.000000,5,0.0,0,0.0,0,0.0,0,0.0,0
2013-08-07T09:16:02.0,2272.800000,8483,2272.800000,59,0.0,0,0.0,0,0.0,0,0.0,0,2273.000000,12,0.0,0,0.0,0,0.0,0,0.0,0
2013-08-07T09:16:02.500,2272.800000,8505,2272.800000,41,0.0,0,0.0,0,0.0,0,0.0,0,2273.000000,29,0.0,0,0.0,0,0.0,0,0.0,0
2013-08-07T09:16:03.0,2272.600000,8555,2272.600000,45,0.0,0,0.0,0,0.0,0,0.0,0,2273.000000,26,0.0,0,0.0,0,0.0,0,0.0,0
2013-08-07T09:16:03.500,2272.600000,8574,2272.600000,42,0.0,0,0.0,0,0.0,0,0.0,0,2272.800000,1,0.0,0,0.0,0,0.0,0,0.0,0
2013-08-07T09:16:04.0,2272.600000,8599,2272.800000,1,0.0,0,0.0,0,0.0,0,0.0,0,2273.000000,10,0.0,0,0.0,0,0.0,0,0.0,0
2013-08-07T09:16:04.500,2272.800000,8633,2272.800000,16,0.0,0,0.0,0,0.0,0,0.0,0,2273.000000,8,0.0,0,0.0,0,0.0,0,0.0,0
2013-08-07T09:16:05.0,2273.000000,8664,2273.000000,9,0.0,0,0.0,0,0.0,0,0.0,0,2273.200000,1,0.0,0,0.0,0,0.0,0,0.0,0
2013-08-07T09:16:05.500,2273.200000,8695,2273.200000,6,0.0,0,0.0,0,0.0,0,0.0,0,2273.400000,12,0.0,0,0.0,0,0.0,0,0.0,0
2013-08-07T09:16:06.0,2273.000000,8716,2273.000000,3,0.0,0,0.0,0,0.0,0,0.0,0,2273.200000,24,0.0,0,0.0,0,0.0,0,0.0,0
2013-08-07T09:16:06.500,2273.000000,8748,2273.000000,34,0.0,0,0.0,0,0.0,0,0.0,0,2273.200000,13,0.0,0,0.0,0,0.0,0,0.0,0
2013-08-07T09:16:07.0,2273.200000,8792,2273.200000,31,0.0,0,0.0,0,0.0,0,0.0,0,2273.400000,9,0.0,0,0.0,0,0.0,0,0.0,0
2013-08-07T09:16:07.500,2273.400000,8805,2273.400000,4,0.0,0,0.0,0,0.0,0,0.0,0,2273.600000,9,0.0,0,0.0,0,0.0,0,0.0,0
2013-08-07T09:16:08.0,2273.400000,8814,2273.400000,14,0.0,0,0.0,0,0.0,0,0.0,0,2273.600000,8,0.0,0,0.0,0,0.0,0,0.0,0
2013-08-07T09:16:08.500,2273.600000,8826,2273.400000,12,0.0,0,0.0,0,0.0,0,0.0,0,2273.600000,7,0.0,0,0.0,0,0.0,0,0.0,0
2013-08-07T09:16:09.0,2273.600000,8845,2273.200000,58,0.0,0,0.0,0,0.0,0,0.0,0,2273.400000,6,0.0,0,0.0,0,0.0,0,0.0,0
2013-08-07T09:16:09.500,2273.600000,8853,2273.200000,59,0.0,0,0.0,0,0.0,0,0.0,0,2273.800000,71,0.0,0,0.0,0,0.0,0,0.0,0
2013-08-07T09:16:10.0,2273.400000,8883,2273.200000,64,0.0,0,0.0,0,0.0,0,0.0,0,2273.400000,1,0.0,0,0.0,0,0.0,0,0.0,0
2013-08-07T09:16:10.500,2273.600000,8900,2273.200000,58,0.0,0,0.0,0,0.0,0,0.0,0,2273.600000,43,0.0,0,0.0,0,0.0,0,0.0,0
2013-08-07T09:16:11.0,2273.400000,8932,2273.400000,5,0.0,0,0.0,0,0.0,0,0.0,0,2273.600000,13,0.0,0,0.0,0,0.0,0,0.0,0
2013-08-07T09:16:11.500,2273.600000,8948,2273.200000,55,0.0,0,0.0,0,0.0,0,0.0,0,2273.400000,4,0.0,0,0.0,0,0.0,0,0.0,0
2013-08-07T09:16:12.0,2273.200000,8977,2273.400000,1,0.0,0,0.0,0,0.0,0,0.0,0,2273.600000,1,0.0,0,0.0,0,0.0,0,0.0,0
2013-08-07T09:16:12.500,2273.400000,8982,2273.600000,9,0.0,0,0.0,0,0.0,0,0.0,0,2273.800000,78,0.0,0,0.0,0,0.0,0,0.0,0
2013-08-07T09:16:13.0,2273.600000,9004,2273.600000,5,0.0,0,0.0,0,0.0,0,0.0,0,2273.800000,72,0.0,0,0.0,0,0.0,0,0.0,0
2013-08-07T09:16:13.500,2273.600000,9018,2273.400000,4,0.0,0,0.0,0,0.0,0,0.0,0,2273.600000,7,0.0,0,0.0,0,0.0,0,0.0,0
2013-08-07T09:16:14.0,2273.600000,9030,2273.400000,1,0.0,0,0.0,0,0.0,0,0.0,0,2273.600000,10,0.0,0,0.0,0,0.0,0,0.0,0
2013-08-07T09:16:14.500,2273.600000,9038,2273.400000,2,0.0,0,0.0,0,0.0,0,0.0,0,2273.600000,10,0.0,0,0.0,0,0.0,0,0.0,0
2013-08-07T09:16:15.0,2273.600000,9041,2273.400000,1,0.0,0,0.0,0,0.0,0,0.0,0,2273.600000,21,0.0,0,0.0,0,0.0,0,0.0,0
2013-08-07T09:16:15.500,2273.600000,9051,2273.200000,39,0.0,0,0.0,0,0.0,0,0.0,0,2273.400000,9,0.0,0,0.0,0,0.0,0,0.0,0
2013-08-07T09:16:16.0,2273.400000,9079,2273.200000,23,0.0,0,0.0,0,0.0,0,0.0,0,2273.400000,52,0.0,0,0.0,0,0.0,0,0.0,0
2013-08-07T09:16:16.500,2273.000000,9112,2273.000000,145,0.0,0,0.0,0,0.0,0,0.0,0,2273.200000,18,0.0,0,0.0,0,0.0,0,0.0,0
2013-08-07T09:16:17.0,2273.200000,9145,2273.000000,124,0.0,0,0.0,0,0.0,0,0.0,0,2273.200000,27,0.0,0,0.0,0,0.0,0,0.0,0
2013-08-07T09:16:17.500,2273.000000,9165,2273.000000,119,0.0,0,0.0,0,0.0,0,0.0,0,2273.200000,39,0.0,0,0.0,0,0.0,0,0.0,0
2013-08-07T09:16:18.0,2273.000000,9181,2273.000000,113,0.0,0,0.0,0,0.0,0,0.0,0,2273.200000,32,0.0,0,0.0,0,0.0,0,0.0,0
2013-08-07T09:16:18.500,2273.200000,9187,2273.000000,112,0.0,0,0.0,0,0.0,0,0.0,0,2273.200000,21,0.0,0,0.0,0,0.0,0,0.0,0
2013-08-07T09:16:19.0,2273.000000,9190,2273.000000,109,0.0,0,0.0,0,0.0,0,0.0,0,2273.200000,23,0.0,0,0.0,0,0.0,0,0.0,0
2013-08-07T09:16:19.500,2273.200000,9195,2273.000000,106,0.0,0,0.0,0,0.0,0,0.0,0,2273.200000,27,0.0,0,0.0,0,0.0,0,0.0,0
2013-08-07T09:16:20.0,2273.200000,9222,2273.000000,89,0.0,0,0.0,0,0.0,0,0.0,0,2273.200000,21,0.0,0,0.0,0,0.0,0,0.0,0
2013-08-07T09:16:20.500,2273.400000,9246,2273.200000,30,0.0,0,0.0,0,0.0,0,0.0,0,2273.400000,48,0.0,0,0.0,0,0.0,0,0.0,0
2013-08-07T09:16:21.0,2273.200000,9260,2273.200000,20,0.0,0,0.0,0,0.0,0,0.0,0,2273.400000,48,0.0,0,0.0,0,0.0,0,0.0,0
2013-08-07T09:16:21.500,2273.200000,9273,2273.200000,18,0.0,0,0.0,0,0.0,0,0.0,0,2273.400000,47,0.0,0,0.0,0,0.0,0,0.0,0
2013-08-07T09:16:22.0,2273.200000,9281,2273.200000,43,0.0,0,0.0,0,0.0,0,0.0,0,2273.400000,42,0.0,0,0.0,0,0.0,0,0.0,0
2013-08-07T09:16:22.500,2273.200000,9286,2273.200000,38,0.0,0,0.0,0,0.0,0,0.0,0,2273.400000,42,0.0,0,0.0,0,0.0,0,0.0,0
2013-08-07T09:16:23.0,2273.400000,9304,2273.200000,38,0.0,0,0.0,0,0.0,0,0.0,0,2273.400000,26,0.0,0,0.0,0,0.0,0,0.0,0
2013-08-07T09:16:23.500,2273.400000,9346,2273.200000,4,0.0,0,0.0,0,0.0,0,0.0,0,2273.400000,23,0.0,0,0.0,0,0.0,0,0.0,0
2013-08-07T09:16:24.0,2273.400000,9367,2273.200000,56,0.0,0,0.0,0,0.0,0,0.0,0,2273.400000,21,0.0,0,0.0,0,0.0,0,0.0,0
2013-08-07T09:16:24.500,2273.200000,9388,2273.200000,55,0.0,0,0.0,0,0.0,0,0.0,0,2273.400000,2,0.0,0,0.0,0,0.0,0,0.0,0
2013-08-07T09:16:25.0,2273.400000,9402,2273.400000,18,0.0,0,0.0,0,0.0,0,0.0,0,2273.600000,47,0.0,0,0.0,0,0.0,0,0.0,0
2013-08-07T09:16:25.500,2273.600000,9415,2273.400000,9,0.0,0,0.0,0,0.0,0,0.0,0,2273.600000,46,0.0,0,0.0,0,0.0,0,0.0,0
2013-08-07T09:16:26.0,2273.600000,9443,2273.400000,6,0.0,0,0.0,0,0.0,0,0.0,0,2273.600000,25,0.0,0,0.0,0,0.0,0,0.0,0
2013-08-07T09:16:26.500,2273.600000,9476,2273.600000,24,0.0,0,0.0,0,0.0,0,0.0,0,2273.800000,90,0.0,0,0.0,0,0.0,0,0.0,0
2013-08-07T09:16:27.0,2273.800000,9488,2273.600000,22,0.0,0,0.0,0,0.0,0,0.0,0,2273.800000,83,0.0,0,0.0,0,0.0,0,0.0,0
2013-08-07T09:16:27.500,2273.600000,9495,2273.600000,19,0.0,0,0.0,0,0.0,0,0.0,0,2273.800000,80,0.0,0,0.0,0,0.0,0,0.0,0
2013-08-07T09:16:28.0,2273.600000,9576,2273.600000,13,0.0,0,0.0,0,0.0,0,0.0,0,2273.800000,7,0.0,0,0.0,0,0.0,0,0.0,0
2013-08-07T09:16:28.500,2273.800000,9583,2273.800000,30,0.0,0,0.0,0,0.0,0,0.0,0,2274.000000,124,0.0,0,0.0,0,0.0,0,0.0,0
2013-08-07T09:16:29.0,2273.800000,9637,2273.800000,16,0.0,0,0.0,0,0.0,0,0.0,0,2274.000000,94,0.0,0,0.0,0,0.0,0,0.0,0
2013-08-07T09:16:29.500,2274.000000,9681,2273.800000,17,0.0,0,0.0,0,0.0,0,0.0,0,2274.000000,53,0.0,0,0.0,0,0.0,0,0.0,0
2013-08-07T09:16:30.0,2274.000000,9728,2273.800000,12,0.0,0,0.0,0,0.0,0,0.0,0,2274.000000,15,0.0,0,0.0,0,0.0,0,0.0,0
2013-08-07T09:16:30.500,2273.800000,9736,2273.800000,22,0.0,0,0.0,0,0.0,0,0.0,0,2274.000000,19,0.0,0,0.0,0,0.0,0,0.0,0
2013-08-07T09:16:31.0,2274.400000,9792,2274.200000,10,0.0,0,0.0,0,0.0,0,0.0,0,2274.600000,21,0.0,0,0.0,0,0.0,0,0.0,0
2013-08-07T09:16:31.500,2274.800000,9816,2274.600000,2,0.0,0,0.0,0,0.0,0,0.0,0,2274.800000,87,0.0,0,0.0,0,0.0,0,0.0,0
2013-08-07T09:16:32.0,2274.800000,9842,2274.400000,10,0.0,0,0.0,0,0.0,0,0.0,0,2274.800000,72,0.0,0,0.0,0,0.0,0,0.0,0
2013-08-07T09:16:32.500,2274.400000,9893,2274.400000,5,0.0,0,0.0,0,0.0,0,0.0,0,2274.800000,62,0.0,0,0.0,0,0.0,0,0.0,0
2013-08-07T09:16:33.0,2274.800000,9932,2274.000000,13,0.0,0,0.0,0,0.0,0,0.0,0,2274.800000,75,0.0,0,0.0,0,0.0,0,0.0,0
2013-08-07T09:16:33.500,2274.200000,9946,2274.200000,11,0.0,0,0.0,0,0.0,0,0.0,0,2274.400000,4,0.0,0,0.0,0,0.0,0,0.0,0
2013-08-07T09:16:34.0,2274.400000,9975,2274.000000,10,0.0,0,0.0,0,0.0,0,0.0,0,2274.400000,14,0.0,0,0.0,0,0.0,0,0.0,0
2013-08-07T09:16:34.500,2274.000000,9984,2274.000000,9,0.0,0,0.0,0,0.0,0,0.0,0,2274.400000,50,0.0,0,0.0,0,0.0,0,0.0,0
2013-08-07T09:16:35.0,2274.400000,10017,2274.000000,9,0.0,0,0.0,0,0.0,0,0.0,0,2274.200000,4,0.0,0,0.0,0,0.0,0,0.0,0
2013-08-07T09:16:35.500,2274.000000,10044,2273.800000,22,0.0,0,0.0,0,0.0,0,0.0,0,2274.000000,2,0.0,0,0.0,0,0.0,0,0.0,0
2013-08-07T09:16:36.0,2274.400000,10062,2274.200000,1,0.0,0,0.0,0,0.0,0,0.0,0,2274.400000,40,0.0,0,0.0,0,0.0,0,0.0,0
2013-08-07T09:16:36.500,2274.200000,10071,2274.000000,9,0.0,0,0.0,0,0.0,0,0.0,0,2274.200000,1,0.0,0,0.0,0,0.0,0,0.0,0
2013-08-07T09:16:37.0,2274.200000,10085,2274.000000,8,0.0,0,0.0,0,0.0,0,0.0,0,2274.200000,1,0.0,0,0.0,0,0.0,0,0.0,0
2013-08-07T09:16:37.500,2274.000000,10091,2274.000000,12,0.0,0,0.0,0,0.0,0,0.0,0,2274.400000,36,0.0,0,0.0,0,0.0,0,0.0,0
2013-08-07T09:16:38.0,2274.400000,10104,2274.200000,37,0.0,0,0.0,0,0.0,0,0.0,0,2274.400000,27,0.0,0,0.0,0,0.0,0,0.0,0
2013-08-07T09:16:38.500,2274.400000,10130,2274.200000,35,0.0,0,0.0,0,0.0,0,0.0,0,2274.400000,9,0.0,0,0.0,0,0.0,0,0.0,0
2013-08-07T09:16:39.0,2274.400000,10148,2274.400000,5,0.0,0,0.0,0,0.0,0,0.0,0,2274.600000,18,0.0,0,0.0,0,0.0,0,0.0,0
2013-08-07T09:16:39.500,2274.400000,10156,2274.200000,36,0.0,0,0.0,0,0.0,0,0.0,0,2274.400000,1,0.0,0,0.0,0,0.0,0,0.0,0
2013-08-07T09:16:40.0,2274.400000,10163,2274.400000,67,0.0,0,0.0,0,0.0,0,0.0,0,2274.600000,16,0.0,0,0.0,0,0.0,0,0.0,0
2013-08-07T09:16:40.500,2274.600000,10195,2274.600000,31,0.0,0,0.0,0,0.0,0,0.0,0,2274.800000,85,0.0,0,0.0,0,0.0,0,0.0,0
2013-08-07T09:16:41.0,2274.600000,10205,2274.600000,25,0.0,0,0.0,0,0.0,0,0.0,0,2274.800000,84,0.0,0,0.0,0,0.0,0,0.0,0
2013-08-07T09:16:41.500,2274.800000,10227,2274.600000,16,0.0,0,0.0,0,0.0,0,0.0,0,2274.800000,63,0.0,0,0.0,0,0.0,0,0.0,0
2013-08-07T09:16:42.0,2274.800000,10294,2274.600000,26,0.0,0,0.0,0,0.0,0,0.0,0,2274.800000,7,0.0,0,0.0,0,0.0,0,0.0,0
2013-08-07T09:16:42.500,2274.800000,10310,2274.800000,4,0.0,0,0.0,0,0.0,0,0.0,0,2275.000000,200,0.0,0,0.0,0,0.0,0,0.0,0
2013-08-07T09:16:43.0,2274.800000,10354,2274.600000,24,0.0,0,0.0,0,0.0,0,0.0,0,2274.800000,18,0.0,0,0.0,0,0.0,0,0.0,0
2013-08-07T09:16:43.500,2274.800000,10374,2274.600000,18,0.0,0,0.0,0,0.0,0,0.0,0,2274.800000,21,0.0,0,0.0,0,0.0,0,0.0,0
2013-08-07T09:16:44.0,2274.800000,10415,2274.600000,4,0.0,0,0.0,0,0.0,0,0.0,0,2274.800000,17,0.0,0,0.0,0,0.0,0,0.0,0
2013-08-07T09:16:44.500,2274.400000,10433,2274.400000,115,0.0,0,0.0,0,0.0,0,0.0,0,2274.800000,28,0.0,0,0.0,0,0.0,0,0.0,0
2013-08-07T09:16:45.0,2274.800000,10449,2274.600000,4,0.0,0,0.0,0,0.0,0,0.0,0,2274.800000,24,0.0,0,0.0,0,0.0,0,0.0,0
2013-08-07T09:16:45.500,2274.800000,10466,2274.600000,20,0.0,0,0.0,0,0.0,0,0.0,0,2274.800000,19,0.0,0,0.0,0,0.0,0,0.0,0
2013-08-07T09:16:46.0,2274.800000,10479,2274.600000,12,0.0,0,0.0,0,0.0,0,0.0,0,2274.800000,13,0.0,0,0.0,0,0.0,0,0.0,0
2013-08-07T09:16:46.500,2274.800000,10492,2274.800000,5,0.0,0,0.0,0,0.0,0,0.0,0,2275.000000,212,0.0,0,0.0,0,0.0,0,0.0,0
2013-08-07T09:16:47.0,2274.600000,10510,2274.800000,2,0.0,0,0.0,0,0.0,0,0.0,0,2275.000000,211,0.0,0,0.0,0,0.0,0,0.0,0
2013-08-07T09:16:47.500,2274.800000,10536,2274.800000,8,0.0,0,0.0,0,0.0,0,0.0,0,2275.000000,199,0.0,0,0.0,0,0.0,0,0.0,0
2013-08-07T09:16:48.0,2275.000000,10557,2274.800000,13,0.0,0,0.0,0,0.0,0,0.0,0,2275.000000,182,0.0,0,0.0,0,0.0,0,0.0,0
2013-08-07T09:16:48.500,2275.000000,10599,2274.800000,19,0.0,0,0.0,0,0.0,0,0.0,0,2275.000000,154,0.0,0,0.0,0,0.0,0,0.0,0
2013-08-07T09:16:49.0,2275.000000,10606,2274.800000,25,0.0,0,0.0,0,0.0,0,0.0,0,2275.000000,150,0.0,0,0.0,0,0.0,0,0.0,0
2013-08-07T09:16:49.500,2274.800000,10630,2274.800000,10,0.0,0,0.0,0,0.0,0,0.0,0,2275.000000,142,0.0,0,0.0,0,0.0,0,0.0,0
2013-08-07T09:16:50.0,2275.000000,10645,2274.800000,3,0.0,0,0.0,0,0.0,0,0.0,0,2275.000000,141,0.0,0,0.0,0,0.0,0,0.0,0
2013-08-07T09:16:50.500,2275.000000,10722,2274.600000,1,0.0,0,0.0,0,0.0,0,0.0,0,2274.800000,6,0.0,0,0.0,0,0.0,0,0.0,0
2013-08-07T09:16:51.0,2274.800000,10729,2274.600000,7,0.0,0,0.0,0,0.0,0,0.0,0,2274.800000,6,0.0,0,0.0,0,0.0,0,0.0,0
2013-08-07T09:16:51.500,2274.800000,10737,2274.600000,6,0.0,0,0.0,0,0.0,0,0.0,0,2274.800000,14,0.0,0,0.0,0,0.0,0,0.0,0
2013-08-07T09:16:52.0,2274.800000,10807,2274.400000,125,0.0,0,0.0,0,0.0,0,0.0,0,2274.600000,1,0.0,0,0.0,0,0.0,0,0.0,0
2013-08-07T09:16:52.500,2275.000000,10831,2274.800000,44,0.0,0,0.0,0,0.0,0,0.0,0,2275.000000,119,0.0,0,0.0,0,0.0,0,0.0,0
2013-08-07T09:16:53.0,2274.800000,10868,2274.800000,29,0.0,0,0.0,0,0.0,0,0.0,0,2275.000000,105,0.0,0,0.0,0,0.0,0,0.0,0
2013-08-07T09:16:53.500,2275.000000,10881,2274.800000,20,0.0,0,0.0,0,0.0,0,0.0,0,2275.000000,103,0.0,0,0.0,0,0.0,0,0.0,0
2013-08-07T09:16:54.0,2274.800000,10911,2274.800000,14,0.0,0,0.0,0,0.0,0,0.0,0,2275.000000,79,0.0,0,0.0,0,0.0,0,0.0,0
2013-08-07T09:16:54.500,2275.000000,10920,2274.800000,14,0.0,0,0.0,0,0.0,0,0.0,0,2275.000000,76,0.0,0,0.0,0,0.0,0,0.0,0
2013-08-07T09:16:55.0,2274.800000,10957,2274.800000,18,0.0,0,0.0,0,0.0,0,0.0,0,2275.000000,46,0.0,0,0.0,0,0.0,0,0.0,0
2013-08-07T09:16:55.500,2275.000000,10971,2274.800000,18,0.0,0,0.0,0,0.0,0,0.0,0,2275.000000,34,0.0,0,0.0,0,0.0,0,0.0,0
2013-08-07T09:16:56.0,2274.800000,11018,2274.800000,1,0.0,0,0.0,0,0.0,0,0.0,0,2275.000000,10,0.0,0,0.0,0,0.0,0,0.0,0
2013-08-07T09:16:56.500,2275.000000,11037,2274.800000,9,0.0,0,0.0,0,0.0,0,0.0,0,2275.000000,1,0.0,0,0.0,0,0.0,0,0.0,0
2013-08-07T09:16:57.0,2275.000000,11052,2275.000000,1,0.0,0,0.0,0,0.0,0,0.0,0,2275.200000,4,0.0,0,0.0,0,0.0,0,0.0,0
2013-08-07T09:16:57.500,2275.000000,11067,2275.000000,42,0.0,0,0.0,0,0.0,0,0.0,0,2275.200000,6,0.0,0,0.0,0,0.0,0,0.0,0
2013-08-07T09:16:58.0,2275.000000,11096,2275.200000,1,0.0,0,0.0,0,0.0,0,0.0,0,2275.400000,34,0.0,0,0.0,0,0.0,0,0.0,0
2013-08-07T09:16:58.500,2275.200000,11167,2275.200000,1,0.0,0,0.0,0,0.0,0,0.0,0,2275.400000,21,0.0,0,0.0,0,0.0,0,0.0,0
2013-08-07T09:16:59.0,2275.400000,11175,2275.200000,20,0.0,0,0.0,0,0.0,0,0.0,0,2275.400000,25,0.0,0,0.0,0,0.0,0,0.0,0
2013-08-07T09:16:59.500,2275.400000,11214,2275.400000,2,0.0,0,0.0,0,0.0,0,0.0,0,2275.600000,16,0.0,0,0.0,0,0.0,0,0.0,0
2013-08-07T09:17:00.0,2275.600000,11224,2275.400000,11,0.0,0,0.0,0,0.0,0,0.0,0,2275.600000,6,0.0,0,0.0,0,0.0,0,0.0,0
2013-08-07T09:17:00.500,2275.800000,11258,2275.600000,9,0.0,0,0.0,0,0.0,0,0.0,0,2275.800000,34,0.0,0,0.0,0,0.0,0,0.0,0
2013-08-07T09:17:01.0,2275.600000,11280,2275.200000,11,0.0,0,0.0,0,0.0,0,0.0,0,2275.600000,5,0.0,0,0.0,0,0.0,0,0.0,0
2013-08-07T09:17:01.500,2275.600000,11328,2275.400000,3,0.0,0,0.0,0,0.0,0,0.0,0,2275.600000,13,0.0,0,0.0,0,0.0,0,0.0,0
2013-08-07T09:17:02.0,2275.600000,11417,2275.200000,9,0.0,0,0.0,0,0.0,0,0.0,0,2275.600000,1,0.0,0,0.0,0,0.0,0,0.0,0
2013-08-07T09:17:02.500,2275.400000,11435,2275.200000,4,0.0,0,0.0,0,0.0,0,0.0,0,2275.400000,17,0.0,0,0.0,0,0.0,0,0.0,0
2013-08-07T09:17:03.0,2275.200000,11458,2275.000000,53,0.0,0,0.0,0,0.0,0,0.0,0,2275.200000,2,0.0,0,0.0,0,0.0,0,0.0,0
2013-08-07T09:17:03.500,2275.000000,11517,2275.000000,14,0.0,0,0.0,0,0.0,0,0.0,0,2275.200000,2,0.0,0,0.0,0,0.0,0,0.0,0
2013-08-07T09:17:04.0,2274.800000,11548,2274.800000,1,0.0,0,0.0,0,0.0,0,0.0,0,2275.000000,9,0.0,0,0.0,0,0.0,0,0.0,0
2013-08-07T09:17:04.500,2274.600000,11570,2274.800000,4,0.0,0,0.0,0,0.0,0,0.0,0,2275.000000,29,0.0,0,0.0,0,0.0,0,0.0,0
2013-08-07T09:17:05.0,2274.600000,11594,2274.600000,18,0.0,0,0.0,0,0.0,0,0.0,0,2275.000000,23,0.0,0,0.0,0,0.0,0,0.0,0
2013-08-07T09:17:05.500,2275.000000,11607,2274.800000,19,0.0,0,0.0,0,0.0,0,0.0,0,2275.000000,35,0.0,0,0.0,0,0.0,0,0.0,0
2013-08-07T09:17:06.0,2274.800000,11616,2274.800000,12,0.0,0,0.0,0,0.0,0,0.0,0,2275.000000,43,0.0,0,0.0,0,0.0,0,0.0,0
2013-08-07T09:17:06.500,2275.000000,11633,2274.800000,18,0.0,0,0.0,0,0.0,0,0.0,0,2275.000000,36,0.0,0,0.0,0,0.0,0,0.0,0
2013-08-07T09:17:07.0,2275.000000,11682,2275.000000,2,0.0,0,0.0,0,0.0,0,0.0,0,2275.200000,21,0.0,0,0.0,0,0.0,0,0.0,0
2013-08-07T09:17:07.500,2275.200000,11699,2274.800000,8,0.0,0,0.0,0,0.0,0,0.0,0,2275.200000,9,0.0,0,0.0,0,0.0,0,0.0,0
2013-08-07T09:17:08.0,2274.800000,11719,2274.600000,39,0.0,0,0.0,0,0.0,0,0.0,0,2274.800000,30,0.0,0,0.0,0,0.0,0,0.0,0
2013-08-07T09:17:08.500,2274.600000,11726,2274.600000,36,0.0,0,0.0,0,0.0,0,0.0,0,2274.800000,31,0.0,0,0.0,0,0.0,0,0.0,0
2013-08-07T09:17:09.0,2274.800000,11784,2274.800000,1,0.0,0,0.0,0,0.0,0,0.0,0,2275.000000,3,0.0,0,0.0,0,0.0,0,0.0,0
2013-08-07T09:17:09.500,2274.600000,11805,2274.600000,17,0.0,0,0.0,0,0.0,0,0.0,0,2274.800000,1,0.0,0,0.0,0,0.0,0,0.0,0
2013-08-07T09:17:10.0,2274.600000,11817,2274.600000,9,0.0,0,0.0,0,0.0,0,0.0,0,2274.800000,4,0.0,0,0.0,0,0.0,0,0.0,0
2013-08-07T09:17:10.500,2274.800000,11826,2274.600000,7,0.0,0,0.0,0,0.0,0,0.0,0,2274.800000,11,0.0,0,0.0,0,0.0,0,0.0,0
2013-08-07T09:17:11.0,2274.600000,11837,2274.600000,3,0.0,0,0.0,0,0.0,0,0.0,0,2274.800000,24,0.0,0,0.0,0,0.0,0,0.0,0
2013-08-07T09:17:11.500,2274.600000,11846,2274.400000,124,0.0,0,0.0,0,0.0,0,0.0,0,2274.600000,5,0.0,0,0.0,0,0.0,0,0.0,0
2013-08-07T09:17:12.0,2274.800000,11865,2274.400000,124,0.0,0,0.0,0,0.0,0,0.0,0,2274.600000,10,0.0,0,0.0,0,0.0,0,0.0,0
2013-08-07T09:17:12.500,2274.400000,11891,2274.400000,113,0.0,0,0.0,0,0.0,0,0.0,0,2274.800000,23,0.0,0,0.0,0,0.0,0,0.0,0
2013-08-07T09:17:13.0,2274.600000,11908,2274.600000,2,0.0,0,0.0,0,0.0,0,0.0,0,2274.800000,16,0.0,0,0.0,0,0.0,0,0.0,0
2013-08-07T09:17:13.500,2274.400000,11917,2274.400000,106,0.0,0,0.0,0,0.0,0,0.0,0,2274.600000,2,0.0,0,0.0,0,0.0,0,0.0,0
2013-08-07T09:17:14.0,2274.400000,11937,2274.400000,102,0.0,0,0.0,0,0.0,0,0.0,0,2274.600000,13,0.0,0,0.0,0,0.0,0,0.0,0
2013-08-07T09:17:14.500,2274.400000,11951,2274.400000,88,0.0,0,0.0,0,0.0,0,0.0,0,2274.600000,33,0.0,0,0.0,0,0.0,0,0.0,0
2013-08-07T09:17:15.0,2274.400000,11992,2274.400000,49,0.0,0,0.0,0,0.0,0,0.0,0,2274.600000,39,0.0,0,0.0,0,0.0,0,0.0,0
2013-08-07T09:17:15.500,2274.200000,12044,2274.200000,47,0.0,0,0.0,0,0.0,0,0.0,0,2274.400000,31,0.0,0,0.0,0,0.0,0,0.0,0
2013-08-07T09:17:16.0,2274.200000,12100,2274.200000,2,0.0,0,0.0,0,0.0,0,0.0,0,2274.400000,25,0.0,0,0.0,0,0.0,0,0.0,0
2013-08-07T09:17:16.500,2274.000000,12110,2274.000000,84,0.0,0,0.0,0,0.0,0,0.0,0,2274.200000,22,0.0,0,0.0,0,0.0,0,0.0,0
2013-08-07T09:17:17.0,2274.000000,12119,2274.000000,84,0.0,0,0.0,0,0.0,0,0.0,0,2274.200000,30,0.0,0,0.0,0,0.0,0,0.0,0
2013-08-07T09:17:17.500,2274.200000,12150,2274.000000,75,0.0,0,0.0,0,0.0,0,0.0,0,2274.200000,14,0.0,0,0.0,0,0.0,0,0.0,0
2013-08-07T09:17:18.0,2274.000000,12179,2274.000000,76,0.0,0,0.0,0,0.0,0,0.0,0,2274.200000,4,0.0,0,0.0,0,0.0,0,0.0,0
2013-08-07T09:17:18.500,2274.200000,12205,2274.200000,22,0.0,0,0.0,0,0.0,0,0.0,0,2274.400000,32,0.0,0,0.0,0,0.0,0,0.0,0
2013-08-07T09:17:19.0,2274.400000,12220,2274.200000,63,0.0,0,0.0,0,0.0,0,0.0,0,2274.400000,29,0.0,0,0.0,0,0.0,0,0.0,0
2013-08-07T09:17:19.500,2274.400000,12270,2274.200000,44,0.0,0,0.0,0,0.0,0,0.0,0,2274.600000,48,0.0,0,0.0,0,0.0,0,0.0,0
2013-08-07T09:17:20.0,2274.600000,12278,2274.400000,21,0.0,0,0.0,0,0.0,0,0.0,0,2274.600000,44,0.0,0,0.0,0,0.0,0,0.0,0
2013-08-07T09:17:20.500,2274.400000,12304,2274.400000,5,0.0,0,0.0,0,0.0,0,0.0,0,2274.600000,44,0.0,0,0.0,0,0.0,0,0.0,0
2013-08-07T09:17:21.0,2274.200000,12337,2274.200000,56,0.0,0,0.0,0,0.0,0,0.0,0,2274.600000,18,0.0,0,0.0,0,0.0,0,0.0,0
2013-08-07T09:17:21.500,2274.200000,12338,2274.200000,58,0.0,0,0.0,0,0.0,0,0.0,0,2274.600000,18,0.0,0,0.0,0,0.0,0,0.0,0
2013-08-07T09:17:22.0,2274.200000,12341,2274.400000,2,0.0,0,0.0,0,0.0,0,0.0,0,2274.600000,17,0.0,0,0.0,0,0.0,0,0.0,0
2013-08-07T09:17:22.500,2274.200000,12345,2274.200000,55,0.0,0,0.0,0,0.0,0,0.0,0,2274.400000,12,0.0,0,0.0,0,0.0,0,0.0,0
2013-08-07T09:17:23.0,2274.200000,12363,2274.200000,53,0.0,0,0.0,0,0.0,0,0.0,0,2274.400000,4,0.0,0,0.0,0,0.0,0,0.0,0
2013-08-07T09:17:23.500,2274.600000,12375,2274.200000,56,0.0,0,0.0,0,0.0,0,0.0,0,2274.600000,21,0.0,0,0.0,0,0.0,0,0.0,0
2013-08-07T09:17:24.0,2274.200000,12383,2274.200000,54,0.0,0,0.0,0,0.0,0,0.0,0,2274.400000,9,0.0,0,0.0,0,0.0,0,0.0,0
2013-08-07T09:17:24.500,2274.200000,12385,2274.200000,53,0.0,0,0.0,0,0.0,0,0.0,0,2274.400000,13,0.0,0,0.0,0,0.0,0,0.0,0
2013-08-07T09:17:25.0,2274.000000,12445,2274.000000,64,0.0,0,0.0,0,0.0,0,0.0,0,2274.200000,1,0.0,0,0.0,0,0.0,0,0.0,0
2013-08-07T09:17:25.500,2274.200000,12461,2274.200000,2,0.0,0,0.0,0,0.0,0,0.0,0,2274.400000,5,0.0,0,0.0,0,0.0,0,0.0,0
2013-08-07T09:17:26.0,2274.200000,12469,2274.200000,1,0.0,0,0.0,0,0.0,0,0.0,0,2274.400000,8,0.0,0,0.0,0,0.0,0,0.0,0
2013-08-07T09:17:26.500,2274.400000,12478,2274.000000,67,0.0,0,0.0,0,0.0,0,0.0,0,2274.400000,5,0.0,0,0.0,0,0.0,0,0.0,0
2013-08-07T09:17:27.0,2274.200000,12492,2274.200000,4,0.0,0,0.0,0,0.0,0,0.0,0,2274.400000,3,0.0,0,0.0,0,0.0,0,0.0,0
2013-08-07T09:17:27.500,2274.400000,12496,2274.200000,5,0.0,0,0.0,0,0.0,0,0.0,0,2274.600000,27,0.0,0,0.0,0,0.0,0,0.0,0
2013-08-07T09:17:28.0,2274.200000,12509,2274.000000,71,0.0,0,0.0,0,0.0,0,0.0,0,2274.200000,2,0.0,0,0.0,0,0.0,0,0.0,0
2013-08-07T09:17:28.500,2274.000000,12518,2274.000000,72,0.0,0,0.0,0,0.0,0,0.0,0,2274.400000,1,0.0,0,0.0,0,0.0,0,0.0,0
2013-08-07T09:17:29.0,2274.000000,12520,2274.200000,2,0.0,0,0.0,0,0.0,0,0.0,0,2274.400000,1,0.0,0,0.0,0,0.0,0,0.0,0
2013-08-07T09:17:29.500,2274.200000,12528,2274.000000,71,0.0,0,0.0,0,0.0,0,0.0,0,2274.200000,3,0.0,0,0.0,0,0.0,0,0.0,0
2013-08-07T09:17:30.0,2274.000000,12565,2274.000000,52,0.0,0,0.0,0,0.0,0,0.0,0,2274.600000,25,0.0,0,0.0,0,0.0,0,0.0,0
2013-08-07T09:17:30.500,2274.200000,12569,2274.200000,2,0.0,0,0.0,0,0.0,0,0.0,0,2274.400000,6,0.0,0,0.0,0,0.0,0,0.0,0
2013-08-07T09:17:31.0,2274.200000,12580,2274.200000,4,0.0,0,0.0,0,0.0,0,0.0,0,2274.400000,5,0.0,0,0.0,0,0.0,0,0.0,0
2013-08-07T09:17:31.500,2274.200000,12586,2274.200000,1,0.0,0,0.0,0,0.0,0,0.0,0,2274.400000,5,0.0,0,0.0,0,0.0,0,0.0,0
2013-08-07T09:17:32.0,2274.400000,12594,2274.200000,4,0.0,0,0.0,0,0.0,0,0.0,0,2274.400000,14,0.0,0,0.0,0,0.0,0,0.0,0
2013-08-07T09:17:32.500,2274.200000,12607,2274.000000,54,0.0,0,0.0,0,0.0,0,0.0,0,2274.200000,5,0.0,0,0.0,0,0.0,0,0.0,0
2013-08-07T09:17:33.0,2274.200000,12615,2274.000000,53,0.0,0,0.0,0,0.0,0,0.0,0,2274.400000,13,0.0,0,0.0,0,0.0,0,0.0,0
2013-08-07T09:17:33.500,2274.000000,12616,2274.000000,53,0.0,0,0.0,0,0.0,0,0.0,0,2274.200000,13,0.0,0,0.0,0,0.0,0,0.0,0
2013-08-07T09:17:34.0,2274.000000,12659,2274.000000,15,0.0,0,0.0,0,0.0,0,0.0,0,2274.200000,12,0.0,0,0.0,0,0.0,0,0.0,0
2013-08-07T09:17:34.500,2274.000000,12678,2273.800000,54,0.0,0,0.0,0,0.0,0,0.0,0,2274.000000,30,0.0,0,0.0,0,0.0,0,0.0,0
2013-08-07T09:17:35.0,2274.000000,12697,2273.800000,39,0.0,0,0.0,0,0.0,0,0.0,0,2274.000000,33,0.0,0,0.0,0,0.0,0,0.0,0
2013-08-07T09:17:35.500,2273.800000,12720,2273.800000,31,0.0,0,0.0,0,0.0,0,0.0,0,2274.000000,18,0.0,0,0.0,0,0.0,0,0.0,0
2013-08-07T09:17:36.0,2274.000000,12731,2273.800000,23,0.0,0,0.0,0,0.0,0,0.0,0,2274.000000,28,0.0,0,0.0,0,0.0,0,0.0,0
2013-08-07T09:17:36.500,2273.800000,12740,2273.800000,19,0.0,0,0.0,0,0.0,0,0.0,0,2274.000000,24,0.0,0,0.0,0,0.0,0,0.0,0
2013-08-07T09:17:37.0,2273.800000,12747,2273.800000,18,0.0,0,0.0,0,0.0,0,0.0,0,2274.000000,24,0.0,0,0.0,0,0.0,0,0.0,0
2013-08-07T09:17:37.500,2273.800000,12764,2273.800000,51,0.0,0,0.0,0,0.0,0,0.0,0,2274.000000,12,0.0,0,0.0,0,0.0,0,0.0,0
2013-08-07T09:17:38.0,2274.200000,12799,2274.000000,20,0.0,0,0.0,0,0.0,0,0.0,0,2274.200000,13,0.0,0,0.0,0,0.0,0,0.0,0
2013-08-07T09:17:38.500,2274.000000,12809,2274.000000,16,0.0,0,0.0,0,0.0,0,0.0,0,2274.200000,7,0.0,0,0.0,0,0.0,0,0.0,0
2013-08-07T09:17:39.0,2274.200000,12836,2274.000000,14,0.0,0,0.0,0,0.0,0,0.0,0,2274.200000,1,0.0,0,0.0,0,0.0,0,0.0,0
2013-08-07T09:17:39.500,2274.200000,12841,2274.200000,7,0.0,0,0.0,0,0.0,0,0.0,0,2274.400000,18,0.0,0,0.0,0,0.0,0,0.0,0
2013-08-07T09:17:40.0,2274.200000,12846,2274.200000,5,0.0,0,0.0,0,0.0,0,0.0,0,2274.400000,17,0.0,0,0.0,0,0.0,0,0.0,0
2013-08-07T09:17:40.500,2274.400000,12852,2274.200000,1,0.0,0,0.0,0,0.0,0,0.0,0,2274.400000,16,0.0,0,0.0,0,0.0,0,0.0,0
2013-08-07T09:17:41.0,2274.400000,12857,2274.200000,6,0.0,0,0.0,0,0.0,0,0.0,0,2274.400000,14,0.0,0,0.0,0,0.0,0,0.0,0
2013-08-07T09:17:41.500,2274.200000,12870,2274.000000,19,0.0,0,0.0,0,0.0,0,0.0,0,2274.200000,2,0.0,0,0.0,0,0.0,0,0.0,0
2013-08-07T09:17:42.0,2274.200000,12876,2274.000000,19,0.0,0,0.0,0,0.0,0,0.0,0,2274.200000,3,0.0,0,0.0,0,0.0,0,0.0,0
2013-08-07T09:17:42.500,2274.200000,12883,2274.200000,1,0.0,0,0.0,0,0.0,0,0.0,0,2274.400000,23,0.0,0,0.0,0,0.0,0,0.0,0
2013-08-07T09:17:43.0,2274.200000,12902,2274.200000,3,0.0,0,0.0,0,0.0,0,0.0,0,2274.400000,28,0.0,0,0.0,0,0.0,0,0.0,0
2013-08-07T09:17:43.500,2274.000000,12915,2274.000000,2,0.0,0,0.0,0,0.0,0,0.0,0,2274.200000,33,0.0,0,0.0,0,0.0,0,0.0,0
2013-08-07T09:17:44.0,2274.200000,12920,2274.000000,2,0.0,0,0.0,0,0.0,0,0.0,0,2274.200000,34,0.0,0,0.0,0,0.0,0,0.0,0
2013-08-07T09:17:44.500,2274.000000,12923,2274.000000,5,0.0,0,0.0,0,0.0,0,0.0,0,2274.200000,36,0.0,0,0.0,0,0.0,0,0.0,0
2013-08-07T09:17:45.0,2274.000000,12932,2273.800000,46,0.0,0,0.0,0,0.0,0,0.0,0,2274.000000,5,0.0,0,0.0,0,0.0,0,0.0,0
2013-08-07T09:17:45.500,2274.000000,12935,2273.800000,47,0.0,0,0.0,0,0.0,0,0.0,0,2274.000000,5,0.0,0,0.0,0,0.0,0,0.0,0
2013-08-07T09:17:46.0,2274.200000,12963,2273.800000,44,0.0,0,0.0,0,0.0,0,0.0,0,2274.000000,10,0.0,0,0.0,0,0.0,0,0.0,0
2013-08-07T09:17:46.500,2273.800000,12966,2273.800000,43,0.0,0,0.0,0,0.0,0,0.0,0,2274.000000,16,0.0,0,0.0,0,0.0,0,0.0,0
2013-08-07T09:17:47.0,2274.000000,12977,2273.800000,45,0.0,0,0.0,0,0.0,0,0.0,0,2274.000000,17,0.0,0,0.0,0,0.0,0,0.0,0
2013-08-07T09:17:47.500,2274.000000,12980,2273.800000,43,0.0,0,0.0,0,0.0,0,0.0,0,2274.000000,21,0.0,0,0.0,0,0.0,0,0.0,0
2013-08-07T09:17:48.0,2273.800000,12990,2273.800000,35,0.0,0,0.0,0,0.0,0,0.0,0,2274.000000,20,0.0,0,0.0,0,0.0,0,0.0,0
2013-08-07T09:17:48.500,2273.800000,13029,2273.800000,12,0.0,0,0.0,0,0.0,0,0.0,0,2274.000000,4,0.0,0,0.0,0,0.0,0,0.0,0
2013-08-07T09:17:49.0,2274.000000,13037,2273.800000,6,0.0,0,0.0,0,0.0,0,0.0,0,2274.000000,9,0.0,0,0.0,0,0.0,0,0.0,0
2013-08-07T09:17:49.500,2274.000000,13045,2273.800000,3,0.0,0,0.0,0,0.0,0,0.0,0,2274.000000,11,0.0,0,0.0,0,0.0,0,0.0,0
2013-08-07T09:17:50.0,2273.800000,13050,2273.600000,26,0.0,0,0.0,0,0.0,0,0.0,0,2273.800000,1,0.0,0,0.0,0,0.0,0,0.0,0
2013-08-07T09:17:50.500,2273.600000,13065,2273.600000,21,0.0,0,0.0,0,0.0,0,0.0,0,2274.000000,15,0.0,0,0.0,0,0.0,0,0.0,0
2013-08-07T09:17:51.0,2273.800000,13066,2273.600000,21,0.0,0,0.0,0,0.0,0,0.0,0,2273.800000,1,0.0,0,0.0,0,0.0,0,0.0,0
2013-08-07T09:17:51.500,2273.600000,13070,2273.600000,20,0.0,0,0.0,0,0.0,0,0.0,0,2273.800000,5,0.0,0,0.0,0,0.0,0,0.0,0
2013-08-07T09:17:52.0,2273.600000,13109,2273.400000,52,0.0,0,0.0,0,0.0,0,0.0,0,2273.600000,1,0.0,0,0.0,0,0.0,0,0.0,0
2013-08-07T09:17:52.500,2273.600000,13152,2273.600000,3,0.0,0,0.0,0,0.0,0,0.0,0,2273.800000,9,0.0,0,0.0,0,0.0,0,0.0,0
2013-08-07T09:17:53.0,2273.800000,13157,2273.600000,7,0.0,0,0.0,0,0.0,0,0.0,0,2273.800000,8,0.0,0,0.0,0,0.0,0,0.0,0
2013-08-07T09:17:53.500,2273.600000,13162,2273.600000,5,0.0,0,0.0,0,0.0,0,0.0,0,2273.800000,5,0.0,0,0.0,0,0.0,0,0.0,0
2013-08-07T09:17:54.0,2273.400000,13175,2273.400000,69,0.0,0,0.0,0,0.0,0,0.0,0,2273.600000,3,0.0,0,0.0,0,0.0,0,0.0,0
2013-08-07T09:17:54.500,2273.400000,13185,2273.600000,1,0.0,0,0.0,0,0.0,0,0.0,0,2273.800000,24,0.0,0,0.0,0,0.0,0,0.0,0
2013-08-07T09:17:55.0,2273.600000,13201,2273.400000,20,0.0,0,0.0,0,0.0,0,0.0,0,2273.600000,2,0.0,0,0.0,0,0.0,0,0.0,0
2013-08-07T09:17:55.500,2273.800000,13211,2273.400000,19,0.0,0,0.0,0,0.0,0,0.0,0,2273.800000,19,0.0,0,0.0,0,0.0,0,0.0,0
2013-08-07T09:17:56.0,2273.600000,13225,2273.400000,60,0.0,0,0.0,0,0.0,0,0.0,0,2273.600000,7,0.0,0,0.0,0,0.0,0,0.0,0
2013-08-07T09:17:56.500,2273.400000,13253,2273.400000,76,0.0,0,0.0,0,0.0,0,0.0,0,2273.600000,2,0.0,0,0.0,0,0.0,0,0.0,0
2013-08-07T09:17:57.0,2273.400000,13272,2273.600000,5,0.0,0,0.0,0,0.0,0,0.0,0,2273.800000,22,0.0,0,0.0,0,0.0,0,0.0,0
2013-08-07T09:17:57.500,2273.600000,13293,2273.600000,22,0.0,0,0.0,0,0.0,0,0.0,0,2273.800000,8,0.0,0,0.0,0,0.0,0,0.0,0
2013-08-07T09:17:58.0,2273.800000,13311,2273.800000,3,0.0,0,0.0,0,0.0,0,0.0,0,2274.000000,31,0.0,0,0.0,0,0.0,0,0.0,0
2013-08-07T09:17:58.500,2273.800000,13373,2273.800000,6,0.0,0,0.0,0,0.0,0,0.0,0,2274.000000,24,0.0,0,0.0,0,0.0,0,0.0,0
2013-08-07T09:17:59.0,2274.000000,13375,2273.800000,15,0.0,0,0.0,0,0.0,0,0.0,0,2274.000000,22,0.0,0,0.0,0,0.0,0,0.0,0
2013-08-07T09:17:59.500,2274.000000,13380,2273.800000,11,0.0,0,0.0,0,0.0,0,0.0,0,2274.000000,21,0.0,0,0.0,0,0.0,0,0.0,0
2013-08-07T09:18:00.0,2273.800000,13389,2273.800000,2,0.0,0,0.0,0,0.0,0,0.0,0,2274.000000,26,0.0,0,0.0,0,0.0,0,0.0,0
2013-08-07T09:18:00.500,2273.600000,13468,2273.600000,21,0.0,0,0.0,0,0.0,0,0.0,0,2273.800000,142,0.0,0,0.0,0,0.0,0,0.0,0
2013-08-07T09:18:01.0,2273.600000,13560,2273.400000,13,0.0,0,0.0,0,0.0,0,0.0,0,2273.600000,36,0.0,0,0.0,0,0.0,0,0.0,0
2013-08-07T09:18:01.500,2273.600000,13574,2273.200000,213,0.0,0,0.0,0,0.0,0,0.0,0,2273.600000,39,0.0,0,0.0,0,0.0,0,0.0,0
2013-08-07T09:18:02.0,2273.600000,13606,2273.400000,28,0.0,0,0.0,0,0.0,0,0.0,0,2273.600000,39,0.0,0,0.0,0,0.0,0,0.0,0
2013-08-07T09:18:02.500,2273.600000,13664,2273.200000,194,0.0,0,0.0,0,0.0,0,0.0,0,2273.600000,32,0.0,0,0.0,0,0.0,0,0.0,0
2013-08-07T09:18:03.0,2273.600000,13676,2273.200000,207,0.0,0,0.0,0,0.0,0,0.0,0,2273.600000,26,0.0,0,0.0,0,0.0,0,0.0,0
2013-08-07T09:18:03.500,2273.200000,13758,2273.600000,3,0.0,0,0.0,0,0.0,0,0.0,0,2273.800000,149,0.0,0,0.0,0,0.0,0,0.0,0
2013-08-07T09:18:04.0,2273.400000,13774,2273.200000,155,0.0,0,0.0,0,0.0,0,0.0,0,2273.400000,8,0.0,0,0.0,0,0.0,0,0.0,0
2013-08-07T09:18:04.500,2273.200000,13795,2273.200000,145,0.0,0,0.0,0,0.0,0,0.0,0,2273.400000,14,0.0,0,0.0,0,0.0,0,0.0,0
2013-08-07T09:18:05.0,2273.200000,13809,2273.200000,125,0.0,0,0.0,0,0.0,0,0.0,0,2273.400000,22,0.0,0,0.0,0,0.0,0,0.0,0
2013-08-07T09:18:05.500,2273.400000,13824,2273.200000,111,0.0,0,0.0,0,0.0,0,0.0,0,2273.400000,22,0.0,0,0.0,0,0.0,0,0.0,0
2013-08-07T09:18:06.0,2273.400000,13844,2273.200000,102,0.0,0,0.0,0,0.0,0,0.0,0,2273.400000,14,0.0,0,0.0,0,0.0,0,0.0,0
2013-08-07T09:18:06.500,2273.400000,13940,2273.200000,11,0.0,0,0.0,0,0.0,0,0.0,0,2273.400000,15,0.0,0,0.0,0,0.0,0,0.0,0
2013-08-07T09:18:07.0,2273.000000,13956,2273.000000,321,0.0,0,0.0,0,0.0,0,0.0,0,2273.200000,29,0.0,0,0.0,0,0.0,0,0.0,0
2013-08-07T09:18:07.500,2273.200000,13984,2273.000000,322,0.0,0,0.0,0,0.0,0,0.0,0,2273.200000,4,0.0,0,0.0,0,0.0,0,0.0,0
2013-08-07T09:18:08.0,2273.000000,14033,2273.000000,291,0.0,0,0.0,0,0.0,0,0.0,0,2273.400000,14,0.0,0,0.0,0,0.0,0,0.0,0
2013-08-07T09:18:08.500,2273.200000,14053,2273.200000,28,0.0,0,0.0,0,0.0,0,0.0,0,2273.400000,13,0.0,0,0.0,0,0.0,0,0.0,0
2013-08-07T09:18:09.0,2273.200000,14065,2273.200000,32,0.0,0,0.0,0,0.0,0,0.0,0,2273.400000,12,0.0,0,0.0,0,0.0,0,0.0,0
2013-08-07T09:18:09.500,2273.400000,14078,2273.200000,31,0.0,0,0.0,0,0.0,0,0.0,0,2273.400000,9,0.0,0,0.0,0,0.0,0,0.0,0
2013-08-07T09:18:10.0,2273.400000,14086,2273.200000,39,0.0,0,0.0,0,0.0,0,0.0,0,2273.400000,6,0.0,0,0.0,0,0.0,0,0.0,0
2013-08-07T09:18:10.500,2273.400000,14099,2273.400000,5,0.0,0,0.0,0,0.0,0,0.0,0,2273.600000,28,0.0,0,0.0,0,0.0,0,0.0,0
2013-08-07T09:18:11.0,2273.600000,14129,2273.400000,11,0.0,0,0.0,0,0.0,0,0.0,0,2273.600000,7,0.0,0,0.0,0,0.0,0,0.0,0
2013-08-07T09:18:11.500,2273.400000,14137,2273.400000,17,0.0,0,0.0,0,0.0,0,0.0,0,2273.600000,1,0.0,0,0.0,0,0.0,0,0.0,0
2013-08-07T09:18:12.0,2273.600000,14140,2273.600000,8,0.0,0,0.0,0,0.0,0,0.0,0,2273.800000,177,0.0,0,0.0,0,0.0,0,0.0,0
2013-08-07T09:18:12.500,2273.400000,14153,2273.400000,13,0.0,0,0.0,0,0.0,0,0.0,0,2273.600000,2,0.0,0,0.0,0,0.0,0,0.0,0
2013-08-07T09:18:13.0,2273.600000,14163,2273.400000,18,0.0,0,0.0,0,0.0,0,0.0,0,2273.600000,8,0.0,0,0.0,0,0.0,0,0.0,0
2013-08-07T09:18:13.500,2273.400000,14175,2273.400000,14,0.0,0,0.0,0,0.0,0,0.0,0,2273.600000,3,0.0,0,0.0,0,0.0,0,0.0,0
2013-08-07T09:18:14.0,2273.400000,14188,2273.400000,15,0.0,0,0.0,0,0.0,0,0.0,0,2273.600000,6,0.0,0,0.0,0,0.0,0,0.0,0
2013-08-07T09:18:14.500,2273.600000,14195,2273.400000,14,0.0,0,0.0,0,0.0,0,0.0,0,2273.600000,2,0.0,0,0.0,0,0.0,0,0.0,0
2013-08-07T09:18:15.0,2273.600000,14197,2273.400000,13,0.0,0,0.0,0,0.0,0,0.0,0,2273.600000,1,0.0,0,0.0,0,0.0,0,0.0,0
2013-08-07T09:18:15.500,2273.600000,14209,2273.600000,11,0.0,0,0.0,0,0.0,0,0.0,0,2273.800000,168,0.0,0,0.0,0,0.0,0,0.0,0
2013-08-07T09:18:16.0,2273.600000,14226,2273.600000,1,0.0,0,0.0,0,0.0,0,0.0,0,2273.800000,169,0.0,0,0.0,0,0.0,0,0.0,0
2013-08-07T09:18:16.500,2273.400000,14231,2273.400000,12,0.0,0,0.0,0,0.0,0,0.0,0,2273.800000,169,0.0,0,0.0,0,0.0,0,0.0,0
2013-08-07T09:18:17.0,2273.600000,14250,2273.600000,3,0.0,0,0.0,0,0.0,0,0.0,0,2273.800000,155,0.0,0,0.0,0,0.0,0,0.0,0
2013-08-07T09:18:17.500,2273.400000,14262,2273.400000,4,0.0,0,0.0,0,0.0,0,0.0,0,2273.800000,152,0.0,0,0.0,0,0.0,0,0.0,0
2013-08-07T09:18:18.0,2273.600000,14264,2273.400000,7,0.0,0,0.0,0,0.0,0,0.0,0,2273.600000,2,0.0,0,0.0,0,0.0,0,0.0,0
2013-08-07T09:18:18.500,2273.600000,14265,2273.400000,20,0.0,0,0.0,0,0.0,0,0.0,0,2273.600000,59,0.0,0,0.0,0,0.0,0,0.0,0
2013-08-07T09:18:19.0,2273.600000,14277,2273.400000,14,0.0,0,0.0,0,0.0,0,0.0,0,2273.600000,55,0.0,0,0.0,0,0.0,0,0.0,0
2013-08-07T09:18:19.500,2273.400000,14294,2273.400000,1,0.0,0,0.0,0,0.0,0,0.0,0,2273.600000,46,0.0,0,0.0,0,0.0,0,0.0,0
2013-08-07T09:18:20.0,2273.400000,14298,2273.200000,36,0.0,0,0.0,0,0.0,0,0.0,0,2273.400000,65,0.0,0,0.0,0,0.0,0,0.0,0
2013-08-07T09:18:20.500,2273.400000,14322,2273.200000,15,0.0,0,0.0,0,0.0,0,0.0,0,2273.400000,66,0.0,0,0.0,0,0.0,0,0.0,0
2013-08-07T09:18:21.0,2273.200000,14339,2273.000000,313,0.0,0,0.0,0,0.0,0,0.0,0,2273.200000,6,0.0,0,0.0,0,0.0,0,0.0,0
2013-08-07T09:18:21.500,2273.400000,14353,2273.200000,17,0.0,0,0.0,0,0.0,0,0.0,0,2273.400000,54,0.0,0,0.0,0,0.0,0,0.0,0
2013-08-07T09:18:22.0,2273.400000,14360,2273.200000,12,0.0,0,0.0,0,0.0,0,0.0,0,2273.400000,51,0.0,0,0.0,0,0.0,0,0.0,0
2013-08-07T09:18:22.500,2273.400000,14364,2273.200000,11,0.0,0,0.0,0,0.0,0,0.0,0,2273.400000,54,0.0,0,0.0,0,0.0,0,0.0,0
2013-08-07T09:18:23.0,2273.200000,14372,2273.200000,8,0.0,0,0.0,0,0.0,0,0.0,0,2273.400000,50,0.0,0,0.0,0,0.0,0,0.0,0
2013-08-07T09:18:23.500,2273.200000,14388,2273.000000,313,0.0,0,0.0,0,0.0,0,0.0,0,2273.400000,49,0.0,0,0.0,0,0.0,0,0.0,0
2013-08-07T09:18:24.0,2273.400000,14397,2273.200000,5,0.0,0,0.0,0,0.0,0,0.0,0,2273.400000,41,0.0,0,0.0,0,0.0,0,0.0,0
2013-08-07T09:18:24.500,2273.000000,14408,2273.000000,307,0.0,0,0.0,0,0.0,0,0.0,0,2273.200000,2,0.0,0,0.0,0,0.0,0,0.0,0
2013-08-07T09:18:25.0,2273.200000,14411,2273.000000,307,0.0,0,0.0,0,0.0,0,0.0,0,2273.200000,12,0.0,0,0.0,0,0.0,0,0.0,0
2013-08-07T09:18:25.500,2273.000000,14424,2273.000000,305,0.0,0,0.0,0,0.0,0,0.0,0,2273.200000,13,0.0,0,0.0,0,0.0,0,0.0,0
2013-08-07T09:18:26.0,2273.000000,14510,2273.000000,222,0.0,0,0.0,0,0.0,0,0.0,0,2273.200000,11,0.0,0,0.0,0,0.0,0,0.0,0
2013-08-07T09:18:26.500,2273.000000,14516,2273.000000,217,0.0,0,0.0,0,0.0,0,0.0,0,2273.200000,16,0.0,0,0.0,0,0.0,0,0.0,0
2013-08-07T09:18:27.0,2273.000000,14521,2273.000000,212,0.0,0,0.0,0,0.0,0,0.0,0,2273.200000,42,0.0,0,0.0,0,0.0,0,0.0,0
2013-08-07T09:18:27.500,2273.000000,14544,2273.000000,197,0.0,0,0.0,0,0.0,0,0.0,0,2273.200000,39,0.0,0,0.0,0,0.0,0,0.0,0
2013-08-07T09:18:28.0,2273.000000,14629,2273.000000,113,0.0,0,0.0,0,0.0,0,0.0,0,2273.200000,37,0.0,0,0.0,0,0.0,0,0.0,0
2013-08-07T09:18:28.500,2273.000000,14681,2273.000000,64,0.0,0,0.0,0,0.0,0,0.0,0,2273.200000,31,0.0,0,0.0,0,0.0,0,0.0,0
2013-08-07T09:18:29.0,2273.000000,14698,2273.000000,48,0.0,0,0.0,0,0.0,0,0.0,0,2273.200000,30,0.0,0,0.0,0,0.0,0,0.0,0
2013-08-07T09:18:29.500,2273.000000,14706,2273.000000,40,0.0,0,0.0,0,0.0,0,0.0,0,2273.200000,30,0.0,0,0.0,0,0.0,0,0.0,0
2013-08-07T09:18:30.0,2273.000000,14718,2273.000000,32,0.0,0,0.0,0,0.0,0,0.0,0,2273.200000,30,0.0,0,0.0,0,0.0,0,0.0,0
2013-08-07T09:18:30.500,2273.200000,14760,2273.000000,36,0.0,0,0.0,0,0.0,0,0.0,0,2273.400000,48,0.0,0,0.0,0,0.0,0,0.0,0
2013-08-07T09:18:31.0,2273.000000,14778,2273.000000,22,0.0,0,0.0,0,0.0,0,0.0,0,2273.200000,2,0.0,0,0.0,0,0.0,0,0.0,0
2013-08-07T09:18:31.500,2273.000000,14789,2273.200000,2,0.0,0,0.0,0,0.0,0,0.0,0,2273.400000,48,0.0,0,0.0,0,0.0,0,0.0,0
2013-08-07T09:18:32.0,2273.200000,14792,2273.200000,9,0.0,0,0.0,0,0.0,0,0.0,0,2273.400000,47,0.0,0,0.0,0,0.0,0,0.0,0
2013-08-07T09:18:32.500,2273.200000,14806,2273.200000,3,0.0,0,0.0,0,0.0,0,0.0,0,2273.400000,40,0.0,0,0.0,0,0.0,0,0.0,0
2013-08-07T09:18:33.0,2273.200000,14819,2273.200000,14,0.0,0,0.0,0,0.0,0,0.0,0,2273.400000,39,0.0,0,0.0,0,0.0,0,0.0,0
2013-08-07T09:18:33.500,2273.200000,14832,2273.200000,19,0.0,0,0.0,0,0.0,0,0.0,0,2273.400000,40,0.0,0,0.0,0,0.0,0,0.0,0
2013-08-07T09:18:34.0,2273.200000,14852,2273.200000,15,0.0,0,0.0,0,0.0,0,0.0,0,2273.400000,39,0.0,0,0.0,0,0.0,0,0.0,0
2013-08-07T09:18:34.500,2273.400000,14862,2273.200000,14,0.0,0,0.0,0,0.0,0,0.0,0,2273.400000,32,0.0,0,0.0,0,0.0,0,0.0,0
2013-08-07T09:18:35.0,2273.200000,14867,2273.200000,18,0.0,0,0.0,0,0.0,0,0.0,0,2273.400000,29,0.0,0,0.0,0,0.0,0,0.0,0
2013-08-07T09:18:35.500,2273.200000,14875,2273.200000,14,0.0,0,0.0,0,0.0,0,0.0,0,2273.400000,26,0.0,0,0.0,0,0.0,0,0.0,0
2013-08-07T09:18:36.0,2273.200000,14879,2273.200000,10,0.0,0,0.0,0,0.0,0,0.0,0,2273.400000,26,0.0,0,0.0,0,0.0,0,0.0,0
2013-08-07T09:18:36.500,2273.400000,14888,2273.200000,9,0.0,0,0.0,0,0.0,0,0.0,0,2273.400000,22,0.0,0,0.0,0,0.0,0,0.0,0
2013-08-07T09:18:37.0,2273.400000,14893,2273.200000,9,0.0,0,0.0,0,0.0,0,0.0,0,2273.400000,18,0.0,0,0.0,0,0.0,0,0.0,0
2013-08-07T09:18:37.500,2273.400000,14907,2273.200000,8,0.0,0,0.0,0,0.0,0,0.0,0,2273.400000,6,0.0,0,0.0,0,0.0,0,0.0,0
2013-08-07T09:18:38.0,2273.600000,14916,2273.200000,12,0.0,0,0.0,0,0.0,0,0.0,0,2273.400000,3,0.0,0,0.0,0,0.0,0,0.0,0
2013-08-07T09:18:38.500,2273.400000,14926,2273.200000,25,0.0,0,0.0,0,0.0,0,0.0,0,2273.400000,4,0.0,0,0.0,0,0.0,0,0.0,0
2013-08-07T09:18:39.0,2273.600000,14935,2273.400000,7,0.0,0,0.0,0,0.0,0,0.0,0,2273.600000,62,0.0,0,0.0,0,0.0,0,0.0,0
2013-08-07T09:18:39.500,2273.600000,14936,2273.400000,9,0.0,0,0.0,0,0.0,0,0.0,0,2273.600000,61,0.0,0,0.0,0,0.0,0,0.0,0
2013-08-07T09:18:40.0,2273.600000,14952,2273.400000,56,0.0,0,0.0,0,0.0,0,0.0,0,2273.600000,54,0.0,0,0.0,0,0.0,0,0.0,0
2013-08-07T09:18:40.500,2273.600000,15021,2273.400000,60,0.0,0,0.0,0,0.0,0,0.0,0,2273.800000,152,0.0,0,0.0,0,0.0,0,0.0,0
2013-08-07T09:18:41.0,2273.800000,15057,2273.600000,79,0.0,0,0.0,0,0.0,0,0.0,0,2273.800000,117,0.0,0,0.0,0,0.0,0,0.0,0
2013-08-07T09:18:41.500,2273.800000,15114,2273.600000,70,0.0,0,0.0,0,0.0,0,0.0,0,2273.800000,60,0.0,0,0.0,0,0.0,0,0.0,0
2013-08-07T09:18:42.0,2274.000000,15184,2273.800000,21,0.0,0,0.0,0,0.0,0,0.0,0,2274.000000,21,0.0,0,0.0,0,0.0,0,0.0,0
2013-08-07T09:18:42.500,2274.000000,15217,2274.000000,7,0.0,0,0.0,0,0.0,0,0.0,0,2274.200000,1,0.0,0,0.0,0,0.0,0,0.0,0
2013-08-07T09:18:43.0,2274.200000,15226,2274.200000,19,0.0,0,0.0,0,0.0,0,0.0,0,2274.400000,22,0.0,0,0.0,0,0.0,0,0.0,0
2013-08-07T09:18:43.500,2274.400000,15267,2274.400000,16,0.0,0,0.0,0,0.0,0,0.0,0,2274.600000,25,0.0,0,0.0,0,0.0,0,0.0,0
2013-08-07T09:18:44.0,2274.600000,15269,2274.400000,22,0.0,0,0.0,0,0.0,0,0.0,0,2274.600000,22,0.0,0,0.0,0,0.0,0,0.0,0
2013-08-07T09:18:44.500,2274.600000,15298,2274.600000,1,0.0,0,0.0,0,0.0,0,0.0,0,2274.800000,40,0.0,0,0.0,0,0.0,0,0.0,0
2013-08-07T09:18:45.0,2274.600000,15337,2274.400000,14,0.0,0,0.0,0,0.0,0,0.0,0,2274.600000,23,0.0,0,0.0,0,0.0,0,0.0,0
2013-08-07T09:18:45.500,2274.600000,15363,2274.600000,3,0.0,0,0.0,0,0.0,0,0.0,0,2274.800000,19,0.0,0,0.0,0,0.0,0,0.0,0
2013-08-07T09:18:46.0,2274.600000,15373,2274.600000,8,0.0,0,0.0,0,0.0,0,0.0,0,2274.800000,28,0.0,0,0.0,0,0.0,0,0.0,0
2013-08-07T09:18:46.500,2274.800000,15386,2274.600000,8,0.0,0,0.0,0,0.0,0,0.0,0,2274.800000,20,0.0,0,0.0,0,0.0,0,0.0,0
2013-08-07T09:18:47.0,2274.600000,15414,2274.600000,2,0.0,0,0.0,0,0.0,0,0.0,0,2274.800000,2,0.0,0,0.0,0,0.0,0,0.0,0
2013-08-07T09:18:47.500,2274.600000,15424,2274.800000,1,0.0,0,0.0,0,0.0,0,0.0,0,2275.000000,54,0.0,0,0.0,0,0.0,0,0.0,0
2013-08-07T09:18:48.0,2274.800000,15451,2274.400000,16,0.0,0,0.0,0,0.0,0,0.0,0,2274.800000,9,0.0,0,0.0,0,0.0,0,0.0,0
2013-08-07T09:18:48.500,2274.400000,15460,2274.400000,12,0.0,0,0.0,0,0.0,0,0.0,0,2274.800000,12,0.0,0,0.0,0,0.0,0,0.0,0
2013-08-07T09:18:49.0,2274.800000,15468,2274.600000,1,0.0,0,0.0,0,0.0,0,0.0,0,2274.800000,11,0.0,0,0.0,0,0.0,0,0.0,0
2013-08-07T09:18:49.500,2274.800000,15478,2274.600000,2,0.0,0,0.0,0,0.0,0,0.0,0,2274.800000,6,0.0,0,0.0,0,0.0,0,0.0,0
2013-08-07T09:18:50.0,2274.800000,15489,2274.800000,4,0.0,0,0.0,0,0.0,0,0.0,0,2275.000000,49,0.0,0,0.0,0,0.0,0,0.0,0
2013-08-07T09:18:50.500,2275.000000,15508,2274.400000,11,0.0,0,0.0,0,0.0,0,0.0,0,2275.000000,41,0.0,0,0.0,0,0.0,0,0.0,0
2013-08-07T09:18:51.0,2274.800000,15518,2274.600000,9,0.0,0,0.0,0,0.0,0,0.0,0,2274.800000,8,0.0,0,0.0,0,0.0,0,0.0,0
2013-08-07T09:18:51.500,2275.000000,15532,2274.800000,1,0.0,0,0.0,0,0.0,0,0.0,0,2275.000000,46,0.0,0,0.0,0,0.0,0,0.0,0
2013-08-07T09:18:52.0,2274.800000,15546,2274.600000,15,0.0,0,0.0,0,0.0,0,0.0,0,2274.800000,1,0.0,0,0.0,0,0.0,0,0.0,0
2013-08-07T09:18:52.500,2274.600000,15575,2274.400000,31,0.0,0,0.0,0,0.0,0,0.0,0,2274.600000,83,0.0,0,0.0,0,0.0,0,0.0,0
2013-08-07T09:18:53.0,2274.400000,15625,2274.200000,9,0.0,0,0.0,0,0.0,0,0.0,0,2274.400000,54,0.0,0,0.0,0,0.0,0,0.0,0
2013-08-07T09:18:53.500,2274.000000,15658,2274.000000,14,0.0,0,0.0,0,0.0,0,0.0,0,2274.200000,2,0.0,0,0.0,0,0.0,0,0.0,0
2013-08-07T09:18:54.0,2274.000000,15660,2274.000000,12,0.0,0,0.0,0,0.0,0,0.0,0,2274.200000,9,0.0,0,0.0,0,0.0,0,0.0,0
2013-08-07T09:18:54.500,2274.000000,15666,2274.000000,6,0.0,0,0.0,0,0.0,0,0.0,0,2274.200000,10,0.0,0,0.0,0,0.0,0,0.0,0
2013-08-07T09:18:55.0,2274.200000,15679,2274.200000,1,0.0,0,0.0,0,0.0,0,0.0,0,2274.400000,3,0.0,0,0.0,0,0.0,0,0.0,0
2013-08-07T09:18:55.500,2274.200000,15687,2274.400000,4,0.0,0,0.0,0,0.0,0,0.0,0,2274.600000,94,0.0,0,0.0,0,0.0,0,0.0,0
2013-08-07T09:18:56.0,2274.400000,15694,2274.200000,8,0.0,0,0.0,0,0.0,0,0.0,0,2274.400000,1,0.0,0,0.0,0,0.0,0,0.0,0
2013-08-07T09:18:56.500,2274.600000,15706,2274.400000,2,0.0,0,0.0,0,0.0,0,0.0,0,2274.600000,91,0.0,0,0.0,0,0.0,0,0.0,0
2013-08-07T09:18:57.0,2274.600000,15709,2274.400000,6,0.0,0,0.0,0,0.0,0,0.0,0,2274.600000,89,0.0,0,0.0,0,0.0,0,0.0,0
2013-08-07T09:18:57.500,2274.600000,15720,2274.400000,6,0.0,0,0.0,0,0.0,0,0.0,0,2274.600000,78,0.0,0,0.0,0,0.0,0,0.0,0
2013-08-07T09:18:58.0,2274.400000,15723,2274.400000,6,0.0,0,0.0,0,0.0,0,0.0,0,2274.600000,71,0.0,0,0.0,0,0.0,0,0.0,0
2013-08-07T09:18:58.500,2274.400000,15727,2274.400000,5,0.0,0,0.0,0,0.0,0,0.0,0,2274.600000,71,0.0,0,0.0,0,0.0,0,0.0,0
2013-08-07T09:18:59.0,2274.600000,15735,2274.400000,33,0.0,0,0.0,0,0.0,0,0.0,0,2274.600000,63,0.0,0,0.0,0,0.0,0,0.0,0
2013-08-07T09:18:59.500,2274.400000,15737,2274.400000,32,0.0,0,0.0,0,0.0,0,0.0,0,2274.600000,65,0.0,0,0.0,0,0.0,0,0.0,0
2013-08-07T09:19:00.0,2275.000000,15872,2274.600000,51,0.0,0,0.0,0,0.0,0,0.0,0,2275.000000,12,0.0,0,0.0,0,0.0,0,0.0,0
2013-08-07T09:19:00.500,2275.000000,15896,2275.000000,3,0.0,0,0.0,0,0.0,0,0.0,0,2275.200000,36,0.0,0,0.0,0,0.0,0,0.0,0
2013-08-07T09:19:01.0,2275.200000,15936,2274.800000,47,0.0,0,0.0,0,0.0,0,0.0,0,2275.400000,13,0.0,0,0.0,0,0.0,0,0.0,0
2013-08-07T09:19:01.500,2275.200000,15949,2275.200000,7,0.0,0,0.0,0,0.0,0,0.0,0,2275.400000,13,0.0,0,0.0,0,0.0,0,0.0,0
2013-08-07T09:19:02.0,2275.200000,15985,2275.200000,1,0.0,0,0.0,0,0.0,0,0.0,0,2275.400000,20,0.0,0,0.0,0,0.0,0,0.0,0
2013-08-07T09:19:02.500,2275.400000,16007,2275.200000,10,0.0,0,0.0,0,0.0,0,0.0,0,2275.400000,16,0.0,0,0.0,0,0.0,0,0.0,0
2013-08-07T09:19:03.0,2275.200000,16020,2275.200000,6,0.0,0,0.0,0,0.0,0,0.0,0,2275.400000,13,0.0,0,0.0,0,0.0,0,0.0,0
2013-08-07T09:19:03.500,2275.200000,16033,2275.000000,26,0.0,0,0.0,0,0.0,0,0.0,0,2275.400000,9,0.0,0,0.0,0,0.0,0,0.0,0
2013-08-07T09:19:04.0,2275.000000,16048,2275.000000,20,0.0,0,0.0,0,0.0,0,0.0,0,2275.200000,1,0.0,0,0.0,0,0.0,0,0.0,0
2013-08-07T09:19:04.500,2275.400000,16060,2275.200000,5,0.0,0,0.0,0,0.0,0,0.0,0,2275.400000,1,0.0,0,0.0,0,0.0,0,0.0,0
2013-08-07T09:19:05.0,2275.400000,16071,2275.000000,9,0.0,0,0.0,0,0.0,0,0.0,0,2275.400000,2,0.0,0,0.0,0,0.0,0,0.0,0
2013-08-07T09:19:05.500,2275.200000,16083,2275.000000,8,0.0,0,0.0,0,0.0,0,0.0,0,2275.200000,8,0.0,0,0.0,0,0.0,0,0.0,0
2013-08-07T09:19:06.0,2275.200000,16100,2275.000000,7,0.0,0,0.0,0,0.0,0,0.0,0,2275.200000,1,0.0,0,0.0,0,0.0,0,0.0,0
2013-08-07T09:19:06.500,2275.400000,16106,2275.400000,3,0.0,0,0.0,0,0.0,0,0.0,0,2275.600000,42,0.0,0,0.0,0,0.0,0,0.0,0
2013-08-07T09:19:07.0,2275.200000,16114,2275.200000,3,0.0,0,0.0,0,0.0,0,0.0,0,2275.400000,2,0.0,0,0.0,0,0.0,0,0.0,0
2013-08-07T09:19:07.500,2275.600000,16130,2275.400000,5,0.0,0,0.0,0,0.0,0,0.0,0,2275.600000,37,0.0,0,0.0,0,0.0,0,0.0,0
2013-08-07T09:19:08.0,2275.600000,16144,2275.400000,8,0.0,0,0.0,0,0.0,0,0.0,0,2275.600000,38,0.0,0,0.0,0,0.0,0,0.0,0
2013-08-07T09:19:08.500,2275.600000,16163,2275.400000,11,0.0,0,0.0,0,0.0,0,0.0,0,2275.600000,21,0.0,0,0.0,0,0.0,0,0.0,0
2013-08-07T09:19:09.0,2275.600000,16183,2275.400000,15,0.0,0,0.0,0,0.0,0,0.0,0,2275.600000,6,0.0,0,0.0,0,0.0,0,0.0,0
2013-08-07T09:19:09.500,2275.600000,16213,2275.600000,21,0.0,0,0.0,0,0.0,0,0.0,0,2275.800000,25,0.0,0,0.0,0,0.0,0,0.0,0
2013-08-07T09:19:10.0,2275.800000,16240,2275.600000,12,0.0,0,0.0,0,0.0,0,0.0,0,2275.800000,8,0.0,0,0.0,0,0.0,0,0.0,0
2013-08-07T09:19:10.500,2276.000000,16273,2275.800000,3,0.0,0,0.0,0,0.0,0,0.0,0,2276.000000,79,0.0,0,0.0,0,0.0,0,0.0,0
2013-08-07T09:19:11.0,2276.000000,16329,2275.600000,10,0.0,0,0.0,0,0.0,0,0.0,0,2275.800000,1,0.0,0,0.0,0,0.0,0,0.0,0
2013-08-07T09:19:11.500,2275.800000,16347,2275.800000,63,0.0,0,0.0,0,0.0,0,0.0,0,2276.000000,19,0.0,0,0.0,0,0.0,0,0.0,0
2013-08-07T09:19:12.0,2276.000000,16406,2276.000000,72,0.0,0,0.0,0,0.0,0,0.0,0,2276.200000,2,0.0,0,0.0,0,0.0,0,0.0,0
2013-08-07T09:19:12.500,2276.200000,16430,2276.200000,51,0.0,0,0.0,0,0.0,0,0.0,0,2276.600000,9,0.0,0,0.0,0,0.0,0,0.0,0
2013-08-07T09:19:13.0,2276.600000,16446,2276.200000,20,0.0,0,0.0,0,0.0,0,0.0,0,2276.600000,3,0.0,0,0.0,0,0.0,0,0.0,0
2013-08-07T09:19:13.500,2276.600000,16485,2276.600000,6,0.0,0,0.0,0,0.0,0,0.0,0,2276.800000,70,0.0,0,0.0,0,0.0,0,0.0,0
2013-08-07T09:19:14.0,2276.200000,16522,2276.000000,42,0.0,0,0.0,0,0.0,0,0.0,0,2276.400000,34,0.0,0,0.0,0,0.0,0,0.0,0
2013-08-07T09:19:14.500,2275.800000,16587,2275.800000,26,0.0,0,0.0,0,0.0,0,0.0,0,2276.000000,13,0.0,0,0.0,0,0.0,0,0.0,0
2013-08-07T09:19:15.0,2276.200000,16662,2276.000000,9,0.0,0,0.0,0,0.0,0,0.0,0,2276.200000,49,0.0,0,0.0,0,0.0,0,0.0,0
2013-08-07T09:19:15.500,2275.400000,16696,2275.200000,12,0.0,0,0.0,0,0.0,0,0.0,0,2275.800000,4,0.0,0,0.0,0,0.0,0,0.0,0
2013-08-07T09:19:16.0,2275.600000,16719,2275.400000,2,0.0,0,0.0,0,0.0,0,0.0,0,2275.600000,10,0.0,0,0.0,0,0.0,0,0.0,0
2013-08-07T09:19:16.500,2275.600000,16749,2275.000000,2,0.0,0,0.0,0,0.0,0,0.0,0,2275.400000,5,0.0,0,0.0,0,0.0,0,0.0,0
2013-08-07T09:19:17.0,2275.000000,16758,2275.000000,10,0.0,0,0.0,0,0.0,0,0.0,0,2275.400000,12,0.0,0,0.0,0,0.0,0,0.0,0
2013-08-07T09:19:17.500,2275.400000,16783,2275.200000,1,0.0,0,0.0,0,0.0,0,0.0,0,2275.400000,2,0.0,0,0.0,0,0.0,0,0.0,0
2013-08-07T09:19:18.0,2275.000000,16787,2275.000000,10,0.0,0,0.0,0,0.0,0,0.0,0,2275.200000,2,0.0,0,0.0,0,0.0,0,0.0,0
2013-08-07T09:19:18.500,2275.400000,16799,2275.400000,8,0.0,0,0.0,0,0.0,0,0.0,0,2275.600000,7,0.0,0,0.0,0,0.0,0,0.0,0
2013-08-07T09:19:19.0,2275.200000,16812,2275.000000,8,0.0,0,0.0,0,0.0,0,0.0,0,2275.200000,2,0.0,0,0.0,0,0.0,0,0.0,0
2013-08-07T09:19:19.500,2275.000000,16826,2275.000000,5,0.0,0,0.0,0,0.0,0,0.0,0,2275.600000,34,0.0,0,0.0,0,0.0,0,0.0,0
2013-08-07T09:19:20.0,2274.800000,16850,2274.800000,6,0.0,0,0.0,0,0.0,0,0.0,0,2275.000000,7,0.0,0,0.0,0,0.0,0,0.0,0
2013-08-07T09:19:20.500,2274.400000,16871,2274.400000,4,0.0,0,0.0,0,0.0,0,0.0,0,2274.800000,21,0.0,0,0.0,0,0.0,0,0.0,0
2013-08-07T09:19:21.0,2274.800000,16895,2274.200000,2,0.0,0,0.0,0,0.0,0,0.0,0,2274.400000,100,0.0,0,0.0,0,0.0,0,0.0,0
2013-08-07T09:19:21.500,2274.200000,16964,2273.600000,8,0.0,0,0.0,0,0.0,0,0.0,0,2274.200000,68,0.0,0,0.0,0,0.0,0,0.0,0
2013-08-07T09:19:22.0,2274.000000,17005,2273.800000,5,0.0,0,0.0,0,0.0,0,0.0,0,2274.000000,6,0.0,0,0.0,0,0.0,0,0.0,0
2013-08-07T09:19:22.500,2274.000000,17021,2274.000000,10,0.0,0,0.0,0,0.0,0,0.0,0,2274.200000,12,0.0,0,0.0,0,0.0,0,0.0,0
2013-08-07T09:19:23.0,2274.000000,17041,2274.000000,5,0.0,0,0.0,0,0.0,0,0.0,0,2274.200000,9,0.0,0,0.0,0,0.0,0,0.0,0
2013-08-07T09:19:23.500,2274.000000,17054,2273.800000,10,0.0,0,0.0,0,0.0,0,0.0,0,2274.200000,18,0.0,0,0.0,0,0.0,0,0.0,0
2013-08-07T09:19:24.0,2274.000000,17061,2274.000000,19,0.0,0,0.0,0,0.0,0,0.0,0,2274.200000,21,0.0,0,0.0,0,0.0,0,0.0,0
2013-08-07T09:19:24.500,2274.000000,17079,2274.000000,15,0.0,0,0.0,0,0.0,0,0.0,0,2274.200000,19,0.0,0,0.0,0,0.0,0,0.0,0
2013-08-07T09:19:25.0,2274.000000,17093,2274.000000,12,0.0,0,0.0,0,0.0,0,0.0,0,2274.200000,9,0.0,0,0.0,0,0.0,0,0.0,0
2013-08-07T09:19:25.500,2274.000000,17101,2274.000000,11,0.0,0,0.0,0,0.0,0,0.0,0,2274.200000,5,0.0,0,0.0,0,0.0,0,0.0,0
2013-08-07T09:19:26.0,2274.000000,17115,2273.800000,11,0.0,0,0.0,0,0.0,0,0.0,0,2274.000000,8,0.0,0,0.0,0,0.0,0,0.0,0
2013-08-07T09:19:26.500,2274.000000,17121,2273.800000,15,0.0,0,0.0,0,0.0,0,0.0,0,2274.000000,102,0.0,0,0.0,0,0.0,0,0.0,0
2013-08-07T09:19:27.0,2273.600000,17169,2273.400000,29,0.0,0,0.0,0,0.0,0,0.0,0,2273.600000,16,0.0,0,0.0,0,0.0,0,0.0,0
2013-08-07T09:19:27.500,2273.400000,17179,2273.400000,42,0.0,0,0.0,0,0.0,0,0.0,0,2273.600000,22,0.0,0,0.0,0,0.0,0,0.0,0
2013-08-07T09:19:28.0,2273.400000,17190,2273.400000,38,0.0,0,0.0,0,0.0,0,0.0,0,2273.600000,17,0.0,0,0.0,0,0.0,0,0.0,0
2013-08-07T09:19:28.500,2273.600000,17213,2273.400000,26,0.0,0,0.0,0,0.0,0,0.0,0,2273.600000,7,0.0,0,0.0,0,0.0,0,0.0,0
2013-08-07T09:19:29.0,2273.600000,17229,2273.600000,2,0.0,0,0.0,0,0.0,0,0.0,0,2273.800000,18,0.0,0,0.0,0,0.0,0,0.0,0
2013-08-07T09:19:29.500,2273.800000,17234,2273.600000,20,0.0,0,0.0,0,0.0,0,0.0,0,2273.800000,35,0.0,0,0.0,0,0.0,0,0.0,0
2013-08-07T09:19:30.0,2273.600000,17251,2273.600000,31,0.0,0,0.0,0,0.0,0,0.0,0,2273.800000,36,0.0,0,0.0,0,0.0,0,0.0,0
2013-08-07T09:19:30.500,2273.600000,17263,2273.600000,28,0.0,0,0.0,0,0.0,0,0.0,0,2273.800000,30,0.0,0,0.0,0,0.0,0,0.0,0
2013-08-07T09:19:31.0,2273.600000,17268,2273.600000,29,0.0,0,0.0,0,0.0,0,0.0,0,2273.800000,26,0.0,0,0.0,0,0.0,0,0.0,0
2013-08-07T09:19:31.500,2273.600000,17291,2273.600000,24,0.0,0,0.0,0,0.0,0,0.0,0,2273.800000,18,0.0,0,0.0,0,0.0,0,0.0,0
2013-08-07T09:19:32.0,2274.000000,17314,2273.600000,24,0.0,0,0.0,0,0.0,0,0.0,0,2274.000000,116,0.0,0,0.0,0,0.0,0,0.0,0
2013-08-07T09:19:32.500,2273.800000,17315,2273.800000,3,0.0,0,0.0,0,0.0,0,0.0,0,2274.000000,115,0.0,0,0.0,0,0.0,0,0.0,0
2013-08-07T09:19:33.0,2274.000000,17322,2273.800000,2,0.0,0,0.0,0,0.0,0,0.0,0,2274.000000,111,0.0,0,0.0,0,0.0,0,0.0,0
2013-08-07T09:19:33.500,2273.800000,17329,2273.600000,29,0.0,0,0.0,0,0.0,0,0.0,0,2274.000000,108,0.0,0,0.0,0,0.0,0,0.0,0
2013-08-07T09:19:34.0,2274.000000,17348,2273.800000,2,0.0,0,0.0,0,0.0,0,0.0,0,2274.000000,89,0.0,0,0.0,0,0.0,0,0.0,0
2013-08-07T09:19:34.500,2273.800000,17352,2273.600000,31,0.0,0,0.0,0,0.0,0,0.0,0,2273.800000,1,0.0,0,0.0,0,0.0,0,0.0,0
2013-08-07T09:19:35.0,2274.000000,17360,2273.800000,29,0.0,0,0.0,0,0.0,0,0.0,0,2274.000000,94,0.0,0,0.0,0,0.0,0,0.0,0
2013-08-07T09:19:35.500,2273.800000,17385,2273.800000,19,0.0,0,0.0,0,0.0,0,0.0,0,2274.000000,82,0.0,0,0.0,0,0.0,0,0.0,0
2013-08-07T09:19:36.0,2273.800000,17399,2273.800000,14,0.0,0,0.0,0,0.0,0,0.0,0,2274.000000,70,0.0,0,0.0,0,0.0,0,0.0,0
2013-08-07T09:19:36.500,2273.800000,17413,2273.800000,24,0.0,0,0.0,0,0.0,0,0.0,0,2274.000000,64,0.0,0,0.0,0,0.0,0,0.0,0
2013-08-07T09:19:37.0,2274.000000,17417,2273.800000,25,0.0,0,0.0,0,0.0,0,0.0,0,2274.000000,60,0.0,0,0.0,0,0.0,0,0.0,0
2013-08-07T09:19:37.500,2273.800000,17420,2273.800000,22,0.0,0,0.0,0,0.0,0,0.0,0,2274.000000,60,0.0,0,0.0,0,0.0,0,0.0,0
2013-08-07T09:19:38.0,2274.000000,17443,2273.800000,21,0.0,0,0.0,0,0.0,0,0.0,0,2274.000000,39,0.0,0,0.0,0,0.0,0,0.0,0
2013-08-07T09:19:38.500,2274.000000,17488,2274.000000,60,0.0,0,0.0,0,0.0,0,0.0,0,2274.200000,6,0.0,0,0.0,0,0.0,0,0.0,0
2013-08-07T09:19:39.0,2274.400000,17502,2274.400000,6,0.0,0,0.0,0,0.0,0,0.0,0,2274.600000,6,0.0,0,0.0,0,0.0,0,0.0,0
2013-08-07T09:19:39.500,2274.400000,17516,2274.200000,61,0.0,0,0.0,0,0.0,0,0.0,0,2274.400000,3,0.0,0,0.0,0,0.0,0,0.0,0
2013-08-07T09:19:40.0,2274.600000,17529,2274.600000,3,0.0,0,0.0,0,0.0,0,0.0,0,2274.800000,9,0.0,0,0.0,0,0.0,0,0.0,0
2013-08-07T09:19:40.500,2274.800000,17539,2274.600000,2,0.0,0,0.0,0,0.0,0,0.0,0,2274.800000,11,0.0,0,0.0,0,0.0,0,0.0,0
2013-08-07T09:19:41.0,2274.800000,17542,2274.600000,1,0.0,0,0.0,0,0.0,0,0.0,0,2274.800000,9,0.0,0,0.0,0,0.0,0,0.0,0
2013-08-07T09:19:41.500,2274.800000,17568,2274.400000,54,0.0,0,0.0,0,0.0,0,0.0,0,2274.800000,1,0.0,0,0.0,0,0.0,0,0.0,0
2013-08-07T09:19:42.0,2274.800000,17580,2274.400000,54,0.0,0,0.0,0,0.0,0,0.0,0,2274.800000,12,0.0,0,0.0,0,0.0,0,0.0,0
2013-08-07T09:19:42.500,2274.600000,17583,2274.600000,4,0.0,0,0.0,0,0.0,0,0.0,0,2274.800000,13,0.0,0,0.0,0,0.0,0,0.0,0
2013-08-07T09:19:43.0,2274.800000,17586,2274.600000,3,0.0,0,0.0,0,0.0,0,0.0,0,2274.800000,11,0.0,0,0.0,0,0.0,0,0.0,0
2013-08-07T09:19:43.500,2274.600000,17591,2274.400000,25,0.0,0,0.0,0,0.0,0,0.0,0,2274.600000,23,0.0,0,0.0,0,0.0,0,0.0,0
2013-08-07T09:19:44.0,2274.400000,17597,2274.400000,23,0.0,0,0.0,0,0.0,0,0.0,0,2274.600000,21,0.0,0,0.0,0,0.0,0,0.0,0
2013-08-07T09:19:44.500,2274.600000,17621,2274.400000,8,0.0,0,0.0,0,0.0,0,0.0,0,2274.600000,14,0.0,0,0.0,0,0.0,0,0.0,0
2013-08-07T09:19:45.0,2274.600000,17645,2274.600000,48,0.0,0,0.0,0,0.0,0,0.0,0,2274.800000,15,0.0,0,0.0,0,0.0,0,0.0,0
2013-08-07T09:19:45.500,2274.800000,17662,2274.800000,46,0.0,0,0.0,0,0.0,0,0.0,0,2275.000000,6,0.0,0,0.0,0,0.0,0,0.0,0
2013-08-07T09:19:46.0,2275.000000,17677,2275.000000,5,0.0,0,0.0,0,0.0,0,0.0,0,2275.200000,6,0.0,0,0.0,0,0.0,0,0.0,0
2013-08-07T09:19:46.500,2275.200000,17682,2275.000000,1,0.0,0,0.0,0,0.0,0,0.0,0,2275.200000,6,0.0,0,0.0,0,0.0,0,0.0,0
2013-08-07T09:19:47.0,2275.200000,17698,2274.600000,45,0.0,0,0.0,0,0.0,0,0.0,0,2275.200000,2,0.0,0,0.0,0,0.0,0,0.0,0
2013-08-07T09:19:47.500,2275.200000,17733,2275.200000,27,0.0,0,0.0,0,0.0,0,0.0,0,2275.400000,9,0.0,0,0.0,0,0.0,0,0.0,0
2013-08-07T09:19:48.0,2275.200000,17736,2275.200000,31,0.0,0,0.0,0,0.0,0,0.0,0,2275.400000,16,0.0,0,0.0,0,0.0,0,0.0,0
2013-08-07T09:19:48.500,2275.200000,17743,2275.200000,25,0.0,0,0.0,0,0.0,0,0.0,0,2275.400000,16,0.0,0,0.0,0,0.0,0,0.0,0
2013-08-07T09:19:49.0,2275.400000,17774,2275.400000,22,0.0,0,0.0,0,0.0,0,0.0,0,2275.600000,11,0.0,0,0.0,0,0.0,0,0.0,0
2013-08-07T09:19:49.500,2275.400000,17798,2275.400000,9,0.0,0,0.0,0,0.0,0,0.0,0,2275.600000,2,0.0,0,0.0,0,0.0,0,0.0,0
2013-08-07T09:19:50.0,2275.400000,17803,2275.400000,8,0.0,0,0.0,0,0.0,0,0.0,0,2275.800000,20,0.0,0,0.0,0,0.0,0,0.0,0
2013-08-07T09:19:50.500,2275.800000,17841,2275.800000,4,0.0,0,0.0,0,0.0,0,0.0,0,2276.000000,32,0.0,0,0.0,0,0.0,0,0.0,0
2013-08-07T09:19:51.0,2276.000000,17849,2275.400000,1,0.0,0,0.0,0,0.0,0,0.0,0,2276.000000,28,0.0,0,0.0,0,0.0,0,0.0,0
2013-08-07T09:19:51.500,2275.400000,17859,2275.400000,1,0.0,0,0.0,0,0.0,0,0.0,0,2275.800000,7,0.0,0,0.0,0,0.0,0,0.0,0
2013-08-07T09:19:52.0,2275.400000,17866,2275.400000,5,0.0,0,0.0,0,0.0,0,0.0,0,2275.800000,2,0.0,0,0.0,0,0.0,0,0.0,0
2013-08-07T09:19:52.500,2275.800000,17880,2275.800000,21,0.0,0,0.0,0,0.0,0,0.0,0,2276.000000,28,0.0,0,0.0,0,0.0,0,0.0,0
2013-08-07T09:19:53.0,2275.800000,17892,2275.800000,16,0.0,0,0.0,0,0.0,0,0.0,0,2276.000000,27,0.0,0,0.0,0,0.0,0,0.0,0
2013-08-07T09:19:53.500,2275.800000,17897,2275.800000,23,0.0,0,0.0,0,0.0,0,0.0,0,2276.000000,27,0.0,0,0.0,0,0.0,0,0.0,0
2013-08-07T09:19:54.0,2276.000000,17933,2276.000000,15,0.0,0,0.0,0,0.0,0,0.0,0,2276.200000,13,0.0,0,0.0,0,0.0,0,0.0,0
2013-08-07T09:19:54.500,2275.800000,17987,2275.800000,2,0.0,0,0.0,0,0.0,0,0.0,0,2276.000000,1,0.0,0,0.0,0,0.0,0,0.0,0
2013-08-07T09:19:55.0,2275.800000,17992,2275.400000,2,0.0,0,0.0,0,0.0,0,0.0,0,2275.800000,1,0.0,0,0.0,0,0.0,0,0.0,0
2013-08-07T09:19:55.500,2276.000000,18002,2276.000000,1,0.0,0,0.0,0,0.0,0,0.0,0,2276.400000,39,0.0,0,0.0,0,0.0,0,0.0,0
2013-08-07T09:19:56.0,2276.000000,18010,2276.000000,3,0.0,0,0.0,0,0.0,0,0.0,0,2276.200000,6,0.0,0,0.0,0,0.0,0,0.0,0
2013-08-07T09:19:56.500,2276.200000,18056,2276.200000,3,0.0,0,0.0,0,0.0,0,0.0,0,2276.400000,34,0.0,0,0.0,0,0.0,0,0.0,0
2013-08-07T09:19:57.0,2276.400000,18076,2276.200000,45,0.0,0,0.0,0,0.0,0,0.0,0,2276.400000,27,0.0,0,0.0,0,0.0,0,0.0,0
2013-08-07T09:19:57.500,2276.400000,18117,2276.400000,19,0.0,0,0.0,0,0.0,0,0.0,0,2276.600000,12,0.0,0,0.0,0,0.0,0,0.0,0
2013-08-07T09:19:58.0,2276.600000,18145,2276.600000,20,0.0,0,0.0,0,0.0,0,0.0,0,2276.800000,50,0.0,0,0.0,0,0.0,0,0.0,0
2013-08-07T09:19:58.500,2276.800000,18170,2276.600000,4,0.0,0,0.0,0,0.0,0,0.0,0,2276.800000,45,0.0,0,0.0,0,0.0,0,0.0,0
2013-08-07T09:19:59.0,2276.800000,18250,2276.800000,31,0.0,0,0.0,0,0.0,0,0.0,0,2277.000000,55,0.0,0,0.0,0,0.0,0,0.0,0
2013-08-07T09:19:59.500,2276.400000,18322,2276.400000,14,0.0,0,0.0,0,0.0,0,0.0,0,2276.600000,10,0.0,0,0.0,0,0.0,0,0.0,0
2013-08-07T09:20:00.0,2276.800000,18372,2276.600000,5,0.0,0,0.0,0,0.0,0,0.0,0,2277.000000,34,0.0,0,0.0,0,0.0,0,0.0,0
2013-08-07T09:20:00.500,2276.800000,18422,2276.200000,23,0.0,0,0.0,0,0.0,0,0.0,0,2276.800000,5,0.0,0,0.0,0,0.0,0,0.0,0
2013-08-07T09:20:01.0,2276.400000,18456,2276.200000,8,0.0,0,0.0,0,0.0,0,0.0,0,2276.400000,2,0.0,0,0.0,0,0.0,0,0.0,0
2013-08-07T09:20:01.500,2276.000000,18505,2275.400000,7,0.0,0,0.0,0,0.0,0,0.0,0,2276.000000,5,0.0,0,0.0,0,0.0,0,0.0,0
2013-08-07T09:20:02.0,2275.400000,18537,2275.200000,12,0.0,0,0.0,0,0.0,0,0.0,0,2275.400000,1,0.0,0,0.0,0,0.0,0,0.0,0
2013-08-07T09:20:02.500,2275.400000,18591,2275.400000,25,0.0,0,0.0,0,0.0,0,0.0,0,2275.800000,9,0.0,0,0.0,0,0.0,0,0.0,0
2013-08-07T09:20:03.0,2275.400000,18622,2275.400000,7,0.0,0,0.0,0,0.0,0,0.0,0,2275.600000,4,0.0,0,0.0,0,0.0,0,0.0,0
2013-08-07T09:20:03.500,2275.400000,18638,2275.400000,13,0.0,0,0.0,0,0.0,0,0.0,0,2275.600000,3,0.0,0,0.0,0,0.0,0,0.0,0
2013-08-07T09:20:04.0,2275.400000,18665,2275.400000,5,0.0,0,0.0,0,0.0,0,0.0,0,2275.600000,3,0.0,0,0.0,0,0.0,0,0.0,0
2013-08-07T09:20:04.500,2275.200000,18685,2275.400000,1,0.0,0,0.0,0,0.0,0,0.0,0,2275.600000,5,0.0,0,0.0,0,0.0,0,0.0,0
2013-08-07T09:20:05.0,2275.200000,18691,2275.000000,19,0.0,0,0.0,0,0.0,0,0.0,0,2275.400000,33,0.0,0,0.0,0,0.0,0,0.0,0
2013-08-07T09:20:05.500,2275.000000,18696,2275.000000,17,0.0,0,0.0,0,0.0,0,0.0,0,2275.200000,22,0.0,0,0.0,0,0.0,0,0.0,0
2013-08-07T09:20:06.0,2275.200000,18709,2275.000000,15,0.0,0,0.0,0,0.0,0,0.0,0,2275.200000,12,0.0,0,0.0,0,0.0,0,0.0,0
2013-08-07T09:20:06.500,2275.400000,18728,2275.200000,1,0.0,0,0.0,0,0.0,0,0.0,0,2275.400000,26,0.0,0,0.0,0,0.0,0,0.0,0
2013-08-07T09:20:07.0,2275.200000,18731,2275.200000,8,0.0,0,0.0,0,0.0,0,0.0,0,2275.400000,26,0.0,0,0.0,0,0.0,0,0.0,0
2013-08-07T09:20:07.500,2275.200000,18738,2275.200000,8,0.0,0,0.0,0,0.0,0,0.0,0,2275.400000,24,0.0,0,0.0,0,0.0,0,0.0,0
2013-08-07T09:20:08.0,2275.400000,18747,2275.200000,8,0.0,0,0.0,0,0.0,0,0.0,0,2275.400000,19,0.0,0,0.0,0,0.0,0,0.0,0
2013-08-07T09:20:08.500,2275.400000,18759,2275.200000,9,0.0,0,0.0,0,0.0,0,0.0,0,2275.400000,17,0.0,0,0.0,0,0.0,0,0.0,0
2013-08-07T09:20:09.0,2275.200000,18762,2275.200000,6,0.0,0,0.0,0,0.0,0,0.0,0,2275.400000,21,0.0,0,0.0,0,0.0,0,0.0,0
2013-08-07T09:20:09.500,2275.400000,18772,2275.200000,12,0.0,0,0.0,0,0.0,0,0.0,0,2275.400000,11,0.0,0,0.0,0,0.0,0,0.0,0
2013-08-07T09:20:10.0,2275.400000,18776,2275.200000,12,0.0,0,0.0,0,0.0,0,0.0,0,2275.400000,7,0.0,0,0.0,0,0.0,0,0.0,0
2013-08-07T09:20:10.500,2275.400000,18784,2275.400000,6,0.0,0,0.0,0,0.0,0,0.0,0,2275.600000,5,0.0,0,0.0,0,0.0,0,0.0,0
2013-08-07T09:20:11.0,2275.400000,18787,2275.400000,6,0.0,0,0.0,0,0.0,0,0.0,0,2275.600000,5,0.0,0,0.0,0,0.0,0,0.0,0
2013-08-07T09:20:11.500,2275.600000,18795,2275.600000,47,0.0,0,0.0,0,0.0,0,0.0,0,2275.800000,25,0.0,0,0.0,0,0.0,0,0.0,0
2013-08-07T09:20:12.0,2275.600000,18800,2275.600000,46,0.0,0,0.0,0,0.0,0,0.0,0,2275.800000,23,0.0,0,0.0,0,0.0,0,0.0,0
2013-08-07T09:20:12.500,2276.000000,18824,2275.800000,68,0.0,0,0.0,0,0.0,0,0.0,0,2276.000000,5,0.0,0,0.0,0,0.0,0,0.0,0
2013-08-07T09:20:13.0,2276.000000,18840,2276.000000,55,0.0,0,0.0,0,0.0,0,0.0,0,2276.200000,4,0.0,0,0.0,0,0.0,0,0.0,0
2013-08-07T09:20:13.500,2276.200000,18851,2276.200000,7,0.0,0,0.0,0,0.0,0,0.0,0,2276.400000,5,0.0,0,0.0,0,0.0,0,0.0,0
2013-08-07T09:20:14.0,2276.400000,18856,2276.400000,29,0.0,0,0.0,0,0.0,0,0.0,0,2276.600000,13,0.0,0,0.0,0,0.0,0,0.0,0
2013-08-07T09:20:14.500,2276.600000,18868,2276.400000,26,0.0,0,0.0,0,0.0,0,0.0,0,2276.600000,6,0.0,0,0.0,0,0.0,0,0.0,0
2013-08-07T09:20:15.0,2276.600000,18882,2276.600000,10,0.0,0,0.0,0,0.0,0,0.0,0,2276.800000,23,0.0,0,0.0,0,0.0,0,0.0,0
2013-08-07T09:20:15.500,2276.600000,18887,2276.600000,26,0.0,0,0.0,0,0.0,0,0.0,0,2276.800000,23,0.0,0,0.0,0,0.0,0,0.0,0
2013-08-07T09:20:16.0,2276.800000,18931,2276.800000,12,0.0,0,0.0,0,0.0,0,0.0,0,2277.000000,37,0.0,0,0.0,0,0.0,0,0.0,0
2013-08-07T09:20:16.500,2277.000000,18945,2276.800000,11,0.0,0,0.0,0,0.0,0,0.0,0,2277.000000,29,0.0,0,0.0,0,0.0,0,0.0,0
2013-08-07T09:20:17.0,2277.000000,18991,2277.000000,7,0.0,0,0.0,0,0.0,0,0.0,0,2277.200000,8,0.0,0,0.0,0,0.0,0,0.0,0
2013-08-07T09:20:17.500,2277.200000,19013,2277.200000,3,0.0,0,0.0,0,0.0,0,0.0,0,2277.400000,37,0.0,0,0.0,0,0.0,0,0.0,0
2013-08-07T09:20:18.0,2277.000000,19025,2277.000000,20,0.0,0,0.0,0,0.0,0,0.0,0,2277.400000,38,0.0,0,0.0,0,0.0,0,0.0,0
2013-08-07T09:20:18.500,2277.400000,19081,2277.400000,8,0.0,0,0.0,0,0.0,0,0.0,0,2277.600000,19,0.0,0,0.0,0,0.0,0,0.0,0
2013-08-07T09:20:19.0,2277.000000,19119,2277.000000,6,0.0,0,0.0,0,0.0,0,0.0,0,2277.600000,7,0.0,0,0.0,0,0.0,0,0.0,0
2013-08-07T09:20:19.500,2277.600000,19200,2277.200000,7,0.0,0,0.0,0,0.0,0,0.0,0,2277.800000,40,0.0,0,0.0,0,0.0,0,0.0,0
2013-08-07T09:20:20.0,2277.400000,19254,2277.400000,1,0.0,0,0.0,0,0.0,0,0.0,0,2277.600000,5,0.0,0,0.0,0,0.0,0,0.0,0
2013-08-07T09:20:20.500,2277.200000,19283,2276.800000,5,0.0,0,0.0,0,0.0,0,0.0,0,2277.200000,1,0.0,0,0.0,0,0.0,0,0.0,0
2013-08-07T09:20:21.0,2277.200000,19309,2277.200000,87,0.0,0,0.0,0,0.0,0,0.0,0,2277.400000,39,0.0,0,0.0,0,0.0,0,0.0,0
2013-08-07T09:20:21.500,2277.600000,19384,2277.200000,85,0.0,0,0.0,0,0.0,0,0.0,0,2277.400000,6,0.0,0,0.0,0,0.0,0,0.0,0
2013-08-07T09:20:22.0,2277.400000,19419,2277.600000,2,0.0,0,0.0,0,0.0,0,0.0,0,2277.800000,52,0.0,0,0.0,0,0.0,0,0.0,0
2013-08-07T09:20:22.500,2277.400000,19462,2277.400000,5,0.0,0,0.0,0,0.0,0,0.0,0,2277.800000,43,0.0,0,0.0,0,0.0,0,0.0,0
2013-08-07T09:20:23.0,2277.200000,19470,2277.200000,81,0.0,0,0.0,0,0.0,0,0.0,0,2277.600000,2,0.0,0,0.0,0,0.0,0,0.0,0
2013-08-07T09:20:23.500,2277.600000,19491,2277.200000,67,0.0,0,0.0,0,0.0,0,0.0,0,2277.600000,4,0.0,0,0.0,0,0.0,0,0.0,0
2013-08-07T09:20:24.0,2277.200000,19516,2277.200000,58,0.0,0,0.0,0,0.0,0,0.0,0,2277.600000,16,0.0,0,0.0,0,0.0,0,0.0,0
2013-08-07T09:20:24.500,2277.400000,19576,2277.200000,8,0.0,0,0.0,0,0.0,0,0.0,0,2277.400000,31,0.0,0,0.0,0,0.0,0,0.0,0
2013-08-07T09:20:25.0,2276.600000,19626,2276.600000,17,0.0,0,0.0,0,0.0,0,0.0,0,2277.000000,5,0.0,0,0.0,0,0.0,0,0.0,0
2013-08-07T09:20:25.500,2276.600000,19635,2276.600000,11,0.0,0,0.0,0,0.0,0,0.0,0,2276.800000,39,0.0,0,0.0,0,0.0,0,0.0,0
2013-08-07T09:20:26.0,2276.400000,19663,2276.400000,17,0.0,0,0.0,0,0.0,0,0.0,0,2276.600000,40,0.0,0,0.0,0,0.0,0,0.0,0
2013-08-07T09:20:26.500,2276.400000,19711,2276.200000,4,0.0,0,0.0,0,0.0,0,0.0,0,2276.400000,6,0.0,0,0.0,0,0.0,0,0.0,0
2013-08-07T09:20:27.0,2276.400000,19734,2276.400000,2,0.0,0,0.0,0,0.0,0,0.0,0,2276.600000,15,0.0,0,0.0,0,0.0,0,0.0,0
2013-08-07T09:20:27.500,2276.400000,19755,2276.400000,24,0.0,0,0.0,0,0.0,0,0.0,0,2276.600000,10,0.0,0,0.0,0,0.0,0,0.0,0
2013-08-07T09:20:28.0,2276.600000,19769,2276.600000,11,0.0,0,0.0,0,0.0,0,0.0,0,2276.800000,1,0.0,0,0.0,0,0.0,0,0.0,0
2013-08-07T09:20:28.500,2276.800000,19774,2276.800000,7,0.0,0,0.0,0,0.0,0,0.0,0,2277.000000,41,0.0,0,0.0,0,0.0,0,0.0,0
2013-08-07T09:20:29.0,2276.600000,19796,2276.400000,7,0.0,0,0.0,0,0.0,0,0.0,0,2277.000000,45,0.0,0,0.0,0,0.0,0,0.0,0
2013-08-07T09:20:29.500,2276.600000,19798,2276.600000,2,0.0,0,0.0,0,0.0,0,0.0,0,2276.800000,14,0.0,0,0.0,0,0.0,0,0.0,0
2013-08-07T09:20:30.0,2276.800000,19799,2276.600000,2,0.0,0,0.0,0,0.0,0,0.0,0,2276.800000,19,0.0,0,0.0,0,0.0,0,0.0,0
2013-08-07T09:20:30.500,2276.600000,19803,2276.600000,1,0.0,0,0.0,0,0.0,0,0.0,0,2276.800000,18,0.0,0,0.0,0,0.0,0,0.0,0
2013-08-07T09:20:31.0,2276.800000,19824,2276.800000,39,0.0,0,0.0,0,0.0,0,0.0,0,2277.000000,11,0.0,0,0.0,0,0.0,0,0.0,0
2013-08-07T09:20:31.500,2276.800000,19844,2277.000000,1,0.0,0,0.0,0,0.0,0,0.0,0,2277.200000,31,0.0,0,0.0,0,0.0,0,0.0,0
2013-08-07T09:20:32.0,2276.800000,19881,2276.800000,6,0.0,0,0.0,0,0.0,0,0.0,0,2277.200000,31,0.0,0,0.0,0,0.0,0,0.0,0
2013-08-07T09:20:32.500,2277.000000,19892,2276.800000,1,0.0,0,0.0,0,0.0,0,0.0,0,2277.000000,31,0.0,0,0.0,0,0.0,0,0.0,0
2013-08-07T09:20:33.0,2276.800000,19897,2276.600000,11,0.0,0,0.0,0,0.0,0,0.0,0,2276.800000,3,0.0,0,0.0,0,0.0,0,0.0,0
2013-08-07T09:20:33.500,2276.600000,19917,2276.600000,9,0.0,0,0.0,0,0.0,0,0.0,0,2276.800000,11,0.0,0,0.0,0,0.0,0,0.0,0
2013-08-07T09:20:34.0,2276.600000,19932,2276.400000,12,0.0,0,0.0,0,0.0,0,0.0,0,2276.600000,2,0.0,0,0.0,0,0.0,0,0.0,0
2013-08-07T09:20:34.500,2276.800000,19946,2276.800000,15,0.0,0,0.0,0,0.0,0,0.0,0,2277.000000,36,0.0,0,0.0,0,0.0,0,0.0,0
2013-08-07T09:20:35.0,2276.800000,19972,2276.600000,1,0.0,0,0.0,0,0.0,0,0.0,0,2277.000000,33,0.0,0,0.0,0,0.0,0,0.0,0
2013-08-07T09:20:35.500,2277.000000,19987,2276.800000,30,0.0,0,0.0,0,0.0,0,0.0,0,2277.000000,27,0.0,0,0.0,0,0.0,0,0.0,0
2013-08-07T09:20:36.0,2276.800000,19988,2276.800000,29,0.0,0,0.0,0,0.0,0,0.0,0,2277.000000,37,0.0,0,0.0,0,0.0,0,0.0,0
2013-08-07T09:20:36.500,2276.800000,20002,2276.800000,17,0.0,0,0.0,0,0.0,0,0.0,0,2277.000000,36,0.0,0,0.0,0,0.0,0,0.0,0
2013-08-07T09:20:37.0,2276.800000,20055,2276.800000,6,0.0,0,0.0,0,0.0,0,0.0,0,2277.200000,26,0.0,0,0.0,0,0.0,0,0.0,0
2013-08-07T09:20:37.500,2277.200000,20062,2276.800000,3,0.0,0,0.0,0,0.0,0,0.0,0,2277.000000,7,0.0,0,0.0,0,0.0,0,0.0,0
2013-08-07T09:20:38.0,2277.000000,20071,2276.800000,1,0.0,0,0.0,0,0.0,0,0.0,0,2277.000000,2,0.0,0,0.0,0,0.0,0,0.0,0
2013-08-07T09:20:38.500,2277.000000,20081,2277.000000,4,0.0,0,0.0,0,0.0,0,0.0,0,2277.200000,27,0.0,0,0.0,0,0.0,0,0.0,0
2013-08-07T09:20:39.0,2277.200000,20101,2277.000000,7,0.0,0,0.0,0,0.0,0,0.0,0,2277.200000,9,0.0,0,0.0,0,0.0,0,0.0,0
2013-08-07T09:20:39.500,2277.200000,20120,2277.200000,7,0.0,0,0.0,0,0.0,0,0.0,0,2277.400000,12,0.0,0,0.0,0,0.0,0,0.0,0
2013-08-07T09:20:40.0,2277.200000,20127,2277.200000,7,0.0,0,0.0,0,0.0,0,0.0,0,2277.400000,7,0.0,0,0.0,0,0.0,0,0.0,0
2013-08-07T09:20:40.500,2277.200000,20142,2277.000000,22,0.0,0,0.0,0,0.0,0,0.0,0,2277.400000,3,0.0,0,0.0,0,0.0,0,0.0,0
2013-08-07T09:20:41.0,2277.200000,20151,2277.000000,15,0.0,0,0.0,0,0.0,0,0.0,0,2277.400000,3,0.0,0,0.0,0,0.0,0,0.0,0
2013-08-07T09:20:41.500,2277.000000,20159,2277.000000,11,0.0,0,0.0,0,0.0,0,0.0,0,2277.200000,7,0.0,0,0.0,0,0.0,0,0.0,0
2013-08-07T09:20:42.0,2277.200000,20162,2277.000000,10,0.0,0,0.0,0,0.0,0,0.0,0,2277.200000,7,0.0,0,0.0,0,0.0,0,0.0,0
2013-08-07T09:20:42.500,2277.000000,20169,2277.000000,10,0.0,0,0.0,0,0.0,0,0.0,0,2277.200000,4,0.0,0,0.0,0,0.0,0,0.0,0
2013-08-07T09:20:43.0,2277.000000,20174,2277.000000,8,0.0,0,0.0,0,0.0,0,0.0,0,2277.200000,2,0.0,0,0.0,0,0.0,0,0.0,0
2013-08-07T09:20:43.500,2277.000000,20186,2276.800000,10,0.0,0,0.0,0,0.0,0,0.0,0,2277.000000,4,0.0,0,0.0,0,0.0,0,0.0,0
2013-08-07T09:20:44.0,2277.200000,20203,2277.200000,13,0.0,0,0.0,0,0.0,0,0.0,0,2277.400000,5,0.0,0,0.0,0,0.0,0,0.0,0
2013-08-07T09:20:44.500,2277.000000,20218,2276.800000,11,0.0,0,0.0,0,0.0,0,0.0,0,2277.000000,1,0.0,0,0.0,0,0.0,0,0.0,0
2013-08-07T09:20:45.0,2277.000000,20223,2277.000000,110,0.0,0,0.0,0,0.0,0,0.0,0,2277.200000,3,0.0,0,0.0,0,0.0,0,0.0,0
2013-08-07T09:20:45.500,2277.600000,20255,2277.400000,10,0.0,0,0.0,0,0.0,0,0.0,0,2277.600000,16,0.0,0,0.0,0,0.0,0,0.0,0
2013-08-07T09:20:46.0,2277.800000,20307,2277.600000,3,0.0,0,0.0,0,0.0,0,0.0,0,2277.800000,58,0.0,0,0.0,0,0.0,0,0.0,0
2013-08-07T09:20:46.500,2277.800000,20332,2277.600000,5,0.0,0,0.0,0,0.0,0,0.0,0,2277.800000,47,0.0,0,0.0,0,0.0,0,0.0,0
2013-08-07T09:20:47.0,2277.800000,20396,2277.800000,13,0.0,0,0.0,0,0.0,0,0.0,0,2278.000000,94,0.0,0,0.0,0,0.0,0,0.0,0
2013-08-07T09:20:47.500,2277.800000,20418,2277.800000,12,0.0,0,0.0,0,0.0,0,0.0,0,2278.000000,91,0.0,0,0.0,0,0.0,0,0.0,0
2013-08-07T09:20:48.0,2277.800000,20481,2277.600000,39,0.0,0,0.0,0,0.0,0,0.0,0,2278.000000,48,0.0,0,0.0,0,0.0,0,0.0,0
2013-08-07T09:20:48.500,2277.800000,20520,2277.600000,38,0.0,0,0.0,0,0.0,0,0.0,0,2277.800000,1,0.0,0,0.0,0,0.0,0,0.0,0
2013-08-07T09:20:49.0,2277.600000,20526,2277.600000,40,0.0,0,0.0,0,0.0,0,0.0,0,2277.800000,13,0.0,0,0.0,0,0.0,0,0.0,0
2013-08-07T09:20:49.500,2277.800000,20535,2277.600000,47,0.0,0,0.0,0,0.0,0,0.0,0,2277.800000,25,0.0,0,0.0,0,0.0,0,0.0,0
2013-08-07T09:20:50.0,2277.600000,20567,2277.600000,23,0.0,0,0.0,0,0.0,0,0.0,0,2277.800000,25,0.0,0,0.0,0,0.0,0,0.0,0
2013-08-07T09:20:50.500,2277.800000,20606,2277.200000,42,0.0,0,0.0,0,0.0,0,0.0,0,2277.600000,1,0.0,0,0.0,0,0.0,0,0.0,0
2013-08-07T09:20:51.0,2277.600000,20610,2277.200000,42,0.0,0,0.0,0,0.0,0,0.0,0,2277.600000,8,0.0,0,0.0,0,0.0,0,0.0,0
2013-08-07T09:20:51.500,2277.600000,20651,2277.400000,2,0.0,0,0.0,0,0.0,0,0.0,0,2277.600000,22,0.0,0,0.0,0,0.0,0,0.0,0
2013-08-07T09:20:52.0,2277.200000,20676,2277.200000,12,0.0,0,0.0,0,0.0,0,0.0,0,2277.600000,4,0.0,0,0.0,0,0.0,0,0.0,0
2013-08-07T09:20:52.500,2277.600000,20695,2277.600000,8,0.0,0,0.0,0,0.0,0,0.0,0,2277.800000,19,0.0,0,0.0,0,0.0,0,0.0,0
2013-08-07T09:20:53.0,2277.600000,20714,2277.600000,74,0.0,0,0.0,0,0.0,0,0.0,0,2277.800000,16,0.0,0,0.0,0,0.0,0,0.0,0
2013-08-07T09:20:53.500,2277.600000,20743,2277.600000,65,0.0,0,0.0,0,0.0,0,0.0,0,2277.800000,26,0.0,0,0.0,0,0.0,0,0.0,0
2013-08-07T09:20:54.0,2277.600000,20762,2277.600000,60,0.0,0,0.0,0,0.0,0,0.0,0,2277.800000,12,0.0,0,0.0,0,0.0,0,0.0,0
2013-08-07T09:20:54.500,2277.600000,20784,2277.600000,46,0.0,0,0.0,0,0.0,0,0.0,0,2277.800000,7,0.0,0,0.0,0,0.0,0,0.0,0
2013-08-07T09:20:55.0,2277.800000,20797,2277.800000,12,0.0,0,0.0,0,0.0,0,0.0,0,2278.000000,57,0.0,0,0.0,0,0.0,0,0.0,0
2013-08-07T09:20:55.500,2277.800000,20813,2277.800000,10,0.0,0,0.0,0,0.0,0,0.0,0,2278.000000,52,0.0,0,0.0,0,0.0,0,0.0,0
2013-08-07T09:20:56.0,2277.800000,20842,2277.600000,46,0.0,0,0.0,0,0.0,0,0.0,0,2277.800000,20,0.0,0,0.0,0,0.0,0,0.0,0
2013-08-07T09:20:56.500,2277.600000,20883,2277.600000,26,0.0,0,0.0,0,0.0,0,0.0,0,2277.800000,1,0.0,0,0.0,0,0.0,0,0.0,0
2013-08-07T09:20:57.0,2277.600000,20913,2277.600000,2,0.0,0,0.0,0,0.0,0,0.0,0,2277.800000,15,0.0,0,0.0,0,0.0,0,0.0,0
2013-08-07T09:20:57.500,2277.800000,20924,2277.400000,4,0.0,0,0.0,0,0.0,0,0.0,0,2277.600000,5,0.0,0,0.0,0,0.0,0,0.0,0
2013-08-07T09:20:58.0,2277.600000,20944,2277.200000,15,0.0,0,0.0,0,0.0,0,0.0,0,2277.800000,47,0.0,0,0.0,0,0.0,0,0.0,0
2013-08-07T09:20:58.500,2277.400000,20953,2277.400000,2,0.0,0,0.0,0,0.0,0,0.0,0,2277.600000,13,0.0,0,0.0,0,0.0,0,0.0,0
2013-08-07T09:20:59.0,2277.600000,20966,2277.200000,17,0.0,0,0.0,0,0.0,0,0.0,0,2277.600000,3,0.0,0,0.0,0,0.0,0,0.0,0
2013-08-07T09:20:59.500,2277.200000,20971,2277.200000,20,0.0,0,0.0,0,0.0,0,0.0,0,2277.400000,11,0.0,0,0.0,0,0.0,0,0.0,0
2013-08-07T09:21:00.0,2277.000000,21032,2277.000000,29,0.0,0,0.0,0,0.0,0,0.0,0,2277.800000,6,0.0,0,0.0,0,0.0,0,0.0,0
2013-08-07T09:21:00.500,2277.600000,21061,2277.200000,31,0.0,0,0.0,0,0.0,0,0.0,0,2277.600000,44,0.0,0,0.0,0,0.0,0,0.0,0
2013-08-07T09:21:01.0,2277.200000,21094,2277.200000,11,0.0,0,0.0,0,0.0,0,0.0,0,2277.400000,8,0.0,0,0.0,0,0.0,0,0.0,0
2013-08-07T09:21:01.500,2277.400000,21102,2277.200000,8,0.0,0,0.0,0,0.0,0,0.0,0,2277.400000,26,0.0,0,0.0,0,0.0,0,0.0,0
2013-08-07T09:21:02.0,2277.200000,21114,2277.000000,33,0.0,0,0.0,0,0.0,0,0.0,0,2277.200000,2,0.0,0,0.0,0,0.0,0,0.0,0
2013-08-07T09:21:02.500,2276.800000,21153,2276.800000,17,0.0,0,0.0,0,0.0,0,0.0,0,2277.200000,9,0.0,0,0.0,0,0.0,0,0.0,0
2013-08-07T09:21:03.0,2276.800000,21184,2276.800000,3,0.0,0,0.0,0,0.0,0,0.0,0,2277.000000,6,0.0,0,0.0,0,0.0,0,0.0,0
2013-08-07T09:21:03.500,2277.200000,21203,2276.800000,3,0.0,0,0.0,0,0.0,0,0.0,0,2277.400000,47,0.0,0,0.0,0,0.0,0,0.0,0
2013-08-07T09:21:04.0,2276.800000,21218,2276.800000,4,0.0,0,0.0,0,0.0,0,0.0,0,2277.000000,1,0.0,0,0.0,0,0.0,0,0.0,0
2013-08-07T09:21:04.500,2276.800000,21246,2276.800000,7,0.0,0,0.0,0,0.0,0,0.0,0,2277.200000,12,0.0,0,0.0,0,0.0,0,0.0,0
2013-08-07T09:21:05.0,2276.800000,21252,2277.000000,2,0.0,0,0.0,0,0.0,0,0.0,0,2277.200000,12,0.0,0,0.0,0,0.0,0,0.0,0
2013-08-07T09:21:05.500,2276.600000,21267,2276.600000,35,0.0,0,0.0,0,0.0,0,0.0,0,2276.800000,7,0.0,0,0.0,0,0.0,0,0.0,0
2013-08-07T09:21:06.0,2277.000000,21289,2276.800000,11,0.0,0,0.0,0,0.0,0,0.0,0,2277.000000,9,0.0,0,0.0,0,0.0,0,0.0,0
2013-08-07T09:21:06.500,2276.800000,21308,2276.600000,37,0.0,0,0.0,0,0.0,0,0.0,0,2276.800000,20,0.0,0,0.0,0,0.0,0,0.0,0
2013-08-07T09:21:07.0,2276.600000,21333,2276.600000,32,0.0,0,0.0,0,0.0,0,0.0,0,2276.800000,2,0.0,0,0.0,0,0.0,0,0.0,0
2013-08-07T09:21:07.500,2276.600000,21351,2276.600000,20,0.0,0,0.0,0,0.0,0,0.0,0,2276.800000,1,0.0,0,0.0,0,0.0,0,0.0,0
2013-08-07T09:21:08.0,2276.800000,21394,2276.800000,28,0.0,0,0.0,0,0.0,0,0.0,0,2277.000000,22,0.0,0,0.0,0,0.0,0,0.0,0
2013-08-07T09:21:08.500,2276.800000,21409,2276.800000,19,0.0,0,0.0,0,0.0,0,0.0,0,2277.000000,18,0.0,0,0.0,0,0.0,0,0.0,0
2013-08-07T09:21:09.0,2277.000000,21432,2276.800000,11,0.0,0,0.0,0,0.0,0,0.0,0,2277.000000,11,0.0,0,0.0,0,0.0,0,0.0,0
2013-08-07T09:21:09.500,2277.000000,21439,2276.800000,9,0.0,0,0.0,0,0.0,0,0.0,0,2277.000000,7,0.0,0,0.0,0,0.0,0,0.0,0
2013-08-07T09:21:10.0,2276.800000,21451,2276.600000,4,0.0,0,0.0,0,0.0,0,0.0,0,2276.800000,7,0.0,0,0.0,0,0.0,0,0.0,0
2013-08-07T09:21:10.500,2276.800000,21460,2276.400000,9,0.0,0,0.0,0,0.0,0,0.0,0,2276.800000,9,0.0,0,0.0,0,0.0,0,0.0,0
2013-08-07T09:21:11.0,2276.800000,21463,2276.600000,1,0.0,0,0.0,0,0.0,0,0.0,0,2276.800000,21,0.0,0,0.0,0,0.0,0,0.0,0
2013-08-07T09:21:11.500,2276.600000,21479,2276.600000,24,0.0,0,0.0,0,0.0,0,0.0,0,2276.800000,25,0.0,0,0.0,0,0.0,0,0.0,0
2013-08-07T09:21:12.0,2276.800000,21506,2276.800000,1,0.0,0,0.0,0,0.0,0,0.0,0,2277.000000,25,0.0,0,0.0,0,0.0,0,0.0,0
2013-08-07T09:21:12.500,2277.000000,21517,2276.800000,12,0.0,0,0.0,0,0.0,0,0.0,0,2277.000000,19,0.0,0,0.0,0,0.0,0,0.0,0
2013-08-07T09:21:13.0,2276.800000,21537,2276.600000,42,0.0,0,0.0,0,0.0,0,0.0,0,2277.000000,15,0.0,0,0.0,0,0.0,0,0.0,0
2013-08-07T09:21:13.500,2276.800000,21540,2276.800000,1,0.0,0,0.0,0,0.0,0,0.0,0,2277.000000,17,0.0,0,0.0,0,0.0,0,0.0,0
2013-08-07T09:21:14.0,2277.000000,21543,2276.600000,43,0.0,0,0.0,0,0.0,0,0.0,0,2277.000000,16,0.0,0,0.0,0,0.0,0,0.0,0
2013-08-07T09:21:14.500,2277.000000,21547,2276.600000,43,0.0,0,0.0,0,0.0,0,0.0,0,2277.000000,15,0.0,0,0.0,0,0.0,0,0.0,0
2013-08-07T09:21:15.0,2276.800000,21560,2276.600000,35,0.0,0,0.0,0,0.0,0,0.0,0,2276.800000,2,0.0,0,0.0,0,0.0,0,0.0,0
2013-08-07T09:21:15.500,2277.000000,21568,2276.600000,31,0.0,0,0.0,0,0.0,0,0.0,0,2277.000000,14,0.0,0,0.0,0,0.0,0,0.0,0
2013-08-07T09:21:16.0,2276.600000,21571,2276.800000,1,0.0,0,0.0,0,0.0,0,0.0,0,2277.000000,15,0.0,0,0.0,0,0.0,0,0.0,0
2013-08-07T09:21:16.500,2276.600000,21590,2276.600000,31,0.0,0,0.0,0,0.0,0,0.0,0,2277.000000,8,0.0,0,0.0,0,0.0,0,0.0,0
2013-08-07T09:21:17.0,2276.600000,21628,2276.400000,17,0.0,0,0.0,0,0.0,0,0.0,0,2276.600000,16,0.0,0,0.0,0,0.0,0,0.0,0
2013-08-07T09:21:17.500,2276.600000,21628,2276.400000,17,0.0,0,0.0,0,0.0,0,0.0,0,2276.600000,19,0.0,0,0.0,0,0.0,0,0.0,0
2013-08-07T09:21:18.0,2276.600000,21635,2276.400000,16,0.0,0,0.0,0,0.0,0,0.0,0,2276.600000,14,0.0,0,0.0,0,0.0,0,0.0,0
2013-08-07T09:21:18.500,2276.600000,21640,2276.400000,17,0.0,0,0.0,0,0.0,0,0.0,0,2276.600000,13,0.0,0,0.0,0,0.0,0,0.0,0
2013-08-07T09:21:19.0,2276.400000,21642,2276.400000,15,0.0,0,0.0,0,0.0,0,0.0,0,2276.600000,15,0.0,0,0.0,0,0.0,0,0.0,0
2013-08-07T09:21:19.500,2276.600000,21670,2276.600000,29,0.0,0,0.0,0,0.0,0,0.0,0,2276.800000,6,0.0,0,0.0,0,0.0,0,0.0,0
2013-08-07T09:21:20.0,2276.600000,21702,2276.800000,11,0.0,0,0.0,0,0.0,0,0.0,0,2277.000000,17,0.0,0,0.0,0,0.0,0,0.0,0
2013-08-07T09:21:20.500,2276.800000,21707,2276.800000,7,0.0,0,0.0,0,0.0,0,0.0,0,2277.000000,17,0.0,0,0.0,0,0.0,0,0.0,0
2013-08-07T09:21:21.0,2276.800000,21720,2276.600000,51,0.0,0,0.0,0,0.0,0,0.0,0,2276.800000,1,0.0,0,0.0,0,0.0,0,0.0,0
2013-08-07T09:21:21.500,2276.800000,21730,2276.600000,47,0.0,0,0.0,0,0.0,0,0.0,0,2277.000000,17,0.0,0,0.0,0,0.0,0,0.0,0
2013-08-07T09:21:22.0,2277.000000,21738,2276.800000,17,0.0,0,0.0,0,0.0,0,0.0,0,2277.000000,17,0.0,0,0.0,0,0.0,0,0.0,0
2013-08-07T09:21:22.500,2276.800000,21750,2276.800000,7,0.0,0,0.0,0,0.0,0,0.0,0,2277.000000,16,0.0,0,0.0,0,0.0,0,0.0,0
2013-08-07T09:21:23.0,2277.000000,21752,2276.800000,11,0.0,0,0.0,0,0.0,0,0.0,0,2277.000000,16,0.0,0,0.0,0,0.0,0,0.0,0
2013-08-07T09:21:23.500,2276.800000,21761,2276.800000,6,0.0,0,0.0,0,0.0,0,0.0,0,2277.000000,14,0.0,0,0.0,0,0.0,0,0.0,0
2013-08-07T09:21:24.0,2277.200000,21783,2277.000000,39,0.0,0,0.0,0,0.0,0,0.0,0,2277.200000,19,0.0,0,0.0,0,0.0,0,0.0,0
2013-08-07T09:21:24.500,2277.000000,21812,2277.000000,37,0.0,0,0.0,0,0.0,0,0.0,0,2277.400000,13,0.0,0,0.0,0,0.0,0,0.0,0
2013-08-07T09:21:25.0,2277.200000,21823,2277.200000,20,0.0,0,0.0,0,0.0,0,0.0,0,2277.400000,9,0.0,0,0.0,0,0.0,0,0.0,0
2013-08-07T09:21:25.500,2277.400000,21828,2277.200000,25,0.0,0,0.0,0,0.0,0,0.0,0,2277.400000,6,0.0,0,0.0,0,0.0,0,0.0,0
2013-08-07T09:21:26.0,2277.600000,21837,2277.400000,4,0.0,0,0.0,0,0.0,0,0.0,0,2277.600000,49,0.0,0,0.0,0,0.0,0,0.0,0
2013-08-07T09:21:26.500,2277.600000,21849,2277.400000,3,0.0,0,0.0,0,0.0,0,0.0,0,2277.600000,44,0.0,0,0.0,0,0.0,0,0.0,0
2013-08-07T09:21:27.0,2277.600000,21873,2277.400000,1,0.0,0,0.0,0,0.0,0,0.0,0,2277.600000,22,0.0,0,0.0,0,0.0,0,0.0,0
2013-08-07T09:21:27.500,2277.400000,21878,2277.200000,9,0.0,0,0.0,0,0.0,0,0.0,0,2277.600000,20,0.0,0,0.0,0,0.0,0,0.0,0
2013-08-07T09:21:28.0,2277.600000,21903,2277.200000,4,0.0,0,0.0,0,0.0,0,0.0,0,2277.600000,16,0.0,0,0.0,0,0.0,0,0.0,0
2013-08-07T09:21:28.500,2277.600000,21913,2277.200000,5,0.0,0,0.0,0,0.0,0,0.0,0,2277.600000,10,0.0,0,0.0,0,0.0,0,0.0,0
2013-08-07T09:21:29.0,2277.600000,21935,2277.600000,21,0.0,0,0.0,0,0.0,0,0.0,0,2277.800000,15,0.0,0,0.0,0,0.0,0,0.0,0
2013-08-07T09:21:29.500,2277.600000,21944,2277.600000,14,0.0,0,0.0,0,0.0,0,0.0,0,2277.800000,12,0.0,0,0.0,0,0.0,0,0.0,0
2013-08-07T09:21:30.0,2277.600000,21977,2277.600000,2,0.0,0,0.0,0,0.0,0,0.0,0,2277.800000,9,0.0,0,0.0,0,0.0,0,0.0,0
2013-08-07T09:21:30.500,2277.200000,21983,2277.200000,2,0.0,0,0.0,0,0.0,0,0.0,0,2277.600000,1,0.0,0,0.0,0,0.0,0,0.0,0
2013-08-07T09:21:31.0,2277.600000,21987,2277.400000,1,0.0,0,0.0,0,0.0,0,0.0,0,2277.600000,2,0.0,0,0.0,0,0.0,0,0.0,0
2013-08-07T09:21:31.500,2277.000000,21992,2277.000000,62,0.0,0,0.0,0,0.0,0,0.0,0,2277.200000,2,0.0,0,0.0,0,0.0,0,0.0,0
2013-08-07T09:21:32.0,2277.000000,21997,2277.000000,59,0.0,0,0.0,0,0.0,0,0.0,0,2277.200000,1,0.0,0,0.0,0,0.0,0,0.0,0
2013-08-07T09:21:32.500,2277.000000,22000,2277.000000,58,0.0,0,0.0,0,0.0,0,0.0,0,2277.400000,2,0.0,0,0.0,0,0.0,0,0.0,0
2013-08-07T09:21:33.0,2277.400000,22005,2277.000000,58,0.0,0,0.0,0,0.0,0,0.0,0,2277.400000,12,0.0,0,0.0,0,0.0,0,0.0,0
2013-08-07T09:21:33.500,2277.000000,22016,2277.000000,49,0.0,0,0.0,0,0.0,0,0.0,0,2277.400000,21,0.0,0,0.0,0,0.0,0,0.0,0
2013-08-07T09:21:34.0,2277.200000,22018,2277.000000,49,0.0,0,0.0,0,0.0,0,0.0,0,2277.200000,9,0.0,0,0.0,0,0.0,0,0.0,0
2013-08-07T09:21:34.500,2277.000000,22036,2277.000000,31,0.0,0,0.0,0,0.0,0,0.0,0,2277.200000,18,0.0,0,0.0,0,0.0,0,0.0,0
2013-08-07T09:21:35.0,2277.000000,22069,2276.800000,12,0.0,0,0.0,0,0.0,0,0.0,0,2277.000000,1,0.0,0,0.0,0,0.0,0,0.0,0
2013-08-07T09:21:35.500,2277.000000,22073,2276.800000,9,0.0,0,0.0,0,0.0,0,0.0,0,2277.000000,1,0.0,0,0.0,0,0.0,0,0.0,0
2013-08-07T09:21:36.0,2276.800000,22099,2276.800000,4,0.0,0,0.0,0,0.0,0,0.0,0,2277.000000,5,0.0,0,0.0,0,0.0,0,0.0,0
2013-08-07T09:21:36.500,2277.000000,22107,2276.800000,1,0.0,0,0.0,0,0.0,0,0.0,0,2277.000000,10,0.0,0,0.0,0,0.0,0,0.0,0
2013-08-07T09:21:37.0,2277.000000,22111,2276.600000,43,0.0,0,0.0,0,0.0,0,0.0,0,2277.000000,9,0.0,0,0.0,0,0.0,0,0.0,0
2013-08-07T09:21:37.500,2276.600000,22128,2276.600000,27,0.0,0,0.0,0,0.0,0,0.0,0,2277.000000,18,0.0,0,0.0,0,0.0,0,0.0,0
2013-08-07T09:21:38.0,2276.600000,22130,2276.600000,26,0.0,0,0.0,0,0.0,0,0.0,0,2277.000000,19,0.0,0,0.0,0,0.0,0,0.0,0
2013-08-07T09:21:38.500,2277.000000,22138,2276.600000,25,0.0,0,0.0,0,0.0,0,0.0,0,2277.000000,14,0.0,0,0.0,0,0.0,0,0.0,0
2013-08-07T09:21:39.0,2276.600000,22141,2276.600000,22,0.0,0,0.0,0,0.0,0,0.0,0,2277.000000,14,0.0,0,0.0,0,0.0,0,0.0,0
2013-08-07T09:21:39.500,2277.000000,22153,2276.600000,20,0.0,0,0.0,0,0.0,0,0.0,0,2277.000000,6,0.0,0,0.0,0,0.0,0,0.0,0
2013-08-07T09:21:40.0,2277.000000,22159,2276.600000,17,0.0,0,0.0,0,0.0,0,0.0,0,2277.000000,5,0.0,0,0.0,0,0.0,0,0.0,0
2013-08-07T09:21:40.500,2277.000000,22161,2276.600000,16,0.0,0,0.0,0,0.0,0,0.0,0,2277.000000,5,0.0,0,0.0,0,0.0,0,0.0,0
2013-08-07T09:21:41.0,2277.000000,22172,2277.000000,2,0.0,0,0.0,0,0.0,0,0.0,0,2277.200000,11,0.0,0,0.0,0,0.0,0,0.0,0
2013-08-07T09:21:41.500,2277.000000,22175,2277.000000,11,0.0,0,0.0,0,0.0,0,0.0,0,2277.200000,10,0.0,0,0.0,0,0.0,0,0.0,0
2013-08-07T09:21:42.0,2277.000000,22182,2277.000000,8,0.0,0,0.0,0,0.0,0,0.0,0,2277.200000,9,0.0,0,0.0,0,0.0,0,0.0,0
2013-08-07T09:21:42.500,2277.000000,22183,2277.000000,7,0.0,0,0.0,0,0.0,0,0.0,0,2277.200000,9,0.0,0,0.0,0,0.0,0,0.0,0
2013-08-07T09:21:43.0,2277.000000,22185,2277.000000,8,0.0,0,0.0,0,0.0,0,0.0,0,2277.200000,10,0.0,0,0.0,0,0.0,0,0.0,0
2013-08-07T09:21:43.500,2277.000000,22188,2277.000000,5,0.0,0,0.0,0,0.0,0,0.0,0,2277.200000,10,0.0,0,0.0,0,0.0,0,0.0,0
2013-08-07T09:21:44.0,2277.000000,22192,2277.000000,1,0.0,0,0.0,0,0.0,0,0.0,0,2277.200000,11,0.0,0,0.0,0,0.0,0,0.0,0
2013-08-07T09:21:44.500,2277.000000,22192,2277.000000,5,0.0,0,0.0,0,0.0,0,0.0,0,2277.200000,11,0.0,0,0.0,0,0.0,0,0.0,0
2013-08-07T09:21:45.0,2276.800000,22202,2276.600000,20,0.0,0,0.0,0,0.0,0,0.0,0,2276.800000,5,0.0,0,0.0,0,0.0,0,0.0,0
2013-08-07T09:21:45.500,2276.800000,22209,2276.600000,18,0.0,0,0.0,0,0.0,0,0.0,0,2277.000000,10,0.0,0,0.0,0,0.0,0,0.0,0
2013-08-07T09:21:46.0,2276.800000,22209,2276.600000,17,0.0,0,0.0,0,0.0,0,0.0,0,2277.000000,13,0.0,0,0.0,0,0.0,0,0.0,0
2013-08-07T09:21:46.500,2276.600000,22213,2276.600000,14,0.0,0,0.0,0,0.0,0,0.0,0,2277.000000,13,0.0,0,0.0,0,0.0,0,0.0,0
2013-08-07T09:21:47.0,2276.600000,22231,2276.400000,30,0.0,0,0.0,0,0.0,0,0.0,0,2276.800000,8,0.0,0,0.0,0,0.0,0,0.0,0
2013-08-07T09:21:47.500,2276.600000,22236,2276.400000,29,0.0,0,0.0,0,0.0,0,0.0,0,2276.600000,1,0.0,0,0.0,0,0.0,0,0.0,0
2013-08-07T09:21:48.0,2276.600000,22238,2276.400000,29,0.0,0,0.0,0,0.0,0,0.0,0,2276.600000,3,0.0,0,0.0,0,0.0,0,0.0,0
2013-08-07T09:21:48.500,2276.600000,22238,2276.400000,30,0.0,0,0.0,0,0.0,0,0.0,0,2276.600000,5,0.0,0,0.0,0,0.0,0,0.0,0
2013-08-07T09:21:49.0,2276.600000,22241,2276.400000,30,0.0,0,0.0,0,0.0,0,0.0,0,2276.600000,2,0.0,0,0.0,0,0.0,0,0.0,0
2013-08-07T09:21:49.500,2276.600000,22249,2276.600000,18,0.0,0,0.0,0,0.0,0,0.0,0,2276.800000,13,0.0,0,0.0,0,0.0,0,0.0,0
2013-08-07T09:21:50.0,2276.600000,22277,2276.600000,1,0.0,0,0.0,0,0.0,0,0.0,0,2276.800000,13,0.0,0,0.0,0,0.0,0,0.0,0
2013-08-07T09:21:50.500,2276.400000,22279,2276.400000,26,0.0,0,0.0,0,0.0,0,0.0,0,2276.800000,13,0.0,0,0.0,0,0.0,0,0.0,0
2013-08-07T09:21:51.0,2276.400000,22281,2276.400000,26,0.0,0,0.0,0,0.0,0,0.0,0,2276.600000,1,0.0,0,0.0,0,0.0,0,0.0,0
2013-08-07T09:21:51.500,2276.400000,22294,2276.400000,15,0.0,0,0.0,0,0.0,0,0.0,0,2276.600000,3,0.0,0,0.0,0,0.0,0,0.0,0
2013-08-07T09:21:52.0,2276.600000,22303,2276.400000,13,0.0,0,0.0,0,0.0,0,0.0,0,2276.800000,11,0.0,0,0.0,0,0.0,0,0.0,0
2013-08-07T09:21:52.500,2276.800000,22319,2276.800000,57,0.0,0,0.0,0,0.0,0,0.0,0,2277.000000,12,0.0,0,0.0,0,0.0,0,0.0,0
2013-08-07T09:21:53.0,2277.200000,22338,2276.800000,55,0.0,0,0.0,0,0.0,0,0.0,0,2277.200000,21,0.0,0,0.0,0,0.0,0,0.0,0
2013-08-07T09:21:53.500,2277.000000,22341,2277.000000,1,0.0,0,0.0,0,0.0,0,0.0,0,2277.200000,20,0.0,0,0.0,0,0.0,0,0.0,0
2013-08-07T09:21:54.0,2276.800000,22345,2276.800000,54,0.0,0,0.0,0,0.0,0,0.0,0,2277.200000,21,0.0,0,0.0,0,0.0,0,0.0,0
2013-08-07T09:21:54.500,2276.800000,22345,2276.800000,56,0.0,0,0.0,0,0.0,0,0.0,0,2277.000000,3,0.0,0,0.0,0,0.0,0,0.0,0
2013-08-07T09:21:55.0,2277.200000,22351,2277.000000,2,0.0,0,0.0,0,0.0,0,0.0,0,2277.200000,19,0.0,0,0.0,0,0.0,0,0.0,0
2013-08-07T09:21:55.500,2276.800000,22383,2276.800000,28,0.0,0,0.0,0,0.0,0,0.0,0,2277.000000,1,0.0,0,0.0,0,0.0,0,0.0,0
2013-08-07T09:21:56.0,2276.800000,22386,2276.800000,27,0.0,0,0.0,0,0.0,0,0.0,0,2277.000000,3,0.0,0,0.0,0,0.0,0,0.0,0
2013-08-07T09:21:56.500,2276.800000,22395,2276.800000,19,0.0,0,0.0,0,0.0,0,0.0,0,2277.000000,4,0.0,0,0.0,0,0.0,0,0.0,0
2013-08-07T09:21:57.0,2277.000000,22404,2276.800000,12,0.0,0,0.0,0,0.0,0,0.0,0,2277.000000,4,0.0,0,0.0,0,0.0,0,0.0,0
2013-08-07T09:21:57.500,2277.000000,22406,2276.800000,11,0.0,0,0.0,0,0.0,0,0.0,0,2277.000000,5,0.0,0,0.0,0,0.0,0,0.0,0
2013-08-07T09:21:58.0,2276.800000,22408,2276.800000,10,0.0,0,0.0,0,0.0,0,0.0,0,2277.000000,5,0.0,0,0.0,0,0.0,0,0.0,0
2013-08-07T09:21:58.500,2276.800000,22410,2276.800000,8,0.0,0,0.0,0,0.0,0,0.0,0,2277.000000,7,0.0,0,0.0,0,0.0,0,0.0,0
2013-08-07T09:21:59.0,2276.800000,22410,2276.800000,17,0.0,0,0.0,0,0.0,0,0.0,0,2277.000000,11,0.0,0,0.0,0,0.0,0,0.0,0
2013-08-07T09:21:59.500,2277.000000,22422,2277.000000,11,0.0,0,0.0,0,0.0,0,0.0,0,2277.200000,13,0.0,0,0.0,0,0.0,0,0.0,0
2013-08-07T09:22:00.0,2277.000000,22425,2277.000000,16,0.0,0,0.0,0,0.0,0,0.0,0,2277.200000,13,0.0,0,0.0,0,0.0,0,0.0,0
2013-08-07T09:22:00.500,2277.200000,22443,2277.200000,81,0.0,0,0.0,0,0.0,0,0.0,0,2277.400000,37,0.0,0,0.0,0,0.0,0,0.0,0
2013-08-07T09:22:01.0,2277.600000,22485,2277.400000,38,0.0,0,0.0,0,0.0,0,0.0,0,2277.600000,40,0.0,0,0.0,0,0.0,0,0.0,0
2013-08-07T09:22:01.500,2277.600000,22535,2277.400000,19,0.0,0,0.0,0,0.0,0,0.0,0,2277.600000,1,0.0,0,0.0,0,0.0,0,0.0,0
