date_time,last_px,total_volume,bid1_px,bid1_qty,bid2_px,bid2_qty,bid3_px,bid3_qty,bid4_px,bid4_qty,bid5_px,bid5_qty,ask1_px,ask1_qty,ask2_px,ask2_qty,ask3_px,ask3_qty,ask4_px,ask4_qty,ask5_px,ask5_qty
2012-11-07T09:14:00.250,2296.8,298,2296,11,0.0,0,0.0,0,0.0,0,0.0,0,2296.8,38,0.0,0,0.0,0,0.0,0,0.0,0
2012-11-07T09:15:00.250,2296.8,517,2296,1,0.0,0,0.0,0,0.0,0,0.0,0,2296.8,2,0.0,0,0.0,0,0.0,0,0.0,0
2012-11-07T09:15:01.000,2297,787,2297,15,0.0,0,0.0,0,0.0,0,0.0,0,2297.4,6,0.0,0,0.0,0,0.0,0,0.0,0
2012-11-07T09:15:01.500,2296.8,926,2296,3,0.0,0,0.0,0,0.0,0,0.0,0,2296.8,4,0.0,0,0.0,0,0.0,0,0.0,0
2012-11-07T09:15:02.000,2296,1064,2295.6,44,0.0,0,0.0,0,0.0,0,0.0,0,2296,3,0.0,0,0.0,0,0.0,0,0.0,0
2012-11-07T09:15:02.500,2295.8,1161,2295.4,3,0.0,0,0.0,0,0.0,0,0.0,0,2295.6,64,0.0,0,0.0,0,0.0,0,0.0,0
2012-11-07T09:15:03.000,2295.2,1262,2295,100,0.0,0,0.0,0,0.0,0,0.0,0,2295.2,5,0.0,0,0.0,0,0.0,0,0.0,0
2012-11-07T09:15:03.500,2295.2,1399,2295.2,9,0.0,0,0.0,0,0.0,0,0.0,0,2295.4,32,0.0,0,0.0,0,0.0,0,0.0,0
2012-11-07T09:15:04.000,2295,1487,2294.4,53,0.0,0,0.0,0,0.0,0,0.0,0,2294.8,9,0.0,0,0.0,0,0.0,0,0.0,0
2012-11-07T09:15:04.500,2295,1598,2294.6,19,0.0,0,0.0,0,0.0,0,0.0,0,2295.2,16,0.0,0,0.0,0,0.0,0,0.0,0
2012-11-07T09:15:05.000,2295,1669,2294.6,18,0.0,0,0.0,0,0.0,0,0.0,0,2295.2,9,0.0,0,0.0,0,0.0,0,0.0,0
2012-11-07T09:15:05.500,2295.2,1732,2294.8,48,0.0,0,0.0,0,0.0,0,0.0,0,2295.2,1,0.0,0,0.0,0,0.0,0,0.0,0
2012-11-07T09:15:06.000,2295,1787,2295,26,0.0,0,0.0,0,0.0,0,0.0,0,2295.2,14,0.0,0,0.0,0,0.0,0,0.0,0
2012-11-07T09:15:06.500,2295.2,1870,2295.2,40,0.0,0,0.0,0,0.0,0,0.0,0,2295.6,26,0.0,0,0.0,0,0.0,0,0.0,0
2012-11-07T09:15:07.000,2295.4,1899,2295.2,48,0.0,0,0.0,0,0.0,0,0.0,0,2295.6,17,0.0,0,0.0,0,0.0,0,0.0,0
2012-11-07T09:15:07.500,2295.4,1957,2295.6,1,0.0,0,0.0,0,0.0,0,0.0,0,2295.8,1,0.0,0,0.0,0,0.0,0,0.0,0
2012-11-07T09:15:08.000,2295.6,1976,2295.6,4,0.0,0,0.0,0,0.0,0,0.0,0,2296,75,0.0,0,0.0,0,0.0,0,0.0,0
2012-11-07T09:15:08.500,2295.8,2022,2295.8,27,0.0,0,0.0,0,0.0,0,0.0,0,2296,57,0.0,0,0.0,0,0.0,0,0.0,0
2012-11-07T09:15:09.000,2295.8,2073,2295.6,13,0.0,0,0.0,0,0.0,0,0.0,0,2295.8,2,0.0,0,0.0,0,0.0,0,0.0,0
2012-11-07T09:15:09.500,2296,2095,2295.8,75,0.0,0,0.0,0,0.0,0,0.0,0,2296,37,0.0,0,0.0,0,0.0,0,0.0,0
2012-11-07T09:15:10.000,2295.8,2160,2295.8,102,0.0,0,0.0,0,0.0,0,0.0,0,2296,23,0.0,0,0.0,0,0.0,0,0.0,0
2012-11-07T09:15:10.500,2296.2,2215,2296.2,2,0.0,0,0.0,0,0.0,0,0.0,0,2296.6,2,0.0,0,0.0,0,0.0,0,0.0,0
2012-11-07T09:15:11.000,2296,2318,2296,64,0.0,0,0.0,0,0.0,0,0.0,0,2296.8,28,0.0,0,0.0,0,0.0,0,0.0,0
2012-11-07T09:15:11.500,2296.8,2377,2296.2,40,0.0,0,0.0,0,0.0,0,0.0,0,2296.6,2,0.0,0,0.0,0,0.0,0,0.0,0
2012-11-07T09:15:12.000,2296.6,2405,2296.4,3,0.0,0,0.0,0,0.0,0,0.0,0,2296.6,5,0.0,0,0.0,0,0.0,0,0.0,0
2012-11-07T09:15:12.500,2296.4,2464,2296,46,0.0,0,0.0,0,0.0,0,0.0,0,2296.4,10,0.0,0,0.0,0,0.0,0,0.0,0
2012-11-07T09:15:13.000,2296.8,2490,2296.4,8,0.0,0,0.0,0,0.0,0,0.0,0,2296.8,22,0.0,0,0.0,0,0.0,0,0.0,0
2012-11-07T09:15:13.500,2296.4,2514,2296,31,0.0,0,0.0,0,0.0,0,0.0,0,2296.6,56,0.0,0,0.0,0,0.0,0,0.0,0
2012-11-07T09:15:14.000,2296.2,2554,2296.2,14,0.0,0,0.0,0,0.0,0,0.0,0,2296.6,39,0.0,0,0.0,0,0.0,0,0.0,0
2012-11-07T09:15:14.500,2296.4,2586,2296,41,0.0,0,0.0,0,0.0,0,0.0,0,2296.4,20,0.0,0,0.0,0,0.0,0,0.0,0
2012-11-07T09:15:15.000,2296.4,2595,2296,39,0.0,0,0.0,0,0.0,0,0.0,0,2296.4,27,0.0,0,0.0,0,0.0,0,0.0,0
2012-11-07T09:15:15.500,2296,2630,2295.8,104,0.0,0,0.0,0,0.0,0,0.0,0,2296,2,0.0,0,0.0,0,0.0,0,0.0,0
2012-11-07T09:15:16.000,2295.8,2660,2295.8,95,0.0,0,0.0,0,0.0,0,0.0,0,2296,42,0.0,0,0.0,0,0.0,0,0.0,0
2012-11-07T09:15:16.500,2295.8,2688,2295.8,70,0.0,0,0.0,0,0.0,0,0.0,0,2296,61,0.0,0,0.0,0,0.0,0,0.0,0
2012-11-07T09:15:17.000,2295.8,2736,2295.8,42,0.0,0,0.0,0,0.0,0,0.0,0,2296,30,0.0,0,0.0,0,0.0,0,0.0,0
2012-11-07T09:15:17.500,2295.8,2788,2295.8,3,0.0,0,0.0,0,0.0,0,0.0,0,2296,39,0.0,0,0.0,0,0.0,0,0.0,0
2012-11-07T09:15:18.000,2295.6,2816,2295.4,12,0.0,0,0.0,0,0.0,0,0.0,0,2295.6,74,0.0,0,0.0,0,0.0,0,0.0,0
2012-11-07T09:15:18.500,2295.4,2840,2295.2,20,0.0,0,0.0,0,0.0,0,0.0,0,2295.4,12,0.0,0,0.0,0,0.0,0,0.0,0
2012-11-07T09:15:19.000,2295.4,2866,2295,30,0.0,0,0.0,0,0.0,0,0.0,0,2295.2,4,0.0,0,0.0,0,0.0,0,0.0,0
2012-11-07T09:15:19.500,2295,2892,2295,14,0.0,0,0.0,0,0.0,0,0.0,0,2295.2,4,0.0,0,0.0,0,0.0,0,0.0,0
2012-11-07T09:15:20.000,2295,2920,2294.8,17,0.0,0,0.0,0,0.0,0,0.0,0,2295,19,0.0,0,0.0,0,0.0,0,0.0,0
2012-11-07T09:15:20.500,2294.8,2945,2294.6,9,0.0,0,0.0,0,0.0,0,0.0,0,2294.8,6,0.0,0,0.0,0,0.0,0,0.0,0
2012-11-07T09:15:21.000,2294.8,2997,2294.4,30,0.0,0,0.0,0,0.0,0,0.0,0,2295,1,0.0,0,0.0,0,0.0,0,0.0,0
2012-11-07T09:15:21.500,2294.8,3019,2294.6,17,0.0,0,0.0,0,0.0,0,0.0,0,2294.8,8,0.0,0,0.0,0,0.0,0,0.0,0
2012-11-07T09:15:22.000,2294.6,3039,2294.6,15,0.0,0,0.0,0,0.0,0,0.0,0,2294.8,6,0.0,0,0.0,0,0.0,0,0.0,0
2012-11-07T09:15:22.500,2294.6,3085,2294.4,23,0.0,0,0.0,0,0.0,0,0.0,0,2294.8,4,0.0,0,0.0,0,0.0,0,0.0,0
2012-11-07T09:15:23.000,2294.4,3102,2294.4,15,0.0,0,0.0,0,0.0,0,0.0,0,2294.6,1,0.0,0,0.0,0,0.0,0,0.0,0
2012-11-07T09:15:23.500,2294.6,3119,2294.6,8,0.0,0,0.0,0,0.0,0,0.0,0,2294.8,5,0.0,0,0.0,0,0.0,0,0.0,0
2012-11-07T09:15:24.000,2294.6,3153,2294.4,22,0.0,0,0.0,0,0.0,0,0.0,0,2294.6,21,0.0,0,0.0,0,0.0,0,0.0,0
2012-11-07T09:15:24.500,2294.6,3175,2294.4,15,0.0,0,0.0,0,0.0,0,0.0,0,2294.6,34,0.0,0,0.0,0,0.0,0,0.0,0
2012-11-07T09:15:25.000,2294.4,3203,2294.2,23,0.0,0,0.0,0,0.0,0,0.0,0,2294.4,2,0.0,0,0.0,0,0.0,0,0.0,0
2012-11-07T09:15:25.500,2294.4,3251,2294.2,20,0.0,0,0.0,0,0.0,0,0.0,0,2294.6,3,0.0,0,0.0,0,0.0,0,0.0,0
2012-11-07T09:15:26.000,2294.6,3271,2294.6,53,0.0,0,0.0,0,0.0,0,0.0,0,2294.8,16,0.0,0,0.0,0,0.0,0,0.0,0
2012-11-07T09:15:26.500,2294.6,3340,2294.8,20,0.0,0,0.0,0,0.0,0,0.0,0,2295,26,0.0,0,0.0,0,0.0,0,0.0,0
2012-11-07T09:15:27.000,2295,3378,2294.8,22,0.0,0,0.0,0,0.0,0,0.0,0,2295,4,0.0,0,0.0,0,0.0,0,0.0,0
2012-11-07T09:15:27.500,2295,3391,2295,4,0.0,0,0.0,0,0.0,0,0.0,0,2295.2,13,0.0,0,0.0,0,0.0,0,0.0,0
2012-11-07T09:15:28.000,2295,3405,2295,27,0.0,0,0.0,0,0.0,0,0.0,0,2295.2,19,0.0,0,0.0,0,0.0,0,0.0,0
2012-11-07T09:15:28.500,2295.2,3411,2295,24,0.0,0,0.0,0,0.0,0,0.0,0,2295.2,18,0.0,0,0.0,0,0.0,0,0.0,0
2012-11-07T09:15:29.000,2295.4,3434,2295.2,33,0.0,0,0.0,0,0.0,0,0.0,0,2295.4,6,0.0,0,0.0,0,0.0,0,0.0,0
2012-11-07T09:15:29.500,2295.4,3442,2295.2,33,0.0,0,0.0,0,0.0,0,0.0,0,2295.6,76,0.0,0,0.0,0,0.0,0,0.0,0
2012-11-07T09:15:30.000,2295.2,3456,2295.2,30,0.0,0,0.0,0,0.0,0,0.0,0,2295.6,75,0.0,0,0.0,0,0.0,0,0.0,0
2012-11-07T09:15:30.500,2295.2,3467,2295.2,21,0.0,0,0.0,0,0.0,0,0.0,0,2295.4,1,0.0,0,0.0,0,0.0,0,0.0,0
2012-11-07T09:15:31.000,2295.4,3500,2295,22,0.0,0,0.0,0,0.0,0,0.0,0,2295.2,3,0.0,0,0.0,0,0.0,0,0.0,0
2012-11-07T09:15:31.500,2295,3507,2295,20,0.0,0,0.0,0,0.0,0,0.0,0,2295.2,21,0.0,0,0.0,0,0.0,0,0.0,0
2012-11-07T09:15:32.000,2295,3531,2294.8,26,0.0,0,0.0,0,0.0,0,0.0,0,2295,28,0.0,0,0.0,0,0.0,0,0.0,0
2012-11-07T09:15:32.500,2294.8,3552,2294.6,23,0.0,0,0.0,0,0.0,0,0.0,0,2294.8,12,0.0,0,0.0,0,0.0,0,0.0,0
2012-11-07T09:15:33.000,2294.8,3561,2294.6,32,0.0,0,0.0,0,0.0,0,0.0,0,2294.8,10,0.0,0,0.0,0,0.0,0,0.0,0
2012-11-07T09:15:33.500,2294.8,3563,2294.6,52,0.0,0,0.0,0,0.0,0,0.0,0,2294.8,9,0.0,0,0.0,0,0.0,0,0.0,0
2012-11-07T09:15:34.000,2294.8,3576,2294.8,6,0.0,0,0.0,0,0.0,0,0.0,0,2295,44,0.0,0,0.0,0,0.0,0,0.0,0
2012-11-07T09:15:34.500,2294.8,3592,2294.6,49,0.0,0,0.0,0,0.0,0,0.0,0,2295,39,0.0,0,0.0,0,0.0,0,0.0,0
2012-11-07T09:15:35.000,2294.8,3594,2294.6,48,0.0,0,0.0,0,0.0,0,0.0,0,2295,40,0.0,0,0.0,0,0.0,0,0.0,0
2012-11-07T09:15:35.500,2294.8,3619,2294.6,64,0.0,0,0.0,0,0.0,0,0.0,0,2294.8,27,0.0,0,0.0,0,0.0,0,0.0,0
2012-11-07T09:15:36.000,2294.8,3631,2294.6,63,0.0,0,0.0,0,0.0,0,0.0,0,2294.8,16,0.0,0,0.0,0,0.0,0,0.0,0
2012-11-07T09:15:36.500,2294.8,3635,2294.6,62,0.0,0,0.0,0,0.0,0,0.0,0,2294.8,13,0.0,0,0.0,0,0.0,0,0.0,0
2012-11-07T09:15:37.000,2294.8,3656,2294.6,48,0.0,0,0.0,0,0.0,0,0.0,0,2294.8,12,0.0,0,0.0,0,0.0,0,0.0,0
2012-11-07T09:15:37.500,2294.6,3665,2294.6,42,0.0,0,0.0,0,0.0,0,0.0,0,2294.8,15,0.0,0,0.0,0,0.0,0,0.0,0
2012-11-07T09:15:38.000,2294.6,3720,2294.4,7,0.0,0,0.0,0,0.0,0,0.0,0,2294.6,6,0.0,0,0.0,0,0.0,0,0.0,0
2012-11-07T09:15:38.500,2294.4,3765,2294.4,1,0.0,0,0.0,0,0.0,0,0.0,0,2294.6,15,0.0,0,0.0,0,0.0,0,0.0,0
2012-11-07T09:15:39.000,2294.2,3818,2294,46,0.0,0,0.0,0,0.0,0,0.0,0,2294.2,11,0.0,0,0.0,0,0.0,0,0.0,0
2012-11-07T09:15:39.500,2294,3837,2294,31,0.0,0,0.0,0,0.0,0,0.0,0,2294.2,8,0.0,0,0.0,0,0.0,0,0.0,0
2012-11-07T09:15:40.000,2294,3880,2293.8,13,0.0,0,0.0,0,0.0,0,0.0,0,2294,1,0.0,0,0.0,0,0.0,0,0.0,0
2012-11-07T09:15:40.500,2294.2,3899,2294.2,20,0.0,0,0.0,0,0.0,0,0.0,0,2294.4,15,0.0,0,0.0,0,0.0,0,0.0,0
2012-11-07T09:15:41.000,2294.4,3916,2294.2,9,0.0,0,0.0,0,0.0,0,0.0,0,2294.4,15,0.0,0,0.0,0,0.0,0,0.0,0
2012-11-07T09:15:41.500,2294.4,3925,2294.2,6,0.0,0,0.0,0,0.0,0,0.0,0,2294.4,12,0.0,0,0.0,0,0.0,0,0.0,0
2012-11-07T09:15:42.000,2294.2,3938,2294.2,1,0.0,0,0.0,0,0.0,0,0.0,0,2294.4,6,0.0,0,0.0,0,0.0,0,0.0,0
2012-11-07T09:15:42.500,2294.2,3946,2294.2,14,0.0,0,0.0,0,0.0,0,0.0,0,2294.4,3,0.0,0,0.0,0,0.0,0,0.0,0
2012-11-07T09:15:43.000,2294.2,3958,2294.2,11,0.0,0,0.0,0,0.0,0,0.0,0,2294.6,38,0.0,0,0.0,0,0.0,0,0.0,0
2012-11-07T09:15:43.500,2294.4,3972,2294.4,2,0.0,0,0.0,0,0.0,0,0.0,0,2294.6,40,0.0,0,0.0,0,0.0,0,0.0,0
2012-11-07T09:15:44.000,2294.4,3986,2294.2,7,0.0,0,0.0,0,0.0,0,0.0,0,2294.4,11,0.0,0,0.0,0,0.0,0,0.0,0
2012-11-07T09:15:44.500,2294.2,4011,2294.2,5,0.0,0,0.0,0,0.0,0,0.0,0,2294.4,1,0.0,0,0.0,0,0.0,0,0.0,0
2012-11-07T09:15:45.000,2294.2,4015,2294.2,5,0.0,0,0.0,0,0.0,0,0.0,0,2294.4,1,0.0,0,0.0,0,0.0,0,0.0,0
2012-11-07T09:15:45.500,2294.4,4026,2294.4,24,0.0,0,0.0,0,0.0,0,0.0,0,2294.6,26,0.0,0,0.0,0,0.0,0,0.0,0
2012-11-07T09:15:46.000,2294.4,4048,2294.4,6,0.0,0,0.0,0,0.0,0,0.0,0,2294.6,28,0.0,0,0.0,0,0.0,0,0.0,0
2012-11-07T09:15:46.500,2294.2,4108,2294.2,13,0.0,0,0.0,0,0.0,0,0.0,0,2294.4,1,0.0,0,0.0,0,0.0,0,0.0,0
2012-11-07T09:15:47.000,2294.2,4133,2294,62,0.0,0,0.0,0,0.0,0,0.0,0,2294.2,18,0.0,0,0.0,0,0.0,0,0.0,0
2012-11-07T09:15:47.500,2294.2,4140,2294,66,0.0,0,0.0,0,0.0,0,0.0,0,2294.2,12,0.0,0,0.0,0,0.0,0,0.0,0
2012-11-07T09:15:48.000,2294.2,4149,2294,63,0.0,0,0.0,0,0.0,0,0.0,0,2294.2,12,0.0,0,0.0,0,0.0,0,0.0,0
2012-11-07T09:15:48.500,2294,4151,2294,78,0.0,0,0.0,0,0.0,0,0.0,0,2294.2,20,0.0,0,0.0,0,0.0,0,0.0,0
2012-11-07T09:15:49.000,2294.2,4159,2294,66,0.0,0,0.0,0,0.0,0,0.0,0,2294.2,16,0.0,0,0.0,0,0.0,0,0.0,0
2012-11-07T09:15:49.500,2294.2,4170,2294,60,0.0,0,0.0,0,0.0,0,0.0,0,2294.2,16,0.0,0,0.0,0,0.0,0,0.0,0
2012-11-07T09:15:50.000,2294,4179,2294,57,0.0,0,0.0,0,0.0,0,0.0,0,2294.2,12,0.0,0,0.0,0,0.0,0,0.0,0
2012-11-07T09:15:50.500,2294.2,4196,2294.2,12,0.0,0,0.0,0,0.0,0,0.0,0,2294.4,7,0.0,0,0.0,0,0.0,0,0.0,0
2012-11-07T09:15:51.000,2294.2,4205,2294.2,27,0.0,0,0.0,0,0.0,0,0.0,0,2294.4,7,0.0,0,0.0,0,0.0,0,0.0,0
2012-11-07T09:15:51.500,2294.4,4225,2294.4,20,0.0,0,0.0,0,0.0,0,0.0,0,2294.6,36,0.0,0,0.0,0,0.0,0,0.0,0
2012-11-07T09:15:52.000,2294.4,4231,2294.4,16,0.0,0,0.0,0,0.0,0,0.0,0,2294.6,33,0.0,0,0.0,0,0.0,0,0.0,0
2012-11-07T09:15:52.500,2294.6,4242,2294.4,17,0.0,0,0.0,0,0.0,0,0.0,0,2294.6,27,0.0,0,0.0,0,0.0,0,0.0,0
2012-11-07T09:15:53.000,2294.6,4270,2294.4,15,0.0,0,0.0,0,0.0,0,0.0,0,2294.6,1,0.0,0,0.0,0,0.0,0,0.0,0
2012-11-07T09:15:53.500,2294.8,4293,2294.2,27,0.0,0,0.0,0,0.0,0,0.0,0,2294.8,41,0.0,0,0.0,0,0.0,0,0.0,0
2012-11-07T09:15:54.000,2294.2,4306,2294.6,1,0.0,0,0.0,0,0.0,0,0.0,0,2294.8,35,0.0,0,0.0,0,0.0,0,0.0,0
2012-11-07T09:15:54.500,2294.8,4320,2294.4,2,0.0,0,0.0,0,0.0,0,0.0,0,2294.6,6,0.0,0,0.0,0,0.0,0,0.0,0
2012-11-07T09:15:55.000,2294.6,4339,2294.4,18,0.0,0,0.0,0,0.0,0,0.0,0,2294.6,2,0.0,0,0.0,0,0.0,0,0.0,0
2012-11-07T09:15:55.500,2294.6,4340,2294.4,16,0.0,0,0.0,0,0.0,0,0.0,0,2294.6,4,0.0,0,0.0,0,0.0,0,0.0,0
2012-11-07T09:15:56.000,2294.6,4346,2294.4,19,0.0,0,0.0,0,0.0,0,0.0,0,2294.6,12,0.0,0,0.0,0,0.0,0,0.0,0
2012-11-07T09:15:56.500,2294.2,4379,2294.2,18,0.0,0,0.0,0,0.0,0,0.0,0,2294.4,3,0.0,0,0.0,0,0.0,0,0.0,0
2012-11-07T09:15:57.000,2294.6,4386,2294.4,1,0.0,0,0.0,0,0.0,0,0.0,0,2294.6,8,0.0,0,0.0,0,0.0,0,0.0,0
2012-11-07T09:15:57.500,2294.6,4387,2294.4,4,0.0,0,0.0,0,0.0,0,0.0,0,2294.6,9,0.0,0,0.0,0,0.0,0,0.0,0
2012-11-07T09:15:58.000,2294.6,4388,2294.4,4,0.0,0,0.0,0,0.0,0,0.0,0,2294.6,8,0.0,0,0.0,0,0.0,0,0.0,0
2012-11-07T09:15:58.500,2294.2,4428,2294,112,0.0,0,0.0,0,0.0,0,0.0,0,2294.2,42,0.0,0,0.0,0,0.0,0,0.0,0
2012-11-07T09:15:59.000,2294.2,4429,2294,112,0.0,0,0.0,0,0.0,0,0.0,0,2294.2,41,0.0,0,0.0,0,0.0,0,0.0,0
2012-11-07T09:15:59.500,2294.2,4435,2294,112,0.0,0,0.0,0,0.0,0,0.0,0,2294.2,36,0.0,0,0.0,0,0.0,0,0.0,0
2012-11-07T09:16:00.000,2294.2,4449,2294,109,0.0,0,0.0,0,0.0,0,0.0,0,2294.2,23,0.0,0,0.0,0,0.0,0,0.0,0
2012-11-07T09:16:00.500,2294.2,4490,2294.2,63,0.0,0,0.0,0,0.0,0,0.0,0,2294.4,8,0.0,0,0.0,0,0.0,0,0.0,0
2012-11-07T09:16:01.000,2294.4,4558,2294.4,2,0.0,0,0.0,0,0.0,0,0.0,0,2294.8,34,0.0,0,0.0,0,0.0,0,0.0,0
2012-11-07T09:16:01.500,2294.4,4620,2294.4,7,0.0,0,0.0,0,0.0,0,0.0,0,2294.8,32,0.0,0,0.0,0,0.0,0,0.0,0
2012-11-07T09:16:02.000,2294.8,4627,2294.4,43,0.0,0,0.0,0,0.0,0,0.0,0,2294.6,1,0.0,0,0.0,0,0.0,0,0.0,0
2012-11-07T09:16:02.500,2294.6,4696,2294.6,7,0.0,0,0.0,0,0.0,0,0.0,0,2294.8,24,0.0,0,0.0,0,0.0,0,0.0,0
2012-11-07T09:16:03.000,2294.2,4709,2294.2,19,0.0,0,0.0,0,0.0,0,0.0,0,2294.4,3,0.0,0,0.0,0,0.0,0,0.0,0
2012-11-07T09:16:03.500,2294.4,4734,2294.2,19,0.0,0,0.0,0,0.0,0,0.0,0,2294.6,20,0.0,0,0.0,0,0.0,0,0.0,0
2012-11-07T09:16:04.000,2294.4,4739,2294.4,1,0.0,0,0.0,0,0.0,0,0.0,0,2294.6,36,0.0,0,0.0,0,0.0,0,0.0,0
2012-11-07T09:16:04.500,2294.4,4749,2294.2,25,0.0,0,0.0,0,0.0,0,0.0,0,2294.4,5,0.0,0,0.0,0,0.0,0,0.0,0
2012-11-07T09:16:05.000,2294.4,4774,2294.4,62,0.0,0,0.0,0,0.0,0,0.0,0,2294.6,25,0.0,0,0.0,0,0.0,0,0.0,0
2012-11-07T09:16:05.500,2294.6,4790,2294.4,62,0.0,0,0.0,0,0.0,0,0.0,0,2294.6,10,0.0,0,0.0,0,0.0,0,0.0,0
2012-11-07T09:16:06.000,2294.6,4807,2294.4,63,0.0,0,0.0,0,0.0,0,0.0,0,2294.6,13,0.0,0,0.0,0,0.0,0,0.0,0
2012-11-07T09:16:06.500,2294.6,4812,2294.4,61,0.0,0,0.0,0,0.0,0,0.0,0,2294.6,13,0.0,0,0.0,0,0.0,0,0.0,0
2012-11-07T09:16:07.000,2294.4,4815,2294.4,64,0.0,0,0.0,0,0.0,0,0.0,0,2294.6,27,0.0,0,0.0,0,0.0,0,0.0,0
2012-11-07T09:16:07.500,2294.6,4830,2294.4,57,0.0,0,0.0,0,0.0,0,0.0,0,2294.6,28,0.0,0,0.0,0,0.0,0,0.0,0
2012-11-07T09:16:08.000,2294.6,4832,2294.4,58,0.0,0,0.0,0,0.0,0,0.0,0,2294.6,32,0.0,0,0.0,0,0.0,0,0.0,0
2012-11-07T09:16:08.500,2294.6,4845,2294.4,56,0.0,0,0.0,0,0.0,0,0.0,0,2294.6,24,0.0,0,0.0,0,0.0,0,0.0,0
2012-11-07T09:16:09.000,2294.6,4854,2294.4,52,0.0,0,0.0,0,0.0,0,0.0,0,2294.6,22,0.0,0,0.0,0,0.0,0,0.0,0
2012-11-07T09:16:09.500,2294.6,4862,2294.4,53,0.0,0,0.0,0,0.0,0,0.0,0,2294.6,25,0.0,0,0.0,0,0.0,0,0.0,0
2012-11-07T09:16:10.000,2294.6,4872,2294.4,53,0.0,0,0.0,0,0.0,0,0.0,0,2294.6,20,0.0,0,0.0,0,0.0,0,0.0,0
2012-11-07T09:16:10.500,2294.6,4895,2294.6,3,0.0,0,0.0,0,0.0,0,0.0,0,2294.8,52,0.0,0,0.0,0,0.0,0,0.0,0
2012-11-07T09:16:11.000,2294.6,4958,2294.4,6,0.0,0,0.0,0,0.0,0,0.0,0,2294.6,5,0.0,0,0.0,0,0.0,0,0.0,0
2012-11-07T09:16:11.500,2294.4,4966,2294.2,39,0.0,0,0.0,0,0.0,0,0.0,0,2294.4,1,0.0,0,0.0,0,0.0,0,0.0,0
2012-11-07T09:16:12.000,2294.4,4971,2294.2,39,0.0,0,0.0,0,0.0,0,0.0,0,2294.4,10,0.0,0,0.0,0,0.0,0,0.0,0
2012-11-07T09:16:12.500,2294.4,4980,2294.2,32,0.0,0,0.0,0,0.0,0,0.0,0,2294.4,4,0.0,0,0.0,0,0.0,0,0.0,0
2012-11-07T09:16:13.000,2294.4,4986,2294.2,30,0.0,0,0.0,0,0.0,0,0.0,0,2294.4,2,0.0,0,0.0,0,0.0,0,0.0,0
2012-11-07T09:16:13.500,2294.4,4990,2294.2,29,0.0,0,0.0,0,0.0,0,0.0,0,2294.4,3,0.0,0,0.0,0,0.0,0,0.0,0
2012-11-07T09:16:14.000,2294.6,4996,2294.4,2,0.0,0,0.0,0,0.0,0,0.0,0,2294.6,8,0.0,0,0.0,0,0.0,0,0.0,0
2012-11-07T09:16:14.500,2294.4,4999,2294.2,29,0.0,0,0.0,0,0.0,0,0.0,0,2294.4,3,0.0,0,0.0,0,0.0,0,0.0,0
2012-11-07T09:16:15.000,2294.6,5005,2294.2,30,0.0,0,0.0,0,0.0,0,0.0,0,2294.6,6,0.0,0,0.0,0,0.0,0,0.0,0
2012-11-07T09:16:15.500,2294.6,5007,2294.2,32,0.0,0,0.0,0,0.0,0,0.0,0,2294.4,4,0.0,0,0.0,0,0.0,0,0.0,0
2012-11-07T09:16:16.000,2294.2,5020,2294.4,3,0.0,0,0.0,0,0.0,0,0.0,0,2294.6,4,0.0,0,0.0,0,0.0,0,0.0,0
2012-11-07T09:16:16.500,2294.2,5042,2294.2,11,0.0,0,0.0,0,0.0,0,0.0,0,2294.6,4,0.0,0,0.0,0,0.0,0,0.0,0
2012-11-07T09:16:17.000,2294.4,5053,2294.2,2,0.0,0,0.0,0,0.0,0,0.0,0,2294.4,1,0.0,0,0.0,0,0.0,0,0.0,0
2012-11-07T09:16:17.500,2294.6,5069,2294,119,0.0,0,0.0,0,0.0,0,0.0,0,2294.2,51,0.0,0,0.0,0,0.0,0,0.0,0
2012-11-07T09:16:18.000,2294,5137,2294,61,0.0,0,0.0,0,0.0,0,0.0,0,2294.2,50,0.0,0,0.0,0,0.0,0,0.0,0
2012-11-07T09:16:18.500,2294,5200,2293.8,37,0.0,0,0.0,0,0.0,0,0.0,0,2294,16,0.0,0,0.0,0,0.0,0,0.0,0
2012-11-07T09:16:19.000,2293.6,5248,2293.6,89,0.0,0,0.0,0,0.0,0,0.0,0,2293.8,27,0.0,0,0.0,0,0.0,0,0.0,0
2012-11-07T09:16:19.500,2293.6,5271,2293.6,74,0.0,0,0.0,0,0.0,0,0.0,0,2293.8,20,0.0,0,0.0,0,0.0,0,0.0,0
2012-11-07T09:16:20.000,2293.6,5307,2293.6,71,0.0,0,0.0,0,0.0,0,0.0,0,2293.8,19,0.0,0,0.0,0,0.0,0,0.0,0
2012-11-07T09:16:20.500,2293.8,5346,2293.8,15,0.0,0,0.0,0,0.0,0,0.0,0,2294,46,0.0,0,0.0,0,0.0,0,0.0,0
2012-11-07T09:16:21.000,2293.8,5372,2293.8,3,0.0,0,0.0,0,0.0,0,0.0,0,2294,49,0.0,0,0.0,0,0.0,0,0.0,0
2012-11-07T09:16:21.500,2293.8,5378,2293.8,5,0.0,0,0.0,0,0.0,0,0.0,0,2294,45,0.0,0,0.0,0,0.0,0,0.0,0
2012-11-07T09:16:22.000,2293.8,5389,2293.8,1,0.0,0,0.0,0,0.0,0,0.0,0,2294,44,0.0,0,0.0,0,0.0,0,0.0,0
2012-11-07T09:16:22.500,2293.8,5391,2293.8,1,0.0,0,0.0,0,0.0,0,0.0,0,2294,37,0.0,0,0.0,0,0.0,0,0.0,0
2012-11-07T09:16:23.000,2293.8,5401,2293.8,1,0.0,0,0.0,0,0.0,0,0.0,0,2294,35,0.0,0,0.0,0,0.0,0,0.0,0
2012-11-07T09:16:23.500,2294,5405,2293.8,1,0.0,0,0.0,0,0.0,0,0.0,0,2294,30,0.0,0,0.0,0,0.0,0,0.0,0
2012-11-07T09:16:24.000,2293.8,5407,2293.6,65,0.0,0,0.0,0,0.0,0,0.0,0,2293.8,47,0.0,0,0.0,0,0.0,0,0.0,0
2012-11-07T09:16:24.500,2293.6,5421,2293.6,58,0.0,0,0.0,0,0.0,0,0.0,0,2293.8,40,0.0,0,0.0,0,0.0,0,0.0,0
2012-11-07T09:16:25.000,2293.8,5424,2293.6,72,0.0,0,0.0,0,0.0,0,0.0,0,2293.8,38,0.0,0,0.0,0,0.0,0,0.0,0
2012-11-07T09:16:25.500,2293.6,5442,2293.6,55,0.0,0,0.0,0,0.0,0,0.0,0,2293.8,65,0.0,0,0.0,0,0.0,0,0.0,0
2012-11-07T09:16:26.000,2293.4,5514,2293.4,29,0.0,0,0.0,0,0.0,0,0.0,0,2293.6,11,0.0,0,0.0,0,0.0,0,0.0,0
2012-11-07T09:16:26.500,2293.6,5521,2293.4,27,0.0,0,0.0,0,0.0,0,0.0,0,2293.6,12,0.0,0,0.0,0,0.0,0,0.0,0
2012-11-07T09:16:27.000,2293.8,5544,2293.6,2,0.0,0,0.0,0,0.0,0,0.0,0,2293.8,56,0.0,0,0.0,0,0.0,0,0.0,0
2012-11-07T09:16:27.500,2293.8,5558,2293.4,15,0.0,0,0.0,0,0.0,0,0.0,0,2293.8,69,0.0,0,0.0,0,0.0,0,0.0,0
2012-11-07T09:16:28.000,2293.8,5559,2293.4,17,0.0,0,0.0,0,0.0,0,0.0,0,2293.6,16,0.0,0,0.0,0,0.0,0,0.0,0
2012-11-07T09:16:28.500,2293.4,5571,2293.4,8,0.0,0,0.0,0,0.0,0,0.0,0,2293.6,23,0.0,0,0.0,0,0.0,0,0.0,0
2012-11-07T09:16:29.000,2293.4,5585,2293.4,2,0.0,0,0.0,0,0.0,0,0.0,0,2293.6,17,0.0,0,0.0,0,0.0,0,0.0,0
2012-11-07T09:16:29.500,2293.4,5599,2293.4,4,0.0,0,0.0,0,0.0,0,0.0,0,2293.6,4,0.0,0,0.0,0,0.0,0,0.0,0
2012-11-07T09:16:30.000,2293.6,5609,2293.4,3,0.0,0,0.0,0,0.0,0,0.0,0,2293.6,10,0.0,0,0.0,0,0.0,0,0.0,0
2012-11-07T09:16:30.500,2293.6,5628,2293.4,24,0.0,0,0.0,0,0.0,0,0.0,0,2293.6,7,0.0,0,0.0,0,0.0,0,0.0,0
2012-11-07T09:16:31.000,2293.8,5646,2293.6,1,0.0,0,0.0,0,0.0,0,0.0,0,2293.8,62,0.0,0,0.0,0,0.0,0,0.0,0
2012-11-07T09:16:31.500,2293.4,5666,2293.4,9,0.0,0,0.0,0,0.0,0,0.0,0,2293.8,61,0.0,0,0.0,0,0.0,0,0.0,0
2012-11-07T09:16:33.000,2293.8,5672,2293.6,2,0.0,0,0.0,0,0.0,0,0.0,0,2293.8,60,0.0,0,0.0,0,0.0,0,0.0,0
2012-11-07T09:16:33.500,2293.6,5677,2293.6,4,0.0,0,0.0,0,0.0,0,0.0,0,2293.8,63,0.0,0,0.0,0,0.0,0,0.0,0
2012-11-07T09:16:34.000,2293.6,5680,2293.6,2,0.0,0,0.0,0,0.0,0,0.0,0,2293.8,64,0.0,0,0.0,0,0.0,0,0.0,0
2012-11-07T09:16:34.500,2293.4,5684,2293.4,17,0.0,0,0.0,0,0.0,0,0.0,0,2293.8,61,0.0,0,0.0,0,0.0,0,0.0,0
2012-11-07T09:16:35.000,2293.8,5687,2293.4,18,0.0,0,0.0,0,0.0,0,0.0,0,2293.8,61,0.0,0,0.0,0,0.0,0,0.0,0
2012-11-07T09:16:35.500,2293.6,5693,2293.4,15,0.0,0,0.0,0,0.0,0,0.0,0,2293.6,4,0.0,0,0.0,0,0.0,0,0.0,0
2012-11-07T09:16:36.000,2293.4,5705,2293.4,6,0.0,0,0.0,0,0.0,0,0.0,0,2293.6,7,0.0,0,0.0,0,0.0,0,0.0,0
2012-11-07T09:16:36.500,2293.4,5707,2293.4,4,0.0,0,0.0,0,0.0,0,0.0,0,2293.6,11,0.0,0,0.0,0,0.0,0,0.0,0
2012-11-07T09:16:37.000,2293.4,5709,2293.4,5,0.0,0,0.0,0,0.0,0,0.0,0,2293.6,25,0.0,0,0.0,0,0.0,0,0.0,0
2012-11-07T09:16:37.500,2293.4,5717,2293.2,58,0.0,0,0.0,0,0.0,0,0.0,0,2293.4,5,0.0,0,0.0,0,0.0,0,0.0,0
2012-11-07T09:16:38.000,2293.4,5721,2293.2,59,0.0,0,0.0,0,0.0,0,0.0,0,2293.4,4,0.0,0,0.0,0,0.0,0,0.0,0
2012-11-07T09:16:38.500,2293.2,5754,2293.2,58,0.0,0,0.0,0,0.0,0,0.0,0,2293.4,1,0.0,0,0.0,0,0.0,0,0.0,0
2012-11-07T09:16:39.000,2293.4,5759,2293.4,10,0.0,0,0.0,0,0.0,0,0.0,0,2293.8,43,0.0,0,0.0,0,0.0,0,0.0,0
2012-11-07T09:16:39.500,2293.6,5762,2293.6,4,0.0,0,0.0,0,0.0,0,0.0,0,2293.8,43,0.0,0,0.0,0,0.0,0,0.0,0
2012-11-07T09:16:40.000,2293.6,5764,2293.6,2,0.0,0,0.0,0,0.0,0,0.0,0,2293.8,42,0.0,0,0.0,0,0.0,0,0.0,0
2012-11-07T09:16:40.500,2293.4,5780,2293.4,17,0.0,0,0.0,0,0.0,0,0.0,0,2293.8,41,0.0,0,0.0,0,0.0,0,0.0,0
2012-11-07T09:16:41.000,2293.4,5782,2293.4,44,0.0,0,0.0,0,0.0,0,0.0,0,2293.8,40,0.0,0,0.0,0,0.0,0,0.0,0
2012-11-07T09:16:41.500,2293.8,5783,2293.6,2,0.0,0,0.0,0,0.0,0,0.0,0,2293.8,33,0.0,0,0.0,0,0.0,0,0.0,0
2012-11-07T09:16:42.000,2293.8,5818,2293.8,8,0.0,0,0.0,0,0.0,0,0.0,0,2294,37,0.0,0,0.0,0,0.0,0,0.0,0
2012-11-07T09:16:42.500,2293.8,5827,2293.6,8,0.0,0,0.0,0,0.0,0,0.0,0,2293.8,4,0.0,0,0.0,0,0.0,0,0.0,0
2012-11-07T09:16:43.000,2293.4,5837,2293.4,19,0.0,0,0.0,0,0.0,0,0.0,0,2293.8,10,0.0,0,0.0,0,0.0,0,0.0,0
2012-11-07T09:16:43.500,2293.4,5843,2293.4,34,0.0,0,0.0,0,0.0,0,0.0,0,2293.8,15,0.0,0,0.0,0,0.0,0,0.0,0
2012-11-07T09:16:44.000,2293.8,5848,2293.4,20,0.0,0,0.0,0,0.0,0,0.0,0,2293.8,20,0.0,0,0.0,0,0.0,0,0.0,0
2012-11-07T09:16:44.500,2293.8,5851,2293.4,19,0.0,0,0.0,0,0.0,0,0.0,0,2293.8,18,0.0,0,0.0,0,0.0,0,0.0,0
2012-11-07T09:16:45.000,2293.4,5856,2293.4,21,0.0,0,0.0,0,0.0,0,0.0,0,2293.6,5,0.0,0,0.0,0,0.0,0,0.0,0
2012-11-07T09:16:45.500,2293.6,5861,2293.4,20,0.0,0,0.0,0,0.0,0,0.0,0,2293.6,3,0.0,0,0.0,0,0.0,0,0.0,0
2012-11-07T09:16:46.000,2293.4,5867,2293.4,19,0.0,0,0.0,0,0.0,0,0.0,0,2293.6,9,0.0,0,0.0,0,0.0,0,0.0,0
2012-11-07T09:16:46.500,2293.4,5868,2293.4,26,0.0,0,0.0,0,0.0,0,0.0,0,2293.6,13,0.0,0,0.0,0,0.0,0,0.0,0
2012-11-07T09:16:47.000,2293.4,5873,2293.4,27,0.0,0,0.0,0,0.0,0,0.0,0,2293.6,18,0.0,0,0.0,0,0.0,0,0.0,0
2012-11-07T09:16:47.500,2293.4,5874,2293.4,26,0.0,0,0.0,0,0.0,0,0.0,0,2293.6,18,0.0,0,0.0,0,0.0,0,0.0,0
2012-11-07T09:16:48.250,2293.4,5877,2293.4,25,0.0,0,0.0,0,0.0,0,0.0,0,2293.6,18,0.0,0,0.0,0,0.0,0,0.0,0
2012-11-07T09:16:49.000,2293.4,5878,2293.4,25,0.0,0,0.0,0,0.0,0,0.0,0,2293.6,24,0.0,0,0.0,0,0.0,0,0.0,0
2012-11-07T09:16:49.500,2293.6,5883,2293.4,24,0.0,0,0.0,0,0.0,0,0.0,0,2293.6,21,0.0,0,0.0,0,0.0,0,0.0,0
2012-11-07T09:16:50.250,2293.6,5884,2293.4,28,0.0,0,0.0,0,0.0,0,0.0,0,2293.6,21,0.0,0,0.0,0,0.0,0,0.0,0
2012-11-07T09:16:51.000,2293.4,5885,2293.4,27,0.0,0,0.0,0,0.0,0,0.0,0,2293.6,41,0.0,0,0.0,0,0.0,0,0.0,0
2012-11-07T09:16:51.500,2293.4,5894,2293.4,25,0.0,0,0.0,0,0.0,0,0.0,0,2293.6,40,0.0,0,0.0,0,0.0,0,0.0,0
2012-11-07T09:16:52.000,2293.6,5900,2293.4,26,0.0,0,0.0,0,0.0,0,0.0,0,2293.6,35,0.0,0,0.0,0,0.0,0,0.0,0
2012-11-07T09:16:52.500,2293.4,5915,2293.4,11,0.0,0,0.0,0,0.0,0,0.0,0,2293.6,36,0.0,0,0.0,0,0.0,0,0.0,0
2012-11-07T09:16:53.000,2293.6,5926,2293.4,12,0.0,0,0.0,0,0.0,0,0.0,0,2293.6,26,0.0,0,0.0,0,0.0,0,0.0,0
2012-11-07T09:16:53.500,2293.4,5932,2293.4,12,0.0,0,0.0,0,0.0,0,0.0,0,2293.6,22,0.0,0,0.0,0,0.0,0,0.0,0
2012-11-07T09:16:54.000,2293.4,5936,2293.4,8,0.0,0,0.0,0,0.0,0,0.0,0,2293.6,22,0.0,0,0.0,0,0.0,0,0.0,0
2012-11-07T09:16:54.500,2293.6,5947,2293.4,8,0.0,0,0.0,0,0.0,0,0.0,0,2293.6,11,0.0,0,0.0,0,0.0,0,0.0,0
2012-11-07T09:16:55.000,2293.4,5956,2293.4,1,0.0,0,0.0,0,0.0,0,0.0,0,2293.6,10,0.0,0,0.0,0,0.0,0,0.0,0
2012-11-07T09:16:55.500,2293.4,5970,2293.4,8,0.0,0,0.0,0,0.0,0,0.0,0,2293.6,8,0.0,0,0.0,0,0.0,0,0.0,0
2012-11-07T09:16:56.000,2293.6,5998,2293.2,74,0.0,0,0.0,0,0.0,0,0.0,0,2293.6,3,0.0,0,0.0,0,0.0,0,0.0,0
2012-11-07T09:16:56.500,2293.4,6000,2293.2,80,0.0,0,0.0,0,0.0,0,0.0,0,2293.4,3,0.0,0,0.0,0,0.0,0,0.0,0
2012-11-07T09:16:57.000,2293.4,6001,2293.2,81,0.0,0,0.0,0,0.0,0,0.0,0,2293.4,2,0.0,0,0.0,0,0.0,0,0.0,0
2012-11-07T09:16:57.500,2293.2,6003,2293.2,74,0.0,0,0.0,0,0.0,0,0.0,0,2293.4,2,0.0,0,0.0,0,0.0,0,0.0,0
2012-11-07T09:16:58.000,2293.2,6014,2293.2,71,0.0,0,0.0,0,0.0,0,0.0,0,2293.6,16,0.0,0,0.0,0,0.0,0,0.0,0
2012-11-07T09:16:58.500,2293.6,6026,2293.2,62,0.0,0,0.0,0,0.0,0,0.0,0,2293.6,15,0.0,0,0.0,0,0.0,0,0.0,0
2012-11-07T09:16:59.000,2293.6,6032,2293.2,58,0.0,0,0.0,0,0.0,0,0.0,0,2293.6,18,0.0,0,0.0,0,0.0,0,0.0,0
2012-11-07T09:16:59.500,2293.6,6075,2293.6,49,0.0,0,0.0,0,0.0,0,0.0,0,2293.8,22,0.0,0,0.0,0,0.0,0,0.0,0
2012-11-07T09:17:00.000,2293.6,6111,2293.6,21,0.0,0,0.0,0,0.0,0,0.0,0,2293.8,23,0.0,0,0.0,0,0.0,0,0.0,0
2012-11-07T09:17:00.500,2293.8,6117,2293.6,18,0.0,0,0.0,0,0.0,0,0.0,0,2293.8,22,0.0,0,0.0,0,0.0,0,0.0,0
2012-11-07T09:17:01.000,2293.6,6141,2293.4,38,0.0,0,0.0,0,0.0,0,0.0,0,2293.6,6,0.0,0,0.0,0,0.0,0,0.0,0
2012-11-07T09:17:01.500,2293.4,6145,2293.4,49,0.0,0,0.0,0,0.0,0,0.0,0,2293.6,6,0.0,0,0.0,0,0.0,0,0.0,0
2012-11-07T09:17:02.000,2293.6,6155,2293.6,23,0.0,0,0.0,0,0.0,0,0.0,0,2293.8,20,0.0,0,0.0,0,0.0,0,0.0,0
2012-11-07T09:17:02.500,2293.6,6167,2293.6,23,0.0,0,0.0,0,0.0,0,0.0,0,2293.8,19,0.0,0,0.0,0,0.0,0,0.0,0
2012-11-07T09:17:03.000,2293.8,6173,2293.6,38,0.0,0,0.0,0,0.0,0,0.0,0,2293.8,18,0.0,0,0.0,0,0.0,0,0.0,0
2012-11-07T09:17:03.500,2293.6,6185,2293.6,21,0.0,0,0.0,0,0.0,0,0.0,0,2293.8,26,0.0,0,0.0,0,0.0,0,0.0,0
2012-11-07T09:17:04.000,2293.8,6197,2293.6,21,0.0,0,0.0,0,0.0,0,0.0,0,2293.8,16,0.0,0,0.0,0,0.0,0,0.0,0
2012-11-07T09:17:04.500,2293.6,6211,2293.6,14,0.0,0,0.0,0,0.0,0,0.0,0,2293.8,17,0.0,0,0.0,0,0.0,0,0.0,0
2012-11-07T09:17:05.000,2293.8,6215,2293.6,10,0.0,0,0.0,0,0.0,0,0.0,0,2293.8,15,0.0,0,0.0,0,0.0,0,0.0,0
2012-11-07T09:17:05.500,2293.8,6216,2293.6,13,0.0,0,0.0,0,0.0,0,0.0,0,2293.8,20,0.0,0,0.0,0,0.0,0,0.0,0
2012-11-07T09:17:06.000,2293.8,6223,2293.6,11,0.0,0,0.0,0,0.0,0,0.0,0,2293.8,14,0.0,0,0.0,0,0.0,0,0.0,0
2012-11-07T09:17:06.500,2293.8,6226,2293.6,14,0.0,0,0.0,0,0.0,0,0.0,0,2293.8,14,0.0,0,0.0,0,0.0,0,0.0,0
2012-11-07T09:17:07.000,2293.6,6230,2293.6,13,0.0,0,0.0,0,0.0,0,0.0,0,2293.8,13,0.0,0,0.0,0,0.0,0,0.0,0
2012-11-07T09:17:07.500,2293.8,6243,2293.8,3,0.0,0,0.0,0,0.0,0,0.0,0,2294,75,0.0,0,0.0,0,0.0,0,0.0,0
2012-11-07T09:17:08.000,2293.8,6249,2293.6,12,0.0,0,0.0,0,0.0,0,0.0,0,2293.8,2,0.0,0,0.0,0,0.0,0,0.0,0
2012-11-07T09:17:08.500,2293.6,6259,2293.8,3,0.0,0,0.0,0,0.0,0,0.0,0,2294,74,0.0,0,0.0,0,0.0,0,0.0,0
2012-11-07T09:17:09.000,2293.8,6262,2293.8,5,0.0,0,0.0,0,0.0,0,0.0,0,2294,78,0.0,0,0.0,0,0.0,0,0.0,0
2012-11-07T09:17:09.500,2294,6264,2293.8,5,0.0,0,0.0,0,0.0,0,0.0,0,2294,64,0.0,0,0.0,0,0.0,0,0.0,0
2012-11-07T09:17:10.000,2293.8,6265,2293.8,15,0.0,0,0.0,0,0.0,0,0.0,0,2294,65,0.0,0,0.0,0,0.0,0,0.0,0
2012-11-07T09:17:10.500,2293.8,6269,2293.8,14,0.0,0,0.0,0,0.0,0,0.0,0,2294,64,0.0,0,0.0,0,0.0,0,0.0,0
2012-11-07T09:17:11.000,2294,6310,2293.8,3,0.0,0,0.0,0,0.0,0,0.0,0,2294,37,0.0,0,0.0,0,0.0,0,0.0,0
2012-11-07T09:17:11.500,2294,6348,2294,17,0.0,0,0.0,0,0.0,0,0.0,0,2294.2,48,0.0,0,0.0,0,0.0,0,0.0,0
2012-11-07T09:17:12.000,2293.8,6376,2293.6,19,0.0,0,0.0,0,0.0,0,0.0,0,2293.8,6,0.0,0,0.0,0,0.0,0,0.0,0
2012-11-07T09:17:12.500,2294,6390,2294,6,0.0,0,0.0,0,0.0,0,0.0,0,2294.2,48,0.0,0,0.0,0,0.0,0,0.0,0
2012-11-07T09:17:13.250,2294,6410,2294,1,0.0,0,0.0,0,0.0,0,0.0,0,2294.2,48,0.0,0,0.0,0,0.0,0,0.0,0
2012-11-07T09:17:14.000,2294.2,6417,2294,2,0.0,0,0.0,0,0.0,0,0.0,0,2294.2,48,0.0,0,0.0,0,0.0,0,0.0,0
2012-11-07T09:17:14.500,2294.2,6441,2293.6,21,0.0,0,0.0,0,0.0,0,0.0,0,2294,12,0.0,0,0.0,0,0.0,0,0.0,0
2012-11-07T09:17:15.000,2294,6446,2293.6,22,0.0,0,0.0,0,0.0,0,0.0,0,2294,14,0.0,0,0.0,0,0.0,0,0.0,0
2012-11-07T09:17:15.500,2294,6448,2293.6,24,0.0,0,0.0,0,0.0,0,0.0,0,2294,36,0.0,0,0.0,0,0.0,0,0.0,0
2012-11-07T09:17:16.000,2294,6473,2293.6,7,0.0,0,0.0,0,0.0,0,0.0,0,2294,30,0.0,0,0.0,0,0.0,0,0.0,0
2012-11-07T09:17:16.500,2293.8,6476,2293.6,7,0.0,0,0.0,0,0.0,0,0.0,0,2293.8,2,0.0,0,0.0,0,0.0,0,0.0,0
2012-11-07T09:17:17.000,2293.6,6521,2293.4,38,0.0,0,0.0,0,0.0,0,0.0,0,2293.6,1,0.0,0,0.0,0,0.0,0,0.0,0
2012-11-07T09:17:17.500,2293.8,6523,2293.4,39,0.0,0,0.0,0,0.0,0,0.0,0,2293.6,6,0.0,0,0.0,0,0.0,0,0.0,0
2012-11-07T09:17:18.000,2293.8,6532,2293.6,2,0.0,0,0.0,0,0.0,0,0.0,0,2293.8,2,0.0,0,0.0,0,0.0,0,0.0,0
2012-11-07T09:17:18.500,2293.8,6534,2293.6,2,0.0,0,0.0,0,0.0,0,0.0,0,2294,8,0.0,0,0.0,0,0.0,0,0.0,0
2012-11-07T09:17:19.000,2293.6,6535,2293.8,2,0.0,0,0.0,0,0.0,0,0.0,0,2294,9,0.0,0,0.0,0,0.0,0,0.0,0
2012-11-07T09:17:19.500,2294,6539,2293.6,4,0.0,0,0.0,0,0.0,0,0.0,0,2294,8,0.0,0,0.0,0,0.0,0,0.0,0
2012-11-07T09:17:20.250,2293.8,6540,2293.6,8,0.0,0,0.0,0,0.0,0,0.0,0,2294,9,0.0,0,0.0,0,0.0,0,0.0,0
2012-11-07T09:17:21.000,2294,6544,2293.6,7,0.0,0,0.0,0,0.0,0,0.0,0,2294,60,0.0,0,0.0,0,0.0,0,0.0,0
2012-11-07T09:17:21.500,2293.6,6549,2293.6,5,0.0,0,0.0,0,0.0,0,0.0,0,2293.8,9,0.0,0,0.0,0,0.0,0,0.0,0
2012-11-07T09:17:22.000,2293.4,6559,2293.6,1,0.0,0,0.0,0,0.0,0,0.0,0,2293.8,10,0.0,0,0.0,0,0.0,0,0.0,0
2012-11-07T09:17:22.500,2293.8,6571,2293.8,6,0.0,0,0.0,0,0.0,0,0.0,0,2294,63,0.0,0,0.0,0,0.0,0,0.0,0
2012-11-07T09:17:23.000,2293.8,6574,2293.8,5,0.0,0,0.0,0,0.0,0,0.0,0,2294,62,0.0,0,0.0,0,0.0,0,0.0,0
2012-11-07T09:17:23.500,2293.8,6578,2293.8,2,0.0,0,0.0,0,0.0,0,0.0,0,2294,63,0.0,0,0.0,0,0.0,0,0.0,0
2012-11-07T09:17:24.000,2293.8,6579,2293.8,1,0.0,0,0.0,0,0.0,0,0.0,0,2294,63,0.0,0,0.0,0,0.0,0,0.0,0
2012-11-07T09:17:24.500,2293.8,6580,2293.6,18,0.0,0,0.0,0,0.0,0,0.0,0,2293.8,1,0.0,0,0.0,0,0.0,0,0.0,0
2012-11-07T09:17:25.000,2293.8,6584,2293.6,21,0.0,0,0.0,0,0.0,0,0.0,0,2293.8,9,0.0,0,0.0,0,0.0,0,0.0,0
2012-11-07T09:17:25.500,2293.8,6597,2293.8,5,0.0,0,0.0,0,0.0,0,0.0,0,2294,89,0.0,0,0.0,0,0.0,0,0.0,0
2012-11-07T09:17:26.000,2293.6,6611,2293.6,13,0.0,0,0.0,0,0.0,0,0.0,0,2294,99,0.0,0,0.0,0,0.0,0,0.0,0
2012-11-07T09:17:26.500,2293.8,6614,2293.6,14,0.0,0,0.0,0,0.0,0,0.0,0,2294,98,0.0,0,0.0,0,0.0,0,0.0,0
2012-11-07T09:17:27.250,2293.8,6616,2293.6,14,0.0,0,0.0,0,0.0,0,0.0,0,2293.8,8,0.0,0,0.0,0,0.0,0,0.0,0
2012-11-07T09:17:28.000,2293.6,6633,2293.4,39,0.0,0,0.0,0,0.0,0,0.0,0,2293.6,10,0.0,0,0.0,0,0.0,0,0.0,0
2012-11-07T09:17:28.500,2293.6,6651,2293.6,15,0.0,0,0.0,0,0.0,0,0.0,0,2293.8,34,0.0,0,0.0,0,0.0,0,0.0,0
2012-11-07T09:17:29.000,2293.6,6665,2293.6,2,0.0,0,0.0,0,0.0,0,0.0,0,2293.8,33,0.0,0,0.0,0,0.0,0,0.0,0
2012-11-07T09:17:29.500,2293.8,6668,2293.6,4,0.0,0,0.0,0,0.0,0,0.0,0,2293.8,43,0.0,0,0.0,0,0.0,0,0.0,0
2012-11-07T09:17:30.250,2293.8,6669,2293.6,5,0.0,0,0.0,0,0.0,0,0.0,0,2293.8,62,0.0,0,0.0,0,0.0,0,0.0,0
2012-11-07T09:17:31.000,2293.6,6674,2293.4,34,0.0,0,0.0,0,0.0,0,0.0,0,2293.6,28,0.0,0,0.0,0,0.0,0,0.0,0
2012-11-07T09:17:31.500,2293.6,6675,2293.4,34,0.0,0,0.0,0,0.0,0,0.0,0,2293.6,32,0.0,0,0.0,0,0.0,0,0.0,0
2012-11-07T09:17:32.000,2293.4,6685,2293.4,35,0.0,0,0.0,0,0.0,0,0.0,0,2293.6,51,0.0,0,0.0,0,0.0,0,0.0,0
2012-11-07T09:17:32.500,2293.4,6700,2293.4,21,0.0,0,0.0,0,0.0,0,0.0,0,2293.6,52,0.0,0,0.0,0,0.0,0,0.0,0
2012-11-07T09:17:33.000,2293.4,6724,2293.2,61,0.0,0,0.0,0,0.0,0,0.0,0,2293.4,13,0.0,0,0.0,0,0.0,0,0.0,0
2012-11-07T09:17:33.500,2293.6,6746,2293.2,60,0.0,0,0.0,0,0.0,0,0.0,0,2293.6,46,0.0,0,0.0,0,0.0,0,0.0,0
2012-11-07T09:17:34.000,2293.6,6783,2293.2,27,0.0,0,0.0,0,0.0,0,0.0,0,2293.6,45,0.0,0,0.0,0,0.0,0,0.0,0
2012-11-07T09:17:34.500,2293.2,6799,2293.2,10,0.0,0,0.0,0,0.0,0,0.0,0,2293.6,45,0.0,0,0.0,0,0.0,0,0.0,0
2012-11-07T09:17:35.000,2293,6820,2293,71,0.0,0,0.0,0,0.0,0,0.0,0,2293.2,3,0.0,0,0.0,0,0.0,0,0.0,0
2012-11-07T09:17:35.500,2293,6865,2293,29,0.0,0,0.0,0,0.0,0,0.0,0,2293.2,13,0.0,0,0.0,0,0.0,0,0.0,0
2012-11-07T09:17:36.000,2293.2,6888,2293,16,0.0,0,0.0,0,0.0,0,0.0,0,2293.2,3,0.0,0,0.0,0,0.0,0,0.0,0
2012-11-07T09:17:36.500,2293.2,6891,2293,14,0.0,0,0.0,0,0.0,0,0.0,0,2293.2,5,0.0,0,0.0,0,0.0,0,0.0,0
2012-11-07T09:17:37.000,2293.2,6899,2293,9,0.0,0,0.0,0,0.0,0,0.0,0,2293.2,3,0.0,0,0.0,0,0.0,0,0.0,0
2012-11-07T09:17:37.500,2293,6927,2292.8,13,0.0,0,0.0,0,0.0,0,0.0,0,2293,24,0.0,0,0.0,0,0.0,0,0.0,0
2012-11-07T09:17:38.000,2292.8,6938,2292.8,15,0.0,0,0.0,0,0.0,0,0.0,0,2293,23,0.0,0,0.0,0,0.0,0,0.0,0
2012-11-07T09:17:38.500,2292.6,6975,2292.6,2,0.0,0,0.0,0,0.0,0,0.0,0,2292.8,1,0.0,0,0.0,0,0.0,0,0.0,0
2012-11-07T09:17:39.000,2292.6,6998,2292.8,16,0.0,0,0.0,0,0.0,0,0.0,0,2293,19,0.0,0,0.0,0,0.0,0,0.0,0
2012-11-07T09:17:39.500,2292.4,7017,2292.8,10,0.0,0,0.0,0,0.0,0,0.0,0,2293,24,0.0,0,0.0,0,0.0,0,0.0,0
2012-11-07T09:17:40.000,2292.8,7049,2292.4,2,0.0,0,0.0,0,0.0,0,0.0,0,2292.6,1,0.0,0,0.0,0,0.0,0,0.0,0
2012-11-07T09:17:40.500,2293,7054,2292.4,2,0.0,0,0.0,0,0.0,0,0.0,0,2293,18,0.0,0,0.0,0,0.0,0,0.0,0
2012-11-07T09:17:41.000,2292.4,7060,2292.4,17,0.0,0,0.0,0,0.0,0,0.0,0,2292.8,4,0.0,0,0.0,0,0.0,0,0.0,0
2012-11-07T09:17:41.500,2292.6,7064,2292.4,12,0.0,0,0.0,0,0.0,0,0.0,0,2292.8,12,0.0,0,0.0,0,0.0,0,0.0,0
2012-11-07T09:17:42.000,2292.8,7074,2292.4,8,0.0,0,0.0,0,0.0,0,0.0,0,2292.8,10,0.0,0,0.0,0,0.0,0,0.0,0
2012-11-07T09:17:42.500,2292.4,7081,2292.6,4,0.0,0,0.0,0,0.0,0,0.0,0,2292.8,7,0.0,0,0.0,0,0.0,0,0.0,0
2012-11-07T09:17:43.000,2292.4,7094,2292.2,53,0.0,0,0.0,0,0.0,0,0.0,0,2292.8,9,0.0,0,0.0,0,0.0,0,0.0,0
2012-11-07T09:17:43.500,2292.6,7103,2292.4,22,0.0,0,0.0,0,0.0,0,0.0,0,2292.6,4,0.0,0,0.0,0,0.0,0,0.0,0
2012-11-07T09:17:44.000,2292.4,7114,2292.4,52,0.0,0,0.0,0,0.0,0,0.0,0,2292.8,10,0.0,0,0.0,0,0.0,0,0.0,0
2012-11-07T09:17:44.500,2292.4,7122,2292.4,67,0.0,0,0.0,0,0.0,0,0.0,0,2292.8,10,0.0,0,0.0,0,0.0,0,0.0,0
2012-11-07T09:17:45.000,2292.6,7126,2292.6,10,0.0,0,0.0,0,0.0,0,0.0,0,2292.8,11,0.0,0,0.0,0,0.0,0,0.0,0
2012-11-07T09:17:45.500,2292.6,7130,2292.6,28,0.0,0,0.0,0,0.0,0,0.0,0,2292.8,11,0.0,0,0.0,0,0.0,0,0.0,0
2012-11-07T09:17:46.000,2292.6,7132,2292.6,26,0.0,0,0.0,0,0.0,0,0.0,0,2292.8,17,0.0,0,0.0,0,0.0,0,0.0,0
2012-11-07T09:17:46.500,2292.6,7133,2292.6,26,0.0,0,0.0,0,0.0,0,0.0,0,2292.8,18,0.0,0,0.0,0,0.0,0,0.0,0
2012-11-07T09:17:47.000,2292.6,7140,2292.6,7,0.0,0,0.0,0,0.0,0,0.0,0,2292.8,18,0.0,0,0.0,0,0.0,0,0.0,0
2012-11-07T09:17:47.500,2292.6,7146,2292.6,4,0.0,0,0.0,0,0.0,0,0.0,0,2292.8,15,0.0,0,0.0,0,0.0,0,0.0,0
2012-11-07T09:17:48.000,2292.6,7150,2292.4,102,0.0,0,0.0,0,0.0,0,0.0,0,2292.8,16,0.0,0,0.0,0,0.0,0,0.0,0
2012-11-07T09:17:48.500,2292.6,7155,2292.4,116,0.0,0,0.0,0,0.0,0,0.0,0,2292.6,2,0.0,0,0.0,0,0.0,0,0.0,0
2012-11-07T09:17:49.000,2292.6,7162,2292.6,13,0.0,0,0.0,0,0.0,0,0.0,0,2292.8,10,0.0,0,0.0,0,0.0,0,0.0,0
2012-11-07T09:17:49.500,2292.6,7164,2292.6,17,0.0,0,0.0,0,0.0,0,0.0,0,2292.8,12,0.0,0,0.0,0,0.0,0,0.0,0
2012-11-07T09:17:50.000,2292.8,7169,2292.6,19,0.0,0,0.0,0,0.0,0,0.0,0,2292.8,18,0.0,0,0.0,0,0.0,0,0.0,0
2012-11-07T09:17:50.500,2292.6,7176,2292.6,37,0.0,0,0.0,0,0.0,0,0.0,0,2292.8,20,0.0,0,0.0,0,0.0,0,0.0,0
2012-11-07T09:17:51.000,2292.6,7180,2292.6,22,0.0,0,0.0,0,0.0,0,0.0,0,2292.8,19,0.0,0,0.0,0,0.0,0,0.0,0
2012-11-07T09:17:51.500,2292.6,7203,2292.4,106,0.0,0,0.0,0,0.0,0,0.0,0,2292.8,18,0.0,0,0.0,0,0.0,0,0.0,0
2012-11-07T09:17:52.000,2292.4,7233,2292.4,85,0.0,0,0.0,0,0.0,0,0.0,0,2292.6,1,0.0,0,0.0,0,0.0,0,0.0,0
2012-11-07T09:17:52.500,2292.6,7238,2292.6,4,0.0,0,0.0,0,0.0,0,0.0,0,2292.8,4,0.0,0,0.0,0,0.0,0,0.0,0
2012-11-07T09:17:53.000,2292.6,7249,2292.6,1,0.0,0,0.0,0,0.0,0,0.0,0,2292.8,8,0.0,0,0.0,0,0.0,0,0.0,0
2012-11-07T09:17:53.500,2292.6,7252,2292.4,85,0.0,0,0.0,0,0.0,0,0.0,0,2292.8,19,0.0,0,0.0,0,0.0,0,0.0,0
2012-11-07T09:17:54.000,2292.6,7256,2292.4,83,0.0,0,0.0,0,0.0,0,0.0,0,2292.8,19,0.0,0,0.0,0,0.0,0,0.0,0
2012-11-07T09:17:54.500,2292.4,7258,2292.4,88,0.0,0,0.0,0,0.0,0,0.0,0,2292.6,1,0.0,0,0.0,0,0.0,0,0.0,0
2012-11-07T09:17:55.000,2292.4,7282,2292.4,60,0.0,0,0.0,0,0.0,0,0.0,0,2292.6,13,0.0,0,0.0,0,0.0,0,0.0,0
2012-11-07T09:17:55.500,2292.4,7295,2292.4,51,0.0,0,0.0,0,0.0,0,0.0,0,2292.6,14,0.0,0,0.0,0,0.0,0,0.0,0
2012-11-07T09:17:56.000,2292.4,7308,2292.4,39,0.0,0,0.0,0,0.0,0,0.0,0,2292.6,17,0.0,0,0.0,0,0.0,0,0.0,0
2012-11-07T09:17:56.500,2292.4,7316,2292.4,35,0.0,0,0.0,0,0.0,0,0.0,0,2292.6,15,0.0,0,0.0,0,0.0,0,0.0,0
2012-11-07T09:17:57.000,2292.6,7330,2292.4,22,0.0,0,0.0,0,0.0,0,0.0,0,2292.6,26,0.0,0,0.0,0,0.0,0,0.0,0
2012-11-07T09:17:57.500,2292.6,7371,2292.2,90,0.0,0,0.0,0,0.0,0,0.0,0,2292.6,9,0.0,0,0.0,0,0.0,0,0.0,0
2012-11-07T09:17:58.000,2292.6,7375,2292.2,90,0.0,0,0.0,0,0.0,0,0.0,0,2292.6,7,0.0,0,0.0,0,0.0,0,0.0,0
2012-11-07T09:17:58.500,2292.6,7378,2292.4,2,0.0,0,0.0,0,0.0,0,0.0,0,2292.6,10,0.0,0,0.0,0,0.0,0,0.0,0
2012-11-07T09:17:59.000,2292.2,7383,2292.4,1,0.0,0,0.0,0,0.0,0,0.0,0,2292.6,10,0.0,0,0.0,0,0.0,0,0.0,0
2012-11-07T09:17:59.500,2292.6,7390,2292.2,96,0.0,0,0.0,0,0.0,0,0.0,0,2292.4,2,0.0,0,0.0,0,0.0,0,0.0,0
2012-11-07T09:18:00.000,2292.4,7397,2292.2,91,0.0,0,0.0,0,0.0,0,0.0,0,2292.4,9,0.0,0,0.0,0,0.0,0,0.0,0
2012-11-07T09:18:00.500,2292.2,7417,2292.2,92,0.0,0,0.0,0,0.0,0,0.0,0,2292.4,5,0.0,0,0.0,0,0.0,0,0.0,0
2012-11-07T09:18:01.000,2292.4,7421,2292.2,88,0.0,0,0.0,0,0.0,0,0.0,0,2292.4,11,0.0,0,0.0,0,0.0,0,0.0,0
2012-11-07T09:18:01.500,2292.4,7426,2292.2,88,0.0,0,0.0,0,0.0,0,0.0,0,2292.4,7,0.0,0,0.0,0,0.0,0,0.0,0
2012-11-07T09:18:02.000,2292.4,7443,2292.2,79,0.0,0,0.0,0,0.0,0,0.0,0,2292.4,2,0.0,0,0.0,0,0.0,0,0.0,0
2012-11-07T09:18:02.500,2292.4,7457,2292.4,8,0.0,0,0.0,0,0.0,0,0.0,0,2292.6,20,0.0,0,0.0,0,0.0,0,0.0,0
2012-11-07T09:18:03.000,2292.4,7468,2292.2,70,0.0,0,0.0,0,0.0,0,0.0,0,2292.4,11,0.0,0,0.0,0,0.0,0,0.0,0
2012-11-07T09:18:03.500,2292.2,7500,2292.2,43,0.0,0,0.0,0,0.0,0,0.0,0,2292.4,6,0.0,0,0.0,0,0.0,0,0.0,0
2012-11-07T09:18:04.000,2292.4,7507,2292.2,37,0.0,0,0.0,0,0.0,0,0.0,0,2292.4,3,0.0,0,0.0,0,0.0,0,0.0,0
2012-11-07T09:18:04.500,2292.2,7535,2292.2,12,0.0,0,0.0,0,0.0,0,0.0,0,2292.4,3,0.0,0,0.0,0,0.0,0,0.0,0
2012-11-07T09:18:05.000,2292.4,7561,2292.4,25,0.0,0,0.0,0,0.0,0,0.0,0,2292.6,41,0.0,0,0.0,0,0.0,0,0.0,0
2012-11-07T09:18:05.500,2292.4,7568,2292.4,19,0.0,0,0.0,0,0.0,0,0.0,0,2292.6,42,0.0,0,0.0,0,0.0,0,0.0,0
2012-11-07T09:18:06.000,2292.6,7595,2292.4,15,0.0,0,0.0,0,0.0,0,0.0,0,2292.6,21,0.0,0,0.0,0,0.0,0,0.0,0
2012-11-07T09:18:06.500,2292.4,7601,2292.4,17,0.0,0,0.0,0,0.0,0,0.0,0,2292.6,23,0.0,0,0.0,0,0.0,0,0.0,0
2012-11-07T09:18:07.000,2292.6,7616,2292.4,31,0.0,0,0.0,0,0.0,0,0.0,0,2292.6,9,0.0,0,0.0,0,0.0,0,0.0,0
2012-11-07T09:18:07.500,2292.4,7623,2292.4,29,0.0,0,0.0,0,0.0,0,0.0,0,2292.6,7,0.0,0,0.0,0,0.0,0,0.0,0
2012-11-07T09:18:08.250,2292.6,7625,2292.4,33,0.0,0,0.0,0,0.0,0,0.0,0,2292.6,11,0.0,0,0.0,0,0.0,0,0.0,0
2012-11-07T09:18:09.000,2292.6,7628,2292.4,30,0.0,0,0.0,0,0.0,0,0.0,0,2292.6,9,0.0,0,0.0,0,0.0,0,0.0,0
2012-11-07T09:18:09.500,2292.4,7635,2292.4,26,0.0,0,0.0,0,0.0,0,0.0,0,2292.6,11,0.0,0,0.0,0,0.0,0,0.0,0
2012-11-07T09:18:10.000,2292.4,7638,2292.4,25,0.0,0,0.0,0,0.0,0,0.0,0,2292.6,11,0.0,0,0.0,0,0.0,0,0.0,0
2012-11-07T09:18:10.500,2292.6,7643,2292.4,26,0.0,0,0.0,0,0.0,0,0.0,0,2292.6,6,0.0,0,0.0,0,0.0,0,0.0,0
2012-11-07T09:18:11.000,2292.4,7645,2292.4,27,0.0,0,0.0,0,0.0,0,0.0,0,2292.6,5,0.0,0,0.0,0,0.0,0,0.0,0
2012-11-07T09:18:11.500,2292.8,7652,2292.6,1,0.0,0,0.0,0,0.0,0,0.0,0,2292.8,44,0.0,0,0.0,0,0.0,0,0.0,0
2012-11-07T09:18:12.000,2292.6,7656,2292.4,24,0.0,0,0.0,0,0.0,0,0.0,0,2292.8,44,0.0,0,0.0,0,0.0,0,0.0,0
2012-11-07T09:18:12.500,2292.4,7669,2292.4,23,0.0,0,0.0,0,0.0,0,0.0,0,2292.6,1,0.0,0,0.0,0,0.0,0,0.0,0
2012-11-07T09:18:13.000,2292.4,7671,2292.4,22,0.0,0,0.0,0,0.0,0,0.0,0,2292.6,1,0.0,0,0.0,0,0.0,0,0.0,0
2012-11-07T09:18:13.500,2292.4,7672,2292.4,20,0.0,0,0.0,0,0.0,0,0.0,0,2292.6,1,0.0,0,0.0,0,0.0,0,0.0,0
2012-11-07T09:18:14.000,2292.4,7673,2292.4,22,0.0,0,0.0,0,0.0,0,0.0,0,2292.6,6,0.0,0,0.0,0,0.0,0,0.0,0
2012-11-07T09:18:14.500,2292.8,7683,2292.6,1,0.0,0,0.0,0,0.0,0,0.0,0,2292.8,31,0.0,0,0.0,0,0.0,0,0.0,0
2012-11-07T09:18:15.000,2292.4,7712,2292.2,31,0.0,0,0.0,0,0.0,0,0.0,0,2292.4,11,0.0,0,0.0,0,0.0,0,0.0,0
2012-11-07T09:18:15.500,2292.4,7715,2292.2,31,0.0,0,0.0,0,0.0,0,0.0,0,2292.4,8,0.0,0,0.0,0,0.0,0,0.0,0
2012-11-07T09:18:16.000,2292.4,7720,2292.2,31,0.0,0,0.0,0,0.0,0,0.0,0,2292.4,3,0.0,0,0.0,0,0.0,0,0.0,0
2012-11-07T09:18:16.500,2292.4,7727,2292.4,5,0.0,0,0.0,0,0.0,0,0.0,0,2292.6,8,0.0,0,0.0,0,0.0,0,0.0,0
2012-11-07T09:18:17.000,2292.8,7744,2292.4,4,0.0,0,0.0,0,0.0,0,0.0,0,2292.8,26,0.0,0,0.0,0,0.0,0,0.0,0
2012-11-07T09:18:17.500,2292.8,7757,2292.2,30,0.0,0,0.0,0,0.0,0,0.0,0,2292.8,25,0.0,0,0.0,0,0.0,0,0.0,0
2012-11-07T09:18:18.000,2292.8,7768,2292.4,4,0.0,0,0.0,0,0.0,0,0.0,0,2292.8,24,0.0,0,0.0,0,0.0,0,0.0,0
2012-11-07T09:18:18.500,2292.8,7769,2292.4,4,0.0,0,0.0,0,0.0,0,0.0,0,2292.8,22,0.0,0,0.0,0,0.0,0,0.0,0
2012-11-07T09:18:19.250,2292.8,7775,2292.4,7,0.0,0,0.0,0,0.0,0,0.0,0,2292.6,2,0.0,0,0.0,0,0.0,0,0.0,0
2012-11-07T09:18:20.000,2292.4,7777,2292.4,13,0.0,0,0.0,0,0.0,0,0.0,0,2292.6,2,0.0,0,0.0,0,0.0,0,0.0,0
2012-11-07T09:18:20.500,2292.6,7782,2292.6,25,0.0,0,0.0,0,0.0,0,0.0,0,2292.8,23,0.0,0,0.0,0,0.0,0,0.0,0
2012-11-07T09:18:21.000,2292.6,7787,2292.6,21,0.0,0,0.0,0,0.0,0,0.0,0,2292.8,22,0.0,0,0.0,0,0.0,0,0.0,0
2012-11-07T09:18:21.500,2292.6,7792,2292.6,20,0.0,0,0.0,0,0.0,0,0.0,0,2292.8,21,0.0,0,0.0,0,0.0,0,0.0,0
2012-11-07T09:18:22.000,2292.8,7796,2292.6,22,0.0,0,0.0,0,0.0,0,0.0,0,2292.8,18,0.0,0,0.0,0,0.0,0,0.0,0
2012-11-07T09:18:22.500,2292.8,7797,2292.6,22,0.0,0,0.0,0,0.0,0,0.0,0,2292.8,17,0.0,0,0.0,0,0.0,0,0.0,0
2012-11-07T09:18:23.000,2292.6,7814,2292.6,12,0.0,0,0.0,0,0.0,0,0.0,0,2292.8,10,0.0,0,0.0,0,0.0,0,0.0,0
2012-11-07T09:18:23.500,2292.4,7848,2292.4,17,0.0,0,0.0,0,0.0,0,0.0,0,2292.6,1,0.0,0,0.0,0,0.0,0,0.0,0
2012-11-07T09:18:24.250,2292.6,7858,2292.4,14,0.0,0,0.0,0,0.0,0,0.0,0,2292.6,6,0.0,0,0.0,0,0.0,0,0.0,0
2012-11-07T09:18:25.000,2292.6,7861,2292.4,18,0.0,0,0.0,0,0.0,0,0.0,0,2292.6,7,0.0,0,0.0,0,0.0,0,0.0,0
2012-11-07T09:18:25.500,2292.4,7882,2292.2,32,0.0,0,0.0,0,0.0,0,0.0,0,2292.4,2,0.0,0,0.0,0,0.0,0,0.0,0
2012-11-07T09:18:26.000,2292.6,7903,2292.4,11,0.0,0,0.0,0,0.0,0,0.0,0,2292.6,6,0.0,0,0.0,0,0.0,0,0.0,0
2012-11-07T09:18:26.500,2292.4,7905,2292.4,10,0.0,0,0.0,0,0.0,0,0.0,0,2292.6,7,0.0,0,0.0,0,0.0,0,0.0,0
2012-11-07T09:18:27.000,2292.6,7913,2292.6,13,0.0,0,0.0,0,0.0,0,0.0,0,2292.8,4,0.0,0,0.0,0,0.0,0,0.0,0
2012-11-07T09:18:27.500,2292.6,7915,2292.6,13,0.0,0,0.0,0,0.0,0,0.0,0,2292.8,4,0.0,0,0.0,0,0.0,0,0.0,0
2012-11-07T09:18:28.000,2292.6,7926,2292.6,7,0.0,0,0.0,0,0.0,0,0.0,0,2292.8,4,0.0,0,0.0,0,0.0,0,0.0,0
2012-11-07T09:18:28.500,2292.8,7937,2292.8,4,0.0,0,0.0,0,0.0,0,0.0,0,2293,23,0.0,0,0.0,0,0.0,0,0.0,0
2012-11-07T09:18:29.000,2292.6,7943,2292.6,5,0.0,0,0.0,0,0.0,0,0.0,0,2292.8,16,0.0,0,0.0,0,0.0,0,0.0,0
2012-11-07T09:18:29.500,2292.8,7953,2292.6,3,0.0,0,0.0,0,0.0,0,0.0,0,2292.8,9,0.0,0,0.0,0,0.0,0,0.0,0
2012-11-07T09:18:30.250,2292.6,7956,2292.6,4,0.0,0,0.0,0,0.0,0,0.0,0,2292.8,27,0.0,0,0.0,0,0.0,0,0.0,0
2012-11-07T09:18:31.000,2292.6,7965,2292.4,38,0.0,0,0.0,0,0.0,0,0.0,0,2292.6,5,0.0,0,0.0,0,0.0,0,0.0,0
2012-11-07T09:18:31.500,2292.6,7970,2292.4,49,0.0,0,0.0,0,0.0,0,0.0,0,2292.8,31,0.0,0,0.0,0,0.0,0,0.0,0
2012-11-07T09:18:32.000,2292.8,7997,2292.4,49,0.0,0,0.0,0,0.0,0,0.0,0,2292.8,15,0.0,0,0.0,0,0.0,0,0.0,0
2012-11-07T09:18:32.500,2292.8,8000,2292.6,1,0.0,0,0.0,0,0.0,0,0.0,0,2292.8,15,0.0,0,0.0,0,0.0,0,0.0,0
2012-11-07T09:18:33.000,2292.4,8018,2292.4,41,0.0,0,0.0,0,0.0,0,0.0,0,2292.8,7,0.0,0,0.0,0,0.0,0,0.0,0
2012-11-07T09:18:33.500,2292.8,8029,2292.8,11,0.0,0,0.0,0,0.0,0,0.0,0,2293,26,0.0,0,0.0,0,0.0,0,0.0,0
2012-11-07T09:18:34.000,2292.8,8032,2292.8,9,0.0,0,0.0,0,0.0,0,0.0,0,2293,25,0.0,0,0.0,0,0.0,0,0.0,0
2012-11-07T09:18:34.500,2292.8,8043,2292.8,6,0.0,0,0.0,0,0.0,0,0.0,0,2293,17,0.0,0,0.0,0,0.0,0,0.0,0
2012-11-07T09:18:35.000,2293,8044,2292.8,8,0.0,0,0.0,0,0.0,0,0.0,0,2293,16,0.0,0,0.0,0,0.0,0,0.0,0
2012-11-07T09:18:35.500,2293,8060,2293,5,0.0,0,0.0,0,0.0,0,0.0,0,2293.2,13,0.0,0,0.0,0,0.0,0,0.0,0
2012-11-07T09:18:36.000,2293.2,8092,2292.8,20,0.0,0,0.0,0,0.0,0,0.0,0,2293.2,12,0.0,0,0.0,0,0.0,0,0.0,0
2012-11-07T09:18:36.500,2293.2,8131,2293.2,24,0.0,0,0.0,0,0.0,0,0.0,0,2293.4,27,0.0,0,0.0,0,0.0,0,0.0,0
2012-11-07T09:18:37.000,2293.2,8134,2293.2,22,0.0,0,0.0,0,0.0,0,0.0,0,2293.4,27,0.0,0,0.0,0,0.0,0,0.0,0
2012-11-07T09:18:37.500,2293.2,8141,2293.2,15,0.0,0,0.0,0,0.0,0,0.0,0,2293.4,21,0.0,0,0.0,0,0.0,0,0.0,0
2012-11-07T09:18:38.000,2293.4,8171,2293,1,0.0,0,0.0,0,0.0,0,0.0,0,2293.4,10,0.0,0,0.0,0,0.0,0,0.0,0
2012-11-07T09:18:38.500,2293,8175,2293,2,0.0,0,0.0,0,0.0,0,0.0,0,2293.2,2,0.0,0,0.0,0,0.0,0,0.0,0
2012-11-07T09:18:39.000,2293.4,8181,2293.2,75,0.0,0,0.0,0,0.0,0,0.0,0,2293.4,8,0.0,0,0.0,0,0.0,0,0.0,0
2012-11-07T09:18:39.500,2293.2,8193,2293.2,72,0.0,0,0.0,0,0.0,0,0.0,0,2293.6,109,0.0,0,0.0,0,0.0,0,0.0,0
2012-11-07T09:18:40.000,2293.6,8205,2293.4,7,0.0,0,0.0,0,0.0,0,0.0,0,2293.6,109,0.0,0,0.0,0,0.0,0,0.0,0
2012-11-07T09:18:40.500,2293.4,8216,2293.2,70,0.0,0,0.0,0,0.0,0,0.0,0,2293.4,6,0.0,0,0.0,0,0.0,0,0.0,0
2012-11-07T09:18:41.000,2293.4,8222,2293.2,71,0.0,0,0.0,0,0.0,0,0.0,0,2293.4,1,0.0,0,0.0,0,0.0,0,0.0,0
2012-11-07T09:18:41.500,2293.4,8227,2293.2,72,0.0,0,0.0,0,0.0,0,0.0,0,2293.4,3,0.0,0,0.0,0,0.0,0,0.0,0
2012-11-07T09:18:42.000,2293.6,8252,2293.4,1,0.0,0,0.0,0,0.0,0,0.0,0,2293.6,92,0.0,0,0.0,0,0.0,0,0.0,0
2012-11-07T09:18:42.500,2293.4,8256,2293.4,3,0.0,0,0.0,0,0.0,0,0.0,0,2293.6,91,0.0,0,0.0,0,0.0,0,0.0,0
2012-11-07T09:18:43.000,2293.4,8259,2293.4,1,0.0,0,0.0,0,0.0,0,0.0,0,2293.6,90,0.0,0,0.0,0,0.0,0,0.0,0
2012-11-07T09:18:43.500,2293.4,8261,2293.4,2,0.0,0,0.0,0,0.0,0,0.0,0,2293.6,89,0.0,0,0.0,0,0.0,0,0.0,0
2012-11-07T09:18:44.000,2293.4,8263,2293.2,75,0.0,0,0.0,0,0.0,0,0.0,0,2293.6,90,0.0,0,0.0,0,0.0,0,0.0,0
2012-11-07T09:18:44.500,2293.6,8269,2293.4,1,0.0,0,0.0,0,0.0,0,0.0,0,2293.6,84,0.0,0,0.0,0,0.0,0,0.0,0
2012-11-07T09:18:45.000,2293.4,8274,2293.2,75,0.0,0,0.0,0,0.0,0,0.0,0,2293.4,1,0.0,0,0.0,0,0.0,0,0.0,0
2012-11-07T09:18:45.500,2293.6,8285,2293.2,82,0.0,0,0.0,0,0.0,0,0.0,0,2293.4,1,0.0,0,0.0,0,0.0,0,0.0,0
2012-11-07T09:18:46.000,2293.2,8286,2293.2,81,0.0,0,0.0,0,0.0,0,0.0,0,2293.4,4,0.0,0,0.0,0,0.0,0,0.0,0
2012-11-07T09:18:46.500,2293.6,8293,2293.2,81,0.0,0,0.0,0,0.0,0,0.0,0,2293.6,72,0.0,0,0.0,0,0.0,0,0.0,0
2012-11-07T09:18:47.250,2293.6,8306,2293.2,70,0.0,0,0.0,0,0.0,0,0.0,0,2293.6,70,0.0,0,0.0,0,0.0,0,0.0,0
2012-11-07T09:18:48.000,2293.6,8307,2293.4,1,0.0,0,0.0,0,0.0,0,0.0,0,2293.6,70,0.0,0,0.0,0,0.0,0,0.0,0
2012-11-07T09:18:48.500,2293.4,8311,2293.2,71,0.0,0,0.0,0,0.0,0,0.0,0,2293.4,2,0.0,0,0.0,0,0.0,0,0.0,0
2012-11-07T09:18:49.000,2293.2,8321,2293.2,69,0.0,0,0.0,0,0.0,0,0.0,0,2293.4,3,0.0,0,0.0,0,0.0,0,0.0,0
2012-11-07T09:18:49.500,2293.4,8327,2293.4,15,0.0,0,0.0,0,0.0,0,0.0,0,2293.6,68,0.0,0,0.0,0,0.0,0,0.0,0
2012-11-07T09:18:50.000,2293.4,8359,2293.2,59,0.0,0,0.0,0,0.0,0,0.0,0,2293.4,1,0.0,0,0.0,0,0.0,0,0.0,0
2012-11-07T09:18:50.500,2293.4,8360,2293.2,61,0.0,0,0.0,0,0.0,0,0.0,0,2293.4,3,0.0,0,0.0,0,0.0,0,0.0,0
2012-11-07T09:18:51.000,2293.4,8363,2293.4,23,0.0,0,0.0,0,0.0,0,0.0,0,2293.6,63,0.0,0,0.0,0,0.0,0,0.0,0
2012-11-07T09:18:51.500,2293.4,8380,2293.4,8,0.0,0,0.0,0,0.0,0,0.0,0,2293.6,61,0.0,0,0.0,0,0.0,0,0.0,0
2012-11-07T09:18:52.250,2293.4,8381,2293.4,12,0.0,0,0.0,0,0.0,0,0.0,0,2293.6,61,0.0,0,0.0,0,0.0,0,0.0,0
2012-11-07T09:18:53.250,2293.4,8384,2293.4,8,0.0,0,0.0,0,0.0,0,0.0,0,2293.6,64,0.0,0,0.0,0,0.0,0,0.0,0
2012-11-07T09:18:54.250,2293.2,8404,2293.2,77,0.0,0,0.0,0,0.0,0,0.0,0,2293.6,60,0.0,0,0.0,0,0.0,0,0.0,0
2012-11-07T09:18:55.000,2293.6,8405,2293.2,77,0.0,0,0.0,0,0.0,0,0.0,0,2293.4,6,0.0,0,0.0,0,0.0,0,0.0,0
2012-11-07T09:18:55.500,2293.2,8409,2293.2,76,0.0,0,0.0,0,0.0,0,0.0,0,2293.4,3,0.0,0,0.0,0,0.0,0,0.0,0
2012-11-07T09:18:57.000,2293.4,8415,2293.2,76,0.0,0,0.0,0,0.0,0,0.0,0,2293.4,6,0.0,0,0.0,0,0.0,0,0.0,0
2012-11-07T09:18:57.500,2293.4,8429,2293.2,65,0.0,0,0.0,0,0.0,0,0.0,0,2293.4,3,0.0,0,0.0,0,0.0,0,0.0,0
2012-11-07T09:18:58.000,2293.4,8432,2293.2,63,0.0,0,0.0,0,0.0,0,0.0,0,2293.4,2,0.0,0,0.0,0,0.0,0,0.0,0
2012-11-07T09:18:58.500,2293.2,8434,2293.2,62,0.0,0,0.0,0,0.0,0,0.0,0,2293.4,2,0.0,0,0.0,0,0.0,0,0.0,0
2012-11-07T09:18:59.250,2293.2,8442,2293.2,54,0.0,0,0.0,0,0.0,0,0.0,0,2293.4,3,0.0,0,0.0,0,0.0,0,0.0,0
2012-11-07T09:19:00.000,2293.2,8446,2293.2,51,0.0,0,0.0,0,0.0,0,0.0,0,2293.4,4,0.0,0,0.0,0,0.0,0,0.0,0
2012-11-07T09:19:00.500,2293.4,8449,2293.2,51,0.0,0,0.0,0,0.0,0,0.0,0,2293.4,22,0.0,0,0.0,0,0.0,0,0.0,0
2012-11-07T09:19:01.250,2293.4,8494,2293.2,8,0.0,0,0.0,0,0.0,0,0.0,0,2293.4,23,0.0,0,0.0,0,0.0,0,0.0,0
2012-11-07T09:19:02.250,2293.4,8507,2293,16,0.0,0,0.0,0,0.0,0,0.0,0,2293.4,23,0.0,0,0.0,0,0.0,0,0.0,0
2012-11-07T09:19:03.000,2293.4,8508,2293,17,0.0,0,0.0,0,0.0,0,0.0,0,2293.2,12,0.0,0,0.0,0,0.0,0,0.0,0
2012-11-07T09:19:03.500,2293.2,8512,2293,18,0.0,0,0.0,0,0.0,0,0.0,0,2293.2,8,0.0,0,0.0,0,0.0,0,0.0,0
2012-11-07T09:19:04.250,2293,8519,2293,16,0.0,0,0.0,0,0.0,0,0.0,0,2293.2,3,0.0,0,0.0,0,0.0,0,0.0,0
2012-11-07T09:19:05.250,2292.8,8543,2292.8,41,0.0,0,0.0,0,0.0,0,0.0,0,2293,11,0.0,0,0.0,0,0.0,0,0.0,0
2012-11-07T09:19:06.000,2293,8555,2292.8,30,0.0,0,0.0,0,0.0,0,0.0,0,2293,9,0.0,0,0.0,0,0.0,0,0.0,0
2012-11-07T09:19:06.500,2292.8,8561,2292.8,8,0.0,0,0.0,0,0.0,0,0.0,0,2293,11,0.0,0,0.0,0,0.0,0,0.0,0
2012-11-07T09:19:07.000,2292.8,8563,2292.8,6,0.0,0,0.0,0,0.0,0,0.0,0,2293,12,0.0,0,0.0,0,0.0,0,0.0,0
2012-11-07T09:19:07.500,2292.8,8609,2292.4,22,0.0,0,0.0,0,0.0,0,0.0,0,2293.2,3,0.0,0,0.0,0,0.0,0,0.0,0
2012-11-07T09:19:08.250,2292.8,8610,2292.6,17,0.0,0,0.0,0,0.0,0,0.0,0,2292.8,5,0.0,0,0.0,0,0.0,0,0.0,0
2012-11-07T09:19:09.000,2292.8,8614,2292.6,2,0.0,0,0.0,0,0.0,0,0.0,0,2292.8,8,0.0,0,0.0,0,0.0,0,0.0,0
2012-11-07T09:19:09.500,2292.6,8620,2292.6,2,0.0,0,0.0,0,0.0,0,0.0,0,2292.8,28,0.0,0,0.0,0,0.0,0,0.0,0
2012-11-07T09:19:10.000,2292.6,8624,2292.4,21,0.0,0,0.0,0,0.0,0,0.0,0,2292.8,27,0.0,0,0.0,0,0.0,0,0.0,0
2012-11-07T09:19:10.500,2292.4,8644,2292.4,1,0.0,0,0.0,0,0.0,0,0.0,0,2292.8,27,0.0,0,0.0,0,0.0,0,0.0,0
2012-11-07T09:19:11.000,2292.4,8646,2292.2,30,0.0,0,0.0,0,0.0,0,0.0,0,2292.4,2,0.0,0,0.0,0,0.0,0,0.0,0
2012-11-07T09:19:11.500,2292.2,8648,2292.2,29,0.0,0,0.0,0,0.0,0,0.0,0,2292.4,2,0.0,0,0.0,0,0.0,0,0.0,0
2012-11-07T09:19:12.000,2292.2,8653,2292.2,25,0.0,0,0.0,0,0.0,0,0.0,0,2292.4,8,0.0,0,0.0,0,0.0,0,0.0,0
2012-11-07T09:19:12.500,2292.2,8658,2292.2,20,0.0,0,0.0,0,0.0,0,0.0,0,2292.4,10,0.0,0,0.0,0,0.0,0,0.0,0
2012-11-07T09:19:13.000,2292.2,8693,2292,40,0.0,0,0.0,0,0.0,0,0.0,0,2292.2,22,0.0,0,0.0,0,0.0,0,0.0,0
2012-11-07T09:19:13.500,2292,8733,2291.8,15,0.0,0,0.0,0,0.0,0,0.0,0,2292,10,0.0,0,0.0,0,0.0,0,0.0,0
2012-11-07T09:19:14.000,2291.8,8756,2291.6,53,0.0,0,0.0,0,0.0,0,0.0,0,2291.8,14,0.0,0,0.0,0,0.0,0,0.0,0
2012-11-07T09:19:14.500,2291.8,8784,2291.6,39,0.0,0,0.0,0,0.0,0,0.0,0,2291.8,5,0.0,0,0.0,0,0.0,0,0.0,0
2012-11-07T09:19:15.000,2291.8,8801,2291.8,27,0.0,0,0.0,0,0.0,0,0.0,0,2292,13,0.0,0,0.0,0,0.0,0,0.0,0
2012-11-07T09:19:15.500,2291.8,8815,2291.8,21,0.0,0,0.0,0,0.0,0,0.0,0,2292,14,0.0,0,0.0,0,0.0,0,0.0,0
2012-11-07T09:19:16.000,2291.8,8838,2291.8,9,0.0,0,0.0,0,0.0,0,0.0,0,2292,13,0.0,0,0.0,0,0.0,0,0.0,0
2012-11-07T09:19:16.500,2291.8,8844,2291.8,19,0.0,0,0.0,0,0.0,0,0.0,0,2292,12,0.0,0,0.0,0,0.0,0,0.0,0
2012-11-07T09:19:17.000,2291.8,8857,2291.8,8,0.0,0,0.0,0,0.0,0,0.0,0,2292,10,0.0,0,0.0,0,0.0,0,0.0,0
2012-11-07T09:19:17.500,2292,8859,2291.8,7,0.0,0,0.0,0,0.0,0,0.0,0,2292,10,0.0,0,0.0,0,0.0,0,0.0,0
2012-11-07T09:19:18.000,2291.8,8864,2291.8,12,0.0,0,0.0,0,0.0,0,0.0,0,2292,13,0.0,0,0.0,0,0.0,0,0.0,0
2012-11-07T09:19:18.500,2291.6,8888,2291.6,39,0.0,0,0.0,0,0.0,0,0.0,0,2291.8,2,0.0,0,0.0,0,0.0,0,0.0,0
2012-11-07T09:19:19.000,2291.6,8894,2291.6,36,0.0,0,0.0,0,0.0,0,0.0,0,2291.8,2,0.0,0,0.0,0,0.0,0,0.0,0
2012-11-07T09:19:19.500,2291.6,8909,2291.6,23,0.0,0,0.0,0,0.0,0,0.0,0,2291.8,1,0.0,0,0.0,0,0.0,0,0.0,0
2012-11-07T09:19:20.000,2291.6,8917,2291.6,17,0.0,0,0.0,0,0.0,0,0.0,0,2291.8,1,0.0,0,0.0,0,0.0,0,0.0,0
2012-11-07T09:19:20.500,2291.6,8931,2291.6,4,0.0,0,0.0,0,0.0,0,0.0,0,2292,12,0.0,0,0.0,0,0.0,0,0.0,0
2012-11-07T09:19:21.000,2291.8,8940,2291.8,4,0.0,0,0.0,0,0.0,0,0.0,0,2292,12,0.0,0,0.0,0,0.0,0,0.0,0
2012-11-07T09:19:21.500,2291.6,8946,2291.6,2,0.0,0,0.0,0,0.0,0,0.0,0,2291.8,1,0.0,0,0.0,0,0.0,0,0.0,0
2012-11-07T09:19:22.000,2291.6,8957,2291.6,2,0.0,0,0.0,0,0.0,0,0.0,0,2291.8,2,0.0,0,0.0,0,0.0,0,0.0,0
2012-11-07T09:19:22.500,2291.6,8965,2291.6,1,0.0,0,0.0,0,0.0,0,0.0,0,2291.8,19,0.0,0,0.0,0,0.0,0,0.0,0
2012-11-07T09:19:23.000,2291.6,8969,2291.4,13,0.0,0,0.0,0,0.0,0,0.0,0,2291.6,6,0.0,0,0.0,0,0.0,0,0.0,0
2012-11-07T09:19:23.500,2291.4,8991,2291.2,88,0.0,0,0.0,0,0.0,0,0.0,0,2291.6,2,0.0,0,0.0,0,0.0,0,0.0,0
2012-11-07T09:19:24.000,2291.4,9014,2291.2,77,0.0,0,0.0,0,0.0,0,0.0,0,2291.4,4,0.0,0,0.0,0,0.0,0,0.0,0
2012-11-07T09:19:24.500,2291.6,9048,2291.2,58,0.0,0,0.0,0,0.0,0,0.0,0,2291.6,38,0.0,0,0.0,0,0.0,0,0.0,0
2012-11-07T09:19:25.000,2291.2,9067,2291.4,2,0.0,0,0.0,0,0.0,0,0.0,0,2291.6,43,0.0,0,0.0,0,0.0,0,0.0,0
2012-11-07T09:19:25.500,2291.4,9083,2291.2,30,0.0,0,0.0,0,0.0,0,0.0,0,2291.6,42,0.0,0,0.0,0,0.0,0,0.0,0
2012-11-07T09:19:26.000,2291.2,9113,2291.2,3,0.0,0,0.0,0,0.0,0,0.0,0,2291.4,52,0.0,0,0.0,0,0.0,0,0.0,0
2012-11-07T09:19:26.500,2291.4,9122,2291.2,1,0.0,0,0.0,0,0.0,0,0.0,0,2291.4,53,0.0,0,0.0,0,0.0,0,0.0,0
2012-11-07T09:19:27.000,2291.2,9128,2291,45,0.0,0,0.0,0,0.0,0,0.0,0,2291.2,6,0.0,0,0.0,0,0.0,0,0.0,0
2012-11-07T09:19:27.500,2291,9133,2291,40,0.0,0,0.0,0,0.0,0,0.0,0,2291.2,9,0.0,0,0.0,0,0.0,0,0.0,0
2012-11-07T09:19:28.000,2291,9145,2291,34,0.0,0,0.0,0,0.0,0,0.0,0,2291.2,23,0.0,0,0.0,0,0.0,0,0.0,0
2012-11-07T09:19:28.500,2291,9187,2290.8,19,0.0,0,0.0,0,0.0,0,0.0,0,2291,30,0.0,0,0.0,0,0.0,0,0.0,0
2012-11-07T09:19:29.000,2291,9227,2290.8,13,0.0,0,0.0,0,0.0,0,0.0,0,2291,8,0.0,0,0.0,0,0.0,0,0.0,0
2012-11-07T09:19:29.500,2290.8,9251,2290.6,40,0.0,0,0.0,0,0.0,0,0.0,0,2290.8,13,0.0,0,0.0,0,0.0,0,0.0,0
2012-11-07T09:19:30.000,2290.6,9262,2290.6,39,0.0,0,0.0,0,0.0,0,0.0,0,2290.8,43,0.0,0,0.0,0,0.0,0,0.0,0
2012-11-07T09:19:30.500,2290.8,9289,2290.6,25,0.0,0,0.0,0,0.0,0,0.0,0,2290.8,34,0.0,0,0.0,0,0.0,0,0.0,0
2012-11-07T09:19:31.000,2290.8,9315,2290.6,21,0.0,0,0.0,0,0.0,0,0.0,0,2290.8,20,0.0,0,0.0,0,0.0,0,0.0,0
2012-11-07T09:19:31.500,2290.6,9335,2290.6,22,0.0,0,0.0,0,0.0,0,0.0,0,2290.8,19,0.0,0,0.0,0,0.0,0,0.0,0
2012-11-07T09:19:32.000,2290.6,9379,2290.4,29,0.0,0,0.0,0,0.0,0,0.0,0,2290.6,6,0.0,0,0.0,0,0.0,0,0.0,0
2012-11-07T09:19:32.500,2290.6,9403,2290.6,10,0.0,0,0.0,0,0.0,0,0.0,0,2290.8,16,0.0,0,0.0,0,0.0,0,0.0,0
2012-11-07T09:19:33.000,2290.8,9415,2290.6,17,0.0,0,0.0,0,0.0,0,0.0,0,2290.8,22,0.0,0,0.0,0,0.0,0,0.0,0
2012-11-07T09:19:33.500,2290.6,9433,2290.6,15,0.0,0,0.0,0,0.0,0,0.0,0,2290.8,16,0.0,0,0.0,0,0.0,0,0.0,0
2012-11-07T09:19:34.000,2290.6,9474,2290.4,20,0.0,0,0.0,0,0.0,0,0.0,0,2290.6,1,0.0,0,0.0,0,0.0,0,0.0,0
2012-11-07T09:19:34.500,2290.6,9483,2290.4,20,0.0,0,0.0,0,0.0,0,0.0,0,2290.6,1,0.0,0,0.0,0,0.0,0,0.0,0
2012-11-07T09:19:35.000,2290.8,9494,2290.6,33,0.0,0,0.0,0,0.0,0,0.0,0,2290.8,5,0.0,0,0.0,0,0.0,0,0.0,0
2012-11-07T09:19:35.500,2290.6,9512,2290.6,17,0.0,0,0.0,0,0.0,0,0.0,0,2290.8,10,0.0,0,0.0,0,0.0,0,0.0,0
2012-11-07T09:19:36.000,2290.8,9522,2290.6,8,0.0,0,0.0,0,0.0,0,0.0,0,2290.8,8,0.0,0,0.0,0,0.0,0,0.0,0
2012-11-07T09:19:36.500,2290.6,9530,2290.6,8,0.0,0,0.0,0,0.0,0,0.0,0,2290.8,4,0.0,0,0.0,0,0.0,0,0.0,0
2012-11-07T09:19:37.000,2290.6,9548,2290.6,10,0.0,0,0.0,0,0.0,0,0.0,0,2290.8,2,0.0,0,0.0,0,0.0,0,0.0,0
2012-11-07T09:19:37.500,2290.4,9566,2290.4,18,0.0,0,0.0,0,0.0,0,0.0,0,2290.6,1,0.0,0,0.0,0,0.0,0,0.0,0
2012-11-07T09:19:38.000,2290.8,9579,2290.6,4,0.0,0,0.0,0,0.0,0,0.0,0,2291,22,0.0,0,0.0,0,0.0,0,0.0,0
2012-11-07T09:19:38.500,2290.4,9603,2290.4,5,0.0,0,0.0,0,0.0,0,0.0,0,2290.6,5,0.0,0,0.0,0,0.0,0,0.0,0
2012-11-07T09:19:39.000,2290.2,9613,2290.2,85,0.0,0,0.0,0,0.0,0,0.0,0,2290.4,7,0.0,0,0.0,0,0.0,0,0.0,0
2012-11-07T09:19:39.500,2290.4,9658,2290.2,66,0.0,0,0.0,0,0.0,0,0.0,0,2290.6,19,0.0,0,0.0,0,0.0,0,0.0,0
2012-11-07T09:19:40.000,2290.2,9689,2290.2,38,0.0,0,0.0,0,0.0,0,0.0,0,2290.4,16,0.0,0,0.0,0,0.0,0,0.0,0
2012-11-07T09:19:40.500,2290.4,9704,2290.2,34,0.0,0,0.0,0,0.0,0,0.0,0,2290.4,6,0.0,0,0.0,0,0.0,0,0.0,0
2012-11-07T09:19:41.000,2290.4,9751,2290.2,11,0.0,0,0.0,0,0.0,0,0.0,0,2290.4,14,0.0,0,0.0,0,0.0,0,0.0,0
2012-11-07T09:19:41.500,2290.2,9774,2290,115,0.0,0,0.0,0,0.0,0,0.0,0,2290.2,14,0.0,0,0.0,0,0.0,0,0.0,0
2012-11-07T09:19:42.000,2290,9793,2290,100,0.0,0,0.0,0,0.0,0,0.0,0,2290.2,11,0.0,0,0.0,0,0.0,0,0.0,0
2012-11-07T09:19:42.500,2290,9805,2290,94,0.0,0,0.0,0,0.0,0,0.0,0,2290.2,4,0.0,0,0.0,0,0.0,0,0.0,0
2012-11-07T09:19:43.000,2290.2,9880,2290,23,0.0,0,0.0,0,0.0,0,0.0,0,2290.2,12,0.0,0,0.0,0,0.0,0,0.0,0
2012-11-07T09:19:43.500,2289.6,9952,2289.4,30,0.0,0,0.0,0,0.0,0,0.0,0,2290,5,0.0,0,0.0,0,0.0,0,0.0,0
2012-11-07T09:19:44.000,2289.4,9982,2289.6,2,0.0,0,0.0,0,0.0,0,0.0,0,2289.8,3,0.0,0,0.0,0,0.0,0,0.0,0
2012-11-07T09:19:44.500,2289.6,10006,2289.8,1,0.0,0,0.0,0,0.0,0,0.0,0,2290,21,0.0,0,0.0,0,0.0,0,0.0,0
2012-11-07T09:19:45.000,2290,10027,2289.6,29,0.0,0,0.0,0,0.0,0,0.0,0,2289.8,2,0.0,0,0.0,0,0.0,0,0.0,0
2012-11-07T09:19:45.500,2289.6,10057,2289.6,24,0.0,0,0.0,0,0.0,0,0.0,0,2290,19,0.0,0,0.0,0,0.0,0,0.0,0
2012-11-07T09:19:46.000,2289.8,10072,2289.8,2,0.0,0,0.0,0,0.0,0,0.0,0,2290,26,0.0,0,0.0,0,0.0,0,0.0,0
2012-11-07T09:19:46.500,2289.8,10104,2289.6,31,0.0,0,0.0,0,0.0,0,0.0,0,2289.8,30,0.0,0,0.0,0,0.0,0,0.0,0
2012-11-07T09:19:47.000,2289.6,10130,2289.6,10,0.0,0,0.0,0,0.0,0,0.0,0,2289.8,51,0.0,0,0.0,0,0.0,0,0.0,0
2012-11-07T09:19:47.500,2289.4,10149,2289.4,2,0.0,0,0.0,0,0.0,0,0.0,0,2289.6,7,0.0,0,0.0,0,0.0,0,0.0,0
2012-11-07T09:19:48.000,2289.4,10157,2289.2,17,0.0,0,0.0,0,0.0,0,0.0,0,2289.4,16,0.0,0,0.0,0,0.0,0,0.0,0
2012-11-07T09:19:48.500,2289.4,10220,2289.4,1,0.0,0,0.0,0,0.0,0,0.0,0,2289.6,11,0.0,0,0.0,0,0.0,0,0.0,0
2012-11-07T09:19:49.000,2289.2,10239,2289,14,0.0,0,0.0,0,0.0,0,0.0,0,2289.2,9,0.0,0,0.0,0,0.0,0,0.0,0
2012-11-07T09:19:49.500,2289.2,10250,2289,23,0.0,0,0.0,0,0.0,0,0.0,0,2289.2,10,0.0,0,0.0,0,0.0,0,0.0,0
2012-11-07T09:19:50.000,2289.2,10303,2289.2,7,0.0,0,0.0,0,0.0,0,0.0,0,2289.4,9,0.0,0,0.0,0,0.0,0,0.0,0
2012-11-07T09:19:50.500,2289.2,10367,2289.2,6,0.0,0,0.0,0,0.0,0,0.0,0,2289.4,3,0.0,0,0.0,0,0.0,0,0.0,0
2012-11-07T09:19:51.000,2289.8,10385,2289.2,9,0.0,0,0.0,0,0.0,0,0.0,0,2289.8,38,0.0,0,0.0,0,0.0,0,0.0,0
2012-11-07T09:19:51.500,2289.4,10429,2289.2,7,0.0,0,0.0,0,0.0,0,0.0,0,2289.4,76,0.0,0,0.0,0,0.0,0,0.0,0
2012-11-07T09:19:52.000,2289.4,10458,2289.2,10,0.0,0,0.0,0,0.0,0,0.0,0,2289.4,78,0.0,0,0.0,0,0.0,0,0.0,0
2012-11-07T09:19:52.500,2289,10485,2289,13,0.0,0,0.0,0,0.0,0,0.0,0,2289.2,7,0.0,0,0.0,0,0.0,0,0.0,0
2012-11-07T09:19:53.000,2289.2,10500,2289,47,0.0,0,0.0,0,0.0,0,0.0,0,2289.2,24,0.0,0,0.0,0,0.0,0,0.0,0
2012-11-07T09:19:53.500,2289.2,10510,2289,52,0.0,0,0.0,0,0.0,0,0.0,0,2289.2,33,0.0,0,0.0,0,0.0,0,0.0,0
2012-11-07T09:19:54.000,2289,10518,2289,49,0.0,0,0.0,0,0.0,0,0.0,0,2289.2,31,0.0,0,0.0,0,0.0,0,0.0,0
2012-11-07T09:19:54.500,2289,10536,2289,44,0.0,0,0.0,0,0.0,0,0.0,0,2289.2,20,0.0,0,0.0,0,0.0,0,0.0,0
2012-11-07T09:19:55.000,2289.2,10602,2289.2,3,0.0,0,0.0,0,0.0,0,0.0,0,2289.4,86,0.0,0,0.0,0,0.0,0,0.0,0
2012-11-07T09:19:55.500,2289.2,10625,2289.2,9,0.0,0,0.0,0,0.0,0,0.0,0,2289.4,79,0.0,0,0.0,0,0.0,0,0.0,0
2012-11-07T09:19:56.000,2289.2,10645,2289.2,3,0.0,0,0.0,0,0.0,0,0.0,0,2289.4,75,0.0,0,0.0,0,0.0,0,0.0,0
2012-11-07T09:19:56.500,2289.2,10669,2289.2,52,0.0,0,0.0,0,0.0,0,0.0,0,2289.4,71,0.0,0,0.0,0,0.0,0,0.0,0
2012-11-07T09:19:57.000,2289.4,10692,2289.2,53,0.0,0,0.0,0,0.0,0,0.0,0,2289.4,65,0.0,0,0.0,0,0.0,0,0.0,0
2012-11-07T09:19:57.500,2289.6,10783,2289.4,108,0.0,0,0.0,0,0.0,0,0.0,0,2289.6,2,0.0,0,0.0,0,0.0,0,0.0,0
2012-11-07T09:19:58.000,2289.6,10812,2289.6,42,0.0,0,0.0,0,0.0,0,0.0,0,2289.8,33,0.0,0,0.0,0,0.0,0,0.0,0
2012-11-07T09:19:58.500,2289.6,10875,2289.6,26,0.0,0,0.0,0,0.0,0,0.0,0,2289.8,10,0.0,0,0.0,0,0.0,0,0.0,0
2012-11-07T09:19:59.000,2289.6,10879,2289.6,23,0.0,0,0.0,0,0.0,0,0.0,0,2289.8,22,0.0,0,0.0,0,0.0,0,0.0,0
2012-11-07T09:19:59.500,2289.8,10888,2289.6,23,0.0,0,0.0,0,0.0,0,0.0,0,2289.8,42,0.0,0,0.0,0,0.0,0,0.0,0
2012-11-07T09:20:00.000,2289.6,10931,2289.6,16,0.0,0,0.0,0,0.0,0,0.0,0,2289.8,22,0.0,0,0.0,0,0.0,0,0.0,0
2012-11-07T09:20:00.500,2289.8,10958,2289.6,20,0.0,0,0.0,0,0.0,0,0.0,0,2289.8,6,0.0,0,0.0,0,0.0,0,0.0,0
2012-11-07T09:20:01.000,2289.8,11039,2289.8,2,0.0,0,0.0,0,0.0,0,0.0,0,2290,30,0.0,0,0.0,0,0.0,0,0.0,0
2012-11-07T09:20:01.500,2289.6,11059,2289.4,35,0.0,0,0.0,0,0.0,0,0.0,0,2289.6,5,0.0,0,0.0,0,0.0,0,0.0,0
2012-11-07T09:20:02.000,2289.8,11080,2289.4,22,0.0,0,0.0,0,0.0,0,0.0,0,2289.8,17,0.0,0,0.0,0,0.0,0,0.0,0
2012-11-07T09:20:02.500,2289.8,11088,2289.6,2,0.0,0,0.0,0,0.0,0,0.0,0,2289.8,19,0.0,0,0.0,0,0.0,0,0.0,0
2012-11-07T09:20:03.000,2289.6,11103,2289.4,22,0.0,0,0.0,0,0.0,0,0.0,0,2289.8,13,0.0,0,0.0,0,0.0,0,0.0,0
2012-11-07T09:20:03.500,2289.6,11120,2289.4,18,0.0,0,0.0,0,0.0,0,0.0,0,2289.8,3,0.0,0,0.0,0,0.0,0,0.0,0
2012-11-07T09:20:04.000,2289.6,11129,2289.6,1,0.0,0,0.0,0,0.0,0,0.0,0,2289.8,1,0.0,0,0.0,0,0.0,0,0.0,0
2012-11-07T09:20:04.500,2289.8,11157,2289.8,2,0.0,0,0.0,0,0.0,0,0.0,0,2290,31,0.0,0,0.0,0,0.0,0,0.0,0
2012-11-07T09:20:05.000,2290,11164,2289.6,13,0.0,0,0.0,0,0.0,0,0.0,0,2289.8,4,0.0,0,0.0,0,0.0,0,0.0,0
2012-11-07T09:20:05.500,2289.4,11180,2289.4,17,0.0,0,0.0,0,0.0,0,0.0,0,2289.6,60,0.0,0,0.0,0,0.0,0,0.0,0
2012-11-07T09:20:06.000,2289.2,11209,2289.2,53,0.0,0,0.0,0,0.0,0,0.0,0,2289.4,4,0.0,0,0.0,0,0.0,0,0.0,0
2012-11-07T09:20:06.500,2289.4,11224,2289.2,52,0.0,0,0.0,0,0.0,0,0.0,0,2289.4,5,0.0,0,0.0,0,0.0,0,0.0,0
2012-11-07T09:20:07.000,2289.2,11231,2289.2,50,0.0,0,0.0,0,0.0,0,0.0,0,2289.4,6,0.0,0,0.0,0,0.0,0,0.0,0
2012-11-07T09:20:07.500,2289.2,11258,2289.2,28,0.0,0,0.0,0,0.0,0,0.0,0,2289.4,2,0.0,0,0.0,0,0.0,0,0.0,0
2012-11-07T09:20:08.000,2289,11289,2289,24,0.0,0,0.0,0,0.0,0,0.0,0,2289.2,8,0.0,0,0.0,0,0.0,0,0.0,0
2012-11-07T09:20:08.500,2289,11318,2288.8,31,0.0,0,0.0,0,0.0,0,0.0,0,2289,5,0.0,0,0.0,0,0.0,0,0.0,0
2012-11-07T09:20:09.000,2288.8,11357,2288.8,1,0.0,0,0.0,0,0.0,0,0.0,0,2289,22,0.0,0,0.0,0,0.0,0,0.0,0
2012-11-07T09:20:09.500,2288.6,11400,2288.6,13,0.0,0,0.0,0,0.0,0,0.0,0,2288.8,44,0.0,0,0.0,0,0.0,0,0.0,0
2012-11-07T09:20:10.000,2288.4,11437,2288.4,20,0.0,0,0.0,0,0.0,0,0.0,0,2288.6,25,0.0,0,0.0,0,0.0,0,0.0,0
2012-11-07T09:20:10.500,2288.2,11458,2288.2,30,0.0,0,0.0,0,0.0,0,0.0,0,2288.4,3,0.0,0,0.0,0,0.0,0,0.0,0
2012-11-07T09:20:11.000,2288.2,11476,2288.2,18,0.0,0,0.0,0,0.0,0,0.0,0,2288.6,28,0.0,0,0.0,0,0.0,0,0.0,0
2012-11-07T09:20:11.500,2288,11514,2288,41,0.0,0,0.0,0,0.0,0,0.0,0,2288.2,10,0.0,0,0.0,0,0.0,0,0.0,0
2012-11-07T09:20:12.000,2288.4,11656,2288.4,36,0.0,0,0.0,0,0.0,0,0.0,0,2288.6,14,0.0,0,0.0,0,0.0,0,0.0,0
2012-11-07T09:20:12.500,2288.6,11716,2288.2,4,0.0,0,0.0,0,0.0,0,0.0,0,2288.6,1,0.0,0,0.0,0,0.0,0,0.0,0
2012-11-07T09:20:13.000,2288.4,11745,2288.2,19,0.0,0,0.0,0,0.0,0,0.0,0,2288.4,17,0.0,0,0.0,0,0.0,0,0.0,0
2012-11-07T09:20:13.500,2288.2,11772,2288.2,16,0.0,0,0.0,0,0.0,0,0.0,0,2288.4,18,0.0,0,0.0,0,0.0,0,0.0,0
2012-11-07T09:20:14.000,2288.2,11809,2288.2,9,0.0,0,0.0,0,0.0,0,0.0,0,2288.4,11,0.0,0,0.0,0,0.0,0,0.0,0
2012-11-07T09:20:14.500,2288.2,11830,2288,26,0.0,0,0.0,0,0.0,0,0.0,0,2288.2,9,0.0,0,0.0,0,0.0,0,0.0,0
2012-11-07T09:20:15.000,2288.2,11844,2288.2,37,0.0,0,0.0,0,0.0,0,0.0,0,2288.4,5,0.0,0,0.0,0,0.0,0,0.0,0
2012-11-07T09:20:15.500,2288.4,11873,2288.4,20,0.0,0,0.0,0,0.0,0,0.0,0,2288.6,7,0.0,0,0.0,0,0.0,0,0.0,0
2012-11-07T09:20:16.000,2288.4,11928,2288.4,21,0.0,0,0.0,0,0.0,0,0.0,0,2288.8,36,0.0,0,0.0,0,0.0,0,0.0,0
2012-11-07T09:20:16.500,2288.6,11936,2288.6,4,0.0,0,0.0,0,0.0,0,0.0,0,2288.8,42,0.0,0,0.0,0,0.0,0,0.0,0
2012-11-07T09:20:17.000,2288.6,11965,2288.4,31,0.0,0,0.0,0,0.0,0,0.0,0,2288.8,33,0.0,0,0.0,0,0.0,0,0.0,0
2012-11-07T09:20:17.500,2288.8,11983,2288.6,56,0.0,0,0.0,0,0.0,0,0.0,0,2288.8,29,0.0,0,0.0,0,0.0,0,0.0,0
2012-11-07T09:20:18.000,2288.6,11991,2288.6,51,0.0,0,0.0,0,0.0,0,0.0,0,2288.8,29,0.0,0,0.0,0,0.0,0,0.0,0
2012-11-07T09:20:18.500,2288.8,12006,2288.6,52,0.0,0,0.0,0,0.0,0,0.0,0,2288.8,15,0.0,0,0.0,0,0.0,0,0.0,0
2012-11-07T09:20:19.000,2288.8,12033,2288.6,40,0.0,0,0.0,0,0.0,0,0.0,0,2288.8,4,0.0,0,0.0,0,0.0,0,0.0,0
2012-11-07T09:20:19.500,2288.8,12055,2288.6,27,0.0,0,0.0,0,0.0,0,0.0,0,2288.8,1,0.0,0,0.0,0,0.0,0,0.0,0
2012-11-07T09:20:20.000,2288.8,12077,2288.8,56,0.0,0,0.0,0,0.0,0,0.0,0,2289,21,0.0,0,0.0,0,0.0,0,0.0,0
2012-11-07T09:20:20.500,2288.8,12146,2288.8,20,0.0,0,0.0,0,0.0,0,0.0,0,2289.2,33,0.0,0,0.0,0,0.0,0,0.0,0
2012-11-07T09:20:21.000,2288.8,12158,2288.8,11,0.0,0,0.0,0,0.0,0,0.0,0,2289.2,32,0.0,0,0.0,0,0.0,0,0.0,0
2012-11-07T09:20:21.500,2289.2,12183,2289.2,76,0.0,0,0.0,0,0.0,0,0.0,0,2289.4,4,0.0,0,0.0,0,0.0,0,0.0,0
2012-11-07T09:20:22.000,2289.4,12228,2289.4,8,0.0,0,0.0,0,0.0,0,0.0,0,2289.6,58,0.0,0,0.0,0,0.0,0,0.0,0
2012-11-07T09:20:22.500,2289.4,12238,2289.4,1,0.0,0,0.0,0,0.0,0,0.0,0,2289.6,73,0.0,0,0.0,0,0.0,0,0.0,0
2012-11-07T09:20:23.000,2289.6,12248,2289.2,70,0.0,0,0.0,0,0.0,0,0.0,0,2289.6,70,0.0,0,0.0,0,0.0,0,0.0,0
2012-11-07T09:20:23.500,2289.6,12253,2289.2,73,0.0,0,0.0,0,0.0,0,0.0,0,2289.4,20,0.0,0,0.0,0,0.0,0,0.0,0
2012-11-07T09:20:24.000,2289.4,12261,2289.2,73,0.0,0,0.0,0,0.0,0,0.0,0,2289.4,15,0.0,0,0.0,0,0.0,0,0.0,0
2012-11-07T09:20:24.500,2289.4,12271,2289.2,74,0.0,0,0.0,0,0.0,0,0.0,0,2289.4,11,0.0,0,0.0,0,0.0,0,0.0,0
2012-11-07T09:20:25.000,2289.2,12283,2289.2,70,0.0,0,0.0,0,0.0,0,0.0,0,2289.4,18,0.0,0,0.0,0,0.0,0,0.0,0
2012-11-07T09:20:25.500,2289.2,12315,2289.2,44,0.0,0,0.0,0,0.0,0,0.0,0,2289.4,14,0.0,0,0.0,0,0.0,0,0.0,0
2012-11-07T09:20:26.000,2289.2,12350,2289.2,18,0.0,0,0.0,0,0.0,0,0.0,0,2289.4,22,0.0,0,0.0,0,0.0,0,0.0,0
2012-11-07T09:20:26.500,2289.2,12373,2289,10,0.0,0,0.0,0,0.0,0,0.0,0,2289.2,4,0.0,0,0.0,0,0.0,0,0.0,0
2012-11-07T09:20:27.000,2288.8,12389,2288.8,12,0.0,0,0.0,0,0.0,0,0.0,0,2289.2,6,0.0,0,0.0,0,0.0,0,0.0,0
2012-11-07T09:20:27.500,2289.2,12391,2289,6,0.0,0,0.0,0,0.0,0,0.0,0,2289.2,9,0.0,0,0.0,0,0.0,0,0.0,0
2012-11-07T09:20:28.000,2289,12418,2289,15,0.0,0,0.0,0,0.0,0,0.0,0,2289.4,11,0.0,0,0.0,0,0.0,0,0.0,0
2012-11-07T09:20:28.500,2289.2,12422,2289,15,0.0,0,0.0,0,0.0,0,0.0,0,2289.4,13,0.0,0,0.0,0,0.0,0,0.0,0
2012-11-07T09:20:29.000,2289.4,12426,2289,16,0.0,0,0.0,0,0.0,0,0.0,0,2289.2,1,0.0,0,0.0,0,0.0,0,0.0,0
2012-11-07T09:20:29.500,2289.2,12429,2289,16,0.0,0,0.0,0,0.0,0,0.0,0,2289.2,1,0.0,0,0.0,0,0.0,0,0.0,0
2012-11-07T09:20:30.000,2289.4,12432,2289.2,17,0.0,0,0.0,0,0.0,0,0.0,0,2289.4,13,0.0,0,0.0,0,0.0,0,0.0,0
2012-11-07T09:20:30.500,2289.2,12437,2289.2,24,0.0,0,0.0,0,0.0,0,0.0,0,2289.4,11,0.0,0,0.0,0,0.0,0,0.0,0
2012-11-07T09:20:31.250,2289.4,12445,2289.2,23,0.0,0,0.0,0,0.0,0,0.0,0,2289.4,7,0.0,0,0.0,0,0.0,0,0.0,0
2012-11-07T09:20:32.000,2289.4,12452,2289.4,7,0.0,0,0.0,0,0.0,0,0.0,0,2289.6,57,0.0,0,0.0,0,0.0,0,0.0,0
2012-11-07T09:20:32.500,2289.2,12466,2289.2,33,0.0,0,0.0,0,0.0,0,0.0,0,2289.4,10,0.0,0,0.0,0,0.0,0,0.0,0
2012-11-07T09:20:33.000,2289.2,12471,2289.2,31,0.0,0,0.0,0,0.0,0,0.0,0,2289.4,10,0.0,0,0.0,0,0.0,0,0.0,0
2012-11-07T09:20:33.500,2289.4,12475,2289.2,29,0.0,0,0.0,0,0.0,0,0.0,0,2289.4,7,0.0,0,0.0,0,0.0,0,0.0,0
2012-11-07T09:20:34.000,2289.2,12509,2289,23,0.0,0,0.0,0,0.0,0,0.0,0,2289.2,51,0.0,0,0.0,0,0.0,0,0.0,0
2012-11-07T09:20:34.500,2289.2,12529,2289,12,0.0,0,0.0,0,0.0,0,0.0,0,2289.2,42,0.0,0,0.0,0,0.0,0,0.0,0
2012-11-07T09:20:35.000,2288.8,12546,2288.8,24,0.0,0,0.0,0,0.0,0,0.0,0,2289,5,0.0,0,0.0,0,0.0,0,0.0,0
2012-11-07T09:20:35.500,2289.2,12549,2288.8,24,0.0,0,0.0,0,0.0,0,0.0,0,2289,4,0.0,0,0.0,0,0.0,0,0.0,0
2012-11-07T09:20:36.000,2288.8,12553,2288.8,22,0.0,0,0.0,0,0.0,0,0.0,0,2289,29,0.0,0,0.0,0,0.0,0,0.0,0
2012-11-07T09:20:36.500,2289,12556,2288.8,21,0.0,0,0.0,0,0.0,0,0.0,0,2289,27,0.0,0,0.0,0,0.0,0,0.0,0
2012-11-07T09:20:37.000,2288.8,12560,2288.8,20,0.0,0,0.0,0,0.0,0,0.0,0,2289,24,0.0,0,0.0,0,0.0,0,0.0,0
2012-11-07T09:20:37.500,2289,12565,2288.8,19,0.0,0,0.0,0,0.0,0,0.0,0,2289,26,0.0,0,0.0,0,0.0,0,0.0,0
2012-11-07T09:20:38.000,2288.8,12569,2288.8,18,0.0,0,0.0,0,0.0,0,0.0,0,2289,24,0.0,0,0.0,0,0.0,0,0.0,0
2012-11-07T09:20:38.500,2289,12572,2288.8,17,0.0,0,0.0,0,0.0,0,0.0,0,2289,22,0.0,0,0.0,0,0.0,0,0.0,0
2012-11-07T09:20:39.000,2288.8,12578,2288.8,12,0.0,0,0.0,0,0.0,0,0.0,0,2289,21,0.0,0,0.0,0,0.0,0,0.0,0
2012-11-07T09:20:39.500,2288.8,12596,2288.8,2,0.0,0,0.0,0,0.0,0,0.0,0,2289,15,0.0,0,0.0,0,0.0,0,0.0,0
2012-11-07T09:20:40.000,2289,12601,2288.8,1,0.0,0,0.0,0,0.0,0,0.0,0,2289,13,0.0,0,0.0,0,0.0,0,0.0,0
2012-11-07T09:20:40.500,2288.8,12607,2288.6,15,0.0,0,0.0,0,0.0,0,0.0,0,2289,12,0.0,0,0.0,0,0.0,0,0.0,0
2012-11-07T09:20:41.000,2288.8,12619,2288.6,15,0.0,0,0.0,0,0.0,0,0.0,0,2289,12,0.0,0,0.0,0,0.0,0,0.0,0
2012-11-07T09:20:41.500,2288.8,12623,2288.6,33,0.0,0,0.0,0,0.0,0,0.0,0,2289,11,0.0,0,0.0,0,0.0,0,0.0,0
2012-11-07T09:20:42.000,2288.6,12628,2288.6,48,0.0,0,0.0,0,0.0,0,0.0,0,2288.8,1,0.0,0,0.0,0,0.0,0,0.0,0
2012-11-07T09:20:42.500,2288.8,12638,2288.8,11,0.0,0,0.0,0,0.0,0,0.0,0,2289,30,0.0,0,0.0,0,0.0,0,0.0,0
2012-11-07T09:20:43.000,2289,12651,2288.8,2,0.0,0,0.0,0,0.0,0,0.0,0,2289,27,0.0,0,0.0,0,0.0,0,0.0,0
2012-11-07T09:20:43.500,2288.8,12661,2288.8,12,0.0,0,0.0,0,0.0,0,0.0,0,2289,25,0.0,0,0.0,0,0.0,0,0.0,0
2012-11-07T09:20:44.000,2289,12662,2288.8,16,0.0,0,0.0,0,0.0,0,0.0,0,2289,24,0.0,0,0.0,0,0.0,0,0.0,0
2012-11-07T09:20:44.500,2288.8,12674,2288.6,68,0.0,0,0.0,0,0.0,0,0.0,0,2288.8,1,0.0,0,0.0,0,0.0,0,0.0,0
2012-11-07T09:20:45.000,2288.8,12675,2288.6,69,0.0,0,0.0,0,0.0,0,0.0,0,2288.8,1,0.0,0,0.0,0,0.0,0,0.0,0
2012-11-07T09:20:45.500,2288.8,12683,2288.6,65,0.0,0,0.0,0,0.0,0,0.0,0,2289,31,0.0,0,0.0,0,0.0,0,0.0,0
2012-11-07T09:20:46.000,2288.6,12694,2288.6,56,0.0,0,0.0,0,0.0,0,0.0,0,2289,38,0.0,0,0.0,0,0.0,0,0.0,0
2012-11-07T09:20:46.500,2289,12697,2288.6,57,0.0,0,0.0,0,0.0,0,0.0,0,2288.8,2,0.0,0,0.0,0,0.0,0,0.0,0
2012-11-07T09:20:47.000,2288.8,12702,2288.8,7,0.0,0,0.0,0,0.0,0,0.0,0,2289,40,0.0,0,0.0,0,0.0,0,0.0,0
2012-11-07T09:20:47.500,2288.8,12705,2288.8,10,0.0,0,0.0,0,0.0,0,0.0,0,2289,41,0.0,0,0.0,0,0.0,0,0.0,0
2012-11-07T09:20:48.000,2288.8,12708,2288.8,13,0.0,0,0.0,0,0.0,0,0.0,0,2289,42,0.0,0,0.0,0,0.0,0,0.0,0
2012-11-07T09:20:48.500,2288.8,12712,2288.8,11,0.0,0,0.0,0,0.0,0,0.0,0,2289,44,0.0,0,0.0,0,0.0,0,0.0,0
2012-11-07T09:20:49.000,2288.8,12719,2288.8,6,0.0,0,0.0,0,0.0,0,0.0,0,2289,44,0.0,0,0.0,0,0.0,0,0.0,0
2012-11-07T09:20:49.500,2289,12766,2288.6,64,0.0,0,0.0,0,0.0,0,0.0,0,2288.8,1,0.0,0,0.0,0,0.0,0,0.0,0
2012-11-07T09:20:50.000,2288.8,12770,2288.6,64,0.0,0,0.0,0,0.0,0,0.0,0,2288.8,1,0.0,0,0.0,0,0.0,0,0.0,0
2012-11-07T09:20:50.500,2288.8,12799,2288.8,14,0.0,0,0.0,0,0.0,0,0.0,0,2289,6,0.0,0,0.0,0,0.0,0,0.0,0
2012-11-07T09:20:51.000,2288.8,12805,2288.8,26,0.0,0,0.0,0,0.0,0,0.0,0,2289,9,0.0,0,0.0,0,0.0,0,0.0,0
2012-11-07T09:20:51.500,2289,12809,2288.8,24,0.0,0,0.0,0,0.0,0,0.0,0,2289,17,0.0,0,0.0,0,0.0,0,0.0,0
2012-11-07T09:20:52.000,2288.8,12810,2288.8,26,0.0,0,0.0,0,0.0,0,0.0,0,2289,20,0.0,0,0.0,0,0.0,0,0.0,0
2012-11-07T09:20:52.500,2288.8,12812,2288.8,25,0.0,0,0.0,0,0.0,0,0.0,0,2289,21,0.0,0,0.0,0,0.0,0,0.0,0
2012-11-07T09:20:53.000,2288.8,12814,2288.8,25,0.0,0,0.0,0,0.0,0,0.0,0,2289,21,0.0,0,0.0,0,0.0,0,0.0,0
2012-11-07T09:20:53.500,2289,12827,2288.8,25,0.0,0,0.0,0,0.0,0,0.0,0,2289,8,0.0,0,0.0,0,0.0,0,0.0,0
2012-11-07T09:20:54.000,2289,12836,2288.8,23,0.0,0,0.0,0,0.0,0,0.0,0,2289,1,0.0,0,0.0,0,0.0,0,0.0,0
2012-11-07T09:20:54.500,2289,12841,2289,22,0.0,0,0.0,0,0.0,0,0.0,0,2289.2,75,0.0,0,0.0,0,0.0,0,0.0,0
2012-11-07T09:20:55.000,2289,12851,2289,14,0.0,0,0.0,0,0.0,0,0.0,0,2289.2,74,0.0,0,0.0,0,0.0,0,0.0,0
2012-11-07T09:20:55.500,2289,12854,2289,12,0.0,0,0.0,0,0.0,0,0.0,0,2289.2,75,0.0,0,0.0,0,0.0,0,0.0,0
2012-11-07T09:20:56.000,2289,12861,2289,13,0.0,0,0.0,0,0.0,0,0.0,0,2289.2,73,0.0,0,0.0,0,0.0,0,0.0,0
2012-11-07T09:20:56.500,2289.2,12863,2289,13,0.0,0,0.0,0,0.0,0,0.0,0,2289.2,71,0.0,0,0.0,0,0.0,0,0.0,0
2012-11-07T09:20:57.000,2289,12867,2289,11,0.0,0,0.0,0,0.0,0,0.0,0,2289.2,70,0.0,0,0.0,0,0.0,0,0.0,0
2012-11-07T09:20:57.500,2289.2,12875,2289,11,0.0,0,0.0,0,0.0,0,0.0,0,2289.2,62,0.0,0,0.0,0,0.0,0,0.0,0
2012-11-07T09:20:58.000,2289,12888,2289,24,0.0,0,0.0,0,0.0,0,0.0,0,2289.2,52,0.0,0,0.0,0,0.0,0,0.0,0
2012-11-07T09:20:58.500,2289.2,12890,2289,24,0.0,0,0.0,0,0.0,0,0.0,0,2289.2,50,0.0,0,0.0,0,0.0,0,0.0,0
2012-11-07T09:20:59.000,2289.2,12892,2289,35,0.0,0,0.0,0,0.0,0,0.0,0,2289.2,48,0.0,0,0.0,0,0.0,0,0.0,0
2012-11-07T09:20:59.500,2289.2,12940,2289.2,8,0.0,0,0.0,0,0.0,0,0.0,0,2289.4,23,0.0,0,0.0,0,0.0,0,0.0,0
2012-11-07T09:21:00.000,2289.2,12965,2289.2,2,0.0,0,0.0,0,0.0,0,0.0,0,2289.4,14,0.0,0,0.0,0,0.0,0,0.0,0
2012-11-07T09:21:00.500,2289,12983,2289,25,0.0,0,0.0,0,0.0,0,0.0,0,2289.2,12,0.0,0,0.0,0,0.0,0,0.0,0
2012-11-07T09:21:01.000,2289.2,12987,2289,25,0.0,0,0.0,0,0.0,0,0.0,0,2289.2,3,0.0,0,0.0,0,0.0,0,0.0,0
2012-11-07T09:21:01.500,2289.2,13006,2289,9,0.0,0,0.0,0,0.0,0,0.0,0,2289.2,14,0.0,0,0.0,0,0.0,0,0.0,0
2012-11-07T09:21:02.000,2288.8,13023,2288.8,15,0.0,0,0.0,0,0.0,0,0.0,0,2289,6,0.0,0,0.0,0,0.0,0,0.0,0
2012-11-07T09:21:02.500,2289.2,13038,2288.8,12,0.0,0,0.0,0,0.0,0,0.0,0,2289.2,18,0.0,0,0.0,0,0.0,0,0.0,0
2012-11-07T09:21:03.000,2288.8,13044,2288.8,11,0.0,0,0.0,0,0.0,0,0.0,0,2289,39,0.0,0,0.0,0,0.0,0,0.0,0
2012-11-07T09:21:03.500,2288.8,13057,2288.8,11,0.0,0,0.0,0,0.0,0,0.0,0,2289,35,0.0,0,0.0,0,0.0,0,0.0,0
2012-11-07T09:21:04.000,2289,13074,2288.6,54,0.0,0,0.0,0,0.0,0,0.0,0,2288.8,1,0.0,0,0.0,0,0.0,0,0.0,0
2012-11-07T09:21:04.500,2288.6,13081,2288.6,52,0.0,0,0.0,0,0.0,0,0.0,0,2288.8,4,0.0,0,0.0,0,0.0,0,0.0,0
2012-11-07T09:21:05.000,2288.8,13085,2288.6,52,0.0,0,0.0,0,0.0,0,0.0,0,2288.8,1,0.0,0,0.0,0,0.0,0,0.0,0
2012-11-07T09:21:05.500,2289,13138,2288.8,7,0.0,0,0.0,0,0.0,0,0.0,0,2289,30,0.0,0,0.0,0,0.0,0,0.0,0
2012-11-07T09:21:06.000,2288.8,13141,2288.8,5,0.0,0,0.0,0,0.0,0,0.0,0,2289,29,0.0,0,0.0,0,0.0,0,0.0,0
2012-11-07T09:21:06.500,2288.8,13143,2288.8,8,0.0,0,0.0,0,0.0,0,0.0,0,2289,35,0.0,0,0.0,0,0.0,0,0.0,0
2012-11-07T09:21:07.000,2289,13155,2288.8,19,0.0,0,0.0,0,0.0,0,0.0,0,2289,28,0.0,0,0.0,0,0.0,0,0.0,0
2012-11-07T09:21:07.500,2288.8,13163,2288.8,12,0.0,0,0.0,0,0.0,0,0.0,0,2289,22,0.0,0,0.0,0,0.0,0,0.0,0
2012-11-07T09:21:08.000,2289,13168,2288.8,15,0.0,0,0.0,0,0.0,0,0.0,0,2289,19,0.0,0,0.0,0,0.0,0,0.0,0
2012-11-07T09:21:08.500,2288.8,13173,2288.8,13,0.0,0,0.0,0,0.0,0,0.0,0,2289,26,0.0,0,0.0,0,0.0,0,0.0,0
2012-11-07T09:21:09.000,2288.8,13177,2288.8,16,0.0,0,0.0,0,0.0,0,0.0,0,2289,25,0.0,0,0.0,0,0.0,0,0.0,0
2012-11-07T09:21:09.500,2288.8,13179,2288.8,13,0.0,0,0.0,0,0.0,0,0.0,0,2289,25,0.0,0,0.0,0,0.0,0,0.0,0
2012-11-07T09:21:10.000,2288.8,13180,2288.8,24,0.0,0,0.0,0,0.0,0,0.0,0,2289,30,0.0,0,0.0,0,0.0,0,0.0,0
2012-11-07T09:21:10.500,2289,13207,2288.8,24,0.0,0,0.0,0,0.0,0,0.0,0,2289,3,0.0,0,0.0,0,0.0,0,0.0,0
2012-11-07T09:21:11.000,2289,13209,2288.8,24,0.0,0,0.0,0,0.0,0,0.0,0,2289,1,0.0,0,0.0,0,0.0,0,0.0,0
2012-11-07T09:21:11.500,2288.8,13211,2288.8,22,0.0,0,0.0,0,0.0,0,0.0,0,2289,1,0.0,0,0.0,0,0.0,0,0.0,0
2012-11-07T09:21:12.000,2288.8,13213,2288.8,20,0.0,0,0.0,0,0.0,0,0.0,0,2289,2,0.0,0,0.0,0,0.0,0,0.0,0
2012-11-07T09:21:12.500,2288.8,13218,2288.8,17,0.0,0,0.0,0,0.0,0,0.0,0,2289,3,0.0,0,0.0,0,0.0,0,0.0,0
2012-11-07T09:21:13.000,2289,13222,2288.8,16,0.0,0,0.0,0,0.0,0,0.0,0,2289,8,0.0,0,0.0,0,0.0,0,0.0,0
2012-11-07T09:21:13.500,2288.8,13228,2288.8,11,0.0,0,0.0,0,0.0,0,0.0,0,2289,9,0.0,0,0.0,0,0.0,0,0.0,0
2012-11-07T09:21:14.250,2289,13230,2288.8,11,0.0,0,0.0,0,0.0,0,0.0,0,2289,7,0.0,0,0.0,0,0.0,0,0.0,0
2012-11-07T09:21:15.000,2289,13249,2289,1,0.0,0,0.0,0,0.0,0,0.0,0,2289.2,48,0.0,0,0.0,0,0.0,0,0.0,0
2012-11-07T09:21:15.500,2288.8,13254,2288.8,8,0.0,0,0.0,0,0.0,0,0.0,0,2289,1,0.0,0,0.0,0,0.0,0,0.0,0
2012-11-07T09:21:16.000,2288.8,13255,2288.8,7,0.0,0,0.0,0,0.0,0,0.0,0,2289,3,0.0,0,0.0,0,0.0,0,0.0,0
2012-11-07T09:21:16.500,2289,13259,2289,4,0.0,0,0.0,0,0.0,0,0.0,0,2289.2,47,0.0,0,0.0,0,0.0,0,0.0,0
2012-11-07T09:21:17.000,2289.2,13265,2289,5,0.0,0,0.0,0,0.0,0,0.0,0,2289.2,37,0.0,0,0.0,0,0.0,0,0.0,0
2012-11-07T09:21:17.500,2289,13269,2289,31,0.0,0,0.0,0,0.0,0,0.0,0,2289.2,38,0.0,0,0.0,0,0.0,0,0.0,0
2012-11-07T09:21:18.000,2289,13290,2289,27,0.0,0,0.0,0,0.0,0,0.0,0,2289.2,19,0.0,0,0.0,0,0.0,0,0.0,0
2012-11-07T09:21:18.500,2289.2,13308,2289,28,0.0,0,0.0,0,0.0,0,0.0,0,2289.2,1,0.0,0,0.0,0,0.0,0,0.0,0
2012-11-07T09:21:19.000,2289.2,13321,2289.2,4,0.0,0,0.0,0,0.0,0,0.0,0,2289.4,25,0.0,0,0.0,0,0.0,0,0.0,0
2012-11-07T09:21:19.500,2289.4,13323,2289.2,19,0.0,0,0.0,0,0.0,0,0.0,0,2289.4,24,0.0,0,0.0,0,0.0,0,0.0,0
2012-11-07T09:21:20.000,2289.4,13326,2289.2,22,0.0,0,0.0,0,0.0,0,0.0,0,2289.4,23,0.0,0,0.0,0,0.0,0,0.0,0
2012-11-07T09:21:20.500,2289.4,13335,2289.2,21,0.0,0,0.0,0,0.0,0,0.0,0,2289.4,17,0.0,0,0.0,0,0.0,0,0.0,0
2012-11-07T09:21:21.000,2289.4,13343,2289.2,20,0.0,0,0.0,0,0.0,0,0.0,0,2289.4,12,0.0,0,0.0,0,0.0,0,0.0,0
2012-11-07T09:21:21.500,2289.6,13361,2289.2,31,0.0,0,0.0,0,0.0,0,0.0,0,2289.6,54,0.0,0,0.0,0,0.0,0,0.0,0
2012-11-07T09:21:22.000,2289.2,13363,2289.4,17,0.0,0,0.0,0,0.0,0,0.0,0,2289.6,56,0.0,0,0.0,0,0.0,0,0.0,0
2012-11-07T09:21:22.500,2289.4,13379,2289.4,3,0.0,0,0.0,0,0.0,0,0.0,0,2289.6,55,0.0,0,0.0,0,0.0,0,0.0,0
2012-11-07T09:21:23.000,2289.4,13402,2289.4,3,0.0,0,0.0,0,0.0,0,0.0,0,2289.6,37,0.0,0,0.0,0,0.0,0,0.0,0
2012-11-07T09:21:23.500,2289.6,13407,2289.4,2,0.0,0,0.0,0,0.0,0,0.0,0,2289.6,36,0.0,0,0.0,0,0.0,0,0.0,0
2012-11-07T09:21:24.000,2289.6,13428,2289.2,27,0.0,0,0.0,0,0.0,0,0.0,0,2289.6,20,0.0,0,0.0,0,0.0,0,0.0,0
2012-11-07T09:21:24.500,2289.6,13439,2289.2,22,0.0,0,0.0,0,0.0,0,0.0,0,2289.6,14,0.0,0,0.0,0,0.0,0,0.0,0
2012-11-07T09:21:25.000,2289.6,13444,2289.2,22,0.0,0,0.0,0,0.0,0,0.0,0,2289.6,9,0.0,0,0.0,0,0.0,0,0.0,0
2012-11-07T09:21:25.500,2289.6,13453,2289.6,10,0.0,0,0.0,0,0.0,0,0.0,0,2289.8,31,0.0,0,0.0,0,0.0,0,0.0,0
2012-11-07T09:21:26.000,2289.6,13457,2289.6,7,0.0,0,0.0,0,0.0,0,0.0,0,2289.8,31,0.0,0,0.0,0,0.0,0,0.0,0
2012-11-07T09:21:26.500,2289.8,13470,2289.6,1,0.0,0,0.0,0,0.0,0,0.0,0,2289.8,28,0.0,0,0.0,0,0.0,0,0.0,0
2012-11-07T09:21:27.000,2289.4,13477,2289.4,1,0.0,0,0.0,0,0.0,0,0.0,0,2289.6,2,0.0,0,0.0,0,0.0,0,0.0,0
2012-11-07T09:21:27.500,2289.8,13482,2289.6,1,0.0,0,0.0,0,0.0,0,0.0,0,2289.8,27,0.0,0,0.0,0,0.0,0,0.0,0
2012-11-07T09:21:28.000,2289.8,13487,2289.6,5,0.0,0,0.0,0,0.0,0,0.0,0,2289.8,32,0.0,0,0.0,0,0.0,0,0.0,0
2012-11-07T09:21:28.500,2289.6,13492,2289.6,16,0.0,0,0.0,0,0.0,0,0.0,0,2289.8,74,0.0,0,0.0,0,0.0,0,0.0,0
2012-11-07T09:21:29.000,2289.6,13506,2289.6,8,0.0,0,0.0,0,0.0,0,0.0,0,2289.8,69,0.0,0,0.0,0,0.0,0,0.0,0
2012-11-07T09:21:29.500,2289.8,13515,2289.6,4,0.0,0,0.0,0,0.0,0,0.0,0,2289.8,65,0.0,0,0.0,0,0.0,0,0.0,0
2012-11-07T09:21:30.000,2289.8,13521,2289.4,9,0.0,0,0.0,0,0.0,0,0.0,0,2289.6,8,0.0,0,0.0,0,0.0,0,0.0,0
2012-11-07T09:21:30.500,2289.6,13525,2289.4,9,0.0,0,0.0,0,0.0,0,0.0,0,2289.6,4,0.0,0,0.0,0,0.0,0,0.0,0
2012-11-07T09:21:31.000,2289.8,13538,2289.4,11,0.0,0,0.0,0,0.0,0,0.0,0,2289.6,28,0.0,0,0.0,0,0.0,0,0.0,0
2012-11-07T09:21:31.500,2289.6,13545,2289.4,4,0.0,0,0.0,0,0.0,0,0.0,0,2289.6,26,0.0,0,0.0,0,0.0,0,0.0,0
2012-11-07T09:21:32.000,2289.4,13560,2289.4,1,0.0,0,0.0,0,0.0,0,0.0,0,2289.6,22,0.0,0,0.0,0,0.0,0,0.0,0
2012-11-07T09:21:32.500,2289.6,13565,2289.4,2,0.0,0,0.0,0,0.0,0,0.0,0,2289.6,18,0.0,0,0.0,0,0.0,0,0.0,0
2012-11-07T09:21:33.000,2289.4,13582,2289.4,1,0.0,0,0.0,0,0.0,0,0.0,0,2289.6,5,0.0,0,0.0,0,0.0,0,0.0,0
2012-11-07T09:21:33.500,2289.6,13588,2289.4,7,0.0,0,0.0,0,0.0,0,0.0,0,2289.6,1,0.0,0,0.0,0,0.0,0,0.0,0
2012-11-07T09:21:34.000,2289.4,13599,2289.2,18,0.0,0,0.0,0,0.0,0,0.0,0,2289.4,7,0.0,0,0.0,0,0.0,0,0.0,0
2012-11-07T09:21:34.500,2289.2,13601,2289.2,18,0.0,0,0.0,0,0.0,0,0.0,0,2289.4,6,0.0,0,0.0,0,0.0,0,0.0,0
2012-11-07T09:21:35.000,2289.4,13603,2289.2,22,0.0,0,0.0,0,0.0,0,0.0,0,2289.4,7,0.0,0,0.0,0,0.0,0,0.0,0
2012-11-07T09:21:35.500,2289.4,13611,2289.2,16,0.0,0,0.0,0,0.0,0,0.0,0,2289.4,24,0.0,0,0.0,0,0.0,0,0.0,0
2012-11-07T09:21:36.000,2289.4,13617,2289.2,15,0.0,0,0.0,0,0.0,0,0.0,0,2289.4,19,0.0,0,0.0,0,0.0,0,0.0,0
2012-11-07T09:21:36.500,2289.2,13626,2289.2,5,0.0,0,0.0,0,0.0,0,0.0,0,2289.4,19,0.0,0,0.0,0,0.0,0,0.0,0
2012-11-07T09:21:37.000,2289.4,13633,2289,13,0.0,0,0.0,0,0.0,0,0.0,0,2289.4,21,0.0,0,0.0,0,0.0,0,0.0,0
2012-11-07T09:21:37.500,2289.2,13635,2289,16,0.0,0,0.0,0,0.0,0,0.0,0,2289.2,2,0.0,0,0.0,0,0.0,0,0.0,0
2012-11-07T09:21:38.000,2289,13649,2289,2,0.0,0,0.0,0,0.0,0,0.0,0,2289.2,2,0.0,0,0.0,0,0.0,0,0.0,0
2012-11-07T09:21:38.500,2288.8,13659,2288.8,27,0.0,0,0.0,0,0.0,0,0.0,0,2289,2,0.0,0,0.0,0,0.0,0,0.0,0
2012-11-07T09:21:39.000,2289.2,13670,2289.2,2,0.0,0,0.0,0,0.0,0,0.0,0,2289.4,24,0.0,0,0.0,0,0.0,0,0.0,0
2012-11-07T09:21:39.500,2288.8,13683,2288.8,17,0.0,0,0.0,0,0.0,0,0.0,0,2289,2,0.0,0,0.0,0,0.0,0,0.0,0
2012-11-07T09:21:40.000,2289,13692,2288.8,18,0.0,0,0.0,0,0.0,0,0.0,0,2289.2,11,0.0,0,0.0,0,0.0,0,0.0,0
2012-11-07T09:21:40.500,2289,13696,2288.8,18,0.0,0,0.0,0,0.0,0,0.0,0,2289.2,10,0.0,0,0.0,0,0.0,0,0.0,0
2012-11-07T09:21:41.000,2288.8,13697,2288.8,19,0.0,0,0.0,0,0.0,0,0.0,0,2289.2,11,0.0,0,0.0,0,0.0,0,0.0,0
2012-11-07T09:21:41.500,2289.2,13704,2288.8,14,0.0,0,0.0,0,0.0,0,0.0,0,2289.2,10,0.0,0,0.0,0,0.0,0,0.0,0
2012-11-07T09:21:42.000,2288.8,13715,2288.8,3,0.0,0,0.0,0,0.0,0,0.0,0,2289,2,0.0,0,0.0,0,0.0,0,0.0,0
2012-11-07T09:21:42.500,2288.8,13718,2288.8,3,0.0,0,0.0,0,0.0,0,0.0,0,2289,10,0.0,0,0.0,0,0.0,0,0.0,0
2012-11-07T09:21:43.000,2288.6,13724,2288.6,41,0.0,0,0.0,0,0.0,0,0.0,0,2288.8,1,0.0,0,0.0,0,0.0,0,0.0,0
2012-11-07T09:21:43.500,2288.8,13738,2288.6,37,0.0,0,0.0,0,0.0,0,0.0,0,2289,11,0.0,0,0.0,0,0.0,0,0.0,0
2012-11-07T09:21:44.000,2289,13742,2288.6,36,0.0,0,0.0,0,0.0,0,0.0,0,2289,58,0.0,0,0.0,0,0.0,0,0.0,0
2012-11-07T09:21:44.500,2288.6,13764,2288.6,16,0.0,0,0.0,0,0.0,0,0.0,0,2288.8,15,0.0,0,0.0,0,0.0,0,0.0,0
2012-11-07T09:21:45.000,2288.6,13791,2288.4,29,0.0,0,0.0,0,0.0,0,0.0,0,2288.6,6,0.0,0,0.0,0,0.0,0,0.0,0
2012-11-07T09:21:45.500,2288.6,13811,2288.4,13,0.0,0,0.0,0,0.0,0,0.0,0,2288.6,6,0.0,0,0.0,0,0.0,0,0.0,0
2012-11-07T09:21:46.000,2288.6,13823,2288.4,2,0.0,0,0.0,0,0.0,0,0.0,0,2288.6,16,0.0,0,0.0,0,0.0,0,0.0,0
2012-11-07T09:21:46.500,2288.2,13836,2288.2,90,0.0,0,0.0,0,0.0,0,0.0,0,2288.4,10,0.0,0,0.0,0,0.0,0,0.0,0
2012-11-07T09:21:47.000,2288.2,13846,2288.2,90,0.0,0,0.0,0,0.0,0,0.0,0,2288.4,4,0.0,0,0.0,0,0.0,0,0.0,0
2012-11-07T09:21:47.500,2288.2,13879,2288.2,70,0.0,0,0.0,0,0.0,0,0.0,0,2288.6,10,0.0,0,0.0,0,0.0,0,0.0,0
2012-11-07T09:21:48.000,2288.4,13895,2288.4,1,0.0,0,0.0,0,0.0,0,0.0,0,2288.6,10,0.0,0,0.0,0,0.0,0,0.0,0
2012-11-07T09:21:48.500,2288.2,13927,2288.2,30,0.0,0,0.0,0,0.0,0,0.0,0,2288.4,38,0.0,0,0.0,0,0.0,0,0.0,0
2012-11-07T09:21:49.000,2288.2,13950,2288.2,27,0.0,0,0.0,0,0.0,0,0.0,0,2288.4,23,0.0,0,0.0,0,0.0,0,0.0,0
2012-11-07T09:21:49.500,2288.2,13964,2288.2,13,0.0,0,0.0,0,0.0,0,0.0,0,2288.4,23,0.0,0,0.0,0,0.0,0,0.0,0
2012-11-07T09:21:50.000,2288.2,14013,2288,77,0.0,0,0.0,0,0.0,0,0.0,0,2288.2,49,0.0,0,0.0,0,0.0,0,0.0,0
2012-11-07T09:21:50.500,2288,14054,2288,66,0.0,0,0.0,0,0.0,0,0.0,0,2288.2,23,0.0,0,0.0,0,0.0,0,0.0,0
2012-11-07T09:21:51.000,2288,14103,2288,32,0.0,0,0.0,0,0.0,0,0.0,0,2288.2,14,0.0,0,0.0,0,0.0,0,0.0,0
2012-11-07T09:21:51.500,2288.2,14124,2288,18,0.0,0,0.0,0,0.0,0,0.0,0,2288.2,11,0.0,0,0.0,0,0.0,0,0.0,0
2012-11-07T09:21:52.000,2288,14144,2287.8,6,0.0,0,0.0,0,0.0,0,0.0,0,2288,9,0.0,0,0.0,0,0.0,0,0.0,0
2012-11-07T09:21:52.500,2287.4,14168,2287.4,11,0.0,0,0.0,0,0.0,0,0.0,0,2287.6,2,0.0,0,0.0,0,0.0,0,0.0,0
2012-11-07T09:21:53.000,2288,14299,2287.6,3,0.0,0,0.0,0,0.0,0,0.0,0,2288,18,0.0,0,0.0,0,0.0,0,0.0,0
2012-11-07T09:21:53.500,2287.6,14329,2287,41,0.0,0,0.0,0,0.0,0,0.0,0,2287.6,4,0.0,0,0.0,0,0.0,0,0.0,0
2012-11-07T09:21:54.000,2287.6,14355,2287.2,14,0.0,0,0.0,0,0.0,0,0.0,0,2287.6,12,0.0,0,0.0,0,0.0,0,0.0,0
2012-11-07T09:21:54.500,2287.2,14376,2287.2,10,0.0,0,0.0,0,0.0,0,0.0,0,2287.6,11,0.0,0,0.0,0,0.0,0,0.0,0
2012-11-07T09:21:55.000,2287.6,14409,2287.6,30,0.0,0,0.0,0,0.0,0,0.0,0,2287.8,2,0.0,0,0.0,0,0.0,0,0.0,0
2012-11-07T09:21:55.500,2288,14427,2287.6,36,0.0,0,0.0,0,0.0,0,0.0,0,2288,16,0.0,0,0.0,0,0.0,0,0.0,0
2012-11-07T09:21:56.000,2287.6,14429,2287.6,35,0.0,0,0.0,0,0.0,0,0.0,0,2288,16,0.0,0,0.0,0,0.0,0,0.0,0
2012-11-07T09:21:56.500,2287.8,14452,2287.6,19,0.0,0,0.0,0,0.0,0,0.0,0,2287.8,1,0.0,0,0.0,0,0.0,0,0.0,0
2012-11-07T09:21:57.000,2287.6,14464,2287.6,12,0.0,0,0.0,0,0.0,0,0.0,0,2288,10,0.0,0,0.0,0,0.0,0,0.0,0
2012-11-07T09:21:57.500,2287.6,14475,2287.6,7,0.0,0,0.0,0,0.0,0,0.0,0,2288,8,0.0,0,0.0,0,0.0,0,0.0,0
2012-11-07T09:21:58.000,2288,14485,2287.6,6,0.0,0,0.0,0,0.0,0,0.0,0,2288,2,0.0,0,0.0,0,0.0,0,0.0,0
2012-11-07T09:21:58.500,2287.6,14494,2287.4,6,0.0,0,0.0,0,0.0,0,0.0,0,2287.6,1,0.0,0,0.0,0,0.0,0,0.0,0
2012-11-07T09:21:59.000,2287.6,14507,2287.8,1,0.0,0,0.0,0,0.0,0,0.0,0,2288.2,22,0.0,0,0.0,0,0.0,0,0.0,0
2012-11-07T09:21:59.500,2288,14518,2287.6,15,0.0,0,0.0,0,0.0,0,0.0,0,2288,32,0.0,0,0.0,0,0.0,0,0.0,0
2012-11-07T09:22:00.000,2287.8,14543,2287.8,12,0.0,0,0.0,0,0.0,0,0.0,0,2288,20,0.0,0,0.0,0,0.0,0,0.0,0
2012-11-07T09:22:00.500,2287.8,14563,2287.6,13,0.0,0,0.0,0,0.0,0,0.0,0,2287.8,3,0.0,0,0.0,0,0.0,0,0.0,0
2012-11-07T09:22:01.000,2287.6,14574,2287.6,21,0.0,0,0.0,0,0.0,0,0.0,0,2288,25,0.0,0,0.0,0,0.0,0,0.0,0
2012-11-07T09:22:01.500,2287.6,14585,2287.8,2,0.0,0,0.0,0,0.0,0,0.0,0,2288,26,0.0,0,0.0,0,0.0,0,0.0,0
2012-11-07T09:22:02.000,2288,14617,2287.6,14,0.0,0,0.0,0,0.0,0,0.0,0,2288,2,0.0,0,0.0,0,0.0,0,0.0,0
2012-11-07T09:22:02.500,2288,14630,2287.8,18,0.0,0,0.0,0,0.0,0,0.0,0,2288,2,0.0,0,0.0,0,0.0,0,0.0,0
2012-11-07T09:22:03.000,2288.4,14662,2288.2,3,0.0,0,0.0,0,0.0,0,0.0,0,2288.4,14,0.0,0,0.0,0,0.0,0,0.0,0
2012-11-07T09:22:03.500,2288.4,14680,2288,12,0.0,0,0.0,0,0.0,0,0.0,0,2288.4,4,0.0,0,0.0,0,0.0,0,0.0,0
2012-11-07T09:22:04.000,2288.2,14692,2288,21,0.0,0,0.0,0,0.0,0,0.0,0,2288.2,3,0.0,0,0.0,0,0.0,0,0.0,0
2012-11-07T09:22:04.500,2288.4,14709,2288.2,10,0.0,0,0.0,0,0.0,0,0.0,0,2288.4,5,0.0,0,0.0,0,0.0,0,0.0,0
2012-11-07T09:22:05.000,2288.2,14719,2288.2,9,0.0,0,0.0,0,0.0,0,0.0,0,2288.6,7,0.0,0,0.0,0,0.0,0,0.0,0
2012-11-07T09:22:05.500,2288.6,14725,2288.2,18,0.0,0,0.0,0,0.0,0,0.0,0,2288.6,1,0.0,0,0.0,0,0.0,0,0.0,0
2012-11-07T09:22:06.000,2288.4,14730,2288.4,1,0.0,0,0.0,0,0.0,0,0.0,0,2288.8,15,0.0,0,0.0,0,0.0,0,0.0,0
2012-11-07T09:22:06.500,2288.6,14738,2288.4,1,0.0,0,0.0,0,0.0,0,0.0,0,2288.6,8,0.0,0,0.0,0,0.0,0,0.0,0
2012-11-07T09:22:07.000,2288.4,14742,2288.4,2,0.0,0,0.0,0,0.0,0,0.0,0,2288.6,5,0.0,0,0.0,0,0.0,0,0.0,0
2012-11-07T09:22:07.500,2288.6,14748,2288.6,1,0.0,0,0.0,0,0.0,0,0.0,0,2288.8,12,0.0,0,0.0,0,0.0,0,0.0,0
2012-11-07T09:22:08.000,2288.2,14755,2288.2,16,0.0,0,0.0,0,0.0,0,0.0,0,2288.6,2,0.0,0,0.0,0,0.0,0,0.0,0
2012-11-07T09:22:08.500,2288.8,14760,2288.2,14,0.0,0,0.0,0,0.0,0,0.0,0,2288.8,18,0.0,0,0.0,0,0.0,0,0.0,0
2012-11-07T09:22:09.000,2288.6,14769,2288.2,9,0.0,0,0.0,0,0.0,0,0.0,0,2288.8,15,0.0,0,0.0,0,0.0,0,0.0,0
2012-11-07T09:22:09.500,2288.2,14778,2288.2,8,0.0,0,0.0,0,0.0,0,0.0,0,2288.6,4,0.0,0,0.0,0,0.0,0,0.0,0
2012-11-07T09:22:10.000,2288.2,14792,2288,40,0.0,0,0.0,0,0.0,0,0.0,0,2288.2,23,0.0,0,0.0,0,0.0,0,0.0,0
2012-11-07T09:22:10.500,2288.2,14806,2288,35,0.0,0,0.0,0,0.0,0,0.0,0,2288.2,16,0.0,0,0.0,0,0.0,0,0.0,0
2012-11-07T09:22:11.000,2288.2,14808,2288,35,0.0,0,0.0,0,0.0,0,0.0,0,2288.2,14,0.0,0,0.0,0,0.0,0,0.0,0
2012-11-07T09:22:11.500,2288,14816,2288,33,0.0,0,0.0,0,0.0,0,0.0,0,2288.2,10,0.0,0,0.0,0,0.0,0,0.0,0
2012-11-07T09:22:12.000,2288,14852,2287.8,10,0.0,0,0.0,0,0.0,0,0.0,0,2288,13,0.0,0,0.0,0,0.0,0,0.0,0
2012-11-07T09:22:12.500,2288,14861,2287.8,10,0.0,0,0.0,0,0.0,0,0.0,0,2288,4,0.0,0,0.0,0,0.0,0,0.0,0
2012-11-07T09:22:13.000,2288,14872,2287.8,8,0.0,0,0.0,0,0.0,0,0.0,0,2288,3,0.0,0,0.0,0,0.0,0,0.0,0
2012-11-07T09:22:13.500,2287.8,14910,2287.6,15,0.0,0,0.0,0,0.0,0,0.0,0,2287.8,4,0.0,0,0.0,0,0.0,0,0.0,0
2012-11-07T09:22:14.000,2287.8,14914,2287.8,2,0.0,0,0.0,0,0.0,0,0.0,0,2288,4,0.0,0,0.0,0,0.0,0,0.0,0
2012-11-07T09:22:14.500,2287.8,14918,2287.6,27,0.0,0,0.0,0,0.0,0,0.0,0,2288,11,0.0,0,0.0,0,0.0,0,0.0,0
2012-11-07T09:22:15.000,2288,14922,2287.6,29,0.0,0,0.0,0,0.0,0,0.0,0,2288,8,0.0,0,0.0,0,0.0,0,0.0,0
2012-11-07T09:22:15.500,2287.6,14923,2287.8,1,0.0,0,0.0,0,0.0,0,0.0,0,2288,13,0.0,0,0.0,0,0.0,0,0.0,0
2012-11-07T09:22:16.000,2287.8,14926,2287.6,32,0.0,0,0.0,0,0.0,0,0.0,0,2288,14,0.0,0,0.0,0,0.0,0,0.0,0
2012-11-07T09:22:16.500,2288,14933,2287.6,32,0.0,0,0.0,0,0.0,0,0.0,0,2288,7,0.0,0,0.0,0,0.0,0,0.0,0
2012-11-07T09:22:17.000,2287.6,14943,2287.6,26,0.0,0,0.0,0,0.0,0,0.0,0,2287.8,5,0.0,0,0.0,0,0.0,0,0.0,0
2012-11-07T09:22:17.500,2287.8,14947,2287.6,29,0.0,0,0.0,0,0.0,0,0.0,0,2287.8,1,0.0,0,0.0,0,0.0,0,0.0,0
2012-11-07T09:22:18.000,2287.6,14954,2287.6,23,0.0,0,0.0,0,0.0,0,0.0,0,2287.8,8,0.0,0,0.0,0,0.0,0,0.0,0
2012-11-07T09:22:18.500,2287.8,14967,2287.6,13,0.0,0,0.0,0,0.0,0,0.0,0,2287.8,11,0.0,0,0.0,0,0.0,0,0.0,0
2012-11-07T09:22:19.000,2287.8,14984,2287.4,18,0.0,0,0.0,0,0.0,0,0.0,0,2287.6,26,0.0,0,0.0,0,0.0,0,0.0,0
2012-11-07T09:22:19.500,2287.6,14999,2287.4,13,0.0,0,0.0,0,0.0,0,0.0,0,2287.6,16,0.0,0,0.0,0,0.0,0,0.0,0
2012-11-07T09:22:20.000,2287.4,15015,2287.2,16,0.0,0,0.0,0,0.0,0,0.0,0,2287.4,25,0.0,0,0.0,0,0.0,0,0.0,0
2012-11-07T09:22:20.500,2287.2,15020,2287.2,14,0.0,0,0.0,0,0.0,0,0.0,0,2287.4,10,0.0,0,0.0,0,0.0,0,0.0,0
2012-11-07T09:22:21.000,2287.2,15032,2287.2,18,0.0,0,0.0,0,0.0,0,0.0,0,2287.4,4,0.0,0,0.0,0,0.0,0,0.0,0
2012-11-07T09:22:21.500,2287.2,15098,2287,92,0.0,0,0.0,0,0.0,0,0.0,0,2287.2,1,0.0,0,0.0,0,0.0,0,0.0,0
2012-11-07T09:22:22.000,2287,15127,2287,72,0.0,0,0.0,0,0.0,0,0.0,0,2287.2,2,0.0,0,0.0,0,0.0,0,0.0,0
2012-11-07T09:22:22.500,2287.2,15144,2287.2,1,0.0,0,0.0,0,0.0,0,0.0,0,2287.4,2,0.0,0,0.0,0,0.0,0,0.0,0
2012-11-07T09:22:23.000,2287.2,15158,2287.2,12,0.0,0,0.0,0,0.0,0,0.0,0,2287.6,17,0.0,0,0.0,0,0.0,0,0.0,0
2012-11-07T09:22:23.500,2287.2,15168,2287.2,8,0.0,0,0.0,0,0.0,0,0.0,0,2287.4,1,0.0,0,0.0,0,0.0,0,0.0,0
2012-11-07T09:22:24.000,2287.2,15177,2287.2,26,0.0,0,0.0,0,0.0,0,0.0,0,2287.6,17,0.0,0,0.0,0,0.0,0,0.0,0
2012-11-07T09:22:24.500,2287.4,15188,2287.4,6,0.0,0,0.0,0,0.0,0,0.0,0,2287.6,16,0.0,0,0.0,0,0.0,0,0.0,0
2012-11-07T09:22:25.000,2287,15261,2287,63,0.0,0,0.0,0,0.0,0,0.0,0,2287.2,2,0.0,0,0.0,0,0.0,0,0.0,0
2012-11-07T09:22:25.500,2287.4,15270,2287,64,0.0,0,0.0,0,0.0,0,0.0,0,2287.4,3,0.0,0,0.0,0,0.0,0,0.0,0
2012-11-07T09:22:26.000,2287.2,15284,2287,58,0.0,0,0.0,0,0.0,0,0.0,0,2287.2,2,0.0,0,0.0,0,0.0,0,0.0,0
2012-11-07T09:22:26.500,2287.4,15344,2287.4,46,0.0,0,0.0,0,0.0,0,0.0,0,2287.8,4,0.0,0,0.0,0,0.0,0,0.0,0
2012-11-07T09:22:27.000,2287.8,15351,2287.6,6,0.0,0,0.0,0,0.0,0,0.0,0,2287.8,3,0.0,0,0.0,0,0.0,0,0.0,0
2012-11-07T09:22:27.500,2287.4,15409,2287.6,4,0.0,0,0.0,0,0.0,0,0.0,0,2287.8,11,0.0,0,0.0,0,0.0,0,0.0,0
2012-11-07T09:22:28.000,2287.6,15418,2287.4,8,0.0,0,0.0,0,0.0,0,0.0,0,2287.8,10,0.0,0,0.0,0,0.0,0,0.0,0
2012-11-07T09:22:28.500,2287.4,15419,2287.4,9,0.0,0,0.0,0,0.0,0,0.0,0,2287.6,1,0.0,0,0.0,0,0.0,0,0.0,0
2012-11-07T09:22:29.250,2287.8,15422,2287.6,2,0.0,0,0.0,0,0.0,0,0.0,0,2287.8,17,0.0,0,0.0,0,0.0,0,0.0,0
2012-11-07T09:22:30.000,2287.6,15428,2287.4,13,0.0,0,0.0,0,0.0,0,0.0,0,2287.8,24,0.0,0,0.0,0,0.0,0,0.0,0
2012-11-07T09:22:30.500,2287.6,15435,2287.4,13,0.0,0,0.0,0,0.0,0,0.0,0,2287.6,46,0.0,0,0.0,0,0.0,0,0.0,0
2012-11-07T09:22:31.000,2287.6,15443,2287.4,10,0.0,0,0.0,0,0.0,0,0.0,0,2287.6,41,0.0,0,0.0,0,0.0,0,0.0,0
2012-11-07T09:22:31.500,2287.4,15450,2287.2,40,0.0,0,0.0,0,0.0,0,0.0,0,2287.4,4,0.0,0,0.0,0,0.0,0,0.0,0
2012-11-07T09:22:32.000,2287.4,15458,2287.4,42,0.0,0,0.0,0,0.0,0,0.0,0,2287.6,40,0.0,0,0.0,0,0.0,0,0.0,0
2012-11-07T09:22:32.500,2287.4,15467,2287.4,40,0.0,0,0.0,0,0.0,0,0.0,0,2287.6,41,0.0,0,0.0,0,0.0,0,0.0,0
2012-11-07T09:22:33.000,2287.4,15499,2287.4,38,0.0,0,0.0,0,0.0,0,0.0,0,2287.6,12,0.0,0,0.0,0,0.0,0,0.0,0
2012-11-07T09:22:33.500,2287.6,15501,2287.4,37,0.0,0,0.0,0,0.0,0,0.0,0,2287.6,11,0.0,0,0.0,0,0.0,0,0.0,0
2012-11-07T09:22:34.000,2287.6,15504,2287.4,39,0.0,0,0.0,0,0.0,0,0.0,0,2287.6,8,0.0,0,0.0,0,0.0,0,0.0,0
2012-11-07T09:22:34.500,2287.6,15510,2287.4,38,0.0,0,0.0,0,0.0,0,0.0,0,2287.6,4,0.0,0,0.0,0,0.0,0,0.0,0
2012-11-07T09:22:35.000,2287.6,15520,2287.6,5,0.0,0,0.0,0,0.0,0,0.0,0,2287.8,12,0.0,0,0.0,0,0.0,0,0.0,0
2012-11-07T09:22:35.500,2287.8,15523,2287.6,5,0.0,0,0.0,0,0.0,0,0.0,0,2287.8,11,0.0,0,0.0,0,0.0,0,0.0,0
2012-11-07T09:22:36.250,2287.8,15534,2287.8,2,0.0,0,0.0,0,0.0,0,0.0,0,2288,34,0.0,0,0.0,0,0.0,0,0.0,0
2012-11-07T09:22:37.000,2287.8,15536,2287.6,28,0.0,0,0.0,0,0.0,0,0.0,0,2288,34,0.0,0,0.0,0,0.0,0,0.0,0
2012-11-07T09:22:37.500,2288,15539,2287.8,2,0.0,0,0.0,0,0.0,0,0.0,0,2288,30,0.0,0,0.0,0,0.0,0,0.0,0
2012-11-07T09:22:38.000,2288,15568,2287.8,1,0.0,0,0.0,0,0.0,0,0.0,0,2288,2,0.0,0,0.0,0,0.0,0,0.0,0
2012-11-07T09:22:38.500,2288,15579,2287.8,19,0.0,0,0.0,0,0.0,0,0.0,0,2288,30,0.0,0,0.0,0,0.0,0,0.0,0
2012-11-07T09:22:39.000,2288,15584,2287.8,20,0.0,0,0.0,0,0.0,0,0.0,0,2288,25,0.0,0,0.0,0,0.0,0,0.0,0
2012-11-07T09:22:39.500,2288,15588,2287.8,5,0.0,0,0.0,0,0.0,0,0.0,0,2288,29,0.0,0,0.0,0,0.0,0,0.0,0
2012-11-07T09:22:40.000,2288,15590,2287.8,5,0.0,0,0.0,0,0.0,0,0.0,0,2288,28,0.0,0,0.0,0,0.0,0,0.0,0
2012-11-07T09:22:40.500,2287.8,15619,2287.6,32,0.0,0,0.0,0,0.0,0,0.0,0,2287.8,26,0.0,0,0.0,0,0.0,0,0.0,0
2012-11-07T09:22:41.250,2287.8,15621,2287.6,27,0.0,0,0.0,0,0.0,0,0.0,0,2287.8,27,0.0,0,0.0,0,0.0,0,0.0,0
2012-11-07T09:22:42.000,2287.8,15624,2287.6,28,0.0,0,0.0,0,0.0,0,0.0,0,2287.8,26,0.0,0,0.0,0,0.0,0,0.0,0
2012-11-07T09:22:42.500,2287.8,15627,2287.6,27,0.0,0,0.0,0,0.0,0,0.0,0,2287.8,24,0.0,0,0.0,0,0.0,0,0.0,0
2012-11-07T09:22:43.250,2287.8,15636,2287.6,30,0.0,0,0.0,0,0.0,0,0.0,0,2287.8,16,0.0,0,0.0,0,0.0,0,0.0,0
2012-11-07T09:22:44.000,2287.8,15637,2287.6,27,0.0,0,0.0,0,0.0,0,0.0,0,2287.8,15,0.0,0,0.0,0,0.0,0,0.0,0
2012-11-07T09:22:44.500,2287.8,15642,2287.6,27,0.0,0,0.0,0,0.0,0,0.0,0,2287.8,11,0.0,0,0.0,0,0.0,0,0.0,0
2012-11-07T09:22:45.000,2287.8,15647,2287.6,27,0.0,0,0.0,0,0.0,0,0.0,0,2287.8,6,0.0,0,0.0,0,0.0,0,0.0,0
2012-11-07T09:22:45.500,2287.8,15655,2287.6,25,0.0,0,0.0,0,0.0,0,0.0,0,2288,33,0.0,0,0.0,0,0.0,0,0.0,0
2012-11-07T09:22:46.250,2287.8,15677,2287.8,11,0.0,0,0.0,0,0.0,0,0.0,0,2288,12,0.0,0,0.0,0,0.0,0,0.0,0
2012-11-07T09:22:47.250,2288,15681,2287.8,10,0.0,0,0.0,0,0.0,0,0.0,0,2288,9,0.0,0,0.0,0,0.0,0,0.0,0
2012-11-07T09:22:48.000,2288,15683,2287.8,13,0.0,0,0.0,0,0.0,0,0.0,0,2288,8,0.0,0,0.0,0,0.0,0,0.0,0
2012-11-07T09:22:48.500,2288,15686,2287.8,18,0.0,0,0.0,0,0.0,0,0.0,0,2288,5,0.0,0,0.0,0,0.0,0,0.0,0
2012-11-07T09:22:49.000,2288,15687,2287.8,19,0.0,0,0.0,0,0.0,0,0.0,0,2288,4,0.0,0,0.0,0,0.0,0,0.0,0
2012-11-07T09:22:49.500,2287.8,15700,2288,2,0.0,0,0.0,0,0.0,0,0.0,0,2288.2,12,0.0,0,0.0,0,0.0,0,0.0,0
2012-11-07T09:22:50.000,2288.2,15701,2288,2,0.0,0,0.0,0,0.0,0,0.0,0,2288.2,11,0.0,0,0.0,0,0.0,0,0.0,0
2012-11-07T09:22:50.500,2288.2,15704,2288,1,0.0,0,0.0,0,0.0,0,0.0,0,2288.2,10,0.0,0,0.0,0,0.0,0,0.0,0
2012-11-07T09:22:51.000,2288.2,15705,2288,2,0.0,0,0.0,0,0.0,0,0.0,0,2288.2,10,0.0,0,0.0,0,0.0,0,0.0,0
2012-11-07T09:22:51.500,2288,15710,2287.8,17,0.0,0,0.0,0,0.0,0,0.0,0,2288,2,0.0,0,0.0,0,0.0,0,0.0,0
2012-11-07T09:22:52.000,2288.2,15714,2287.8,18,0.0,0,0.0,0,0.0,0,0.0,0,2288.2,8,0.0,0,0.0,0,0.0,0,0.0,0
2012-11-07T09:22:52.500,2288.2,15715,2288,1,0.0,0,0.0,0,0.0,0,0.0,0,2288.2,12,0.0,0,0.0,0,0.0,0,0.0,0
2012-11-07T09:22:53.000,2288.2,15717,2288,2,0.0,0,0.0,0,0.0,0,0.0,0,2288.2,14,0.0,0,0.0,0,0.0,0,0.0,0
2012-11-07T09:22:53.500,2287.8,15721,2287.8,20,0.0,0,0.0,0,0.0,0,0.0,0,2288.2,12,0.0,0,0.0,0,0.0,0,0.0,0
2012-11-07T09:22:54.000,2288,15724,2288,1,0.0,0,0.0,0,0.0,0,0.0,0,2288.2,11,0.0,0,0.0,0,0.0,0,0.0,0
2012-11-07T09:22:54.500,2288.2,15727,2288,3,0.0,0,0.0,0,0.0,0,0.0,0,2288.2,8,0.0,0,0.0,0,0.0,0,0.0,0
2012-11-07T09:22:55.000,2288.2,15733,2288,3,0.0,0,0.0,0,0.0,0,0.0,0,2288.2,2,0.0,0,0.0,0,0.0,0,0.0,0
2012-11-07T09:22:55.500,2288.2,15735,2288.2,1,0.0,0,0.0,0,0.0,0,0.0,0,2288.4,10,0.0,0,0.0,0,0.0,0,0.0,0
2012-11-07T09:22:56.250,2288.2,15739,2288,7,0.0,0,0.0,0,0.0,0,0.0,0,2288.2,9,0.0,0,0.0,0,0.0,0,0.0,0
2012-11-07T09:22:57.000,2288.2,15751,2288.2,40,0.0,0,0.0,0,0.0,0,0.0,0,2288.4,8,0.0,0,0.0,0,0.0,0,0.0,0
2012-11-07T09:22:57.500,2288.4,15755,2288.2,40,0.0,0,0.0,0,0.0,0,0.0,0,2288.4,5,0.0,0,0.0,0,0.0,0,0.0,0
2012-11-07T09:22:58.000,2288.4,15757,2288.2,39,0.0,0,0.0,0,0.0,0,0.0,0,2288.4,4,0.0,0,0.0,0,0.0,0,0.0,0
2012-11-07T09:22:58.500,2288.4,15762,2288.4,2,0.0,0,0.0,0,0.0,0,0.0,0,2288.6,18,0.0,0,0.0,0,0.0,0,0.0,0
2012-11-07T09:22:59.000,2288.6,15766,2288.4,3,0.0,0,0.0,0,0.0,0,0.0,0,2288.6,16,0.0,0,0.0,0,0.0,0,0.0,0
2012-11-07T09:22:59.500,2288.6,15768,2288.4,3,0.0,0,0.0,0,0.0,0,0.0,0,2288.6,14,0.0,0,0.0,0,0.0,0,0.0,0
2012-11-07T09:23:00.000,2288.6,15794,2288.6,9,0.0,0,0.0,0,0.0,0,0.0,0,2288.8,52,0.0,0,0.0,0,0.0,0,0.0,0
2012-11-07T09:23:00.500,2288.4,15818,2288.4,2,0.0,0,0.0,0,0.0,0,0.0,0,2288.6,16,0.0,0,0.0,0,0.0,0,0.0,0
2012-11-07T09:23:01.000,2288.6,15821,2288.4,2,0.0,0,0.0,0,0.0,0,0.0,0,2288.6,14,0.0,0,0.0,0,0.0,0,0.0,0
2012-11-07T09:23:01.500,2288.6,15831,2288.4,1,0.0,0,0.0,0,0.0,0,0.0,0,2288.6,5,0.0,0,0.0,0,0.0,0,0.0,0
2012-11-07T09:23:02.000,2288.8,15861,2288.2,30,0.0,0,0.0,0,0.0,0,0.0,0,2288.8,50,0.0,0,0.0,0,0.0,0,0.0,0
2012-11-07T09:23:02.500,2288.8,15862,2288.4,4,0.0,0,0.0,0,0.0,0,0.0,0,2288.6,28,0.0,0,0.0,0,0.0,0,0.0,0
2012-11-07T09:23:03.000,2288.6,15865,2288.4,14,0.0,0,0.0,0,0.0,0,0.0,0,2288.6,27,0.0,0,0.0,0,0.0,0,0.0,0
2012-11-07T09:23:03.500,2288.6,15874,2288.4,13,0.0,0,0.0,0,0.0,0,0.0,0,2288.6,22,0.0,0,0.0,0,0.0,0,0.0,0
2012-11-07T09:23:04.000,2288.6,15877,2288.4,4,0.0,0,0.0,0,0.0,0,0.0,0,2288.6,19,0.0,0,0.0,0,0.0,0,0.0,0
2012-11-07T09:23:04.500,2288.6,15881,2288.4,4,0.0,0,0.0,0,0.0,0,0.0,0,2288.6,16,0.0,0,0.0,0,0.0,0,0.0,0
2012-11-07T09:23:05.000,2288.6,15885,2288.4,5,0.0,0,0.0,0,0.0,0,0.0,0,2288.6,11,0.0,0,0.0,0,0.0,0,0.0,0
2012-11-07T09:23:05.500,2288.4,15889,2288.4,2,0.0,0,0.0,0,0.0,0,0.0,0,2288.6,14,0.0,0,0.0,0,0.0,0,0.0,0
2012-11-07T09:23:06.000,2288.4,15893,2288.2,34,0.0,0,0.0,0,0.0,0,0.0,0,2288.6,15,0.0,0,0.0,0,0.0,0,0.0,0
2012-11-07T09:23:06.500,2288.6,15897,2288.2,35,0.0,0,0.0,0,0.0,0,0.0,0,2288.6,13,0.0,0,0.0,0,0.0,0,0.0,0
2012-11-07T09:23:07.000,2288.6,15899,2288.2,36,0.0,0,0.0,0,0.0,0,0.0,0,2288.6,14,0.0,0,0.0,0,0.0,0,0.0,0
2012-11-07T09:23:07.500,2288.4,15903,2288.4,1,0.0,0,0.0,0,0.0,0,0.0,0,2288.6,28,0.0,0,0.0,0,0.0,0,0.0,0
2012-11-07T09:23:08.000,2288.2,15932,2288.2,15,0.0,0,0.0,0,0.0,0,0.0,0,2288.4,4,0.0,0,0.0,0,0.0,0,0.0,0
2012-11-07T09:23:08.500,2288.4,15934,2288.2,15,0.0,0,0.0,0,0.0,0,0.0,0,2288.4,2,0.0,0,0.0,0,0.0,0,0.0,0
2012-11-07T09:23:09.000,2288.4,15936,2288.2,13,0.0,0,0.0,0,0.0,0,0.0,0,2288.4,3,0.0,0,0.0,0,0.0,0,0.0,0
2012-11-07T09:23:09.500,2288.4,15939,2288.2,14,0.0,0,0.0,0,0.0,0,0.0,0,2288.6,35,0.0,0,0.0,0,0.0,0,0.0,0
2012-11-07T09:23:10.000,2288.2,15968,2288,16,0.0,0,0.0,0,0.0,0,0.0,0,2288.2,6,0.0,0,0.0,0,0.0,0,0.0,0
2012-11-07T09:23:10.500,2288.2,15972,2288,15,0.0,0,0.0,0,0.0,0,0.0,0,2288.2,4,0.0,0,0.0,0,0.0,0,0.0,0
2012-11-07T09:23:11.000,2288.2,15977,2288,14,0.0,0,0.0,0,0.0,0,0.0,0,2288.2,2,0.0,0,0.0,0,0.0,0,0.0,0
2012-11-07T09:23:11.500,2288.2,15986,2288.2,22,0.0,0,0.0,0,0.0,0,0.0,0,2288.6,35,0.0,0,0.0,0,0.0,0,0.0,0
2012-11-07T09:23:12.000,2288.2,15997,2288.2,13,0.0,0,0.0,0,0.0,0,0.0,0,2288.4,2,0.0,0,0.0,0,0.0,0,0.0,0
2012-11-07T09:23:12.500,2288.2,15998,2288.2,12,0.0,0,0.0,0,0.0,0,0.0,0,2288.4,4,0.0,0,0.0,0,0.0,0,0.0,0
2012-11-07T09:23:13.000,2288.2,16008,2288.2,4,0.0,0,0.0,0,0.0,0,0.0,0,2288.4,4,0.0,0,0.0,0,0.0,0,0.0,0
2012-11-07T09:23:13.500,2288.2,16012,2288,14,0.0,0,0.0,0,0.0,0,0.0,0,2288.4,4,0.0,0,0.0,0,0.0,0,0.0,0
2012-11-07T09:23:14.250,2288,16013,2288,32,0.0,0,0.0,0,0.0,0,0.0,0,2288.2,6,0.0,0,0.0,0,0.0,0,0.0,0
2012-11-07T09:23:15.000,2288,16019,2288,27,0.0,0,0.0,0,0.0,0,0.0,0,2288.2,6,0.0,0,0.0,0,0.0,0,0.0,0
2012-11-07T09:23:15.500,2288,16025,2288,25,0.0,0,0.0,0,0.0,0,0.0,0,2288.2,3,0.0,0,0.0,0,0.0,0,0.0,0
2012-11-07T09:23:16.000,2288,16027,2288,24,0.0,0,0.0,0,0.0,0,0.0,0,2288.2,22,0.0,0,0.0,0,0.0,0,0.0,0
2012-11-07T09:23:16.500,2288,16032,2288,22,0.0,0,0.0,0,0.0,0,0.0,0,2288.2,19,0.0,0,0.0,0,0.0,0,0.0,0
2012-11-07T09:23:17.000,2288.2,16036,2288,20,0.0,0,0.0,0,0.0,0,0.0,0,2288.2,18,0.0,0,0.0,0,0.0,0,0.0,0
2012-11-07T09:23:17.500,2288,16040,2288,17,0.0,0,0.0,0,0.0,0,0.0,0,2288.2,18,0.0,0,0.0,0,0.0,0,0.0,0
2012-11-07T09:23:18.250,2288,16052,2288,16,0.0,0,0.0,0,0.0,0,0.0,0,2288.2,8,0.0,0,0.0,0,0.0,0,0.0,0
2012-11-07T09:23:19.000,2288.2,16054,2288,19,0.0,0,0.0,0,0.0,0,0.0,0,2288.2,9,0.0,0,0.0,0,0.0,0,0.0,0
2012-11-07T09:23:19.500,2288.2,16060,2288,19,0.0,0,0.0,0,0.0,0,0.0,0,2288.2,3,0.0,0,0.0,0,0.0,0,0.0,0
2012-11-07T09:23:20.250,2288,16062,2288,17,0.0,0,0.0,0,0.0,0,0.0,0,2288.2,3,0.0,0,0.0,0,0.0,0,0.0,0
2012-11-07T09:23:21.250,2288,16068,2288,12,0.0,0,0.0,0,0.0,0,0.0,0,2288.2,57,0.0,0,0.0,0,0.0,0,0.0,0
2012-11-07T09:23:22.000,2287.8,16086,2287.8,12,0.0,0,0.0,0,0.0,0,0.0,0,2288,24,0.0,0,0.0,0,0.0,0,0.0,0
2012-11-07T09:23:22.500,2288,16088,2287.8,12,0.0,0,0.0,0,0.0,0,0.0,0,2288,37,0.0,0,0.0,0,0.0,0,0.0,0
2012-11-07T09:23:23.000,2288,16097,2287.8,16,0.0,0,0.0,0,0.0,0,0.0,0,2288,18,0.0,0,0.0,0,0.0,0,0.0,0
