date_time,last_px,total_volume,bid1_px,bid1_qty,bid2_px,bid2_qty,bid3_px,bid3_qty,bid4_px,bid4_qty,bid5_px,bid5_qty,ask1_px,ask1_qty,ask2_px,ask2_qty,ask3_px,ask3_qty,ask4_px,ask4_qty,ask5_px,ask5_qty
2012-10-29T09:14:00.250,2250,319,2249.4,3,0.0,0,0.0,0,0.0,0,0.0,0,2250,9,0.0,0,0.0,0,0.0,0,0.0,0
2012-10-29T09:15:00.250,2250,393,2250.8,3,0.0,0,0.0,0,0.0,0,0.0,0,2251.2,12,0.0,0,0.0,0,0.0,0,0.0,0
2012-10-29T09:15:01.000,2251.2,475,2251.2,4,0.0,0,0.0,0,0.0,0,0.0,0,2251.6,4,0.0,0,0.0,0,0.0,0,0.0,0
2012-10-29T09:15:01.500,2250,546,2250,4,0.0,0,0.0,0,0.0,0,0.0,0,2251.2,5,0.0,0,0.0,0,0.0,0,0.0,0
2012-10-29T09:15:02.000,2250.2,667,2250.2,21,0.0,0,0.0,0,0.0,0,0.0,0,2250.8,14,0.0,0,0.0,0,0.0,0,0.0,0
2012-10-29T09:15:02.500,2250.2,739,2250,39,0.0,0,0.0,0,0.0,0,0.0,0,2250.2,3,0.0,0,0.0,0,0.0,0,0.0,0
2012-10-29T09:15:03.000,2251,805,2250.4,9,0.0,0,0.0,0,0.0,0,0.0,0,2251.2,2,0.0,0,0.0,0,0.0,0,0.0,0
2012-10-29T09:15:03.500,2250.6,840,2250.6,38,0.0,0,0.0,0,0.0,0,0.0,0,2250.8,4,0.0,0,0.0,0,0.0,0,0.0,0
2012-10-29T09:15:04.000,2251.6,863,2251,7,0.0,0,0.0,0,0.0,0,0.0,0,2251.6,18,0.0,0,0.0,0,0.0,0,0.0,0
2012-10-29T09:15:04.500,2251.6,901,2251.6,21,0.0,0,0.0,0,0.0,0,0.0,0,2251.8,9,0.0,0,0.0,0,0.0,0,0.0,0
2012-10-29T09:15:05.000,2251.8,993,2251.8,21,0.0,0,0.0,0,0.0,0,0.0,0,2252,60,0.0,0,0.0,0,0.0,0,0.0,0
2012-10-29T09:15:05.500,2252,1072,2251.8,21,0.0,0,0.0,0,0.0,0,0.0,0,2252,21,0.0,0,0.0,0,0.0,0,0.0,0
2012-10-29T09:15:06.000,2251.6,1120,2251.2,4,0.0,0,0.0,0,0.0,0,0.0,0,2251.8,1,0.0,0,0.0,0,0.0,0,0.0,0
2012-10-29T09:15:06.500,2251.6,1140,2251.2,20,0.0,0,0.0,0,0.0,0,0.0,0,2251.6,18,0.0,0,0.0,0,0.0,0,0.0,0
2012-10-29T09:15:07.000,2251.2,1165,2251.2,12,0.0,0,0.0,0,0.0,0,0.0,0,2251.4,17,0.0,0,0.0,0,0.0,0,0.0,0
2012-10-29T09:15:07.500,2251.6,1230,2251.4,40,0.0,0,0.0,0,0.0,0,0.0,0,2251.6,3,0.0,0,0.0,0,0.0,0,0.0,0
2012-10-29T09:15:08.000,2251.6,1248,2251.6,39,0.0,0,0.0,0,0.0,0,0.0,0,2251.8,36,0.0,0,0.0,0,0.0,0,0.0,0
2012-10-29T09:15:08.500,2251.8,1268,2251.6,34,0.0,0,0.0,0,0.0,0,0.0,0,2251.8,26,0.0,0,0.0,0,0.0,0,0.0,0
2012-10-29T09:15:09.000,2251.8,1302,2251.6,38,0.0,0,0.0,0,0.0,0,0.0,0,2251.8,20,0.0,0,0.0,0,0.0,0,0.0,0
2012-10-29T09:15:09.500,2251.8,1331,2251.8,8,0.0,0,0.0,0,0.0,0,0.0,0,2252,10,0.0,0,0.0,0,0.0,0,0.0,0
2012-10-29T09:15:10.000,2252,1345,2251.8,15,0.0,0,0.0,0,0.0,0,0.0,0,2252,4,0.0,0,0.0,0,0.0,0,0.0,0
2012-10-29T09:15:10.500,2252.2,1360,2251.8,16,0.0,0,0.0,0,0.0,0,0.0,0,2252.2,5,0.0,0,0.0,0,0.0,0,0.0,0
2012-10-29T09:15:11.000,2252.2,1379,2252,6,0.0,0,0.0,0,0.0,0,0.0,0,2252.2,11,0.0,0,0.0,0,0.0,0,0.0,0
2012-10-29T09:15:11.500,2252.2,1402,2252,3,0.0,0,0.0,0,0.0,0,0.0,0,2252.2,7,0.0,0,0.0,0,0.0,0,0.0,0
2012-10-29T09:15:12.000,2252.2,1449,2252.2,1,0.0,0,0.0,0,0.0,0,0.0,0,2252.4,7,0.0,0,0.0,0,0.0,0,0.0,0
2012-10-29T09:15:12.500,2252.4,1460,2252,2,0.0,0,0.0,0,0.0,0,0.0,0,2252.4,6,0.0,0,0.0,0,0.0,0,0.0,0
2012-10-29T09:15:13.000,2251.8,1470,2251.8,15,0.0,0,0.0,0,0.0,0,0.0,0,2252.2,3,0.0,0,0.0,0,0.0,0,0.0,0
2012-10-29T09:15:13.500,2252.2,1478,2252.2,1,0.0,0,0.0,0,0.0,0,0.0,0,2252.4,12,0.0,0,0.0,0,0.0,0,0.0,0
2012-10-29T09:15:14.000,2252.4,1492,2252,16,0.0,0,0.0,0,0.0,0,0.0,0,2252.2,5,0.0,0,0.0,0,0.0,0,0.0,0
2012-10-29T09:15:14.500,2252.4,1509,2252.2,5,0.0,0,0.0,0,0.0,0,0.0,0,2252.4,16,0.0,0,0.0,0,0.0,0,0.0,0
2012-10-29T09:15:15.000,2252.4,1544,2252.2,12,0.0,0,0.0,0,0.0,0,0.0,0,2252.4,14,0.0,0,0.0,0,0.0,0,0.0,0
2012-10-29T09:15:15.500,2252.4,1557,2252.2,4,0.0,0,0.0,0,0.0,0,0.0,0,2252.4,11,0.0,0,0.0,0,0.0,0,0.0,0
2012-10-29T09:15:16.000,2252.4,1597,2252.4,3,0.0,0,0.0,0,0.0,0,0.0,0,2252.6,6,0.0,0,0.0,0,0.0,0,0.0,0
2012-10-29T09:15:16.500,2252.2,1613,2252.2,9,0.0,0,0.0,0,0.0,0,0.0,0,2252.4,1,0.0,0,0.0,0,0.0,0,0.0,0
2012-10-29T09:15:17.000,2252.4,1628,2252.4,14,0.0,0,0.0,0,0.0,0,0.0,0,2252.8,22,0.0,0,0.0,0,0.0,0,0.0,0
2012-10-29T09:15:17.500,2252.4,1633,2252.4,26,0.0,0,0.0,0,0.0,0,0.0,0,2252.8,24,0.0,0,0.0,0,0.0,0,0.0,0
2012-10-29T09:15:18.000,2252.8,1671,2252.8,1,0.0,0,0.0,0,0.0,0,0.0,0,2253,35,0.0,0,0.0,0,0.0,0,0.0,0
2012-10-29T09:15:18.500,2252.6,1680,2252.6,10,0.0,0,0.0,0,0.0,0,0.0,0,2253,32,0.0,0,0.0,0,0.0,0,0.0,0
2012-10-29T09:15:19.000,2252.8,1716,2252.8,23,0.0,0,0.0,0,0.0,0,0.0,0,2253.2,7,0.0,0,0.0,0,0.0,0,0.0,0
2012-10-29T09:15:19.500,2253.2,1741,2253.2,30,0.0,0,0.0,0,0.0,0,0.0,0,2253.4,24,0.0,0,0.0,0,0.0,0,0.0,0
2012-10-29T09:15:20.000,2253.4,1783,2253.4,15,0.0,0,0.0,0,0.0,0,0.0,0,2253.8,26,0.0,0,0.0,0,0.0,0,0.0,0
2012-10-29T09:15:20.500,2253.8,1807,2253.4,3,0.0,0,0.0,0,0.0,0,0.0,0,2253.8,16,0.0,0,0.0,0,0.0,0,0.0,0
2012-10-29T09:15:21.000,2253.4,1838,2253.2,23,0.0,0,0.0,0,0.0,0,0.0,0,2253.4,22,0.0,0,0.0,0,0.0,0,0.0,0
2012-10-29T09:15:21.500,2253.2,1866,2253.2,4,0.0,0,0.0,0,0.0,0,0.0,0,2253.4,13,0.0,0,0.0,0,0.0,0,0.0,0
2012-10-29T09:15:22.000,2253.2,1884,2253,22,0.0,0,0.0,0,0.0,0,0.0,0,2253.2,6,0.0,0,0.0,0,0.0,0,0.0,0
2012-10-29T09:15:22.500,2253.2,1910,2253,9,0.0,0,0.0,0,0.0,0,0.0,0,2253.2,16,0.0,0,0.0,0,0.0,0,0.0,0
2012-10-29T09:15:23.000,2253,2026,2252.4,24,0.0,0,0.0,0,0.0,0,0.0,0,2253,20,0.0,0,0.0,0,0.0,0,0.0,0
2012-10-29T09:15:23.500,2252.4,2089,2252.6,5,0.0,0,0.0,0,0.0,0,0.0,0,2252.8,6,0.0,0,0.0,0,0.0,0,0.0,0
2012-10-29T09:15:24.000,2252.6,2136,2252.2,2,0.0,0,0.0,0,0.0,0,0.0,0,2253,23,0.0,0,0.0,0,0.0,0,0.0,0
2012-10-29T09:15:24.500,2252.4,2142,2252.2,10,0.0,0,0.0,0,0.0,0,0.0,0,2252.8,29,0.0,0,0.0,0,0.0,0,0.0,0
2012-10-29T09:15:25.000,2252.2,2149,2252.4,5,0.0,0,0.0,0,0.0,0,0.0,0,2252.6,6,0.0,0,0.0,0,0.0,0,0.0,0
2012-10-29T09:15:25.500,2252.6,2165,2252.2,23,0.0,0,0.0,0,0.0,0,0.0,0,2252.6,13,0.0,0,0.0,0,0.0,0,0.0,0
2012-10-29T09:15:26.000,2252.6,2178,2252.4,2,0.0,0,0.0,0,0.0,0,0.0,0,2252.6,15,0.0,0,0.0,0,0.0,0,0.0,0
2012-10-29T09:15:26.500,2252.6,2186,2252.4,4,0.0,0,0.0,0,0.0,0,0.0,0,2252.6,13,0.0,0,0.0,0,0.0,0,0.0,0
2012-10-29T09:15:27.000,2252.2,2204,2252.2,13,0.0,0,0.0,0,0.0,0,0.0,0,2252.4,3,0.0,0,0.0,0,0.0,0,0.0,0
2012-10-29T09:15:27.500,2252.2,2229,2252,36,0.0,0,0.0,0,0.0,0,0.0,0,2252.2,1,0.0,0,0.0,0,0.0,0,0.0,0
2012-10-29T09:15:28.000,2252,2236,2252,32,0.0,0,0.0,0,0.0,0,0.0,0,2252.2,1,0.0,0,0.0,0,0.0,0,0.0,0
2012-10-29T09:15:28.500,2252.2,2271,2252.2,7,0.0,0,0.0,0,0.0,0,0.0,0,2252.4,1,0.0,0,0.0,0,0.0,0,0.0,0
2012-10-29T09:15:29.000,2252,2291,2252,15,0.0,0,0.0,0,0.0,0,0.0,0,2252.2,13,0.0,0,0.0,0,0.0,0,0.0,0
2012-10-29T09:15:29.500,2252,2312,2252.2,2,0.0,0,0.0,0,0.0,0,0.0,0,2252.4,5,0.0,0,0.0,0,0.0,0,0.0,0
2012-10-29T09:15:30.000,2252.2,2321,2252,11,0.0,0,0.0,0,0.0,0,0.0,0,2252.2,1,0.0,0,0.0,0,0.0,0,0.0,0
2012-10-29T09:15:30.500,2252,2362,2251.8,28,0.0,0,0.0,0,0.0,0,0.0,0,2252,5,0.0,0,0.0,0,0.0,0,0.0,0
2012-10-29T09:15:31.000,2251.8,2379,2251.8,21,0.0,0,0.0,0,0.0,0,0.0,0,2252,8,0.0,0,0.0,0,0.0,0,0.0,0
2012-10-29T09:15:31.500,2251.8,2425,2251.6,25,0.0,0,0.0,0,0.0,0,0.0,0,2252,9,0.0,0,0.0,0,0.0,0,0.0,0
2012-10-29T09:15:32.000,2251.8,2436,2251.6,21,0.0,0,0.0,0,0.0,0,0.0,0,2251.8,17,0.0,0,0.0,0,0.0,0,0.0,0
2012-10-29T09:15:32.500,2251.8,2444,2251.6,33,0.0,0,0.0,0,0.0,0,0.0,0,2251.8,9,0.0,0,0.0,0,0.0,0,0.0,0
2012-10-29T09:15:33.000,2251.6,2492,2251.8,1,0.0,0,0.0,0,0.0,0,0.0,0,2252,20,0.0,0,0.0,0,0.0,0,0.0,0
2012-10-29T09:15:33.500,2251.6,2510,2251.4,12,0.0,0,0.0,0,0.0,0,0.0,0,2252,13,0.0,0,0.0,0,0.0,0,0.0,0
2012-10-29T09:15:34.000,2252,2515,2251.6,12,0.0,0,0.0,0,0.0,0,0.0,0,2251.8,3,0.0,0,0.0,0,0.0,0,0.0,0
2012-10-29T09:15:34.500,2251.8,2523,2251.6,13,0.0,0,0.0,0,0.0,0,0.0,0,2251.8,4,0.0,0,0.0,0,0.0,0,0.0,0
2012-10-29T09:15:35.000,2251.8,2527,2251.6,10,0.0,0,0.0,0,0.0,0,0.0,0,2251.8,6,0.0,0,0.0,0,0.0,0,0.0,0
2012-10-29T09:15:35.500,2251.6,2534,2251.6,6,0.0,0,0.0,0,0.0,0,0.0,0,2251.8,3,0.0,0,0.0,0,0.0,0,0.0,0
2012-10-29T09:15:36.000,2251.8,2538,2251.6,7,0.0,0,0.0,0,0.0,0,0.0,0,2251.8,9,0.0,0,0.0,0,0.0,0,0.0,0
2012-10-29T09:15:36.500,2252.2,2585,2251.8,4,0.0,0,0.0,0,0.0,0,0.0,0,2252.2,23,0.0,0,0.0,0,0.0,0,0.0,0
2012-10-29T09:15:37.000,2251.8,2596,2251.6,5,0.0,0,0.0,0,0.0,0,0.0,0,2252,2,0.0,0,0.0,0,0.0,0,0.0,0
2012-10-29T09:15:37.500,2251.6,2609,2251.4,21,0.0,0,0.0,0,0.0,0,0.0,0,2251.6,3,0.0,0,0.0,0,0.0,0,0.0,0
2012-10-29T09:15:38.000,2251.4,2624,2251.4,11,0.0,0,0.0,0,0.0,0,0.0,0,2251.6,1,0.0,0,0.0,0,0.0,0,0.0,0
2012-10-29T09:15:38.500,2251.6,2646,2251.6,10,0.0,0,0.0,0,0.0,0,0.0,0,2251.8,2,0.0,0,0.0,0,0.0,0,0.0,0
2012-10-29T09:15:39.000,2251.6,2650,2251.6,10,0.0,0,0.0,0,0.0,0,0.0,0,2251.8,1,0.0,0,0.0,0,0.0,0,0.0,0
2012-10-29T09:15:39.500,2251.6,2657,2251.8,1,0.0,0,0.0,0,0.0,0,0.0,0,2252,12,0.0,0,0.0,0,0.0,0,0.0,0
2012-10-29T09:15:40.000,2251.6,2669,2251.4,5,0.0,0,0.0,0,0.0,0,0.0,0,2251.6,1,0.0,0,0.0,0,0.0,0,0.0,0
2012-10-29T09:15:40.500,2251.8,2684,2251.8,19,0.0,0,0.0,0,0.0,0,0.0,0,2252,9,0.0,0,0.0,0,0.0,0,0.0,0
2012-10-29T09:15:41.000,2252,2696,2251.8,15,0.0,0,0.0,0,0.0,0,0.0,0,2252,9,0.0,0,0.0,0,0.0,0,0.0,0
2012-10-29T09:15:41.500,2251.8,2708,2251.8,6,0.0,0,0.0,0,0.0,0,0.0,0,2252,12,0.0,0,0.0,0,0.0,0,0.0,0
2012-10-29T09:15:42.000,2251.8,2718,2251.6,24,0.0,0,0.0,0,0.0,0,0.0,0,2251.8,1,0.0,0,0.0,0,0.0,0,0.0,0
2012-10-29T09:15:42.500,2251.6,2725,2251.6,18,0.0,0,0.0,0,0.0,0,0.0,0,2251.8,4,0.0,0,0.0,0,0.0,0,0.0,0
2012-10-29T09:15:43.000,2251.6,2729,2251.6,22,0.0,0,0.0,0,0.0,0,0.0,0,2251.8,3,0.0,0,0.0,0,0.0,0,0.0,0
2012-10-29T09:15:43.500,2251.6,2734,2251.6,19,0.0,0,0.0,0,0.0,0,0.0,0,2251.8,2,0.0,0,0.0,0,0.0,0,0.0,0
2012-10-29T09:15:44.000,2251.8,2738,2251.6,17,0.0,0,0.0,0,0.0,0,0.0,0,2252,12,0.0,0,0.0,0,0.0,0,0.0,0
2012-10-29T09:15:44.500,2252,2739,2251.6,19,0.0,0,0.0,0,0.0,0,0.0,0,2251.8,1,0.0,0,0.0,0,0.0,0,0.0,0
2012-10-29T09:15:45.000,2251.8,2741,2251.6,27,0.0,0,0.0,0,0.0,0,0.0,0,2251.8,2,0.0,0,0.0,0,0.0,0,0.0,0
2012-10-29T09:15:45.500,2251.6,2752,2251.6,22,0.0,0,0.0,0,0.0,0,0.0,0,2252,43,0.0,0,0.0,0,0.0,0,0.0,0
2012-10-29T09:15:46.000,2251.8,2760,2251.6,22,0.0,0,0.0,0,0.0,0,0.0,0,2251.8,1,0.0,0,0.0,0,0.0,0,0.0,0
2012-10-29T09:15:46.500,2251.6,2784,2251.6,5,0.0,0,0.0,0,0.0,0,0.0,0,2251.8,6,0.0,0,0.0,0,0.0,0,0.0,0
2012-10-29T09:15:47.000,2251.6,2792,2251.4,13,0.0,0,0.0,0,0.0,0,0.0,0,2251.6,14,0.0,0,0.0,0,0.0,0,0.0,0
2012-10-29T09:15:47.500,2251.4,2816,2251.2,34,0.0,0,0.0,0,0.0,0,0.0,0,2251.4,22,0.0,0,0.0,0,0.0,0,0.0,0
2012-10-29T09:15:48.000,2251.4,2822,2251.2,34,0.0,0,0.0,0,0.0,0,0.0,0,2251.4,17,0.0,0,0.0,0,0.0,0,0.0,0
2012-10-29T09:15:48.500,2251.4,2841,2251.2,23,0.0,0,0.0,0,0.0,0,0.0,0,2251.4,12,0.0,0,0.0,0,0.0,0,0.0,0
2012-10-29T09:15:49.000,2251.4,2844,2251.2,23,0.0,0,0.0,0,0.0,0,0.0,0,2251.4,13,0.0,0,0.0,0,0.0,0,0.0,0
2012-10-29T09:15:49.500,2251.4,2848,2251.2,22,0.0,0,0.0,0,0.0,0,0.0,0,2251.4,13,0.0,0,0.0,0,0.0,0,0.0,0
2012-10-29T09:15:50.000,2251.6,2862,2251.4,30,0.0,0,0.0,0,0.0,0,0.0,0,2251.6,3,0.0,0,0.0,0,0.0,0,0.0,0
2012-10-29T09:15:50.500,2251.6,2876,2251.6,2,0.0,0,0.0,0,0.0,0,0.0,0,2251.8,23,0.0,0,0.0,0,0.0,0,0.0,0
2012-10-29T09:15:51.000,2251.6,2889,2251.6,1,0.0,0,0.0,0,0.0,0,0.0,0,2251.8,12,0.0,0,0.0,0,0.0,0,0.0,0
2012-10-29T09:15:51.500,2251.6,2892,2251.6,13,0.0,0,0.0,0,0.0,0,0.0,0,2251.8,14,0.0,0,0.0,0,0.0,0,0.0,0
2012-10-29T09:15:52.000,2251.6,2916,2251.4,27,0.0,0,0.0,0,0.0,0,0.0,0,2251.6,1,0.0,0,0.0,0,0.0,0,0.0,0
2012-10-29T09:15:52.500,2251.4,2918,2251.4,25,0.0,0,0.0,0,0.0,0,0.0,0,2251.6,9,0.0,0,0.0,0,0.0,0,0.0,0
2012-10-29T09:15:53.000,2251.4,2931,2251.4,14,0.0,0,0.0,0,0.0,0,0.0,0,2251.6,9,0.0,0,0.0,0,0.0,0,0.0,0
2012-10-29T09:15:53.500,2251.4,2942,2251.4,7,0.0,0,0.0,0,0.0,0,0.0,0,2251.6,6,0.0,0,0.0,0,0.0,0,0.0,0
2012-10-29T09:15:54.000,2251.4,2953,2251.2,27,0.0,0,0.0,0,0.0,0,0.0,0,2251.4,1,0.0,0,0.0,0,0.0,0,0.0,0
2012-10-29T09:15:54.500,2251.4,2959,2251.2,24,0.0,0,0.0,0,0.0,0,0.0,0,2251.6,4,0.0,0,0.0,0,0.0,0,0.0,0
2012-10-29T09:15:55.000,2251.2,2975,2251.2,21,0.0,0,0.0,0,0.0,0,0.0,0,2251.8,9,0.0,0,0.0,0,0.0,0,0.0,0
2012-10-29T09:15:55.500,2251.2,2981,2251.2,18,0.0,0,0.0,0,0.0,0,0.0,0,2251.6,1,0.0,0,0.0,0,0.0,0,0.0,0
2012-10-29T09:15:56.000,2251.2,2983,2251.2,19,0.0,0,0.0,0,0.0,0,0.0,0,2251.8,13,0.0,0,0.0,0,0.0,0,0.0,0
2012-10-29T09:15:56.500,2251,3022,2251,31,0.0,0,0.0,0,0.0,0,0.0,0,2251.2,2,0.0,0,0.0,0,0.0,0,0.0,0
2012-10-29T09:15:57.000,2251,3035,2251.2,1,0.0,0,0.0,0,0.0,0,0.0,0,2251.4,1,0.0,0,0.0,0,0.0,0,0.0,0
2012-10-29T09:15:57.500,2251.2,3038,2251,22,0.0,0,0.0,0,0.0,0,0.0,0,2251.2,4,0.0,0,0.0,0,0.0,0,0.0,0
2012-10-29T09:15:58.000,2251.2,3046,2251.2,17,0.0,0,0.0,0,0.0,0,0.0,0,2251.4,1,0.0,0,0.0,0,0.0,0,0.0,0
2012-10-29T09:15:58.500,2251.2,3058,2251.2,9,0.0,0,0.0,0,0.0,0,0.0,0,2251.4,1,0.0,0,0.0,0,0.0,0,0.0,0
2012-10-29T09:15:59.000,2251.2,3069,2251,23,0.0,0,0.0,0,0.0,0,0.0,0,2251.2,26,0.0,0,0.0,0,0.0,0,0.0,0
2012-10-29T09:15:59.500,2251.2,3096,2251,4,0.0,0,0.0,0,0.0,0,0.0,0,2251.2,22,0.0,0,0.0,0,0.0,0,0.0,0
2012-10-29T09:16:00.000,2251,3121,2250.8,6,0.0,0,0.0,0,0.0,0,0.0,0,2251,31,0.0,0,0.0,0,0.0,0,0.0,0
2012-10-29T09:16:00.500,2250.4,3169,2250.4,18,0.0,0,0.0,0,0.0,0,0.0,0,2250.6,2,0.0,0,0.0,0,0.0,0,0.0,0
2012-10-29T09:16:01.000,2251.2,3224,2251,15,0.0,0,0.0,0,0.0,0,0.0,0,2251.2,12,0.0,0,0.0,0,0.0,0,0.0,0
2012-10-29T09:16:01.500,2250.8,3248,2250.6,21,0.0,0,0.0,0,0.0,0,0.0,0,2250.8,6,0.0,0,0.0,0,0.0,0,0.0,0
2012-10-29T09:16:02.000,2250.8,3262,2250.8,14,0.0,0,0.0,0,0.0,0,0.0,0,2251,9,0.0,0,0.0,0,0.0,0,0.0,0
2012-10-29T09:16:02.500,2251,3290,2251,5,0.0,0,0.0,0,0.0,0,0.0,0,2251.2,4,0.0,0,0.0,0,0.0,0,0.0,0
2012-10-29T09:16:03.000,2251.2,3300,2251,12,0.0,0,0.0,0,0.0,0,0.0,0,2251.4,2,0.0,0,0.0,0,0.0,0,0.0,0
2012-10-29T09:16:03.500,2251,3304,2251.2,3,0.0,0,0.0,0,0.0,0,0.0,0,2251.4,3,0.0,0,0.0,0,0.0,0,0.0,0
2012-10-29T09:16:04.000,2251,3312,2251,8,0.0,0,0.0,0,0.0,0,0.0,0,2251.4,3,0.0,0,0.0,0,0.0,0,0.0,0
2012-10-29T09:16:04.500,2251.2,3326,2251.2,1,0.0,0,0.0,0,0.0,0,0.0,0,2251.6,6,0.0,0,0.0,0,0.0,0,0.0,0
2012-10-29T09:16:05.000,2251,3331,2251.2,1,0.0,0,0.0,0,0.0,0,0.0,0,2251.4,1,0.0,0,0.0,0,0.0,0,0.0,0
2012-10-29T09:16:05.500,2251.2,3339,2251.2,7,0.0,0,0.0,0,0.0,0,0.0,0,2251.6,6,0.0,0,0.0,0,0.0,0,0.0,0
2012-10-29T09:16:06.000,2251.6,3356,2251.2,7,0.0,0,0.0,0,0.0,0,0.0,0,2251.6,1,0.0,0,0.0,0,0.0,0,0.0,0
2012-10-29T09:16:06.500,2251.6,3360,2251.4,10,0.0,0,0.0,0,0.0,0,0.0,0,2251.6,2,0.0,0,0.0,0,0.0,0,0.0,0
2012-10-29T09:16:07.000,2251.4,3367,2251.4,3,0.0,0,0.0,0,0.0,0,0.0,0,2251.6,2,0.0,0,0.0,0,0.0,0,0.0,0
2012-10-29T09:16:07.500,2251.6,3378,2251.6,14,0.0,0,0.0,0,0.0,0,0.0,0,2251.8,6,0.0,0,0.0,0,0.0,0,0.0,0
2012-10-29T09:16:08.000,2251.8,3380,2251.6,35,0.0,0,0.0,0,0.0,0,0.0,0,2251.8,5,0.0,0,0.0,0,0.0,0,0.0,0
2012-10-29T09:16:08.500,2251.8,3387,2251.8,20,0.0,0,0.0,0,0.0,0,0.0,0,2252,59,0.0,0,0.0,0,0.0,0,0.0,0
2012-10-29T09:16:09.000,2252,3449,2252,20,0.0,0,0.0,0,0.0,0,0.0,0,2252.2,12,0.0,0,0.0,0,0.0,0,0.0,0
2012-10-29T09:16:09.500,2252.2,3470,2252.2,53,0.0,0,0.0,0,0.0,0,0.0,0,2252.4,9,0.0,0,0.0,0,0.0,0,0.0,0
2012-10-29T09:16:10.000,2252.6,3497,2252.4,2,0.0,0,0.0,0,0.0,0,0.0,0,2252.6,21,0.0,0,0.0,0,0.0,0,0.0,0
2012-10-29T09:16:10.500,2252.6,3503,2252.4,14,0.0,0,0.0,0,0.0,0,0.0,0,2252.6,15,0.0,0,0.0,0,0.0,0,0.0,0
2012-10-29T09:16:11.000,2252.4,3519,2252.4,8,0.0,0,0.0,0,0.0,0,0.0,0,2252.6,3,0.0,0,0.0,0,0.0,0,0.0,0
2012-10-29T09:16:11.500,2252.4,3542,2252.6,1,0.0,0,0.0,0,0.0,0,0.0,0,2252.8,36,0.0,0,0.0,0,0.0,0,0.0,0
2012-10-29T09:16:12.000,2252.6,3549,2252.2,57,0.0,0,0.0,0,0.0,0,0.0,0,2252.6,16,0.0,0,0.0,0,0.0,0,0.0,0
2012-10-29T09:16:12.500,2252.6,3588,2252.6,3,0.0,0,0.0,0,0.0,0,0.0,0,2252.8,42,0.0,0,0.0,0,0.0,0,0.0,0
2012-10-29T09:16:13.000,2252.4,3597,2252.2,57,0.0,0,0.0,0,0.0,0,0.0,0,2252.4,3,0.0,0,0.0,0,0.0,0,0.0,0
2012-10-29T09:16:13.500,2252.8,3616,2252.4,14,0.0,0,0.0,0,0.0,0,0.0,0,2252.8,44,0.0,0,0.0,0,0.0,0,0.0,0
2012-10-29T09:16:14.000,2252.6,3627,2252.4,11,0.0,0,0.0,0,0.0,0,0.0,0,2252.6,9,0.0,0,0.0,0,0.0,0,0.0,0
2012-10-29T09:16:14.500,2252.6,3631,2252.4,24,0.0,0,0.0,0,0.0,0,0.0,0,2252.6,7,0.0,0,0.0,0,0.0,0,0.0,0
2012-10-29T09:16:15.000,2252.8,3658,2252.6,3,0.0,0,0.0,0,0.0,0,0.0,0,2252.8,43,0.0,0,0.0,0,0.0,0,0.0,0
2012-10-29T09:16:15.500,2252.4,3664,2252.6,1,0.0,0,0.0,0,0.0,0,0.0,0,2252.8,33,0.0,0,0.0,0,0.0,0,0.0,0
2012-10-29T09:16:16.000,2252.4,3675,2252.4,14,0.0,0,0.0,0,0.0,0,0.0,0,2252.6,5,0.0,0,0.0,0,0.0,0,0.0,0
2012-10-29T09:16:16.500,2252.8,3705,2252.6,2,0.0,0,0.0,0,0.0,0,0.0,0,2252.8,13,0.0,0,0.0,0,0.0,0,0.0,0
2012-10-29T09:16:17.000,2252.6,3711,2252.6,6,0.0,0,0.0,0,0.0,0,0.0,0,2252.8,15,0.0,0,0.0,0,0.0,0,0.0,0
2012-10-29T09:16:17.500,2252.6,3721,2252.4,11,0.0,0,0.0,0,0.0,0,0.0,0,2252.6,2,0.0,0,0.0,0,0.0,0,0.0,0
2012-10-29T09:16:18.000,2252.8,3729,2252.6,3,0.0,0,0.0,0,0.0,0,0.0,0,2252.8,12,0.0,0,0.0,0,0.0,0,0.0,0
2012-10-29T09:16:18.500,2252.4,3734,2252.4,19,0.0,0,0.0,0,0.0,0,0.0,0,2252.6,1,0.0,0,0.0,0,0.0,0,0.0,0
2012-10-29T09:16:19.000,2252.6,3743,2252.4,17,0.0,0,0.0,0,0.0,0,0.0,0,2252.6,2,0.0,0,0.0,0,0.0,0,0.0,0
2012-10-29T09:16:19.500,2252.6,3745,2252.4,17,0.0,0,0.0,0,0.0,0,0.0,0,2252.6,3,0.0,0,0.0,0,0.0,0,0.0,0
2012-10-29T09:16:20.000,2252.8,3753,2252.6,25,0.0,0,0.0,0,0.0,0,0.0,0,2252.8,30,0.0,0,0.0,0,0.0,0,0.0,0
2012-10-29T09:16:20.500,2252.6,3758,2252.6,25,0.0,0,0.0,0,0.0,0,0.0,0,2252.8,29,0.0,0,0.0,0,0.0,0,0.0,0
2012-10-29T09:16:21.000,2252.6,3765,2252.6,22,0.0,0,0.0,0,0.0,0,0.0,0,2252.8,28,0.0,0,0.0,0,0.0,0,0.0,0
2012-10-29T09:16:21.500,2252.8,3767,2252.6,23,0.0,0,0.0,0,0.0,0,0.0,0,2252.8,31,0.0,0,0.0,0,0.0,0,0.0,0
2012-10-29T09:16:22.000,2252.8,3779,2252.6,24,0.0,0,0.0,0,0.0,0,0.0,0,2252.8,24,0.0,0,0.0,0,0.0,0,0.0,0
2012-10-29T09:16:22.500,2252.8,3796,2252.6,24,0.0,0,0.0,0,0.0,0,0.0,0,2252.8,11,0.0,0,0.0,0,0.0,0,0.0,0
2012-10-29T09:16:23.000,2252.6,3799,2252.6,21,0.0,0,0.0,0,0.0,0,0.0,0,2252.8,12,0.0,0,0.0,0,0.0,0,0.0,0
2012-10-29T09:16:23.500,2252.8,3811,2252.8,14,0.0,0,0.0,0,0.0,0,0.0,0,2253,65,0.0,0,0.0,0,0.0,0,0.0,0
2012-10-29T09:16:24.000,2253,3837,2252.6,19,0.0,0,0.0,0,0.0,0,0.0,0,2253,58,0.0,0,0.0,0,0.0,0,0.0,0
2012-10-29T09:16:24.500,2252.6,3857,2252.6,4,0.0,0,0.0,0,0.0,0,0.0,0,2252.8,1,0.0,0,0.0,0,0.0,0,0.0,0
2012-10-29T09:16:25.000,2252.6,3862,2252.4,21,0.0,0,0.0,0,0.0,0,0.0,0,2252.6,67,0.0,0,0.0,0,0.0,0,0.0,0
2012-10-29T09:16:25.500,2252.2,3895,2252.2,42,0.0,0,0.0,0,0.0,0,0.0,0,2252.4,3,0.0,0,0.0,0,0.0,0,0.0,0
2012-10-29T09:16:26.000,2252.4,3926,2252.2,16,0.0,0,0.0,0,0.0,0,0.0,0,2252.4,8,0.0,0,0.0,0,0.0,0,0.0,0
2012-10-29T09:16:26.500,2252.2,3962,2252,17,0.0,0,0.0,0,0.0,0,0.0,0,2252.2,17,0.0,0,0.0,0,0.0,0,0.0,0
2012-10-29T09:16:27.000,2252,3993,2251.8,3,0.0,0,0.0,0,0.0,0,0.0,0,2252,12,0.0,0,0.0,0,0.0,0,0.0,0
2012-10-29T09:16:27.500,2252,4001,2251.8,22,0.0,0,0.0,0,0.0,0,0.0,0,2252,9,0.0,0,0.0,0,0.0,0,0.0,0
2012-10-29T09:16:28.000,2252,4007,2251.8,41,0.0,0,0.0,0,0.0,0,0.0,0,2252,9,0.0,0,0.0,0,0.0,0,0.0,0
2012-10-29T09:16:28.500,2251.8,4010,2251.8,44,0.0,0,0.0,0,0.0,0,0.0,0,2252,12,0.0,0,0.0,0,0.0,0,0.0,0
2012-10-29T09:16:29.000,2252.2,4027,2252,55,0.0,0,0.0,0,0.0,0,0.0,0,2252.2,15,0.0,0,0.0,0,0.0,0,0.0,0
2012-10-29T09:16:29.500,2252,4044,2252,50,0.0,0,0.0,0,0.0,0,0.0,0,2252.2,7,0.0,0,0.0,0,0.0,0,0.0,0
2012-10-29T09:16:30.250,2252.2,4057,2252.2,13,0.0,0,0.0,0,0.0,0,0.0,0,2252.4,2,0.0,0,0.0,0,0.0,0,0.0,0
2012-10-29T09:16:31.000,2252.6,4061,2252.2,17,0.0,0,0.0,0,0.0,0,0.0,0,2252.6,63,0.0,0,0.0,0,0.0,0,0.0,0
2012-10-29T09:16:31.500,2252.6,4063,2252.2,27,0.0,0,0.0,0,0.0,0,0.0,0,2252.6,63,0.0,0,0.0,0,0.0,0,0.0,0
2012-10-29T09:16:32.000,2252.6,4093,2252.2,23,0.0,0,0.0,0,0.0,0,0.0,0,2252.6,40,0.0,0,0.0,0,0.0,0,0.0,0
2012-10-29T09:16:32.500,2252.6,4098,2252.4,26,0.0,0,0.0,0,0.0,0,0.0,0,2252.6,37,0.0,0,0.0,0,0.0,0,0.0,0
2012-10-29T09:16:33.000,2252.6,4155,2252.6,4,0.0,0,0.0,0,0.0,0,0.0,0,2252.8,2,0.0,0,0.0,0,0.0,0,0.0,0
2012-10-29T09:16:33.500,2252.8,4159,2252.6,12,0.0,0,0.0,0,0.0,0,0.0,0,2253,80,0.0,0,0.0,0,0.0,0,0.0,0
2012-10-29T09:16:34.250,2252.6,4161,2252.6,15,0.0,0,0.0,0,0.0,0,0.0,0,2252.8,2,0.0,0,0.0,0,0.0,0,0.0,0
2012-10-29T09:16:35.000,2252.6,4163,2252.6,12,0.0,0,0.0,0,0.0,0,0.0,0,2252.8,3,0.0,0,0.0,0,0.0,0,0.0,0
2012-10-29T09:16:35.500,2252.6,4164,2252.6,11,0.0,0,0.0,0,0.0,0,0.0,0,2252.8,3,0.0,0,0.0,0,0.0,0,0.0,0
2012-10-29T09:16:36.000,2252.8,4167,2252.6,7,0.0,0,0.0,0,0.0,0,0.0,0,2252.8,11,0.0,0,0.0,0,0.0,0,0.0,0
2012-10-29T09:16:36.500,2252.6,4174,2252.4,26,0.0,0,0.0,0,0.0,0,0.0,0,2252.6,8,0.0,0,0.0,0,0.0,0,0.0,0
2012-10-29T09:16:37.000,2252.4,4177,2252.4,25,0.0,0,0.0,0,0.0,0,0.0,0,2252.6,11,0.0,0,0.0,0,0.0,0,0.0,0
2012-10-29T09:16:37.500,2252.4,4207,2252.2,6,0.0,0,0.0,0,0.0,0,0.0,0,2252.4,1,0.0,0,0.0,0,0.0,0,0.0,0
2012-10-29T09:16:38.250,2252.4,4212,2252.4,11,0.0,0,0.0,0,0.0,0,0.0,0,2252.6,14,0.0,0,0.0,0,0.0,0,0.0,0
2012-10-29T09:16:39.250,2252.4,4214,2252.4,9,0.0,0,0.0,0,0.0,0,0.0,0,2252.6,18,0.0,0,0.0,0,0.0,0,0.0,0
2012-10-29T09:16:40.000,2252.6,4216,2252.4,12,0.0,0,0.0,0,0.0,0,0.0,0,2252.6,21,0.0,0,0.0,0,0.0,0,0.0,0
2012-10-29T09:16:40.500,2252.4,4221,2252.4,7,0.0,0,0.0,0,0.0,0,0.0,0,2252.6,21,0.0,0,0.0,0,0.0,0,0.0,0
2012-10-29T09:16:41.000,2252.4,4228,2252.2,27,0.0,0,0.0,0,0.0,0,0.0,0,2252.4,15,0.0,0,0.0,0,0.0,0,0.0,0
2012-10-29T09:16:41.500,2252.4,4242,2252.2,14,0.0,0,0.0,0,0.0,0,0.0,0,2252.4,14,0.0,0,0.0,0,0.0,0,0.0,0
2012-10-29T09:16:42.000,2252.4,4250,2252.2,14,0.0,0,0.0,0,0.0,0,0.0,0,2252.4,6,0.0,0,0.0,0,0.0,0,0.0,0
2012-10-29T09:16:42.500,2252.4,4252,2252.2,17,0.0,0,0.0,0,0.0,0,0.0,0,2252.4,6,0.0,0,0.0,0,0.0,0,0.0,0
2012-10-29T09:16:43.000,2252.4,4254,2252.2,21,0.0,0,0.0,0,0.0,0,0.0,0,2252.4,7,0.0,0,0.0,0,0.0,0,0.0,0
2012-10-29T09:16:43.500,2252.4,4258,2252.2,21,0.0,0,0.0,0,0.0,0,0.0,0,2252.4,3,0.0,0,0.0,0,0.0,0,0.0,0
2012-10-29T09:16:44.000,2252.2,4260,2252.2,20,0.0,0,0.0,0,0.0,0,0.0,0,2252.4,2,0.0,0,0.0,0,0.0,0,0.0,0
2012-10-29T09:16:44.500,2252.4,4262,2252.2,20,0.0,0,0.0,0,0.0,0,0.0,0,2252.4,1,0.0,0,0.0,0,0.0,0,0.0,0
2012-10-29T09:16:45.250,2252.2,4274,2252.2,14,0.0,0,0.0,0,0.0,0,0.0,0,2252.6,20,0.0,0,0.0,0,0.0,0,0.0,0
2012-10-29T09:16:46.250,2252.6,4275,2252.4,3,0.0,0,0.0,0,0.0,0,0.0,0,2252.6,21,0.0,0,0.0,0,0.0,0,0.0,0
2012-10-29T09:16:47.000,2252.6,4279,2252.4,3,0.0,0,0.0,0,0.0,0,0.0,0,2252.6,19,0.0,0,0.0,0,0.0,0,0.0,0
2012-10-29T09:16:47.500,2252.6,4284,2252.4,1,0.0,0,0.0,0,0.0,0,0.0,0,2252.6,15,0.0,0,0.0,0,0.0,0,0.0,0
2012-10-29T09:16:48.000,2252.4,4287,2252.4,3,0.0,0,0.0,0,0.0,0,0.0,0,2252.6,15,0.0,0,0.0,0,0.0,0,0.0,0
2012-10-29T09:16:48.500,2252.4,4290,2252.4,1,0.0,0,0.0,0,0.0,0,0.0,0,2252.6,14,0.0,0,0.0,0,0.0,0,0.0,0
2012-10-29T09:16:49.000,2252.6,4291,2252.4,2,0.0,0,0.0,0,0.0,0,0.0,0,2252.6,13,0.0,0,0.0,0,0.0,0,0.0,0
2012-10-29T09:16:49.500,2252.4,4295,2252.4,8,0.0,0,0.0,0,0.0,0,0.0,0,2252.6,12,0.0,0,0.0,0,0.0,0,0.0,0
2012-10-29T09:16:50.000,2252.4,4297,2252.4,7,0.0,0,0.0,0,0.0,0,0.0,0,2252.6,11,0.0,0,0.0,0,0.0,0,0.0,0
2012-10-29T09:16:50.500,2252.6,4298,2252.4,7,0.0,0,0.0,0,0.0,0,0.0,0,2252.6,10,0.0,0,0.0,0,0.0,0,0.0,0
2012-10-29T09:16:51.250,2252.4,4306,2252.2,32,0.0,0,0.0,0,0.0,0,0.0,0,2252.6,9,0.0,0,0.0,0,0.0,0,0.0,0
2012-10-29T09:16:52.000,2252.4,4307,2252.4,9,0.0,0,0.0,0,0.0,0,0.0,0,2252.6,10,0.0,0,0.0,0,0.0,0,0.0,0
2012-10-29T09:16:52.500,2251.8,4413,2251.8,44,0.0,0,0.0,0,0.0,0,0.0,0,2252.6,9,0.0,0,0.0,0,0.0,0,0.0,0
2012-10-29T09:16:53.250,2252.2,4415,2252,1,0.0,0,0.0,0,0.0,0,0.0,0,2252.4,15,0.0,0,0.0,0,0.0,0,0.0,0
2012-10-29T09:16:54.000,2252.2,4417,2252,1,0.0,0,0.0,0,0.0,0,0.0,0,2252.2,5,0.0,0,0.0,0,0.0,0,0.0,0
2012-10-29T09:16:54.500,2252.2,4424,2251.8,46,0.0,0,0.0,0,0.0,0,0.0,0,2252,3,0.0,0,0.0,0,0.0,0,0.0,0
2012-10-29T09:16:55.250,2252,4427,2251.8,46,0.0,0,0.0,0,0.0,0,0.0,0,2252,3,0.0,0,0.0,0,0.0,0,0.0,0
2012-10-29T09:16:56.000,2252,4430,2251.8,45,0.0,0,0.0,0,0.0,0,0.0,0,2252,2,0.0,0,0.0,0,0.0,0,0.0,0
2012-10-29T09:16:56.500,2252.2,4433,2252,25,0.0,0,0.0,0,0.0,0,0.0,0,2252.2,1,0.0,0,0.0,0,0.0,0,0.0,0
2012-10-29T09:16:57.250,2252,4441,2252,18,0.0,0,0.0,0,0.0,0,0.0,0,2252.4,8,0.0,0,0.0,0,0.0,0,0.0,0
2012-10-29T09:16:58.250,2252,4442,2252,18,0.0,0,0.0,0,0.0,0,0.0,0,2252.4,8,0.0,0,0.0,0,0.0,0,0.0,0
2012-10-29T09:17:00.000,2252.4,4448,2252.2,2,0.0,0,0.0,0,0.0,0,0.0,0,2252.4,9,0.0,0,0.0,0,0.0,0,0.0,0
2012-10-29T09:17:00.500,2252.2,4450,2252.2,7,0.0,0,0.0,0,0.0,0,0.0,0,2252.4,10,0.0,0,0.0,0,0.0,0,0.0,0
2012-10-29T09:17:01.000,2252,4496,2251.8,44,0.0,0,0.0,0,0.0,0,0.0,0,2252,57,0.0,0,0.0,0,0.0,0,0.0,0
2012-10-29T09:17:01.500,2252,4531,2251.8,44,0.0,0,0.0,0,0.0,0,0.0,0,2252,22,0.0,0,0.0,0,0.0,0,0.0,0
2012-10-29T09:17:02.000,2251.8,4538,2251.8,47,0.0,0,0.0,0,0.0,0,0.0,0,2252,23,0.0,0,0.0,0,0.0,0,0.0,0
2012-10-29T09:17:02.500,2251.8,4544,2251.8,41,0.0,0,0.0,0,0.0,0,0.0,0,2252,29,0.0,0,0.0,0,0.0,0,0.0,0
2012-10-29T09:17:03.000,2251.8,4550,2251.8,36,0.0,0,0.0,0,0.0,0,0.0,0,2252,28,0.0,0,0.0,0,0.0,0,0.0,0
2012-10-29T09:17:03.500,2252,4554,2251.8,35,0.0,0,0.0,0,0.0,0,0.0,0,2252,26,0.0,0,0.0,0,0.0,0,0.0,0
2012-10-29T09:17:04.000,2252,4558,2251.8,34,0.0,0,0.0,0,0.0,0,0.0,0,2252,24,0.0,0,0.0,0,0.0,0,0.0,0
2012-10-29T09:17:04.500,2251.8,4579,2251.8,13,0.0,0,0.0,0,0.0,0,0.0,0,2252,18,0.0,0,0.0,0,0.0,0,0.0,0
2012-10-29T09:17:05.000,2251.8,4594,2251.8,7,0.0,0,0.0,0,0.0,0,0.0,0,2252,9,0.0,0,0.0,0,0.0,0,0.0,0
2012-10-29T09:17:05.500,2251.8,4599,2251.8,3,0.0,0,0.0,0,0.0,0,0.0,0,2252,6,0.0,0,0.0,0,0.0,0,0.0,0
2012-10-29T09:17:06.000,2251.8,4600,2251.8,2,0.0,0,0.0,0,0.0,0,0.0,0,2252,7,0.0,0,0.0,0,0.0,0,0.0,0
2012-10-29T09:17:06.500,2251.6,4607,2251.6,27,0.0,0,0.0,0,0.0,0,0.0,0,2251.8,11,0.0,0,0.0,0,0.0,0,0.0,0
2012-10-29T09:17:07.000,2251.8,4622,2251.8,3,0.0,0,0.0,0,0.0,0,0.0,0,2252,3,0.0,0,0.0,0,0.0,0,0.0,0
2012-10-29T09:17:07.500,2252,4627,2252,1,0.0,0,0.0,0,0.0,0,0.0,0,2252.2,4,0.0,0,0.0,0,0.0,0,0.0,0
2012-10-29T09:17:08.000,2251.8,4632,2251.8,9,0.0,0,0.0,0,0.0,0,0.0,0,2252.2,4,0.0,0,0.0,0,0.0,0,0.0,0
2012-10-29T09:17:08.500,2251.8,4641,2251.6,27,0.0,0,0.0,0,0.0,0,0.0,0,2251.8,1,0.0,0,0.0,0,0.0,0,0.0,0
2012-10-29T09:17:09.000,2251.8,4643,2251.6,29,0.0,0,0.0,0,0.0,0,0.0,0,2252,1,0.0,0,0.0,0,0.0,0,0.0,0
2012-10-29T09:17:09.500,2251.8,4646,2251.8,3,0.0,0,0.0,0,0.0,0,0.0,0,2252.2,6,0.0,0,0.0,0,0.0,0,0.0,0
2012-10-29T09:17:10.250,2252,4650,2251.8,1,0.0,0,0.0,0,0.0,0,0.0,0,2252.2,5,0.0,0,0.0,0,0.0,0,0.0,0
2012-10-29T09:17:12.250,2251.8,4655,2251.8,24,0.0,0,0.0,0,0.0,0,0.0,0,2252,1,0.0,0,0.0,0,0.0,0,0.0,0
2012-10-29T09:17:13.250,2252,4656,2251.8,24,0.0,0,0.0,0,0.0,0,0.0,0,2252.2,23,0.0,0,0.0,0,0.0,0,0.0,0
2012-10-29T09:17:14.250,2251.8,4657,2251.8,29,0.0,0,0.0,0,0.0,0,0.0,0,2252,1,0.0,0,0.0,0,0.0,0,0.0,0
2012-10-29T09:17:16.000,2252,4658,2251.8,30,0.0,0,0.0,0,0.0,0,0.0,0,2252,4,0.0,0,0.0,0,0.0,0,0.0,0
2012-10-29T09:17:16.500,2252,4666,2251.8,26,0.0,0,0.0,0,0.0,0,0.0,0,2252,2,0.0,0,0.0,0,0.0,0,0.0,0
2012-10-29T09:17:17.250,2252,4667,2251.8,27,0.0,0,0.0,0,0.0,0,0.0,0,2252,8,0.0,0,0.0,0,0.0,0,0.0,0
2012-10-29T09:17:18.250,2252,4669,2251.8,28,0.0,0,0.0,0,0.0,0,0.0,0,2252,11,0.0,0,0.0,0,0.0,0,0.0,0
2012-10-29T09:17:19.000,2251.8,4681,2251.8,29,0.0,0,0.0,0,0.0,0,0.0,0,2252,1,0.0,0,0.0,0,0.0,0,0.0,0
2012-10-29T09:17:19.500,2252,4684,2251.8,29,0.0,0,0.0,0,0.0,0,0.0,0,2252.2,22,0.0,0,0.0,0,0.0,0,0.0,0
2012-10-29T09:17:20.000,2251.8,4689,2251.8,29,0.0,0,0.0,0,0.0,0,0.0,0,2252.2,22,0.0,0,0.0,0,0.0,0,0.0,0
2012-10-29T09:17:20.500,2252.2,4704,2251.8,29,0.0,0,0.0,0,0.0,0,0.0,0,2252.2,8,0.0,0,0.0,0,0.0,0,0.0,0
2012-10-29T09:17:21.000,2251.8,4713,2251.8,20,0.0,0,0.0,0,0.0,0,0.0,0,2252.2,10,0.0,0,0.0,0,0.0,0,0.0,0
2012-10-29T09:17:21.500,2251.8,4717,2252,23,0.0,0,0.0,0,0.0,0,0.0,0,2252.2,10,0.0,0,0.0,0,0.0,0,0.0,0
2012-10-29T09:17:22.000,2252,4729,2252,14,0.0,0,0.0,0,0.0,0,0.0,0,2252.2,10,0.0,0,0.0,0,0.0,0,0.0,0
2012-10-29T09:17:22.500,2252,4735,2252,18,0.0,0,0.0,0,0.0,0,0.0,0,2252.2,9,0.0,0,0.0,0,0.0,0,0.0,0
2012-10-29T09:17:23.000,2252.2,4736,2252,12,0.0,0,0.0,0,0.0,0,0.0,0,2252.2,8,0.0,0,0.0,0,0.0,0,0.0,0
2012-10-29T09:17:23.500,2252,4741,2252,10,0.0,0,0.0,0,0.0,0,0.0,0,2252.2,8,0.0,0,0.0,0,0.0,0,0.0,0
2012-10-29T09:17:24.000,2252.2,4743,2252,9,0.0,0,0.0,0,0.0,0,0.0,0,2252.2,8,0.0,0,0.0,0,0.0,0,0.0,0
2012-10-29T09:17:24.500,2252.2,4751,2252,9,0.0,0,0.0,0,0.0,0,0.0,0,2252.2,2,0.0,0,0.0,0,0.0,0,0.0,0
2012-10-29T09:17:25.000,2252.2,4753,2252,9,0.0,0,0.0,0,0.0,0,0.0,0,2252.2,1,0.0,0,0.0,0,0.0,0,0.0,0
2012-10-29T09:17:25.500,2252.2,4790,2251.6,51,0.0,0,0.0,0,0.0,0,0.0,0,2252.2,14,0.0,0,0.0,0,0.0,0,0.0,0
2012-10-29T09:17:26.250,2252,4802,2251.6,44,0.0,0,0.0,0,0.0,0,0.0,0,2252.2,17,0.0,0,0.0,0,0.0,0,0.0,0
2012-10-29T09:17:27.000,2252,4807,2251.8,1,0.0,0,0.0,0,0.0,0,0.0,0,2252.2,17,0.0,0,0.0,0,0.0,0,0.0,0
2012-10-29T09:17:27.500,2251.6,4831,2251.8,1,0.0,0,0.0,0,0.0,0,0.0,0,2252.2,16,0.0,0,0.0,0,0.0,0,0.0,0
2012-10-29T09:17:28.000,2251.8,4832,2251.6,26,0.0,0,0.0,0,0.0,0,0.0,0,2252,1,0.0,0,0.0,0,0.0,0,0.0,0
2012-10-29T09:17:28.500,2252,4837,2251.8,1,0.0,0,0.0,0,0.0,0,0.0,0,2252,5,0.0,0,0.0,0,0.0,0,0.0,0
2012-10-29T09:17:29.250,2252,4841,2251.8,9,0.0,0,0.0,0,0.0,0,0.0,0,2252,4,0.0,0,0.0,0,0.0,0,0.0,0
2012-10-29T09:17:30.000,2252,4842,2251.8,15,0.0,0,0.0,0,0.0,0,0.0,0,2252,3,0.0,0,0.0,0,0.0,0,0.0,0
2012-10-29T09:17:30.500,2252,4843,2251.8,15,0.0,0,0.0,0,0.0,0,0.0,0,2252,2,0.0,0,0.0,0,0.0,0,0.0,0
2012-10-29T09:17:31.000,2252,4846,2251.8,14,0.0,0,0.0,0,0.0,0,0.0,0,2252.2,23,0.0,0,0.0,0,0.0,0,0.0,0
2012-10-29T09:17:31.500,2251.8,4851,2251.8,10,0.0,0,0.0,0,0.0,0,0.0,0,2252.2,23,0.0,0,0.0,0,0.0,0,0.0,0
2012-10-29T09:17:32.000,2251.8,4852,2251.8,9,0.0,0,0.0,0,0.0,0,0.0,0,2252,2,0.0,0,0.0,0,0.0,0,0.0,0
2012-10-29T09:17:32.500,2252,4854,2251.8,8,0.0,0,0.0,0,0.0,0,0.0,0,2252,1,0.0,0,0.0,0,0.0,0,0.0,0
2012-10-29T09:17:33.250,2252,4859,2251.8,6,0.0,0,0.0,0,0.0,0,0.0,0,2252.2,25,0.0,0,0.0,0,0.0,0,0.0,0
2012-10-29T09:17:34.250,2251.8,4860,2251.8,8,0.0,0,0.0,0,0.0,0,0.0,0,2252,1,0.0,0,0.0,0,0.0,0,0.0,0
2012-10-29T09:17:35.000,2252,4864,2251.8,5,0.0,0,0.0,0,0.0,0,0.0,0,2252.2,22,0.0,0,0.0,0,0.0,0,0.0,0
2012-10-29T09:17:35.500,2252.2,4866,2251.8,6,0.0,0,0.0,0,0.0,0,0.0,0,2252.2,22,0.0,0,0.0,0,0.0,0,0.0,0
2012-10-29T09:17:37.250,2252,4868,2251.8,10,0.0,0,0.0,0,0.0,0,0.0,0,2252.2,22,0.0,0,0.0,0,0.0,0,0.0,0
2012-10-29T09:17:38.000,2252.2,4869,2251.8,15,0.0,0,0.0,0,0.0,0,0.0,0,2252.2,21,0.0,0,0.0,0,0.0,0,0.0,0
2012-10-29T09:17:38.500,2252.2,4870,2251.8,15,0.0,0,0.0,0,0.0,0,0.0,0,2252,1,0.0,0,0.0,0,0.0,0,0.0,0
2012-10-29T09:17:39.250,2252,4872,2251.8,18,0.0,0,0.0,0,0.0,0,0.0,0,2252.2,21,0.0,0,0.0,0,0.0,0,0.0,0
2012-10-29T09:17:40.250,2252,4877,2251.8,18,0.0,0,0.0,0,0.0,0,0.0,0,2252.2,22,0.0,0,0.0,0,0.0,0,0.0,0
2012-10-29T09:17:41.000,2252.2,4883,2252,1,0.0,0,0.0,0,0.0,0,0.0,0,2252.2,17,0.0,0,0.0,0,0.0,0,0.0,0
2012-10-29T09:17:41.500,2252.2,4884,2252,1,0.0,0,0.0,0,0.0,0,0.0,0,2252.2,16,0.0,0,0.0,0,0.0,0,0.0,0
2012-10-29T09:17:42.250,2252,4888,2252,8,0.0,0,0.0,0,0.0,0,0.0,0,2252.2,15,0.0,0,0.0,0,0.0,0,0.0,0
2012-10-29T09:17:43.250,2252.2,4889,2252,6,0.0,0,0.0,0,0.0,0,0.0,0,2252.2,14,0.0,0,0.0,0,0.0,0,0.0,0
2012-10-29T09:17:44.000,2252,4890,2252,5,0.0,0,0.0,0,0.0,0,0.0,0,2252.2,17,0.0,0,0.0,0,0.0,0,0.0,0
2012-10-29T09:17:44.500,2252.2,4891,2252,9,0.0,0,0.0,0,0.0,0,0.0,0,2252.2,17,0.0,0,0.0,0,0.0,0,0.0,0
2012-10-29T09:17:45.000,2252.2,4909,2252.2,32,0.0,0,0.0,0,0.0,0,0.0,0,2252.4,8,0.0,0,0.0,0,0.0,0,0.0,0
2012-10-29T09:17:45.500,2252.2,4911,2252.2,30,0.0,0,0.0,0,0.0,0,0.0,0,2252.4,9,0.0,0,0.0,0,0.0,0,0.0,0
2012-10-29T09:17:46.000,2252.4,4920,2252.4,18,0.0,0,0.0,0,0.0,0,0.0,0,2252.6,34,0.0,0,0.0,0,0.0,0,0.0,0
2012-10-29T09:17:46.500,2252.6,4925,2252.4,12,0.0,0,0.0,0,0.0,0,0.0,0,2252.6,29,0.0,0,0.0,0,0.0,0,0.0,0
2012-10-29T09:17:47.000,2252.6,4928,2252.4,13,0.0,0,0.0,0,0.0,0,0.0,0,2252.6,26,0.0,0,0.0,0,0.0,0,0.0,0
2012-10-29T09:17:47.500,2252.6,4948,2252.4,11,0.0,0,0.0,0,0.0,0,0.0,0,2252.6,8,0.0,0,0.0,0,0.0,0,0.0,0
2012-10-29T09:17:48.000,2252.6,4949,2252.4,17,0.0,0,0.0,0,0.0,0,0.0,0,2252.6,7,0.0,0,0.0,0,0.0,0,0.0,0
2012-10-29T09:17:48.500,2252.6,4952,2252.4,15,0.0,0,0.0,0,0.0,0,0.0,0,2252.6,6,0.0,0,0.0,0,0.0,0,0.0,0
2012-10-29T09:17:49.250,2252.8,4999,2252.8,3,0.0,0,0.0,0,0.0,0,0.0,0,2253,87,0.0,0,0.0,0,0.0,0,0.0,0
2012-10-29T09:17:50.000,2252.8,5002,2252.8,1,0.0,0,0.0,0,0.0,0,0.0,0,2253,86,0.0,0,0.0,0,0.0,0,0.0,0
2012-10-29T09:17:50.500,2252.8,5003,2252.6,2,0.0,0,0.0,0,0.0,0,0.0,0,2253,86,0.0,0,0.0,0,0.0,0,0.0,0
2012-10-29T09:17:51.000,2252.8,5008,2252.6,1,0.0,0,0.0,0,0.0,0,0.0,0,2252.8,3,0.0,0,0.0,0,0.0,0,0.0,0
2012-10-29T09:17:51.500,2253,5013,2252.6,3,0.0,0,0.0,0,0.0,0,0.0,0,2253,82,0.0,0,0.0,0,0.0,0,0.0,0
2012-10-29T09:17:52.250,2253,5014,2252.6,8,0.0,0,0.0,0,0.0,0,0.0,0,2252.8,4,0.0,0,0.0,0,0.0,0,0.0,0
2012-10-29T09:17:53.000,2252.6,5017,2252.6,12,0.0,0,0.0,0,0.0,0,0.0,0,2252.8,7,0.0,0,0.0,0,0.0,0,0.0,0
2012-10-29T09:17:53.500,2252.8,5022,2252.6,11,0.0,0,0.0,0,0.0,0,0.0,0,2252.8,7,0.0,0,0.0,0,0.0,0,0.0,0
2012-10-29T09:17:54.250,2252.8,5023,2252.6,13,0.0,0,0.0,0,0.0,0,0.0,0,2252.8,18,0.0,0,0.0,0,0.0,0,0.0,0
2012-10-29T09:17:55.000,2252.6,5024,2252.6,16,0.0,0,0.0,0,0.0,0,0.0,0,2252.8,18,0.0,0,0.0,0,0.0,0,0.0,0
2012-10-29T09:17:55.500,2252.8,5025,2252.6,16,0.0,0,0.0,0,0.0,0,0.0,0,2252.8,18,0.0,0,0.0,0,0.0,0,0.0,0
2012-10-29T09:17:57.000,2252.8,5043,2252.6,16,0.0,0,0.0,0,0.0,0,0.0,0,2252.8,5,0.0,0,0.0,0,0.0,0,0.0,0
2012-10-29T09:17:57.500,2252.8,5045,2252.6,16,0.0,0,0.0,0,0.0,0,0.0,0,2252.8,5,0.0,0,0.0,0,0.0,0,0.0,0
2012-10-29T09:17:58.000,2252.6,5050,2252.6,13,0.0,0,0.0,0,0.0,0,0.0,0,2252.8,3,0.0,0,0.0,0,0.0,0,0.0,0
2012-10-29T09:17:58.500,2252.6,5061,2252.6,3,0.0,0,0.0,0,0.0,0,0.0,0,2252.8,14,0.0,0,0.0,0,0.0,0,0.0,0
2012-10-29T09:17:59.000,2252.6,5071,2252.4,21,0.0,0,0.0,0,0.0,0,0.0,0,2252.6,8,0.0,0,0.0,0,0.0,0,0.0,0
2012-10-29T09:17:59.500,2252.6,5079,2252.4,19,0.0,0,0.0,0,0.0,0,0.0,0,2252.6,1,0.0,0,0.0,0,0.0,0,0.0,0
2012-10-29T09:18:00.000,2252.8,5082,2252.4,19,0.0,0,0.0,0,0.0,0,0.0,0,2252.8,19,0.0,0,0.0,0,0.0,0,0.0,0
2012-10-29T09:18:00.500,2252.4,5083,2252.4,18,0.0,0,0.0,0,0.0,0,0.0,0,2252.6,1,0.0,0,0.0,0,0.0,0,0.0,0
2012-10-29T09:18:01.000,2252.6,5085,2252.4,17,0.0,0,0.0,0,0.0,0,0.0,0,2252.6,1,0.0,0,0.0,0,0.0,0,0.0,0
2012-10-29T09:18:01.500,2252.4,5105,2252.2,37,0.0,0,0.0,0,0.0,0,0.0,0,2252.4,24,0.0,0,0.0,0,0.0,0,0.0,0
2012-10-29T09:18:02.000,2252.4,5112,2252.2,39,0.0,0,0.0,0,0.0,0,0.0,0,2252.4,18,0.0,0,0.0,0,0.0,0,0.0,0
2012-10-29T09:18:02.500,2252.2,5114,2252.2,36,0.0,0,0.0,0,0.0,0,0.0,0,2252.4,18,0.0,0,0.0,0,0.0,0,0.0,0
2012-10-29T09:18:03.000,2252.2,5117,2252.2,35,0.0,0,0.0,0,0.0,0,0.0,0,2252.4,17,0.0,0,0.0,0,0.0,0,0.0,0
2012-10-29T09:18:03.500,2252.2,5126,2252.2,28,0.0,0,0.0,0,0.0,0,0.0,0,2252.4,19,0.0,0,0.0,0,0.0,0,0.0,0
2012-10-29T09:18:04.000,2251.8,5192,2251.8,17,0.0,0,0.0,0,0.0,0,0.0,0,2252,25,0.0,0,0.0,0,0.0,0,0.0,0
2012-10-29T09:18:04.500,2252,5197,2251.8,17,0.0,0,0.0,0,0.0,0,0.0,0,2252,21,0.0,0,0.0,0,0.0,0,0.0,0
2012-10-29T09:18:05.000,2252,5201,2251.8,17,0.0,0,0.0,0,0.0,0,0.0,0,2252,17,0.0,0,0.0,0,0.0,0,0.0,0
2012-10-29T09:18:05.500,2251.8,5211,2251.8,7,0.0,0,0.0,0,0.0,0,0.0,0,2252,15,0.0,0,0.0,0,0.0,0,0.0,0
2012-10-29T09:18:06.000,2252,5212,2251.8,7,0.0,0,0.0,0,0.0,0,0.0,0,2252,15,0.0,0,0.0,0,0.0,0,0.0,0
2012-10-29T09:18:06.500,2252,5213,2251.8,8,0.0,0,0.0,0,0.0,0,0.0,0,2252,14,0.0,0,0.0,0,0.0,0,0.0,0
2012-10-29T09:18:07.000,2251.8,5217,2251.8,4,0.0,0,0.0,0,0.0,0,0.0,0,2252,14,0.0,0,0.0,0,0.0,0,0.0,0
2012-10-29T09:18:07.500,2252,5221,2251.8,5,0.0,0,0.0,0,0.0,0,0.0,0,2252,10,0.0,0,0.0,0,0.0,0,0.0,0
2012-10-29T09:18:08.000,2252,5223,2251.8,4,0.0,0,0.0,0,0.0,0,0.0,0,2252,9,0.0,0,0.0,0,0.0,0,0.0,0
2012-10-29T09:18:08.500,2252,5236,2252,1,0.0,0,0.0,0,0.0,0,0.0,0,2252.2,4,0.0,0,0.0,0,0.0,0,0.0,0
2012-10-29T09:18:09.000,2252,5240,2251.8,16,0.0,0,0.0,0,0.0,0,0.0,0,2252.2,2,0.0,0,0.0,0,0.0,0,0.0,0
2012-10-29T09:18:09.500,2251.8,5242,2251.8,14,0.0,0,0.0,0,0.0,0,0.0,0,2252,3,0.0,0,0.0,0,0.0,0,0.0,0
2012-10-29T09:18:10.250,2251.8,5248,2251.8,9,0.0,0,0.0,0,0.0,0,0.0,0,2252,3,0.0,0,0.0,0,0.0,0,0.0,0
2012-10-29T09:18:11.000,2251.8,5255,2251.8,2,0.0,0,0.0,0,0.0,0,0.0,0,2252,3,0.0,0,0.0,0,0.0,0,0.0,0
2012-10-29T09:18:11.500,2252,5259,2252,7,0.0,0,0.0,0,0.0,0,0.0,0,2252.2,3,0.0,0,0.0,0,0.0,0,0.0,0
2012-10-29T09:18:12.250,2252,5262,2252,5,0.0,0,0.0,0,0.0,0,0.0,0,2252.2,5,0.0,0,0.0,0,0.0,0,0.0,0
2012-10-29T09:18:13.250,2252,5265,2252,4,0.0,0,0.0,0,0.0,0,0.0,0,2252.2,5,0.0,0,0.0,0,0.0,0,0.0,0
2012-10-29T09:18:15.250,2252,5269,2251.8,11,0.0,0,0.0,0,0.0,0,0.0,0,2252,1,0.0,0,0.0,0,0.0,0,0.0,0
2012-10-29T09:18:16.000,2252,5271,2251.8,12,0.0,0,0.0,0,0.0,0,0.0,0,2252,2,0.0,0,0.0,0,0.0,0,0.0,0
2012-10-29T09:18:16.500,2252,5276,2251.8,12,0.0,0,0.0,0,0.0,0,0.0,0,2252.2,2,0.0,0,0.0,0,0.0,0,0.0,0
2012-10-29T09:18:17.000,2252,5277,2252,1,0.0,0,0.0,0,0.0,0,0.0,0,2252.2,3,0.0,0,0.0,0,0.0,0,0.0,0
2012-10-29T09:18:17.500,2252.2,5279,2252,1,0.0,0,0.0,0,0.0,0,0.0,0,2252.2,9,0.0,0,0.0,0,0.0,0,0.0,0
2012-10-29T09:18:18.250,2252,5282,2252,9,0.0,0,0.0,0,0.0,0,0.0,0,2252.2,9,0.0,0,0.0,0,0.0,0,0.0,0
2012-10-29T09:18:19.000,2252,5307,2251.8,10,0.0,0,0.0,0,0.0,0,0.0,0,2252.2,9,0.0,0,0.0,0,0.0,0,0.0,0
2012-10-29T09:18:19.500,2252.2,5308,2251.8,10,0.0,0,0.0,0,0.0,0,0.0,0,2252.2,9,0.0,0,0.0,0,0.0,0,0.0,0
2012-10-29T09:18:20.000,2252.4,5318,2251.8,10,0.0,0,0.0,0,0.0,0,0.0,0,2252.2,5,0.0,0,0.0,0,0.0,0,0.0,0
2012-10-29T09:18:20.500,2252,5323,2252,45,0.0,0,0.0,0,0.0,0,0.0,0,2252.2,5,0.0,0,0.0,0,0.0,0,0.0,0
2012-10-29T09:18:21.000,2252.2,5327,2252,46,0.0,0,0.0,0,0.0,0,0.0,0,2252.2,5,0.0,0,0.0,0,0.0,0,0.0,0
2012-10-29T09:18:21.500,2252.4,5339,2252.2,17,0.0,0,0.0,0,0.0,0,0.0,0,2252.4,32,0.0,0,0.0,0,0.0,0,0.0,0
2012-10-29T09:18:22.250,2252.4,5362,2252,42,0.0,0,0.0,0,0.0,0,0.0,0,2252.4,30,0.0,0,0.0,0,0.0,0,0.0,0
2012-10-29T09:18:23.250,2252.4,5365,2252.2,4,0.0,0,0.0,0,0.0,0,0.0,0,2252.4,33,0.0,0,0.0,0,0.0,0,0.0,0
2012-10-29T09:18:24.250,2252.2,5368,2252.2,2,0.0,0,0.0,0,0.0,0,0.0,0,2252.4,32,0.0,0,0.0,0,0.0,0,0.0,0
2012-10-29T09:18:25.250,2252,5373,2252,48,0.0,0,0.0,0,0.0,0,0.0,0,2252.2,3,0.0,0,0.0,0,0.0,0,0.0,0
2012-10-29T09:18:26.000,2252.2,5374,2252,48,0.0,0,0.0,0,0.0,0,0.0,0,2252.2,2,0.0,0,0.0,0,0.0,0,0.0,0
2012-10-29T09:18:26.500,2252.2,5376,2252,48,0.0,0,0.0,0,0.0,0,0.0,0,2252.4,34,0.0,0,0.0,0,0.0,0,0.0,0
2012-10-29T09:18:28.000,2252.2,5379,2252,48,0.0,0,0.0,0,0.0,0,0.0,0,2252.2,24,0.0,0,0.0,0,0.0,0,0.0,0
2012-10-29T09:18:28.500,2252.2,5382,2252,44,0.0,0,0.0,0,0.0,0,0.0,0,2252.2,30,0.0,0,0.0,0,0.0,0,0.0,0
2012-10-29T09:18:29.000,2252.2,5383,2252,44,0.0,0,0.0,0,0.0,0,0.0,0,2252.2,29,0.0,0,0.0,0,0.0,0,0.0,0
2012-10-29T09:18:29.500,2252,5388,2252,39,0.0,0,0.0,0,0.0,0,0.0,0,2252.2,29,0.0,0,0.0,0,0.0,0,0.0,0
2012-10-29T09:18:30.250,2252,5428,2251.8,15,0.0,0,0.0,0,0.0,0,0.0,0,2252,30,0.0,0,0.0,0,0.0,0,0.0,0
2012-10-29T09:18:31.000,2251.8,5443,2251.6,45,0.0,0,0.0,0,0.0,0,0.0,0,2251.8,16,0.0,0,0.0,0,0.0,0,0.0,0
2012-10-29T09:18:31.500,2251.6,5448,2251.6,40,0.0,0,0.0,0,0.0,0,0.0,0,2251.8,23,0.0,0,0.0,0,0.0,0,0.0,0
2012-10-29T09:18:32.000,2251.8,5449,2251.6,40,0.0,0,0.0,0,0.0,0,0.0,0,2251.8,29,0.0,0,0.0,0,0.0,0,0.0,0
2012-10-29T09:18:32.500,2251.6,5450,2251.6,39,0.0,0,0.0,0,0.0,0,0.0,0,2251.8,29,0.0,0,0.0,0,0.0,0,0.0,0
2012-10-29T09:18:33.000,2251.8,5454,2251.6,38,0.0,0,0.0,0,0.0,0,0.0,0,2251.8,26,0.0,0,0.0,0,0.0,0,0.0,0
2012-10-29T09:18:33.500,2251.8,5456,2251.6,36,0.0,0,0.0,0,0.0,0,0.0,0,2251.8,25,0.0,0,0.0,0,0.0,0,0.0,0
2012-10-29T09:18:34.250,2251.6,5457,2251.6,35,0.0,0,0.0,0,0.0,0,0.0,0,2251.8,25,0.0,0,0.0,0,0.0,0,0.0,0
2012-10-29T09:18:35.000,2251.6,5468,2251.6,24,0.0,0,0.0,0,0.0,0,0.0,0,2251.8,25,0.0,0,0.0,0,0.0,0,0.0,0
2012-10-29T09:18:35.500,2251.6,5469,2251.6,23,0.0,0,0.0,0,0.0,0,0.0,0,2251.8,25,0.0,0,0.0,0,0.0,0,0.0,0
2012-10-29T09:18:36.000,2251.6,5474,2251.6,18,0.0,0,0.0,0,0.0,0,0.0,0,2251.8,25,0.0,0,0.0,0,0.0,0,0.0,0
2012-10-29T09:18:36.500,2251.8,5508,2251.8,11,0.0,0,0.0,0,0.0,0,0.0,0,2252,41,0.0,0,0.0,0,0.0,0,0.0,0
2012-10-29T09:18:37.000,2251.8,5509,2251.8,10,0.0,0,0.0,0,0.0,0,0.0,0,2252,41,0.0,0,0.0,0,0.0,0,0.0,0
2012-10-29T09:18:37.500,2251.8,5510,2251.8,9,0.0,0,0.0,0,0.0,0,0.0,0,2252,41,0.0,0,0.0,0,0.0,0,0.0,0
2012-10-29T09:18:38.000,2251.8,5512,2251.8,8,0.0,0,0.0,0,0.0,0,0.0,0,2252,41,0.0,0,0.0,0,0.0,0,0.0,0
2012-10-29T09:18:38.500,2251.8,5513,2251.8,17,0.0,0,0.0,0,0.0,0,0.0,0,2252,41,0.0,0,0.0,0,0.0,0,0.0,0
2012-10-29T09:18:39.000,2251.8,5514,2251.8,17,0.0,0,0.0,0,0.0,0,0.0,0,2252,42,0.0,0,0.0,0,0.0,0,0.0,0
2012-10-29T09:18:39.500,2251.8,5515,2251.8,16,0.0,0,0.0,0,0.0,0,0.0,0,2252,42,0.0,0,0.0,0,0.0,0,0.0,0
2012-10-29T09:18:40.000,2251.8,5516,2251.8,15,0.0,0,0.0,0,0.0,0,0.0,0,2252,43,0.0,0,0.0,0,0.0,0,0.0,0
2012-10-29T09:18:40.500,2252,5517,2251.8,15,0.0,0,0.0,0,0.0,0,0.0,0,2252,47,0.0,0,0.0,0,0.0,0,0.0,0
2012-10-29T09:18:41.250,2251.8,5522,2251.8,10,0.0,0,0.0,0,0.0,0,0.0,0,2252,47,0.0,0,0.0,0,0.0,0,0.0,0
2012-10-29T09:18:42.250,2251.8,5523,2251.8,11,0.0,0,0.0,0,0.0,0,0.0,0,2252,54,0.0,0,0.0,0,0.0,0,0.0,0
2012-10-29T09:18:43.250,2251.8,5573,2251.8,6,0.0,0,0.0,0,0.0,0,0.0,0,2252,9,0.0,0,0.0,0,0.0,0,0.0,0
2012-10-29T09:18:44.250,2252,5575,2251.8,7,0.0,0,0.0,0,0.0,0,0.0,0,2252,9,0.0,0,0.0,0,0.0,0,0.0,0
2012-10-29T09:18:45.250,2251.8,5582,2251.6,61,0.0,0,0.0,0,0.0,0,0.0,0,2252,12,0.0,0,0.0,0,0.0,0,0.0,0
2012-10-29T09:18:46.000,2252,5596,2252,37,0.0,0,0.0,0,0.0,0,0.0,0,2252.2,32,0.0,0,0.0,0,0.0,0,0.0,0
2012-10-29T09:18:46.500,2252,5612,2252,23,0.0,0,0.0,0,0.0,0,0.0,0,2252.2,30,0.0,0,0.0,0,0.0,0,0.0,0
2012-10-29T09:18:47.250,2252,5619,2252,21,0.0,0,0.0,0,0.0,0,0.0,0,2252.2,29,0.0,0,0.0,0,0.0,0,0.0,0
2012-10-29T09:18:48.000,2252,5640,2252,15,0.0,0,0.0,0,0.0,0,0.0,0,2252.2,14,0.0,0,0.0,0,0.0,0,0.0,0
2012-10-29T09:18:48.500,2252,5651,2252,4,0.0,0,0.0,0,0.0,0,0.0,0,2252.2,14,0.0,0,0.0,0,0.0,0,0.0,0
2012-10-29T09:18:49.250,2252,5662,2251.8,37,0.0,0,0.0,0,0.0,0,0.0,0,2252,4,0.0,0,0.0,0,0.0,0,0.0,0
2012-10-29T09:18:50.000,2251.8,5675,2251.8,26,0.0,0,0.0,0,0.0,0,0.0,0,2252,5,0.0,0,0.0,0,0.0,0,0.0,0
2012-10-29T09:18:50.500,2251.8,5686,2251.8,14,0.0,0,0.0,0,0.0,0,0.0,0,2252,5,0.0,0,0.0,0,0.0,0,0.0,0
2012-10-29T09:18:51.000,2251.8,5687,2251.8,13,0.0,0,0.0,0,0.0,0,0.0,0,2252,4,0.0,0,0.0,0,0.0,0,0.0,0
2012-10-29T09:18:51.500,2252,5689,2251.8,13,0.0,0,0.0,0,0.0,0,0.0,0,2252,4,0.0,0,0.0,0,0.0,0,0.0,0
2012-10-29T09:18:52.000,2252,5694,2252,41,0.0,0,0.0,0,0.0,0,0.0,0,2252.2,16,0.0,0,0.0,0,0.0,0,0.0,0
2012-10-29T09:18:52.500,2252,5695,2252,41,0.0,0,0.0,0,0.0,0,0.0,0,2252.2,18,0.0,0,0.0,0,0.0,0,0.0,0
2012-10-29T09:18:54.250,2252,5696,2252,42,0.0,0,0.0,0,0.0,0,0.0,0,2252.2,16,0.0,0,0.0,0,0.0,0,0.0,0
2012-10-29T09:18:55.000,2252,5697,2252,41,0.0,0,0.0,0,0.0,0,0.0,0,2252.2,17,0.0,0,0.0,0,0.0,0,0.0,0
2012-10-29T09:18:55.500,2252,5698,2252,40,0.0,0,0.0,0,0.0,0,0.0,0,2252.2,27,0.0,0,0.0,0,0.0,0,0.0,0
2012-10-29T09:18:56.250,2252,5703,2252,35,0.0,0,0.0,0,0.0,0,0.0,0,2252.2,28,0.0,0,0.0,0,0.0,0,0.0,0
2012-10-29T09:18:57.250,2252,5705,2252,34,0.0,0,0.0,0,0.0,0,0.0,0,2252.2,28,0.0,0,0.0,0,0.0,0,0.0,0
2012-10-29T09:18:58.000,2252,5706,2252,33,0.0,0,0.0,0,0.0,0,0.0,0,2252.2,28,0.0,0,0.0,0,0.0,0,0.0,0
2012-10-29T09:18:58.500,2252.2,5707,2252,33,0.0,0,0.0,0,0.0,0,0.0,0,2252.2,28,0.0,0,0.0,0,0.0,0,0.0,0
2012-10-29T09:18:59.000,2252.2,5708,2252,33,0.0,0,0.0,0,0.0,0,0.0,0,2252.2,27,0.0,0,0.0,0,0.0,0,0.0,0
2012-10-29T09:18:59.500,2252.2,5709,2252,33,0.0,0,0.0,0,0.0,0,0.0,0,2252.2,26,0.0,0,0.0,0,0.0,0,0.0,0
2012-10-29T09:19:00.000,2252.2,5710,2252,33,0.0,0,0.0,0,0.0,0,0.0,0,2252.2,25,0.0,0,0.0,0,0.0,0,0.0,0
2012-10-29T09:19:00.500,2252.2,5712,2252,32,0.0,0,0.0,0,0.0,0,0.0,0,2252.2,24,0.0,0,0.0,0,0.0,0,0.0,0
2012-10-29T09:19:01.000,2252,5714,2252,31,0.0,0,0.0,0,0.0,0,0.0,0,2252.2,23,0.0,0,0.0,0,0.0,0,0.0,0
2012-10-29T09:19:01.500,2252.2,5717,2252,31,0.0,0,0.0,0,0.0,0,0.0,0,2252.2,21,0.0,0,0.0,0,0.0,0,0.0,0
2012-10-29T09:19:02.000,2252.2,5721,2252,30,0.0,0,0.0,0,0.0,0,0.0,0,2252.2,19,0.0,0,0.0,0,0.0,0,0.0,0
2012-10-29T09:19:02.500,2252,5722,2252,29,0.0,0,0.0,0,0.0,0,0.0,0,2252.2,19,0.0,0,0.0,0,0.0,0,0.0,0
2012-10-29T09:19:03.250,2252,5723,2252,28,0.0,0,0.0,0,0.0,0,0.0,0,2252.2,19,0.0,0,0.0,0,0.0,0,0.0,0
2012-10-29T09:19:04.250,2252.2,5724,2252,29,0.0,0,0.0,0,0.0,0,0.0,0,2252.2,18,0.0,0,0.0,0,0.0,0,0.0,0
2012-10-29T09:19:05.250,2252,5725,2252,28,0.0,0,0.0,0,0.0,0,0.0,0,2252.2,19,0.0,0,0.0,0,0.0,0,0.0,0
2012-10-29T09:19:06.000,2252.2,5726,2252,29,0.0,0,0.0,0,0.0,0,0.0,0,2252.2,18,0.0,0,0.0,0,0.0,0,0.0,0
2012-10-29T09:19:06.500,2252,5737,2252,18,0.0,0,0.0,0,0.0,0,0.0,0,2252.2,20,0.0,0,0.0,0,0.0,0,0.0,0
2012-10-29T09:19:07.250,2252.2,5739,2252,18,0.0,0,0.0,0,0.0,0,0.0,0,2252.2,18,0.0,0,0.0,0,0.0,0,0.0,0
2012-10-29T09:19:08.000,2252,5740,2252,19,0.0,0,0.0,0,0.0,0,0.0,0,2252.2,28,0.0,0,0.0,0,0.0,0,0.0,0
2012-10-29T09:19:08.500,2252,5757,2252,3,0.0,0,0.0,0,0.0,0,0.0,0,2252.2,27,0.0,0,0.0,0,0.0,0,0.0,0
2012-10-29T09:19:09.000,2252,5760,2251.8,20,0.0,0,0.0,0,0.0,0,0.0,0,2252,7,0.0,0,0.0,0,0.0,0,0.0,0
2012-10-29T09:19:09.500,2252,5761,2251.8,20,0.0,0,0.0,0,0.0,0,0.0,0,2252,7,0.0,0,0.0,0,0.0,0,0.0,0
2012-10-29T09:19:10.000,2251.8,5763,2251.8,18,0.0,0,0.0,0,0.0,0,0.0,0,2252,6,0.0,0,0.0,0,0.0,0,0.0,0
2012-10-29T09:19:10.500,2252,5764,2251.8,18,0.0,0,0.0,0,0.0,0,0.0,0,2252,5,0.0,0,0.0,0,0.0,0,0.0,0
2012-10-29T09:19:11.000,2251.8,5765,2251.8,20,0.0,0,0.0,0,0.0,0,0.0,0,2252,12,0.0,0,0.0,0,0.0,0,0.0,0
2012-10-29T09:19:11.500,2252,5768,2251.8,20,0.0,0,0.0,0,0.0,0,0.0,0,2252,8,0.0,0,0.0,0,0.0,0,0.0,0
2012-10-29T09:19:12.000,2251.8,5777,2251.8,13,0.0,0,0.0,0,0.0,0,0.0,0,2252,8,0.0,0,0.0,0,0.0,0,0.0,0
2012-10-29T09:19:12.500,2252,5778,2251.8,13,0.0,0,0.0,0,0.0,0,0.0,0,2252,8,0.0,0,0.0,0,0.0,0,0.0,0
2012-10-29T09:19:13.000,2251.8,5782,2251.8,12,0.0,0,0.0,0,0.0,0,0.0,0,2252,6,0.0,0,0.0,0,0.0,0,0.0,0
2012-10-29T09:19:13.500,2252,5800,2251.6,28,0.0,0,0.0,0,0.0,0,0.0,0,2252,5,0.0,0,0.0,0,0.0,0,0.0,0
2012-10-29T09:19:15.000,2251.6,5803,2251.6,26,0.0,0,0.0,0,0.0,0,0.0,0,2251.8,11,0.0,0,0.0,0,0.0,0,0.0,0
2012-10-29T09:19:15.500,2251.6,5806,2251.6,23,0.0,0,0.0,0,0.0,0,0.0,0,2251.8,11,0.0,0,0.0,0,0.0,0,0.0,0
2012-10-29T09:19:16.000,2251.8,5820,2251.8,38,0.0,0,0.0,0,0.0,0,0.0,0,2252,5,0.0,0,0.0,0,0.0,0,0.0,0
2012-10-29T09:19:16.500,2251.8,5823,2251.8,35,0.0,0,0.0,0,0.0,0,0.0,0,2252,6,0.0,0,0.0,0,0.0,0,0.0,0
2012-10-29T09:19:17.000,2251.2,5917,2251.2,33,0.0,0,0.0,0,0.0,0,0.0,0,2251.8,2,0.0,0,0.0,0,0.0,0,0.0,0
2012-10-29T09:19:17.500,2251.2,5919,2251.2,34,0.0,0,0.0,0,0.0,0,0.0,0,2251.8,18,0.0,0,0.0,0,0.0,0,0.0,0
2012-10-29T09:19:18.000,2251.8,5939,2251.4,16,0.0,0,0.0,0,0.0,0,0.0,0,2251.6,1,0.0,0,0.0,0,0.0,0,0.0,0
2012-10-29T09:19:18.500,2251.4,5955,2251.4,6,0.0,0,0.0,0,0.0,0,0.0,0,2251.6,11,0.0,0,0.0,0,0.0,0,0.0,0
2012-10-29T09:19:19.000,2251.2,5967,2251.2,32,0.0,0,0.0,0,0.0,0,0.0,0,2251.4,5,0.0,0,0.0,0,0.0,0,0.0,0
2012-10-29T09:19:19.500,2251.2,5982,2251.2,13,0.0,0,0.0,0,0.0,0,0.0,0,2251.4,4,0.0,0,0.0,0,0.0,0,0.0,0
2012-10-29T09:19:20.000,2251.2,5988,2251.2,9,0.0,0,0.0,0,0.0,0,0.0,0,2251.4,3,0.0,0,0.0,0,0.0,0,0.0,0
2012-10-29T09:19:20.500,2251.2,6004,2251,69,0.0,0,0.0,0,0.0,0,0.0,0,2251.2,1,0.0,0,0.0,0,0.0,0,0.0,0
2012-10-29T09:19:21.000,2251.2,6009,2251,67,0.0,0,0.0,0,0.0,0,0.0,0,2251.2,10,0.0,0,0.0,0,0.0,0,0.0,0
2012-10-29T09:19:21.500,2251.2,6023,2251,63,0.0,0,0.0,0,0.0,0,0.0,0,2251.4,3,0.0,0,0.0,0,0.0,0,0.0,0
2012-10-29T09:19:22.000,2251.2,6026,2251.2,4,0.0,0,0.0,0,0.0,0,0.0,0,2251.4,4,0.0,0,0.0,0,0.0,0,0.0,0
2012-10-29T09:19:22.500,2251.2,6039,2251.2,21,0.0,0,0.0,0,0.0,0,0.0,0,2251.4,4,0.0,0,0.0,0,0.0,0,0.0,0
2012-10-29T09:19:23.000,2251.2,6062,2251.2,2,0.0,0,0.0,0,0.0,0,0.0,0,2251.4,11,0.0,0,0.0,0,0.0,0,0.0,0
2012-10-29T09:19:23.500,2251,6065,2251,58,0.0,0,0.0,0,0.0,0,0.0,0,2251.2,6,0.0,0,0.0,0,0.0,0,0.0,0
2012-10-29T09:19:24.000,2251.2,6069,2251,56,0.0,0,0.0,0,0.0,0,0.0,0,2251.2,5,0.0,0,0.0,0,0.0,0,0.0,0
2012-10-29T09:19:24.500,2251,6071,2251,55,0.0,0,0.0,0,0.0,0,0.0,0,2251.2,4,0.0,0,0.0,0,0.0,0,0.0,0
2012-10-29T09:19:25.000,2251.4,6087,2251.4,30,0.0,0,0.0,0,0.0,0,0.0,0,2251.6,12,0.0,0,0.0,0,0.0,0,0.0,0
2012-10-29T09:19:25.500,2251.4,6092,2251.4,25,0.0,0,0.0,0,0.0,0,0.0,0,2251.6,12,0.0,0,0.0,0,0.0,0,0.0,0
2012-10-29T09:19:26.000,2251.4,6094,2251.4,23,0.0,0,0.0,0,0.0,0,0.0,0,2251.6,14,0.0,0,0.0,0,0.0,0,0.0,0
2012-10-29T09:19:26.500,2251.6,6096,2251.4,22,0.0,0,0.0,0,0.0,0,0.0,0,2251.6,10,0.0,0,0.0,0,0.0,0,0.0,0
2012-10-29T09:19:27.000,2251.4,6100,2251.4,19,0.0,0,0.0,0,0.0,0,0.0,0,2251.6,10,0.0,0,0.0,0,0.0,0,0.0,0
2012-10-29T09:19:27.500,2251.4,6106,2251.4,13,0.0,0,0.0,0,0.0,0,0.0,0,2251.6,10,0.0,0,0.0,0,0.0,0,0.0,0
2012-10-29T09:19:28.000,2251.4,6109,2251.4,10,0.0,0,0.0,0,0.0,0,0.0,0,2251.6,9,0.0,0,0.0,0,0.0,0,0.0,0
2012-10-29T09:19:28.500,2251,6177,2251,10,0.0,0,0.0,0,0.0,0,0.0,0,2251.4,1,0.0,0,0.0,0,0.0,0,0.0,0
2012-10-29T09:19:29.000,2251.4,6182,2251.4,10,0.0,0,0.0,0,0.0,0,0.0,0,2251.6,8,0.0,0,0.0,0,0.0,0,0.0,0
2012-10-29T09:19:29.500,2251.4,6192,2251.2,1,0.0,0,0.0,0,0.0,0,0.0,0,2251.4,7,0.0,0,0.0,0,0.0,0,0.0,0
2012-10-29T09:19:30.000,2251.4,6194,2251,28,0.0,0,0.0,0,0.0,0,0.0,0,2251.4,9,0.0,0,0.0,0,0.0,0,0.0,0
2012-10-29T09:19:30.500,2251,6198,2251,28,0.0,0,0.0,0,0.0,0,0.0,0,2251.4,8,0.0,0,0.0,0,0.0,0,0.0,0
2012-10-29T09:19:31.000,2251.4,6199,2251,27,0.0,0,0.0,0,0.0,0,0.0,0,2251.2,5,0.0,0,0.0,0,0.0,0,0.0,0
2012-10-29T09:19:31.500,2251,6202,2251,26,0.0,0,0.0,0,0.0,0,0.0,0,2251.2,4,0.0,0,0.0,0,0.0,0,0.0,0
2012-10-29T09:19:32.000,2251.2,6210,2251,19,0.0,0,0.0,0,0.0,0,0.0,0,2251.2,3,0.0,0,0.0,0,0.0,0,0.0,0
2012-10-29T09:19:32.500,2251,6213,2251,17,0.0,0,0.0,0,0.0,0,0.0,0,2251.2,3,0.0,0,0.0,0,0.0,0,0.0,0
2012-10-29T09:19:33.000,2250.8,6247,2250.6,11,0.0,0,0.0,0,0.0,0,0.0,0,2250.8,10,0.0,0,0.0,0,0.0,0,0.0,0
2012-10-29T09:19:33.500,2251,6284,2250.4,34,0.0,0,0.0,0,0.0,0,0.0,0,2251,35,0.0,0,0.0,0,0.0,0,0.0,0
2012-10-29T09:19:34.000,2250.4,6306,2250.4,14,0.0,0,0.0,0,0.0,0,0.0,0,2251,41,0.0,0,0.0,0,0.0,0,0.0,0
2012-10-29T09:19:34.500,2250.8,6340,2250.2,28,0.0,0,0.0,0,0.0,0,0.0,0,2250.8,15,0.0,0,0.0,0,0.0,0,0.0,0
2012-10-29T09:19:35.000,2250.2,6369,2250.2,24,0.0,0,0.0,0,0.0,0,0.0,0,2250.4,2,0.0,0,0.0,0,0.0,0,0.0,0
2012-10-29T09:19:35.500,2250.2,6402,2250,52,0.0,0,0.0,0,0.0,0,0.0,0,2250.2,5,0.0,0,0.0,0,0.0,0,0.0,0
2012-10-29T09:19:36.000,2250,6409,2250,50,0.0,0,0.0,0,0.0,0,0.0,0,2250.2,41,0.0,0,0.0,0,0.0,0,0.0,0
2012-10-29T09:19:36.500,2249.8,6467,2249.6,7,0.0,0,0.0,0,0.0,0,0.0,0,2250,39,0.0,0,0.0,0,0.0,0,0.0,0
2012-10-29T09:19:37.000,2249.6,6479,2249.4,7,0.0,0,0.0,0,0.0,0,0.0,0,2249.6,35,0.0,0,0.0,0,0.0,0,0.0,0
2012-10-29T09:19:37.500,2249.4,6495,2249,7,0.0,0,0.0,0,0.0,0,0.0,0,2249.2,2,0.0,0,0.0,0,0.0,0,0.0,0
2012-10-29T09:19:38.000,2249,6547,2249,24,0.0,0,0.0,0,0.0,0,0.0,0,2249.4,5,0.0,0,0.0,0,0.0,0,0.0,0
2012-10-29T09:19:38.500,2249.4,6590,2249.2,41,0.0,0,0.0,0,0.0,0,0.0,0,2249.4,3,0.0,0,0.0,0,0.0,0,0.0,0
2012-10-29T09:19:39.000,2249.4,6671,2249.4,13,0.0,0,0.0,0,0.0,0,0.0,0,2249.6,27,0.0,0,0.0,0,0.0,0,0.0,0
2012-10-29T09:19:39.500,2249.2,6738,2249.2,35,0.0,0,0.0,0,0.0,0,0.0,0,2249.6,10,0.0,0,0.0,0,0.0,0,0.0,0
2012-10-29T09:19:40.000,2249.2,6754,2249.2,24,0.0,0,0.0,0,0.0,0,0.0,0,2249.4,9,0.0,0,0.0,0,0.0,0,0.0,0
2012-10-29T09:19:40.500,2249.2,6782,2249.2,19,0.0,0,0.0,0,0.0,0,0.0,0,2249.4,9,0.0,0,0.0,0,0.0,0,0.0,0
2012-10-29T09:19:41.000,2249.2,6815,2248.8,28,0.0,0,0.0,0,0.0,0,0.0,0,2249.2,12,0.0,0,0.0,0,0.0,0,0.0,0
2012-10-29T09:19:41.500,2249,6820,2248.8,33,0.0,0,0.0,0,0.0,0,0.0,0,2249,29,0.0,0,0.0,0,0.0,0,0.0,0
2012-10-29T09:19:42.000,2249,6844,2248.8,16,0.0,0,0.0,0,0.0,0,0.0,0,2249,12,0.0,0,0.0,0,0.0,0,0.0,0
2012-10-29T09:19:42.500,2248.8,6886,2248.6,14,0.0,0,0.0,0,0.0,0,0.0,0,2248.8,9,0.0,0,0.0,0,0.0,0,0.0,0
2012-10-29T09:19:43.000,2248.6,6906,2248.6,34,0.0,0,0.0,0,0.0,0,0.0,0,2248.8,3,0.0,0,0.0,0,0.0,0,0.0,0
2012-10-29T09:19:43.500,2248.8,6926,2248.8,3,0.0,0,0.0,0,0.0,0,0.0,0,2249.2,26,0.0,0,0.0,0,0.0,0,0.0,0
2012-10-29T09:19:44.000,2248.8,6970,2249,3,0.0,0,0.0,0,0.0,0,0.0,0,2249.2,19,0.0,0,0.0,0,0.0,0,0.0,0
2012-10-29T09:19:44.500,2249.2,7007,2249,6,0.0,0,0.0,0,0.0,0,0.0,0,2249.4,15,0.0,0,0.0,0,0.0,0,0.0,0
2012-10-29T09:19:45.000,2249.4,7056,2249.2,33,0.0,0,0.0,0,0.0,0,0.0,0,2249.4,16,0.0,0,0.0,0,0.0,0,0.0,0
2012-10-29T09:19:45.500,2249.4,7091,2249.4,7,0.0,0,0.0,0,0.0,0,0.0,0,2249.6,4,0.0,0,0.0,0,0.0,0,0.0,0
2012-10-29T09:19:46.000,2249.4,7100,2249.4,14,0.0,0,0.0,0,0.0,0,0.0,0,2249.6,15,0.0,0,0.0,0,0.0,0,0.0,0
2012-10-29T09:19:46.500,2249.4,7123,2249.2,32,0.0,0,0.0,0,0.0,0,0.0,0,2249.4,8,0.0,0,0.0,0,0.0,0,0.0,0
2012-10-29T09:19:47.000,2249.4,7142,2249.4,36,0.0,0,0.0,0,0.0,0,0.0,0,2249.6,36,0.0,0,0.0,0,0.0,0,0.0,0
2012-10-29T09:19:47.500,2249.4,7151,2249.4,30,0.0,0,0.0,0,0.0,0,0.0,0,2249.6,44,0.0,0,0.0,0,0.0,0,0.0,0
2012-10-29T09:19:48.000,2249.4,7177,2249.4,6,0.0,0,0.0,0,0.0,0,0.0,0,2249.6,43,0.0,0,0.0,0,0.0,0,0.0,0
2012-10-29T09:19:48.500,2249.6,7182,2249.4,4,0.0,0,0.0,0,0.0,0,0.0,0,2249.6,40,0.0,0,0.0,0,0.0,0,0.0,0
2012-10-29T09:19:49.000,2249.4,7186,2249.4,2,0.0,0,0.0,0,0.0,0,0.0,0,2249.6,40,0.0,0,0.0,0,0.0,0,0.0,0
2012-10-29T09:19:49.500,2249.4,7210,2249.2,29,0.0,0,0.0,0,0.0,0,0.0,0,2249.4,1,0.0,0,0.0,0,0.0,0,0.0,0
2012-10-29T09:19:50.000,2249.6,7223,2249.4,2,0.0,0,0.0,0,0.0,0,0.0,0,2249.6,24,0.0,0,0.0,0,0.0,0,0.0,0
2012-10-29T09:19:50.500,2249.6,7242,2249.4,6,0.0,0,0.0,0,0.0,0,0.0,0,2249.6,10,0.0,0,0.0,0,0.0,0,0.0,0
2012-10-29T09:19:51.000,2249.6,7269,2249.6,15,0.0,0,0.0,0,0.0,0,0.0,0,2249.8,20,0.0,0,0.0,0,0.0,0,0.0,0
2012-10-29T09:19:51.500,2249.8,7272,2249.6,31,0.0,0,0.0,0,0.0,0,0.0,0,2249.8,18,0.0,0,0.0,0,0.0,0,0.0,0
2012-10-29T09:19:52.000,2249.8,7286,2249.6,38,0.0,0,0.0,0,0.0,0,0.0,0,2249.8,3,0.0,0,0.0,0,0.0,0,0.0,0
2012-10-29T09:19:52.500,2250,7297,2249.8,53,0.0,0,0.0,0,0.0,0,0.0,0,2250,9,0.0,0,0.0,0,0.0,0,0.0,0
2012-10-29T09:19:53.000,2250.2,7313,2250,70,0.0,0,0.0,0,0.0,0,0.0,0,2250.4,4,0.0,0,0.0,0,0.0,0,0.0,0
2012-10-29T09:19:53.500,2250.4,7377,2250,24,0.0,0,0.0,0,0.0,0,0.0,0,2250.6,1,0.0,0,0.0,0,0.0,0,0.0,0
2012-10-29T09:19:54.000,2249.8,7432,2249.8,37,0.0,0,0.0,0,0.0,0,0.0,0,2250.4,1,0.0,0,0.0,0,0.0,0,0.0,0
2012-10-29T09:19:54.500,2250.4,7436,2250,5,0.0,0,0.0,0,0.0,0,0.0,0,2250.4,10,0.0,0,0.0,0,0.0,0,0.0,0
2012-10-29T09:19:55.000,2250.4,7461,2250.4,20,0.0,0,0.0,0,0.0,0,0.0,0,2250.6,27,0.0,0,0.0,0,0.0,0,0.0,0
2012-10-29T09:19:55.500,2250.4,7477,2250.4,16,0.0,0,0.0,0,0.0,0,0.0,0,2250.6,28,0.0,0,0.0,0,0.0,0,0.0,0
2012-10-29T09:19:56.000,2250.4,7486,2250.4,13,0.0,0,0.0,0,0.0,0,0.0,0,2250.6,22,0.0,0,0.0,0,0.0,0,0.0,0
2012-10-29T09:19:56.500,2250.4,7499,2250.2,8,0.0,0,0.0,0,0.0,0,0.0,0,2250.4,8,0.0,0,0.0,0,0.0,0,0.0,0
2012-10-29T09:19:57.000,2250.4,7511,2250.2,15,0.0,0,0.0,0,0.0,0,0.0,0,2250.6,14,0.0,0,0.0,0,0.0,0,0.0,0
2012-10-29T09:19:57.500,2250.2,7512,2250.2,14,0.0,0,0.0,0,0.0,0,0.0,0,2250.4,1,0.0,0,0.0,0,0.0,0,0.0,0
2012-10-29T09:19:58.000,2250.4,7513,2250.4,1,0.0,0,0.0,0,0.0,0,0.0,0,2250.6,14,0.0,0,0.0,0,0.0,0,0.0,0
2012-10-29T09:19:58.500,2250.6,7518,2250.4,8,0.0,0,0.0,0,0.0,0,0.0,0,2250.6,14,0.0,0,0.0,0,0.0,0,0.0,0
2012-10-29T09:19:59.000,2250.4,7524,2250.4,5,0.0,0,0.0,0,0.0,0,0.0,0,2250.6,13,0.0,0,0.0,0,0.0,0,0.0,0
2012-10-29T09:19:59.500,2250.4,7527,2250.4,2,0.0,0,0.0,0,0.0,0,0.0,0,2250.6,15,0.0,0,0.0,0,0.0,0,0.0,0
2012-10-29T09:20:00.000,2250.2,7549,2250.2,12,0.0,0,0.0,0,0.0,0,0.0,0,2250.6,3,0.0,0,0.0,0,0.0,0,0.0,0
2012-10-29T09:20:00.500,2250.6,7559,2250.2,25,0.0,0,0.0,0,0.0,0,0.0,0,2250.8,3,0.0,0,0.0,0,0.0,0,0.0,0
2012-10-29T09:20:01.000,2250.2,7575,2250.2,13,0.0,0,0.0,0,0.0,0,0.0,0,2250.8,3,0.0,0,0.0,0,0.0,0,0.0,0
2012-10-29T09:20:01.500,2250.8,7621,2250.8,5,0.0,0,0.0,0,0.0,0,0.0,0,2251,4,0.0,0,0.0,0,0.0,0,0.0,0
2012-10-29T09:20:02.000,2250.8,7627,2250.8,3,0.0,0,0.0,0,0.0,0,0.0,0,2251,3,0.0,0,0.0,0,0.0,0,0.0,0
2012-10-29T09:20:02.500,2250.4,7642,2250.4,9,0.0,0,0.0,0,0.0,0,0.0,0,2251,16,0.0,0,0.0,0,0.0,0,0.0,0
2012-10-29T09:20:03.000,2250.4,7648,2250.4,5,0.0,0,0.0,0,0.0,0,0.0,0,2250.8,24,0.0,0,0.0,0,0.0,0,0.0,0
2012-10-29T09:20:03.500,2250.4,7653,2250.4,2,0.0,0,0.0,0,0.0,0,0.0,0,2250.6,22,0.0,0,0.0,0,0.0,0,0.0,0
2012-10-29T09:20:04.000,2250.4,7659,2250.2,12,0.0,0,0.0,0,0.0,0,0.0,0,2250.4,9,0.0,0,0.0,0,0.0,0,0.0,0
2012-10-29T09:20:04.500,2250.2,7662,2250.2,8,0.0,0,0.0,0,0.0,0,0.0,0,2250.4,7,0.0,0,0.0,0,0.0,0,0.0,0
2012-10-29T09:20:05.000,2250.4,7669,2250.2,8,0.0,0,0.0,0,0.0,0,0.0,0,2250.4,1,0.0,0,0.0,0,0.0,0,0.0,0
2012-10-29T09:20:05.500,2250.4,7672,2250.2,8,0.0,0,0.0,0,0.0,0,0.0,0,2250.4,15,0.0,0,0.0,0,0.0,0,0.0,0
2012-10-29T09:20:06.000,2250.4,7675,2250.2,8,0.0,0,0.0,0,0.0,0,0.0,0,2250.4,13,0.0,0,0.0,0,0.0,0,0.0,0
2012-10-29T09:20:06.500,2250.4,7678,2250.2,8,0.0,0,0.0,0,0.0,0,0.0,0,2250.4,11,0.0,0,0.0,0,0.0,0,0.0,0
2012-10-29T09:20:07.000,2250.4,7685,2250.2,21,0.0,0,0.0,0,0.0,0,0.0,0,2250.4,7,0.0,0,0.0,0,0.0,0,0.0,0
2012-10-29T09:20:07.500,2250.4,7697,2250.4,44,0.0,0,0.0,0,0.0,0,0.0,0,2250.6,34,0.0,0,0.0,0,0.0,0,0.0,0
2012-10-29T09:20:08.250,2250.6,7726,2250.4,46,0.0,0,0.0,0,0.0,0,0.0,0,2250.6,5,0.0,0,0.0,0,0.0,0,0.0,0
2012-10-29T09:20:09.000,2250.6,7727,2250.4,48,0.0,0,0.0,0,0.0,0,0.0,0,2250.6,4,0.0,0,0.0,0,0.0,0,0.0,0
2012-10-29T09:20:09.500,2250.6,7732,2250.6,5,0.0,0,0.0,0,0.0,0,0.0,0,2250.8,11,0.0,0,0.0,0,0.0,0,0.0,0
2012-10-29T09:20:10.000,2250.6,7735,2250.6,5,0.0,0,0.0,0,0.0,0,0.0,0,2250.8,10,0.0,0,0.0,0,0.0,0,0.0,0
2012-10-29T09:20:10.500,2250.8,7739,2250.6,5,0.0,0,0.0,0,0.0,0,0.0,0,2250.8,7,0.0,0,0.0,0,0.0,0,0.0,0
2012-10-29T09:20:11.000,2250.6,7744,2250.6,2,0.0,0,0.0,0,0.0,0,0.0,0,2250.8,5,0.0,0,0.0,0,0.0,0,0.0,0
2012-10-29T09:20:11.500,2250.8,7751,2250.6,2,0.0,0,0.0,0,0.0,0,0.0,0,2250.8,10,0.0,0,0.0,0,0.0,0,0.0,0
2012-10-29T09:20:12.250,2250.8,7767,2250.8,10,0.0,0,0.0,0,0.0,0,0.0,0,2251,15,0.0,0,0.0,0,0.0,0,0.0,0
2012-10-29T09:20:13.000,2250.8,7768,2250.8,9,0.0,0,0.0,0,0.0,0,0.0,0,2251,21,0.0,0,0.0,0,0.0,0,0.0,0
2012-10-29T09:20:13.500,2251,7771,2250.8,8,0.0,0,0.0,0,0.0,0,0.0,0,2251,19,0.0,0,0.0,0,0.0,0,0.0,0
2012-10-29T09:20:14.000,2251,7772,2250.8,8,0.0,0,0.0,0,0.0,0,0.0,0,2251,20,0.0,0,0.0,0,0.0,0,0.0,0
2012-10-29T09:20:14.500,2250.6,7786,2250.6,1,0.0,0,0.0,0,0.0,0,0.0,0,2251,18,0.0,0,0.0,0,0.0,0,0.0,0
2012-10-29T09:20:15.000,2250.8,7792,2250.4,36,0.0,0,0.0,0,0.0,0,0.0,0,2250.8,6,0.0,0,0.0,0,0.0,0,0.0,0
2012-10-29T09:20:15.500,2250.8,7795,2250.6,10,0.0,0,0.0,0,0.0,0,0.0,0,2250.8,8,0.0,0,0.0,0,0.0,0,0.0,0
2012-10-29T09:20:16.000,2250.8,7821,2250.4,25,0.0,0,0.0,0,0.0,0,0.0,0,2250.8,5,0.0,0,0.0,0,0.0,0,0.0,0
2012-10-29T09:20:16.500,2250.6,7824,2250.4,24,0.0,0,0.0,0,0.0,0,0.0,0,2250.6,48,0.0,0,0.0,0,0.0,0,0.0,0
2012-10-29T09:20:17.000,2250.6,7845,2250.4,5,0.0,0,0.0,0,0.0,0,0.0,0,2250.6,47,0.0,0,0.0,0,0.0,0,0.0,0
2012-10-29T09:20:17.500,2250.4,7852,2250.2,34,0.0,0,0.0,0,0.0,0,0.0,0,2250.4,22,0.0,0,0.0,0,0.0,0,0.0,0
2012-10-29T09:20:18.250,2250.4,7856,2250.2,36,0.0,0,0.0,0,0.0,0,0.0,0,2250.4,19,0.0,0,0.0,0,0.0,0,0.0,0
2012-10-29T09:20:19.000,2250.4,7860,2250.2,33,0.0,0,0.0,0,0.0,0,0.0,0,2250.4,28,0.0,0,0.0,0,0.0,0,0.0,0
2012-10-29T09:20:19.500,2250.4,7865,2250.2,33,0.0,0,0.0,0,0.0,0,0.0,0,2250.4,27,0.0,0,0.0,0,0.0,0,0.0,0
2012-10-29T09:20:20.000,2250.2,7867,2250.2,31,0.0,0,0.0,0,0.0,0,0.0,0,2250.4,28,0.0,0,0.0,0,0.0,0,0.0,0
2012-10-29T09:20:20.500,2250.4,7877,2250.2,31,0.0,0,0.0,0,0.0,0,0.0,0,2250.4,18,0.0,0,0.0,0,0.0,0,0.0,0
2012-10-29T09:20:21.000,2250.4,7886,2250.2,26,0.0,0,0.0,0,0.0,0,0.0,0,2250.4,15,0.0,0,0.0,0,0.0,0,0.0,0
2012-10-29T09:20:21.500,2250.4,7891,2250.2,24,0.0,0,0.0,0,0.0,0,0.0,0,2250.4,12,0.0,0,0.0,0,0.0,0,0.0,0
2012-10-29T09:20:22.000,2250.2,7894,2250.2,23,0.0,0,0.0,0,0.0,0,0.0,0,2250.4,11,0.0,0,0.0,0,0.0,0,0.0,0
2012-10-29T09:20:22.500,2250.2,7899,2250.2,18,0.0,0,0.0,0,0.0,0,0.0,0,2250.4,11,0.0,0,0.0,0,0.0,0,0.0,0
2012-10-29T09:20:23.000,2250,7928,2250,2,0.0,0,0.0,0,0.0,0,0.0,0,2250.2,1,0.0,0,0.0,0,0.0,0,0.0,0
2012-10-29T09:20:23.500,2250.6,7952,2250,1,0.0,0,0.0,0,0.0,0,0.0,0,2250.6,38,0.0,0,0.0,0,0.0,0,0.0,0
2012-10-29T09:20:24.000,2250.4,7963,2250.2,1,0.0,0,0.0,0,0.0,0,0.0,0,2250.4,10,0.0,0,0.0,0,0.0,0,0.0,0
2012-10-29T09:20:24.500,2250,7974,2249.8,18,0.0,0,0.0,0,0.0,0,0.0,0,2250,16,0.0,0,0.0,0,0.0,0,0.0,0
2012-10-29T09:20:25.000,2249.8,7977,2249.8,15,0.0,0,0.0,0,0.0,0,0.0,0,2250,16,0.0,0,0.0,0,0.0,0,0.0,0
2012-10-29T09:20:25.500,2250,8028,2249.4,6,0.0,0,0.0,0,0.0,0,0.0,0,2250,15,0.0,0,0.0,0,0.0,0,0.0,0
2012-10-29T09:20:26.000,2249.8,8052,2249.4,6,0.0,0,0.0,0,0.0,0,0.0,0,2250,14,0.0,0,0.0,0,0.0,0,0.0,0
2012-10-29T09:20:26.500,2249.4,8069,2249.2,37,0.0,0,0.0,0,0.0,0,0.0,0,2249.4,14,0.0,0,0.0,0,0.0,0,0.0,0
2012-10-29T09:20:27.000,2249.2,8072,2249.2,39,0.0,0,0.0,0,0.0,0,0.0,0,2249.4,15,0.0,0,0.0,0,0.0,0,0.0,0
2012-10-29T09:20:27.500,2249.4,8080,2249.2,34,0.0,0,0.0,0,0.0,0,0.0,0,2249.4,12,0.0,0,0.0,0,0.0,0,0.0,0
2012-10-29T09:20:28.000,2249.4,8099,2249.4,10,0.0,0,0.0,0,0.0,0,0.0,0,2249.8,3,0.0,0,0.0,0,0.0,0,0.0,0
2012-10-29T09:20:28.500,2249.2,8110,2249.2,30,0.0,0,0.0,0,0.0,0,0.0,0,2249.4,3,0.0,0,0.0,0,0.0,0,0.0,0
2012-10-29T09:20:29.000,2249.2,8132,2249.4,12,0.0,0,0.0,0,0.0,0,0.0,0,2249.8,12,0.0,0,0.0,0,0.0,0,0.0,0
2012-10-29T09:20:29.500,2249.4,8140,2249.4,14,0.0,0,0.0,0,0.0,0,0.0,0,2249.8,10,0.0,0,0.0,0,0.0,0,0.0,0
2012-10-29T09:20:30.000,2249.4,8145,2249.4,22,0.0,0,0.0,0,0.0,0,0.0,0,2249.8,8,0.0,0,0.0,0,0.0,0,0.0,0
2012-10-29T09:20:30.500,2249.4,8155,2249.4,14,0.0,0,0.0,0,0.0,0,0.0,0,2249.6,1,0.0,0,0.0,0,0.0,0,0.0,0
2012-10-29T09:20:31.000,2249.4,8175,2249.4,31,0.0,0,0.0,0,0.0,0,0.0,0,2249.6,4,0.0,0,0.0,0,0.0,0,0.0,0
2012-10-29T09:20:31.500,2249.6,8183,2249.6,6,0.0,0,0.0,0,0.0,0,0.0,0,2249.8,7,0.0,0,0.0,0,0.0,0,0.0,0
2012-10-29T09:20:32.000,2249.8,8189,2249.6,3,0.0,0,0.0,0,0.0,0,0.0,0,2249.8,7,0.0,0,0.0,0,0.0,0,0.0,0
2012-10-29T09:20:32.500,2249.6,8191,2249.6,1,0.0,0,0.0,0,0.0,0,0.0,0,2249.8,8,0.0,0,0.0,0,0.0,0,0.0,0
2012-10-29T09:20:33.000,2249.6,8195,2249.4,33,0.0,0,0.0,0,0.0,0,0.0,0,2249.6,1,0.0,0,0.0,0,0.0,0,0.0,0
2012-10-29T09:20:33.500,2249.6,8206,2249.4,34,0.0,0,0.0,0,0.0,0,0.0,0,2249.6,9,0.0,0,0.0,0,0.0,0,0.0,0
2012-10-29T09:20:34.000,2249.8,8217,2249.6,2,0.0,0,0.0,0,0.0,0,0.0,0,2249.8,5,0.0,0,0.0,0,0.0,0,0.0,0
2012-10-29T09:20:34.500,2249.6,8224,2249.4,34,0.0,0,0.0,0,0.0,0,0.0,0,2249.6,45,0.0,0,0.0,0,0.0,0,0.0,0
2012-10-29T09:20:35.000,2249.6,8244,2249.4,23,0.0,0,0.0,0,0.0,0,0.0,0,2249.6,43,0.0,0,0.0,0,0.0,0,0.0,0
2012-10-29T09:20:35.500,2249.4,8266,2249.2,31,0.0,0,0.0,0,0.0,0,0.0,0,2249.4,6,0.0,0,0.0,0,0.0,0,0.0,0
2012-10-29T09:20:36.250,2249.2,8280,2249.2,28,0.0,0,0.0,0,0.0,0,0.0,0,2249.4,8,0.0,0,0.0,0,0.0,0,0.0,0
2012-10-29T09:20:37.000,2249.4,8296,2249.2,20,0.0,0,0.0,0,0.0,0,0.0,0,2249.4,1,0.0,0,0.0,0,0.0,0,0.0,0
2012-10-29T09:20:37.500,2249.2,8301,2249.2,17,0.0,0,0.0,0,0.0,0,0.0,0,2249.4,2,0.0,0,0.0,0,0.0,0,0.0,0
2012-10-29T09:20:38.000,2249.2,8320,2249,49,0.0,0,0.0,0,0.0,0,0.0,0,2249.2,18,0.0,0,0.0,0,0.0,0,0.0,0
2012-10-29T09:20:38.500,2249.2,8326,2249,44,0.0,0,0.0,0,0.0,0,0.0,0,2249.2,17,0.0,0,0.0,0,0.0,0,0.0,0
2012-10-29T09:20:39.000,2249.2,8357,2249,21,0.0,0,0.0,0,0.0,0,0.0,0,2249.2,22,0.0,0,0.0,0,0.0,0,0.0,0
2012-10-29T09:20:39.500,2249,8366,2249,12,0.0,0,0.0,0,0.0,0,0.0,0,2249.2,22,0.0,0,0.0,0,0.0,0,0.0,0
2012-10-29T09:20:40.000,2249,8375,2249,8,0.0,0,0.0,0,0.0,0,0.0,0,2249.2,22,0.0,0,0.0,0,0.0,0,0.0,0
2012-10-29T09:20:40.500,2249.2,8385,2248.8,13,0.0,0,0.0,0,0.0,0,0.0,0,2249,9,0.0,0,0.0,0,0.0,0,0.0,0
2012-10-29T09:20:41.000,2249,8389,2248.8,15,0.0,0,0.0,0,0.0,0,0.0,0,2249,17,0.0,0,0.0,0,0.0,0,0.0,0
2012-10-29T09:20:41.500,2249,8402,2248.8,9,0.0,0,0.0,0,0.0,0,0.0,0,2249,12,0.0,0,0.0,0,0.0,0,0.0,0
2012-10-29T09:20:42.000,2248.8,8412,2248.8,4,0.0,0,0.0,0,0.0,0,0.0,0,2249,22,0.0,0,0.0,0,0.0,0,0.0,0
2012-10-29T09:20:42.500,2248.8,8419,2248.6,10,0.0,0,0.0,0,0.0,0,0.0,0,2249,21,0.0,0,0.0,0,0.0,0,0.0,0
2012-10-29T09:20:43.000,2248.8,8421,2248.6,13,0.0,0,0.0,0,0.0,0,0.0,0,2248.8,2,0.0,0,0.0,0,0.0,0,0.0,0
2012-10-29T09:20:43.500,2249,8427,2248.8,1,0.0,0,0.0,0,0.0,0,0.0,0,2249,22,0.0,0,0.0,0,0.0,0,0.0,0
2012-10-29T09:20:44.000,2248.8,8471,2248.6,10,0.0,0,0.0,0,0.0,0,0.0,0,2248.8,8,0.0,0,0.0,0,0.0,0,0.0,0
2012-10-29T09:20:44.500,2248.8,8482,2248.6,3,0.0,0,0.0,0,0.0,0,0.0,0,2248.8,7,0.0,0,0.0,0,0.0,0,0.0,0
2012-10-29T09:20:45.000,2248.4,8500,2248.4,21,0.0,0,0.0,0,0.0,0,0.0,0,2248.6,29,0.0,0,0.0,0,0.0,0,0.0,0
2012-10-29T09:20:45.500,2248.6,8515,2248.4,15,0.0,0,0.0,0,0.0,0,0.0,0,2248.6,25,0.0,0,0.0,0,0.0,0,0.0,0
2012-10-29T09:20:46.000,2248.4,8549,2248.4,1,0.0,0,0.0,0,0.0,0,0.0,0,2248.6,7,0.0,0,0.0,0,0.0,0,0.0,0
2012-10-29T09:20:46.500,2248.6,8559,2248.2,93,0.0,0,0.0,0,0.0,0,0.0,0,2248.4,5,0.0,0,0.0,0,0.0,0,0.0,0
2012-10-29T09:20:47.000,2248.4,8580,2248.4,14,0.0,0,0.0,0,0.0,0,0.0,0,2248.6,4,0.0,0,0.0,0,0.0,0,0.0,0
2012-10-29T09:20:47.500,2248.6,8632,2248.6,1,0.0,0,0.0,0,0.0,0,0.0,0,2248.8,30,0.0,0,0.0,0,0.0,0,0.0,0
2012-10-29T09:20:48.000,2248.4,8660,2248.4,15,0.0,0,0.0,0,0.0,0,0.0,0,2248.6,10,0.0,0,0.0,0,0.0,0,0.0,0
2012-10-29T09:20:48.500,2248.4,8675,2248.4,16,0.0,0,0.0,0,0.0,0,0.0,0,2248.6,12,0.0,0,0.0,0,0.0,0,0.0,0
2012-10-29T09:20:49.000,2248.6,8721,2248.6,38,0.0,0,0.0,0,0.0,0,0.0,0,2248.8,26,0.0,0,0.0,0,0.0,0,0.0,0
2012-10-29T09:20:49.500,2248.6,8738,2248.6,29,0.0,0,0.0,0,0.0,0,0.0,0,2248.8,23,0.0,0,0.0,0,0.0,0,0.0,0
2012-10-29T09:20:50.000,2248.6,8785,2248.4,3,0.0,0,0.0,0,0.0,0,0.0,0,2248.6,2,0.0,0,0.0,0,0.0,0,0.0,0
2012-10-29T09:20:50.500,2248.4,8796,2248.2,97,0.0,0,0.0,0,0.0,0,0.0,0,2248.4,8,0.0,0,0.0,0,0.0,0,0.0,0
2012-10-29T09:20:51.000,2248.2,8798,2248.2,105,0.0,0,0.0,0,0.0,0,0.0,0,2248.4,17,0.0,0,0.0,0,0.0,0,0.0,0
2012-10-29T09:20:51.500,2248.6,8821,2248.4,5,0.0,0,0.0,0,0.0,0,0.0,0,2248.6,8,0.0,0,0.0,0,0.0,0,0.0,0
2012-10-29T09:20:52.000,2248.6,8874,2248.6,1,0.0,0,0.0,0,0.0,0,0.0,0,2248.8,40,0.0,0,0.0,0,0.0,0,0.0,0
2012-10-29T09:20:52.500,2248.8,8877,2248.4,18,0.0,0,0.0,0,0.0,0,0.0,0,2248.6,2,0.0,0,0.0,0,0.0,0,0.0,0
2012-10-29T09:20:53.000,2248.6,8891,2248.4,19,0.0,0,0.0,0,0.0,0,0.0,0,2248.8,38,0.0,0,0.0,0,0.0,0,0.0,0
2012-10-29T09:20:53.500,2248.6,8892,2248.4,20,0.0,0,0.0,0,0.0,0,0.0,0,2248.8,40,0.0,0,0.0,0,0.0,0,0.0,0
2012-10-29T09:20:54.000,2248.6,8903,2248.4,39,0.0,0,0.0,0,0.0,0,0.0,0,2248.6,4,0.0,0,0.0,0,0.0,0,0.0,0
2012-10-29T09:20:54.500,2248.8,8909,2248.4,39,0.0,0,0.0,0,0.0,0,0.0,0,2248.6,2,0.0,0,0.0,0,0.0,0,0.0,0
2012-10-29T09:20:55.000,2248.4,8936,2248.6,3,0.0,0,0.0,0,0.0,0,0.0,0,2248.8,41,0.0,0,0.0,0,0.0,0,0.0,0
2012-10-29T09:20:55.500,2248.6,8941,2248.6,6,0.0,0,0.0,0,0.0,0,0.0,0,2248.8,40,0.0,0,0.0,0,0.0,0,0.0,0
2012-10-29T09:20:56.000,2248.6,8949,2248.6,3,0.0,0,0.0,0,0.0,0,0.0,0,2248.8,41,0.0,0,0.0,0,0.0,0,0.0,0
2012-10-29T09:20:56.500,2248.8,8961,2248.6,1,0.0,0,0.0,0,0.0,0,0.0,0,2248.8,34,0.0,0,0.0,0,0.0,0,0.0,0
2012-10-29T09:20:57.000,2248.6,8967,2248.4,19,0.0,0,0.0,0,0.0,0,0.0,0,2248.6,2,0.0,0,0.0,0,0.0,0,0.0,0
2012-10-29T09:20:57.500,2248.6,8971,2248.4,39,0.0,0,0.0,0,0.0,0,0.0,0,2248.6,6,0.0,0,0.0,0,0.0,0,0.0,0
2012-10-29T09:20:58.000,2248.6,8975,2248.4,39,0.0,0,0.0,0,0.0,0,0.0,0,2248.6,18,0.0,0,0.0,0,0.0,0,0.0,0
2012-10-29T09:20:58.500,2248.6,8994,2248.4,37,0.0,0,0.0,0,0.0,0,0.0,0,2248.6,1,0.0,0,0.0,0,0.0,0,0.0,0
2012-10-29T09:20:59.000,2248.4,8998,2248.6,39,0.0,0,0.0,0,0.0,0,0.0,0,2248.8,34,0.0,0,0.0,0,0.0,0,0.0,0
2012-10-29T09:20:59.500,2248.8,9005,2248.6,36,0.0,0,0.0,0,0.0,0,0.0,0,2248.8,26,0.0,0,0.0,0,0.0,0,0.0,0
2012-10-29T09:21:00.000,2248.8,9040,2248.8,40,0.0,0,0.0,0,0.0,0,0.0,0,2249,66,0.0,0,0.0,0,0.0,0,0.0,0
2012-10-29T09:21:00.500,2248.8,9053,2248.8,37,0.0,0,0.0,0,0.0,0,0.0,0,2249,63,0.0,0,0.0,0,0.0,0,0.0,0
2012-10-29T09:21:01.000,2249,9131,2248.8,7,0.0,0,0.0,0,0.0,0,0.0,0,2249,59,0.0,0,0.0,0,0.0,0,0.0,0
2012-10-29T09:21:01.500,2248.8,9148,2248.6,5,0.0,0,0.0,0,0.0,0,0.0,0,2248.8,1,0.0,0,0.0,0,0.0,0,0.0,0
2012-10-29T09:21:02.000,2248.4,9201,2248.4,15,0.0,0,0.0,0,0.0,0,0.0,0,2248.8,21,0.0,0,0.0,0,0.0,0,0.0,0
2012-10-29T09:21:02.500,2248.4,9210,2248.4,1,0.0,0,0.0,0,0.0,0,0.0,0,2248.6,1,0.0,0,0.0,0,0.0,0,0.0,0
2012-10-29T09:21:03.000,2248.6,9239,2248.4,1,0.0,0,0.0,0,0.0,0,0.0,0,2248.6,12,0.0,0,0.0,0,0.0,0,0.0,0
2012-10-29T09:21:03.500,2248.6,9280,2248.6,27,0.0,0,0.0,0,0.0,0,0.0,0,2248.8,15,0.0,0,0.0,0,0.0,0,0.0,0
2012-10-29T09:21:04.000,2248.6,9309,2248.6,2,0.0,0,0.0,0,0.0,0,0.0,0,2248.8,14,0.0,0,0.0,0,0.0,0,0.0,0
2012-10-29T09:21:04.500,2248.8,9339,2248.2,93,0.0,0,0.0,0,0.0,0,0.0,0,2248.4,1,0.0,0,0.0,0,0.0,0,0.0,0
2012-10-29T09:21:05.000,2248.4,9342,2248.4,12,0.0,0,0.0,0,0.0,0,0.0,0,2248.6,24,0.0,0,0.0,0,0.0,0,0.0,0
2012-10-29T09:21:05.500,2248.4,9352,2248.4,30,0.0,0,0.0,0,0.0,0,0.0,0,2248.6,25,0.0,0,0.0,0,0.0,0,0.0,0
2012-10-29T09:21:06.000,2248.4,9362,2248.4,25,0.0,0,0.0,0,0.0,0,0.0,0,2248.6,23,0.0,0,0.0,0,0.0,0,0.0,0
2012-10-29T09:21:06.500,2248.6,9367,2248.4,25,0.0,0,0.0,0,0.0,0,0.0,0,2248.6,20,0.0,0,0.0,0,0.0,0,0.0,0
2012-10-29T09:21:07.000,2248.6,9390,2248.6,1,0.0,0,0.0,0,0.0,0,0.0,0,2248.8,4,0.0,0,0.0,0,0.0,0,0.0,0
2012-10-29T09:21:07.500,2248.6,9401,2248.4,35,0.0,0,0.0,0,0.0,0,0.0,0,2248.6,100,0.0,0,0.0,0,0.0,0,0.0,0
2012-10-29T09:21:08.000,2248.4,9461,2248.2,94,0.0,0,0.0,0,0.0,0,0.0,0,2248.4,8,0.0,0,0.0,0,0.0,0,0.0,0
2012-10-29T09:21:08.500,2248.2,9509,2248.2,54,0.0,0,0.0,0,0.0,0,0.0,0,2248.4,66,0.0,0,0.0,0,0.0,0,0.0,0
2012-10-29T09:21:09.000,2248.2,9586,2248,71,0.0,0,0.0,0,0.0,0,0.0,0,2248.2,17,0.0,0,0.0,0,0.0,0,0.0,0
2012-10-29T09:21:09.500,2248,9653,2248,10,0.0,0,0.0,0,0.0,0,0.0,0,2248.2,29,0.0,0,0.0,0,0.0,0,0.0,0
2012-10-29T09:21:10.000,2248,9679,2247.6,30,0.0,0,0.0,0,0.0,0,0.0,0,2248,9,0.0,0,0.0,0,0.0,0,0.0,0
2012-10-29T09:21:10.500,2247.6,9716,2247.8,12,0.0,0,0.0,0,0.0,0,0.0,0,2248,13,0.0,0,0.0,0,0.0,0,0.0,0
2012-10-29T09:21:11.000,2248,9755,2247.8,31,0.0,0,0.0,0,0.0,0,0.0,0,2248,5,0.0,0,0.0,0,0.0,0,0.0,0
2012-10-29T09:21:11.500,2247.8,9787,2248,3,0.0,0,0.0,0,0.0,0,0.0,0,2248.2,11,0.0,0,0.0,0,0.0,0,0.0,0
2012-10-29T09:21:12.000,2248,9805,2248,21,0.0,0,0.0,0,0.0,0,0.0,0,2248.2,7,0.0,0,0.0,0,0.0,0,0.0,0
2012-10-29T09:21:12.500,2248,9814,2248,36,0.0,0,0.0,0,0.0,0,0.0,0,2248.2,3,0.0,0,0.0,0,0.0,0,0.0,0
2012-10-29T09:21:13.000,2248.4,9829,2248.2,16,0.0,0,0.0,0,0.0,0,0.0,0,2248.4,67,0.0,0,0.0,0,0.0,0,0.0,0
2012-10-29T09:21:13.500,2248.2,9842,2248.2,11,0.0,0,0.0,0,0.0,0,0.0,0,2248.4,68,0.0,0,0.0,0,0.0,0,0.0,0
2012-10-29T09:21:14.000,2248.4,9846,2248.2,10,0.0,0,0.0,0,0.0,0,0.0,0,2248.4,68,0.0,0,0.0,0,0.0,0,0.0,0
2012-10-29T09:21:14.500,2248.4,9851,2248.2,9,0.0,0,0.0,0,0.0,0,0.0,0,2248.4,68,0.0,0,0.0,0,0.0,0,0.0,0
2012-10-29T09:21:15.000,2248.2,9879,2248.2,2,0.0,0,0.0,0,0.0,0,0.0,0,2248.4,47,0.0,0,0.0,0,0.0,0,0.0,0
2012-10-29T09:21:15.500,2248.4,9887,2248,64,0.0,0,0.0,0,0.0,0,0.0,0,2248.4,39,0.0,0,0.0,0,0.0,0,0.0,0
2012-10-29T09:21:16.000,2248.2,9894,2248.2,2,0.0,0,0.0,0,0.0,0,0.0,0,2248.4,33,0.0,0,0.0,0,0.0,0,0.0,0
2012-10-29T09:21:16.500,2248.2,9898,2248.2,19,0.0,0,0.0,0,0.0,0,0.0,0,2248.4,31,0.0,0,0.0,0,0.0,0,0.0,0
2012-10-29T09:21:17.000,2248.2,9918,2248.2,5,0.0,0,0.0,0,0.0,0,0.0,0,2248.4,31,0.0,0,0.0,0,0.0,0,0.0,0
2012-10-29T09:21:17.500,2248.2,9955,2248.2,10,0.0,0,0.0,0,0.0,0,0.0,0,2248.4,2,0.0,0,0.0,0,0.0,0,0.0,0
2012-10-29T09:21:18.000,2248.4,9959,2248.4,28,0.0,0,0.0,0,0.0,0,0.0,0,2248.6,107,0.0,0,0.0,0,0.0,0,0.0,0
2012-10-29T09:21:18.500,2248.6,9981,2248.4,11,0.0,0,0.0,0,0.0,0,0.0,0,2248.6,88,0.0,0,0.0,0,0.0,0,0.0,0
2012-10-29T09:21:19.000,2248.4,9983,2248.4,12,0.0,0,0.0,0,0.0,0,0.0,0,2248.6,80,0.0,0,0.0,0,0.0,0,0.0,0
2012-10-29T09:21:19.500,2248.2,10002,2248.2,38,0.0,0,0.0,0,0.0,0,0.0,0,2248.4,4,0.0,0,0.0,0,0.0,0,0.0,0
2012-10-29T09:21:20.000,2248.4,10014,2248.2,37,0.0,0,0.0,0,0.0,0,0.0,0,2248.6,78,0.0,0,0.0,0,0.0,0,0.0,0
2012-10-29T09:21:20.500,2248.6,10018,2248.4,1,0.0,0,0.0,0,0.0,0,0.0,0,2248.6,79,0.0,0,0.0,0,0.0,0,0.0,0
2012-10-29T09:21:21.000,2248.2,10029,2248.2,37,0.0,0,0.0,0,0.0,0,0.0,0,2248.6,71,0.0,0,0.0,0,0.0,0,0.0,0
2012-10-29T09:21:21.500,2248.6,10031,2248.2,37,0.0,0,0.0,0,0.0,0,0.0,0,2248.4,4,0.0,0,0.0,0,0.0,0,0.0,0
2012-10-29T09:21:22.000,2248.2,10033,2248.2,36,0.0,0,0.0,0,0.0,0,0.0,0,2248.4,3,0.0,0,0.0,0,0.0,0,0.0,0
2012-10-29T09:21:22.500,2248.4,10045,2248.4,30,0.0,0,0.0,0,0.0,0,0.0,0,2248.6,67,0.0,0,0.0,0,0.0,0,0.0,0
2012-10-29T09:21:23.250,2248.6,10050,2248.4,29,0.0,0,0.0,0,0.0,0,0.0,0,2248.6,67,0.0,0,0.0,0,0.0,0,0.0,0
2012-10-29T09:21:24.000,2248.6,10052,2248.4,29,0.0,0,0.0,0,0.0,0,0.0,0,2248.6,107,0.0,0,0.0,0,0.0,0,0.0,0
2012-10-29T09:21:24.500,2248.6,10057,2248.4,26,0.0,0,0.0,0,0.0,0,0.0,0,2248.6,107,0.0,0,0.0,0,0.0,0,0.0,0
2012-10-29T09:21:25.000,2248.6,10069,2248.4,31,0.0,0,0.0,0,0.0,0,0.0,0,2248.6,99,0.0,0,0.0,0,0.0,0,0.0,0
2012-10-29T09:21:25.500,2248.6,10071,2248.4,32,0.0,0,0.0,0,0.0,0,0.0,0,2248.6,100,0.0,0,0.0,0,0.0,0,0.0,0
2012-10-29T09:21:26.000,2248.4,10073,2248.4,31,0.0,0,0.0,0,0.0,0,0.0,0,2248.6,99,0.0,0,0.0,0,0.0,0,0.0,0
2012-10-29T09:21:26.500,2248.6,10079,2248.4,32,0.0,0,0.0,0,0.0,0,0.0,0,2248.6,93,0.0,0,0.0,0,0.0,0,0.0,0
2012-10-29T09:21:27.000,2248.6,10109,2248.4,13,0.0,0,0.0,0,0.0,0,0.0,0,2248.6,92,0.0,0,0.0,0,0.0,0,0.0,0
2012-10-29T09:21:27.500,2248.6,10117,2248.4,12,0.0,0,0.0,0,0.0,0,0.0,0,2248.6,86,0.0,0,0.0,0,0.0,0,0.0,0
2012-10-29T09:21:28.000,2248.4,10119,2248.4,12,0.0,0,0.0,0,0.0,0,0.0,0,2248.6,86,0.0,0,0.0,0,0.0,0,0.0,0
2012-10-29T09:21:28.500,2248.6,10122,2248.4,26,0.0,0,0.0,0,0.0,0,0.0,0,2248.6,83,0.0,0,0.0,0,0.0,0,0.0,0
2012-10-29T09:21:29.000,2248.6,10127,2248.4,38,0.0,0,0.0,0,0.0,0,0.0,0,2248.6,83,0.0,0,0.0,0,0.0,0,0.0,0
2012-10-29T09:21:29.500,2248.4,10131,2248.4,34,0.0,0,0.0,0,0.0,0,0.0,0,2248.6,83,0.0,0,0.0,0,0.0,0,0.0,0
2012-10-29T09:21:30.000,2248.6,10138,2248.4,30,0.0,0,0.0,0,0.0,0,0.0,0,2248.6,82,0.0,0,0.0,0,0.0,0,0.0,0
2012-10-29T09:21:30.500,2248.6,10144,2248.4,30,0.0,0,0.0,0,0.0,0,0.0,0,2248.6,77,0.0,0,0.0,0,0.0,0,0.0,0
2012-10-29T09:21:31.000,2248.4,10179,2248.4,20,0.0,0,0.0,0,0.0,0,0.0,0,2248.6,54,0.0,0,0.0,0,0.0,0,0.0,0
2012-10-29T09:21:31.500,2248.6,10199,2248.4,12,0.0,0,0.0,0,0.0,0,0.0,0,2248.6,43,0.0,0,0.0,0,0.0,0,0.0,0
2012-10-29T09:21:32.000,2248.6,10216,2248.4,18,0.0,0,0.0,0,0.0,0,0.0,0,2248.6,31,0.0,0,0.0,0,0.0,0,0.0,0
2012-10-29T09:21:32.500,2248.6,10226,2248.4,23,0.0,0,0.0,0,0.0,0,0.0,0,2248.6,21,0.0,0,0.0,0,0.0,0,0.0,0
2012-10-29T09:21:33.000,2248.4,10233,2248.4,21,0.0,0,0.0,0,0.0,0,0.0,0,2248.6,21,0.0,0,0.0,0,0.0,0,0.0,0
2012-10-29T09:21:33.500,2248.4,10240,2248.4,16,0.0,0,0.0,0,0.0,0,0.0,0,2248.6,15,0.0,0,0.0,0,0.0,0,0.0,0
2012-10-29T09:21:34.000,2248.6,10242,2248.4,7,0.0,0,0.0,0,0.0,0,0.0,0,2248.6,13,0.0,0,0.0,0,0.0,0,0.0,0
2012-10-29T09:21:34.500,2248.6,10245,2248.4,3,0.0,0,0.0,0,0.0,0,0.0,0,2248.6,11,0.0,0,0.0,0,0.0,0,0.0,0
2012-10-29T09:21:35.250,2248.4,10247,2248.4,22,0.0,0,0.0,0,0.0,0,0.0,0,2248.6,10,0.0,0,0.0,0,0.0,0,0.0,0
2012-10-29T09:21:36.000,2248.6,10248,2248.4,26,0.0,0,0.0,0,0.0,0,0.0,0,2248.6,9,0.0,0,0.0,0,0.0,0,0.0,0
2012-10-29T09:21:36.500,2248.6,10257,2248.6,1,0.0,0,0.0,0,0.0,0,0.0,0,2248.8,21,0.0,0,0.0,0,0.0,0,0.0,0
2012-10-29T09:21:37.000,2248.6,10262,2248.6,28,0.0,0,0.0,0,0.0,0,0.0,0,2248.8,20,0.0,0,0.0,0,0.0,0,0.0,0
2012-10-29T09:21:37.500,2248.8,10268,2248.6,29,0.0,0,0.0,0,0.0,0,0.0,0,2248.8,16,0.0,0,0.0,0,0.0,0,0.0,0
2012-10-29T09:21:38.000,2248.8,10279,2248.6,34,0.0,0,0.0,0,0.0,0,0.0,0,2248.8,8,0.0,0,0.0,0,0.0,0,0.0,0
2012-10-29T09:21:38.500,2248.8,10288,2248.8,3,0.0,0,0.0,0,0.0,0,0.0,0,2249,82,0.0,0,0.0,0,0.0,0,0.0,0
2012-10-29T09:21:39.000,2248.8,10291,2248.8,3,0.0,0,0.0,0,0.0,0,0.0,0,2249,87,0.0,0,0.0,0,0.0,0,0.0,0
2012-10-29T09:21:39.500,2249,10300,2248.8,1,0.0,0,0.0,0,0.0,0,0.0,0,2249,80,0.0,0,0.0,0,0.0,0,0.0,0
2012-10-29T09:21:40.000,2249,10303,2248.6,34,0.0,0,0.0,0,0.0,0,0.0,0,2248.8,18,0.0,0,0.0,0,0.0,0,0.0,0
2012-10-29T09:21:40.500,2248.8,10306,2248.6,34,0.0,0,0.0,0,0.0,0,0.0,0,2248.8,22,0.0,0,0.0,0,0.0,0,0.0,0
2012-10-29T09:21:41.000,2248.8,10314,2248.6,35,0.0,0,0.0,0,0.0,0,0.0,0,2248.8,17,0.0,0,0.0,0,0.0,0,0.0,0
2012-10-29T09:21:41.500,2248.6,10320,2248.6,35,0.0,0,0.0,0,0.0,0,0.0,0,2248.8,23,0.0,0,0.0,0,0.0,0,0.0,0
2012-10-29T09:21:42.000,2248.6,10324,2248.6,33,0.0,0,0.0,0,0.0,0,0.0,0,2248.8,22,0.0,0,0.0,0,0.0,0,0.0,0
2012-10-29T09:21:42.500,2248.8,10333,2248.6,34,0.0,0,0.0,0,0.0,0,0.0,0,2248.8,19,0.0,0,0.0,0,0.0,0,0.0,0
2012-10-29T09:21:43.000,2248.8,10343,2248.6,34,0.0,0,0.0,0,0.0,0,0.0,0,2248.8,9,0.0,0,0.0,0,0.0,0,0.0,0
2012-10-29T09:21:43.500,2248.6,10348,2248.6,29,0.0,0,0.0,0,0.0,0,0.0,0,2248.8,10,0.0,0,0.0,0,0.0,0,0.0,0
2012-10-29T09:21:44.000,2248.6,10349,2248.6,29,0.0,0,0.0,0,0.0,0,0.0,0,2248.8,10,0.0,0,0.0,0,0.0,0,0.0,0
2012-10-29T09:21:44.500,2248.8,10350,2248.6,29,0.0,0,0.0,0,0.0,0,0.0,0,2248.8,9,0.0,0,0.0,0,0.0,0,0.0,0
2012-10-29T09:21:45.000,2248.8,10351,2248.6,32,0.0,0,0.0,0,0.0,0,0.0,0,2248.8,9,0.0,0,0.0,0,0.0,0,0.0,0
2012-10-29T09:21:45.500,2248.8,10353,2248.6,34,0.0,0,0.0,0,0.0,0,0.0,0,2248.8,8,0.0,0,0.0,0,0.0,0,0.0,0
2012-10-29T09:21:46.250,2248.6,10354,2248.6,33,0.0,0,0.0,0,0.0,0,0.0,0,2248.8,8,0.0,0,0.0,0,0.0,0,0.0,0
2012-10-29T09:21:47.000,2248.8,10355,2248.6,33,0.0,0,0.0,0,0.0,0,0.0,0,2248.8,9,0.0,0,0.0,0,0.0,0,0.0,0
2012-10-29T09:21:47.500,2248.8,10356,2248.6,33,0.0,0,0.0,0,0.0,0,0.0,0,2248.8,8,0.0,0,0.0,0,0.0,0,0.0,0
2012-10-29T09:21:48.000,2248.6,10358,2248.6,32,0.0,0,0.0,0,0.0,0,0.0,0,2248.8,58,0.0,0,0.0,0,0.0,0,0.0,0
2012-10-29T09:21:48.500,2248.8,10370,2248.6,33,0.0,0,0.0,0,0.0,0,0.0,0,2248.8,47,0.0,0,0.0,0,0.0,0,0.0,0
2012-10-29T09:21:49.000,2248.8,10453,2248.8,24,0.0,0,0.0,0,0.0,0,0.0,0,2249,77,0.0,0,0.0,0,0.0,0,0.0,0
2012-10-29T09:21:49.500,2248.8,10455,2248.8,23,0.0,0,0.0,0,0.0,0,0.0,0,2249,81,0.0,0,0.0,0,0.0,0,0.0,0
2012-10-29T09:21:50.000,2248.8,10509,2248.8,20,0.0,0,0.0,0,0.0,0,0.0,0,2249,34,0.0,0,0.0,0,0.0,0,0.0,0
2012-10-29T09:21:50.500,2249,10513,2248.8,23,0.0,0,0.0,0,0.0,0,0.0,0,2249,26,0.0,0,0.0,0,0.0,0,0.0,0
2012-10-29T09:21:51.000,2249,10529,2248.8,31,0.0,0,0.0,0,0.0,0,0.0,0,2249,12,0.0,0,0.0,0,0.0,0,0.0,0
2012-10-29T09:21:51.500,2249,10532,2248.8,38,0.0,0,0.0,0,0.0,0,0.0,0,2249,8,0.0,0,0.0,0,0.0,0,0.0,0
2012-10-29T09:21:52.000,2249,10541,2249,47,0.0,0,0.0,0,0.0,0,0.0,0,2249.2,22,0.0,0,0.0,0,0.0,0,0.0,0
2012-10-29T09:21:52.500,2249,10543,2249,48,0.0,0,0.0,0,0.0,0,0.0,0,2249.2,37,0.0,0,0.0,0,0.0,0,0.0,0
2012-10-29T09:21:53.000,2249,10547,2249,49,0.0,0,0.0,0,0.0,0,0.0,0,2249.2,31,0.0,0,0.0,0,0.0,0,0.0,0
2012-10-29T09:21:53.500,2249,10551,2249,47,0.0,0,0.0,0,0.0,0,0.0,0,2249.2,28,0.0,0,0.0,0,0.0,0,0.0,0
2012-10-29T09:21:54.000,2249.2,10570,2249,47,0.0,0,0.0,0,0.0,0,0.0,0,2249.2,13,0.0,0,0.0,0,0.0,0,0.0,0
2012-10-29T09:21:54.500,2249.2,10572,2249,46,0.0,0,0.0,0,0.0,0,0.0,0,2249.2,13,0.0,0,0.0,0,0.0,0,0.0,0
2012-10-29T09:21:55.000,2249.2,10576,2249,47,0.0,0,0.0,0,0.0,0,0.0,0,2249.2,9,0.0,0,0.0,0,0.0,0,0.0,0
2012-10-29T09:21:55.500,2249.2,10613,2249.2,41,0.0,0,0.0,0,0.0,0,0.0,0,2249.6,55,0.0,0,0.0,0,0.0,0,0.0,0
2012-10-29T09:21:56.000,2249.2,10639,2249.2,32,0.0,0,0.0,0,0.0,0,0.0,0,2249.6,38,0.0,0,0.0,0,0.0,0,0.0,0
2012-10-29T09:21:56.500,2249.2,10640,2249.2,33,0.0,0,0.0,0,0.0,0,0.0,0,2249.6,42,0.0,0,0.0,0,0.0,0,0.0,0
2012-10-29T09:21:57.000,2249.4,10645,2249.2,37,0.0,0,0.0,0,0.0,0,0.0,0,2249.4,16,0.0,0,0.0,0,0.0,0,0.0,0
2012-10-29T09:21:57.500,2249.4,10652,2249.2,38,0.0,0,0.0,0,0.0,0,0.0,0,2249.4,9,0.0,0,0.0,0,0.0,0,0.0,0
2012-10-29T09:21:58.000,2249.4,10662,2249.2,38,0.0,0,0.0,0,0.0,0,0.0,0,2249.4,8,0.0,0,0.0,0,0.0,0,0.0,0
2012-10-29T09:21:58.500,2249.4,10669,2249.2,38,0.0,0,0.0,0,0.0,0,0.0,0,2249.4,1,0.0,0,0.0,0,0.0,0,0.0,0
2012-10-29T09:21:59.000,2249.4,10670,2249.2,39,0.0,0,0.0,0,0.0,0,0.0,0,2249.6,43,0.0,0,0.0,0,0.0,0,0.0,0
2012-10-29T09:21:59.500,2249.4,10673,2249.4,4,0.0,0,0.0,0,0.0,0,0.0,0,2249.6,43,0.0,0,0.0,0,0.0,0,0.0,0
2012-10-29T09:22:00.250,2249.4,10677,2249.4,3,0.0,0,0.0,0,0.0,0,0.0,0,2249.6,47,0.0,0,0.0,0,0.0,0,0.0,0
2012-10-29T09:22:01.000,2249.4,10682,2249.4,8,0.0,0,0.0,0,0.0,0,0.0,0,2249.6,89,0.0,0,0.0,0,0.0,0,0.0,0
2012-10-29T09:22:01.500,2249.4,10739,2249.4,6,0.0,0,0.0,0,0.0,0,0.0,0,2249.6,34,0.0,0,0.0,0,0.0,0,0.0,0
2012-10-29T09:22:02.000,2249.4,10748,2249.2,43,0.0,0,0.0,0,0.0,0,0.0,0,2249.4,92,0.0,0,0.0,0,0.0,0,0.0,0
2012-10-29T09:22:02.500,2249.2,10758,2249.2,43,0.0,0,0.0,0,0.0,0,0.0,0,2249.4,84,0.0,0,0.0,0,0.0,0,0.0,0
2012-10-29T09:22:03.000,2249.2,10767,2249.2,38,0.0,0,0.0,0,0.0,0,0.0,0,2249.4,81,0.0,0,0.0,0,0.0,0,0.0,0
2012-10-29T09:22:03.500,2249.2,10801,2249.2,5,0.0,0,0.0,0,0.0,0,0.0,0,2249.4,80,0.0,0,0.0,0,0.0,0,0.0,0
2012-10-29T09:22:04.000,2249.4,10807,2249,57,0.0,0,0.0,0,0.0,0,0.0,0,2249.4,79,0.0,0,0.0,0,0.0,0,0.0,0
2012-10-29T09:22:04.500,2249,10857,2249,7,0.0,0,0.0,0,0.0,0,0.0,0,2249.2,9,0.0,0,0.0,0,0.0,0,0.0,0
2012-10-29T09:22:05.000,2249.2,10858,2249,9,0.0,0,0.0,0,0.0,0,0.0,0,2249.2,8,0.0,0,0.0,0,0.0,0,0.0,0
2012-10-29T09:22:05.500,2249,10867,2249,2,0.0,0,0.0,0,0.0,0,0.0,0,2249.2,14,0.0,0,0.0,0,0.0,0,0.0,0
2012-10-29T09:22:06.000,2249.2,10871,2248.8,29,0.0,0,0.0,0,0.0,0,0.0,0,2249.2,13,0.0,0,0.0,0,0.0,0,0.0,0
2012-10-29T09:22:06.500,2248.8,10872,2248.8,28,0.0,0,0.0,0,0.0,0,0.0,0,2249,3,0.0,0,0.0,0,0.0,0,0.0,0
2012-10-29T09:22:07.000,2248.8,10875,2248.8,25,0.0,0,0.0,0,0.0,0,0.0,0,2249,3,0.0,0,0.0,0,0.0,0,0.0,0
2012-10-29T09:22:07.500,2249,10876,2248.8,28,0.0,0,0.0,0,0.0,0,0.0,0,2249,2,0.0,0,0.0,0,0.0,0,0.0,0
2012-10-29T09:22:08.000,2248.8,10880,2248.8,27,0.0,0,0.0,0,0.0,0,0.0,0,2249,1,0.0,0,0.0,0,0.0,0,0.0,0
2012-10-29T09:22:08.500,2249.2,10883,2249,1,0.0,0,0.0,0,0.0,0,0.0,0,2249.2,15,0.0,0,0.0,0,0.0,0,0.0,0
2012-10-29T09:22:09.000,2249,10886,2248.8,28,0.0,0,0.0,0,0.0,0,0.0,0,2249.2,14,0.0,0,0.0,0,0.0,0,0.0,0
2012-10-29T09:22:09.500,2249,10889,2248.8,33,0.0,0,0.0,0,0.0,0,0.0,0,2249.2,14,0.0,0,0.0,0,0.0,0,0.0,0
2012-10-29T09:22:10.000,2249,10890,2248.8,34,0.0,0,0.0,0,0.0,0,0.0,0,2249,3,0.0,0,0.0,0,0.0,0,0.0,0
2012-10-29T09:22:10.500,2248.8,10891,2248.8,34,0.0,0,0.0,0,0.0,0,0.0,0,2249,5,0.0,0,0.0,0,0.0,0,0.0,0
2012-10-29T09:22:11.000,2248.8,10892,2248.8,34,0.0,0,0.0,0,0.0,0,0.0,0,2249,5,0.0,0,0.0,0,0.0,0,0.0,0
2012-10-29T09:22:11.500,2249,10900,2248.8,34,0.0,0,0.0,0,0.0,0,0.0,0,2249,9,0.0,0,0.0,0,0.0,0,0.0,0
2012-10-29T09:22:12.000,2249,10901,2248.8,35,0.0,0,0.0,0,0.0,0,0.0,0,2249,9,0.0,0,0.0,0,0.0,0,0.0,0
2012-10-29T09:22:12.500,2248.8,10908,2248.8,29,0.0,0,0.0,0,0.0,0,0.0,0,2249,8,0.0,0,0.0,0,0.0,0,0.0,0
2012-10-29T09:22:13.000,2249,10910,2248.8,28,0.0,0,0.0,0,0.0,0,0.0,0,2249,7,0.0,0,0.0,0,0.0,0,0.0,0
2012-10-29T09:22:13.500,2248.8,10915,2248.8,23,0.0,0,0.0,0,0.0,0,0.0,0,2249,9,0.0,0,0.0,0,0.0,0,0.0,0
2012-10-29T09:22:14.000,2248.8,10916,2248.8,22,0.0,0,0.0,0,0.0,0,0.0,0,2249,35,0.0,0,0.0,0,0.0,0,0.0,0
2012-10-29T09:22:14.500,2248.8,10921,2248.8,21,0.0,0,0.0,0,0.0,0,0.0,0,2249,33,0.0,0,0.0,0,0.0,0,0.0,0
2012-10-29T09:22:15.000,2248.8,10957,2248.6,36,0.0,0,0.0,0,0.0,0,0.0,0,2248.8,10,0.0,0,0.0,0,0.0,0,0.0,0
2012-10-29T09:22:15.500,2248.6,10958,2248.6,35,0.0,0,0.0,0,0.0,0,0.0,0,2248.8,13,0.0,0,0.0,0,0.0,0,0.0,0
2012-10-29T09:22:16.000,2248.8,10968,2248.6,31,0.0,0,0.0,0,0.0,0,0.0,0,2248.8,7,0.0,0,0.0,0,0.0,0,0.0,0
2012-10-29T09:22:16.500,2248.8,10976,2248.8,12,0.0,0,0.0,0,0.0,0,0.0,0,2249,36,0.0,0,0.0,0,0.0,0,0.0,0
2012-10-29T09:22:17.000,2249,10979,2248.8,14,0.0,0,0.0,0,0.0,0,0.0,0,2249,35,0.0,0,0.0,0,0.0,0,0.0,0
2012-10-29T09:22:17.500,2248.8,10982,2248.8,11,0.0,0,0.0,0,0.0,0,0.0,0,2249,36,0.0,0,0.0,0,0.0,0,0.0,0
2012-10-29T09:22:18.000,2249,11016,2248.8,1,0.0,0,0.0,0,0.0,0,0.0,0,2249,29,0.0,0,0.0,0,0.0,0,0.0,0
2012-10-29T09:22:18.500,2248.8,11017,2248.6,17,0.0,0,0.0,0,0.0,0,0.0,0,2249,29,0.0,0,0.0,0,0.0,0,0.0,0
2012-10-29T09:22:19.000,2249,11018,2248.6,17,0.0,0,0.0,0,0.0,0,0.0,0,2249,31,0.0,0,0.0,0,0.0,0,0.0,0
2012-10-29T09:22:19.500,2248.8,11019,2248.6,17,0.0,0,0.0,0,0.0,0,0.0,0,2248.8,1,0.0,0,0.0,0,0.0,0,0.0,0
2012-10-29T09:22:20.000,2248.6,11020,2248.6,16,0.0,0,0.0,0,0.0,0,0.0,0,2248.8,1,0.0,0,0.0,0,0.0,0,0.0,0
2012-10-29T09:22:20.500,2249,11022,2248.6,25,0.0,0,0.0,0,0.0,0,0.0,0,2249,48,0.0,0,0.0,0,0.0,0,0.0,0
2012-10-29T09:22:21.250,2248.8,11024,2248.8,8,0.0,0,0.0,0,0.0,0,0.0,0,2249,49,0.0,0,0.0,0,0.0,0,0.0,0
2012-10-29T09:22:22.250,2249,11027,2248.8,7,0.0,0,0.0,0,0.0,0,0.0,0,2249,51,0.0,0,0.0,0,0.0,0,0.0,0
2012-10-29T09:22:23.000,2248.8,11028,2248.8,10,0.0,0,0.0,0,0.0,0,0.0,0,2249,53,0.0,0,0.0,0,0.0,0,0.0,0
2012-10-29T09:22:23.500,2249,11040,2248.8,4,0.0,0,0.0,0,0.0,0,0.0,0,2249,56,0.0,0,0.0,0,0.0,0,0.0,0
2012-10-29T09:22:24.250,2248.8,11047,2248.6,28,0.0,0,0.0,0,0.0,0,0.0,0,2248.8,1,0.0,0,0.0,0,0.0,0,0.0,0
2012-10-29T09:22:25.000,2248.8,11048,2248.8,8,0.0,0,0.0,0,0.0,0,0.0,0,2249,37,0.0,0,0.0,0,0.0,0,0.0,0
2012-10-29T09:22:25.500,2249,11049,2248.8,20,0.0,0,0.0,0,0.0,0,0.0,0,2249,36,0.0,0,0.0,0,0.0,0,0.0,0
2012-10-29T09:22:26.000,2249,11056,2248.8,28,0.0,0,0.0,0,0.0,0,0.0,0,2249,34,0.0,0,0.0,0,0.0,0,0.0,0
2012-10-29T09:22:26.500,2248.8,11086,2248.8,25,0.0,0,0.0,0,0.0,0,0.0,0,2249,10,0.0,0,0.0,0,0.0,0,0.0,0
2012-10-29T09:22:27.000,2249,11094,2248.8,22,0.0,0,0.0,0,0.0,0,0.0,0,2249,8,0.0,0,0.0,0,0.0,0,0.0,0
2012-10-29T09:22:27.500,2249,11109,2249,13,0.0,0,0.0,0,0.0,0,0.0,0,2249.2,21,0.0,0,0.0,0,0.0,0,0.0,0
2012-10-29T09:22:28.000,2249.2,11111,2249,22,0.0,0,0.0,0,0.0,0,0.0,0,2249.2,19,0.0,0,0.0,0,0.0,0,0.0,0
2012-10-29T09:22:28.500,2249.2,11116,2249,21,0.0,0,0.0,0,0.0,0,0.0,0,2249.2,22,0.0,0,0.0,0,0.0,0,0.0,0
2012-10-29T09:22:29.000,2249,11138,2248.8,23,0.0,0,0.0,0,0.0,0,0.0,0,2249,17,0.0,0,0.0,0,0.0,0,0.0,0
2012-10-29T09:22:29.500,2249,11145,2248.8,23,0.0,0,0.0,0,0.0,0,0.0,0,2249,11,0.0,0,0.0,0,0.0,0,0.0,0
2012-10-29T09:22:30.250,2249,11146,2248.8,17,0.0,0,0.0,0,0.0,0,0.0,0,2249,10,0.0,0,0.0,0,0.0,0,0.0,0
2012-10-29T09:22:31.000,2248.8,11147,2248.8,16,0.0,0,0.0,0,0.0,0,0.0,0,2249,12,0.0,0,0.0,0,0.0,0,0.0,0
2012-10-29T09:22:31.500,2249,11151,2248.8,13,0.0,0,0.0,0,0.0,0,0.0,0,2249,8,0.0,0,0.0,0,0.0,0,0.0,0
2012-10-29T09:22:32.250,2249,11154,2248.8,13,0.0,0,0.0,0,0.0,0,0.0,0,2249,5,0.0,0,0.0,0,0.0,0,0.0,0
2012-10-29T09:22:33.000,2249,11158,2248.8,13,0.0,0,0.0,0,0.0,0,0.0,0,2249,1,0.0,0,0.0,0,0.0,0,0.0,0
2012-10-29T09:22:33.500,2249,11162,2249,2,0.0,0,0.0,0,0.0,0,0.0,0,2249.2,21,0.0,0,0.0,0,0.0,0,0.0,0
2012-10-29T09:22:34.250,2249,11164,2248.8,19,0.0,0,0.0,0,0.0,0,0.0,0,2249,28,0.0,0,0.0,0,0.0,0,0.0,0
2012-10-29T09:22:35.000,2248.8,11165,2248.8,19,0.0,0,0.0,0,0.0,0,0.0,0,2249,105,0.0,0,0.0,0,0.0,0,0.0,0
2012-10-29T09:22:35.500,2248.8,11200,2248.8,2,0.0,0,0.0,0,0.0,0,0.0,0,2249,95,0.0,0,0.0,0,0.0,0,0.0,0
2012-10-29T09:22:36.000,2248.8,11202,2248.6,34,0.0,0,0.0,0,0.0,0,0.0,0,2248.8,29,0.0,0,0.0,0,0.0,0,0.0,0
2012-10-29T09:22:36.500,2248.8,11210,2248.6,28,0.0,0,0.0,0,0.0,0,0.0,0,2248.8,30,0.0,0,0.0,0,0.0,0,0.0,0
2012-10-29T09:22:37.000,2248.8,11211,2248.6,28,0.0,0,0.0,0,0.0,0,0.0,0,2248.8,24,0.0,0,0.0,0,0.0,0,0.0,0
2012-10-29T09:22:37.500,2248.6,11215,2248.6,24,0.0,0,0.0,0,0.0,0,0.0,0,2248.8,87,0.0,0,0.0,0,0.0,0,0.0,0
2012-10-29T09:22:38.000,2248.6,11219,2248.6,20,0.0,0,0.0,0,0.0,0,0.0,0,2248.8,86,0.0,0,0.0,0,0.0,0,0.0,0
2012-10-29T09:22:38.500,2248.6,11241,2248.4,31,0.0,0,0.0,0,0.0,0,0.0,0,2248.6,20,0.0,0,0.0,0,0.0,0,0.0,0
2012-10-29T09:22:39.000,2248.6,11266,2248.6,27,0.0,0,0.0,0,0.0,0,0.0,0,2248.8,82,0.0,0,0.0,0,0.0,0,0.0,0
2012-10-29T09:22:39.500,2248.8,11268,2248.6,26,0.0,0,0.0,0,0.0,0,0.0,0,2248.8,81,0.0,0,0.0,0,0.0,0,0.0,0
2012-10-29T09:22:40.000,2248.6,11277,2248.6,17,0.0,0,0.0,0,0.0,0,0.0,0,2248.8,79,0.0,0,0.0,0,0.0,0,0.0,0
2012-10-29T09:22:40.500,2248.4,11303,2248.4,23,0.0,0,0.0,0,0.0,0,0.0,0,2248.8,74,0.0,0,0.0,0,0.0,0,0.0,0
2012-10-29T09:22:41.250,2248.8,11304,2248.4,23,0.0,0,0.0,0,0.0,0,0.0,0,2248.8,73,0.0,0,0.0,0,0.0,0,0.0,0
2012-10-29T09:22:42.000,2248.4,11306,2248.4,22,0.0,0,0.0,0,0.0,0,0.0,0,2248.6,4,0.0,0,0.0,0,0.0,0,0.0,0
2012-10-29T09:22:42.500,2248.6,11308,2248.4,23,0.0,0,0.0,0,0.0,0,0.0,0,2248.6,7,0.0,0,0.0,0,0.0,0,0.0,0
2012-10-29T09:22:43.000,2248.4,11315,2248.4,17,0.0,0,0.0,0,0.0,0,0.0,0,2248.6,8,0.0,0,0.0,0,0.0,0,0.0,0
2012-10-29T09:22:43.500,2248.4,11317,2248.4,17,0.0,0,0.0,0,0.0,0,0.0,0,2248.6,8,0.0,0,0.0,0,0.0,0,0.0,0
2012-10-29T09:22:44.000,2248.6,11319,2248.4,16,0.0,0,0.0,0,0.0,0,0.0,0,2248.6,7,0.0,0,0.0,0,0.0,0,0.0,0
2012-10-29T09:22:44.500,2248.4,11320,2248.4,15,0.0,0,0.0,0,0.0,0,0.0,0,2248.6,8,0.0,0,0.0,0,0.0,0,0.0,0
2012-10-29T09:22:45.000,2248.4,11322,2248.4,14,0.0,0,0.0,0,0.0,0,0.0,0,2248.6,14,0.0,0,0.0,0,0.0,0,0.0,0
2012-10-29T09:22:45.500,2248.6,11350,2248.2,45,0.0,0,0.0,0,0.0,0,0.0,0,2248.6,9,0.0,0,0.0,0,0.0,0,0.0,0
2012-10-29T09:22:46.000,2248.4,11353,2248.4,24,0.0,0,0.0,0,0.0,0,0.0,0,2248.6,10,0.0,0,0.0,0,0.0,0,0.0,0
2012-10-29T09:22:46.500,2248.4,11362,2248.4,21,0.0,0,0.0,0,0.0,0,0.0,0,2248.6,8,0.0,0,0.0,0,0.0,0,0.0,0
2012-10-29T09:22:47.000,2248.6,11367,2248.4,20,0.0,0,0.0,0,0.0,0,0.0,0,2248.6,4,0.0,0,0.0,0,0.0,0,0.0,0
2012-10-29T09:22:47.500,2248.4,11372,2248.4,21,0.0,0,0.0,0,0.0,0,0.0,0,2248.6,8,0.0,0,0.0,0,0.0,0,0.0,0
2012-10-29T09:22:48.000,2248.4,11373,2248.4,21,0.0,0,0.0,0,0.0,0,0.0,0,2248.6,9,0.0,0,0.0,0,0.0,0,0.0,0
2012-10-29T09:22:48.500,2248.6,11375,2248.4,20,0.0,0,0.0,0,0.0,0,0.0,0,2248.6,11,0.0,0,0.0,0,0.0,0,0.0,0
2012-10-29T09:22:49.000,2248.4,11377,2248.4,20,0.0,0,0.0,0,0.0,0,0.0,0,2248.6,11,0.0,0,0.0,0,0.0,0,0.0,0
2012-10-29T09:22:49.500,2248.6,11389,2248.6,38,0.0,0,0.0,0,0.0,0,0.0,0,2248.8,82,0.0,0,0.0,0,0.0,0,0.0,0
2012-10-29T09:22:50.000,2248.6,11398,2248.6,29,0.0,0,0.0,0,0.0,0,0.0,0,2248.8,82,0.0,0,0.0,0,0.0,0,0.0,0
2012-10-29T09:22:50.500,2248.8,11401,2248.6,29,0.0,0,0.0,0,0.0,0,0.0,0,2248.8,79,0.0,0,0.0,0,0.0,0,0.0,0
2012-10-29T09:22:51.000,2248.8,11402,2248.6,29,0.0,0,0.0,0,0.0,0,0.0,0,2248.8,78,0.0,0,0.0,0,0.0,0,0.0,0
2012-10-29T09:22:51.500,2248.8,11408,2248.6,28,0.0,0,0.0,0,0.0,0,0.0,0,2248.8,73,0.0,0,0.0,0,0.0,0,0.0,0
2012-10-29T09:22:52.250,2248.6,11413,2248.6,36,0.0,0,0.0,0,0.0,0,0.0,0,2248.8,73,0.0,0,0.0,0,0.0,0,0.0,0
2012-10-29T09:22:54.250,2248.8,11416,2248.6,45,0.0,0,0.0,0,0.0,0,0.0,0,2248.8,75,0.0,0,0.0,0,0.0,0,0.0,0
2012-10-29T09:22:55.000,2248.8,11417,2248.6,48,0.0,0,0.0,0,0.0,0,0.0,0,2248.8,75,0.0,0,0.0,0,0.0,0,0.0,0
2012-10-29T09:22:55.500,2248.8,11419,2248.6,48,0.0,0,0.0,0,0.0,0,0.0,0,2248.8,83,0.0,0,0.0,0,0.0,0,0.0,0
2012-10-29T09:22:56.000,2248.8,11422,2248.6,48,0.0,0,0.0,0,0.0,0,0.0,0,2248.8,80,0.0,0,0.0,0,0.0,0,0.0,0
2012-10-29T09:22:56.500,2248.6,11427,2248.6,57,0.0,0,0.0,0,0.0,0,0.0,0,2248.8,78,0.0,0,0.0,0,0.0,0,0.0,0
2012-10-29T09:22:57.000,2248.8,11430,2248.6,57,0.0,0,0.0,0,0.0,0,0.0,0,2248.8,75,0.0,0,0.0,0,0.0,0,0.0,0
2012-10-29T09:22:57.500,2248.8,11431,2248.6,57,0.0,0,0.0,0,0.0,0,0.0,0,2248.8,150,0.0,0,0.0,0,0.0,0,0.0,0
2012-10-29T09:22:58.000,2248.8,11433,2248.6,57,0.0,0,0.0,0,0.0,0,0.0,0,2248.8,147,0.0,0,0.0,0,0.0,0,0.0,0
2012-10-29T09:22:58.500,2248.6,11457,2248.6,21,0.0,0,0.0,0,0.0,0,0.0,0,2248.8,146,0.0,0,0.0,0,0.0,0,0.0,0
2012-10-29T09:22:59.000,2248.8,11461,2248.6,18,0.0,0,0.0,0,0.0,0,0.0,0,2248.8,146,0.0,0,0.0,0,0.0,0,0.0,0
2012-10-29T09:22:59.500,2248.6,11463,2248.6,16,0.0,0,0.0,0,0.0,0,0.0,0,2248.8,146,0.0,0,0.0,0,0.0,0,0.0,0
2012-10-29T09:23:00.000,2248.6,11479,2248.4,14,0.0,0,0.0,0,0.0,0,0.0,0,2248.6,6,0.0,0,0.0,0,0.0,0,0.0,0
2012-10-29T09:23:00.500,2248.2,11494,2248.2,45,0.0,0,0.0,0,0.0,0,0.0,0,2248.6,8,0.0,0,0.0,0,0.0,0,0.0,0
2012-10-29T09:23:01.000,2248.4,11511,2248.2,40,0.0,0,0.0,0,0.0,0,0.0,0,2248.4,6,0.0,0,0.0,0,0.0,0,0.0,0
2012-10-29T09:23:01.500,2248.4,11528,2248.4,27,0.0,0,0.0,0,0.0,0,0.0,0,2248.6,15,0.0,0,0.0,0,0.0,0,0.0,0
2012-10-29T09:23:02.000,2248.4,11532,2248.4,25,0.0,0,0.0,0,0.0,0,0.0,0,2248.6,30,0.0,0,0.0,0,0.0,0,0.0,0
2012-10-29T09:23:02.500,2248.6,11541,2248.4,24,0.0,0,0.0,0,0.0,0,0.0,0,2248.6,30,0.0,0,0.0,0,0.0,0,0.0,0
2012-10-29T09:23:03.000,2248.6,11543,2248.4,24,0.0,0,0.0,0,0.0,0,0.0,0,2248.6,29,0.0,0,0.0,0,0.0,0,0.0,0
2012-10-29T09:23:03.500,2248.6,11551,2248.4,17,0.0,0,0.0,0,0.0,0,0.0,0,2248.6,28,0.0,0,0.0,0,0.0,0,0.0,0
2012-10-29T09:23:04.000,2248.6,11560,2248.4,11,0.0,0,0.0,0,0.0,0,0.0,0,2248.6,26,0.0,0,0.0,0,0.0,0,0.0,0
2012-10-29T09:23:04.500,2248.4,11571,2248.2,31,0.0,0,0.0,0,0.0,0,0.0,0,2248.4,3,0.0,0,0.0,0,0.0,0,0.0,0
2012-10-29T09:23:05.000,2248.4,11572,2248.2,31,0.0,0,0.0,0,0.0,0,0.0,0,2248.4,4,0.0,0,0.0,0,0.0,0,0.0,0
2012-10-29T09:23:05.500,2248.4,11577,2248.4,16,0.0,0,0.0,0,0.0,0,0.0,0,2248.6,42,0.0,0,0.0,0,0.0,0,0.0,0
2012-10-29T09:23:06.000,2248.4,11579,2248.4,18,0.0,0,0.0,0,0.0,0,0.0,0,2248.6,41,0.0,0,0.0,0,0.0,0,0.0,0
2012-10-29T09:23:06.500,2248.4,11581,2248.4,18,0.0,0,0.0,0,0.0,0,0.0,0,2248.6,55,0.0,0,0.0,0,0.0,0,0.0,0
2012-10-29T09:23:07.000,2248.4,11584,2248.4,16,0.0,0,0.0,0,0.0,0,0.0,0,2248.6,54,0.0,0,0.0,0,0.0,0,0.0,0
2012-10-29T09:23:07.500,2248.4,11593,2248.4,9,0.0,0,0.0,0,0.0,0,0.0,0,2248.6,53,0.0,0,0.0,0,0.0,0,0.0,0
2012-10-29T09:23:08.000,2248.4,11603,2248.2,31,0.0,0,0.0,0,0.0,0,0.0,0,2248.4,16,0.0,0,0.0,0,0.0,0,0.0,0
2012-10-29T09:23:08.500,2248.2,11615,2248.2,28,0.0,0,0.0,0,0.0,0,0.0,0,2248.4,10,0.0,0,0.0,0,0.0,0,0.0,0
2012-10-29T09:23:09.000,2248.4,11618,2248.2,29,0.0,0,0.0,0,0.0,0,0.0,0,2248.4,12,0.0,0,0.0,0,0.0,0,0.0,0
2012-10-29T09:23:09.500,2248.2,11619,2248.2,27,0.0,0,0.0,0,0.0,0,0.0,0,2248.4,12,0.0,0,0.0,0,0.0,0,0.0,0
2012-10-29T09:23:10.000,2248.4,11630,2248.2,23,0.0,0,0.0,0,0.0,0,0.0,0,2248.4,16,0.0,0,0.0,0,0.0,0,0.0,0
2012-10-29T09:23:10.500,2248.2,11634,2248.2,21,0.0,0,0.0,0,0.0,0,0.0,0,2248.4,16,0.0,0,0.0,0,0.0,0,0.0,0
2012-10-29T09:23:11.000,2248.4,11638,2248.2,18,0.0,0,0.0,0,0.0,0,0.0,0,2248.4,16,0.0,0,0.0,0,0.0,0,0.0,0
2012-10-29T09:23:11.500,2248.4,11656,2248.2,7,0.0,0,0.0,0,0.0,0,0.0,0,2248.4,9,0.0,0,0.0,0,0.0,0,0.0,0
2012-10-29T09:23:12.250,2248.4,11661,2248.2,4,0.0,0,0.0,0,0.0,0,0.0,0,2248.4,8,0.0,0,0.0,0,0.0,0,0.0,0
2012-10-29T09:23:13.250,2248.2,11667,2248,42,0.0,0,0.0,0,0.0,0,0.0,0,2248.2,3,0.0,0,0.0,0,0.0,0,0.0,0
2012-10-29T09:23:14.000,2248.2,11669,2248,43,0.0,0,0.0,0,0.0,0,0.0,0,2248.2,2,0.0,0,0.0,0,0.0,0,0.0,0
2012-10-29T09:23:14.500,2248,11672,2248,40,0.0,0,0.0,0,0.0,0,0.0,0,2248.2,3,0.0,0,0.0,0,0.0,0,0.0,0
2012-10-29T09:23:15.000,2248,11678,2248,35,0.0,0,0.0,0,0.0,0,0.0,0,2248.2,3,0.0,0,0.0,0,0.0,0,0.0,0
2012-10-29T09:23:15.500,2248,11681,2248,32,0.0,0,0.0,0,0.0,0,0.0,0,2248.2,3,0.0,0,0.0,0,0.0,0,0.0,0
2012-10-29T09:23:16.000,2248,11694,2248,20,0.0,0,0.0,0,0.0,0,0.0,0,2248.2,3,0.0,0,0.0,0,0.0,0,0.0,0
2012-10-29T09:23:16.500,2248,11698,2248,18,0.0,0,0.0,0,0.0,0,0.0,0,2248.2,3,0.0,0,0.0,0,0.0,0,0.0,0
2012-10-29T09:23:17.000,2248,11709,2248,10,0.0,0,0.0,0,0.0,0,0.0,0,2248.2,17,0.0,0,0.0,0,0.0,0,0.0,0
2012-10-29T09:23:17.500,2248.2,11713,2248,8,0.0,0,0.0,0,0.0,0,0.0,0,2248.2,15,0.0,0,0.0,0,0.0,0,0.0,0
2012-10-29T09:23:18.000,2248,11715,2248,6,0.0,0,0.0,0,0.0,0,0.0,0,2248.2,16,0.0,0,0.0,0,0.0,0,0.0,0
2012-10-29T09:23:18.500,2248,11719,2248,3,0.0,0,0.0,0,0.0,0,0.0,0,2248.2,8,0.0,0,0.0,0,0.0,0,0.0,0
2012-10-29T09:23:19.000,2248,11722,2247.8,34,0.0,0,0.0,0,0.0,0,0.0,0,2248,12,0.0,0,0.0,0,0.0,0,0.0,0
2012-10-29T09:23:19.500,2248,11736,2248,17,0.0,0,0.0,0,0.0,0,0.0,0,2248.2,5,0.0,0,0.0,0,0.0,0,0.0,0
2012-10-29T09:23:20.000,2248,11737,2248,19,0.0,0,0.0,0,0.0,0,0.0,0,2248.2,3,0.0,0,0.0,0,0.0,0,0.0,0
2012-10-29T09:23:20.500,2248.2,11744,2248,19,0.0,0,0.0,0,0.0,0,0.0,0,2248.2,2,0.0,0,0.0,0,0.0,0,0.0,0
2012-10-29T09:23:21.000,2248,11747,2248,17,0.0,0,0.0,0,0.0,0,0.0,0,2248.2,2,0.0,0,0.0,0,0.0,0,0.0,0
2012-10-29T09:23:21.500,2248.2,11750,2248.2,1,0.0,0,0.0,0,0.0,0,0.0,0,2248.4,8,0.0,0,0.0,0,0.0,0,0.0,0
2012-10-29T09:23:22.000,2248.4,11755,2248.2,1,0.0,0,0.0,0,0.0,0,0.0,0,2248.4,3,0.0,0,0.0,0,0.0,0,0.0,0
2012-10-29T09:23:22.500,2248.4,11761,2248.2,7,0.0,0,0.0,0,0.0,0,0.0,0,2248.4,2,0.0,0,0.0,0,0.0,0,0.0,0
2012-10-29T09:23:23.000,2248.4,11764,2248.2,5,0.0,0,0.0,0,0.0,0,0.0,0,2248.4,1,0.0,0,0.0,0,0.0,0,0.0,0
2012-10-29T09:23:23.500,2248.2,11769,2248.2,12,0.0,0,0.0,0,0.0,0,0.0,0,2248.6,30,0.0,0,0.0,0,0.0,0,0.0,0
2012-10-29T09:23:24.000,2248.2,11770,2248.2,11,0.0,0,0.0,0,0.0,0,0.0,0,2248.6,30,0.0,0,0.0,0,0.0,0,0.0,0
2012-10-29T09:23:24.500,2248.4,11774,2248.2,13,0.0,0,0.0,0,0.0,0,0.0,0,2248.4,5,0.0,0,0.0,0,0.0,0,0.0,0
2012-10-29T09:23:25.000,2248.2,11799,2248,26,0.0,0,0.0,0,0.0,0,0.0,0,2248.2,56,0.0,0,0.0,0,0.0,0,0.0,0
2012-10-29T09:23:25.500,2248,11802,2248,25,0.0,0,0.0,0,0.0,0,0.0,0,2248.2,54,0.0,0,0.0,0,0.0,0,0.0,0
2012-10-29T09:23:26.000,2248,11828,2247.8,37,0.0,0,0.0,0,0.0,0,0.0,0,2248,4,0.0,0,0.0,0,0.0,0,0.0,0
2012-10-29T09:23:26.500,2247.8,11832,2247.8,36,0.0,0,0.0,0,0.0,0,0.0,0,2248,1,0.0,0,0.0,0,0.0,0,0.0,0
2012-10-29T09:23:27.000,2247.8,11840,2247.8,31,0.0,0,0.0,0,0.0,0,0.0,0,2248.2,87,0.0,0,0.0,0,0.0,0,0.0,0
2012-10-29T09:23:27.500,2247.8,11848,2247.8,29,0.0,0,0.0,0,0.0,0,0.0,0,2248.2,87,0.0,0,0.0,0,0.0,0,0.0,0
2012-10-29T09:23:28.000,2247.8,11856,2247.8,21,0.0,0,0.0,0,0.0,0,0.0,0,2248,22,0.0,0,0.0,0,0.0,0,0.0,0
2012-10-29T09:23:28.500,2248,11862,2247.8,20,0.0,0,0.0,0,0.0,0,0.0,0,2248,18,0.0,0,0.0,0,0.0,0,0.0,0
2012-10-29T09:23:29.000,2247.8,11914,2247.8,3,0.0,0,0.0,0,0.0,0,0.0,0,2248.2,87,0.0,0,0.0,0,0.0,0,0.0,0
2012-10-29T09:23:29.500,2247.8,11917,2247.8,1,0.0,0,0.0,0,0.0,0,0.0,0,2248,9,0.0,0,0.0,0,0.0,0,0.0,0
2012-10-29T09:23:30.000,2248,11958,2248,1,0.0,0,0.0,0,0.0,0,0.0,0,2248.2,57,0.0,0,0.0,0,0.0,0,0.0,0
2012-10-29T09:23:30.500,2248,11965,2247.8,6,0.0,0,0.0,0,0.0,0,0.0,0,2248,2,0.0,0,0.0,0,0.0,0,0.0,0
2012-10-29T09:23:31.000,2248,11969,2247.8,8,0.0,0,0.0,0,0.0,0,0.0,0,2248.2,57,0.0,0,0.0,0,0.0,0,0.0,0
2012-10-29T09:23:31.500,2247.6,11988,2247.8,2,0.0,0,0.0,0,0.0,0,0.0,0,2248.2,57,0.0,0,0.0,0,0.0,0,0.0,0
2012-10-29T09:23:32.000,2248,11989,2247.8,4,0.0,0,0.0,0,0.0,0,0.0,0,2248.2,58,0.0,0,0.0,0,0.0,0,0.0,0
2012-10-29T09:23:32.500,2247.8,11992,2248,1,0.0,0,0.0,0,0.0,0,0.0,0,2248.2,57,0.0,0,0.0,0,0.0,0,0.0,0
2012-10-29T09:23:33.000,2247.8,11995,2247.8,6,0.0,0,0.0,0,0.0,0,0.0,0,2248.2,56,0.0,0,0.0,0,0.0,0,0.0,0
2012-10-29T09:23:33.500,2248,12005,2247.6,7,0.0,0,0.0,0,0.0,0,0.0,0,2248,2,0.0,0,0.0,0,0.0,0,0.0,0
2012-10-29T09:23:34.000,2248,12009,2247.6,7,0.0,0,0.0,0,0.0,0,0.0,0,2248.2,62,0.0,0,0.0,0,0.0,0,0.0,0
2012-10-29T09:23:34.500,2247.6,12023,2247.6,29,0.0,0,0.0,0,0.0,0,0.0,0,2248,10,0.0,0,0.0,0,0.0,0,0.0,0
2012-10-29T09:23:35.000,2247.6,12030,2247.6,24,0.0,0,0.0,0,0.0,0,0.0,0,2248,25,0.0,0,0.0,0,0.0,0,0.0,0
2012-10-29T09:23:35.500,2247.8,12045,2247.8,24,0.0,0,0.0,0,0.0,0,0.0,0,2248,28,0.0,0,0.0,0,0.0,0,0.0,0
2012-10-29T09:23:36.000,2247.8,12053,2247.8,17,0.0,0,0.0,0,0.0,0,0.0,0,2248,28,0.0,0,0.0,0,0.0,0,0.0,0
2012-10-29T09:23:36.500,2247.8,12071,2247.6,20,0.0,0,0.0,0,0.0,0,0.0,0,2248,13,0.0,0,0.0,0,0.0,0,0.0,0
2012-10-29T09:23:37.000,2247.6,12082,2247.6,12,0.0,0,0.0,0,0.0,0,0.0,0,2248,8,0.0,0,0.0,0,0.0,0,0.0,0
2012-10-29T09:23:37.500,2247.8,12088,2247.6,13,0.0,0,0.0,0,0.0,0,0.0,0,2248,7,0.0,0,0.0,0,0.0,0,0.0,0
2012-10-29T09:23:38.000,2248,12094,2247.8,8,0.0,0,0.0,0,0.0,0,0.0,0,2248,5,0.0,0,0.0,0,0.0,0,0.0,0
2012-10-29T09:23:38.500,2247.6,12104,2247.6,12,0.0,0,0.0,0,0.0,0,0.0,0,2247.8,2,0.0,0,0.0,0,0.0,0,0.0,0
2012-10-29T09:23:39.000,2247.8,12105,2247.6,12,0.0,0,0.0,0,0.0,0,0.0,0,2247.8,1,0.0,0,0.0,0,0.0,0,0.0,0
2012-10-29T09:23:39.500,2247.6,12115,2247.6,12,0.0,0,0.0,0,0.0,0,0.0,0,2247.8,33,0.0,0,0.0,0,0.0,0,0.0,0
2012-10-29T09:23:40.000,2247.6,12136,2247.4,19,0.0,0,0.0,0,0.0,0,0.0,0,2247.6,6,0.0,0,0.0,0,0.0,0,0.0,0
2012-10-29T09:23:40.500,2247.6,12150,2247.6,20,0.0,0,0.0,0,0.0,0,0.0,0,2247.8,27,0.0,0,0.0,0,0.0,0,0.0,0
2012-10-29T09:23:41.000,2247.6,12161,2247.6,9,0.0,0,0.0,0,0.0,0,0.0,0,2247.8,37,0.0,0,0.0,0,0.0,0,0.0,0
2012-10-29T09:23:41.500,2247.8,12168,2247.6,9,0.0,0,0.0,0,0.0,0,0.0,0,2247.8,27,0.0,0,0.0,0,0.0,0,0.0,0
2012-10-29T09:23:42.000,2247.6,12180,2247.4,22,0.0,0,0.0,0,0.0,0,0.0,0,2247.6,1,0.0,0,0.0,0,0.0,0,0.0,0
2012-10-29T09:23:42.500,2247.6,12195,2247.6,34,0.0,0,0.0,0,0.0,0,0.0,0,2247.8,24,0.0,0,0.0,0,0.0,0,0.0,0
2012-10-29T09:23:43.000,2247.8,12198,2247.6,35,0.0,0,0.0,0,0.0,0,0.0,0,2247.8,29,0.0,0,0.0,0,0.0,0,0.0,0
2012-10-29T09:23:43.500,2247.8,12206,2247.6,35,0.0,0,0.0,0,0.0,0,0.0,0,2247.8,20,0.0,0,0.0,0,0.0,0,0.0,0
2012-10-29T09:23:44.000,2247.8,12212,2247.6,34,0.0,0,0.0,0,0.0,0,0.0,0,2247.8,15,0.0,0,0.0,0,0.0,0,0.0,0
2012-10-29T09:23:44.500,2247.8,12232,2247.6,23,0.0,0,0.0,0,0.0,0,0.0,0,2247.8,7,0.0,0,0.0,0,0.0,0,0.0,0
2012-10-29T09:23:45.000,2247.6,12238,2247.6,22,0.0,0,0.0,0,0.0,0,0.0,0,2247.8,2,0.0,0,0.0,0,0.0,0,0.0,0
2012-10-29T09:23:45.500,2247.6,12264,2247.4,30,0.0,0,0.0,0,0.0,0,0.0,0,2247.6,15,0.0,0,0.0,0,0.0,0,0.0,0
2012-10-29T09:23:46.000,2247.6,12269,2247.4,30,0.0,0,0.0,0,0.0,0,0.0,0,2247.6,10,0.0,0,0.0,0,0.0,0,0.0,0
2012-10-29T09:23:46.500,2247.6,12273,2247.4,32,0.0,0,0.0,0,0.0,0,0.0,0,2247.6,7,0.0,0,0.0,0,0.0,0,0.0,0
2012-10-29T09:23:47.000,2247.4,12278,2247.4,28,0.0,0,0.0,0,0.0,0,0.0,0,2247.6,8,0.0,0,0.0,0,0.0,0,0.0,0
2012-10-29T09:23:47.500,2247.6,12292,2247.4,17,0.0,0,0.0,0,0.0,0,0.0,0,2247.6,12,0.0,0,0.0,0,0.0,0,0.0,0
2012-10-29T09:23:48.000,2247.4,12303,2247.4,7,0.0,0,0.0,0,0.0,0,0.0,0,2247.6,11,0.0,0,0.0,0,0.0,0,0.0,0
2012-10-29T09:23:48.500,2247.6,12336,2247.6,3,0.0,0,0.0,0,0.0,0,0.0,0,2247.8,18,0.0,0,0.0,0,0.0,0,0.0,0
2012-10-29T09:23:49.000,2247.2,12343,2247.2,64,0.0,0,0.0,0,0.0,0,0.0,0,2247.4,3,0.0,0,0.0,0,0.0,0,0.0,0
2012-10-29T09:23:49.500,2247.4,12350,2247.4,1,0.0,0,0.0,0,0.0,0,0.0,0,2247.8,16,0.0,0,0.0,0,0.0,0,0.0,0
2012-10-29T09:23:50.000,2247.4,12357,2247.4,18,0.0,0,0.0,0,0.0,0,0.0,0,2247.6,1,0.0,0,0.0,0,0.0,0,0.0,0
2012-10-29T09:23:50.500,2247.4,12372,2247.4,11,0.0,0,0.0,0,0.0,0,0.0,0,2247.8,15,0.0,0,0.0,0,0.0,0,0.0,0
2012-10-29T09:23:51.000,2247.4,12380,2247.4,9,0.0,0,0.0,0,0.0,0,0.0,0,2247.8,17,0.0,0,0.0,0,0.0,0,0.0,0
2012-10-29T09:23:51.500,2247.4,12385,2247.4,10,0.0,0,0.0,0,0.0,0,0.0,0,2247.8,20,0.0,0,0.0,0,0.0,0,0.0,0
2012-10-29T09:23:52.000,2247.4,12396,2247.6,10,0.0,0,0.0,0,0.0,0,0.0,0,2247.8,11,0.0,0,0.0,0,0.0,0,0.0,0
2012-10-29T09:23:52.500,2247.6,12410,2247.6,2,0.0,0,0.0,0,0.0,0,0.0,0,2247.8,12,0.0,0,0.0,0,0.0,0,0.0,0
2012-10-29T09:23:53.000,2247.6,12415,2247.6,9,0.0,0,0.0,0,0.0,0,0.0,0,2247.8,8,0.0,0,0.0,0,0.0,0,0.0,0
