date_time,last_px,total_volume,bid1_px,bid1_qty,bid2_px,bid2_qty,bid3_px,bid3_qty,bid4_px,bid4_qty,bid5_px,bid5_qty,ask1_px,ask1_qty,ask2_px,ask2_qty,ask3_px,ask3_qty,ask4_px,ask4_qty,ask5_px,ask5_qty
2012-11-02T09:14:00.250,2311.2,492,2311,1,0.0,0,0.0,0,0.0,0,0.0,0,2311.2,4,0.0,0,0.0,0,0.0,0,0.0,0
2012-11-02T09:15:00.250,2310.4,665,2310.4,8,0.0,0,0.0,0,0.0,0,0.0,0,2311,57,0.0,0,0.0,0,0.0,0,0.0,0
2012-11-02T09:15:01.000,2310.4,766,2310.2,17,0.0,0,0.0,0,0.0,0,0.0,0,2310.4,5,0.0,0,0.0,0,0.0,0,0.0,0
2012-11-02T09:15:01.500,2309.8,863,2309.8,4,0.0,0,0.0,0,0.0,0,0.0,0,2310,23,0.0,0,0.0,0,0.0,0,0.0,0
2012-11-02T09:15:02.000,2309.2,965,2309.2,1,0.0,0,0.0,0,0.0,0,0.0,0,2309.6,19,0.0,0,0.0,0,0.0,0,0.0,0
2012-11-02T09:15:02.500,2309.2,1047,2309.2,70,0.0,0,0.0,0,0.0,0,0.0,0,2309.4,1,0.0,0,0.0,0,0.0,0,0.0,0
2012-11-02T09:15:03.000,2309.6,1131,2309.6,6,0.0,0,0.0,0,0.0,0,0.0,0,2309.8,32,0.0,0,0.0,0,0.0,0,0.0,0
2012-11-02T09:15:03.500,2309.8,1247,2309.8,16,0.0,0,0.0,0,0.0,0,0.0,0,2310,5,0.0,0,0.0,0,0.0,0,0.0,0
2012-11-02T09:15:04.000,2310.2,1323,2310,23,0.0,0,0.0,0,0.0,0,0.0,0,2310.2,49,0.0,0,0.0,0,0.0,0,0.0,0
2012-11-02T09:15:04.500,2310,1405,2310,16,0.0,0,0.0,0,0.0,0,0.0,0,2310.2,11,0.0,0,0.0,0,0.0,0,0.0,0
2012-11-02T09:15:05.000,2309.6,1436,2309.4,22,0.0,0,0.0,0,0.0,0,0.0,0,2310,2,0.0,0,0.0,0,0.0,0,0.0,0
2012-11-02T09:15:05.500,2309.4,1538,2309.2,27,0.0,0,0.0,0,0.0,0,0.0,0,2309.4,23,0.0,0,0.0,0,0.0,0,0.0,0
2012-11-02T09:15:06.000,2309.2,1625,2309,46,0.0,0,0.0,0,0.0,0,0.0,0,2309.2,20,0.0,0,0.0,0,0.0,0,0.0,0
2012-11-02T09:15:06.500,2308.6,1685,2308.6,7,0.0,0,0.0,0,0.0,0,0.0,0,2308.8,12,0.0,0,0.0,0,0.0,0,0.0,0
2012-11-02T09:15:07.000,2308.8,1706,2308.2,48,0.0,0,0.0,0,0.0,0,0.0,0,2308.6,1,0.0,0,0.0,0,0.0,0,0.0,0
2012-11-02T09:15:07.500,2308.4,1722,2308.4,25,0.0,0,0.0,0,0.0,0,0.0,0,2308.6,8,0.0,0,0.0,0,0.0,0,0.0,0
2012-11-02T09:15:08.000,2308.4,1777,2308.4,5,0.0,0,0.0,0,0.0,0,0.0,0,2309,5,0.0,0,0.0,0,0.0,0,0.0,0
2012-11-02T09:15:08.500,2308.6,1816,2308.6,14,0.0,0,0.0,0,0.0,0,0.0,0,2309.6,10,0.0,0,0.0,0,0.0,0,0.0,0
2012-11-02T09:15:09.000,2309,1861,2308.8,43,0.0,0,0.0,0,0.0,0,0.0,0,2309,12,0.0,0,0.0,0,0.0,0,0.0,0
2012-11-02T09:15:09.500,2309,2025,2309,1,0.0,0,0.0,0,0.0,0,0.0,0,2310,21,0.0,0,0.0,0,0.0,0,0.0,0
2012-11-02T09:15:10.000,2309.4,2059,2309.4,5,0.0,0,0.0,0,0.0,0,0.0,0,2309.8,10,0.0,0,0.0,0,0.0,0,0.0,0
2012-11-02T09:15:10.500,2309.4,2169,2309.6,1,0.0,0,0.0,0,0.0,0,0.0,0,2310,1,0.0,0,0.0,0,0.0,0,0.0,0
2012-11-02T09:15:11.000,2310,2204,2310,7,0.0,0,0.0,0,0.0,0,0.0,0,2310.2,9,0.0,0,0.0,0,0.0,0,0.0,0
2012-11-02T09:15:11.500,2310.2,2221,2310,1,0.0,0,0.0,0,0.0,0,0.0,0,2310.2,5,0.0,0,0.0,0,0.0,0,0.0,0
2012-11-02T09:15:12.000,2310,2234,2309.8,24,0.0,0,0.0,0,0.0,0,0.0,0,2310,27,0.0,0,0.0,0,0.0,0,0.0,0
2012-11-02T09:15:12.500,2308.8,2324,2308.6,15,0.0,0,0.0,0,0.0,0,0.0,0,2308.8,19,0.0,0,0.0,0,0.0,0,0.0,0
2012-11-02T09:15:13.000,2308.8,2402,2308.6,2,0.0,0,0.0,0,0.0,0,0.0,0,2308.8,1,0.0,0,0.0,0,0.0,0,0.0,0
2012-11-02T09:15:13.500,2309.8,2432,2308.8,9,0.0,0,0.0,0,0.0,0,0.0,0,2310,63,0.0,0,0.0,0,0.0,0,0.0,0
2012-11-02T09:15:14.000,2309.6,2451,2309.4,1,0.0,0,0.0,0,0.0,0,0.0,0,2309.8,10,0.0,0,0.0,0,0.0,0,0.0,0
2012-11-02T09:15:14.500,2309.2,2496,2309.2,2,0.0,0,0.0,0,0.0,0,0.0,0,2309.6,1,0.0,0,0.0,0,0.0,0,0.0,0
2012-11-02T09:15:15.000,2309,2515,2309,17,0.0,0,0.0,0,0.0,0,0.0,0,2309.6,32,0.0,0,0.0,0,0.0,0,0.0,0
2012-11-02T09:15:15.500,2309,2546,2308.8,49,0.0,0,0.0,0,0.0,0,0.0,0,2309,19,0.0,0,0.0,0,0.0,0,0.0,0
2012-11-02T09:15:16.000,2309.2,2603,2309,3,0.0,0,0.0,0,0.0,0,0.0,0,2309.4,50,0.0,0,0.0,0,0.0,0,0.0,0
2012-11-02T09:15:16.500,2309,2614,2308.8,97,0.0,0,0.0,0,0.0,0,0.0,0,2309,21,0.0,0,0.0,0,0.0,0,0.0,0
2012-11-02T09:15:17.000,2309.4,2725,2309,7,0.0,0,0.0,0,0.0,0,0.0,0,2309.6,8,0.0,0,0.0,0,0.0,0,0.0,0
2012-11-02T09:15:17.500,2309.6,2730,2309.4,27,0.0,0,0.0,0,0.0,0,0.0,0,2309.6,8,0.0,0,0.0,0,0.0,0,0.0,0
2012-11-02T09:15:18.000,2309.6,2749,2309.6,5,0.0,0,0.0,0,0.0,0,0.0,0,2309.8,12,0.0,0,0.0,0,0.0,0,0.0,0
2012-11-02T09:15:18.500,2309.8,2788,2309.8,8,0.0,0,0.0,0,0.0,0,0.0,0,2310,78,0.0,0,0.0,0,0.0,0,0.0,0
2012-11-02T09:15:19.000,2309.8,2810,2309.8,5,0.0,0,0.0,0,0.0,0,0.0,0,2310,100,0.0,0,0.0,0,0.0,0,0.0,0
2012-11-02T09:15:19.500,2309.8,2833,2309.6,13,0.0,0,0.0,0,0.0,0,0.0,0,2309.8,8,0.0,0,0.0,0,0.0,0,0.0,0
2012-11-02T09:15:20.000,2309.4,2871,2309.4,6,0.0,0,0.0,0,0.0,0,0.0,0,2309.6,5,0.0,0,0.0,0,0.0,0,0.0,0
2012-11-02T09:15:20.500,2309.6,2891,2309.6,30,0.0,0,0.0,0,0.0,0,0.0,0,2309.8,19,0.0,0,0.0,0,0.0,0,0.0,0
2012-11-02T09:15:21.000,2309.6,2915,2309.6,19,0.0,0,0.0,0,0.0,0,0.0,0,2309.8,8,0.0,0,0.0,0,0.0,0,0.0,0
2012-11-02T09:15:21.500,2309.6,2926,2309.6,11,0.0,0,0.0,0,0.0,0,0.0,0,2309.8,9,0.0,0,0.0,0,0.0,0,0.0,0
2012-11-02T09:15:22.000,2309.6,2947,2309.6,1,0.0,0,0.0,0,0.0,0,0.0,0,2309.8,3,0.0,0,0.0,0,0.0,0,0.0,0
2012-11-02T09:15:22.500,2309.6,2963,2309.4,3,0.0,0,0.0,0,0.0,0,0.0,0,2309.6,1,0.0,0,0.0,0,0.0,0,0.0,0
2012-11-02T09:15:23.000,2309.6,2975,2309.2,9,0.0,0,0.0,0,0.0,0,0.0,0,2309.6,21,0.0,0,0.0,0,0.0,0,0.0,0
2012-11-02T09:15:23.500,2309.6,2979,2309.2,11,0.0,0,0.0,0,0.0,0,0.0,0,2309.6,29,0.0,0,0.0,0,0.0,0,0.0,0
2012-11-02T09:15:24.000,2309.2,3001,2309.2,5,0.0,0,0.0,0,0.0,0,0.0,0,2309.4,2,0.0,0,0.0,0,0.0,0,0.0,0
2012-11-02T09:15:24.500,2309.6,3045,2309.2,2,0.0,0,0.0,0,0.0,0,0.0,0,2309.6,7,0.0,0,0.0,0,0.0,0,0.0,0
2012-11-02T09:15:25.000,2309,3055,2309,36,0.0,0,0.0,0,0.0,0,0.0,0,2309.2,7,0.0,0,0.0,0,0.0,0,0.0,0
2012-11-02T09:15:25.500,2309.2,3063,2309,37,0.0,0,0.0,0,0.0,0,0.0,0,2309.2,6,0.0,0,0.0,0,0.0,0,0.0,0
2012-11-02T09:15:26.000,2309.2,3083,2309,39,0.0,0,0.0,0,0.0,0,0.0,0,2309.6,17,0.0,0,0.0,0,0.0,0,0.0,0
2012-11-02T09:15:26.500,2309.6,3101,2309.2,1,0.0,0,0.0,0,0.0,0,0.0,0,2309.6,26,0.0,0,0.0,0,0.0,0,0.0,0
2012-11-02T09:15:27.000,2309.2,3103,2309.2,2,0.0,0,0.0,0,0.0,0,0.0,0,2309.6,33,0.0,0,0.0,0,0.0,0,0.0,0
2012-11-02T09:15:27.500,2309.4,3104,2309.2,5,0.0,0,0.0,0,0.0,0,0.0,0,2309.6,38,0.0,0,0.0,0,0.0,0,0.0,0
2012-11-02T09:15:28.000,2309.2,3131,2309.2,3,0.0,0,0.0,0,0.0,0,0.0,0,2309.6,13,0.0,0,0.0,0,0.0,0,0.0,0
2012-11-02T09:15:28.500,2309.6,3147,2309.6,16,0.0,0,0.0,0,0.0,0,0.0,0,2309.8,50,0.0,0,0.0,0,0.0,0,0.0,0
2012-11-02T09:15:29.000,2309.6,3209,2309.2,7,0.0,0,0.0,0,0.0,0,0.0,0,2309.6,1,0.0,0,0.0,0,0.0,0,0.0,0
2012-11-02T09:15:29.500,2309.2,3250,2309.2,2,0.0,0,0.0,0,0.0,0,0.0,0,2310,94,0.0,0,0.0,0,0.0,0,0.0,0
2012-11-02T09:15:30.000,2309.6,3259,2309.4,3,0.0,0,0.0,0,0.0,0,0.0,0,2309.6,1,0.0,0,0.0,0,0.0,0,0.0,0
2012-11-02T09:15:30.500,2309.6,3282,2309.6,3,0.0,0,0.0,0,0.0,0,0.0,0,2309.8,3,0.0,0,0.0,0,0.0,0,0.0,0
2012-11-02T09:15:31.000,2309.8,3299,2309.8,2,0.0,0,0.0,0,0.0,0,0.0,0,2310,88,0.0,0,0.0,0,0.0,0,0.0,0
2012-11-02T09:15:31.500,2309.8,3308,2309.4,23,0.0,0,0.0,0,0.0,0,0.0,0,2309.6,6,0.0,0,0.0,0,0.0,0,0.0,0
2012-11-02T09:15:32.000,2309.6,3327,2309.6,20,0.0,0,0.0,0,0.0,0,0.0,0,2309.8,4,0.0,0,0.0,0,0.0,0,0.0,0
2012-11-02T09:15:32.500,2309.8,3345,2309.8,1,0.0,0,0.0,0,0.0,0,0.0,0,2310,86,0.0,0,0.0,0,0.0,0,0.0,0
2012-11-02T09:15:33.000,2309.8,3391,2309.8,2,0.0,0,0.0,0,0.0,0,0.0,0,2310,51,0.0,0,0.0,0,0.0,0,0.0,0
2012-11-02T09:15:33.500,2309.8,3405,2309.8,1,0.0,0,0.0,0,0.0,0,0.0,0,2310,42,0.0,0,0.0,0,0.0,0,0.0,0
2012-11-02T09:15:34.000,2310,3506,2310,54,0.0,0,0.0,0,0.0,0,0.0,0,2310.6,15,0.0,0,0.0,0,0.0,0,0.0,0
2012-11-02T09:15:34.500,2310.2,3527,2310.2,27,0.0,0,0.0,0,0.0,0,0.0,0,2310.4,2,0.0,0,0.0,0,0.0,0,0.0,0
2012-11-02T09:15:35.000,2310.4,3543,2310.2,6,0.0,0,0.0,0,0.0,0,0.0,0,2310.4,8,0.0,0,0.0,0,0.0,0,0.0,0
2012-11-02T09:15:35.500,2310.4,3557,2310.2,1,0.0,0,0.0,0,0.0,0,0.0,0,2310.4,19,0.0,0,0.0,0,0.0,0,0.0,0
2012-11-02T09:15:36.000,2310,3578,2310,76,0.0,0,0.0,0,0.0,0,0.0,0,2310.2,46,0.0,0,0.0,0,0.0,0,0.0,0
2012-11-02T09:15:36.500,2310,3630,2310,18,0.0,0,0.0,0,0.0,0,0.0,0,2310.2,56,0.0,0,0.0,0,0.0,0,0.0,0
2012-11-02T09:15:37.000,2309.8,3655,2309.6,7,0.0,0,0.0,0,0.0,0,0.0,0,2309.8,4,0.0,0,0.0,0,0.0,0,0.0,0
2012-11-02T09:15:37.500,2309.6,3666,2309.4,22,0.0,0,0.0,0,0.0,0,0.0,0,2309.6,21,0.0,0,0.0,0,0.0,0,0.0,0
2012-11-02T09:15:38.000,2309.4,3674,2309.4,9,0.0,0,0.0,0,0.0,0,0.0,0,2309.6,15,0.0,0,0.0,0,0.0,0,0.0,0
2012-11-02T09:15:38.500,2309.6,3677,2309.4,11,0.0,0,0.0,0,0.0,0,0.0,0,2309.6,16,0.0,0,0.0,0,0.0,0,0.0,0
2012-11-02T09:15:39.000,2309.6,3702,2309.6,3,0.0,0,0.0,0,0.0,0,0.0,0,2309.8,7,0.0,0,0.0,0,0.0,0,0.0,0
2012-11-02T09:15:39.500,2309.4,3710,2309.4,9,0.0,0,0.0,0,0.0,0,0.0,0,2309.8,4,0.0,0,0.0,0,0.0,0,0.0,0
2012-11-02T09:15:40.000,2309.6,3715,2309.6,36,0.0,0,0.0,0,0.0,0,0.0,0,2309.8,5,0.0,0,0.0,0,0.0,0,0.0,0
2012-11-02T09:15:40.500,2309.6,3732,2309.6,31,0.0,0,0.0,0,0.0,0,0.0,0,2309.8,2,0.0,0,0.0,0,0.0,0,0.0,0
2012-11-02T09:15:41.000,2309.6,3748,2309.6,28,0.0,0,0.0,0,0.0,0,0.0,0,2309.8,18,0.0,0,0.0,0,0.0,0,0.0,0
2012-11-02T09:15:41.500,2309.6,3758,2309.6,27,0.0,0,0.0,0,0.0,0,0.0,0,2309.8,12,0.0,0,0.0,0,0.0,0,0.0,0
2012-11-02T09:15:42.000,2309.8,3783,2309.6,6,0.0,0,0.0,0,0.0,0,0.0,0,2309.8,7,0.0,0,0.0,0,0.0,0,0.0,0
2012-11-02T09:15:42.500,2309.8,3831,2309.6,8,0.0,0,0.0,0,0.0,0,0.0,0,2309.8,4,0.0,0,0.0,0,0.0,0,0.0,0
2012-11-02T09:15:43.000,2309.2,3867,2309.2,5,0.0,0,0.0,0,0.0,0,0.0,0,2309.6,35,0.0,0,0.0,0,0.0,0,0.0,0
2012-11-02T09:15:43.500,2309.4,3884,2309.2,8,0.0,0,0.0,0,0.0,0,0.0,0,2309.6,20,0.0,0,0.0,0,0.0,0,0.0,0
2012-11-02T09:15:44.000,2309.4,3927,2309.2,4,0.0,0,0.0,0,0.0,0,0.0,0,2309.4,5,0.0,0,0.0,0,0.0,0,0.0,0
2012-11-02T09:15:44.500,2309.6,3939,2309.2,6,0.0,0,0.0,0,0.0,0,0.0,0,2309.6,10,0.0,0,0.0,0,0.0,0,0.0,0
2012-11-02T09:15:45.000,2309.2,3975,2309,50,0.0,0,0.0,0,0.0,0,0.0,0,2309.2,5,0.0,0,0.0,0,0.0,0,0.0,0
2012-11-02T09:15:45.500,2309.2,3981,2309,50,0.0,0,0.0,0,0.0,0,0.0,0,2309.2,1,0.0,0,0.0,0,0.0,0,0.0,0
2012-11-02T09:15:46.000,2309,3998,2309.2,14,0.0,0,0.0,0,0.0,0,0.0,0,2309.4,22,0.0,0,0.0,0,0.0,0,0.0,0
2012-11-02T09:15:46.500,2309.4,4011,2309.2,9,0.0,0,0.0,0,0.0,0,0.0,0,2309.4,20,0.0,0,0.0,0,0.0,0,0.0,0
2012-11-02T09:15:47.000,2309.2,4031,2309.2,13,0.0,0,0.0,0,0.0,0,0.0,0,2309.4,4,0.0,0,0.0,0,0.0,0,0.0,0
2012-11-02T09:15:47.500,2309.2,4049,2309.2,34,0.0,0,0.0,0,0.0,0,0.0,0,2309.6,14,0.0,0,0.0,0,0.0,0,0.0,0
2012-11-02T09:15:48.000,2309.4,4053,2309.4,8,0.0,0,0.0,0,0.0,0,0.0,0,2309.6,12,0.0,0,0.0,0,0.0,0,0.0,0
2012-11-02T09:15:48.500,2309.4,4081,2309.4,12,0.0,0,0.0,0,0.0,0,0.0,0,2309.8,43,0.0,0,0.0,0,0.0,0,0.0,0
2012-11-02T09:15:49.000,2309.4,4120,2309.2,9,0.0,0,0.0,0,0.0,0,0.0,0,2309.4,7,0.0,0,0.0,0,0.0,0,0.0,0
2012-11-02T09:15:49.500,2309.2,4123,2309.2,11,0.0,0,0.0,0,0.0,0,0.0,0,2309.4,13,0.0,0,0.0,0,0.0,0,0.0,0
2012-11-02T09:15:50.000,2309.2,4125,2309.2,12,0.0,0,0.0,0,0.0,0,0.0,0,2309.4,31,0.0,0,0.0,0,0.0,0,0.0,0
2012-11-02T09:15:50.500,2309.4,4131,2309.2,14,0.0,0,0.0,0,0.0,0,0.0,0,2309.4,27,0.0,0,0.0,0,0.0,0,0.0,0
2012-11-02T09:15:51.000,2309.2,4138,2309.2,11,0.0,0,0.0,0,0.0,0,0.0,0,2309.4,25,0.0,0,0.0,0,0.0,0,0.0,0
2012-11-02T09:15:51.500,2309.4,4147,2309.2,20,0.0,0,0.0,0,0.0,0,0.0,0,2309.4,18,0.0,0,0.0,0,0.0,0,0.0,0
2012-11-02T09:15:52.000,2309.4,4167,2309.4,1,0.0,0,0.0,0,0.0,0,0.0,0,2309.6,19,0.0,0,0.0,0,0.0,0,0.0,0
2012-11-02T09:15:52.500,2309.4,4246,2309.4,26,0.0,0,0.0,0,0.0,0,0.0,0,2309.6,13,0.0,0,0.0,0,0.0,0,0.0,0
2012-11-02T09:15:53.000,2309.6,4267,2309.6,7,0.0,0,0.0,0,0.0,0,0.0,0,2309.8,42,0.0,0,0.0,0,0.0,0,0.0,0
2012-11-02T09:15:53.500,2309.6,4275,2309.6,4,0.0,0,0.0,0,0.0,0,0.0,0,2309.8,37,0.0,0,0.0,0,0.0,0,0.0,0
2012-11-02T09:15:54.000,2309.6,4290,2309.6,2,0.0,0,0.0,0,0.0,0,0.0,0,2309.8,38,0.0,0,0.0,0,0.0,0,0.0,0
2012-11-02T09:15:54.500,2309.6,4333,2309.6,1,0.0,0,0.0,0,0.0,0,0.0,0,2310,146,0.0,0,0.0,0,0.0,0,0.0,0
2012-11-02T09:15:55.000,2309.4,4341,2309.4,13,0.0,0,0.0,0,0.0,0,0.0,0,2309.6,20,0.0,0,0.0,0,0.0,0,0.0,0
2012-11-02T09:15:55.500,2309.6,4370,2309.6,18,0.0,0,0.0,0,0.0,0,0.0,0,2310,146,0.0,0,0.0,0,0.0,0,0.0,0
2012-11-02T09:15:56.000,2309.6,4372,2309.6,18,0.0,0,0.0,0,0.0,0,0.0,0,2310,126,0.0,0,0.0,0,0.0,0,0.0,0
2012-11-02T09:15:56.500,2310,4430,2309.6,25,0.0,0,0.0,0,0.0,0,0.0,0,2310,71,0.0,0,0.0,0,0.0,0,0.0,0
2012-11-02T09:15:57.000,2310,4471,2309.8,46,0.0,0,0.0,0,0.0,0,0.0,0,2310,34,0.0,0,0.0,0,0.0,0,0.0,0
2012-11-02T09:15:57.500,2310,4511,2309.8,44,0.0,0,0.0,0,0.0,0,0.0,0,2310,1,0.0,0,0.0,0,0.0,0,0.0,0
2012-11-02T09:15:58.000,2309.8,4561,2309.8,34,0.0,0,0.0,0,0.0,0,0.0,0,2310.2,14,0.0,0,0.0,0,0.0,0,0.0,0
2012-11-02T09:15:58.500,2309.8,4564,2309.8,4,0.0,0,0.0,0,0.0,0,0.0,0,2310.2,24,0.0,0,0.0,0,0.0,0,0.0,0
2012-11-02T09:15:59.000,2310,4566,2309.8,7,0.0,0,0.0,0,0.0,0,0.0,0,2310,1,0.0,0,0.0,0,0.0,0,0.0,0
2012-11-02T09:15:59.500,2310.2,4577,2309.6,37,0.0,0,0.0,0,0.0,0,0.0,0,2309.8,2,0.0,0,0.0,0,0.0,0,0.0,0
2012-11-02T09:16:00.000,2309.8,4597,2309.8,49,0.0,0,0.0,0,0.0,0,0.0,0,2310,40,0.0,0,0.0,0,0.0,0,0.0,0
2012-11-02T09:16:00.500,2310,4643,2309.8,60,0.0,0,0.0,0,0.0,0,0.0,0,2310,29,0.0,0,0.0,0,0.0,0,0.0,0
2012-11-02T09:16:01.000,2310,4691,2309.8,36,0.0,0,0.0,0,0.0,0,0.0,0,2310,21,0.0,0,0.0,0,0.0,0,0.0,0
2012-11-02T09:16:01.500,2310,4695,2309.8,37,0.0,0,0.0,0,0.0,0,0.0,0,2310,21,0.0,0,0.0,0,0.0,0,0.0,0
2012-11-02T09:16:02.000,2309.8,4699,2309.8,35,0.0,0,0.0,0,0.0,0,0.0,0,2310,20,0.0,0,0.0,0,0.0,0,0.0,0
2012-11-02T09:16:02.500,2310,4734,2310,22,0.0,0,0.0,0,0.0,0,0.0,0,2310.2,36,0.0,0,0.0,0,0.0,0,0.0,0
2012-11-02T09:16:03.000,2310,4741,2310,24,0.0,0,0.0,0,0.0,0,0.0,0,2310.2,37,0.0,0,0.0,0,0.0,0,0.0,0
2012-11-02T09:16:03.500,2310,4777,2309.8,32,0.0,0,0.0,0,0.0,0,0.0,0,2310,76,0.0,0,0.0,0,0.0,0,0.0,0
2012-11-02T09:16:04.000,2309.8,4806,2309.8,9,0.0,0,0.0,0,0.0,0,0.0,0,2310,76,0.0,0,0.0,0,0.0,0,0.0,0
2012-11-02T09:16:04.500,2309.8,4871,2309.6,42,0.0,0,0.0,0,0.0,0,0.0,0,2309.8,27,0.0,0,0.0,0,0.0,0,0.0,0
2012-11-02T09:16:05.000,2309.6,4894,2309.6,34,0.0,0,0.0,0,0.0,0,0.0,0,2309.8,20,0.0,0,0.0,0,0.0,0,0.0,0
2012-11-02T09:16:05.500,2309.8,4912,2309.6,32,0.0,0,0.0,0,0.0,0,0.0,0,2309.8,24,0.0,0,0.0,0,0.0,0,0.0,0
2012-11-02T09:16:06.000,2309.6,4917,2309.6,36,0.0,0,0.0,0,0.0,0,0.0,0,2309.8,26,0.0,0,0.0,0,0.0,0,0.0,0
2012-11-02T09:16:06.500,2309.8,4929,2309.6,35,0.0,0,0.0,0,0.0,0,0.0,0,2309.8,18,0.0,0,0.0,0,0.0,0,0.0,0
2012-11-02T09:16:07.000,2309.6,4941,2309.6,26,0.0,0,0.0,0,0.0,0,0.0,0,2309.8,16,0.0,0,0.0,0,0.0,0,0.0,0
2012-11-02T09:16:07.500,2309.6,4955,2309.6,17,0.0,0,0.0,0,0.0,0,0.0,0,2309.8,10,0.0,0,0.0,0,0.0,0,0.0,0
2012-11-02T09:16:08.000,2309.8,4966,2309.6,13,0.0,0,0.0,0,0.0,0,0.0,0,2309.8,9,0.0,0,0.0,0,0.0,0,0.0,0
2012-11-02T09:16:08.500,2309.6,4975,2309.6,9,0.0,0,0.0,0,0.0,0,0.0,0,2309.8,4,0.0,0,0.0,0,0.0,0,0.0,0
2012-11-02T09:16:09.000,2309.6,4992,2309.4,50,0.0,0,0.0,0,0.0,0,0.0,0,2309.6,8,0.0,0,0.0,0,0.0,0,0.0,0
2012-11-02T09:16:09.500,2309.4,5001,2309.4,43,0.0,0,0.0,0,0.0,0,0.0,0,2309.6,14,0.0,0,0.0,0,0.0,0,0.0,0
2012-11-02T09:16:10.000,2309.4,5018,2309.4,37,0.0,0,0.0,0,0.0,0,0.0,0,2309.6,4,0.0,0,0.0,0,0.0,0,0.0,0
2012-11-02T09:16:10.500,2309.6,5037,2309.4,24,0.0,0,0.0,0,0.0,0,0.0,0,2309.6,1,0.0,0,0.0,0,0.0,0,0.0,0
2012-11-02T09:16:11.000,2309.6,5040,2309.6,41,0.0,0,0.0,0,0.0,0,0.0,0,2309.8,14,0.0,0,0.0,0,0.0,0,0.0,0
2012-11-02T09:16:11.500,2309.8,5055,2309.6,37,0.0,0,0.0,0,0.0,0,0.0,0,2309.8,11,0.0,0,0.0,0,0.0,0,0.0,0
2012-11-02T09:16:12.000,2309.8,5067,2309.6,37,0.0,0,0.0,0,0.0,0,0.0,0,2310,71,0.0,0,0.0,0,0.0,0,0.0,0
2012-11-02T09:16:12.500,2309.8,5069,2309.8,16,0.0,0,0.0,0,0.0,0,0.0,0,2310,72,0.0,0,0.0,0,0.0,0,0.0,0
2012-11-02T09:16:13.000,2309.8,5081,2309.8,5,0.0,0,0.0,0,0.0,0,0.0,0,2310,78,0.0,0,0.0,0,0.0,0,0.0,0
2012-11-02T09:16:13.500,2309.8,5091,2309.8,6,0.0,0,0.0,0,0.0,0,0.0,0,2310,75,0.0,0,0.0,0,0.0,0,0.0,0
2012-11-02T09:16:14.000,2310,5096,2309.8,2,0.0,0,0.0,0,0.0,0,0.0,0,2310,76,0.0,0,0.0,0,0.0,0,0.0,0
2012-11-02T09:16:14.500,2310,5140,2309.8,2,0.0,0,0.0,0,0.0,0,0.0,0,2310,34,0.0,0,0.0,0,0.0,0,0.0,0
2012-11-02T09:16:15.000,2310,5145,2309.8,10,0.0,0,0.0,0,0.0,0,0.0,0,2310,32,0.0,0,0.0,0,0.0,0,0.0,0
2012-11-02T09:16:15.500,2310,5180,2310,2,0.0,0,0.0,0,0.0,0,0.0,0,2310.2,45,0.0,0,0.0,0,0.0,0,0.0,0
2012-11-02T09:16:16.000,2310,5193,2310,2,0.0,0,0.0,0,0.0,0,0.0,0,2310.2,44,0.0,0,0.0,0,0.0,0,0.0,0
2012-11-02T09:16:16.500,2310,5200,2309.8,21,0.0,0,0.0,0,0.0,0,0.0,0,2310.2,45,0.0,0,0.0,0,0.0,0,0.0,0
2012-11-02T09:16:17.000,2310,5201,2310,6,0.0,0,0.0,0,0.0,0,0.0,0,2310.2,47,0.0,0,0.0,0,0.0,0,0.0,0
2012-11-02T09:16:17.500,2310.2,5203,2310,35,0.0,0,0.0,0,0.0,0,0.0,0,2310.2,52,0.0,0,0.0,0,0.0,0,0.0,0
2012-11-02T09:16:18.000,2310,5242,2309.8,21,0.0,0,0.0,0,0.0,0,0.0,0,2310,17,0.0,0,0.0,0,0.0,0,0.0,0
2012-11-02T09:16:18.500,2310,5246,2309.8,21,0.0,0,0.0,0,0.0,0,0.0,0,2310,15,0.0,0,0.0,0,0.0,0,0.0,0
2012-11-02T09:16:19.250,2310.2,5270,2310,23,0.0,0,0.0,0,0.0,0,0.0,0,2310.2,47,0.0,0,0.0,0,0.0,0,0.0,0
2012-11-02T09:16:20.000,2310,5274,2310,51,0.0,0,0.0,0,0.0,0,0.0,0,2310.2,45,0.0,0,0.0,0,0.0,0,0.0,0
2012-11-02T09:16:20.500,2310,5277,2310,48,0.0,0,0.0,0,0.0,0,0.0,0,2310.2,45,0.0,0,0.0,0,0.0,0,0.0,0
2012-11-02T09:16:21.000,2310.2,5330,2310.2,12,0.0,0,0.0,0,0.0,0,0.0,0,2310.4,25,0.0,0,0.0,0,0.0,0,0.0,0
2012-11-02T09:16:21.500,2310.4,5367,2310.2,5,0.0,0,0.0,0,0.0,0,0.0,0,2310.4,2,0.0,0,0.0,0,0.0,0,0.0,0
2012-11-02T09:16:22.000,2310.2,5376,2310.2,3,0.0,0,0.0,0,0.0,0,0.0,0,2310.6,19,0.0,0,0.0,0,0.0,0,0.0,0
2012-11-02T09:16:22.500,2310.2,5379,2310.4,5,0.0,0,0.0,0,0.0,0,0.0,0,2310.6,19,0.0,0,0.0,0,0.0,0,0.0,0
2012-11-02T09:16:23.000,2310.4,5391,2310.2,3,0.0,0,0.0,0,0.0,0,0.0,0,2310.4,7,0.0,0,0.0,0,0.0,0,0.0,0
2012-11-02T09:16:23.500,2310.4,5405,2310,53,0.0,0,0.0,0,0.0,0,0.0,0,2310.4,16,0.0,0,0.0,0,0.0,0,0.0,0
2012-11-02T09:16:24.000,2310,5445,2310,35,0.0,0,0.0,0,0.0,0,0.0,0,2310.4,1,0.0,0,0.0,0,0.0,0,0.0,0
2012-11-02T09:16:24.500,2310,5448,2310,33,0.0,0,0.0,0,0.0,0,0.0,0,2310.4,1,0.0,0,0.0,0,0.0,0,0.0,0
2012-11-02T09:16:25.000,2310,5485,2310,17,0.0,0,0.0,0,0.0,0,0.0,0,2310.4,12,0.0,0,0.0,0,0.0,0,0.0,0
2012-11-02T09:16:25.500,2310.2,5503,2310.2,5,0.0,0,0.0,0,0.0,0,0.0,0,2310.4,7,0.0,0,0.0,0,0.0,0,0.0,0
2012-11-02T09:16:26.000,2310.4,5521,2310,11,0.0,0,0.0,0,0.0,0,0.0,0,2310.2,13,0.0,0,0.0,0,0.0,0,0.0,0
2012-11-02T09:16:26.500,2310.2,5546,2310,28,0.0,0,0.0,0,0.0,0,0.0,0,2310.2,7,0.0,0,0.0,0,0.0,0,0.0,0
2012-11-02T09:16:27.000,2310,5568,2310,12,0.0,0,0.0,0,0.0,0,0.0,0,2310.2,5,0.0,0,0.0,0,0.0,0,0.0,0
2012-11-02T09:16:27.500,2310.2,5573,2310.2,5,0.0,0,0.0,0,0.0,0,0.0,0,2310.4,11,0.0,0,0.0,0,0.0,0,0.0,0
2012-11-02T09:16:28.000,2310.2,5577,2310.2,3,0.0,0,0.0,0,0.0,0,0.0,0,2310.4,10,0.0,0,0.0,0,0.0,0,0.0,0
2012-11-02T09:16:28.500,2310.2,5583,2310.2,1,0.0,0,0.0,0,0.0,0,0.0,0,2310.4,10,0.0,0,0.0,0,0.0,0,0.0,0
2012-11-02T09:16:29.000,2310.2,5589,2310.2,6,0.0,0,0.0,0,0.0,0,0.0,0,2310.4,10,0.0,0,0.0,0,0.0,0,0.0,0
2012-11-02T09:16:29.500,2310.2,5595,2310.2,6,0.0,0,0.0,0,0.0,0,0.0,0,2310.4,11,0.0,0,0.0,0,0.0,0,0.0,0
2012-11-02T09:16:30.000,2310.2,5603,2310,13,0.0,0,0.0,0,0.0,0,0.0,0,2310.2,8,0.0,0,0.0,0,0.0,0,0.0,0
2012-11-02T09:16:30.500,2310.2,5612,2310,13,0.0,0,0.0,0,0.0,0,0.0,0,2310.4,9,0.0,0,0.0,0,0.0,0,0.0,0
2012-11-02T09:16:31.000,2310,5614,2310,13,0.0,0,0.0,0,0.0,0,0.0,0,2310.2,1,0.0,0,0.0,0,0.0,0,0.0,0
2012-11-02T09:16:31.500,2310.4,5618,2310,14,0.0,0,0.0,0,0.0,0,0.0,0,2310.4,8,0.0,0,0.0,0,0.0,0,0.0,0
2012-11-02T09:16:32.000,2310,5622,2310,13,0.0,0,0.0,0,0.0,0,0.0,0,2310.2,9,0.0,0,0.0,0,0.0,0,0.0,0
2012-11-02T09:16:32.500,2310.2,5624,2310,14,0.0,0,0.0,0,0.0,0,0.0,0,2310.2,12,0.0,0,0.0,0,0.0,0,0.0,0
2012-11-02T09:16:33.250,2310.2,5646,2310.2,23,0.0,0,0.0,0,0.0,0,0.0,0,2310.4,18,0.0,0,0.0,0,0.0,0,0.0,0
2012-11-02T09:16:34.000,2310.4,5651,2310.2,19,0.0,0,0.0,0,0.0,0,0.0,0,2310.4,19,0.0,0,0.0,0,0.0,0,0.0,0
2012-11-02T09:16:34.500,2310.2,5656,2310.2,14,0.0,0,0.0,0,0.0,0,0.0,0,2310.4,20,0.0,0,0.0,0,0.0,0,0.0,0
2012-11-02T09:16:35.000,2310.2,5665,2310.2,11,0.0,0,0.0,0,0.0,0,0.0,0,2310.4,21,0.0,0,0.0,0,0.0,0,0.0,0
2012-11-02T09:16:35.500,2310.2,5677,2310,43,0.0,0,0.0,0,0.0,0,0.0,0,2310.2,28,0.0,0,0.0,0,0.0,0,0.0,0
2012-11-02T09:16:36.000,2310,5682,2310,41,0.0,0,0.0,0,0.0,0,0.0,0,2310.2,27,0.0,0,0.0,0,0.0,0,0.0,0
2012-11-02T09:16:36.500,2310.2,5692,2310,42,0.0,0,0.0,0,0.0,0,0.0,0,2310.2,20,0.0,0,0.0,0,0.0,0,0.0,0
2012-11-02T09:16:37.000,2310.2,5710,2310,35,0.0,0,0.0,0,0.0,0,0.0,0,2310.2,11,0.0,0,0.0,0,0.0,0,0.0,0
2012-11-02T09:16:37.500,2310.2,5734,2310,21,0.0,0,0.0,0,0.0,0,0.0,0,2310.2,3,0.0,0,0.0,0,0.0,0,0.0,0
2012-11-02T09:16:38.000,2310,5761,2309.8,35,0.0,0,0.0,0,0.0,0,0.0,0,2310,5,0.0,0,0.0,0,0.0,0,0.0,0
2012-11-02T09:16:38.500,2310,5764,2309.8,35,0.0,0,0.0,0,0.0,0,0.0,0,2310,26,0.0,0,0.0,0,0.0,0,0.0,0
2012-11-02T09:16:39.000,2310,5770,2309.8,26,0.0,0,0.0,0,0.0,0,0.0,0,2310,30,0.0,0,0.0,0,0.0,0,0.0,0
2012-11-02T09:16:39.500,2309.8,5774,2309.8,14,0.0,0,0.0,0,0.0,0,0.0,0,2310,29,0.0,0,0.0,0,0.0,0,0.0,0
2012-11-02T09:16:40.000,2309.8,5799,2309.6,61,0.0,0,0.0,0,0.0,0,0.0,0,2309.8,49,0.0,0,0.0,0,0.0,0,0.0,0
2012-11-02T09:16:40.500,2309.8,5876,2309.8,1,0.0,0,0.0,0,0.0,0,0.0,0,2310,1,0.0,0,0.0,0,0.0,0,0.0,0
2012-11-02T09:16:41.000,2310,5881,2309.6,64,0.0,0,0.0,0,0.0,0,0.0,0,2309.8,1,0.0,0,0.0,0,0.0,0,0.0,0
2012-11-02T09:16:41.500,2309.6,5884,2309.6,66,0.0,0,0.0,0,0.0,0,0.0,0,2309.8,10,0.0,0,0.0,0,0.0,0,0.0,0
2012-11-02T09:16:42.000,2309.8,5896,2309.8,4,0.0,0,0.0,0,0.0,0,0.0,0,2310,1,0.0,0,0.0,0,0.0,0,0.0,0
2012-11-02T09:16:42.500,2309.8,5899,2309.8,2,0.0,0,0.0,0,0.0,0,0.0,0,2310,3,0.0,0,0.0,0,0.0,0,0.0,0
2012-11-02T09:16:43.000,2310,5906,2310,13,0.0,0,0.0,0,0.0,0,0.0,0,2310.2,12,0.0,0,0.0,0,0.0,0,0.0,0
2012-11-02T09:16:43.500,2309.8,5922,2309.6,66,0.0,0,0.0,0,0.0,0,0.0,0,2310,2,0.0,0,0.0,0,0.0,0,0.0,0
2012-11-02T09:16:44.000,2309.8,5926,2309.6,66,0.0,0,0.0,0,0.0,0,0.0,0,2310,2,0.0,0,0.0,0,0.0,0,0.0,0
2012-11-02T09:16:44.500,2309.6,5929,2309.6,64,0.0,0,0.0,0,0.0,0,0.0,0,2310,3,0.0,0,0.0,0,0.0,0,0.0,0
2012-11-02T09:16:45.000,2309.6,5937,2309.6,56,0.0,0,0.0,0,0.0,0,0.0,0,2310,8,0.0,0,0.0,0,0.0,0,0.0,0
2012-11-02T09:16:45.500,2309.6,5942,2309.6,51,0.0,0,0.0,0,0.0,0,0.0,0,2309.8,9,0.0,0,0.0,0,0.0,0,0.0,0
2012-11-02T09:16:46.000,2309.6,5953,2309.6,43,0.0,0,0.0,0,0.0,0,0.0,0,2309.8,10,0.0,0,0.0,0,0.0,0,0.0,0
2012-11-02T09:16:46.500,2309.8,5964,2309.8,5,0.0,0,0.0,0,0.0,0,0.0,0,2310,17,0.0,0,0.0,0,0.0,0,0.0,0
2012-11-02T09:16:47.000,2309.6,6008,2309.6,39,0.0,0,0.0,0,0.0,0,0.0,0,2309.8,5,0.0,0,0.0,0,0.0,0,0.0,0
2012-11-02T09:16:47.500,2309.6,6011,2309.6,37,0.0,0,0.0,0,0.0,0,0.0,0,2309.8,11,0.0,0,0.0,0,0.0,0,0.0,0
2012-11-02T09:16:48.000,2309.6,6013,2309.6,36,0.0,0,0.0,0,0.0,0,0.0,0,2309.8,11,0.0,0,0.0,0,0.0,0,0.0,0
2012-11-02T09:16:48.500,2309.6,6017,2309.6,33,0.0,0,0.0,0,0.0,0,0.0,0,2309.8,12,0.0,0,0.0,0,0.0,0,0.0,0
2012-11-02T09:16:49.000,2309.8,6020,2309.6,34,0.0,0,0.0,0,0.0,0,0.0,0,2309.8,11,0.0,0,0.0,0,0.0,0,0.0,0
2012-11-02T09:16:49.500,2309.8,6021,2309.6,35,0.0,0,0.0,0,0.0,0,0.0,0,2309.8,13,0.0,0,0.0,0,0.0,0,0.0,0
2012-11-02T09:16:50.000,2309.8,6025,2309.6,35,0.0,0,0.0,0,0.0,0,0.0,0,2309.8,14,0.0,0,0.0,0,0.0,0,0.0,0
2012-11-02T09:16:50.500,2309.6,6028,2309.6,32,0.0,0,0.0,0,0.0,0,0.0,0,2309.8,15,0.0,0,0.0,0,0.0,0,0.0,0
2012-11-02T09:16:51.000,2309.6,6035,2309.6,29,0.0,0,0.0,0,0.0,0,0.0,0,2309.8,15,0.0,0,0.0,0,0.0,0,0.0,0
2012-11-02T09:16:51.500,2309.6,6040,2309.6,25,0.0,0,0.0,0,0.0,0,0.0,0,2309.8,14,0.0,0,0.0,0,0.0,0,0.0,0
2012-11-02T09:16:52.000,2309.6,6067,2309.4,26,0.0,0,0.0,0,0.0,0,0.0,0,2309.6,20,0.0,0,0.0,0,0.0,0,0.0,0
2012-11-02T09:16:52.500,2309.6,6069,2309.4,26,0.0,0,0.0,0,0.0,0,0.0,0,2309.6,21,0.0,0,0.0,0,0.0,0,0.0,0
2012-11-02T09:16:53.000,2309.6,6077,2309.4,20,0.0,0,0.0,0,0.0,0,0.0,0,2309.6,22,0.0,0,0.0,0,0.0,0,0.0,0
2012-11-02T09:16:53.500,2309.4,6096,2309.4,14,0.0,0,0.0,0,0.0,0,0.0,0,2309.6,9,0.0,0,0.0,0,0.0,0,0.0,0
2012-11-02T09:16:54.000,2309.4,6098,2309.4,12,0.0,0,0.0,0,0.0,0,0.0,0,2309.6,10,0.0,0,0.0,0,0.0,0,0.0,0
2012-11-02T09:16:54.500,2309.6,6106,2309.4,10,0.0,0,0.0,0,0.0,0,0.0,0,2309.6,4,0.0,0,0.0,0,0.0,0,0.0,0
2012-11-02T09:16:55.000,2309.4,6110,2309.4,10,0.0,0,0.0,0,0.0,0,0.0,0,2309.6,4,0.0,0,0.0,0,0.0,0,0.0,0
2012-11-02T09:16:55.500,2309.4,6112,2309.4,8,0.0,0,0.0,0,0.0,0,0.0,0,2309.6,5,0.0,0,0.0,0,0.0,0,0.0,0
2012-11-02T09:16:56.000,2309.4,6119,2309.4,4,0.0,0,0.0,0,0.0,0,0.0,0,2309.6,4,0.0,0,0.0,0,0.0,0,0.0,0
2012-11-02T09:16:56.500,2309.4,6130,2309.2,70,0.0,0,0.0,0,0.0,0,0.0,0,2309.4,2,0.0,0,0.0,0,0.0,0,0.0,0
2012-11-02T09:16:57.250,2309.4,6133,2309.2,73,0.0,0,0.0,0,0.0,0,0.0,0,2309.4,3,0.0,0,0.0,0,0.0,0,0.0,0
2012-11-02T09:16:58.000,2309.2,6138,2309.2,64,0.0,0,0.0,0,0.0,0,0.0,0,2309.4,8,0.0,0,0.0,0,0.0,0,0.0,0
2012-11-02T09:16:58.500,2309.2,6212,2309,103,0.0,0,0.0,0,0.0,0,0.0,0,2309.2,5,0.0,0,0.0,0,0.0,0,0.0,0
2012-11-02T09:16:59.000,2309.2,6221,2309.2,40,0.0,0,0.0,0,0.0,0,0.0,0,2309.4,7,0.0,0,0.0,0,0.0,0,0.0,0
2012-11-02T09:16:59.500,2309.2,6229,2309.2,32,0.0,0,0.0,0,0.0,0,0.0,0,2309.4,12,0.0,0,0.0,0,0.0,0,0.0,0
2012-11-02T09:17:00.000,2309.2,6240,2309.2,41,0.0,0,0.0,0,0.0,0,0.0,0,2309.4,14,0.0,0,0.0,0,0.0,0,0.0,0
2012-11-02T09:17:00.500,2309.4,6244,2309.2,40,0.0,0,0.0,0,0.0,0,0.0,0,2309.4,14,0.0,0,0.0,0,0.0,0,0.0,0
2012-11-02T09:17:01.000,2309.2,6252,2309.2,40,0.0,0,0.0,0,0.0,0,0.0,0,2309.4,13,0.0,0,0.0,0,0.0,0,0.0,0
2012-11-02T09:17:01.500,2309.4,6262,2309.2,40,0.0,0,0.0,0,0.0,0,0.0,0,2309.4,8,0.0,0,0.0,0,0.0,0,0.0,0
2012-11-02T09:17:02.000,2309.4,6272,2309.4,11,0.0,0,0.0,0,0.0,0,0.0,0,2309.6,21,0.0,0,0.0,0,0.0,0,0.0,0
2012-11-02T09:17:02.500,2309.6,6298,2309.6,18,0.0,0,0.0,0,0.0,0,0.0,0,2309.8,14,0.0,0,0.0,0,0.0,0,0.0,0
2012-11-02T09:17:03.000,2309.8,6304,2309.6,15,0.0,0,0.0,0,0.0,0,0.0,0,2309.8,11,0.0,0,0.0,0,0.0,0,0.0,0
2012-11-02T09:17:03.500,2309.6,6321,2309.4,25,0.0,0,0.0,0,0.0,0,0.0,0,2309.6,1,0.0,0,0.0,0,0.0,0,0.0,0
2012-11-02T09:17:04.000,2309.6,6329,2309.6,8,0.0,0,0.0,0,0.0,0,0.0,0,2309.8,15,0.0,0,0.0,0,0.0,0,0.0,0
2012-11-02T09:17:04.500,2309.6,6333,2309.6,4,0.0,0,0.0,0,0.0,0,0.0,0,2309.8,20,0.0,0,0.0,0,0.0,0,0.0,0
2012-11-02T09:17:05.000,2309.6,6336,2309.6,1,0.0,0,0.0,0,0.0,0,0.0,0,2309.8,18,0.0,0,0.0,0,0.0,0,0.0,0
2012-11-02T09:17:05.500,2309.6,6342,2309.4,32,0.0,0,0.0,0,0.0,0,0.0,0,2309.6,4,0.0,0,0.0,0,0.0,0,0.0,0
2012-11-02T09:17:06.000,2309.6,6349,2309.6,36,0.0,0,0.0,0,0.0,0,0.0,0,2309.8,23,0.0,0,0.0,0,0.0,0,0.0,0
2012-11-02T09:17:06.500,2309.6,6350,2309.6,36,0.0,0,0.0,0,0.0,0,0.0,0,2309.8,23,0.0,0,0.0,0,0.0,0,0.0,0
2012-11-02T09:17:07.000,2309.8,6375,2309.6,16,0.0,0,0.0,0,0.0,0,0.0,0,2309.8,20,0.0,0,0.0,0,0.0,0,0.0,0
2012-11-02T09:17:07.500,2309.8,6378,2309.6,18,0.0,0,0.0,0,0.0,0,0.0,0,2309.8,17,0.0,0,0.0,0,0.0,0,0.0,0
2012-11-02T09:17:08.000,2309.6,6390,2309.6,8,0.0,0,0.0,0,0.0,0,0.0,0,2309.8,18,0.0,0,0.0,0,0.0,0,0.0,0
2012-11-02T09:17:08.500,2309.6,6399,2309.6,2,0.0,0,0.0,0,0.0,0,0.0,0,2309.8,18,0.0,0,0.0,0,0.0,0,0.0,0
2012-11-02T09:17:09.000,2309.6,6406,2309.6,4,0.0,0,0.0,0,0.0,0,0.0,0,2309.8,13,0.0,0,0.0,0,0.0,0,0.0,0
2012-11-02T09:17:09.500,2309.8,6419,2309.8,29,0.0,0,0.0,0,0.0,0,0.0,0,2310,82,0.0,0,0.0,0,0.0,0,0.0,0
2012-11-02T09:17:10.000,2310,6444,2309.8,38,0.0,0,0.0,0,0.0,0,0.0,0,2310,59,0.0,0,0.0,0,0.0,0,0.0,0
2012-11-02T09:17:10.500,2310,6446,2309.8,38,0.0,0,0.0,0,0.0,0,0.0,0,2310,58,0.0,0,0.0,0,0.0,0,0.0,0
2012-11-02T09:17:11.000,2309.8,6456,2309.8,28,0.0,0,0.0,0,0.0,0,0.0,0,2310,78,0.0,0,0.0,0,0.0,0,0.0,0
2012-11-02T09:17:11.500,2309.8,6458,2309.8,26,0.0,0,0.0,0,0.0,0,0.0,0,2310,78,0.0,0,0.0,0,0.0,0,0.0,0
2012-11-02T09:17:12.000,2310,6463,2309.8,27,0.0,0,0.0,0,0.0,0,0.0,0,2310,75,0.0,0,0.0,0,0.0,0,0.0,0
2012-11-02T09:17:12.500,2309.8,6467,2309.8,25,0.0,0,0.0,0,0.0,0,0.0,0,2310,75,0.0,0,0.0,0,0.0,0,0.0,0
2012-11-02T09:17:13.000,2310,6473,2309.8,24,0.0,0,0.0,0,0.0,0,0.0,0,2310,70,0.0,0,0.0,0,0.0,0,0.0,0
2012-11-02T09:17:13.500,2309.8,6479,2309.8,20,0.0,0,0.0,0,0.0,0,0.0,0,2310,69,0.0,0,0.0,0,0.0,0,0.0,0
2012-11-02T09:17:14.000,2310,6510,2309.8,20,0.0,0,0.0,0,0.0,0,0.0,0,2310,38,0.0,0,0.0,0,0.0,0,0.0,0
2012-11-02T09:17:14.500,2310,6520,2309.8,21,0.0,0,0.0,0,0.0,0,0.0,0,2310,28,0.0,0,0.0,0,0.0,0,0.0,0
2012-11-02T09:17:15.000,2310,6522,2309.8,21,0.0,0,0.0,0,0.0,0,0.0,0,2310,28,0.0,0,0.0,0,0.0,0,0.0,0
2012-11-02T09:17:15.500,2310,6550,2310,59,0.0,0,0.0,0,0.0,0,0.0,0,2310.2,37,0.0,0,0.0,0,0.0,0,0.0,0
2012-11-02T09:17:16.000,2310,6579,2310,49,0.0,0,0.0,0,0.0,0,0.0,0,2310.2,26,0.0,0,0.0,0,0.0,0,0.0,0
2012-11-02T09:17:16.500,2310,6604,2310,50,0.0,0,0.0,0,0.0,0,0.0,0,2310.2,3,0.0,0,0.0,0,0.0,0,0.0,0
2012-11-02T09:17:17.000,2310.2,6609,2310.2,4,0.0,0,0.0,0,0.0,0,0.0,0,2310.4,47,0.0,0,0.0,0,0.0,0,0.0,0
2012-11-02T09:17:17.500,2310,6615,2310.2,106,0.0,0,0.0,0,0.0,0,0.0,0,2310.4,46,0.0,0,0.0,0,0.0,0,0.0,0
2012-11-02T09:17:18.000,2310.4,6642,2310.2,110,0.0,0,0.0,0,0.0,0,0.0,0,2310.4,18,0.0,0,0.0,0,0.0,0,0.0,0
2012-11-02T09:17:18.500,2310.4,6662,2310.4,57,0.0,0,0.0,0,0.0,0,0.0,0,2310.6,46,0.0,0,0.0,0,0.0,0,0.0,0
2012-11-02T09:17:19.000,2310.6,6690,2310.4,56,0.0,0,0.0,0,0.0,0,0.0,0,2310.6,20,0.0,0,0.0,0,0.0,0,0.0,0
2012-11-02T09:17:19.500,2310.8,6723,2310.6,8,0.0,0,0.0,0,0.0,0,0.0,0,2310.8,11,0.0,0,0.0,0,0.0,0,0.0,0
2012-11-02T09:17:20.000,2310.4,6749,2310.4,61,0.0,0,0.0,0,0.0,0,0.0,0,2311,157,0.0,0,0.0,0,0.0,0,0.0,0
2012-11-02T09:17:20.500,2310.8,6761,2310.4,55,0.0,0,0.0,0,0.0,0,0.0,0,2310.8,13,0.0,0,0.0,0,0.0,0,0.0,0
2012-11-02T09:17:21.000,2310.8,6772,2310.4,34,0.0,0,0.0,0,0.0,0,0.0,0,2310.8,19,0.0,0,0.0,0,0.0,0,0.0,0
2012-11-02T09:17:21.500,2310.4,6781,2310.4,30,0.0,0,0.0,0,0.0,0,0.0,0,2310.8,50,0.0,0,0.0,0,0.0,0,0.0,0
2012-11-02T09:17:22.000,2310.4,6787,2310.4,24,0.0,0,0.0,0,0.0,0,0.0,0,2310.6,4,0.0,0,0.0,0,0.0,0,0.0,0
2012-11-02T09:17:22.500,2310.8,6832,2310.4,26,0.0,0,0.0,0,0.0,0,0.0,0,2310.8,12,0.0,0,0.0,0,0.0,0,0.0,0
2012-11-02T09:17:23.000,2310.8,6842,2310.4,21,0.0,0,0.0,0,0.0,0,0.0,0,2310.8,9,0.0,0,0.0,0,0.0,0,0.0,0
2012-11-02T09:17:23.500,2310.8,6865,2310.4,1,0.0,0,0.0,0,0.0,0,0.0,0,2310.6,1,0.0,0,0.0,0,0.0,0,0.0,0
2012-11-02T09:17:24.000,2310.2,6876,2310.2,106,0.0,0,0.0,0,0.0,0,0.0,0,2310.4,1,0.0,0,0.0,0,0.0,0,0.0,0
2012-11-02T09:17:24.500,2310.4,6881,2310.2,104,0.0,0,0.0,0,0.0,0,0.0,0,2310.4,8,0.0,0,0.0,0,0.0,0,0.0,0
2012-11-02T09:17:25.000,2310.4,6892,2310.6,10,0.0,0,0.0,0,0.0,0,0.0,0,2310.8,22,0.0,0,0.0,0,0.0,0,0.0,0
2012-11-02T09:17:25.500,2310.6,6898,2310.6,5,0.0,0,0.0,0,0.0,0,0.0,0,2310.8,22,0.0,0,0.0,0,0.0,0,0.0,0
2012-11-02T09:17:26.000,2310.4,6910,2310.4,50,0.0,0,0.0,0,0.0,0,0.0,0,2310.6,29,0.0,0,0.0,0,0.0,0,0.0,0
2012-11-02T09:17:26.500,2310.6,6929,2310.4,51,0.0,0,0.0,0,0.0,0,0.0,0,2310.6,17,0.0,0,0.0,0,0.0,0,0.0,0
2012-11-02T09:17:27.000,2310.6,6931,2310.4,53,0.0,0,0.0,0,0.0,0,0.0,0,2310.6,14,0.0,0,0.0,0,0.0,0,0.0,0
2012-11-02T09:17:27.500,2310.4,6942,2310.4,51,0.0,0,0.0,0,0.0,0,0.0,0,2310.6,10,0.0,0,0.0,0,0.0,0,0.0,0
2012-11-02T09:17:28.000,2310.6,6947,2310.4,48,0.0,0,0.0,0,0.0,0,0.0,0,2310.6,11,0.0,0,0.0,0,0.0,0,0.0,0
2012-11-02T09:17:28.500,2310.6,6959,2310.6,5,0.0,0,0.0,0,0.0,0,0.0,0,2310.8,33,0.0,0,0.0,0,0.0,0,0.0,0
2012-11-02T09:17:29.000,2310.6,6960,2310.6,5,0.0,0,0.0,0,0.0,0,0.0,0,2310.8,34,0.0,0,0.0,0,0.0,0,0.0,0
2012-11-02T09:17:29.500,2310.6,6970,2310.6,3,0.0,0,0.0,0,0.0,0,0.0,0,2310.8,32,0.0,0,0.0,0,0.0,0,0.0,0
2012-11-02T09:17:30.000,2310.4,6978,2310.4,54,0.0,0,0.0,0,0.0,0,0.0,0,2310.6,13,0.0,0,0.0,0,0.0,0,0.0,0
2012-11-02T09:17:30.500,2310.6,6990,2310.4,52,0.0,0,0.0,0,0.0,0,0.0,0,2310.6,5,0.0,0,0.0,0,0.0,0,0.0,0
2012-11-02T09:17:31.000,2310.6,6997,2310.6,6,0.0,0,0.0,0,0.0,0,0.0,0,2310.8,39,0.0,0,0.0,0,0.0,0,0.0,0
2012-11-02T09:17:31.500,2310.8,7026,2310.6,27,0.0,0,0.0,0,0.0,0,0.0,0,2310.8,17,0.0,0,0.0,0,0.0,0,0.0,0
2012-11-02T09:17:32.000,2310.8,7045,2310.8,15,0.0,0,0.0,0,0.0,0,0.0,0,2311,165,0.0,0,0.0,0,0.0,0,0.0,0
2012-11-02T09:17:32.500,2310.8,7080,2310.8,2,0.0,0,0.0,0,0.0,0,0.0,0,2311,154,0.0,0,0.0,0,0.0,0,0.0,0
2012-11-02T09:17:33.000,2310.8,7086,2310.6,46,0.0,0,0.0,0,0.0,0,0.0,0,2311,154,0.0,0,0.0,0,0.0,0,0.0,0
2012-11-02T09:17:33.500,2311,7105,2310.8,1,0.0,0,0.0,0,0.0,0,0.0,0,2311,149,0.0,0,0.0,0,0.0,0,0.0,0
2012-11-02T09:17:34.000,2311,7131,2310.6,38,0.0,0,0.0,0,0.0,0,0.0,0,2311,131,0.0,0,0.0,0,0.0,0,0.0,0
2012-11-02T09:17:34.500,2311,7146,2310.6,37,0.0,0,0.0,0,0.0,0,0.0,0,2311,121,0.0,0,0.0,0,0.0,0,0.0,0
2012-11-02T09:17:35.000,2311,7156,2310.6,36,0.0,0,0.0,0,0.0,0,0.0,0,2311,122,0.0,0,0.0,0,0.0,0,0.0,0
2012-11-02T09:17:35.500,2310.8,7172,2310.6,32,0.0,0,0.0,0,0.0,0,0.0,0,2310.8,1,0.0,0,0.0,0,0.0,0,0.0,0
2012-11-02T09:17:36.000,2311,7183,2310.6,33,0.0,0,0.0,0,0.0,0,0.0,0,2311,111,0.0,0,0.0,0,0.0,0,0.0,0
2012-11-02T09:17:36.500,2311,7189,2310.6,33,0.0,0,0.0,0,0.0,0,0.0,0,2311,110,0.0,0,0.0,0,0.0,0,0.0,0
2012-11-02T09:17:37.000,2310.6,7204,2310.6,31,0.0,0,0.0,0,0.0,0,0.0,0,2311,100,0.0,0,0.0,0,0.0,0,0.0,0
2012-11-02T09:17:37.500,2311,7218,2310.6,22,0.0,0,0.0,0,0.0,0,0.0,0,2311,88,0.0,0,0.0,0,0.0,0,0.0,0
2012-11-02T09:17:38.000,2311,7227,2310.8,1,0.0,0,0.0,0,0.0,0,0.0,0,2311,82,0.0,0,0.0,0,0.0,0,0.0,0
2012-11-02T09:17:38.500,2310.6,7243,2310.6,23,0.0,0,0.0,0,0.0,0,0.0,0,2311,70,0.0,0,0.0,0,0.0,0,0.0,0
2012-11-02T09:17:39.000,2310.8,7259,2310.6,22,0.0,0,0.0,0,0.0,0,0.0,0,2310.8,15,0.0,0,0.0,0,0.0,0,0.0,0
2012-11-02T09:17:39.500,2310.8,7273,2310.6,26,0.0,0,0.0,0,0.0,0,0.0,0,2310.8,9,0.0,0,0.0,0,0.0,0,0.0,0
2012-11-02T09:17:40.000,2310.8,7281,2310.6,25,0.0,0,0.0,0,0.0,0,0.0,0,2310.8,3,0.0,0,0.0,0,0.0,0,0.0,0
2012-11-02T09:17:40.500,2311,7287,2310.6,27,0.0,0,0.0,0,0.0,0,0.0,0,2310.8,3,0.0,0,0.0,0,0.0,0,0.0,0
2012-11-02T09:17:41.000,2310.8,7288,2310.6,28,0.0,0,0.0,0,0.0,0,0.0,0,2310.8,24,0.0,0,0.0,0,0.0,0,0.0,0
2012-11-02T09:17:41.500,2310.8,7302,2310.6,17,0.0,0,0.0,0,0.0,0,0.0,0,2310.8,27,0.0,0,0.0,0,0.0,0,0.0,0
2012-11-02T09:17:42.000,2310.8,7316,2310.6,14,0.0,0,0.0,0,0.0,0,0.0,0,2310.8,21,0.0,0,0.0,0,0.0,0,0.0,0
2012-11-02T09:17:42.500,2310.8,7330,2310.6,16,0.0,0,0.0,0,0.0,0,0.0,0,2310.8,24,0.0,0,0.0,0,0.0,0,0.0,0
2012-11-02T09:17:43.000,2310.6,7335,2310.6,13,0.0,0,0.0,0,0.0,0,0.0,0,2310.8,35,0.0,0,0.0,0,0.0,0,0.0,0
2012-11-02T09:17:43.500,2310.8,7339,2310.6,17,0.0,0,0.0,0,0.0,0,0.0,0,2310.8,31,0.0,0,0.0,0,0.0,0,0.0,0
2012-11-02T09:17:44.000,2310.8,7351,2310.6,16,0.0,0,0.0,0,0.0,0,0.0,0,2310.8,21,0.0,0,0.0,0,0.0,0,0.0,0
2012-11-02T09:17:44.500,2310.8,7356,2310.6,22,0.0,0,0.0,0,0.0,0,0.0,0,2310.8,18,0.0,0,0.0,0,0.0,0,0.0,0
2012-11-02T09:17:45.000,2310.8,7365,2310.6,24,0.0,0,0.0,0,0.0,0,0.0,0,2310.8,14,0.0,0,0.0,0,0.0,0,0.0,0
2012-11-02T09:17:45.500,2310.8,7374,2310.6,17,0.0,0,0.0,0,0.0,0,0.0,0,2310.8,13,0.0,0,0.0,0,0.0,0,0.0,0
2012-11-02T09:17:46.250,2310.8,7394,2310.6,15,0.0,0,0.0,0,0.0,0,0.0,0,2310.8,16,0.0,0,0.0,0,0.0,0,0.0,0
2012-11-02T09:17:47.000,2310.8,7404,2310.6,12,0.0,0,0.0,0,0.0,0,0.0,0,2310.8,19,0.0,0,0.0,0,0.0,0,0.0,0
2012-11-02T09:17:47.500,2310.6,7405,2310.6,11,0.0,0,0.0,0,0.0,0,0.0,0,2310.8,24,0.0,0,0.0,0,0.0,0,0.0,0
2012-11-02T09:17:48.000,2310.6,7419,2310.4,61,0.0,0,0.0,0,0.0,0,0.0,0,2310.6,5,0.0,0,0.0,0,0.0,0,0.0,0
2012-11-02T09:17:48.500,2310.4,7432,2310.4,60,0.0,0,0.0,0,0.0,0,0.0,0,2310.6,9,0.0,0,0.0,0,0.0,0,0.0,0
2012-11-02T09:17:49.000,2310.6,7447,2310.6,1,0.0,0,0.0,0,0.0,0,0.0,0,2310.8,21,0.0,0,0.0,0,0.0,0,0.0,0
2012-11-02T09:17:49.500,2310.8,7469,2310.4,50,0.0,0,0.0,0,0.0,0,0.0,0,2310.8,16,0.0,0,0.0,0,0.0,0,0.0,0
2012-11-02T09:17:50.000,2310.4,7490,2310.6,6,0.0,0,0.0,0,0.0,0,0.0,0,2310.8,16,0.0,0,0.0,0,0.0,0,0.0,0
2012-11-02T09:17:50.500,2310.8,7494,2310.6,5,0.0,0,0.0,0,0.0,0,0.0,0,2310.8,15,0.0,0,0.0,0,0.0,0,0.0,0
2012-11-02T09:17:51.000,2310.6,7499,2310.4,31,0.0,0,0.0,0,0.0,0,0.0,0,2310.6,15,0.0,0,0.0,0,0.0,0,0.0,0
2012-11-02T09:17:51.500,2310.6,7501,2310.4,32,0.0,0,0.0,0,0.0,0,0.0,0,2310.6,18,0.0,0,0.0,0,0.0,0,0.0,0
2012-11-02T09:17:52.000,2310.6,7511,2310.4,28,0.0,0,0.0,0,0.0,0,0.0,0,2310.6,46,0.0,0,0.0,0,0.0,0,0.0,0
2012-11-02T09:17:52.500,2310.4,7529,2310.4,11,0.0,0,0.0,0,0.0,0,0.0,0,2310.6,48,0.0,0,0.0,0,0.0,0,0.0,0
2012-11-02T09:17:53.000,2310.6,7539,2310.4,9,0.0,0,0.0,0,0.0,0,0.0,0,2310.6,41,0.0,0,0.0,0,0.0,0,0.0,0
2012-11-02T09:17:53.500,2310.4,7549,2310.2,113,0.0,0,0.0,0,0.0,0,0.0,0,2310.4,8,0.0,0,0.0,0,0.0,0,0.0,0
2012-11-02T09:17:54.000,2310.2,7553,2310.2,112,0.0,0,0.0,0,0.0,0,0.0,0,2310.4,7,0.0,0,0.0,0,0.0,0,0.0,0
2012-11-02T09:17:54.500,2310.2,7556,2310.2,16,0.0,0,0.0,0,0.0,0,0.0,0,2310.4,7,0.0,0,0.0,0,0.0,0,0.0,0
2012-11-02T09:17:55.000,2310.2,7572,2310,113,0.0,0,0.0,0,0.0,0,0.0,0,2310.4,6,0.0,0,0.0,0,0.0,0,0.0,0
2012-11-02T09:17:55.500,2310.2,7574,2310,73,0.0,0,0.0,0,0.0,0,0.0,0,2310.4,11,0.0,0,0.0,0,0.0,0,0.0,0
2012-11-02T09:17:56.000,2310.2,7611,2310,48,0.0,0,0.0,0,0.0,0,0.0,0,2310.2,1,0.0,0,0.0,0,0.0,0,0.0,0
2012-11-02T09:17:56.500,2310,7622,2310,39,0.0,0,0.0,0,0.0,0,0.0,0,2310.2,5,0.0,0,0.0,0,0.0,0,0.0,0
2012-11-02T09:17:57.000,2310.2,7654,2310.2,3,0.0,0,0.0,0,0.0,0,0.0,0,2310.4,15,0.0,0,0.0,0,0.0,0,0.0,0
2012-11-02T09:17:57.500,2310.2,7663,2310.2,1,0.0,0,0.0,0,0.0,0,0.0,0,2310.4,13,0.0,0,0.0,0,0.0,0,0.0,0
2012-11-02T09:17:58.000,2310,7671,2310,15,0.0,0,0.0,0,0.0,0,0.0,0,2310.2,1,0.0,0,0.0,0,0.0,0,0.0,0
2012-11-02T09:17:58.500,2310.2,7674,2310,18,0.0,0,0.0,0,0.0,0,0.0,0,2310.4,4,0.0,0,0.0,0,0.0,0,0.0,0
2012-11-02T09:17:59.000,2310.4,7676,2310,18,0.0,0,0.0,0,0.0,0,0.0,0,2310.2,24,0.0,0,0.0,0,0.0,0,0.0,0
2012-11-02T09:17:59.500,2310,7690,2310,5,0.0,0,0.0,0,0.0,0,0.0,0,2310.2,24,0.0,0,0.0,0,0.0,0,0.0,0
2012-11-02T09:18:00.000,2310,7698,2310,4,0.0,0,0.0,0,0.0,0,0.0,0,2310.2,18,0.0,0,0.0,0,0.0,0,0.0,0
2012-11-02T09:18:00.500,2310,7701,2310,11,0.0,0,0.0,0,0.0,0,0.0,0,2310.2,18,0.0,0,0.0,0,0.0,0,0.0,0
2012-11-02T09:18:01.000,2310.2,7706,2310,10,0.0,0,0.0,0,0.0,0,0.0,0,2310.2,17,0.0,0,0.0,0,0.0,0,0.0,0
2012-11-02T09:18:01.500,2310.2,7725,2310,19,0.0,0,0.0,0,0.0,0,0.0,0,2310.2,4,0.0,0,0.0,0,0.0,0,0.0,0
2012-11-02T09:18:02.000,2310.4,7741,2310.2,4,0.0,0,0.0,0,0.0,0,0.0,0,2310.4,2,0.0,0,0.0,0,0.0,0,0.0,0
2012-11-02T09:18:02.500,2310.2,7745,2310.2,8,0.0,0,0.0,0,0.0,0,0.0,0,2310.4,1,0.0,0,0.0,0,0.0,0,0.0,0
2012-11-02T09:18:03.000,2310.2,7747,2310.2,10,0.0,0,0.0,0,0.0,0,0.0,0,2310.4,1,0.0,0,0.0,0,0.0,0,0.0,0
2012-11-02T09:18:03.500,2310.2,7749,2310.2,9,0.0,0,0.0,0,0.0,0,0.0,0,2310.4,2,0.0,0,0.0,0,0.0,0,0.0,0
2012-11-02T09:18:04.000,2310.2,7751,2310.2,8,0.0,0,0.0,0,0.0,0,0.0,0,2310.4,2,0.0,0,0.0,0,0.0,0,0.0,0
2012-11-02T09:18:04.500,2310.2,7754,2310.2,8,0.0,0,0.0,0,0.0,0,0.0,0,2310.4,4,0.0,0,0.0,0,0.0,0,0.0,0
2012-11-02T09:18:05.000,2310.4,7760,2310.4,1,0.0,0,0.0,0,0.0,0,0.0,0,2310.6,48,0.0,0,0.0,0,0.0,0,0.0,0
2012-11-02T09:18:05.500,2310.4,7762,2310.2,13,0.0,0,0.0,0,0.0,0,0.0,0,2310.6,49,0.0,0,0.0,0,0.0,0,0.0,0
2012-11-02T09:18:06.000,2310.4,7764,2310.2,13,0.0,0,0.0,0,0.0,0,0.0,0,2310.4,11,0.0,0,0.0,0,0.0,0,0.0,0
2012-11-02T09:18:06.500,2310.2,7771,2310.2,20,0.0,0,0.0,0,0.0,0,0.0,0,2310.4,10,0.0,0,0.0,0,0.0,0,0.0,0
2012-11-02T09:18:07.000,2310.2,7792,2310.4,1,0.0,0,0.0,0,0.0,0,0.0,0,2310.6,49,0.0,0,0.0,0,0.0,0,0.0,0
2012-11-02T09:18:07.500,2310.6,7834,2310.4,2,0.0,0,0.0,0,0.0,0,0.0,0,2310.6,9,0.0,0,0.0,0,0.0,0,0.0,0
2012-11-02T09:18:08.000,2310.2,7872,2310,72,0.0,0,0.0,0,0.0,0,0.0,0,2310.2,20,0.0,0,0.0,0,0.0,0,0.0,0
2012-11-02T09:18:08.500,2310.2,7877,2310,81,0.0,0,0.0,0,0.0,0,0.0,0,2310.2,17,0.0,0,0.0,0,0.0,0,0.0,0
2012-11-02T09:18:09.250,2310.2,7894,2310.2,17,0.0,0,0.0,0,0.0,0,0.0,0,2310.4,3,0.0,0,0.0,0,0.0,0,0.0,0
2012-11-02T09:18:10.000,2310.4,7901,2310.2,19,0.0,0,0.0,0,0.0,0,0.0,0,2310.4,6,0.0,0,0.0,0,0.0,0,0.0,0
2012-11-02T09:18:10.500,2310.2,7904,2310.2,17,0.0,0,0.0,0,0.0,0,0.0,0,2310.4,8,0.0,0,0.0,0,0.0,0,0.0,0
2012-11-02T09:18:11.000,2310.4,7912,2310.2,17,0.0,0,0.0,0,0.0,0,0.0,0,2310.6,3,0.0,0,0.0,0,0.0,0,0.0,0
2012-11-02T09:18:11.500,2310.6,7913,2310.4,2,0.0,0,0.0,0,0.0,0,0.0,0,2310.6,3,0.0,0,0.0,0,0.0,0,0.0,0
2012-11-02T09:18:12.000,2310.2,7922,2310.2,16,0.0,0,0.0,0,0.0,0,0.0,0,2310.6,1,0.0,0,0.0,0,0.0,0,0.0,0
2012-11-02T09:18:12.500,2310.4,7924,2310.4,2,0.0,0,0.0,0,0.0,0,0.0,0,2310.6,1,0.0,0,0.0,0,0.0,0,0.0,0
2012-11-02T09:18:13.000,2310.4,7927,2310.2,31,0.0,0,0.0,0,0.0,0,0.0,0,2310.6,11,0.0,0,0.0,0,0.0,0,0.0,0
2012-11-02T09:18:13.500,2310.2,7930,2310.2,30,0.0,0,0.0,0,0.0,0,0.0,0,2310.6,10,0.0,0,0.0,0,0.0,0,0.0,0
2012-11-02T09:18:14.000,2310.6,7940,2310.6,32,0.0,0,0.0,0,0.0,0,0.0,0,2310.8,81,0.0,0,0.0,0,0.0,0,0.0,0
2012-11-02T09:18:14.500,2310.6,7949,2310.6,25,0.0,0,0.0,0,0.0,0,0.0,0,2310.8,81,0.0,0,0.0,0,0.0,0,0.0,0
2012-11-02T09:18:15.000,2310.6,7951,2310.6,24,0.0,0,0.0,0,0.0,0,0.0,0,2310.8,80,0.0,0,0.0,0,0.0,0,0.0,0
2012-11-02T09:18:15.500,2310.6,7961,2310.6,20,0.0,0,0.0,0,0.0,0,0.0,0,2310.8,74,0.0,0,0.0,0,0.0,0,0.0,0
2012-11-02T09:18:16.000,2310.6,7968,2310.6,23,0.0,0,0.0,0,0.0,0,0.0,0,2310.8,72,0.0,0,0.0,0,0.0,0,0.0,0
2012-11-02T09:18:16.500,2310.6,7973,2310.6,21,0.0,0,0.0,0,0.0,0,0.0,0,2310.8,71,0.0,0,0.0,0,0.0,0,0.0,0
2012-11-02T09:18:17.000,2310.6,7977,2310.6,18,0.0,0,0.0,0,0.0,0,0.0,0,2310.8,70,0.0,0,0.0,0,0.0,0,0.0,0
2012-11-02T09:18:17.500,2310.8,7979,2310.6,18,0.0,0,0.0,0,0.0,0,0.0,0,2310.8,68,0.0,0,0.0,0,0.0,0,0.0,0
2012-11-02T09:18:18.000,2310.8,8024,2310.6,19,0.0,0,0.0,0,0.0,0,0.0,0,2310.8,35,0.0,0,0.0,0,0.0,0,0.0,0
2012-11-02T09:18:18.500,2310.8,8035,2310.6,18,0.0,0,0.0,0,0.0,0,0.0,0,2310.8,27,0.0,0,0.0,0,0.0,0,0.0,0
2012-11-02T09:18:19.000,2310.8,8067,2310.8,8,0.0,0,0.0,0,0.0,0,0.0,0,2311,107,0.0,0,0.0,0,0.0,0,0.0,0
2012-11-02T09:18:19.500,2310.8,8074,2310.8,36,0.0,0,0.0,0,0.0,0,0.0,0,2311,102,0.0,0,0.0,0,0.0,0,0.0,0
2012-11-02T09:18:20.000,2311,8076,2310.8,57,0.0,0,0.0,0,0.0,0,0.0,0,2311,100,0.0,0,0.0,0,0.0,0,0.0,0
2012-11-02T09:18:20.500,2311,8179,2311,8,0.0,0,0.0,0,0.0,0,0.0,0,2311.2,45,0.0,0,0.0,0,0.0,0,0.0,0
2012-11-02T09:18:21.000,2311.2,8209,2311,4,0.0,0,0.0,0,0.0,0,0.0,0,2311.2,19,0.0,0,0.0,0,0.0,0,0.0,0
2012-11-02T09:18:21.500,2310.8,8251,2310.8,66,0.0,0,0.0,0,0.0,0,0.0,0,2311,8,0.0,0,0.0,0,0.0,0,0.0,0
2012-11-02T09:18:22.000,2311.2,8285,2310.8,65,0.0,0,0.0,0,0.0,0,0.0,0,2311,40,0.0,0,0.0,0,0.0,0,0.0,0
2012-11-02T09:18:22.500,2311,8302,2310.8,65,0.0,0,0.0,0,0.0,0,0.0,0,2311,39,0.0,0,0.0,0,0.0,0,0.0,0
2012-11-02T09:18:23.000,2311,8310,2310.8,66,0.0,0,0.0,0,0.0,0,0.0,0,2311,42,0.0,0,0.0,0,0.0,0,0.0,0
2012-11-02T09:18:23.500,2311,8317,2310.8,65,0.0,0,0.0,0,0.0,0,0.0,0,2311,39,0.0,0,0.0,0,0.0,0,0.0,0
2012-11-02T09:18:24.000,2311,8321,2310.8,62,0.0,0,0.0,0,0.0,0,0.0,0,2311,37,0.0,0,0.0,0,0.0,0,0.0,0
2012-11-02T09:18:24.500,2310.8,8324,2310.8,60,0.0,0,0.0,0,0.0,0,0.0,0,2311,36,0.0,0,0.0,0,0.0,0,0.0,0
2012-11-02T09:18:25.000,2311,8325,2310.8,60,0.0,0,0.0,0,0.0,0,0.0,0,2311,36,0.0,0,0.0,0,0.0,0,0.0,0
2012-11-02T09:18:25.500,2311,8331,2310.8,58,0.0,0,0.0,0,0.0,0,0.0,0,2311,31,0.0,0,0.0,0,0.0,0,0.0,0
2012-11-02T09:18:26.000,2310.8,8339,2310.8,36,0.0,0,0.0,0,0.0,0,0.0,0,2311,27,0.0,0,0.0,0,0.0,0,0.0,0
2012-11-02T09:18:26.500,2311,8368,2311,1,0.0,0,0.0,0,0.0,0,0.0,0,2311.2,2,0.0,0,0.0,0,0.0,0,0.0,0
2012-11-02T09:18:27.000,2310.8,8383,2310.8,31,0.0,0,0.0,0,0.0,0,0.0,0,2311,6,0.0,0,0.0,0,0.0,0,0.0,0
2012-11-02T09:18:27.500,2310.8,8386,2310.8,29,0.0,0,0.0,0,0.0,0,0.0,0,2311,7,0.0,0,0.0,0,0.0,0,0.0,0
2012-11-02T09:18:28.250,2311.2,8397,2310.8,31,0.0,0,0.0,0,0.0,0,0.0,0,2311.2,1,0.0,0,0.0,0,0.0,0,0.0,0
2012-11-02T09:18:29.000,2310.8,8411,2310.8,29,0.0,0,0.0,0,0.0,0,0.0,0,2311.2,4,0.0,0,0.0,0,0.0,0,0.0,0
2012-11-02T09:18:29.500,2310.8,8459,2310.6,10,0.0,0,0.0,0,0.0,0,0.0,0,2310.8,3,0.0,0,0.0,0,0.0,0,0.0,0
2012-11-02T09:18:30.000,2310.6,8470,2310.6,27,0.0,0,0.0,0,0.0,0,0.0,0,2311.2,4,0.0,0,0.0,0,0.0,0,0.0,0
2012-11-02T09:18:30.500,2311,8477,2310.6,26,0.0,0,0.0,0,0.0,0,0.0,0,2311,8,0.0,0,0.0,0,0.0,0,0.0,0
2012-11-02T09:18:31.000,2311,8485,2310.8,13,0.0,0,0.0,0,0.0,0,0.0,0,2311,1,0.0,0,0.0,0,0.0,0,0.0,0
2012-11-02T09:18:31.500,2310.8,8508,2310.6,25,0.0,0,0.0,0,0.0,0,0.0,0,2310.8,9,0.0,0,0.0,0,0.0,0,0.0,0
2012-11-02T09:18:32.000,2310.6,8535,2310.8,1,0.0,0,0.0,0,0.0,0,0.0,0,2311.2,23,0.0,0,0.0,0,0.0,0,0.0,0
2012-11-02T09:18:32.500,2311,8541,2310.8,1,0.0,0,0.0,0,0.0,0,0.0,0,2311,5,0.0,0,0.0,0,0.0,0,0.0,0
2012-11-02T09:18:33.000,2311,8544,2310.6,26,0.0,0,0.0,0,0.0,0,0.0,0,2310.8,2,0.0,0,0.0,0,0.0,0,0.0,0
2012-11-02T09:18:33.500,2311,8546,2310.6,41,0.0,0,0.0,0,0.0,0,0.0,0,2310.8,5,0.0,0,0.0,0,0.0,0,0.0,0
2012-11-02T09:18:34.000,2310.8,8560,2310.8,1,0.0,0,0.0,0,0.0,0,0.0,0,2311,7,0.0,0,0.0,0,0.0,0,0.0,0
2012-11-02T09:18:34.500,2311,8564,2310.8,8,0.0,0,0.0,0,0.0,0,0.0,0,2311,9,0.0,0,0.0,0,0.0,0,0.0,0
2012-11-02T09:18:35.250,2311,8571,2310.8,20,0.0,0,0.0,0,0.0,0,0.0,0,2311,7,0.0,0,0.0,0,0.0,0,0.0,0
2012-11-02T09:18:36.000,2310.8,8578,2310.8,18,0.0,0,0.0,0,0.0,0,0.0,0,2311,8,0.0,0,0.0,0,0.0,0,0.0,0
2012-11-02T09:18:36.500,2310.8,8580,2310.8,17,0.0,0,0.0,0,0.0,0,0.0,0,2311,10,0.0,0,0.0,0,0.0,0,0.0,0
2012-11-02T09:18:37.000,2311,8583,2310.8,17,0.0,0,0.0,0,0.0,0,0.0,0,2311,7,0.0,0,0.0,0,0.0,0,0.0,0
2012-11-02T09:18:37.500,2311,8596,2310.8,41,0.0,0,0.0,0,0.0,0,0.0,0,2311,8,0.0,0,0.0,0,0.0,0,0.0,0
2012-11-02T09:18:38.000,2310.8,8599,2310.8,39,0.0,0,0.0,0,0.0,0,0.0,0,2311,8,0.0,0,0.0,0,0.0,0,0.0,0
2012-11-02T09:18:38.500,2310.8,8620,2310.8,19,0.0,0,0.0,0,0.0,0,0.0,0,2311,7,0.0,0,0.0,0,0.0,0,0.0,0
2012-11-02T09:18:39.250,2311,8628,2310.8,21,0.0,0,0.0,0,0.0,0,0.0,0,2311,2,0.0,0,0.0,0,0.0,0,0.0,0
2012-11-02T09:18:40.000,2311,8636,2310.8,21,0.0,0,0.0,0,0.0,0,0.0,0,2311,14,0.0,0,0.0,0,0.0,0,0.0,0
2012-11-02T09:18:40.500,2310.8,8645,2310.8,21,0.0,0,0.0,0,0.0,0,0.0,0,2311,13,0.0,0,0.0,0,0.0,0,0.0,0
2012-11-02T09:18:41.000,2310.8,8671,2310.6,33,0.0,0,0.0,0,0.0,0,0.0,0,2310.8,2,0.0,0,0.0,0,0.0,0,0.0,0
2012-11-02T09:18:41.500,2311,8674,2310.6,33,0.0,0,0.0,0,0.0,0,0.0,0,2311,11,0.0,0,0.0,0,0.0,0,0.0,0
2012-11-02T09:18:42.000,2311,8679,2310.6,35,0.0,0,0.0,0,0.0,0,0.0,0,2310.8,4,0.0,0,0.0,0,0.0,0,0.0,0
2012-11-02T09:18:42.500,2311,8681,2310.6,35,0.0,0,0.0,0,0.0,0,0.0,0,2310.8,2,0.0,0,0.0,0,0.0,0,0.0,0
2012-11-02T09:18:43.250,2310.8,8683,2310.6,36,0.0,0,0.0,0,0.0,0,0.0,0,2310.8,1,0.0,0,0.0,0,0.0,0,0.0,0
2012-11-02T09:18:44.000,2310.6,8687,2310.6,33,0.0,0,0.0,0,0.0,0,0.0,0,2310.8,2,0.0,0,0.0,0,0.0,0,0.0,0
2012-11-02T09:18:44.500,2310.6,8690,2310.6,33,0.0,0,0.0,0,0.0,0,0.0,0,2310.8,1,0.0,0,0.0,0,0.0,0,0.0,0
2012-11-02T09:18:45.000,2310.6,8694,2310.6,30,0.0,0,0.0,0,0.0,0,0.0,0,2311,15,0.0,0,0.0,0,0.0,0,0.0,0
2012-11-02T09:18:45.500,2310.8,8695,2310.6,30,0.0,0,0.0,0,0.0,0,0.0,0,2311,18,0.0,0,0.0,0,0.0,0,0.0,0
2012-11-02T09:18:46.250,2310.8,8697,2310.8,2,0.0,0,0.0,0,0.0,0,0.0,0,2311,19,0.0,0,0.0,0,0.0,0,0.0,0
2012-11-02T09:18:47.000,2310.8,8698,2310.8,1,0.0,0,0.0,0,0.0,0,0.0,0,2311,19,0.0,0,0.0,0,0.0,0,0.0,0
2012-11-02T09:18:47.500,2310.8,8702,2310.6,40,0.0,0,0.0,0,0.0,0,0.0,0,2311,21,0.0,0,0.0,0,0.0,0,0.0,0
2012-11-02T09:18:48.000,2310.8,8705,2310.6,39,0.0,0,0.0,0,0.0,0,0.0,0,2311,21,0.0,0,0.0,0,0.0,0,0.0,0
2012-11-02T09:18:48.500,2310.6,8713,2310.6,37,0.0,0,0.0,0,0.0,0,0.0,0,2311,24,0.0,0,0.0,0,0.0,0,0.0,0
2012-11-02T09:18:49.000,2311,8723,2310.6,33,0.0,0,0.0,0,0.0,0,0.0,0,2311,23,0.0,0,0.0,0,0.0,0,0.0,0
2012-11-02T09:18:49.500,2310.6,8726,2310.8,3,0.0,0,0.0,0,0.0,0,0.0,0,2311,37,0.0,0,0.0,0,0.0,0,0.0,0
2012-11-02T09:18:51.000,2310.8,8735,2310.8,4,0.0,0,0.0,0,0.0,0,0.0,0,2311,33,0.0,0,0.0,0,0.0,0,0.0,0
2012-11-02T09:18:51.500,2311,8740,2310.8,3,0.0,0,0.0,0,0.0,0,0.0,0,2311,32,0.0,0,0.0,0,0.0,0,0.0,0
2012-11-02T09:18:52.000,2310.6,8767,2310.6,7,0.0,0,0.0,0,0.0,0,0.0,0,2310.8,3,0.0,0,0.0,0,0.0,0,0.0,0
2012-11-02T09:18:52.500,2310.6,8768,2310.6,10,0.0,0,0.0,0,0.0,0,0.0,0,2310.8,5,0.0,0,0.0,0,0.0,0,0.0,0
2012-11-02T09:18:53.000,2310.8,8771,2310.6,12,0.0,0,0.0,0,0.0,0,0.0,0,2310.8,10,0.0,0,0.0,0,0.0,0,0.0,0
2012-11-02T09:18:53.500,2310.8,8776,2310.6,15,0.0,0,0.0,0,0.0,0,0.0,0,2310.8,7,0.0,0,0.0,0,0.0,0,0.0,0
2012-11-02T09:18:54.000,2310.6,8779,2310.6,18,0.0,0,0.0,0,0.0,0,0.0,0,2310.8,5,0.0,0,0.0,0,0.0,0,0.0,0
2012-11-02T09:18:54.500,2310.6,8782,2310.6,18,0.0,0,0.0,0,0.0,0,0.0,0,2310.8,3,0.0,0,0.0,0,0.0,0,0.0,0
2012-11-02T09:18:55.250,2310.6,8784,2310.6,20,0.0,0,0.0,0,0.0,0,0.0,0,2310.8,4,0.0,0,0.0,0,0.0,0,0.0,0
2012-11-02T09:18:56.000,2310.8,8788,2310.6,17,0.0,0,0.0,0,0.0,0,0.0,0,2310.8,5,0.0,0,0.0,0,0.0,0,0.0,0
2012-11-02T09:18:56.500,2310.8,8805,2310.6,3,0.0,0,0.0,0,0.0,0,0.0,0,2310.8,3,0.0,0,0.0,0,0.0,0,0.0,0
2012-11-02T09:18:57.000,2310.6,8810,2310.4,19,0.0,0,0.0,0,0.0,0,0.0,0,2310.6,9,0.0,0,0.0,0,0.0,0,0.0,0
2012-11-02T09:18:57.500,2310.4,8811,2310.4,18,0.0,0,0.0,0,0.0,0,0.0,0,2310.6,12,0.0,0,0.0,0,0.0,0,0.0,0
2012-11-02T09:18:58.000,2310.6,8812,2310.4,17,0.0,0,0.0,0,0.0,0,0.0,0,2310.6,12,0.0,0,0.0,0,0.0,0,0.0,0
2012-11-02T09:18:58.500,2310.6,8817,2310.4,15,0.0,0,0.0,0,0.0,0,0.0,0,2310.6,11,0.0,0,0.0,0,0.0,0,0.0,0
2012-11-02T09:18:59.000,2310.4,8820,2310.4,12,0.0,0,0.0,0,0.0,0,0.0,0,2310.6,24,0.0,0,0.0,0,0.0,0,0.0,0
2012-11-02T09:18:59.500,2310.4,8834,2310.2,62,0.0,0,0.0,0,0.0,0,0.0,0,2310.4,9,0.0,0,0.0,0,0.0,0,0.0,0
2012-11-02T09:19:00.000,2310.4,8837,2310.2,62,0.0,0,0.0,0,0.0,0,0.0,0,2310.4,12,0.0,0,0.0,0,0.0,0,0.0,0
2012-11-02T09:19:00.500,2310.2,8845,2310.2,62,0.0,0,0.0,0,0.0,0,0.0,0,2310.4,6,0.0,0,0.0,0,0.0,0,0.0,0
2012-11-02T09:19:01.000,2310.4,8853,2310.2,60,0.0,0,0.0,0,0.0,0,0.0,0,2310.4,5,0.0,0,0.0,0,0.0,0,0.0,0
2012-11-02T09:19:01.500,2310.2,8860,2310.4,1,0.0,0,0.0,0,0.0,0,0.0,0,2310.6,27,0.0,0,0.0,0,0.0,0,0.0,0
2012-11-02T09:19:02.000,2310.2,8876,2310.2,55,0.0,0,0.0,0,0.0,0,0.0,0,2310.4,1,0.0,0,0.0,0,0.0,0,0.0,0
2012-11-02T09:19:02.500,2310.4,8881,2310.2,55,0.0,0,0.0,0,0.0,0,0.0,0,2310.6,28,0.0,0,0.0,0,0.0,0,0.0,0
2012-11-02T09:19:03.000,2310.6,8885,2310.4,1,0.0,0,0.0,0,0.0,0,0.0,0,2310.6,25,0.0,0,0.0,0,0.0,0,0.0,0
2012-11-02T09:19:03.500,2310.4,8886,2310.4,7,0.0,0,0.0,0,0.0,0,0.0,0,2310.6,25,0.0,0,0.0,0,0.0,0,0.0,0
2012-11-02T09:19:04.000,2310.4,8892,2310.4,7,0.0,0,0.0,0,0.0,0,0.0,0,2310.6,24,0.0,0,0.0,0,0.0,0,0.0,0
2012-11-02T09:19:04.500,2310.4,8895,2310.4,23,0.0,0,0.0,0,0.0,0,0.0,0,2310.6,24,0.0,0,0.0,0,0.0,0,0.0,0
2012-11-02T09:19:05.000,2310.6,8896,2310.4,23,0.0,0,0.0,0,0.0,0,0.0,0,2310.6,23,0.0,0,0.0,0,0.0,0,0.0,0
2012-11-02T09:19:05.500,2310.6,8902,2310.4,19,0.0,0,0.0,0,0.0,0,0.0,0,2310.6,21,0.0,0,0.0,0,0.0,0,0.0,0
2012-11-02T09:19:06.000,2310.4,8930,2310.2,57,0.0,0,0.0,0,0.0,0,0.0,0,2310.4,12,0.0,0,0.0,0,0.0,0,0.0,0
2012-11-02T09:19:06.500,2310.4,8939,2310.2,57,0.0,0,0.0,0,0.0,0,0.0,0,2310.4,5,0.0,0,0.0,0,0.0,0,0.0,0
2012-11-02T09:19:07.000,2310.2,8946,2310.2,50,0.0,0,0.0,0,0.0,0,0.0,0,2310.4,5,0.0,0,0.0,0,0.0,0,0.0,0
2012-11-02T09:19:07.500,2310.4,8947,2310.2,50,0.0,0,0.0,0,0.0,0,0.0,0,2310.4,15,0.0,0,0.0,0,0.0,0,0.0,0
2012-11-02T09:19:08.000,2310.4,8951,2310.2,50,0.0,0,0.0,0,0.0,0,0.0,0,2310.4,17,0.0,0,0.0,0,0.0,0,0.0,0
2012-11-02T09:19:08.500,2310.4,8952,2310.2,50,0.0,0,0.0,0,0.0,0,0.0,0,2310.4,19,0.0,0,0.0,0,0.0,0,0.0,0
2012-11-02T09:19:09.000,2310.2,8954,2310.2,48,0.0,0,0.0,0,0.0,0,0.0,0,2310.4,19,0.0,0,0.0,0,0.0,0,0.0,0
2012-11-02T09:19:09.500,2310.2,8967,2310.2,37,0.0,0,0.0,0,0.0,0,0.0,0,2310.4,17,0.0,0,0.0,0,0.0,0,0.0,0
2012-11-02T09:19:10.000,2310.4,8972,2310.2,33,0.0,0,0.0,0,0.0,0,0.0,0,2310.4,16,0.0,0,0.0,0,0.0,0,0.0,0
2012-11-02T09:19:10.500,2310.4,8974,2310.2,32,0.0,0,0.0,0,0.0,0,0.0,0,2310.4,17,0.0,0,0.0,0,0.0,0,0.0,0
2012-11-02T09:19:11.000,2310.2,8980,2310.2,27,0.0,0,0.0,0,0.0,0,0.0,0,2310.4,16,0.0,0,0.0,0,0.0,0,0.0,0
2012-11-02T09:19:11.500,2310.2,8990,2310.2,17,0.0,0,0.0,0,0.0,0,0.0,0,2310.4,19,0.0,0,0.0,0,0.0,0,0.0,0
2012-11-02T09:19:12.000,2310.2,9008,2310,86,0.0,0,0.0,0,0.0,0,0.0,0,2310.2,20,0.0,0,0.0,0,0.0,0,0.0,0
2012-11-02T09:19:12.500,2310.2,9015,2310,87,0.0,0,0.0,0,0.0,0,0.0,0,2310.2,15,0.0,0,0.0,0,0.0,0,0.0,0
2012-11-02T09:19:13.000,2310,9024,2310,82,0.0,0,0.0,0,0.0,0,0.0,0,2310.2,21,0.0,0,0.0,0,0.0,0,0.0,0
2012-11-02T09:19:13.500,2310,9034,2310,78,0.0,0,0.0,0,0.0,0,0.0,0,2310.2,17,0.0,0,0.0,0,0.0,0,0.0,0
2012-11-02T09:19:14.000,2310,9043,2310,75,0.0,0,0.0,0,0.0,0,0.0,0,2310.2,13,0.0,0,0.0,0,0.0,0,0.0,0
2012-11-02T09:19:14.500,2310.2,9045,2310,75,0.0,0,0.0,0,0.0,0,0.0,0,2310.2,12,0.0,0,0.0,0,0.0,0,0.0,0
2012-11-02T09:19:15.000,2310,9051,2310,120,0.0,0,0.0,0,0.0,0,0.0,0,2310.2,9,0.0,0,0.0,0,0.0,0,0.0,0
2012-11-02T09:19:15.500,2310,9133,2310,38,0.0,0,0.0,0,0.0,0,0.0,0,2310.2,9,0.0,0,0.0,0,0.0,0,0.0,0
2012-11-02T09:19:16.000,2310.2,9143,2310.2,66,0.0,0,0.0,0,0.0,0,0.0,0,2310.4,32,0.0,0,0.0,0,0.0,0,0.0,0
2012-11-02T09:19:16.500,2310.2,9177,2310.2,32,0.0,0,0.0,0,0.0,0,0.0,0,2310.4,34,0.0,0,0.0,0,0.0,0,0.0,0
2012-11-02T09:19:17.000,2310.2,9191,2310.2,24,0.0,0,0.0,0,0.0,0,0.0,0,2310.4,27,0.0,0,0.0,0,0.0,0,0.0,0
2012-11-02T09:19:17.500,2310.2,9203,2310.2,12,0.0,0,0.0,0,0.0,0,0.0,0,2310.4,31,0.0,0,0.0,0,0.0,0,0.0,0
2012-11-02T09:19:18.000,2310.2,9219,2310.2,4,0.0,0,0.0,0,0.0,0,0.0,0,2310.4,30,0.0,0,0.0,0,0.0,0,0.0,0
2012-11-02T09:19:18.500,2310,9232,2310,40,0.0,0,0.0,0,0.0,0,0.0,0,2310.2,4,0.0,0,0.0,0,0.0,0,0.0,0
2012-11-02T09:19:19.250,2310.2,9235,2310,42,0.0,0,0.0,0,0.0,0,0.0,0,2310.2,2,0.0,0,0.0,0,0.0,0,0.0,0
2012-11-02T09:19:20.000,2310,9237,2310,41,0.0,0,0.0,0,0.0,0,0.0,0,2310.2,10,0.0,0,0.0,0,0.0,0,0.0,0
2012-11-02T09:19:20.500,2310.2,9239,2310,41,0.0,0,0.0,0,0.0,0,0.0,0,2310.2,9,0.0,0,0.0,0,0.0,0,0.0,0
2012-11-02T09:19:21.000,2310.2,9247,2310,37,0.0,0,0.0,0,0.0,0,0.0,0,2310.2,7,0.0,0,0.0,0,0.0,0,0.0,0
2012-11-02T09:19:21.500,2310.2,9249,2310,37,0.0,0,0.0,0,0.0,0,0.0,0,2310.2,9,0.0,0,0.0,0,0.0,0,0.0,0
2012-11-02T09:19:22.250,2310,9254,2310,38,0.0,0,0.0,0,0.0,0,0.0,0,2310.2,10,0.0,0,0.0,0,0.0,0,0.0,0
2012-11-02T09:19:23.000,2310.2,9297,2310,2,0.0,0,0.0,0,0.0,0,0.0,0,2310.2,3,0.0,0,0.0,0,0.0,0,0.0,0
2012-11-02T09:19:23.500,2310,9301,2309.8,51,0.0,0,0.0,0,0.0,0,0.0,0,2310.2,9,0.0,0,0.0,0,0.0,0,0.0,0
2012-11-02T09:19:24.000,2310.2,9305,2310,27,0.0,0,0.0,0,0.0,0,0.0,0,2310.2,10,0.0,0,0.0,0,0.0,0,0.0,0
2012-11-02T09:19:24.500,2310,9324,2310,9,0.0,0,0.0,0,0.0,0,0.0,0,2310.2,10,0.0,0,0.0,0,0.0,0,0.0,0
2012-11-02T09:19:25.000,2310,9327,2310,10,0.0,0,0.0,0,0.0,0,0.0,0,2310.2,5,0.0,0,0.0,0,0.0,0,0.0,0
2012-11-02T09:19:25.500,2310,9330,2310,10,0.0,0,0.0,0,0.0,0,0.0,0,2310.2,6,0.0,0,0.0,0,0.0,0,0.0,0
2012-11-02T09:19:26.000,2310,9333,2310,37,0.0,0,0.0,0,0.0,0,0.0,0,2310.2,6,0.0,0,0.0,0,0.0,0,0.0,0
2012-11-02T09:19:26.500,2310,9344,2310,29,0.0,0,0.0,0,0.0,0,0.0,0,2310.2,6,0.0,0,0.0,0,0.0,0,0.0,0
2012-11-02T09:19:27.000,2310,9349,2310,75,0.0,0,0.0,0,0.0,0,0.0,0,2310.2,6,0.0,0,0.0,0,0.0,0,0.0,0
2012-11-02T09:19:27.500,2310.2,9360,2310,73,0.0,0,0.0,0,0.0,0,0.0,0,2310.2,1,0.0,0,0.0,0,0.0,0,0.0,0
2012-11-02T09:19:28.000,2310.2,9368,2310.2,1,0.0,0,0.0,0,0.0,0,0.0,0,2310.4,29,0.0,0,0.0,0,0.0,0,0.0,0
2012-11-02T09:19:28.500,2310.2,9375,2310.2,2,0.0,0,0.0,0,0.0,0,0.0,0,2310.4,27,0.0,0,0.0,0,0.0,0,0.0,0
2012-11-02T09:19:29.000,2310.2,9381,2310,71,0.0,0,0.0,0,0.0,0,0.0,0,2310.4,27,0.0,0,0.0,0,0.0,0,0.0,0
2012-11-02T09:19:29.500,2310.4,9382,2310.2,4,0.0,0,0.0,0,0.0,0,0.0,0,2310.4,28,0.0,0,0.0,0,0.0,0,0.0,0
2012-11-02T09:19:30.000,2310.2,9383,2310.2,3,0.0,0,0.0,0,0.0,0,0.0,0,2310.4,28,0.0,0,0.0,0,0.0,0,0.0,0
2012-11-02T09:19:30.500,2310.2,9387,2310.2,7,0.0,0,0.0,0,0.0,0,0.0,0,2310.4,29,0.0,0,0.0,0,0.0,0,0.0,0
2012-11-02T09:19:31.000,2310.2,9388,2310.2,6,0.0,0,0.0,0,0.0,0,0.0,0,2310.4,29,0.0,0,0.0,0,0.0,0,0.0,0
2012-11-02T09:19:31.500,2310.4,9389,2310.2,6,0.0,0,0.0,0,0.0,0,0.0,0,2310.4,36,0.0,0,0.0,0,0.0,0,0.0,0
2012-11-02T09:19:32.250,2310.2,9399,2310.2,6,0.0,0,0.0,0,0.0,0,0.0,0,2310.4,29,0.0,0,0.0,0,0.0,0,0.0,0
2012-11-02T09:19:33.250,2310.2,9400,2310.2,5,0.0,0,0.0,0,0.0,0,0.0,0,2310.4,33,0.0,0,0.0,0,0.0,0,0.0,0
2012-11-02T09:19:34.250,2310.2,9405,2310.2,2,0.0,0,0.0,0,0.0,0,0.0,0,2310.4,37,0.0,0,0.0,0,0.0,0,0.0,0
2012-11-02T09:19:35.000,2310.4,9408,2310.2,3,0.0,0,0.0,0,0.0,0,0.0,0,2310.4,35,0.0,0,0.0,0,0.0,0,0.0,0
2012-11-02T09:19:35.500,2310.2,9411,2310,78,0.0,0,0.0,0,0.0,0,0.0,0,2310.4,35,0.0,0,0.0,0,0.0,0,0.0,0
2012-11-02T09:19:36.000,2310.2,9412,2310,78,0.0,0,0.0,0,0.0,0,0.0,0,2310.2,52,0.0,0,0.0,0,0.0,0,0.0,0
2012-11-02T09:19:36.500,2310.2,9414,2310,77,0.0,0,0.0,0,0.0,0,0.0,0,2310.2,50,0.0,0,0.0,0,0.0,0,0.0,0
2012-11-02T09:19:37.000,2310,9438,2310,55,0.0,0,0.0,0,0.0,0,0.0,0,2310.2,51,0.0,0,0.0,0,0.0,0,0.0,0
2012-11-02T09:19:37.500,2310,9443,2310,51,0.0,0,0.0,0,0.0,0,0.0,0,2310.2,52,0.0,0,0.0,0,0.0,0,0.0,0
2012-11-02T09:19:38.000,2310.2,9506,2310,22,0.0,0,0.0,0,0.0,0,0.0,0,2310.2,20,0.0,0,0.0,0,0.0,0,0.0,0
2012-11-02T09:19:38.500,2310,9514,2310,14,0.0,0,0.0,0,0.0,0,0.0,0,2310.2,20,0.0,0,0.0,0,0.0,0,0.0,0
2012-11-02T09:19:39.250,2310.2,9541,2309.8,54,0.0,0,0.0,0,0.0,0,0.0,0,2310.2,18,0.0,0,0.0,0,0.0,0,0.0,0
2012-11-02T09:19:40.000,2310,9544,2310,1,0.0,0,0.0,0,0.0,0,0.0,0,2310.2,25,0.0,0,0.0,0,0.0,0,0.0,0
2012-11-02T09:19:40.500,2310,9549,2309.8,56,0.0,0,0.0,0,0.0,0,0.0,0,2310,1,0.0,0,0.0,0,0.0,0,0.0,0
2012-11-02T09:19:41.250,2309.8,9552,2309.8,57,0.0,0,0.0,0,0.0,0,0.0,0,2310,1,0.0,0,0.0,0,0.0,0,0.0,0
2012-11-02T09:19:42.250,2309.8,9553,2309.8,57,0.0,0,0.0,0,0.0,0,0.0,0,2310,2,0.0,0,0.0,0,0.0,0,0.0,0
2012-11-02T09:19:43.000,2310,9562,2309.8,69,0.0,0,0.0,0,0.0,0,0.0,0,2310,11,0.0,0,0.0,0,0.0,0,0.0,0
2012-11-02T09:19:43.500,2309.8,9564,2309.8,67,0.0,0,0.0,0,0.0,0,0.0,0,2310,12,0.0,0,0.0,0,0.0,0,0.0,0
2012-11-02T09:19:44.000,2309.8,9578,2309.8,65,0.0,0,0.0,0,0.0,0,0.0,0,2310,3,0.0,0,0.0,0,0.0,0,0.0,0
2012-11-02T09:19:44.500,2309.8,9581,2309.8,63,0.0,0,0.0,0,0.0,0,0.0,0,2310,8,0.0,0,0.0,0,0.0,0,0.0,0
2012-11-02T09:19:45.000,2309.8,9592,2309.8,63,0.0,0,0.0,0,0.0,0,0.0,0,2310,3,0.0,0,0.0,0,0.0,0,0.0,0
2012-11-02T09:19:45.500,2310,9599,2310,48,0.0,0,0.0,0,0.0,0,0.0,0,2310.2,30,0.0,0,0.0,0,0.0,0,0.0,0
2012-11-02T09:19:46.250,2310,9603,2310,50,0.0,0,0.0,0,0.0,0,0.0,0,2310.2,30,0.0,0,0.0,0,0.0,0,0.0,0
2012-11-02T09:19:47.000,2310.2,9645,2310.2,28,0.0,0,0.0,0,0.0,0,0.0,0,2310.4,34,0.0,0,0.0,0,0.0,0,0.0,0
2012-11-02T09:19:47.500,2310.2,9648,2310.2,30,0.0,0,0.0,0,0.0,0,0.0,0,2310.4,34,0.0,0,0.0,0,0.0,0,0.0,0
2012-11-02T09:19:48.000,2310.2,9657,2310.2,30,0.0,0,0.0,0,0.0,0,0.0,0,2310.4,30,0.0,0,0.0,0,0.0,0,0.0,0
2012-11-02T09:19:48.500,2310.2,9658,2310.2,49,0.0,0,0.0,0,0.0,0,0.0,0,2310.4,40,0.0,0,0.0,0,0.0,0,0.0,0
2012-11-02T09:19:49.250,2310.2,9662,2310.2,47,0.0,0,0.0,0,0.0,0,0.0,0,2310.4,41,0.0,0,0.0,0,0.0,0,0.0,0
2012-11-02T09:19:50.000,2310.2,9663,2310.2,46,0.0,0,0.0,0,0.0,0,0.0,0,2310.4,41,0.0,0,0.0,0,0.0,0,0.0,0
2012-11-02T09:19:50.500,2310.2,9667,2310.2,43,0.0,0,0.0,0,0.0,0,0.0,0,2310.4,41,0.0,0,0.0,0,0.0,0,0.0,0
2012-11-02T09:19:51.250,2310.2,9668,2310.2,42,0.0,0,0.0,0,0.0,0,0.0,0,2310.4,45,0.0,0,0.0,0,0.0,0,0.0,0
2012-11-02T09:19:52.000,2310.2,9670,2310.2,50,0.0,0,0.0,0,0.0,0,0.0,0,2310.4,46,0.0,0,0.0,0,0.0,0,0.0,0
2012-11-02T09:19:52.500,2310.4,9673,2310.2,40,0.0,0,0.0,0,0.0,0,0.0,0,2310.4,44,0.0,0,0.0,0,0.0,0,0.0,0
2012-11-02T09:19:53.000,2310.2,9681,2310.2,33,0.0,0,0.0,0,0.0,0,0.0,0,2310.4,44,0.0,0,0.0,0,0.0,0,0.0,0
2012-11-02T09:19:53.500,2310.4,9687,2310.2,32,0.0,0,0.0,0,0.0,0,0.0,0,2310.4,39,0.0,0,0.0,0,0.0,0,0.0,0
2012-11-02T09:19:54.000,2310.4,9688,2310.2,32,0.0,0,0.0,0,0.0,0,0.0,0,2310.4,39,0.0,0,0.0,0,0.0,0,0.0,0
2012-11-02T09:19:54.500,2310.2,9689,2310.2,41,0.0,0,0.0,0,0.0,0,0.0,0,2310.4,40,0.0,0,0.0,0,0.0,0,0.0,0
2012-11-02T09:19:55.000,2310.2,9693,2310.2,38,0.0,0,0.0,0,0.0,0,0.0,0,2310.4,39,0.0,0,0.0,0,0.0,0,0.0,0
2012-11-02T09:19:55.500,2310.4,9702,2310.2,38,0.0,0,0.0,0,0.0,0,0.0,0,2310.4,30,0.0,0,0.0,0,0.0,0,0.0,0
2012-11-02T09:19:56.000,2310.4,9706,2310.2,38,0.0,0,0.0,0,0.0,0,0.0,0,2310.4,29,0.0,0,0.0,0,0.0,0,0.0,0
2012-11-02T09:19:56.500,2310.4,9735,2310.4,12,0.0,0,0.0,0,0.0,0,0.0,0,2310.6,65,0.0,0,0.0,0,0.0,0,0.0,0
2012-11-02T09:19:57.000,2310.4,9754,2310.2,21,0.0,0,0.0,0,0.0,0,0.0,0,2310.4,32,0.0,0,0.0,0,0.0,0,0.0,0
2012-11-02T09:19:57.500,2310.4,9777,2310.2,23,0.0,0,0.0,0,0.0,0,0.0,0,2310.4,9,0.0,0,0.0,0,0.0,0,0.0,0
2012-11-02T09:19:58.000,2310.4,9781,2310.2,23,0.0,0,0.0,0,0.0,0,0.0,0,2310.4,8,0.0,0,0.0,0,0.0,0,0.0,0
2012-11-02T09:19:58.500,2310.4,9793,2310.2,18,0.0,0,0.0,0,0.0,0,0.0,0,2310.4,5,0.0,0,0.0,0,0.0,0,0.0,0
2012-11-02T09:19:59.000,2310.6,9800,2310.2,17,0.0,0,0.0,0,0.0,0,0.0,0,2310.6,64,0.0,0,0.0,0,0.0,0,0.0,0
2012-11-02T09:19:59.500,2310.2,9801,2310.4,3,0.0,0,0.0,0,0.0,0,0.0,0,2310.6,62,0.0,0,0.0,0,0.0,0,0.0,0
2012-11-02T09:20:00.000,2310.6,9802,2310.4,3,0.0,0,0.0,0,0.0,0,0.0,0,2310.6,62,0.0,0,0.0,0,0.0,0,0.0,0
2012-11-02T09:20:00.500,2310.6,9819,2310.4,3,0.0,0,0.0,0,0.0,0,0.0,0,2310.6,51,0.0,0,0.0,0,0.0,0,0.0,0
2012-11-02T09:20:01.000,2310.6,9830,2310.4,5,0.0,0,0.0,0,0.0,0,0.0,0,2310.6,42,0.0,0,0.0,0,0.0,0,0.0,0
2012-11-02T09:20:01.500,2310.4,9840,2310.4,11,0.0,0,0.0,0,0.0,0,0.0,0,2310.6,40,0.0,0,0.0,0,0.0,0,0.0,0
2012-11-02T09:20:02.000,2310.6,9856,2310.4,1,0.0,0,0.0,0,0.0,0,0.0,0,2310.6,39,0.0,0,0.0,0,0.0,0,0.0,0
2012-11-02T09:20:02.500,2310.6,9860,2310.4,1,0.0,0,0.0,0,0.0,0,0.0,0,2310.6,35,0.0,0,0.0,0,0.0,0,0.0,0
2012-11-02T09:20:03.000,2310.6,9865,2310.4,1,0.0,0,0.0,0,0.0,0,0.0,0,2310.6,30,0.0,0,0.0,0,0.0,0,0.0,0
2012-11-02T09:20:03.500,2310.6,9874,2310.4,1,0.0,0,0.0,0,0.0,0,0.0,0,2310.6,21,0.0,0,0.0,0,0.0,0,0.0,0
2012-11-02T09:20:04.000,2310.4,9877,2310.2,16,0.0,0,0.0,0,0.0,0,0.0,0,2310.4,1,0.0,0,0.0,0,0.0,0,0.0,0
2012-11-02T09:20:04.500,2310.4,9879,2310.2,26,0.0,0,0.0,0,0.0,0,0.0,0,2310.6,19,0.0,0,0.0,0,0.0,0,0.0,0
2012-11-02T09:20:05.250,2310.4,9887,2310.4,4,0.0,0,0.0,0,0.0,0,0.0,0,2310.6,23,0.0,0,0.0,0,0.0,0,0.0,0
2012-11-02T09:20:06.000,2310.6,9888,2310.4,16,0.0,0,0.0,0,0.0,0,0.0,0,2310.6,22,0.0,0,0.0,0,0.0,0,0.0,0
2012-11-02T09:20:06.500,2310.4,9906,2310.2,19,0.0,0,0.0,0,0.0,0,0.0,0,2310.4,6,0.0,0,0.0,0,0.0,0,0.0,0
2012-11-02T09:20:07.250,2310.4,9908,2310.2,25,0.0,0,0.0,0,0.0,0,0.0,0,2310.4,5,0.0,0,0.0,0,0.0,0,0.0,0
2012-11-02T09:20:08.250,2310.4,9914,2310.4,6,0.0,0,0.0,0,0.0,0,0.0,0,2310.6,24,0.0,0,0.0,0,0.0,0,0.0,0
2012-11-02T09:20:09.250,2310.4,9916,2310.4,5,0.0,0,0.0,0,0.0,0,0.0,0,2310.6,27,0.0,0,0.0,0,0.0,0,0.0,0
2012-11-02T09:20:10.250,2310.4,9921,2310.4,11,0.0,0,0.0,0,0.0,0,0.0,0,2310.6,28,0.0,0,0.0,0,0.0,0,0.0,0
2012-11-02T09:20:12.000,2310.4,9932,2310.4,12,0.0,0,0.0,0,0.0,0,0.0,0,2310.6,34,0.0,0,0.0,0,0.0,0,0.0,0
2012-11-02T09:20:12.500,2310.6,9934,2310.4,12,0.0,0,0.0,0,0.0,0,0.0,0,2310.6,32,0.0,0,0.0,0,0.0,0,0.0,0
2012-11-02T09:20:13.000,2310.4,9935,2310.4,11,0.0,0,0.0,0,0.0,0,0.0,0,2310.6,32,0.0,0,0.0,0,0.0,0,0.0,0
2012-11-02T09:20:13.500,2310.4,9936,2310.4,10,0.0,0,0.0,0,0.0,0,0.0,0,2310.6,33,0.0,0,0.0,0,0.0,0,0.0,0
2012-11-02T09:20:14.250,2310.6,9946,2310.4,11,0.0,0,0.0,0,0.0,0,0.0,0,2310.6,23,0.0,0,0.0,0,0.0,0,0.0,0
2012-11-02T09:20:15.000,2310.4,9949,2310.4,8,0.0,0,0.0,0,0.0,0,0.0,0,2310.6,23,0.0,0,0.0,0,0.0,0,0.0,0
2012-11-02T09:20:15.500,2310.4,9950,2310.4,7,0.0,0,0.0,0,0.0,0,0.0,0,2310.6,23,0.0,0,0.0,0,0.0,0,0.0,0
2012-11-02T09:20:16.000,2310.6,9952,2310.4,7,0.0,0,0.0,0,0.0,0,0.0,0,2310.6,20,0.0,0,0.0,0,0.0,0,0.0,0
2012-11-02T09:20:16.500,2310.4,9953,2310.4,6,0.0,0,0.0,0,0.0,0,0.0,0,2310.6,20,0.0,0,0.0,0,0.0,0,0.0,0
2012-11-02T09:20:17.250,2310.6,9956,2310.4,5,0.0,0,0.0,0,0.0,0,0.0,0,2310.6,18,0.0,0,0.0,0,0.0,0,0.0,0
2012-11-02T09:20:18.250,2310.6,9967,2310.4,6,0.0,0,0.0,0,0.0,0,0.0,0,2310.6,7,0.0,0,0.0,0,0.0,0,0.0,0
2012-11-02T09:20:19.000,2310.4,9971,2310.4,4,0.0,0,0.0,0,0.0,0,0.0,0,2310.6,5,0.0,0,0.0,0,0.0,0,0.0,0
2012-11-02T09:20:19.500,2310.6,9974,2310.4,4,0.0,0,0.0,0,0.0,0,0.0,0,2310.6,6,0.0,0,0.0,0,0.0,0,0.0,0
2012-11-02T09:20:20.000,2310.6,9975,2310.4,4,0.0,0,0.0,0,0.0,0,0.0,0,2310.6,4,0.0,0,0.0,0,0.0,0,0.0,0
2012-11-02T09:20:20.500,2310.4,9976,2310.4,3,0.0,0,0.0,0,0.0,0,0.0,0,2310.6,5,0.0,0,0.0,0,0.0,0,0.0,0
2012-11-02T09:20:21.000,2310.6,9980,2310.4,6,0.0,0,0.0,0,0.0,0,0.0,0,2310.6,30,0.0,0,0.0,0,0.0,0,0.0,0
2012-11-02T09:20:21.500,2310.6,9983,2310.4,5,0.0,0,0.0,0,0.0,0,0.0,0,2310.6,28,0.0,0,0.0,0,0.0,0,0.0,0
2012-11-02T09:20:22.000,2310.4,9987,2310.4,1,0.0,0,0.0,0,0.0,0,0.0,0,2310.6,28,0.0,0,0.0,0,0.0,0,0.0,0
2012-11-02T09:20:22.500,2310.6,9990,2310.2,37,0.0,0,0.0,0,0.0,0,0.0,0,2310.6,26,0.0,0,0.0,0,0.0,0,0.0,0
2012-11-02T09:20:23.000,2310.6,9991,2310.2,37,0.0,0,0.0,0,0.0,0,0.0,0,2310.6,27,0.0,0,0.0,0,0.0,0,0.0,0
2012-11-02T09:20:23.500,2310.6,9994,2310.2,37,0.0,0,0.0,0,0.0,0,0.0,0,2310.6,24,0.0,0,0.0,0,0.0,0,0.0,0
2012-11-02T09:20:24.000,2310.4,9995,2310.4,9,0.0,0,0.0,0,0.0,0,0.0,0,2310.6,25,0.0,0,0.0,0,0.0,0,0.0,0
2012-11-02T09:20:24.500,2310.6,9996,2310.4,10,0.0,0,0.0,0,0.0,0,0.0,0,2310.6,24,0.0,0,0.0,0,0.0,0,0.0,0
2012-11-02T09:20:25.250,2310.4,9998,2310.4,10,0.0,0,0.0,0,0.0,0,0.0,0,2310.6,26,0.0,0,0.0,0,0.0,0,0.0,0
2012-11-02T09:20:27.000,2310.6,10003,2310.4,24,0.0,0,0.0,0,0.0,0,0.0,0,2310.6,27,0.0,0,0.0,0,0.0,0,0.0,0
2012-11-02T09:20:27.500,2310.4,10008,2310.4,23,0.0,0,0.0,0,0.0,0,0.0,0,2310.6,23,0.0,0,0.0,0,0.0,0,0.0,0
2012-11-02T09:20:28.000,2310.6,10018,2310.4,24,0.0,0,0.0,0,0.0,0,0.0,0,2310.6,13,0.0,0,0.0,0,0.0,0,0.0,0
2012-11-02T09:20:28.500,2310.6,10031,2310.6,5,0.0,0,0.0,0,0.0,0,0.0,0,2310.8,39,0.0,0,0.0,0,0.0,0,0.0,0
2012-11-02T09:20:29.250,2310.6,10036,2310.6,4,0.0,0,0.0,0,0.0,0,0.0,0,2310.8,40,0.0,0,0.0,0,0.0,0,0.0,0
2012-11-02T09:20:30.250,2310.6,10038,2310.6,4,0.0,0,0.0,0,0.0,0,0.0,0,2310.8,41,0.0,0,0.0,0,0.0,0,0.0,0
2012-11-02T09:20:31.000,2310.8,10041,2310.6,3,0.0,0,0.0,0,0.0,0,0.0,0,2310.8,41,0.0,0,0.0,0,0.0,0,0.0,0
2012-11-02T09:20:31.500,2310.6,10046,2310.4,28,0.0,0,0.0,0,0.0,0,0.0,0,2310.6,5,0.0,0,0.0,0,0.0,0,0.0,0
2012-11-02T09:20:32.000,2310.6,10051,2310.4,29,0.0,0,0.0,0,0.0,0,0.0,0,2310.6,1,0.0,0,0.0,0,0.0,0,0.0,0
2012-11-02T09:20:32.500,2310.8,10058,2310.4,29,0.0,0,0.0,0,0.0,0,0.0,0,2310.8,34,0.0,0,0.0,0,0.0,0,0.0,0
2012-11-02T09:20:33.000,2310.8,10061,2310.4,27,0.0,0,0.0,0,0.0,0,0.0,0,2310.6,1,0.0,0,0.0,0,0.0,0,0.0,0
2012-11-02T09:20:33.500,2310.8,10064,2310.4,27,0.0,0,0.0,0,0.0,0,0.0,0,2310.8,30,0.0,0,0.0,0,0.0,0,0.0,0
2012-11-02T09:20:34.000,2310.8,10077,2310.4,19,0.0,0,0.0,0,0.0,0,0.0,0,2310.8,27,0.0,0,0.0,0,0.0,0,0.0,0
2012-11-02T09:20:34.500,2310.8,10080,2310.6,1,0.0,0,0.0,0,0.0,0,0.0,0,2310.8,24,0.0,0,0.0,0,0.0,0,0.0,0
2012-11-02T09:20:35.000,2310.8,10085,2310.6,2,0.0,0,0.0,0,0.0,0,0.0,0,2310.8,21,0.0,0,0.0,0,0.0,0,0.0,0
2012-11-02T09:20:35.500,2310.8,10106,2310.8,33,0.0,0,0.0,0,0.0,0,0.0,0,2311,85,0.0,0,0.0,0,0.0,0,0.0,0
2012-11-02T09:20:36.000,2311,10123,2310.8,26,0.0,0,0.0,0,0.0,0,0.0,0,2311,73,0.0,0,0.0,0,0.0,0,0.0,0
2012-11-02T09:20:36.500,2311,10130,2310.8,25,0.0,0,0.0,0,0.0,0,0.0,0,2311,67,0.0,0,0.0,0,0.0,0,0.0,0
2012-11-02T09:20:37.000,2311,10142,2310.8,25,0.0,0,0.0,0,0.0,0,0.0,0,2311,56,0.0,0,0.0,0,0.0,0,0.0,0
2012-11-02T09:20:37.500,2311,10162,2310.8,25,0.0,0,0.0,0,0.0,0,0.0,0,2311,37,0.0,0,0.0,0,0.0,0,0.0,0
2012-11-02T09:20:38.000,2311,10169,2310.8,24,0.0,0,0.0,0,0.0,0,0.0,0,2311,31,0.0,0,0.0,0,0.0,0,0.0,0
2012-11-02T09:20:38.500,2311,10174,2310.8,24,0.0,0,0.0,0,0.0,0,0.0,0,2311,26,0.0,0,0.0,0,0.0,0,0.0,0
2012-11-02T09:20:39.000,2311,10188,2310.8,24,0.0,0,0.0,0,0.0,0,0.0,0,2311,12,0.0,0,0.0,0,0.0,0,0.0,0
2012-11-02T09:20:39.500,2311,10191,2310.8,27,0.0,0,0.0,0,0.0,0,0.0,0,2311,10,0.0,0,0.0,0,0.0,0,0.0,0
2012-11-02T09:20:40.000,2310.8,10195,2310.8,26,0.0,0,0.0,0,0.0,0,0.0,0,2311,8,0.0,0,0.0,0,0.0,0,0.0,0
2012-11-02T09:20:40.500,2311,10202,2310.8,25,0.0,0,0.0,0,0.0,0,0.0,0,2311,2,0.0,0,0.0,0,0.0,0,0.0,0
2012-11-02T09:20:41.000,2311,10214,2310.8,23,0.0,0,0.0,0,0.0,0,0.0,0,2311,45,0.0,0,0.0,0,0.0,0,0.0,0
2012-11-02T09:20:41.500,2310.8,10239,2310.6,13,0.0,0,0.0,0,0.0,0,0.0,0,2310.8,32,0.0,0,0.0,0,0.0,0,0.0,0
2012-11-02T09:20:42.000,2310.8,10247,2310.6,14,0.0,0,0.0,0,0.0,0,0.0,0,2310.8,24,0.0,0,0.0,0,0.0,0,0.0,0
2012-11-02T09:20:42.500,2310.8,10257,2310.6,14,0.0,0,0.0,0,0.0,0,0.0,0,2310.8,26,0.0,0,0.0,0,0.0,0,0.0,0
2012-11-02T09:20:43.000,2310.8,10264,2310.6,14,0.0,0,0.0,0,0.0,0,0.0,0,2310.8,19,0.0,0,0.0,0,0.0,0,0.0,0
2012-11-02T09:20:43.500,2310.8,10266,2310.6,14,0.0,0,0.0,0,0.0,0,0.0,0,2310.8,17,0.0,0,0.0,0,0.0,0,0.0,0
2012-11-02T09:20:44.000,2310.8,10268,2310.6,13,0.0,0,0.0,0,0.0,0,0.0,0,2310.8,23,0.0,0,0.0,0,0.0,0,0.0,0
2012-11-02T09:20:44.500,2310.8,10277,2310.6,14,0.0,0,0.0,0,0.0,0,0.0,0,2310.8,17,0.0,0,0.0,0,0.0,0,0.0,0
2012-11-02T09:20:45.000,2310.8,10285,2310.6,13,0.0,0,0.0,0,0.0,0,0.0,0,2310.8,9,0.0,0,0.0,0,0.0,0,0.0,0
2012-11-02T09:20:45.500,2310.8,10293,2310.6,12,0.0,0,0.0,0,0.0,0,0.0,0,2310.8,2,0.0,0,0.0,0,0.0,0,0.0,0
2012-11-02T09:20:46.000,2310.8,10298,2310.6,12,0.0,0,0.0,0,0.0,0,0.0,0,2310.8,1,0.0,0,0.0,0,0.0,0,0.0,0
2012-11-02T09:20:46.500,2310.6,10306,2310.6,5,0.0,0,0.0,0,0.0,0,0.0,0,2310.8,3,0.0,0,0.0,0,0.0,0,0.0,0
2012-11-02T09:20:47.250,2310.8,10310,2310.6,4,0.0,0,0.0,0,0.0,0,0.0,0,2310.8,2,0.0,0,0.0,0,0.0,0,0.0,0
2012-11-02T09:20:48.000,2310.8,10313,2310.6,5,0.0,0,0.0,0,0.0,0,0.0,0,2310.8,2,0.0,0,0.0,0,0.0,0,0.0,0
2012-11-02T09:20:48.500,2310.6,10314,2310.6,4,0.0,0,0.0,0,0.0,0,0.0,0,2310.8,8,0.0,0,0.0,0,0.0,0,0.0,0
2012-11-02T09:20:49.000,2310.8,10315,2310.6,4,0.0,0,0.0,0,0.0,0,0.0,0,2310.8,7,0.0,0,0.0,0,0.0,0,0.0,0
2012-11-02T09:20:49.500,2310.8,10317,2310.6,4,0.0,0,0.0,0,0.0,0,0.0,0,2310.8,6,0.0,0,0.0,0,0.0,0,0.0,0
2012-11-02T09:20:50.000,2310.8,10318,2310.6,4,0.0,0,0.0,0,0.0,0,0.0,0,2310.8,11,0.0,0,0.0,0,0.0,0,0.0,0
2012-11-02T09:20:50.500,2310.8,10319,2310.6,5,0.0,0,0.0,0,0.0,0,0.0,0,2310.8,10,0.0,0,0.0,0,0.0,0,0.0,0
2012-11-02T09:20:51.000,2310.8,10322,2310.6,5,0.0,0,0.0,0,0.0,0,0.0,0,2310.8,9,0.0,0,0.0,0,0.0,0,0.0,0
2012-11-02T09:20:51.500,2310.8,10326,2310.6,6,0.0,0,0.0,0,0.0,0,0.0,0,2310.8,10,0.0,0,0.0,0,0.0,0,0.0,0
2012-11-02T09:20:52.000,2310.8,10331,2310.6,5,0.0,0,0.0,0,0.0,0,0.0,0,2310.8,7,0.0,0,0.0,0,0.0,0,0.0,0
2012-11-02T09:20:52.500,2310.6,10336,2310.6,1,0.0,0,0.0,0,0.0,0,0.0,0,2310.8,6,0.0,0,0.0,0,0.0,0,0.0,0
2012-11-02T09:20:53.000,2310.8,10354,2310.6,1,0.0,0,0.0,0,0.0,0,0.0,0,2310.8,1,0.0,0,0.0,0,0.0,0,0.0,0
2012-11-02T09:20:53.500,2310.6,10356,2310.6,5,0.0,0,0.0,0,0.0,0,0.0,0,2310.8,10,0.0,0,0.0,0,0.0,0,0.0,0
2012-11-02T09:20:54.000,2310.6,10358,2310.6,6,0.0,0,0.0,0,0.0,0,0.0,0,2310.8,14,0.0,0,0.0,0,0.0,0,0.0,0
2012-11-02T09:20:54.500,2310.4,10370,2310.2,56,0.0,0,0.0,0,0.0,0,0.0,0,2310.4,6,0.0,0,0.0,0,0.0,0,0.0,0
2012-11-02T09:20:55.250,2310.4,10375,2310.2,56,0.0,0,0.0,0,0.0,0,0.0,0,2310.4,11,0.0,0,0.0,0,0.0,0,0.0,0
2012-11-02T09:20:56.000,2310.2,10390,2310.2,44,0.0,0,0.0,0,0.0,0,0.0,0,2310.4,8,0.0,0,0.0,0,0.0,0,0.0,0
2012-11-02T09:20:56.500,2310.2,10393,2310.2,43,0.0,0,0.0,0,0.0,0,0.0,0,2310.4,8,0.0,0,0.0,0,0.0,0,0.0,0
2012-11-02T09:20:57.000,2310.4,10395,2310.2,42,0.0,0,0.0,0,0.0,0,0.0,0,2310.4,14,0.0,0,0.0,0,0.0,0,0.0,0
2012-11-02T09:20:57.500,2310.2,10400,2310.2,37,0.0,0,0.0,0,0.0,0,0.0,0,2310.4,18,0.0,0,0.0,0,0.0,0,0.0,0
2012-11-02T09:20:58.000,2310.4,10401,2310.2,37,0.0,0,0.0,0,0.0,0,0.0,0,2310.4,17,0.0,0,0.0,0,0.0,0,0.0,0
2012-11-02T09:20:58.500,2310.2,10402,2310.2,36,0.0,0,0.0,0,0.0,0,0.0,0,2310.4,13,0.0,0,0.0,0,0.0,0,0.0,0
2012-11-02T09:20:59.000,2310.2,10403,2310.2,35,0.0,0,0.0,0,0.0,0,0.0,0,2310.4,13,0.0,0,0.0,0,0.0,0,0.0,0
2012-11-02T09:20:59.500,2310.4,10413,2310.2,40,0.0,0,0.0,0,0.0,0,0.0,0,2310.4,4,0.0,0,0.0,0,0.0,0,0.0,0
2012-11-02T09:21:00.000,2310.2,10418,2310.2,35,0.0,0,0.0,0,0.0,0,0.0,0,2310.4,4,0.0,0,0.0,0,0.0,0,0.0,0
2012-11-02T09:21:00.500,2310.2,10443,2310.6,1,0.0,0,0.0,0,0.0,0,0.0,0,2310.8,44,0.0,0,0.0,0,0.0,0,0.0,0
2012-11-02T09:21:01.000,2310.8,10448,2310.2,38,0.0,0,0.0,0,0.0,0,0.0,0,2310.6,1,0.0,0,0.0,0,0.0,0,0.0,0
2012-11-02T09:21:01.500,2310.2,10453,2310.2,35,0.0,0,0.0,0,0.0,0,0.0,0,2310.6,3,0.0,0,0.0,0,0.0,0,0.0,0
2012-11-02T09:21:02.000,2310.6,10454,2310.4,2,0.0,0,0.0,0,0.0,0,0.0,0,2310.6,16,0.0,0,0.0,0,0.0,0,0.0,0
2012-11-02T09:21:02.500,2310.4,10456,2310.4,1,0.0,0,0.0,0,0.0,0,0.0,0,2310.6,16,0.0,0,0.0,0,0.0,0,0.0,0
2012-11-02T09:21:03.000,2310.4,10459,2310.2,36,0.0,0,0.0,0,0.0,0,0.0,0,2310.4,1,0.0,0,0.0,0,0.0,0,0.0,0
2012-11-02T09:21:03.500,2310.2,10462,2310.2,34,0.0,0,0.0,0,0.0,0,0.0,0,2310.4,1,0.0,0,0.0,0,0.0,0,0.0,0
2012-11-02T09:21:04.000,2310.4,10467,2310.2,35,0.0,0,0.0,0,0.0,0,0.0,0,2310.6,16,0.0,0,0.0,0,0.0,0,0.0,0
2012-11-02T09:21:04.500,2310.2,10490,2310.2,17,0.0,0,0.0,0,0.0,0,0.0,0,2310.4,4,0.0,0,0.0,0,0.0,0,0.0,0
2012-11-02T09:21:05.000,2310.2,10496,2310.2,15,0.0,0,0.0,0,0.0,0,0.0,0,2310.6,13,0.0,0,0.0,0,0.0,0,0.0,0
2012-11-02T09:21:05.500,2310.2,10500,2310.2,13,0.0,0,0.0,0,0.0,0,0.0,0,2310.6,14,0.0,0,0.0,0,0.0,0,0.0,0
2012-11-02T09:21:06.000,2310.6,10502,2310.2,12,0.0,0,0.0,0,0.0,0,0.0,0,2310.6,13,0.0,0,0.0,0,0.0,0,0.0,0
2012-11-02T09:21:06.500,2310.4,10504,2310.2,12,0.0,0,0.0,0,0.0,0,0.0,0,2310.4,9,0.0,0,0.0,0,0.0,0,0.0,0
2012-11-02T09:21:07.000,2310.4,10506,2310.2,23,0.0,0,0.0,0,0.0,0,0.0,0,2310.4,10,0.0,0,0.0,0,0.0,0,0.0,0
2012-11-02T09:21:07.500,2310.2,10516,2310.2,20,0.0,0,0.0,0,0.0,0,0.0,0,2310.4,5,0.0,0,0.0,0,0.0,0,0.0,0
2012-11-02T09:21:08.000,2310.4,10517,2310.2,21,0.0,0,0.0,0,0.0,0,0.0,0,2310.4,4,0.0,0,0.0,0,0.0,0,0.0,0
2012-11-02T09:21:08.500,2310.4,10522,2310.4,13,0.0,0,0.0,0,0.0,0,0.0,0,2310.6,29,0.0,0,0.0,0,0.0,0,0.0,0
2012-11-02T09:21:09.000,2310.4,10528,2310.4,13,0.0,0,0.0,0,0.0,0,0.0,0,2310.6,27,0.0,0,0.0,0,0.0,0,0.0,0
2012-11-02T09:21:09.500,2310.6,10533,2310.4,12,0.0,0,0.0,0,0.0,0,0.0,0,2310.6,22,0.0,0,0.0,0,0.0,0,0.0,0
2012-11-02T09:21:10.000,2310.6,10547,2310.4,7,0.0,0,0.0,0,0.0,0,0.0,0,2310.6,16,0.0,0,0.0,0,0.0,0,0.0,0
2012-11-02T09:21:10.500,2310.4,10561,2310.2,47,0.0,0,0.0,0,0.0,0,0.0,0,2310.4,2,0.0,0,0.0,0,0.0,0,0.0,0
2012-11-02T09:21:11.000,2310.4,10565,2310.2,49,0.0,0,0.0,0,0.0,0,0.0,0,2310.4,3,0.0,0,0.0,0,0.0,0,0.0,0
2012-11-02T09:21:11.500,2310.4,10568,2310.2,46,0.0,0,0.0,0,0.0,0,0.0,0,2310.6,12,0.0,0,0.0,0,0.0,0,0.0,0
2012-11-02T09:21:12.000,2310.6,10575,2310.2,51,0.0,0,0.0,0,0.0,0,0.0,0,2310.6,9,0.0,0,0.0,0,0.0,0,0.0,0
2012-11-02T09:21:12.500,2310.2,10578,2310.2,49,0.0,0,0.0,0,0.0,0,0.0,0,2310.4,19,0.0,0,0.0,0,0.0,0,0.0,0
2012-11-02T09:21:13.000,2310.4,10582,2310.2,47,0.0,0,0.0,0,0.0,0,0.0,0,2310.4,18,0.0,0,0.0,0,0.0,0,0.0,0
2012-11-02T09:21:13.500,2310.4,10584,2310.2,47,0.0,0,0.0,0,0.0,0,0.0,0,2310.4,17,0.0,0,0.0,0,0.0,0,0.0,0
2012-11-02T09:21:14.250,2310.4,10586,2310.2,47,0.0,0,0.0,0,0.0,0,0.0,0,2310.4,16,0.0,0,0.0,0,0.0,0,0.0,0
2012-11-02T09:21:15.000,2310.4,10587,2310.2,49,0.0,0,0.0,0,0.0,0,0.0,0,2310.4,15,0.0,0,0.0,0,0.0,0,0.0,0
2012-11-02T09:21:15.500,2310.4,10590,2310.2,48,0.0,0,0.0,0,0.0,0,0.0,0,2310.4,14,0.0,0,0.0,0,0.0,0,0.0,0
2012-11-02T09:21:16.000,2310.2,10595,2310.2,43,0.0,0,0.0,0,0.0,0,0.0,0,2310.4,15,0.0,0,0.0,0,0.0,0,0.0,0
2012-11-02T09:21:16.500,2310.2,10596,2310.2,52,0.0,0,0.0,0,0.0,0,0.0,0,2310.4,15,0.0,0,0.0,0,0.0,0,0.0,0
2012-11-02T09:21:17.000,2310.4,10602,2310.2,51,0.0,0,0.0,0,0.0,0,0.0,0,2310.4,10,0.0,0,0.0,0,0.0,0,0.0,0
2012-11-02T09:21:17.500,2310.2,10612,2310.2,42,0.0,0,0.0,0,0.0,0,0.0,0,2310.4,10,0.0,0,0.0,0,0.0,0,0.0,0
2012-11-02T09:21:18.000,2310.4,10614,2310.2,42,0.0,0,0.0,0,0.0,0,0.0,0,2310.4,9,0.0,0,0.0,0,0.0,0,0.0,0
2012-11-02T09:21:18.500,2310.2,10623,2310.2,41,0.0,0,0.0,0,0.0,0,0.0,0,2310.4,3,0.0,0,0.0,0,0.0,0,0.0,0
2012-11-02T09:21:19.000,2310.2,10624,2310.2,40,0.0,0,0.0,0,0.0,0,0.0,0,2310.4,3,0.0,0,0.0,0,0.0,0,0.0,0
2012-11-02T09:21:19.500,2310.4,10627,2310.2,40,0.0,0,0.0,0,0.0,0,0.0,0,2310.4,1,0.0,0,0.0,0,0.0,0,0.0,0
2012-11-02T09:21:20.250,2310.4,10628,2310.2,40,0.0,0,0.0,0,0.0,0,0.0,0,2310.6,12,0.0,0,0.0,0,0.0,0,0.0,0
2012-11-02T09:21:21.250,2310.4,10632,2310.2,42,0.0,0,0.0,0,0.0,0,0.0,0,2310.4,1,0.0,0,0.0,0,0.0,0,0.0,0
2012-11-02T09:21:22.250,2310.4,10638,2310.2,48,0.0,0,0.0,0,0.0,0,0.0,0,2310.6,21,0.0,0,0.0,0,0.0,0,0.0,0
2012-11-02T09:21:23.250,2310.2,10639,2310.2,48,0.0,0,0.0,0,0.0,0,0.0,0,2310.4,3,0.0,0,0.0,0,0.0,0,0.0,0
2012-11-02T09:21:24.000,2310.4,10644,2310.4,1,0.0,0,0.0,0,0.0,0,0.0,0,2310.6,22,0.0,0,0.0,0,0.0,0,0.0,0
2012-11-02T09:21:24.500,2310.2,10647,2310.4,1,0.0,0,0.0,0,0.0,0,0.0,0,2310.6,22,0.0,0,0.0,0,0.0,0,0.0,0
2012-11-02T09:21:25.250,2310.2,10649,2310.2,49,0.0,0,0.0,0,0.0,0,0.0,0,2310.6,27,0.0,0,0.0,0,0.0,0,0.0,0
2012-11-02T09:21:26.000,2310.4,10650,2310.2,55,0.0,0,0.0,0,0.0,0,0.0,0,2310.4,3,0.0,0,0.0,0,0.0,0,0.0,0
2012-11-02T09:21:26.500,2310.2,10657,2310.2,49,0.0,0,0.0,0,0.0,0,0.0,0,2310.4,13,0.0,0,0.0,0,0.0,0,0.0,0
2012-11-02T09:21:27.250,2310.2,10665,2310.2,42,0.0,0,0.0,0,0.0,0,0.0,0,2310.4,13,0.0,0,0.0,0,0.0,0,0.0,0
2012-11-02T09:21:28.000,2310.4,10666,2310.2,42,0.0,0,0.0,0,0.0,0,0.0,0,2310.4,12,0.0,0,0.0,0,0.0,0,0.0,0
2012-11-02T09:21:28.500,2310.2,10673,2310.2,36,0.0,0,0.0,0,0.0,0,0.0,0,2310.4,11,0.0,0,0.0,0,0.0,0,0.0,0
2012-11-02T09:21:29.000,2310.2,10710,2310,269,0.0,0,0.0,0,0.0,0,0.0,0,2310.2,64,0.0,0,0.0,0,0.0,0,0.0,0
2012-11-02T09:21:29.500,2310.2,10721,2310,268,0.0,0,0.0,0,0.0,0,0.0,0,2310.2,55,0.0,0,0.0,0,0.0,0,0.0,0
2012-11-02T09:21:30.000,2310.2,10726,2310,267,0.0,0,0.0,0,0.0,0,0.0,0,2310.2,51,0.0,0,0.0,0,0.0,0,0.0,0
2012-11-02T09:21:30.500,2310,10773,2310,223,0.0,0,0.0,0,0.0,0,0.0,0,2310.2,62,0.0,0,0.0,0,0.0,0,0.0,0
2012-11-02T09:21:31.000,2310,10790,2310,206,0.0,0,0.0,0,0.0,0,0.0,0,2310.2,62,0.0,0,0.0,0,0.0,0,0.0,0
2012-11-02T09:21:31.500,2310,10797,2310,201,0.0,0,0.0,0,0.0,0,0.0,0,2310.2,60,0.0,0,0.0,0,0.0,0,0.0,0
2012-11-02T09:21:32.000,2310,10875,2310,128,0.0,0,0.0,0,0.0,0,0.0,0,2310.2,62,0.0,0,0.0,0,0.0,0,0.0,0
2012-11-02T09:21:32.500,2310.2,10878,2310,127,0.0,0,0.0,0,0.0,0,0.0,0,2310.2,61,0.0,0,0.0,0,0.0,0,0.0,0
2012-11-02T09:21:33.000,2310,10942,2310,66,0.0,0,0.0,0,0.0,0,0.0,0,2310.2,59,0.0,0,0.0,0,0.0,0,0.0,0
2012-11-02T09:21:33.500,2310.2,11003,2310,6,0.0,0,0.0,0,0.0,0,0.0,0,2310.2,58,0.0,0,0.0,0,0.0,0,0.0,0
2012-11-02T09:21:34.000,2310,11011,2309.8,59,0.0,0,0.0,0,0.0,0,0.0,0,2310,2,0.0,0,0.0,0,0.0,0,0.0,0
2012-11-02T09:21:34.500,2310,11012,2309.8,68,0.0,0,0.0,0,0.0,0,0.0,0,2310,7,0.0,0,0.0,0,0.0,0,0.0,0
2012-11-02T09:21:35.000,2309.8,11032,2309.8,65,0.0,0,0.0,0,0.0,0,0.0,0,2310.2,47,0.0,0,0.0,0,0.0,0,0.0,0
2012-11-02T09:21:35.500,2309.8,11048,2309.8,55,0.0,0,0.0,0,0.0,0,0.0,0,2310,1,0.0,0,0.0,0,0.0,0,0.0,0
2012-11-02T09:21:36.000,2309.8,11049,2309.8,54,0.0,0,0.0,0,0.0,0,0.0,0,2310,21,0.0,0,0.0,0,0.0,0,0.0,0
2012-11-02T09:21:36.500,2310,11118,2310,1,0.0,0,0.0,0,0.0,0,0.0,0,2310.2,45,0.0,0,0.0,0,0.0,0,0.0,0
2012-11-02T09:21:37.000,2309.6,11128,2309.6,42,0.0,0,0.0,0,0.0,0,0.0,0,2309.8,1,0.0,0,0.0,0,0.0,0,0.0,0
2012-11-02T09:21:37.500,2309.6,11138,2309.6,34,0.0,0,0.0,0,0.0,0,0.0,0,2309.8,1,0.0,0,0.0,0,0.0,0,0.0,0
2012-11-02T09:21:38.000,2309.8,11140,2309.6,34,0.0,0,0.0,0,0.0,0,0.0,0,2309.8,1,0.0,0,0.0,0,0.0,0,0.0,0
2012-11-02T09:21:38.500,2309.6,11145,2309.6,29,0.0,0,0.0,0,0.0,0,0.0,0,2310,10,0.0,0,0.0,0,0.0,0,0.0,0
2012-11-02T09:21:39.000,2309.6,11166,2309.8,2,0.0,0,0.0,0,0.0,0,0.0,0,2310,13,0.0,0,0.0,0,0.0,0,0.0,0
2012-11-02T09:21:39.500,2309.6,11170,2309.6,8,0.0,0,0.0,0,0.0,0,0.0,0,2309.8,5,0.0,0,0.0,0,0.0,0,0.0,0
2012-11-02T09:21:40.000,2309.6,11181,2309.6,1,0.0,0,0.0,0,0.0,0,0.0,0,2309.8,3,0.0,0,0.0,0,0.0,0,0.0,0
2012-11-02T09:21:40.500,2309.6,11187,2309.6,95,0.0,0,0.0,0,0.0,0,0.0,0,2309.8,10,0.0,0,0.0,0,0.0,0,0.0,0
2012-11-02T09:21:41.000,2309.6,11193,2309.6,91,0.0,0,0.0,0,0.0,0,0.0,0,2309.8,6,0.0,0,0.0,0,0.0,0,0.0,0
2012-11-02T09:21:41.500,2309.8,11200,2309.8,23,0.0,0,0.0,0,0.0,0,0.0,0,2310,25,0.0,0,0.0,0,0.0,0,0.0,0
2012-11-02T09:21:42.000,2309.8,11201,2309.8,27,0.0,0,0.0,0,0.0,0,0.0,0,2310,26,0.0,0,0.0,0,0.0,0,0.0,0
2012-11-02T09:21:42.500,2309.6,11243,2309.6,102,0.0,0,0.0,0,0.0,0,0.0,0,2309.8,13,0.0,0,0.0,0,0.0,0,0.0,0
2012-11-02T09:21:43.000,2309.6,11252,2309.6,101,0.0,0,0.0,0,0.0,0,0.0,0,2309.8,8,0.0,0,0.0,0,0.0,0,0.0,0
2012-11-02T09:21:43.500,2309.8,11254,2309.6,102,0.0,0,0.0,0,0.0,0,0.0,0,2309.8,8,0.0,0,0.0,0,0.0,0,0.0,0
2012-11-02T09:21:44.000,2309.6,11271,2309.6,89,0.0,0,0.0,0,0.0,0,0.0,0,2309.8,5,0.0,0,0.0,0,0.0,0,0.0,0
2012-11-02T09:21:44.500,2309.6,11274,2309.6,94,0.0,0,0.0,0,0.0,0,0.0,0,2309.8,6,0.0,0,0.0,0,0.0,0,0.0,0
2012-11-02T09:21:45.000,2309.6,11281,2309.6,88,0.0,0,0.0,0,0.0,0,0.0,0,2309.8,8,0.0,0,0.0,0,0.0,0,0.0,0
2012-11-02T09:21:45.500,2309.8,11293,2309.8,2,0.0,0,0.0,0,0.0,0,0.0,0,2310,28,0.0,0,0.0,0,0.0,0,0.0,0
2012-11-02T09:21:46.000,2309.8,11298,2309.8,1,0.0,0,0.0,0,0.0,0,0.0,0,2310,29,0.0,0,0.0,0,0.0,0,0.0,0
2012-11-02T09:21:46.500,2309.8,11306,2309.6,84,0.0,0,0.0,0,0.0,0,0.0,0,2310,33,0.0,0,0.0,0,0.0,0,0.0,0
2012-11-02T09:21:47.000,2309.6,11311,2309.6,81,0.0,0,0.0,0,0.0,0,0.0,0,2309.8,3,0.0,0,0.0,0,0.0,0,0.0,0
2012-11-02T09:21:47.500,2309.8,11317,2309.6,76,0.0,0,0.0,0,0.0,0,0.0,0,2309.8,2,0.0,0,0.0,0,0.0,0,0.0,0
2012-11-02T09:21:48.250,2309.6,11320,2309.6,76,0.0,0,0.0,0,0.0,0,0.0,0,2309.8,6,0.0,0,0.0,0,0.0,0,0.0,0
2012-11-02T09:21:49.000,2309.6,11322,2309.6,76,0.0,0,0.0,0,0.0,0,0.0,0,2309.8,5,0.0,0,0.0,0,0.0,0,0.0,0
2012-11-02T09:21:49.500,2309.8,11349,2309.6,53,0.0,0,0.0,0,0.0,0,0.0,0,2309.8,3,0.0,0,0.0,0,0.0,0,0.0,0
2012-11-02T09:21:50.000,2309.6,11356,2309.6,49,0.0,0,0.0,0,0.0,0,0.0,0,2309.8,2,0.0,0,0.0,0,0.0,0,0.0,0
2012-11-02T09:21:50.500,2309.8,11362,2309.6,51,0.0,0,0.0,0,0.0,0,0.0,0,2309.8,1,0.0,0,0.0,0,0.0,0,0.0,0
2012-11-02T09:21:51.000,2309.8,11370,2309.6,44,0.0,0,0.0,0,0.0,0,0.0,0,2309.8,2,0.0,0,0.0,0,0.0,0,0.0,0
2012-11-02T09:21:51.500,2309.8,11372,2309.6,43,0.0,0,0.0,0,0.0,0,0.0,0,2309.8,3,0.0,0,0.0,0,0.0,0,0.0,0
2012-11-02T09:21:52.250,2309.6,11379,2309.6,40,0.0,0,0.0,0,0.0,0,0.0,0,2309.8,4,0.0,0,0.0,0,0.0,0,0.0,0
2012-11-02T09:21:53.000,2309.8,11393,2309.8,1,0.0,0,0.0,0,0.0,0,0.0,0,2310,44,0.0,0,0.0,0,0.0,0,0.0,0
2012-11-02T09:21:53.500,2309.6,11398,2309.6,39,0.0,0,0.0,0,0.0,0,0.0,0,2310,42,0.0,0,0.0,0,0.0,0,0.0,0
2012-11-02T09:21:54.000,2309.6,11402,2309.6,39,0.0,0,0.0,0,0.0,0,0.0,0,2309.8,1,0.0,0,0.0,0,0.0,0,0.0,0
2012-11-02T09:21:54.500,2309.6,11405,2309.6,36,0.0,0,0.0,0,0.0,0,0.0,0,2309.8,1,0.0,0,0.0,0,0.0,0,0.0,0
2012-11-02T09:21:55.000,2309.6,11406,2309.6,36,0.0,0,0.0,0,0.0,0,0.0,0,2309.8,11,0.0,0,0.0,0,0.0,0,0.0,0
2012-11-02T09:21:55.500,2309.6,11408,2309.6,35,0.0,0,0.0,0,0.0,0,0.0,0,2309.8,14,0.0,0,0.0,0,0.0,0,0.0,0
2012-11-02T09:21:56.000,2309.6,11413,2309.6,31,0.0,0,0.0,0,0.0,0,0.0,0,2309.8,14,0.0,0,0.0,0,0.0,0,0.0,0
2012-11-02T09:21:56.500,2309.8,11415,2309.6,31,0.0,0,0.0,0,0.0,0,0.0,0,2309.8,16,0.0,0,0.0,0,0.0,0,0.0,0
2012-11-02T09:21:57.000,2309.6,11420,2309.6,27,0.0,0,0.0,0,0.0,0,0.0,0,2309.8,16,0.0,0,0.0,0,0.0,0,0.0,0
2012-11-02T09:21:57.500,2309.6,11423,2309.6,25,0.0,0,0.0,0,0.0,0,0.0,0,2309.8,16,0.0,0,0.0,0,0.0,0,0.0,0
2012-11-02T09:21:58.000,2309.6,11429,2309.6,20,0.0,0,0.0,0,0.0,0,0.0,0,2309.8,15,0.0,0,0.0,0,0.0,0,0.0,0
2012-11-02T09:21:58.500,2309.4,11450,2309.4,59,0.0,0,0.0,0,0.0,0,0.0,0,2309.6,3,0.0,0,0.0,0,0.0,0,0.0,0
2012-11-02T09:21:59.000,2309.6,11454,2309.4,59,0.0,0,0.0,0,0.0,0,0.0,0,2309.6,44,0.0,0,0.0,0,0.0,0,0.0,0
2012-11-02T09:21:59.500,2309.4,11458,2309.4,56,0.0,0,0.0,0,0.0,0,0.0,0,2309.6,45,0.0,0,0.0,0,0.0,0,0.0,0
2012-11-02T09:22:00.000,2309.6,11465,2309.4,52,0.0,0,0.0,0,0.0,0,0.0,0,2309.6,47,0.0,0,0.0,0,0.0,0,0.0,0
2012-11-02T09:22:00.500,2309.4,11478,2309.4,42,0.0,0,0.0,0,0.0,0,0.0,0,2309.6,56,0.0,0,0.0,0,0.0,0,0.0,0
2012-11-02T09:22:01.000,2309.4,11491,2309.4,31,0.0,0,0.0,0,0.0,0,0.0,0,2309.6,47,0.0,0,0.0,0,0.0,0,0.0,0
2012-11-02T09:22:01.500,2309.2,11528,2309.2,94,0.0,0,0.0,0,0.0,0,0.0,0,2309.4,2,0.0,0,0.0,0,0.0,0,0.0,0
2012-11-02T09:22:02.000,2309.2,11577,2309.2,82,0.0,0,0.0,0,0.0,0,0.0,0,2309.4,4,0.0,0,0.0,0,0.0,0,0.0,0
2012-11-02T09:22:02.500,2309.4,11582,2309.4,7,0.0,0,0.0,0,0.0,0,0.0,0,2309.6,18,0.0,0,0.0,0,0.0,0,0.0,0
2012-11-02T09:22:03.000,2309.2,11629,2309.2,55,0.0,0,0.0,0,0.0,0,0.0,0,2309.6,18,0.0,0,0.0,0,0.0,0,0.0,0
2012-11-02T09:22:03.500,2309.2,11632,2309.2,44,0.0,0,0.0,0,0.0,0,0.0,0,2309.4,8,0.0,0,0.0,0,0.0,0,0.0,0
2012-11-02T09:22:04.000,2309.4,11638,2309.2,42,0.0,0,0.0,0,0.0,0,0.0,0,2309.4,4,0.0,0,0.0,0,0.0,0,0.0,0
2012-11-02T09:22:04.500,2309.4,11648,2309.4,10,0.0,0,0.0,0,0.0,0,0.0,0,2309.6,18,0.0,0,0.0,0,0.0,0,0.0,0
2012-11-02T09:22:05.000,2309.4,11652,2309.4,9,0.0,0,0.0,0,0.0,0,0.0,0,2309.6,19,0.0,0,0.0,0,0.0,0,0.0,0
2012-11-02T09:22:05.500,2309.4,11657,2309.4,6,0.0,0,0.0,0,0.0,0,0.0,0,2309.6,19,0.0,0,0.0,0,0.0,0,0.0,0
2012-11-02T09:22:06.000,2309.4,11668,2309.4,11,0.0,0,0.0,0,0.0,0,0.0,0,2309.6,19,0.0,0,0.0,0,0.0,0,0.0,0
2012-11-02T09:22:06.500,2309.6,11703,2309.4,1,0.0,0,0.0,0,0.0,0,0.0,0,2309.6,14,0.0,0,0.0,0,0.0,0,0.0,0
2012-11-02T09:22:07.000,2309.6,11706,2309.4,4,0.0,0,0.0,0,0.0,0,0.0,0,2309.6,19,0.0,0,0.0,0,0.0,0,0.0,0
2012-11-02T09:22:07.500,2309.4,11710,2309.2,48,0.0,0,0.0,0,0.0,0,0.0,0,2309.4,34,0.0,0,0.0,0,0.0,0,0.0,0
2012-11-02T09:22:08.000,2309.4,11733,2309.2,44,0.0,0,0.0,0,0.0,0,0.0,0,2309.4,19,0.0,0,0.0,0,0.0,0,0.0,0
2012-11-02T09:22:08.500,2309.2,11741,2309.2,79,0.0,0,0.0,0,0.0,0,0.0,0,2309.4,13,0.0,0,0.0,0,0.0,0,0.0,0
2012-11-02T09:22:09.000,2309.2,11747,2309.2,76,0.0,0,0.0,0,0.0,0,0.0,0,2309.4,12,0.0,0,0.0,0,0.0,0,0.0,0
2012-11-02T09:22:09.500,2309.4,11787,2309.2,38,0.0,0,0.0,0,0.0,0,0.0,0,2309.4,15,0.0,0,0.0,0,0.0,0,0.0,0
2012-11-02T09:22:10.000,2309.4,11791,2309.2,38,0.0,0,0.0,0,0.0,0,0.0,0,2309.4,11,0.0,0,0.0,0,0.0,0,0.0,0
2012-11-02T09:22:10.500,2309.4,11798,2309.2,33,0.0,0,0.0,0,0.0,0,0.0,0,2309.4,11,0.0,0,0.0,0,0.0,0,0.0,0
2012-11-02T09:22:11.250,2309.2,11799,2309.2,43,0.0,0,0.0,0,0.0,0,0.0,0,2309.4,12,0.0,0,0.0,0,0.0,0,0.0,0
2012-11-02T09:22:12.000,2309.6,11858,2309.6,25,0.0,0,0.0,0,0.0,0,0.0,0,2309.8,18,0.0,0,0.0,0,0.0,0,0.0,0
2012-11-02T09:22:12.500,2309.6,11869,2309.6,15,0.0,0,0.0,0,0.0,0,0.0,0,2309.8,17,0.0,0,0.0,0,0.0,0,0.0,0
2012-11-02T09:22:13.000,2309.8,11872,2309.6,13,0.0,0,0.0,0,0.0,0,0.0,0,2309.8,16,0.0,0,0.0,0,0.0,0,0.0,0
2012-11-02T09:22:13.500,2309.6,11884,2309.6,3,0.0,0,0.0,0,0.0,0,0.0,0,2309.8,32,0.0,0,0.0,0,0.0,0,0.0,0
2012-11-02T09:22:14.000,2309.8,11889,2309.4,15,0.0,0,0.0,0,0.0,0,0.0,0,2309.8,32,0.0,0,0.0,0,0.0,0,0.0,0
2012-11-02T09:22:14.500,2309.4,11890,2309.4,22,0.0,0,0.0,0,0.0,0,0.0,0,2309.6,20,0.0,0,0.0,0,0.0,0,0.0,0
2012-11-02T09:22:15.000,2309.6,11903,2309.4,30,0.0,0,0.0,0,0.0,0,0.0,0,2309.6,30,0.0,0,0.0,0,0.0,0,0.0,0
2012-11-02T09:22:15.500,2309.6,11904,2309.4,18,0.0,0,0.0,0,0.0,0,0.0,0,2309.6,30,0.0,0,0.0,0,0.0,0,0.0,0
2012-11-02T09:22:16.000,2309.6,11907,2309.4,18,0.0,0,0.0,0,0.0,0,0.0,0,2309.6,29,0.0,0,0.0,0,0.0,0,0.0,0
2012-11-02T09:22:16.500,2309.4,11910,2309.4,15,0.0,0,0.0,0,0.0,0,0.0,0,2309.6,29,0.0,0,0.0,0,0.0,0,0.0,0
2012-11-02T09:22:17.000,2309.6,11926,2309.4,15,0.0,0,0.0,0,0.0,0,0.0,0,2309.6,13,0.0,0,0.0,0,0.0,0,0.0,0
2012-11-02T09:22:17.500,2309.4,11928,2309.4,13,0.0,0,0.0,0,0.0,0,0.0,0,2309.6,13,0.0,0,0.0,0,0.0,0,0.0,0
2012-11-02T09:22:18.000,2309.4,11929,2309.4,12,0.0,0,0.0,0,0.0,0,0.0,0,2309.6,35,0.0,0,0.0,0,0.0,0,0.0,0
2012-11-02T09:22:18.500,2309.6,11931,2309.4,14,0.0,0,0.0,0,0.0,0,0.0,0,2309.6,33,0.0,0,0.0,0,0.0,0,0.0,0
2012-11-02T09:22:19.000,2309.6,11936,2309.4,15,0.0,0,0.0,0,0.0,0,0.0,0,2309.6,29,0.0,0,0.0,0,0.0,0,0.0,0
2012-11-02T09:22:19.500,2309.4,11938,2309.4,14,0.0,0,0.0,0,0.0,0,0.0,0,2309.6,30,0.0,0,0.0,0,0.0,0,0.0,0
2012-11-02T09:22:20.000,2309.6,11949,2309.4,3,0.0,0,0.0,0,0.0,0,0.0,0,2309.6,31,0.0,0,0.0,0,0.0,0,0.0,0
2012-11-02T09:22:20.500,2309.4,11952,2309.2,93,0.0,0,0.0,0,0.0,0,0.0,0,2309.4,1,0.0,0,0.0,0,0.0,0,0.0,0
2012-11-02T09:22:21.000,2309.4,11956,2309.2,93,0.0,0,0.0,0,0.0,0,0.0,0,2309.6,30,0.0,0,0.0,0,0.0,0,0.0,0
2012-11-02T09:22:21.500,2309.6,11962,2309.4,1,0.0,0,0.0,0,0.0,0,0.0,0,2309.6,24,0.0,0,0.0,0,0.0,0,0.0,0
2012-11-02T09:22:22.000,2309.4,11963,2309.2,90,0.0,0,0.0,0,0.0,0,0.0,0,2309.6,26,0.0,0,0.0,0,0.0,0,0.0,0
2012-11-02T09:22:22.500,2309.6,11966,2309.4,24,0.0,0,0.0,0,0.0,0,0.0,0,2309.6,23,0.0,0,0.0,0,0.0,0,0.0,0
2012-11-02T09:22:23.000,2309.4,11972,2309.4,21,0.0,0,0.0,0,0.0,0,0.0,0,2309.6,23,0.0,0,0.0,0,0.0,0,0.0,0
2012-11-02T09:22:23.500,2309.4,11974,2309.4,27,0.0,0,0.0,0,0.0,0,0.0,0,2309.6,29,0.0,0,0.0,0,0.0,0,0.0,0
2012-11-02T09:22:24.000,2309.6,11975,2309.4,27,0.0,0,0.0,0,0.0,0,0.0,0,2309.6,29,0.0,0,0.0,0,0.0,0,0.0,0
2012-11-02T09:22:24.500,2309.4,11979,2309.4,29,0.0,0,0.0,0,0.0,0,0.0,0,2309.6,27,0.0,0,0.0,0,0.0,0,0.0,0
2012-11-02T09:22:25.250,2309.6,11982,2309.4,24,0.0,0,0.0,0,0.0,0,0.0,0,2309.6,28,0.0,0,0.0,0,0.0,0,0.0,0
2012-11-02T09:22:26.000,2309.6,11991,2309.4,24,0.0,0,0.0,0,0.0,0,0.0,0,2309.6,40,0.0,0,0.0,0,0.0,0,0.0,0
2012-11-02T09:22:26.500,2309.6,11992,2309.4,25,0.0,0,0.0,0,0.0,0,0.0,0,2309.6,39,0.0,0,0.0,0,0.0,0,0.0,0
2012-11-02T09:22:27.000,2309.6,11994,2309.4,24,0.0,0,0.0,0,0.0,0,0.0,0,2309.6,38,0.0,0,0.0,0,0.0,0,0.0,0
2012-11-02T09:22:27.500,2309.4,11995,2309.4,24,0.0,0,0.0,0,0.0,0,0.0,0,2309.6,38,0.0,0,0.0,0,0.0,0,0.0,0
2012-11-02T09:22:28.000,2309.4,11996,2309.4,28,0.0,0,0.0,0,0.0,0,0.0,0,2309.6,38,0.0,0,0.0,0,0.0,0,0.0,0
2012-11-02T09:22:28.500,2309.6,12000,2309.4,42,0.0,0,0.0,0,0.0,0,0.0,0,2309.6,34,0.0,0,0.0,0,0.0,0,0.0,0
2012-11-02T09:22:29.000,2309.4,12012,2309.4,31,0.0,0,0.0,0,0.0,0,0.0,0,2309.6,33,0.0,0,0.0,0,0.0,0,0.0,0
2012-11-02T09:22:29.500,2309.6,12026,2309.4,31,0.0,0,0.0,0,0.0,0,0.0,0,2309.6,22,0.0,0,0.0,0,0.0,0,0.0,0
2012-11-02T09:22:30.000,2309.6,12041,2309.4,33,0.0,0,0.0,0,0.0,0,0.0,0,2309.6,7,0.0,0,0.0,0,0.0,0,0.0,0
2012-11-02T09:22:30.500,2309.4,12043,2309.4,35,0.0,0,0.0,0,0.0,0,0.0,0,2309.6,12,0.0,0,0.0,0,0.0,0,0.0,0
2012-11-02T09:22:31.000,2309.6,12045,2309.4,35,0.0,0,0.0,0,0.0,0,0.0,0,2309.6,11,0.0,0,0.0,0,0.0,0,0.0,0
2012-11-02T09:22:31.500,2309.4,12047,2309.4,33,0.0,0,0.0,0,0.0,0,0.0,0,2309.6,11,0.0,0,0.0,0,0.0,0,0.0,0
2012-11-02T09:22:32.000,2309.6,12050,2309.4,32,0.0,0,0.0,0,0.0,0,0.0,0,2309.6,9,0.0,0,0.0,0,0.0,0,0.0,0
2012-11-02T09:22:32.500,2309.6,12051,2309.4,32,0.0,0,0.0,0,0.0,0,0.0,0,2309.6,8,0.0,0,0.0,0,0.0,0,0.0,0
2012-11-02T09:22:33.000,2309.6,12055,2309.4,33,0.0,0,0.0,0,0.0,0,0.0,0,2309.6,5,0.0,0,0.0,0,0.0,0,0.0,0
2012-11-02T09:22:33.500,2309.6,12057,2309.4,35,0.0,0,0.0,0,0.0,0,0.0,0,2309.6,4,0.0,0,0.0,0,0.0,0,0.0,0
2012-11-02T09:22:34.000,2309.4,12069,2309.4,23,0.0,0,0.0,0,0.0,0,0.0,0,2309.6,4,0.0,0,0.0,0,0.0,0,0.0,0
2012-11-02T09:22:34.500,2309.6,12071,2309.4,22,0.0,0,0.0,0,0.0,0,0.0,0,2309.6,3,0.0,0,0.0,0,0.0,0,0.0,0
2012-11-02T09:22:35.250,2309.6,12072,2309.4,22,0.0,0,0.0,0,0.0,0,0.0,0,2309.6,2,0.0,0,0.0,0,0.0,0,0.0,0
2012-11-02T09:22:36.000,2309.6,12078,2309.4,15,0.0,0,0.0,0,0.0,0,0.0,0,2309.6,11,0.0,0,0.0,0,0.0,0,0.0,0
2012-11-02T09:22:36.500,2309.4,12080,2309.4,13,0.0,0,0.0,0,0.0,0,0.0,0,2309.6,12,0.0,0,0.0,0,0.0,0,0.0,0
2012-11-02T09:22:37.250,2309.6,12083,2309.4,14,0.0,0,0.0,0,0.0,0,0.0,0,2309.6,10,0.0,0,0.0,0,0.0,0,0.0,0
2012-11-02T09:22:38.250,2309.4,12084,2309.4,13,0.0,0,0.0,0,0.0,0,0.0,0,2309.6,11,0.0,0,0.0,0,0.0,0,0.0,0
2012-11-02T09:22:39.000,2309.4,12086,2309.4,20,0.0,0,0.0,0,0.0,0,0.0,0,2309.6,13,0.0,0,0.0,0,0.0,0,0.0,0
2012-11-02T09:22:39.500,2309.6,12087,2309.4,20,0.0,0,0.0,0,0.0,0,0.0,0,2309.6,12,0.0,0,0.0,0,0.0,0,0.0,0
2012-11-02T09:22:40.000,2309.4,12093,2309.4,15,0.0,0,0.0,0,0.0,0,0.0,0,2309.6,13,0.0,0,0.0,0,0.0,0,0.0,0
2012-11-02T09:22:40.500,2309.4,12094,2309.4,14,0.0,0,0.0,0,0.0,0,0.0,0,2309.6,13,0.0,0,0.0,0,0.0,0,0.0,0
2012-11-02T09:22:42.000,2309.6,12100,2309.4,19,0.0,0,0.0,0,0.0,0,0.0,0,2309.6,7,0.0,0,0.0,0,0.0,0,0.0,0
2012-11-02T09:22:42.500,2309.4,12110,2309.4,35,0.0,0,0.0,0,0.0,0,0.0,0,2309.6,1,0.0,0,0.0,0,0.0,0,0.0,0
2012-11-02T09:22:43.000,2309.6,12111,2309.6,2,0.0,0,0.0,0,0.0,0,0.0,0,2309.8,49,0.0,0,0.0,0,0.0,0,0.0,0
2012-11-02T09:22:43.500,2309.6,12115,2309.4,34,0.0,0,0.0,0,0.0,0,0.0,0,2309.6,3,0.0,0,0.0,0,0.0,0,0.0,0
2012-11-02T09:22:44.000,2309.6,12117,2309.4,35,0.0,0,0.0,0,0.0,0,0.0,0,2309.8,49,0.0,0,0.0,0,0.0,0,0.0,0
2012-11-02T09:22:44.500,2309.6,12118,2309.6,49,0.0,0,0.0,0,0.0,0,0.0,0,2309.8,48,0.0,0,0.0,0,0.0,0,0.0,0
2012-11-02T09:22:45.000,2309.6,12149,2309.6,18,0.0,0,0.0,0,0.0,0,0.0,0,2309.8,48,0.0,0,0.0,0,0.0,0,0.0,0
2012-11-02T09:22:45.500,2309.6,12152,2309.6,16,0.0,0,0.0,0,0.0,0,0.0,0,2309.8,147,0.0,0,0.0,0,0.0,0,0.0,0
2012-11-02T09:22:46.000,2309.6,12160,2309.6,8,0.0,0,0.0,0,0.0,0,0.0,0,2309.8,147,0.0,0,0.0,0,0.0,0,0.0,0
2012-11-02T09:22:46.500,2309.6,12170,2309.4,36,0.0,0,0.0,0,0.0,0,0.0,0,2309.6,9,0.0,0,0.0,0,0.0,0,0.0,0
2012-11-02T09:22:47.250,2309.6,12173,2309.4,37,0.0,0,0.0,0,0.0,0,0.0,0,2309.6,14,0.0,0,0.0,0,0.0,0,0.0,0
2012-11-02T09:22:48.000,2309.6,12187,2309.6,2,0.0,0,0.0,0,0.0,0,0.0,0,2309.8,150,0.0,0,0.0,0,0.0,0,0.0,0
2012-11-02T09:22:48.500,2309.8,12209,2309.6,2,0.0,0,0.0,0,0.0,0,0.0,0,2309.8,131,0.0,0,0.0,0,0.0,0,0.0,0
2012-11-02T09:22:49.000,2309.8,12212,2309.4,36,0.0,0,0.0,0,0.0,0,0.0,0,2309.6,2,0.0,0,0.0,0,0.0,0,0.0,0
2012-11-02T09:22:49.500,2309.6,12214,2309.6,2,0.0,0,0.0,0,0.0,0,0.0,0,2309.8,130,0.0,0,0.0,0,0.0,0,0.0,0
2012-11-02T09:22:50.000,2309.6,12218,2309.4,39,0.0,0,0.0,0,0.0,0,0.0,0,2309.6,3,0.0,0,0.0,0,0.0,0,0.0,0
2012-11-02T09:22:50.500,2309.6,12225,2309.4,40,0.0,0,0.0,0,0.0,0,0.0,0,2309.6,2,0.0,0,0.0,0,0.0,0,0.0,0
2012-11-02T09:22:51.000,2309.6,12227,2309.4,41,0.0,0,0.0,0,0.0,0,0.0,0,2309.6,1,0.0,0,0.0,0,0.0,0,0.0,0
2012-11-02T09:22:51.500,2309.6,12228,2309.6,1,0.0,0,0.0,0,0.0,0,0.0,0,2309.8,131,0.0,0,0.0,0,0.0,0,0.0,0
2012-11-02T09:22:52.000,2309.8,12235,2309.4,41,0.0,0,0.0,0,0.0,0,0.0,0,2309.8,128,0.0,0,0.0,0,0.0,0,0.0,0
2012-11-02T09:22:52.500,2309.4,12236,2309.6,1,0.0,0,0.0,0,0.0,0,0.0,0,2309.8,137,0.0,0,0.0,0,0.0,0,0.0,0
2012-11-02T09:22:53.250,2309.6,12240,2309.4,41,0.0,0,0.0,0,0.0,0,0.0,0,2309.8,125,0.0,0,0.0,0,0.0,0,0.0,0
2012-11-02T09:22:54.250,2309.6,12241,2309.4,42,0.0,0,0.0,0,0.0,0,0.0,0,2309.6,3,0.0,0,0.0,0,0.0,0,0.0,0
2012-11-02T09:22:55.000,2309.4,12244,2309.4,43,0.0,0,0.0,0,0.0,0,0.0,0,2309.6,1,0.0,0,0.0,0,0.0,0,0.0,0
2012-11-02T09:22:55.500,2309.6,12245,2309.4,44,0.0,0,0.0,0,0.0,0,0.0,0,2309.6,1,0.0,0,0.0,0,0.0,0,0.0,0
2012-11-02T09:22:56.250,2309.6,12246,2309.4,45,0.0,0,0.0,0,0.0,0,0.0,0,2309.8,127,0.0,0,0.0,0,0.0,0,0.0,0
2012-11-02T09:22:57.250,2309.6,12248,2309.6,5,0.0,0,0.0,0,0.0,0,0.0,0,2309.8,128,0.0,0,0.0,0,0.0,0,0.0,0
2012-11-02T09:22:58.250,2309.6,12255,2309.6,8,0.0,0,0.0,0,0.0,0,0.0,0,2309.8,124,0.0,0,0.0,0,0.0,0,0.0,0
2012-11-02T09:23:00.000,2309.6,12256,2309.6,13,0.0,0,0.0,0,0.0,0,0.0,0,2309.8,124,0.0,0,0.0,0,0.0,0,0.0,0
2012-11-02T09:23:00.500,2309.6,12259,2309.6,15,0.0,0,0.0,0,0.0,0,0.0,0,2309.8,124,0.0,0,0.0,0,0.0,0,0.0,0
2012-11-02T09:23:01.000,2309.6,12260,2309.6,11,0.0,0,0.0,0,0.0,0,0.0,0,2309.8,124,0.0,0,0.0,0,0.0,0,0.0,0
2012-11-02T09:23:01.500,2309.8,12269,2309.6,6,0.0,0,0.0,0,0.0,0,0.0,0,2309.8,121,0.0,0,0.0,0,0.0,0,0.0,0
2012-11-02T09:23:02.000,2309.4,12282,2309.4,54,0.0,0,0.0,0,0.0,0,0.0,0,2309.8,119,0.0,0,0.0,0,0.0,0,0.0,0
2012-11-02T09:23:02.500,2309.4,12283,2309.4,53,0.0,0,0.0,0,0.0,0,0.0,0,2309.6,3,0.0,0,0.0,0,0.0,0,0.0,0
2012-11-02T09:23:03.000,2309.6,12284,2309.4,55,0.0,0,0.0,0,0.0,0,0.0,0,2309.6,2,0.0,0,0.0,0,0.0,0,0.0,0
2012-11-02T09:23:03.500,2309.6,12285,2309.4,55,0.0,0,0.0,0,0.0,0,0.0,0,2309.6,3,0.0,0,0.0,0,0.0,0,0.0,0
2012-11-02T09:23:04.000,2309.6,12288,2309.4,55,0.0,0,0.0,0,0.0,0,0.0,0,2309.8,119,0.0,0,0.0,0,0.0,0,0.0,0
2012-11-02T09:23:04.500,2309.4,12289,2309.6,2,0.0,0,0.0,0,0.0,0,0.0,0,2309.8,119,0.0,0,0.0,0,0.0,0,0.0,0
2012-11-02T09:23:05.000,2309.8,12290,2309.6,9,0.0,0,0.0,0,0.0,0,0.0,0,2309.8,118,0.0,0,0.0,0,0.0,0,0.0,0
2012-11-02T09:23:05.500,2309.8,12292,2309.6,12,0.0,0,0.0,0,0.0,0,0.0,0,2309.8,116,0.0,0,0.0,0,0.0,0,0.0,0
2012-11-02T09:23:06.000,2309.6,12293,2309.6,12,0.0,0,0.0,0,0.0,0,0.0,0,2309.8,116,0.0,0,0.0,0,0.0,0,0.0,0
2012-11-02T09:23:06.500,2309.6,12294,2309.6,32,0.0,0,0.0,0,0.0,0,0.0,0,2309.8,116,0.0,0,0.0,0,0.0,0,0.0,0
2012-11-02T09:23:07.000,2309.6,12296,2309.6,31,0.0,0,0.0,0,0.0,0,0.0,0,2309.8,115,0.0,0,0.0,0,0.0,0,0.0,0
2012-11-02T09:23:07.500,2309.8,12297,2309.6,36,0.0,0,0.0,0,0.0,0,0.0,0,2309.8,115,0.0,0,0.0,0,0.0,0,0.0,0
2012-11-02T09:23:08.000,2309.8,12299,2309.6,39,0.0,0,0.0,0,0.0,0,0.0,0,2309.8,113,0.0,0,0.0,0,0.0,0,0.0,0
2012-11-02T09:23:08.500,2309.6,12310,2309.6,39,0.0,0,0.0,0,0.0,0,0.0,0,2309.8,103,0.0,0,0.0,0,0.0,0,0.0,0
2012-11-02T09:23:09.000,2309.8,12316,2309.6,41,0.0,0,0.0,0,0.0,0,0.0,0,2309.8,97,0.0,0,0.0,0,0.0,0,0.0,0
2012-11-02T09:23:09.500,2309.8,12383,2309.6,50,0.0,0,0.0,0,0.0,0,0.0,0,2309.8,29,0.0,0,0.0,0,0.0,0,0.0,0
2012-11-02T09:23:10.000,2310,12422,2309.8,93,0.0,0,0.0,0,0.0,0,0.0,0,2310,94,0.0,0,0.0,0,0.0,0,0.0,0
2012-11-02T09:23:10.500,2310,12432,2309.8,94,0.0,0,0.0,0,0.0,0,0.0,0,2310,94,0.0,0,0.0,0,0.0,0,0.0,0
2012-11-02T09:23:11.000,2310,12475,2309.8,95,0.0,0,0.0,0,0.0,0,0.0,0,2310,51,0.0,0,0.0,0,0.0,0,0.0,0
2012-11-02T09:23:11.500,2310,12494,2309.8,95,0.0,0,0.0,0,0.0,0,0.0,0,2310,32,0.0,0,0.0,0,0.0,0,0.0,0
2012-11-02T09:23:12.000,2310,12500,2309.8,94,0.0,0,0.0,0,0.0,0,0.0,0,2310,27,0.0,0,0.0,0,0.0,0,0.0,0
2012-11-02T09:23:12.500,2309.8,12507,2309.8,93,0.0,0,0.0,0,0.0,0,0.0,0,2310,23,0.0,0,0.0,0,0.0,0,0.0,0
2012-11-02T09:23:13.000,2309.8,12509,2309.8,91,0.0,0,0.0,0,0.0,0,0.0,0,2310,23,0.0,0,0.0,0,0.0,0,0.0,0
2012-11-02T09:23:13.500,2310,12511,2309.8,91,0.0,0,0.0,0,0.0,0,0.0,0,2310,23,0.0,0,0.0,0,0.0,0,0.0,0
2012-11-02T09:23:14.000,2310,12513,2309.8,91,0.0,0,0.0,0,0.0,0,0.0,0,2310,21,0.0,0,0.0,0,0.0,0,0.0,0
2012-11-02T09:23:14.500,2309.8,12534,2309.8,70,0.0,0,0.0,0,0.0,0,0.0,0,2310,18,0.0,0,0.0,0,0.0,0,0.0,0
2012-11-02T09:23:15.000,2310,12558,2309.8,51,0.0,0,0.0,0,0.0,0,0.0,0,2310,13,0.0,0,0.0,0,0.0,0,0.0,0
2012-11-02T09:23:15.500,2310,12560,2309.8,52,0.0,0,0.0,0,0.0,0,0.0,0,2310,16,0.0,0,0.0,0,0.0,0,0.0,0
2012-11-02T09:23:16.000,2310,12575,2309.8,50,0.0,0,0.0,0,0.0,0,0.0,0,2310,16,0.0,0,0.0,0,0.0,0,0.0,0
2012-11-02T09:23:16.500,2310,12576,2309.8,50,0.0,0,0.0,0,0.0,0,0.0,0,2310,21,0.0,0,0.0,0,0.0,0,0.0,0
2012-11-02T09:23:17.000,2310,12588,2309.8,50,0.0,0,0.0,0,0.0,0,0.0,0,2310,10,0.0,0,0.0,0,0.0,0,0.0,0
2012-11-02T09:23:17.500,2309.8,12594,2309.8,48,0.0,0,0.0,0,0.0,0,0.0,0,2310,12,0.0,0,0.0,0,0.0,0,0.0,0
2012-11-02T09:23:18.000,2310,12595,2309.8,16,0.0,0,0.0,0,0.0,0,0.0,0,2310,12,0.0,0,0.0,0,0.0,0,0.0,0
2012-11-02T09:23:18.500,2310,12601,2309.8,15,0.0,0,0.0,0,0.0,0,0.0,0,2310,7,0.0,0,0.0,0,0.0,0,0.0,0
2012-11-02T09:23:19.000,2310,12625,2310,2,0.0,0,0.0,0,0.0,0,0.0,0,2310.2,53,0.0,0,0.0,0,0.0,0,0.0,0
2012-11-02T09:23:19.500,2310.2,12637,2309.8,15,0.0,0,0.0,0,0.0,0,0.0,0,2310,1,0.0,0,0.0,0,0.0,0,0.0,0
2012-11-02T09:23:20.250,2309.8,12647,2309.8,6,0.0,0,0.0,0,0.0,0,0.0,0,2310,4,0.0,0,0.0,0,0.0,0,0.0,0
2012-11-02T09:23:21.250,2310,12651,2309.8,6,0.0,0,0.0,0,0.0,0,0.0,0,2310,2,0.0,0,0.0,0,0.0,0,0.0,0
2012-11-02T09:23:22.000,2310,12652,2309.8,7,0.0,0,0.0,0,0.0,0,0.0,0,2310,10,0.0,0,0.0,0,0.0,0,0.0,0
2012-11-02T09:23:22.500,2310,12656,2309.8,8,0.0,0,0.0,0,0.0,0,0.0,0,2310,6,0.0,0,0.0,0,0.0,0,0.0,0
2012-11-02T09:23:23.250,2309.8,12657,2309.8,24,0.0,0,0.0,0,0.0,0,0.0,0,2310.2,53,0.0,0,0.0,0,0.0,0,0.0,0
2012-11-02T09:23:24.000,2310,12658,2309.8,25,0.0,0,0.0,0,0.0,0,0.0,0,2310.2,53,0.0,0,0.0,0,0.0,0,0.0,0
2012-11-02T09:23:24.500,2310,12660,2309.8,24,0.0,0,0.0,0,0.0,0,0.0,0,2310,1,0.0,0,0.0,0,0.0,0,0.0,0
2012-11-02T09:23:25.250,2309.8,12662,2309.8,21,0.0,0,0.0,0,0.0,0,0.0,0,2310,2,0.0,0,0.0,0,0.0,0,0.0,0
2012-11-02T09:23:26.000,2309.8,12663,2309.8,20,0.0,0,0.0,0,0.0,0,0.0,0,2310,6,0.0,0,0.0,0,0.0,0,0.0,0
2012-11-02T09:23:26.500,2310,12669,2309.8,20,0.0,0,0.0,0,0.0,0,0.0,0,2310.2,58,0.0,0,0.0,0,0.0,0,0.0,0
2012-11-02T09:23:27.250,2310,12670,2310,26,0.0,0,0.0,0,0.0,0,0.0,0,2310.2,59,0.0,0,0.0,0,0.0,0,0.0,0
2012-11-02T09:23:28.000,2310.2,12687,2310,19,0.0,0,0.0,0,0.0,0,0.0,0,2310.2,52,0.0,0,0.0,0,0.0,0,0.0,0
2012-11-02T09:23:28.500,2310,12694,2310,15,0.0,0,0.0,0,0.0,0,0.0,0,2310.2,52,0.0,0,0.0,0,0.0,0,0.0,0
2012-11-02T09:23:29.000,2310.2,12705,2310,12,0.0,0,0.0,0,0.0,0,0.0,0,2310.2,41,0.0,0,0.0,0,0.0,0,0.0,0
2012-11-02T09:23:29.500,2310.2,12719,2310,22,0.0,0,0.0,0,0.0,0,0.0,0,2310.2,27,0.0,0,0.0,0,0.0,0,0.0,0
2012-11-02T09:23:30.250,2310,12725,2310,25,0.0,0,0.0,0,0.0,0,0.0,0,2310.2,24,0.0,0,0.0,0,0.0,0,0.0,0
2012-11-02T09:23:31.250,2310.2,12734,2310,28,0.0,0,0.0,0,0.0,0,0.0,0,2310.2,22,0.0,0,0.0,0,0.0,0,0.0,0
2012-11-02T09:23:32.250,2310,12749,2310,23,0.0,0,0.0,0,0.0,0,0.0,0,2310.2,13,0.0,0,0.0,0,0.0,0,0.0,0
2012-11-02T09:23:33.250,2310,12759,2310,16,0.0,0,0.0,0,0.0,0,0.0,0,2310.2,13,0.0,0,0.0,0,0.0,0,0.0,0
2012-11-02T09:23:34.250,2310.2,12769,2310,17,0.0,0,0.0,0,0.0,0,0.0,0,2310.2,3,0.0,0,0.0,0,0.0,0,0.0,0
2012-11-02T09:23:35.000,2310.2,12777,2310,17,0.0,0,0.0,0,0.0,0,0.0,0,2310.2,4,0.0,0,0.0,0,0.0,0,0.0,0
2012-11-02T09:23:35.500,2310,12781,2310,14,0.0,0,0.0,0,0.0,0,0.0,0,2310.2,3,0.0,0,0.0,0,0.0,0,0.0,0
2012-11-02T09:23:36.250,2310.2,12785,2310,12,0.0,0,0.0,0,0.0,0,0.0,0,2310.2,4,0.0,0,0.0,0,0.0,0,0.0,0
2012-11-02T09:23:37.250,2310.2,12789,2310,12,0.0,0,0.0,0,0.0,0,0.0,0,2310.2,1,0.0,0,0.0,0,0.0,0,0.0,0
2012-11-02T09:23:38.000,2310.2,12791,2310,13,0.0,0,0.0,0,0.0,0,0.0,0,2310.2,1,0.0,0,0.0,0,0.0,0,0.0,0
2012-11-02T09:23:38.500,2310.2,12793,2310.2,1,0.0,0,0.0,0,0.0,0,0.0,0,2310.4,52,0.0,0,0.0,0,0.0,0,0.0,0
2012-11-02T09:23:39.000,2310.2,12794,2310,13,0.0,0,0.0,0,0.0,0,0.0,0,2310.2,2,0.0,0,0.0,0,0.0,0,0.0,0
2012-11-02T09:23:39.500,2310.2,12795,2310,14,0.0,0,0.0,0,0.0,0,0.0,0,2310.2,1,0.0,0,0.0,0,0.0,0,0.0,0
2012-11-02T09:23:40.250,2310.2,12796,2310,17,0.0,0,0.0,0,0.0,0,0.0,0,2310.2,2,0.0,0,0.0,0,0.0,0,0.0,0
2012-11-02T09:23:42.000,2310.2,12798,2310,18,0.0,0,0.0,0,0.0,0,0.0,0,2310.2,6,0.0,0,0.0,0,0.0,0,0.0,0
2012-11-02T09:23:42.500,2310.2,12800,2310,18,0.0,0,0.0,0,0.0,0,0.0,0,2310.2,4,0.0,0,0.0,0,0.0,0,0.0,0
2012-11-02T09:23:44.000,2310.2,12801,2310,18,0.0,0,0.0,0,0.0,0,0.0,0,2310.2,19,0.0,0,0.0,0,0.0,0,0.0,0
2012-11-02T09:23:44.500,2310,12813,2310,8,0.0,0,0.0,0,0.0,0,0.0,0,2310.2,21,0.0,0,0.0,0,0.0,0,0.0,0
2012-11-02T09:23:45.250,2310,12837,2309.8,27,0.0,0,0.0,0,0.0,0,0.0,0,2310.2,6,0.0,0,0.0,0,0.0,0,0.0,0
2012-11-02T09:23:46.000,2309.8,12840,2310,1,0.0,0,0.0,0,0.0,0,0.0,0,2310.2,16,0.0,0,0.0,0,0.0,0,0.0,0
