date_time,last_px,total_volume,bid1_px,bid1_qty,bid2_px,bid2_qty,bid3_px,bid3_qty,bid4_px,bid4_qty,bid5_px,bid5_qty,ask1_px,ask1_qty,ask2_px,ask2_qty,ask3_px,ask3_qty,ask4_px,ask4_qty,ask5_px,ask5_qty
2012-11-21T09:14:00.250,2177,280,2177,3,0.0,0,0.0,0,0.0,0,0.0,0,2177.2,24,0.0,0,0.0,0,0.0,0,0.0,0
2012-11-21T09:15:00.250,2178,535,2177.8,4,0.0,0,0.0,0,0.0,0,0.0,0,2178,18,0.0,0,0.0,0,0.0,0,0.0,0
2012-11-21T09:15:01.000,2178.2,703,2177.4,1,0.0,0,0.0,0,0.0,0,0.0,0,2177.8,4,0.0,0,0.0,0,0.0,0,0.0,0
2012-11-21T09:15:01.500,2177.4,857,2178.2,3,0.0,0,0.0,0,0.0,0,0.0,0,2178.6,5,0.0,0,0.0,0,0.0,0,0.0,0
2012-11-21T09:15:02.000,2178.4,942,2178,3,0.0,0,0.0,0,0.0,0,0.0,0,2178.2,1,0.0,0,0.0,0,0.0,0,0.0,0
2012-11-21T09:15:02.500,2177.8,1051,2177.4,6,0.0,0,0.0,0,0.0,0,0.0,0,2177.8,1,0.0,0,0.0,0,0.0,0,0.0,0
2012-11-21T09:15:03.000,2177,1141,2177,7,0.0,0,0.0,0,0.0,0,0.0,0,2177.4,2,0.0,0,0.0,0,0.0,0,0.0,0
2012-11-21T09:15:03.500,2177,1232,2177,13,0.0,0,0.0,0,0.0,0,0.0,0,2177.2,33,0.0,0,0.0,0,0.0,0,0.0,0
2012-11-21T09:15:04.000,2177.8,1368,2177.8,3,0.0,0,0.0,0,0.0,0,0.0,0,2178.2,5,0.0,0,0.0,0,0.0,0,0.0,0
2012-11-21T09:15:04.500,2177.6,1439,2177.4,10,0.0,0,0.0,0,0.0,0,0.0,0,2177.6,17,0.0,0,0.0,0,0.0,0,0.0,0
2012-11-21T09:15:05.000,2177.8,1502,2178,2,0.0,0,0.0,0,0.0,0,0.0,0,2178.2,7,0.0,0,0.0,0,0.0,0,0.0,0
2012-11-21T09:15:05.500,2178.2,1528,2178.2,12,0.0,0,0.0,0,0.0,0,0.0,0,2178.6,1,0.0,0,0.0,0,0.0,0,0.0,0
2012-11-21T09:15:06.000,2178.4,1579,2178.4,16,0.0,0,0.0,0,0.0,0,0.0,0,2178.8,22,0.0,0,0.0,0,0.0,0,0.0,0
2012-11-21T09:15:06.500,2179,1686,2178.6,48,0.0,0,0.0,0,0.0,0,0.0,0,2179.2,14,0.0,0,0.0,0,0.0,0,0.0,0
2012-11-21T09:15:07.000,2178.8,1705,2178.8,38,0.0,0,0.0,0,0.0,0,0.0,0,2179,12,0.0,0,0.0,0,0.0,0,0.0,0
2012-11-21T09:15:07.500,2179.2,1746,2179.2,15,0.0,0,0.0,0,0.0,0,0.0,0,2179.4,10,0.0,0,0.0,0,0.0,0,0.0,0
2012-11-21T09:15:08.000,2179.2,1873,2179,7,0.0,0,0.0,0,0.0,0,0.0,0,2179.2,23,0.0,0,0.0,0,0.0,0,0.0,0
2012-11-21T09:15:08.500,2178.8,1953,2178.6,16,0.0,0,0.0,0,0.0,0,0.0,0,2178.8,6,0.0,0,0.0,0,0.0,0,0.0,0
2012-11-21T09:15:09.000,2179,2012,2178.8,2,0.0,0,0.0,0,0.0,0,0.0,0,2179,14,0.0,0,0.0,0,0.0,0,0.0,0
2012-11-21T09:15:09.500,2178.4,2072,2178.4,11,0.0,0,0.0,0,0.0,0,0.0,0,2178.8,1,0.0,0,0.0,0,0.0,0,0.0,0
2012-11-21T09:15:10.000,2178.6,2096,2178.6,2,0.0,0,0.0,0,0.0,0,0.0,0,2178.8,1,0.0,0,0.0,0,0.0,0,0.0,0
2012-11-21T09:15:10.500,2178.8,2124,2178.8,17,0.0,0,0.0,0,0.0,0,0.0,0,2179,63,0.0,0,0.0,0,0.0,0,0.0,0
2012-11-21T09:15:11.000,2178.4,2155,2178.4,9,0.0,0,0.0,0,0.0,0,0.0,0,2178.8,46,0.0,0,0.0,0,0.0,0,0.0,0
2012-11-21T09:15:11.500,2178.8,2190,2178.2,37,0.0,0,0.0,0,0.0,0,0.0,0,2178.4,4,0.0,0,0.0,0,0.0,0,0.0,0
2012-11-21T09:15:12.000,2178.2,2260,2178,99,0.0,0,0.0,0,0.0,0,0.0,0,2178.2,1,0.0,0,0.0,0,0.0,0,0.0,0
2012-11-21T09:15:12.500,2178.2,2307,2178,64,0.0,0,0.0,0,0.0,0,0.0,0,2178.6,12,0.0,0,0.0,0,0.0,0,0.0,0
2012-11-21T09:15:13.000,2178,2400,2177.8,8,0.0,0,0.0,0,0.0,0,0.0,0,2178,42,0.0,0,0.0,0,0.0,0,0.0,0
2012-11-21T09:15:13.500,2177.8,2421,2177.6,5,0.0,0,0.0,0,0.0,0,0.0,0,2177.8,21,0.0,0,0.0,0,0.0,0,0.0,0
2012-11-21T09:15:14.000,2177.6,2431,2177.4,38,0.0,0,0.0,0,0.0,0,0.0,0,2177.6,22,0.0,0,0.0,0,0.0,0,0.0,0
2012-11-21T09:15:14.500,2177.6,2507,2177.2,43,0.0,0,0.0,0,0.0,0,0.0,0,2177.6,33,0.0,0,0.0,0,0.0,0,0.0,0
2012-11-21T09:15:15.000,2177.2,2568,2177.2,5,0.0,0,0.0,0,0.0,0,0.0,0,2177.4,4,0.0,0,0.0,0,0.0,0,0.0,0
2012-11-21T09:15:15.500,2177.2,2591,2177,22,0.0,0,0.0,0,0.0,0,0.0,0,2177.2,5,0.0,0,0.0,0,0.0,0,0.0,0
2012-11-21T09:15:16.000,2176.8,2636,2176.6,36,0.0,0,0.0,0,0.0,0,0.0,0,2176.8,59,0.0,0,0.0,0,0.0,0,0.0,0
2012-11-21T09:15:16.500,2176.6,2705,2176.4,6,0.0,0,0.0,0,0.0,0,0.0,0,2176.6,4,0.0,0,0.0,0,0.0,0,0.0,0
2012-11-21T09:15:17.000,2176.8,2729,2176.6,24,0.0,0,0.0,0,0.0,0,0.0,0,2176.8,75,0.0,0,0.0,0,0.0,0,0.0,0
2012-11-21T09:15:17.500,2176.6,2793,2176.2,40,0.0,0,0.0,0,0.0,0,0.0,0,2176.6,4,0.0,0,0.0,0,0.0,0,0.0,0
2012-11-21T09:15:18.000,2176.4,2830,2176.4,13,0.0,0,0.0,0,0.0,0,0.0,0,2176.6,15,0.0,0,0.0,0,0.0,0,0.0,0
2012-11-21T09:15:18.500,2176.6,2909,2176.6,9,0.0,0,0.0,0,0.0,0,0.0,0,2176.8,30,0.0,0,0.0,0,0.0,0,0.0,0
2012-11-21T09:15:19.000,2176.4,2942,2176.4,2,0.0,0,0.0,0,0.0,0,0.0,0,2176.6,8,0.0,0,0.0,0,0.0,0,0.0,0
2012-11-21T09:15:19.500,2176.6,2970,2176.6,29,0.0,0,0.0,0,0.0,0,0.0,0,2176.8,24,0.0,0,0.0,0,0.0,0,0.0,0
2012-11-21T09:15:20.000,2176.8,3019,2176.8,76,0.0,0,0.0,0,0.0,0,0.0,0,2177,63,0.0,0,0.0,0,0.0,0,0.0,0
2012-11-21T09:15:20.500,2177,3068,2176.8,68,0.0,0,0.0,0,0.0,0,0.0,0,2177,24,0.0,0,0.0,0,0.0,0,0.0,0
2012-11-21T09:15:21.000,2177,3148,2177,32,0.0,0,0.0,0,0.0,0,0.0,0,2177.2,17,0.0,0,0.0,0,0.0,0,0.0,0
2012-11-21T09:15:21.500,2176.8,3185,2176.8,56,0.0,0,0.0,0,0.0,0,0.0,0,2177.2,6,0.0,0,0.0,0,0.0,0,0.0,0
2012-11-21T09:15:22.000,2177,3202,2176.8,52,0.0,0,0.0,0,0.0,0,0.0,0,2177,7,0.0,0,0.0,0,0.0,0,0.0,0
2012-11-21T09:15:22.500,2177,3244,2177,2,0.0,0,0.0,0,0.0,0,0.0,0,2177.2,3,0.0,0,0.0,0,0.0,0,0.0,0
2012-11-21T09:15:23.000,2177,3257,2177,2,0.0,0,0.0,0,0.0,0,0.0,0,2177.2,1,0.0,0,0.0,0,0.0,0,0.0,0
2012-11-21T09:15:23.500,2177,3275,2177.2,3,0.0,0,0.0,0,0.0,0,0.0,0,2177.4,12,0.0,0,0.0,0,0.0,0,0.0,0
2012-11-21T09:15:24.000,2176.8,3298,2177,10,0.0,0,0.0,0,0.0,0,0.0,0,2177.2,2,0.0,0,0.0,0,0.0,0,0.0,0
2012-11-21T09:15:24.500,2177,3311,2177,1,0.0,0,0.0,0,0.0,0,0.0,0,2177.2,8,0.0,0,0.0,0,0.0,0,0.0,0
2012-11-21T09:15:25.000,2177.2,3334,2177,4,0.0,0,0.0,0,0.0,0,0.0,0,2177.4,8,0.0,0,0.0,0,0.0,0,0.0,0
2012-11-21T09:15:25.500,2177,3355,2176.8,48,0.0,0,0.0,0,0.0,0,0.0,0,2177,3,0.0,0,0.0,0,0.0,0,0.0,0
2012-11-21T09:15:26.000,2177,3380,2177,18,0.0,0,0.0,0,0.0,0,0.0,0,2177.2,3,0.0,0,0.0,0,0.0,0,0.0,0
2012-11-21T09:15:26.500,2177,3418,2177,1,0.0,0,0.0,0,0.0,0,0.0,0,2177.2,7,0.0,0,0.0,0,0.0,0,0.0,0
2012-11-21T09:15:27.000,2177,3422,2176.8,40,0.0,0,0.0,0,0.0,0,0.0,0,2177,3,0.0,0,0.0,0,0.0,0,0.0,0
2012-11-21T09:15:27.500,2177,3448,2176.8,38,0.0,0,0.0,0,0.0,0,0.0,0,2177,86,0.0,0,0.0,0,0.0,0,0.0,0
2012-11-21T09:15:28.000,2176.8,3510,2176.6,57,0.0,0,0.0,0,0.0,0,0.0,0,2176.8,8,0.0,0,0.0,0,0.0,0,0.0,0
2012-11-21T09:15:28.500,2176.6,3561,2176.6,19,0.0,0,0.0,0,0.0,0,0.0,0,2176.8,5,0.0,0,0.0,0,0.0,0,0.0,0
2012-11-21T09:15:29.000,2176.8,3589,2176.6,19,0.0,0,0.0,0,0.0,0,0.0,0,2176.8,18,0.0,0,0.0,0,0.0,0,0.0,0
2012-11-21T09:15:29.500,2176.6,3645,2176.4,17,0.0,0,0.0,0,0.0,0,0.0,0,2176.6,28,0.0,0,0.0,0,0.0,0,0.0,0
2012-11-21T09:15:30.000,2176.4,3670,2176.2,32,0.0,0,0.0,0,0.0,0,0.0,0,2176.4,22,0.0,0,0.0,0,0.0,0,0.0,0
2012-11-21T09:15:30.500,2176.2,3797,2176.2,30,0.0,0,0.0,0,0.0,0,0.0,0,2176.8,12,0.0,0,0.0,0,0.0,0,0.0,0
2012-11-21T09:15:31.000,2176.6,3818,2176.4,2,0.0,0,0.0,0,0.0,0,0.0,0,2176.6,12,0.0,0,0.0,0,0.0,0,0.0,0
2012-11-21T09:15:31.500,2176.4,3893,2176.4,12,0.0,0,0.0,0,0.0,0,0.0,0,2176.8,18,0.0,0,0.0,0,0.0,0,0.0,0
2012-11-21T09:15:32.000,2177,3968,2176.4,1,0.0,0,0.0,0,0.0,0,0.0,0,2177,68,0.0,0,0.0,0,0.0,0,0.0,0
2012-11-21T09:15:32.500,2176.8,3983,2176.6,2,0.0,0,0.0,0,0.0,0,0.0,0,2176.8,10,0.0,0,0.0,0,0.0,0,0.0,0
2012-11-21T09:15:33.000,2176.2,4009,2176,69,0.0,0,0.0,0,0.0,0,0.0,0,2176.2,4,0.0,0,0.0,0,0.0,0,0.0,0
2012-11-21T09:15:33.500,2176.6,4028,2176,75,0.0,0,0.0,0,0.0,0,0.0,0,2176.6,2,0.0,0,0.0,0,0.0,0,0.0,0
2012-11-21T09:15:34.000,2176.4,4063,2176.2,98,0.0,0,0.0,0,0.0,0,0.0,0,2176.6,23,0.0,0,0.0,0,0.0,0,0.0,0
2012-11-21T09:15:34.500,2176.4,4101,2176.4,11,0.0,0,0.0,0,0.0,0,0.0,0,2176.6,22,0.0,0,0.0,0,0.0,0,0.0,0
2012-11-21T09:15:35.000,2176.6,4124,2176.4,37,0.0,0,0.0,0,0.0,0,0.0,0,2176.6,11,0.0,0,0.0,0,0.0,0,0.0,0
2012-11-21T09:15:35.500,2176.8,4141,2176.6,3,0.0,0,0.0,0,0.0,0,0.0,0,2176.8,6,0.0,0,0.0,0,0.0,0,0.0,0
2012-11-21T09:15:36.000,2176.8,4160,2176.6,16,0.0,0,0.0,0,0.0,0,0.0,0,2176.8,5,0.0,0,0.0,0,0.0,0,0.0,0
2012-11-21T09:15:36.500,2176.6,4184,2176.6,4,0.0,0,0.0,0,0.0,0,0.0,0,2176.8,4,0.0,0,0.0,0,0.0,0,0.0,0
2012-11-21T09:15:37.000,2176.8,4193,2176.8,4,0.0,0,0.0,0,0.0,0,0.0,0,2177,84,0.0,0,0.0,0,0.0,0,0.0,0
2012-11-21T09:15:37.500,2177,4206,2176.8,2,0.0,0,0.0,0,0.0,0,0.0,0,2177,83,0.0,0,0.0,0,0.0,0,0.0,0
2012-11-21T09:15:38.000,2177,4213,2176.8,1,0.0,0,0.0,0,0.0,0,0.0,0,2177,92,0.0,0,0.0,0,0.0,0,0.0,0
2012-11-21T09:15:38.500,2177,4218,2176.8,7,0.0,0,0.0,0,0.0,0,0.0,0,2177,92,0.0,0,0.0,0,0.0,0,0.0,0
2012-11-21T09:15:39.000,2176.8,4223,2176.8,8,0.0,0,0.0,0,0.0,0,0.0,0,2177,92,0.0,0,0.0,0,0.0,0,0.0,0
2012-11-21T09:15:39.500,2177,4232,2176.8,4,0.0,0,0.0,0,0.0,0,0.0,0,2177,89,0.0,0,0.0,0,0.0,0,0.0,0
2012-11-21T09:15:40.000,2176.8,4235,2176.8,9,0.0,0,0.0,0,0.0,0,0.0,0,2177,86,0.0,0,0.0,0,0.0,0,0.0,0
2012-11-21T09:15:40.500,2177,4247,2176.8,5,0.0,0,0.0,0,0.0,0,0.0,0,2177,82,0.0,0,0.0,0,0.0,0,0.0,0
2012-11-21T09:15:41.000,2176.8,4250,2176.8,6,0.0,0,0.0,0,0.0,0,0.0,0,2177,80,0.0,0,0.0,0,0.0,0,0.0,0
2012-11-21T09:15:41.500,2176.8,4257,2176.8,6,0.0,0,0.0,0,0.0,0,0.0,0,2177,79,0.0,0,0.0,0,0.0,0,0.0,0
2012-11-21T09:15:42.000,2177,4270,2176.8,8,0.0,0,0.0,0,0.0,0,0.0,0,2177,75,0.0,0,0.0,0,0.0,0,0.0,0
2012-11-21T09:15:42.500,2176.8,4282,2176.8,2,0.0,0,0.0,0,0.0,0,0.0,0,2177,85,0.0,0,0.0,0,0.0,0,0.0,0
2012-11-21T09:15:43.000,2177,4313,2176.6,14,0.0,0,0.0,0,0.0,0,0.0,0,2177,70,0.0,0,0.0,0,0.0,0,0.0,0
2012-11-21T09:15:43.500,2177,4319,2176.6,13,0.0,0,0.0,0,0.0,0,0.0,0,2177,67,0.0,0,0.0,0,0.0,0,0.0,0
2012-11-21T09:15:44.000,2176.6,4361,2176.6,15,0.0,0,0.0,0,0.0,0,0.0,0,2176.8,99,0.0,0,0.0,0,0.0,0,0.0,0
2012-11-21T09:15:44.500,2176.6,4393,2176.4,27,0.0,0,0.0,0,0.0,0,0.0,0,2176.6,5,0.0,0,0.0,0,0.0,0,0.0,0
2012-11-21T09:15:45.000,2176.4,4404,2176.4,19,0.0,0,0.0,0,0.0,0,0.0,0,2176.6,31,0.0,0,0.0,0,0.0,0,0.0,0
2012-11-21T09:15:45.500,2176.6,4415,2176.4,12,0.0,0,0.0,0,0.0,0,0.0,0,2176.6,32,0.0,0,0.0,0,0.0,0,0.0,0
2012-11-21T09:15:46.000,2176.2,4458,2176.2,68,0.0,0,0.0,0,0.0,0,0.0,0,2176.4,10,0.0,0,0.0,0,0.0,0,0.0,0
2012-11-21T09:15:46.500,2176.2,4562,2176.2,60,0.0,0,0.0,0,0.0,0,0.0,0,2176.6,5,0.0,0,0.0,0,0.0,0,0.0,0
2012-11-21T09:15:47.000,2176.4,4599,2176.4,1,0.0,0,0.0,0,0.0,0,0.0,0,2176.8,154,0.0,0,0.0,0,0.0,0,0.0,0
2012-11-21T09:15:47.500,2176.6,4605,2176.4,23,0.0,0,0.0,0,0.0,0,0.0,0,2176.6,6,0.0,0,0.0,0,0.0,0,0.0,0
2012-11-21T09:15:48.000,2176.4,4638,2176.2,50,0.0,0,0.0,0,0.0,0,0.0,0,2176.4,23,0.0,0,0.0,0,0.0,0,0.0,0
2012-11-21T09:15:48.500,2176.8,4687,2176.6,28,0.0,0,0.0,0,0.0,0,0.0,0,2176.8,159,0.0,0,0.0,0,0.0,0,0.0,0
2012-11-21T09:15:49.000,2176.6,4710,2176.6,15,0.0,0,0.0,0,0.0,0,0.0,0,2176.8,160,0.0,0,0.0,0,0.0,0,0.0,0
2012-11-21T09:15:49.500,2176.6,4735,2176.4,33,0.0,0,0.0,0,0.0,0,0.0,0,2176.6,8,0.0,0,0.0,0,0.0,0,0.0,0
2012-11-21T09:15:50.000,2176.4,4746,2176.4,43,0.0,0,0.0,0,0.0,0,0.0,0,2176.6,7,0.0,0,0.0,0,0.0,0,0.0,0
2012-11-21T09:15:50.500,2176.6,4747,2176.4,35,0.0,0,0.0,0,0.0,0,0.0,0,2176.6,7,0.0,0,0.0,0,0.0,0,0.0,0
2012-11-21T09:15:51.000,2176.4,4756,2176.4,30,0.0,0,0.0,0,0.0,0,0.0,0,2176.6,6,0.0,0,0.0,0,0.0,0,0.0,0
2012-11-21T09:15:51.500,2176.4,4775,2176.4,20,0.0,0,0.0,0,0.0,0,0.0,0,2176.8,160,0.0,0,0.0,0,0.0,0,0.0,0
2012-11-21T09:15:52.000,2176.4,4797,2176.4,2,0.0,0,0.0,0,0.0,0,0.0,0,2176.6,9,0.0,0,0.0,0,0.0,0,0.0,0
2012-11-21T09:15:52.500,2176.4,4805,2176.2,92,0.0,0,0.0,0,0.0,0,0.0,0,2176.4,5,0.0,0,0.0,0,0.0,0,0.0,0
2012-11-21T09:15:53.000,2176.2,4821,2176.4,3,0.0,0,0.0,0,0.0,0,0.0,0,2176.6,61,0.0,0,0.0,0,0.0,0,0.0,0
2012-11-21T09:15:53.500,2176.4,4824,2176.4,2,0.0,0,0.0,0,0.0,0,0.0,0,2176.6,64,0.0,0,0.0,0,0.0,0,0.0,0
2012-11-21T09:15:54.000,2176.6,4837,2176.2,88,0.0,0,0.0,0,0.0,0,0.0,0,2176.4,1,0.0,0,0.0,0,0.0,0,0.0,0
2012-11-21T09:15:54.500,2176.2,4846,2176.2,82,0.0,0,0.0,0,0.0,0,0.0,0,2176.4,1,0.0,0,0.0,0,0.0,0,0.0,0
2012-11-21T09:15:55.000,2176.2,4871,2176.4,28,0.0,0,0.0,0,0.0,0,0.0,0,2176.6,51,0.0,0,0.0,0,0.0,0,0.0,0
2012-11-21T09:15:55.500,2176.6,4918,2176.4,5,0.0,0,0.0,0,0.0,0,0.0,0,2176.6,27,0.0,0,0.0,0,0.0,0,0.0,0
2012-11-21T09:15:56.000,2176.4,4925,2176.4,6,0.0,0,0.0,0,0.0,0,0.0,0,2176.6,25,0.0,0,0.0,0,0.0,0,0.0,0
2012-11-21T09:15:56.500,2176.4,4931,2176.4,16,0.0,0,0.0,0,0.0,0,0.0,0,2176.6,21,0.0,0,0.0,0,0.0,0,0.0,0
2012-11-21T09:15:57.000,2176.6,4968,2176.2,55,0.0,0,0.0,0,0.0,0,0.0,0,2176.6,19,0.0,0,0.0,0,0.0,0,0.0,0
2012-11-21T09:15:57.500,2176.4,4980,2176.4,27,0.0,0,0.0,0,0.0,0,0.0,0,2176.6,14,0.0,0,0.0,0,0.0,0,0.0,0
2012-11-21T09:15:58.000,2176.4,4989,2176.4,24,0.0,0,0.0,0,0.0,0,0.0,0,2176.6,12,0.0,0,0.0,0,0.0,0,0.0,0
2012-11-21T09:15:58.500,2176.8,5027,2176.4,23,0.0,0,0.0,0,0.0,0,0.0,0,2176.8,157,0.0,0,0.0,0,0.0,0,0.0,0
2012-11-21T09:15:59.000,2176.4,5059,2176.2,89,0.0,0,0.0,0,0.0,0,0.0,0,2176.8,156,0.0,0,0.0,0,0.0,0,0.0,0
2012-11-21T09:15:59.500,2176.8,5061,2176.4,28,0.0,0,0.0,0,0.0,0,0.0,0,2176.8,146,0.0,0,0.0,0,0.0,0,0.0,0
2012-11-21T09:16:00.000,2176.4,5077,2176.4,25,0.0,0,0.0,0,0.0,0,0.0,0,2176.6,20,0.0,0,0.0,0,0.0,0,0.0,0
2012-11-21T09:16:00.500,2176.4,5120,2176.4,3,0.0,0,0.0,0,0.0,0,0.0,0,2176.6,3,0.0,0,0.0,0,0.0,0,0.0,0
2012-11-21T09:16:01.000,2176.6,5162,2176.2,69,0.0,0,0.0,0,0.0,0,0.0,0,2176.4,4,0.0,0,0.0,0,0.0,0,0.0,0
2012-11-21T09:16:01.500,2176.8,5186,2176.2,66,0.0,0,0.0,0,0.0,0,0.0,0,2176.8,144,0.0,0,0.0,0,0.0,0,0.0,0
2012-11-21T09:16:02.000,2176.4,5212,2176.2,71,0.0,0,0.0,0,0.0,0,0.0,0,2176.4,21,0.0,0,0.0,0,0.0,0,0.0,0
2012-11-21T09:16:02.500,2176.2,5228,2176.2,66,0.0,0,0.0,0,0.0,0,0.0,0,2176.4,13,0.0,0,0.0,0,0.0,0,0.0,0
2012-11-21T09:16:03.000,2176.6,5249,2176.2,64,0.0,0,0.0,0,0.0,0,0.0,0,2176.6,2,0.0,0,0.0,0,0.0,0,0.0,0
2012-11-21T09:16:03.500,2176.4,5255,2176.4,5,0.0,0,0.0,0,0.0,0,0.0,0,2176.6,21,0.0,0,0.0,0,0.0,0,0.0,0
2012-11-21T09:16:04.000,2176.4,5256,2176.4,7,0.0,0,0.0,0,0.0,0,0.0,0,2176.6,21,0.0,0,0.0,0,0.0,0,0.0,0
2012-11-21T09:16:04.500,2176.4,5301,2176.4,10,0.0,0,0.0,0,0.0,0,0.0,0,2176.6,1,0.0,0,0.0,0,0.0,0,0.0,0
2012-11-21T09:16:05.000,2176.8,5307,2176.6,1,0.0,0,0.0,0,0.0,0,0.0,0,2176.8,181,0.0,0,0.0,0,0.0,0,0.0,0
2012-11-21T09:16:05.500,2176.6,5312,2176.4,9,0.0,0,0.0,0,0.0,0,0.0,0,2176.6,10,0.0,0,0.0,0,0.0,0,0.0,0
2012-11-21T09:16:06.000,2176.4,5319,2176.4,20,0.0,0,0.0,0,0.0,0,0.0,0,2176.6,17,0.0,0,0.0,0,0.0,0,0.0,0
2012-11-21T09:16:06.500,2176.6,5331,2176.4,12,0.0,0,0.0,0,0.0,0,0.0,0,2176.6,16,0.0,0,0.0,0,0.0,0,0.0,0
2012-11-21T09:16:07.000,2176.6,5341,2176.4,10,0.0,0,0.0,0,0.0,0,0.0,0,2176.6,11,0.0,0,0.0,0,0.0,0,0.0,0
2012-11-21T09:16:07.500,2176.4,5348,2176.4,7,0.0,0,0.0,0,0.0,0,0.0,0,2176.6,10,0.0,0,0.0,0,0.0,0,0.0,0
2012-11-21T09:16:08.000,2176.6,5360,2176.4,7,0.0,0,0.0,0,0.0,0,0.0,0,2176.6,4,0.0,0,0.0,0,0.0,0,0.0,0
2012-11-21T09:16:08.500,2176.4,5371,2176.4,20,0.0,0,0.0,0,0.0,0,0.0,0,2176.8,187,0.0,0,0.0,0,0.0,0,0.0,0
2012-11-21T09:16:09.000,2176.6,5380,2176.4,18,0.0,0,0.0,0,0.0,0,0.0,0,2176.6,4,0.0,0,0.0,0,0.0,0,0.0,0
2012-11-21T09:16:09.500,2176.8,5393,2176.4,19,0.0,0,0.0,0,0.0,0,0.0,0,2176.8,188,0.0,0,0.0,0,0.0,0,0.0,0
2012-11-21T09:16:10.000,2176.4,5407,2176.6,8,0.0,0,0.0,0,0.0,0,0.0,0,2176.8,188,0.0,0,0.0,0,0.0,0,0.0,0
2012-11-21T09:16:10.500,2176.6,5421,2176.6,4,0.0,0,0.0,0,0.0,0,0.0,0,2176.8,178,0.0,0,0.0,0,0.0,0,0.0,0
2012-11-21T09:16:11.000,2176.8,5430,2176.6,2,0.0,0,0.0,0,0.0,0,0.0,0,2176.8,174,0.0,0,0.0,0,0.0,0,0.0,0
2012-11-21T09:16:11.500,2176.8,5448,2176.4,38,0.0,0,0.0,0,0.0,0,0.0,0,2176.8,159,0.0,0,0.0,0,0.0,0,0.0,0
2012-11-21T09:16:12.000,2176.6,5453,2176.4,43,0.0,0,0.0,0,0.0,0,0.0,0,2176.6,5,0.0,0,0.0,0,0.0,0,0.0,0
2012-11-21T09:16:12.500,2176.6,5459,2176.6,1,0.0,0,0.0,0,0.0,0,0.0,0,2176.8,157,0.0,0,0.0,0,0.0,0,0.0,0
2012-11-21T09:16:13.000,2176.6,5465,2176.4,56,0.0,0,0.0,0,0.0,0,0.0,0,2176.6,7,0.0,0,0.0,0,0.0,0,0.0,0
2012-11-21T09:16:13.500,2176.6,5474,2176.6,18,0.0,0,0.0,0,0.0,0,0.0,0,2176.8,148,0.0,0,0.0,0,0.0,0,0.0,0
2012-11-21T09:16:14.000,2176.6,5478,2176.6,19,0.0,0,0.0,0,0.0,0,0.0,0,2176.8,152,0.0,0,0.0,0,0.0,0,0.0,0
2012-11-21T09:16:14.500,2176.6,5484,2176.6,19,0.0,0,0.0,0,0.0,0,0.0,0,2176.8,150,0.0,0,0.0,0,0.0,0,0.0,0
2012-11-21T09:16:15.000,2176.6,5487,2176.6,25,0.0,0,0.0,0,0.0,0,0.0,0,2176.8,148,0.0,0,0.0,0,0.0,0,0.0,0
2012-11-21T09:16:15.500,2176.8,5514,2176.6,22,0.0,0,0.0,0,0.0,0,0.0,0,2176.8,126,0.0,0,0.0,0,0.0,0,0.0,0
2012-11-21T09:16:16.000,2176.8,5610,2176.6,20,0.0,0,0.0,0,0.0,0,0.0,0,2176.8,36,0.0,0,0.0,0,0.0,0,0.0,0
2012-11-21T09:16:16.500,2177,5679,2176.8,29,0.0,0,0.0,0,0.0,0,0.0,0,2177,76,0.0,0,0.0,0,0.0,0,0.0,0
2012-11-21T09:16:17.000,2177,5703,2176.8,59,0.0,0,0.0,0,0.0,0,0.0,0,2177,59,0.0,0,0.0,0,0.0,0,0.0,0
2012-11-21T09:16:17.500,2177,5753,2176.8,43,0.0,0,0.0,0,0.0,0,0.0,0,2177,10,0.0,0,0.0,0,0.0,0,0.0,0
2012-11-21T09:16:18.000,2177.2,5766,2177,106,0.0,0,0.0,0,0.0,0,0.0,0,2177.2,19,0.0,0,0.0,0,0.0,0,0.0,0
2012-11-21T09:16:18.500,2177.2,5809,2177.2,33,0.0,0,0.0,0,0.0,0,0.0,0,2177.4,2,0.0,0,0.0,0,0.0,0,0.0,0
2012-11-21T09:16:19.000,2177.4,5857,2177.4,28,0.0,0,0.0,0,0.0,0,0.0,0,2177.8,6,0.0,0,0.0,0,0.0,0,0.0,0
2012-11-21T09:16:19.500,2177.8,5876,2177.4,24,0.0,0,0.0,0,0.0,0,0.0,0,2177.8,17,0.0,0,0.0,0,0.0,0,0.0,0
2012-11-21T09:16:20.000,2177.8,5885,2177.4,24,0.0,0,0.0,0,0.0,0,0.0,0,2177.8,9,0.0,0,0.0,0,0.0,0,0.0,0
2012-11-21T09:16:20.500,2177.6,5943,2177.4,9,0.0,0,0.0,0,0.0,0,0.0,0,2177.8,16,0.0,0,0.0,0,0.0,0,0.0,0
2012-11-21T09:16:21.000,2177.8,5958,2177.4,11,0.0,0,0.0,0,0.0,0,0.0,0,2177.8,11,0.0,0,0.0,0,0.0,0,0.0,0
2012-11-21T09:16:21.500,2177.8,5968,2177.4,13,0.0,0,0.0,0,0.0,0,0.0,0,2177.8,38,0.0,0,0.0,0,0.0,0,0.0,0
2012-11-21T09:16:22.000,2178,6020,2177.8,4,0.0,0,0.0,0,0.0,0,0.0,0,2178,22,0.0,0,0.0,0,0.0,0,0.0,0
2012-11-21T09:16:22.500,2178,6026,2177.8,17,0.0,0,0.0,0,0.0,0,0.0,0,2178,16,0.0,0,0.0,0,0.0,0,0.0,0
2012-11-21T09:16:23.000,2178,6040,2177.8,16,0.0,0,0.0,0,0.0,0,0.0,0,2178,11,0.0,0,0.0,0,0.0,0,0.0,0
2012-11-21T09:16:23.500,2177.8,6055,2177.8,9,0.0,0,0.0,0,0.0,0,0.0,0,2178,8,0.0,0,0.0,0,0.0,0,0.0,0
2012-11-21T09:16:24.000,2178,6067,2178,29,0.0,0,0.0,0,0.0,0,0.0,0,2178.2,6,0.0,0,0.0,0,0.0,0,0.0,0
2012-11-21T09:16:24.500,2178.2,6100,2178,8,0.0,0,0.0,0,0.0,0,0.0,0,2178.2,2,0.0,0,0.0,0,0.0,0,0.0,0
2012-11-21T09:16:25.000,2178,6111,2178,4,0.0,0,0.0,0,0.0,0,0.0,0,2178.2,15,0.0,0,0.0,0,0.0,0,0.0,0
2012-11-21T09:16:25.500,2178,6137,2177.8,18,0.0,0,0.0,0,0.0,0,0.0,0,2178,13,0.0,0,0.0,0,0.0,0,0.0,0
2012-11-21T09:16:26.000,2178,6186,2178,2,0.0,0,0.0,0,0.0,0,0.0,0,2178.2,9,0.0,0,0.0,0,0.0,0,0.0,0
2012-11-21T09:16:26.500,2178,6211,2178,1,0.0,0,0.0,0,0.0,0,0.0,0,2178.2,9,0.0,0,0.0,0,0.0,0,0.0,0
2012-11-21T09:16:27.000,2178.2,6225,2178,2,0.0,0,0.0,0,0.0,0,0.0,0,2178.2,3,0.0,0,0.0,0,0.0,0,0.0,0
2012-11-21T09:16:27.500,2178.2,6236,2178,10,0.0,0,0.0,0,0.0,0,0.0,0,2178.2,7,0.0,0,0.0,0,0.0,0,0.0,0
2012-11-21T09:16:28.000,2178.2,6248,2178.2,9,0.0,0,0.0,0,0.0,0,0.0,0,2178.4,9,0.0,0,0.0,0,0.0,0,0.0,0
2012-11-21T09:16:28.500,2178.2,6255,2178.2,7,0.0,0,0.0,0,0.0,0,0.0,0,2178.4,8,0.0,0,0.0,0,0.0,0,0.0,0
2012-11-21T09:16:29.000,2178.2,6279,2178.2,9,0.0,0,0.0,0,0.0,0,0.0,0,2178.4,5,0.0,0,0.0,0,0.0,0,0.0,0
2012-11-21T09:16:29.500,2178.2,6290,2178.2,15,0.0,0,0.0,0,0.0,0,0.0,0,2178.4,2,0.0,0,0.0,0,0.0,0,0.0,0
2012-11-21T09:16:30.000,2178.4,6298,2178.4,24,0.0,0,0.0,0,0.0,0,0.0,0,2178.6,26,0.0,0,0.0,0,0.0,0,0.0,0
2012-11-21T09:16:30.500,2178.4,6325,2178.4,17,0.0,0,0.0,0,0.0,0,0.0,0,2178.6,26,0.0,0,0.0,0,0.0,0,0.0,0
2012-11-21T09:16:31.000,2178.4,6340,2178.4,11,0.0,0,0.0,0,0.0,0,0.0,0,2178.6,26,0.0,0,0.0,0,0.0,0,0.0,0
2012-11-21T09:16:31.500,2178.6,6355,2178.4,12,0.0,0,0.0,0,0.0,0,0.0,0,2178.6,17,0.0,0,0.0,0,0.0,0,0.0,0
2012-11-21T09:16:32.000,2178.4,6378,2178.6,4,0.0,0,0.0,0,0.0,0,0.0,0,2178.8,15,0.0,0,0.0,0,0.0,0,0.0,0
2012-11-21T09:16:32.500,2178.6,6387,2178.4,20,0.0,0,0.0,0,0.0,0,0.0,0,2178.6,23,0.0,0,0.0,0,0.0,0,0.0,0
2012-11-21T09:16:33.000,2178.6,6400,2178.4,15,0.0,0,0.0,0,0.0,0,0.0,0,2178.6,18,0.0,0,0.0,0,0.0,0,0.0,0
2012-11-21T09:16:33.500,2178.6,6416,2178.4,12,0.0,0,0.0,0,0.0,0,0.0,0,2178.6,6,0.0,0,0.0,0,0.0,0,0.0,0
2012-11-21T09:16:34.000,2178.4,6443,2178.4,7,0.0,0,0.0,0,0.0,0,0.0,0,2178.6,9,0.0,0,0.0,0,0.0,0,0.0,0
2012-11-21T09:16:34.500,2178.6,6458,2178.6,28,0.0,0,0.0,0,0.0,0,0.0,0,2178.8,28,0.0,0,0.0,0,0.0,0,0.0,0
2012-11-21T09:16:35.000,2178.6,6473,2178.6,17,0.0,0,0.0,0,0.0,0,0.0,0,2178.8,29,0.0,0,0.0,0,0.0,0,0.0,0
2012-11-21T09:16:35.500,2178.8,6483,2178.6,12,0.0,0,0.0,0,0.0,0,0.0,0,2178.8,30,0.0,0,0.0,0,0.0,0,0.0,0
2012-11-21T09:16:36.000,2178.8,6505,2178.6,7,0.0,0,0.0,0,0.0,0,0.0,0,2178.8,14,0.0,0,0.0,0,0.0,0,0.0,0
2012-11-21T09:16:36.500,2178.8,6540,2178.6,1,0.0,0,0.0,0,0.0,0,0.0,0,2178.8,5,0.0,0,0.0,0,0.0,0,0.0,0
2012-11-21T09:16:37.000,2178.6,6551,2178.4,19,0.0,0,0.0,0,0.0,0,0.0,0,2178.6,7,0.0,0,0.0,0,0.0,0,0.0,0
2012-11-21T09:16:37.500,2178.4,6596,2178.2,26,0.0,0,0.0,0,0.0,0,0.0,0,2178.4,6,0.0,0,0.0,0,0.0,0,0.0,0
2012-11-21T09:16:38.000,2178.4,6620,2178.2,26,0.0,0,0.0,0,0.0,0,0.0,0,2178.4,29,0.0,0,0.0,0,0.0,0,0.0,0
2012-11-21T09:16:38.500,2178.2,6630,2178.2,19,0.0,0,0.0,0,0.0,0,0.0,0,2178.4,28,0.0,0,0.0,0,0.0,0,0.0,0
2012-11-21T09:16:39.000,2178.4,6634,2178.2,16,0.0,0,0.0,0,0.0,0,0.0,0,2178.4,28,0.0,0,0.0,0,0.0,0,0.0,0
2012-11-21T09:16:39.500,2178.2,6646,2178.2,10,0.0,0,0.0,0,0.0,0,0.0,0,2178.4,24,0.0,0,0.0,0,0.0,0,0.0,0
2012-11-21T09:16:40.000,2178,6673,2178,44,0.0,0,0.0,0,0.0,0,0.0,0,2178.2,11,0.0,0,0.0,0,0.0,0,0.0,0
2012-11-21T09:16:40.500,2178,6688,2178,30,0.0,0,0.0,0,0.0,0,0.0,0,2178.2,10,0.0,0,0.0,0,0.0,0,0.0,0
2012-11-21T09:16:41.000,2178.2,6711,2178,8,0.0,0,0.0,0,0.0,0,0.0,0,2178.2,13,0.0,0,0.0,0,0.0,0,0.0,0
2012-11-21T09:16:41.500,2177.8,6728,2177.8,22,0.0,0,0.0,0,0.0,0,0.0,0,2178,21,0.0,0,0.0,0,0.0,0,0.0,0
2012-11-21T09:16:42.000,2178,6753,2177.8,13,0.0,0,0.0,0,0.0,0,0.0,0,2178,50,0.0,0,0.0,0,0.0,0,0.0,0
2012-11-21T09:16:42.500,2178,6770,2177.6,7,0.0,0,0.0,0,0.0,0,0.0,0,2178,49,0.0,0,0.0,0,0.0,0,0.0,0
2012-11-21T09:16:43.000,2178,6811,2177.4,4,0.0,0,0.0,0,0.0,0,0.0,0,2178,72,0.0,0,0.0,0,0.0,0,0.0,0
2012-11-21T09:16:43.500,2177.8,6820,2177.4,10,0.0,0,0.0,0,0.0,0,0.0,0,2177.8,13,0.0,0,0.0,0,0.0,0,0.0,0
2012-11-21T09:16:44.000,2177.6,6841,2177.4,1,0.0,0,0.0,0,0.0,0,0.0,0,2177.8,17,0.0,0,0.0,0,0.0,0,0.0,0
2012-11-21T09:16:44.500,2177.4,6846,2177.2,20,0.0,0,0.0,0,0.0,0,0.0,0,2177.8,16,0.0,0,0.0,0,0.0,0,0.0,0
2012-11-21T09:16:45.000,2177.4,6850,2177.4,2,0.0,0,0.0,0,0.0,0,0.0,0,2177.6,1,0.0,0,0.0,0,0.0,0,0.0,0
2012-11-21T09:16:45.500,2177.2,6857,2177.2,21,0.0,0,0.0,0,0.0,0,0.0,0,2177.4,2,0.0,0,0.0,0,0.0,0,0.0,0
2012-11-21T09:16:46.000,2177.2,6870,2177.2,39,0.0,0,0.0,0,0.0,0,0.0,0,2177.6,17,0.0,0,0.0,0,0.0,0,0.0,0
2012-11-21T09:16:46.500,2177.2,6872,2177.2,38,0.0,0,0.0,0,0.0,0,0.0,0,2177.6,16,0.0,0,0.0,0,0.0,0,0.0,0
2012-11-21T09:16:47.000,2177.2,6874,2177.2,39,0.0,0,0.0,0,0.0,0,0.0,0,2177.6,23,0.0,0,0.0,0,0.0,0,0.0,0
2012-11-21T09:16:47.500,2177.2,6877,2177.2,42,0.0,0,0.0,0,0.0,0,0.0,0,2177.6,23,0.0,0,0.0,0,0.0,0,0.0,0
2012-11-21T09:16:48.000,2177.2,6880,2177.2,45,0.0,0,0.0,0,0.0,0,0.0,0,2177.6,22,0.0,0,0.0,0,0.0,0,0.0,0
2012-11-21T09:16:48.500,2177.2,6906,2177.2,22,0.0,0,0.0,0,0.0,0,0.0,0,2177.6,22,0.0,0,0.0,0,0.0,0,0.0,0
2012-11-21T09:16:49.000,2177.6,6910,2177.4,2,0.0,0,0.0,0,0.0,0,0.0,0,2177.6,21,0.0,0,0.0,0,0.0,0,0.0,0
2012-11-21T09:16:49.500,2177.4,6918,2177.4,1,0.0,0,0.0,0,0.0,0,0.0,0,2177.6,22,0.0,0,0.0,0,0.0,0,0.0,0
2012-11-21T09:16:50.000,2177.6,6927,2177.4,2,0.0,0,0.0,0,0.0,0,0.0,0,2177.6,21,0.0,0,0.0,0,0.0,0,0.0,0
2012-11-21T09:16:50.500,2177.4,6938,2177.4,3,0.0,0,0.0,0,0.0,0,0.0,0,2177.6,16,0.0,0,0.0,0,0.0,0,0.0,0
2012-11-21T09:16:51.000,2177.4,6940,2177.4,3,0.0,0,0.0,0,0.0,0,0.0,0,2177.6,15,0.0,0,0.0,0,0.0,0,0.0,0
2012-11-21T09:16:51.500,2177.4,6945,2177.4,2,0.0,0,0.0,0,0.0,0,0.0,0,2177.6,15,0.0,0,0.0,0,0.0,0,0.0,0
2012-11-21T09:16:52.000,2177.4,6948,2177.2,18,0.0,0,0.0,0,0.0,0,0.0,0,2177.6,15,0.0,0,0.0,0,0.0,0,0.0,0
2012-11-21T09:16:52.500,2177.6,6954,2177.2,19,0.0,0,0.0,0,0.0,0,0.0,0,2177.6,11,0.0,0,0.0,0,0.0,0,0.0,0
2012-11-21T09:16:53.000,2177.2,6957,2177.2,33,0.0,0,0.0,0,0.0,0,0.0,0,2177.4,1,0.0,0,0.0,0,0.0,0,0.0,0
2012-11-21T09:16:53.500,2177.6,6981,2177.2,20,0.0,0,0.0,0,0.0,0,0.0,0,2177.6,6,0.0,0,0.0,0,0.0,0,0.0,0
2012-11-21T09:16:54.000,2177.4,6983,2177.4,5,0.0,0,0.0,0,0.0,0,0.0,0,2177.6,6,0.0,0,0.0,0,0.0,0,0.0,0
2012-11-21T09:16:54.500,2177.2,7000,2177.2,13,0.0,0,0.0,0,0.0,0,0.0,0,2177.4,1,0.0,0,0.0,0,0.0,0,0.0,0
2012-11-21T09:16:55.000,2177.2,7011,2177.2,11,0.0,0,0.0,0,0.0,0,0.0,0,2177.6,1,0.0,0,0.0,0,0.0,0,0.0,0
2012-11-21T09:16:55.500,2177.4,7021,2177.2,11,0.0,0,0.0,0,0.0,0,0.0,0,2177.4,3,0.0,0,0.0,0,0.0,0,0.0,0
2012-11-21T09:16:56.000,2177.2,7026,2177.2,9,0.0,0,0.0,0,0.0,0,0.0,0,2177.4,3,0.0,0,0.0,0,0.0,0,0.0,0
2012-11-21T09:16:56.500,2177.4,7029,2177.2,8,0.0,0,0.0,0,0.0,0,0.0,0,2177.4,3,0.0,0,0.0,0,0.0,0,0.0,0
2012-11-21T09:16:57.000,2177.4,7031,2177.2,42,0.0,0,0.0,0,0.0,0,0.0,0,2177.4,6,0.0,0,0.0,0,0.0,0,0.0,0
2012-11-21T09:16:57.500,2177.2,7034,2177.2,41,0.0,0,0.0,0,0.0,0,0.0,0,2177.4,4,0.0,0,0.0,0,0.0,0,0.0,0
2012-11-21T09:16:58.000,2177.4,7058,2177.2,19,0.0,0,0.0,0,0.0,0,0.0,0,2177.4,4,0.0,0,0.0,0,0.0,0,0.0,0
2012-11-21T09:16:58.500,2177.4,7067,2177.2,23,0.0,0,0.0,0,0.0,0,0.0,0,2177.4,2,0.0,0,0.0,0,0.0,0,0.0,0
2012-11-21T09:16:59.000,2177.4,7074,2177.2,22,0.0,0,0.0,0,0.0,0,0.0,0,2177.4,1,0.0,0,0.0,0,0.0,0,0.0,0
2012-11-21T09:16:59.500,2177.4,7096,2177.2,5,0.0,0,0.0,0,0.0,0,0.0,0,2177.6,27,0.0,0,0.0,0,0.0,0,0.0,0
2012-11-21T09:17:00.000,2177,7105,2177,166,0.0,0,0.0,0,0.0,0,0.0,0,2177.6,27,0.0,0,0.0,0,0.0,0,0.0,0
2012-11-21T09:17:00.500,2177.2,7113,2177.2,19,0.0,0,0.0,0,0.0,0,0.0,0,2177.4,1,0.0,0,0.0,0,0.0,0,0.0,0
2012-11-21T09:17:01.000,2177.4,7120,2177.2,38,0.0,0,0.0,0,0.0,0,0.0,0,2177.6,28,0.0,0,0.0,0,0.0,0,0.0,0
2012-11-21T09:17:01.500,2177.4,7126,2177.2,42,0.0,0,0.0,0,0.0,0,0.0,0,2177.4,3,0.0,0,0.0,0,0.0,0,0.0,0
2012-11-21T09:17:02.000,2177.4,7148,2177.2,36,0.0,0,0.0,0,0.0,0,0.0,0,2177.4,2,0.0,0,0.0,0,0.0,0,0.0,0
2012-11-21T09:17:02.500,2177.4,7150,2177.2,41,0.0,0,0.0,0,0.0,0,0.0,0,2177.4,1,0.0,0,0.0,0,0.0,0,0.0,0
2012-11-21T09:17:03.000,2177.4,7176,2177.2,28,0.0,0,0.0,0,0.0,0,0.0,0,2177.4,1,0.0,0,0.0,0,0.0,0,0.0,0
2012-11-21T09:17:03.500,2177.4,7180,2177.2,27,0.0,0,0.0,0,0.0,0,0.0,0,2177.6,30,0.0,0,0.0,0,0.0,0,0.0,0
2012-11-21T09:17:04.000,2177.6,7181,2177.2,27,0.0,0,0.0,0,0.0,0,0.0,0,2177.6,31,0.0,0,0.0,0,0.0,0,0.0,0
2012-11-21T09:17:04.500,2177.6,7185,2177.4,2,0.0,0,0.0,0,0.0,0,0.0,0,2177.6,29,0.0,0,0.0,0,0.0,0,0.0,0
2012-11-21T09:17:05.000,2177.6,7196,2177.4,1,0.0,0,0.0,0,0.0,0,0.0,0,2177.6,26,0.0,0,0.0,0,0.0,0,0.0,0
2012-11-21T09:17:05.500,2177.6,7199,2177.4,6,0.0,0,0.0,0,0.0,0,0.0,0,2177.6,23,0.0,0,0.0,0,0.0,0,0.0,0
2012-11-21T09:17:06.000,2177.6,7202,2177.4,17,0.0,0,0.0,0,0.0,0,0.0,0,2177.6,20,0.0,0,0.0,0,0.0,0,0.0,0
2012-11-21T09:17:06.500,2177.6,7216,2177.4,14,0.0,0,0.0,0,0.0,0,0.0,0,2177.6,13,0.0,0,0.0,0,0.0,0,0.0,0
2012-11-21T09:17:07.000,2177.6,7243,2177.4,2,0.0,0,0.0,0,0.0,0,0.0,0,2177.8,22,0.0,0,0.0,0,0.0,0,0.0,0
2012-11-21T09:17:07.500,2177.8,7245,2177.6,3,0.0,0,0.0,0,0.0,0,0.0,0,2177.8,20,0.0,0,0.0,0,0.0,0,0.0,0
2012-11-21T09:17:08.000,2177.4,7263,2177.2,48,0.0,0,0.0,0,0.0,0,0.0,0,2177.4,61,0.0,0,0.0,0,0.0,0,0.0,0
2012-11-21T09:17:08.500,2177.4,7275,2177.2,60,0.0,0,0.0,0,0.0,0,0.0,0,2177.4,50,0.0,0,0.0,0,0.0,0,0.0,0
2012-11-21T09:17:09.000,2177.4,7285,2177.2,58,0.0,0,0.0,0,0.0,0,0.0,0,2177.4,57,0.0,0,0.0,0,0.0,0,0.0,0
2012-11-21T09:17:09.500,2177.2,7292,2177.2,60,0.0,0,0.0,0,0.0,0,0.0,0,2177.4,51,0.0,0,0.0,0,0.0,0,0.0,0
2012-11-21T09:17:10.000,2177.4,7293,2177.2,77,0.0,0,0.0,0,0.0,0,0.0,0,2177.4,50,0.0,0,0.0,0,0.0,0,0.0,0
2012-11-21T09:17:10.500,2177.2,7332,2177.2,78,0.0,0,0.0,0,0.0,0,0.0,0,2177.4,12,0.0,0,0.0,0,0.0,0,0.0,0
2012-11-21T09:17:11.000,2177.2,7352,2177.2,80,0.0,0,0.0,0,0.0,0,0.0,0,2177.6,1,0.0,0,0.0,0,0.0,0,0.0,0
2012-11-21T09:17:11.500,2177.4,7354,2177.4,26,0.0,0,0.0,0,0.0,0,0.0,0,2177.6,2,0.0,0,0.0,0,0.0,0,0.0,0
2012-11-21T09:17:12.000,2177.6,7357,2177.4,28,0.0,0,0.0,0,0.0,0,0.0,0,2177.6,1,0.0,0,0.0,0,0.0,0,0.0,0
2012-11-21T09:17:12.500,2177.4,7358,2177.4,28,0.0,0,0.0,0,0.0,0,0.0,0,2177.6,1,0.0,0,0.0,0,0.0,0,0.0,0
2012-11-21T09:17:13.000,2177.6,7370,2177.6,2,0.0,0,0.0,0,0.0,0,0.0,0,2177.8,9,0.0,0,0.0,0,0.0,0,0.0,0
2012-11-21T09:17:13.500,2177.6,7394,2177.4,9,0.0,0,0.0,0,0.0,0,0.0,0,2177.6,18,0.0,0,0.0,0,0.0,0,0.0,0
2012-11-21T09:17:14.000,2177.6,7404,2177.4,4,0.0,0,0.0,0,0.0,0,0.0,0,2177.6,13,0.0,0,0.0,0,0.0,0,0.0,0
2012-11-21T09:17:14.500,2177.8,7421,2177.8,25,0.0,0,0.0,0,0.0,0,0.0,0,2178,28,0.0,0,0.0,0,0.0,0,0.0,0
2012-11-21T09:17:15.000,2177.8,7424,2177.8,23,0.0,0,0.0,0,0.0,0,0.0,0,2178,28,0.0,0,0.0,0,0.0,0,0.0,0
2012-11-21T09:17:15.500,2177.8,7437,2177.8,15,0.0,0,0.0,0,0.0,0,0.0,0,2178,22,0.0,0,0.0,0,0.0,0,0.0,0
2012-11-21T09:17:16.000,2177.4,7464,2177.2,80,0.0,0,0.0,0,0.0,0,0.0,0,2177.4,19,0.0,0,0.0,0,0.0,0,0.0,0
2012-11-21T09:17:16.500,2177.4,7465,2177.2,81,0.0,0,0.0,0,0.0,0,0.0,0,2177.4,18,0.0,0,0.0,0,0.0,0,0.0,0
2012-11-21T09:17:17.000,2177.8,7484,2177.4,24,0.0,0,0.0,0,0.0,0,0.0,0,2177.8,1,0.0,0,0.0,0,0.0,0,0.0,0
2012-11-21T09:17:17.500,2177.4,7485,2177.4,27,0.0,0,0.0,0,0.0,0,0.0,0,2177.8,19,0.0,0,0.0,0,0.0,0,0.0,0
2012-11-21T09:17:18.250,2177.8,7486,2177.6,2,0.0,0,0.0,0,0.0,0,0.0,0,2177.8,27,0.0,0,0.0,0,0.0,0,0.0,0
2012-11-21T09:17:19.000,2177.8,7488,2177.6,6,0.0,0,0.0,0,0.0,0,0.0,0,2177.8,25,0.0,0,0.0,0,0.0,0,0.0,0
2012-11-21T09:17:19.500,2177.8,7500,2177.4,30,0.0,0,0.0,0,0.0,0,0.0,0,2177.6,3,0.0,0,0.0,0,0.0,0,0.0,0
2012-11-21T09:17:21.000,2177.6,7506,2177.4,33,0.0,0,0.0,0,0.0,0,0.0,0,2177.8,27,0.0,0,0.0,0,0.0,0,0.0,0
2012-11-21T09:17:21.500,2177.8,7509,2177.6,11,0.0,0,0.0,0,0.0,0,0.0,0,2177.8,24,0.0,0,0.0,0,0.0,0,0.0,0
2012-11-21T09:17:22.000,2177.6,7516,2177.6,7,0.0,0,0.0,0,0.0,0,0.0,0,2177.8,24,0.0,0,0.0,0,0.0,0,0.0,0
2012-11-21T09:17:22.500,2177.6,7521,2177.6,8,0.0,0,0.0,0,0.0,0,0.0,0,2177.8,20,0.0,0,0.0,0,0.0,0,0.0,0
2012-11-21T09:17:23.000,2177.4,7556,2177.6,1,0.0,0,0.0,0,0.0,0,0.0,0,2177.8,22,0.0,0,0.0,0,0.0,0,0.0,0
2012-11-21T09:17:23.500,2177.6,7560,2177.4,14,0.0,0,0.0,0,0.0,0,0.0,0,2177.6,3,0.0,0,0.0,0,0.0,0,0.0,0
2012-11-21T09:17:24.250,2177.6,7565,2177.6,1,0.0,0,0.0,0,0.0,0,0.0,0,2177.8,21,0.0,0,0.0,0,0.0,0,0.0,0
2012-11-21T09:17:25.000,2177.6,7574,2177.6,1,0.0,0,0.0,0,0.0,0,0.0,0,2177.8,14,0.0,0,0.0,0,0.0,0,0.0,0
2012-11-21T09:17:25.500,2177.6,7578,2177.4,23,0.0,0,0.0,0,0.0,0,0.0,0,2177.6,1,0.0,0,0.0,0,0.0,0,0.0,0
2012-11-21T09:17:26.250,2177.6,7579,2177.6,1,0.0,0,0.0,0,0.0,0,0.0,0,2177.8,16,0.0,0,0.0,0,0.0,0,0.0,0
2012-11-21T09:17:27.000,2177.8,7581,2177.6,3,0.0,0,0.0,0,0.0,0,0.0,0,2177.8,15,0.0,0,0.0,0,0.0,0,0.0,0
2012-11-21T09:17:27.500,2177.8,7587,2177.4,24,0.0,0,0.0,0,0.0,0,0.0,0,2177.8,12,0.0,0,0.0,0,0.0,0,0.0,0
2012-11-21T09:17:28.250,2177.6,7590,2177.4,26,0.0,0,0.0,0,0.0,0,0.0,0,2177.8,10,0.0,0,0.0,0,0.0,0,0.0,0
2012-11-21T09:17:29.000,2177.8,7596,2177.6,6,0.0,0,0.0,0,0.0,0,0.0,0,2177.8,4,0.0,0,0.0,0,0.0,0,0.0,0
2012-11-21T09:17:29.500,2177.6,7599,2177.6,5,0.0,0,0.0,0,0.0,0,0.0,0,2177.8,3,0.0,0,0.0,0,0.0,0,0.0,0
2012-11-21T09:17:30.000,2177.8,7608,2177.8,7,0.0,0,0.0,0,0.0,0,0.0,0,2178,37,0.0,0,0.0,0,0.0,0,0.0,0
2012-11-21T09:17:30.500,2177.8,7619,2177.8,8,0.0,0,0.0,0,0.0,0,0.0,0,2178,31,0.0,0,0.0,0,0.0,0,0.0,0
2012-11-21T09:17:31.000,2177.8,7622,2177.8,6,0.0,0,0.0,0,0.0,0,0.0,0,2178,30,0.0,0,0.0,0,0.0,0,0.0,0
2012-11-21T09:17:31.500,2178,7652,2178,78,0.0,0,0.0,0,0.0,0,0.0,0,2178.2,23,0.0,0,0.0,0,0.0,0,0.0,0
2012-11-21T09:17:32.000,2178.2,7681,2178.2,9,0.0,0,0.0,0,0.0,0,0.0,0,2178.4,42,0.0,0,0.0,0,0.0,0,0.0,0
2012-11-21T09:17:32.500,2178.4,7700,2178.2,6,0.0,0,0.0,0,0.0,0,0.0,0,2178.4,27,0.0,0,0.0,0,0.0,0,0.0,0
2012-11-21T09:17:33.000,2178.4,7701,2178.2,6,0.0,0,0.0,0,0.0,0,0.0,0,2178.4,27,0.0,0,0.0,0,0.0,0,0.0,0
2012-11-21T09:17:33.500,2178.4,7704,2178.2,6,0.0,0,0.0,0,0.0,0,0.0,0,2178.4,26,0.0,0,0.0,0,0.0,0,0.0,0
2012-11-21T09:17:34.000,2178.2,7716,2178.2,3,0.0,0,0.0,0,0.0,0,0.0,0,2178.4,17,0.0,0,0.0,0,0.0,0,0.0,0
2012-11-21T09:17:34.500,2178.2,7722,2178.2,2,0.0,0,0.0,0,0.0,0,0.0,0,2178.4,15,0.0,0,0.0,0,0.0,0,0.0,0
2012-11-21T09:17:35.000,2178.4,7729,2178.2,1,0.0,0,0.0,0,0.0,0,0.0,0,2178.4,15,0.0,0,0.0,0,0.0,0,0.0,0
2012-11-21T09:17:35.500,2178.2,7738,2178,3,0.0,0,0.0,0,0.0,0,0.0,0,2178.4,11,0.0,0,0.0,0,0.0,0,0.0,0
2012-11-21T09:17:36.000,2178,7740,2178,2,0.0,0,0.0,0,0.0,0,0.0,0,2178.2,22,0.0,0,0.0,0,0.0,0,0.0,0
2012-11-21T09:17:36.500,2178.2,7743,2178,5,0.0,0,0.0,0,0.0,0,0.0,0,2178.2,20,0.0,0,0.0,0,0.0,0,0.0,0
2012-11-21T09:17:37.000,2178,7758,2178,3,0.0,0,0.0,0,0.0,0,0.0,0,2178.2,19,0.0,0,0.0,0,0.0,0,0.0,0
2012-11-21T09:17:37.500,2178,7766,2177.8,18,0.0,0,0.0,0,0.0,0,0.0,0,2178,19,0.0,0,0.0,0,0.0,0,0.0,0
2012-11-21T09:17:38.000,2178.2,7788,2177.8,21,0.0,0,0.0,0,0.0,0,0.0,0,2178,3,0.0,0,0.0,0,0.0,0,0.0,0
2012-11-21T09:17:38.500,2178.2,7794,2178,1,0.0,0,0.0,0,0.0,0,0.0,0,2178.2,2,0.0,0,0.0,0,0.0,0,0.0,0
2012-11-21T09:17:39.000,2178.2,7800,2178.2,3,0.0,0,0.0,0,0.0,0,0.0,0,2178.4,22,0.0,0,0.0,0,0.0,0,0.0,0
2012-11-21T09:17:39.500,2178.2,7806,2178.2,1,0.0,0,0.0,0,0.0,0,0.0,0,2178.4,32,0.0,0,0.0,0,0.0,0,0.0,0
2012-11-21T09:17:40.000,2178.4,7811,2178,10,0.0,0,0.0,0,0.0,0,0.0,0,2178.2,1,0.0,0,0.0,0,0.0,0,0.0,0
2012-11-21T09:17:40.500,2178,7814,2178,10,0.0,0,0.0,0,0.0,0,0.0,0,2178.2,10,0.0,0,0.0,0,0.0,0,0.0,0
2012-11-21T09:17:41.000,2178.2,7818,2178,10,0.0,0,0.0,0,0.0,0,0.0,0,2178.2,12,0.0,0,0.0,0,0.0,0,0.0,0
2012-11-21T09:17:41.500,2178.2,7820,2178,11,0.0,0,0.0,0,0.0,0,0.0,0,2178.2,16,0.0,0,0.0,0,0.0,0,0.0,0
2012-11-21T09:17:42.000,2178.2,7830,2178,11,0.0,0,0.0,0,0.0,0,0.0,0,2178.2,8,0.0,0,0.0,0,0.0,0,0.0,0
2012-11-21T09:17:42.500,2178,7848,2178,7,0.0,0,0.0,0,0.0,0,0.0,0,2178.2,1,0.0,0,0.0,0,0.0,0,0.0,0
2012-11-21T09:17:43.000,2178.2,7867,2177.8,45,0.0,0,0.0,0,0.0,0,0.0,0,2178.4,31,0.0,0,0.0,0,0.0,0,0.0,0
2012-11-21T09:17:43.500,2177.8,7880,2177.8,33,0.0,0,0.0,0,0.0,0,0.0,0,2178.4,32,0.0,0,0.0,0,0.0,0,0.0,0
2012-11-21T09:17:44.000,2178.4,7885,2178.2,3,0.0,0,0.0,0,0.0,0,0.0,0,2178.4,28,0.0,0,0.0,0,0.0,0,0.0,0
2012-11-21T09:17:44.500,2178.2,7890,2178,1,0.0,0,0.0,0,0.0,0,0.0,0,2178.4,26,0.0,0,0.0,0,0.0,0,0.0,0
2012-11-21T09:17:45.000,2178,7898,2177.8,34,0.0,0,0.0,0,0.0,0,0.0,0,2178,2,0.0,0,0.0,0,0.0,0,0.0,0
2012-11-21T09:17:45.500,2178.4,7910,2177.8,34,0.0,0,0.0,0,0.0,0,0.0,0,2178.4,15,0.0,0,0.0,0,0.0,0,0.0,0
2012-11-21T09:17:46.000,2178,7915,2178,2,0.0,0,0.0,0,0.0,0,0.0,0,2178.2,3,0.0,0,0.0,0,0.0,0,0.0,0
2012-11-21T09:17:46.500,2178.2,7917,2178,2,0.0,0,0.0,0,0.0,0,0.0,0,2178.2,6,0.0,0,0.0,0,0.0,0,0.0,0
2012-11-21T09:17:47.000,2178.2,7922,2177.8,34,0.0,0,0.0,0,0.0,0,0.0,0,2178.2,4,0.0,0,0.0,0,0.0,0,0.0,0
2012-11-21T09:17:47.500,2178.2,7925,2178,2,0.0,0,0.0,0,0.0,0,0.0,0,2178.2,2,0.0,0,0.0,0,0.0,0,0.0,0
2012-11-21T09:17:48.000,2178.4,7929,2178.2,2,0.0,0,0.0,0,0.0,0,0.0,0,2178.4,14,0.0,0,0.0,0,0.0,0,0.0,0
2012-11-21T09:17:48.500,2178.2,7932,2178,2,0.0,0,0.0,0,0.0,0,0.0,0,2178.4,15,0.0,0,0.0,0,0.0,0,0.0,0
2012-11-21T09:17:49.000,2178.4,7949,2178,4,0.0,0,0.0,0,0.0,0,0.0,0,2178.4,12,0.0,0,0.0,0,0.0,0,0.0,0
2012-11-21T09:17:49.500,2178.4,7953,2178,4,0.0,0,0.0,0,0.0,0,0.0,0,2178.4,11,0.0,0,0.0,0,0.0,0,0.0,0
2012-11-21T09:17:50.000,2178,7957,2177.8,25,0.0,0,0.0,0,0.0,0,0.0,0,2178,17,0.0,0,0.0,0,0.0,0,0.0,0
2012-11-21T09:17:50.500,2178,7966,2177.8,25,0.0,0,0.0,0,0.0,0,0.0,0,2178,10,0.0,0,0.0,0,0.0,0,0.0,0
2012-11-21T09:17:51.000,2178.4,7980,2177.8,25,0.0,0,0.0,0,0.0,0,0.0,0,2178.4,18,0.0,0,0.0,0,0.0,0,0.0,0
2012-11-21T09:17:51.500,2178.4,7983,2178,1,0.0,0,0.0,0,0.0,0,0.0,0,2178.4,17,0.0,0,0.0,0,0.0,0,0.0,0
2012-11-21T09:17:52.250,2178.4,7991,2178,3,0.0,0,0.0,0,0.0,0,0.0,0,2178.4,11,0.0,0,0.0,0,0.0,0,0.0,0
2012-11-21T09:17:53.250,2178.4,8000,2178,9,0.0,0,0.0,0,0.0,0,0.0,0,2178.4,6,0.0,0,0.0,0,0.0,0,0.0,0
2012-11-21T09:17:54.000,2178.4,8015,2178.2,12,0.0,0,0.0,0,0.0,0,0.0,0,2178.4,5,0.0,0,0.0,0,0.0,0,0.0,0
2012-11-21T09:17:54.500,2178.2,8030,2178.2,5,0.0,0,0.0,0,0.0,0,0.0,0,2178.4,3,0.0,0,0.0,0,0.0,0,0.0,0
2012-11-21T09:17:55.000,2178.2,8033,2178.2,4,0.0,0,0.0,0,0.0,0,0.0,0,2178.4,2,0.0,0,0.0,0,0.0,0,0.0,0
2012-11-21T09:17:55.500,2178.4,8036,2178.4,1,0.0,0,0.0,0,0.0,0,0.0,0,2178.6,30,0.0,0,0.0,0,0.0,0,0.0,0
2012-11-21T09:17:56.000,2178.4,8042,2178.2,12,0.0,0,0.0,0,0.0,0,0.0,0,2178.4,11,0.0,0,0.0,0,0.0,0,0.0,0
2012-11-21T09:17:56.500,2178.4,8052,2178.2,10,0.0,0,0.0,0,0.0,0,0.0,0,2178.4,4,0.0,0,0.0,0,0.0,0,0.0,0
2012-11-21T09:17:57.000,2178.6,8066,2178.2,6,0.0,0,0.0,0,0.0,0,0.0,0,2178.4,1,0.0,0,0.0,0,0.0,0,0.0,0
2012-11-21T09:17:57.500,2178.4,8069,2178.2,7,0.0,0,0.0,0,0.0,0,0.0,0,2178.4,1,0.0,0,0.0,0,0.0,0,0.0,0
2012-11-21T09:17:58.000,2178.4,8082,2178,43,0.0,0,0.0,0,0.0,0,0.0,0,2178.4,1,0.0,0,0.0,0,0.0,0,0.0,0
2012-11-21T09:17:58.500,2178.4,8085,2178.4,18,0.0,0,0.0,0,0.0,0,0.0,0,2178.6,29,0.0,0,0.0,0,0.0,0,0.0,0
2012-11-21T09:17:59.000,2178.4,8103,2178.2,1,0.0,0,0.0,0,0.0,0,0.0,0,2178.6,33,0.0,0,0.0,0,0.0,0,0.0,0
2012-11-21T09:17:59.500,2178.2,8105,2178.2,13,0.0,0,0.0,0,0.0,0,0.0,0,2178.4,3,0.0,0,0.0,0,0.0,0,0.0,0
2012-11-21T09:18:00.000,2178.4,8108,2178.2,13,0.0,0,0.0,0,0.0,0,0.0,0,2178.4,1,0.0,0,0.0,0,0.0,0,0.0,0
2012-11-21T09:18:00.500,2178.6,8114,2178.4,3,0.0,0,0.0,0,0.0,0,0.0,0,2178.6,29,0.0,0,0.0,0,0.0,0,0.0,0
2012-11-21T09:18:01.000,2178.4,8124,2178.4,1,0.0,0,0.0,0,0.0,0,0.0,0,2178.6,22,0.0,0,0.0,0,0.0,0,0.0,0
2012-11-21T09:18:01.500,2178.6,8140,2178.2,9,0.0,0,0.0,0,0.0,0,0.0,0,2178.6,10,0.0,0,0.0,0,0.0,0,0.0,0
2012-11-21T09:18:02.000,2178.4,8199,2178.2,10,0.0,0,0.0,0,0.0,0,0.0,0,2178.4,1,0.0,0,0.0,0,0.0,0,0.0,0
2012-11-21T09:18:02.500,2178.4,8207,2178.2,7,0.0,0,0.0,0,0.0,0,0.0,0,2178.4,1,0.0,0,0.0,0,0.0,0,0.0,0
2012-11-21T09:18:03.000,2178.4,8214,2178.2,7,0.0,0,0.0,0,0.0,0,0.0,0,2178.4,6,0.0,0,0.0,0,0.0,0,0.0,0
2012-11-21T09:18:03.500,2178.4,8228,2178,41,0.0,0,0.0,0,0.0,0,0.0,0,2178.4,8,0.0,0,0.0,0,0.0,0,0.0,0
2012-11-21T09:18:04.000,2178.4,8239,2178,36,0.0,0,0.0,0,0.0,0,0.0,0,2178.4,6,0.0,0,0.0,0,0.0,0,0.0,0
2012-11-21T09:18:04.500,2178.2,8292,2178.2,5,0.0,0,0.0,0,0.0,0,0.0,0,2178.4,18,0.0,0,0.0,0,0.0,0,0.0,0
2012-11-21T09:18:05.000,2178.4,8298,2178.2,3,0.0,0,0.0,0,0.0,0,0.0,0,2178.4,4,0.0,0,0.0,0,0.0,0,0.0,0
2012-11-21T09:18:05.500,2178.2,8302,2178,39,0.0,0,0.0,0,0.0,0,0.0,0,2178.4,4,0.0,0,0.0,0,0.0,0,0.0,0
2012-11-21T09:18:06.000,2178.4,8308,2178,39,0.0,0,0.0,0,0.0,0,0.0,0,2178.2,5,0.0,0,0.0,0,0.0,0,0.0,0
2012-11-21T09:18:06.500,2178,8311,2178,39,0.0,0,0.0,0,0.0,0,0.0,0,2178.2,3,0.0,0,0.0,0,0.0,0,0.0,0
2012-11-21T09:18:07.000,2178.4,8324,2178,45,0.0,0,0.0,0,0.0,0,0.0,0,2178.4,5,0.0,0,0.0,0,0.0,0,0.0,0
2012-11-21T09:18:07.500,2178,8338,2178.2,1,0.0,0,0.0,0,0.0,0,0.0,0,2178.4,4,0.0,0,0.0,0,0.0,0,0.0,0
2012-11-21T09:18:08.000,2178.2,8349,2178.2,2,0.0,0,0.0,0,0.0,0,0.0,0,2178.4,8,0.0,0,0.0,0,0.0,0,0.0,0
2012-11-21T09:18:08.500,2178.2,8355,2178.2,18,0.0,0,0.0,0,0.0,0,0.0,0,2178.4,7,0.0,0,0.0,0,0.0,0,0.0,0
2012-11-21T09:18:09.000,2178,8375,2178,36,0.0,0,0.0,0,0.0,0,0.0,0,2178.2,42,0.0,0,0.0,0,0.0,0,0.0,0
2012-11-21T09:18:09.500,2178,8381,2178,33,0.0,0,0.0,0,0.0,0,0.0,0,2178.2,50,0.0,0,0.0,0,0.0,0,0.0,0
2012-11-21T09:18:10.000,2178,8390,2178,31,0.0,0,0.0,0,0.0,0,0.0,0,2178.2,51,0.0,0,0.0,0,0.0,0,0.0,0
2012-11-21T09:18:10.500,2178,8411,2178,15,0.0,0,0.0,0,0.0,0,0.0,0,2178.2,53,0.0,0,0.0,0,0.0,0,0.0,0
2012-11-21T09:18:11.000,2178,8423,2178,3,0.0,0,0.0,0,0.0,0,0.0,0,2178.2,60,0.0,0,0.0,0,0.0,0,0.0,0
2012-11-21T09:18:11.500,2178,8426,2177.8,43,0.0,0,0.0,0,0.0,0,0.0,0,2178,8,0.0,0,0.0,0,0.0,0,0.0,0
2012-11-21T09:18:12.000,2178,8458,2177.8,16,0.0,0,0.0,0,0.0,0,0.0,0,2178,37,0.0,0,0.0,0,0.0,0,0.0,0
2012-11-21T09:18:12.500,2177.8,8474,2177.8,4,0.0,0,0.0,0,0.0,0,0.0,0,2178,37,0.0,0,0.0,0,0.0,0,0.0,0
2012-11-21T09:18:13.000,2177.8,8480,2177.6,48,0.0,0,0.0,0,0.0,0,0.0,0,2177.8,3,0.0,0,0.0,0,0.0,0,0.0,0
2012-11-21T09:18:13.500,2177.6,8486,2177.6,48,0.0,0,0.0,0,0.0,0,0.0,0,2177.8,7,0.0,0,0.0,0,0.0,0,0.0,0
2012-11-21T09:18:14.000,2177.8,8509,2177.8,14,0.0,0,0.0,0,0.0,0,0.0,0,2178,25,0.0,0,0.0,0,0.0,0,0.0,0
2012-11-21T09:18:14.500,2177.8,8518,2177.8,8,0.0,0,0.0,0,0.0,0,0.0,0,2178,23,0.0,0,0.0,0,0.0,0,0.0,0
2012-11-21T09:18:15.000,2177.8,8538,2177.6,37,0.0,0,0.0,0,0.0,0,0.0,0,2177.8,29,0.0,0,0.0,0,0.0,0,0.0,0
2012-11-21T09:18:15.500,2177.8,8549,2177.6,36,0.0,0,0.0,0,0.0,0,0.0,0,2177.8,20,0.0,0,0.0,0,0.0,0,0.0,0
2012-11-21T09:18:16.000,2177.8,8572,2177.6,38,0.0,0,0.0,0,0.0,0,0.0,0,2177.8,3,0.0,0,0.0,0,0.0,0,0.0,0
2012-11-21T09:18:16.500,2177.6,8581,2177.6,33,0.0,0,0.0,0,0.0,0,0.0,0,2178,19,0.0,0,0.0,0,0.0,0,0.0,0
2012-11-21T09:18:17.000,2177.8,8584,2177.6,32,0.0,0,0.0,0,0.0,0,0.0,0,2177.8,1,0.0,0,0.0,0,0.0,0,0.0,0
2012-11-21T09:18:17.500,2177.6,8592,2177.6,29,0.0,0,0.0,0,0.0,0,0.0,0,2177.8,2,0.0,0,0.0,0,0.0,0,0.0,0
2012-11-21T09:18:18.000,2177.6,8595,2177.6,28,0.0,0,0.0,0,0.0,0,0.0,0,2177.8,2,0.0,0,0.0,0,0.0,0,0.0,0
2012-11-21T09:18:18.500,2177.8,8611,2177.6,14,0.0,0,0.0,0,0.0,0,0.0,0,2177.8,1,0.0,0,0.0,0,0.0,0,0.0,0
2012-11-21T09:18:19.000,2177.8,8613,2177.6,16,0.0,0,0.0,0,0.0,0,0.0,0,2177.8,16,0.0,0,0.0,0,0.0,0,0.0,0
2012-11-21T09:18:19.500,2177.6,8615,2177.6,15,0.0,0,0.0,0,0.0,0,0.0,0,2177.8,15,0.0,0,0.0,0,0.0,0,0.0,0
2012-11-21T09:18:20.000,2177.6,8624,2177.6,8,0.0,0,0.0,0,0.0,0,0.0,0,2177.8,14,0.0,0,0.0,0,0.0,0,0.0,0
2012-11-21T09:18:20.500,2177.6,8626,2177.6,7,0.0,0,0.0,0,0.0,0,0.0,0,2177.8,13,0.0,0,0.0,0,0.0,0,0.0,0
2012-11-21T09:18:21.000,2177.6,8632,2177.6,3,0.0,0,0.0,0,0.0,0,0.0,0,2177.8,11,0.0,0,0.0,0,0.0,0,0.0,0
2012-11-21T09:18:21.500,2177.6,8638,2177.4,53,0.0,0,0.0,0,0.0,0,0.0,0,2177.6,3,0.0,0,0.0,0,0.0,0,0.0,0
2012-11-21T09:18:22.000,2177.6,8678,2177.4,16,0.0,0,0.0,0,0.0,0,0.0,0,2177.6,11,0.0,0,0.0,0,0.0,0,0.0,0
2012-11-21T09:18:22.500,2177.4,8691,2177.4,5,0.0,0,0.0,0,0.0,0,0.0,0,2177.6,10,0.0,0,0.0,0,0.0,0,0.0,0
2012-11-21T09:18:23.000,2177.4,8695,2177.4,4,0.0,0,0.0,0,0.0,0,0.0,0,2177.6,7,0.0,0,0.0,0,0.0,0,0.0,0
2012-11-21T09:18:23.500,2177.4,8697,2177.4,5,0.0,0,0.0,0,0.0,0,0.0,0,2177.6,6,0.0,0,0.0,0,0.0,0,0.0,0
2012-11-21T09:18:24.000,2177.4,8723,2177.4,3,0.0,0,0.0,0,0.0,0,0.0,0,2177.6,5,0.0,0,0.0,0,0.0,0,0.0,0
2012-11-21T09:18:24.500,2177.2,8728,2177.2,61,0.0,0,0.0,0,0.0,0,0.0,0,2177.6,5,0.0,0,0.0,0,0.0,0,0.0,0
2012-11-21T09:18:25.000,2177.4,8745,2177.2,50,0.0,0,0.0,0,0.0,0,0.0,0,2177.4,5,0.0,0,0.0,0,0.0,0,0.0,0
2012-11-21T09:18:25.500,2177.2,8769,2177.2,38,0.0,0,0.0,0,0.0,0,0.0,0,2177.4,1,0.0,0,0.0,0,0.0,0,0.0,0
2012-11-21T09:18:26.000,2177.2,8773,2177.2,35,0.0,0,0.0,0,0.0,0,0.0,0,2177.6,2,0.0,0,0.0,0,0.0,0,0.0,0
2012-11-21T09:18:26.500,2177.4,8780,2177.4,9,0.0,0,0.0,0,0.0,0,0.0,0,2177.6,3,0.0,0,0.0,0,0.0,0,0.0,0
2012-11-21T09:18:27.000,2177.2,8819,2177.2,5,0.0,0,0.0,0,0.0,0,0.0,0,2177.6,4,0.0,0,0.0,0,0.0,0,0.0,0
2012-11-21T09:18:27.500,2177.4,8823,2177.2,9,0.0,0,0.0,0,0.0,0,0.0,0,2177.4,6,0.0,0,0.0,0,0.0,0,0.0,0
2012-11-21T09:18:28.000,2177.2,8829,2177.2,10,0.0,0,0.0,0,0.0,0,0.0,0,2177.4,5,0.0,0,0.0,0,0.0,0,0.0,0
2012-11-21T09:18:28.500,2177.2,8840,2177.2,6,0.0,0,0.0,0,0.0,0,0.0,0,2177.6,7,0.0,0,0.0,0,0.0,0,0.0,0
2012-11-21T09:18:29.000,2177.2,8856,2177,255,0.0,0,0.0,0,0.0,0,0.0,0,2177.2,1,0.0,0,0.0,0,0.0,0,0.0,0
2012-11-21T09:18:29.500,2177.4,8864,2177.4,9,0.0,0,0.0,0,0.0,0,0.0,0,2177.6,9,0.0,0,0.0,0,0.0,0,0.0,0
2012-11-21T09:18:30.000,2177.4,8901,2177.4,6,0.0,0,0.0,0,0.0,0,0.0,0,2177.6,17,0.0,0,0.0,0,0.0,0,0.0,0
2012-11-21T09:18:30.500,2177.4,8907,2177.4,3,0.0,0,0.0,0,0.0,0,0.0,0,2177.6,18,0.0,0,0.0,0,0.0,0,0.0,0
2012-11-21T09:18:31.250,2177.6,8908,2177.4,3,0.0,0,0.0,0,0.0,0,0.0,0,2177.6,20,0.0,0,0.0,0,0.0,0,0.0,0
2012-11-21T09:18:32.000,2177.4,8910,2177.4,3,0.0,0,0.0,0,0.0,0,0.0,0,2177.6,18,0.0,0,0.0,0,0.0,0,0.0,0
2012-11-21T09:18:32.500,2177.4,8914,2177.2,22,0.0,0,0.0,0,0.0,0,0.0,0,2177.4,7,0.0,0,0.0,0,0.0,0,0.0,0
2012-11-21T09:18:33.000,2177.2,8918,2177.2,26,0.0,0,0.0,0,0.0,0,0.0,0,2177.4,4,0.0,0,0.0,0,0.0,0,0.0,0
2012-11-21T09:18:33.500,2177.4,8926,2177.2,27,0.0,0,0.0,0,0.0,0,0.0,0,2177.6,18,0.0,0,0.0,0,0.0,0,0.0,0
2012-11-21T09:18:34.000,2177.4,8929,2177.2,30,0.0,0,0.0,0,0.0,0,0.0,0,2177.6,17,0.0,0,0.0,0,0.0,0,0.0,0
2012-11-21T09:18:34.500,2177.2,8932,2177.2,36,0.0,0,0.0,0,0.0,0,0.0,0,2177.6,16,0.0,0,0.0,0,0.0,0,0.0,0
2012-11-21T09:18:35.000,2177.4,8936,2177.2,35,0.0,0,0.0,0,0.0,0,0.0,0,2177.4,1,0.0,0,0.0,0,0.0,0,0.0,0
2012-11-21T09:18:35.500,2177.6,8940,2177.4,5,0.0,0,0.0,0,0.0,0,0.0,0,2177.6,15,0.0,0,0.0,0,0.0,0,0.0,0
2012-11-21T09:18:36.000,2177.6,8949,2177.4,4,0.0,0,0.0,0,0.0,0,0.0,0,2177.6,59,0.0,0,0.0,0,0.0,0,0.0,0
2012-11-21T09:18:36.500,2177.6,8951,2177.4,20,0.0,0,0.0,0,0.0,0,0.0,0,2177.6,58,0.0,0,0.0,0,0.0,0,0.0,0
2012-11-21T09:18:37.250,2177.4,8973,2177.2,47,0.0,0,0.0,0,0.0,0,0.0,0,2177.4,2,0.0,0,0.0,0,0.0,0,0.0,0
2012-11-21T09:18:38.000,2177.2,8984,2177.2,44,0.0,0,0.0,0,0.0,0,0.0,0,2177.4,24,0.0,0,0.0,0,0.0,0,0.0,0
2012-11-21T09:18:38.500,2177.4,8994,2177.2,37,0.0,0,0.0,0,0.0,0,0.0,0,2177.4,28,0.0,0,0.0,0,0.0,0,0.0,0
2012-11-21T09:18:39.000,2177.2,9005,2177.2,32,0.0,0,0.0,0,0.0,0,0.0,0,2177.4,26,0.0,0,0.0,0,0.0,0,0.0,0
2012-11-21T09:18:39.500,2177.2,9033,2177,244,0.0,0,0.0,0,0.0,0,0.0,0,2177.2,78,0.0,0,0.0,0,0.0,0,0.0,0
2012-11-21T09:18:40.000,2177.2,9046,2177,240,0.0,0,0.0,0,0.0,0,0.0,0,2177.2,99,0.0,0,0.0,0,0.0,0,0.0,0
2012-11-21T09:18:40.500,2177,9089,2177,198,0.0,0,0.0,0,0.0,0,0.0,0,2177.2,98,0.0,0,0.0,0,0.0,0,0.0,0
2012-11-21T09:18:41.000,2177,9105,2177,183,0.0,0,0.0,0,0.0,0,0.0,0,2177.2,99,0.0,0,0.0,0,0.0,0,0.0,0
2012-11-21T09:18:41.500,2177.2,9156,2177,137,0.0,0,0.0,0,0.0,0,0.0,0,2177.2,95,0.0,0,0.0,0,0.0,0,0.0,0
2012-11-21T09:18:42.000,2177,9257,2177,37,0.0,0,0.0,0,0.0,0,0.0,0,2177.2,94,0.0,0,0.0,0,0.0,0,0.0,0
2012-11-21T09:18:42.500,2177,9299,2176.8,43,0.0,0,0.0,0,0.0,0,0.0,0,2177,2,0.0,0,0.0,0,0.0,0,0.0,0
2012-11-21T09:18:43.000,2176.8,9317,2176.8,31,0.0,0,0.0,0,0.0,0,0.0,0,2177,38,0.0,0,0.0,0,0.0,0,0.0,0
2012-11-21T09:18:43.500,2176.8,9324,2176.8,26,0.0,0,0.0,0,0.0,0,0.0,0,2177,39,0.0,0,0.0,0,0.0,0,0.0,0
2012-11-21T09:18:44.000,2177,9374,2176.8,7,0.0,0,0.0,0,0.0,0,0.0,0,2177,29,0.0,0,0.0,0,0.0,0,0.0,0
2012-11-21T09:18:44.500,2177,9376,2176.8,22,0.0,0,0.0,0,0.0,0,0.0,0,2177,36,0.0,0,0.0,0,0.0,0,0.0,0
2012-11-21T09:18:45.000,2176.8,9382,2176.8,37,0.0,0,0.0,0,0.0,0,0.0,0,2177,33,0.0,0,0.0,0,0.0,0,0.0,0
2012-11-21T09:18:45.500,2176.8,9387,2176.8,33,0.0,0,0.0,0,0.0,0,0.0,0,2177,33,0.0,0,0.0,0,0.0,0,0.0,0
2012-11-21T09:18:46.000,2177,9399,2176.8,28,0.0,0,0.0,0,0.0,0,0.0,0,2177,28,0.0,0,0.0,0,0.0,0,0.0,0
2012-11-21T09:18:46.500,2177,9418,2176.8,38,0.0,0,0.0,0,0.0,0,0.0,0,2177,22,0.0,0,0.0,0,0.0,0,0.0,0
2012-11-21T09:18:47.000,2176.8,9427,2176.8,33,0.0,0,0.0,0,0.0,0,0.0,0,2177,22,0.0,0,0.0,0,0.0,0,0.0,0
2012-11-21T09:18:47.500,2177,9448,2176.8,29,0.0,0,0.0,0,0.0,0,0.0,0,2177,9,0.0,0,0.0,0,0.0,0,0.0,0
2012-11-21T09:18:48.000,2177,9457,2176.8,25,0.0,0,0.0,0,0.0,0,0.0,0,2177,5,0.0,0,0.0,0,0.0,0,0.0,0
2012-11-21T09:18:48.500,2177,9458,2176.8,25,0.0,0,0.0,0,0.0,0,0.0,0,2177,7,0.0,0,0.0,0,0.0,0,0.0,0
2012-11-21T09:18:49.000,2177,9464,2176.8,24,0.0,0,0.0,0,0.0,0,0.0,0,2177,3,0.0,0,0.0,0,0.0,0,0.0,0
2012-11-21T09:18:49.500,2177,9478,2177,4,0.0,0,0.0,0,0.0,0,0.0,0,2177.2,62,0.0,0,0.0,0,0.0,0,0.0,0
2012-11-21T09:18:50.000,2177,9498,2177,3,0.0,0,0.0,0,0.0,0,0.0,0,2177.2,46,0.0,0,0.0,0,0.0,0,0.0,0
2012-11-21T09:18:50.500,2177.2,9503,2177,2,0.0,0,0.0,0,0.0,0,0.0,0,2177.2,44,0.0,0,0.0,0,0.0,0,0.0,0
2012-11-21T09:18:51.000,2176.8,9510,2176.8,42,0.0,0,0.0,0,0.0,0,0.0,0,2177,46,0.0,0,0.0,0,0.0,0,0.0,0
2012-11-21T09:18:51.500,2177,9512,2176.8,42,0.0,0,0.0,0,0.0,0,0.0,0,2177,45,0.0,0,0.0,0,0.0,0,0.0,0
2012-11-21T09:18:52.000,2177,9520,2176.8,42,0.0,0,0.0,0,0.0,0,0.0,0,2177,42,0.0,0,0.0,0,0.0,0,0.0,0
2012-11-21T09:18:52.500,2177,9526,2176.8,42,0.0,0,0.0,0,0.0,0,0.0,0,2177,37,0.0,0,0.0,0,0.0,0,0.0,0
2012-11-21T09:18:53.000,2177,9533,2176.8,42,0.0,0,0.0,0,0.0,0,0.0,0,2177,36,0.0,0,0.0,0,0.0,0,0.0,0
2012-11-21T09:18:53.500,2177,9537,2176.8,44,0.0,0,0.0,0,0.0,0,0.0,0,2177,32,0.0,0,0.0,0,0.0,0,0.0,0
2012-11-21T09:18:54.000,2177,9558,2176.8,46,0.0,0,0.0,0,0.0,0,0.0,0,2177,11,0.0,0,0.0,0,0.0,0,0.0,0
2012-11-21T09:18:54.500,2177,9567,2176.8,45,0.0,0,0.0,0,0.0,0,0.0,0,2177,7,0.0,0,0.0,0,0.0,0,0.0,0
2012-11-21T09:18:55.000,2177,9588,2177,14,0.0,0,0.0,0,0.0,0,0.0,0,2177.2,75,0.0,0,0.0,0,0.0,0,0.0,0
2012-11-21T09:18:55.500,2177.2,9603,2177,7,0.0,0,0.0,0,0.0,0,0.0,0,2177.2,69,0.0,0,0.0,0,0.0,0,0.0,0
2012-11-21T09:18:56.000,2177,9606,2177,6,0.0,0,0.0,0,0.0,0,0.0,0,2177.2,69,0.0,0,0.0,0,0.0,0,0.0,0
2012-11-21T09:18:56.500,2177,9612,2177,4,0.0,0,0.0,0,0.0,0,0.0,0,2177.2,66,0.0,0,0.0,0,0.0,0,0.0,0
2012-11-21T09:18:57.000,2177.2,9624,2177,12,0.0,0,0.0,0,0.0,0,0.0,0,2177.2,55,0.0,0,0.0,0,0.0,0,0.0,0
2012-11-21T09:18:57.500,2177,9650,2176.8,48,0.0,0,0.0,0,0.0,0,0.0,0,2177,2,0.0,0,0.0,0,0.0,0,0.0,0
2012-11-21T09:18:58.000,2177.2,9655,2177,1,0.0,0,0.0,0,0.0,0,0.0,0,2177.2,43,0.0,0,0.0,0,0.0,0,0.0,0
2012-11-21T09:18:58.500,2177,9659,2177,19,0.0,0,0.0,0,0.0,0,0.0,0,2177.2,41,0.0,0,0.0,0,0.0,0,0.0,0
2012-11-21T09:18:59.000,2177,9662,2177,24,0.0,0,0.0,0,0.0,0,0.0,0,2177.2,39,0.0,0,0.0,0,0.0,0,0.0,0
2012-11-21T09:18:59.500,2177.2,9673,2177,38,0.0,0,0.0,0,0.0,0,0.0,0,2177.2,28,0.0,0,0.0,0,0.0,0,0.0,0
2012-11-21T09:19:00.000,2177.2,9695,2177,67,0.0,0,0.0,0,0.0,0,0.0,0,2177.2,7,0.0,0,0.0,0,0.0,0,0.0,0
2012-11-21T09:19:00.500,2177.2,9706,2177.2,12,0.0,0,0.0,0,0.0,0,0.0,0,2177.4,33,0.0,0,0.0,0,0.0,0,0.0,0
2012-11-21T09:19:01.000,2177.2,9712,2177.2,11,0.0,0,0.0,0,0.0,0,0.0,0,2177.4,31,0.0,0,0.0,0,0.0,0,0.0,0
2012-11-21T09:19:01.500,2177.4,9716,2177.2,15,0.0,0,0.0,0,0.0,0,0.0,0,2177.4,27,0.0,0,0.0,0,0.0,0,0.0,0
2012-11-21T09:19:02.000,2177.2,9729,2177.2,10,0.0,0,0.0,0,0.0,0,0.0,0,2177.4,24,0.0,0,0.0,0,0.0,0,0.0,0
2012-11-21T09:19:02.500,2177.4,9734,2177.2,8,0.0,0,0.0,0,0.0,0,0.0,0,2177.4,21,0.0,0,0.0,0,0.0,0,0.0,0
2012-11-21T09:19:03.000,2177.2,9738,2177.2,5,0.0,0,0.0,0,0.0,0,0.0,0,2177.4,20,0.0,0,0.0,0,0.0,0,0.0,0
2012-11-21T09:19:03.500,2177.4,9740,2177.2,5,0.0,0,0.0,0,0.0,0,0.0,0,2177.4,19,0.0,0,0.0,0,0.0,0,0.0,0
2012-11-21T09:19:04.000,2177.2,9743,2177.2,2,0.0,0,0.0,0,0.0,0,0.0,0,2177.4,20,0.0,0,0.0,0,0.0,0,0.0,0
2012-11-21T09:19:04.500,2177.2,9760,2177.2,31,0.0,0,0.0,0,0.0,0,0.0,0,2177.4,9,0.0,0,0.0,0,0.0,0,0.0,0
2012-11-21T09:19:05.250,2177.4,9763,2177.2,44,0.0,0,0.0,0,0.0,0,0.0,0,2177.4,9,0.0,0,0.0,0,0.0,0,0.0,0
2012-11-21T09:19:06.250,2177.4,9767,2177.2,43,0.0,0,0.0,0,0.0,0,0.0,0,2177.4,6,0.0,0,0.0,0,0.0,0,0.0,0
2012-11-21T09:19:07.250,2177.4,9779,2177.2,52,0.0,0,0.0,0,0.0,0,0.0,0,2177.4,6,0.0,0,0.0,0,0.0,0,0.0,0
2012-11-21T09:19:08.000,2177.4,9787,2177.2,53,0.0,0,0.0,0,0.0,0,0.0,0,2177.6,19,0.0,0,0.0,0,0.0,0,0.0,0
2012-11-21T09:19:08.500,2177.6,9791,2177.4,1,0.0,0,0.0,0,0.0,0,0.0,0,2177.6,16,0.0,0,0.0,0,0.0,0,0.0,0
2012-11-21T09:19:09.000,2177.6,9793,2177.4,3,0.0,0,0.0,0,0.0,0,0.0,0,2177.6,15,0.0,0,0.0,0,0.0,0,0.0,0
2012-11-21T09:19:09.500,2177.4,9796,2177.4,2,0.0,0,0.0,0,0.0,0,0.0,0,2177.6,16,0.0,0,0.0,0,0.0,0,0.0,0
2012-11-21T09:19:10.000,2177.4,9798,2177.4,10,0.0,0,0.0,0,0.0,0,0.0,0,2177.6,16,0.0,0,0.0,0,0.0,0,0.0,0
2012-11-21T09:19:10.500,2177.6,9802,2177.4,11,0.0,0,0.0,0,0.0,0,0.0,0,2177.6,13,0.0,0,0.0,0,0.0,0,0.0,0
2012-11-21T09:19:11.000,2177.6,9813,2177.4,13,0.0,0,0.0,0,0.0,0,0.0,0,2177.6,10,0.0,0,0.0,0,0.0,0,0.0,0
2012-11-21T09:19:11.500,2177.4,9814,2177.4,23,0.0,0,0.0,0,0.0,0,0.0,0,2177.6,10,0.0,0,0.0,0,0.0,0,0.0,0
2012-11-21T09:19:12.250,2177.6,9817,2177.4,25,0.0,0,0.0,0,0.0,0,0.0,0,2177.6,9,0.0,0,0.0,0,0.0,0,0.0,0
2012-11-21T09:19:13.000,2177.6,9818,2177.4,26,0.0,0,0.0,0,0.0,0,0.0,0,2177.6,8,0.0,0,0.0,0,0.0,0,0.0,0
2012-11-21T09:19:13.500,2177.8,9827,2177.6,3,0.0,0,0.0,0,0.0,0,0.0,0,2177.8,12,0.0,0,0.0,0,0.0,0,0.0,0
2012-11-21T09:19:14.000,2177.6,9829,2177.6,2,0.0,0,0.0,0,0.0,0,0.0,0,2177.8,12,0.0,0,0.0,0,0.0,0,0.0,0
2012-11-21T09:19:14.500,2177.6,9830,2177.6,1,0.0,0,0.0,0,0.0,0,0.0,0,2177.8,12,0.0,0,0.0,0,0.0,0,0.0,0
2012-11-21T09:19:15.000,2177.8,9842,2177.6,4,0.0,0,0.0,0,0.0,0,0.0,0,2178,53,0.0,0,0.0,0,0.0,0,0.0,0
2012-11-21T09:19:15.500,2177.6,9850,2177.4,29,0.0,0,0.0,0,0.0,0,0.0,0,2177.6,22,0.0,0,0.0,0,0.0,0,0.0,0
2012-11-21T09:19:16.250,2177.4,9853,2177.4,29,0.0,0,0.0,0,0.0,0,0.0,0,2177.6,20,0.0,0,0.0,0,0.0,0,0.0,0
2012-11-21T09:19:17.000,2177.8,9875,2177.8,5,0.0,0,0.0,0,0.0,0,0.0,0,2178,53,0.0,0,0.0,0,0.0,0,0.0,0
2012-11-21T09:19:17.500,2177.8,9881,2177.8,1,0.0,0,0.0,0,0.0,0,0.0,0,2178,52,0.0,0,0.0,0,0.0,0,0.0,0
2012-11-21T09:19:18.000,2177.4,9891,2177.6,11,0.0,0,0.0,0,0.0,0,0.0,0,2178,51,0.0,0,0.0,0,0.0,0,0.0,0
2012-11-21T09:19:18.500,2178,9893,2177.6,11,0.0,0,0.0,0,0.0,0,0.0,0,2178,49,0.0,0,0.0,0,0.0,0,0.0,0
2012-11-21T09:19:19.000,2178,9900,2177.6,12,0.0,0,0.0,0,0.0,0,0.0,0,2178,42,0.0,0,0.0,0,0.0,0,0.0,0
2012-11-21T09:19:19.500,2178,9902,2177.6,13,0.0,0,0.0,0,0.0,0,0.0,0,2178,40,0.0,0,0.0,0,0.0,0,0.0,0
2012-11-21T09:19:20.250,2178,9903,2177.6,15,0.0,0,0.0,0,0.0,0,0.0,0,2178,40,0.0,0,0.0,0,0.0,0,0.0,0
2012-11-21T09:19:21.000,2178,9905,2177.6,17,0.0,0,0.0,0,0.0,0,0.0,0,2178,39,0.0,0,0.0,0,0.0,0,0.0,0
2012-11-21T09:19:21.500,2177.6,9913,2177.6,16,0.0,0,0.0,0,0.0,0,0.0,0,2178,38,0.0,0,0.0,0,0.0,0,0.0,0
2012-11-21T09:19:22.000,2177.6,9916,2177.6,15,0.0,0,0.0,0,0.0,0,0.0,0,2178,38,0.0,0,0.0,0,0.0,0,0.0,0
2012-11-21T09:19:22.500,2177.6,9917,2177.6,14,0.0,0,0.0,0,0.0,0,0.0,0,2178,38,0.0,0,0.0,0,0.0,0,0.0,0
2012-11-21T09:19:23.250,2178,9920,2177.6,13,0.0,0,0.0,0,0.0,0,0.0,0,2178,35,0.0,0,0.0,0,0.0,0,0.0,0
2012-11-21T09:19:24.000,2177.6,9921,2177.6,12,0.0,0,0.0,0,0.0,0,0.0,0,2178,38,0.0,0,0.0,0,0.0,0,0.0,0
2012-11-21T09:19:24.500,2177.8,9922,2177.6,12,0.0,0,0.0,0,0.0,0,0.0,0,2178,39,0.0,0,0.0,0,0.0,0,0.0,0
2012-11-21T09:19:25.250,2177.6,9923,2177.6,18,0.0,0,0.0,0,0.0,0,0.0,0,2177.8,3,0.0,0,0.0,0,0.0,0,0.0,0
2012-11-21T09:19:26.000,2177.6,9924,2177.6,16,0.0,0,0.0,0,0.0,0,0.0,0,2177.8,4,0.0,0,0.0,0,0.0,0,0.0,0
2012-11-21T09:19:26.500,2177.6,9927,2177.6,14,0.0,0,0.0,0,0.0,0,0.0,0,2177.8,37,0.0,0,0.0,0,0.0,0,0.0,0
2012-11-21T09:19:27.000,2177.6,9931,2177.6,13,0.0,0,0.0,0,0.0,0,0.0,0,2177.8,35,0.0,0,0.0,0,0.0,0,0.0,0
2012-11-21T09:19:27.500,2177.6,9945,2177.4,41,0.0,0,0.0,0,0.0,0,0.0,0,2177.6,5,0.0,0,0.0,0,0.0,0,0.0,0
2012-11-21T09:19:28.000,2177.4,9947,2177.4,40,0.0,0,0.0,0,0.0,0,0.0,0,2177.6,4,0.0,0,0.0,0,0.0,0,0.0,0
2012-11-21T09:19:28.500,2177.4,9949,2177.4,39,0.0,0,0.0,0,0.0,0,0.0,0,2177.6,4,0.0,0,0.0,0,0.0,0,0.0,0
2012-11-21T09:19:29.250,2177.4,9953,2177.4,38,0.0,0,0.0,0,0.0,0,0.0,0,2177.6,2,0.0,0,0.0,0,0.0,0,0.0,0
2012-11-21T09:19:30.000,2177.4,9954,2177.4,38,0.0,0,0.0,0,0.0,0,0.0,0,2177.6,4,0.0,0,0.0,0,0.0,0,0.0,0
2012-11-21T09:19:30.500,2177.6,9958,2177.4,38,0.0,0,0.0,0,0.0,0,0.0,0,2177.6,1,0.0,0,0.0,0,0.0,0,0.0,0
2012-11-21T09:19:31.250,2177.4,9960,2177.4,36,0.0,0,0.0,0,0.0,0,0.0,0,2177.6,1,0.0,0,0.0,0,0.0,0,0.0,0
2012-11-21T09:19:32.000,2177.6,9963,2177.6,24,0.0,0,0.0,0,0.0,0,0.0,0,2177.8,39,0.0,0,0.0,0,0.0,0,0.0,0
2012-11-21T09:19:32.500,2177.6,9964,2177.6,29,0.0,0,0.0,0,0.0,0,0.0,0,2177.8,39,0.0,0,0.0,0,0.0,0,0.0,0
2012-11-21T09:19:33.250,2177.8,9970,2177.6,27,0.0,0,0.0,0,0.0,0,0.0,0,2177.8,35,0.0,0,0.0,0,0.0,0,0.0,0
2012-11-21T09:19:34.000,2177.8,9983,2177.6,29,0.0,0,0.0,0,0.0,0,0.0,0,2177.8,22,0.0,0,0.0,0,0.0,0,0.0,0
2012-11-21T09:19:34.500,2177.6,9990,2177.6,23,0.0,0,0.0,0,0.0,0,0.0,0,2177.8,21,0.0,0,0.0,0,0.0,0,0.0,0
2012-11-21T09:19:35.000,2177.8,9993,2177.6,23,0.0,0,0.0,0,0.0,0,0.0,0,2177.8,18,0.0,0,0.0,0,0.0,0,0.0,0
2012-11-21T09:19:35.500,2177.8,9994,2177.6,24,0.0,0,0.0,0,0.0,0,0.0,0,2177.8,17,0.0,0,0.0,0,0.0,0,0.0,0
2012-11-21T09:19:36.000,2177.8,9995,2177.6,24,0.0,0,0.0,0,0.0,0,0.0,0,2177.8,15,0.0,0,0.0,0,0.0,0,0.0,0
2012-11-21T09:19:36.500,2177.8,9996,2177.6,26,0.0,0,0.0,0,0.0,0,0.0,0,2177.8,16,0.0,0,0.0,0,0.0,0,0.0,0
2012-11-21T09:19:37.000,2177.8,9999,2177.6,26,0.0,0,0.0,0,0.0,0,0.0,0,2177.8,13,0.0,0,0.0,0,0.0,0,0.0,0
2012-11-21T09:19:37.500,2177.8,10001,2177.6,26,0.0,0,0.0,0,0.0,0,0.0,0,2177.8,12,0.0,0,0.0,0,0.0,0,0.0,0
2012-11-21T09:19:38.000,2177.6,10004,2177.6,27,0.0,0,0.0,0,0.0,0,0.0,0,2177.8,12,0.0,0,0.0,0,0.0,0,0.0,0
2012-11-21T09:19:38.500,2177.6,10005,2177.6,27,0.0,0,0.0,0,0.0,0,0.0,0,2177.8,12,0.0,0,0.0,0,0.0,0,0.0,0
2012-11-21T09:19:39.000,2177.6,10006,2177.6,26,0.0,0,0.0,0,0.0,0,0.0,0,2177.8,12,0.0,0,0.0,0,0.0,0,0.0,0
2012-11-21T09:19:39.500,2177.6,10008,2177.6,24,0.0,0,0.0,0,0.0,0,0.0,0,2177.8,13,0.0,0,0.0,0,0.0,0,0.0,0
2012-11-21T09:19:40.000,2177.8,10021,2177.6,16,0.0,0,0.0,0,0.0,0,0.0,0,2177.8,40,0.0,0,0.0,0,0.0,0,0.0,0
2012-11-21T09:19:40.500,2177.8,10036,2177.6,15,0.0,0,0.0,0,0.0,0,0.0,0,2177.8,26,0.0,0,0.0,0,0.0,0,0.0,0
2012-11-21T09:19:41.250,2177.8,10039,2177.6,19,0.0,0,0.0,0,0.0,0,0.0,0,2177.8,26,0.0,0,0.0,0,0.0,0,0.0,0
2012-11-21T09:19:42.000,2177.8,10066,2177.6,2,0.0,0,0.0,0,0.0,0,0.0,0,2177.8,28,0.0,0,0.0,0,0.0,0,0.0,0
2012-11-21T09:19:42.500,2177.6,10072,2177.6,3,0.0,0,0.0,0,0.0,0,0.0,0,2177.8,25,0.0,0,0.0,0,0.0,0,0.0,0
2012-11-21T09:19:43.000,2177.6,10075,2177.4,30,0.0,0,0.0,0,0.0,0,0.0,0,2177.6,8,0.0,0,0.0,0,0.0,0,0.0,0
2012-11-21T09:19:43.500,2177.4,10084,2177.4,24,0.0,0,0.0,0,0.0,0,0.0,0,2177.6,6,0.0,0,0.0,0,0.0,0,0.0,0
2012-11-21T09:19:44.000,2177.6,10091,2177.4,23,0.0,0,0.0,0,0.0,0,0.0,0,2177.8,26,0.0,0,0.0,0,0.0,0,0.0,0
2012-11-21T09:19:44.500,2177.4,10102,2177.4,11,0.0,0,0.0,0,0.0,0,0.0,0,2177.6,2,0.0,0,0.0,0,0.0,0,0.0,0
2012-11-21T09:19:45.000,2177.4,10113,2177.2,76,0.0,0,0.0,0,0.0,0,0.0,0,2177.4,10,0.0,0,0.0,0,0.0,0,0.0,0
2012-11-21T09:19:45.500,2177.4,10118,2177.2,75,0.0,0,0.0,0,0.0,0,0.0,0,2177.4,16,0.0,0,0.0,0,0.0,0,0.0,0
2012-11-21T09:19:46.000,2177.4,10124,2177.2,74,0.0,0,0.0,0,0.0,0,0.0,0,2177.4,11,0.0,0,0.0,0,0.0,0,0.0,0
2012-11-21T09:19:46.500,2177.4,10141,2177.2,71,0.0,0,0.0,0,0.0,0,0.0,0,2177.4,10,0.0,0,0.0,0,0.0,0,0.0,0
2012-11-21T09:19:47.000,2177.2,10144,2177.2,70,0.0,0,0.0,0,0.0,0,0.0,0,2177.4,9,0.0,0,0.0,0,0.0,0,0.0,0
2012-11-21T09:19:47.500,2177.4,10152,2177.2,67,0.0,0,0.0,0,0.0,0,0.0,0,2177.4,5,0.0,0,0.0,0,0.0,0,0.0,0
2012-11-21T09:19:48.000,2177.2,10188,2177.2,36,0.0,0,0.0,0,0.0,0,0.0,0,2177.4,2,0.0,0,0.0,0,0.0,0,0.0,0
2012-11-21T09:19:48.500,2177.2,10190,2177.2,34,0.0,0,0.0,0,0.0,0,0.0,0,2177.4,8,0.0,0,0.0,0,0.0,0,0.0,0
2012-11-21T09:19:49.000,2177.4,10193,2177.2,32,0.0,0,0.0,0,0.0,0,0.0,0,2177.4,10,0.0,0,0.0,0,0.0,0,0.0,0
2012-11-21T09:19:49.500,2177.4,10196,2177.2,32,0.0,0,0.0,0,0.0,0,0.0,0,2177.4,10,0.0,0,0.0,0,0.0,0,0.0,0
2012-11-21T09:19:50.000,2177.4,10209,2177.2,24,0.0,0,0.0,0,0.0,0,0.0,0,2177.4,10,0.0,0,0.0,0,0.0,0,0.0,0
2012-11-21T09:19:50.500,2177.4,10212,2177.2,22,0.0,0,0.0,0,0.0,0,0.0,0,2177.4,7,0.0,0,0.0,0,0.0,0,0.0,0
2012-11-21T09:19:51.250,2177.2,10216,2177.2,18,0.0,0,0.0,0,0.0,0,0.0,0,2177.4,12,0.0,0,0.0,0,0.0,0,0.0,0
2012-11-21T09:19:52.000,2177.2,10218,2177.2,26,0.0,0,0.0,0,0.0,0,0.0,0,2177.4,13,0.0,0,0.0,0,0.0,0,0.0,0
2012-11-21T09:19:52.500,2177.2,10225,2177.2,23,0.0,0,0.0,0,0.0,0,0.0,0,2177.4,10,0.0,0,0.0,0,0.0,0,0.0,0
2012-11-21T09:19:53.000,2177.2,10229,2177.2,21,0.0,0,0.0,0,0.0,0,0.0,0,2177.4,8,0.0,0,0.0,0,0.0,0,0.0,0
2012-11-21T09:19:53.500,2177.2,10231,2177.2,20,0.0,0,0.0,0,0.0,0,0.0,0,2177.4,7,0.0,0,0.0,0,0.0,0,0.0,0
2012-11-21T09:19:54.000,2177.2,10250,2177.2,3,0.0,0,0.0,0,0.0,0,0.0,0,2177.4,7,0.0,0,0.0,0,0.0,0,0.0,0
2012-11-21T09:19:54.500,2177.2,10256,2177.2,8,0.0,0,0.0,0,0.0,0,0.0,0,2177.4,7,0.0,0,0.0,0,0.0,0,0.0,0
2012-11-21T09:19:55.250,2177.2,10264,2177.2,5,0.0,0,0.0,0,0.0,0,0.0,0,2177.4,5,0.0,0,0.0,0,0.0,0,0.0,0
2012-11-21T09:19:56.000,2177.4,10267,2177.2,4,0.0,0,0.0,0,0.0,0,0.0,0,2177.4,4,0.0,0,0.0,0,0.0,0,0.0,0
2012-11-21T09:19:56.500,2177.2,10268,2177.2,8,0.0,0,0.0,0,0.0,0,0.0,0,2177.4,54,0.0,0,0.0,0,0.0,0,0.0,0
2012-11-21T09:19:57.000,2177.4,10271,2177.2,6,0.0,0,0.0,0,0.0,0,0.0,0,2177.4,53,0.0,0,0.0,0,0.0,0,0.0,0
2012-11-21T09:19:57.500,2177.2,10273,2177,147,0.0,0,0.0,0,0.0,0,0.0,0,2177.2,2,0.0,0,0.0,0,0.0,0,0.0,0
2012-11-21T09:19:58.000,2177.2,10275,2177,146,0.0,0,0.0,0,0.0,0,0.0,0,2177.2,1,0.0,0,0.0,0,0.0,0,0.0,0
2012-11-21T09:19:58.500,2177,10279,2177,143,0.0,0,0.0,0,0.0,0,0.0,0,2177.4,53,0.0,0,0.0,0,0.0,0,0.0,0
2012-11-21T09:19:59.000,2177.2,10281,2177.2,1,0.0,0,0.0,0,0.0,0,0.0,0,2177.4,53,0.0,0,0.0,0,0.0,0,0.0,0
2012-11-21T09:19:59.500,2177,10284,2177,142,0.0,0,0.0,0,0.0,0,0.0,0,2177.2,1,0.0,0,0.0,0,0.0,0,0.0,0
2012-11-21T09:20:00.000,2177.2,10289,2177.2,1,0.0,0,0.0,0,0.0,0,0.0,0,2177.4,53,0.0,0,0.0,0,0.0,0,0.0,0
2012-11-21T09:20:00.500,2177.2,10314,2177.2,3,0.0,0,0.0,0,0.0,0,0.0,0,2177.4,49,0.0,0,0.0,0,0.0,0,0.0,0
2012-11-21T09:20:01.000,2177,10321,2177,132,0.0,0,0.0,0,0.0,0,0.0,0,2177.4,47,0.0,0,0.0,0,0.0,0,0.0,0
2012-11-21T09:20:01.500,2177.4,10360,2177,131,0.0,0,0.0,0,0.0,0,0.0,0,2177.4,22,0.0,0,0.0,0,0.0,0,0.0,0
2012-11-21T09:20:02.000,2177.2,10380,2177,129,0.0,0,0.0,0,0.0,0,0.0,0,2177.2,12,0.0,0,0.0,0,0.0,0,0.0,0
2012-11-21T09:20:02.500,2177,10395,2177,127,0.0,0,0.0,0,0.0,0,0.0,0,2177.4,12,0.0,0,0.0,0,0.0,0,0.0,0
2012-11-21T09:20:03.000,2177.4,10414,2177.4,3,0.0,0,0.0,0,0.0,0,0.0,0,2177.6,16,0.0,0,0.0,0,0.0,0,0.0,0
2012-11-21T09:20:03.500,2177.6,10423,2177,125,0.0,0,0.0,0,0.0,0,0.0,0,2177.6,11,0.0,0,0.0,0,0.0,0,0.0,0
2012-11-21T09:20:04.000,2177.4,10426,2177.2,8,0.0,0,0.0,0,0.0,0,0.0,0,2177.6,10,0.0,0,0.0,0,0.0,0,0.0,0
2012-11-21T09:20:04.500,2177.6,10430,2177.2,19,0.0,0,0.0,0,0.0,0,0.0,0,2177.6,9,0.0,0,0.0,0,0.0,0,0.0,0
2012-11-21T09:20:05.250,2177.2,10431,2177.2,26,0.0,0,0.0,0,0.0,0,0.0,0,2177.6,9,0.0,0,0.0,0,0.0,0,0.0,0
2012-11-21T09:20:06.000,2177.6,10432,2177.2,33,0.0,0,0.0,0,0.0,0,0.0,0,2177.6,40,0.0,0,0.0,0,0.0,0,0.0,0
2012-11-21T09:20:06.500,2177.6,10436,2177.2,30,0.0,0,0.0,0,0.0,0,0.0,0,2177.6,37,0.0,0,0.0,0,0.0,0,0.0,0
2012-11-21T09:20:07.000,2177.2,10437,2177.2,29,0.0,0,0.0,0,0.0,0,0.0,0,2177.6,37,0.0,0,0.0,0,0.0,0,0.0,0
2012-11-21T09:20:07.500,2177.2,10450,2177.2,17,0.0,0,0.0,0,0.0,0,0.0,0,2177.6,38,0.0,0,0.0,0,0.0,0,0.0,0
2012-11-21T09:20:08.000,2177.2,10457,2177.2,13,0.0,0,0.0,0,0.0,0,0.0,0,2177.4,3,0.0,0,0.0,0,0.0,0,0.0,0
2012-11-21T09:20:08.500,2177.6,10471,2177.2,6,0.0,0,0.0,0,0.0,0,0.0,0,2177.6,36,0.0,0,0.0,0,0.0,0,0.0,0
2012-11-21T09:20:09.000,2177.2,10474,2177.2,5,0.0,0,0.0,0,0.0,0,0.0,0,2177.4,3,0.0,0,0.0,0,0.0,0,0.0,0
2012-11-21T09:20:09.500,2177.4,10479,2177.2,7,0.0,0,0.0,0,0.0,0,0.0,0,2177.4,1,0.0,0,0.0,0,0.0,0,0.0,0
2012-11-21T09:20:10.000,2177.4,10483,2177.2,12,0.0,0,0.0,0,0.0,0,0.0,0,2177.4,3,0.0,0,0.0,0,0.0,0,0.0,0
2012-11-21T09:20:10.500,2177.4,10486,2177.2,12,0.0,0,0.0,0,0.0,0,0.0,0,2177.4,7,0.0,0,0.0,0,0.0,0,0.0,0
2012-11-21T09:20:11.000,2177.4,10490,2177.2,14,0.0,0,0.0,0,0.0,0,0.0,0,2177.4,6,0.0,0,0.0,0,0.0,0,0.0,0
2012-11-21T09:20:11.500,2177.4,10497,2177.2,21,0.0,0,0.0,0,0.0,0,0.0,0,2177.6,34,0.0,0,0.0,0,0.0,0,0.0,0
2012-11-21T09:20:12.000,2177.6,10501,2177.2,21,0.0,0,0.0,0,0.0,0,0.0,0,2177.4,1,0.0,0,0.0,0,0.0,0,0.0,0
2012-11-21T09:20:12.500,2177.4,10504,2177.4,10,0.0,0,0.0,0,0.0,0,0.0,0,2177.6,29,0.0,0,0.0,0,0.0,0,0.0,0
2012-11-21T09:20:13.000,2177.4,10520,2177.2,23,0.0,0,0.0,0,0.0,0,0.0,0,2177.4,34,0.0,0,0.0,0,0.0,0,0.0,0
2012-11-21T09:20:13.500,2177.4,10531,2177.2,23,0.0,0,0.0,0,0.0,0,0.0,0,2177.4,23,0.0,0,0.0,0,0.0,0,0.0,0
2012-11-21T09:20:14.000,2177.4,10535,2177.2,75,0.0,0,0.0,0,0.0,0,0.0,0,2177.4,20,0.0,0,0.0,0,0.0,0,0.0,0
2012-11-21T09:20:14.500,2177.4,10540,2177.2,28,0.0,0,0.0,0,0.0,0,0.0,0,2177.4,37,0.0,0,0.0,0,0.0,0,0.0,0
2012-11-21T09:20:15.000,2177.4,10552,2177.2,39,0.0,0,0.0,0,0.0,0,0.0,0,2177.4,25,0.0,0,0.0,0,0.0,0,0.0,0
2012-11-21T09:20:15.500,2177.4,10584,2177.2,10,0.0,0,0.0,0,0.0,0,0.0,0,2177.4,27,0.0,0,0.0,0,0.0,0,0.0,0
2012-11-21T09:20:16.000,2177.2,10587,2177.2,9,0.0,0,0.0,0,0.0,0,0.0,0,2177.4,25,0.0,0,0.0,0,0.0,0,0.0,0
2012-11-21T09:20:16.500,2177.4,10589,2177.2,9,0.0,0,0.0,0,0.0,0,0.0,0,2177.4,23,0.0,0,0.0,0,0.0,0,0.0,0
2012-11-21T09:20:17.000,2177.2,10599,2177.2,6,0.0,0,0.0,0,0.0,0,0.0,0,2177.4,20,0.0,0,0.0,0,0.0,0,0.0,0
2012-11-21T09:20:17.500,2177.4,10602,2177.2,7,0.0,0,0.0,0,0.0,0,0.0,0,2177.4,17,0.0,0,0.0,0,0.0,0,0.0,0
2012-11-21T09:20:18.250,2177.2,10612,2177,147,0.0,0,0.0,0,0.0,0,0.0,0,2177.4,17,0.0,0,0.0,0,0.0,0,0.0,0
2012-11-21T09:20:19.000,2177,10615,2177,146,0.0,0,0.0,0,0.0,0,0.0,0,2177.4,17,0.0,0,0.0,0,0.0,0,0.0,0
2012-11-21T09:20:19.500,2177,10620,2177,141,0.0,0,0.0,0,0.0,0,0.0,0,2177.2,1,0.0,0,0.0,0,0.0,0,0.0,0
2012-11-21T09:20:20.000,2177.4,10627,2177,137,0.0,0,0.0,0,0.0,0,0.0,0,2177.4,16,0.0,0,0.0,0,0.0,0,0.0,0
2012-11-21T09:20:20.500,2177.2,10630,2177.2,1,0.0,0,0.0,0,0.0,0,0.0,0,2177.4,14,0.0,0,0.0,0,0.0,0,0.0,0
2012-11-21T09:20:21.250,2177,10642,2177,137,0.0,0,0.0,0,0.0,0,0.0,0,2177.2,5,0.0,0,0.0,0,0.0,0,0.0,0
2012-11-21T09:20:22.000,2177,10645,2177,137,0.0,0,0.0,0,0.0,0,0.0,0,2177.2,6,0.0,0,0.0,0,0.0,0,0.0,0
2012-11-21T09:20:22.500,2177.2,10653,2177.2,9,0.0,0,0.0,0,0.0,0,0.0,0,2177.4,13,0.0,0,0.0,0,0.0,0,0.0,0
2012-11-21T09:20:23.000,2177.2,10654,2177.2,11,0.0,0,0.0,0,0.0,0,0.0,0,2177.4,44,0.0,0,0.0,0,0.0,0,0.0,0
2012-11-21T09:20:23.500,2177.2,10656,2177.2,13,0.0,0,0.0,0,0.0,0,0.0,0,2177.4,44,0.0,0,0.0,0,0.0,0,0.0,0
2012-11-21T09:20:24.000,2177,10701,2177,104,0.0,0,0.0,0,0.0,0,0.0,0,2177.2,18,0.0,0,0.0,0,0.0,0,0.0,0
2012-11-21T09:20:24.500,2177,10713,2177,102,0.0,0,0.0,0,0.0,0,0.0,0,2177.2,10,0.0,0,0.0,0,0.0,0,0.0,0
2012-11-21T09:20:25.000,2177,10714,2177,101,0.0,0,0.0,0,0.0,0,0.0,0,2177.2,16,0.0,0,0.0,0,0.0,0,0.0,0
2012-11-21T09:20:25.500,2177.2,10722,2177,96,0.0,0,0.0,0,0.0,0,0.0,0,2177.2,22,0.0,0,0.0,0,0.0,0,0.0,0
2012-11-21T09:20:26.000,2177,10748,2177,71,0.0,0,0.0,0,0.0,0,0.0,0,2177.2,26,0.0,0,0.0,0,0.0,0,0.0,0
2012-11-21T09:20:26.500,2177,10776,2177,44,0.0,0,0.0,0,0.0,0,0.0,0,2177.2,28,0.0,0,0.0,0,0.0,0,0.0,0
2012-11-21T09:20:27.000,2177,10800,2177,21,0.0,0,0.0,0,0.0,0,0.0,0,2177.2,24,0.0,0,0.0,0,0.0,0,0.0,0
2012-11-21T09:20:27.500,2177,10815,2177,6,0.0,0,0.0,0,0.0,0,0.0,0,2177.2,26,0.0,0,0.0,0,0.0,0,0.0,0
2012-11-21T09:20:28.000,2177.2,10831,2176.8,105,0.0,0,0.0,0,0.0,0,0.0,0,2177.2,22,0.0,0,0.0,0,0.0,0,0.0,0
2012-11-21T09:20:28.500,2177,10857,2177,1,0.0,0,0.0,0,0.0,0,0.0,0,2177.2,22,0.0,0,0.0,0,0.0,0,0.0,0
2012-11-21T09:20:29.000,2177,10868,2177,21,0.0,0,0.0,0,0.0,0,0.0,0,2177.2,21,0.0,0,0.0,0,0.0,0,0.0,0
2012-11-21T09:20:29.500,2177,10870,2177,22,0.0,0,0.0,0,0.0,0,0.0,0,2177.2,23,0.0,0,0.0,0,0.0,0,0.0,0
2012-11-21T09:20:30.000,2177,10874,2177,21,0.0,0,0.0,0,0.0,0,0.0,0,2177.2,25,0.0,0,0.0,0,0.0,0,0.0,0
2012-11-21T09:20:30.500,2176.8,10897,2176.8,108,0.0,0,0.0,0,0.0,0,0.0,0,2177.2,24,0.0,0,0.0,0,0.0,0,0.0,0
2012-11-21T09:20:31.000,2176.8,10898,2177,4,0.0,0,0.0,0,0.0,0,0.0,0,2177.2,24,0.0,0,0.0,0,0.0,0,0.0,0
2012-11-21T09:20:31.500,2177,10903,2176.8,107,0.0,0,0.0,0,0.0,0,0.0,0,2177,2,0.0,0,0.0,0,0.0,0,0.0,0
2012-11-21T09:20:32.000,2177,10907,2176.8,105,0.0,0,0.0,0,0.0,0,0.0,0,2177,10,0.0,0,0.0,0,0.0,0,0.0,0
2012-11-21T09:20:32.500,2176.8,10918,2176.8,95,0.0,0,0.0,0,0.0,0,0.0,0,2177,6,0.0,0,0.0,0,0.0,0,0.0,0
2012-11-21T09:20:33.000,2177,10937,2176.8,90,0.0,0,0.0,0,0.0,0,0.0,0,2177.2,25,0.0,0,0.0,0,0.0,0,0.0,0
2012-11-21T09:20:33.500,2177.2,10940,2177,1,0.0,0,0.0,0,0.0,0,0.0,0,2177.2,26,0.0,0,0.0,0,0.0,0,0.0,0
2012-11-21T09:20:34.000,2176.8,10953,2176.8,81,0.0,0,0.0,0,0.0,0,0.0,0,2177,2,0.0,0,0.0,0,0.0,0,0.0,0
2012-11-21T09:20:34.500,2177,10964,2176.8,73,0.0,0,0.0,0,0.0,0,0.0,0,2177,4,0.0,0,0.0,0,0.0,0,0.0,0
2012-11-21T09:20:35.000,2176.8,10969,2176.8,72,0.0,0,0.0,0,0.0,0,0.0,0,2177,1,0.0,0,0.0,0,0.0,0,0.0,0
2012-11-21T09:20:35.500,2177,10973,2176.8,69,0.0,0,0.0,0,0.0,0,0.0,0,2177,3,0.0,0,0.0,0,0.0,0,0.0,0
2012-11-21T09:20:36.000,2177,10984,2177,1,0.0,0,0.0,0,0.0,0,0.0,0,2177.2,25,0.0,0,0.0,0,0.0,0,0.0,0
2012-11-21T09:20:36.500,2177,10987,2177,1,0.0,0,0.0,0,0.0,0,0.0,0,2177.2,24,0.0,0,0.0,0,0.0,0,0.0,0
2012-11-21T09:20:37.000,2177,10992,2177,2,0.0,0,0.0,0,0.0,0,0.0,0,2177.2,23,0.0,0,0.0,0,0.0,0,0.0,0
2012-11-21T09:20:37.500,2177,10996,2176.8,69,0.0,0,0.0,0,0.0,0,0.0,0,2177,9,0.0,0,0.0,0,0.0,0,0.0,0
2012-11-21T09:20:38.000,2177,10997,2176.8,72,0.0,0,0.0,0,0.0,0,0.0,0,2177,8,0.0,0,0.0,0,0.0,0,0.0,0
2012-11-21T09:20:38.500,2176.8,11001,2176.8,70,0.0,0,0.0,0,0.0,0,0.0,0,2177,8,0.0,0,0.0,0,0.0,0,0.0,0
2012-11-21T09:20:39.000,2177,11003,2176.8,69,0.0,0,0.0,0,0.0,0,0.0,0,2177,8,0.0,0,0.0,0,0.0,0,0.0,0
2012-11-21T09:20:39.500,2177,11007,2176.8,68,0.0,0,0.0,0,0.0,0,0.0,0,2177,6,0.0,0,0.0,0,0.0,0,0.0,0
2012-11-21T09:20:40.000,2177,11011,2176.8,105,0.0,0,0.0,0,0.0,0,0.0,0,2177,4,0.0,0,0.0,0,0.0,0,0.0,0
2012-11-21T09:20:40.500,2177,11017,2176.8,102,0.0,0,0.0,0,0.0,0,0.0,0,2177,3,0.0,0,0.0,0,0.0,0,0.0,0
2012-11-21T09:20:41.000,2177.2,11022,2177,9,0.0,0,0.0,0,0.0,0,0.0,0,2177.2,25,0.0,0,0.0,0,0.0,0,0.0,0
2012-11-21T09:20:41.500,2177.2,11028,2177,26,0.0,0,0.0,0,0.0,0,0.0,0,2177.2,22,0.0,0,0.0,0,0.0,0,0.0,0
2012-11-21T09:20:42.000,2177,11068,2177,22,0.0,0,0.0,0,0.0,0,0.0,0,2177.4,21,0.0,0,0.0,0,0.0,0,0.0,0
2012-11-21T09:20:42.500,2177.4,11070,2177,27,0.0,0,0.0,0,0.0,0,0.0,0,2177.4,24,0.0,0,0.0,0,0.0,0,0.0,0
2012-11-21T09:20:43.000,2177.4,11075,2177,43,0.0,0,0.0,0,0.0,0,0.0,0,2177.4,24,0.0,0,0.0,0,0.0,0,0.0,0
2012-11-21T09:20:43.500,2177.4,11081,2177,40,0.0,0,0.0,0,0.0,0,0.0,0,2177.4,23,0.0,0,0.0,0,0.0,0,0.0,0
2012-11-21T09:20:44.000,2177.4,11083,2177.2,3,0.0,0,0.0,0,0.0,0,0.0,0,2177.4,21,0.0,0,0.0,0,0.0,0,0.0,0
2012-11-21T09:20:44.500,2177.4,11088,2177.2,10,0.0,0,0.0,0,0.0,0,0.0,0,2177.4,21,0.0,0,0.0,0,0.0,0,0.0,0
2012-11-21T09:20:45.000,2177.2,11090,2177.2,22,0.0,0,0.0,0,0.0,0,0.0,0,2177.4,21,0.0,0,0.0,0,0.0,0,0.0,0
2012-11-21T09:20:45.500,2177.4,11091,2177.2,24,0.0,0,0.0,0,0.0,0,0.0,0,2177.4,20,0.0,0,0.0,0,0.0,0,0.0,0
2012-11-21T09:20:46.000,2177.4,11092,2177.2,25,0.0,0,0.0,0,0.0,0,0.0,0,2177.4,49,0.0,0,0.0,0,0.0,0,0.0,0
2012-11-21T09:20:46.500,2177.2,11094,2177.2,24,0.0,0,0.0,0,0.0,0,0.0,0,2177.4,48,0.0,0,0.0,0,0.0,0,0.0,0
2012-11-21T09:20:47.000,2177.2,11099,2177.2,23,0.0,0,0.0,0,0.0,0,0.0,0,2177.4,44,0.0,0,0.0,0,0.0,0,0.0,0
2012-11-21T09:20:47.500,2177.2,11102,2177.2,21,0.0,0,0.0,0,0.0,0,0.0,0,2177.4,43,0.0,0,0.0,0,0.0,0,0.0,0
2012-11-21T09:20:48.000,2177.4,11103,2177.2,21,0.0,0,0.0,0,0.0,0,0.0,0,2177.4,42,0.0,0,0.0,0,0.0,0,0.0,0
2012-11-21T09:20:48.500,2177.4,11105,2177.2,21,0.0,0,0.0,0,0.0,0,0.0,0,2177.4,40,0.0,0,0.0,0,0.0,0,0.0,0
2012-11-21T09:20:49.000,2177.2,11127,2177,62,0.0,0,0.0,0,0.0,0,0.0,0,2177.2,9,0.0,0,0.0,0,0.0,0,0.0,0
2012-11-21T09:20:49.500,2177.4,11137,2177.2,3,0.0,0,0.0,0,0.0,0,0.0,0,2177.4,38,0.0,0,0.0,0,0.0,0,0.0,0
2012-11-21T09:20:50.000,2177.4,11138,2177.2,3,0.0,0,0.0,0,0.0,0,0.0,0,2177.4,37,0.0,0,0.0,0,0.0,0,0.0,0
2012-11-21T09:20:50.500,2177.2,11139,2177.2,3,0.0,0,0.0,0,0.0,0,0.0,0,2177.4,47,0.0,0,0.0,0,0.0,0,0.0,0
2012-11-21T09:20:51.000,2177.2,11140,2177.2,2,0.0,0,0.0,0,0.0,0,0.0,0,2177.4,48,0.0,0,0.0,0,0.0,0,0.0,0
2012-11-21T09:20:51.500,2177.2,11153,2177,64,0.0,0,0.0,0,0.0,0,0.0,0,2177.2,2,0.0,0,0.0,0,0.0,0,0.0,0
2012-11-21T09:20:52.000,2177.2,11155,2177,61,0.0,0,0.0,0,0.0,0,0.0,0,2177.2,11,0.0,0,0.0,0,0.0,0,0.0,0
2012-11-21T09:20:52.500,2177.2,11157,2177,61,0.0,0,0.0,0,0.0,0,0.0,0,2177.2,10,0.0,0,0.0,0,0.0,0,0.0,0
2012-11-21T09:20:53.250,2177.2,11163,2177,65,0.0,0,0.0,0,0.0,0,0.0,0,2177.2,5,0.0,0,0.0,0,0.0,0,0.0,0
2012-11-21T09:20:54.250,2177,11183,2177,46,0.0,0,0.0,0,0.0,0,0.0,0,2177.2,6,0.0,0,0.0,0,0.0,0,0.0,0
2012-11-21T09:20:55.000,2177.2,11190,2177,47,0.0,0,0.0,0,0.0,0,0.0,0,2177.2,3,0.0,0,0.0,0,0.0,0,0.0,0
2012-11-21T09:20:55.500,2177,11240,2176.8,101,0.0,0,0.0,0,0.0,0,0.0,0,2177,21,0.0,0,0.0,0,0.0,0,0.0,0
2012-11-21T09:20:56.000,2177,11244,2176.8,100,0.0,0,0.0,0,0.0,0,0.0,0,2177,18,0.0,0,0.0,0,0.0,0,0.0,0
2012-11-21T09:20:56.500,2177,11252,2176.8,99,0.0,0,0.0,0,0.0,0,0.0,0,2177,11,0.0,0,0.0,0,0.0,0,0.0,0
2012-11-21T09:20:57.000,2176.8,11256,2176.8,96,0.0,0,0.0,0,0.0,0,0.0,0,2177,10,0.0,0,0.0,0,0.0,0,0.0,0
2012-11-21T09:20:57.500,2176.8,11257,2176.8,94,0.0,0,0.0,0,0.0,0,0.0,0,2177,10,0.0,0,0.0,0,0.0,0,0.0,0
2012-11-21T09:20:58.000,2177,11261,2176.8,92,0.0,0,0.0,0,0.0,0,0.0,0,2177,8,0.0,0,0.0,0,0.0,0,0.0,0
2012-11-21T09:20:58.500,2176.8,11288,2176.8,63,0.0,0,0.0,0,0.0,0,0.0,0,2177,8,0.0,0,0.0,0,0.0,0,0.0,0
2012-11-21T09:20:59.000,2176.8,11301,2176.8,52,0.0,0,0.0,0,0.0,0,0.0,0,2177,6,0.0,0,0.0,0,0.0,0,0.0,0
2012-11-21T09:20:59.500,2177,11309,2176.8,51,0.0,0,0.0,0,0.0,0,0.0,0,2177,3,0.0,0,0.0,0,0.0,0,0.0,0
2012-11-21T09:21:00.000,2176.8,11342,2176.8,18,0.0,0,0.0,0,0.0,0,0.0,0,2177,19,0.0,0,0.0,0,0.0,0,0.0,0
2012-11-21T09:21:00.500,2176.8,11352,2176.8,18,0.0,0,0.0,0,0.0,0,0.0,0,2177,17,0.0,0,0.0,0,0.0,0,0.0,0
2012-11-21T09:21:01.000,2177,11365,2176.8,15,0.0,0,0.0,0,0.0,0,0.0,0,2177,3,0.0,0,0.0,0,0.0,0,0.0,0
2012-11-21T09:21:01.500,2177.2,11398,2177,7,0.0,0,0.0,0,0.0,0,0.0,0,2177.2,13,0.0,0,0.0,0,0.0,0,0.0,0
2012-11-21T09:21:02.000,2177,11408,2177,12,0.0,0,0.0,0,0.0,0,0.0,0,2177.2,5,0.0,0,0.0,0,0.0,0,0.0,0
2012-11-21T09:21:02.500,2177,11409,2177,17,0.0,0,0.0,0,0.0,0,0.0,0,2177.2,6,0.0,0,0.0,0,0.0,0,0.0,0
2012-11-21T09:21:03.000,2177.4,11427,2177,15,0.0,0,0.0,0,0.0,0,0.0,0,2177.4,48,0.0,0,0.0,0,0.0,0,0.0,0
2012-11-21T09:21:03.500,2177.2,11436,2177,18,0.0,0,0.0,0,0.0,0,0.0,0,2177.4,48,0.0,0,0.0,0,0.0,0,0.0,0
2012-11-21T09:21:04.000,2177.2,11438,2177,20,0.0,0,0.0,0,0.0,0,0.0,0,2177.2,1,0.0,0,0.0,0,0.0,0,0.0,0
2012-11-21T09:21:04.500,2177,11440,2177,20,0.0,0,0.0,0,0.0,0,0.0,0,2177.2,2,0.0,0,0.0,0,0.0,0,0.0,0
2012-11-21T09:21:05.000,2177,11447,2177,14,0.0,0,0.0,0,0.0,0,0.0,0,2177.2,10,0.0,0,0.0,0,0.0,0,0.0,0
2012-11-21T09:21:05.500,2177.2,11451,2177,15,0.0,0,0.0,0,0.0,0,0.0,0,2177.2,6,0.0,0,0.0,0,0.0,0,0.0,0
2012-11-21T09:21:06.000,2177.2,11455,2177,16,0.0,0,0.0,0,0.0,0,0.0,0,2177.2,2,0.0,0,0.0,0,0.0,0,0.0,0
2012-11-21T09:21:06.500,2177,11500,2176.8,15,0.0,0,0.0,0,0.0,0,0.0,0,2177,1,0.0,0,0.0,0,0.0,0,0.0,0
2012-11-21T09:21:07.000,2176.8,11507,2176.8,13,0.0,0,0.0,0,0.0,0,0.0,0,2177.2,2,0.0,0,0.0,0,0.0,0,0.0,0
2012-11-21T09:21:07.500,2176.8,11508,2177,1,0.0,0,0.0,0,0.0,0,0.0,0,2177.2,5,0.0,0,0.0,0,0.0,0,0.0,0
2012-11-21T09:21:08.000,2177.2,11518,2176.8,13,0.0,0,0.0,0,0.0,0,0.0,0,2177.2,6,0.0,0,0.0,0,0.0,0,0.0,0
2012-11-21T09:21:08.500,2176.8,11519,2176.8,14,0.0,0,0.0,0,0.0,0,0.0,0,2177,1,0.0,0,0.0,0,0.0,0,0.0,0
2012-11-21T09:21:09.000,2177,11522,2177,4,0.0,0,0.0,0,0.0,0,0.0,0,2177.2,8,0.0,0,0.0,0,0.0,0,0.0,0
2012-11-21T09:21:09.500,2177,11527,2176.8,14,0.0,0,0.0,0,0.0,0,0.0,0,2177,9,0.0,0,0.0,0,0.0,0,0.0,0
2012-11-21T09:21:10.000,2177,11532,2176.8,15,0.0,0,0.0,0,0.0,0,0.0,0,2177,34,0.0,0,0.0,0,0.0,0,0.0,0
2012-11-21T09:21:10.500,2176.8,11549,2176.6,152,0.0,0,0.0,0,0.0,0,0.0,0,2176.8,3,0.0,0,0.0,0,0.0,0,0.0,0
2012-11-21T09:21:11.000,2176.8,11552,2176.6,151,0.0,0,0.0,0,0.0,0,0.0,0,2176.8,3,0.0,0,0.0,0,0.0,0,0.0,0
2012-11-21T09:21:11.500,2176.8,11554,2176.6,150,0.0,0,0.0,0,0.0,0,0.0,0,2176.8,7,0.0,0,0.0,0,0.0,0,0.0,0
2012-11-21T09:21:12.000,2176.8,11560,2176.6,148,0.0,0,0.0,0,0.0,0,0.0,0,2176.8,7,0.0,0,0.0,0,0.0,0,0.0,0
2012-11-21T09:21:12.500,2176.6,11563,2176.6,146,0.0,0,0.0,0,0.0,0,0.0,0,2176.8,8,0.0,0,0.0,0,0.0,0,0.0,0
2012-11-21T09:21:13.000,2176.6,11620,2176.6,94,0.0,0,0.0,0,0.0,0,0.0,0,2176.8,8,0.0,0,0.0,0,0.0,0,0.0,0
2012-11-21T09:21:13.500,2176.6,11659,2176.6,59,0.0,0,0.0,0,0.0,0,0.0,0,2176.8,15,0.0,0,0.0,0,0.0,0,0.0,0
2012-11-21T09:21:14.000,2176.6,11675,2176.6,47,0.0,0,0.0,0,0.0,0,0.0,0,2176.8,11,0.0,0,0.0,0,0.0,0,0.0,0
2012-11-21T09:21:14.500,2176.6,11687,2176.6,38,0.0,0,0.0,0,0.0,0,0.0,0,2176.8,9,0.0,0,0.0,0,0.0,0,0.0,0
2012-11-21T09:21:15.000,2176.6,11706,2176.6,20,0.0,0,0.0,0,0.0,0,0.0,0,2176.8,15,0.0,0,0.0,0,0.0,0,0.0,0
2012-11-21T09:21:15.500,2176.6,11719,2176.6,8,0.0,0,0.0,0,0.0,0,0.0,0,2176.8,16,0.0,0,0.0,0,0.0,0,0.0,0
2012-11-21T09:21:16.000,2176.4,11731,2176.4,86,0.0,0,0.0,0,0.0,0,0.0,0,2176.6,8,0.0,0,0.0,0,0.0,0,0.0,0
2012-11-21T09:21:16.500,2176.6,11737,2176.4,84,0.0,0,0.0,0,0.0,0,0.0,0,2176.6,10,0.0,0,0.0,0,0.0,0,0.0,0
2012-11-21T09:21:17.000,2176.6,11748,2176.4,74,0.0,0,0.0,0,0.0,0,0.0,0,2176.6,10,0.0,0,0.0,0,0.0,0,0.0,0
2012-11-21T09:21:17.500,2176.6,11757,2176.4,62,0.0,0,0.0,0,0.0,0,0.0,0,2176.6,21,0.0,0,0.0,0,0.0,0,0.0,0
2012-11-21T09:21:18.000,2176.4,11770,2176.4,55,0.0,0,0.0,0,0.0,0,0.0,0,2176.6,17,0.0,0,0.0,0,0.0,0,0.0,0
2012-11-21T09:21:18.500,2176.4,11799,2176.4,26,0.0,0,0.0,0,0.0,0,0.0,0,2176.6,20,0.0,0,0.0,0,0.0,0,0.0,0
2012-11-21T09:21:19.000,2176.4,11815,2176.4,16,0.0,0,0.0,0,0.0,0,0.0,0,2176.6,25,0.0,0,0.0,0,0.0,0,0.0,0
2012-11-21T09:21:19.500,2176.4,11835,2176.2,78,0.0,0,0.0,0,0.0,0,0.0,0,2176.4,28,0.0,0,0.0,0,0.0,0,0.0,0
2012-11-21T09:21:20.000,2176.4,11865,2176.2,78,0.0,0,0.0,0,0.0,0,0.0,0,2176.4,6,0.0,0,0.0,0,0.0,0,0.0,0
2012-11-21T09:21:20.500,2176.2,11899,2176.2,46,0.0,0,0.0,0,0.0,0,0.0,0,2176.4,10,0.0,0,0.0,0,0.0,0,0.0,0
2012-11-21T09:21:21.000,2176.2,11936,2176.2,11,0.0,0,0.0,0,0.0,0,0.0,0,2176.4,17,0.0,0,0.0,0,0.0,0,0.0,0
2012-11-21T09:21:21.500,2176.4,11951,2176,142,0.0,0,0.0,0,0.0,0,0.0,0,2176.2,1,0.0,0,0.0,0,0.0,0,0.0,0
2012-11-21T09:21:22.000,2176.2,11962,2176,139,0.0,0,0.0,0,0.0,0,0.0,0,2176.2,25,0.0,0,0.0,0,0.0,0,0.0,0
2012-11-21T09:21:22.500,2176.2,11985,2176,117,0.0,0,0.0,0,0.0,0,0.0,0,2176.2,29,0.0,0,0.0,0,0.0,0,0.0,0
2012-11-21T09:21:23.000,2176.2,11995,2176,112,0.0,0,0.0,0,0.0,0,0.0,0,2176.2,24,0.0,0,0.0,0,0.0,0,0.0,0
2012-11-21T09:21:23.500,2176,12046,2176,73,0.0,0,0.0,0,0.0,0,0.0,0,2176.2,27,0.0,0,0.0,0,0.0,0,0.0,0
2012-11-21T09:21:24.000,2176,12090,2176,36,0.0,0,0.0,0,0.0,0,0.0,0,2176.2,21,0.0,0,0.0,0,0.0,0,0.0,0
2012-11-21T09:21:24.500,2175.8,12158,2175.8,18,0.0,0,0.0,0,0.0,0,0.0,0,2176,29,0.0,0,0.0,0,0.0,0,0.0,0
2012-11-21T09:21:25.000,2176,12176,2175.8,8,0.0,0,0.0,0,0.0,0,0.0,0,2176,40,0.0,0,0.0,0,0.0,0,0.0,0
2012-11-21T09:21:25.500,2175.6,12207,2175.6,112,0.0,0,0.0,0,0.0,0,0.0,0,2175.8,4,0.0,0,0.0,0,0.0,0,0.0,0
2012-11-21T09:21:26.000,2176,12276,2175.8,34,0.0,0,0.0,0,0.0,0,0.0,0,2176,53,0.0,0,0.0,0,0.0,0,0.0,0
2012-11-21T09:21:26.500,2175.8,12296,2175.8,36,0.0,0,0.0,0,0.0,0,0.0,0,2176,53,0.0,0,0.0,0,0.0,0,0.0,0
2012-11-21T09:21:27.000,2175.8,12336,2175.8,20,0.0,0,0.0,0,0.0,0,0.0,0,2176,55,0.0,0,0.0,0,0.0,0,0.0,0
2012-11-21T09:21:27.500,2175.8,12373,2175.8,6,0.0,0,0.0,0,0.0,0,0.0,0,2176,51,0.0,0,0.0,0,0.0,0,0.0,0
2012-11-21T09:21:28.000,2175.8,12391,2175.8,13,0.0,0,0.0,0,0.0,0,0.0,0,2176,66,0.0,0,0.0,0,0.0,0,0.0,0
2012-11-21T09:21:28.500,2175.8,12424,2175.6,92,0.0,0,0.0,0,0.0,0,0.0,0,2175.8,10,0.0,0,0.0,0,0.0,0,0.0,0
2012-11-21T09:21:29.000,2175.8,12439,2175.6,97,0.0,0,0.0,0,0.0,0,0.0,0,2175.8,13,0.0,0,0.0,0,0.0,0,0.0,0
2012-11-21T09:21:29.500,2176,12460,2175.6,89,0.0,0,0.0,0,0.0,0,0.0,0,2176,115,0.0,0,0.0,0,0.0,0,0.0,0
2012-11-21T09:21:30.000,2175.6,12470,2175.6,84,0.0,0,0.0,0,0.0,0,0.0,0,2176,120,0.0,0,0.0,0,0.0,0,0.0,0
2012-11-21T09:21:30.500,2176,12488,2175.6,76,0.0,0,0.0,0,0.0,0,0.0,0,2176,116,0.0,0,0.0,0,0.0,0,0.0,0
2012-11-21T09:21:31.000,2176,12497,2175.8,6,0.0,0,0.0,0,0.0,0,0.0,0,2176,113,0.0,0,0.0,0,0.0,0,0.0,0
2012-11-21T09:21:31.500,2175.8,12515,2175.8,11,0.0,0,0.0,0,0.0,0,0.0,0,2176,101,0.0,0,0.0,0,0.0,0,0.0,0
2012-11-21T09:21:32.000,2175.6,12541,2175.6,89,0.0,0,0.0,0,0.0,0,0.0,0,2175.8,9,0.0,0,0.0,0,0.0,0,0.0,0
2012-11-21T09:21:32.500,2175.8,12561,2175.8,3,0.0,0,0.0,0,0.0,0,0.0,0,2176,102,0.0,0,0.0,0,0.0,0,0.0,0
2012-11-21T09:21:33.000,2176,12575,2175.8,2,0.0,0,0.0,0,0.0,0,0.0,0,2176,97,0.0,0,0.0,0,0.0,0,0.0,0
2012-11-21T09:21:33.500,2175.8,12593,2175.8,2,0.0,0,0.0,0,0.0,0,0.0,0,2176,104,0.0,0,0.0,0,0.0,0,0.0,0
2012-11-21T09:21:34.000,2175.6,12608,2175.6,86,0.0,0,0.0,0,0.0,0,0.0,0,2176,102,0.0,0,0.0,0,0.0,0,0.0,0
2012-11-21T09:21:34.500,2175.6,12610,2175.6,85,0.0,0,0.0,0,0.0,0,0.0,0,2175.8,2,0.0,0,0.0,0,0.0,0,0.0,0
2012-11-21T09:21:35.000,2175.8,12615,2175.8,1,0.0,0,0.0,0,0.0,0,0.0,0,2176,106,0.0,0,0.0,0,0.0,0,0.0,0
2012-11-21T09:21:35.500,2175.8,12631,2175.6,76,0.0,0,0.0,0,0.0,0,0.0,0,2175.8,14,0.0,0,0.0,0,0.0,0,0.0,0
2012-11-21T09:21:36.000,2175.8,12646,2175.8,26,0.0,0,0.0,0,0.0,0,0.0,0,2176,109,0.0,0,0.0,0,0.0,0,0.0,0
2012-11-21T09:21:36.500,2176,12658,2175.8,16,0.0,0,0.0,0,0.0,0,0.0,0,2176,112,0.0,0,0.0,0,0.0,0,0.0,0
2012-11-21T09:21:37.000,2175.8,12671,2175.8,12,0.0,0,0.0,0,0.0,0,0.0,0,2176,111,0.0,0,0.0,0,0.0,0,0.0,0
2012-11-21T09:21:37.500,2175.8,12678,2175.8,6,0.0,0,0.0,0,0.0,0,0.0,0,2176,114,0.0,0,0.0,0,0.0,0,0.0,0
2012-11-21T09:21:38.000,2175.8,12689,2175.6,97,0.0,0,0.0,0,0.0,0,0.0,0,2175.8,11,0.0,0,0.0,0,0.0,0,0.0,0
2012-11-21T09:21:38.500,2175.8,12694,2175.6,99,0.0,0,0.0,0,0.0,0,0.0,0,2175.8,17,0.0,0,0.0,0,0.0,0,0.0,0
2012-11-21T09:21:39.000,2176,12727,2175.6,95,0.0,0,0.0,0,0.0,0,0.0,0,2176,120,0.0,0,0.0,0,0.0,0,0.0,0
2012-11-21T09:21:39.500,2175.8,12734,2175.6,95,0.0,0,0.0,0,0.0,0,0.0,0,2175.8,1,0.0,0,0.0,0,0.0,0,0.0,0
2012-11-21T09:21:40.000,2175.8,12738,2175.8,8,0.0,0,0.0,0,0.0,0,0.0,0,2176,134,0.0,0,0.0,0,0.0,0,0.0,0
2012-11-21T09:21:40.500,2176,12756,2175.8,3,0.0,0,0.0,0,0.0,0,0.0,0,2176,144,0.0,0,0.0,0,0.0,0,0.0,0
2012-11-21T09:21:41.000,2175.8,12765,2175.6,96,0.0,0,0.0,0,0.0,0,0.0,0,2175.8,29,0.0,0,0.0,0,0.0,0,0.0,0
2012-11-21T09:21:41.500,2175.8,12771,2175.6,100,0.0,0,0.0,0,0.0,0,0.0,0,2175.8,29,0.0,0,0.0,0,0.0,0,0.0,0
2012-11-21T09:21:42.000,2175.6,12773,2175.6,102,0.0,0,0.0,0,0.0,0,0.0,0,2175.8,31,0.0,0,0.0,0,0.0,0,0.0,0
2012-11-21T09:21:42.500,2175.8,12788,2175.6,101,0.0,0,0.0,0,0.0,0,0.0,0,2175.8,18,0.0,0,0.0,0,0.0,0,0.0,0
2012-11-21T09:21:43.000,2175.8,12805,2175.6,91,0.0,0,0.0,0,0.0,0,0.0,0,2175.8,12,0.0,0,0.0,0,0.0,0,0.0,0
2012-11-21T09:21:43.500,2175.6,12814,2175.6,89,0.0,0,0.0,0,0.0,0,0.0,0,2175.8,7,0.0,0,0.0,0,0.0,0,0.0,0
2012-11-21T09:21:44.000,2175.6,12821,2175.6,100,0.0,0,0.0,0,0.0,0,0.0,0,2175.8,6,0.0,0,0.0,0,0.0,0,0.0,0
2012-11-21T09:21:44.500,2175.8,12826,2175.6,86,0.0,0,0.0,0,0.0,0,0.0,0,2175.8,7,0.0,0,0.0,0,0.0,0,0.0,0
2012-11-21T09:21:45.000,2175.8,12836,2175.6,83,0.0,0,0.0,0,0.0,0,0.0,0,2175.8,1,0.0,0,0.0,0,0.0,0,0.0,0
2012-11-21T09:21:45.500,2175.6,12845,2175.6,96,0.0,0,0.0,0,0.0,0,0.0,0,2175.8,7,0.0,0,0.0,0,0.0,0,0.0,0
2012-11-21T09:21:46.000,2175.8,12863,2175.8,1,0.0,0,0.0,0,0.0,0,0.0,0,2176,193,0.0,0,0.0,0,0.0,0,0.0,0
2012-11-21T09:21:46.500,2175.8,12867,2175.8,22,0.0,0,0.0,0,0.0,0,0.0,0,2176,192,0.0,0,0.0,0,0.0,0,0.0,0
2012-11-21T09:21:47.000,2175.8,12880,2175.8,8,0.0,0,0.0,0,0.0,0,0.0,0,2176,192,0.0,0,0.0,0,0.0,0,0.0,0
2012-11-21T09:21:47.500,2175.8,12895,2175.6,83,0.0,0,0.0,0,0.0,0,0.0,0,2175.8,3,0.0,0,0.0,0,0.0,0,0.0,0
2012-11-21T09:21:48.000,2175.8,12906,2175.8,11,0.0,0,0.0,0,0.0,0,0.0,0,2176,188,0.0,0,0.0,0,0.0,0,0.0,0
2012-11-21T09:21:48.500,2176,12930,2175.6,77,0.0,0,0.0,0,0.0,0,0.0,0,2175.8,11,0.0,0,0.0,0,0.0,0,0.0,0
2012-11-21T09:21:49.000,2175.8,12937,2175.6,75,0.0,0,0.0,0,0.0,0,0.0,0,2175.8,8,0.0,0,0.0,0,0.0,0,0.0,0
2012-11-21T09:21:49.500,2175.8,12946,2175.6,76,0.0,0,0.0,0,0.0,0,0.0,0,2175.8,6,0.0,0,0.0,0,0.0,0,0.0,0
2012-11-21T09:21:50.000,2175.6,12990,2175.6,36,0.0,0,0.0,0,0.0,0,0.0,0,2175.8,4,0.0,0,0.0,0,0.0,0,0.0,0
2012-11-21T09:21:50.500,2175.8,12993,2175.6,37,0.0,0,0.0,0,0.0,0,0.0,0,2175.8,4,0.0,0,0.0,0,0.0,0,0.0,0
2012-11-21T09:21:51.000,2175.6,13021,2175.6,34,0.0,0,0.0,0,0.0,0,0.0,0,2175.8,10,0.0,0,0.0,0,0.0,0,0.0,0
2012-11-21T09:21:51.500,2175.6,13025,2175.6,41,0.0,0,0.0,0,0.0,0,0.0,0,2175.8,11,0.0,0,0.0,0,0.0,0,0.0,0
2012-11-21T09:21:52.000,2175.6,13059,2175.6,15,0.0,0,0.0,0,0.0,0,0.0,0,2175.8,17,0.0,0,0.0,0,0.0,0,0.0,0
2012-11-21T09:21:52.500,2175.8,13075,2175.6,13,0.0,0,0.0,0,0.0,0,0.0,0,2175.8,11,0.0,0,0.0,0,0.0,0,0.0,0
2012-11-21T09:21:53.000,2175.6,13080,2175.6,12,0.0,0,0.0,0,0.0,0,0.0,0,2175.8,9,0.0,0,0.0,0,0.0,0,0.0,0
2012-11-21T09:21:53.500,2175.6,13099,2175.4,69,0.0,0,0.0,0,0.0,0,0.0,0,2175.6,16,0.0,0,0.0,0,0.0,0,0.0,0
2012-11-21T09:21:54.000,2175.6,13139,2175.4,37,0.0,0,0.0,0,0.0,0,0.0,0,2175.6,19,0.0,0,0.0,0,0.0,0,0.0,0
2012-11-21T09:21:54.500,2175.6,13156,2175.4,39,0.0,0,0.0,0,0.0,0,0.0,0,2175.6,25,0.0,0,0.0,0,0.0,0,0.0,0
2012-11-21T09:21:55.000,2175.6,13158,2175.4,38,0.0,0,0.0,0,0.0,0,0.0,0,2175.6,30,0.0,0,0.0,0,0.0,0,0.0,0
2012-11-21T09:21:55.500,2175.4,13197,2175.2,116,0.0,0,0.0,0,0.0,0,0.0,0,2175.4,7,0.0,0,0.0,0,0.0,0,0.0,0
2012-11-21T09:21:56.000,2175.4,13209,2175.2,111,0.0,0,0.0,0,0.0,0,0.0,0,2175.4,2,0.0,0,0.0,0,0.0,0,0.0,0
2012-11-21T09:21:56.500,2175.4,13214,2175.2,108,0.0,0,0.0,0,0.0,0,0.0,0,2175.6,39,0.0,0,0.0,0,0.0,0,0.0,0
2012-11-21T09:21:57.000,2175.6,13232,2175.4,3,0.0,0,0.0,0,0.0,0,0.0,0,2175.6,32,0.0,0,0.0,0,0.0,0,0.0,0
2012-11-21T09:21:57.500,2175.6,13276,2175.4,17,0.0,0,0.0,0,0.0,0,0.0,0,2175.6,5,0.0,0,0.0,0,0.0,0,0.0,0
2012-11-21T09:21:58.000,2175.4,13282,2175.4,22,0.0,0,0.0,0,0.0,0,0.0,0,2175.6,4,0.0,0,0.0,0,0.0,0,0.0,0
2012-11-21T09:21:58.500,2175.6,13291,2175.6,4,0.0,0,0.0,0,0.0,0,0.0,0,2175.8,25,0.0,0,0.0,0,0.0,0,0.0,0
2012-11-21T09:21:59.000,2175.8,13297,2175.6,6,0.0,0,0.0,0,0.0,0,0.0,0,2175.8,23,0.0,0,0.0,0,0.0,0,0.0,0
2012-11-21T09:21:59.500,2175.6,13316,2175.6,16,0.0,0,0.0,0,0.0,0,0.0,0,2175.8,16,0.0,0,0.0,0,0.0,0,0.0,0
2012-11-21T09:22:00.000,2175.6,13326,2175.6,47,0.0,0,0.0,0,0.0,0,0.0,0,2175.8,9,0.0,0,0.0,0,0.0,0,0.0,0
2012-11-21T09:22:00.500,2175.8,13340,2175.6,43,0.0,0,0.0,0,0.0,0,0.0,0,2175.8,8,0.0,0,0.0,0,0.0,0,0.0,0
2012-11-21T09:22:01.000,2175.8,13414,2175.4,39,0.0,0,0.0,0,0.0,0,0.0,0,2175.8,13,0.0,0,0.0,0,0.0,0,0.0,0
2012-11-21T09:22:01.500,2175.8,13442,2175.4,32,0.0,0,0.0,0,0.0,0,0.0,0,2175.6,1,0.0,0,0.0,0,0.0,0,0.0,0
2012-11-21T09:22:02.000,2175.6,13471,2175.4,18,0.0,0,0.0,0,0.0,0,0.0,0,2175.6,3,0.0,0,0.0,0,0.0,0,0.0,0
2012-11-21T09:22:02.500,2175.6,13496,2175.6,10,0.0,0,0.0,0,0.0,0,0.0,0,2176,166,0.0,0,0.0,0,0.0,0,0.0,0
2012-11-21T09:22:03.000,2175.6,13509,2175.6,6,0.0,0,0.0,0,0.0,0,0.0,0,2175.8,13,0.0,0,0.0,0,0.0,0,0.0,0
2012-11-21T09:22:03.500,2175.8,13513,2175.6,8,0.0,0,0.0,0,0.0,0,0.0,0,2175.8,20,0.0,0,0.0,0,0.0,0,0.0,0
2012-11-21T09:22:04.000,2175.4,13546,2175.4,19,0.0,0,0.0,0,0.0,0,0.0,0,2175.8,14,0.0,0,0.0,0,0.0,0,0.0,0
2012-11-21T09:22:04.500,2175.4,13559,2175.4,20,0.0,0,0.0,0,0.0,0,0.0,0,2175.6,1,0.0,0,0.0,0,0.0,0,0.0,0
2012-11-21T09:22:05.000,2175.4,13563,2175.4,18,0.0,0,0.0,0,0.0,0,0.0,0,2175.6,1,0.0,0,0.0,0,0.0,0,0.0,0
2012-11-21T09:22:05.500,2175.8,13573,2175.6,5,0.0,0,0.0,0,0.0,0,0.0,0,2175.8,9,0.0,0,0.0,0,0.0,0,0.0,0
2012-11-21T09:22:06.250,2175.8,13578,2175.6,6,0.0,0,0.0,0,0.0,0,0.0,0,2175.8,9,0.0,0,0.0,0,0.0,0,0.0,0
2012-11-21T09:22:07.000,2175.8,13584,2175.6,4,0.0,0,0.0,0,0.0,0,0.0,0,2175.8,22,0.0,0,0.0,0,0.0,0,0.0,0
2012-11-21T09:22:07.500,2175.8,13606,2175.4,34,0.0,0,0.0,0,0.0,0,0.0,0,2175.8,5,0.0,0,0.0,0,0.0,0,0.0,0
2012-11-21T09:22:08.000,2175.8,13607,2175.6,11,0.0,0,0.0,0,0.0,0,0.0,0,2175.8,4,0.0,0,0.0,0,0.0,0,0.0,0
2012-11-21T09:22:08.500,2175.6,13609,2175.6,10,0.0,0,0.0,0,0.0,0,0.0,0,2175.8,4,0.0,0,0.0,0,0.0,0,0.0,0
2012-11-21T09:22:09.000,2175.8,13614,2175.6,10,0.0,0,0.0,0,0.0,0,0.0,0,2175.8,1,0.0,0,0.0,0,0.0,0,0.0,0
2012-11-21T09:22:09.500,2175.8,13619,2175.8,5,0.0,0,0.0,0,0.0,0,0.0,0,2176,168,0.0,0,0.0,0,0.0,0,0.0,0
2012-11-21T09:22:10.000,2175.8,13625,2175.8,2,0.0,0,0.0,0,0.0,0,0.0,0,2176,170,0.0,0,0.0,0,0.0,0,0.0,0
2012-11-21T09:22:10.500,2175.6,13629,2175.6,14,0.0,0,0.0,0,0.0,0,0.0,0,2175.8,6,0.0,0,0.0,0,0.0,0,0.0,0
2012-11-21T09:22:11.000,2175.6,13641,2175.6,5,0.0,0,0.0,0,0.0,0,0.0,0,2175.8,5,0.0,0,0.0,0,0.0,0,0.0,0
2012-11-21T09:22:11.500,2175.8,13653,2175.4,38,0.0,0,0.0,0,0.0,0,0.0,0,2175.8,17,0.0,0,0.0,0,0.0,0,0.0,0
2012-11-21T09:22:12.000,2175.4,13655,2175.6,3,0.0,0,0.0,0,0.0,0,0.0,0,2175.8,20,0.0,0,0.0,0,0.0,0,0.0,0
2012-11-21T09:22:12.500,2175.6,13660,2175.6,2,0.0,0,0.0,0,0.0,0,0.0,0,2175.8,47,0.0,0,0.0,0,0.0,0,0.0,0
2012-11-21T09:22:13.000,2175.6,13686,2175.4,63,0.0,0,0.0,0,0.0,0,0.0,0,2175.8,16,0.0,0,0.0,0,0.0,0,0.0,0
2012-11-21T09:22:13.500,2175.6,13689,2175.6,8,0.0,0,0.0,0,0.0,0,0.0,0,2175.8,17,0.0,0,0.0,0,0.0,0,0.0,0
2012-11-21T09:22:14.250,2175.8,13698,2175.6,7,0.0,0,0.0,0,0.0,0,0.0,0,2175.8,19,0.0,0,0.0,0,0.0,0,0.0,0
2012-11-21T09:22:15.000,2175.6,13705,2175.4,62,0.0,0,0.0,0,0.0,0,0.0,0,2175.8,26,0.0,0,0.0,0,0.0,0,0.0,0
2012-11-21T09:22:15.500,2175.8,13707,2175.6,2,0.0,0,0.0,0,0.0,0,0.0,0,2175.8,24,0.0,0,0.0,0,0.0,0,0.0,0
2012-11-21T09:22:16.000,2175.8,13712,2175.6,3,0.0,0,0.0,0,0.0,0,0.0,0,2175.8,20,0.0,0,0.0,0,0.0,0,0.0,0
2012-11-21T09:22:16.500,2175.6,13713,2175.6,2,0.0,0,0.0,0,0.0,0,0.0,0,2175.8,20,0.0,0,0.0,0,0.0,0,0.0,0
2012-11-21T09:22:17.000,2175.6,13721,2175.4,68,0.0,0,0.0,0,0.0,0,0.0,0,2175.6,4,0.0,0,0.0,0,0.0,0,0.0,0
2012-11-21T09:22:17.500,2175.8,13736,2175.4,58,0.0,0,0.0,0,0.0,0,0.0,0,2175.8,20,0.0,0,0.0,0,0.0,0,0.0,0
2012-11-21T09:22:18.000,2175.8,13739,2175.6,2,0.0,0,0.0,0,0.0,0,0.0,0,2175.8,18,0.0,0,0.0,0,0.0,0,0.0,0
2012-11-21T09:22:18.500,2175.6,13743,2175.4,61,0.0,0,0.0,0,0.0,0,0.0,0,2175.8,19,0.0,0,0.0,0,0.0,0,0.0,0
2012-11-21T09:22:19.000,2175.4,13744,2175.4,62,0.0,0,0.0,0,0.0,0,0.0,0,2175.8,20,0.0,0,0.0,0,0.0,0,0.0,0
2012-11-21T09:22:19.500,2175.8,13758,2175.6,9,0.0,0,0.0,0,0.0,0,0.0,0,2175.8,19,0.0,0,0.0,0,0.0,0,0.0,0
2012-11-21T09:22:20.000,2175.6,13761,2175.6,6,0.0,0,0.0,0,0.0,0,0.0,0,2175.8,24,0.0,0,0.0,0,0.0,0,0.0,0
2012-11-21T09:22:20.500,2175.6,13767,2175.6,8,0.0,0,0.0,0,0.0,0,0.0,0,2175.8,20,0.0,0,0.0,0,0.0,0,0.0,0
2012-11-21T09:22:21.000,2175.6,13768,2175.6,8,0.0,0,0.0,0,0.0,0,0.0,0,2175.8,20,0.0,0,0.0,0,0.0,0,0.0,0
2012-11-21T09:22:21.500,2175.6,13769,2175.6,8,0.0,0,0.0,0,0.0,0,0.0,0,2175.8,21,0.0,0,0.0,0,0.0,0,0.0,0
2012-11-21T09:22:22.000,2175.8,13781,2175.6,9,0.0,0,0.0,0,0.0,0,0.0,0,2175.8,19,0.0,0,0.0,0,0.0,0,0.0,0
2012-11-21T09:22:22.500,2175.6,13785,2175.6,7,0.0,0,0.0,0,0.0,0,0.0,0,2175.8,20,0.0,0,0.0,0,0.0,0,0.0,0
2012-11-21T09:22:23.000,2175.6,13789,2175.6,30,0.0,0,0.0,0,0.0,0,0.0,0,2175.8,19,0.0,0,0.0,0,0.0,0,0.0,0
2012-11-21T09:22:23.500,2175.6,13798,2175.6,40,0.0,0,0.0,0,0.0,0,0.0,0,2175.8,19,0.0,0,0.0,0,0.0,0,0.0,0
2012-11-21T09:22:24.000,2176,13820,2175.8,16,0.0,0,0.0,0,0.0,0,0.0,0,2176,165,0.0,0,0.0,0,0.0,0,0.0,0
2012-11-21T09:22:24.500,2176,13837,2175.8,16,0.0,0,0.0,0,0.0,0,0.0,0,2176,152,0.0,0,0.0,0,0.0,0,0.0,0
2012-11-21T09:22:25.000,2176,13865,2175.8,15,0.0,0,0.0,0,0.0,0,0.0,0,2176,129,0.0,0,0.0,0,0.0,0,0.0,0
2012-11-21T09:22:25.500,2175.8,13884,2175.8,23,0.0,0,0.0,0,0.0,0,0.0,0,2176,112,0.0,0,0.0,0,0.0,0,0.0,0
2012-11-21T09:22:26.000,2176,13891,2175.8,22,0.0,0,0.0,0,0.0,0,0.0,0,2176,106,0.0,0,0.0,0,0.0,0,0.0,0
2012-11-21T09:22:26.500,2176,13919,2175.8,21,0.0,0,0.0,0,0.0,0,0.0,0,2176,80,0.0,0,0.0,0,0.0,0,0.0,0
2012-11-21T09:22:27.000,2176,13957,2175.8,25,0.0,0,0.0,0,0.0,0,0.0,0,2176,44,0.0,0,0.0,0,0.0,0,0.0,0
2012-11-21T09:22:27.500,2176,13962,2175.8,26,0.0,0,0.0,0,0.0,0,0.0,0,2176,39,0.0,0,0.0,0,0.0,0,0.0,0
2012-11-21T09:22:28.000,2176,13984,2175.8,31,0.0,0,0.0,0,0.0,0,0.0,0,2176,18,0.0,0,0.0,0,0.0,0,0.0,0
2012-11-21T09:22:28.500,2176.2,14005,2176,12,0.0,0,0.0,0,0.0,0,0.0,0,2176.2,9,0.0,0,0.0,0,0.0,0,0.0,0
2012-11-21T09:22:29.000,2176.2,14027,2176,9,0.0,0,0.0,0,0.0,0,0.0,0,2176.2,6,0.0,0,0.0,0,0.0,0,0.0,0
2012-11-21T09:22:29.500,2176.2,14038,2176,9,0.0,0,0.0,0,0.0,0,0.0,0,2176.2,12,0.0,0,0.0,0,0.0,0,0.0,0
2012-11-21T09:22:30.000,2176.2,14055,2176,11,0.0,0,0.0,0,0.0,0,0.0,0,2176.2,7,0.0,0,0.0,0,0.0,0,0.0,0
2012-11-21T09:22:30.500,2176.2,14062,2176,12,0.0,0,0.0,0,0.0,0,0.0,0,2176.4,24,0.0,0,0.0,0,0.0,0,0.0,0
2012-11-21T09:22:31.000,2176.4,14065,2176.2,2,0.0,0,0.0,0,0.0,0,0.0,0,2176.4,25,0.0,0,0.0,0,0.0,0,0.0,0
2012-11-21T09:22:31.500,2176.2,14091,2176.2,1,0.0,0,0.0,0,0.0,0,0.0,0,2176.4,1,0.0,0,0.0,0,0.0,0,0.0,0
2012-11-21T09:22:32.000,2176.6,14097,2176.4,11,0.0,0,0.0,0,0.0,0,0.0,0,2176.6,25,0.0,0,0.0,0,0.0,0,0.0,0
2012-11-21T09:22:32.500,2176.6,14113,2176.4,7,0.0,0,0.0,0,0.0,0,0.0,0,2176.6,15,0.0,0,0.0,0,0.0,0,0.0,0
2012-11-21T09:22:33.000,2176.8,14138,2176,20,0.0,0,0.0,0,0.0,0,0.0,0,2176.4,1,0.0,0,0.0,0,0.0,0,0.0,0
2012-11-21T09:22:33.500,2176.8,14142,2176.4,1,0.0,0,0.0,0,0.0,0,0.0,0,2176.8,26,0.0,0,0.0,0,0.0,0,0.0,0
2012-11-21T09:22:34.000,2176.6,14151,2176.4,1,0.0,0,0.0,0,0.0,0,0.0,0,2176.6,16,0.0,0,0.0,0,0.0,0,0.0,0
2012-11-21T09:22:34.500,2176.4,14154,2176.4,2,0.0,0,0.0,0,0.0,0,0.0,0,2176.6,17,0.0,0,0.0,0,0.0,0,0.0,0
2012-11-21T09:22:35.000,2176.6,14166,2176.4,5,0.0,0,0.0,0,0.0,0,0.0,0,2176.6,9,0.0,0,0.0,0,0.0,0,0.0,0
2012-11-21T09:22:35.500,2176.6,14171,2176.4,4,0.0,0,0.0,0,0.0,0,0.0,0,2176.6,6,0.0,0,0.0,0,0.0,0,0.0,0
2012-11-21T09:22:36.000,2176.4,14179,2176.4,1,0.0,0,0.0,0,0.0,0,0.0,0,2176.6,3,0.0,0,0.0,0,0.0,0,0.0,0
2012-11-21T09:22:36.500,2176.6,14184,2176.4,3,0.0,0,0.0,0,0.0,0,0.0,0,2176.6,3,0.0,0,0.0,0,0.0,0,0.0,0
2012-11-21T09:22:37.000,2176.4,14190,2176.2,1,0.0,0,0.0,0,0.0,0,0.0,0,2176.8,28,0.0,0,0.0,0,0.0,0,0.0,0
2012-11-21T09:22:37.500,2176.2,14194,2176,21,0.0,0,0.0,0,0.0,0,0.0,0,2176.4,2,0.0,0,0.0,0,0.0,0,0.0,0
2012-11-21T09:22:38.000,2176.4,14196,2176.2,4,0.0,0,0.0,0,0.0,0,0.0,0,2176.6,19,0.0,0,0.0,0,0.0,0,0.0,0
2012-11-21T09:22:38.500,2176.4,14200,2176.2,5,0.0,0,0.0,0,0.0,0,0.0,0,2176.4,1,0.0,0,0.0,0,0.0,0,0.0,0
2012-11-21T09:22:39.000,2176.6,14216,2176.2,2,0.0,0,0.0,0,0.0,0,0.0,0,2176.4,2,0.0,0,0.0,0,0.0,0,0.0,0
2012-11-21T09:22:39.500,2176.6,14218,2176.2,2,0.0,0,0.0,0,0.0,0,0.0,0,2176.6,17,0.0,0,0.0,0,0.0,0,0.0,0
2012-11-21T09:22:40.000,2176.2,14220,2176.2,1,0.0,0,0.0,0,0.0,0,0.0,0,2176.6,27,0.0,0,0.0,0,0.0,0,0.0,0
2012-11-21T09:22:40.500,2176.6,14221,2176.2,2,0.0,0,0.0,0,0.0,0,0.0,0,2176.6,26,0.0,0,0.0,0,0.0,0,0.0,0
2012-11-21T09:22:41.250,2176.4,14226,2176,29,0.0,0,0.0,0,0.0,0,0.0,0,2176.6,27,0.0,0,0.0,0,0.0,0,0.0,0
2012-11-21T09:22:42.000,2176.4,14227,2176,35,0.0,0,0.0,0,0.0,0,0.0,0,2176.6,27,0.0,0,0.0,0,0.0,0,0.0,0
2012-11-21T09:22:42.500,2176,14234,2176,30,0.0,0,0.0,0,0.0,0,0.0,0,2176.6,27,0.0,0,0.0,0,0.0,0,0.0,0
2012-11-21T09:22:43.000,2176,14239,2176,37,0.0,0,0.0,0,0.0,0,0.0,0,2176.2,1,0.0,0,0.0,0,0.0,0,0.0,0
2012-11-21T09:22:43.500,2176.2,14242,2176,38,0.0,0,0.0,0,0.0,0,0.0,0,2176.4,2,0.0,0,0.0,0,0.0,0,0.0,0
2012-11-21T09:22:44.250,2176.4,14243,2176,39,0.0,0,0.0,0,0.0,0,0.0,0,2176.4,1,0.0,0,0.0,0,0.0,0,0.0,0
2012-11-21T09:22:46.250,2176,14249,2176,37,0.0,0,0.0,0,0.0,0,0.0,0,2176.4,11,0.0,0,0.0,0,0.0,0,0.0,0
2012-11-21T09:22:47.000,2176,14287,2176,10,0.0,0,0.0,0,0.0,0,0.0,0,2176.4,11,0.0,0,0.0,0,0.0,0,0.0,0
2012-11-21T09:22:47.500,2176.2,14289,2176,11,0.0,0,0.0,0,0.0,0,0.0,0,2176.4,11,0.0,0,0.0,0,0.0,0,0.0,0
2012-11-21T09:22:48.250,2176.2,14291,2176,11,0.0,0,0.0,0,0.0,0,0.0,0,2176.2,3,0.0,0,0.0,0,0.0,0,0.0,0
2012-11-21T09:22:49.000,2176,14306,2175.8,23,0.0,0,0.0,0,0.0,0,0.0,0,2176,33,0.0,0,0.0,0,0.0,0,0.0,0
2012-11-21T09:22:49.500,2175.8,14346,2175.6,67,0.0,0,0.0,0,0.0,0,0.0,0,2175.8,7,0.0,0,0.0,0,0.0,0,0.0,0
2012-11-21T09:22:50.000,2175.6,14347,2175.6,64,0.0,0,0.0,0,0.0,0,0.0,0,2175.8,18,0.0,0,0.0,0,0.0,0,0.0,0
2012-11-21T09:22:50.500,2175.8,14362,2175.6,54,0.0,0,0.0,0,0.0,0,0.0,0,2175.8,17,0.0,0,0.0,0,0.0,0,0.0,0
2012-11-21T09:22:51.000,2175.6,14370,2175.6,56,0.0,0,0.0,0,0.0,0,0.0,0,2175.8,13,0.0,0,0.0,0,0.0,0,0.0,0
2012-11-21T09:22:51.500,2175.8,14373,2175.6,58,0.0,0,0.0,0,0.0,0,0.0,0,2175.8,14,0.0,0,0.0,0,0.0,0,0.0,0
2012-11-21T09:22:52.000,2175.6,14376,2175.6,55,0.0,0,0.0,0,0.0,0,0.0,0,2175.8,13,0.0,0,0.0,0,0.0,0,0.0,0
2012-11-21T09:22:52.500,2175.6,14381,2175.6,64,0.0,0,0.0,0,0.0,0,0.0,0,2175.8,10,0.0,0,0.0,0,0.0,0,0.0,0
2012-11-21T09:22:53.000,2175.6,14384,2175.6,62,0.0,0,0.0,0,0.0,0,0.0,0,2175.8,10,0.0,0,0.0,0,0.0,0,0.0,0
2012-11-21T09:22:53.500,2175.6,14399,2175.6,59,0.0,0,0.0,0,0.0,0,0.0,0,2175.8,1,0.0,0,0.0,0,0.0,0,0.0,0
2012-11-21T09:22:54.000,2175.6,14404,2175.8,1,0.0,0,0.0,0,0.0,0,0.0,0,2176,32,0.0,0,0.0,0,0.0,0,0.0,0
2012-11-21T09:22:54.500,2175.6,14409,2175.8,2,0.0,0,0.0,0,0.0,0,0.0,0,2176,31,0.0,0,0.0,0,0.0,0,0.0,0
2012-11-21T09:22:55.000,2175.6,14412,2175.6,50,0.0,0,0.0,0,0.0,0,0.0,0,2175.8,6,0.0,0,0.0,0,0.0,0,0.0,0
2012-11-21T09:22:55.500,2175.6,14416,2175.6,47,0.0,0,0.0,0,0.0,0,0.0,0,2175.8,18,0.0,0,0.0,0,0.0,0,0.0,0
2012-11-21T09:22:56.000,2175.6,14428,2175.6,43,0.0,0,0.0,0,0.0,0,0.0,0,2175.8,11,0.0,0,0.0,0,0.0,0,0.0,0
2012-11-21T09:22:56.500,2175.6,14451,2175.6,20,0.0,0,0.0,0,0.0,0,0.0,0,2175.8,29,0.0,0,0.0,0,0.0,0,0.0,0
2012-11-21T09:22:57.000,2175.4,14477,2175.4,87,0.0,0,0.0,0,0.0,0,0.0,0,2175.6,28,0.0,0,0.0,0,0.0,0,0.0,0
2012-11-21T09:22:57.500,2175.4,14485,2175.4,84,0.0,0,0.0,0,0.0,0,0.0,0,2175.6,26,0.0,0,0.0,0,0.0,0,0.0,0
2012-11-21T09:22:58.000,2175.4,14509,2175.4,63,0.0,0,0.0,0,0.0,0,0.0,0,2175.6,26,0.0,0,0.0,0,0.0,0,0.0,0
2012-11-21T09:22:58.500,2175.4,14516,2175.4,58,0.0,0,0.0,0,0.0,0,0.0,0,2175.6,25,0.0,0,0.0,0,0.0,0,0.0,0
2012-11-21T09:22:59.000,2175.6,14522,2175.4,56,0.0,0,0.0,0,0.0,0,0.0,0,2175.6,20,0.0,0,0.0,0,0.0,0,0.0,0
2012-11-21T09:22:59.500,2175.4,14529,2175.4,49,0.0,0,0.0,0,0.0,0,0.0,0,2175.6,20,0.0,0,0.0,0,0.0,0,0.0,0
2012-11-21T09:23:00.000,2175.6,14555,2175.4,35,0.0,0,0.0,0,0.0,0,0.0,0,2175.6,9,0.0,0,0.0,0,0.0,0,0.0,0
2012-11-21T09:23:00.500,2175.4,14588,2175.4,2,0.0,0,0.0,0,0.0,0,0.0,0,2175.6,19,0.0,0,0.0,0,0.0,0,0.0,0
2012-11-21T09:23:01.000,2175.4,14595,2175.2,142,0.0,0,0.0,0,0.0,0,0.0,0,2175.4,2,0.0,0,0.0,0,0.0,0,0.0,0
2012-11-21T09:23:01.500,2175.6,14647,2175.4,35,0.0,0,0.0,0,0.0,0,0.0,0,2175.8,8,0.0,0,0.0,0,0.0,0,0.0,0
2012-11-21T09:23:02.000,2175.4,14689,2175.4,10,0.0,0,0.0,0,0.0,0,0.0,0,2175.8,5,0.0,0,0.0,0,0.0,0,0.0,0
2012-11-21T09:23:02.500,2175.6,14696,2175.4,15,0.0,0,0.0,0,0.0,0,0.0,0,2175.6,1,0.0,0,0.0,0,0.0,0,0.0,0
2012-11-21T09:23:03.000,2175.4,14712,2175.4,1,0.0,0,0.0,0,0.0,0,0.0,0,2175.6,3,0.0,0,0.0,0,0.0,0,0.0,0
2012-11-21T09:23:03.500,2175.4,14718,2175.2,139,0.0,0,0.0,0,0.0,0,0.0,0,2175.4,9,0.0,0,0.0,0,0.0,0,0.0,0
2012-11-21T09:23:04.000,2175.2,14732,2175.2,136,0.0,0,0.0,0,0.0,0,0.0,0,2175.8,18,0.0,0,0.0,0,0.0,0,0.0,0
2012-11-21T09:23:04.500,2175.2,14742,2175.2,138,0.0,0,0.0,0,0.0,0,0.0,0,2175.4,6,0.0,0,0.0,0,0.0,0,0.0,0
2012-11-21T09:23:05.000,2175.2,14763,2175.2,122,0.0,0,0.0,0,0.0,0,0.0,0,2175.4,5,0.0,0,0.0,0,0.0,0,0.0,0
2012-11-21T09:23:05.500,2175.8,14775,2175.4,6,0.0,0,0.0,0,0.0,0,0.0,0,2175.8,28,0.0,0,0.0,0,0.0,0,0.0,0
2012-11-21T09:23:06.000,2175.2,14863,2175.2,46,0.0,0,0.0,0,0.0,0,0.0,0,2175.6,2,0.0,0,0.0,0,0.0,0,0.0,0
2012-11-21T09:23:06.500,2175.2,14879,2175.2,42,0.0,0,0.0,0,0.0,0,0.0,0,2175.4,1,0.0,0,0.0,0,0.0,0,0.0,0
2012-11-21T09:23:07.000,2175.4,14886,2175.2,37,0.0,0,0.0,0,0.0,0,0.0,0,2175.4,2,0.0,0,0.0,0,0.0,0,0.0,0
2012-11-21T09:23:07.500,2175.2,14890,2175.2,33,0.0,0,0.0,0,0.0,0,0.0,0,2175.4,13,0.0,0,0.0,0,0.0,0,0.0,0
2012-11-21T09:23:08.000,2175.4,14901,2175.2,29,0.0,0,0.0,0,0.0,0,0.0,0,2175.4,8,0.0,0,0.0,0,0.0,0,0.0,0
2012-11-21T09:23:08.500,2175.2,14936,2175,156,0.0,0,0.0,0,0.0,0,0.0,0,2175.2,2,0.0,0,0.0,0,0.0,0,0.0,0
2012-11-21T09:23:09.000,2175.6,14950,2175.4,1,0.0,0,0.0,0,0.0,0,0.0,0,2175.8,80,0.0,0,0.0,0,0.0,0,0.0,0
2012-11-21T09:23:09.500,2175.4,14963,2175,147,0.0,0,0.0,0,0.0,0,0.0,0,2175.6,1,0.0,0,0.0,0,0.0,0,0.0,0
2012-11-21T09:23:10.000,2175.2,14977,2175.2,4,0.0,0,0.0,0,0.0,0,0.0,0,2175.6,18,0.0,0,0.0,0,0.0,0,0.0,0
2012-11-21T09:23:10.500,2175.2,14983,2175.2,7,0.0,0,0.0,0,0.0,0,0.0,0,2175.4,4,0.0,0,0.0,0,0.0,0,0.0,0
2012-11-21T09:23:11.000,2175.2,14999,2175,149,0.0,0,0.0,0,0.0,0,0.0,0,2175.2,1,0.0,0,0.0,0,0.0,0,0.0,0
2012-11-21T09:23:11.500,2175.2,15003,2175.2,1,0.0,0,0.0,0,0.0,0,0.0,0,2175.4,1,0.0,0,0.0,0,0.0,0,0.0,0
2012-11-21T09:23:12.000,2175.2,15009,2175,151,0.0,0,0.0,0,0.0,0,0.0,0,2175.4,2,0.0,0,0.0,0,0.0,0,0.0,0
2012-11-21T09:23:12.500,2175,15010,2175,202,0.0,0,0.0,0,0.0,0,0.0,0,2175.2,2,0.0,0,0.0,0,0.0,0,0.0,0
2012-11-21T09:23:13.000,2175.2,15028,2175,190,0.0,0,0.0,0,0.0,0,0.0,0,2175.4,11,0.0,0,0.0,0,0.0,0,0.0,0
2012-11-21T09:23:13.500,2175,15054,2175,177,0.0,0,0.0,0,0.0,0,0.0,0,2175.6,24,0.0,0,0.0,0,0.0,0,0.0,0
2012-11-21T09:23:14.000,2175,15077,2175.2,2,0.0,0,0.0,0,0.0,0,0.0,0,2175.6,24,0.0,0,0.0,0,0.0,0,0.0,0
2012-11-21T09:23:14.500,2175.2,15088,2175,173,0.0,0,0.0,0,0.0,0,0.0,0,2175.2,5,0.0,0,0.0,0,0.0,0,0.0,0
2012-11-21T09:23:15.000,2175,15096,2175,170,0.0,0,0.0,0,0.0,0,0.0,0,2175.2,7,0.0,0,0.0,0,0.0,0,0.0,0
2012-11-21T09:23:15.500,2175.2,15099,2175,169,0.0,0,0.0,0,0.0,0,0.0,0,2175.2,13,0.0,0,0.0,0,0.0,0,0.0,0
2012-11-21T09:23:16.000,2175,15117,2175,163,0.0,0,0.0,0,0.0,0,0.0,0,2175.2,1,0.0,0,0.0,0,0.0,0,0.0,0
2012-11-21T09:23:16.500,2175.2,15125,2175,159,0.0,0,0.0,0,0.0,0,0.0,0,2175.2,1,0.0,0,0.0,0,0.0,0,0.0,0
2012-11-21T09:23:17.000,2175,15134,2175,157,0.0,0,0.0,0,0.0,0,0.0,0,2175.2,2,0.0,0,0.0,0,0.0,0,0.0,0
2012-11-21T09:23:17.500,2175,15140,2175,151,0.0,0,0.0,0,0.0,0,0.0,0,2175.2,2,0.0,0,0.0,0,0.0,0,0.0,0
2012-11-21T09:23:18.000,2175,15143,2175,149,0.0,0,0.0,0,0.0,0,0.0,0,2175.2,1,0.0,0,0.0,0,0.0,0,0.0,0
2012-11-21T09:23:18.500,2175,15168,2175,130,0.0,0,0.0,0,0.0,0,0.0,0,2175.2,3,0.0,0,0.0,0,0.0,0,0.0,0
2012-11-21T09:23:19.000,2175,15179,2175,126,0.0,0,0.0,0,0.0,0,0.0,0,2175.4,12,0.0,0,0.0,0,0.0,0,0.0,0
2012-11-21T09:23:19.500,2175,15193,2175.2,1,0.0,0,0.0,0,0.0,0,0.0,0,2175.4,13,0.0,0,0.0,0,0.0,0,0.0,0
2012-11-21T09:23:20.000,2175.2,15196,2175,116,0.0,0,0.0,0,0.0,0,0.0,0,2175.2,2,0.0,0,0.0,0,0.0,0,0.0,0
2012-11-21T09:23:20.500,2175,15214,2175,99,0.0,0,0.0,0,0.0,0,0.0,0,2175.2,3,0.0,0,0.0,0,0.0,0,0.0,0
2012-11-21T09:23:21.000,2175.2,15222,2175,94,0.0,0,0.0,0,0.0,0,0.0,0,2175.2,5,0.0,0,0.0,0,0.0,0,0.0,0
2012-11-21T09:23:21.500,2175,15226,2175,95,0.0,0,0.0,0,0.0,0,0.0,0,2175.2,8,0.0,0,0.0,0,0.0,0,0.0,0
2012-11-21T09:23:22.000,2175.2,15272,2175,53,0.0,0,0.0,0,0.0,0,0.0,0,2175.2,6,0.0,0,0.0,0,0.0,0,0.0,0
2012-11-21T09:23:22.500,2175,15290,2175,38,0.0,0,0.0,0,0.0,0,0.0,0,2175.2,5,0.0,0,0.0,0,0.0,0,0.0,0
2012-11-21T09:23:23.000,2175,15331,2174.8,49,0.0,0,0.0,0,0.0,0,0.0,0,2175,4,0.0,0,0.0,0,0.0,0,0.0,0
