date_time,last_px,total_volume,bid1_px,bid1_qty,bid2_px,bid2_qty,bid3_px,bid3_qty,bid4_px,bid4_qty,bid5_px,bid5_qty,ask1_px,ask1_qty,ask2_px,ask2_qty,ask3_px,ask3_qty,ask4_px,ask4_qty,ask5_px,ask5_qty
2012-11-20T09:14:00.250,2182,278,2182,20,0.0,0,0.0,0,0.0,0,0.0,0,2182.4,2,0.0,0,0.0,0,0.0,0,0.0,0
2012-11-20T09:15:00.250,2183.8,470,2182.4,157,0.0,0,0.0,0,0.0,0,0.0,0,2183.8,64,0.0,0,0.0,0,0.0,0,0.0,0
2012-11-20T09:15:01.000,2183.8,780,2183.8,7,0.0,0,0.0,0,0.0,0,0.0,0,2184,59,0.0,0,0.0,0,0.0,0,0.0,0
2012-11-20T09:15:01.500,2184.6,972,2184,3,0.0,0,0.0,0,0.0,0,0.0,0,2184.6,115,0.0,0,0.0,0,0.0,0,0.0,0
2012-11-20T09:15:02.000,2184.2,1066,2184,2,0.0,0,0.0,0,0.0,0,0.0,0,2184.2,27,0.0,0,0.0,0,0.0,0,0.0,0
2012-11-20T09:15:02.500,2183.8,1160,2182.4,247,0.0,0,0.0,0,0.0,0,0.0,0,2183.8,101,0.0,0,0.0,0,0.0,0,0.0,0
2012-11-20T09:15:03.000,2183.4,1368,2183.2,5,0.0,0,0.0,0,0.0,0,0.0,0,2183.4,26,0.0,0,0.0,0,0.0,0,0.0,0
2012-11-20T09:15:03.500,2183.2,1524,2182.4,221,0.0,0,0.0,0,0.0,0,0.0,0,2183.2,21,0.0,0,0.0,0,0.0,0,0.0,0
2012-11-20T09:15:04.000,2183.2,1622,2182.6,1,0.0,0,0.0,0,0.0,0,0.0,0,2183,1,0.0,0,0.0,0,0.0,0,0.0,0
2012-11-20T09:15:04.500,2182.6,1731,2182.6,14,0.0,0,0.0,0,0.0,0,0.0,0,2182.8,3,0.0,0,0.0,0,0.0,0,0.0,0
2012-11-20T09:15:05.000,2183,1789,2183,3,0.0,0,0.0,0,0.0,0,0.0,0,2183.2,30,0.0,0,0.0,0,0.0,0,0.0,0
2012-11-20T09:15:05.500,2182.6,1957,2182.4,107,0.0,0,0.0,0,0.0,0,0.0,0,2183,6,0.0,0,0.0,0,0.0,0,0.0,0
2012-11-20T09:15:06.000,2183,2075,2182.6,34,0.0,0,0.0,0,0.0,0,0.0,0,2183,1,0.0,0,0.0,0,0.0,0,0.0,0
2012-11-20T09:15:06.500,2183.2,2115,2182.8,1,0.0,0,0.0,0,0.0,0,0.0,0,2183.2,15,0.0,0,0.0,0,0.0,0,0.0,0
2012-11-20T09:15:07.000,2183,2139,2183,9,0.0,0,0.0,0,0.0,0,0.0,0,2183.2,11,0.0,0,0.0,0,0.0,0,0.0,0
2012-11-20T09:15:07.500,2183.2,2182,2183,29,0.0,0,0.0,0,0.0,0,0.0,0,2183.2,3,0.0,0,0.0,0,0.0,0,0.0,0
2012-11-20T09:15:08.000,2183.2,2246,2183.2,6,0.0,0,0.0,0,0.0,0,0.0,0,2183.4,21,0.0,0,0.0,0,0.0,0,0.0,0
2012-11-20T09:15:08.500,2183,2291,2182.8,15,0.0,0,0.0,0,0.0,0,0.0,0,2183,4,0.0,0,0.0,0,0.0,0,0.0,0
2012-11-20T09:15:09.000,2182.8,2335,2182.8,4,0.0,0,0.0,0,0.0,0,0.0,0,2183,3,0.0,0,0.0,0,0.0,0,0.0,0
2012-11-20T09:15:09.500,2183,2362,2183,20,0.0,0,0.0,0,0.0,0,0.0,0,2183.4,11,0.0,0,0.0,0,0.0,0,0.0,0
2012-11-20T09:15:10.000,2183,2401,2182.8,7,0.0,0,0.0,0,0.0,0,0.0,0,2183,16,0.0,0,0.0,0,0.0,0,0.0,0
2012-11-20T09:15:10.500,2182.8,2439,2182.4,138,0.0,0,0.0,0,0.0,0,0.0,0,2182.8,6,0.0,0,0.0,0,0.0,0,0.0,0
2012-11-20T09:15:11.000,2182.6,2451,2182.4,138,0.0,0,0.0,0,0.0,0,0.0,0,2182.6,4,0.0,0,0.0,0,0.0,0,0.0,0
2012-11-20T09:15:11.500,2182.6,2496,2182.6,7,0.0,0,0.0,0,0.0,0,0.0,0,2182.8,43,0.0,0,0.0,0,0.0,0,0.0,0
2012-11-20T09:15:12.000,2182.8,2545,2182.4,121,0.0,0,0.0,0,0.0,0,0.0,0,2182.6,14,0.0,0,0.0,0,0.0,0,0.0,0
2012-11-20T09:15:12.500,2182.4,2673,2182.4,36,0.0,0,0.0,0,0.0,0,0.0,0,2182.6,32,0.0,0,0.0,0,0.0,0,0.0,0
2012-11-20T09:15:13.000,2182.2,2757,2182.2,21,0.0,0,0.0,0,0.0,0,0.0,0,2182.4,57,0.0,0,0.0,0,0.0,0,0.0,0
2012-11-20T09:15:13.500,2182.2,2835,2182,146,0.0,0,0.0,0,0.0,0,0.0,0,2182.2,24,0.0,0,0.0,0,0.0,0,0.0,0
2012-11-20T09:15:14.000,2182.4,2974,2182.2,6,0.0,0,0.0,0,0.0,0,0.0,0,2182.4,70,0.0,0,0.0,0,0.0,0,0.0,0
2012-11-20T09:15:14.500,2182.2,3008,2182,69,0.0,0,0.0,0,0.0,0,0.0,0,2182.2,42,0.0,0,0.0,0,0.0,0,0.0,0
2012-11-20T09:15:15.000,2182.2,3063,2182,50,0.0,0,0.0,0,0.0,0,0.0,0,2182.2,38,0.0,0,0.0,0,0.0,0,0.0,0
2012-11-20T09:15:15.500,2182,3106,2182,26,0.0,0,0.0,0,0.0,0,0.0,0,2182.2,28,0.0,0,0.0,0,0.0,0,0.0,0
2012-11-20T09:15:16.000,2182,3152,2182,9,0.0,0,0.0,0,0.0,0,0.0,0,2182.2,23,0.0,0,0.0,0,0.0,0,0.0,0
2012-11-20T09:15:16.500,2182,3179,2181.8,4,0.0,0,0.0,0,0.0,0,0.0,0,2182,112,0.0,0,0.0,0,0.0,0,0.0,0
2012-11-20T09:15:17.000,2182,3252,2181.6,2,0.0,0,0.0,0,0.0,0,0.0,0,2181.8,3,0.0,0,0.0,0,0.0,0,0.0,0
2012-11-20T09:15:17.500,2181.6,3270,2181.4,19,0.0,0,0.0,0,0.0,0,0.0,0,2181.6,18,0.0,0,0.0,0,0.0,0,0.0,0
2012-11-20T09:15:18.000,2181.6,3294,2181.4,14,0.0,0,0.0,0,0.0,0,0.0,0,2181.6,40,0.0,0,0.0,0,0.0,0,0.0,0
2012-11-20T09:15:18.500,2181.4,3346,2181.4,28,0.0,0,0.0,0,0.0,0,0.0,0,2181.6,19,0.0,0,0.0,0,0.0,0,0.0,0
2012-11-20T09:15:19.000,2181.6,3398,2181.2,89,0.0,0,0.0,0,0.0,0,0.0,0,2181.6,6,0.0,0,0.0,0,0.0,0,0.0,0
2012-11-20T09:15:19.500,2181.4,3425,2181.2,89,0.0,0,0.0,0,0.0,0,0.0,0,2181.4,65,0.0,0,0.0,0,0.0,0,0.0,0
2012-11-20T09:15:20.000,2181.4,3518,2181.4,57,0.0,0,0.0,0,0.0,0,0.0,0,2181.8,25,0.0,0,0.0,0,0.0,0,0.0,0
2012-11-20T09:15:20.500,2181.6,3538,2181.6,8,0.0,0,0.0,0,0.0,0,0.0,0,2181.8,25,0.0,0,0.0,0,0.0,0,0.0,0
2012-11-20T09:15:21.000,2181.6,3595,2181.6,1,0.0,0,0.0,0,0.0,0,0.0,0,2181.8,3,0.0,0,0.0,0,0.0,0,0.0,0
2012-11-20T09:15:21.500,2181.8,3618,2181.6,2,0.0,0,0.0,0,0.0,0,0.0,0,2181.8,1,0.0,0,0.0,0,0.0,0,0.0,0
2012-11-20T09:15:22.000,2181.6,3646,2181.8,2,0.0,0,0.0,0,0.0,0,0.0,0,2182,155,0.0,0,0.0,0,0.0,0,0.0,0
2012-11-20T09:15:22.500,2181.8,3695,2181.6,1,0.0,0,0.0,0,0.0,0,0.0,0,2181.8,3,0.0,0,0.0,0,0.0,0,0.0,0
2012-11-20T09:15:23.000,2181.8,3744,2181.8,37,0.0,0,0.0,0,0.0,0,0.0,0,2182,122,0.0,0,0.0,0,0.0,0,0.0,0
2012-11-20T09:15:23.500,2182,3759,2181.8,32,0.0,0,0.0,0,0.0,0,0.0,0,2182,119,0.0,0,0.0,0,0.0,0,0.0,0
2012-11-20T09:15:24.000,2181.4,3820,2181.4,54,0.0,0,0.0,0,0.0,0,0.0,0,2181.8,10,0.0,0,0.0,0,0.0,0,0.0,0
2012-11-20T09:15:24.500,2181.8,3856,2181.6,5,0.0,0,0.0,0,0.0,0,0.0,0,2181.8,10,0.0,0,0.0,0,0.0,0,0.0,0
2012-11-20T09:15:25.000,2181.6,3878,2181.6,35,0.0,0,0.0,0,0.0,0,0.0,0,2181.8,3,0.0,0,0.0,0,0.0,0,0.0,0
2012-11-20T09:15:25.500,2182,3909,2181.6,29,0.0,0,0.0,0,0.0,0,0.0,0,2181.8,1,0.0,0,0.0,0,0.0,0,0.0,0
2012-11-20T09:15:26.000,2182,3955,2181.8,2,0.0,0,0.0,0,0.0,0,0.0,0,2182,68,0.0,0,0.0,0,0.0,0,0.0,0
2012-11-20T09:15:26.500,2181.8,3976,2181.6,20,0.0,0,0.0,0,0.0,0,0.0,0,2182,57,0.0,0,0.0,0,0.0,0,0.0,0
2012-11-20T09:15:27.000,2181.6,3990,2181.8,9,0.0,0,0.0,0,0.0,0,0.0,0,2182,58,0.0,0,0.0,0,0.0,0,0.0,0
2012-11-20T09:15:27.500,2181.8,4045,2181.8,16,0.0,0,0.0,0,0.0,0,0.0,0,2182,47,0.0,0,0.0,0,0.0,0,0.0,0
2012-11-20T09:15:28.000,2181.8,4120,2181.6,1,0.0,0,0.0,0,0.0,0,0.0,0,2181.8,4,0.0,0,0.0,0,0.0,0,0.0,0
2012-11-20T09:15:28.500,2181.8,4128,2181.8,2,0.0,0,0.0,0,0.0,0,0.0,0,2182,24,0.0,0,0.0,0,0.0,0,0.0,0
2012-11-20T09:15:29.000,2182,4162,2181.4,76,0.0,0,0.0,0,0.0,0,0.0,0,2181.8,3,0.0,0,0.0,0,0.0,0,0.0,0
2012-11-20T09:15:29.500,2182.2,4174,2182,49,0.0,0,0.0,0,0.0,0,0.0,0,2182.2,29,0.0,0,0.0,0,0.0,0,0.0,0
2012-11-20T09:15:30.000,2182,4190,2182,42,0.0,0,0.0,0,0.0,0,0.0,0,2182.2,24,0.0,0,0.0,0,0.0,0,0.0,0
2012-11-20T09:15:30.500,2182.2,4198,2182,75,0.0,0,0.0,0,0.0,0,0.0,0,2182.2,23,0.0,0,0.0,0,0.0,0,0.0,0
2012-11-20T09:15:31.000,2182.2,4226,2182,71,0.0,0,0.0,0,0.0,0,0.0,0,2182.2,1,0.0,0,0.0,0,0.0,0,0.0,0
2012-11-20T09:15:31.500,2182.2,4261,2182.2,20,0.0,0,0.0,0,0.0,0,0.0,0,2182.4,27,0.0,0,0.0,0,0.0,0,0.0,0
2012-11-20T09:15:32.000,2182.2,4299,2182.2,11,0.0,0,0.0,0,0.0,0,0.0,0,2182.4,7,0.0,0,0.0,0,0.0,0,0.0,0
2012-11-20T09:15:32.500,2182.2,4308,2182.2,9,0.0,0,0.0,0,0.0,0,0.0,0,2182.4,2,0.0,0,0.0,0,0.0,0,0.0,0
2012-11-20T09:15:33.000,2182.6,4321,2182.4,12,0.0,0,0.0,0,0.0,0,0.0,0,2182.6,9,0.0,0,0.0,0,0.0,0,0.0,0
2012-11-20T09:15:33.500,2182.2,4345,2182.2,15,0.0,0,0.0,0,0.0,0,0.0,0,2182.4,5,0.0,0,0.0,0,0.0,0,0.0,0
2012-11-20T09:15:34.000,2182.2,4358,2182.2,17,0.0,0,0.0,0,0.0,0,0.0,0,2182.4,12,0.0,0,0.0,0,0.0,0,0.0,0
2012-11-20T09:15:34.500,2182.4,4371,2182.2,20,0.0,0,0.0,0,0.0,0,0.0,0,2182.6,8,0.0,0,0.0,0,0.0,0,0.0,0
2012-11-20T09:15:35.000,2182.2,4382,2182.2,17,0.0,0,0.0,0,0.0,0,0.0,0,2182.6,6,0.0,0,0.0,0,0.0,0,0.0,0
2012-11-20T09:15:35.500,2182.6,4393,2182.6,14,0.0,0,0.0,0,0.0,0,0.0,0,2182.8,35,0.0,0,0.0,0,0.0,0,0.0,0
2012-11-20T09:15:36.000,2182.8,4404,2182.6,10,0.0,0,0.0,0,0.0,0,0.0,0,2182.8,30,0.0,0,0.0,0,0.0,0,0.0,0
2012-11-20T09:15:36.500,2182.8,4424,2182.6,25,0.0,0,0.0,0,0.0,0,0.0,0,2182.8,14,0.0,0,0.0,0,0.0,0,0.0,0
2012-11-20T09:15:37.000,2182.6,4432,2182.6,32,0.0,0,0.0,0,0.0,0,0.0,0,2182.8,16,0.0,0,0.0,0,0.0,0,0.0,0
2012-11-20T09:15:37.500,2183,4483,2182.8,11,0.0,0,0.0,0,0.0,0,0.0,0,2183,14,0.0,0,0.0,0,0.0,0,0.0,0
2012-11-20T09:15:38.000,2183,4497,2182.8,3,0.0,0,0.0,0,0.0,0,0.0,0,2183,10,0.0,0,0.0,0,0.0,0,0.0,0
2012-11-20T09:15:38.500,2183.2,4530,2182.8,4,0.0,0,0.0,0,0.0,0,0.0,0,2183.2,50,0.0,0,0.0,0,0.0,0,0.0,0
2012-11-20T09:15:39.000,2183.2,4536,2183,7,0.0,0,0.0,0,0.0,0,0.0,0,2183.2,47,0.0,0,0.0,0,0.0,0,0.0,0
2012-11-20T09:15:39.500,2182.8,4566,2182.8,8,0.0,0,0.0,0,0.0,0,0.0,0,2183,12,0.0,0,0.0,0,0.0,0,0.0,0
2012-11-20T09:15:40.000,2183,4581,2182.8,8,0.0,0,0.0,0,0.0,0,0.0,0,2183,3,0.0,0,0.0,0,0.0,0,0.0,0
2012-11-20T09:15:40.500,2183,4601,2182.8,9,0.0,0,0.0,0,0.0,0,0.0,0,2183,1,0.0,0,0.0,0,0.0,0,0.0,0
2012-11-20T09:15:41.000,2183,4621,2182.8,9,0.0,0,0.0,0,0.0,0,0.0,0,2183,13,0.0,0,0.0,0,0.0,0,0.0,0
2012-11-20T09:15:41.500,2183,4637,2182.8,10,0.0,0,0.0,0,0.0,0,0.0,0,2183,3,0.0,0,0.0,0,0.0,0,0.0,0
2012-11-20T09:15:42.000,2183,4646,2183,12,0.0,0,0.0,0,0.0,0,0.0,0,2183.2,133,0.0,0,0.0,0,0.0,0,0.0,0
2012-11-20T09:15:42.500,2183,4671,2183,3,0.0,0,0.0,0,0.0,0,0.0,0,2183.2,127,0.0,0,0.0,0,0.0,0,0.0,0
2012-11-20T09:15:43.000,2183,4687,2182.8,9,0.0,0,0.0,0,0.0,0,0.0,0,2183,17,0.0,0,0.0,0,0.0,0,0.0,0
2012-11-20T09:15:43.500,2182.8,4714,2182.8,5,0.0,0,0.0,0,0.0,0,0.0,0,2183,23,0.0,0,0.0,0,0.0,0,0.0,0
2012-11-20T09:15:44.000,2182.8,4746,2182.6,30,0.0,0,0.0,0,0.0,0,0.0,0,2182.8,11,0.0,0,0.0,0,0.0,0,0.0,0
2012-11-20T09:15:44.500,2182.8,4751,2182.6,38,0.0,0,0.0,0,0.0,0,0.0,0,2182.8,10,0.0,0,0.0,0,0.0,0,0.0,0
2012-11-20T09:15:45.000,2182.6,4769,2182.6,27,0.0,0,0.0,0,0.0,0,0.0,0,2182.8,12,0.0,0,0.0,0,0.0,0,0.0,0
2012-11-20T09:15:45.500,2183,4789,2182.6,27,0.0,0,0.0,0,0.0,0,0.0,0,2183,9,0.0,0,0.0,0,0.0,0,0.0,0
2012-11-20T09:15:46.000,2182.6,4814,2182.6,15,0.0,0,0.0,0,0.0,0,0.0,0,2182.8,3,0.0,0,0.0,0,0.0,0,0.0,0
2012-11-20T09:15:46.500,2182.4,4843,2182.2,49,0.0,0,0.0,0,0.0,0,0.0,0,2182.4,9,0.0,0,0.0,0,0.0,0,0.0,0
2012-11-20T09:15:47.000,2182.4,4976,2182.4,5,0.0,0,0.0,0,0.0,0,0.0,0,2182.6,8,0.0,0,0.0,0,0.0,0,0.0,0
2012-11-20T09:15:47.500,2182.6,5020,2182.4,13,0.0,0,0.0,0,0.0,0,0.0,0,2182.6,15,0.0,0,0.0,0,0.0,0,0.0,0
2012-11-20T09:15:48.000,2182.6,5028,2182.4,19,0.0,0,0.0,0,0.0,0,0.0,0,2182.6,13,0.0,0,0.0,0,0.0,0,0.0,0
2012-11-20T09:15:48.500,2182.6,5053,2182.4,8,0.0,0,0.0,0,0.0,0,0.0,0,2182.6,8,0.0,0,0.0,0,0.0,0,0.0,0
2012-11-20T09:15:49.000,2182.6,5060,2182.4,6,0.0,0,0.0,0,0.0,0,0.0,0,2182.6,8,0.0,0,0.0,0,0.0,0,0.0,0
2012-11-20T09:15:49.500,2182,5082,2182,8,0.0,0,0.0,0,0.0,0,0.0,0,2182.6,7,0.0,0,0.0,0,0.0,0,0.0,0
2012-11-20T09:15:50.000,2182.6,5093,2182,3,0.0,0,0.0,0,0.0,0,0.0,0,2182.4,1,0.0,0,0.0,0,0.0,0,0.0,0
2012-11-20T09:15:50.500,2182.6,5103,2182.2,2,0.0,0,0.0,0,0.0,0,0.0,0,2182.4,33,0.0,0,0.0,0,0.0,0,0.0,0
2012-11-20T09:15:51.000,2182,5111,2182,4,0.0,0,0.0,0,0.0,0,0.0,0,2182.2,5,0.0,0,0.0,0,0.0,0,0.0,0
2012-11-20T09:15:51.500,2182.4,5159,2181.8,33,0.0,0,0.0,0,0.0,0,0.0,0,2182,2,0.0,0,0.0,0,0.0,0,0.0,0
2012-11-20T09:15:52.000,2181.8,5209,2181.6,4,0.0,0,0.0,0,0.0,0,0.0,0,2182.2,41,0.0,0,0.0,0,0.0,0,0.0,0
2012-11-20T09:15:52.500,2181.8,5215,2181.6,14,0.0,0,0.0,0,0.0,0,0.0,0,2181.8,11,0.0,0,0.0,0,0.0,0,0.0,0
2012-11-20T09:15:53.000,2181.6,5266,2181.6,4,0.0,0,0.0,0,0.0,0,0.0,0,2182,38,0.0,0,0.0,0,0.0,0,0.0,0
2012-11-20T09:15:53.500,2181.4,5278,2181.6,4,0.0,0,0.0,0,0.0,0,0.0,0,2182,34,0.0,0,0.0,0,0.0,0,0.0,0
2012-11-20T09:15:54.000,2182,5297,2181.4,58,0.0,0,0.0,0,0.0,0,0.0,0,2181.8,1,0.0,0,0.0,0,0.0,0,0.0,0
2012-11-20T09:15:54.500,2181.6,5306,2181.4,55,0.0,0,0.0,0,0.0,0,0.0,0,2181.6,7,0.0,0,0.0,0,0.0,0,0.0,0
2012-11-20T09:15:55.000,2181.6,5343,2181.4,51,0.0,0,0.0,0,0.0,0,0.0,0,2181.6,1,0.0,0,0.0,0,0.0,0,0.0,0
2012-11-20T09:15:55.500,2181.6,5348,2181.4,50,0.0,0,0.0,0,0.0,0,0.0,0,2181.6,1,0.0,0,0.0,0,0.0,0,0.0,0
2012-11-20T09:15:56.000,2181.4,5372,2181.4,29,0.0,0,0.0,0,0.0,0,0.0,0,2181.6,10,0.0,0,0.0,0,0.0,0,0.0,0
2012-11-20T09:15:56.500,2181.4,5381,2181.4,25,0.0,0,0.0,0,0.0,0,0.0,0,2181.6,6,0.0,0,0.0,0,0.0,0,0.0,0
2012-11-20T09:15:57.000,2181.6,5393,2181.4,35,0.0,0,0.0,0,0.0,0,0.0,0,2181.6,4,0.0,0,0.0,0,0.0,0,0.0,0
2012-11-20T09:15:57.500,2181.6,5438,2181.6,8,0.0,0,0.0,0,0.0,0,0.0,0,2181.8,3,0.0,0,0.0,0,0.0,0,0.0,0
2012-11-20T09:15:58.000,2181.8,5456,2181.6,9,0.0,0,0.0,0,0.0,0,0.0,0,2181.8,2,0.0,0,0.0,0,0.0,0,0.0,0
2012-11-20T09:15:58.500,2181.6,5466,2181.6,26,0.0,0,0.0,0,0.0,0,0.0,0,2181.8,2,0.0,0,0.0,0,0.0,0,0.0,0
2012-11-20T09:15:59.000,2181.6,5469,2181.6,27,0.0,0,0.0,0,0.0,0,0.0,0,2181.8,2,0.0,0,0.0,0,0.0,0,0.0,0
2012-11-20T09:15:59.500,2181.8,5476,2181.8,2,0.0,0,0.0,0,0.0,0,0.0,0,2182,40,0.0,0,0.0,0,0.0,0,0.0,0
2012-11-20T09:16:00.000,2182,5497,2181.8,3,0.0,0,0.0,0,0.0,0,0.0,0,2182,37,0.0,0,0.0,0,0.0,0,0.0,0
2012-11-20T09:16:00.500,2182,5560,2181.8,3,0.0,0,0.0,0,0.0,0,0.0,0,2182,46,0.0,0,0.0,0,0.0,0,0.0,0
2012-11-20T09:16:01.000,2182,5576,2181.8,2,0.0,0,0.0,0,0.0,0,0.0,0,2182,35,0.0,0,0.0,0,0.0,0,0.0,0
2012-11-20T09:16:01.500,2182,5620,2181.6,1,0.0,0,0.0,0,0.0,0,0.0,0,2182,32,0.0,0,0.0,0,0.0,0,0.0,0
2012-11-20T09:16:02.000,2181.8,5629,2181.8,5,0.0,0,0.0,0,0.0,0,0.0,0,2182,33,0.0,0,0.0,0,0.0,0,0.0,0
2012-11-20T09:16:02.500,2182,5652,2181.4,25,0.0,0,0.0,0,0.0,0,0.0,0,2182,18,0.0,0,0.0,0,0.0,0,0.0,0
2012-11-20T09:16:03.000,2182,5667,2181.6,16,0.0,0,0.0,0,0.0,0,0.0,0,2182,15,0.0,0,0.0,0,0.0,0,0.0,0
2012-11-20T09:16:03.500,2181.8,5680,2181.6,14,0.0,0,0.0,0,0.0,0,0.0,0,2181.8,36,0.0,0,0.0,0,0.0,0,0.0,0
2012-11-20T09:16:04.000,2181.6,5704,2181.4,26,0.0,0,0.0,0,0.0,0,0.0,0,2181.8,30,0.0,0,0.0,0,0.0,0,0.0,0
2012-11-20T09:16:04.500,2181.6,5725,2181.4,26,0.0,0,0.0,0,0.0,0,0.0,0,2181.6,3,0.0,0,0.0,0,0.0,0,0.0,0
2012-11-20T09:16:05.000,2181.4,5740,2181.4,21,0.0,0,0.0,0,0.0,0,0.0,0,2181.8,27,0.0,0,0.0,0,0.0,0,0.0,0
2012-11-20T09:16:05.500,2181.6,5758,2181.4,16,0.0,0,0.0,0,0.0,0,0.0,0,2181.8,20,0.0,0,0.0,0,0.0,0,0.0,0
2012-11-20T09:16:06.000,2181.4,5810,2181.2,98,0.0,0,0.0,0,0.0,0,0.0,0,2181.4,13,0.0,0,0.0,0,0.0,0,0.0,0
2012-11-20T09:16:06.500,2181.4,5818,2181.2,101,0.0,0,0.0,0,0.0,0,0.0,0,2181.4,7,0.0,0,0.0,0,0.0,0,0.0,0
2012-11-20T09:16:07.000,2181.4,5834,2181.4,34,0.0,0,0.0,0,0.0,0,0.0,0,2181.6,3,0.0,0,0.0,0,0.0,0,0.0,0
2012-11-20T09:16:07.500,2182,5840,2181.6,3,0.0,0,0.0,0,0.0,0,0.0,0,2182,33,0.0,0,0.0,0,0.0,0,0.0,0
2012-11-20T09:16:08.000,2181.8,5846,2181.8,6,0.0,0,0.0,0,0.0,0,0.0,0,2182,32,0.0,0,0.0,0,0.0,0,0.0,0
2012-11-20T09:16:08.500,2181.8,5857,2181.8,6,0.0,0,0.0,0,0.0,0,0.0,0,2182,31,0.0,0,0.0,0,0.0,0,0.0,0
2012-11-20T09:16:09.000,2181.8,5868,2181.8,6,0.0,0,0.0,0,0.0,0,0.0,0,2182,23,0.0,0,0.0,0,0.0,0,0.0,0
2012-11-20T09:16:09.500,2182,5881,2181.6,25,0.0,0,0.0,0,0.0,0,0.0,0,2182,20,0.0,0,0.0,0,0.0,0,0.0,0
2012-11-20T09:16:10.000,2181.6,5884,2181.6,24,0.0,0,0.0,0,0.0,0,0.0,0,2181.8,1,0.0,0,0.0,0,0.0,0,0.0,0
2012-11-20T09:16:10.500,2181.8,5886,2181.6,25,0.0,0,0.0,0,0.0,0,0.0,0,2182,23,0.0,0,0.0,0,0.0,0,0.0,0
2012-11-20T09:16:11.000,2181.8,5896,2181.8,9,0.0,0,0.0,0,0.0,0,0.0,0,2182,66,0.0,0,0.0,0,0.0,0,0.0,0
2012-11-20T09:16:11.500,2181.8,5903,2181.8,31,0.0,0,0.0,0,0.0,0,0.0,0,2182,66,0.0,0,0.0,0,0.0,0,0.0,0
2012-11-20T09:16:12.000,2182,5911,2181.8,23,0.0,0,0.0,0,0.0,0,0.0,0,2182,67,0.0,0,0.0,0,0.0,0,0.0,0
2012-11-20T09:16:12.500,2182,5922,2181.8,23,0.0,0,0.0,0,0.0,0,0.0,0,2182,57,0.0,0,0.0,0,0.0,0,0.0,0
2012-11-20T09:16:13.000,2182,5933,2181.8,20,0.0,0,0.0,0,0.0,0,0.0,0,2182,54,0.0,0,0.0,0,0.0,0,0.0,0
2012-11-20T09:16:13.500,2182,5958,2181.8,22,0.0,0,0.0,0,0.0,0,0.0,0,2182,37,0.0,0,0.0,0,0.0,0,0.0,0
2012-11-20T09:16:14.000,2182,5962,2181.8,28,0.0,0,0.0,0,0.0,0,0.0,0,2182,33,0.0,0,0.0,0,0.0,0,0.0,0
2012-11-20T09:16:14.500,2182,6009,2182,70,0.0,0,0.0,0,0.0,0,0.0,0,2182.2,19,0.0,0,0.0,0,0.0,0,0.0,0
2012-11-20T09:16:15.000,2182.2,6031,2182.2,9,0.0,0,0.0,0,0.0,0,0.0,0,2182.4,36,0.0,0,0.0,0,0.0,0,0.0,0
2012-11-20T09:16:15.500,2182.4,6067,2182.2,14,0.0,0,0.0,0,0.0,0,0.0,0,2182.4,5,0.0,0,0.0,0,0.0,0,0.0,0
2012-11-20T09:16:16.000,2182.6,6079,2182.4,7,0.0,0,0.0,0,0.0,0,0.0,0,2182.6,60,0.0,0,0.0,0,0.0,0,0.0,0
2012-11-20T09:16:16.500,2182.4,6086,2182.4,4,0.0,0,0.0,0,0.0,0,0.0,0,2182.6,58,0.0,0,0.0,0,0.0,0,0.0,0
2012-11-20T09:16:17.000,2182.6,6162,2182.6,32,0.0,0,0.0,0,0.0,0,0.0,0,2182.8,85,0.0,0,0.0,0,0.0,0,0.0,0
2012-11-20T09:16:17.500,2182.8,6175,2182.6,25,0.0,0,0.0,0,0.0,0,0.0,0,2182.8,83,0.0,0,0.0,0,0.0,0,0.0,0
2012-11-20T09:16:18.000,2182.6,6197,2182.6,26,0.0,0,0.0,0,0.0,0,0.0,0,2182.8,65,0.0,0,0.0,0,0.0,0,0.0,0
2012-11-20T09:16:18.500,2182.8,6207,2182.6,41,0.0,0,0.0,0,0.0,0,0.0,0,2182.8,55,0.0,0,0.0,0,0.0,0,0.0,0
2012-11-20T09:16:19.000,2182.8,6266,2182.6,26,0.0,0,0.0,0,0.0,0,0.0,0,2182.8,16,0.0,0,0.0,0,0.0,0,0.0,0
2012-11-20T09:16:19.500,2182.8,6271,2182.6,25,0.0,0,0.0,0,0.0,0,0.0,0,2182.8,14,0.0,0,0.0,0,0.0,0,0.0,0
2012-11-20T09:16:20.000,2182.6,6284,2182.6,18,0.0,0,0.0,0,0.0,0,0.0,0,2182.8,8,0.0,0,0.0,0,0.0,0,0.0,0
2012-11-20T09:16:20.500,2182.8,6303,2182.6,13,0.0,0,0.0,0,0.0,0,0.0,0,2182.8,37,0.0,0,0.0,0,0.0,0,0.0,0
2012-11-20T09:16:21.000,2182.6,6342,2182.4,17,0.0,0,0.0,0,0.0,0,0.0,0,2182.8,6,0.0,0,0.0,0,0.0,0,0.0,0
2012-11-20T09:16:21.500,2182.6,6346,2182.4,18,0.0,0,0.0,0,0.0,0,0.0,0,2182.6,3,0.0,0,0.0,0,0.0,0,0.0,0
2012-11-20T09:16:22.000,2182.8,6361,2182.4,15,0.0,0,0.0,0,0.0,0,0.0,0,2182.8,21,0.0,0,0.0,0,0.0,0,0.0,0
2012-11-20T09:16:22.500,2182.6,6397,2182.4,11,0.0,0,0.0,0,0.0,0,0.0,0,2182.8,6,0.0,0,0.0,0,0.0,0,0.0,0
2012-11-20T09:16:23.000,2182.6,6411,2182.4,13,0.0,0,0.0,0,0.0,0,0.0,0,2182.8,18,0.0,0,0.0,0,0.0,0,0.0,0
2012-11-20T09:16:23.500,2182.4,6426,2182.4,2,0.0,0,0.0,0,0.0,0,0.0,0,2182.8,22,0.0,0,0.0,0,0.0,0,0.0,0
2012-11-20T09:16:24.000,2182.8,6446,2182.2,18,0.0,0,0.0,0,0.0,0,0.0,0,2182.6,6,0.0,0,0.0,0,0.0,0,0.0,0
2012-11-20T09:16:24.500,2182.8,6463,2182.6,1,0.0,0,0.0,0,0.0,0,0.0,0,2182.8,17,0.0,0,0.0,0,0.0,0,0.0,0
2012-11-20T09:16:25.000,2182.4,6519,2182,16,0.0,0,0.0,0,0.0,0,0.0,0,2182.4,21,0.0,0,0.0,0,0.0,0,0.0,0
2012-11-20T09:16:25.500,2182.2,6559,2182,3,0.0,0,0.0,0,0.0,0,0.0,0,2182.2,18,0.0,0,0.0,0,0.0,0,0.0,0
2012-11-20T09:16:26.000,2182.2,6567,2182,6,0.0,0,0.0,0,0.0,0,0.0,0,2182.2,10,0.0,0,0.0,0,0.0,0,0.0,0
2012-11-20T09:16:26.500,2182.8,6606,2182,46,0.0,0,0.0,0,0.0,0,0.0,0,2182.8,19,0.0,0,0.0,0,0.0,0,0.0,0
2012-11-20T09:16:27.000,2182.4,6650,2182.4,17,0.0,0,0.0,0,0.0,0,0.0,0,2182.6,31,0.0,0,0.0,0,0.0,0,0.0,0
2012-11-20T09:16:27.500,2182.2,6733,2182.2,4,0.0,0,0.0,0,0.0,0,0.0,0,2182.4,9,0.0,0,0.0,0,0.0,0,0.0,0
2012-11-20T09:16:28.000,2182.4,6742,2182.2,7,0.0,0,0.0,0,0.0,0,0.0,0,2182.4,1,0.0,0,0.0,0,0.0,0,0.0,0
2012-11-20T09:16:28.500,2182.6,6746,2182.4,2,0.0,0,0.0,0,0.0,0,0.0,0,2182.6,3,0.0,0,0.0,0,0.0,0,0.0,0
2012-11-20T09:16:29.000,2182.4,6751,2182.4,2,0.0,0,0.0,0,0.0,0,0.0,0,2182.8,5,0.0,0,0.0,0,0.0,0,0.0,0
2012-11-20T09:16:29.500,2183,6760,2182.4,5,0.0,0,0.0,0,0.0,0,0.0,0,2182.8,3,0.0,0,0.0,0,0.0,0,0.0,0
2012-11-20T09:16:30.000,2182.2,6772,2182.2,18,0.0,0,0.0,0,0.0,0,0.0,0,2182.6,25,0.0,0,0.0,0,0.0,0,0.0,0
2012-11-20T09:16:30.500,2182.4,6781,2182.2,14,0.0,0,0.0,0,0.0,0,0.0,0,2182.6,18,0.0,0,0.0,0,0.0,0,0.0,0
2012-11-20T09:16:31.000,2182.4,6782,2182.4,9,0.0,0,0.0,0,0.0,0,0.0,0,2182.6,18,0.0,0,0.0,0,0.0,0,0.0,0
2012-11-20T09:16:31.500,2182.6,6792,2182.4,7,0.0,0,0.0,0,0.0,0,0.0,0,2182.6,13,0.0,0,0.0,0,0.0,0,0.0,0
2012-11-20T09:16:32.000,2182.4,6810,2182.2,20,0.0,0,0.0,0,0.0,0,0.0,0,2182.4,9,0.0,0,0.0,0,0.0,0,0.0,0
2012-11-20T09:16:32.500,2182.4,6822,2182.2,27,0.0,0,0.0,0,0.0,0,0.0,0,2182.4,4,0.0,0,0.0,0,0.0,0,0.0,0
2012-11-20T09:16:33.000,2182.4,6825,2182.2,32,0.0,0,0.0,0,0.0,0,0.0,0,2182.4,3,0.0,0,0.0,0,0.0,0,0.0,0
2012-11-20T09:16:33.500,2182.2,6831,2182.2,31,0.0,0,0.0,0,0.0,0,0.0,0,2182.4,4,0.0,0,0.0,0,0.0,0,0.0,0
2012-11-20T09:16:34.000,2182.4,6844,2182.4,9,0.0,0,0.0,0,0.0,0,0.0,0,2182.6,17,0.0,0,0.0,0,0.0,0,0.0,0
2012-11-20T09:16:34.500,2182.4,6849,2182.4,7,0.0,0,0.0,0,0.0,0,0.0,0,2182.6,16,0.0,0,0.0,0,0.0,0,0.0,0
2012-11-20T09:16:35.000,2182.6,6851,2182.4,7,0.0,0,0.0,0,0.0,0,0.0,0,2182.6,15,0.0,0,0.0,0,0.0,0,0.0,0
2012-11-20T09:16:35.500,2182.6,6857,2182.4,83,0.0,0,0.0,0,0.0,0,0.0,0,2182.6,12,0.0,0,0.0,0,0.0,0,0.0,0
2012-11-20T09:16:36.000,2182.6,6872,2182.6,7,0.0,0,0.0,0,0.0,0,0.0,0,2182.8,15,0.0,0,0.0,0,0.0,0,0.0,0
2012-11-20T09:16:36.500,2182.8,6888,2182.8,16,0.0,0,0.0,0,0.0,0,0.0,0,2183,96,0.0,0,0.0,0,0.0,0,0.0,0
2012-11-20T09:16:37.000,2183,6909,2182.6,50,0.0,0,0.0,0,0.0,0,0.0,0,2182.8,1,0.0,0,0.0,0,0.0,0,0.0,0
2012-11-20T09:16:37.500,2182.6,6935,2182.6,28,0.0,0,0.0,0,0.0,0,0.0,0,2183,90,0.0,0,0.0,0,0.0,0,0.0,0
2012-11-20T09:16:38.000,2182.6,6983,2182.6,24,0.0,0,0.0,0,0.0,0,0.0,0,2183,63,0.0,0,0.0,0,0.0,0,0.0,0
2012-11-20T09:16:38.500,2182.8,7007,2182.8,46,0.0,0,0.0,0,0.0,0,0.0,0,2183,52,0.0,0,0.0,0,0.0,0,0.0,0
2012-11-20T09:16:39.000,2182.8,7017,2182.8,39,0.0,0,0.0,0,0.0,0,0.0,0,2183,49,0.0,0,0.0,0,0.0,0,0.0,0
2012-11-20T09:16:39.500,2183,7082,2183,32,0.0,0,0.0,0,0.0,0,0.0,0,2183.2,134,0.0,0,0.0,0,0.0,0,0.0,0
2012-11-20T09:16:40.000,2183,7085,2183,35,0.0,0,0.0,0,0.0,0,0.0,0,2183.2,133,0.0,0,0.0,0,0.0,0,0.0,0
2012-11-20T09:16:40.500,2183.2,7133,2183,29,0.0,0,0.0,0,0.0,0,0.0,0,2183.2,95,0.0,0,0.0,0,0.0,0,0.0,0
2012-11-20T09:16:41.000,2183,7145,2183,23,0.0,0,0.0,0,0.0,0,0.0,0,2183.2,89,0.0,0,0.0,0,0.0,0,0.0,0
2012-11-20T09:16:41.500,2183.2,7199,2183,5,0.0,0,0.0,0,0.0,0,0.0,0,2183.2,61,0.0,0,0.0,0,0.0,0,0.0,0
2012-11-20T09:16:42.000,2183,7206,2183,7,0.0,0,0.0,0,0.0,0,0.0,0,2183.2,58,0.0,0,0.0,0,0.0,0,0.0,0
2012-11-20T09:16:42.500,2182.8,7223,2182.8,32,0.0,0,0.0,0,0.0,0,0.0,0,2183,13,0.0,0,0.0,0,0.0,0,0.0,0
2012-11-20T09:16:43.000,2183,7252,2182.8,22,0.0,0,0.0,0,0.0,0,0.0,0,2183,17,0.0,0,0.0,0,0.0,0,0.0,0
2012-11-20T09:16:43.500,2183,7279,2182.8,21,0.0,0,0.0,0,0.0,0,0.0,0,2183.2,46,0.0,0,0.0,0,0.0,0,0.0,0
2012-11-20T09:16:44.000,2183,7281,2183,12,0.0,0,0.0,0,0.0,0,0.0,0,2183.2,48,0.0,0,0.0,0,0.0,0,0.0,0
2012-11-20T09:16:44.500,2183.2,7290,2183,9,0.0,0,0.0,0,0.0,0,0.0,0,2183.2,50,0.0,0,0.0,0,0.0,0,0.0,0
2012-11-20T09:16:45.000,2183,7317,2182.8,14,0.0,0,0.0,0,0.0,0,0.0,0,2183,7,0.0,0,0.0,0,0.0,0,0.0,0
2012-11-20T09:16:45.500,2183,7325,2182.8,14,0.0,0,0.0,0,0.0,0,0.0,0,2183,3,0.0,0,0.0,0,0.0,0,0.0,0
2012-11-20T09:16:46.000,2183,7354,2183,6,0.0,0,0.0,0,0.0,0,0.0,0,2183.2,46,0.0,0,0.0,0,0.0,0,0.0,0
2012-11-20T09:16:46.500,2183,7366,2183,9,0.0,0,0.0,0,0.0,0,0.0,0,2183.2,38,0.0,0,0.0,0,0.0,0,0.0,0
2012-11-20T09:16:47.000,2183.2,7379,2183,14,0.0,0,0.0,0,0.0,0,0.0,0,2183.2,38,0.0,0,0.0,0,0.0,0,0.0,0
2012-11-20T09:16:47.500,2183,7393,2183,5,0.0,0,0.0,0,0.0,0,0.0,0,2183.2,43,0.0,0,0.0,0,0.0,0,0.0,0
2012-11-20T09:16:48.000,2183,7406,2182.8,16,0.0,0,0.0,0,0.0,0,0.0,0,2183,57,0.0,0,0.0,0,0.0,0,0.0,0
2012-11-20T09:16:48.500,2182.8,7434,2182.8,7,0.0,0,0.0,0,0.0,0,0.0,0,2183,67,0.0,0,0.0,0,0.0,0,0.0,0
2012-11-20T09:16:49.000,2182.8,7453,2182.6,27,0.0,0,0.0,0,0.0,0,0.0,0,2182.8,47,0.0,0,0.0,0,0.0,0,0.0,0
2012-11-20T09:16:49.500,2183,7526,2182.6,2,0.0,0,0.0,0,0.0,0,0.0,0,2182.8,1,0.0,0,0.0,0,0.0,0,0.0,0
2012-11-20T09:16:50.000,2183,7531,2182.6,3,0.0,0,0.0,0,0.0,0,0.0,0,2182.8,3,0.0,0,0.0,0,0.0,0,0.0,0
2012-11-20T09:16:50.500,2182.8,7545,2182.6,2,0.0,0,0.0,0,0.0,0,0.0,0,2183,50,0.0,0,0.0,0,0.0,0,0.0,0
2012-11-20T09:16:51.000,2182.8,7556,2182.6,7,0.0,0,0.0,0,0.0,0,0.0,0,2182.8,7,0.0,0,0.0,0,0.0,0,0.0,0
2012-11-20T09:16:51.500,2182.8,7573,2182.6,2,0.0,0,0.0,0,0.0,0,0.0,0,2183,53,0.0,0,0.0,0,0.0,0,0.0,0
2012-11-20T09:16:52.000,2182.8,7577,2182.8,3,0.0,0,0.0,0,0.0,0,0.0,0,2183,57,0.0,0,0.0,0,0.0,0,0.0,0
2012-11-20T09:16:52.500,2182.8,7582,2182.6,4,0.0,0,0.0,0,0.0,0,0.0,0,2183,60,0.0,0,0.0,0,0.0,0,0.0,0
2012-11-20T09:16:53.000,2183,7587,2182.6,3,0.0,0,0.0,0,0.0,0,0.0,0,2183,58,0.0,0,0.0,0,0.0,0,0.0,0
2012-11-20T09:16:53.500,2182.8,7589,2182.8,1,0.0,0,0.0,0,0.0,0,0.0,0,2183,61,0.0,0,0.0,0,0.0,0,0.0,0
2012-11-20T09:16:54.000,2183,7594,2182.6,4,0.0,0,0.0,0,0.0,0,0.0,0,2182.8,1,0.0,0,0.0,0,0.0,0,0.0,0
2012-11-20T09:16:54.500,2183,7600,2182.6,4,0.0,0,0.0,0,0.0,0,0.0,0,2182.8,5,0.0,0,0.0,0,0.0,0,0.0,0
2012-11-20T09:16:55.000,2182.6,7612,2182.4,38,0.0,0,0.0,0,0.0,0,0.0,0,2182.6,18,0.0,0,0.0,0,0.0,0,0.0,0
2012-11-20T09:16:55.500,2182.6,7623,2182.4,33,0.0,0,0.0,0,0.0,0,0.0,0,2182.6,12,0.0,0,0.0,0,0.0,0,0.0,0
2012-11-20T09:16:56.000,2182.6,7634,2182.4,25,0.0,0,0.0,0,0.0,0,0.0,0,2182.6,11,0.0,0,0.0,0,0.0,0,0.0,0
2012-11-20T09:16:56.500,2182.4,7654,2182.4,20,0.0,0,0.0,0,0.0,0,0.0,0,2182.8,8,0.0,0,0.0,0,0.0,0,0.0,0
2012-11-20T09:16:57.000,2182.6,7656,2182.4,20,0.0,0,0.0,0,0.0,0,0.0,0,2182.6,52,0.0,0,0.0,0,0.0,0,0.0,0
2012-11-20T09:16:57.500,2182.4,7693,2182.4,15,0.0,0,0.0,0,0.0,0,0.0,0,2182.6,20,0.0,0,0.0,0,0.0,0,0.0,0
2012-11-20T09:16:58.000,2182.6,7699,2182.4,14,0.0,0,0.0,0,0.0,0,0.0,0,2182.6,20,0.0,0,0.0,0,0.0,0,0.0,0
2012-11-20T09:16:58.500,2182.6,7728,2182.6,41,0.0,0,0.0,0,0.0,0,0.0,0,2182.8,9,0.0,0,0.0,0,0.0,0,0.0,0
2012-11-20T09:16:59.000,2182.6,7757,2182.6,20,0.0,0,0.0,0,0.0,0,0.0,0,2182.8,1,0.0,0,0.0,0,0.0,0,0.0,0
2012-11-20T09:16:59.500,2182.8,7761,2182.8,4,0.0,0,0.0,0,0.0,0,0.0,0,2183,78,0.0,0,0.0,0,0.0,0,0.0,0
2012-11-20T09:17:00.000,2183,7767,2182.6,27,0.0,0,0.0,0,0.0,0,0.0,0,2183,83,0.0,0,0.0,0,0.0,0,0.0,0
2012-11-20T09:17:00.500,2182.6,7771,2182.6,28,0.0,0,0.0,0,0.0,0,0.0,0,2182.8,6,0.0,0,0.0,0,0.0,0,0.0,0
2012-11-20T09:17:01.000,2182.6,7785,2182.8,1,0.0,0,0.0,0,0.0,0,0.0,0,2183,87,0.0,0,0.0,0,0.0,0,0.0,0
2012-11-20T09:17:01.500,2182.6,7792,2182.6,18,0.0,0,0.0,0,0.0,0,0.0,0,2182.8,21,0.0,0,0.0,0,0.0,0,0.0,0
2012-11-20T09:17:02.000,2182.8,7802,2182.6,16,0.0,0,0.0,0,0.0,0,0.0,0,2182.8,7,0.0,0,0.0,0,0.0,0,0.0,0
2012-11-20T09:17:02.500,2182.6,7822,2182.6,9,0.0,0,0.0,0,0.0,0,0.0,0,2183,85,0.0,0,0.0,0,0.0,0,0.0,0
2012-11-20T09:17:03.000,2182.8,7840,2182.4,23,0.0,0,0.0,0,0.0,0,0.0,0,2183,85,0.0,0,0.0,0,0.0,0,0.0,0
2012-11-20T09:17:03.500,2182.8,7844,2182.6,1,0.0,0,0.0,0,0.0,0,0.0,0,2182.8,7,0.0,0,0.0,0,0.0,0,0.0,0
2012-11-20T09:17:04.000,2182.6,7856,2182.6,9,0.0,0,0.0,0,0.0,0,0.0,0,2182.8,17,0.0,0,0.0,0,0.0,0,0.0,0
2012-11-20T09:17:04.500,2182.8,7867,2182.6,11,0.0,0,0.0,0,0.0,0,0.0,0,2182.8,27,0.0,0,0.0,0,0.0,0,0.0,0
2012-11-20T09:17:05.000,2183,7903,2182.6,9,0.0,0,0.0,0,0.0,0,0.0,0,2182.8,1,0.0,0,0.0,0,0.0,0,0.0,0
2012-11-20T09:17:05.500,2182.8,7914,2182.8,4,0.0,0,0.0,0,0.0,0,0.0,0,2183,84,0.0,0,0.0,0,0.0,0,0.0,0
2012-11-20T09:17:06.000,2183,8020,2183,16,0.0,0,0.0,0,0.0,0,0.0,0,2183.2,52,0.0,0,0.0,0,0.0,0,0.0,0
2012-11-20T09:17:06.500,2183.2,8059,2183,13,0.0,0,0.0,0,0.0,0,0.0,0,2183.2,26,0.0,0,0.0,0,0.0,0,0.0,0
2012-11-20T09:17:07.000,2183.2,8075,2183,9,0.0,0,0.0,0,0.0,0,0.0,0,2183.2,15,0.0,0,0.0,0,0.0,0,0.0,0
2012-11-20T09:17:07.500,2183.2,8087,2183,12,0.0,0,0.0,0,0.0,0,0.0,0,2183.2,4,0.0,0,0.0,0,0.0,0,0.0,0
2012-11-20T09:17:08.000,2183.4,8116,2183.2,3,0.0,0,0.0,0,0.0,0,0.0,0,2183.4,31,0.0,0,0.0,0,0.0,0,0.0,0
2012-11-20T09:17:08.500,2183,8127,2183,6,0.0,0,0.0,0,0.0,0,0.0,0,2183.4,30,0.0,0,0.0,0,0.0,0,0.0,0
2012-11-20T09:17:09.000,2183.4,8138,2183.2,2,0.0,0,0.0,0,0.0,0,0.0,0,2183.4,23,0.0,0,0.0,0,0.0,0,0.0,0
2012-11-20T09:17:09.500,2183,8157,2183,9,0.0,0,0.0,0,0.0,0,0.0,0,2183.2,1,0.0,0,0.0,0,0.0,0,0.0,0
2012-11-20T09:17:10.000,2182.8,8175,2182.8,18,0.0,0,0.0,0,0.0,0,0.0,0,2183.2,5,0.0,0,0.0,0,0.0,0,0.0,0
2012-11-20T09:17:10.500,2183.4,8189,2183.2,4,0.0,0,0.0,0,0.0,0,0.0,0,2183.4,2,0.0,0,0.0,0,0.0,0,0.0,0
2012-11-20T09:17:11.000,2183.2,8201,2183.2,2,0.0,0,0.0,0,0.0,0,0.0,0,2183.6,47,0.0,0,0.0,0,0.0,0,0.0,0
2012-11-20T09:17:11.500,2183.4,8225,2183.2,1,0.0,0,0.0,0,0.0,0,0.0,0,2183.4,2,0.0,0,0.0,0,0.0,0,0.0,0
2012-11-20T09:17:12.000,2182.8,8232,2183.2,2,0.0,0,0.0,0,0.0,0,0.0,0,2183.4,1,0.0,0,0.0,0,0.0,0,0.0,0
2012-11-20T09:17:12.500,2183.2,8241,2183.2,18,0.0,0,0.0,0,0.0,0,0.0,0,2183.6,53,0.0,0,0.0,0,0.0,0,0.0,0
2012-11-20T09:17:13.000,2183.2,8267,2183.2,16,0.0,0,0.0,0,0.0,0,0.0,0,2183.6,33,0.0,0,0.0,0,0.0,0,0.0,0
2012-11-20T09:17:13.500,2183.2,8288,2183.2,1,0.0,0,0.0,0,0.0,0,0.0,0,2183.6,31,0.0,0,0.0,0,0.0,0,0.0,0
2012-11-20T09:17:14.000,2183.2,8307,2182.8,58,0.0,0,0.0,0,0.0,0,0.0,0,2183.2,31,0.0,0,0.0,0,0.0,0,0.0,0
2012-11-20T09:17:14.500,2183.2,8329,2182.8,55,0.0,0,0.0,0,0.0,0,0.0,0,2183.2,17,0.0,0,0.0,0,0.0,0,0.0,0
2012-11-20T09:17:15.000,2183.2,8344,2183,5,0.0,0,0.0,0,0.0,0,0.0,0,2183.2,6,0.0,0,0.0,0,0.0,0,0.0,0
2012-11-20T09:17:15.500,2183,8349,2183,8,0.0,0,0.0,0,0.0,0,0.0,0,2183.2,15,0.0,0,0.0,0,0.0,0,0.0,0
2012-11-20T09:17:16.000,2183.2,8376,2183,1,0.0,0,0.0,0,0.0,0,0.0,0,2183.4,21,0.0,0,0.0,0,0.0,0,0.0,0
2012-11-20T09:17:16.500,2183,8380,2182.8,53,0.0,0,0.0,0,0.0,0,0.0,0,2183,2,0.0,0,0.0,0,0.0,0,0.0,0
2012-11-20T09:17:17.000,2183,8383,2182.8,50,0.0,0,0.0,0,0.0,0,0.0,0,2183,4,0.0,0,0.0,0,0.0,0,0.0,0
2012-11-20T09:17:17.500,2182.8,8389,2182.8,50,0.0,0,0.0,0,0.0,0,0.0,0,2183.2,9,0.0,0,0.0,0,0.0,0,0.0,0
2012-11-20T09:17:18.000,2183.2,8397,2183,1,0.0,0,0.0,0,0.0,0,0.0,0,2183.2,4,0.0,0,0.0,0,0.0,0,0.0,0
2012-11-20T09:17:18.500,2183.2,8400,2183,1,0.0,0,0.0,0,0.0,0,0.0,0,2183.2,2,0.0,0,0.0,0,0.0,0,0.0,0
2012-11-20T09:17:19.000,2183,8406,2182.8,52,0.0,0,0.0,0,0.0,0,0.0,0,2183,2,0.0,0,0.0,0,0.0,0,0.0,0
2012-11-20T09:17:19.500,2183.2,8413,2183,5,0.0,0,0.0,0,0.0,0,0.0,0,2183.2,4,0.0,0,0.0,0,0.0,0,0.0,0
2012-11-20T09:17:20.000,2183,8416,2183,3,0.0,0,0.0,0,0.0,0,0.0,0,2183.2,4,0.0,0,0.0,0,0.0,0,0.0,0
2012-11-20T09:17:20.500,2183,8422,2183.2,2,0.0,0,0.0,0,0.0,0,0.0,0,2183.4,34,0.0,0,0.0,0,0.0,0,0.0,0
2012-11-20T09:17:21.000,2183,8428,2183,31,0.0,0,0.0,0,0.0,0,0.0,0,2183.2,1,0.0,0,0.0,0,0.0,0,0.0,0
2012-11-20T09:17:21.500,2183.2,8433,2183,48,0.0,0,0.0,0,0.0,0,0.0,0,2183.2,2,0.0,0,0.0,0,0.0,0,0.0,0
2012-11-20T09:17:22.000,2183.2,8438,2183.2,5,0.0,0,0.0,0,0.0,0,0.0,0,2183.4,40,0.0,0,0.0,0,0.0,0,0.0,0
2012-11-20T09:17:22.500,2183.2,8441,2183.2,5,0.0,0,0.0,0,0.0,0,0.0,0,2183.4,40,0.0,0,0.0,0,0.0,0,0.0,0
2012-11-20T09:17:23.000,2183.2,8446,2183,56,0.0,0,0.0,0,0.0,0,0.0,0,2183.4,39,0.0,0,0.0,0,0.0,0,0.0,0
2012-11-20T09:17:23.500,2183.2,8460,2183,58,0.0,0,0.0,0,0.0,0,0.0,0,2183.2,11,0.0,0,0.0,0,0.0,0,0.0,0
2012-11-20T09:17:24.000,2183.2,8463,2183,63,0.0,0,0.0,0,0.0,0,0.0,0,2183.2,12,0.0,0,0.0,0,0.0,0,0.0,0
2012-11-20T09:17:24.500,2183,8464,2183,64,0.0,0,0.0,0,0.0,0,0.0,0,2183.2,12,0.0,0,0.0,0,0.0,0,0.0,0
2012-11-20T09:17:25.000,2183,8491,2183,49,0.0,0,0.0,0,0.0,0,0.0,0,2183.2,3,0.0,0,0.0,0,0.0,0,0.0,0
2012-11-20T09:17:25.500,2183,8496,2183,46,0.0,0,0.0,0,0.0,0,0.0,0,2183.2,1,0.0,0,0.0,0,0.0,0,0.0,0
2012-11-20T09:17:26.000,2183.2,8505,2183.2,13,0.0,0,0.0,0,0.0,0,0.0,0,2183.4,37,0.0,0,0.0,0,0.0,0,0.0,0
2012-11-20T09:17:26.500,2183.4,8511,2183.2,11,0.0,0,0.0,0,0.0,0,0.0,0,2183.4,40,0.0,0,0.0,0,0.0,0,0.0,0
2012-11-20T09:17:27.000,2183.4,8515,2183.2,8,0.0,0,0.0,0,0.0,0,0.0,0,2183.4,39,0.0,0,0.0,0,0.0,0,0.0,0
2012-11-20T09:17:27.500,2183,8527,2183,49,0.0,0,0.0,0,0.0,0,0.0,0,2183.4,40,0.0,0,0.0,0,0.0,0,0.0,0
2012-11-20T09:17:28.000,2183.4,8543,2183.2,7,0.0,0,0.0,0,0.0,0,0.0,0,2183.4,38,0.0,0,0.0,0,0.0,0,0.0,0
2012-11-20T09:17:28.500,2183.4,8566,2183.2,1,0.0,0,0.0,0,0.0,0,0.0,0,2183.4,37,0.0,0,0.0,0,0.0,0,0.0,0
2012-11-20T09:17:29.000,2183.4,8570,2183.2,16,0.0,0,0.0,0,0.0,0,0.0,0,2183.4,34,0.0,0,0.0,0,0.0,0,0.0,0
2012-11-20T09:17:29.500,2183.4,8584,2183.2,11,0.0,0,0.0,0,0.0,0,0.0,0,2183.4,28,0.0,0,0.0,0,0.0,0,0.0,0
2012-11-20T09:17:30.000,2183.4,8592,2183.2,8,0.0,0,0.0,0,0.0,0,0.0,0,2183.4,29,0.0,0,0.0,0,0.0,0,0.0,0
2012-11-20T09:17:30.500,2183.2,8605,2183,30,0.0,0,0.0,0,0.0,0,0.0,0,2183.2,20,0.0,0,0.0,0,0.0,0,0.0,0
2012-11-20T09:17:31.000,2183.2,8612,2183,33,0.0,0,0.0,0,0.0,0,0.0,0,2183.2,17,0.0,0,0.0,0,0.0,0,0.0,0
2012-11-20T09:17:31.500,2183.2,8621,2183,32,0.0,0,0.0,0,0.0,0,0.0,0,2183.2,14,0.0,0,0.0,0,0.0,0,0.0,0
2012-11-20T09:17:32.000,2183.2,8643,2183,26,0.0,0,0.0,0,0.0,0,0.0,0,2183.2,3,0.0,0,0.0,0,0.0,0,0.0,0
2012-11-20T09:17:32.500,2183.2,8646,2183.2,1,0.0,0,0.0,0,0.0,0,0.0,0,2183.4,31,0.0,0,0.0,0,0.0,0,0.0,0
2012-11-20T09:17:33.000,2183.2,8651,2183,27,0.0,0,0.0,0,0.0,0,0.0,0,2183.2,2,0.0,0,0.0,0,0.0,0,0.0,0
2012-11-20T09:17:33.500,2183,8658,2183,21,0.0,0,0.0,0,0.0,0,0.0,0,2183.2,11,0.0,0,0.0,0,0.0,0,0.0,0
2012-11-20T09:17:34.000,2183.2,8675,2183,15,0.0,0,0.0,0,0.0,0,0.0,0,2183.2,11,0.0,0,0.0,0,0.0,0,0.0,0
2012-11-20T09:17:34.500,2183.2,8682,2183,12,0.0,0,0.0,0,0.0,0,0.0,0,2183.2,12,0.0,0,0.0,0,0.0,0,0.0,0
2012-11-20T09:17:35.000,2183.2,8693,2183,4,0.0,0,0.0,0,0.0,0,0.0,0,2183.2,11,0.0,0,0.0,0,0.0,0,0.0,0
2012-11-20T09:17:35.500,2183,8704,2182.8,44,0.0,0,0.0,0,0.0,0,0.0,0,2183,25,0.0,0,0.0,0,0.0,0,0.0,0
2012-11-20T09:17:36.000,2183,8708,2182.8,43,0.0,0,0.0,0,0.0,0,0.0,0,2183,24,0.0,0,0.0,0,0.0,0,0.0,0
2012-11-20T09:17:36.500,2183,8725,2182.8,43,0.0,0,0.0,0,0.0,0,0.0,0,2183,9,0.0,0,0.0,0,0.0,0,0.0,0
2012-11-20T09:17:37.000,2183,8740,2182.8,32,0.0,0,0.0,0,0.0,0,0.0,0,2183,12,0.0,0,0.0,0,0.0,0,0.0,0
2012-11-20T09:17:37.500,2182.8,8743,2182.8,29,0.0,0,0.0,0,0.0,0,0.0,0,2183,50,0.0,0,0.0,0,0.0,0,0.0,0
2012-11-20T09:17:38.000,2183,8746,2182.8,29,0.0,0,0.0,0,0.0,0,0.0,0,2183,47,0.0,0,0.0,0,0.0,0,0.0,0
2012-11-20T09:17:38.500,2183,8771,2182.8,8,0.0,0,0.0,0,0.0,0,0.0,0,2183,46,0.0,0,0.0,0,0.0,0,0.0,0
2012-11-20T09:17:39.000,2182.8,8795,2182.6,55,0.0,0,0.0,0,0.0,0,0.0,0,2182.8,1,0.0,0,0.0,0,0.0,0,0.0,0
2012-11-20T09:17:39.500,2182.8,8802,2182.6,56,0.0,0,0.0,0,0.0,0,0.0,0,2183,45,0.0,0,0.0,0,0.0,0,0.0,0
2012-11-20T09:17:40.000,2182.8,8808,2182.6,56,0.0,0,0.0,0,0.0,0,0.0,0,2182.8,1,0.0,0,0.0,0,0.0,0,0.0,0
2012-11-20T09:17:40.500,2182.6,8823,2182.6,42,0.0,0,0.0,0,0.0,0,0.0,0,2183,44,0.0,0,0.0,0,0.0,0,0.0,0
2012-11-20T09:17:41.000,2182.6,8829,2182.6,37,0.0,0,0.0,0,0.0,0,0.0,0,2183,45,0.0,0,0.0,0,0.0,0,0.0,0
2012-11-20T09:17:41.500,2182.6,8831,2182.6,40,0.0,0,0.0,0,0.0,0,0.0,0,2183,45,0.0,0,0.0,0,0.0,0,0.0,0
2012-11-20T09:17:42.000,2182.6,8835,2182.6,37,0.0,0,0.0,0,0.0,0,0.0,0,2182.8,9,0.0,0,0.0,0,0.0,0,0.0,0
2012-11-20T09:17:42.500,2182.8,8846,2182.8,2,0.0,0,0.0,0,0.0,0,0.0,0,2183,53,0.0,0,0.0,0,0.0,0,0.0,0
2012-11-20T09:17:43.000,2182.6,8850,2182.6,33,0.0,0,0.0,0,0.0,0,0.0,0,2182.8,25,0.0,0,0.0,0,0.0,0,0.0,0
2012-11-20T09:17:43.500,2182.8,8853,2182.6,31,0.0,0,0.0,0,0.0,0,0.0,0,2182.8,32,0.0,0,0.0,0,0.0,0,0.0,0
2012-11-20T09:17:44.000,2182.6,8865,2182.6,24,0.0,0,0.0,0,0.0,0,0.0,0,2182.8,46,0.0,0,0.0,0,0.0,0,0.0,0
2012-11-20T09:17:44.500,2182.6,8889,2182.4,20,0.0,0,0.0,0,0.0,0,0.0,0,2182.6,30,0.0,0,0.0,0,0.0,0,0.0,0
2012-11-20T09:17:45.000,2182.4,8896,2182.4,13,0.0,0,0.0,0,0.0,0,0.0,0,2182.6,59,0.0,0,0.0,0,0.0,0,0.0,0
2012-11-20T09:17:45.500,2182.6,8898,2182.4,13,0.0,0,0.0,0,0.0,0,0.0,0,2182.6,57,0.0,0,0.0,0,0.0,0,0.0,0
2012-11-20T09:17:46.000,2182.6,8932,2182.2,48,0.0,0,0.0,0,0.0,0,0.0,0,2182.4,25,0.0,0,0.0,0,0.0,0,0.0,0
2012-11-20T09:17:46.500,2182.2,8937,2182.2,48,0.0,0,0.0,0,0.0,0,0.0,0,2182.4,47,0.0,0,0.0,0,0.0,0,0.0,0
2012-11-20T09:17:47.000,2182.2,8949,2182.2,37,0.0,0,0.0,0,0.0,0,0.0,0,2182.4,53,0.0,0,0.0,0,0.0,0,0.0,0
2012-11-20T09:17:47.500,2182.2,8995,2182.2,30,0.0,0,0.0,0,0.0,0,0.0,0,2182.4,18,0.0,0,0.0,0,0.0,0,0.0,0
2012-11-20T09:17:48.000,2182.2,9006,2182.2,19,0.0,0,0.0,0,0.0,0,0.0,0,2182.4,18,0.0,0,0.0,0,0.0,0,0.0,0
2012-11-20T09:17:48.500,2182.2,9036,2182.2,4,0.0,0,0.0,0,0.0,0,0.0,0,2182.4,5,0.0,0,0.0,0,0.0,0,0.0,0
2012-11-20T09:17:49.000,2182.2,9042,2182.2,4,0.0,0,0.0,0,0.0,0,0.0,0,2182.4,2,0.0,0,0.0,0,0.0,0,0.0,0
2012-11-20T09:17:49.500,2182.4,9050,2182,147,0.0,0,0.0,0,0.0,0,0.0,0,2182.6,9,0.0,0,0.0,0,0.0,0,0.0,0
2012-11-20T09:17:50.000,2182.2,9069,2182.2,48,0.0,0,0.0,0,0.0,0,0.0,0,2182.6,6,0.0,0,0.0,0,0.0,0,0.0,0
2012-11-20T09:17:50.500,2182.8,9082,2182.2,52,0.0,0,0.0,0,0.0,0,0.0,0,2182.6,3,0.0,0,0.0,0,0.0,0,0.0,0
2012-11-20T09:17:51.000,2182.6,9099,2182.6,19,0.0,0,0.0,0,0.0,0,0.0,0,2182.8,5,0.0,0,0.0,0,0.0,0,0.0,0
2012-11-20T09:17:51.500,2182.8,9105,2182.8,2,0.0,0,0.0,0,0.0,0,0.0,0,2183,60,0.0,0,0.0,0,0.0,0,0.0,0
2012-11-20T09:17:52.000,2182.6,9108,2182.8,2,0.0,0,0.0,0,0.0,0,0.0,0,2183,61,0.0,0,0.0,0,0.0,0,0.0,0
2012-11-20T09:17:52.500,2182.6,9122,2182.6,25,0.0,0,0.0,0,0.0,0,0.0,0,2182.8,1,0.0,0,0.0,0,0.0,0,0.0,0
2012-11-20T09:17:53.000,2182.8,9128,2182.8,1,0.0,0,0.0,0,0.0,0,0.0,0,2183,59,0.0,0,0.0,0,0.0,0,0.0,0
2012-11-20T09:17:53.500,2182.6,9130,2182.6,33,0.0,0,0.0,0,0.0,0,0.0,0,2182.8,1,0.0,0,0.0,0,0.0,0,0.0,0
2012-11-20T09:17:54.000,2182.8,9132,2182.6,35,0.0,0,0.0,0,0.0,0,0.0,0,2182.8,1,0.0,0,0.0,0,0.0,0,0.0,0
2012-11-20T09:17:54.500,2182.6,9133,2182.6,34,0.0,0,0.0,0,0.0,0,0.0,0,2182.8,4,0.0,0,0.0,0,0.0,0,0.0,0
2012-11-20T09:17:55.250,2182.8,9135,2182.6,40,0.0,0,0.0,0,0.0,0,0.0,0,2182.8,4,0.0,0,0.0,0,0.0,0,0.0,0
2012-11-20T09:17:56.000,2182.6,9137,2182.6,38,0.0,0,0.0,0,0.0,0,0.0,0,2182.8,39,0.0,0,0.0,0,0.0,0,0.0,0
2012-11-20T09:17:56.500,2182.8,9143,2182.6,48,0.0,0,0.0,0,0.0,0,0.0,0,2182.8,34,0.0,0,0.0,0,0.0,0,0.0,0
2012-11-20T09:17:57.000,2182.6,9158,2182.6,39,0.0,0,0.0,0,0.0,0,0.0,0,2182.8,36,0.0,0,0.0,0,0.0,0,0.0,0
2012-11-20T09:17:57.500,2182.6,9159,2182.6,41,0.0,0,0.0,0,0.0,0,0.0,0,2182.8,37,0.0,0,0.0,0,0.0,0,0.0,0
2012-11-20T09:17:58.000,2182.8,9179,2182.6,23,0.0,0,0.0,0,0.0,0,0.0,0,2182.8,35,0.0,0,0.0,0,0.0,0,0.0,0
2012-11-20T09:17:58.500,2182.6,9190,2182.6,12,0.0,0,0.0,0,0.0,0,0.0,0,2182.8,42,0.0,0,0.0,0,0.0,0,0.0,0
2012-11-20T09:17:59.000,2182.8,9209,2182.6,2,0.0,0,0.0,0,0.0,0,0.0,0,2182.8,36,0.0,0,0.0,0,0.0,0,0.0,0
2012-11-20T09:17:59.500,2182.4,9232,2182.4,5,0.0,0,0.0,0,0.0,0,0.0,0,2182.8,18,0.0,0,0.0,0,0.0,0,0.0,0
2012-11-20T09:18:00.000,2182.8,9240,2182.4,8,0.0,0,0.0,0,0.0,0,0.0,0,2182.8,17,0.0,0,0.0,0,0.0,0,0.0,0
2012-11-20T09:18:00.500,2182.8,9250,2182.6,2,0.0,0,0.0,0,0.0,0,0.0,0,2182.8,9,0.0,0,0.0,0,0.0,0,0.0,0
2012-11-20T09:18:01.000,2182.8,9253,2182.4,19,0.0,0,0.0,0,0.0,0,0.0,0,2182.8,10,0.0,0,0.0,0,0.0,0,0.0,0
2012-11-20T09:18:01.500,2182.8,9257,2182.6,1,0.0,0,0.0,0,0.0,0,0.0,0,2182.8,11,0.0,0,0.0,0,0.0,0,0.0,0
2012-11-20T09:18:02.000,2182.4,9282,2182.2,58,0.0,0,0.0,0,0.0,0,0.0,0,2182.4,14,0.0,0,0.0,0,0.0,0,0.0,0
2012-11-20T09:18:02.500,2182.4,9291,2182.2,58,0.0,0,0.0,0,0.0,0,0.0,0,2182.4,6,0.0,0,0.0,0,0.0,0,0.0,0
2012-11-20T09:18:03.000,2182.4,9298,2182.4,2,0.0,0,0.0,0,0.0,0,0.0,0,2182.6,9,0.0,0,0.0,0,0.0,0,0.0,0
2012-11-20T09:18:03.500,2182.4,9306,2182.4,13,0.0,0,0.0,0,0.0,0,0.0,0,2182.6,13,0.0,0,0.0,0,0.0,0,0.0,0
2012-11-20T09:18:04.000,2182.6,9312,2182.4,8,0.0,0,0.0,0,0.0,0,0.0,0,2182.6,13,0.0,0,0.0,0,0.0,0,0.0,0
2012-11-20T09:18:04.500,2182.4,9317,2182.4,7,0.0,0,0.0,0,0.0,0,0.0,0,2182.6,10,0.0,0,0.0,0,0.0,0,0.0,0
2012-11-20T09:18:05.000,2182.4,9321,2182.4,6,0.0,0,0.0,0,0.0,0,0.0,0,2182.6,13,0.0,0,0.0,0,0.0,0,0.0,0
2012-11-20T09:18:05.500,2182.4,9325,2182.4,3,0.0,0,0.0,0,0.0,0,0.0,0,2182.6,24,0.0,0,0.0,0,0.0,0,0.0,0
2012-11-20T09:18:06.000,2182.2,9330,2182.2,56,0.0,0,0.0,0,0.0,0,0.0,0,2182.4,100,0.0,0,0.0,0,0.0,0,0.0,0
2012-11-20T09:18:06.500,2182.4,9430,2182,170,0.0,0,0.0,0,0.0,0,0.0,0,2182.2,8,0.0,0,0.0,0,0.0,0,0.0,0
2012-11-20T09:18:07.000,2182.4,9494,2182,157,0.0,0,0.0,0,0.0,0,0.0,0,2182.4,41,0.0,0,0.0,0,0.0,0,0.0,0
2012-11-20T09:18:07.500,2182.2,9510,2182,156,0.0,0,0.0,0,0.0,0,0.0,0,2182.2,3,0.0,0,0.0,0,0.0,0,0.0,0
2012-11-20T09:18:08.000,2182,9513,2182,154,0.0,0,0.0,0,0.0,0,0.0,0,2182.2,4,0.0,0,0.0,0,0.0,0,0.0,0
2012-11-20T09:18:08.500,2182.2,9618,2182,51,0.0,0,0.0,0,0.0,0,0.0,0,2182.2,2,0.0,0,0.0,0,0.0,0,0.0,0
2012-11-20T09:18:09.000,2182.2,9634,2182.2,2,0.0,0,0.0,0,0.0,0,0.0,0,2182.4,55,0.0,0,0.0,0,0.0,0,0.0,0
2012-11-20T09:18:09.500,2182.2,9662,2182,31,0.0,0,0.0,0,0.0,0,0.0,0,2182.2,9,0.0,0,0.0,0,0.0,0,0.0,0
2012-11-20T09:18:10.000,2182,9665,2182,32,0.0,0,0.0,0,0.0,0,0.0,0,2182.2,10,0.0,0,0.0,0,0.0,0,0.0,0
2012-11-20T09:18:10.500,2182,9669,2182,41,0.0,0,0.0,0,0.0,0,0.0,0,2182.2,9,0.0,0,0.0,0,0.0,0,0.0,0
2012-11-20T09:18:11.000,2182.2,9687,2182.2,28,0.0,0,0.0,0,0.0,0,0.0,0,2182.4,57,0.0,0,0.0,0,0.0,0,0.0,0
2012-11-20T09:18:11.500,2182.2,9716,2182,42,0.0,0,0.0,0,0.0,0,0.0,0,2182.2,1,0.0,0,0.0,0,0.0,0,0.0,0
2012-11-20T09:18:12.000,2182.2,9720,2182.2,28,0.0,0,0.0,0,0.0,0,0.0,0,2182.4,59,0.0,0,0.0,0,0.0,0,0.0,0
2012-11-20T09:18:12.500,2182,9783,2182,5,0.0,0,0.0,0,0.0,0,0.0,0,2182.2,2,0.0,0,0.0,0,0.0,0,0.0,0
2012-11-20T09:18:13.000,2182,9791,2181.8,80,0.0,0,0.0,0,0.0,0,0.0,0,2182,2,0.0,0,0.0,0,0.0,0,0.0,0
2012-11-20T09:18:13.500,2182,9797,2181.8,82,0.0,0,0.0,0,0.0,0,0.0,0,2182,5,0.0,0,0.0,0,0.0,0,0.0,0
2012-11-20T09:18:14.000,2182,9819,2182,8,0.0,0,0.0,0,0.0,0,0.0,0,2182.2,4,0.0,0,0.0,0,0.0,0,0.0,0
2012-11-20T09:18:14.500,2182,9832,2181.8,82,0.0,0,0.0,0,0.0,0,0.0,0,2182,2,0.0,0,0.0,0,0.0,0,0.0,0
2012-11-20T09:18:15.000,2181.8,9846,2181.8,72,0.0,0,0.0,0,0.0,0,0.0,0,2182,3,0.0,0,0.0,0,0.0,0,0.0,0
2012-11-20T09:18:15.500,2181.8,9849,2181.8,70,0.0,0,0.0,0,0.0,0,0.0,0,2182,4,0.0,0,0.0,0,0.0,0,0.0,0
2012-11-20T09:18:16.000,2182,9861,2182,9,0.0,0,0.0,0,0.0,0,0.0,0,2182.2,14,0.0,0,0.0,0,0.0,0,0.0,0
2012-11-20T09:18:16.500,2182,9872,2181.8,71,0.0,0,0.0,0,0.0,0,0.0,0,2182,11,0.0,0,0.0,0,0.0,0,0.0,0
2012-11-20T09:18:17.000,2182,9903,2182,3,0.0,0,0.0,0,0.0,0,0.0,0,2182.2,6,0.0,0,0.0,0,0.0,0,0.0,0
2012-11-20T09:18:17.500,2182.2,9910,2181.8,86,0.0,0,0.0,0,0.0,0,0.0,0,2182.2,6,0.0,0,0.0,0,0.0,0,0.0,0
2012-11-20T09:18:18.000,2181.8,9920,2181.8,86,0.0,0,0.0,0,0.0,0,0.0,0,2182.2,6,0.0,0,0.0,0,0.0,0,0.0,0
2012-11-20T09:18:18.500,2181.8,9921,2182,10,0.0,0,0.0,0,0.0,0,0.0,0,2182.2,7,0.0,0,0.0,0,0.0,0,0.0,0
2012-11-20T09:18:19.000,2182.2,9926,2182,15,0.0,0,0.0,0,0.0,0,0.0,0,2182.2,5,0.0,0,0.0,0,0.0,0,0.0,0
2012-11-20T09:18:19.500,2182,9934,2182,32,0.0,0,0.0,0,0.0,0,0.0,0,2182.2,5,0.0,0,0.0,0,0.0,0,0.0,0
2012-11-20T09:18:20.000,2182,9939,2182,28,0.0,0,0.0,0,0.0,0,0.0,0,2182.2,6,0.0,0,0.0,0,0.0,0,0.0,0
2012-11-20T09:18:20.500,2182,9946,2182,25,0.0,0,0.0,0,0.0,0,0.0,0,2182.2,6,0.0,0,0.0,0,0.0,0,0.0,0
2012-11-20T09:18:21.000,2182,9953,2182,18,0.0,0,0.0,0,0.0,0,0.0,0,2182.2,6,0.0,0,0.0,0,0.0,0,0.0,0
2012-11-20T09:18:21.500,2182.2,9954,2182,20,0.0,0,0.0,0,0.0,0,0.0,0,2182.2,6,0.0,0,0.0,0,0.0,0,0.0,0
2012-11-20T09:18:22.250,2182,9960,2182,58,0.0,0,0.0,0,0.0,0,0.0,0,2182.2,8,0.0,0,0.0,0,0.0,0,0.0,0
2012-11-20T09:18:23.000,2182.2,9968,2182,60,0.0,0,0.0,0,0.0,0,0.0,0,2182.2,1,0.0,0,0.0,0,0.0,0,0.0,0
2012-11-20T09:18:23.500,2182.2,9971,2182.2,17,0.0,0,0.0,0,0.0,0,0.0,0,2182.4,67,0.0,0,0.0,0,0.0,0,0.0,0
2012-11-20T09:18:24.000,2182.2,9976,2182.2,12,0.0,0,0.0,0,0.0,0,0.0,0,2182.4,67,0.0,0,0.0,0,0.0,0,0.0,0
2012-11-20T09:18:24.500,2182.2,9978,2182.2,16,0.0,0,0.0,0,0.0,0,0.0,0,2182.4,66,0.0,0,0.0,0,0.0,0,0.0,0
2012-11-20T09:18:25.000,2182.2,9981,2182.2,13,0.0,0,0.0,0,0.0,0,0.0,0,2182.4,66,0.0,0,0.0,0,0.0,0,0.0,0
2012-11-20T09:18:25.500,2182.2,9982,2182.2,12,0.0,0,0.0,0,0.0,0,0.0,0,2182.4,66,0.0,0,0.0,0,0.0,0,0.0,0
2012-11-20T09:18:26.250,2182.2,9987,2182.2,10,0.0,0,0.0,0,0.0,0,0.0,0,2182.4,63,0.0,0,0.0,0,0.0,0,0.0,0
2012-11-20T09:18:27.000,2182.2,9990,2182.2,12,0.0,0,0.0,0,0.0,0,0.0,0,2182.4,64,0.0,0,0.0,0,0.0,0,0.0,0
2012-11-20T09:18:27.500,2182.2,9999,2182.2,4,0.0,0,0.0,0,0.0,0,0.0,0,2182.4,64,0.0,0,0.0,0,0.0,0,0.0,0
2012-11-20T09:18:28.000,2182.2,10003,2182.2,1,0.0,0,0.0,0,0.0,0,0.0,0,2182.4,64,0.0,0,0.0,0,0.0,0,0.0,0
2012-11-20T09:18:28.500,2182.2,10004,2182.2,21,0.0,0,0.0,0,0.0,0,0.0,0,2182.4,64,0.0,0,0.0,0,0.0,0,0.0,0
2012-11-20T09:18:29.000,2182.4,10011,2182.2,15,0.0,0,0.0,0,0.0,0,0.0,0,2182.4,63,0.0,0,0.0,0,0.0,0,0.0,0
2012-11-20T09:18:29.500,2182.2,10012,2182.2,14,0.0,0,0.0,0,0.0,0,0.0,0,2182.4,64,0.0,0,0.0,0,0.0,0,0.0,0
2012-11-20T09:18:30.000,2182.4,10016,2182.2,14,0.0,0,0.0,0,0.0,0,0.0,0,2182.4,61,0.0,0,0.0,0,0.0,0,0.0,0
2012-11-20T09:18:30.500,2182.2,10021,2182.2,46,0.0,0,0.0,0,0.0,0,0.0,0,2182.4,62,0.0,0,0.0,0,0.0,0,0.0,0
2012-11-20T09:18:31.000,2182.2,10022,2182.2,46,0.0,0,0.0,0,0.0,0,0.0,0,2182.4,63,0.0,0,0.0,0,0.0,0,0.0,0
2012-11-20T09:18:31.500,2182.4,10025,2182.2,49,0.0,0,0.0,0,0.0,0,0.0,0,2182.4,61,0.0,0,0.0,0,0.0,0,0.0,0
2012-11-20T09:18:32.000,2182.4,10047,2182.2,43,0.0,0,0.0,0,0.0,0,0.0,0,2182.4,45,0.0,0,0.0,0,0.0,0,0.0,0
2012-11-20T09:18:32.500,2182.4,10077,2182.2,29,0.0,0,0.0,0,0.0,0,0.0,0,2182.4,32,0.0,0,0.0,0,0.0,0,0.0,0
2012-11-20T09:18:33.000,2182.2,10089,2182.2,30,0.0,0,0.0,0,0.0,0,0.0,0,2182.4,28,0.0,0,0.0,0,0.0,0,0.0,0
2012-11-20T09:18:33.500,2182.4,10091,2182.2,29,0.0,0,0.0,0,0.0,0,0.0,0,2182.4,27,0.0,0,0.0,0,0.0,0,0.0,0
2012-11-20T09:18:34.250,2182.4,10092,2182.2,36,0.0,0,0.0,0,0.0,0,0.0,0,2182.4,28,0.0,0,0.0,0,0.0,0,0.0,0
2012-11-20T09:18:35.250,2182.4,10111,2182.2,35,0.0,0,0.0,0,0.0,0,0.0,0,2182.4,14,0.0,0,0.0,0,0.0,0,0.0,0
2012-11-20T09:18:36.000,2182.4,10112,2182.2,35,0.0,0,0.0,0,0.0,0,0.0,0,2182.4,13,0.0,0,0.0,0,0.0,0,0.0,0
2012-11-20T09:18:36.500,2182.2,10115,2182.2,33,0.0,0,0.0,0,0.0,0,0.0,0,2182.4,13,0.0,0,0.0,0,0.0,0,0.0,0
2012-11-20T09:18:37.000,2182.2,10125,2182.2,32,0.0,0,0.0,0,0.0,0,0.0,0,2182.4,5,0.0,0,0.0,0,0.0,0,0.0,0
2012-11-20T09:18:37.500,2182.4,10128,2182.2,36,0.0,0,0.0,0,0.0,0,0.0,0,2182.4,3,0.0,0,0.0,0,0.0,0,0.0,0
2012-11-20T09:18:38.000,2182.4,10138,2182.4,4,0.0,0,0.0,0,0.0,0,0.0,0,2182.6,10,0.0,0,0.0,0,0.0,0,0.0,0
2012-11-20T09:18:38.500,2182.4,10142,2182.4,3,0.0,0,0.0,0,0.0,0,0.0,0,2182.6,8,0.0,0,0.0,0,0.0,0,0.0,0
2012-11-20T09:18:39.000,2182.6,10146,2182.4,6,0.0,0,0.0,0,0.0,0,0.0,0,2182.6,7,0.0,0,0.0,0,0.0,0,0.0,0
2012-11-20T09:18:39.500,2182.6,10151,2182.4,8,0.0,0,0.0,0,0.0,0,0.0,0,2182.6,2,0.0,0,0.0,0,0.0,0,0.0,0
2012-11-20T09:18:40.000,2182.4,10155,2182.4,5,0.0,0,0.0,0,0.0,0,0.0,0,2182.6,3,0.0,0,0.0,0,0.0,0,0.0,0
2012-11-20T09:18:40.500,2182.4,10156,2182.4,4,0.0,0,0.0,0,0.0,0,0.0,0,2182.6,5,0.0,0,0.0,0,0.0,0,0.0,0
2012-11-20T09:18:41.000,2182.4,10157,2182.4,4,0.0,0,0.0,0,0.0,0,0.0,0,2182.6,7,0.0,0,0.0,0,0.0,0,0.0,0
2012-11-20T09:18:41.500,2182.4,10159,2182.4,2,0.0,0,0.0,0,0.0,0,0.0,0,2182.6,7,0.0,0,0.0,0,0.0,0,0.0,0
2012-11-20T09:18:42.000,2182.6,10166,2182.4,2,0.0,0,0.0,0,0.0,0,0.0,0,2182.6,8,0.0,0,0.0,0,0.0,0,0.0,0
2012-11-20T09:18:42.500,2182.6,10172,2182.4,2,0.0,0,0.0,0,0.0,0,0.0,0,2182.6,5,0.0,0,0.0,0,0.0,0,0.0,0
2012-11-20T09:18:43.000,2182.6,10176,2182.4,3,0.0,0,0.0,0,0.0,0,0.0,0,2182.6,2,0.0,0,0.0,0,0.0,0,0.0,0
2012-11-20T09:18:43.500,2182.4,10180,2182.2,36,0.0,0,0.0,0,0.0,0,0.0,0,2182.4,5,0.0,0,0.0,0,0.0,0,0.0,0
2012-11-20T09:18:44.000,2182.6,10207,2182.6,25,0.0,0,0.0,0,0.0,0,0.0,0,2182.8,39,0.0,0,0.0,0,0.0,0,0.0,0
2012-11-20T09:18:44.500,2182.6,10219,2182.6,15,0.0,0,0.0,0,0.0,0,0.0,0,2182.8,42,0.0,0,0.0,0,0.0,0,0.0,0
2012-11-20T09:18:45.000,2182.8,10229,2182.6,15,0.0,0,0.0,0,0.0,0,0.0,0,2182.8,32,0.0,0,0.0,0,0.0,0,0.0,0
2012-11-20T09:18:45.500,2182.6,10245,2182.4,6,0.0,0,0.0,0,0.0,0,0.0,0,2182.6,9,0.0,0,0.0,0,0.0,0,0.0,0
2012-11-20T09:18:46.000,2182.6,10246,2182.4,6,0.0,0,0.0,0,0.0,0,0.0,0,2182.6,9,0.0,0,0.0,0,0.0,0,0.0,0
2012-11-20T09:18:46.500,2182.6,10250,2182.4,9,0.0,0,0.0,0,0.0,0,0.0,0,2182.6,14,0.0,0,0.0,0,0.0,0,0.0,0
2012-11-20T09:18:47.000,2182.6,10253,2182.4,7,0.0,0,0.0,0,0.0,0,0.0,0,2182.6,17,0.0,0,0.0,0,0.0,0,0.0,0
2012-11-20T09:18:47.500,2182.6,10255,2182.4,8,0.0,0,0.0,0,0.0,0,0.0,0,2182.6,15,0.0,0,0.0,0,0.0,0,0.0,0
2012-11-20T09:18:48.000,2182.4,10266,2182.2,39,0.0,0,0.0,0,0.0,0,0.0,0,2182.4,4,0.0,0,0.0,0,0.0,0,0.0,0
2012-11-20T09:18:48.500,2182.4,10270,2182.2,39,0.0,0,0.0,0,0.0,0,0.0,0,2182.4,19,0.0,0,0.0,0,0.0,0,0.0,0
2012-11-20T09:18:49.000,2182.2,10292,2182.2,29,0.0,0,0.0,0,0.0,0,0.0,0,2182.4,1,0.0,0,0.0,0,0.0,0,0.0,0
2012-11-20T09:18:49.500,2182.4,10294,2182.2,30,0.0,0,0.0,0,0.0,0,0.0,0,2182.4,1,0.0,0,0.0,0,0.0,0,0.0,0
2012-11-20T09:18:50.000,2182.2,10296,2182.2,31,0.0,0,0.0,0,0.0,0,0.0,0,2182.4,1,0.0,0,0.0,0,0.0,0,0.0,0
2012-11-20T09:18:50.500,2182.4,10304,2182.2,25,0.0,0,0.0,0,0.0,0,0.0,0,2182.4,1,0.0,0,0.0,0,0.0,0,0.0,0
2012-11-20T09:18:51.000,2182.4,10308,2182.2,25,0.0,0,0.0,0,0.0,0,0.0,0,2182.6,9,0.0,0,0.0,0,0.0,0,0.0,0
2012-11-20T09:18:51.500,2182.2,10309,2182.2,25,0.0,0,0.0,0,0.0,0,0.0,0,2182.6,9,0.0,0,0.0,0,0.0,0,0.0,0
2012-11-20T09:18:52.250,2182.2,10310,2182.2,26,0.0,0,0.0,0,0.0,0,0.0,0,2182.4,1,0.0,0,0.0,0,0.0,0,0.0,0
2012-11-20T09:18:53.250,2182.2,10338,2182,101,0.0,0,0.0,0,0.0,0,0.0,0,2182.2,9,0.0,0,0.0,0,0.0,0,0.0,0
2012-11-20T09:18:54.000,2182,10341,2182,100,0.0,0,0.0,0,0.0,0,0.0,0,2182.2,7,0.0,0,0.0,0,0.0,0,0.0,0
2012-11-20T09:18:54.500,2182.2,10350,2182,95,0.0,0,0.0,0,0.0,0,0.0,0,2182.2,8,0.0,0,0.0,0,0.0,0,0.0,0
2012-11-20T09:18:55.000,2182.2,10358,2182,94,0.0,0,0.0,0,0.0,0,0.0,0,2182.2,4,0.0,0,0.0,0,0.0,0,0.0,0
2012-11-20T09:18:55.500,2182,10363,2182,89,0.0,0,0.0,0,0.0,0,0.0,0,2182.2,4,0.0,0,0.0,0,0.0,0,0.0,0
2012-11-20T09:18:56.000,2182.2,10367,2182,87,0.0,0,0.0,0,0.0,0,0.0,0,2182.2,5,0.0,0,0.0,0,0.0,0,0.0,0
2012-11-20T09:18:56.500,2182.2,10372,2182,88,0.0,0,0.0,0,0.0,0,0.0,0,2182.4,14,0.0,0,0.0,0,0.0,0,0.0,0
2012-11-20T09:18:57.000,2182,10375,2182,86,0.0,0,0.0,0,0.0,0,0.0,0,2182.4,14,0.0,0,0.0,0,0.0,0,0.0,0
2012-11-20T09:18:57.500,2182,10377,2182,87,0.0,0,0.0,0,0.0,0,0.0,0,2182.2,3,0.0,0,0.0,0,0.0,0,0.0,0
2012-11-20T09:18:58.000,2182,10383,2182,85,0.0,0,0.0,0,0.0,0,0.0,0,2182.4,24,0.0,0,0.0,0,0.0,0,0.0,0
2012-11-20T09:18:58.500,2182.4,10386,2182,83,0.0,0,0.0,0,0.0,0,0.0,0,2182.4,26,0.0,0,0.0,0,0.0,0,0.0,0
2012-11-20T09:18:59.000,2182.2,10393,2182,85,0.0,0,0.0,0,0.0,0,0.0,0,2182.4,26,0.0,0,0.0,0,0.0,0,0.0,0
2012-11-20T09:18:59.500,2182,10425,2182,55,0.0,0,0.0,0,0.0,0,0.0,0,2182.4,25,0.0,0,0.0,0,0.0,0,0.0,0
2012-11-20T09:19:00.000,2182,10426,2182,57,0.0,0,0.0,0,0.0,0,0.0,0,2182.2,1,0.0,0,0.0,0,0.0,0,0.0,0
2012-11-20T09:19:00.500,2182,10432,2182,58,0.0,0,0.0,0,0.0,0,0.0,0,2182.2,1,0.0,0,0.0,0,0.0,0,0.0,0
2012-11-20T09:19:01.000,2182,10433,2182,53,0.0,0,0.0,0,0.0,0,0.0,0,2182.2,1,0.0,0,0.0,0,0.0,0,0.0,0
2012-11-20T09:19:01.500,2182,10444,2182,43,0.0,0,0.0,0,0.0,0,0.0,0,2182.4,22,0.0,0,0.0,0,0.0,0,0.0,0
2012-11-20T09:19:02.000,2182.4,10449,2182.2,6,0.0,0,0.0,0,0.0,0,0.0,0,2182.4,17,0.0,0,0.0,0,0.0,0,0.0,0
2012-11-20T09:19:02.500,2182.2,10455,2182.2,3,0.0,0,0.0,0,0.0,0,0.0,0,2182.4,16,0.0,0,0.0,0,0.0,0,0.0,0
2012-11-20T09:19:03.000,2182.2,10465,2182.2,6,0.0,0,0.0,0,0.0,0,0.0,0,2182.4,9,0.0,0,0.0,0,0.0,0,0.0,0
2012-11-20T09:19:03.500,2182.2,10472,2182.2,4,0.0,0,0.0,0,0.0,0,0.0,0,2182.4,7,0.0,0,0.0,0,0.0,0,0.0,0
2012-11-20T09:19:04.000,2182.4,10474,2182.2,8,0.0,0,0.0,0,0.0,0,0.0,0,2182.4,6,0.0,0,0.0,0,0.0,0,0.0,0
2012-11-20T09:19:04.500,2182.2,10480,2182.2,5,0.0,0,0.0,0,0.0,0,0.0,0,2182.4,5,0.0,0,0.0,0,0.0,0,0.0,0
2012-11-20T09:19:05.000,2182.2,10493,2182,54,0.0,0,0.0,0,0.0,0,0.0,0,2182.2,27,0.0,0,0.0,0,0.0,0,0.0,0
2012-11-20T09:19:05.500,2182.2,10494,2182,54,0.0,0,0.0,0,0.0,0,0.0,0,2182.2,26,0.0,0,0.0,0,0.0,0,0.0,0
2012-11-20T09:19:06.250,2182.2,10500,2182,54,0.0,0,0.0,0,0.0,0,0.0,0,2182.2,21,0.0,0,0.0,0,0.0,0,0.0,0
2012-11-20T09:19:07.000,2182,10508,2182,48,0.0,0,0.0,0,0.0,0,0.0,0,2182.2,22,0.0,0,0.0,0,0.0,0,0.0,0
2012-11-20T09:19:07.500,2182,10516,2182,47,0.0,0,0.0,0,0.0,0,0.0,0,2182.2,17,0.0,0,0.0,0,0.0,0,0.0,0
2012-11-20T09:19:08.000,2182,10521,2182,49,0.0,0,0.0,0,0.0,0,0.0,0,2182.2,14,0.0,0,0.0,0,0.0,0,0.0,0
2012-11-20T09:19:08.500,2182,10524,2182,47,0.0,0,0.0,0,0.0,0,0.0,0,2182.2,14,0.0,0,0.0,0,0.0,0,0.0,0
2012-11-20T09:19:09.000,2182,10526,2182,46,0.0,0,0.0,0,0.0,0,0.0,0,2182.2,15,0.0,0,0.0,0,0.0,0,0.0,0
2012-11-20T09:19:09.500,2182,10534,2182,39,0.0,0,0.0,0,0.0,0,0.0,0,2182.2,21,0.0,0,0.0,0,0.0,0,0.0,0
2012-11-20T09:19:10.000,2182.2,10547,2182,30,0.0,0,0.0,0,0.0,0,0.0,0,2182.2,24,0.0,0,0.0,0,0.0,0,0.0,0
2012-11-20T09:19:10.500,2182,10580,2181.8,104,0.0,0,0.0,0,0.0,0,0.0,0,2182,18,0.0,0,0.0,0,0.0,0,0.0,0
2012-11-20T09:19:11.000,2182,10615,2181.8,104,0.0,0,0.0,0,0.0,0,0.0,0,2182,17,0.0,0,0.0,0,0.0,0,0.0,0
2012-11-20T09:19:11.500,2182,10621,2181.8,100,0.0,0,0.0,0,0.0,0,0.0,0,2182,18,0.0,0,0.0,0,0.0,0,0.0,0
2012-11-20T09:19:12.000,2181.8,10635,2181.8,86,0.0,0,0.0,0,0.0,0,0.0,0,2182,18,0.0,0,0.0,0,0.0,0,0.0,0
2012-11-20T09:19:12.500,2181.8,10638,2181.8,84,0.0,0,0.0,0,0.0,0,0.0,0,2182,19,0.0,0,0.0,0,0.0,0,0.0,0
2012-11-20T09:19:13.000,2181.8,10644,2181.8,82,0.0,0,0.0,0,0.0,0,0.0,0,2182,23,0.0,0,0.0,0,0.0,0,0.0,0
2012-11-20T09:19:13.500,2181.8,10685,2181.8,42,0.0,0,0.0,0,0.0,0,0.0,0,2182,25,0.0,0,0.0,0,0.0,0,0.0,0
2012-11-20T09:19:14.000,2181.8,10701,2181.8,26,0.0,0,0.0,0,0.0,0,0.0,0,2182,25,0.0,0,0.0,0,0.0,0,0.0,0
2012-11-20T09:19:14.500,2181.8,10736,2181.6,46,0.0,0,0.0,0,0.0,0,0.0,0,2181.8,66,0.0,0,0.0,0,0.0,0,0.0,0
2012-11-20T09:19:15.000,2181.6,10761,2181.6,22,0.0,0,0.0,0,0.0,0,0.0,0,2181.8,74,0.0,0,0.0,0,0.0,0,0.0,0
2012-11-20T09:19:15.500,2181.6,10786,2181.4,66,0.0,0,0.0,0,0.0,0,0.0,0,2181.6,10,0.0,0,0.0,0,0.0,0,0.0,0
2012-11-20T09:19:16.000,2181.4,10818,2181.4,34,0.0,0,0.0,0,0.0,0,0.0,0,2181.6,29,0.0,0,0.0,0,0.0,0,0.0,0
2012-11-20T09:19:16.500,2181.4,10826,2181.4,29,0.0,0,0.0,0,0.0,0,0.0,0,2181.6,27,0.0,0,0.0,0,0.0,0,0.0,0
2012-11-20T09:19:17.000,2181.4,10877,2181.4,16,0.0,0,0.0,0,0.0,0,0.0,0,2181.6,5,0.0,0,0.0,0,0.0,0,0.0,0
2012-11-20T09:19:17.500,2181.4,10896,2181.4,1,0.0,0,0.0,0,0.0,0,0.0,0,2181.8,126,0.0,0,0.0,0,0.0,0,0.0,0
2012-11-20T09:19:18.000,2181.4,10901,2181.2,68,0.0,0,0.0,0,0.0,0,0.0,0,2181.4,4,0.0,0,0.0,0,0.0,0,0.0,0
2012-11-20T09:19:18.500,2181.4,10916,2181.2,60,0.0,0,0.0,0,0.0,0,0.0,0,2181.6,2,0.0,0,0.0,0,0.0,0,0.0,0
2012-11-20T09:19:19.000,2181.4,10952,2181.2,40,0.0,0,0.0,0,0.0,0,0.0,0,2181.6,3,0.0,0,0.0,0,0.0,0,0.0,0
2012-11-20T09:19:19.500,2181.4,10954,2181.2,39,0.0,0,0.0,0,0.0,0,0.0,0,2181.4,36,0.0,0,0.0,0,0.0,0,0.0,0
2012-11-20T09:19:20.000,2181.2,10977,2181.2,18,0.0,0,0.0,0,0.0,0,0.0,0,2181.4,36,0.0,0,0.0,0,0.0,0,0.0,0
2012-11-20T09:19:20.500,2181.2,10993,2181.2,5,0.0,0,0.0,0,0.0,0,0.0,0,2181.4,37,0.0,0,0.0,0,0.0,0,0.0,0
2012-11-20T09:19:21.000,2181.2,10998,2181.2,1,0.0,0,0.0,0,0.0,0,0.0,0,2181.4,38,0.0,0,0.0,0,0.0,0,0.0,0
2012-11-20T09:19:21.500,2181,11007,2181,65,0.0,0,0.0,0,0.0,0,0.0,0,2181.2,33,0.0,0,0.0,0,0.0,0,0.0,0
2012-11-20T09:19:22.000,2181,11049,2181,36,0.0,0,0.0,0,0.0,0,0.0,0,2181.2,28,0.0,0,0.0,0,0.0,0,0.0,0
2012-11-20T09:19:22.500,2181,11084,2181,2,0.0,0,0.0,0,0.0,0,0.0,0,2181.2,40,0.0,0,0.0,0,0.0,0,0.0,0
2012-11-20T09:19:23.000,2180.8,11095,2180.8,12,0.0,0,0.0,0,0.0,0,0.0,0,2181,30,0.0,0,0.0,0,0.0,0,0.0,0
2012-11-20T09:19:23.500,2181,11115,2180.8,9,0.0,0,0.0,0,0.0,0,0.0,0,2181,21,0.0,0,0.0,0,0.0,0,0.0,0
2012-11-20T09:19:24.000,2180.8,11123,2180.8,1,0.0,0,0.0,0,0.0,0,0.0,0,2181,28,0.0,0,0.0,0,0.0,0,0.0,0
2012-11-20T09:19:24.500,2181,11135,2180.8,17,0.0,0,0.0,0,0.0,0,0.0,0,2181,33,0.0,0,0.0,0,0.0,0,0.0,0
2012-11-20T09:19:25.000,2181,11183,2181,6,0.0,0,0.0,0,0.0,0,0.0,0,2181.2,46,0.0,0,0.0,0,0.0,0,0.0,0
2012-11-20T09:19:25.500,2181,11194,2180.8,27,0.0,0,0.0,0,0.0,0,0.0,0,2181,3,0.0,0,0.0,0,0.0,0,0.0,0
2012-11-20T09:19:26.000,2181,11212,2181,46,0.0,0,0.0,0,0.0,0,0.0,0,2181.2,39,0.0,0,0.0,0,0.0,0,0.0,0
2012-11-20T09:19:26.500,2181,11216,2181,47,0.0,0,0.0,0,0.0,0,0.0,0,2181.2,40,0.0,0,0.0,0,0.0,0,0.0,0
2012-11-20T09:19:27.000,2181,11229,2181,39,0.0,0,0.0,0,0.0,0,0.0,0,2181.2,41,0.0,0,0.0,0,0.0,0,0.0,0
2012-11-20T09:19:27.500,2181,11255,2181,24,0.0,0,0.0,0,0.0,0,0.0,0,2181.2,35,0.0,0,0.0,0,0.0,0,0.0,0
2012-11-20T09:19:28.000,2181.2,11288,2181,21,0.0,0,0.0,0,0.0,0,0.0,0,2181.2,12,0.0,0,0.0,0,0.0,0,0.0,0
2012-11-20T09:19:28.500,2181.2,11304,2181.2,40,0.0,0,0.0,0,0.0,0,0.0,0,2181.4,41,0.0,0,0.0,0,0.0,0,0.0,0
2012-11-20T09:19:29.000,2181.2,11323,2181.2,26,0.0,0,0.0,0,0.0,0,0.0,0,2181.4,36,0.0,0,0.0,0,0.0,0,0.0,0
2012-11-20T09:19:29.500,2181.2,11351,2181,53,0.0,0,0.0,0,0.0,0,0.0,0,2181.2,25,0.0,0,0.0,0,0.0,0,0.0,0
2012-11-20T09:19:30.000,2181.2,11355,2181,61,0.0,0,0.0,0,0.0,0,0.0,0,2181.2,28,0.0,0,0.0,0,0.0,0,0.0,0
2012-11-20T09:19:30.500,2181.2,11365,2181,55,0.0,0,0.0,0,0.0,0,0.0,0,2181.2,36,0.0,0,0.0,0,0.0,0,0.0,0
2012-11-20T09:19:31.000,2181.2,11366,2181,52,0.0,0,0.0,0,0.0,0,0.0,0,2181.2,35,0.0,0,0.0,0,0.0,0,0.0,0
2012-11-20T09:19:31.500,2181,11372,2181,56,0.0,0,0.0,0,0.0,0,0.0,0,2181.2,30,0.0,0,0.0,0,0.0,0,0.0,0
2012-11-20T09:19:32.000,2181.2,11405,2181.2,4,0.0,0,0.0,0,0.0,0,0.0,0,2181.4,37,0.0,0,0.0,0,0.0,0,0.0,0
2012-11-20T09:19:32.500,2181.2,11415,2181,77,0.0,0,0.0,0,0.0,0,0.0,0,2181.2,3,0.0,0,0.0,0,0.0,0,0.0,0
2012-11-20T09:19:33.000,2181.2,11427,2181,79,0.0,0,0.0,0,0.0,0,0.0,0,2181.2,20,0.0,0,0.0,0,0.0,0,0.0,0
2012-11-20T09:19:33.500,2181,11454,2181,89,0.0,0,0.0,0,0.0,0,0.0,0,2181.2,2,0.0,0,0.0,0,0.0,0,0.0,0
2012-11-20T09:19:34.000,2181.2,11458,2181,91,0.0,0,0.0,0,0.0,0,0.0,0,2181.2,3,0.0,0,0.0,0,0.0,0,0.0,0
2012-11-20T09:19:34.500,2181,11469,2181.2,7,0.0,0,0.0,0,0.0,0,0.0,0,2181.4,38,0.0,0,0.0,0,0.0,0,0.0,0
2012-11-20T09:19:35.000,2181.2,11481,2181.2,4,0.0,0,0.0,0,0.0,0,0.0,0,2181.4,38,0.0,0,0.0,0,0.0,0,0.0,0
2012-11-20T09:19:35.500,2181.2,11486,2181.2,1,0.0,0,0.0,0,0.0,0,0.0,0,2181.4,39,0.0,0,0.0,0,0.0,0,0.0,0
2012-11-20T09:19:36.000,2181.4,11533,2181.4,21,0.0,0,0.0,0,0.0,0,0.0,0,2181.6,13,0.0,0,0.0,0,0.0,0,0.0,0
2012-11-20T09:19:36.500,2181.4,11539,2181.4,15,0.0,0,0.0,0,0.0,0,0.0,0,2181.6,13,0.0,0,0.0,0,0.0,0,0.0,0
2012-11-20T09:19:37.000,2181.4,11542,2181.4,16,0.0,0,0.0,0,0.0,0,0.0,0,2181.6,12,0.0,0,0.0,0,0.0,0,0.0,0
2012-11-20T09:19:37.500,2181.6,11550,2181.4,13,0.0,0,0.0,0,0.0,0,0.0,0,2181.6,7,0.0,0,0.0,0,0.0,0,0.0,0
2012-11-20T09:19:38.000,2181.6,11555,2181.4,15,0.0,0,0.0,0,0.0,0,0.0,0,2181.6,4,0.0,0,0.0,0,0.0,0,0.0,0
2012-11-20T09:19:38.500,2181.6,11559,2181.4,20,0.0,0,0.0,0,0.0,0,0.0,0,2181.6,2,0.0,0,0.0,0,0.0,0,0.0,0
2012-11-20T09:19:39.000,2181.6,11562,2181.6,20,0.0,0,0.0,0,0.0,0,0.0,0,2181.8,32,0.0,0,0.0,0,0.0,0,0.0,0
2012-11-20T09:19:39.500,2181.6,11567,2181.6,16,0.0,0,0.0,0,0.0,0,0.0,0,2181.8,32,0.0,0,0.0,0,0.0,0,0.0,0
2012-11-20T09:19:40.250,2181.8,11572,2181.6,15,0.0,0,0.0,0,0.0,0,0.0,0,2181.8,30,0.0,0,0.0,0,0.0,0,0.0,0
2012-11-20T09:19:41.000,2181.6,11577,2181.6,25,0.0,0,0.0,0,0.0,0,0.0,0,2181.8,28,0.0,0,0.0,0,0.0,0,0.0,0
2012-11-20T09:19:41.500,2181.8,11578,2181.6,25,0.0,0,0.0,0,0.0,0,0.0,0,2181.8,27,0.0,0,0.0,0,0.0,0,0.0,0
2012-11-20T09:19:42.000,2181.8,11606,2181.4,22,0.0,0,0.0,0,0.0,0,0.0,0,2181.8,26,0.0,0,0.0,0,0.0,0,0.0,0
2012-11-20T09:19:42.500,2181.8,11613,2181.4,22,0.0,0,0.0,0,0.0,0,0.0,0,2181.8,21,0.0,0,0.0,0,0.0,0,0.0,0
2012-11-20T09:19:43.250,2181.8,11629,2181.4,34,0.0,0,0.0,0,0.0,0,0.0,0,2181.8,8,0.0,0,0.0,0,0.0,0,0.0,0
2012-11-20T09:19:44.000,2181.8,11630,2181.6,18,0.0,0,0.0,0,0.0,0,0.0,0,2181.8,7,0.0,0,0.0,0,0.0,0,0.0,0
2012-11-20T09:19:44.500,2181.8,11632,2181.6,18,0.0,0,0.0,0,0.0,0,0.0,0,2181.8,6,0.0,0,0.0,0,0.0,0,0.0,0
2012-11-20T09:19:45.000,2181.8,11639,2181.8,31,0.0,0,0.0,0,0.0,0,0.0,0,2182,60,0.0,0,0.0,0,0.0,0,0.0,0
2012-11-20T09:19:45.500,2182,11645,2181.8,43,0.0,0,0.0,0,0.0,0,0.0,0,2182,59,0.0,0,0.0,0,0.0,0,0.0,0
2012-11-20T09:19:46.000,2182,11662,2181.8,30,0.0,0,0.0,0,0.0,0,0.0,0,2182,47,0.0,0,0.0,0,0.0,0,0.0,0
2012-11-20T09:19:46.500,2182,11698,2181.8,27,0.0,0,0.0,0,0.0,0,0.0,0,2182,15,0.0,0,0.0,0,0.0,0,0.0,0
2012-11-20T09:19:47.000,2182,11699,2181.8,29,0.0,0,0.0,0,0.0,0,0.0,0,2182,14,0.0,0,0.0,0,0.0,0,0.0,0
2012-11-20T09:19:47.500,2181.8,11702,2181.8,28,0.0,0,0.0,0,0.0,0,0.0,0,2182,28,0.0,0,0.0,0,0.0,0,0.0,0
2012-11-20T09:19:48.000,2182,11704,2181.8,25,0.0,0,0.0,0,0.0,0,0.0,0,2182,26,0.0,0,0.0,0,0.0,0,0.0,0
2012-11-20T09:19:48.500,2181.8,11715,2181.8,23,0.0,0,0.0,0,0.0,0,0.0,0,2182,21,0.0,0,0.0,0,0.0,0,0.0,0
2012-11-20T09:19:49.000,2182,11722,2181.8,43,0.0,0,0.0,0,0.0,0,0.0,0,2182,22,0.0,0,0.0,0,0.0,0,0.0,0
2012-11-20T09:19:49.500,2181.8,11725,2181.8,48,0.0,0,0.0,0,0.0,0,0.0,0,2182,21,0.0,0,0.0,0,0.0,0,0.0,0
2012-11-20T09:19:50.000,2182,11728,2181.8,48,0.0,0,0.0,0,0.0,0,0.0,0,2182,21,0.0,0,0.0,0,0.0,0,0.0,0
2012-11-20T09:19:50.500,2181.8,11731,2181.8,59,0.0,0,0.0,0,0.0,0,0.0,0,2182,22,0.0,0,0.0,0,0.0,0,0.0,0
2012-11-20T09:19:51.000,2181.8,11744,2181.8,33,0.0,0,0.0,0,0.0,0,0.0,0,2182,24,0.0,0,0.0,0,0.0,0,0.0,0
2012-11-20T09:19:51.500,2182,11759,2181.8,34,0.0,0,0.0,0,0.0,0,0.0,0,2182,9,0.0,0,0.0,0,0.0,0,0.0,0
2012-11-20T09:19:52.000,2182,11766,2181.8,34,0.0,0,0.0,0,0.0,0,0.0,0,2182,6,0.0,0,0.0,0,0.0,0,0.0,0
2012-11-20T09:19:52.500,2181.8,11769,2181.8,33,0.0,0,0.0,0,0.0,0,0.0,0,2182,5,0.0,0,0.0,0,0.0,0,0.0,0
2012-11-20T09:19:53.250,2181.8,11797,2181.8,18,0.0,0,0.0,0,0.0,0,0.0,0,2182.2,30,0.0,0,0.0,0,0.0,0,0.0,0
2012-11-20T09:19:54.000,2182,11798,2182,10,0.0,0,0.0,0,0.0,0,0.0,0,2182.2,31,0.0,0,0.0,0,0.0,0,0.0,0
2012-11-20T09:19:54.500,2182,11802,2182,14,0.0,0,0.0,0,0.0,0,0.0,0,2182.2,31,0.0,0,0.0,0,0.0,0,0.0,0
2012-11-20T09:19:55.250,2182,11810,2182,11,0.0,0,0.0,0,0.0,0,0.0,0,2182.2,38,0.0,0,0.0,0,0.0,0,0.0,0
2012-11-20T09:19:56.000,2182,11813,2182,10,0.0,0,0.0,0,0.0,0,0.0,0,2182.2,38,0.0,0,0.0,0,0.0,0,0.0,0
2012-11-20T09:19:56.500,2182,11819,2182,7,0.0,0,0.0,0,0.0,0,0.0,0,2182.2,36,0.0,0,0.0,0,0.0,0,0.0,0
2012-11-20T09:19:57.000,2182,11828,2182,2,0.0,0,0.0,0,0.0,0,0.0,0,2182.2,32,0.0,0,0.0,0,0.0,0,0.0,0
2012-11-20T09:19:57.500,2182,11833,2181.8,23,0.0,0,0.0,0,0.0,0,0.0,0,2182,3,0.0,0,0.0,0,0.0,0,0.0,0
2012-11-20T09:19:58.000,2182,11836,2181.8,37,0.0,0,0.0,0,0.0,0,0.0,0,2182,2,0.0,0,0.0,0,0.0,0,0.0,0
2012-11-20T09:19:58.500,2182,11839,2181.8,21,0.0,0,0.0,0,0.0,0,0.0,0,2182,1,0.0,0,0.0,0,0.0,0,0.0,0
2012-11-20T09:19:59.000,2182,11840,2182,3,0.0,0,0.0,0,0.0,0,0.0,0,2182.2,32,0.0,0,0.0,0,0.0,0,0.0,0
2012-11-20T09:19:59.500,2182.2,11841,2182,3,0.0,0,0.0,0,0.0,0,0.0,0,2182.2,34,0.0,0,0.0,0,0.0,0,0.0,0
2012-11-20T09:20:00.000,2182,11843,2182,2,0.0,0,0.0,0,0.0,0,0.0,0,2182.2,34,0.0,0,0.0,0,0.0,0,0.0,0
2012-11-20T09:20:00.500,2181.8,11882,2181.8,30,0.0,0,0.0,0,0.0,0,0.0,0,2182.2,20,0.0,0,0.0,0,0.0,0,0.0,0
2012-11-20T09:20:01.000,2182.2,11907,2182,1,0.0,0,0.0,0,0.0,0,0.0,0,2182.2,11,0.0,0,0.0,0,0.0,0,0.0,0
2012-11-20T09:20:01.500,2182,11910,2181.8,17,0.0,0,0.0,0,0.0,0,0.0,0,2182,13,0.0,0,0.0,0,0.0,0,0.0,0
2012-11-20T09:20:02.000,2182,11923,2181.8,15,0.0,0,0.0,0,0.0,0,0.0,0,2182,22,0.0,0,0.0,0,0.0,0,0.0,0
2012-11-20T09:20:02.500,2182,11924,2181.8,15,0.0,0,0.0,0,0.0,0,0.0,0,2182,22,0.0,0,0.0,0,0.0,0,0.0,0
2012-11-20T09:20:03.000,2182,11938,2181.8,14,0.0,0,0.0,0,0.0,0,0.0,0,2182,9,0.0,0,0.0,0,0.0,0,0.0,0
2012-11-20T09:20:03.500,2181.8,11949,2182,3,0.0,0,0.0,0,0.0,0,0.0,0,2182.2,14,0.0,0,0.0,0,0.0,0,0.0,0
2012-11-20T09:20:04.000,2181.8,11954,2181.8,19,0.0,0,0.0,0,0.0,0,0.0,0,2182.2,14,0.0,0,0.0,0,0.0,0,0.0,0
2012-11-20T09:20:04.500,2182.2,11975,2182,10,0.0,0,0.0,0,0.0,0,0.0,0,2182.2,28,0.0,0,0.0,0,0.0,0,0.0,0
2012-11-20T09:20:05.000,2182,11978,2182,10,0.0,0,0.0,0,0.0,0,0.0,0,2182.2,36,0.0,0,0.0,0,0.0,0,0.0,0
2012-11-20T09:20:05.500,2182.2,11979,2182,11,0.0,0,0.0,0,0.0,0,0.0,0,2182.2,38,0.0,0,0.0,0,0.0,0,0.0,0
2012-11-20T09:20:06.000,2182,11982,2182,11,0.0,0,0.0,0,0.0,0,0.0,0,2182.2,37,0.0,0,0.0,0,0.0,0,0.0,0
2012-11-20T09:20:06.500,2182,11990,2182,3,0.0,0,0.0,0,0.0,0,0.0,0,2182.2,40,0.0,0,0.0,0,0.0,0,0.0,0
2012-11-20T09:20:07.000,2182,11995,2181.8,44,0.0,0,0.0,0,0.0,0,0.0,0,2182,2,0.0,0,0.0,0,0.0,0,0.0,0
2012-11-20T09:20:07.500,2181.8,11997,2181.8,45,0.0,0,0.0,0,0.0,0,0.0,0,2182,3,0.0,0,0.0,0,0.0,0,0.0,0
2012-11-20T09:20:08.250,2181.8,11998,2181.8,49,0.0,0,0.0,0,0.0,0,0.0,0,2182,10,0.0,0,0.0,0,0.0,0,0.0,0
2012-11-20T09:20:09.000,2182,12007,2181.8,54,0.0,0,0.0,0,0.0,0,0.0,0,2182,17,0.0,0,0.0,0,0.0,0,0.0,0
2012-11-20T09:20:09.500,2182,12008,2181.8,54,0.0,0,0.0,0,0.0,0,0.0,0,2182,16,0.0,0,0.0,0,0.0,0,0.0,0
2012-11-20T09:20:10.000,2182,12012,2181.8,54,0.0,0,0.0,0,0.0,0,0.0,0,2182,21,0.0,0,0.0,0,0.0,0,0.0,0
2012-11-20T09:20:10.500,2181.8,12021,2181.8,70,0.0,0,0.0,0,0.0,0,0.0,0,2182,14,0.0,0,0.0,0,0.0,0,0.0,0
2012-11-20T09:20:11.000,2182,12030,2181.8,56,0.0,0,0.0,0,0.0,0,0.0,0,2182,7,0.0,0,0.0,0,0.0,0,0.0,0
2012-11-20T09:20:11.500,2182,12038,2182,22,0.0,0,0.0,0,0.0,0,0.0,0,2182.2,49,0.0,0,0.0,0,0.0,0,0.0,0
2012-11-20T09:20:12.000,2182,12039,2182,23,0.0,0,0.0,0,0.0,0,0.0,0,2182.2,54,0.0,0,0.0,0,0.0,0,0.0,0
2012-11-20T09:20:12.500,2182,12040,2182,24,0.0,0,0.0,0,0.0,0,0.0,0,2182.2,54,0.0,0,0.0,0,0.0,0,0.0,0
2012-11-20T09:20:13.000,2182,12044,2182,20,0.0,0,0.0,0,0.0,0,0.0,0,2182.2,56,0.0,0,0.0,0,0.0,0,0.0,0
2012-11-20T09:20:13.500,2182,12053,2182,14,0.0,0,0.0,0,0.0,0,0.0,0,2182.2,56,0.0,0,0.0,0,0.0,0,0.0,0
2012-11-20T09:20:14.250,2182.2,12062,2182,16,0.0,0,0.0,0,0.0,0,0.0,0,2182.2,48,0.0,0,0.0,0,0.0,0,0.0,0
2012-11-20T09:20:15.000,2182.2,12064,2182,36,0.0,0,0.0,0,0.0,0,0.0,0,2182.2,47,0.0,0,0.0,0,0.0,0,0.0,0
2012-11-20T09:20:15.500,2182,12065,2182,36,0.0,0,0.0,0,0.0,0,0.0,0,2182.2,48,0.0,0,0.0,0,0.0,0,0.0,0
2012-11-20T09:20:16.000,2182.2,12096,2182,44,0.0,0,0.0,0,0.0,0,0.0,0,2182.2,16,0.0,0,0.0,0,0.0,0,0.0,0
2012-11-20T09:20:16.500,2182.2,12114,2182.2,7,0.0,0,0.0,0,0.0,0,0.0,0,2182.4,35,0.0,0,0.0,0,0.0,0,0.0,0
2012-11-20T09:20:17.000,2182.4,12118,2182.2,13,0.0,0,0.0,0,0.0,0,0.0,0,2182.4,31,0.0,0,0.0,0,0.0,0,0.0,0
2012-11-20T09:20:17.500,2182.4,12127,2182.2,22,0.0,0,0.0,0,0.0,0,0.0,0,2182.4,22,0.0,0,0.0,0,0.0,0,0.0,0
2012-11-20T09:20:18.000,2182.4,12134,2182.2,23,0.0,0,0.0,0,0.0,0,0.0,0,2182.4,18,0.0,0,0.0,0,0.0,0,0.0,0
2012-11-20T09:20:18.500,2182.4,12154,2182.4,1,0.0,0,0.0,0,0.0,0,0.0,0,2182.6,51,0.0,0,0.0,0,0.0,0,0.0,0
2012-11-20T09:20:19.000,2182.6,12161,2182.4,4,0.0,0,0.0,0,0.0,0,0.0,0,2182.6,45,0.0,0,0.0,0,0.0,0,0.0,0
2012-11-20T09:20:19.500,2182.4,12176,2182.2,18,0.0,0,0.0,0,0.0,0,0.0,0,2182.4,16,0.0,0,0.0,0,0.0,0,0.0,0
2012-11-20T09:20:20.000,2182.4,12185,2182.2,17,0.0,0,0.0,0,0.0,0,0.0,0,2182.4,8,0.0,0,0.0,0,0.0,0,0.0,0
2012-11-20T09:20:20.500,2182.4,12189,2182.2,15,0.0,0,0.0,0,0.0,0,0.0,0,2182.4,6,0.0,0,0.0,0,0.0,0,0.0,0
2012-11-20T09:20:21.000,2182.4,12197,2182.2,14,0.0,0,0.0,0,0.0,0,0.0,0,2182.4,20,0.0,0,0.0,0,0.0,0,0.0,0
2012-11-20T09:20:21.500,2182.4,12202,2182.2,5,0.0,0,0.0,0,0.0,0,0.0,0,2182.4,18,0.0,0,0.0,0,0.0,0,0.0,0
2012-11-20T09:20:22.000,2182.4,12208,2182.2,3,0.0,0,0.0,0,0.0,0,0.0,0,2182.4,16,0.0,0,0.0,0,0.0,0,0.0,0
2012-11-20T09:20:22.500,2182.2,12211,2182.2,2,0.0,0,0.0,0,0.0,0,0.0,0,2182.4,15,0.0,0,0.0,0,0.0,0,0.0,0
2012-11-20T09:20:23.000,2182.4,12218,2182.2,4,0.0,0,0.0,0,0.0,0,0.0,0,2182.4,10,0.0,0,0.0,0,0.0,0,0.0,0
2012-11-20T09:20:23.500,2182.4,12238,2182.4,2,0.0,0,0.0,0,0.0,0,0.0,0,2182.6,48,0.0,0,0.0,0,0.0,0,0.0,0
2012-11-20T09:20:24.000,2182.6,12255,2182.4,2,0.0,0,0.0,0,0.0,0,0.0,0,2182.6,34,0.0,0,0.0,0,0.0,0,0.0,0
2012-11-20T09:20:24.500,2182.4,12277,2182.2,4,0.0,0,0.0,0,0.0,0,0.0,0,2182.4,3,0.0,0,0.0,0,0.0,0,0.0,0
2012-11-20T09:20:25.000,2182.4,12293,2182.2,26,0.0,0,0.0,0,0.0,0,0.0,0,2182.4,16,0.0,0,0.0,0,0.0,0,0.0,0
2012-11-20T09:20:25.500,2182.4,12300,2182.2,29,0.0,0,0.0,0,0.0,0,0.0,0,2182.4,11,0.0,0,0.0,0,0.0,0,0.0,0
2012-11-20T09:20:26.000,2182.4,12304,2182.2,29,0.0,0,0.0,0,0.0,0,0.0,0,2182.4,7,0.0,0,0.0,0,0.0,0,0.0,0
2012-11-20T09:20:26.500,2182.6,12311,2182.4,25,0.0,0,0.0,0,0.0,0,0.0,0,2182.6,16,0.0,0,0.0,0,0.0,0,0.0,0
2012-11-20T09:20:27.000,2182.4,12312,2182.4,28,0.0,0,0.0,0,0.0,0,0.0,0,2182.6,17,0.0,0,0.0,0,0.0,0,0.0,0
2012-11-20T09:20:27.500,2182.6,12316,2182.4,29,0.0,0,0.0,0,0.0,0,0.0,0,2182.6,14,0.0,0,0.0,0,0.0,0,0.0,0
2012-11-20T09:20:28.000,2182.6,12320,2182.4,29,0.0,0,0.0,0,0.0,0,0.0,0,2182.6,11,0.0,0,0.0,0,0.0,0,0.0,0
2012-11-20T09:20:28.500,2182.6,12333,2182.6,15,0.0,0,0.0,0,0.0,0,0.0,0,2182.8,55,0.0,0,0.0,0,0.0,0,0.0,0
2012-11-20T09:20:29.000,2182.6,12335,2182.6,21,0.0,0,0.0,0,0.0,0,0.0,0,2182.8,55,0.0,0,0.0,0,0.0,0,0.0,0
2012-11-20T09:20:29.500,2182.8,12336,2182.6,22,0.0,0,0.0,0,0.0,0,0.0,0,2182.8,54,0.0,0,0.0,0,0.0,0,0.0,0
2012-11-20T09:20:30.000,2182.8,12344,2182.6,22,0.0,0,0.0,0,0.0,0,0.0,0,2182.8,47,0.0,0,0.0,0,0.0,0,0.0,0
2012-11-20T09:20:30.500,2183,12395,2182.8,51,0.0,0,0.0,0,0.0,0,0.0,0,2183,110,0.0,0,0.0,0,0.0,0,0.0,0
2012-11-20T09:20:31.000,2183,12405,2182.8,58,0.0,0,0.0,0,0.0,0,0.0,0,2183,101,0.0,0,0.0,0,0.0,0,0.0,0
2012-11-20T09:20:31.500,2183,12433,2182.8,64,0.0,0,0.0,0,0.0,0,0.0,0,2183,86,0.0,0,0.0,0,0.0,0,0.0,0
2012-11-20T09:20:32.000,2183,12439,2182.8,67,0.0,0,0.0,0,0.0,0,0.0,0,2183,80,0.0,0,0.0,0,0.0,0,0.0,0
2012-11-20T09:20:32.500,2183,12512,2182.8,71,0.0,0,0.0,0,0.0,0,0.0,0,2183,10,0.0,0,0.0,0,0.0,0,0.0,0
2012-11-20T09:20:33.000,2183,12555,2183,9,0.0,0,0.0,0,0.0,0,0.0,0,2183.2,13,0.0,0,0.0,0,0.0,0,0.0,0
2012-11-20T09:20:33.500,2183.2,12562,2183,30,0.0,0,0.0,0,0.0,0,0.0,0,2183.2,6,0.0,0,0.0,0,0.0,0,0.0,0
2012-11-20T09:20:34.000,2183.2,12576,2183,31,0.0,0,0.0,0,0.0,0,0.0,0,2183.2,8,0.0,0,0.0,0,0.0,0,0.0,0
2012-11-20T09:20:34.500,2183.4,12589,2183.2,1,0.0,0,0.0,0,0.0,0,0.0,0,2183.4,85,0.0,0,0.0,0,0.0,0,0.0,0
2012-11-20T09:20:35.000,2183.2,12609,2183,50,0.0,0,0.0,0,0.0,0,0.0,0,2183.2,5,0.0,0,0.0,0,0.0,0,0.0,0
2012-11-20T09:20:35.500,2183.2,12620,2183.2,2,0.0,0,0.0,0,0.0,0,0.0,0,2183.4,86,0.0,0,0.0,0,0.0,0,0.0,0
2012-11-20T09:20:36.000,2183.2,12641,2183.2,4,0.0,0,0.0,0,0.0,0,0.0,0,2183.4,68,0.0,0,0.0,0,0.0,0,0.0,0
2012-11-20T09:20:36.500,2183.4,12658,2183.2,5,0.0,0,0.0,0,0.0,0,0.0,0,2183.4,53,0.0,0,0.0,0,0.0,0,0.0,0
2012-11-20T09:20:37.000,2183.4,12703,2183.2,9,0.0,0,0.0,0,0.0,0,0.0,0,2183.4,14,0.0,0,0.0,0,0.0,0,0.0,0
2012-11-20T09:20:37.500,2183.4,12733,2183.2,4,0.0,0,0.0,0,0.0,0,0.0,0,2183.6,56,0.0,0,0.0,0,0.0,0,0.0,0
2012-11-20T09:20:38.000,2183.6,12757,2183.4,6,0.0,0,0.0,0,0.0,0,0.0,0,2183.6,45,0.0,0,0.0,0,0.0,0,0.0,0
2012-11-20T09:20:38.500,2183.4,12783,2183.4,10,0.0,0,0.0,0,0.0,0,0.0,0,2183.6,28,0.0,0,0.0,0,0.0,0,0.0,0
2012-11-20T09:20:39.000,2183.6,12804,2183.4,15,0.0,0,0.0,0,0.0,0,0.0,0,2183.6,15,0.0,0,0.0,0,0.0,0,0.0,0
2012-11-20T09:20:39.500,2183.6,12824,2183.6,28,0.0,0,0.0,0,0.0,0,0.0,0,2183.8,31,0.0,0,0.0,0,0.0,0,0.0,0
2012-11-20T09:20:40.000,2183.8,12847,2183.6,26,0.0,0,0.0,0,0.0,0,0.0,0,2183.8,18,0.0,0,0.0,0,0.0,0,0.0,0
2012-11-20T09:20:40.500,2183.8,12868,2183.6,24,0.0,0,0.0,0,0.0,0,0.0,0,2183.8,2,0.0,0,0.0,0,0.0,0,0.0,0
2012-11-20T09:20:41.000,2183.8,12880,2183.8,14,0.0,0,0.0,0,0.0,0,0.0,0,2184,57,0.0,0,0.0,0,0.0,0,0.0,0
2012-11-20T09:20:41.500,2183.8,12905,2183.8,2,0.0,0,0.0,0,0.0,0,0.0,0,2184,51,0.0,0,0.0,0,0.0,0,0.0,0
2012-11-20T09:20:42.000,2183.8,12929,2183.6,31,0.0,0,0.0,0,0.0,0,0.0,0,2183.8,3,0.0,0,0.0,0,0.0,0,0.0,0
2012-11-20T09:20:42.500,2184,12997,2184,3,0.0,0,0.0,0,0.0,0,0.0,0,2184.2,1,0.0,0,0.0,0,0.0,0,0.0,0
2012-11-20T09:20:43.000,2184,13054,2183.6,29,0.0,0,0.0,0,0.0,0,0.0,0,2184,9,0.0,0,0.0,0,0.0,0,0.0,0
2012-11-20T09:20:43.500,2184,13084,2184,4,0.0,0,0.0,0,0.0,0,0.0,0,2184.2,2,0.0,0,0.0,0,0.0,0,0.0,0
2012-11-20T09:20:44.000,2184,13127,2184,3,0.0,0,0.0,0,0.0,0,0.0,0,2184.2,1,0.0,0,0.0,0,0.0,0,0.0,0
2012-11-20T09:20:44.500,2184,13147,2184.2,4,0.0,0,0.0,0,0.0,0,0.0,0,2184.4,40,0.0,0,0.0,0,0.0,0,0.0,0
2012-11-20T09:20:45.000,2184.2,13168,2183.8,13,0.0,0,0.0,0,0.0,0,0.0,0,2184,20,0.0,0,0.0,0,0.0,0,0.0,0
2012-11-20T09:20:45.500,2184,13189,2183.8,26,0.0,0,0.0,0,0.0,0,0.0,0,2184,1,0.0,0,0.0,0,0.0,0,0.0,0
2012-11-20T09:20:46.000,2184,13205,2183.8,30,0.0,0,0.0,0,0.0,0,0.0,0,2184,3,0.0,0,0.0,0,0.0,0,0.0,0
2012-11-20T09:20:46.500,2183.8,13221,2183.8,29,0.0,0,0.0,0,0.0,0,0.0,0,2184.2,53,0.0,0,0.0,0,0.0,0,0.0,0
2012-11-20T09:20:47.000,2183.8,13237,2183.8,25,0.0,0,0.0,0,0.0,0,0.0,0,2184,5,0.0,0,0.0,0,0.0,0,0.0,0
2012-11-20T09:20:47.500,2184,13269,2184,3,0.0,0,0.0,0,0.0,0,0.0,0,2184.2,52,0.0,0,0.0,0,0.0,0,0.0,0
2012-11-20T09:20:48.000,2184.2,13293,2183.6,23,0.0,0,0.0,0,0.0,0,0.0,0,2183.8,1,0.0,0,0.0,0,0.0,0,0.0,0
2012-11-20T09:20:48.500,2183.6,13308,2183.6,22,0.0,0,0.0,0,0.0,0,0.0,0,2183.8,18,0.0,0,0.0,0,0.0,0,0.0,0
2012-11-20T09:20:49.000,2183.8,13357,2183.8,12,0.0,0,0.0,0,0.0,0,0.0,0,2184,7,0.0,0,0.0,0,0.0,0,0.0,0
2012-11-20T09:20:49.500,2184,13370,2183.8,12,0.0,0,0.0,0,0.0,0,0.0,0,2184,5,0.0,0,0.0,0,0.0,0,0.0,0
2012-11-20T09:20:50.000,2183.8,13381,2183.8,10,0.0,0,0.0,0,0.0,0,0.0,0,2184,12,0.0,0,0.0,0,0.0,0,0.0,0
2012-11-20T09:20:50.500,2183.8,13389,2183.8,8,0.0,0,0.0,0,0.0,0,0.0,0,2184,10,0.0,0,0.0,0,0.0,0,0.0,0
2012-11-20T09:20:51.000,2184,13473,2184,6,0.0,0,0.0,0,0.0,0,0.0,0,2184.2,5,0.0,0,0.0,0,0.0,0,0.0,0
2012-11-20T09:20:51.500,2184.2,13480,2184,6,0.0,0,0.0,0,0.0,0,0.0,0,2184.2,2,0.0,0,0.0,0,0.0,0,0.0,0
2012-11-20T09:20:52.000,2184.2,13502,2184.2,3,0.0,0,0.0,0,0.0,0,0.0,0,2184.4,55,0.0,0,0.0,0,0.0,0,0.0,0
2012-11-20T09:20:52.500,2184,13509,2184,10,0.0,0,0.0,0,0.0,0,0.0,0,2184.2,3,0.0,0,0.0,0,0.0,0,0.0,0
2012-11-20T09:20:53.000,2184,13534,2183.8,75,0.0,0,0.0,0,0.0,0,0.0,0,2184,14,0.0,0,0.0,0,0.0,0,0.0,0
2012-11-20T09:20:53.500,2184.2,13554,2184,14,0.0,0,0.0,0,0.0,0,0.0,0,2184.2,1,0.0,0,0.0,0,0.0,0,0.0,0
2012-11-20T09:20:54.000,2184.2,13571,2184.2,25,0.0,0,0.0,0,0.0,0,0.0,0,2184.4,52,0.0,0,0.0,0,0.0,0,0.0,0
2012-11-20T09:20:54.500,2184.4,13600,2184.2,48,0.0,0,0.0,0,0.0,0,0.0,0,2184.4,37,0.0,0,0.0,0,0.0,0,0.0,0
2012-11-20T09:20:55.000,2184.4,13648,2184.2,34,0.0,0,0.0,0,0.0,0,0.0,0,2184.4,3,0.0,0,0.0,0,0.0,0,0.0,0
2012-11-20T09:20:55.500,2184.4,13664,2184.4,37,0.0,0,0.0,0,0.0,0,0.0,0,2184.6,96,0.0,0,0.0,0,0.0,0,0.0,0
2012-11-20T09:20:56.000,2184.4,13720,2184.4,28,0.0,0,0.0,0,0.0,0,0.0,0,2184.6,59,0.0,0,0.0,0,0.0,0,0.0,0
2012-11-20T09:20:56.500,2184.6,13745,2184.4,29,0.0,0,0.0,0,0.0,0,0.0,0,2184.6,53,0.0,0,0.0,0,0.0,0,0.0,0
2012-11-20T09:20:57.000,2184.4,13788,2184.4,16,0.0,0,0.0,0,0.0,0,0.0,0,2184.6,40,0.0,0,0.0,0,0.0,0,0.0,0
2012-11-20T09:20:57.500,2184.4,13811,2184.4,4,0.0,0,0.0,0,0.0,0,0.0,0,2184.6,50,0.0,0,0.0,0,0.0,0,0.0,0
2012-11-20T09:20:58.000,2184.4,13834,2184.2,27,0.0,0,0.0,0,0.0,0,0.0,0,2184.4,34,0.0,0,0.0,0,0.0,0,0.0,0
2012-11-20T09:20:58.500,2184.4,13856,2184.2,17,0.0,0,0.0,0,0.0,0,0.0,0,2184.4,47,0.0,0,0.0,0,0.0,0,0.0,0
2012-11-20T09:20:59.000,2184,13890,2184,24,0.0,0,0.0,0,0.0,0,0.0,0,2184.4,47,0.0,0,0.0,0,0.0,0,0.0,0
2012-11-20T09:20:59.500,2184.4,13941,2184,15,0.0,0,0.0,0,0.0,0,0.0,0,2184.2,2,0.0,0,0.0,0,0.0,0,0.0,0
2012-11-20T09:21:00.000,2184.4,13985,2184,7,0.0,0,0.0,0,0.0,0,0.0,0,2184.2,2,0.0,0,0.0,0,0.0,0,0.0,0
2012-11-20T09:21:00.500,2183.8,14010,2183.8,41,0.0,0,0.0,0,0.0,0,0.0,0,2184,35,0.0,0,0.0,0,0.0,0,0.0,0
2012-11-20T09:21:01.000,2183.8,14033,2183.8,34,0.0,0,0.0,0,0.0,0,0.0,0,2184,45,0.0,0,0.0,0,0.0,0,0.0,0
2012-11-20T09:21:01.500,2184,14067,2183.8,30,0.0,0,0.0,0,0.0,0,0.0,0,2184,16,0.0,0,0.0,0,0.0,0,0.0,0
2012-11-20T09:21:02.000,2183.8,14120,2183.6,12,0.0,0,0.0,0,0.0,0,0.0,0,2183.8,1,0.0,0,0.0,0,0.0,0,0.0,0
2012-11-20T09:21:02.500,2183.8,14131,2183.6,12,0.0,0,0.0,0,0.0,0,0.0,0,2183.8,1,0.0,0,0.0,0,0.0,0,0.0,0
2012-11-20T09:21:03.000,2184,14141,2184,10,0.0,0,0.0,0,0.0,0,0.0,0,2184.2,11,0.0,0,0.0,0,0.0,0,0.0,0
2012-11-20T09:21:03.500,2184,14145,2184,11,0.0,0,0.0,0,0.0,0,0.0,0,2184.2,17,0.0,0,0.0,0,0.0,0,0.0,0
2012-11-20T09:21:04.000,2184.2,14174,2184,7,0.0,0,0.0,0,0.0,0,0.0,0,2184.2,1,0.0,0,0.0,0,0.0,0,0.0,0
2012-11-20T09:21:04.500,2184,14192,2183.8,10,0.0,0,0.0,0,0.0,0,0.0,0,2184,7,0.0,0,0.0,0,0.0,0,0.0,0
2012-11-20T09:21:05.000,2184.2,14203,2184.2,4,0.0,0,0.0,0,0.0,0,0.0,0,2184.4,21,0.0,0,0.0,0,0.0,0,0.0,0
2012-11-20T09:21:05.500,2184.4,14210,2184.2,1,0.0,0,0.0,0,0.0,0,0.0,0,2184.4,19,0.0,0,0.0,0,0.0,0,0.0,0
2012-11-20T09:21:06.000,2184,14233,2183.8,19,0.0,0,0.0,0,0.0,0,0.0,0,2184,1,0.0,0,0.0,0,0.0,0,0.0,0
2012-11-20T09:21:06.500,2184.2,14262,2184,16,0.0,0,0.0,0,0.0,0,0.0,0,2184.2,4,0.0,0,0.0,0,0.0,0,0.0,0
2012-11-20T09:21:07.000,2183.8,14302,2184,17,0.0,0,0.0,0,0.0,0,0.0,0,2184.2,3,0.0,0,0.0,0,0.0,0,0.0,0
2012-11-20T09:21:07.500,2184.2,14339,2184,21,0.0,0,0.0,0,0.0,0,0.0,0,2184.2,41,0.0,0,0.0,0,0.0,0,0.0,0
2012-11-20T09:21:08.000,2184.2,14356,2184,11,0.0,0,0.0,0,0.0,0,0.0,0,2184.2,36,0.0,0,0.0,0,0.0,0,0.0,0
2012-11-20T09:21:08.500,2184,14374,2183.8,11,0.0,0,0.0,0,0.0,0,0.0,0,2184,7,0.0,0,0.0,0,0.0,0,0.0,0
2012-11-20T09:21:09.000,2183.8,14398,2183.6,27,0.0,0,0.0,0,0.0,0,0.0,0,2183.8,3,0.0,0,0.0,0,0.0,0,0.0,0
2012-11-20T09:21:09.500,2183.8,14412,2183.6,20,0.0,0,0.0,0,0.0,0,0.0,0,2183.8,4,0.0,0,0.0,0,0.0,0,0.0,0
2012-11-20T09:21:10.000,2184,14429,2183.6,18,0.0,0,0.0,0,0.0,0,0.0,0,2184,21,0.0,0,0.0,0,0.0,0,0.0,0
2012-11-20T09:21:10.500,2183.4,14454,2183.4,29,0.0,0,0.0,0,0.0,0,0.0,0,2184,32,0.0,0,0.0,0,0.0,0,0.0,0
2012-11-20T09:21:11.000,2183.6,14458,2183.6,1,0.0,0,0.0,0,0.0,0,0.0,0,2184,49,0.0,0,0.0,0,0.0,0,0.0,0
2012-11-20T09:21:11.500,2183.4,14460,2183.6,3,0.0,0,0.0,0,0.0,0,0.0,0,2183.8,9,0.0,0,0.0,0,0.0,0,0.0,0
2012-11-20T09:21:12.000,2183.6,14465,2183.4,28,0.0,0,0.0,0,0.0,0,0.0,0,2183.6,1,0.0,0,0.0,0,0.0,0,0.0,0
2012-11-20T09:21:12.500,2183.6,14472,2183.4,27,0.0,0,0.0,0,0.0,0,0.0,0,2183.6,2,0.0,0,0.0,0,0.0,0,0.0,0
2012-11-20T09:21:13.000,2183.4,14491,2183.4,17,0.0,0,0.0,0,0.0,0,0.0,0,2183.8,29,0.0,0,0.0,0,0.0,0,0.0,0
2012-11-20T09:21:13.500,2183.4,14507,2183.4,5,0.0,0,0.0,0,0.0,0,0.0,0,2183.6,2,0.0,0,0.0,0,0.0,0,0.0,0
2012-11-20T09:21:14.000,2183.6,14518,2183.4,1,0.0,0,0.0,0,0.0,0,0.0,0,2183.6,4,0.0,0,0.0,0,0.0,0,0.0,0
2012-11-20T09:21:14.500,2183.2,14527,2183,37,0.0,0,0.0,0,0.0,0,0.0,0,2183.2,1,0.0,0,0.0,0,0.0,0,0.0,0
2012-11-20T09:21:15.000,2183.6,14552,2183.4,1,0.0,0,0.0,0,0.0,0,0.0,0,2183.6,4,0.0,0,0.0,0,0.0,0,0.0,0
2012-11-20T09:21:15.500,2183.6,14557,2183.2,6,0.0,0,0.0,0,0.0,0,0.0,0,2183.6,11,0.0,0,0.0,0,0.0,0,0.0,0
2012-11-20T09:21:16.250,2183.2,14560,2183.2,11,0.0,0,0.0,0,0.0,0,0.0,0,2183.4,3,0.0,0,0.0,0,0.0,0,0.0,0
2012-11-20T09:21:17.000,2183.2,14567,2183.2,6,0.0,0,0.0,0,0.0,0,0.0,0,2183.4,2,0.0,0,0.0,0,0.0,0,0.0,0
2012-11-20T09:21:17.500,2183.4,14576,2183,21,0.0,0,0.0,0,0.0,0,0.0,0,2183.2,2,0.0,0,0.0,0,0.0,0,0.0,0
2012-11-20T09:21:18.000,2183.4,14583,2183.4,32,0.0,0,0.0,0,0.0,0,0.0,0,2183.6,23,0.0,0,0.0,0,0.0,0,0.0,0
2012-11-20T09:21:18.500,2183.4,14586,2183.4,32,0.0,0,0.0,0,0.0,0,0.0,0,2183.6,22,0.0,0,0.0,0,0.0,0,0.0,0
2012-11-20T09:21:19.000,2183.6,14587,2183.4,35,0.0,0,0.0,0,0.0,0,0.0,0,2183.6,9,0.0,0,0.0,0,0.0,0,0.0,0
2012-11-20T09:21:19.500,2183.6,14603,2183.6,3,0.0,0,0.0,0,0.0,0,0.0,0,2183.8,8,0.0,0,0.0,0,0.0,0,0.0,0
2012-11-20T09:21:20.250,2183.6,14607,2183.6,5,0.0,0,0.0,0,0.0,0,0.0,0,2183.8,10,0.0,0,0.0,0,0.0,0,0.0,0
2012-11-20T09:21:21.000,2183.4,14619,2183.4,49,0.0,0,0.0,0,0.0,0,0.0,0,2183.6,10,0.0,0,0.0,0,0.0,0,0.0,0
2012-11-20T09:21:21.500,2183.6,14622,2183.4,49,0.0,0,0.0,0,0.0,0,0.0,0,2183.6,10,0.0,0,0.0,0,0.0,0,0.0,0
2012-11-20T09:21:22.000,2183.4,14625,2183.4,77,0.0,0,0.0,0,0.0,0,0.0,0,2183.6,9,0.0,0,0.0,0,0.0,0,0.0,0
2012-11-20T09:21:22.500,2183.4,14638,2183.4,76,0.0,0,0.0,0,0.0,0,0.0,0,2183.6,1,0.0,0,0.0,0,0.0,0,0.0,0
2012-11-20T09:21:23.000,2183.6,14644,2183.6,16,0.0,0,0.0,0,0.0,0,0.0,0,2183.8,10,0.0,0,0.0,0,0.0,0,0.0,0
2012-11-20T09:21:23.500,2183.8,14649,2183.6,19,0.0,0,0.0,0,0.0,0,0.0,0,2183.8,13,0.0,0,0.0,0,0.0,0,0.0,0
2012-11-20T09:21:24.000,2183.6,14655,2183.6,27,0.0,0,0.0,0,0.0,0,0.0,0,2183.8,28,0.0,0,0.0,0,0.0,0,0.0,0
2012-11-20T09:21:24.500,2183.6,14661,2183.6,24,0.0,0,0.0,0,0.0,0,0.0,0,2183.8,28,0.0,0,0.0,0,0.0,0,0.0,0
2012-11-20T09:21:25.000,2183.6,14663,2183.6,18,0.0,0,0.0,0,0.0,0,0.0,0,2183.8,29,0.0,0,0.0,0,0.0,0,0.0,0
2012-11-20T09:21:25.500,2183.6,14664,2183.6,17,0.0,0,0.0,0,0.0,0,0.0,0,2183.8,41,0.0,0,0.0,0,0.0,0,0.0,0
2012-11-20T09:21:26.000,2183.6,14678,2183.6,16,0.0,0,0.0,0,0.0,0,0.0,0,2183.8,33,0.0,0,0.0,0,0.0,0,0.0,0
2012-11-20T09:21:26.500,2183.6,14684,2183.6,17,0.0,0,0.0,0,0.0,0,0.0,0,2183.8,29,0.0,0,0.0,0,0.0,0,0.0,0
2012-11-20T09:21:27.000,2183.6,14688,2183.6,14,0.0,0,0.0,0,0.0,0,0.0,0,2183.8,29,0.0,0,0.0,0,0.0,0,0.0,0
2012-11-20T09:21:27.500,2183.8,14691,2183.6,14,0.0,0,0.0,0,0.0,0,0.0,0,2183.8,29,0.0,0,0.0,0,0.0,0,0.0,0
2012-11-20T09:21:28.000,2183.6,14692,2183.6,13,0.0,0,0.0,0,0.0,0,0.0,0,2183.8,29,0.0,0,0.0,0,0.0,0,0.0,0
2012-11-20T09:21:28.500,2183.6,14695,2183.6,22,0.0,0,0.0,0,0.0,0,0.0,0,2183.8,31,0.0,0,0.0,0,0.0,0,0.0,0
2012-11-20T09:21:29.000,2183.6,14698,2183.6,20,0.0,0,0.0,0,0.0,0,0.0,0,2183.8,30,0.0,0,0.0,0,0.0,0,0.0,0
2012-11-20T09:21:29.500,2183.6,14711,2183.6,21,0.0,0,0.0,0,0.0,0,0.0,0,2183.8,24,0.0,0,0.0,0,0.0,0,0.0,0
2012-11-20T09:21:30.000,2183.6,14717,2183.6,22,0.0,0,0.0,0,0.0,0,0.0,0,2183.8,30,0.0,0,0.0,0,0.0,0,0.0,0
2012-11-20T09:21:30.500,2183.8,14721,2183.6,20,0.0,0,0.0,0,0.0,0,0.0,0,2183.8,30,0.0,0,0.0,0,0.0,0,0.0,0
2012-11-20T09:21:31.000,2183.8,14725,2183.6,24,0.0,0,0.0,0,0.0,0,0.0,0,2183.8,29,0.0,0,0.0,0,0.0,0,0.0,0
2012-11-20T09:21:31.500,2183.8,14734,2183.6,17,0.0,0,0.0,0,0.0,0,0.0,0,2183.8,27,0.0,0,0.0,0,0.0,0,0.0,0
2012-11-20T09:21:32.000,2183.8,14770,2183.8,3,0.0,0,0.0,0,0.0,0,0.0,0,2184,56,0.0,0,0.0,0,0.0,0,0.0,0
2012-11-20T09:21:32.500,2184,14776,2183.8,1,0.0,0,0.0,0,0.0,0,0.0,0,2184,52,0.0,0,0.0,0,0.0,0,0.0,0
2012-11-20T09:21:33.000,2183.6,14780,2183.8,1,0.0,0,0.0,0,0.0,0,0.0,0,2184,52,0.0,0,0.0,0,0.0,0,0.0,0
2012-11-20T09:21:33.500,2183.8,14782,2183.8,2,0.0,0,0.0,0,0.0,0,0.0,0,2184,52,0.0,0,0.0,0,0.0,0,0.0,0
2012-11-20T09:21:34.000,2183.8,14784,2183.6,7,0.0,0,0.0,0,0.0,0,0.0,0,2184,52,0.0,0,0.0,0,0.0,0,0.0,0
2012-11-20T09:21:34.500,2184,14788,2183.6,8,0.0,0,0.0,0,0.0,0,0.0,0,2184,52,0.0,0,0.0,0,0.0,0,0.0,0
2012-11-20T09:21:35.000,2184,14791,2183.6,12,0.0,0,0.0,0,0.0,0,0.0,0,2184,50,0.0,0,0.0,0,0.0,0,0.0,0
2012-11-20T09:21:35.500,2183.8,14793,2183.8,2,0.0,0,0.0,0,0.0,0,0.0,0,2184,50,0.0,0,0.0,0,0.0,0,0.0,0
2012-11-20T09:21:36.000,2183.8,14795,2183.6,18,0.0,0,0.0,0,0.0,0,0.0,0,2183.8,1,0.0,0,0.0,0,0.0,0,0.0,0
2012-11-20T09:21:36.500,2183.6,14800,2183.6,20,0.0,0,0.0,0,0.0,0,0.0,0,2183.8,2,0.0,0,0.0,0,0.0,0,0.0,0
2012-11-20T09:21:37.000,2183.8,14803,2183.6,21,0.0,0,0.0,0,0.0,0,0.0,0,2183.8,1,0.0,0,0.0,0,0.0,0,0.0,0
2012-11-20T09:21:37.500,2183.8,14808,2183.8,2,0.0,0,0.0,0,0.0,0,0.0,0,2184,49,0.0,0,0.0,0,0.0,0,0.0,0
2012-11-20T09:21:38.000,2184,14810,2183.8,2,0.0,0,0.0,0,0.0,0,0.0,0,2184,49,0.0,0,0.0,0,0.0,0,0.0,0
2012-11-20T09:21:38.500,2183.6,14829,2183.6,16,0.0,0,0.0,0,0.0,0,0.0,0,2184,46,0.0,0,0.0,0,0.0,0,0.0,0
2012-11-20T09:21:39.000,2183.6,14830,2183.6,21,0.0,0,0.0,0,0.0,0,0.0,0,2184,46,0.0,0,0.0,0,0.0,0,0.0,0
2012-11-20T09:21:39.500,2183.8,14839,2183.6,18,0.0,0,0.0,0,0.0,0,0.0,0,2184,46,0.0,0,0.0,0,0.0,0,0.0,0
2012-11-20T09:21:40.000,2184,14842,2183.6,18,0.0,0,0.0,0,0.0,0,0.0,0,2184,45,0.0,0,0.0,0,0.0,0,0.0,0
2012-11-20T09:21:40.500,2184,14845,2183.6,18,0.0,0,0.0,0,0.0,0,0.0,0,2183.8,4,0.0,0,0.0,0,0.0,0,0.0,0
2012-11-20T09:21:41.000,2183.6,14847,2183.6,20,0.0,0,0.0,0,0.0,0,0.0,0,2183.8,5,0.0,0,0.0,0,0.0,0,0.0,0
2012-11-20T09:21:41.500,2183.8,14857,2183.8,5,0.0,0,0.0,0,0.0,0,0.0,0,2184,49,0.0,0,0.0,0,0.0,0,0.0,0
2012-11-20T09:21:42.250,2183.8,14859,2183.8,9,0.0,0,0.0,0,0.0,0,0.0,0,2184,50,0.0,0,0.0,0,0.0,0,0.0,0
2012-11-20T09:21:43.000,2184,14860,2183.8,17,0.0,0,0.0,0,0.0,0,0.0,0,2184,49,0.0,0,0.0,0,0.0,0,0.0,0
2012-11-20T09:21:43.500,2183.8,14864,2183.8,17,0.0,0,0.0,0,0.0,0,0.0,0,2184,47,0.0,0,0.0,0,0.0,0,0.0,0
2012-11-20T09:21:44.000,2184,14868,2183.8,23,0.0,0,0.0,0,0.0,0,0.0,0,2184,45,0.0,0,0.0,0,0.0,0,0.0,0
2012-11-20T09:21:44.500,2183.8,14872,2183.8,22,0.0,0,0.0,0,0.0,0,0.0,0,2184,43,0.0,0,0.0,0,0.0,0,0.0,0
2012-11-20T09:21:45.000,2184,14899,2183.8,21,0.0,0,0.0,0,0.0,0,0.0,0,2184,18,0.0,0,0.0,0,0.0,0,0.0,0
2012-11-20T09:21:45.500,2184,14910,2183.8,18,0.0,0,0.0,0,0.0,0,0.0,0,2184,12,0.0,0,0.0,0,0.0,0,0.0,0
2012-11-20T09:21:46.000,2184,14923,2184,21,0.0,0,0.0,0,0.0,0,0.0,0,2184.2,55,0.0,0,0.0,0,0.0,0,0.0,0
2012-11-20T09:21:46.500,2184,14938,2184,25,0.0,0,0.0,0,0.0,0,0.0,0,2184.2,48,0.0,0,0.0,0,0.0,0,0.0,0
2012-11-20T09:21:47.000,2184,14962,2184,4,0.0,0,0.0,0,0.0,0,0.0,0,2184.2,47,0.0,0,0.0,0,0.0,0,0.0,0
2012-11-20T09:21:47.500,2184,14967,2184,7,0.0,0,0.0,0,0.0,0,0.0,0,2184.2,43,0.0,0,0.0,0,0.0,0,0.0,0
2012-11-20T09:21:48.000,2184,14975,2183.8,20,0.0,0,0.0,0,0.0,0,0.0,0,2184,24,0.0,0,0.0,0,0.0,0,0.0,0
2012-11-20T09:21:48.500,2183.8,14989,2183.8,19,0.0,0,0.0,0,0.0,0,0.0,0,2184,17,0.0,0,0.0,0,0.0,0,0.0,0
2012-11-20T09:21:49.250,2184,15012,2184,29,0.0,0,0.0,0,0.0,0,0.0,0,2184.2,60,0.0,0,0.0,0,0.0,0,0.0,0
2012-11-20T09:21:50.000,2184,15030,2184,15,0.0,0,0.0,0,0.0,0,0.0,0,2184.2,61,0.0,0,0.0,0,0.0,0,0.0,0
2012-11-20T09:21:50.500,2184,15038,2184,9,0.0,0,0.0,0,0.0,0,0.0,0,2184.2,60,0.0,0,0.0,0,0.0,0,0.0,0
2012-11-20T09:21:51.000,2184,15041,2184,8,0.0,0,0.0,0,0.0,0,0.0,0,2184.2,58,0.0,0,0.0,0,0.0,0,0.0,0
2012-11-20T09:21:51.500,2184,15051,2183.8,20,0.0,0,0.0,0,0.0,0,0.0,0,2184,3,0.0,0,0.0,0,0.0,0,0.0,0
2012-11-20T09:21:52.000,2183.8,15055,2183.8,17,0.0,0,0.0,0,0.0,0,0.0,0,2184,6,0.0,0,0.0,0,0.0,0,0.0,0
2012-11-20T09:21:52.500,2184,15057,2183.8,16,0.0,0,0.0,0,0.0,0,0.0,0,2184,9,0.0,0,0.0,0,0.0,0,0.0,0
2012-11-20T09:21:53.000,2183.8,15062,2183.8,12,0.0,0,0.0,0,0.0,0,0.0,0,2184,52,0.0,0,0.0,0,0.0,0,0.0,0
2012-11-20T09:21:53.500,2184,15066,2183.8,13,0.0,0,0.0,0,0.0,0,0.0,0,2184,49,0.0,0,0.0,0,0.0,0,0.0,0
2012-11-20T09:21:54.000,2183.8,15087,2183.6,59,0.0,0,0.0,0,0.0,0,0.0,0,2183.8,6,0.0,0,0.0,0,0.0,0,0.0,0
2012-11-20T09:21:54.500,2183.6,15103,2183.6,64,0.0,0,0.0,0,0.0,0,0.0,0,2183.8,2,0.0,0,0.0,0,0.0,0,0.0,0
2012-11-20T09:21:55.000,2183.8,15107,2183.8,1,0.0,0,0.0,0,0.0,0,0.0,0,2184,52,0.0,0,0.0,0,0.0,0,0.0,0
2012-11-20T09:21:55.500,2183.8,15108,2183.6,63,0.0,0,0.0,0,0.0,0,0.0,0,2184,55,0.0,0,0.0,0,0.0,0,0.0,0
2012-11-20T09:21:56.000,2183.8,15109,2183.6,50,0.0,0,0.0,0,0.0,0,0.0,0,2183.8,3,0.0,0,0.0,0,0.0,0,0.0,0
2012-11-20T09:21:56.500,2183.6,15110,2183.6,50,0.0,0,0.0,0,0.0,0,0.0,0,2183.8,8,0.0,0,0.0,0,0.0,0,0.0,0
2012-11-20T09:21:57.000,2183.6,15127,2183.6,44,0.0,0,0.0,0,0.0,0,0.0,0,2183.8,3,0.0,0,0.0,0,0.0,0,0.0,0
2012-11-20T09:21:57.500,2183.8,15138,2183.6,35,0.0,0,0.0,0,0.0,0,0.0,0,2183.8,14,0.0,0,0.0,0,0.0,0,0.0,0
2012-11-20T09:21:58.000,2183.8,15158,2183.8,3,0.0,0,0.0,0,0.0,0,0.0,0,2184,67,0.0,0,0.0,0,0.0,0,0.0,0
2012-11-20T09:21:58.500,2184,15162,2183.6,34,0.0,0,0.0,0,0.0,0,0.0,0,2184,73,0.0,0,0.0,0,0.0,0,0.0,0
2012-11-20T09:21:59.000,2183.8,15163,2183.6,49,0.0,0,0.0,0,0.0,0,0.0,0,2183.8,2,0.0,0,0.0,0,0.0,0,0.0,0
2012-11-20T09:21:59.500,2183.8,15165,2183.6,61,0.0,0,0.0,0,0.0,0,0.0,0,2183.8,1,0.0,0,0.0,0,0.0,0,0.0,0
2012-11-20T09:22:00.000,2183.8,15172,2183.8,8,0.0,0,0.0,0,0.0,0,0.0,0,2184,77,0.0,0,0.0,0,0.0,0,0.0,0
2012-11-20T09:22:00.500,2183.8,15177,2183.8,6,0.0,0,0.0,0,0.0,0,0.0,0,2184,78,0.0,0,0.0,0,0.0,0,0.0,0
2012-11-20T09:22:01.000,2184,15192,2183.8,8,0.0,0,0.0,0,0.0,0,0.0,0,2184,83,0.0,0,0.0,0,0.0,0,0.0,0
2012-11-20T09:22:01.500,2184,15196,2183.8,11,0.0,0,0.0,0,0.0,0,0.0,0,2184,82,0.0,0,0.0,0,0.0,0,0.0,0
2012-11-20T09:22:02.000,2183.8,15208,2183.6,177,0.0,0,0.0,0,0.0,0,0.0,0,2183.8,14,0.0,0,0.0,0,0.0,0,0.0,0
2012-11-20T09:22:02.500,2183.8,15220,2183.6,178,0.0,0,0.0,0,0.0,0,0.0,0,2183.8,3,0.0,0,0.0,0,0.0,0,0.0,0
2012-11-20T09:22:03.000,2184,15293,2183.8,13,0.0,0,0.0,0,0.0,0,0.0,0,2184,20,0.0,0,0.0,0,0.0,0,0.0,0
2012-11-20T09:22:03.500,2183.8,15309,2183.8,8,0.0,0,0.0,0,0.0,0,0.0,0,2184,8,0.0,0,0.0,0,0.0,0,0.0,0
2012-11-20T09:22:04.000,2184,15318,2184,37,0.0,0,0.0,0,0.0,0,0.0,0,2184.2,63,0.0,0,0.0,0,0.0,0,0.0,0
2012-11-20T09:22:04.500,2184,15321,2184,37,0.0,0,0.0,0,0.0,0,0.0,0,2184.2,61,0.0,0,0.0,0,0.0,0,0.0,0
2012-11-20T09:22:05.000,2184,15322,2184,36,0.0,0,0.0,0,0.0,0,0.0,0,2184.2,61,0.0,0,0.0,0,0.0,0,0.0,0
2012-11-20T09:22:05.500,2184,15324,2184,28,0.0,0,0.0,0,0.0,0,0.0,0,2184.2,63,0.0,0,0.0,0,0.0,0,0.0,0
2012-11-20T09:22:06.000,2184,15332,2184,22,0.0,0,0.0,0,0.0,0,0.0,0,2184.2,62,0.0,0,0.0,0,0.0,0,0.0,0
2012-11-20T09:22:06.500,2184.2,15337,2184,20,0.0,0,0.0,0,0.0,0,0.0,0,2184.2,60,0.0,0,0.0,0,0.0,0,0.0,0
2012-11-20T09:22:07.000,2184.2,15355,2184,5,0.0,0,0.0,0,0.0,0,0.0,0,2184.2,57,0.0,0,0.0,0,0.0,0,0.0,0
2012-11-20T09:22:07.500,2184,15357,2184,5,0.0,0,0.0,0,0.0,0,0.0,0,2184.2,58,0.0,0,0.0,0,0.0,0,0.0,0
2012-11-20T09:22:08.000,2184.2,15366,2184,2,0.0,0,0.0,0,0.0,0,0.0,0,2184.2,54,0.0,0,0.0,0,0.0,0,0.0,0
2012-11-20T09:22:08.500,2184.2,15380,2183.8,36,0.0,0,0.0,0,0.0,0,0.0,0,2184.2,53,0.0,0,0.0,0,0.0,0,0.0,0
2012-11-20T09:22:09.000,2184.2,15388,2184,10,0.0,0,0.0,0,0.0,0,0.0,0,2184.2,48,0.0,0,0.0,0,0.0,0,0.0,0
2012-11-20T09:22:09.500,2184.2,15407,2184,11,0.0,0,0.0,0,0.0,0,0.0,0,2184.2,32,0.0,0,0.0,0,0.0,0,0.0,0
2012-11-20T09:22:10.000,2184.2,15418,2184,11,0.0,0,0.0,0,0.0,0,0.0,0,2184.2,23,0.0,0,0.0,0,0.0,0,0.0,0
2012-11-20T09:22:10.500,2184,15437,2184,6,0.0,0,0.0,0,0.0,0,0.0,0,2184.2,10,0.0,0,0.0,0,0.0,0,0.0,0
2012-11-20T09:22:11.000,2184,15459,2184.2,3,0.0,0,0.0,0,0.0,0,0.0,0,2184.4,26,0.0,0,0.0,0,0.0,0,0.0,0
2012-11-20T09:22:11.500,2184.2,15461,2184.2,3,0.0,0,0.0,0,0.0,0,0.0,0,2184.4,26,0.0,0,0.0,0,0.0,0,0.0,0
2012-11-20T09:22:12.000,2184.2,15462,2184.2,11,0.0,0,0.0,0,0.0,0,0.0,0,2184.4,26,0.0,0,0.0,0,0.0,0,0.0,0
2012-11-20T09:22:12.500,2184.4,15495,2184.2,11,0.0,0,0.0,0,0.0,0,0.0,0,2184.4,2,0.0,0,0.0,0,0.0,0,0.0,0
2012-11-20T09:22:13.000,2184.6,15502,2184.4,9,0.0,0,0.0,0,0.0,0,0.0,0,2184.6,60,0.0,0,0.0,0,0.0,0,0.0,0
2012-11-20T09:22:13.500,2184.6,15562,2184.6,10,0.0,0,0.0,0,0.0,0,0.0,0,2184.8,95,0.0,0,0.0,0,0.0,0,0.0,0
2012-11-20T09:22:14.000,2184.6,15585,2184.6,12,0.0,0,0.0,0,0.0,0,0.0,0,2184.8,73,0.0,0,0.0,0,0.0,0,0.0,0
2012-11-20T09:22:14.500,2184.8,15643,2184.6,19,0.0,0,0.0,0,0.0,0,0.0,0,2184.8,31,0.0,0,0.0,0,0.0,0,0.0,0
2012-11-20T09:22:15.000,2184.8,15694,2184.8,2,0.0,0,0.0,0,0.0,0,0.0,0,2185,128,0.0,0,0.0,0,0.0,0,0.0,0
2012-11-20T09:22:15.500,2185,15740,2184.8,3,0.0,0,0.0,0,0.0,0,0.0,0,2185,87,0.0,0,0.0,0,0.0,0,0.0,0
2012-11-20T09:22:16.000,2184.8,15818,2184.8,2,0.0,0,0.0,0,0.0,0,0.0,0,2185,44,0.0,0,0.0,0,0.0,0,0.0,0
2012-11-20T09:22:16.500,2185,15852,2184.8,21,0.0,0,0.0,0,0.0,0,0.0,0,2185,11,0.0,0,0.0,0,0.0,0,0.0,0
2012-11-20T09:22:17.000,2185,15905,2185,19,0.0,0,0.0,0,0.0,0,0.0,0,2185.2,66,0.0,0,0.0,0,0.0,0,0.0,0
2012-11-20T09:22:17.500,2185,15954,2185,6,0.0,0,0.0,0,0.0,0,0.0,0,2185.2,52,0.0,0,0.0,0,0.0,0,0.0,0
2012-11-20T09:22:18.000,2185,16036,2184.8,23,0.0,0,0.0,0,0.0,0,0.0,0,2185,56,0.0,0,0.0,0,0.0,0,0.0,0
2012-11-20T09:22:18.500,2185,16106,2184.8,1,0.0,0,0.0,0,0.0,0,0.0,0,2185,20,0.0,0,0.0,0,0.0,0,0.0,0
2012-11-20T09:22:19.000,2185,16152,2184.6,5,0.0,0,0.0,0,0.0,0,0.0,0,2184.8,3,0.0,0,0.0,0,0.0,0,0.0,0
2012-11-20T09:22:19.500,2185.2,16214,2184.8,1,0.0,0,0.0,0,0.0,0,0.0,0,2185,1,0.0,0,0.0,0,0.0,0,0.0,0
2012-11-20T09:22:20.000,2185.2,16232,2185,1,0.0,0,0.0,0,0.0,0,0.0,0,2185.2,20,0.0,0,0.0,0,0.0,0,0.0,0
2012-11-20T09:22:20.500,2184.8,16243,2184.8,8,0.0,0,0.0,0,0.0,0,0.0,0,2185.2,17,0.0,0,0.0,0,0.0,0,0.0,0
2012-11-20T09:22:21.000,2185.2,16266,2185,3,0.0,0,0.0,0,0.0,0,0.0,0,2185.2,6,0.0,0,0.0,0,0.0,0,0.0,0
2012-11-20T09:22:21.500,2185,16348,2184.2,12,0.0,0,0.0,0,0.0,0,0.0,0,2185,23,0.0,0,0.0,0,0.0,0,0.0,0
2012-11-20T09:22:22.000,2184.4,16404,2184.4,1,0.0,0,0.0,0,0.0,0,0.0,0,2184.8,25,0.0,0,0.0,0,0.0,0,0.0,0
2012-11-20T09:22:22.500,2184,16421,2184,11,0.0,0,0.0,0,0.0,0,0.0,0,2184.6,5,0.0,0,0.0,0,0.0,0,0.0,0
2012-11-20T09:22:23.000,2184.4,16437,2184,11,0.0,0,0.0,0,0.0,0,0.0,0,2184.4,5,0.0,0,0.0,0,0.0,0,0.0,0
2012-11-20T09:22:23.500,2185,16461,2184.6,4,0.0,0,0.0,0,0.0,0,0.0,0,2185,35,0.0,0,0.0,0,0.0,0,0.0,0
2012-11-20T09:22:24.000,2184.8,16488,2184.2,23,0.0,0,0.0,0,0.0,0,0.0,0,2185,39,0.0,0,0.0,0,0.0,0,0.0,0
2012-11-20T09:22:24.500,2184.8,16502,2184.4,8,0.0,0,0.0,0,0.0,0,0.0,0,2184.8,28,0.0,0,0.0,0,0.0,0,0.0,0
2012-11-20T09:22:25.000,2184.8,16541,2184.2,12,0.0,0,0.0,0,0.0,0,0.0,0,2185,47,0.0,0,0.0,0,0.0,0,0.0,0
2012-11-20T09:22:25.500,2184.6,16551,2184.4,15,0.0,0,0.0,0,0.0,0,0.0,0,2184.6,37,0.0,0,0.0,0,0.0,0,0.0,0
2012-11-20T09:22:26.000,2184.4,16577,2184.2,16,0.0,0,0.0,0,0.0,0,0.0,0,2184.4,2,0.0,0,0.0,0,0.0,0,0.0,0
2012-11-20T09:22:26.500,2184.2,16580,2184.2,18,0.0,0,0.0,0,0.0,0,0.0,0,2184.4,1,0.0,0,0.0,0,0.0,0,0.0,0
2012-11-20T09:22:27.000,2184.4,16587,2184.4,3,0.0,0,0.0,0,0.0,0,0.0,0,2184.6,12,0.0,0,0.0,0,0.0,0,0.0,0
2012-11-20T09:22:27.500,2184.4,16598,2184.4,8,0.0,0,0.0,0,0.0,0,0.0,0,2184.6,4,0.0,0,0.0,0,0.0,0,0.0,0
2012-11-20T09:22:28.000,2184.4,16606,2184.4,3,0.0,0,0.0,0,0.0,0,0.0,0,2184.6,2,0.0,0,0.0,0,0.0,0,0.0,0
2012-11-20T09:22:28.500,2184.4,16615,2184.2,15,0.0,0,0.0,0,0.0,0,0.0,0,2184.6,4,0.0,0,0.0,0,0.0,0,0.0,0
2012-11-20T09:22:29.000,2184.2,16626,2184.2,11,0.0,0,0.0,0,0.0,0,0.0,0,2184.6,54,0.0,0,0.0,0,0.0,0,0.0,0
2012-11-20T09:22:29.500,2184.2,16643,2184,71,0.0,0,0.0,0,0.0,0,0.0,0,2184.4,14,0.0,0,0.0,0,0.0,0,0.0,0
2012-11-20T09:22:30.000,2184.4,16662,2184,58,0.0,0,0.0,0,0.0,0,0.0,0,2184.4,17,0.0,0,0.0,0,0.0,0,0.0,0
2012-11-20T09:22:30.500,2184,16686,2184,46,0.0,0,0.0,0,0.0,0,0.0,0,2184.4,42,0.0,0,0.0,0,0.0,0,0.0,0
2012-11-20T09:22:31.000,2184.2,16693,2184.2,1,0.0,0,0.0,0,0.0,0,0.0,0,2184.4,40,0.0,0,0.0,0,0.0,0,0.0,0
2012-11-20T09:22:31.500,2184.4,16724,2184,56,0.0,0,0.0,0,0.0,0,0.0,0,2184.2,2,0.0,0,0.0,0,0.0,0,0.0,0
2012-11-20T09:22:32.000,2184,16728,2184.2,22,0.0,0,0.0,0,0.0,0,0.0,0,2184.4,17,0.0,0,0.0,0,0.0,0,0.0,0
2012-11-20T09:22:32.500,2184.4,16749,2184.2,17,0.0,0,0.0,0,0.0,0,0.0,0,2184.4,12,0.0,0,0.0,0,0.0,0,0.0,0
2012-11-20T09:22:33.000,2184.2,16767,2184.2,15,0.0,0,0.0,0,0.0,0,0.0,0,2184.4,9,0.0,0,0.0,0,0.0,0,0.0,0
2012-11-20T09:22:33.500,2184.2,16769,2184.2,20,0.0,0,0.0,0,0.0,0,0.0,0,2184.4,11,0.0,0,0.0,0,0.0,0,0.0,0
2012-11-20T09:22:34.000,2184.2,16772,2184.2,23,0.0,0,0.0,0,0.0,0,0.0,0,2184.4,12,0.0,0,0.0,0,0.0,0,0.0,0
2012-11-20T09:22:34.500,2184.2,16784,2184.2,14,0.0,0,0.0,0,0.0,0,0.0,0,2184.4,10,0.0,0,0.0,0,0.0,0,0.0,0
2012-11-20T09:22:35.000,2184.2,16789,2184.2,19,0.0,0,0.0,0,0.0,0,0.0,0,2184.4,12,0.0,0,0.0,0,0.0,0,0.0,0
2012-11-20T09:22:35.500,2184.4,16800,2184.2,22,0.0,0,0.0,0,0.0,0,0.0,0,2184.4,11,0.0,0,0.0,0,0.0,0,0.0,0
2012-11-20T09:22:36.000,2184.4,16808,2184.2,16,0.0,0,0.0,0,0.0,0,0.0,0,2184.4,10,0.0,0,0.0,0,0.0,0,0.0,0
2012-11-20T09:22:36.500,2184.4,16815,2184.2,13,0.0,0,0.0,0,0.0,0,0.0,0,2184.4,7,0.0,0,0.0,0,0.0,0,0.0,0
2012-11-20T09:22:37.250,2184.4,16827,2184.2,12,0.0,0,0.0,0,0.0,0,0.0,0,2184.4,11,0.0,0,0.0,0,0.0,0,0.0,0
2012-11-20T09:22:38.000,2184.2,16848,2184.2,8,0.0,0,0.0,0,0.0,0,0.0,0,2184.4,6,0.0,0,0.0,0,0.0,0,0.0,0
2012-11-20T09:22:38.500,2184.4,16853,2184.2,6,0.0,0,0.0,0,0.0,0,0.0,0,2184.4,4,0.0,0,0.0,0,0.0,0,0.0,0
2012-11-20T09:22:39.000,2184.4,16860,2184.4,9,0.0,0,0.0,0,0.0,0,0.0,0,2184.6,63,0.0,0,0.0,0,0.0,0,0.0,0
2012-11-20T09:22:39.500,2184.4,16865,2184.4,7,0.0,0,0.0,0,0.0,0,0.0,0,2184.6,64,0.0,0,0.0,0,0.0,0,0.0,0
2012-11-20T09:22:40.000,2184.2,16889,2184,83,0.0,0,0.0,0,0.0,0,0.0,0,2184.4,3,0.0,0,0.0,0,0.0,0,0.0,0
2012-11-20T09:22:40.500,2184.6,16897,2184.2,11,0.0,0,0.0,0,0.0,0,0.0,0,2184.6,67,0.0,0,0.0,0,0.0,0,0.0,0
2012-11-20T09:22:41.000,2184.2,16898,2184.2,14,0.0,0,0.0,0,0.0,0,0.0,0,2184.4,1,0.0,0,0.0,0,0.0,0,0.0,0
2012-11-20T09:22:41.500,2184.4,16902,2184.4,2,0.0,0,0.0,0,0.0,0,0.0,0,2184.6,68,0.0,0,0.0,0,0.0,0,0.0,0
2012-11-20T09:22:42.000,2184.2,16910,2184.2,17,0.0,0,0.0,0,0.0,0,0.0,0,2184.4,9,0.0,0,0.0,0,0.0,0,0.0,0
2012-11-20T09:22:42.500,2184.2,16913,2184.2,21,0.0,0,0.0,0,0.0,0,0.0,0,2184.4,13,0.0,0,0.0,0,0.0,0,0.0,0
2012-11-20T09:22:43.000,2184.4,16917,2184.2,22,0.0,0,0.0,0,0.0,0,0.0,0,2184.4,15,0.0,0,0.0,0,0.0,0,0.0,0
2012-11-20T09:22:43.500,2184.4,16919,2184.2,23,0.0,0,0.0,0,0.0,0,0.0,0,2184.4,17,0.0,0,0.0,0,0.0,0,0.0,0
2012-11-20T09:22:44.000,2184.4,16925,2184.2,36,0.0,0,0.0,0,0.0,0,0.0,0,2184.4,27,0.0,0,0.0,0,0.0,0,0.0,0
2012-11-20T09:22:44.500,2184.4,16933,2184.2,30,0.0,0,0.0,0,0.0,0,0.0,0,2184.4,25,0.0,0,0.0,0,0.0,0,0.0,0
2012-11-20T09:22:45.000,2184.4,16934,2184.2,30,0.0,0,0.0,0,0.0,0,0.0,0,2184.4,27,0.0,0,0.0,0,0.0,0,0.0,0
2012-11-20T09:22:45.500,2184.4,16942,2184.2,30,0.0,0,0.0,0,0.0,0,0.0,0,2184.4,21,0.0,0,0.0,0,0.0,0,0.0,0
2012-11-20T09:22:46.000,2184.2,16960,2184.2,12,0.0,0,0.0,0,0.0,0,0.0,0,2184.4,44,0.0,0,0.0,0,0.0,0,0.0,0
2012-11-20T09:22:46.500,2184.4,16964,2184.2,13,0.0,0,0.0,0,0.0,0,0.0,0,2184.4,40,0.0,0,0.0,0,0.0,0,0.0,0
2012-11-20T09:22:47.000,2184.2,16980,2184,94,0.0,0,0.0,0,0.0,0,0.0,0,2184.2,1,0.0,0,0.0,0,0.0,0,0.0,0
2012-11-20T09:22:47.500,2184.4,16982,2184.2,1,0.0,0,0.0,0,0.0,0,0.0,0,2184.4,45,0.0,0,0.0,0,0.0,0,0.0,0
2012-11-20T09:22:48.000,2184.4,16993,2184,93,0.0,0,0.0,0,0.0,0,0.0,0,2184.4,39,0.0,0,0.0,0,0.0,0,0.0,0
2012-11-20T09:22:48.500,2184,17015,2184,118,0.0,0,0.0,0,0.0,0,0.0,0,2184.2,1,0.0,0,0.0,0,0.0,0,0.0,0
2012-11-20T09:22:49.000,2184,17026,2184,115,0.0,0,0.0,0,0.0,0,0.0,0,2184.4,32,0.0,0,0.0,0,0.0,0,0.0,0
2012-11-20T09:22:49.500,2184.4,17034,2184.2,38,0.0,0,0.0,0,0.0,0,0.0,0,2184.4,28,0.0,0,0.0,0,0.0,0,0.0,0
2012-11-20T09:22:50.000,2184.4,17038,2184.2,35,0.0,0,0.0,0,0.0,0,0.0,0,2184.4,28,0.0,0,0.0,0,0.0,0,0.0,0
2012-11-20T09:22:50.500,2184.2,17045,2184.2,35,0.0,0,0.0,0,0.0,0,0.0,0,2184.4,23,0.0,0,0.0,0,0.0,0,0.0,0
2012-11-20T09:22:51.000,2184.2,17049,2184.2,34,0.0,0,0.0,0,0.0,0,0.0,0,2184.4,22,0.0,0,0.0,0,0.0,0,0.0,0
2012-11-20T09:22:51.500,2184.2,17057,2184.2,27,0.0,0,0.0,0,0.0,0,0.0,0,2184.4,24,0.0,0,0.0,0,0.0,0,0.0,0
2012-11-20T09:22:52.000,2184.2,17078,2184.2,11,0.0,0,0.0,0,0.0,0,0.0,0,2184.4,25,0.0,0,0.0,0,0.0,0,0.0,0
2012-11-20T09:22:52.500,2184.4,17082,2184.2,11,0.0,0,0.0,0,0.0,0,0.0,0,2184.4,30,0.0,0,0.0,0,0.0,0,0.0,0
2012-11-20T09:22:53.000,2184.2,17097,2184,131,0.0,0,0.0,0,0.0,0,0.0,0,2184.4,30,0.0,0,0.0,0,0.0,0,0.0,0
2012-11-20T09:22:53.500,2184.2,17101,2184.2,9,0.0,0,0.0,0,0.0,0,0.0,0,2184.4,30,0.0,0,0.0,0,0.0,0,0.0,0
2012-11-20T09:22:54.000,2184.4,17111,2184.2,6,0.0,0,0.0,0,0.0,0,0.0,0,2184.4,25,0.0,0,0.0,0,0.0,0,0.0,0
2012-11-20T09:22:54.500,2184.2,17112,2184.2,5,0.0,0,0.0,0,0.0,0,0.0,0,2184.4,27,0.0,0,0.0,0,0.0,0,0.0,0
2012-11-20T09:22:55.000,2184.4,17123,2184.2,5,0.0,0,0.0,0,0.0,0,0.0,0,2184.4,22,0.0,0,0.0,0,0.0,0,0.0,0
2012-11-20T09:22:55.500,2184,17129,2184,134,0.0,0,0.0,0,0.0,0,0.0,0,2184.4,22,0.0,0,0.0,0,0.0,0,0.0,0
2012-11-20T09:22:56.000,2184.4,17131,2184.2,10,0.0,0,0.0,0,0.0,0,0.0,0,2184.4,21,0.0,0,0.0,0,0.0,0,0.0,0
2012-11-20T09:22:56.500,2184.2,17133,2184.2,9,0.0,0,0.0,0,0.0,0,0.0,0,2184.4,20,0.0,0,0.0,0,0.0,0,0.0,0
2012-11-20T09:22:57.000,2184.4,17145,2184.2,14,0.0,0,0.0,0,0.0,0,0.0,0,2184.4,8,0.0,0,0.0,0,0.0,0,0.0,0
2012-11-20T09:22:57.500,2184.2,17150,2184.2,12,0.0,0,0.0,0,0.0,0,0.0,0,2184.4,6,0.0,0,0.0,0,0.0,0,0.0,0
2012-11-20T09:22:58.000,2184.2,17161,2184.2,13,0.0,0,0.0,0,0.0,0,0.0,0,2184.4,3,0.0,0,0.0,0,0.0,0,0.0,0
2012-11-20T09:22:58.500,2184.2,17162,2184.2,13,0.0,0,0.0,0,0.0,0,0.0,0,2184.4,9,0.0,0,0.0,0,0.0,0,0.0,0
2012-11-20T09:22:59.000,2184.4,17166,2184.2,14,0.0,0,0.0,0,0.0,0,0.0,0,2184.4,6,0.0,0,0.0,0,0.0,0,0.0,0
2012-11-20T09:22:59.500,2184.4,17172,2184.2,12,0.0,0,0.0,0,0.0,0,0.0,0,2184.4,1,0.0,0,0.0,0,0.0,0,0.0,0
2012-11-20T09:23:00.000,2184.4,17174,2184.2,12,0.0,0,0.0,0,0.0,0,0.0,0,2184.6,78,0.0,0,0.0,0,0.0,0,0.0,0
2012-11-20T09:23:00.500,2184.6,17179,2184.4,1,0.0,0,0.0,0,0.0,0,0.0,0,2184.6,73,0.0,0,0.0,0,0.0,0,0.0,0
2012-11-20T09:23:01.000,2184.4,17182,2184.2,12,0.0,0,0.0,0,0.0,0,0.0,0,2184.4,16,0.0,0,0.0,0,0.0,0,0.0,0
2012-11-20T09:23:01.500,2184.4,17202,2184.2,4,0.0,0,0.0,0,0.0,0,0.0,0,2184.4,7,0.0,0,0.0,0,0.0,0,0.0,0
2012-11-20T09:23:02.000,2184.4,17233,2184.2,3,0.0,0,0.0,0,0.0,0,0.0,0,2184.4,10,0.0,0,0.0,0,0.0,0,0.0,0
2012-11-20T09:23:02.500,2184.4,17237,2184.2,6,0.0,0,0.0,0,0.0,0,0.0,0,2184.4,42,0.0,0,0.0,0,0.0,0,0.0,0
2012-11-20T09:23:03.000,2184.2,17248,2184,157,0.0,0,0.0,0,0.0,0,0.0,0,2184.2,3,0.0,0,0.0,0,0.0,0,0.0,0
2012-11-20T09:23:03.500,2184,17253,2184,156,0.0,0,0.0,0,0.0,0,0.0,0,2184.4,45,0.0,0,0.0,0,0.0,0,0.0,0
2012-11-20T09:23:04.000,2184,17274,2184,142,0.0,0,0.0,0,0.0,0,0.0,0,2184.4,41,0.0,0,0.0,0,0.0,0,0.0,0
2012-11-20T09:23:04.500,2184,17282,2184,135,0.0,0,0.0,0,0.0,0,0.0,0,2184.4,46,0.0,0,0.0,0,0.0,0,0.0,0
2012-11-20T09:23:05.000,2184,17316,2184,134,0.0,0,0.0,0,0.0,0,0.0,0,2184.2,1,0.0,0,0.0,0,0.0,0,0.0,0
2012-11-20T09:23:05.500,2184,17322,2184,132,0.0,0,0.0,0,0.0,0,0.0,0,2184.4,21,0.0,0,0.0,0,0.0,0,0.0,0
2012-11-20T09:23:06.000,2184.2,17328,2184.2,3,0.0,0,0.0,0,0.0,0,0.0,0,2184.4,24,0.0,0,0.0,0,0.0,0,0.0,0
2012-11-20T09:23:06.500,2184.2,17329,2184.2,17,0.0,0,0.0,0,0.0,0,0.0,0,2184.4,25,0.0,0,0.0,0,0.0,0,0.0,0
2012-11-20T09:23:07.000,2184,17355,2184,135,0.0,0,0.0,0,0.0,0,0.0,0,2184.2,27,0.0,0,0.0,0,0.0,0,0.0,0
2012-11-20T09:23:07.500,2184.2,17371,2184,133,0.0,0,0.0,0,0.0,0,0.0,0,2184.2,12,0.0,0,0.0,0,0.0,0,0.0,0
2012-11-20T09:23:08.000,2184,17392,2184,126,0.0,0,0.0,0,0.0,0,0.0,0,2184.2,11,0.0,0,0.0,0,0.0,0,0.0,0
2012-11-20T09:23:08.500,2184.2,17406,2184,126,0.0,0,0.0,0,0.0,0,0.0,0,2184.2,2,0.0,0,0.0,0,0.0,0,0.0,0
2012-11-20T09:23:09.000,2184,17424,2184,110,0.0,0,0.0,0,0.0,0,0.0,0,2184.2,3,0.0,0,0.0,0,0.0,0,0.0,0
2012-11-20T09:23:09.500,2184,17437,2184,98,0.0,0,0.0,0,0.0,0,0.0,0,2184.2,3,0.0,0,0.0,0,0.0,0,0.0,0
2012-11-20T09:23:10.000,2184.2,17439,2184,99,0.0,0,0.0,0,0.0,0,0.0,0,2184.2,30,0.0,0,0.0,0,0.0,0,0.0,0
2012-11-20T09:23:10.500,2184,17457,2184,84,0.0,0,0.0,0,0.0,0,0.0,0,2184.2,29,0.0,0,0.0,0,0.0,0,0.0,0
2012-11-20T09:23:11.000,2184,17467,2184,77,0.0,0,0.0,0,0.0,0,0.0,0,2184.2,40,0.0,0,0.0,0,0.0,0,0.0,0
2012-11-20T09:23:11.500,2183.8,17545,2183.8,56,0.0,0,0.0,0,0.0,0,0.0,0,2184,21,0.0,0,0.0,0,0.0,0,0.0,0
2012-11-20T09:23:12.000,2184,17552,2183.8,49,0.0,0,0.0,0,0.0,0,0.0,0,2184,30,0.0,0,0.0,0,0.0,0,0.0,0
2012-11-20T09:23:12.500,2184,17562,2183.8,45,0.0,0,0.0,0,0.0,0,0.0,0,2184,30,0.0,0,0.0,0,0.0,0,0.0,0
2012-11-20T09:23:13.000,2183.8,17564,2183.8,44,0.0,0,0.0,0,0.0,0,0.0,0,2184,34,0.0,0,0.0,0,0.0,0,0.0,0
2012-11-20T09:23:13.500,2183.8,17580,2183.8,30,0.0,0,0.0,0,0.0,0,0.0,0,2184,49,0.0,0,0.0,0,0.0,0,0.0,0
2012-11-20T09:23:14.000,2183.8,17583,2183.8,28,0.0,0,0.0,0,0.0,0,0.0,0,2184,44,0.0,0,0.0,0,0.0,0,0.0,0
2012-11-20T09:23:14.500,2183.8,17584,2183.8,27,0.0,0,0.0,0,0.0,0,0.0,0,2184,45,0.0,0,0.0,0,0.0,0,0.0,0
2012-11-20T09:23:15.000,2183.8,17596,2183.8,20,0.0,0,0.0,0,0.0,0,0.0,0,2184,45,0.0,0,0.0,0,0.0,0,0.0,0
2012-11-20T09:23:15.500,2183.8,17606,2183.8,10,0.0,0,0.0,0,0.0,0,0.0,0,2184,46,0.0,0,0.0,0,0.0,0,0.0,0
