date_time,last_px,total_volume,bid1_px,bid1_qty,bid2_px,bid2_qty,bid3_px,bid3_qty,bid4_px,bid4_qty,bid5_px,bid5_qty,ask1_px,ask1_qty,ask2_px,ask2_qty,ask3_px,ask3_qty,ask4_px,ask4_qty,ask5_px,ask5_qty
2012-11-27T09:14:00.250,2177.2,353,2177,3,0.0,0,0.0,0,0.0,0,0.0,0,2177.2,22,0.0,0,0.0,0,0.0,0,0.0,0
2012-11-27T09:15:00.250,2176.6,632,2176.6,32,0.0,0,0.0,0,0.0,0,0.0,0,2176.8,1,0.0,0,0.0,0,0.0,0,0.0,0
2012-11-27T09:15:01.000,2176.6,730,2176.6,7,0.0,0,0.0,0,0.0,0,0.0,0,2177,145,0.0,0,0.0,0,0.0,0,0.0,0
2012-11-27T09:15:01.500,2176.4,809,2176,4,0.0,0,0.0,0,0.0,0,0.0,0,2176.4,4,0.0,0,0.0,0,0.0,0,0.0,0
2012-11-27T09:15:02.000,2175.8,865,2175.4,7,0.0,0,0.0,0,0.0,0,0.0,0,2175.8,11,0.0,0,0.0,0,0.0,0,0.0,0
2012-11-27T09:15:02.500,2175.2,919,2175.2,20,0.0,0,0.0,0,0.0,0,0.0,0,2175.4,34,0.0,0,0.0,0,0.0,0,0.0,0
2012-11-27T09:15:03.000,2175,968,2175,22,0.0,0,0.0,0,0.0,0,0.0,0,2175.2,37,0.0,0,0.0,0,0.0,0,0.0,0
2012-11-27T09:15:03.500,2175.2,1040,2174.2,15,0.0,0,0.0,0,0.0,0,0.0,0,2174.8,3,0.0,0,0.0,0,0.0,0,0.0,0
2012-11-27T09:15:04.000,2174.8,1082,2174.4,6,0.0,0,0.0,0,0.0,0,0.0,0,2174.8,12,0.0,0,0.0,0,0.0,0,0.0,0
2012-11-27T09:15:04.500,2174.8,1144,2174.6,16,0.0,0,0.0,0,0.0,0,0.0,0,2175,54,0.0,0,0.0,0,0.0,0,0.0,0
2012-11-27T09:15:05.000,2174.8,1245,2174.8,1,0.0,0,0.0,0,0.0,0,0.0,0,2175,64,0.0,0,0.0,0,0.0,0,0.0,0
2012-11-27T09:15:05.500,2173.8,1307,2173.6,16,0.0,0,0.0,0,0.0,0,0.0,0,2174.2,8,0.0,0,0.0,0,0.0,0,0.0,0
2012-11-27T09:15:06.000,2173.6,1511,2171.2,2,0.0,0,0.0,0,0.0,0,0.0,0,2173.6,21,0.0,0,0.0,0,0.0,0,0.0,0
2012-11-27T09:15:06.500,2173.2,1643,2171.4,28,0.0,0,0.0,0,0.0,0,0.0,0,2173.2,38,0.0,0,0.0,0,0.0,0,0.0,0
2012-11-27T09:15:07.000,2171.4,1787,2171.8,1,0.0,0,0.0,0,0.0,0,0.0,0,2172.6,3,0.0,0,0.0,0,0.0,0,0.0,0
2012-11-27T09:15:07.500,2171.8,1983,2172,2,0.0,0,0.0,0,0.0,0,0.0,0,2172.2,9,0.0,0,0.0,0,0.0,0,0.0,0
2012-11-27T09:15:08.000,2172,2060,2172.6,1,0.0,0,0.0,0,0.0,0,0.0,0,2172.8,8,0.0,0,0.0,0,0.0,0,0.0,0
2012-11-27T09:15:08.500,2172.8,2163,2172.8,4,0.0,0,0.0,0,0.0,0,0.0,0,2173,18,0.0,0,0.0,0,0.0,0,0.0,0
2012-11-27T09:15:09.000,2172.6,2243,2172.4,11,0.0,0,0.0,0,0.0,0,0.0,0,2172.6,21,0.0,0,0.0,0,0.0,0,0.0,0
2012-11-27T09:15:09.500,2172.6,2329,2172.2,3,0.0,0,0.0,0,0.0,0,0.0,0,2172.6,11,0.0,0,0.0,0,0.0,0,0.0,0
2012-11-27T09:15:10.000,2172.6,2364,2172.2,10,0.0,0,0.0,0,0.0,0,0.0,0,2172.6,2,0.0,0,0.0,0,0.0,0,0.0,0
2012-11-27T09:15:10.500,2173,2416,2172.8,6,0.0,0,0.0,0,0.0,0,0.0,0,2173,4,0.0,0,0.0,0,0.0,0,0.0,0
2012-11-27T09:15:11.000,2173.4,2461,2173,1,0.0,0,0.0,0,0.0,0,0.0,0,2173.6,12,0.0,0,0.0,0,0.0,0,0.0,0
2012-11-27T09:15:11.500,2173.4,2480,2173,13,0.0,0,0.0,0,0.0,0,0.0,0,2173.4,49,0.0,0,0.0,0,0.0,0,0.0,0
2012-11-27T09:15:12.000,2173.2,2522,2172.8,2,0.0,0,0.0,0,0.0,0,0.0,0,2173.4,43,0.0,0,0.0,0,0.0,0,0.0,0
2012-11-27T09:15:12.500,2173.4,2586,2173.2,1,0.0,0,0.0,0,0.0,0,0.0,0,2173.4,24,0.0,0,0.0,0,0.0,0,0.0,0
2012-11-27T09:15:13.000,2173.2,2624,2173,11,0.0,0,0.0,0,0.0,0,0.0,0,2173.2,4,0.0,0,0.0,0,0.0,0,0.0,0
2012-11-27T09:15:13.500,2173.6,2660,2173.6,1,0.0,0,0.0,0,0.0,0,0.0,0,2173.8,4,0.0,0,0.0,0,0.0,0,0.0,0
2012-11-27T09:15:14.000,2173.4,2697,2173.2,15,0.0,0,0.0,0,0.0,0,0.0,0,2173.4,9,0.0,0,0.0,0,0.0,0,0.0,0
2012-11-27T09:15:14.500,2174.4,2736,2173.8,35,0.0,0,0.0,0,0.0,0,0.0,0,2174.4,1,0.0,0,0.0,0,0.0,0,0.0,0
2012-11-27T09:15:15.000,2174.4,2779,2174.2,5,0.0,0,0.0,0,0.0,0,0.0,0,2174.4,15,0.0,0,0.0,0,0.0,0,0.0,0
2012-11-27T09:15:15.500,2174,2831,2174,21,0.0,0,0.0,0,0.0,0,0.0,0,2174.2,1,0.0,0,0.0,0,0.0,0,0.0,0
2012-11-27T09:15:16.000,2174.2,2865,2174,3,0.0,0,0.0,0,0.0,0,0.0,0,2174.2,23,0.0,0,0.0,0,0.0,0,0.0,0
2012-11-27T09:15:16.500,2174,2895,2173.8,28,0.0,0,0.0,0,0.0,0,0.0,0,2174,4,0.0,0,0.0,0,0.0,0,0.0,0
2012-11-27T09:15:17.000,2174.2,2937,2173.6,8,0.0,0,0.0,0,0.0,0,0.0,0,2173.8,22,0.0,0,0.0,0,0.0,0,0.0,0
2012-11-27T09:15:17.500,2173.6,2984,2173.4,32,0.0,0,0.0,0,0.0,0,0.0,0,2173.6,5,0.0,0,0.0,0,0.0,0,0.0,0
2012-11-27T09:15:18.000,2173.4,3022,2173.6,1,0.0,0,0.0,0,0.0,0,0.0,0,2174,20,0.0,0,0.0,0,0.0,0,0.0,0
2012-11-27T09:15:18.500,2173.6,3036,2173.4,34,0.0,0,0.0,0,0.0,0,0.0,0,2173.6,7,0.0,0,0.0,0,0.0,0,0.0,0
2012-11-27T09:15:19.000,2173.4,3067,2173.4,17,0.0,0,0.0,0,0.0,0,0.0,0,2173.6,16,0.0,0,0.0,0,0.0,0,0.0,0
2012-11-27T09:15:19.500,2173.4,3087,2173.4,17,0.0,0,0.0,0,0.0,0,0.0,0,2174,22,0.0,0,0.0,0,0.0,0,0.0,0
2012-11-27T09:15:20.000,2173.8,3117,2173.6,3,0.0,0,0.0,0,0.0,0,0.0,0,2173.8,7,0.0,0,0.0,0,0.0,0,0.0,0
2012-11-27T09:15:20.500,2173.2,3147,2173.2,10,0.0,0,0.0,0,0.0,0,0.0,0,2173.4,8,0.0,0,0.0,0,0.0,0,0.0,0
2012-11-27T09:15:21.000,2173.4,3151,2173.2,10,0.0,0,0.0,0,0.0,0,0.0,0,2173.4,6,0.0,0,0.0,0,0.0,0,0.0,0
2012-11-27T09:15:21.500,2173.4,3179,2173.4,1,0.0,0,0.0,0,0.0,0,0.0,0,2173.6,8,0.0,0,0.0,0,0.0,0,0.0,0
2012-11-27T09:15:22.000,2173.6,3194,2173.2,12,0.0,0,0.0,0,0.0,0,0.0,0,2173.6,50,0.0,0,0.0,0,0.0,0,0.0,0
2012-11-27T09:15:22.500,2173.6,3211,2173.2,13,0.0,0,0.0,0,0.0,0,0.0,0,2173.4,14,0.0,0,0.0,0,0.0,0,0.0,0
2012-11-27T09:15:23.000,2173.4,3251,2173,45,0.0,0,0.0,0,0.0,0,0.0,0,2173.2,9,0.0,0,0.0,0,0.0,0,0.0,0
2012-11-27T09:15:23.500,2173,3272,2173,59,0.0,0,0.0,0,0.0,0,0.0,0,2173.4,20,0.0,0,0.0,0,0.0,0,0.0,0
2012-11-27T09:15:24.000,2173.2,3286,2173,61,0.0,0,0.0,0,0.0,0,0.0,0,2173.2,6,0.0,0,0.0,0,0.0,0,0.0,0
2012-11-27T09:15:24.500,2173.4,3369,2173.2,4,0.0,0,0.0,0,0.0,0,0.0,0,2173.4,24,0.0,0,0.0,0,0.0,0,0.0,0
2012-11-27T09:15:25.000,2173.4,3392,2173.2,3,0.0,0,0.0,0,0.0,0,0.0,0,2173.4,16,0.0,0,0.0,0,0.0,0,0.0,0
2012-11-27T09:15:25.500,2173.4,3409,2173.2,2,0.0,0,0.0,0,0.0,0,0.0,0,2173.4,15,0.0,0,0.0,0,0.0,0,0.0,0
2012-11-27T09:15:26.000,2173,3442,2173.2,1,0.0,0,0.0,0,0.0,0,0.0,0,2173.4,2,0.0,0,0.0,0,0.0,0,0.0,0
2012-11-27T09:15:26.500,2173.2,3457,2173.4,2,0.0,0,0.0,0,0.0,0,0.0,0,2173.6,35,0.0,0,0.0,0,0.0,0,0.0,0
2012-11-27T09:15:27.000,2173.4,3471,2173.4,48,0.0,0,0.0,0,0.0,0,0.0,0,2173.6,47,0.0,0,0.0,0,0.0,0,0.0,0
2012-11-27T09:15:27.500,2173.6,3526,2173.6,2,0.0,0,0.0,0,0.0,0,0.0,0,2173.8,13,0.0,0,0.0,0,0.0,0,0.0,0
2012-11-27T09:15:28.000,2173.8,3554,2173.8,8,0.0,0,0.0,0,0.0,0,0.0,0,2174,25,0.0,0,0.0,0,0.0,0,0.0,0
2012-11-27T09:15:28.500,2174,3576,2173.8,33,0.0,0,0.0,0,0.0,0,0.0,0,2174,6,0.0,0,0.0,0,0.0,0,0.0,0
2012-11-27T09:15:29.000,2173.8,3599,2173.8,32,0.0,0,0.0,0,0.0,0,0.0,0,2174,5,0.0,0,0.0,0,0.0,0,0.0,0
2012-11-27T09:15:29.500,2173.8,3613,2173.8,27,0.0,0,0.0,0,0.0,0,0.0,0,2174,19,0.0,0,0.0,0,0.0,0,0.0,0
2012-11-27T09:15:30.000,2173.8,3620,2173.8,27,0.0,0,0.0,0,0.0,0,0.0,0,2174,37,0.0,0,0.0,0,0.0,0,0.0,0
2012-11-27T09:15:30.500,2173.8,3649,2173.8,5,0.0,0,0.0,0,0.0,0,0.0,0,2174,37,0.0,0,0.0,0,0.0,0,0.0,0
2012-11-27T09:15:31.000,2174,3664,2173.6,10,0.0,0,0.0,0,0.0,0,0.0,0,2173.8,14,0.0,0,0.0,0,0.0,0,0.0,0
2012-11-27T09:15:31.500,2173.8,3675,2173.6,7,0.0,0,0.0,0,0.0,0,0.0,0,2173.8,21,0.0,0,0.0,0,0.0,0,0.0,0
2012-11-27T09:15:32.000,2173.4,3690,2173.4,77,0.0,0,0.0,0,0.0,0,0.0,0,2173.6,5,0.0,0,0.0,0,0.0,0,0.0,0
2012-11-27T09:15:32.500,2173.6,3700,2173.4,66,0.0,0,0.0,0,0.0,0,0.0,0,2173.6,1,0.0,0,0.0,0,0.0,0,0.0,0
2012-11-27T09:15:33.000,2173.4,3708,2173.4,60,0.0,0,0.0,0,0.0,0,0.0,0,2173.6,22,0.0,0,0.0,0,0.0,0,0.0,0
2012-11-27T09:15:33.500,2173.4,3732,2173.4,54,0.0,0,0.0,0,0.0,0,0.0,0,2173.6,12,0.0,0,0.0,0,0.0,0,0.0,0
2012-11-27T09:15:34.000,2173.4,3746,2173.4,41,0.0,0,0.0,0,0.0,0,0.0,0,2173.6,12,0.0,0,0.0,0,0.0,0,0.0,0
2012-11-27T09:15:34.500,2173.4,3763,2173.4,35,0.0,0,0.0,0,0.0,0,0.0,0,2173.6,7,0.0,0,0.0,0,0.0,0,0.0,0
2012-11-27T09:15:35.000,2173.6,3774,2173.6,32,0.0,0,0.0,0,0.0,0,0.0,0,2173.8,28,0.0,0,0.0,0,0.0,0,0.0,0
2012-11-27T09:15:35.500,2173.6,3784,2173.6,30,0.0,0,0.0,0,0.0,0,0.0,0,2173.8,29,0.0,0,0.0,0,0.0,0,0.0,0
2012-11-27T09:15:36.000,2173.6,3789,2173.6,27,0.0,0,0.0,0,0.0,0,0.0,0,2173.8,30,0.0,0,0.0,0,0.0,0,0.0,0
2012-11-27T09:15:36.500,2173.8,3793,2173.6,37,0.0,0,0.0,0,0.0,0,0.0,0,2173.8,29,0.0,0,0.0,0,0.0,0,0.0,0
2012-11-27T09:15:37.000,2173.6,3798,2173.6,41,0.0,0,0.0,0,0.0,0,0.0,0,2173.8,31,0.0,0,0.0,0,0.0,0,0.0,0
2012-11-27T09:15:37.500,2173.8,3808,2173.6,38,0.0,0,0.0,0,0.0,0,0.0,0,2173.8,26,0.0,0,0.0,0,0.0,0,0.0,0
2012-11-27T09:15:38.000,2173.8,3817,2173.6,29,0.0,0,0.0,0,0.0,0,0.0,0,2173.8,25,0.0,0,0.0,0,0.0,0,0.0,0
2012-11-27T09:15:38.500,2173.8,3836,2173.6,29,0.0,0,0.0,0,0.0,0,0.0,0,2173.8,6,0.0,0,0.0,0,0.0,0,0.0,0
2012-11-27T09:15:39.000,2173.8,3846,2173.8,4,0.0,0,0.0,0,0.0,0,0.0,0,2174,70,0.0,0,0.0,0,0.0,0,0.0,0
2012-11-27T09:15:39.500,2173.8,3861,2173.8,1,0.0,0,0.0,0,0.0,0,0.0,0,2174,61,0.0,0,0.0,0,0.0,0,0.0,0
2012-11-27T09:15:40.000,2173.6,3868,2173.6,24,0.0,0,0.0,0,0.0,0,0.0,0,2174,50,0.0,0,0.0,0,0.0,0,0.0,0
2012-11-27T09:15:40.500,2174,3882,2173.6,27,0.0,0,0.0,0,0.0,0,0.0,0,2174,48,0.0,0,0.0,0,0.0,0,0.0,0
2012-11-27T09:15:41.000,2173.6,3883,2173.6,27,0.0,0,0.0,0,0.0,0,0.0,0,2173.8,1,0.0,0,0.0,0,0.0,0,0.0,0
2012-11-27T09:15:41.500,2173.8,3899,2173.6,27,0.0,0,0.0,0,0.0,0,0.0,0,2173.8,21,0.0,0,0.0,0,0.0,0,0.0,0
2012-11-27T09:15:42.000,2173.6,3936,2173.6,6,0.0,0,0.0,0,0.0,0,0.0,0,2173.8,16,0.0,0,0.0,0,0.0,0,0.0,0
2012-11-27T09:15:42.500,2173.8,3967,2173.4,66,0.0,0,0.0,0,0.0,0,0.0,0,2173.6,1,0.0,0,0.0,0,0.0,0,0.0,0
2012-11-27T09:15:43.000,2173.4,4024,2173.4,23,0.0,0,0.0,0,0.0,0,0.0,0,2173.8,3,0.0,0,0.0,0,0.0,0,0.0,0
2012-11-27T09:15:43.500,2173.6,4031,2173.6,36,0.0,0,0.0,0,0.0,0,0.0,0,2173.8,6,0.0,0,0.0,0,0.0,0,0.0,0
2012-11-27T09:15:44.000,2173.4,4077,2173.4,20,0.0,0,0.0,0,0.0,0,0.0,0,2173.8,8,0.0,0,0.0,0,0.0,0,0.0,0
2012-11-27T09:15:44.500,2173.8,4090,2173.6,9,0.0,0,0.0,0,0.0,0,0.0,0,2173.8,4,0.0,0,0.0,0,0.0,0,0.0,0
2012-11-27T09:15:45.000,2173.8,4119,2173.4,5,0.0,0,0.0,0,0.0,0,0.0,0,2173.8,3,0.0,0,0.0,0,0.0,0,0.0,0
2012-11-27T09:15:45.500,2173.4,4124,2173.4,6,0.0,0,0.0,0,0.0,0,0.0,0,2173.6,15,0.0,0,0.0,0,0.0,0,0.0,0
2012-11-27T09:15:46.000,2173.4,4132,2173.2,46,0.0,0,0.0,0,0.0,0,0.0,0,2173.4,4,0.0,0,0.0,0,0.0,0,0.0,0
2012-11-27T09:15:46.500,2173.6,4170,2173.2,30,0.0,0,0.0,0,0.0,0,0.0,0,2173.6,16,0.0,0,0.0,0,0.0,0,0.0,0
2012-11-27T09:15:47.000,2173.2,4179,2173.2,28,0.0,0,0.0,0,0.0,0,0.0,0,2173.6,16,0.0,0,0.0,0,0.0,0,0.0,0
2012-11-27T09:15:47.500,2173.6,4201,2173.2,29,0.0,0,0.0,0,0.0,0,0.0,0,2173.8,38,0.0,0,0.0,0,0.0,0,0.0,0
2012-11-27T09:15:48.000,2173.4,4250,2173,80,0.0,0,0.0,0,0.0,0,0.0,0,2173.2,5,0.0,0,0.0,0,0.0,0,0.0,0
2012-11-27T09:15:48.500,2173.4,4270,2173.4,6,0.0,0,0.0,0,0.0,0,0.0,0,2173.6,1,0.0,0,0.0,0,0.0,0,0.0,0
2012-11-27T09:15:49.000,2173.4,4278,2173.2,18,0.0,0,0.0,0,0.0,0,0.0,0,2173.4,15,0.0,0,0.0,0,0.0,0,0.0,0
2012-11-27T09:15:49.500,2173.4,4291,2173.2,13,0.0,0,0.0,0,0.0,0,0.0,0,2173.4,35,0.0,0,0.0,0,0.0,0,0.0,0
2012-11-27T09:15:50.000,2173.2,4312,2173,84,0.0,0,0.0,0,0.0,0,0.0,0,2173.2,17,0.0,0,0.0,0,0.0,0,0.0,0
2012-11-27T09:15:50.500,2173.2,4360,2173.2,1,0.0,0,0.0,0,0.0,0,0.0,0,2173.4,29,0.0,0,0.0,0,0.0,0,0.0,0
2012-11-27T09:15:51.000,2173,4371,2173,75,0.0,0,0.0,0,0.0,0,0.0,0,2173.2,10,0.0,0,0.0,0,0.0,0,0.0,0
2012-11-27T09:15:51.500,2173,4376,2173,73,0.0,0,0.0,0,0.0,0,0.0,0,2173.2,39,0.0,0,0.0,0,0.0,0,0.0,0
2012-11-27T09:15:52.000,2173,4451,2173,18,0.0,0,0.0,0,0.0,0,0.0,0,2173.2,30,0.0,0,0.0,0,0.0,0,0.0,0
2012-11-27T09:15:52.500,2173,4481,2172.8,71,0.0,0,0.0,0,0.0,0,0.0,0,2173,63,0.0,0,0.0,0,0.0,0,0.0,0
2012-11-27T09:15:53.000,2172.8,4502,2172.8,63,0.0,0,0.0,0,0.0,0,0.0,0,2173,64,0.0,0,0.0,0,0.0,0,0.0,0
2012-11-27T09:15:53.500,2173,4529,2172.8,51,0.0,0,0.0,0,0.0,0,0.0,0,2173,54,0.0,0,0.0,0,0.0,0,0.0,0
2012-11-27T09:15:54.000,2172.8,4569,2172.8,47,0.0,0,0.0,0,0.0,0,0.0,0,2173,29,0.0,0,0.0,0,0.0,0,0.0,0
2012-11-27T09:15:54.500,2172.8,4609,2172.8,12,0.0,0,0.0,0,0.0,0,0.0,0,2173,31,0.0,0,0.0,0,0.0,0,0.0,0
2012-11-27T09:15:55.000,2173,4652,2173,7,0.0,0,0.0,0,0.0,0,0.0,0,2173.2,43,0.0,0,0.0,0,0.0,0,0.0,0
2012-11-27T09:15:55.500,2172.8,4684,2172.8,4,0.0,0,0.0,0,0.0,0,0.0,0,2173,2,0.0,0,0.0,0,0.0,0,0.0,0
2012-11-27T09:15:56.000,2172.8,4706,2172.8,1,0.0,0,0.0,0,0.0,0,0.0,0,2173,5,0.0,0,0.0,0,0.0,0,0.0,0
2012-11-27T09:15:56.500,2172.8,4711,2172.6,48,0.0,0,0.0,0,0.0,0,0.0,0,2172.8,7,0.0,0,0.0,0,0.0,0,0.0,0
2012-11-27T09:15:57.000,2172.8,4718,2172.6,69,0.0,0,0.0,0,0.0,0,0.0,0,2173,9,0.0,0,0.0,0,0.0,0,0.0,0
2012-11-27T09:15:57.500,2172.8,4733,2172.8,7,0.0,0,0.0,0,0.0,0,0.0,0,2173,10,0.0,0,0.0,0,0.0,0,0.0,0
2012-11-27T09:15:58.000,2173,4761,2173,4,0.0,0,0.0,0,0.0,0,0.0,0,2173.2,37,0.0,0,0.0,0,0.0,0,0.0,0
2012-11-27T09:15:58.500,2173,4782,2173,4,0.0,0,0.0,0,0.0,0,0.0,0,2173.2,37,0.0,0,0.0,0,0.0,0,0.0,0
2012-11-27T09:15:59.000,2173.2,4794,2173,8,0.0,0,0.0,0,0.0,0,0.0,0,2173.2,30,0.0,0,0.0,0,0.0,0,0.0,0
2012-11-27T09:15:59.500,2173,4801,2173,7,0.0,0,0.0,0,0.0,0,0.0,0,2173.2,33,0.0,0,0.0,0,0.0,0,0.0,0
2012-11-27T09:16:00.000,2173,4827,2173,10,0.0,0,0.0,0,0.0,0,0.0,0,2173.2,38,0.0,0,0.0,0,0.0,0,0.0,0
2012-11-27T09:16:00.500,2173,4857,2173,17,0.0,0,0.0,0,0.0,0,0.0,0,2173.2,39,0.0,0,0.0,0,0.0,0,0.0,0
2012-11-27T09:16:01.000,2172.8,4902,2172.8,17,0.0,0,0.0,0,0.0,0,0.0,0,2173.2,32,0.0,0,0.0,0,0.0,0,0.0,0
2012-11-27T09:16:01.500,2173,4919,2173,7,0.0,0,0.0,0,0.0,0,0.0,0,2173.2,22,0.0,0,0.0,0,0.0,0,0.0,0
2012-11-27T09:16:02.000,2173,4949,2172.8,18,0.0,0,0.0,0,0.0,0,0.0,0,2173,1,0.0,0,0.0,0,0.0,0,0.0,0
2012-11-27T09:16:02.500,2173,4973,2173,5,0.0,0,0.0,0,0.0,0,0.0,0,2173.2,14,0.0,0,0.0,0,0.0,0,0.0,0
2012-11-27T09:16:03.000,2173,4998,2172.8,24,0.0,0,0.0,0,0.0,0,0.0,0,2173.2,9,0.0,0,0.0,0,0.0,0,0.0,0
2012-11-27T09:16:03.500,2173.2,5002,2173,33,0.0,0,0.0,0,0.0,0,0.0,0,2173.2,12,0.0,0,0.0,0,0.0,0,0.0,0
2012-11-27T09:16:04.000,2173.2,5024,2173.2,14,0.0,0,0.0,0,0.0,0,0.0,0,2173.4,64,0.0,0,0.0,0,0.0,0,0.0,0
2012-11-27T09:16:04.500,2173,5057,2173.2,1,0.0,0,0.0,0,0.0,0,0.0,0,2173.4,66,0.0,0,0.0,0,0.0,0,0.0,0
2012-11-27T09:16:05.000,2173,5106,2173,21,0.0,0,0.0,0,0.0,0,0.0,0,2173.2,1,0.0,0,0.0,0,0.0,0,0.0,0
2012-11-27T09:16:05.500,2173.2,5120,2173.2,41,0.0,0,0.0,0,0.0,0,0.0,0,2173.4,37,0.0,0,0.0,0,0.0,0,0.0,0
2012-11-27T09:16:06.000,2173.2,5140,2173.2,30,0.0,0,0.0,0,0.0,0,0.0,0,2173.4,38,0.0,0,0.0,0,0.0,0,0.0,0
2012-11-27T09:16:06.500,2173.2,5174,2173.2,35,0.0,0,0.0,0,0.0,0,0.0,0,2173.4,15,0.0,0,0.0,0,0.0,0,0.0,0
2012-11-27T09:16:07.000,2173.4,5206,2173.4,27,0.0,0,0.0,0,0.0,0,0.0,0,2173.6,24,0.0,0,0.0,0,0.0,0,0.0,0
2012-11-27T09:16:07.500,2173.6,5225,2173.4,17,0.0,0,0.0,0,0.0,0,0.0,0,2173.6,17,0.0,0,0.0,0,0.0,0,0.0,0
2012-11-27T09:16:08.000,2173.4,5246,2173.4,3,0.0,0,0.0,0,0.0,0,0.0,0,2173.6,11,0.0,0,0.0,0,0.0,0,0.0,0
2012-11-27T09:16:08.500,2173.2,5264,2173.2,26,0.0,0,0.0,0,0.0,0,0.0,0,2173.6,7,0.0,0,0.0,0,0.0,0,0.0,0
2012-11-27T09:16:09.000,2173.4,5269,2173.4,3,0.0,0,0.0,0,0.0,0,0.0,0,2173.6,18,0.0,0,0.0,0,0.0,0,0.0,0
2012-11-27T09:16:09.500,2173.2,5289,2173.2,23,0.0,0,0.0,0,0.0,0,0.0,0,2173.6,10,0.0,0,0.0,0,0.0,0,0.0,0
2012-11-27T09:16:10.000,2173.6,5298,2173.2,23,0.0,0,0.0,0,0.0,0,0.0,0,2173.4,7,0.0,0,0.0,0,0.0,0,0.0,0
2012-11-27T09:16:10.500,2173.4,5330,2173.4,27,0.0,0,0.0,0,0.0,0,0.0,0,2173.6,14,0.0,0,0.0,0,0.0,0,0.0,0
2012-11-27T09:16:11.000,2173.4,5337,2173.4,23,0.0,0,0.0,0,0.0,0,0.0,0,2173.6,16,0.0,0,0.0,0,0.0,0,0.0,0
2012-11-27T09:16:11.500,2173.6,5340,2173.4,23,0.0,0,0.0,0,0.0,0,0.0,0,2173.6,13,0.0,0,0.0,0,0.0,0,0.0,0
2012-11-27T09:16:12.000,2173.6,5351,2173.4,17,0.0,0,0.0,0,0.0,0,0.0,0,2173.6,10,0.0,0,0.0,0,0.0,0,0.0,0
2012-11-27T09:16:12.500,2173.6,5364,2173.6,11,0.0,0,0.0,0,0.0,0,0.0,0,2173.8,63,0.0,0,0.0,0,0.0,0,0.0,0
2012-11-27T09:16:13.000,2173.6,5367,2173.6,10,0.0,0,0.0,0,0.0,0,0.0,0,2173.8,65,0.0,0,0.0,0,0.0,0,0.0,0
2012-11-27T09:16:13.500,2173.6,5381,2173.6,21,0.0,0,0.0,0,0.0,0,0.0,0,2173.8,63,0.0,0,0.0,0,0.0,0,0.0,0
2012-11-27T09:16:14.000,2173.6,5406,2173.4,16,0.0,0,0.0,0,0.0,0,0.0,0,2173.6,4,0.0,0,0.0,0,0.0,0,0.0,0
2012-11-27T09:16:14.500,2173.6,5407,2173.4,21,0.0,0,0.0,0,0.0,0,0.0,0,2173.6,7,0.0,0,0.0,0,0.0,0,0.0,0
2012-11-27T09:16:15.000,2173.4,5417,2173.4,14,0.0,0,0.0,0,0.0,0,0.0,0,2173.6,9,0.0,0,0.0,0,0.0,0,0.0,0
2012-11-27T09:16:15.500,2173.8,5434,2173.4,15,0.0,0,0.0,0,0.0,0,0.0,0,2173.6,1,0.0,0,0.0,0,0.0,0,0.0,0
2012-11-27T09:16:16.000,2173.6,5464,2173.4,13,0.0,0,0.0,0,0.0,0,0.0,0,2173.6,8,0.0,0,0.0,0,0.0,0,0.0,0
2012-11-27T09:16:16.500,2173.4,5480,2173.2,50,0.0,0,0.0,0,0.0,0,0.0,0,2173.4,1,0.0,0,0.0,0,0.0,0,0.0,0
2012-11-27T09:16:17.000,2173.6,5535,2173.2,20,0.0,0,0.0,0,0.0,0,0.0,0,2173.8,38,0.0,0,0.0,0,0.0,0,0.0,0
2012-11-27T09:16:17.500,2173.8,5538,2173.4,1,0.0,0,0.0,0,0.0,0,0.0,0,2173.6,31,0.0,0,0.0,0,0.0,0,0.0,0
2012-11-27T09:16:18.000,2173.4,5542,2173.2,22,0.0,0,0.0,0,0.0,0,0.0,0,2173.6,51,0.0,0,0.0,0,0.0,0,0.0,0
2012-11-27T09:16:18.500,2173.4,5547,2173.2,21,0.0,0,0.0,0,0.0,0,0.0,0,2173.4,1,0.0,0,0.0,0,0.0,0,0.0,0
2012-11-27T09:16:19.000,2173.6,5554,2173.4,2,0.0,0,0.0,0,0.0,0,0.0,0,2173.6,49,0.0,0,0.0,0,0.0,0,0.0,0
2012-11-27T09:16:19.500,2173.4,5581,2173.2,20,0.0,0,0.0,0,0.0,0,0.0,0,2173.4,18,0.0,0,0.0,0,0.0,0,0.0,0
2012-11-27T09:16:20.000,2173.4,5601,2173.2,17,0.0,0,0.0,0,0.0,0,0.0,0,2173.4,3,0.0,0,0.0,0,0.0,0,0.0,0
2012-11-27T09:16:20.500,2173.2,5613,2173.4,2,0.0,0,0.0,0,0.0,0,0.0,0,2173.6,27,0.0,0,0.0,0,0.0,0,0.0,0
2012-11-27T09:16:21.000,2173.2,5618,2173.2,9,0.0,0,0.0,0,0.0,0,0.0,0,2173.6,26,0.0,0,0.0,0,0.0,0,0.0,0
2012-11-27T09:16:21.500,2173.4,5625,2173.2,5,0.0,0,0.0,0,0.0,0,0.0,0,2173.4,31,0.0,0,0.0,0,0.0,0,0.0,0
2012-11-27T09:16:22.000,2173.4,5633,2173.2,1,0.0,0,0.0,0,0.0,0,0.0,0,2173.4,27,0.0,0,0.0,0,0.0,0,0.0,0
2012-11-27T09:16:22.500,2173.2,5642,2173,82,0.0,0,0.0,0,0.0,0,0.0,0,2173.2,10,0.0,0,0.0,0,0.0,0,0.0,0
2012-11-27T09:16:23.000,2173,5649,2173,82,0.0,0,0.0,0,0.0,0,0.0,0,2173.2,21,0.0,0,0.0,0,0.0,0,0.0,0
2012-11-27T09:16:23.500,2173.2,5653,2173,81,0.0,0,0.0,0,0.0,0,0.0,0,2173.2,23,0.0,0,0.0,0,0.0,0,0.0,0
2012-11-27T09:16:24.250,2173.2,5668,2173,72,0.0,0,0.0,0,0.0,0,0.0,0,2173.2,18,0.0,0,0.0,0,0.0,0,0.0,0
2012-11-27T09:16:25.000,2173.2,5671,2173,74,0.0,0,0.0,0,0.0,0,0.0,0,2173.2,17,0.0,0,0.0,0,0.0,0,0.0,0
2012-11-27T09:16:25.500,2173.2,5680,2173,73,0.0,0,0.0,0,0.0,0,0.0,0,2173.2,10,0.0,0,0.0,0,0.0,0,0.0,0
2012-11-27T09:16:26.000,2173,5685,2173,70,0.0,0,0.0,0,0.0,0,0.0,0,2173.2,9,0.0,0,0.0,0,0.0,0,0.0,0
2012-11-27T09:16:26.500,2173.2,5687,2173,70,0.0,0,0.0,0,0.0,0,0.0,0,2173.2,9,0.0,0,0.0,0,0.0,0,0.0,0
2012-11-27T09:16:27.000,2173.2,5697,2173,77,0.0,0,0.0,0,0.0,0,0.0,0,2173.2,3,0.0,0,0.0,0,0.0,0,0.0,0
2012-11-27T09:16:27.500,2173,5709,2173,66,0.0,0,0.0,0,0.0,0,0.0,0,2173.2,5,0.0,0,0.0,0,0.0,0,0.0,0
2012-11-27T09:16:28.000,2173.2,5714,2173,65,0.0,0,0.0,0,0.0,0,0.0,0,2173.2,3,0.0,0,0.0,0,0.0,0,0.0,0
2012-11-27T09:16:28.500,2173.2,5718,2173.2,25,0.0,0,0.0,0,0.0,0,0.0,0,2173.4,10,0.0,0,0.0,0,0.0,0,0.0,0
2012-11-27T09:16:29.000,2173.2,5721,2173.2,25,0.0,0,0.0,0,0.0,0,0.0,0,2173.4,10,0.0,0,0.0,0,0.0,0,0.0,0
2012-11-27T09:16:29.500,2173.2,5732,2173.2,22,0.0,0,0.0,0,0.0,0,0.0,0,2173.4,10,0.0,0,0.0,0,0.0,0,0.0,0
2012-11-27T09:16:30.000,2173.2,5736,2173.2,24,0.0,0,0.0,0,0.0,0,0.0,0,2173.4,11,0.0,0,0.0,0,0.0,0,0.0,0
2012-11-27T09:16:30.500,2173.2,5747,2173.2,27,0.0,0,0.0,0,0.0,0,0.0,0,2173.4,1,0.0,0,0.0,0,0.0,0,0.0,0
2012-11-27T09:16:31.000,2173.4,5750,2173.4,30,0.0,0,0.0,0,0.0,0,0.0,0,2173.6,16,0.0,0,0.0,0,0.0,0,0.0,0
2012-11-27T09:16:31.500,2173.6,5779,2173.4,4,0.0,0,0.0,0,0.0,0,0.0,0,2173.6,15,0.0,0,0.0,0,0.0,0,0.0,0
2012-11-27T09:16:32.000,2173.4,5790,2173.4,3,0.0,0,0.0,0,0.0,0,0.0,0,2173.6,16,0.0,0,0.0,0,0.0,0,0.0,0
2012-11-27T09:16:32.500,2173.4,5796,2173.2,29,0.0,0,0.0,0,0.0,0,0.0,0,2173.6,27,0.0,0,0.0,0,0.0,0,0.0,0
2012-11-27T09:16:33.000,2173.2,5807,2173.2,18,0.0,0,0.0,0,0.0,0,0.0,0,2173.6,27,0.0,0,0.0,0,0.0,0,0.0,0
2012-11-27T09:16:33.500,2173.6,5808,2173.2,19,0.0,0,0.0,0,0.0,0,0.0,0,2173.4,1,0.0,0,0.0,0,0.0,0,0.0,0
2012-11-27T09:16:34.000,2173.6,5817,2173.2,15,0.0,0,0.0,0,0.0,0,0.0,0,2173.4,1,0.0,0,0.0,0,0.0,0,0.0,0
2012-11-27T09:16:34.500,2173.2,5829,2173.2,13,0.0,0,0.0,0,0.0,0,0.0,0,2173.6,31,0.0,0,0.0,0,0.0,0,0.0,0
2012-11-27T09:16:35.000,2173.6,5832,2173.2,13,0.0,0,0.0,0,0.0,0,0.0,0,2173.6,29,0.0,0,0.0,0,0.0,0,0.0,0
2012-11-27T09:16:35.500,2173.4,5846,2173.2,5,0.0,0,0.0,0,0.0,0,0.0,0,2173.4,7,0.0,0,0.0,0,0.0,0,0.0,0
2012-11-27T09:16:36.000,2173.4,5857,2173.2,5,0.0,0,0.0,0,0.0,0,0.0,0,2173.4,4,0.0,0,0.0,0,0.0,0,0.0,0
2012-11-27T09:16:36.500,2173.4,5878,2173.2,5,0.0,0,0.0,0,0.0,0,0.0,0,2173.4,9,0.0,0,0.0,0,0.0,0,0.0,0
2012-11-27T09:16:37.250,2173.2,5881,2173.2,11,0.0,0,0.0,0,0.0,0,0.0,0,2173.4,7,0.0,0,0.0,0,0.0,0,0.0,0
2012-11-27T09:16:38.000,2173.2,5885,2173.2,9,0.0,0,0.0,0,0.0,0,0.0,0,2173.4,12,0.0,0,0.0,0,0.0,0,0.0,0
2012-11-27T09:16:38.500,2173.2,5897,2173.2,1,0.0,0,0.0,0,0.0,0,0.0,0,2173.4,11,0.0,0,0.0,0,0.0,0,0.0,0
2012-11-27T09:16:39.000,2173.4,5909,2173.4,2,0.0,0,0.0,0,0.0,0,0.0,0,2173.6,41,0.0,0,0.0,0,0.0,0,0.0,0
2012-11-27T09:16:39.500,2173.2,5917,2173,89,0.0,0,0.0,0,0.0,0,0.0,0,2173.2,16,0.0,0,0.0,0,0.0,0,0.0,0
2012-11-27T09:16:40.000,2173,5922,2173,89,0.0,0,0.0,0,0.0,0,0.0,0,2173.2,12,0.0,0,0.0,0,0.0,0,0.0,0
2012-11-27T09:16:40.500,2173.4,5943,2173,92,0.0,0,0.0,0,0.0,0,0.0,0,2173.2,2,0.0,0,0.0,0,0.0,0,0.0,0
2012-11-27T09:16:41.000,2173,5952,2173,88,0.0,0,0.0,0,0.0,0,0.0,0,2173.2,1,0.0,0,0.0,0,0.0,0,0.0,0
2012-11-27T09:16:41.500,2173.2,5960,2173.2,1,0.0,0,0.0,0,0.0,0,0.0,0,2173.4,26,0.0,0,0.0,0,0.0,0,0.0,0
2012-11-27T09:16:42.000,2173.4,5967,2173.2,14,0.0,0,0.0,0,0.0,0,0.0,0,2173.4,24,0.0,0,0.0,0,0.0,0,0.0,0
2012-11-27T09:16:42.500,2173.4,5975,2173.2,19,0.0,0,0.0,0,0.0,0,0.0,0,2173.4,20,0.0,0,0.0,0,0.0,0,0.0,0
2012-11-27T09:16:43.000,2173.2,5988,2173.2,8,0.0,0,0.0,0,0.0,0,0.0,0,2173.4,18,0.0,0,0.0,0,0.0,0,0.0,0
2012-11-27T09:16:43.500,2173.2,5994,2173.2,4,0.0,0,0.0,0,0.0,0,0.0,0,2173.4,18,0.0,0,0.0,0,0.0,0,0.0,0
2012-11-27T09:16:44.000,2173.2,5999,2173.2,11,0.0,0,0.0,0,0.0,0,0.0,0,2173.4,19,0.0,0,0.0,0,0.0,0,0.0,0
2012-11-27T09:16:44.500,2173.2,6013,2173.2,7,0.0,0,0.0,0,0.0,0,0.0,0,2173.4,12,0.0,0,0.0,0,0.0,0,0.0,0
2012-11-27T09:16:45.000,2173.2,6017,2173.2,4,0.0,0,0.0,0,0.0,0,0.0,0,2173.4,13,0.0,0,0.0,0,0.0,0,0.0,0
2012-11-27T09:16:45.500,2173.2,6020,2173.2,20,0.0,0,0.0,0,0.0,0,0.0,0,2173.4,13,0.0,0,0.0,0,0.0,0,0.0,0
2012-11-27T09:16:46.000,2173.2,6035,2173.2,16,0.0,0,0.0,0,0.0,0,0.0,0,2173.4,3,0.0,0,0.0,0,0.0,0,0.0,0
2012-11-27T09:16:46.500,2173.4,6039,2173.2,20,0.0,0,0.0,0,0.0,0,0.0,0,2173.4,3,0.0,0,0.0,0,0.0,0,0.0,0
2012-11-27T09:16:47.000,2173.2,6046,2173.2,26,0.0,0,0.0,0,0.0,0,0.0,0,2173.4,1,0.0,0,0.0,0,0.0,0,0.0,0
2012-11-27T09:16:47.500,2173.4,6051,2173.4,3,0.0,0,0.0,0,0.0,0,0.0,0,2173.6,64,0.0,0,0.0,0,0.0,0,0.0,0
2012-11-27T09:16:48.000,2173.2,6064,2173.4,1,0.0,0,0.0,0,0.0,0,0.0,0,2173.6,64,0.0,0,0.0,0,0.0,0,0.0,0
2012-11-27T09:16:48.500,2173.4,6079,2173.4,3,0.0,0,0.0,0,0.0,0,0.0,0,2173.6,64,0.0,0,0.0,0,0.0,0,0.0,0
2012-11-27T09:16:49.000,2173.4,6085,2173.4,4,0.0,0,0.0,0,0.0,0,0.0,0,2173.6,64,0.0,0,0.0,0,0.0,0,0.0,0
2012-11-27T09:16:49.500,2173.2,6092,2173.2,34,0.0,0,0.0,0,0.0,0,0.0,0,2173.4,1,0.0,0,0.0,0,0.0,0,0.0,0
2012-11-27T09:16:50.000,2173.4,6096,2173.2,32,0.0,0,0.0,0,0.0,0,0.0,0,2173.4,5,0.0,0,0.0,0,0.0,0,0.0,0
2012-11-27T09:16:50.500,2173.4,6100,2173.2,30,0.0,0,0.0,0,0.0,0,0.0,0,2173.4,5,0.0,0,0.0,0,0.0,0,0.0,0
2012-11-27T09:16:51.000,2173.4,6101,2173.2,29,0.0,0,0.0,0,0.0,0,0.0,0,2173.4,7,0.0,0,0.0,0,0.0,0,0.0,0
2012-11-27T09:16:51.500,2173.4,6112,2173.2,25,0.0,0,0.0,0,0.0,0,0.0,0,2173.4,36,0.0,0,0.0,0,0.0,0,0.0,0
2012-11-27T09:16:52.000,2173.2,6138,2173,92,0.0,0,0.0,0,0.0,0,0.0,0,2173.2,9,0.0,0,0.0,0,0.0,0,0.0,0
2012-11-27T09:16:52.500,2173.2,6151,2173,85,0.0,0,0.0,0,0.0,0,0.0,0,2173.2,21,0.0,0,0.0,0,0.0,0,0.0,0
2012-11-27T09:16:53.000,2173.2,6158,2173,79,0.0,0,0.0,0,0.0,0,0.0,0,2173.2,23,0.0,0,0.0,0,0.0,0,0.0,0
2012-11-27T09:16:53.500,2173.2,6160,2173,79,0.0,0,0.0,0,0.0,0,0.0,0,2173.2,23,0.0,0,0.0,0,0.0,0,0.0,0
2012-11-27T09:16:54.000,2173,6169,2173,72,0.0,0,0.0,0,0.0,0,0.0,0,2173.2,22,0.0,0,0.0,0,0.0,0,0.0,0
2012-11-27T09:16:54.500,2173.2,6199,2173,48,0.0,0,0.0,0,0.0,0,0.0,0,2173.2,17,0.0,0,0.0,0,0.0,0,0.0,0
2012-11-27T09:16:55.000,2173,6223,2173,29,0.0,0,0.0,0,0.0,0,0.0,0,2173.2,15,0.0,0,0.0,0,0.0,0,0.0,0
2012-11-27T09:16:55.500,2173,6231,2173,22,0.0,0,0.0,0,0.0,0,0.0,0,2173.2,26,0.0,0,0.0,0,0.0,0,0.0,0
2012-11-27T09:16:56.000,2173,6254,2172.8,51,0.0,0,0.0,0,0.0,0,0.0,0,2173,40,0.0,0,0.0,0,0.0,0,0.0,0
2012-11-27T09:16:56.500,2172.8,6265,2172.8,46,0.0,0,0.0,0,0.0,0,0.0,0,2173,55,0.0,0,0.0,0,0.0,0,0.0,0
2012-11-27T09:16:57.000,2172.8,6271,2172.8,43,0.0,0,0.0,0,0.0,0,0.0,0,2173,59,0.0,0,0.0,0,0.0,0,0.0,0
2012-11-27T09:16:57.500,2172.8,6284,2172.8,32,0.0,0,0.0,0,0.0,0,0.0,0,2173,65,0.0,0,0.0,0,0.0,0,0.0,0
2012-11-27T09:16:58.000,2173,6353,2172.6,62,0.0,0,0.0,0,0.0,0,0.0,0,2173,52,0.0,0,0.0,0,0.0,0,0.0,0
2012-11-27T09:16:58.500,2172.6,6361,2172.6,54,0.0,0,0.0,0,0.0,0,0.0,0,2172.8,8,0.0,0,0.0,0,0.0,0,0.0,0
2012-11-27T09:16:59.000,2172.6,6363,2172.6,63,0.0,0,0.0,0,0.0,0,0.0,0,2172.8,20,0.0,0,0.0,0,0.0,0,0.0,0
2012-11-27T09:16:59.500,2172.6,6374,2172.6,54,0.0,0,0.0,0,0.0,0,0.0,0,2172.8,31,0.0,0,0.0,0,0.0,0,0.0,0
2012-11-27T09:17:00.000,2172.6,6393,2172.6,45,0.0,0,0.0,0,0.0,0,0.0,0,2172.8,23,0.0,0,0.0,0,0.0,0,0.0,0
2012-11-27T09:17:00.500,2172.6,6444,2172.4,19,0.0,0,0.0,0,0.0,0,0.0,0,2172.6,4,0.0,0,0.0,0,0.0,0,0.0,0
2012-11-27T09:17:01.000,2172.4,6458,2172.4,7,0.0,0,0.0,0,0.0,0,0.0,0,2172.6,8,0.0,0,0.0,0,0.0,0,0.0,0
2012-11-27T09:17:01.500,2172.4,6482,2172.4,6,0.0,0,0.0,0,0.0,0,0.0,0,2172.6,14,0.0,0,0.0,0,0.0,0,0.0,0
2012-11-27T09:17:02.000,2172.6,6533,2172.6,5,0.0,0,0.0,0,0.0,0,0.0,0,2172.8,18,0.0,0,0.0,0,0.0,0,0.0,0
2012-11-27T09:17:02.500,2172.6,6549,2172.4,20,0.0,0,0.0,0,0.0,0,0.0,0,2172.8,17,0.0,0,0.0,0,0.0,0,0.0,0
2012-11-27T09:17:03.000,2172.6,6588,2172.6,10,0.0,0,0.0,0,0.0,0,0.0,0,2172.8,12,0.0,0,0.0,0,0.0,0,0.0,0
2012-11-27T09:17:03.500,2172.6,6598,2172.6,20,0.0,0,0.0,0,0.0,0,0.0,0,2172.8,14,0.0,0,0.0,0,0.0,0,0.0,0
2012-11-27T09:17:04.000,2172.6,6620,2172.6,8,0.0,0,0.0,0,0.0,0,0.0,0,2172.8,8,0.0,0,0.0,0,0.0,0,0.0,0
2012-11-27T09:17:04.500,2172.8,6636,2172.6,13,0.0,0,0.0,0,0.0,0,0.0,0,2173,35,0.0,0,0.0,0,0.0,0,0.0,0
2012-11-27T09:17:05.000,2172.8,6697,2172,101,0.0,0,0.0,0,0.0,0,0.0,0,2172.8,3,0.0,0,0.0,0,0.0,0,0.0,0
2012-11-27T09:17:05.500,2172.4,6704,2172.4,2,0.0,0,0.0,0,0.0,0,0.0,0,2172.6,1,0.0,0,0.0,0,0.0,0,0.0,0
2012-11-27T09:17:06.000,2172.4,6717,2172.2,16,0.0,0,0.0,0,0.0,0,0.0,0,2172.4,1,0.0,0,0.0,0,0.0,0,0.0,0
2012-11-27T09:17:06.500,2172.2,6727,2172.2,14,0.0,0,0.0,0,0.0,0,0.0,0,2172.4,29,0.0,0,0.0,0,0.0,0,0.0,0
2012-11-27T09:17:07.000,2172.2,6751,2172.2,1,0.0,0,0.0,0,0.0,0,0.0,0,2172.4,16,0.0,0,0.0,0,0.0,0,0.0,0
2012-11-27T09:17:07.500,2172.2,6758,2172,103,0.0,0,0.0,0,0.0,0,0.0,0,2172.4,16,0.0,0,0.0,0,0.0,0,0.0,0
2012-11-27T09:17:08.000,2172,6813,2172,57,0.0,0,0.0,0,0.0,0,0.0,0,2172.4,21,0.0,0,0.0,0,0.0,0,0.0,0
2012-11-27T09:17:08.500,2172.4,6834,2172,45,0.0,0,0.0,0,0.0,0,0.0,0,2172.4,23,0.0,0,0.0,0,0.0,0,0.0,0
2012-11-27T09:17:09.000,2171.8,6888,2171.8,7,0.0,0,0.0,0,0.0,0,0.0,0,2172,13,0.0,0,0.0,0,0.0,0,0.0,0
2012-11-27T09:17:09.500,2172,6928,2171.4,15,0.0,0,0.0,0,0.0,0,0.0,0,2172,39,0.0,0,0.0,0,0.0,0,0.0,0
2012-11-27T09:17:10.000,2171.8,6945,2171.6,1,0.0,0,0.0,0,0.0,0,0.0,0,2171.8,32,0.0,0,0.0,0,0.0,0,0.0,0
2012-11-27T09:17:10.500,2171.6,6976,2171.2,45,0.0,0,0.0,0,0.0,0,0.0,0,2171.4,2,0.0,0,0.0,0,0.0,0,0.0,0
2012-11-27T09:17:11.000,2172,7015,2171.8,1,0.0,0,0.0,0,0.0,0,0.0,0,2172,116,0.0,0,0.0,0,0.0,0,0.0,0
2012-11-27T09:17:11.500,2171.4,7027,2171.4,1,0.0,0,0.0,0,0.0,0,0.0,0,2171.6,27,0.0,0,0.0,0,0.0,0,0.0,0
2012-11-27T09:17:12.000,2171.4,7090,2171.2,31,0.0,0,0.0,0,0.0,0,0.0,0,2171.4,3,0.0,0,0.0,0,0.0,0,0.0,0
2012-11-27T09:17:12.500,2171.8,7120,2171.6,2,0.0,0,0.0,0,0.0,0,0.0,0,2171.8,7,0.0,0,0.0,0,0.0,0,0.0,0
2012-11-27T09:17:13.000,2171.6,7147,2171.4,14,0.0,0,0.0,0,0.0,0,0.0,0,2171.6,1,0.0,0,0.0,0,0.0,0,0.0,0
2012-11-27T09:17:13.500,2171.4,7174,2171.4,19,0.0,0,0.0,0,0.0,0,0.0,0,2171.8,29,0.0,0,0.0,0,0.0,0,0.0,0
2012-11-27T09:17:14.000,2171.6,7197,2171.6,1,0.0,0,0.0,0,0.0,0,0.0,0,2171.8,30,0.0,0,0.0,0,0.0,0,0.0,0
2012-11-27T09:17:14.500,2171.6,7203,2171.4,11,0.0,0,0.0,0,0.0,0,0.0,0,2171.6,3,0.0,0,0.0,0,0.0,0,0.0,0
2012-11-27T09:17:15.000,2171.6,7224,2171.4,5,0.0,0,0.0,0,0.0,0,0.0,0,2171.6,9,0.0,0,0.0,0,0.0,0,0.0,0
2012-11-27T09:17:15.500,2171.4,7249,2171.2,46,0.0,0,0.0,0,0.0,0,0.0,0,2171.6,6,0.0,0,0.0,0,0.0,0,0.0,0
2012-11-27T09:17:16.000,2171.4,7257,2171.4,1,0.0,0,0.0,0,0.0,0,0.0,0,2171.6,29,0.0,0,0.0,0,0.0,0,0.0,0
2012-11-27T09:17:16.500,2171.4,7280,2171.2,47,0.0,0,0.0,0,0.0,0,0.0,0,2171.4,13,0.0,0,0.0,0,0.0,0,0.0,0
2012-11-27T09:17:17.000,2171.4,7329,2171.2,22,0.0,0,0.0,0,0.0,0,0.0,0,2171.4,6,0.0,0,0.0,0,0.0,0,0.0,0
2012-11-27T09:17:17.500,2171.2,7353,2171.2,7,0.0,0,0.0,0,0.0,0,0.0,0,2171.4,1,0.0,0,0.0,0,0.0,0,0.0,0
2012-11-27T09:17:18.000,2171.2,7390,2171,47,0.0,0,0.0,0,0.0,0,0.0,0,2171.2,10,0.0,0,0.0,0,0.0,0,0.0,0
2012-11-27T09:17:18.500,2171,7449,2171,30,0.0,0,0.0,0,0.0,0,0.0,0,2171.2,2,0.0,0,0.0,0,0.0,0,0.0,0
2012-11-27T09:17:19.000,2171,7532,2171,6,0.0,0,0.0,0,0.0,0,0.0,0,2171.2,3,0.0,0,0.0,0,0.0,0,0.0,0
2012-11-27T09:17:19.500,2171,7599,2170.6,9,0.0,0,0.0,0,0.0,0,0.0,0,2171,3,0.0,0,0.0,0,0.0,0,0.0,0
2012-11-27T09:17:20.000,2171.2,7633,2171.2,27,0.0,0,0.0,0,0.0,0,0.0,0,2171.4,10,0.0,0,0.0,0,0.0,0,0.0,0
2012-11-27T09:17:20.500,2171.4,7668,2171.2,8,0.0,0,0.0,0,0.0,0,0.0,0,2171.4,2,0.0,0,0.0,0,0.0,0,0.0,0
2012-11-27T09:17:21.000,2171.4,7701,2171.2,13,0.0,0,0.0,0,0.0,0,0.0,0,2171.4,3,0.0,0,0.0,0,0.0,0,0.0,0
2012-11-27T09:17:21.500,2171.2,7742,2171.4,3,0.0,0,0.0,0,0.0,0,0.0,0,2171.6,28,0.0,0,0.0,0,0.0,0,0.0,0
2012-11-27T09:17:22.000,2171.4,7756,2171.4,7,0.0,0,0.0,0,0.0,0,0.0,0,2171.6,29,0.0,0,0.0,0,0.0,0,0.0,0
2012-11-27T09:17:22.500,2171.4,7794,2171.4,4,0.0,0,0.0,0,0.0,0,0.0,0,2171.6,3,0.0,0,0.0,0,0.0,0,0.0,0
2012-11-27T09:17:23.000,2171.4,7806,2171.4,14,0.0,0,0.0,0,0.0,0,0.0,0,2171.8,30,0.0,0,0.0,0,0.0,0,0.0,0
2012-11-27T09:17:23.500,2171.4,7823,2171.4,6,0.0,0,0.0,0,0.0,0,0.0,0,2171.6,2,0.0,0,0.0,0,0.0,0,0.0,0
2012-11-27T09:17:24.000,2171.6,7835,2171.6,2,0.0,0,0.0,0,0.0,0,0.0,0,2171.8,29,0.0,0,0.0,0,0.0,0,0.0,0
2012-11-27T09:17:24.500,2171.6,7837,2171.6,12,0.0,0,0.0,0,0.0,0,0.0,0,2171.8,34,0.0,0,0.0,0,0.0,0,0.0,0
2012-11-27T09:17:25.000,2171.6,7854,2171.6,3,0.0,0,0.0,0,0.0,0,0.0,0,2171.8,27,0.0,0,0.0,0,0.0,0,0.0,0
2012-11-27T09:17:25.500,2171.6,7863,2171.6,1,0.0,0,0.0,0,0.0,0,0.0,0,2171.8,21,0.0,0,0.0,0,0.0,0,0.0,0
2012-11-27T09:17:26.000,2171.8,7873,2171.4,10,0.0,0,0.0,0,0.0,0,0.0,0,2171.8,14,0.0,0,0.0,0,0.0,0,0.0,0
2012-11-27T09:17:26.500,2171.6,7881,2171.4,10,0.0,0,0.0,0,0.0,0,0.0,0,2171.6,15,0.0,0,0.0,0,0.0,0,0.0,0
2012-11-27T09:17:27.000,2171.4,7895,2171.4,31,0.0,0,0.0,0,0.0,0,0.0,0,2171.6,6,0.0,0,0.0,0,0.0,0,0.0,0
2012-11-27T09:17:27.500,2171.6,7909,2171.4,16,0.0,0,0.0,0,0.0,0,0.0,0,2171.6,8,0.0,0,0.0,0,0.0,0,0.0,0
2012-11-27T09:17:28.000,2171.6,7939,2171.6,28,0.0,0,0.0,0,0.0,0,0.0,0,2171.8,14,0.0,0,0.0,0,0.0,0,0.0,0
2012-11-27T09:17:28.500,2171.6,7954,2171.6,20,0.0,0,0.0,0,0.0,0,0.0,0,2171.8,17,0.0,0,0.0,0,0.0,0,0.0,0
2012-11-27T09:17:29.000,2171.8,7957,2171.6,24,0.0,0,0.0,0,0.0,0,0.0,0,2171.8,16,0.0,0,0.0,0,0.0,0,0.0,0
2012-11-27T09:17:29.500,2171.8,7962,2171.6,24,0.0,0,0.0,0,0.0,0,0.0,0,2171.8,18,0.0,0,0.0,0,0.0,0,0.0,0
2012-11-27T09:17:30.000,2171.6,7974,2171.6,16,0.0,0,0.0,0,0.0,0,0.0,0,2171.8,19,0.0,0,0.0,0,0.0,0,0.0,0
2012-11-27T09:17:30.500,2171.8,7995,2171.8,3,0.0,0,0.0,0,0.0,0,0.0,0,2172,22,0.0,0,0.0,0,0.0,0,0.0,0
2012-11-27T09:17:31.000,2171.6,8001,2171.6,17,0.0,0,0.0,0,0.0,0,0.0,0,2171.8,3,0.0,0,0.0,0,0.0,0,0.0,0
2012-11-27T09:17:31.500,2171.8,8005,2171.8,9,0.0,0,0.0,0,0.0,0,0.0,0,2172,25,0.0,0,0.0,0,0.0,0,0.0,0
2012-11-27T09:17:32.000,2171.8,8011,2171.8,4,0.0,0,0.0,0,0.0,0,0.0,0,2172,25,0.0,0,0.0,0,0.0,0,0.0,0
2012-11-27T09:17:32.500,2171.8,8030,2171.6,16,0.0,0,0.0,0,0.0,0,0.0,0,2171.8,29,0.0,0,0.0,0,0.0,0,0.0,0
2012-11-27T09:17:33.000,2171.8,8072,2171.8,9,0.0,0,0.0,0,0.0,0,0.0,0,2172,22,0.0,0,0.0,0,0.0,0,0.0,0
2012-11-27T09:17:33.500,2172,8081,2171.8,14,0.0,0,0.0,0,0.0,0,0.0,0,2172,21,0.0,0,0.0,0,0.0,0,0.0,0
2012-11-27T09:17:34.000,2171.8,8094,2171.8,11,0.0,0,0.0,0,0.0,0,0.0,0,2172,21,0.0,0,0.0,0,0.0,0,0.0,0
2012-11-27T09:17:34.500,2172,8099,2171.8,9,0.0,0,0.0,0,0.0,0,0.0,0,2172,27,0.0,0,0.0,0,0.0,0,0.0,0
2012-11-27T09:17:35.000,2172,8108,2171.8,9,0.0,0,0.0,0,0.0,0,0.0,0,2172,33,0.0,0,0.0,0,0.0,0,0.0,0
2012-11-27T09:17:35.500,2171.8,8118,2171.8,10,0.0,0,0.0,0,0.0,0,0.0,0,2172,26,0.0,0,0.0,0,0.0,0,0.0,0
2012-11-27T09:17:36.000,2171.8,8127,2171.8,8,0.0,0,0.0,0,0.0,0,0.0,0,2172,20,0.0,0,0.0,0,0.0,0,0.0,0
2012-11-27T09:17:36.500,2172,8132,2171.8,8,0.0,0,0.0,0,0.0,0,0.0,0,2172,17,0.0,0,0.0,0,0.0,0,0.0,0
2012-11-27T09:17:37.000,2172,8150,2171.8,22,0.0,0,0.0,0,0.0,0,0.0,0,2172,3,0.0,0,0.0,0,0.0,0,0.0,0
2012-11-27T09:17:37.500,2172,8153,2172,28,0.0,0,0.0,0,0.0,0,0.0,0,2172.2,54,0.0,0,0.0,0,0.0,0,0.0,0
2012-11-27T09:17:38.000,2172,8201,2172,8,0.0,0,0.0,0,0.0,0,0.0,0,2172.2,54,0.0,0,0.0,0,0.0,0,0.0,0
2012-11-27T09:17:38.500,2171.8,8212,2171.8,19,0.0,0,0.0,0,0.0,0,0.0,0,2172,7,0.0,0,0.0,0,0.0,0,0.0,0
2012-11-27T09:17:39.000,2172,8220,2171.8,8,0.0,0,0.0,0,0.0,0,0.0,0,2172,3,0.0,0,0.0,0,0.0,0,0.0,0
2012-11-27T09:17:39.500,2172,8225,2171.8,7,0.0,0,0.0,0,0.0,0,0.0,0,2172,7,0.0,0,0.0,0,0.0,0,0.0,0
2012-11-27T09:17:40.000,2172,8236,2171.8,2,0.0,0,0.0,0,0.0,0,0.0,0,2172,8,0.0,0,0.0,0,0.0,0,0.0,0
2012-11-27T09:17:40.500,2171.8,8237,2171.8,1,0.0,0,0.0,0,0.0,0,0.0,0,2172,12,0.0,0,0.0,0,0.0,0,0.0,0
2012-11-27T09:17:41.000,2172,8239,2171.8,3,0.0,0,0.0,0,0.0,0,0.0,0,2172,12,0.0,0,0.0,0,0.0,0,0.0,0
2012-11-27T09:17:41.500,2172,8245,2171.8,1,0.0,0,0.0,0,0.0,0,0.0,0,2172,14,0.0,0,0.0,0,0.0,0,0.0,0
2012-11-27T09:17:42.000,2172,8250,2171.6,40,0.0,0,0.0,0,0.0,0,0.0,0,2171.8,1,0.0,0,0.0,0,0.0,0,0.0,0
2012-11-27T09:17:42.500,2171.8,8257,2171.6,39,0.0,0,0.0,0,0.0,0,0.0,0,2171.8,2,0.0,0,0.0,0,0.0,0,0.0,0
2012-11-27T09:17:43.000,2171.8,8262,2171.8,12,0.0,0,0.0,0,0.0,0,0.0,0,2172,15,0.0,0,0.0,0,0.0,0,0.0,0
2012-11-27T09:17:43.500,2171.8,8266,2171.8,9,0.0,0,0.0,0,0.0,0,0.0,0,2172,22,0.0,0,0.0,0,0.0,0,0.0,0
2012-11-27T09:17:44.000,2171.8,8280,2171.6,40,0.0,0,0.0,0,0.0,0,0.0,0,2171.8,6,0.0,0,0.0,0,0.0,0,0.0,0
2012-11-27T09:17:44.500,2172,8290,2171.6,40,0.0,0,0.0,0,0.0,0,0.0,0,2172,20,0.0,0,0.0,0,0.0,0,0.0,0
2012-11-27T09:17:45.250,2171.8,8291,2171.8,1,0.0,0,0.0,0,0.0,0,0.0,0,2172,20,0.0,0,0.0,0,0.0,0,0.0,0
2012-11-27T09:17:46.000,2171.8,8293,2171.8,2,0.0,0,0.0,0,0.0,0,0.0,0,2172,24,0.0,0,0.0,0,0.0,0,0.0,0
2012-11-27T09:17:46.500,2171.8,8296,2171.8,7,0.0,0,0.0,0,0.0,0,0.0,0,2172,25,0.0,0,0.0,0,0.0,0,0.0,0
2012-11-27T09:17:47.000,2171.8,8299,2171.8,6,0.0,0,0.0,0,0.0,0,0.0,0,2172,27,0.0,0,0.0,0,0.0,0,0.0,0
2012-11-27T09:17:47.500,2172,8302,2171.8,17,0.0,0,0.0,0,0.0,0,0.0,0,2172,25,0.0,0,0.0,0,0.0,0,0.0,0
2012-11-27T09:17:48.250,2171.8,8346,2171.6,50,0.0,0,0.0,0,0.0,0,0.0,0,2171.8,5,0.0,0,0.0,0,0.0,0,0.0,0
2012-11-27T09:17:49.000,2171.8,8353,2171.8,1,0.0,0,0.0,0,0.0,0,0.0,0,2172,24,0.0,0,0.0,0,0.0,0,0.0,0
2012-11-27T09:17:49.500,2171.8,8358,2171.8,4,0.0,0,0.0,0,0.0,0,0.0,0,2172,32,0.0,0,0.0,0,0.0,0,0.0,0
2012-11-27T09:17:50.000,2171.8,8362,2171.6,50,0.0,0,0.0,0,0.0,0,0.0,0,2171.8,7,0.0,0,0.0,0,0.0,0,0.0,0
2012-11-27T09:17:50.500,2171.8,8369,2171.8,2,0.0,0,0.0,0,0.0,0,0.0,0,2172,43,0.0,0,0.0,0,0.0,0,0.0,0
2012-11-27T09:17:51.000,2171.8,8379,2171.6,61,0.0,0,0.0,0,0.0,0,0.0,0,2171.8,1,0.0,0,0.0,0,0.0,0,0.0,0
2012-11-27T09:17:51.500,2171.8,8382,2171.8,2,0.0,0,0.0,0,0.0,0,0.0,0,2172,40,0.0,0,0.0,0,0.0,0,0.0,0
2012-11-27T09:17:52.000,2172,8385,2171.8,4,0.0,0,0.0,0,0.0,0,0.0,0,2172,38,0.0,0,0.0,0,0.0,0,0.0,0
2012-11-27T09:17:52.500,2172,8389,2171.8,12,0.0,0,0.0,0,0.0,0,0.0,0,2172,59,0.0,0,0.0,0,0.0,0,0.0,0
2012-11-27T09:17:53.250,2172,8405,2171.8,11,0.0,0,0.0,0,0.0,0,0.0,0,2172,44,0.0,0,0.0,0,0.0,0,0.0,0
2012-11-27T09:17:54.000,2171.8,8406,2171.8,37,0.0,0,0.0,0,0.0,0,0.0,0,2172,49,0.0,0,0.0,0,0.0,0,0.0,0
2012-11-27T09:17:54.500,2172,8417,2171.8,28,0.0,0,0.0,0,0.0,0,0.0,0,2172,48,0.0,0,0.0,0,0.0,0,0.0,0
2012-11-27T09:17:55.000,2172,8457,2171.8,37,0.0,0,0.0,0,0.0,0,0.0,0,2172,8,0.0,0,0.0,0,0.0,0,0.0,0
2012-11-27T09:17:55.500,2172,8468,2172,10,0.0,0,0.0,0,0.0,0,0.0,0,2172.2,40,0.0,0,0.0,0,0.0,0,0.0,0
2012-11-27T09:17:56.000,2172,8472,2172,17,0.0,0,0.0,0,0.0,0,0.0,0,2172.2,39,0.0,0,0.0,0,0.0,0,0.0,0
2012-11-27T09:17:56.500,2172,8487,2172,8,0.0,0,0.0,0,0.0,0,0.0,0,2172.2,39,0.0,0,0.0,0,0.0,0,0.0,0
2012-11-27T09:17:57.000,2172,8521,2172,4,0.0,0,0.0,0,0.0,0,0.0,0,2172.2,38,0.0,0,0.0,0,0.0,0,0.0,0
2012-11-27T09:17:57.500,2171.8,8533,2172,1,0.0,0,0.0,0,0.0,0,0.0,0,2172.2,60,0.0,0,0.0,0,0.0,0,0.0,0
2012-11-27T09:17:58.000,2172,8535,2171.8,14,0.0,0,0.0,0,0.0,0,0.0,0,2172,3,0.0,0,0.0,0,0.0,0,0.0,0
2012-11-27T09:17:58.500,2171.8,8543,2171.8,11,0.0,0,0.0,0,0.0,0,0.0,0,2172,6,0.0,0,0.0,0,0.0,0,0.0,0
2012-11-27T09:17:59.000,2171.8,8546,2171.8,10,0.0,0,0.0,0,0.0,0,0.0,0,2172,9,0.0,0,0.0,0,0.0,0,0.0,0
2012-11-27T09:17:59.500,2172,8562,2171.6,59,0.0,0,0.0,0,0.0,0,0.0,0,2172,10,0.0,0,0.0,0,0.0,0,0.0,0
2012-11-27T09:18:00.000,2172,8580,2172,12,0.0,0,0.0,0,0.0,0,0.0,0,2172.2,65,0.0,0,0.0,0,0.0,0,0.0,0
2012-11-27T09:18:00.500,2172,8596,2172,2,0.0,0,0.0,0,0.0,0,0.0,0,2172.2,115,0.0,0,0.0,0,0.0,0,0.0,0
2012-11-27T09:18:01.000,2171.8,8602,2171.8,3,0.0,0,0.0,0,0.0,0,0.0,0,2172,12,0.0,0,0.0,0,0.0,0,0.0,0
2012-11-27T09:18:01.500,2171.6,8616,2171.6,58,0.0,0,0.0,0,0.0,0,0.0,0,2171.8,2,0.0,0,0.0,0,0.0,0,0.0,0
2012-11-27T09:18:02.000,2171.8,8630,2171.6,52,0.0,0,0.0,0,0.0,0,0.0,0,2171.8,24,0.0,0,0.0,0,0.0,0,0.0,0
2012-11-27T09:18:02.500,2171.8,8638,2171.6,54,0.0,0,0.0,0,0.0,0,0.0,0,2171.8,13,0.0,0,0.0,0,0.0,0,0.0,0
2012-11-27T09:18:03.000,2171.8,8693,2171.6,10,0.0,0,0.0,0,0.0,0,0.0,0,2171.8,7,0.0,0,0.0,0,0.0,0,0.0,0
2012-11-27T09:18:03.500,2171.8,8701,2171.8,5,0.0,0,0.0,0,0.0,0,0.0,0,2172,41,0.0,0,0.0,0,0.0,0,0.0,0
2012-11-27T09:18:04.000,2171.8,8719,2171.4,23,0.0,0,0.0,0,0.0,0,0.0,0,2171.8,28,0.0,0,0.0,0,0.0,0,0.0,0
2012-11-27T09:18:04.500,2171.8,8721,2171.6,2,0.0,0,0.0,0,0.0,0,0.0,0,2171.8,27,0.0,0,0.0,0,0.0,0,0.0,0
2012-11-27T09:18:05.000,2171.6,8729,2171.4,28,0.0,0,0.0,0,0.0,0,0.0,0,2171.8,30,0.0,0,0.0,0,0.0,0,0.0,0
2012-11-27T09:18:05.500,2171.4,8741,2171.4,17,0.0,0,0.0,0,0.0,0,0.0,0,2171.6,20,0.0,0,0.0,0,0.0,0,0.0,0
2012-11-27T09:18:06.000,2171.4,8771,2171.2,81,0.0,0,0.0,0,0.0,0,0.0,0,2171.4,11,0.0,0,0.0,0,0.0,0,0.0,0
2012-11-27T09:18:06.500,2171.4,8786,2171.2,68,0.0,0,0.0,0,0.0,0,0.0,0,2171.4,14,0.0,0,0.0,0,0.0,0,0.0,0
2012-11-27T09:18:07.000,2171.4,8807,2171.2,51,0.0,0,0.0,0,0.0,0,0.0,0,2171.4,11,0.0,0,0.0,0,0.0,0,0.0,0
2012-11-27T09:18:07.500,2171.2,8815,2171.2,45,0.0,0,0.0,0,0.0,0,0.0,0,2171.4,9,0.0,0,0.0,0,0.0,0,0.0,0
2012-11-27T09:18:08.000,2171.2,8831,2171.2,36,0.0,0,0.0,0,0.0,0,0.0,0,2171.4,2,0.0,0,0.0,0,0.0,0,0.0,0
2012-11-27T09:18:08.500,2171.4,8844,2171.4,3,0.0,0,0.0,0,0.0,0,0.0,0,2171.6,42,0.0,0,0.0,0,0.0,0,0.0,0
2012-11-27T09:18:09.000,2171.2,8855,2171.4,7,0.0,0,0.0,0,0.0,0,0.0,0,2171.6,43,0.0,0,0.0,0,0.0,0,0.0,0
2012-11-27T09:18:09.500,2171.2,8868,2171.2,32,0.0,0,0.0,0,0.0,0,0.0,0,2171.4,2,0.0,0,0.0,0,0.0,0,0.0,0
2012-11-27T09:18:10.000,2171.4,8881,2171.4,7,0.0,0,0.0,0,0.0,0,0.0,0,2171.6,41,0.0,0,0.0,0,0.0,0,0.0,0
2012-11-27T09:18:10.500,2171.4,8904,2171.4,6,0.0,0,0.0,0,0.0,0,0.0,0,2171.6,41,0.0,0,0.0,0,0.0,0,0.0,0
2012-11-27T09:18:11.000,2171.4,8911,2171.4,5,0.0,0,0.0,0,0.0,0,0.0,0,2171.6,40,0.0,0,0.0,0,0.0,0,0.0,0
2012-11-27T09:18:11.500,2171.4,8917,2171.4,11,0.0,0,0.0,0,0.0,0,0.0,0,2171.6,37,0.0,0,0.0,0,0.0,0,0.0,0
2012-11-27T09:18:12.000,2171.6,8920,2171.4,25,0.0,0,0.0,0,0.0,0,0.0,0,2171.6,47,0.0,0,0.0,0,0.0,0,0.0,0
2012-11-27T09:18:12.500,2171.6,8934,2171.4,20,0.0,0,0.0,0,0.0,0,0.0,0,2171.6,42,0.0,0,0.0,0,0.0,0,0.0,0
2012-11-27T09:18:13.000,2171.4,8982,2171.4,14,0.0,0,0.0,0,0.0,0,0.0,0,2171.6,7,0.0,0,0.0,0,0.0,0,0.0,0
2012-11-27T09:18:13.500,2171.6,9003,2171.6,2,0.0,0,0.0,0,0.0,0,0.0,0,2171.8,18,0.0,0,0.0,0,0.0,0,0.0,0
2012-11-27T09:18:14.000,2171.6,9007,2171.6,8,0.0,0,0.0,0,0.0,0,0.0,0,2171.8,31,0.0,0,0.0,0,0.0,0,0.0,0
2012-11-27T09:18:14.500,2171.6,9044,2171.6,11,0.0,0,0.0,0,0.0,0,0.0,0,2171.8,5,0.0,0,0.0,0,0.0,0,0.0,0
2012-11-27T09:18:15.000,2171.6,9045,2171.6,13,0.0,0,0.0,0,0.0,0,0.0,0,2171.8,6,0.0,0,0.0,0,0.0,0,0.0,0
2012-11-27T09:18:15.500,2171.8,9059,2171.6,1,0.0,0,0.0,0,0.0,0,0.0,0,2171.8,5,0.0,0,0.0,0,0.0,0,0.0,0
2012-11-27T09:18:16.000,2171.4,9065,2171.6,1,0.0,0,0.0,0,0.0,0,0.0,0,2171.8,10,0.0,0,0.0,0,0.0,0,0.0,0
2012-11-27T09:18:16.500,2171.4,9078,2171.4,5,0.0,0,0.0,0,0.0,0,0.0,0,2171.6,26,0.0,0,0.0,0,0.0,0,0.0,0
2012-11-27T09:18:17.000,2171.6,9082,2171.4,3,0.0,0,0.0,0,0.0,0,0.0,0,2171.6,26,0.0,0,0.0,0,0.0,0,0.0,0
2012-11-27T09:18:17.500,2171.4,9087,2171.4,1,0.0,0,0.0,0,0.0,0,0.0,0,2171.6,29,0.0,0,0.0,0,0.0,0,0.0,0
2012-11-27T09:18:18.000,2171.4,9093,2171.2,61,0.0,0,0.0,0,0.0,0,0.0,0,2171.4,5,0.0,0,0.0,0,0.0,0,0.0,0
2012-11-27T09:18:18.500,2171.4,9098,2171.2,60,0.0,0,0.0,0,0.0,0,0.0,0,2171.4,2,0.0,0,0.0,0,0.0,0,0.0,0
2012-11-27T09:18:19.000,2171.4,9103,2171.2,59,0.0,0,0.0,0,0.0,0,0.0,0,2171.4,19,0.0,0,0.0,0,0.0,0,0.0,0
2012-11-27T09:18:19.500,2171.2,9109,2171.2,54,0.0,0,0.0,0,0.0,0,0.0,0,2171.4,20,0.0,0,0.0,0,0.0,0,0.0,0
2012-11-27T09:18:20.000,2171.4,9156,2171.2,13,0.0,0,0.0,0,0.0,0,0.0,0,2171.4,29,0.0,0,0.0,0,0.0,0,0.0,0
2012-11-27T09:18:20.500,2171.2,9171,2171,129,0.0,0,0.0,0,0.0,0,0.0,0,2171.2,25,0.0,0,0.0,0,0.0,0,0.0,0
2012-11-27T09:18:21.000,2171.2,9206,2171,97,0.0,0,0.0,0,0.0,0,0.0,0,2171.2,27,0.0,0,0.0,0,0.0,0,0.0,0
2012-11-27T09:18:21.500,2171,9210,2171,96,0.0,0,0.0,0,0.0,0,0.0,0,2171.2,28,0.0,0,0.0,0,0.0,0,0.0,0
2012-11-27T09:18:22.000,2171,9279,2171,30,0.0,0,0.0,0,0.0,0,0.0,0,2171.2,26,0.0,0,0.0,0,0.0,0,0.0,0
2012-11-27T09:18:22.500,2171,9317,2170.8,21,0.0,0,0.0,0,0.0,0,0.0,0,2171,21,0.0,0,0.0,0,0.0,0,0.0,0
2012-11-27T09:18:23.000,2170.8,9335,2170.8,22,0.0,0,0.0,0,0.0,0,0.0,0,2171,23,0.0,0,0.0,0,0.0,0,0.0,0
2012-11-27T09:18:23.500,2170.8,9364,2170.6,27,0.0,0,0.0,0,0.0,0,0.0,0,2170.8,4,0.0,0,0.0,0,0.0,0,0.0,0
2012-11-27T09:18:24.000,2170.6,9387,2170.6,96,0.0,0,0.0,0,0.0,0,0.0,0,2170.8,1,0.0,0,0.0,0,0.0,0,0.0,0
2012-11-27T09:18:24.500,2170.6,9434,2170.6,61,0.0,0,0.0,0,0.0,0,0.0,0,2170.8,1,0.0,0,0.0,0,0.0,0,0.0,0
2012-11-27T09:18:25.000,2170.6,9507,2170.6,38,0.0,0,0.0,0,0.0,0,0.0,0,2171,33,0.0,0,0.0,0,0.0,0,0.0,0
2012-11-27T09:18:25.500,2170.6,9523,2170.8,3,0.0,0,0.0,0,0.0,0,0.0,0,2171,29,0.0,0,0.0,0,0.0,0,0.0,0
2012-11-27T09:18:26.000,2170.6,9536,2170.6,29,0.0,0,0.0,0,0.0,0,0.0,0,2170.8,1,0.0,0,0.0,0,0.0,0,0.0,0
2012-11-27T09:18:26.500,2170.6,9550,2170.8,2,0.0,0,0.0,0,0.0,0,0.0,0,2171,22,0.0,0,0.0,0,0.0,0,0.0,0
2012-11-27T09:18:27.000,2171,9560,2170.8,3,0.0,0,0.0,0,0.0,0,0.0,0,2171,18,0.0,0,0.0,0,0.0,0,0.0,0
2012-11-27T09:18:27.500,2171,9589,2170.8,18,0.0,0,0.0,0,0.0,0,0.0,0,2171.4,26,0.0,0,0.0,0,0.0,0,0.0,0
2012-11-27T09:18:28.000,2171.4,9593,2170.8,19,0.0,0,0.0,0,0.0,0,0.0,0,2171,20,0.0,0,0.0,0,0.0,0,0.0,0
2012-11-27T09:18:28.500,2171,9613,2170.8,21,0.0,0,0.0,0,0.0,0,0.0,0,2171,2,0.0,0,0.0,0,0.0,0,0.0,0
2012-11-27T09:18:29.000,2170.8,9628,2171,1,0.0,0,0.0,0,0.0,0,0.0,0,2171.4,21,0.0,0,0.0,0,0.0,0,0.0,0
2012-11-27T09:18:29.500,2171.4,9630,2171,22,0.0,0,0.0,0,0.0,0,0.0,0,2171.2,1,0.0,0,0.0,0,0.0,0,0.0,0
2012-11-27T09:18:30.000,2171.4,9642,2171.2,1,0.0,0,0.0,0,0.0,0,0.0,0,2171.4,27,0.0,0,0.0,0,0.0,0,0.0,0
2012-11-27T09:18:30.500,2171,9646,2171,20,0.0,0,0.0,0,0.0,0,0.0,0,2171.4,27,0.0,0,0.0,0,0.0,0,0.0,0
2012-11-27T09:18:31.000,2171,9663,2171,26,0.0,0,0.0,0,0.0,0,0.0,0,2171.4,38,0.0,0,0.0,0,0.0,0,0.0,0
2012-11-27T09:18:31.500,2170.8,9705,2170.8,8,0.0,0,0.0,0,0.0,0,0.0,0,2171.4,37,0.0,0,0.0,0,0.0,0,0.0,0
2012-11-27T09:18:32.000,2171.4,9715,2171,13,0.0,0,0.0,0,0.0,0,0.0,0,2171.4,36,0.0,0,0.0,0,0.0,0,0.0,0
2012-11-27T09:18:32.500,2171.4,9717,2171,13,0.0,0,0.0,0,0.0,0,0.0,0,2171.2,19,0.0,0,0.0,0,0.0,0,0.0,0
2012-11-27T09:18:33.000,2171,9727,2171,5,0.0,0,0.0,0,0.0,0,0.0,0,2171.2,18,0.0,0,0.0,0,0.0,0,0.0,0
2012-11-27T09:18:33.500,2171,9736,2170.8,9,0.0,0,0.0,0,0.0,0,0.0,0,2171,20,0.0,0,0.0,0,0.0,0,0.0,0
2012-11-27T09:18:34.000,2171,9742,2170.8,22,0.0,0,0.0,0,0.0,0,0.0,0,2171,20,0.0,0,0.0,0,0.0,0,0.0,0
2012-11-27T09:18:34.500,2170.8,9750,2170.8,15,0.0,0,0.0,0,0.0,0,0.0,0,2171,27,0.0,0,0.0,0,0.0,0,0.0,0
2012-11-27T09:18:35.000,2171,9759,2170.8,14,0.0,0,0.0,0,0.0,0,0.0,0,2171,24,0.0,0,0.0,0,0.0,0,0.0,0
2012-11-27T09:18:35.500,2171,9762,2170.8,16,0.0,0,0.0,0,0.0,0,0.0,0,2171,33,0.0,0,0.0,0,0.0,0,0.0,0
2012-11-27T09:18:36.000,2171,9769,2170.8,16,0.0,0,0.0,0,0.0,0,0.0,0,2171,28,0.0,0,0.0,0,0.0,0,0.0,0
2012-11-27T09:18:36.500,2171,9784,2170.8,11,0.0,0,0.0,0,0.0,0,0.0,0,2171,20,0.0,0,0.0,0,0.0,0,0.0,0
2012-11-27T09:18:37.000,2171,9802,2170.8,6,0.0,0,0.0,0,0.0,0,0.0,0,2171,8,0.0,0,0.0,0,0.0,0,0.0,0
2012-11-27T09:18:37.500,2171.2,9817,2171,7,0.0,0,0.0,0,0.0,0,0.0,0,2171.2,5,0.0,0,0.0,0,0.0,0,0.0,0
2012-11-27T09:18:38.000,2171.2,9824,2171.2,13,0.0,0,0.0,0,0.0,0,0.0,0,2171.4,40,0.0,0,0.0,0,0.0,0,0.0,0
2012-11-27T09:18:38.500,2171.2,9828,2171.2,11,0.0,0,0.0,0,0.0,0,0.0,0,2171.4,40,0.0,0,0.0,0,0.0,0,0.0,0
2012-11-27T09:18:39.000,2171,9854,2171,17,0.0,0,0.0,0,0.0,0,0.0,0,2171.4,28,0.0,0,0.0,0,0.0,0,0.0,0
2012-11-27T09:18:39.500,2171.2,9856,2171,16,0.0,0,0.0,0,0.0,0,0.0,0,2171.2,9,0.0,0,0.0,0,0.0,0,0.0,0
2012-11-27T09:18:40.000,2171.4,9877,2171,20,0.0,0,0.0,0,0.0,0,0.0,0,2171.4,19,0.0,0,0.0,0,0.0,0,0.0,0
2012-11-27T09:18:40.500,2171,9883,2171,17,0.0,0,0.0,0,0.0,0,0.0,0,2171.4,20,0.0,0,0.0,0,0.0,0,0.0,0
2012-11-27T09:18:41.000,2171,9888,2171,13,0.0,0,0.0,0,0.0,0,0.0,0,2171.2,9,0.0,0,0.0,0,0.0,0,0.0,0
2012-11-27T09:18:41.500,2171,9903,2171,2,0.0,0,0.0,0,0.0,0,0.0,0,2171.2,9,0.0,0,0.0,0,0.0,0,0.0,0
2012-11-27T09:18:42.000,2171.2,9905,2171,3,0.0,0,0.0,0,0.0,0,0.0,0,2171.2,10,0.0,0,0.0,0,0.0,0,0.0,0
2012-11-27T09:18:42.500,2171,9910,2171,4,0.0,0,0.0,0,0.0,0,0.0,0,2171.2,10,0.0,0,0.0,0,0.0,0,0.0,0
2012-11-27T09:18:43.000,2171,9912,2171,26,0.0,0,0.0,0,0.0,0,0.0,0,2171.2,8,0.0,0,0.0,0,0.0,0,0.0,0
2012-11-27T09:18:43.500,2171,9914,2171,28,0.0,0,0.0,0,0.0,0,0.0,0,2171.2,11,0.0,0,0.0,0,0.0,0,0.0,0
2012-11-27T09:18:44.000,2171,9945,2170.8,30,0.0,0,0.0,0,0.0,0,0.0,0,2171,1,0.0,0,0.0,0,0.0,0,0.0,0
2012-11-27T09:18:44.500,2170.8,9950,2171,1,0.0,0,0.0,0,0.0,0,0.0,0,2171.2,10,0.0,0,0.0,0,0.0,0,0.0,0
2012-11-27T09:18:45.000,2171.2,9966,2171.2,17,0.0,0,0.0,0,0.0,0,0.0,0,2171.4,28,0.0,0,0.0,0,0.0,0,0.0,0
2012-11-27T09:18:45.500,2171.2,9977,2171.2,11,0.0,0,0.0,0,0.0,0,0.0,0,2171.4,29,0.0,0,0.0,0,0.0,0,0.0,0
2012-11-27T09:18:46.000,2171.4,9978,2171.2,11,0.0,0,0.0,0,0.0,0,0.0,0,2171.4,48,0.0,0,0.0,0,0.0,0,0.0,0
2012-11-27T09:18:46.500,2171.2,9982,2171.2,7,0.0,0,0.0,0,0.0,0,0.0,0,2171.4,49,0.0,0,0.0,0,0.0,0,0.0,0
2012-11-27T09:18:47.000,2171,10001,2171,6,0.0,0,0.0,0,0.0,0,0.0,0,2171.2,9,0.0,0,0.0,0,0.0,0,0.0,0
2012-11-27T09:18:47.500,2171,10005,2171,3,0.0,0,0.0,0,0.0,0,0.0,0,2171.2,10,0.0,0,0.0,0,0.0,0,0.0,0
2012-11-27T09:18:48.000,2171,10010,2171,4,0.0,0,0.0,0,0.0,0,0.0,0,2171.2,13,0.0,0,0.0,0,0.0,0,0.0,0
2012-11-27T09:18:48.500,2171.2,10026,2170.8,47,0.0,0,0.0,0,0.0,0,0.0,0,2171,13,0.0,0,0.0,0,0.0,0,0.0,0
2012-11-27T09:18:49.000,2171,10035,2170.8,51,0.0,0,0.0,0,0.0,0,0.0,0,2171,5,0.0,0,0.0,0,0.0,0,0.0,0
2012-11-27T09:18:49.500,2171,10040,2170.8,51,0.0,0,0.0,0,0.0,0,0.0,0,2171.2,14,0.0,0,0.0,0,0.0,0,0.0,0
2012-11-27T09:18:50.000,2170.8,10042,2171,1,0.0,0,0.0,0,0.0,0,0.0,0,2171.2,14,0.0,0,0.0,0,0.0,0,0.0,0
2012-11-27T09:18:50.500,2171.2,10047,2171,26,0.0,0,0.0,0,0.0,0,0.0,0,2171.2,15,0.0,0,0.0,0,0.0,0,0.0,0
2012-11-27T09:18:51.000,2171,10055,2171,36,0.0,0,0.0,0,0.0,0,0.0,0,2171.2,23,0.0,0,0.0,0,0.0,0,0.0,0
2012-11-27T09:18:51.500,2171,10063,2171,31,0.0,0,0.0,0,0.0,0,0.0,0,2171.2,21,0.0,0,0.0,0,0.0,0,0.0,0
2012-11-27T09:18:52.000,2171,10068,2171,28,0.0,0,0.0,0,0.0,0,0.0,0,2171.2,19,0.0,0,0.0,0,0.0,0,0.0,0
2012-11-27T09:18:52.500,2171,10070,2171,27,0.0,0,0.0,0,0.0,0,0.0,0,2171.2,21,0.0,0,0.0,0,0.0,0,0.0,0
2012-11-27T09:18:53.000,2171.2,10080,2171,14,0.0,0,0.0,0,0.0,0,0.0,0,2171.2,16,0.0,0,0.0,0,0.0,0,0.0,0
2012-11-27T09:18:53.500,2171,10086,2171,10,0.0,0,0.0,0,0.0,0,0.0,0,2171.2,15,0.0,0,0.0,0,0.0,0,0.0,0
2012-11-27T09:18:54.250,2171.2,10092,2171,10,0.0,0,0.0,0,0.0,0,0.0,0,2171.2,12,0.0,0,0.0,0,0.0,0,0.0,0
2012-11-27T09:18:55.000,2171.2,10095,2171,10,0.0,0,0.0,0,0.0,0,0.0,0,2171.2,13,0.0,0,0.0,0,0.0,0,0.0,0
2012-11-27T09:18:55.500,2171.2,10113,2171.2,3,0.0,0,0.0,0,0.0,0,0.0,0,2171.4,58,0.0,0,0.0,0,0.0,0,0.0,0
2012-11-27T09:18:56.000,2171,10119,2171,15,0.0,0,0.0,0,0.0,0,0.0,0,2171.2,17,0.0,0,0.0,0,0.0,0,0.0,0
2012-11-27T09:18:56.500,2171,10121,2171,14,0.0,0,0.0,0,0.0,0,0.0,0,2171.2,20,0.0,0,0.0,0,0.0,0,0.0,0
2012-11-27T09:18:57.000,2171.2,10127,2171,14,0.0,0,0.0,0,0.0,0,0.0,0,2171.2,14,0.0,0,0.0,0,0.0,0,0.0,0
2012-11-27T09:18:57.500,2171.2,10135,2171,13,0.0,0,0.0,0,0.0,0,0.0,0,2171.2,8,0.0,0,0.0,0,0.0,0,0.0,0
2012-11-27T09:18:58.000,2171.2,10136,2171,14,0.0,0,0.0,0,0.0,0,0.0,0,2171.2,8,0.0,0,0.0,0,0.0,0,0.0,0
2012-11-27T09:18:58.500,2171.2,10153,2171,2,0.0,0,0.0,0,0.0,0,0.0,0,2171.2,4,0.0,0,0.0,0,0.0,0,0.0,0
2012-11-27T09:18:59.250,2171,10156,2171,2,0.0,0,0.0,0,0.0,0,0.0,0,2171.2,4,0.0,0,0.0,0,0.0,0,0.0,0
2012-11-27T09:19:00.000,2171.2,10163,2171,3,0.0,0,0.0,0,0.0,0,0.0,0,2171.2,9,0.0,0,0.0,0,0.0,0,0.0,0
2012-11-27T09:19:00.500,2171,10177,2171,3,0.0,0,0.0,0,0.0,0,0.0,0,2171.2,11,0.0,0,0.0,0,0.0,0,0.0,0
2012-11-27T09:19:01.000,2170.8,10184,2170.8,59,0.0,0,0.0,0,0.0,0,0.0,0,2171.2,10,0.0,0,0.0,0,0.0,0,0.0,0
2012-11-27T09:19:01.500,2171,10198,2170.8,61,0.0,0,0.0,0,0.0,0,0.0,0,2171,4,0.0,0,0.0,0,0.0,0,0.0,0
2012-11-27T09:19:02.000,2171,10203,2170.8,88,0.0,0,0.0,0,0.0,0,0.0,0,2171,14,0.0,0,0.0,0,0.0,0,0.0,0
2012-11-27T09:19:02.500,2170.8,10214,2170.8,85,0.0,0,0.0,0,0.0,0,0.0,0,2171,58,0.0,0,0.0,0,0.0,0,0.0,0
2012-11-27T09:19:03.000,2170.8,10252,2170.8,81,0.0,0,0.0,0,0.0,0,0.0,0,2171,30,0.0,0,0.0,0,0.0,0,0.0,0
2012-11-27T09:19:03.500,2171,10264,2170.8,73,0.0,0,0.0,0,0.0,0,0.0,0,2171,31,0.0,0,0.0,0,0.0,0,0.0,0
2012-11-27T09:19:04.000,2171,10349,2170.8,20,0.0,0,0.0,0,0.0,0,0.0,0,2171,1,0.0,0,0.0,0,0.0,0,0.0,0
2012-11-27T09:19:04.500,2170.8,10383,2171,11,0.0,0,0.0,0,0.0,0,0.0,0,2171.2,22,0.0,0,0.0,0,0.0,0,0.0,0
2012-11-27T09:19:05.000,2171,10418,2171,19,0.0,0,0.0,0,0.0,0,0.0,0,2171.2,1,0.0,0,0.0,0,0.0,0,0.0,0
2012-11-27T09:19:05.500,2170.8,10445,2170.6,77,0.0,0,0.0,0,0.0,0,0.0,0,2170.8,3,0.0,0,0.0,0,0.0,0,0.0,0
2012-11-27T09:19:06.000,2171,10451,2170.8,9,0.0,0,0.0,0,0.0,0,0.0,0,2171,3,0.0,0,0.0,0,0.0,0,0.0,0
2012-11-27T09:19:06.500,2171,10460,2170.8,16,0.0,0,0.0,0,0.0,0,0.0,0,2171,9,0.0,0,0.0,0,0.0,0,0.0,0
2012-11-27T09:19:07.000,2171,10461,2170.8,47,0.0,0,0.0,0,0.0,0,0.0,0,2171,10,0.0,0,0.0,0,0.0,0,0.0,0
2012-11-27T09:19:07.500,2171,10463,2170.8,79,0.0,0,0.0,0,0.0,0,0.0,0,2171,10,0.0,0,0.0,0,0.0,0,0.0,0
2012-11-27T09:19:08.000,2171,10474,2171,19,0.0,0,0.0,0,0.0,0,0.0,0,2171.2,12,0.0,0,0.0,0,0.0,0,0.0,0
2012-11-27T09:19:08.500,2171.2,10494,2171,11,0.0,0,0.0,0,0.0,0,0.0,0,2171.2,1,0.0,0,0.0,0,0.0,0,0.0,0
2012-11-27T09:19:09.000,2171,10497,2171.2,2,0.0,0,0.0,0,0.0,0,0.0,0,2171.4,75,0.0,0,0.0,0,0.0,0,0.0,0
2012-11-27T09:19:09.500,2171.2,10503,2171.2,1,0.0,0,0.0,0,0.0,0,0.0,0,2171.4,71,0.0,0,0.0,0,0.0,0,0.0,0
2012-11-27T09:19:10.000,2171.2,10512,2171,46,0.0,0,0.0,0,0.0,0,0.0,0,2171.2,26,0.0,0,0.0,0,0.0,0,0.0,0
2012-11-27T09:19:10.500,2171,10528,2171,44,0.0,0,0.0,0,0.0,0,0.0,0,2171.2,22,0.0,0,0.0,0,0.0,0,0.0,0
2012-11-27T09:19:11.000,2171.2,10540,2171,19,0.0,0,0.0,0,0.0,0,0.0,0,2171.2,17,0.0,0,0.0,0,0.0,0,0.0,0
2012-11-27T09:19:11.500,2171,10551,2171,22,0.0,0,0.0,0,0.0,0,0.0,0,2171.2,12,0.0,0,0.0,0,0.0,0,0.0,0
2012-11-27T09:19:12.000,2171,10553,2171,10,0.0,0,0.0,0,0.0,0,0.0,0,2171.2,12,0.0,0,0.0,0,0.0,0,0.0,0
2012-11-27T09:19:12.500,2171.2,10568,2171.2,6,0.0,0,0.0,0,0.0,0,0.0,0,2171.4,69,0.0,0,0.0,0,0.0,0,0.0,0
2012-11-27T09:19:13.000,2171.2,10573,2171.2,3,0.0,0,0.0,0,0.0,0,0.0,0,2171.4,69,0.0,0,0.0,0,0.0,0,0.0,0
2012-11-27T09:19:13.500,2171.2,10610,2171,24,0.0,0,0.0,0,0.0,0,0.0,0,2171.2,4,0.0,0,0.0,0,0.0,0,0.0,0
2012-11-27T09:19:14.000,2171.2,10613,2171,24,0.0,0,0.0,0,0.0,0,0.0,0,2171.2,1,0.0,0,0.0,0,0.0,0,0.0,0
2012-11-27T09:19:14.500,2171.2,10619,2171.2,2,0.0,0,0.0,0,0.0,0,0.0,0,2171.4,68,0.0,0,0.0,0,0.0,0,0.0,0
2012-11-27T09:19:15.000,2171.4,10620,2171.2,5,0.0,0,0.0,0,0.0,0,0.0,0,2171.4,67,0.0,0,0.0,0,0.0,0,0.0,0
2012-11-27T09:19:15.500,2171.4,10632,2171.2,14,0.0,0,0.0,0,0.0,0,0.0,0,2171.4,55,0.0,0,0.0,0,0.0,0,0.0,0
2012-11-27T09:19:16.000,2171.4,10654,2171.2,17,0.0,0,0.0,0,0.0,0,0.0,0,2171.4,39,0.0,0,0.0,0,0.0,0,0.0,0
2012-11-27T09:19:16.500,2171.4,10686,2171.2,47,0.0,0,0.0,0,0.0,0,0.0,0,2171.4,7,0.0,0,0.0,0,0.0,0,0.0,0
2012-11-27T09:19:17.000,2171.6,10696,2171.4,31,0.0,0,0.0,0,0.0,0,0.0,0,2171.6,17,0.0,0,0.0,0,0.0,0,0.0,0
2012-11-27T09:19:17.500,2171.8,10743,2171.4,36,0.0,0,0.0,0,0.0,0,0.0,0,2171.6,1,0.0,0,0.0,0,0.0,0,0.0,0
2012-11-27T09:19:18.000,2171.4,10768,2171.6,1,0.0,0,0.0,0,0.0,0,0.0,0,2171.8,10,0.0,0,0.0,0,0.0,0,0.0,0
2012-11-27T09:19:18.500,2171.8,10776,2171.6,3,0.0,0,0.0,0,0.0,0,0.0,0,2171.8,2,0.0,0,0.0,0,0.0,0,0.0,0
2012-11-27T09:19:19.000,2171.8,10790,2171.6,4,0.0,0,0.0,0,0.0,0,0.0,0,2171.8,5,0.0,0,0.0,0,0.0,0,0.0,0
2012-11-27T09:19:19.500,2171.8,10797,2171.8,6,0.0,0,0.0,0,0.0,0,0.0,0,2172,91,0.0,0,0.0,0,0.0,0,0.0,0
2012-11-27T09:19:20.000,2171.8,10804,2171.8,7,0.0,0,0.0,0,0.0,0,0.0,0,2172,95,0.0,0,0.0,0,0.0,0,0.0,0
2012-11-27T09:19:20.500,2171.8,10809,2171.8,10,0.0,0,0.0,0,0.0,0,0.0,0,2172,96,0.0,0,0.0,0,0.0,0,0.0,0
2012-11-27T09:19:21.000,2172,10827,2171.8,15,0.0,0,0.0,0,0.0,0,0.0,0,2172,93,0.0,0,0.0,0,0.0,0,0.0,0
2012-11-27T09:19:21.500,2171.8,10835,2171.8,13,0.0,0,0.0,0,0.0,0,0.0,0,2172,88,0.0,0,0.0,0,0.0,0,0.0,0
2012-11-27T09:19:22.000,2172,10846,2171.8,13,0.0,0,0.0,0,0.0,0,0.0,0,2172,72,0.0,0,0.0,0,0.0,0,0.0,0
2012-11-27T09:19:22.500,2172,10856,2171.8,12,0.0,0,0.0,0,0.0,0,0.0,0,2172,63,0.0,0,0.0,0,0.0,0,0.0,0
2012-11-27T09:19:23.000,2171.8,10870,2171.8,6,0.0,0,0.0,0,0.0,0,0.0,0,2172,55,0.0,0,0.0,0,0.0,0,0.0,0
2012-11-27T09:19:23.500,2172,10879,2171.8,3,0.0,0,0.0,0,0.0,0,0.0,0,2172,49,0.0,0,0.0,0,0.0,0,0.0,0
2012-11-27T09:19:24.000,2171.8,10890,2171.6,14,0.0,0,0.0,0,0.0,0,0.0,0,2171.8,4,0.0,0,0.0,0,0.0,0,0.0,0
2012-11-27T09:19:24.500,2172,10900,2171.8,1,0.0,0,0.0,0,0.0,0,0.0,0,2172,50,0.0,0,0.0,0,0.0,0,0.0,0
2012-11-27T09:19:25.000,2171.8,10915,2171.6,13,0.0,0,0.0,0,0.0,0,0.0,0,2171.8,7,0.0,0,0.0,0,0.0,0,0.0,0
2012-11-27T09:19:25.500,2171.8,10925,2171.6,11,0.0,0,0.0,0,0.0,0,0.0,0,2171.8,3,0.0,0,0.0,0,0.0,0,0.0,0
2012-11-27T09:19:26.000,2172,10953,2171.8,1,0.0,0,0.0,0,0.0,0,0.0,0,2172,44,0.0,0,0.0,0,0.0,0,0.0,0
2012-11-27T09:19:26.500,2171.8,10959,2171.8,3,0.0,0,0.0,0,0.0,0,0.0,0,2172,45,0.0,0,0.0,0,0.0,0,0.0,0
2012-11-27T09:19:27.000,2172,10963,2171.8,13,0.0,0,0.0,0,0.0,0,0.0,0,2172,43,0.0,0,0.0,0,0.0,0,0.0,0
2012-11-27T09:19:27.500,2172,10966,2171.8,15,0.0,0,0.0,0,0.0,0,0.0,0,2172,38,0.0,0,0.0,0,0.0,0,0.0,0
2012-11-27T09:19:28.000,2172,10970,2171.8,15,0.0,0,0.0,0,0.0,0,0.0,0,2172,36,0.0,0,0.0,0,0.0,0,0.0,0
2012-11-27T09:19:28.500,2172,10971,2171.8,21,0.0,0,0.0,0,0.0,0,0.0,0,2172,35,0.0,0,0.0,0,0.0,0,0.0,0
2012-11-27T09:19:29.250,2172,10984,2171.8,22,0.0,0,0.0,0,0.0,0,0.0,0,2172,23,0.0,0,0.0,0,0.0,0,0.0,0
2012-11-27T09:19:30.000,2172,11002,2171.8,26,0.0,0,0.0,0,0.0,0,0.0,0,2172,15,0.0,0,0.0,0,0.0,0,0.0,0
2012-11-27T09:19:30.500,2171.8,11007,2171.8,26,0.0,0,0.0,0,0.0,0,0.0,0,2172,11,0.0,0,0.0,0,0.0,0,0.0,0
2012-11-27T09:19:31.000,2172.2,11021,2171.8,26,0.0,0,0.0,0,0.0,0,0.0,0,2172.2,41,0.0,0,0.0,0,0.0,0,0.0,0
2012-11-27T09:19:31.500,2171.8,11024,2171.8,27,0.0,0,0.0,0,0.0,0,0.0,0,2172,3,0.0,0,0.0,0,0.0,0,0.0,0
2012-11-27T09:19:32.000,2172,11031,2171.8,25,0.0,0,0.0,0,0.0,0,0.0,0,2172.2,43,0.0,0,0.0,0,0.0,0,0.0,0
2012-11-27T09:19:32.500,2172,11032,2172,6,0.0,0,0.0,0,0.0,0,0.0,0,2172.2,43,0.0,0,0.0,0,0.0,0,0.0,0
2012-11-27T09:19:33.000,2172.2,11033,2172,8,0.0,0,0.0,0,0.0,0,0.0,0,2172.2,45,0.0,0,0.0,0,0.0,0,0.0,0
2012-11-27T09:19:33.500,2172,11036,2172,6,0.0,0,0.0,0,0.0,0,0.0,0,2172.2,46,0.0,0,0.0,0,0.0,0,0.0,0
2012-11-27T09:19:34.000,2172.2,11046,2172,6,0.0,0,0.0,0,0.0,0,0.0,0,2172.2,38,0.0,0,0.0,0,0.0,0,0.0,0
2012-11-27T09:19:34.500,2172.2,11047,2172,6,0.0,0,0.0,0,0.0,0,0.0,0,2172.2,38,0.0,0,0.0,0,0.0,0,0.0,0
2012-11-27T09:19:35.000,2172.2,11054,2172,6,0.0,0,0.0,0,0.0,0,0.0,0,2172.2,34,0.0,0,0.0,0,0.0,0,0.0,0
2012-11-27T09:19:35.500,2172,11062,2171.8,41,0.0,0,0.0,0,0.0,0,0.0,0,2172,5,0.0,0,0.0,0,0.0,0,0.0,0
2012-11-27T09:19:36.000,2171.8,11066,2171.8,39,0.0,0,0.0,0,0.0,0,0.0,0,2172,5,0.0,0,0.0,0,0.0,0,0.0,0
2012-11-27T09:19:36.500,2172,11073,2171.8,39,0.0,0,0.0,0,0.0,0,0.0,0,2172,8,0.0,0,0.0,0,0.0,0,0.0,0
2012-11-27T09:19:37.000,2171.8,11081,2171.8,37,0.0,0,0.0,0,0.0,0,0.0,0,2172,9,0.0,0,0.0,0,0.0,0,0.0,0
2012-11-27T09:19:37.500,2172,11089,2171.8,32,0.0,0,0.0,0,0.0,0,0.0,0,2172,9,0.0,0,0.0,0,0.0,0,0.0,0
2012-11-27T09:19:38.000,2172,11098,2171.8,29,0.0,0,0.0,0,0.0,0,0.0,0,2172,9,0.0,0,0.0,0,0.0,0,0.0,0
2012-11-27T09:19:38.500,2172,11120,2171.8,30,0.0,0,0.0,0,0.0,0,0.0,0,2172,23,0.0,0,0.0,0,0.0,0,0.0,0
2012-11-27T09:19:39.000,2172,11122,2171.8,32,0.0,0,0.0,0,0.0,0,0.0,0,2172,51,0.0,0,0.0,0,0.0,0,0.0,0
2012-11-27T09:19:39.500,2172,11161,2171.8,2,0.0,0,0.0,0,0.0,0,0.0,0,2172,59,0.0,0,0.0,0,0.0,0,0.0,0
2012-11-27T09:19:40.000,2171.6,11168,2171.6,15,0.0,0,0.0,0,0.0,0,0.0,0,2171.8,8,0.0,0,0.0,0,0.0,0,0.0,0
2012-11-27T09:19:40.500,2171.6,11184,2171.4,21,0.0,0,0.0,0,0.0,0,0.0,0,2171.6,41,0.0,0,0.0,0,0.0,0,0.0,0
2012-11-27T09:19:41.000,2171.6,11201,2171.4,13,0.0,0,0.0,0,0.0,0,0.0,0,2171.6,32,0.0,0,0.0,0,0.0,0,0.0,0
2012-11-27T09:19:41.500,2171.6,11207,2171.4,13,0.0,0,0.0,0,0.0,0,0.0,0,2171.6,26,0.0,0,0.0,0,0.0,0,0.0,0
2012-11-27T09:19:42.000,2171.6,11210,2171.4,28,0.0,0,0.0,0,0.0,0,0.0,0,2171.6,25,0.0,0,0.0,0,0.0,0,0.0,0
2012-11-27T09:19:42.500,2171.4,11212,2171.4,26,0.0,0,0.0,0,0.0,0,0.0,0,2171.6,25,0.0,0,0.0,0,0.0,0,0.0,0
2012-11-27T09:19:43.000,2171.6,11221,2171.4,26,0.0,0,0.0,0,0.0,0,0.0,0,2171.6,16,0.0,0,0.0,0,0.0,0,0.0,0
2012-11-27T09:19:43.500,2171.6,11225,2171.4,26,0.0,0,0.0,0,0.0,0,0.0,0,2171.6,12,0.0,0,0.0,0,0.0,0,0.0,0
2012-11-27T09:19:44.000,2171.6,11231,2171.4,26,0.0,0,0.0,0,0.0,0,0.0,0,2171.6,8,0.0,0,0.0,0,0.0,0,0.0,0
2012-11-27T09:19:44.500,2171.6,11232,2171.4,26,0.0,0,0.0,0,0.0,0,0.0,0,2171.6,7,0.0,0,0.0,0,0.0,0,0.0,0
2012-11-27T09:19:45.000,2171.4,11233,2171.4,25,0.0,0,0.0,0,0.0,0,0.0,0,2171.6,7,0.0,0,0.0,0,0.0,0,0.0,0
2012-11-27T09:19:45.500,2171.4,11234,2171.4,29,0.0,0,0.0,0,0.0,0,0.0,0,2171.6,7,0.0,0,0.0,0,0.0,0,0.0,0
2012-11-27T09:19:46.000,2171.6,11236,2171.4,31,0.0,0,0.0,0,0.0,0,0.0,0,2171.6,5,0.0,0,0.0,0,0.0,0,0.0,0
2012-11-27T09:19:46.500,2171.4,11242,2171.4,25,0.0,0,0.0,0,0.0,0,0.0,0,2171.6,5,0.0,0,0.0,0,0.0,0,0.0,0
2012-11-27T09:19:47.000,2171.4,11264,2171.4,7,0.0,0,0.0,0,0.0,0,0.0,0,2171.6,2,0.0,0,0.0,0,0.0,0,0.0,0
2012-11-27T09:19:47.500,2171.4,11265,2171.4,7,0.0,0,0.0,0,0.0,0,0.0,0,2171.6,14,0.0,0,0.0,0,0.0,0,0.0,0
2012-11-27T09:19:48.000,2171.6,11276,2171.4,6,0.0,0,0.0,0,0.0,0,0.0,0,2171.6,8,0.0,0,0.0,0,0.0,0,0.0,0
2012-11-27T09:19:48.500,2171.4,11280,2171.4,2,0.0,0,0.0,0,0.0,0,0.0,0,2171.6,11,0.0,0,0.0,0,0.0,0,0.0,0
2012-11-27T09:19:49.000,2171.6,11291,2171.6,6,0.0,0,0.0,0,0.0,0,0.0,0,2171.8,20,0.0,0,0.0,0,0.0,0,0.0,0
2012-11-27T09:19:49.500,2171.6,11293,2171.6,6,0.0,0,0.0,0,0.0,0,0.0,0,2171.8,19,0.0,0,0.0,0,0.0,0,0.0,0
2012-11-27T09:19:50.000,2171.8,11303,2171.4,3,0.0,0,0.0,0,0.0,0,0.0,0,2171.8,17,0.0,0,0.0,0,0.0,0,0.0,0
2012-11-27T09:19:50.500,2171.6,11304,2171.6,1,0.0,0,0.0,0,0.0,0,0.0,0,2171.8,18,0.0,0,0.0,0,0.0,0,0.0,0
2012-11-27T09:19:51.000,2171.8,11314,2171.6,1,0.0,0,0.0,0,0.0,0,0.0,0,2171.8,18,0.0,0,0.0,0,0.0,0,0.0,0
2012-11-27T09:19:51.500,2171.4,11317,2171.2,59,0.0,0,0.0,0,0.0,0,0.0,0,2171.8,19,0.0,0,0.0,0,0.0,0,0.0,0
2012-11-27T09:19:52.000,2171.6,11319,2171.2,59,0.0,0,0.0,0,0.0,0,0.0,0,2171.6,3,0.0,0,0.0,0,0.0,0,0.0,0
2012-11-27T09:19:52.500,2171.6,11320,2171.4,2,0.0,0,0.0,0,0.0,0,0.0,0,2171.6,22,0.0,0,0.0,0,0.0,0,0.0,0
2012-11-27T09:19:53.000,2171.6,11321,2171.4,5,0.0,0,0.0,0,0.0,0,0.0,0,2171.6,21,0.0,0,0.0,0,0.0,0,0.0,0
2012-11-27T09:19:53.500,2171.6,11324,2171.4,6,0.0,0,0.0,0,0.0,0,0.0,0,2171.6,19,0.0,0,0.0,0,0.0,0,0.0,0
2012-11-27T09:19:54.250,2171.6,11326,2171.4,5,0.0,0,0.0,0,0.0,0,0.0,0,2171.6,19,0.0,0,0.0,0,0.0,0,0.0,0
2012-11-27T09:19:55.000,2171.4,11331,2171.4,1,0.0,0,0.0,0,0.0,0,0.0,0,2171.6,22,0.0,0,0.0,0,0.0,0,0.0,0
2012-11-27T09:19:55.500,2171.4,11334,2171.2,60,0.0,0,0.0,0,0.0,0,0.0,0,2171.4,1,0.0,0,0.0,0,0.0,0,0.0,0
2012-11-27T09:19:56.000,2171.4,11339,2171.2,59,0.0,0,0.0,0,0.0,0,0.0,0,2171.4,1,0.0,0,0.0,0,0.0,0,0.0,0
2012-11-27T09:19:56.500,2171.2,11348,2171.2,53,0.0,0,0.0,0,0.0,0,0.0,0,2171.6,22,0.0,0,0.0,0,0.0,0,0.0,0
2012-11-27T09:19:57.000,2171.2,11355,2171.2,53,0.0,0,0.0,0,0.0,0,0.0,0,2171.4,1,0.0,0,0.0,0,0.0,0,0.0,0
2012-11-27T09:19:57.500,2171.4,11358,2171.2,51,0.0,0,0.0,0,0.0,0,0.0,0,2171.6,16,0.0,0,0.0,0,0.0,0,0.0,0
2012-11-27T09:19:58.250,2171.6,11366,2171.4,2,0.0,0,0.0,0,0.0,0,0.0,0,2171.6,16,0.0,0,0.0,0,0.0,0,0.0,0
2012-11-27T09:19:59.000,2171.4,11368,2171.4,6,0.0,0,0.0,0,0.0,0,0.0,0,2171.6,15,0.0,0,0.0,0,0.0,0,0.0,0
2012-11-27T09:19:59.500,2171.6,11375,2171.4,4,0.0,0,0.0,0,0.0,0,0.0,0,2171.6,11,0.0,0,0.0,0,0.0,0,0.0,0
2012-11-27T09:20:00.000,2171.4,11380,2171.4,1,0.0,0,0.0,0,0.0,0,0.0,0,2171.6,13,0.0,0,0.0,0,0.0,0,0.0,0
2012-11-27T09:20:00.500,2171.4,11396,2171.4,11,0.0,0,0.0,0,0.0,0,0.0,0,2171.6,10,0.0,0,0.0,0,0.0,0,0.0,0
2012-11-27T09:20:01.000,2171.2,11459,2171.2,21,0.0,0,0.0,0,0.0,0,0.0,0,2171.4,6,0.0,0,0.0,0,0.0,0,0.0,0
2012-11-27T09:20:01.500,2171.4,11470,2171.2,18,0.0,0,0.0,0,0.0,0,0.0,0,2171.4,19,0.0,0,0.0,0,0.0,0,0.0,0
2012-11-27T09:20:02.000,2171,11490,2171,100,0.0,0,0.0,0,0.0,0,0.0,0,2171.4,19,0.0,0,0.0,0,0.0,0,0.0,0
2012-11-27T09:20:02.500,2171,11500,2171,94,0.0,0,0.0,0,0.0,0,0.0,0,2171.2,28,0.0,0,0.0,0,0.0,0,0.0,0
2012-11-27T09:20:03.000,2171.2,11528,2171,69,0.0,0,0.0,0,0.0,0,0.0,0,2171.2,26,0.0,0,0.0,0,0.0,0,0.0,0
2012-11-27T09:20:03.500,2171,11574,2171,61,0.0,0,0.0,0,0.0,0,0.0,0,2171.2,5,0.0,0,0.0,0,0.0,0,0.0,0
2012-11-27T09:20:04.000,2171,11610,2171,24,0.0,0,0.0,0,0.0,0,0.0,0,2171.4,21,0.0,0,0.0,0,0.0,0,0.0,0
2012-11-27T09:20:04.500,2171,11614,2171,22,0.0,0,0.0,0,0.0,0,0.0,0,2171.4,21,0.0,0,0.0,0,0.0,0,0.0,0
2012-11-27T09:20:05.000,2171,11621,2171,15,0.0,0,0.0,0,0.0,0,0.0,0,2171.2,15,0.0,0,0.0,0,0.0,0,0.0,0
2012-11-27T09:20:05.500,2171,11639,2170.8,136,0.0,0,0.0,0,0.0,0,0.0,0,2171,31,0.0,0,0.0,0,0.0,0,0.0,0
2012-11-27T09:20:06.000,2170.8,11645,2170.8,135,0.0,0,0.0,0,0.0,0,0.0,0,2171,33,0.0,0,0.0,0,0.0,0,0.0,0
2012-11-27T09:20:06.500,2170.8,11673,2170.8,110,0.0,0,0.0,0,0.0,0,0.0,0,2171,31,0.0,0,0.0,0,0.0,0,0.0,0
2012-11-27T09:20:07.000,2170.8,11708,2170.8,95,0.0,0,0.0,0,0.0,0,0.0,0,2171,15,0.0,0,0.0,0,0.0,0,0.0,0
2012-11-27T09:20:07.500,2170.8,11729,2170.8,68,0.0,0,0.0,0,0.0,0,0.0,0,2171,18,0.0,0,0.0,0,0.0,0,0.0,0
2012-11-27T09:20:08.000,2171,11733,2170.8,66,0.0,0,0.0,0,0.0,0,0.0,0,2171,24,0.0,0,0.0,0,0.0,0,0.0,0
2012-11-27T09:20:08.500,2170.8,11743,2170.8,60,0.0,0,0.0,0,0.0,0,0.0,0,2171,22,0.0,0,0.0,0,0.0,0,0.0,0
2012-11-27T09:20:09.000,2170.8,11755,2170.8,52,0.0,0,0.0,0,0.0,0,0.0,0,2171,25,0.0,0,0.0,0,0.0,0,0.0,0
2012-11-27T09:20:09.500,2170.8,11760,2170.8,47,0.0,0,0.0,0,0.0,0,0.0,0,2171,26,0.0,0,0.0,0,0.0,0,0.0,0
2012-11-27T09:20:10.000,2170.8,11770,2170.8,39,0.0,0,0.0,0,0.0,0,0.0,0,2171,25,0.0,0,0.0,0,0.0,0,0.0,0
2012-11-27T09:20:10.500,2171,11793,2170.8,17,0.0,0,0.0,0,0.0,0,0.0,0,2171,26,0.0,0,0.0,0,0.0,0,0.0,0
2012-11-27T09:20:11.000,2171,11804,2170.8,11,0.0,0,0.0,0,0.0,0,0.0,0,2171,19,0.0,0,0.0,0,0.0,0,0.0,0
2012-11-27T09:20:11.500,2170.8,11812,2170.8,26,0.0,0,0.0,0,0.0,0,0.0,0,2171,21,0.0,0,0.0,0,0.0,0,0.0,0
2012-11-27T09:20:12.000,2170.8,11822,2170.8,16,0.0,0,0.0,0,0.0,0,0.0,0,2171,22,0.0,0,0.0,0,0.0,0,0.0,0
2012-11-27T09:20:12.500,2170.8,11832,2170.8,7,0.0,0,0.0,0,0.0,0,0.0,0,2171,34,0.0,0,0.0,0,0.0,0,0.0,0
2012-11-27T09:20:13.000,2171,11840,2170.6,86,0.0,0,0.0,0,0.0,0,0.0,0,2171,33,0.0,0,0.0,0,0.0,0,0.0,0
2012-11-27T09:20:13.500,2170.6,11861,2170.6,73,0.0,0,0.0,0,0.0,0,0.0,0,2170.8,8,0.0,0,0.0,0,0.0,0,0.0,0
2012-11-27T09:20:14.000,2170.6,11887,2170.6,63,0.0,0,0.0,0,0.0,0,0.0,0,2171,38,0.0,0,0.0,0,0.0,0,0.0,0
2012-11-27T09:20:14.500,2170.8,11924,2170.6,27,0.0,0,0.0,0,0.0,0,0.0,0,2170.8,4,0.0,0,0.0,0,0.0,0,0.0,0
2012-11-27T09:20:15.000,2170.8,11974,2170.6,16,0.0,0,0.0,0,0.0,0,0.0,0,2170.8,30,0.0,0,0.0,0,0.0,0,0.0,0
2012-11-27T09:20:15.500,2170.6,12014,2170.6,8,0.0,0,0.0,0,0.0,0,0.0,0,2170.8,48,0.0,0,0.0,0,0.0,0,0.0,0
2012-11-27T09:20:16.000,2170.6,12037,2170.4,50,0.0,0,0.0,0,0.0,0,0.0,0,2170.6,42,0.0,0,0.0,0,0.0,0,0.0,0
2012-11-27T09:20:16.500,2170.4,12080,2170.4,17,0.0,0,0.0,0,0.0,0,0.0,0,2170.6,35,0.0,0,0.0,0,0.0,0,0.0,0
2012-11-27T09:20:17.000,2170.4,12120,2170.2,124,0.0,0,0.0,0,0.0,0,0.0,0,2170.6,37,0.0,0,0.0,0,0.0,0,0.0,0
2012-11-27T09:20:17.500,2170.6,12155,2170.2,104,0.0,0,0.0,0,0.0,0,0.0,0,2170.6,38,0.0,0,0.0,0,0.0,0,0.0,0
2012-11-27T09:20:18.000,2170.2,12201,2170.2,111,0.0,0,0.0,0,0.0,0,0.0,0,2170.6,31,0.0,0,0.0,0,0.0,0,0.0,0
2012-11-27T09:20:18.500,2170.6,12251,2170.4,3,0.0,0,0.0,0,0.0,0,0.0,0,2170.6,27,0.0,0,0.0,0,0.0,0,0.0,0
2012-11-27T09:20:19.000,2170.2,12277,2170.2,95,0.0,0,0.0,0,0.0,0,0.0,0,2170.6,13,0.0,0,0.0,0,0.0,0,0.0,0
2012-11-27T09:20:19.500,2170.2,12299,2170.4,47,0.0,0,0.0,0,0.0,0,0.0,0,2170.6,8,0.0,0,0.0,0,0.0,0,0.0,0
2012-11-27T09:20:20.000,2170.6,12334,2170.4,70,0.0,0,0.0,0,0.0,0,0.0,0,2170.6,9,0.0,0,0.0,0,0.0,0,0.0,0
2012-11-27T09:20:20.500,2170.6,12354,2170.6,92,0.0,0,0.0,0,0.0,0,0.0,0,2170.8,16,0.0,0,0.0,0,0.0,0,0.0,0
2012-11-27T09:20:21.000,2170.8,12400,2170.8,13,0.0,0,0.0,0,0.0,0,0.0,0,2171,79,0.0,0,0.0,0,0.0,0,0.0,0
2012-11-27T09:20:21.500,2170.8,12423,2170.8,9,0.0,0,0.0,0,0.0,0,0.0,0,2171,71,0.0,0,0.0,0,0.0,0,0.0,0
2012-11-27T09:20:22.000,2170.8,12435,2170.8,32,0.0,0,0.0,0,0.0,0,0.0,0,2171,70,0.0,0,0.0,0,0.0,0,0.0,0
2012-11-27T09:20:22.500,2170.8,12444,2170.8,13,0.0,0,0.0,0,0.0,0,0.0,0,2171,70,0.0,0,0.0,0,0.0,0,0.0,0
2012-11-27T09:20:23.000,2170.8,12447,2170.8,12,0.0,0,0.0,0,0.0,0,0.0,0,2171,76,0.0,0,0.0,0,0.0,0,0.0,0
2012-11-27T09:20:23.500,2170.8,12461,2170.8,9,0.0,0,0.0,0,0.0,0,0.0,0,2171,65,0.0,0,0.0,0,0.0,0,0.0,0
2012-11-27T09:20:24.000,2171,12476,2170.6,30,0.0,0,0.0,0,0.0,0,0.0,0,2170.8,3,0.0,0,0.0,0,0.0,0,0.0,0
2012-11-27T09:20:24.500,2171,12477,2170.6,35,0.0,0,0.0,0,0.0,0,0.0,0,2170.8,2,0.0,0,0.0,0,0.0,0,0.0,0
2012-11-27T09:20:25.000,2170.8,12504,2170.8,58,0.0,0,0.0,0,0.0,0,0.0,0,2171,58,0.0,0,0.0,0,0.0,0,0.0,0
2012-11-27T09:20:25.500,2170.8,12511,2170.8,53,0.0,0,0.0,0,0.0,0,0.0,0,2171,65,0.0,0,0.0,0,0.0,0,0.0,0
2012-11-27T09:20:26.000,2171,12512,2170.8,53,0.0,0,0.0,0,0.0,0,0.0,0,2171,65,0.0,0,0.0,0,0.0,0,0.0,0
2012-11-27T09:20:26.500,2170.8,12536,2170.8,55,0.0,0,0.0,0,0.0,0,0.0,0,2171,48,0.0,0,0.0,0,0.0,0,0.0,0
2012-11-27T09:20:27.000,2171,12540,2170.8,67,0.0,0,0.0,0,0.0,0,0.0,0,2171,48,0.0,0,0.0,0,0.0,0,0.0,0
2012-11-27T09:20:27.500,2170.8,12556,2170.8,65,0.0,0,0.0,0,0.0,0,0.0,0,2171,34,0.0,0,0.0,0,0.0,0,0.0,0
2012-11-27T09:20:28.000,2171,12592,2170.8,63,0.0,0,0.0,0,0.0,0,0.0,0,2171,3,0.0,0,0.0,0,0.0,0,0.0,0
2012-11-27T09:20:28.500,2171,12597,2170.8,61,0.0,0,0.0,0,0.0,0,0.0,0,2171,1,0.0,0,0.0,0,0.0,0,0.0,0
2012-11-27T09:20:29.000,2171,12602,2170.8,59,0.0,0,0.0,0,0.0,0,0.0,0,2171,28,0.0,0,0.0,0,0.0,0,0.0,0
2012-11-27T09:20:29.500,2171,12605,2170.8,59,0.0,0,0.0,0,0.0,0,0.0,0,2171,26,0.0,0,0.0,0,0.0,0,0.0,0
2012-11-27T09:20:30.000,2171,12610,2170.8,44,0.0,0,0.0,0,0.0,0,0.0,0,2171,28,0.0,0,0.0,0,0.0,0,0.0,0
2012-11-27T09:20:30.500,2171,12640,2170.8,41,0.0,0,0.0,0,0.0,0,0.0,0,2171,1,0.0,0,0.0,0,0.0,0,0.0,0
2012-11-27T09:20:31.000,2171,12641,2171,6,0.0,0,0.0,0,0.0,0,0.0,0,2171.2,14,0.0,0,0.0,0,0.0,0,0.0,0
2012-11-27T09:20:31.500,2171.2,12643,2171,8,0.0,0,0.0,0,0.0,0,0.0,0,2171.2,12,0.0,0,0.0,0,0.0,0,0.0,0
2012-11-27T09:20:32.000,2171.2,12647,2171,6,0.0,0,0.0,0,0.0,0,0.0,0,2171.2,10,0.0,0,0.0,0,0.0,0,0.0,0
2012-11-27T09:20:32.500,2171.2,12653,2171,7,0.0,0,0.0,0,0.0,0,0.0,0,2171.2,5,0.0,0,0.0,0,0.0,0,0.0,0
2012-11-27T09:20:33.000,2171.2,12654,2171,11,0.0,0,0.0,0,0.0,0,0.0,0,2171.2,4,0.0,0,0.0,0,0.0,0,0.0,0
2012-11-27T09:20:33.500,2171.2,12656,2171,14,0.0,0,0.0,0,0.0,0,0.0,0,2171.2,5,0.0,0,0.0,0,0.0,0,0.0,0
2012-11-27T09:20:34.250,2171.2,12661,2171,12,0.0,0,0.0,0,0.0,0,0.0,0,2171.2,4,0.0,0,0.0,0,0.0,0,0.0,0
2012-11-27T09:20:35.000,2171.2,12672,2171,4,0.0,0,0.0,0,0.0,0,0.0,0,2171.2,24,0.0,0,0.0,0,0.0,0,0.0,0
2012-11-27T09:20:35.500,2171,12673,2171,8,0.0,0,0.0,0,0.0,0,0.0,0,2171.2,24,0.0,0,0.0,0,0.0,0,0.0,0
2012-11-27T09:20:36.000,2171.2,12698,2171,3,0.0,0,0.0,0,0.0,0,0.0,0,2171.2,4,0.0,0,0.0,0,0.0,0,0.0,0
2012-11-27T09:20:36.500,2171,12703,2170.8,34,0.0,0,0.0,0,0.0,0,0.0,0,2171,1,0.0,0,0.0,0,0.0,0,0.0,0
2012-11-27T09:20:37.000,2171.2,12707,2170.8,34,0.0,0,0.0,0,0.0,0,0.0,0,2171,1,0.0,0,0.0,0,0.0,0,0.0,0
2012-11-27T09:20:37.500,2171.2,12711,2171,24,0.0,0,0.0,0,0.0,0,0.0,0,2171.2,2,0.0,0,0.0,0,0.0,0,0.0,0
2012-11-27T09:20:38.000,2171,12713,2171,25,0.0,0,0.0,0,0.0,0,0.0,0,2171.2,3,0.0,0,0.0,0,0.0,0,0.0,0
2012-11-27T09:20:38.500,2171,12718,2171,21,0.0,0,0.0,0,0.0,0,0.0,0,2171.2,3,0.0,0,0.0,0,0.0,0,0.0,0
2012-11-27T09:20:39.000,2171,12723,2171,21,0.0,0,0.0,0,0.0,0,0.0,0,2171.4,42,0.0,0,0.0,0,0.0,0,0.0,0
2012-11-27T09:20:39.500,2171.4,12728,2171,24,0.0,0,0.0,0,0.0,0,0.0,0,2171.4,40,0.0,0,0.0,0,0.0,0,0.0,0
2012-11-27T09:20:40.000,2171,12730,2171,23,0.0,0,0.0,0,0.0,0,0.0,0,2171.2,3,0.0,0,0.0,0,0.0,0,0.0,0
2012-11-27T09:20:40.500,2171,12738,2171,15,0.0,0,0.0,0,0.0,0,0.0,0,2171.2,3,0.0,0,0.0,0,0.0,0,0.0,0
2012-11-27T09:20:41.000,2171.2,12741,2171,14,0.0,0,0.0,0,0.0,0,0.0,0,2171.2,19,0.0,0,0.0,0,0.0,0,0.0,0
2012-11-27T09:20:41.500,2171.2,12744,2171,14,0.0,0,0.0,0,0.0,0,0.0,0,2171.2,16,0.0,0,0.0,0,0.0,0,0.0,0
2012-11-27T09:20:42.000,2171.2,12755,2171,24,0.0,0,0.0,0,0.0,0,0.0,0,2171.2,14,0.0,0,0.0,0,0.0,0,0.0,0
2012-11-27T09:20:42.500,2171.2,12759,2171,24,0.0,0,0.0,0,0.0,0,0.0,0,2171.2,10,0.0,0,0.0,0,0.0,0,0.0,0
2012-11-27T09:20:43.000,2171.2,12771,2171,24,0.0,0,0.0,0,0.0,0,0.0,0,2171.2,2,0.0,0,0.0,0,0.0,0,0.0,0
2012-11-27T09:20:43.500,2171,12772,2171,25,0.0,0,0.0,0,0.0,0,0.0,0,2171.2,2,0.0,0,0.0,0,0.0,0,0.0,0
2012-11-27T09:20:44.250,2171.2,12773,2171,27,0.0,0,0.0,0,0.0,0,0.0,0,2171.2,4,0.0,0,0.0,0,0.0,0,0.0,0
2012-11-27T09:20:45.000,2171,12778,2171,26,0.0,0,0.0,0,0.0,0,0.0,0,2171.2,3,0.0,0,0.0,0,0.0,0,0.0,0
2012-11-27T09:20:45.500,2171.2,12785,2171,31,0.0,0,0.0,0,0.0,0,0.0,0,2171.2,6,0.0,0,0.0,0,0.0,0,0.0,0
2012-11-27T09:20:46.000,2171.2,12786,2171,31,0.0,0,0.0,0,0.0,0,0.0,0,2171.2,5,0.0,0,0.0,0,0.0,0,0.0,0
2012-11-27T09:20:46.500,2171.2,12787,2171,36,0.0,0,0.0,0,0.0,0,0.0,0,2171.2,4,0.0,0,0.0,0,0.0,0,0.0,0
2012-11-27T09:20:47.000,2171,12802,2171,34,0.0,0,0.0,0,0.0,0,0.0,0,2171.4,45,0.0,0,0.0,0,0.0,0,0.0,0
2012-11-27T09:20:47.500,2171.4,12805,2171.2,1,0.0,0,0.0,0,0.0,0,0.0,0,2171.4,43,0.0,0,0.0,0,0.0,0,0.0,0
2012-11-27T09:20:48.000,2171.2,12807,2171.2,2,0.0,0,0.0,0,0.0,0,0.0,0,2171.4,43,0.0,0,0.0,0,0.0,0,0.0,0
2012-11-27T09:20:48.500,2171.2,12816,2171.2,34,0.0,0,0.0,0,0.0,0,0.0,0,2171.4,37,0.0,0,0.0,0,0.0,0,0.0,0
2012-11-27T09:20:49.000,2171.4,12827,2171.2,57,0.0,0,0.0,0,0.0,0,0.0,0,2171.4,31,0.0,0,0.0,0,0.0,0,0.0,0
2012-11-27T09:20:49.500,2171.4,12834,2171.2,53,0.0,0,0.0,0,0.0,0,0.0,0,2171.4,34,0.0,0,0.0,0,0.0,0,0.0,0
2012-11-27T09:20:50.000,2171.2,12849,2171.2,52,0.0,0,0.0,0,0.0,0,0.0,0,2171.4,20,0.0,0,0.0,0,0.0,0,0.0,0
2012-11-27T09:20:50.500,2171.4,12862,2171.2,51,0.0,0,0.0,0,0.0,0,0.0,0,2171.4,9,0.0,0,0.0,0,0.0,0,0.0,0
2012-11-27T09:20:51.000,2171.4,12867,2171.2,51,0.0,0,0.0,0,0.0,0,0.0,0,2171.4,4,0.0,0,0.0,0,0.0,0,0.0,0
2012-11-27T09:20:51.500,2171.4,12874,2171.4,9,0.0,0,0.0,0,0.0,0,0.0,0,2171.6,31,0.0,0,0.0,0,0.0,0,0.0,0
2012-11-27T09:20:52.000,2171.4,12875,2171.4,12,0.0,0,0.0,0,0.0,0,0.0,0,2171.6,38,0.0,0,0.0,0,0.0,0,0.0,0
2012-11-27T09:20:52.500,2171.6,12876,2171.4,14,0.0,0,0.0,0,0.0,0,0.0,0,2171.6,37,0.0,0,0.0,0,0.0,0,0.0,0
2012-11-27T09:20:53.000,2171.6,12880,2171.4,14,0.0,0,0.0,0,0.0,0,0.0,0,2171.6,34,0.0,0,0.0,0,0.0,0,0.0,0
2012-11-27T09:20:53.500,2171.4,12893,2171.4,8,0.0,0,0.0,0,0.0,0,0.0,0,2171.6,32,0.0,0,0.0,0,0.0,0,0.0,0
2012-11-27T09:20:54.000,2171.6,12897,2171.4,10,0.0,0,0.0,0,0.0,0,0.0,0,2171.6,30,0.0,0,0.0,0,0.0,0,0.0,0
2012-11-27T09:20:54.500,2171.4,12902,2171.4,6,0.0,0,0.0,0,0.0,0,0.0,0,2171.6,30,0.0,0,0.0,0,0.0,0,0.0,0
2012-11-27T09:20:55.000,2171.6,12910,2171.4,7,0.0,0,0.0,0,0.0,0,0.0,0,2171.6,22,0.0,0,0.0,0,0.0,0,0.0,0
2012-11-27T09:20:55.500,2171.6,12916,2171.4,6,0.0,0,0.0,0,0.0,0,0.0,0,2171.6,23,0.0,0,0.0,0,0.0,0,0.0,0
2012-11-27T09:20:56.000,2171.6,12920,2171.4,6,0.0,0,0.0,0,0.0,0,0.0,0,2171.6,24,0.0,0,0.0,0,0.0,0,0.0,0
2012-11-27T09:20:56.500,2171.6,12923,2171.4,6,0.0,0,0.0,0,0.0,0,0.0,0,2171.6,22,0.0,0,0.0,0,0.0,0,0.0,0
2012-11-27T09:20:57.000,2171.4,12925,2171.4,7,0.0,0,0.0,0,0.0,0,0.0,0,2171.6,21,0.0,0,0.0,0,0.0,0,0.0,0
2012-11-27T09:20:57.500,2171.6,12932,2171.4,11,0.0,0,0.0,0,0.0,0,0.0,0,2171.6,15,0.0,0,0.0,0,0.0,0,0.0,0
2012-11-27T09:20:58.000,2171.6,12935,2171.4,11,0.0,0,0.0,0,0.0,0,0.0,0,2171.6,12,0.0,0,0.0,0,0.0,0,0.0,0
2012-11-27T09:20:58.500,2171.6,12936,2171.4,11,0.0,0,0.0,0,0.0,0,0.0,0,2171.6,18,0.0,0,0.0,0,0.0,0,0.0,0
2012-11-27T09:20:59.000,2171.6,12937,2171.4,11,0.0,0,0.0,0,0.0,0,0.0,0,2171.6,17,0.0,0,0.0,0,0.0,0,0.0,0
2012-11-27T09:20:59.500,2171.6,12944,2171.4,14,0.0,0,0.0,0,0.0,0,0.0,0,2171.6,22,0.0,0,0.0,0,0.0,0,0.0,0
2012-11-27T09:21:00.000,2171.6,12956,2171.4,13,0.0,0,0.0,0,0.0,0,0.0,0,2171.6,13,0.0,0,0.0,0,0.0,0,0.0,0
2012-11-27T09:21:00.500,2171.4,12961,2171.4,9,0.0,0,0.0,0,0.0,0,0.0,0,2171.6,12,0.0,0,0.0,0,0.0,0,0.0,0
2012-11-27T09:21:01.000,2171.4,12963,2171.4,13,0.0,0,0.0,0,0.0,0,0.0,0,2171.6,17,0.0,0,0.0,0,0.0,0,0.0,0
2012-11-27T09:21:01.500,2171.6,12972,2171.4,7,0.0,0,0.0,0,0.0,0,0.0,0,2171.6,27,0.0,0,0.0,0,0.0,0,0.0,0
2012-11-27T09:21:02.000,2171.4,13002,2171.2,40,0.0,0,0.0,0,0.0,0,0.0,0,2171.4,1,0.0,0,0.0,0,0.0,0,0.0,0
2012-11-27T09:21:02.500,2171.2,13006,2171.4,3,0.0,0,0.0,0,0.0,0,0.0,0,2171.6,19,0.0,0,0.0,0,0.0,0,0.0,0
2012-11-27T09:21:03.000,2171.6,13010,2171.4,2,0.0,0,0.0,0,0.0,0,0.0,0,2171.6,22,0.0,0,0.0,0,0.0,0,0.0,0
2012-11-27T09:21:03.500,2171.4,13014,2171.2,42,0.0,0,0.0,0,0.0,0,0.0,0,2171.6,22,0.0,0,0.0,0,0.0,0,0.0,0
2012-11-27T09:21:04.000,2171.6,13023,2171.4,2,0.0,0,0.0,0,0.0,0,0.0,0,2171.6,15,0.0,0,0.0,0,0.0,0,0.0,0
2012-11-27T09:21:04.500,2171.6,13026,2171.4,2,0.0,0,0.0,0,0.0,0,0.0,0,2171.6,12,0.0,0,0.0,0,0.0,0,0.0,0
2012-11-27T09:21:05.000,2171.6,13030,2171.4,36,0.0,0,0.0,0,0.0,0,0.0,0,2171.6,11,0.0,0,0.0,0,0.0,0,0.0,0
2012-11-27T09:21:05.500,2171.6,13033,2171.4,44,0.0,0,0.0,0,0.0,0,0.0,0,2171.6,10,0.0,0,0.0,0,0.0,0,0.0,0
2012-11-27T09:21:06.000,2171.6,13055,2171.6,32,0.0,0,0.0,0,0.0,0,0.0,0,2171.8,49,0.0,0,0.0,0,0.0,0,0.0,0
2012-11-27T09:21:06.500,2171.6,13057,2171.6,34,0.0,0,0.0,0,0.0,0,0.0,0,2171.8,49,0.0,0,0.0,0,0.0,0,0.0,0
2012-11-27T09:21:07.000,2171.6,13076,2171.6,31,0.0,0,0.0,0,0.0,0,0.0,0,2171.8,33,0.0,0,0.0,0,0.0,0,0.0,0
2012-11-27T09:21:07.500,2171.6,13090,2171.6,12,0.0,0,0.0,0,0.0,0,0.0,0,2171.8,31,0.0,0,0.0,0,0.0,0,0.0,0
2012-11-27T09:21:08.000,2171.6,13105,2171.4,18,0.0,0,0.0,0,0.0,0,0.0,0,2171.6,7,0.0,0,0.0,0,0.0,0,0.0,0
2012-11-27T09:21:08.500,2171.6,13110,2171.4,18,0.0,0,0.0,0,0.0,0,0.0,0,2171.6,2,0.0,0,0.0,0,0.0,0,0.0,0
2012-11-27T09:21:09.000,2171.4,13113,2171.4,5,0.0,0,0.0,0,0.0,0,0.0,0,2171.6,16,0.0,0,0.0,0,0.0,0,0.0,0
2012-11-27T09:21:09.500,2171.4,13127,2171.2,40,0.0,0,0.0,0,0.0,0,0.0,0,2171.4,1,0.0,0,0.0,0,0.0,0,0.0,0
2012-11-27T09:21:10.000,2171.4,13131,2171.2,41,0.0,0,0.0,0,0.0,0,0.0,0,2171.6,34,0.0,0,0.0,0,0.0,0,0.0,0
2012-11-27T09:21:10.500,2171.4,13136,2171.4,5,0.0,0,0.0,0,0.0,0,0.0,0,2171.6,41,0.0,0,0.0,0,0.0,0,0.0,0
2012-11-27T09:21:11.000,2171.6,13140,2171.4,5,0.0,0,0.0,0,0.0,0,0.0,0,2171.6,40,0.0,0,0.0,0,0.0,0,0.0,0
2012-11-27T09:21:11.500,2171.4,13143,2171.4,3,0.0,0,0.0,0,0.0,0,0.0,0,2171.6,40,0.0,0,0.0,0,0.0,0,0.0,0
2012-11-27T09:21:12.000,2171.4,13146,2171.4,2,0.0,0,0.0,0,0.0,0,0.0,0,2171.6,40,0.0,0,0.0,0,0.0,0,0.0,0
2012-11-27T09:21:12.500,2171.4,13147,2171.4,1,0.0,0,0.0,0,0.0,0,0.0,0,2171.6,40,0.0,0,0.0,0,0.0,0,0.0,0
2012-11-27T09:21:13.250,2171.6,13153,2171.4,28,0.0,0,0.0,0,0.0,0,0.0,0,2171.6,37,0.0,0,0.0,0,0.0,0,0.0,0
2012-11-27T09:21:14.000,2171.4,13194,2171.2,43,0.0,0,0.0,0,0.0,0,0.0,0,2171.4,1,0.0,0,0.0,0,0.0,0,0.0,0
2012-11-27T09:21:14.500,2171.2,13195,2171.2,44,0.0,0,0.0,0,0.0,0,0.0,0,2171.4,1,0.0,0,0.0,0,0.0,0,0.0,0
2012-11-27T09:21:15.000,2171.4,13198,2171.2,43,0.0,0,0.0,0,0.0,0,0.0,0,2171.4,1,0.0,0,0.0,0,0.0,0,0.0,0
2012-11-27T09:21:15.500,2171.2,13203,2171.2,39,0.0,0,0.0,0,0.0,0,0.0,0,2171.6,34,0.0,0,0.0,0,0.0,0,0.0,0
2012-11-27T09:21:16.000,2171.4,13204,2171.4,1,0.0,0,0.0,0,0.0,0,0.0,0,2171.6,34,0.0,0,0.0,0,0.0,0,0.0,0
2012-11-27T09:21:16.500,2171.2,13209,2171.4,1,0.0,0,0.0,0,0.0,0,0.0,0,2171.6,37,0.0,0,0.0,0,0.0,0,0.0,0
2012-11-27T09:21:17.000,2171.4,13213,2171.4,4,0.0,0,0.0,0,0.0,0,0.0,0,2171.6,39,0.0,0,0.0,0,0.0,0,0.0,0
2012-11-27T09:21:17.500,2171.4,13214,2171.4,4,0.0,0,0.0,0,0.0,0,0.0,0,2171.6,40,0.0,0,0.0,0,0.0,0,0.0,0
2012-11-27T09:21:18.250,2171.4,13221,2171.2,38,0.0,0,0.0,0,0.0,0,0.0,0,2171.6,38,0.0,0,0.0,0,0.0,0,0.0,0
2012-11-27T09:21:21.250,2171.4,13222,2171.2,43,0.0,0,0.0,0,0.0,0,0.0,0,2171.4,16,0.0,0,0.0,0,0.0,0,0.0,0
2012-11-27T09:21:22.000,2171.2,13226,2171.2,40,0.0,0,0.0,0,0.0,0,0.0,0,2171.4,16,0.0,0,0.0,0,0.0,0,0.0,0
2012-11-27T09:21:22.500,2171.4,13231,2171.2,38,0.0,0,0.0,0,0.0,0,0.0,0,2171.4,14,0.0,0,0.0,0,0.0,0,0.0,0
2012-11-27T09:21:23.000,2171.4,13241,2171.2,38,0.0,0,0.0,0,0.0,0,0.0,0,2171.4,4,0.0,0,0.0,0,0.0,0,0.0,0
2012-11-27T09:21:23.500,2171.2,13244,2171.2,37,0.0,0,0.0,0,0.0,0,0.0,0,2171.4,4,0.0,0,0.0,0,0.0,0,0.0,0
2012-11-27T09:21:24.000,2171.2,13266,2171.2,17,0.0,0,0.0,0,0.0,0,0.0,0,2171.4,3,0.0,0,0.0,0,0.0,0,0.0,0
2012-11-27T09:21:24.500,2171.2,13270,2171.2,13,0.0,0,0.0,0,0.0,0,0.0,0,2171.4,3,0.0,0,0.0,0,0.0,0,0.0,0
2012-11-27T09:21:25.000,2171.2,13275,2171.2,10,0.0,0,0.0,0,0.0,0,0.0,0,2171.4,38,0.0,0,0.0,0,0.0,0,0.0,0
2012-11-27T09:21:25.500,2171.2,13276,2171.2,9,0.0,0,0.0,0,0.0,0,0.0,0,2171.4,44,0.0,0,0.0,0,0.0,0,0.0,0
2012-11-27T09:21:26.000,2171.2,13285,2171,53,0.0,0,0.0,0,0.0,0,0.0,0,2171.2,40,0.0,0,0.0,0,0.0,0,0.0,0
2012-11-27T09:21:26.500,2171.2,13295,2171,46,0.0,0,0.0,0,0.0,0,0.0,0,2171.2,55,0.0,0,0.0,0,0.0,0,0.0,0
2012-11-27T09:21:27.000,2171,13305,2171,35,0.0,0,0.0,0,0.0,0,0.0,0,2171.2,56,0.0,0,0.0,0,0.0,0,0.0,0
2012-11-27T09:21:27.500,2171,13307,2171,35,0.0,0,0.0,0,0.0,0,0.0,0,2171.2,56,0.0,0,0.0,0,0.0,0,0.0,0
2012-11-27T09:21:28.000,2171,13317,2171,24,0.0,0,0.0,0,0.0,0,0.0,0,2171.2,56,0.0,0,0.0,0,0.0,0,0.0,0
2012-11-27T09:21:28.500,2171,13318,2171,23,0.0,0,0.0,0,0.0,0,0.0,0,2171.2,56,0.0,0,0.0,0,0.0,0,0.0,0
2012-11-27T09:21:29.000,2171,13320,2171,21,0.0,0,0.0,0,0.0,0,0.0,0,2171.2,31,0.0,0,0.0,0,0.0,0,0.0,0
2012-11-27T09:21:29.500,2171.2,13325,2171,19,0.0,0,0.0,0,0.0,0,0.0,0,2171.2,31,0.0,0,0.0,0,0.0,0,0.0,0
2012-11-27T09:21:30.250,2171,13339,2171,6,0.0,0,0.0,0,0.0,0,0.0,0,2171.2,30,0.0,0,0.0,0,0.0,0,0.0,0
2012-11-27T09:21:31.000,2171,13342,2171,8,0.0,0,0.0,0,0.0,0,0.0,0,2171.2,29,0.0,0,0.0,0,0.0,0,0.0,0
2012-11-27T09:21:31.500,2171,13349,2171,2,0.0,0,0.0,0,0.0,0,0.0,0,2171.2,28,0.0,0,0.0,0,0.0,0,0.0,0
2012-11-27T09:21:32.000,2171.2,13352,2171,12,0.0,0,0.0,0,0.0,0,0.0,0,2171.2,26,0.0,0,0.0,0,0.0,0,0.0,0
2012-11-27T09:21:32.500,2171,13363,2171,5,0.0,0,0.0,0,0.0,0,0.0,0,2171.2,26,0.0,0,0.0,0,0.0,0,0.0,0
2012-11-27T09:21:33.000,2171,13364,2171,16,0.0,0,0.0,0,0.0,0,0.0,0,2171.2,28,0.0,0,0.0,0,0.0,0,0.0,0
2012-11-27T09:21:33.500,2171,13366,2171,36,0.0,0,0.0,0,0.0,0,0.0,0,2171.2,27,0.0,0,0.0,0,0.0,0,0.0,0
2012-11-27T09:21:34.250,2171,13368,2171,37,0.0,0,0.0,0,0.0,0,0.0,0,2171.2,28,0.0,0,0.0,0,0.0,0,0.0,0
2012-11-27T09:21:35.000,2171,13370,2171,35,0.0,0,0.0,0,0.0,0,0.0,0,2171.2,21,0.0,0,0.0,0,0.0,0,0.0,0
2012-11-27T09:21:35.500,2171,13387,2171,34,0.0,0,0.0,0,0.0,0,0.0,0,2171.2,9,0.0,0,0.0,0,0.0,0,0.0,0
2012-11-27T09:21:36.250,2171,13388,2171,34,0.0,0,0.0,0,0.0,0,0.0,0,2171.2,9,0.0,0,0.0,0,0.0,0,0.0,0
2012-11-27T09:21:37.250,2171,13397,2171,31,0.0,0,0.0,0,0.0,0,0.0,0,2171.2,3,0.0,0,0.0,0,0.0,0,0.0,0
2012-11-27T09:21:38.000,2171,13403,2171,28,0.0,0,0.0,0,0.0,0,0.0,0,2171.2,4,0.0,0,0.0,0,0.0,0,0.0,0
2012-11-27T09:21:38.500,2171,13405,2171,26,0.0,0,0.0,0,0.0,0,0.0,0,2171.2,4,0.0,0,0.0,0,0.0,0,0.0,0
2012-11-27T09:21:39.000,2171,13415,2171,16,0.0,0,0.0,0,0.0,0,0.0,0,2171.2,4,0.0,0,0.0,0,0.0,0,0.0,0
2012-11-27T09:21:39.500,2171.2,13422,2171,10,0.0,0,0.0,0,0.0,0,0.0,0,2171.2,7,0.0,0,0.0,0,0.0,0,0.0,0
2012-11-27T09:21:40.000,2171,13423,2171,9,0.0,0,0.0,0,0.0,0,0.0,0,2171.2,7,0.0,0,0.0,0,0.0,0,0.0,0
2012-11-27T09:21:40.500,2171.2,13425,2171,9,0.0,0,0.0,0,0.0,0,0.0,0,2171.2,11,0.0,0,0.0,0,0.0,0,0.0,0
2012-11-27T09:21:41.000,2171,13436,2170.8,53,0.0,0,0.0,0,0.0,0,0.0,0,2171,1,0.0,0,0.0,0,0.0,0,0.0,0
2012-11-27T09:21:41.500,2171,13437,2170.8,54,0.0,0,0.0,0,0.0,0,0.0,0,2171,10,0.0,0,0.0,0,0.0,0,0.0,0
2012-11-27T09:21:42.000,2171,13439,2170.8,60,0.0,0,0.0,0,0.0,0,0.0,0,2171,13,0.0,0,0.0,0,0.0,0,0.0,0
2012-11-27T09:21:42.500,2170.8,13443,2170.8,59,0.0,0,0.0,0,0.0,0,0.0,0,2171,22,0.0,0,0.0,0,0.0,0,0.0,0
2012-11-27T09:21:43.000,2170.8,13447,2170.8,55,0.0,0,0.0,0,0.0,0,0.0,0,2171,28,0.0,0,0.0,0,0.0,0,0.0,0
2012-11-27T09:21:43.500,2170.8,13504,2170.8,4,0.0,0,0.0,0,0.0,0,0.0,0,2171,22,0.0,0,0.0,0,0.0,0,0.0,0
2012-11-27T09:21:44.000,2170.8,13506,2170.8,3,0.0,0,0.0,0,0.0,0,0.0,0,2171,23,0.0,0,0.0,0,0.0,0,0.0,0
2012-11-27T09:21:44.500,2170.8,13512,2170.6,82,0.0,0,0.0,0,0.0,0,0.0,0,2170.8,2,0.0,0,0.0,0,0.0,0,0.0,0
2012-11-27T09:21:45.000,2170.6,13516,2170.6,80,0.0,0,0.0,0,0.0,0,0.0,0,2170.8,2,0.0,0,0.0,0,0.0,0,0.0,0
2012-11-27T09:21:45.500,2170.8,13533,2170.8,5,0.0,0,0.0,0,0.0,0,0.0,0,2171,8,0.0,0,0.0,0,0.0,0,0.0,0
2012-11-27T09:21:46.000,2170.8,13534,2170.8,5,0.0,0,0.0,0,0.0,0,0.0,0,2171,9,0.0,0,0.0,0,0.0,0,0.0,0
2012-11-27T09:21:46.500,2170.8,13536,2170.8,15,0.0,0,0.0,0,0.0,0,0.0,0,2171,9,0.0,0,0.0,0,0.0,0,0.0,0
2012-11-27T09:21:47.000,2170.8,13542,2170.8,15,0.0,0,0.0,0,0.0,0,0.0,0,2171,8,0.0,0,0.0,0,0.0,0,0.0,0
2012-11-27T09:21:47.500,2170.8,13543,2170.8,17,0.0,0,0.0,0,0.0,0,0.0,0,2171,9,0.0,0,0.0,0,0.0,0,0.0,0
2012-11-27T09:21:48.000,2170.8,13565,2170.8,5,0.0,0,0.0,0,0.0,0,0.0,0,2171,1,0.0,0,0.0,0,0.0,0,0.0,0
2012-11-27T09:21:48.500,2170.6,13573,2170.6,82,0.0,0,0.0,0,0.0,0,0.0,0,2171,2,0.0,0,0.0,0,0.0,0,0.0,0
2012-11-27T09:21:49.000,2171,13574,2170.6,82,0.0,0,0.0,0,0.0,0,0.0,0,2171,7,0.0,0,0.0,0,0.0,0,0.0,0
2012-11-27T09:21:49.500,2170.8,13577,2170.6,81,0.0,0,0.0,0,0.0,0,0.0,0,2170.8,1,0.0,0,0.0,0,0.0,0,0.0,0
2012-11-27T09:21:50.000,2170.8,13580,2170.8,1,0.0,0,0.0,0,0.0,0,0.0,0,2171,11,0.0,0,0.0,0,0.0,0,0.0,0
2012-11-27T09:21:50.500,2170.6,13585,2170.6,79,0.0,0,0.0,0,0.0,0,0.0,0,2171,12,0.0,0,0.0,0,0.0,0,0.0,0
2012-11-27T09:21:51.250,2171,13606,2170.8,1,0.0,0,0.0,0,0.0,0,0.0,0,2171.2,9,0.0,0,0.0,0,0.0,0,0.0,0
2012-11-27T09:21:52.000,2171,13612,2170.8,2,0.0,0,0.0,0,0.0,0,0.0,0,2171,1,0.0,0,0.0,0,0.0,0,0.0,0
2012-11-27T09:21:52.500,2170.6,13628,2170.8,3,0.0,0,0.0,0,0.0,0,0.0,0,2171,2,0.0,0,0.0,0,0.0,0,0.0,0
2012-11-27T09:21:53.000,2170.6,13634,2170.6,72,0.0,0,0.0,0,0.0,0,0.0,0,2170.8,3,0.0,0,0.0,0,0.0,0,0.0,0
2012-11-27T09:21:53.500,2170.8,13642,2170.8,14,0.0,0,0.0,0,0.0,0,0.0,0,2171,2,0.0,0,0.0,0,0.0,0,0.0,0
2012-11-27T09:21:54.000,2170.8,13657,2170.8,22,0.0,0,0.0,0,0.0,0,0.0,0,2171.2,9,0.0,0,0.0,0,0.0,0,0.0,0
2012-11-27T09:21:54.500,2170.8,13663,2170.8,16,0.0,0,0.0,0,0.0,0,0.0,0,2171,6,0.0,0,0.0,0,0.0,0,0.0,0
2012-11-27T09:21:55.000,2171,13672,2171,13,0.0,0,0.0,0,0.0,0,0.0,0,2171.2,9,0.0,0,0.0,0,0.0,0,0.0,0
2012-11-27T09:21:55.500,2170.8,13690,2170.8,9,0.0,0,0.0,0,0.0,0,0.0,0,2171.2,8,0.0,0,0.0,0,0.0,0,0.0,0
2012-11-27T09:21:56.000,2170.8,13692,2170.8,7,0.0,0,0.0,0,0.0,0,0.0,0,2171,2,0.0,0,0.0,0,0.0,0,0.0,0
2012-11-27T09:21:56.500,2171,13696,2170.8,4,0.0,0,0.0,0,0.0,0,0.0,0,2171,1,0.0,0,0.0,0,0.0,0,0.0,0
2012-11-27T09:21:57.000,2171,13702,2170.8,2,0.0,0,0.0,0,0.0,0,0.0,0,2171.2,9,0.0,0,0.0,0,0.0,0,0.0,0
2012-11-27T09:21:57.500,2171.2,13705,2170.8,2,0.0,0,0.0,0,0.0,0,0.0,0,2171.2,7,0.0,0,0.0,0,0.0,0,0.0,0
2012-11-27T09:21:58.000,2171.2,13706,2170.8,3,0.0,0,0.0,0,0.0,0,0.0,0,2171.2,8,0.0,0,0.0,0,0.0,0,0.0,0
2012-11-27T09:21:58.500,2170.8,13707,2170.8,5,0.0,0,0.0,0,0.0,0,0.0,0,2171,13,0.0,0,0.0,0,0.0,0,0.0,0
2012-11-27T09:21:59.000,2171,13709,2170.8,17,0.0,0,0.0,0,0.0,0,0.0,0,2171,12,0.0,0,0.0,0,0.0,0,0.0,0
2012-11-27T09:21:59.500,2170.8,13714,2170.8,15,0.0,0,0.0,0,0.0,0,0.0,0,2171,12,0.0,0,0.0,0,0.0,0,0.0,0
2012-11-27T09:22:00.000,2170.8,13725,2170.8,10,0.0,0,0.0,0,0.0,0,0.0,0,2171,10,0.0,0,0.0,0,0.0,0,0.0,0
2012-11-27T09:22:00.500,2170.8,13734,2170.8,8,0.0,0,0.0,0,0.0,0,0.0,0,2171,14,0.0,0,0.0,0,0.0,0,0.0,0
2012-11-27T09:22:01.000,2171,13753,2170.6,97,0.0,0,0.0,0,0.0,0,0.0,0,2171,9,0.0,0,0.0,0,0.0,0,0.0,0
2012-11-27T09:22:01.500,2171,13765,2170.6,90,0.0,0,0.0,0,0.0,0,0.0,0,2171,7,0.0,0,0.0,0,0.0,0,0.0,0
2012-11-27T09:22:02.000,2171,13780,2171,2,0.0,0,0.0,0,0.0,0,0.0,0,2171.2,13,0.0,0,0.0,0,0.0,0,0.0,0
2012-11-27T09:22:02.500,2171,13785,2171,5,0.0,0,0.0,0,0.0,0,0.0,0,2171.2,10,0.0,0,0.0,0,0.0,0,0.0,0
2012-11-27T09:22:03.000,2171,13790,2171,2,0.0,0,0.0,0,0.0,0,0.0,0,2171.2,10,0.0,0,0.0,0,0.0,0,0.0,0
2012-11-27T09:22:03.500,2171,13795,2170.8,18,0.0,0,0.0,0,0.0,0,0.0,0,2171,7,0.0,0,0.0,0,0.0,0,0.0,0
2012-11-27T09:22:04.000,2171,13800,2170.8,20,0.0,0,0.0,0,0.0,0,0.0,0,2171,3,0.0,0,0.0,0,0.0,0,0.0,0
2012-11-27T09:22:04.500,2170.8,13825,2171,6,0.0,0,0.0,0,0.0,0,0.0,0,2171.2,19,0.0,0,0.0,0,0.0,0,0.0,0
2012-11-27T09:22:05.000,2171.2,13826,2171,9,0.0,0,0.0,0,0.0,0,0.0,0,2171.2,19,0.0,0,0.0,0,0.0,0,0.0,0
2012-11-27T09:22:05.500,2171,13828,2171,8,0.0,0,0.0,0,0.0,0,0.0,0,2171.2,19,0.0,0,0.0,0,0.0,0,0.0,0
2012-11-27T09:22:06.250,2171,13844,2170.8,10,0.0,0,0.0,0,0.0,0,0.0,0,2171,3,0.0,0,0.0,0,0.0,0,0.0,0
2012-11-27T09:22:07.000,2171.2,13857,2170.8,10,0.0,0,0.0,0,0.0,0,0.0,0,2171.2,10,0.0,0,0.0,0,0.0,0,0.0,0
2012-11-27T09:22:07.500,2170.8,13861,2170.8,8,0.0,0,0.0,0,0.0,0,0.0,0,2171.2,9,0.0,0,0.0,0,0.0,0,0.0,0
2012-11-27T09:22:08.000,2171.2,13863,2171,22,0.0,0,0.0,0,0.0,0,0.0,0,2171.2,8,0.0,0,0.0,0,0.0,0,0.0,0
2012-11-27T09:22:08.500,2171.2,13868,2171,19,0.0,0,0.0,0,0.0,0,0.0,0,2171.2,6,0.0,0,0.0,0,0.0,0,0.0,0
2012-11-27T09:22:09.250,2171,13872,2171,17,0.0,0,0.0,0,0.0,0,0.0,0,2171.2,6,0.0,0,0.0,0,0.0,0,0.0,0
2012-11-27T09:22:10.000,2171.2,13873,2171,21,0.0,0,0.0,0,0.0,0,0.0,0,2171.2,7,0.0,0,0.0,0,0.0,0,0.0,0
2012-11-27T09:22:10.500,2171,13877,2171,24,0.0,0,0.0,0,0.0,0,0.0,0,2171.2,6,0.0,0,0.0,0,0.0,0,0.0,0
2012-11-27T09:22:11.000,2171,13879,2171,26,0.0,0,0.0,0,0.0,0,0.0,0,2171.2,5,0.0,0,0.0,0,0.0,0,0.0,0
2012-11-27T09:22:11.500,2171.2,13884,2171.2,1,0.0,0,0.0,0,0.0,0,0.0,0,2171.4,34,0.0,0,0.0,0,0.0,0,0.0,0
2012-11-27T09:22:12.000,2171,13915,2170.8,20,0.0,0,0.0,0,0.0,0,0.0,0,2171,14,0.0,0,0.0,0,0.0,0,0.0,0
2012-11-27T09:22:12.500,2170.8,13921,2170.8,21,0.0,0,0.0,0,0.0,0,0.0,0,2171,9,0.0,0,0.0,0,0.0,0,0.0,0
2012-11-27T09:22:13.000,2171.2,13932,2171.2,5,0.0,0,0.0,0,0.0,0,0.0,0,2171.4,47,0.0,0,0.0,0,0.0,0,0.0,0
2012-11-27T09:22:13.500,2171.2,13939,2171,1,0.0,0,0.0,0,0.0,0,0.0,0,2171.4,47,0.0,0,0.0,0,0.0,0,0.0,0
2012-11-27T09:22:14.000,2171,13943,2170.8,21,0.0,0,0.0,0,0.0,0,0.0,0,2171.2,4,0.0,0,0.0,0,0.0,0,0.0,0
2012-11-27T09:22:14.500,2171,13944,2170.8,21,0.0,0,0.0,0,0.0,0,0.0,0,2171.2,4,0.0,0,0.0,0,0.0,0,0.0,0
2012-11-27T09:22:15.250,2171,13945,2170.8,30,0.0,0,0.0,0,0.0,0,0.0,0,2171.2,23,0.0,0,0.0,0,0.0,0,0.0,0
2012-11-27T09:22:16.250,2171,13946,2170.8,30,0.0,0,0.0,0,0.0,0,0.0,0,2171.2,26,0.0,0,0.0,0,0.0,0,0.0,0
2012-11-27T09:22:17.000,2171,13969,2170.8,32,0.0,0,0.0,0,0.0,0,0.0,0,2171,8,0.0,0,0.0,0,0.0,0,0.0,0
2012-11-27T09:22:17.500,2171,13971,2170.8,31,0.0,0,0.0,0,0.0,0,0.0,0,2171,26,0.0,0,0.0,0,0.0,0,0.0,0
2012-11-27T09:22:18.000,2170.8,13978,2170.8,26,0.0,0,0.0,0,0.0,0,0.0,0,2171,29,0.0,0,0.0,0,0.0,0,0.0,0
2012-11-27T09:22:18.500,2170.8,13984,2170.8,25,0.0,0,0.0,0,0.0,0,0.0,0,2171,24,0.0,0,0.0,0,0.0,0,0.0,0
2012-11-27T09:22:19.000,2170.8,13986,2170.8,26,0.0,0,0.0,0,0.0,0,0.0,0,2171,23,0.0,0,0.0,0,0.0,0,0.0,0
2012-11-27T09:22:19.500,2170.8,14014,2170.6,111,0.0,0,0.0,0,0.0,0,0.0,0,2170.8,9,0.0,0,0.0,0,0.0,0,0.0,0
2012-11-27T09:22:20.000,2171,14025,2170.8,1,0.0,0,0.0,0,0.0,0,0.0,0,2171,21,0.0,0,0.0,0,0.0,0,0.0,0
2012-11-27T09:22:20.500,2170.8,14032,2170.6,111,0.0,0,0.0,0,0.0,0,0.0,0,2170.8,2,0.0,0,0.0,0,0.0,0,0.0,0
2012-11-27T09:22:21.250,2170.8,14056,2170.6,89,0.0,0,0.0,0,0.0,0,0.0,0,2170.8,1,0.0,0,0.0,0,0.0,0,0.0,0
2012-11-27T09:22:22.000,2170.6,14073,2170.6,75,0.0,0,0.0,0,0.0,0,0.0,0,2170.8,23,0.0,0,0.0,0,0.0,0,0.0,0
2012-11-27T09:22:22.500,2170.6,14140,2170.6,9,0.0,0,0.0,0,0.0,0,0.0,0,2170.8,28,0.0,0,0.0,0,0.0,0,0.0,0
2012-11-27T09:22:23.000,2170.4,14163,2170.4,62,0.0,0,0.0,0,0.0,0,0.0,0,2170.6,85,0.0,0,0.0,0,0.0,0,0.0,0
2012-11-27T09:22:23.500,2170.4,14200,2170.4,29,0.0,0,0.0,0,0.0,0,0.0,0,2170.6,80,0.0,0,0.0,0,0.0,0,0.0,0
2012-11-27T09:22:24.000,2170.4,14256,2170.2,93,0.0,0,0.0,0,0.0,0,0.0,0,2170.4,55,0.0,0,0.0,0,0.0,0,0.0,0
2012-11-27T09:22:24.500,2170.2,14309,2170.2,68,0.0,0,0.0,0,0.0,0,0.0,0,2170.4,44,0.0,0,0.0,0,0.0,0,0.0,0
2012-11-27T09:22:25.000,2170.2,14343,2170.2,57,0.0,0,0.0,0,0.0,0,0.0,0,2170.4,25,0.0,0,0.0,0,0.0,0,0.0,0
2012-11-27T09:22:25.500,2170.2,14351,2170.2,65,0.0,0,0.0,0,0.0,0,0.0,0,2170.4,29,0.0,0,0.0,0,0.0,0,0.0,0
2012-11-27T09:22:26.000,2170.2,14362,2170.2,58,0.0,0,0.0,0,0.0,0,0.0,0,2170.4,26,0.0,0,0.0,0,0.0,0,0.0,0
2012-11-27T09:22:26.500,2170.4,14379,2170.2,58,0.0,0,0.0,0,0.0,0,0.0,0,2170.4,13,0.0,0,0.0,0,0.0,0,0.0,0
2012-11-27T09:22:27.000,2170.4,14394,2170.4,10,0.0,0,0.0,0,0.0,0,0.0,0,2170.6,16,0.0,0,0.0,0,0.0,0,0.0,0
2012-11-27T09:22:27.500,2170.6,14429,2170.6,5,0.0,0,0.0,0,0.0,0,0.0,0,2170.8,2,0.0,0,0.0,0,0.0,0,0.0,0
2012-11-27T09:22:28.000,2170.4,14437,2170.4,19,0.0,0,0.0,0,0.0,0,0.0,0,2170.8,3,0.0,0,0.0,0,0.0,0,0.0,0
2012-11-27T09:22:28.500,2170.8,14446,2170.6,10,0.0,0,0.0,0,0.0,0,0.0,0,2170.8,1,0.0,0,0.0,0,0.0,0,0.0,0
2012-11-27T09:22:29.000,2170.6,14451,2170.6,9,0.0,0,0.0,0,0.0,0,0.0,0,2170.8,1,0.0,0,0.0,0,0.0,0,0.0,0
2012-11-27T09:22:29.500,2170.6,14455,2170.6,14,0.0,0,0.0,0,0.0,0,0.0,0,2170.8,8,0.0,0,0.0,0,0.0,0,0.0,0
2012-11-27T09:22:30.000,2170.6,14459,2170.6,12,0.0,0,0.0,0,0.0,0,0.0,0,2170.8,8,0.0,0,0.0,0,0.0,0,0.0,0
2012-11-27T09:22:30.500,2170.6,14461,2170.6,10,0.0,0,0.0,0,0.0,0,0.0,0,2170.8,8,0.0,0,0.0,0,0.0,0,0.0,0
2012-11-27T09:22:31.250,2170.6,14472,2170.6,2,0.0,0,0.0,0,0.0,0,0.0,0,2170.8,8,0.0,0,0.0,0,0.0,0,0.0,0
2012-11-27T09:22:32.000,2171,14492,2170.8,10,0.0,0,0.0,0,0.0,0,0.0,0,2171,5,0.0,0,0.0,0,0.0,0,0.0,0
2012-11-27T09:22:32.500,2170.8,14502,2170.8,1,0.0,0,0.0,0,0.0,0,0.0,0,2171,6,0.0,0,0.0,0,0.0,0,0.0,0
2012-11-27T09:22:33.000,2170.8,14504,2170.6,9,0.0,0,0.0,0,0.0,0,0.0,0,2170.8,4,0.0,0,0.0,0,0.0,0,0.0,0
2012-11-27T09:22:33.500,2170.8,14508,2170.6,9,0.0,0,0.0,0,0.0,0,0.0,0,2170.8,1,0.0,0,0.0,0,0.0,0,0.0,0
2012-11-27T09:22:34.000,2170.6,14510,2170.6,7,0.0,0,0.0,0,0.0,0,0.0,0,2170.8,2,0.0,0,0.0,0,0.0,0,0.0,0
2012-11-27T09:22:34.500,2170.8,14518,2170.8,1,0.0,0,0.0,0,0.0,0,0.0,0,2171,9,0.0,0,0.0,0,0.0,0,0.0,0
2012-11-27T09:22:35.250,2170.8,14519,2170.6,2,0.0,0,0.0,0,0.0,0,0.0,0,2171,9,0.0,0,0.0,0,0.0,0,0.0,0
2012-11-27T09:22:36.000,2170.6,14520,2170.8,1,0.0,0,0.0,0,0.0,0,0.0,0,2171,11,0.0,0,0.0,0,0.0,0,0.0,0
2012-11-27T09:22:36.500,2171,14530,2170.8,1,0.0,0,0.0,0,0.0,0,0.0,0,2171,10,0.0,0,0.0,0,0.0,0,0.0,0
2012-11-27T09:22:37.000,2171,14535,2170.8,2,0.0,0,0.0,0,0.0,0,0.0,0,2171,6,0.0,0,0.0,0,0.0,0,0.0,0
2012-11-27T09:22:37.500,2171,14539,2170.8,3,0.0,0,0.0,0,0.0,0,0.0,0,2171,4,0.0,0,0.0,0,0.0,0,0.0,0
2012-11-27T09:22:38.000,2171.2,14554,2171,1,0.0,0,0.0,0,0.0,0,0.0,0,2171.2,13,0.0,0,0.0,0,0.0,0,0.0,0
2012-11-27T09:22:38.500,2171,14557,2170.8,6,0.0,0,0.0,0,0.0,0,0.0,0,2171,6,0.0,0,0.0,0,0.0,0,0.0,0
2012-11-27T09:22:39.250,2171,14559,2170.8,10,0.0,0,0.0,0,0.0,0,0.0,0,2171,5,0.0,0,0.0,0,0.0,0,0.0,0
2012-11-27T09:22:40.250,2171,14564,2171,4,0.0,0,0.0,0,0.0,0,0.0,0,2171.2,11,0.0,0,0.0,0,0.0,0,0.0,0
2012-11-27T09:22:41.250,2171.2,14578,2171.2,6,0.0,0,0.0,0,0.0,0,0.0,0,2171.4,52,0.0,0,0.0,0,0.0,0,0.0,0
2012-11-27T09:22:42.000,2171.4,14582,2171.2,15,0.0,0,0.0,0,0.0,0,0.0,0,2171.4,48,0.0,0,0.0,0,0.0,0,0.0,0
2012-11-27T09:22:42.500,2171.4,14586,2171.2,24,0.0,0,0.0,0,0.0,0,0.0,0,2171.4,46,0.0,0,0.0,0,0.0,0,0.0,0
2012-11-27T09:22:43.000,2171.4,14587,2171.2,22,0.0,0,0.0,0,0.0,0,0.0,0,2171.4,44,0.0,0,0.0,0,0.0,0,0.0,0
2012-11-27T09:22:43.500,2171.2,14592,2171.2,20,0.0,0,0.0,0,0.0,0,0.0,0,2171.4,43,0.0,0,0.0,0,0.0,0,0.0,0
2012-11-27T09:22:44.000,2171.4,14619,2171.2,20,0.0,0,0.0,0,0.0,0,0.0,0,2171.4,16,0.0,0,0.0,0,0.0,0,0.0,0
2012-11-27T09:22:44.500,2171.6,14654,2171.2,19,0.0,0,0.0,0,0.0,0,0.0,0,2171.6,32,0.0,0,0.0,0,0.0,0,0.0,0
2012-11-27T09:22:45.000,2171.6,14706,2171.4,1,0.0,0,0.0,0,0.0,0,0.0,0,2171.6,4,0.0,0,0.0,0,0.0,0,0.0,0
2012-11-27T09:22:45.500,2171.8,14713,2171.4,13,0.0,0,0.0,0,0.0,0,0.0,0,2171.8,68,0.0,0,0.0,0,0.0,0,0.0,0
2012-11-27T09:22:46.000,2171.4,14721,2171.4,13,0.0,0,0.0,0,0.0,0,0.0,0,2171.8,67,0.0,0,0.0,0,0.0,0,0.0,0
2012-11-27T09:22:46.500,2171.8,14753,2171.4,13,0.0,0,0.0,0,0.0,0,0.0,0,2171.6,2,0.0,0,0.0,0,0.0,0,0.0,0
2012-11-27T09:22:47.000,2171.6,14756,2171.6,1,0.0,0,0.0,0,0.0,0,0.0,0,2171.8,42,0.0,0,0.0,0,0.0,0,0.0,0
2012-11-27T09:22:47.500,2171.6,14761,2171.4,13,0.0,0,0.0,0,0.0,0,0.0,0,2171.6,5,0.0,0,0.0,0,0.0,0,0.0,0
2012-11-27T09:22:48.000,2171.6,14763,2171.4,24,0.0,0,0.0,0,0.0,0,0.0,0,2171.6,3,0.0,0,0.0,0,0.0,0,0.0,0
2012-11-27T09:22:48.500,2171.8,14771,2171.6,1,0.0,0,0.0,0,0.0,0,0.0,0,2171.8,44,0.0,0,0.0,0,0.0,0,0.0,0
2012-11-27T09:22:49.000,2171.8,14782,2171.6,4,0.0,0,0.0,0,0.0,0,0.0,0,2171.8,33,0.0,0,0.0,0,0.0,0,0.0,0
2012-11-27T09:22:49.500,2171.6,14806,2171.6,15,0.0,0,0.0,0,0.0,0,0.0,0,2171.8,24,0.0,0,0.0,0,0.0,0,0.0,0
2012-11-27T09:22:50.000,2171.8,14822,2171.6,12,0.0,0,0.0,0,0.0,0,0.0,0,2171.8,34,0.0,0,0.0,0,0.0,0,0.0,0
2012-11-27T09:22:50.500,2171.8,14843,2171.6,14,0.0,0,0.0,0,0.0,0,0.0,0,2171.8,20,0.0,0,0.0,0,0.0,0,0.0,0
2012-11-27T09:22:51.000,2171.8,14865,2171.8,7,0.0,0,0.0,0,0.0,0,0.0,0,2172,74,0.0,0,0.0,0,0.0,0,0.0,0
2012-11-27T09:22:51.500,2171.8,14871,2171.8,9,0.0,0,0.0,0,0.0,0,0.0,0,2172,70,0.0,0,0.0,0,0.0,0,0.0,0
2012-11-27T09:22:52.000,2171.8,14876,2171.8,21,0.0,0,0.0,0,0.0,0,0.0,0,2172,68,0.0,0,0.0,0,0.0,0,0.0,0
2012-11-27T09:22:52.500,2172,14884,2171.8,20,0.0,0,0.0,0,0.0,0,0.0,0,2172,66,0.0,0,0.0,0,0.0,0,0.0,0
2012-11-27T09:22:53.000,2172,14886,2171.8,19,0.0,0,0.0,0,0.0,0,0.0,0,2172,66,0.0,0,0.0,0,0.0,0,0.0,0
2012-11-27T09:22:53.500,2172,14901,2171.8,20,0.0,0,0.0,0,0.0,0,0.0,0,2172,51,0.0,0,0.0,0,0.0,0,0.0,0
2012-11-27T09:22:54.000,2172,14914,2171.8,15,0.0,0,0.0,0,0.0,0,0.0,0,2172,43,0.0,0,0.0,0,0.0,0,0.0,0
2012-11-27T09:22:54.500,2172,14921,2171.8,14,0.0,0,0.0,0,0.0,0,0.0,0,2172,43,0.0,0,0.0,0,0.0,0,0.0,0
2012-11-27T09:22:55.000,2171.8,14939,2171.8,8,0.0,0,0.0,0,0.0,0,0.0,0,2172,37,0.0,0,0.0,0,0.0,0,0.0,0
2012-11-27T09:22:55.500,2171.8,14955,2171.6,9,0.0,0,0.0,0,0.0,0,0.0,0,2171.8,18,0.0,0,0.0,0,0.0,0,0.0,0
2012-11-27T09:22:56.000,2171.8,14957,2171.6,9,0.0,0,0.0,0,0.0,0,0.0,0,2171.8,25,0.0,0,0.0,0,0.0,0,0.0,0
2012-11-27T09:22:56.500,2171.8,14961,2171.6,9,0.0,0,0.0,0,0.0,0,0.0,0,2171.8,24,0.0,0,0.0,0,0.0,0,0.0,0
2012-11-27T09:22:57.000,2171.8,14967,2171.6,9,0.0,0,0.0,0,0.0,0,0.0,0,2171.8,18,0.0,0,0.0,0,0.0,0,0.0,0
2012-11-27T09:22:57.500,2171.8,14968,2171.6,9,0.0,0,0.0,0,0.0,0,0.0,0,2171.8,18,0.0,0,0.0,0,0.0,0,0.0,0
2012-11-27T09:22:58.000,2171.8,14972,2171.6,8,0.0,0,0.0,0,0.0,0,0.0,0,2171.8,17,0.0,0,0.0,0,0.0,0,0.0,0
2012-11-27T09:22:58.500,2171.8,14980,2171.6,7,0.0,0,0.0,0,0.0,0,0.0,0,2171.8,10,0.0,0,0.0,0,0.0,0,0.0,0
2012-11-27T09:22:59.000,2171.6,14984,2171.6,5,0.0,0,0.0,0,0.0,0,0.0,0,2171.8,8,0.0,0,0.0,0,0.0,0,0.0,0
2012-11-27T09:22:59.500,2171.8,14986,2171.6,5,0.0,0,0.0,0,0.0,0,0.0,0,2171.8,6,0.0,0,0.0,0,0.0,0,0.0,0
2012-11-27T09:23:00.000,2171.8,14988,2171.6,6,0.0,0,0.0,0,0.0,0,0.0,0,2171.8,6,0.0,0,0.0,0,0.0,0,0.0,0
2012-11-27T09:23:00.500,2171.6,14992,2171.6,4,0.0,0,0.0,0,0.0,0,0.0,0,2171.8,7,0.0,0,0.0,0,0.0,0,0.0,0
2012-11-27T09:23:01.000,2171.4,14997,2171.4,16,0.0,0,0.0,0,0.0,0,0.0,0,2171.6,1,0.0,0,0.0,0,0.0,0,0.0,0
2012-11-27T09:23:01.500,2171.8,15002,2171.4,17,0.0,0,0.0,0,0.0,0,0.0,0,2171.8,21,0.0,0,0.0,0,0.0,0,0.0,0
2012-11-27T09:23:02.000,2171.4,15004,2171.4,17,0.0,0,0.0,0,0.0,0,0.0,0,2171.8,44,0.0,0,0.0,0,0.0,0,0.0,0
2012-11-27T09:23:02.500,2171.4,15007,2171.4,16,0.0,0,0.0,0,0.0,0,0.0,0,2171.6,2,0.0,0,0.0,0,0.0,0,0.0,0
2012-11-27T09:23:03.000,2171.6,15011,2171.6,39,0.0,0,0.0,0,0.0,0,0.0,0,2171.8,49,0.0,0,0.0,0,0.0,0,0.0,0
2012-11-27T09:23:03.500,2171.6,15012,2171.6,38,0.0,0,0.0,0,0.0,0,0.0,0,2171.8,51,0.0,0,0.0,0,0.0,0,0.0,0
2012-11-27T09:23:04.000,2171.6,15014,2171.6,40,0.0,0,0.0,0,0.0,0,0.0,0,2171.8,52,0.0,0,0.0,0,0.0,0,0.0,0
2012-11-27T09:23:04.500,2171.6,15018,2171.6,38,0.0,0,0.0,0,0.0,0,0.0,0,2171.8,52,0.0,0,0.0,0,0.0,0,0.0,0
2012-11-27T09:23:05.000,2171.6,15023,2171.6,36,0.0,0,0.0,0,0.0,0,0.0,0,2171.8,50,0.0,0,0.0,0,0.0,0,0.0,0
2012-11-27T09:23:05.500,2171.6,15030,2171.6,32,0.0,0,0.0,0,0.0,0,0.0,0,2171.8,48,0.0,0,0.0,0,0.0,0,0.0,0
2012-11-27T09:23:06.000,2171.6,15032,2171.6,30,0.0,0,0.0,0,0.0,0,0.0,0,2171.8,48,0.0,0,0.0,0,0.0,0,0.0,0
2012-11-27T09:23:06.500,2171.8,15038,2171.6,30,0.0,0,0.0,0,0.0,0,0.0,0,2171.8,43,0.0,0,0.0,0,0.0,0,0.0,0
2012-11-27T09:23:07.000,2171.6,15042,2171.6,27,0.0,0,0.0,0,0.0,0,0.0,0,2171.8,43,0.0,0,0.0,0,0.0,0,0.0,0
2012-11-27T09:23:07.500,2171.8,15046,2171.6,38,0.0,0,0.0,0,0.0,0,0.0,0,2171.8,40,0.0,0,0.0,0,0.0,0,0.0,0
2012-11-27T09:23:08.000,2171.8,15056,2171.6,30,0.0,0,0.0,0,0.0,0,0.0,0,2171.8,40,0.0,0,0.0,0,0.0,0,0.0,0
2012-11-27T09:23:08.500,2171.8,15062,2171.6,25,0.0,0,0.0,0,0.0,0,0.0,0,2171.8,46,0.0,0,0.0,0,0.0,0,0.0,0
2012-11-27T09:23:09.000,2171.8,15073,2171.6,25,0.0,0,0.0,0,0.0,0,0.0,0,2171.8,37,0.0,0,0.0,0,0.0,0,0.0,0
2012-11-27T09:23:09.500,2171.8,15082,2171.6,22,0.0,0,0.0,0,0.0,0,0.0,0,2171.8,33,0.0,0,0.0,0,0.0,0,0.0,0
2012-11-27T09:23:10.000,2171.8,15089,2171.6,25,0.0,0,0.0,0,0.0,0,0.0,0,2171.8,29,0.0,0,0.0,0,0.0,0,0.0,0
2012-11-27T09:23:10.500,2171.8,15090,2171.6,41,0.0,0,0.0,0,0.0,0,0.0,0,2171.8,29,0.0,0,0.0,0,0.0,0,0.0,0
2012-11-27T09:23:11.000,2171.6,15137,2171.4,13,0.0,0,0.0,0,0.0,0,0.0,0,2171.6,3,0.0,0,0.0,0,0.0,0,0.0,0
2012-11-27T09:23:11.500,2171.6,15141,2171.6,10,0.0,0,0.0,0,0.0,0,0.0,0,2171.8,32,0.0,0,0.0,0,0.0,0,0.0,0
2012-11-27T09:23:12.250,2171.8,15142,2171.6,9,0.0,0,0.0,0,0.0,0,0.0,0,2171.8,31,0.0,0,0.0,0,0.0,0,0.0,0
2012-11-27T09:23:13.000,2171.4,15171,2171.2,14,0.0,0,0.0,0,0.0,0,0.0,0,2171.4,21,0.0,0,0.0,0,0.0,0,0.0,0
2012-11-27T09:23:13.500,2171.4,15176,2171.2,14,0.0,0,0.0,0,0.0,0,0.0,0,2171.4,16,0.0,0,0.0,0,0.0,0,0.0,0
2012-11-27T09:23:14.000,2171.2,15179,2171.2,15,0.0,0,0.0,0,0.0,0,0.0,0,2171.4,16,0.0,0,0.0,0,0.0,0,0.0,0
2012-11-27T09:23:14.500,2171.4,15184,2171.2,16,0.0,0,0.0,0,0.0,0,0.0,0,2171.4,11,0.0,0,0.0,0,0.0,0,0.0,0
2012-11-27T09:23:15.000,2171.2,15185,2171.2,16,0.0,0,0.0,0,0.0,0,0.0,0,2171.4,11,0.0,0,0.0,0,0.0,0,0.0,0
2012-11-27T09:23:15.500,2171.2,15187,2171.2,15,0.0,0,0.0,0,0.0,0,0.0,0,2171.4,12,0.0,0,0.0,0,0.0,0,0.0,0
2012-11-27T09:23:16.000,2171.2,15194,2171.2,14,0.0,0,0.0,0,0.0,0,0.0,0,2171.4,6,0.0,0,0.0,0,0.0,0,0.0,0
2012-11-27T09:23:16.500,2171.4,15200,2171.2,12,0.0,0,0.0,0,0.0,0,0.0,0,2171.4,2,0.0,0,0.0,0,0.0,0,0.0,0
2012-11-27T09:23:17.000,2171.2,15201,2171.2,11,0.0,0,0.0,0,0.0,0,0.0,0,2171.4,2,0.0,0,0.0,0,0.0,0,0.0,0
2012-11-27T09:23:17.500,2171.2,15202,2171.2,10,0.0,0,0.0,0,0.0,0,0.0,0,2171.4,1,0.0,0,0.0,0,0.0,0,0.0,0
2012-11-27T09:23:18.250,2171.2,15203,2171.2,11,0.0,0,0.0,0,0.0,0,0.0,0,2171.4,3,0.0,0,0.0,0,0.0,0,0.0,0
2012-11-27T09:23:19.000,2171.4,15209,2171.2,12,0.0,0,0.0,0,0.0,0,0.0,0,2171.4,1,0.0,0,0.0,0,0.0,0,0.0,0
2012-11-27T09:23:19.500,2171.2,15212,2171.2,10,0.0,0,0.0,0,0.0,0,0.0,0,2171.6,13,0.0,0,0.0,0,0.0,0,0.0,0
2012-11-27T09:23:20.250,2171.2,15213,2171.2,19,0.0,0,0.0,0,0.0,0,0.0,0,2171.4,19,0.0,0,0.0,0,0.0,0,0.0,0
2012-11-27T09:23:21.000,2171.2,15215,2171.2,19,0.0,0,0.0,0,0.0,0,0.0,0,2171.4,22,0.0,0,0.0,0,0.0,0,0.0,0
2012-11-27T09:23:21.500,2171.4,15221,2171.2,19,0.0,0,0.0,0,0.0,0,0.0,0,2171.4,16,0.0,0,0.0,0,0.0,0,0.0,0
2012-11-27T09:23:22.000,2171.4,15223,2171.2,18,0.0,0,0.0,0,0.0,0,0.0,0,2171.4,24,0.0,0,0.0,0,0.0,0,0.0,0
2012-11-27T09:23:22.500,2171.4,15225,2171.2,17,0.0,0,0.0,0,0.0,0,0.0,0,2171.4,23,0.0,0,0.0,0,0.0,0,0.0,0
2012-11-27T09:23:23.000,2171.2,15228,2171.2,17,0.0,0,0.0,0,0.0,0,0.0,0,2171.4,24,0.0,0,0.0,0,0.0,0,0.0,0
2012-11-27T09:23:23.500,2171.2,15229,2171.2,16,0.0,0,0.0,0,0.0,0,0.0,0,2171.4,24,0.0,0,0.0,0,0.0,0,0.0,0
2012-11-27T09:23:24.000,2171.2,15232,2171.2,13,0.0,0,0.0,0,0.0,0,0.0,0,2171.4,24,0.0,0,0.0,0,0.0,0,0.0,0
2012-11-27T09:23:24.500,2171.2,15239,2171.2,9,0.0,0,0.0,0,0.0,0,0.0,0,2171.4,19,0.0,0,0.0,0,0.0,0,0.0,0
