date_time,last_px,total_volume,bid1_px,bid1_qty,bid2_px,bid2_qty,bid3_px,bid3_qty,bid4_px,bid4_qty,bid5_px,bid5_qty,ask1_px,ask1_qty,ask2_px,ask2_qty,ask3_px,ask3_qty,ask4_px,ask4_qty,ask5_px,ask5_qty
2012-10-11T09:14:00.250,2320.4,332,2320.4,2,0.0,0,0.0,0,0.0,0,0.0,0,2320.8,2,0.0,0,0.0,0,0.0,0,0.0,0
2012-10-11T09:15:00.250,2320,410,2319.2,6,0.0,0,0.0,0,0.0,0,0.0,0,2319.8,4,0.0,0,0.0,0,0.0,0,0.0,0
2012-10-11T09:15:01.000,2319.6,538,2319,5,0.0,0,0.0,0,0.0,0,0.0,0,2319.8,3,0.0,0,0.0,0,0.0,0,0.0,0
2012-10-11T09:15:01.500,2319.2,680,2318,1,0.0,0,0.0,0,0.0,0,0.0,0,2319,1,0.0,0,0.0,0,0.0,0,0.0,0
2012-10-11T09:15:02.000,2318.4,757,2318.4,7,0.0,0,0.0,0,0.0,0,0.0,0,2318.8,14,0.0,0,0.0,0,0.0,0,0.0,0
2012-10-11T09:15:02.500,2318.4,858,2317.6,1,0.0,0,0.0,0,0.0,0,0.0,0,2318.4,52,0.0,0,0.0,0,0.0,0,0.0,0
2012-10-11T09:15:03.000,2317.2,967,2317.2,21,0.0,0,0.0,0,0.0,0,0.0,0,2317.4,2,0.0,0,0.0,0,0.0,0,0.0,0
2012-10-11T09:15:03.500,2317.6,1020,2317.2,14,0.0,0,0.0,0,0.0,0,0.0,0,2317.6,3,0.0,0,0.0,0,0.0,0,0.0,0
2012-10-11T09:15:04.000,2317.2,1122,2316.4,1,0.0,0,0.0,0,0.0,0,0.0,0,2317.2,58,0.0,0,0.0,0,0.0,0,0.0,0
2012-10-11T09:15:04.500,2317,1169,2316.6,21,0.0,0,0.0,0,0.0,0,0.0,0,2317,17,0.0,0,0.0,0,0.0,0,0.0,0
2012-10-11T09:15:05.000,2317,1247,2316.6,1,0.0,0,0.0,0,0.0,0,0.0,0,2317.2,81,0.0,0,0.0,0,0.0,0,0.0,0
2012-10-11T09:15:05.500,2316.8,1356,2316.8,32,0.0,0,0.0,0,0.0,0,0.0,0,2317.2,33,0.0,0,0.0,0,0.0,0,0.0,0
2012-10-11T09:15:06.000,2317,1421,2317,55,0.0,0,0.0,0,0.0,0,0.0,0,2317.2,22,0.0,0,0.0,0,0.0,0,0.0,0
2012-10-11T09:15:06.500,2317.4,1502,2317.4,22,0.0,0,0.0,0,0.0,0,0.0,0,2317.6,7,0.0,0,0.0,0,0.0,0,0.0,0
2012-10-11T09:15:07.000,2317.8,1553,2317.8,4,0.0,0,0.0,0,0.0,0,0.0,0,2318.2,1,0.0,0,0.0,0,0.0,0,0.0,0
2012-10-11T09:15:07.500,2318.2,1626,2318.2,11,0.0,0,0.0,0,0.0,0,0.0,0,2318.4,71,0.0,0,0.0,0,0.0,0,0.0,0
2012-10-11T09:15:08.000,2318.2,1722,2317.8,11,0.0,0,0.0,0,0.0,0,0.0,0,2318.2,20,0.0,0,0.0,0,0.0,0,0.0,0
2012-10-11T09:15:08.500,2318,1778,2317.6,15,0.0,0,0.0,0,0.0,0,0.0,0,2318,3,0.0,0,0.0,0,0.0,0,0.0,0
2012-10-11T09:15:09.000,2318,1885,2317.6,22,0.0,0,0.0,0,0.0,0,0.0,0,2318,1,0.0,0,0.0,0,0.0,0,0.0,0
2012-10-11T09:15:09.500,2318,1982,2317.4,18,0.0,0,0.0,0,0.0,0,0.0,0,2317.6,2,0.0,0,0.0,0,0.0,0,0.0,0
2012-10-11T09:15:10.000,2317.8,2003,2317.6,8,0.0,0,0.0,0,0.0,0,0.0,0,2318,4,0.0,0,0.0,0,0.0,0,0.0,0
2012-10-11T09:15:10.500,2317.6,2058,2317.4,10,0.0,0,0.0,0,0.0,0,0.0,0,2317.6,3,0.0,0,0.0,0,0.0,0,0.0,0
2012-10-11T09:15:11.000,2318,2097,2317.6,5,0.0,0,0.0,0,0.0,0,0.0,0,2318.2,4,0.0,0,0.0,0,0.0,0,0.0,0
2012-10-11T09:15:11.500,2318.2,2117,2317.6,15,0.0,0,0.0,0,0.0,0,0.0,0,2318.2,5,0.0,0,0.0,0,0.0,0,0.0,0
2012-10-11T09:15:12.000,2318,2135,2317.8,13,0.0,0,0.0,0,0.0,0,0.0,0,2318,9,0.0,0,0.0,0,0.0,0,0.0,0
2012-10-11T09:15:12.500,2317.8,2163,2317.6,6,0.0,0,0.0,0,0.0,0,0.0,0,2318.2,21,0.0,0,0.0,0,0.0,0,0.0,0
2012-10-11T09:15:13.000,2318.2,2170,2318,3,0.0,0,0.0,0,0.0,0,0.0,0,2318.2,19,0.0,0,0.0,0,0.0,0,0.0,0
2012-10-11T09:15:13.500,2318.2,2188,2318,2,0.0,0,0.0,0,0.0,0,0.0,0,2318.2,20,0.0,0,0.0,0,0.0,0,0.0,0
2012-10-11T09:15:14.000,2317.6,2215,2317.4,70,0.0,0,0.0,0,0.0,0,0.0,0,2317.6,12,0.0,0,0.0,0,0.0,0,0.0,0
2012-10-11T09:15:14.500,2318,2247,2317.6,13,0.0,0,0.0,0,0.0,0,0.0,0,2318,93,0.0,0,0.0,0,0.0,0,0.0,0
2012-10-11T09:15:15.000,2317.8,2277,2317.6,13,0.0,0,0.0,0,0.0,0,0.0,0,2317.8,1,0.0,0,0.0,0,0.0,0,0.0,0
2012-10-11T09:15:15.500,2317.6,2313,2317.4,71,0.0,0,0.0,0,0.0,0,0.0,0,2317.6,19,0.0,0,0.0,0,0.0,0,0.0,0
2012-10-11T09:15:16.000,2317.4,2450,2317.4,30,0.0,0,0.0,0,0.0,0,0.0,0,2317.8,2,0.0,0,0.0,0,0.0,0,0.0,0
2012-10-11T09:15:16.500,2317.4,2478,2317.6,1,0.0,0,0.0,0,0.0,0,0.0,0,2317.8,5,0.0,0,0.0,0,0.0,0,0.0,0
2012-10-11T09:15:17.000,2317.8,2519,2317.8,5,0.0,0,0.0,0,0.0,0,0.0,0,2318,60,0.0,0,0.0,0,0.0,0,0.0,0
2012-10-11T09:15:17.500,2317.8,2568,2317.8,4,0.0,0,0.0,0,0.0,0,0.0,0,2318,34,0.0,0,0.0,0,0.0,0,0.0,0
2012-10-11T09:15:18.000,2318,2607,2317.8,8,0.0,0,0.0,0,0.0,0,0.0,0,2318,6,0.0,0,0.0,0,0.0,0,0.0,0
2012-10-11T09:15:18.500,2318,2638,2318,98,0.0,0,0.0,0,0.0,0,0.0,0,2318.2,21,0.0,0,0.0,0,0.0,0,0.0,0
2012-10-11T09:15:19.000,2318.2,2718,2318.2,106,0.0,0,0.0,0,0.0,0,0.0,0,2318.4,10,0.0,0,0.0,0,0.0,0,0.0,0
2012-10-11T09:15:19.500,2318.4,2741,2318.6,9,0.0,0,0.0,0,0.0,0,0.0,0,2318.8,25,0.0,0,0.0,0,0.0,0,0.0,0
2012-10-11T09:15:20.000,2319.8,2830,2318.8,31,0.0,0,0.0,0,0.0,0,0.0,0,2319,1,0.0,0,0.0,0,0.0,0,0.0,0
2012-10-11T09:15:20.500,2319.8,2876,2319.4,1,0.0,0,0.0,0,0.0,0,0.0,0,2320,29,0.0,0,0.0,0,0.0,0,0.0,0
2012-10-11T09:15:21.000,2319.6,2937,2319.4,21,0.0,0,0.0,0,0.0,0,0.0,0,2319.6,5,0.0,0,0.0,0,0.0,0,0.0,0
2012-10-11T09:15:21.500,2319.4,3019,2319.2,13,0.0,0,0.0,0,0.0,0,0.0,0,2319.4,4,0.0,0,0.0,0,0.0,0,0.0,0
2012-10-11T09:15:22.000,2319.2,3030,2319.2,8,0.0,0,0.0,0,0.0,0,0.0,0,2319.4,1,0.0,0,0.0,0,0.0,0,0.0,0
2012-10-11T09:15:22.500,2319.4,3044,2319,57,0.0,0,0.0,0,0.0,0,0.0,0,2319.4,1,0.0,0,0.0,0,0.0,0,0.0,0
2012-10-11T09:15:23.000,2319.8,3079,2319.2,5,0.0,0,0.0,0,0.0,0,0.0,0,2319.6,1,0.0,0,0.0,0,0.0,0,0.0,0
2012-10-11T09:15:23.500,2319.6,3095,2319.6,42,0.0,0,0.0,0,0.0,0,0.0,0,2319.8,5,0.0,0,0.0,0,0.0,0,0.0,0
2012-10-11T09:15:24.000,2320,3118,2320,11,0.0,0,0.0,0,0.0,0,0.0,0,2320.4,124,0.0,0,0.0,0,0.0,0,0.0,0
2012-10-11T09:15:24.500,2319.8,3154,2319.8,17,0.0,0,0.0,0,0.0,0,0.0,0,2320.4,123,0.0,0,0.0,0,0.0,0,0.0,0
2012-10-11T09:15:25.000,2320.4,3201,2319.8,18,0.0,0,0.0,0,0.0,0,0.0,0,2320.2,22,0.0,0,0.0,0,0.0,0,0.0,0
2012-10-11T09:15:25.500,2320,3236,2319.8,14,0.0,0,0.0,0,0.0,0,0.0,0,2320.2,20,0.0,0,0.0,0,0.0,0,0.0,0
2012-10-11T09:15:26.000,2320.2,3260,2320,3,0.0,0,0.0,0,0.0,0,0.0,0,2320.2,1,0.0,0,0.0,0,0.0,0,0.0,0
2012-10-11T09:15:26.500,2320.2,3281,2320.2,34,0.0,0,0.0,0,0.0,0,0.0,0,2320.4,106,0.0,0,0.0,0,0.0,0,0.0,0
2012-10-11T09:15:27.000,2320.4,3338,2320.2,18,0.0,0,0.0,0,0.0,0,0.0,0,2320.4,75,0.0,0,0.0,0,0.0,0,0.0,0
2012-10-11T09:15:27.500,2320.4,3381,2320.2,14,0.0,0,0.0,0,0.0,0,0.0,0,2320.4,40,0.0,0,0.0,0,0.0,0,0.0,0
2012-10-11T09:15:28.000,2320.4,3491,2320.4,34,0.0,0,0.0,0,0.0,0,0.0,0,2320.6,4,0.0,0,0.0,0,0.0,0,0.0,0
2012-10-11T09:15:28.500,2320.4,3578,2319.4,16,0.0,0,0.0,0,0.0,0,0.0,0,2320.2,1,0.0,0,0.0,0,0.0,0,0.0,0
2012-10-11T09:15:29.000,2320,3632,2319.8,1,0.0,0,0.0,0,0.0,0,0.0,0,2320,11,0.0,0,0.0,0,0.0,0,0.0,0
2012-10-11T09:15:29.500,2319.6,3669,2319.4,16,0.0,0,0.0,0,0.0,0,0.0,0,2319.8,17,0.0,0,0.0,0,0.0,0,0.0,0
2012-10-11T09:15:30.000,2319.8,3686,2319.4,8,0.0,0,0.0,0,0.0,0,0.0,0,2319.6,1,0.0,0,0.0,0,0.0,0,0.0,0
2012-10-11T09:15:30.500,2319.4,3697,2319.2,2,0.0,0,0.0,0,0.0,0,0.0,0,2319.4,4,0.0,0,0.0,0,0.0,0,0.0,0
2012-10-11T09:15:31.000,2319.2,3754,2318.8,22,0.0,0,0.0,0,0.0,0,0.0,0,2319.2,16,0.0,0,0.0,0,0.0,0,0.0,0
2012-10-11T09:15:31.500,2318.8,3767,2318.8,20,0.0,0,0.0,0,0.0,0,0.0,0,2319,2,0.0,0,0.0,0,0.0,0,0.0,0
2012-10-11T09:15:32.000,2318.8,3789,2319,2,0.0,0,0.0,0,0.0,0,0.0,0,2319.2,21,0.0,0,0.0,0,0.0,0,0.0,0
2012-10-11T09:15:32.500,2318.8,3816,2318.6,17,0.0,0,0.0,0,0.0,0,0.0,0,2319,2,0.0,0,0.0,0,0.0,0,0.0,0
2012-10-11T09:15:33.000,2319,3830,2318.8,3,0.0,0,0.0,0,0.0,0,0.0,0,2319,4,0.0,0,0.0,0,0.0,0,0.0,0
2012-10-11T09:15:33.500,2318.8,3844,2318.6,8,0.0,0,0.0,0,0.0,0,0.0,0,2318.8,4,0.0,0,0.0,0,0.0,0,0.0,0
2012-10-11T09:15:34.000,2318.8,3861,2318.8,2,0.0,0,0.0,0,0.0,0,0.0,0,2319.2,18,0.0,0,0.0,0,0.0,0,0.0,0
2012-10-11T09:15:34.500,2318.8,3865,2318.8,1,0.0,0,0.0,0,0.0,0,0.0,0,2319,13,0.0,0,0.0,0,0.0,0,0.0,0
2012-10-11T09:15:35.000,2319,3870,2318.6,9,0.0,0,0.0,0,0.0,0,0.0,0,2318.8,1,0.0,0,0.0,0,0.0,0,0.0,0
2012-10-11T09:15:35.500,2318.8,3879,2318.8,10,0.0,0,0.0,0,0.0,0,0.0,0,2319,9,0.0,0,0.0,0,0.0,0,0.0,0
2012-10-11T09:15:36.000,2319,3899,2319,19,0.0,0,0.0,0,0.0,0,0.0,0,2319.2,18,0.0,0,0.0,0,0.0,0,0.0,0
2012-10-11T09:15:36.500,2319,3918,2319,7,0.0,0,0.0,0,0.0,0,0.0,0,2319.2,18,0.0,0,0.0,0,0.0,0,0.0,0
2012-10-11T09:15:37.000,2319.2,3941,2318.8,10,0.0,0,0.0,0,0.0,0,0.0,0,2319.2,13,0.0,0,0.0,0,0.0,0,0.0,0
2012-10-11T09:15:37.500,2319.2,3952,2318.8,9,0.0,0,0.0,0,0.0,0,0.0,0,2319.2,11,0.0,0,0.0,0,0.0,0,0.0,0
2012-10-11T09:15:38.000,2318.8,3956,2319,1,0.0,0,0.0,0,0.0,0,0.0,0,2319.2,10,0.0,0,0.0,0,0.0,0,0.0,0
2012-10-11T09:15:38.500,2319.2,3962,2318.8,8,0.0,0,0.0,0,0.0,0,0.0,0,2319.2,7,0.0,0,0.0,0,0.0,0,0.0,0
2012-10-11T09:15:39.000,2319.2,3994,2318.6,1,0.0,0,0.0,0,0.0,0,0.0,0,2319.2,8,0.0,0,0.0,0,0.0,0,0.0,0
2012-10-11T09:15:39.500,2319,4029,2318.6,14,0.0,0,0.0,0,0.0,0,0.0,0,2318.8,15,0.0,0,0.0,0,0.0,0,0.0,0
2012-10-11T09:15:40.000,2318.8,4049,2318.6,9,0.0,0,0.0,0,0.0,0,0.0,0,2319,9,0.0,0,0.0,0,0.0,0,0.0,0
2012-10-11T09:15:40.500,2318.8,4063,2318.6,8,0.0,0,0.0,0,0.0,0,0.0,0,2318.8,1,0.0,0,0.0,0,0.0,0,0.0,0
2012-10-11T09:15:41.000,2319,4073,2318.6,5,0.0,0,0.0,0,0.0,0,0.0,0,2319,7,0.0,0,0.0,0,0.0,0,0.0,0
2012-10-11T09:15:41.500,2318.6,4078,2318.4,17,0.0,0,0.0,0,0.0,0,0.0,0,2318.6,2,0.0,0,0.0,0,0.0,0,0.0,0
2012-10-11T09:15:42.000,2318.6,4093,2318.6,9,0.0,0,0.0,0,0.0,0,0.0,0,2319,11,0.0,0,0.0,0,0.0,0,0.0,0
2012-10-11T09:15:42.500,2319,4121,2318.8,2,0.0,0,0.0,0,0.0,0,0.0,0,2319,9,0.0,0,0.0,0,0.0,0,0.0,0
2012-10-11T09:15:43.000,2319,4169,2318.6,5,0.0,0,0.0,0,0.0,0,0.0,0,2319,7,0.0,0,0.0,0,0.0,0,0.0,0
2012-10-11T09:15:43.500,2319,4171,2318.6,5,0.0,0,0.0,0,0.0,0,0.0,0,2319,10,0.0,0,0.0,0,0.0,0,0.0,0
2012-10-11T09:15:44.000,2319,4189,2318.8,1,0.0,0,0.0,0,0.0,0,0.0,0,2319.2,19,0.0,0,0.0,0,0.0,0,0.0,0
2012-10-11T09:15:44.500,2319,4204,2319,13,0.0,0,0.0,0,0.0,0,0.0,0,2319.2,15,0.0,0,0.0,0,0.0,0,0.0,0
2012-10-11T09:15:45.000,2319.2,4216,2319,13,0.0,0,0.0,0,0.0,0,0.0,0,2319.2,6,0.0,0,0.0,0,0.0,0,0.0,0
2012-10-11T09:15:45.500,2319.2,4232,2319.2,10,0.0,0,0.0,0,0.0,0,0.0,0,2319.4,2,0.0,0,0.0,0,0.0,0,0.0,0
2012-10-11T09:15:46.000,2319.4,4236,2319.4,5,0.0,0,0.0,0,0.0,0,0.0,0,2319.6,15,0.0,0,0.0,0,0.0,0,0.0,0
2012-10-11T09:15:46.500,2319.6,4244,2319.4,14,0.0,0,0.0,0,0.0,0,0.0,0,2319.6,18,0.0,0,0.0,0,0.0,0,0.0,0
2012-10-11T09:15:47.000,2319,4291,2319,8,0.0,0,0.0,0,0.0,0,0.0,0,2319.2,24,0.0,0,0.0,0,0.0,0,0.0,0
2012-10-11T09:15:47.500,2319.2,4313,2319,2,0.0,0,0.0,0,0.0,0,0.0,0,2319.2,22,0.0,0,0.0,0,0.0,0,0.0,0
2012-10-11T09:15:48.000,2319.2,4340,2319,3,0.0,0,0.0,0,0.0,0,0.0,0,2319.2,9,0.0,0,0.0,0,0.0,0,0.0,0
2012-10-11T09:15:48.500,2319.2,4349,2319,3,0.0,0,0.0,0,0.0,0,0.0,0,2319.4,9,0.0,0,0.0,0,0.0,0,0.0,0
2012-10-11T09:15:49.000,2319,4354,2319,3,0.0,0,0.0,0,0.0,0,0.0,0,2319.2,3,0.0,0,0.0,0,0.0,0,0.0,0
2012-10-11T09:15:49.500,2319.4,4364,2319,1,0.0,0,0.0,0,0.0,0,0.0,0,2319.4,7,0.0,0,0.0,0,0.0,0,0.0,0
2012-10-11T09:15:50.000,2319,4398,2318.6,10,0.0,0,0.0,0,0.0,0,0.0,0,2319,35,0.0,0,0.0,0,0.0,0,0.0,0
2012-10-11T09:15:50.500,2319,4400,2318.6,10,0.0,0,0.0,0,0.0,0,0.0,0,2319,36,0.0,0,0.0,0,0.0,0,0.0,0
2012-10-11T09:15:51.000,2319,4401,2318.6,12,0.0,0,0.0,0,0.0,0,0.0,0,2319,37,0.0,0,0.0,0,0.0,0,0.0,0
2012-10-11T09:15:51.500,2319,4404,2318.6,12,0.0,0,0.0,0,0.0,0,0.0,0,2319,39,0.0,0,0.0,0,0.0,0,0.0,0
2012-10-11T09:15:52.000,2318.6,4416,2318.6,2,0.0,0,0.0,0,0.0,0,0.0,0,2319,44,0.0,0,0.0,0,0.0,0,0.0,0
2012-10-11T09:15:52.500,2318.6,4418,2318.6,2,0.0,0,0.0,0,0.0,0,0.0,0,2318.8,5,0.0,0,0.0,0,0.0,0,0.0,0
2012-10-11T09:15:53.000,2318.8,4429,2318.4,16,0.0,0,0.0,0,0.0,0,0.0,0,2318.6,1,0.0,0,0.0,0,0.0,0,0.0,0
2012-10-11T09:15:53.500,2318.4,4448,2318.6,5,0.0,0,0.0,0,0.0,0,0.0,0,2319,28,0.0,0,0.0,0,0.0,0,0.0,0
2012-10-11T09:15:54.000,2318.4,4463,2318.4,4,0.0,0,0.0,0,0.0,0,0.0,0,2319,28,0.0,0,0.0,0,0.0,0,0.0,0
2012-10-11T09:15:54.500,2318.4,4481,2318.2,31,0.0,0,0.0,0,0.0,0,0.0,0,2318.4,15,0.0,0,0.0,0,0.0,0,0.0,0
2012-10-11T09:15:55.000,2318.4,4513,2318.2,1,0.0,0,0.0,0,0.0,0,0.0,0,2318.4,23,0.0,0,0.0,0,0.0,0,0.0,0
2012-10-11T09:15:55.500,2318.2,4514,2318.2,2,0.0,0,0.0,0,0.0,0,0.0,0,2318.4,23,0.0,0,0.0,0,0.0,0,0.0,0
2012-10-11T09:15:56.000,2318.2,4519,2318.2,3,0.0,0,0.0,0,0.0,0,0.0,0,2318.4,23,0.0,0,0.0,0,0.0,0,0.0,0
2012-10-11T09:15:56.500,2318.2,4535,2318,40,0.0,0,0.0,0,0.0,0,0.0,0,2318.2,18,0.0,0,0.0,0,0.0,0,0.0,0
2012-10-11T09:15:57.000,2318.2,4545,2318,35,0.0,0,0.0,0,0.0,0,0.0,0,2318.2,15,0.0,0,0.0,0,0.0,0,0.0,0
2012-10-11T09:15:57.500,2318.2,4564,2318,28,0.0,0,0.0,0,0.0,0,0.0,0,2318.2,8,0.0,0,0.0,0,0.0,0,0.0,0
2012-10-11T09:15:58.000,2318,4605,2317.6,34,0.0,0,0.0,0,0.0,0,0.0,0,2318,73,0.0,0,0.0,0,0.0,0,0.0,0
2012-10-11T09:15:58.500,2317.8,4623,2317.6,32,0.0,0,0.0,0,0.0,0,0.0,0,2317.8,20,0.0,0,0.0,0,0.0,0,0.0,0
2012-10-11T09:15:59.000,2317.4,4671,2317.4,19,0.0,0,0.0,0,0.0,0,0.0,0,2317.6,3,0.0,0,0.0,0,0.0,0,0.0,0
2012-10-11T09:15:59.500,2317.4,4705,2317.2,33,0.0,0,0.0,0,0.0,0,0.0,0,2317.6,5,0.0,0,0.0,0,0.0,0,0.0,0
2012-10-11T09:16:00.000,2317.6,4726,2317.6,9,0.0,0,0.0,0,0.0,0,0.0,0,2317.8,17,0.0,0,0.0,0,0.0,0,0.0,0
2012-10-11T09:16:00.500,2317.8,4791,2317.6,7,0.0,0,0.0,0,0.0,0,0.0,0,2317.8,6,0.0,0,0.0,0,0.0,0,0.0,0
2012-10-11T09:16:01.000,2317.8,4831,2317.8,2,0.0,0,0.0,0,0.0,0,0.0,0,2318,51,0.0,0,0.0,0,0.0,0,0.0,0
2012-10-11T09:16:01.500,2317.8,4845,2317.6,17,0.0,0,0.0,0,0.0,0,0.0,0,2317.8,18,0.0,0,0.0,0,0.0,0,0.0,0
2012-10-11T09:16:02.000,2317.6,4928,2317.6,8,0.0,0,0.0,0,0.0,0,0.0,0,2318,12,0.0,0,0.0,0,0.0,0,0.0,0
2012-10-11T09:16:02.500,2318,4951,2317.8,6,0.0,0,0.0,0,0.0,0,0.0,0,2318,5,0.0,0,0.0,0,0.0,0,0.0,0
2012-10-11T09:16:03.000,2318,4971,2318,12,0.0,0,0.0,0,0.0,0,0.0,0,2318.2,4,0.0,0,0.0,0,0.0,0,0.0,0
2012-10-11T09:16:03.500,2318,4991,2318.2,9,0.0,0,0.0,0,0.0,0,0.0,0,2318.4,24,0.0,0,0.0,0,0.0,0,0.0,0
2012-10-11T09:16:04.000,2318.4,5000,2318.2,10,0.0,0,0.0,0,0.0,0,0.0,0,2318.4,19,0.0,0,0.0,0,0.0,0,0.0,0
2012-10-11T09:16:04.500,2318.2,5007,2318.2,4,0.0,0,0.0,0,0.0,0,0.0,0,2318.4,14,0.0,0,0.0,0,0.0,0,0.0,0
2012-10-11T09:16:05.000,2318.2,5022,2318,8,0.0,0,0.0,0,0.0,0,0.0,0,2318.4,5,0.0,0,0.0,0,0.0,0,0.0,0
2012-10-11T09:16:05.500,2318.4,5042,2318.4,8,0.0,0,0.0,0,0.0,0,0.0,0,2318.6,10,0.0,0,0.0,0,0.0,0,0.0,0
2012-10-11T09:16:06.000,2318.4,5067,2318,7,0.0,0,0.0,0,0.0,0,0.0,0,2318.4,5,0.0,0,0.0,0,0.0,0,0.0,0
2012-10-11T09:16:06.500,2318.2,5071,2318,7,0.0,0,0.0,0,0.0,0,0.0,0,2318.4,6,0.0,0,0.0,0,0.0,0,0.0,0
2012-10-11T09:16:07.000,2318.4,5084,2318.2,2,0.0,0,0.0,0,0.0,0,0.0,0,2318.6,14,0.0,0,0.0,0,0.0,0,0.0,0
2012-10-11T09:16:07.500,2317.8,5103,2317.8,18,0.0,0,0.0,0,0.0,0,0.0,0,2318.2,2,0.0,0,0.0,0,0.0,0,0.0,0
2012-10-11T09:16:08.000,2317.8,5116,2317.8,8,0.0,0,0.0,0,0.0,0,0.0,0,2318.2,6,0.0,0,0.0,0,0.0,0,0.0,0
2012-10-11T09:16:08.500,2318,5128,2317.8,8,0.0,0,0.0,0,0.0,0,0.0,0,2318,8,0.0,0,0.0,0,0.0,0,0.0,0
2012-10-11T09:16:09.000,2318,5131,2317.8,7,0.0,0,0.0,0,0.0,0,0.0,0,2318,8,0.0,0,0.0,0,0.0,0,0.0,0
2012-10-11T09:16:09.500,2317.8,5145,2317.8,1,0.0,0,0.0,0,0.0,0,0.0,0,2318,6,0.0,0,0.0,0,0.0,0,0.0,0
2012-10-11T09:16:10.000,2318.2,5155,2318,1,0.0,0,0.0,0,0.0,0,0.0,0,2318.4,13,0.0,0,0.0,0,0.0,0,0.0,0
2012-10-11T09:16:10.500,2317.8,5161,2317.6,21,0.0,0,0.0,0,0.0,0,0.0,0,2317.8,1,0.0,0,0.0,0,0.0,0,0.0,0
2012-10-11T09:16:11.000,2317.8,5167,2317.8,1,0.0,0,0.0,0,0.0,0,0.0,0,2318.2,2,0.0,0,0.0,0,0.0,0,0.0,0
2012-10-11T09:16:11.500,2318.2,5169,2318,7,0.0,0,0.0,0,0.0,0,0.0,0,2318.4,13,0.0,0,0.0,0,0.0,0,0.0,0
2012-10-11T09:16:12.000,2318.2,5175,2318.2,5,0.0,0,0.0,0,0.0,0,0.0,0,2318.4,10,0.0,0,0.0,0,0.0,0,0.0,0
2012-10-11T09:16:12.500,2318.4,5181,2318.2,10,0.0,0,0.0,0,0.0,0,0.0,0,2318.4,6,0.0,0,0.0,0,0.0,0,0.0,0
2012-10-11T09:16:13.000,2318.2,5201,2318.6,7,0.0,0,0.0,0,0.0,0,0.0,0,2318.8,3,0.0,0,0.0,0,0.0,0,0.0,0
2012-10-11T09:16:13.500,2319,5212,2318.6,12,0.0,0,0.0,0,0.0,0,0.0,0,2319,17,0.0,0,0.0,0,0.0,0,0.0,0
2012-10-11T09:16:14.000,2319,5229,2318.8,8,0.0,0,0.0,0,0.0,0,0.0,0,2319,5,0.0,0,0.0,0,0.0,0,0.0,0
2012-10-11T09:16:14.500,2319,5242,2319,8,0.0,0,0.0,0,0.0,0,0.0,0,2319.2,9,0.0,0,0.0,0,0.0,0,0.0,0
2012-10-11T09:16:15.000,2319.2,5266,2319.2,3,0.0,0,0.0,0,0.0,0,0.0,0,2319.4,25,0.0,0,0.0,0,0.0,0,0.0,0
2012-10-11T09:16:15.500,2319.2,5277,2318.6,9,0.0,0,0.0,0,0.0,0,0.0,0,2319.2,6,0.0,0,0.0,0,0.0,0,0.0,0
2012-10-11T09:16:16.000,2319.2,5284,2319,2,0.0,0,0.0,0,0.0,0,0.0,0,2319.2,8,0.0,0,0.0,0,0.0,0,0.0,0
2012-10-11T09:16:16.500,2319,5293,2318.6,11,0.0,0,0.0,0,0.0,0,0.0,0,2319,8,0.0,0,0.0,0,0.0,0,0.0,0
2012-10-11T09:16:17.000,2319,5299,2318.8,1,0.0,0,0.0,0,0.0,0,0.0,0,2319,3,0.0,0,0.0,0,0.0,0,0.0,0
2012-10-11T09:16:17.500,2318.8,5317,2318.6,9,0.0,0,0.0,0,0.0,0,0.0,0,2318.8,1,0.0,0,0.0,0,0.0,0,0.0,0
2012-10-11T09:16:18.000,2318.6,5320,2318.6,7,0.0,0,0.0,0,0.0,0,0.0,0,2319,4,0.0,0,0.0,0,0.0,0,0.0,0
2012-10-11T09:16:18.500,2319,5323,2318.6,6,0.0,0,0.0,0,0.0,0,0.0,0,2319,3,0.0,0,0.0,0,0.0,0,0.0,0
2012-10-11T09:16:19.000,2319,5340,2318.6,6,0.0,0,0.0,0,0.0,0,0.0,0,2319,6,0.0,0,0.0,0,0.0,0,0.0,0
2012-10-11T09:16:19.500,2319,5344,2318.8,1,0.0,0,0.0,0,0.0,0,0.0,0,2319,8,0.0,0,0.0,0,0.0,0,0.0,0
2012-10-11T09:16:20.000,2319,5345,2318.8,1,0.0,0,0.0,0,0.0,0,0.0,0,2319,8,0.0,0,0.0,0,0.0,0,0.0,0
2012-10-11T09:16:20.500,2318.8,5350,2318.6,5,0.0,0,0.0,0,0.0,0,0.0,0,2318.8,8,0.0,0,0.0,0,0.0,0,0.0,0
2012-10-11T09:16:21.000,2318.8,5352,2318.6,6,0.0,0,0.0,0,0.0,0,0.0,0,2318.8,10,0.0,0,0.0,0,0.0,0,0.0,0
2012-10-11T09:16:21.500,2318.6,5361,2318.6,23,0.0,0,0.0,0,0.0,0,0.0,0,2318.8,4,0.0,0,0.0,0,0.0,0,0.0,0
2012-10-11T09:16:22.000,2318.8,5363,2318.6,23,0.0,0,0.0,0,0.0,0,0.0,0,2318.8,3,0.0,0,0.0,0,0.0,0,0.0,0
2012-10-11T09:16:22.500,2318.6,5370,2318.6,22,0.0,0,0.0,0,0.0,0,0.0,0,2318.8,1,0.0,0,0.0,0,0.0,0,0.0,0
2012-10-11T09:16:23.000,2318.8,5372,2318.6,21,0.0,0,0.0,0,0.0,0,0.0,0,2318.8,1,0.0,0,0.0,0,0.0,0,0.0,0
2012-10-11T09:16:23.500,2318.8,5374,2318.8,3,0.0,0,0.0,0,0.0,0,0.0,0,2319,9,0.0,0,0.0,0,0.0,0,0.0,0
2012-10-11T09:16:24.000,2318.8,5378,2318.8,2,0.0,0,0.0,0,0.0,0,0.0,0,2319,10,0.0,0,0.0,0,0.0,0,0.0,0
2012-10-11T09:16:24.500,2319,5388,2318.8,22,0.0,0,0.0,0,0.0,0,0.0,0,2319.2,4,0.0,0,0.0,0,0.0,0,0.0,0
2012-10-11T09:16:25.250,2319,5402,2319,2,0.0,0,0.0,0,0.0,0,0.0,0,2319.2,4,0.0,0,0.0,0,0.0,0,0.0,0
2012-10-11T09:16:26.000,2319.2,5406,2319,2,0.0,0,0.0,0,0.0,0,0.0,0,2319.2,1,0.0,0,0.0,0,0.0,0,0.0,0
2012-10-11T09:16:26.500,2319.2,5411,2319.2,6,0.0,0,0.0,0,0.0,0,0.0,0,2319.4,37,0.0,0,0.0,0,0.0,0,0.0,0
2012-10-11T09:16:27.000,2319.4,5413,2319.2,6,0.0,0,0.0,0,0.0,0,0.0,0,2319.4,35,0.0,0,0.0,0,0.0,0,0.0,0
2012-10-11T09:16:27.500,2319.4,5436,2318.8,37,0.0,0,0.0,0,0.0,0,0.0,0,2319.4,25,0.0,0,0.0,0,0.0,0,0.0,0
2012-10-11T09:16:28.000,2319.4,5453,2319,2,0.0,0,0.0,0,0.0,0,0.0,0,2319.2,2,0.0,0,0.0,0,0.0,0,0.0,0
2012-10-11T09:16:28.500,2319,5458,2319,2,0.0,0,0.0,0,0.0,0,0.0,0,2319.4,17,0.0,0,0.0,0,0.0,0,0.0,0
2012-10-11T09:16:29.000,2319.4,5469,2319.2,14,0.0,0,0.0,0,0.0,0,0.0,0,2319.4,8,0.0,0,0.0,0,0.0,0,0.0,0
2012-10-11T09:16:29.500,2319.4,5483,2319.4,6,0.0,0,0.0,0,0.0,0,0.0,0,2319.6,37,0.0,0,0.0,0,0.0,0,0.0,0
2012-10-11T09:16:30.000,2319.6,5496,2319.4,6,0.0,0,0.0,0,0.0,0,0.0,0,2319.6,29,0.0,0,0.0,0,0.0,0,0.0,0
2012-10-11T09:16:30.500,2319.6,5505,2319.4,2,0.0,0,0.0,0,0.0,0,0.0,0,2319.6,25,0.0,0,0.0,0,0.0,0,0.0,0
2012-10-11T09:16:31.000,2319.6,5514,2319.4,1,0.0,0,0.0,0,0.0,0,0.0,0,2319.6,23,0.0,0,0.0,0,0.0,0,0.0,0
2012-10-11T09:16:31.500,2319.6,5530,2319.2,15,0.0,0,0.0,0,0.0,0,0.0,0,2319.6,13,0.0,0,0.0,0,0.0,0,0.0,0
2012-10-11T09:16:32.000,2319.6,5550,2319.2,11,0.0,0,0.0,0,0.0,0,0.0,0,2319.6,2,0.0,0,0.0,0,0.0,0,0.0,0
2012-10-11T09:16:32.500,2319.8,5564,2319.2,10,0.0,0,0.0,0,0.0,0,0.0,0,2319.4,5,0.0,0,0.0,0,0.0,0,0.0,0
2012-10-11T09:16:33.000,2319.4,5571,2319.2,7,0.0,0,0.0,0,0.0,0,0.0,0,2319.4,2,0.0,0,0.0,0,0.0,0,0.0,0
2012-10-11T09:16:33.500,2319.6,5579,2319.6,6,0.0,0,0.0,0,0.0,0,0.0,0,2319.8,33,0.0,0,0.0,0,0.0,0,0.0,0
2012-10-11T09:16:34.000,2319.6,5611,2319.4,7,0.0,0,0.0,0,0.0,0,0.0,0,2319.8,40,0.0,0,0.0,0,0.0,0,0.0,0
2012-10-11T09:16:34.500,2319.4,5645,2319.4,4,0.0,0,0.0,0,0.0,0,0.0,0,2319.6,10,0.0,0,0.0,0,0.0,0,0.0,0
2012-10-11T09:16:35.000,2319.6,5651,2319.4,1,0.0,0,0.0,0,0.0,0,0.0,0,2319.6,7,0.0,0,0.0,0,0.0,0,0.0,0
2012-10-11T09:16:35.500,2319.4,5685,2319.4,5,0.0,0,0.0,0,0.0,0,0.0,0,2319.8,15,0.0,0,0.0,0,0.0,0,0.0,0
2012-10-11T09:16:36.000,2319.8,5702,2319.2,9,0.0,0,0.0,0,0.0,0,0.0,0,2319.8,5,0.0,0,0.0,0,0.0,0,0.0,0
2012-10-11T09:16:36.500,2319.6,5723,2319.6,3,0.0,0,0.0,0,0.0,0,0.0,0,2319.8,1,0.0,0,0.0,0,0.0,0,0.0,0
2012-10-11T09:16:37.000,2319.4,5746,2319.6,13,0.0,0,0.0,0,0.0,0,0.0,0,2319.8,1,0.0,0,0.0,0,0.0,0,0.0,0
2012-10-11T09:16:37.500,2319.8,5750,2319.8,1,0.0,0,0.0,0,0.0,0,0.0,0,2320,77,0.0,0,0.0,0,0.0,0,0.0,0
2012-10-11T09:16:38.000,2319.6,5756,2319.8,49,0.0,0,0.0,0,0.0,0,0.0,0,2320,77,0.0,0,0.0,0,0.0,0,0.0,0
2012-10-11T09:16:38.500,2320,5767,2319.8,46,0.0,0,0.0,0,0.0,0,0.0,0,2320,73,0.0,0,0.0,0,0.0,0,0.0,0
2012-10-11T09:16:39.000,2320,5810,2319.8,48,0.0,0,0.0,0,0.0,0,0.0,0,2320,32,0.0,0,0.0,0,0.0,0,0.0,0
2012-10-11T09:16:39.500,2320,5827,2319.8,41,0.0,0,0.0,0,0.0,0,0.0,0,2320,23,0.0,0,0.0,0,0.0,0,0.0,0
2012-10-11T09:16:40.000,2320,5838,2319.8,37,0.0,0,0.0,0,0.0,0,0.0,0,2320,19,0.0,0,0.0,0,0.0,0,0.0,0
2012-10-11T09:16:40.500,2320,5856,2319.8,26,0.0,0,0.0,0,0.0,0,0.0,0,2320,13,0.0,0,0.0,0,0.0,0,0.0,0
2012-10-11T09:16:41.000,2320,5860,2319.8,25,0.0,0,0.0,0,0.0,0,0.0,0,2320,15,0.0,0,0.0,0,0.0,0,0.0,0
2012-10-11T09:16:41.500,2319.8,5897,2319.6,18,0.0,0,0.0,0,0.0,0,0.0,0,2319.8,25,0.0,0,0.0,0,0.0,0,0.0,0
2012-10-11T09:16:42.000,2319.6,5903,2319.6,15,0.0,0,0.0,0,0.0,0,0.0,0,2319.8,36,0.0,0,0.0,0,0.0,0,0.0,0
2012-10-11T09:16:42.500,2319.6,5921,2319.4,7,0.0,0,0.0,0,0.0,0,0.0,0,2319.6,4,0.0,0,0.0,0,0.0,0,0.0,0
2012-10-11T09:16:43.000,2319.6,5924,2319.4,5,0.0,0,0.0,0,0.0,0,0.0,0,2319.6,6,0.0,0,0.0,0,0.0,0,0.0,0
2012-10-11T09:16:43.500,2319.6,5929,2319.4,1,0.0,0,0.0,0,0.0,0,0.0,0,2319.6,13,0.0,0,0.0,0,0.0,0,0.0,0
2012-10-11T09:16:44.000,2319.6,5937,2319.2,13,0.0,0,0.0,0,0.0,0,0.0,0,2319.6,8,0.0,0,0.0,0,0.0,0,0.0,0
2012-10-11T09:16:44.500,2319.6,5942,2319.2,13,0.0,0,0.0,0,0.0,0,0.0,0,2319.6,14,0.0,0,0.0,0,0.0,0,0.0,0
2012-10-11T09:16:45.000,2319.2,5957,2319.4,5,0.0,0,0.0,0,0.0,0,0.0,0,2319.6,6,0.0,0,0.0,0,0.0,0,0.0,0
2012-10-11T09:16:45.500,2319.4,5959,2319.4,6,0.0,0,0.0,0,0.0,0,0.0,0,2319.6,13,0.0,0,0.0,0,0.0,0,0.0,0
2012-10-11T09:16:46.000,2319.4,5967,2319.4,10,0.0,0,0.0,0,0.0,0,0.0,0,2319.6,10,0.0,0,0.0,0,0.0,0,0.0,0
2012-10-11T09:16:46.500,2319.6,5982,2319.4,2,0.0,0,0.0,0,0.0,0,0.0,0,2319.6,6,0.0,0,0.0,0,0.0,0,0.0,0
2012-10-11T09:16:47.000,2319.6,5986,2319.4,12,0.0,0,0.0,0,0.0,0,0.0,0,2319.6,10,0.0,0,0.0,0,0.0,0,0.0,0
2012-10-11T09:16:47.500,2319.6,5995,2319.4,11,0.0,0,0.0,0,0.0,0,0.0,0,2319.6,3,0.0,0,0.0,0,0.0,0,0.0,0
2012-10-11T09:16:48.000,2319.2,6010,2319.2,9,0.0,0,0.0,0,0.0,0,0.0,0,2319.6,2,0.0,0,0.0,0,0.0,0,0.0,0
2012-10-11T09:16:48.500,2319,6096,2318.8,54,0.0,0,0.0,0,0.0,0,0.0,0,2319,14,0.0,0,0.0,0,0.0,0,0.0,0
2012-10-11T09:16:49.000,2319,6098,2318.8,45,0.0,0,0.0,0,0.0,0,0.0,0,2319,12,0.0,0,0.0,0,0.0,0,0.0,0
2012-10-11T09:16:49.500,2319,6108,2318.8,39,0.0,0,0.0,0,0.0,0,0.0,0,2319,7,0.0,0,0.0,0,0.0,0,0.0,0
2012-10-11T09:16:50.250,2319,6121,2318.8,40,0.0,0,0.0,0,0.0,0,0.0,0,2319.4,1,0.0,0,0.0,0,0.0,0,0.0,0
2012-10-11T09:16:51.000,2319.2,6126,2319,26,0.0,0,0.0,0,0.0,0,0.0,0,2319.2,1,0.0,0,0.0,0,0.0,0,0.0,0
2012-10-11T09:16:51.500,2319.4,6138,2319,56,0.0,0,0.0,0,0.0,0,0.0,0,2319.6,11,0.0,0,0.0,0,0.0,0,0.0,0
2012-10-11T09:16:52.000,2319.6,6142,2319.2,5,0.0,0,0.0,0,0.0,0,0.0,0,2319.6,7,0.0,0,0.0,0,0.0,0,0.0,0
2012-10-11T09:16:52.500,2319.4,6143,2319.4,9,0.0,0,0.0,0,0.0,0,0.0,0,2319.6,11,0.0,0,0.0,0,0.0,0,0.0,0
2012-10-11T09:16:53.000,2319.6,6146,2319.4,16,0.0,0,0.0,0,0.0,0,0.0,0,2319.6,11,0.0,0,0.0,0,0.0,0,0.0,0
2012-10-11T09:16:53.500,2319.6,6147,2319.4,16,0.0,0,0.0,0,0.0,0,0.0,0,2319.6,11,0.0,0,0.0,0,0.0,0,0.0,0
2012-10-11T09:16:54.000,2319.4,6153,2319.4,7,0.0,0,0.0,0,0.0,0,0.0,0,2319.6,13,0.0,0,0.0,0,0.0,0,0.0,0
2012-10-11T09:16:54.500,2319.6,6160,2319.4,3,0.0,0,0.0,0,0.0,0,0.0,0,2319.6,10,0.0,0,0.0,0,0.0,0,0.0,0
2012-10-11T09:16:55.000,2319.4,6163,2319.2,7,0.0,0,0.0,0,0.0,0,0.0,0,2319.6,12,0.0,0,0.0,0,0.0,0,0.0,0
2012-10-11T09:16:55.500,2319.6,6173,2319,49,0.0,0,0.0,0,0.0,0,0.0,0,2319.2,1,0.0,0,0.0,0,0.0,0,0.0,0
2012-10-11T09:16:56.000,2319.2,6181,2319,49,0.0,0,0.0,0,0.0,0,0.0,0,2319.2,1,0.0,0,0.0,0,0.0,0,0.0,0
2012-10-11T09:16:56.500,2319.4,6186,2319.2,1,0.0,0,0.0,0,0.0,0,0.0,0,2319.4,2,0.0,0,0.0,0,0.0,0,0.0,0
2012-10-11T09:16:57.000,2319.6,6190,2319.2,1,0.0,0,0.0,0,0.0,0,0.0,0,2319.6,12,0.0,0,0.0,0,0.0,0,0.0,0
2012-10-11T09:16:57.500,2319.4,6191,2319.4,6,0.0,0,0.0,0,0.0,0,0.0,0,2319.6,12,0.0,0,0.0,0,0.0,0,0.0,0
2012-10-11T09:16:58.000,2319.6,6195,2319.4,6,0.0,0,0.0,0,0.0,0,0.0,0,2319.6,14,0.0,0,0.0,0,0.0,0,0.0,0
2012-10-11T09:16:58.500,2319.4,6197,2319.4,5,0.0,0,0.0,0,0.0,0,0.0,0,2319.6,16,0.0,0,0.0,0,0.0,0,0.0,0
2012-10-11T09:16:59.000,2319.4,6207,2319.2,7,0.0,0,0.0,0,0.0,0,0.0,0,2319.4,9,0.0,0,0.0,0,0.0,0,0.0,0
2012-10-11T09:16:59.500,2319.4,6215,2319.2,7,0.0,0,0.0,0,0.0,0,0.0,0,2319.4,3,0.0,0,0.0,0,0.0,0,0.0,0
2012-10-11T09:17:00.000,2319.2,6223,2319.2,2,0.0,0,0.0,0,0.0,0,0.0,0,2319.4,4,0.0,0,0.0,0,0.0,0,0.0,0
2012-10-11T09:17:00.500,2319.2,6235,2319,47,0.0,0,0.0,0,0.0,0,0.0,0,2319.2,1,0.0,0,0.0,0,0.0,0,0.0,0
2012-10-11T09:17:01.000,2319.2,6246,2319,44,0.0,0,0.0,0,0.0,0,0.0,0,2319.4,4,0.0,0,0.0,0,0.0,0,0.0,0
2012-10-11T09:17:01.500,2319,6251,2319,40,0.0,0,0.0,0,0.0,0,0.0,0,2319.4,19,0.0,0,0.0,0,0.0,0,0.0,0
2012-10-11T09:17:02.000,2319,6253,2319.2,2,0.0,0,0.0,0,0.0,0,0.0,0,2319.4,22,0.0,0,0.0,0,0.0,0,0.0,0
2012-10-11T09:17:02.500,2319.4,6258,2319,38,0.0,0,0.0,0,0.0,0,0.0,0,2319.4,21,0.0,0,0.0,0,0.0,0,0.0,0
2012-10-11T09:17:03.000,2319.2,6261,2319,38,0.0,0,0.0,0,0.0,0,0.0,0,2319.2,19,0.0,0,0.0,0,0.0,0,0.0,0
2012-10-11T09:17:03.500,2319.2,6276,2319,34,0.0,0,0.0,0,0.0,0,0.0,0,2319.2,8,0.0,0,0.0,0,0.0,0,0.0,0
2012-10-11T09:17:04.000,2319,6289,2319,24,0.0,0,0.0,0,0.0,0,0.0,0,2319.2,15,0.0,0,0.0,0,0.0,0,0.0,0
2012-10-11T09:17:04.500,2319,6294,2319,23,0.0,0,0.0,0,0.0,0,0.0,0,2319.2,25,0.0,0,0.0,0,0.0,0,0.0,0
2012-10-11T09:17:05.000,2319,6313,2319,7,0.0,0,0.0,0,0.0,0,0.0,0,2319.2,28,0.0,0,0.0,0,0.0,0,0.0,0
2012-10-11T09:17:05.500,2319.2,6317,2319,5,0.0,0,0.0,0,0.0,0,0.0,0,2319.2,27,0.0,0,0.0,0,0.0,0,0.0,0
2012-10-11T09:17:06.000,2319,6322,2319,3,0.0,0,0.0,0,0.0,0,0.0,0,2319.2,22,0.0,0,0.0,0,0.0,0,0.0,0
2012-10-11T09:17:06.500,2319,6326,2318.8,39,0.0,0,0.0,0,0.0,0,0.0,0,2319,4,0.0,0,0.0,0,0.0,0,0.0,0
2012-10-11T09:17:07.250,2319,6335,2318.8,33,0.0,0,0.0,0,0.0,0,0.0,0,2319,1,0.0,0,0.0,0,0.0,0,0.0,0
2012-10-11T09:17:08.000,2319,6340,2319,17,0.0,0,0.0,0,0.0,0,0.0,0,2319.2,13,0.0,0,0.0,0,0.0,0,0.0,0
2012-10-11T09:17:08.500,2319,6353,2319,17,0.0,0,0.0,0,0.0,0,0.0,0,2319.2,3,0.0,0,0.0,0,0.0,0,0.0,0
2012-10-11T09:17:09.000,2319.2,6359,2319.2,1,0.0,0,0.0,0,0.0,0,0.0,0,2319.4,28,0.0,0,0.0,0,0.0,0,0.0,0
2012-10-11T09:17:09.500,2319,6377,2319,6,0.0,0,0.0,0,0.0,0,0.0,0,2319.2,1,0.0,0,0.0,0,0.0,0,0.0,0
2012-10-11T09:17:10.000,2319.2,6378,2319,6,0.0,0,0.0,0,0.0,0,0.0,0,2319.2,1,0.0,0,0.0,0,0.0,0,0.0,0
2012-10-11T09:17:10.500,2319,6381,2319,2,0.0,0,0.0,0,0.0,0,0.0,0,2319.2,1,0.0,0,0.0,0,0.0,0,0.0,0
2012-10-11T09:17:11.000,2319.2,6385,2319.2,2,0.0,0,0.0,0,0.0,0,0.0,0,2319.4,27,0.0,0,0.0,0,0.0,0,0.0,0
2012-10-11T09:17:11.500,2319.2,6394,2319,1,0.0,0,0.0,0,0.0,0,0.0,0,2319.2,1,0.0,0,0.0,0,0.0,0,0.0,0
2012-10-11T09:17:12.250,2319.2,6395,2319.2,9,0.0,0,0.0,0,0.0,0,0.0,0,2319.4,27,0.0,0,0.0,0,0.0,0,0.0,0
2012-10-11T09:17:13.000,2319.2,6399,2319.2,11,0.0,0,0.0,0,0.0,0,0.0,0,2319.4,24,0.0,0,0.0,0,0.0,0,0.0,0
2012-10-11T09:17:13.500,2319.4,6425,2319.2,8,0.0,0,0.0,0,0.0,0,0.0,0,2319.4,1,0.0,0,0.0,0,0.0,0,0.0,0
2012-10-11T09:17:14.000,2319.4,6427,2319.4,31,0.0,0,0.0,0,0.0,0,0.0,0,2319.6,23,0.0,0,0.0,0,0.0,0,0.0,0
2012-10-11T09:17:14.500,2319.6,6440,2319.4,30,0.0,0,0.0,0,0.0,0,0.0,0,2319.6,14,0.0,0,0.0,0,0.0,0,0.0,0
2012-10-11T09:17:15.000,2319.8,6486,2319.6,2,0.0,0,0.0,0,0.0,0,0.0,0,2319.8,24,0.0,0,0.0,0,0.0,0,0.0,0
2012-10-11T09:17:15.500,2319.8,6517,2319.8,35,0.0,0,0.0,0,0.0,0,0.0,0,2320,31,0.0,0,0.0,0,0.0,0,0.0,0
2012-10-11T09:17:16.000,2320,6519,2319.8,41,0.0,0,0.0,0,0.0,0,0.0,0,2320,29,0.0,0,0.0,0,0.0,0,0.0,0
2012-10-11T09:17:16.500,2319.8,6523,2319.8,39,0.0,0,0.0,0,0.0,0,0.0,0,2320,25,0.0,0,0.0,0,0.0,0,0.0,0
2012-10-11T09:17:17.000,2320,6535,2319.8,34,0.0,0,0.0,0,0.0,0,0.0,0,2320,13,0.0,0,0.0,0,0.0,0,0.0,0
2012-10-11T09:17:17.500,2320,6559,2319.8,31,0.0,0,0.0,0,0.0,0,0.0,0,2320.2,25,0.0,0,0.0,0,0.0,0,0.0,0
2012-10-11T09:17:18.000,2320,6563,2319.8,31,0.0,0,0.0,0,0.0,0,0.0,0,2320,39,0.0,0,0.0,0,0.0,0,0.0,0
2012-10-11T09:17:18.500,2319.8,6588,2319.8,26,0.0,0,0.0,0,0.0,0,0.0,0,2320,20,0.0,0,0.0,0,0.0,0,0.0,0
2012-10-11T09:17:19.000,2319.8,6596,2319.8,20,0.0,0,0.0,0,0.0,0,0.0,0,2320,18,0.0,0,0.0,0,0.0,0,0.0,0
2012-10-11T09:17:19.500,2319.4,6634,2319.4,2,0.0,0,0.0,0,0.0,0,0.0,0,2320,6,0.0,0,0.0,0,0.0,0,0.0,0
2012-10-11T09:17:20.000,2319.8,6654,2319.4,7,0.0,0,0.0,0,0.0,0,0.0,0,2319.8,2,0.0,0,0.0,0,0.0,0,0.0,0
2012-10-11T09:17:20.500,2319.8,6666,2319.6,1,0.0,0,0.0,0,0.0,0,0.0,0,2319.8,4,0.0,0,0.0,0,0.0,0,0.0,0
2012-10-11T09:17:21.000,2319.8,6668,2319.6,7,0.0,0,0.0,0,0.0,0,0.0,0,2319.8,2,0.0,0,0.0,0,0.0,0,0.0,0
2012-10-11T09:17:21.500,2320,6673,2319.8,1,0.0,0,0.0,0,0.0,0,0.0,0,2320,3,0.0,0,0.0,0,0.0,0,0.0,0
2012-10-11T09:17:22.000,2320,6677,2319.6,9,0.0,0,0.0,0,0.0,0,0.0,0,2320,1,0.0,0,0.0,0,0.0,0,0.0,0
2012-10-11T09:17:22.500,2320,6680,2319.6,12,0.0,0,0.0,0,0.0,0,0.0,0,2320,1,0.0,0,0.0,0,0.0,0,0.0,0
2012-10-11T09:17:23.000,2320,6685,2320,5,0.0,0,0.0,0,0.0,0,0.0,0,2320.2,31,0.0,0,0.0,0,0.0,0,0.0,0
2012-10-11T09:17:23.500,2320,6701,2320,1,0.0,0,0.0,0,0.0,0,0.0,0,2320.2,30,0.0,0,0.0,0,0.0,0,0.0,0
2012-10-11T09:17:24.000,2319.6,6718,2319.6,13,0.0,0,0.0,0,0.0,0,0.0,0,2320.2,29,0.0,0,0.0,0,0.0,0,0.0,0
2012-10-11T09:17:24.500,2320.2,6728,2319.6,17,0.0,0,0.0,0,0.0,0,0.0,0,2320,7,0.0,0,0.0,0,0.0,0,0.0,0
2012-10-11T09:17:25.000,2319.6,6740,2319.6,16,0.0,0,0.0,0,0.0,0,0.0,0,2320.2,23,0.0,0,0.0,0,0.0,0,0.0,0
2012-10-11T09:17:25.500,2320.2,6743,2320,1,0.0,0,0.0,0,0.0,0,0.0,0,2320.2,42,0.0,0,0.0,0,0.0,0,0.0,0
2012-10-11T09:17:26.000,2320,6750,2320,10,0.0,0,0.0,0,0.0,0,0.0,0,2320.2,37,0.0,0,0.0,0,0.0,0,0.0,0
2012-10-11T09:17:26.500,2320.2,6754,2320,11,0.0,0,0.0,0,0.0,0,0.0,0,2320.2,33,0.0,0,0.0,0,0.0,0,0.0,0
2012-10-11T09:17:27.000,2320.2,6761,2320,12,0.0,0,0.0,0,0.0,0,0.0,0,2320.2,28,0.0,0,0.0,0,0.0,0,0.0,0
2012-10-11T09:17:27.500,2320.2,6776,2320,1,0.0,0,0.0,0,0.0,0,0.0,0,2320.2,28,0.0,0,0.0,0,0.0,0,0.0,0
2012-10-11T09:17:28.000,2320.2,6789,2319.8,4,0.0,0,0.0,0,0.0,0,0.0,0,2320,2,0.0,0,0.0,0,0.0,0,0.0,0
2012-10-11T09:17:28.500,2320.2,6797,2319.8,5,0.0,0,0.0,0,0.0,0,0.0,0,2320,2,0.0,0,0.0,0,0.0,0,0.0,0
2012-10-11T09:17:29.000,2320,6805,2319.8,5,0.0,0,0.0,0,0.0,0,0.0,0,2320,1,0.0,0,0.0,0,0.0,0,0.0,0
2012-10-11T09:17:29.500,2320.2,6832,2320.2,15,0.0,0,0.0,0,0.0,0,0.0,0,2320.4,31,0.0,0,0.0,0,0.0,0,0.0,0
2012-10-11T09:17:30.000,2320.2,6834,2320.2,13,0.0,0,0.0,0,0.0,0,0.0,0,2320.4,31,0.0,0,0.0,0,0.0,0,0.0,0
2012-10-11T09:17:30.500,2320.4,6851,2320.2,14,0.0,0,0.0,0,0.0,0,0.0,0,2320.4,17,0.0,0,0.0,0,0.0,0,0.0,0
2012-10-11T09:17:31.000,2320.2,6872,2320.2,11,0.0,0,0.0,0,0.0,0,0.0,0,2320.6,22,0.0,0,0.0,0,0.0,0,0.0,0
2012-10-11T09:17:31.500,2320.2,6889,2320.4,24,0.0,0,0.0,0,0.0,0,0.0,0,2320.6,22,0.0,0,0.0,0,0.0,0,0.0,0
2012-10-11T09:17:32.000,2320.8,6925,2320.6,19,0.0,0,0.0,0,0.0,0,0.0,0,2320.8,21,0.0,0,0.0,0,0.0,0,0.0,0
2012-10-11T09:17:32.500,2320.8,6943,2320.6,25,0.0,0,0.0,0,0.0,0,0.0,0,2320.8,4,0.0,0,0.0,0,0.0,0,0.0,0
2012-10-11T09:17:33.000,2320.8,6950,2320.8,16,0.0,0,0.0,0,0.0,0,0.0,0,2321,68,0.0,0,0.0,0,0.0,0,0.0,0
2012-10-11T09:17:33.500,2320.8,6982,2320.8,10,0.0,0,0.0,0,0.0,0,0.0,0,2321,55,0.0,0,0.0,0,0.0,0,0.0,0
2012-10-11T09:17:34.000,2321,7013,2320.6,29,0.0,0,0.0,0,0.0,0,0.0,0,2321,38,0.0,0,0.0,0,0.0,0,0.0,0
2012-10-11T09:17:34.500,2320.6,7051,2320.6,2,0.0,0,0.0,0,0.0,0,0.0,0,2320.8,3,0.0,0,0.0,0,0.0,0,0.0,0
2012-10-11T09:17:35.000,2321,7071,2320.8,3,0.0,0,0.0,0,0.0,0,0.0,0,2321,27,0.0,0,0.0,0,0.0,0,0.0,0
2012-10-11T09:17:35.500,2320.8,7090,2320.4,18,0.0,0,0.0,0,0.0,0,0.0,0,2320.8,1,0.0,0,0.0,0,0.0,0,0.0,0
2012-10-11T09:17:36.000,2320.8,7110,2320.4,12,0.0,0,0.0,0,0.0,0,0.0,0,2320.8,17,0.0,0,0.0,0,0.0,0,0.0,0
2012-10-11T09:17:36.500,2320.6,7148,2320.4,18,0.0,0,0.0,0,0.0,0,0.0,0,2321,7,0.0,0,0.0,0,0.0,0,0.0,0
2012-10-11T09:17:37.000,2320.6,7161,2320.6,1,0.0,0,0.0,0,0.0,0,0.0,0,2320.8,7,0.0,0,0.0,0,0.0,0,0.0,0
2012-10-11T09:17:37.500,2320.4,7166,2320.4,46,0.0,0,0.0,0,0.0,0,0.0,0,2320.8,13,0.0,0,0.0,0,0.0,0,0.0,0
2012-10-11T09:17:38.000,2320.8,7172,2320.4,52,0.0,0,0.0,0,0.0,0,0.0,0,2320.6,1,0.0,0,0.0,0,0.0,0,0.0,0
2012-10-11T09:17:38.500,2320.6,7178,2320.6,5,0.0,0,0.0,0,0.0,0,0.0,0,2320.8,8,0.0,0,0.0,0,0.0,0,0.0,0
2012-10-11T09:17:39.000,2320.8,7186,2320.6,7,0.0,0,0.0,0,0.0,0,0.0,0,2320.8,2,0.0,0,0.0,0,0.0,0,0.0,0
2012-10-11T09:17:39.500,2320.8,7192,2320.8,17,0.0,0,0.0,0,0.0,0,0.0,0,2321,22,0.0,0,0.0,0,0.0,0,0.0,0
2012-10-11T09:17:40.000,2320.8,7194,2320.8,15,0.0,0,0.0,0,0.0,0,0.0,0,2321,22,0.0,0,0.0,0,0.0,0,0.0,0
2012-10-11T09:17:40.500,2321,7218,2320.8,16,0.0,0,0.0,0,0.0,0,0.0,0,2321,12,0.0,0,0.0,0,0.0,0,0.0,0
2012-10-11T09:17:41.000,2321,7238,2320.8,6,0.0,0,0.0,0,0.0,0,0.0,0,2321,3,0.0,0,0.0,0,0.0,0,0.0,0
2012-10-11T09:17:41.500,2321,7251,2320.8,1,0.0,0,0.0,0,0.0,0,0.0,0,2321,1,0.0,0,0.0,0,0.0,0,0.0,0
2012-10-11T09:17:42.000,2321.2,7258,2321,6,0.0,0,0.0,0,0.0,0,0.0,0,2321.2,10,0.0,0,0.0,0,0.0,0,0.0,0
2012-10-11T09:17:42.500,2321,7281,2320.8,2,0.0,0,0.0,0,0.0,0,0.0,0,2321,8,0.0,0,0.0,0,0.0,0,0.0,0
2012-10-11T09:17:43.000,2320.8,7289,2320.6,29,0.0,0,0.0,0,0.0,0,0.0,0,2320.8,4,0.0,0,0.0,0,0.0,0,0.0,0
2012-10-11T09:17:43.500,2321,7308,2321,39,0.0,0,0.0,0,0.0,0,0.0,0,2321.2,4,0.0,0,0.0,0,0.0,0,0.0,0
2012-10-11T09:17:44.000,2321,7326,2321,33,0.0,0,0.0,0,0.0,0,0.0,0,2321.4,16,0.0,0,0.0,0,0.0,0,0.0,0
2012-10-11T09:17:44.500,2321.2,7358,2321.2,3,0.0,0,0.0,0,0.0,0,0.0,0,2321.4,13,0.0,0,0.0,0,0.0,0,0.0,0
2012-10-11T09:17:45.000,2321.2,7377,2321,7,0.0,0,0.0,0,0.0,0,0.0,0,2321.2,8,0.0,0,0.0,0,0.0,0,0.0,0
2012-10-11T09:17:45.500,2321.6,7421,2321.4,1,0.0,0,0.0,0,0.0,0,0.0,0,2321.6,7,0.0,0,0.0,0,0.0,0,0.0,0
2012-10-11T09:17:46.000,2321.4,7428,2321.4,3,0.0,0,0.0,0,0.0,0,0.0,0,2321.6,34,0.0,0,0.0,0,0.0,0,0.0,0
2012-10-11T09:17:46.500,2321.4,7455,2321.2,2,0.0,0,0.0,0,0.0,0,0.0,0,2321.4,4,0.0,0,0.0,0,0.0,0,0.0,0
2012-10-11T09:17:47.000,2321.4,7467,2321,24,0.0,0,0.0,0,0.0,0,0.0,0,2321.2,2,0.0,0,0.0,0,0.0,0,0.0,0
2012-10-11T09:17:47.500,2321.2,7479,2321,21,0.0,0,0.0,0,0.0,0,0.0,0,2321.2,1,0.0,0,0.0,0,0.0,0,0.0,0
2012-10-11T09:17:48.000,2321.2,7482,2321,19,0.0,0,0.0,0,0.0,0,0.0,0,2321.2,5,0.0,0,0.0,0,0.0,0,0.0,0
2012-10-11T09:17:48.500,2321.2,7516,2321,13,0.0,0,0.0,0,0.0,0,0.0,0,2321.4,3,0.0,0,0.0,0,0.0,0,0.0,0
2012-10-11T09:17:49.000,2321.2,7555,2321,13,0.0,0,0.0,0,0.0,0,0.0,0,2321.4,1,0.0,0,0.0,0,0.0,0,0.0,0
2012-10-11T09:17:49.500,2321,7576,2320.8,11,0.0,0,0.0,0,0.0,0,0.0,0,2321,1,0.0,0,0.0,0,0.0,0,0.0,0
2012-10-11T09:17:50.000,2321,7580,2320.8,12,0.0,0,0.0,0,0.0,0,0.0,0,2321,4,0.0,0,0.0,0,0.0,0,0.0,0
2012-10-11T09:17:50.500,2321,7594,2321,17,0.0,0,0.0,0,0.0,0,0.0,0,2321.4,8,0.0,0,0.0,0,0.0,0,0.0,0
2012-10-11T09:17:51.000,2321.2,7601,2321,20,0.0,0,0.0,0,0.0,0,0.0,0,2321.4,7,0.0,0,0.0,0,0.0,0,0.0,0
2012-10-11T09:17:51.500,2321.4,7633,2321.4,1,0.0,0,0.0,0,0.0,0,0.0,0,2321.6,13,0.0,0,0.0,0,0.0,0,0.0,0
2012-10-11T09:17:52.000,2321.4,7635,2321.4,20,0.0,0,0.0,0,0.0,0,0.0,0,2321.6,13,0.0,0,0.0,0,0.0,0,0.0,0
2012-10-11T09:17:52.500,2321.6,7644,2321.4,18,0.0,0,0.0,0,0.0,0,0.0,0,2321.6,10,0.0,0,0.0,0,0.0,0,0.0,0
2012-10-11T09:17:53.000,2321.6,7656,2321.4,19,0.0,0,0.0,0,0.0,0,0.0,0,2321.6,1,0.0,0,0.0,0,0.0,0,0.0,0
2012-10-11T09:17:53.500,2321.6,7657,2321.6,1,0.0,0,0.0,0,0.0,0,0.0,0,2321.8,42,0.0,0,0.0,0,0.0,0,0.0,0
2012-10-11T09:17:54.000,2321.6,7703,2321.4,22,0.0,0,0.0,0,0.0,0,0.0,0,2321.6,5,0.0,0,0.0,0,0.0,0,0.0,0
2012-10-11T09:17:54.500,2321.4,7714,2321.4,14,0.0,0,0.0,0,0.0,0,0.0,0,2321.6,6,0.0,0,0.0,0,0.0,0,0.0,0
2012-10-11T09:17:55.000,2321.6,7719,2321.4,21,0.0,0,0.0,0,0.0,0,0.0,0,2321.6,9,0.0,0,0.0,0,0.0,0,0.0,0
2012-10-11T09:17:55.500,2321.6,7734,2321.4,17,0.0,0,0.0,0,0.0,0,0.0,0,2321.6,39,0.0,0,0.0,0,0.0,0,0.0,0
2012-10-11T09:17:56.000,2321.4,7762,2321.2,14,0.0,0,0.0,0,0.0,0,0.0,0,2321.4,5,0.0,0,0.0,0,0.0,0,0.0,0
2012-10-11T09:17:56.500,2321.4,7781,2321.2,4,0.0,0,0.0,0,0.0,0,0.0,0,2321.4,32,0.0,0,0.0,0,0.0,0,0.0,0
2012-10-11T09:17:57.000,2321.2,7790,2321,14,0.0,0,0.0,0,0.0,0,0.0,0,2321.2,2,0.0,0,0.0,0,0.0,0,0.0,0
2012-10-11T09:17:57.500,2321.2,7799,2321.2,1,0.0,0,0.0,0,0.0,0,0.0,0,2321.4,36,0.0,0,0.0,0,0.0,0,0.0,0
2012-10-11T09:17:58.000,2321.2,7813,2321,17,0.0,0,0.0,0,0.0,0,0.0,0,2321.2,6,0.0,0,0.0,0,0.0,0,0.0,0
2012-10-11T09:17:58.500,2321.2,7820,2321,20,0.0,0,0.0,0,0.0,0,0.0,0,2321.2,3,0.0,0,0.0,0,0.0,0,0.0,0
2012-10-11T09:17:59.000,2321.4,7832,2321.2,1,0.0,0,0.0,0,0.0,0,0.0,0,2321.4,35,0.0,0,0.0,0,0.0,0,0.0,0
2012-10-11T09:17:59.500,2321.4,7839,2321.2,2,0.0,0,0.0,0,0.0,0,0.0,0,2321.4,31,0.0,0,0.0,0,0.0,0,0.0,0
2012-10-11T09:18:00.000,2321,7853,2321,17,0.0,0,0.0,0,0.0,0,0.0,0,2321.4,10,0.0,0,0.0,0,0.0,0,0.0,0
2012-10-11T09:18:00.500,2321,7877,2321,15,0.0,0,0.0,0,0.0,0,0.0,0,2321.2,7,0.0,0,0.0,0,0.0,0,0.0,0
2012-10-11T09:18:01.000,2321.2,7887,2321,12,0.0,0,0.0,0,0.0,0,0.0,0,2321.4,5,0.0,0,0.0,0,0.0,0,0.0,0
2012-10-11T09:18:01.500,2321.2,7915,2321.2,6,0.0,0,0.0,0,0.0,0,0.0,0,2321.4,6,0.0,0,0.0,0,0.0,0,0.0,0
2012-10-11T09:18:02.000,2321.4,7926,2321.2,6,0.0,0,0.0,0,0.0,0,0.0,0,2321.4,5,0.0,0,0.0,0,0.0,0,0.0,0
2012-10-11T09:18:02.500,2321.2,7934,2321.2,3,0.0,0,0.0,0,0.0,0,0.0,0,2321.4,5,0.0,0,0.0,0,0.0,0,0.0,0
2012-10-11T09:18:03.000,2321.2,7945,2321.2,5,0.0,0,0.0,0,0.0,0,0.0,0,2321.6,33,0.0,0,0.0,0,0.0,0,0.0,0
2012-10-11T09:18:03.500,2321.4,7953,2321.2,1,0.0,0,0.0,0,0.0,0,0.0,0,2321.4,15,0.0,0,0.0,0,0.0,0,0.0,0
2012-10-11T09:18:04.000,2321.4,7970,2321.2,9,0.0,0,0.0,0,0.0,0,0.0,0,2321.4,6,0.0,0,0.0,0,0.0,0,0.0,0
2012-10-11T09:18:04.500,2321.2,7982,2321.2,12,0.0,0,0.0,0,0.0,0,0.0,0,2321.4,7,0.0,0,0.0,0,0.0,0,0.0,0
2012-10-11T09:18:05.000,2321.4,7994,2321.2,3,0.0,0,0.0,0,0.0,0,0.0,0,2321.4,4,0.0,0,0.0,0,0.0,0,0.0,0
2012-10-11T09:18:05.500,2321.2,7999,2321.2,5,0.0,0,0.0,0,0.0,0,0.0,0,2321.4,4,0.0,0,0.0,0,0.0,0,0.0,0
2012-10-11T09:18:06.000,2321.4,8004,2321.2,5,0.0,0,0.0,0,0.0,0,0.0,0,2321.4,6,0.0,0,0.0,0,0.0,0,0.0,0
2012-10-11T09:18:06.500,2321.2,8021,2321.2,7,0.0,0,0.0,0,0.0,0,0.0,0,2321.6,33,0.0,0,0.0,0,0.0,0,0.0,0
2012-10-11T09:18:07.000,2321.6,8028,2321.2,18,0.0,0,0.0,0,0.0,0,0.0,0,2321.6,32,0.0,0,0.0,0,0.0,0,0.0,0
2012-10-11T09:18:07.500,2321.6,8034,2321.2,19,0.0,0,0.0,0,0.0,0,0.0,0,2321.6,30,0.0,0,0.0,0,0.0,0,0.0,0
2012-10-11T09:18:08.000,2321.2,8039,2321.2,23,0.0,0,0.0,0,0.0,0,0.0,0,2321.6,32,0.0,0,0.0,0,0.0,0,0.0,0
2012-10-11T09:18:08.500,2321.4,8042,2321.4,1,0.0,0,0.0,0,0.0,0,0.0,0,2321.6,32,0.0,0,0.0,0,0.0,0,0.0,0
2012-10-11T09:18:09.000,2321.2,8048,2321.2,21,0.0,0,0.0,0,0.0,0,0.0,0,2321.6,31,0.0,0,0.0,0,0.0,0,0.0,0
2012-10-11T09:18:09.500,2321.6,8051,2321.4,13,0.0,0,0.0,0,0.0,0,0.0,0,2321.6,30,0.0,0,0.0,0,0.0,0,0.0,0
2012-10-11T09:18:10.000,2321.6,8063,2321.4,11,0.0,0,0.0,0,0.0,0,0.0,0,2321.6,20,0.0,0,0.0,0,0.0,0,0.0,0
2012-10-11T09:18:10.500,2321.6,8070,2321.4,13,0.0,0,0.0,0,0.0,0,0.0,0,2321.6,17,0.0,0,0.0,0,0.0,0,0.0,0
2012-10-11T09:18:11.000,2321.4,8080,2321.4,14,0.0,0,0.0,0,0.0,0,0.0,0,2321.6,9,0.0,0,0.0,0,0.0,0,0.0,0
2012-10-11T09:18:11.500,2321.6,8091,2321.6,1,0.0,0,0.0,0,0.0,0,0.0,0,2321.8,27,0.0,0,0.0,0,0.0,0,0.0,0
2012-10-11T09:18:12.000,2321.6,8095,2321.6,1,0.0,0,0.0,0,0.0,0,0.0,0,2321.8,26,0.0,0,0.0,0,0.0,0,0.0,0
2012-10-11T09:18:12.500,2321.8,8103,2321.4,18,0.0,0,0.0,0,0.0,0,0.0,0,2321.8,20,0.0,0,0.0,0,0.0,0,0.0,0
2012-10-11T09:18:13.000,2321.8,8128,2321.8,54,0.0,0,0.0,0,0.0,0,0.0,0,2322,45,0.0,0,0.0,0,0.0,0,0.0,0
2012-10-11T09:18:13.500,2322,8134,2321.8,57,0.0,0,0.0,0,0.0,0,0.0,0,2322,41,0.0,0,0.0,0,0.0,0,0.0,0
2012-10-11T09:18:14.000,2322,8187,2322,40,0.0,0,0.0,0,0.0,0,0.0,0,2322.2,25,0.0,0,0.0,0,0.0,0,0.0,0
2012-10-11T09:18:14.500,2322.2,8206,2322,43,0.0,0,0.0,0,0.0,0,0.0,0,2322.2,9,0.0,0,0.0,0,0.0,0,0.0,0
2012-10-11T09:18:15.000,2322.2,8226,2322.2,3,0.0,0,0.0,0,0.0,0,0.0,0,2322.4,4,0.0,0,0.0,0,0.0,0,0.0,0
2012-10-11T09:18:15.500,2322.4,8242,2322.4,4,0.0,0,0.0,0,0.0,0,0.0,0,2322.6,12,0.0,0,0.0,0,0.0,0,0.0,0
2012-10-11T09:18:16.000,2322.4,8263,2322.2,24,0.0,0,0.0,0,0.0,0,0.0,0,2322.4,8,0.0,0,0.0,0,0.0,0,0.0,0
2012-10-11T09:18:16.500,2322.4,8281,2322.4,1,0.0,0,0.0,0,0.0,0,0.0,0,2322.6,12,0.0,0,0.0,0,0.0,0,0.0,0
2012-10-11T09:18:17.000,2322.6,8293,2322.4,12,0.0,0,0.0,0,0.0,0,0.0,0,2322.6,12,0.0,0,0.0,0,0.0,0,0.0,0
2012-10-11T09:18:17.500,2322.4,8315,2322.4,2,0.0,0,0.0,0,0.0,0,0.0,0,2322.6,7,0.0,0,0.0,0,0.0,0,0.0,0
2012-10-11T09:18:18.000,2322.6,8324,2322.4,5,0.0,0,0.0,0,0.0,0,0.0,0,2322.6,6,0.0,0,0.0,0,0.0,0,0.0,0
2012-10-11T09:18:18.500,2322.4,8350,2322.2,11,0.0,0,0.0,0,0.0,0,0.0,0,2322.4,7,0.0,0,0.0,0,0.0,0,0.0,0
2012-10-11T09:18:19.000,2322,8376,2322,14,0.0,0,0.0,0,0.0,0,0.0,0,2322.2,9,0.0,0,0.0,0,0.0,0,0.0,0
2012-10-11T09:18:19.500,2322,8395,2322,1,0.0,0,0.0,0,0.0,0,0.0,0,2322.2,3,0.0,0,0.0,0,0.0,0,0.0,0
2012-10-11T09:18:20.000,2322,8403,2321.8,83,0.0,0,0.0,0,0.0,0,0.0,0,2322,3,0.0,0,0.0,0,0.0,0,0.0,0
2012-10-11T09:18:20.500,2322,8426,2322,3,0.0,0,0.0,0,0.0,0,0.0,0,2322.2,4,0.0,0,0.0,0,0.0,0,0.0,0
2012-10-11T09:18:21.000,2322.4,8438,2322,3,0.0,0,0.0,0,0.0,0,0.0,0,2322.4,18,0.0,0,0.0,0,0.0,0,0.0,0
2012-10-11T09:18:21.500,2322,8447,2322,13,0.0,0,0.0,0,0.0,0,0.0,0,2322.2,1,0.0,0,0.0,0,0.0,0,0.0,0
2012-10-11T09:18:22.000,2322,8449,2322,19,0.0,0,0.0,0,0.0,0,0.0,0,2322.2,2,0.0,0,0.0,0,0.0,0,0.0,0
2012-10-11T09:18:22.500,2322.4,8454,2322.2,18,0.0,0,0.0,0,0.0,0,0.0,0,2322.4,3,0.0,0,0.0,0,0.0,0,0.0,0
2012-10-11T09:18:23.000,2322.4,8459,2322.2,54,0.0,0,0.0,0,0.0,0,0.0,0,2322.4,12,0.0,0,0.0,0,0.0,0,0.0,0
2012-10-11T09:18:23.500,2322.4,8472,2322.2,45,0.0,0,0.0,0,0.0,0,0.0,0,2322.4,10,0.0,0,0.0,0,0.0,0,0.0,0
2012-10-11T09:18:24.000,2322.4,8496,2322.4,24,0.0,0,0.0,0,0.0,0,0.0,0,2322.6,12,0.0,0,0.0,0,0.0,0,0.0,0
2012-10-11T09:18:24.500,2322.4,8515,2322.2,38,0.0,0,0.0,0,0.0,0,0.0,0,2322.6,14,0.0,0,0.0,0,0.0,0,0.0,0
2012-10-11T09:18:25.000,2322.6,8528,2322.2,40,0.0,0,0.0,0,0.0,0,0.0,0,2322.6,14,0.0,0,0.0,0,0.0,0,0.0,0
2012-10-11T09:18:25.500,2322.2,8576,2322,26,0.0,0,0.0,0,0.0,0,0.0,0,2322.2,4,0.0,0,0.0,0,0.0,0,0.0,0
2012-10-11T09:18:26.000,2322,8599,2322,10,0.0,0,0.0,0,0.0,0,0.0,0,2322.2,21,0.0,0,0.0,0,0.0,0,0.0,0
2012-10-11T09:18:26.500,2322,8609,2322,5,0.0,0,0.0,0,0.0,0,0.0,0,2322.2,31,0.0,0,0.0,0,0.0,0,0.0,0
2012-10-11T09:18:27.000,2322.2,8647,2321.8,67,0.0,0,0.0,0,0.0,0,0.0,0,2322,9,0.0,0,0.0,0,0.0,0,0.0,0
2012-10-11T09:18:27.500,2321.8,8654,2321.8,64,0.0,0,0.0,0,0.0,0,0.0,0,2322,7,0.0,0,0.0,0,0.0,0,0.0,0
2012-10-11T09:18:28.000,2322,8679,2321.8,44,0.0,0,0.0,0,0.0,0,0.0,0,2322,17,0.0,0,0.0,0,0.0,0,0.0,0
2012-10-11T09:18:28.500,2321.8,8683,2321.8,43,0.0,0,0.0,0,0.0,0,0.0,0,2322,20,0.0,0,0.0,0,0.0,0,0.0,0
2012-10-11T09:18:29.000,2321.8,8698,2321.8,32,0.0,0,0.0,0,0.0,0,0.0,0,2322,19,0.0,0,0.0,0,0.0,0,0.0,0
2012-10-11T09:18:29.500,2322,8709,2321.8,19,0.0,0,0.0,0,0.0,0,0.0,0,2322,26,0.0,0,0.0,0,0.0,0,0.0,0
2012-10-11T09:18:30.000,2321.8,8712,2321.8,16,0.0,0,0.0,0,0.0,0,0.0,0,2322,26,0.0,0,0.0,0,0.0,0,0.0,0
2012-10-11T09:18:30.500,2322,8726,2321.8,10,0.0,0,0.0,0,0.0,0,0.0,0,2322,18,0.0,0,0.0,0,0.0,0,0.0,0
2012-10-11T09:18:31.000,2322,8747,2322,3,0.0,0,0.0,0,0.0,0,0.0,0,2322.2,8,0.0,0,0.0,0,0.0,0,0.0,0
2012-10-11T09:18:31.500,2322,8751,2322,20,0.0,0,0.0,0,0.0,0,0.0,0,2322.2,7,0.0,0,0.0,0,0.0,0,0.0,0
2012-10-11T09:18:32.000,2322.2,8756,2322.2,13,0.0,0,0.0,0,0.0,0,0.0,0,2322.4,15,0.0,0,0.0,0,0.0,0,0.0,0
2012-10-11T09:18:32.500,2322.2,8760,2322.2,18,0.0,0,0.0,0,0.0,0,0.0,0,2322.4,21,0.0,0,0.0,0,0.0,0,0.0,0
2012-10-11T09:18:33.000,2322.2,8772,2322.2,7,0.0,0,0.0,0,0.0,0,0.0,0,2322.4,21,0.0,0,0.0,0,0.0,0,0.0,0
2012-10-11T09:18:33.500,2322,8780,2322,34,0.0,0,0.0,0,0.0,0,0.0,0,2322.4,20,0.0,0,0.0,0,0.0,0,0.0,0
2012-10-11T09:18:34.000,2322.2,8785,2322,34,0.0,0,0.0,0,0.0,0,0.0,0,2322.4,21,0.0,0,0.0,0,0.0,0,0.0,0
2012-10-11T09:18:34.500,2322,8794,2322,29,0.0,0,0.0,0,0.0,0,0.0,0,2322.2,1,0.0,0,0.0,0,0.0,0,0.0,0
2012-10-11T09:18:35.000,2322,8799,2322,25,0.0,0,0.0,0,0.0,0,0.0,0,2322.2,2,0.0,0,0.0,0,0.0,0,0.0,0
2012-10-11T09:18:35.500,2322.2,8812,2322.2,7,0.0,0,0.0,0,0.0,0,0.0,0,2322.4,25,0.0,0,0.0,0,0.0,0,0.0,0
2012-10-11T09:18:36.000,2322.2,8814,2322.2,5,0.0,0,0.0,0,0.0,0,0.0,0,2322.4,26,0.0,0,0.0,0,0.0,0,0.0,0
2012-10-11T09:18:36.500,2322.4,8820,2322,46,0.0,0,0.0,0,0.0,0,0.0,0,2322.2,2,0.0,0,0.0,0,0.0,0,0.0,0
2012-10-11T09:18:37.000,2322.2,8824,2322,47,0.0,0,0.0,0,0.0,0,0.0,0,2322.2,3,0.0,0,0.0,0,0.0,0,0.0,0
2012-10-11T09:18:37.500,2322.4,8838,2322,44,0.0,0,0.0,0,0.0,0,0.0,0,2322.4,20,0.0,0,0.0,0,0.0,0,0.0,0
2012-10-11T09:18:38.000,2322,8848,2322,40,0.0,0,0.0,0,0.0,0,0.0,0,2322.4,20,0.0,0,0.0,0,0.0,0,0.0,0
2012-10-11T09:18:38.500,2322.4,8854,2322.2,3,0.0,0,0.0,0,0.0,0,0.0,0,2322.4,19,0.0,0,0.0,0,0.0,0,0.0,0
2012-10-11T09:18:39.000,2322,8860,2322,38,0.0,0,0.0,0,0.0,0,0.0,0,2322.2,5,0.0,0,0.0,0,0.0,0,0.0,0
2012-10-11T09:18:39.500,2322.2,8861,2322,39,0.0,0,0.0,0,0.0,0,0.0,0,2322.2,5,0.0,0,0.0,0,0.0,0,0.0,0
2012-10-11T09:18:40.000,2322.4,8896,2322.4,1,0.0,0,0.0,0,0.0,0,0.0,0,2322.6,22,0.0,0,0.0,0,0.0,0,0.0,0
2012-10-11T09:18:40.500,2322.2,8899,2322.2,7,0.0,0,0.0,0,0.0,0,0.0,0,2322.6,24,0.0,0,0.0,0,0.0,0,0.0,0
2012-10-11T09:18:41.000,2322.2,8902,2322.4,4,0.0,0,0.0,0,0.0,0,0.0,0,2322.6,24,0.0,0,0.0,0,0.0,0,0.0,0
2012-10-11T09:18:41.500,2322.6,8911,2322.4,12,0.0,0,0.0,0,0.0,0,0.0,0,2322.6,17,0.0,0,0.0,0,0.0,0,0.0,0
2012-10-11T09:18:42.000,2322.4,8915,2322.4,10,0.0,0,0.0,0,0.0,0,0.0,0,2322.6,16,0.0,0,0.0,0,0.0,0,0.0,0
2012-10-11T09:18:42.500,2322.4,8920,2322.4,10,0.0,0,0.0,0,0.0,0,0.0,0,2322.6,16,0.0,0,0.0,0,0.0,0,0.0,0
2012-10-11T09:18:43.000,2322.6,8928,2322.4,7,0.0,0,0.0,0,0.0,0,0.0,0,2322.6,24,0.0,0,0.0,0,0.0,0,0.0,0
2012-10-11T09:18:43.500,2322.4,8935,2322.4,5,0.0,0,0.0,0,0.0,0,0.0,0,2322.6,19,0.0,0,0.0,0,0.0,0,0.0,0
2012-10-11T09:18:44.000,2322.4,8951,2322.4,1,0.0,0,0.0,0,0.0,0,0.0,0,2322.6,15,0.0,0,0.0,0,0.0,0,0.0,0
2012-10-11T09:18:44.500,2322.6,8953,2322.2,11,0.0,0,0.0,0,0.0,0,0.0,0,2322.6,15,0.0,0,0.0,0,0.0,0,0.0,0
2012-10-11T09:18:45.000,2322.6,8957,2322.4,1,0.0,0,0.0,0,0.0,0,0.0,0,2322.6,19,0.0,0,0.0,0,0.0,0,0.0,0
2012-10-11T09:18:45.500,2322.2,8963,2322.2,9,0.0,0,0.0,0,0.0,0,0.0,0,2322.6,20,0.0,0,0.0,0,0.0,0,0.0,0
2012-10-11T09:18:46.000,2322.6,9003,2322,41,0.0,0,0.0,0,0.0,0,0.0,0,2322.4,1,0.0,0,0.0,0,0.0,0,0.0,0
2012-10-11T09:18:46.500,2322.2,9020,2322.2,13,0.0,0,0.0,0,0.0,0,0.0,0,2322.8,51,0.0,0,0.0,0,0.0,0,0.0,0
2012-10-11T09:18:47.000,2322.4,9035,2322.2,7,0.0,0,0.0,0,0.0,0,0.0,0,2322.4,1,0.0,0,0.0,0,0.0,0,0.0,0
2012-10-11T09:18:47.500,2322.4,9046,2322.2,1,0.0,0,0.0,0,0.0,0,0.0,0,2322.6,10,0.0,0,0.0,0,0.0,0,0.0,0
2012-10-11T09:18:48.000,2322.4,9047,2322.2,2,0.0,0,0.0,0,0.0,0,0.0,0,2322.4,5,0.0,0,0.0,0,0.0,0,0.0,0
2012-10-11T09:18:48.500,2322.4,9049,2322.2,8,0.0,0,0.0,0,0.0,0,0.0,0,2322.4,10,0.0,0,0.0,0,0.0,0,0.0,0
2012-10-11T09:18:49.000,2322.2,9059,2322.2,1,0.0,0,0.0,0,0.0,0,0.0,0,2322.4,1,0.0,0,0.0,0,0.0,0,0.0,0
2012-10-11T09:18:49.500,2322.4,9065,2322.4,6,0.0,0,0.0,0,0.0,0,0.0,0,2322.6,22,0.0,0,0.0,0,0.0,0,0.0,0
2012-10-11T09:18:50.000,2322.4,9073,2322.4,2,0.0,0,0.0,0,0.0,0,0.0,0,2322.6,32,0.0,0,0.0,0,0.0,0,0.0,0
2012-10-11T09:18:50.500,2322.4,9081,2322.4,9,0.0,0,0.0,0,0.0,0,0.0,0,2322.6,27,0.0,0,0.0,0,0.0,0,0.0,0
2012-10-11T09:18:51.000,2322.4,9090,2322.4,1,0.0,0,0.0,0,0.0,0,0.0,0,2322.6,26,0.0,0,0.0,0,0.0,0,0.0,0
2012-10-11T09:18:51.500,2322.4,9142,2322.4,3,0.0,0,0.0,0,0.0,0,0.0,0,2322.8,23,0.0,0,0.0,0,0.0,0,0.0,0
2012-10-11T09:18:52.000,2322.4,9145,2322.2,30,0.0,0,0.0,0,0.0,0,0.0,0,2322.8,26,0.0,0,0.0,0,0.0,0,0.0,0
2012-10-11T09:18:52.500,2322.4,9182,2322.4,5,0.0,0,0.0,0,0.0,0,0.0,0,2322.6,4,0.0,0,0.0,0,0.0,0,0.0,0
2012-10-11T09:18:53.000,2322.4,9188,2322.4,5,0.0,0,0.0,0,0.0,0,0.0,0,2322.6,2,0.0,0,0.0,0,0.0,0,0.0,0
2012-10-11T09:18:53.500,2322.4,9191,2322.4,6,0.0,0,0.0,0,0.0,0,0.0,0,2322.6,17,0.0,0,0.0,0,0.0,0,0.0,0
2012-10-11T09:18:54.000,2322.4,9202,2322.4,5,0.0,0,0.0,0,0.0,0,0.0,0,2322.6,12,0.0,0,0.0,0,0.0,0,0.0,0
2012-10-11T09:18:54.500,2322.4,9209,2322.2,35,0.0,0,0.0,0,0.0,0,0.0,0,2322.4,3,0.0,0,0.0,0,0.0,0,0.0,0
2012-10-11T09:18:55.000,2322.4,9215,2322.2,35,0.0,0,0.0,0,0.0,0,0.0,0,2322.4,3,0.0,0,0.0,0,0.0,0,0.0,0
2012-10-11T09:18:55.500,2322.6,9228,2322.4,3,0.0,0,0.0,0,0.0,0,0.0,0,2322.6,2,0.0,0,0.0,0,0.0,0,0.0,0
2012-10-11T09:18:56.000,2322.2,9241,2322.2,41,0.0,0,0.0,0,0.0,0,0.0,0,2322.8,2,0.0,0,0.0,0,0.0,0,0.0,0
2012-10-11T09:18:56.500,2322.4,9246,2322.4,1,0.0,0,0.0,0,0.0,0,0.0,0,2322.6,6,0.0,0,0.0,0,0.0,0,0.0,0
2012-10-11T09:18:57.000,2322.6,9250,2322.4,2,0.0,0,0.0,0,0.0,0,0.0,0,2322.6,7,0.0,0,0.0,0,0.0,0,0.0,0
2012-10-11T09:18:57.500,2322.4,9252,2322.4,9,0.0,0,0.0,0,0.0,0,0.0,0,2322.6,7,0.0,0,0.0,0,0.0,0,0.0,0
2012-10-11T09:18:58.000,2322.6,9254,2322.4,4,0.0,0,0.0,0,0.0,0,0.0,0,2322.6,7,0.0,0,0.0,0,0.0,0,0.0,0
2012-10-11T09:18:58.500,2322.4,9257,2322.4,1,0.0,0,0.0,0,0.0,0,0.0,0,2322.6,13,0.0,0,0.0,0,0.0,0,0.0,0
2012-10-11T09:18:59.000,2322.4,9272,2322.4,9,0.0,0,0.0,0,0.0,0,0.0,0,2322.6,23,0.0,0,0.0,0,0.0,0,0.0,0
2012-10-11T09:18:59.500,2322.4,9279,2322.4,2,0.0,0,0.0,0,0.0,0,0.0,0,2322.6,28,0.0,0,0.0,0,0.0,0,0.0,0
2012-10-11T09:19:00.000,2322.4,9285,2322.2,51,0.0,0,0.0,0,0.0,0,0.0,0,2322.4,19,0.0,0,0.0,0,0.0,0,0.0,0
2012-10-11T09:19:00.500,2322.4,9297,2322.2,46,0.0,0,0.0,0,0.0,0,0.0,0,2322.4,43,0.0,0,0.0,0,0.0,0,0.0,0
2012-10-11T09:19:01.000,2322.2,9346,2322.2,31,0.0,0,0.0,0,0.0,0,0.0,0,2322.4,22,0.0,0,0.0,0,0.0,0,0.0,0
2012-10-11T09:19:01.500,2322.2,9380,2322,78,0.0,0,0.0,0,0.0,0,0.0,0,2322.4,31,0.0,0,0.0,0,0.0,0,0.0,0
2012-10-11T09:19:02.000,2322.4,9407,2322,60,0.0,0,0.0,0,0.0,0,0.0,0,2322.4,28,0.0,0,0.0,0,0.0,0,0.0,0
2012-10-11T09:19:02.500,2322,9431,2322,47,0.0,0,0.0,0,0.0,0,0.0,0,2322.4,36,0.0,0,0.0,0,0.0,0,0.0,0
2012-10-11T09:19:03.000,2322.4,9450,2322,45,0.0,0,0.0,0,0.0,0,0.0,0,2322.4,29,0.0,0,0.0,0,0.0,0,0.0,0
2012-10-11T09:19:03.500,2322.4,9463,2322,40,0.0,0,0.0,0,0.0,0,0.0,0,2322.4,27,0.0,0,0.0,0,0.0,0,0.0,0
2012-10-11T09:19:04.000,2322,9473,2322,32,0.0,0,0.0,0,0.0,0,0.0,0,2322.4,26,0.0,0,0.0,0,0.0,0,0.0,0
2012-10-11T09:19:04.500,2322,9493,2322,12,0.0,0,0.0,0,0.0,0,0.0,0,2322.2,1,0.0,0,0.0,0,0.0,0,0.0,0
2012-10-11T09:19:05.000,2322.2,9504,2322.2,6,0.0,0,0.0,0,0.0,0,0.0,0,2322.4,21,0.0,0,0.0,0,0.0,0,0.0,0
2012-10-11T09:19:05.500,2322.2,9509,2322.2,7,0.0,0,0.0,0,0.0,0,0.0,0,2322.4,21,0.0,0,0.0,0,0.0,0,0.0,0
2012-10-11T09:19:06.000,2322.2,9517,2322,10,0.0,0,0.0,0,0.0,0,0.0,0,2322.2,7,0.0,0,0.0,0,0.0,0,0.0,0
2012-10-11T09:19:06.500,2322,9519,2322,14,0.0,0,0.0,0,0.0,0,0.0,0,2322.2,10,0.0,0,0.0,0,0.0,0,0.0,0
2012-10-11T09:19:07.250,2322.2,9521,2322,8,0.0,0,0.0,0,0.0,0,0.0,0,2322.2,15,0.0,0,0.0,0,0.0,0,0.0,0
2012-10-11T09:19:08.000,2322,9531,2321.8,57,0.0,0,0.0,0,0.0,0,0.0,0,2322,3,0.0,0,0.0,0,0.0,0,0.0,0
2012-10-11T09:19:08.500,2322.2,9539,2322,30,0.0,0,0.0,0,0.0,0,0.0,0,2322.2,13,0.0,0,0.0,0,0.0,0,0.0,0
2012-10-11T09:19:09.000,2322.2,9546,2322,30,0.0,0,0.0,0,0.0,0,0.0,0,2322.2,12,0.0,0,0.0,0,0.0,0,0.0,0
2012-10-11T09:19:09.500,2322,9558,2322,24,0.0,0,0.0,0,0.0,0,0.0,0,2322.2,11,0.0,0,0.0,0,0.0,0,0.0,0
2012-10-11T09:19:10.000,2322,9572,2322,37,0.0,0,0.0,0,0.0,0,0.0,0,2322.2,6,0.0,0,0.0,0,0.0,0,0.0,0
2012-10-11T09:19:10.500,2322.2,9592,2322,23,0.0,0,0.0,0,0.0,0,0.0,0,2322.4,19,0.0,0,0.0,0,0.0,0,0.0,0
2012-10-11T09:19:11.000,2322.2,9596,2322.2,3,0.0,0,0.0,0,0.0,0,0.0,0,2322.4,19,0.0,0,0.0,0,0.0,0,0.0,0
2012-10-11T09:19:11.500,2322.2,9601,2322.2,10,0.0,0,0.0,0,0.0,0,0.0,0,2322.4,22,0.0,0,0.0,0,0.0,0,0.0,0
2012-10-11T09:19:12.000,2322.2,9606,2322.2,13,0.0,0,0.0,0,0.0,0,0.0,0,2322.4,21,0.0,0,0.0,0,0.0,0,0.0,0
2012-10-11T09:19:12.500,2322.2,9610,2322.2,9,0.0,0,0.0,0,0.0,0,0.0,0,2322.4,21,0.0,0,0.0,0,0.0,0,0.0,0
2012-10-11T09:19:13.250,2322.2,9617,2322.2,7,0.0,0,0.0,0,0.0,0,0.0,0,2322.4,22,0.0,0,0.0,0,0.0,0,0.0,0
2012-10-11T09:19:14.000,2322.2,9618,2322.2,7,0.0,0,0.0,0,0.0,0,0.0,0,2322.4,22,0.0,0,0.0,0,0.0,0,0.0,0
2012-10-11T09:19:14.500,2322.2,9626,2322.2,3,0.0,0,0.0,0,0.0,0,0.0,0,2322.4,20,0.0,0,0.0,0,0.0,0,0.0,0
2012-10-11T09:19:15.000,2322,9630,2322,40,0.0,0,0.0,0,0.0,0,0.0,0,2322.2,3,0.0,0,0.0,0,0.0,0,0.0,0
2012-10-11T09:19:15.500,2322.2,9632,2322,40,0.0,0,0.0,0,0.0,0,0.0,0,2322.2,6,0.0,0,0.0,0,0.0,0,0.0,0
2012-10-11T09:19:16.000,2322,9636,2322,36,0.0,0,0.0,0,0.0,0,0.0,0,2322.2,10,0.0,0,0.0,0,0.0,0,0.0,0
2012-10-11T09:19:16.500,2322,9638,2322,39,0.0,0,0.0,0,0.0,0,0.0,0,2322.2,12,0.0,0,0.0,0,0.0,0,0.0,0
2012-10-11T09:19:17.000,2322,9643,2322,34,0.0,0,0.0,0,0.0,0,0.0,0,2322.2,19,0.0,0,0.0,0,0.0,0,0.0,0
2012-10-11T09:19:17.500,2322.2,9651,2322,28,0.0,0,0.0,0,0.0,0,0.0,0,2322.2,19,0.0,0,0.0,0,0.0,0,0.0,0
2012-10-11T09:19:18.000,2322.2,9657,2322,23,0.0,0,0.0,0,0.0,0,0.0,0,2322.2,19,0.0,0,0.0,0,0.0,0,0.0,0
2012-10-11T09:19:18.500,2322,9661,2322,20,0.0,0,0.0,0,0.0,0,0.0,0,2322.2,19,0.0,0,0.0,0,0.0,0,0.0,0
2012-10-11T09:19:19.000,2322,9662,2322,19,0.0,0,0.0,0,0.0,0,0.0,0,2322.2,28,0.0,0,0.0,0,0.0,0,0.0,0
2012-10-11T09:19:19.500,2322,9666,2322,15,0.0,0,0.0,0,0.0,0,0.0,0,2322.2,29,0.0,0,0.0,0,0.0,0,0.0,0
2012-10-11T09:19:20.000,2322,9678,2322,6,0.0,0,0.0,0,0.0,0,0.0,0,2322.2,26,0.0,0,0.0,0,0.0,0,0.0,0
2012-10-11T09:19:20.500,2322,9684,2321.8,43,0.0,0,0.0,0,0.0,0,0.0,0,2322,16,0.0,0,0.0,0,0.0,0,0.0,0
2012-10-11T09:19:21.000,2322,9689,2321.8,33,0.0,0,0.0,0,0.0,0,0.0,0,2322,16,0.0,0,0.0,0,0.0,0,0.0,0
2012-10-11T09:19:21.500,2321.8,9690,2321.8,56,0.0,0,0.0,0,0.0,0,0.0,0,2322,22,0.0,0,0.0,0,0.0,0,0.0,0
2012-10-11T09:19:22.000,2321.8,9697,2321.8,54,0.0,0,0.0,0,0.0,0,0.0,0,2322,20,0.0,0,0.0,0,0.0,0,0.0,0
2012-10-11T09:19:22.500,2322,9732,2321.8,26,0.0,0,0.0,0,0.0,0,0.0,0,2322,17,0.0,0,0.0,0,0.0,0,0.0,0
2012-10-11T09:19:23.000,2321.8,9759,2321.6,24,0.0,0,0.0,0,0.0,0,0.0,0,2322,21,0.0,0,0.0,0,0.0,0,0.0,0
2012-10-11T09:19:23.500,2321.6,9771,2321.6,12,0.0,0,0.0,0,0.0,0,0.0,0,2321.8,1,0.0,0,0.0,0,0.0,0,0.0,0
2012-10-11T09:19:24.000,2321.8,9781,2321.6,3,0.0,0,0.0,0,0.0,0,0.0,0,2322,27,0.0,0,0.0,0,0.0,0,0.0,0
2012-10-11T09:19:24.500,2321.6,9784,2321.4,18,0.0,0,0.0,0,0.0,0,0.0,0,2321.6,52,0.0,0,0.0,0,0.0,0,0.0,0
2012-10-11T09:19:25.000,2321.4,9800,2321.4,3,0.0,0,0.0,0,0.0,0,0.0,0,2321.6,51,0.0,0,0.0,0,0.0,0,0.0,0
2012-10-11T09:19:25.500,2321.4,9838,2321.4,12,0.0,0,0.0,0,0.0,0,0.0,0,2321.6,50,0.0,0,0.0,0,0.0,0,0.0,0
2012-10-11T09:19:26.000,2321.4,9851,2321.4,1,0.0,0,0.0,0,0.0,0,0.0,0,2321.6,49,0.0,0,0.0,0,0.0,0,0.0,0
2012-10-11T09:19:26.500,2321.4,9857,2321.2,34,0.0,0,0.0,0,0.0,0,0.0,0,2321.4,3,0.0,0,0.0,0,0.0,0,0.0,0
2012-10-11T09:19:27.000,2321.4,9860,2321.2,34,0.0,0,0.0,0,0.0,0,0.0,0,2321.4,4,0.0,0,0.0,0,0.0,0,0.0,0
2012-10-11T09:19:27.500,2321.6,9872,2321.4,3,0.0,0,0.0,0,0.0,0,0.0,0,2321.6,46,0.0,0,0.0,0,0.0,0,0.0,0
2012-10-11T09:19:28.000,2321.4,9912,2321.2,40,0.0,0,0.0,0,0.0,0,0.0,0,2321.4,8,0.0,0,0.0,0,0.0,0,0.0,0
2012-10-11T09:19:28.500,2321.2,9915,2321.2,52,0.0,0,0.0,0,0.0,0,0.0,0,2321.4,9,0.0,0,0.0,0,0.0,0,0.0,0
2012-10-11T09:19:29.000,2321.2,9927,2321.2,44,0.0,0,0.0,0,0.0,0,0.0,0,2321.4,8,0.0,0,0.0,0,0.0,0,0.0,0
2012-10-11T09:19:29.500,2321.2,9932,2321.2,42,0.0,0,0.0,0,0.0,0,0.0,0,2321.4,13,0.0,0,0.0,0,0.0,0,0.0,0
2012-10-11T09:19:30.000,2321.4,9939,2321.2,40,0.0,0,0.0,0,0.0,0,0.0,0,2321.4,12,0.0,0,0.0,0,0.0,0,0.0,0
2012-10-11T09:19:30.500,2321.2,9946,2321.2,37,0.0,0,0.0,0,0.0,0,0.0,0,2321.4,9,0.0,0,0.0,0,0.0,0,0.0,0
2012-10-11T09:19:31.000,2321.2,9952,2321.2,31,0.0,0,0.0,0,0.0,0,0.0,0,2321.4,11,0.0,0,0.0,0,0.0,0,0.0,0
2012-10-11T09:19:31.500,2321.2,9961,2321.2,31,0.0,0,0.0,0,0.0,0,0.0,0,2321.4,6,0.0,0,0.0,0,0.0,0,0.0,0
2012-10-11T09:19:32.000,2321.4,9969,2321.2,26,0.0,0,0.0,0,0.0,0,0.0,0,2321.4,6,0.0,0,0.0,0,0.0,0,0.0,0
2012-10-11T09:19:32.500,2321.2,9975,2321.2,26,0.0,0,0.0,0,0.0,0,0.0,0,2321.4,4,0.0,0,0.0,0,0.0,0,0.0,0
2012-10-11T09:19:33.000,2321.2,9979,2321.2,26,0.0,0,0.0,0,0.0,0,0.0,0,2321.4,1,0.0,0,0.0,0,0.0,0,0.0,0
2012-10-11T09:19:33.500,2321.4,9986,2321.2,26,0.0,0,0.0,0,0.0,0,0.0,0,2321.6,10,0.0,0,0.0,0,0.0,0,0.0,0
2012-10-11T09:19:34.000,2321.2,9997,2321.2,17,0.0,0,0.0,0,0.0,0,0.0,0,2321.6,16,0.0,0,0.0,0,0.0,0,0.0,0
2012-10-11T09:19:34.500,2321.2,10021,2321,58,0.0,0,0.0,0,0.0,0,0.0,0,2321.2,1,0.0,0,0.0,0,0.0,0,0.0,0
2012-10-11T09:19:35.000,2321.2,10027,2321,59,0.0,0,0.0,0,0.0,0,0.0,0,2321.2,1,0.0,0,0.0,0,0.0,0,0.0,0
2012-10-11T09:19:35.500,2321.2,10030,2321.2,2,0.0,0,0.0,0,0.0,0,0.0,0,2321.4,1,0.0,0,0.0,0,0.0,0,0.0,0
2012-10-11T09:19:36.000,2321,10033,2321,60,0.0,0,0.0,0,0.0,0,0.0,0,2321.2,9,0.0,0,0.0,0,0.0,0,0.0,0
2012-10-11T09:19:36.500,2321.2,10035,2321,73,0.0,0,0.0,0,0.0,0,0.0,0,2321.2,9,0.0,0,0.0,0,0.0,0,0.0,0
2012-10-11T09:19:37.000,2321,10063,2321,51,0.0,0,0.0,0,0.0,0,0.0,0,2321.2,7,0.0,0,0.0,0,0.0,0,0.0,0
2012-10-11T09:19:37.500,2321.2,10071,2321,40,0.0,0,0.0,0,0.0,0,0.0,0,2321.2,7,0.0,0,0.0,0,0.0,0,0.0,0
2012-10-11T09:19:38.000,2321,10079,2321,32,0.0,0,0.0,0,0.0,0,0.0,0,2321.2,10,0.0,0,0.0,0,0.0,0,0.0,0
2012-10-11T09:19:38.500,2321.2,10107,2321,7,0.0,0,0.0,0,0.0,0,0.0,0,2321.4,5,0.0,0,0.0,0,0.0,0,0.0,0
2012-10-11T09:19:39.000,2321,10118,2320.8,25,0.0,0,0.0,0,0.0,0,0.0,0,2321.2,1,0.0,0,0.0,0,0.0,0,0.0,0
2012-10-11T09:19:39.500,2320.8,10128,2321,7,0.0,0,0.0,0,0.0,0,0.0,0,2321.2,8,0.0,0,0.0,0,0.0,0,0.0,0
2012-10-11T09:19:40.000,2321,10138,2320.8,17,0.0,0,0.0,0,0.0,0,0.0,0,2321.2,8,0.0,0,0.0,0,0.0,0,0.0,0
2012-10-11T09:19:40.500,2321.2,10142,2321,3,0.0,0,0.0,0,0.0,0,0.0,0,2321.2,5,0.0,0,0.0,0,0.0,0,0.0,0
2012-10-11T09:19:41.000,2321,10145,2320.8,21,0.0,0,0.0,0,0.0,0,0.0,0,2321,47,0.0,0,0.0,0,0.0,0,0.0,0
2012-10-11T09:19:41.500,2321,10152,2320.8,61,0.0,0,0.0,0,0.0,0,0.0,0,2321,43,0.0,0,0.0,0,0.0,0,0.0,0
2012-10-11T09:19:42.000,2321,10159,2320.8,53,0.0,0,0.0,0,0.0,0,0.0,0,2321,46,0.0,0,0.0,0,0.0,0,0.0,0
2012-10-11T09:19:42.500,2321,10183,2320.8,54,0.0,0,0.0,0,0.0,0,0.0,0,2321,26,0.0,0,0.0,0,0.0,0,0.0,0
2012-10-11T09:19:43.000,2321,10197,2320.8,52,0.0,0,0.0,0,0.0,0,0.0,0,2321,14,0.0,0,0.0,0,0.0,0,0.0,0
2012-10-11T09:19:43.500,2321,10215,2320.8,44,0.0,0,0.0,0,0.0,0,0.0,0,2321,7,0.0,0,0.0,0,0.0,0,0.0,0
2012-10-11T09:19:44.000,2321,10230,2321,25,0.0,0,0.0,0,0.0,0,0.0,0,2321.2,6,0.0,0,0.0,0,0.0,0,0.0,0
2012-10-11T09:19:44.500,2321.2,10240,2321,28,0.0,0,0.0,0,0.0,0,0.0,0,2321.2,17,0.0,0,0.0,0,0.0,0,0.0,0
2012-10-11T09:19:45.000,2321,10257,2321,12,0.0,0,0.0,0,0.0,0,0.0,0,2321.2,16,0.0,0,0.0,0,0.0,0,0.0,0
2012-10-11T09:19:45.500,2321.2,10259,2321,41,0.0,0,0.0,0,0.0,0,0.0,0,2321.2,15,0.0,0,0.0,0,0.0,0,0.0,0
2012-10-11T09:19:46.000,2321.2,10263,2321,41,0.0,0,0.0,0,0.0,0,0.0,0,2321.2,15,0.0,0,0.0,0,0.0,0,0.0,0
2012-10-11T09:19:46.500,2321.2,10265,2321,45,0.0,0,0.0,0,0.0,0,0.0,0,2321.2,14,0.0,0,0.0,0,0.0,0,0.0,0
2012-10-11T09:19:47.000,2321.2,10267,2321,48,0.0,0,0.0,0,0.0,0,0.0,0,2321.2,12,0.0,0,0.0,0,0.0,0,0.0,0
2012-10-11T09:19:47.500,2321.4,10286,2321,44,0.0,0,0.0,0,0.0,0,0.0,0,2321.4,5,0.0,0,0.0,0,0.0,0,0.0,0
2012-10-11T09:19:48.000,2321.4,10287,2321.2,23,0.0,0,0.0,0,0.0,0,0.0,0,2321.4,5,0.0,0,0.0,0,0.0,0,0.0,0
2012-10-11T09:19:48.500,2321.4,10291,2321.2,26,0.0,0,0.0,0,0.0,0,0.0,0,2321.4,16,0.0,0,0.0,0,0.0,0,0.0,0
2012-10-11T09:19:49.000,2321.2,10324,2321.4,1,0.0,0,0.0,0,0.0,0,0.0,0,2321.6,3,0.0,0,0.0,0,0.0,0,0.0,0
2012-10-11T09:19:49.500,2321.6,10327,2321.6,4,0.0,0,0.0,0,0.0,0,0.0,0,2321.8,21,0.0,0,0.0,0,0.0,0,0.0,0
2012-10-11T09:19:50.250,2321.6,10329,2321.6,13,0.0,0,0.0,0,0.0,0,0.0,0,2321.8,22,0.0,0,0.0,0,0.0,0,0.0,0
2012-10-11T09:19:51.000,2321.6,10331,2321.6,12,0.0,0,0.0,0,0.0,0,0.0,0,2321.8,32,0.0,0,0.0,0,0.0,0,0.0,0
2012-10-11T09:19:51.500,2321.6,10344,2321.6,1,0.0,0,0.0,0,0.0,0,0.0,0,2321.8,31,0.0,0,0.0,0,0.0,0,0.0,0
2012-10-11T09:19:52.000,2321.6,10345,2321.4,22,0.0,0,0.0,0,0.0,0,0.0,0,2321.8,31,0.0,0,0.0,0,0.0,0,0.0,0
2012-10-11T09:19:52.500,2321.6,10347,2321.6,4,0.0,0,0.0,0,0.0,0,0.0,0,2321.8,30,0.0,0,0.0,0,0.0,0,0.0,0
2012-10-11T09:19:53.000,2321.8,10350,2321.6,2,0.0,0,0.0,0,0.0,0,0.0,0,2321.8,29,0.0,0,0.0,0,0.0,0,0.0,0
2012-10-11T09:19:53.500,2321.6,10353,2321.6,1,0.0,0,0.0,0,0.0,0,0.0,0,2321.8,27,0.0,0,0.0,0,0.0,0,0.0,0
2012-10-11T09:19:54.250,2321.6,10356,2321.4,17,0.0,0,0.0,0,0.0,0,0.0,0,2321.8,25,0.0,0,0.0,0,0.0,0,0.0,0
2012-10-11T09:19:55.000,2321.6,10357,2321.4,11,0.0,0,0.0,0,0.0,0,0.0,0,2321.6,3,0.0,0,0.0,0,0.0,0,0.0,0
2012-10-11T09:19:55.500,2321.6,10361,2321.6,4,0.0,0,0.0,0,0.0,0,0.0,0,2321.8,25,0.0,0,0.0,0,0.0,0,0.0,0
2012-10-11T09:19:56.000,2321.8,10362,2321.6,5,0.0,0,0.0,0,0.0,0,0.0,0,2321.8,24,0.0,0,0.0,0,0.0,0,0.0,0
2012-10-11T09:19:56.500,2321.8,10364,2321.6,11,0.0,0,0.0,0,0.0,0,0.0,0,2321.8,22,0.0,0,0.0,0,0.0,0,0.0,0
2012-10-11T09:19:57.000,2321.8,10370,2321.6,13,0.0,0,0.0,0,0.0,0,0.0,0,2321.8,19,0.0,0,0.0,0,0.0,0,0.0,0
2012-10-11T09:19:57.500,2321.8,10373,2321.6,13,0.0,0,0.0,0,0.0,0,0.0,0,2321.8,16,0.0,0,0.0,0,0.0,0,0.0,0
2012-10-11T09:19:58.250,2321.8,10427,2321.2,12,0.0,0,0.0,0,0.0,0,0.0,0,2321.8,14,0.0,0,0.0,0,0.0,0,0.0,0
2012-10-11T09:19:59.000,2321.6,10437,2321.6,3,0.0,0,0.0,0,0.0,0,0.0,0,2321.8,14,0.0,0,0.0,0,0.0,0,0.0,0
2012-10-11T09:19:59.500,2321.6,10442,2321.4,2,0.0,0,0.0,0,0.0,0,0.0,0,2321.6,4,0.0,0,0.0,0,0.0,0,0.0,0
2012-10-11T09:20:00.000,2321.6,10444,2321.4,9,0.0,0,0.0,0,0.0,0,0.0,0,2321.6,3,0.0,0,0.0,0,0.0,0,0.0,0
2012-10-11T09:20:00.500,2321.6,10460,2321.6,3,0.0,0,0.0,0,0.0,0,0.0,0,2321.8,16,0.0,0,0.0,0,0.0,0,0.0,0
2012-10-11T09:20:01.000,2321.6,10477,2321.2,10,0.0,0,0.0,0,0.0,0,0.0,0,2321.6,5,0.0,0,0.0,0,0.0,0,0.0,0
2012-10-11T09:20:01.500,2322,10519,2321.6,1,0.0,0,0.0,0,0.0,0,0.0,0,2322,83,0.0,0,0.0,0,0.0,0,0.0,0
2012-10-11T09:20:02.000,2321.8,10534,2321.8,12,0.0,0,0.0,0,0.0,0,0.0,0,2322,83,0.0,0,0.0,0,0.0,0,0.0,0
2012-10-11T09:20:02.500,2321.6,10558,2321.4,4,0.0,0,0.0,0,0.0,0,0.0,0,2321.6,1,0.0,0,0.0,0,0.0,0,0.0,0
2012-10-11T09:20:03.000,2321.6,10569,2321.6,4,0.0,0,0.0,0,0.0,0,0.0,0,2321.8,13,0.0,0,0.0,0,0.0,0,0.0,0
2012-10-11T09:20:03.500,2321.8,10572,2321.6,10,0.0,0,0.0,0,0.0,0,0.0,0,2321.8,14,0.0,0,0.0,0,0.0,0,0.0,0
2012-10-11T09:20:04.000,2321.6,10576,2321.6,12,0.0,0,0.0,0,0.0,0,0.0,0,2321.8,17,0.0,0,0.0,0,0.0,0,0.0,0
2012-10-11T09:20:04.500,2321.6,10635,2321.4,13,0.0,0,0.0,0,0.0,0,0.0,0,2321.6,1,0.0,0,0.0,0,0.0,0,0.0,0
2012-10-11T09:20:05.250,2321.4,10644,2321.4,10,0.0,0,0.0,0,0.0,0,0.0,0,2322,87,0.0,0,0.0,0,0.0,0,0.0,0
2012-10-11T09:20:06.000,2321.6,10645,2321.4,10,0.0,0,0.0,0,0.0,0,0.0,0,2321.8,8,0.0,0,0.0,0,0.0,0,0.0,0
2012-10-11T09:20:06.500,2321.8,10646,2321.6,2,0.0,0,0.0,0,0.0,0,0.0,0,2321.8,12,0.0,0,0.0,0,0.0,0,0.0,0
2012-10-11T09:20:07.000,2321.8,10647,2321.6,23,0.0,0,0.0,0,0.0,0,0.0,0,2321.8,13,0.0,0,0.0,0,0.0,0,0.0,0
2012-10-11T09:20:07.500,2321.6,10648,2321.6,23,0.0,0,0.0,0,0.0,0,0.0,0,2321.8,13,0.0,0,0.0,0,0.0,0,0.0,0
2012-10-11T09:20:08.000,2321.6,10654,2321.6,19,0.0,0,0.0,0,0.0,0,0.0,0,2321.8,11,0.0,0,0.0,0,0.0,0,0.0,0
2012-10-11T09:20:08.500,2321.8,10657,2321.6,18,0.0,0,0.0,0,0.0,0,0.0,0,2321.8,12,0.0,0,0.0,0,0.0,0,0.0,0
2012-10-11T09:20:09.250,2321.8,10679,2321.6,14,0.0,0,0.0,0,0.0,0,0.0,0,2321.8,2,0.0,0,0.0,0,0.0,0,0.0,0
2012-10-11T09:20:10.000,2321.8,10682,2321.6,14,0.0,0,0.0,0,0.0,0,0.0,0,2321.8,4,0.0,0,0.0,0,0.0,0,0.0,0
2012-10-11T09:20:10.500,2321.6,10697,2321.4,12,0.0,0,0.0,0,0.0,0,0.0,0,2321.6,36,0.0,0,0.0,0,0.0,0,0.0,0
2012-10-11T09:20:11.000,2321.6,10735,2321.4,4,0.0,0,0.0,0,0.0,0,0.0,0,2321.6,6,0.0,0,0.0,0,0.0,0,0.0,0
2012-10-11T09:20:11.500,2321.4,10743,2321.2,11,0.0,0,0.0,0,0.0,0,0.0,0,2321.4,15,0.0,0,0.0,0,0.0,0,0.0,0
2012-10-11T09:20:12.000,2321.4,10755,2321.2,11,0.0,0,0.0,0,0.0,0,0.0,0,2321.4,4,0.0,0,0.0,0,0.0,0,0.0,0
2012-10-11T09:20:12.500,2321.8,10776,2321.8,39,0.0,0,0.0,0,0.0,0,0.0,0,2322,96,0.0,0,0.0,0,0.0,0,0.0,0
2012-10-11T09:20:13.000,2322,10779,2321.8,41,0.0,0,0.0,0,0.0,0,0.0,0,2322,94,0.0,0,0.0,0,0.0,0,0.0,0
2012-10-11T09:20:13.500,2322,10832,2321.8,35,0.0,0,0.0,0,0.0,0,0.0,0,2322,50,0.0,0,0.0,0,0.0,0,0.0,0
2012-10-11T09:20:14.000,2322,10849,2321.8,33,0.0,0,0.0,0,0.0,0,0.0,0,2322,35,0.0,0,0.0,0,0.0,0,0.0,0
2012-10-11T09:20:14.500,2322,10886,2321.8,31,0.0,0,0.0,0,0.0,0,0.0,0,2322,2,0.0,0,0.0,0,0.0,0,0.0,0
2012-10-11T09:20:15.000,2322,10891,2322,3,0.0,0,0.0,0,0.0,0,0.0,0,2322.2,21,0.0,0,0.0,0,0.0,0,0.0,0
2012-10-11T09:20:15.500,2321.8,10898,2321.8,30,0.0,0,0.0,0,0.0,0,0.0,0,2322.2,18,0.0,0,0.0,0,0.0,0,0.0,0
2012-10-11T09:20:16.000,2322.2,10900,2322,5,0.0,0,0.0,0,0.0,0,0.0,0,2322.2,27,0.0,0,0.0,0,0.0,0,0.0,0
2012-10-11T09:20:16.500,2322.2,10911,2322,6,0.0,0,0.0,0,0.0,0,0.0,0,2322.2,22,0.0,0,0.0,0,0.0,0,0.0,0
2012-10-11T09:20:17.000,2322,10924,2322,3,0.0,0,0.0,0,0.0,0,0.0,0,2322.2,13,0.0,0,0.0,0,0.0,0,0.0,0
2012-10-11T09:20:17.500,2322.2,10935,2322,3,0.0,0,0.0,0,0.0,0,0.0,0,2322.2,3,0.0,0,0.0,0,0.0,0,0.0,0
2012-10-11T09:20:18.000,2322.2,10940,2322,9,0.0,0,0.0,0,0.0,0,0.0,0,2322.4,18,0.0,0,0.0,0,0.0,0,0.0,0
2012-10-11T09:20:18.500,2322.2,10941,2322.2,2,0.0,0,0.0,0,0.0,0,0.0,0,2322.4,15,0.0,0,0.0,0,0.0,0,0.0,0
2012-10-11T09:20:19.000,2322.4,10952,2322,8,0.0,0,0.0,0,0.0,0,0.0,0,2322.4,8,0.0,0,0.0,0,0.0,0,0.0,0
2012-10-11T09:20:19.500,2322.2,10958,2322.2,1,0.0,0,0.0,0,0.0,0,0.0,0,2322.4,5,0.0,0,0.0,0,0.0,0,0.0,0
2012-10-11T09:20:20.000,2322.2,10960,2322,7,0.0,0,0.0,0,0.0,0,0.0,0,2322.2,1,0.0,0,0.0,0,0.0,0,0.0,0
2012-10-11T09:20:20.500,2322.4,10968,2322.4,8,0.0,0,0.0,0,0.0,0,0.0,0,2322.6,21,0.0,0,0.0,0,0.0,0,0.0,0
2012-10-11T09:20:21.250,2322.4,10969,2322.4,14,0.0,0,0.0,0,0.0,0,0.0,0,2322.6,22,0.0,0,0.0,0,0.0,0,0.0,0
2012-10-11T09:20:22.000,2322.6,10976,2322.4,13,0.0,0,0.0,0,0.0,0,0.0,0,2322.6,18,0.0,0,0.0,0,0.0,0,0.0,0
2012-10-11T09:20:22.500,2322.6,10983,2322.4,9,0.0,0,0.0,0,0.0,0,0.0,0,2322.6,20,0.0,0,0.0,0,0.0,0,0.0,0
2012-10-11T09:20:23.000,2322.6,11000,2322.4,3,0.0,0,0.0,0,0.0,0,0.0,0,2322.6,9,0.0,0,0.0,0,0.0,0,0.0,0
2012-10-11T09:20:23.500,2322.4,11009,2322.4,3,0.0,0,0.0,0,0.0,0,0.0,0,2322.6,3,0.0,0,0.0,0,0.0,0,0.0,0
2012-10-11T09:20:24.000,2322.8,11025,2322.6,4,0.0,0,0.0,0,0.0,0,0.0,0,2322.8,20,0.0,0,0.0,0,0.0,0,0.0,0
2012-10-11T09:20:24.500,2322.8,11043,2322.6,6,0.0,0,0.0,0,0.0,0,0.0,0,2322.8,9,0.0,0,0.0,0,0.0,0,0.0,0
2012-10-11T09:20:25.000,2322.8,11049,2322.6,5,0.0,0,0.0,0,0.0,0,0.0,0,2322.8,4,0.0,0,0.0,0,0.0,0,0.0,0
2012-10-11T09:20:25.500,2322.6,11060,2322.8,12,0.0,0,0.0,0,0.0,0,0.0,0,2323,125,0.0,0,0.0,0,0.0,0,0.0,0
2012-10-11T09:20:26.000,2322.8,11067,2322.8,13,0.0,0,0.0,0,0.0,0,0.0,0,2323,120,0.0,0,0.0,0,0.0,0,0.0,0
2012-10-11T09:20:26.500,2322.8,11098,2322.8,2,0.0,0,0.0,0,0.0,0,0.0,0,2323,104,0.0,0,0.0,0,0.0,0,0.0,0
2012-10-11T09:20:27.000,2322.8,11108,2322.6,4,0.0,0,0.0,0,0.0,0,0.0,0,2322.8,2,0.0,0,0.0,0,0.0,0,0.0,0
2012-10-11T09:20:27.500,2322.8,11115,2322.6,5,0.0,0,0.0,0,0.0,0,0.0,0,2322.8,1,0.0,0,0.0,0,0.0,0,0.0,0
2012-10-11T09:20:28.000,2322.8,11128,2322.6,3,0.0,0,0.0,0,0.0,0,0.0,0,2322.8,2,0.0,0,0.0,0,0.0,0,0.0,0
2012-10-11T09:20:28.500,2323,11135,2322.8,2,0.0,0,0.0,0,0.0,0,0.0,0,2323,90,0.0,0,0.0,0,0.0,0,0.0,0
2012-10-11T09:20:29.000,2322.8,11142,2322.8,1,0.0,0,0.0,0,0.0,0,0.0,0,2323,99,0.0,0,0.0,0,0.0,0,0.0,0
2012-10-11T09:20:29.500,2323,11144,2322.6,9,0.0,0,0.0,0,0.0,0,0.0,0,2322.8,2,0.0,0,0.0,0,0.0,0,0.0,0
2012-10-11T09:20:30.000,2322.8,11157,2322.8,14,0.0,0,0.0,0,0.0,0,0.0,0,2323,95,0.0,0,0.0,0,0.0,0,0.0,0
2012-10-11T09:20:30.500,2323,11205,2322.8,20,0.0,0,0.0,0,0.0,0,0.0,0,2323,50,0.0,0,0.0,0,0.0,0,0.0,0
2012-10-11T09:20:31.000,2322.8,11241,2322.8,17,0.0,0,0.0,0,0.0,0,0.0,0,2323,18,0.0,0,0.0,0,0.0,0,0.0,0
2012-10-11T09:20:31.500,2323,11261,2323,15,0.0,0,0.0,0,0.0,0,0.0,0,2323.2,17,0.0,0,0.0,0,0.0,0,0.0,0
2012-10-11T09:20:32.000,2323.2,11280,2323,10,0.0,0,0.0,0,0.0,0,0.0,0,2323.2,4,0.0,0,0.0,0,0.0,0,0.0,0
2012-10-11T09:20:32.500,2323,11293,2323,3,0.0,0,0.0,0,0.0,0,0.0,0,2323.4,11,0.0,0,0.0,0,0.0,0,0.0,0
2012-10-11T09:20:33.000,2323.2,11305,2323,3,0.0,0,0.0,0,0.0,0,0.0,0,2323.2,4,0.0,0,0.0,0,0.0,0,0.0,0
2012-10-11T09:20:33.500,2323.2,11320,2323,1,0.0,0,0.0,0,0.0,0,0.0,0,2323.4,15,0.0,0,0.0,0,0.0,0,0.0,0
2012-10-11T09:20:34.000,2323.4,11327,2323.2,13,0.0,0,0.0,0,0.0,0,0.0,0,2323.4,14,0.0,0,0.0,0,0.0,0,0.0,0
2012-10-11T09:20:34.500,2323.4,11356,2323.4,4,0.0,0,0.0,0,0.0,0,0.0,0,2323.6,44,0.0,0,0.0,0,0.0,0,0.0,0
2012-10-11T09:20:35.000,2323.6,11365,2323.4,6,0.0,0,0.0,0,0.0,0,0.0,0,2323.6,36,0.0,0,0.0,0,0.0,0,0.0,0
2012-10-11T09:20:35.500,2323.4,11387,2323.2,2,0.0,0,0.0,0,0.0,0,0.0,0,2323.4,3,0.0,0,0.0,0,0.0,0,0.0,0
2012-10-11T09:20:36.000,2323.2,11393,2323,11,0.0,0,0.0,0,0.0,0,0.0,0,2323.2,1,0.0,0,0.0,0,0.0,0,0.0,0
2012-10-11T09:20:36.500,2323.6,11410,2323.4,11,0.0,0,0.0,0,0.0,0,0.0,0,2323.6,30,0.0,0,0.0,0,0.0,0,0.0,0
2012-10-11T09:20:37.000,2323.6,11423,2323.4,8,0.0,0,0.0,0,0.0,0,0.0,0,2323.6,40,0.0,0,0.0,0,0.0,0,0.0,0
2012-10-11T09:20:37.500,2323.4,11434,2323.2,23,0.0,0,0.0,0,0.0,0,0.0,0,2323.4,3,0.0,0,0.0,0,0.0,0,0.0,0
2012-10-11T09:20:38.000,2323.4,11447,2323.4,37,0.0,0,0.0,0,0.0,0,0.0,0,2323.6,35,0.0,0,0.0,0,0.0,0,0.0,0
2012-10-11T09:20:38.500,2323.4,11468,2323.4,25,0.0,0,0.0,0,0.0,0,0.0,0,2323.6,35,0.0,0,0.0,0,0.0,0,0.0,0
2012-10-11T09:20:39.000,2323.2,11533,2323.2,5,0.0,0,0.0,0,0.0,0,0.0,0,2323.6,21,0.0,0,0.0,0,0.0,0,0.0,0
2012-10-11T09:20:39.500,2323.4,11541,2323.2,10,0.0,0,0.0,0,0.0,0,0.0,0,2323.4,2,0.0,0,0.0,0,0.0,0,0.0,0
2012-10-11T09:20:40.000,2323.2,11549,2323.2,4,0.0,0,0.0,0,0.0,0,0.0,0,2323.4,9,0.0,0,0.0,0,0.0,0,0.0,0
2012-10-11T09:20:40.500,2323.2,11553,2323.2,2,0.0,0,0.0,0,0.0,0,0.0,0,2323.4,11,0.0,0,0.0,0,0.0,0,0.0,0
2012-10-11T09:20:41.000,2323.2,11557,2323,25,0.0,0,0.0,0,0.0,0,0.0,0,2323.2,7,0.0,0,0.0,0,0.0,0,0.0,0
2012-10-11T09:20:41.500,2323.2,11565,2323,26,0.0,0,0.0,0,0.0,0,0.0,0,2323.2,6,0.0,0,0.0,0,0.0,0,0.0,0
2012-10-11T09:20:42.000,2323,11573,2323,26,0.0,0,0.0,0,0.0,0,0.0,0,2323.2,5,0.0,0,0.0,0,0.0,0,0.0,0
2012-10-11T09:20:42.500,2323,11602,2322.8,25,0.0,0,0.0,0,0.0,0,0.0,0,2323,1,0.0,0,0.0,0,0.0,0,0.0,0
2012-10-11T09:20:43.000,2323,11607,2322.8,24,0.0,0,0.0,0,0.0,0,0.0,0,2323,4,0.0,0,0.0,0,0.0,0,0.0,0
2012-10-11T09:20:43.500,2322.8,11610,2322.8,23,0.0,0,0.0,0,0.0,0,0.0,0,2323,4,0.0,0,0.0,0,0.0,0,0.0,0
2012-10-11T09:20:44.000,2322.8,11629,2322.8,8,0.0,0,0.0,0,0.0,0,0.0,0,2323,8,0.0,0,0.0,0,0.0,0,0.0,0
2012-10-11T09:20:44.500,2322.8,11643,2322.6,9,0.0,0,0.0,0,0.0,0,0.0,0,2322.8,11,0.0,0,0.0,0,0.0,0,0.0,0
2012-10-11T09:20:45.000,2322.8,11645,2322.6,7,0.0,0,0.0,0,0.0,0,0.0,0,2322.8,10,0.0,0,0.0,0,0.0,0,0.0,0
2012-10-11T09:20:45.500,2322.6,11664,2322.4,12,0.0,0,0.0,0,0.0,0,0.0,0,2322.6,45,0.0,0,0.0,0,0.0,0,0.0,0
2012-10-11T09:20:46.000,2322.4,11670,2322.4,29,0.0,0,0.0,0,0.0,0,0.0,0,2322.6,43,0.0,0,0.0,0,0.0,0,0.0,0
2012-10-11T09:20:46.500,2322.6,11690,2322.4,11,0.0,0,0.0,0,0.0,0,0.0,0,2322.6,42,0.0,0,0.0,0,0.0,0,0.0,0
2012-10-11T09:20:47.000,2322.4,11694,2322.4,10,0.0,0,0.0,0,0.0,0,0.0,0,2322.6,40,0.0,0,0.0,0,0.0,0,0.0,0
2012-10-11T09:20:47.500,2322.6,11699,2322.4,6,0.0,0,0.0,0,0.0,0,0.0,0,2322.6,39,0.0,0,0.0,0,0.0,0,0.0,0
2012-10-11T09:20:48.000,2322.4,11701,2322.4,10,0.0,0,0.0,0,0.0,0,0.0,0,2322.6,39,0.0,0,0.0,0,0.0,0,0.0,0
2012-10-11T09:20:48.500,2322.6,11705,2322.4,22,0.0,0,0.0,0,0.0,0,0.0,0,2322.6,38,0.0,0,0.0,0,0.0,0,0.0,0
2012-10-11T09:20:49.000,2322.6,11716,2322.4,18,0.0,0,0.0,0,0.0,0,0.0,0,2322.6,31,0.0,0,0.0,0,0.0,0,0.0,0
2012-10-11T09:20:49.500,2322.6,11728,2322.4,17,0.0,0,0.0,0,0.0,0,0.0,0,2322.6,20,0.0,0,0.0,0,0.0,0,0.0,0
2012-10-11T09:20:50.000,2322.6,11732,2322.4,17,0.0,0,0.0,0,0.0,0,0.0,0,2322.6,18,0.0,0,0.0,0,0.0,0,0.0,0
2012-10-11T09:20:50.500,2322.4,11738,2322.4,16,0.0,0,0.0,0,0.0,0,0.0,0,2322.6,14,0.0,0,0.0,0,0.0,0,0.0,0
2012-10-11T09:20:51.000,2322.4,11744,2322.4,14,0.0,0,0.0,0,0.0,0,0.0,0,2322.6,12,0.0,0,0.0,0,0.0,0,0.0,0
2012-10-11T09:20:51.500,2322.4,11746,2322.4,14,0.0,0,0.0,0,0.0,0,0.0,0,2322.6,11,0.0,0,0.0,0,0.0,0,0.0,0
2012-10-11T09:20:52.000,2322.6,11750,2322.4,16,0.0,0,0.0,0,0.0,0,0.0,0,2322.6,8,0.0,0,0.0,0,0.0,0,0.0,0
2012-10-11T09:20:52.500,2322.6,11751,2322.4,19,0.0,0,0.0,0,0.0,0,0.0,0,2322.6,7,0.0,0,0.0,0,0.0,0,0.0,0
2012-10-11T09:20:53.000,2322.4,11753,2322.4,19,0.0,0,0.0,0,0.0,0,0.0,0,2322.6,8,0.0,0,0.0,0,0.0,0,0.0,0
2012-10-11T09:20:53.500,2322.4,11758,2322.4,20,0.0,0,0.0,0,0.0,0,0.0,0,2322.6,7,0.0,0,0.0,0,0.0,0,0.0,0
2012-10-11T09:20:54.000,2322.4,11760,2322.4,22,0.0,0,0.0,0,0.0,0,0.0,0,2322.6,7,0.0,0,0.0,0,0.0,0,0.0,0
2012-10-11T09:20:54.500,2322.6,11761,2322.4,21,0.0,0,0.0,0,0.0,0,0.0,0,2322.6,6,0.0,0,0.0,0,0.0,0,0.0,0
2012-10-11T09:20:55.000,2322.6,11765,2322.4,19,0.0,0,0.0,0,0.0,0,0.0,0,2322.6,4,0.0,0,0.0,0,0.0,0,0.0,0
2012-10-11T09:20:55.500,2322.4,11769,2322.4,20,0.0,0,0.0,0,0.0,0,0.0,0,2322.6,1,0.0,0,0.0,0,0.0,0,0.0,0
2012-10-11T09:20:56.250,2322.6,11770,2322.4,20,0.0,0,0.0,0,0.0,0,0.0,0,2322.6,21,0.0,0,0.0,0,0.0,0,0.0,0
2012-10-11T09:20:57.000,2322.4,11794,2322.2,23,0.0,0,0.0,0,0.0,0,0.0,0,2322.4,6,0.0,0,0.0,0,0.0,0,0.0,0
2012-10-11T09:20:57.500,2322.2,11795,2322.2,22,0.0,0,0.0,0,0.0,0,0.0,0,2322.4,6,0.0,0,0.0,0,0.0,0,0.0,0
2012-10-11T09:20:58.000,2322.2,11802,2322.2,17,0.0,0,0.0,0,0.0,0,0.0,0,2322.4,12,0.0,0,0.0,0,0.0,0,0.0,0
2012-10-11T09:20:58.500,2322.4,11810,2322.2,17,0.0,0,0.0,0,0.0,0,0.0,0,2322.4,9,0.0,0,0.0,0,0.0,0,0.0,0
2012-10-11T09:20:59.000,2322.2,11827,2322.2,2,0.0,0,0.0,0,0.0,0,0.0,0,2322.4,8,0.0,0,0.0,0,0.0,0,0.0,0
2012-10-11T09:20:59.500,2322,11834,2322,18,0.0,0,0.0,0,0.0,0,0.0,0,2322.4,8,0.0,0,0.0,0,0.0,0,0.0,0
2012-10-11T09:21:00.000,2322.4,11835,2322,18,0.0,0,0.0,0,0.0,0,0.0,0,2322.4,8,0.0,0,0.0,0,0.0,0,0.0,0
2012-10-11T09:21:00.500,2322.2,11843,2322.2,2,0.0,0,0.0,0,0.0,0,0.0,0,2322.4,5,0.0,0,0.0,0,0.0,0,0.0,0
2012-10-11T09:21:01.000,2322.2,11850,2322,16,0.0,0,0.0,0,0.0,0,0.0,0,2322.2,3,0.0,0,0.0,0,0.0,0,0.0,0
2012-10-11T09:21:01.500,2322,11868,2322,17,0.0,0,0.0,0,0.0,0,0.0,0,2322.4,5,0.0,0,0.0,0,0.0,0,0.0,0
2012-10-11T09:21:02.000,2322.4,11878,2322,13,0.0,0,0.0,0,0.0,0,0.0,0,2322.6,27,0.0,0,0.0,0,0.0,0,0.0,0
2012-10-11T09:21:02.500,2322.2,11886,2322,10,0.0,0,0.0,0,0.0,0,0.0,0,2322.6,28,0.0,0,0.0,0,0.0,0,0.0,0
2012-10-11T09:21:03.000,2322.2,11891,2322,12,0.0,0,0.0,0,0.0,0,0.0,0,2322.4,49,0.0,0,0.0,0,0.0,0,0.0,0
2012-10-11T09:21:03.500,2322,11897,2322,7,0.0,0,0.0,0,0.0,0,0.0,0,2322.4,49,0.0,0,0.0,0,0.0,0,0.0,0
2012-10-11T09:21:04.000,2322.2,11906,2322,11,0.0,0,0.0,0,0.0,0,0.0,0,2322.4,46,0.0,0,0.0,0,0.0,0,0.0,0
2012-10-11T09:21:04.500,2322.4,11921,2322,4,0.0,0,0.0,0,0.0,0,0.0,0,2322.4,41,0.0,0,0.0,0,0.0,0,0.0,0
2012-10-11T09:21:05.000,2322,11933,2322,6,0.0,0,0.0,0,0.0,0,0.0,0,2322.2,5,0.0,0,0.0,0,0.0,0,0.0,0
2012-10-11T09:21:05.500,2322,11941,2322,3,0.0,0,0.0,0,0.0,0,0.0,0,2322.2,1,0.0,0,0.0,0,0.0,0,0.0,0
2012-10-11T09:21:06.000,2322,11944,2322.2,1,0.0,0,0.0,0,0.0,0,0.0,0,2322.4,31,0.0,0,0.0,0,0.0,0,0.0,0
2012-10-11T09:21:06.500,2322,11951,2321.8,32,0.0,0,0.0,0,0.0,0,0.0,0,2322,3,0.0,0,0.0,0,0.0,0,0.0,0
2012-10-11T09:21:07.000,2322,11955,2322,1,0.0,0,0.0,0,0.0,0,0.0,0,2322.2,2,0.0,0,0.0,0,0.0,0,0.0,0
2012-10-11T09:21:07.500,2322.2,11957,2322,5,0.0,0,0.0,0,0.0,0,0.0,0,2322.2,3,0.0,0,0.0,0,0.0,0,0.0,0
2012-10-11T09:21:08.000,2322,11961,2322,14,0.0,0,0.0,0,0.0,0,0.0,0,2322.4,23,0.0,0,0.0,0,0.0,0,0.0,0
2012-10-11T09:21:08.500,2322.2,11963,2322,17,0.0,0,0.0,0,0.0,0,0.0,0,2322.4,28,0.0,0,0.0,0,0.0,0,0.0,0
2012-10-11T09:21:09.000,2322,11964,2322,17,0.0,0,0.0,0,0.0,0,0.0,0,2322.4,28,0.0,0,0.0,0,0.0,0,0.0,0
2012-10-11T09:21:09.500,2322,11968,2322,13,0.0,0,0.0,0,0.0,0,0.0,0,2322.2,1,0.0,0,0.0,0,0.0,0,0.0,0
2012-10-11T09:21:10.000,2322,11971,2322,10,0.0,0,0.0,0,0.0,0,0.0,0,2322.2,1,0.0,0,0.0,0,0.0,0,0.0,0
2012-10-11T09:21:10.500,2322.2,11974,2322.2,9,0.0,0,0.0,0,0.0,0,0.0,0,2322.4,28,0.0,0,0.0,0,0.0,0,0.0,0
2012-10-11T09:21:11.000,2322.2,11979,2322.2,4,0.0,0,0.0,0,0.0,0,0.0,0,2322.4,36,0.0,0,0.0,0,0.0,0,0.0,0
2012-10-11T09:21:11.500,2322.4,11980,2322.2,4,0.0,0,0.0,0,0.0,0,0.0,0,2322.4,37,0.0,0,0.0,0,0.0,0,0.0,0
2012-10-11T09:21:12.000,2322.2,11983,2322.2,2,0.0,0,0.0,0,0.0,0,0.0,0,2322.4,26,0.0,0,0.0,0,0.0,0,0.0,0
2012-10-11T09:21:12.500,2322.4,11986,2322.2,1,0.0,0,0.0,0,0.0,0,0.0,0,2322.4,24,0.0,0,0.0,0,0.0,0,0.0,0
2012-10-11T09:21:13.000,2322.4,11987,2322.2,1,0.0,0,0.0,0,0.0,0,0.0,0,2322.4,24,0.0,0,0.0,0,0.0,0,0.0,0
2012-10-11T09:21:13.500,2322.2,11988,2322,14,0.0,0,0.0,0,0.0,0,0.0,0,2322.4,24,0.0,0,0.0,0,0.0,0,0.0,0
2012-10-11T09:21:14.000,2322.2,11990,2322,16,0.0,0,0.0,0,0.0,0,0.0,0,2322.4,23,0.0,0,0.0,0,0.0,0,0.0,0
2012-10-11T09:21:14.500,2322.2,11992,2322,16,0.0,0,0.0,0,0.0,0,0.0,0,2322.2,1,0.0,0,0.0,0,0.0,0,0.0,0
2012-10-11T09:21:15.000,2322,12000,2322,10,0.0,0,0.0,0,0.0,0,0.0,0,2322.2,1,0.0,0,0.0,0,0.0,0,0.0,0
2012-10-11T09:21:15.500,2322.2,12001,2322,10,0.0,0,0.0,0,0.0,0,0.0,0,2322.2,9,0.0,0,0.0,0,0.0,0,0.0,0
2012-10-11T09:21:16.000,2322,12003,2322,12,0.0,0,0.0,0,0.0,0,0.0,0,2322.2,20,0.0,0,0.0,0,0.0,0,0.0,0
2012-10-11T09:21:16.500,2322,12015,2321.8,40,0.0,0,0.0,0,0.0,0,0.0,0,2322,10,0.0,0,0.0,0,0.0,0,0.0,0
2012-10-11T09:21:17.000,2321.8,12038,2321.8,17,0.0,0,0.0,0,0.0,0,0.0,0,2322,18,0.0,0,0.0,0,0.0,0,0.0,0
2012-10-11T09:21:17.500,2322,12046,2321.8,15,0.0,0,0.0,0,0.0,0,0.0,0,2322,17,0.0,0,0.0,0,0.0,0,0.0,0
2012-10-11T09:21:18.000,2321.8,12063,2321.6,9,0.0,0,0.0,0,0.0,0,0.0,0,2321.8,3,0.0,0,0.0,0,0.0,0,0.0,0
2012-10-11T09:21:18.500,2321.6,12068,2321.6,6,0.0,0,0.0,0,0.0,0,0.0,0,2321.8,5,0.0,0,0.0,0,0.0,0,0.0,0
2012-10-11T09:21:19.000,2321.6,12071,2321.6,5,0.0,0,0.0,0,0.0,0,0.0,0,2321.8,13,0.0,0,0.0,0,0.0,0,0.0,0
2012-10-11T09:21:19.500,2321.6,12075,2321.6,2,0.0,0,0.0,0,0.0,0,0.0,0,2321.8,20,0.0,0,0.0,0,0.0,0,0.0,0
2012-10-11T09:21:20.250,2321.6,12078,2321.4,13,0.0,0,0.0,0,0.0,0,0.0,0,2321.6,21,0.0,0,0.0,0,0.0,0,0.0,0
2012-10-11T09:21:21.000,2321.4,12080,2321.4,11,0.0,0,0.0,0,0.0,0,0.0,0,2321.6,23,0.0,0,0.0,0,0.0,0,0.0,0
2012-10-11T09:21:21.500,2321.4,12085,2321.4,17,0.0,0,0.0,0,0.0,0,0.0,0,2321.6,23,0.0,0,0.0,0,0.0,0,0.0,0
2012-10-11T09:21:22.000,2321.4,12091,2321.4,14,0.0,0,0.0,0,0.0,0,0.0,0,2321.6,23,0.0,0,0.0,0,0.0,0,0.0,0
2012-10-11T09:21:22.500,2321.4,12095,2321.4,12,0.0,0,0.0,0,0.0,0,0.0,0,2321.6,23,0.0,0,0.0,0,0.0,0,0.0,0
2012-10-11T09:21:23.000,2321.4,12109,2321.4,1,0.0,0,0.0,0,0.0,0,0.0,0,2321.6,21,0.0,0,0.0,0,0.0,0,0.0,0
2012-10-11T09:21:23.500,2321.4,12110,2321.2,17,0.0,0,0.0,0,0.0,0,0.0,0,2321.4,2,0.0,0,0.0,0,0.0,0,0.0,0
2012-10-11T09:21:24.000,2321.4,12111,2321.2,17,0.0,0,0.0,0,0.0,0,0.0,0,2321.4,7,0.0,0,0.0,0,0.0,0,0.0,0
2012-10-11T09:21:24.500,2321.4,12116,2321.2,16,0.0,0,0.0,0,0.0,0,0.0,0,2321.4,14,0.0,0,0.0,0,0.0,0,0.0,0
2012-10-11T09:21:25.000,2321.2,12119,2321.2,14,0.0,0,0.0,0,0.0,0,0.0,0,2321.4,14,0.0,0,0.0,0,0.0,0,0.0,0
2012-10-11T09:21:25.500,2321.2,12128,2321.2,6,0.0,0,0.0,0,0.0,0,0.0,0,2321.4,14,0.0,0,0.0,0,0.0,0,0.0,0
2012-10-11T09:21:26.000,2321.2,12135,2321.2,5,0.0,0,0.0,0,0.0,0,0.0,0,2321.4,12,0.0,0,0.0,0,0.0,0,0.0,0
2012-10-11T09:21:26.500,2321.2,12223,2321,47,0.0,0,0.0,0,0.0,0,0.0,0,2321.2,12,0.0,0,0.0,0,0.0,0,0.0,0
2012-10-11T09:21:27.000,2321,12228,2321,43,0.0,0,0.0,0,0.0,0,0.0,0,2321.2,16,0.0,0,0.0,0,0.0,0,0.0,0
2012-10-11T09:21:27.500,2321,12233,2321,41,0.0,0,0.0,0,0.0,0,0.0,0,2321.2,21,0.0,0,0.0,0,0.0,0,0.0,0
2012-10-11T09:21:28.000,2321,12247,2321,26,0.0,0,0.0,0,0.0,0,0.0,0,2321.2,19,0.0,0,0.0,0,0.0,0,0.0,0
2012-10-11T09:21:28.500,2321,12254,2321,19,0.0,0,0.0,0,0.0,0,0.0,0,2321.2,20,0.0,0,0.0,0,0.0,0,0.0,0
2012-10-11T09:21:29.000,2321,12263,2321,13,0.0,0,0.0,0,0.0,0,0.0,0,2321.2,15,0.0,0,0.0,0,0.0,0,0.0,0
2012-10-11T09:21:29.500,2321,12272,2321,7,0.0,0,0.0,0,0.0,0,0.0,0,2321.2,14,0.0,0,0.0,0,0.0,0,0.0,0
2012-10-11T09:21:30.000,2321,12287,2320.8,38,0.0,0,0.0,0,0.0,0,0.0,0,2321,3,0.0,0,0.0,0,0.0,0,0.0,0
2012-10-11T09:21:30.500,2320.8,12291,2320.8,37,0.0,0,0.0,0,0.0,0,0.0,0,2321,7,0.0,0,0.0,0,0.0,0,0.0,0
2012-10-11T09:21:31.000,2320.8,12305,2320.8,33,0.0,0,0.0,0,0.0,0,0.0,0,2321.2,14,0.0,0,0.0,0,0.0,0,0.0,0
2012-10-11T09:21:31.500,2321,12312,2320.8,32,0.0,0,0.0,0,0.0,0,0.0,0,2321.2,12,0.0,0,0.0,0,0.0,0,0.0,0
2012-10-11T09:21:32.000,2320.8,12334,2320.8,13,0.0,0,0.0,0,0.0,0,0.0,0,2321.2,11,0.0,0,0.0,0,0.0,0,0.0,0
2012-10-11T09:21:32.500,2320.8,12345,2320.8,2,0.0,0,0.0,0,0.0,0,0.0,0,2321.2,11,0.0,0,0.0,0,0.0,0,0.0,0
2012-10-11T09:21:33.000,2321,12350,2320.8,3,0.0,0,0.0,0,0.0,0,0.0,0,2321.2,8,0.0,0,0.0,0,0.0,0,0.0,0
2012-10-11T09:21:33.500,2321.2,12354,2320.8,3,0.0,0,0.0,0,0.0,0,0.0,0,2321.2,5,0.0,0,0.0,0,0.0,0,0.0,0
2012-10-11T09:21:34.000,2320.6,12360,2320.8,1,0.0,0,0.0,0,0.0,0,0.0,0,2321,1,0.0,0,0.0,0,0.0,0,0.0,0
2012-10-11T09:21:34.500,2320.6,12370,2320.6,25,0.0,0,0.0,0,0.0,0,0.0,0,2321.2,5,0.0,0,0.0,0,0.0,0,0.0,0
2012-10-11T09:21:35.000,2320.8,12375,2320.8,19,0.0,0,0.0,0,0.0,0,0.0,0,2321.2,6,0.0,0,0.0,0,0.0,0,0.0,0
2012-10-11T09:21:35.500,2321,12387,2320.8,19,0.0,0,0.0,0,0.0,0,0.0,0,2321.2,4,0.0,0,0.0,0,0.0,0,0.0,0
2012-10-11T09:21:36.000,2321,12393,2320.8,26,0.0,0,0.0,0,0.0,0,0.0,0,2321,1,0.0,0,0.0,0,0.0,0,0.0,0
2012-10-11T09:21:36.500,2321,12403,2320.8,21,0.0,0,0.0,0,0.0,0,0.0,0,2321.2,4,0.0,0,0.0,0,0.0,0,0.0,0
2012-10-11T09:21:37.000,2321,12417,2321,7,0.0,0,0.0,0,0.0,0,0.0,0,2321.4,8,0.0,0,0.0,0,0.0,0,0.0,0
2012-10-11T09:21:37.500,2321,12426,2321,1,0.0,0,0.0,0,0.0,0,0.0,0,2321.4,5,0.0,0,0.0,0,0.0,0,0.0,0
2012-10-11T09:21:38.000,2321,12433,2321,16,0.0,0,0.0,0,0.0,0,0.0,0,2321.4,1,0.0,0,0.0,0,0.0,0,0.0,0
2012-10-11T09:21:38.500,2321,12437,2321,19,0.0,0,0.0,0,0.0,0,0.0,0,2321.4,1,0.0,0,0.0,0,0.0,0,0.0,0
2012-10-11T09:21:39.000,2321,12441,2321,18,0.0,0,0.0,0,0.0,0,0.0,0,2321.2,5,0.0,0,0.0,0,0.0,0,0.0,0
2012-10-11T09:21:39.500,2321.2,12457,2321.2,6,0.0,0,0.0,0,0.0,0,0.0,0,2321.6,5,0.0,0,0.0,0,0.0,0,0.0,0
2012-10-11T09:21:40.000,2321.8,12471,2321.2,3,0.0,0,0.0,0,0.0,0,0.0,0,2321.6,5,0.0,0,0.0,0,0.0,0,0.0,0
2012-10-11T09:21:40.500,2321.2,12476,2321.2,1,0.0,0,0.0,0,0.0,0,0.0,0,2321.4,6,0.0,0,0.0,0,0.0,0,0.0,0
2012-10-11T09:21:41.000,2321.2,12481,2321.2,3,0.0,0,0.0,0,0.0,0,0.0,0,2321.4,4,0.0,0,0.0,0,0.0,0,0.0,0
2012-10-11T09:21:41.500,2321.2,12483,2321.2,1,0.0,0,0.0,0,0.0,0,0.0,0,2321.4,4,0.0,0,0.0,0,0.0,0,0.0,0
2012-10-11T09:21:42.250,2321.2,12484,2321,10,0.0,0,0.0,0,0.0,0,0.0,0,2321.4,4,0.0,0,0.0,0,0.0,0,0.0,0
2012-10-11T09:21:43.000,2321.2,12485,2321.2,1,0.0,0,0.0,0,0.0,0,0.0,0,2321.4,5,0.0,0,0.0,0,0.0,0,0.0,0
2012-10-11T09:21:43.500,2321.4,12490,2321.4,16,0.0,0,0.0,0,0.0,0,0.0,0,2321.6,11,0.0,0,0.0,0,0.0,0,0.0,0
2012-10-11T09:21:44.250,2321.2,12511,2321,9,0.0,0,0.0,0,0.0,0,0.0,0,2321.2,27,0.0,0,0.0,0,0.0,0,0.0,0
2012-10-11T09:21:45.250,2321.2,12515,2321,13,0.0,0,0.0,0,0.0,0,0.0,0,2321.2,23,0.0,0,0.0,0,0.0,0,0.0,0
2012-10-11T09:21:46.000,2321.2,12534,2321,13,0.0,0,0.0,0,0.0,0,0.0,0,2321.2,6,0.0,0,0.0,0,0.0,0,0.0,0
2012-10-11T09:21:46.500,2321,12537,2321,14,0.0,0,0.0,0,0.0,0,0.0,0,2321.2,6,0.0,0,0.0,0,0.0,0,0.0,0
2012-10-11T09:21:47.000,2321,12541,2321,17,0.0,0,0.0,0,0.0,0,0.0,0,2321.2,7,0.0,0,0.0,0,0.0,0,0.0,0
2012-10-11T09:21:47.500,2321.2,12543,2321,16,0.0,0,0.0,0,0.0,0,0.0,0,2321.2,6,0.0,0,0.0,0,0.0,0,0.0,0
2012-10-11T09:21:48.000,2321,12549,2321,14,0.0,0,0.0,0,0.0,0,0.0,0,2321.2,2,0.0,0,0.0,0,0.0,0,0.0,0
2012-10-11T09:21:48.500,2321,12550,2321,14,0.0,0,0.0,0,0.0,0,0.0,0,2321.2,2,0.0,0,0.0,0,0.0,0,0.0,0
2012-10-11T09:21:49.000,2321,12551,2321,13,0.0,0,0.0,0,0.0,0,0.0,0,2321.2,3,0.0,0,0.0,0,0.0,0,0.0,0
2012-10-11T09:21:49.500,2321.2,12554,2321.2,2,0.0,0,0.0,0,0.0,0,0.0,0,2321.4,2,0.0,0,0.0,0,0.0,0,0.0,0
2012-10-11T09:21:50.000,2321.2,12555,2321.2,1,0.0,0,0.0,0,0.0,0,0.0,0,2321.4,2,0.0,0,0.0,0,0.0,0,0.0,0
2012-10-11T09:21:50.500,2321,12564,2321,9,0.0,0,0.0,0,0.0,0,0.0,0,2321.4,2,0.0,0,0.0,0,0.0,0,0.0,0
2012-10-11T09:21:51.000,2321.4,12566,2321,10,0.0,0,0.0,0,0.0,0,0.0,0,2321.2,3,0.0,0,0.0,0,0.0,0,0.0,0
2012-10-11T09:21:51.500,2321.2,12568,2321,9,0.0,0,0.0,0,0.0,0,0.0,0,2321.2,10,0.0,0,0.0,0,0.0,0,0.0,0
2012-10-11T09:21:52.000,2321.2,12570,2321,9,0.0,0,0.0,0,0.0,0,0.0,0,2321.2,9,0.0,0,0.0,0,0.0,0,0.0,0
2012-10-11T09:21:52.500,2321,12577,2321,15,0.0,0,0.0,0,0.0,0,0.0,0,2321.2,6,0.0,0,0.0,0,0.0,0,0.0,0
2012-10-11T09:21:53.250,2321.2,12580,2321,15,0.0,0,0.0,0,0.0,0,0.0,0,2321.2,4,0.0,0,0.0,0,0.0,0,0.0,0
2012-10-11T09:21:54.000,2321.2,12581,2321,16,0.0,0,0.0,0,0.0,0,0.0,0,2321.2,3,0.0,0,0.0,0,0.0,0,0.0,0
2012-10-11T09:21:54.500,2321.2,12582,2321,16,0.0,0,0.0,0,0.0,0,0.0,0,2321.2,2,0.0,0,0.0,0,0.0,0,0.0,0
2012-10-11T09:21:55.000,2321.2,12583,2321,16,0.0,0,0.0,0,0.0,0,0.0,0,2321.2,1,0.0,0,0.0,0,0.0,0,0.0,0
2012-10-11T09:21:55.500,2321.2,12585,2321.2,4,0.0,0,0.0,0,0.0,0,0.0,0,2321.4,3,0.0,0,0.0,0,0.0,0,0.0,0
2012-10-11T09:21:56.250,2321.2,12589,2321.2,1,0.0,0,0.0,0,0.0,0,0.0,0,2321.4,3,0.0,0,0.0,0,0.0,0,0.0,0
2012-10-11T09:21:57.000,2321.6,12595,2321.2,1,0.0,0,0.0,0,0.0,0,0.0,0,2321.6,11,0.0,0,0.0,0,0.0,0,0.0,0
2012-10-11T09:21:57.500,2321.2,12598,2321,17,0.0,0,0.0,0,0.0,0,0.0,0,2321.2,17,0.0,0,0.0,0,0.0,0,0.0,0
2012-10-11T09:21:58.000,2321.2,12609,2321,11,0.0,0,0.0,0,0.0,0,0.0,0,2321.2,34,0.0,0,0.0,0,0.0,0,0.0,0
2012-10-11T09:21:58.500,2321.2,12610,2321,11,0.0,0,0.0,0,0.0,0,0.0,0,2321.2,34,0.0,0,0.0,0,0.0,0,0.0,0
2012-10-11T09:21:59.000,2320.8,12622,2320.8,26,0.0,0,0.0,0,0.0,0,0.0,0,2321.2,34,0.0,0,0.0,0,0.0,0,0.0,0
2012-10-11T09:21:59.500,2321,12625,2320.8,25,0.0,0,0.0,0,0.0,0,0.0,0,2321.2,33,0.0,0,0.0,0,0.0,0,0.0,0
2012-10-11T09:22:00.000,2321,12629,2320.8,25,0.0,0,0.0,0,0.0,0,0.0,0,2321,1,0.0,0,0.0,0,0.0,0,0.0,0
2012-10-11T09:22:00.500,2320.8,12641,2320.8,16,0.0,0,0.0,0,0.0,0,0.0,0,2321.2,32,0.0,0,0.0,0,0.0,0,0.0,0
2012-10-11T09:22:01.000,2320.8,12655,2320.8,7,0.0,0,0.0,0,0.0,0,0.0,0,2321.2,28,0.0,0,0.0,0,0.0,0,0.0,0
2012-10-11T09:22:01.500,2320.6,12706,2320.4,54,0.0,0,0.0,0,0.0,0,0.0,0,2321,5,0.0,0,0.0,0,0.0,0,0.0,0
2012-10-11T09:22:02.000,2320.6,12726,2320.4,42,0.0,0,0.0,0,0.0,0,0.0,0,2320.6,1,0.0,0,0.0,0,0.0,0,0.0,0
2012-10-11T09:22:02.500,2320.6,12760,2320.4,13,0.0,0,0.0,0,0.0,0,0.0,0,2320.6,1,0.0,0,0.0,0,0.0,0,0.0,0
2012-10-11T09:22:03.000,2321,12771,2320.6,1,0.0,0,0.0,0,0.0,0,0.0,0,2321,6,0.0,0,0.0,0,0.0,0,0.0,0
2012-10-11T09:22:03.500,2320.6,12776,2320.4,11,0.0,0,0.0,0,0.0,0,0.0,0,2320.6,2,0.0,0,0.0,0,0.0,0,0.0,0
2012-10-11T09:22:04.000,2320.4,12788,2320.2,64,0.0,0,0.0,0,0.0,0,0.0,0,2320.4,30,0.0,0,0.0,0,0.0,0,0.0,0
2012-10-11T09:22:04.500,2320.4,12794,2320.2,62,0.0,0,0.0,0,0.0,0,0.0,0,2320.4,31,0.0,0,0.0,0,0.0,0,0.0,0
2012-10-11T09:22:05.000,2320.4,12802,2320.2,58,0.0,0,0.0,0,0.0,0,0.0,0,2320.4,27,0.0,0,0.0,0,0.0,0,0.0,0
2012-10-11T09:22:05.500,2320.2,12809,2320.2,54,0.0,0,0.0,0,0.0,0,0.0,0,2320.4,30,0.0,0,0.0,0,0.0,0,0.0,0
2012-10-11T09:22:06.000,2320.4,12862,2320.4,12,0.0,0,0.0,0,0.0,0,0.0,0,2320.6,4,0.0,0,0.0,0,0.0,0,0.0,0
2012-10-11T09:22:06.500,2320.4,12865,2320.4,9,0.0,0,0.0,0,0.0,0,0.0,0,2320.6,4,0.0,0,0.0,0,0.0,0,0.0,0
2012-10-11T09:22:07.000,2320.8,12883,2320.4,8,0.0,0,0.0,0,0.0,0,0.0,0,2320.8,6,0.0,0,0.0,0,0.0,0,0.0,0
2012-10-11T09:22:07.500,2320.4,12890,2320.6,1,0.0,0,0.0,0,0.0,0,0.0,0,2320.8,9,0.0,0,0.0,0,0.0,0,0.0,0
2012-10-11T09:22:08.000,2320.4,12896,2320.4,12,0.0,0,0.0,0,0.0,0,0.0,0,2320.8,14,0.0,0,0.0,0,0.0,0,0.0,0
2012-10-11T09:22:08.500,2320.4,12901,2320.4,16,0.0,0,0.0,0,0.0,0,0.0,0,2320.6,16,0.0,0,0.0,0,0.0,0,0.0,0
2012-10-11T09:22:09.000,2320.6,12902,2320.4,17,0.0,0,0.0,0,0.0,0,0.0,0,2320.6,15,0.0,0,0.0,0,0.0,0,0.0,0
2012-10-11T09:22:09.500,2320.4,12912,2320.4,8,0.0,0,0.0,0,0.0,0,0.0,0,2320.6,15,0.0,0,0.0,0,0.0,0,0.0,0
2012-10-11T09:22:10.250,2320.4,12916,2320.4,4,0.0,0,0.0,0,0.0,0,0.0,0,2320.6,21,0.0,0,0.0,0,0.0,0,0.0,0
2012-10-11T09:22:11.000,2320.6,12947,2320.2,70,0.0,0,0.0,0,0.0,0,0.0,0,2320.8,7,0.0,0,0.0,0,0.0,0,0.0,0
2012-10-11T09:22:11.500,2320.6,12959,2320.4,8,0.0,0,0.0,0,0.0,0,0.0,0,2320.6,5,0.0,0,0.0,0,0.0,0,0.0,0
2012-10-11T09:22:12.000,2320.4,12969,2320.4,8,0.0,0,0.0,0,0.0,0,0.0,0,2320.8,6,0.0,0,0.0,0,0.0,0,0.0,0
2012-10-11T09:22:12.500,2320.6,12973,2320.4,26,0.0,0,0.0,0,0.0,0,0.0,0,2320.8,5,0.0,0,0.0,0,0.0,0,0.0,0
2012-10-11T09:22:13.000,2320.8,12975,2320.6,1,0.0,0,0.0,0,0.0,0,0.0,0,2320.8,4,0.0,0,0.0,0,0.0,0,0.0,0
2012-10-11T09:22:13.500,2320.8,12981,2320.8,10,0.0,0,0.0,0,0.0,0,0.0,0,2321,22,0.0,0,0.0,0,0.0,0,0.0,0
2012-10-11T09:22:14.000,2320.8,12986,2320.8,6,0.0,0,0.0,0,0.0,0,0.0,0,2321,27,0.0,0,0.0,0,0.0,0,0.0,0
2012-10-11T09:22:14.500,2320.8,12987,2320.8,8,0.0,0,0.0,0,0.0,0,0.0,0,2321,27,0.0,0,0.0,0,0.0,0,0.0,0
2012-10-11T09:22:15.250,2321,12988,2320.8,12,0.0,0,0.0,0,0.0,0,0.0,0,2321,31,0.0,0,0.0,0,0.0,0,0.0,0
2012-10-11T09:22:16.000,2321,12998,2320.8,8,0.0,0,0.0,0,0.0,0,0.0,0,2321,26,0.0,0,0.0,0,0.0,0,0.0,0
2012-10-11T09:22:16.500,2320.8,13019,2320.8,5,0.0,0,0.0,0,0.0,0,0.0,0,2321,9,0.0,0,0.0,0,0.0,0,0.0,0
2012-10-11T09:22:17.250,2321,13032,2321,4,0.0,0,0.0,0,0.0,0,0.0,0,2321.2,32,0.0,0,0.0,0,0.0,0,0.0,0
2012-10-11T09:22:18.250,2321,13034,2321,3,0.0,0,0.0,0,0.0,0,0.0,0,2321.2,32,0.0,0,0.0,0,0.0,0,0.0,0
2012-10-11T09:22:19.000,2321.2,13055,2321,5,0.0,0,0.0,0,0.0,0,0.0,0,2321.2,12,0.0,0,0.0,0,0.0,0,0.0,0
2012-10-11T09:22:19.500,2321.2,13060,2321,4,0.0,0,0.0,0,0.0,0,0.0,0,2321.2,11,0.0,0,0.0,0,0.0,0,0.0,0
2012-10-11T09:22:20.000,2321.2,13064,2321,5,0.0,0,0.0,0,0.0,0,0.0,0,2321.2,8,0.0,0,0.0,0,0.0,0,0.0,0
2012-10-11T09:22:20.500,2321.4,13074,2321.2,9,0.0,0,0.0,0,0.0,0,0.0,0,2321.4,5,0.0,0,0.0,0,0.0,0,0.0,0
2012-10-11T09:22:21.000,2321.4,13081,2321.4,3,0.0,0,0.0,0,0.0,0,0.0,0,2321.6,5,0.0,0,0.0,0,0.0,0,0.0,0
2012-10-11T09:22:21.500,2321.4,13085,2321.4,5,0.0,0,0.0,0,0.0,0,0.0,0,2321.6,5,0.0,0,0.0,0,0.0,0,0.0,0
2012-10-11T09:22:22.000,2321.6,13087,2321.4,6,0.0,0,0.0,0,0.0,0,0.0,0,2321.6,9,0.0,0,0.0,0,0.0,0,0.0,0
2012-10-11T09:22:22.500,2322,13142,2321.6,1,0.0,0,0.0,0,0.0,0,0.0,0,2322,8,0.0,0,0.0,0,0.0,0,0.0,0
2012-10-11T09:22:23.000,2321.6,13155,2322,1,0.0,0,0.0,0,0.0,0,0.0,0,2322.2,25,0.0,0,0.0,0,0.0,0,0.0,0
2012-10-11T09:22:23.500,2322.2,13156,2322,2,0.0,0,0.0,0,0.0,0,0.0,0,2322.2,30,0.0,0,0.0,0,0.0,0,0.0,0
2012-10-11T09:22:24.000,2322.2,13167,2321.6,3,0.0,0,0.0,0,0.0,0,0.0,0,2322.2,19,0.0,0,0.0,0,0.0,0,0.0,0
2012-10-11T09:22:24.500,2322.2,13176,2321.6,5,0.0,0,0.0,0,0.0,0,0.0,0,2322.2,15,0.0,0,0.0,0,0.0,0,0.0,0
2012-10-11T09:22:25.000,2321.6,13187,2321.4,11,0.0,0,0.0,0,0.0,0,0.0,0,2321.6,37,0.0,0,0.0,0,0.0,0,0.0,0
2012-10-11T09:22:25.500,2321.4,13206,2321.4,2,0.0,0,0.0,0,0.0,0,0.0,0,2321.6,37,0.0,0,0.0,0,0.0,0,0.0,0
2012-10-11T09:22:26.000,2321.4,13213,2321.2,12,0.0,0,0.0,0,0.0,0,0.0,0,2321.6,37,0.0,0,0.0,0,0.0,0,0.0,0
2012-10-11T09:22:26.500,2321.6,13215,2321.2,11,0.0,0,0.0,0,0.0,0,0.0,0,2321.6,37,0.0,0,0.0,0,0.0,0,0.0,0
2012-10-11T09:22:27.250,2321.6,13221,2321.4,5,0.0,0,0.0,0,0.0,0,0.0,0,2321.6,35,0.0,0,0.0,0,0.0,0,0.0,0
2012-10-11T09:22:28.000,2321.6,13222,2321.4,5,0.0,0,0.0,0,0.0,0,0.0,0,2321.6,34,0.0,0,0.0,0,0.0,0,0.0,0
2012-10-11T09:22:28.500,2321.6,13228,2321.4,4,0.0,0,0.0,0,0.0,0,0.0,0,2321.6,29,0.0,0,0.0,0,0.0,0,0.0,0
2012-10-11T09:22:29.000,2321.6,13234,2321.4,3,0.0,0,0.0,0,0.0,0,0.0,0,2321.6,24,0.0,0,0.0,0,0.0,0,0.0,0
2012-10-11T09:22:29.500,2321.4,13240,2321.2,9,0.0,0,0.0,0,0.0,0,0.0,0,2321.4,2,0.0,0,0.0,0,0.0,0,0.0,0
2012-10-11T09:22:30.000,2321.4,13243,2321.2,9,0.0,0,0.0,0,0.0,0,0.0,0,2321.6,23,0.0,0,0.0,0,0.0,0,0.0,0
2012-10-11T09:22:30.500,2321.2,13244,2321.2,8,0.0,0,0.0,0,0.0,0,0.0,0,2321.6,23,0.0,0,0.0,0,0.0,0,0.0,0
2012-10-11T09:22:31.000,2321.2,13254,2321.2,6,0.0,0,0.0,0,0.0,0,0.0,0,2321.4,1,0.0,0,0.0,0,0.0,0,0.0,0
2012-10-11T09:22:31.500,2321.4,13255,2321.2,6,0.0,0,0.0,0,0.0,0,0.0,0,2321.6,14,0.0,0,0.0,0,0.0,0,0.0,0
2012-10-11T09:22:32.000,2321.6,13258,2321.2,6,0.0,0,0.0,0,0.0,0,0.0,0,2321.6,12,0.0,0,0.0,0,0.0,0,0.0,0
2012-10-11T09:22:32.500,2321.6,13260,2321.4,2,0.0,0,0.0,0,0.0,0,0.0,0,2321.6,14,0.0,0,0.0,0,0.0,0,0.0,0
2012-10-11T09:22:33.000,2321.6,13262,2321.4,1,0.0,0,0.0,0,0.0,0,0.0,0,2321.6,18,0.0,0,0.0,0,0.0,0,0.0,0
2012-10-11T09:22:33.500,2321.4,13264,2321.2,11,0.0,0,0.0,0,0.0,0,0.0,0,2321.4,1,0.0,0,0.0,0,0.0,0,0.0,0
2012-10-11T09:22:34.250,2321.4,13267,2321.2,13,0.0,0,0.0,0,0.0,0,0.0,0,2321.6,19,0.0,0,0.0,0,0.0,0,0.0,0
2012-10-11T09:22:35.000,2321.6,13270,2321.4,1,0.0,0,0.0,0,0.0,0,0.0,0,2321.6,16,0.0,0,0.0,0,0.0,0,0.0,0
2012-10-11T09:22:35.500,2321.4,13274,2321.2,15,0.0,0,0.0,0,0.0,0,0.0,0,2321.6,15,0.0,0,0.0,0,0.0,0,0.0,0
2012-10-11T09:22:36.250,2321.6,13276,2321.4,1,0.0,0,0.0,0,0.0,0,0.0,0,2321.6,18,0.0,0,0.0,0,0.0,0,0.0,0
2012-10-11T09:22:37.000,2321.4,13277,2321.2,21,0.0,0,0.0,0,0.0,0,0.0,0,2321.4,1,0.0,0,0.0,0,0.0,0,0.0,0
2012-10-11T09:22:37.500,2321.6,13280,2321.2,20,0.0,0,0.0,0,0.0,0,0.0,0,2321.6,18,0.0,0,0.0,0,0.0,0,0.0,0
2012-10-11T09:22:38.000,2321.6,13288,2321.2,17,0.0,0,0.0,0,0.0,0,0.0,0,2321.6,13,0.0,0,0.0,0,0.0,0,0.0,0
2012-10-11T09:22:38.500,2321.2,13289,2321.2,20,0.0,0,0.0,0,0.0,0,0.0,0,2321.6,13,0.0,0,0.0,0,0.0,0,0.0,0
2012-10-11T09:22:39.000,2321.6,13291,2321.2,20,0.0,0,0.0,0,0.0,0,0.0,0,2321.6,11,0.0,0,0.0,0,0.0,0,0.0,0
2012-10-11T09:22:39.500,2321.6,13293,2321.4,6,0.0,0,0.0,0,0.0,0,0.0,0,2321.6,9,0.0,0,0.0,0,0.0,0,0.0,0
2012-10-11T09:22:40.250,2321.6,13307,2321.6,3,0.0,0,0.0,0,0.0,0,0.0,0,2321.8,2,0.0,0,0.0,0,0.0,0,0.0,0
2012-10-11T09:22:41.000,2321.6,13308,2321.6,3,0.0,0,0.0,0,0.0,0,0.0,0,2321.8,4,0.0,0,0.0,0,0.0,0,0.0,0
2012-10-11T09:22:41.500,2321.6,13309,2321.6,2,0.0,0,0.0,0,0.0,0,0.0,0,2321.8,4,0.0,0,0.0,0,0.0,0,0.0,0
2012-10-11T09:22:42.000,2321.8,13313,2321.8,1,0.0,0,0.0,0,0.0,0,0.0,0,2322,51,0.0,0,0.0,0,0.0,0,0.0,0
2012-10-11T09:22:42.500,2321.8,13314,2321.6,2,0.0,0,0.0,0,0.0,0,0.0,0,2322,52,0.0,0,0.0,0,0.0,0,0.0,0
2012-10-11T09:22:43.000,2322,13315,2321.6,2,0.0,0,0.0,0,0.0,0,0.0,0,2322,51,0.0,0,0.0,0,0.0,0,0.0,0
2012-10-11T09:22:43.500,2321.8,13317,2321.6,2,0.0,0,0.0,0,0.0,0,0.0,0,2322,51,0.0,0,0.0,0,0.0,0,0.0,0
2012-10-11T09:22:45.250,2321.6,13318,2321.6,9,0.0,0,0.0,0,0.0,0,0.0,0,2321.8,1,0.0,0,0.0,0,0.0,0,0.0,0
2012-10-11T09:22:47.250,2321.8,13320,2321.6,9,0.0,0,0.0,0,0.0,0,0.0,0,2321.8,3,0.0,0,0.0,0,0.0,0,0.0,0
2012-10-11T09:22:49.000,2321.8,13321,2321.6,12,0.0,0,0.0,0,0.0,0,0.0,0,2321.8,6,0.0,0,0.0,0,0.0,0,0.0,0
2012-10-11T09:22:49.500,2321.8,13328,2321.8,3,0.0,0,0.0,0,0.0,0,0.0,0,2322,70,0.0,0,0.0,0,0.0,0,0.0,0
2012-10-11T09:22:50.250,2322,13329,2321.8,3,0.0,0,0.0,0,0.0,0,0.0,0,2322,74,0.0,0,0.0,0,0.0,0,0.0,0
2012-10-11T09:22:51.000,2322,13335,2321.8,1,0.0,0,0.0,0,0.0,0,0.0,0,2322,70,0.0,0,0.0,0,0.0,0,0.0,0
2012-10-11T09:22:51.500,2321.8,13337,2321.6,13,0.0,0,0.0,0,0.0,0,0.0,0,2321.8,1,0.0,0,0.0,0,0.0,0,0.0,0
2012-10-11T09:22:52.000,2322,13339,2321.6,13,0.0,0,0.0,0,0.0,0,0.0,0,2321.8,1,0.0,0,0.0,0,0.0,0,0.0,0
2012-10-11T09:22:52.500,2322,13357,2321.8,3,0.0,0,0.0,0,0.0,0,0.0,0,2322,60,0.0,0,0.0,0,0.0,0,0.0,0
2012-10-11T09:22:53.000,2321.8,13360,2321.6,13,0.0,0,0.0,0,0.0,0,0.0,0,2322,60,0.0,0,0.0,0,0.0,0,0.0,0
2012-10-11T09:22:53.500,2321.8,13361,2321.6,13,0.0,0,0.0,0,0.0,0,0.0,0,2322,61,0.0,0,0.0,0,0.0,0,0.0,0
2012-10-11T09:22:54.000,2322,13376,2321.8,1,0.0,0,0.0,0,0.0,0,0.0,0,2322,46,0.0,0,0.0,0,0.0,0,0.0,0
2012-10-11T09:22:54.500,2322,13398,2321.8,2,0.0,0,0.0,0,0.0,0,0.0,0,2322,24,0.0,0,0.0,0,0.0,0,0.0,0
2012-10-11T09:22:55.000,2322,13408,2321.8,3,0.0,0,0.0,0,0.0,0,0.0,0,2322,14,0.0,0,0.0,0,0.0,0,0.0,0
2012-10-11T09:22:55.500,2322,13413,2321.8,21,0.0,0,0.0,0,0.0,0,0.0,0,2322,10,0.0,0,0.0,0,0.0,0,0.0,0
2012-10-11T09:22:56.000,2322,13423,2322,1,0.0,0,0.0,0,0.0,0,0.0,0,2322.2,37,0.0,0,0.0,0,0.0,0,0.0,0
2012-10-11T09:22:56.500,2322,13425,2321.8,22,0.0,0,0.0,0,0.0,0,0.0,0,2322,9,0.0,0,0.0,0,0.0,0,0.0,0
2012-10-11T09:22:57.000,2321.8,13429,2321.8,20,0.0,0,0.0,0,0.0,0,0.0,0,2322,8,0.0,0,0.0,0,0.0,0,0.0,0
2012-10-11T09:22:57.500,2321.8,13444,2321.8,5,0.0,0,0.0,0,0.0,0,0.0,0,2322,8,0.0,0,0.0,0,0.0,0,0.0,0
2012-10-11T09:22:58.000,2321.8,13448,2321.8,2,0.0,0,0.0,0,0.0,0,0.0,0,2322,9,0.0,0,0.0,0,0.0,0,0.0,0
2012-10-11T09:22:58.500,2321.8,13452,2321.6,15,0.0,0,0.0,0,0.0,0,0.0,0,2322,16,0.0,0,0.0,0,0.0,0,0.0,0
2012-10-11T09:23:00.250,2321.8,13453,2321.6,16,0.0,0,0.0,0,0.0,0,0.0,0,2321.8,36,0.0,0,0.0,0,0.0,0,0.0,0
2012-10-11T09:23:01.000,2321.8,13465,2321.6,5,0.0,0,0.0,0,0.0,0,0.0,0,2321.8,32,0.0,0,0.0,0,0.0,0,0.0,0
2012-10-11T09:23:01.500,2321.6,13484,2321.4,17,0.0,0,0.0,0,0.0,0,0.0,0,2321.6,25,0.0,0,0.0,0,0.0,0,0.0,0
2012-10-11T09:23:02.000,2321.6,13497,2321.4,17,0.0,0,0.0,0,0.0,0,0.0,0,2321.6,12,0.0,0,0.0,0,0.0,0,0.0,0
2012-10-11T09:23:02.500,2321.4,13500,2321.4,15,0.0,0,0.0,0,0.0,0,0.0,0,2321.6,11,0.0,0,0.0,0,0.0,0,0.0,0
2012-10-11T09:23:03.000,2321.4,13501,2321.4,14,0.0,0,0.0,0,0.0,0,0.0,0,2321.6,11,0.0,0,0.0,0,0.0,0,0.0,0
2012-10-11T09:23:03.500,2321.4,13507,2321.4,9,0.0,0,0.0,0,0.0,0,0.0,0,2321.6,12,0.0,0,0.0,0,0.0,0,0.0,0
2012-10-11T09:23:04.000,2321.4,13514,2321.4,2,0.0,0,0.0,0,0.0,0,0.0,0,2321.6,12,0.0,0,0.0,0,0.0,0,0.0,0
2012-10-11T09:23:04.500,2321.4,13517,2321.2,17,0.0,0,0.0,0,0.0,0,0.0,0,2321.4,2,0.0,0,0.0,0,0.0,0,0.0,0
2012-10-11T09:23:05.000,2321.6,13522,2321.2,17,0.0,0,0.0,0,0.0,0,0.0,0,2321.4,2,0.0,0,0.0,0,0.0,0,0.0,0
2012-10-11T09:23:05.500,2321.2,13524,2321.2,14,0.0,0,0.0,0,0.0,0,0.0,0,2321.4,3,0.0,0,0.0,0,0.0,0,0.0,0
2012-10-11T09:23:06.250,2321.4,13530,2321.2,13,0.0,0,0.0,0,0.0,0,0.0,0,2321.4,1,0.0,0,0.0,0,0.0,0,0.0,0
2012-10-11T09:23:07.000,2321.2,13532,2321.2,11,0.0,0,0.0,0,0.0,0,0.0,0,2321.4,3,0.0,0,0.0,0,0.0,0,0.0,0
2012-10-11T09:23:07.500,2321.2,13536,2321.2,13,0.0,0,0.0,0,0.0,0,0.0,0,2321.4,3,0.0,0,0.0,0,0.0,0,0.0,0
2012-10-11T09:23:08.000,2321.2,13539,2321.2,10,0.0,0,0.0,0,0.0,0,0.0,0,2321.4,7,0.0,0,0.0,0,0.0,0,0.0,0
2012-10-11T09:23:08.500,2321.2,13550,2321,29,0.0,0,0.0,0,0.0,0,0.0,0,2321.2,176,0.0,0,0.0,0,0.0,0,0.0,0
2012-10-11T09:23:09.000,2321.2,13586,2320.8,1,0.0,0,0.0,0,0.0,0,0.0,0,2321,6,0.0,0,0.0,0,0.0,0,0.0,0
2012-10-11T09:23:09.500,2320.8,13591,2320.6,14,0.0,0,0.0,0,0.0,0,0.0,0,2320.8,45,0.0,0,0.0,0,0.0,0,0.0,0
2012-10-11T09:23:10.000,2320.6,13598,2320.6,7,0.0,0,0.0,0,0.0,0,0.0,0,2320.8,51,0.0,0,0.0,0,0.0,0,0.0,0
2012-10-11T09:23:10.500,2320.6,13603,2320.6,3,0.0,0,0.0,0,0.0,0,0.0,0,2320.8,30,0.0,0,0.0,0,0.0,0,0.0,0
2012-10-11T09:23:11.000,2320.6,13608,2320.4,18,0.0,0,0.0,0,0.0,0,0.0,0,2320.6,2,0.0,0,0.0,0,0.0,0,0.0,0
2012-10-11T09:23:11.500,2320.4,13611,2320.4,15,0.0,0,0.0,0,0.0,0,0.0,0,2320.6,4,0.0,0,0.0,0,0.0,0,0.0,0
2012-10-11T09:23:12.000,2320.4,13616,2320.4,13,0.0,0,0.0,0,0.0,0,0.0,0,2320.6,1,0.0,0,0.0,0,0.0,0,0.0,0
2012-10-11T09:23:12.500,2320.8,13621,2320.6,10,0.0,0,0.0,0,0.0,0,0.0,0,2320.8,29,0.0,0,0.0,0,0.0,0,0.0,0
2012-10-11T09:23:13.000,2320.4,13653,2320.2,34,0.0,0,0.0,0,0.0,0,0.0,0,2320.8,24,0.0,0,0.0,0,0.0,0,0.0,0
2012-10-11T09:23:13.500,2320.8,13676,2320.2,36,0.0,0,0.0,0,0.0,0,0.0,0,2320.6,3,0.0,0,0.0,0,0.0,0,0.0,0
2012-10-11T09:23:14.000,2320.4,13684,2320.4,1,0.0,0,0.0,0,0.0,0,0.0,0,2320.8,11,0.0,0,0.0,0,0.0,0,0.0,0
2012-10-11T09:23:14.500,2320.6,13697,2320.2,35,0.0,0,0.0,0,0.0,0,0.0,0,2320.6,1,0.0,0,0.0,0,0.0,0,0.0,0
2012-10-11T09:23:15.000,2320.2,13700,2320.2,38,0.0,0,0.0,0,0.0,0,0.0,0,2320.4,2,0.0,0,0.0,0,0.0,0,0.0,0
2012-10-11T09:23:15.500,2320.4,13713,2320.4,4,0.0,0,0.0,0,0.0,0,0.0,0,2320.6,18,0.0,0,0.0,0,0.0,0,0.0,0
2012-10-11T09:23:16.000,2320.4,13716,2320.4,2,0.0,0,0.0,0,0.0,0,0.0,0,2320.6,19,0.0,0,0.0,0,0.0,0,0.0,0
2012-10-11T09:23:16.500,2320.4,13733,2320.2,34,0.0,0,0.0,0,0.0,0,0.0,0,2320.4,4,0.0,0,0.0,0,0.0,0,0.0,0
2012-10-11T09:23:17.000,2320.4,13739,2320.2,29,0.0,0,0.0,0,0.0,0,0.0,0,2320.4,9,0.0,0,0.0,0,0.0,0,0.0,0
2012-10-11T09:23:17.500,2320.4,13755,2320.4,12,0.0,0,0.0,0,0.0,0,0.0,0,2320.6,11,0.0,0,0.0,0,0.0,0,0.0,0
2012-10-11T09:23:18.000,2320.2,13770,2320.2,27,0.0,0,0.0,0,0.0,0,0.0,0,2320.4,1,0.0,0,0.0,0,0.0,0,0.0,0
2012-10-11T09:23:18.500,2320.2,13774,2320.2,23,0.0,0,0.0,0,0.0,0,0.0,0,2320.4,2,0.0,0,0.0,0,0.0,0,0.0,0
2012-10-11T09:23:19.000,2320.2,13802,2320.6,1,0.0,0,0.0,0,0.0,0,0.0,0,2320.8,4,0.0,0,0.0,0,0.0,0,0.0,0
2012-10-11T09:23:19.500,2320.8,13809,2320.4,1,0.0,0,0.0,0,0.0,0,0.0,0,2320.8,2,0.0,0,0.0,0,0.0,0,0.0,0
2012-10-11T09:23:20.000,2320.4,13811,2320.2,28,0.0,0,0.0,0,0.0,0,0.0,0,2320.6,7,0.0,0,0.0,0,0.0,0,0.0,0
2012-10-11T09:23:20.500,2320.6,13820,2320.4,1,0.0,0,0.0,0,0.0,0,0.0,0,2320.6,2,0.0,0,0.0,0,0.0,0,0.0,0
2012-10-11T09:23:21.000,2320.6,13826,2320.6,12,0.0,0,0.0,0,0.0,0,0.0,0,2320.8,15,0.0,0,0.0,0,0.0,0,0.0,0
2012-10-11T09:23:21.500,2320.8,13833,2320.6,9,0.0,0,0.0,0,0.0,0,0.0,0,2320.8,13,0.0,0,0.0,0,0.0,0,0.0,0
2012-10-11T09:23:22.000,2320.6,13836,2320.6,12,0.0,0,0.0,0,0.0,0,0.0,0,2320.8,12,0.0,0,0.0,0,0.0,0,0.0,0
2012-10-11T09:23:22.500,2320.6,13840,2320.6,12,0.0,0,0.0,0,0.0,0,0.0,0,2320.8,9,0.0,0,0.0,0,0.0,0,0.0,0
2012-10-11T09:23:23.000,2320.6,13849,2320.6,5,0.0,0,0.0,0,0.0,0,0.0,0,2320.8,8,0.0,0,0.0,0,0.0,0,0.0,0
2012-10-11T09:23:23.500,2320.6,13859,2320.6,1,0.0,0,0.0,0,0.0,0,0.0,0,2320.8,5,0.0,0,0.0,0,0.0,0,0.0,0
2012-10-11T09:23:24.000,2320.8,13864,2320.8,7,0.0,0,0.0,0,0.0,0,0.0,0,2321,40,0.0,0,0.0,0,0.0,0,0.0,0
2012-10-11T09:23:24.500,2320.8,13865,2320.8,6,0.0,0,0.0,0,0.0,0,0.0,0,2321,40,0.0,0,0.0,0,0.0,0,0.0,0
2012-10-11T09:23:25.000,2320.8,13867,2320.8,6,0.0,0,0.0,0,0.0,0,0.0,0,2321,40,0.0,0,0.0,0,0.0,0,0.0,0
2012-10-11T09:23:25.500,2321,13879,2320.8,1,0.0,0,0.0,0,0.0,0,0.0,0,2321,35,0.0,0,0.0,0,0.0,0,0.0,0
2012-10-11T09:23:26.250,2320.8,13880,2320.8,1,0.0,0,0.0,0,0.0,0,0.0,0,2321,35,0.0,0,0.0,0,0.0,0,0.0,0
2012-10-11T09:23:27.000,2320.8,13882,2320.8,6,0.0,0,0.0,0,0.0,0,0.0,0,2321,36,0.0,0,0.0,0,0.0,0,0.0,0
2012-10-11T09:23:27.500,2321,13883,2320.8,6,0.0,0,0.0,0,0.0,0,0.0,0,2321,35,0.0,0,0.0,0,0.0,0,0.0,0
2012-10-11T09:23:28.000,2320.8,13886,2320.8,5,0.0,0,0.0,0,0.0,0,0.0,0,2321,33,0.0,0,0.0,0,0.0,0,0.0,0
