date_time,last_px,total_volume,bid1_px,bid1_qty,bid2_px,bid2_qty,bid3_px,bid3_qty,bid4_px,bid4_qty,bid5_px,bid5_qty,ask1_px,ask1_qty,ask2_px,ask2_qty,ask3_px,ask3_qty,ask4_px,ask4_qty,ask5_px,ask5_qty
2012-11-08T09:14:00.250,2275,487,2274.4,3,0.0,0,0.0,0,0.0,0,0.0,0,2275,9,0.0,0,0.0,0,0.0,0,0.0,0
2012-11-08T09:15:00.250,2275,676,2275.2,2,0.0,0,0.0,0,0.0,0,0.0,0,2276,13,0.0,0,0.0,0,0.0,0,0.0,0
2012-11-08T09:15:01.000,2275.2,949,2275.2,3,0.0,0,0.0,0,0.0,0,0.0,0,2275.6,13,0.0,0,0.0,0,0.0,0,0.0,0
2012-11-08T09:15:01.500,2275.6,1062,2275.6,18,0.0,0,0.0,0,0.0,0,0.0,0,2276.4,58,0.0,0,0.0,0,0.0,0,0.0,0
2012-11-08T09:15:02.000,2276,1224,2275.6,6,0.0,0,0.0,0,0.0,0,0.0,0,2276,11,0.0,0,0.0,0,0.0,0,0.0,0
2012-11-08T09:15:02.500,2275.6,1374,2276.2,6,0.0,0,0.0,0,0.0,0,0.0,0,2276.4,36,0.0,0,0.0,0,0.0,0,0.0,0
2012-11-08T09:15:03.000,2276,1471,2275.2,13,0.0,0,0.0,0,0.0,0,0.0,0,2276,22,0.0,0,0.0,0,0.0,0,0.0,0
2012-11-08T09:15:03.500,2276.6,1598,2276.4,1,0.0,0,0.0,0,0.0,0,0.0,0,2276.6,4,0.0,0,0.0,0,0.0,0,0.0,0
2012-11-08T09:15:04.000,2275.8,1691,2275,120,0.0,0,0.0,0,0.0,0,0.0,0,2275.6,1,0.0,0,0.0,0,0.0,0,0.0,0
2012-11-08T09:15:04.500,2276.2,1801,2275.8,2,0.0,0,0.0,0,0.0,0,0.0,0,2276.2,7,0.0,0,0.0,0,0.0,0,0.0,0
2012-11-08T09:15:05.000,2276,2012,2275.6,12,0.0,0,0.0,0,0.0,0,0.0,0,2276,7,0.0,0,0.0,0,0.0,0,0.0,0
2012-11-08T09:15:05.500,2276,2118,2275.6,3,0.0,0,0.0,0,0.0,0,0.0,0,2276,29,0.0,0,0.0,0,0.0,0,0.0,0
2012-11-08T09:15:06.000,2275,2291,2275,14,0.0,0,0.0,0,0.0,0,0.0,0,2276,12,0.0,0,0.0,0,0.0,0,0.0,0
2012-11-08T09:15:06.500,2274.8,2349,2274.6,46,0.0,0,0.0,0,0.0,0,0.0,0,2274.8,19,0.0,0,0.0,0,0.0,0,0.0,0
2012-11-08T09:15:07.000,2274.4,2533,2273.8,15,0.0,0,0.0,0,0.0,0,0.0,0,2274.2,1,0.0,0,0.0,0,0.0,0,0.0,0
2012-11-08T09:15:07.500,2273.6,2609,2273.2,35,0.0,0,0.0,0,0.0,0,0.0,0,2273.6,20,0.0,0,0.0,0,0.0,0,0.0,0
2012-11-08T09:15:08.000,2273.8,2769,2273,1,0.0,0,0.0,0,0.0,0,0.0,0,2273.8,49,0.0,0,0.0,0,0.0,0,0.0,0
2012-11-08T09:15:08.500,2273.6,2872,2273.2,1,0.0,0,0.0,0,0.0,0,0.0,0,2273.6,18,0.0,0,0.0,0,0.0,0,0.0,0
2012-11-08T09:15:09.000,2273.2,2936,2273.2,27,0.0,0,0.0,0,0.0,0,0.0,0,2273.6,5,0.0,0,0.0,0,0.0,0,0.0,0
2012-11-08T09:15:09.500,2273.4,2992,2273.4,33,0.0,0,0.0,0,0.0,0,0.0,0,2273.8,140,0.0,0,0.0,0,0.0,0,0.0,0
2012-11-08T09:15:10.000,2273.8,3090,2273.6,3,0.0,0,0.0,0,0.0,0,0.0,0,2273.8,121,0.0,0,0.0,0,0.0,0,0.0,0
2012-11-08T09:15:10.500,2273.8,3230,2272.6,28,0.0,0,0.0,0,0.0,0,0.0,0,2273.2,9,0.0,0,0.0,0,0.0,0,0.0,0
2012-11-08T09:15:11.000,2272.6,3294,2272.6,33,0.0,0,0.0,0,0.0,0,0.0,0,2273.2,84,0.0,0,0.0,0,0.0,0,0.0,0
2012-11-08T09:15:11.500,2272.6,3351,2272.6,3,0.0,0,0.0,0,0.0,0,0.0,0,2272.8,48,0.0,0,0.0,0,0.0,0,0.0,0
2012-11-08T09:15:12.000,2272.4,3409,2272.2,34,0.0,0,0.0,0,0.0,0,0.0,0,2272.4,45,0.0,0,0.0,0,0.0,0,0.0,0
2012-11-08T09:15:12.500,2272.4,3496,2272,27,0.0,0,0.0,0,0.0,0,0.0,0,2272.2,4,0.0,0,0.0,0,0.0,0,0.0,0
2012-11-08T09:15:13.000,2272.4,3555,2272.2,2,0.0,0,0.0,0,0.0,0,0.0,0,2272.4,10,0.0,0,0.0,0,0.0,0,0.0,0
2012-11-08T09:15:13.500,2272.4,3623,2272.4,3,0.0,0,0.0,0,0.0,0,0.0,0,2272.6,66,0.0,0,0.0,0,0.0,0,0.0,0
2012-11-08T09:15:14.000,2272.4,3674,2272.4,1,0.0,0,0.0,0,0.0,0,0.0,0,2272.6,49,0.0,0,0.0,0,0.0,0,0.0,0
2012-11-08T09:15:14.500,2272,3751,2272,2,0.0,0,0.0,0,0.0,0,0.0,0,2272.6,14,0.0,0,0.0,0,0.0,0,0.0,0
2012-11-08T09:15:15.000,2272,3791,2272,5,0.0,0,0.0,0,0.0,0,0.0,0,2272.4,172,0.0,0,0.0,0,0.0,0,0.0,0
2012-11-08T09:15:15.500,2272,3861,2271.8,27,0.0,0,0.0,0,0.0,0,0.0,0,2272,34,0.0,0,0.0,0,0.0,0,0.0,0
2012-11-08T09:15:16.000,2271.6,3957,2271.4,20,0.0,0,0.0,0,0.0,0,0.0,0,2271.6,9,0.0,0,0.0,0,0.0,0,0.0,0
2012-11-08T09:15:16.500,2271.2,4015,2271.2,39,0.0,0,0.0,0,0.0,0,0.0,0,2271.6,2,0.0,0,0.0,0,0.0,0,0.0,0
2012-11-08T09:15:17.000,2271.8,4055,2271.4,4,0.0,0,0.0,0,0.0,0,0.0,0,2271.8,30,0.0,0,0.0,0,0.0,0,0.0,0
2012-11-08T09:15:17.500,2271.8,4142,2271.8,8,0.0,0,0.0,0,0.0,0,0.0,0,2272,110,0.0,0,0.0,0,0.0,0,0.0,0
2012-11-08T09:15:18.000,2272,4187,2271.2,15,0.0,0,0.0,0,0.0,0,0.0,0,2271.8,3,0.0,0,0.0,0,0.0,0,0.0,0
2012-11-08T09:15:18.500,2271.2,4279,2271,173,0.0,0,0.0,0,0.0,0,0.0,0,2271.2,37,0.0,0,0.0,0,0.0,0,0.0,0
2012-11-08T09:15:19.000,2271,4371,2271.2,6,0.0,0,0.0,0,0.0,0,0.0,0,2271.4,1,0.0,0,0.0,0,0.0,0,0.0,0
2012-11-08T09:15:19.500,2271.4,4405,2271.2,18,0.0,0,0.0,0,0.0,0,0.0,0,2271.8,36,0.0,0,0.0,0,0.0,0,0.0,0
2012-11-08T09:15:20.000,2271,4457,2271,136,0.0,0,0.0,0,0.0,0,0.0,0,2271.2,3,0.0,0,0.0,0,0.0,0,0.0,0
2012-11-08T09:15:20.500,2271.2,4635,2271,69,0.0,0,0.0,0,0.0,0,0.0,0,2271.2,9,0.0,0,0.0,0,0.0,0,0.0,0
2012-11-08T09:15:21.000,2271,4706,2271,44,0.0,0,0.0,0,0.0,0,0.0,0,2271.2,59,0.0,0,0.0,0,0.0,0,0.0,0
2012-11-08T09:15:21.500,2271,4808,2270.8,8,0.0,0,0.0,0,0.0,0,0.0,0,2271.2,53,0.0,0,0.0,0,0.0,0,0.0,0
2012-11-08T09:15:22.000,2270.8,4856,2270.6,6,0.0,0,0.0,0,0.0,0,0.0,0,2270.8,3,0.0,0,0.0,0,0.0,0,0.0,0
2012-11-08T09:15:22.500,2271,4888,2270.4,26,0.0,0,0.0,0,0.0,0,0.0,0,2271,38,0.0,0,0.0,0,0.0,0,0.0,0
2012-11-08T09:15:23.000,2270.6,4912,2270.6,36,0.0,0,0.0,0,0.0,0,0.0,0,2270.8,13,0.0,0,0.0,0,0.0,0,0.0,0
2012-11-08T09:15:23.500,2270.8,5008,2270.8,69,0.0,0,0.0,0,0.0,0,0.0,0,2271,3,0.0,0,0.0,0,0.0,0,0.0,0
2012-11-08T09:15:24.000,2270.8,5097,2271,37,0.0,0,0.0,0,0.0,0,0.0,0,2271.2,113,0.0,0,0.0,0,0.0,0,0.0,0
2012-11-08T09:15:24.500,2270.8,5268,2270.8,5,0.0,0,0.0,0,0.0,0,0.0,0,2271,3,0.0,0,0.0,0,0.0,0,0.0,0
2012-11-08T09:15:25.000,2271.2,5380,2270.8,15,0.0,0,0.0,0,0.0,0,0.0,0,2271.8,32,0.0,0,0.0,0,0.0,0,0.0,0
2012-11-08T09:15:25.500,2271,5450,2271,17,0.0,0,0.0,0,0.0,0,0.0,0,2271.6,70,0.0,0,0.0,0,0.0,0,0.0,0
2012-11-08T09:15:26.000,2271.4,5574,2271,17,0.0,0,0.0,0,0.0,0,0.0,0,2271.4,12,0.0,0,0.0,0,0.0,0,0.0,0
2012-11-08T09:15:26.500,2271,5645,2271,66,0.0,0,0.0,0,0.0,0,0.0,0,2271.4,10,0.0,0,0.0,0,0.0,0,0.0,0
2012-11-08T09:15:27.000,2271.4,5687,2271.2,8,0.0,0,0.0,0,0.0,0,0.0,0,2271.6,22,0.0,0,0.0,0,0.0,0,0.0,0
2012-11-08T09:15:27.500,2271.4,5716,2271.4,12,0.0,0,0.0,0,0.0,0,0.0,0,2271.6,6,0.0,0,0.0,0,0.0,0,0.0,0
2012-11-08T09:15:28.000,2271.8,5746,2271.6,3,0.0,0,0.0,0,0.0,0,0.0,0,2271.8,28,0.0,0,0.0,0,0.0,0,0.0,0
2012-11-08T09:15:28.500,2271.6,5791,2271.4,5,0.0,0,0.0,0,0.0,0,0.0,0,2271.6,7,0.0,0,0.0,0,0.0,0,0.0,0
2012-11-08T09:15:29.000,2271.6,5854,2271.6,11,0.0,0,0.0,0,0.0,0,0.0,0,2271.8,30,0.0,0,0.0,0,0.0,0,0.0,0
2012-11-08T09:15:29.500,2271.6,5903,2271.8,1,0.0,0,0.0,0,0.0,0,0.0,0,2272,94,0.0,0,0.0,0,0.0,0,0.0,0
2012-11-08T09:15:30.000,2271.8,6007,2271.8,9,0.0,0,0.0,0,0.0,0,0.0,0,2272,18,0.0,0,0.0,0,0.0,0,0.0,0
2012-11-08T09:15:30.500,2272.2,6040,2272,66,0.0,0,0.0,0,0.0,0,0.0,0,2272.2,3,0.0,0,0.0,0,0.0,0,0.0,0
2012-11-08T09:15:31.000,2272.4,6078,2272.2,25,0.0,0,0.0,0,0.0,0,0.0,0,2272.4,29,0.0,0,0.0,0,0.0,0,0.0,0
2012-11-08T09:15:31.500,2272.4,6099,2272.2,17,0.0,0,0.0,0,0.0,0,0.0,0,2272.4,10,0.0,0,0.0,0,0.0,0,0.0,0
2012-11-08T09:15:32.000,2272.2,6123,2272.2,3,0.0,0,0.0,0,0.0,0,0.0,0,2272.4,4,0.0,0,0.0,0,0.0,0,0.0,0
2012-11-08T09:15:32.500,2272.4,6169,2272.4,20,0.0,0,0.0,0,0.0,0,0.0,0,2272.6,14,0.0,0,0.0,0,0.0,0,0.0,0
2012-11-08T09:15:33.000,2272.6,6208,2272.4,4,0.0,0,0.0,0,0.0,0,0.0,0,2272.6,12,0.0,0,0.0,0,0.0,0,0.0,0
2012-11-08T09:15:33.500,2272.4,6241,2272.2,1,0.0,0,0.0,0,0.0,0,0.0,0,2272.4,1,0.0,0,0.0,0,0.0,0,0.0,0
2012-11-08T09:15:34.000,2272.6,6272,2272.6,1,0.0,0,0.0,0,0.0,0,0.0,0,2273,10,0.0,0,0.0,0,0.0,0,0.0,0
2012-11-08T09:15:34.500,2272.6,6296,2272.6,1,0.0,0,0.0,0,0.0,0,0.0,0,2273,14,0.0,0,0.0,0,0.0,0,0.0,0
2012-11-08T09:15:35.000,2272.6,6317,2272.6,5,0.0,0,0.0,0,0.0,0,0.0,0,2272.8,8,0.0,0,0.0,0,0.0,0,0.0,0
2012-11-08T09:15:35.500,2272.8,6342,2272.8,1,0.0,0,0.0,0,0.0,0,0.0,0,2273,14,0.0,0,0.0,0,0.0,0,0.0,0
2012-11-08T09:15:36.000,2272.8,6392,2272.6,25,0.0,0,0.0,0,0.0,0,0.0,0,2273.4,16,0.0,0,0.0,0,0.0,0,0.0,0
2012-11-08T09:15:36.500,2273,6410,2273,1,0.0,0,0.0,0,0.0,0,0.0,0,2273.2,10,0.0,0,0.0,0,0.0,0,0.0,0
2012-11-08T09:15:37.000,2273,6437,2272.6,22,0.0,0,0.0,0,0.0,0,0.0,0,2273,5,0.0,0,0.0,0,0.0,0,0.0,0
2012-11-08T09:15:37.500,2273,6494,2273,18,0.0,0,0.0,0,0.0,0,0.0,0,2273.6,44,0.0,0,0.0,0,0.0,0,0.0,0
2012-11-08T09:15:38.000,2273,6566,2273,21,0.0,0,0.0,0,0.0,0,0.0,0,2273.4,2,0.0,0,0.0,0,0.0,0,0.0,0
2012-11-08T09:15:38.500,2272.6,6622,2272.6,23,0.0,0,0.0,0,0.0,0,0.0,0,2273,1,0.0,0,0.0,0,0.0,0,0.0,0
2012-11-08T09:15:39.000,2273,6642,2272.6,18,0.0,0,0.0,0,0.0,0,0.0,0,2273,2,0.0,0,0.0,0,0.0,0,0.0,0
2012-11-08T09:15:39.500,2272.6,6659,2272.6,19,0.0,0,0.0,0,0.0,0,0.0,0,2273,16,0.0,0,0.0,0,0.0,0,0.0,0
2012-11-08T09:15:40.000,2272.6,6691,2272.4,94,0.0,0,0.0,0,0.0,0,0.0,0,2272.6,26,0.0,0,0.0,0,0.0,0,0.0,0
2012-11-08T09:15:40.500,2272.4,6718,2272.4,83,0.0,0,0.0,0,0.0,0,0.0,0,2272.6,15,0.0,0,0.0,0,0.0,0,0.0,0
2012-11-08T09:15:41.000,2273,6813,2272.6,1,0.0,0,0.0,0,0.0,0,0.0,0,2273,10,0.0,0,0.0,0,0.0,0,0.0,0
2012-11-08T09:15:41.500,2273,6831,2272.6,1,0.0,0,0.0,0,0.0,0,0.0,0,2273,12,0.0,0,0.0,0,0.0,0,0.0,0
2012-11-08T09:15:42.000,2272.6,6847,2272.6,15,0.0,0,0.0,0,0.0,0,0.0,0,2272.8,1,0.0,0,0.0,0,0.0,0,0.0,0
2012-11-08T09:15:42.500,2273,6854,2272.8,20,0.0,0,0.0,0,0.0,0,0.0,0,2273,6,0.0,0,0.0,0,0.0,0,0.0,0
2012-11-08T09:15:43.000,2273,6869,2273,70,0.0,0,0.0,0,0.0,0,0.0,0,2273.2,3,0.0,0,0.0,0,0.0,0,0.0,0
2012-11-08T09:15:43.500,2273.4,6881,2273.2,15,0.0,0,0.0,0,0.0,0,0.0,0,2273.4,6,0.0,0,0.0,0,0.0,0,0.0,0
2012-11-08T09:15:44.000,2273.4,6896,2273.4,5,0.0,0,0.0,0,0.0,0,0.0,0,2273.6,36,0.0,0,0.0,0,0.0,0,0.0,0
2012-11-08T09:15:44.500,2273.4,6927,2273.2,13,0.0,0,0.0,0,0.0,0,0.0,0,2273.4,7,0.0,0,0.0,0,0.0,0,0.0,0
2012-11-08T09:15:45.000,2273.4,6945,2273.4,4,0.0,0,0.0,0,0.0,0,0.0,0,2273.6,18,0.0,0,0.0,0,0.0,0,0.0,0
2012-11-08T09:15:45.500,2273.6,6972,2273.4,8,0.0,0,0.0,0,0.0,0,0.0,0,2273.6,15,0.0,0,0.0,0,0.0,0,0.0,0
2012-11-08T09:15:46.000,2273.6,6993,2273.4,1,0.0,0,0.0,0,0.0,0,0.0,0,2273.6,9,0.0,0,0.0,0,0.0,0,0.0,0
2012-11-08T09:15:46.500,2273.4,7009,2273.2,21,0.0,0,0.0,0,0.0,0,0.0,0,2273.4,2,0.0,0,0.0,0,0.0,0,0.0,0
2012-11-08T09:15:47.000,2273.6,7021,2273.6,7,0.0,0,0.0,0,0.0,0,0.0,0,2273.8,20,0.0,0,0.0,0,0.0,0,0.0,0
2012-11-08T09:15:47.500,2273.8,7034,2273.6,6,0.0,0,0.0,0,0.0,0,0.0,0,2273.8,15,0.0,0,0.0,0,0.0,0,0.0,0
2012-11-08T09:15:48.000,2273.8,7056,2273.8,7,0.0,0,0.0,0,0.0,0,0.0,0,2274,9,0.0,0,0.0,0,0.0,0,0.0,0
2012-11-08T09:15:48.500,2274,7063,2273.8,6,0.0,0,0.0,0,0.0,0,0.0,0,2274,10,0.0,0,0.0,0,0.0,0,0.0,0
2012-11-08T09:15:49.000,2274,7108,2273.8,6,0.0,0,0.0,0,0.0,0,0.0,0,2274,84,0.0,0,0.0,0,0.0,0,0.0,0
2012-11-08T09:15:49.500,2273.6,7132,2273.6,10,0.0,0,0.0,0,0.0,0,0.0,0,2273.8,8,0.0,0,0.0,0,0.0,0,0.0,0
2012-11-08T09:15:50.000,2273.8,7230,2273,160,0.0,0,0.0,0,0.0,0,0.0,0,2273.6,5,0.0,0,0.0,0,0.0,0,0.0,0
2012-11-08T09:15:50.500,2273.6,7258,2273.4,1,0.0,0,0.0,0,0.0,0,0.0,0,2273.6,1,0.0,0,0.0,0,0.0,0,0.0,0
2012-11-08T09:15:51.000,2273.4,7265,2273,160,0.0,0,0.0,0,0.0,0,0.0,0,2273.4,2,0.0,0,0.0,0,0.0,0,0.0,0
2012-11-08T09:15:51.500,2273.2,7299,2273,151,0.0,0,0.0,0,0.0,0,0.0,0,2273.6,30,0.0,0,0.0,0,0.0,0,0.0,0
2012-11-08T09:15:52.000,2273.4,7335,2273,144,0.0,0,0.0,0,0.0,0,0.0,0,2273.6,9,0.0,0,0.0,0,0.0,0,0.0,0
2012-11-08T09:15:52.500,2273.4,7348,2273.2,2,0.0,0,0.0,0,0.0,0,0.0,0,2273.4,9,0.0,0,0.0,0,0.0,0,0.0,0
2012-11-08T09:15:53.000,2273.2,7368,2273.2,16,0.0,0,0.0,0,0.0,0,0.0,0,2273.6,27,0.0,0,0.0,0,0.0,0,0.0,0
2012-11-08T09:15:53.500,2273.6,7370,2273.4,2,0.0,0,0.0,0,0.0,0,0.0,0,2273.6,26,0.0,0,0.0,0,0.0,0,0.0,0
2012-11-08T09:15:54.000,2273.2,7384,2273.2,11,0.0,0,0.0,0,0.0,0,0.0,0,2273.4,2,0.0,0,0.0,0,0.0,0,0.0,0
2012-11-08T09:15:54.500,2273.4,7401,2273,163,0.0,0,0.0,0,0.0,0,0.0,0,2273.4,6,0.0,0,0.0,0,0.0,0,0.0,0
2012-11-08T09:15:55.000,2273.6,7518,2273.6,10,0.0,0,0.0,0,0.0,0,0.0,0,2274,25,0.0,0,0.0,0,0.0,0,0.0,0
2012-11-08T09:15:55.500,2273.6,7529,2273.6,22,0.0,0,0.0,0,0.0,0,0.0,0,2273.8,4,0.0,0,0.0,0,0.0,0,0.0,0
2012-11-08T09:15:56.000,2273.6,7558,2273.6,1,0.0,0,0.0,0,0.0,0,0.0,0,2274,25,0.0,0,0.0,0,0.0,0,0.0,0
2012-11-08T09:15:56.500,2273.6,7583,2273.2,6,0.0,0,0.0,0,0.0,0,0.0,0,2273.6,10,0.0,0,0.0,0,0.0,0,0.0,0
2012-11-08T09:15:57.000,2274,7614,2273.8,10,0.0,0,0.0,0,0.0,0,0.0,0,2274,17,0.0,0,0.0,0,0.0,0,0.0,0
2012-11-08T09:15:57.500,2273.8,7624,2273.8,2,0.0,0,0.0,0,0.0,0,0.0,0,2274,27,0.0,0,0.0,0,0.0,0,0.0,0
2012-11-08T09:15:58.000,2274,7660,2273.4,13,0.0,0,0.0,0,0.0,0,0.0,0,2273.8,1,0.0,0,0.0,0,0.0,0,0.0,0
2012-11-08T09:15:58.500,2273.4,7674,2273.4,8,0.0,0,0.0,0,0.0,0,0.0,0,2273.8,10,0.0,0,0.0,0,0.0,0,0.0,0
2012-11-08T09:15:59.000,2273.4,7689,2273.2,32,0.0,0,0.0,0,0.0,0,0.0,0,2273.4,1,0.0,0,0.0,0,0.0,0,0.0,0
2012-11-08T09:15:59.500,2273.8,7696,2273.6,7,0.0,0,0.0,0,0.0,0,0.0,0,2273.8,5,0.0,0,0.0,0,0.0,0,0.0,0
2012-11-08T09:16:00.000,2273.8,7705,2273.6,7,0.0,0,0.0,0,0.0,0,0.0,0,2274,15,0.0,0,0.0,0,0.0,0,0.0,0
2012-11-08T09:16:00.500,2273.6,7747,2273.2,22,0.0,0,0.0,0,0.0,0,0.0,0,2273.6,6,0.0,0,0.0,0,0.0,0,0.0,0
2012-11-08T09:16:01.000,2273.4,7764,2273.4,17,0.0,0,0.0,0,0.0,0,0.0,0,2273.6,15,0.0,0,0.0,0,0.0,0,0.0,0
2012-11-08T09:16:01.500,2273.2,7866,2273,96,0.0,0,0.0,0,0.0,0,0.0,0,2273.2,20,0.0,0,0.0,0,0.0,0,0.0,0
2012-11-08T09:16:02.000,2273,7906,2273,93,0.0,0,0.0,0,0.0,0,0.0,0,2273.8,65,0.0,0,0.0,0,0.0,0,0.0,0
2012-11-08T09:16:02.500,2273.4,7919,2273.2,24,0.0,0,0.0,0,0.0,0,0.0,0,2273.4,24,0.0,0,0.0,0,0.0,0,0.0,0
2012-11-08T09:16:03.000,2273,7948,2273,91,0.0,0,0.0,0,0.0,0,0.0,0,2273.2,4,0.0,0,0.0,0,0.0,0,0.0,0
2012-11-08T09:16:03.500,2273.2,7995,2273,59,0.0,0,0.0,0,0.0,0,0.0,0,2273.2,17,0.0,0,0.0,0,0.0,0,0.0,0
2012-11-08T09:16:04.000,2273,8026,2273,51,0.0,0,0.0,0,0.0,0,0.0,0,2273.2,2,0.0,0,0.0,0,0.0,0,0.0,0
2012-11-08T09:16:04.500,2273,8048,2273,45,0.0,0,0.0,0,0.0,0,0.0,0,2273.2,1,0.0,0,0.0,0,0.0,0,0.0,0
2012-11-08T09:16:05.000,2273,8068,2273,28,0.0,0,0.0,0,0.0,0,0.0,0,2273.4,48,0.0,0,0.0,0,0.0,0,0.0,0
2012-11-08T09:16:05.500,2273.4,8123,2273.2,2,0.0,0,0.0,0,0.0,0,0.0,0,2273.4,19,0.0,0,0.0,0,0.0,0,0.0,0
2012-11-08T09:16:06.000,2273.4,8144,2273.4,30,0.0,0,0.0,0,0.0,0,0.0,0,2273.6,29,0.0,0,0.0,0,0.0,0,0.0,0
2012-11-08T09:16:06.500,2273.6,8185,2273.6,6,0.0,0,0.0,0,0.0,0,0.0,0,2273.8,50,0.0,0,0.0,0,0.0,0,0.0,0
2012-11-08T09:16:07.000,2273.6,8259,2273.4,2,0.0,0,0.0,0,0.0,0,0.0,0,2273.8,16,0.0,0,0.0,0,0.0,0,0.0,0
2012-11-08T09:16:07.500,2273.6,8266,2273.4,6,0.0,0,0.0,0,0.0,0,0.0,0,2273.8,14,0.0,0,0.0,0,0.0,0,0.0,0
2012-11-08T09:16:08.000,2273.4,8299,2273.2,11,0.0,0,0.0,0,0.0,0,0.0,0,2273.4,2,0.0,0,0.0,0,0.0,0,0.0,0
2012-11-08T09:16:08.500,2273.4,8306,2273.6,20,0.0,0,0.0,0,0.0,0,0.0,0,2273.8,15,0.0,0,0.0,0,0.0,0,0.0,0
2012-11-08T09:16:09.000,2273.6,8327,2273.4,3,0.0,0,0.0,0,0.0,0,0.0,0,2273.6,2,0.0,0,0.0,0,0.0,0,0.0,0
2012-11-08T09:16:09.500,2273.4,8337,2273.2,17,0.0,0,0.0,0,0.0,0,0.0,0,2273.4,1,0.0,0,0.0,0,0.0,0,0.0,0
2012-11-08T09:16:10.000,2273.4,8340,2273.4,8,0.0,0,0.0,0,0.0,0,0.0,0,2273.6,7,0.0,0,0.0,0,0.0,0,0.0,0
2012-11-08T09:16:10.500,2273.6,8347,2273.4,12,0.0,0,0.0,0,0.0,0,0.0,0,2273.6,14,0.0,0,0.0,0,0.0,0,0.0,0
2012-11-08T09:16:11.000,2273.4,8358,2273.4,9,0.0,0,0.0,0,0.0,0,0.0,0,2273.6,15,0.0,0,0.0,0,0.0,0,0.0,0
2012-11-08T09:16:11.500,2273.6,8370,2273.4,11,0.0,0,0.0,0,0.0,0,0.0,0,2273.6,4,0.0,0,0.0,0,0.0,0,0.0,0
2012-11-08T09:16:12.000,2273.4,8378,2273.4,10,0.0,0,0.0,0,0.0,0,0.0,0,2273.6,4,0.0,0,0.0,0,0.0,0,0.0,0
2012-11-08T09:16:12.500,2273.8,8395,2273.6,4,0.0,0,0.0,0,0.0,0,0.0,0,2273.8,16,0.0,0,0.0,0,0.0,0,0.0,0
2012-11-08T09:16:13.000,2273.6,8423,2273.4,5,0.0,0,0.0,0,0.0,0,0.0,0,2273.6,8,0.0,0,0.0,0,0.0,0,0.0,0
2012-11-08T09:16:13.500,2273.6,8438,2273.6,2,0.0,0,0.0,0,0.0,0,0.0,0,2273.8,16,0.0,0,0.0,0,0.0,0,0.0,0
2012-11-08T09:16:14.000,2273.6,8455,2273.6,34,0.0,0,0.0,0,0.0,0,0.0,0,2273.8,12,0.0,0,0.0,0,0.0,0,0.0,0
2012-11-08T09:16:14.500,2273.8,8521,2273.8,14,0.0,0,0.0,0,0.0,0,0.0,0,2274,22,0.0,0,0.0,0,0.0,0,0.0,0
2012-11-08T09:16:15.000,2273.8,8542,2273.8,12,0.0,0,0.0,0,0.0,0,0.0,0,2274,16,0.0,0,0.0,0,0.0,0,0.0,0
2012-11-08T09:16:15.500,2274,8564,2273.8,11,0.0,0,0.0,0,0.0,0,0.0,0,2274,3,0.0,0,0.0,0,0.0,0,0.0,0
2012-11-08T09:16:16.000,2274,8602,2274,3,0.0,0,0.0,0,0.0,0,0.0,0,2274.2,11,0.0,0,0.0,0,0.0,0,0.0,0
2012-11-08T09:16:16.500,2274,8611,2273.8,2,0.0,0,0.0,0,0.0,0,0.0,0,2274,22,0.0,0,0.0,0,0.0,0,0.0,0
2012-11-08T09:16:17.000,2273.8,8621,2273.6,15,0.0,0,0.0,0,0.0,0,0.0,0,2273.8,33,0.0,0,0.0,0,0.0,0,0.0,0
2012-11-08T09:16:17.500,2273.6,8640,2273.4,2,0.0,0,0.0,0,0.0,0,0.0,0,2273.6,14,0.0,0,0.0,0,0.0,0,0.0,0
2012-11-08T09:16:18.000,2273.4,8648,2273.2,4,0.0,0,0.0,0,0.0,0,0.0,0,2273.4,8,0.0,0,0.0,0,0.0,0,0.0,0
2012-11-08T09:16:18.500,2273.4,8657,2273.2,4,0.0,0,0.0,0,0.0,0,0.0,0,2273.6,15,0.0,0,0.0,0,0.0,0,0.0,0
2012-11-08T09:16:19.000,2273.4,8667,2273.2,2,0.0,0,0.0,0,0.0,0,0.0,0,2273.4,4,0.0,0,0.0,0,0.0,0,0.0,0
2012-11-08T09:16:19.500,2273.4,8671,2273.2,5,0.0,0,0.0,0,0.0,0,0.0,0,2273.4,2,0.0,0,0.0,0,0.0,0,0.0,0
2012-11-08T09:16:20.000,2273.2,8677,2273,64,0.0,0,0.0,0,0.0,0,0.0,0,2273.4,2,0.0,0,0.0,0,0.0,0,0.0,0
2012-11-08T09:16:20.500,2273.6,8686,2273.4,12,0.0,0,0.0,0,0.0,0,0.0,0,2273.6,11,0.0,0,0.0,0,0.0,0,0.0,0
2012-11-08T09:16:21.000,2273.6,8699,2273.6,29,0.0,0,0.0,0,0.0,0,0.0,0,2273.8,42,0.0,0,0.0,0,0.0,0,0.0,0
2012-11-08T09:16:21.500,2273.8,8710,2273.6,20,0.0,0,0.0,0,0.0,0,0.0,0,2273.8,41,0.0,0,0.0,0,0.0,0,0.0,0
2012-11-08T09:16:22.000,2273.4,8747,2273.4,4,0.0,0,0.0,0,0.0,0,0.0,0,2273.6,2,0.0,0,0.0,0,0.0,0,0.0,0
2012-11-08T09:16:22.500,2273.6,8750,2273.6,2,0.0,0,0.0,0,0.0,0,0.0,0,2273.8,41,0.0,0,0.0,0,0.0,0,0.0,0
2012-11-08T09:16:23.000,2273.6,8755,2273.4,12,0.0,0,0.0,0,0.0,0,0.0,0,2273.6,23,0.0,0,0.0,0,0.0,0,0.0,0
2012-11-08T09:16:23.500,2273.6,8771,2273.4,8,0.0,0,0.0,0,0.0,0,0.0,0,2273.6,13,0.0,0,0.0,0,0.0,0,0.0,0
2012-11-08T09:16:24.000,2273.6,8773,2273.4,9,0.0,0,0.0,0,0.0,0,0.0,0,2273.6,11,0.0,0,0.0,0,0.0,0,0.0,0
2012-11-08T09:16:24.500,2273.6,8781,2273.4,80,0.0,0,0.0,0,0.0,0,0.0,0,2273.6,13,0.0,0,0.0,0,0.0,0,0.0,0
2012-11-08T09:16:25.000,2273.6,8797,2273.6,6,0.0,0,0.0,0,0.0,0,0.0,0,2273.8,38,0.0,0,0.0,0,0.0,0,0.0,0
2012-11-08T09:16:25.500,2273.8,8812,2273.6,4,0.0,0,0.0,0,0.0,0,0.0,0,2273.8,30,0.0,0,0.0,0,0.0,0,0.0,0
2012-11-08T09:16:26.000,2273.6,8820,2273.4,75,0.0,0,0.0,0,0.0,0,0.0,0,2273.8,32,0.0,0,0.0,0,0.0,0,0.0,0
2012-11-08T09:16:26.500,2273.8,8845,2273.4,82,0.0,0,0.0,0,0.0,0,0.0,0,2273.8,10,0.0,0,0.0,0,0.0,0,0.0,0
2012-11-08T09:16:27.000,2273.6,8849,2273.6,34,0.0,0,0.0,0,0.0,0,0.0,0,2273.8,9,0.0,0,0.0,0,0.0,0,0.0,0
2012-11-08T09:16:27.500,2273.6,8863,2273.6,30,0.0,0,0.0,0,0.0,0,0.0,0,2273.8,1,0.0,0,0.0,0,0.0,0,0.0,0
2012-11-08T09:16:28.000,2273.6,8885,2273.8,7,0.0,0,0.0,0,0.0,0,0.0,0,2274,53,0.0,0,0.0,0,0.0,0,0.0,0
2012-11-08T09:16:28.500,2274,8899,2273.8,2,0.0,0,0.0,0,0.0,0,0.0,0,2274,47,0.0,0,0.0,0,0.0,0,0.0,0
2012-11-08T09:16:29.000,2274,8906,2273.8,1,0.0,0,0.0,0,0.0,0,0.0,0,2274,47,0.0,0,0.0,0,0.0,0,0.0,0
2012-11-08T09:16:29.500,2273.8,8909,2273.6,38,0.0,0,0.0,0,0.0,0,0.0,0,2274,53,0.0,0,0.0,0,0.0,0,0.0,0
2012-11-08T09:16:30.000,2274,8945,2273.6,41,0.0,0,0.0,0,0.0,0,0.0,0,2273.8,1,0.0,0,0.0,0,0.0,0,0.0,0
2012-11-08T09:16:30.500,2274.2,8970,2274,13,0.0,0,0.0,0,0.0,0,0.0,0,2274.2,28,0.0,0,0.0,0,0.0,0,0.0,0
2012-11-08T09:16:31.000,2273.8,8986,2273.8,17,0.0,0,0.0,0,0.0,0,0.0,0,2274,1,0.0,0,0.0,0,0.0,0,0.0,0
2012-11-08T09:16:31.500,2274,9014,2274,3,0.0,0,0.0,0,0.0,0,0.0,0,2274.2,19,0.0,0,0.0,0,0.0,0,0.0,0
2012-11-08T09:16:32.000,2274,9017,2274,14,0.0,0,0.0,0,0.0,0,0.0,0,2274.2,19,0.0,0,0.0,0,0.0,0,0.0,0
2012-11-08T09:16:32.500,2274,9019,2274,13,0.0,0,0.0,0,0.0,0,0.0,0,2274.2,18,0.0,0,0.0,0,0.0,0,0.0,0
2012-11-08T09:16:33.000,2274.2,9032,2274,8,0.0,0,0.0,0,0.0,0,0.0,0,2274.2,11,0.0,0,0.0,0,0.0,0,0.0,0
2012-11-08T09:16:33.500,2274.2,9040,2274,5,0.0,0,0.0,0,0.0,0,0.0,0,2274.2,11,0.0,0,0.0,0,0.0,0,0.0,0
2012-11-08T09:16:34.000,2274,9043,2274,2,0.0,0,0.0,0,0.0,0,0.0,0,2274.2,23,0.0,0,0.0,0,0.0,0,0.0,0
2012-11-08T09:16:34.500,2274,9079,2273.8,18,0.0,0,0.0,0,0.0,0,0.0,0,2274,10,0.0,0,0.0,0,0.0,0,0.0,0
2012-11-08T09:16:35.000,2273.8,9104,2273.8,16,0.0,0,0.0,0,0.0,0,0.0,0,2274,7,0.0,0,0.0,0,0.0,0,0.0,0
2012-11-08T09:16:35.500,2274,9120,2273.8,4,0.0,0,0.0,0,0.0,0,0.0,0,2274,20,0.0,0,0.0,0,0.0,0,0.0,0
2012-11-08T09:16:36.000,2274,9127,2273.8,3,0.0,0,0.0,0,0.0,0,0.0,0,2274,15,0.0,0,0.0,0,0.0,0,0.0,0
2012-11-08T09:16:36.500,2273.8,9140,2273.8,9,0.0,0,0.0,0,0.0,0,0.0,0,2274,5,0.0,0,0.0,0,0.0,0,0.0,0
2012-11-08T09:16:37.000,2273.8,9155,2273.8,4,0.0,0,0.0,0,0.0,0,0.0,0,2274,4,0.0,0,0.0,0,0.0,0,0.0,0
2012-11-08T09:16:37.500,2274,9173,2274,38,0.0,0,0.0,0,0.0,0,0.0,0,2274.2,3,0.0,0,0.0,0,0.0,0,0.0,0
2012-11-08T09:16:38.000,2274,9180,2274,42,0.0,0,0.0,0,0.0,0,0.0,0,2274.4,54,0.0,0,0.0,0,0.0,0,0.0,0
2012-11-08T09:16:38.500,2274.4,9199,2274.2,14,0.0,0,0.0,0,0.0,0,0.0,0,2274.4,53,0.0,0,0.0,0,0.0,0,0.0,0
2012-11-08T09:16:39.000,2274.4,9241,2274.2,1,0.0,0,0.0,0,0.0,0,0.0,0,2274.4,49,0.0,0,0.0,0,0.0,0,0.0,0
2012-11-08T09:16:39.500,2274.4,9256,2274,10,0.0,0,0.0,0,0.0,0,0.0,0,2274.4,36,0.0,0,0.0,0,0.0,0,0.0,0
2012-11-08T09:16:40.000,2274.4,9267,2274,10,0.0,0,0.0,0,0.0,0,0.0,0,2274.4,32,0.0,0,0.0,0,0.0,0,0.0,0
2012-11-08T09:16:40.500,2274.2,9282,2274,10,0.0,0,0.0,0,0.0,0,0.0,0,2274.2,11,0.0,0,0.0,0,0.0,0,0.0,0
2012-11-08T09:16:41.000,2274,9300,2273.8,7,0.0,0,0.0,0,0.0,0,0.0,0,2274,1,0.0,0,0.0,0,0.0,0,0.0,0
2012-11-08T09:16:41.500,2274.4,9324,2274,1,0.0,0,0.0,0,0.0,0,0.0,0,2274.4,14,0.0,0,0.0,0,0.0,0,0.0,0
2012-11-08T09:16:42.000,2274.2,9350,2273.6,51,0.0,0,0.0,0,0.0,0,0.0,0,2274,1,0.0,0,0.0,0,0.0,0,0.0,0
2012-11-08T09:16:42.500,2274,9354,2274,2,0.0,0,0.0,0,0.0,0,0.0,0,2274.2,2,0.0,0,0.0,0,0.0,0,0.0,0
2012-11-08T09:16:43.000,2274,9365,2273.8,17,0.0,0,0.0,0,0.0,0,0.0,0,2274,20,0.0,0,0.0,0,0.0,0,0.0,0
2012-11-08T09:16:43.500,2273.8,9385,2273.6,54,0.0,0,0.0,0,0.0,0,0.0,0,2273.8,1,0.0,0,0.0,0,0.0,0,0.0,0
2012-11-08T09:16:44.000,2274,9399,2273.8,2,0.0,0,0.0,0,0.0,0,0.0,0,2274,1,0.0,0,0.0,0,0.0,0,0.0,0
2012-11-08T09:16:44.500,2273.8,9405,2273.8,9,0.0,0,0.0,0,0.0,0,0.0,0,2274,9,0.0,0,0.0,0,0.0,0,0.0,0
2012-11-08T09:16:45.000,2273.8,9411,2273.8,17,0.0,0,0.0,0,0.0,0,0.0,0,2274,7,0.0,0,0.0,0,0.0,0,0.0,0
2012-11-08T09:16:45.500,2273.8,9415,2273.8,15,0.0,0,0.0,0,0.0,0,0.0,0,2274,7,0.0,0,0.0,0,0.0,0,0.0,0
2012-11-08T09:16:46.000,2274,9420,2273.8,30,0.0,0,0.0,0,0.0,0,0.0,0,2274,3,0.0,0,0.0,0,0.0,0,0.0,0
2012-11-08T09:16:46.500,2274,9426,2274,48,0.0,0,0.0,0,0.0,0,0.0,0,2274.2,11,0.0,0,0.0,0,0.0,0,0.0,0
2012-11-08T09:16:47.000,2274,9462,2274,65,0.0,0,0.0,0,0.0,0,0.0,0,2274.2,13,0.0,0,0.0,0,0.0,0,0.0,0
2012-11-08T09:16:47.500,2274.2,9493,2274.2,12,0.0,0,0.0,0,0.0,0,0.0,0,2274.4,27,0.0,0,0.0,0,0.0,0,0.0,0
2012-11-08T09:16:48.000,2274.4,9529,2274.4,4,0.0,0,0.0,0,0.0,0,0.0,0,2274.6,27,0.0,0,0.0,0,0.0,0,0.0,0
2012-11-08T09:16:48.500,2274.2,9578,2274.2,49,0.0,0,0.0,0,0.0,0,0.0,0,2274.6,13,0.0,0,0.0,0,0.0,0,0.0,0
2012-11-08T09:16:49.000,2274.4,9582,2274.4,2,0.0,0,0.0,0,0.0,0,0.0,0,2274.6,12,0.0,0,0.0,0,0.0,0,0.0,0
2012-11-08T09:16:49.500,2274.4,9586,2274.4,14,0.0,0,0.0,0,0.0,0,0.0,0,2274.6,9,0.0,0,0.0,0,0.0,0,0.0,0
2012-11-08T09:16:50.000,2274.6,9597,2274.6,2,0.0,0,0.0,0,0.0,0,0.0,0,2274.8,37,0.0,0,0.0,0,0.0,0,0.0,0
2012-11-08T09:16:50.500,2274.8,9637,2274.6,1,0.0,0,0.0,0,0.0,0,0.0,0,2274.8,27,0.0,0,0.0,0,0.0,0,0.0,0
2012-11-08T09:16:51.000,2274.8,9671,2274.8,45,0.0,0,0.0,0,0.0,0,0.0,0,2275,30,0.0,0,0.0,0,0.0,0,0.0,0
2012-11-08T09:16:51.500,2274.8,9680,2274.8,44,0.0,0,0.0,0,0.0,0,0.0,0,2275,26,0.0,0,0.0,0,0.0,0,0.0,0
2012-11-08T09:16:52.000,2274.8,9710,2275,1,0.0,0,0.0,0,0.0,0,0.0,0,2275.2,12,0.0,0,0.0,0,0.0,0,0.0,0
2012-11-08T09:16:52.500,2275,9718,2275,5,0.0,0,0.0,0,0.0,0,0.0,0,2275.2,8,0.0,0,0.0,0,0.0,0,0.0,0
2012-11-08T09:16:53.000,2275.2,9733,2275,15,0.0,0,0.0,0,0.0,0,0.0,0,2275.2,4,0.0,0,0.0,0,0.0,0,0.0,0
2012-11-08T09:16:53.500,2275,9802,2274.8,46,0.0,0,0.0,0,0.0,0,0.0,0,2275,1,0.0,0,0.0,0,0.0,0,0.0,0
2012-11-08T09:16:54.000,2275.2,9819,2274.8,39,0.0,0,0.0,0,0.0,0,0.0,0,2275.2,7,0.0,0,0.0,0,0.0,0,0.0,0
2012-11-08T09:16:54.500,2274.8,9841,2275,3,0.0,0,0.0,0,0.0,0,0.0,0,2275.2,7,0.0,0,0.0,0,0.0,0,0.0,0
2012-11-08T09:16:55.000,2274.8,9866,2274.8,22,0.0,0,0.0,0,0.0,0,0.0,0,2275.2,5,0.0,0,0.0,0,0.0,0,0.0,0
2012-11-08T09:16:55.500,2275.2,9877,2275.2,4,0.0,0,0.0,0,0.0,0,0.0,0,2275.4,4,0.0,0,0.0,0,0.0,0,0.0,0
2012-11-08T09:16:56.000,2275.2,9886,2275.2,5,0.0,0,0.0,0,0.0,0,0.0,0,2275.4,7,0.0,0,0.0,0,0.0,0,0.0,0
2012-11-08T09:16:56.500,2275.2,9901,2275,5,0.0,0,0.0,0,0.0,0,0.0,0,2275.2,11,0.0,0,0.0,0,0.0,0,0.0,0
2012-11-08T09:16:57.000,2275.2,9914,2275,8,0.0,0,0.0,0,0.0,0,0.0,0,2275.2,3,0.0,0,0.0,0,0.0,0,0.0,0
2012-11-08T09:16:57.500,2275.4,9922,2275.2,7,0.0,0,0.0,0,0.0,0,0.0,0,2275.4,8,0.0,0,0.0,0,0.0,0,0.0,0
2012-11-08T09:16:58.000,2275.2,9936,2275.2,1,0.0,0,0.0,0,0.0,0,0.0,0,2275.4,24,0.0,0,0.0,0,0.0,0,0.0,0
2012-11-08T09:16:58.500,2275.4,9964,2275.2,3,0.0,0,0.0,0,0.0,0,0.0,0,2275.4,7,0.0,0,0.0,0,0.0,0,0.0,0
2012-11-08T09:16:59.000,2275.2,9970,2275.2,22,0.0,0,0.0,0,0.0,0,0.0,0,2275.4,4,0.0,0,0.0,0,0.0,0,0.0,0
2012-11-08T09:16:59.500,2275.2,9984,2275.4,41,0.0,0,0.0,0,0.0,0,0.0,0,2275.6,47,0.0,0,0.0,0,0.0,0,0.0,0
2012-11-08T09:17:00.000,2275.6,10029,2275.4,19,0.0,0,0.0,0,0.0,0,0.0,0,2275.6,15,0.0,0,0.0,0,0.0,0,0.0,0
2012-11-08T09:17:00.500,2275.6,10055,2275.6,37,0.0,0,0.0,0,0.0,0,0.0,0,2275.8,14,0.0,0,0.0,0,0.0,0,0.0,0
2012-11-08T09:17:01.000,2275.8,10089,2275.6,39,0.0,0,0.0,0,0.0,0,0.0,0,2276,14,0.0,0,0.0,0,0.0,0,0.0,0
2012-11-08T09:17:01.500,2276,10120,2276,21,0.0,0,0.0,0,0.0,0,0.0,0,2276.2,16,0.0,0,0.0,0,0.0,0,0.0,0
2012-11-08T09:17:02.000,2276.2,10172,2276.2,2,0.0,0,0.0,0,0.0,0,0.0,0,2276.8,11,0.0,0,0.0,0,0.0,0,0.0,0
2012-11-08T09:17:02.500,2276.4,10219,2276.2,24,0.0,0,0.0,0,0.0,0,0.0,0,2276.6,24,0.0,0,0.0,0,0.0,0,0.0,0
2012-11-08T09:17:03.000,2277,10292,2276.8,11,0.0,0,0.0,0,0.0,0,0.0,0,2277,7,0.0,0,0.0,0,0.0,0,0.0,0
2012-11-08T09:17:03.500,2277,10364,2277.4,1,0.0,0,0.0,0,0.0,0,0.0,0,2277.8,20,0.0,0,0.0,0,0.0,0,0.0,0
2012-11-08T09:17:04.000,2277.8,10433,2277.8,16,0.0,0,0.0,0,0.0,0,0.0,0,2278,80,0.0,0,0.0,0,0.0,0,0.0,0
2012-11-08T09:17:04.500,2278,10513,2277.6,6,0.0,0,0.0,0,0.0,0,0.0,0,2278,57,0.0,0,0.0,0,0.0,0,0.0,0
2012-11-08T09:17:05.000,2277.8,10596,2277,25,0.0,0,0.0,0,0.0,0,0.0,0,2277.6,1,0.0,0,0.0,0,0.0,0,0.0,0
2012-11-08T09:17:05.500,2277.6,10663,2277.2,20,0.0,0,0.0,0,0.0,0,0.0,0,2277.8,13,0.0,0,0.0,0,0.0,0,0.0,0
2012-11-08T09:17:06.000,2277.2,10706,2277.2,34,0.0,0,0.0,0,0.0,0,0.0,0,2277.6,38,0.0,0,0.0,0,0.0,0,0.0,0
2012-11-08T09:17:06.500,2277.2,10786,2277.2,5,0.0,0,0.0,0,0.0,0,0.0,0,2277.6,24,0.0,0,0.0,0,0.0,0,0.0,0
2012-11-08T09:17:07.000,2277.6,10833,2277,24,0.0,0,0.0,0,0.0,0,0.0,0,2277.6,23,0.0,0,0.0,0,0.0,0,0.0,0
2012-11-08T09:17:07.500,2277.6,10880,2277.6,8,0.0,0,0.0,0,0.0,0,0.0,0,2277.8,13,0.0,0,0.0,0,0.0,0,0.0,0
2012-11-08T09:17:08.000,2276.8,10974,2276.6,18,0.0,0,0.0,0,0.0,0,0.0,0,2276.8,38,0.0,0,0.0,0,0.0,0,0.0,0
2012-11-08T09:17:08.500,2276.8,11057,2277,3,0.0,0,0.0,0,0.0,0,0.0,0,2277.6,18,0.0,0,0.0,0,0.0,0,0.0,0
2012-11-08T09:17:09.000,2277.8,11099,2277.6,11,0.0,0,0.0,0,0.0,0,0.0,0,2277.8,18,0.0,0,0.0,0,0.0,0,0.0,0
2012-11-08T09:17:09.500,2277.8,11149,2277.8,1,0.0,0,0.0,0,0.0,0,0.0,0,2278,38,0.0,0,0.0,0,0.0,0,0.0,0
2012-11-08T09:17:10.000,2277.8,11174,2277.8,1,0.0,0,0.0,0,0.0,0,0.0,0,2278,30,0.0,0,0.0,0,0.0,0,0.0,0
2012-11-08T09:17:10.500,2278,11204,2277.8,10,0.0,0,0.0,0,0.0,0,0.0,0,2278,12,0.0,0,0.0,0,0.0,0,0.0,0
2012-11-08T09:17:11.000,2278,11240,2278,4,0.0,0,0.0,0,0.0,0,0.0,0,2278.2,38,0.0,0,0.0,0,0.0,0,0.0,0
2012-11-08T09:17:11.500,2277.8,11257,2277.8,24,0.0,0,0.0,0,0.0,0,0.0,0,2278,36,0.0,0,0.0,0,0.0,0,0.0,0
2012-11-08T09:17:12.000,2277.6,11307,2277.4,3,0.0,0,0.0,0,0.0,0,0.0,0,2277.6,2,0.0,0,0.0,0,0.0,0,0.0,0
2012-11-08T09:17:12.500,2277.2,11348,2277,31,0.0,0,0.0,0,0.0,0,0.0,0,2277.4,4,0.0,0,0.0,0,0.0,0,0.0,0
2012-11-08T09:17:13.000,2277.4,11421,2277,1,0.0,0,0.0,0,0.0,0,0.0,0,2277.4,14,0.0,0,0.0,0,0.0,0,0.0,0
2012-11-08T09:17:13.500,2277.2,11489,2276.8,1,0.0,0,0.0,0,0.0,0,0.0,0,2277,1,0.0,0,0.0,0,0.0,0,0.0,0
2012-11-08T09:17:14.000,2276.8,11510,2276.4,15,0.0,0,0.0,0,0.0,0,0.0,0,2276.8,26,0.0,0,0.0,0,0.0,0,0.0,0
2012-11-08T09:17:14.500,2276.8,11530,2276.6,11,0.0,0,0.0,0,0.0,0,0.0,0,2276.8,9,0.0,0,0.0,0,0.0,0,0.0,0
2012-11-08T09:17:15.000,2276.4,11569,2276.4,5,0.0,0,0.0,0,0.0,0,0.0,0,2277.2,3,0.0,0,0.0,0,0.0,0,0.0,0
2012-11-08T09:17:15.500,2276.8,11634,2276.6,5,0.0,0,0.0,0,0.0,0,0.0,0,2276.8,7,0.0,0,0.0,0,0.0,0,0.0,0
2012-11-08T09:17:16.000,2277,11662,2276.8,1,0.0,0,0.0,0,0.0,0,0.0,0,2277.2,4,0.0,0,0.0,0,0.0,0,0.0,0
2012-11-08T09:17:16.500,2277,11690,2276.4,2,0.0,0,0.0,0,0.0,0,0.0,0,2277,5,0.0,0,0.0,0,0.0,0,0.0,0
2012-11-08T09:17:17.000,2276.8,11697,2276.4,4,0.0,0,0.0,0,0.0,0,0.0,0,2276.6,8,0.0,0,0.0,0,0.0,0,0.0,0
2012-11-08T09:17:17.500,2276.6,11759,2276.4,23,0.0,0,0.0,0,0.0,0,0.0,0,2276.6,3,0.0,0,0.0,0,0.0,0,0.0,0
2012-11-08T09:17:18.000,2276.6,11780,2276.6,21,0.0,0,0.0,0,0.0,0,0.0,0,2276.8,2,0.0,0,0.0,0,0.0,0,0.0,0
2012-11-08T09:17:18.500,2276.6,11781,2276.6,21,0.0,0,0.0,0,0.0,0,0.0,0,2276.8,4,0.0,0,0.0,0,0.0,0,0.0,0
2012-11-08T09:17:19.000,2276.6,11796,2276.8,6,0.0,0,0.0,0,0.0,0,0.0,0,2277,54,0.0,0,0.0,0,0.0,0,0.0,0
2012-11-08T09:17:19.500,2277,11824,2276.8,8,0.0,0,0.0,0,0.0,0,0.0,0,2277,37,0.0,0,0.0,0,0.0,0,0.0,0
2012-11-08T09:17:20.000,2276.8,11843,2276.6,21,0.0,0,0.0,0,0.0,0,0.0,0,2276.8,8,0.0,0,0.0,0,0.0,0,0.0,0
2012-11-08T09:17:20.500,2276.8,11862,2276.6,5,0.0,0,0.0,0,0.0,0,0.0,0,2276.8,4,0.0,0,0.0,0,0.0,0,0.0,0
2012-11-08T09:17:21.000,2276.8,11877,2276.6,8,0.0,0,0.0,0,0.0,0,0.0,0,2276.8,1,0.0,0,0.0,0,0.0,0,0.0,0
2012-11-08T09:17:21.500,2276.8,11896,2276.4,19,0.0,0,0.0,0,0.0,0,0.0,0,2276.6,1,0.0,0,0.0,0,0.0,0,0.0,0
2012-11-08T09:17:22.000,2276.6,11908,2276.4,13,0.0,0,0.0,0,0.0,0,0.0,0,2276.8,3,0.0,0,0.0,0,0.0,0,0.0,0
2012-11-08T09:17:22.500,2276.4,11918,2276.4,12,0.0,0,0.0,0,0.0,0,0.0,0,2276.8,5,0.0,0,0.0,0,0.0,0,0.0,0
2012-11-08T09:17:23.000,2276.8,11930,2276.4,6,0.0,0,0.0,0,0.0,0,0.0,0,2276.8,4,0.0,0,0.0,0,0.0,0,0.0,0
2012-11-08T09:17:23.500,2276.4,11937,2276.2,9,0.0,0,0.0,0,0.0,0,0.0,0,2276.4,2,0.0,0,0.0,0,0.0,0,0.0,0
2012-11-08T09:17:24.000,2276.4,11964,2276.4,2,0.0,0,0.0,0,0.0,0,0.0,0,2277,37,0.0,0,0.0,0,0.0,0,0.0,0
2012-11-08T09:17:24.500,2276.8,11991,2276.4,6,0.0,0,0.0,0,0.0,0,0.0,0,2276.8,36,0.0,0,0.0,0,0.0,0,0.0,0
2012-11-08T09:17:25.000,2276,12009,2276,30,0.0,0,0.0,0,0.0,0,0.0,0,2276.4,20,0.0,0,0.0,0,0.0,0,0.0,0
2012-11-08T09:17:25.500,2276.4,12032,2276,27,0.0,0,0.0,0,0.0,0,0.0,0,2276.4,2,0.0,0,0.0,0,0.0,0,0.0,0
2012-11-08T09:17:26.000,2276.4,12058,2276.4,3,0.0,0,0.0,0,0.0,0,0.0,0,2276.6,1,0.0,0,0.0,0,0.0,0,0.0,0
2012-11-08T09:17:26.500,2276.6,12065,2276.4,14,0.0,0,0.0,0,0.0,0,0.0,0,2276.6,5,0.0,0,0.0,0,0.0,0,0.0,0
2012-11-08T09:17:27.000,2276.6,12069,2276.4,21,0.0,0,0.0,0,0.0,0,0.0,0,2276.6,4,0.0,0,0.0,0,0.0,0,0.0,0
2012-11-08T09:17:27.500,2276.6,12070,2276.6,4,0.0,0,0.0,0,0.0,0,0.0,0,2276.8,38,0.0,0,0.0,0,0.0,0,0.0,0
2012-11-08T09:17:28.000,2276.4,12103,2276.6,3,0.0,0,0.0,0,0.0,0,0.0,0,2276.8,24,0.0,0,0.0,0,0.0,0,0.0,0
2012-11-08T09:17:28.500,2276.4,12130,2276.4,8,0.0,0,0.0,0,0.0,0,0.0,0,2276.8,9,0.0,0,0.0,0,0.0,0,0.0,0
2012-11-08T09:17:29.000,2277,12160,2276.8,2,0.0,0,0.0,0,0.0,0,0.0,0,2277,38,0.0,0,0.0,0,0.0,0,0.0,0
2012-11-08T09:17:29.500,2276.8,12173,2276.8,14,0.0,0,0.0,0,0.0,0,0.0,0,2277,32,0.0,0,0.0,0,0.0,0,0.0,0
2012-11-08T09:17:30.000,2276.8,12205,2276.8,10,0.0,0,0.0,0,0.0,0,0.0,0,2277,7,0.0,0,0.0,0,0.0,0,0.0,0
2012-11-08T09:17:30.500,2277,12244,2277,6,0.0,0,0.0,0,0.0,0,0.0,0,2277.2,10,0.0,0,0.0,0,0.0,0,0.0,0
2012-11-08T09:17:31.000,2277,12251,2277,5,0.0,0,0.0,0,0.0,0,0.0,0,2277.2,10,0.0,0,0.0,0,0.0,0,0.0,0
2012-11-08T09:17:31.500,2277.2,12273,2276.8,7,0.0,0,0.0,0,0.0,0,0.0,0,2277.2,17,0.0,0,0.0,0,0.0,0,0.0,0
2012-11-08T09:17:32.000,2277,12279,2276.8,17,0.0,0,0.0,0,0.0,0,0.0,0,2277,5,0.0,0,0.0,0,0.0,0,0.0,0
2012-11-08T09:17:32.500,2277,12294,2277,5,0.0,0,0.0,0,0.0,0,0.0,0,2277.2,25,0.0,0,0.0,0,0.0,0,0.0,0
2012-11-08T09:17:33.000,2276.8,12308,2276.8,7,0.0,0,0.0,0,0.0,0,0.0,0,2277,28,0.0,0,0.0,0,0.0,0,0.0,0
2012-11-08T09:17:33.500,2277,12316,2276.8,4,0.0,0,0.0,0,0.0,0,0.0,0,2277,25,0.0,0,0.0,0,0.0,0,0.0,0
2012-11-08T09:17:34.000,2276.8,12331,2276.6,9,0.0,0,0.0,0,0.0,0,0.0,0,2276.8,14,0.0,0,0.0,0,0.0,0,0.0,0
2012-11-08T09:17:34.500,2276.8,12347,2276.6,5,0.0,0,0.0,0,0.0,0,0.0,0,2276.8,5,0.0,0,0.0,0,0.0,0,0.0,0
2012-11-08T09:17:35.000,2276.8,12351,2276.6,5,0.0,0,0.0,0,0.0,0,0.0,0,2276.8,8,0.0,0,0.0,0,0.0,0,0.0,0
2012-11-08T09:17:35.500,2276.8,12368,2276.6,1,0.0,0,0.0,0,0.0,0,0.0,0,2276.8,8,0.0,0,0.0,0,0.0,0,0.0,0
2012-11-08T09:17:36.000,2276.8,12380,2276.6,6,0.0,0,0.0,0,0.0,0,0.0,0,2276.8,8,0.0,0,0.0,0,0.0,0,0.0,0
2012-11-08T09:17:36.500,2276.8,12388,2276.6,4,0.0,0,0.0,0,0.0,0,0.0,0,2276.8,3,0.0,0,0.0,0,0.0,0,0.0,0
2012-11-08T09:17:37.000,2277,12393,2276.8,1,0.0,0,0.0,0,0.0,0,0.0,0,2277,59,0.0,0,0.0,0,0.0,0,0.0,0
2012-11-08T09:17:37.500,2276.6,12400,2276.6,6,0.0,0,0.0,0,0.0,0,0.0,0,2277,62,0.0,0,0.0,0,0.0,0,0.0,0
2012-11-08T09:17:38.000,2276.4,12413,2276.4,45,0.0,0,0.0,0,0.0,0,0.0,0,2276.8,30,0.0,0,0.0,0,0.0,0,0.0,0
2012-11-08T09:17:38.500,2276.4,12419,2276.4,50,0.0,0,0.0,0,0.0,0,0.0,0,2276.8,32,0.0,0,0.0,0,0.0,0,0.0,0
2012-11-08T09:17:39.000,2276.8,12430,2276.6,2,0.0,0,0.0,0,0.0,0,0.0,0,2276.8,33,0.0,0,0.0,0,0.0,0,0.0,0
2012-11-08T09:17:39.500,2276.8,12457,2276.6,7,0.0,0,0.0,0,0.0,0,0.0,0,2276.8,6,0.0,0,0.0,0,0.0,0,0.0,0
2012-11-08T09:17:40.000,2276.6,12468,2276.6,10,0.0,0,0.0,0,0.0,0,0.0,0,2276.8,2,0.0,0,0.0,0,0.0,0,0.0,0
2012-11-08T09:17:40.500,2276.6,12473,2276.6,15,0.0,0,0.0,0,0.0,0,0.0,0,2277,83,0.0,0,0.0,0,0.0,0,0.0,0
2012-11-08T09:17:41.000,2276.6,12480,2276.6,12,0.0,0,0.0,0,0.0,0,0.0,0,2276.8,1,0.0,0,0.0,0,0.0,0,0.0,0
2012-11-08T09:17:41.500,2276.8,12497,2276.6,19,0.0,0,0.0,0,0.0,0,0.0,0,2277,85,0.0,0,0.0,0,0.0,0,0.0,0
2012-11-08T09:17:42.000,2277,12588,2277,14,0.0,0,0.0,0,0.0,0,0.0,0,2277.2,23,0.0,0,0.0,0,0.0,0,0.0,0
2012-11-08T09:17:42.500,2277,12597,2277,8,0.0,0,0.0,0,0.0,0,0.0,0,2277.2,22,0.0,0,0.0,0,0.0,0,0.0,0
2012-11-08T09:17:43.000,2277,12601,2277,8,0.0,0,0.0,0,0.0,0,0.0,0,2277.2,21,0.0,0,0.0,0,0.0,0,0.0,0
2012-11-08T09:17:43.500,2277.2,12611,2277,8,0.0,0,0.0,0,0.0,0,0.0,0,2277.2,15,0.0,0,0.0,0,0.0,0,0.0,0
2012-11-08T09:17:44.000,2277.2,12625,2277,23,0.0,0,0.0,0,0.0,0,0.0,0,2277.2,12,0.0,0,0.0,0,0.0,0,0.0,0
2012-11-08T09:17:44.500,2277,12637,2277,13,0.0,0,0.0,0,0.0,0,0.0,0,2277.2,12,0.0,0,0.0,0,0.0,0,0.0,0
2012-11-08T09:17:45.000,2276.8,12661,2276.8,8,0.0,0,0.0,0,0.0,0,0.0,0,2277.2,13,0.0,0,0.0,0,0.0,0,0.0,0
2012-11-08T09:17:45.500,2277.2,12686,2276.8,12,0.0,0,0.0,0,0.0,0,0.0,0,2277.6,29,0.0,0,0.0,0,0.0,0,0.0,0
2012-11-08T09:17:46.000,2277,12697,2277,7,0.0,0,0.0,0,0.0,0,0.0,0,2277.2,1,0.0,0,0.0,0,0.0,0,0.0,0
2012-11-08T09:17:46.500,2277.2,12714,2277,13,0.0,0,0.0,0,0.0,0,0.0,0,2277.4,11,0.0,0,0.0,0,0.0,0,0.0,0
2012-11-08T09:17:47.000,2277,12730,2277.2,3,0.0,0,0.0,0,0.0,0,0.0,0,2277.6,37,0.0,0,0.0,0,0.0,0,0.0,0
2012-11-08T09:17:47.500,2277.2,12735,2277.2,13,0.0,0,0.0,0,0.0,0,0.0,0,2277.4,14,0.0,0,0.0,0,0.0,0,0.0,0
2012-11-08T09:17:48.000,2277.4,12746,2277.2,9,0.0,0,0.0,0,0.0,0,0.0,0,2277.4,6,0.0,0,0.0,0,0.0,0,0.0,0
2012-11-08T09:17:48.500,2277.2,12752,2277.2,7,0.0,0,0.0,0,0.0,0,0.0,0,2277.4,8,0.0,0,0.0,0,0.0,0,0.0,0
2012-11-08T09:17:49.000,2277.4,12763,2277.2,1,0.0,0,0.0,0,0.0,0,0.0,0,2277.4,36,0.0,0,0.0,0,0.0,0,0.0,0
2012-11-08T09:17:49.500,2277.2,12791,2277,45,0.0,0,0.0,0,0.0,0,0.0,0,2277.2,1,0.0,0,0.0,0,0.0,0,0.0,0
2012-11-08T09:17:50.000,2277.2,12808,2277,39,0.0,0,0.0,0,0.0,0,0.0,0,2277.2,7,0.0,0,0.0,0,0.0,0,0.0,0
2012-11-08T09:17:50.500,2277,12812,2277,37,0.0,0,0.0,0,0.0,0,0.0,0,2277.2,6,0.0,0,0.0,0,0.0,0,0.0,0
2012-11-08T09:17:51.000,2277.4,12831,2277.2,11,0.0,0,0.0,0,0.0,0,0.0,0,2277.4,21,0.0,0,0.0,0,0.0,0,0.0,0
2012-11-08T09:17:51.500,2277.2,12844,2277.2,5,0.0,0,0.0,0,0.0,0,0.0,0,2277.4,22,0.0,0,0.0,0,0.0,0,0.0,0
2012-11-08T09:17:52.000,2277.4,12862,2277.4,24,0.0,0,0.0,0,0.0,0,0.0,0,2277.6,39,0.0,0,0.0,0,0.0,0,0.0,0
2012-11-08T09:17:52.500,2277.4,12869,2277.4,18,0.0,0,0.0,0,0.0,0,0.0,0,2277.6,40,0.0,0,0.0,0,0.0,0,0.0,0
2012-11-08T09:17:53.000,2277.4,12877,2277.4,12,0.0,0,0.0,0,0.0,0,0.0,0,2277.6,38,0.0,0,0.0,0,0.0,0,0.0,0
2012-11-08T09:17:53.500,2277.4,12895,2277.4,4,0.0,0,0.0,0,0.0,0,0.0,0,2277.6,30,0.0,0,0.0,0,0.0,0,0.0,0
2012-11-08T09:17:54.000,2277.6,12907,2277.2,12,0.0,0,0.0,0,0.0,0,0.0,0,2277.6,26,0.0,0,0.0,0,0.0,0,0.0,0
2012-11-08T09:17:54.500,2277.6,12918,2277.2,10,0.0,0,0.0,0,0.0,0,0.0,0,2277.6,18,0.0,0,0.0,0,0.0,0,0.0,0
2012-11-08T09:17:55.000,2277.4,12925,2277.4,9,0.0,0,0.0,0,0.0,0,0.0,0,2277.6,15,0.0,0,0.0,0,0.0,0,0.0,0
2012-11-08T09:17:55.500,2277.6,12939,2277.4,12,0.0,0,0.0,0,0.0,0,0.0,0,2277.6,2,0.0,0,0.0,0,0.0,0,0.0,0
2012-11-08T09:17:56.000,2277.6,12953,2277.4,8,0.0,0,0.0,0,0.0,0,0.0,0,2277.6,6,0.0,0,0.0,0,0.0,0,0.0,0
2012-11-08T09:17:56.500,2277.4,12957,2277.4,3,0.0,0,0.0,0,0.0,0,0.0,0,2277.6,17,0.0,0,0.0,0,0.0,0,0.0,0
2012-11-08T09:17:57.000,2277.2,12965,2277.2,29,0.0,0,0.0,0,0.0,0,0.0,0,2277.4,3,0.0,0,0.0,0,0.0,0,0.0,0
2012-11-08T09:17:57.500,2277.4,12983,2277.2,20,0.0,0,0.0,0,0.0,0,0.0,0,2277.6,17,0.0,0,0.0,0,0.0,0,0.0,0
2012-11-08T09:17:58.000,2277.4,12987,2277.2,53,0.0,0,0.0,0,0.0,0,0.0,0,2277.4,2,0.0,0,0.0,0,0.0,0,0.0,0
2012-11-08T09:17:58.500,2277.2,12999,2277.2,45,0.0,0,0.0,0,0.0,0,0.0,0,2277.4,14,0.0,0,0.0,0,0.0,0,0.0,0
2012-11-08T09:17:59.000,2277.4,13005,2277.2,43,0.0,0,0.0,0,0.0,0,0.0,0,2277.4,11,0.0,0,0.0,0,0.0,0,0.0,0
2012-11-08T09:17:59.500,2277.2,13031,2277.2,19,0.0,0,0.0,0,0.0,0,0.0,0,2277.4,30,0.0,0,0.0,0,0.0,0,0.0,0
2012-11-08T09:18:00.000,2277.2,13051,2277,65,0.0,0,0.0,0,0.0,0,0.0,0,2277.2,33,0.0,0,0.0,0,0.0,0,0.0,0
2012-11-08T09:18:00.500,2277.2,13092,2277,44,0.0,0,0.0,0,0.0,0,0.0,0,2277.2,30,0.0,0,0.0,0,0.0,0,0.0,0
2012-11-08T09:18:01.000,2277.2,13120,2277,24,0.0,0,0.0,0,0.0,0,0.0,0,2277.2,35,0.0,0,0.0,0,0.0,0,0.0,0
2012-11-08T09:18:01.500,2277,13149,2276.8,15,0.0,0,0.0,0,0.0,0,0.0,0,2277,18,0.0,0,0.0,0,0.0,0,0.0,0
2012-11-08T09:18:02.000,2277,13179,2276.6,21,0.0,0,0.0,0,0.0,0,0.0,0,2277,24,0.0,0,0.0,0,0.0,0,0.0,0
2012-11-08T09:18:02.500,2276.8,13204,2276.8,8,0.0,0,0.0,0,0.0,0,0.0,0,2277,27,0.0,0,0.0,0,0.0,0,0.0,0
2012-11-08T09:18:03.000,2276.8,13213,2276.8,3,0.0,0,0.0,0,0.0,0,0.0,0,2277,25,0.0,0,0.0,0,0.0,0,0.0,0
2012-11-08T09:18:03.500,2276.8,13277,2276.8,3,0.0,0,0.0,0,0.0,0,0.0,0,2277.2,25,0.0,0,0.0,0,0.0,0,0.0,0
2012-11-08T09:18:04.000,2276.6,13290,2276.6,15,0.0,0,0.0,0,0.0,0,0.0,0,2277,1,0.0,0,0.0,0,0.0,0,0.0,0
2012-11-08T09:18:04.500,2276.8,13301,2276.8,9,0.0,0,0.0,0,0.0,0,0.0,0,2277,5,0.0,0,0.0,0,0.0,0,0.0,0
2012-11-08T09:18:05.000,2276.8,13309,2276.8,2,0.0,0,0.0,0,0.0,0,0.0,0,2277,8,0.0,0,0.0,0,0.0,0,0.0,0
2012-11-08T09:18:05.500,2276.8,13318,2276.6,9,0.0,0,0.0,0,0.0,0,0.0,0,2276.8,11,0.0,0,0.0,0,0.0,0,0.0,0
2012-11-08T09:18:06.000,2276.8,13333,2276.6,6,0.0,0,0.0,0,0.0,0,0.0,0,2276.8,31,0.0,0,0.0,0,0.0,0,0.0,0
2012-11-08T09:18:06.500,2276.4,13346,2276.4,40,0.0,0,0.0,0,0.0,0,0.0,0,2276.6,1,0.0,0,0.0,0,0.0,0,0.0,0
2012-11-08T09:18:07.000,2276.4,13348,2276.4,39,0.0,0,0.0,0,0.0,0,0.0,0,2276.6,5,0.0,0,0.0,0,0.0,0,0.0,0
2012-11-08T09:18:07.500,2276.4,13352,2276.4,35,0.0,0,0.0,0,0.0,0,0.0,0,2276.6,5,0.0,0,0.0,0,0.0,0,0.0,0
2012-11-08T09:18:08.000,2276.8,13401,2276.6,6,0.0,0,0.0,0,0.0,0,0.0,0,2276.8,16,0.0,0,0.0,0,0.0,0,0.0,0
2012-11-08T09:18:08.500,2276.8,13419,2276.6,9,0.0,0,0.0,0,0.0,0,0.0,0,2276.8,3,0.0,0,0.0,0,0.0,0,0.0,0
2012-11-08T09:18:09.000,2276.4,13430,2276.4,8,0.0,0,0.0,0,0.0,0,0.0,0,2276.6,13,0.0,0,0.0,0,0.0,0,0.0,0
2012-11-08T09:18:09.500,2276.6,13444,2276.6,5,0.0,0,0.0,0,0.0,0,0.0,0,2276.8,7,0.0,0,0.0,0,0.0,0,0.0,0
2012-11-08T09:18:10.000,2276.6,13451,2276.6,2,0.0,0,0.0,0,0.0,0,0.0,0,2276.8,9,0.0,0,0.0,0,0.0,0,0.0,0
2012-11-08T09:18:10.500,2276.4,13455,2276.4,12,0.0,0,0.0,0,0.0,0,0.0,0,2276.6,16,0.0,0,0.0,0,0.0,0,0.0,0
2012-11-08T09:18:11.000,2276.6,13467,2276.4,5,0.0,0,0.0,0,0.0,0,0.0,0,2276.6,37,0.0,0,0.0,0,0.0,0,0.0,0
2012-11-08T09:18:11.500,2276.4,13482,2276.2,28,0.0,0,0.0,0,0.0,0,0.0,0,2276.4,6,0.0,0,0.0,0,0.0,0,0.0,0
2012-11-08T09:18:12.000,2276.4,13484,2276.2,30,0.0,0,0.0,0,0.0,0,0.0,0,2276.4,8,0.0,0,0.0,0,0.0,0,0.0,0
2012-11-08T09:18:12.500,2276.4,13487,2276.2,29,0.0,0,0.0,0,0.0,0,0.0,0,2276.4,7,0.0,0,0.0,0,0.0,0,0.0,0
2012-11-08T09:18:13.000,2276.2,13496,2276.2,26,0.0,0,0.0,0,0.0,0,0.0,0,2276.4,19,0.0,0,0.0,0,0.0,0,0.0,0
2012-11-08T09:18:13.500,2276.2,13527,2276.2,19,0.0,0,0.0,0,0.0,0,0.0,0,2276.6,38,0.0,0,0.0,0,0.0,0,0.0,0
2012-11-08T09:18:14.000,2276.4,13532,2276.2,16,0.0,0,0.0,0,0.0,0,0.0,0,2276.4,4,0.0,0,0.0,0,0.0,0,0.0,0
2012-11-08T09:18:14.500,2276.4,13536,2276.2,34,0.0,0,0.0,0,0.0,0,0.0,0,2276.4,5,0.0,0,0.0,0,0.0,0,0.0,0
2012-11-08T09:18:15.000,2276.2,13544,2276.2,30,0.0,0,0.0,0,0.0,0,0.0,0,2276.4,2,0.0,0,0.0,0,0.0,0,0.0,0
2012-11-08T09:18:15.500,2276.4,13549,2276.4,2,0.0,0,0.0,0,0.0,0,0.0,0,2276.6,39,0.0,0,0.0,0,0.0,0,0.0,0
2012-11-08T09:18:16.000,2276.4,13558,2276.4,27,0.0,0,0.0,0,0.0,0,0.0,0,2276.6,39,0.0,0,0.0,0,0.0,0,0.0,0
2012-11-08T09:18:16.500,2276.6,13576,2276.4,20,0.0,0,0.0,0,0.0,0,0.0,0,2276.6,32,0.0,0,0.0,0,0.0,0,0.0,0
2012-11-08T09:18:17.000,2276.4,13584,2276.4,22,0.0,0,0.0,0,0.0,0,0.0,0,2276.6,27,0.0,0,0.0,0,0.0,0,0.0,0
2012-11-08T09:18:17.500,2276.8,13631,2276.4,10,0.0,0,0.0,0,0.0,0,0.0,0,2276.8,7,0.0,0,0.0,0,0.0,0,0.0,0
2012-11-08T09:18:18.000,2276.4,13647,2276.2,25,0.0,0,0.0,0,0.0,0,0.0,0,2276.8,7,0.0,0,0.0,0,0.0,0,0.0,0
2012-11-08T09:18:18.500,2276.4,13653,2276.2,28,0.0,0,0.0,0,0.0,0,0.0,0,2276.4,1,0.0,0,0.0,0,0.0,0,0.0,0
2012-11-08T09:18:19.000,2276.4,13654,2276.2,32,0.0,0,0.0,0,0.0,0,0.0,0,2276.6,2,0.0,0,0.0,0,0.0,0,0.0,0
2012-11-08T09:18:19.500,2276.4,13662,2276.4,8,0.0,0,0.0,0,0.0,0,0.0,0,2276.6,4,0.0,0,0.0,0,0.0,0,0.0,0
2012-11-08T09:18:20.000,2276.4,13674,2276.2,32,0.0,0,0.0,0,0.0,0,0.0,0,2276.4,2,0.0,0,0.0,0,0.0,0,0.0,0
2012-11-08T09:18:20.500,2276.2,13678,2276.2,36,0.0,0,0.0,0,0.0,0,0.0,0,2276.6,5,0.0,0,0.0,0,0.0,0,0.0,0
2012-11-08T09:18:21.250,2276.4,13686,2276.2,52,0.0,0,0.0,0,0.0,0,0.0,0,2276.4,4,0.0,0,0.0,0,0.0,0,0.0,0
2012-11-08T09:18:22.000,2276.4,13692,2276.2,51,0.0,0,0.0,0,0.0,0,0.0,0,2276.4,7,0.0,0,0.0,0,0.0,0,0.0,0
2012-11-08T09:18:22.500,2276.4,13708,2276.2,52,0.0,0,0.0,0,0.0,0,0.0,0,2276.6,7,0.0,0,0.0,0,0.0,0,0.0,0
2012-11-08T09:18:23.000,2276.4,13762,2276.4,9,0.0,0,0.0,0,0.0,0,0.0,0,2276.6,8,0.0,0,0.0,0,0.0,0,0.0,0
2012-11-08T09:18:23.500,2276.6,13774,2276.6,8,0.0,0,0.0,0,0.0,0,0.0,0,2276.8,9,0.0,0,0.0,0,0.0,0,0.0,0
2012-11-08T09:18:24.000,2276.6,13785,2276.2,9,0.0,0,0.0,0,0.0,0,0.0,0,2276.8,14,0.0,0,0.0,0,0.0,0,0.0,0
2012-11-08T09:18:24.500,2276.6,13795,2276.6,6,0.0,0,0.0,0,0.0,0,0.0,0,2276.8,11,0.0,0,0.0,0,0.0,0,0.0,0
2012-11-08T09:18:25.000,2276.6,13809,2276.6,12,0.0,0,0.0,0,0.0,0,0.0,0,2276.8,15,0.0,0,0.0,0,0.0,0,0.0,0
2012-11-08T09:18:25.500,2276.6,13812,2276.6,9,0.0,0,0.0,0,0.0,0,0.0,0,2276.8,17,0.0,0,0.0,0,0.0,0,0.0,0
2012-11-08T09:18:26.000,2276.6,13814,2276.4,8,0.0,0,0.0,0,0.0,0,0.0,0,2276.8,18,0.0,0,0.0,0,0.0,0,0.0,0
2012-11-08T09:18:26.500,2276.8,13821,2276.4,8,0.0,0,0.0,0,0.0,0,0.0,0,2276.8,16,0.0,0,0.0,0,0.0,0,0.0,0
2012-11-08T09:18:27.000,2276.6,13830,2276.6,13,0.0,0,0.0,0,0.0,0,0.0,0,2276.8,12,0.0,0,0.0,0,0.0,0,0.0,0
2012-11-08T09:18:27.500,2276.8,13833,2276.6,11,0.0,0,0.0,0,0.0,0,0.0,0,2276.8,11,0.0,0,0.0,0,0.0,0,0.0,0
2012-11-08T09:18:28.000,2276.8,13836,2276.6,9,0.0,0,0.0,0,0.0,0,0.0,0,2276.8,9,0.0,0,0.0,0,0.0,0,0.0,0
2012-11-08T09:18:28.500,2276.8,13838,2276.6,8,0.0,0,0.0,0,0.0,0,0.0,0,2276.8,9,0.0,0,0.0,0,0.0,0,0.0,0
2012-11-08T09:18:29.000,2277,13874,2276.6,6,0.0,0,0.0,0,0.0,0,0.0,0,2277,68,0.0,0,0.0,0,0.0,0,0.0,0
2012-11-08T09:18:29.500,2276.8,13875,2276.8,2,0.0,0,0.0,0,0.0,0,0.0,0,2277,69,0.0,0,0.0,0,0.0,0,0.0,0
2012-11-08T09:18:30.000,2276.6,13883,2276.8,1,0.0,0,0.0,0,0.0,0,0.0,0,2277,68,0.0,0,0.0,0,0.0,0,0.0,0
2012-11-08T09:18:30.500,2276.6,13886,2276.6,7,0.0,0,0.0,0,0.0,0,0.0,0,2277,68,0.0,0,0.0,0,0.0,0,0.0,0
2012-11-08T09:18:31.000,2276.8,13896,2276.4,7,0.0,0,0.0,0,0.0,0,0.0,0,2276.6,1,0.0,0,0.0,0,0.0,0,0.0,0
2012-11-08T09:18:31.500,2276.8,13907,2276.8,1,0.0,0,0.0,0,0.0,0,0.0,0,2277,66,0.0,0,0.0,0,0.0,0,0.0,0
2012-11-08T09:18:32.250,2277,13944,2276.6,1,0.0,0,0.0,0,0.0,0,0.0,0,2277,33,0.0,0,0.0,0,0.0,0,0.0,0
2012-11-08T09:18:33.000,2276.6,13945,2276.6,8,0.0,0,0.0,0,0.0,0,0.0,0,2277,32,0.0,0,0.0,0,0.0,0,0.0,0
2012-11-08T09:18:33.500,2276.6,13947,2276.6,17,0.0,0,0.0,0,0.0,0,0.0,0,2276.8,1,0.0,0,0.0,0,0.0,0,0.0,0
2012-11-08T09:18:34.250,2277,13957,2276.6,25,0.0,0,0.0,0,0.0,0,0.0,0,2277,26,0.0,0,0.0,0,0.0,0,0.0,0
2012-11-08T09:18:35.000,2276.8,13980,2276.6,20,0.0,0,0.0,0,0.0,0,0.0,0,2276.8,2,0.0,0,0.0,0,0.0,0,0.0,0
2012-11-08T09:18:35.500,2276.6,13982,2276.6,25,0.0,0,0.0,0,0.0,0,0.0,0,2276.8,2,0.0,0,0.0,0,0.0,0,0.0,0
2012-11-08T09:18:36.000,2276.8,13983,2276.6,17,0.0,0,0.0,0,0.0,0,0.0,0,2276.8,2,0.0,0,0.0,0,0.0,0,0.0,0
2012-11-08T09:18:36.500,2276.6,13989,2276.6,16,0.0,0,0.0,0,0.0,0,0.0,0,2277,21,0.0,0,0.0,0,0.0,0,0.0,0
2012-11-08T09:18:37.250,2276.6,13992,2276.6,15,0.0,0,0.0,0,0.0,0,0.0,0,2276.8,1,0.0,0,0.0,0,0.0,0,0.0,0
2012-11-08T09:18:38.000,2276.8,13996,2276.6,9,0.0,0,0.0,0,0.0,0,0.0,0,2277,27,0.0,0,0.0,0,0.0,0,0.0,0
2012-11-08T09:18:38.500,2277,13997,2276.6,9,0.0,0,0.0,0,0.0,0,0.0,0,2276.8,1,0.0,0,0.0,0,0.0,0,0.0,0
2012-11-08T09:18:39.000,2276.6,13999,2276.6,8,0.0,0,0.0,0,0.0,0,0.0,0,2277,27,0.0,0,0.0,0,0.0,0,0.0,0
2012-11-08T09:18:39.500,2277,14005,2276.6,4,0.0,0,0.0,0,0.0,0,0.0,0,2277,32,0.0,0,0.0,0,0.0,0,0.0,0
2012-11-08T09:18:40.000,2276.8,14007,2276.6,7,0.0,0,0.0,0,0.0,0,0.0,0,2277,26,0.0,0,0.0,0,0.0,0,0.0,0
2012-11-08T09:18:40.500,2276.8,14008,2276.6,8,0.0,0,0.0,0,0.0,0,0.0,0,2276.8,1,0.0,0,0.0,0,0.0,0,0.0,0
2012-11-08T09:18:41.000,2276.6,14009,2276.6,10,0.0,0,0.0,0,0.0,0,0.0,0,2276.8,1,0.0,0,0.0,0,0.0,0,0.0,0
2012-11-08T09:18:41.500,2276.6,14021,2276.4,21,0.0,0,0.0,0,0.0,0,0.0,0,2276.6,18,0.0,0,0.0,0,0.0,0,0.0,0
2012-11-08T09:18:42.000,2276.6,14022,2276.4,21,0.0,0,0.0,0,0.0,0,0.0,0,2276.6,17,0.0,0,0.0,0,0.0,0,0.0,0
2012-11-08T09:18:42.500,2277,14080,2276.4,19,0.0,0,0.0,0,0.0,0,0.0,0,2277,26,0.0,0,0.0,0,0.0,0,0.0,0
2012-11-08T09:18:43.250,2276.4,14083,2276.4,18,0.0,0,0.0,0,0.0,0,0.0,0,2276.8,3,0.0,0,0.0,0,0.0,0,0.0,0
2012-11-08T09:18:44.000,2276.8,14092,2276.4,11,0.0,0,0.0,0,0.0,0,0.0,0,2276.8,7,0.0,0,0.0,0,0.0,0,0.0,0
2012-11-08T09:18:44.500,2276.8,14097,2276.6,1,0.0,0,0.0,0,0.0,0,0.0,0,2276.8,5,0.0,0,0.0,0,0.0,0,0.0,0
2012-11-08T09:18:45.000,2276.4,14099,2276.6,1,0.0,0,0.0,0,0.0,0,0.0,0,2276.8,5,0.0,0,0.0,0,0.0,0,0.0,0
2012-11-08T09:18:45.500,2276.6,14101,2276.4,10,0.0,0,0.0,0,0.0,0,0.0,0,2276.8,5,0.0,0,0.0,0,0.0,0,0.0,0
2012-11-08T09:18:46.000,2276.4,14104,2276.4,7,0.0,0,0.0,0,0.0,0,0.0,0,2276.8,6,0.0,0,0.0,0,0.0,0,0.0,0
2012-11-08T09:18:46.500,2276.8,14106,2276.4,6,0.0,0,0.0,0,0.0,0,0.0,0,2276.8,6,0.0,0,0.0,0,0.0,0,0.0,0
2012-11-08T09:18:47.000,2276.8,14111,2276.6,1,0.0,0,0.0,0,0.0,0,0.0,0,2276.8,3,0.0,0,0.0,0,0.0,0,0.0,0
2012-11-08T09:18:47.500,2276.8,14112,2276.6,1,0.0,0,0.0,0,0.0,0,0.0,0,2276.8,2,0.0,0,0.0,0,0.0,0,0.0,0
2012-11-08T09:18:48.000,2276.6,14114,2276.4,6,0.0,0,0.0,0,0.0,0,0.0,0,2276.8,1,0.0,0,0.0,0,0.0,0,0.0,0
2012-11-08T09:18:48.500,2276.6,14117,2276.4,5,0.0,0,0.0,0,0.0,0,0.0,0,2276.6,4,0.0,0,0.0,0,0.0,0,0.0,0
2012-11-08T09:18:49.000,2276.4,14121,2276.4,5,0.0,0,0.0,0,0.0,0,0.0,0,2276.6,3,0.0,0,0.0,0,0.0,0,0.0,0
2012-11-08T09:18:49.500,2276.4,14122,2276.4,4,0.0,0,0.0,0,0.0,0,0.0,0,2276.6,5,0.0,0,0.0,0,0.0,0,0.0,0
2012-11-08T09:18:50.000,2276.2,14130,2276.2,46,0.0,0,0.0,0,0.0,0,0.0,0,2276.6,6,0.0,0,0.0,0,0.0,0,0.0,0
2012-11-08T09:18:50.500,2276.4,14132,2276.2,46,0.0,0,0.0,0,0.0,0,0.0,0,2276.4,3,0.0,0,0.0,0,0.0,0,0.0,0
2012-11-08T09:18:51.000,2276.2,14149,2276.2,61,0.0,0,0.0,0,0.0,0,0.0,0,2276.6,7,0.0,0,0.0,0,0.0,0,0.0,0
2012-11-08T09:18:51.500,2276.2,14167,2276.2,45,0.0,0,0.0,0,0.0,0,0.0,0,2276.6,20,0.0,0,0.0,0,0.0,0,0.0,0
2012-11-08T09:18:52.000,2276.2,14172,2276.4,21,0.0,0,0.0,0,0.0,0,0.0,0,2276.6,21,0.0,0,0.0,0,0.0,0,0.0,0
2012-11-08T09:18:52.500,2276.4,14184,2276.4,11,0.0,0,0.0,0,0.0,0,0.0,0,2276.6,20,0.0,0,0.0,0,0.0,0,0.0,0
2012-11-08T09:18:53.000,2276.4,14195,2276.2,39,0.0,0,0.0,0,0.0,0,0.0,0,2276.4,5,0.0,0,0.0,0,0.0,0,0.0,0
2012-11-08T09:18:53.500,2276.2,14201,2276.2,34,0.0,0,0.0,0,0.0,0,0.0,0,2276.4,6,0.0,0,0.0,0,0.0,0,0.0,0
2012-11-08T09:18:54.000,2276.2,14203,2276.2,34,0.0,0,0.0,0,0.0,0,0.0,0,2276.4,7,0.0,0,0.0,0,0.0,0,0.0,0
2012-11-08T09:18:54.500,2276.2,14205,2276.2,42,0.0,0,0.0,0,0.0,0,0.0,0,2276.4,9,0.0,0,0.0,0,0.0,0,0.0,0
2012-11-08T09:18:55.000,2276.4,14206,2276.2,42,0.0,0,0.0,0,0.0,0,0.0,0,2276.4,11,0.0,0,0.0,0,0.0,0,0.0,0
2012-11-08T09:18:55.500,2276.2,14213,2276.2,34,0.0,0,0.0,0,0.0,0,0.0,0,2276.4,12,0.0,0,0.0,0,0.0,0,0.0,0
2012-11-08T09:18:56.250,2276.4,14217,2276.2,31,0.0,0,0.0,0,0.0,0,0.0,0,2276.4,12,0.0,0,0.0,0,0.0,0,0.0,0
2012-11-08T09:18:57.000,2276.4,14227,2276.2,24,0.0,0,0.0,0,0.0,0,0.0,0,2276.4,11,0.0,0,0.0,0,0.0,0,0.0,0
2012-11-08T09:18:57.500,2276.2,14234,2276.2,18,0.0,0,0.0,0,0.0,0,0.0,0,2276.4,10,0.0,0,0.0,0,0.0,0,0.0,0
2012-11-08T09:18:58.000,2276.2,14250,2276.2,5,0.0,0,0.0,0,0.0,0,0.0,0,2276.4,8,0.0,0,0.0,0,0.0,0,0.0,0
2012-11-08T09:18:58.500,2276.2,14257,2276,103,0.0,0,0.0,0,0.0,0,0.0,0,2276.2,13,0.0,0,0.0,0,0.0,0,0.0,0
2012-11-08T09:18:59.000,2276.2,14261,2276,103,0.0,0,0.0,0,0.0,0,0.0,0,2276.2,10,0.0,0,0.0,0,0.0,0,0.0,0
2012-11-08T09:18:59.500,2276.2,14264,2276,103,0.0,0,0.0,0,0.0,0,0.0,0,2276.2,8,0.0,0,0.0,0,0.0,0,0.0,0
2012-11-08T09:19:00.000,2276,14268,2276,101,0.0,0,0.0,0,0.0,0,0.0,0,2276.2,6,0.0,0,0.0,0,0.0,0,0.0,0
2012-11-08T09:19:00.500,2276,14302,2276,87,0.0,0,0.0,0,0.0,0,0.0,0,2276.2,7,0.0,0,0.0,0,0.0,0,0.0,0
2012-11-08T09:19:01.000,2276,14314,2276,77,0.0,0,0.0,0,0.0,0,0.0,0,2276.2,5,0.0,0,0.0,0,0.0,0,0.0,0
2012-11-08T09:19:01.500,2276,14318,2276,74,0.0,0,0.0,0,0.0,0,0.0,0,2276.2,4,0.0,0,0.0,0,0.0,0,0.0,0
2012-11-08T09:19:02.000,2276,14330,2276,68,0.0,0,0.0,0,0.0,0,0.0,0,2276.2,2,0.0,0,0.0,0,0.0,0,0.0,0
2012-11-08T09:19:02.500,2276,14366,2276,32,0.0,0,0.0,0,0.0,0,0.0,0,2276.2,8,0.0,0,0.0,0,0.0,0,0.0,0
2012-11-08T09:19:03.000,2276,14371,2276,28,0.0,0,0.0,0,0.0,0,0.0,0,2276.2,2,0.0,0,0.0,0,0.0,0,0.0,0
2012-11-08T09:19:03.500,2276,14381,2276,25,0.0,0,0.0,0,0.0,0,0.0,0,2276.2,3,0.0,0,0.0,0,0.0,0,0.0,0
2012-11-08T09:19:04.000,2276.2,14398,2276,10,0.0,0,0.0,0,0.0,0,0.0,0,2276.2,2,0.0,0,0.0,0,0.0,0,0.0,0
2012-11-08T09:19:04.500,2276,14407,2276,8,0.0,0,0.0,0,0.0,0,0.0,0,2276.4,12,0.0,0,0.0,0,0.0,0,0.0,0
2012-11-08T09:19:05.000,2276,14418,2275.8,17,0.0,0,0.0,0,0.0,0,0.0,0,2276,10,0.0,0,0.0,0,0.0,0,0.0,0
2012-11-08T09:19:05.500,2276,14435,2275.8,10,0.0,0,0.0,0,0.0,0,0.0,0,2276,2,0.0,0,0.0,0,0.0,0,0.0,0
2012-11-08T09:19:06.000,2275.8,14448,2275.8,2,0.0,0,0.0,0,0.0,0,0.0,0,2276.4,12,0.0,0,0.0,0,0.0,0,0.0,0
2012-11-08T09:19:06.500,2276,14457,2275.8,13,0.0,0,0.0,0,0.0,0,0.0,0,2276,2,0.0,0,0.0,0,0.0,0,0.0,0
2012-11-08T09:19:07.000,2275.8,14472,2275.8,6,0.0,0,0.0,0,0.0,0,0.0,0,2276.2,13,0.0,0,0.0,0,0.0,0,0.0,0
2012-11-08T09:19:07.500,2275.8,14479,2275.8,11,0.0,0,0.0,0,0.0,0,0.0,0,2276,1,0.0,0,0.0,0,0.0,0,0.0,0
2012-11-08T09:19:08.000,2275.6,14493,2275.6,17,0.0,0,0.0,0,0.0,0,0.0,0,2275.8,2,0.0,0,0.0,0,0.0,0,0.0,0
2012-11-08T09:19:08.500,2275.6,14499,2275.6,15,0.0,0,0.0,0,0.0,0,0.0,0,2275.8,21,0.0,0,0.0,0,0.0,0,0.0,0
2012-11-08T09:19:09.000,2275.6,14516,2275.4,61,0.0,0,0.0,0,0.0,0,0.0,0,2275.6,3,0.0,0,0.0,0,0.0,0,0.0,0
2012-11-08T09:19:09.500,2275.4,14519,2275.4,60,0.0,0,0.0,0,0.0,0,0.0,0,2275.6,9,0.0,0,0.0,0,0.0,0,0.0,0
2012-11-08T09:19:10.000,2275.4,14533,2275.4,48,0.0,0,0.0,0,0.0,0,0.0,0,2275.6,12,0.0,0,0.0,0,0.0,0,0.0,0
2012-11-08T09:19:10.500,2275.4,14626,2275.4,23,0.0,0,0.0,0,0.0,0,0.0,0,2276.6,8,0.0,0,0.0,0,0.0,0,0.0,0
2012-11-08T09:19:11.000,2275.6,14648,2275.8,6,0.0,0,0.0,0,0.0,0,0.0,0,2276.2,20,0.0,0,0.0,0,0.0,0,0.0,0
2012-11-08T09:19:11.500,2276,14683,2276,43,0.0,0,0.0,0,0.0,0,0.0,0,2276.2,6,0.0,0,0.0,0,0.0,0,0.0,0
2012-11-08T09:19:12.000,2276,14705,2276,27,0.0,0,0.0,0,0.0,0,0.0,0,2276.4,1,0.0,0,0.0,0,0.0,0,0.0,0
2012-11-08T09:19:12.500,2276.4,14714,2276.2,5,0.0,0,0.0,0,0.0,0,0.0,0,2276.4,2,0.0,0,0.0,0,0.0,0,0.0,0
2012-11-08T09:19:13.000,2276.4,14720,2276.2,5,0.0,0,0.0,0,0.0,0,0.0,0,2276.6,24,0.0,0,0.0,0,0.0,0,0.0,0
2012-11-08T09:19:13.500,2276,14728,2276,29,0.0,0,0.0,0,0.0,0,0.0,0,2276.6,24,0.0,0,0.0,0,0.0,0,0.0,0
2012-11-08T09:19:14.000,2276.6,14748,2276,15,0.0,0,0.0,0,0.0,0,0.0,0,2276.6,23,0.0,0,0.0,0,0.0,0,0.0,0
2012-11-08T09:19:14.500,2276.6,14756,2276.2,4,0.0,0,0.0,0,0.0,0,0.0,0,2276.4,2,0.0,0,0.0,0,0.0,0,0.0,0
2012-11-08T09:19:15.000,2276,14782,2275.8,20,0.0,0,0.0,0,0.0,0,0.0,0,2276,10,0.0,0,0.0,0,0.0,0,0.0,0
2012-11-08T09:19:15.500,2275.8,14789,2275.8,13,0.0,0,0.0,0,0.0,0,0.0,0,2276,5,0.0,0,0.0,0,0.0,0,0.0,0
2012-11-08T09:19:16.000,2276,14791,2275.8,13,0.0,0,0.0,0,0.0,0,0.0,0,2276,3,0.0,0,0.0,0,0.0,0,0.0,0
2012-11-08T09:19:16.500,2275.8,14794,2275.8,7,0.0,0,0.0,0,0.0,0,0.0,0,2276,1,0.0,0,0.0,0,0.0,0,0.0,0
2012-11-08T09:19:17.000,2275.8,14799,2275.8,26,0.0,0,0.0,0,0.0,0,0.0,0,2276,1,0.0,0,0.0,0,0.0,0,0.0,0
2012-11-08T09:19:17.500,2275.8,14822,2275.8,15,0.0,0,0.0,0,0.0,0,0.0,0,2276.2,1,0.0,0,0.0,0,0.0,0,0.0,0
2012-11-08T09:19:18.000,2275.8,14826,2275.8,18,0.0,0,0.0,0,0.0,0,0.0,0,2276,13,0.0,0,0.0,0,0.0,0,0.0,0
2012-11-08T09:19:18.500,2276,14829,2275.8,21,0.0,0,0.0,0,0.0,0,0.0,0,2276,15,0.0,0,0.0,0,0.0,0,0.0,0
2012-11-08T09:19:19.000,2276,14831,2275.8,22,0.0,0,0.0,0,0.0,0,0.0,0,2276,26,0.0,0,0.0,0,0.0,0,0.0,0
2012-11-08T09:19:19.500,2276,14837,2275.8,31,0.0,0,0.0,0,0.0,0,0.0,0,2276,20,0.0,0,0.0,0,0.0,0,0.0,0
2012-11-08T09:19:20.000,2275.8,14842,2275.8,29,0.0,0,0.0,0,0.0,0,0.0,0,2276,21,0.0,0,0.0,0,0.0,0,0.0,0
2012-11-08T09:19:20.500,2276,14843,2275.8,34,0.0,0,0.0,0,0.0,0,0.0,0,2276,20,0.0,0,0.0,0,0.0,0,0.0,0
2012-11-08T09:19:21.000,2276,14870,2275.8,18,0.0,0,0.0,0,0.0,0,0.0,0,2276,18,0.0,0,0.0,0,0.0,0,0.0,0
2012-11-08T09:19:21.500,2276,14877,2275.8,18,0.0,0,0.0,0,0.0,0,0.0,0,2276,11,0.0,0,0.0,0,0.0,0,0.0,0
2012-11-08T09:19:22.000,2275.8,14892,2275.8,16,0.0,0,0.0,0,0.0,0,0.0,0,2276.2,4,0.0,0,0.0,0,0.0,0,0.0,0
2012-11-08T09:19:22.500,2275.8,14895,2276,4,0.0,0,0.0,0,0.0,0,0.0,0,2276.2,4,0.0,0,0.0,0,0.0,0,0.0,0
2012-11-08T09:19:23.000,2276,14899,2276,6,0.0,0,0.0,0,0.0,0,0.0,0,2276.2,3,0.0,0,0.0,0,0.0,0,0.0,0
2012-11-08T09:19:23.500,2276,14907,2276,2,0.0,0,0.0,0,0.0,0,0.0,0,2276.2,1,0.0,0,0.0,0,0.0,0,0.0,0
2012-11-08T09:19:24.000,2276,14908,2276,2,0.0,0,0.0,0,0.0,0,0.0,0,2276.2,1,0.0,0,0.0,0,0.0,0,0.0,0
2012-11-08T09:19:24.500,2276.2,14911,2276,3,0.0,0,0.0,0,0.0,0,0.0,0,2276.4,11,0.0,0,0.0,0,0.0,0,0.0,0
2012-11-08T09:19:25.000,2276,14912,2276,3,0.0,0,0.0,0,0.0,0,0.0,0,2276.4,17,0.0,0,0.0,0,0.0,0,0.0,0
2012-11-08T09:19:25.500,2276,14913,2276,8,0.0,0,0.0,0,0.0,0,0.0,0,2276.4,22,0.0,0,0.0,0,0.0,0,0.0,0
2012-11-08T09:19:26.000,2276,14914,2276,8,0.0,0,0.0,0,0.0,0,0.0,0,2276.2,1,0.0,0,0.0,0,0.0,0,0.0,0
2012-11-08T09:19:26.500,2275.8,14937,2275.8,6,0.0,0,0.0,0,0.0,0,0.0,0,2276,5,0.0,0,0.0,0,0.0,0,0.0,0
2012-11-08T09:19:27.000,2276,14938,2275.8,7,0.0,0,0.0,0,0.0,0,0.0,0,2276,5,0.0,0,0.0,0,0.0,0,0.0,0
2012-11-08T09:19:27.500,2276,14948,2276,4,0.0,0,0.0,0,0.0,0,0.0,0,2276.2,13,0.0,0,0.0,0,0.0,0,0.0,0
2012-11-08T09:19:28.000,2276,14952,2276,1,0.0,0,0.0,0,0.0,0,0.0,0,2276.2,13,0.0,0,0.0,0,0.0,0,0.0,0
2012-11-08T09:19:28.500,2276.2,14954,2276,2,0.0,0,0.0,0,0.0,0,0.0,0,2276.2,11,0.0,0,0.0,0,0.0,0,0.0,0
2012-11-08T09:19:29.000,2276,14966,2275.8,15,0.0,0,0.0,0,0.0,0,0.0,0,2276,5,0.0,0,0.0,0,0.0,0,0.0,0
2012-11-08T09:19:29.500,2276.4,15001,2275.8,1,0.0,0,0.0,0,0.0,0,0.0,0,2276.4,22,0.0,0,0.0,0,0.0,0,0.0,0
2012-11-08T09:19:30.000,2276,15003,2275.8,8,0.0,0,0.0,0,0.0,0,0.0,0,2276,2,0.0,0,0.0,0,0.0,0,0.0,0
2012-11-08T09:19:30.500,2276,15015,2275.6,22,0.0,0,0.0,0,0.0,0,0.0,0,2276,8,0.0,0,0.0,0,0.0,0,0.0,0
2012-11-08T09:19:31.000,2275.8,15018,2275.6,42,0.0,0,0.0,0,0.0,0,0.0,0,2275.8,2,0.0,0,0.0,0,0.0,0,0.0,0
2012-11-08T09:19:31.500,2275.6,15028,2275.8,1,0.0,0,0.0,0,0.0,0,0.0,0,2276,6,0.0,0,0.0,0,0.0,0,0.0,0
2012-11-08T09:19:32.250,2275.6,15029,2275.8,4,0.0,0,0.0,0,0.0,0,0.0,0,2276,7,0.0,0,0.0,0,0.0,0,0.0,0
2012-11-08T09:19:33.000,2275.8,15036,2275.6,38,0.0,0,0.0,0,0.0,0,0.0,0,2276,6,0.0,0,0.0,0,0.0,0,0.0,0
2012-11-08T09:19:33.500,2275.8,15039,2275.6,38,0.0,0,0.0,0,0.0,0,0.0,0,2275.8,4,0.0,0,0.0,0,0.0,0,0.0,0
2012-11-08T09:19:34.000,2276,15048,2276,4,0.0,0,0.0,0,0.0,0,0.0,0,2276.2,14,0.0,0,0.0,0,0.0,0,0.0,0
2012-11-08T09:19:34.500,2276,15050,2276,2,0.0,0,0.0,0,0.0,0,0.0,0,2276.2,15,0.0,0,0.0,0,0.0,0,0.0,0
2012-11-08T09:19:35.000,2276,15052,2276,1,0.0,0,0.0,0,0.0,0,0.0,0,2276.2,14,0.0,0,0.0,0,0.0,0,0.0,0
2012-11-08T09:19:35.500,2276,15053,2275.8,4,0.0,0,0.0,0,0.0,0,0.0,0,2276.2,15,0.0,0,0.0,0,0.0,0,0.0,0
2012-11-08T09:19:37.000,2275.8,15054,2275.8,6,0.0,0,0.0,0,0.0,0,0.0,0,2276,1,0.0,0,0.0,0,0.0,0,0.0,0
2012-11-08T09:19:37.500,2276,15056,2275.8,6,0.0,0,0.0,0,0.0,0,0.0,0,2276.2,18,0.0,0,0.0,0,0.0,0,0.0,0
2012-11-08T09:19:38.000,2275.8,15079,2275.8,3,0.0,0,0.0,0,0.0,0,0.0,0,2276.2,1,0.0,0,0.0,0,0.0,0,0.0,0
2012-11-08T09:19:38.500,2275.8,15080,2276,1,0.0,0,0.0,0,0.0,0,0.0,0,2276.2,1,0.0,0,0.0,0,0.0,0,0.0,0
2012-11-08T09:19:39.000,2276,15084,2275.8,25,0.0,0,0.0,0,0.0,0,0.0,0,2276.2,2,0.0,0,0.0,0,0.0,0,0.0,0
2012-11-08T09:19:39.500,2276.2,15085,2275.8,25,0.0,0,0.0,0,0.0,0,0.0,0,2276,1,0.0,0,0.0,0,0.0,0,0.0,0
2012-11-08T09:19:40.000,2276.2,15092,2276.2,29,0.0,0,0.0,0,0.0,0,0.0,0,2276.4,22,0.0,0,0.0,0,0.0,0,0.0,0
2012-11-08T09:19:40.500,2276.2,15094,2276.2,27,0.0,0,0.0,0,0.0,0,0.0,0,2276.4,23,0.0,0,0.0,0,0.0,0,0.0,0
2012-11-08T09:19:41.000,2276.4,15101,2276.2,22,0.0,0,0.0,0,0.0,0,0.0,0,2276.4,20,0.0,0,0.0,0,0.0,0,0.0,0
2012-11-08T09:19:41.500,2276.2,15104,2276.2,20,0.0,0,0.0,0,0.0,0,0.0,0,2276.4,19,0.0,0,0.0,0,0.0,0,0.0,0
2012-11-08T09:19:42.000,2276.4,15108,2276.2,18,0.0,0,0.0,0,0.0,0,0.0,0,2276.4,17,0.0,0,0.0,0,0.0,0,0.0,0
2012-11-08T09:19:42.500,2276.2,15126,2276,29,0.0,0,0.0,0,0.0,0,0.0,0,2276.2,3,0.0,0,0.0,0,0.0,0,0.0,0
2012-11-08T09:19:43.250,2276,15150,2276.4,1,0.0,0,0.0,0,0.0,0,0.0,0,2276.6,20,0.0,0,0.0,0,0.0,0,0.0,0
2012-11-08T09:19:44.000,2276.2,15157,2276,29,0.0,0,0.0,0,0.0,0,0.0,0,2276.2,2,0.0,0,0.0,0,0.0,0,0.0,0
2012-11-08T09:19:44.500,2276.2,15159,2276.2,10,0.0,0,0.0,0,0.0,0,0.0,0,2276.4,1,0.0,0,0.0,0,0.0,0,0.0,0
2012-11-08T09:19:45.000,2276.2,15165,2276.2,23,0.0,0,0.0,0,0.0,0,0.0,0,2276.4,1,0.0,0,0.0,0,0.0,0,0.0,0
2012-11-08T09:19:45.500,2276.6,15167,2276.4,8,0.0,0,0.0,0,0.0,0,0.0,0,2276.6,19,0.0,0,0.0,0,0.0,0,0.0,0
2012-11-08T09:19:46.000,2276.6,15184,2276.4,6,0.0,0,0.0,0,0.0,0,0.0,0,2276.6,4,0.0,0,0.0,0,0.0,0,0.0,0
2012-11-08T09:19:46.500,2276.6,15187,2276.4,7,0.0,0,0.0,0,0.0,0,0.0,0,2276.6,2,0.0,0,0.0,0,0.0,0,0.0,0
2012-11-08T09:19:47.000,2276.4,15191,2276.4,10,0.0,0,0.0,0,0.0,0,0.0,0,2276.6,1,0.0,0,0.0,0,0.0,0,0.0,0
2012-11-08T09:19:47.500,2276.4,15193,2276.4,12,0.0,0,0.0,0,0.0,0,0.0,0,2276.8,22,0.0,0,0.0,0,0.0,0,0.0,0
2012-11-08T09:19:48.000,2276.6,15197,2276.6,10,0.0,0,0.0,0,0.0,0,0.0,0,2276.8,23,0.0,0,0.0,0,0.0,0,0.0,0
2012-11-08T09:19:48.500,2276.4,15208,2276.4,12,0.0,0,0.0,0,0.0,0,0.0,0,2276.6,2,0.0,0,0.0,0,0.0,0,0.0,0
2012-11-08T09:19:49.000,2276.6,15212,2276.6,3,0.0,0,0.0,0,0.0,0,0.0,0,2276.8,23,0.0,0,0.0,0,0.0,0,0.0,0
2012-11-08T09:19:49.500,2276.6,15214,2276.6,4,0.0,0,0.0,0,0.0,0,0.0,0,2276.8,23,0.0,0,0.0,0,0.0,0,0.0,0
2012-11-08T09:19:50.000,2276.6,15217,2276.6,1,0.0,0,0.0,0,0.0,0,0.0,0,2276.8,25,0.0,0,0.0,0,0.0,0,0.0,0
2012-11-08T09:19:50.500,2276.6,15218,2276.4,12,0.0,0,0.0,0,0.0,0,0.0,0,2276.6,1,0.0,0,0.0,0,0.0,0,0.0,0
2012-11-08T09:19:51.250,2276.8,15223,2276.4,13,0.0,0,0.0,0,0.0,0,0.0,0,2276.6,4,0.0,0,0.0,0,0.0,0,0.0,0
2012-11-08T09:19:52.000,2276.6,15226,2276.4,13,0.0,0,0.0,0,0.0,0,0.0,0,2276.6,3,0.0,0,0.0,0,0.0,0,0.0,0
2012-11-08T09:19:52.500,2276.6,15227,2276.4,13,0.0,0,0.0,0,0.0,0,0.0,0,2276.6,4,0.0,0,0.0,0,0.0,0,0.0,0
2012-11-08T09:19:53.000,2276.6,15231,2276.4,13,0.0,0,0.0,0,0.0,0,0.0,0,2276.8,27,0.0,0,0.0,0,0.0,0,0.0,0
2012-11-08T09:19:53.500,2276.6,15235,2276.4,13,0.0,0,0.0,0,0.0,0,0.0,0,2276.8,26,0.0,0,0.0,0,0.0,0,0.0,0
2012-11-08T09:19:54.000,2276.6,15239,2276.6,1,0.0,0,0.0,0,0.0,0,0.0,0,2276.8,25,0.0,0,0.0,0,0.0,0,0.0,0
2012-11-08T09:19:54.500,2276.6,15247,2276.4,14,0.0,0,0.0,0,0.0,0,0.0,0,2276.6,25,0.0,0,0.0,0,0.0,0,0.0,0
2012-11-08T09:19:55.000,2276.6,15248,2276.4,14,0.0,0,0.0,0,0.0,0,0.0,0,2276.6,24,0.0,0,0.0,0,0.0,0,0.0,0
2012-11-08T09:19:55.500,2276.6,15265,2276.4,1,0.0,0,0.0,0,0.0,0,0.0,0,2276.6,20,0.0,0,0.0,0,0.0,0,0.0,0
2012-11-08T09:19:56.000,2276.4,15266,2276.2,35,0.0,0,0.0,0,0.0,0,0.0,0,2276.4,5,0.0,0,0.0,0,0.0,0,0.0,0
2012-11-08T09:19:56.500,2276.4,15271,2276.2,36,0.0,0,0.0,0,0.0,0,0.0,0,2276.4,22,0.0,0,0.0,0,0.0,0,0.0,0
2012-11-08T09:19:57.250,2276.4,15295,2276.2,33,0.0,0,0.0,0,0.0,0,0.0,0,2276.4,5,0.0,0,0.0,0,0.0,0,0.0,0
2012-11-08T09:19:58.000,2276.2,15297,2276.2,25,0.0,0,0.0,0,0.0,0,0.0,0,2276.4,7,0.0,0,0.0,0,0.0,0,0.0,0
2012-11-08T09:19:58.500,2276.2,15299,2276.2,23,0.0,0,0.0,0,0.0,0,0.0,0,2276.4,7,0.0,0,0.0,0,0.0,0,0.0,0
2012-11-08T09:19:59.000,2276.4,15306,2276.2,19,0.0,0,0.0,0,0.0,0,0.0,0,2276.4,4,0.0,0,0.0,0,0.0,0,0.0,0
2012-11-08T09:19:59.500,2276.2,15321,2276.2,4,0.0,0,0.0,0,0.0,0,0.0,0,2276.4,5,0.0,0,0.0,0,0.0,0,0.0,0
2012-11-08T09:20:00.000,2276,15349,2276,37,0.0,0,0.0,0,0.0,0,0.0,0,2276.4,27,0.0,0,0.0,0,0.0,0,0.0,0
2012-11-08T09:20:00.500,2276,15459,2275.6,7,0.0,0,0.0,0,0.0,0,0.0,0,2276,12,0.0,0,0.0,0,0.0,0,0.0,0
2012-11-08T09:20:01.000,2276,15473,2275.6,4,0.0,0,0.0,0,0.0,0,0.0,0,2276,80,0.0,0,0.0,0,0.0,0,0.0,0
2012-11-08T09:20:01.500,2275.8,15501,2275.4,26,0.0,0,0.0,0,0.0,0,0.0,0,2275.8,21,0.0,0,0.0,0,0.0,0,0.0,0
2012-11-08T09:20:02.000,2275.4,15512,2275.4,17,0.0,0,0.0,0,0.0,0,0.0,0,2275.8,25,0.0,0,0.0,0,0.0,0,0.0,0
2012-11-08T09:20:02.500,2275.2,15543,2275.2,81,0.0,0,0.0,0,0.0,0,0.0,0,2275.4,1,0.0,0,0.0,0,0.0,0,0.0,0
2012-11-08T09:20:03.000,2276,15625,2275.2,50,0.0,0,0.0,0,0.0,0,0.0,0,2276,71,0.0,0,0.0,0,0.0,0,0.0,0
2012-11-08T09:20:03.500,2275.4,15629,2275.4,25,0.0,0,0.0,0,0.0,0,0.0,0,2275.6,1,0.0,0,0.0,0,0.0,0,0.0,0
2012-11-08T09:20:04.000,2275.4,15639,2275.4,18,0.0,0,0.0,0,0.0,0,0.0,0,2275.6,6,0.0,0,0.0,0,0.0,0,0.0,0
2012-11-08T09:20:04.500,2275.4,15644,2275.4,28,0.0,0,0.0,0,0.0,0,0.0,0,2275.6,6,0.0,0,0.0,0,0.0,0,0.0,0
2012-11-08T09:20:05.000,2275.6,15646,2275.4,28,0.0,0,0.0,0,0.0,0,0.0,0,2275.6,5,0.0,0,0.0,0,0.0,0,0.0,0
2012-11-08T09:20:05.500,2275.6,15654,2275.4,28,0.0,0,0.0,0,0.0,0,0.0,0,2275.8,11,0.0,0,0.0,0,0.0,0,0.0,0
2012-11-08T09:20:06.000,2275.8,15661,2275.6,2,0.0,0,0.0,0,0.0,0,0.0,0,2275.8,10,0.0,0,0.0,0,0.0,0,0.0,0
2012-11-08T09:20:06.500,2275.6,15668,2275.4,21,0.0,0,0.0,0,0.0,0,0.0,0,2275.6,15,0.0,0,0.0,0,0.0,0,0.0,0
2012-11-08T09:20:07.000,2275.4,15672,2275.4,19,0.0,0,0.0,0,0.0,0,0.0,0,2275.6,15,0.0,0,0.0,0,0.0,0,0.0,0
2012-11-08T09:20:07.500,2275.6,15677,2275.4,14,0.0,0,0.0,0,0.0,0,0.0,0,2275.6,14,0.0,0,0.0,0,0.0,0,0.0,0
2012-11-08T09:20:08.000,2275.6,15702,2275.6,7,0.0,0,0.0,0,0.0,0,0.0,0,2275.8,18,0.0,0,0.0,0,0.0,0,0.0,0
2012-11-08T09:20:08.500,2275.6,15721,2275.6,2,0.0,0,0.0,0,0.0,0,0.0,0,2275.8,18,0.0,0,0.0,0,0.0,0,0.0,0
2012-11-08T09:20:09.000,2275.8,15727,2275.6,2,0.0,0,0.0,0,0.0,0,0.0,0,2275.8,13,0.0,0,0.0,0,0.0,0,0.0,0
2012-11-08T09:20:09.500,2275.8,15729,2275.6,5,0.0,0,0.0,0,0.0,0,0.0,0,2275.8,12,0.0,0,0.0,0,0.0,0,0.0,0
2012-11-08T09:20:10.000,2275.8,15734,2275.6,6,0.0,0,0.0,0,0.0,0,0.0,0,2275.8,11,0.0,0,0.0,0,0.0,0,0.0,0
2012-11-08T09:20:10.500,2275.6,15735,2275.6,6,0.0,0,0.0,0,0.0,0,0.0,0,2275.8,16,0.0,0,0.0,0,0.0,0,0.0,0
2012-11-08T09:20:11.000,2275.8,15744,2275.6,8,0.0,0,0.0,0,0.0,0,0.0,0,2275.8,10,0.0,0,0.0,0,0.0,0,0.0,0
2012-11-08T09:20:11.500,2275.8,15745,2275.6,8,0.0,0,0.0,0,0.0,0,0.0,0,2275.8,10,0.0,0,0.0,0,0.0,0,0.0,0
2012-11-08T09:20:12.000,2275.6,15747,2275.6,6,0.0,0,0.0,0,0.0,0,0.0,0,2275.8,10,0.0,0,0.0,0,0.0,0,0.0,0
2012-11-08T09:20:12.500,2275.8,15757,2275.6,3,0.0,0,0.0,0,0.0,0,0.0,0,2275.8,5,0.0,0,0.0,0,0.0,0,0.0,0
2012-11-08T09:20:13.000,2276,15762,2275.8,3,0.0,0,0.0,0,0.0,0,0.0,0,2276,22,0.0,0,0.0,0,0.0,0,0.0,0
2012-11-08T09:20:13.500,2275.8,15764,2275.8,4,0.0,0,0.0,0,0.0,0,0.0,0,2276,23,0.0,0,0.0,0,0.0,0,0.0,0
2012-11-08T09:20:14.000,2275.8,15766,2275.8,2,0.0,0,0.0,0,0.0,0,0.0,0,2276,22,0.0,0,0.0,0,0.0,0,0.0,0
2012-11-08T09:20:14.500,2275.8,15769,2275.8,3,0.0,0,0.0,0,0.0,0,0.0,0,2276,20,0.0,0,0.0,0,0.0,0,0.0,0
2012-11-08T09:20:15.000,2276,15784,2275.8,1,0.0,0,0.0,0,0.0,0,0.0,0,2276,7,0.0,0,0.0,0,0.0,0,0.0,0
2012-11-08T09:20:15.500,2276,15786,2275.6,13,0.0,0,0.0,0,0.0,0,0.0,0,2276,6,0.0,0,0.0,0,0.0,0,0.0,0
2012-11-08T09:20:16.000,2276,15799,2275.6,8,0.0,0,0.0,0,0.0,0,0.0,0,2276,1,0.0,0,0.0,0,0.0,0,0.0,0
2012-11-08T09:20:16.500,2276,15800,2275.8,1,0.0,0,0.0,0,0.0,0,0.0,0,2276.2,14,0.0,0,0.0,0,0.0,0,0.0,0
2012-11-08T09:20:17.250,2276,15802,2276,13,0.0,0,0.0,0,0.0,0,0.0,0,2276.2,13,0.0,0,0.0,0,0.0,0,0.0,0
2012-11-08T09:20:18.000,2276.2,15805,2276,17,0.0,0,0.0,0,0.0,0,0.0,0,2276.2,12,0.0,0,0.0,0,0.0,0,0.0,0
2012-11-08T09:20:18.500,2276.2,15807,2276,17,0.0,0,0.0,0,0.0,0,0.0,0,2276.2,10,0.0,0,0.0,0,0.0,0,0.0,0
2012-11-08T09:20:19.000,2276,15818,2276.2,1,0.0,0,0.0,0,0.0,0,0.0,0,2276.4,26,0.0,0,0.0,0,0.0,0,0.0,0
2012-11-08T09:20:19.500,2276,15821,2276,38,0.0,0,0.0,0,0.0,0,0.0,0,2276.4,26,0.0,0,0.0,0,0.0,0,0.0,0
2012-11-08T09:20:20.000,2276.4,15832,2276,37,0.0,0,0.0,0,0.0,0,0.0,0,2276.4,17,0.0,0,0.0,0,0.0,0,0.0,0
2012-11-08T09:20:20.500,2276.2,15851,2276,38,0.0,0,0.0,0,0.0,0,0.0,0,2276.2,20,0.0,0,0.0,0,0.0,0,0.0,0
2012-11-08T09:20:21.000,2276.2,15855,2276,38,0.0,0,0.0,0,0.0,0,0.0,0,2276.2,16,0.0,0,0.0,0,0.0,0,0.0,0
2012-11-08T09:20:21.500,2276.2,15857,2276,38,0.0,0,0.0,0,0.0,0,0.0,0,2276.2,14,0.0,0,0.0,0,0.0,0,0.0,0
2012-11-08T09:20:22.000,2276.2,15868,2276,38,0.0,0,0.0,0,0.0,0,0.0,0,2276.2,3,0.0,0,0.0,0,0.0,0,0.0,0
2012-11-08T09:20:22.500,2276.2,15876,2276.2,16,0.0,0,0.0,0,0.0,0,0.0,0,2276.4,16,0.0,0,0.0,0,0.0,0,0.0,0
2012-11-08T09:20:23.000,2276.2,15885,2276.2,11,0.0,0,0.0,0,0.0,0,0.0,0,2276.4,14,0.0,0,0.0,0,0.0,0,0.0,0
2012-11-08T09:20:23.500,2276.4,15903,2276.4,3,0.0,0,0.0,0,0.0,0,0.0,0,2276.6,10,0.0,0,0.0,0,0.0,0,0.0,0
2012-11-08T09:20:24.000,2276.6,15910,2276.2,10,0.0,0,0.0,0,0.0,0,0.0,0,2276.6,7,0.0,0,0.0,0,0.0,0,0.0,0
2012-11-08T09:20:24.500,2276.6,15917,2276.6,13,0.0,0,0.0,0,0.0,0,0.0,0,2276.8,80,0.0,0,0.0,0,0.0,0,0.0,0
2012-11-08T09:20:25.000,2276.8,15929,2276.6,14,0.0,0,0.0,0,0.0,0,0.0,0,2276.8,69,0.0,0,0.0,0,0.0,0,0.0,0
2012-11-08T09:20:25.500,2276.6,15941,2276.6,10,0.0,0,0.0,0,0.0,0,0.0,0,2276.8,61,0.0,0,0.0,0,0.0,0,0.0,0
2012-11-08T09:20:26.000,2276.8,15948,2276.6,8,0.0,0,0.0,0,0.0,0,0.0,0,2276.8,57,0.0,0,0.0,0,0.0,0,0.0,0
2012-11-08T09:20:26.500,2276.8,15953,2276.6,9,0.0,0,0.0,0,0.0,0,0.0,0,2276.8,53,0.0,0,0.0,0,0.0,0,0.0,0
2012-11-08T09:20:27.000,2276.8,15965,2276.6,10,0.0,0,0.0,0,0.0,0,0.0,0,2276.8,42,0.0,0,0.0,0,0.0,0,0.0,0
2012-11-08T09:20:27.500,2276.8,15986,2276.6,5,0.0,0,0.0,0,0.0,0,0.0,0,2276.8,26,0.0,0,0.0,0,0.0,0,0.0,0
2012-11-08T09:20:28.000,2276.8,15993,2276.6,16,0.0,0,0.0,0,0.0,0,0.0,0,2276.8,20,0.0,0,0.0,0,0.0,0,0.0,0
2012-11-08T09:20:28.500,2276.8,16001,2276.6,15,0.0,0,0.0,0,0.0,0,0.0,0,2276.8,13,0.0,0,0.0,0,0.0,0,0.0,0
2012-11-08T09:20:29.000,2276.8,16015,2276.8,5,0.0,0,0.0,0,0.0,0,0.0,0,2277,88,0.0,0,0.0,0,0.0,0,0.0,0
2012-11-08T09:20:29.500,2277,16026,2276.8,39,0.0,0,0.0,0,0.0,0,0.0,0,2277,86,0.0,0,0.0,0,0.0,0,0.0,0
2012-11-08T09:20:30.000,2276.8,16033,2276.8,40,0.0,0,0.0,0,0.0,0,0.0,0,2277,82,0.0,0,0.0,0,0.0,0,0.0,0
2012-11-08T09:20:30.500,2277,16043,2276.8,47,0.0,0,0.0,0,0.0,0,0.0,0,2277,77,0.0,0,0.0,0,0.0,0,0.0,0
2012-11-08T09:20:31.000,2277,16058,2276.8,47,0.0,0,0.0,0,0.0,0,0.0,0,2277,64,0.0,0,0.0,0,0.0,0,0.0,0
2012-11-08T09:20:31.500,2277,16066,2276.8,44,0.0,0,0.0,0,0.0,0,0.0,0,2277,59,0.0,0,0.0,0,0.0,0,0.0,0
2012-11-08T09:20:32.000,2276.8,16076,2276.8,37,0.0,0,0.0,0,0.0,0,0.0,0,2277,56,0.0,0,0.0,0,0.0,0,0.0,0
2012-11-08T09:20:32.500,2277,16085,2276.8,37,0.0,0,0.0,0,0.0,0,0.0,0,2277,49,0.0,0,0.0,0,0.0,0,0.0,0
2012-11-08T09:20:33.000,2277,16089,2276.8,35,0.0,0,0.0,0,0.0,0,0.0,0,2277,47,0.0,0,0.0,0,0.0,0,0.0,0
2012-11-08T09:20:33.500,2276.8,16100,2276.8,28,0.0,0,0.0,0,0.0,0,0.0,0,2277,44,0.0,0,0.0,0,0.0,0,0.0,0
2012-11-08T09:20:34.000,2277,16103,2276.8,28,0.0,0,0.0,0,0.0,0,0.0,0,2277,42,0.0,0,0.0,0,0.0,0,0.0,0
2012-11-08T09:20:34.500,2277,16137,2276.8,7,0.0,0,0.0,0,0.0,0,0.0,0,2277,29,0.0,0,0.0,0,0.0,0,0.0,0
2012-11-08T09:20:35.000,2276.8,16149,2276.6,12,0.0,0,0.0,0,0.0,0,0.0,0,2277,32,0.0,0,0.0,0,0.0,0,0.0,0
2012-11-08T09:20:35.500,2277,16194,2277,8,0.0,0,0.0,0,0.0,0,0.0,0,2277.2,20,0.0,0,0.0,0,0.0,0,0.0,0
2012-11-08T09:20:36.000,2276.8,16208,2276.6,15,0.0,0,0.0,0,0.0,0,0.0,0,2276.8,30,0.0,0,0.0,0,0.0,0,0.0,0
2012-11-08T09:20:36.500,2277,16263,2277,2,0.0,0,0.0,0,0.0,0,0.0,0,2277.2,22,0.0,0,0.0,0,0.0,0,0.0,0
2012-11-08T09:20:37.000,2277,16270,2276.8,1,0.0,0,0.0,0,0.0,0,0.0,0,2277,8,0.0,0,0.0,0,0.0,0,0.0,0
2012-11-08T09:20:37.500,2277,16273,2276.8,3,0.0,0,0.0,0,0.0,0,0.0,0,2277,42,0.0,0,0.0,0,0.0,0,0.0,0
2012-11-08T09:20:38.000,2277,16278,2276.8,6,0.0,0,0.0,0,0.0,0,0.0,0,2277,42,0.0,0,0.0,0,0.0,0,0.0,0
2012-11-08T09:20:38.500,2276.8,16289,2276.6,15,0.0,0,0.0,0,0.0,0,0.0,0,2277,40,0.0,0,0.0,0,0.0,0,0.0,0
2012-11-08T09:20:39.000,2276.8,16293,2276.6,14,0.0,0,0.0,0,0.0,0,0.0,0,2276.8,2,0.0,0,0.0,0,0.0,0,0.0,0
2012-11-08T09:20:39.500,2276.8,16319,2276.6,21,0.0,0,0.0,0,0.0,0,0.0,0,2277,17,0.0,0,0.0,0,0.0,0,0.0,0
2012-11-08T09:20:40.000,2276.8,16323,2276.8,49,0.0,0,0.0,0,0.0,0,0.0,0,2277,17,0.0,0,0.0,0,0.0,0,0.0,0
2012-11-08T09:20:40.500,2277,16335,2276.8,48,0.0,0,0.0,0,0.0,0,0.0,0,2277,20,0.0,0,0.0,0,0.0,0,0.0,0
2012-11-08T09:20:41.000,2277,16356,2277,2,0.0,0,0.0,0,0.0,0,0.0,0,2277.2,18,0.0,0,0.0,0,0.0,0,0.0,0
2012-11-08T09:20:41.500,2277,16357,2277,8,0.0,0,0.0,0,0.0,0,0.0,0,2277.2,18,0.0,0,0.0,0,0.0,0,0.0,0
2012-11-08T09:20:42.000,2277.2,16359,2277,31,0.0,0,0.0,0,0.0,0,0.0,0,2277.2,17,0.0,0,0.0,0,0.0,0,0.0,0
2012-11-08T09:20:42.500,2277.2,16368,2277,35,0.0,0,0.0,0,0.0,0,0.0,0,2277.2,10,0.0,0,0.0,0,0.0,0,0.0,0
2012-11-08T09:20:43.000,2277,16378,2277,32,0.0,0,0.0,0,0.0,0,0.0,0,2277.2,7,0.0,0,0.0,0,0.0,0,0.0,0
2012-11-08T09:20:43.500,2277,16384,2277,30,0.0,0,0.0,0,0.0,0,0.0,0,2277.2,3,0.0,0,0.0,0,0.0,0,0.0,0
2012-11-08T09:20:44.000,2277.2,16389,2277,31,0.0,0,0.0,0,0.0,0,0.0,0,2277.2,4,0.0,0,0.0,0,0.0,0,0.0,0
2012-11-08T09:20:44.500,2277,16396,2277,29,0.0,0,0.0,0,0.0,0,0.0,0,2277.2,12,0.0,0,0.0,0,0.0,0,0.0,0
2012-11-08T09:20:45.000,2277,16434,2276.8,62,0.0,0,0.0,0,0.0,0,0.0,0,2277.2,5,0.0,0,0.0,0,0.0,0,0.0,0
2012-11-08T09:20:45.500,2277,16438,2276.8,60,0.0,0,0.0,0,0.0,0,0.0,0,2277,57,0.0,0,0.0,0,0.0,0,0.0,0
2012-11-08T09:20:46.250,2277,16447,2276.8,59,0.0,0,0.0,0,0.0,0,0.0,0,2277,56,0.0,0,0.0,0,0.0,0,0.0,0
2012-11-08T09:20:47.000,2277,16501,2276.8,9,0.0,0,0.0,0,0.0,0,0.0,0,2277,52,0.0,0,0.0,0,0.0,0,0.0,0
2012-11-08T09:20:47.500,2276.6,16528,2276.4,21,0.0,0,0.0,0,0.0,0,0.0,0,2276.6,11,0.0,0,0.0,0,0.0,0,0.0,0
2012-11-08T09:20:48.000,2276.6,16545,2276.4,10,0.0,0,0.0,0,0.0,0,0.0,0,2276.6,8,0.0,0,0.0,0,0.0,0,0.0,0
2012-11-08T09:20:48.500,2276.6,16547,2276.4,10,0.0,0,0.0,0,0.0,0,0.0,0,2276.6,3,0.0,0,0.0,0,0.0,0,0.0,0
2012-11-08T09:20:49.000,2276.6,16550,2276.4,10,0.0,0,0.0,0,0.0,0,0.0,0,2276.6,1,0.0,0,0.0,0,0.0,0,0.0,0
2012-11-08T09:20:49.500,2276.4,16553,2276.4,8,0.0,0,0.0,0,0.0,0,0.0,0,2276.8,50,0.0,0,0.0,0,0.0,0,0.0,0
2012-11-08T09:20:50.000,2276.8,16555,2276.4,2,0.0,0,0.0,0,0.0,0,0.0,0,2276.8,54,0.0,0,0.0,0,0.0,0,0.0,0
2012-11-08T09:20:50.500,2276.6,16557,2276.4,2,0.0,0,0.0,0,0.0,0,0.0,0,2276.6,3,0.0,0,0.0,0,0.0,0,0.0,0
2012-11-08T09:20:51.000,2276.2,16562,2276.2,18,0.0,0,0.0,0,0.0,0,0.0,0,2276.6,14,0.0,0,0.0,0,0.0,0,0.0,0
2012-11-08T09:20:51.500,2276.8,16595,2276.6,19,0.0,0,0.0,0,0.0,0,0.0,0,2276.8,50,0.0,0,0.0,0,0.0,0,0.0,0
2012-11-08T09:20:52.000,2276.4,16615,2276.2,21,0.0,0,0.0,0,0.0,0,0.0,0,2276.4,2,0.0,0,0.0,0,0.0,0,0.0,0
2012-11-08T09:20:52.500,2276.4,16618,2276.4,18,0.0,0,0.0,0,0.0,0,0.0,0,2276.6,1,0.0,0,0.0,0,0.0,0,0.0,0
2012-11-08T09:20:53.250,2276.6,16622,2276.6,5,0.0,0,0.0,0,0.0,0,0.0,0,2276.8,36,0.0,0,0.0,0,0.0,0,0.0,0
2012-11-08T09:20:54.000,2276.6,16624,2276.6,3,0.0,0,0.0,0,0.0,0,0.0,0,2276.8,37,0.0,0,0.0,0,0.0,0,0.0,0
2012-11-08T09:20:54.500,2276.8,16628,2276.6,2,0.0,0,0.0,0,0.0,0,0.0,0,2276.8,36,0.0,0,0.0,0,0.0,0,0.0,0
2012-11-08T09:20:55.000,2276.4,16631,2276.4,20,0.0,0,0.0,0,0.0,0,0.0,0,2276.6,10,0.0,0,0.0,0,0.0,0,0.0,0
2012-11-08T09:20:55.500,2276.6,16639,2276.4,20,0.0,0,0.0,0,0.0,0,0.0,0,2276.6,4,0.0,0,0.0,0,0.0,0,0.0,0
2012-11-08T09:20:56.000,2276.4,16640,2276.4,19,0.0,0,0.0,0,0.0,0,0.0,0,2276.6,4,0.0,0,0.0,0,0.0,0,0.0,0
2012-11-08T09:20:56.500,2276.6,16644,2276.6,1,0.0,0,0.0,0,0.0,0,0.0,0,2276.8,37,0.0,0,0.0,0,0.0,0,0.0,0
2012-11-08T09:20:57.000,2276.8,16658,2276.4,19,0.0,0,0.0,0,0.0,0,0.0,0,2276.6,1,0.0,0,0.0,0,0.0,0,0.0,0
2012-11-08T09:20:57.500,2277,16700,2276.4,19,0.0,0,0.0,0,0.0,0,0.0,0,2277,46,0.0,0,0.0,0,0.0,0,0.0,0
2012-11-08T09:20:58.000,2277,16739,2276.6,23,0.0,0,0.0,0,0.0,0,0.0,0,2277,12,0.0,0,0.0,0,0.0,0,0.0,0
2012-11-08T09:20:58.500,2277,16740,2276.8,3,0.0,0,0.0,0,0.0,0,0.0,0,2277,11,0.0,0,0.0,0,0.0,0,0.0,0
2012-11-08T09:20:59.000,2277,16742,2276.8,16,0.0,0,0.0,0,0.0,0,0.0,0,2277,11,0.0,0,0.0,0,0.0,0,0.0,0
2012-11-08T09:20:59.500,2277.4,16779,2277.2,13,0.0,0,0.0,0,0.0,0,0.0,0,2277.4,77,0.0,0,0.0,0,0.0,0,0.0,0
2012-11-08T09:21:00.000,2277,16795,2277,2,0.0,0,0.0,0,0.0,0,0.0,0,2277.2,4,0.0,0,0.0,0,0.0,0,0.0,0
2012-11-08T09:21:00.500,2277,16827,2277,3,0.0,0,0.0,0,0.0,0,0.0,0,2277.4,54,0.0,0,0.0,0,0.0,0,0.0,0
2012-11-08T09:21:01.000,2277,16864,2277,3,0.0,0,0.0,0,0.0,0,0.0,0,2277.2,1,0.0,0,0.0,0,0.0,0,0.0,0
2012-11-08T09:21:01.500,2277,16886,2277,9,0.0,0,0.0,0,0.0,0,0.0,0,2277.4,22,0.0,0,0.0,0,0.0,0,0.0,0
2012-11-08T09:21:02.000,2277,16919,2276.8,1,0.0,0,0.0,0,0.0,0,0.0,0,2277,1,0.0,0,0.0,0,0.0,0,0.0,0
2012-11-08T09:21:02.500,2277,16930,2276.6,21,0.0,0,0.0,0,0.0,0,0.0,0,2277,17,0.0,0,0.0,0,0.0,0,0.0,0
2012-11-08T09:21:03.000,2276.6,16933,2276.6,19,0.0,0,0.0,0,0.0,0,0.0,0,2277,31,0.0,0,0.0,0,0.0,0,0.0,0
2012-11-08T09:21:03.500,2276.8,16938,2276.6,17,0.0,0,0.0,0,0.0,0,0.0,0,2276.8,7,0.0,0,0.0,0,0.0,0,0.0,0
2012-11-08T09:21:04.000,2276.6,16951,2276.6,15,0.0,0,0.0,0,0.0,0,0.0,0,2277,31,0.0,0,0.0,0,0.0,0,0.0,0
2012-11-08T09:21:04.500,2276.6,16962,2276.6,12,0.0,0,0.0,0,0.0,0,0.0,0,2277,36,0.0,0,0.0,0,0.0,0,0.0,0
2012-11-08T09:21:05.000,2276.6,16971,2276.6,5,0.0,0,0.0,0,0.0,0,0.0,0,2277,34,0.0,0,0.0,0,0.0,0,0.0,0
2012-11-08T09:21:05.500,2277,16973,2276.6,4,0.0,0,0.0,0,0.0,0,0.0,0,2277,34,0.0,0,0.0,0,0.0,0,0.0,0
2012-11-08T09:21:06.000,2276.8,16982,2276.6,12,0.0,0,0.0,0,0.0,0,0.0,0,2276.8,6,0.0,0,0.0,0,0.0,0,0.0,0
2012-11-08T09:21:06.500,2276.6,17001,2276.4,45,0.0,0,0.0,0,0.0,0,0.0,0,2276.6,1,0.0,0,0.0,0,0.0,0,0.0,0
2012-11-08T09:21:07.000,2277,17012,2276.6,2,0.0,0,0.0,0,0.0,0,0.0,0,2276.8,1,0.0,0,0.0,0,0.0,0,0.0,0
2012-11-08T09:21:07.500,2276.8,17019,2276.4,44,0.0,0,0.0,0,0.0,0,0.0,0,2276.8,2,0.0,0,0.0,0,0.0,0,0.0,0
2012-11-08T09:21:08.000,2276.6,17024,2276.4,42,0.0,0,0.0,0,0.0,0,0.0,0,2276.6,3,0.0,0,0.0,0,0.0,0,0.0,0
2012-11-08T09:21:08.500,2276.6,17030,2276.6,25,0.0,0,0.0,0,0.0,0,0.0,0,2276.8,18,0.0,0,0.0,0,0.0,0,0.0,0
2012-11-08T09:21:09.000,2276.6,17036,2276.6,20,0.0,0,0.0,0,0.0,0,0.0,0,2276.8,27,0.0,0,0.0,0,0.0,0,0.0,0
2012-11-08T09:21:09.500,2276.6,17042,2276.6,17,0.0,0,0.0,0,0.0,0,0.0,0,2276.8,24,0.0,0,0.0,0,0.0,0,0.0,0
2012-11-08T09:21:10.250,2276.6,17056,2276.6,5,0.0,0,0.0,0,0.0,0,0.0,0,2276.8,25,0.0,0,0.0,0,0.0,0,0.0,0
2012-11-08T09:21:11.000,2276.8,17068,2276.4,42,0.0,0,0.0,0,0.0,0,0.0,0,2276.8,24,0.0,0,0.0,0,0.0,0,0.0,0
2012-11-08T09:21:11.500,2276.6,17070,2276.4,43,0.0,0,0.0,0,0.0,0,0.0,0,2276.8,25,0.0,0,0.0,0,0.0,0,0.0,0
2012-11-08T09:21:12.000,2276.6,17076,2276.4,38,0.0,0,0.0,0,0.0,0,0.0,0,2276.6,2,0.0,0,0.0,0,0.0,0,0.0,0
2012-11-08T09:21:12.500,2276.6,17077,2276.4,38,0.0,0,0.0,0,0.0,0,0.0,0,2276.6,1,0.0,0,0.0,0,0.0,0,0.0,0
2012-11-08T09:21:13.000,2276.8,17088,2276.4,37,0.0,0,0.0,0,0.0,0,0.0,0,2276.8,19,0.0,0,0.0,0,0.0,0,0.0,0
2012-11-08T09:21:13.500,2276.6,17089,2276.4,37,0.0,0,0.0,0,0.0,0,0.0,0,2276.8,19,0.0,0,0.0,0,0.0,0,0.0,0
2012-11-08T09:21:14.000,2276.4,17090,2276.4,36,0.0,0,0.0,0,0.0,0,0.0,0,2276.8,22,0.0,0,0.0,0,0.0,0,0.0,0
2012-11-08T09:21:14.500,2277,17122,2276.4,35,0.0,0,0.0,0,0.0,0,0.0,0,2277,17,0.0,0,0.0,0,0.0,0,0.0,0
2012-11-08T09:21:15.000,2276.6,17128,2276.4,35,0.0,0,0.0,0,0.0,0,0.0,0,2276.6,4,0.0,0,0.0,0,0.0,0,0.0,0
2012-11-08T09:21:15.500,2276.6,17135,2276.8,20,0.0,0,0.0,0,0.0,0,0.0,0,2277,19,0.0,0,0.0,0,0.0,0,0.0,0
2012-11-08T09:21:16.000,2276.8,17139,2276.8,18,0.0,0,0.0,0,0.0,0,0.0,0,2277,21,0.0,0,0.0,0,0.0,0,0.0,0
2012-11-08T09:21:16.500,2276.8,17146,2276.8,11,0.0,0,0.0,0,0.0,0,0.0,0,2277,20,0.0,0,0.0,0,0.0,0,0.0,0
2012-11-08T09:21:17.000,2276.8,17148,2276.8,9,0.0,0,0.0,0,0.0,0,0.0,0,2277,23,0.0,0,0.0,0,0.0,0,0.0,0
2012-11-08T09:21:17.500,2276.8,17156,2276.8,6,0.0,0,0.0,0,0.0,0,0.0,0,2277,19,0.0,0,0.0,0,0.0,0,0.0,0
2012-11-08T09:21:18.000,2276.8,17161,2276.8,1,0.0,0,0.0,0,0.0,0,0.0,0,2277,21,0.0,0,0.0,0,0.0,0,0.0,0
2012-11-08T09:21:18.500,2276.8,17162,2276.6,10,0.0,0,0.0,0,0.0,0,0.0,0,2276.8,2,0.0,0,0.0,0,0.0,0,0.0,0
2012-11-08T09:21:19.000,2276.8,17165,2276.8,7,0.0,0,0.0,0,0.0,0,0.0,0,2277,23,0.0,0,0.0,0,0.0,0,0.0,0
2012-11-08T09:21:19.500,2276.8,17168,2276.8,5,0.0,0,0.0,0,0.0,0,0.0,0,2277,25,0.0,0,0.0,0,0.0,0,0.0,0
2012-11-08T09:21:20.000,2277,17169,2276.8,5,0.0,0,0.0,0,0.0,0,0.0,0,2277,25,0.0,0,0.0,0,0.0,0,0.0,0
2012-11-08T09:21:20.500,2276.6,17188,2276.4,48,0.0,0,0.0,0,0.0,0,0.0,0,2277,24,0.0,0,0.0,0,0.0,0,0.0,0
2012-11-08T09:21:21.250,2276.4,17204,2276.4,42,0.0,0,0.0,0,0.0,0,0.0,0,2277,15,0.0,0,0.0,0,0.0,0,0.0,0
2012-11-08T09:21:22.250,2276.6,17207,2276.6,2,0.0,0,0.0,0,0.0,0,0.0,0,2276.8,6,0.0,0,0.0,0,0.0,0,0.0,0
2012-11-08T09:21:23.000,2276.6,17209,2276.6,3,0.0,0,0.0,0,0.0,0,0.0,0,2276.8,36,0.0,0,0.0,0,0.0,0,0.0,0
2012-11-08T09:21:23.500,2276.8,17210,2276.6,3,0.0,0,0.0,0,0.0,0,0.0,0,2276.8,35,0.0,0,0.0,0,0.0,0,0.0,0
2012-11-08T09:21:24.000,2276.6,17212,2276.6,1,0.0,0,0.0,0,0.0,0,0.0,0,2276.8,35,0.0,0,0.0,0,0.0,0,0.0,0
2012-11-08T09:21:24.500,2276.8,17233,2276.4,45,0.0,0,0.0,0,0.0,0,0.0,0,2276.6,2,0.0,0,0.0,0,0.0,0,0.0,0
2012-11-08T09:21:25.000,2276.6,17236,2276.4,46,0.0,0,0.0,0,0.0,0,0.0,0,2276.8,17,0.0,0,0.0,0,0.0,0,0.0,0
2012-11-08T09:21:25.500,2276.8,17238,2276.4,46,0.0,0,0.0,0,0.0,0,0.0,0,2276.6,10,0.0,0,0.0,0,0.0,0,0.0,0
2012-11-08T09:21:26.250,2276.4,17239,2276.4,45,0.0,0,0.0,0,0.0,0,0.0,0,2276.6,10,0.0,0,0.0,0,0.0,0,0.0,0
2012-11-08T09:21:27.000,2276.6,17242,2276.4,43,0.0,0,0.0,0,0.0,0,0.0,0,2276.6,10,0.0,0,0.0,0,0.0,0,0.0,0
2012-11-08T09:21:27.500,2276.6,17244,2276.4,42,0.0,0,0.0,0,0.0,0,0.0,0,2276.6,9,0.0,0,0.0,0,0.0,0,0.0,0
2012-11-08T09:21:28.000,2276.4,17252,2276.4,35,0.0,0,0.0,0,0.0,0,0.0,0,2276.6,8,0.0,0,0.0,0,0.0,0,0.0,0
2012-11-08T09:21:28.500,2276.4,17261,2276.4,31,0.0,0,0.0,0,0.0,0,0.0,0,2276.6,13,0.0,0,0.0,0,0.0,0,0.0,0
2012-11-08T09:21:29.000,2276.6,17272,2276.4,22,0.0,0,0.0,0,0.0,0,0.0,0,2276.6,12,0.0,0,0.0,0,0.0,0,0.0,0
2012-11-08T09:21:29.500,2276.4,17300,2276.2,48,0.0,0,0.0,0,0.0,0,0.0,0,2276.4,1,0.0,0,0.0,0,0.0,0,0.0,0
2012-11-08T09:21:30.000,2276.4,17310,2276.2,40,0.0,0,0.0,0,0.0,0,0.0,0,2276.4,50,0.0,0,0.0,0,0.0,0,0.0,0
2012-11-08T09:21:30.500,2276.4,17311,2276.2,40,0.0,0,0.0,0,0.0,0,0.0,0,2276.4,49,0.0,0,0.0,0,0.0,0,0.0,0
2012-11-08T09:21:31.000,2276.4,17330,2276.2,27,0.0,0,0.0,0,0.0,0,0.0,0,2276.4,40,0.0,0,0.0,0,0.0,0,0.0,0
2012-11-08T09:21:31.500,2276.2,17340,2276.2,17,0.0,0,0.0,0,0.0,0,0.0,0,2276.4,41,0.0,0,0.0,0,0.0,0,0.0,0
2012-11-08T09:21:32.000,2276.2,17346,2276.2,12,0.0,0,0.0,0,0.0,0,0.0,0,2276.4,40,0.0,0,0.0,0,0.0,0,0.0,0
2012-11-08T09:21:32.500,2276.4,17350,2276.2,12,0.0,0,0.0,0,0.0,0,0.0,0,2276.4,38,0.0,0,0.0,0,0.0,0,0.0,0
2012-11-08T09:21:33.000,2276.2,17367,2276.2,7,0.0,0,0.0,0,0.0,0,0.0,0,2276.4,27,0.0,0,0.0,0,0.0,0,0.0,0
2012-11-08T09:21:33.500,2276.2,17397,2276,63,0.0,0,0.0,0,0.0,0,0.0,0,2276.2,1,0.0,0,0.0,0,0.0,0,0.0,0
2012-11-08T09:21:34.000,2276,17407,2276,54,0.0,0,0.0,0,0.0,0,0.0,0,2276.2,12,0.0,0,0.0,0,0.0,0,0.0,0
2012-11-08T09:21:34.500,2276.2,17424,2276,43,0.0,0,0.0,0,0.0,0,0.0,0,2276.2,6,0.0,0,0.0,0,0.0,0,0.0,0
2012-11-08T09:21:35.000,2276,17428,2276,40,0.0,0,0.0,0,0.0,0,0.0,0,2276.2,5,0.0,0,0.0,0,0.0,0,0.0,0
2012-11-08T09:21:35.500,2276,17442,2276,27,0.0,0,0.0,0,0.0,0,0.0,0,2276.2,12,0.0,0,0.0,0,0.0,0,0.0,0
2012-11-08T09:21:36.000,2276,17452,2276,23,0.0,0,0.0,0,0.0,0,0.0,0,2276.2,6,0.0,0,0.0,0,0.0,0,0.0,0
2012-11-08T09:21:36.500,2276,17453,2276,22,0.0,0,0.0,0,0.0,0,0.0,0,2276.2,6,0.0,0,0.0,0,0.0,0,0.0,0
2012-11-08T09:21:37.000,2276,17466,2276,11,0.0,0,0.0,0,0.0,0,0.0,0,2276.2,7,0.0,0,0.0,0,0.0,0,0.0,0
2012-11-08T09:21:37.500,2276,17478,2275.8,25,0.0,0,0.0,0,0.0,0,0.0,0,2276,13,0.0,0,0.0,0,0.0,0,0.0,0
2012-11-08T09:21:38.000,2275.8,17481,2275.8,24,0.0,0,0.0,0,0.0,0,0.0,0,2276,14,0.0,0,0.0,0,0.0,0,0.0,0
2012-11-08T09:21:38.500,2276,17484,2275.8,24,0.0,0,0.0,0,0.0,0,0.0,0,2276,16,0.0,0,0.0,0,0.0,0,0.0,0
2012-11-08T09:21:39.000,2275.8,17492,2275.8,17,0.0,0,0.0,0,0.0,0,0.0,0,2276,15,0.0,0,0.0,0,0.0,0,0.0,0
2012-11-08T09:21:39.500,2276,17511,2276,21,0.0,0,0.0,0,0.0,0,0.0,0,2276.2,7,0.0,0,0.0,0,0.0,0,0.0,0
2012-11-08T09:21:40.250,2276,17536,2275.8,17,0.0,0,0.0,0,0.0,0,0.0,0,2276,2,0.0,0,0.0,0,0.0,0,0.0,0
2012-11-08T09:21:41.000,2276,17538,2275.8,23,0.0,0,0.0,0,0.0,0,0.0,0,2276,1,0.0,0,0.0,0,0.0,0,0.0,0
2012-11-08T09:21:41.500,2276.2,17553,2276.2,15,0.0,0,0.0,0,0.0,0,0.0,0,2276.4,34,0.0,0,0.0,0,0.0,0,0.0,0
2012-11-08T09:21:42.000,2276.2,17579,2276.2,9,0.0,0,0.0,0,0.0,0,0.0,0,2276.4,15,0.0,0,0.0,0,0.0,0,0.0,0
2012-11-08T09:21:42.500,2276.2,17580,2276.2,8,0.0,0,0.0,0,0.0,0,0.0,0,2276.4,14,0.0,0,0.0,0,0.0,0,0.0,0
2012-11-08T09:21:43.000,2276.2,17588,2276,1,0.0,0,0.0,0,0.0,0,0.0,0,2276.2,11,0.0,0,0.0,0,0.0,0,0.0,0
2012-11-08T09:21:43.500,2276.2,17590,2276,24,0.0,0,0.0,0,0.0,0,0.0,0,2276.2,9,0.0,0,0.0,0,0.0,0,0.0,0
2012-11-08T09:21:44.250,2276.2,17600,2276.2,25,0.0,0,0.0,0,0.0,0,0.0,0,2276.4,16,0.0,0,0.0,0,0.0,0,0.0,0
2012-11-08T09:21:45.000,2276.4,17619,2276.4,4,0.0,0,0.0,0,0.0,0,0.0,0,2276.6,6,0.0,0,0.0,0,0.0,0,0.0,0
2012-11-08T09:21:45.500,2276.4,17621,2276.4,7,0.0,0,0.0,0,0.0,0,0.0,0,2276.6,8,0.0,0,0.0,0,0.0,0,0.0,0
2012-11-08T09:21:46.000,2276.8,17632,2276.6,10,0.0,0,0.0,0,0.0,0,0.0,0,2276.8,51,0.0,0,0.0,0,0.0,0,0.0,0
2012-11-08T09:21:46.500,2276.6,17637,2276.6,8,0.0,0,0.0,0,0.0,0,0.0,0,2276.8,50,0.0,0,0.0,0,0.0,0,0.0,0
2012-11-08T09:21:47.250,2276.6,17638,2276.6,7,0.0,0,0.0,0,0.0,0,0.0,0,2276.8,50,0.0,0,0.0,0,0.0,0,0.0,0
2012-11-08T09:21:48.250,2276.8,17639,2276.6,7,0.0,0,0.0,0,0.0,0,0.0,0,2276.8,49,0.0,0,0.0,0,0.0,0,0.0,0
2012-11-08T09:21:49.000,2276.4,17652,2276.4,1,0.0,0,0.0,0,0.0,0,0.0,0,2276.6,2,0.0,0,0.0,0,0.0,0,0.0,0
2012-11-08T09:21:49.500,2276.6,17653,2276.4,2,0.0,0,0.0,0,0.0,0,0.0,0,2276.6,3,0.0,0,0.0,0,0.0,0,0.0,0
2012-11-08T09:21:50.250,2276.6,17657,2276.6,6,0.0,0,0.0,0,0.0,0,0.0,0,2276.8,49,0.0,0,0.0,0,0.0,0,0.0,0
2012-11-08T09:21:51.000,2276.8,17664,2276.6,3,0.0,0,0.0,0,0.0,0,0.0,0,2276.8,48,0.0,0,0.0,0,0.0,0,0.0,0
2012-11-08T09:21:51.500,2276.4,17669,2276.4,1,0.0,0,0.0,0,0.0,0,0.0,0,2276.6,8,0.0,0,0.0,0,0.0,0,0.0,0
2012-11-08T09:21:52.250,2276.6,17670,2276.4,7,0.0,0,0.0,0,0.0,0,0.0,0,2276.6,8,0.0,0,0.0,0,0.0,0,0.0,0
2012-11-08T09:21:53.250,2276.4,17677,2276.2,25,0.0,0,0.0,0,0.0,0,0.0,0,2276.4,8,0.0,0,0.0,0,0.0,0,0.0,0
2012-11-08T09:21:54.000,2276.4,17682,2276.2,25,0.0,0,0.0,0,0.0,0,0.0,0,2276.4,4,0.0,0,0.0,0,0.0,0,0.0,0
2012-11-08T09:21:54.500,2276.6,17699,2276.6,12,0.0,0,0.0,0,0.0,0,0.0,0,2276.8,48,0.0,0,0.0,0,0.0,0,0.0,0
2012-11-08T09:21:55.250,2276.6,17701,2276.6,15,0.0,0,0.0,0,0.0,0,0.0,0,2276.8,55,0.0,0,0.0,0,0.0,0,0.0,0
2012-11-08T09:21:56.250,2276.6,17707,2276.6,9,0.0,0,0.0,0,0.0,0,0.0,0,2276.8,56,0.0,0,0.0,0,0.0,0,0.0,0
2012-11-08T09:21:57.250,2276.6,17710,2276.6,6,0.0,0,0.0,0,0.0,0,0.0,0,2276.8,56,0.0,0,0.0,0,0.0,0,0.0,0
2012-11-08T09:21:58.000,2276.6,17722,2276.6,10,0.0,0,0.0,0,0.0,0,0.0,0,2276.8,46,0.0,0,0.0,0,0.0,0,0.0,0
2012-11-08T09:21:58.500,2276.8,17724,2276.6,9,0.0,0,0.0,0,0.0,0,0.0,0,2276.8,46,0.0,0,0.0,0,0.0,0,0.0,0
2012-11-08T09:21:59.250,2276.6,17726,2276.6,7,0.0,0,0.0,0,0.0,0,0.0,0,2276.8,46,0.0,0,0.0,0,0.0,0,0.0,0
2012-11-08T09:22:00.000,2276.8,17730,2276.6,4,0.0,0,0.0,0,0.0,0,0.0,0,2276.8,51,0.0,0,0.0,0,0.0,0,0.0,0
2012-11-08T09:22:00.500,2276.6,17741,2276.6,5,0.0,0,0.0,0,0.0,0,0.0,0,2276.8,43,0.0,0,0.0,0,0.0,0,0.0,0
2012-11-08T09:22:01.000,2276.4,17748,2276.4,3,0.0,0,0.0,0,0.0,0,0.0,0,2276.8,42,0.0,0,0.0,0,0.0,0,0.0,0
2012-11-08T09:22:01.500,2276.4,17755,2276.2,26,0.0,0,0.0,0,0.0,0,0.0,0,2276.4,1,0.0,0,0.0,0,0.0,0,0.0,0
2012-11-08T09:22:02.000,2276.2,17772,2276.2,9,0.0,0,0.0,0,0.0,0,0.0,0,2276.4,2,0.0,0,0.0,0,0.0,0,0.0,0
2012-11-08T09:22:02.500,2276.4,17776,2276.2,7,0.0,0,0.0,0,0.0,0,0.0,0,2276.6,5,0.0,0,0.0,0,0.0,0,0.0,0
2012-11-08T09:22:03.000,2276.6,17778,2276.4,4,0.0,0,0.0,0,0.0,0,0.0,0,2276.6,7,0.0,0,0.0,0,0.0,0,0.0,0
2012-11-08T09:22:03.500,2276.6,17781,2276.4,4,0.0,0,0.0,0,0.0,0,0.0,0,2276.6,5,0.0,0,0.0,0,0.0,0,0.0,0
2012-11-08T09:22:04.250,2276.4,17787,2276.4,2,0.0,0,0.0,0,0.0,0,0.0,0,2276.6,6,0.0,0,0.0,0,0.0,0,0.0,0
2012-11-08T09:22:05.250,2276.4,17791,2276.4,3,0.0,0,0.0,0,0.0,0,0.0,0,2276.6,34,0.0,0,0.0,0,0.0,0,0.0,0
2012-11-08T09:22:06.000,2276.4,17795,2276.4,2,0.0,0,0.0,0,0.0,0,0.0,0,2276.6,33,0.0,0,0.0,0,0.0,0,0.0,0
2012-11-08T09:22:06.500,2276.6,17810,2276.4,1,0.0,0,0.0,0,0.0,0,0.0,0,2276.6,21,0.0,0,0.0,0,0.0,0,0.0,0
2012-11-08T09:22:07.000,2276.4,17811,2276.2,14,0.0,0,0.0,0,0.0,0,0.0,0,2276.4,3,0.0,0,0.0,0,0.0,0,0.0,0
2012-11-08T09:22:07.500,2276.4,17812,2276.2,19,0.0,0,0.0,0,0.0,0,0.0,0,2276.4,5,0.0,0,0.0,0,0.0,0,0.0,0
2012-11-08T09:22:08.000,2276.2,17833,2276.2,2,0.0,0,0.0,0,0.0,0,0.0,0,2276.4,3,0.0,0,0.0,0,0.0,0,0.0,0
2012-11-08T09:22:08.500,2276.2,17835,2276,86,0.0,0,0.0,0,0.0,0,0.0,0,2276.2,1,0.0,0,0.0,0,0.0,0,0.0,0
2012-11-08T09:22:09.250,2276.2,17836,2276.2,1,0.0,0,0.0,0,0.0,0,0.0,0,2276.4,5,0.0,0,0.0,0,0.0,0,0.0,0
2012-11-08T09:22:10.000,2276.2,17838,2276.2,4,0.0,0,0.0,0,0.0,0,0.0,0,2276.4,9,0.0,0,0.0,0,0.0,0,0.0,0
2012-11-08T09:22:10.500,2276.2,17841,2276.2,4,0.0,0,0.0,0,0.0,0,0.0,0,2276.4,7,0.0,0,0.0,0,0.0,0,0.0,0
2012-11-08T09:22:11.250,2276.4,17843,2276.2,6,0.0,0,0.0,0,0.0,0,0.0,0,2276.4,7,0.0,0,0.0,0,0.0,0,0.0,0
2012-11-08T09:22:12.250,2276.2,17845,2276.2,5,0.0,0,0.0,0,0.0,0,0.0,0,2276.4,7,0.0,0,0.0,0,0.0,0,0.0,0
2012-11-08T09:22:13.000,2276.2,17847,2276.2,4,0.0,0,0.0,0,0.0,0,0.0,0,2276.4,8,0.0,0,0.0,0,0.0,0,0.0,0
2012-11-08T09:22:13.500,2276.2,17848,2276.2,3,0.0,0,0.0,0,0.0,0,0.0,0,2276.4,8,0.0,0,0.0,0,0.0,0,0.0,0
2012-11-08T09:22:14.000,2276.4,17850,2276.2,20,0.0,0,0.0,0,0.0,0,0.0,0,2276.4,7,0.0,0,0.0,0,0.0,0,0.0,0
2012-11-08T09:22:14.500,2276.2,17851,2276.2,19,0.0,0,0.0,0,0.0,0,0.0,0,2276.4,7,0.0,0,0.0,0,0.0,0,0.0,0
2012-11-08T09:22:15.250,2276.4,17854,2276.2,17,0.0,0,0.0,0,0.0,0,0.0,0,2276.4,7,0.0,0,0.0,0,0.0,0,0.0,0
2012-11-08T09:22:16.000,2276.4,17858,2276.2,22,0.0,0,0.0,0,0.0,0,0.0,0,2276.4,15,0.0,0,0.0,0,0.0,0,0.0,0
2012-11-08T09:22:16.500,2276.2,17871,2276.2,10,0.0,0,0.0,0,0.0,0,0.0,0,2276.4,14,0.0,0,0.0,0,0.0,0,0.0,0
2012-11-08T09:22:17.000,2276.2,17872,2276.2,10,0.0,0,0.0,0,0.0,0,0.0,0,2276.4,15,0.0,0,0.0,0,0.0,0,0.0,0
2012-11-08T09:22:17.500,2276.2,17877,2276.2,7,0.0,0,0.0,0,0.0,0,0.0,0,2276.4,13,0.0,0,0.0,0,0.0,0,0.0,0
2012-11-08T09:22:18.250,2276.2,17887,2276,105,0.0,0,0.0,0,0.0,0,0.0,0,2276.2,20,0.0,0,0.0,0,0.0,0,0.0,0
2012-11-08T09:22:19.000,2276.2,17888,2276,105,0.0,0,0.0,0,0.0,0,0.0,0,2276.2,19,0.0,0,0.0,0,0.0,0,0.0,0
2012-11-08T09:22:19.500,2276.2,17891,2276,105,0.0,0,0.0,0,0.0,0,0.0,0,2276.2,16,0.0,0,0.0,0,0.0,0,0.0,0
2012-11-08T09:22:20.000,2276,17903,2276,96,0.0,0,0.0,0,0.0,0,0.0,0,2276.2,15,0.0,0,0.0,0,0.0,0,0.0,0
2012-11-08T09:22:20.500,2276.2,17908,2276,96,0.0,0,0.0,0,0.0,0,0.0,0,2276.2,11,0.0,0,0.0,0,0.0,0,0.0,0
2012-11-08T09:22:21.000,2276,17928,2276,82,0.0,0,0.0,0,0.0,0,0.0,0,2276.2,14,0.0,0,0.0,0,0.0,0,0.0,0
2012-11-08T09:22:21.500,2276,17936,2276,74,0.0,0,0.0,0,0.0,0,0.0,0,2276.2,14,0.0,0,0.0,0,0.0,0,0.0,0
2012-11-08T09:22:22.000,2276,17954,2276,61,0.0,0,0.0,0,0.0,0,0.0,0,2276.2,12,0.0,0,0.0,0,0.0,0,0.0,0
2012-11-08T09:22:22.500,2275.8,18024,2275.8,53,0.0,0,0.0,0,0.0,0,0.0,0,2276,47,0.0,0,0.0,0,0.0,0,0.0,0
2012-11-08T09:22:23.000,2276,18026,2275.8,54,0.0,0,0.0,0,0.0,0,0.0,0,2276,67,0.0,0,0.0,0,0.0,0,0.0,0
2012-11-08T09:22:23.500,2275.8,18035,2275.8,45,0.0,0,0.0,0,0.0,0,0.0,0,2276,68,0.0,0,0.0,0,0.0,0,0.0,0
2012-11-08T09:22:24.000,2275.8,18058,2275.8,22,0.0,0,0.0,0,0.0,0,0.0,0,2276,69,0.0,0,0.0,0,0.0,0,0.0,0
2012-11-08T09:22:24.500,2275.8,18060,2275.8,21,0.0,0,0.0,0,0.0,0,0.0,0,2276,72,0.0,0,0.0,0,0.0,0,0.0,0
2012-11-08T09:22:25.000,2276,18079,2275.8,5,0.0,0,0.0,0,0.0,0,0.0,0,2276,61,0.0,0,0.0,0,0.0,0,0.0,0
2012-11-08T09:22:25.500,2275.8,18084,2275.6,36,0.0,0,0.0,0,0.0,0,0.0,0,2275.8,1,0.0,0,0.0,0,0.0,0,0.0,0
2012-11-08T09:22:26.250,2275.8,18111,2275.6,25,0.0,0,0.0,0,0.0,0,0.0,0,2275.8,3,0.0,0,0.0,0,0.0,0,0.0,0
2012-11-08T09:22:27.000,2275.6,18114,2275.6,23,0.0,0,0.0,0,0.0,0,0.0,0,2275.8,5,0.0,0,0.0,0,0.0,0,0.0,0
2012-11-08T09:22:27.500,2275.6,18127,2275.6,21,0.0,0,0.0,0,0.0,0,0.0,0,2276,55,0.0,0,0.0,0,0.0,0,0.0,0
2012-11-08T09:22:28.000,2275.6,18144,2275.6,4,0.0,0,0.0,0,0.0,0,0.0,0,2275.8,3,0.0,0,0.0,0,0.0,0,0.0,0
2012-11-08T09:22:28.500,2275.6,18147,2275.6,4,0.0,0,0.0,0,0.0,0,0.0,0,2275.8,1,0.0,0,0.0,0,0.0,0,0.0,0
2012-11-08T09:22:29.000,2275.8,18163,2275.8,4,0.0,0,0.0,0,0.0,0,0.0,0,2276,56,0.0,0,0.0,0,0.0,0,0.0,0
2012-11-08T09:22:29.500,2275.8,18166,2275.8,3,0.0,0,0.0,0,0.0,0,0.0,0,2276,63,0.0,0,0.0,0,0.0,0,0.0,0
2012-11-08T09:22:30.000,2275.6,18174,2275.6,32,0.0,0,0.0,0,0.0,0,0.0,0,2276,63,0.0,0,0.0,0,0.0,0,0.0,0
2012-11-08T09:22:30.500,2275.6,18176,2275.6,31,0.0,0,0.0,0,0.0,0,0.0,0,2275.8,2,0.0,0,0.0,0,0.0,0,0.0,0
2012-11-08T09:22:31.000,2275.6,18177,2275.6,30,0.0,0,0.0,0,0.0,0,0.0,0,2275.8,5,0.0,0,0.0,0,0.0,0,0.0,0
2012-11-08T09:22:31.500,2275.6,18178,2275.6,30,0.0,0,0.0,0,0.0,0,0.0,0,2275.8,8,0.0,0,0.0,0,0.0,0,0.0,0
2012-11-08T09:22:32.000,2275.8,18179,2275.6,35,0.0,0,0.0,0,0.0,0,0.0,0,2275.8,14,0.0,0,0.0,0,0.0,0,0.0,0
2012-11-08T09:22:32.500,2275.6,18186,2275.6,33,0.0,0,0.0,0,0.0,0,0.0,0,2275.8,9,0.0,0,0.0,0,0.0,0,0.0,0
2012-11-08T09:22:33.000,2275.6,18201,2275.6,22,0.0,0,0.0,0,0.0,0,0.0,0,2275.8,9,0.0,0,0.0,0,0.0,0,0.0,0
2012-11-08T09:22:33.500,2275.8,18203,2275.6,22,0.0,0,0.0,0,0.0,0,0.0,0,2275.8,7,0.0,0,0.0,0,0.0,0,0.0,0
2012-11-08T09:22:34.000,2275.6,18217,2275.6,14,0.0,0,0.0,0,0.0,0,0.0,0,2275.8,2,0.0,0,0.0,0,0.0,0,0.0,0
2012-11-08T09:22:34.500,2275.6,18219,2275.6,32,0.0,0,0.0,0,0.0,0,0.0,0,2275.8,2,0.0,0,0.0,0,0.0,0,0.0,0
2012-11-08T09:22:35.000,2275.8,18222,2275.6,32,0.0,0,0.0,0,0.0,0,0.0,0,2275.8,2,0.0,0,0.0,0,0.0,0,0.0,0
2012-11-08T09:22:35.500,2276,18229,2275.8,5,0.0,0,0.0,0,0.0,0,0.0,0,2276,69,0.0,0,0.0,0,0.0,0,0.0,0
2012-11-08T09:22:36.000,2275.8,18242,2275.8,1,0.0,0,0.0,0,0.0,0,0.0,0,2276,69,0.0,0,0.0,0,0.0,0,0.0,0
2012-11-08T09:22:36.500,2275.8,18252,2275.8,11,0.0,0,0.0,0,0.0,0,0.0,0,2276,66,0.0,0,0.0,0,0.0,0,0.0,0
2012-11-08T09:22:37.250,2276,18256,2275.8,28,0.0,0,0.0,0,0.0,0,0.0,0,2276,63,0.0,0,0.0,0,0.0,0,0.0,0
2012-11-08T09:22:38.000,2276,18265,2275.8,25,0.0,0,0.0,0,0.0,0,0.0,0,2276,56,0.0,0,0.0,0,0.0,0,0.0,0
2012-11-08T09:22:38.500,2276,18323,2276,35,0.0,0,0.0,0,0.0,0,0.0,0,2276.2,3,0.0,0,0.0,0,0.0,0,0.0,0
2012-11-08T09:22:39.000,2276.2,18326,2276.2,31,0.0,0,0.0,0,0.0,0,0.0,0,2276.4,5,0.0,0,0.0,0,0.0,0,0.0,0
2012-11-08T09:22:39.500,2276.2,18329,2276.2,38,0.0,0,0.0,0,0.0,0,0.0,0,2276.4,6,0.0,0,0.0,0,0.0,0,0.0,0
2012-11-08T09:22:40.000,2276.2,18330,2276.2,36,0.0,0,0.0,0,0.0,0,0.0,0,2276.4,5,0.0,0,0.0,0,0.0,0,0.0,0
2012-11-08T09:22:40.500,2276.4,18334,2276.2,34,0.0,0,0.0,0,0.0,0,0.0,0,2276.4,3,0.0,0,0.0,0,0.0,0,0.0,0
2012-11-08T09:22:41.000,2276.2,18335,2276.2,33,0.0,0,0.0,0,0.0,0,0.0,0,2276.4,4,0.0,0,0.0,0,0.0,0,0.0,0
2012-11-08T09:22:41.500,2276.4,18336,2276.2,34,0.0,0,0.0,0,0.0,0,0.0,0,2276.4,3,0.0,0,0.0,0,0.0,0,0.0,0
2012-11-08T09:22:42.000,2276.4,18337,2276.2,25,0.0,0,0.0,0,0.0,0,0.0,0,2276.4,4,0.0,0,0.0,0,0.0,0,0.0,0
2012-11-08T09:22:42.500,2276.4,18342,2276.2,24,0.0,0,0.0,0,0.0,0,0.0,0,2276.4,1,0.0,0,0.0,0,0.0,0,0.0,0
2012-11-08T09:22:43.250,2276.4,18343,2276.2,21,0.0,0,0.0,0,0.0,0,0.0,0,2276.6,16,0.0,0,0.0,0,0.0,0,0.0,0
2012-11-08T09:22:44.000,2276.4,18355,2276.4,4,0.0,0,0.0,0,0.0,0,0.0,0,2276.6,17,0.0,0,0.0,0,0.0,0,0.0,0
2012-11-08T09:22:44.500,2276.6,18369,2276.4,2,0.0,0,0.0,0,0.0,0,0.0,0,2276.6,5,0.0,0,0.0,0,0.0,0,0.0,0
2012-11-08T09:22:45.000,2276.4,18370,2276.4,7,0.0,0,0.0,0,0.0,0,0.0,0,2276.6,10,0.0,0,0.0,0,0.0,0,0.0,0
2012-11-08T09:22:45.500,2276.4,18371,2276.4,7,0.0,0,0.0,0,0.0,0,0.0,0,2276.6,11,0.0,0,0.0,0,0.0,0,0.0,0
2012-11-08T09:22:46.000,2276.6,18372,2276.4,7,0.0,0,0.0,0,0.0,0,0.0,0,2276.6,10,0.0,0,0.0,0,0.0,0,0.0,0
2012-11-08T09:22:46.500,2276.6,18374,2276.4,7,0.0,0,0.0,0,0.0,0,0.0,0,2276.6,9,0.0,0,0.0,0,0.0,0,0.0,0
2012-11-08T09:22:47.000,2276.6,18377,2276.4,10,0.0,0,0.0,0,0.0,0,0.0,0,2276.6,9,0.0,0,0.0,0,0.0,0,0.0,0
2012-11-08T09:22:47.500,2276.6,18380,2276.4,10,0.0,0,0.0,0,0.0,0,0.0,0,2276.6,7,0.0,0,0.0,0,0.0,0,0.0,0
2012-11-08T09:22:48.000,2276.6,18385,2276.4,10,0.0,0,0.0,0,0.0,0,0.0,0,2276.6,3,0.0,0,0.0,0,0.0,0,0.0,0
2012-11-08T09:22:48.500,2276.6,18387,2276.4,9,0.0,0,0.0,0,0.0,0,0.0,0,2276.6,2,0.0,0,0.0,0,0.0,0,0.0,0
2012-11-08T09:22:49.000,2276.6,18389,2276.6,4,0.0,0,0.0,0,0.0,0,0.0,0,2276.8,56,0.0,0,0.0,0,0.0,0,0.0,0
2012-11-08T09:22:49.500,2276.6,18392,2276.6,5,0.0,0,0.0,0,0.0,0,0.0,0,2276.8,58,0.0,0,0.0,0,0.0,0,0.0,0
2012-11-08T09:22:50.000,2276.8,18395,2276.6,1,0.0,0,0.0,0,0.0,0,0.0,0,2276.8,56,0.0,0,0.0,0,0.0,0,0.0,0
2012-11-08T09:22:50.500,2276.4,18409,2276.2,11,0.0,0,0.0,0,0.0,0,0.0,0,2276.4,3,0.0,0,0.0,0,0.0,0,0.0,0
2012-11-08T09:22:51.000,2276.8,18425,2276.6,6,0.0,0,0.0,0,0.0,0,0.0,0,2276.8,54,0.0,0,0.0,0,0.0,0,0.0,0
2012-11-08T09:22:51.500,2276.6,18432,2276.4,4,0.0,0,0.0,0,0.0,0,0.0,0,2276.6,21,0.0,0,0.0,0,0.0,0,0.0,0
2012-11-08T09:22:52.000,2276.4,18434,2276.4,4,0.0,0,0.0,0,0.0,0,0.0,0,2276.6,20,0.0,0,0.0,0,0.0,0,0.0,0
2012-11-08T09:22:52.500,2276.4,18438,2276.4,6,0.0,0,0.0,0,0.0,0,0.0,0,2276.6,16,0.0,0,0.0,0,0.0,0,0.0,0
2012-11-08T09:22:53.000,2276.6,18446,2276.4,3,0.0,0,0.0,0,0.0,0,0.0,0,2276.6,11,0.0,0,0.0,0,0.0,0,0.0,0
2012-11-08T09:22:53.500,2276.6,18449,2276.4,3,0.0,0,0.0,0,0.0,0,0.0,0,2276.6,8,0.0,0,0.0,0,0.0,0,0.0,0
2012-11-08T09:22:54.000,2276.4,18456,2276.4,2,0.0,0,0.0,0,0.0,0,0.0,0,2276.6,8,0.0,0,0.0,0,0.0,0,0.0,0
2012-11-08T09:22:54.500,2276.6,18469,2276.6,10,0.0,0,0.0,0,0.0,0,0.0,0,2276.8,57,0.0,0,0.0,0,0.0,0,0.0,0
2012-11-08T09:22:55.000,2276.6,18471,2276.6,10,0.0,0,0.0,0,0.0,0,0.0,0,2276.8,59,0.0,0,0.0,0,0.0,0,0.0,0
2012-11-08T09:22:55.500,2276.6,18477,2276.6,5,0.0,0,0.0,0,0.0,0,0.0,0,2276.8,58,0.0,0,0.0,0,0.0,0,0.0,0
2012-11-08T09:22:56.000,2276.6,18478,2276.6,4,0.0,0,0.0,0,0.0,0,0.0,0,2276.8,59,0.0,0,0.0,0,0.0,0,0.0,0
2012-11-08T09:22:56.500,2276.6,18479,2276.6,3,0.0,0,0.0,0,0.0,0,0.0,0,2276.8,59,0.0,0,0.0,0,0.0,0,0.0,0
2012-11-08T09:22:57.250,2276.6,18482,2276.6,5,0.0,0,0.0,0,0.0,0,0.0,0,2276.8,64,0.0,0,0.0,0,0.0,0,0.0,0
2012-11-08T09:22:58.000,2276.6,18483,2276.6,6,0.0,0,0.0,0,0.0,0,0.0,0,2276.8,80,0.0,0,0.0,0,0.0,0,0.0,0
2012-11-08T09:22:58.500,2276.6,18490,2276.4,4,0.0,0,0.0,0,0.0,0,0.0,0,2276.8,79,0.0,0,0.0,0,0.0,0,0.0,0
2012-11-08T09:22:59.250,2276.4,18492,2276.4,2,0.0,0,0.0,0,0.0,0,0.0,0,2276.6,14,0.0,0,0.0,0,0.0,0,0.0,0
2012-11-08T09:23:00.000,2276.4,18493,2276.4,1,0.0,0,0.0,0,0.0,0,0.0,0,2276.6,27,0.0,0,0.0,0,0.0,0,0.0,0
2012-11-08T09:23:00.500,2276.6,18501,2276.2,10,0.0,0,0.0,0,0.0,0,0.0,0,2276.4,1,0.0,0,0.0,0,0.0,0,0.0,0
2012-11-08T09:23:01.250,2276,18513,2276,18,0.0,0,0.0,0,0.0,0,0.0,0,2276.2,1,0.0,0,0.0,0,0.0,0,0.0,0
2012-11-08T09:23:02.000,2276,18514,2276,18,0.0,0,0.0,0,0.0,0,0.0,0,2276.2,9,0.0,0,0.0,0,0.0,0,0.0,0
2012-11-08T09:23:02.500,2276,18517,2276,16,0.0,0,0.0,0,0.0,0,0.0,0,2276.2,8,0.0,0,0.0,0,0.0,0,0.0,0
2012-11-08T09:23:03.000,2276,18519,2276,15,0.0,0,0.0,0,0.0,0,0.0,0,2276.2,12,0.0,0,0.0,0,0.0,0,0.0,0
2012-11-08T09:23:03.500,2276,18520,2276,14,0.0,0,0.0,0,0.0,0,0.0,0,2276.2,12,0.0,0,0.0,0,0.0,0,0.0,0
2012-11-08T09:23:04.000,2276.2,18523,2276,14,0.0,0,0.0,0,0.0,0,0.0,0,2276.2,9,0.0,0,0.0,0,0.0,0,0.0,0
2012-11-08T09:23:04.500,2276,18524,2276,13,0.0,0,0.0,0,0.0,0,0.0,0,2276.2,9,0.0,0,0.0,0,0.0,0,0.0,0
2012-11-08T09:23:05.250,2276.2,18525,2276,15,0.0,0,0.0,0,0.0,0,0.0,0,2276.2,8,0.0,0,0.0,0,0.0,0,0.0,0
2012-11-08T09:23:06.000,2276,18532,2276,15,0.0,0,0.0,0,0.0,0,0.0,0,2276.2,4,0.0,0,0.0,0,0.0,0,0.0,0
2012-11-08T09:23:06.500,2276,18533,2276,17,0.0,0,0.0,0,0.0,0,0.0,0,2276.2,5,0.0,0,0.0,0,0.0,0,0.0,0
2012-11-08T09:23:07.000,2275.8,18552,2275.8,38,0.0,0,0.0,0,0.0,0,0.0,0,2276,2,0.0,0,0.0,0,0.0,0,0.0,0
2012-11-08T09:23:07.500,2275.8,18553,2275.8,37,0.0,0,0.0,0,0.0,0,0.0,0,2276,3,0.0,0,0.0,0,0.0,0,0.0,0
2012-11-08T09:23:08.000,2275.8,18558,2275.8,32,0.0,0,0.0,0,0.0,0,0.0,0,2276,3,0.0,0,0.0,0,0.0,0,0.0,0
2012-11-08T09:23:08.500,2276,18561,2275.8,31,0.0,0,0.0,0,0.0,0,0.0,0,2276,1,0.0,0,0.0,0,0.0,0,0.0,0
2012-11-08T09:23:09.000,2275.8,18562,2275.8,30,0.0,0,0.0,0,0.0,0,0.0,0,2276,1,0.0,0,0.0,0,0.0,0,0.0,0
2012-11-08T09:23:09.500,2276,18564,2276,4,0.0,0,0.0,0,0.0,0,0.0,0,2276.2,14,0.0,0,0.0,0,0.0,0,0.0,0
2012-11-08T09:23:10.250,2276,18566,2276,5,0.0,0,0.0,0,0.0,0,0.0,0,2276.2,13,0.0,0,0.0,0,0.0,0,0.0,0
2012-11-08T09:23:11.250,2276,18567,2276,6,0.0,0,0.0,0,0.0,0,0.0,0,2276.2,13,0.0,0,0.0,0,0.0,0,0.0,0
2012-11-08T09:23:12.250,2276.2,18568,2276,6,0.0,0,0.0,0,0.0,0,0.0,0,2276.2,14,0.0,0,0.0,0,0.0,0,0.0,0
2012-11-08T09:23:13.000,2276,18575,2275.8,23,0.0,0,0.0,0,0.0,0,0.0,0,2276.2,14,0.0,0,0.0,0,0.0,0,0.0,0
2012-11-08T09:23:13.500,2276.2,18577,2275.8,23,0.0,0,0.0,0,0.0,0,0.0,0,2276.2,12,0.0,0,0.0,0,0.0,0,0.0,0
2012-11-08T09:23:14.250,2276.2,18578,2276,1,0.0,0,0.0,0,0.0,0,0.0,0,2276.2,11,0.0,0,0.0,0,0.0,0,0.0,0
2012-11-08T09:23:15.000,2276,18579,2276,2,0.0,0,0.0,0,0.0,0,0.0,0,2276.2,12,0.0,0,0.0,0,0.0,0,0.0,0
2012-11-08T09:23:15.500,2276,18581,2275.8,25,0.0,0,0.0,0,0.0,0,0.0,0,2276.2,14,0.0,0,0.0,0,0.0,0,0.0,0
2012-11-08T09:23:16.250,2276,18582,2275.8,25,0.0,0,0.0,0,0.0,0,0.0,0,2276,2,0.0,0,0.0,0,0.0,0,0.0,0
2012-11-08T09:23:17.000,2276,18587,2275.8,25,0.0,0,0.0,0,0.0,0,0.0,0,2276,20,0.0,0,0.0,0,0.0,0,0.0,0
2012-11-08T09:23:17.500,2276,18589,2275.8,25,0.0,0,0.0,0,0.0,0,0.0,0,2276,19,0.0,0,0.0,0,0.0,0,0.0,0
2012-11-08T09:23:18.000,2275.8,18595,2275.8,27,0.0,0,0.0,0,0.0,0,0.0,0,2276,18,0.0,0,0.0,0,0.0,0,0.0,0
2012-11-08T09:23:18.500,2275.8,18625,2275.6,47,0.0,0,0.0,0,0.0,0,0.0,0,2275.8,30,0.0,0,0.0,0,0.0,0,0.0,0
2012-11-08T09:23:19.000,2275.8,18627,2275.6,47,0.0,0,0.0,0,0.0,0,0.0,0,2275.8,28,0.0,0,0.0,0,0.0,0,0.0,0
2012-11-08T09:23:19.500,2275.8,18672,2275.6,6,0.0,0,0.0,0,0.0,0,0.0,0,2275.8,28,0.0,0,0.0,0,0.0,0,0.0,0
2012-11-08T09:23:20.000,2275.4,18712,2275.2,52,0.0,0,0.0,0,0.0,0,0.0,0,2275.4,23,0.0,0,0.0,0,0.0,0,0.0,0
2012-11-08T09:23:20.500,2275.2,18724,2275.2,40,0.0,0,0.0,0,0.0,0,0.0,0,2275.4,27,0.0,0,0.0,0,0.0,0,0.0,0
2012-11-08T09:23:21.000,2275.2,18746,2275.2,19,0.0,0,0.0,0,0.0,0,0.0,0,2275.4,27,0.0,0,0.0,0,0.0,0,0.0,0
2012-11-08T09:23:21.500,2275.4,18766,2275.2,1,0.0,0,0.0,0,0.0,0,0.0,0,2275.4,25,0.0,0,0.0,0,0.0,0,0.0,0
2012-11-08T09:23:22.000,2275.2,18780,2275.2,7,0.0,0,0.0,0,0.0,0,0.0,0,2275.4,25,0.0,0,0.0,0,0.0,0,0.0,0
2012-11-08T09:23:22.500,2275.2,18794,2275.2,6,0.0,0,0.0,0,0.0,0,0.0,0,2275.4,22,0.0,0,0.0,0,0.0,0,0.0,0
2012-11-08T09:23:23.000,2275.4,18796,2275.2,16,0.0,0,0.0,0,0.0,0,0.0,0,2275.4,21,0.0,0,0.0,0,0.0,0,0.0,0
2012-11-08T09:23:23.500,2275.4,18816,2275.4,17,0.0,0,0.0,0,0.0,0,0.0,0,2275.6,5,0.0,0,0.0,0,0.0,0,0.0,0
2012-11-08T09:23:24.000,2275.6,18823,2275.6,4,0.0,0,0.0,0,0.0,0,0.0,0,2275.8,52,0.0,0,0.0,0,0.0,0,0.0,0
2012-11-08T09:23:24.500,2275.8,18835,2275.6,3,0.0,0,0.0,0,0.0,0,0.0,0,2275.8,49,0.0,0,0.0,0,0.0,0,0.0,0
2012-11-08T09:23:25.000,2275.4,18841,2275.4,10,0.0,0,0.0,0,0.0,0,0.0,0,2275.8,33,0.0,0,0.0,0,0.0,0,0.0,0
2012-11-08T09:23:25.500,2275.2,18854,2275.2,18,0.0,0,0.0,0,0.0,0,0.0,0,2275.4,24,0.0,0,0.0,0,0.0,0,0.0,0
2012-11-08T09:23:26.000,2275.4,18866,2275.2,26,0.0,0,0.0,0,0.0,0,0.0,0,2275.4,17,0.0,0,0.0,0,0.0,0,0.0,0
2012-11-08T09:23:26.500,2275.2,18871,2275.2,21,0.0,0,0.0,0,0.0,0,0.0,0,2275.4,17,0.0,0,0.0,0,0.0,0,0.0,0
2012-11-08T09:23:27.000,2275.2,18894,2275,121,0.0,0,0.0,0,0.0,0,0.0,0,2275.2,4,0.0,0,0.0,0,0.0,0,0.0,0
2012-11-08T09:23:27.500,2275.2,18900,2275.2,5,0.0,0,0.0,0,0.0,0,0.0,0,2275.4,18,0.0,0,0.0,0,0.0,0,0.0,0
2012-11-08T09:23:28.000,2275.2,18907,2275.2,20,0.0,0,0.0,0,0.0,0,0.0,0,2275.4,18,0.0,0,0.0,0,0.0,0,0.0,0
2012-11-08T09:23:28.500,2275.2,18919,2275.2,9,0.0,0,0.0,0,0.0,0,0.0,0,2275.4,18,0.0,0,0.0,0,0.0,0,0.0,0
2012-11-08T09:23:29.000,2275.4,18924,2275.2,13,0.0,0,0.0,0,0.0,0,0.0,0,2275.4,14,0.0,0,0.0,0,0.0,0,0.0,0
2012-11-08T09:23:29.500,2275.2,18929,2275.2,12,0.0,0,0.0,0,0.0,0,0.0,0,2275.4,12,0.0,0,0.0,0,0.0,0,0.0,0
