date_time,last_px,total_volume,bid1_px,bid1_qty,bid2_px,bid2_qty,bid3_px,bid3_qty,bid4_px,bid4_qty,bid5_px,bid5_qty,ask1_px,ask1_qty,ask2_px,ask2_qty,ask3_px,ask3_qty,ask4_px,ask4_qty,ask5_px,ask5_qty
2012-11-16T09:14:00.250,2199.8,163,2199.2,14,0.0,0,0.0,0,0.0,0,0.0,0,2199.8,10,0.0,0,0.0,0,0.0,0,0.0,0
2012-11-16T09:15:00.250,2199.8,283,2200,2,0.0,0,0.0,0,0.0,0,0.0,0,2200.2,1,0.0,0,0.0,0,0.0,0,0.0,0
2012-11-16T09:15:01.000,2200.4,384,2200.4,15,0.0,0,0.0,0,0.0,0,0.0,0,2200.6,12,0.0,0,0.0,0,0.0,0,0.0,0
2012-11-16T09:15:01.500,2199.6,428,2198.8,2,0.0,0,0.0,0,0.0,0,0.0,0,2200,9,0.0,0,0.0,0,0.0,0,0.0,0
2012-11-16T09:15:02.000,2199.2,465,2199.2,13,0.0,0,0.0,0,0.0,0,0.0,0,2199.6,14,0.0,0,0.0,0,0.0,0,0.0,0
2012-11-16T09:15:02.500,2198.6,554,2198.6,2,0.0,0,0.0,0,0.0,0,0.0,0,2199.2,29,0.0,0,0.0,0,0.0,0,0.0,0
2012-11-16T09:15:03.000,2198.8,604,2198.6,1,0.0,0,0.0,0,0.0,0,0.0,0,2198.8,18,0.0,0,0.0,0,0.0,0,0.0,0
2012-11-16T09:15:03.500,2198.6,660,2198.2,6,0.0,0,0.0,0,0.0,0,0.0,0,2198.6,2,0.0,0,0.0,0,0.0,0,0.0,0
2012-11-16T09:15:04.000,2198.6,680,2198.4,11,0.0,0,0.0,0,0.0,0,0.0,0,2198.6,1,0.0,0,0.0,0,0.0,0,0.0,0
2012-11-16T09:15:04.500,2198.6,705,2198.6,11,0.0,0,0.0,0,0.0,0,0.0,0,2198.8,13,0.0,0,0.0,0,0.0,0,0.0,0
2012-11-16T09:15:05.000,2198.8,761,2198.8,6,0.0,0,0.0,0,0.0,0,0.0,0,2199.2,10,0.0,0,0.0,0,0.0,0,0.0,0
2012-11-16T09:15:05.500,2199.2,814,2199,22,0.0,0,0.0,0,0.0,0,0.0,0,2199.2,9,0.0,0,0.0,0,0.0,0,0.0,0
2012-11-16T09:15:06.000,2199.6,842,2199.2,12,0.0,0,0.0,0,0.0,0,0.0,0,2199.6,1,0.0,0,0.0,0,0.0,0,0.0,0
2012-11-16T09:15:06.500,2199.6,929,2199.6,32,0.0,0,0.0,0,0.0,0,0.0,0,2200,10,0.0,0,0.0,0,0.0,0,0.0,0
2012-11-16T09:15:07.000,2200,958,2200,28,0.0,0,0.0,0,0.0,0,0.0,0,2200.2,3,0.0,0,0.0,0,0.0,0,0.0,0
2012-11-16T09:15:07.500,2200,997,2200.4,5,0.0,0,0.0,0,0.0,0,0.0,0,2200.6,13,0.0,0,0.0,0,0.0,0,0.0,0
2012-11-16T09:15:08.000,2200.6,1012,2200.2,7,0.0,0,0.0,0,0.0,0,0.0,0,2200.6,4,0.0,0,0.0,0,0.0,0,0.0,0
2012-11-16T09:15:08.500,2200.4,1044,2200,23,0.0,0,0.0,0,0.0,0,0.0,0,2200.4,21,0.0,0,0.0,0,0.0,0,0.0,0
2012-11-16T09:15:09.000,2200.2,1087,2200.2,2,0.0,0,0.0,0,0.0,0,0.0,0,2200.4,11,0.0,0,0.0,0,0.0,0,0.0,0
2012-11-16T09:15:09.500,2200.2,1128,2200,12,0.0,0,0.0,0,0.0,0,0.0,0,2200.2,7,0.0,0,0.0,0,0.0,0,0.0,0
2012-11-16T09:15:10.000,2200,1153,2199.8,5,0.0,0,0.0,0,0.0,0,0.0,0,2200,14,0.0,0,0.0,0,0.0,0,0.0,0
2012-11-16T09:15:10.500,2199.8,1164,2199.6,27,0.0,0,0.0,0,0.0,0,0.0,0,2199.8,60,0.0,0,0.0,0,0.0,0,0.0,0
2012-11-16T09:15:11.000,2199.4,1239,2199.2,7,0.0,0,0.0,0,0.0,0,0.0,0,2199.4,14,0.0,0,0.0,0,0.0,0,0.0,0
2012-11-16T09:15:11.500,2198.8,1264,2198.8,4,0.0,0,0.0,0,0.0,0,0.0,0,2199,27,0.0,0,0.0,0,0.0,0,0.0,0
2012-11-16T09:15:12.000,2199,1286,2198.6,10,0.0,0,0.0,0,0.0,0,0.0,0,2198.8,6,0.0,0,0.0,0,0.0,0,0.0,0
2012-11-16T09:15:12.500,2198.6,1309,2198.6,5,0.0,0,0.0,0,0.0,0,0.0,0,2198.8,6,0.0,0,0.0,0,0.0,0,0.0,0
2012-11-16T09:15:13.000,2198.8,1322,2198.6,12,0.0,0,0.0,0,0.0,0,0.0,0,2198.8,1,0.0,0,0.0,0,0.0,0,0.0,0
2012-11-16T09:15:13.500,2199,1332,2198.6,20,0.0,0,0.0,0,0.0,0,0.0,0,2199,84,0.0,0,0.0,0,0.0,0,0.0,0
2012-11-16T09:15:14.000,2199,1338,2198.6,35,0.0,0,0.0,0,0.0,0,0.0,0,2199,81,0.0,0,0.0,0,0.0,0,0.0,0
2012-11-16T09:15:14.500,2198.6,1437,2198.4,14,0.0,0,0.0,0,0.0,0,0.0,0,2198.6,6,0.0,0,0.0,0,0.0,0,0.0,0
2012-11-16T09:15:15.000,2198.4,1449,2198.4,7,0.0,0,0.0,0,0.0,0,0.0,0,2198.6,33,0.0,0,0.0,0,0.0,0,0.0,0
2012-11-16T09:15:15.500,2198.4,1502,2198,31,0.0,0,0.0,0,0.0,0,0.0,0,2198.2,1,0.0,0,0.0,0,0.0,0,0.0,0
2012-11-16T09:15:16.000,2197.8,1551,2197.8,10,0.0,0,0.0,0,0.0,0,0.0,0,2198.2,24,0.0,0,0.0,0,0.0,0,0.0,0
2012-11-16T09:15:16.500,2197.8,1584,2197.6,14,0.0,0,0.0,0,0.0,0,0.0,0,2197.8,33,0.0,0,0.0,0,0.0,0,0.0,0
2012-11-16T09:15:17.000,2197.8,1614,2197.6,15,0.0,0,0.0,0,0.0,0,0.0,0,2197.8,19,0.0,0,0.0,0,0.0,0,0.0,0
2012-11-16T09:15:17.500,2197.6,1649,2197.4,1,0.0,0,0.0,0,0.0,0,0.0,0,2197.6,5,0.0,0,0.0,0,0.0,0,0.0,0
2012-11-16T09:15:18.000,2197.8,1686,2197.6,5,0.0,0,0.0,0,0.0,0,0.0,0,2197.8,8,0.0,0,0.0,0,0.0,0,0.0,0
2012-11-16T09:15:18.500,2197.8,1722,2197.8,20,0.0,0,0.0,0,0.0,0,0.0,0,2198.2,22,0.0,0,0.0,0,0.0,0,0.0,0
2012-11-16T09:15:19.000,2197.8,1728,2198,5,0.0,0,0.0,0,0.0,0,0.0,0,2198.2,20,0.0,0,0.0,0,0.0,0,0.0,0
2012-11-16T09:15:19.500,2198.2,1792,2198.2,16,0.0,0,0.0,0,0.0,0,0.0,0,2198.4,11,0.0,0,0.0,0,0.0,0,0.0,0
2012-11-16T09:15:20.000,2198.2,1816,2198.4,1,0.0,0,0.0,0,0.0,0,0.0,0,2198.6,5,0.0,0,0.0,0,0.0,0,0.0,0
2012-11-16T09:15:20.500,2198.4,1843,2198.4,7,0.0,0,0.0,0,0.0,0,0.0,0,2198.8,1,0.0,0,0.0,0,0.0,0,0.0,0
2012-11-16T09:15:21.000,2198.4,1846,2198.4,5,0.0,0,0.0,0,0.0,0,0.0,0,2198.6,5,0.0,0,0.0,0,0.0,0,0.0,0
2012-11-16T09:15:21.500,2198.6,1861,2198.4,9,0.0,0,0.0,0,0.0,0,0.0,0,2198.6,1,0.0,0,0.0,0,0.0,0,0.0,0
2012-11-16T09:15:22.000,2198.6,1863,2198.6,2,0.0,0,0.0,0,0.0,0,0.0,0,2198.8,3,0.0,0,0.0,0,0.0,0,0.0,0
2012-11-16T09:15:22.500,2198.8,1867,2198.8,8,0.0,0,0.0,0,0.0,0,0.0,0,2199,4,0.0,0,0.0,0,0.0,0,0.0,0
2012-11-16T09:15:23.000,2199,1875,2198.8,42,0.0,0,0.0,0,0.0,0,0.0,0,2199,2,0.0,0,0.0,0,0.0,0,0.0,0
2012-11-16T09:15:23.500,2199,1881,2198.8,41,0.0,0,0.0,0,0.0,0,0.0,0,2199,9,0.0,0,0.0,0,0.0,0,0.0,0
2012-11-16T09:15:24.000,2199,1893,2199,30,0.0,0,0.0,0,0.0,0,0.0,0,2199.2,16,0.0,0,0.0,0,0.0,0,0.0,0
2012-11-16T09:15:24.500,2199.2,1909,2199,30,0.0,0,0.0,0,0.0,0,0.0,0,2199.2,11,0.0,0,0.0,0,0.0,0,0.0,0
2012-11-16T09:15:25.000,2199,1922,2199,32,0.0,0,0.0,0,0.0,0,0.0,0,2199.2,12,0.0,0,0.0,0,0.0,0,0.0,0
2012-11-16T09:15:25.500,2199,1924,2199,33,0.0,0,0.0,0,0.0,0,0.0,0,2199.2,11,0.0,0,0.0,0,0.0,0,0.0,0
2012-11-16T09:15:26.000,2199,1950,2199,51,0.0,0,0.0,0,0.0,0,0.0,0,2199.2,4,0.0,0,0.0,0,0.0,0,0.0,0
2012-11-16T09:15:26.500,2199.2,1967,2199,59,0.0,0,0.0,0,0.0,0,0.0,0,2199.4,10,0.0,0,0.0,0,0.0,0,0.0,0
2012-11-16T09:15:27.000,2199.2,1982,2199.2,17,0.0,0,0.0,0,0.0,0,0.0,0,2199.6,18,0.0,0,0.0,0,0.0,0,0.0,0
2012-11-16T09:15:27.500,2199.2,1998,2199.4,1,0.0,0,0.0,0,0.0,0,0.0,0,2199.6,4,0.0,0,0.0,0,0.0,0,0.0,0
2012-11-16T09:15:28.000,2200,2020,2199.4,5,0.0,0,0.0,0,0.0,0,0.0,0,2199.8,1,0.0,0,0.0,0,0.0,0,0.0,0
2012-11-16T09:15:28.500,2199.8,2023,2199.8,8,0.0,0,0.0,0,0.0,0,0.0,0,2200,39,0.0,0,0.0,0,0.0,0,0.0,0
2012-11-16T09:15:29.000,2200,2034,2199.8,17,0.0,0,0.0,0,0.0,0,0.0,0,2200,39,0.0,0,0.0,0,0.0,0,0.0,0
2012-11-16T09:15:29.500,2199.8,2037,2199.8,16,0.0,0,0.0,0,0.0,0,0.0,0,2200,38,0.0,0,0.0,0,0.0,0,0.0,0
2012-11-16T09:15:30.000,2200,2040,2199.8,15,0.0,0,0.0,0,0.0,0,0.0,0,2200,36,0.0,0,0.0,0,0.0,0,0.0,0
2012-11-16T09:15:30.500,2200,2063,2199.8,8,0.0,0,0.0,0,0.0,0,0.0,0,2200,15,0.0,0,0.0,0,0.0,0,0.0,0
2012-11-16T09:15:31.000,2200,2068,2199.8,6,0.0,0,0.0,0,0.0,0,0.0,0,2200,12,0.0,0,0.0,0,0.0,0,0.0,0
2012-11-16T09:15:31.500,2200.6,2129,2199.6,1,0.0,0,0.0,0,0.0,0,0.0,0,2200.4,1,0.0,0,0.0,0,0.0,0,0.0,0
2012-11-16T09:15:32.000,2200,2157,2200,2,0.0,0,0.0,0,0.0,0,0.0,0,2200.6,8,0.0,0,0.0,0,0.0,0,0.0,0
2012-11-16T09:15:32.500,2200,2173,2200.6,3,0.0,0,0.0,0,0.0,0,0.0,0,2201,20,0.0,0,0.0,0,0.0,0,0.0,0
2012-11-16T09:15:33.000,2201,2181,2200.6,1,0.0,0,0.0,0,0.0,0,0.0,0,2201,14,0.0,0,0.0,0,0.0,0,0.0,0
2012-11-16T09:15:33.500,2200.8,2197,2200.6,7,0.0,0,0.0,0,0.0,0,0.0,0,2201,3,0.0,0,0.0,0,0.0,0,0.0,0
2012-11-16T09:15:34.000,2200.8,2213,2200.6,1,0.0,0,0.0,0,0.0,0,0.0,0,2201.2,16,0.0,0,0.0,0,0.0,0,0.0,0
2012-11-16T09:15:34.500,2201,2232,2200.6,5,0.0,0,0.0,0,0.0,0,0.0,0,2201,58,0.0,0,0.0,0,0.0,0,0.0,0
2012-11-16T09:15:35.000,2200.4,2254,2200.4,11,0.0,0,0.0,0,0.0,0,0.0,0,2200.6,17,0.0,0,0.0,0,0.0,0,0.0,0
2012-11-16T09:15:35.500,2200.4,2286,2200.2,1,0.0,0,0.0,0,0.0,0,0.0,0,2200.4,1,0.0,0,0.0,0,0.0,0,0.0,0
2012-11-16T09:15:36.000,2200.4,2300,2200.2,9,0.0,0,0.0,0,0.0,0,0.0,0,2200.4,24,0.0,0,0.0,0,0.0,0,0.0,0
2012-11-16T09:15:36.500,2200.2,2318,2200.2,7,0.0,0,0.0,0,0.0,0,0.0,0,2200.4,40,0.0,0,0.0,0,0.0,0,0.0,0
2012-11-16T09:15:37.000,2200.4,2330,2199.8,1,0.0,0,0.0,0,0.0,0,0.0,0,2200.4,33,0.0,0,0.0,0,0.0,0,0.0,0
2012-11-16T09:15:37.500,2199.8,2336,2199.8,3,0.0,0,0.0,0,0.0,0,0.0,0,2200.2,14,0.0,0,0.0,0,0.0,0,0.0,0
2012-11-16T09:15:38.000,2200.2,2361,2200,2,0.0,0,0.0,0,0.0,0,0.0,0,2200.2,12,0.0,0,0.0,0,0.0,0,0.0,0
2012-11-16T09:15:38.500,2199.8,2377,2200,1,0.0,0,0.0,0,0.0,0,0.0,0,2200.2,5,0.0,0,0.0,0,0.0,0,0.0,0
2012-11-16T09:15:39.000,2200.2,2384,2200.2,3,0.0,0,0.0,0,0.0,0,0.0,0,2200.4,29,0.0,0,0.0,0,0.0,0,0.0,0
2012-11-16T09:15:39.500,2200.2,2393,2200.2,2,0.0,0,0.0,0,0.0,0,0.0,0,2200.4,21,0.0,0,0.0,0,0.0,0,0.0,0
2012-11-16T09:15:40.000,2200.2,2398,2199.8,12,0.0,0,0.0,0,0.0,0,0.0,0,2200.4,21,0.0,0,0.0,0,0.0,0,0.0,0
2012-11-16T09:15:40.500,2200,2400,2200,6,0.0,0,0.0,0,0.0,0,0.0,0,2200.4,23,0.0,0,0.0,0,0.0,0,0.0,0
2012-11-16T09:15:41.000,2200.4,2425,2200,8,0.0,0,0.0,0,0.0,0,0.0,0,2200.4,2,0.0,0,0.0,0,0.0,0,0.0,0
2012-11-16T09:15:41.500,2200.2,2444,2200.2,12,0.0,0,0.0,0,0.0,0,0.0,0,2200.4,3,0.0,0,0.0,0,0.0,0,0.0,0
2012-11-16T09:15:42.000,2200.4,2448,2200.4,4,0.0,0,0.0,0,0.0,0,0.0,0,2200.6,34,0.0,0,0.0,0,0.0,0,0.0,0
2012-11-16T09:15:42.500,2200.4,2458,2200.2,7,0.0,0,0.0,0,0.0,0,0.0,0,2200.4,9,0.0,0,0.0,0,0.0,0,0.0,0
2012-11-16T09:15:43.000,2200.2,2461,2200.2,5,0.0,0,0.0,0,0.0,0,0.0,0,2200.4,12,0.0,0,0.0,0,0.0,0,0.0,0
2012-11-16T09:15:43.500,2200.4,2478,2200.2,2,0.0,0,0.0,0,0.0,0,0.0,0,2200.4,12,0.0,0,0.0,0,0.0,0,0.0,0
2012-11-16T09:15:44.000,2200,2508,2200,18,0.0,0,0.0,0,0.0,0,0.0,0,2200.4,4,0.0,0,0.0,0,0.0,0,0.0,0
2012-11-16T09:15:44.500,2200.4,2523,2200,15,0.0,0,0.0,0,0.0,0,0.0,0,2200.6,31,0.0,0,0.0,0,0.0,0,0.0,0
2012-11-16T09:15:45.000,2200.6,2527,2200.4,1,0.0,0,0.0,0,0.0,0,0.0,0,2200.6,29,0.0,0,0.0,0,0.0,0,0.0,0
2012-11-16T09:15:45.500,2200.4,2532,2200.4,1,0.0,0,0.0,0,0.0,0,0.0,0,2200.6,28,0.0,0,0.0,0,0.0,0,0.0,0
2012-11-16T09:15:46.000,2200,2540,2200,12,0.0,0,0.0,0,0.0,0,0.0,0,2200.4,10,0.0,0,0.0,0,0.0,0,0.0,0
2012-11-16T09:15:46.500,2200,2558,2200,3,0.0,0,0.0,0,0.0,0,0.0,0,2200.4,9,0.0,0,0.0,0,0.0,0,0.0,0
2012-11-16T09:15:47.000,2200.2,2568,2200,4,0.0,0,0.0,0,0.0,0,0.0,0,2200.4,14,0.0,0,0.0,0,0.0,0,0.0,0
2012-11-16T09:15:47.500,2199.8,2581,2199.8,7,0.0,0,0.0,0,0.0,0,0.0,0,2200.4,14,0.0,0,0.0,0,0.0,0,0.0,0
2012-11-16T09:15:48.000,2199.8,2589,2199.6,10,0.0,0,0.0,0,0.0,0,0.0,0,2199.8,4,0.0,0,0.0,0,0.0,0,0.0,0
2012-11-16T09:15:48.500,2200.2,2602,2199.6,8,0.0,0,0.0,0,0.0,0,0.0,0,2200.2,5,0.0,0,0.0,0,0.0,0,0.0,0
2012-11-16T09:15:49.000,2200.6,2628,2199.8,9,0.0,0,0.0,0,0.0,0,0.0,0,2200,3,0.0,0,0.0,0,0.0,0,0.0,0
2012-11-16T09:15:49.500,2200,2631,2199.8,8,0.0,0,0.0,0,0.0,0,0.0,0,2200,1,0.0,0,0.0,0,0.0,0,0.0,0
2012-11-16T09:15:50.000,2199.6,2644,2199.6,5,0.0,0,0.0,0,0.0,0,0.0,0,2200.4,6,0.0,0,0.0,0,0.0,0,0.0,0
2012-11-16T09:15:50.500,2199.8,2651,2199.6,10,0.0,0,0.0,0,0.0,0,0.0,0,2200.2,27,0.0,0,0.0,0,0.0,0,0.0,0
2012-11-16T09:15:51.000,2200,2657,2199.6,18,0.0,0,0.0,0,0.0,0,0.0,0,2200.2,27,0.0,0,0.0,0,0.0,0,0.0,0
2012-11-16T09:15:51.500,2200.2,2670,2199.6,11,0.0,0,0.0,0,0.0,0,0.0,0,2200.2,21,0.0,0,0.0,0,0.0,0,0.0,0
2012-11-16T09:15:52.000,2199.6,2696,2199.6,43,0.0,0,0.0,0,0.0,0,0.0,0,2200.2,21,0.0,0,0.0,0,0.0,0,0.0,0
2012-11-16T09:15:52.500,2200,2704,2200,5,0.0,0,0.0,0,0.0,0,0.0,0,2200.2,21,0.0,0,0.0,0,0.0,0,0.0,0
2012-11-16T09:15:53.000,2199.8,2715,2199.6,71,0.0,0,0.0,0,0.0,0,0.0,0,2200,1,0.0,0,0.0,0,0.0,0,0.0,0
2012-11-16T09:15:53.500,2199.6,2729,2199.6,61,0.0,0,0.0,0,0.0,0,0.0,0,2200,12,0.0,0,0.0,0,0.0,0,0.0,0
2012-11-16T09:15:54.000,2199.6,2743,2199.6,49,0.0,0,0.0,0,0.0,0,0.0,0,2200,10,0.0,0,0.0,0,0.0,0,0.0,0
2012-11-16T09:15:54.500,2200,2755,2199.6,45,0.0,0,0.0,0,0.0,0,0.0,0,2200,4,0.0,0,0.0,0,0.0,0,0.0,0
2012-11-16T09:15:55.000,2199.6,2764,2199.6,37,0.0,0,0.0,0,0.0,0,0.0,0,2199.8,1,0.0,0,0.0,0,0.0,0,0.0,0
2012-11-16T09:15:55.500,2199.8,2779,2199.8,4,0.0,0,0.0,0,0.0,0,0.0,0,2200,1,0.0,0,0.0,0,0.0,0,0.0,0
2012-11-16T09:15:56.000,2200,2788,2199.8,8,0.0,0,0.0,0,0.0,0,0.0,0,2200.2,29,0.0,0,0.0,0,0.0,0,0.0,0
2012-11-16T09:15:56.500,2199.6,2801,2199.6,30,0.0,0,0.0,0,0.0,0,0.0,0,2200,2,0.0,0,0.0,0,0.0,0,0.0,0
2012-11-16T09:15:57.000,2199.6,2824,2199.6,15,0.0,0,0.0,0,0.0,0,0.0,0,2200,2,0.0,0,0.0,0,0.0,0,0.0,0
2012-11-16T09:15:57.500,2200,2825,2199.8,2,0.0,0,0.0,0,0.0,0,0.0,0,2200,1,0.0,0,0.0,0,0.0,0,0.0,0
2012-11-16T09:15:58.000,2199.6,2835,2199.6,9,0.0,0,0.0,0,0.0,0,0.0,0,2199.8,3,0.0,0,0.0,0,0.0,0,0.0,0
2012-11-16T09:15:58.500,2199.8,2837,2199.6,12,0.0,0,0.0,0,0.0,0,0.0,0,2199.8,2,0.0,0,0.0,0,0.0,0,0.0,0
2012-11-16T09:15:59.000,2199.6,2864,2199.6,9,0.0,0,0.0,0,0.0,0,0.0,0,2200,5,0.0,0,0.0,0,0.0,0,0.0,0
2012-11-16T09:15:59.500,2200,2873,2200,11,0.0,0,0.0,0,0.0,0,0.0,0,2200.2,40,0.0,0,0.0,0,0.0,0,0.0,0
2012-11-16T09:16:00.000,2200,2883,2200,3,0.0,0,0.0,0,0.0,0,0.0,0,2200.2,59,0.0,0,0.0,0,0.0,0,0.0,0
2012-11-16T09:16:00.500,2199.8,2904,2199.6,10,0.0,0,0.0,0,0.0,0,0.0,0,2200,5,0.0,0,0.0,0,0.0,0,0.0,0
2012-11-16T09:16:01.000,2199.6,2974,2199.6,1,0.0,0,0.0,0,0.0,0,0.0,0,2199.8,10,0.0,0,0.0,0,0.0,0,0.0,0
2012-11-16T09:16:01.500,2200,3002,2200,2,0.0,0,0.0,0,0.0,0,0.0,0,2200.2,11,0.0,0,0.0,0,0.0,0,0.0,0
2012-11-16T09:16:02.000,2200.2,3007,2200,4,0.0,0,0.0,0,0.0,0,0.0,0,2200.2,9,0.0,0,0.0,0,0.0,0,0.0,0
2012-11-16T09:16:02.500,2199.8,3025,2199.8,10,0.0,0,0.0,0,0.0,0,0.0,0,2200,1,0.0,0,0.0,0,0.0,0,0.0,0
2012-11-16T09:16:03.000,2199.6,3047,2199.6,10,0.0,0,0.0,0,0.0,0,0.0,0,2200.2,6,0.0,0,0.0,0,0.0,0,0.0,0
2012-11-16T09:16:03.500,2200,3048,2199.8,4,0.0,0,0.0,0,0.0,0,0.0,0,2200,1,0.0,0,0.0,0,0.0,0,0.0,0
2012-11-16T09:16:04.000,2200,3053,2200,11,0.0,0,0.0,0,0.0,0,0.0,0,2200.2,6,0.0,0,0.0,0,0.0,0,0.0,0
2012-11-16T09:16:04.500,2200,3062,2200,3,0.0,0,0.0,0,0.0,0,0.0,0,2200.2,6,0.0,0,0.0,0,0.0,0,0.0,0
2012-11-16T09:16:05.000,2200.2,3070,2199.8,4,0.0,0,0.0,0,0.0,0,0.0,0,2200,12,0.0,0,0.0,0,0.0,0,0.0,0
2012-11-16T09:16:05.500,2200,3076,2199.8,1,0.0,0,0.0,0,0.0,0,0.0,0,2200,11,0.0,0,0.0,0,0.0,0,0.0,0
2012-11-16T09:16:06.000,2199.6,3084,2199.6,12,0.0,0,0.0,0,0.0,0,0.0,0,2200,10,0.0,0,0.0,0,0.0,0,0.0,0
2012-11-16T09:16:06.500,2199.8,3089,2199.6,12,0.0,0,0.0,0,0.0,0,0.0,0,2200,14,0.0,0,0.0,0,0.0,0,0.0,0
2012-11-16T09:16:07.000,2200,3095,2199.6,9,0.0,0,0.0,0,0.0,0,0.0,0,2200,12,0.0,0,0.0,0,0.0,0,0.0,0
2012-11-16T09:16:07.500,2200,3103,2199.8,2,0.0,0,0.0,0,0.0,0,0.0,0,2200,11,0.0,0,0.0,0,0.0,0,0.0,0
2012-11-16T09:16:08.000,2199.8,3124,2199.4,7,0.0,0,0.0,0,0.0,0,0.0,0,2200.2,13,0.0,0,0.0,0,0.0,0,0.0,0
2012-11-16T09:16:08.500,2200,3125,2199.6,2,0.0,0,0.0,0,0.0,0,0.0,0,2200,6,0.0,0,0.0,0,0.0,0,0.0,0
2012-11-16T09:16:09.000,2199.6,3135,2199.4,3,0.0,0,0.0,0,0.0,0,0.0,0,2199.6,9,0.0,0,0.0,0,0.0,0,0.0,0
2012-11-16T09:16:09.500,2199.6,3176,2199.2,1,0.0,0,0.0,0,0.0,0,0.0,0,2199.6,9,0.0,0,0.0,0,0.0,0,0.0,0
2012-11-16T09:16:10.000,2199.6,3180,2199,22,0.0,0,0.0,0,0.0,0,0.0,0,2199.4,1,0.0,0,0.0,0,0.0,0,0.0,0
2012-11-16T09:16:10.500,2199,3186,2199,17,0.0,0,0.0,0,0.0,0,0.0,0,2199.2,1,0.0,0,0.0,0,0.0,0,0.0,0
2012-11-16T09:16:11.000,2199.2,3191,2199,15,0.0,0,0.0,0,0.0,0,0.0,0,2199.4,1,0.0,0,0.0,0,0.0,0,0.0,0
2012-11-16T09:16:11.500,2199.6,3200,2199.4,1,0.0,0,0.0,0,0.0,0,0.0,0,2199.6,9,0.0,0,0.0,0,0.0,0,0.0,0
2012-11-16T09:16:12.000,2199.4,3201,2199,9,0.0,0,0.0,0,0.0,0,0.0,0,2199.6,10,0.0,0,0.0,0,0.0,0,0.0,0
2012-11-16T09:16:12.500,2199.4,3203,2199,39,0.0,0,0.0,0,0.0,0,0.0,0,2199.6,8,0.0,0,0.0,0,0.0,0,0.0,0
2012-11-16T09:16:13.000,2199.6,3204,2199.2,17,0.0,0,0.0,0,0.0,0,0.0,0,2199.4,5,0.0,0,0.0,0,0.0,0,0.0,0
2012-11-16T09:16:13.500,2199.4,3210,2199.4,12,0.0,0,0.0,0,0.0,0,0.0,0,2199.6,9,0.0,0,0.0,0,0.0,0,0.0,0
2012-11-16T09:16:14.000,2199.4,3221,2199.4,16,0.0,0,0.0,0,0.0,0,0.0,0,2199.6,6,0.0,0,0.0,0,0.0,0,0.0,0
2012-11-16T09:16:14.500,2199.6,3222,2199.4,30,0.0,0,0.0,0,0.0,0,0.0,0,2199.6,3,0.0,0,0.0,0,0.0,0,0.0,0
2012-11-16T09:16:15.000,2199.4,3227,2199.6,8,0.0,0,0.0,0,0.0,0,0.0,0,2199.8,2,0.0,0,0.0,0,0.0,0,0.0,0
2012-11-16T09:16:15.500,2200,3232,2199.6,13,0.0,0,0.0,0,0.0,0,0.0,0,2200,28,0.0,0,0.0,0,0.0,0,0.0,0
2012-11-16T09:16:16.000,2199.4,3249,2199.4,16,0.0,0,0.0,0,0.0,0,0.0,0,2199.8,1,0.0,0,0.0,0,0.0,0,0.0,0
2012-11-16T09:16:16.500,2199.6,3254,2199.4,8,0.0,0,0.0,0,0.0,0,0.0,0,2199.6,1,0.0,0,0.0,0,0.0,0,0.0,0
2012-11-16T09:16:17.000,2199.6,3261,2199.6,22,0.0,0,0.0,0,0.0,0,0.0,0,2199.8,1,0.0,0,0.0,0,0.0,0,0.0,0
2012-11-16T09:16:17.500,2199.6,3262,2199.6,21,0.0,0,0.0,0,0.0,0,0.0,0,2199.8,9,0.0,0,0.0,0,0.0,0,0.0,0
2012-11-16T09:16:18.000,2199.6,3268,2199.4,5,0.0,0,0.0,0,0.0,0,0.0,0,2199.8,14,0.0,0,0.0,0,0.0,0,0.0,0
2012-11-16T09:16:18.500,2199.8,3280,2199.4,4,0.0,0,0.0,0,0.0,0,0.0,0,2199.8,3,0.0,0,0.0,0,0.0,0,0.0,0
2012-11-16T09:16:19.000,2199.6,3285,2199.4,3,0.0,0,0.0,0,0.0,0,0.0,0,2199.6,4,0.0,0,0.0,0,0.0,0,0.0,0
2012-11-16T09:16:19.500,2199.4,3287,2199.4,3,0.0,0,0.0,0,0.0,0,0.0,0,2199.6,4,0.0,0,0.0,0,0.0,0,0.0,0
2012-11-16T09:16:20.000,2199.4,3290,2199.4,2,0.0,0,0.0,0,0.0,0,0.0,0,2199.6,3,0.0,0,0.0,0,0.0,0,0.0,0
2012-11-16T09:16:20.500,2199.6,3296,2199.6,2,0.0,0,0.0,0,0.0,0,0.0,0,2199.8,1,0.0,0,0.0,0,0.0,0,0.0,0
2012-11-16T09:16:21.000,2199.4,3299,2199.2,26,0.0,0,0.0,0,0.0,0,0.0,0,2199.4,1,0.0,0,0.0,0,0.0,0,0.0,0
2012-11-16T09:16:21.500,2199.4,3305,2199.4,4,0.0,0,0.0,0,0.0,0,0.0,0,2199.6,7,0.0,0,0.0,0,0.0,0,0.0,0
2012-11-16T09:16:22.000,2199.2,3319,2199.2,24,0.0,0,0.0,0,0.0,0,0.0,0,2199.6,6,0.0,0,0.0,0,0.0,0,0.0,0
2012-11-16T09:16:22.500,2199.4,3323,2199.2,25,0.0,0,0.0,0,0.0,0,0.0,0,2199.6,4,0.0,0,0.0,0,0.0,0,0.0,0
2012-11-16T09:16:23.000,2199.2,3337,2199.4,4,0.0,0,0.0,0,0.0,0,0.0,0,2199.6,5,0.0,0,0.0,0,0.0,0,0.0,0
2012-11-16T09:16:23.500,2199.6,3340,2199.4,2,0.0,0,0.0,0,0.0,0,0.0,0,2199.6,6,0.0,0,0.0,0,0.0,0,0.0,0
2012-11-16T09:16:24.000,2199.6,3344,2199.4,1,0.0,0,0.0,0,0.0,0,0.0,0,2199.6,3,0.0,0,0.0,0,0.0,0,0.0,0
2012-11-16T09:16:24.500,2199.2,3355,2199.2,14,0.0,0,0.0,0,0.0,0,0.0,0,2199.4,3,0.0,0,0.0,0,0.0,0,0.0,0
2012-11-16T09:16:25.000,2199.2,3362,2199.2,9,0.0,0,0.0,0,0.0,0,0.0,0,2199.4,7,0.0,0,0.0,0,0.0,0,0.0,0
2012-11-16T09:16:25.500,2199.4,3371,2199.4,2,0.0,0,0.0,0,0.0,0,0.0,0,2199.8,6,0.0,0,0.0,0,0.0,0,0.0,0
2012-11-16T09:16:26.000,2199.2,3376,2199.2,8,0.0,0,0.0,0,0.0,0,0.0,0,2199.4,4,0.0,0,0.0,0,0.0,0,0.0,0
2012-11-16T09:16:26.500,2199.2,3384,2199,67,0.0,0,0.0,0,0.0,0,0.0,0,2199.2,15,0.0,0,0.0,0,0.0,0,0.0,0
2012-11-16T09:16:27.000,2199.2,3418,2199,56,0.0,0,0.0,0,0.0,0,0.0,0,2199.2,3,0.0,0,0.0,0,0.0,0,0.0,0
2012-11-16T09:16:27.500,2199.2,3420,2199,56,0.0,0,0.0,0,0.0,0,0.0,0,2199.2,2,0.0,0,0.0,0,0.0,0,0.0,0
2012-11-16T09:16:28.000,2199,3436,2199,47,0.0,0,0.0,0,0.0,0,0.0,0,2199.2,1,0.0,0,0.0,0,0.0,0,0.0,0
2012-11-16T09:16:28.500,2199,3455,2199,29,0.0,0,0.0,0,0.0,0,0.0,0,2199.2,1,0.0,0,0.0,0,0.0,0,0.0,0
2012-11-16T09:16:29.250,2199,3470,2199,15,0.0,0,0.0,0,0.0,0,0.0,0,2199.2,7,0.0,0,0.0,0,0.0,0,0.0,0
2012-11-16T09:16:30.000,2199,3484,2199,15,0.0,0,0.0,0,0.0,0,0.0,0,2199.2,3,0.0,0,0.0,0,0.0,0,0.0,0
2012-11-16T09:16:30.500,2199,3489,2199,12,0.0,0,0.0,0,0.0,0,0.0,0,2199.2,3,0.0,0,0.0,0,0.0,0,0.0,0
2012-11-16T09:16:31.000,2199,3511,2199,16,0.0,0,0.0,0,0.0,0,0.0,0,2199.4,3,0.0,0,0.0,0,0.0,0,0.0,0
2012-11-16T09:16:31.500,2199,3525,2199,7,0.0,0,0.0,0,0.0,0,0.0,0,2199.4,5,0.0,0,0.0,0,0.0,0,0.0,0
2012-11-16T09:16:32.000,2199,3532,2199,1,0.0,0,0.0,0,0.0,0,0.0,0,2199.4,15,0.0,0,0.0,0,0.0,0,0.0,0
2012-11-16T09:16:32.500,2198.8,3539,2198.8,41,0.0,0,0.0,0,0.0,0,0.0,0,2199,7,0.0,0,0.0,0,0.0,0,0.0,0
2012-11-16T09:16:33.000,2198.8,3547,2198.8,34,0.0,0,0.0,0,0.0,0,0.0,0,2199,9,0.0,0,0.0,0,0.0,0,0.0,0
2012-11-16T09:16:33.500,2199.4,3562,2198.8,35,0.0,0,0.0,0,0.0,0,0.0,0,2199,1,0.0,0,0.0,0,0.0,0,0.0,0
2012-11-16T09:16:34.000,2198.8,3570,2198.8,30,0.0,0,0.0,0,0.0,0,0.0,0,2199.4,27,0.0,0,0.0,0,0.0,0,0.0,0
2012-11-16T09:16:34.500,2198.8,3571,2199,1,0.0,0,0.0,0,0.0,0,0.0,0,2199.4,27,0.0,0,0.0,0,0.0,0,0.0,0
2012-11-16T09:16:35.000,2198.8,3576,2198.8,27,0.0,0,0.0,0,0.0,0,0.0,0,2199,1,0.0,0,0.0,0,0.0,0,0.0,0
2012-11-16T09:16:35.500,2198.8,3591,2198.8,12,0.0,0,0.0,0,0.0,0,0.0,0,2199,2,0.0,0,0.0,0,0.0,0,0.0,0
2012-11-16T09:16:36.000,2199.2,3605,2199,1,0.0,0,0.0,0,0.0,0,0.0,0,2199.2,3,0.0,0,0.0,0,0.0,0,0.0,0
2012-11-16T09:16:36.500,2199,3610,2198.8,2,0.0,0,0.0,0,0.0,0,0.0,0,2199,29,0.0,0,0.0,0,0.0,0,0.0,0
2012-11-16T09:16:37.000,2198.8,3621,2198.8,1,0.0,0,0.0,0,0.0,0,0.0,0,2199,25,0.0,0,0.0,0,0.0,0,0.0,0
2012-11-16T09:16:37.500,2198.8,3625,2198.6,16,0.0,0,0.0,0,0.0,0,0.0,0,2198.8,3,0.0,0,0.0,0,0.0,0,0.0,0
2012-11-16T09:16:38.000,2198.8,3628,2198.8,1,0.0,0,0.0,0,0.0,0,0.0,0,2199,30,0.0,0,0.0,0,0.0,0,0.0,0
2012-11-16T09:16:38.500,2198.8,3635,2198.6,15,0.0,0,0.0,0,0.0,0,0.0,0,2199,28,0.0,0,0.0,0,0.0,0,0.0,0
2012-11-16T09:16:39.000,2198.6,3636,2198.6,17,0.0,0,0.0,0,0.0,0,0.0,0,2198.8,3,0.0,0,0.0,0,0.0,0,0.0,0
2012-11-16T09:16:39.500,2198.6,3638,2198.6,15,0.0,0,0.0,0,0.0,0,0.0,0,2198.8,3,0.0,0,0.0,0,0.0,0,0.0,0
2012-11-16T09:16:40.000,2198.8,3645,2198.6,13,0.0,0,0.0,0,0.0,0,0.0,0,2199,30,0.0,0,0.0,0,0.0,0,0.0,0
2012-11-16T09:16:40.500,2198.6,3660,2198.4,10,0.0,0,0.0,0,0.0,0,0.0,0,2198.6,4,0.0,0,0.0,0,0.0,0,0.0,0
2012-11-16T09:16:41.000,2198.8,3679,2198.8,4,0.0,0,0.0,0,0.0,0,0.0,0,2199,37,0.0,0,0.0,0,0.0,0,0.0,0
2012-11-16T09:16:41.500,2198.4,3692,2198.4,5,0.0,0,0.0,0,0.0,0,0.0,0,2198.8,6,0.0,0,0.0,0,0.0,0,0.0,0
2012-11-16T09:16:42.000,2198.6,3694,2198.4,4,0.0,0,0.0,0,0.0,0,0.0,0,2198.6,4,0.0,0,0.0,0,0.0,0,0.0,0
2012-11-16T09:16:42.500,2198.2,3707,2198.2,7,0.0,0,0.0,0,0.0,0,0.0,0,2198.4,5,0.0,0,0.0,0,0.0,0,0.0,0
2012-11-16T09:16:43.000,2198,3721,2198,47,0.0,0,0.0,0,0.0,0,0.0,0,2198.4,7,0.0,0,0.0,0,0.0,0,0.0,0
2012-11-16T09:16:43.500,2198,3747,2198.2,1,0.0,0,0.0,0,0.0,0,0.0,0,2198.6,14,0.0,0,0.0,0,0.0,0,0.0,0
2012-11-16T09:16:44.000,2198,3760,2198,30,0.0,0,0.0,0,0.0,0,0.0,0,2198.6,14,0.0,0,0.0,0,0.0,0,0.0,0
2012-11-16T09:16:44.500,2198.2,3768,2198.2,10,0.0,0,0.0,0,0.0,0,0.0,0,2198.4,1,0.0,0,0.0,0,0.0,0,0.0,0
2012-11-16T09:16:45.000,2198.4,3773,2198.2,16,0.0,0,0.0,0,0.0,0,0.0,0,2198.4,2,0.0,0,0.0,0,0.0,0,0.0,0
2012-11-16T09:16:45.500,2198.2,3781,2198.2,11,0.0,0,0.0,0,0.0,0,0.0,0,2198.4,2,0.0,0,0.0,0,0.0,0,0.0,0
2012-11-16T09:16:46.000,2198.2,3792,2198.2,8,0.0,0,0.0,0,0.0,0,0.0,0,2198.4,1,0.0,0,0.0,0,0.0,0,0.0,0
2012-11-16T09:16:46.500,2198.2,3797,2198.2,4,0.0,0,0.0,0,0.0,0,0.0,0,2198.6,9,0.0,0,0.0,0,0.0,0,0.0,0
2012-11-16T09:16:47.000,2198,3806,2198,50,0.0,0,0.0,0,0.0,0,0.0,0,2198.2,9,0.0,0,0.0,0,0.0,0,0.0,0
2012-11-16T09:16:47.500,2198.2,3810,2198,59,0.0,0,0.0,0,0.0,0,0.0,0,2198.2,9,0.0,0,0.0,0,0.0,0,0.0,0
2012-11-16T09:16:48.000,2198.2,3812,2198,53,0.0,0,0.0,0,0.0,0,0.0,0,2198.2,7,0.0,0,0.0,0,0.0,0,0.0,0
2012-11-16T09:16:48.500,2198,3818,2198,52,0.0,0,0.0,0,0.0,0,0.0,0,2198.2,3,0.0,0,0.0,0,0.0,0,0.0,0
2012-11-16T09:16:49.000,2198,3827,2198,69,0.0,0,0.0,0,0.0,0,0.0,0,2198.2,2,0.0,0,0.0,0,0.0,0,0.0,0
2012-11-16T09:16:49.500,2198,3843,2198,60,0.0,0,0.0,0,0.0,0,0.0,0,2198.4,10,0.0,0,0.0,0,0.0,0,0.0,0
2012-11-16T09:16:50.000,2198.2,3849,2198.2,11,0.0,0,0.0,0,0.0,0,0.0,0,2198.4,7,0.0,0,0.0,0,0.0,0,0.0,0
2012-11-16T09:16:50.500,2198.2,3851,2198.2,16,0.0,0,0.0,0,0.0,0,0.0,0,2198.4,7,0.0,0,0.0,0,0.0,0,0.0,0
2012-11-16T09:16:51.000,2198.4,3855,2198.2,23,0.0,0,0.0,0,0.0,0,0.0,0,2198.4,6,0.0,0,0.0,0,0.0,0,0.0,0
2012-11-16T09:16:51.500,2198.4,3869,2198.2,16,0.0,0,0.0,0,0.0,0,0.0,0,2198.4,4,0.0,0,0.0,0,0.0,0,0.0,0
2012-11-16T09:16:52.000,2198.4,3874,2198.2,22,0.0,0,0.0,0,0.0,0,0.0,0,2198.6,15,0.0,0,0.0,0,0.0,0,0.0,0
2012-11-16T09:16:52.500,2198.2,3887,2198.2,13,0.0,0,0.0,0,0.0,0,0.0,0,2198.6,15,0.0,0,0.0,0,0.0,0,0.0,0
2012-11-16T09:16:53.000,2198,3906,2198,59,0.0,0,0.0,0,0.0,0,0.0,0,2198.2,4,0.0,0,0.0,0,0.0,0,0.0,0
2012-11-16T09:16:53.500,2198.2,3910,2198,59,0.0,0,0.0,0,0.0,0,0.0,0,2198.2,7,0.0,0,0.0,0,0.0,0,0.0,0
2012-11-16T09:16:54.000,2198,3940,2198,46,0.0,0,0.0,0,0.0,0,0.0,0,2198.4,2,0.0,0,0.0,0,0.0,0,0.0,0
2012-11-16T09:16:54.500,2198.2,3976,2198,12,0.0,0,0.0,0,0.0,0,0.0,0,2198.2,4,0.0,0,0.0,0,0.0,0,0.0,0
2012-11-16T09:16:55.000,2198.2,3985,2198,8,0.0,0,0.0,0,0.0,0,0.0,0,2198.2,4,0.0,0,0.0,0,0.0,0,0.0,0
2012-11-16T09:16:55.500,2198,4001,2197.8,5,0.0,0,0.0,0,0.0,0,0.0,0,2198,55,0.0,0,0.0,0,0.0,0,0.0,0
2012-11-16T09:16:56.000,2197.8,4019,2197.6,8,0.0,0,0.0,0,0.0,0,0.0,0,2197.8,9,0.0,0,0.0,0,0.0,0,0.0,0
2012-11-16T09:16:56.500,2198,4066,2197.4,1,0.0,0,0.0,0,0.0,0,0.0,0,2198,37,0.0,0,0.0,0,0.0,0,0.0,0
2012-11-16T09:16:57.000,2197.6,4075,2197.4,4,0.0,0,0.0,0,0.0,0,0.0,0,2197.8,9,0.0,0,0.0,0,0.0,0,0.0,0
2012-11-16T09:16:57.500,2197.4,4082,2197.6,2,0.0,0,0.0,0,0.0,0,0.0,0,2197.8,7,0.0,0,0.0,0,0.0,0,0.0,0
2012-11-16T09:16:58.000,2197.4,4097,2197.4,26,0.0,0,0.0,0,0.0,0,0.0,0,2197.8,5,0.0,0,0.0,0,0.0,0,0.0,0
2012-11-16T09:16:58.500,2197.8,4121,2197.8,7,0.0,0,0.0,0,0.0,0,0.0,0,2198,54,0.0,0,0.0,0,0.0,0,0.0,0
2012-11-16T09:16:59.000,2197.8,4131,2197.8,7,0.0,0,0.0,0,0.0,0,0.0,0,2198,53,0.0,0,0.0,0,0.0,0,0.0,0
2012-11-16T09:16:59.500,2197.8,4146,2197.8,4,0.0,0,0.0,0,0.0,0,0.0,0,2198,53,0.0,0,0.0,0,0.0,0,0.0,0
2012-11-16T09:17:00.000,2197.8,4179,2197.4,9,0.0,0,0.0,0,0.0,0,0.0,0,2197.8,6,0.0,0,0.0,0,0.0,0,0.0,0
2012-11-16T09:17:00.500,2197.4,4195,2197.2,71,0.0,0,0.0,0,0.0,0,0.0,0,2197.4,8,0.0,0,0.0,0,0.0,0,0.0,0
2012-11-16T09:17:01.000,2197.2,4216,2197.2,61,0.0,0,0.0,0,0.0,0,0.0,0,2197.8,11,0.0,0,0.0,0,0.0,0,0.0,0
2012-11-16T09:17:01.500,2197.4,4229,2197.4,4,0.0,0,0.0,0,0.0,0,0.0,0,2197.6,9,0.0,0,0.0,0,0.0,0,0.0,0
2012-11-16T09:17:02.000,2197.4,4256,2197.2,47,0.0,0,0.0,0,0.0,0,0.0,0,2197.4,6,0.0,0,0.0,0,0.0,0,0.0,0
2012-11-16T09:17:02.500,2197.2,4272,2197.2,46,0.0,0,0.0,0,0.0,0,0.0,0,2197.4,9,0.0,0,0.0,0,0.0,0,0.0,0
2012-11-16T09:17:03.000,2197.2,4293,2197.2,27,0.0,0,0.0,0,0.0,0,0.0,0,2197.4,2,0.0,0,0.0,0,0.0,0,0.0,0
2012-11-16T09:17:03.500,2197.4,4325,2197.2,41,0.0,0,0.0,0,0.0,0,0.0,0,2197.4,3,0.0,0,0.0,0,0.0,0,0.0,0
2012-11-16T09:17:04.000,2197.4,4338,2197.2,37,0.0,0,0.0,0,0.0,0,0.0,0,2197.4,1,0.0,0,0.0,0,0.0,0,0.0,0
2012-11-16T09:17:04.500,2197.2,4363,2197.4,2,0.0,0,0.0,0,0.0,0,0.0,0,2197.8,14,0.0,0,0.0,0,0.0,0,0.0,0
2012-11-16T09:17:05.000,2197.2,4367,2197.4,5,0.0,0,0.0,0,0.0,0,0.0,0,2197.6,1,0.0,0,0.0,0,0.0,0,0.0,0
2012-11-16T09:17:05.500,2197.4,4378,2197.4,2,0.0,0,0.0,0,0.0,0,0.0,0,2197.6,3,0.0,0,0.0,0,0.0,0,0.0,0
2012-11-16T09:17:06.000,2197.4,4387,2197.4,9,0.0,0,0.0,0,0.0,0,0.0,0,2197.6,2,0.0,0,0.0,0,0.0,0,0.0,0
2012-11-16T09:17:06.500,2197.8,4395,2197.4,11,0.0,0,0.0,0,0.0,0,0.0,0,2197.8,16,0.0,0,0.0,0,0.0,0,0.0,0
2012-11-16T09:17:07.000,2197.4,4400,2197.4,13,0.0,0,0.0,0,0.0,0,0.0,0,2197.8,17,0.0,0,0.0,0,0.0,0,0.0,0
2012-11-16T09:17:07.500,2197.6,4415,2197.6,6,0.0,0,0.0,0,0.0,0,0.0,0,2197.8,10,0.0,0,0.0,0,0.0,0,0.0,0
2012-11-16T09:17:08.000,2197.8,4437,2197.8,22,0.0,0,0.0,0,0.0,0,0.0,0,2198,67,0.0,0,0.0,0,0.0,0,0.0,0
2012-11-16T09:17:08.500,2198,4462,2197.8,10,0.0,0,0.0,0,0.0,0,0.0,0,2198,59,0.0,0,0.0,0,0.0,0,0.0,0
2012-11-16T09:17:09.000,2198,4481,2197.8,7,0.0,0,0.0,0,0.0,0,0.0,0,2198,43,0.0,0,0.0,0,0.0,0,0.0,0
2012-11-16T09:17:09.500,2197.8,4492,2197.8,7,0.0,0,0.0,0,0.0,0,0.0,0,2198,32,0.0,0,0.0,0,0.0,0,0.0,0
2012-11-16T09:17:10.000,2198,4508,2197.8,8,0.0,0,0.0,0,0.0,0,0.0,0,2198,19,0.0,0,0.0,0,0.0,0,0.0,0
2012-11-16T09:17:10.500,2198,4533,2198,2,0.0,0,0.0,0,0.0,0,0.0,0,2198.2,6,0.0,0,0.0,0,0.0,0,0.0,0
2012-11-16T09:17:11.000,2198,4538,2198,1,0.0,0,0.0,0,0.0,0,0.0,0,2198.2,6,0.0,0,0.0,0,0.0,0,0.0,0
2012-11-16T09:17:11.500,2198.2,4540,2198,4,0.0,0,0.0,0,0.0,0,0.0,0,2198.2,9,0.0,0,0.0,0,0.0,0,0.0,0
2012-11-16T09:17:12.000,2198,4546,2198,11,0.0,0,0.0,0,0.0,0,0.0,0,2198.2,8,0.0,0,0.0,0,0.0,0,0.0,0
2012-11-16T09:17:12.500,2198.2,4550,2198,11,0.0,0,0.0,0,0.0,0,0.0,0,2198.2,7,0.0,0,0.0,0,0.0,0,0.0,0
2012-11-16T09:17:13.000,2198.2,4554,2198,9,0.0,0,0.0,0,0.0,0,0.0,0,2198.2,8,0.0,0,0.0,0,0.0,0,0.0,0
2012-11-16T09:17:13.500,2198.2,4557,2198,11,0.0,0,0.0,0,0.0,0,0.0,0,2198.2,5,0.0,0,0.0,0,0.0,0,0.0,0
2012-11-16T09:17:14.000,2198.2,4558,2198,13,0.0,0,0.0,0,0.0,0,0.0,0,2198.2,6,0.0,0,0.0,0,0.0,0,0.0,0
2012-11-16T09:17:14.500,2198,4566,2198,17,0.0,0,0.0,0,0.0,0,0.0,0,2198.2,2,0.0,0,0.0,0,0.0,0,0.0,0
2012-11-16T09:17:15.250,2198,4569,2198.2,7,0.0,0,0.0,0,0.0,0,0.0,0,2198.4,7,0.0,0,0.0,0,0.0,0,0.0,0
2012-11-16T09:17:16.000,2198.2,4572,2198.2,6,0.0,0,0.0,0,0.0,0,0.0,0,2198.4,10,0.0,0,0.0,0,0.0,0,0.0,0
2012-11-16T09:17:16.500,2198.2,4578,2198.2,3,0.0,0,0.0,0,0.0,0,0.0,0,2198.4,14,0.0,0,0.0,0,0.0,0,0.0,0
2012-11-16T09:17:17.000,2198.2,4580,2198.2,2,0.0,0,0.0,0,0.0,0,0.0,0,2198.4,14,0.0,0,0.0,0,0.0,0,0.0,0
2012-11-16T09:17:17.500,2198.2,4583,2198.2,2,0.0,0,0.0,0,0.0,0,0.0,0,2198.4,16,0.0,0,0.0,0,0.0,0,0.0,0
2012-11-16T09:17:18.000,2198.4,4597,2198,16,0.0,0,0.0,0,0.0,0,0.0,0,2198.4,15,0.0,0,0.0,0,0.0,0,0.0,0
2012-11-16T09:17:18.500,2198.2,4607,2198.2,2,0.0,0,0.0,0,0.0,0,0.0,0,2198.4,11,0.0,0,0.0,0,0.0,0,0.0,0
2012-11-16T09:17:19.000,2198.4,4627,2198.4,19,0.0,0,0.0,0,0.0,0,0.0,0,2198.6,30,0.0,0,0.0,0,0.0,0,0.0,0
2012-11-16T09:17:19.500,2198.4,4637,2198.4,55,0.0,0,0.0,0,0.0,0,0.0,0,2198.6,28,0.0,0,0.0,0,0.0,0,0.0,0
2012-11-16T09:17:20.000,2198.6,4657,2198.4,56,0.0,0,0.0,0,0.0,0,0.0,0,2198.6,12,0.0,0,0.0,0,0.0,0,0.0,0
2012-11-16T09:17:20.500,2198.6,4675,2198.6,14,0.0,0,0.0,0,0.0,0,0.0,0,2198.8,12,0.0,0,0.0,0,0.0,0,0.0,0
2012-11-16T09:17:21.000,2198.8,4682,2198.6,8,0.0,0,0.0,0,0.0,0,0.0,0,2198.8,16,0.0,0,0.0,0,0.0,0,0.0,0
2012-11-16T09:17:21.500,2198.8,4684,2198.6,7,0.0,0,0.0,0,0.0,0,0.0,0,2198.8,14,0.0,0,0.0,0,0.0,0,0.0,0
2012-11-16T09:17:22.000,2198.6,4687,2198.6,8,0.0,0,0.0,0,0.0,0,0.0,0,2198.8,22,0.0,0,0.0,0,0.0,0,0.0,0
2012-11-16T09:17:22.500,2198.8,4689,2198.6,11,0.0,0,0.0,0,0.0,0,0.0,0,2198.8,21,0.0,0,0.0,0,0.0,0,0.0,0
2012-11-16T09:17:23.000,2198.6,4691,2198.6,11,0.0,0,0.0,0,0.0,0,0.0,0,2198.8,20,0.0,0,0.0,0,0.0,0,0.0,0
2012-11-16T09:17:23.500,2198.8,4692,2198.6,11,0.0,0,0.0,0,0.0,0,0.0,0,2198.8,19,0.0,0,0.0,0,0.0,0,0.0,0
2012-11-16T09:17:24.000,2198.8,4702,2198.6,10,0.0,0,0.0,0,0.0,0,0.0,0,2198.8,15,0.0,0,0.0,0,0.0,0,0.0,0
2012-11-16T09:17:24.500,2198.8,4709,2198.6,10,0.0,0,0.0,0,0.0,0,0.0,0,2198.8,11,0.0,0,0.0,0,0.0,0,0.0,0
2012-11-16T09:17:25.000,2198.6,4717,2198.6,7,0.0,0,0.0,0,0.0,0,0.0,0,2198.8,7,0.0,0,0.0,0,0.0,0,0.0,0
2012-11-16T09:17:25.500,2198.8,4724,2198.6,7,0.0,0,0.0,0,0.0,0,0.0,0,2199,17,0.0,0,0.0,0,0.0,0,0.0,0
2012-11-16T09:17:26.000,2198.6,4728,2198.6,5,0.0,0,0.0,0,0.0,0,0.0,0,2199,17,0.0,0,0.0,0,0.0,0,0.0,0
2012-11-16T09:17:26.500,2198.6,4734,2198.6,2,0.0,0,0.0,0,0.0,0,0.0,0,2199,15,0.0,0,0.0,0,0.0,0,0.0,0
2012-11-16T09:17:27.000,2198.8,4738,2198.8,4,0.0,0,0.0,0,0.0,0,0.0,0,2199,12,0.0,0,0.0,0,0.0,0,0.0,0
2012-11-16T09:17:27.500,2198.8,4757,2198.6,4,0.0,0,0.0,0,0.0,0,0.0,0,2198.8,2,0.0,0,0.0,0,0.0,0,0.0,0
2012-11-16T09:17:28.000,2198.6,4764,2198.4,19,0.0,0,0.0,0,0.0,0,0.0,0,2198.6,2,0.0,0,0.0,0,0.0,0,0.0,0
2012-11-16T09:17:28.500,2199,4772,2199,8,0.0,0,0.0,0,0.0,0,0.0,0,2199.2,15,0.0,0,0.0,0,0.0,0,0.0,0
2012-11-16T09:17:29.000,2199,4780,2198.6,4,0.0,0,0.0,0,0.0,0,0.0,0,2199,16,0.0,0,0.0,0,0.0,0,0.0,0
2012-11-16T09:17:29.500,2199,4783,2198.8,1,0.0,0,0.0,0,0.0,0,0.0,0,2199,14,0.0,0,0.0,0,0.0,0,0.0,0
2012-11-16T09:17:30.000,2198.8,4785,2198.6,6,0.0,0,0.0,0,0.0,0,0.0,0,2198.8,45,0.0,0,0.0,0,0.0,0,0.0,0
2012-11-16T09:17:30.500,2198.8,4790,2198.6,4,0.0,0,0.0,0,0.0,0,0.0,0,2198.8,42,0.0,0,0.0,0,0.0,0,0.0,0
2012-11-16T09:17:31.000,2198.6,4798,2198.4,22,0.0,0,0.0,0,0.0,0,0.0,0,2198.6,17,0.0,0,0.0,0,0.0,0,0.0,0
2012-11-16T09:17:31.500,2198.6,4808,2198.4,16,0.0,0,0.0,0,0.0,0,0.0,0,2198.6,14,0.0,0,0.0,0,0.0,0,0.0,0
2012-11-16T09:17:32.000,2198.4,4809,2198.4,15,0.0,0,0.0,0,0.0,0,0.0,0,2198.6,15,0.0,0,0.0,0,0.0,0,0.0,0
2012-11-16T09:17:32.500,2198.4,4817,2198.4,14,0.0,0,0.0,0,0.0,0,0.0,0,2198.6,11,0.0,0,0.0,0,0.0,0,0.0,0
2012-11-16T09:17:33.000,2198.6,4819,2198.4,13,0.0,0,0.0,0,0.0,0,0.0,0,2198.6,10,0.0,0,0.0,0,0.0,0,0.0,0
2012-11-16T09:17:33.500,2198.6,4825,2198.4,14,0.0,0,0.0,0,0.0,0,0.0,0,2198.6,10,0.0,0,0.0,0,0.0,0,0.0,0
2012-11-16T09:17:34.000,2198.4,4829,2198.4,12,0.0,0,0.0,0,0.0,0,0.0,0,2198.6,12,0.0,0,0.0,0,0.0,0,0.0,0
2012-11-16T09:17:34.500,2198.6,4838,2198.4,13,0.0,0,0.0,0,0.0,0,0.0,0,2198.6,4,0.0,0,0.0,0,0.0,0,0.0,0
2012-11-16T09:17:35.000,2198.4,4847,2198.4,6,0.0,0,0.0,0,0.0,0,0.0,0,2198.6,2,0.0,0,0.0,0,0.0,0,0.0,0
2012-11-16T09:17:35.500,2198.6,4850,2198.6,50,0.0,0,0.0,0,0.0,0,0.0,0,2198.8,2,0.0,0,0.0,0,0.0,0,0.0,0
2012-11-16T09:17:36.000,2198.8,4852,2198.8,7,0.0,0,0.0,0,0.0,0,0.0,0,2199,6,0.0,0,0.0,0,0.0,0,0.0,0
2012-11-16T09:17:36.500,2199,4853,2198.8,10,0.0,0,0.0,0,0.0,0,0.0,0,2199,5,0.0,0,0.0,0,0.0,0,0.0,0
2012-11-16T09:17:37.000,2199,4858,2199,9,0.0,0,0.0,0,0.0,0,0.0,0,2199.2,17,0.0,0,0.0,0,0.0,0,0.0,0
2012-11-16T09:17:37.500,2199,4870,2199,6,0.0,0,0.0,0,0.0,0,0.0,0,2199.2,8,0.0,0,0.0,0,0.0,0,0.0,0
2012-11-16T09:17:38.000,2199,4878,2199,4,0.0,0,0.0,0,0.0,0,0.0,0,2199.2,8,0.0,0,0.0,0,0.0,0,0.0,0
2012-11-16T09:17:38.500,2199,4882,2198.8,9,0.0,0,0.0,0,0.0,0,0.0,0,2199,2,0.0,0,0.0,0,0.0,0,0.0,0
2012-11-16T09:17:39.000,2199,4884,2198.8,8,0.0,0,0.0,0,0.0,0,0.0,0,2199,1,0.0,0,0.0,0,0.0,0,0.0,0
2012-11-16T09:17:39.500,2199,4897,2198.8,8,0.0,0,0.0,0,0.0,0,0.0,0,2199.2,5,0.0,0,0.0,0,0.0,0,0.0,0
2012-11-16T09:17:40.000,2199,4898,2198.8,9,0.0,0,0.0,0,0.0,0,0.0,0,2199,2,0.0,0,0.0,0,0.0,0,0.0,0
2012-11-16T09:17:40.500,2199.2,4915,2199,4,0.0,0,0.0,0,0.0,0,0.0,0,2199.2,3,0.0,0,0.0,0,0.0,0,0.0,0
2012-11-16T09:17:41.000,2198.8,4923,2199,1,0.0,0,0.0,0,0.0,0,0.0,0,2199.2,3,0.0,0,0.0,0,0.0,0,0.0,0
2012-11-16T09:17:41.500,2199.2,4926,2199,10,0.0,0,0.0,0,0.0,0,0.0,0,2199.4,28,0.0,0,0.0,0,0.0,0,0.0,0
2012-11-16T09:17:42.250,2199.2,4928,2199.2,3,0.0,0,0.0,0,0.0,0,0.0,0,2199.4,25,0.0,0,0.0,0,0.0,0,0.0,0
2012-11-16T09:17:43.000,2199,4934,2199,7,0.0,0,0.0,0,0.0,0,0.0,0,2199.2,11,0.0,0,0.0,0,0.0,0,0.0,0
2012-11-16T09:17:43.500,2199.2,4936,2199,13,0.0,0,0.0,0,0.0,0,0.0,0,2199.2,9,0.0,0,0.0,0,0.0,0,0.0,0
2012-11-16T09:17:44.000,2199,4957,2199,5,0.0,0,0.0,0,0.0,0,0.0,0,2199.4,25,0.0,0,0.0,0,0.0,0,0.0,0
2012-11-16T09:17:44.500,2199.2,4976,2199,6,0.0,0,0.0,0,0.0,0,0.0,0,2199.4,8,0.0,0,0.0,0,0.0,0,0.0,0
2012-11-16T09:17:45.000,2199.2,4978,2199,9,0.0,0,0.0,0,0.0,0,0.0,0,2199.2,15,0.0,0,0.0,0,0.0,0,0.0,0
2012-11-16T09:17:45.500,2199,4980,2199,10,0.0,0,0.0,0,0.0,0,0.0,0,2199.2,14,0.0,0,0.0,0,0.0,0,0.0,0
2012-11-16T09:17:46.000,2199,4981,2199,11,0.0,0,0.0,0,0.0,0,0.0,0,2199.2,14,0.0,0,0.0,0,0.0,0,0.0,0
2012-11-16T09:17:46.500,2199,4987,2199,16,0.0,0,0.0,0,0.0,0,0.0,0,2199.2,14,0.0,0,0.0,0,0.0,0,0.0,0
2012-11-16T09:17:47.000,2199.4,5017,2199.4,3,0.0,0,0.0,0,0.0,0,0.0,0,2199.6,19,0.0,0,0.0,0,0.0,0,0.0,0
2012-11-16T09:17:47.500,2199.6,5029,2199.4,11,0.0,0,0.0,0,0.0,0,0.0,0,2199.6,14,0.0,0,0.0,0,0.0,0,0.0,0
2012-11-16T09:17:48.000,2199.4,5048,2199.4,4,0.0,0,0.0,0,0.0,0,0.0,0,2199.8,27,0.0,0,0.0,0,0.0,0,0.0,0
2012-11-16T09:17:48.500,2199.4,5068,2199,2,0.0,0,0.0,0,0.0,0,0.0,0,2199.8,34,0.0,0,0.0,0,0.0,0,0.0,0
2012-11-16T09:17:49.250,2199.2,5074,2199,13,0.0,0,0.0,0,0.0,0,0.0,0,2199.2,13,0.0,0,0.0,0,0.0,0,0.0,0
2012-11-16T09:17:50.000,2199,5077,2199,12,0.0,0,0.0,0,0.0,0,0.0,0,2199.2,11,0.0,0,0.0,0,0.0,0,0.0,0
2012-11-16T09:17:50.500,2199,5083,2199,7,0.0,0,0.0,0,0.0,0,0.0,0,2199.2,10,0.0,0,0.0,0,0.0,0,0.0,0
2012-11-16T09:17:51.000,2199,5088,2199,4,0.0,0,0.0,0,0.0,0,0.0,0,2199.2,9,0.0,0,0.0,0,0.0,0,0.0,0
2012-11-16T09:17:51.500,2199.2,5091,2199,3,0.0,0,0.0,0,0.0,0,0.0,0,2199.2,12,0.0,0,0.0,0,0.0,0,0.0,0
2012-11-16T09:17:52.000,2199,5096,2198.8,8,0.0,0,0.0,0,0.0,0,0.0,0,2199.2,11,0.0,0,0.0,0,0.0,0,0.0,0
2012-11-16T09:17:52.500,2198.8,5097,2198.8,6,0.0,0,0.0,0,0.0,0,0.0,0,2199.2,13,0.0,0,0.0,0,0.0,0,0.0,0
2012-11-16T09:17:53.000,2198.8,5101,2198.8,3,0.0,0,0.0,0,0.0,0,0.0,0,2199,8,0.0,0,0.0,0,0.0,0,0.0,0
2012-11-16T09:17:53.500,2199,5106,2198.8,1,0.0,0,0.0,0,0.0,0,0.0,0,2199,11,0.0,0,0.0,0,0.0,0,0.0,0
2012-11-16T09:17:54.250,2199,5107,2198.8,1,0.0,0,0.0,0,0.0,0,0.0,0,2199,10,0.0,0,0.0,0,0.0,0,0.0,0
2012-11-16T09:17:55.000,2199,5121,2199,37,0.0,0,0.0,0,0.0,0,0.0,0,2199.2,10,0.0,0,0.0,0,0.0,0,0.0,0
2012-11-16T09:17:55.500,2199.2,5129,2199,37,0.0,0,0.0,0,0.0,0,0.0,0,2199.2,2,0.0,0,0.0,0,0.0,0,0.0,0
2012-11-16T09:17:56.000,2199.2,5131,2199.2,5,0.0,0,0.0,0,0.0,0,0.0,0,2199.4,7,0.0,0,0.0,0,0.0,0,0.0,0
2012-11-16T09:17:56.500,2199.4,5132,2199.2,5,0.0,0,0.0,0,0.0,0,0.0,0,2199.4,6,0.0,0,0.0,0,0.0,0,0.0,0
2012-11-16T09:17:58.000,2199.2,5146,2199.2,3,0.0,0,0.0,0,0.0,0,0.0,0,2199.6,8,0.0,0,0.0,0,0.0,0,0.0,0
2012-11-16T09:17:58.500,2199.2,5148,2199.2,1,0.0,0,0.0,0,0.0,0,0.0,0,2199.6,8,0.0,0,0.0,0,0.0,0,0.0,0
2012-11-16T09:17:59.000,2199.2,5153,2199.2,1,0.0,0,0.0,0,0.0,0,0.0,0,2199.6,8,0.0,0,0.0,0,0.0,0,0.0,0
2012-11-16T09:17:59.500,2199.6,5154,2199.2,1,0.0,0,0.0,0,0.0,0,0.0,0,2199.6,7,0.0,0,0.0,0,0.0,0,0.0,0
2012-11-16T09:18:00.000,2199.6,5155,2199.2,3,0.0,0,0.0,0,0.0,0,0.0,0,2199.4,6,0.0,0,0.0,0,0.0,0,0.0,0
2012-11-16T09:18:00.500,2199.2,5160,2199.2,2,0.0,0,0.0,0,0.0,0,0.0,0,2199.4,21,0.0,0,0.0,0,0.0,0,0.0,0
2012-11-16T09:18:01.000,2199.2,5164,2199,41,0.0,0,0.0,0,0.0,0,0.0,0,2199.2,3,0.0,0,0.0,0,0.0,0,0.0,0
2012-11-16T09:18:01.500,2199,5170,2199,37,0.0,0,0.0,0,0.0,0,0.0,0,2199.2,3,0.0,0,0.0,0,0.0,0,0.0,0
2012-11-16T09:18:02.250,2199,5172,2199,35,0.0,0,0.0,0,0.0,0,0.0,0,2199.2,3,0.0,0,0.0,0,0.0,0,0.0,0
2012-11-16T09:18:03.000,2199,5184,2199,23,0.0,0,0.0,0,0.0,0,0.0,0,2199.2,3,0.0,0,0.0,0,0.0,0,0.0,0
2012-11-16T09:18:03.500,2199.2,5185,2199,23,0.0,0,0.0,0,0.0,0,0.0,0,2199.2,3,0.0,0,0.0,0,0.0,0,0.0,0
2012-11-16T09:18:04.000,2199,5206,2199,2,0.0,0,0.0,0,0.0,0,0.0,0,2199.2,4,0.0,0,0.0,0,0.0,0,0.0,0
2012-11-16T09:18:04.500,2199.2,5208,2199,1,0.0,0,0.0,0,0.0,0,0.0,0,2199.2,11,0.0,0,0.0,0,0.0,0,0.0,0
2012-11-16T09:18:05.000,2199.2,5214,2198.8,3,0.0,0,0.0,0,0.0,0,0.0,0,2199.2,9,0.0,0,0.0,0,0.0,0,0.0,0
2012-11-16T09:18:05.500,2198.8,5215,2198.8,2,0.0,0,0.0,0,0.0,0,0.0,0,2199,1,0.0,0,0.0,0,0.0,0,0.0,0
2012-11-16T09:18:06.250,2198.8,5216,2198.6,13,0.0,0,0.0,0,0.0,0,0.0,0,2199,3,0.0,0,0.0,0,0.0,0,0.0,0
2012-11-16T09:18:07.000,2198.6,5219,2198.8,1,0.0,0,0.0,0,0.0,0,0.0,0,2199,7,0.0,0,0.0,0,0.0,0,0.0,0
2012-11-16T09:18:07.500,2198.6,5222,2198.8,1,0.0,0,0.0,0,0.0,0,0.0,0,2199,10,0.0,0,0.0,0,0.0,0,0.0,0
2012-11-16T09:18:08.000,2198.6,5232,2198.6,2,0.0,0,0.0,0,0.0,0,0.0,0,2198.8,1,0.0,0,0.0,0,0.0,0,0.0,0
2012-11-16T09:18:08.500,2198.8,5234,2198.6,2,0.0,0,0.0,0,0.0,0,0.0,0,2199,10,0.0,0,0.0,0,0.0,0,0.0,0
2012-11-16T09:18:09.000,2198.6,5236,2198.6,1,0.0,0,0.0,0,0.0,0,0.0,0,2198.8,1,0.0,0,0.0,0,0.0,0,0.0,0
2012-11-16T09:18:09.500,2198.4,5240,2198.4,10,0.0,0,0.0,0,0.0,0,0.0,0,2198.6,1,0.0,0,0.0,0,0.0,0,0.0,0
2012-11-16T09:18:10.000,2198.8,5242,2198.4,10,0.0,0,0.0,0,0.0,0,0.0,0,2198.8,1,0.0,0,0.0,0,0.0,0,0.0,0
2012-11-16T09:18:10.500,2198.4,5247,2198.4,9,0.0,0,0.0,0,0.0,0,0.0,0,2198.8,4,0.0,0,0.0,0,0.0,0,0.0,0
2012-11-16T09:18:11.000,2198.8,5251,2198.6,1,0.0,0,0.0,0,0.0,0,0.0,0,2198.8,3,0.0,0,0.0,0,0.0,0,0.0,0
2012-11-16T09:18:11.500,2198.6,5252,2198.4,10,0.0,0,0.0,0,0.0,0,0.0,0,2198.8,4,0.0,0,0.0,0,0.0,0,0.0,0
2012-11-16T09:18:12.250,2198.8,5261,2198.6,1,0.0,0,0.0,0,0.0,0,0.0,0,2198.8,1,0.0,0,0.0,0,0.0,0,0.0,0
2012-11-16T09:18:13.000,2198.6,5266,2198.4,4,0.0,0,0.0,0,0.0,0,0.0,0,2198.8,2,0.0,0,0.0,0,0.0,0,0.0,0
2012-11-16T09:18:13.500,2198.8,5268,2198.4,4,0.0,0,0.0,0,0.0,0,0.0,0,2198.8,4,0.0,0,0.0,0,0.0,0,0.0,0
2012-11-16T09:18:14.000,2198.6,5269,2198.4,4,0.0,0,0.0,0,0.0,0,0.0,0,2198.8,10,0.0,0,0.0,0,0.0,0,0.0,0
2012-11-16T09:18:14.500,2198.4,5271,2198.4,2,0.0,0,0.0,0,0.0,0,0.0,0,2198.8,12,0.0,0,0.0,0,0.0,0,0.0,0
2012-11-16T09:18:15.250,2198.6,5275,2198.4,1,0.0,0,0.0,0,0.0,0,0.0,0,2198.6,1,0.0,0,0.0,0,0.0,0,0.0,0
2012-11-16T09:18:16.000,2198.4,5277,2198.2,41,0.0,0,0.0,0,0.0,0,0.0,0,2198.4,1,0.0,0,0.0,0,0.0,0,0.0,0
2012-11-16T09:18:16.500,2198.6,5285,2198.4,5,0.0,0,0.0,0,0.0,0,0.0,0,2198.8,10,0.0,0,0.0,0,0.0,0,0.0,0
2012-11-16T09:18:17.000,2198.4,5288,2198.4,5,0.0,0,0.0,0,0.0,0,0.0,0,2198.6,4,0.0,0,0.0,0,0.0,0,0.0,0
2012-11-16T09:18:17.500,2198.6,5293,2198.6,26,0.0,0,0.0,0,0.0,0,0.0,0,2198.8,12,0.0,0,0.0,0,0.0,0,0.0,0
2012-11-16T09:18:18.000,2198.6,5309,2198.6,20,0.0,0,0.0,0,0.0,0,0.0,0,2198.8,3,0.0,0,0.0,0,0.0,0,0.0,0
2012-11-16T09:18:18.500,2198.6,5316,2198.6,14,0.0,0,0.0,0,0.0,0,0.0,0,2198.8,2,0.0,0,0.0,0,0.0,0,0.0,0
2012-11-16T09:18:19.000,2198.6,5320,2198.6,10,0.0,0,0.0,0,0.0,0,0.0,0,2198.8,2,0.0,0,0.0,0,0.0,0,0.0,0
2012-11-16T09:18:19.500,2198.6,5322,2198.6,8,0.0,0,0.0,0,0.0,0,0.0,0,2198.8,2,0.0,0,0.0,0,0.0,0,0.0,0
2012-11-16T09:18:20.000,2198.6,5327,2198.6,4,0.0,0,0.0,0,0.0,0,0.0,0,2198.8,1,0.0,0,0.0,0,0.0,0,0.0,0
2012-11-16T09:18:20.500,2198.6,5328,2198.6,3,0.0,0,0.0,0,0.0,0,0.0,0,2198.8,1,0.0,0,0.0,0,0.0,0,0.0,0
2012-11-16T09:18:21.000,2198.8,5330,2198.8,15,0.0,0,0.0,0,0.0,0,0.0,0,2199,34,0.0,0,0.0,0,0.0,0,0.0,0
2012-11-16T09:18:21.500,2198.8,5334,2198.8,14,0.0,0,0.0,0,0.0,0,0.0,0,2199,57,0.0,0,0.0,0,0.0,0,0.0,0
2012-11-16T09:18:22.000,2198.8,5339,2198.8,9,0.0,0,0.0,0,0.0,0,0.0,0,2199,57,0.0,0,0.0,0,0.0,0,0.0,0
2012-11-16T09:18:22.500,2198.8,5342,2198.8,7,0.0,0,0.0,0,0.0,0,0.0,0,2199,59,0.0,0,0.0,0,0.0,0,0.0,0
2012-11-16T09:18:23.000,2198.8,5346,2198.8,4,0.0,0,0.0,0,0.0,0,0.0,0,2199,56,0.0,0,0.0,0,0.0,0,0.0,0
2012-11-16T09:18:23.500,2198.8,5350,2198.6,7,0.0,0,0.0,0,0.0,0,0.0,0,2198.8,1,0.0,0,0.0,0,0.0,0,0.0,0
2012-11-16T09:18:24.250,2198.6,5351,2198.6,6,0.0,0,0.0,0,0.0,0,0.0,0,2198.8,4,0.0,0,0.0,0,0.0,0,0.0,0
2012-11-16T09:18:25.000,2198.6,5352,2198.6,5,0.0,0,0.0,0,0.0,0,0.0,0,2198.8,3,0.0,0,0.0,0,0.0,0,0.0,0
2012-11-16T09:18:25.500,2198.8,5360,2198.6,7,0.0,0,0.0,0,0.0,0,0.0,0,2198.8,4,0.0,0,0.0,0,0.0,0,0.0,0
2012-11-16T09:18:26.250,2198.6,5361,2198.6,6,0.0,0,0.0,0,0.0,0,0.0,0,2198.8,6,0.0,0,0.0,0,0.0,0,0.0,0
2012-11-16T09:18:27.250,2198.6,5363,2198.6,5,0.0,0,0.0,0,0.0,0,0.0,0,2198.8,9,0.0,0,0.0,0,0.0,0,0.0,0
2012-11-16T09:18:28.000,2198.6,5364,2198.6,4,0.0,0,0.0,0,0.0,0,0.0,0,2198.8,9,0.0,0,0.0,0,0.0,0,0.0,0
2012-11-16T09:18:28.500,2198.8,5371,2198.4,17,0.0,0,0.0,0,0.0,0,0.0,0,2198.8,8,0.0,0,0.0,0,0.0,0,0.0,0
2012-11-16T09:18:29.000,2198.8,5372,2198.4,17,0.0,0,0.0,0,0.0,0,0.0,0,2198.6,1,0.0,0,0.0,0,0.0,0,0.0,0
2012-11-16T09:18:29.500,2198.6,5377,2198.6,2,0.0,0,0.0,0,0.0,0,0.0,0,2198.8,16,0.0,0,0.0,0,0.0,0,0.0,0
2012-11-16T09:18:30.000,2198.6,5379,2198.4,23,0.0,0,0.0,0,0.0,0,0.0,0,2198.6,1,0.0,0,0.0,0,0.0,0,0.0,0
2012-11-16T09:18:30.500,2198.4,5380,2198.4,23,0.0,0,0.0,0,0.0,0,0.0,0,2198.6,2,0.0,0,0.0,0,0.0,0,0.0,0
2012-11-16T09:18:31.000,2198.6,5383,2198.4,23,0.0,0,0.0,0,0.0,0,0.0,0,2198.8,16,0.0,0,0.0,0,0.0,0,0.0,0
2012-11-16T09:18:31.500,2198.4,5398,2198.4,11,0.0,0,0.0,0,0.0,0,0.0,0,2198.8,16,0.0,0,0.0,0,0.0,0,0.0,0
2012-11-16T09:18:32.250,2198.6,5401,2198.6,7,0.0,0,0.0,0,0.0,0,0.0,0,2198.8,14,0.0,0,0.0,0,0.0,0,0.0,0
2012-11-16T09:18:33.250,2198.6,5405,2198.6,8,0.0,0,0.0,0,0.0,0,0.0,0,2198.8,14,0.0,0,0.0,0,0.0,0,0.0,0
2012-11-16T09:18:34.250,2198.6,5410,2198.6,6,0.0,0,0.0,0,0.0,0,0.0,0,2198.8,15,0.0,0,0.0,0,0.0,0,0.0,0
2012-11-16T09:18:35.000,2198.6,5411,2198.6,5,0.0,0,0.0,0,0.0,0,0.0,0,2198.8,15,0.0,0,0.0,0,0.0,0,0.0,0
2012-11-16T09:18:35.500,2198.6,5412,2198.6,4,0.0,0,0.0,0,0.0,0,0.0,0,2198.8,16,0.0,0,0.0,0,0.0,0,0.0,0
2012-11-16T09:18:36.250,2198.8,5413,2198.6,4,0.0,0,0.0,0,0.0,0,0.0,0,2198.8,15,0.0,0,0.0,0,0.0,0,0.0,0
2012-11-16T09:18:37.000,2198.6,5414,2198.6,3,0.0,0,0.0,0,0.0,0,0.0,0,2198.8,16,0.0,0,0.0,0,0.0,0,0.0,0
2012-11-16T09:18:37.500,2198.4,5420,2198.4,18,0.0,0,0.0,0,0.0,0,0.0,0,2198.8,14,0.0,0,0.0,0,0.0,0,0.0,0
2012-11-16T09:18:39.250,2198.4,5438,2198.4,7,0.0,0,0.0,0,0.0,0,0.0,0,2198.6,4,0.0,0,0.0,0,0.0,0,0.0,0
2012-11-16T09:18:40.000,2198.4,5440,2198.4,8,0.0,0,0.0,0,0.0,0,0.0,0,2198.6,3,0.0,0,0.0,0,0.0,0,0.0,0
2012-11-16T09:18:40.500,2198.4,5454,2198.4,4,0.0,0,0.0,0,0.0,0,0.0,0,2198.8,14,0.0,0,0.0,0,0.0,0,0.0,0
2012-11-16T09:18:41.250,2198.4,5455,2198.6,1,0.0,0,0.0,0,0.0,0,0.0,0,2198.8,15,0.0,0,0.0,0,0.0,0,0.0,0
2012-11-16T09:18:42.000,2198.8,5465,2198.4,6,0.0,0,0.0,0,0.0,0,0.0,0,2198.8,6,0.0,0,0.0,0,0.0,0,0.0,0
2012-11-16T09:18:42.500,2198.4,5466,2198.4,5,0.0,0,0.0,0,0.0,0,0.0,0,2198.6,2,0.0,0,0.0,0,0.0,0,0.0,0
2012-11-16T09:18:43.000,2198.4,5467,2198.4,4,0.0,0,0.0,0,0.0,0,0.0,0,2198.6,2,0.0,0,0.0,0,0.0,0,0.0,0
2012-11-16T09:18:43.500,2198.6,5468,2198.4,4,0.0,0,0.0,0,0.0,0,0.0,0,2198.6,1,0.0,0,0.0,0,0.0,0,0.0,0
2012-11-16T09:18:44.250,2198.4,5470,2198.4,6,0.0,0,0.0,0,0.0,0,0.0,0,2198.6,3,0.0,0,0.0,0,0.0,0,0.0,0
2012-11-16T09:18:45.000,2198.6,5471,2198.4,7,0.0,0,0.0,0,0.0,0,0.0,0,2198.6,2,0.0,0,0.0,0,0.0,0,0.0,0
2012-11-16T09:18:45.500,2198.4,5473,2198.4,6,0.0,0,0.0,0,0.0,0,0.0,0,2198.6,1,0.0,0,0.0,0,0.0,0,0.0,0
2012-11-16T09:18:46.250,2198.4,5475,2198.4,11,0.0,0,0.0,0,0.0,0,0.0,0,2198.6,2,0.0,0,0.0,0,0.0,0,0.0,0
2012-11-16T09:18:47.000,2198.4,5476,2198.4,10,0.0,0,0.0,0,0.0,0,0.0,0,2198.6,3,0.0,0,0.0,0,0.0,0,0.0,0
2012-11-16T09:18:47.500,2198.4,5477,2198.4,12,0.0,0,0.0,0,0.0,0,0.0,0,2198.6,8,0.0,0,0.0,0,0.0,0,0.0,0
2012-11-16T09:18:48.000,2198.6,5483,2198.4,14,0.0,0,0.0,0,0.0,0,0.0,0,2198.6,2,0.0,0,0.0,0,0.0,0,0.0,0
2012-11-16T09:18:48.500,2198.6,5486,2198.4,19,0.0,0,0.0,0,0.0,0,0.0,0,2198.6,1,0.0,0,0.0,0,0.0,0,0.0,0
2012-11-16T09:18:49.000,2198.4,5490,2198.4,17,0.0,0,0.0,0,0.0,0,0.0,0,2198.8,11,0.0,0,0.0,0,0.0,0,0.0,0
2012-11-16T09:18:49.500,2198.8,5492,2198.6,1,0.0,0,0.0,0,0.0,0,0.0,0,2198.8,10,0.0,0,0.0,0,0.0,0,0.0,0
2012-11-16T09:18:50.250,2198.4,5495,2198.4,21,0.0,0,0.0,0,0.0,0,0.0,0,2198.8,9,0.0,0,0.0,0,0.0,0,0.0,0
2012-11-16T09:18:51.250,2198.8,5498,2198.6,3,0.0,0,0.0,0,0.0,0,0.0,0,2198.8,7,0.0,0,0.0,0,0.0,0,0.0,0
2012-11-16T09:18:52.250,2198.8,5501,2198.6,52,0.0,0,0.0,0,0.0,0,0.0,0,2198.8,5,0.0,0,0.0,0,0.0,0,0.0,0
2012-11-16T09:18:53.000,2198.8,5524,2198.8,1,0.0,0,0.0,0,0.0,0,0.0,0,2199,68,0.0,0,0.0,0,0.0,0,0.0,0
2012-11-16T09:18:53.500,2198.8,5526,2198.8,3,0.0,0,0.0,0,0.0,0,0.0,0,2199,66,0.0,0,0.0,0,0.0,0,0.0,0
2012-11-16T09:18:54.000,2198.8,5528,2198.8,6,0.0,0,0.0,0,0.0,0,0.0,0,2199,63,0.0,0,0.0,0,0.0,0,0.0,0
2012-11-16T09:18:54.500,2199,5533,2198.8,5,0.0,0,0.0,0,0.0,0,0.0,0,2199,59,0.0,0,0.0,0,0.0,0,0.0,0
2012-11-16T09:18:55.000,2199,5534,2198.8,10,0.0,0,0.0,0,0.0,0,0.0,0,2199,58,0.0,0,0.0,0,0.0,0,0.0,0
2012-11-16T09:18:55.500,2198.8,5547,2198.8,2,0.0,0,0.0,0,0.0,0,0.0,0,2199,56,0.0,0,0.0,0,0.0,0,0.0,0
2012-11-16T09:18:56.000,2198.8,5574,2198.8,2,0.0,0,0.0,0,0.0,0,0.0,0,2199,32,0.0,0,0.0,0,0.0,0,0.0,0
2012-11-16T09:18:56.500,2199,5580,2198.8,7,0.0,0,0.0,0,0.0,0,0.0,0,2199,26,0.0,0,0.0,0,0.0,0,0.0,0
2012-11-16T09:18:57.000,2199,5606,2199,5,0.0,0,0.0,0,0.0,0,0.0,0,2199.2,10,0.0,0,0.0,0,0.0,0,0.0,0
2012-11-16T09:18:57.500,2199,5607,2199,9,0.0,0,0.0,0,0.0,0,0.0,0,2199.2,9,0.0,0,0.0,0,0.0,0,0.0,0
2012-11-16T09:18:58.000,2199,5611,2199,5,0.0,0,0.0,0,0.0,0,0.0,0,2199.2,9,0.0,0,0.0,0,0.0,0,0.0,0
2012-11-16T09:18:58.500,2199,5614,2199,4,0.0,0,0.0,0,0.0,0,0.0,0,2199.2,8,0.0,0,0.0,0,0.0,0,0.0,0
2012-11-16T09:18:59.000,2198.8,5620,2198.8,16,0.0,0,0.0,0,0.0,0,0.0,0,2199,1,0.0,0,0.0,0,0.0,0,0.0,0
2012-11-16T09:18:59.500,2198.8,5621,2198.8,15,0.0,0,0.0,0,0.0,0,0.0,0,2199,2,0.0,0,0.0,0,0.0,0,0.0,0
2012-11-16T09:19:00.250,2199,5638,2198.8,12,0.0,0,0.0,0,0.0,0,0.0,0,2199,4,0.0,0,0.0,0,0.0,0,0.0,0
2012-11-16T09:19:01.000,2199,5648,2198.8,4,0.0,0,0.0,0,0.0,0,0.0,0,2199,8,0.0,0,0.0,0,0.0,0,0.0,0
2012-11-16T09:19:01.500,2199,5651,2198.8,3,0.0,0,0.0,0,0.0,0,0.0,0,2199,11,0.0,0,0.0,0,0.0,0,0.0,0
2012-11-16T09:19:02.000,2199,5675,2198.6,39,0.0,0,0.0,0,0.0,0,0.0,0,2199,10,0.0,0,0.0,0,0.0,0,0.0,0
2012-11-16T09:19:02.500,2198.8,5676,2198.6,39,0.0,0,0.0,0,0.0,0,0.0,0,2199,14,0.0,0,0.0,0,0.0,0,0.0,0
2012-11-16T09:19:03.250,2199,5679,2198.6,39,0.0,0,0.0,0,0.0,0,0.0,0,2199,13,0.0,0,0.0,0,0.0,0,0.0,0
2012-11-16T09:19:04.000,2199,5689,2198.6,39,0.0,0,0.0,0,0.0,0,0.0,0,2199,4,0.0,0,0.0,0,0.0,0,0.0,0
2012-11-16T09:19:04.500,2199,5690,2198.8,1,0.0,0,0.0,0,0.0,0,0.0,0,2199,4,0.0,0,0.0,0,0.0,0,0.0,0
2012-11-16T09:19:06.250,2198.8,5694,2198.8,10,0.0,0,0.0,0,0.0,0,0.0,0,2199,16,0.0,0,0.0,0,0.0,0,0.0,0
2012-11-16T09:19:07.000,2199,5699,2198.8,6,0.0,0,0.0,0,0.0,0,0.0,0,2199,15,0.0,0,0.0,0,0.0,0,0.0,0
2012-11-16T09:19:07.500,2199,5700,2198.8,6,0.0,0,0.0,0,0.0,0,0.0,0,2199,14,0.0,0,0.0,0,0.0,0,0.0,0
2012-11-16T09:19:08.000,2198.8,5704,2198.8,2,0.0,0,0.0,0,0.0,0,0.0,0,2199,14,0.0,0,0.0,0,0.0,0,0.0,0
2012-11-16T09:19:08.500,2199,5714,2198.6,37,0.0,0,0.0,0,0.0,0,0.0,0,2199,12,0.0,0,0.0,0,0.0,0,0.0,0
2012-11-16T09:19:09.000,2199,5715,2198.6,38,0.0,0,0.0,0,0.0,0,0.0,0,2199,11,0.0,0,0.0,0,0.0,0,0.0,0
2012-11-16T09:19:09.500,2199,5717,2198.6,37,0.0,0,0.0,0,0.0,0,0.0,0,2198.8,1,0.0,0,0.0,0,0.0,0,0.0,0
2012-11-16T09:19:10.000,2199,5721,2198.8,14,0.0,0,0.0,0,0.0,0,0.0,0,2199,8,0.0,0,0.0,0,0.0,0,0.0,0
2012-11-16T09:19:10.500,2199,5724,2198.8,15,0.0,0,0.0,0,0.0,0,0.0,0,2199,6,0.0,0,0.0,0,0.0,0,0.0,0
2012-11-16T09:19:11.250,2199,5730,2199,8,0.0,0,0.0,0,0.0,0,0.0,0,2199.2,24,0.0,0,0.0,0,0.0,0,0.0,0
2012-11-16T09:19:12.000,2199,5733,2199,8,0.0,0,0.0,0,0.0,0,0.0,0,2199.2,22,0.0,0,0.0,0,0.0,0,0.0,0
2012-11-16T09:19:12.500,2199.2,5740,2199,10,0.0,0,0.0,0,0.0,0,0.0,0,2199.2,15,0.0,0,0.0,0,0.0,0,0.0,0
2012-11-16T09:19:13.000,2199.2,5753,2199,6,0.0,0,0.0,0,0.0,0,0.0,0,2199.2,7,0.0,0,0.0,0,0.0,0,0.0,0
2012-11-16T09:19:13.500,2199,5754,2199,8,0.0,0,0.0,0,0.0,0,0.0,0,2199.2,7,0.0,0,0.0,0,0.0,0,0.0,0
2012-11-16T09:19:14.250,2199.2,5761,2199.2,2,0.0,0,0.0,0,0.0,0,0.0,0,2199.4,15,0.0,0,0.0,0,0.0,0,0.0,0
2012-11-16T09:19:15.250,2199.2,5763,2199.2,3,0.0,0,0.0,0,0.0,0,0.0,0,2199.4,15,0.0,0,0.0,0,0.0,0,0.0,0
2012-11-16T09:19:16.000,2199.2,5768,2199.2,8,0.0,0,0.0,0,0.0,0,0.0,0,2199.4,13,0.0,0,0.0,0,0.0,0,0.0,0
2012-11-16T09:19:16.500,2199.4,5777,2199.2,8,0.0,0,0.0,0,0.0,0,0.0,0,2199.4,4,0.0,0,0.0,0,0.0,0,0.0,0
2012-11-16T09:19:17.000,2199.2,5781,2199.2,7,0.0,0,0.0,0,0.0,0,0.0,0,2199.4,2,0.0,0,0.0,0,0.0,0,0.0,0
2012-11-16T09:19:17.500,2199.4,5784,2199.4,12,0.0,0,0.0,0,0.0,0,0.0,0,2199.6,16,0.0,0,0.0,0,0.0,0,0.0,0
2012-11-16T09:19:18.250,2199.6,5788,2199.4,19,0.0,0,0.0,0,0.0,0,0.0,0,2199.6,14,0.0,0,0.0,0,0.0,0,0.0,0
2012-11-16T09:19:19.000,2199.4,5796,2199.4,20,0.0,0,0.0,0,0.0,0,0.0,0,2199.6,9,0.0,0,0.0,0,0.0,0,0.0,0
2012-11-16T09:19:19.500,2199.6,5801,2199.4,18,0.0,0,0.0,0,0.0,0,0.0,0,2199.6,6,0.0,0,0.0,0,0.0,0,0.0,0
2012-11-16T09:19:20.000,2199.6,5808,2199.6,14,0.0,0,0.0,0,0.0,0,0.0,0,2199.8,47,0.0,0,0.0,0,0.0,0,0.0,0
2012-11-16T09:19:20.500,2199.6,5834,2199.4,17,0.0,0,0.0,0,0.0,0,0.0,0,2199.6,11,0.0,0,0.0,0,0.0,0,0.0,0
2012-11-16T09:19:21.000,2199.4,5845,2199.4,15,0.0,0,0.0,0,0.0,0,0.0,0,2199.6,3,0.0,0,0.0,0,0.0,0,0.0,0
2012-11-16T09:19:21.500,2199.4,5849,2199.4,13,0.0,0,0.0,0,0.0,0,0.0,0,2199.6,2,0.0,0,0.0,0,0.0,0,0.0,0
2012-11-16T09:19:22.000,2199.8,5853,2199.6,2,0.0,0,0.0,0,0.0,0,0.0,0,2199.8,39,0.0,0,0.0,0,0.0,0,0.0,0
2012-11-16T09:19:22.500,2199.6,5872,2199.4,11,0.0,0,0.0,0,0.0,0,0.0,0,2199.6,6,0.0,0,0.0,0,0.0,0,0.0,0
2012-11-16T09:19:23.000,2199.6,5874,2199.4,11,0.0,0,0.0,0,0.0,0,0.0,0,2199.6,4,0.0,0,0.0,0,0.0,0,0.0,0
2012-11-16T09:19:23.500,2199.6,5883,2199.4,8,0.0,0,0.0,0,0.0,0,0.0,0,2199.6,1,0.0,0,0.0,0,0.0,0,0.0,0
2012-11-16T09:19:24.000,2199.4,5888,2199.6,4,0.0,0,0.0,0,0.0,0,0.0,0,2199.8,27,0.0,0,0.0,0,0.0,0,0.0,0
2012-11-16T09:19:24.500,2199.6,5893,2199.6,7,0.0,0,0.0,0,0.0,0,0.0,0,2199.8,25,0.0,0,0.0,0,0.0,0,0.0,0
2012-11-16T09:19:25.000,2199.8,5897,2199.6,4,0.0,0,0.0,0,0.0,0,0.0,0,2199.8,26,0.0,0,0.0,0,0.0,0,0.0,0
2012-11-16T09:19:25.500,2199.8,5911,2199.6,3,0.0,0,0.0,0,0.0,0,0.0,0,2199.8,15,0.0,0,0.0,0,0.0,0,0.0,0
2012-11-16T09:19:26.000,2199.8,5918,2199.6,3,0.0,0,0.0,0,0.0,0,0.0,0,2199.8,15,0.0,0,0.0,0,0.0,0,0.0,0
2012-11-16T09:19:26.500,2199.6,5926,2199.4,10,0.0,0,0.0,0,0.0,0,0.0,0,2199.6,3,0.0,0,0.0,0,0.0,0,0.0,0
2012-11-16T09:19:27.250,2199.8,5949,2199.6,1,0.0,0,0.0,0,0.0,0,0.0,0,2199.8,9,0.0,0,0.0,0,0.0,0,0.0,0
2012-11-16T09:19:28.000,2199.6,5964,2199.4,10,0.0,0,0.0,0,0.0,0,0.0,0,2199.6,1,0.0,0,0.0,0,0.0,0,0.0,0
2012-11-16T09:19:28.500,2199.8,5978,2199.6,3,0.0,0,0.0,0,0.0,0,0.0,0,2200,38,0.0,0,0.0,0,0.0,0,0.0,0
2012-11-16T09:19:29.000,2199.6,5979,2199.6,2,0.0,0,0.0,0,0.0,0,0.0,0,2200,38,0.0,0,0.0,0,0.0,0,0.0,0
2012-11-16T09:19:29.500,2199.6,6004,2199.6,4,0.0,0,0.0,0,0.0,0,0.0,0,2199.8,1,0.0,0,0.0,0,0.0,0,0.0,0
2012-11-16T09:19:30.000,2200,6018,2199.6,16,0.0,0,0.0,0,0.0,0,0.0,0,2199.8,8,0.0,0,0.0,0,0.0,0,0.0,0
2012-11-16T09:19:30.500,2199.6,6021,2199.6,11,0.0,0,0.0,0,0.0,0,0.0,0,2199.8,12,0.0,0,0.0,0,0.0,0,0.0,0
2012-11-16T09:19:31.000,2199.8,6026,2199.6,7,0.0,0,0.0,0,0.0,0,0.0,0,2199.8,16,0.0,0,0.0,0,0.0,0,0.0,0
2012-11-16T09:19:31.500,2199.6,6037,2199.4,1,0.0,0,0.0,0,0.0,0,0.0,0,2199.6,5,0.0,0,0.0,0,0.0,0,0.0,0
2012-11-16T09:19:32.000,2199.8,6043,2199.4,2,0.0,0,0.0,0,0.0,0,0.0,0,2199.6,3,0.0,0,0.0,0,0.0,0,0.0,0
2012-11-16T09:19:32.500,2199.6,6048,2199.4,6,0.0,0,0.0,0,0.0,0,0.0,0,2199.6,4,0.0,0,0.0,0,0.0,0,0.0,0
2012-11-16T09:19:33.000,2199.6,6052,2199.4,6,0.0,0,0.0,0,0.0,0,0.0,0,2199.6,1,0.0,0,0.0,0,0.0,0,0.0,0
2012-11-16T09:19:33.500,2199.6,6054,2199.6,4,0.0,0,0.0,0,0.0,0,0.0,0,2199.8,10,0.0,0,0.0,0,0.0,0,0.0,0
2012-11-16T09:19:34.000,2199.6,6066,2199.4,6,0.0,0,0.0,0,0.0,0,0.0,0,2199.8,4,0.0,0,0.0,0,0.0,0,0.0,0
2012-11-16T09:19:34.500,2199.4,6069,2199.6,1,0.0,0,0.0,0,0.0,0,0.0,0,2199.8,4,0.0,0,0.0,0,0.0,0,0.0,0
2012-11-16T09:19:35.000,2199.2,6092,2199.2,3,0.0,0,0.0,0,0.0,0,0.0,0,2199.6,11,0.0,0,0.0,0,0.0,0,0.0,0
2012-11-16T09:19:35.500,2199.8,6107,2199.4,2,0.0,0,0.0,0,0.0,0,0.0,0,2199.8,23,0.0,0,0.0,0,0.0,0,0.0,0
2012-11-16T09:19:36.000,2199.2,6123,2199,13,0.0,0,0.0,0,0.0,0,0.0,0,2199.2,9,0.0,0,0.0,0,0.0,0,0.0,0
2012-11-16T09:19:36.500,2199,6145,2199,4,0.0,0,0.0,0,0.0,0,0.0,0,2199.2,3,0.0,0,0.0,0,0.0,0,0.0,0
2012-11-16T09:19:37.250,2199.2,6147,2199,2,0.0,0,0.0,0,0.0,0,0.0,0,2199.2,1,0.0,0,0.0,0,0.0,0,0.0,0
2012-11-16T09:19:38.000,2199.2,6149,2199,5,0.0,0,0.0,0,0.0,0,0.0,0,2199.4,4,0.0,0,0.0,0,0.0,0,0.0,0
2012-11-16T09:19:38.500,2199.2,6150,2199.2,3,0.0,0,0.0,0,0.0,0,0.0,0,2199.4,4,0.0,0,0.0,0,0.0,0,0.0,0
2012-11-16T09:19:39.000,2199.4,6153,2199.2,1,0.0,0,0.0,0,0.0,0,0.0,0,2199.4,3,0.0,0,0.0,0,0.0,0,0.0,0
2012-11-16T09:19:39.500,2199.4,6154,2199.2,1,0.0,0,0.0,0,0.0,0,0.0,0,2199.4,2,0.0,0,0.0,0,0.0,0,0.0,0
2012-11-16T09:19:40.000,2199.2,6156,2199,7,0.0,0,0.0,0,0.0,0,0.0,0,2199.2,41,0.0,0,0.0,0,0.0,0,0.0,0
2012-11-16T09:19:40.500,2199,6165,2198.8,11,0.0,0,0.0,0,0.0,0,0.0,0,2199,21,0.0,0,0.0,0,0.0,0,0.0,0
2012-11-16T09:19:41.000,2199,6166,2198.8,11,0.0,0,0.0,0,0.0,0,0.0,0,2199,21,0.0,0,0.0,0,0.0,0,0.0,0
2012-11-16T09:19:41.500,2199,6192,2198.8,10,0.0,0,0.0,0,0.0,0,0.0,0,2199,1,0.0,0,0.0,0,0.0,0,0.0,0
2012-11-16T09:19:42.000,2198.8,6195,2198.8,7,0.0,0,0.0,0,0.0,0,0.0,0,2199,1,0.0,0,0.0,0,0.0,0,0.0,0
2012-11-16T09:19:42.500,2198.8,6196,2198.8,6,0.0,0,0.0,0,0.0,0,0.0,0,2199,1,0.0,0,0.0,0,0.0,0,0.0,0
2012-11-16T09:19:43.000,2199,6199,2198.8,4,0.0,0,0.0,0,0.0,0,0.0,0,2199,10,0.0,0,0.0,0,0.0,0,0.0,0
2012-11-16T09:19:43.500,2199,6209,2199,2,0.0,0,0.0,0,0.0,0,0.0,0,2199.2,40,0.0,0,0.0,0,0.0,0,0.0,0
2012-11-16T09:19:44.000,2199,6211,2198.8,4,0.0,0,0.0,0,0.0,0,0.0,0,2199,5,0.0,0,0.0,0,0.0,0,0.0,0
2012-11-16T09:19:44.500,2199,6214,2198.8,3,0.0,0,0.0,0,0.0,0,0.0,0,2199,5,0.0,0,0.0,0,0.0,0,0.0,0
2012-11-16T09:19:45.250,2198.6,6225,2198.8,2,0.0,0,0.0,0,0.0,0,0.0,0,2199,5,0.0,0,0.0,0,0.0,0,0.0,0
2012-11-16T09:19:46.000,2198.6,6230,2198.6,4,0.0,0,0.0,0,0.0,0,0.0,0,2199,21,0.0,0,0.0,0,0.0,0,0.0,0
2012-11-16T09:19:46.500,2198.6,6232,2198.8,2,0.0,0,0.0,0,0.0,0,0.0,0,2199,71,0.0,0,0.0,0,0.0,0,0.0,0
2012-11-16T09:19:47.000,2199,6257,2198.2,54,0.0,0,0.0,0,0.0,0,0.0,0,2199,71,0.0,0,0.0,0,0.0,0,0.0,0
2012-11-16T09:19:47.500,2198.2,6260,2198.2,61,0.0,0,0.0,0,0.0,0,0.0,0,2198.8,27,0.0,0,0.0,0,0.0,0,0.0,0
2012-11-16T09:19:48.000,2198.2,6263,2198.2,59,0.0,0,0.0,0,0.0,0,0.0,0,2198.6,19,0.0,0,0.0,0,0.0,0,0.0,0
2012-11-16T09:19:48.500,2198.6,6269,2198.2,60,0.0,0,0.0,0,0.0,0,0.0,0,2198.6,16,0.0,0,0.0,0,0.0,0,0.0,0
2012-11-16T09:19:49.250,2198.2,6274,2198.2,47,0.0,0,0.0,0,0.0,0,0.0,0,2198.4,1,0.0,0,0.0,0,0.0,0,0.0,0
2012-11-16T09:19:50.000,2198.4,6286,2198.2,45,0.0,0,0.0,0,0.0,0,0.0,0,2198.4,13,0.0,0,0.0,0,0.0,0,0.0,0
2012-11-16T09:19:50.500,2198.4,6287,2198.2,45,0.0,0,0.0,0,0.0,0,0.0,0,2198.4,12,0.0,0,0.0,0,0.0,0,0.0,0
2012-11-16T09:19:51.000,2198.2,6294,2198.2,38,0.0,0,0.0,0,0.0,0,0.0,0,2198.4,16,0.0,0,0.0,0,0.0,0,0.0,0
2012-11-16T09:19:51.500,2198.4,6304,2198.2,35,0.0,0,0.0,0,0.0,0,0.0,0,2198.4,9,0.0,0,0.0,0,0.0,0,0.0,0
2012-11-16T09:19:52.000,2198.2,6307,2198.2,34,0.0,0,0.0,0,0.0,0,0.0,0,2198.4,8,0.0,0,0.0,0,0.0,0,0.0,0
2012-11-16T09:19:52.500,2198.2,6308,2198.2,33,0.0,0,0.0,0,0.0,0,0.0,0,2198.4,8,0.0,0,0.0,0,0.0,0,0.0,0
2012-11-16T09:19:53.000,2198.2,6330,2198.2,18,0.0,0,0.0,0,0.0,0,0.0,0,2198.4,3,0.0,0,0.0,0,0.0,0,0.0,0
2012-11-16T09:19:53.500,2198.6,6339,2198.4,3,0.0,0,0.0,0,0.0,0,0.0,0,2198.6,4,0.0,0,0.0,0,0.0,0,0.0,0
2012-11-16T09:19:54.000,2198.4,6342,2198.2,17,0.0,0,0.0,0,0.0,0,0.0,0,2198.6,8,0.0,0,0.0,0,0.0,0,0.0,0
2012-11-16T09:19:54.500,2198.2,6346,2198.2,16,0.0,0,0.0,0,0.0,0,0.0,0,2198.6,7,0.0,0,0.0,0,0.0,0,0.0,0
2012-11-16T09:19:55.000,2198.6,6347,2198.2,17,0.0,0,0.0,0,0.0,0,0.0,0,2198.6,20,0.0,0,0.0,0,0.0,0,0.0,0
2012-11-16T09:19:55.500,2198.2,6355,2198.2,24,0.0,0,0.0,0,0.0,0,0.0,0,2198.4,7,0.0,0,0.0,0,0.0,0,0.0,0
2012-11-16T09:19:56.000,2198.4,6359,2198.2,24,0.0,0,0.0,0,0.0,0,0.0,0,2198.4,6,0.0,0,0.0,0,0.0,0,0.0,0
2012-11-16T09:19:56.500,2198.2,6383,2198,121,0.0,0,0.0,0,0.0,0,0.0,0,2198.2,6,0.0,0,0.0,0,0.0,0,0.0,0
2012-11-16T09:19:57.000,2198,6387,2198,116,0.0,0,0.0,0,0.0,0,0.0,0,2198.2,8,0.0,0,0.0,0,0.0,0,0.0,0
2012-11-16T09:19:57.500,2198.2,6401,2198,111,0.0,0,0.0,0,0.0,0,0.0,0,2198.2,4,0.0,0,0.0,0,0.0,0,0.0,0
2012-11-16T09:19:58.000,2198.2,6411,2198.2,5,0.0,0,0.0,0,0.0,0,0.0,0,2198.4,3,0.0,0,0.0,0,0.0,0,0.0,0
2012-11-16T09:19:58.500,2198.2,6420,2198.2,2,0.0,0,0.0,0,0.0,0,0.0,0,2198.4,10,0.0,0,0.0,0,0.0,0,0.0,0
2012-11-16T09:19:59.000,2198.2,6425,2198.2,7,0.0,0,0.0,0,0.0,0,0.0,0,2198.4,12,0.0,0,0.0,0,0.0,0,0.0,0
2012-11-16T09:19:59.500,2198.4,6426,2198.2,7,0.0,0,0.0,0,0.0,0,0.0,0,2198.4,11,0.0,0,0.0,0,0.0,0,0.0,0
2012-11-16T09:20:00.000,2198.2,6430,2198.2,4,0.0,0,0.0,0,0.0,0,0.0,0,2198.4,11,0.0,0,0.0,0,0.0,0,0.0,0
2012-11-16T09:20:00.500,2198.2,6440,2198.2,4,0.0,0,0.0,0,0.0,0,0.0,0,2198.4,13,0.0,0,0.0,0,0.0,0,0.0,0
2012-11-16T09:20:01.000,2198,6447,2198,113,0.0,0,0.0,0,0.0,0,0.0,0,2198.2,2,0.0,0,0.0,0,0.0,0,0.0,0
2012-11-16T09:20:01.500,2198,6473,2198,90,0.0,0,0.0,0,0.0,0,0.0,0,2198.2,14,0.0,0,0.0,0,0.0,0,0.0,0
2012-11-16T09:20:02.000,2198.2,6506,2198,71,0.0,0,0.0,0,0.0,0,0.0,0,2198.2,1,0.0,0,0.0,0,0.0,0,0.0,0
2012-11-16T09:20:02.500,2198,6553,2198,42,0.0,0,0.0,0,0.0,0,0.0,0,2198.4,19,0.0,0,0.0,0,0.0,0,0.0,0
2012-11-16T09:20:03.000,2198,6605,2197.8,12,0.0,0,0.0,0,0.0,0,0.0,0,2198,50,0.0,0,0.0,0,0.0,0,0.0,0
2012-11-16T09:20:03.500,2197.6,6618,2197.6,36,0.0,0,0.0,0,0.0,0,0.0,0,2197.8,68,0.0,0,0.0,0,0.0,0,0.0,0
2012-11-16T09:20:04.000,2197.6,6644,2197.6,20,0.0,0,0.0,0,0.0,0,0.0,0,2197.8,44,0.0,0,0.0,0,0.0,0,0.0,0
2012-11-16T09:20:04.500,2197.6,6659,2197.6,6,0.0,0,0.0,0,0.0,0,0.0,0,2197.8,40,0.0,0,0.0,0,0.0,0,0.0,0
2012-11-16T09:20:05.000,2197.8,6682,2197.6,9,0.0,0,0.0,0,0.0,0,0.0,0,2197.8,24,0.0,0,0.0,0,0.0,0,0.0,0
2012-11-16T09:20:05.500,2197.8,6694,2197.6,21,0.0,0,0.0,0,0.0,0,0.0,0,2197.8,8,0.0,0,0.0,0,0.0,0,0.0,0
2012-11-16T09:20:06.000,2197.8,6714,2197.8,13,0.0,0,0.0,0,0.0,0,0.0,0,2198,66,0.0,0,0.0,0,0.0,0,0.0,0
2012-11-16T09:20:06.500,2197.8,6720,2197.8,27,0.0,0,0.0,0,0.0,0,0.0,0,2198,64,0.0,0,0.0,0,0.0,0,0.0,0
2012-11-16T09:20:07.000,2198,6734,2197.8,18,0.0,0,0.0,0,0.0,0,0.0,0,2198,62,0.0,0,0.0,0,0.0,0,0.0,0
2012-11-16T09:20:07.500,2198,6743,2197.8,20,0.0,0,0.0,0,0.0,0,0.0,0,2198,53,0.0,0,0.0,0,0.0,0,0.0,0
2012-11-16T09:20:08.000,2198,6749,2197.8,5,0.0,0,0.0,0,0.0,0,0.0,0,2198,101,0.0,0,0.0,0,0.0,0,0.0,0
2012-11-16T09:20:08.500,2197.8,6755,2197.6,10,0.0,0,0.0,0,0.0,0,0.0,0,2197.8,2,0.0,0,0.0,0,0.0,0,0.0,0
2012-11-16T09:20:09.000,2197.4,6782,2197.4,22,0.0,0,0.0,0,0.0,0,0.0,0,2197.6,25,0.0,0,0.0,0,0.0,0,0.0,0
2012-11-16T09:20:09.500,2197.4,6808,2197.4,11,0.0,0,0.0,0,0.0,0,0.0,0,2197.6,10,0.0,0,0.0,0,0.0,0,0.0,0
2012-11-16T09:20:10.000,2197.2,6836,2197.2,30,0.0,0,0.0,0,0.0,0,0.0,0,2197.4,6,0.0,0,0.0,0,0.0,0,0.0,0
2012-11-16T09:20:10.500,2197.2,6853,2197.2,20,0.0,0,0.0,0,0.0,0,0.0,0,2197.4,18,0.0,0,0.0,0,0.0,0,0.0,0
2012-11-16T09:20:11.000,2197.2,6874,2197.2,12,0.0,0,0.0,0,0.0,0,0.0,0,2197.4,13,0.0,0,0.0,0,0.0,0,0.0,0
2012-11-16T09:20:11.500,2197,6892,2197,73,0.0,0,0.0,0,0.0,0,0.0,0,2197.2,34,0.0,0,0.0,0,0.0,0,0.0,0
2012-11-16T09:20:12.000,2197,6917,2197,75,0.0,0,0.0,0,0.0,0,0.0,0,2197.2,29,0.0,0,0.0,0,0.0,0,0.0,0
2012-11-16T09:20:12.500,2197,6964,2197,51,0.0,0,0.0,0,0.0,0,0.0,0,2197.2,10,0.0,0,0.0,0,0.0,0,0.0,0
2012-11-16T09:20:13.000,2197,7000,2197,12,0.0,0,0.0,0,0.0,0,0.0,0,2197.2,10,0.0,0,0.0,0,0.0,0,0.0,0
2012-11-16T09:20:13.500,2197.2,7015,2197,6,0.0,0,0.0,0,0.0,0,0.0,0,2197.2,10,0.0,0,0.0,0,0.0,0,0.0,0
2012-11-16T09:20:14.000,2197,7037,2196.8,25,0.0,0,0.0,0,0.0,0,0.0,0,2197,16,0.0,0,0.0,0,0.0,0,0.0,0
2012-11-16T09:20:14.500,2197,7063,2197,10,0.0,0,0.0,0,0.0,0,0.0,0,2197.2,17,0.0,0,0.0,0,0.0,0,0.0,0
2012-11-16T09:20:15.000,2197,7102,2196.8,27,0.0,0,0.0,0,0.0,0,0.0,0,2197,11,0.0,0,0.0,0,0.0,0,0.0,0
2012-11-16T09:20:15.500,2196.8,7116,2196.8,34,0.0,0,0.0,0,0.0,0,0.0,0,2197,5,0.0,0,0.0,0,0.0,0,0.0,0
2012-11-16T09:20:16.000,2197,7126,2196.8,30,0.0,0,0.0,0,0.0,0,0.0,0,2197.2,3,0.0,0,0.0,0,0.0,0,0.0,0
2012-11-16T09:20:16.500,2197.2,7154,2197.2,9,0.0,0,0.0,0,0.0,0,0.0,0,2197.4,20,0.0,0,0.0,0,0.0,0,0.0,0
2012-11-16T09:20:17.000,2197,7184,2196.8,26,0.0,0,0.0,0,0.0,0,0.0,0,2197,36,0.0,0,0.0,0,0.0,0,0.0,0
2012-11-16T09:20:17.500,2197,7224,2196.6,11,0.0,0,0.0,0,0.0,0,0.0,0,2197,27,0.0,0,0.0,0,0.0,0,0.0,0
2012-11-16T09:20:18.000,2197,7247,2196.6,13,0.0,0,0.0,0,0.0,0,0.0,0,2196.8,23,0.0,0,0.0,0,0.0,0,0.0,0
2012-11-16T09:20:18.500,2197.4,7297,2196.4,29,0.0,0,0.0,0,0.0,0,0.0,0,2196.6,12,0.0,0,0.0,0,0.0,0,0.0,0
2012-11-16T09:20:19.000,2196.4,7324,2196.4,22,0.0,0,0.0,0,0.0,0,0.0,0,2196.6,4,0.0,0,0.0,0,0.0,0,0.0,0
2012-11-16T09:20:19.500,2196,7458,2195.6,16,0.0,0,0.0,0,0.0,0,0.0,0,2196.4,16,0.0,0,0.0,0,0.0,0,0.0,0
2012-11-16T09:20:20.000,2196.2,7515,2195.8,18,0.0,0,0.0,0,0.0,0,0.0,0,2196.2,35,0.0,0,0.0,0,0.0,0,0.0,0
2012-11-16T09:20:20.500,2195.8,7595,2195.4,10,0.0,0,0.0,0,0.0,0,0.0,0,2195.8,9,0.0,0,0.0,0,0.0,0,0.0,0
2012-11-16T09:20:21.000,2195.6,7634,2195.6,10,0.0,0,0.0,0,0.0,0,0.0,0,2195.8,22,0.0,0,0.0,0,0.0,0,0.0,0
2012-11-16T09:20:21.500,2195.8,7680,2195.8,34,0.0,0,0.0,0,0.0,0,0.0,0,2196,4,0.0,0,0.0,0,0.0,0,0.0,0
2012-11-16T09:20:22.000,2196,7740,2196,48,0.0,0,0.0,0,0.0,0,0.0,0,2196.4,46,0.0,0,0.0,0,0.0,0,0.0,0
2012-11-16T09:20:22.500,2196.2,7769,2196.2,9,0.0,0,0.0,0,0.0,0,0.0,0,2196.4,47,0.0,0,0.0,0,0.0,0,0.0,0
2012-11-16T09:20:23.000,2196.4,7832,2196.2,12,0.0,0,0.0,0,0.0,0,0.0,0,2196.4,14,0.0,0,0.0,0,0.0,0,0.0,0
2012-11-16T09:20:23.500,2196.6,7867,2196.4,10,0.0,0,0.0,0,0.0,0,0.0,0,2196.6,5,0.0,0,0.0,0,0.0,0,0.0,0
2012-11-16T09:20:24.000,2196.2,7893,2196,61,0.0,0,0.0,0,0.0,0,0.0,0,2196.2,2,0.0,0,0.0,0,0.0,0,0.0,0
2012-11-16T09:20:24.500,2196.6,7911,2196,61,0.0,0,0.0,0,0.0,0,0.0,0,2196.6,6,0.0,0,0.0,0,0.0,0,0.0,0
2012-11-16T09:20:25.000,2196.4,7947,2196.4,4,0.0,0,0.0,0,0.0,0,0.0,0,2196.6,22,0.0,0,0.0,0,0.0,0,0.0,0
2012-11-16T09:20:25.500,2196.2,7957,2196.2,5,0.0,0,0.0,0,0.0,0,0.0,0,2196.4,24,0.0,0,0.0,0,0.0,0,0.0,0
2012-11-16T09:20:26.000,2196.4,7970,2196,40,0.0,0,0.0,0,0.0,0,0.0,0,2196.4,19,0.0,0,0.0,0,0.0,0,0.0,0
2012-11-16T09:20:26.500,2196.4,7976,2196,39,0.0,0,0.0,0,0.0,0,0.0,0,2196.2,1,0.0,0,0.0,0,0.0,0,0.0,0
2012-11-16T09:20:27.000,2196.2,7984,2196,39,0.0,0,0.0,0,0.0,0,0.0,0,2196.4,16,0.0,0,0.0,0,0.0,0,0.0,0
2012-11-16T09:20:27.500,2196,8008,2196,18,0.0,0,0.0,0,0.0,0,0.0,0,2196.4,18,0.0,0,0.0,0,0.0,0,0.0,0
2012-11-16T09:20:28.000,2196,8028,2195.8,25,0.0,0,0.0,0,0.0,0,0.0,0,2196,18,0.0,0,0.0,0,0.0,0,0.0,0
2012-11-16T09:20:28.500,2195.2,8085,2195.2,15,0.0,0,0.0,0,0.0,0,0.0,0,2195.8,4,0.0,0,0.0,0,0.0,0,0.0,0
2012-11-16T09:20:29.000,2195.2,8094,2195.2,14,0.0,0,0.0,0,0.0,0,0.0,0,2195.6,6,0.0,0,0.0,0,0.0,0,0.0,0
2012-11-16T09:20:29.500,2195,8119,2195,59,0.0,0,0.0,0,0.0,0,0.0,0,2195.2,22,0.0,0,0.0,0,0.0,0,0.0,0
2012-11-16T09:20:30.000,2195.2,8186,2195,27,0.0,0,0.0,0,0.0,0,0.0,0,2195.2,9,0.0,0,0.0,0,0.0,0,0.0,0
2012-11-16T09:20:30.500,2195.2,8201,2195,17,0.0,0,0.0,0,0.0,0,0.0,0,2195.2,9,0.0,0,0.0,0,0.0,0,0.0,0
2012-11-16T09:20:31.000,2195,8235,2195,26,0.0,0,0.0,0,0.0,0,0.0,0,2195.2,19,0.0,0,0.0,0,0.0,0,0.0,0
2012-11-16T09:20:31.500,2195.2,8282,2195.2,1,0.0,0,0.0,0,0.0,0,0.0,0,2195.6,6,0.0,0,0.0,0,0.0,0,0.0,0
2012-11-16T09:20:32.000,2195.4,8336,2195.4,6,0.0,0,0.0,0,0.0,0,0.0,0,2195.6,9,0.0,0,0.0,0,0.0,0,0.0,0
2012-11-16T09:20:32.500,2195.8,8407,2195.6,10,0.0,0,0.0,0,0.0,0,0.0,0,2195.8,11,0.0,0,0.0,0,0.0,0,0.0,0
2012-11-16T09:20:33.000,2195.6,8429,2195.6,4,0.0,0,0.0,0,0.0,0,0.0,0,2195.8,21,0.0,0,0.0,0,0.0,0,0.0,0
2012-11-16T09:20:33.500,2195.2,8451,2195,5,0.0,0,0.0,0,0.0,0,0.0,0,2195.2,1,0.0,0,0.0,0,0.0,0,0.0,0
2012-11-16T09:20:34.000,2195.2,8474,2195,5,0.0,0,0.0,0,0.0,0,0.0,0,2195.2,10,0.0,0,0.0,0,0.0,0,0.0,0
2012-11-16T09:20:34.500,2195,8490,2195,43,0.0,0,0.0,0,0.0,0,0.0,0,2195.2,1,0.0,0,0.0,0,0.0,0,0.0,0
2012-11-16T09:20:35.000,2195,8516,2195,20,0.0,0,0.0,0,0.0,0,0.0,0,2195.2,1,0.0,0,0.0,0,0.0,0,0.0,0
2012-11-16T09:20:35.500,2195.6,8532,2195.2,18,0.0,0,0.0,0,0.0,0,0.0,0,2195.6,42,0.0,0,0.0,0,0.0,0,0.0,0
2012-11-16T09:20:36.000,2195,8562,2195,26,0.0,0,0.0,0,0.0,0,0.0,0,2195.4,6,0.0,0,0.0,0,0.0,0,0.0,0
2012-11-16T09:20:36.500,2195.2,8572,2195.2,30,0.0,0,0.0,0,0.0,0,0.0,0,2195.4,26,0.0,0,0.0,0,0.0,0,0.0,0
2012-11-16T09:20:37.000,2195.2,8591,2195.2,29,0.0,0,0.0,0,0.0,0,0.0,0,2195.4,20,0.0,0,0.0,0,0.0,0,0.0,0
2012-11-16T09:20:37.500,2195.2,8601,2195.2,24,0.0,0,0.0,0,0.0,0,0.0,0,2195.4,13,0.0,0,0.0,0,0.0,0,0.0,0
2012-11-16T09:20:38.000,2195.2,8606,2195.2,26,0.0,0,0.0,0,0.0,0,0.0,0,2195.4,12,0.0,0,0.0,0,0.0,0,0.0,0
2012-11-16T09:20:38.500,2195.2,8635,2195.2,20,0.0,0,0.0,0,0.0,0,0.0,0,2195.6,20,0.0,0,0.0,0,0.0,0,0.0,0
2012-11-16T09:20:39.000,2195.6,8647,2195.4,2,0.0,0,0.0,0,0.0,0,0.0,0,2195.6,15,0.0,0,0.0,0,0.0,0,0.0,0
2012-11-16T09:20:39.500,2195.4,8663,2195.4,9,0.0,0,0.0,0,0.0,0,0.0,0,2195.6,7,0.0,0,0.0,0,0.0,0,0.0,0
2012-11-16T09:20:40.000,2195.8,8673,2195.4,9,0.0,0,0.0,0,0.0,0,0.0,0,2195.8,26,0.0,0,0.0,0,0.0,0,0.0,0
2012-11-16T09:20:40.500,2195.8,8685,2195.6,4,0.0,0,0.0,0,0.0,0,0.0,0,2195.8,15,0.0,0,0.0,0,0.0,0,0.0,0
2012-11-16T09:20:41.000,2196,8711,2195.4,8,0.0,0,0.0,0,0.0,0,0.0,0,2196,106,0.0,0,0.0,0,0.0,0,0.0,0
2012-11-16T09:20:41.500,2195.8,8728,2195.4,9,0.0,0,0.0,0,0.0,0,0.0,0,2195.8,1,0.0,0,0.0,0,0.0,0,0.0,0
2012-11-16T09:20:42.000,2195.4,8744,2195.4,23,0.0,0,0.0,0,0.0,0,0.0,0,2195.8,23,0.0,0,0.0,0,0.0,0,0.0,0
2012-11-16T09:20:42.500,2195.4,8756,2195.4,32,0.0,0,0.0,0,0.0,0,0.0,0,2195.8,25,0.0,0,0.0,0,0.0,0,0.0,0
2012-11-16T09:20:43.000,2195.4,8766,2195.4,15,0.0,0,0.0,0,0.0,0,0.0,0,2195.8,26,0.0,0,0.0,0,0.0,0,0.0,0
2012-11-16T09:20:43.500,2195.8,8799,2195.4,10,0.0,0,0.0,0,0.0,0,0.0,0,2195.8,2,0.0,0,0.0,0,0.0,0,0.0,0
2012-11-16T09:20:44.000,2195.4,8814,2195.2,30,0.0,0,0.0,0,0.0,0,0.0,0,2195.4,4,0.0,0,0.0,0,0.0,0,0.0,0
2012-11-16T09:20:44.500,2195.4,8827,2195.2,32,0.0,0,0.0,0,0.0,0,0.0,0,2195.4,9,0.0,0,0.0,0,0.0,0,0.0,0
2012-11-16T09:20:45.000,2195.2,8838,2195.2,33,0.0,0,0.0,0,0.0,0,0.0,0,2195.4,3,0.0,0,0.0,0,0.0,0,0.0,0
2012-11-16T09:20:45.500,2195.4,8849,2195.2,34,0.0,0,0.0,0,0.0,0,0.0,0,2195.4,1,0.0,0,0.0,0,0.0,0,0.0,0
2012-11-16T09:20:46.000,2195.4,8854,2195.2,35,0.0,0,0.0,0,0.0,0,0.0,0,2195.6,24,0.0,0,0.0,0,0.0,0,0.0,0
2012-11-16T09:20:46.500,2195.6,8871,2195.4,5,0.0,0,0.0,0,0.0,0,0.0,0,2195.6,15,0.0,0,0.0,0,0.0,0,0.0,0
2012-11-16T09:20:47.000,2195.4,8883,2195.4,2,0.0,0,0.0,0,0.0,0,0.0,0,2195.6,8,0.0,0,0.0,0,0.0,0,0.0,0
2012-11-16T09:20:47.500,2195.6,8895,2195.4,4,0.0,0,0.0,0,0.0,0,0.0,0,2195.6,2,0.0,0,0.0,0,0.0,0,0.0,0
2012-11-16T09:20:48.000,2195.4,8910,2195.4,1,0.0,0,0.0,0,0.0,0,0.0,0,2195.6,2,0.0,0,0.0,0,0.0,0,0.0,0
2012-11-16T09:20:48.500,2195.6,8915,2195.4,4,0.0,0,0.0,0,0.0,0,0.0,0,2195.8,1,0.0,0,0.0,0,0.0,0,0.0,0
2012-11-16T09:20:49.000,2195.8,8921,2195.4,10,0.0,0,0.0,0,0.0,0,0.0,0,2195.8,7,0.0,0,0.0,0,0.0,0,0.0,0
2012-11-16T09:20:49.500,2195.4,8926,2195.6,5,0.0,0,0.0,0,0.0,0,0.0,0,2195.8,14,0.0,0,0.0,0,0.0,0,0.0,0
2012-11-16T09:20:50.000,2195.8,8974,2195.8,19,0.0,0,0.0,0,0.0,0,0.0,0,2196,135,0.0,0,0.0,0,0.0,0,0.0,0
2012-11-16T09:20:50.500,2195.8,8987,2195.8,12,0.0,0,0.0,0,0.0,0,0.0,0,2196,129,0.0,0,0.0,0,0.0,0,0.0,0
2012-11-16T09:20:51.000,2196,9012,2195.8,10,0.0,0,0.0,0,0.0,0,0.0,0,2196,118,0.0,0,0.0,0,0.0,0,0.0,0
2012-11-16T09:20:51.500,2196,9017,2195.8,31,0.0,0,0.0,0,0.0,0,0.0,0,2196,113,0.0,0,0.0,0,0.0,0,0.0,0
2012-11-16T09:20:52.000,2195.8,9024,2195.8,31,0.0,0,0.0,0,0.0,0,0.0,0,2196,108,0.0,0,0.0,0,0.0,0,0.0,0
2012-11-16T09:20:52.500,2196,9114,2195.8,29,0.0,0,0.0,0,0.0,0,0.0,0,2196,22,0.0,0,0.0,0,0.0,0,0.0,0
2012-11-16T09:20:53.000,2196,9157,2196,20,0.0,0,0.0,0,0.0,0,0.0,0,2196.4,8,0.0,0,0.0,0,0.0,0,0.0,0
2012-11-16T09:20:53.500,2196.4,9173,2196.2,9,0.0,0,0.0,0,0.0,0,0.0,0,2196.4,6,0.0,0,0.0,0,0.0,0,0.0,0
2012-11-16T09:20:54.000,2196.4,9178,2196.2,5,0.0,0,0.0,0,0.0,0,0.0,0,2196.4,32,0.0,0,0.0,0,0.0,0,0.0,0
2012-11-16T09:20:54.500,2196,9214,2195.8,18,0.0,0,0.0,0,0.0,0,0.0,0,2196,25,0.0,0,0.0,0,0.0,0,0.0,0
2012-11-16T09:20:55.000,2196,9238,2195.8,6,0.0,0,0.0,0,0.0,0,0.0,0,2196,15,0.0,0,0.0,0,0.0,0,0.0,0
2012-11-16T09:20:55.500,2195.8,9243,2195.8,34,0.0,0,0.0,0,0.0,0,0.0,0,2196,13,0.0,0,0.0,0,0.0,0,0.0,0
2012-11-16T09:20:56.000,2195.8,9250,2195.8,30,0.0,0,0.0,0,0.0,0,0.0,0,2196,10,0.0,0,0.0,0,0.0,0,0.0,0
2012-11-16T09:20:56.500,2196,9261,2195.8,28,0.0,0,0.0,0,0.0,0,0.0,0,2196,2,0.0,0,0.0,0,0.0,0,0.0,0
2012-11-16T09:20:57.000,2196.2,9264,2196,14,0.0,0,0.0,0,0.0,0,0.0,0,2196.2,9,0.0,0,0.0,0,0.0,0,0.0,0
2012-11-16T09:20:57.500,2196,9271,2196,9,0.0,0,0.0,0,0.0,0,0.0,0,2196.2,22,0.0,0,0.0,0,0.0,0,0.0,0
2012-11-16T09:20:58.000,2196.2,9289,2196,35,0.0,0,0.0,0,0.0,0,0.0,0,2196.2,29,0.0,0,0.0,0,0.0,0,0.0,0
2012-11-16T09:20:58.500,2196,9290,2196,36,0.0,0,0.0,0,0.0,0,0.0,0,2196.2,31,0.0,0,0.0,0,0.0,0,0.0,0
2012-11-16T09:20:59.000,2196,9292,2196,45,0.0,0,0.0,0,0.0,0,0.0,0,2196.2,33,0.0,0,0.0,0,0.0,0,0.0,0
2012-11-16T09:20:59.500,2196,9310,2196,45,0.0,0,0.0,0,0.0,0,0.0,0,2196.2,18,0.0,0,0.0,0,0.0,0,0.0,0
2012-11-16T09:21:00.000,2196.2,9313,2196,56,0.0,0,0.0,0,0.0,0,0.0,0,2196.2,16,0.0,0,0.0,0,0.0,0,0.0,0
2012-11-16T09:21:00.500,2196.2,9355,2196,31,0.0,0,0.0,0,0.0,0,0.0,0,2196.2,3,0.0,0,0.0,0,0.0,0,0.0,0
2012-11-16T09:21:01.000,2196,9385,2196,13,0.0,0,0.0,0,0.0,0,0.0,0,2196.4,37,0.0,0,0.0,0,0.0,0,0.0,0
2012-11-16T09:21:01.500,2195.8,9421,2195.8,24,0.0,0,0.0,0,0.0,0,0.0,0,2196.2,1,0.0,0,0.0,0,0.0,0,0.0,0
2012-11-16T09:21:02.000,2196.4,9452,2195.8,9,0.0,0,0.0,0,0.0,0,0.0,0,2196.4,28,0.0,0,0.0,0,0.0,0,0.0,0
2012-11-16T09:21:02.500,2196.2,9484,2196,1,0.0,0,0.0,0,0.0,0,0.0,0,2196.2,23,0.0,0,0.0,0,0.0,0,0.0,0
2012-11-16T09:21:03.000,2196,9500,2195.8,9,0.0,0,0.0,0,0.0,0,0.0,0,2196.2,11,0.0,0,0.0,0,0.0,0,0.0,0
2012-11-16T09:21:03.500,2195.8,9513,2195.8,8,0.0,0,0.0,0,0.0,0,0.0,0,2196.2,20,0.0,0,0.0,0,0.0,0,0.0,0
2012-11-16T09:21:04.000,2196.2,9524,2196,1,0.0,0,0.0,0,0.0,0,0.0,0,2196.2,7,0.0,0,0.0,0,0.0,0,0.0,0
2012-11-16T09:21:04.500,2195.8,9531,2195.8,23,0.0,0,0.0,0,0.0,0,0.0,0,2196.2,1,0.0,0,0.0,0,0.0,0,0.0,0
2012-11-16T09:21:05.000,2196.2,9541,2196,11,0.0,0,0.0,0,0.0,0,0.0,0,2196.2,3,0.0,0,0.0,0,0.0,0,0.0,0
2012-11-16T09:21:05.500,2196,9551,2196,108,0.0,0,0.0,0,0.0,0,0.0,0,2196.2,4,0.0,0,0.0,0,0.0,0,0.0,0
2012-11-16T09:21:06.000,2196.4,9582,2196.2,54,0.0,0,0.0,0,0.0,0,0.0,0,2196.4,53,0.0,0,0.0,0,0.0,0,0.0,0
2012-11-16T09:21:06.500,2196.2,9621,2196.2,66,0.0,0,0.0,0,0.0,0,0.0,0,2196.4,21,0.0,0,0.0,0,0.0,0,0.0,0
2012-11-16T09:21:07.000,2196.4,9646,2196.4,32,0.0,0,0.0,0,0.0,0,0.0,0,2196.6,21,0.0,0,0.0,0,0.0,0,0.0,0
2012-11-16T09:21:07.500,2196.6,9665,2196.4,35,0.0,0,0.0,0,0.0,0,0.0,0,2196.6,11,0.0,0,0.0,0,0.0,0,0.0,0
2012-11-16T09:21:08.000,2196.6,9674,2196.4,34,0.0,0,0.0,0,0.0,0,0.0,0,2196.6,6,0.0,0,0.0,0,0.0,0,0.0,0
2012-11-16T09:21:08.500,2196.8,9694,2196.6,5,0.0,0,0.0,0,0.0,0,0.0,0,2196.8,22,0.0,0,0.0,0,0.0,0,0.0,0
2012-11-16T09:21:09.000,2196.6,9703,2196.6,5,0.0,0,0.0,0,0.0,0,0.0,0,2196.8,16,0.0,0,0.0,0,0.0,0,0.0,0
2012-11-16T09:21:09.500,2196.8,9709,2196.6,2,0.0,0,0.0,0,0.0,0,0.0,0,2196.8,49,0.0,0,0.0,0,0.0,0,0.0,0
2012-11-16T09:21:10.000,2196.6,9713,2196.4,84,0.0,0,0.0,0,0.0,0,0.0,0,2196.8,50,0.0,0,0.0,0,0.0,0,0.0,0
2012-11-16T09:21:10.500,2196.6,9733,2196.4,75,0.0,0,0.0,0,0.0,0,0.0,0,2196.6,12,0.0,0,0.0,0,0.0,0,0.0,0
2012-11-16T09:21:11.000,2196.6,9739,2196.4,79,0.0,0,0.0,0,0.0,0,0.0,0,2196.6,9,0.0,0,0.0,0,0.0,0,0.0,0
2012-11-16T09:21:11.500,2196.6,9742,2196.4,79,0.0,0,0.0,0,0.0,0,0.0,0,2196.6,10,0.0,0,0.0,0,0.0,0,0.0,0
2012-11-16T09:21:12.000,2196.6,9769,2196.6,8,0.0,0,0.0,0,0.0,0,0.0,0,2196.8,40,0.0,0,0.0,0,0.0,0,0.0,0
2012-11-16T09:21:12.500,2196.8,9771,2196.6,12,0.0,0,0.0,0,0.0,0,0.0,0,2196.8,40,0.0,0,0.0,0,0.0,0,0.0,0
2012-11-16T09:21:13.000,2196.6,9803,2196.4,63,0.0,0,0.0,0,0.0,0,0.0,0,2196.8,39,0.0,0,0.0,0,0.0,0,0.0,0
2012-11-16T09:21:13.500,2196.6,9808,2196.4,62,0.0,0,0.0,0,0.0,0,0.0,0,2196.6,1,0.0,0,0.0,0,0.0,0,0.0,0
2012-11-16T09:21:14.000,2196.8,9820,2196.6,11,0.0,0,0.0,0,0.0,0,0.0,0,2196.8,26,0.0,0,0.0,0,0.0,0,0.0,0
2012-11-16T09:21:14.500,2196.6,9835,2196.6,49,0.0,0,0.0,0,0.0,0,0.0,0,2196.8,29,0.0,0,0.0,0,0.0,0,0.0,0
2012-11-16T09:21:15.000,2196.6,9839,2196.6,47,0.0,0,0.0,0,0.0,0,0.0,0,2196.8,30,0.0,0,0.0,0,0.0,0,0.0,0
2012-11-16T09:21:15.500,2196.8,9872,2196.8,5,0.0,0,0.0,0,0.0,0,0.0,0,2197,74,0.0,0,0.0,0,0.0,0,0.0,0
2012-11-16T09:21:16.000,2197,9883,2196.8,3,0.0,0,0.0,0,0.0,0,0.0,0,2197,68,0.0,0,0.0,0,0.0,0,0.0,0
2012-11-16T09:21:16.500,2197,9892,2196.8,3,0.0,0,0.0,0,0.0,0,0.0,0,2197,59,0.0,0,0.0,0,0.0,0,0.0,0
2012-11-16T09:21:17.000,2196.8,9900,2196.8,12,0.0,0,0.0,0,0.0,0,0.0,0,2197,56,0.0,0,0.0,0,0.0,0,0.0,0
2012-11-16T09:21:17.500,2196.8,9934,2196.8,3,0.0,0,0.0,0,0.0,0,0.0,0,2197,34,0.0,0,0.0,0,0.0,0,0.0,0
2012-11-16T09:21:18.000,2197,9943,2196.8,3,0.0,0,0.0,0,0.0,0,0.0,0,2197,28,0.0,0,0.0,0,0.0,0,0.0,0
2012-11-16T09:21:18.500,2196.8,9958,2196.6,44,0.0,0,0.0,0,0.0,0,0.0,0,2197,23,0.0,0,0.0,0,0.0,0,0.0,0
2012-11-16T09:21:19.250,2196.8,9961,2196.8,11,0.0,0,0.0,0,0.0,0,0.0,0,2197,27,0.0,0,0.0,0,0.0,0,0.0,0
2012-11-16T09:21:20.000,2196.6,9973,2196.6,46,0.0,0,0.0,0,0.0,0,0.0,0,2196.8,1,0.0,0,0.0,0,0.0,0,0.0,0
2012-11-16T09:21:20.500,2196.8,9974,2196.6,46,0.0,0,0.0,0,0.0,0,0.0,0,2197,27,0.0,0,0.0,0,0.0,0,0.0,0
2012-11-16T09:21:21.000,2196.8,9999,2196.6,29,0.0,0,0.0,0,0.0,0,0.0,0,2197,32,0.0,0,0.0,0,0.0,0,0.0,0
2012-11-16T09:21:21.500,2196.8,10000,2196.6,30,0.0,0,0.0,0,0.0,0,0.0,0,2196.8,6,0.0,0,0.0,0,0.0,0,0.0,0
2012-11-16T09:21:22.000,2196.8,10006,2196.6,31,0.0,0,0.0,0,0.0,0,0.0,0,2196.8,1,0.0,0,0.0,0,0.0,0,0.0,0
2012-11-16T09:21:22.500,2196.8,10008,2196.6,31,0.0,0,0.0,0,0.0,0,0.0,0,2196.8,10,0.0,0,0.0,0,0.0,0,0.0,0
2012-11-16T09:21:23.250,2196.8,10010,2196.6,31,0.0,0,0.0,0,0.0,0,0.0,0,2196.8,9,0.0,0,0.0,0,0.0,0,0.0,0
2012-11-16T09:21:24.000,2196.8,10043,2196.6,4,0.0,0,0.0,0,0.0,0,0.0,0,2196.8,26,0.0,0,0.0,0,0.0,0,0.0,0
2012-11-16T09:21:24.500,2196.6,10078,2196.4,26,0.0,0,0.0,0,0.0,0,0.0,0,2196.6,23,0.0,0,0.0,0,0.0,0,0.0,0
2012-11-16T09:21:25.000,2196.6,10093,2196.4,19,0.0,0,0.0,0,0.0,0,0.0,0,2196.6,1,0.0,0,0.0,0,0.0,0,0.0,0
2012-11-16T09:21:25.500,2196.6,10102,2196.4,14,0.0,0,0.0,0,0.0,0,0.0,0,2196.6,25,0.0,0,0.0,0,0.0,0,0.0,0
2012-11-16T09:21:26.000,2196.4,10121,2196.2,13,0.0,0,0.0,0,0.0,0,0.0,0,2196.4,13,0.0,0,0.0,0,0.0,0,0.0,0
2012-11-16T09:21:26.500,2196.2,10125,2196.2,10,0.0,0,0.0,0,0.0,0,0.0,0,2196.4,13,0.0,0,0.0,0,0.0,0,0.0,0
2012-11-16T09:21:27.000,2196.2,10128,2196.2,9,0.0,0,0.0,0,0.0,0,0.0,0,2196.4,12,0.0,0,0.0,0,0.0,0,0.0,0
2012-11-16T09:21:27.500,2196.2,10143,2196,114,0.0,0,0.0,0,0.0,0,0.0,0,2196.2,23,0.0,0,0.0,0,0.0,0,0.0,0
2012-11-16T09:21:28.000,2196.2,10148,2196,114,0.0,0,0.0,0,0.0,0,0.0,0,2196.2,22,0.0,0,0.0,0,0.0,0,0.0,0
2012-11-16T09:21:28.500,2196,10151,2196,112,0.0,0,0.0,0,0.0,0,0.0,0,2196.2,21,0.0,0,0.0,0,0.0,0,0.0,0
2012-11-16T09:21:29.000,2196.2,10180,2196.2,2,0.0,0,0.0,0,0.0,0,0.0,0,2196.4,21,0.0,0,0.0,0,0.0,0,0.0,0
2012-11-16T09:21:29.500,2196,10185,2196,111,0.0,0,0.0,0,0.0,0,0.0,0,2196.2,7,0.0,0,0.0,0,0.0,0,0.0,0
2012-11-16T09:21:30.000,2196,10190,2196,107,0.0,0,0.0,0,0.0,0,0.0,0,2196.2,8,0.0,0,0.0,0,0.0,0,0.0,0
2012-11-16T09:21:30.500,2196.2,10292,2196,7,0.0,0,0.0,0,0.0,0,0.0,0,2196.2,10,0.0,0,0.0,0,0.0,0,0.0,0
2012-11-16T09:21:31.000,2196,10304,2195.8,7,0.0,0,0.0,0,0.0,0,0.0,0,2196,20,0.0,0,0.0,0,0.0,0,0.0,0
2012-11-16T09:21:31.500,2195.8,10315,2195.6,28,0.0,0,0.0,0,0.0,0,0.0,0,2195.8,1,0.0,0,0.0,0,0.0,0,0.0,0
2012-11-16T09:21:32.000,2195.6,10325,2195.6,19,0.0,0,0.0,0,0.0,0,0.0,0,2195.8,3,0.0,0,0.0,0,0.0,0,0.0,0
2012-11-16T09:21:32.500,2195.6,10338,2195.6,33,0.0,0,0.0,0,0.0,0,0.0,0,2195.8,1,0.0,0,0.0,0,0.0,0,0.0,0
2012-11-16T09:21:33.000,2195.6,10354,2195.6,29,0.0,0,0.0,0,0.0,0,0.0,0,2196,14,0.0,0,0.0,0,0.0,0,0.0,0
2012-11-16T09:21:33.500,2195.6,10367,2195.8,2,0.0,0,0.0,0,0.0,0,0.0,0,2196,17,0.0,0,0.0,0,0.0,0,0.0,0
2012-11-16T09:21:34.000,2195.8,10452,2195.2,40,0.0,0,0.0,0,0.0,0,0.0,0,2196,18,0.0,0,0.0,0,0.0,0,0.0,0
2012-11-16T09:21:34.500,2196,10471,2195.4,21,0.0,0,0.0,0,0.0,0,0.0,0,2195.6,2,0.0,0,0.0,0,0.0,0,0.0,0
2012-11-16T09:21:35.000,2195.4,10480,2195.4,17,0.0,0,0.0,0,0.0,0,0.0,0,2195.6,12,0.0,0,0.0,0,0.0,0,0.0,0
2012-11-16T09:21:35.500,2195.6,10484,2195.4,17,0.0,0,0.0,0,0.0,0,0.0,0,2195.6,15,0.0,0,0.0,0,0.0,0,0.0,0
2012-11-16T09:21:36.000,2195.4,10496,2195.4,9,0.0,0,0.0,0,0.0,0,0.0,0,2195.6,6,0.0,0,0.0,0,0.0,0,0.0,0
2012-11-16T09:21:36.500,2195.4,10502,2195.4,6,0.0,0,0.0,0,0.0,0,0.0,0,2195.6,9,0.0,0,0.0,0,0.0,0,0.0,0
2012-11-16T09:21:37.000,2195.4,10528,2195.2,92,0.0,0,0.0,0,0.0,0,0.0,0,2195.4,3,0.0,0,0.0,0,0.0,0,0.0,0
2012-11-16T09:21:37.500,2195.8,10537,2195.4,9,0.0,0,0.0,0,0.0,0,0.0,0,2195.8,2,0.0,0,0.0,0,0.0,0,0.0,0
2012-11-16T09:21:38.000,2195.4,10579,2195.2,80,0.0,0,0.0,0,0.0,0,0.0,0,2196,11,0.0,0,0.0,0,0.0,0,0.0,0
2012-11-16T09:21:38.500,2195.8,10625,2195.8,26,0.0,0,0.0,0,0.0,0,0.0,0,2196,23,0.0,0,0.0,0,0.0,0,0.0,0
2012-11-16T09:21:39.000,2195.8,10644,2195.8,15,0.0,0,0.0,0,0.0,0,0.0,0,2196,11,0.0,0,0.0,0,0.0,0,0.0,0
2012-11-16T09:21:39.500,2195.8,10657,2195.8,2,0.0,0,0.0,0,0.0,0,0.0,0,2196,11,0.0,0,0.0,0,0.0,0,0.0,0
2012-11-16T09:21:40.000,2195.6,10664,2195.4,42,0.0,0,0.0,0,0.0,0,0.0,0,2195.8,2,0.0,0,0.0,0,0.0,0,0.0,0
2012-11-16T09:21:40.500,2195.4,10665,2195.4,43,0.0,0,0.0,0,0.0,0,0.0,0,2195.8,3,0.0,0,0.0,0,0.0,0,0.0,0
2012-11-16T09:21:41.000,2195.4,10668,2195.4,46,0.0,0,0.0,0,0.0,0,0.0,0,2195.8,1,0.0,0,0.0,0,0.0,0,0.0,0
2012-11-16T09:21:41.500,2195.8,10676,2195.8,2,0.0,0,0.0,0,0.0,0,0.0,0,2196,9,0.0,0,0.0,0,0.0,0,0.0,0
2012-11-16T09:21:42.000,2196,10693,2195.8,3,0.0,0,0.0,0,0.0,0,0.0,0,2196,18,0.0,0,0.0,0,0.0,0,0.0,0
2012-11-16T09:21:42.500,2195.8,10698,2195.6,4,0.0,0,0.0,0,0.0,0,0.0,0,2195.8,1,0.0,0,0.0,0,0.0,0,0.0,0
2012-11-16T09:21:43.000,2195.6,10701,2195.6,24,0.0,0,0.0,0,0.0,0,0.0,0,2195.8,28,0.0,0,0.0,0,0.0,0,0.0,0
2012-11-16T09:21:43.500,2195.8,10704,2195.6,29,0.0,0,0.0,0,0.0,0,0.0,0,2195.8,25,0.0,0,0.0,0,0.0,0,0.0,0
2012-11-16T09:21:44.000,2195.6,10708,2195.6,38,0.0,0,0.0,0,0.0,0,0.0,0,2195.8,25,0.0,0,0.0,0,0.0,0,0.0,0
2012-11-16T09:21:44.500,2195.8,10738,2195.6,35,0.0,0,0.0,0,0.0,0,0.0,0,2195.8,1,0.0,0,0.0,0,0.0,0,0.0,0
2012-11-16T09:21:45.000,2195.6,10753,2195.6,35,0.0,0,0.0,0,0.0,0,0.0,0,2195.8,2,0.0,0,0.0,0,0.0,0,0.0,0
2012-11-16T09:21:45.500,2196,10767,2195.8,1,0.0,0,0.0,0,0.0,0,0.0,0,2196,29,0.0,0,0.0,0,0.0,0,0.0,0
2012-11-16T09:21:46.000,2196,10776,2195.8,3,0.0,0,0.0,0,0.0,0,0.0,0,2196,27,0.0,0,0.0,0,0.0,0,0.0,0
2012-11-16T09:21:46.500,2195.8,10778,2195.8,6,0.0,0,0.0,0,0.0,0,0.0,0,2196,32,0.0,0,0.0,0,0.0,0,0.0,0
2012-11-16T09:21:47.250,2195.8,10791,2195.8,24,0.0,0,0.0,0,0.0,0,0.0,0,2196,23,0.0,0,0.0,0,0.0,0,0.0,0
2012-11-16T09:21:48.250,2196,10794,2195.8,26,0.0,0,0.0,0,0.0,0,0.0,0,2196,23,0.0,0,0.0,0,0.0,0,0.0,0
2012-11-16T09:21:49.000,2196,10805,2195.8,35,0.0,0,0.0,0,0.0,0,0.0,0,2196,15,0.0,0,0.0,0,0.0,0,0.0,0
2012-11-16T09:21:49.500,2195.8,10827,2195.8,25,0.0,0,0.0,0,0.0,0,0.0,0,2196,11,0.0,0,0.0,0,0.0,0,0.0,0
2012-11-16T09:21:50.000,2195.8,10846,2195.8,15,0.0,0,0.0,0,0.0,0,0.0,0,2196,4,0.0,0,0.0,0,0.0,0,0.0,0
2012-11-16T09:21:50.500,2196,10850,2196,8,0.0,0,0.0,0,0.0,0,0.0,0,2196.2,19,0.0,0,0.0,0,0.0,0,0.0,0
2012-11-16T09:21:51.250,2195.8,10859,2196,15,0.0,0,0.0,0,0.0,0,0.0,0,2196.2,19,0.0,0,0.0,0,0.0,0,0.0,0
2012-11-16T09:21:52.000,2196,10870,2196,25,0.0,0,0.0,0,0.0,0,0.0,0,2196.2,10,0.0,0,0.0,0,0.0,0,0.0,0
2012-11-16T09:21:52.500,2196.2,10872,2196,26,0.0,0,0.0,0,0.0,0,0.0,0,2196.2,9,0.0,0,0.0,0,0.0,0,0.0,0
2012-11-16T09:21:53.000,2196,10878,2196,24,0.0,0,0.0,0,0.0,0,0.0,0,2196.2,6,0.0,0,0.0,0,0.0,0,0.0,0
2012-11-16T09:21:53.500,2196.2,10883,2196,34,0.0,0,0.0,0,0.0,0,0.0,0,2196.2,1,0.0,0,0.0,0,0.0,0,0.0,0
2012-11-16T09:21:54.000,2196,10886,2196,32,0.0,0,0.0,0,0.0,0,0.0,0,2196.4,17,0.0,0,0.0,0,0.0,0,0.0,0
2012-11-16T09:21:54.500,2196,10890,2196.2,1,0.0,0,0.0,0,0.0,0,0.0,0,2196.4,17,0.0,0,0.0,0,0.0,0,0.0,0
2012-11-16T09:21:55.000,2196,10898,2196.2,4,0.0,0,0.0,0,0.0,0,0.0,0,2196.4,20,0.0,0,0.0,0,0.0,0,0.0,0
2012-11-16T09:21:55.500,2196.4,10899,2196.2,6,0.0,0,0.0,0,0.0,0,0.0,0,2196.4,19,0.0,0,0.0,0,0.0,0,0.0,0
2012-11-16T09:21:56.000,2196.2,10901,2196.2,4,0.0,0,0.0,0,0.0,0,0.0,0,2196.4,19,0.0,0,0.0,0,0.0,0,0.0,0
2012-11-16T09:21:56.500,2196.4,10902,2196.2,5,0.0,0,0.0,0,0.0,0,0.0,0,2196.4,18,0.0,0,0.0,0,0.0,0,0.0,0
2012-11-16T09:21:57.000,2196.4,10916,2196.2,6,0.0,0,0.0,0,0.0,0,0.0,0,2196.4,5,0.0,0,0.0,0,0.0,0,0.0,0
2012-11-16T09:21:57.500,2196.4,10920,2196.2,11,0.0,0,0.0,0,0.0,0,0.0,0,2196.4,20,0.0,0,0.0,0,0.0,0,0.0,0
2012-11-16T09:21:58.000,2196.2,10924,2196.2,8,0.0,0,0.0,0,0.0,0,0.0,0,2196.4,29,0.0,0,0.0,0,0.0,0,0.0,0
2012-11-16T09:21:58.500,2196.2,10926,2196.2,5,0.0,0,0.0,0,0.0,0,0.0,0,2196.4,29,0.0,0,0.0,0,0.0,0,0.0,0
2012-11-16T09:21:59.000,2196.2,10931,2196.2,4,0.0,0,0.0,0,0.0,0,0.0,0,2196.4,31,0.0,0,0.0,0,0.0,0,0.0,0
2012-11-16T09:21:59.500,2196.4,10938,2196.2,1,0.0,0,0.0,0,0.0,0,0.0,0,2196.4,30,0.0,0,0.0,0,0.0,0,0.0,0
2012-11-16T09:22:00.000,2196.4,10953,2196.2,1,0.0,0,0.0,0,0.0,0,0.0,0,2196.4,17,0.0,0,0.0,0,0.0,0,0.0,0
2012-11-16T09:22:00.500,2196.2,10954,2196.2,1,0.0,0,0.0,0,0.0,0,0.0,0,2196.4,17,0.0,0,0.0,0,0.0,0,0.0,0
2012-11-16T09:22:01.000,2196.4,10963,2196,20,0.0,0,0.0,0,0.0,0,0.0,0,2196.4,26,0.0,0,0.0,0,0.0,0,0.0,0
2012-11-16T09:22:01.500,2196.4,10974,2196,21,0.0,0,0.0,0,0.0,0,0.0,0,2196.4,15,0.0,0,0.0,0,0.0,0,0.0,0
2012-11-16T09:22:02.000,2196.6,11003,2196.4,2,0.0,0,0.0,0,0.0,0,0.0,0,2196.6,17,0.0,0,0.0,0,0.0,0,0.0,0
2012-11-16T09:22:02.500,2196.4,11016,2196.4,18,0.0,0,0.0,0,0.0,0,0.0,0,2196.6,6,0.0,0,0.0,0,0.0,0,0.0,0
2012-11-16T09:22:03.000,2196.8,11028,2196.6,5,0.0,0,0.0,0,0.0,0,0.0,0,2196.8,47,0.0,0,0.0,0,0.0,0,0.0,0
2012-11-16T09:22:03.500,2196.8,11039,2196.6,5,0.0,0,0.0,0,0.0,0,0.0,0,2196.8,39,0.0,0,0.0,0,0.0,0,0.0,0
2012-11-16T09:22:04.000,2196.8,11043,2196.6,5,0.0,0,0.0,0,0.0,0,0.0,0,2196.8,35,0.0,0,0.0,0,0.0,0,0.0,0
2012-11-16T09:22:04.500,2196.6,11056,2196.6,5,0.0,0,0.0,0,0.0,0,0.0,0,2196.8,27,0.0,0,0.0,0,0.0,0,0.0,0
2012-11-16T09:22:05.000,2196.6,11058,2196.6,2,0.0,0,0.0,0,0.0,0,0.0,0,2196.8,29,0.0,0,0.0,0,0.0,0,0.0,0
2012-11-16T09:22:05.500,2196.8,11066,2196.4,22,0.0,0,0.0,0,0.0,0,0.0,0,2196.8,27,0.0,0,0.0,0,0.0,0,0.0,0
2012-11-16T09:22:06.000,2196.8,11083,2196.4,8,0.0,0,0.0,0,0.0,0,0.0,0,2196.8,27,0.0,0,0.0,0,0.0,0,0.0,0
2012-11-16T09:22:06.500,2196.8,11097,2196.4,1,0.0,0,0.0,0,0.0,0,0.0,0,2196.6,2,0.0,0,0.0,0,0.0,0,0.0,0
2012-11-16T09:22:07.000,2196.8,11101,2196.4,3,0.0,0,0.0,0,0.0,0,0.0,0,2196.6,7,0.0,0,0.0,0,0.0,0,0.0,0
2012-11-16T09:22:07.500,2196.6,11103,2196.4,3,0.0,0,0.0,0,0.0,0,0.0,0,2196.6,6,0.0,0,0.0,0,0.0,0,0.0,0
2012-11-16T09:22:08.000,2196.4,11108,2196.2,13,0.0,0,0.0,0,0.0,0,0.0,0,2196.6,4,0.0,0,0.0,0,0.0,0,0.0,0
2012-11-16T09:22:08.500,2196.6,11112,2196.6,1,0.0,0,0.0,0,0.0,0,0.0,0,2196.8,22,0.0,0,0.0,0,0.0,0,0.0,0
2012-11-16T09:22:09.000,2196.6,11113,2196.6,10,0.0,0,0.0,0,0.0,0,0.0,0,2196.8,26,0.0,0,0.0,0,0.0,0,0.0,0
2012-11-16T09:22:09.500,2196.6,11131,2196.4,1,0.0,0,0.0,0,0.0,0,0.0,0,2196.6,4,0.0,0,0.0,0,0.0,0,0.0,0
2012-11-16T09:22:10.000,2196.4,11136,2196.4,3,0.0,0,0.0,0,0.0,0,0.0,0,2196.6,3,0.0,0,0.0,0,0.0,0,0.0,0
2012-11-16T09:22:10.500,2196.6,11137,2196.4,4,0.0,0,0.0,0,0.0,0,0.0,0,2196.6,4,0.0,0,0.0,0,0.0,0,0.0,0
2012-11-16T09:22:11.000,2196.6,11142,2196.4,4,0.0,0,0.0,0,0.0,0,0.0,0,2196.6,4,0.0,0,0.0,0,0.0,0,0.0,0
2012-11-16T09:22:11.500,2196.6,11152,2196.4,6,0.0,0,0.0,0,0.0,0,0.0,0,2196.8,24,0.0,0,0.0,0,0.0,0,0.0,0
2012-11-16T09:22:12.000,2196.4,11159,2196.2,18,0.0,0,0.0,0,0.0,0,0.0,0,2196.4,12,0.0,0,0.0,0,0.0,0,0.0,0
2012-11-16T09:22:12.500,2196.4,11164,2196.2,18,0.0,0,0.0,0,0.0,0,0.0,0,2196.4,7,0.0,0,0.0,0,0.0,0,0.0,0
2012-11-16T09:22:13.000,2196.4,11165,2196.2,15,0.0,0,0.0,0,0.0,0,0.0,0,2196.4,9,0.0,0,0.0,0,0.0,0,0.0,0
2012-11-16T09:22:13.500,2196.4,11168,2196.2,15,0.0,0,0.0,0,0.0,0,0.0,0,2196.4,8,0.0,0,0.0,0,0.0,0,0.0,0
2012-11-16T09:22:14.250,2196.4,11170,2196.2,15,0.0,0,0.0,0,0.0,0,0.0,0,2196.4,9,0.0,0,0.0,0,0.0,0,0.0,0
2012-11-16T09:22:15.250,2196.4,11178,2196.2,19,0.0,0,0.0,0,0.0,0,0.0,0,2196.4,7,0.0,0,0.0,0,0.0,0,0.0,0
2012-11-16T09:22:16.000,2196.4,11179,2196.2,19,0.0,0,0.0,0,0.0,0,0.0,0,2196.4,6,0.0,0,0.0,0,0.0,0,0.0,0
2012-11-16T09:22:16.500,2196.2,11180,2196.2,18,0.0,0,0.0,0,0.0,0,0.0,0,2196.4,6,0.0,0,0.0,0,0.0,0,0.0,0
2012-11-16T09:22:17.250,2196.4,11186,2196.2,20,0.0,0,0.0,0,0.0,0,0.0,0,2196.6,7,0.0,0,0.0,0,0.0,0,0.0,0
2012-11-16T09:22:18.250,2196.6,11190,2196.4,2,0.0,0,0.0,0,0.0,0,0.0,0,2196.6,8,0.0,0,0.0,0,0.0,0,0.0,0
2012-11-16T09:22:19.000,2196.2,11202,2196.2,15,0.0,0,0.0,0,0.0,0,0.0,0,2196.6,10,0.0,0,0.0,0,0.0,0,0.0,0
2012-11-16T09:22:19.500,2196.2,11209,2196.2,11,0.0,0,0.0,0,0.0,0,0.0,0,2196.6,11,0.0,0,0.0,0,0.0,0,0.0,0
2012-11-16T09:22:20.250,2196.2,11211,2196.2,10,0.0,0,0.0,0,0.0,0,0.0,0,2196.6,12,0.0,0,0.0,0,0.0,0,0.0,0
2012-11-16T09:22:21.000,2196.6,11212,2196.2,11,0.0,0,0.0,0,0.0,0,0.0,0,2196.6,13,0.0,0,0.0,0,0.0,0,0.0,0
2012-11-16T09:22:21.500,2196.2,11225,2196,31,0.0,0,0.0,0,0.0,0,0.0,0,2196.2,9,0.0,0,0.0,0,0.0,0,0.0,0
2012-11-16T09:22:22.000,2196.2,11233,2196,31,0.0,0,0.0,0,0.0,0,0.0,0,2196.2,2,0.0,0,0.0,0,0.0,0,0.0,0
2012-11-16T09:22:22.500,2196.2,11234,2196,29,0.0,0,0.0,0,0.0,0,0.0,0,2196.2,1,0.0,0,0.0,0,0.0,0,0.0,0
2012-11-16T09:22:23.000,2196,11235,2196,28,0.0,0,0.0,0,0.0,0,0.0,0,2196.2,1,0.0,0,0.0,0,0.0,0,0.0,0
2012-11-16T09:22:23.500,2196,11240,2196,23,0.0,0,0.0,0,0.0,0,0.0,0,2196.2,6,0.0,0,0.0,0,0.0,0,0.0,0
2012-11-16T09:22:24.000,2196,11243,2196,22,0.0,0,0.0,0,0.0,0,0.0,0,2196.2,7,0.0,0,0.0,0,0.0,0,0.0,0
2012-11-16T09:22:24.500,2196,11247,2196,18,0.0,0,0.0,0,0.0,0,0.0,0,2196.2,12,0.0,0,0.0,0,0.0,0,0.0,0
2012-11-16T09:22:25.000,2196,11268,2195.8,8,0.0,0,0.0,0,0.0,0,0.0,0,2196.2,9,0.0,0,0.0,0,0.0,0,0.0,0
2012-11-16T09:22:25.500,2195.8,11270,2195.8,6,0.0,0,0.0,0,0.0,0,0.0,0,2196,14,0.0,0,0.0,0,0.0,0,0.0,0
2012-11-16T09:22:26.250,2195.8,11278,2195.6,62,0.0,0,0.0,0,0.0,0,0.0,0,2196,17,0.0,0,0.0,0,0.0,0,0.0,0
2012-11-16T09:22:27.000,2195.6,11281,2195.6,59,0.0,0,0.0,0,0.0,0,0.0,0,2195.8,1,0.0,0,0.0,0,0.0,0,0.0,0
2012-11-16T09:22:27.500,2196,11305,2195.6,37,0.0,0,0.0,0,0.0,0,0.0,0,2196,14,0.0,0,0.0,0,0.0,0,0.0,0
2012-11-16T09:22:28.000,2195.6,11308,2195.6,35,0.0,0,0.0,0,0.0,0,0.0,0,2196,14,0.0,0,0.0,0,0.0,0,0.0,0
2012-11-16T09:22:28.500,2195.6,11309,2195.8,1,0.0,0,0.0,0,0.0,0,0.0,0,2196,12,0.0,0,0.0,0,0.0,0,0.0,0
2012-11-16T09:22:29.000,2195.6,11311,2195.6,32,0.0,0,0.0,0,0.0,0,0.0,0,2195.8,1,0.0,0,0.0,0,0.0,0,0.0,0
2012-11-16T09:22:29.500,2195.8,11312,2195.6,32,0.0,0,0.0,0,0.0,0,0.0,0,2195.8,1,0.0,0,0.0,0,0.0,0,0.0,0
2012-11-16T09:22:30.000,2195.6,11323,2195.6,21,0.0,0,0.0,0,0.0,0,0.0,0,2195.8,8,0.0,0,0.0,0,0.0,0,0.0,0
2012-11-16T09:22:30.500,2195.8,11330,2195.6,16,0.0,0,0.0,0,0.0,0,0.0,0,2195.8,23,0.0,0,0.0,0,0.0,0,0.0,0
2012-11-16T09:22:31.000,2195.8,11339,2195.6,10,0.0,0,0.0,0,0.0,0,0.0,0,2195.8,26,0.0,0,0.0,0,0.0,0,0.0,0
2012-11-16T09:22:31.500,2195.6,11361,2195.4,24,0.0,0,0.0,0,0.0,0,0.0,0,2195.6,11,0.0,0,0.0,0,0.0,0,0.0,0
2012-11-16T09:22:32.000,2195.6,11366,2195.4,23,0.0,0,0.0,0,0.0,0,0.0,0,2195.6,15,0.0,0,0.0,0,0.0,0,0.0,0
2012-11-16T09:22:32.500,2195.6,11385,2195.4,5,0.0,0,0.0,0,0.0,0,0.0,0,2195.6,49,0.0,0,0.0,0,0.0,0,0.0,0
2012-11-16T09:22:33.000,2195.6,11399,2195.2,109,0.0,0,0.0,0,0.0,0,0.0,0,2195.4,1,0.0,0,0.0,0,0.0,0,0.0,0
2012-11-16T09:22:33.500,2195.4,11428,2195.4,4,0.0,0,0.0,0,0.0,0,0.0,0,2195.6,43,0.0,0,0.0,0,0.0,0,0.0,0
2012-11-16T09:22:34.000,2195.4,11439,2195.2,84,0.0,0,0.0,0,0.0,0,0.0,0,2195.6,40,0.0,0,0.0,0,0.0,0,0.0,0
2012-11-16T09:22:34.500,2195.6,11463,2195.2,65,0.0,0,0.0,0,0.0,0,0.0,0,2195.6,33,0.0,0,0.0,0,0.0,0,0.0,0
2012-11-16T09:22:35.000,2195.2,11486,2195.4,18,0.0,0,0.0,0,0.0,0,0.0,0,2195.6,33,0.0,0,0.0,0,0.0,0,0.0,0
2012-11-16T09:22:35.500,2195.4,11508,2195.4,2,0.0,0,0.0,0,0.0,0,0.0,0,2195.6,28,0.0,0,0.0,0,0.0,0,0.0,0
2012-11-16T09:22:36.000,2195.4,11519,2195.4,12,0.0,0,0.0,0,0.0,0,0.0,0,2195.6,27,0.0,0,0.0,0,0.0,0,0.0,0
2012-11-16T09:22:36.500,2195.4,11526,2195.4,14,0.0,0,0.0,0,0.0,0,0.0,0,2195.6,22,0.0,0,0.0,0,0.0,0,0.0,0
2012-11-16T09:22:37.000,2195.4,11536,2195.4,10,0.0,0,0.0,0,0.0,0,0.0,0,2195.6,22,0.0,0,0.0,0,0.0,0,0.0,0
2012-11-16T09:22:37.500,2195.4,11537,2195.4,11,0.0,0,0.0,0,0.0,0,0.0,0,2195.6,23,0.0,0,0.0,0,0.0,0,0.0,0
2012-11-16T09:22:38.250,2195.6,11542,2195.4,9,0.0,0,0.0,0,0.0,0,0.0,0,2195.6,24,0.0,0,0.0,0,0.0,0,0.0,0
2012-11-16T09:22:39.000,2195.4,11549,2195.4,6,0.0,0,0.0,0,0.0,0,0.0,0,2195.6,20,0.0,0,0.0,0,0.0,0,0.0,0
2012-11-16T09:22:39.500,2195.4,11556,2195.2,99,0.0,0,0.0,0,0.0,0,0.0,0,2195.4,3,0.0,0,0.0,0,0.0,0,0.0,0
2012-11-16T09:22:40.000,2195.6,11573,2195.2,96,0.0,0,0.0,0,0.0,0,0.0,0,2195.6,16,0.0,0,0.0,0,0.0,0,0.0,0
2012-11-16T09:22:40.500,2195.6,11585,2195.4,9,0.0,0,0.0,0,0.0,0,0.0,0,2195.6,7,0.0,0,0.0,0,0.0,0,0.0,0
2012-11-16T09:22:41.000,2195.6,11586,2195.4,31,0.0,0,0.0,0,0.0,0,0.0,0,2195.6,6,0.0,0,0.0,0,0.0,0,0.0,0
2012-11-16T09:22:41.500,2195.6,11593,2195.4,62,0.0,0,0.0,0,0.0,0,0.0,0,2195.6,5,0.0,0,0.0,0,0.0,0,0.0,0
2012-11-16T09:22:42.000,2195.8,11601,2195.6,8,0.0,0,0.0,0,0.0,0,0.0,0,2195.8,15,0.0,0,0.0,0,0.0,0,0.0,0
2012-11-16T09:22:42.500,2195.6,11618,2195.6,25,0.0,0,0.0,0,0.0,0,0.0,0,2195.8,9,0.0,0,0.0,0,0.0,0,0.0,0
2012-11-16T09:22:43.000,2195.6,11620,2195.6,39,0.0,0,0.0,0,0.0,0,0.0,0,2195.8,7,0.0,0,0.0,0,0.0,0,0.0,0
2012-11-16T09:22:43.500,2195.6,11624,2195.6,40,0.0,0,0.0,0,0.0,0,0.0,0,2195.8,6,0.0,0,0.0,0,0.0,0,0.0,0
2012-11-16T09:22:44.000,2195.8,11626,2195.6,34,0.0,0,0.0,0,0.0,0,0.0,0,2195.8,4,0.0,0,0.0,0,0.0,0,0.0,0
2012-11-16T09:22:44.500,2195.8,11637,2195.8,29,0.0,0,0.0,0,0.0,0,0.0,0,2196,67,0.0,0,0.0,0,0.0,0,0.0,0
2012-11-16T09:22:45.250,2196,11659,2195.8,27,0.0,0,0.0,0,0.0,0,0.0,0,2196,49,0.0,0,0.0,0,0.0,0,0.0,0
2012-11-16T09:22:46.000,2195.8,11662,2195.8,25,0.0,0,0.0,0,0.0,0,0.0,0,2196,49,0.0,0,0.0,0,0.0,0,0.0,0
2012-11-16T09:22:46.500,2196,11675,2195.8,24,0.0,0,0.0,0,0.0,0,0.0,0,2196,38,0.0,0,0.0,0,0.0,0,0.0,0
2012-11-16T09:22:47.000,2196,11677,2195.8,24,0.0,0,0.0,0,0.0,0,0.0,0,2196,37,0.0,0,0.0,0,0.0,0,0.0,0
2012-11-16T09:22:47.500,2196,11678,2195.8,24,0.0,0,0.0,0,0.0,0,0.0,0,2196,38,0.0,0,0.0,0,0.0,0,0.0,0
2012-11-16T09:22:48.000,2196,11680,2195.8,23,0.0,0,0.0,0,0.0,0,0.0,0,2196,37,0.0,0,0.0,0,0.0,0,0.0,0
2012-11-16T09:22:48.500,2196,11684,2195.8,24,0.0,0,0.0,0,0.0,0,0.0,0,2196,35,0.0,0,0.0,0,0.0,0,0.0,0
2012-11-16T09:22:49.000,2196,11695,2195.8,24,0.0,0,0.0,0,0.0,0,0.0,0,2196,25,0.0,0,0.0,0,0.0,0,0.0,0
2012-11-16T09:22:49.500,2196,11696,2195.8,24,0.0,0,0.0,0,0.0,0,0.0,0,2196,24,0.0,0,0.0,0,0.0,0,0.0,0
2012-11-16T09:22:50.000,2195.8,11700,2195.8,18,0.0,0,0.0,0,0.0,0,0.0,0,2196,22,0.0,0,0.0,0,0.0,0,0.0,0
2012-11-16T09:22:50.500,2195.8,11706,2195.8,16,0.0,0,0.0,0,0.0,0,0.0,0,2196,20,0.0,0,0.0,0,0.0,0,0.0,0
2012-11-16T09:22:51.000,2195.8,11709,2195.8,15,0.0,0,0.0,0,0.0,0,0.0,0,2196,18,0.0,0,0.0,0,0.0,0,0.0,0
2012-11-16T09:22:51.500,2196,11713,2195.8,13,0.0,0,0.0,0,0.0,0,0.0,0,2196,16,0.0,0,0.0,0,0.0,0,0.0,0
2012-11-16T09:22:52.250,2195.8,11716,2195.8,12,0.0,0,0.0,0,0.0,0,0.0,0,2196,15,0.0,0,0.0,0,0.0,0,0.0,0
2012-11-16T09:22:53.000,2195.8,11728,2195.6,35,0.0,0,0.0,0,0.0,0,0.0,0,2196,65,0.0,0,0.0,0,0.0,0,0.0,0
2012-11-16T09:22:53.500,2196,11729,2195.6,37,0.0,0,0.0,0,0.0,0,0.0,0,2195.8,1,0.0,0,0.0,0,0.0,0,0.0,0
2012-11-16T09:22:54.000,2195.8,11730,2195.6,44,0.0,0,0.0,0,0.0,0,0.0,0,2195.8,2,0.0,0,0.0,0,0.0,0,0.0,0
2012-11-16T09:22:54.500,2195.8,11731,2195.6,44,0.0,0,0.0,0,0.0,0,0.0,0,2195.8,6,0.0,0,0.0,0,0.0,0,0.0,0
2012-11-16T09:22:55.000,2195.6,11732,2195.6,44,0.0,0,0.0,0,0.0,0,0.0,0,2195.8,6,0.0,0,0.0,0,0.0,0,0.0,0
2012-11-16T09:22:55.500,2195.8,11739,2195.8,7,0.0,0,0.0,0,0.0,0,0.0,0,2196,66,0.0,0,0.0,0,0.0,0,0.0,0
2012-11-16T09:22:56.000,2195.8,11740,2195.8,8,0.0,0,0.0,0,0.0,0,0.0,0,2196,68,0.0,0,0.0,0,0.0,0,0.0,0
2012-11-16T09:22:56.500,2196,11742,2195.8,8,0.0,0,0.0,0,0.0,0,0.0,0,2196,67,0.0,0,0.0,0,0.0,0,0.0,0
2012-11-16T09:22:57.250,2195.8,11743,2195.8,10,0.0,0,0.0,0,0.0,0,0.0,0,2196,68,0.0,0,0.0,0,0.0,0,0.0,0
2012-11-16T09:22:58.250,2195.8,11753,2195.6,44,0.0,0,0.0,0,0.0,0,0.0,0,2196,70,0.0,0,0.0,0,0.0,0,0.0,0
2012-11-16T09:22:59.250,2196,11754,2195.6,61,0.0,0,0.0,0,0.0,0,0.0,0,2196,72,0.0,0,0.0,0,0.0,0,0.0,0
2012-11-16T09:23:00.250,2196,11756,2195.6,59,0.0,0,0.0,0,0.0,0,0.0,0,2196,71,0.0,0,0.0,0,0.0,0,0.0,0
2012-11-16T09:23:01.000,2196,11767,2195.6,66,0.0,0,0.0,0,0.0,0,0.0,0,2196,65,0.0,0,0.0,0,0.0,0,0.0,0
2012-11-16T09:23:01.500,2196,11769,2195.6,66,0.0,0,0.0,0,0.0,0,0.0,0,2196,66,0.0,0,0.0,0,0.0,0,0.0,0
2012-11-16T09:23:02.000,2196,11790,2195.8,1,0.0,0,0.0,0,0.0,0,0.0,0,2196,52,0.0,0,0.0,0,0.0,0,0.0,0
2012-11-16T09:23:02.500,2195.8,11792,2195.8,1,0.0,0,0.0,0,0.0,0,0.0,0,2196,52,0.0,0,0.0,0,0.0,0,0.0,0
2012-11-16T09:23:03.000,2195.6,11795,2195.8,3,0.0,0,0.0,0,0.0,0,0.0,0,2196,51,0.0,0,0.0,0,0.0,0,0.0,0
2012-11-16T09:23:03.500,2196,11796,2195.8,3,0.0,0,0.0,0,0.0,0,0.0,0,2196,50,0.0,0,0.0,0,0.0,0,0.0,0
2012-11-16T09:23:04.000,2195.8,11799,2195.8,8,0.0,0,0.0,0,0.0,0,0.0,0,2196,50,0.0,0,0.0,0,0.0,0,0.0,0
2012-11-16T09:23:04.500,2195.8,11801,2195.8,7,0.0,0,0.0,0,0.0,0,0.0,0,2196,50,0.0,0,0.0,0,0.0,0,0.0,0
2012-11-16T09:23:05.000,2195.8,11802,2195.8,12,0.0,0,0.0,0,0.0,0,0.0,0,2196,52,0.0,0,0.0,0,0.0,0,0.0,0
2012-11-16T09:23:05.500,2195.8,11803,2195.8,21,0.0,0,0.0,0,0.0,0,0.0,0,2196,52,0.0,0,0.0,0,0.0,0,0.0,0
2012-11-16T09:23:06.000,2196.2,11871,2196.2,6,0.0,0,0.0,0,0.0,0,0.0,0,2196.4,9,0.0,0,0.0,0,0.0,0,0.0,0
2012-11-16T09:23:06.500,2196.4,11886,2196.4,14,0.0,0,0.0,0,0.0,0,0.0,0,2196.6,24,0.0,0,0.0,0,0.0,0,0.0,0
2012-11-16T09:23:07.000,2196.6,11887,2196.2,2,0.0,0,0.0,0,0.0,0,0.0,0,2196.4,2,0.0,0,0.0,0,0.0,0,0.0,0
2012-11-16T09:23:07.500,2196.2,11898,2196,12,0.0,0,0.0,0,0.0,0,0.0,0,2196.4,11,0.0,0,0.0,0,0.0,0,0.0,0
2012-11-16T09:23:08.000,2196.2,11899,2196,29,0.0,0,0.0,0,0.0,0,0.0,0,2196.4,22,0.0,0,0.0,0,0.0,0,0.0,0
2012-11-16T09:23:08.500,2196.4,11904,2196,34,0.0,0,0.0,0,0.0,0,0.0,0,2196.4,21,0.0,0,0.0,0,0.0,0,0.0,0
2012-11-16T09:23:09.000,2196.4,11911,2196,32,0.0,0,0.0,0,0.0,0,0.0,0,2196.4,20,0.0,0,0.0,0,0.0,0,0.0,0
2012-11-16T09:23:09.500,2196.4,11921,2196,34,0.0,0,0.0,0,0.0,0,0.0,0,2196.4,18,0.0,0,0.0,0,0.0,0,0.0,0
2012-11-16T09:23:10.000,2196.4,11940,2196,31,0.0,0,0.0,0,0.0,0,0.0,0,2196.4,5,0.0,0,0.0,0,0.0,0,0.0,0
2012-11-16T09:23:10.500,2196.4,11942,2196.2,16,0.0,0,0.0,0,0.0,0,0.0,0,2196.4,3,0.0,0,0.0,0,0.0,0,0.0,0
2012-11-16T09:23:11.250,2196.4,11943,2196.2,19,0.0,0,0.0,0,0.0,0,0.0,0,2196.4,2,0.0,0,0.0,0,0.0,0,0.0,0
2012-11-16T09:23:12.000,2196.4,11949,2196.2,17,0.0,0,0.0,0,0.0,0,0.0,0,2196.4,1,0.0,0,0.0,0,0.0,0,0.0,0
2012-11-16T09:23:12.500,2196.4,11952,2196.4,1,0.0,0,0.0,0,0.0,0,0.0,0,2196.6,17,0.0,0,0.0,0,0.0,0,0.0,0
2012-11-16T09:23:13.250,2196.6,11957,2196.4,26,0.0,0,0.0,0,0.0,0,0.0,0,2196.6,14,0.0,0,0.0,0,0.0,0,0.0,0
2012-11-16T09:23:14.000,2196.6,11962,2196.4,22,0.0,0,0.0,0,0.0,0,0.0,0,2196.6,13,0.0,0,0.0,0,0.0,0,0.0,0
2012-11-16T09:23:14.500,2196.6,11969,2196.4,24,0.0,0,0.0,0,0.0,0,0.0,0,2196.6,6,0.0,0,0.0,0,0.0,0,0.0,0
2012-11-16T09:23:15.000,2196.8,11995,2196.6,3,0.0,0,0.0,0,0.0,0,0.0,0,2196.8,85,0.0,0,0.0,0,0.0,0,0.0,0
2012-11-16T09:23:15.500,2196.6,12014,2196.4,18,0.0,0,0.0,0,0.0,0,0.0,0,2196.6,4,0.0,0,0.0,0,0.0,0,0.0,0
2012-11-16T09:23:16.000,2196.6,12021,2196.6,18,0.0,0,0.0,0,0.0,0,0.0,0,2196.8,82,0.0,0,0.0,0,0.0,0,0.0,0
2012-11-16T09:23:16.500,2196.8,12024,2196.6,19,0.0,0,0.0,0,0.0,0,0.0,0,2196.8,81,0.0,0,0.0,0,0.0,0,0.0,0
2012-11-16T09:23:17.000,2196.8,12029,2196.6,25,0.0,0,0.0,0,0.0,0,0.0,0,2196.8,76,0.0,0,0.0,0,0.0,0,0.0,0
2012-11-16T09:23:17.500,2196.8,12105,2196.8,3,0.0,0,0.0,0,0.0,0,0.0,0,2197,137,0.0,0,0.0,0,0.0,0,0.0,0
2012-11-16T09:23:18.000,2196.8,12123,2196.6,29,0.0,0,0.0,0,0.0,0,0.0,0,2197,123,0.0,0,0.0,0,0.0,0,0.0,0
2012-11-16T09:23:18.500,2197,12129,2196.8,4,0.0,0,0.0,0,0.0,0,0.0,0,2197,121,0.0,0,0.0,0,0.0,0,0.0,0
2012-11-16T09:23:19.000,2197,12134,2196.8,6,0.0,0,0.0,0,0.0,0,0.0,0,2197,118,0.0,0,0.0,0,0.0,0,0.0,0
2012-11-16T09:23:19.500,2196.8,12150,2196.8,4,0.0,0,0.0,0,0.0,0,0.0,0,2197,105,0.0,0,0.0,0,0.0,0,0.0,0
2012-11-16T09:23:20.000,2197,12160,2196.6,32,0.0,0,0.0,0,0.0,0,0.0,0,2196.8,2,0.0,0,0.0,0,0.0,0,0.0,0
2012-11-16T09:23:20.500,2197,12164,2196.8,3,0.0,0,0.0,0,0.0,0,0.0,0,2197,99,0.0,0,0.0,0,0.0,0,0.0,0
2012-11-16T09:23:21.000,2196.6,12173,2196.6,44,0.0,0,0.0,0,0.0,0,0.0,0,2196.8,1,0.0,0,0.0,0,0.0,0,0.0,0
2012-11-16T09:23:21.500,2197,12178,2196.8,1,0.0,0,0.0,0,0.0,0,0.0,0,2197,91,0.0,0,0.0,0,0.0,0,0.0,0
2012-11-16T09:23:22.000,2197,12186,2196.8,4,0.0,0,0.0,0,0.0,0,0.0,0,2197,90,0.0,0,0.0,0,0.0,0,0.0,0
2012-11-16T09:23:22.500,2196.8,12196,2196.6,40,0.0,0,0.0,0,0.0,0,0.0,0,2196.8,2,0.0,0,0.0,0,0.0,0,0.0,0
2012-11-16T09:23:23.000,2196.8,12202,2196.8,6,0.0,0,0.0,0,0.0,0,0.0,0,2197,81,0.0,0,0.0,0,0.0,0,0.0,0
2012-11-16T09:23:23.500,2197,12212,2196.6,69,0.0,0,0.0,0,0.0,0,0.0,0,2196.8,3,0.0,0,0.0,0,0.0,0,0.0,0
2012-11-16T09:23:24.000,2196.6,12216,2196.6,67,0.0,0,0.0,0,0.0,0,0.0,0,2196.8,2,0.0,0,0.0,0,0.0,0,0.0,0
2012-11-16T09:23:24.500,2196.8,12220,2196.6,66,0.0,0,0.0,0,0.0,0,0.0,0,2196.8,1,0.0,0,0.0,0,0.0,0,0.0,0
2012-11-16T09:23:25.000,2196.6,12228,2196.6,60,0.0,0,0.0,0,0.0,0,0.0,0,2197,81,0.0,0,0.0,0,0.0,0,0.0,0
2012-11-16T09:23:25.500,2197,12230,2196.8,9,0.0,0,0.0,0,0.0,0,0.0,0,2197,79,0.0,0,0.0,0,0.0,0,0.0,0
2012-11-16T09:23:26.000,2196.8,12233,2196.8,7,0.0,0,0.0,0,0.0,0,0.0,0,2197,78,0.0,0,0.0,0,0.0,0,0.0,0
2012-11-16T09:23:26.500,2197,12244,2196.6,59,0.0,0,0.0,0,0.0,0,0.0,0,2196.8,1,0.0,0,0.0,0,0.0,0,0.0,0
2012-11-16T09:23:27.000,2196.8,12279,2196.8,4,0.0,0,0.0,0,0.0,0,0.0,0,2197,53,0.0,0,0.0,0,0.0,0,0.0,0
2012-11-16T09:23:27.500,2196.8,12282,2196.8,5,0.0,0,0.0,0,0.0,0,0.0,0,2197,52,0.0,0,0.0,0,0.0,0,0.0,0
2012-11-16T09:23:28.000,2197,12293,2196.8,10,0.0,0,0.0,0,0.0,0,0.0,0,2197,48,0.0,0,0.0,0,0.0,0,0.0,0
2012-11-16T09:23:28.500,2197,12314,2196.8,11,0.0,0,0.0,0,0.0,0,0.0,0,2197,28,0.0,0,0.0,0,0.0,0,0.0,0
2012-11-16T09:23:29.000,2197,12321,2196.8,13,0.0,0,0.0,0,0.0,0,0.0,0,2197,22,0.0,0,0.0,0,0.0,0,0.0,0
2012-11-16T09:23:29.500,2197,12358,2197,6,0.0,0,0.0,0,0.0,0,0.0,0,2197.2,14,0.0,0,0.0,0,0.0,0,0.0,0
2012-11-16T09:23:30.000,2197,12362,2197,8,0.0,0,0.0,0,0.0,0,0.0,0,2197.2,20,0.0,0,0.0,0,0.0,0,0.0,0
2012-11-16T09:23:30.500,2197,12371,2197,3,0.0,0,0.0,0,0.0,0,0.0,0,2197.2,17,0.0,0,0.0,0,0.0,0,0.0,0
2012-11-16T09:23:31.000,2197.2,12382,2197,5,0.0,0,0.0,0,0.0,0,0.0,0,2197.2,12,0.0,0,0.0,0,0.0,0,0.0,0
2012-11-16T09:23:31.500,2197.2,12392,2197,5,0.0,0,0.0,0,0.0,0,0.0,0,2197.2,2,0.0,0,0.0,0,0.0,0,0.0,0
2012-11-16T09:23:32.000,2197.2,12399,2197.2,17,0.0,0,0.0,0,0.0,0,0.0,0,2197.4,35,0.0,0,0.0,0,0.0,0,0.0,0
2012-11-16T09:23:32.500,2197.4,12403,2197.2,25,0.0,0,0.0,0,0.0,0,0.0,0,2197.4,31,0.0,0,0.0,0,0.0,0,0.0,0
2012-11-16T09:23:33.000,2197.4,12412,2197.2,21,0.0,0,0.0,0,0.0,0,0.0,0,2197.4,29,0.0,0,0.0,0,0.0,0,0.0,0
2012-11-16T09:23:33.500,2197.2,12439,2197,7,0.0,0,0.0,0,0.0,0,0.0,0,2197.2,84,0.0,0,0.0,0,0.0,0,0.0,0
2012-11-16T09:23:34.000,2197.2,12449,2196.8,22,0.0,0,0.0,0,0.0,0,0.0,0,2197,44,0.0,0,0.0,0,0.0,0,0.0,0
2012-11-16T09:23:34.500,2197,12470,2196.8,15,0.0,0,0.0,0,0.0,0,0.0,0,2197,8,0.0,0,0.0,0,0.0,0,0.0,0
2012-11-16T09:23:35.000,2197,12472,2196.8,15,0.0,0,0.0,0,0.0,0,0.0,0,2197,27,0.0,0,0.0,0,0.0,0,0.0,0
2012-11-16T09:23:35.500,2196.8,12498,2196.8,16,0.0,0,0.0,0,0.0,0,0.0,0,2197,6,0.0,0,0.0,0,0.0,0,0.0,0
2012-11-16T09:23:36.000,2197,12506,2196.8,21,0.0,0,0.0,0,0.0,0,0.0,0,2197,6,0.0,0,0.0,0,0.0,0,0.0,0
2012-11-16T09:23:36.500,2197,12539,2196.6,48,0.0,0,0.0,0,0.0,0,0.0,0,2197,22,0.0,0,0.0,0,0.0,0,0.0,0
2012-11-16T09:23:37.000,2197,12542,2196.6,47,0.0,0,0.0,0,0.0,0,0.0,0,2197,30,0.0,0,0.0,0,0.0,0,0.0,0
2012-11-16T09:23:37.500,2196.8,12555,2196.6,35,0.0,0,0.0,0,0.0,0,0.0,0,2196.8,1,0.0,0,0.0,0,0.0,0,0.0,0
2012-11-16T09:23:38.250,2196.8,12558,2196.6,34,0.0,0,0.0,0,0.0,0,0.0,0,2197,32,0.0,0,0.0,0,0.0,0,0.0,0
2012-11-16T09:23:39.000,2196.6,12565,2196.6,31,0.0,0,0.0,0,0.0,0,0.0,0,2196.8,3,0.0,0,0.0,0,0.0,0,0.0,0
