date_time,last_px,total_volume,bid1_px,bid1_qty,bid2_px,bid2_qty,bid3_px,bid3_qty,bid4_px,bid4_qty,bid5_px,bid5_qty,ask1_px,ask1_qty,ask2_px,ask2_qty,ask3_px,ask3_qty,ask4_px,ask4_qty,ask5_px,ask5_qty
2012-11-19T09:14:00.250,2183.4,216,2183,9,0.0,0,0.0,0,0.0,0,0.0,0,2183.4,14,0.0,0,0.0,0,0.0,0,0.0,0
2012-11-19T09:15:00.250,2183.4,408,2183.4,40,0.0,0,0.0,0,0.0,0,0.0,0,2184,18,0.0,0,0.0,0,0.0,0,0.0,0
2012-11-19T09:15:01.000,2183.8,458,2183.8,2,0.0,0,0.0,0,0.0,0,0.0,0,2184.2,3,0.0,0,0.0,0,0.0,0,0.0,0
2012-11-19T09:15:01.500,2184,566,2183.6,1,0.0,0,0.0,0,0.0,0,0.0,0,2183.8,7,0.0,0,0.0,0,0.0,0,0.0,0
2012-11-19T09:15:02.000,2183.4,693,2183.2,15,0.0,0,0.0,0,0.0,0,0.0,0,2183.4,11,0.0,0,0.0,0,0.0,0,0.0,0
2012-11-19T09:15:02.500,2183,781,2182.4,10,0.0,0,0.0,0,0.0,0,0.0,0,2183,4,0.0,0,0.0,0,0.0,0,0.0,0
2012-11-19T09:15:03.000,2182.8,880,2182.4,34,0.0,0,0.0,0,0.0,0,0.0,0,2183,3,0.0,0,0.0,0,0.0,0,0.0,0
2012-11-19T09:15:03.500,2182.4,979,2182.4,22,0.0,0,0.0,0,0.0,0,0.0,0,2182.8,3,0.0,0,0.0,0,0.0,0,0.0,0
2012-11-19T09:15:04.000,2183,1041,2182.8,3,0.0,0,0.0,0,0.0,0,0.0,0,2183,15,0.0,0,0.0,0,0.0,0,0.0,0
2012-11-19T09:15:04.500,2183,1066,2182.6,22,0.0,0,0.0,0,0.0,0,0.0,0,2183,7,0.0,0,0.0,0,0.0,0,0.0,0
2012-11-19T09:15:05.000,2182.8,1131,2182.8,17,0.0,0,0.0,0,0.0,0,0.0,0,2183.2,8,0.0,0,0.0,0,0.0,0,0.0,0
2012-11-19T09:15:05.500,2182.8,1147,2182.8,19,0.0,0,0.0,0,0.0,0,0.0,0,2183.2,7,0.0,0,0.0,0,0.0,0,0.0,0
2012-11-19T09:15:06.000,2183,1203,2183,4,0.0,0,0.0,0,0.0,0,0.0,0,2183.2,6,0.0,0,0.0,0,0.0,0,0.0,0
2012-11-19T09:15:06.500,2182.8,1219,2182.6,3,0.0,0,0.0,0,0.0,0,0.0,0,2182.8,3,0.0,0,0.0,0,0.0,0,0.0,0
2012-11-19T09:15:07.000,2182.6,1241,2182.4,2,0.0,0,0.0,0,0.0,0,0.0,0,2182.6,20,0.0,0,0.0,0,0.0,0,0.0,0
2012-11-19T09:15:07.500,2182.2,1279,2182.2,9,0.0,0,0.0,0,0.0,0,0.0,0,2182.4,29,0.0,0,0.0,0,0.0,0,0.0,0
2012-11-19T09:15:08.000,2182,1290,2182,16,0.0,0,0.0,0,0.0,0,0.0,0,2182.2,19,0.0,0,0.0,0,0.0,0,0.0,0
2012-11-19T09:15:08.500,2181.8,1315,2181.8,20,0.0,0,0.0,0,0.0,0,0.0,0,2182.2,44,0.0,0,0.0,0,0.0,0,0.0,0
2012-11-19T09:15:09.000,2182,1389,2181.8,16,0.0,0,0.0,0,0.0,0,0.0,0,2182,18,0.0,0,0.0,0,0.0,0,0.0,0
2012-11-19T09:15:09.500,2181.6,1413,2181.6,13,0.0,0,0.0,0,0.0,0,0.0,0,2182,15,0.0,0,0.0,0,0.0,0,0.0,0
2012-11-19T09:15:10.000,2181.8,1450,2181.8,1,0.0,0,0.0,0,0.0,0,0.0,0,2182,9,0.0,0,0.0,0,0.0,0,0.0,0
2012-11-19T09:15:10.500,2181.8,1489,2181.2,26,0.0,0,0.0,0,0.0,0,0.0,0,2181.8,3,0.0,0,0.0,0,0.0,0,0.0,0
2012-11-19T09:15:11.000,2181.8,1512,2181.4,5,0.0,0,0.0,0,0.0,0,0.0,0,2181.6,2,0.0,0,0.0,0,0.0,0,0.0,0
2012-11-19T09:15:11.500,2181.4,1542,2181.2,16,0.0,0,0.0,0,0.0,0,0.0,0,2181.4,9,0.0,0,0.0,0,0.0,0,0.0,0
2012-11-19T09:15:12.000,2181.4,1567,2181.4,48,0.0,0,0.0,0,0.0,0,0.0,0,2181.6,4,0.0,0,0.0,0,0.0,0,0.0,0
2012-11-19T09:15:12.500,2181.6,1598,2181.6,18,0.0,0,0.0,0,0.0,0,0.0,0,2181.8,17,0.0,0,0.0,0,0.0,0,0.0,0
2012-11-19T09:15:13.000,2181.8,1626,2181.8,12,0.0,0,0.0,0,0.0,0,0.0,0,2182,10,0.0,0,0.0,0,0.0,0,0.0,0
2012-11-19T09:15:13.500,2182.2,1647,2182,8,0.0,0,0.0,0,0.0,0,0.0,0,2182.2,6,0.0,0,0.0,0,0.0,0,0.0,0
2012-11-19T09:15:14.000,2182.2,1658,2182,15,0.0,0,0.0,0,0.0,0,0.0,0,2182.2,9,0.0,0,0.0,0,0.0,0,0.0,0
2012-11-19T09:15:14.500,2182,1683,2182,19,0.0,0,0.0,0,0.0,0,0.0,0,2182.2,10,0.0,0,0.0,0,0.0,0,0.0,0
2012-11-19T09:15:15.000,2182.2,1704,2182,10,0.0,0,0.0,0,0.0,0,0.0,0,2182.2,6,0.0,0,0.0,0,0.0,0,0.0,0
2012-11-19T09:15:15.500,2182.2,1749,2182.2,2,0.0,0,0.0,0,0.0,0,0.0,0,2182.4,64,0.0,0,0.0,0,0.0,0,0.0,0
2012-11-19T09:15:16.000,2182.2,1757,2181.8,10,0.0,0,0.0,0,0.0,0,0.0,0,2182,1,0.0,0,0.0,0,0.0,0,0.0,0
2012-11-19T09:15:16.500,2182.4,1768,2181.8,9,0.0,0,0.0,0,0.0,0,0.0,0,2182.4,58,0.0,0,0.0,0,0.0,0,0.0,0
2012-11-19T09:15:17.000,2182,1788,2181.6,11,0.0,0,0.0,0,0.0,0,0.0,0,2182.2,1,0.0,0,0.0,0,0.0,0,0.0,0
2012-11-19T09:15:17.500,2182.4,1815,2181.8,13,0.0,0,0.0,0,0.0,0,0.0,0,2182.4,52,0.0,0,0.0,0,0.0,0,0.0,0
2012-11-19T09:15:18.000,2182.2,1891,2182.2,37,0.0,0,0.0,0,0.0,0,0.0,0,2182.4,36,0.0,0,0.0,0,0.0,0,0.0,0
2012-11-19T09:15:18.500,2181.6,1944,2181.8,2,0.0,0,0.0,0,0.0,0,0.0,0,2182,2,0.0,0,0.0,0,0.0,0,0.0,0
2012-11-19T09:15:19.000,2182,1967,2182.2,1,0.0,0,0.0,0,0.0,0,0.0,0,2182.4,35,0.0,0,0.0,0,0.0,0,0.0,0
2012-11-19T09:15:19.500,2181.6,1990,2181.4,15,0.0,0,0.0,0,0.0,0,0.0,0,2181.6,34,0.0,0,0.0,0,0.0,0,0.0,0
2012-11-19T09:15:20.000,2181.4,2048,2181.4,1,0.0,0,0.0,0,0.0,0,0.0,0,2181.6,15,0.0,0,0.0,0,0.0,0,0.0,0
2012-11-19T09:15:20.500,2181.8,2076,2181.2,25,0.0,0,0.0,0,0.0,0,0.0,0,2181.4,4,0.0,0,0.0,0,0.0,0,0.0,0
2012-11-19T09:15:21.000,2181.4,2093,2181.2,17,0.0,0,0.0,0,0.0,0,0.0,0,2181.4,3,0.0,0,0.0,0,0.0,0,0.0,0
2012-11-19T09:15:21.500,2181.4,2134,2181,68,0.0,0,0.0,0,0.0,0,0.0,0,2181.2,21,0.0,0,0.0,0,0.0,0,0.0,0
2012-11-19T09:15:22.000,2181,2213,2181,11,0.0,0,0.0,0,0.0,0,0.0,0,2181.2,1,0.0,0,0.0,0,0.0,0,0.0,0
2012-11-19T09:15:22.500,2180.8,2233,2180.6,25,0.0,0,0.0,0,0.0,0,0.0,0,2180.8,4,0.0,0,0.0,0,0.0,0,0.0,0
2012-11-19T09:15:23.000,2180.4,2280,2180.2,31,0.0,0,0.0,0,0.0,0,0.0,0,2180.4,18,0.0,0,0.0,0,0.0,0,0.0,0
2012-11-19T09:15:23.500,2180.4,2302,2180.2,25,0.0,0,0.0,0,0.0,0,0.0,0,2180.4,6,0.0,0,0.0,0,0.0,0,0.0,0
2012-11-19T09:15:24.000,2180.2,2361,2180,35,0.0,0,0.0,0,0.0,0,0.0,0,2180.2,17,0.0,0,0.0,0,0.0,0,0.0,0
2012-11-19T09:15:24.500,2180.6,2404,2180.2,16,0.0,0,0.0,0,0.0,0,0.0,0,2180.6,21,0.0,0,0.0,0,0.0,0,0.0,0
2012-11-19T09:15:25.000,2180.4,2414,2180.4,19,0.0,0,0.0,0,0.0,0,0.0,0,2180.6,18,0.0,0,0.0,0,0.0,0,0.0,0
2012-11-19T09:15:25.500,2181,2464,2180.6,10,0.0,0,0.0,0,0.0,0,0.0,0,2181,18,0.0,0,0.0,0,0.0,0,0.0,0
2012-11-19T09:15:26.000,2180.8,2474,2180.8,13,0.0,0,0.0,0,0.0,0,0.0,0,2181,16,0.0,0,0.0,0,0.0,0,0.0,0
2012-11-19T09:15:26.500,2180.6,2511,2180.6,3,0.0,0,0.0,0,0.0,0,0.0,0,2181,2,0.0,0,0.0,0,0.0,0,0.0,0
2012-11-19T09:15:27.000,2180.4,2533,2180.4,57,0.0,0,0.0,0,0.0,0,0.0,0,2180.6,1,0.0,0,0.0,0,0.0,0,0.0,0
2012-11-19T09:15:27.500,2180.6,2546,2180.6,4,0.0,0,0.0,0,0.0,0,0.0,0,2181,1,0.0,0,0.0,0,0.0,0,0.0,0
2012-11-19T09:15:28.000,2180.8,2568,2180.4,54,0.0,0,0.0,0,0.0,0,0.0,0,2180.8,6,0.0,0,0.0,0,0.0,0,0.0,0
2012-11-19T09:15:28.500,2180.6,2624,2180.4,11,0.0,0,0.0,0,0.0,0,0.0,0,2180.6,1,0.0,0,0.0,0,0.0,0,0.0,0
2012-11-19T09:15:29.000,2181,2655,2181,11,0.0,0,0.0,0,0.0,0,0.0,0,2181.2,12,0.0,0,0.0,0,0.0,0,0.0,0
2012-11-19T09:15:29.500,2180.8,2668,2180.8,3,0.0,0,0.0,0,0.0,0,0.0,0,2181,7,0.0,0,0.0,0,0.0,0,0.0,0
2012-11-19T09:15:30.000,2180.8,2685,2180.6,48,0.0,0,0.0,0,0.0,0,0.0,0,2180.8,2,0.0,0,0.0,0,0.0,0,0.0,0
2012-11-19T09:15:30.500,2180.6,2714,2180.6,22,0.0,0,0.0,0,0.0,0,0.0,0,2180.8,2,0.0,0,0.0,0,0.0,0,0.0,0
2012-11-19T09:15:31.000,2180.8,2733,2180.8,1,0.0,0,0.0,0,0.0,0,0.0,0,2181,29,0.0,0,0.0,0,0.0,0,0.0,0
2012-11-19T09:15:31.500,2180.8,2745,2180.6,7,0.0,0,0.0,0,0.0,0,0.0,0,2180.8,95,0.0,0,0.0,0,0.0,0,0.0,0
2012-11-19T09:15:32.000,2180.6,2754,2180.4,11,0.0,0,0.0,0,0.0,0,0.0,0,2180.6,38,0.0,0,0.0,0,0.0,0,0.0,0
2012-11-19T09:15:32.500,2180.4,2841,2180,44,0.0,0,0.0,0,0.0,0,0.0,0,2180.2,4,0.0,0,0.0,0,0.0,0,0.0,0
2012-11-19T09:15:33.000,2180.4,2903,2180,2,0.0,0,0.0,0,0.0,0,0.0,0,2180.4,23,0.0,0,0.0,0,0.0,0,0.0,0
2012-11-19T09:15:33.500,2180.2,2920,2180.2,2,0.0,0,0.0,0,0.0,0,0.0,0,2180.4,17,0.0,0,0.0,0,0.0,0,0.0,0
2012-11-19T09:15:34.000,2180.4,2931,2180.2,24,0.0,0,0.0,0,0.0,0,0.0,0,2180.4,9,0.0,0,0.0,0,0.0,0,0.0,0
2012-11-19T09:15:34.500,2180.4,2957,2180.4,23,0.0,0,0.0,0,0.0,0,0.0,0,2180.6,27,0.0,0,0.0,0,0.0,0,0.0,0
2012-11-19T09:15:35.000,2180.6,2986,2180.4,23,0.0,0,0.0,0,0.0,0,0.0,0,2180.6,19,0.0,0,0.0,0,0.0,0,0.0,0
2012-11-19T09:15:35.500,2180.4,3023,2180.4,5,0.0,0,0.0,0,0.0,0,0.0,0,2180.6,11,0.0,0,0.0,0,0.0,0,0.0,0
2012-11-19T09:15:36.000,2180.6,3039,2180.6,7,0.0,0,0.0,0,0.0,0,0.0,0,2180.8,106,0.0,0,0.0,0,0.0,0,0.0,0
2012-11-19T09:15:36.500,2180.4,3055,2180.4,2,0.0,0,0.0,0,0.0,0,0.0,0,2180.6,8,0.0,0,0.0,0,0.0,0,0.0,0
2012-11-19T09:15:37.000,2180.4,3060,2180.2,24,0.0,0,0.0,0,0.0,0,0.0,0,2180.4,27,0.0,0,0.0,0,0.0,0,0.0,0
2012-11-19T09:15:37.500,2180.2,3085,2180.2,2,0.0,0,0.0,0,0.0,0,0.0,0,2180.4,25,0.0,0,0.0,0,0.0,0,0.0,0
2012-11-19T09:15:38.000,2180,3121,2179.8,6,0.0,0,0.0,0,0.0,0,0.0,0,2180,3,0.0,0,0.0,0,0.0,0,0.0,0
2012-11-19T09:15:38.500,2179.8,3142,2179.6,41,0.0,0,0.0,0,0.0,0,0.0,0,2179.8,8,0.0,0,0.0,0,0.0,0,0.0,0
2012-11-19T09:15:39.000,2179.8,3160,2179.6,29,0.0,0,0.0,0,0.0,0,0.0,0,2180,1,0.0,0,0.0,0,0.0,0,0.0,0
2012-11-19T09:15:39.500,2180,3185,2179.8,33,0.0,0,0.0,0,0.0,0,0.0,0,2180,9,0.0,0,0.0,0,0.0,0,0.0,0
2012-11-19T09:15:40.000,2180,3200,2180,16,0.0,0,0.0,0,0.0,0,0.0,0,2180.2,37,0.0,0,0.0,0,0.0,0,0.0,0
2012-11-19T09:15:40.500,2180,3230,2180,19,0.0,0,0.0,0,0.0,0,0.0,0,2180.2,21,0.0,0,0.0,0,0.0,0,0.0,0
2012-11-19T09:15:41.000,2180.2,3259,2180.2,24,0.0,0,0.0,0,0.0,0,0.0,0,2180.4,17,0.0,0,0.0,0,0.0,0,0.0,0
2012-11-19T09:15:41.500,2180.4,3280,2180.4,5,0.0,0,0.0,0,0.0,0,0.0,0,2180.6,23,0.0,0,0.0,0,0.0,0,0.0,0
2012-11-19T09:15:42.000,2180.2,3351,2180.2,23,0.0,0,0.0,0,0.0,0,0.0,0,2180.4,5,0.0,0,0.0,0,0.0,0,0.0,0
2012-11-19T09:15:42.500,2180.2,3362,2180.4,2,0.0,0,0.0,0,0.0,0,0.0,0,2180.6,9,0.0,0,0.0,0,0.0,0,0.0,0
2012-11-19T09:15:43.000,2180.6,3370,2180.4,46,0.0,0,0.0,0,0.0,0,0.0,0,2180.6,6,0.0,0,0.0,0,0.0,0,0.0,0
2012-11-19T09:15:43.500,2180.6,3387,2180.6,2,0.0,0,0.0,0,0.0,0,0.0,0,2180.8,110,0.0,0,0.0,0,0.0,0,0.0,0
2012-11-19T09:15:44.000,2180.6,3395,2180.6,8,0.0,0,0.0,0,0.0,0,0.0,0,2180.8,107,0.0,0,0.0,0,0.0,0,0.0,0
2012-11-19T09:15:44.500,2180.8,3421,2180.4,30,0.0,0,0.0,0,0.0,0,0.0,0,2180.6,1,0.0,0,0.0,0,0.0,0,0.0,0
2012-11-19T09:15:45.000,2180.6,3431,2180.6,47,0.0,0,0.0,0,0.0,0,0.0,0,2180.8,103,0.0,0,0.0,0,0.0,0,0.0,0
2012-11-19T09:15:45.500,2180.8,3474,2180.6,49,0.0,0,0.0,0,0.0,0,0.0,0,2180.8,65,0.0,0,0.0,0,0.0,0,0.0,0
2012-11-19T09:15:46.000,2181,3572,2180.8,24,0.0,0,0.0,0,0.0,0,0.0,0,2181,63,0.0,0,0.0,0,0.0,0,0.0,0
2012-11-19T09:15:46.500,2181,3606,2180.8,14,0.0,0,0.0,0,0.0,0,0.0,0,2181,42,0.0,0,0.0,0,0.0,0,0.0,0
2012-11-19T09:15:47.000,2181,3666,2181,71,0.0,0,0.0,0,0.0,0,0.0,0,2181.2,15,0.0,0,0.0,0,0.0,0,0.0,0
2012-11-19T09:15:47.500,2181.2,3703,2181,118,0.0,0,0.0,0,0.0,0,0.0,0,2181.2,3,0.0,0,0.0,0,0.0,0,0.0,0
2012-11-19T09:15:48.000,2181.4,3715,2181.2,22,0.0,0,0.0,0,0.0,0,0.0,0,2181.4,16,0.0,0,0.0,0,0.0,0,0.0,0
2012-11-19T09:15:48.500,2181.4,3726,2181.2,35,0.0,0,0.0,0,0.0,0,0.0,0,2181.4,9,0.0,0,0.0,0,0.0,0,0.0,0
2012-11-19T09:15:49.000,2181.4,3755,2181.4,21,0.0,0,0.0,0,0.0,0,0.0,0,2181.6,73,0.0,0,0.0,0,0.0,0,0.0,0
2012-11-19T09:15:49.500,2181.4,3839,2181.2,40,0.0,0,0.0,0,0.0,0,0.0,0,2181.4,11,0.0,0,0.0,0,0.0,0,0.0,0
2012-11-19T09:15:50.000,2181.4,3855,2181.2,40,0.0,0,0.0,0,0.0,0,0.0,0,2181.4,12,0.0,0,0.0,0,0.0,0,0.0,0
2012-11-19T09:15:50.500,2181.2,3860,2181.2,37,0.0,0,0.0,0,0.0,0,0.0,0,2181.4,17,0.0,0,0.0,0,0.0,0,0.0,0
2012-11-19T09:15:51.000,2181.4,3861,2181.2,35,0.0,0,0.0,0,0.0,0,0.0,0,2181.4,17,0.0,0,0.0,0,0.0,0,0.0,0
2012-11-19T09:15:51.500,2181.2,3866,2181.2,34,0.0,0,0.0,0,0.0,0,0.0,0,2181.4,14,0.0,0,0.0,0,0.0,0,0.0,0
2012-11-19T09:15:52.000,2181.4,3869,2181.2,35,0.0,0,0.0,0,0.0,0,0.0,0,2181.4,12,0.0,0,0.0,0,0.0,0,0.0,0
2012-11-19T09:15:52.500,2181.2,3878,2181.2,26,0.0,0,0.0,0,0.0,0,0.0,0,2181.4,18,0.0,0,0.0,0,0.0,0,0.0,0
2012-11-19T09:15:53.000,2181.2,3931,2181,94,0.0,0,0.0,0,0.0,0,0.0,0,2181.2,13,0.0,0,0.0,0,0.0,0,0.0,0
2012-11-19T09:15:53.500,2181.2,3947,2181,94,0.0,0,0.0,0,0.0,0,0.0,0,2181.2,2,0.0,0,0.0,0,0.0,0,0.0,0
2012-11-19T09:15:54.000,2181.4,3988,2181.4,13,0.0,0,0.0,0,0.0,0,0.0,0,2181.6,24,0.0,0,0.0,0,0.0,0,0.0,0
2012-11-19T09:15:54.500,2181.6,3998,2181.4,17,0.0,0,0.0,0,0.0,0,0.0,0,2181.6,19,0.0,0,0.0,0,0.0,0,0.0,0
2012-11-19T09:15:55.000,2181.4,4012,2181.4,6,0.0,0,0.0,0,0.0,0,0.0,0,2181.6,17,0.0,0,0.0,0,0.0,0,0.0,0
2012-11-19T09:15:55.500,2181.2,4034,2181.2,2,0.0,0,0.0,0,0.0,0,0.0,0,2181.4,2,0.0,0,0.0,0,0.0,0,0.0,0
2012-11-19T09:15:56.000,2181.4,4035,2181.2,12,0.0,0,0.0,0,0.0,0,0.0,0,2181.4,13,0.0,0,0.0,0,0.0,0,0.0,0
2012-11-19T09:15:56.500,2181.4,4054,2181.2,14,0.0,0,0.0,0,0.0,0,0.0,0,2181.4,19,0.0,0,0.0,0,0.0,0,0.0,0
2012-11-19T09:15:57.000,2181.4,4059,2181.2,14,0.0,0,0.0,0,0.0,0,0.0,0,2181.4,28,0.0,0,0.0,0,0.0,0,0.0,0
2012-11-19T09:15:57.500,2181.2,4063,2181.2,10,0.0,0,0.0,0,0.0,0,0.0,0,2181.4,28,0.0,0,0.0,0,0.0,0,0.0,0
2012-11-19T09:15:58.000,2181.4,4070,2181.2,6,0.0,0,0.0,0,0.0,0,0.0,0,2181.4,30,0.0,0,0.0,0,0.0,0,0.0,0
2012-11-19T09:15:58.500,2181,4101,2181,80,0.0,0,0.0,0,0.0,0,0.0,0,2181.2,2,0.0,0,0.0,0,0.0,0,0.0,0
2012-11-19T09:15:59.000,2181.2,4115,2181.2,1,0.0,0,0.0,0,0.0,0,0.0,0,2181.4,38,0.0,0,0.0,0,0.0,0,0.0,0
2012-11-19T09:15:59.500,2181.2,4125,2181,73,0.0,0,0.0,0,0.0,0,0.0,0,2181.2,17,0.0,0,0.0,0,0.0,0,0.0,0
2012-11-19T09:16:00.000,2181.2,4131,2181,73,0.0,0,0.0,0,0.0,0,0.0,0,2181.2,17,0.0,0,0.0,0,0.0,0,0.0,0
2012-11-19T09:16:00.500,2181,4188,2181,49,0.0,0,0.0,0,0.0,0,0.0,0,2181.2,15,0.0,0,0.0,0,0.0,0,0.0,0
2012-11-19T09:16:01.000,2181.2,4253,2181.2,7,0.0,0,0.0,0,0.0,0,0.0,0,2181.4,43,0.0,0,0.0,0,0.0,0,0.0,0
2012-11-19T09:16:01.500,2180.8,4323,2180.8,21,0.0,0,0.0,0,0.0,0,0.0,0,2181,29,0.0,0,0.0,0,0.0,0,0.0,0
2012-11-19T09:16:02.000,2180.8,4358,2180.6,14,0.0,0,0.0,0,0.0,0,0.0,0,2180.8,6,0.0,0,0.0,0,0.0,0,0.0,0
2012-11-19T09:16:02.500,2180.6,4373,2180.6,11,0.0,0,0.0,0,0.0,0,0.0,0,2180.8,3,0.0,0,0.0,0,0.0,0,0.0,0
2012-11-19T09:16:03.000,2180.8,4390,2180.8,43,0.0,0,0.0,0,0.0,0,0.0,0,2181,41,0.0,0,0.0,0,0.0,0,0.0,0
2012-11-19T09:16:03.500,2180.8,4396,2180.8,41,0.0,0,0.0,0,0.0,0,0.0,0,2181,41,0.0,0,0.0,0,0.0,0,0.0,0
2012-11-19T09:16:04.000,2181,4424,2180.8,37,0.0,0,0.0,0,0.0,0,0.0,0,2181,20,0.0,0,0.0,0,0.0,0,0.0,0
2012-11-19T09:16:04.500,2181,4452,2181,28,0.0,0,0.0,0,0.0,0,0.0,0,2181.2,9,0.0,0,0.0,0,0.0,0,0.0,0
2012-11-19T09:16:05.000,2181.2,4460,2181,24,0.0,0,0.0,0,0.0,0,0.0,0,2181.2,6,0.0,0,0.0,0,0.0,0,0.0,0
2012-11-19T09:16:05.500,2181.2,4486,2181,4,0.0,0,0.0,0,0.0,0,0.0,0,2181.2,2,0.0,0,0.0,0,0.0,0,0.0,0
2012-11-19T09:16:06.000,2181.2,4494,2180.8,42,0.0,0,0.0,0,0.0,0,0.0,0,2181.2,19,0.0,0,0.0,0,0.0,0,0.0,0
2012-11-19T09:16:06.500,2180.8,4498,2180.8,38,0.0,0,0.0,0,0.0,0,0.0,0,2181,6,0.0,0,0.0,0,0.0,0,0.0,0
2012-11-19T09:16:07.000,2181.2,4516,2180.8,35,0.0,0,0.0,0,0.0,0,0.0,0,2181.2,11,0.0,0,0.0,0,0.0,0,0.0,0
2012-11-19T09:16:07.500,2181,4518,2180.8,35,0.0,0,0.0,0,0.0,0,0.0,0,2181,8,0.0,0,0.0,0,0.0,0,0.0,0
2012-11-19T09:16:08.000,2181,4545,2180.8,15,0.0,0,0.0,0,0.0,0,0.0,0,2181,63,0.0,0,0.0,0,0.0,0,0.0,0
2012-11-19T09:16:08.500,2180.6,4595,2180.6,13,0.0,0,0.0,0,0.0,0,0.0,0,2180.8,9,0.0,0,0.0,0,0.0,0,0.0,0
2012-11-19T09:16:09.000,2180.8,4644,2180.4,31,0.0,0,0.0,0,0.0,0,0.0,0,2180.8,4,0.0,0,0.0,0,0.0,0,0.0,0
2012-11-19T09:16:09.500,2180.8,4654,2180.4,31,0.0,0,0.0,0,0.0,0,0.0,0,2180.6,3,0.0,0,0.0,0,0.0,0,0.0,0
2012-11-19T09:16:10.000,2180.6,4666,2180.4,23,0.0,0,0.0,0,0.0,0,0.0,0,2180.6,1,0.0,0,0.0,0,0.0,0,0.0,0
2012-11-19T09:16:10.500,2180.4,4676,2180.4,13,0.0,0,0.0,0,0.0,0,0.0,0,2180.6,7,0.0,0,0.0,0,0.0,0,0.0,0
2012-11-19T09:16:11.000,2180.6,4679,2180.4,12,0.0,0,0.0,0,0.0,0,0.0,0,2180.6,5,0.0,0,0.0,0,0.0,0,0.0,0
2012-11-19T09:16:11.500,2180.4,4695,2180.2,34,0.0,0,0.0,0,0.0,0,0.0,0,2180.4,22,0.0,0,0.0,0,0.0,0,0.0,0
2012-11-19T09:16:12.000,2180.2,4707,2180.2,23,0.0,0,0.0,0,0.0,0,0.0,0,2180.4,23,0.0,0,0.0,0,0.0,0,0.0,0
2012-11-19T09:16:12.500,2180.2,4721,2180.2,10,0.0,0,0.0,0,0.0,0,0.0,0,2180.4,31,0.0,0,0.0,0,0.0,0,0.0,0
2012-11-19T09:16:13.000,2180.2,4733,2180.2,1,0.0,0,0.0,0,0.0,0,0.0,0,2180.4,34,0.0,0,0.0,0,0.0,0,0.0,0
2012-11-19T09:16:13.500,2180.2,4744,2180,52,0.0,0,0.0,0,0.0,0,0.0,0,2180.2,26,0.0,0,0.0,0,0.0,0,0.0,0
2012-11-19T09:16:14.000,2180.2,4752,2180,51,0.0,0,0.0,0,0.0,0,0.0,0,2180.2,27,0.0,0,0.0,0,0.0,0,0.0,0
2012-11-19T09:16:14.500,2180,4768,2180,35,0.0,0,0.0,0,0.0,0,0.0,0,2180.2,29,0.0,0,0.0,0,0.0,0,0.0,0
2012-11-19T09:16:15.000,2180.2,4788,2180,29,0.0,0,0.0,0,0.0,0,0.0,0,2180.2,28,0.0,0,0.0,0,0.0,0,0.0,0
2012-11-19T09:16:15.500,2180.2,4815,2180,6,0.0,0,0.0,0,0.0,0,0.0,0,2180.2,30,0.0,0,0.0,0,0.0,0,0.0,0
2012-11-19T09:16:16.000,2180,4825,2180,3,0.0,0,0.0,0,0.0,0,0.0,0,2180.2,27,0.0,0,0.0,0,0.0,0,0.0,0
2012-11-19T09:16:16.500,2180.2,4844,2179.8,7,0.0,0,0.0,0,0.0,0,0.0,0,2180.2,17,0.0,0,0.0,0,0.0,0,0.0,0
2012-11-19T09:16:17.000,2180,4856,2180,2,0.0,0,0.0,0,0.0,0,0.0,0,2180.2,23,0.0,0,0.0,0,0.0,0,0.0,0
2012-11-19T09:16:17.500,2180,4864,2180,5,0.0,0,0.0,0,0.0,0,0.0,0,2180.2,21,0.0,0,0.0,0,0.0,0,0.0,0
2012-11-19T09:16:18.000,2180,4876,2179.8,17,0.0,0,0.0,0,0.0,0,0.0,0,2180,13,0.0,0,0.0,0,0.0,0,0.0,0
2012-11-19T09:16:18.500,2179.6,4944,2180,1,0.0,0,0.0,0,0.0,0,0.0,0,2180.2,32,0.0,0,0.0,0,0.0,0,0.0,0
2012-11-19T09:16:19.000,2180.2,4959,2180,13,0.0,0,0.0,0,0.0,0,0.0,0,2180.2,32,0.0,0,0.0,0,0.0,0,0.0,0
2012-11-19T09:16:19.500,2179.8,4976,2179.8,1,0.0,0,0.0,0,0.0,0,0.0,0,2180,11,0.0,0,0.0,0,0.0,0,0.0,0
2012-11-19T09:16:20.000,2180,4992,2179.6,1,0.0,0,0.0,0,0.0,0,0.0,0,2179.8,47,0.0,0,0.0,0,0.0,0,0.0,0
2012-11-19T09:16:20.500,2179.8,5026,2179.4,12,0.0,0,0.0,0,0.0,0,0.0,0,2179.6,4,0.0,0,0.0,0,0.0,0,0.0,0
2012-11-19T09:16:21.000,2179.6,5039,2179.4,7,0.0,0,0.0,0,0.0,0,0.0,0,2179.6,10,0.0,0,0.0,0,0.0,0,0.0,0
2012-11-19T09:16:21.500,2179.6,5052,2179.6,4,0.0,0,0.0,0,0.0,0,0.0,0,2179.8,65,0.0,0,0.0,0,0.0,0,0.0,0
2012-11-19T09:16:22.000,2179.4,5073,2179.2,24,0.0,0,0.0,0,0.0,0,0.0,0,2179.4,9,0.0,0,0.0,0,0.0,0,0.0,0
2012-11-19T09:16:22.500,2179.2,5092,2179.2,18,0.0,0,0.0,0,0.0,0,0.0,0,2179.4,8,0.0,0,0.0,0,0.0,0,0.0,0
2012-11-19T09:16:23.000,2179.2,5158,2179,9,0.0,0,0.0,0,0.0,0,0.0,0,2179.8,64,0.0,0,0.0,0,0.0,0,0.0,0
2012-11-19T09:16:23.500,2179.4,5170,2179.4,22,0.0,0,0.0,0,0.0,0,0.0,0,2179.6,28,0.0,0,0.0,0,0.0,0,0.0,0
2012-11-19T09:16:24.000,2179.6,5195,2179.4,10,0.0,0,0.0,0,0.0,0,0.0,0,2179.6,24,0.0,0,0.0,0,0.0,0,0.0,0
2012-11-19T09:16:24.500,2179.4,5206,2179.4,1,0.0,0,0.0,0,0.0,0,0.0,0,2179.6,32,0.0,0,0.0,0,0.0,0,0.0,0
2012-11-19T09:16:25.000,2179.6,5239,2179.2,5,0.0,0,0.0,0,0.0,0,0.0,0,2179.6,2,0.0,0,0.0,0,0.0,0,0.0,0
2012-11-19T09:16:25.500,2179.4,5247,2179.2,10,0.0,0,0.0,0,0.0,0,0.0,0,2179.4,8,0.0,0,0.0,0,0.0,0,0.0,0
2012-11-19T09:16:26.000,2179.2,5270,2179.4,5,0.0,0,0.0,0,0.0,0,0.0,0,2179.8,66,0.0,0,0.0,0,0.0,0,0.0,0
2012-11-19T09:16:26.500,2179.2,5278,2179.2,33,0.0,0,0.0,0,0.0,0,0.0,0,2179.4,8,0.0,0,0.0,0,0.0,0,0.0,0
2012-11-19T09:16:27.000,2179.4,5295,2179.2,27,0.0,0,0.0,0,0.0,0,0.0,0,2179.4,3,0.0,0,0.0,0,0.0,0,0.0,0
2012-11-19T09:16:27.500,2179.4,5312,2179.4,14,0.0,0,0.0,0,0.0,0,0.0,0,2179.8,64,0.0,0,0.0,0,0.0,0,0.0,0
2012-11-19T09:16:28.000,2179.2,5330,2179.2,27,0.0,0,0.0,0,0.0,0,0.0,0,2179.6,1,0.0,0,0.0,0,0.0,0,0.0,0
2012-11-19T09:16:28.500,2179.4,5339,2179.4,9,0.0,0,0.0,0,0.0,0,0.0,0,2179.6,1,0.0,0,0.0,0,0.0,0,0.0,0
2012-11-19T09:16:29.000,2179.6,5348,2179.4,6,0.0,0,0.0,0,0.0,0,0.0,0,2179.8,65,0.0,0,0.0,0,0.0,0,0.0,0
2012-11-19T09:16:29.500,2179.8,5353,2179.4,6,0.0,0,0.0,0,0.0,0,0.0,0,2179.6,2,0.0,0,0.0,0,0.0,0,0.0,0
2012-11-19T09:16:30.000,2179.6,5358,2179.4,3,0.0,0,0.0,0,0.0,0,0.0,0,2179.6,2,0.0,0,0.0,0,0.0,0,0.0,0
2012-11-19T09:16:30.500,2179.6,5370,2179.6,33,0.0,0,0.0,0,0.0,0,0.0,0,2179.8,68,0.0,0,0.0,0,0.0,0,0.0,0
2012-11-19T09:16:31.000,2179.6,5378,2179.6,30,0.0,0,0.0,0,0.0,0,0.0,0,2179.8,69,0.0,0,0.0,0,0.0,0,0.0,0
2012-11-19T09:16:31.500,2179.6,5386,2179.6,23,0.0,0,0.0,0,0.0,0,0.0,0,2179.8,71,0.0,0,0.0,0,0.0,0,0.0,0
2012-11-19T09:16:32.000,2179.8,5401,2179.6,23,0.0,0,0.0,0,0.0,0,0.0,0,2179.8,70,0.0,0,0.0,0,0.0,0,0.0,0
2012-11-19T09:16:32.500,2179.8,5411,2179.6,25,0.0,0,0.0,0,0.0,0,0.0,0,2179.8,55,0.0,0,0.0,0,0.0,0,0.0,0
2012-11-19T09:16:33.000,2179.8,5432,2179.6,14,0.0,0,0.0,0,0.0,0,0.0,0,2179.8,55,0.0,0,0.0,0,0.0,0,0.0,0
2012-11-19T09:16:33.500,2179.8,5474,2179.6,2,0.0,0,0.0,0,0.0,0,0.0,0,2179.8,37,0.0,0,0.0,0,0.0,0,0.0,0
2012-11-19T09:16:34.000,2179.8,5486,2179.6,2,0.0,0,0.0,0,0.0,0,0.0,0,2179.8,28,0.0,0,0.0,0,0.0,0,0.0,0
2012-11-19T09:16:34.500,2179.6,5492,2179.6,3,0.0,0,0.0,0,0.0,0,0.0,0,2179.8,26,0.0,0,0.0,0,0.0,0,0.0,0
2012-11-19T09:16:35.000,2179.4,5497,2179.4,21,0.0,0,0.0,0,0.0,0,0.0,0,2179.6,4,0.0,0,0.0,0,0.0,0,0.0,0
2012-11-19T09:16:35.500,2179.8,5507,2179.6,24,0.0,0,0.0,0,0.0,0,0.0,0,2179.8,24,0.0,0,0.0,0,0.0,0,0.0,0
2012-11-19T09:16:36.000,2179.6,5523,2179.6,12,0.0,0,0.0,0,0.0,0,0.0,0,2179.8,24,0.0,0,0.0,0,0.0,0,0.0,0
2012-11-19T09:16:36.500,2179.6,5533,2179.6,16,0.0,0,0.0,0,0.0,0,0.0,0,2179.8,25,0.0,0,0.0,0,0.0,0,0.0,0
2012-11-19T09:16:37.000,2179.8,5549,2179.6,13,0.0,0,0.0,0,0.0,0,0.0,0,2179.8,15,0.0,0,0.0,0,0.0,0,0.0,0
2012-11-19T09:16:37.500,2179.8,5552,2179.6,23,0.0,0,0.0,0,0.0,0,0.0,0,2179.8,12,0.0,0,0.0,0,0.0,0,0.0,0
2012-11-19T09:16:38.000,2179.8,5558,2179.6,34,0.0,0,0.0,0,0.0,0,0.0,0,2179.8,6,0.0,0,0.0,0,0.0,0,0.0,0
2012-11-19T09:16:38.500,2179.8,5566,2179.8,5,0.0,0,0.0,0,0.0,0,0.0,0,2180,47,0.0,0,0.0,0,0.0,0,0.0,0
2012-11-19T09:16:39.000,2180,5567,2179.8,9,0.0,0,0.0,0,0.0,0,0.0,0,2180,57,0.0,0,0.0,0,0.0,0,0.0,0
2012-11-19T09:16:39.500,2180,5572,2179.8,8,0.0,0,0.0,0,0.0,0,0.0,0,2180,53,0.0,0,0.0,0,0.0,0,0.0,0
2012-11-19T09:16:40.000,2179.8,5585,2179.8,18,0.0,0,0.0,0,0.0,0,0.0,0,2180,41,0.0,0,0.0,0,0.0,0,0.0,0
2012-11-19T09:16:40.500,2179.6,5653,2179.8,1,0.0,0,0.0,0,0.0,0,0.0,0,2180,2,0.0,0,0.0,0,0.0,0,0.0,0
2012-11-19T09:16:41.000,2180,5657,2179.6,13,0.0,0,0.0,0,0.0,0,0.0,0,2180.2,26,0.0,0,0.0,0,0.0,0,0.0,0
2012-11-19T09:16:41.500,2179.6,5661,2179.6,15,0.0,0,0.0,0,0.0,0,0.0,0,2179.8,1,0.0,0,0.0,0,0.0,0,0.0,0
2012-11-19T09:16:42.000,2180,5666,2180,4,0.0,0,0.0,0,0.0,0,0.0,0,2180.2,26,0.0,0,0.0,0,0.0,0,0.0,0
2012-11-19T09:16:42.500,2180.2,5678,2179.6,31,0.0,0,0.0,0,0.0,0,0.0,0,2180.2,28,0.0,0,0.0,0,0.0,0,0.0,0
2012-11-19T09:16:43.000,2180,5690,2179.6,29,0.0,0,0.0,0,0.0,0,0.0,0,2180,1,0.0,0,0.0,0,0.0,0,0.0,0
2012-11-19T09:16:43.500,2179.6,5695,2179.6,32,0.0,0,0.0,0,0.0,0,0.0,0,2180,8,0.0,0,0.0,0,0.0,0,0.0,0
2012-11-19T09:16:44.000,2180,5696,2179.8,8,0.0,0,0.0,0,0.0,0,0.0,0,2180,23,0.0,0,0.0,0,0.0,0,0.0,0
2012-11-19T09:16:44.500,2180,5700,2179.8,7,0.0,0,0.0,0,0.0,0,0.0,0,2180,25,0.0,0,0.0,0,0.0,0,0.0,0
2012-11-19T09:16:45.000,2179.8,5705,2179.8,4,0.0,0,0.0,0,0.0,0,0.0,0,2180,25,0.0,0,0.0,0,0.0,0,0.0,0
2012-11-19T09:16:45.500,2179.8,5712,2179.6,37,0.0,0,0.0,0,0.0,0,0.0,0,2179.8,13,0.0,0,0.0,0,0.0,0,0.0,0
2012-11-19T09:16:46.250,2179.8,5722,2179.6,39,0.0,0,0.0,0,0.0,0,0.0,0,2179.8,9,0.0,0,0.0,0,0.0,0,0.0,0
2012-11-19T09:16:47.000,2179.6,5723,2179.6,59,0.0,0,0.0,0,0.0,0,0.0,0,2179.8,9,0.0,0,0.0,0,0.0,0,0.0,0
2012-11-19T09:16:47.500,2179.6,5728,2179.6,45,0.0,0,0.0,0,0.0,0,0.0,0,2179.8,5,0.0,0,0.0,0,0.0,0,0.0,0
2012-11-19T09:16:48.000,2179.8,5732,2179.6,45,0.0,0,0.0,0,0.0,0,0.0,0,2179.8,4,0.0,0,0.0,0,0.0,0,0.0,0
2012-11-19T09:16:48.500,2179.8,5735,2179.6,44,0.0,0,0.0,0,0.0,0,0.0,0,2179.8,2,0.0,0,0.0,0,0.0,0,0.0,0
2012-11-19T09:16:49.000,2179.6,5746,2179.6,52,0.0,0,0.0,0,0.0,0,0.0,0,2179.8,1,0.0,0,0.0,0,0.0,0,0.0,0
2012-11-19T09:16:49.500,2179.8,5751,2179.8,1,0.0,0,0.0,0,0.0,0,0.0,0,2180,59,0.0,0,0.0,0,0.0,0,0.0,0
2012-11-19T09:16:50.250,2179.6,5766,2179.6,39,0.0,0,0.0,0,0.0,0,0.0,0,2180,60,0.0,0,0.0,0,0.0,0,0.0,0
2012-11-19T09:16:51.000,2179.8,5775,2179.8,3,0.0,0,0.0,0,0.0,0,0.0,0,2180,61,0.0,0,0.0,0,0.0,0,0.0,0
2012-11-19T09:16:51.500,2179.6,5786,2179.6,40,0.0,0,0.0,0,0.0,0,0.0,0,2179.8,1,0.0,0,0.0,0,0.0,0,0.0,0
2012-11-19T09:16:52.000,2179.8,5788,2179.6,41,0.0,0,0.0,0,0.0,0,0.0,0,2180,82,0.0,0,0.0,0,0.0,0,0.0,0
2012-11-19T09:16:52.500,2179.8,5789,2179.8,4,0.0,0,0.0,0,0.0,0,0.0,0,2180,86,0.0,0,0.0,0,0.0,0,0.0,0
2012-11-19T09:16:53.000,2179.8,5797,2179.6,41,0.0,0,0.0,0,0.0,0,0.0,0,2179.8,15,0.0,0,0.0,0,0.0,0,0.0,0
2012-11-19T09:16:53.500,2179.8,5804,2179.6,35,0.0,0,0.0,0,0.0,0,0.0,0,2179.8,17,0.0,0,0.0,0,0.0,0,0.0,0
2012-11-19T09:16:54.000,2179.8,5813,2179.6,42,0.0,0,0.0,0,0.0,0,0.0,0,2179.8,13,0.0,0,0.0,0,0.0,0,0.0,0
2012-11-19T09:16:54.500,2179.6,5817,2179.6,41,0.0,0,0.0,0,0.0,0,0.0,0,2179.8,17,0.0,0,0.0,0,0.0,0,0.0,0
2012-11-19T09:16:55.000,2179.6,5847,2179.6,30,0.0,0,0.0,0,0.0,0,0.0,0,2179.8,13,0.0,0,0.0,0,0.0,0,0.0,0
2012-11-19T09:16:55.500,2179.8,5862,2179.8,2,0.0,0,0.0,0,0.0,0,0.0,0,2180,92,0.0,0,0.0,0,0.0,0,0.0,0
2012-11-19T09:16:56.000,2180,5896,2179.8,1,0.0,0,0.0,0,0.0,0,0.0,0,2180,92,0.0,0,0.0,0,0.0,0,0.0,0
2012-11-19T09:16:56.500,2179.8,5901,2179.6,1,0.0,0,0.0,0,0.0,0,0.0,0,2180,89,0.0,0,0.0,0,0.0,0,0.0,0
2012-11-19T09:16:57.000,2179.4,5914,2179.8,1,0.0,0,0.0,0,0.0,0,0.0,0,2180,89,0.0,0,0.0,0,0.0,0,0.0,0
2012-11-19T09:16:57.500,2179.8,5921,2179.6,1,0.0,0,0.0,0,0.0,0,0.0,0,2179.8,1,0.0,0,0.0,0,0.0,0,0.0,0
2012-11-19T09:16:58.250,2179.8,5929,2179.6,3,0.0,0,0.0,0,0.0,0,0.0,0,2179.8,2,0.0,0,0.0,0,0.0,0,0.0,0
2012-11-19T09:16:59.000,2179.6,5931,2179.6,4,0.0,0,0.0,0,0.0,0,0.0,0,2179.8,2,0.0,0,0.0,0,0.0,0,0.0,0
2012-11-19T09:16:59.500,2180,5934,2179.8,3,0.0,0,0.0,0,0.0,0,0.0,0,2180,116,0.0,0,0.0,0,0.0,0,0.0,0
2012-11-19T09:17:00.000,2179.8,5939,2179.8,17,0.0,0,0.0,0,0.0,0,0.0,0,2180,116,0.0,0,0.0,0,0.0,0,0.0,0
2012-11-19T09:17:00.500,2179.8,5953,2179.8,7,0.0,0,0.0,0,0.0,0,0.0,0,2180,116,0.0,0,0.0,0,0.0,0,0.0,0
2012-11-19T09:17:01.000,2179.8,5961,2179.8,1,0.0,0,0.0,0,0.0,0,0.0,0,2180,121,0.0,0,0.0,0,0.0,0,0.0,0
2012-11-19T09:17:01.500,2179.6,5969,2179.6,4,0.0,0,0.0,0,0.0,0,0.0,0,2179.8,6,0.0,0,0.0,0,0.0,0,0.0,0
2012-11-19T09:17:02.000,2179.8,5987,2179.6,4,0.0,0,0.0,0,0.0,0,0.0,0,2179.8,14,0.0,0,0.0,0,0.0,0,0.0,0
2012-11-19T09:17:02.500,2179.8,5995,2179.4,14,0.0,0,0.0,0,0.0,0,0.0,0,2179.8,19,0.0,0,0.0,0,0.0,0,0.0,0
2012-11-19T09:17:03.000,2179.8,5996,2179.6,1,0.0,0,0.0,0,0.0,0,0.0,0,2179.8,21,0.0,0,0.0,0,0.0,0,0.0,0
2012-11-19T09:17:03.500,2179.6,5998,2179.4,16,0.0,0,0.0,0,0.0,0,0.0,0,2179.6,2,0.0,0,0.0,0,0.0,0,0.0,0
2012-11-19T09:17:04.250,2179.6,6004,2179.6,1,0.0,0,0.0,0,0.0,0,0.0,0,2179.8,21,0.0,0,0.0,0,0.0,0,0.0,0
2012-11-19T09:17:05.000,2179.8,6011,2179.6,1,0.0,0,0.0,0,0.0,0,0.0,0,2179.8,19,0.0,0,0.0,0,0.0,0,0.0,0
2012-11-19T09:17:05.500,2179.4,6015,2179.6,2,0.0,0,0.0,0,0.0,0,0.0,0,2179.8,22,0.0,0,0.0,0,0.0,0,0.0,0
2012-11-19T09:17:06.000,2179.6,6023,2179.4,23,0.0,0,0.0,0,0.0,0,0.0,0,2179.6,43,0.0,0,0.0,0,0.0,0,0.0,0
2012-11-19T09:17:06.500,2179.4,6031,2179.4,21,0.0,0,0.0,0,0.0,0,0.0,0,2179.6,38,0.0,0,0.0,0,0.0,0,0.0,0
2012-11-19T09:17:07.000,2179.6,6044,2179.4,12,0.0,0,0.0,0,0.0,0,0.0,0,2179.6,35,0.0,0,0.0,0,0.0,0,0.0,0
2012-11-19T09:17:07.500,2179.4,6048,2179.4,9,0.0,0,0.0,0,0.0,0,0.0,0,2179.6,34,0.0,0,0.0,0,0.0,0,0.0,0
2012-11-19T09:17:08.000,2179.2,6064,2179.2,82,0.0,0,0.0,0,0.0,0,0.0,0,2179.4,6,0.0,0,0.0,0,0.0,0,0.0,0
2012-11-19T09:17:08.500,2179.2,6078,2179.2,72,0.0,0,0.0,0,0.0,0,0.0,0,2179.4,3,0.0,0,0.0,0,0.0,0,0.0,0
2012-11-19T09:17:09.000,2179.2,6095,2179.2,57,0.0,0,0.0,0,0.0,0,0.0,0,2179.4,1,0.0,0,0.0,0,0.0,0,0.0,0
2012-11-19T09:17:09.500,2179.2,6116,2179.2,36,0.0,0,0.0,0,0.0,0,0.0,0,2179.4,3,0.0,0,0.0,0,0.0,0,0.0,0
2012-11-19T09:17:10.000,2179.2,6149,2179.2,7,0.0,0,0.0,0,0.0,0,0.0,0,2179.4,12,0.0,0,0.0,0,0.0,0,0.0,0
2012-11-19T09:17:10.500,2179.2,6160,2179,64,0.0,0,0.0,0,0.0,0,0.0,0,2179.2,33,0.0,0,0.0,0,0.0,0,0.0,0
2012-11-19T09:17:11.000,2179.2,6194,2179,46,0.0,0,0.0,0,0.0,0,0.0,0,2179.2,32,0.0,0,0.0,0,0.0,0,0.0,0
2012-11-19T09:17:11.500,2179,6218,2179,27,0.0,0,0.0,0,0.0,0,0.0,0,2179.2,90,0.0,0,0.0,0,0.0,0,0.0,0
2012-11-19T09:17:12.000,2179,6248,2179,4,0.0,0,0.0,0,0.0,0,0.0,0,2179.2,83,0.0,0,0.0,0,0.0,0,0.0,0
2012-11-19T09:17:12.500,2179,6252,2178.8,14,0.0,0,0.0,0,0.0,0,0.0,0,2179,20,0.0,0,0.0,0,0.0,0,0.0,0
2012-11-19T09:17:13.000,2179,6264,2178.8,23,0.0,0,0.0,0,0.0,0,0.0,0,2179,19,0.0,0,0.0,0,0.0,0,0.0,0
2012-11-19T09:17:13.500,2178.8,6288,2178.8,15,0.0,0,0.0,0,0.0,0,0.0,0,2179,10,0.0,0,0.0,0,0.0,0,0.0,0
2012-11-19T09:17:14.000,2179,6311,2179,5,0.0,0,0.0,0,0.0,0,0.0,0,2179.2,82,0.0,0,0.0,0,0.0,0,0.0,0
2012-11-19T09:17:14.500,2179,6335,2178.6,39,0.0,0,0.0,0,0.0,0,0.0,0,2179,5,0.0,0,0.0,0,0.0,0,0.0,0
2012-11-19T09:17:15.000,2179,6340,2178.8,11,0.0,0,0.0,0,0.0,0,0.0,0,2179,1,0.0,0,0.0,0,0.0,0,0.0,0
2012-11-19T09:17:15.500,2178.8,6349,2178.8,10,0.0,0,0.0,0,0.0,0,0.0,0,2179.2,82,0.0,0,0.0,0,0.0,0,0.0,0
2012-11-19T09:17:16.000,2179,6358,2179,25,0.0,0,0.0,0,0.0,0,0.0,0,2179.2,81,0.0,0,0.0,0,0.0,0,0.0,0
2012-11-19T09:17:16.500,2179,6361,2179,26,0.0,0,0.0,0,0.0,0,0.0,0,2179.2,80,0.0,0,0.0,0,0.0,0,0.0,0
2012-11-19T09:17:17.000,2179,6398,2179,37,0.0,0,0.0,0,0.0,0,0.0,0,2179.2,59,0.0,0,0.0,0,0.0,0,0.0,0
2012-11-19T09:17:17.500,2179.2,6424,2179,21,0.0,0,0.0,0,0.0,0,0.0,0,2179.2,41,0.0,0,0.0,0,0.0,0,0.0,0
2012-11-19T09:17:18.000,2179.2,6454,2179,17,0.0,0,0.0,0,0.0,0,0.0,0,2179.2,16,0.0,0,0.0,0,0.0,0,0.0,0
2012-11-19T09:17:18.500,2179.2,6473,2179,13,0.0,0,0.0,0,0.0,0,0.0,0,2179.2,3,0.0,0,0.0,0,0.0,0,0.0,0
2012-11-19T09:17:19.000,2179.2,6486,2179,12,0.0,0,0.0,0,0.0,0,0.0,0,2179.2,2,0.0,0,0.0,0,0.0,0,0.0,0
2012-11-19T09:17:19.500,2179.2,6497,2179,8,0.0,0,0.0,0,0.0,0,0.0,0,2179.2,8,0.0,0,0.0,0,0.0,0,0.0,0
2012-11-19T09:17:20.000,2179.2,6510,2179,7,0.0,0,0.0,0,0.0,0,0.0,0,2179.4,7,0.0,0,0.0,0,0.0,0,0.0,0
2012-11-19T09:17:20.500,2179.2,6513,2179.2,1,0.0,0,0.0,0,0.0,0,0.0,0,2179.4,21,0.0,0,0.0,0,0.0,0,0.0,0
2012-11-19T09:17:21.000,2179.4,6518,2179.2,2,0.0,0,0.0,0,0.0,0,0.0,0,2179.4,23,0.0,0,0.0,0,0.0,0,0.0,0
2012-11-19T09:17:21.500,2179.4,6519,2179.2,3,0.0,0,0.0,0,0.0,0,0.0,0,2179.4,9,0.0,0,0.0,0,0.0,0,0.0,0
2012-11-19T09:17:22.000,2179,6534,2179,3,0.0,0,0.0,0,0.0,0,0.0,0,2179.4,9,0.0,0,0.0,0,0.0,0,0.0,0
2012-11-19T09:17:22.500,2179.2,6540,2179,3,0.0,0,0.0,0,0.0,0,0.0,0,2179.4,4,0.0,0,0.0,0,0.0,0,0.0,0
2012-11-19T09:17:23.250,2179.4,6545,2179.4,2,0.0,0,0.0,0,0.0,0,0.0,0,2179.6,38,0.0,0,0.0,0,0.0,0,0.0,0
2012-11-19T09:17:24.000,2179.4,6549,2179.4,6,0.0,0,0.0,0,0.0,0,0.0,0,2179.6,40,0.0,0,0.0,0,0.0,0,0.0,0
2012-11-19T09:17:24.500,2179.4,6551,2179.4,4,0.0,0,0.0,0,0.0,0,0.0,0,2179.6,40,0.0,0,0.0,0,0.0,0,0.0,0
2012-11-19T09:17:25.000,2179.4,6553,2179.4,2,0.0,0,0.0,0,0.0,0,0.0,0,2179.6,41,0.0,0,0.0,0,0.0,0,0.0,0
2012-11-19T09:17:25.500,2179.6,6565,2179.2,9,0.0,0,0.0,0,0.0,0,0.0,0,2179.6,34,0.0,0,0.0,0,0.0,0,0.0,0
2012-11-19T09:17:26.000,2179.6,6568,2179.2,9,0.0,0,0.0,0,0.0,0,0.0,0,2179.4,5,0.0,0,0.0,0,0.0,0,0.0,0
2012-11-19T09:17:26.500,2179.6,6573,2179.2,9,0.0,0,0.0,0,0.0,0,0.0,0,2179.6,34,0.0,0,0.0,0,0.0,0,0.0,0
2012-11-19T09:17:27.000,2179.4,6576,2179.4,3,0.0,0,0.0,0,0.0,0,0.0,0,2179.6,33,0.0,0,0.0,0,0.0,0,0.0,0
2012-11-19T09:17:27.500,2179.6,6577,2179.4,3,0.0,0,0.0,0,0.0,0,0.0,0,2179.6,33,0.0,0,0.0,0,0.0,0,0.0,0
2012-11-19T09:17:28.000,2179.4,6583,2179.2,29,0.0,0,0.0,0,0.0,0,0.0,0,2179.4,1,0.0,0,0.0,0,0.0,0,0.0,0
2012-11-19T09:17:28.500,2179.4,6585,2179.4,13,0.0,0,0.0,0,0.0,0,0.0,0,2179.6,39,0.0,0,0.0,0,0.0,0,0.0,0
2012-11-19T09:17:29.000,2179.6,6589,2179.4,12,0.0,0,0.0,0,0.0,0,0.0,0,2179.6,37,0.0,0,0.0,0,0.0,0,0.0,0
2012-11-19T09:17:29.500,2179.4,6590,2179.4,33,0.0,0,0.0,0,0.0,0,0.0,0,2179.6,39,0.0,0,0.0,0,0.0,0,0.0,0
2012-11-19T09:17:30.000,2179.6,6593,2179.4,33,0.0,0,0.0,0,0.0,0,0.0,0,2179.6,35,0.0,0,0.0,0,0.0,0,0.0,0
2012-11-19T09:17:30.500,2179.6,6623,2179.4,33,0.0,0,0.0,0,0.0,0,0.0,0,2179.6,8,0.0,0,0.0,0,0.0,0,0.0,0
2012-11-19T09:17:31.000,2179.4,6629,2179.4,31,0.0,0,0.0,0,0.0,0,0.0,0,2179.6,5,0.0,0,0.0,0,0.0,0,0.0,0
2012-11-19T09:17:31.500,2179.6,6632,2179.4,31,0.0,0,0.0,0,0.0,0,0.0,0,2179.6,2,0.0,0,0.0,0,0.0,0,0.0,0
2012-11-19T09:17:32.000,2179.8,6639,2179.4,33,0.0,0,0.0,0,0.0,0,0.0,0,2179.8,15,0.0,0,0.0,0,0.0,0,0.0,0
2012-11-19T09:17:32.500,2179.8,6644,2179.6,3,0.0,0,0.0,0,0.0,0,0.0,0,2179.8,10,0.0,0,0.0,0,0.0,0,0.0,0
2012-11-19T09:17:33.000,2179.8,6645,2179.6,5,0.0,0,0.0,0,0.0,0,0.0,0,2179.8,10,0.0,0,0.0,0,0.0,0,0.0,0
2012-11-19T09:17:33.500,2179.6,6650,2179.6,7,0.0,0,0.0,0,0.0,0,0.0,0,2179.8,7,0.0,0,0.0,0,0.0,0,0.0,0
2012-11-19T09:17:34.000,2179.8,6655,2179.6,6,0.0,0,0.0,0,0.0,0,0.0,0,2179.8,3,0.0,0,0.0,0,0.0,0,0.0,0
2012-11-19T09:17:34.500,2179.8,6657,2179.6,6,0.0,0,0.0,0,0.0,0,0.0,0,2179.8,1,0.0,0,0.0,0,0.0,0,0.0,0
2012-11-19T09:17:35.000,2179.8,6660,2179.8,10,0.0,0,0.0,0,0.0,0,0.0,0,2180,99,0.0,0,0.0,0,0.0,0,0.0,0
2012-11-19T09:17:35.500,2180,6662,2179.8,11,0.0,0,0.0,0,0.0,0,0.0,0,2180,98,0.0,0,0.0,0,0.0,0,0.0,0
2012-11-19T09:17:36.250,2180,6686,2179.8,11,0.0,0,0.0,0,0.0,0,0.0,0,2180,76,0.0,0,0.0,0,0.0,0,0.0,0
2012-11-19T09:17:37.000,2179.8,6700,2179.6,27,0.0,0,0.0,0,0.0,0,0.0,0,2179.8,21,0.0,0,0.0,0,0.0,0,0.0,0
2012-11-19T09:17:37.500,2179.6,6710,2179.6,27,0.0,0,0.0,0,0.0,0,0.0,0,2179.8,15,0.0,0,0.0,0,0.0,0,0.0,0
2012-11-19T09:17:38.000,2179.8,6726,2179.6,26,0.0,0,0.0,0,0.0,0,0.0,0,2180,78,0.0,0,0.0,0,0.0,0,0.0,0
2012-11-19T09:17:38.500,2179.8,6728,2179.6,26,0.0,0,0.0,0,0.0,0,0.0,0,2179.8,2,0.0,0,0.0,0,0.0,0,0.0,0
2012-11-19T09:17:39.000,2179.6,6734,2179.6,23,0.0,0,0.0,0,0.0,0,0.0,0,2179.8,6,0.0,0,0.0,0,0.0,0,0.0,0
2012-11-19T09:17:39.500,2179.8,6738,2179.6,21,0.0,0,0.0,0,0.0,0,0.0,0,2179.8,7,0.0,0,0.0,0,0.0,0,0.0,0
2012-11-19T09:17:40.250,2179.8,6741,2179.6,23,0.0,0,0.0,0,0.0,0,0.0,0,2179.8,15,0.0,0,0.0,0,0.0,0,0.0,0
2012-11-19T09:17:41.000,2179.8,6757,2179.6,25,0.0,0,0.0,0,0.0,0,0.0,0,2179.8,14,0.0,0,0.0,0,0.0,0,0.0,0
2012-11-19T09:17:41.500,2179.6,6771,2179.6,15,0.0,0,0.0,0,0.0,0,0.0,0,2179.8,18,0.0,0,0.0,0,0.0,0,0.0,0
2012-11-19T09:17:42.000,2179.6,6778,2179.6,8,0.0,0,0.0,0,0.0,0,0.0,0,2179.8,21,0.0,0,0.0,0,0.0,0,0.0,0
2012-11-19T09:17:42.500,2179.6,6792,2179.6,2,0.0,0,0.0,0,0.0,0,0.0,0,2179.8,17,0.0,0,0.0,0,0.0,0,0.0,0
2012-11-19T09:17:43.000,2179.6,6795,2179.6,2,0.0,0,0.0,0,0.0,0,0.0,0,2179.8,15,0.0,0,0.0,0,0.0,0,0.0,0
2012-11-19T09:17:43.500,2179.6,6797,2179.4,19,0.0,0,0.0,0,0.0,0,0.0,0,2179.6,49,0.0,0,0.0,0,0.0,0,0.0,0
2012-11-19T09:17:44.000,2179.6,6800,2179.4,19,0.0,0,0.0,0,0.0,0,0.0,0,2179.6,51,0.0,0,0.0,0,0.0,0,0.0,0
2012-11-19T09:17:44.500,2179.6,6801,2179.4,21,0.0,0,0.0,0,0.0,0,0.0,0,2179.6,52,0.0,0,0.0,0,0.0,0,0.0,0
2012-11-19T09:17:45.000,2179.6,6804,2179.4,21,0.0,0,0.0,0,0.0,0,0.0,0,2179.6,50,0.0,0,0.0,0,0.0,0,0.0,0
2012-11-19T09:17:45.500,2179.6,6807,2179.4,19,0.0,0,0.0,0,0.0,0,0.0,0,2179.6,50,0.0,0,0.0,0,0.0,0,0.0,0
2012-11-19T09:17:46.000,2179.6,6809,2179.4,20,0.0,0,0.0,0,0.0,0,0.0,0,2179.6,48,0.0,0,0.0,0,0.0,0,0.0,0
2012-11-19T09:17:46.500,2179.6,6816,2179.4,18,0.0,0,0.0,0,0.0,0,0.0,0,2179.6,45,0.0,0,0.0,0,0.0,0,0.0,0
2012-11-19T09:17:47.000,2179.6,6819,2179.4,17,0.0,0,0.0,0,0.0,0,0.0,0,2179.6,42,0.0,0,0.0,0,0.0,0,0.0,0
2012-11-19T09:17:47.500,2179.6,6822,2179.4,16,0.0,0,0.0,0,0.0,0,0.0,0,2179.6,40,0.0,0,0.0,0,0.0,0,0.0,0
2012-11-19T09:17:48.250,2179.6,6824,2179.4,15,0.0,0,0.0,0,0.0,0,0.0,0,2179.6,39,0.0,0,0.0,0,0.0,0,0.0,0
2012-11-19T09:17:49.250,2179.6,6825,2179.4,16,0.0,0,0.0,0,0.0,0,0.0,0,2179.6,38,0.0,0,0.0,0,0.0,0,0.0,0
2012-11-19T09:17:50.000,2179.6,6830,2179.4,16,0.0,0,0.0,0,0.0,0,0.0,0,2179.6,34,0.0,0,0.0,0,0.0,0,0.0,0
2012-11-19T09:17:50.500,2179.6,6831,2179.4,16,0.0,0,0.0,0,0.0,0,0.0,0,2179.6,33,0.0,0,0.0,0,0.0,0,0.0,0
2012-11-19T09:17:51.250,2179.6,6843,2179.4,15,0.0,0,0.0,0,0.0,0,0.0,0,2179.6,25,0.0,0,0.0,0,0.0,0,0.0,0
2012-11-19T09:17:52.000,2179.6,6861,2179.4,9,0.0,0,0.0,0,0.0,0,0.0,0,2179.6,19,0.0,0,0.0,0,0.0,0,0.0,0
2012-11-19T09:17:52.500,2179.6,6875,2179.4,9,0.0,0,0.0,0,0.0,0,0.0,0,2179.6,5,0.0,0,0.0,0,0.0,0,0.0,0
2012-11-19T09:17:53.000,2179.6,6878,2179.4,11,0.0,0,0.0,0,0.0,0,0.0,0,2179.6,4,0.0,0,0.0,0,0.0,0,0.0,0
2012-11-19T09:17:53.500,2179.4,6879,2179.4,15,0.0,0,0.0,0,0.0,0,0.0,0,2179.6,4,0.0,0,0.0,0,0.0,0,0.0,0
2012-11-19T09:17:54.000,2179.4,6885,2179.4,31,0.0,0,0.0,0,0.0,0,0.0,0,2179.6,5,0.0,0,0.0,0,0.0,0,0.0,0
2012-11-19T09:17:54.500,2179.6,6887,2179.4,31,0.0,0,0.0,0,0.0,0,0.0,0,2179.6,3,0.0,0,0.0,0,0.0,0,0.0,0
2012-11-19T09:17:55.000,2179.6,6890,2179.6,22,0.0,0,0.0,0,0.0,0,0.0,0,2179.8,32,0.0,0,0.0,0,0.0,0,0.0,0
2012-11-19T09:17:55.500,2179.8,6891,2179.6,24,0.0,0,0.0,0,0.0,0,0.0,0,2179.8,32,0.0,0,0.0,0,0.0,0,0.0,0
2012-11-19T09:17:56.000,2179.8,6892,2179.6,29,0.0,0,0.0,0,0.0,0,0.0,0,2179.8,31,0.0,0,0.0,0,0.0,0,0.0,0
2012-11-19T09:17:56.500,2179.6,6893,2179.6,30,0.0,0,0.0,0,0.0,0,0.0,0,2179.8,30,0.0,0,0.0,0,0.0,0,0.0,0
2012-11-19T09:17:57.000,2179.6,6942,2179.4,43,0.0,0,0.0,0,0.0,0,0.0,0,2179.6,6,0.0,0,0.0,0,0.0,0,0.0,0
2012-11-19T09:17:57.500,2179.8,6950,2179.6,4,0.0,0,0.0,0,0.0,0,0.0,0,2179.8,27,0.0,0,0.0,0,0.0,0,0.0,0
2012-11-19T09:17:58.000,2179.8,6954,2179.6,5,0.0,0,0.0,0,0.0,0,0.0,0,2179.8,27,0.0,0,0.0,0,0.0,0,0.0,0
2012-11-19T09:17:58.500,2179.8,6962,2179.6,2,0.0,0,0.0,0,0.0,0,0.0,0,2179.8,20,0.0,0,0.0,0,0.0,0,0.0,0
2012-11-19T09:17:59.250,2179.6,6963,2179.6,1,0.0,0,0.0,0,0.0,0,0.0,0,2179.8,20,0.0,0,0.0,0,0.0,0,0.0,0
2012-11-19T09:18:00.000,2179.8,6986,2179.8,19,0.0,0,0.0,0,0.0,0,0.0,0,2180,112,0.0,0,0.0,0,0.0,0,0.0,0
2012-11-19T09:18:00.500,2179.8,6993,2179.8,13,0.0,0,0.0,0,0.0,0,0.0,0,2180,110,0.0,0,0.0,0,0.0,0,0.0,0
2012-11-19T09:18:01.250,2180,6999,2179.8,17,0.0,0,0.0,0,0.0,0,0.0,0,2180,104,0.0,0,0.0,0,0.0,0,0.0,0
2012-11-19T09:18:02.000,2179.8,7024,2179.8,11,0.0,0,0.0,0,0.0,0,0.0,0,2180,85,0.0,0,0.0,0,0.0,0,0.0,0
2012-11-19T09:18:02.500,2179.8,7053,2179.8,10,0.0,0,0.0,0,0.0,0,0.0,0,2180,60,0.0,0,0.0,0,0.0,0,0.0,0
2012-11-19T09:18:03.000,2180,7071,2179.8,10,0.0,0,0.0,0,0.0,0,0.0,0,2180,41,0.0,0,0.0,0,0.0,0,0.0,0
2012-11-19T09:18:03.500,2180,7083,2179.8,26,0.0,0,0.0,0,0.0,0,0.0,0,2180,36,0.0,0,0.0,0,0.0,0,0.0,0
2012-11-19T09:18:04.000,2180,7101,2179.8,24,0.0,0,0.0,0,0.0,0,0.0,0,2180,17,0.0,0,0.0,0,0.0,0,0.0,0
2012-11-19T09:18:04.500,2180,7106,2179.8,23,0.0,0,0.0,0,0.0,0,0.0,0,2180,13,0.0,0,0.0,0,0.0,0,0.0,0
2012-11-19T09:18:05.000,2180,7124,2180,16,0.0,0,0.0,0,0.0,0,0.0,0,2180.2,28,0.0,0,0.0,0,0.0,0,0.0,0
2012-11-19T09:18:05.500,2180,7125,2180,18,0.0,0,0.0,0,0.0,0,0.0,0,2180.2,28,0.0,0,0.0,0,0.0,0,0.0,0
2012-11-19T09:18:06.000,2180.2,7126,2180,18,0.0,0,0.0,0,0.0,0,0.0,0,2180.2,27,0.0,0,0.0,0,0.0,0,0.0,0
2012-11-19T09:18:06.500,2180,7127,2180,19,0.0,0,0.0,0,0.0,0,0.0,0,2180.2,27,0.0,0,0.0,0,0.0,0,0.0,0
2012-11-19T09:18:07.000,2180,7134,2180,21,0.0,0,0.0,0,0.0,0,0.0,0,2180.2,26,0.0,0,0.0,0,0.0,0,0.0,0
2012-11-19T09:18:07.500,2180.2,7155,2180,23,0.0,0,0.0,0,0.0,0,0.0,0,2180.2,7,0.0,0,0.0,0,0.0,0,0.0,0
2012-11-19T09:18:08.000,2180,7181,2179.8,21,0.0,0,0.0,0,0.0,0,0.0,0,2180,7,0.0,0,0.0,0,0.0,0,0.0,0
2012-11-19T09:18:08.500,2180.2,7190,2180,1,0.0,0,0.0,0,0.0,0,0.0,0,2180.2,4,0.0,0,0.0,0,0.0,0,0.0,0
2012-11-19T09:18:09.000,2180,7200,2179.8,22,0.0,0,0.0,0,0.0,0,0.0,0,2180,32,0.0,0,0.0,0,0.0,0,0.0,0
2012-11-19T09:18:09.500,2180,7234,2180,9,0.0,0,0.0,0,0.0,0,0.0,0,2180.2,17,0.0,0,0.0,0,0.0,0,0.0,0
2012-11-19T09:18:10.250,2180,7244,2180,11,0.0,0,0.0,0,0.0,0,0.0,0,2180.2,17,0.0,0,0.0,0,0.0,0,0.0,0
2012-11-19T09:18:11.000,2180,7248,2180,10,0.0,0,0.0,0,0.0,0,0.0,0,2180.2,17,0.0,0,0.0,0,0.0,0,0.0,0
2012-11-19T09:18:11.500,2180.2,7249,2180,10,0.0,0,0.0,0,0.0,0,0.0,0,2180.2,22,0.0,0,0.0,0,0.0,0,0.0,0
2012-11-19T09:18:12.000,2180,7256,2180,13,0.0,0,0.0,0,0.0,0,0.0,0,2180.2,20,0.0,0,0.0,0,0.0,0,0.0,0
2012-11-19T09:18:12.500,2180,7270,2179.8,22,0.0,0,0.0,0,0.0,0,0.0,0,2180,38,0.0,0,0.0,0,0.0,0,0.0,0
2012-11-19T09:18:13.000,2180,7285,2179.8,24,0.0,0,0.0,0,0.0,0,0.0,0,2180,24,0.0,0,0.0,0,0.0,0,0.0,0
2012-11-19T09:18:13.500,2180,7288,2179.8,24,0.0,0,0.0,0,0.0,0,0.0,0,2180,21,0.0,0,0.0,0,0.0,0,0.0,0
2012-11-19T09:18:14.000,2180,7303,2179.8,24,0.0,0,0.0,0,0.0,0,0.0,0,2180,8,0.0,0,0.0,0,0.0,0,0.0,0
2012-11-19T09:18:14.500,2180,7306,2179.8,25,0.0,0,0.0,0,0.0,0,0.0,0,2180,5,0.0,0,0.0,0,0.0,0,0.0,0
2012-11-19T09:18:15.000,2180,7308,2179.8,25,0.0,0,0.0,0,0.0,0,0.0,0,2180,3,0.0,0,0.0,0,0.0,0,0.0,0
2012-11-19T09:18:15.500,2180,7311,2180,2,0.0,0,0.0,0,0.0,0,0.0,0,2180.2,26,0.0,0,0.0,0,0.0,0,0.0,0
2012-11-19T09:18:16.000,2180,7313,2180,3,0.0,0,0.0,0,0.0,0,0.0,0,2180.2,27,0.0,0,0.0,0,0.0,0,0.0,0
2012-11-19T09:18:16.500,2180,7314,2180,3,0.0,0,0.0,0,0.0,0,0.0,0,2180.2,27,0.0,0,0.0,0,0.0,0,0.0,0
2012-11-19T09:18:17.000,2180,7316,2180,9,0.0,0,0.0,0,0.0,0,0.0,0,2180.2,27,0.0,0,0.0,0,0.0,0,0.0,0
2012-11-19T09:18:17.500,2180.2,7325,2180,8,0.0,0,0.0,0,0.0,0,0.0,0,2180.2,23,0.0,0,0.0,0,0.0,0,0.0,0
2012-11-19T09:18:18.000,2180,7326,2180,8,0.0,0,0.0,0,0.0,0,0.0,0,2180.2,23,0.0,0,0.0,0,0.0,0,0.0,0
2012-11-19T09:18:18.500,2180.2,7327,2180,8,0.0,0,0.0,0,0.0,0,0.0,0,2180.2,21,0.0,0,0.0,0,0.0,0,0.0,0
2012-11-19T09:18:19.000,2180.2,7338,2179.8,28,0.0,0,0.0,0,0.0,0,0.0,0,2180.2,20,0.0,0,0.0,0,0.0,0,0.0,0
2012-11-19T09:18:19.500,2179.8,7346,2179.8,24,0.0,0,0.0,0,0.0,0,0.0,0,2180,1,0.0,0,0.0,0,0.0,0,0.0,0
2012-11-19T09:18:20.000,2180,7348,2180,2,0.0,0,0.0,0,0.0,0,0.0,0,2180.2,20,0.0,0,0.0,0,0.0,0,0.0,0
2012-11-19T09:18:20.500,2179.8,7355,2180,1,0.0,0,0.0,0,0.0,0,0.0,0,2180.2,22,0.0,0,0.0,0,0.0,0,0.0,0
2012-11-19T09:18:21.000,2179.8,7358,2179.8,19,0.0,0,0.0,0,0.0,0,0.0,0,2180,4,0.0,0,0.0,0,0.0,0,0.0,0
2012-11-19T09:18:21.500,2179.8,7366,2179.8,11,0.0,0,0.0,0,0.0,0,0.0,0,2180,6,0.0,0,0.0,0,0.0,0,0.0,0
2012-11-19T09:18:22.000,2180,7374,2179.8,7,0.0,0,0.0,0,0.0,0,0.0,0,2180,6,0.0,0,0.0,0,0.0,0,0.0,0
2012-11-19T09:18:22.500,2180,7375,2179.8,7,0.0,0,0.0,0,0.0,0,0.0,0,2180,11,0.0,0,0.0,0,0.0,0,0.0,0
2012-11-19T09:18:23.000,2179.8,7383,2179.6,18,0.0,0,0.0,0,0.0,0,0.0,0,2179.8,12,0.0,0,0.0,0,0.0,0,0.0,0
2012-11-19T09:18:23.500,2179.8,7395,2179.8,33,0.0,0,0.0,0,0.0,0,0.0,0,2180,14,0.0,0,0.0,0,0.0,0,0.0,0
2012-11-19T09:18:24.000,2179.8,7400,2179.8,28,0.0,0,0.0,0,0.0,0,0.0,0,2180,17,0.0,0,0.0,0,0.0,0,0.0,0
2012-11-19T09:18:24.500,2180,7420,2180,11,0.0,0,0.0,0,0.0,0,0.0,0,2180.2,30,0.0,0,0.0,0,0.0,0,0.0,0
2012-11-19T09:18:25.000,2180,7436,2180,1,0.0,0,0.0,0,0.0,0,0.0,0,2180.2,30,0.0,0,0.0,0,0.0,0,0.0,0
2012-11-19T09:18:25.500,2180,7446,2179.8,30,0.0,0,0.0,0,0.0,0,0.0,0,2180,9,0.0,0,0.0,0,0.0,0,0.0,0
2012-11-19T09:18:26.250,2179.8,7447,2179.8,30,0.0,0,0.0,0,0.0,0,0.0,0,2180,9,0.0,0,0.0,0,0.0,0,0.0,0
2012-11-19T09:18:27.000,2179.8,7455,2179.8,29,0.0,0,0.0,0,0.0,0,0.0,0,2180,8,0.0,0,0.0,0,0.0,0,0.0,0
2012-11-19T09:18:27.500,2180,7464,2180,1,0.0,0,0.0,0,0.0,0,0.0,0,2180.2,32,0.0,0,0.0,0,0.0,0,0.0,0
2012-11-19T09:18:28.000,2180,7468,2180,1,0.0,0,0.0,0,0.0,0,0.0,0,2180.2,33,0.0,0,0.0,0,0.0,0,0.0,0
2012-11-19T09:18:28.500,2179.8,7473,2179.8,29,0.0,0,0.0,0,0.0,0,0.0,0,2180.2,32,0.0,0,0.0,0,0.0,0,0.0,0
2012-11-19T09:18:29.000,2179.8,7474,2179.8,33,0.0,0,0.0,0,0.0,0,0.0,0,2180,4,0.0,0,0.0,0,0.0,0,0.0,0
2012-11-19T09:18:29.500,2180,7477,2179.8,34,0.0,0,0.0,0,0.0,0,0.0,0,2180,4,0.0,0,0.0,0,0.0,0,0.0,0
2012-11-19T09:18:30.000,2179.8,7479,2179.8,33,0.0,0,0.0,0,0.0,0,0.0,0,2180,14,0.0,0,0.0,0,0.0,0,0.0,0
2012-11-19T09:18:30.500,2179.8,7482,2179.8,30,0.0,0,0.0,0,0.0,0,0.0,0,2180,15,0.0,0,0.0,0,0.0,0,0.0,0
2012-11-19T09:18:31.000,2180,7491,2179.8,31,0.0,0,0.0,0,0.0,0,0.0,0,2180,14,0.0,0,0.0,0,0.0,0,0.0,0
2012-11-19T09:18:31.500,2179.8,7502,2179.8,27,0.0,0,0.0,0,0.0,0,0.0,0,2180,7,0.0,0,0.0,0,0.0,0,0.0,0
2012-11-19T09:18:32.000,2180,7511,2180,6,0.0,0,0.0,0,0.0,0,0.0,0,2180.2,41,0.0,0,0.0,0,0.0,0,0.0,0
2012-11-19T09:18:32.500,2180.2,7515,2180,11,0.0,0,0.0,0,0.0,0,0.0,0,2180.2,40,0.0,0,0.0,0,0.0,0,0.0,0
2012-11-19T09:18:33.000,2180,7516,2180,11,0.0,0,0.0,0,0.0,0,0.0,0,2180.2,40,0.0,0,0.0,0,0.0,0,0.0,0
2012-11-19T09:18:33.500,2180,7519,2180,17,0.0,0,0.0,0,0.0,0,0.0,0,2180.2,40,0.0,0,0.0,0,0.0,0,0.0,0
2012-11-19T09:18:34.000,2180,7525,2180,12,0.0,0,0.0,0,0.0,0,0.0,0,2180.2,40,0.0,0,0.0,0,0.0,0,0.0,0
2012-11-19T09:18:34.500,2179.8,7538,2179.8,29,0.0,0,0.0,0,0.0,0,0.0,0,2180,3,0.0,0,0.0,0,0.0,0,0.0,0
2012-11-19T09:18:35.000,2180,7539,2179.8,29,0.0,0,0.0,0,0.0,0,0.0,0,2180,7,0.0,0,0.0,0,0.0,0,0.0,0
2012-11-19T09:18:35.500,2180,7544,2179.8,30,0.0,0,0.0,0,0.0,0,0.0,0,2180,3,0.0,0,0.0,0,0.0,0,0.0,0
2012-11-19T09:18:36.000,2180,7548,2179.8,30,0.0,0,0.0,0,0.0,0,0.0,0,2180,1,0.0,0,0.0,0,0.0,0,0.0,0
2012-11-19T09:18:36.500,2179.8,7551,2179.8,30,0.0,0,0.0,0,0.0,0,0.0,0,2180.2,55,0.0,0,0.0,0,0.0,0,0.0,0
2012-11-19T09:18:37.000,2180.2,7576,2179.8,30,0.0,0,0.0,0,0.0,0,0.0,0,2180.2,34,0.0,0,0.0,0,0.0,0,0.0,0
2012-11-19T09:18:37.500,2179.8,7578,2179.8,29,0.0,0,0.0,0,0.0,0,0.0,0,2180,1,0.0,0,0.0,0,0.0,0,0.0,0
2012-11-19T09:18:38.000,2180,7581,2179.8,31,0.0,0,0.0,0,0.0,0,0.0,0,2180.2,33,0.0,0,0.0,0,0.0,0,0.0,0
2012-11-19T09:18:38.500,2180.2,7583,2179.8,31,0.0,0,0.0,0,0.0,0,0.0,0,2180.2,31,0.0,0,0.0,0,0.0,0,0.0,0
2012-11-19T09:18:40.250,2180,7585,2179.8,36,0.0,0,0.0,0,0.0,0,0.0,0,2180,2,0.0,0,0.0,0,0.0,0,0.0,0
2012-11-19T09:18:41.000,2180,7586,2179.8,59,0.0,0,0.0,0,0.0,0,0.0,0,2180,1,0.0,0,0.0,0,0.0,0,0.0,0
2012-11-19T09:18:41.500,2180,7590,2180,10,0.0,0,0.0,0,0.0,0,0.0,0,2180.2,35,0.0,0,0.0,0,0.0,0,0.0,0
2012-11-19T09:18:42.000,2180.2,7592,2180,13,0.0,0,0.0,0,0.0,0,0.0,0,2180.2,33,0.0,0,0.0,0,0.0,0,0.0,0
2012-11-19T09:18:42.500,2180.2,7622,2180,19,0.0,0,0.0,0,0.0,0,0.0,0,2180.2,5,0.0,0,0.0,0,0.0,0,0.0,0
2012-11-19T09:18:43.000,2180,7628,2180,21,0.0,0,0.0,0,0.0,0,0.0,0,2180.2,3,0.0,0,0.0,0,0.0,0,0.0,0
2012-11-19T09:18:43.500,2180,7639,2180,12,0.0,0,0.0,0,0.0,0,0.0,0,2180.2,3,0.0,0,0.0,0,0.0,0,0.0,0
2012-11-19T09:18:44.000,2180,7666,2179.8,47,0.0,0,0.0,0,0.0,0,0.0,0,2180,4,0.0,0,0.0,0,0.0,0,0.0,0
2012-11-19T09:18:44.500,2180,7669,2179.8,57,0.0,0,0.0,0,0.0,0,0.0,0,2180,2,0.0,0,0.0,0,0.0,0,0.0,0
2012-11-19T09:18:45.000,2180.2,7672,2179.8,57,0.0,0,0.0,0,0.0,0,0.0,0,2180.2,2,0.0,0,0.0,0,0.0,0,0.0,0
2012-11-19T09:18:45.500,2180,7678,2180,6,0.0,0,0.0,0,0.0,0,0.0,0,2180.2,6,0.0,0,0.0,0,0.0,0,0.0,0
2012-11-19T09:18:46.000,2180,7679,2180,9,0.0,0,0.0,0,0.0,0,0.0,0,2180.2,8,0.0,0,0.0,0,0.0,0,0.0,0
2012-11-19T09:18:46.500,2180.2,7690,2180,1,0.0,0,0.0,0,0.0,0,0.0,0,2180.2,10,0.0,0,0.0,0,0.0,0,0.0,0
2012-11-19T09:18:47.250,2180,7695,2180,4,0.0,0,0.0,0,0.0,0,0.0,0,2180.2,13,0.0,0,0.0,0,0.0,0,0.0,0
2012-11-19T09:18:48.250,2180,7708,2180,7,0.0,0,0.0,0,0.0,0,0.0,0,2180.2,2,0.0,0,0.0,0,0.0,0,0.0,0
2012-11-19T09:18:49.000,2180.2,7712,2180.2,27,0.0,0,0.0,0,0.0,0,0.0,0,2180.4,56,0.0,0,0.0,0,0.0,0,0.0,0
2012-11-19T09:18:49.500,2180.2,7716,2180.2,27,0.0,0,0.0,0,0.0,0,0.0,0,2180.4,53,0.0,0,0.0,0,0.0,0,0.0,0
2012-11-19T09:18:50.000,2180.2,7734,2180.2,12,0.0,0,0.0,0,0.0,0,0.0,0,2180.4,51,0.0,0,0.0,0,0.0,0,0.0,0
2012-11-19T09:18:50.500,2180.4,7743,2180.2,12,0.0,0,0.0,0,0.0,0,0.0,0,2180.4,43,0.0,0,0.0,0,0.0,0,0.0,0
2012-11-19T09:18:51.000,2180.4,7748,2180.2,10,0.0,0,0.0,0,0.0,0,0.0,0,2180.4,41,0.0,0,0.0,0,0.0,0,0.0,0
2012-11-19T09:18:51.500,2180.2,7752,2180.2,8,0.0,0,0.0,0,0.0,0,0.0,0,2180.4,39,0.0,0,0.0,0,0.0,0,0.0,0
2012-11-19T09:18:52.000,2180.2,7758,2180.2,2,0.0,0,0.0,0,0.0,0,0.0,0,2180.4,39,0.0,0,0.0,0,0.0,0,0.0,0
2012-11-19T09:18:52.500,2180.4,7762,2180.2,1,0.0,0,0.0,0,0.0,0,0.0,0,2180.4,37,0.0,0,0.0,0,0.0,0,0.0,0
2012-11-19T09:18:53.000,2180.4,7764,2180.2,1,0.0,0,0.0,0,0.0,0,0.0,0,2180.4,35,0.0,0,0.0,0,0.0,0,0.0,0
2012-11-19T09:18:53.500,2180.4,7774,2180.2,9,0.0,0,0.0,0,0.0,0,0.0,0,2180.4,25,0.0,0,0.0,0,0.0,0,0.0,0
2012-11-19T09:18:54.000,2180.2,7777,2180.2,10,0.0,0,0.0,0,0.0,0,0.0,0,2180.4,25,0.0,0,0.0,0,0.0,0,0.0,0
2012-11-19T09:18:54.500,2180.4,7779,2180.2,10,0.0,0,0.0,0,0.0,0,0.0,0,2180.4,23,0.0,0,0.0,0,0.0,0,0.0,0
2012-11-19T09:18:55.000,2180.4,7781,2180.2,10,0.0,0,0.0,0,0.0,0,0.0,0,2180.4,21,0.0,0,0.0,0,0.0,0,0.0,0
2012-11-19T09:18:55.500,2180.4,7784,2180.2,11,0.0,0,0.0,0,0.0,0,0.0,0,2180.4,19,0.0,0,0.0,0,0.0,0,0.0,0
2012-11-19T09:18:56.250,2180.4,7786,2180.2,16,0.0,0,0.0,0,0.0,0,0.0,0,2180.4,17,0.0,0,0.0,0,0.0,0,0.0,0
2012-11-19T09:18:57.000,2180.2,7793,2180.2,14,0.0,0,0.0,0,0.0,0,0.0,0,2180.4,16,0.0,0,0.0,0,0.0,0,0.0,0
2012-11-19T09:18:57.500,2180.6,7812,2180.4,30,0.0,0,0.0,0,0.0,0,0.0,0,2180.6,30,0.0,0,0.0,0,0.0,0,0.0,0
2012-11-19T09:18:58.000,2180.4,7813,2180.4,36,0.0,0,0.0,0,0.0,0,0.0,0,2180.6,31,0.0,0,0.0,0,0.0,0,0.0,0
2012-11-19T09:18:58.500,2180.6,7822,2180.4,36,0.0,0,0.0,0,0.0,0,0.0,0,2180.6,22,0.0,0,0.0,0,0.0,0,0.0,0
2012-11-19T09:18:59.000,2180.6,7824,2180.4,35,0.0,0,0.0,0,0.0,0,0.0,0,2180.6,21,0.0,0,0.0,0,0.0,0,0.0,0
2012-11-19T09:18:59.500,2180.6,7825,2180.4,35,0.0,0,0.0,0,0.0,0,0.0,0,2180.6,21,0.0,0,0.0,0,0.0,0,0.0,0
2012-11-19T09:19:00.000,2180.6,7829,2180.4,32,0.0,0,0.0,0,0.0,0,0.0,0,2180.6,17,0.0,0,0.0,0,0.0,0,0.0,0
2012-11-19T09:19:00.500,2180.6,7840,2180.4,33,0.0,0,0.0,0,0.0,0,0.0,0,2180.6,6,0.0,0,0.0,0,0.0,0,0.0,0
2012-11-19T09:19:01.000,2180.6,7869,2180.6,1,0.0,0,0.0,0,0.0,0,0.0,0,2180.8,35,0.0,0,0.0,0,0.0,0,0.0,0
2012-11-19T09:19:01.500,2180.8,7875,2180.6,1,0.0,0,0.0,0,0.0,0,0.0,0,2180.8,30,0.0,0,0.0,0,0.0,0,0.0,0
2012-11-19T09:19:02.000,2180.8,7919,2180.4,22,0.0,0,0.0,0,0.0,0,0.0,0,2180.8,13,0.0,0,0.0,0,0.0,0,0.0,0
2012-11-19T09:19:02.500,2180.6,7927,2180.6,1,0.0,0,0.0,0,0.0,0,0.0,0,2180.8,10,0.0,0,0.0,0,0.0,0,0.0,0
2012-11-19T09:19:03.000,2180.8,7939,2180.6,14,0.0,0,0.0,0,0.0,0,0.0,0,2180.8,4,0.0,0,0.0,0,0.0,0,0.0,0
2012-11-19T09:19:03.500,2180.6,7942,2180.6,15,0.0,0,0.0,0,0.0,0,0.0,0,2180.8,3,0.0,0,0.0,0,0.0,0,0.0,0
2012-11-19T09:19:04.000,2180.8,7946,2180.6,15,0.0,0,0.0,0,0.0,0,0.0,0,2180.8,4,0.0,0,0.0,0,0.0,0,0.0,0
2012-11-19T09:19:04.500,2180.8,7952,2180.6,15,0.0,0,0.0,0,0.0,0,0.0,0,2180.8,1,0.0,0,0.0,0,0.0,0,0.0,0
2012-11-19T09:19:05.000,2181,7992,2180.8,2,0.0,0,0.0,0,0.0,0,0.0,0,2181,76,0.0,0,0.0,0,0.0,0,0.0,0
2012-11-19T09:19:05.500,2180.8,8018,2180.6,1,0.0,0,0.0,0,0.0,0,0.0,0,2180.8,38,0.0,0,0.0,0,0.0,0,0.0,0
2012-11-19T09:19:06.000,2180.8,8021,2180.6,1,0.0,0,0.0,0,0.0,0,0.0,0,2180.8,37,0.0,0,0.0,0,0.0,0,0.0,0
2012-11-19T09:19:06.500,2180.8,8038,2180.4,24,0.0,0,0.0,0,0.0,0,0.0,0,2180.6,2,0.0,0,0.0,0,0.0,0,0.0,0
2012-11-19T09:19:07.000,2180.8,8052,2180.4,27,0.0,0,0.0,0,0.0,0,0.0,0,2180.8,32,0.0,0,0.0,0,0.0,0,0.0,0
2012-11-19T09:19:07.500,2180.8,8053,2180.6,2,0.0,0,0.0,0,0.0,0,0.0,0,2180.8,33,0.0,0,0.0,0,0.0,0,0.0,0
2012-11-19T09:19:08.000,2180.8,8059,2180.6,2,0.0,0,0.0,0,0.0,0,0.0,0,2180.8,28,0.0,0,0.0,0,0.0,0,0.0,0
2012-11-19T09:19:08.500,2180.8,8089,2180.8,13,0.0,0,0.0,0,0.0,0,0.0,0,2181,79,0.0,0,0.0,0,0.0,0,0.0,0
2012-11-19T09:19:09.000,2180.8,8094,2180.8,16,0.0,0,0.0,0,0.0,0,0.0,0,2181,79,0.0,0,0.0,0,0.0,0,0.0,0
2012-11-19T09:19:09.500,2181,8105,2180.8,11,0.0,0,0.0,0,0.0,0,0.0,0,2181,78,0.0,0,0.0,0,0.0,0,0.0,0
2012-11-19T09:19:10.000,2181,8106,2180.8,11,0.0,0,0.0,0,0.0,0,0.0,0,2181,80,0.0,0,0.0,0,0.0,0,0.0,0
2012-11-19T09:19:10.500,2180.8,8154,2180.8,9,0.0,0,0.0,0,0.0,0,0.0,0,2181,44,0.0,0,0.0,0,0.0,0,0.0,0
2012-11-19T09:19:11.000,2180.8,8161,2180.8,9,0.0,0,0.0,0,0.0,0,0.0,0,2181,41,0.0,0,0.0,0,0.0,0,0.0,0
2012-11-19T09:19:11.500,2181,8165,2180.8,9,0.0,0,0.0,0,0.0,0,0.0,0,2181,38,0.0,0,0.0,0,0.0,0,0.0,0
2012-11-19T09:19:12.000,2181,8169,2180.8,10,0.0,0,0.0,0,0.0,0,0.0,0,2181,39,0.0,0,0.0,0,0.0,0,0.0,0
2012-11-19T09:19:12.500,2181,8170,2180.8,11,0.0,0,0.0,0,0.0,0,0.0,0,2181,39,0.0,0,0.0,0,0.0,0,0.0,0
2012-11-19T09:19:13.000,2180.8,8181,2180.8,1,0.0,0,0.0,0,0.0,0,0.0,0,2181,39,0.0,0,0.0,0,0.0,0,0.0,0
2012-11-19T09:19:13.500,2181,8225,2181,5,0.0,0,0.0,0,0.0,0,0.0,0,2181.2,22,0.0,0,0.0,0,0.0,0,0.0,0
2012-11-19T09:19:14.000,2181,8227,2181,7,0.0,0,0.0,0,0.0,0,0.0,0,2181.2,22,0.0,0,0.0,0,0.0,0,0.0,0
2012-11-19T09:19:14.500,2181,8228,2181,6,0.0,0,0.0,0,0.0,0,0.0,0,2181.2,22,0.0,0,0.0,0,0.0,0,0.0,0
2012-11-19T09:19:15.000,2181,8230,2181,4,0.0,0,0.0,0,0.0,0,0.0,0,2181.2,23,0.0,0,0.0,0,0.0,0,0.0,0
2012-11-19T09:19:15.500,2180.8,8238,2180.6,2,0.0,0,0.0,0,0.0,0,0.0,0,2180.8,7,0.0,0,0.0,0,0.0,0,0.0,0
2012-11-19T09:19:16.000,2180.6,8244,2180.6,4,0.0,0,0.0,0,0.0,0,0.0,0,2180.8,9,0.0,0,0.0,0,0.0,0,0.0,0
2012-11-19T09:19:16.500,2180.8,8248,2180.6,18,0.0,0,0.0,0,0.0,0,0.0,0,2180.8,7,0.0,0,0.0,0,0.0,0,0.0,0
2012-11-19T09:19:17.000,2180.8,8249,2180.6,4,0.0,0,0.0,0,0.0,0,0.0,0,2180.8,6,0.0,0,0.0,0,0.0,0,0.0,0
2012-11-19T09:19:17.500,2180.6,8251,2180.6,3,0.0,0,0.0,0,0.0,0,0.0,0,2180.8,4,0.0,0,0.0,0,0.0,0,0.0,0
2012-11-19T09:19:18.000,2180.8,8260,2180.6,1,0.0,0,0.0,0,0.0,0,0.0,0,2180.8,8,0.0,0,0.0,0,0.0,0,0.0,0
2012-11-19T09:19:18.500,2180.4,8267,2180.4,16,0.0,0,0.0,0,0.0,0,0.0,0,2180.6,1,0.0,0,0.0,0,0.0,0,0.0,0
2012-11-19T09:19:19.000,2180.4,8269,2180.4,14,0.0,0,0.0,0,0.0,0,0.0,0,2180.6,1,0.0,0,0.0,0,0.0,0,0.0,0
2012-11-19T09:19:19.500,2180.4,8273,2180.4,12,0.0,0,0.0,0,0.0,0,0.0,0,2180.6,2,0.0,0,0.0,0,0.0,0,0.0,0
2012-11-19T09:19:20.000,2180.4,8275,2180.4,11,0.0,0,0.0,0,0.0,0,0.0,0,2180.6,1,0.0,0,0.0,0,0.0,0,0.0,0
2012-11-19T09:19:20.500,2180.6,8282,2180.4,10,0.0,0,0.0,0,0.0,0,0.0,0,2180.6,4,0.0,0,0.0,0,0.0,0,0.0,0
2012-11-19T09:19:21.000,2180.4,8288,2180.4,4,0.0,0,0.0,0,0.0,0,0.0,0,2180.6,23,0.0,0,0.0,0,0.0,0,0.0,0
2012-11-19T09:19:21.500,2180.4,8293,2180.2,22,0.0,0,0.0,0,0.0,0,0.0,0,2180.4,3,0.0,0,0.0,0,0.0,0,0.0,0
2012-11-19T09:19:22.000,2180.2,8323,2180,54,0.0,0,0.0,0,0.0,0,0.0,0,2180.2,5,0.0,0,0.0,0,0.0,0,0.0,0
2012-11-19T09:19:22.500,2180.2,8325,2180,53,0.0,0,0.0,0,0.0,0,0.0,0,2180.2,4,0.0,0,0.0,0,0.0,0,0.0,0
2012-11-19T09:19:23.000,2180,8329,2180,49,0.0,0,0.0,0,0.0,0,0.0,0,2180.2,5,0.0,0,0.0,0,0.0,0,0.0,0
2012-11-19T09:19:23.500,2179.8,8382,2179.8,58,0.0,0,0.0,0,0.0,0,0.0,0,2180,17,0.0,0,0.0,0,0.0,0,0.0,0
2012-11-19T09:19:24.000,2180,8389,2179.8,53,0.0,0,0.0,0,0.0,0,0.0,0,2180,19,0.0,0,0.0,0,0.0,0,0.0,0
2012-11-19T09:19:24.500,2179.8,8415,2179.8,46,0.0,0,0.0,0,0.0,0,0.0,0,2180,1,0.0,0,0.0,0,0.0,0,0.0,0
2012-11-19T09:19:25.000,2180,8423,2180,2,0.0,0,0.0,0,0.0,0,0.0,0,2180.2,5,0.0,0,0.0,0,0.0,0,0.0,0
2012-11-19T09:19:25.500,2180,8425,2179.8,43,0.0,0,0.0,0,0.0,0,0.0,0,2180,2,0.0,0,0.0,0,0.0,0,0.0,0
2012-11-19T09:19:26.000,2180,8433,2179.8,38,0.0,0,0.0,0,0.0,0,0.0,0,2180,3,0.0,0,0.0,0,0.0,0,0.0,0
2012-11-19T09:19:26.500,2179.8,8440,2179.8,32,0.0,0,0.0,0,0.0,0,0.0,0,2180,4,0.0,0,0.0,0,0.0,0,0.0,0
2012-11-19T09:19:27.000,2179.8,8450,2179.8,23,0.0,0,0.0,0,0.0,0,0.0,0,2180,2,0.0,0,0.0,0,0.0,0,0.0,0
2012-11-19T09:19:27.500,2180,8465,2180,19,0.0,0,0.0,0,0.0,0,0.0,0,2180.2,5,0.0,0,0.0,0,0.0,0,0.0,0
2012-11-19T09:19:28.000,2180,8476,2180,10,0.0,0,0.0,0,0.0,0,0.0,0,2180.2,5,0.0,0,0.0,0,0.0,0,0.0,0
2012-11-19T09:19:28.500,2180,8482,2180,8,0.0,0,0.0,0,0.0,0,0.0,0,2180.2,6,0.0,0,0.0,0,0.0,0,0.0,0
2012-11-19T09:19:29.250,2179.8,8498,2179.8,22,0.0,0,0.0,0,0.0,0,0.0,0,2180,15,0.0,0,0.0,0,0.0,0,0.0,0
2012-11-19T09:19:30.000,2179.8,8506,2179.8,15,0.0,0,0.0,0,0.0,0,0.0,0,2180,17,0.0,0,0.0,0,0.0,0,0.0,0
2012-11-19T09:19:30.500,2179.8,8530,2179.6,17,0.0,0,0.0,0,0.0,0,0.0,0,2179.8,2,0.0,0,0.0,0,0.0,0,0.0,0
2012-11-19T09:19:31.000,2179.6,8534,2179.6,14,0.0,0,0.0,0,0.0,0,0.0,0,2179.8,1,0.0,0,0.0,0,0.0,0,0.0,0
2012-11-19T09:19:31.500,2179.6,8563,2179.6,9,0.0,0,0.0,0,0.0,0,0.0,0,2179.8,13,0.0,0,0.0,0,0.0,0,0.0,0
2012-11-19T09:19:32.000,2179.4,8581,2179.4,38,0.0,0,0.0,0,0.0,0,0.0,0,2179.6,4,0.0,0,0.0,0,0.0,0,0.0,0
2012-11-19T09:19:32.500,2179.6,8592,2179.6,34,0.0,0,0.0,0,0.0,0,0.0,0,2179.8,9,0.0,0,0.0,0,0.0,0,0.0,0
2012-11-19T09:19:33.000,2179.6,8596,2179.6,30,0.0,0,0.0,0,0.0,0,0.0,0,2179.8,9,0.0,0,0.0,0,0.0,0,0.0,0
2012-11-19T09:19:33.500,2179.8,8609,2179.6,23,0.0,0,0.0,0,0.0,0,0.0,0,2179.8,4,0.0,0,0.0,0,0.0,0,0.0,0
2012-11-19T09:19:34.000,2179.6,8618,2179.6,17,0.0,0,0.0,0,0.0,0,0.0,0,2179.8,4,0.0,0,0.0,0,0.0,0,0.0,0
2012-11-19T09:19:34.500,2179.6,8628,2179.6,7,0.0,0,0.0,0,0.0,0,0.0,0,2179.8,4,0.0,0,0.0,0,0.0,0,0.0,0
2012-11-19T09:19:35.000,2179.8,8637,2179.8,38,0.0,0,0.0,0,0.0,0,0.0,0,2180,30,0.0,0,0.0,0,0.0,0,0.0,0
2012-11-19T09:19:35.500,2180.2,8690,2179.8,27,0.0,0,0.0,0,0.0,0,0.0,0,2180,1,0.0,0,0.0,0,0.0,0,0.0,0
2012-11-19T09:19:36.000,2180,8691,2180,4,0.0,0,0.0,0,0.0,0,0.0,0,2180.2,10,0.0,0,0.0,0,0.0,0,0.0,0
2012-11-19T09:19:36.500,2180,8700,2179.8,26,0.0,0,0.0,0,0.0,0,0.0,0,2180,2,0.0,0,0.0,0,0.0,0,0.0,0
2012-11-19T09:19:37.250,2179.8,8704,2179.8,25,0.0,0,0.0,0,0.0,0,0.0,0,2180,5,0.0,0,0.0,0,0.0,0,0.0,0
2012-11-19T09:19:38.000,2179.8,8705,2179.8,24,0.0,0,0.0,0,0.0,0,0.0,0,2180,5,0.0,0,0.0,0,0.0,0,0.0,0
2012-11-19T09:19:38.500,2179.8,8709,2179.8,20,0.0,0,0.0,0,0.0,0,0.0,0,2180,6,0.0,0,0.0,0,0.0,0,0.0,0
2012-11-19T09:19:39.000,2179.8,8712,2179.8,18,0.0,0,0.0,0,0.0,0,0.0,0,2180,7,0.0,0,0.0,0,0.0,0,0.0,0
2012-11-19T09:19:39.500,2179.8,8716,2179.8,14,0.0,0,0.0,0,0.0,0,0.0,0,2180,7,0.0,0,0.0,0,0.0,0,0.0,0
2012-11-19T09:19:40.250,2180,8721,2179.8,12,0.0,0,0.0,0,0.0,0,0.0,0,2180,4,0.0,0,0.0,0,0.0,0,0.0,0
2012-11-19T09:19:41.000,2180,8723,2179.8,12,0.0,0,0.0,0,0.0,0,0.0,0,2180,7,0.0,0,0.0,0,0.0,0,0.0,0
2012-11-19T09:19:41.500,2179.8,8724,2179.8,11,0.0,0,0.0,0,0.0,0,0.0,0,2180,7,0.0,0,0.0,0,0.0,0,0.0,0
2012-11-19T09:19:42.250,2180,8725,2179.8,13,0.0,0,0.0,0,0.0,0,0.0,0,2180,15,0.0,0,0.0,0,0.0,0,0.0,0
2012-11-19T09:19:43.000,2180,8731,2179.8,10,0.0,0,0.0,0,0.0,0,0.0,0,2180,15,0.0,0,0.0,0,0.0,0,0.0,0
2012-11-19T09:19:43.500,2179.8,8734,2179.8,8,0.0,0,0.0,0,0.0,0,0.0,0,2180,17,0.0,0,0.0,0,0.0,0,0.0,0
2012-11-19T09:19:44.250,2179.8,8736,2179.8,9,0.0,0,0.0,0,0.0,0,0.0,0,2180,17,0.0,0,0.0,0,0.0,0,0.0,0
2012-11-19T09:19:45.000,2180,8742,2179.8,8,0.0,0,0.0,0,0.0,0,0.0,0,2180,20,0.0,0,0.0,0,0.0,0,0.0,0
2012-11-19T09:19:45.500,2179.8,8747,2179.8,3,0.0,0,0.0,0,0.0,0,0.0,0,2180,22,0.0,0,0.0,0,0.0,0,0.0,0
2012-11-19T09:19:46.000,2180,8783,2180,6,0.0,0,0.0,0,0.0,0,0.0,0,2180.2,18,0.0,0,0.0,0,0.0,0,0.0,0
2012-11-19T09:19:46.500,2180,8792,2179.8,3,0.0,0,0.0,0,0.0,0,0.0,0,2180,11,0.0,0,0.0,0,0.0,0,0.0,0
2012-11-19T09:19:47.250,2179.8,8802,2179.8,4,0.0,0,0.0,0,0.0,0,0.0,0,2180,12,0.0,0,0.0,0,0.0,0,0.0,0
2012-11-19T09:19:48.000,2179.8,8803,2179.8,3,0.0,0,0.0,0,0.0,0,0.0,0,2180,14,0.0,0,0.0,0,0.0,0,0.0,0
2012-11-19T09:19:48.500,2179.8,8805,2179.8,5,0.0,0,0.0,0,0.0,0,0.0,0,2180,16,0.0,0,0.0,0,0.0,0,0.0,0
2012-11-19T09:19:49.250,2180,8806,2179.8,6,0.0,0,0.0,0,0.0,0,0.0,0,2180,15,0.0,0,0.0,0,0.0,0,0.0,0
2012-11-19T09:19:50.000,2180,8807,2179.8,10,0.0,0,0.0,0,0.0,0,0.0,0,2180,18,0.0,0,0.0,0,0.0,0,0.0,0
2012-11-19T09:19:50.500,2180,8808,2179.8,11,0.0,0,0.0,0,0.0,0,0.0,0,2180,22,0.0,0,0.0,0,0.0,0,0.0,0
2012-11-19T09:19:51.000,2179.8,8809,2179.8,10,0.0,0,0.0,0,0.0,0,0.0,0,2180,22,0.0,0,0.0,0,0.0,0,0.0,0
2012-11-19T09:19:51.500,2179.8,8810,2179.8,10,0.0,0,0.0,0,0.0,0,0.0,0,2180,26,0.0,0,0.0,0,0.0,0,0.0,0
2012-11-19T09:19:52.000,2179.8,8812,2179.8,8,0.0,0,0.0,0,0.0,0,0.0,0,2180,26,0.0,0,0.0,0,0.0,0,0.0,0
2012-11-19T09:19:52.500,2179.8,8815,2179.8,5,0.0,0,0.0,0,0.0,0,0.0,0,2180,26,0.0,0,0.0,0,0.0,0,0.0,0
2012-11-19T09:19:53.000,2180,8819,2179.8,3,0.0,0,0.0,0,0.0,0,0.0,0,2180,24,0.0,0,0.0,0,0.0,0,0.0,0
2012-11-19T09:19:53.500,2179.8,8820,2179.8,2,0.0,0,0.0,0,0.0,0,0.0,0,2180,24,0.0,0,0.0,0,0.0,0,0.0,0
2012-11-19T09:19:54.250,2179.6,8826,2179.6,21,0.0,0,0.0,0,0.0,0,0.0,0,2179.8,1,0.0,0,0.0,0,0.0,0,0.0,0
2012-11-19T09:19:55.000,2179.8,8827,2179.8,4,0.0,0,0.0,0,0.0,0,0.0,0,2180,24,0.0,0,0.0,0,0.0,0,0.0,0
2012-11-19T09:19:55.500,2180,8831,2179.8,6,0.0,0,0.0,0,0.0,0,0.0,0,2180,21,0.0,0,0.0,0,0.0,0,0.0,0
2012-11-19T09:19:56.000,2180,8837,2179.8,5,0.0,0,0.0,0,0.0,0,0.0,0,2180,19,0.0,0,0.0,0,0.0,0,0.0,0
2012-11-19T09:19:56.500,2179.8,8849,2179.6,28,0.0,0,0.0,0,0.0,0,0.0,0,2179.8,1,0.0,0,0.0,0,0.0,0,0.0,0
2012-11-19T09:19:57.250,2180,8851,2179.6,28,0.0,0,0.0,0,0.0,0,0.0,0,2180,19,0.0,0,0.0,0,0.0,0,0.0,0
2012-11-19T09:19:58.000,2180,8853,2179.8,4,0.0,0,0.0,0,0.0,0,0.0,0,2180,20,0.0,0,0.0,0,0.0,0,0.0,0
2012-11-19T09:19:58.500,2179.8,8856,2179.8,2,0.0,0,0.0,0,0.0,0,0.0,0,2180,19,0.0,0,0.0,0,0.0,0,0.0,0
2012-11-19T09:19:59.000,2180,8881,2180,18,0.0,0,0.0,0,0.0,0,0.0,0,2180.2,44,0.0,0,0.0,0,0.0,0,0.0,0
2012-11-19T09:19:59.500,2180,8888,2180,11,0.0,0,0.0,0,0.0,0,0.0,0,2180.2,44,0.0,0,0.0,0,0.0,0,0.0,0
2012-11-19T09:20:00.000,2180,8891,2180,8,0.0,0,0.0,0,0.0,0,0.0,0,2180.2,45,0.0,0,0.0,0,0.0,0,0.0,0
2012-11-19T09:20:00.500,2180,8907,2179.8,1,0.0,0,0.0,0,0.0,0,0.0,0,2180,13,0.0,0,0.0,0,0.0,0,0.0,0
2012-11-19T09:20:01.000,2179.8,8930,2179.6,39,0.0,0,0.0,0,0.0,0,0.0,0,2179.8,11,0.0,0,0.0,0,0.0,0,0.0,0
2012-11-19T09:20:01.500,2179.8,8953,2179.6,33,0.0,0,0.0,0,0.0,0,0.0,0,2179.8,8,0.0,0,0.0,0,0.0,0,0.0,0
2012-11-19T09:20:02.000,2180,8972,2179.6,30,0.0,0,0.0,0,0.0,0,0.0,0,2180,5,0.0,0,0.0,0,0.0,0,0.0,0
2012-11-19T09:20:02.500,2180.2,8984,2179.6,30,0.0,0,0.0,0,0.0,0,0.0,0,2180.2,46,0.0,0,0.0,0,0.0,0,0.0,0
2012-11-19T09:20:03.000,2180,8990,2179.6,28,0.0,0,0.0,0,0.0,0,0.0,0,2180,7,0.0,0,0.0,0,0.0,0,0.0,0
2012-11-19T09:20:03.500,2179.8,8994,2179.6,29,0.0,0,0.0,0,0.0,0,0.0,0,2179.8,2,0.0,0,0.0,0,0.0,0,0.0,0
2012-11-19T09:20:04.000,2180,8997,2179.6,29,0.0,0,0.0,0,0.0,0,0.0,0,2180,10,0.0,0,0.0,0,0.0,0,0.0,0
2012-11-19T09:20:04.500,2179.6,9003,2179.6,25,0.0,0,0.0,0,0.0,0,0.0,0,2180,10,0.0,0,0.0,0,0.0,0,0.0,0
2012-11-19T09:20:05.000,2180,9007,2179.8,8,0.0,0,0.0,0,0.0,0,0.0,0,2180,7,0.0,0,0.0,0,0.0,0,0.0,0
2012-11-19T09:20:05.500,2180,9010,2179.8,6,0.0,0,0.0,0,0.0,0,0.0,0,2180,8,0.0,0,0.0,0,0.0,0,0.0,0
2012-11-19T09:20:06.000,2179.6,9022,2179.6,20,0.0,0,0.0,0,0.0,0,0.0,0,2179.8,2,0.0,0,0.0,0,0.0,0,0.0,0
2012-11-19T09:20:06.500,2179.8,9023,2179.6,20,0.0,0,0.0,0,0.0,0,0.0,0,2179.8,3,0.0,0,0.0,0,0.0,0,0.0,0
2012-11-19T09:20:07.000,2180,9036,2179.8,1,0.0,0,0.0,0,0.0,0,0.0,0,2180,7,0.0,0,0.0,0,0.0,0,0.0,0
2012-11-19T09:20:07.500,2180,9042,2179.6,25,0.0,0,0.0,0,0.0,0,0.0,0,2180,4,0.0,0,0.0,0,0.0,0,0.0,0
2012-11-19T09:20:08.000,2180,9055,2179.6,24,0.0,0,0.0,0,0.0,0,0.0,0,2180,11,0.0,0,0.0,0,0.0,0,0.0,0
2012-11-19T09:20:08.500,2180,9058,2179.8,2,0.0,0,0.0,0,0.0,0,0.0,0,2180,20,0.0,0,0.0,0,0.0,0,0.0,0
2012-11-19T09:20:09.000,2180,9063,2179.8,2,0.0,0,0.0,0,0.0,0,0.0,0,2180,15,0.0,0,0.0,0,0.0,0,0.0,0
2012-11-19T09:20:09.500,2180,9066,2179.8,1,0.0,0,0.0,0,0.0,0,0.0,0,2180,13,0.0,0,0.0,0,0.0,0,0.0,0
2012-11-19T09:20:10.000,2179.8,9069,2179.8,2,0.0,0,0.0,0,0.0,0,0.0,0,2180,14,0.0,0,0.0,0,0.0,0,0.0,0
2012-11-19T09:20:10.500,2179.6,9094,2179.6,8,0.0,0,0.0,0,0.0,0,0.0,0,2180,12,0.0,0,0.0,0,0.0,0,0.0,0
2012-11-19T09:20:11.250,2180,9096,2179.6,8,0.0,0,0.0,0,0.0,0,0.0,0,2180,11,0.0,0,0.0,0,0.0,0,0.0,0
2012-11-19T09:20:12.000,2179.6,9099,2179.6,8,0.0,0,0.0,0,0.0,0,0.0,0,2179.8,4,0.0,0,0.0,0,0.0,0,0.0,0
2012-11-19T09:20:12.500,2179.6,9101,2179.6,10,0.0,0,0.0,0,0.0,0,0.0,0,2179.8,6,0.0,0,0.0,0,0.0,0,0.0,0
2012-11-19T09:20:13.000,2179.8,9111,2179.8,1,0.0,0,0.0,0,0.0,0,0.0,0,2180,17,0.0,0,0.0,0,0.0,0,0.0,0
2012-11-19T09:20:13.500,2179.8,9112,2179.6,7,0.0,0,0.0,0,0.0,0,0.0,0,2179.8,4,0.0,0,0.0,0,0.0,0,0.0,0
2012-11-19T09:20:14.000,2179.8,9116,2179.6,8,0.0,0,0.0,0,0.0,0,0.0,0,2179.8,1,0.0,0,0.0,0,0.0,0,0.0,0
2012-11-19T09:20:14.500,2179.6,9119,2179.6,3,0.0,0,0.0,0,0.0,0,0.0,0,2179.8,1,0.0,0,0.0,0,0.0,0,0.0,0
2012-11-19T09:20:15.000,2179.8,9121,2179.8,5,0.0,0,0.0,0,0.0,0,0.0,0,2180,24,0.0,0,0.0,0,0.0,0,0.0,0
2012-11-19T09:20:15.500,2179.8,9125,2179.8,1,0.0,0,0.0,0,0.0,0,0.0,0,2180,24,0.0,0,0.0,0,0.0,0,0.0,0
2012-11-19T09:20:16.250,2179.8,9129,2179.6,7,0.0,0,0.0,0,0.0,0,0.0,0,2179.8,2,0.0,0,0.0,0,0.0,0,0.0,0
2012-11-19T09:20:17.000,2179.8,9135,2179.6,7,0.0,0,0.0,0,0.0,0,0.0,0,2179.8,6,0.0,0,0.0,0,0.0,0,0.0,0
2012-11-19T09:20:17.500,2179.8,9139,2179.6,5,0.0,0,0.0,0,0.0,0,0.0,0,2179.8,7,0.0,0,0.0,0,0.0,0,0.0,0
2012-11-19T09:20:18.250,2179.8,9152,2179.8,4,0.0,0,0.0,0,0.0,0,0.0,0,2180,28,0.0,0,0.0,0,0.0,0,0.0,0
2012-11-19T09:20:19.250,2179.6,9160,2179.4,46,0.0,0,0.0,0,0.0,0,0.0,0,2179.6,13,0.0,0,0.0,0,0.0,0,0.0,0
2012-11-19T09:20:20.000,2179.6,9161,2179.4,49,0.0,0,0.0,0,0.0,0,0.0,0,2179.6,12,0.0,0,0.0,0,0.0,0,0.0,0
2012-11-19T09:20:20.500,2179.6,9174,2179.6,23,0.0,0,0.0,0,0.0,0,0.0,0,2179.8,5,0.0,0,0.0,0,0.0,0,0.0,0
2012-11-19T09:20:21.000,2179.6,9175,2179.6,22,0.0,0,0.0,0,0.0,0,0.0,0,2179.8,6,0.0,0,0.0,0,0.0,0,0.0,0
2012-11-19T09:20:21.500,2179.6,9180,2179.6,22,0.0,0,0.0,0,0.0,0,0.0,0,2179.8,9,0.0,0,0.0,0,0.0,0,0.0,0
2012-11-19T09:20:22.000,2179.6,9187,2179.6,17,0.0,0,0.0,0,0.0,0,0.0,0,2179.8,7,0.0,0,0.0,0,0.0,0,0.0,0
2012-11-19T09:20:22.500,2179.6,9189,2179.6,15,0.0,0,0.0,0,0.0,0,0.0,0,2179.8,7,0.0,0,0.0,0,0.0,0,0.0,0
2012-11-19T09:20:23.000,2179.8,9190,2179.6,16,0.0,0,0.0,0,0.0,0,0.0,0,2179.8,7,0.0,0,0.0,0,0.0,0,0.0,0
2012-11-19T09:20:23.500,2179.8,9194,2179.6,15,0.0,0,0.0,0,0.0,0,0.0,0,2179.8,6,0.0,0,0.0,0,0.0,0,0.0,0
2012-11-19T09:20:24.000,2179.6,9197,2179.6,12,0.0,0,0.0,0,0.0,0,0.0,0,2179.8,7,0.0,0,0.0,0,0.0,0,0.0,0
2012-11-19T09:20:24.500,2179.6,9199,2179.6,25,0.0,0,0.0,0,0.0,0,0.0,0,2179.8,8,0.0,0,0.0,0,0.0,0,0.0,0
2012-11-19T09:20:25.000,2179.8,9208,2179.8,5,0.0,0,0.0,0,0.0,0,0.0,0,2180,51,0.0,0,0.0,0,0.0,0,0.0,0
2012-11-19T09:20:25.500,2179.6,9229,2179.6,8,0.0,0,0.0,0,0.0,0,0.0,0,2179.8,1,0.0,0,0.0,0,0.0,0,0.0,0
2012-11-19T09:20:26.250,2179.6,9232,2179.6,15,0.0,0,0.0,0,0.0,0,0.0,0,2179.8,1,0.0,0,0.0,0,0.0,0,0.0,0
2012-11-19T09:20:28.250,2179.6,9236,2179.6,21,0.0,0,0.0,0,0.0,0,0.0,0,2179.8,11,0.0,0,0.0,0,0.0,0,0.0,0
2012-11-19T09:20:29.000,2179.6,9263,2179.6,6,0.0,0,0.0,0,0.0,0,0.0,0,2179.8,1,0.0,0,0.0,0,0.0,0,0.0,0
2012-11-19T09:20:29.500,2179.6,9265,2179.6,5,0.0,0,0.0,0,0.0,0,0.0,0,2180,66,0.0,0,0.0,0,0.0,0,0.0,0
2012-11-19T09:20:30.000,2179.6,9270,2179.4,53,0.0,0,0.0,0,0.0,0,0.0,0,2179.6,20,0.0,0,0.0,0,0.0,0,0.0,0
2012-11-19T09:20:30.500,2179.4,9289,2179.4,37,0.0,0,0.0,0,0.0,0,0.0,0,2179.6,18,0.0,0,0.0,0,0.0,0,0.0,0
2012-11-19T09:20:31.000,2179.6,9298,2179.4,33,0.0,0,0.0,0,0.0,0,0.0,0,2179.6,17,0.0,0,0.0,0,0.0,0,0.0,0
2012-11-19T09:20:31.500,2179.4,9304,2179.4,28,0.0,0,0.0,0,0.0,0,0.0,0,2179.6,22,0.0,0,0.0,0,0.0,0,0.0,0
2012-11-19T09:20:32.000,2179.4,9311,2179.4,22,0.0,0,0.0,0,0.0,0,0.0,0,2179.6,22,0.0,0,0.0,0,0.0,0,0.0,0
2012-11-19T09:20:32.500,2179.6,9317,2179.4,22,0.0,0,0.0,0,0.0,0,0.0,0,2179.6,26,0.0,0,0.0,0,0.0,0,0.0,0
2012-11-19T09:20:33.000,2179.6,9329,2179.4,11,0.0,0,0.0,0,0.0,0,0.0,0,2179.6,25,0.0,0,0.0,0,0.0,0,0.0,0
2012-11-19T09:20:33.500,2179.4,9350,2179.2,52,0.0,0,0.0,0,0.0,0,0.0,0,2179.4,10,0.0,0,0.0,0,0.0,0,0.0,0
2012-11-19T09:20:34.000,2179.2,9357,2179.2,45,0.0,0,0.0,0,0.0,0,0.0,0,2179.4,14,0.0,0,0.0,0,0.0,0,0.0,0
2012-11-19T09:20:34.500,2179.4,9368,2179.2,39,0.0,0,0.0,0,0.0,0,0.0,0,2179.4,16,0.0,0,0.0,0,0.0,0,0.0,0
2012-11-19T09:20:35.000,2179.4,9378,2179.2,30,0.0,0,0.0,0,0.0,0,0.0,0,2179.4,20,0.0,0,0.0,0,0.0,0,0.0,0
2012-11-19T09:20:35.500,2179.2,9400,2179.2,8,0.0,0,0.0,0,0.0,0,0.0,0,2179.4,21,0.0,0,0.0,0,0.0,0,0.0,0
2012-11-19T09:20:36.000,2179.2,9421,2179,55,0.0,0,0.0,0,0.0,0,0.0,0,2179.2,3,0.0,0,0.0,0,0.0,0,0.0,0
2012-11-19T09:20:36.500,2179,9443,2179,35,0.0,0,0.0,0,0.0,0,0.0,0,2179.2,8,0.0,0,0.0,0,0.0,0,0.0,0
2012-11-19T09:20:37.000,2179,9452,2179,27,0.0,0,0.0,0,0.0,0,0.0,0,2179.2,11,0.0,0,0.0,0,0.0,0,0.0,0
2012-11-19T09:20:37.500,2179.2,9469,2179,12,0.0,0,0.0,0,0.0,0,0.0,0,2179.2,19,0.0,0,0.0,0,0.0,0,0.0,0
2012-11-19T09:20:38.000,2178.8,9484,2178.8,26,0.0,0,0.0,0,0.0,0,0.0,0,2179.2,21,0.0,0,0.0,0,0.0,0,0.0,0
2012-11-19T09:20:38.500,2179,9497,2178.8,17,0.0,0,0.0,0,0.0,0,0.0,0,2179,8,0.0,0,0.0,0,0.0,0,0.0,0
2012-11-19T09:20:39.000,2178.8,9506,2178.8,13,0.0,0,0.0,0,0.0,0,0.0,0,2179,8,0.0,0,0.0,0,0.0,0,0.0,0
2012-11-19T09:20:39.500,2178.8,9529,2179,35,0.0,0,0.0,0,0.0,0,0.0,0,2179.2,23,0.0,0,0.0,0,0.0,0,0.0,0
2012-11-19T09:20:40.000,2179,9550,2179,18,0.0,0,0.0,0,0.0,0,0.0,0,2179.2,20,0.0,0,0.0,0,0.0,0,0.0,0
2012-11-19T09:20:40.500,2179,9580,2178.8,4,0.0,0,0.0,0,0.0,0,0.0,0,2179,5,0.0,0,0.0,0,0.0,0,0.0,0
2012-11-19T09:20:41.000,2178.8,9592,2178.8,19,0.0,0,0.0,0,0.0,0,0.0,0,2179,8,0.0,0,0.0,0,0.0,0,0.0,0
2012-11-19T09:20:41.500,2178.8,9601,2178.8,10,0.0,0,0.0,0,0.0,0,0.0,0,2179,12,0.0,0,0.0,0,0.0,0,0.0,0
2012-11-19T09:20:42.000,2178.8,9611,2178.8,3,0.0,0,0.0,0,0.0,0,0.0,0,2179,19,0.0,0,0.0,0,0.0,0,0.0,0
2012-11-19T09:20:42.500,2179,9617,2178.8,2,0.0,0,0.0,0,0.0,0,0.0,0,2179,21,0.0,0,0.0,0,0.0,0,0.0,0
2012-11-19T09:20:43.000,2178.8,9627,2178.6,30,0.0,0,0.0,0,0.0,0,0.0,0,2178.8,2,0.0,0,0.0,0,0.0,0,0.0,0
2012-11-19T09:20:43.500,2178.6,9630,2178.6,28,0.0,0,0.0,0,0.0,0,0.0,0,2178.8,10,0.0,0,0.0,0,0.0,0,0.0,0
2012-11-19T09:20:44.000,2178.4,9688,2178.4,13,0.0,0,0.0,0,0.0,0,0.0,0,2178.8,2,0.0,0,0.0,0,0.0,0,0.0,0
2012-11-19T09:20:44.500,2178.2,9715,2178.2,41,0.0,0,0.0,0,0.0,0,0.0,0,2178.4,5,0.0,0,0.0,0,0.0,0,0.0,0
2012-11-19T09:20:45.000,2178.2,9749,2178.2,26,0.0,0,0.0,0,0.0,0,0.0,0,2178.6,35,0.0,0,0.0,0,0.0,0,0.0,0
2012-11-19T09:20:45.500,2178.2,9773,2178.2,6,0.0,0,0.0,0,0.0,0,0.0,0,2178.4,1,0.0,0,0.0,0,0.0,0,0.0,0
2012-11-19T09:20:46.000,2178.2,9796,2178,60,0.0,0,0.0,0,0.0,0,0.0,0,2178.2,2,0.0,0,0.0,0,0.0,0,0.0,0
2012-11-19T09:20:46.500,2178.2,9823,2178,56,0.0,0,0.0,0,0.0,0,0.0,0,2178.2,59,0.0,0,0.0,0,0.0,0,0.0,0
2012-11-19T09:20:47.000,2178,9843,2178,41,0.0,0,0.0,0,0.0,0,0.0,0,2178.2,56,0.0,0,0.0,0,0.0,0,0.0,0
2012-11-19T09:20:47.500,2178.2,9879,2178,29,0.0,0,0.0,0,0.0,0,0.0,0,2178.2,35,0.0,0,0.0,0,0.0,0,0.0,0
2012-11-19T09:20:48.000,2178.2,9922,2178,8,0.0,0,0.0,0,0.0,0,0.0,0,2178.2,16,0.0,0,0.0,0,0.0,0,0.0,0
2012-11-19T09:20:48.500,2178.2,9953,2178,12,0.0,0,0.0,0,0.0,0,0.0,0,2178.2,2,0.0,0,0.0,0,0.0,0,0.0,0
2012-11-19T09:20:49.000,2178.2,9970,2178.2,25,0.0,0,0.0,0,0.0,0,0.0,0,2178.4,1,0.0,0,0.0,0,0.0,0,0.0,0
2012-11-19T09:20:49.500,2178.2,9982,2178.2,16,0.0,0,0.0,0,0.0,0,0.0,0,2178.6,45,0.0,0,0.0,0,0.0,0,0.0,0
2012-11-19T09:20:50.000,2178.2,9996,2178.2,12,0.0,0,0.0,0,0.0,0,0.0,0,2178.6,59,0.0,0,0.0,0,0.0,0,0.0,0
2012-11-19T09:20:50.500,2178.2,10019,2178.2,1,0.0,0,0.0,0,0.0,0,0.0,0,2178.4,7,0.0,0,0.0,0,0.0,0,0.0,0
2012-11-19T09:20:51.000,2178,10028,2178,30,0.0,0,0.0,0,0.0,0,0.0,0,2178.2,3,0.0,0,0.0,0,0.0,0,0.0,0
2012-11-19T09:20:51.500,2178,10042,2178,21,0.0,0,0.0,0,0.0,0,0.0,0,2178.2,11,0.0,0,0.0,0,0.0,0,0.0,0
2012-11-19T09:20:52.000,2178,10084,2178,8,0.0,0,0.0,0,0.0,0,0.0,0,2178.2,14,0.0,0,0.0,0,0.0,0,0.0,0
2012-11-19T09:20:52.500,2178,10102,2177.8,50,0.0,0,0.0,0,0.0,0,0.0,0,2178,8,0.0,0,0.0,0,0.0,0,0.0,0
2012-11-19T09:20:53.000,2178.2,10140,2178,1,0.0,0,0.0,0,0.0,0,0.0,0,2178.2,36,0.0,0,0.0,0,0.0,0,0.0,0
2012-11-19T09:20:53.500,2177.8,10150,2177.8,25,0.0,0,0.0,0,0.0,0,0.0,0,2178,4,0.0,0,0.0,0,0.0,0,0.0,0
2012-11-19T09:20:54.000,2177.8,10171,2177.8,26,0.0,0,0.0,0,0.0,0,0.0,0,2178,2,0.0,0,0.0,0,0.0,0,0.0,0
2012-11-19T09:20:54.500,2177.8,10181,2177.8,9,0.0,0,0.0,0,0.0,0,0.0,0,2178,4,0.0,0,0.0,0,0.0,0,0.0,0
2012-11-19T09:20:55.000,2177.8,10188,2177.8,5,0.0,0,0.0,0,0.0,0,0.0,0,2178,3,0.0,0,0.0,0,0.0,0,0.0,0
2012-11-19T09:20:55.500,2177.8,10199,2177.6,26,0.0,0,0.0,0,0.0,0,0.0,0,2177.8,1,0.0,0,0.0,0,0.0,0,0.0,0
2012-11-19T09:20:56.000,2178,10206,2177.8,1,0.0,0,0.0,0,0.0,0,0.0,0,2178,6,0.0,0,0.0,0,0.0,0,0.0,0
2012-11-19T09:20:56.500,2177.8,10221,2177.6,24,0.0,0,0.0,0,0.0,0,0.0,0,2177.8,4,0.0,0,0.0,0,0.0,0,0.0,0
2012-11-19T09:20:57.000,2177.8,10229,2177.6,37,0.0,0,0.0,0,0.0,0,0.0,0,2178,17,0.0,0,0.0,0,0.0,0,0.0,0
2012-11-19T09:20:57.500,2178,10241,2177.8,5,0.0,0,0.0,0,0.0,0,0.0,0,2178,14,0.0,0,0.0,0,0.0,0,0.0,0
2012-11-19T09:20:58.000,2177.8,10262,2177.8,3,0.0,0,0.0,0,0.0,0,0.0,0,2178,8,0.0,0,0.0,0,0.0,0,0.0,0
2012-11-19T09:20:58.500,2178,10280,2177.8,9,0.0,0,0.0,0,0.0,0,0.0,0,2178,4,0.0,0,0.0,0,0.0,0,0.0,0
2012-11-19T09:20:59.000,2178,10285,2177.8,42,0.0,0,0.0,0,0.0,0,0.0,0,2178,9,0.0,0,0.0,0,0.0,0,0.0,0
2012-11-19T09:20:59.500,2178.2,10313,2178,41,0.0,0,0.0,0,0.0,0,0.0,0,2178.2,46,0.0,0,0.0,0,0.0,0,0.0,0
2012-11-19T09:21:00.000,2178.2,10349,2178,57,0.0,0,0.0,0,0.0,0,0.0,0,2178.2,16,0.0,0,0.0,0,0.0,0,0.0,0
2012-11-19T09:21:00.500,2178,10391,2178,43,0.0,0,0.0,0,0.0,0,0.0,0,2178.4,16,0.0,0,0.0,0,0.0,0,0.0,0
2012-11-19T09:21:01.000,2178,10396,2178.2,2,0.0,0,0.0,0,0.0,0,0.0,0,2178.4,22,0.0,0,0.0,0,0.0,0,0.0,0
2012-11-19T09:21:01.500,2178,10406,2178,27,0.0,0,0.0,0,0.0,0,0.0,0,2178.2,10,0.0,0,0.0,0,0.0,0,0.0,0
2012-11-19T09:21:02.000,2178,10429,2178,17,0.0,0,0.0,0,0.0,0,0.0,0,2178.2,4,0.0,0,0.0,0,0.0,0,0.0,0
2012-11-19T09:21:02.500,2178,10460,2178,31,0.0,0,0.0,0,0.0,0,0.0,0,2178.2,8,0.0,0,0.0,0,0.0,0,0.0,0
2012-11-19T09:21:03.000,2178,10471,2178,43,0.0,0,0.0,0,0.0,0,0.0,0,2178.2,9,0.0,0,0.0,0,0.0,0,0.0,0
2012-11-19T09:21:03.500,2178.2,10482,2178,28,0.0,0,0.0,0,0.0,0,0.0,0,2178.2,10,0.0,0,0.0,0,0.0,0,0.0,0
2012-11-19T09:21:04.000,2178,10490,2178,21,0.0,0,0.0,0,0.0,0,0.0,0,2178.2,7,0.0,0,0.0,0,0.0,0,0.0,0
2012-11-19T09:21:04.500,2178.2,10499,2178,17,0.0,0,0.0,0,0.0,0,0.0,0,2178.2,9,0.0,0,0.0,0,0.0,0,0.0,0
2012-11-19T09:21:05.000,2178.2,10510,2178,12,0.0,0,0.0,0,0.0,0,0.0,0,2178.2,6,0.0,0,0.0,0,0.0,0,0.0,0
2012-11-19T09:21:05.500,2178.2,10520,2178,8,0.0,0,0.0,0,0.0,0,0.0,0,2178.2,2,0.0,0,0.0,0,0.0,0,0.0,0
2012-11-19T09:21:06.000,2178.2,10524,2178.2,7,0.0,0,0.0,0,0.0,0,0.0,0,2178.4,7,0.0,0,0.0,0,0.0,0,0.0,0
2012-11-19T09:21:06.500,2178.2,10537,2178.2,4,0.0,0,0.0,0,0.0,0,0.0,0,2178.4,13,0.0,0,0.0,0,0.0,0,0.0,0
2012-11-19T09:21:07.000,2178.4,10543,2178,14,0.0,0,0.0,0,0.0,0,0.0,0,2178.4,30,0.0,0,0.0,0,0.0,0,0.0,0
2012-11-19T09:21:07.500,2178.2,10548,2178,26,0.0,0,0.0,0,0.0,0,0.0,0,2178.2,4,0.0,0,0.0,0,0.0,0,0.0,0
2012-11-19T09:21:08.000,2178,10581,2178,11,0.0,0,0.0,0,0.0,0,0.0,0,2178.4,14,0.0,0,0.0,0,0.0,0,0.0,0
2012-11-19T09:21:08.500,2178,10586,2178,9,0.0,0,0.0,0,0.0,0,0.0,0,2178.4,27,0.0,0,0.0,0,0.0,0,0.0,0
2012-11-19T09:21:09.000,2178.2,10594,2178,15,0.0,0,0.0,0,0.0,0,0.0,0,2178.2,19,0.0,0,0.0,0,0.0,0,0.0,0
2012-11-19T09:21:09.500,2178,10596,2178,3,0.0,0,0.0,0,0.0,0,0.0,0,2178.2,29,0.0,0,0.0,0,0.0,0,0.0,0
2012-11-19T09:21:10.000,2178,10602,2177.8,29,0.0,0,0.0,0,0.0,0,0.0,0,2178,2,0.0,0,0.0,0,0.0,0,0.0,0
2012-11-19T09:21:10.500,2178.2,10613,2178,5,0.0,0,0.0,0,0.0,0,0.0,0,2178.2,37,0.0,0,0.0,0,0.0,0,0.0,0
2012-11-19T09:21:11.000,2177.8,10651,2177.6,22,0.0,0,0.0,0,0.0,0,0.0,0,2177.8,13,0.0,0,0.0,0,0.0,0,0.0,0
2012-11-19T09:21:11.500,2177.6,10665,2177.6,15,0.0,0,0.0,0,0.0,0,0.0,0,2177.8,6,0.0,0,0.0,0,0.0,0,0.0,0
2012-11-19T09:21:12.000,2177.6,10693,2177.6,2,0.0,0,0.0,0,0.0,0,0.0,0,2177.8,3,0.0,0,0.0,0,0.0,0,0.0,0
2012-11-19T09:21:12.500,2177.4,10707,2177.4,44,0.0,0,0.0,0,0.0,0,0.0,0,2177.6,10,0.0,0,0.0,0,0.0,0,0.0,0
2012-11-19T09:21:13.000,2177.4,10744,2177.4,18,0.0,0,0.0,0,0.0,0,0.0,0,2177.6,12,0.0,0,0.0,0,0.0,0,0.0,0
2012-11-19T09:21:13.500,2177.6,10756,2177.4,14,0.0,0,0.0,0,0.0,0,0.0,0,2177.6,8,0.0,0,0.0,0,0.0,0,0.0,0
2012-11-19T09:21:14.000,2177.4,10771,2177.4,1,0.0,0,0.0,0,0.0,0,0.0,0,2177.6,11,0.0,0,0.0,0,0.0,0,0.0,0
2012-11-19T09:21:14.500,2177.8,10789,2177.6,5,0.0,0,0.0,0,0.0,0,0.0,0,2177.8,12,0.0,0,0.0,0,0.0,0,0.0,0
2012-11-19T09:21:15.000,2177.6,10799,2177.6,1,0.0,0,0.0,0,0.0,0,0.0,0,2177.8,9,0.0,0,0.0,0,0.0,0,0.0,0
2012-11-19T09:21:15.500,2177.6,10806,2177.6,8,0.0,0,0.0,0,0.0,0,0.0,0,2177.8,21,0.0,0,0.0,0,0.0,0,0.0,0
2012-11-19T09:21:16.000,2177.8,10810,2177.6,7,0.0,0,0.0,0,0.0,0,0.0,0,2177.8,17,0.0,0,0.0,0,0.0,0,0.0,0
2012-11-19T09:21:16.500,2177.6,10828,2177.6,3,0.0,0,0.0,0,0.0,0,0.0,0,2177.8,6,0.0,0,0.0,0,0.0,0,0.0,0
2012-11-19T09:21:17.000,2177.8,10833,2177.6,18,0.0,0,0.0,0,0.0,0,0.0,0,2178,11,0.0,0,0.0,0,0.0,0,0.0,0
2012-11-19T09:21:17.500,2178,10852,2177.8,4,0.0,0,0.0,0,0.0,0,0.0,0,2178,11,0.0,0,0.0,0,0.0,0,0.0,0
2012-11-19T09:21:18.000,2177.8,10857,2177.8,3,0.0,0,0.0,0,0.0,0,0.0,0,2178,13,0.0,0,0.0,0,0.0,0,0.0,0
2012-11-19T09:21:18.500,2178,10863,2177.8,8,0.0,0,0.0,0,0.0,0,0.0,0,2178,15,0.0,0,0.0,0,0.0,0,0.0,0
2012-11-19T09:21:19.000,2177.8,10873,2177.6,11,0.0,0,0.0,0,0.0,0,0.0,0,2177.8,1,0.0,0,0.0,0,0.0,0,0.0,0
2012-11-19T09:21:19.500,2177.6,10875,2177.6,12,0.0,0,0.0,0,0.0,0,0.0,0,2177.8,3,0.0,0,0.0,0,0.0,0,0.0,0
2012-11-19T09:21:20.000,2177.6,10881,2177.6,10,0.0,0,0.0,0,0.0,0,0.0,0,2177.8,5,0.0,0,0.0,0,0.0,0,0.0,0
2012-11-19T09:21:20.500,2177.6,10886,2177.6,14,0.0,0,0.0,0,0.0,0,0.0,0,2177.8,4,0.0,0,0.0,0,0.0,0,0.0,0
2012-11-19T09:21:21.000,2177.6,10892,2177.6,9,0.0,0,0.0,0,0.0,0,0.0,0,2177.8,13,0.0,0,0.0,0,0.0,0,0.0,0
2012-11-19T09:21:21.500,2177.6,10901,2177.6,4,0.0,0,0.0,0,0.0,0,0.0,0,2177.8,10,0.0,0,0.0,0,0.0,0,0.0,0
2012-11-19T09:21:22.000,2177.8,10904,2177.6,5,0.0,0,0.0,0,0.0,0,0.0,0,2177.8,10,0.0,0,0.0,0,0.0,0,0.0,0
2012-11-19T09:21:22.500,2177.8,10906,2177.6,4,0.0,0,0.0,0,0.0,0,0.0,0,2177.8,9,0.0,0,0.0,0,0.0,0,0.0,0
2012-11-19T09:21:23.000,2177.8,10922,2177.6,2,0.0,0,0.0,0,0.0,0,0.0,0,2178,27,0.0,0,0.0,0,0.0,0,0.0,0
2012-11-19T09:21:23.500,2177.8,10925,2177.8,1,0.0,0,0.0,0,0.0,0,0.0,0,2178,27,0.0,0,0.0,0,0.0,0,0.0,0
2012-11-19T09:21:24.000,2177.6,10933,2177.4,32,0.0,0,0.0,0,0.0,0,0.0,0,2177.6,16,0.0,0,0.0,0,0.0,0,0.0,0
2012-11-19T09:21:24.500,2177.6,10938,2177.4,32,0.0,0,0.0,0,0.0,0,0.0,0,2177.6,11,0.0,0,0.0,0,0.0,0,0.0,0
2012-11-19T09:21:25.000,2177.6,10945,2177.4,32,0.0,0,0.0,0,0.0,0,0.0,0,2177.6,4,0.0,0,0.0,0,0.0,0,0.0,0
2012-11-19T09:21:25.500,2177.6,10956,2177.6,10,0.0,0,0.0,0,0.0,0,0.0,0,2177.8,1,0.0,0,0.0,0,0.0,0,0.0,0
2012-11-19T09:21:26.000,2177.6,10963,2177.8,4,0.0,0,0.0,0,0.0,0,0.0,0,2178,42,0.0,0,0.0,0,0.0,0,0.0,0
2012-11-19T09:21:26.500,2177.8,10969,2177.8,1,0.0,0,0.0,0,0.0,0,0.0,0,2178,41,0.0,0,0.0,0,0.0,0,0.0,0
2012-11-19T09:21:27.000,2178,10983,2177.6,43,0.0,0,0.0,0,0.0,0,0.0,0,2178,34,0.0,0,0.0,0,0.0,0,0.0,0
2012-11-19T09:21:27.500,2178,10986,2177.6,47,0.0,0,0.0,0,0.0,0,0.0,0,2177.8,5,0.0,0,0.0,0,0.0,0,0.0,0
2012-11-19T09:21:28.000,2177.6,10992,2177.6,47,0.0,0,0.0,0,0.0,0,0.0,0,2177.8,1,0.0,0,0.0,0,0.0,0,0.0,0
2012-11-19T09:21:28.500,2177.8,10996,2177.8,2,0.0,0,0.0,0,0.0,0,0.0,0,2178,35,0.0,0,0.0,0,0.0,0,0.0,0
2012-11-19T09:21:29.000,2178,11004,2177.8,1,0.0,0,0.0,0,0.0,0,0.0,0,2178,31,0.0,0,0.0,0,0.0,0,0.0,0
2012-11-19T09:21:29.500,2177.6,11014,2177.8,14,0.0,0,0.0,0,0.0,0,0.0,0,2178,31,0.0,0,0.0,0,0.0,0,0.0,0
2012-11-19T09:21:30.000,2178,11025,2177.8,24,0.0,0,0.0,0,0.0,0,0.0,0,2178,21,0.0,0,0.0,0,0.0,0,0.0,0
2012-11-19T09:21:30.500,2177.8,11036,2177.8,19,0.0,0,0.0,0,0.0,0,0.0,0,2178,19,0.0,0,0.0,0,0.0,0,0.0,0
2012-11-19T09:21:31.000,2178,11043,2177.8,19,0.0,0,0.0,0,0.0,0,0.0,0,2178,21,0.0,0,0.0,0,0.0,0,0.0,0
2012-11-19T09:21:31.500,2178,11044,2177.8,22,0.0,0,0.0,0,0.0,0,0.0,0,2178,20,0.0,0,0.0,0,0.0,0,0.0,0
2012-11-19T09:21:32.000,2178,11046,2177.8,22,0.0,0,0.0,0,0.0,0,0.0,0,2178,18,0.0,0,0.0,0,0.0,0,0.0,0
2012-11-19T09:21:32.500,2178,11065,2178,33,0.0,0,0.0,0,0.0,0,0.0,0,2178.2,40,0.0,0,0.0,0,0.0,0,0.0,0
2012-11-19T09:21:33.000,2178.2,11072,2178,32,0.0,0,0.0,0,0.0,0,0.0,0,2178.2,37,0.0,0,0.0,0,0.0,0,0.0,0
2012-11-19T09:21:33.500,2178,11079,2178,30,0.0,0,0.0,0,0.0,0,0.0,0,2178.2,37,0.0,0,0.0,0,0.0,0,0.0,0
2012-11-19T09:21:34.000,2178,11086,2178,27,0.0,0,0.0,0,0.0,0,0.0,0,2178.2,33,0.0,0,0.0,0,0.0,0,0.0,0
2012-11-19T09:21:34.500,2178.2,11091,2178,28,0.0,0,0.0,0,0.0,0,0.0,0,2178.2,30,0.0,0,0.0,0,0.0,0,0.0,0
2012-11-19T09:21:35.000,2178,11101,2178,24,0.0,0,0.0,0,0.0,0,0.0,0,2178.2,25,0.0,0,0.0,0,0.0,0,0.0,0
2012-11-19T09:21:35.500,2178.2,11103,2178,35,0.0,0,0.0,0,0.0,0,0.0,0,2178.2,23,0.0,0,0.0,0,0.0,0,0.0,0
2012-11-19T09:21:36.000,2178.2,11110,2178,34,0.0,0,0.0,0,0.0,0,0.0,0,2178.2,20,0.0,0,0.0,0,0.0,0,0.0,0
2012-11-19T09:21:36.500,2178,11116,2178,33,0.0,0,0.0,0,0.0,0,0.0,0,2178.2,15,0.0,0,0.0,0,0.0,0,0.0,0
2012-11-19T09:21:37.000,2178.2,11119,2178,30,0.0,0,0.0,0,0.0,0,0.0,0,2178.2,13,0.0,0,0.0,0,0.0,0,0.0,0
2012-11-19T09:21:37.500,2178.2,11130,2178,30,0.0,0,0.0,0,0.0,0,0.0,0,2178.2,4,0.0,0,0.0,0,0.0,0,0.0,0
2012-11-19T09:21:38.000,2178.2,11134,2178,33,0.0,0,0.0,0,0.0,0,0.0,0,2178.2,2,0.0,0,0.0,0,0.0,0,0.0,0
2012-11-19T09:21:38.500,2178.2,11136,2178,33,0.0,0,0.0,0,0.0,0,0.0,0,2178.4,17,0.0,0,0.0,0,0.0,0,0.0,0
2012-11-19T09:21:39.000,2178.4,11139,2178,36,0.0,0,0.0,0,0.0,0,0.0,0,2178.4,17,0.0,0,0.0,0,0.0,0,0.0,0
2012-11-19T09:21:39.500,2178.4,11148,2178.2,22,0.0,0,0.0,0,0.0,0,0.0,0,2178.4,14,0.0,0,0.0,0,0.0,0,0.0,0
2012-11-19T09:21:40.000,2178.2,11154,2178.2,25,0.0,0,0.0,0,0.0,0,0.0,0,2178.4,10,0.0,0,0.0,0,0.0,0,0.0,0
2012-11-19T09:21:40.500,2178.4,11181,2178.2,4,0.0,0,0.0,0,0.0,0,0.0,0,2178.4,4,0.0,0,0.0,0,0.0,0,0.0,0
2012-11-19T09:21:41.000,2178.4,11185,2178.4,5,0.0,0,0.0,0,0.0,0,0.0,0,2178.6,9,0.0,0,0.0,0,0.0,0,0.0,0
2012-11-19T09:21:41.500,2178.6,11189,2178.4,4,0.0,0,0.0,0,0.0,0,0.0,0,2178.6,9,0.0,0,0.0,0,0.0,0,0.0,0
2012-11-19T09:21:42.250,2178.4,11193,2178.4,3,0.0,0,0.0,0,0.0,0,0.0,0,2178.6,18,0.0,0,0.0,0,0.0,0,0.0,0
2012-11-19T09:21:43.000,2178.4,11198,2178.2,7,0.0,0,0.0,0,0.0,0,0.0,0,2178.6,24,0.0,0,0.0,0,0.0,0,0.0,0
2012-11-19T09:21:43.500,2178.6,11202,2178.2,9,0.0,0,0.0,0,0.0,0,0.0,0,2178.6,23,0.0,0,0.0,0,0.0,0,0.0,0
2012-11-19T09:21:44.000,2178.6,11204,2178.2,13,0.0,0,0.0,0,0.0,0,0.0,0,2178.4,1,0.0,0,0.0,0,0.0,0,0.0,0
2012-11-19T09:21:44.500,2178.4,11214,2178.2,13,0.0,0,0.0,0,0.0,0,0.0,0,2178.4,2,0.0,0,0.0,0,0.0,0,0.0,0
2012-11-19T09:21:45.000,2178.6,11223,2178.4,3,0.0,0,0.0,0,0.0,0,0.0,0,2178.6,17,0.0,0,0.0,0,0.0,0,0.0,0
2012-11-19T09:21:45.500,2178.2,11233,2178.4,1,0.0,0,0.0,0,0.0,0,0.0,0,2178.6,22,0.0,0,0.0,0,0.0,0,0.0,0
2012-11-19T09:21:46.000,2178.4,11243,2178.4,3,0.0,0,0.0,0,0.0,0,0.0,0,2178.6,18,0.0,0,0.0,0,0.0,0,0.0,0
2012-11-19T09:21:46.500,2178.6,11247,2178.4,5,0.0,0,0.0,0,0.0,0,0.0,0,2178.6,15,0.0,0,0.0,0,0.0,0,0.0,0
2012-11-19T09:21:47.000,2178.6,11250,2178.4,7,0.0,0,0.0,0,0.0,0,0.0,0,2178.6,13,0.0,0,0.0,0,0.0,0,0.0,0
2012-11-19T09:21:47.500,2178.6,11251,2178.4,16,0.0,0,0.0,0,0.0,0,0.0,0,2178.6,16,0.0,0,0.0,0,0.0,0,0.0,0
2012-11-19T09:21:48.250,2178.6,11254,2178.4,15,0.0,0,0.0,0,0.0,0,0.0,0,2178.6,14,0.0,0,0.0,0,0.0,0,0.0,0
2012-11-19T09:21:49.000,2178.6,11271,2178.4,6,0.0,0,0.0,0,0.0,0,0.0,0,2178.6,11,0.0,0,0.0,0,0.0,0,0.0,0
2012-11-19T09:21:49.500,2178.6,11272,2178.4,7,0.0,0,0.0,0,0.0,0,0.0,0,2178.6,12,0.0,0,0.0,0,0.0,0,0.0,0
2012-11-19T09:21:50.000,2178.4,11273,2178.4,6,0.0,0,0.0,0,0.0,0,0.0,0,2178.6,13,0.0,0,0.0,0,0.0,0,0.0,0
2012-11-19T09:21:50.500,2178.6,11277,2178.4,4,0.0,0,0.0,0,0.0,0,0.0,0,2178.6,21,0.0,0,0.0,0,0.0,0,0.0,0
2012-11-19T09:21:51.000,2178.4,11281,2178.2,21,0.0,0,0.0,0,0.0,0,0.0,0,2178.6,26,0.0,0,0.0,0,0.0,0,0.0,0
2012-11-19T09:21:51.500,2178.6,11287,2178.2,20,0.0,0,0.0,0,0.0,0,0.0,0,2178.4,4,0.0,0,0.0,0,0.0,0,0.0,0
2012-11-19T09:21:52.000,2178.2,11288,2178.2,19,0.0,0,0.0,0,0.0,0,0.0,0,2178.4,16,0.0,0,0.0,0,0.0,0,0.0,0
2012-11-19T09:21:52.500,2178.2,11292,2178.2,13,0.0,0,0.0,0,0.0,0,0.0,0,2178.4,16,0.0,0,0.0,0,0.0,0,0.0,0
2012-11-19T09:21:53.250,2178.2,11305,2178.2,2,0.0,0,0.0,0,0.0,0,0.0,0,2178.4,20,0.0,0,0.0,0,0.0,0,0.0,0
2012-11-19T09:21:54.250,2178.2,11309,2178,48,0.0,0,0.0,0,0.0,0,0.0,0,2178.2,11,0.0,0,0.0,0,0.0,0,0.0,0
2012-11-19T09:21:55.000,2178,11311,2178,47,0.0,0,0.0,0,0.0,0,0.0,0,2178.2,14,0.0,0,0.0,0,0.0,0,0.0,0
2012-11-19T09:21:55.500,2178.2,11314,2178,47,0.0,0,0.0,0,0.0,0,0.0,0,2178.2,10,0.0,0,0.0,0,0.0,0,0.0,0
2012-11-19T09:21:56.000,2178.2,11319,2178,49,0.0,0,0.0,0,0.0,0,0.0,0,2178.2,5,0.0,0,0.0,0,0.0,0,0.0,0
2012-11-19T09:21:56.500,2178.2,11342,2178,28,0.0,0,0.0,0,0.0,0,0.0,0,2178.2,3,0.0,0,0.0,0,0.0,0,0.0,0
2012-11-19T09:21:57.000,2178.2,11344,2178,28,0.0,0,0.0,0,0.0,0,0.0,0,2178.2,1,0.0,0,0.0,0,0.0,0,0.0,0
2012-11-19T09:21:57.500,2178,11348,2178,27,0.0,0,0.0,0,0.0,0,0.0,0,2178.2,4,0.0,0,0.0,0,0.0,0,0.0,0
2012-11-19T09:21:58.000,2178,11356,2178,20,0.0,0,0.0,0,0.0,0,0.0,0,2178.2,5,0.0,0,0.0,0,0.0,0,0.0,0
2012-11-19T09:21:58.500,2178.2,11357,2178,22,0.0,0,0.0,0,0.0,0,0.0,0,2178.2,4,0.0,0,0.0,0,0.0,0,0.0,0
2012-11-19T09:21:59.000,2178,11360,2178,50,0.0,0,0.0,0,0.0,0,0.0,0,2178.2,14,0.0,0,0.0,0,0.0,0,0.0,0
2012-11-19T09:21:59.500,2178,11374,2178,36,0.0,0,0.0,0,0.0,0,0.0,0,2178.2,14,0.0,0,0.0,0,0.0,0,0.0,0
2012-11-19T09:22:00.000,2178.2,11379,2178,36,0.0,0,0.0,0,0.0,0,0.0,0,2178.2,10,0.0,0,0.0,0,0.0,0,0.0,0
2012-11-19T09:22:00.500,2178,11387,2178,31,0.0,0,0.0,0,0.0,0,0.0,0,2178.2,11,0.0,0,0.0,0,0.0,0,0.0,0
2012-11-19T09:22:01.000,2178.2,11399,2178,28,0.0,0,0.0,0,0.0,0,0.0,0,2178.2,3,0.0,0,0.0,0,0.0,0,0.0,0
2012-11-19T09:22:01.500,2178,11412,2178,16,0.0,0,0.0,0,0.0,0,0.0,0,2178.2,3,0.0,0,0.0,0,0.0,0,0.0,0
2012-11-19T09:22:02.000,2178,11438,2178.2,3,0.0,0,0.0,0,0.0,0,0.0,0,2178.4,23,0.0,0,0.0,0,0.0,0,0.0,0
2012-11-19T09:22:02.500,2178.2,11441,2178.2,11,0.0,0,0.0,0,0.0,0,0.0,0,2178.4,23,0.0,0,0.0,0,0.0,0,0.0,0
2012-11-19T09:22:03.000,2178.2,11449,2178.2,11,0.0,0,0.0,0,0.0,0,0.0,0,2178.4,19,0.0,0,0.0,0,0.0,0,0.0,0
2012-11-19T09:22:03.500,2178.2,11453,2178.2,22,0.0,0,0.0,0,0.0,0,0.0,0,2178.4,19,0.0,0,0.0,0,0.0,0,0.0,0
2012-11-19T09:22:04.000,2178.4,11459,2178.2,20,0.0,0,0.0,0,0.0,0,0.0,0,2178.4,16,0.0,0,0.0,0,0.0,0,0.0,0
2012-11-19T09:22:04.500,2178.4,11466,2178.2,16,0.0,0,0.0,0,0.0,0,0.0,0,2178.4,13,0.0,0,0.0,0,0.0,0,0.0,0
2012-11-19T09:22:05.000,2178.4,11470,2178.2,14,0.0,0,0.0,0,0.0,0,0.0,0,2178.4,12,0.0,0,0.0,0,0.0,0,0.0,0
2012-11-19T09:22:05.500,2178.4,11475,2178.2,14,0.0,0,0.0,0,0.0,0,0.0,0,2178.4,7,0.0,0,0.0,0,0.0,0,0.0,0
2012-11-19T09:22:06.000,2178.4,11480,2178.2,19,0.0,0,0.0,0,0.0,0,0.0,0,2178.4,3,0.0,0,0.0,0,0.0,0,0.0,0
2012-11-19T09:22:06.500,2178.2,11487,2178.2,16,0.0,0,0.0,0,0.0,0,0.0,0,2178.4,2,0.0,0,0.0,0,0.0,0,0.0,0
2012-11-19T09:22:07.000,2178.6,11492,2178.2,15,0.0,0,0.0,0,0.0,0,0.0,0,2178.6,17,0.0,0,0.0,0,0.0,0,0.0,0
2012-11-19T09:22:07.500,2178.2,11493,2178.2,18,0.0,0,0.0,0,0.0,0,0.0,0,2178.4,1,0.0,0,0.0,0,0.0,0,0.0,0
2012-11-19T09:22:08.000,2178.2,11513,2178,12,0.0,0,0.0,0,0.0,0,0.0,0,2178.2,2,0.0,0,0.0,0,0.0,0,0.0,0
2012-11-19T09:22:08.500,2178.2,11516,2178.2,3,0.0,0,0.0,0,0.0,0,0.0,0,2178.6,22,0.0,0,0.0,0,0.0,0,0.0,0
2012-11-19T09:22:09.000,2178.4,11521,2178.2,5,0.0,0,0.0,0,0.0,0,0.0,0,2178.4,12,0.0,0,0.0,0,0.0,0,0.0,0
2012-11-19T09:22:09.500,2178.2,11524,2178.2,8,0.0,0,0.0,0,0.0,0,0.0,0,2178.4,18,0.0,0,0.0,0,0.0,0,0.0,0
2012-11-19T09:22:10.250,2178.4,11527,2178.2,6,0.0,0,0.0,0,0.0,0,0.0,0,2178.4,12,0.0,0,0.0,0,0.0,0,0.0,0
2012-11-19T09:22:11.000,2178.2,11528,2178.2,7,0.0,0,0.0,0,0.0,0,0.0,0,2178.4,12,0.0,0,0.0,0,0.0,0,0.0,0
2012-11-19T09:22:11.500,2178.2,11530,2178.2,6,0.0,0,0.0,0,0.0,0,0.0,0,2178.4,11,0.0,0,0.0,0,0.0,0,0.0,0
2012-11-19T09:22:12.000,2178.2,11537,2178,18,0.0,0,0.0,0,0.0,0,0.0,0,2178.2,53,0.0,0,0.0,0,0.0,0,0.0,0
2012-11-19T09:22:12.500,2178.2,11546,2178,10,0.0,0,0.0,0,0.0,0,0.0,0,2178.2,54,0.0,0,0.0,0,0.0,0,0.0,0
2012-11-19T09:22:13.000,2178,11561,2177.8,56,0.0,0,0.0,0,0.0,0,0.0,0,2178,42,0.0,0,0.0,0,0.0,0,0.0,0
2012-11-19T09:22:13.500,2177.8,11581,2177.8,50,0.0,0,0.0,0,0.0,0,0.0,0,2178,41,0.0,0,0.0,0,0.0,0,0.0,0
2012-11-19T09:22:14.000,2178,11584,2177.8,49,0.0,0,0.0,0,0.0,0,0.0,0,2178,38,0.0,0,0.0,0,0.0,0,0.0,0
2012-11-19T09:22:14.500,2177.8,11585,2177.8,48,0.0,0,0.0,0,0.0,0,0.0,0,2178,38,0.0,0,0.0,0,0.0,0,0.0,0
2012-11-19T09:22:15.000,2177.8,11589,2177.8,46,0.0,0,0.0,0,0.0,0,0.0,0,2178,27,0.0,0,0.0,0,0.0,0,0.0,0
2012-11-19T09:22:15.500,2178,11606,2177.8,40,0.0,0,0.0,0,0.0,0,0.0,0,2178,17,0.0,0,0.0,0,0.0,0,0.0,0
2012-11-19T09:22:16.000,2177.8,11614,2177.8,32,0.0,0,0.0,0,0.0,0,0.0,0,2178,18,0.0,0,0.0,0,0.0,0,0.0,0
2012-11-19T09:22:16.500,2178,11618,2177.8,31,0.0,0,0.0,0,0.0,0,0.0,0,2178,16,0.0,0,0.0,0,0.0,0,0.0,0
2012-11-19T09:22:17.000,2177.8,11619,2177.8,30,0.0,0,0.0,0,0.0,0,0.0,0,2178,10,0.0,0,0.0,0,0.0,0,0.0,0
2012-11-19T09:22:17.500,2177.8,11626,2177.8,24,0.0,0,0.0,0,0.0,0,0.0,0,2178,9,0.0,0,0.0,0,0.0,0,0.0,0
2012-11-19T09:22:18.000,2178,11628,2177.8,24,0.0,0,0.0,0,0.0,0,0.0,0,2178,7,0.0,0,0.0,0,0.0,0,0.0,0
2012-11-19T09:22:18.500,2178,11635,2178,7,0.0,0,0.0,0,0.0,0,0.0,0,2178.2,54,0.0,0,0.0,0,0.0,0,0.0,0
2012-11-19T09:22:19.250,2178,11638,2178,6,0.0,0,0.0,0,0.0,0,0.0,0,2178.2,54,0.0,0,0.0,0,0.0,0,0.0,0
2012-11-19T09:22:20.000,2178,11640,2178,4,0.0,0,0.0,0,0.0,0,0.0,0,2178.2,54,0.0,0,0.0,0,0.0,0,0.0,0
2012-11-19T09:22:20.500,2178,11646,2177.8,27,0.0,0,0.0,0,0.0,0,0.0,0,2178.2,53,0.0,0,0.0,0,0.0,0,0.0,0
2012-11-19T09:22:21.000,2178.2,11647,2177.8,29,0.0,0,0.0,0,0.0,0,0.0,0,2178.2,52,0.0,0,0.0,0,0.0,0,0.0,0
2012-11-19T09:22:21.500,2177.8,11648,2177.8,29,0.0,0,0.0,0,0.0,0,0.0,0,2178,2,0.0,0,0.0,0,0.0,0,0.0,0
2012-11-19T09:22:22.000,2178,11649,2177.8,29,0.0,0,0.0,0,0.0,0,0.0,0,2178,6,0.0,0,0.0,0,0.0,0,0.0,0
2012-11-19T09:22:22.500,2178,11651,2177.8,28,0.0,0,0.0,0,0.0,0,0.0,0,2178,12,0.0,0,0.0,0,0.0,0,0.0,0
2012-11-19T09:22:23.000,2178,11661,2177.8,32,0.0,0,0.0,0,0.0,0,0.0,0,2178,5,0.0,0,0.0,0,0.0,0,0.0,0
2012-11-19T09:22:23.500,2177.8,11664,2177.8,31,0.0,0,0.0,0,0.0,0,0.0,0,2178,5,0.0,0,0.0,0,0.0,0,0.0,0
2012-11-19T09:22:24.250,2178,11665,2177.8,32,0.0,0,0.0,0,0.0,0,0.0,0,2178,3,0.0,0,0.0,0,0.0,0,0.0,0
2012-11-19T09:22:25.000,2177.8,11668,2177.8,30,0.0,0,0.0,0,0.0,0,0.0,0,2178,17,0.0,0,0.0,0,0.0,0,0.0,0
2012-11-19T09:22:25.500,2178,11676,2177.8,30,0.0,0,0.0,0,0.0,0,0.0,0,2178,9,0.0,0,0.0,0,0.0,0,0.0,0
2012-11-19T09:22:26.000,2178,11678,2177.8,31,0.0,0,0.0,0,0.0,0,0.0,0,2178,9,0.0,0,0.0,0,0.0,0,0.0,0
2012-11-19T09:22:26.500,2178,11680,2177.8,31,0.0,0,0.0,0,0.0,0,0.0,0,2178,15,0.0,0,0.0,0,0.0,0,0.0,0
2012-11-19T09:22:27.250,2177.8,11681,2177.8,30,0.0,0,0.0,0,0.0,0,0.0,0,2178,18,0.0,0,0.0,0,0.0,0,0.0,0
2012-11-19T09:22:28.000,2178,11683,2177.8,32,0.0,0,0.0,0,0.0,0,0.0,0,2178,21,0.0,0,0.0,0,0.0,0,0.0,0
2012-11-19T09:22:28.500,2178,11688,2177.8,31,0.0,0,0.0,0,0.0,0,0.0,0,2178,18,0.0,0,0.0,0,0.0,0,0.0,0
2012-11-19T09:22:29.000,2177.8,11726,2177.8,10,0.0,0,0.0,0,0.0,0,0.0,0,2178,3,0.0,0,0.0,0,0.0,0,0.0,0
2012-11-19T09:22:29.500,2177.8,11729,2177.8,7,0.0,0,0.0,0,0.0,0,0.0,0,2178,4,0.0,0,0.0,0,0.0,0,0.0,0
2012-11-19T09:22:30.000,2177.8,11731,2177.8,6,0.0,0,0.0,0,0.0,0,0.0,0,2178,8,0.0,0,0.0,0,0.0,0,0.0,0
2012-11-19T09:22:30.500,2177.8,11737,2177.6,41,0.0,0,0.0,0,0.0,0,0.0,0,2178,12,0.0,0,0.0,0,0.0,0,0.0,0
2012-11-19T09:22:31.000,2178,11738,2177.8,2,0.0,0,0.0,0,0.0,0,0.0,0,2178,11,0.0,0,0.0,0,0.0,0,0.0,0
2012-11-19T09:22:31.500,2177.8,11743,2177.8,10,0.0,0,0.0,0,0.0,0,0.0,0,2178,10,0.0,0,0.0,0,0.0,0,0.0,0
2012-11-19T09:22:32.250,2178,11744,2177.8,13,0.0,0,0.0,0,0.0,0,0.0,0,2178,16,0.0,0,0.0,0,0.0,0,0.0,0
2012-11-19T09:22:33.000,2177.8,11745,2177.8,12,0.0,0,0.0,0,0.0,0,0.0,0,2178,16,0.0,0,0.0,0,0.0,0,0.0,0
2012-11-19T09:22:33.500,2177.8,11748,2177.8,11,0.0,0,0.0,0,0.0,0,0.0,0,2178,16,0.0,0,0.0,0,0.0,0,0.0,0
2012-11-19T09:22:34.000,2178,11757,2177.8,8,0.0,0,0.0,0,0.0,0,0.0,0,2178,10,0.0,0,0.0,0,0.0,0,0.0,0
2012-11-19T09:22:34.500,2177.8,11762,2177.8,7,0.0,0,0.0,0,0.0,0,0.0,0,2178,9,0.0,0,0.0,0,0.0,0,0.0,0
2012-11-19T09:22:35.000,2178,11763,2177.8,7,0.0,0,0.0,0,0.0,0,0.0,0,2178,7,0.0,0,0.0,0,0.0,0,0.0,0
2012-11-19T09:22:35.500,2177.8,11766,2177.8,5,0.0,0,0.0,0,0.0,0,0.0,0,2178,12,0.0,0,0.0,0,0.0,0,0.0,0
2012-11-19T09:22:36.000,2177.8,11787,2177.6,45,0.0,0,0.0,0,0.0,0,0.0,0,2178.2,54,0.0,0,0.0,0,0.0,0,0.0,0
2012-11-19T09:22:36.500,2178,11790,2177.6,46,0.0,0,0.0,0,0.0,0,0.0,0,2178.2,54,0.0,0,0.0,0,0.0,0,0.0,0
2012-11-19T09:22:37.000,2177.8,11828,2177.6,12,0.0,0,0.0,0,0.0,0,0.0,0,2177.8,1,0.0,0,0.0,0,0.0,0,0.0,0
2012-11-19T09:22:37.500,2177.8,11831,2177.6,12,0.0,0,0.0,0,0.0,0,0.0,0,2177.8,3,0.0,0,0.0,0,0.0,0,0.0,0
2012-11-19T09:22:38.250,2177.8,11834,2177.8,2,0.0,0,0.0,0,0.0,0,0.0,0,2178.2,88,0.0,0,0.0,0,0.0,0,0.0,0
2012-11-19T09:22:39.000,2177.8,11836,2177.6,11,0.0,0,0.0,0,0.0,0,0.0,0,2177.8,1,0.0,0,0.0,0,0.0,0,0.0,0
2012-11-19T09:22:39.500,2177.8,11837,2177.6,12,0.0,0,0.0,0,0.0,0,0.0,0,2178,2,0.0,0,0.0,0,0.0,0,0.0,0
2012-11-19T09:22:40.250,2178,11840,2177.6,11,0.0,0,0.0,0,0.0,0,0.0,0,2178,21,0.0,0,0.0,0,0.0,0,0.0,0
2012-11-19T09:22:41.000,2177.6,11844,2177.6,11,0.0,0,0.0,0,0.0,0,0.0,0,2177.8,1,0.0,0,0.0,0,0.0,0,0.0,0
2012-11-19T09:22:41.500,2177.6,11845,2177.6,11,0.0,0,0.0,0,0.0,0,0.0,0,2178,24,0.0,0,0.0,0,0.0,0,0.0,0
2012-11-19T09:22:42.000,2177.8,11848,2177.6,12,0.0,0,0.0,0,0.0,0,0.0,0,2178,26,0.0,0,0.0,0,0.0,0,0.0,0
2012-11-19T09:22:42.500,2178,11859,2177.6,11,0.0,0,0.0,0,0.0,0,0.0,0,2178,17,0.0,0,0.0,0,0.0,0,0.0,0
2012-11-19T09:22:43.000,2177.6,11860,2177.8,8,0.0,0,0.0,0,0.0,0,0.0,0,2178,17,0.0,0,0.0,0,0.0,0,0.0,0
2012-11-19T09:22:43.500,2177.6,11861,2177.8,7,0.0,0,0.0,0,0.0,0,0.0,0,2178,18,0.0,0,0.0,0,0.0,0,0.0,0
2012-11-19T09:22:44.000,2177.8,11864,2177.8,13,0.0,0,0.0,0,0.0,0,0.0,0,2178,18,0.0,0,0.0,0,0.0,0,0.0,0
2012-11-19T09:22:44.500,2177.8,11875,2177.8,5,0.0,0,0.0,0,0.0,0,0.0,0,2178,18,0.0,0,0.0,0,0.0,0,0.0,0
2012-11-19T09:22:45.000,2178,11885,2177.8,1,0.0,0,0.0,0,0.0,0,0.0,0,2178,11,0.0,0,0.0,0,0.0,0,0.0,0
2012-11-19T09:22:45.500,2177.8,11889,2177.8,3,0.0,0,0.0,0,0.0,0,0.0,0,2178,11,0.0,0,0.0,0,0.0,0,0.0,0
2012-11-19T09:22:46.250,2177.8,11892,2177.6,24,0.0,0,0.0,0,0.0,0,0.0,0,2178,13,0.0,0,0.0,0,0.0,0,0.0,0
2012-11-19T09:22:48.000,2178,11893,2177.8,9,0.0,0,0.0,0,0.0,0,0.0,0,2178,16,0.0,0,0.0,0,0.0,0,0.0,0
2012-11-19T09:22:48.500,2178,11896,2177.8,11,0.0,0,0.0,0,0.0,0,0.0,0,2178,15,0.0,0,0.0,0,0.0,0,0.0,0
2012-11-19T09:22:49.000,2177.8,11897,2177.8,15,0.0,0,0.0,0,0.0,0,0.0,0,2178,16,0.0,0,0.0,0,0.0,0,0.0,0
2012-11-19T09:22:49.500,2177.8,11913,2177.6,36,0.0,0,0.0,0,0.0,0,0.0,0,2177.8,24,0.0,0,0.0,0,0.0,0,0.0,0
2012-11-19T09:22:50.000,2177.6,11914,2177.6,37,0.0,0,0.0,0,0.0,0,0.0,0,2177.8,25,0.0,0,0.0,0,0.0,0,0.0,0
2012-11-19T09:22:50.500,2177.6,11918,2177.6,35,0.0,0,0.0,0,0.0,0,0.0,0,2177.8,42,0.0,0,0.0,0,0.0,0,0.0,0
2012-11-19T09:22:51.000,2177.6,11930,2177.6,24,0.0,0,0.0,0,0.0,0,0.0,0,2177.8,42,0.0,0,0.0,0,0.0,0,0.0,0
2012-11-19T09:22:51.500,2177.6,11943,2177.6,11,0.0,0,0.0,0,0.0,0,0.0,0,2177.8,43,0.0,0,0.0,0,0.0,0,0.0,0
2012-11-19T09:22:52.000,2177.6,11954,2177.4,61,0.0,0,0.0,0,0.0,0,0.0,0,2177.6,3,0.0,0,0.0,0,0.0,0,0.0,0
2012-11-19T09:22:52.500,2177.4,11966,2177.4,52,0.0,0,0.0,0,0.0,0,0.0,0,2177.6,3,0.0,0,0.0,0,0.0,0,0.0,0
2012-11-19T09:22:53.000,2177.4,11968,2177.4,50,0.0,0,0.0,0,0.0,0,0.0,0,2177.6,6,0.0,0,0.0,0,0.0,0,0.0,0
2012-11-19T09:22:53.500,2177.4,11975,2177.4,46,0.0,0,0.0,0,0.0,0,0.0,0,2177.6,3,0.0,0,0.0,0,0.0,0,0.0,0
2012-11-19T09:22:54.000,2177.6,11979,2177.4,46,0.0,0,0.0,0,0.0,0,0.0,0,2177.6,4,0.0,0,0.0,0,0.0,0,0.0,0
2012-11-19T09:22:54.500,2177.4,11981,2177.4,44,0.0,0,0.0,0,0.0,0,0.0,0,2177.6,6,0.0,0,0.0,0,0.0,0,0.0,0
2012-11-19T09:22:55.000,2177.8,11989,2177.4,42,0.0,0,0.0,0,0.0,0,0.0,0,2177.8,43,0.0,0,0.0,0,0.0,0,0.0,0
2012-11-19T09:22:55.500,2177.4,12001,2177.6,1,0.0,0,0.0,0,0.0,0,0.0,0,2177.8,44,0.0,0,0.0,0,0.0,0,0.0,0
2012-11-19T09:22:56.000,2177.4,12004,2177.4,32,0.0,0,0.0,0,0.0,0,0.0,0,2177.6,1,0.0,0,0.0,0,0.0,0,0.0,0
2012-11-19T09:22:56.500,2177.6,12019,2177.6,2,0.0,0,0.0,0,0.0,0,0.0,0,2177.8,75,0.0,0,0.0,0,0.0,0,0.0,0
2012-11-19T09:22:57.250,2177.4,12026,2177.4,20,0.0,0,0.0,0,0.0,0,0.0,0,2177.6,13,0.0,0,0.0,0,0.0,0,0.0,0
2012-11-19T09:22:58.000,2177.4,12044,2177.4,3,0.0,0,0.0,0,0.0,0,0.0,0,2177.6,19,0.0,0,0.0,0,0.0,0,0.0,0
2012-11-19T09:22:58.500,2177.6,12049,2177.4,1,0.0,0,0.0,0,0.0,0,0.0,0,2177.6,21,0.0,0,0.0,0,0.0,0,0.0,0
2012-11-19T09:22:59.000,2177.2,12051,2177.2,57,0.0,0,0.0,0,0.0,0,0.0,0,2177.4,2,0.0,0,0.0,0,0.0,0,0.0,0
2012-11-19T09:22:59.500,2177.6,12096,2177.2,56,0.0,0,0.0,0,0.0,0,0.0,0,2177.8,64,0.0,0,0.0,0,0.0,0,0.0,0
2012-11-19T09:23:00.000,2177.2,12104,2177.4,2,0.0,0,0.0,0,0.0,0,0.0,0,2177.6,2,0.0,0,0.0,0,0.0,0,0.0,0
2012-11-19T09:23:00.500,2177.4,12116,2177.4,12,0.0,0,0.0,0,0.0,0,0.0,0,2177.6,2,0.0,0,0.0,0,0.0,0,0.0,0
2012-11-19T09:23:01.000,2177.4,12118,2177.4,15,0.0,0,0.0,0,0.0,0,0.0,0,2177.6,2,0.0,0,0.0,0,0.0,0,0.0,0
2012-11-19T09:23:01.500,2177.4,12133,2177.4,10,0.0,0,0.0,0,0.0,0,0.0,0,2177.6,2,0.0,0,0.0,0,0.0,0,0.0,0
2012-11-19T09:23:02.000,2177.6,12136,2177.4,14,0.0,0,0.0,0,0.0,0,0.0,0,2177.6,1,0.0,0,0.0,0,0.0,0,0.0,0
2012-11-19T09:23:02.500,2177.4,12152,2177.2,47,0.0,0,0.0,0,0.0,0,0.0,0,2177.4,27,0.0,0,0.0,0,0.0,0,0.0,0
2012-11-19T09:23:03.000,2177.4,12158,2177.2,47,0.0,0,0.0,0,0.0,0,0.0,0,2177.4,21,0.0,0,0.0,0,0.0,0,0.0,0
2012-11-19T09:23:03.500,2177.4,12162,2177.2,47,0.0,0,0.0,0,0.0,0,0.0,0,2177.4,19,0.0,0,0.0,0,0.0,0,0.0,0
2012-11-19T09:23:04.000,2177.2,12164,2177.2,50,0.0,0,0.0,0,0.0,0,0.0,0,2177.4,18,0.0,0,0.0,0,0.0,0,0.0,0
2012-11-19T09:23:04.500,2177.4,12171,2177.2,50,0.0,0,0.0,0,0.0,0,0.0,0,2177.4,11,0.0,0,0.0,0,0.0,0,0.0,0
2012-11-19T09:23:05.000,2177.2,12190,2177.2,48,0.0,0,0.0,0,0.0,0,0.0,0,2177.6,4,0.0,0,0.0,0,0.0,0,0.0,0
2012-11-19T09:23:05.500,2177.4,12192,2177.4,42,0.0,0,0.0,0,0.0,0,0.0,0,2177.6,20,0.0,0,0.0,0,0.0,0,0.0,0
2012-11-19T09:23:06.000,2177.4,12195,2177.4,52,0.0,0,0.0,0,0.0,0,0.0,0,2177.6,27,0.0,0,0.0,0,0.0,0,0.0,0
2012-11-19T09:23:06.500,2177.6,12222,2177.4,55,0.0,0,0.0,0,0.0,0,0.0,0,2177.6,3,0.0,0,0.0,0,0.0,0,0.0,0
2012-11-19T09:23:07.000,2177.6,12235,2177.6,4,0.0,0,0.0,0,0.0,0,0.0,0,2177.8,68,0.0,0,0.0,0,0.0,0,0.0,0
2012-11-19T09:23:07.500,2177.8,12256,2177.6,22,0.0,0,0.0,0,0.0,0,0.0,0,2177.8,53,0.0,0,0.0,0,0.0,0,0.0,0
2012-11-19T09:23:08.000,2177.6,12284,2177.6,6,0.0,0,0.0,0,0.0,0,0.0,0,2177.8,40,0.0,0,0.0,0,0.0,0,0.0,0
2012-11-19T09:23:08.500,2177.8,12293,2177.6,7,0.0,0,0.0,0,0.0,0,0.0,0,2177.8,33,0.0,0,0.0,0,0.0,0,0.0,0
2012-11-19T09:23:09.000,2177.8,12308,2177.6,13,0.0,0,0.0,0,0.0,0,0.0,0,2177.8,8,0.0,0,0.0,0,0.0,0,0.0,0
2012-11-19T09:23:09.500,2177.8,12315,2177.6,19,0.0,0,0.0,0,0.0,0,0.0,0,2177.8,2,0.0,0,0.0,0,0.0,0,0.0,0
2012-11-19T09:23:10.000,2177.8,12321,2177.8,1,0.0,0,0.0,0,0.0,0,0.0,0,2178,28,0.0,0,0.0,0,0.0,0,0.0,0
2012-11-19T09:23:10.500,2177.6,12325,2177.8,1,0.0,0,0.0,0,0.0,0,0.0,0,2178,27,0.0,0,0.0,0,0.0,0,0.0,0
2012-11-19T09:23:11.000,2177.8,12334,2177.6,8,0.0,0,0.0,0,0.0,0,0.0,0,2178,20,0.0,0,0.0,0,0.0,0,0.0,0
2012-11-19T09:23:11.500,2178,12348,2177.6,11,0.0,0,0.0,0,0.0,0,0.0,0,2178,7,0.0,0,0.0,0,0.0,0,0.0,0
2012-11-19T09:23:12.000,2178.2,12358,2177.8,3,0.0,0,0.0,0,0.0,0,0.0,0,2178.2,77,0.0,0,0.0,0,0.0,0,0.0,0
2012-11-19T09:23:12.500,2178,12366,2177.6,13,0.0,0,0.0,0,0.0,0,0.0,0,2178,8,0.0,0,0.0,0,0.0,0,0.0,0
2012-11-19T09:23:13.000,2178,12369,2177.6,15,0.0,0,0.0,0,0.0,0,0.0,0,2178,30,0.0,0,0.0,0,0.0,0,0.0,0
2012-11-19T09:23:13.500,2178,12374,2177.6,17,0.0,0,0.0,0,0.0,0,0.0,0,2178,47,0.0,0,0.0,0,0.0,0,0.0,0
2012-11-19T09:23:14.000,2178,12395,2177.6,7,0.0,0,0.0,0,0.0,0,0.0,0,2177.8,3,0.0,0,0.0,0,0.0,0,0.0,0
2012-11-19T09:23:14.500,2178,12400,2177.8,3,0.0,0,0.0,0,0.0,0,0.0,0,2178,34,0.0,0,0.0,0,0.0,0,0.0,0
2012-11-19T09:23:15.000,2177.8,12404,2177.6,10,0.0,0,0.0,0,0.0,0,0.0,0,2177.8,1,0.0,0,0.0,0,0.0,0,0.0,0
2012-11-19T09:23:15.500,2177.6,12407,2177.6,11,0.0,0,0.0,0,0.0,0,0.0,0,2177.8,5,0.0,0,0.0,0,0.0,0,0.0,0
2012-11-19T09:23:16.250,2177.6,12415,2177.6,14,0.0,0,0.0,0,0.0,0,0.0,0,2178,35,0.0,0,0.0,0,0.0,0,0.0,0
2012-11-19T09:23:17.000,2178,12420,2177.8,1,0.0,0,0.0,0,0.0,0,0.0,0,2178,36,0.0,0,0.0,0,0.0,0,0.0,0
2012-11-19T09:23:17.500,2177.8,12424,2177.6,16,0.0,0,0.0,0,0.0,0,0.0,0,2178,34,0.0,0,0.0,0,0.0,0,0.0,0
2012-11-19T09:23:18.000,2178,12435,2177.8,1,0.0,0,0.0,0,0.0,0,0.0,0,2178,24,0.0,0,0.0,0,0.0,0,0.0,0
2012-11-19T09:23:18.500,2178,12436,2177.8,1,0.0,0,0.0,0,0.0,0,0.0,0,2178,24,0.0,0,0.0,0,0.0,0,0.0,0
2012-11-19T09:23:19.000,2178,12439,2177.8,1,0.0,0,0.0,0,0.0,0,0.0,0,2178,18,0.0,0,0.0,0,0.0,0,0.0,0
2012-11-19T09:23:19.500,2177.8,12441,2177.6,21,0.0,0,0.0,0,0.0,0,0.0,0,2178,17,0.0,0,0.0,0,0.0,0,0.0,0
2012-11-19T09:23:20.000,2178,12446,2177.8,1,0.0,0,0.0,0,0.0,0,0.0,0,2178,11,0.0,0,0.0,0,0.0,0,0.0,0
2012-11-19T09:23:20.500,2178,12456,2177.8,1,0.0,0,0.0,0,0.0,0,0.0,0,2178,7,0.0,0,0.0,0,0.0,0,0.0,0
2012-11-19T09:23:21.250,2177.8,12461,2177.6,34,0.0,0,0.0,0,0.0,0,0.0,0,2177.8,3,0.0,0,0.0,0,0.0,0,0.0,0
2012-11-19T09:23:22.000,2177.8,12465,2177.6,34,0.0,0,0.0,0,0.0,0,0.0,0,2177.8,4,0.0,0,0.0,0,0.0,0,0.0,0
2012-11-19T09:23:22.500,2177.8,12470,2177.6,35,0.0,0,0.0,0,0.0,0,0.0,0,2177.8,1,0.0,0,0.0,0,0.0,0,0.0,0
2012-11-19T09:23:23.000,2178,12473,2177.8,1,0.0,0,0.0,0,0.0,0,0.0,0,2178,2,0.0,0,0.0,0,0.0,0,0.0,0
2012-11-19T09:23:23.500,2178,12476,2177.8,4,0.0,0,0.0,0,0.0,0,0.0,0,2178.2,86,0.0,0,0.0,0,0.0,0,0.0,0
2012-11-19T09:23:24.000,2177.8,12480,2177.8,4,0.0,0,0.0,0,0.0,0,0.0,0,2178,10,0.0,0,0.0,0,0.0,0,0.0,0
2012-11-19T09:23:24.500,2178,12481,2177.8,5,0.0,0,0.0,0,0.0,0,0.0,0,2178,25,0.0,0,0.0,0,0.0,0,0.0,0
2012-11-19T09:23:25.000,2178,12486,2177.8,7,0.0,0,0.0,0,0.0,0,0.0,0,2178,10,0.0,0,0.0,0,0.0,0,0.0,0
2012-11-19T09:23:25.500,2177.8,12492,2177.8,9,0.0,0,0.0,0,0.0,0,0.0,0,2178,6,0.0,0,0.0,0,0.0,0,0.0,0
2012-11-19T09:23:26.250,2178.2,12499,2177.8,11,0.0,0,0.0,0,0.0,0,0.0,0,2178.2,85,0.0,0,0.0,0,0.0,0,0.0,0
2012-11-19T09:23:27.000,2178,12501,2177.8,15,0.0,0,0.0,0,0.0,0,0.0,0,2178,15,0.0,0,0.0,0,0.0,0,0.0,0
2012-11-19T09:23:27.500,2178,12502,2178,3,0.0,0,0.0,0,0.0,0,0.0,0,2178.2,86,0.0,0,0.0,0,0.0,0,0.0,0
2012-11-19T09:23:28.000,2178,12503,2178,6,0.0,0,0.0,0,0.0,0,0.0,0,2178.2,100,0.0,0,0.0,0,0.0,0,0.0,0
2012-11-19T09:23:28.500,2178.2,12525,2178,9,0.0,0,0.0,0,0.0,0,0.0,0,2178.2,67,0.0,0,0.0,0,0.0,0,0.0,0
2012-11-19T09:23:29.000,2178.2,12541,2178,8,0.0,0,0.0,0,0.0,0,0.0,0,2178.2,52,0.0,0,0.0,0,0.0,0,0.0,0
2012-11-19T09:23:29.500,2178.2,12562,2178,17,0.0,0,0.0,0,0.0,0,0.0,0,2178.2,33,0.0,0,0.0,0,0.0,0,0.0,0
2012-11-19T09:23:30.000,2178.2,12573,2178,18,0.0,0,0.0,0,0.0,0,0.0,0,2178.2,22,0.0,0,0.0,0,0.0,0,0.0,0
2012-11-19T09:23:30.500,2178.2,12586,2178,26,0.0,0,0.0,0,0.0,0,0.0,0,2178.2,11,0.0,0,0.0,0,0.0,0,0.0,0
2012-11-19T09:23:31.000,2178.2,12597,2178.2,51,0.0,0,0.0,0,0.0,0,0.0,0,2178.4,18,0.0,0,0.0,0,0.0,0,0.0,0
2012-11-19T09:23:31.500,2178.4,12603,2178.2,58,0.0,0,0.0,0,0.0,0,0.0,0,2178.4,12,0.0,0,0.0,0,0.0,0,0.0,0
2012-11-19T09:23:32.000,2178.4,12619,2178.4,4,0.0,0,0.0,0,0.0,0,0.0,0,2178.6,11,0.0,0,0.0,0,0.0,0,0.0,0
2012-11-19T09:23:32.500,2178.6,12621,2178.4,5,0.0,0,0.0,0,0.0,0,0.0,0,2178.6,30,0.0,0,0.0,0,0.0,0,0.0,0
2012-11-19T09:23:33.000,2178.4,12630,2178.4,1,0.0,0,0.0,0,0.0,0,0.0,0,2178.6,32,0.0,0,0.0,0,0.0,0,0.0,0
2012-11-19T09:23:33.500,2178.4,12634,2178.4,3,0.0,0,0.0,0,0.0,0,0.0,0,2178.6,32,0.0,0,0.0,0,0.0,0,0.0,0
2012-11-19T09:23:34.000,2178.6,12636,2178.4,5,0.0,0,0.0,0,0.0,0,0.0,0,2178.6,34,0.0,0,0.0,0,0.0,0,0.0,0
2012-11-19T09:23:34.500,2178.8,12671,2178.6,69,0.0,0,0.0,0,0.0,0,0.0,0,2178.8,19,0.0,0,0.0,0,0.0,0,0.0,0
2012-11-19T09:23:35.000,2178.8,12690,2178.8,19,0.0,0,0.0,0,0.0,0,0.0,0,2179,24,0.0,0,0.0,0,0.0,0,0.0,0
2012-11-19T09:23:35.500,2179,12703,2178.8,9,0.0,0,0.0,0,0.0,0,0.0,0,2179,18,0.0,0,0.0,0,0.0,0,0.0,0
