date_time,last_px,total_volume,bid1_px,bid1_qty,bid2_px,bid2_qty,bid3_px,bid3_qty,bid4_px,bid4_qty,bid5_px,bid5_qty,ask1_px,ask1_qty,ask2_px,ask2_qty,ask3_px,ask3_qty,ask4_px,ask4_qty,ask5_px,ask5_qty
2012-11-28T09:14:00.250,2154,304,2153.8,1,0.0,0,0.0,0,0.0,0,0.0,0,2154,59,0.0,0,0.0,0,0.0,0,0.0,0
2012-11-28T09:15:00.250,2153,487,2152.6,24,0.0,0,0.0,0,0.0,0,0.0,0,2153,1,0.0,0,0.0,0,0.0,0,0.0,0
2012-11-28T09:15:01.000,2152.6,789,2151.2,184,0.0,0,0.0,0,0.0,0,0.0,0,2152.6,34,0.0,0,0.0,0,0.0,0,0.0,0
2012-11-28T09:15:01.500,2151.2,931,2151.6,6,0.0,0,0.0,0,0.0,0,0.0,0,2152.2,13,0.0,0,0.0,0,0.0,0,0.0,0
2012-11-28T09:15:02.000,2152.6,1081,2152.2,5,0.0,0,0.0,0,0.0,0,0.0,0,2152.6,5,0.0,0,0.0,0,0.0,0,0.0,0
2012-11-28T09:15:02.500,2152.4,1151,2152.4,58,0.0,0,0.0,0,0.0,0,0.0,0,2152.8,15,0.0,0,0.0,0,0.0,0,0.0,0
2012-11-28T09:15:03.000,2153,1269,2152.8,17,0.0,0,0.0,0,0.0,0,0.0,0,2153,31,0.0,0,0.0,0,0.0,0,0.0,0
2012-11-28T09:15:03.500,2152.8,1370,2152.6,28,0.0,0,0.0,0,0.0,0,0.0,0,2152.8,7,0.0,0,0.0,0,0.0,0,0.0,0
2012-11-28T09:15:04.000,2152.6,1519,2152.4,19,0.0,0,0.0,0,0.0,0,0.0,0,2152.6,17,0.0,0,0.0,0,0.0,0,0.0,0
2012-11-28T09:15:04.500,2152.6,1625,2152.8,1,0.0,0,0.0,0,0.0,0,0.0,0,2153.6,35,0.0,0,0.0,0,0.0,0,0.0,0
2012-11-28T09:15:05.000,2153,1714,2153,5,0.0,0,0.0,0,0.0,0,0.0,0,2153.4,7,0.0,0,0.0,0,0.0,0,0.0,0
2012-11-28T09:15:05.500,2152.6,1794,2152.6,7,0.0,0,0.0,0,0.0,0,0.0,0,2153,42,0.0,0,0.0,0,0.0,0,0.0,0
2012-11-28T09:15:06.000,2152.4,1840,2152.2,43,0.0,0,0.0,0,0.0,0,0.0,0,2152.4,6,0.0,0,0.0,0,0.0,0,0.0,0
2012-11-28T09:15:06.500,2152.4,1893,2152.2,39,0.0,0,0.0,0,0.0,0,0.0,0,2152.4,3,0.0,0,0.0,0,0.0,0,0.0,0
2012-11-28T09:15:07.000,2152.4,1998,2152.4,12,0.0,0,0.0,0,0.0,0,0.0,0,2153.2,15,0.0,0,0.0,0,0.0,0,0.0,0
2012-11-28T09:15:07.500,2152.6,2047,2152.6,41,0.0,0,0.0,0,0.0,0,0.0,0,2153,13,0.0,0,0.0,0,0.0,0,0.0,0
2012-11-28T09:15:08.000,2153,2085,2153,2,0.0,0,0.0,0,0.0,0,0.0,0,2153.2,18,0.0,0,0.0,0,0.0,0,0.0,0
2012-11-28T09:15:08.500,2153.2,2111,2152.6,41,0.0,0,0.0,0,0.0,0,0.0,0,2153.2,1,0.0,0,0.0,0,0.0,0,0.0,0
2012-11-28T09:15:09.000,2153.2,2147,2152.6,23,0.0,0,0.0,0,0.0,0,0.0,0,2153.2,21,0.0,0,0.0,0,0.0,0,0.0,0
2012-11-28T09:15:09.500,2153.2,2184,2152.8,6,0.0,0,0.0,0,0.0,0,0.0,0,2153.4,32,0.0,0,0.0,0,0.0,0,0.0,0
2012-11-28T09:15:10.000,2153.2,2211,2153,6,0.0,0,0.0,0,0.0,0,0.0,0,2153.2,1,0.0,0,0.0,0,0.0,0,0.0,0
2012-11-28T09:15:10.500,2153.2,2223,2153.2,7,0.0,0,0.0,0,0.0,0,0.0,0,2153.4,37,0.0,0,0.0,0,0.0,0,0.0,0
2012-11-28T09:15:11.000,2153.4,2261,2153,28,0.0,0,0.0,0,0.0,0,0.0,0,2153.4,12,0.0,0,0.0,0,0.0,0,0.0,0
2012-11-28T09:15:11.500,2153.4,2365,2153.4,30,0.0,0,0.0,0,0.0,0,0.0,0,2153.8,117,0.0,0,0.0,0,0.0,0,0.0,0
2012-11-28T09:15:12.000,2153.8,2455,2153.6,7,0.0,0,0.0,0,0.0,0,0.0,0,2153.8,101,0.0,0,0.0,0,0.0,0,0.0,0
2012-11-28T09:15:12.500,2153.6,2465,2153.6,3,0.0,0,0.0,0,0.0,0,0.0,0,2153.8,95,0.0,0,0.0,0,0.0,0,0.0,0
2012-11-28T09:15:13.000,2153.8,2490,2153.6,2,0.0,0,0.0,0,0.0,0,0.0,0,2153.8,92,0.0,0,0.0,0,0.0,0,0.0,0
2012-11-28T09:15:13.500,2153.8,2516,2153.4,56,0.0,0,0.0,0,0.0,0,0.0,0,2153.6,15,0.0,0,0.0,0,0.0,0,0.0,0
2012-11-28T09:15:14.000,2153.6,2535,2153.4,53,0.0,0,0.0,0,0.0,0,0.0,0,2153.6,10,0.0,0,0.0,0,0.0,0,0.0,0
2012-11-28T09:15:14.500,2153.6,2546,2153.4,51,0.0,0,0.0,0,0.0,0,0.0,0,2153.6,15,0.0,0,0.0,0,0.0,0,0.0,0
2012-11-28T09:15:15.000,2153.4,2579,2153.4,34,0.0,0,0.0,0,0.0,0,0.0,0,2153.6,6,0.0,0,0.0,0,0.0,0,0.0,0
2012-11-28T09:15:15.500,2153.4,2592,2153.4,34,0.0,0,0.0,0,0.0,0,0.0,0,2153.6,9,0.0,0,0.0,0,0.0,0,0.0,0
2012-11-28T09:15:16.000,2153.6,2609,2153.4,29,0.0,0,0.0,0,0.0,0,0.0,0,2153.6,4,0.0,0,0.0,0,0.0,0,0.0,0
2012-11-28T09:15:16.500,2153.4,2655,2153.4,9,0.0,0,0.0,0,0.0,0,0.0,0,2153.6,5,0.0,0,0.0,0,0.0,0,0.0,0
2012-11-28T09:15:17.000,2153.4,2695,2153.2,2,0.0,0,0.0,0,0.0,0,0.0,0,2153.4,36,0.0,0,0.0,0,0.0,0,0.0,0
2012-11-28T09:15:17.500,2153.2,2708,2153,38,0.0,0,0.0,0,0.0,0,0.0,0,2153.4,28,0.0,0,0.0,0,0.0,0,0.0,0
2012-11-28T09:15:18.000,2153,2787,2152.8,7,0.0,0,0.0,0,0.0,0,0.0,0,2153,3,0.0,0,0.0,0,0.0,0,0.0,0
2012-11-28T09:15:18.500,2152.8,2824,2152.6,11,0.0,0,0.0,0,0.0,0,0.0,0,2152.8,18,0.0,0,0.0,0,0.0,0,0.0,0
2012-11-28T09:15:19.000,2153,2865,2152.6,6,0.0,0,0.0,0,0.0,0,0.0,0,2153,8,0.0,0,0.0,0,0.0,0,0.0,0
2012-11-28T09:15:19.500,2152.6,2889,2152.4,63,0.0,0,0.0,0,0.0,0,0.0,0,2153,17,0.0,0,0.0,0,0.0,0,0.0,0
2012-11-28T09:15:20.000,2152.6,2920,2152.4,56,0.0,0,0.0,0,0.0,0,0.0,0,2152.8,3,0.0,0,0.0,0,0.0,0,0.0,0
2012-11-28T09:15:20.500,2152.4,2957,2152.8,11,0.0,0,0.0,0,0.0,0,0.0,0,2153,10,0.0,0,0.0,0,0.0,0,0.0,0
2012-11-28T09:15:21.000,2152.8,2986,2152.8,26,0.0,0,0.0,0,0.0,0,0.0,0,2153,21,0.0,0,0.0,0,0.0,0,0.0,0
2012-11-28T09:15:21.500,2152.8,3009,2152.8,23,0.0,0,0.0,0,0.0,0,0.0,0,2153,5,0.0,0,0.0,0,0.0,0,0.0,0
2012-11-28T09:15:22.000,2153,3024,2153,4,0.0,0,0.0,0,0.0,0,0.0,0,2153.2,5,0.0,0,0.0,0,0.0,0,0.0,0
2012-11-28T09:15:22.500,2153,3053,2152.8,19,0.0,0,0.0,0,0.0,0,0.0,0,2153,48,0.0,0,0.0,0,0.0,0,0.0,0
2012-11-28T09:15:23.000,2152.8,3090,2152.8,1,0.0,0,0.0,0,0.0,0,0.0,0,2153,35,0.0,0,0.0,0,0.0,0,0.0,0
2012-11-28T09:15:23.500,2153,3105,2152.6,39,0.0,0,0.0,0,0.0,0,0.0,0,2153,25,0.0,0,0.0,0,0.0,0,0.0,0
2012-11-28T09:15:24.000,2152.6,3110,2152.6,36,0.0,0,0.0,0,0.0,0,0.0,0,2152.8,2,0.0,0,0.0,0,0.0,0,0.0,0
2012-11-28T09:15:24.500,2152.8,3117,2152.8,2,0.0,0,0.0,0,0.0,0,0.0,0,2153,33,0.0,0,0.0,0,0.0,0,0.0,0
2012-11-28T09:15:25.000,2153,3159,2152.8,5,0.0,0,0.0,0,0.0,0,0.0,0,2153,24,0.0,0,0.0,0,0.0,0,0.0,0
2012-11-28T09:15:25.500,2153,3200,2153,2,0.0,0,0.0,0,0.0,0,0.0,0,2153.2,4,0.0,0,0.0,0,0.0,0,0.0,0
2012-11-28T09:15:26.000,2153.2,3211,2153.2,35,0.0,0,0.0,0,0.0,0,0.0,0,2153.4,28,0.0,0,0.0,0,0.0,0,0.0,0
2012-11-28T09:15:26.500,2153.2,3231,2153.2,20,0.0,0,0.0,0,0.0,0,0.0,0,2153.4,23,0.0,0,0.0,0,0.0,0,0.0,0
2012-11-28T09:15:27.000,2153.2,3257,2153.2,12,0.0,0,0.0,0,0.0,0,0.0,0,2153.4,5,0.0,0,0.0,0,0.0,0,0.0,0
2012-11-28T09:15:27.500,2153.4,3266,2153.2,6,0.0,0,0.0,0,0.0,0,0.0,0,2153.4,2,0.0,0,0.0,0,0.0,0,0.0,0
2012-11-28T09:15:28.000,2153.4,3268,2153.4,1,0.0,0,0.0,0,0.0,0,0.0,0,2153.6,26,0.0,0,0.0,0,0.0,0,0.0,0
2012-11-28T09:15:28.500,2153.2,3282,2153,93,0.0,0,0.0,0,0.0,0,0.0,0,2153.2,4,0.0,0,0.0,0,0.0,0,0.0,0
2012-11-28T09:15:29.000,2153,3290,2153,103,0.0,0,0.0,0,0.0,0,0.0,0,2153.2,3,0.0,0,0.0,0,0.0,0,0.0,0
2012-11-28T09:15:29.500,2153.2,3310,2153.2,22,0.0,0,0.0,0,0.0,0,0.0,0,2153.4,28,0.0,0,0.0,0,0.0,0,0.0,0
2012-11-28T09:15:30.000,2153.4,3347,2153.4,38,0.0,0,0.0,0,0.0,0,0.0,0,2153.6,31,0.0,0,0.0,0,0.0,0,0.0,0
2012-11-28T09:15:30.500,2153.6,3369,2153.4,22,0.0,0,0.0,0,0.0,0,0.0,0,2153.6,29,0.0,0,0.0,0,0.0,0,0.0,0
2012-11-28T09:15:31.000,2153.6,3422,2153.4,30,0.0,0,0.0,0,0.0,0,0.0,0,2153.6,3,0.0,0,0.0,0,0.0,0,0.0,0
2012-11-28T09:15:31.500,2153.4,3460,2153.4,5,0.0,0,0.0,0,0.0,0,0.0,0,2153.6,3,0.0,0,0.0,0,0.0,0,0.0,0
2012-11-28T09:15:32.000,2153.6,3471,2153.4,1,0.0,0,0.0,0,0.0,0,0.0,0,2153.8,94,0.0,0,0.0,0,0.0,0,0.0,0
2012-11-28T09:15:32.500,2153.4,3478,2153.2,60,0.0,0,0.0,0,0.0,0,0.0,0,2153.4,6,0.0,0,0.0,0,0.0,0,0.0,0
2012-11-28T09:15:33.000,2153.2,3533,2153.2,12,0.0,0,0.0,0,0.0,0,0.0,0,2153.4,64,0.0,0,0.0,0,0.0,0,0.0,0
2012-11-28T09:15:33.500,2153.2,3553,2153.2,2,0.0,0,0.0,0,0.0,0,0.0,0,2153.4,62,0.0,0,0.0,0,0.0,0,0.0,0
2012-11-28T09:15:34.000,2153.4,3666,2153,66,0.0,0,0.0,0,0.0,0,0.0,0,2153.2,6,0.0,0,0.0,0,0.0,0,0.0,0
2012-11-28T09:15:34.500,2153,3701,2153,57,0.0,0,0.0,0,0.0,0,0.0,0,2153.2,5,0.0,0,0.0,0,0.0,0,0.0,0
2012-11-28T09:15:35.000,2153.4,3720,2153.2,1,0.0,0,0.0,0,0.0,0,0.0,0,2153.6,9,0.0,0,0.0,0,0.0,0,0.0,0
2012-11-28T09:15:35.500,2153.4,3743,2153,48,0.0,0,0.0,0,0.0,0,0.0,0,2153.6,5,0.0,0,0.0,0,0.0,0,0.0,0
2012-11-28T09:15:36.000,2153.2,3760,2153.2,13,0.0,0,0.0,0,0.0,0,0.0,0,2153.6,24,0.0,0,0.0,0,0.0,0,0.0,0
2012-11-28T09:15:36.500,2153.2,3771,2153.2,9,0.0,0,0.0,0,0.0,0,0.0,0,2153.4,16,0.0,0,0.0,0,0.0,0,0.0,0
2012-11-28T09:15:37.000,2153.2,3776,2153.2,7,0.0,0,0.0,0,0.0,0,0.0,0,2153.4,17,0.0,0,0.0,0,0.0,0,0.0,0
2012-11-28T09:15:37.500,2153.4,3793,2153.2,3,0.0,0,0.0,0,0.0,0,0.0,0,2153.4,11,0.0,0,0.0,0,0.0,0,0.0,0
2012-11-28T09:15:38.000,2153.2,3813,2153,51,0.0,0,0.0,0,0.0,0,0.0,0,2153.2,6,0.0,0,0.0,0,0.0,0,0.0,0
2012-11-28T09:15:38.500,2153.2,3825,2153,53,0.0,0,0.0,0,0.0,0,0.0,0,2153.2,3,0.0,0,0.0,0,0.0,0,0.0,0
2012-11-28T09:15:39.000,2153.2,3840,2153.2,9,0.0,0,0.0,0,0.0,0,0.0,0,2153.4,14,0.0,0,0.0,0,0.0,0,0.0,0
2012-11-28T09:15:39.500,2153.2,3862,2153,42,0.0,0,0.0,0,0.0,0,0.0,0,2153.2,4,0.0,0,0.0,0,0.0,0,0.0,0
2012-11-28T09:15:40.000,2153,3882,2153,34,0.0,0,0.0,0,0.0,0,0.0,0,2153.2,2,0.0,0,0.0,0,0.0,0,0.0,0
2012-11-28T09:15:40.500,2153.2,3901,2153,31,0.0,0,0.0,0,0.0,0,0.0,0,2153.2,1,0.0,0,0.0,0,0.0,0,0.0,0
2012-11-28T09:15:41.000,2153,3935,2153,1,0.0,0,0.0,0,0.0,0,0.0,0,2153.2,17,0.0,0,0.0,0,0.0,0,0.0,0
2012-11-28T09:15:41.500,2153.2,3959,2152.8,43,0.0,0,0.0,0,0.0,0,0.0,0,2153.2,38,0.0,0,0.0,0,0.0,0,0.0,0
2012-11-28T09:15:42.000,2153,3963,2152.8,48,0.0,0,0.0,0,0.0,0,0.0,0,2153,15,0.0,0,0.0,0,0.0,0,0.0,0
2012-11-28T09:15:42.500,2153,3973,2152.8,46,0.0,0,0.0,0,0.0,0,0.0,0,2153,49,0.0,0,0.0,0,0.0,0,0.0,0
2012-11-28T09:15:43.000,2153,3975,2152.8,45,0.0,0,0.0,0,0.0,0,0.0,0,2153,50,0.0,0,0.0,0,0.0,0,0.0,0
2012-11-28T09:15:43.500,2153,4009,2152.8,20,0.0,0,0.0,0,0.0,0,0.0,0,2153,41,0.0,0,0.0,0,0.0,0,0.0,0
2012-11-28T09:15:44.000,2152.8,4038,2152.6,31,0.0,0,0.0,0,0.0,0,0.0,0,2152.8,6,0.0,0,0.0,0,0.0,0,0.0,0
2012-11-28T09:15:44.500,2152.6,4049,2152.6,22,0.0,0,0.0,0,0.0,0,0.0,0,2152.8,24,0.0,0,0.0,0,0.0,0,0.0,0
2012-11-28T09:15:45.000,2152.6,4081,2152.6,2,0.0,0,0.0,0,0.0,0,0.0,0,2152.8,18,0.0,0,0.0,0,0.0,0,0.0,0
2012-11-28T09:15:45.500,2152.6,4105,2152.4,79,0.0,0,0.0,0,0.0,0,0.0,0,2152.6,19,0.0,0,0.0,0,0.0,0,0.0,0
2012-11-28T09:15:46.000,2152.6,4110,2152.4,76,0.0,0,0.0,0,0.0,0,0.0,0,2152.6,30,0.0,0,0.0,0,0.0,0,0.0,0
2012-11-28T09:15:46.500,2152.4,4133,2152.4,63,0.0,0,0.0,0,0.0,0,0.0,0,2152.6,21,0.0,0,0.0,0,0.0,0,0.0,0
2012-11-28T09:15:47.000,2152.4,4145,2152.4,59,0.0,0,0.0,0,0.0,0,0.0,0,2152.6,18,0.0,0,0.0,0,0.0,0,0.0,0
2012-11-28T09:15:47.500,2152.6,4159,2152.4,59,0.0,0,0.0,0,0.0,0,0.0,0,2152.6,7,0.0,0,0.0,0,0.0,0,0.0,0
2012-11-28T09:15:48.000,2152.6,4165,2152.4,54,0.0,0,0.0,0,0.0,0,0.0,0,2152.6,12,0.0,0,0.0,0,0.0,0,0.0,0
2012-11-28T09:15:48.500,2152.8,4205,2152.8,15,0.0,0,0.0,0,0.0,0,0.0,0,2153,41,0.0,0,0.0,0,0.0,0,0.0,0
2012-11-28T09:15:49.000,2152.8,4224,2152.8,4,0.0,0,0.0,0,0.0,0,0.0,0,2153,39,0.0,0,0.0,0,0.0,0,0.0,0
2012-11-28T09:15:49.500,2152.6,4235,2152.6,35,0.0,0,0.0,0,0.0,0,0.0,0,2153,40,0.0,0,0.0,0,0.0,0,0.0,0
2012-11-28T09:15:50.000,2152.6,4238,2152.8,6,0.0,0,0.0,0,0.0,0,0.0,0,2153,39,0.0,0,0.0,0,0.0,0,0.0,0
2012-11-28T09:15:50.500,2152.8,4249,2152.8,6,0.0,0,0.0,0,0.0,0,0.0,0,2153,38,0.0,0,0.0,0,0.0,0,0.0,0
2012-11-28T09:15:51.000,2152.8,4268,2152.6,44,0.0,0,0.0,0,0.0,0,0.0,0,2152.8,3,0.0,0,0.0,0,0.0,0,0.0,0
2012-11-28T09:15:51.500,2152.8,4273,2152.6,45,0.0,0,0.0,0,0.0,0,0.0,0,2152.8,5,0.0,0,0.0,0,0.0,0,0.0,0
2012-11-28T09:15:52.000,2152.8,4280,2152.8,5,0.0,0,0.0,0,0.0,0,0.0,0,2153,40,0.0,0,0.0,0,0.0,0,0.0,0
2012-11-28T09:15:52.500,2152.6,4293,2152.6,52,0.0,0,0.0,0,0.0,0,0.0,0,2153,51,0.0,0,0.0,0,0.0,0,0.0,0
2012-11-28T09:15:53.000,2153,4301,2152.6,53,0.0,0,0.0,0,0.0,0,0.0,0,2153,52,0.0,0,0.0,0,0.0,0,0.0,0
2012-11-28T09:15:53.500,2153,4305,2152.6,53,0.0,0,0.0,0,0.0,0,0.0,0,2153,52,0.0,0,0.0,0,0.0,0,0.0,0
2012-11-28T09:15:54.000,2152.6,4311,2152.6,59,0.0,0,0.0,0,0.0,0,0.0,0,2152.8,1,0.0,0,0.0,0,0.0,0,0.0,0
2012-11-28T09:15:54.500,2153,4318,2152.6,57,0.0,0,0.0,0,0.0,0,0.0,0,2153,49,0.0,0,0.0,0,0.0,0,0.0,0
2012-11-28T09:15:55.000,2153,4335,2152.6,58,0.0,0,0.0,0,0.0,0,0.0,0,2153,34,0.0,0,0.0,0,0.0,0,0.0,0
2012-11-28T09:15:55.500,2152.6,4343,2152.8,2,0.0,0,0.0,0,0.0,0,0.0,0,2153,30,0.0,0,0.0,0,0.0,0,0.0,0
2012-11-28T09:15:56.000,2153,4346,2152.8,7,0.0,0,0.0,0,0.0,0,0.0,0,2153,30,0.0,0,0.0,0,0.0,0,0.0,0
2012-11-28T09:15:56.500,2153,4357,2152.8,8,0.0,0,0.0,0,0.0,0,0.0,0,2153,29,0.0,0,0.0,0,0.0,0,0.0,0
2012-11-28T09:15:57.000,2152.8,4370,2152.8,2,0.0,0,0.0,0,0.0,0,0.0,0,2153,28,0.0,0,0.0,0,0.0,0,0.0,0
2012-11-28T09:15:57.500,2153,4375,2152.8,5,0.0,0,0.0,0,0.0,0,0.0,0,2153,23,0.0,0,0.0,0,0.0,0,0.0,0
2012-11-28T09:15:58.000,2153,4378,2152.8,8,0.0,0,0.0,0,0.0,0,0.0,0,2153,23,0.0,0,0.0,0,0.0,0,0.0,0
2012-11-28T09:15:58.500,2152.8,4385,2152.8,5,0.0,0,0.0,0,0.0,0,0.0,0,2153,22,0.0,0,0.0,0,0.0,0,0.0,0
2012-11-28T09:15:59.000,2153,4421,2152.8,21,0.0,0,0.0,0,0.0,0,0.0,0,2153,6,0.0,0,0.0,0,0.0,0,0.0,0
2012-11-28T09:15:59.500,2152.8,4435,2152.8,19,0.0,0,0.0,0,0.0,0,0.0,0,2153.2,43,0.0,0,0.0,0,0.0,0,0.0,0
2012-11-28T09:16:00.000,2153,4442,2152.8,16,0.0,0,0.0,0,0.0,0,0.0,0,2153,18,0.0,0,0.0,0,0.0,0,0.0,0
2012-11-28T09:16:00.500,2152.8,4464,2152.8,8,0.0,0,0.0,0,0.0,0,0.0,0,2153,30,0.0,0,0.0,0,0.0,0,0.0,0
2012-11-28T09:16:01.000,2152.6,4544,2152.6,62,0.0,0,0.0,0,0.0,0,0.0,0,2152.8,1,0.0,0,0.0,0,0.0,0,0.0,0
2012-11-28T09:16:01.500,2152.8,4555,2152.6,60,0.0,0,0.0,0,0.0,0,0.0,0,2152.8,4,0.0,0,0.0,0,0.0,0,0.0,0
2012-11-28T09:16:02.000,2152.8,4607,2152.8,5,0.0,0,0.0,0,0.0,0,0.0,0,2153,7,0.0,0,0.0,0,0.0,0,0.0,0
2012-11-28T09:16:02.500,2153,4629,2152.8,9,0.0,0,0.0,0,0.0,0,0.0,0,2153,3,0.0,0,0.0,0,0.0,0,0.0,0
2012-11-28T09:16:03.000,2152.8,4683,2152.8,5,0.0,0,0.0,0,0.0,0,0.0,0,2153,5,0.0,0,0.0,0,0.0,0,0.0,0
2012-11-28T09:16:03.500,2152.8,4691,2152.8,6,0.0,0,0.0,0,0.0,0,0.0,0,2153,4,0.0,0,0.0,0,0.0,0,0.0,0
2012-11-28T09:16:04.000,2152.8,4701,2152.8,7,0.0,0,0.0,0,0.0,0,0.0,0,2153,20,0.0,0,0.0,0,0.0,0,0.0,0
2012-11-28T09:16:04.500,2152.6,4712,2152.6,60,0.0,0,0.0,0,0.0,0,0.0,0,2152.8,22,0.0,0,0.0,0,0.0,0,0.0,0
2012-11-28T09:16:05.000,2152.6,4724,2152.6,54,0.0,0,0.0,0,0.0,0,0.0,0,2152.8,19,0.0,0,0.0,0,0.0,0,0.0,0
2012-11-28T09:16:05.500,2152.8,4745,2152.6,54,0.0,0,0.0,0,0.0,0,0.0,0,2153,39,0.0,0,0.0,0,0.0,0,0.0,0
2012-11-28T09:16:06.000,2152.8,4754,2152.6,51,0.0,0,0.0,0,0.0,0,0.0,0,2152.8,3,0.0,0,0.0,0,0.0,0,0.0,0
2012-11-28T09:16:06.500,2152.8,4776,2152.6,46,0.0,0,0.0,0,0.0,0,0.0,0,2152.8,4,0.0,0,0.0,0,0.0,0,0.0,0
2012-11-28T09:16:07.000,2152.6,4789,2152.6,32,0.0,0,0.0,0,0.0,0,0.0,0,2152.8,4,0.0,0,0.0,0,0.0,0,0.0,0
2012-11-28T09:16:07.500,2152.8,4804,2152.6,29,0.0,0,0.0,0,0.0,0,0.0,0,2153,41,0.0,0,0.0,0,0.0,0,0.0,0
2012-11-28T09:16:08.000,2153,4808,2152.6,29,0.0,0,0.0,0,0.0,0,0.0,0,2152.8,1,0.0,0,0.0,0,0.0,0,0.0,0
2012-11-28T09:16:08.500,2152.8,4828,2152.8,2,0.0,0,0.0,0,0.0,0,0.0,0,2153,36,0.0,0,0.0,0,0.0,0,0.0,0
2012-11-28T09:16:09.000,2152.6,4874,2152.4,58,0.0,0,0.0,0,0.0,0,0.0,0,2152.6,7,0.0,0,0.0,0,0.0,0,0.0,0
2012-11-28T09:16:09.500,2152.4,4881,2152.4,57,0.0,0,0.0,0,0.0,0,0.0,0,2152.6,2,0.0,0,0.0,0,0.0,0,0.0,0
2012-11-28T09:16:10.000,2152.6,4894,2152.6,9,0.0,0,0.0,0,0.0,0,0.0,0,2152.8,8,0.0,0,0.0,0,0.0,0,0.0,0
2012-11-28T09:16:10.500,2152.6,4908,2152.6,54,0.0,0,0.0,0,0.0,0,0.0,0,2152.8,18,0.0,0,0.0,0,0.0,0,0.0,0
2012-11-28T09:16:11.000,2152.8,4921,2152.6,55,0.0,0,0.0,0,0.0,0,0.0,0,2152.8,8,0.0,0,0.0,0,0.0,0,0.0,0
2012-11-28T09:16:11.500,2152.6,4928,2152.6,52,0.0,0,0.0,0,0.0,0,0.0,0,2152.8,8,0.0,0,0.0,0,0.0,0,0.0,0
2012-11-28T09:16:12.000,2152.6,4934,2152.6,50,0.0,0,0.0,0,0.0,0,0.0,0,2152.8,6,0.0,0,0.0,0,0.0,0,0.0,0
2012-11-28T09:16:12.500,2152.8,4942,2152.8,1,0.0,0,0.0,0,0.0,0,0.0,0,2153,42,0.0,0,0.0,0,0.0,0,0.0,0
2012-11-28T09:16:13.000,2152.6,4960,2152.8,1,0.0,0,0.0,0,0.0,0,0.0,0,2153,46,0.0,0,0.0,0,0.0,0,0.0,0
2012-11-28T09:16:13.500,2153,4979,2152.8,4,0.0,0,0.0,0,0.0,0,0.0,0,2153,35,0.0,0,0.0,0,0.0,0,0.0,0
2012-11-28T09:16:14.000,2153,4987,2152.8,13,0.0,0,0.0,0,0.0,0,0.0,0,2153,35,0.0,0,0.0,0,0.0,0,0.0,0
2012-11-28T09:16:14.500,2152.8,5015,2152.8,5,0.0,0,0.0,0,0.0,0,0.0,0,2153,20,0.0,0,0.0,0,0.0,0,0.0,0
2012-11-28T09:16:15.000,2152.8,5017,2152.8,3,0.0,0,0.0,0,0.0,0,0.0,0,2153,22,0.0,0,0.0,0,0.0,0,0.0,0
2012-11-28T09:16:15.500,2152.8,5028,2152.8,3,0.0,0,0.0,0,0.0,0,0.0,0,2153,14,0.0,0,0.0,0,0.0,0,0.0,0
2012-11-28T09:16:16.000,2153,5044,2152.8,19,0.0,0,0.0,0,0.0,0,0.0,0,2153,1,0.0,0,0.0,0,0.0,0,0.0,0
2012-11-28T09:16:16.500,2152.8,5052,2153,5,0.0,0,0.0,0,0.0,0,0.0,0,2153.2,26,0.0,0,0.0,0,0.0,0,0.0,0
2012-11-28T09:16:17.000,2153.2,5063,2153,4,0.0,0,0.0,0,0.0,0,0.0,0,2153.2,26,0.0,0,0.0,0,0.0,0,0.0,0
2012-11-28T09:16:17.500,2153.2,5068,2153,4,0.0,0,0.0,0,0.0,0,0.0,0,2153.2,24,0.0,0,0.0,0,0.0,0,0.0,0
2012-11-28T09:16:18.000,2153,5071,2153,6,0.0,0,0.0,0,0.0,0,0.0,0,2153.2,24,0.0,0,0.0,0,0.0,0,0.0,0
2012-11-28T09:16:18.500,2153.2,5080,2153,1,0.0,0,0.0,0,0.0,0,0.0,0,2153.2,22,0.0,0,0.0,0,0.0,0,0.0,0
2012-11-28T09:16:19.000,2153,5085,2152.8,25,0.0,0,0.0,0,0.0,0,0.0,0,2153.2,20,0.0,0,0.0,0,0.0,0,0.0,0
2012-11-28T09:16:19.500,2153.2,5097,2152.8,24,0.0,0,0.0,0,0.0,0,0.0,0,2153.2,16,0.0,0,0.0,0,0.0,0,0.0,0
2012-11-28T09:16:20.000,2153,5100,2153,18,0.0,0,0.0,0,0.0,0,0.0,0,2153.2,16,0.0,0,0.0,0,0.0,0,0.0,0
2012-11-28T09:16:20.500,2153,5106,2153,13,0.0,0,0.0,0,0.0,0,0.0,0,2153.2,16,0.0,0,0.0,0,0.0,0,0.0,0
2012-11-28T09:16:21.000,2153.2,5125,2153,13,0.0,0,0.0,0,0.0,0,0.0,0,2153.2,3,0.0,0,0.0,0,0.0,0,0.0,0
2012-11-28T09:16:21.500,2153.2,5150,2152.8,22,0.0,0,0.0,0,0.0,0,0.0,0,2153.2,1,0.0,0,0.0,0,0.0,0,0.0,0
2012-11-28T09:16:22.000,2153,5162,2153,2,0.0,0,0.0,0,0.0,0,0.0,0,2153.4,42,0.0,0,0.0,0,0.0,0,0.0,0
2012-11-28T09:16:22.500,2153.2,5168,2153,2,0.0,0,0.0,0,0.0,0,0.0,0,2153.2,2,0.0,0,0.0,0,0.0,0,0.0,0
2012-11-28T09:16:23.000,2153.2,5173,2153,8,0.0,0,0.0,0,0.0,0,0.0,0,2153.4,37,0.0,0,0.0,0,0.0,0,0.0,0
2012-11-28T09:16:23.500,2153,5185,2152.8,28,0.0,0,0.0,0,0.0,0,0.0,0,2153,6,0.0,0,0.0,0,0.0,0,0.0,0
2012-11-28T09:16:24.000,2153,5207,2153,15,0.0,0,0.0,0,0.0,0,0.0,0,2153.2,12,0.0,0,0.0,0,0.0,0,0.0,0
2012-11-28T09:16:24.500,2153,5211,2153,39,0.0,0,0.0,0,0.0,0,0.0,0,2153.2,14,0.0,0,0.0,0,0.0,0,0.0,0
2012-11-28T09:16:25.000,2153.2,5220,2153,37,0.0,0,0.0,0,0.0,0,0.0,0,2153.2,18,0.0,0,0.0,0,0.0,0,0.0,0
2012-11-28T09:16:25.500,2153.2,5230,2153,38,0.0,0,0.0,0,0.0,0,0.0,0,2153.2,10,0.0,0,0.0,0,0.0,0,0.0,0
2012-11-28T09:16:26.000,2153.2,5248,2153,32,0.0,0,0.0,0,0.0,0,0.0,0,2153.2,10,0.0,0,0.0,0,0.0,0,0.0,0
2012-11-28T09:16:26.500,2153,5252,2153,32,0.0,0,0.0,0,0.0,0,0.0,0,2153.2,7,0.0,0,0.0,0,0.0,0,0.0,0
2012-11-28T09:16:27.000,2153.4,5267,2153.2,11,0.0,0,0.0,0,0.0,0,0.0,0,2153.4,53,0.0,0,0.0,0,0.0,0,0.0,0
2012-11-28T09:16:27.500,2153.2,5268,2153.2,12,0.0,0,0.0,0,0.0,0,0.0,0,2153.4,40,0.0,0,0.0,0,0.0,0,0.0,0
2012-11-28T09:16:28.000,2153.4,5278,2153.2,5,0.0,0,0.0,0,0.0,0,0.0,0,2153.4,42,0.0,0,0.0,0,0.0,0,0.0,0
2012-11-28T09:16:28.500,2153.2,5320,2153.2,48,0.0,0,0.0,0,0.0,0,0.0,0,2153.4,38,0.0,0,0.0,0,0.0,0,0.0,0
2012-11-28T09:16:29.000,2153.2,5344,2153.2,39,0.0,0,0.0,0,0.0,0,0.0,0,2153.4,25,0.0,0,0.0,0,0.0,0,0.0,0
2012-11-28T09:16:29.500,2153.4,5364,2153.2,36,0.0,0,0.0,0,0.0,0,0.0,0,2153.4,11,0.0,0,0.0,0,0.0,0,0.0,0
2012-11-28T09:16:30.000,2153.6,5386,2153.4,1,0.0,0,0.0,0,0.0,0,0.0,0,2153.6,68,0.0,0,0.0,0,0.0,0,0.0,0
2012-11-28T09:16:30.500,2153.6,5489,2153.6,16,0.0,0,0.0,0,0.0,0,0.0,0,2153.8,67,0.0,0,0.0,0,0.0,0,0.0,0
2012-11-28T09:16:31.000,2153.6,5512,2153.6,5,0.0,0,0.0,0,0.0,0,0.0,0,2153.8,58,0.0,0,0.0,0,0.0,0,0.0,0
2012-11-28T09:16:31.500,2153.8,5549,2153.6,7,0.0,0,0.0,0,0.0,0,0.0,0,2153.8,31,0.0,0,0.0,0,0.0,0,0.0,0
2012-11-28T09:16:32.000,2153.8,5569,2153.6,2,0.0,0,0.0,0,0.0,0,0.0,0,2153.8,28,0.0,0,0.0,0,0.0,0,0.0,0
2012-11-28T09:16:32.500,2153.8,5599,2153.4,3,0.0,0,0.0,0,0.0,0,0.0,0,2153.8,10,0.0,0,0.0,0,0.0,0,0.0,0
2012-11-28T09:16:33.000,2153.4,5621,2153.4,11,0.0,0,0.0,0,0.0,0,0.0,0,2153.8,7,0.0,0,0.0,0,0.0,0,0.0,0
2012-11-28T09:16:33.500,2153.6,5639,2153.6,2,0.0,0,0.0,0,0.0,0,0.0,0,2153.8,19,0.0,0,0.0,0,0.0,0,0.0,0
2012-11-28T09:16:34.000,2153.8,5641,2153.6,6,0.0,0,0.0,0,0.0,0,0.0,0,2153.8,19,0.0,0,0.0,0,0.0,0,0.0,0
2012-11-28T09:16:34.500,2153.6,5655,2153.4,34,0.0,0,0.0,0,0.0,0,0.0,0,2153.8,16,0.0,0,0.0,0,0.0,0,0.0,0
2012-11-28T09:16:35.000,2153.4,5679,2153.4,33,0.0,0,0.0,0,0.0,0,0.0,0,2153.6,1,0.0,0,0.0,0,0.0,0,0.0,0
2012-11-28T09:16:35.500,2153.8,5685,2153.4,33,0.0,0,0.0,0,0.0,0,0.0,0,2153.8,3,0.0,0,0.0,0,0.0,0,0.0,0
2012-11-28T09:16:36.000,2153.8,5690,2153.4,34,0.0,0,0.0,0,0.0,0,0.0,0,2154,95,0.0,0,0.0,0,0.0,0,0.0,0
2012-11-28T09:16:36.500,2153.8,5696,2153.8,10,0.0,0,0.0,0,0.0,0,0.0,0,2154,96,0.0,0,0.0,0,0.0,0,0.0,0
2012-11-28T09:16:37.000,2153.8,5714,2153.4,35,0.0,0,0.0,0,0.0,0,0.0,0,2154,98,0.0,0,0.0,0,0.0,0,0.0,0
2012-11-28T09:16:37.500,2154,5730,2153.6,2,0.0,0,0.0,0,0.0,0,0.0,0,2154,89,0.0,0,0.0,0,0.0,0,0.0,0
2012-11-28T09:16:38.000,2154,5778,2153.6,19,0.0,0,0.0,0,0.0,0,0.0,0,2154,58,0.0,0,0.0,0,0.0,0,0.0,0
2012-11-28T09:16:38.500,2153.8,5796,2153.8,4,0.0,0,0.0,0,0.0,0,0.0,0,2154,48,0.0,0,0.0,0,0.0,0,0.0,0
2012-11-28T09:16:39.000,2153.8,5812,2153.6,5,0.0,0,0.0,0,0.0,0,0.0,0,2153.8,1,0.0,0,0.0,0,0.0,0,0.0,0
2012-11-28T09:16:39.500,2154,5834,2153.8,15,0.0,0,0.0,0,0.0,0,0.0,0,2154,35,0.0,0,0.0,0,0.0,0,0.0,0
2012-11-28T09:16:40.000,2154,5846,2153.8,8,0.0,0,0.0,0,0.0,0,0.0,0,2154,32,0.0,0,0.0,0,0.0,0,0.0,0
2012-11-28T09:16:40.500,2154,5864,2153.8,5,0.0,0,0.0,0,0.0,0,0.0,0,2154,22,0.0,0,0.0,0,0.0,0,0.0,0
2012-11-28T09:16:41.000,2153.8,5867,2153.8,14,0.0,0,0.0,0,0.0,0,0.0,0,2154,22,0.0,0,0.0,0,0.0,0,0.0,0
2012-11-28T09:16:41.500,2154,5885,2153.8,14,0.0,0,0.0,0,0.0,0,0.0,0,2154,10,0.0,0,0.0,0,0.0,0,0.0,0
2012-11-28T09:16:42.000,2153.8,5893,2153.8,15,0.0,0,0.0,0,0.0,0,0.0,0,2154,6,0.0,0,0.0,0,0.0,0,0.0,0
2012-11-28T09:16:42.500,2154,5902,2153.8,16,0.0,0,0.0,0,0.0,0,0.0,0,2154,1,0.0,0,0.0,0,0.0,0,0.0,0
2012-11-28T09:16:43.000,2154,5907,2153.8,20,0.0,0,0.0,0,0.0,0,0.0,0,2154,18,0.0,0,0.0,0,0.0,0,0.0,0
2012-11-28T09:16:43.500,2153.8,5914,2153.8,17,0.0,0,0.0,0,0.0,0,0.0,0,2154,39,0.0,0,0.0,0,0.0,0,0.0,0
2012-11-28T09:16:44.000,2154,5945,2153.8,18,0.0,0,0.0,0,0.0,0,0.0,0,2154,50,0.0,0,0.0,0,0.0,0,0.0,0
2012-11-28T09:16:44.500,2153.8,5975,2153.6,15,0.0,0,0.0,0,0.0,0,0.0,0,2153.8,8,0.0,0,0.0,0,0.0,0,0.0,0
2012-11-28T09:16:45.000,2154,6003,2153.6,15,0.0,0,0.0,0,0.0,0,0.0,0,2153.8,20,0.0,0,0.0,0,0.0,0,0.0,0
2012-11-28T09:16:45.500,2153.8,6008,2153.6,20,0.0,0,0.0,0,0.0,0,0.0,0,2153.8,33,0.0,0,0.0,0,0.0,0,0.0,0
2012-11-28T09:16:46.000,2153.8,6009,2153.6,21,0.0,0,0.0,0,0.0,0,0.0,0,2153.8,47,0.0,0,0.0,0,0.0,0,0.0,0
2012-11-28T09:16:46.500,2153.8,6011,2153.6,31,0.0,0,0.0,0,0.0,0,0.0,0,2153.8,48,0.0,0,0.0,0,0.0,0,0.0,0
2012-11-28T09:16:47.000,2153.6,6031,2153.6,32,0.0,0,0.0,0,0.0,0,0.0,0,2153.8,37,0.0,0,0.0,0,0.0,0,0.0,0
2012-11-28T09:16:47.500,2153.6,6042,2153.6,32,0.0,0,0.0,0,0.0,0,0.0,0,2153.8,36,0.0,0,0.0,0,0.0,0,0.0,0
2012-11-28T09:16:48.000,2153.8,6047,2153.6,32,0.0,0,0.0,0,0.0,0,0.0,0,2153.8,33,0.0,0,0.0,0,0.0,0,0.0,0
2012-11-28T09:16:48.500,2153.8,6059,2153.6,34,0.0,0,0.0,0,0.0,0,0.0,0,2153.8,24,0.0,0,0.0,0,0.0,0,0.0,0
2012-11-28T09:16:49.000,2153.8,6070,2153.6,40,0.0,0,0.0,0,0.0,0,0.0,0,2153.8,15,0.0,0,0.0,0,0.0,0,0.0,0
2012-11-28T09:16:49.500,2153.6,6074,2153.6,38,0.0,0,0.0,0,0.0,0,0.0,0,2153.8,15,0.0,0,0.0,0,0.0,0,0.0,0
2012-11-28T09:16:50.000,2153.8,6094,2153.8,10,0.0,0,0.0,0,0.0,0,0.0,0,2154,75,0.0,0,0.0,0,0.0,0,0.0,0
2012-11-28T09:16:50.500,2154,6105,2153.8,40,0.0,0,0.0,0,0.0,0,0.0,0,2154,73,0.0,0,0.0,0,0.0,0,0.0,0
2012-11-28T09:16:51.000,2154,6125,2153.8,14,0.0,0,0.0,0,0.0,0,0.0,0,2154,64,0.0,0,0.0,0,0.0,0,0.0,0
2012-11-28T09:16:51.500,2153.8,6152,2153.6,15,0.0,0,0.0,0,0.0,0,0.0,0,2153.8,17,0.0,0,0.0,0,0.0,0,0.0,0
2012-11-28T09:16:52.000,2153.6,6160,2153.6,12,0.0,0,0.0,0,0.0,0,0.0,0,2153.8,16,0.0,0,0.0,0,0.0,0,0.0,0
2012-11-28T09:16:52.500,2153.8,6165,2153.6,16,0.0,0,0.0,0,0.0,0,0.0,0,2153.8,13,0.0,0,0.0,0,0.0,0,0.0,0
2012-11-28T09:16:53.000,2153.8,6178,2153.6,16,0.0,0,0.0,0,0.0,0,0.0,0,2153.8,5,0.0,0,0.0,0,0.0,0,0.0,0
2012-11-28T09:16:53.500,2153.8,6180,2153.6,16,0.0,0,0.0,0,0.0,0,0.0,0,2153.8,3,0.0,0,0.0,0,0.0,0,0.0,0
2012-11-28T09:16:54.000,2153.6,6197,2153.6,8,0.0,0,0.0,0,0.0,0,0.0,0,2153.8,1,0.0,0,0.0,0,0.0,0,0.0,0
2012-11-28T09:16:54.500,2153.8,6198,2153.6,8,0.0,0,0.0,0,0.0,0,0.0,0,2153.8,1,0.0,0,0.0,0,0.0,0,0.0,0
2012-11-28T09:16:55.000,2153.6,6213,2153.4,28,0.0,0,0.0,0,0.0,0,0.0,0,2153.6,35,0.0,0,0.0,0,0.0,0,0.0,0
2012-11-28T09:16:55.500,2153.6,6217,2153.4,28,0.0,0,0.0,0,0.0,0,0.0,0,2153.6,42,0.0,0,0.0,0,0.0,0,0.0,0
2012-11-28T09:16:56.000,2153.4,6259,2153.4,3,0.0,0,0.0,0,0.0,0,0.0,0,2153.6,37,0.0,0,0.0,0,0.0,0,0.0,0
2012-11-28T09:16:56.500,2153.6,6282,2153.2,16,0.0,0,0.0,0,0.0,0,0.0,0,2153.4,2,0.0,0,0.0,0,0.0,0,0.0,0
2012-11-28T09:16:57.000,2153.2,6284,2153.2,15,0.0,0,0.0,0,0.0,0,0.0,0,2153.4,4,0.0,0,0.0,0,0.0,0,0.0,0
2012-11-28T09:16:57.500,2153.2,6291,2153.2,14,0.0,0,0.0,0,0.0,0,0.0,0,2153.4,41,0.0,0,0.0,0,0.0,0,0.0,0
2012-11-28T09:16:58.000,2153.4,6301,2153.2,7,0.0,0,0.0,0,0.0,0,0.0,0,2153.4,38,0.0,0,0.0,0,0.0,0,0.0,0
2012-11-28T09:16:58.500,2153.4,6305,2153.2,6,0.0,0,0.0,0,0.0,0,0.0,0,2153.4,36,0.0,0,0.0,0,0.0,0,0.0,0
2012-11-28T09:16:59.000,2153.2,6312,2153.2,5,0.0,0,0.0,0,0.0,0,0.0,0,2153.4,31,0.0,0,0.0,0,0.0,0,0.0,0
2012-11-28T09:16:59.500,2153.2,6316,2153.2,4,0.0,0,0.0,0,0.0,0,0.0,0,2153.4,30,0.0,0,0.0,0,0.0,0,0.0,0
2012-11-28T09:17:00.000,2153.4,6326,2153.2,1,0.0,0,0.0,0,0.0,0,0.0,0,2153.4,24,0.0,0,0.0,0,0.0,0,0.0,0
2012-11-28T09:17:00.500,2153.4,6335,2153,64,0.0,0,0.0,0,0.0,0,0.0,0,2153.4,16,0.0,0,0.0,0,0.0,0,0.0,0
2012-11-28T09:17:01.000,2153.2,6340,2153.2,1,0.0,0,0.0,0,0.0,0,0.0,0,2153.4,16,0.0,0,0.0,0,0.0,0,0.0,0
2012-11-28T09:17:01.500,2153,6344,2153,61,0.0,0,0.0,0,0.0,0,0.0,0,2153.4,19,0.0,0,0.0,0,0.0,0,0.0,0
2012-11-28T09:17:02.000,2153.2,6353,2153,59,0.0,0,0.0,0,0.0,0,0.0,0,2153.2,6,0.0,0,0.0,0,0.0,0,0.0,0
2012-11-28T09:17:02.500,2153,6382,2153,44,0.0,0,0.0,0,0.0,0,0.0,0,2153.4,14,0.0,0,0.0,0,0.0,0,0.0,0
2012-11-28T09:17:03.000,2153.4,6394,2153,43,0.0,0,0.0,0,0.0,0,0.0,0,2153.2,1,0.0,0,0.0,0,0.0,0,0.0,0
2012-11-28T09:17:03.500,2153,6418,2153,30,0.0,0,0.0,0,0.0,0,0.0,0,2153.6,32,0.0,0,0.0,0,0.0,0,0.0,0
2012-11-28T09:17:04.000,2153,6422,2153,40,0.0,0,0.0,0,0.0,0,0.0,0,2153.6,32,0.0,0,0.0,0,0.0,0,0.0,0
2012-11-28T09:17:04.500,2153,6431,2153.2,3,0.0,0,0.0,0,0.0,0,0.0,0,2153.4,21,0.0,0,0.0,0,0.0,0,0.0,0
2012-11-28T09:17:05.000,2153,6470,2153,29,0.0,0,0.0,0,0.0,0,0.0,0,2153.4,3,0.0,0,0.0,0,0.0,0,0.0,0
2012-11-28T09:17:05.500,2153.4,6504,2153.4,2,0.0,0,0.0,0,0.0,0,0.0,0,2153.6,31,0.0,0,0.0,0,0.0,0,0.0,0
2012-11-28T09:17:06.000,2152.8,6527,2152.8,24,0.0,0,0.0,0,0.0,0,0.0,0,2153,1,0.0,0,0.0,0,0.0,0,0.0,0
2012-11-28T09:17:06.500,2152.8,6538,2153,4,0.0,0,0.0,0,0.0,0,0.0,0,2153.4,3,0.0,0,0.0,0,0.0,0,0.0,0
2012-11-28T09:17:07.000,2153.2,6542,2153,11,0.0,0,0.0,0,0.0,0,0.0,0,2153.2,12,0.0,0,0.0,0,0.0,0,0.0,0
2012-11-28T09:17:07.500,2153,6568,2152.8,20,0.0,0,0.0,0,0.0,0,0.0,0,2153,77,0.0,0,0.0,0,0.0,0,0.0,0
2012-11-28T09:17:08.000,2152.8,6596,2152.6,53,0.0,0,0.0,0,0.0,0,0.0,0,2152.8,3,0.0,0,0.0,0,0.0,0,0.0,0
2012-11-28T09:17:08.500,2152.8,6605,2152.6,46,0.0,0,0.0,0,0.0,0,0.0,0,2152.8,4,0.0,0,0.0,0,0.0,0,0.0,0
2012-11-28T09:17:09.000,2152.8,6627,2152.6,27,0.0,0,0.0,0,0.0,0,0.0,0,2152.8,32,0.0,0,0.0,0,0.0,0,0.0,0
2012-11-28T09:17:09.500,2152.6,6657,2152.4,43,0.0,0,0.0,0,0.0,0,0.0,0,2152.6,5,0.0,0,0.0,0,0.0,0,0.0,0
2012-11-28T09:17:10.000,2152.6,6681,2152.4,21,0.0,0,0.0,0,0.0,0,0.0,0,2152.6,11,0.0,0,0.0,0,0.0,0,0.0,0
2012-11-28T09:17:10.500,2152.4,6694,2152.4,9,0.0,0,0.0,0,0.0,0,0.0,0,2152.6,15,0.0,0,0.0,0,0.0,0,0.0,0
2012-11-28T09:17:11.000,2152.2,6711,2152.2,47,0.0,0,0.0,0,0.0,0,0.0,0,2152.4,20,0.0,0,0.0,0,0.0,0,0.0,0
2012-11-28T09:17:11.500,2152.2,6726,2152.2,35,0.0,0,0.0,0,0.0,0,0.0,0,2152.4,42,0.0,0,0.0,0,0.0,0,0.0,0
2012-11-28T09:17:12.000,2152,6767,2152,106,0.0,0,0.0,0,0.0,0,0.0,0,2152.4,42,0.0,0,0.0,0,0.0,0,0.0,0
2012-11-28T09:17:12.500,2152,6772,2152,102,0.0,0,0.0,0,0.0,0,0.0,0,2152.2,6,0.0,0,0.0,0,0.0,0,0.0,0
2012-11-28T09:17:13.000,2152.2,6806,2152.2,13,0.0,0,0.0,0,0.0,0,0.0,0,2152.4,44,0.0,0,0.0,0,0.0,0,0.0,0
2012-11-28T09:17:13.500,2152.2,6822,2152.2,3,0.0,0,0.0,0,0.0,0,0.0,0,2152.4,42,0.0,0,0.0,0,0.0,0,0.0,0
2012-11-28T09:17:14.000,2152.2,6830,2152.2,8,0.0,0,0.0,0,0.0,0,0.0,0,2152.4,40,0.0,0,0.0,0,0.0,0,0.0,0
2012-11-28T09:17:14.500,2152.2,6852,2152.2,8,0.0,0,0.0,0,0.0,0,0.0,0,2152.4,30,0.0,0,0.0,0,0.0,0,0.0,0
2012-11-28T09:17:15.000,2152.4,6868,2152.2,11,0.0,0,0.0,0,0.0,0,0.0,0,2152.4,25,0.0,0,0.0,0,0.0,0,0.0,0
2012-11-28T09:17:15.500,2152.4,6880,2152.2,5,0.0,0,0.0,0,0.0,0,0.0,0,2152.4,20,0.0,0,0.0,0,0.0,0,0.0,0
2012-11-28T09:17:16.000,2152.2,6892,2152.2,43,0.0,0,0.0,0,0.0,0,0.0,0,2152.4,16,0.0,0,0.0,0,0.0,0,0.0,0
2012-11-28T09:17:16.500,2152.2,6915,2152.4,10,0.0,0,0.0,0,0.0,0,0.0,0,2152.6,18,0.0,0,0.0,0,0.0,0,0.0,0
2012-11-28T09:17:17.000,2152.4,6943,2152.4,4,0.0,0,0.0,0,0.0,0,0.0,0,2152.6,17,0.0,0,0.0,0,0.0,0,0.0,0
2012-11-28T09:17:17.500,2152.2,6961,2152.2,21,0.0,0,0.0,0,0.0,0,0.0,0,2152.6,18,0.0,0,0.0,0,0.0,0,0.0,0
2012-11-28T09:17:18.000,2152.4,6973,2152.2,19,0.0,0,0.0,0,0.0,0,0.0,0,2152.6,20,0.0,0,0.0,0,0.0,0,0.0,0
2012-11-28T09:17:18.500,2152.6,6982,2152.2,17,0.0,0,0.0,0,0.0,0,0.0,0,2152.6,19,0.0,0,0.0,0,0.0,0,0.0,0
2012-11-28T09:17:19.000,2152.2,6989,2152.2,13,0.0,0,0.0,0,0.0,0,0.0,0,2152.4,8,0.0,0,0.0,0,0.0,0,0.0,0
2012-11-28T09:17:19.500,2152.2,7010,2152,108,0.0,0,0.0,0,0.0,0,0.0,0,2152.2,17,0.0,0,0.0,0,0.0,0,0.0,0
2012-11-28T09:17:20.000,2152.2,7015,2152,106,0.0,0,0.0,0,0.0,0,0.0,0,2152.2,16,0.0,0,0.0,0,0.0,0,0.0,0
2012-11-28T09:17:20.500,2152.2,7026,2152,98,0.0,0,0.0,0,0.0,0,0.0,0,2152.2,14,0.0,0,0.0,0,0.0,0,0.0,0
2012-11-28T09:17:21.000,2152,7044,2152,90,0.0,0,0.0,0,0.0,0,0.0,0,2152.2,11,0.0,0,0.0,0,0.0,0,0.0,0
2012-11-28T09:17:21.500,2152,7076,2152,84,0.0,0,0.0,0,0.0,0,0.0,0,2152.4,27,0.0,0,0.0,0,0.0,0,0.0,0
2012-11-28T09:17:22.000,2152,7088,2152,77,0.0,0,0.0,0,0.0,0,0.0,0,2152.2,4,0.0,0,0.0,0,0.0,0,0.0,0
2012-11-28T09:17:22.500,2152,7138,2152,31,0.0,0,0.0,0,0.0,0,0.0,0,2152.2,18,0.0,0,0.0,0,0.0,0,0.0,0
2012-11-28T09:17:23.000,2152,7172,2151.8,28,0.0,0,0.0,0,0.0,0,0.0,0,2152,3,0.0,0,0.0,0,0.0,0,0.0,0
2012-11-28T09:17:23.500,2151.8,7201,2151.8,4,0.0,0,0.0,0,0.0,0,0.0,0,2152,27,0.0,0,0.0,0,0.0,0,0.0,0
2012-11-28T09:17:24.000,2151.8,7207,2151.8,10,0.0,0,0.0,0,0.0,0,0.0,0,2152,35,0.0,0,0.0,0,0.0,0,0.0,0
2012-11-28T09:17:24.500,2152,7259,2152,4,0.0,0,0.0,0,0.0,0,0.0,0,2152.2,25,0.0,0,0.0,0,0.0,0,0.0,0
2012-11-28T09:17:25.000,2151.8,7279,2151.8,3,0.0,0,0.0,0,0.0,0,0.0,0,2152,8,0.0,0,0.0,0,0.0,0,0.0,0
2012-11-28T09:17:25.500,2152,7293,2152,5,0.0,0,0.0,0,0.0,0,0.0,0,2152.2,29,0.0,0,0.0,0,0.0,0,0.0,0
2012-11-28T09:17:26.000,2152,7317,2151.8,53,0.0,0,0.0,0,0.0,0,0.0,0,2152,30,0.0,0,0.0,0,0.0,0,0.0,0
2012-11-28T09:17:26.500,2151.8,7331,2151.8,41,0.0,0,0.0,0,0.0,0,0.0,0,2152,35,0.0,0,0.0,0,0.0,0,0.0,0
2012-11-28T09:17:27.000,2151.8,7338,2151.8,39,0.0,0,0.0,0,0.0,0,0.0,0,2152,35,0.0,0,0.0,0,0.0,0,0.0,0
2012-11-28T09:17:27.500,2152,7389,2151.8,36,0.0,0,0.0,0,0.0,0,0.0,0,2152,3,0.0,0,0.0,0,0.0,0,0.0,0
2012-11-28T09:17:28.000,2152,7404,2151.8,25,0.0,0,0.0,0,0.0,0,0.0,0,2152,5,0.0,0,0.0,0,0.0,0,0.0,0
2012-11-28T09:17:28.500,2151.8,7410,2151.8,35,0.0,0,0.0,0,0.0,0,0.0,0,2152,4,0.0,0,0.0,0,0.0,0,0.0,0
2012-11-28T09:17:29.000,2151.8,7435,2151.8,23,0.0,0,0.0,0,0.0,0,0.0,0,2152,5,0.0,0,0.0,0,0.0,0,0.0,0
2012-11-28T09:17:29.500,2151.8,7436,2151.8,28,0.0,0,0.0,0,0.0,0,0.0,0,2152,5,0.0,0,0.0,0,0.0,0,0.0,0
2012-11-28T09:17:30.000,2152,7443,2151.8,56,0.0,0,0.0,0,0.0,0,0.0,0,2152,2,0.0,0,0.0,0,0.0,0,0.0,0
2012-11-28T09:17:30.500,2151.8,7458,2151.8,59,0.0,0,0.0,0,0.0,0,0.0,0,2152,1,0.0,0,0.0,0,0.0,0,0.0,0
2012-11-28T09:17:31.000,2151.8,7528,2151.8,11,0.0,0,0.0,0,0.0,0,0.0,0,2152.2,58,0.0,0,0.0,0,0.0,0,0.0,0
2012-11-28T09:17:31.500,2152.2,7537,2151.8,20,0.0,0,0.0,0,0.0,0,0.0,0,2152.2,58,0.0,0,0.0,0,0.0,0,0.0,0
2012-11-28T09:17:32.000,2151.8,7540,2151.8,17,0.0,0,0.0,0,0.0,0,0.0,0,2152,1,0.0,0,0.0,0,0.0,0,0.0,0
2012-11-28T09:17:32.500,2151.8,7550,2152,10,0.0,0,0.0,0,0.0,0,0.0,0,2152.2,51,0.0,0,0.0,0,0.0,0,0.0,0
2012-11-28T09:17:33.000,2152.2,7555,2152,8,0.0,0,0.0,0,0.0,0,0.0,0,2152.2,50,0.0,0,0.0,0,0.0,0,0.0,0
2012-11-28T09:17:33.500,2152,7560,2152,19,0.0,0,0.0,0,0.0,0,0.0,0,2152.2,48,0.0,0,0.0,0,0.0,0,0.0,0
2012-11-28T09:17:34.000,2152,7570,2152,14,0.0,0,0.0,0,0.0,0,0.0,0,2152.2,46,0.0,0,0.0,0,0.0,0,0.0,0
2012-11-28T09:17:34.500,2151.8,7623,2151.6,90,0.0,0,0.0,0,0.0,0,0.0,0,2151.8,8,0.0,0,0.0,0,0.0,0,0.0,0
2012-11-28T09:17:35.000,2152,7649,2151.8,2,0.0,0,0.0,0,0.0,0,0.0,0,2152,46,0.0,0,0.0,0,0.0,0,0.0,0
2012-11-28T09:17:35.500,2151.8,7652,2151.6,92,0.0,0,0.0,0,0.0,0,0.0,0,2151.8,3,0.0,0,0.0,0,0.0,0,0.0,0
2012-11-28T09:17:36.000,2151.8,7672,2151.8,14,0.0,0,0.0,0,0.0,0,0.0,0,2152,68,0.0,0,0.0,0,0.0,0,0.0,0
2012-11-28T09:17:36.500,2151.6,7692,2151.8,3,0.0,0,0.0,0,0.0,0,0.0,0,2152,70,0.0,0,0.0,0,0.0,0,0.0,0
2012-11-28T09:17:37.000,2151.8,7698,2151.8,14,0.0,0,0.0,0,0.0,0,0.0,0,2152,71,0.0,0,0.0,0,0.0,0,0.0,0
2012-11-28T09:17:37.500,2152,7703,2151.8,25,0.0,0,0.0,0,0.0,0,0.0,0,2152,74,0.0,0,0.0,0,0.0,0,0.0,0
2012-11-28T09:17:38.000,2151.8,7713,2151.8,17,0.0,0,0.0,0,0.0,0,0.0,0,2152,80,0.0,0,0.0,0,0.0,0,0.0,0
2012-11-28T09:17:38.500,2151.8,7717,2151.8,17,0.0,0,0.0,0,0.0,0,0.0,0,2152,84,0.0,0,0.0,0,0.0,0,0.0,0
2012-11-28T09:17:39.000,2152,7722,2151.8,17,0.0,0,0.0,0,0.0,0,0.0,0,2152,106,0.0,0,0.0,0,0.0,0,0.0,0
2012-11-28T09:17:39.500,2151.8,7737,2151.8,37,0.0,0,0.0,0,0.0,0,0.0,0,2152,104,0.0,0,0.0,0,0.0,0,0.0,0
2012-11-28T09:17:40.000,2152,7746,2151.8,35,0.0,0,0.0,0,0.0,0,0.0,0,2152,87,0.0,0,0.0,0,0.0,0,0.0,0
2012-11-28T09:17:40.500,2151.6,7759,2151.6,111,0.0,0,0.0,0,0.0,0,0.0,0,2151.8,1,0.0,0,0.0,0,0.0,0,0.0,0
2012-11-28T09:17:41.000,2152,7769,2151.8,8,0.0,0,0.0,0,0.0,0,0.0,0,2152,85,0.0,0,0.0,0,0.0,0,0.0,0
2012-11-28T09:17:41.500,2152,7801,2151.8,18,0.0,0,0.0,0,0.0,0,0.0,0,2152,57,0.0,0,0.0,0,0.0,0,0.0,0
2012-11-28T09:17:42.000,2151.8,7809,2151.8,30,0.0,0,0.0,0,0.0,0,0.0,0,2152,58,0.0,0,0.0,0,0.0,0,0.0,0
2012-11-28T09:17:42.500,2151.8,7864,2151.8,40,0.0,0,0.0,0,0.0,0,0.0,0,2152,37,0.0,0,0.0,0,0.0,0,0.0,0
2012-11-28T09:17:43.000,2151.8,7886,2151.8,34,0.0,0,0.0,0,0.0,0,0.0,0,2152,34,0.0,0,0.0,0,0.0,0,0.0,0
2012-11-28T09:17:43.500,2152,7932,2151.8,26,0.0,0,0.0,0,0.0,0,0.0,0,2152,10,0.0,0,0.0,0,0.0,0,0.0,0
2012-11-28T09:17:44.000,2152,7943,2151.8,25,0.0,0,0.0,0,0.0,0,0.0,0,2152,5,0.0,0,0.0,0,0.0,0,0.0,0
2012-11-28T09:17:44.500,2152,7982,2152,15,0.0,0,0.0,0,0.0,0,0.0,0,2152.2,47,0.0,0,0.0,0,0.0,0,0.0,0
2012-11-28T09:17:45.000,2151.8,8004,2151.6,112,0.0,0,0.0,0,0.0,0,0.0,0,2151.8,15,0.0,0,0.0,0,0.0,0,0.0,0
2012-11-28T09:17:45.500,2151.6,8017,2151.6,106,0.0,0,0.0,0,0.0,0,0.0,0,2151.8,8,0.0,0,0.0,0,0.0,0,0.0,0
2012-11-28T09:17:46.000,2152,8029,2151.8,1,0.0,0,0.0,0,0.0,0,0.0,0,2152,13,0.0,0,0.0,0,0.0,0,0.0,0
2012-11-28T09:17:46.500,2152,8037,2151.8,1,0.0,0,0.0,0,0.0,0,0.0,0,2152,17,0.0,0,0.0,0,0.0,0,0.0,0
2012-11-28T09:17:47.000,2151.8,8041,2151.6,111,0.0,0,0.0,0,0.0,0,0.0,0,2151.8,11,0.0,0,0.0,0,0.0,0,0.0,0
2012-11-28T09:17:47.500,2151.8,8045,2151.6,122,0.0,0,0.0,0,0.0,0,0.0,0,2151.8,9,0.0,0,0.0,0,0.0,0,0.0,0
2012-11-28T09:17:48.000,2151.8,8050,2151.6,131,0.0,0,0.0,0,0.0,0,0.0,0,2151.8,6,0.0,0,0.0,0,0.0,0,0.0,0
2012-11-28T09:17:48.500,2151.8,8057,2151.6,129,0.0,0,0.0,0,0.0,0,0.0,0,2151.8,3,0.0,0,0.0,0,0.0,0,0.0,0
2012-11-28T09:17:49.000,2151.8,8065,2151.6,136,0.0,0,0.0,0,0.0,0,0.0,0,2151.8,1,0.0,0,0.0,0,0.0,0,0.0,0
2012-11-28T09:17:49.500,2151.8,8070,2151.8,6,0.0,0,0.0,0,0.0,0,0.0,0,2152,52,0.0,0,0.0,0,0.0,0,0.0,0
2012-11-28T09:17:50.250,2151.8,8091,2151.8,11,0.0,0,0.0,0,0.0,0,0.0,0,2152,62,0.0,0,0.0,0,0.0,0,0.0,0
2012-11-28T09:17:51.000,2151.8,8112,2151.8,20,0.0,0,0.0,0,0.0,0,0.0,0,2152,45,0.0,0,0.0,0,0.0,0,0.0,0
2012-11-28T09:17:51.500,2151.8,8115,2151.8,14,0.0,0,0.0,0,0.0,0,0.0,0,2152,47,0.0,0,0.0,0,0.0,0,0.0,0
2012-11-28T09:17:52.000,2152,8142,2151.8,33,0.0,0,0.0,0,0.0,0,0.0,0,2152,24,0.0,0,0.0,0,0.0,0,0.0,0
2012-11-28T09:17:52.500,2151.8,8158,2151.8,15,0.0,0,0.0,0,0.0,0,0.0,0,2152,14,0.0,0,0.0,0,0.0,0,0.0,0
2012-11-28T09:17:53.000,2151.8,8193,2151.8,9,0.0,0,0.0,0,0.0,0,0.0,0,2152.2,48,0.0,0,0.0,0,0.0,0,0.0,0
2012-11-28T09:17:53.500,2151.8,8194,2152,3,0.0,0,0.0,0,0.0,0,0.0,0,2152.2,48,0.0,0,0.0,0,0.0,0,0.0,0
2012-11-28T09:17:54.000,2151.8,8198,2151.8,24,0.0,0,0.0,0,0.0,0,0.0,0,2152,6,0.0,0,0.0,0,0.0,0,0.0,0
2012-11-28T09:17:54.500,2152,8206,2151.8,22,0.0,0,0.0,0,0.0,0,0.0,0,2152,3,0.0,0,0.0,0,0.0,0,0.0,0
2012-11-28T09:17:55.000,2151.8,8208,2151.8,23,0.0,0,0.0,0,0.0,0,0.0,0,2152,2,0.0,0,0.0,0,0.0,0,0.0,0
2012-11-28T09:17:55.500,2151.8,8222,2151.6,135,0.0,0,0.0,0,0.0,0,0.0,0,2151.8,8,0.0,0,0.0,0,0.0,0,0.0,0
2012-11-28T09:17:56.000,2152,8238,2151.8,1,0.0,0,0.0,0,0.0,0,0.0,0,2152,8,0.0,0,0.0,0,0.0,0,0.0,0
2012-11-28T09:17:56.500,2151.8,8243,2151.6,141,0.0,0,0.0,0,0.0,0,0.0,0,2152,11,0.0,0,0.0,0,0.0,0,0.0,0
2012-11-28T09:17:57.000,2152,8261,2151.8,18,0.0,0,0.0,0,0.0,0,0.0,0,2152,1,0.0,0,0.0,0,0.0,0,0.0,0
2012-11-28T09:17:57.500,2152,8266,2151.8,19,0.0,0,0.0,0,0.0,0,0.0,0,2152,1,0.0,0,0.0,0,0.0,0,0.0,0
2012-11-28T09:17:58.000,2151.8,8276,2151.8,12,0.0,0,0.0,0,0.0,0,0.0,0,2152.2,52,0.0,0,0.0,0,0.0,0,0.0,0
2012-11-28T09:17:58.500,2151.8,8285,2151.8,10,0.0,0,0.0,0,0.0,0,0.0,0,2152.2,52,0.0,0,0.0,0,0.0,0,0.0,0
2012-11-28T09:17:59.000,2151.8,8287,2151.8,12,0.0,0,0.0,0,0.0,0,0.0,0,2152.2,51,0.0,0,0.0,0,0.0,0,0.0,0
2012-11-28T09:17:59.500,2151.8,8291,2151.8,8,0.0,0,0.0,0,0.0,0,0.0,0,2152,1,0.0,0,0.0,0,0.0,0,0.0,0
2012-11-28T09:18:00.000,2151.8,8293,2151.8,7,0.0,0,0.0,0,0.0,0,0.0,0,2152,5,0.0,0,0.0,0,0.0,0,0.0,0
2012-11-28T09:18:00.500,2151.6,8307,2151.6,149,0.0,0,0.0,0,0.0,0,0.0,0,2151.8,9,0.0,0,0.0,0,0.0,0,0.0,0
2012-11-28T09:18:01.000,2151.8,8311,2151.6,147,0.0,0,0.0,0,0.0,0,0.0,0,2151.8,10,0.0,0,0.0,0,0.0,0,0.0,0
2012-11-28T09:18:01.500,2151.8,8339,2151.6,123,0.0,0,0.0,0,0.0,0,0.0,0,2151.8,7,0.0,0,0.0,0,0.0,0,0.0,0
2012-11-28T09:18:02.000,2151.8,8345,2151.6,116,0.0,0,0.0,0,0.0,0,0.0,0,2151.8,3,0.0,0,0.0,0,0.0,0,0.0,0
2012-11-28T09:18:02.500,2151.8,8366,2151.8,45,0.0,0,0.0,0,0.0,0,0.0,0,2152,4,0.0,0,0.0,0,0.0,0,0.0,0
2012-11-28T09:18:03.000,2151.8,8416,2151.8,1,0.0,0,0.0,0,0.0,0,0.0,0,2152,3,0.0,0,0.0,0,0.0,0,0.0,0
2012-11-28T09:18:03.500,2152,8422,2151.8,2,0.0,0,0.0,0,0.0,0,0.0,0,2152,9,0.0,0,0.0,0,0.0,0,0.0,0
2012-11-28T09:18:04.000,2152,8446,2152,5,0.0,0,0.0,0,0.0,0,0.0,0,2152.2,74,0.0,0,0.0,0,0.0,0,0.0,0
2012-11-28T09:18:04.500,2152,8455,2151.8,21,0.0,0,0.0,0,0.0,0,0.0,0,2152,5,0.0,0,0.0,0,0.0,0,0.0,0
2012-11-28T09:18:05.000,2152,8459,2151.8,25,0.0,0,0.0,0,0.0,0,0.0,0,2152,4,0.0,0,0.0,0,0.0,0,0.0,0
2012-11-28T09:18:05.500,2152,8480,2152,8,0.0,0,0.0,0,0.0,0,0.0,0,2152.2,68,0.0,0,0.0,0,0.0,0,0.0,0
2012-11-28T09:18:06.000,2152,8495,2151.8,21,0.0,0,0.0,0,0.0,0,0.0,0,2152.2,65,0.0,0,0.0,0,0.0,0,0.0,0
2012-11-28T09:18:06.500,2152.2,8497,2152,20,0.0,0,0.0,0,0.0,0,0.0,0,2152.2,64,0.0,0,0.0,0,0.0,0,0.0,0
2012-11-28T09:18:07.000,2152.2,8502,2152,31,0.0,0,0.0,0,0.0,0,0.0,0,2152.2,60,0.0,0,0.0,0,0.0,0,0.0,0
2012-11-28T09:18:07.500,2152.2,8508,2152,43,0.0,0,0.0,0,0.0,0,0.0,0,2152.2,54,0.0,0,0.0,0,0.0,0,0.0,0
2012-11-28T09:18:08.000,2152.2,8517,2152,45,0.0,0,0.0,0,0.0,0,0.0,0,2152.2,46,0.0,0,0.0,0,0.0,0,0.0,0
2012-11-28T09:18:08.500,2152.2,8520,2152,46,0.0,0,0.0,0,0.0,0,0.0,0,2152.2,45,0.0,0,0.0,0,0.0,0,0.0,0
2012-11-28T09:18:09.000,2152.2,8528,2152,46,0.0,0,0.0,0,0.0,0,0.0,0,2152.2,37,0.0,0,0.0,0,0.0,0,0.0,0
2012-11-28T09:18:09.500,2152.2,8534,2152,51,0.0,0,0.0,0,0.0,0,0.0,0,2152.2,31,0.0,0,0.0,0,0.0,0,0.0,0
2012-11-28T09:18:10.000,2152.2,8564,2152,49,0.0,0,0.0,0,0.0,0,0.0,0,2152.2,3,0.0,0,0.0,0,0.0,0,0.0,0
2012-11-28T09:18:10.500,2152.4,8570,2152.2,6,0.0,0,0.0,0,0.0,0,0.0,0,2152.4,46,0.0,0,0.0,0,0.0,0,0.0,0
2012-11-28T09:18:11.000,2152.4,8571,2152.2,15,0.0,0,0.0,0,0.0,0,0.0,0,2152.4,45,0.0,0,0.0,0,0.0,0,0.0,0
2012-11-28T09:18:11.500,2152.4,8576,2152.2,16,0.0,0,0.0,0,0.0,0,0.0,0,2152.4,41,0.0,0,0.0,0,0.0,0,0.0,0
2012-11-28T09:18:12.000,2152.2,8579,2152.2,16,0.0,0,0.0,0,0.0,0,0.0,0,2152.4,39,0.0,0,0.0,0,0.0,0,0.0,0
2012-11-28T09:18:12.500,2152.2,8584,2152.2,32,0.0,0,0.0,0,0.0,0,0.0,0,2152.4,38,0.0,0,0.0,0,0.0,0,0.0,0
2012-11-28T09:18:13.000,2152.4,8588,2152.2,33,0.0,0,0.0,0,0.0,0,0.0,0,2152.4,34,0.0,0,0.0,0,0.0,0,0.0,0
2012-11-28T09:18:13.500,2152.4,8589,2152.2,34,0.0,0,0.0,0,0.0,0,0.0,0,2152.4,33,0.0,0,0.0,0,0.0,0,0.0,0
2012-11-28T09:18:14.000,2152.4,8590,2152.2,34,0.0,0,0.0,0,0.0,0,0.0,0,2152.4,32,0.0,0,0.0,0,0.0,0,0.0,0
2012-11-28T09:18:14.500,2152.2,8595,2152.2,33,0.0,0,0.0,0,0.0,0,0.0,0,2152.4,31,0.0,0,0.0,0,0.0,0,0.0,0
2012-11-28T09:18:15.000,2152.2,8599,2152.2,29,0.0,0,0.0,0,0.0,0,0.0,0,2152.4,31,0.0,0,0.0,0,0.0,0,0.0,0
2012-11-28T09:18:15.500,2152.2,8605,2152.2,28,0.0,0,0.0,0,0.0,0,0.0,0,2152.4,27,0.0,0,0.0,0,0.0,0,0.0,0
2012-11-28T09:18:16.000,2152.2,8609,2152.2,28,0.0,0,0.0,0,0.0,0,0.0,0,2152.4,47,0.0,0,0.0,0,0.0,0,0.0,0
2012-11-28T09:18:16.500,2152.2,8624,2152.2,14,0.0,0,0.0,0,0.0,0,0.0,0,2152.4,49,0.0,0,0.0,0,0.0,0,0.0,0
2012-11-28T09:18:17.000,2152.2,8631,2152.2,7,0.0,0,0.0,0,0.0,0,0.0,0,2152.4,49,0.0,0,0.0,0,0.0,0,0.0,0
2012-11-28T09:18:17.500,2152.2,8643,2152.2,9,0.0,0,0.0,0,0.0,0,0.0,0,2152.4,50,0.0,0,0.0,0,0.0,0,0.0,0
2012-11-28T09:18:18.000,2152.4,8645,2152.2,9,0.0,0,0.0,0,0.0,0,0.0,0,2152.4,50,0.0,0,0.0,0,0.0,0,0.0,0
2012-11-28T09:18:18.500,2152.4,8646,2152.2,12,0.0,0,0.0,0,0.0,0,0.0,0,2152.4,50,0.0,0,0.0,0,0.0,0,0.0,0
2012-11-28T09:18:19.000,2152.2,8648,2152.2,12,0.0,0,0.0,0,0.0,0,0.0,0,2152.4,52,0.0,0,0.0,0,0.0,0,0.0,0
2012-11-28T09:18:19.500,2152.2,8652,2152.2,13,0.0,0,0.0,0,0.0,0,0.0,0,2152.4,51,0.0,0,0.0,0,0.0,0,0.0,0
2012-11-28T09:18:20.250,2152.4,8653,2152.2,13,0.0,0,0.0,0,0.0,0,0.0,0,2152.4,50,0.0,0,0.0,0,0.0,0,0.0,0
2012-11-28T09:18:21.250,2152.2,8654,2152.2,13,0.0,0,0.0,0,0.0,0,0.0,0,2152.4,45,0.0,0,0.0,0,0.0,0,0.0,0
2012-11-28T09:18:22.000,2152.4,8655,2152.2,13,0.0,0,0.0,0,0.0,0,0.0,0,2152.4,48,0.0,0,0.0,0,0.0,0,0.0,0
2012-11-28T09:18:22.500,2152.2,8659,2152.2,15,0.0,0,0.0,0,0.0,0,0.0,0,2152.4,48,0.0,0,0.0,0,0.0,0,0.0,0
2012-11-28T09:18:23.000,2152.4,8661,2152.2,16,0.0,0,0.0,0,0.0,0,0.0,0,2152.4,48,0.0,0,0.0,0,0.0,0,0.0,0
2012-11-28T09:18:23.500,2152.2,8663,2152.2,14,0.0,0,0.0,0,0.0,0,0.0,0,2152.4,48,0.0,0,0.0,0,0.0,0,0.0,0
2012-11-28T09:18:24.000,2152.4,8714,2152.4,51,0.0,0,0.0,0,0.0,0,0.0,0,2152.6,68,0.0,0,0.0,0,0.0,0,0.0,0
2012-11-28T09:18:24.500,2152.6,8724,2152.4,52,0.0,0,0.0,0,0.0,0,0.0,0,2152.6,59,0.0,0,0.0,0,0.0,0,0.0,0
2012-11-28T09:18:25.000,2152.4,8731,2152.4,45,0.0,0,0.0,0,0.0,0,0.0,0,2152.6,58,0.0,0,0.0,0,0.0,0,0.0,0
2012-11-28T09:18:25.500,2152.6,8737,2152.4,42,0.0,0,0.0,0,0.0,0,0.0,0,2152.6,57,0.0,0,0.0,0,0.0,0,0.0,0
2012-11-28T09:18:26.000,2152.4,8747,2152.4,43,0.0,0,0.0,0,0.0,0,0.0,0,2152.6,49,0.0,0,0.0,0,0.0,0,0.0,0
2012-11-28T09:18:26.500,2152.4,8748,2152.4,42,0.0,0,0.0,0,0.0,0,0.0,0,2152.6,49,0.0,0,0.0,0,0.0,0,0.0,0
2012-11-28T09:18:27.000,2152.4,8753,2152.4,39,0.0,0,0.0,0,0.0,0,0.0,0,2152.6,49,0.0,0,0.0,0,0.0,0,0.0,0
2012-11-28T09:18:27.500,2152.6,8754,2152.4,40,0.0,0,0.0,0,0.0,0,0.0,0,2152.6,49,0.0,0,0.0,0,0.0,0,0.0,0
2012-11-28T09:18:28.000,2152.6,8761,2152.4,39,0.0,0,0.0,0,0.0,0,0.0,0,2152.6,43,0.0,0,0.0,0,0.0,0,0.0,0
2012-11-28T09:18:28.500,2152.6,8762,2152.4,40,0.0,0,0.0,0,0.0,0,0.0,0,2152.6,44,0.0,0,0.0,0,0.0,0,0.0,0
2012-11-28T09:18:29.000,2152.6,8798,2152.4,40,0.0,0,0.0,0,0.0,0,0.0,0,2152.6,26,0.0,0,0.0,0,0.0,0,0.0,0
2012-11-28T09:18:29.500,2152.6,8805,2152.4,37,0.0,0,0.0,0,0.0,0,0.0,0,2152.6,21,0.0,0,0.0,0,0.0,0,0.0,0
2012-11-28T09:18:30.000,2152.4,8823,2152.4,27,0.0,0,0.0,0,0.0,0,0.0,0,2152.6,14,0.0,0,0.0,0,0.0,0,0.0,0
2012-11-28T09:18:30.500,2152.6,8825,2152.4,28,0.0,0,0.0,0,0.0,0,0.0,0,2152.6,12,0.0,0,0.0,0,0.0,0,0.0,0
2012-11-28T09:18:31.000,2152.6,8843,2152.4,19,0.0,0,0.0,0,0.0,0,0.0,0,2152.6,7,0.0,0,0.0,0,0.0,0,0.0,0
2012-11-28T09:18:31.500,2152.6,8844,2152.4,20,0.0,0,0.0,0,0.0,0,0.0,0,2152.6,6,0.0,0,0.0,0,0.0,0,0.0,0
2012-11-28T09:18:32.000,2152.6,8848,2152.4,22,0.0,0,0.0,0,0.0,0,0.0,0,2152.6,2,0.0,0,0.0,0,0.0,0,0.0,0
2012-11-28T09:18:32.500,2152.4,8849,2152.4,21,0.0,0,0.0,0,0.0,0,0.0,0,2152.6,2,0.0,0,0.0,0,0.0,0,0.0,0
2012-11-28T09:18:33.000,2152.6,8853,2152.4,20,0.0,0,0.0,0,0.0,0,0.0,0,2152.6,1,0.0,0,0.0,0,0.0,0,0.0,0
2012-11-28T09:18:33.500,2152.6,8855,2152.4,24,0.0,0,0.0,0,0.0,0,0.0,0,2152.8,49,0.0,0,0.0,0,0.0,0,0.0,0
2012-11-28T09:18:34.000,2152.6,8858,2152.4,23,0.0,0,0.0,0,0.0,0,0.0,0,2152.6,26,0.0,0,0.0,0,0.0,0,0.0,0
2012-11-28T09:18:34.500,2152.6,8864,2152.4,18,0.0,0,0.0,0,0.0,0,0.0,0,2152.6,26,0.0,0,0.0,0,0.0,0,0.0,0
2012-11-28T09:18:35.000,2152.4,8885,2152.2,38,0.0,0,0.0,0,0.0,0,0.0,0,2152.4,12,0.0,0,0.0,0,0.0,0,0.0,0
2012-11-28T09:18:35.500,2152.2,8886,2152.2,38,0.0,0,0.0,0,0.0,0,0.0,0,2152.4,12,0.0,0,0.0,0,0.0,0,0.0,0
2012-11-28T09:18:37.000,2152.4,8891,2152.2,17,0.0,0,0.0,0,0.0,0,0.0,0,2152.4,23,0.0,0,0.0,0,0.0,0,0.0,0
2012-11-28T09:18:37.500,2152.4,8901,2152.2,21,0.0,0,0.0,0,0.0,0,0.0,0,2152.4,29,0.0,0,0.0,0,0.0,0,0.0,0
2012-11-28T09:18:38.000,2152.4,8904,2152.2,19,0.0,0,0.0,0,0.0,0,0.0,0,2152.4,30,0.0,0,0.0,0,0.0,0,0.0,0
2012-11-28T09:18:38.500,2152.2,8917,2152.2,6,0.0,0,0.0,0,0.0,0,0.0,0,2152.4,30,0.0,0,0.0,0,0.0,0,0.0,0
2012-11-28T09:18:39.000,2152.2,8920,2152.2,5,0.0,0,0.0,0,0.0,0,0.0,0,2152.4,28,0.0,0,0.0,0,0.0,0,0.0,0
2012-11-28T09:18:39.500,2152,8929,2152,70,0.0,0,0.0,0,0.0,0,0.0,0,2152.4,31,0.0,0,0.0,0,0.0,0,0.0,0
2012-11-28T09:18:40.000,2152,8931,2152,69,0.0,0,0.0,0,0.0,0,0.0,0,2152.4,30,0.0,0,0.0,0,0.0,0,0.0,0
2012-11-28T09:18:40.500,2152,8939,2152,62,0.0,0,0.0,0,0.0,0,0.0,0,2152.2,1,0.0,0,0.0,0,0.0,0,0.0,0
2012-11-28T09:18:41.250,2152,8941,2152,62,0.0,0,0.0,0,0.0,0,0.0,0,2152.2,6,0.0,0,0.0,0,0.0,0,0.0,0
2012-11-28T09:18:42.000,2152,8944,2152,59,0.0,0,0.0,0,0.0,0,0.0,0,2152.2,6,0.0,0,0.0,0,0.0,0,0.0,0
2012-11-28T09:18:42.500,2152,8945,2152,63,0.0,0,0.0,0,0.0,0,0.0,0,2152.2,16,0.0,0,0.0,0,0.0,0,0.0,0
2012-11-28T09:18:43.000,2152,8947,2152,62,0.0,0,0.0,0,0.0,0,0.0,0,2152.2,18,0.0,0,0.0,0,0.0,0,0.0,0
2012-11-28T09:18:43.500,2152,8952,2152,57,0.0,0,0.0,0,0.0,0,0.0,0,2152.2,20,0.0,0,0.0,0,0.0,0,0.0,0
2012-11-28T09:18:44.000,2152,8956,2152,53,0.0,0,0.0,0,0.0,0,0.0,0,2152.2,21,0.0,0,0.0,0,0.0,0,0.0,0
2012-11-28T09:18:44.500,2152,9003,2152,12,0.0,0,0.0,0,0.0,0,0.0,0,2152.2,18,0.0,0,0.0,0,0.0,0,0.0,0
2012-11-28T09:18:45.000,2152,9023,2152,5,0.0,0,0.0,0,0.0,0,0.0,0,2152.2,6,0.0,0,0.0,0,0.0,0,0.0,0
2012-11-28T09:18:45.500,2152,9031,2151.8,66,0.0,0,0.0,0,0.0,0,0.0,0,2152,87,0.0,0,0.0,0,0.0,0,0.0,0
2012-11-28T09:18:46.000,2152,9068,2151.8,34,0.0,0,0.0,0,0.0,0,0.0,0,2152,90,0.0,0,0.0,0,0.0,0,0.0,0
2012-11-28T09:18:46.500,2151.8,9104,2151.8,8,0.0,0,0.0,0,0.0,0,0.0,0,2152,91,0.0,0,0.0,0,0.0,0,0.0,0
2012-11-28T09:18:47.000,2151.6,9131,2151.6,110,0.0,0,0.0,0,0.0,0,0.0,0,2151.8,37,0.0,0,0.0,0,0.0,0,0.0,0
2012-11-28T09:18:47.500,2151.6,9140,2151.6,101,0.0,0,0.0,0,0.0,0,0.0,0,2151.8,49,0.0,0,0.0,0,0.0,0,0.0,0
2012-11-28T09:18:48.000,2151.6,9182,2151.6,69,0.0,0,0.0,0,0.0,0,0.0,0,2151.8,39,0.0,0,0.0,0,0.0,0,0.0,0
2012-11-28T09:18:48.500,2151.6,9246,2151.6,27,0.0,0,0.0,0,0.0,0,0.0,0,2151.8,38,0.0,0,0.0,0,0.0,0,0.0,0
2012-11-28T09:18:49.000,2151.6,9294,2151.4,95,0.0,0,0.0,0,0.0,0,0.0,0,2151.6,51,0.0,0,0.0,0,0.0,0,0.0,0
2012-11-28T09:18:49.500,2151.4,9312,2151.4,90,0.0,0,0.0,0,0.0,0,0.0,0,2151.6,49,0.0,0,0.0,0,0.0,0,0.0,0
2012-11-28T09:18:50.000,2151.6,9351,2151.4,62,0.0,0,0.0,0,0.0,0,0.0,0,2151.6,57,0.0,0,0.0,0,0.0,0,0.0,0
2012-11-28T09:18:50.500,2151.6,9409,2151.4,6,0.0,0,0.0,0,0.0,0,0.0,0,2151.6,59,0.0,0,0.0,0,0.0,0,0.0,0
2012-11-28T09:18:51.000,2151.4,9417,2151.2,154,0.0,0,0.0,0,0.0,0,0.0,0,2151.4,1,0.0,0,0.0,0,0.0,0,0.0,0
2012-11-28T09:18:51.500,2151.6,9464,2151.4,2,0.0,0,0.0,0,0.0,0,0.0,0,2151.6,24,0.0,0,0.0,0,0.0,0,0.0,0
2012-11-28T09:18:52.000,2151.6,9475,2151.4,50,0.0,0,0.0,0,0.0,0,0.0,0,2151.6,15,0.0,0,0.0,0,0.0,0,0.0,0
2012-11-28T09:18:52.500,2151.6,9494,2151.6,5,0.0,0,0.0,0,0.0,0,0.0,0,2151.8,42,0.0,0,0.0,0,0.0,0,0.0,0
2012-11-28T09:18:53.250,2151.6,9503,2151.6,17,0.0,0,0.0,0,0.0,0,0.0,0,2151.8,44,0.0,0,0.0,0,0.0,0,0.0,0
2012-11-28T09:18:54.000,2151.6,9518,2151.6,35,0.0,0,0.0,0,0.0,0,0.0,0,2151.8,42,0.0,0,0.0,0,0.0,0,0.0,0
2012-11-28T09:18:54.500,2151.6,9556,2151.6,12,0.0,0,0.0,0,0.0,0,0.0,0,2151.8,47,0.0,0,0.0,0,0.0,0,0.0,0
2012-11-28T09:18:55.000,2151.6,9561,2151.6,11,0.0,0,0.0,0,0.0,0,0.0,0,2151.8,47,0.0,0,0.0,0,0.0,0,0.0,0
2012-11-28T09:18:55.500,2151.6,9569,2151.6,11,0.0,0,0.0,0,0.0,0,0.0,0,2151.8,41,0.0,0,0.0,0,0.0,0,0.0,0
2012-11-28T09:18:56.000,2151.6,9585,2151.6,9,0.0,0,0.0,0,0.0,0,0.0,0,2151.8,30,0.0,0,0.0,0,0.0,0,0.0,0
2012-11-28T09:18:56.500,2151.6,9589,2151.6,5,0.0,0,0.0,0,0.0,0,0.0,0,2151.8,31,0.0,0,0.0,0,0.0,0,0.0,0
2012-11-28T09:18:57.000,2151.8,9607,2151.4,54,0.0,0,0.0,0,0.0,0,0.0,0,2151.6,1,0.0,0,0.0,0,0.0,0,0.0,0
2012-11-28T09:18:57.500,2151.8,9621,2151.6,35,0.0,0,0.0,0,0.0,0,0.0,0,2151.8,16,0.0,0,0.0,0,0.0,0,0.0,0
2012-11-28T09:18:58.000,2152,9694,2152,66,0.0,0,0.0,0,0.0,0,0.0,0,2152.2,58,0.0,0,0.0,0,0.0,0,0.0,0
2012-11-28T09:18:58.500,2152.2,9706,2152,63,0.0,0,0.0,0,0.0,0,0.0,0,2152.2,49,0.0,0,0.0,0,0.0,0,0.0,0
2012-11-28T09:18:59.000,2152.2,9723,2152,57,0.0,0,0.0,0,0.0,0,0.0,0,2152.2,44,0.0,0,0.0,0,0.0,0,0.0,0
2012-11-28T09:18:59.500,2152,9724,2152,62,0.0,0,0.0,0,0.0,0,0.0,0,2152.2,44,0.0,0,0.0,0,0.0,0,0.0,0
2012-11-28T09:19:00.000,2152,9726,2152,63,0.0,0,0.0,0,0.0,0,0.0,0,2152.2,46,0.0,0,0.0,0,0.0,0,0.0,0
2012-11-28T09:19:00.500,2152.2,9748,2152,32,0.0,0,0.0,0,0.0,0,0.0,0,2152.2,25,0.0,0,0.0,0,0.0,0,0.0,0
2012-11-28T09:19:01.000,2152.2,9749,2152,32,0.0,0,0.0,0,0.0,0,0.0,0,2152.2,24,0.0,0,0.0,0,0.0,0,0.0,0
2012-11-28T09:19:01.500,2152,9771,2152,17,0.0,0,0.0,0,0.0,0,0.0,0,2152.2,8,0.0,0,0.0,0,0.0,0,0.0,0
2012-11-28T09:19:02.000,2152.2,9785,2152,10,0.0,0,0.0,0,0.0,0,0.0,0,2152.2,4,0.0,0,0.0,0,0.0,0,0.0,0
2012-11-28T09:19:02.500,2152.2,9794,2152.2,19,0.0,0,0.0,0,0.0,0,0.0,0,2152.4,25,0.0,0,0.0,0,0.0,0,0.0,0
2012-11-28T09:19:03.000,2152.2,9796,2152.2,18,0.0,0,0.0,0,0.0,0,0.0,0,2152.4,25,0.0,0,0.0,0,0.0,0,0.0,0
2012-11-28T09:19:03.500,2152.2,9797,2152.2,17,0.0,0,0.0,0,0.0,0,0.0,0,2152.4,25,0.0,0,0.0,0,0.0,0,0.0,0
2012-11-28T09:19:04.000,2152.2,9806,2152.2,21,0.0,0,0.0,0,0.0,0,0.0,0,2152.4,19,0.0,0,0.0,0,0.0,0,0.0,0
2012-11-28T09:19:04.500,2152.2,9819,2152.2,10,0.0,0,0.0,0,0.0,0,0.0,0,2152.4,17,0.0,0,0.0,0,0.0,0,0.0,0
2012-11-28T09:19:05.000,2152.6,9839,2152.2,6,0.0,0,0.0,0,0.0,0,0.0,0,2152.6,26,0.0,0,0.0,0,0.0,0,0.0,0
2012-11-28T09:19:05.500,2152.6,9844,2152.4,1,0.0,0,0.0,0,0.0,0,0.0,0,2152.6,23,0.0,0,0.0,0,0.0,0,0.0,0
2012-11-28T09:19:06.000,2152,9853,2152,4,0.0,0,0.0,0,0.0,0,0.0,0,2152.6,23,0.0,0,0.0,0,0.0,0,0.0,0
2012-11-28T09:19:06.500,2152.4,9855,2152.2,1,0.0,0,0.0,0,0.0,0,0.0,0,2152.6,23,0.0,0,0.0,0,0.0,0,0.0,0
2012-11-28T09:19:07.000,2152.6,9860,2152.2,15,0.0,0,0.0,0,0.0,0,0.0,0,2152.6,25,0.0,0,0.0,0,0.0,0,0.0,0
2012-11-28T09:19:07.500,2152.6,9864,2152.2,15,0.0,0,0.0,0,0.0,0,0.0,0,2152.6,20,0.0,0,0.0,0,0.0,0,0.0,0
2012-11-28T09:19:08.000,2152.6,9868,2152.2,14,0.0,0,0.0,0,0.0,0,0.0,0,2152.6,21,0.0,0,0.0,0,0.0,0,0.0,0
2012-11-28T09:19:08.500,2152.6,9871,2152.2,15,0.0,0,0.0,0,0.0,0,0.0,0,2152.4,1,0.0,0,0.0,0,0.0,0,0.0,0
2012-11-28T09:19:09.000,2152.6,9875,2152.4,2,0.0,0,0.0,0,0.0,0,0.0,0,2152.6,18,0.0,0,0.0,0,0.0,0,0.0,0
2012-11-28T09:19:09.500,2152.4,9876,2152.4,1,0.0,0,0.0,0,0.0,0,0.0,0,2152.6,21,0.0,0,0.0,0,0.0,0,0.0,0
2012-11-28T09:19:10.000,2152.4,9879,2152.2,19,0.0,0,0.0,0,0.0,0,0.0,0,2152.4,17,0.0,0,0.0,0,0.0,0,0.0,0
2012-11-28T09:19:10.500,2152.4,9884,2152.2,18,0.0,0,0.0,0,0.0,0,0.0,0,2152.4,13,0.0,0,0.0,0,0.0,0,0.0,0
2012-11-28T09:19:11.250,2152.4,9896,2152.2,5,0.0,0,0.0,0,0.0,0,0.0,0,2152.4,8,0.0,0,0.0,0,0.0,0,0.0,0
2012-11-28T09:19:12.250,2152.4,9901,2152.2,4,0.0,0,0.0,0,0.0,0,0.0,0,2152.4,13,0.0,0,0.0,0,0.0,0,0.0,0
2012-11-28T09:19:13.250,2152.4,9902,2152.2,7,0.0,0,0.0,0,0.0,0,0.0,0,2152.4,31,0.0,0,0.0,0,0.0,0,0.0,0
2012-11-28T09:19:14.000,2152.4,9904,2152.2,6,0.0,0,0.0,0,0.0,0,0.0,0,2152.4,27,0.0,0,0.0,0,0.0,0,0.0,0
2012-11-28T09:19:14.500,2152.4,9906,2152.2,6,0.0,0,0.0,0,0.0,0,0.0,0,2152.4,25,0.0,0,0.0,0,0.0,0,0.0,0
2012-11-28T09:19:15.250,2152.2,9916,2152,46,0.0,0,0.0,0,0.0,0,0.0,0,2152.2,21,0.0,0,0.0,0,0.0,0,0.0,0
2012-11-28T09:19:16.250,2152.2,9928,2152,34,0.0,0,0.0,0,0.0,0,0.0,0,2152.2,16,0.0,0,0.0,0,0.0,0,0.0,0
2012-11-28T09:19:17.000,2152.2,9936,2152,33,0.0,0,0.0,0,0.0,0,0.0,0,2152.2,16,0.0,0,0.0,0,0.0,0,0.0,0
2012-11-28T09:19:17.500,2152,9940,2152,31,0.0,0,0.0,0,0.0,0,0.0,0,2152.2,14,0.0,0,0.0,0,0.0,0,0.0,0
2012-11-28T09:19:18.000,2152.2,9943,2152,36,0.0,0,0.0,0,0.0,0,0.0,0,2152.2,13,0.0,0,0.0,0,0.0,0,0.0,0
2012-11-28T09:19:18.500,2152,9947,2152,38,0.0,0,0.0,0,0.0,0,0.0,0,2152.2,8,0.0,0,0.0,0,0.0,0,0.0,0
2012-11-28T09:19:19.000,2152.2,9957,2152.2,48,0.0,0,0.0,0,0.0,0,0.0,0,2152.4,28,0.0,0,0.0,0,0.0,0,0.0,0
2012-11-28T09:19:19.500,2152.2,9978,2152.2,43,0.0,0,0.0,0,0.0,0,0.0,0,2152.4,14,0.0,0,0.0,0,0.0,0,0.0,0
2012-11-28T09:19:20.000,2152.4,9993,2152.4,7,0.0,0,0.0,0,0.0,0,0.0,0,2152.6,26,0.0,0,0.0,0,0.0,0,0.0,0
2012-11-28T09:19:20.500,2152.4,9999,2152.4,2,0.0,0,0.0,0,0.0,0,0.0,0,2152.6,27,0.0,0,0.0,0,0.0,0,0.0,0
2012-11-28T09:19:21.000,2152.4,10004,2152.4,3,0.0,0,0.0,0,0.0,0,0.0,0,2152.6,28,0.0,0,0.0,0,0.0,0,0.0,0
2012-11-28T09:19:21.500,2152.4,10005,2152.4,4,0.0,0,0.0,0,0.0,0,0.0,0,2152.6,28,0.0,0,0.0,0,0.0,0,0.0,0
2012-11-28T09:19:22.250,2152.2,10013,2152.2,49,0.0,0,0.0,0,0.0,0,0.0,0,2152.6,53,0.0,0,0.0,0,0.0,0,0.0,0
2012-11-28T09:19:23.000,2152.2,10016,2152.2,46,0.0,0,0.0,0,0.0,0,0.0,0,2152.6,53,0.0,0,0.0,0,0.0,0,0.0,0
2012-11-28T09:19:23.500,2152.2,10019,2152.2,47,0.0,0,0.0,0,0.0,0,0.0,0,2152.6,54,0.0,0,0.0,0,0.0,0,0.0,0
2012-11-28T09:19:24.250,2152.4,10022,2152.4,1,0.0,0,0.0,0,0.0,0,0.0,0,2152.6,56,0.0,0,0.0,0,0.0,0,0.0,0
2012-11-28T09:19:25.000,2152.6,10029,2152.2,52,0.0,0,0.0,0,0.0,0,0.0,0,2152.6,55,0.0,0,0.0,0,0.0,0,0.0,0
2012-11-28T09:19:25.500,2152.6,10038,2152.2,52,0.0,0,0.0,0,0.0,0,0.0,0,2152.6,52,0.0,0,0.0,0,0.0,0,0.0,0
2012-11-28T09:19:26.000,2152.4,10044,2152.2,48,0.0,0,0.0,0,0.0,0,0.0,0,2152.4,20,0.0,0,0.0,0,0.0,0,0.0,0
2012-11-28T09:19:26.500,2152.4,10066,2152.2,30,0.0,0,0.0,0,0.0,0,0.0,0,2152.4,16,0.0,0,0.0,0,0.0,0,0.0,0
2012-11-28T09:19:27.250,2152.4,10074,2152.2,27,0.0,0,0.0,0,0.0,0,0.0,0,2152.4,14,0.0,0,0.0,0,0.0,0,0.0,0
2012-11-28T09:19:28.000,2152.4,10075,2152.2,27,0.0,0,0.0,0,0.0,0,0.0,0,2152.4,13,0.0,0,0.0,0,0.0,0,0.0,0
2012-11-28T09:19:28.500,2152.2,10076,2152.2,27,0.0,0,0.0,0,0.0,0,0.0,0,2152.4,13,0.0,0,0.0,0,0.0,0,0.0,0
2012-11-28T09:19:29.000,2152.4,10077,2152.2,27,0.0,0,0.0,0,0.0,0,0.0,0,2152.4,15,0.0,0,0.0,0,0.0,0,0.0,0
2012-11-28T09:19:29.500,2152.6,10095,2152.4,4,0.0,0,0.0,0,0.0,0,0.0,0,2152.6,86,0.0,0,0.0,0,0.0,0,0.0,0
2012-11-28T09:19:30.000,2152.4,10097,2152.4,3,0.0,0,0.0,0,0.0,0,0.0,0,2152.6,92,0.0,0,0.0,0,0.0,0,0.0,0
2012-11-28T09:19:30.500,2152.4,10105,2152.2,29,0.0,0,0.0,0,0.0,0,0.0,0,2152.4,12,0.0,0,0.0,0,0.0,0,0.0,0
2012-11-28T09:19:31.000,2152.4,10107,2152.2,29,0.0,0,0.0,0,0.0,0,0.0,0,2152.4,11,0.0,0,0.0,0,0.0,0,0.0,0
2012-11-28T09:19:31.500,2152.4,10108,2152.2,29,0.0,0,0.0,0,0.0,0,0.0,0,2152.4,17,0.0,0,0.0,0,0.0,0,0.0,0
2012-11-28T09:19:32.000,2152.4,10109,2152.2,29,0.0,0,0.0,0,0.0,0,0.0,0,2152.4,17,0.0,0,0.0,0,0.0,0,0.0,0
2012-11-28T09:19:32.500,2152.4,10115,2152.2,29,0.0,0,0.0,0,0.0,0,0.0,0,2152.4,11,0.0,0,0.0,0,0.0,0,0.0,0
2012-11-28T09:19:33.000,2152.4,10116,2152.2,28,0.0,0,0.0,0,0.0,0,0.0,0,2152.4,11,0.0,0,0.0,0,0.0,0,0.0,0
2012-11-28T09:19:33.500,2152.4,10118,2152.2,28,0.0,0,0.0,0,0.0,0,0.0,0,2152.4,12,0.0,0,0.0,0,0.0,0,0.0,0
2012-11-28T09:19:34.000,2152,10148,2152,63,0.0,0,0.0,0,0.0,0,0.0,0,2152.2,2,0.0,0,0.0,0,0.0,0,0.0,0
2012-11-28T09:19:34.500,2152.2,10149,2152,63,0.0,0,0.0,0,0.0,0,0.0,0,2152.2,1,0.0,0,0.0,0,0.0,0,0.0,0
2012-11-28T09:19:35.000,2152.2,10155,2152,58,0.0,0,0.0,0,0.0,0,0.0,0,2152.4,30,0.0,0,0.0,0,0.0,0,0.0,0
2012-11-28T09:19:35.500,2152.2,10160,2152.2,1,0.0,0,0.0,0,0.0,0,0.0,0,2152.4,34,0.0,0,0.0,0,0.0,0,0.0,0
2012-11-28T09:19:36.000,2152.2,10162,2152,68,0.0,0,0.0,0,0.0,0,0.0,0,2152.2,1,0.0,0,0.0,0,0.0,0,0.0,0
2012-11-28T09:19:36.500,2152,10168,2152,63,0.0,0,0.0,0,0.0,0,0.0,0,2152.2,1,0.0,0,0.0,0,0.0,0,0.0,0
2012-11-28T09:19:37.000,2152.2,10171,2152.2,3,0.0,0,0.0,0,0.0,0,0.0,0,2152.4,38,0.0,0,0.0,0,0.0,0,0.0,0
2012-11-28T09:19:37.500,2152.2,10174,2152.2,1,0.0,0,0.0,0,0.0,0,0.0,0,2152.4,38,0.0,0,0.0,0,0.0,0,0.0,0
2012-11-28T09:19:38.250,2152.2,10181,2152,70,0.0,0,0.0,0,0.0,0,0.0,0,2152.2,5,0.0,0,0.0,0,0.0,0,0.0,0
2012-11-28T09:19:39.000,2152,10182,2152,69,0.0,0,0.0,0,0.0,0,0.0,0,2152.2,27,0.0,0,0.0,0,0.0,0,0.0,0
2012-11-28T09:19:39.500,2152,10185,2152,70,0.0,0,0.0,0,0.0,0,0.0,0,2152.2,32,0.0,0,0.0,0,0.0,0,0.0,0
2012-11-28T09:19:40.000,2152,10188,2152,67,0.0,0,0.0,0,0.0,0,0.0,0,2152.2,48,0.0,0,0.0,0,0.0,0,0.0,0
2012-11-28T09:19:40.500,2152,10201,2152,56,0.0,0,0.0,0,0.0,0,0.0,0,2152.2,49,0.0,0,0.0,0,0.0,0,0.0,0
2012-11-28T09:19:41.000,2152,10203,2152,54,0.0,0,0.0,0,0.0,0,0.0,0,2152.2,49,0.0,0,0.0,0,0.0,0,0.0,0
2012-11-28T09:19:41.500,2152,10236,2152,34,0.0,0,0.0,0,0.0,0,0.0,0,2152.2,40,0.0,0,0.0,0,0.0,0,0.0,0
2012-11-28T09:19:42.000,2152,10253,2152,20,0.0,0,0.0,0,0.0,0,0.0,0,2152.2,31,0.0,0,0.0,0,0.0,0,0.0,0
2012-11-28T09:19:42.500,2152.2,10258,2152,19,0.0,0,0.0,0,0.0,0,0.0,0,2152.2,28,0.0,0,0.0,0,0.0,0,0.0,0
2012-11-28T09:19:43.000,2152,10279,2152,15,0.0,0,0.0,0,0.0,0,0.0,0,2152.2,27,0.0,0,0.0,0,0.0,0,0.0,0
2012-11-28T09:19:43.500,2152.2,10284,2152,18,0.0,0,0.0,0,0.0,0,0.0,0,2152.2,23,0.0,0,0.0,0,0.0,0,0.0,0
2012-11-28T09:19:44.250,2152,10286,2152,20,0.0,0,0.0,0,0.0,0,0.0,0,2152.2,16,0.0,0,0.0,0,0.0,0,0.0,0
2012-11-28T09:19:45.250,2152,10288,2152,18,0.0,0,0.0,0,0.0,0,0.0,0,2152.2,16,0.0,0,0.0,0,0.0,0,0.0,0
2012-11-28T09:19:46.000,2152,10290,2152,16,0.0,0,0.0,0,0.0,0,0.0,0,2152.2,16,0.0,0,0.0,0,0.0,0,0.0,0
2012-11-28T09:19:46.500,2152.2,10296,2152,17,0.0,0,0.0,0,0.0,0,0.0,0,2152.2,24,0.0,0,0.0,0,0.0,0,0.0,0
2012-11-28T09:19:47.000,2152,10302,2152,11,0.0,0,0.0,0,0.0,0,0.0,0,2152.2,25,0.0,0,0.0,0,0.0,0,0.0,0
2012-11-28T09:19:47.500,2152,10303,2152,10,0.0,0,0.0,0,0.0,0,0.0,0,2152.2,25,0.0,0,0.0,0,0.0,0,0.0,0
2012-11-28T09:19:48.000,2152.2,10328,2152.2,22,0.0,0,0.0,0,0.0,0,0.0,0,2152.4,30,0.0,0,0.0,0,0.0,0,0.0,0
2012-11-28T09:19:48.500,2152.2,10351,2152,10,0.0,0,0.0,0,0.0,0,0.0,0,2152.2,12,0.0,0,0.0,0,0.0,0,0.0,0
2012-11-28T09:19:49.000,2152,10366,2151.8,40,0.0,0,0.0,0,0.0,0,0.0,0,2152,16,0.0,0,0.0,0,0.0,0,0.0,0
2012-11-28T09:19:49.500,2152,10368,2151.8,40,0.0,0,0.0,0,0.0,0,0.0,0,2152,19,0.0,0,0.0,0,0.0,0,0.0,0
2012-11-28T09:19:50.000,2152,10369,2151.8,41,0.0,0,0.0,0,0.0,0,0.0,0,2152,18,0.0,0,0.0,0,0.0,0,0.0,0
2012-11-28T09:19:50.500,2152,10376,2151.8,42,0.0,0,0.0,0,0.0,0,0.0,0,2152,13,0.0,0,0.0,0,0.0,0,0.0,0
2012-11-28T09:19:51.000,2151.8,10378,2151.8,40,0.0,0,0.0,0,0.0,0,0.0,0,2152,13,0.0,0,0.0,0,0.0,0,0.0,0
2012-11-28T09:19:51.500,2151.8,10379,2151.8,39,0.0,0,0.0,0,0.0,0,0.0,0,2152,14,0.0,0,0.0,0,0.0,0,0.0,0
2012-11-28T09:19:52.000,2152,10381,2151.8,43,0.0,0,0.0,0,0.0,0,0.0,0,2152,13,0.0,0,0.0,0,0.0,0,0.0,0
2012-11-28T09:19:52.500,2152,10405,2151.8,27,0.0,0,0.0,0,0.0,0,0.0,0,2152,5,0.0,0,0.0,0,0.0,0,0.0,0
2012-11-28T09:19:53.000,2152,10419,2151.8,16,0.0,0,0.0,0,0.0,0,0.0,0,2152,3,0.0,0,0.0,0,0.0,0,0.0,0
2012-11-28T09:19:53.500,2151.8,10422,2151.8,14,0.0,0,0.0,0,0.0,0,0.0,0,2152,4,0.0,0,0.0,0,0.0,0,0.0,0
2012-11-28T09:19:54.000,2151.8,10424,2151.8,14,0.0,0,0.0,0,0.0,0,0.0,0,2152,13,0.0,0,0.0,0,0.0,0,0.0,0
2012-11-28T09:19:54.500,2152,10425,2151.8,15,0.0,0,0.0,0,0.0,0,0.0,0,2152,18,0.0,0,0.0,0,0.0,0,0.0,0
2012-11-28T09:19:55.000,2152,10427,2151.8,16,0.0,0,0.0,0,0.0,0,0.0,0,2152,18,0.0,0,0.0,0,0.0,0,0.0,0
2012-11-28T09:19:55.500,2151.8,10429,2151.8,15,0.0,0,0.0,0,0.0,0,0.0,0,2152,19,0.0,0,0.0,0,0.0,0,0.0,0
2012-11-28T09:19:56.000,2151.8,10435,2151.8,11,0.0,0,0.0,0,0.0,0,0.0,0,2152,16,0.0,0,0.0,0,0.0,0,0.0,0
2012-11-28T09:19:56.500,2151.8,10445,2151.8,11,0.0,0,0.0,0,0.0,0,0.0,0,2152,9,0.0,0,0.0,0,0.0,0,0.0,0
2012-11-28T09:19:57.000,2152,10447,2151.8,11,0.0,0,0.0,0,0.0,0,0.0,0,2152,9,0.0,0,0.0,0,0.0,0,0.0,0
2012-11-28T09:19:57.500,2151.8,10460,2151.6,55,0.0,0,0.0,0,0.0,0,0.0,0,2151.8,16,0.0,0,0.0,0,0.0,0,0.0,0
2012-11-28T09:19:58.000,2151.6,10463,2151.6,53,0.0,0,0.0,0,0.0,0,0.0,0,2151.8,17,0.0,0,0.0,0,0.0,0,0.0,0
2012-11-28T09:19:58.500,2151.6,10466,2151.6,51,0.0,0,0.0,0,0.0,0,0.0,0,2151.8,17,0.0,0,0.0,0,0.0,0,0.0,0
2012-11-28T09:19:59.000,2151.6,10472,2151.6,47,0.0,0,0.0,0,0.0,0,0.0,0,2151.8,17,0.0,0,0.0,0,0.0,0,0.0,0
2012-11-28T09:19:59.500,2151.8,10483,2151.6,41,0.0,0,0.0,0,0.0,0,0.0,0,2151.8,13,0.0,0,0.0,0,0.0,0,0.0,0
2012-11-28T09:20:00.000,2151.8,10488,2151.6,37,0.0,0,0.0,0,0.0,0,0.0,0,2151.8,12,0.0,0,0.0,0,0.0,0,0.0,0
2012-11-28T09:20:00.500,2151.6,10501,2151.6,29,0.0,0,0.0,0,0.0,0,0.0,0,2151.8,39,0.0,0,0.0,0,0.0,0,0.0,0
2012-11-28T09:20:01.000,2151.4,10547,2151.4,51,0.0,0,0.0,0,0.0,0,0.0,0,2151.6,15,0.0,0,0.0,0,0.0,0,0.0,0
2012-11-28T09:20:01.500,2151.4,10571,2151.4,32,0.0,0,0.0,0,0.0,0,0.0,0,2151.6,43,0.0,0,0.0,0,0.0,0,0.0,0
2012-11-28T09:20:02.000,2151.4,10603,2151.4,3,0.0,0,0.0,0,0.0,0,0.0,0,2151.6,45,0.0,0,0.0,0,0.0,0,0.0,0
2012-11-28T09:20:02.500,2151.4,10613,2151.2,103,0.0,0,0.0,0,0.0,0,0.0,0,2151.4,26,0.0,0,0.0,0,0.0,0,0.0,0
2012-11-28T09:20:03.000,2151.2,10681,2151.2,39,0.0,0,0.0,0,0.0,0,0.0,0,2151.4,21,0.0,0,0.0,0,0.0,0,0.0,0
2012-11-28T09:20:03.500,2150.8,10797,2150.8,84,0.0,0,0.0,0,0.0,0,0.0,0,2151,2,0.0,0,0.0,0,0.0,0,0.0,0
2012-11-28T09:20:04.000,2150.8,10890,2150.6,76,0.0,0,0.0,0,0.0,0,0.0,0,2150.8,9,0.0,0,0.0,0,0.0,0,0.0,0
2012-11-28T09:20:04.500,2150.6,10980,2150.6,12,0.0,0,0.0,0,0.0,0,0.0,0,2151,10,0.0,0,0.0,0,0.0,0,0.0,0
2012-11-28T09:20:05.000,2150.8,11054,2150.8,56,0.0,0,0.0,0,0.0,0,0.0,0,2151,2,0.0,0,0.0,0,0.0,0,0.0,0
2012-11-28T09:20:05.500,2151,11111,2151,45,0.0,0,0.0,0,0.0,0,0.0,0,2151.4,8,0.0,0,0.0,0,0.0,0,0.0,0
2012-11-28T09:20:06.000,2151.4,11122,2151.2,30,0.0,0,0.0,0,0.0,0,0.0,0,2151.4,7,0.0,0,0.0,0,0.0,0,0.0,0
2012-11-28T09:20:06.500,2151.2,11158,2151.2,8,0.0,0,0.0,0,0.0,0,0.0,0,2151.4,2,0.0,0,0.0,0,0.0,0,0.0,0
2012-11-28T09:20:07.000,2151.6,11172,2151.2,8,0.0,0,0.0,0,0.0,0,0.0,0,2151.6,73,0.0,0,0.0,0,0.0,0,0.0,0
2012-11-28T09:20:07.500,2151.6,11183,2151.2,22,0.0,0,0.0,0,0.0,0,0.0,0,2151.6,69,0.0,0,0.0,0,0.0,0,0.0,0
2012-11-28T09:20:08.000,2151.2,11194,2151.2,20,0.0,0,0.0,0,0.0,0,0.0,0,2151.6,68,0.0,0,0.0,0,0.0,0,0.0,0
2012-11-28T09:20:08.500,2151.2,11227,2151,48,0.0,0,0.0,0,0.0,0,0.0,0,2151.2,6,0.0,0,0.0,0,0.0,0,0.0,0
2012-11-28T09:20:09.000,2151.2,11246,2151,37,0.0,0,0.0,0,0.0,0,0.0,0,2151.2,1,0.0,0,0.0,0,0.0,0,0.0,0
2012-11-28T09:20:09.500,2151.2,11263,2151,48,0.0,0,0.0,0,0.0,0,0.0,0,2151.2,8,0.0,0,0.0,0,0.0,0,0.0,0
2012-11-28T09:20:10.000,2151,11269,2151,43,0.0,0,0.0,0,0.0,0,0.0,0,2151.2,8,0.0,0,0.0,0,0.0,0,0.0,0
2012-11-28T09:20:10.500,2151.2,11294,2151,26,0.0,0,0.0,0,0.0,0,0.0,0,2151.2,2,0.0,0,0.0,0,0.0,0,0.0,0
2012-11-28T09:20:11.000,2151.2,11302,2151,23,0.0,0,0.0,0,0.0,0,0.0,0,2151.4,9,0.0,0,0.0,0,0.0,0,0.0,0
2012-11-28T09:20:11.500,2151,11314,2151,15,0.0,0,0.0,0,0.0,0,0.0,0,2151.4,7,0.0,0,0.0,0,0.0,0,0.0,0
2012-11-28T09:20:12.000,2151.2,11324,2151.2,16,0.0,0,0.0,0,0.0,0,0.0,0,2151.4,7,0.0,0,0.0,0,0.0,0,0.0,0
2012-11-28T09:20:12.500,2151.2,11330,2151.2,22,0.0,0,0.0,0,0.0,0,0.0,0,2151.4,6,0.0,0,0.0,0,0.0,0,0.0,0
2012-11-28T09:20:13.000,2151.2,11334,2151.2,25,0.0,0,0.0,0,0.0,0,0.0,0,2151.4,4,0.0,0,0.0,0,0.0,0,0.0,0
2012-11-28T09:20:13.500,2151.2,11340,2151.2,26,0.0,0,0.0,0,0.0,0,0.0,0,2151.4,2,0.0,0,0.0,0,0.0,0,0.0,0
2012-11-28T09:20:14.000,2151.4,11344,2151.4,30,0.0,0,0.0,0,0.0,0,0.0,0,2151.6,59,0.0,0,0.0,0,0.0,0,0.0,0
2012-11-28T09:20:14.500,2151.4,11347,2151.4,28,0.0,0,0.0,0,0.0,0,0.0,0,2151.6,59,0.0,0,0.0,0,0.0,0,0.0,0
2012-11-28T09:20:15.250,2151.6,11350,2151.4,28,0.0,0,0.0,0,0.0,0,0.0,0,2151.6,58,0.0,0,0.0,0,0.0,0,0.0,0
2012-11-28T09:20:16.000,2151.4,11352,2151.4,28,0.0,0,0.0,0,0.0,0,0.0,0,2151.6,58,0.0,0,0.0,0,0.0,0,0.0,0
2012-11-28T09:20:16.500,2151.4,11396,2151.2,57,0.0,0,0.0,0,0.0,0,0.0,0,2151.4,2,0.0,0,0.0,0,0.0,0,0.0,0
2012-11-28T09:20:17.000,2151.2,11417,2151.2,33,0.0,0,0.0,0,0.0,0,0.0,0,2151.4,6,0.0,0,0.0,0,0.0,0,0.0,0
2012-11-28T09:20:17.500,2151.6,11435,2151.4,22,0.0,0,0.0,0,0.0,0,0.0,0,2151.6,52,0.0,0,0.0,0,0.0,0,0.0,0
2012-11-28T09:20:18.000,2151.4,11442,2151.4,18,0.0,0,0.0,0,0.0,0,0.0,0,2151.6,53,0.0,0,0.0,0,0.0,0,0.0,0
2012-11-28T09:20:18.500,2151.4,11512,2151.2,27,0.0,0,0.0,0,0.0,0,0.0,0,2151.4,7,0.0,0,0.0,0,0.0,0,0.0,0
2012-11-28T09:20:19.000,2151.6,11534,2151.6,63,0.0,0,0.0,0,0.0,0,0.0,0,2151.8,27,0.0,0,0.0,0,0.0,0,0.0,0
2012-11-28T09:20:19.500,2151.6,11568,2151.6,59,0.0,0,0.0,0,0.0,0,0.0,0,2151.8,1,0.0,0,0.0,0,0.0,0,0.0,0
2012-11-28T09:20:20.000,2151.8,11579,2151.8,9,0.0,0,0.0,0,0.0,0,0.0,0,2152,40,0.0,0,0.0,0,0.0,0,0.0,0
2012-11-28T09:20:20.500,2152,11602,2151.6,47,0.0,0,0.0,0,0.0,0,0.0,0,2151.8,1,0.0,0,0.0,0,0.0,0,0.0,0
2012-11-28T09:20:21.000,2152,11605,2151.8,1,0.0,0,0.0,0,0.0,0,0.0,0,2152,38,0.0,0,0.0,0,0.0,0,0.0,0
2012-11-28T09:20:21.500,2152,11612,2151.8,3,0.0,0,0.0,0,0.0,0,0.0,0,2152,32,0.0,0,0.0,0,0.0,0,0.0,0
2012-11-28T09:20:22.000,2152,11620,2151.8,7,0.0,0,0.0,0,0.0,0,0.0,0,2152,29,0.0,0,0.0,0,0.0,0,0.0,0
2012-11-28T09:20:22.500,2152,11640,2151.8,15,0.0,0,0.0,0,0.0,0,0.0,0,2152,12,0.0,0,0.0,0,0.0,0,0.0,0
2012-11-28T09:20:23.000,2151.8,11643,2151.8,15,0.0,0,0.0,0,0.0,0,0.0,0,2152,26,0.0,0,0.0,0,0.0,0,0.0,0
2012-11-28T09:20:23.500,2151.8,11650,2151.8,84,0.0,0,0.0,0,0.0,0,0.0,0,2152,21,0.0,0,0.0,0,0.0,0,0.0,0
2012-11-28T09:20:24.000,2151.8,11651,2151.8,84,0.0,0,0.0,0,0.0,0,0.0,0,2152,53,0.0,0,0.0,0,0.0,0,0.0,0
2012-11-28T09:20:24.500,2151.8,11661,2151.8,83,0.0,0,0.0,0,0.0,0,0.0,0,2152,45,0.0,0,0.0,0,0.0,0,0.0,0
2012-11-28T09:20:25.000,2152,11677,2151.8,83,0.0,0,0.0,0,0.0,0,0.0,0,2152,31,0.0,0,0.0,0,0.0,0,0.0,0
2012-11-28T09:20:25.500,2151.8,11678,2151.8,82,0.0,0,0.0,0,0.0,0,0.0,0,2152,31,0.0,0,0.0,0,0.0,0,0.0,0
2012-11-28T09:20:26.000,2151.8,11682,2151.8,79,0.0,0,0.0,0,0.0,0,0.0,0,2152,30,0.0,0,0.0,0,0.0,0,0.0,0
2012-11-28T09:20:26.500,2151.8,11684,2151.8,88,0.0,0,0.0,0,0.0,0,0.0,0,2152,29,0.0,0,0.0,0,0.0,0,0.0,0
2012-11-28T09:20:27.000,2151.8,11712,2151.8,70,0.0,0,0.0,0,0.0,0,0.0,0,2152,26,0.0,0,0.0,0,0.0,0,0.0,0
2012-11-28T09:20:27.500,2152,11715,2151.8,69,0.0,0,0.0,0,0.0,0,0.0,0,2152,30,0.0,0,0.0,0,0.0,0,0.0,0
2012-11-28T09:20:28.000,2152,11729,2151.8,68,0.0,0,0.0,0,0.0,0,0.0,0,2152,20,0.0,0,0.0,0,0.0,0,0.0,0
2012-11-28T09:20:28.500,2151.8,11748,2151.8,53,0.0,0,0.0,0,0.0,0,0.0,0,2152,20,0.0,0,0.0,0,0.0,0,0.0,0
2012-11-28T09:20:29.000,2151.8,11754,2151.8,47,0.0,0,0.0,0,0.0,0,0.0,0,2152,20,0.0,0,0.0,0,0.0,0,0.0,0
2012-11-28T09:20:29.500,2151.8,11777,2151.8,25,0.0,0,0.0,0,0.0,0,0.0,0,2152,20,0.0,0,0.0,0,0.0,0,0.0,0
2012-11-28T09:20:30.000,2152,11801,2151.8,6,0.0,0,0.0,0,0.0,0,0.0,0,2152,17,0.0,0,0.0,0,0.0,0,0.0,0
2012-11-28T09:20:30.500,2152,11833,2151.6,67,0.0,0,0.0,0,0.0,0,0.0,0,2152,23,0.0,0,0.0,0,0.0,0,0.0,0
2012-11-28T09:20:31.250,2152,11837,2151.6,66,0.0,0,0.0,0,0.0,0,0.0,0,2152,31,0.0,0,0.0,0,0.0,0,0.0,0
2012-11-28T09:20:32.000,2152,11840,2151.8,5,0.0,0,0.0,0,0.0,0,0.0,0,2152,50,0.0,0,0.0,0,0.0,0,0.0,0
2012-11-28T09:20:32.500,2151.8,11843,2151.8,5,0.0,0,0.0,0,0.0,0,0.0,0,2152,48,0.0,0,0.0,0,0.0,0,0.0,0
2012-11-28T09:20:33.000,2151.8,11848,2151.8,2,0.0,0,0.0,0,0.0,0,0.0,0,2152,55,0.0,0,0.0,0,0.0,0,0.0,0
2012-11-28T09:20:33.500,2151.8,11852,2151.6,66,0.0,0,0.0,0,0.0,0,0.0,0,2152,55,0.0,0,0.0,0,0.0,0,0.0,0
2012-11-28T09:20:34.000,2152,11853,2151.8,1,0.0,0,0.0,0,0.0,0,0.0,0,2152,56,0.0,0,0.0,0,0.0,0,0.0,0
2012-11-28T09:20:34.500,2152,11855,2151.8,1,0.0,0,0.0,0,0.0,0,0.0,0,2152,60,0.0,0,0.0,0,0.0,0,0.0,0
2012-11-28T09:20:35.000,2152,11856,2151.8,10,0.0,0,0.0,0,0.0,0,0.0,0,2152,60,0.0,0,0.0,0,0.0,0,0.0,0
2012-11-28T09:20:35.500,2151.8,11858,2151.8,8,0.0,0,0.0,0,0.0,0,0.0,0,2152,61,0.0,0,0.0,0,0.0,0,0.0,0
2012-11-28T09:20:36.000,2152,11868,2151.8,1,0.0,0,0.0,0,0.0,0,0.0,0,2152,58,0.0,0,0.0,0,0.0,0,0.0,0
2012-11-28T09:20:36.500,2151.8,11870,2151.8,1,0.0,0,0.0,0,0.0,0,0.0,0,2152,58,0.0,0,0.0,0,0.0,0,0.0,0
2012-11-28T09:20:37.250,2152,11873,2151.8,1,0.0,0,0.0,0,0.0,0,0.0,0,2152,59,0.0,0,0.0,0,0.0,0,0.0,0
2012-11-28T09:20:38.250,2152,11882,2151.6,70,0.0,0,0.0,0,0.0,0,0.0,0,2152,60,0.0,0,0.0,0,0.0,0,0.0,0
2012-11-28T09:20:39.000,2152,11884,2151.6,70,0.0,0,0.0,0,0.0,0,0.0,0,2152,61,0.0,0,0.0,0,0.0,0,0.0,0
2012-11-28T09:20:39.500,2152,11889,2151.6,71,0.0,0,0.0,0,0.0,0,0.0,0,2152,58,0.0,0,0.0,0,0.0,0,0.0,0
2012-11-28T09:20:40.250,2151.8,11893,2151.6,82,0.0,0,0.0,0,0.0,0,0.0,0,2152,57,0.0,0,0.0,0,0.0,0,0.0,0
2012-11-28T09:20:41.000,2152,11902,2151.6,79,0.0,0,0.0,0,0.0,0,0.0,0,2152,54,0.0,0,0.0,0,0.0,0,0.0,0
2012-11-28T09:20:41.500,2152,11909,2151.6,79,0.0,0,0.0,0,0.0,0,0.0,0,2151.8,1,0.0,0,0.0,0,0.0,0,0.0,0
2012-11-28T09:20:42.000,2151.6,11911,2151.8,1,0.0,0,0.0,0,0.0,0,0.0,0,2152,48,0.0,0,0.0,0,0.0,0,0.0,0
2012-11-28T09:20:42.500,2152,11913,2151.8,3,0.0,0,0.0,0,0.0,0,0.0,0,2152,47,0.0,0,0.0,0,0.0,0,0.0,0
2012-11-28T09:20:43.000,2152,11920,2151.8,3,0.0,0,0.0,0,0.0,0,0.0,0,2152,63,0.0,0,0.0,0,0.0,0,0.0,0
2012-11-28T09:20:43.500,2152,11924,2151.8,4,0.0,0,0.0,0,0.0,0,0.0,0,2152,60,0.0,0,0.0,0,0.0,0,0.0,0
2012-11-28T09:20:44.000,2151.8,11926,2151.8,4,0.0,0,0.0,0,0.0,0,0.0,0,2152,61,0.0,0,0.0,0,0.0,0,0.0,0
2012-11-28T09:20:44.500,2151.8,11927,2151.8,5,0.0,0,0.0,0,0.0,0,0.0,0,2152,61,0.0,0,0.0,0,0.0,0,0.0,0
2012-11-28T09:20:45.000,2152,11928,2151.8,9,0.0,0,0.0,0,0.0,0,0.0,0,2152,61,0.0,0,0.0,0,0.0,0,0.0,0
2012-11-28T09:20:45.500,2151.8,11929,2151.8,9,0.0,0,0.0,0,0.0,0,0.0,0,2152,61,0.0,0,0.0,0,0.0,0,0.0,0
2012-11-28T09:20:46.000,2151.8,11930,2151.8,11,0.0,0,0.0,0,0.0,0,0.0,0,2152,61,0.0,0,0.0,0,0.0,0,0.0,0
2012-11-28T09:20:46.500,2152,11931,2151.8,12,0.0,0,0.0,0,0.0,0,0.0,0,2152,60,0.0,0,0.0,0,0.0,0,0.0,0
2012-11-28T09:20:47.000,2151.8,11938,2151.8,8,0.0,0,0.0,0,0.0,0,0.0,0,2152,60,0.0,0,0.0,0,0.0,0,0.0,0
2012-11-28T09:20:47.500,2152,11942,2151.8,8,0.0,0,0.0,0,0.0,0,0.0,0,2152,59,0.0,0,0.0,0,0.0,0,0.0,0
2012-11-28T09:20:48.250,2152,11944,2151.8,7,0.0,0,0.0,0,0.0,0,0.0,0,2152,58,0.0,0,0.0,0,0.0,0,0.0,0
2012-11-28T09:20:50.000,2151.8,11948,2151.8,5,0.0,0,0.0,0,0.0,0,0.0,0,2152,60,0.0,0,0.0,0,0.0,0,0.0,0
2012-11-28T09:20:50.500,2152,11949,2151.8,5,0.0,0,0.0,0,0.0,0,0.0,0,2152,60,0.0,0,0.0,0,0.0,0,0.0,0
2012-11-28T09:20:51.000,2151.8,11958,2151.8,2,0.0,0,0.0,0,0.0,0,0.0,0,2152,64,0.0,0,0.0,0,0.0,0,0.0,0
2012-11-28T09:20:51.500,2151.8,11965,2151.8,12,0.0,0,0.0,0,0.0,0,0.0,0,2152,61,0.0,0,0.0,0,0.0,0,0.0,0
2012-11-28T09:20:52.000,2152,11976,2151.8,13,0.0,0,0.0,0,0.0,0,0.0,0,2152,52,0.0,0,0.0,0,0.0,0,0.0,0
2012-11-28T09:20:52.500,2151.8,11978,2151.8,11,0.0,0,0.0,0,0.0,0,0.0,0,2152,53,0.0,0,0.0,0,0.0,0,0.0,0
2012-11-28T09:20:53.000,2152,12024,2151.8,12,0.0,0,0.0,0,0.0,0,0.0,0,2152,7,0.0,0,0.0,0,0.0,0,0.0,0
2012-11-28T09:20:53.500,2152,12027,2151.8,14,0.0,0,0.0,0,0.0,0,0.0,0,2152,4,0.0,0,0.0,0,0.0,0,0.0,0
2012-11-28T09:20:54.000,2152,12031,2152,37,0.0,0,0.0,0,0.0,0,0.0,0,2152.2,47,0.0,0,0.0,0,0.0,0,0.0,0
2012-11-28T09:20:54.500,2152,12041,2152,34,0.0,0,0.0,0,0.0,0,0.0,0,2152.2,47,0.0,0,0.0,0,0.0,0,0.0,0
2012-11-28T09:20:55.000,2152,12048,2152,34,0.0,0,0.0,0,0.0,0,0.0,0,2152.2,41,0.0,0,0.0,0,0.0,0,0.0,0
2012-11-28T09:20:55.500,2152,12056,2152,31,0.0,0,0.0,0,0.0,0,0.0,0,2152.2,39,0.0,0,0.0,0,0.0,0,0.0,0
2012-11-28T09:20:56.250,2152.2,12057,2152,34,0.0,0,0.0,0,0.0,0,0.0,0,2152.2,37,0.0,0,0.0,0,0.0,0,0.0,0
2012-11-28T09:20:57.000,2152.2,12059,2152,35,0.0,0,0.0,0,0.0,0,0.0,0,2152.2,38,0.0,0,0.0,0,0.0,0,0.0,0
2012-11-28T09:20:57.500,2152.2,12061,2152,35,0.0,0,0.0,0,0.0,0,0.0,0,2152.2,36,0.0,0,0.0,0,0.0,0,0.0,0
2012-11-28T09:20:58.000,2152,12064,2152,32,0.0,0,0.0,0,0.0,0,0.0,0,2152.2,36,0.0,0,0.0,0,0.0,0,0.0,0
2012-11-28T09:20:58.500,2152.2,12084,2152,33,0.0,0,0.0,0,0.0,0,0.0,0,2152.2,24,0.0,0,0.0,0,0.0,0,0.0,0
2012-11-28T09:20:59.250,2152.2,12087,2152,33,0.0,0,0.0,0,0.0,0,0.0,0,2152.2,21,0.0,0,0.0,0,0.0,0,0.0,0
2012-11-28T09:21:00.250,2152,12090,2152,53,0.0,0,0.0,0,0.0,0,0.0,0,2152.2,31,0.0,0,0.0,0,0.0,0,0.0,0
2012-11-28T09:21:01.000,2152.2,12092,2152,53,0.0,0,0.0,0,0.0,0,0.0,0,2152.2,30,0.0,0,0.0,0,0.0,0,0.0,0
2012-11-28T09:21:01.500,2152,12097,2152,51,0.0,0,0.0,0,0.0,0,0.0,0,2152.2,31,0.0,0,0.0,0,0.0,0,0.0,0
2012-11-28T09:21:02.000,2152,12110,2152,43,0.0,0,0.0,0,0.0,0,0.0,0,2152.2,29,0.0,0,0.0,0,0.0,0,0.0,0
2012-11-28T09:21:02.500,2152.2,12112,2152,43,0.0,0,0.0,0,0.0,0,0.0,0,2152.2,27,0.0,0,0.0,0,0.0,0,0.0,0
2012-11-28T09:21:03.000,2152.2,12124,2152,43,0.0,0,0.0,0,0.0,0,0.0,0,2152.2,17,0.0,0,0.0,0,0.0,0,0.0,0
2012-11-28T09:21:03.500,2152,12126,2152,41,0.0,0,0.0,0,0.0,0,0.0,0,2152.2,17,0.0,0,0.0,0,0.0,0,0.0,0
2012-11-28T09:21:04.000,2152.2,12133,2152,41,0.0,0,0.0,0,0.0,0,0.0,0,2152.2,10,0.0,0,0.0,0,0.0,0,0.0,0
2012-11-28T09:21:04.500,2152.2,12146,2152.2,6,0.0,0,0.0,0,0.0,0,0.0,0,2152.4,61,0.0,0,0.0,0,0.0,0,0.0,0
2012-11-28T09:21:05.000,2152.2,12148,2152.2,5,0.0,0,0.0,0,0.0,0,0.0,0,2152.4,61,0.0,0,0.0,0,0.0,0,0.0,0
2012-11-28T09:21:05.500,2152.4,12151,2152.2,8,0.0,0,0.0,0,0.0,0,0.0,0,2152.4,60,0.0,0,0.0,0,0.0,0,0.0,0
2012-11-28T09:21:06.000,2152.2,12153,2152.2,9,0.0,0,0.0,0,0.0,0,0.0,0,2152.4,60,0.0,0,0.0,0,0.0,0,0.0,0
2012-11-28T09:21:06.500,2152.2,12159,2152.2,4,0.0,0,0.0,0,0.0,0,0.0,0,2152.4,60,0.0,0,0.0,0,0.0,0,0.0,0
2012-11-28T09:21:07.000,2152.4,12161,2152.2,7,0.0,0,0.0,0,0.0,0,0.0,0,2152.4,61,0.0,0,0.0,0,0.0,0,0.0,0
2012-11-28T09:21:07.500,2152.2,12166,2152.2,13,0.0,0,0.0,0,0.0,0,0.0,0,2152.4,58,0.0,0,0.0,0,0.0,0,0.0,0
2012-11-28T09:21:08.000,2152.2,12170,2152.2,14,0.0,0,0.0,0,0.0,0,0.0,0,2152.4,55,0.0,0,0.0,0,0.0,0,0.0,0
2012-11-28T09:21:08.500,2152.4,12174,2152.2,23,0.0,0,0.0,0,0.0,0,0.0,0,2152.4,54,0.0,0,0.0,0,0.0,0,0.0,0
2012-11-28T09:21:09.000,2152.4,12182,2152.2,20,0.0,0,0.0,0,0.0,0,0.0,0,2152.4,50,0.0,0,0.0,0,0.0,0,0.0,0
2012-11-28T09:21:09.500,2152.4,12212,2152.2,24,0.0,0,0.0,0,0.0,0,0.0,0,2152.4,21,0.0,0,0.0,0,0.0,0,0.0,0
2012-11-28T09:21:10.000,2152.4,12235,2152.2,38,0.0,0,0.0,0,0.0,0,0.0,0,2152.6,129,0.0,0,0.0,0,0.0,0,0.0,0
2012-11-28T09:21:10.500,2152.2,12241,2152.2,36,0.0,0,0.0,0,0.0,0,0.0,0,2152.6,127,0.0,0,0.0,0,0.0,0,0.0,0
2012-11-28T09:21:11.000,2152.6,12244,2152.4,5,0.0,0,0.0,0,0.0,0,0.0,0,2152.6,124,0.0,0,0.0,0,0.0,0,0.0,0
2012-11-28T09:21:11.500,2152.6,12252,2152.4,13,0.0,0,0.0,0,0.0,0,0.0,0,2152.6,118,0.0,0,0.0,0,0.0,0,0.0,0
2012-11-28T09:21:12.000,2152.6,12255,2152.4,15,0.0,0,0.0,0,0.0,0,0.0,0,2152.6,121,0.0,0,0.0,0,0.0,0,0.0,0
2012-11-28T09:21:12.500,2152.6,12262,2152.4,18,0.0,0,0.0,0,0.0,0,0.0,0,2152.6,117,0.0,0,0.0,0,0.0,0,0.0,0
2012-11-28T09:21:13.000,2152.6,12264,2152.4,19,0.0,0,0.0,0,0.0,0,0.0,0,2152.6,116,0.0,0,0.0,0,0.0,0,0.0,0
2012-11-28T09:21:13.500,2152.4,12277,2152.4,6,0.0,0,0.0,0,0.0,0,0.0,0,2152.6,113,0.0,0,0.0,0,0.0,0,0.0,0
2012-11-28T09:21:14.000,2152.4,12283,2152.4,12,0.0,0,0.0,0,0.0,0,0.0,0,2152.6,112,0.0,0,0.0,0,0.0,0,0.0,0
2012-11-28T09:21:14.500,2152.6,12288,2152.4,13,0.0,0,0.0,0,0.0,0,0.0,0,2152.6,108,0.0,0,0.0,0,0.0,0,0.0,0
2012-11-28T09:21:15.000,2152.4,12299,2152.4,4,0.0,0,0.0,0,0.0,0,0.0,0,2152.6,106,0.0,0,0.0,0,0.0,0,0.0,0
2012-11-28T09:21:15.500,2152.6,12301,2152.4,5,0.0,0,0.0,0,0.0,0,0.0,0,2152.6,104,0.0,0,0.0,0,0.0,0,0.0,0
2012-11-28T09:21:16.000,2152.6,12304,2152.4,6,0.0,0,0.0,0,0.0,0,0.0,0,2152.6,101,0.0,0,0.0,0,0.0,0,0.0,0
2012-11-28T09:21:16.500,2152.4,12310,2152.4,2,0.0,0,0.0,0,0.0,0,0.0,0,2152.6,100,0.0,0,0.0,0,0.0,0,0.0,0
2012-11-28T09:21:17.000,2152.6,12324,2152.2,9,0.0,0,0.0,0,0.0,0,0.0,0,2152.4,5,0.0,0,0.0,0,0.0,0,0.0,0
2012-11-28T09:21:17.500,2152.6,12325,2152.2,10,0.0,0,0.0,0,0.0,0,0.0,0,2152.4,7,0.0,0,0.0,0,0.0,0,0.0,0
2012-11-28T09:21:18.000,2152.2,12328,2152.2,8,0.0,0,0.0,0,0.0,0,0.0,0,2152.4,9,0.0,0,0.0,0,0.0,0,0.0,0
2012-11-28T09:21:18.500,2152.4,12329,2152.2,9,0.0,0,0.0,0,0.0,0,0.0,0,2152.4,9,0.0,0,0.0,0,0.0,0,0.0,0
2012-11-28T09:21:19.000,2152.4,12331,2152.2,10,0.0,0,0.0,0,0.0,0,0.0,0,2152.4,17,0.0,0,0.0,0,0.0,0,0.0,0
2012-11-28T09:21:19.500,2152.4,12340,2152.2,10,0.0,0,0.0,0,0.0,0,0.0,0,2152.4,15,0.0,0,0.0,0,0.0,0,0.0,0
2012-11-28T09:21:20.000,2152.4,12342,2152.2,10,0.0,0,0.0,0,0.0,0,0.0,0,2152.4,17,0.0,0,0.0,0,0.0,0,0.0,0
2012-11-28T09:21:20.500,2152.2,12345,2152.2,8,0.0,0,0.0,0,0.0,0,0.0,0,2152.4,19,0.0,0,0.0,0,0.0,0,0.0,0
2012-11-28T09:21:21.250,2152.4,12346,2152.2,8,0.0,0,0.0,0,0.0,0,0.0,0,2152.4,22,0.0,0,0.0,0,0.0,0,0.0,0
2012-11-28T09:21:22.000,2152,12358,2152,17,0.0,0,0.0,0,0.0,0,0.0,0,2152.2,22,0.0,0,0.0,0,0.0,0,0.0,0
2012-11-28T09:21:22.500,2152.2,12360,2152,16,0.0,0,0.0,0,0.0,0,0.0,0,2152.2,21,0.0,0,0.0,0,0.0,0,0.0,0
2012-11-28T09:21:23.000,2152,12366,2152,11,0.0,0,0.0,0,0.0,0,0.0,0,2152.2,24,0.0,0,0.0,0,0.0,0,0.0,0
2012-11-28T09:21:23.500,2152.2,12367,2152,11,0.0,0,0.0,0,0.0,0,0.0,0,2152.2,23,0.0,0,0.0,0,0.0,0,0.0,0
2012-11-28T09:21:24.000,2152,12391,2152,15,0.0,0,0.0,0,0.0,0,0.0,0,2152.2,3,0.0,0,0.0,0,0.0,0,0.0,0
2012-11-28T09:21:24.500,2152.2,12394,2152,14,0.0,0,0.0,0,0.0,0,0.0,0,2152.2,3,0.0,0,0.0,0,0.0,0,0.0,0
2012-11-28T09:21:25.250,2152,12395,2152,13,0.0,0,0.0,0,0.0,0,0.0,0,2152.2,3,0.0,0,0.0,0,0.0,0,0.0,0
2012-11-28T09:21:26.000,2152,12403,2152,21,0.0,0,0.0,0,0.0,0,0.0,0,2152.4,42,0.0,0,0.0,0,0.0,0,0.0,0
2012-11-28T09:21:26.500,2152,12404,2152.2,1,0.0,0,0.0,0,0.0,0,0.0,0,2152.4,47,0.0,0,0.0,0,0.0,0,0.0,0
2012-11-28T09:21:27.250,2152.2,12408,2152,42,0.0,0,0.0,0,0.0,0,0.0,0,2152.2,1,0.0,0,0.0,0,0.0,0,0.0,0
2012-11-28T09:21:28.000,2152.2,12428,2152.2,1,0.0,0,0.0,0,0.0,0,0.0,0,2152.4,46,0.0,0,0.0,0,0.0,0,0.0,0
2012-11-28T09:21:28.500,2152.2,12435,2152,29,0.0,0,0.0,0,0.0,0,0.0,0,2152.4,40,0.0,0,0.0,0,0.0,0,0.0,0
2012-11-28T09:21:29.250,2152,12438,2152,28,0.0,0,0.0,0,0.0,0,0.0,0,2152.2,2,0.0,0,0.0,0,0.0,0,0.0,0
2012-11-28T09:21:31.250,2152,12441,2152,34,0.0,0,0.0,0,0.0,0,0.0,0,2152.2,7,0.0,0,0.0,0,0.0,0,0.0,0
2012-11-28T09:21:32.250,2152,12442,2152,38,0.0,0,0.0,0,0.0,0,0.0,0,2152.2,8,0.0,0,0.0,0,0.0,0,0.0,0
2012-11-28T09:21:33.000,2152,12443,2152,42,0.0,0,0.0,0,0.0,0,0.0,0,2152.2,8,0.0,0,0.0,0,0.0,0,0.0,0
2012-11-28T09:21:33.500,2152.2,12444,2152,42,0.0,0,0.0,0,0.0,0,0.0,0,2152.2,8,0.0,0,0.0,0,0.0,0,0.0,0
2012-11-28T09:21:34.000,2152,12446,2152,40,0.0,0,0.0,0,0.0,0,0.0,0,2152.2,8,0.0,0,0.0,0,0.0,0,0.0,0
2012-11-28T09:21:34.500,2152.2,12448,2152,40,0.0,0,0.0,0,0.0,0,0.0,0,2152.2,7,0.0,0,0.0,0,0.0,0,0.0,0
2012-11-28T09:21:35.000,2152.2,12449,2152,41,0.0,0,0.0,0,0.0,0,0.0,0,2152.2,6,0.0,0,0.0,0,0.0,0,0.0,0
2012-11-28T09:21:35.500,2152.2,12450,2152,71,0.0,0,0.0,0,0.0,0,0.0,0,2152.2,7,0.0,0,0.0,0,0.0,0,0.0,0
2012-11-28T09:21:36.000,2152,12452,2152,70,0.0,0,0.0,0,0.0,0,0.0,0,2152.2,6,0.0,0,0.0,0,0.0,0,0.0,0
2012-11-28T09:21:36.500,2152,12457,2152,68,0.0,0,0.0,0,0.0,0,0.0,0,2152.2,4,0.0,0,0.0,0,0.0,0,0.0,0
2012-11-28T09:21:38.000,2152.2,12466,2152.2,1,0.0,0,0.0,0,0.0,0,0.0,0,2152.4,64,0.0,0,0.0,0,0.0,0,0.0,0
2012-11-28T09:21:38.500,2152.4,12471,2152,67,0.0,0,0.0,0,0.0,0,0.0,0,2152.4,63,0.0,0,0.0,0,0.0,0,0.0,0
2012-11-28T09:21:39.250,2152.2,12472,2152,68,0.0,0,0.0,0,0.0,0,0.0,0,2152.4,65,0.0,0,0.0,0,0.0,0,0.0,0
2012-11-28T09:21:40.250,2152,12476,2152,68,0.0,0,0.0,0,0.0,0,0.0,0,2152.4,64,0.0,0,0.0,0,0.0,0,0.0,0
2012-11-28T09:21:41.250,2152,12477,2152,72,0.0,0,0.0,0,0.0,0,0.0,0,2152.4,67,0.0,0,0.0,0,0.0,0,0.0,0
2012-11-28T09:21:43.250,2152.2,12480,2152,76,0.0,0,0.0,0,0.0,0,0.0,0,2152.4,71,0.0,0,0.0,0,0.0,0,0.0,0
2012-11-28T09:21:45.250,2152,12485,2152,72,0.0,0,0.0,0,0.0,0,0.0,0,2152.2,3,0.0,0,0.0,0,0.0,0,0.0,0
2012-11-28T09:21:46.000,2152.2,12490,2152,72,0.0,0,0.0,0,0.0,0,0.0,0,2152.2,1,0.0,0,0.0,0,0.0,0,0.0,0
2012-11-28T09:21:46.500,2152.2,12491,2152,87,0.0,0,0.0,0,0.0,0,0.0,0,2152.2,28,0.0,0,0.0,0,0.0,0,0.0,0
2012-11-28T09:21:48.250,2152,12497,2152,73,0.0,0,0.0,0,0.0,0,0.0,0,2152.2,32,0.0,0,0.0,0,0.0,0,0.0,0
2012-11-28T09:21:51.000,2152.2,12501,2152,70,0.0,0,0.0,0,0.0,0,0.0,0,2152.2,41,0.0,0,0.0,0,0.0,0,0.0,0
2012-11-28T09:21:51.500,2152.2,12502,2152,71,0.0,0,0.0,0,0.0,0,0.0,0,2152.2,41,0.0,0,0.0,0,0.0,0,0.0,0
2012-11-28T09:21:52.000,2152.2,12504,2152,70,0.0,0,0.0,0,0.0,0,0.0,0,2152.2,40,0.0,0,0.0,0,0.0,0,0.0,0
2012-11-28T09:21:52.500,2152,12526,2152,48,0.0,0,0.0,0,0.0,0,0.0,0,2152.2,45,0.0,0,0.0,0,0.0,0,0.0,0
2012-11-28T09:21:53.250,2152,12575,2151.8,59,0.0,0,0.0,0,0.0,0,0.0,0,2152,10,0.0,0,0.0,0,0.0,0,0.0,0
2012-11-28T09:21:54.000,2151.8,12579,2151.8,54,0.0,0,0.0,0,0.0,0,0.0,0,2152,13,0.0,0,0.0,0,0.0,0,0.0,0
2012-11-28T09:21:54.500,2151.8,12586,2151.8,47,0.0,0,0.0,0,0.0,0,0.0,0,2152,14,0.0,0,0.0,0,0.0,0,0.0,0
2012-11-28T09:21:55.250,2151.8,12606,2151.8,28,0.0,0,0.0,0,0.0,0,0.0,0,2152,13,0.0,0,0.0,0,0.0,0,0.0,0
2012-11-28T09:21:56.000,2151.8,12621,2151.8,13,0.0,0,0.0,0,0.0,0,0.0,0,2152,14,0.0,0,0.0,0,0.0,0,0.0,0
2012-11-28T09:21:56.500,2151.8,12623,2151.8,11,0.0,0,0.0,0,0.0,0,0.0,0,2152,20,0.0,0,0.0,0,0.0,0,0.0,0
2012-11-28T09:21:57.000,2151.8,12625,2151.8,10,0.0,0,0.0,0,0.0,0,0.0,0,2152,25,0.0,0,0.0,0,0.0,0,0.0,0
2012-11-28T09:21:57.500,2151.8,12629,2151.8,6,0.0,0,0.0,0,0.0,0,0.0,0,2152,25,0.0,0,0.0,0,0.0,0,0.0,0
2012-11-28T09:21:58.000,2151.8,12632,2151.8,3,0.0,0,0.0,0,0.0,0,0.0,0,2152,28,0.0,0,0.0,0,0.0,0,0.0,0
2012-11-28T09:21:58.500,2151.8,12634,2151.8,1,0.0,0,0.0,0,0.0,0,0.0,0,2152,29,0.0,0,0.0,0,0.0,0,0.0,0
2012-11-28T09:21:59.000,2151.8,12639,2151.8,1,0.0,0,0.0,0,0.0,0,0.0,0,2152,29,0.0,0,0.0,0,0.0,0,0.0,0
2012-11-28T09:21:59.500,2151.8,12650,2151.6,98,0.0,0,0.0,0,0.0,0,0.0,0,2152,29,0.0,0,0.0,0,0.0,0,0.0,0
2012-11-28T09:22:00.000,2151.6,12652,2151.6,97,0.0,0,0.0,0,0.0,0,0.0,0,2152,31,0.0,0,0.0,0,0.0,0,0.0,0
2012-11-28T09:22:00.500,2151.6,12655,2151.6,94,0.0,0,0.0,0,0.0,0,0.0,0,2151.8,1,0.0,0,0.0,0,0.0,0,0.0,0
2012-11-28T09:22:01.000,2151.8,12693,2151.6,63,0.0,0,0.0,0,0.0,0,0.0,0,2151.8,2,0.0,0,0.0,0,0.0,0,0.0,0
2012-11-28T09:22:01.500,2151.8,12695,2151.6,63,0.0,0,0.0,0,0.0,0,0.0,0,2152,24,0.0,0,0.0,0,0.0,0,0.0,0
2012-11-28T09:22:02.000,2151.6,12696,2151.6,62,0.0,0,0.0,0,0.0,0,0.0,0,2152,24,0.0,0,0.0,0,0.0,0,0.0,0
2012-11-28T09:22:02.500,2152,12703,2151.6,63,0.0,0,0.0,0,0.0,0,0.0,0,2152,18,0.0,0,0.0,0,0.0,0,0.0,0
2012-11-28T09:22:03.250,2152,12711,2151.6,61,0.0,0,0.0,0,0.0,0,0.0,0,2152,13,0.0,0,0.0,0,0.0,0,0.0,0
2012-11-28T09:22:04.000,2151.6,12713,2151.6,59,0.0,0,0.0,0,0.0,0,0.0,0,2151.8,1,0.0,0,0.0,0,0.0,0,0.0,0
2012-11-28T09:22:04.500,2151.8,12719,2151.6,59,0.0,0,0.0,0,0.0,0,0.0,0,2152,8,0.0,0,0.0,0,0.0,0,0.0,0
2012-11-28T09:22:05.250,2151.8,12720,2151.8,1,0.0,0,0.0,0,0.0,0,0.0,0,2152,18,0.0,0,0.0,0,0.0,0,0.0,0
2012-11-28T09:22:06.250,2152,12721,2151.8,13,0.0,0,0.0,0,0.0,0,0.0,0,2152,20,0.0,0,0.0,0,0.0,0,0.0,0
2012-11-28T09:22:07.000,2151.8,12722,2151.8,14,0.0,0,0.0,0,0.0,0,0.0,0,2152,12,0.0,0,0.0,0,0.0,0,0.0,0
2012-11-28T09:22:07.500,2151.8,12724,2151.8,16,0.0,0,0.0,0,0.0,0,0.0,0,2152,22,0.0,0,0.0,0,0.0,0,0.0,0
2012-11-28T09:22:08.250,2152,12726,2151.8,17,0.0,0,0.0,0,0.0,0,0.0,0,2152,20,0.0,0,0.0,0,0.0,0,0.0,0
2012-11-28T09:22:09.250,2152,12728,2151.8,21,0.0,0,0.0,0,0.0,0,0.0,0,2152,23,0.0,0,0.0,0,0.0,0,0.0,0
2012-11-28T09:22:10.000,2151.8,12729,2151.8,20,0.0,0,0.0,0,0.0,0,0.0,0,2152,23,0.0,0,0.0,0,0.0,0,0.0,0
2012-11-28T09:22:10.500,2151.8,12730,2151.8,20,0.0,0,0.0,0,0.0,0,0.0,0,2152,26,0.0,0,0.0,0,0.0,0,0.0,0
2012-11-28T09:22:11.000,2152,12751,2151.8,4,0.0,0,0.0,0,0.0,0,0.0,0,2152,22,0.0,0,0.0,0,0.0,0,0.0,0
2012-11-28T09:22:11.500,2151.8,12752,2151.8,4,0.0,0,0.0,0,0.0,0,0.0,0,2152,22,0.0,0,0.0,0,0.0,0,0.0,0
2012-11-28T09:22:12.250,2151.8,12756,2151.8,2,0.0,0,0.0,0,0.0,0,0.0,0,2152,29,0.0,0,0.0,0,0.0,0,0.0,0
2012-11-28T09:22:13.000,2152,12758,2151.8,2,0.0,0,0.0,0,0.0,0,0.0,0,2152,27,0.0,0,0.0,0,0.0,0,0.0,0
2012-11-28T09:22:13.500,2152,12760,2151.8,5,0.0,0,0.0,0,0.0,0,0.0,0,2152,25,0.0,0,0.0,0,0.0,0,0.0,0
2012-11-28T09:22:14.000,2151.8,12762,2151.8,3,0.0,0,0.0,0,0.0,0,0.0,0,2152,27,0.0,0,0.0,0,0.0,0,0.0,0
2012-11-28T09:22:14.500,2152,12763,2151.8,3,0.0,0,0.0,0,0.0,0,0.0,0,2152,30,0.0,0,0.0,0,0.0,0,0.0,0
2012-11-28T09:22:15.000,2151.8,12768,2151.6,44,0.0,0,0.0,0,0.0,0,0.0,0,2152,30,0.0,0,0.0,0,0.0,0,0.0,0
2012-11-28T09:22:15.500,2152,12771,2151.6,43,0.0,0,0.0,0,0.0,0,0.0,0,2152,29,0.0,0,0.0,0,0.0,0,0.0,0
2012-11-28T09:22:16.250,2152,12820,2151.4,40,0.0,0,0.0,0,0.0,0,0.0,0,2151.8,2,0.0,0,0.0,0,0.0,0,0.0,0
2012-11-28T09:22:17.250,2151.6,12821,2151.4,40,0.0,0,0.0,0,0.0,0,0.0,0,2151.8,16,0.0,0,0.0,0,0.0,0,0.0,0
2012-11-28T09:22:18.000,2151.8,12824,2151.4,40,0.0,0,0.0,0,0.0,0,0.0,0,2151.8,17,0.0,0,0.0,0,0.0,0,0.0,0
2012-11-28T09:22:18.500,2151.8,12835,2151.6,1,0.0,0,0.0,0,0.0,0,0.0,0,2151.8,17,0.0,0,0.0,0,0.0,0,0.0,0
2012-11-28T09:22:19.000,2151.8,12840,2151.6,3,0.0,0,0.0,0,0.0,0,0.0,0,2151.8,15,0.0,0,0.0,0,0.0,0,0.0,0
2012-11-28T09:22:19.500,2151.8,12842,2151.6,5,0.0,0,0.0,0,0.0,0,0.0,0,2151.8,22,0.0,0,0.0,0,0.0,0,0.0,0
2012-11-28T09:22:20.000,2151.6,12843,2151.6,4,0.0,0,0.0,0,0.0,0,0.0,0,2151.8,19,0.0,0,0.0,0,0.0,0,0.0,0
2012-11-28T09:22:20.500,2151.6,12844,2151.6,4,0.0,0,0.0,0,0.0,0,0.0,0,2151.8,19,0.0,0,0.0,0,0.0,0,0.0,0
2012-11-28T09:22:21.000,2151.6,12850,2151.4,32,0.0,0,0.0,0,0.0,0,0.0,0,2151.6,2,0.0,0,0.0,0,0.0,0,0.0,0
2012-11-28T09:22:21.500,2151.6,12853,2151.4,32,0.0,0,0.0,0,0.0,0,0.0,0,2151.8,19,0.0,0,0.0,0,0.0,0,0.0,0
2012-11-28T09:22:22.250,2151.8,12854,2151.4,32,0.0,0,0.0,0,0.0,0,0.0,0,2151.8,19,0.0,0,0.0,0,0.0,0,0.0,0
2012-11-28T09:22:23.250,2151.4,12856,2151.6,1,0.0,0,0.0,0,0.0,0,0.0,0,2151.8,19,0.0,0,0.0,0,0.0,0,0.0,0
2012-11-28T09:22:24.000,2151.4,12858,2151.4,34,0.0,0,0.0,0,0.0,0,0.0,0,2151.8,24,0.0,0,0.0,0,0.0,0,0.0,0
2012-11-28T09:22:24.500,2151.6,12861,2151.4,33,0.0,0,0.0,0,0.0,0,0.0,0,2151.8,24,0.0,0,0.0,0,0.0,0,0.0,0
2012-11-28T09:22:25.250,2151.4,12864,2151.4,30,0.0,0,0.0,0,0.0,0,0.0,0,2151.8,24,0.0,0,0.0,0,0.0,0,0.0,0
2012-11-28T09:22:26.000,2151.4,12867,2151.4,30,0.0,0,0.0,0,0.0,0,0.0,0,2151.8,23,0.0,0,0.0,0,0.0,0,0.0,0
2012-11-28T09:22:26.500,2151.4,12889,2151.6,1,0.0,0,0.0,0,0.0,0,0.0,0,2151.8,23,0.0,0,0.0,0,0.0,0,0.0,0
2012-11-28T09:22:27.000,2151.6,12890,2151.4,8,0.0,0,0.0,0,0.0,0,0.0,0,2151.8,26,0.0,0,0.0,0,0.0,0,0.0,0
2012-11-28T09:22:27.500,2151.4,12902,2151.2,51,0.0,0,0.0,0,0.0,0,0.0,0,2151.4,13,0.0,0,0.0,0,0.0,0,0.0,0
2012-11-28T09:22:28.000,2151.2,12906,2151.2,51,0.0,0,0.0,0,0.0,0,0.0,0,2151.4,17,0.0,0,0.0,0,0.0,0,0.0,0
2012-11-28T09:22:28.500,2151.4,12910,2151.2,50,0.0,0,0.0,0,0.0,0,0.0,0,2151.4,20,0.0,0,0.0,0,0.0,0,0.0,0
2012-11-28T09:22:29.000,2151.2,12916,2151.2,47,0.0,0,0.0,0,0.0,0,0.0,0,2151.4,19,0.0,0,0.0,0,0.0,0,0.0,0
2012-11-28T09:22:29.500,2151.2,12920,2151.2,45,0.0,0,0.0,0,0.0,0,0.0,0,2151.4,18,0.0,0,0.0,0,0.0,0,0.0,0
2012-11-28T09:22:30.000,2151.2,12930,2151.2,38,0.0,0,0.0,0,0.0,0,0.0,0,2151.4,34,0.0,0,0.0,0,0.0,0,0.0,0
2012-11-28T09:22:30.500,2151.2,12969,2151,99,0.0,0,0.0,0,0.0,0,0.0,0,2151.2,1,0.0,0,0.0,0,0.0,0,0.0,0
2012-11-28T09:22:31.000,2151,13004,2151,72,0.0,0,0.0,0,0.0,0,0.0,0,2151.2,4,0.0,0,0.0,0,0.0,0,0.0,0
2012-11-28T09:22:31.500,2151,13035,2151,59,0.0,0,0.0,0,0.0,0,0.0,0,2151.4,30,0.0,0,0.0,0,0.0,0,0.0,0
2012-11-28T09:22:32.000,2151,13047,2151,47,0.0,0,0.0,0,0.0,0,0.0,0,2151.2,8,0.0,0,0.0,0,0.0,0,0.0,0
2012-11-28T09:22:32.500,2151,13068,2151,37,0.0,0,0.0,0,0.0,0,0.0,0,2151.2,1,0.0,0,0.0,0,0.0,0,0.0,0
2012-11-28T09:22:33.000,2151,13079,2151,32,0.0,0,0.0,0,0.0,0,0.0,0,2151.2,12,0.0,0,0.0,0,0.0,0,0.0,0
2012-11-28T09:22:33.500,2151,13083,2151,28,0.0,0,0.0,0,0.0,0,0.0,0,2151.2,12,0.0,0,0.0,0,0.0,0,0.0,0
2012-11-28T09:22:34.000,2151,13101,2151,22,0.0,0,0.0,0,0.0,0,0.0,0,2151.2,1,0.0,0,0.0,0,0.0,0,0.0,0
2012-11-28T09:22:34.500,2150.8,13149,2150.8,38,0.0,0,0.0,0,0.0,0,0.0,0,2151,8,0.0,0,0.0,0,0.0,0,0.0,0
2012-11-28T09:22:35.000,2151,13163,2150.8,31,0.0,0,0.0,0,0.0,0,0.0,0,2151,2,0.0,0,0.0,0,0.0,0,0.0,0
2012-11-28T09:22:35.500,2150.8,13165,2150.8,30,0.0,0,0.0,0,0.0,0,0.0,0,2151,8,0.0,0,0.0,0,0.0,0,0.0,0
2012-11-28T09:22:36.000,2151,13173,2150.8,28,0.0,0,0.0,0,0.0,0,0.0,0,2151,7,0.0,0,0.0,0,0.0,0,0.0,0
2012-11-28T09:22:36.500,2151,13182,2150.8,27,0.0,0,0.0,0,0.0,0,0.0,0,2151,4,0.0,0,0.0,0,0.0,0,0.0,0
2012-11-28T09:22:37.000,2151,13187,2150.8,24,0.0,0,0.0,0,0.0,0,0.0,0,2151,7,0.0,0,0.0,0,0.0,0,0.0,0
2012-11-28T09:22:37.500,2150.8,13195,2150.8,32,0.0,0,0.0,0,0.0,0,0.0,0,2151,3,0.0,0,0.0,0,0.0,0,0.0,0
2012-11-28T09:22:38.000,2151,13206,2151,3,0.0,0,0.0,0,0.0,0,0.0,0,2151.2,2,0.0,0,0.0,0,0.0,0,0.0,0
2012-11-28T09:22:38.500,2151,13241,2150.8,13,0.0,0,0.0,0,0.0,0,0.0,0,2151.2,2,0.0,0,0.0,0,0.0,0,0.0,0
2012-11-28T09:22:39.000,2150.8,13274,2150.8,23,0.0,0,0.0,0,0.0,0,0.0,0,2151.2,2,0.0,0,0.0,0,0.0,0,0.0,0
2012-11-28T09:22:39.500,2151.2,13291,2151,1,0.0,0,0.0,0,0.0,0,0.0,0,2151.2,5,0.0,0,0.0,0,0.0,0,0.0,0
2012-11-28T09:22:40.000,2151,13306,2151,3,0.0,0,0.0,0,0.0,0,0.0,0,2151.2,3,0.0,0,0.0,0,0.0,0,0.0,0
2012-11-28T09:22:40.500,2150.8,13314,2150.8,10,0.0,0,0.0,0,0.0,0,0.0,0,2151,52,0.0,0,0.0,0,0.0,0,0.0,0
2012-11-28T09:22:41.000,2150.6,13344,2150.6,85,0.0,0,0.0,0,0.0,0,0.0,0,2150.8,33,0.0,0,0.0,0,0.0,0,0.0,0
2012-11-28T09:22:41.500,2150.6,13362,2150.6,76,0.0,0,0.0,0,0.0,0,0.0,0,2150.8,36,0.0,0,0.0,0,0.0,0,0.0,0
2012-11-28T09:22:42.000,2150.8,13373,2150.6,70,0.0,0,0.0,0,0.0,0,0.0,0,2150.8,38,0.0,0,0.0,0,0.0,0,0.0,0
2012-11-28T09:22:42.500,2150.8,13417,2150.8,13,0.0,0,0.0,0,0.0,0,0.0,0,2151,74,0.0,0,0.0,0,0.0,0,0.0,0
2012-11-28T09:22:43.000,2150.8,13430,2150.8,8,0.0,0,0.0,0,0.0,0,0.0,0,2151,87,0.0,0,0.0,0,0.0,0,0.0,0
2012-11-28T09:22:43.500,2150.6,13447,2150.6,66,0.0,0,0.0,0,0.0,0,0.0,0,2150.8,3,0.0,0,0.0,0,0.0,0,0.0,0
2012-11-28T09:22:44.000,2150.8,13451,2150.6,67,0.0,0,0.0,0,0.0,0,0.0,0,2150.8,4,0.0,0,0.0,0,0.0,0,0.0,0
2012-11-28T09:22:44.500,2150.6,13457,2150.6,74,0.0,0,0.0,0,0.0,0,0.0,0,2150.8,2,0.0,0,0.0,0,0.0,0,0.0,0
2012-11-28T09:22:45.000,2150.8,13527,2150.6,45,0.0,0,0.0,0,0.0,0,0.0,0,2150.8,1,0.0,0,0.0,0,0.0,0,0.0,0
2012-11-28T09:22:45.500,2150.8,13531,2150.8,12,0.0,0,0.0,0,0.0,0,0.0,0,2151,54,0.0,0,0.0,0,0.0,0,0.0,0
2012-11-28T09:22:46.000,2150.8,13548,2150.6,59,0.0,0,0.0,0,0.0,0,0.0,0,2150.8,2,0.0,0,0.0,0,0.0,0,0.0,0
2012-11-28T09:22:46.500,2150.6,13562,2150.6,57,0.0,0,0.0,0,0.0,0,0.0,0,2150.8,3,0.0,0,0.0,0,0.0,0,0.0,0
2012-11-28T09:22:47.000,2150.8,13578,2150.8,25,0.0,0,0.0,0,0.0,0,0.0,0,2151,45,0.0,0,0.0,0,0.0,0,0.0,0
2012-11-28T09:22:47.500,2150.8,13587,2150.8,50,0.0,0,0.0,0,0.0,0,0.0,0,2151,43,0.0,0,0.0,0,0.0,0,0.0,0
2012-11-28T09:22:48.000,2151,13596,2150.8,45,0.0,0,0.0,0,0.0,0,0.0,0,2151,41,0.0,0,0.0,0,0.0,0,0.0,0
2012-11-28T09:22:48.500,2151,13635,2150.8,40,0.0,0,0.0,0,0.0,0,0.0,0,2151,22,0.0,0,0.0,0,0.0,0,0.0,0
2012-11-28T09:22:49.000,2151,13660,2151,6,0.0,0,0.0,0,0.0,0,0.0,0,2151.2,21,0.0,0,0.0,0,0.0,0,0.0,0
2012-11-28T09:22:49.500,2151,13666,2151,17,0.0,0,0.0,0,0.0,0,0.0,0,2151.2,20,0.0,0,0.0,0,0.0,0,0.0,0
2012-11-28T09:22:50.000,2151,13670,2151,16,0.0,0,0.0,0,0.0,0,0.0,0,2151.2,20,0.0,0,0.0,0,0.0,0,0.0,0
2012-11-28T09:22:50.500,2151,13694,2151,7,0.0,0,0.0,0,0.0,0,0.0,0,2151.2,9,0.0,0,0.0,0,0.0,0,0.0,0
2012-11-28T09:22:51.000,2151.2,13700,2151,13,0.0,0,0.0,0,0.0,0,0.0,0,2151.2,8,0.0,0,0.0,0,0.0,0,0.0,0
2012-11-28T09:22:51.500,2151.2,13703,2151,14,0.0,0,0.0,0,0.0,0,0.0,0,2151.2,8,0.0,0,0.0,0,0.0,0,0.0,0
2012-11-28T09:22:52.000,2151.2,13706,2151,14,0.0,0,0.0,0,0.0,0,0.0,0,2151.2,6,0.0,0,0.0,0,0.0,0,0.0,0
2012-11-28T09:22:52.500,2151.2,13708,2151,15,0.0,0,0.0,0,0.0,0,0.0,0,2151.2,4,0.0,0,0.0,0,0.0,0,0.0,0
2012-11-28T09:22:53.000,2151.2,13717,2151,14,0.0,0,0.0,0,0.0,0,0.0,0,2151.4,16,0.0,0,0.0,0,0.0,0,0.0,0
2012-11-28T09:22:53.500,2151.4,13727,2151,13,0.0,0,0.0,0,0.0,0,0.0,0,2151.4,9,0.0,0,0.0,0,0.0,0,0.0,0
2012-11-28T09:22:54.000,2151.2,13732,2151,11,0.0,0,0.0,0,0.0,0,0.0,0,2151.4,4,0.0,0,0.0,0,0.0,0,0.0,0
2012-11-28T09:22:54.500,2151.4,13735,2151,10,0.0,0,0.0,0,0.0,0,0.0,0,2151.4,5,0.0,0,0.0,0,0.0,0,0.0,0
2012-11-28T09:22:55.000,2151.4,13740,2151.2,1,0.0,0,0.0,0,0.0,0,0.0,0,2151.4,17,0.0,0,0.0,0,0.0,0,0.0,0
2012-11-28T09:22:55.500,2151.2,13741,2151.2,4,0.0,0,0.0,0,0.0,0,0.0,0,2151.4,17,0.0,0,0.0,0,0.0,0,0.0,0
2012-11-28T09:22:56.000,2151.2,13748,2151.2,4,0.0,0,0.0,0,0.0,0,0.0,0,2151.4,12,0.0,0,0.0,0,0.0,0,0.0,0
2012-11-28T09:22:56.500,2151.2,13758,2151,21,0.0,0,0.0,0,0.0,0,0.0,0,2151.4,5,0.0,0,0.0,0,0.0,0,0.0,0
2012-11-28T09:22:57.250,2151,13762,2151,20,0.0,0,0.0,0,0.0,0,0.0,0,2151.4,8,0.0,0,0.0,0,0.0,0,0.0,0
2012-11-28T09:22:58.000,2151.2,13763,2151.2,1,0.0,0,0.0,0,0.0,0,0.0,0,2151.4,8,0.0,0,0.0,0,0.0,0,0.0,0
2012-11-28T09:22:58.500,2151.4,13764,2151.2,3,0.0,0,0.0,0,0.0,0,0.0,0,2151.4,7,0.0,0,0.0,0,0.0,0,0.0,0
2012-11-28T09:22:59.000,2151.4,13777,2151.2,1,0.0,0,0.0,0,0.0,0,0.0,0,2151.6,20,0.0,0,0.0,0,0.0,0,0.0,0
2012-11-28T09:22:59.500,2151.2,13779,2151.2,4,0.0,0,0.0,0,0.0,0,0.0,0,2151.6,19,0.0,0,0.0,0,0.0,0,0.0,0
2012-11-28T09:23:00.000,2151.6,13780,2151.2,8,0.0,0,0.0,0,0.0,0,0.0,0,2151.4,1,0.0,0,0.0,0,0.0,0,0.0,0
2012-11-28T09:23:00.500,2151.2,13816,2151,20,0.0,0,0.0,0,0.0,0,0.0,0,2151.4,10,0.0,0,0.0,0,0.0,0,0.0,0
2012-11-28T09:23:01.000,2151.4,13838,2151.4,1,0.0,0,0.0,0,0.0,0,0.0,0,2151.6,10,0.0,0,0.0,0,0.0,0,0.0,0
2012-11-28T09:23:01.500,2151.2,13841,2151.2,1,0.0,0,0.0,0,0.0,0,0.0,0,2151.6,13,0.0,0,0.0,0,0.0,0,0.0,0
2012-11-28T09:23:02.000,2151.6,13849,2151.2,10,0.0,0,0.0,0,0.0,0,0.0,0,2151.4,1,0.0,0,0.0,0,0.0,0,0.0,0
2012-11-28T09:23:02.500,2151.2,13861,2151.2,1,0.0,0,0.0,0,0.0,0,0.0,0,2151.6,10,0.0,0,0.0,0,0.0,0,0.0,0
2012-11-28T09:23:03.000,2151.4,13863,2151.4,31,0.0,0,0.0,0,0.0,0,0.0,0,2151.6,10,0.0,0,0.0,0,0.0,0,0.0,0
2012-11-28T09:23:03.500,2151.6,13867,2151.4,29,0.0,0,0.0,0,0.0,0,0.0,0,2151.6,10,0.0,0,0.0,0,0.0,0,0.0,0
2012-11-28T09:23:04.000,2151.6,13888,2151.4,10,0.0,0,0.0,0,0.0,0,0.0,0,2151.6,10,0.0,0,0.0,0,0.0,0,0.0,0
2012-11-28T09:23:04.500,2151.4,13890,2151.4,10,0.0,0,0.0,0,0.0,0,0.0,0,2151.6,9,0.0,0,0.0,0,0.0,0,0.0,0
2012-11-28T09:23:05.000,2151.6,13893,2151.4,10,0.0,0,0.0,0,0.0,0,0.0,0,2151.6,6,0.0,0,0.0,0,0.0,0,0.0,0
2012-11-28T09:23:05.500,2151.4,13894,2151.4,9,0.0,0,0.0,0,0.0,0,0.0,0,2151.6,6,0.0,0,0.0,0,0.0,0,0.0,0
2012-11-28T09:23:07.000,2151.6,13908,2151.4,11,0.0,0,0.0,0,0.0,0,0.0,0,2151.6,7,0.0,0,0.0,0,0.0,0,0.0,0
2012-11-28T09:23:07.500,2151.6,13913,2151.4,9,0.0,0,0.0,0,0.0,0,0.0,0,2151.6,5,0.0,0,0.0,0,0.0,0,0.0,0
2012-11-28T09:23:08.000,2151.6,13920,2151.4,11,0.0,0,0.0,0,0.0,0,0.0,0,2151.6,5,0.0,0,0.0,0,0.0,0,0.0,0
2012-11-28T09:23:08.500,2151.4,13922,2151.4,10,0.0,0,0.0,0,0.0,0,0.0,0,2151.6,4,0.0,0,0.0,0,0.0,0,0.0,0
2012-11-28T09:23:09.000,2151.6,13925,2151.4,9,0.0,0,0.0,0,0.0,0,0.0,0,2151.6,3,0.0,0,0.0,0,0.0,0,0.0,0
2012-11-28T09:23:09.500,2151.6,13926,2151.4,11,0.0,0,0.0,0,0.0,0,0.0,0,2151.6,3,0.0,0,0.0,0,0.0,0,0.0,0
2012-11-28T09:23:10.000,2151.6,13927,2151.4,11,0.0,0,0.0,0,0.0,0,0.0,0,2151.6,5,0.0,0,0.0,0,0.0,0,0.0,0
2012-11-28T09:23:10.500,2151.6,13929,2151.4,15,0.0,0,0.0,0,0.0,0,0.0,0,2151.6,4,0.0,0,0.0,0,0.0,0,0.0,0
2012-11-28T09:23:11.000,2151.6,13938,2151.6,7,0.0,0,0.0,0,0.0,0,0.0,0,2151.8,64,0.0,0,0.0,0,0.0,0,0.0,0
2012-11-28T09:23:11.500,2151.6,13941,2151.6,5,0.0,0,0.0,0,0.0,0,0.0,0,2151.8,63,0.0,0,0.0,0,0.0,0,0.0,0
2012-11-28T09:23:12.000,2151.6,13951,2151.4,22,0.0,0,0.0,0,0.0,0,0.0,0,2151.6,16,0.0,0,0.0,0,0.0,0,0.0,0
2012-11-28T09:23:12.500,2151.4,13955,2151.4,21,0.0,0,0.0,0,0.0,0,0.0,0,2151.6,63,0.0,0,0.0,0,0.0,0,0.0,0
2012-11-28T09:23:13.000,2151.4,13957,2151.4,18,0.0,0,0.0,0,0.0,0,0.0,0,2151.6,63,0.0,0,0.0,0,0.0,0,0.0,0
2012-11-28T09:23:13.500,2151.4,13977,2151.2,22,0.0,0,0.0,0,0.0,0,0.0,0,2151.4,5,0.0,0,0.0,0,0.0,0,0.0,0
2012-11-28T09:23:14.250,2151.4,13980,2151.2,20,0.0,0,0.0,0,0.0,0,0.0,0,2151.4,8,0.0,0,0.0,0,0.0,0,0.0,0
2012-11-28T09:23:15.000,2151.2,13981,2151.2,17,0.0,0,0.0,0,0.0,0,0.0,0,2151.4,6,0.0,0,0.0,0,0.0,0,0.0,0
2012-11-28T09:23:15.500,2151.2,13984,2151.2,16,0.0,0,0.0,0,0.0,0,0.0,0,2151.4,7,0.0,0,0.0,0,0.0,0,0.0,0
2012-11-28T09:23:16.250,2151.2,13992,2151.2,9,0.0,0,0.0,0,0.0,0,0.0,0,2151.4,6,0.0,0,0.0,0,0.0,0,0.0,0
2012-11-28T09:23:17.250,2151.2,13996,2151.2,8,0.0,0,0.0,0,0.0,0,0.0,0,2151.4,10,0.0,0,0.0,0,0.0,0,0.0,0
2012-11-28T09:23:18.250,2151.2,14002,2151.2,3,0.0,0,0.0,0,0.0,0,0.0,0,2151.4,14,0.0,0,0.0,0,0.0,0,0.0,0
2012-11-28T09:23:19.000,2151,14046,2151,52,0.0,0,0.0,0,0.0,0,0.0,0,2151.4,14,0.0,0,0.0,0,0.0,0,0.0,0
2012-11-28T09:23:19.500,2151,14054,2151,43,0.0,0,0.0,0,0.0,0,0.0,0,2151.2,4,0.0,0,0.0,0,0.0,0,0.0,0
2012-11-28T09:23:20.000,2151,14062,2151,37,0.0,0,0.0,0,0.0,0,0.0,0,2151.2,2,0.0,0,0.0,0,0.0,0,0.0,0
2012-11-28T09:23:20.500,2151,14073,2151,32,0.0,0,0.0,0,0.0,0,0.0,0,2151.4,13,0.0,0,0.0,0,0.0,0,0.0,0
2012-11-28T09:23:21.250,2151.4,14075,2151.2,3,0.0,0,0.0,0,0.0,0,0.0,0,2151.4,13,0.0,0,0.0,0,0.0,0,0.0,0
2012-11-28T09:23:22.250,2151.2,14078,2151,31,0.0,0,0.0,0,0.0,0,0.0,0,2151.2,13,0.0,0,0.0,0,0.0,0,0.0,0
2012-11-28T09:23:23.000,2151.2,14079,2151,38,0.0,0,0.0,0,0.0,0,0.0,0,2151.2,14,0.0,0,0.0,0,0.0,0,0.0,0
2012-11-28T09:23:23.500,2151,14085,2151,32,0.0,0,0.0,0,0.0,0,0.0,0,2151.2,14,0.0,0,0.0,0,0.0,0,0.0,0
2012-11-28T09:23:24.000,2151,14088,2151,31,0.0,0,0.0,0,0.0,0,0.0,0,2151.2,13,0.0,0,0.0,0,0.0,0,0.0,0
2012-11-28T09:23:24.500,2151,14103,2151,31,0.0,0,0.0,0,0.0,0,0.0,0,2151.2,1,0.0,0,0.0,0,0.0,0,0.0,0
2012-11-28T09:23:25.000,2151,14105,2151,34,0.0,0,0.0,0,0.0,0,0.0,0,2151.2,1,0.0,0,0.0,0,0.0,0,0.0,0
2012-11-28T09:23:25.500,2151,14106,2151,34,0.0,0,0.0,0,0.0,0,0.0,0,2151.2,10,0.0,0,0.0,0,0.0,0,0.0,0
2012-11-28T09:23:26.000,2151.2,14110,2151,34,0.0,0,0.0,0,0.0,0,0.0,0,2151.2,7,0.0,0,0.0,0,0.0,0,0.0,0
2012-11-28T09:23:26.500,2151.2,14113,2151,34,0.0,0,0.0,0,0.0,0,0.0,0,2151.2,5,0.0,0,0.0,0,0.0,0,0.0,0
2012-11-28T09:23:27.250,2151.2,14116,2151,32,0.0,0,0.0,0,0.0,0,0.0,0,2151.2,25,0.0,0,0.0,0,0.0,0,0.0,0
2012-11-28T09:23:28.000,2151,14151,2151,2,0.0,0,0.0,0,0.0,0,0.0,0,2151.2,24,0.0,0,0.0,0,0.0,0,0.0,0
2012-11-28T09:23:28.500,2151,14154,2150.8,52,0.0,0,0.0,0,0.0,0,0.0,0,2151,6,0.0,0,0.0,0,0.0,0,0.0,0
2012-11-28T09:23:29.000,2150.8,14157,2150.8,49,0.0,0,0.0,0,0.0,0,0.0,0,2151,58,0.0,0,0.0,0,0.0,0,0.0,0
2012-11-28T09:23:29.500,2150.8,14166,2150.8,43,0.0,0,0.0,0,0.0,0,0.0,0,2151,60,0.0,0,0.0,0,0.0,0,0.0,0
2012-11-28T09:23:30.000,2150.8,14209,2150.8,1,0.0,0,0.0,0,0.0,0,0.0,0,2151,60,0.0,0,0.0,0,0.0,0,0.0,0
2012-11-28T09:23:30.500,2151,14210,2150.8,1,0.0,0,0.0,0,0.0,0,0.0,0,2151,59,0.0,0,0.0,0,0.0,0,0.0,0
2012-11-28T09:23:31.000,2150.8,14211,2150.6,66,0.0,0,0.0,0,0.0,0,0.0,0,2150.8,3,0.0,0,0.0,0,0.0,0,0.0,0
2012-11-28T09:23:31.500,2150.8,14214,2150.6,65,0.0,0,0.0,0,0.0,0,0.0,0,2151,59,0.0,0,0.0,0,0.0,0,0.0,0
2012-11-28T09:23:32.000,2150.6,14216,2150.6,63,0.0,0,0.0,0,0.0,0,0.0,0,2150.8,2,0.0,0,0.0,0,0.0,0,0.0,0
2012-11-28T09:23:32.500,2150.8,14223,2150.6,60,0.0,0,0.0,0,0.0,0,0.0,0,2150.8,2,0.0,0,0.0,0,0.0,0,0.0,0
2012-11-28T09:23:33.000,2150.8,14229,2150.8,7,0.0,0,0.0,0,0.0,0,0.0,0,2151,62,0.0,0,0.0,0,0.0,0,0.0,0
2012-11-28T09:23:33.500,2150.8,14232,2150.8,4,0.0,0,0.0,0,0.0,0,0.0,0,2151,62,0.0,0,0.0,0,0.0,0,0.0,0
2012-11-28T09:23:34.000,2150.8,14241,2150.8,3,0.0,0,0.0,0,0.0,0,0.0,0,2151,61,0.0,0,0.0,0,0.0,0,0.0,0
2012-11-28T09:23:34.500,2150.8,14243,2150.8,13,0.0,0,0.0,0,0.0,0,0.0,0,2151,61,0.0,0,0.0,0,0.0,0,0.0,0
2012-11-28T09:23:35.250,2151,14252,2150.8,17,0.0,0,0.0,0,0.0,0,0.0,0,2151,62,0.0,0,0.0,0,0.0,0,0.0,0
2012-11-28T09:23:36.000,2150.8,14254,2150.8,24,0.0,0,0.0,0,0.0,0,0.0,0,2151,68,0.0,0,0.0,0,0.0,0,0.0,0
2012-11-28T09:23:36.500,2150.8,14256,2150.8,29,0.0,0,0.0,0,0.0,0,0.0,0,2151,69,0.0,0,0.0,0,0.0,0,0.0,0
2012-11-28T09:23:37.250,2150.8,14259,2150.8,27,0.0,0,0.0,0,0.0,0,0.0,0,2151,70,0.0,0,0.0,0,0.0,0,0.0,0
2012-11-28T09:23:38.250,2150.8,14261,2150.8,30,0.0,0,0.0,0,0.0,0,0.0,0,2151,72,0.0,0,0.0,0,0.0,0,0.0,0
2012-11-28T09:23:39.000,2151,14264,2150.8,32,0.0,0,0.0,0,0.0,0,0.0,0,2151,72,0.0,0,0.0,0,0.0,0,0.0,0
2012-11-28T09:23:39.500,2151,14280,2150.8,31,0.0,0,0.0,0,0.0,0,0.0,0,2151,61,0.0,0,0.0,0,0.0,0,0.0,0
2012-11-28T09:23:40.000,2151,14281,2150.8,33,0.0,0,0.0,0,0.0,0,0.0,0,2151,60,0.0,0,0.0,0,0.0,0,0.0,0
2012-11-28T09:23:40.500,2151,14282,2150.8,33,0.0,0,0.0,0,0.0,0,0.0,0,2151,61,0.0,0,0.0,0,0.0,0,0.0,0
2012-11-28T09:23:41.000,2151,14295,2150.8,38,0.0,0,0.0,0,0.0,0,0.0,0,2151,52,0.0,0,0.0,0,0.0,0,0.0,0
2012-11-28T09:23:41.500,2150.8,14296,2150.8,38,0.0,0,0.0,0,0.0,0,0.0,0,2151,60,0.0,0,0.0,0,0.0,0,0.0,0
2012-11-28T09:23:42.000,2151,14300,2150.8,39,0.0,0,0.0,0,0.0,0,0.0,0,2151,61,0.0,0,0.0,0,0.0,0,0.0,0
2012-11-28T09:23:42.500,2150.8,14306,2150.8,41,0.0,0,0.0,0,0.0,0,0.0,0,2151,57,0.0,0,0.0,0,0.0,0,0.0,0
2012-11-28T09:23:43.000,2151,14308,2150.8,40,0.0,0,0.0,0,0.0,0,0.0,0,2151,56,0.0,0,0.0,0,0.0,0,0.0,0
2012-11-28T09:23:43.500,2151,14351,2150.8,17,0.0,0,0.0,0,0.0,0,0.0,0,2151,44,0.0,0,0.0,0,0.0,0,0.0,0
2012-11-28T09:23:44.000,2151,14360,2150.8,17,0.0,0,0.0,0,0.0,0,0.0,0,2151,36,0.0,0,0.0,0,0.0,0,0.0,0
2012-11-28T09:23:44.500,2151.2,14408,2150.8,15,0.0,0,0.0,0,0.0,0,0.0,0,2151.2,26,0.0,0,0.0,0,0.0,0,0.0,0
2012-11-28T09:23:45.000,2151,14409,2151,2,0.0,0,0.0,0,0.0,0,0.0,0,2151.2,26,0.0,0,0.0,0,0.0,0,0.0,0
2012-11-28T09:23:45.500,2151,14417,2151,14,0.0,0,0.0,0,0.0,0,0.0,0,2151.2,25,0.0,0,0.0,0,0.0,0,0.0,0
2012-11-28T09:23:46.000,2151.2,14419,2151,20,0.0,0,0.0,0,0.0,0,0.0,0,2151.2,24,0.0,0,0.0,0,0.0,0,0.0,0
2012-11-28T09:23:46.500,2151.2,14426,2151,22,0.0,0,0.0,0,0.0,0,0.0,0,2151.2,27,0.0,0,0.0,0,0.0,0,0.0,0
2012-11-28T09:23:47.000,2151,14442,2151,7,0.0,0,0.0,0,0.0,0,0.0,0,2151.2,26,0.0,0,0.0,0,0.0,0,0.0,0
