date_time,last_px,total_volume,bid1_px,bid1_qty,bid2_px,bid2_qty,bid3_px,bid3_qty,bid4_px,bid4_qty,bid5_px,bid5_qty,ask1_px,ask1_qty,ask2_px,ask2_qty,ask3_px,ask3_qty,ask4_px,ask4_qty,ask5_px,ask5_qty
2012-10-12T09:14:00.250,2318.2,202,2318.2,20,0.0,0,0.0,0,0.0,0,0.0,0,2318.6,1,0.0,0,0.0,0,0.0,0,0.0,0
2012-10-12T09:15:00.250,2318.6,338,2318.6,155,0.0,0,0.0,0,0.0,0,0.0,0,2319.4,1,0.0,0,0.0,0,0.0,0,0.0,0
2012-10-12T09:15:01.000,2319.8,444,2319,61,0.0,0,0.0,0,0.0,0,0.0,0,2319.8,4,0.0,0,0.0,0,0.0,0,0.0,0
2012-10-12T09:15:01.500,2319.6,567,2319.4,63,0.0,0,0.0,0,0.0,0,0.0,0,2319.6,10,0.0,0,0.0,0,0.0,0,0.0,0
2012-10-12T09:15:02.000,2319.8,675,2319.8,6,0.0,0,0.0,0,0.0,0,0.0,0,2320,22,0.0,0,0.0,0,0.0,0,0.0,0
2012-10-12T09:15:02.500,2320,776,2320,16,0.0,0,0.0,0,0.0,0,0.0,0,2320.6,4,0.0,0,0.0,0,0.0,0,0.0,0
2012-10-12T09:15:03.000,2320.6,891,2320.6,7,0.0,0,0.0,0,0.0,0,0.0,0,2321.2,9,0.0,0,0.0,0,0.0,0,0.0,0
2012-10-12T09:15:03.500,2320.6,953,2320.6,25,0.0,0,0.0,0,0.0,0,0.0,0,2321.2,16,0.0,0,0.0,0,0.0,0,0.0,0
2012-10-12T09:15:04.000,2321.2,1015,2321.2,19,0.0,0,0.0,0,0.0,0,0.0,0,2321.8,8,0.0,0,0.0,0,0.0,0,0.0,0
2012-10-12T09:15:04.500,2321.6,1114,2321.2,76,0.0,0,0.0,0,0.0,0,0.0,0,2321.4,2,0.0,0,0.0,0,0.0,0,0.0,0
2012-10-12T09:15:05.000,2321.6,1211,2321.4,15,0.0,0,0.0,0,0.0,0,0.0,0,2321.8,29,0.0,0,0.0,0,0.0,0,0.0,0
2012-10-12T09:15:05.500,2321.6,1258,2321.4,14,0.0,0,0.0,0,0.0,0,0.0,0,2321.6,2,0.0,0,0.0,0,0.0,0,0.0,0
2012-10-12T09:15:06.000,2322,1349,2321.6,6,0.0,0,0.0,0,0.0,0,0.0,0,2322,26,0.0,0,0.0,0,0.0,0,0.0,0
2012-10-12T09:15:06.500,2321.8,1373,2321.6,6,0.0,0,0.0,0,0.0,0,0.0,0,2321.8,3,0.0,0,0.0,0,0.0,0,0.0,0
2012-10-12T09:15:07.000,2321.6,1440,2321.8,3,0.0,0,0.0,0,0.0,0,0.0,0,2322,19,0.0,0,0.0,0,0.0,0,0.0,0
2012-10-12T09:15:07.500,2322,1486,2321.8,13,0.0,0,0.0,0,0.0,0,0.0,0,2322,7,0.0,0,0.0,0,0.0,0,0.0,0
2012-10-12T09:15:08.000,2321.8,1540,2322,2,0.0,0,0.0,0,0.0,0,0.0,0,2322.2,3,0.0,0,0.0,0,0.0,0,0.0,0
2012-10-12T09:15:08.500,2322.2,1560,2322.2,38,0.0,0,0.0,0,0.0,0,0.0,0,2322.4,12,0.0,0,0.0,0,0.0,0,0.0,0
2012-10-12T09:15:09.000,2322,1653,2321.8,4,0.0,0,0.0,0,0.0,0,0.0,0,2322,22,0.0,0,0.0,0,0.0,0,0.0,0
2012-10-12T09:15:09.500,2321.8,1728,2321.2,32,0.0,0,0.0,0,0.0,0,0.0,0,2321.8,11,0.0,0,0.0,0,0.0,0,0.0,0
2012-10-12T09:15:10.000,2321.4,1853,2321.2,20,0.0,0,0.0,0,0.0,0,0.0,0,2321.4,8,0.0,0,0.0,0,0.0,0,0.0,0
2012-10-12T09:15:10.500,2321,1898,2320.8,8,0.0,0,0.0,0,0.0,0,0.0,0,2321.2,17,0.0,0,0.0,0,0.0,0,0.0,0
2012-10-12T09:15:11.000,2321,1984,2320.8,16,0.0,0,0.0,0,0.0,0,0.0,0,2321,28,0.0,0,0.0,0,0.0,0,0.0,0
2012-10-12T09:15:11.500,2321,2064,2320.6,26,0.0,0,0.0,0,0.0,0,0.0,0,2321,104,0.0,0,0.0,0,0.0,0,0.0,0
2012-10-12T09:15:12.000,2320.8,2110,2320.6,2,0.0,0,0.0,0,0.0,0,0.0,0,2320.8,20,0.0,0,0.0,0,0.0,0,0.0,0
2012-10-12T09:15:12.500,2320.4,2160,2320.4,4,0.0,0,0.0,0,0.0,0,0.0,0,2320.6,34,0.0,0,0.0,0,0.0,0,0.0,0
2012-10-12T09:15:13.000,2320.4,2186,2320,49,0.0,0,0.0,0,0.0,0,0.0,0,2320.4,20,0.0,0,0.0,0,0.0,0,0.0,0
2012-10-12T09:15:13.500,2320.4,2221,2320.2,5,0.0,0,0.0,0,0.0,0,0.0,0,2320.4,27,0.0,0,0.0,0,0.0,0,0.0,0
2012-10-12T09:15:14.000,2320,2256,2320,8,0.0,0,0.0,0,0.0,0,0.0,0,2320.4,45,0.0,0,0.0,0,0.0,0,0.0,0
2012-10-12T09:15:14.500,2320,2299,2319.8,6,0.0,0,0.0,0,0.0,0,0.0,0,2320,30,0.0,0,0.0,0,0.0,0,0.0,0
2012-10-12T09:15:15.000,2319.8,2377,2319.8,3,0.0,0,0.0,0,0.0,0,0.0,0,2320,2,0.0,0,0.0,0,0.0,0,0.0,0
2012-10-12T09:15:15.500,2320,2428,2319.4,44,0.0,0,0.0,0,0.0,0,0.0,0,2320,26,0.0,0,0.0,0,0.0,0,0.0,0
2012-10-12T09:15:16.000,2319.6,2486,2319.6,11,0.0,0,0.0,0,0.0,0,0.0,0,2319.8,20,0.0,0,0.0,0,0.0,0,0.0,0
2012-10-12T09:15:16.500,2319.8,2528,2319.6,1,0.0,0,0.0,0,0.0,0,0.0,0,2319.8,56,0.0,0,0.0,0,0.0,0,0.0,0
2012-10-12T09:15:17.000,2319.6,2543,2319.2,5,0.0,0,0.0,0,0.0,0,0.0,0,2319.6,7,0.0,0,0.0,0,0.0,0,0.0,0
2012-10-12T09:15:17.500,2319.6,2550,2319.2,5,0.0,0,0.0,0,0.0,0,0.0,0,2319.6,18,0.0,0,0.0,0,0.0,0,0.0,0
2012-10-12T09:15:18.000,2319.6,2590,2319.2,1,0.0,0,0.0,0,0.0,0,0.0,0,2319.6,4,0.0,0,0.0,0,0.0,0,0.0,0
2012-10-12T09:15:18.500,2319.2,2633,2319,31,0.0,0,0.0,0,0.0,0,0.0,0,2319.2,30,0.0,0,0.0,0,0.0,0,0.0,0
2012-10-12T09:15:19.000,2319.2,2660,2319,15,0.0,0,0.0,0,0.0,0,0.0,0,2319.2,26,0.0,0,0.0,0,0.0,0,0.0,0
2012-10-12T09:15:19.500,2319,2683,2319,8,0.0,0,0.0,0,0.0,0,0.0,0,2319.2,42,0.0,0,0.0,0,0.0,0,0.0,0
2012-10-12T09:15:20.000,2318.8,2704,2318.8,65,0.0,0,0.0,0,0.0,0,0.0,0,2319.2,36,0.0,0,0.0,0,0.0,0,0.0,0
2012-10-12T09:15:20.500,2318.8,2751,2319.2,1,0.0,0,0.0,0,0.0,0,0.0,0,2319.4,3,0.0,0,0.0,0,0.0,0,0.0,0
2012-10-12T09:15:21.000,2318.8,2780,2318.8,63,0.0,0,0.0,0,0.0,0,0.0,0,2319.2,24,0.0,0,0.0,0,0.0,0,0.0,0
2012-10-12T09:15:21.500,2318.8,2815,2319,25,0.0,0,0.0,0,0.0,0,0.0,0,2319.2,20,0.0,0,0.0,0,0.0,0,0.0,0
2012-10-12T09:15:22.000,2319,2838,2319,9,0.0,0,0.0,0,0.0,0,0.0,0,2319.2,25,0.0,0,0.0,0,0.0,0,0.0,0
2012-10-12T09:15:22.500,2319,2866,2319,10,0.0,0,0.0,0,0.0,0,0.0,0,2319.2,16,0.0,0,0.0,0,0.0,0,0.0,0
2012-10-12T09:15:23.000,2319.2,2925,2319.2,1,0.0,0,0.0,0,0.0,0,0.0,0,2319.6,25,0.0,0,0.0,0,0.0,0,0.0,0
2012-10-12T09:15:23.500,2319.2,2939,2319.2,22,0.0,0,0.0,0,0.0,0,0.0,0,2319.6,21,0.0,0,0.0,0,0.0,0,0.0,0
2012-10-12T09:15:24.000,2319.4,2961,2319.4,22,0.0,0,0.0,0,0.0,0,0.0,0,2319.6,17,0.0,0,0.0,0,0.0,0,0.0,0
2012-10-12T09:15:24.500,2319.6,2977,2319.4,18,0.0,0,0.0,0,0.0,0,0.0,0,2319.6,13,0.0,0,0.0,0,0.0,0,0.0,0
2012-10-12T09:15:25.000,2319.6,3018,2319.6,1,0.0,0,0.0,0,0.0,0,0.0,0,2319.8,41,0.0,0,0.0,0,0.0,0,0.0,0
2012-10-12T09:15:25.500,2319.2,3052,2319.2,14,0.0,0,0.0,0,0.0,0,0.0,0,2319.6,28,0.0,0,0.0,0,0.0,0,0.0,0
2012-10-12T09:15:26.000,2319.6,3065,2319.4,1,0.0,0,0.0,0,0.0,0,0.0,0,2319.6,19,0.0,0,0.0,0,0.0,0,0.0,0
2012-10-12T09:15:26.500,2319.6,3077,2319.2,18,0.0,0,0.0,0,0.0,0,0.0,0,2319.4,8,0.0,0,0.0,0,0.0,0,0.0,0
2012-10-12T09:15:27.000,2319.2,3088,2319.2,12,0.0,0,0.0,0,0.0,0,0.0,0,2319.4,11,0.0,0,0.0,0,0.0,0,0.0,0
2012-10-12T09:15:27.500,2319.4,3110,2319.2,6,0.0,0,0.0,0,0.0,0,0.0,0,2319.4,2,0.0,0,0.0,0,0.0,0,0.0,0
2012-10-12T09:15:28.000,2319.4,3131,2319.4,3,0.0,0,0.0,0,0.0,0,0.0,0,2319.6,17,0.0,0,0.0,0,0.0,0,0.0,0
2012-10-12T09:15:28.500,2319.2,3136,2319.2,11,0.0,0,0.0,0,0.0,0,0.0,0,2319.6,17,0.0,0,0.0,0,0.0,0,0.0,0
2012-10-12T09:15:29.000,2319.8,3156,2319.6,32,0.0,0,0.0,0,0.0,0,0.0,0,2319.8,15,0.0,0,0.0,0,0.0,0,0.0,0
2012-10-12T09:15:29.500,2319.8,3191,2319.8,7,0.0,0,0.0,0,0.0,0,0.0,0,2320,37,0.0,0,0.0,0,0.0,0,0.0,0
2012-10-12T09:15:30.000,2319.8,3212,2319.8,11,0.0,0,0.0,0,0.0,0,0.0,0,2320,25,0.0,0,0.0,0,0.0,0,0.0,0
2012-10-12T09:15:30.500,2320,3238,2320,10,0.0,0,0.0,0,0.0,0,0.0,0,2320.2,4,0.0,0,0.0,0,0.0,0,0.0,0
2012-10-12T09:15:31.000,2320.2,3252,2320,20,0.0,0,0.0,0,0.0,0,0.0,0,2320.2,9,0.0,0,0.0,0,0.0,0,0.0,0
2012-10-12T09:15:31.500,2320.2,3270,2320,92,0.0,0,0.0,0,0.0,0,0.0,0,2320.2,10,0.0,0,0.0,0,0.0,0,0.0,0
2012-10-12T09:15:32.000,2320,3304,2320,83,0.0,0,0.0,0,0.0,0,0.0,0,2320.4,6,0.0,0,0.0,0,0.0,0,0.0,0
2012-10-12T09:15:32.500,2320.4,3308,2320.2,29,0.0,0,0.0,0,0.0,0,0.0,0,2320.4,4,0.0,0,0.0,0,0.0,0,0.0,0
2012-10-12T09:15:33.000,2320.2,3310,2320.2,42,0.0,0,0.0,0,0.0,0,0.0,0,2320.4,4,0.0,0,0.0,0,0.0,0,0.0,0
2012-10-12T09:15:33.500,2320.4,3317,2320.4,8,0.0,0,0.0,0,0.0,0,0.0,0,2320.6,28,0.0,0,0.0,0,0.0,0,0.0,0
2012-10-12T09:15:34.000,2320.2,3330,2320.2,47,0.0,0,0.0,0,0.0,0,0.0,0,2320.6,27,0.0,0,0.0,0,0.0,0,0.0,0
2012-10-12T09:15:34.500,2320.2,3343,2320.2,31,0.0,0,0.0,0,0.0,0,0.0,0,2320.4,30,0.0,0,0.0,0,0.0,0,0.0,0
2012-10-12T09:15:35.000,2320.4,3356,2320.2,25,0.0,0,0.0,0,0.0,0,0.0,0,2320.4,26,0.0,0,0.0,0,0.0,0,0.0,0
2012-10-12T09:15:35.500,2320.2,3393,2320,113,0.0,0,0.0,0,0.0,0,0.0,0,2320.2,4,0.0,0,0.0,0,0.0,0,0.0,0
2012-10-12T09:15:36.000,2320.2,3449,2320,76,0.0,0,0.0,0,0.0,0,0.0,0,2320.2,9,0.0,0,0.0,0,0.0,0,0.0,0
2012-10-12T09:15:36.500,2320,3508,2320,24,0.0,0,0.0,0,0.0,0,0.0,0,2320.2,5,0.0,0,0.0,0,0.0,0,0.0,0
2012-10-12T09:15:37.000,2320,3545,2319.6,33,0.0,0,0.0,0,0.0,0,0.0,0,2320,9,0.0,0,0.0,0,0.0,0,0.0,0
2012-10-12T09:15:37.500,2319.8,3560,2319.6,33,0.0,0,0.0,0,0.0,0,0.0,0,2319.8,1,0.0,0,0.0,0,0.0,0,0.0,0
2012-10-12T09:15:38.000,2320,3577,2319.8,21,0.0,0,0.0,0,0.0,0,0.0,0,2320,4,0.0,0,0.0,0,0.0,0,0.0,0
2012-10-12T09:15:38.500,2320,3586,2320,10,0.0,0,0.0,0,0.0,0,0.0,0,2320.2,36,0.0,0,0.0,0,0.0,0,0.0,0
2012-10-12T09:15:39.000,2320,3596,2320,11,0.0,0,0.0,0,0.0,0,0.0,0,2320.2,25,0.0,0,0.0,0,0.0,0,0.0,0
2012-10-12T09:15:39.500,2320,3603,2320,5,0.0,0,0.0,0,0.0,0,0.0,0,2320.2,18,0.0,0,0.0,0,0.0,0,0.0,0
2012-10-12T09:15:40.000,2319.8,3625,2319.8,16,0.0,0,0.0,0,0.0,0,0.0,0,2320,9,0.0,0,0.0,0,0.0,0,0.0,0
2012-10-12T09:15:40.500,2319.8,3646,2319.8,1,0.0,0,0.0,0,0.0,0,0.0,0,2320,17,0.0,0,0.0,0,0.0,0,0.0,0
2012-10-12T09:15:41.000,2319.8,3657,2319.6,37,0.0,0,0.0,0,0.0,0,0.0,0,2319.8,21,0.0,0,0.0,0,0.0,0,0.0,0
2012-10-12T09:15:41.500,2319.8,3676,2319.6,28,0.0,0,0.0,0,0.0,0,0.0,0,2319.8,16,0.0,0,0.0,0,0.0,0,0.0,0
2012-10-12T09:15:42.000,2319.6,3714,2319.6,5,0.0,0,0.0,0,0.0,0,0.0,0,2319.8,3,0.0,0,0.0,0,0.0,0,0.0,0
2012-10-12T09:15:42.500,2320,3756,2320,21,0.0,0,0.0,0,0.0,0,0.0,0,2320.2,14,0.0,0,0.0,0,0.0,0,0.0,0
2012-10-12T09:15:43.000,2320,3772,2320,5,0.0,0,0.0,0,0.0,0,0.0,0,2320.2,24,0.0,0,0.0,0,0.0,0,0.0,0
2012-10-12T09:15:43.500,2320,3784,2319.8,7,0.0,0,0.0,0,0.0,0,0.0,0,2320.2,14,0.0,0,0.0,0,0.0,0,0.0,0
2012-10-12T09:15:44.000,2319.8,3791,2319.8,5,0.0,0,0.0,0,0.0,0,0.0,0,2320,6,0.0,0,0.0,0,0.0,0,0.0,0
2012-10-12T09:15:44.500,2320.2,3807,2320,9,0.0,0,0.0,0,0.0,0,0.0,0,2320.2,11,0.0,0,0.0,0,0.0,0,0.0,0
2012-10-12T09:15:45.000,2320,3835,2319.8,6,0.0,0,0.0,0,0.0,0,0.0,0,2320.2,11,0.0,0,0.0,0,0.0,0,0.0,0
2012-10-12T09:15:45.500,2319.8,3848,2319.8,9,0.0,0,0.0,0,0.0,0,0.0,0,2320.2,11,0.0,0,0.0,0,0.0,0,0.0,0
2012-10-12T09:15:46.000,2320.2,3858,2319.8,16,0.0,0,0.0,0,0.0,0,0.0,0,2320,1,0.0,0,0.0,0,0.0,0,0.0,0
2012-10-12T09:15:46.500,2320,3889,2320,21,0.0,0,0.0,0,0.0,0,0.0,0,2320.2,1,0.0,0,0.0,0,0.0,0,0.0,0
2012-10-12T09:15:47.000,2320.2,3901,2320,24,0.0,0,0.0,0,0.0,0,0.0,0,2320.2,99,0.0,0,0.0,0,0.0,0,0.0,0
2012-10-12T09:15:47.500,2320.2,3922,2320,18,0.0,0,0.0,0,0.0,0,0.0,0,2320.2,95,0.0,0,0.0,0,0.0,0,0.0,0
2012-10-12T09:15:48.000,2320,3951,2319.8,8,0.0,0,0.0,0,0.0,0,0.0,0,2320,41,0.0,0,0.0,0,0.0,0,0.0,0
2012-10-12T09:15:48.500,2319.8,3969,2319.6,18,0.0,0,0.0,0,0.0,0,0.0,0,2319.8,16,0.0,0,0.0,0,0.0,0,0.0,0
2012-10-12T09:15:49.000,2319.8,4005,2319.8,13,0.0,0,0.0,0,0.0,0,0.0,0,2320,50,0.0,0,0.0,0,0.0,0,0.0,0
2012-10-12T09:15:49.500,2320,4009,2319.8,23,0.0,0,0.0,0,0.0,0,0.0,0,2320,76,0.0,0,0.0,0,0.0,0,0.0,0
2012-10-12T09:15:50.000,2320,4026,2319.8,30,0.0,0,0.0,0,0.0,0,0.0,0,2320,65,0.0,0,0.0,0,0.0,0,0.0,0
2012-10-12T09:15:50.500,2320,4042,2319.8,28,0.0,0,0.0,0,0.0,0,0.0,0,2320,51,0.0,0,0.0,0,0.0,0,0.0,0
2012-10-12T09:15:51.000,2320,4055,2319.8,21,0.0,0,0.0,0,0.0,0,0.0,0,2320,46,0.0,0,0.0,0,0.0,0,0.0,0
2012-10-12T09:15:51.500,2320,4070,2319.8,20,0.0,0,0.0,0,0.0,0,0.0,0,2320,43,0.0,0,0.0,0,0.0,0,0.0,0
2012-10-12T09:15:52.000,2320,4087,2319.8,10,0.0,0,0.0,0,0.0,0,0.0,0,2320,38,0.0,0,0.0,0,0.0,0,0.0,0
2012-10-12T09:15:52.500,2319.8,4097,2319.8,6,0.0,0,0.0,0,0.0,0,0.0,0,2320,32,0.0,0,0.0,0,0.0,0,0.0,0
2012-10-12T09:15:53.000,2320,4158,2320,13,0.0,0,0.0,0,0.0,0,0.0,0,2320.2,111,0.0,0,0.0,0,0.0,0,0.0,0
2012-10-12T09:15:53.500,2320,4174,2319.6,22,0.0,0,0.0,0,0.0,0,0.0,0,2319.8,1,0.0,0,0.0,0,0.0,0,0.0,0
2012-10-12T09:15:54.000,2320,4181,2319.6,22,0.0,0,0.0,0,0.0,0,0.0,0,2320.2,111,0.0,0,0.0,0,0.0,0,0.0,0
2012-10-12T09:15:54.500,2319.6,4187,2319.6,20,0.0,0,0.0,0,0.0,0,0.0,0,2319.8,1,0.0,0,0.0,0,0.0,0,0.0,0
2012-10-12T09:15:55.000,2319.6,4199,2319.6,15,0.0,0,0.0,0,0.0,0,0.0,0,2320,9,0.0,0,0.0,0,0.0,0,0.0,0
2012-10-12T09:15:55.500,2319.6,4210,2319.6,11,0.0,0,0.0,0,0.0,0,0.0,0,2319.8,28,0.0,0,0.0,0,0.0,0,0.0,0
2012-10-12T09:15:56.000,2319.8,4217,2319.6,12,0.0,0,0.0,0,0.0,0,0.0,0,2319.8,24,0.0,0,0.0,0,0.0,0,0.0,0
2012-10-12T09:15:56.500,2319.4,4240,2319.4,15,0.0,0,0.0,0,0.0,0,0.0,0,2319.6,19,0.0,0,0.0,0,0.0,0,0.0,0
2012-10-12T09:15:57.000,2319.6,4261,2319.4,5,0.0,0,0.0,0,0.0,0,0.0,0,2319.6,11,0.0,0,0.0,0,0.0,0,0.0,0
2012-10-12T09:15:57.500,2319.6,4266,2319.4,4,0.0,0,0.0,0,0.0,0,0.0,0,2319.6,14,0.0,0,0.0,0,0.0,0,0.0,0
2012-10-12T09:15:58.000,2319.4,4273,2319.2,58,0.0,0,0.0,0,0.0,0,0.0,0,2319.4,6,0.0,0,0.0,0,0.0,0,0.0,0
2012-10-12T09:15:58.500,2319.4,4286,2319.4,22,0.0,0,0.0,0,0.0,0,0.0,0,2319.6,13,0.0,0,0.0,0,0.0,0,0.0,0
2012-10-12T09:15:59.000,2319.4,4320,2319.6,14,0.0,0,0.0,0,0.0,0,0.0,0,2319.8,16,0.0,0,0.0,0,0.0,0,0.0,0
2012-10-12T09:15:59.500,2319.6,4322,2319.6,13,0.0,0,0.0,0,0.0,0,0.0,0,2319.8,16,0.0,0,0.0,0,0.0,0,0.0,0
2012-10-12T09:16:00.000,2319.6,4335,2319.6,16,0.0,0,0.0,0,0.0,0,0.0,0,2319.8,5,0.0,0,0.0,0,0.0,0,0.0,0
2012-10-12T09:16:00.500,2319.6,4370,2319.4,21,0.0,0,0.0,0,0.0,0,0.0,0,2319.6,3,0.0,0,0.0,0,0.0,0,0.0,0
2012-10-12T09:16:01.000,2319.4,4382,2319.4,16,0.0,0,0.0,0,0.0,0,0.0,0,2319.6,4,0.0,0,0.0,0,0.0,0,0.0,0
2012-10-12T09:16:01.500,2319.8,4416,2319.6,7,0.0,0,0.0,0,0.0,0,0.0,0,2319.8,4,0.0,0,0.0,0,0.0,0,0.0,0
2012-10-12T09:16:02.000,2319.4,4435,2319.4,4,0.0,0,0.0,0,0.0,0,0.0,0,2319.6,4,0.0,0,0.0,0,0.0,0,0.0,0
2012-10-12T09:16:02.500,2319.6,4444,2319.2,55,0.0,0,0.0,0,0.0,0,0.0,0,2319.6,5,0.0,0,0.0,0,0.0,0,0.0,0
2012-10-12T09:16:03.000,2319.6,4449,2319.4,3,0.0,0,0.0,0,0.0,0,0.0,0,2319.6,5,0.0,0,0.0,0,0.0,0,0.0,0
2012-10-12T09:16:03.500,2319.6,4462,2319.2,56,0.0,0,0.0,0,0.0,0,0.0,0,2319.6,7,0.0,0,0.0,0,0.0,0,0.0,0
2012-10-12T09:16:04.000,2319.2,4479,2319.2,60,0.0,0,0.0,0,0.0,0,0.0,0,2319.8,12,0.0,0,0.0,0,0.0,0,0.0,0
2012-10-12T09:16:04.500,2319.6,4483,2319.6,40,0.0,0,0.0,0,0.0,0,0.0,0,2319.8,15,0.0,0,0.0,0,0.0,0,0.0,0
2012-10-12T09:16:05.000,2319.6,4489,2319.6,39,0.0,0,0.0,0,0.0,0,0.0,0,2319.8,11,0.0,0,0.0,0,0.0,0,0.0,0
2012-10-12T09:16:05.500,2319.8,4507,2319.6,32,0.0,0,0.0,0,0.0,0,0.0,0,2319.8,5,0.0,0,0.0,0,0.0,0,0.0,0
2012-10-12T09:16:06.000,2319.8,4522,2319.6,21,0.0,0,0.0,0,0.0,0,0.0,0,2319.8,2,0.0,0,0.0,0,0.0,0,0.0,0
2012-10-12T09:16:06.500,2319.6,4551,2319.4,21,0.0,0,0.0,0,0.0,0,0.0,0,2319.6,10,0.0,0,0.0,0,0.0,0,0.0,0
2012-10-12T09:16:07.000,2319.8,4563,2319.4,20,0.0,0,0.0,0,0.0,0,0.0,0,2319.6,1,0.0,0,0.0,0,0.0,0,0.0,0
2012-10-12T09:16:07.500,2319.6,4573,2319.4,29,0.0,0,0.0,0,0.0,0,0.0,0,2319.6,4,0.0,0,0.0,0,0.0,0,0.0,0
2012-10-12T09:16:08.000,2319.8,4589,2319.4,36,0.0,0,0.0,0,0.0,0,0.0,0,2320,53,0.0,0,0.0,0,0.0,0,0.0,0
2012-10-12T09:16:08.500,2319.6,4592,2319.6,6,0.0,0,0.0,0,0.0,0,0.0,0,2319.8,12,0.0,0,0.0,0,0.0,0,0.0,0
2012-10-12T09:16:09.000,2319.6,4597,2319.6,18,0.0,0,0.0,0,0.0,0,0.0,0,2319.8,9,0.0,0,0.0,0,0.0,0,0.0,0
2012-10-12T09:16:09.500,2319.8,4616,2319.6,20,0.0,0,0.0,0,0.0,0,0.0,0,2319.8,7,0.0,0,0.0,0,0.0,0,0.0,0
2012-10-12T09:16:10.000,2319.8,4619,2319.6,30,0.0,0,0.0,0,0.0,0,0.0,0,2319.8,5,0.0,0,0.0,0,0.0,0,0.0,0
2012-10-12T09:16:10.500,2319.6,4639,2319.6,23,0.0,0,0.0,0,0.0,0,0.0,0,2319.8,1,0.0,0,0.0,0,0.0,0,0.0,0
2012-10-12T09:16:11.000,2319.8,4640,2319.8,1,0.0,0,0.0,0,0.0,0,0.0,0,2320,59,0.0,0,0.0,0,0.0,0,0.0,0
2012-10-12T09:16:11.500,2320,4642,2319.8,2,0.0,0,0.0,0,0.0,0,0.0,0,2320,57,0.0,0,0.0,0,0.0,0,0.0,0
2012-10-12T09:16:12.000,2319.6,4678,2319.4,30,0.0,0,0.0,0,0.0,0,0.0,0,2319.6,1,0.0,0,0.0,0,0.0,0,0.0,0
2012-10-12T09:16:12.500,2319.6,4683,2319.6,45,0.0,0,0.0,0,0.0,0,0.0,0,2319.8,1,0.0,0,0.0,0,0.0,0,0.0,0
2012-10-12T09:16:13.000,2319.8,4685,2319.6,48,0.0,0,0.0,0,0.0,0,0.0,0,2319.8,6,0.0,0,0.0,0,0.0,0,0.0,0
2012-10-12T09:16:13.500,2320,4696,2319.8,3,0.0,0,0.0,0,0.0,0,0.0,0,2320,53,0.0,0,0.0,0,0.0,0,0.0,0
2012-10-12T09:16:14.000,2320,4704,2319.8,3,0.0,0,0.0,0,0.0,0,0.0,0,2320,52,0.0,0,0.0,0,0.0,0,0.0,0
2012-10-12T09:16:14.500,2319.8,4715,2319.8,13,0.0,0,0.0,0,0.0,0,0.0,0,2320,52,0.0,0,0.0,0,0.0,0,0.0,0
2012-10-12T09:16:15.000,2320,4745,2319.8,18,0.0,0,0.0,0,0.0,0,0.0,0,2320,23,0.0,0,0.0,0,0.0,0,0.0,0
2012-10-12T09:16:15.500,2320.2,4770,2320,23,0.0,0,0.0,0,0.0,0,0.0,0,2320.2,119,0.0,0,0.0,0,0.0,0,0.0,0
2012-10-12T09:16:16.000,2320.2,4786,2320,20,0.0,0,0.0,0,0.0,0,0.0,0,2320.2,106,0.0,0,0.0,0,0.0,0,0.0,0
2012-10-12T09:16:16.500,2320.2,4796,2320,27,0.0,0,0.0,0,0.0,0,0.0,0,2320.2,100,0.0,0,0.0,0,0.0,0,0.0,0
2012-10-12T09:16:17.000,2320.2,4846,2320,20,0.0,0,0.0,0,0.0,0,0.0,0,2320.2,66,0.0,0,0.0,0,0.0,0,0.0,0
2012-10-12T09:16:17.500,2320.2,4887,2320,19,0.0,0,0.0,0,0.0,0,0.0,0,2320.2,28,0.0,0,0.0,0,0.0,0,0.0,0
2012-10-12T09:16:18.000,2320.4,4933,2320.2,5,0.0,0,0.0,0,0.0,0,0.0,0,2320.4,1,0.0,0,0.0,0,0.0,0,0.0,0
2012-10-12T09:16:18.500,2320.4,4948,2320.2,7,0.0,0,0.0,0,0.0,0,0.0,0,2320.4,14,0.0,0,0.0,0,0.0,0,0.0,0
2012-10-12T09:16:19.000,2320.2,4951,2320.2,11,0.0,0,0.0,0,0.0,0,0.0,0,2320.4,23,0.0,0,0.0,0,0.0,0,0.0,0
2012-10-12T09:16:19.500,2320.4,4975,2320.2,12,0.0,0,0.0,0,0.0,0,0.0,0,2320.4,3,0.0,0,0.0,0,0.0,0,0.0,0
2012-10-12T09:16:20.000,2320.6,4990,2320.2,11,0.0,0,0.0,0,0.0,0,0.0,0,2320.6,16,0.0,0,0.0,0,0.0,0,0.0,0
2012-10-12T09:16:20.500,2320.4,4996,2320.2,11,0.0,0,0.0,0,0.0,0,0.0,0,2320.4,10,0.0,0,0.0,0,0.0,0,0.0,0
2012-10-12T09:16:21.000,2320.4,5006,2320.2,10,0.0,0,0.0,0,0.0,0,0.0,0,2320.4,2,0.0,0,0.0,0,0.0,0,0.0,0
2012-10-12T09:16:21.500,2320.2,5010,2320.4,22,0.0,0,0.0,0,0.0,0,0.0,0,2320.6,12,0.0,0,0.0,0,0.0,0,0.0,0
2012-10-12T09:16:22.000,2320.2,5023,2320.4,30,0.0,0,0.0,0,0.0,0,0.0,0,2320.6,12,0.0,0,0.0,0,0.0,0,0.0,0
2012-10-12T09:16:22.500,2320.4,5027,2320.4,28,0.0,0,0.0,0,0.0,0,0.0,0,2320.6,11,0.0,0,0.0,0,0.0,0,0.0,0
2012-10-12T09:16:23.000,2320.6,5029,2320.4,34,0.0,0,0.0,0,0.0,0,0.0,0,2320.6,10,0.0,0,0.0,0,0.0,0,0.0,0
2012-10-12T09:16:23.500,2320.4,5039,2320.4,30,0.0,0,0.0,0,0.0,0,0.0,0,2320.6,13,0.0,0,0.0,0,0.0,0,0.0,0
2012-10-12T09:16:24.000,2320.6,5056,2320.6,32,0.0,0,0.0,0,0.0,0,0.0,0,2320.8,13,0.0,0,0.0,0,0.0,0,0.0,0
2012-10-12T09:16:24.500,2320.6,5059,2320.6,34,0.0,0,0.0,0,0.0,0,0.0,0,2320.8,13,0.0,0,0.0,0,0.0,0,0.0,0
2012-10-12T09:16:25.000,2320.6,5068,2320.6,30,0.0,0,0.0,0,0.0,0,0.0,0,2320.8,13,0.0,0,0.0,0,0.0,0,0.0,0
2012-10-12T09:16:25.500,2320.8,5089,2320.8,28,0.0,0,0.0,0,0.0,0,0.0,0,2321,25,0.0,0,0.0,0,0.0,0,0.0,0
2012-10-12T09:16:26.000,2321,5095,2320.8,30,0.0,0,0.0,0,0.0,0,0.0,0,2321,22,0.0,0,0.0,0,0.0,0,0.0,0
2012-10-12T09:16:26.500,2321,5119,2321,26,0.0,0,0.0,0,0.0,0,0.0,0,2321.2,15,0.0,0,0.0,0,0.0,0,0.0,0
2012-10-12T09:16:27.000,2321,5137,2321,22,0.0,0,0.0,0,0.0,0,0.0,0,2321.2,3,0.0,0,0.0,0,0.0,0,0.0,0
2012-10-12T09:16:27.500,2321.2,5154,2321.2,9,0.0,0,0.0,0,0.0,0,0.0,0,2321.4,2,0.0,0,0.0,0,0.0,0,0.0,0
2012-10-12T09:16:28.000,2321.6,5169,2321.2,2,0.0,0,0.0,0,0.0,0,0.0,0,2321.8,38,0.0,0,0.0,0,0.0,0,0.0,0
2012-10-12T09:16:28.500,2321.4,5173,2321.4,18,0.0,0,0.0,0,0.0,0,0.0,0,2321.6,1,0.0,0,0.0,0,0.0,0,0.0,0
2012-10-12T09:16:29.000,2321.4,5189,2321.4,11,0.0,0,0.0,0,0.0,0,0.0,0,2321.6,20,0.0,0,0.0,0,0.0,0,0.0,0
2012-10-12T09:16:29.500,2321.6,5195,2321.4,11,0.0,0,0.0,0,0.0,0,0.0,0,2321.6,15,0.0,0,0.0,0,0.0,0,0.0,0
2012-10-12T09:16:30.000,2321.6,5221,2321.6,3,0.0,0,0.0,0,0.0,0,0.0,0,2321.8,36,0.0,0,0.0,0,0.0,0,0.0,0
2012-10-12T09:16:30.500,2321.6,5236,2321.6,2,0.0,0,0.0,0,0.0,0,0.0,0,2321.8,26,0.0,0,0.0,0,0.0,0,0.0,0
2012-10-12T09:16:31.000,2321.8,5248,2321.6,7,0.0,0,0.0,0,0.0,0,0.0,0,2321.8,15,0.0,0,0.0,0,0.0,0,0.0,0
2012-10-12T09:16:31.500,2321.8,5270,2321.6,2,0.0,0,0.0,0,0.0,0,0.0,0,2321.8,13,0.0,0,0.0,0,0.0,0,0.0,0
2012-10-12T09:16:32.000,2321.8,5323,2321.8,22,0.0,0,0.0,0,0.0,0,0.0,0,2322,6,0.0,0,0.0,0,0.0,0,0.0,0
2012-10-12T09:16:32.500,2321.8,5343,2321.8,11,0.0,0,0.0,0,0.0,0,0.0,0,2322,1,0.0,0,0.0,0,0.0,0,0.0,0
2012-10-12T09:16:33.000,2322,5364,2322,52,0.0,0,0.0,0,0.0,0,0.0,0,2322.2,12,0.0,0,0.0,0,0.0,0,0.0,0
2012-10-12T09:16:33.500,2322.2,5383,2322.2,2,0.0,0,0.0,0,0.0,0,0.0,0,2322.4,4,0.0,0,0.0,0,0.0,0,0.0,0
2012-10-12T09:16:34.000,2322.6,5427,2322.6,3,0.0,0,0.0,0,0.0,0,0.0,0,2322.8,28,0.0,0,0.0,0,0.0,0,0.0,0
2012-10-12T09:16:34.500,2322.8,5497,2322.4,1,0.0,0,0.0,0,0.0,0,0.0,0,2322.6,4,0.0,0,0.0,0,0.0,0,0.0,0
2012-10-12T09:16:35.000,2322.6,5559,2322.2,1,0.0,0,0.0,0,0.0,0,0.0,0,2322.6,5,0.0,0,0.0,0,0.0,0,0.0,0
2012-10-12T09:16:35.500,2322.6,5611,2322.2,13,0.0,0,0.0,0,0.0,0,0.0,0,2322.8,18,0.0,0,0.0,0,0.0,0,0.0,0
2012-10-12T09:16:36.000,2322.2,5636,2322.2,8,0.0,0,0.0,0,0.0,0,0.0,0,2322.4,1,0.0,0,0.0,0,0.0,0,0.0,0
2012-10-12T09:16:36.500,2322.2,5663,2322,48,0.0,0,0.0,0,0.0,0,0.0,0,2322.4,2,0.0,0,0.0,0,0.0,0,0.0,0
2012-10-12T09:16:37.000,2322.4,5687,2322.4,3,0.0,0,0.0,0,0.0,0,0.0,0,2322.6,6,0.0,0,0.0,0,0.0,0,0.0,0
2012-10-12T09:16:37.500,2322.4,5714,2322.2,2,0.0,0,0.0,0,0.0,0,0.0,0,2322.4,1,0.0,0,0.0,0,0.0,0,0.0,0
2012-10-12T09:16:38.000,2322.2,5728,2322,47,0.0,0,0.0,0,0.0,0,0.0,0,2322.2,90,0.0,0,0.0,0,0.0,0,0.0,0
2012-10-12T09:16:38.500,2322,5843,2322,3,0.0,0,0.0,0,0.0,0,0.0,0,2322.2,25,0.0,0,0.0,0,0.0,0,0.0,0
2012-10-12T09:16:39.000,2322,5860,2321.8,20,0.0,0,0.0,0,0.0,0,0.0,0,2322,40,0.0,0,0.0,0,0.0,0,0.0,0
2012-10-12T09:16:39.500,2322,5914,2321.8,5,0.0,0,0.0,0,0.0,0,0.0,0,2322,44,0.0,0,0.0,0,0.0,0,0.0,0
2012-10-12T09:16:40.000,2321.8,5949,2321.6,12,0.0,0,0.0,0,0.0,0,0.0,0,2321.8,1,0.0,0,0.0,0,0.0,0,0.0,0
2012-10-12T09:16:40.500,2321.6,5969,2321.8,2,0.0,0,0.0,0,0.0,0,0.0,0,2322,45,0.0,0,0.0,0,0.0,0,0.0,0
2012-10-12T09:16:41.000,2321.6,6023,2321.6,10,0.0,0,0.0,0,0.0,0,0.0,0,2321.8,3,0.0,0,0.0,0,0.0,0,0.0,0
2012-10-12T09:16:41.500,2321.6,6035,2321.6,9,0.0,0,0.0,0,0.0,0,0.0,0,2322,27,0.0,0,0.0,0,0.0,0,0.0,0
2012-10-12T09:16:42.000,2321.6,6052,2321.4,14,0.0,0,0.0,0,0.0,0,0.0,0,2321.6,13,0.0,0,0.0,0,0.0,0,0.0,0
2012-10-12T09:16:42.500,2321.6,6064,2321.4,14,0.0,0,0.0,0,0.0,0,0.0,0,2321.6,31,0.0,0,0.0,0,0.0,0,0.0,0
2012-10-12T09:16:43.000,2321.6,6090,2321.4,4,0.0,0,0.0,0,0.0,0,0.0,0,2321.6,22,0.0,0,0.0,0,0.0,0,0.0,0
2012-10-12T09:16:43.500,2321.4,6096,2321.2,12,0.0,0,0.0,0,0.0,0,0.0,0,2321.6,20,0.0,0,0.0,0,0.0,0,0.0,0
2012-10-12T09:16:44.000,2321.2,6101,2321.2,11,0.0,0,0.0,0,0.0,0,0.0,0,2321.4,2,0.0,0,0.0,0,0.0,0,0.0,0
2012-10-12T09:16:44.500,2321.6,6140,2321.2,1,0.0,0,0.0,0,0.0,0,0.0,0,2321.4,1,0.0,0,0.0,0,0.0,0,0.0,0
2012-10-12T09:16:45.000,2321.4,6172,2321.4,29,0.0,0,0.0,0,0.0,0,0.0,0,2321.6,4,0.0,0,0.0,0,0.0,0,0.0,0
2012-10-12T09:16:45.500,2321.4,6183,2321.4,28,0.0,0,0.0,0,0.0,0,0.0,0,2321.8,15,0.0,0,0.0,0,0.0,0,0.0,0
2012-10-12T09:16:46.000,2321.4,6199,2321.4,22,0.0,0,0.0,0,0.0,0,0.0,0,2321.8,19,0.0,0,0.0,0,0.0,0,0.0,0
2012-10-12T09:16:46.500,2321.6,6208,2321.4,27,0.0,0,0.0,0,0.0,0,0.0,0,2321.6,4,0.0,0,0.0,0,0.0,0,0.0,0
2012-10-12T09:16:47.000,2321.6,6220,2321.4,28,0.0,0,0.0,0,0.0,0,0.0,0,2321.8,12,0.0,0,0.0,0,0.0,0,0.0,0
2012-10-12T09:16:47.500,2321.6,6240,2321.8,1,0.0,0,0.0,0,0.0,0,0.0,0,2322,33,0.0,0,0.0,0,0.0,0,0.0,0
2012-10-12T09:16:48.000,2322,6265,2321.8,1,0.0,0,0.0,0,0.0,0,0.0,0,2322,21,0.0,0,0.0,0,0.0,0,0.0,0
2012-10-12T09:16:48.500,2321.8,6275,2321.8,6,0.0,0,0.0,0,0.0,0,0.0,0,2322,15,0.0,0,0.0,0,0.0,0,0.0,0
2012-10-12T09:16:49.000,2321.8,6284,2321.8,11,0.0,0,0.0,0,0.0,0,0.0,0,2322,10,0.0,0,0.0,0,0.0,0,0.0,0
2012-10-12T09:16:49.500,2321.8,6295,2322,6,0.0,0,0.0,0,0.0,0,0.0,0,2322.2,39,0.0,0,0.0,0,0.0,0,0.0,0
2012-10-12T09:16:50.000,2322,6306,2321.8,12,0.0,0,0.0,0,0.0,0,0.0,0,2322.2,34,0.0,0,0.0,0,0.0,0,0.0,0
2012-10-12T09:16:50.500,2322.2,6330,2321.8,9,0.0,0,0.0,0,0.0,0,0.0,0,2322.2,13,0.0,0,0.0,0,0.0,0,0.0,0
2012-10-12T09:16:51.000,2322.2,6335,2321.8,15,0.0,0,0.0,0,0.0,0,0.0,0,2322,3,0.0,0,0.0,0,0.0,0,0.0,0
2012-10-12T09:16:51.500,2321.8,6342,2321.8,11,0.0,0,0.0,0,0.0,0,0.0,0,2322,19,0.0,0,0.0,0,0.0,0,0.0,0
2012-10-12T09:16:52.000,2321.8,6355,2321.8,7,0.0,0,0.0,0,0.0,0,0.0,0,2322,12,0.0,0,0.0,0,0.0,0,0.0,0
2012-10-12T09:16:52.500,2322,6372,2321.6,8,0.0,0,0.0,0,0.0,0,0.0,0,2322,9,0.0,0,0.0,0,0.0,0,0.0,0
2012-10-12T09:16:53.000,2321.6,6391,2321.6,1,0.0,0,0.0,0,0.0,0,0.0,0,2321.8,10,0.0,0,0.0,0,0.0,0,0.0,0
2012-10-12T09:16:53.500,2322,6407,2321.8,3,0.0,0,0.0,0,0.0,0,0.0,0,2322,5,0.0,0,0.0,0,0.0,0,0.0,0
2012-10-12T09:16:54.000,2321.6,6414,2321.6,2,0.0,0,0.0,0,0.0,0,0.0,0,2322,11,0.0,0,0.0,0,0.0,0,0.0,0
2012-10-12T09:16:54.500,2321.6,6419,2321.6,17,0.0,0,0.0,0,0.0,0,0.0,0,2322,26,0.0,0,0.0,0,0.0,0,0.0,0
2012-10-12T09:16:55.000,2321.6,6437,2321.6,1,0.0,0,0.0,0,0.0,0,0.0,0,2321.8,13,0.0,0,0.0,0,0.0,0,0.0,0
2012-10-12T09:16:55.500,2321.8,6442,2321.6,2,0.0,0,0.0,0,0.0,0,0.0,0,2321.8,9,0.0,0,0.0,0,0.0,0,0.0,0
2012-10-12T09:16:56.000,2321.8,6449,2321.6,2,0.0,0,0.0,0,0.0,0,0.0,0,2321.8,4,0.0,0,0.0,0,0.0,0,0.0,0
2012-10-12T09:16:56.500,2321.6,6452,2321.4,39,0.0,0,0.0,0,0.0,0,0.0,0,2321.6,9,0.0,0,0.0,0,0.0,0,0.0,0
2012-10-12T09:16:57.000,2321.4,6463,2321.4,37,0.0,0,0.0,0,0.0,0,0.0,0,2321.6,14,0.0,0,0.0,0,0.0,0,0.0,0
2012-10-12T09:16:57.500,2321.6,6465,2321.4,37,0.0,0,0.0,0,0.0,0,0.0,0,2321.6,52,0.0,0,0.0,0,0.0,0,0.0,0
2012-10-12T09:16:58.000,2321.4,6477,2321.4,26,0.0,0,0.0,0,0.0,0,0.0,0,2321.6,56,0.0,0,0.0,0,0.0,0,0.0,0
2012-10-12T09:16:58.500,2321.4,6507,2321.2,11,0.0,0,0.0,0,0.0,0,0.0,0,2321.4,13,0.0,0,0.0,0,0.0,0,0.0,0
2012-10-12T09:16:59.000,2321.2,6520,2321.2,1,0.0,0,0.0,0,0.0,0,0.0,0,2321.4,20,0.0,0,0.0,0,0.0,0,0.0,0
2012-10-12T09:16:59.500,2321.2,6526,2321,53,0.0,0,0.0,0,0.0,0,0.0,0,2321.2,1,0.0,0,0.0,0,0.0,0,0.0,0
2012-10-12T09:17:00.000,2321,6534,2321,50,0.0,0,0.0,0,0.0,0,0.0,0,2321.2,3,0.0,0,0.0,0,0.0,0,0.0,0
2012-10-12T09:17:00.500,2321.4,6551,2321.2,2,0.0,0,0.0,0,0.0,0,0.0,0,2321.4,11,0.0,0,0.0,0,0.0,0,0.0,0
2012-10-12T09:17:01.000,2321.2,6567,2321.2,6,0.0,0,0.0,0,0.0,0,0.0,0,2321.4,10,0.0,0,0.0,0,0.0,0,0.0,0
2012-10-12T09:17:01.500,2321.2,6590,2321,42,0.0,0,0.0,0,0.0,0,0.0,0,2321.2,3,0.0,0,0.0,0,0.0,0,0.0,0
2012-10-12T09:17:02.000,2321.4,6626,2321.2,10,0.0,0,0.0,0,0.0,0,0.0,0,2321.4,1,0.0,0,0.0,0,0.0,0,0.0,0
2012-10-12T09:17:02.500,2321.6,6646,2321.4,1,0.0,0,0.0,0,0.0,0,0.0,0,2321.6,36,0.0,0,0.0,0,0.0,0,0.0,0
2012-10-12T09:17:03.000,2321.4,6654,2321.2,14,0.0,0,0.0,0,0.0,0,0.0,0,2321.6,34,0.0,0,0.0,0,0.0,0,0.0,0
2012-10-12T09:17:03.500,2321.6,6673,2321.4,10,0.0,0,0.0,0,0.0,0,0.0,0,2321.6,16,0.0,0,0.0,0,0.0,0,0.0,0
2012-10-12T09:17:04.000,2321.6,6677,2321.4,9,0.0,0,0.0,0,0.0,0,0.0,0,2321.6,13,0.0,0,0.0,0,0.0,0,0.0,0
2012-10-12T09:17:04.500,2321.6,6698,2321.6,4,0.0,0,0.0,0,0.0,0,0.0,0,2321.8,14,0.0,0,0.0,0,0.0,0,0.0,0
2012-10-12T09:17:05.000,2321.6,6704,2321.6,7,0.0,0,0.0,0,0.0,0,0.0,0,2321.8,14,0.0,0,0.0,0,0.0,0,0.0,0
2012-10-12T09:17:05.500,2321.8,6706,2321.6,17,0.0,0,0.0,0,0.0,0,0.0,0,2321.8,13,0.0,0,0.0,0,0.0,0,0.0,0
2012-10-12T09:17:06.000,2321.6,6719,2321.6,11,0.0,0,0.0,0,0.0,0,0.0,0,2321.8,11,0.0,0,0.0,0,0.0,0,0.0,0
2012-10-12T09:17:06.500,2321.8,6732,2321.8,2,0.0,0,0.0,0,0.0,0,0.0,0,2322,67,0.0,0,0.0,0,0.0,0,0.0,0
2012-10-12T09:17:07.000,2321.8,6738,2321.8,1,0.0,0,0.0,0,0.0,0,0.0,0,2322,62,0.0,0,0.0,0,0.0,0,0.0,0
2012-10-12T09:17:07.500,2321.6,6740,2321.6,60,0.0,0,0.0,0,0.0,0,0.0,0,2321.8,4,0.0,0,0.0,0,0.0,0,0.0,0
2012-10-12T09:17:08.000,2321.8,6746,2321.6,64,0.0,0,0.0,0,0.0,0,0.0,0,2321.8,5,0.0,0,0.0,0,0.0,0,0.0,0
2012-10-12T09:17:08.500,2321.6,6760,2321.6,62,0.0,0,0.0,0,0.0,0,0.0,0,2321.8,8,0.0,0,0.0,0,0.0,0,0.0,0
2012-10-12T09:17:09.000,2321.6,6766,2321.6,59,0.0,0,0.0,0,0.0,0,0.0,0,2321.8,5,0.0,0,0.0,0,0.0,0,0.0,0
2012-10-12T09:17:09.500,2321.8,6781,2321.8,2,0.0,0,0.0,0,0.0,0,0.0,0,2322,57,0.0,0,0.0,0,0.0,0,0.0,0
2012-10-12T09:17:10.000,2321.8,6783,2321.8,2,0.0,0,0.0,0,0.0,0,0.0,0,2322,57,0.0,0,0.0,0,0.0,0,0.0,0
2012-10-12T09:17:10.500,2321.6,6817,2321.6,35,0.0,0,0.0,0,0.0,0,0.0,0,2321.8,5,0.0,0,0.0,0,0.0,0,0.0,0
2012-10-12T09:17:11.000,2321.8,6830,2321.6,30,0.0,0,0.0,0,0.0,0,0.0,0,2321.8,5,0.0,0,0.0,0,0.0,0,0.0,0
2012-10-12T09:17:11.500,2321.8,6845,2321.6,30,0.0,0,0.0,0,0.0,0,0.0,0,2321.8,6,0.0,0,0.0,0,0.0,0,0.0,0
2012-10-12T09:17:12.000,2321.8,6868,2321.6,18,0.0,0,0.0,0,0.0,0,0.0,0,2321.8,9,0.0,0,0.0,0,0.0,0,0.0,0
2012-10-12T09:17:12.500,2321.8,6871,2321.6,19,0.0,0,0.0,0,0.0,0,0.0,0,2321.8,6,0.0,0,0.0,0,0.0,0,0.0,0
2012-10-12T09:17:13.000,2321.4,6900,2321.4,13,0.0,0,0.0,0,0.0,0,0.0,0,2321.8,22,0.0,0,0.0,0,0.0,0,0.0,0
2012-10-12T09:17:13.500,2321.8,6906,2321.4,11,0.0,0,0.0,0,0.0,0,0.0,0,2321.6,12,0.0,0,0.0,0,0.0,0,0.0,0
2012-10-12T09:17:14.000,2321.4,6910,2321.4,7,0.0,0,0.0,0,0.0,0,0.0,0,2321.6,20,0.0,0,0.0,0,0.0,0,0.0,0
2012-10-12T09:17:14.500,2321.4,6921,2321.4,6,0.0,0,0.0,0,0.0,0,0.0,0,2321.6,19,0.0,0,0.0,0,0.0,0,0.0,0
2012-10-12T09:17:15.000,2321.6,6934,2321.2,22,0.0,0,0.0,0,0.0,0,0.0,0,2321.4,1,0.0,0,0.0,0,0.0,0,0.0,0
2012-10-12T09:17:15.500,2321.6,6936,2321.4,18,0.0,0,0.0,0,0.0,0,0.0,0,2321.6,13,0.0,0,0.0,0,0.0,0,0.0,0
2012-10-12T09:17:16.000,2321.4,6937,2321.4,20,0.0,0,0.0,0,0.0,0,0.0,0,2321.6,14,0.0,0,0.0,0,0.0,0,0.0,0
2012-10-12T09:17:16.500,2321.6,6946,2321.6,1,0.0,0,0.0,0,0.0,0,0.0,0,2321.8,15,0.0,0,0.0,0,0.0,0,0.0,0
2012-10-12T09:17:17.000,2321.4,6954,2321.4,29,0.0,0,0.0,0,0.0,0,0.0,0,2321.8,13,0.0,0,0.0,0,0.0,0,0.0,0
2012-10-12T09:17:17.500,2321.4,6967,2321.6,8,0.0,0,0.0,0,0.0,0,0.0,0,2321.8,13,0.0,0,0.0,0,0.0,0,0.0,0
2012-10-12T09:17:18.000,2321.4,6969,2321.6,12,0.0,0,0.0,0,0.0,0,0.0,0,2321.8,13,0.0,0,0.0,0,0.0,0,0.0,0
2012-10-12T09:17:18.500,2321.6,6975,2321.6,23,0.0,0,0.0,0,0.0,0,0.0,0,2321.8,12,0.0,0,0.0,0,0.0,0,0.0,0
2012-10-12T09:17:19.000,2321.8,6985,2321.6,22,0.0,0,0.0,0,0.0,0,0.0,0,2321.8,5,0.0,0,0.0,0,0.0,0,0.0,0
2012-10-12T09:17:19.500,2322,6998,2321.6,20,0.0,0,0.0,0,0.0,0,0.0,0,2322,61,0.0,0,0.0,0,0.0,0,0.0,0
2012-10-12T09:17:20.000,2321.6,7038,2321.6,16,0.0,0,0.0,0,0.0,0,0.0,0,2322,27,0.0,0,0.0,0,0.0,0,0.0,0
2012-10-12T09:17:20.500,2321.6,7056,2321.6,16,0.0,0,0.0,0,0.0,0,0.0,0,2321.8,3,0.0,0,0.0,0,0.0,0,0.0,0
2012-10-12T09:17:21.000,2322,7080,2321.8,11,0.0,0,0.0,0,0.0,0,0.0,0,2322,2,0.0,0,0.0,0,0.0,0,0.0,0
2012-10-12T09:17:21.500,2321.8,7084,2321.8,9,0.0,0,0.0,0,0.0,0,0.0,0,2322,6,0.0,0,0.0,0,0.0,0,0.0,0
2012-10-12T09:17:22.000,2322.2,7106,2322,7,0.0,0,0.0,0,0.0,0,0.0,0,2322.2,12,0.0,0,0.0,0,0.0,0,0.0,0
2012-10-12T09:17:22.500,2322,7109,2322,12,0.0,0,0.0,0,0.0,0,0.0,0,2322.2,11,0.0,0,0.0,0,0.0,0,0.0,0
2012-10-12T09:17:23.000,2322,7111,2322,10,0.0,0,0.0,0,0.0,0,0.0,0,2322.2,12,0.0,0,0.0,0,0.0,0,0.0,0
2012-10-12T09:17:23.500,2322.2,7120,2322,11,0.0,0,0.0,0,0.0,0,0.0,0,2322.2,4,0.0,0,0.0,0,0.0,0,0.0,0
2012-10-12T09:17:24.000,2322,7123,2322,9,0.0,0,0.0,0,0.0,0,0.0,0,2322.2,3,0.0,0,0.0,0,0.0,0,0.0,0
2012-10-12T09:17:24.500,2322.2,7135,2322.2,18,0.0,0,0.0,0,0.0,0,0.0,0,2322.4,53,0.0,0,0.0,0,0.0,0,0.0,0
2012-10-12T09:17:25.000,2322.2,7148,2322.2,12,0.0,0,0.0,0,0.0,0,0.0,0,2322.4,48,0.0,0,0.0,0,0.0,0,0.0,0
2012-10-12T09:17:25.500,2322.2,7170,2322.2,3,0.0,0,0.0,0,0.0,0,0.0,0,2322.4,38,0.0,0,0.0,0,0.0,0,0.0,0
2012-10-12T09:17:26.000,2322.2,7187,2322.2,2,0.0,0,0.0,0,0.0,0,0.0,0,2322.4,24,0.0,0,0.0,0,0.0,0,0.0,0
2012-10-12T09:17:26.500,2322.4,7211,2322.2,1,0.0,0,0.0,0,0.0,0,0.0,0,2322.4,14,0.0,0,0.0,0,0.0,0,0.0,0
2012-10-12T09:17:27.000,2322,7217,2322,14,0.0,0,0.0,0,0.0,0,0.0,0,2322.2,1,0.0,0,0.0,0,0.0,0,0.0,0
2012-10-12T09:17:27.500,2322.4,7223,2322.2,11,0.0,0,0.0,0,0.0,0,0.0,0,2322.4,7,0.0,0,0.0,0,0.0,0,0.0,0
2012-10-12T09:17:28.000,2322.4,7235,2322.2,10,0.0,0,0.0,0,0.0,0,0.0,0,2322.4,2,0.0,0,0.0,0,0.0,0,0.0,0
2012-10-12T09:17:28.500,2322.4,7244,2322.4,1,0.0,0,0.0,0,0.0,0,0.0,0,2322.6,19,0.0,0,0.0,0,0.0,0,0.0,0
2012-10-12T09:17:29.000,2322.4,7251,2322.2,15,0.0,0,0.0,0,0.0,0,0.0,0,2322.4,10,0.0,0,0.0,0,0.0,0,0.0,0
2012-10-12T09:17:29.500,2322.4,7271,2322.4,4,0.0,0,0.0,0,0.0,0,0.0,0,2322.6,20,0.0,0,0.0,0,0.0,0,0.0,0
2012-10-12T09:17:30.000,2322.4,7281,2322.4,1,0.0,0,0.0,0,0.0,0,0.0,0,2322.6,19,0.0,0,0.0,0,0.0,0,0.0,0
2012-10-12T09:17:30.500,2322.4,7292,2322.4,1,0.0,0,0.0,0,0.0,0,0.0,0,2322.6,17,0.0,0,0.0,0,0.0,0,0.0,0
2012-10-12T09:17:31.000,2322.6,7299,2322.4,3,0.0,0,0.0,0,0.0,0,0.0,0,2322.6,11,0.0,0,0.0,0,0.0,0,0.0,0
2012-10-12T09:17:31.500,2322.6,7304,2322.4,4,0.0,0,0.0,0,0.0,0,0.0,0,2322.6,12,0.0,0,0.0,0,0.0,0,0.0,0
2012-10-12T09:17:32.000,2322.4,7318,2322.2,9,0.0,0,0.0,0,0.0,0,0.0,0,2322.4,11,0.0,0,0.0,0,0.0,0,0.0,0
2012-10-12T09:17:32.500,2322.4,7329,2322.2,9,0.0,0,0.0,0,0.0,0,0.0,0,2322.4,2,0.0,0,0.0,0,0.0,0,0.0,0
2012-10-12T09:17:33.000,2322.4,7334,2322.2,9,0.0,0,0.0,0,0.0,0,0.0,0,2322.4,4,0.0,0,0.0,0,0.0,0,0.0,0
2012-10-12T09:17:33.500,2322.4,7365,2322.4,1,0.0,0,0.0,0,0.0,0,0.0,0,2322.6,8,0.0,0,0.0,0,0.0,0,0.0,0
2012-10-12T09:17:34.000,2322.2,7370,2322,30,0.0,0,0.0,0,0.0,0,0.0,0,2322.2,1,0.0,0,0.0,0,0.0,0,0.0,0
2012-10-12T09:17:34.500,2322,7372,2322,29,0.0,0,0.0,0,0.0,0,0.0,0,2322.2,1,0.0,0,0.0,0,0.0,0,0.0,0
2012-10-12T09:17:35.000,2322.4,7386,2322.2,1,0.0,0,0.0,0,0.0,0,0.0,0,2322.4,18,0.0,0,0.0,0,0.0,0,0.0,0
2012-10-12T09:17:35.500,2322.2,7391,2322.2,6,0.0,0,0.0,0,0.0,0,0.0,0,2322.4,15,0.0,0,0.0,0,0.0,0,0.0,0
2012-10-12T09:17:36.000,2322.2,7414,2322.2,4,0.0,0,0.0,0,0.0,0,0.0,0,2322.4,15,0.0,0,0.0,0,0.0,0,0.0,0
2012-10-12T09:17:36.500,2322.2,7420,2322.2,2,0.0,0,0.0,0,0.0,0,0.0,0,2322.4,16,0.0,0,0.0,0,0.0,0,0.0,0
2012-10-12T09:17:37.000,2322.2,7442,2322,8,0.0,0,0.0,0,0.0,0,0.0,0,2322.2,3,0.0,0,0.0,0,0.0,0,0.0,0
2012-10-12T09:17:37.500,2322.2,7446,2322,9,0.0,0,0.0,0,0.0,0,0.0,0,2322.2,21,0.0,0,0.0,0,0.0,0,0.0,0
2012-10-12T09:17:38.000,2322.2,7470,2322,12,0.0,0,0.0,0,0.0,0,0.0,0,2322.2,8,0.0,0,0.0,0,0.0,0,0.0,0
2012-10-12T09:17:38.500,2321.8,7496,2321.8,19,0.0,0,0.0,0,0.0,0,0.0,0,2322.2,9,0.0,0,0.0,0,0.0,0,0.0,0
2012-10-12T09:17:39.000,2322,7498,2322,4,0.0,0,0.0,0,0.0,0,0.0,0,2322.2,17,0.0,0,0.0,0,0.0,0,0.0,0
2012-10-12T09:17:39.500,2322,7506,2321.8,30,0.0,0,0.0,0,0.0,0,0.0,0,2322,1,0.0,0,0.0,0,0.0,0,0.0,0
2012-10-12T09:17:40.000,2322.4,7538,2321.8,19,0.0,0,0.0,0,0.0,0,0.0,0,2322.4,18,0.0,0,0.0,0,0.0,0,0.0,0
2012-10-12T09:17:40.500,2322,7539,2322,1,0.0,0,0.0,0,0.0,0,0.0,0,2322.4,21,0.0,0,0.0,0,0.0,0,0.0,0
2012-10-12T09:17:41.000,2322.6,7564,2322.4,12,0.0,0,0.0,0,0.0,0,0.0,0,2322.6,17,0.0,0,0.0,0,0.0,0,0.0,0
2012-10-12T09:17:41.500,2322.4,7570,2322.4,6,0.0,0,0.0,0,0.0,0,0.0,0,2322.6,22,0.0,0,0.0,0,0.0,0,0.0,0
2012-10-12T09:17:42.000,2322,7579,2322.4,5,0.0,0,0.0,0,0.0,0,0.0,0,2322.6,22,0.0,0,0.0,0,0.0,0,0.0,0
2012-10-12T09:17:42.500,2322.4,7585,2322.4,5,0.0,0,0.0,0,0.0,0,0.0,0,2322.6,23,0.0,0,0.0,0,0.0,0,0.0,0
2012-10-12T09:17:43.000,2322.6,7595,2322.4,3,0.0,0,0.0,0,0.0,0,0.0,0,2322.6,16,0.0,0,0.0,0,0.0,0,0.0,0
2012-10-12T09:17:43.500,2322,7599,2322,24,0.0,0,0.0,0,0.0,0,0.0,0,2322.2,1,0.0,0,0.0,0,0.0,0,0.0,0
2012-10-12T09:17:44.000,2322,7601,2322,20,0.0,0,0.0,0,0.0,0,0.0,0,2322.2,1,0.0,0,0.0,0,0.0,0,0.0,0
2012-10-12T09:17:44.500,2322.4,7606,2322.2,5,0.0,0,0.0,0,0.0,0,0.0,0,2322.4,1,0.0,0,0.0,0,0.0,0,0.0,0
2012-10-12T09:17:45.250,2322.4,7608,2322.4,3,0.0,0,0.0,0,0.0,0,0.0,0,2322.6,20,0.0,0,0.0,0,0.0,0,0.0,0
2012-10-12T09:17:46.000,2322.2,7628,2322,17,0.0,0,0.0,0,0.0,0,0.0,0,2322.2,15,0.0,0,0.0,0,0.0,0,0.0,0
2012-10-12T09:17:46.500,2322.2,7634,2322,17,0.0,0,0.0,0,0.0,0,0.0,0,2322.2,9,0.0,0,0.0,0,0.0,0,0.0,0
2012-10-12T09:17:47.000,2322,7640,2322,20,0.0,0,0.0,0,0.0,0,0.0,0,2322.2,4,0.0,0,0.0,0,0.0,0,0.0,0
2012-10-12T09:17:47.500,2322.2,7664,2322,20,0.0,0,0.0,0,0.0,0,0.0,0,2322.4,15,0.0,0,0.0,0,0.0,0,0.0,0
2012-10-12T09:17:48.250,2322,7685,2322,4,0.0,0,0.0,0,0.0,0,0.0,0,2322.4,22,0.0,0,0.0,0,0.0,0,0.0,0
2012-10-12T09:17:49.000,2322.2,7686,2322,8,0.0,0,0.0,0,0.0,0,0.0,0,2322.2,9,0.0,0,0.0,0,0.0,0,0.0,0
2012-10-12T09:17:49.500,2322.2,7693,2322,5,0.0,0,0.0,0,0.0,0,0.0,0,2322.2,6,0.0,0,0.0,0,0.0,0,0.0,0
2012-10-12T09:17:50.000,2322,7698,2322,8,0.0,0,0.0,0,0.0,0,0.0,0,2322.2,5,0.0,0,0.0,0,0.0,0,0.0,0
2012-10-12T09:17:50.500,2322,7708,2321.8,26,0.0,0,0.0,0,0.0,0,0.0,0,2322,3,0.0,0,0.0,0,0.0,0,0.0,0
2012-10-12T09:17:51.000,2321.8,7713,2321.8,25,0.0,0,0.0,0,0.0,0,0.0,0,2322.2,7,0.0,0,0.0,0,0.0,0,0.0,0
2012-10-12T09:17:51.500,2322.2,7721,2321.8,23,0.0,0,0.0,0,0.0,0,0.0,0,2322,4,0.0,0,0.0,0,0.0,0,0.0,0
2012-10-12T09:17:52.000,2321.8,7723,2321.8,23,0.0,0,0.0,0,0.0,0,0.0,0,2322,4,0.0,0,0.0,0,0.0,0,0.0,0
2012-10-12T09:17:52.500,2321.8,7726,2321.8,32,0.0,0,0.0,0,0.0,0,0.0,0,2322,6,0.0,0,0.0,0,0.0,0,0.0,0
2012-10-12T09:17:53.000,2322,7732,2321.8,32,0.0,0,0.0,0,0.0,0,0.0,0,2322.2,4,0.0,0,0.0,0,0.0,0,0.0,0
2012-10-12T09:17:53.500,2321.8,7744,2321.8,21,0.0,0,0.0,0,0.0,0,0.0,0,2322.2,4,0.0,0,0.0,0,0.0,0,0.0,0
2012-10-12T09:17:54.000,2322.2,7759,2322,10,0.0,0,0.0,0,0.0,0,0.0,0,2322.2,8,0.0,0,0.0,0,0.0,0,0.0,0
2012-10-12T09:17:54.500,2322,7760,2322,10,0.0,0,0.0,0,0.0,0,0.0,0,2322.4,26,0.0,0,0.0,0,0.0,0,0.0,0
2012-10-12T09:17:55.000,2322.2,7771,2322,7,0.0,0,0.0,0,0.0,0,0.0,0,2322.2,7,0.0,0,0.0,0,0.0,0,0.0,0
2012-10-12T09:17:55.500,2322.2,7777,2322,7,0.0,0,0.0,0,0.0,0,0.0,0,2322.2,2,0.0,0,0.0,0,0.0,0,0.0,0
2012-10-12T09:17:56.000,2322,7794,2322,3,0.0,0,0.0,0,0.0,0,0.0,0,2322.4,24,0.0,0,0.0,0,0.0,0,0.0,0
2012-10-12T09:17:56.500,2322.2,7802,2322.2,13,0.0,0,0.0,0,0.0,0,0.0,0,2322.4,25,0.0,0,0.0,0,0.0,0,0.0,0
2012-10-12T09:17:57.000,2322.4,7803,2322.2,13,0.0,0,0.0,0,0.0,0,0.0,0,2322.4,25,0.0,0,0.0,0,0.0,0,0.0,0
2012-10-12T09:17:57.500,2322.4,7808,2322.2,17,0.0,0,0.0,0,0.0,0,0.0,0,2322.4,21,0.0,0,0.0,0,0.0,0,0.0,0
2012-10-12T09:17:58.000,2322.4,7828,2322.2,16,0.0,0,0.0,0,0.0,0,0.0,0,2322.4,2,0.0,0,0.0,0,0.0,0,0.0,0
2012-10-12T09:17:58.500,2322.4,7832,2322.4,81,0.0,0,0.0,0,0.0,0,0.0,0,2322.6,28,0.0,0,0.0,0,0.0,0,0.0,0
2012-10-12T09:17:59.000,2322.6,7864,2322.6,38,0.0,0,0.0,0,0.0,0,0.0,0,2322.8,59,0.0,0,0.0,0,0.0,0,0.0,0
2012-10-12T09:17:59.500,2322.8,7944,2322.8,2,0.0,0,0.0,0,0.0,0,0.0,0,2323,183,0.0,0,0.0,0,0.0,0,0.0,0
2012-10-12T09:18:00.000,2322.8,8006,2322.8,32,0.0,0,0.0,0,0.0,0,0.0,0,2323,144,0.0,0,0.0,0,0.0,0,0.0,0
2012-10-12T09:18:00.500,2322.8,8119,2322.8,27,0.0,0,0.0,0,0.0,0,0.0,0,2323,60,0.0,0,0.0,0,0.0,0,0.0,0
2012-10-12T09:18:01.000,2323.2,8188,2323,36,0.0,0,0.0,0,0.0,0,0.0,0,2323.2,8,0.0,0,0.0,0,0.0,0,0.0,0
2012-10-12T09:18:01.500,2323.6,8226,2323.2,11,0.0,0,0.0,0,0.0,0,0.0,0,2323.6,23,0.0,0,0.0,0,0.0,0,0.0,0
2012-10-12T09:18:02.000,2323.6,8313,2323.6,2,0.0,0,0.0,0,0.0,0,0.0,0,2323.8,57,0.0,0,0.0,0,0.0,0,0.0,0
2012-10-12T09:18:02.500,2323.6,8348,2323.2,9,0.0,0,0.0,0,0.0,0,0.0,0,2323.6,10,0.0,0,0.0,0,0.0,0,0.0,0
2012-10-12T09:18:03.000,2323.6,8381,2323.2,7,0.0,0,0.0,0,0.0,0,0.0,0,2323.4,46,0.0,0,0.0,0,0.0,0,0.0,0
2012-10-12T09:18:03.500,2323.2,8398,2323,60,0.0,0,0.0,0,0.0,0,0.0,0,2323.2,23,0.0,0,0.0,0,0.0,0,0.0,0
2012-10-12T09:18:04.000,2323,8412,2323,54,0.0,0,0.0,0,0.0,0,0.0,0,2323.2,43,0.0,0,0.0,0,0.0,0,0.0,0
2012-10-12T09:18:04.500,2323.4,8483,2323.2,5,0.0,0,0.0,0,0.0,0,0.0,0,2323.4,23,0.0,0,0.0,0,0.0,0,0.0,0
2012-10-12T09:18:05.000,2323.2,8512,2323.2,3,0.0,0,0.0,0,0.0,0,0.0,0,2323.4,12,0.0,0,0.0,0,0.0,0,0.0,0
2012-10-12T09:18:05.500,2323.4,8555,2323.4,3,0.0,0,0.0,0,0.0,0,0.0,0,2323.6,25,0.0,0,0.0,0,0.0,0,0.0,0
2012-10-12T09:18:06.000,2323.4,8562,2323.4,5,0.0,0,0.0,0,0.0,0,0.0,0,2323.6,26,0.0,0,0.0,0,0.0,0,0.0,0
2012-10-12T09:18:06.500,2323.6,8593,2323.6,4,0.0,0,0.0,0,0.0,0,0.0,0,2323.8,51,0.0,0,0.0,0,0.0,0,0.0,0
2012-10-12T09:18:07.000,2323.8,8608,2323.2,9,0.0,0,0.0,0,0.0,0,0.0,0,2323.8,52,0.0,0,0.0,0,0.0,0,0.0,0
2012-10-12T09:18:07.500,2323.2,8639,2323.2,23,0.0,0,0.0,0,0.0,0,0.0,0,2323.8,34,0.0,0,0.0,0,0.0,0,0.0,0
2012-10-12T09:18:08.000,2324,8688,2323.8,23,0.0,0,0.0,0,0.0,0,0.0,0,2324,25,0.0,0,0.0,0,0.0,0,0.0,0
2012-10-12T09:18:08.500,2323.6,8752,2323.6,1,0.0,0,0.0,0,0.0,0,0.0,0,2323.8,6,0.0,0,0.0,0,0.0,0,0.0,0
2012-10-12T09:18:09.000,2324,8788,2323.8,28,0.0,0,0.0,0,0.0,0,0.0,0,2324.2,3,0.0,0,0.0,0,0.0,0,0.0,0
2012-10-12T09:18:09.500,2324,8827,2323.8,35,0.0,0,0.0,0,0.0,0,0.0,0,2324.4,24,0.0,0,0.0,0,0.0,0,0.0,0
2012-10-12T09:18:10.000,2324,8856,2323.8,31,0.0,0,0.0,0,0.0,0,0.0,0,2324,24,0.0,0,0.0,0,0.0,0,0.0,0
2012-10-12T09:18:10.500,2323.8,8919,2323.4,2,0.0,0,0.0,0,0.0,0,0.0,0,2323.8,5,0.0,0,0.0,0,0.0,0,0.0,0
2012-10-12T09:18:11.000,2323.8,8944,2323.4,11,0.0,0,0.0,0,0.0,0,0.0,0,2323.8,29,0.0,0,0.0,0,0.0,0,0.0,0
2012-10-12T09:18:11.500,2323.6,8976,2323.4,15,0.0,0,0.0,0,0.0,0,0.0,0,2323.6,6,0.0,0,0.0,0,0.0,0,0.0,0
2012-10-12T09:18:12.000,2323.8,9006,2323.6,1,0.0,0,0.0,0,0.0,0,0.0,0,2323.8,15,0.0,0,0.0,0,0.0,0,0.0,0
2012-10-12T09:18:12.500,2323.8,9029,2323.6,1,0.0,0,0.0,0,0.0,0,0.0,0,2324,44,0.0,0,0.0,0,0.0,0,0.0,0
2012-10-12T09:18:13.000,2323.6,9035,2323.6,7,0.0,0,0.0,0,0.0,0,0.0,0,2324,37,0.0,0,0.0,0,0.0,0,0.0,0
2012-10-12T09:18:13.500,2323.8,9055,2323.8,6,0.0,0,0.0,0,0.0,0,0.0,0,2324,24,0.0,0,0.0,0,0.0,0,0.0,0
2012-10-12T09:18:14.000,2323.8,9087,2323.8,4,0.0,0,0.0,0,0.0,0,0.0,0,2324.4,26,0.0,0,0.0,0,0.0,0,0.0,0
2012-10-12T09:18:14.500,2324,9094,2324,41,0.0,0,0.0,0,0.0,0,0.0,0,2324.2,2,0.0,0,0.0,0,0.0,0,0.0,0
2012-10-12T09:18:15.000,2324.2,9134,2324.2,14,0.0,0,0.0,0,0.0,0,0.0,0,2324.4,17,0.0,0,0.0,0,0.0,0,0.0,0
2012-10-12T09:18:15.500,2324.4,9175,2324.4,7,0.0,0,0.0,0,0.0,0,0.0,0,2324.6,18,0.0,0,0.0,0,0.0,0,0.0,0
2012-10-12T09:18:16.000,2324.4,9197,2324.4,8,0.0,0,0.0,0,0.0,0,0.0,0,2324.6,11,0.0,0,0.0,0,0.0,0,0.0,0
2012-10-12T09:18:16.500,2324.8,9233,2324.6,6,0.0,0,0.0,0,0.0,0,0.0,0,2324.8,27,0.0,0,0.0,0,0.0,0,0.0,0
2012-10-12T09:18:17.000,2324.8,9326,2324.8,6,0.0,0,0.0,0,0.0,0,0.0,0,2325,162,0.0,0,0.0,0,0.0,0,0.0,0
2012-10-12T09:18:17.500,2324.8,9385,2324.6,21,0.0,0,0.0,0,0.0,0,0.0,0,2324.8,2,0.0,0,0.0,0,0.0,0,0.0,0
2012-10-12T09:18:18.000,2324.8,9403,2324.6,18,0.0,0,0.0,0,0.0,0,0.0,0,2324.8,18,0.0,0,0.0,0,0.0,0,0.0,0
2012-10-12T09:18:18.500,2324.8,9442,2324.4,9,0.0,0,0.0,0,0.0,0,0.0,0,2324.8,12,0.0,0,0.0,0,0.0,0,0.0,0
2012-10-12T09:18:19.000,2324.4,9481,2324.4,19,0.0,0,0.0,0,0.0,0,0.0,0,2324.6,16,0.0,0,0.0,0,0.0,0,0.0,0
2012-10-12T09:18:19.500,2324.4,9508,2324.4,12,0.0,0,0.0,0,0.0,0,0.0,0,2324.6,14,0.0,0,0.0,0,0.0,0,0.0,0
2012-10-12T09:18:20.000,2324.6,9548,2324.6,4,0.0,0,0.0,0,0.0,0,0.0,0,2324.8,42,0.0,0,0.0,0,0.0,0,0.0,0
2012-10-12T09:18:20.500,2324,9563,2324,30,0.0,0,0.0,0,0.0,0,0.0,0,2324.8,35,0.0,0,0.0,0,0.0,0,0.0,0
2012-10-12T09:18:21.000,2324.4,9578,2324.4,2,0.0,0,0.0,0,0.0,0,0.0,0,2324.6,15,0.0,0,0.0,0,0.0,0,0.0,0
2012-10-12T09:18:21.500,2324.4,9614,2324.2,30,0.0,0,0.0,0,0.0,0,0.0,0,2324.4,35,0.0,0,0.0,0,0.0,0,0.0,0
2012-10-12T09:18:22.000,2324.4,9623,2324.2,28,0.0,0,0.0,0,0.0,0,0.0,0,2324.4,38,0.0,0,0.0,0,0.0,0,0.0,0
2012-10-12T09:18:22.500,2324.2,9647,2324.2,15,0.0,0,0.0,0,0.0,0,0.0,0,2324.4,36,0.0,0,0.0,0,0.0,0,0.0,0
2012-10-12T09:18:23.000,2324.2,9674,2324,37,0.0,0,0.0,0,0.0,0,0.0,0,2324.2,20,0.0,0,0.0,0,0.0,0,0.0,0
2012-10-12T09:18:23.500,2324,9699,2324,29,0.0,0,0.0,0,0.0,0,0.0,0,2324.2,10,0.0,0,0.0,0,0.0,0,0.0,0
2012-10-12T09:18:24.000,2324,9706,2324,30,0.0,0,0.0,0,0.0,0,0.0,0,2324.2,9,0.0,0,0.0,0,0.0,0,0.0,0
2012-10-12T09:18:24.500,2324,9744,2324,25,0.0,0,0.0,0,0.0,0,0.0,0,2324.2,2,0.0,0,0.0,0,0.0,0,0.0,0
2012-10-12T09:18:25.000,2324,9756,2324,19,0.0,0,0.0,0,0.0,0,0.0,0,2324.2,3,0.0,0,0.0,0,0.0,0,0.0,0
2012-10-12T09:18:25.500,2324.2,9765,2324.2,20,0.0,0,0.0,0,0.0,0,0.0,0,2324.4,34,0.0,0,0.0,0,0.0,0,0.0,0
2012-10-12T09:18:26.000,2324.4,9782,2324.2,16,0.0,0,0.0,0,0.0,0,0.0,0,2324.4,23,0.0,0,0.0,0,0.0,0,0.0,0
2012-10-12T09:18:26.500,2324.4,9795,2324.2,72,0.0,0,0.0,0,0.0,0,0.0,0,2324.4,24,0.0,0,0.0,0,0.0,0,0.0,0
2012-10-12T09:18:27.000,2324.2,9813,2324.2,78,0.0,0,0.0,0,0.0,0,0.0,0,2324.4,21,0.0,0,0.0,0,0.0,0,0.0,0
2012-10-12T09:18:27.500,2324.4,9830,2324.4,22,0.0,0,0.0,0,0.0,0,0.0,0,2324.6,35,0.0,0,0.0,0,0.0,0,0.0,0
2012-10-12T09:18:28.000,2324.4,9848,2324.4,6,0.0,0,0.0,0,0.0,0,0.0,0,2324.6,36,0.0,0,0.0,0,0.0,0,0.0,0
2012-10-12T09:18:28.500,2324.6,9855,2324.4,8,0.0,0,0.0,0,0.0,0,0.0,0,2324.6,30,0.0,0,0.0,0,0.0,0,0.0,0
2012-10-12T09:18:29.000,2324.4,9871,2324.2,84,0.0,0,0.0,0,0.0,0,0.0,0,2324.4,8,0.0,0,0.0,0,0.0,0,0.0,0
2012-10-12T09:18:29.500,2324.4,9886,2324.4,1,0.0,0,0.0,0,0.0,0,0.0,0,2324.6,25,0.0,0,0.0,0,0.0,0,0.0,0
2012-10-12T09:18:30.000,2324.4,9892,2324.2,81,0.0,0,0.0,0,0.0,0,0.0,0,2324.4,2,0.0,0,0.0,0,0.0,0,0.0,0
2012-10-12T09:18:30.500,2324.4,9903,2324.2,73,0.0,0,0.0,0,0.0,0,0.0,0,2324.6,26,0.0,0,0.0,0,0.0,0,0.0,0
2012-10-12T09:18:31.000,2324.4,9913,2324.2,73,0.0,0,0.0,0,0.0,0,0.0,0,2324.4,1,0.0,0,0.0,0,0.0,0,0.0,0
2012-10-12T09:18:31.500,2324.4,9915,2324.2,74,0.0,0,0.0,0,0.0,0,0.0,0,2324.4,13,0.0,0,0.0,0,0.0,0,0.0,0
2012-10-12T09:18:32.000,2324.4,9934,2324.4,5,0.0,0,0.0,0,0.0,0,0.0,0,2324.6,28,0.0,0,0.0,0,0.0,0,0.0,0
2012-10-12T09:18:32.500,2324.2,9940,2324.2,72,0.0,0,0.0,0,0.0,0,0.0,0,2324.4,5,0.0,0,0.0,0,0.0,0,0.0,0
2012-10-12T09:18:33.000,2324.4,9952,2324.2,64,0.0,0,0.0,0,0.0,0,0.0,0,2324.4,13,0.0,0,0.0,0,0.0,0,0.0,0
2012-10-12T09:18:33.500,2324.2,9973,2324.2,55,0.0,0,0.0,0,0.0,0,0.0,0,2324.4,12,0.0,0,0.0,0,0.0,0,0.0,0
2012-10-12T09:18:34.000,2324.2,9996,2324.2,39,0.0,0,0.0,0,0.0,0,0.0,0,2324.4,52,0.0,0,0.0,0,0.0,0,0.0,0
2012-10-12T09:18:34.500,2324.2,10051,2324,56,0.0,0,0.0,0,0.0,0,0.0,0,2324.2,36,0.0,0,0.0,0,0.0,0,0.0,0
2012-10-12T09:18:35.000,2324,10087,2324,23,0.0,0,0.0,0,0.0,0,0.0,0,2324.2,55,0.0,0,0.0,0,0.0,0,0.0,0
2012-10-12T09:18:35.500,2324,10132,2323.8,19,0.0,0,0.0,0,0.0,0,0.0,0,2324.2,50,0.0,0,0.0,0,0.0,0,0.0,0
2012-10-12T09:18:36.000,2323.8,10140,2323.8,22,0.0,0,0.0,0,0.0,0,0.0,0,2324.2,45,0.0,0,0.0,0,0.0,0,0.0,0
2012-10-12T09:18:36.500,2324,10163,2324,11,0.0,0,0.0,0,0.0,0,0.0,0,2324.2,29,0.0,0,0.0,0,0.0,0,0.0,0
2012-10-12T09:18:37.000,2324,10189,2324,1,0.0,0,0.0,0,0.0,0,0.0,0,2324.2,27,0.0,0,0.0,0,0.0,0,0.0,0
2012-10-12T09:18:37.500,2324,10194,2324,9,0.0,0,0.0,0,0.0,0,0.0,0,2324.2,27,0.0,0,0.0,0,0.0,0,0.0,0
2012-10-12T09:18:38.000,2324.2,10201,2324,19,0.0,0,0.0,0,0.0,0,0.0,0,2324.2,25,0.0,0,0.0,0,0.0,0,0.0,0
2012-10-12T09:18:38.500,2324,10207,2324,17,0.0,0,0.0,0,0.0,0,0.0,0,2324.2,25,0.0,0,0.0,0,0.0,0,0.0,0
2012-10-12T09:18:39.000,2324,10224,2324,17,0.0,0,0.0,0,0.0,0,0.0,0,2324.2,16,0.0,0,0.0,0,0.0,0,0.0,0
2012-10-12T09:18:39.500,2324,10245,2324,6,0.0,0,0.0,0,0.0,0,0.0,0,2324.2,14,0.0,0,0.0,0,0.0,0,0.0,0
2012-10-12T09:18:40.000,2324,10252,2324,11,0.0,0,0.0,0,0.0,0,0.0,0,2324.2,10,0.0,0,0.0,0,0.0,0,0.0,0
2012-10-12T09:18:40.500,2324,10259,2324,8,0.0,0,0.0,0,0.0,0,0.0,0,2324.2,6,0.0,0,0.0,0,0.0,0,0.0,0
2012-10-12T09:18:41.000,2324,10275,2323.8,42,0.0,0,0.0,0,0.0,0,0.0,0,2324,13,0.0,0,0.0,0,0.0,0,0.0,0
2012-10-12T09:18:41.500,2324,10284,2323.8,40,0.0,0,0.0,0,0.0,0,0.0,0,2324,29,0.0,0,0.0,0,0.0,0,0.0,0
2012-10-12T09:18:42.000,2324,10325,2324,19,0.0,0,0.0,0,0.0,0,0.0,0,2324.2,4,0.0,0,0.0,0,0.0,0,0.0,0
2012-10-12T09:18:42.500,2324,10332,2324,14,0.0,0,0.0,0,0.0,0,0.0,0,2324.2,5,0.0,0,0.0,0,0.0,0,0.0,0
2012-10-12T09:18:43.000,2324,10339,2324,8,0.0,0,0.0,0,0.0,0,0.0,0,2324.2,4,0.0,0,0.0,0,0.0,0,0.0,0
2012-10-12T09:18:43.500,2324,10348,2324,12,0.0,0,0.0,0,0.0,0,0.0,0,2324.2,1,0.0,0,0.0,0,0.0,0,0.0,0
2012-10-12T09:18:44.000,2324.2,10369,2324,17,0.0,0,0.0,0,0.0,0,0.0,0,2324.4,51,0.0,0,0.0,0,0.0,0,0.0,0
2012-10-12T09:18:44.500,2324,10370,2324,19,0.0,0,0.0,0,0.0,0,0.0,0,2324.2,5,0.0,0,0.0,0,0.0,0,0.0,0
2012-10-12T09:18:45.000,2324,10384,2324,12,0.0,0,0.0,0,0.0,0,0.0,0,2324.4,49,0.0,0,0.0,0,0.0,0,0.0,0
2012-10-12T09:18:45.500,2324,10385,2324,28,0.0,0,0.0,0,0.0,0,0.0,0,2324.4,50,0.0,0,0.0,0,0.0,0,0.0,0
2012-10-12T09:18:46.000,2324,10414,2324.2,3,0.0,0,0.0,0,0.0,0,0.0,0,2324.4,38,0.0,0,0.0,0,0.0,0,0.0,0
2012-10-12T09:18:46.500,2324.2,10415,2324.2,9,0.0,0,0.0,0,0.0,0,0.0,0,2324.4,38,0.0,0,0.0,0,0.0,0,0.0,0
2012-10-12T09:18:47.000,2324.2,10418,2324.2,17,0.0,0,0.0,0,0.0,0,0.0,0,2324.4,39,0.0,0,0.0,0,0.0,0,0.0,0
2012-10-12T09:18:47.500,2324.2,10429,2324.2,13,0.0,0,0.0,0,0.0,0,0.0,0,2324.4,34,0.0,0,0.0,0,0.0,0,0.0,0
2012-10-12T09:18:48.000,2324.4,10442,2324.2,12,0.0,0,0.0,0,0.0,0,0.0,0,2324.4,23,0.0,0,0.0,0,0.0,0,0.0,0
2012-10-12T09:18:48.500,2324.2,10456,2324,20,0.0,0,0.0,0,0.0,0,0.0,0,2324.2,8,0.0,0,0.0,0,0.0,0,0.0,0
2012-10-12T09:18:49.000,2324.4,10467,2324.2,16,0.0,0,0.0,0,0.0,0,0.0,0,2324.4,21,0.0,0,0.0,0,0.0,0,0.0,0
2012-10-12T09:18:49.500,2324.2,10473,2324.2,12,0.0,0,0.0,0,0.0,0,0.0,0,2324.4,20,0.0,0,0.0,0,0.0,0,0.0,0
2012-10-12T09:18:50.000,2324.2,10475,2324.2,14,0.0,0,0.0,0,0.0,0,0.0,0,2324.4,21,0.0,0,0.0,0,0.0,0,0.0,0
2012-10-12T09:18:50.500,2324.2,10497,2324.2,15,0.0,0,0.0,0,0.0,0,0.0,0,2324.4,2,0.0,0,0.0,0,0.0,0,0.0,0
2012-10-12T09:18:51.000,2324.2,10507,2324.2,5,0.0,0,0.0,0,0.0,0,0.0,0,2324.4,2,0.0,0,0.0,0,0.0,0,0.0,0
2012-10-12T09:18:51.500,2324.2,10510,2324.2,4,0.0,0,0.0,0,0.0,0,0.0,0,2324.4,4,0.0,0,0.0,0,0.0,0,0.0,0
2012-10-12T09:18:52.000,2324.4,10515,2324.2,15,0.0,0,0.0,0,0.0,0,0.0,0,2324.4,7,0.0,0,0.0,0,0.0,0,0.0,0
2012-10-12T09:18:52.500,2324.4,10537,2324.2,13,0.0,0,0.0,0,0.0,0,0.0,0,2324.4,10,0.0,0,0.0,0,0.0,0,0.0,0
2012-10-12T09:18:53.000,2324.2,10539,2324.2,14,0.0,0,0.0,0,0.0,0,0.0,0,2324.4,20,0.0,0,0.0,0,0.0,0,0.0,0
2012-10-12T09:18:53.500,2324.4,10550,2324.2,15,0.0,0,0.0,0,0.0,0,0.0,0,2324.4,20,0.0,0,0.0,0,0.0,0,0.0,0
2012-10-12T09:18:54.000,2324.2,10567,2324,37,0.0,0,0.0,0,0.0,0,0.0,0,2324.2,9,0.0,0,0.0,0,0.0,0,0.0,0
2012-10-12T09:18:54.500,2324.2,10569,2324,37,0.0,0,0.0,0,0.0,0,0.0,0,2324.2,10,0.0,0,0.0,0,0.0,0,0.0,0
2012-10-12T09:18:55.000,2324,10578,2324,35,0.0,0,0.0,0,0.0,0,0.0,0,2324.2,16,0.0,0,0.0,0,0.0,0,0.0,0
2012-10-12T09:18:55.500,2324,10600,2324,22,0.0,0,0.0,0,0.0,0,0.0,0,2324.2,14,0.0,0,0.0,0,0.0,0,0.0,0
2012-10-12T09:18:56.000,2324,10613,2324,12,0.0,0,0.0,0,0.0,0,0.0,0,2324.2,20,0.0,0,0.0,0,0.0,0,0.0,0
2012-10-12T09:18:56.500,2324,10631,2323.8,40,0.0,0,0.0,0,0.0,0,0.0,0,2324,8,0.0,0,0.0,0,0.0,0,0.0,0
2012-10-12T09:18:57.000,2324,10643,2323.8,32,0.0,0,0.0,0,0.0,0,0.0,0,2324,13,0.0,0,0.0,0,0.0,0,0.0,0
2012-10-12T09:18:57.500,2323.8,10647,2323.8,30,0.0,0,0.0,0,0.0,0,0.0,0,2324,16,0.0,0,0.0,0,0.0,0,0.0,0
2012-10-12T09:18:58.000,2323.8,10653,2323.8,28,0.0,0,0.0,0,0.0,0,0.0,0,2324,14,0.0,0,0.0,0,0.0,0,0.0,0
2012-10-12T09:18:58.500,2324,10659,2323.8,26,0.0,0,0.0,0,0.0,0,0.0,0,2324,13,0.0,0,0.0,0,0.0,0,0.0,0
2012-10-12T09:18:59.000,2324,10686,2323.8,3,0.0,0,0.0,0,0.0,0,0.0,0,2324,10,0.0,0,0.0,0,0.0,0,0.0,0
2012-10-12T09:18:59.500,2323.8,10706,2323.8,3,0.0,0,0.0,0,0.0,0,0.0,0,2324,9,0.0,0,0.0,0,0.0,0,0.0,0
2012-10-12T09:19:00.000,2323.8,10711,2323.6,28,0.0,0,0.0,0,0.0,0,0.0,0,2324,9,0.0,0,0.0,0,0.0,0,0.0,0
2012-10-12T09:19:00.500,2324,10717,2323.8,3,0.0,0,0.0,0,0.0,0,0.0,0,2324,6,0.0,0,0.0,0,0.0,0,0.0,0
2012-10-12T09:19:01.000,2323.8,10724,2323.6,28,0.0,0,0.0,0,0.0,0,0.0,0,2323.8,1,0.0,0,0.0,0,0.0,0,0.0,0
2012-10-12T09:19:01.500,2324.2,10742,2323.8,1,0.0,0,0.0,0,0.0,0,0.0,0,2324.2,46,0.0,0,0.0,0,0.0,0,0.0,0
2012-10-12T09:19:02.000,2324,10750,2323.6,29,0.0,0,0.0,0,0.0,0,0.0,0,2324,5,0.0,0,0.0,0,0.0,0,0.0,0
2012-10-12T09:19:02.500,2324,10753,2323.8,3,0.0,0,0.0,0,0.0,0,0.0,0,2324,24,0.0,0,0.0,0,0.0,0,0.0,0
2012-10-12T09:19:03.000,2324,10772,2323.6,21,0.0,0,0.0,0,0.0,0,0.0,0,2324,19,0.0,0,0.0,0,0.0,0,0.0,0
2012-10-12T09:19:03.500,2324,10783,2323.6,19,0.0,0,0.0,0,0.0,0,0.0,0,2324,26,0.0,0,0.0,0,0.0,0,0.0,0
2012-10-12T09:19:04.000,2323.6,10793,2323.6,18,0.0,0,0.0,0,0.0,0,0.0,0,2323.8,1,0.0,0,0.0,0,0.0,0,0.0,0
2012-10-12T09:19:04.500,2323.6,10820,2323.4,14,0.0,0,0.0,0,0.0,0,0.0,0,2323.6,3,0.0,0,0.0,0,0.0,0,0.0,0
2012-10-12T09:19:05.000,2323.6,10828,2323.4,19,0.0,0,0.0,0,0.0,0,0.0,0,2323.6,6,0.0,0,0.0,0,0.0,0,0.0,0
2012-10-12T09:19:05.500,2323.4,10857,2323.2,13,0.0,0,0.0,0,0.0,0,0.0,0,2323.4,19,0.0,0,0.0,0,0.0,0,0.0,0
2012-10-12T09:19:06.000,2323.4,10883,2323.2,10,0.0,0,0.0,0,0.0,0,0.0,0,2323.4,8,0.0,0,0.0,0,0.0,0,0.0,0
2012-10-12T09:19:06.500,2323.4,10899,2323.2,4,0.0,0,0.0,0,0.0,0,0.0,0,2323.4,2,0.0,0,0.0,0,0.0,0,0.0,0
2012-10-12T09:19:07.000,2323.2,10928,2323,46,0.0,0,0.0,0,0.0,0,0.0,0,2323.2,36,0.0,0,0.0,0,0.0,0,0.0,0
2012-10-12T09:19:07.500,2323.2,10940,2323,54,0.0,0,0.0,0,0.0,0,0.0,0,2323.2,37,0.0,0,0.0,0,0.0,0,0.0,0
2012-10-12T09:19:08.000,2323,10955,2323,42,0.0,0,0.0,0,0.0,0,0.0,0,2323.2,47,0.0,0,0.0,0,0.0,0,0.0,0
2012-10-12T09:19:08.500,2323,10990,2323,17,0.0,0,0.0,0,0.0,0,0.0,0,2323.2,40,0.0,0,0.0,0,0.0,0,0.0,0
2012-10-12T09:19:09.000,2323,11024,2322.8,13,0.0,0,0.0,0,0.0,0,0.0,0,2323,70,0.0,0,0.0,0,0.0,0,0.0,0
2012-10-12T09:19:09.500,2322.8,11065,2322.6,45,0.0,0,0.0,0,0.0,0,0.0,0,2322.8,5,0.0,0,0.0,0,0.0,0,0.0,0
2012-10-12T09:19:10.000,2323,11095,2322.6,43,0.0,0,0.0,0,0.0,0,0.0,0,2323,64,0.0,0,0.0,0,0.0,0,0.0,0
2012-10-12T09:19:10.500,2322.8,11104,2322.8,3,0.0,0,0.0,0,0.0,0,0.0,0,2323,68,0.0,0,0.0,0,0.0,0,0.0,0
2012-10-12T09:19:11.000,2323,11144,2322.6,47,0.0,0,0.0,0,0.0,0,0.0,0,2322.8,1,0.0,0,0.0,0,0.0,0,0.0,0
2012-10-12T09:19:11.500,2322.8,11156,2322.8,2,0.0,0,0.0,0,0.0,0,0.0,0,2323,56,0.0,0,0.0,0,0.0,0,0.0,0
2012-10-12T09:19:12.000,2323,11172,2322.8,10,0.0,0,0.0,0,0.0,0,0.0,0,2323,48,0.0,0,0.0,0,0.0,0,0.0,0
2012-10-12T09:19:12.500,2322.8,11207,2322.6,58,0.0,0,0.0,0,0.0,0,0.0,0,2322.8,23,0.0,0,0.0,0,0.0,0,0.0,0
2012-10-12T09:19:13.000,2322.6,11245,2322.8,2,0.0,0,0.0,0,0.0,0,0.0,0,2323,41,0.0,0,0.0,0,0.0,0,0.0,0
2012-10-12T09:19:13.500,2322.8,11317,2322.6,69,0.0,0,0.0,0,0.0,0,0.0,0,2322.8,6,0.0,0,0.0,0,0.0,0,0.0,0
2012-10-12T09:19:14.000,2322.8,11340,2322.6,53,0.0,0,0.0,0,0.0,0,0.0,0,2322.8,5,0.0,0,0.0,0,0.0,0,0.0,0
2012-10-12T09:19:14.500,2322.8,11350,2322.8,20,0.0,0,0.0,0,0.0,0,0.0,0,2323.2,30,0.0,0,0.0,0,0.0,0,0.0,0
2012-10-12T09:19:15.000,2323,11384,2323,6,0.0,0,0.0,0,0.0,0,0.0,0,2323.2,8,0.0,0,0.0,0,0.0,0,0.0,0
2012-10-12T09:19:15.500,2323,11398,2323,1,0.0,0,0.0,0,0.0,0,0.0,0,2323.2,7,0.0,0,0.0,0,0.0,0,0.0,0
2012-10-12T09:19:16.000,2323,11411,2322.8,43,0.0,0,0.0,0,0.0,0,0.0,0,2323.2,15,0.0,0,0.0,0,0.0,0,0.0,0
2012-10-12T09:19:16.500,2322.8,11417,2322.8,43,0.0,0,0.0,0,0.0,0,0.0,0,2323.2,17,0.0,0,0.0,0,0.0,0,0.0,0
2012-10-12T09:19:17.000,2323.2,11434,2323,6,0.0,0,0.0,0,0.0,0,0.0,0,2323.2,15,0.0,0,0.0,0,0.0,0,0.0,0
2012-10-12T09:19:17.500,2323,11440,2323,9,0.0,0,0.0,0,0.0,0,0.0,0,2323.2,12,0.0,0,0.0,0,0.0,0,0.0,0
2012-10-12T09:19:18.000,2323,11459,2323,26,0.0,0,0.0,0,0.0,0,0.0,0,2323.2,4,0.0,0,0.0,0,0.0,0,0.0,0
2012-10-12T09:19:18.500,2323.2,11469,2323.2,35,0.0,0,0.0,0,0.0,0,0.0,0,2323.4,17,0.0,0,0.0,0,0.0,0,0.0,0
2012-10-12T09:19:19.000,2323.4,11484,2323.2,21,0.0,0,0.0,0,0.0,0,0.0,0,2323.4,11,0.0,0,0.0,0,0.0,0,0.0,0
2012-10-12T09:19:19.500,2323.2,11488,2323.2,51,0.0,0,0.0,0,0.0,0,0.0,0,2323.4,9,0.0,0,0.0,0,0.0,0,0.0,0
2012-10-12T09:19:20.000,2323.2,11496,2323.2,51,0.0,0,0.0,0,0.0,0,0.0,0,2323.4,15,0.0,0,0.0,0,0.0,0,0.0,0
2012-10-12T09:19:20.500,2323.2,11508,2323.2,41,0.0,0,0.0,0,0.0,0,0.0,0,2323.4,14,0.0,0,0.0,0,0.0,0,0.0,0
2012-10-12T09:19:21.000,2323.2,11510,2323.2,39,0.0,0,0.0,0,0.0,0,0.0,0,2323.4,15,0.0,0,0.0,0,0.0,0,0.0,0
2012-10-12T09:19:21.500,2323.4,11521,2323.2,43,0.0,0,0.0,0,0.0,0,0.0,0,2323.4,17,0.0,0,0.0,0,0.0,0,0.0,0
2012-10-12T09:19:22.000,2323.4,11530,2323.2,39,0.0,0,0.0,0,0.0,0,0.0,0,2323.4,33,0.0,0,0.0,0,0.0,0,0.0,0
2012-10-12T09:19:22.500,2323.4,11563,2323.2,7,0.0,0,0.0,0,0.0,0,0.0,0,2323.4,32,0.0,0,0.0,0,0.0,0,0.0,0
2012-10-12T09:19:23.000,2323.2,11565,2323.2,5,0.0,0,0.0,0,0.0,0,0.0,0,2323.4,32,0.0,0,0.0,0,0.0,0,0.0,0
2012-10-12T09:19:23.500,2323.2,11610,2323,60,0.0,0,0.0,0,0.0,0,0.0,0,2323.2,8,0.0,0,0.0,0,0.0,0,0.0,0
2012-10-12T09:19:24.000,2323.2,11621,2323.2,2,0.0,0,0.0,0,0.0,0,0.0,0,2323.6,5,0.0,0,0.0,0,0.0,0,0.0,0
2012-10-12T09:19:24.500,2323.6,11627,2323.6,4,0.0,0,0.0,0,0.0,0,0.0,0,2323.8,8,0.0,0,0.0,0,0.0,0,0.0,0
2012-10-12T09:19:25.000,2323.6,11641,2323.4,15,0.0,0,0.0,0,0.0,0,0.0,0,2323.6,1,0.0,0,0.0,0,0.0,0,0.0,0
2012-10-12T09:19:25.500,2323.6,11653,2323.6,5,0.0,0,0.0,0,0.0,0,0.0,0,2324,31,0.0,0,0.0,0,0.0,0,0.0,0
2012-10-12T09:19:26.000,2323.6,11658,2323.4,28,0.0,0,0.0,0,0.0,0,0.0,0,2324,44,0.0,0,0.0,0,0.0,0,0.0,0
2012-10-12T09:19:26.500,2323.6,11679,2323.6,1,0.0,0,0.0,0,0.0,0,0.0,0,2323.8,1,0.0,0,0.0,0,0.0,0,0.0,0
2012-10-12T09:19:27.250,2323.6,11683,2323.8,5,0.0,0,0.0,0,0.0,0,0.0,0,2324,27,0.0,0,0.0,0,0.0,0,0.0,0
2012-10-12T09:19:28.000,2324,11693,2323.6,11,0.0,0,0.0,0,0.0,0,0.0,0,2324,30,0.0,0,0.0,0,0.0,0,0.0,0
2012-10-12T09:19:28.500,2323.6,11696,2323.8,10,0.0,0,0.0,0,0.0,0,0.0,0,2324,31,0.0,0,0.0,0,0.0,0,0.0,0
2012-10-12T09:19:29.000,2324,11711,2323.8,16,0.0,0,0.0,0,0.0,0,0.0,0,2324,17,0.0,0,0.0,0,0.0,0,0.0,0
2012-10-12T09:19:29.500,2324,11716,2323.8,19,0.0,0,0.0,0,0.0,0,0.0,0,2324,12,0.0,0,0.0,0,0.0,0,0.0,0
2012-10-12T09:19:30.000,2324,11727,2323.8,24,0.0,0,0.0,0,0.0,0,0.0,0,2324,3,0.0,0,0.0,0,0.0,0,0.0,0
2012-10-12T09:19:30.500,2323.8,11733,2324,2,0.0,0,0.0,0,0.0,0,0.0,0,2324.2,18,0.0,0,0.0,0,0.0,0,0.0,0
2012-10-12T09:19:31.000,2324.2,11739,2324,9,0.0,0,0.0,0,0.0,0,0.0,0,2324.2,13,0.0,0,0.0,0,0.0,0,0.0,0
2012-10-12T09:19:31.500,2324,11745,2324,15,0.0,0,0.0,0,0.0,0,0.0,0,2324.2,14,0.0,0,0.0,0,0.0,0,0.0,0
2012-10-12T09:19:32.000,2324,11751,2324,16,0.0,0,0.0,0,0.0,0,0.0,0,2324.2,13,0.0,0,0.0,0,0.0,0,0.0,0
2012-10-12T09:19:32.500,2324,11756,2324,14,0.0,0,0.0,0,0.0,0,0.0,0,2324.2,10,0.0,0,0.0,0,0.0,0,0.0,0
2012-10-12T09:19:33.000,2324,11771,2324,15,0.0,0,0.0,0,0.0,0,0.0,0,2324.4,19,0.0,0,0.0,0,0.0,0,0.0,0
2012-10-12T09:19:33.500,2324,11773,2324,26,0.0,0,0.0,0,0.0,0,0.0,0,2324.4,18,0.0,0,0.0,0,0.0,0,0.0,0
2012-10-12T09:19:34.000,2324,11775,2324.2,3,0.0,0,0.0,0,0.0,0,0.0,0,2324.4,18,0.0,0,0.0,0,0.0,0,0.0,0
2012-10-12T09:19:34.500,2324.4,11779,2324.2,27,0.0,0,0.0,0,0.0,0,0.0,0,2324.4,38,0.0,0,0.0,0,0.0,0,0.0,0
2012-10-12T09:19:35.000,2324.2,11792,2324.2,24,0.0,0,0.0,0,0.0,0,0.0,0,2324.4,34,0.0,0,0.0,0,0.0,0,0.0,0
2012-10-12T09:19:35.500,2324.4,11795,2324.2,25,0.0,0,0.0,0,0.0,0,0.0,0,2324.4,34,0.0,0,0.0,0,0.0,0,0.0,0
2012-10-12T09:19:36.000,2324.4,11800,2324.2,24,0.0,0,0.0,0,0.0,0,0.0,0,2324.4,32,0.0,0,0.0,0,0.0,0,0.0,0
2012-10-12T09:19:36.500,2324.4,11822,2324.2,24,0.0,0,0.0,0,0.0,0,0.0,0,2324.4,10,0.0,0,0.0,0,0.0,0,0.0,0
2012-10-12T09:19:37.000,2324.4,11850,2324.4,1,0.0,0,0.0,0,0.0,0,0.0,0,2324.6,41,0.0,0,0.0,0,0.0,0,0.0,0
2012-10-12T09:19:37.500,2324.6,11863,2324.4,5,0.0,0,0.0,0,0.0,0,0.0,0,2324.6,31,0.0,0,0.0,0,0.0,0,0.0,0
2012-10-12T09:19:38.000,2324.6,11880,2324.4,5,0.0,0,0.0,0,0.0,0,0.0,0,2324.6,18,0.0,0,0.0,0,0.0,0,0.0,0
2012-10-12T09:19:38.500,2324.6,11898,2324.4,7,0.0,0,0.0,0,0.0,0,0.0,0,2324.6,6,0.0,0,0.0,0,0.0,0,0.0,0
2012-10-12T09:19:39.000,2324.6,11905,2324.6,6,0.0,0,0.0,0,0.0,0,0.0,0,2324.8,55,0.0,0,0.0,0,0.0,0,0.0,0
2012-10-12T09:19:39.500,2324.8,11912,2324.6,10,0.0,0,0.0,0,0.0,0,0.0,0,2324.8,54,0.0,0,0.0,0,0.0,0,0.0,0
2012-10-12T09:19:40.000,2324.6,11947,2324.4,17,0.0,0,0.0,0,0.0,0,0.0,0,2324.6,1,0.0,0,0.0,0,0.0,0,0.0,0
2012-10-12T09:19:40.500,2324.8,11955,2324.6,1,0.0,0,0.0,0,0.0,0,0.0,0,2324.8,29,0.0,0,0.0,0,0.0,0,0.0,0
2012-10-12T09:19:41.000,2324.8,11967,2324.6,2,0.0,0,0.0,0,0.0,0,0.0,0,2324.8,26,0.0,0,0.0,0,0.0,0,0.0,0
2012-10-12T09:19:41.500,2324.8,11995,2324.8,28,0.0,0,0.0,0,0.0,0,0.0,0,2325,208,0.0,0,0.0,0,0.0,0,0.0,0
2012-10-12T09:19:42.000,2324.8,12028,2324.8,25,0.0,0,0.0,0,0.0,0,0.0,0,2325,200,0.0,0,0.0,0,0.0,0,0.0,0
2012-10-12T09:19:42.500,2325,12055,2324.8,20,0.0,0,0.0,0,0.0,0,0.0,0,2325,179,0.0,0,0.0,0,0.0,0,0.0,0
2012-10-12T09:19:43.000,2325,12151,2324.8,10,0.0,0,0.0,0,0.0,0,0.0,0,2325,117,0.0,0,0.0,0,0.0,0,0.0,0
2012-10-12T09:19:43.500,2325,12199,2324.8,10,0.0,0,0.0,0,0.0,0,0.0,0,2325,70,0.0,0,0.0,0,0.0,0,0.0,0
2012-10-12T09:19:44.000,2325,12261,2324.8,7,0.0,0,0.0,0,0.0,0,0.0,0,2325,14,0.0,0,0.0,0,0.0,0,0.0,0
2012-10-12T09:19:44.500,2325,12291,2325,18,0.0,0,0.0,0,0.0,0,0.0,0,2325.2,17,0.0,0,0.0,0,0.0,0,0.0,0
2012-10-12T09:19:45.000,2325,12327,2325,33,0.0,0,0.0,0,0.0,0,0.0,0,2325.2,24,0.0,0,0.0,0,0.0,0,0.0,0
2012-10-12T09:19:45.500,2325.2,12341,2325,33,0.0,0,0.0,0,0.0,0,0.0,0,2325.2,28,0.0,0,0.0,0,0.0,0,0.0,0
2012-10-12T09:19:46.000,2325.2,12354,2325,35,0.0,0,0.0,0,0.0,0,0.0,0,2325.2,20,0.0,0,0.0,0,0.0,0,0.0,0
2012-10-12T09:19:46.500,2325,12376,2325,39,0.0,0,0.0,0,0.0,0,0.0,0,2325.2,5,0.0,0,0.0,0,0.0,0,0.0,0
2012-10-12T09:19:47.000,2325,12418,2325,6,0.0,0,0.0,0,0.0,0,0.0,0,2325.2,2,0.0,0,0.0,0,0.0,0,0.0,0
2012-10-12T09:19:47.500,2325.2,12445,2325.2,20,0.0,0,0.0,0,0.0,0,0.0,0,2325.4,12,0.0,0,0.0,0,0.0,0,0.0,0
2012-10-12T09:19:48.000,2325.4,12475,2325.4,5,0.0,0,0.0,0,0.0,0,0.0,0,2325.6,28,0.0,0,0.0,0,0.0,0,0.0,0
2012-10-12T09:19:48.500,2325.4,12503,2325.4,5,0.0,0,0.0,0,0.0,0,0.0,0,2325.6,10,0.0,0,0.0,0,0.0,0,0.0,0
2012-10-12T09:19:49.000,2325.4,12517,2325.2,24,0.0,0,0.0,0,0.0,0,0.0,0,2325.4,10,0.0,0,0.0,0,0.0,0,0.0,0
2012-10-12T09:19:49.500,2325.4,12536,2325.2,25,0.0,0,0.0,0,0.0,0,0.0,0,2325.4,2,0.0,0,0.0,0,0.0,0,0.0,0
2012-10-12T09:19:50.000,2325.8,12554,2325.6,9,0.0,0,0.0,0,0.0,0,0.0,0,2325.8,51,0.0,0,0.0,0,0.0,0,0.0,0
2012-10-12T09:19:50.500,2325.6,12586,2325.4,12,0.0,0,0.0,0,0.0,0,0.0,0,2325.6,11,0.0,0,0.0,0,0.0,0,0.0,0
2012-10-12T09:19:51.000,2325.6,12599,2325.4,19,0.0,0,0.0,0,0.0,0,0.0,0,2325.6,25,0.0,0,0.0,0,0.0,0,0.0,0
2012-10-12T09:19:51.500,2325.6,12637,2325.6,11,0.0,0,0.0,0,0.0,0,0.0,0,2325.8,46,0.0,0,0.0,0,0.0,0,0.0,0
2012-10-12T09:19:52.000,2325.6,12653,2325.6,4,0.0,0,0.0,0,0.0,0,0.0,0,2325.8,41,0.0,0,0.0,0,0.0,0,0.0,0
2012-10-12T09:19:52.500,2325.6,12667,2325.4,159,0.0,0,0.0,0,0.0,0,0.0,0,2325.8,35,0.0,0,0.0,0,0.0,0,0.0,0
2012-10-12T09:19:53.000,2325.6,12678,2325.6,37,0.0,0,0.0,0,0.0,0,0.0,0,2325.8,32,0.0,0,0.0,0,0.0,0,0.0,0
2012-10-12T09:19:53.500,2325.8,12814,2325.8,20,0.0,0,0.0,0,0.0,0,0.0,0,2326,85,0.0,0,0.0,0,0.0,0,0.0,0
2012-10-12T09:19:54.000,2325.8,12881,2325.6,13,0.0,0,0.0,0,0.0,0,0.0,0,2326,41,0.0,0,0.0,0,0.0,0,0.0,0
2012-10-12T09:19:54.500,2326,12932,2326,15,0.0,0,0.0,0,0.0,0,0.0,0,2326.2,3,0.0,0,0.0,0,0.0,0,0.0,0
2012-10-12T09:19:55.000,2326,12996,2326,39,0.0,0,0.0,0,0.0,0,0.0,0,2326.2,7,0.0,0,0.0,0,0.0,0,0.0,0
2012-10-12T09:19:55.500,2326.6,13033,2326.2,2,0.0,0,0.0,0,0.0,0,0.0,0,2326.6,7,0.0,0,0.0,0,0.0,0,0.0,0
2012-10-12T09:19:56.000,2326.6,13077,2326.2,17,0.0,0,0.0,0,0.0,0,0.0,0,2326.4,10,0.0,0,0.0,0,0.0,0,0.0,0
2012-10-12T09:19:56.500,2326.4,13121,2326,22,0.0,0,0.0,0,0.0,0,0.0,0,2326.2,1,0.0,0,0.0,0,0.0,0,0.0,0
2012-10-12T09:19:57.000,2326,13161,2326,8,0.0,0,0.0,0,0.0,0,0.0,0,2326.2,5,0.0,0,0.0,0,0.0,0,0.0,0
2012-10-12T09:19:57.500,2326,13193,2325.8,8,0.0,0,0.0,0,0.0,0,0.0,0,2326.2,30,0.0,0,0.0,0,0.0,0,0.0,0
2012-10-12T09:19:58.000,2325.6,13260,2325.8,1,0.0,0,0.0,0,0.0,0,0.0,0,2326,52,0.0,0,0.0,0,0.0,0,0.0,0
2012-10-12T09:19:58.500,2325.8,13281,2325.6,2,0.0,0,0.0,0,0.0,0,0.0,0,2325.8,28,0.0,0,0.0,0,0.0,0,0.0,0
2012-10-12T09:19:59.000,2325.6,13301,2325.6,9,0.0,0,0.0,0,0.0,0,0.0,0,2325.8,20,0.0,0,0.0,0,0.0,0,0.0,0
2012-10-12T09:19:59.500,2325.8,13354,2325.4,112,0.0,0,0.0,0,0.0,0,0.0,0,2326,55,0.0,0,0.0,0,0.0,0,0.0,0
2012-10-12T09:20:00.000,2325.6,13384,2325.4,108,0.0,0,0.0,0,0.0,0,0.0,0,2325.6,18,0.0,0,0.0,0,0.0,0,0.0,0
2012-10-12T09:20:00.500,2326,13429,2325.8,1,0.0,0,0.0,0,0.0,0,0.0,0,2326,26,0.0,0,0.0,0,0.0,0,0.0,0
2012-10-12T09:20:01.000,2326,13489,2325.6,35,0.0,0,0.0,0,0.0,0,0.0,0,2326,3,0.0,0,0.0,0,0.0,0,0.0,0
2012-10-12T09:20:01.500,2326,13536,2325.8,1,0.0,0,0.0,0,0.0,0,0.0,0,2326,7,0.0,0,0.0,0,0.0,0,0.0,0
2012-10-12T09:20:02.000,2325.6,13586,2325.6,17,0.0,0,0.0,0,0.0,0,0.0,0,2325.8,13,0.0,0,0.0,0,0.0,0,0.0,0
2012-10-12T09:20:02.500,2325.4,13626,2325.4,99,0.0,0,0.0,0,0.0,0,0.0,0,2325.6,10,0.0,0,0.0,0,0.0,0,0.0,0
2012-10-12T09:20:03.000,2325.6,13650,2325.4,86,0.0,0,0.0,0,0.0,0,0.0,0,2325.6,26,0.0,0,0.0,0,0.0,0,0.0,0
2012-10-12T09:20:03.500,2325.4,13679,2325.4,79,0.0,0,0.0,0,0.0,0,0.0,0,2325.6,5,0.0,0,0.0,0,0.0,0,0.0,0
2012-10-12T09:20:04.000,2325.4,13729,2325.4,35,0.0,0,0.0,0,0.0,0,0.0,0,2325.6,9,0.0,0,0.0,0,0.0,0,0.0,0
2012-10-12T09:20:04.500,2325.4,13778,2325.6,3,0.0,0,0.0,0,0.0,0,0.0,0,2325.8,12,0.0,0,0.0,0,0.0,0,0.0,0
2012-10-12T09:20:05.000,2325.4,13795,2325.2,21,0.0,0,0.0,0,0.0,0,0.0,0,2325.4,9,0.0,0,0.0,0,0.0,0,0.0,0
2012-10-12T09:20:05.500,2325.2,13816,2325.2,1,0.0,0,0.0,0,0.0,0,0.0,0,2325.4,10,0.0,0,0.0,0,0.0,0,0.0,0
2012-10-12T09:20:06.000,2325,13842,2325,35,0.0,0,0.0,0,0.0,0,0.0,0,2325.2,9,0.0,0,0.0,0,0.0,0,0.0,0
2012-10-12T09:20:06.500,2325.2,13860,2325.2,14,0.0,0,0.0,0,0.0,0,0.0,0,2325.4,14,0.0,0,0.0,0,0.0,0,0.0,0
2012-10-12T09:20:07.000,2325,13883,2325,26,0.0,0,0.0,0,0.0,0,0.0,0,2325.2,8,0.0,0,0.0,0,0.0,0,0.0,0
2012-10-12T09:20:07.500,2325.2,13911,2325,35,0.0,0,0.0,0,0.0,0,0.0,0,2325.2,25,0.0,0,0.0,0,0.0,0,0.0,0
2012-10-12T09:20:08.000,2325,13934,2325,28,0.0,0,0.0,0,0.0,0,0.0,0,2325.2,16,0.0,0,0.0,0,0.0,0,0.0,0
2012-10-12T09:20:08.500,2325,13963,2325,2,0.0,0,0.0,0,0.0,0,0.0,0,2325.2,14,0.0,0,0.0,0,0.0,0,0.0,0
2012-10-12T09:20:09.000,2325.2,13988,2325.2,4,0.0,0,0.0,0,0.0,0,0.0,0,2325.4,12,0.0,0,0.0,0,0.0,0,0.0,0
2012-10-12T09:20:09.500,2325,14016,2324.8,14,0.0,0,0.0,0,0.0,0,0.0,0,2325,24,0.0,0,0.0,0,0.0,0,0.0,0
2012-10-12T09:20:10.000,2325,14056,2325,7,0.0,0,0.0,0,0.0,0,0.0,0,2325.2,5,0.0,0,0.0,0,0.0,0,0.0,0
2012-10-12T09:20:10.500,2325,14071,2325.2,16,0.0,0,0.0,0,0.0,0,0.0,0,2325.4,10,0.0,0,0.0,0,0.0,0,0.0,0
2012-10-12T09:20:11.000,2325.4,14109,2325.4,6,0.0,0,0.0,0,0.0,0,0.0,0,2325.6,38,0.0,0,0.0,0,0.0,0,0.0,0
2012-10-12T09:20:11.500,2325.4,14127,2325,29,0.0,0,0.0,0,0.0,0,0.0,0,2325.6,38,0.0,0,0.0,0,0.0,0,0.0,0
2012-10-12T09:20:12.000,2325,14152,2325.2,15,0.0,0,0.0,0,0.0,0,0.0,0,2325.4,4,0.0,0,0.0,0,0.0,0,0.0,0
2012-10-12T09:20:12.500,2325.2,14163,2325.2,20,0.0,0,0.0,0,0.0,0,0.0,0,2325.4,1,0.0,0,0.0,0,0.0,0,0.0,0
2012-10-12T09:20:13.000,2325.4,14199,2325.2,29,0.0,0,0.0,0,0.0,0,0.0,0,2325.4,8,0.0,0,0.0,0,0.0,0,0.0,0
2012-10-12T09:20:13.500,2325.2,14207,2325.2,23,0.0,0,0.0,0,0.0,0,0.0,0,2325.4,8,0.0,0,0.0,0,0.0,0,0.0,0
2012-10-12T09:20:14.000,2325.4,14210,2325.2,23,0.0,0,0.0,0,0.0,0,0.0,0,2325.4,7,0.0,0,0.0,0,0.0,0,0.0,0
2012-10-12T09:20:14.500,2325.2,14225,2325.2,10,0.0,0,0.0,0,0.0,0,0.0,0,2325.4,3,0.0,0,0.0,0,0.0,0,0.0,0
2012-10-12T09:20:15.000,2325.4,14240,2325.4,1,0.0,0,0.0,0,0.0,0,0.0,0,2325.6,12,0.0,0,0.0,0,0.0,0,0.0,0
2012-10-12T09:20:15.500,2325.2,14244,2325.2,6,0.0,0,0.0,0,0.0,0,0.0,0,2325.4,3,0.0,0,0.0,0,0.0,0,0.0,0
2012-10-12T09:20:16.000,2325.4,14250,2325.2,7,0.0,0,0.0,0,0.0,0,0.0,0,2325.4,7,0.0,0,0.0,0,0.0,0,0.0,0
2012-10-12T09:20:16.500,2325.2,14256,2325.2,3,0.0,0,0.0,0,0.0,0,0.0,0,2325.4,7,0.0,0,0.0,0,0.0,0,0.0,0
2012-10-12T09:20:17.000,2325.2,14262,2325,47,0.0,0,0.0,0,0.0,0,0.0,0,2325.2,1,0.0,0,0.0,0,0.0,0,0.0,0
2012-10-12T09:20:17.500,2325,14265,2325,46,0.0,0,0.0,0,0.0,0,0.0,0,2325.2,3,0.0,0,0.0,0,0.0,0,0.0,0
2012-10-12T09:20:18.000,2325.2,14272,2325.2,14,0.0,0,0.0,0,0.0,0,0.0,0,2325.4,16,0.0,0,0.0,0,0.0,0,0.0,0
2012-10-12T09:20:18.500,2325.4,14281,2325.2,7,0.0,0,0.0,0,0.0,0,0.0,0,2325.4,19,0.0,0,0.0,0,0.0,0,0.0,0
2012-10-12T09:20:19.000,2325.2,14290,2325,48,0.0,0,0.0,0,0.0,0,0.0,0,2325.2,3,0.0,0,0.0,0,0.0,0,0.0,0
2012-10-12T09:20:19.500,2325,14296,2325,45,0.0,0,0.0,0,0.0,0,0.0,0,2325.4,19,0.0,0,0.0,0,0.0,0,0.0,0
2012-10-12T09:20:20.000,2325.4,14301,2325,45,0.0,0,0.0,0,0.0,0,0.0,0,2325.4,17,0.0,0,0.0,0,0.0,0,0.0,0
2012-10-12T09:20:20.500,2325.2,14343,2325,8,0.0,0,0.0,0,0.0,0,0.0,0,2325.4,16,0.0,0,0.0,0,0.0,0,0.0,0
2012-10-12T09:20:21.000,2325,14350,2325,3,0.0,0,0.0,0,0.0,0,0.0,0,2325.4,16,0.0,0,0.0,0,0.0,0,0.0,0
2012-10-12T09:20:21.500,2325,14359,2324.8,16,0.0,0,0.0,0,0.0,0,0.0,0,2325,2,0.0,0,0.0,0,0.0,0,0.0,0
2012-10-12T09:20:22.000,2325.2,14363,2325,7,0.0,0,0.0,0,0.0,0,0.0,0,2325.2,35,0.0,0,0.0,0,0.0,0,0.0,0
2012-10-12T09:20:22.500,2325.2,14398,2324.8,8,0.0,0,0.0,0,0.0,0,0.0,0,2325,5,0.0,0,0.0,0,0.0,0,0.0,0
2012-10-12T09:20:23.000,2324.8,14405,2324.8,10,0.0,0,0.0,0,0.0,0,0.0,0,2325,4,0.0,0,0.0,0,0.0,0,0.0,0
2012-10-12T09:20:23.500,2325,14411,2324.8,9,0.0,0,0.0,0,0.0,0,0.0,0,2325,9,0.0,0,0.0,0,0.0,0,0.0,0
2012-10-12T09:20:24.000,2324.8,14417,2324.8,4,0.0,0,0.0,0,0.0,0,0.0,0,2325,10,0.0,0,0.0,0,0.0,0,0.0,0
2012-10-12T09:20:24.500,2324.8,14420,2324.8,1,0.0,0,0.0,0,0.0,0,0.0,0,2325,12,0.0,0,0.0,0,0.0,0,0.0,0
2012-10-12T09:20:25.000,2324.8,14423,2324.6,37,0.0,0,0.0,0,0.0,0,0.0,0,2324.8,16,0.0,0,0.0,0,0.0,0,0.0,0
2012-10-12T09:20:25.500,2324.6,14454,2324.8,1,0.0,0,0.0,0,0.0,0,0.0,0,2325,8,0.0,0,0.0,0,0.0,0,0.0,0
2012-10-12T09:20:26.000,2324.8,14457,2324.6,28,0.0,0,0.0,0,0.0,0,0.0,0,2324.8,21,0.0,0,0.0,0,0.0,0,0.0,0
2012-10-12T09:20:26.500,2324.6,14462,2324.6,25,0.0,0,0.0,0,0.0,0,0.0,0,2324.8,23,0.0,0,0.0,0,0.0,0,0.0,0
2012-10-12T09:20:27.000,2324.6,14471,2324.6,19,0.0,0,0.0,0,0.0,0,0.0,0,2324.8,26,0.0,0,0.0,0,0.0,0,0.0,0
2012-10-12T09:20:27.500,2324.6,14488,2324.6,9,0.0,0,0.0,0,0.0,0,0.0,0,2324.8,22,0.0,0,0.0,0,0.0,0,0.0,0
2012-10-12T09:20:28.000,2324.6,14497,2324.4,14,0.0,0,0.0,0,0.0,0,0.0,0,2324.6,7,0.0,0,0.0,0,0.0,0,0.0,0
2012-10-12T09:20:28.500,2324.4,14521,2324.2,29,0.0,0,0.0,0,0.0,0,0.0,0,2324.8,21,0.0,0,0.0,0,0.0,0,0.0,0
2012-10-12T09:20:29.000,2324.6,14523,2324.2,32,0.0,0,0.0,0,0.0,0,0.0,0,2324.4,1,0.0,0,0.0,0,0.0,0,0.0,0
2012-10-12T09:20:29.500,2324.2,14532,2324.4,1,0.0,0,0.0,0,0.0,0,0.0,0,2324.8,21,0.0,0,0.0,0,0.0,0,0.0,0
2012-10-12T09:20:30.000,2324.2,14544,2324.2,19,0.0,0,0.0,0,0.0,0,0.0,0,2324.4,1,0.0,0,0.0,0,0.0,0,0.0,0
2012-10-12T09:20:30.500,2324.4,14552,2324.2,34,0.0,0,0.0,0,0.0,0,0.0,0,2324.6,11,0.0,0,0.0,0,0.0,0,0.0,0
2012-10-12T09:20:31.000,2324.6,14559,2324.4,1,0.0,0,0.0,0,0.0,0,0.0,0,2324.6,9,0.0,0,0.0,0,0.0,0,0.0,0
2012-10-12T09:20:31.500,2324.2,14576,2324.2,21,0.0,0,0.0,0,0.0,0,0.0,0,2324.4,5,0.0,0,0.0,0,0.0,0,0.0,0
2012-10-12T09:20:32.000,2324.4,14589,2324.4,6,0.0,0,0.0,0,0.0,0,0.0,0,2324.6,10,0.0,0,0.0,0,0.0,0,0.0,0
2012-10-12T09:20:32.500,2324.6,14604,2324.4,4,0.0,0,0.0,0,0.0,0,0.0,0,2324.6,1,0.0,0,0.0,0,0.0,0,0.0,0
2012-10-12T09:20:33.000,2324.6,14606,2324.6,14,0.0,0,0.0,0,0.0,0,0.0,0,2324.8,20,0.0,0,0.0,0,0.0,0,0.0,0
2012-10-12T09:20:33.500,2324.6,14612,2324.6,12,0.0,0,0.0,0,0.0,0,0.0,0,2324.8,19,0.0,0,0.0,0,0.0,0,0.0,0
2012-10-12T09:20:34.000,2324.8,14634,2324.6,15,0.0,0,0.0,0,0.0,0,0.0,0,2325,33,0.0,0,0.0,0,0.0,0,0.0,0
2012-10-12T09:20:34.500,2324.6,14637,2324.6,15,0.0,0,0.0,0,0.0,0,0.0,0,2325,33,0.0,0,0.0,0,0.0,0,0.0,0
2012-10-12T09:20:35.000,2324.6,14656,2324.4,16,0.0,0,0.0,0,0.0,0,0.0,0,2324.6,4,0.0,0,0.0,0,0.0,0,0.0,0
2012-10-12T09:20:35.500,2324.6,14664,2324.4,13,0.0,0,0.0,0,0.0,0,0.0,0,2324.8,1,0.0,0,0.0,0,0.0,0,0.0,0
2012-10-12T09:20:36.000,2324.6,14666,2324.4,13,0.0,0,0.0,0,0.0,0,0.0,0,2324.8,1,0.0,0,0.0,0,0.0,0,0.0,0
2012-10-12T09:20:36.500,2324.8,14672,2324.8,1,0.0,0,0.0,0,0.0,0,0.0,0,2325,29,0.0,0,0.0,0,0.0,0,0.0,0
2012-10-12T09:20:37.000,2324.8,14678,2324.6,8,0.0,0,0.0,0,0.0,0,0.0,0,2324.8,12,0.0,0,0.0,0,0.0,0,0.0,0
2012-10-12T09:20:37.500,2324.6,14687,2324.6,6,0.0,0,0.0,0,0.0,0,0.0,0,2324.8,6,0.0,0,0.0,0,0.0,0,0.0,0
2012-10-12T09:20:38.000,2324.6,14689,2324.4,14,0.0,0,0.0,0,0.0,0,0.0,0,2324.8,7,0.0,0,0.0,0,0.0,0,0.0,0
2012-10-12T09:20:38.500,2324.4,14707,2324.2,17,0.0,0,0.0,0,0.0,0,0.0,0,2324.6,1,0.0,0,0.0,0,0.0,0,0.0,0
2012-10-12T09:20:39.000,2324.6,14708,2324.4,1,0.0,0,0.0,0,0.0,0,0.0,0,2324.8,10,0.0,0,0.0,0,0.0,0,0.0,0
2012-10-12T09:20:39.500,2324.6,14717,2324.4,4,0.0,0,0.0,0,0.0,0,0.0,0,2324.6,13,0.0,0,0.0,0,0.0,0,0.0,0
2012-10-12T09:20:40.000,2324.4,14722,2324.2,17,0.0,0,0.0,0,0.0,0,0.0,0,2324.4,3,0.0,0,0.0,0,0.0,0,0.0,0
2012-10-12T09:20:40.500,2324.4,14724,2324.2,18,0.0,0,0.0,0,0.0,0,0.0,0,2324.4,2,0.0,0,0.0,0,0.0,0,0.0,0
2012-10-12T09:20:41.000,2324.6,14729,2324.4,1,0.0,0,0.0,0,0.0,0,0.0,0,2324.6,11,0.0,0,0.0,0,0.0,0,0.0,0
2012-10-12T09:20:41.500,2324.2,14741,2324.2,15,0.0,0,0.0,0,0.0,0,0.0,0,2324.4,1,0.0,0,0.0,0,0.0,0,0.0,0
2012-10-12T09:20:42.000,2324.4,14743,2324.2,15,0.0,0,0.0,0,0.0,0,0.0,0,2324.6,3,0.0,0,0.0,0,0.0,0,0.0,0
2012-10-12T09:20:42.500,2324.6,14750,2324.2,13,0.0,0,0.0,0,0.0,0,0.0,0,2324.8,8,0.0,0,0.0,0,0.0,0,0.0,0
2012-10-12T09:20:43.000,2324.4,14754,2324.2,16,0.0,0,0.0,0,0.0,0,0.0,0,2324.6,6,0.0,0,0.0,0,0.0,0,0.0,0
2012-10-12T09:20:43.500,2324.6,14757,2324.4,1,0.0,0,0.0,0,0.0,0,0.0,0,2324.6,5,0.0,0,0.0,0,0.0,0,0.0,0
2012-10-12T09:20:44.000,2324.6,14767,2324.6,19,0.0,0,0.0,0,0.0,0,0.0,0,2324.8,15,0.0,0,0.0,0,0.0,0,0.0,0
2012-10-12T09:20:44.500,2324.6,14773,2324.6,14,0.0,0,0.0,0,0.0,0,0.0,0,2324.8,19,0.0,0,0.0,0,0.0,0,0.0,0
2012-10-12T09:20:45.250,2324.8,14782,2324.6,17,0.0,0,0.0,0,0.0,0,0.0,0,2324.8,12,0.0,0,0.0,0,0.0,0,0.0,0
2012-10-12T09:20:46.000,2324.6,14795,2324.6,14,0.0,0,0.0,0,0.0,0,0.0,0,2324.8,9,0.0,0,0.0,0,0.0,0,0.0,0
2012-10-12T09:20:46.500,2324.6,14806,2324.6,10,0.0,0,0.0,0,0.0,0,0.0,0,2324.8,4,0.0,0,0.0,0,0.0,0,0.0,0
2012-10-12T09:20:47.000,2324.6,14810,2324.6,9,0.0,0,0.0,0,0.0,0,0.0,0,2324.8,1,0.0,0,0.0,0,0.0,0,0.0,0
2012-10-12T09:20:47.500,2324.8,14818,2324.6,9,0.0,0,0.0,0,0.0,0,0.0,0,2325,36,0.0,0,0.0,0,0.0,0,0.0,0
2012-10-12T09:20:48.000,2324.6,14825,2324.6,7,0.0,0,0.0,0,0.0,0,0.0,0,2325,32,0.0,0,0.0,0,0.0,0,0.0,0
2012-10-12T09:20:48.500,2325,14840,2324.8,9,0.0,0,0.0,0,0.0,0,0.0,0,2325,22,0.0,0,0.0,0,0.0,0,0.0,0
2012-10-12T09:20:49.000,2325,14846,2324.8,12,0.0,0,0.0,0,0.0,0,0.0,0,2325,17,0.0,0,0.0,0,0.0,0,0.0,0
2012-10-12T09:20:49.500,2324.8,14867,2324.8,11,0.0,0,0.0,0,0.0,0,0.0,0,2325,18,0.0,0,0.0,0,0.0,0,0.0,0
2012-10-12T09:20:50.000,2325,14873,2324.8,19,0.0,0,0.0,0,0.0,0,0.0,0,2325,15,0.0,0,0.0,0,0.0,0,0.0,0
2012-10-12T09:20:50.500,2324.8,14881,2324.8,5,0.0,0,0.0,0,0.0,0,0.0,0,2325,13,0.0,0,0.0,0,0.0,0,0.0,0
2012-10-12T09:20:51.000,2325,14883,2324.8,5,0.0,0,0.0,0,0.0,0,0.0,0,2325,13,0.0,0,0.0,0,0.0,0,0.0,0
2012-10-12T09:20:51.500,2325,14901,2325,121,0.0,0,0.0,0,0.0,0,0.0,0,2325.2,31,0.0,0,0.0,0,0.0,0,0.0,0
2012-10-12T09:20:52.000,2325,14937,2325.2,14,0.0,0,0.0,0,0.0,0,0.0,0,2325.4,30,0.0,0,0.0,0,0.0,0,0.0,0
2012-10-12T09:20:52.500,2325.4,14977,2325.4,17,0.0,0,0.0,0,0.0,0,0.0,0,2325.6,41,0.0,0,0.0,0,0.0,0,0.0,0
2012-10-12T09:20:53.000,2325.6,14989,2325.4,12,0.0,0,0.0,0,0.0,0,0.0,0,2325.6,40,0.0,0,0.0,0,0.0,0,0.0,0
2012-10-12T09:20:53.500,2325.4,15000,2325.4,9,0.0,0,0.0,0,0.0,0,0.0,0,2325.6,37,0.0,0,0.0,0,0.0,0,0.0,0
2012-10-12T09:20:54.000,2325.6,15007,2325.4,6,0.0,0,0.0,0,0.0,0,0.0,0,2325.6,37,0.0,0,0.0,0,0.0,0,0.0,0
2012-10-12T09:20:54.500,2325.6,15014,2325.4,13,0.0,0,0.0,0,0.0,0,0.0,0,2325.6,35,0.0,0,0.0,0,0.0,0,0.0,0
2012-10-12T09:20:55.000,2325.4,15038,2325.4,8,0.0,0,0.0,0,0.0,0,0.0,0,2325.6,22,0.0,0,0.0,0,0.0,0,0.0,0
2012-10-12T09:20:55.500,2325.6,15061,2325.6,8,0.0,0,0.0,0,0.0,0,0.0,0,2325.8,37,0.0,0,0.0,0,0.0,0,0.0,0
2012-10-12T09:20:56.000,2325.6,15075,2325.6,4,0.0,0,0.0,0,0.0,0,0.0,0,2325.8,38,0.0,0,0.0,0,0.0,0,0.0,0
2012-10-12T09:20:56.500,2325.6,15077,2325.6,8,0.0,0,0.0,0,0.0,0,0.0,0,2325.8,38,0.0,0,0.0,0,0.0,0,0.0,0
2012-10-12T09:20:57.000,2325.8,15085,2325.6,10,0.0,0,0.0,0,0.0,0,0.0,0,2325.8,38,0.0,0,0.0,0,0.0,0,0.0,0
2012-10-12T09:20:57.500,2325.6,15091,2325.6,11,0.0,0,0.0,0,0.0,0,0.0,0,2325.8,33,0.0,0,0.0,0,0.0,0,0.0,0
2012-10-12T09:20:58.000,2325.8,15108,2325.6,16,0.0,0,0.0,0,0.0,0,0.0,0,2325.8,27,0.0,0,0.0,0,0.0,0,0.0,0
2012-10-12T09:20:58.500,2325.8,15124,2325.6,12,0.0,0,0.0,0,0.0,0,0.0,0,2325.8,17,0.0,0,0.0,0,0.0,0,0.0,0
2012-10-12T09:20:59.000,2325.8,15135,2325.6,11,0.0,0,0.0,0,0.0,0,0.0,0,2325.8,11,0.0,0,0.0,0,0.0,0,0.0,0
2012-10-12T09:20:59.500,2325.8,15143,2325.6,10,0.0,0,0.0,0,0.0,0,0.0,0,2325.8,4,0.0,0,0.0,0,0.0,0,0.0,0
2012-10-12T09:21:00.000,2325.6,15159,2325.4,9,0.0,0,0.0,0,0.0,0,0.0,0,2325.8,14,0.0,0,0.0,0,0.0,0,0.0,0
2012-10-12T09:21:00.500,2325.6,15174,2325.6,49,0.0,0,0.0,0,0.0,0,0.0,0,2325.8,4,0.0,0,0.0,0,0.0,0,0.0,0
2012-10-12T09:21:01.000,2326,15196,2325.6,49,0.0,0,0.0,0,0.0,0,0.0,0,2326,48,0.0,0,0.0,0,0.0,0,0.0,0
2012-10-12T09:21:01.500,2326,15207,2325.8,2,0.0,0,0.0,0,0.0,0,0.0,0,2326,45,0.0,0,0.0,0,0.0,0,0.0,0
2012-10-12T09:21:02.000,2326,15247,2325.8,1,0.0,0,0.0,0,0.0,0,0.0,0,2326,11,0.0,0,0.0,0,0.0,0,0.0,0
2012-10-12T09:21:02.500,2326,15257,2325.8,3,0.0,0,0.0,0,0.0,0,0.0,0,2326,10,0.0,0,0.0,0,0.0,0,0.0,0
2012-10-12T09:21:03.000,2326.2,15268,2326,22,0.0,0,0.0,0,0.0,0,0.0,0,2326.2,12,0.0,0,0.0,0,0.0,0,0.0,0
2012-10-12T09:21:03.500,2326.2,15281,2326,20,0.0,0,0.0,0,0.0,0,0.0,0,2326.2,7,0.0,0,0.0,0,0.0,0,0.0,0
2012-10-12T09:21:04.000,2326.2,15289,2326.2,1,0.0,0,0.0,0,0.0,0,0.0,0,2326.4,8,0.0,0,0.0,0,0.0,0,0.0,0
2012-10-12T09:21:04.500,2326.4,15300,2326,39,0.0,0,0.0,0,0.0,0,0.0,0,2326.4,1,0.0,0,0.0,0,0.0,0,0.0,0
2012-10-12T09:21:05.000,2326.6,15309,2326.4,1,0.0,0,0.0,0,0.0,0,0.0,0,2326.6,29,0.0,0,0.0,0,0.0,0,0.0,0
2012-10-12T09:21:05.500,2326.2,15360,2326.2,2,0.0,0,0.0,0,0.0,0,0.0,0,2326.4,1,0.0,0,0.0,0,0.0,0,0.0,0
2012-10-12T09:21:06.000,2326.8,15394,2326.4,2,0.0,0,0.0,0,0.0,0,0.0,0,2326.8,45,0.0,0,0.0,0,0.0,0,0.0,0
2012-10-12T09:21:06.500,2326.6,15433,2326.4,3,0.0,0,0.0,0,0.0,0,0.0,0,2326.6,6,0.0,0,0.0,0,0.0,0,0.0,0
2012-10-12T09:21:07.000,2326.4,15470,2326,41,0.0,0,0.0,0,0.0,0,0.0,0,2326.4,4,0.0,0,0.0,0,0.0,0,0.0,0
2012-10-12T09:21:07.500,2326.6,15488,2326.4,1,0.0,0,0.0,0,0.0,0,0.0,0,2326.6,1,0.0,0,0.0,0,0.0,0,0.0,0
2012-10-12T09:21:08.000,2326.6,15497,2326.4,11,0.0,0,0.0,0,0.0,0,0.0,0,2326.6,2,0.0,0,0.0,0,0.0,0,0.0,0
2012-10-12T09:21:08.500,2326,15524,2326,36,0.0,0,0.0,0,0.0,0,0.0,0,2326.6,8,0.0,0,0.0,0,0.0,0,0.0,0
2012-10-12T09:21:09.000,2326.6,15544,2326.6,5,0.0,0,0.0,0,0.0,0,0.0,0,2326.8,16,0.0,0,0.0,0,0.0,0,0.0,0
2012-10-12T09:21:09.500,2326.6,15566,2326.2,1,0.0,0,0.0,0,0.0,0,0.0,0,2326.4,1,0.0,0,0.0,0,0.0,0,0.0,0
2012-10-12T09:21:10.000,2326.4,15584,2326.4,1,0.0,0,0.0,0,0.0,0,0.0,0,2326.6,5,0.0,0,0.0,0,0.0,0,0.0,0
2012-10-12T09:21:10.500,2326.6,15597,2326.6,13,0.0,0,0.0,0,0.0,0,0.0,0,2326.8,31,0.0,0,0.0,0,0.0,0,0.0,0
2012-10-12T09:21:11.000,2326.8,15613,2326.6,11,0.0,0,0.0,0,0.0,0,0.0,0,2326.8,24,0.0,0,0.0,0,0.0,0,0.0,0
2012-10-12T09:21:11.500,2326.6,15631,2326.6,12,0.0,0,0.0,0,0.0,0,0.0,0,2326.8,8,0.0,0,0.0,0,0.0,0,0.0,0
2012-10-12T09:21:12.000,2326.8,15650,2326.8,1,0.0,0,0.0,0,0.0,0,0.0,0,2327,44,0.0,0,0.0,0,0.0,0,0.0,0
2012-10-12T09:21:12.500,2326.6,15667,2326.4,10,0.0,0,0.0,0,0.0,0,0.0,0,2326.8,9,0.0,0,0.0,0,0.0,0,0.0,0
2012-10-12T09:21:13.000,2326.8,15676,2326.4,13,0.0,0,0.0,0,0.0,0,0.0,0,2326.8,4,0.0,0,0.0,0,0.0,0,0.0,0
2012-10-12T09:21:13.500,2326.6,15684,2326.4,9,0.0,0,0.0,0,0.0,0,0.0,0,2326.8,36,0.0,0,0.0,0,0.0,0,0.0,0
2012-10-12T09:21:14.000,2326.4,15710,2326.2,6,0.0,0,0.0,0,0.0,0,0.0,0,2326.4,2,0.0,0,0.0,0,0.0,0,0.0,0
2012-10-12T09:21:14.500,2326,15722,2326,37,0.0,0,0.0,0,0.0,0,0.0,0,2326.2,1,0.0,0,0.0,0,0.0,0,0.0,0
2012-10-12T09:21:15.000,2326.4,15729,2326,36,0.0,0,0.0,0,0.0,0,0.0,0,2326.2,5,0.0,0,0.0,0,0.0,0,0.0,0
2012-10-12T09:21:15.500,2326,15763,2325.8,13,0.0,0,0.0,0,0.0,0,0.0,0,2326,4,0.0,0,0.0,0,0.0,0,0.0,0
2012-10-12T09:21:16.000,2326,15784,2325.8,5,0.0,0,0.0,0,0.0,0,0.0,0,2326,56,0.0,0,0.0,0,0.0,0,0.0,0
2012-10-12T09:21:16.500,2325.8,15816,2325.6,62,0.0,0,0.0,0,0.0,0,0.0,0,2325.8,12,0.0,0,0.0,0,0.0,0,0.0,0
2012-10-12T09:21:17.000,2325.8,15826,2325.6,57,0.0,0,0.0,0,0.0,0,0.0,0,2325.8,24,0.0,0,0.0,0,0.0,0,0.0,0
2012-10-12T09:21:17.500,2325.6,15881,2325.6,42,0.0,0,0.0,0,0.0,0,0.0,0,2325.8,1,0.0,0,0.0,0,0.0,0,0.0,0
2012-10-12T09:21:18.000,2325.6,15894,2325.6,34,0.0,0,0.0,0,0.0,0,0.0,0,2326,33,0.0,0,0.0,0,0.0,0,0.0,0
2012-10-12T09:21:18.500,2325.6,15918,2325.6,21,0.0,0,0.0,0,0.0,0,0.0,0,2325.8,3,0.0,0,0.0,0,0.0,0,0.0,0
2012-10-12T09:21:19.000,2325.6,15944,2325.6,5,0.0,0,0.0,0,0.0,0,0.0,0,2325.8,4,0.0,0,0.0,0,0.0,0,0.0,0
2012-10-12T09:21:19.500,2325.6,15957,2325.4,9,0.0,0,0.0,0,0.0,0,0.0,0,2325.6,5,0.0,0,0.0,0,0.0,0,0.0,0
2012-10-12T09:21:20.000,2325.4,15963,2325.4,17,0.0,0,0.0,0,0.0,0,0.0,0,2325.6,17,0.0,0,0.0,0,0.0,0,0.0,0
2012-10-12T09:21:20.500,2325.4,15977,2325.4,4,0.0,0,0.0,0,0.0,0,0.0,0,2325.6,19,0.0,0,0.0,0,0.0,0,0.0,0
2012-10-12T09:21:21.000,2325.4,15987,2325.2,12,0.0,0,0.0,0,0.0,0,0.0,0,2325.4,10,0.0,0,0.0,0,0.0,0,0.0,0
2012-10-12T09:21:21.500,2325.2,16012,2325,116,0.0,0,0.0,0,0.0,0,0.0,0,2325.2,8,0.0,0,0.0,0,0.0,0,0.0,0
2012-10-12T09:21:22.000,2325,16019,2325,112,0.0,0,0.0,0,0.0,0,0.0,0,2325.2,11,0.0,0,0.0,0,0.0,0,0.0,0
2012-10-12T09:21:22.500,2325,16083,2325,54,0.0,0,0.0,0,0.0,0,0.0,0,2325.2,11,0.0,0,0.0,0,0.0,0,0.0,0
2012-10-12T09:21:23.000,2325,16160,2324.8,9,0.0,0,0.0,0,0.0,0,0.0,0,2325,6,0.0,0,0.0,0,0.0,0,0.0,0
2012-10-12T09:21:23.500,2324.8,16166,2324.6,17,0.0,0,0.0,0,0.0,0,0.0,0,2324.8,6,0.0,0,0.0,0,0.0,0,0.0,0
2012-10-12T09:21:24.000,2324.6,16172,2324.6,11,0.0,0,0.0,0,0.0,0,0.0,0,2324.8,17,0.0,0,0.0,0,0.0,0,0.0,0
2012-10-12T09:21:24.500,2324.8,16185,2324.6,3,0.0,0,0.0,0,0.0,0,0.0,0,2324.8,13,0.0,0,0.0,0,0.0,0,0.0,0
2012-10-12T09:21:25.000,2324.6,16205,2324.4,7,0.0,0,0.0,0,0.0,0,0.0,0,2324.6,8,0.0,0,0.0,0,0.0,0,0.0,0
2012-10-12T09:21:25.500,2324.4,16212,2324.4,9,0.0,0,0.0,0,0.0,0,0.0,0,2324.6,11,0.0,0,0.0,0,0.0,0,0.0,0
2012-10-12T09:21:26.000,2324.4,16228,2324.2,26,0.0,0,0.0,0,0.0,0,0.0,0,2324.4,4,0.0,0,0.0,0,0.0,0,0.0,0
2012-10-12T09:21:26.500,2324.4,16243,2324.2,18,0.0,0,0.0,0,0.0,0,0.0,0,2324.6,20,0.0,0,0.0,0,0.0,0,0.0,0
2012-10-12T09:21:27.000,2324.2,16253,2324.2,16,0.0,0,0.0,0,0.0,0,0.0,0,2324.4,1,0.0,0,0.0,0,0.0,0,0.0,0
2012-10-12T09:21:27.500,2324.2,16271,2324.2,1,0.0,0,0.0,0,0.0,0,0.0,0,2324.4,2,0.0,0,0.0,0,0.0,0,0.0,0
2012-10-12T09:21:28.000,2324.2,16273,2324,48,0.0,0,0.0,0,0.0,0,0.0,0,2324.2,6,0.0,0,0.0,0,0.0,0,0.0,0
2012-10-12T09:21:28.500,2324.4,16305,2324.4,5,0.0,0,0.0,0,0.0,0,0.0,0,2324.6,6,0.0,0,0.0,0,0.0,0,0.0,0
2012-10-12T09:21:29.000,2324.6,16326,2324.6,8,0.0,0,0.0,0,0.0,0,0.0,0,2324.8,15,0.0,0,0.0,0,0.0,0,0.0,0
2012-10-12T09:21:29.500,2324.8,16348,2324.8,3,0.0,0,0.0,0,0.0,0,0.0,0,2325,70,0.0,0,0.0,0,0.0,0,0.0,0
2012-10-12T09:21:30.000,2325,16357,2324.6,4,0.0,0,0.0,0,0.0,0,0.0,0,2325,68,0.0,0,0.0,0,0.0,0,0.0,0
2012-10-12T09:21:30.500,2325,16362,2324.6,8,0.0,0,0.0,0,0.0,0,0.0,0,2325,71,0.0,0,0.0,0,0.0,0,0.0,0
2012-10-12T09:21:31.000,2324.6,16371,2324.6,3,0.0,0,0.0,0,0.0,0,0.0,0,2324.8,3,0.0,0,0.0,0,0.0,0,0.0,0
2012-10-12T09:21:31.500,2324.8,16374,2324.8,3,0.0,0,0.0,0,0.0,0,0.0,0,2325,65,0.0,0,0.0,0,0.0,0,0.0,0
2012-10-12T09:21:32.000,2325,16392,2324.4,4,0.0,0,0.0,0,0.0,0,0.0,0,2324.8,1,0.0,0,0.0,0,0.0,0,0.0,0
2012-10-12T09:21:32.500,2324.4,16397,2324.4,8,0.0,0,0.0,0,0.0,0,0.0,0,2325,58,0.0,0,0.0,0,0.0,0,0.0,0
2012-10-12T09:21:33.000,2324.4,16408,2324.4,15,0.0,0,0.0,0,0.0,0,0.0,0,2324.6,3,0.0,0,0.0,0,0.0,0,0.0,0
2012-10-12T09:21:33.500,2324.6,16421,2324.4,14,0.0,0,0.0,0,0.0,0,0.0,0,2324.6,33,0.0,0,0.0,0,0.0,0,0.0,0
2012-10-12T09:21:34.000,2324.6,16426,2324.4,14,0.0,0,0.0,0,0.0,0,0.0,0,2324.6,30,0.0,0,0.0,0,0.0,0,0.0,0
2012-10-12T09:21:34.500,2324.4,16452,2324.4,12,0.0,0,0.0,0,0.0,0,0.0,0,2324.6,7,0.0,0,0.0,0,0.0,0,0.0,0
2012-10-12T09:21:35.000,2324.4,16454,2324.4,11,0.0,0,0.0,0,0.0,0,0.0,0,2324.6,7,0.0,0,0.0,0,0.0,0,0.0,0
2012-10-12T09:21:35.500,2324.4,16458,2324.4,8,0.0,0,0.0,0,0.0,0,0.0,0,2324.6,6,0.0,0,0.0,0,0.0,0,0.0,0
2012-10-12T09:21:36.000,2324.4,16481,2324.2,27,0.0,0,0.0,0,0.0,0,0.0,0,2324.4,1,0.0,0,0.0,0,0.0,0,0.0,0
2012-10-12T09:21:36.500,2324.4,16483,2324.6,7,0.0,0,0.0,0,0.0,0,0.0,0,2324.8,14,0.0,0,0.0,0,0.0,0,0.0,0
2012-10-12T09:21:37.000,2324.4,16485,2324.6,27,0.0,0,0.0,0,0.0,0,0.0,0,2324.8,14,0.0,0,0.0,0,0.0,0,0.0,0
2012-10-12T09:21:37.500,2324.8,16506,2324.8,30,0.0,0,0.0,0,0.0,0,0.0,0,2325,40,0.0,0,0.0,0,0.0,0,0.0,0
2012-10-12T09:21:38.000,2324.8,16508,2324.8,28,0.0,0,0.0,0,0.0,0,0.0,0,2325,40,0.0,0,0.0,0,0.0,0,0.0,0
2012-10-12T09:21:38.500,2325,16523,2324.8,16,0.0,0,0.0,0,0.0,0,0.0,0,2325,38,0.0,0,0.0,0,0.0,0,0.0,0
2012-10-12T09:21:39.000,2325,16529,2324.8,16,0.0,0,0.0,0,0.0,0,0.0,0,2325,33,0.0,0,0.0,0,0.0,0,0.0,0
2012-10-12T09:21:39.500,2324.8,16534,2324.8,13,0.0,0,0.0,0,0.0,0,0.0,0,2325,32,0.0,0,0.0,0,0.0,0,0.0,0
2012-10-12T09:21:40.000,2324.8,16538,2324.8,10,0.0,0,0.0,0,0.0,0,0.0,0,2325,31,0.0,0,0.0,0,0.0,0,0.0,0
2012-10-12T09:21:40.500,2325,16562,2324.8,9,0.0,0,0.0,0,0.0,0,0.0,0,2325,12,0.0,0,0.0,0,0.0,0,0.0,0
2012-10-12T09:21:41.000,2324.8,16567,2324.8,4,0.0,0,0.0,0,0.0,0,0.0,0,2325,13,0.0,0,0.0,0,0.0,0,0.0,0
2012-10-12T09:21:41.500,2325,16568,2324.8,4,0.0,0,0.0,0,0.0,0,0.0,0,2325,14,0.0,0,0.0,0,0.0,0,0.0,0
2012-10-12T09:21:42.000,2325,16571,2324.8,4,0.0,0,0.0,0,0.0,0,0.0,0,2325,12,0.0,0,0.0,0,0.0,0,0.0,0
2012-10-12T09:21:42.500,2325,16572,2324.8,4,0.0,0,0.0,0,0.0,0,0.0,0,2325,11,0.0,0,0.0,0,0.0,0,0.0,0
2012-10-12T09:21:43.000,2324.8,16577,2324.6,59,0.0,0,0.0,0,0.0,0,0.0,0,2325,11,0.0,0,0.0,0,0.0,0,0.0,0
2012-10-12T09:21:43.500,2324.8,16579,2324.6,67,0.0,0,0.0,0,0.0,0,0.0,0,2325,11,0.0,0,0.0,0,0.0,0,0.0,0
2012-10-12T09:21:44.250,2324.6,16582,2324.8,3,0.0,0,0.0,0,0.0,0,0.0,0,2325,10,0.0,0,0.0,0,0.0,0,0.0,0
2012-10-12T09:21:45.000,2325,16583,2324.8,12,0.0,0,0.0,0,0.0,0,0.0,0,2325,12,0.0,0,0.0,0,0.0,0,0.0,0
2012-10-12T09:21:45.500,2325,16597,2324.8,9,0.0,0,0.0,0,0.0,0,0.0,0,2325,9,0.0,0,0.0,0,0.0,0,0.0,0
2012-10-12T09:21:46.000,2324.8,16613,2324.8,3,0.0,0,0.0,0,0.0,0,0.0,0,2325,4,0.0,0,0.0,0,0.0,0,0.0,0
2012-10-12T09:21:46.500,2325,16616,2324.8,2,0.0,0,0.0,0,0.0,0,0.0,0,2325,2,0.0,0,0.0,0,0.0,0,0.0,0
2012-10-12T09:21:47.000,2324.8,16619,2324.6,62,0.0,0,0.0,0,0.0,0,0.0,0,2325,3,0.0,0,0.0,0,0.0,0,0.0,0
2012-10-12T09:21:47.500,2325,16621,2324.6,64,0.0,0,0.0,0,0.0,0,0.0,0,2325,2,0.0,0,0.0,0,0.0,0,0.0,0
2012-10-12T09:21:48.000,2324.8,16633,2324.6,60,0.0,0,0.0,0,0.0,0,0.0,0,2324.8,8,0.0,0,0.0,0,0.0,0,0.0,0
2012-10-12T09:21:48.500,2324.8,16635,2324.6,60,0.0,0,0.0,0,0.0,0,0.0,0,2324.8,6,0.0,0,0.0,0,0.0,0,0.0,0
2012-10-12T09:21:49.000,2324.6,16637,2324.6,58,0.0,0,0.0,0,0.0,0,0.0,0,2324.8,12,0.0,0,0.0,0,0.0,0,0.0,0
2012-10-12T09:21:49.500,2324.8,16642,2324.6,58,0.0,0,0.0,0,0.0,0,0.0,0,2324.8,8,0.0,0,0.0,0,0.0,0,0.0,0
2012-10-12T09:21:50.000,2324.6,16646,2324.6,55,0.0,0,0.0,0,0.0,0,0.0,0,2324.8,10,0.0,0,0.0,0,0.0,0,0.0,0
2012-10-12T09:21:50.500,2324.8,16648,2324.6,56,0.0,0,0.0,0,0.0,0,0.0,0,2324.8,9,0.0,0,0.0,0,0.0,0,0.0,0
2012-10-12T09:21:51.000,2324.8,16659,2324.8,11,0.0,0,0.0,0,0.0,0,0.0,0,2325,22,0.0,0,0.0,0,0.0,0,0.0,0
2012-10-12T09:21:51.500,2324.8,16669,2324.8,4,0.0,0,0.0,0,0.0,0,0.0,0,2325,22,0.0,0,0.0,0,0.0,0,0.0,0
2012-10-12T09:21:52.000,2324.8,16673,2324.8,1,0.0,0,0.0,0,0.0,0,0.0,0,2325,22,0.0,0,0.0,0,0.0,0,0.0,0
2012-10-12T09:21:52.500,2324.6,16684,2324.6,46,0.0,0,0.0,0,0.0,0,0.0,0,2324.8,3,0.0,0,0.0,0,0.0,0,0.0,0
2012-10-12T09:21:53.250,2324.8,16685,2324.6,47,0.0,0,0.0,0,0.0,0,0.0,0,2324.8,2,0.0,0,0.0,0,0.0,0,0.0,0
2012-10-12T09:21:54.000,2324.6,16689,2324.6,45,0.0,0,0.0,0,0.0,0,0.0,0,2324.8,8,0.0,0,0.0,0,0.0,0,0.0,0
2012-10-12T09:21:54.500,2324.8,16690,2324.6,45,0.0,0,0.0,0,0.0,0,0.0,0,2324.8,8,0.0,0,0.0,0,0.0,0,0.0,0
2012-10-12T09:21:55.000,2324.6,16697,2324.6,44,0.0,0,0.0,0,0.0,0,0.0,0,2324.8,5,0.0,0,0.0,0,0.0,0,0.0,0
2012-10-12T09:21:55.500,2324.8,16701,2324.6,45,0.0,0,0.0,0,0.0,0,0.0,0,2324.8,4,0.0,0,0.0,0,0.0,0,0.0,0
2012-10-12T09:21:56.000,2324.8,16702,2324.6,45,0.0,0,0.0,0,0.0,0,0.0,0,2324.8,7,0.0,0,0.0,0,0.0,0,0.0,0
2012-10-12T09:21:56.500,2324.8,16719,2324.8,14,0.0,0,0.0,0,0.0,0,0.0,0,2325,27,0.0,0,0.0,0,0.0,0,0.0,0
2012-10-12T09:21:57.250,2325,16722,2324.8,13,0.0,0,0.0,0,0.0,0,0.0,0,2325,25,0.0,0,0.0,0,0.0,0,0.0,0
2012-10-12T09:21:58.000,2325,16742,2324.8,24,0.0,0,0.0,0,0.0,0,0.0,0,2325,6,0.0,0,0.0,0,0.0,0,0.0,0
2012-10-12T09:21:58.500,2325,16754,2325,12,0.0,0,0.0,0,0.0,0,0.0,0,2325.2,26,0.0,0,0.0,0,0.0,0,0.0,0
2012-10-12T09:21:59.000,2325,16764,2325,12,0.0,0,0.0,0,0.0,0,0.0,0,2325.2,26,0.0,0,0.0,0,0.0,0,0.0,0
2012-10-12T09:21:59.500,2325.4,16801,2325,9,0.0,0,0.0,0,0.0,0,0.0,0,2325.4,23,0.0,0,0.0,0,0.0,0,0.0,0
2012-10-12T09:22:00.000,2325.4,16802,2325.2,2,0.0,0,0.0,0,0.0,0,0.0,0,2325.4,22,0.0,0,0.0,0,0.0,0,0.0,0
2012-10-12T09:22:00.500,2325.4,16816,2324.8,27,0.0,0,0.0,0,0.0,0,0.0,0,2325,1,0.0,0,0.0,0,0.0,0,0.0,0
2012-10-12T09:22:01.000,2325,16821,2325,3,0.0,0,0.0,0,0.0,0,0.0,0,2325.2,1,0.0,0,0.0,0,0.0,0,0.0,0
2012-10-12T09:22:01.500,2325.4,16832,2324.8,25,0.0,0,0.0,0,0.0,0,0.0,0,2325.2,19,0.0,0,0.0,0,0.0,0,0.0,0
2012-10-12T09:22:02.000,2324.8,16837,2324.8,23,0.0,0,0.0,0,0.0,0,0.0,0,2325,5,0.0,0,0.0,0,0.0,0,0.0,0
2012-10-12T09:22:02.500,2325,16846,2325,6,0.0,0,0.0,0,0.0,0,0.0,0,2325.2,28,0.0,0,0.0,0,0.0,0,0.0,0
2012-10-12T09:22:03.000,2325,16853,2325,2,0.0,0,0.0,0,0.0,0,0.0,0,2325.2,28,0.0,0,0.0,0,0.0,0,0.0,0
2012-10-12T09:22:03.500,2324.8,16858,2324.8,20,0.0,0,0.0,0,0.0,0,0.0,0,2325,4,0.0,0,0.0,0,0.0,0,0.0,0
2012-10-12T09:22:04.000,2325,16868,2324.8,18,0.0,0,0.0,0,0.0,0,0.0,0,2325,8,0.0,0,0.0,0,0.0,0,0.0,0
2012-10-12T09:22:04.500,2325,16873,2324.8,18,0.0,0,0.0,0,0.0,0,0.0,0,2325,7,0.0,0,0.0,0,0.0,0,0.0,0
2012-10-12T09:22:05.000,2324.8,16874,2324.8,17,0.0,0,0.0,0,0.0,0,0.0,0,2325,6,0.0,0,0.0,0,0.0,0,0.0,0
2012-10-12T09:22:05.500,2324.8,16876,2324.8,15,0.0,0,0.0,0,0.0,0,0.0,0,2325,17,0.0,0,0.0,0,0.0,0,0.0,0
2012-10-12T09:22:06.000,2324.8,16891,2324.6,44,0.0,0,0.0,0,0.0,0,0.0,0,2324.8,9,0.0,0,0.0,0,0.0,0,0.0,0
2012-10-12T09:22:06.500,2324.8,16892,2324.6,44,0.0,0,0.0,0,0.0,0,0.0,0,2324.8,15,0.0,0,0.0,0,0.0,0,0.0,0
2012-10-12T09:22:07.000,2324.8,16897,2324.6,42,0.0,0,0.0,0,0.0,0,0.0,0,2324.8,14,0.0,0,0.0,0,0.0,0,0.0,0
2012-10-12T09:22:07.500,2324.6,16904,2324.6,35,0.0,0,0.0,0,0.0,0,0.0,0,2324.8,30,0.0,0,0.0,0,0.0,0,0.0,0
2012-10-12T09:22:08.000,2324.6,16922,2324.6,20,0.0,0,0.0,0,0.0,0,0.0,0,2324.8,29,0.0,0,0.0,0,0.0,0,0.0,0
2012-10-12T09:22:08.500,2324.6,16952,2324.6,1,0.0,0,0.0,0,0.0,0,0.0,0,2324.8,18,0.0,0,0.0,0,0.0,0,0.0,0
2012-10-12T09:22:09.000,2324.6,16959,2324.4,26,0.0,0,0.0,0,0.0,0,0.0,0,2324.8,20,0.0,0,0.0,0,0.0,0,0.0,0
2012-10-12T09:22:09.500,2324.4,16961,2324.4,25,0.0,0,0.0,0,0.0,0,0.0,0,2324.6,1,0.0,0,0.0,0,0.0,0,0.0,0
2012-10-12T09:22:10.000,2324.6,16979,2324.6,13,0.0,0,0.0,0,0.0,0,0.0,0,2324.8,21,0.0,0,0.0,0,0.0,0,0.0,0
2012-10-12T09:22:10.500,2324.2,17016,2324.2,29,0.0,0,0.0,0,0.0,0,0.0,0,2324.6,2,0.0,0,0.0,0,0.0,0,0.0,0
2012-10-12T09:22:11.000,2324.2,17025,2324.2,35,0.0,0,0.0,0,0.0,0,0.0,0,2324.8,20,0.0,0,0.0,0,0.0,0,0.0,0
2012-10-12T09:22:11.500,2324.6,17031,2324.4,23,0.0,0,0.0,0,0.0,0,0.0,0,2324.6,5,0.0,0,0.0,0,0.0,0,0.0,0
2012-10-12T09:22:12.000,2324.4,17055,2324.2,31,0.0,0,0.0,0,0.0,0,0.0,0,2324.4,7,0.0,0,0.0,0,0.0,0,0.0,0
2012-10-12T09:22:12.500,2324.6,17075,2324.2,19,0.0,0,0.0,0,0.0,0,0.0,0,2324.6,5,0.0,0,0.0,0,0.0,0,0.0,0
2012-10-12T09:22:13.250,2324.2,17085,2324.2,9,0.0,0,0.0,0,0.0,0,0.0,0,2324.6,14,0.0,0,0.0,0,0.0,0,0.0,0
2012-10-12T09:22:14.000,2324.2,17088,2324.2,11,0.0,0,0.0,0,0.0,0,0.0,0,2324.4,6,0.0,0,0.0,0,0.0,0,0.0,0
2012-10-12T09:22:14.500,2324,17101,2324,116,0.0,0,0.0,0,0.0,0,0.0,0,2324.2,1,0.0,0,0.0,0,0.0,0,0.0,0
2012-10-12T09:22:15.000,2324.2,17133,2324,91,0.0,0,0.0,0,0.0,0,0.0,0,2324.2,14,0.0,0,0.0,0,0.0,0,0.0,0
2012-10-12T09:22:15.500,2324.2,17151,2324,79,0.0,0,0.0,0,0.0,0,0.0,0,2324.2,15,0.0,0,0.0,0,0.0,0,0.0,0
2012-10-12T09:22:16.000,2324,17179,2324,57,0.0,0,0.0,0,0.0,0,0.0,0,2324.2,11,0.0,0,0.0,0,0.0,0,0.0,0
2012-10-12T09:22:16.500,2324,17230,2324,27,0.0,0,0.0,0,0.0,0,0.0,0,2324.4,30,0.0,0,0.0,0,0.0,0,0.0,0
2012-10-12T09:22:17.000,2324,17261,2323.8,38,0.0,0,0.0,0,0.0,0,0.0,0,2324,30,0.0,0,0.0,0,0.0,0,0.0,0
2012-10-12T09:22:17.500,2324,17278,2323.8,34,0.0,0,0.0,0,0.0,0,0.0,0,2324,26,0.0,0,0.0,0,0.0,0,0.0,0
2012-10-12T09:22:18.000,2323.8,17291,2323.8,32,0.0,0,0.0,0,0.0,0,0.0,0,2324,28,0.0,0,0.0,0,0.0,0,0.0,0
2012-10-12T09:22:18.500,2323.8,17303,2323.8,20,0.0,0,0.0,0,0.0,0,0.0,0,2324,27,0.0,0,0.0,0,0.0,0,0.0,0
2012-10-12T09:22:19.000,2324,17330,2323.8,10,0.0,0,0.0,0,0.0,0,0.0,0,2324,26,0.0,0,0.0,0,0.0,0,0.0,0
2012-10-12T09:22:19.500,2324,17342,2323.6,46,0.0,0,0.0,0,0.0,0,0.0,0,2323.8,2,0.0,0,0.0,0,0.0,0,0.0,0
2012-10-12T09:22:20.000,2323.8,17363,2323.6,44,0.0,0,0.0,0,0.0,0,0.0,0,2324,14,0.0,0,0.0,0,0.0,0,0.0,0
2012-10-12T09:22:20.500,2323.8,17372,2323.8,2,0.0,0,0.0,0,0.0,0,0.0,0,2324,13,0.0,0,0.0,0,0.0,0,0.0,0
2012-10-12T09:22:21.000,2324,17388,2323.8,9,0.0,0,0.0,0,0.0,0,0.0,0,2324,15,0.0,0,0.0,0,0.0,0,0.0,0
2012-10-12T09:22:21.500,2324,17411,2324,5,0.0,0,0.0,0,0.0,0,0.0,0,2324.2,7,0.0,0,0.0,0,0.0,0,0.0,0
2012-10-12T09:22:22.000,2324,17414,2324,10,0.0,0,0.0,0,0.0,0,0.0,0,2324.2,14,0.0,0,0.0,0,0.0,0,0.0,0
2012-10-12T09:22:22.500,2324,17428,2324,2,0.0,0,0.0,0,0.0,0,0.0,0,2324.2,23,0.0,0,0.0,0,0.0,0,0.0,0
2012-10-12T09:22:23.000,2324,17431,2324,5,0.0,0,0.0,0,0.0,0,0.0,0,2324.2,22,0.0,0,0.0,0,0.0,0,0.0,0
2012-10-12T09:22:23.500,2324,17437,2323.8,10,0.0,0,0.0,0,0.0,0,0.0,0,2324,14,0.0,0,0.0,0,0.0,0,0.0,0
2012-10-12T09:22:24.000,2323.8,17442,2323.8,14,0.0,0,0.0,0,0.0,0,0.0,0,2324,15,0.0,0,0.0,0,0.0,0,0.0,0
2012-10-12T09:22:24.500,2323.8,17443,2323.8,17,0.0,0,0.0,0,0.0,0,0.0,0,2324,15,0.0,0,0.0,0,0.0,0,0.0,0
2012-10-12T09:22:25.000,2324,17449,2323.8,19,0.0,0,0.0,0,0.0,0,0.0,0,2324,21,0.0,0,0.0,0,0.0,0,0.0,0
2012-10-12T09:22:25.500,2323.8,17460,2323.8,20,0.0,0,0.0,0,0.0,0,0.0,0,2324,17,0.0,0,0.0,0,0.0,0,0.0,0
2012-10-12T09:22:26.000,2324,17490,2323.8,4,0.0,0,0.0,0,0.0,0,0.0,0,2324,11,0.0,0,0.0,0,0.0,0,0.0,0
2012-10-12T09:22:26.500,2323.8,17496,2323.6,79,0.0,0,0.0,0,0.0,0,0.0,0,2324,12,0.0,0,0.0,0,0.0,0,0.0,0
2012-10-12T09:22:27.000,2324,17502,2323.8,3,0.0,0,0.0,0,0.0,0,0.0,0,2324,17,0.0,0,0.0,0,0.0,0,0.0,0
2012-10-12T09:22:27.500,2324,17510,2323.8,13,0.0,0,0.0,0,0.0,0,0.0,0,2324,10,0.0,0,0.0,0,0.0,0,0.0,0
2012-10-12T09:22:28.000,2324,17534,2323.8,28,0.0,0,0.0,0,0.0,0,0.0,0,2324,8,0.0,0,0.0,0,0.0,0,0.0,0
2012-10-12T09:22:28.500,2323.8,17547,2323.8,22,0.0,0,0.0,0,0.0,0,0.0,0,2324,7,0.0,0,0.0,0,0.0,0,0.0,0
2012-10-12T09:22:29.000,2324,17575,2323.8,2,0.0,0,0.0,0,0.0,0,0.0,0,2324,4,0.0,0,0.0,0,0.0,0,0.0,0
2012-10-12T09:22:29.500,2324,17584,2323.8,2,0.0,0,0.0,0,0.0,0,0.0,0,2324,1,0.0,0,0.0,0,0.0,0,0.0,0
2012-10-12T09:22:30.000,2324,17592,2323.8,2,0.0,0,0.0,0,0.0,0,0.0,0,2324,3,0.0,0,0.0,0,0.0,0,0.0,0
2012-10-12T09:22:30.500,2324,17604,2323.6,82,0.0,0,0.0,0,0.0,0,0.0,0,2323.8,4,0.0,0,0.0,0,0.0,0,0.0,0
2012-10-12T09:22:31.000,2324.2,17617,2323.6,89,0.0,0,0.0,0,0.0,0,0.0,0,2324.2,16,0.0,0,0.0,0,0.0,0,0.0,0
2012-10-12T09:22:31.500,2323.8,17626,2323.8,11,0.0,0,0.0,0,0.0,0,0.0,0,2324.2,13,0.0,0,0.0,0,0.0,0,0.0,0
2012-10-12T09:22:32.000,2324,17638,2323.8,13,0.0,0,0.0,0,0.0,0,0.0,0,2324,1,0.0,0,0.0,0,0.0,0,0.0,0
2012-10-12T09:22:32.500,2324,17641,2323.8,65,0.0,0,0.0,0,0.0,0,0.0,0,2324.2,13,0.0,0,0.0,0,0.0,0,0.0,0
2012-10-12T09:22:33.000,2324.2,17647,2323.8,64,0.0,0,0.0,0,0.0,0,0.0,0,2324.2,8,0.0,0,0.0,0,0.0,0,0.0,0
2012-10-12T09:22:33.500,2324.2,17654,2324,1,0.0,0,0.0,0,0.0,0,0.0,0,2324.2,6,0.0,0,0.0,0,0.0,0,0.0,0
2012-10-12T09:22:34.000,2324.2,17662,2324,8,0.0,0,0.0,0,0.0,0,0.0,0,2324.2,1,0.0,0,0.0,0,0.0,0,0.0,0
2012-10-12T09:22:34.500,2324.2,17663,2324,18,0.0,0,0.0,0,0.0,0,0.0,0,2324.4,8,0.0,0,0.0,0,0.0,0,0.0,0
2012-10-12T09:22:35.000,2324,17664,2324,27,0.0,0,0.0,0,0.0,0,0.0,0,2324.4,8,0.0,0,0.0,0,0.0,0,0.0,0
2012-10-12T09:22:35.500,2324.4,17665,2324.2,2,0.0,0,0.0,0,0.0,0,0.0,0,2324.4,7,0.0,0,0.0,0,0.0,0,0.0,0
2012-10-12T09:22:36.000,2324.2,17668,2324,31,0.0,0,0.0,0,0.0,0,0.0,0,2324.4,8,0.0,0,0.0,0,0.0,0,0.0,0
2012-10-12T09:22:36.500,2324,17679,2324,21,0.0,0,0.0,0,0.0,0,0.0,0,2324.4,7,0.0,0,0.0,0,0.0,0,0.0,0
2012-10-12T09:22:37.250,2324,17702,2323.8,50,0.0,0,0.0,0,0.0,0,0.0,0,2324,9,0.0,0,0.0,0,0.0,0,0.0,0
2012-10-12T09:22:38.000,2323.8,17711,2323.8,49,0.0,0,0.0,0,0.0,0,0.0,0,2324,2,0.0,0,0.0,0,0.0,0,0.0,0
2012-10-12T09:22:38.500,2324,17734,2323.8,40,0.0,0,0.0,0,0.0,0,0.0,0,2324.4,17,0.0,0,0.0,0,0.0,0,0.0,0
2012-10-12T09:22:39.000,2324.4,17737,2324,9,0.0,0,0.0,0,0.0,0,0.0,0,2324.4,22,0.0,0,0.0,0,0.0,0,0.0,0
2012-10-12T09:22:39.500,2323.8,17757,2323.8,30,0.0,0,0.0,0,0.0,0,0.0,0,2324.2,11,0.0,0,0.0,0,0.0,0,0.0,0
2012-10-12T09:22:40.000,2324.2,17791,2323.8,4,0.0,0,0.0,0,0.0,0,0.0,0,2324.2,13,0.0,0,0.0,0,0.0,0,0.0,0
2012-10-12T09:22:40.500,2323.8,17812,2324,9,0.0,0,0.0,0,0.0,0,0.0,0,2324.2,14,0.0,0,0.0,0,0.0,0,0.0,0
2012-10-12T09:22:41.000,2324,17824,2324,8,0.0,0,0.0,0,0.0,0,0.0,0,2324.2,8,0.0,0,0.0,0,0.0,0,0.0,0
2012-10-12T09:22:41.500,2323.8,17843,2323.6,93,0.0,0,0.0,0,0.0,0,0.0,0,2323.8,1,0.0,0,0.0,0,0.0,0,0.0,0
2012-10-12T09:22:42.000,2324,17859,2323.6,115,0.0,0,0.0,0,0.0,0,0.0,0,2323.8,16,0.0,0,0.0,0,0.0,0,0.0,0
2012-10-12T09:22:42.500,2323.8,17864,2323.6,116,0.0,0,0.0,0,0.0,0,0.0,0,2323.8,11,0.0,0,0.0,0,0.0,0,0.0,0
2012-10-12T09:22:43.000,2323.8,17893,2323.6,95,0.0,0,0.0,0,0.0,0,0.0,0,2323.8,6,0.0,0,0.0,0,0.0,0,0.0,0
2012-10-12T09:22:43.500,2323.6,17916,2323.6,75,0.0,0,0.0,0,0.0,0,0.0,0,2323.8,5,0.0,0,0.0,0,0.0,0,0.0,0
2012-10-12T09:22:44.000,2323.8,17934,2323.8,2,0.0,0,0.0,0,0.0,0,0.0,0,2324,5,0.0,0,0.0,0,0.0,0,0.0,0
2012-10-12T09:22:44.500,2323.6,17959,2323.6,46,0.0,0,0.0,0,0.0,0,0.0,0,2323.8,1,0.0,0,0.0,0,0.0,0,0.0,0
2012-10-12T09:22:45.250,2323.8,17983,2323.6,28,0.0,0,0.0,0,0.0,0,0.0,0,2323.8,10,0.0,0,0.0,0,0.0,0,0.0,0
2012-10-12T09:22:46.000,2323.8,18001,2323.6,25,0.0,0,0.0,0,0.0,0,0.0,0,2323.8,12,0.0,0,0.0,0,0.0,0,0.0,0
2012-10-12T09:22:46.500,2323.6,18015,2323.6,13,0.0,0,0.0,0,0.0,0,0.0,0,2323.8,12,0.0,0,0.0,0,0.0,0,0.0,0
2012-10-12T09:22:47.000,2323.6,18029,2323.4,27,0.0,0,0.0,0,0.0,0,0.0,0,2323.6,1,0.0,0,0.0,0,0.0,0,0.0,0
2012-10-12T09:22:47.500,2323.8,18032,2323.6,2,0.0,0,0.0,0,0.0,0,0.0,0,2323.8,6,0.0,0,0.0,0,0.0,0,0.0,0
2012-10-12T09:22:48.000,2323.6,18039,2323.4,35,0.0,0,0.0,0,0.0,0,0.0,0,2323.6,23,0.0,0,0.0,0,0.0,0,0.0,0
2012-10-12T09:22:48.500,2323.4,18045,2323.4,33,0.0,0,0.0,0,0.0,0,0.0,0,2323.6,21,0.0,0,0.0,0,0.0,0,0.0,0
2012-10-12T09:22:49.000,2323.4,18081,2323.4,2,0.0,0,0.0,0,0.0,0,0.0,0,2323.6,20,0.0,0,0.0,0,0.0,0,0.0,0
2012-10-12T09:22:49.500,2323.6,18085,2323.4,1,0.0,0,0.0,0,0.0,0,0.0,0,2323.6,21,0.0,0,0.0,0,0.0,0,0.0,0
2012-10-12T09:22:50.000,2323.6,18088,2323.2,100,0.0,0,0.0,0,0.0,0,0.0,0,2323.6,21,0.0,0,0.0,0,0.0,0,0.0,0
2012-10-12T09:22:50.500,2323.6,18093,2323.4,2,0.0,0,0.0,0,0.0,0,0.0,0,2323.6,14,0.0,0,0.0,0,0.0,0,0.0,0
2012-10-12T09:22:51.000,2323.6,18103,2323.4,32,0.0,0,0.0,0,0.0,0,0.0,0,2323.6,7,0.0,0,0.0,0,0.0,0,0.0,0
2012-10-12T09:22:51.500,2323.6,18111,2323.6,14,0.0,0,0.0,0,0.0,0,0.0,0,2323.8,11,0.0,0,0.0,0,0.0,0,0.0,0
2012-10-12T09:22:52.000,2323.6,18118,2323.6,13,0.0,0,0.0,0,0.0,0,0.0,0,2323.8,6,0.0,0,0.0,0,0.0,0,0.0,0
2012-10-12T09:22:52.500,2323.6,18120,2323.6,28,0.0,0,0.0,0,0.0,0,0.0,0,2323.8,7,0.0,0,0.0,0,0.0,0,0.0,0
2012-10-12T09:22:53.000,2324,18132,2323.6,28,0.0,0,0.0,0,0.0,0,0.0,0,2324,21,0.0,0,0.0,0,0.0,0,0.0,0
2012-10-12T09:22:53.500,2323.8,18141,2323.6,24,0.0,0,0.0,0,0.0,0,0.0,0,2323.8,4,0.0,0,0.0,0,0.0,0,0.0,0
2012-10-12T09:22:54.000,2323.8,18147,2323.8,4,0.0,0,0.0,0,0.0,0,0.0,0,2324,21,0.0,0,0.0,0,0.0,0,0.0,0
2012-10-12T09:22:54.500,2323.8,18150,2323.8,5,0.0,0,0.0,0,0.0,0,0.0,0,2324,21,0.0,0,0.0,0,0.0,0,0.0,0
2012-10-12T09:22:55.000,2323.8,18154,2323.8,1,0.0,0,0.0,0,0.0,0,0.0,0,2324,39,0.0,0,0.0,0,0.0,0,0.0,0
2012-10-12T09:22:55.500,2323.6,18159,2323.6,23,0.0,0,0.0,0,0.0,0,0.0,0,2324,40,0.0,0,0.0,0,0.0,0,0.0,0
2012-10-12T09:22:56.000,2324,18161,2323.6,54,0.0,0,0.0,0,0.0,0,0.0,0,2323.8,1,0.0,0,0.0,0,0.0,0,0.0,0
2012-10-12T09:22:56.500,2324,18168,2323.6,54,0.0,0,0.0,0,0.0,0,0.0,0,2324,33,0.0,0,0.0,0,0.0,0,0.0,0
2012-10-12T09:22:57.000,2324,18174,2323.8,3,0.0,0,0.0,0,0.0,0,0.0,0,2324,30,0.0,0,0.0,0,0.0,0,0.0,0
2012-10-12T09:22:57.500,2323.8,18180,2323.8,2,0.0,0,0.0,0,0.0,0,0.0,0,2324,26,0.0,0,0.0,0,0.0,0,0.0,0
2012-10-12T09:22:58.000,2324,18185,2323.8,39,0.0,0,0.0,0,0.0,0,0.0,0,2324,54,0.0,0,0.0,0,0.0,0,0.0,0
2012-10-12T09:22:58.500,2324,18187,2323.8,56,0.0,0,0.0,0,0.0,0,0.0,0,2324,53,0.0,0,0.0,0,0.0,0,0.0,0
2012-10-12T09:22:59.000,2324,18228,2323.8,83,0.0,0,0.0,0,0.0,0,0.0,0,2324,15,0.0,0,0.0,0,0.0,0,0.0,0
2012-10-12T09:22:59.500,2324,18243,2324,93,0.0,0,0.0,0,0.0,0,0.0,0,2324.2,14,0.0,0,0.0,0,0.0,0,0.0,0
2012-10-12T09:23:00.000,2324.2,18267,2324,248,0.0,0,0.0,0,0.0,0,0.0,0,2324.4,23,0.0,0,0.0,0,0.0,0,0.0,0
2012-10-12T09:23:00.500,2324.4,18281,2324.2,23,0.0,0,0.0,0,0.0,0,0.0,0,2324.4,22,0.0,0,0.0,0,0.0,0,0.0,0
2012-10-12T09:23:01.000,2324.4,18353,2324.2,11,0.0,0,0.0,0,0.0,0,0.0,0,2324.4,5,0.0,0,0.0,0,0.0,0,0.0,0
2012-10-12T09:23:01.500,2324.4,18359,2324.4,17,0.0,0,0.0,0,0.0,0,0.0,0,2324.6,14,0.0,0,0.0,0,0.0,0,0.0,0
2012-10-12T09:23:02.000,2324.4,18364,2324.4,18,0.0,0,0.0,0,0.0,0,0.0,0,2324.6,21,0.0,0,0.0,0,0.0,0,0.0,0
2012-10-12T09:23:02.500,2324.8,18405,2324.8,3,0.0,0,0.0,0,0.0,0,0.0,0,2325,30,0.0,0,0.0,0,0.0,0,0.0,0
2012-10-12T09:23:03.000,2324.8,18411,2324.6,27,0.0,0,0.0,0,0.0,0,0.0,0,2324.8,1,0.0,0,0.0,0,0.0,0,0.0,0
2012-10-12T09:23:03.500,2324.6,18418,2324.8,1,0.0,0,0.0,0,0.0,0,0.0,0,2325,32,0.0,0,0.0,0,0.0,0,0.0,0
2012-10-12T09:23:04.000,2325,18422,2324.8,16,0.0,0,0.0,0,0.0,0,0.0,0,2325,28,0.0,0,0.0,0,0.0,0,0.0,0
2012-10-12T09:23:04.500,2324.6,18459,2324.6,21,0.0,0,0.0,0,0.0,0,0.0,0,2325,19,0.0,0,0.0,0,0.0,0,0.0,0
2012-10-12T09:23:05.000,2325,18462,2324.8,15,0.0,0,0.0,0,0.0,0,0.0,0,2325,19,0.0,0,0.0,0,0.0,0,0.0,0
2012-10-12T09:23:05.500,2324.6,18502,2324.6,13,0.0,0,0.0,0,0.0,0,0.0,0,2325,2,0.0,0,0.0,0,0.0,0,0.0,0
2012-10-12T09:23:06.000,2324.6,18516,2324.6,2,0.0,0,0.0,0,0.0,0,0.0,0,2325.2,7,0.0,0,0.0,0,0.0,0,0.0,0
2012-10-12T09:23:06.500,2325,18548,2324.6,7,0.0,0,0.0,0,0.0,0,0.0,0,2325,19,0.0,0,0.0,0,0.0,0,0.0,0
2012-10-12T09:23:07.000,2325,18561,2324.6,6,0.0,0,0.0,0,0.0,0,0.0,0,2325,19,0.0,0,0.0,0,0.0,0,0.0,0
2012-10-12T09:23:07.500,2325,18589,2324.4,10,0.0,0,0.0,0,0.0,0,0.0,0,2324.8,10,0.0,0,0.0,0,0.0,0,0.0,0
2012-10-12T09:23:08.000,2324.8,18592,2324.6,9,0.0,0,0.0,0,0.0,0,0.0,0,2324.8,12,0.0,0,0.0,0,0.0,0,0.0,0
2012-10-12T09:23:08.500,2325,18612,2324.6,3,0.0,0,0.0,0,0.0,0,0.0,0,2324.8,3,0.0,0,0.0,0,0.0,0,0.0,0
2012-10-12T09:23:09.000,2324.4,18627,2324.2,20,0.0,0,0.0,0,0.0,0,0.0,0,2324.4,7,0.0,0,0.0,0,0.0,0,0.0,0
2012-10-12T09:23:09.500,2325,18642,2324.8,84,0.0,0,0.0,0,0.0,0,0.0,0,2325,7,0.0,0,0.0,0,0.0,0,0.0,0
2012-10-12T09:23:10.000,2325,18656,2325,13,0.0,0,0.0,0,0.0,0,0.0,0,2325.2,18,0.0,0,0.0,0,0.0,0,0.0,0
2012-10-12T09:23:10.500,2325,18689,2325,6,0.0,0,0.0,0,0.0,0,0.0,0,2325.2,6,0.0,0,0.0,0,0.0,0,0.0,0
2012-10-12T09:23:11.000,2325,18711,2324.8,68,0.0,0,0.0,0,0.0,0,0.0,0,2325,7,0.0,0,0.0,0,0.0,0,0.0,0
