date_time,last_px,total_volume,bid1_px,bid1_qty,bid2_px,bid2_qty,bid3_px,bid3_qty,bid4_px,bid4_qty,bid5_px,bid5_qty,ask1_px,ask1_qty,ask2_px,ask2_qty,ask3_px,ask3_qty,ask4_px,ask4_qty,ask5_px,ask5_qty
2012-11-22T09:14:00.250,2190.2,448,2190.2,3,0.0,0,0.0,0,0.0,0,0.0,0,2191,14,0.0,0,0.0,0,0.0,0,0.0,0
2012-11-22T09:15:00.250,2190,696,2189,9,0.0,0,0.0,0,0.0,0,0.0,0,2190,2,0.0,0,0.0,0,0.0,0,0.0,0
2012-11-22T09:15:01.000,2188.8,837,2188.8,63,0.0,0,0.0,0,0.0,0,0.0,0,2189.6,9,0.0,0,0.0,0,0.0,0,0.0,0
2012-11-22T09:15:01.500,2189,944,2188.8,23,0.0,0,0.0,0,0.0,0,0.0,0,2189.6,7,0.0,0,0.0,0,0.0,0,0.0,0
2012-11-22T09:15:02.000,2189,1119,2189,7,0.0,0,0.0,0,0.0,0,0.0,0,2189.4,8,0.0,0,0.0,0,0.0,0,0.0,0
2012-11-22T09:15:02.500,2189.4,1200,2189.6,2,0.0,0,0.0,0,0.0,0,0.0,0,2189.8,35,0.0,0,0.0,0,0.0,0,0.0,0
2012-11-22T09:15:03.000,2189.6,1300,2188.2,1,0.0,0,0.0,0,0.0,0,0.0,0,2189.6,89,0.0,0,0.0,0,0.0,0,0.0,0
2012-11-22T09:15:03.500,2188.8,1376,2188.6,2,0.0,0,0.0,0,0.0,0,0.0,0,2189,1,0.0,0,0.0,0,0.0,0,0.0,0
2012-11-22T09:15:04.000,2188.6,1443,2188.4,15,0.0,0,0.0,0,0.0,0,0.0,0,2188.6,22,0.0,0,0.0,0,0.0,0,0.0,0
2012-11-22T09:15:04.500,2188.2,1519,2188.4,1,0.0,0,0.0,0,0.0,0,0.0,0,2188.8,10,0.0,0,0.0,0,0.0,0,0.0,0
2012-11-22T09:15:05.000,2188.4,1552,2188,23,0.0,0,0.0,0,0.0,0,0.0,0,2188.4,6,0.0,0,0.0,0,0.0,0,0.0,0
2012-11-22T09:15:05.500,2188.2,1592,2187.6,8,0.0,0,0.0,0,0.0,0,0.0,0,2188.4,13,0.0,0,0.0,0,0.0,0,0.0,0
2012-11-22T09:15:06.000,2188,1638,2187.8,15,0.0,0,0.0,0,0.0,0,0.0,0,2188,8,0.0,0,0.0,0,0.0,0,0.0,0
2012-11-22T09:15:06.500,2188,1715,2188,6,0.0,0,0.0,0,0.0,0,0.0,0,2188.2,29,0.0,0,0.0,0,0.0,0,0.0,0
2012-11-22T09:15:07.000,2188,1815,2188,12,0.0,0,0.0,0,0.0,0,0.0,0,2188.4,24,0.0,0,0.0,0,0.0,0,0.0,0
2012-11-22T09:15:07.500,2188,1890,2187.4,1,0.0,0,0.0,0,0.0,0,0.0,0,2188,24,0.0,0,0.0,0,0.0,0,0.0,0
2012-11-22T09:15:08.000,2187.8,2017,2187.8,23,0.0,0,0.0,0,0.0,0,0.0,0,2188,21,0.0,0,0.0,0,0.0,0,0.0,0
2012-11-22T09:15:08.500,2187.8,2094,2187.8,1,0.0,0,0.0,0,0.0,0,0.0,0,2188,2,0.0,0,0.0,0,0.0,0,0.0,0
2012-11-22T09:15:09.000,2188,2139,2188,26,0.0,0,0.0,0,0.0,0,0.0,0,2188.4,3,0.0,0,0.0,0,0.0,0,0.0,0
2012-11-22T09:15:09.500,2188,2195,2187.8,18,0.0,0,0.0,0,0.0,0,0.0,0,2188,41,0.0,0,0.0,0,0.0,0,0.0,0
2012-11-22T09:15:10.000,2187.8,2278,2187.6,7,0.0,0,0.0,0,0.0,0,0.0,0,2188,5,0.0,0,0.0,0,0.0,0,0.0,0
2012-11-22T09:15:10.500,2188,2328,2187.6,46,0.0,0,0.0,0,0.0,0,0.0,0,2188.2,27,0.0,0,0.0,0,0.0,0,0.0,0
2012-11-22T09:15:11.000,2187.6,2374,2187.6,44,0.0,0,0.0,0,0.0,0,0.0,0,2187.8,5,0.0,0,0.0,0,0.0,0,0.0,0
2012-11-22T09:15:11.500,2187.8,2439,2187.8,11,0.0,0,0.0,0,0.0,0,0.0,0,2188,68,0.0,0,0.0,0,0.0,0,0.0,0
2012-11-22T09:15:12.000,2188,2495,2187.8,3,0.0,0,0.0,0,0.0,0,0.0,0,2188,57,0.0,0,0.0,0,0.0,0,0.0,0
2012-11-22T09:15:12.500,2187.8,2517,2187.6,19,0.0,0,0.0,0,0.0,0,0.0,0,2187.8,35,0.0,0,0.0,0,0.0,0,0.0,0
2012-11-22T09:15:13.000,2187.6,2596,2187.8,1,0.0,0,0.0,0,0.0,0,0.0,0,2188,32,0.0,0,0.0,0,0.0,0,0.0,0
2012-11-22T09:15:13.500,2187.8,2619,2187.8,1,0.0,0,0.0,0,0.0,0,0.0,0,2188,37,0.0,0,0.0,0,0.0,0,0.0,0
2012-11-22T09:15:14.000,2188,2678,2187.8,8,0.0,0,0.0,0,0.0,0,0.0,0,2188.4,28,0.0,0,0.0,0,0.0,0,0.0,0
2012-11-22T09:15:14.500,2188,2703,2188,45,0.0,0,0.0,0,0.0,0,0.0,0,2188.4,24,0.0,0,0.0,0,0.0,0,0.0,0
2012-11-22T09:15:15.000,2188,2824,2188.2,11,0.0,0,0.0,0,0.0,0,0.0,0,2188.4,26,0.0,0,0.0,0,0.0,0,0.0,0
2012-11-22T09:15:15.500,2188.6,2882,2188.6,6,0.0,0,0.0,0,0.0,0,0.0,0,2188.8,14,0.0,0,0.0,0,0.0,0,0.0,0
2012-11-22T09:15:16.000,2188.6,2933,2188.4,10,0.0,0,0.0,0,0.0,0,0.0,0,2188.6,14,0.0,0,0.0,0,0.0,0,0.0,0
2012-11-22T09:15:16.500,2188.6,2962,2188.2,16,0.0,0,0.0,0,0.0,0,0.0,0,2188.4,2,0.0,0,0.0,0,0.0,0,0.0,0
2012-11-22T09:15:17.000,2188.4,3042,2188,1,0.0,0,0.0,0,0.0,0,0.0,0,2188.4,3,0.0,0,0.0,0,0.0,0,0.0,0
2012-11-22T09:15:17.500,2188.4,3077,2188.2,4,0.0,0,0.0,0,0.0,0,0.0,0,2188.4,38,0.0,0,0.0,0,0.0,0,0.0,0
2012-11-22T09:15:18.000,2188,3099,2187.8,1,0.0,0,0.0,0,0.0,0,0.0,0,2188,11,0.0,0,0.0,0,0.0,0,0.0,0
2012-11-22T09:15:18.500,2188.2,3126,2187.6,2,0.0,0,0.0,0,0.0,0,0.0,0,2187.8,4,0.0,0,0.0,0,0.0,0,0.0,0
2012-11-22T09:15:19.000,2187.6,3143,2187.6,1,0.0,0,0.0,0,0.0,0,0.0,0,2188,13,0.0,0,0.0,0,0.0,0,0.0,0
2012-11-22T09:15:19.500,2188.4,3244,2187.8,3,0.0,0,0.0,0,0.0,0,0.0,0,2188.4,32,0.0,0,0.0,0,0.0,0,0.0,0
2012-11-22T09:15:20.000,2188,3297,2188,1,0.0,0,0.0,0,0.0,0,0.0,0,2188.2,21,0.0,0,0.0,0,0.0,0,0.0,0
2012-11-22T09:15:20.500,2188,3314,2187.8,1,0.0,0,0.0,0,0.0,0,0.0,0,2188,1,0.0,0,0.0,0,0.0,0,0.0,0
2012-11-22T09:15:21.000,2187.8,3333,2187.8,5,0.0,0,0.0,0,0.0,0,0.0,0,2188.2,9,0.0,0,0.0,0,0.0,0,0.0,0
2012-11-22T09:15:21.500,2187.6,3353,2187.4,5,0.0,0,0.0,0,0.0,0,0.0,0,2187.8,3,0.0,0,0.0,0,0.0,0,0.0,0
2012-11-22T09:15:22.000,2188,3374,2187.4,9,0.0,0,0.0,0,0.0,0,0.0,0,2188,20,0.0,0,0.0,0,0.0,0,0.0,0
2012-11-22T09:15:22.500,2188,3403,2187.4,15,0.0,0,0.0,0,0.0,0,0.0,0,2188,27,0.0,0,0.0,0,0.0,0,0.0,0
2012-11-22T09:15:23.000,2187.6,3444,2187.2,66,0.0,0,0.0,0,0.0,0,0.0,0,2187.4,1,0.0,0,0.0,0,0.0,0,0.0,0
2012-11-22T09:15:23.500,2187.4,3454,2187.4,4,0.0,0,0.0,0,0.0,0,0.0,0,2187.6,29,0.0,0,0.0,0,0.0,0,0.0,0
2012-11-22T09:15:24.000,2187.4,3481,2187.2,57,0.0,0,0.0,0,0.0,0,0.0,0,2187.4,1,0.0,0,0.0,0,0.0,0,0.0,0
2012-11-22T09:15:24.500,2187.2,3505,2187.2,41,0.0,0,0.0,0,0.0,0,0.0,0,2187.4,21,0.0,0,0.0,0,0.0,0,0.0,0
2012-11-22T09:15:25.000,2187.2,3561,2187.2,2,0.0,0,0.0,0,0.0,0,0.0,0,2187.4,8,0.0,0,0.0,0,0.0,0,0.0,0
2012-11-22T09:15:25.500,2187.2,3596,2187,16,0.0,0,0.0,0,0.0,0,0.0,0,2187.2,38,0.0,0,0.0,0,0.0,0,0.0,0
2012-11-22T09:15:26.000,2187,3690,2187,9,0.0,0,0.0,0,0.0,0,0.0,0,2187.2,6,0.0,0,0.0,0,0.0,0,0.0,0
2012-11-22T09:15:26.500,2187.2,3770,2187.2,6,0.0,0,0.0,0,0.0,0,0.0,0,2187.4,21,0.0,0,0.0,0,0.0,0,0.0,0
2012-11-22T09:15:27.000,2187.2,3810,2186.4,9,0.0,0,0.0,0,0.0,0,0.0,0,2187.2,38,0.0,0,0.0,0,0.0,0,0.0,0
2012-11-22T09:15:27.500,2187,3873,2186.6,24,0.0,0,0.0,0,0.0,0,0.0,0,2187,8,0.0,0,0.0,0,0.0,0,0.0,0
2012-11-22T09:15:28.000,2186.8,3904,2186.8,16,0.0,0,0.0,0,0.0,0,0.0,0,2187,58,0.0,0,0.0,0,0.0,0,0.0,0
2012-11-22T09:15:28.500,2187,3959,2186.8,15,0.0,0,0.0,0,0.0,0,0.0,0,2187,23,0.0,0,0.0,0,0.0,0,0.0,0
2012-11-22T09:15:29.000,2187,4021,2187,14,0.0,0,0.0,0,0.0,0,0.0,0,2187.4,15,0.0,0,0.0,0,0.0,0,0.0,0
2012-11-22T09:15:29.500,2187.2,4047,2187.2,6,0.0,0,0.0,0,0.0,0,0.0,0,2187.4,5,0.0,0,0.0,0,0.0,0,0.0,0
2012-11-22T09:15:30.000,2187.2,4054,2187.2,6,0.0,0,0.0,0,0.0,0,0.0,0,2187.4,3,0.0,0,0.0,0,0.0,0,0.0,0
2012-11-22T09:15:30.500,2187.2,4086,2187.4,2,0.0,0,0.0,0,0.0,0,0.0,0,2187.6,12,0.0,0,0.0,0,0.0,0,0.0,0
2012-11-22T09:15:31.000,2187.4,4105,2187.4,19,0.0,0,0.0,0,0.0,0,0.0,0,2187.6,7,0.0,0,0.0,0,0.0,0,0.0,0
2012-11-22T09:15:31.500,2187.2,4151,2187.2,28,0.0,0,0.0,0,0.0,0,0.0,0,2187.4,16,0.0,0,0.0,0,0.0,0,0.0,0
2012-11-22T09:15:32.000,2187.4,4174,2187.2,1,0.0,0,0.0,0,0.0,0,0.0,0,2187.4,24,0.0,0,0.0,0,0.0,0,0.0,0
2012-11-22T09:15:32.500,2187.2,4202,2187,45,0.0,0,0.0,0,0.0,0,0.0,0,2187.2,13,0.0,0,0.0,0,0.0,0,0.0,0
2012-11-22T09:15:33.000,2187.4,4255,2187,33,0.0,0,0.0,0,0.0,0,0.0,0,2187.4,7,0.0,0,0.0,0,0.0,0,0.0,0
2012-11-22T09:15:33.500,2187,4306,2187,10,0.0,0,0.0,0,0.0,0,0.0,0,2187.2,94,0.0,0,0.0,0,0.0,0,0.0,0
2012-11-22T09:15:34.000,2187,4336,2186.8,13,0.0,0,0.0,0,0.0,0,0.0,0,2187,11,0.0,0,0.0,0,0.0,0,0.0,0
2012-11-22T09:15:34.500,2186.8,4369,2186.6,39,0.0,0,0.0,0,0.0,0,0.0,0,2186.8,12,0.0,0,0.0,0,0.0,0,0.0,0
2012-11-22T09:15:35.000,2187,4393,2186.8,30,0.0,0,0.0,0,0.0,0,0.0,0,2187,63,0.0,0,0.0,0,0.0,0,0.0,0
2012-11-22T09:15:35.500,2187,4401,2186.8,29,0.0,0,0.0,0,0.0,0,0.0,0,2187,67,0.0,0,0.0,0,0.0,0,0.0,0
2012-11-22T09:15:36.000,2187,4433,2186.8,36,0.0,0,0.0,0,0.0,0,0.0,0,2187,58,0.0,0,0.0,0,0.0,0,0.0,0
2012-11-22T09:15:36.500,2187,4498,2187,65,0.0,0,0.0,0,0.0,0,0.0,0,2187.2,106,0.0,0,0.0,0,0.0,0,0.0,0
2012-11-22T09:15:37.000,2187,4554,2187,27,0.0,0,0.0,0,0.0,0,0.0,0,2187.2,82,0.0,0,0.0,0,0.0,0,0.0,0
2012-11-22T09:15:37.500,2187.2,4595,2187,14,0.0,0,0.0,0,0.0,0,0.0,0,2187.2,58,0.0,0,0.0,0,0.0,0,0.0,0
2012-11-22T09:15:38.000,2187.2,4630,2187,26,0.0,0,0.0,0,0.0,0,0.0,0,2187.2,29,0.0,0,0.0,0,0.0,0,0.0,0
2012-11-22T09:15:38.500,2187.2,4673,2187.2,15,0.0,0,0.0,0,0.0,0,0.0,0,2187.4,50,0.0,0,0.0,0,0.0,0,0.0,0
2012-11-22T09:15:39.000,2187.2,4707,2187.2,9,0.0,0,0.0,0,0.0,0,0.0,0,2187.4,50,0.0,0,0.0,0,0.0,0,0.0,0
2012-11-22T09:15:39.500,2187.4,4721,2187.2,29,0.0,0,0.0,0,0.0,0,0.0,0,2187.4,47,0.0,0,0.0,0,0.0,0,0.0,0
2012-11-22T09:15:40.000,2187.4,4739,2187.2,26,0.0,0,0.0,0,0.0,0,0.0,0,2187.4,40,0.0,0,0.0,0,0.0,0,0.0,0
2012-11-22T09:15:40.500,2187.2,4750,2187.2,21,0.0,0,0.0,0,0.0,0,0.0,0,2187.4,36,0.0,0,0.0,0,0.0,0,0.0,0
2012-11-22T09:15:41.000,2187.4,4787,2187.2,16,0.0,0,0.0,0,0.0,0,0.0,0,2187.4,16,0.0,0,0.0,0,0.0,0,0.0,0
2012-11-22T09:15:41.500,2187,4880,2187.4,1,0.0,0,0.0,0,0.0,0,0.0,0,2187.6,38,0.0,0,0.0,0,0.0,0,0.0,0
2012-11-22T09:15:42.000,2187.2,4886,2187,17,0.0,0,0.0,0,0.0,0,0.0,0,2187.4,20,0.0,0,0.0,0,0.0,0,0.0,0
2012-11-22T09:15:42.500,2187.4,4911,2187,19,0.0,0,0.0,0,0.0,0,0.0,0,2187.4,8,0.0,0,0.0,0,0.0,0,0.0,0
2012-11-22T09:15:43.000,2187.4,4921,2187,21,0.0,0,0.0,0,0.0,0,0.0,0,2187.2,1,0.0,0,0.0,0,0.0,0,0.0,0
2012-11-22T09:15:43.500,2187.4,4983,2187.4,39,0.0,0,0.0,0,0.0,0,0.0,0,2187.6,39,0.0,0,0.0,0,0.0,0,0.0,0
2012-11-22T09:15:44.000,2187.4,5001,2187.4,27,0.0,0,0.0,0,0.0,0,0.0,0,2187.6,36,0.0,0,0.0,0,0.0,0,0.0,0
2012-11-22T09:15:44.500,2187.4,5010,2187.4,25,0.0,0,0.0,0,0.0,0,0.0,0,2187.6,36,0.0,0,0.0,0,0.0,0,0.0,0
2012-11-22T09:15:45.000,2187.6,5011,2187.4,25,0.0,0,0.0,0,0.0,0,0.0,0,2187.6,35,0.0,0,0.0,0,0.0,0,0.0,0
2012-11-22T09:15:45.500,2187.6,5030,2187.4,13,0.0,0,0.0,0,0.0,0,0.0,0,2187.6,31,0.0,0,0.0,0,0.0,0,0.0,0
2012-11-22T09:15:46.000,2187.4,5042,2187.4,7,0.0,0,0.0,0,0.0,0,0.0,0,2187.6,27,0.0,0,0.0,0,0.0,0,0.0,0
2012-11-22T09:15:46.500,2187.8,5077,2187.6,27,0.0,0,0.0,0,0.0,0,0.0,0,2187.8,21,0.0,0,0.0,0,0.0,0,0.0,0
2012-11-22T09:15:47.000,2187.6,5090,2187.6,25,0.0,0,0.0,0,0.0,0,0.0,0,2187.8,19,0.0,0,0.0,0,0.0,0,0.0,0
2012-11-22T09:15:47.500,2187.6,5118,2187.6,4,0.0,0,0.0,0,0.0,0,0.0,0,2187.8,26,0.0,0,0.0,0,0.0,0,0.0,0
2012-11-22T09:15:48.000,2187.8,5131,2187.6,8,0.0,0,0.0,0,0.0,0,0.0,0,2187.8,14,0.0,0,0.0,0,0.0,0,0.0,0
2012-11-22T09:15:48.500,2187.6,5156,2187.4,22,0.0,0,0.0,0,0.0,0,0.0,0,2187.6,37,0.0,0,0.0,0,0.0,0,0.0,0
2012-11-22T09:15:49.000,2187.6,5167,2187.4,22,0.0,0,0.0,0,0.0,0,0.0,0,2187.6,30,0.0,0,0.0,0,0.0,0,0.0,0
2012-11-22T09:15:49.500,2187.8,5224,2187.8,27,0.0,0,0.0,0,0.0,0,0.0,0,2188,102,0.0,0,0.0,0,0.0,0,0.0,0
2012-11-22T09:15:50.000,2188,5235,2187.8,23,0.0,0,0.0,0,0.0,0,0.0,0,2188,102,0.0,0,0.0,0,0.0,0,0.0,0
2012-11-22T09:15:50.500,2188,5246,2187.8,16,0.0,0,0.0,0,0.0,0,0.0,0,2188,100,0.0,0,0.0,0,0.0,0,0.0,0
2012-11-22T09:15:51.000,2188,5256,2187.8,13,0.0,0,0.0,0,0.0,0,0.0,0,2188,95,0.0,0,0.0,0,0.0,0,0.0,0
2012-11-22T09:15:51.500,2188,5276,2187.8,13,0.0,0,0.0,0,0.0,0,0.0,0,2188,79,0.0,0,0.0,0,0.0,0,0.0,0
2012-11-22T09:15:52.000,2187.8,5280,2187.8,12,0.0,0,0.0,0,0.0,0,0.0,0,2188,76,0.0,0,0.0,0,0.0,0,0.0,0
2012-11-22T09:15:52.500,2188,5316,2187.8,14,0.0,0,0.0,0,0.0,0,0.0,0,2188,41,0.0,0,0.0,0,0.0,0,0.0,0
2012-11-22T09:15:53.000,2188,5337,2187.8,5,0.0,0,0.0,0,0.0,0,0.0,0,2188,34,0.0,0,0.0,0,0.0,0,0.0,0
2012-11-22T09:15:53.500,2188,5368,2187.8,14,0.0,0,0.0,0,0.0,0,0.0,0,2188,12,0.0,0,0.0,0,0.0,0,0.0,0
2012-11-22T09:15:54.000,2188,5380,2187.8,1,0.0,0,0.0,0,0.0,0,0.0,0,2188,8,0.0,0,0.0,0,0.0,0,0.0,0
2012-11-22T09:15:54.500,2188,5402,2187.8,9,0.0,0,0.0,0,0.0,0,0.0,0,2188,22,0.0,0,0.0,0,0.0,0,0.0,0
2012-11-22T09:15:55.000,2188,5416,2187.6,14,0.0,0,0.0,0,0.0,0,0.0,0,2188,15,0.0,0,0.0,0,0.0,0,0.0,0
2012-11-22T09:15:55.500,2188,5434,2187.8,1,0.0,0,0.0,0,0.0,0,0.0,0,2188,2,0.0,0,0.0,0,0.0,0,0.0,0
2012-11-22T09:15:56.000,2188,5446,2187.8,10,0.0,0,0.0,0,0.0,0,0.0,0,2188,2,0.0,0,0.0,0,0.0,0,0.0,0
2012-11-22T09:15:56.500,2188.4,5472,2188.2,6,0.0,0,0.0,0,0.0,0,0.0,0,2188.4,25,0.0,0,0.0,0,0.0,0,0.0,0
2012-11-22T09:15:57.000,2187.8,5493,2187.6,16,0.0,0,0.0,0,0.0,0,0.0,0,2187.8,39,0.0,0,0.0,0,0.0,0,0.0,0
2012-11-22T09:15:57.500,2187.8,5519,2187.6,15,0.0,0,0.0,0,0.0,0,0.0,0,2187.8,14,0.0,0,0.0,0,0.0,0,0.0,0
2012-11-22T09:15:58.000,2187.8,5536,2187.6,18,0.0,0,0.0,0,0.0,0,0.0,0,2187.8,1,0.0,0,0.0,0,0.0,0,0.0,0
2012-11-22T09:15:58.500,2187.8,5544,2187.8,4,0.0,0,0.0,0,0.0,0,0.0,0,2188,17,0.0,0,0.0,0,0.0,0,0.0,0
2012-11-22T09:15:59.000,2188,5552,2187.8,3,0.0,0,0.0,0,0.0,0,0.0,0,2188,11,0.0,0,0.0,0,0.0,0,0.0,0
2012-11-22T09:15:59.500,2188,5555,2187.8,10,0.0,0,0.0,0,0.0,0,0.0,0,2188,12,0.0,0,0.0,0,0.0,0,0.0,0
2012-11-22T09:16:00.000,2187.8,5563,2187.8,18,0.0,0,0.0,0,0.0,0,0.0,0,2188,7,0.0,0,0.0,0,0.0,0,0.0,0
2012-11-22T09:16:00.500,2188,5628,2188,4,0.0,0,0.0,0,0.0,0,0.0,0,2188.4,53,0.0,0,0.0,0,0.0,0,0.0,0
2012-11-22T09:16:01.000,2187.8,5652,2187.8,9,0.0,0,0.0,0,0.0,0,0.0,0,2188,6,0.0,0,0.0,0,0.0,0,0.0,0
2012-11-22T09:16:01.500,2188,5674,2188,26,0.0,0,0.0,0,0.0,0,0.0,0,2188.2,12,0.0,0,0.0,0,0.0,0,0.0,0
2012-11-22T09:16:02.000,2188,5692,2188,13,0.0,0,0.0,0,0.0,0,0.0,0,2188.2,10,0.0,0,0.0,0,0.0,0,0.0,0
2012-11-22T09:16:02.500,2188,5702,2188,8,0.0,0,0.0,0,0.0,0,0.0,0,2188.2,15,0.0,0,0.0,0,0.0,0,0.0,0
2012-11-22T09:16:03.000,2187.8,5716,2187.8,3,0.0,0,0.0,0,0.0,0,0.0,0,2188.2,21,0.0,0,0.0,0,0.0,0,0.0,0
2012-11-22T09:16:03.500,2187.8,5725,2187.8,2,0.0,0,0.0,0,0.0,0,0.0,0,2188,3,0.0,0,0.0,0,0.0,0,0.0,0
2012-11-22T09:16:04.000,2187.8,5739,2187.6,31,0.0,0,0.0,0,0.0,0,0.0,0,2187.8,71,0.0,0,0.0,0,0.0,0,0.0,0
2012-11-22T09:16:04.500,2187.6,5774,2187.6,1,0.0,0,0.0,0,0.0,0,0.0,0,2187.8,112,0.0,0,0.0,0,0.0,0,0.0,0
2012-11-22T09:16:05.000,2187.6,5792,2187.4,34,0.0,0,0.0,0,0.0,0,0.0,0,2187.6,51,0.0,0,0.0,0,0.0,0,0.0,0
2012-11-22T09:16:05.500,2187.4,5827,2187.2,72,0.0,0,0.0,0,0.0,0,0.0,0,2187.4,15,0.0,0,0.0,0,0.0,0,0.0,0
2012-11-22T09:16:06.000,2187.6,5913,2187.2,55,0.0,0,0.0,0,0.0,0,0.0,0,2187.6,22,0.0,0,0.0,0,0.0,0,0.0,0
2012-11-22T09:16:06.500,2187.2,5935,2187.2,41,0.0,0,0.0,0,0.0,0,0.0,0,2187.4,2,0.0,0,0.0,0,0.0,0,0.0,0
2012-11-22T09:16:07.000,2187.2,5956,2187.2,23,0.0,0,0.0,0,0.0,0,0.0,0,2187.4,5,0.0,0,0.0,0,0.0,0,0.0,0
2012-11-22T09:16:07.500,2187.2,5966,2187.2,31,0.0,0,0.0,0,0.0,0,0.0,0,2187.4,9,0.0,0,0.0,0,0.0,0,0.0,0
2012-11-22T09:16:08.000,2187.2,5985,2187.2,13,0.0,0,0.0,0,0.0,0,0.0,0,2187.4,8,0.0,0,0.0,0,0.0,0,0.0,0
2012-11-22T09:16:08.500,2187.2,6007,2187,85,0.0,0,0.0,0,0.0,0,0.0,0,2187.2,10,0.0,0,0.0,0,0.0,0,0.0,0
2012-11-22T09:16:09.000,2187,6015,2187,84,0.0,0,0.0,0,0.0,0,0.0,0,2187.2,61,0.0,0,0.0,0,0.0,0,0.0,0
2012-11-22T09:16:09.500,2187,6046,2187,65,0.0,0,0.0,0,0.0,0,0.0,0,2187.2,50,0.0,0,0.0,0,0.0,0,0.0,0
2012-11-22T09:16:10.000,2187,6163,2186.8,37,0.0,0,0.0,0,0.0,0,0.0,0,2187,46,0.0,0,0.0,0,0.0,0,0.0,0
2012-11-22T09:16:10.500,2187,6191,2186.8,21,0.0,0,0.0,0,0.0,0,0.0,0,2187,76,0.0,0,0.0,0,0.0,0,0.0,0
2012-11-22T09:16:11.000,2186.8,6266,2186.6,21,0.0,0,0.0,0,0.0,0,0.0,0,2186.8,3,0.0,0,0.0,0,0.0,0,0.0,0
2012-11-22T09:16:11.500,2186.6,6284,2186.6,10,0.0,0,0.0,0,0.0,0,0.0,0,2186.8,17,0.0,0,0.0,0,0.0,0,0.0,0
2012-11-22T09:16:12.000,2186.6,6340,2186.6,6,0.0,0,0.0,0,0.0,0,0.0,0,2187,46,0.0,0,0.0,0,0.0,0,0.0,0
2012-11-22T09:16:12.500,2186.6,6357,2186.8,2,0.0,0,0.0,0,0.0,0,0.0,0,2187,47,0.0,0,0.0,0,0.0,0,0.0,0
2012-11-22T09:16:13.000,2187,6377,2186.8,1,0.0,0,0.0,0,0.0,0,0.0,0,2187,35,0.0,0,0.0,0,0.0,0,0.0,0
2012-11-22T09:16:13.500,2186.8,6390,2186.4,6,0.0,0,0.0,0,0.0,0,0.0,0,2186.8,7,0.0,0,0.0,0,0.0,0,0.0,0
2012-11-22T09:16:14.000,2186.8,6394,2186.6,9,0.0,0,0.0,0,0.0,0,0.0,0,2186.8,12,0.0,0,0.0,0,0.0,0,0.0,0
2012-11-22T09:16:14.500,2186.6,6407,2186.4,26,0.0,0,0.0,0,0.0,0,0.0,0,2186.6,4,0.0,0,0.0,0,0.0,0,0.0,0
2012-11-22T09:16:15.000,2186.6,6429,2186.6,2,0.0,0,0.0,0,0.0,0,0.0,0,2186.8,13,0.0,0,0.0,0,0.0,0,0.0,0
2012-11-22T09:16:15.500,2186.6,6447,2186.6,6,0.0,0,0.0,0,0.0,0,0.0,0,2186.8,5,0.0,0,0.0,0,0.0,0,0.0,0
2012-11-22T09:16:16.000,2186.8,6462,2186.6,10,0.0,0,0.0,0,0.0,0,0.0,0,2186.8,4,0.0,0,0.0,0,0.0,0,0.0,0
2012-11-22T09:16:16.500,2186.6,6546,2186.6,23,0.0,0,0.0,0,0.0,0,0.0,0,2187,39,0.0,0,0.0,0,0.0,0,0.0,0
2012-11-22T09:16:17.000,2186.2,6587,2186.6,3,0.0,0,0.0,0,0.0,0,0.0,0,2186.8,2,0.0,0,0.0,0,0.0,0,0.0,0
2012-11-22T09:16:17.500,2186.6,6603,2186.2,4,0.0,0,0.0,0,0.0,0,0.0,0,2186.6,19,0.0,0,0.0,0,0.0,0,0.0,0
2012-11-22T09:16:18.000,2186.6,6639,2186.2,5,0.0,0,0.0,0,0.0,0,0.0,0,2186.6,1,0.0,0,0.0,0,0.0,0,0.0,0
2012-11-22T09:16:18.500,2186.2,6674,2186.2,12,0.0,0,0.0,0,0.0,0,0.0,0,2186.6,3,0.0,0,0.0,0,0.0,0,0.0,0
2012-11-22T09:16:19.000,2186.6,6691,2186.2,14,0.0,0,0.0,0,0.0,0,0.0,0,2186.6,6,0.0,0,0.0,0,0.0,0,0.0,0
2012-11-22T09:16:19.500,2186.2,6715,2186.2,13,0.0,0,0.0,0,0.0,0,0.0,0,2186.8,39,0.0,0,0.0,0,0.0,0,0.0,0
2012-11-22T09:16:20.000,2186.6,6729,2186.4,5,0.0,0,0.0,0,0.0,0,0.0,0,2186.6,9,0.0,0,0.0,0,0.0,0,0.0,0
2012-11-22T09:16:20.500,2186.2,6738,2186,43,0.0,0,0.0,0,0.0,0,0.0,0,2186.2,5,0.0,0,0.0,0,0.0,0,0.0,0
2012-11-22T09:16:21.000,2186.2,6755,2186,45,0.0,0,0.0,0,0.0,0,0.0,0,2186.2,6,0.0,0,0.0,0,0.0,0,0.0,0
2012-11-22T09:16:21.500,2186,6784,2186,42,0.0,0,0.0,0,0.0,0,0.0,0,2186.4,23,0.0,0,0.0,0,0.0,0,0.0,0
2012-11-22T09:16:22.000,2186,6815,2186,13,0.0,0,0.0,0,0.0,0,0.0,0,2186.2,18,0.0,0,0.0,0,0.0,0,0.0,0
2012-11-22T09:16:22.500,2186,6864,2186,4,0.0,0,0.0,0,0.0,0,0.0,0,2186.2,1,0.0,0,0.0,0,0.0,0,0.0,0
2012-11-22T09:16:23.000,2186,6893,2185.8,8,0.0,0,0.0,0,0.0,0,0.0,0,2186,13,0.0,0,0.0,0,0.0,0,0.0,0
2012-11-22T09:16:23.500,2186,6911,2185.8,5,0.0,0,0.0,0,0.0,0,0.0,0,2186,2,0.0,0,0.0,0,0.0,0,0.0,0
2012-11-22T09:16:24.000,2186.2,6935,2186.2,5,0.0,0,0.0,0,0.0,0,0.0,0,2186.4,1,0.0,0,0.0,0,0.0,0,0.0,0
2012-11-22T09:16:24.500,2186.2,6969,2186.2,4,0.0,0,0.0,0,0.0,0,0.0,0,2186.4,1,0.0,0,0.0,0,0.0,0,0.0,0
2012-11-22T09:16:25.000,2186.2,6990,2186.2,43,0.0,0,0.0,0,0.0,0,0.0,0,2186.4,1,0.0,0,0.0,0,0.0,0,0.0,0
2012-11-22T09:16:25.500,2186.2,7002,2186.2,35,0.0,0,0.0,0,0.0,0,0.0,0,2186.4,10,0.0,0,0.0,0,0.0,0,0.0,0
2012-11-22T09:16:26.000,2186.2,7028,2186.4,38,0.0,0,0.0,0,0.0,0,0.0,0,2186.6,25,0.0,0,0.0,0,0.0,0,0.0,0
2012-11-22T09:16:26.500,2186.4,7051,2186.4,49,0.0,0,0.0,0,0.0,0,0.0,0,2186.6,6,0.0,0,0.0,0,0.0,0,0.0,0
2012-11-22T09:16:27.000,2186.6,7076,2186.6,15,0.0,0,0.0,0,0.0,0,0.0,0,2186.8,54,0.0,0,0.0,0,0.0,0,0.0,0
2012-11-22T09:16:27.500,2186.8,7085,2186.6,19,0.0,0,0.0,0,0.0,0,0.0,0,2186.8,76,0.0,0,0.0,0,0.0,0,0.0,0
2012-11-22T09:16:28.000,2186.6,7092,2186.6,19,0.0,0,0.0,0,0.0,0,0.0,0,2186.8,80,0.0,0,0.0,0,0.0,0,0.0,0
2012-11-22T09:16:28.500,2186.8,7112,2186.6,11,0.0,0,0.0,0,0.0,0,0.0,0,2186.8,66,0.0,0,0.0,0,0.0,0,0.0,0
2012-11-22T09:16:29.000,2186.6,7116,2186.6,8,0.0,0,0.0,0,0.0,0,0.0,0,2186.8,66,0.0,0,0.0,0,0.0,0,0.0,0
2012-11-22T09:16:29.500,2186.6,7135,2186.4,35,0.0,0,0.0,0,0.0,0,0.0,0,2186.6,2,0.0,0,0.0,0,0.0,0,0.0,0
2012-11-22T09:16:30.000,2186.6,7153,2186.4,30,0.0,0,0.0,0,0.0,0,0.0,0,2186.6,18,0.0,0,0.0,0,0.0,0,0.0,0
2012-11-22T09:16:30.500,2186.4,7170,2186.4,27,0.0,0,0.0,0,0.0,0,0.0,0,2186.6,6,0.0,0,0.0,0,0.0,0,0.0,0
2012-11-22T09:16:31.000,2186.6,7179,2186.4,27,0.0,0,0.0,0,0.0,0,0.0,0,2186.6,3,0.0,0,0.0,0,0.0,0,0.0,0
2012-11-22T09:16:31.500,2186.6,7190,2186.4,27,0.0,0,0.0,0,0.0,0,0.0,0,2186.8,31,0.0,0,0.0,0,0.0,0,0.0,0
2012-11-22T09:16:32.000,2186.6,7208,2186.6,9,0.0,0,0.0,0,0.0,0,0.0,0,2186.8,62,0.0,0,0.0,0,0.0,0,0.0,0
2012-11-22T09:16:32.500,2186.6,7219,2186.6,4,0.0,0,0.0,0,0.0,0,0.0,0,2186.8,59,0.0,0,0.0,0,0.0,0,0.0,0
2012-11-22T09:16:33.000,2186.4,7231,2186.4,21,0.0,0,0.0,0,0.0,0,0.0,0,2186.8,57,0.0,0,0.0,0,0.0,0,0.0,0
2012-11-22T09:16:33.500,2186.6,7280,2186.2,20,0.0,0,0.0,0,0.0,0,0.0,0,2186.6,14,0.0,0,0.0,0,0.0,0,0.0,0
2012-11-22T09:16:34.000,2186.6,7295,2186.6,6,0.0,0,0.0,0,0.0,0,0.0,0,2186.8,55,0.0,0,0.0,0,0.0,0,0.0,0
2012-11-22T09:16:34.500,2186.8,7297,2186.6,5,0.0,0,0.0,0,0.0,0,0.0,0,2186.8,54,0.0,0,0.0,0,0.0,0,0.0,0
2012-11-22T09:16:35.000,2186.6,7332,2186.6,72,0.0,0,0.0,0,0.0,0,0.0,0,2186.8,54,0.0,0,0.0,0,0.0,0,0.0,0
2012-11-22T09:16:35.500,2186.8,7344,2186.6,62,0.0,0,0.0,0,0.0,0,0.0,0,2186.8,58,0.0,0,0.0,0,0.0,0,0.0,0
2012-11-22T09:16:36.000,2186.8,7390,2186.6,60,0.0,0,0.0,0,0.0,0,0.0,0,2186.8,18,0.0,0,0.0,0,0.0,0,0.0,0
2012-11-22T09:16:36.500,2186.8,7412,2186.8,38,0.0,0,0.0,0,0.0,0,0.0,0,2187,63,0.0,0,0.0,0,0.0,0,0.0,0
2012-11-22T09:16:37.000,2186.8,7417,2186.8,38,0.0,0,0.0,0,0.0,0,0.0,0,2187,63,0.0,0,0.0,0,0.0,0,0.0,0
2012-11-22T09:16:37.500,2187,7482,2187,5,0.0,0,0.0,0,0.0,0,0.0,0,2187.2,18,0.0,0,0.0,0,0.0,0,0.0,0
2012-11-22T09:16:38.000,2187.2,7488,2187,1,0.0,0,0.0,0,0.0,0,0.0,0,2187.2,21,0.0,0,0.0,0,0.0,0,0.0,0
2012-11-22T09:16:38.500,2187.2,7497,2186.8,47,0.0,0,0.0,0,0.0,0,0.0,0,2187.2,48,0.0,0,0.0,0,0.0,0,0.0,0
2012-11-22T09:16:39.000,2187.2,7510,2186.8,42,0.0,0,0.0,0,0.0,0,0.0,0,2187.2,49,0.0,0,0.0,0,0.0,0,0.0,0
2012-11-22T09:16:39.500,2187,7523,2186.8,42,0.0,0,0.0,0,0.0,0,0.0,0,2187,10,0.0,0,0.0,0,0.0,0,0.0,0
2012-11-22T09:16:40.000,2187,7536,2186.8,40,0.0,0,0.0,0,0.0,0,0.0,0,2187,24,0.0,0,0.0,0,0.0,0,0.0,0
2012-11-22T09:16:40.500,2187,7582,2186.8,1,0.0,0,0.0,0,0.0,0,0.0,0,2187,27,0.0,0,0.0,0,0.0,0,0.0,0
2012-11-22T09:16:41.000,2187,7619,2187,36,0.0,0,0.0,0,0.0,0,0.0,0,2187.2,13,0.0,0,0.0,0,0.0,0,0.0,0
2012-11-22T09:16:41.500,2187,7628,2187,53,0.0,0,0.0,0,0.0,0,0.0,0,2187.2,12,0.0,0,0.0,0,0.0,0,0.0,0
2012-11-22T09:16:42.000,2187.2,7643,2187,122,0.0,0,0.0,0,0.0,0,0.0,0,2187.2,2,0.0,0,0.0,0,0.0,0,0.0,0
2012-11-22T09:16:42.500,2187.2,7690,2187.2,28,0.0,0,0.0,0,0.0,0,0.0,0,2187.4,19,0.0,0,0.0,0,0.0,0,0.0,0
2012-11-22T09:16:43.000,2187.2,7709,2187.2,32,0.0,0,0.0,0,0.0,0,0.0,0,2187.4,18,0.0,0,0.0,0,0.0,0,0.0,0
2012-11-22T09:16:43.500,2187.4,7723,2187.2,79,0.0,0,0.0,0,0.0,0,0.0,0,2187.4,6,0.0,0,0.0,0,0.0,0,0.0,0
2012-11-22T09:16:44.000,2187.4,7729,2187.4,10,0.0,0,0.0,0,0.0,0,0.0,0,2187.6,49,0.0,0,0.0,0,0.0,0,0.0,0
2012-11-22T09:16:44.500,2187.4,7734,2187.4,9,0.0,0,0.0,0,0.0,0,0.0,0,2187.6,46,0.0,0,0.0,0,0.0,0,0.0,0
2012-11-22T09:16:45.000,2187.4,7739,2187.4,10,0.0,0,0.0,0,0.0,0,0.0,0,2187.6,43,0.0,0,0.0,0,0.0,0,0.0,0
2012-11-22T09:16:45.500,2187.4,7749,2187.4,3,0.0,0,0.0,0,0.0,0,0.0,0,2187.6,43,0.0,0,0.0,0,0.0,0,0.0,0
2012-11-22T09:16:46.000,2187.4,7754,2187.2,82,0.0,0,0.0,0,0.0,0,0.0,0,2187.6,44,0.0,0,0.0,0,0.0,0,0.0,0
2012-11-22T09:16:46.500,2187.6,7771,2187.4,4,0.0,0,0.0,0,0.0,0,0.0,0,2187.6,39,0.0,0,0.0,0,0.0,0,0.0,0
2012-11-22T09:16:47.000,2187.6,7786,2187.2,80,0.0,0,0.0,0,0.0,0,0.0,0,2187.6,33,0.0,0,0.0,0,0.0,0,0.0,0
2012-11-22T09:16:47.500,2187.6,7789,2187.2,79,0.0,0,0.0,0,0.0,0,0.0,0,2187.4,5,0.0,0,0.0,0,0.0,0,0.0,0
2012-11-22T09:16:48.000,2187.2,7792,2187.2,79,0.0,0,0.0,0,0.0,0,0.0,0,2187.4,6,0.0,0,0.0,0,0.0,0,0.0,0
2012-11-22T09:16:48.500,2187.4,7796,2187.2,77,0.0,0,0.0,0,0.0,0,0.0,0,2187.4,3,0.0,0,0.0,0,0.0,0,0.0,0
2012-11-22T09:16:49.000,2187.4,7805,2187.4,1,0.0,0,0.0,0,0.0,0,0.0,0,2187.6,37,0.0,0,0.0,0,0.0,0,0.0,0
2012-11-22T09:16:49.500,2187.4,7808,2187.2,77,0.0,0,0.0,0,0.0,0,0.0,0,2187.4,3,0.0,0,0.0,0,0.0,0,0.0,0
2012-11-22T09:16:50.000,2187.4,7815,2187.4,6,0.0,0,0.0,0,0.0,0,0.0,0,2187.6,35,0.0,0,0.0,0,0.0,0,0.0,0
2012-11-22T09:16:50.500,2187.6,7826,2187.4,2,0.0,0,0.0,0,0.0,0,0.0,0,2187.6,32,0.0,0,0.0,0,0.0,0,0.0,0
2012-11-22T09:16:51.000,2187.4,7827,2187.4,7,0.0,0,0.0,0,0.0,0,0.0,0,2187.6,33,0.0,0,0.0,0,0.0,0,0.0,0
2012-11-22T09:16:51.500,2187.2,7849,2187.2,77,0.0,0,0.0,0,0.0,0,0.0,0,2187.4,6,0.0,0,0.0,0,0.0,0,0.0,0
2012-11-22T09:16:52.000,2187.2,7855,2187.2,75,0.0,0,0.0,0,0.0,0,0.0,0,2187.4,4,0.0,0,0.0,0,0.0,0,0.0,0
2012-11-22T09:16:52.500,2187.4,7863,2187.2,76,0.0,0,0.0,0,0.0,0,0.0,0,2187.4,3,0.0,0,0.0,0,0.0,0,0.0,0
2012-11-22T09:16:53.000,2187.4,7867,2187.2,74,0.0,0,0.0,0,0.0,0,0.0,0,2187.4,2,0.0,0,0.0,0,0.0,0,0.0,0
2012-11-22T09:16:53.500,2187.2,7874,2187.2,67,0.0,0,0.0,0,0.0,0,0.0,0,2187.4,1,0.0,0,0.0,0,0.0,0,0.0,0
2012-11-22T09:16:54.000,2187.4,7878,2187.4,7,0.0,0,0.0,0,0.0,0,0.0,0,2187.6,36,0.0,0,0.0,0,0.0,0,0.0,0
2012-11-22T09:16:54.500,2187.4,7886,2187.2,59,0.0,0,0.0,0,0.0,0,0.0,0,2187.4,3,0.0,0,0.0,0,0.0,0,0.0,0
2012-11-22T09:16:55.250,2187.2,7893,2187.2,72,0.0,0,0.0,0,0.0,0,0.0,0,2187.4,6,0.0,0,0.0,0,0.0,0,0.0,0
2012-11-22T09:16:56.250,2187.2,7909,2187.2,64,0.0,0,0.0,0,0.0,0,0.0,0,2187.4,7,0.0,0,0.0,0,0.0,0,0.0,0
2012-11-22T09:16:57.000,2187.2,7911,2187.2,64,0.0,0,0.0,0,0.0,0,0.0,0,2187.4,10,0.0,0,0.0,0,0.0,0,0.0,0
2012-11-22T09:16:57.500,2187.2,7912,2187.2,63,0.0,0,0.0,0,0.0,0,0.0,0,2187.4,15,0.0,0,0.0,0,0.0,0,0.0,0
2012-11-22T09:16:58.000,2187.2,7914,2187.2,61,0.0,0,0.0,0,0.0,0,0.0,0,2187.4,20,0.0,0,0.0,0,0.0,0,0.0,0
2012-11-22T09:16:58.500,2187.2,7930,2187.2,46,0.0,0,0.0,0,0.0,0,0.0,0,2187.4,21,0.0,0,0.0,0,0.0,0,0.0,0
2012-11-22T09:16:59.000,2187.2,7957,2187.2,23,0.0,0,0.0,0,0.0,0,0.0,0,2187.4,22,0.0,0,0.0,0,0.0,0,0.0,0
2012-11-22T09:16:59.500,2187.2,7986,2187,144,0.0,0,0.0,0,0.0,0,0.0,0,2187.2,55,0.0,0,0.0,0,0.0,0,0.0,0
2012-11-22T09:17:00.000,2187,7992,2187,142,0.0,0,0.0,0,0.0,0,0.0,0,2187.2,56,0.0,0,0.0,0,0.0,0,0.0,0
2012-11-22T09:17:00.500,2187.2,8016,2187,125,0.0,0,0.0,0,0.0,0,0.0,0,2187.2,61,0.0,0,0.0,0,0.0,0,0.0,0
2012-11-22T09:17:01.000,2187,8045,2187,100,0.0,0,0.0,0,0.0,0,0.0,0,2187.2,59,0.0,0,0.0,0,0.0,0,0.0,0
2012-11-22T09:17:01.500,2187.2,8107,2187,42,0.0,0,0.0,0,0.0,0,0.0,0,2187.2,58,0.0,0,0.0,0,0.0,0,0.0,0
2012-11-22T09:17:02.000,2187.2,8146,2187,1,0.0,0,0.0,0,0.0,0,0.0,0,2187.2,52,0.0,0,0.0,0,0.0,0,0.0,0
2012-11-22T09:17:02.500,2187,8152,2186.8,16,0.0,0,0.0,0,0.0,0,0.0,0,2187,46,0.0,0,0.0,0,0.0,0,0.0,0
2012-11-22T09:17:03.000,2187,8237,2187,39,0.0,0,0.0,0,0.0,0,0.0,0,2187.2,48,0.0,0,0.0,0,0.0,0,0.0,0
2012-11-22T09:17:03.500,2187.2,8282,2187,1,0.0,0,0.0,0,0.0,0,0.0,0,2187.2,37,0.0,0,0.0,0,0.0,0,0.0,0
2012-11-22T09:17:04.000,2187,8285,2186.8,6,0.0,0,0.0,0,0.0,0,0.0,0,2187,2,0.0,0,0.0,0,0.0,0,0.0,0
2012-11-22T09:17:04.500,2186.8,8294,2186.6,70,0.0,0,0.0,0,0.0,0,0.0,0,2186.8,7,0.0,0,0.0,0,0.0,0,0.0,0
2012-11-22T09:17:05.000,2186.8,8295,2186.6,70,0.0,0,0.0,0,0.0,0,0.0,0,2186.8,7,0.0,0,0.0,0,0.0,0,0.0,0
2012-11-22T09:17:05.500,2186.8,8313,2186.8,5,0.0,0,0.0,0,0.0,0,0.0,0,2187.2,23,0.0,0,0.0,0,0.0,0,0.0,0
2012-11-22T09:17:06.000,2187,8325,2186.6,68,0.0,0,0.0,0,0.0,0,0.0,0,2187.2,23,0.0,0,0.0,0,0.0,0,0.0,0
2012-11-22T09:17:06.500,2186.8,8326,2186.8,30,0.0,0,0.0,0,0.0,0,0.0,0,2187.2,23,0.0,0,0.0,0,0.0,0,0.0,0
2012-11-22T09:17:07.000,2187.2,8359,2187.2,67,0.0,0,0.0,0,0.0,0,0.0,0,2187.4,30,0.0,0,0.0,0,0.0,0,0.0,0
2012-11-22T09:17:07.500,2187.4,8391,2187.4,9,0.0,0,0.0,0,0.0,0,0.0,0,2187.6,43,0.0,0,0.0,0,0.0,0,0.0,0
2012-11-22T09:17:08.000,2187.4,8405,2187.4,5,0.0,0,0.0,0,0.0,0,0.0,0,2187.6,34,0.0,0,0.0,0,0.0,0,0.0,0
2012-11-22T09:17:08.500,2187.6,8407,2187.4,4,0.0,0,0.0,0,0.0,0,0.0,0,2187.6,34,0.0,0,0.0,0,0.0,0,0.0,0
2012-11-22T09:17:09.000,2187.6,8426,2187.4,2,0.0,0,0.0,0,0.0,0,0.0,0,2187.6,18,0.0,0,0.0,0,0.0,0,0.0,0
2012-11-22T09:17:09.500,2187.6,8462,2187.2,61,0.0,0,0.0,0,0.0,0,0.0,0,2187.4,27,0.0,0,0.0,0,0.0,0,0.0,0
2012-11-22T09:17:10.000,2187.2,8465,2187.2,60,0.0,0,0.0,0,0.0,0,0.0,0,2187.4,25,0.0,0,0.0,0,0.0,0,0.0,0
2012-11-22T09:17:10.500,2187.2,8470,2187.2,61,0.0,0,0.0,0,0.0,0,0.0,0,2187.4,31,0.0,0,0.0,0,0.0,0,0.0,0
2012-11-22T09:17:11.000,2187.2,8487,2187.2,56,0.0,0,0.0,0,0.0,0,0.0,0,2187.4,26,0.0,0,0.0,0,0.0,0,0.0,0
2012-11-22T09:17:11.500,2187.4,8560,2187.2,6,0.0,0,0.0,0,0.0,0,0.0,0,2187.4,4,0.0,0,0.0,0,0.0,0,0.0,0
2012-11-22T09:17:12.000,2187.4,8564,2187.4,2,0.0,0,0.0,0,0.0,0,0.0,0,2187.6,13,0.0,0,0.0,0,0.0,0,0.0,0
2012-11-22T09:17:12.500,2187.2,8568,2187.2,4,0.0,0,0.0,0,0.0,0,0.0,0,2187.4,3,0.0,0,0.0,0,0.0,0,0.0,0
2012-11-22T09:17:13.000,2187.4,8573,2187.4,38,0.0,0,0.0,0,0.0,0,0.0,0,2187.6,12,0.0,0,0.0,0,0.0,0,0.0,0
2012-11-22T09:17:13.500,2187.6,8589,2187.6,18,0.0,0,0.0,0,0.0,0,0.0,0,2187.8,44,0.0,0,0.0,0,0.0,0,0.0,0
2012-11-22T09:17:14.000,2187.8,8598,2187.6,13,0.0,0,0.0,0,0.0,0,0.0,0,2187.8,40,0.0,0,0.0,0,0.0,0,0.0,0
2012-11-22T09:17:14.500,2187.6,8600,2187.6,16,0.0,0,0.0,0,0.0,0,0.0,0,2187.8,40,0.0,0,0.0,0,0.0,0,0.0,0
2012-11-22T09:17:15.000,2187.6,8609,2187.6,5,0.0,0,0.0,0,0.0,0,0.0,0,2187.8,41,0.0,0,0.0,0,0.0,0,0.0,0
2012-11-22T09:17:15.500,2187.8,8615,2187.6,4,0.0,0,0.0,0,0.0,0,0.0,0,2187.8,37,0.0,0,0.0,0,0.0,0,0.0,0
2012-11-22T09:17:16.000,2187.6,8625,2187.4,41,0.0,0,0.0,0,0.0,0,0.0,0,2187.6,6,0.0,0,0.0,0,0.0,0,0.0,0
2012-11-22T09:17:16.500,2187.6,8631,2187.4,40,0.0,0,0.0,0,0.0,0,0.0,0,2187.6,3,0.0,0,0.0,0,0.0,0,0.0,0
2012-11-22T09:17:17.000,2187.6,8645,2187.4,39,0.0,0,0.0,0,0.0,0,0.0,0,2187.6,5,0.0,0,0.0,0,0.0,0,0.0,0
2012-11-22T09:17:17.500,2187.6,8649,2187.4,43,0.0,0,0.0,0,0.0,0,0.0,0,2187.6,3,0.0,0,0.0,0,0.0,0,0.0,0
2012-11-22T09:17:18.000,2187.4,8674,2187.4,26,0.0,0,0.0,0,0.0,0,0.0,0,2187.6,2,0.0,0,0.0,0,0.0,0,0.0,0
2012-11-22T09:17:18.500,2187.6,8682,2187.6,10,0.0,0,0.0,0,0.0,0,0.0,0,2187.8,36,0.0,0,0.0,0,0.0,0,0.0,0
2012-11-22T09:17:19.000,2187.6,8694,2187.6,6,0.0,0,0.0,0,0.0,0,0.0,0,2187.8,39,0.0,0,0.0,0,0.0,0,0.0,0
2012-11-22T09:17:19.500,2187.6,8704,2187.4,29,0.0,0,0.0,0,0.0,0,0.0,0,2187.6,29,0.0,0,0.0,0,0.0,0,0.0,0
2012-11-22T09:17:20.000,2187.6,8736,2187.4,4,0.0,0,0.0,0,0.0,0,0.0,0,2187.6,22,0.0,0,0.0,0,0.0,0,0.0,0
2012-11-22T09:17:20.500,2187.4,8743,2187.4,3,0.0,0,0.0,0,0.0,0,0.0,0,2187.6,20,0.0,0,0.0,0,0.0,0,0.0,0
2012-11-22T09:17:21.000,2187.4,8755,2187.4,18,0.0,0,0.0,0,0.0,0,0.0,0,2187.6,12,0.0,0,0.0,0,0.0,0,0.0,0
2012-11-22T09:17:21.500,2187.4,8759,2187.4,15,0.0,0,0.0,0,0.0,0,0.0,0,2187.6,11,0.0,0,0.0,0,0.0,0,0.0,0
2012-11-22T09:17:22.000,2187.4,8775,2187.2,30,0.0,0,0.0,0,0.0,0,0.0,0,2187.4,35,0.0,0,0.0,0,0.0,0,0.0,0
2012-11-22T09:17:22.500,2187.2,8835,2187.2,25,0.0,0,0.0,0,0.0,0,0.0,0,2187.8,40,0.0,0,0.0,0,0.0,0,0.0,0
2012-11-22T09:17:23.000,2187.6,8848,2187.2,16,0.0,0,0.0,0,0.0,0,0.0,0,2187.6,4,0.0,0,0.0,0,0.0,0,0.0,0
2012-11-22T09:17:23.500,2187.2,8850,2187.2,18,0.0,0,0.0,0,0.0,0,0.0,0,2187.6,5,0.0,0,0.0,0,0.0,0,0.0,0
2012-11-22T09:17:24.250,2187.6,8852,2187.4,3,0.0,0,0.0,0,0.0,0,0.0,0,2187.6,14,0.0,0,0.0,0,0.0,0,0.0,0
2012-11-22T09:17:25.000,2187.4,8864,2187.4,12,0.0,0,0.0,0,0.0,0,0.0,0,2187.6,14,0.0,0,0.0,0,0.0,0,0.0,0
2012-11-22T09:17:25.500,2187.6,8866,2187.4,12,0.0,0,0.0,0,0.0,0,0.0,0,2187.6,14,0.0,0,0.0,0,0.0,0,0.0,0
2012-11-22T09:17:26.000,2187.6,8881,2187.4,11,0.0,0,0.0,0,0.0,0,0.0,0,2187.6,13,0.0,0,0.0,0,0.0,0,0.0,0
2012-11-22T09:17:26.500,2187.6,8891,2187.4,6,0.0,0,0.0,0,0.0,0,0.0,0,2187.6,9,0.0,0,0.0,0,0.0,0,0.0,0
2012-11-22T09:17:27.000,2187.6,8895,2187.4,5,0.0,0,0.0,0,0.0,0,0.0,0,2187.6,6,0.0,0,0.0,0,0.0,0,0.0,0
2012-11-22T09:17:27.500,2187.4,8898,2187.4,3,0.0,0,0.0,0,0.0,0,0.0,0,2187.6,5,0.0,0,0.0,0,0.0,0,0.0,0
2012-11-22T09:17:28.000,2187.4,8899,2187.4,2,0.0,0,0.0,0,0.0,0,0.0,0,2187.6,12,0.0,0,0.0,0,0.0,0,0.0,0
2012-11-22T09:17:28.500,2187.6,8909,2187.4,2,0.0,0,0.0,0,0.0,0,0.0,0,2187.6,2,0.0,0,0.0,0,0.0,0,0.0,0
2012-11-22T09:17:29.000,2187.4,8912,2187.4,1,0.0,0,0.0,0,0.0,0,0.0,0,2187.6,2,0.0,0,0.0,0,0.0,0,0.0,0
2012-11-22T09:17:29.500,2187.4,8915,2187.2,37,0.0,0,0.0,0,0.0,0,0.0,0,2187.6,1,0.0,0,0.0,0,0.0,0,0.0,0
2012-11-22T09:17:30.000,2187.6,8916,2187.6,12,0.0,0,0.0,0,0.0,0,0.0,0,2187.8,50,0.0,0,0.0,0,0.0,0,0.0,0
2012-11-22T09:17:30.500,2187.6,8923,2187.6,8,0.0,0,0.0,0,0.0,0,0.0,0,2187.8,49,0.0,0,0.0,0,0.0,0,0.0,0
2012-11-22T09:17:31.000,2187.8,8928,2187.6,6,0.0,0,0.0,0,0.0,0,0.0,0,2187.8,49,0.0,0,0.0,0,0.0,0,0.0,0
2012-11-22T09:17:31.500,2187.6,8935,2187.4,3,0.0,0,0.0,0,0.0,0,0.0,0,2187.6,3,0.0,0,0.0,0,0.0,0,0.0,0
2012-11-22T09:17:32.000,2187.6,8941,2187.4,2,0.0,0,0.0,0,0.0,0,0.0,0,2187.6,1,0.0,0,0.0,0,0.0,0,0.0,0
2012-11-22T09:17:32.500,2187.6,8955,2187.6,1,0.0,0,0.0,0,0.0,0,0.0,0,2187.8,50,0.0,0,0.0,0,0.0,0,0.0,0
2012-11-22T09:17:33.000,2187.6,8956,2187.2,39,0.0,0,0.0,0,0.0,0,0.0,0,2187.8,50,0.0,0,0.0,0,0.0,0,0.0,0
2012-11-22T09:17:33.500,2187.8,8960,2187.6,1,0.0,0,0.0,0,0.0,0,0.0,0,2187.8,48,0.0,0,0.0,0,0.0,0,0.0,0
2012-11-22T09:17:34.000,2187.6,8967,2187.6,5,0.0,0,0.0,0,0.0,0,0.0,0,2187.8,48,0.0,0,0.0,0,0.0,0,0.0,0
2012-11-22T09:17:34.500,2187.6,8975,2187.6,2,0.0,0,0.0,0,0.0,0,0.0,0,2187.8,48,0.0,0,0.0,0,0.0,0,0.0,0
2012-11-22T09:17:35.000,2187.8,8981,2187.6,1,0.0,0,0.0,0,0.0,0,0.0,0,2187.8,46,0.0,0,0.0,0,0.0,0,0.0,0
2012-11-22T09:17:35.500,2187.6,8983,2187.6,2,0.0,0,0.0,0,0.0,0,0.0,0,2187.8,46,0.0,0,0.0,0,0.0,0,0.0,0
2012-11-22T09:17:36.000,2187.4,8988,2187.2,38,0.0,0,0.0,0,0.0,0,0.0,0,2187.8,45,0.0,0,0.0,0,0.0,0,0.0,0
2012-11-22T09:17:36.500,2187.6,8989,2187.4,2,0.0,0,0.0,0,0.0,0,0.0,0,2187.6,2,0.0,0,0.0,0,0.0,0,0.0,0
2012-11-22T09:17:37.000,2187.8,8997,2187.4,12,0.0,0,0.0,0,0.0,0,0.0,0,2187.8,62,0.0,0,0.0,0,0.0,0,0.0,0
2012-11-22T09:17:37.500,2187.6,9002,2187.4,12,0.0,0,0.0,0,0.0,0,0.0,0,2187.6,11,0.0,0,0.0,0,0.0,0,0.0,0
2012-11-22T09:17:38.000,2187.6,9008,2187.4,9,0.0,0,0.0,0,0.0,0,0.0,0,2187.6,8,0.0,0,0.0,0,0.0,0,0.0,0
2012-11-22T09:17:38.500,2187.6,9010,2187.4,11,0.0,0,0.0,0,0.0,0,0.0,0,2187.6,6,0.0,0,0.0,0,0.0,0,0.0,0
2012-11-22T09:17:39.000,2187.6,9017,2187.4,12,0.0,0,0.0,0,0.0,0,0.0,0,2187.6,1,0.0,0,0.0,0,0.0,0,0.0,0
2012-11-22T09:17:39.500,2187.4,9019,2187.4,10,0.0,0,0.0,0,0.0,0,0.0,0,2187.6,3,0.0,0,0.0,0,0.0,0,0.0,0
2012-11-22T09:17:40.000,2187.6,9024,2187.4,7,0.0,0,0.0,0,0.0,0,0.0,0,2187.6,1,0.0,0,0.0,0,0.0,0,0.0,0
2012-11-22T09:17:40.500,2187.6,9027,2187.4,5,0.0,0,0.0,0,0.0,0,0.0,0,2187.8,70,0.0,0,0.0,0,0.0,0,0.0,0
2012-11-22T09:17:41.000,2187.4,9038,2187.2,38,0.0,0,0.0,0,0.0,0,0.0,0,2187.4,7,0.0,0,0.0,0,0.0,0,0.0,0
2012-11-22T09:17:41.500,2187.2,9045,2187.2,35,0.0,0,0.0,0,0.0,0,0.0,0,2187.4,3,0.0,0,0.0,0,0.0,0,0.0,0
2012-11-22T09:17:42.000,2187.2,9048,2187.2,32,0.0,0,0.0,0,0.0,0,0.0,0,2187.4,3,0.0,0,0.0,0,0.0,0,0.0,0
2012-11-22T09:17:42.500,2187.4,9052,2187.2,30,0.0,0,0.0,0,0.0,0,0.0,0,2187.4,1,0.0,0,0.0,0,0.0,0,0.0,0
2012-11-22T09:17:43.000,2187.2,9056,2187.2,29,0.0,0,0.0,0,0.0,0,0.0,0,2187.4,6,0.0,0,0.0,0,0.0,0,0.0,0
2012-11-22T09:17:43.500,2187.2,9058,2187.2,42,0.0,0,0.0,0,0.0,0,0.0,0,2187.4,7,0.0,0,0.0,0,0.0,0,0.0,0
2012-11-22T09:17:44.250,2187.4,9066,2187.2,38,0.0,0,0.0,0,0.0,0,0.0,0,2187.4,5,0.0,0,0.0,0,0.0,0,0.0,0
2012-11-22T09:17:45.000,2187.2,9068,2187.2,36,0.0,0,0.0,0,0.0,0,0.0,0,2187.4,20,0.0,0,0.0,0,0.0,0,0.0,0
2012-11-22T09:17:45.500,2187.2,9076,2187.2,29,0.0,0,0.0,0,0.0,0,0.0,0,2187.4,25,0.0,0,0.0,0,0.0,0,0.0,0
2012-11-22T09:17:46.000,2187.2,9093,2187.2,12,0.0,0,0.0,0,0.0,0,0.0,0,2187.4,45,0.0,0,0.0,0,0.0,0,0.0,0
2012-11-22T09:17:46.500,2187.2,9100,2187.2,6,0.0,0,0.0,0,0.0,0,0.0,0,2187.4,47,0.0,0,0.0,0,0.0,0,0.0,0
2012-11-22T09:17:47.000,2187.2,9108,2187.2,1,0.0,0,0.0,0,0.0,0,0.0,0,2187.4,43,0.0,0,0.0,0,0.0,0,0.0,0
2012-11-22T09:17:47.500,2187.2,9111,2187,112,0.0,0,0.0,0,0.0,0,0.0,0,2187.2,7,0.0,0,0.0,0,0.0,0,0.0,0
2012-11-22T09:17:48.000,2187,9112,2187,111,0.0,0,0.0,0,0.0,0,0.0,0,2187.2,8,0.0,0,0.0,0,0.0,0,0.0,0
2012-11-22T09:17:48.500,2187,9114,2187,110,0.0,0,0.0,0,0.0,0,0.0,0,2187.2,16,0.0,0,0.0,0,0.0,0,0.0,0
2012-11-22T09:17:49.000,2187,9136,2187,89,0.0,0,0.0,0,0.0,0,0.0,0,2187.2,22,0.0,0,0.0,0,0.0,0,0.0,0
2012-11-22T09:17:49.500,2187,9150,2187,76,0.0,0,0.0,0,0.0,0,0.0,0,2187.2,22,0.0,0,0.0,0,0.0,0,0.0,0
2012-11-22T09:17:50.000,2187,9182,2187,44,0.0,0,0.0,0,0.0,0,0.0,0,2187.2,22,0.0,0,0.0,0,0.0,0,0.0,0
2012-11-22T09:17:50.500,2187,9194,2187,33,0.0,0,0.0,0,0.0,0,0.0,0,2187.2,21,0.0,0,0.0,0,0.0,0,0.0,0
2012-11-22T09:17:51.000,2187.2,9205,2187,25,0.0,0,0.0,0,0.0,0,0.0,0,2187.2,19,0.0,0,0.0,0,0.0,0,0.0,0
2012-11-22T09:17:51.500,2187,9233,2186.8,39,0.0,0,0.0,0,0.0,0,0.0,0,2187,9,0.0,0,0.0,0,0.0,0,0.0,0
2012-11-22T09:17:52.000,2187,9239,2186.8,38,0.0,0,0.0,0,0.0,0,0.0,0,2187,9,0.0,0,0.0,0,0.0,0,0.0,0
2012-11-22T09:17:52.500,2187,9244,2186.8,36,0.0,0,0.0,0,0.0,0,0.0,0,2187,9,0.0,0,0.0,0,0.0,0,0.0,0
2012-11-22T09:17:53.250,2186.8,9254,2186.8,30,0.0,0,0.0,0,0.0,0,0.0,0,2187,8,0.0,0,0.0,0,0.0,0,0.0,0
2012-11-22T09:17:54.000,2187,9256,2186.8,30,0.0,0,0.0,0,0.0,0,0.0,0,2187,10,0.0,0,0.0,0,0.0,0,0.0,0
2012-11-22T09:17:54.500,2186.8,9264,2186.8,40,0.0,0,0.0,0,0.0,0,0.0,0,2187,11,0.0,0,0.0,0,0.0,0,0.0,0
2012-11-22T09:17:55.000,2187,9293,2186.8,14,0.0,0,0.0,0,0.0,0,0.0,0,2187,9,0.0,0,0.0,0,0.0,0,0.0,0
2012-11-22T09:17:55.500,2186.8,9295,2186.8,13,0.0,0,0.0,0,0.0,0,0.0,0,2187,12,0.0,0,0.0,0,0.0,0,0.0,0
2012-11-22T09:17:56.000,2187,9298,2186.8,11,0.0,0,0.0,0,0.0,0,0.0,0,2187,13,0.0,0,0.0,0,0.0,0,0.0,0
2012-11-22T09:17:56.500,2186.8,9302,2186.8,7,0.0,0,0.0,0,0.0,0,0.0,0,2187,17,0.0,0,0.0,0,0.0,0,0.0,0
2012-11-22T09:17:57.000,2186.8,9305,2186.8,4,0.0,0,0.0,0,0.0,0,0.0,0,2187,22,0.0,0,0.0,0,0.0,0,0.0,0
2012-11-22T09:17:57.500,2186.8,9309,2186.8,8,0.0,0,0.0,0,0.0,0,0.0,0,2187,19,0.0,0,0.0,0,0.0,0,0.0,0
2012-11-22T09:17:58.000,2186.8,9315,2186.8,3,0.0,0,0.0,0,0.0,0,0.0,0,2187,24,0.0,0,0.0,0,0.0,0,0.0,0
2012-11-22T09:17:58.500,2186.6,9322,2186.6,87,0.0,0,0.0,0,0.0,0,0.0,0,2186.8,2,0.0,0,0.0,0,0.0,0,0.0,0
2012-11-22T09:17:59.000,2186.8,9325,2186.6,86,0.0,0,0.0,0,0.0,0,0.0,0,2186.8,5,0.0,0,0.0,0,0.0,0,0.0,0
2012-11-22T09:17:59.500,2186.6,9334,2186.6,87,0.0,0,0.0,0,0.0,0,0.0,0,2186.8,4,0.0,0,0.0,0,0.0,0,0.0,0
2012-11-22T09:18:00.000,2186.8,9344,2186.6,89,0.0,0,0.0,0,0.0,0,0.0,0,2186.8,2,0.0,0,0.0,0,0.0,0,0.0,0
2012-11-22T09:18:00.500,2186.8,9355,2186.6,82,0.0,0,0.0,0,0.0,0,0.0,0,2186.8,6,0.0,0,0.0,0,0.0,0,0.0,0
2012-11-22T09:18:01.000,2186.8,9366,2186.6,77,0.0,0,0.0,0,0.0,0,0.0,0,2186.8,7,0.0,0,0.0,0,0.0,0,0.0,0
2012-11-22T09:18:01.500,2186.6,9380,2186.6,67,0.0,0,0.0,0,0.0,0,0.0,0,2186.8,8,0.0,0,0.0,0,0.0,0,0.0,0
2012-11-22T09:18:02.000,2187,9402,2186.8,11,0.0,0,0.0,0,0.0,0,0.0,0,2187,41,0.0,0,0.0,0,0.0,0,0.0,0
2012-11-22T09:18:02.500,2186.8,9411,2186.8,14,0.0,0,0.0,0,0.0,0,0.0,0,2187,41,0.0,0,0.0,0,0.0,0,0.0,0
2012-11-22T09:18:03.000,2187,9416,2186.8,23,0.0,0,0.0,0,0.0,0,0.0,0,2187,36,0.0,0,0.0,0,0.0,0,0.0,0
2012-11-22T09:18:03.500,2186.8,9426,2186.8,20,0.0,0,0.0,0,0.0,0,0.0,0,2187,34,0.0,0,0.0,0,0.0,0,0.0,0
2012-11-22T09:18:04.000,2187,9428,2186.8,24,0.0,0,0.0,0,0.0,0,0.0,0,2187,32,0.0,0,0.0,0,0.0,0,0.0,0
2012-11-22T09:18:04.500,2186.8,9442,2186.8,31,0.0,0,0.0,0,0.0,0,0.0,0,2187,30,0.0,0,0.0,0,0.0,0,0.0,0
2012-11-22T09:18:05.000,2186.8,9449,2186.8,30,0.0,0,0.0,0,0.0,0,0.0,0,2187,25,0.0,0,0.0,0,0.0,0,0.0,0
2012-11-22T09:18:05.500,2187,9456,2186.8,27,0.0,0,0.0,0,0.0,0,0.0,0,2187,19,0.0,0,0.0,0,0.0,0,0.0,0
2012-11-22T09:18:06.000,2187,9464,2186.8,27,0.0,0,0.0,0,0.0,0,0.0,0,2187,13,0.0,0,0.0,0,0.0,0,0.0,0
2012-11-22T09:18:06.500,2187,9472,2186.8,38,0.0,0,0.0,0,0.0,0,0.0,0,2187,9,0.0,0,0.0,0,0.0,0,0.0,0
2012-11-22T09:18:07.000,2187,9484,2187,48,0.0,0,0.0,0,0.0,0,0.0,0,2187.2,18,0.0,0,0.0,0,0.0,0,0.0,0
2012-11-22T09:18:07.500,2187,9488,2187,49,0.0,0,0.0,0,0.0,0,0.0,0,2187.2,18,0.0,0,0.0,0,0.0,0,0.0,0
2012-11-22T09:18:08.000,2187,9491,2187,49,0.0,0,0.0,0,0.0,0,0.0,0,2187.2,17,0.0,0,0.0,0,0.0,0,0.0,0
2012-11-22T09:18:08.500,2187,9496,2187,44,0.0,0,0.0,0,0.0,0,0.0,0,2187.2,17,0.0,0,0.0,0,0.0,0,0.0,0
2012-11-22T09:18:09.250,2187.2,9503,2187,43,0.0,0,0.0,0,0.0,0,0.0,0,2187.2,14,0.0,0,0.0,0,0.0,0,0.0,0
2012-11-22T09:18:10.000,2187,9505,2187,41,0.0,0,0.0,0,0.0,0,0.0,0,2187.2,15,0.0,0,0.0,0,0.0,0,0.0,0
2012-11-22T09:18:10.500,2187.2,9507,2187,50,0.0,0,0.0,0,0.0,0,0.0,0,2187.2,15,0.0,0,0.0,0,0.0,0,0.0,0
2012-11-22T09:18:11.000,2187.2,9518,2187,57,0.0,0,0.0,0,0.0,0,0.0,0,2187.2,4,0.0,0,0.0,0,0.0,0,0.0,0
2012-11-22T09:18:11.500,2187.2,9525,2187.2,6,0.0,0,0.0,0,0.0,0,0.0,0,2187.4,41,0.0,0,0.0,0,0.0,0,0.0,0
2012-11-22T09:18:12.000,2187.2,9526,2187.2,6,0.0,0,0.0,0,0.0,0,0.0,0,2187.4,41,0.0,0,0.0,0,0.0,0,0.0,0
2012-11-22T09:18:12.500,2187.2,9527,2187.2,5,0.0,0,0.0,0,0.0,0,0.0,0,2187.4,42,0.0,0,0.0,0,0.0,0,0.0,0
2012-11-22T09:18:13.000,2187.2,9531,2187.2,3,0.0,0,0.0,0,0.0,0,0.0,0,2187.4,42,0.0,0,0.0,0,0.0,0,0.0,0
2012-11-22T09:18:13.500,2187.4,9535,2187.2,4,0.0,0,0.0,0,0.0,0,0.0,0,2187.4,41,0.0,0,0.0,0,0.0,0,0.0,0
2012-11-22T09:18:14.000,2187.4,9536,2187.2,4,0.0,0,0.0,0,0.0,0,0.0,0,2187.4,40,0.0,0,0.0,0,0.0,0,0.0,0
2012-11-22T09:18:14.500,2187.4,9539,2187.2,3,0.0,0,0.0,0,0.0,0,0.0,0,2187.4,38,0.0,0,0.0,0,0.0,0,0.0,0
2012-11-22T09:18:15.000,2187.4,9541,2187.2,4,0.0,0,0.0,0,0.0,0,0.0,0,2187.4,36,0.0,0,0.0,0,0.0,0,0.0,0
2012-11-22T09:18:15.500,2187.2,9549,2187,61,0.0,0,0.0,0,0.0,0,0.0,0,2187.2,2,0.0,0,0.0,0,0.0,0,0.0,0
2012-11-22T09:18:16.000,2187.2,9551,2187,63,0.0,0,0.0,0,0.0,0,0.0,0,2187.4,36,0.0,0,0.0,0,0.0,0,0.0,0
2012-11-22T09:18:16.500,2187.2,9552,2187.2,8,0.0,0,0.0,0,0.0,0,0.0,0,2187.4,38,0.0,0,0.0,0,0.0,0,0.0,0
2012-11-22T09:18:17.000,2187.4,9562,2187.2,5,0.0,0,0.0,0,0.0,0,0.0,0,2187.4,31,0.0,0,0.0,0,0.0,0,0.0,0
2012-11-22T09:18:17.500,2187.2,9567,2187.2,2,0.0,0,0.0,0,0.0,0,0.0,0,2187.4,29,0.0,0,0.0,0,0.0,0,0.0,0
2012-11-22T09:18:18.000,2187.2,9583,2187.2,1,0.0,0,0.0,0,0.0,0,0.0,0,2187.4,18,0.0,0,0.0,0,0.0,0,0.0,0
2012-11-22T09:18:18.500,2187.4,9586,2187.2,6,0.0,0,0.0,0,0.0,0,0.0,0,2187.4,15,0.0,0,0.0,0,0.0,0,0.0,0
2012-11-22T09:18:19.000,2187.2,9593,2187.2,5,0.0,0,0.0,0,0.0,0,0.0,0,2187.4,15,0.0,0,0.0,0,0.0,0,0.0,0
2012-11-22T09:18:19.500,2187.4,9595,2187.2,5,0.0,0,0.0,0,0.0,0,0.0,0,2187.4,15,0.0,0,0.0,0,0.0,0,0.0,0
2012-11-22T09:18:20.000,2187.4,9597,2187.2,6,0.0,0,0.0,0,0.0,0,0.0,0,2187.4,13,0.0,0,0.0,0,0.0,0,0.0,0
2012-11-22T09:18:20.500,2187,9669,2186.8,61,0.0,0,0.0,0,0.0,0,0.0,0,2187.4,12,0.0,0,0.0,0,0.0,0,0.0,0
2012-11-22T09:18:21.000,2187.2,9670,2186.8,62,0.0,0,0.0,0,0.0,0,0.0,0,2187.2,3,0.0,0,0.0,0,0.0,0,0.0,0
2012-11-22T09:18:21.500,2187.2,9675,2186.8,60,0.0,0,0.0,0,0.0,0,0.0,0,2187.4,16,0.0,0,0.0,0,0.0,0,0.0,0
2012-11-22T09:18:22.000,2187.2,9678,2187,1,0.0,0,0.0,0,0.0,0,0.0,0,2187.2,2,0.0,0,0.0,0,0.0,0,0.0,0
2012-11-22T09:18:22.500,2187.2,9686,2187,1,0.0,0,0.0,0,0.0,0,0.0,0,2187.2,21,0.0,0,0.0,0,0.0,0,0.0,0
2012-11-22T09:18:23.000,2187.2,9691,2187,1,0.0,0,0.0,0,0.0,0,0.0,0,2187.2,8,0.0,0,0.0,0,0.0,0,0.0,0
2012-11-22T09:18:23.500,2187.2,9698,2187,52,0.0,0,0.0,0,0.0,0,0.0,0,2187.2,3,0.0,0,0.0,0,0.0,0,0.0,0
2012-11-22T09:18:24.000,2187,9703,2187,51,0.0,0,0.0,0,0.0,0,0.0,0,2187.4,31,0.0,0,0.0,0,0.0,0,0.0,0
2012-11-22T09:18:24.500,2187,9706,2187.2,3,0.0,0,0.0,0,0.0,0,0.0,0,2187.4,26,0.0,0,0.0,0,0.0,0,0.0,0
2012-11-22T09:18:25.000,2187,9722,2187.2,2,0.0,0,0.0,0,0.0,0,0.0,0,2187.4,26,0.0,0,0.0,0,0.0,0,0.0,0
2012-11-22T09:18:25.500,2187.2,9728,2187,55,0.0,0,0.0,0,0.0,0,0.0,0,2187.2,2,0.0,0,0.0,0,0.0,0,0.0,0
2012-11-22T09:18:26.000,2187.2,9729,2187,56,0.0,0,0.0,0,0.0,0,0.0,0,2187.2,2,0.0,0,0.0,0,0.0,0,0.0,0
2012-11-22T09:18:26.500,2187.2,9733,2187,58,0.0,0,0.0,0,0.0,0,0.0,0,2187.2,8,0.0,0,0.0,0,0.0,0,0.0,0
2012-11-22T09:18:27.000,2187.2,9737,2187,60,0.0,0,0.0,0,0.0,0,0.0,0,2187.2,6,0.0,0,0.0,0,0.0,0,0.0,0
2012-11-22T09:18:27.500,2187,9741,2187,58,0.0,0,0.0,0,0.0,0,0.0,0,2187.2,5,0.0,0,0.0,0,0.0,0,0.0,0
2012-11-22T09:18:28.250,2187.2,9747,2187,56,0.0,0,0.0,0,0.0,0,0.0,0,2187.2,12,0.0,0,0.0,0,0.0,0,0.0,0
2012-11-22T09:18:29.000,2187.2,9766,2187,47,0.0,0,0.0,0,0.0,0,0.0,0,2187.2,12,0.0,0,0.0,0,0.0,0,0.0,0
2012-11-22T09:18:29.500,2187,9770,2187,52,0.0,0,0.0,0,0.0,0,0.0,0,2187.2,9,0.0,0,0.0,0,0.0,0,0.0,0
2012-11-22T09:18:30.000,2187.2,9796,2187,34,0.0,0,0.0,0,0.0,0,0.0,0,2187.2,2,0.0,0,0.0,0,0.0,0,0.0,0
2012-11-22T09:18:30.500,2187,9800,2187,32,0.0,0,0.0,0,0.0,0,0.0,0,2187.4,29,0.0,0,0.0,0,0.0,0,0.0,0
2012-11-22T09:18:31.000,2187,9801,2187.2,19,0.0,0,0.0,0,0.0,0,0.0,0,2187.4,29,0.0,0,0.0,0,0.0,0,0.0,0
2012-11-22T09:18:31.500,2187,9812,2187.2,8,0.0,0,0.0,0,0.0,0,0.0,0,2187.4,29,0.0,0,0.0,0,0.0,0,0.0,0
2012-11-22T09:18:32.000,2187.2,9820,2187,33,0.0,0,0.0,0,0.0,0,0.0,0,2187.2,1,0.0,0,0.0,0,0.0,0,0.0,0
2012-11-22T09:18:32.500,2187.2,9822,2187,33,0.0,0,0.0,0,0.0,0,0.0,0,2187.4,29,0.0,0,0.0,0,0.0,0,0.0,0
2012-11-22T09:18:33.000,2187,9835,2187,20,0.0,0,0.0,0,0.0,0,0.0,0,2187.2,1,0.0,0,0.0,0,0.0,0,0.0,0
2012-11-22T09:18:33.500,2187.2,9836,2187,20,0.0,0,0.0,0,0.0,0,0.0,0,2187.4,29,0.0,0,0.0,0,0.0,0,0.0,0
2012-11-22T09:18:34.000,2187.4,9837,2187,20,0.0,0,0.0,0,0.0,0,0.0,0,2187.4,30,0.0,0,0.0,0,0.0,0,0.0,0
2012-11-22T09:18:34.500,2187.2,9845,2187,14,0.0,0,0.0,0,0.0,0,0.0,0,2187.2,5,0.0,0,0.0,0,0.0,0,0.0,0
2012-11-22T09:18:35.000,2187.2,9853,2187.2,3,0.0,0,0.0,0,0.0,0,0.0,0,2187.4,33,0.0,0,0.0,0,0.0,0,0.0,0
2012-11-22T09:18:35.500,2187.4,9854,2187.2,3,0.0,0,0.0,0,0.0,0,0.0,0,2187.4,34,0.0,0,0.0,0,0.0,0,0.0,0
2012-11-22T09:18:36.000,2187.2,9859,2187.2,2,0.0,0,0.0,0,0.0,0,0.0,0,2187.4,41,0.0,0,0.0,0,0.0,0,0.0,0
2012-11-22T09:18:36.500,2187.2,9860,2187.2,4,0.0,0,0.0,0,0.0,0,0.0,0,2187.4,41,0.0,0,0.0,0,0.0,0,0.0,0
2012-11-22T09:18:37.000,2187.4,9871,2187.2,4,0.0,0,0.0,0,0.0,0,0.0,0,2187.4,31,0.0,0,0.0,0,0.0,0,0.0,0
2012-11-22T09:18:37.500,2187.4,9876,2187.2,7,0.0,0,0.0,0,0.0,0,0.0,0,2187.4,26,0.0,0,0.0,0,0.0,0,0.0,0
2012-11-22T09:18:38.000,2187.2,9885,2187.2,4,0.0,0,0.0,0,0.0,0,0.0,0,2187.4,22,0.0,0,0.0,0,0.0,0,0.0,0
2012-11-22T09:18:38.500,2187.2,9887,2187.2,11,0.0,0,0.0,0,0.0,0,0.0,0,2187.4,22,0.0,0,0.0,0,0.0,0,0.0,0
2012-11-22T09:18:39.000,2187.2,9890,2187.2,9,0.0,0,0.0,0,0.0,0,0.0,0,2187.4,21,0.0,0,0.0,0,0.0,0,0.0,0
2012-11-22T09:18:39.500,2187.4,9894,2187.2,11,0.0,0,0.0,0,0.0,0,0.0,0,2187.4,18,0.0,0,0.0,0,0.0,0,0.0,0
2012-11-22T09:18:40.000,2187.2,9899,2187.2,8,0.0,0,0.0,0,0.0,0,0.0,0,2187.4,17,0.0,0,0.0,0,0.0,0,0.0,0
2012-11-22T09:18:40.500,2187.4,9911,2187.2,9,0.0,0,0.0,0,0.0,0,0.0,0,2187.4,5,0.0,0,0.0,0,0.0,0,0.0,0
2012-11-22T09:18:41.000,2187.4,9918,2187.2,14,0.0,0,0.0,0,0.0,0,0.0,0,2187.4,3,0.0,0,0.0,0,0.0,0,0.0,0
2012-11-22T09:18:41.500,2187.4,9922,2187.4,49,0.0,0,0.0,0,0.0,0,0.0,0,2187.6,39,0.0,0,0.0,0,0.0,0,0.0,0
2012-11-22T09:18:42.000,2187.4,9925,2187.4,46,0.0,0,0.0,0,0.0,0,0.0,0,2187.6,40,0.0,0,0.0,0,0.0,0,0.0,0
2012-11-22T09:18:42.500,2187.4,9927,2187.4,44,0.0,0,0.0,0,0.0,0,0.0,0,2187.6,40,0.0,0,0.0,0,0.0,0,0.0,0
2012-11-22T09:18:43.000,2187.6,9930,2187.4,44,0.0,0,0.0,0,0.0,0,0.0,0,2187.6,38,0.0,0,0.0,0,0.0,0,0.0,0
2012-11-22T09:18:43.500,2187.6,9942,2187.4,45,0.0,0,0.0,0,0.0,0,0.0,0,2187.6,27,0.0,0,0.0,0,0.0,0,0.0,0
2012-11-22T09:18:44.000,2187.4,9997,2187.2,15,0.0,0,0.0,0,0.0,0,0.0,0,2187.4,11,0.0,0,0.0,0,0.0,0,0.0,0
2012-11-22T09:18:44.500,2187.4,10005,2187.2,15,0.0,0,0.0,0,0.0,0,0.0,0,2187.4,22,0.0,0,0.0,0,0.0,0,0.0,0
2012-11-22T09:18:45.250,2187.4,10007,2187.2,14,0.0,0,0.0,0,0.0,0,0.0,0,2187.4,22,0.0,0,0.0,0,0.0,0,0.0,0
2012-11-22T09:18:46.000,2187.4,10010,2187.2,21,0.0,0,0.0,0,0.0,0,0.0,0,2187.4,21,0.0,0,0.0,0,0.0,0,0.0,0
2012-11-22T09:18:46.500,2187.2,10011,2187.2,22,0.0,0,0.0,0,0.0,0,0.0,0,2187.4,22,0.0,0,0.0,0,0.0,0,0.0,0
2012-11-22T09:18:47.000,2187.4,10018,2187.2,20,0.0,0,0.0,0,0.0,0,0.0,0,2187.4,18,0.0,0,0.0,0,0.0,0,0.0,0
2012-11-22T09:18:47.500,2187.4,10025,2187.2,19,0.0,0,0.0,0,0.0,0,0.0,0,2187.4,17,0.0,0,0.0,0,0.0,0,0.0,0
2012-11-22T09:18:48.250,2187.4,10029,2187.2,18,0.0,0,0.0,0,0.0,0,0.0,0,2187.4,30,0.0,0,0.0,0,0.0,0,0.0,0
2012-11-22T09:18:49.250,2187.4,10040,2187.2,18,0.0,0,0.0,0,0.0,0,0.0,0,2187.4,23,0.0,0,0.0,0,0.0,0,0.0,0
2012-11-22T09:18:50.000,2187.4,10044,2187.2,18,0.0,0,0.0,0,0.0,0,0.0,0,2187.4,19,0.0,0,0.0,0,0.0,0,0.0,0
2012-11-22T09:18:50.500,2187.4,10049,2187.2,18,0.0,0,0.0,0,0.0,0,0.0,0,2187.4,15,0.0,0,0.0,0,0.0,0,0.0,0
2012-11-22T09:18:51.000,2187.2,10053,2187.2,16,0.0,0,0.0,0,0.0,0,0.0,0,2187.4,13,0.0,0,0.0,0,0.0,0,0.0,0
2012-11-22T09:18:51.500,2187.2,10055,2187.2,16,0.0,0,0.0,0,0.0,0,0.0,0,2187.4,13,0.0,0,0.0,0,0.0,0,0.0,0
2012-11-22T09:18:52.000,2187.4,10057,2187.2,15,0.0,0,0.0,0,0.0,0,0.0,0,2187.4,12,0.0,0,0.0,0,0.0,0,0.0,0
2012-11-22T09:18:52.500,2187.2,10075,2187,63,0.0,0,0.0,0,0.0,0,0.0,0,2187.2,1,0.0,0,0.0,0,0.0,0,0.0,0
2012-11-22T09:18:53.000,2187.2,10077,2187.2,6,0.0,0,0.0,0,0.0,0,0.0,0,2187.4,16,0.0,0,0.0,0,0.0,0,0.0,0
2012-11-22T09:18:53.500,2187.2,10082,2187.2,1,0.0,0,0.0,0,0.0,0,0.0,0,2187.4,18,0.0,0,0.0,0,0.0,0,0.0,0
2012-11-22T09:18:54.000,2187.4,10085,2187.2,2,0.0,0,0.0,0,0.0,0,0.0,0,2187.4,17,0.0,0,0.0,0,0.0,0,0.0,0
2012-11-22T09:18:54.500,2187.4,10089,2187.2,1,0.0,0,0.0,0,0.0,0,0.0,0,2187.4,16,0.0,0,0.0,0,0.0,0,0.0,0
2012-11-22T09:18:55.000,2187.2,10090,2187.2,2,0.0,0,0.0,0,0.0,0,0.0,0,2187.4,26,0.0,0,0.0,0,0.0,0,0.0,0
2012-11-22T09:18:55.500,2187.4,10094,2187,61,0.0,0,0.0,0,0.0,0,0.0,0,2187.4,26,0.0,0,0.0,0,0.0,0,0.0,0
2012-11-22T09:18:56.000,2187.4,10105,2187,61,0.0,0,0.0,0,0.0,0,0.0,0,2187.2,2,0.0,0,0.0,0,0.0,0,0.0,0
2012-11-22T09:18:56.500,2187.4,10106,2187,61,0.0,0,0.0,0,0.0,0,0.0,0,2187.2,1,0.0,0,0.0,0,0.0,0,0.0,0
2012-11-22T09:18:57.000,2187.4,10110,2187.2,8,0.0,0,0.0,0,0.0,0,0.0,0,2187.4,22,0.0,0,0.0,0,0.0,0,0.0,0
2012-11-22T09:18:57.500,2187.2,10113,2187.2,5,0.0,0,0.0,0,0.0,0,0.0,0,2187.4,25,0.0,0,0.0,0,0.0,0,0.0,0
2012-11-22T09:18:58.000,2187.2,10114,2187.2,5,0.0,0,0.0,0,0.0,0,0.0,0,2187.4,25,0.0,0,0.0,0,0.0,0,0.0,0
2012-11-22T09:18:58.500,2187.2,10115,2187.2,6,0.0,0,0.0,0,0.0,0,0.0,0,2187.4,26,0.0,0,0.0,0,0.0,0,0.0,0
2012-11-22T09:18:59.000,2187.2,10135,2187,65,0.0,0,0.0,0,0.0,0,0.0,0,2187.4,26,0.0,0,0.0,0,0.0,0,0.0,0
2012-11-22T09:18:59.500,2187,10142,2187,58,0.0,0,0.0,0,0.0,0,0.0,0,2187.2,1,0.0,0,0.0,0,0.0,0,0.0,0
2012-11-22T09:19:00.000,2187.2,10143,2187,58,0.0,0,0.0,0,0.0,0,0.0,0,2187.2,7,0.0,0,0.0,0,0.0,0,0.0,0
2012-11-22T09:19:00.500,2187.2,10151,2187.2,2,0.0,0,0.0,0,0.0,0,0.0,0,2187.4,29,0.0,0,0.0,0,0.0,0,0.0,0
2012-11-22T09:19:01.000,2187,10157,2187,56,0.0,0,0.0,0,0.0,0,0.0,0,2187.4,31,0.0,0,0.0,0,0.0,0,0.0,0
2012-11-22T09:19:01.500,2187.4,10163,2187,54,0.0,0,0.0,0,0.0,0,0.0,0,2187.2,11,0.0,0,0.0,0,0.0,0,0.0,0
2012-11-22T09:19:02.250,2187.2,10185,2187,63,0.0,0,0.0,0,0.0,0,0.0,0,2187.2,11,0.0,0,0.0,0,0.0,0,0.0,0
2012-11-22T09:19:03.000,2187,10192,2187,75,0.0,0,0.0,0,0.0,0,0.0,0,2187.2,27,0.0,0,0.0,0,0.0,0,0.0,0
2012-11-22T09:19:03.500,2187.2,10209,2187,60,0.0,0,0.0,0,0.0,0,0.0,0,2187.2,25,0.0,0,0.0,0,0.0,0,0.0,0
2012-11-22T09:19:04.000,2187.2,10213,2187,59,0.0,0,0.0,0,0.0,0,0.0,0,2187.2,23,0.0,0,0.0,0,0.0,0,0.0,0
2012-11-22T09:19:04.500,2187,10234,2187,39,0.0,0,0.0,0,0.0,0,0.0,0,2187.2,25,0.0,0,0.0,0,0.0,0,0.0,0
2012-11-22T09:19:05.000,2187,10249,2187,32,0.0,0,0.0,0,0.0,0,0.0,0,2187.2,22,0.0,0,0.0,0,0.0,0,0.0,0
2012-11-22T09:19:05.500,2187,10288,2187,52,0.0,0,0.0,0,0.0,0,0.0,0,2187.2,20,0.0,0,0.0,0,0.0,0,0.0,0
2012-11-22T09:19:06.000,2187,10299,2187,42,0.0,0,0.0,0,0.0,0,0.0,0,2187.2,16,0.0,0,0.0,0,0.0,0,0.0,0
2012-11-22T09:19:06.500,2187,10300,2187,41,0.0,0,0.0,0,0.0,0,0.0,0,2187.2,15,0.0,0,0.0,0,0.0,0,0.0,0
2012-11-22T09:19:07.000,2187,10306,2187,36,0.0,0,0.0,0,0.0,0,0.0,0,2187.2,14,0.0,0,0.0,0,0.0,0,0.0,0
2012-11-22T09:19:07.500,2187,10319,2187,23,0.0,0,0.0,0,0.0,0,0.0,0,2187.2,15,0.0,0,0.0,0,0.0,0,0.0,0
2012-11-22T09:19:08.000,2187,10342,2186.8,70,0.0,0,0.0,0,0.0,0,0.0,0,2187,44,0.0,0,0.0,0,0.0,0,0.0,0
2012-11-22T09:19:08.500,2187,10377,2186.8,52,0.0,0,0.0,0,0.0,0,0.0,0,2187,28,0.0,0,0.0,0,0.0,0,0.0,0
2012-11-22T09:19:09.000,2187,10399,2186.8,35,0.0,0,0.0,0,0.0,0,0.0,0,2187,36,0.0,0,0.0,0,0.0,0,0.0,0
2012-11-22T09:19:09.500,2186.8,10441,2186.8,2,0.0,0,0.0,0,0.0,0,0.0,0,2187,38,0.0,0,0.0,0,0.0,0,0.0,0
2012-11-22T09:19:10.000,2186.8,10443,2186.6,64,0.0,0,0.0,0,0.0,0,0.0,0,2186.8,22,0.0,0,0.0,0,0.0,0,0.0,0
2012-11-22T09:19:10.500,2186.8,10448,2186.6,61,0.0,0,0.0,0,0.0,0,0.0,0,2186.8,20,0.0,0,0.0,0,0.0,0,0.0,0
2012-11-22T09:19:11.000,2186.6,10469,2186.6,43,0.0,0,0.0,0,0.0,0,0.0,0,2186.8,18,0.0,0,0.0,0,0.0,0,0.0,0
2012-11-22T09:19:11.500,2186.6,10473,2186.6,39,0.0,0,0.0,0,0.0,0,0.0,0,2186.8,20,0.0,0,0.0,0,0.0,0,0.0,0
2012-11-22T09:19:12.000,2186.6,10506,2186.6,10,0.0,0,0.0,0,0.0,0,0.0,0,2186.8,18,0.0,0,0.0,0,0.0,0,0.0,0
2012-11-22T09:19:12.500,2186.6,10524,2186.6,7,0.0,0,0.0,0,0.0,0,0.0,0,2186.8,27,0.0,0,0.0,0,0.0,0,0.0,0
2012-11-22T09:19:13.000,2186.8,10541,2186.4,26,0.0,0,0.0,0,0.0,0,0.0,0,2186.8,34,0.0,0,0.0,0,0.0,0,0.0,0
2012-11-22T09:19:13.500,2186.4,10544,2186.4,33,0.0,0,0.0,0,0.0,0,0.0,0,2186.6,4,0.0,0,0.0,0,0.0,0,0.0,0
2012-11-22T09:19:14.000,2186.4,10566,2186.4,18,0.0,0,0.0,0,0.0,0,0.0,0,2186.6,3,0.0,0,0.0,0,0.0,0,0.0,0
2012-11-22T09:19:14.500,2186.4,10574,2186.4,10,0.0,0,0.0,0,0.0,0,0.0,0,2186.6,4,0.0,0,0.0,0,0.0,0,0.0,0
2012-11-22T09:19:15.000,2186.4,10584,2186.4,1,0.0,0,0.0,0,0.0,0,0.0,0,2186.6,8,0.0,0,0.0,0,0.0,0,0.0,0
2012-11-22T09:19:15.500,2186.4,10592,2186.2,62,0.0,0,0.0,0,0.0,0,0.0,0,2186.4,11,0.0,0,0.0,0,0.0,0,0.0,0
2012-11-22T09:19:16.000,2186.4,10599,2186.2,58,0.0,0,0.0,0,0.0,0,0.0,0,2186.4,41,0.0,0,0.0,0,0.0,0,0.0,0
2012-11-22T09:19:16.500,2186.2,10611,2186.2,52,0.0,0,0.0,0,0.0,0,0.0,0,2186.4,41,0.0,0,0.0,0,0.0,0,0.0,0
2012-11-22T09:19:17.000,2186.2,10651,2186.2,13,0.0,0,0.0,0,0.0,0,0.0,0,2186.4,42,0.0,0,0.0,0,0.0,0,0.0,0
2012-11-22T09:19:17.500,2186.2,10664,2186,113,0.0,0,0.0,0,0.0,0,0.0,0,2186.2,51,0.0,0,0.0,0,0.0,0,0.0,0
2012-11-22T09:19:18.000,2186.2,10673,2186,112,0.0,0,0.0,0,0.0,0,0.0,0,2186.2,72,0.0,0,0.0,0,0.0,0,0.0,0
2012-11-22T09:19:18.500,2186.2,10684,2186,104,0.0,0,0.0,0,0.0,0,0.0,0,2186.2,70,0.0,0,0.0,0,0.0,0,0.0,0
2012-11-22T09:19:19.000,2186,10711,2186,79,0.0,0,0.0,0,0.0,0,0.0,0,2186.2,71,0.0,0,0.0,0,0.0,0,0.0,0
2012-11-22T09:19:19.500,2186,10747,2186,47,0.0,0,0.0,0,0.0,0,0.0,0,2186.2,50,0.0,0,0.0,0,0.0,0,0.0,0
2012-11-22T09:19:20.000,2186.2,10763,2186,38,0.0,0,0.0,0,0.0,0,0.0,0,2186.2,47,0.0,0,0.0,0,0.0,0,0.0,0
2012-11-22T09:19:20.500,2186,10846,2186,9,0.0,0,0.0,0,0.0,0,0.0,0,2186.4,27,0.0,0,0.0,0,0.0,0,0.0,0
2012-11-22T09:19:21.000,2186.2,10870,2186.2,8,0.0,0,0.0,0,0.0,0,0.0,0,2186.4,27,0.0,0,0.0,0,0.0,0,0.0,0
2012-11-22T09:19:21.500,2186.2,10905,2186.2,9,0.0,0,0.0,0,0.0,0,0.0,0,2186.4,6,0.0,0,0.0,0,0.0,0,0.0,0
2012-11-22T09:19:22.000,2186.2,10918,2186,26,0.0,0,0.0,0,0.0,0,0.0,0,2186.2,25,0.0,0,0.0,0,0.0,0,0.0,0
2012-11-22T09:19:22.500,2186,10938,2186,21,0.0,0,0.0,0,0.0,0,0.0,0,2186.2,20,0.0,0,0.0,0,0.0,0,0.0,0
2012-11-22T09:19:23.000,2185.6,11001,2185.8,1,0.0,0,0.0,0,0.0,0,0.0,0,2186,2,0.0,0,0.0,0,0.0,0,0.0,0
2012-11-22T09:19:23.500,2186,11031,2185.6,26,0.0,0,0.0,0,0.0,0,0.0,0,2185.8,1,0.0,0,0.0,0,0.0,0,0.0,0
2012-11-22T09:19:24.000,2185.4,11075,2185.4,37,0.0,0,0.0,0,0.0,0,0.0,0,2185.8,1,0.0,0,0.0,0,0.0,0,0.0,0
2012-11-22T09:19:24.500,2185.4,11129,2185.4,27,0.0,0,0.0,0,0.0,0,0.0,0,2185.8,105,0.0,0,0.0,0,0.0,0,0.0,0
2012-11-22T09:19:25.000,2185.4,11161,2185.4,7,0.0,0,0.0,0,0.0,0,0.0,0,2185.6,45,0.0,0,0.0,0,0.0,0,0.0,0
2012-11-22T09:19:25.500,2185.4,11184,2185.2,118,0.0,0,0.0,0,0.0,0,0.0,0,2185.4,37,0.0,0,0.0,0,0.0,0,0.0,0
2012-11-22T09:19:26.000,2185.4,11241,2185.2,83,0.0,0,0.0,0,0.0,0,0.0,0,2185.4,21,0.0,0,0.0,0,0.0,0,0.0,0
2012-11-22T09:19:26.500,2185.2,11271,2185.2,75,0.0,0,0.0,0,0.0,0,0.0,0,2185.4,15,0.0,0,0.0,0,0.0,0,0.0,0
2012-11-22T09:19:27.000,2185.4,11295,2185.2,69,0.0,0,0.0,0,0.0,0,0.0,0,2185.4,10,0.0,0,0.0,0,0.0,0,0.0,0
2012-11-22T09:19:27.500,2185.4,11344,2185.4,7,0.0,0,0.0,0,0.0,0,0.0,0,2185.6,25,0.0,0,0.0,0,0.0,0,0.0,0
2012-11-22T09:19:28.000,2185.6,11361,2185.4,8,0.0,0,0.0,0,0.0,0,0.0,0,2185.6,23,0.0,0,0.0,0,0.0,0,0.0,0
2012-11-22T09:19:28.500,2185.6,11405,2185.6,2,0.0,0,0.0,0,0.0,0,0.0,0,2185.8,14,0.0,0,0.0,0,0.0,0,0.0,0
2012-11-22T09:19:29.000,2185.8,11441,2185.8,19,0.0,0,0.0,0,0.0,0,0.0,0,2186,14,0.0,0,0.0,0,0.0,0,0.0,0
2012-11-22T09:19:29.500,2185.6,11492,2185.4,15,0.0,0,0.0,0,0.0,0,0.0,0,2185.6,11,0.0,0,0.0,0,0.0,0,0.0,0
2012-11-22T09:19:30.000,2185.6,11512,2185.4,11,0.0,0,0.0,0,0.0,0,0.0,0,2185.6,2,0.0,0,0.0,0,0.0,0,0.0,0
2012-11-22T09:19:30.500,2185.6,11522,2185.6,29,0.0,0,0.0,0,0.0,0,0.0,0,2185.8,31,0.0,0,0.0,0,0.0,0,0.0,0
2012-11-22T09:19:31.000,2185.8,11540,2185.6,23,0.0,0,0.0,0,0.0,0,0.0,0,2185.8,29,0.0,0,0.0,0,0.0,0,0.0,0
2012-11-22T09:19:31.500,2185.6,11558,2185.6,21,0.0,0,0.0,0,0.0,0,0.0,0,2185.8,30,0.0,0,0.0,0,0.0,0,0.0,0
2012-11-22T09:19:32.000,2185.8,11564,2185.6,26,0.0,0,0.0,0,0.0,0,0.0,0,2185.8,36,0.0,0,0.0,0,0.0,0,0.0,0
2012-11-22T09:19:32.500,2185.8,11579,2185.6,24,0.0,0,0.0,0,0.0,0,0.0,0,2185.8,27,0.0,0,0.0,0,0.0,0,0.0,0
2012-11-22T09:19:33.000,2185.8,11592,2185.6,20,0.0,0,0.0,0,0.0,0,0.0,0,2185.8,18,0.0,0,0.0,0,0.0,0,0.0,0
2012-11-22T09:19:33.500,2186,11617,2185.6,30,0.0,0,0.0,0,0.0,0,0.0,0,2186,31,0.0,0,0.0,0,0.0,0,0.0,0
2012-11-22T09:19:34.000,2186,11621,2185.8,13,0.0,0,0.0,0,0.0,0,0.0,0,2186,29,0.0,0,0.0,0,0.0,0,0.0,0
2012-11-22T09:19:34.500,2186,11660,2186,14,0.0,0,0.0,0,0.0,0,0.0,0,2186.2,20,0.0,0,0.0,0,0.0,0,0.0,0
2012-11-22T09:19:35.000,2186.2,11667,2186,14,0.0,0,0.0,0,0.0,0,0.0,0,2186.2,15,0.0,0,0.0,0,0.0,0,0.0,0
2012-11-22T09:19:35.500,2186.2,11675,2186,15,0.0,0,0.0,0,0.0,0,0.0,0,2186.2,16,0.0,0,0.0,0,0.0,0,0.0,0
2012-11-22T09:19:36.000,2186.2,11694,2186,1,0.0,0,0.0,0,0.0,0,0.0,0,2186.2,26,0.0,0,0.0,0,0.0,0,0.0,0
2012-11-22T09:19:36.500,2186,11696,2186,22,0.0,0,0.0,0,0.0,0,0.0,0,2186.2,27,0.0,0,0.0,0,0.0,0,0.0,0
2012-11-22T09:19:37.000,2186,11719,2186,8,0.0,0,0.0,0,0.0,0,0.0,0,2186.2,18,0.0,0,0.0,0,0.0,0,0.0,0
2012-11-22T09:19:37.500,2186,11723,2186,6,0.0,0,0.0,0,0.0,0,0.0,0,2186.2,18,0.0,0,0.0,0,0.0,0,0.0,0
2012-11-22T09:19:38.000,2186,11734,2185.8,16,0.0,0,0.0,0,0.0,0,0.0,0,2186,4,0.0,0,0.0,0,0.0,0,0.0,0
2012-11-22T09:19:38.500,2185.8,11736,2185.8,14,0.0,0,0.0,0,0.0,0,0.0,0,2186,8,0.0,0,0.0,0,0.0,0,0.0,0
2012-11-22T09:19:39.000,2186,11739,2185.8,14,0.0,0,0.0,0,0.0,0,0.0,0,2186,5,0.0,0,0.0,0,0.0,0,0.0,0
2012-11-22T09:19:39.500,2185.8,11741,2185.8,13,0.0,0,0.0,0,0.0,0,0.0,0,2186,8,0.0,0,0.0,0,0.0,0,0.0,0
2012-11-22T09:19:40.000,2186,11744,2185.8,12,0.0,0,0.0,0,0.0,0,0.0,0,2186,7,0.0,0,0.0,0,0.0,0,0.0,0
2012-11-22T09:19:40.500,2186,11757,2185.8,8,0.0,0,0.0,0,0.0,0,0.0,0,2186,3,0.0,0,0.0,0,0.0,0,0.0,0
2012-11-22T09:19:41.000,2186,11764,2185.8,5,0.0,0,0.0,0,0.0,0,0.0,0,2186,29,0.0,0,0.0,0,0.0,0,0.0,0
2012-11-22T09:19:41.500,2185.8,11769,2185.8,14,0.0,0,0.0,0,0.0,0,0.0,0,2186,43,0.0,0,0.0,0,0.0,0,0.0,0
2012-11-22T09:19:42.000,2186,11775,2185.8,14,0.0,0,0.0,0,0.0,0,0.0,0,2186,64,0.0,0,0.0,0,0.0,0,0.0,0
2012-11-22T09:19:42.500,2185.8,11788,2185.8,5,0.0,0,0.0,0,0.0,0,0.0,0,2186,61,0.0,0,0.0,0,0.0,0,0.0,0
2012-11-22T09:19:43.000,2185.8,11798,2185.6,35,0.0,0,0.0,0,0.0,0,0.0,0,2185.8,12,0.0,0,0.0,0,0.0,0,0.0,0
2012-11-22T09:19:43.500,2185.8,11799,2185.6,36,0.0,0,0.0,0,0.0,0,0.0,0,2185.8,24,0.0,0,0.0,0,0.0,0,0.0,0
2012-11-22T09:19:44.000,2185.8,11823,2185.6,30,0.0,0,0.0,0,0.0,0,0.0,0,2185.8,16,0.0,0,0.0,0,0.0,0,0.0,0
2012-11-22T09:19:44.500,2185.8,11838,2185.6,29,0.0,0,0.0,0,0.0,0,0.0,0,2185.8,15,0.0,0,0.0,0,0.0,0,0.0,0
2012-11-22T09:19:45.000,2185.6,11840,2185.6,29,0.0,0,0.0,0,0.0,0,0.0,0,2185.8,15,0.0,0,0.0,0,0.0,0,0.0,0
2012-11-22T09:19:45.500,2185.6,11854,2185.6,25,0.0,0,0.0,0,0.0,0,0.0,0,2185.8,5,0.0,0,0.0,0,0.0,0,0.0,0
2012-11-22T09:19:46.000,2185.6,11860,2185.6,22,0.0,0,0.0,0,0.0,0,0.0,0,2185.8,29,0.0,0,0.0,0,0.0,0,0.0,0
2012-11-22T09:19:46.500,2185.8,11874,2185.6,22,0.0,0,0.0,0,0.0,0,0.0,0,2185.8,18,0.0,0,0.0,0,0.0,0,0.0,0
2012-11-22T09:19:47.000,2185.8,11876,2185.6,27,0.0,0,0.0,0,0.0,0,0.0,0,2185.8,23,0.0,0,0.0,0,0.0,0,0.0,0
2012-11-22T09:19:47.500,2185.8,11890,2185.6,15,0.0,0,0.0,0,0.0,0,0.0,0,2185.8,46,0.0,0,0.0,0,0.0,0,0.0,0
2012-11-22T09:19:48.000,2185.8,11895,2185.6,17,0.0,0,0.0,0,0.0,0,0.0,0,2185.8,42,0.0,0,0.0,0,0.0,0,0.0,0
2012-11-22T09:19:48.500,2185.8,11908,2185.6,7,0.0,0,0.0,0,0.0,0,0.0,0,2185.8,22,0.0,0,0.0,0,0.0,0,0.0,0
2012-11-22T09:19:49.000,2185.8,11921,2185.6,1,0.0,0,0.0,0,0.0,0,0.0,0,2185.8,18,0.0,0,0.0,0,0.0,0,0.0,0
2012-11-22T09:19:49.500,2185.6,11937,2185.6,2,0.0,0,0.0,0,0.0,0,0.0,0,2185.8,8,0.0,0,0.0,0,0.0,0,0.0,0
2012-11-22T09:19:50.000,2185.6,11950,2185.6,20,0.0,0,0.0,0,0.0,0,0.0,0,2185.8,5,0.0,0,0.0,0,0.0,0,0.0,0
2012-11-22T09:19:50.500,2185.4,11992,2185.4,36,0.0,0,0.0,0,0.0,0,0.0,0,2185.6,24,0.0,0,0.0,0,0.0,0,0.0,0
2012-11-22T09:19:51.000,2185.6,12000,2185.4,33,0.0,0,0.0,0,0.0,0,0.0,0,2185.6,25,0.0,0,0.0,0,0.0,0,0.0,0
2012-11-22T09:19:51.500,2185.4,12010,2185.4,27,0.0,0,0.0,0,0.0,0,0.0,0,2185.6,21,0.0,0,0.0,0,0.0,0,0.0,0
2012-11-22T09:19:52.000,2185.6,12034,2185.6,28,0.0,0,0.0,0,0.0,0,0.0,0,2185.8,4,0.0,0,0.0,0,0.0,0,0.0,0
2012-11-22T09:19:52.500,2185.4,12078,2185.4,21,0.0,0,0.0,0,0.0,0,0.0,0,2185.6,31,0.0,0,0.0,0,0.0,0,0.0,0
2012-11-22T09:19:53.000,2185.6,12093,2185.4,16,0.0,0,0.0,0,0.0,0,0.0,0,2185.6,23,0.0,0,0.0,0,0.0,0,0.0,0
2012-11-22T09:19:53.500,2185.4,12117,2185.2,91,0.0,0,0.0,0,0.0,0,0.0,0,2185.4,3,0.0,0,0.0,0,0.0,0,0.0,0
2012-11-22T09:19:54.000,2185.4,12139,2185.2,74,0.0,0,0.0,0,0.0,0,0.0,0,2185.6,32,0.0,0,0.0,0,0.0,0,0.0,0
2012-11-22T09:19:54.500,2185.6,12168,2185.4,1,0.0,0,0.0,0,0.0,0,0.0,0,2185.6,6,0.0,0,0.0,0,0.0,0,0.0,0
2012-11-22T09:19:55.000,2185.6,12170,2185.4,3,0.0,0,0.0,0,0.0,0,0.0,0,2185.6,4,0.0,0,0.0,0,0.0,0,0.0,0
2012-11-22T09:19:55.500,2185.6,12185,2185.4,5,0.0,0,0.0,0,0.0,0,0.0,0,2185.6,3,0.0,0,0.0,0,0.0,0,0.0,0
2012-11-22T09:19:56.000,2185.6,12192,2185.4,1,0.0,0,0.0,0,0.0,0,0.0,0,2185.6,2,0.0,0,0.0,0,0.0,0,0.0,0
2012-11-22T09:19:56.500,2185.4,12203,2185.2,61,0.0,0,0.0,0,0.0,0,0.0,0,2185.4,16,0.0,0,0.0,0,0.0,0,0.0,0
2012-11-22T09:19:57.000,2185.4,12210,2185.2,62,0.0,0,0.0,0,0.0,0,0.0,0,2185.4,11,0.0,0,0.0,0,0.0,0,0.0,0
2012-11-22T09:19:57.500,2185.4,12231,2185.2,56,0.0,0,0.0,0,0.0,0,0.0,0,2185.4,6,0.0,0,0.0,0,0.0,0,0.0,0
2012-11-22T09:19:58.000,2185.4,12241,2185.4,4,0.0,0,0.0,0,0.0,0,0.0,0,2185.6,23,0.0,0,0.0,0,0.0,0,0.0,0
2012-11-22T09:19:58.500,2185.4,12243,2185.4,5,0.0,0,0.0,0,0.0,0,0.0,0,2185.6,22,0.0,0,0.0,0,0.0,0,0.0,0
2012-11-22T09:19:59.000,2185.2,12250,2185.2,87,0.0,0,0.0,0,0.0,0,0.0,0,2185.6,24,0.0,0,0.0,0,0.0,0,0.0,0
2012-11-22T09:19:59.500,2185.4,12256,2185.4,4,0.0,0,0.0,0,0.0,0,0.0,0,2185.6,20,0.0,0,0.0,0,0.0,0,0.0,0
2012-11-22T09:20:00.000,2185.6,12265,2185.4,32,0.0,0,0.0,0,0.0,0,0.0,0,2185.6,15,0.0,0,0.0,0,0.0,0,0.0,0
2012-11-22T09:20:00.500,2185.4,12318,2185.4,30,0.0,0,0.0,0,0.0,0,0.0,0,2185.8,31,0.0,0,0.0,0,0.0,0,0.0,0
2012-11-22T09:20:01.000,2185.8,12394,2185.8,2,0.0,0,0.0,0,0.0,0,0.0,0,2186,113,0.0,0,0.0,0,0.0,0,0.0,0
2012-11-22T09:20:01.500,2185.4,12444,2185.4,11,0.0,0,0.0,0,0.0,0,0.0,0,2185.8,17,0.0,0,0.0,0,0.0,0,0.0,0
2012-11-22T09:20:02.000,2185.4,12469,2185.4,6,0.0,0,0.0,0,0.0,0,0.0,0,2185.8,33,0.0,0,0.0,0,0.0,0,0.0,0
2012-11-22T09:20:02.500,2185.8,12505,2185.4,1,0.0,0,0.0,0,0.0,0,0.0,0,2185.8,64,0.0,0,0.0,0,0.0,0,0.0,0
2012-11-22T09:20:03.000,2185.2,12539,2185.2,90,0.0,0,0.0,0,0.0,0,0.0,0,2185.6,7,0.0,0,0.0,0,0.0,0,0.0,0
2012-11-22T09:20:03.500,2185.6,12549,2185.4,2,0.0,0,0.0,0,0.0,0,0.0,0,2185.8,51,0.0,0,0.0,0,0.0,0,0.0,0
2012-11-22T09:20:04.000,2185.8,12572,2185.2,88,0.0,0,0.0,0,0.0,0,0.0,0,2185.8,36,0.0,0,0.0,0,0.0,0,0.0,0
2012-11-22T09:20:04.500,2185.4,12583,2185.2,86,0.0,0,0.0,0,0.0,0,0.0,0,2185.4,2,0.0,0,0.0,0,0.0,0,0.0,0
2012-11-22T09:20:05.000,2185.6,12610,2185.2,83,0.0,0,0.0,0,0.0,0,0.0,0,2185.6,5,0.0,0,0.0,0,0.0,0,0.0,0
2012-11-22T09:20:05.500,2185.4,12650,2185.4,4,0.0,0,0.0,0,0.0,0,0.0,0,2185.8,32,0.0,0,0.0,0,0.0,0,0.0,0
2012-11-22T09:20:06.000,2185.4,12658,2185.6,3,0.0,0,0.0,0,0.0,0,0.0,0,2185.8,26,0.0,0,0.0,0,0.0,0,0.0,0
2012-11-22T09:20:06.500,2185.8,12681,2185.4,9,0.0,0,0.0,0,0.0,0,0.0,0,2185.8,10,0.0,0,0.0,0,0.0,0,0.0,0
2012-11-22T09:20:07.000,2185.6,12687,2185.4,21,0.0,0,0.0,0,0.0,0,0.0,0,2185.8,6,0.0,0,0.0,0,0.0,0,0.0,0
2012-11-22T09:20:07.500,2185.8,12701,2185.4,35,0.0,0,0.0,0,0.0,0,0.0,0,2185.8,11,0.0,0,0.0,0,0.0,0,0.0,0
2012-11-22T09:20:08.000,2185.8,12705,2185.4,36,0.0,0,0.0,0,0.0,0,0.0,0,2185.6,3,0.0,0,0.0,0,0.0,0,0.0,0
2012-11-22T09:20:08.500,2185.8,12709,2185.6,1,0.0,0,0.0,0,0.0,0,0.0,0,2185.8,21,0.0,0,0.0,0,0.0,0,0.0,0
2012-11-22T09:20:09.000,2185.8,12710,2185.6,20,0.0,0,0.0,0,0.0,0,0.0,0,2185.8,20,0.0,0,0.0,0,0.0,0,0.0,0
2012-11-22T09:20:09.500,2185.8,12726,2185.6,19,0.0,0,0.0,0,0.0,0,0.0,0,2185.8,10,0.0,0,0.0,0,0.0,0,0.0,0
2012-11-22T09:20:10.000,2185.8,12734,2185.6,17,0.0,0,0.0,0,0.0,0,0.0,0,2185.8,6,0.0,0,0.0,0,0.0,0,0.0,0
2012-11-22T09:20:10.500,2186,12752,2185.6,17,0.0,0,0.0,0,0.0,0,0.0,0,2186,116,0.0,0,0.0,0,0.0,0,0.0,0
2012-11-22T09:20:11.000,2186,12760,2185.8,1,0.0,0,0.0,0,0.0,0,0.0,0,2186,116,0.0,0,0.0,0,0.0,0,0.0,0
2012-11-22T09:20:11.500,2186,12766,2185.8,23,0.0,0,0.0,0,0.0,0,0.0,0,2186,114,0.0,0,0.0,0,0.0,0,0.0,0
2012-11-22T09:20:12.000,2186,12800,2185.8,22,0.0,0,0.0,0,0.0,0,0.0,0,2186,86,0.0,0,0.0,0,0.0,0,0.0,0
2012-11-22T09:20:12.500,2186,12801,2185.8,23,0.0,0,0.0,0,0.0,0,0.0,0,2186,83,0.0,0,0.0,0,0.0,0,0.0,0
2012-11-22T09:20:13.000,2186,12850,2185.8,22,0.0,0,0.0,0,0.0,0,0.0,0,2186,34,0.0,0,0.0,0,0.0,0,0.0,0
2012-11-22T09:20:13.500,2186,12861,2185.8,21,0.0,0,0.0,0,0.0,0,0.0,0,2186,33,0.0,0,0.0,0,0.0,0,0.0,0
2012-11-22T09:20:14.000,2186,12893,2185.8,19,0.0,0,0.0,0,0.0,0,0.0,0,2186,5,0.0,0,0.0,0,0.0,0,0.0,0
2012-11-22T09:20:14.500,2186,12896,2185.8,23,0.0,0,0.0,0,0.0,0,0.0,0,2186,2,0.0,0,0.0,0,0.0,0,0.0,0
2012-11-22T09:20:15.000,2186,12900,2186,10,0.0,0,0.0,0,0.0,0,0.0,0,2186.2,30,0.0,0,0.0,0,0.0,0,0.0,0
2012-11-22T09:20:15.500,2186,12914,2186,18,0.0,0,0.0,0,0.0,0,0.0,0,2186.2,28,0.0,0,0.0,0,0.0,0,0.0,0
2012-11-22T09:20:16.000,2186.2,12931,2186,7,0.0,0,0.0,0,0.0,0,0.0,0,2186.2,28,0.0,0,0.0,0,0.0,0,0.0,0
2012-11-22T09:20:16.500,2186.2,12933,2186,9,0.0,0,0.0,0,0.0,0,0.0,0,2186.2,27,0.0,0,0.0,0,0.0,0,0.0,0
2012-11-22T09:20:17.250,2186.2,12952,2186,8,0.0,0,0.0,0,0.0,0,0.0,0,2186.2,11,0.0,0,0.0,0,0.0,0,0.0,0
2012-11-22T09:20:18.000,2186.2,12962,2186,20,0.0,0,0.0,0,0.0,0,0.0,0,2186.2,20,0.0,0,0.0,0,0.0,0,0.0,0
2012-11-22T09:20:18.500,2186.2,12976,2186,20,0.0,0,0.0,0,0.0,0,0.0,0,2186.2,15,0.0,0,0.0,0,0.0,0,0.0,0
2012-11-22T09:20:19.000,2186.2,12992,2186,16,0.0,0,0.0,0,0.0,0,0.0,0,2186.2,3,0.0,0,0.0,0,0.0,0,0.0,0
2012-11-22T09:20:19.500,2186.2,12999,2186,13,0.0,0,0.0,0,0.0,0,0.0,0,2186.2,2,0.0,0,0.0,0,0.0,0,0.0,0
2012-11-22T09:20:20.000,2186.2,13002,2186,16,0.0,0,0.0,0,0.0,0,0.0,0,2186.2,1,0.0,0,0.0,0,0.0,0,0.0,0
2012-11-22T09:20:20.500,2186.2,13005,2186,16,0.0,0,0.0,0,0.0,0,0.0,0,2186.2,11,0.0,0,0.0,0,0.0,0,0.0,0
2012-11-22T09:20:21.000,2186.2,13028,2186.2,18,0.0,0,0.0,0,0.0,0,0.0,0,2186.4,36,0.0,0,0.0,0,0.0,0,0.0,0
2012-11-22T09:20:21.500,2186.4,13030,2186.2,20,0.0,0,0.0,0,0.0,0,0.0,0,2186.4,35,0.0,0,0.0,0,0.0,0,0.0,0
2012-11-22T09:20:22.000,2186.2,13034,2186.2,17,0.0,0,0.0,0,0.0,0,0.0,0,2186.4,35,0.0,0,0.0,0,0.0,0,0.0,0
2012-11-22T09:20:22.500,2186.4,13049,2186.2,20,0.0,0,0.0,0,0.0,0,0.0,0,2186.4,23,0.0,0,0.0,0,0.0,0,0.0,0
2012-11-22T09:20:23.000,2186.2,13060,2186.2,20,0.0,0,0.0,0,0.0,0,0.0,0,2186.4,21,0.0,0,0.0,0,0.0,0,0.0,0
2012-11-22T09:20:23.500,2186.2,13064,2186.2,20,0.0,0,0.0,0,0.0,0,0.0,0,2186.4,28,0.0,0,0.0,0,0.0,0,0.0,0
2012-11-22T09:20:24.250,2186.4,13070,2186.2,20,0.0,0,0.0,0,0.0,0,0.0,0,2186.4,26,0.0,0,0.0,0,0.0,0,0.0,0
2012-11-22T09:20:25.000,2186.2,13089,2186.2,4,0.0,0,0.0,0,0.0,0,0.0,0,2186.4,34,0.0,0,0.0,0,0.0,0,0.0,0
2012-11-22T09:20:25.500,2186.2,13102,2186,20,0.0,0,0.0,0,0.0,0,0.0,0,2186.2,1,0.0,0,0.0,0,0.0,0,0.0,0
2012-11-22T09:20:26.000,2186.2,13114,2186,22,0.0,0,0.0,0,0.0,0,0.0,0,2186.2,20,0.0,0,0.0,0,0.0,0,0.0,0
2012-11-22T09:20:26.500,2186,13119,2186,21,0.0,0,0.0,0,0.0,0,0.0,0,2186.2,18,0.0,0,0.0,0,0.0,0,0.0,0
2012-11-22T09:20:27.000,2186.2,13126,2186,18,0.0,0,0.0,0,0.0,0,0.0,0,2186.2,24,0.0,0,0.0,0,0.0,0,0.0,0
2012-11-22T09:20:27.500,2186,13139,2186,13,0.0,0,0.0,0,0.0,0,0.0,0,2186.2,20,0.0,0,0.0,0,0.0,0,0.0,0
2012-11-22T09:20:28.000,2186,13146,2186,11,0.0,0,0.0,0,0.0,0,0.0,0,2186.2,16,0.0,0,0.0,0,0.0,0,0.0,0
2012-11-22T09:20:28.500,2186.2,13151,2186,11,0.0,0,0.0,0,0.0,0,0.0,0,2186.2,11,0.0,0,0.0,0,0.0,0,0.0,0
2012-11-22T09:20:29.250,2186,13154,2186,9,0.0,0,0.0,0,0.0,0,0.0,0,2186.2,11,0.0,0,0.0,0,0.0,0,0.0,0
2012-11-22T09:20:30.000,2186,13156,2186,23,0.0,0,0.0,0,0.0,0,0.0,0,2186.2,26,0.0,0,0.0,0,0.0,0,0.0,0
2012-11-22T09:20:30.500,2186,13164,2186,30,0.0,0,0.0,0,0.0,0,0.0,0,2186.2,43,0.0,0,0.0,0,0.0,0,0.0,0
2012-11-22T09:20:31.000,2185.8,13195,2185.8,26,0.0,0,0.0,0,0.0,0,0.0,0,2186,20,0.0,0,0.0,0,0.0,0,0.0,0
2012-11-22T09:20:31.500,2186,13198,2185.8,25,0.0,0,0.0,0,0.0,0,0.0,0,2186,18,0.0,0,0.0,0,0.0,0,0.0,0
2012-11-22T09:20:32.000,2186,13200,2185.8,30,0.0,0,0.0,0,0.0,0,0.0,0,2186,22,0.0,0,0.0,0,0.0,0,0.0,0
2012-11-22T09:20:32.500,2185.8,13211,2185.8,20,0.0,0,0.0,0,0.0,0,0.0,0,2186,31,0.0,0,0.0,0,0.0,0,0.0,0
2012-11-22T09:20:33.000,2185.8,13216,2185.8,15,0.0,0,0.0,0,0.0,0,0.0,0,2186,31,0.0,0,0.0,0,0.0,0,0.0,0
2012-11-22T09:20:33.500,2185.8,13236,2185.6,26,0.0,0,0.0,0,0.0,0,0.0,0,2185.8,6,0.0,0,0.0,0,0.0,0,0.0,0
2012-11-22T09:20:34.000,2185.8,13237,2185.6,26,0.0,0,0.0,0,0.0,0,0.0,0,2185.8,57,0.0,0,0.0,0,0.0,0,0.0,0
2012-11-22T09:20:34.500,2185.6,13267,2185.6,1,0.0,0,0.0,0,0.0,0,0.0,0,2185.8,56,0.0,0,0.0,0,0.0,0,0.0,0
2012-11-22T09:20:35.000,2185.6,13273,2185.4,38,0.0,0,0.0,0,0.0,0,0.0,0,2185.6,66,0.0,0,0.0,0,0.0,0,0.0,0
2012-11-22T09:20:35.500,2185.4,13316,2185.4,1,0.0,0,0.0,0,0.0,0,0.0,0,2185.6,39,0.0,0,0.0,0,0.0,0,0.0,0
2012-11-22T09:20:36.000,2185.2,13337,2185.2,70,0.0,0,0.0,0,0.0,0,0.0,0,2185.4,23,0.0,0,0.0,0,0.0,0,0.0,0
2012-11-22T09:20:36.500,2185.4,13385,2185.2,49,0.0,0,0.0,0,0.0,0,0.0,0,2185.4,5,0.0,0,0.0,0,0.0,0,0.0,0
2012-11-22T09:20:37.000,2185.4,13415,2185.4,1,0.0,0,0.0,0,0.0,0,0.0,0,2185.6,12,0.0,0,0.0,0,0.0,0,0.0,0
2012-11-22T09:20:37.500,2185.4,13426,2185.4,4,0.0,0,0.0,0,0.0,0,0.0,0,2185.6,11,0.0,0,0.0,0,0.0,0,0.0,0
2012-11-22T09:20:38.000,2185.4,13437,2185.2,35,0.0,0,0.0,0,0.0,0,0.0,0,2185.4,3,0.0,0,0.0,0,0.0,0,0.0,0
2012-11-22T09:20:38.500,2185.6,13450,2185.4,25,0.0,0,0.0,0,0.0,0,0.0,0,2185.6,10,0.0,0,0.0,0,0.0,0,0.0,0
2012-11-22T09:20:39.000,2185.4,13456,2185.4,21,0.0,0,0.0,0,0.0,0,0.0,0,2185.6,9,0.0,0,0.0,0,0.0,0,0.0,0
2012-11-22T09:20:39.500,2185.4,13478,2185.4,4,0.0,0,0.0,0,0.0,0,0.0,0,2185.6,8,0.0,0,0.0,0,0.0,0,0.0,0
2012-11-22T09:20:40.000,2185.4,13479,2185.4,6,0.0,0,0.0,0,0.0,0,0.0,0,2185.6,12,0.0,0,0.0,0,0.0,0,0.0,0
2012-11-22T09:20:40.500,2185.4,13483,2185.4,10,0.0,0,0.0,0,0.0,0,0.0,0,2185.6,14,0.0,0,0.0,0,0.0,0,0.0,0
2012-11-22T09:20:41.000,2185.6,13489,2185.4,10,0.0,0,0.0,0,0.0,0,0.0,0,2185.6,11,0.0,0,0.0,0,0.0,0,0.0,0
2012-11-22T09:20:41.500,2185.6,13507,2185.2,37,0.0,0,0.0,0,0.0,0,0.0,0,2185.6,5,0.0,0,0.0,0,0.0,0,0.0,0
2012-11-22T09:20:42.000,2185.2,13563,2185,288,0.0,0,0.0,0,0.0,0,0.0,0,2185.8,13,0.0,0,0.0,0,0.0,0,0.0,0
2012-11-22T09:20:42.500,2185.4,13579,2185.4,11,0.0,0,0.0,0,0.0,0,0.0,0,2185.6,4,0.0,0,0.0,0,0.0,0,0.0,0
2012-11-22T09:20:43.000,2185.6,13611,2185.6,10,0.0,0,0.0,0,0.0,0,0.0,0,2185.8,12,0.0,0,0.0,0,0.0,0,0.0,0
2012-11-22T09:20:43.500,2185.4,13627,2185.4,6,0.0,0,0.0,0,0.0,0,0.0,0,2185.6,14,0.0,0,0.0,0,0.0,0,0.0,0
2012-11-22T09:20:44.000,2185.2,13642,2185.2,6,0.0,0,0.0,0,0.0,0,0.0,0,2185.4,11,0.0,0,0.0,0,0.0,0,0.0,0
2012-11-22T09:20:44.500,2185.4,13648,2185.2,9,0.0,0,0.0,0,0.0,0,0.0,0,2185.4,37,0.0,0,0.0,0,0.0,0,0.0,0
2012-11-22T09:20:45.000,2185.2,13669,2185.2,13,0.0,0,0.0,0,0.0,0,0.0,0,2185.4,54,0.0,0,0.0,0,0.0,0,0.0,0
2012-11-22T09:20:45.500,2185.2,13692,2185,301,0.0,0,0.0,0,0.0,0,0.0,0,2185.2,22,0.0,0,0.0,0,0.0,0,0.0,0
2012-11-22T09:20:46.000,2185,13707,2185,296,0.0,0,0.0,0,0.0,0,0.0,0,2185.2,27,0.0,0,0.0,0,0.0,0,0.0,0
2012-11-22T09:20:46.500,2185,13735,2185,278,0.0,0,0.0,0,0.0,0,0.0,0,2185.2,15,0.0,0,0.0,0,0.0,0,0.0,0
2012-11-22T09:20:47.000,2185.2,13804,2185,222,0.0,0,0.0,0,0.0,0,0.0,0,2185.2,5,0.0,0,0.0,0,0.0,0,0.0,0
2012-11-22T09:20:47.500,2185.2,13839,2185.2,7,0.0,0,0.0,0,0.0,0,0.0,0,2185.4,58,0.0,0,0.0,0,0.0,0,0.0,0
2012-11-22T09:20:48.000,2185.2,13862,2185.2,25,0.0,0,0.0,0,0.0,0,0.0,0,2185.4,58,0.0,0,0.0,0,0.0,0,0.0,0
2012-11-22T09:20:48.500,2185.2,13880,2185.2,18,0.0,0,0.0,0,0.0,0,0.0,0,2185.4,65,0.0,0,0.0,0,0.0,0,0.0,0
2012-11-22T09:20:49.000,2185.2,13945,2185.2,24,0.0,0,0.0,0,0.0,0,0.0,0,2185.4,23,0.0,0,0.0,0,0.0,0,0.0,0
2012-11-22T09:20:49.500,2185.2,13955,2185.2,2,0.0,0,0.0,0,0.0,0,0.0,0,2185.4,22,0.0,0,0.0,0,0.0,0,0.0,0
2012-11-22T09:20:50.000,2185.2,13964,2185,183,0.0,0,0.0,0,0.0,0,0.0,0,2185.2,1,0.0,0,0.0,0,0.0,0,0.0,0
2012-11-22T09:20:50.500,2185.2,13972,2185.2,50,0.0,0,0.0,0,0.0,0,0.0,0,2185.4,23,0.0,0,0.0,0,0.0,0,0.0,0
2012-11-22T09:20:51.000,2185.2,13973,2185.2,49,0.0,0,0.0,0,0.0,0,0.0,0,2185.4,23,0.0,0,0.0,0,0.0,0,0.0,0
2012-11-22T09:20:51.500,2185.2,13980,2185.2,98,0.0,0,0.0,0,0.0,0,0.0,0,2185.4,22,0.0,0,0.0,0,0.0,0,0.0,0
2012-11-22T09:20:52.000,2185.2,13986,2185.2,95,0.0,0,0.0,0,0.0,0,0.0,0,2185.4,24,0.0,0,0.0,0,0.0,0,0.0,0
2012-11-22T09:20:52.500,2185.4,14021,2185.4,35,0.0,0,0.0,0,0.0,0,0.0,0,2185.6,14,0.0,0,0.0,0,0.0,0,0.0,0
2012-11-22T09:20:53.000,2185.4,14031,2185.4,140,0.0,0,0.0,0,0.0,0,0.0,0,2185.6,10,0.0,0,0.0,0,0.0,0,0.0,0
2012-11-22T09:20:53.500,2185.6,14063,2185.6,45,0.0,0,0.0,0,0.0,0,0.0,0,2185.8,28,0.0,0,0.0,0,0.0,0,0.0,0
2012-11-22T09:20:54.000,2185.8,14084,2185.6,44,0.0,0,0.0,0,0.0,0,0.0,0,2185.8,14,0.0,0,0.0,0,0.0,0,0.0,0
2012-11-22T09:20:54.500,2185.6,14093,2185.6,36,0.0,0,0.0,0,0.0,0,0.0,0,2185.8,12,0.0,0,0.0,0,0.0,0,0.0,0
2012-11-22T09:20:55.000,2185.8,14095,2185.6,54,0.0,0,0.0,0,0.0,0,0.0,0,2185.8,11,0.0,0,0.0,0,0.0,0,0.0,0
2012-11-22T09:20:55.500,2185.6,14097,2185.6,62,0.0,0,0.0,0,0.0,0,0.0,0,2185.8,18,0.0,0,0.0,0,0.0,0,0.0,0
2012-11-22T09:20:56.000,2185.8,14101,2185.6,61,0.0,0,0.0,0,0.0,0,0.0,0,2185.8,20,0.0,0,0.0,0,0.0,0,0.0,0
2012-11-22T09:20:56.500,2185.6,14104,2185.6,59,0.0,0,0.0,0,0.0,0,0.0,0,2185.8,21,0.0,0,0.0,0,0.0,0,0.0,0
2012-11-22T09:20:57.000,2185.8,14120,2185.6,58,0.0,0,0.0,0,0.0,0,0.0,0,2185.8,15,0.0,0,0.0,0,0.0,0,0.0,0
2012-11-22T09:20:57.500,2185.6,14124,2185.6,56,0.0,0,0.0,0,0.0,0,0.0,0,2185.8,13,0.0,0,0.0,0,0.0,0,0.0,0
2012-11-22T09:20:58.000,2185.8,14129,2185.6,57,0.0,0,0.0,0,0.0,0,0.0,0,2185.8,9,0.0,0,0.0,0,0.0,0,0.0,0
2012-11-22T09:20:58.500,2185.8,14149,2185.8,18,0.0,0,0.0,0,0.0,0,0.0,0,2186,60,0.0,0,0.0,0,0.0,0,0.0,0
2012-11-22T09:20:59.000,2186,14156,2185.8,20,0.0,0,0.0,0,0.0,0,0.0,0,2186,66,0.0,0,0.0,0,0.0,0,0.0,0
2012-11-22T09:20:59.500,2185.8,14163,2185.8,16,0.0,0,0.0,0,0.0,0,0.0,0,2186,64,0.0,0,0.0,0,0.0,0,0.0,0
2012-11-22T09:21:00.250,2185.8,14170,2185.8,21,0.0,0,0.0,0,0.0,0,0.0,0,2186,62,0.0,0,0.0,0,0.0,0,0.0,0
2012-11-22T09:21:01.000,2185.8,14184,2185.8,10,0.0,0,0.0,0,0.0,0,0.0,0,2186,59,0.0,0,0.0,0,0.0,0,0.0,0
2012-11-22T09:21:01.500,2185.6,14209,2185.6,54,0.0,0,0.0,0,0.0,0,0.0,0,2186,48,0.0,0,0.0,0,0.0,0,0.0,0
2012-11-22T09:21:02.000,2186,14237,2185.6,49,0.0,0,0.0,0,0.0,0,0.0,0,2185.8,2,0.0,0,0.0,0,0.0,0,0.0,0
2012-11-22T09:21:02.500,2185.6,14260,2185.6,29,0.0,0,0.0,0,0.0,0,0.0,0,2186,30,0.0,0,0.0,0,0.0,0,0.0,0
2012-11-22T09:21:03.000,2185.4,14283,2185.4,110,0.0,0,0.0,0,0.0,0,0.0,0,2185.8,2,0.0,0,0.0,0,0.0,0,0.0,0
2012-11-22T09:21:03.500,2185.4,14293,2185.4,100,0.0,0,0.0,0,0.0,0,0.0,0,2185.8,16,0.0,0,0.0,0,0.0,0,0.0,0
2012-11-22T09:21:04.000,2185.8,14308,2185.4,92,0.0,0,0.0,0,0.0,0,0.0,0,2185.8,16,0.0,0,0.0,0,0.0,0,0.0,0
2012-11-22T09:21:04.500,2185.6,14312,2185.4,90,0.0,0,0.0,0,0.0,0,0.0,0,2185.8,19,0.0,0,0.0,0,0.0,0,0.0,0
2012-11-22T09:21:05.000,2185.6,14314,2185.4,90,0.0,0,0.0,0,0.0,0,0.0,0,2185.6,19,0.0,0,0.0,0,0.0,0,0.0,0
2012-11-22T09:21:05.500,2185.6,14323,2185.4,86,0.0,0,0.0,0,0.0,0,0.0,0,2185.6,14,0.0,0,0.0,0,0.0,0,0.0,0
2012-11-22T09:21:06.000,2185.6,14327,2185.4,86,0.0,0,0.0,0,0.0,0,0.0,0,2185.6,16,0.0,0,0.0,0,0.0,0,0.0,0
2012-11-22T09:21:06.500,2185.4,14329,2185.4,85,0.0,0,0.0,0,0.0,0,0.0,0,2185.6,15,0.0,0,0.0,0,0.0,0,0.0,0
2012-11-22T09:21:07.000,2185.6,14331,2185.4,84,0.0,0,0.0,0,0.0,0,0.0,0,2185.6,14,0.0,0,0.0,0,0.0,0,0.0,0
2012-11-22T09:21:07.500,2185.4,14340,2185.4,79,0.0,0,0.0,0,0.0,0,0.0,0,2185.6,9,0.0,0,0.0,0,0.0,0,0.0,0
2012-11-22T09:21:08.000,2185.6,14370,2185.4,59,0.0,0,0.0,0,0.0,0,0.0,0,2185.8,30,0.0,0,0.0,0,0.0,0,0.0,0
2012-11-22T09:21:08.500,2185.6,14374,2185.4,58,0.0,0,0.0,0,0.0,0,0.0,0,2185.6,2,0.0,0,0.0,0,0.0,0,0.0,0
2012-11-22T09:21:09.000,2185.6,14376,2185.4,69,0.0,0,0.0,0,0.0,0,0.0,0,2185.6,1,0.0,0,0.0,0,0.0,0,0.0,0
2012-11-22T09:21:09.500,2185.8,14386,2185.6,1,0.0,0,0.0,0,0.0,0,0.0,0,2185.8,27,0.0,0,0.0,0,0.0,0,0.0,0
2012-11-22T09:21:10.000,2185.6,14396,2185.6,2,0.0,0,0.0,0,0.0,0,0.0,0,2185.8,28,0.0,0,0.0,0,0.0,0,0.0,0
2012-11-22T09:21:10.500,2185.8,14403,2185.4,69,0.0,0,0.0,0,0.0,0,0.0,0,2185.8,22,0.0,0,0.0,0,0.0,0,0.0,0
2012-11-22T09:21:11.000,2185.8,14404,2185.6,1,0.0,0,0.0,0,0.0,0,0.0,0,2185.8,21,0.0,0,0.0,0,0.0,0,0.0,0
2012-11-22T09:21:11.500,2185.8,14408,2185.6,10,0.0,0,0.0,0,0.0,0,0.0,0,2185.8,19,0.0,0,0.0,0,0.0,0,0.0,0
2012-11-22T09:21:12.000,2185.6,14421,2185.6,31,0.0,0,0.0,0,0.0,0,0.0,0,2185.8,9,0.0,0,0.0,0,0.0,0,0.0,0
2012-11-22T09:21:12.500,2185.8,14443,2185.6,16,0.0,0,0.0,0,0.0,0,0.0,0,2185.8,7,0.0,0,0.0,0,0.0,0,0.0,0
2012-11-22T09:21:13.000,2186,14462,2185.6,11,0.0,0,0.0,0,0.0,0,0.0,0,2186,64,0.0,0,0.0,0,0.0,0,0.0,0
2012-11-22T09:21:13.500,2185.8,14472,2185.8,6,0.0,0,0.0,0,0.0,0,0.0,0,2186,64,0.0,0,0.0,0,0.0,0,0.0,0
2012-11-22T09:21:14.000,2186,14480,2185.6,5,0.0,0,0.0,0,0.0,0,0.0,0,2185.8,6,0.0,0,0.0,0,0.0,0,0.0,0
2012-11-22T09:21:14.500,2185.6,14483,2185.6,7,0.0,0,0.0,0,0.0,0,0.0,0,2185.8,5,0.0,0,0.0,0,0.0,0,0.0,0
2012-11-22T09:21:15.000,2185.6,14493,2185.6,21,0.0,0,0.0,0,0.0,0,0.0,0,2186,67,0.0,0,0.0,0,0.0,0,0.0,0
2012-11-22T09:21:15.500,2185.6,14494,2185.6,18,0.0,0,0.0,0,0.0,0,0.0,0,2186,66,0.0,0,0.0,0,0.0,0,0.0,0
2012-11-22T09:21:16.000,2185.8,14495,2185.6,20,0.0,0,0.0,0,0.0,0,0.0,0,2186,78,0.0,0,0.0,0,0.0,0,0.0,0
2012-11-22T09:21:16.500,2186,14499,2185.6,25,0.0,0,0.0,0,0.0,0,0.0,0,2186,74,0.0,0,0.0,0,0.0,0,0.0,0
2012-11-22T09:21:17.000,2186,14510,2185.6,28,0.0,0,0.0,0,0.0,0,0.0,0,2186,64,0.0,0,0.0,0,0.0,0,0.0,0
2012-11-22T09:21:17.500,2186,14513,2185.8,1,0.0,0,0.0,0,0.0,0,0.0,0,2186,81,0.0,0,0.0,0,0.0,0,0.0,0
2012-11-22T09:21:18.000,2186,14540,2185.8,3,0.0,0,0.0,0,0.0,0,0.0,0,2186,72,0.0,0,0.0,0,0.0,0,0.0,0
2012-11-22T09:21:18.500,2186,14543,2185.8,2,0.0,0,0.0,0,0.0,0,0.0,0,2186,70,0.0,0,0.0,0,0.0,0,0.0,0
2012-11-22T09:21:19.000,2185.8,14559,2185.6,27,0.0,0,0.0,0,0.0,0,0.0,0,2185.8,20,0.0,0,0.0,0,0.0,0,0.0,0
2012-11-22T09:21:19.500,2185.8,14567,2185.6,34,0.0,0,0.0,0,0.0,0,0.0,0,2185.8,14,0.0,0,0.0,0,0.0,0,0.0,0
2012-11-22T09:21:20.000,2185.6,14569,2185.6,33,0.0,0,0.0,0,0.0,0,0.0,0,2185.8,16,0.0,0,0.0,0,0.0,0,0.0,0
2012-11-22T09:21:20.500,2185.6,14572,2185.6,31,0.0,0,0.0,0,0.0,0,0.0,0,2185.8,15,0.0,0,0.0,0,0.0,0,0.0,0
2012-11-22T09:21:21.250,2185.8,14575,2185.6,32,0.0,0,0.0,0,0.0,0,0.0,0,2185.8,14,0.0,0,0.0,0,0.0,0,0.0,0
2012-11-22T09:21:22.000,2185.8,14584,2185.6,33,0.0,0,0.0,0,0.0,0,0.0,0,2185.8,5,0.0,0,0.0,0,0.0,0,0.0,0
2012-11-22T09:21:22.500,2185.8,14587,2185.6,33,0.0,0,0.0,0,0.0,0,0.0,0,2185.8,3,0.0,0,0.0,0,0.0,0,0.0,0
2012-11-22T09:21:23.000,2186,14592,2185.6,38,0.0,0,0.0,0,0.0,0,0.0,0,2185.8,1,0.0,0,0.0,0,0.0,0,0.0,0
2012-11-22T09:21:23.500,2185.8,14594,2185.6,38,0.0,0,0.0,0,0.0,0,0.0,0,2186,62,0.0,0,0.0,0,0.0,0,0.0,0
2012-11-22T09:21:24.000,2185.6,14596,2185.6,37,0.0,0,0.0,0,0.0,0,0.0,0,2185.8,1,0.0,0,0.0,0,0.0,0,0.0,0
2012-11-22T09:21:24.500,2185.8,14603,2185.8,4,0.0,0,0.0,0,0.0,0,0.0,0,2186,63,0.0,0,0.0,0,0.0,0,0.0,0
2012-11-22T09:21:25.250,2185.8,14610,2185.6,47,0.0,0,0.0,0,0.0,0,0.0,0,2186,67,0.0,0,0.0,0,0.0,0,0.0,0
2012-11-22T09:21:26.000,2185.6,14624,2185.6,28,0.0,0,0.0,0,0.0,0,0.0,0,2186,73,0.0,0,0.0,0,0.0,0,0.0,0
2012-11-22T09:21:26.500,2186,14629,2185.8,1,0.0,0,0.0,0,0.0,0,0.0,0,2186,77,0.0,0,0.0,0,0.0,0,0.0,0
2012-11-22T09:21:27.000,2186,14632,2185.6,29,0.0,0,0.0,0,0.0,0,0.0,0,2186,75,0.0,0,0.0,0,0.0,0,0.0,0
2012-11-22T09:21:27.500,2185.6,14640,2185.6,23,0.0,0,0.0,0,0.0,0,0.0,0,2185.8,8,0.0,0,0.0,0,0.0,0,0.0,0
2012-11-22T09:21:28.000,2185.8,14647,2185.6,23,0.0,0,0.0,0,0.0,0,0.0,0,2185.8,2,0.0,0,0.0,0,0.0,0,0.0,0
2012-11-22T09:21:28.500,2185.8,14648,2185.6,22,0.0,0,0.0,0,0.0,0,0.0,0,2185.8,16,0.0,0,0.0,0,0.0,0,0.0,0
2012-11-22T09:21:29.000,2185.8,14654,2185.6,21,0.0,0,0.0,0,0.0,0,0.0,0,2185.8,17,0.0,0,0.0,0,0.0,0,0.0,0
2012-11-22T09:21:29.500,2185.6,14672,2185.6,6,0.0,0,0.0,0,0.0,0,0.0,0,2185.8,23,0.0,0,0.0,0,0.0,0,0.0,0
2012-11-22T09:21:30.000,2185.8,14679,2185.4,82,0.0,0,0.0,0,0.0,0,0.0,0,2185.6,11,0.0,0,0.0,0,0.0,0,0.0,0
2012-11-22T09:21:30.500,2185.6,14685,2185.4,80,0.0,0,0.0,0,0.0,0,0.0,0,2185.6,8,0.0,0,0.0,0,0.0,0,0.0,0
2012-11-22T09:21:31.000,2185.6,14691,2185.4,80,0.0,0,0.0,0,0.0,0,0.0,0,2185.6,2,0.0,0,0.0,0,0.0,0,0.0,0
2012-11-22T09:21:31.500,2185.6,14695,2185.4,81,0.0,0,0.0,0,0.0,0,0.0,0,2185.8,45,0.0,0,0.0,0,0.0,0,0.0,0
2012-11-22T09:21:32.000,2185.6,14699,2185.4,80,0.0,0,0.0,0,0.0,0,0.0,0,2185.8,43,0.0,0,0.0,0,0.0,0,0.0,0
2012-11-22T09:21:32.500,2185.4,14702,2185.4,78,0.0,0,0.0,0,0.0,0,0.0,0,2185.8,39,0.0,0,0.0,0,0.0,0,0.0,0
2012-11-22T09:21:33.000,2185.8,14717,2185.6,5,0.0,0,0.0,0,0.0,0,0.0,0,2185.8,39,0.0,0,0.0,0,0.0,0,0.0,0
2012-11-22T09:21:33.500,2185.4,14767,2185.4,26,0.0,0,0.0,0,0.0,0,0.0,0,2185.8,39,0.0,0,0.0,0,0.0,0,0.0,0
2012-11-22T09:21:34.000,2185.8,14799,2185.4,27,0.0,0,0.0,0,0.0,0,0.0,0,2185.6,1,0.0,0,0.0,0,0.0,0,0.0,0
2012-11-22T09:21:34.500,2185.6,14803,2185.4,26,0.0,0,0.0,0,0.0,0,0.0,0,2185.6,4,0.0,0,0.0,0,0.0,0,0.0,0
2012-11-22T09:21:35.000,2185.4,14832,2185.4,18,0.0,0,0.0,0,0.0,0,0.0,0,2185.8,8,0.0,0,0.0,0,0.0,0,0.0,0
2012-11-22T09:21:35.500,2185.4,14838,2185.4,14,0.0,0,0.0,0,0.0,0,0.0,0,2185.6,28,0.0,0,0.0,0,0.0,0,0.0,0
2012-11-22T09:21:36.000,2185.6,14848,2185.4,6,0.0,0,0.0,0,0.0,0,0.0,0,2185.6,27,0.0,0,0.0,0,0.0,0,0.0,0
2012-11-22T09:21:36.500,2185.4,14856,2185.2,188,0.0,0,0.0,0,0.0,0,0.0,0,2185.4,1,0.0,0,0.0,0,0.0,0,0.0,0
2012-11-22T09:21:37.250,2185.4,14895,2185.4,1,0.0,0,0.0,0,0.0,0,0.0,0,2185.6,19,0.0,0,0.0,0,0.0,0,0.0,0
2012-11-22T09:21:38.000,2185.4,14898,2185.4,6,0.0,0,0.0,0,0.0,0,0.0,0,2185.6,20,0.0,0,0.0,0,0.0,0,0.0,0
2012-11-22T09:21:38.500,2185.4,14899,2185.4,21,0.0,0,0.0,0,0.0,0,0.0,0,2185.6,20,0.0,0,0.0,0,0.0,0,0.0,0
2012-11-22T09:21:39.000,2185.4,14909,2185.4,26,0.0,0,0.0,0,0.0,0,0.0,0,2185.6,16,0.0,0,0.0,0,0.0,0,0.0,0
2012-11-22T09:21:39.500,2185.8,14937,2185.4,28,0.0,0,0.0,0,0.0,0,0.0,0,2185.8,1,0.0,0,0.0,0,0.0,0,0.0,0
2012-11-22T09:21:40.000,2186,14939,2185.8,5,0.0,0,0.0,0,0.0,0,0.0,0,2186,94,0.0,0,0.0,0,0.0,0,0.0,0
2012-11-22T09:21:40.500,2185.8,14952,2185.8,1,0.0,0,0.0,0,0.0,0,0.0,0,2186,86,0.0,0,0.0,0,0.0,0,0.0,0
2012-11-22T09:21:41.000,2185.6,14956,2185.6,2,0.0,0,0.0,0,0.0,0,0.0,0,2185.8,3,0.0,0,0.0,0,0.0,0,0.0,0
2012-11-22T09:21:41.500,2185.8,14958,2185.6,28,0.0,0,0.0,0,0.0,0,0.0,0,2185.8,3,0.0,0,0.0,0,0.0,0,0.0,0
2012-11-22T09:21:42.000,2185.6,14959,2185.6,28,0.0,0,0.0,0,0.0,0,0.0,0,2185.8,3,0.0,0,0.0,0,0.0,0,0.0,0
2012-11-22T09:21:42.500,2185.6,14962,2185.6,31,0.0,0,0.0,0,0.0,0,0.0,0,2185.8,6,0.0,0,0.0,0,0.0,0,0.0,0
2012-11-22T09:21:43.000,2185.8,14977,2185.6,18,0.0,0,0.0,0,0.0,0,0.0,0,2185.8,7,0.0,0,0.0,0,0.0,0,0.0,0
2012-11-22T09:21:43.500,2185.8,14988,2185.8,3,0.0,0,0.0,0,0.0,0,0.0,0,2186,82,0.0,0,0.0,0,0.0,0,0.0,0
2012-11-22T09:21:44.000,2186,14993,2185.6,33,0.0,0,0.0,0,0.0,0,0.0,0,2186,84,0.0,0,0.0,0,0.0,0,0.0,0
2012-11-22T09:21:44.500,2185.6,14997,2185.6,30,0.0,0,0.0,0,0.0,0,0.0,0,2186,86,0.0,0,0.0,0,0.0,0,0.0,0
2012-11-22T09:21:45.000,2186,15001,2185.8,1,0.0,0,0.0,0,0.0,0,0.0,0,2186,83,0.0,0,0.0,0,0.0,0,0.0,0
2012-11-22T09:21:45.500,2185.8,15002,2185.6,30,0.0,0,0.0,0,0.0,0,0.0,0,2185.8,1,0.0,0,0.0,0,0.0,0,0.0,0
2012-11-22T09:21:46.000,2186,15012,2185.6,23,0.0,0,0.0,0,0.0,0,0.0,0,2186,81,0.0,0,0.0,0,0.0,0,0.0,0
2012-11-22T09:21:46.500,2186,15013,2185.6,37,0.0,0,0.0,0,0.0,0,0.0,0,2186,82,0.0,0,0.0,0,0.0,0,0.0,0
2012-11-22T09:21:47.000,2186,15020,2185.6,24,0.0,0,0.0,0,0.0,0,0.0,0,2186,75,0.0,0,0.0,0,0.0,0,0.0,0
2012-11-22T09:21:47.500,2185.6,15025,2185.6,24,0.0,0,0.0,0,0.0,0,0.0,0,2186,76,0.0,0,0.0,0,0.0,0,0.0,0
2012-11-22T09:21:48.000,2186,15032,2185.6,20,0.0,0,0.0,0,0.0,0,0.0,0,2186,76,0.0,0,0.0,0,0.0,0,0.0,0
2012-11-22T09:21:48.500,2186,15036,2185.6,21,0.0,0,0.0,0,0.0,0,0.0,0,2186,86,0.0,0,0.0,0,0.0,0,0.0,0
2012-11-22T09:21:49.000,2186,15038,2185.6,20,0.0,0,0.0,0,0.0,0,0.0,0,2186,85,0.0,0,0.0,0,0.0,0,0.0,0
2012-11-22T09:21:49.500,2185.8,15039,2185.6,21,0.0,0,0.0,0,0.0,0,0.0,0,2185.8,14,0.0,0,0.0,0,0.0,0,0.0,0
2012-11-22T09:21:50.000,2185.8,15041,2185.6,20,0.0,0,0.0,0,0.0,0,0.0,0,2185.8,12,0.0,0,0.0,0,0.0,0,0.0,0
2012-11-22T09:21:50.500,2185.8,15044,2185.6,19,0.0,0,0.0,0,0.0,0,0.0,0,2185.8,10,0.0,0,0.0,0,0.0,0,0.0,0
2012-11-22T09:21:51.250,2185.6,15048,2185.6,17,0.0,0,0.0,0,0.0,0,0.0,0,2185.8,14,0.0,0,0.0,0,0.0,0,0.0,0
2012-11-22T09:21:52.000,2185.8,15051,2185.6,16,0.0,0,0.0,0,0.0,0,0.0,0,2185.8,13,0.0,0,0.0,0,0.0,0,0.0,0
2012-11-22T09:21:52.500,2185.8,15066,2185.6,13,0.0,0,0.0,0,0.0,0,0.0,0,2185.8,1,0.0,0,0.0,0,0.0,0,0.0,0
2012-11-22T09:21:53.000,2185.8,15071,2185.6,13,0.0,0,0.0,0,0.0,0,0.0,0,2185.8,7,0.0,0,0.0,0,0.0,0,0.0,0
2012-11-22T09:21:53.500,2186,15080,2185.6,19,0.0,0,0.0,0,0.0,0,0.0,0,2185.8,1,0.0,0,0.0,0,0.0,0,0.0,0
2012-11-22T09:21:54.000,2185.8,15083,2185.6,21,0.0,0,0.0,0,0.0,0,0.0,0,2186,80,0.0,0,0.0,0,0.0,0,0.0,0
2012-11-22T09:21:54.500,2186,15088,2185.8,1,0.0,0,0.0,0,0.0,0,0.0,0,2186,76,0.0,0,0.0,0,0.0,0,0.0,0
2012-11-22T09:21:55.000,2186,15090,2185.8,3,0.0,0,0.0,0,0.0,0,0.0,0,2186,74,0.0,0,0.0,0,0.0,0,0.0,0
2012-11-22T09:21:55.500,2186,15091,2185.8,10,0.0,0,0.0,0,0.0,0,0.0,0,2186,73,0.0,0,0.0,0,0.0,0,0.0,0
2012-11-22T09:21:56.000,2186,15094,2185.8,19,0.0,0,0.0,0,0.0,0,0.0,0,2186,73,0.0,0,0.0,0,0.0,0,0.0,0
2012-11-22T09:21:56.500,2185.8,15101,2185.8,14,0.0,0,0.0,0,0.0,0,0.0,0,2186,72,0.0,0,0.0,0,0.0,0,0.0,0
2012-11-22T09:21:57.000,2186,15110,2185.8,9,0.0,0,0.0,0,0.0,0,0.0,0,2186,70,0.0,0,0.0,0,0.0,0,0.0,0
2012-11-22T09:21:57.500,2186,15130,2185.8,10,0.0,0,0.0,0,0.0,0,0.0,0,2186,50,0.0,0,0.0,0,0.0,0,0.0,0
2012-11-22T09:21:58.000,2186,15142,2185.8,10,0.0,0,0.0,0,0.0,0,0.0,0,2186,37,0.0,0,0.0,0,0.0,0,0.0,0
2012-11-22T09:21:58.500,2186,15183,2186,7,0.0,0,0.0,0,0.0,0,0.0,0,2186.2,73,0.0,0,0.0,0,0.0,0,0.0,0
2012-11-22T09:21:59.000,2186,15203,2186,74,0.0,0,0.0,0,0.0,0,0.0,0,2186.2,70,0.0,0,0.0,0,0.0,0,0.0,0
2012-11-22T09:21:59.500,2186.2,15267,2186,24,0.0,0,0.0,0,0.0,0,0.0,0,2186.2,60,0.0,0,0.0,0,0.0,0,0.0,0
2012-11-22T09:22:00.000,2186,15277,2186,17,0.0,0,0.0,0,0.0,0,0.0,0,2186.2,57,0.0,0,0.0,0,0.0,0,0.0,0
2012-11-22T09:22:00.500,2186,15281,2186,20,0.0,0,0.0,0,0.0,0,0.0,0,2186.2,54,0.0,0,0.0,0,0.0,0,0.0,0
2012-11-22T09:22:01.000,2186,15294,2186,15,0.0,0,0.0,0,0.0,0,0.0,0,2186.2,49,0.0,0,0.0,0,0.0,0,0.0,0
2012-11-22T09:22:01.500,2186.2,15304,2186,6,0.0,0,0.0,0,0.0,0,0.0,0,2186.2,42,0.0,0,0.0,0,0.0,0,0.0,0
2012-11-22T09:22:02.000,2186.2,15308,2186,6,0.0,0,0.0,0,0.0,0,0.0,0,2186.2,38,0.0,0,0.0,0,0.0,0,0.0,0
2012-11-22T09:22:02.500,2186.2,15331,2186,6,0.0,0,0.0,0,0.0,0,0.0,0,2186.2,15,0.0,0,0.0,0,0.0,0,0.0,0
2012-11-22T09:22:03.000,2186.2,15333,2186,7,0.0,0,0.0,0,0.0,0,0.0,0,2186.2,14,0.0,0,0.0,0,0.0,0,0.0,0
2012-11-22T09:22:03.500,2186.2,15339,2186,10,0.0,0,0.0,0,0.0,0,0.0,0,2186.2,8,0.0,0,0.0,0,0.0,0,0.0,0
2012-11-22T09:22:04.000,2186,15360,2185.8,18,0.0,0,0.0,0,0.0,0,0.0,0,2186,79,0.0,0,0.0,0,0.0,0,0.0,0
2012-11-22T09:22:04.500,2185.8,15416,2185.6,27,0.0,0,0.0,0,0.0,0,0.0,0,2186,46,0.0,0,0.0,0,0.0,0,0.0,0
2012-11-22T09:22:05.000,2185.8,15438,2185.6,24,0.0,0,0.0,0,0.0,0,0.0,0,2185.8,5,0.0,0,0.0,0,0.0,0,0.0,0
2012-11-22T09:22:05.500,2185.8,15456,2185.8,2,0.0,0,0.0,0,0.0,0,0.0,0,2186,52,0.0,0,0.0,0,0.0,0,0.0,0
2012-11-22T09:22:06.000,2185.8,15461,2185.8,5,0.0,0,0.0,0,0.0,0,0.0,0,2186,50,0.0,0,0.0,0,0.0,0,0.0,0
2012-11-22T09:22:06.500,2186,15465,2185.8,5,0.0,0,0.0,0,0.0,0,0.0,0,2186,46,0.0,0,0.0,0,0.0,0,0.0,0
2012-11-22T09:22:07.000,2185.8,15474,2185.8,1,0.0,0,0.0,0,0.0,0,0.0,0,2186,43,0.0,0,0.0,0,0.0,0,0.0,0
2012-11-22T09:22:07.500,2185.8,15477,2185.6,24,0.0,0,0.0,0,0.0,0,0.0,0,2185.8,2,0.0,0,0.0,0,0.0,0,0.0,0
2012-11-22T09:22:08.000,2185.6,15487,2185.6,15,0.0,0,0.0,0,0.0,0,0.0,0,2185.8,1,0.0,0,0.0,0,0.0,0,0.0,0
2012-11-22T09:22:08.500,2185.8,15489,2185.6,15,0.0,0,0.0,0,0.0,0,0.0,0,2185.8,2,0.0,0,0.0,0,0.0,0,0.0,0
2012-11-22T09:22:09.000,2185.6,15503,2185.6,5,0.0,0,0.0,0,0.0,0,0.0,0,2186,44,0.0,0,0.0,0,0.0,0,0.0,0
2012-11-22T09:22:09.500,2185.4,15528,2185.4,70,0.0,0,0.0,0,0.0,0,0.0,0,2185.6,34,0.0,0,0.0,0,0.0,0,0.0,0
2012-11-22T09:22:10.000,2185.6,15530,2185.4,69,0.0,0,0.0,0,0.0,0,0.0,0,2185.6,35,0.0,0,0.0,0,0.0,0,0.0,0
2012-11-22T09:22:10.500,2185.6,15534,2185.4,69,0.0,0,0.0,0,0.0,0,0.0,0,2185.6,34,0.0,0,0.0,0,0.0,0,0.0,0
2012-11-22T09:22:11.000,2185.4,15540,2185.4,64,0.0,0,0.0,0,0.0,0,0.0,0,2185.6,40,0.0,0,0.0,0,0.0,0,0.0,0
2012-11-22T09:22:11.500,2185.4,15546,2185.4,57,0.0,0,0.0,0,0.0,0,0.0,0,2185.6,41,0.0,0,0.0,0,0.0,0,0.0,0
2012-11-22T09:22:12.000,2185.4,15552,2185.4,56,0.0,0,0.0,0,0.0,0,0.0,0,2185.6,37,0.0,0,0.0,0,0.0,0,0.0,0
2012-11-22T09:22:12.500,2185.4,15565,2185.4,45,0.0,0,0.0,0,0.0,0,0.0,0,2185.6,35,0.0,0,0.0,0,0.0,0,0.0,0
2012-11-22T09:22:13.000,2185.4,15584,2185.4,40,0.0,0,0.0,0,0.0,0,0.0,0,2185.6,22,0.0,0,0.0,0,0.0,0,0.0,0
2012-11-22T09:22:13.500,2185.4,15600,2185.4,27,0.0,0,0.0,0,0.0,0,0.0,0,2185.6,20,0.0,0,0.0,0,0.0,0,0.0,0
2012-11-22T09:22:14.000,2185.6,15631,2185.4,15,0.0,0,0.0,0,0.0,0,0.0,0,2185.6,18,0.0,0,0.0,0,0.0,0,0.0,0
2012-11-22T09:22:14.500,2185.4,15634,2185.4,13,0.0,0,0.0,0,0.0,0,0.0,0,2185.6,19,0.0,0,0.0,0,0.0,0,0.0,0
2012-11-22T09:22:15.000,2185.4,15651,2185.2,63,0.0,0,0.0,0,0.0,0,0.0,0,2185.4,8,0.0,0,0.0,0,0.0,0,0.0,0
2012-11-22T09:22:15.500,2185.2,15660,2185.2,56,0.0,0,0.0,0,0.0,0,0.0,0,2185.4,8,0.0,0,0.0,0,0.0,0,0.0,0
2012-11-22T09:22:16.000,2185.2,15670,2185.2,50,0.0,0,0.0,0,0.0,0,0.0,0,2185.4,8,0.0,0,0.0,0,0.0,0,0.0,0
2012-11-22T09:22:16.500,2185.2,15688,2185.2,35,0.0,0,0.0,0,0.0,0,0.0,0,2185.4,7,0.0,0,0.0,0,0.0,0,0.0,0
2012-11-22T09:22:17.000,2185.2,15714,2185.2,11,0.0,0,0.0,0,0.0,0,0.0,0,2185.4,23,0.0,0,0.0,0,0.0,0,0.0,0
2012-11-22T09:22:17.500,2185.2,15739,2185,231,0.0,0,0.0,0,0.0,0,0.0,0,2185.2,26,0.0,0,0.0,0,0.0,0,0.0,0
2012-11-22T09:22:18.000,2185.2,15749,2185,231,0.0,0,0.0,0,0.0,0,0.0,0,2185.2,34,0.0,0,0.0,0,0.0,0,0.0,0
2012-11-22T09:22:18.500,2185,15773,2185,208,0.0,0,0.0,0,0.0,0,0.0,0,2185.2,40,0.0,0,0.0,0,0.0,0,0.0,0
2012-11-22T09:22:19.000,2185.2,15814,2185,171,0.0,0,0.0,0,0.0,0,0.0,0,2185.2,41,0.0,0,0.0,0,0.0,0,0.0,0
2012-11-22T09:22:19.500,2185,15877,2185,112,0.0,0,0.0,0,0.0,0,0.0,0,2185.2,43,0.0,0,0.0,0,0.0,0,0.0,0
2012-11-22T09:22:20.000,2185,15941,2185,54,0.0,0,0.0,0,0.0,0,0.0,0,2185.2,40,0.0,0,0.0,0,0.0,0,0.0,0
2012-11-22T09:22:20.500,2185,15955,2185,42,0.0,0,0.0,0,0.0,0,0.0,0,2185.2,37,0.0,0,0.0,0,0.0,0,0.0,0
2012-11-22T09:22:21.000,2184.8,16036,2184.8,21,0.0,0,0.0,0,0.0,0,0.0,0,2185,18,0.0,0,0.0,0,0.0,0,0.0,0
2012-11-22T09:22:21.500,2184.6,16091,2184.6,29,0.0,0,0.0,0,0.0,0,0.0,0,2185,52,0.0,0,0.0,0,0.0,0,0.0,0
2012-11-22T09:22:22.000,2184.6,16141,2184.8,26,0.0,0,0.0,0,0.0,0,0.0,0,2185,58,0.0,0,0.0,0,0.0,0,0.0,0
2012-11-22T09:22:22.500,2184.6,16243,2184.4,21,0.0,0,0.0,0,0.0,0,0.0,0,2184.8,8,0.0,0,0.0,0,0.0,0,0.0,0
2012-11-22T09:22:23.000,2185,16276,2185,18,0.0,0,0.0,0,0.0,0,0.0,0,2185.2,32,0.0,0,0.0,0,0.0,0,0.0,0
2012-11-22T09:22:23.500,2185,16290,2185,11,0.0,0,0.0,0,0.0,0,0.0,0,2185.2,30,0.0,0,0.0,0,0.0,0,0.0,0
2012-11-22T09:22:24.000,2185.2,16363,2184.6,1,0.0,0,0.0,0,0.0,0,0.0,0,2184.8,8,0.0,0,0.0,0,0.0,0,0.0,0
2012-11-22T09:22:24.500,2184.8,16415,2184.8,6,0.0,0,0.0,0,0.0,0,0.0,0,2185,8,0.0,0,0.0,0,0.0,0,0.0,0
2012-11-22T09:22:25.000,2185,16432,2184.6,30,0.0,0,0.0,0,0.0,0,0.0,0,2185,8,0.0,0,0.0,0,0.0,0,0.0,0
2012-11-22T09:22:25.500,2184.8,16438,2184.8,3,0.0,0,0.0,0,0.0,0,0.0,0,2185,7,0.0,0,0.0,0,0.0,0,0.0,0
2012-11-22T09:22:26.000,2184.6,16486,2184.6,36,0.0,0,0.0,0,0.0,0,0.0,0,2185,12,0.0,0,0.0,0,0.0,0,0.0,0
2012-11-22T09:22:26.500,2184.6,16492,2184.8,10,0.0,0,0.0,0,0.0,0,0.0,0,2185,41,0.0,0,0.0,0,0.0,0,0.0,0
2012-11-22T09:22:27.000,2184.8,16501,2184.8,2,0.0,0,0.0,0,0.0,0,0.0,0,2185,46,0.0,0,0.0,0,0.0,0,0.0,0
2012-11-22T09:22:27.500,2184.8,16517,2184.6,71,0.0,0,0.0,0,0.0,0,0.0,0,2185,39,0.0,0,0.0,0,0.0,0,0.0,0
2012-11-22T09:22:28.000,2184.8,16526,2184.6,72,0.0,0,0.0,0,0.0,0,0.0,0,2184.8,5,0.0,0,0.0,0,0.0,0,0.0,0
2012-11-22T09:22:28.500,2184.8,16562,2184.8,2,0.0,0,0.0,0,0.0,0,0.0,0,2185,23,0.0,0,0.0,0,0.0,0,0.0,0
2012-11-22T09:22:29.000,2185,16564,2184.8,3,0.0,0,0.0,0,0.0,0,0.0,0,2185,23,0.0,0,0.0,0,0.0,0,0.0,0
2012-11-22T09:22:29.500,2185.2,16605,2185,12,0.0,0,0.0,0,0.0,0,0.0,0,2185.2,8,0.0,0,0.0,0,0.0,0,0.0,0
2012-11-22T09:22:30.000,2185,16618,2184.8,16,0.0,0,0.0,0,0.0,0,0.0,0,2185,3,0.0,0,0.0,0,0.0,0,0.0,0
2012-11-22T09:22:30.500,2185,16627,2185,1,0.0,0,0.0,0,0.0,0,0.0,0,2185.2,9,0.0,0,0.0,0,0.0,0,0.0,0
2012-11-22T09:22:31.000,2185.2,16636,2185,9,0.0,0,0.0,0,0.0,0,0.0,0,2185.2,4,0.0,0,0.0,0,0.0,0,0.0,0
2012-11-22T09:22:31.500,2185,16640,2185,27,0.0,0,0.0,0,0.0,0,0.0,0,2185.2,3,0.0,0,0.0,0,0.0,0,0.0,0
2012-11-22T09:22:32.000,2185,16647,2185,24,0.0,0,0.0,0,0.0,0,0.0,0,2185.2,5,0.0,0,0.0,0,0.0,0,0.0,0
2012-11-22T09:22:32.500,2185.2,16660,2185.2,9,0.0,0,0.0,0,0.0,0,0.0,0,2185.4,15,0.0,0,0.0,0,0.0,0,0.0,0
2012-11-22T09:22:33.000,2185.2,16664,2185.2,6,0.0,0,0.0,0,0.0,0,0.0,0,2185.4,14,0.0,0,0.0,0,0.0,0,0.0,0
2012-11-22T09:22:33.500,2185.2,16668,2185.2,3,0.0,0,0.0,0,0.0,0,0.0,0,2185.4,14,0.0,0,0.0,0,0.0,0,0.0,0
2012-11-22T09:22:34.000,2185.2,16685,2185.2,21,0.0,0,0.0,0,0.0,0,0.0,0,2185.4,19,0.0,0,0.0,0,0.0,0,0.0,0
2012-11-22T09:22:34.500,2185.2,16693,2185.2,14,0.0,0,0.0,0,0.0,0,0.0,0,2185.4,18,0.0,0,0.0,0,0.0,0,0.0,0
2012-11-22T09:22:35.000,2185.4,16700,2185.2,15,0.0,0,0.0,0,0.0,0,0.0,0,2185.4,12,0.0,0,0.0,0,0.0,0,0.0,0
2012-11-22T09:22:35.500,2185.4,16704,2185.2,19,0.0,0,0.0,0,0.0,0,0.0,0,2185.4,14,0.0,0,0.0,0,0.0,0,0.0,0
2012-11-22T09:22:36.000,2185.2,16716,2185.2,8,0.0,0,0.0,0,0.0,0,0.0,0,2185.4,14,0.0,0,0.0,0,0.0,0,0.0,0
2012-11-22T09:22:36.500,2185.2,16720,2185.2,15,0.0,0,0.0,0,0.0,0,0.0,0,2185.4,16,0.0,0,0.0,0,0.0,0,0.0,0
2012-11-22T09:22:37.000,2185.2,16721,2185.2,18,0.0,0,0.0,0,0.0,0,0.0,0,2185.4,16,0.0,0,0.0,0,0.0,0,0.0,0
2012-11-22T09:22:37.500,2185.2,16723,2185.2,16,0.0,0,0.0,0,0.0,0,0.0,0,2185.4,17,0.0,0,0.0,0,0.0,0,0.0,0
2012-11-22T09:22:38.000,2185.4,16731,2185.2,14,0.0,0,0.0,0,0.0,0,0.0,0,2185.4,11,0.0,0,0.0,0,0.0,0,0.0,0
2012-11-22T09:22:38.500,2185.2,16732,2185.2,13,0.0,0,0.0,0,0.0,0,0.0,0,2185.4,11,0.0,0,0.0,0,0.0,0,0.0,0
2012-11-22T09:22:39.000,2185.4,16733,2185.2,16,0.0,0,0.0,0,0.0,0,0.0,0,2185.4,10,0.0,0,0.0,0,0.0,0,0.0,0
2012-11-22T09:22:39.500,2185.2,16735,2185.2,15,0.0,0,0.0,0,0.0,0,0.0,0,2185.4,9,0.0,0,0.0,0,0.0,0,0.0,0
2012-11-22T09:22:40.000,2185.2,16737,2185.2,14,0.0,0,0.0,0,0.0,0,0.0,0,2185.4,7,0.0,0,0.0,0,0.0,0,0.0,0
2012-11-22T09:22:40.500,2185.4,16744,2185.4,12,0.0,0,0.0,0,0.0,0,0.0,0,2185.6,27,0.0,0,0.0,0,0.0,0,0.0,0
2012-11-22T09:22:41.000,2185.4,16746,2185.4,14,0.0,0,0.0,0,0.0,0,0.0,0,2185.6,28,0.0,0,0.0,0,0.0,0,0.0,0
2012-11-22T09:22:41.500,2185.6,16751,2185.4,11,0.0,0,0.0,0,0.0,0,0.0,0,2185.6,29,0.0,0,0.0,0,0.0,0,0.0,0
2012-11-22T09:22:42.000,2185.6,16752,2185.4,11,0.0,0,0.0,0,0.0,0,0.0,0,2185.6,28,0.0,0,0.0,0,0.0,0,0.0,0
2012-11-22T09:22:42.500,2185.6,16758,2185.4,13,0.0,0,0.0,0,0.0,0,0.0,0,2185.6,23,0.0,0,0.0,0,0.0,0,0.0,0
2012-11-22T09:22:43.000,2185.4,16769,2185.4,4,0.0,0,0.0,0,0.0,0,0.0,0,2185.6,21,0.0,0,0.0,0,0.0,0,0.0,0
2012-11-22T09:22:43.500,2185.4,16773,2185.4,1,0.0,0,0.0,0,0.0,0,0.0,0,2185.6,21,0.0,0,0.0,0,0.0,0,0.0,0
2012-11-22T09:22:44.250,2185.4,16775,2185.2,22,0.0,0,0.0,0,0.0,0,0.0,0,2185.4,1,0.0,0,0.0,0,0.0,0,0.0,0
2012-11-22T09:22:45.000,2185.4,16777,2185.2,29,0.0,0,0.0,0,0.0,0,0.0,0,2185.4,2,0.0,0,0.0,0,0.0,0,0.0,0
2012-11-22T09:22:45.500,2185.2,16778,2185.2,28,0.0,0,0.0,0,0.0,0,0.0,0,2185.4,3,0.0,0,0.0,0,0.0,0,0.0,0
2012-11-22T09:22:46.000,2185.4,16781,2185.2,31,0.0,0,0.0,0,0.0,0,0.0,0,2185.4,1,0.0,0,0.0,0,0.0,0,0.0,0
2012-11-22T09:22:46.500,2185.4,16784,2185.2,31,0.0,0,0.0,0,0.0,0,0.0,0,2185.4,3,0.0,0,0.0,0,0.0,0,0.0,0
2012-11-22T09:22:47.000,2185.2,16785,2185.2,31,0.0,0,0.0,0,0.0,0,0.0,0,2185.4,4,0.0,0,0.0,0,0.0,0,0.0,0
2012-11-22T09:22:47.500,2185.2,16789,2185.2,30,0.0,0,0.0,0,0.0,0,0.0,0,2185.4,3,0.0,0,0.0,0,0.0,0,0.0,0
2012-11-22T09:22:48.000,2185.4,16818,2185.2,18,0.0,0,0.0,0,0.0,0,0.0,0,2185.4,1,0.0,0,0.0,0,0.0,0,0.0,0
2012-11-22T09:22:48.500,2185.4,16855,2185.2,14,0.0,0,0.0,0,0.0,0,0.0,0,2185.4,4,0.0,0,0.0,0,0.0,0,0.0,0
2012-11-22T09:22:49.000,2185.2,16865,2185.2,5,0.0,0,0.0,0,0.0,0,0.0,0,2185.4,5,0.0,0,0.0,0,0.0,0,0.0,0
2012-11-22T09:22:49.500,2185,16876,2185,104,0.0,0,0.0,0,0.0,0,0.0,0,2185.2,5,0.0,0,0.0,0,0.0,0,0.0,0
2012-11-22T09:22:50.000,2185.2,16879,2185,104,0.0,0,0.0,0,0.0,0,0.0,0,2185.2,10,0.0,0,0.0,0,0.0,0,0.0,0
2012-11-22T09:22:50.500,2185.2,16881,2185,104,0.0,0,0.0,0,0.0,0,0.0,0,2185.2,9,0.0,0,0.0,0,0.0,0,0.0,0
2012-11-22T09:22:51.000,2185.2,16891,2185.2,1,0.0,0,0.0,0,0.0,0,0.0,0,2185.4,20,0.0,0,0.0,0,0.0,0,0.0,0
2012-11-22T09:22:51.500,2185.2,16892,2185.2,13,0.0,0,0.0,0,0.0,0,0.0,0,2185.4,20,0.0,0,0.0,0,0.0,0,0.0,0
2012-11-22T09:22:52.250,2185.4,16913,2185.4,4,0.0,0,0.0,0,0.0,0,0.0,0,2185.6,11,0.0,0,0.0,0,0.0,0,0.0,0
2012-11-22T09:22:53.000,2185.8,16954,2185.6,25,0.0,0,0.0,0,0.0,0,0.0,0,2185.8,10,0.0,0,0.0,0,0.0,0,0.0,0
2012-11-22T09:22:53.500,2185.8,16956,2185.6,35,0.0,0,0.0,0,0.0,0,0.0,0,2185.8,8,0.0,0,0.0,0,0.0,0,0.0,0
2012-11-22T09:22:54.000,2185.8,16972,2185.6,27,0.0,0,0.0,0,0.0,0,0.0,0,2186,68,0.0,0,0.0,0,0.0,0,0.0,0
2012-11-22T09:22:54.500,2186,16975,2185.6,26,0.0,0,0.0,0,0.0,0,0.0,0,2186,65,0.0,0,0.0,0,0.0,0,0.0,0
2012-11-22T09:22:55.000,2185.8,16976,2185.6,32,0.0,0,0.0,0,0.0,0,0.0,0,2186,66,0.0,0,0.0,0,0.0,0,0.0,0
2012-11-22T09:22:55.500,2186,16979,2185.6,31,0.0,0,0.0,0,0.0,0,0.0,0,2186,64,0.0,0,0.0,0,0.0,0,0.0,0
2012-11-22T09:22:56.000,2186,16985,2185.8,1,0.0,0,0.0,0,0.0,0,0.0,0,2186,57,0.0,0,0.0,0,0.0,0,0.0,0
2012-11-22T09:22:56.500,2186,16989,2185.8,1,0.0,0,0.0,0,0.0,0,0.0,0,2186,53,0.0,0,0.0,0,0.0,0,0.0,0
2012-11-22T09:22:57.000,2186,16997,2185.8,4,0.0,0,0.0,0,0.0,0,0.0,0,2186,50,0.0,0,0.0,0,0.0,0,0.0,0
2012-11-22T09:22:57.500,2186,16998,2185.8,4,0.0,0,0.0,0,0.0,0,0.0,0,2186,49,0.0,0,0.0,0,0.0,0,0.0,0
2012-11-22T09:22:58.000,2186,17009,2185.8,3,0.0,0,0.0,0,0.0,0,0.0,0,2186,46,0.0,0,0.0,0,0.0,0,0.0,0
2012-11-22T09:22:58.500,2186,17019,2185.8,3,0.0,0,0.0,0,0.0,0,0.0,0,2186,37,0.0,0,0.0,0,0.0,0,0.0,0
2012-11-22T09:22:59.000,2185.8,17028,2185.6,25,0.0,0,0.0,0,0.0,0,0.0,0,2185.8,3,0.0,0,0.0,0,0.0,0,0.0,0
2012-11-22T09:22:59.500,2185.8,17042,2185.6,14,0.0,0,0.0,0,0.0,0,0.0,0,2186,34,0.0,0,0.0,0,0.0,0,0.0,0
2012-11-22T09:23:00.000,2186,17072,2185.6,6,0.0,0,0.0,0,0.0,0,0.0,0,2186,14,0.0,0,0.0,0,0.0,0,0.0,0
2012-11-22T09:23:00.500,2185.4,17085,2185.4,35,0.0,0,0.0,0,0.0,0,0.0,0,2186,12,0.0,0,0.0,0,0.0,0,0.0,0
2012-11-22T09:23:01.000,2185.8,17138,2185.6,4,0.0,0,0.0,0,0.0,0,0.0,0,2185.8,2,0.0,0,0.0,0,0.0,0,0.0,0
2012-11-22T09:23:01.500,2186.2,17147,2185.8,1,0.0,0,0.0,0,0.0,0,0.0,0,2186.2,12,0.0,0,0.0,0,0.0,0,0.0,0
2012-11-22T09:23:02.000,2185.8,17159,2185.6,15,0.0,0,0.0,0,0.0,0,0.0,0,2185.8,2,0.0,0,0.0,0,0.0,0,0.0,0
2012-11-22T09:23:02.500,2185.6,17165,2185.6,14,0.0,0,0.0,0,0.0,0,0.0,0,2185.8,3,0.0,0,0.0,0,0.0,0,0.0,0
2012-11-22T09:23:03.000,2185.8,17168,2185.8,17,0.0,0,0.0,0,0.0,0,0.0,0,2186,11,0.0,0,0.0,0,0.0,0,0.0,0
2012-11-22T09:23:03.500,2186,17195,2185.8,13,0.0,0,0.0,0,0.0,0,0.0,0,2186,4,0.0,0,0.0,0,0.0,0,0.0,0
2012-11-22T09:23:04.000,2186,17199,2186,7,0.0,0,0.0,0,0.0,0,0.0,0,2186.2,22,0.0,0,0.0,0,0.0,0,0.0,0
2012-11-22T09:23:04.500,2186,17204,2186,10,0.0,0,0.0,0,0.0,0,0.0,0,2186.2,21,0.0,0,0.0,0,0.0,0,0.0,0
2012-11-22T09:23:05.000,2186,17218,2186,8,0.0,0,0.0,0,0.0,0,0.0,0,2186.2,24,0.0,0,0.0,0,0.0,0,0.0,0
2012-11-22T09:23:05.500,2186.2,17222,2186,17,0.0,0,0.0,0,0.0,0,0.0,0,2186.2,22,0.0,0,0.0,0,0.0,0,0.0,0
2012-11-22T09:23:06.000,2186.2,17260,2185.8,11,0.0,0,0.0,0,0.0,0,0.0,0,2186.2,15,0.0,0,0.0,0,0.0,0,0.0,0
2012-11-22T09:23:06.500,2186.2,17274,2186,4,0.0,0,0.0,0,0.0,0,0.0,0,2186.2,2,0.0,0,0.0,0,0.0,0,0.0,0
2012-11-22T09:23:07.000,2185.6,17320,2185.4,28,0.0,0,0.0,0,0.0,0,0.0,0,2185.6,6,0.0,0,0.0,0,0.0,0,0.0,0
2012-11-22T09:23:07.500,2185.6,17325,2185.4,29,0.0,0,0.0,0,0.0,0,0.0,0,2185.6,1,0.0,0,0.0,0,0.0,0,0.0,0
2012-11-22T09:23:08.000,2186,17332,2185.6,34,0.0,0,0.0,0,0.0,0,0.0,0,2186,2,0.0,0,0.0,0,0.0,0,0.0,0
2012-11-22T09:23:08.500,2186,17341,2185.8,4,0.0,0,0.0,0,0.0,0,0.0,0,2186,6,0.0,0,0.0,0,0.0,0,0.0,0
2012-11-22T09:23:09.000,2186,17348,2185.6,40,0.0,0,0.0,0,0.0,0,0.0,0,2186,4,0.0,0,0.0,0,0.0,0,0.0,0
2012-11-22T09:23:09.500,2186,17349,2185.8,2,0.0,0,0.0,0,0.0,0,0.0,0,2186,12,0.0,0,0.0,0,0.0,0,0.0,0
2012-11-22T09:23:10.250,2186,17365,2185.6,56,0.0,0,0.0,0,0.0,0,0.0,0,2186,5,0.0,0,0.0,0,0.0,0,0.0,0
2012-11-22T09:23:11.000,2186,17367,2185.8,3,0.0,0,0.0,0,0.0,0,0.0,0,2186,7,0.0,0,0.0,0,0.0,0,0.0,0
2012-11-22T09:23:11.500,2186,17371,2185.8,8,0.0,0,0.0,0,0.0,0,0.0,0,2186,21,0.0,0,0.0,0,0.0,0,0.0,0
2012-11-22T09:23:12.000,2185.8,17374,2185.8,12,0.0,0,0.0,0,0.0,0,0.0,0,2186,22,0.0,0,0.0,0,0.0,0,0.0,0
2012-11-22T09:23:12.500,2186,17381,2185.8,5,0.0,0,0.0,0,0.0,0,0.0,0,2186,22,0.0,0,0.0,0,0.0,0,0.0,0
2012-11-22T09:23:13.000,2186,17387,2185.8,5,0.0,0,0.0,0,0.0,0,0.0,0,2186,16,0.0,0,0.0,0,0.0,0,0.0,0
2012-11-22T09:23:13.500,2185.8,17405,2185.8,2,0.0,0,0.0,0,0.0,0,0.0,0,2186,13,0.0,0,0.0,0,0.0,0,0.0,0
2012-11-22T09:23:14.000,2185.8,17412,2185.6,54,0.0,0,0.0,0,0.0,0,0.0,0,2185.8,2,0.0,0,0.0,0,0.0,0,0.0,0
2012-11-22T09:23:14.500,2185.8,17414,2185.6,53,0.0,0,0.0,0,0.0,0,0.0,0,2185.8,4,0.0,0,0.0,0,0.0,0,0.0,0
2012-11-22T09:23:15.000,2186,17421,2185.8,5,0.0,0,0.0,0,0.0,0,0.0,0,2186,14,0.0,0,0.0,0,0.0,0,0.0,0
2012-11-22T09:23:15.500,2186,17427,2185.8,12,0.0,0,0.0,0,0.0,0,0.0,0,2186,12,0.0,0,0.0,0,0.0,0,0.0,0
2012-11-22T09:23:16.250,2186,17439,2185.8,13,0.0,0,0.0,0,0.0,0,0.0,0,2186,4,0.0,0,0.0,0,0.0,0,0.0,0
