date_time,last_px,total_volume,bid1_px,bid1_qty,bid2_px,bid2_qty,bid3_px,bid3_qty,bid4_px,bid4_qty,bid5_px,bid5_qty,ask1_px,ask1_qty,ask2_px,ask2_qty,ask3_px,ask3_qty,ask4_px,ask4_qty,ask5_px,ask5_qty
2012-10-18T09:14:00.250,2318,118,2317,1,0.0,0,0.0,0,0.0,0,0.0,0,2318,2,0.0,0,0.0,0,0.0,0,0.0,0
2012-10-18T09:15:00.250,2317,171,2316.6,3,0.0,0,0.0,0,0.0,0,0.0,0,2317,26,0.0,0,0.0,0,0.0,0,0.0,0
2012-10-18T09:15:01.000,2317.4,289,2317.2,13,0.0,0,0.0,0,0.0,0,0.0,0,2318.8,1,0.0,0,0.0,0,0.0,0,0.0,0
2012-10-18T09:15:01.500,2317.6,373,2317.6,1,0.0,0,0.0,0,0.0,0,0.0,0,2318.6,2,0.0,0,0.0,0,0.0,0,0.0,0
2012-10-18T09:15:02.000,2317.4,493,2317.4,106,0.0,0,0.0,0,0.0,0,0.0,0,2318.6,2,0.0,0,0.0,0,0.0,0,0.0,0
2012-10-18T09:15:02.500,2318.4,559,2317.8,1,0.0,0,0.0,0,0.0,0,0.0,0,2318.4,10,0.0,0,0.0,0,0.0,0,0.0,0
2012-10-18T09:15:03.000,2319,589,2318.4,10,0.0,0,0.0,0,0.0,0,0.0,0,2319,7,0.0,0,0.0,0,0.0,0,0.0,0
2012-10-18T09:15:03.500,2319.6,631,2319,9,0.0,0,0.0,0,0.0,0,0.0,0,2319.6,19,0.0,0,0.0,0,0.0,0,0.0,0
2012-10-18T09:15:04.000,2319,735,2318.6,87,0.0,0,0.0,0,0.0,0,0.0,0,2319,7,0.0,0,0.0,0,0.0,0,0.0,0
2012-10-18T09:15:04.500,2318.8,782,2318.8,56,0.0,0,0.0,0,0.0,0,0.0,0,2319.4,6,0.0,0,0.0,0,0.0,0,0.0,0
2012-10-18T09:15:05.000,2319,824,2319,10,0.0,0,0.0,0,0.0,0,0.0,0,2319.4,1,0.0,0,0.0,0,0.0,0,0.0,0
2012-10-18T09:15:05.500,2319.2,917,2318.6,6,0.0,0,0.0,0,0.0,0,0.0,0,2318.8,2,0.0,0,0.0,0,0.0,0,0.0,0
2012-10-18T09:15:06.000,2318.6,966,2318.8,1,0.0,0,0.0,0,0.0,0,0.0,0,2319,23,0.0,0,0.0,0,0.0,0,0.0,0
2012-10-18T09:15:06.500,2318.6,1017,2318.2,2,0.0,0,0.0,0,0.0,0,0.0,0,2318.6,1,0.0,0,0.0,0,0.0,0,0.0,0
2012-10-18T09:15:07.000,2318.2,1022,2318,9,0.0,0,0.0,0,0.0,0,0.0,0,2318.4,3,0.0,0,0.0,0,0.0,0,0.0,0
2012-10-18T09:15:07.500,2318.2,1039,2317.8,3,0.0,0,0.0,0,0.0,0,0.0,0,2318,3,0.0,0,0.0,0,0.0,0,0.0,0
2012-10-18T09:15:08.000,2317.8,1099,2317.8,2,0.0,0,0.0,0,0.0,0,0.0,0,2318.4,20,0.0,0,0.0,0,0.0,0,0.0,0
2012-10-18T09:15:08.500,2317.8,1142,2317.2,8,0.0,0,0.0,0,0.0,0,0.0,0,2317.8,1,0.0,0,0.0,0,0.0,0,0.0,0
2012-10-18T09:15:09.000,2317.2,1164,2317,32,0.0,0,0.0,0,0.0,0,0.0,0,2317.4,1,0.0,0,0.0,0,0.0,0,0.0,0
2012-10-18T09:15:09.500,2317.6,1179,2317.6,2,0.0,0,0.0,0,0.0,0,0.0,0,2317.8,1,0.0,0,0.0,0,0.0,0,0.0,0
2012-10-18T09:15:10.000,2317.2,1216,2317,31,0.0,0,0.0,0,0.0,0,0.0,0,2317.6,2,0.0,0,0.0,0,0.0,0,0.0,0
2012-10-18T09:15:10.500,2317,1271,2317.8,1,0.0,0,0.0,0,0.0,0,0.0,0,2318.2,2,0.0,0,0.0,0,0.0,0,0.0,0
2012-10-18T09:15:11.000,2317.2,1277,2316.8,2,0.0,0,0.0,0,0.0,0,0.0,0,2317,3,0.0,0,0.0,0,0.0,0,0.0,0
2012-10-18T09:15:11.500,2317.2,1290,2317.2,1,0.0,0,0.0,0,0.0,0,0.0,0,2317.6,3,0.0,0,0.0,0,0.0,0,0.0,0
2012-10-18T09:15:12.000,2317.6,1321,2317,33,0.0,0,0.0,0,0.0,0,0.0,0,2317.8,24,0.0,0,0.0,0,0.0,0,0.0,0
2012-10-18T09:15:12.500,2317.2,1340,2317.2,3,0.0,0,0.0,0,0.0,0,0.0,0,2317.6,8,0.0,0,0.0,0,0.0,0,0.0,0
2012-10-18T09:15:13.000,2317.4,1359,2316.6,3,0.0,0,0.0,0,0.0,0,0.0,0,2317,1,0.0,0,0.0,0,0.0,0,0.0,0
2012-10-18T09:15:13.500,2317.2,1390,2316.4,7,0.0,0,0.0,0,0.0,0,0.0,0,2316.6,23,0.0,0,0.0,0,0.0,0,0.0,0
2012-10-18T09:15:14.000,2316.6,1415,2316.4,6,0.0,0,0.0,0,0.0,0,0.0,0,2317,1,0.0,0,0.0,0,0.0,0,0.0,0
2012-10-18T09:15:14.500,2316.4,1426,2316.6,1,0.0,0,0.0,0,0.0,0,0.0,0,2317,10,0.0,0,0.0,0,0.0,0,0.0,0
2012-10-18T09:15:15.000,2316.4,1440,2316.2,12,0.0,0,0.0,0,0.0,0,0.0,0,2316.4,14,0.0,0,0.0,0,0.0,0,0.0,0
2012-10-18T09:15:15.500,2316.6,1463,2316.4,19,0.0,0,0.0,0,0.0,0,0.0,0,2316.6,3,0.0,0,0.0,0,0.0,0,0.0,0
2012-10-18T09:15:16.000,2316.4,1493,2316.6,1,0.0,0,0.0,0,0.0,0,0.0,0,2317,11,0.0,0,0.0,0,0.0,0,0.0,0
2012-10-18T09:15:16.500,2316.4,1511,2316.2,2,0.0,0,0.0,0,0.0,0,0.0,0,2316.4,1,0.0,0,0.0,0,0.0,0,0.0,0
2012-10-18T09:15:17.000,2316.6,1606,2316.6,5,0.0,0,0.0,0,0.0,0,0.0,0,2317.4,8,0.0,0,0.0,0,0.0,0,0.0,0
2012-10-18T09:15:17.500,2316.4,1647,2316,14,0.0,0,0.0,0,0.0,0,0.0,0,2316.4,19,0.0,0,0.0,0,0.0,0,0.0,0
2012-10-18T09:15:18.000,2316.2,1661,2316,8,0.0,0,0.0,0,0.0,0,0.0,0,2316.2,3,0.0,0,0.0,0,0.0,0,0.0,0
2012-10-18T09:15:18.500,2315.8,1677,2315.6,1,0.0,0,0.0,0,0.0,0,0.0,0,2316,7,0.0,0,0.0,0,0.0,0,0.0,0
2012-10-18T09:15:19.000,2315.8,1686,2315.4,9,0.0,0,0.0,0,0.0,0,0.0,0,2315.8,1,0.0,0,0.0,0,0.0,0,0.0,0
2012-10-18T09:15:19.500,2315,1698,2315,23,0.0,0,0.0,0,0.0,0,0.0,0,2315.2,1,0.0,0,0.0,0,0.0,0,0.0,0
2012-10-18T09:15:20.000,2315,1731,2315.2,4,0.0,0,0.0,0,0.0,0,0.0,0,2315.4,27,0.0,0,0.0,0,0.0,0,0.0,0
2012-10-18T09:15:20.500,2315.2,1757,2315,1,0.0,0,0.0,0,0.0,0,0.0,0,2315.2,13,0.0,0,0.0,0,0.0,0,0.0,0
2012-10-18T09:15:21.000,2315,1771,2314.6,1,0.0,0,0.0,0,0.0,0,0.0,0,2314.8,12,0.0,0,0.0,0,0.0,0,0.0,0
2012-10-18T09:15:21.500,2315,1785,2314.6,1,0.0,0,0.0,0,0.0,0,0.0,0,2315,12,0.0,0,0.0,0,0.0,0,0.0,0
2012-10-18T09:15:22.000,2314.6,1796,2314.2,6,0.0,0,0.0,0,0.0,0,0.0,0,2314.6,5,0.0,0,0.0,0,0.0,0,0.0,0
2012-10-18T09:15:22.500,2314.4,1815,2314,17,0.0,0,0.0,0,0.0,0,0.0,0,2314.2,8,0.0,0,0.0,0,0.0,0,0.0,0
2012-10-18T09:15:23.000,2314.4,1838,2314.4,1,0.0,0,0.0,0,0.0,0,0.0,0,2314.8,8,0.0,0,0.0,0,0.0,0,0.0,0
2012-10-18T09:15:23.500,2314.4,1876,2314.4,2,0.0,0,0.0,0,0.0,0,0.0,0,2314.6,2,0.0,0,0.0,0,0.0,0,0.0,0
2012-10-18T09:15:24.000,2314.4,1898,2314.2,41,0.0,0,0.0,0,0.0,0,0.0,0,2314.4,25,0.0,0,0.0,0,0.0,0,0.0,0
2012-10-18T09:15:24.500,2314.4,1933,2314.2,11,0.0,0,0.0,0,0.0,0,0.0,0,2314.4,46,0.0,0,0.0,0,0.0,0,0.0,0
2012-10-18T09:15:25.000,2314.2,2005,2314,4,0.0,0,0.0,0,0.0,0,0.0,0,2314.2,16,0.0,0,0.0,0,0.0,0,0.0,0
2012-10-18T09:15:25.500,2314.2,2026,2313.8,4,0.0,0,0.0,0,0.0,0,0.0,0,2314,1,0.0,0,0.0,0,0.0,0,0.0,0
2012-10-18T09:15:26.000,2313.8,2037,2314,3,0.0,0,0.0,0,0.0,0,0.0,0,2314.2,9,0.0,0,0.0,0,0.0,0,0.0,0
2012-10-18T09:15:26.500,2313.4,2044,2313.4,5,0.0,0,0.0,0,0.0,0,0.0,0,2313.8,1,0.0,0,0.0,0,0.0,0,0.0,0
2012-10-18T09:15:27.000,2313.2,2052,2313.2,10,0.0,0,0.0,0,0.0,0,0.0,0,2314,27,0.0,0,0.0,0,0.0,0,0.0,0
2012-10-18T09:15:27.500,2313.2,2072,2313,8,0.0,0,0.0,0,0.0,0,0.0,0,2313.2,35,0.0,0,0.0,0,0.0,0,0.0,0
2012-10-18T09:15:28.000,2313,2108,2312.8,7,0.0,0,0.0,0,0.0,0,0.0,0,2313.2,14,0.0,0,0.0,0,0.0,0,0.0,0
2012-10-18T09:15:28.500,2313,2114,2312.6,8,0.0,0,0.0,0,0.0,0,0.0,0,2313.2,18,0.0,0,0.0,0,0.0,0,0.0,0
2012-10-18T09:15:29.000,2312.8,2130,2312.4,9,0.0,0,0.0,0,0.0,0,0.0,0,2313,1,0.0,0,0.0,0,0.0,0,0.0,0
2012-10-18T09:15:29.500,2313,2142,2312.8,9,0.0,0,0.0,0,0.0,0,0.0,0,2313,3,0.0,0,0.0,0,0.0,0,0.0,0
2012-10-18T09:15:30.000,2312.8,2170,2312.6,4,0.0,0,0.0,0,0.0,0,0.0,0,2312.8,15,0.0,0,0.0,0,0.0,0,0.0,0
2012-10-18T09:15:30.500,2313,2193,2312.8,9,0.0,0,0.0,0,0.0,0,0.0,0,2313.4,19,0.0,0,0.0,0,0.0,0,0.0,0
2012-10-18T09:15:31.000,2312.8,2219,2312.6,2,0.0,0,0.0,0,0.0,0,0.0,0,2312.8,8,0.0,0,0.0,0,0.0,0,0.0,0
2012-10-18T09:15:31.500,2312.6,2260,2312.6,4,0.0,0,0.0,0,0.0,0,0.0,0,2312.8,1,0.0,0,0.0,0,0.0,0,0.0,0
2012-10-18T09:15:32.000,2313.4,2275,2312.8,23,0.0,0,0.0,0,0.0,0,0.0,0,2313.4,14,0.0,0,0.0,0,0.0,0,0.0,0
2012-10-18T09:15:32.500,2313.4,2290,2313,4,0.0,0,0.0,0,0.0,0,0.0,0,2313.4,5,0.0,0,0.0,0,0.0,0,0.0,0
2012-10-18T09:15:33.000,2313.4,2310,2313.2,1,0.0,0,0.0,0,0.0,0,0.0,0,2313.4,2,0.0,0,0.0,0,0.0,0,0.0,0
2012-10-18T09:15:33.500,2312.8,2329,2312.8,21,0.0,0,0.0,0,0.0,0,0.0,0,2313.4,2,0.0,0,0.0,0,0.0,0,0.0,0
2012-10-18T09:15:34.000,2313.6,2348,2313.4,5,0.0,0,0.0,0,0.0,0,0.0,0,2313.6,2,0.0,0,0.0,0,0.0,0,0.0,0
2012-10-18T09:15:34.500,2313.4,2366,2312.8,28,0.0,0,0.0,0,0.0,0,0.0,0,2313.4,2,0.0,0,0.0,0,0.0,0,0.0,0
2012-10-18T09:15:35.000,2313.4,2378,2313.4,9,0.0,0,0.0,0,0.0,0,0.0,0,2314,22,0.0,0,0.0,0,0.0,0,0.0,0
2012-10-18T09:15:35.500,2313.4,2384,2313.4,11,0.0,0,0.0,0,0.0,0,0.0,0,2314,21,0.0,0,0.0,0,0.0,0,0.0,0
2012-10-18T09:15:36.000,2313.8,2390,2313.6,3,0.0,0,0.0,0,0.0,0,0.0,0,2313.8,5,0.0,0,0.0,0,0.0,0,0.0,0
2012-10-18T09:15:36.500,2314,2401,2313.4,12,0.0,0,0.0,0,0.0,0,0.0,0,2314,25,0.0,0,0.0,0,0.0,0,0.0,0
2012-10-18T09:15:37.000,2313.6,2410,2313.8,1,0.0,0,0.0,0,0.0,0,0.0,0,2314,15,0.0,0,0.0,0,0.0,0,0.0,0
2012-10-18T09:15:37.500,2314,2428,2314,8,0.0,0,0.0,0,0.0,0,0.0,0,2314.2,5,0.0,0,0.0,0,0.0,0,0.0,0
2012-10-18T09:15:38.000,2314.2,2449,2313.8,12,0.0,0,0.0,0,0.0,0,0.0,0,2314.4,14,0.0,0,0.0,0,0.0,0,0.0,0
2012-10-18T09:15:38.500,2314.2,2454,2314.2,20,0.0,0,0.0,0,0.0,0,0.0,0,2314.4,15,0.0,0,0.0,0,0.0,0,0.0,0
2012-10-18T09:15:39.000,2314.2,2460,2314.2,25,0.0,0,0.0,0,0.0,0,0.0,0,2314.4,12,0.0,0,0.0,0,0.0,0,0.0,0
2012-10-18T09:15:39.500,2314.6,2478,2314.2,25,0.0,0,0.0,0,0.0,0,0.0,0,2314.6,3,0.0,0,0.0,0,0.0,0,0.0,0
2012-10-18T09:15:40.000,2314.6,2481,2314.4,5,0.0,0,0.0,0,0.0,0,0.0,0,2315,46,0.0,0,0.0,0,0.0,0,0.0,0
2012-10-18T09:15:40.500,2314.4,2489,2314.4,6,0.0,0,0.0,0,0.0,0,0.0,0,2315,43,0.0,0,0.0,0,0.0,0,0.0,0
2012-10-18T09:15:41.000,2314.4,2490,2314.6,2,0.0,0,0.0,0,0.0,0,0.0,0,2314.8,6,0.0,0,0.0,0,0.0,0,0.0,0
2012-10-18T09:15:41.500,2314.6,2493,2314.6,44,0.0,0,0.0,0,0.0,0,0.0,0,2314.8,5,0.0,0,0.0,0,0.0,0,0.0,0
2012-10-18T09:15:42.000,2315,2510,2314.8,1,0.0,0,0.0,0,0.0,0,0.0,0,2315,43,0.0,0,0.0,0,0.0,0,0.0,0
2012-10-18T09:15:42.500,2315,2540,2314.6,25,0.0,0,0.0,0,0.0,0,0.0,0,2315,31,0.0,0,0.0,0,0.0,0,0.0,0
2012-10-18T09:15:43.000,2314.8,2556,2314.6,11,0.0,0,0.0,0,0.0,0,0.0,0,2314.8,1,0.0,0,0.0,0,0.0,0,0.0,0
2012-10-18T09:15:43.500,2314.6,2561,2314.6,11,0.0,0,0.0,0,0.0,0,0.0,0,2314.8,2,0.0,0,0.0,0,0.0,0,0.0,0
2012-10-18T09:15:44.000,2315,2569,2314.8,13,0.0,0,0.0,0,0.0,0,0.0,0,2315,32,0.0,0,0.0,0,0.0,0,0.0,0
2012-10-18T09:15:44.500,2314.8,2575,2314.8,15,0.0,0,0.0,0,0.0,0,0.0,0,2315,32,0.0,0,0.0,0,0.0,0,0.0,0
2012-10-18T09:15:45.000,2315,2579,2314.8,15,0.0,0,0.0,0,0.0,0,0.0,0,2315,30,0.0,0,0.0,0,0.0,0,0.0,0
2012-10-18T09:15:45.500,2315,2582,2314.8,7,0.0,0,0.0,0,0.0,0,0.0,0,2315,42,0.0,0,0.0,0,0.0,0,0.0,0
2012-10-18T09:15:46.000,2314.8,2591,2314.8,1,0.0,0,0.0,0,0.0,0,0.0,0,2315,42,0.0,0,0.0,0,0.0,0,0.0,0
2012-10-18T09:15:46.500,2314.6,2606,2314.6,3,0.0,0,0.0,0,0.0,0,0.0,0,2315,37,0.0,0,0.0,0,0.0,0,0.0,0
2012-10-18T09:15:47.000,2314.6,2608,2314.6,9,0.0,0,0.0,0,0.0,0,0.0,0,2314.8,11,0.0,0,0.0,0,0.0,0,0.0,0
2012-10-18T09:15:47.500,2314.6,2609,2314.6,8,0.0,0,0.0,0,0.0,0,0.0,0,2314.8,12,0.0,0,0.0,0,0.0,0,0.0,0
2012-10-18T09:15:48.000,2314.8,2613,2314.6,8,0.0,0,0.0,0,0.0,0,0.0,0,2314.8,13,0.0,0,0.0,0,0.0,0,0.0,0
2012-10-18T09:15:48.500,2314.8,2620,2314.6,9,0.0,0,0.0,0,0.0,0,0.0,0,2314.8,6,0.0,0,0.0,0,0.0,0,0.0,0
2012-10-18T09:15:49.000,2314.6,2631,2314.4,16,0.0,0,0.0,0,0.0,0,0.0,0,2314.6,3,0.0,0,0.0,0,0.0,0,0.0,0
2012-10-18T09:15:49.500,2314.8,2706,2314.8,3,0.0,0,0.0,0,0.0,0,0.0,0,2315.4,12,0.0,0,0.0,0,0.0,0,0.0,0
2012-10-18T09:15:50.000,2315.4,2720,2314.8,1,0.0,0,0.0,0,0.0,0,0.0,0,2315.4,9,0.0,0,0.0,0,0.0,0,0.0,0
2012-10-18T09:15:50.500,2315.2,2742,2314.8,6,0.0,0,0.0,0,0.0,0,0.0,0,2315.4,7,0.0,0,0.0,0,0.0,0,0.0,0
2012-10-18T09:15:51.000,2315,2749,2315,6,0.0,0,0.0,0,0.0,0,0.0,0,2315.4,4,0.0,0,0.0,0,0.0,0,0.0,0
2012-10-18T09:15:51.500,2315,2754,2315,4,0.0,0,0.0,0,0.0,0,0.0,0,2315.4,2,0.0,0,0.0,0,0.0,0,0.0,0
2012-10-18T09:15:52.000,2315.6,2767,2315.6,2,0.0,0,0.0,0,0.0,0,0.0,0,2316,9,0.0,0,0.0,0,0.0,0,0.0,0
2012-10-18T09:15:52.500,2315.8,2785,2316,5,0.0,0,0.0,0,0.0,0,0.0,0,2316.4,6,0.0,0,0.0,0,0.0,0,0.0,0
2012-10-18T09:15:53.000,2316.2,2786,2316,6,0.0,0,0.0,0,0.0,0,0.0,0,2316.2,5,0.0,0,0.0,0,0.0,0,0.0,0
2012-10-18T09:15:53.500,2317,2814,2316,3,0.0,0,0.0,0,0.0,0,0.0,0,2317,24,0.0,0,0.0,0,0.0,0,0.0,0
2012-10-18T09:15:54.000,2316.6,2828,2316.2,79,0.0,0,0.0,0,0.0,0,0.0,0,2316.8,13,0.0,0,0.0,0,0.0,0,0.0,0
2012-10-18T09:15:54.500,2316.2,2852,2316.2,65,0.0,0,0.0,0,0.0,0,0.0,0,2317,35,0.0,0,0.0,0,0.0,0,0.0,0
2012-10-18T09:15:55.000,2316.2,2870,2316.2,54,0.0,0,0.0,0,0.0,0,0.0,0,2316.6,4,0.0,0,0.0,0,0.0,0,0.0,0
2012-10-18T09:15:55.500,2316.2,2900,2316.2,47,0.0,0,0.0,0,0.0,0,0.0,0,2316.6,1,0.0,0,0.0,0,0.0,0,0.0,0
2012-10-18T09:15:56.000,2316.8,2904,2316.2,45,0.0,0,0.0,0,0.0,0,0.0,0,2316.8,5,0.0,0,0.0,0,0.0,0,0.0,0
2012-10-18T09:15:56.500,2316.6,2906,2316.6,4,0.0,0,0.0,0,0.0,0,0.0,0,2316.8,5,0.0,0,0.0,0,0.0,0,0.0,0
2012-10-18T09:15:57.000,2316.6,2920,2316.2,48,0.0,0,0.0,0,0.0,0,0.0,0,2316.6,13,0.0,0,0.0,0,0.0,0,0.0,0
2012-10-18T09:15:57.500,2316.4,2931,2316.4,5,0.0,0,0.0,0,0.0,0,0.0,0,2316.8,4,0.0,0,0.0,0,0.0,0,0.0,0
2012-10-18T09:15:58.000,2316.6,2939,2316.4,5,0.0,0,0.0,0,0.0,0,0.0,0,2317,22,0.0,0,0.0,0,0.0,0,0.0,0
2012-10-18T09:15:58.500,2316.2,2962,2316.2,29,0.0,0,0.0,0,0.0,0,0.0,0,2316.4,31,0.0,0,0.0,0,0.0,0,0.0,0
2012-10-18T09:15:59.000,2316.4,2974,2316.2,24,0.0,0,0.0,0,0.0,0,0.0,0,2316.4,15,0.0,0,0.0,0,0.0,0,0.0,0
2012-10-18T09:15:59.500,2316.2,3000,2316,6,0.0,0,0.0,0,0.0,0,0.0,0,2316.2,5,0.0,0,0.0,0,0.0,0,0.0,0
2012-10-18T09:16:00.000,2316.2,3021,2316,5,0.0,0,0.0,0,0.0,0,0.0,0,2316.2,23,0.0,0,0.0,0,0.0,0,0.0,0
2012-10-18T09:16:00.500,2316.2,3028,2316,3,0.0,0,0.0,0,0.0,0,0.0,0,2316.2,19,0.0,0,0.0,0,0.0,0,0.0,0
2012-10-18T09:16:01.000,2316.2,3057,2316.2,3,0.0,0,0.0,0,0.0,0,0.0,0,2316.8,1,0.0,0,0.0,0,0.0,0,0.0,0
2012-10-18T09:16:01.500,2316.2,3061,2316.4,1,0.0,0,0.0,0,0.0,0,0.0,0,2316.6,6,0.0,0,0.0,0,0.0,0,0.0,0
2012-10-18T09:16:02.000,2316.8,3073,2316.8,2,0.0,0,0.0,0,0.0,0,0.0,0,2317,35,0.0,0,0.0,0,0.0,0,0.0,0
2012-10-18T09:16:02.500,2316.8,3091,2316.2,11,0.0,0,0.0,0,0.0,0,0.0,0,2316.8,10,0.0,0,0.0,0,0.0,0,0.0,0
2012-10-18T09:16:03.000,2316.8,3105,2316.2,29,0.0,0,0.0,0,0.0,0,0.0,0,2316.8,17,0.0,0,0.0,0,0.0,0,0.0,0
2012-10-18T09:16:03.500,2316.8,3106,2316.4,6,0.0,0,0.0,0,0.0,0,0.0,0,2316.8,11,0.0,0,0.0,0,0.0,0,0.0,0
2012-10-18T09:16:04.000,2317,3153,2317,7,0.0,0,0.0,0,0.0,0,0.0,0,2317.2,4,0.0,0,0.0,0,0.0,0,0.0,0
2012-10-18T09:16:04.500,2317.2,3158,2317,5,0.0,0,0.0,0,0.0,0,0.0,0,2317.2,7,0.0,0,0.0,0,0.0,0,0.0,0
2012-10-18T09:16:05.000,2316.8,3167,2316.8,7,0.0,0,0.0,0,0.0,0,0.0,0,2317.2,4,0.0,0,0.0,0,0.0,0,0.0,0
2012-10-18T09:16:05.500,2317,3185,2316.8,19,0.0,0,0.0,0,0.0,0,0.0,0,2317,18,0.0,0,0.0,0,0.0,0,0.0,0
2012-10-18T09:16:06.000,2317,3204,2317.2,4,0.0,0,0.0,0,0.0,0,0.0,0,2317.4,28,0.0,0,0.0,0,0.0,0,0.0,0
2012-10-18T09:16:06.500,2317.2,3216,2317.2,7,0.0,0,0.0,0,0.0,0,0.0,0,2317.4,17,0.0,0,0.0,0,0.0,0,0.0,0
2012-10-18T09:16:07.000,2317.6,3241,2317.6,6,0.0,0,0.0,0,0.0,0,0.0,0,2317.8,8,0.0,0,0.0,0,0.0,0,0.0,0
2012-10-18T09:16:07.500,2318,3264,2317.8,6,0.0,0,0.0,0,0.0,0,0.0,0,2318,19,0.0,0,0.0,0,0.0,0,0.0,0
2012-10-18T09:16:08.000,2318,3302,2318,5,0.0,0,0.0,0,0.0,0,0.0,0,2318.4,10,0.0,0,0.0,0,0.0,0,0.0,0
2012-10-18T09:16:08.500,2318.4,3327,2318.2,1,0.0,0,0.0,0,0.0,0,0.0,0,2318.6,12,0.0,0,0.0,0,0.0,0,0.0,0
2012-10-18T09:16:09.000,2318,3335,2318.4,1,0.0,0,0.0,0,0.0,0,0.0,0,2318.6,2,0.0,0,0.0,0,0.0,0,0.0,0
2012-10-18T09:16:09.500,2318.6,3349,2318.6,1,0.0,0,0.0,0,0.0,0,0.0,0,2318.8,1,0.0,0,0.0,0,0.0,0,0.0,0
2012-10-18T09:16:10.000,2318.6,3381,2318.8,3,0.0,0,0.0,0,0.0,0,0.0,0,2319,8,0.0,0,0.0,0,0.0,0,0.0,0
2012-10-18T09:16:10.500,2319.2,3421,2319,9,0.0,0,0.0,0,0.0,0,0.0,0,2319.2,4,0.0,0,0.0,0,0.0,0,0.0,0
2012-10-18T09:16:11.000,2319.4,3445,2319.2,1,0.0,0,0.0,0,0.0,0,0.0,0,2319.6,36,0.0,0,0.0,0,0.0,0,0.0,0
2012-10-18T09:16:11.500,2319.6,3471,2319.2,7,0.0,0,0.0,0,0.0,0,0.0,0,2319.6,19,0.0,0,0.0,0,0.0,0,0.0,0
2012-10-18T09:16:12.000,2319.8,3514,2319.6,58,0.0,0,0.0,0,0.0,0,0.0,0,2319.8,11,0.0,0,0.0,0,0.0,0,0.0,0
2012-10-18T09:16:12.500,2319.8,3569,2319.8,16,0.0,0,0.0,0,0.0,0,0.0,0,2320,158,0.0,0,0.0,0,0.0,0,0.0,0
2012-10-18T09:16:13.000,2320,3654,2319.8,1,0.0,0,0.0,0,0.0,0,0.0,0,2320,152,0.0,0,0.0,0,0.0,0,0.0,0
2012-10-18T09:16:13.500,2319.8,3684,2319.6,50,0.0,0,0.0,0,0.0,0,0.0,0,2319.8,5,0.0,0,0.0,0,0.0,0,0.0,0
2012-10-18T09:16:14.000,2319.8,3722,2319.8,3,0.0,0,0.0,0,0.0,0,0.0,0,2320,115,0.0,0,0.0,0,0.0,0,0.0,0
2012-10-18T09:16:14.500,2320,3735,2319.8,6,0.0,0,0.0,0,0.0,0,0.0,0,2320,109,0.0,0,0.0,0,0.0,0,0.0,0
2012-10-18T09:16:15.000,2319.8,3780,2319.8,2,0.0,0,0.0,0,0.0,0,0.0,0,2320,74,0.0,0,0.0,0,0.0,0,0.0,0
2012-10-18T09:16:15.500,2320,3832,2319.6,49,0.0,0,0.0,0,0.0,0,0.0,0,2320,28,0.0,0,0.0,0,0.0,0,0.0,0
2012-10-18T09:16:16.000,2320,3860,2319.6,49,0.0,0,0.0,0,0.0,0,0.0,0,2320,4,0.0,0,0.0,0,0.0,0,0.0,0
2012-10-18T09:16:16.500,2320,3871,2320,8,0.0,0,0.0,0,0.0,0,0.0,0,2320.4,21,0.0,0,0.0,0,0.0,0,0.0,0
2012-10-18T09:16:17.000,2320,3889,2320,3,0.0,0,0.0,0,0.0,0,0.0,0,2320.2,3,0.0,0,0.0,0,0.0,0,0.0,0
2012-10-18T09:16:17.500,2320,3903,2320,7,0.0,0,0.0,0,0.0,0,0.0,0,2320.4,7,0.0,0,0.0,0,0.0,0,0.0,0
2012-10-18T09:16:18.000,2320.4,3908,2320.4,9,0.0,0,0.0,0,0.0,0,0.0,0,2320.8,18,0.0,0,0.0,0,0.0,0,0.0,0
2012-10-18T09:16:18.500,2320.8,3938,2320.2,4,0.0,0,0.0,0,0.0,0,0.0,0,2320.8,1,0.0,0,0.0,0,0.0,0,0.0,0
2012-10-18T09:16:19.000,2321,3954,2320.8,2,0.0,0,0.0,0,0.0,0,0.0,0,2321,17,0.0,0,0.0,0,0.0,0,0.0,0
2012-10-18T09:16:19.500,2321,4042,2321,2,0.0,0,0.0,0,0.0,0,0.0,0,2321.6,1,0.0,0,0.0,0,0.0,0,0.0,0
2012-10-18T09:16:20.000,2321.4,4068,2320.8,14,0.0,0,0.0,0,0.0,0,0.0,0,2321.4,5,0.0,0,0.0,0,0.0,0,0.0,0
2012-10-18T09:16:20.500,2321.6,4096,2321.6,12,0.0,0,0.0,0,0.0,0,0.0,0,2321.8,2,0.0,0,0.0,0,0.0,0,0.0,0
2012-10-18T09:16:21.000,2321.4,4121,2321,2,0.0,0,0.0,0,0.0,0,0.0,0,2321.4,9,0.0,0,0.0,0,0.0,0,0.0,0
2012-10-18T09:16:21.500,2321.6,4220,2321.6,20,0.0,0,0.0,0,0.0,0,0.0,0,2321.8,2,0.0,0,0.0,0,0.0,0,0.0,0
2012-10-18T09:16:22.000,2321.4,4272,2321.4,6,0.0,0,0.0,0,0.0,0,0.0,0,2321.6,15,0.0,0,0.0,0,0.0,0,0.0,0
2012-10-18T09:16:22.500,2321.2,4293,2321,60,0.0,0,0.0,0,0.0,0,0.0,0,2321.4,7,0.0,0,0.0,0,0.0,0,0.0,0
2012-10-18T09:16:23.000,2321.4,4333,2321.4,36,0.0,0,0.0,0,0.0,0,0.0,0,2321.6,6,0.0,0,0.0,0,0.0,0,0.0,0
2012-10-18T09:16:23.500,2321.4,4369,2321.4,9,0.0,0,0.0,0,0.0,0,0.0,0,2322,10,0.0,0,0.0,0,0.0,0,0.0,0
2012-10-18T09:16:24.000,2321.6,4388,2321.6,13,0.0,0,0.0,0,0.0,0,0.0,0,2322.2,6,0.0,0,0.0,0,0.0,0,0.0,0
2012-10-18T09:16:24.500,2321.8,4417,2321.8,37,0.0,0,0.0,0,0.0,0,0.0,0,2322,3,0.0,0,0.0,0,0.0,0,0.0,0
2012-10-18T09:16:25.000,2322,4448,2322,1,0.0,0,0.0,0,0.0,0,0.0,0,2322.4,12,0.0,0,0.0,0,0.0,0,0.0,0
2012-10-18T09:16:25.500,2322,4493,2321.6,2,0.0,0,0.0,0,0.0,0,0.0,0,2322,20,0.0,0,0.0,0,0.0,0,0.0,0
2012-10-18T09:16:26.000,2321.8,4516,2321.6,2,0.0,0,0.0,0,0.0,0,0.0,0,2321.8,11,0.0,0,0.0,0,0.0,0,0.0,0
2012-10-18T09:16:26.500,2321,4544,2321,59,0.0,0,0.0,0,0.0,0,0.0,0,2321.2,1,0.0,0,0.0,0,0.0,0,0.0,0
2012-10-18T09:16:27.000,2321.6,4636,2321.6,5,0.0,0,0.0,0,0.0,0,0.0,0,2321.8,1,0.0,0,0.0,0,0.0,0,0.0,0
2012-10-18T09:16:27.500,2321,4661,2321.2,1,0.0,0,0.0,0,0.0,0,0.0,0,2321.4,57,0.0,0,0.0,0,0.0,0,0.0,0
2012-10-18T09:16:28.000,2321.4,4716,2321.2,1,0.0,0,0.0,0,0.0,0,0.0,0,2321.4,54,0.0,0,0.0,0,0.0,0,0.0,0
2012-10-18T09:16:28.500,2321.2,4728,2320.8,15,0.0,0,0.0,0,0.0,0,0.0,0,2321.2,18,0.0,0,0.0,0,0.0,0,0.0,0
2012-10-18T09:16:29.000,2321.2,4746,2320.8,5,0.0,0,0.0,0,0.0,0,0.0,0,2321.2,18,0.0,0,0.0,0,0.0,0,0.0,0
2012-10-18T09:16:29.500,2320.6,4770,2320.6,1,0.0,0,0.0,0,0.0,0,0.0,0,2320.8,8,0.0,0,0.0,0,0.0,0,0.0,0
2012-10-18T09:16:30.000,2320.8,4809,2320.8,27,0.0,0,0.0,0,0.0,0,0.0,0,2321,11,0.0,0,0.0,0,0.0,0,0.0,0
2012-10-18T09:16:30.500,2320.8,4819,2320.8,1,0.0,0,0.0,0,0.0,0,0.0,0,2321,11,0.0,0,0.0,0,0.0,0,0.0,0
2012-10-18T09:16:31.000,2320.4,4832,2320.4,7,0.0,0,0.0,0,0.0,0,0.0,0,2320.6,14,0.0,0,0.0,0,0.0,0,0.0,0
2012-10-18T09:16:31.500,2320.4,4838,2320.2,6,0.0,0,0.0,0,0.0,0,0.0,0,2320.4,2,0.0,0,0.0,0,0.0,0,0.0,0
2012-10-18T09:16:32.000,2320.4,4854,2320.2,8,0.0,0,0.0,0,0.0,0,0.0,0,2320.4,7,0.0,0,0.0,0,0.0,0,0.0,0
2012-10-18T09:16:32.500,2320.2,4865,2320,5,0.0,0,0.0,0,0.0,0,0.0,0,2320.2,23,0.0,0,0.0,0,0.0,0,0.0,0
2012-10-18T09:16:33.000,2320,4872,2319.6,46,0.0,0,0.0,0,0.0,0,0.0,0,2320,12,0.0,0,0.0,0,0.0,0,0.0,0
2012-10-18T09:16:33.500,2319.6,4890,2319.6,44,0.0,0,0.0,0,0.0,0,0.0,0,2320.2,13,0.0,0,0.0,0,0.0,0,0.0,0
2012-10-18T09:16:34.000,2319.6,4901,2319.8,3,0.0,0,0.0,0,0.0,0,0.0,0,2320.2,12,0.0,0,0.0,0,0.0,0,0.0,0
2012-10-18T09:16:34.500,2320.2,4913,2319.8,7,0.0,0,0.0,0,0.0,0,0.0,0,2320.4,29,0.0,0,0.0,0,0.0,0,0.0,0
2012-10-18T09:16:35.000,2319.8,4975,2319.8,1,0.0,0,0.0,0,0.0,0,0.0,0,2320.2,3,0.0,0,0.0,0,0.0,0,0.0,0
2012-10-18T09:16:35.500,2320.4,4986,2320.4,6,0.0,0,0.0,0,0.0,0,0.0,0,2320.8,18,0.0,0,0.0,0,0.0,0,0.0,0
2012-10-18T09:16:36.000,2320.2,4997,2320.2,20,0.0,0,0.0,0,0.0,0,0.0,0,2320.4,1,0.0,0,0.0,0,0.0,0,0.0,0
2012-10-18T09:16:36.500,2320.2,5007,2320.2,22,0.0,0,0.0,0,0.0,0,0.0,0,2320.4,1,0.0,0,0.0,0,0.0,0,0.0,0
2012-10-18T09:16:37.000,2320.2,5018,2320.2,11,0.0,0,0.0,0,0.0,0,0.0,0,2320.4,1,0.0,0,0.0,0,0.0,0,0.0,0
2012-10-18T09:16:37.500,2320.2,5025,2320.2,8,0.0,0,0.0,0,0.0,0,0.0,0,2320.4,2,0.0,0,0.0,0,0.0,0,0.0,0
2012-10-18T09:16:38.000,2320.4,5027,2320.2,7,0.0,0,0.0,0,0.0,0,0.0,0,2320.4,3,0.0,0,0.0,0,0.0,0,0.0,0
2012-10-18T09:16:38.500,2320.2,5041,2320,57,0.0,0,0.0,0,0.0,0,0.0,0,2320.2,9,0.0,0,0.0,0,0.0,0,0.0,0
2012-10-18T09:16:39.000,2320.2,5068,2320,45,0.0,0,0.0,0,0.0,0,0.0,0,2320.2,11,0.0,0,0.0,0,0.0,0,0.0,0
2012-10-18T09:16:39.500,2320,5084,2320,32,0.0,0,0.0,0,0.0,0,0.0,0,2320.2,1,0.0,0,0.0,0,0.0,0,0.0,0
2012-10-18T09:16:40.000,2320,5103,2320,13,0.0,0,0.0,0,0.0,0,0.0,0,2320.2,10,0.0,0,0.0,0,0.0,0,0.0,0
2012-10-18T09:16:40.500,2320,5122,2320,9,0.0,0,0.0,0,0.0,0,0.0,0,2320.4,9,0.0,0,0.0,0,0.0,0,0.0,0
2012-10-18T09:16:41.000,2320,5138,2319.8,7,0.0,0,0.0,0,0.0,0,0.0,0,2320,4,0.0,0,0.0,0,0.0,0,0.0,0
2012-10-18T09:16:41.500,2320,5139,2319.8,7,0.0,0,0.0,0,0.0,0,0.0,0,2320,4,0.0,0,0.0,0,0.0,0,0.0,0
2012-10-18T09:16:42.000,2320,5152,2319.6,51,0.0,0,0.0,0,0.0,0,0.0,0,2320,3,0.0,0,0.0,0,0.0,0,0.0,0
2012-10-18T09:16:42.500,2320,5154,2319.6,45,0.0,0,0.0,0,0.0,0,0.0,0,2319.8,17,0.0,0,0.0,0,0.0,0,0.0,0
2012-10-18T09:16:43.000,2319.6,5161,2319.6,40,0.0,0,0.0,0,0.0,0,0.0,0,2319.8,5,0.0,0,0.0,0,0.0,0,0.0,0
2012-10-18T09:16:43.500,2319.4,5215,2319.2,17,0.0,0,0.0,0,0.0,0,0.0,0,2319.4,10,0.0,0,0.0,0,0.0,0,0.0,0
2012-10-18T09:16:44.000,2319.4,5220,2319.2,8,0.0,0,0.0,0,0.0,0,0.0,0,2319.4,15,0.0,0,0.0,0,0.0,0,0.0,0
2012-10-18T09:16:44.500,2319.4,5243,2319,1,0.0,0,0.0,0,0.0,0,0.0,0,2319.6,24,0.0,0,0.0,0,0.0,0,0.0,0
2012-10-18T09:16:45.000,2319,5273,2319,1,0.0,0,0.0,0,0.0,0,0.0,0,2319.4,3,0.0,0,0.0,0,0.0,0,0.0,0
2012-10-18T09:16:45.500,2319,5274,2318.8,6,0.0,0,0.0,0,0.0,0,0.0,0,2319,5,0.0,0,0.0,0,0.0,0,0.0,0
2012-10-18T09:16:46.000,2319,5278,2318.8,4,0.0,0,0.0,0,0.0,0,0.0,0,2319,3,0.0,0,0.0,0,0.0,0,0.0,0
2012-10-18T09:16:46.500,2319,5294,2318.6,2,0.0,0,0.0,0,0.0,0,0.0,0,2319,6,0.0,0,0.0,0,0.0,0,0.0,0
2012-10-18T09:16:47.000,2318.8,5299,2318.8,7,0.0,0,0.0,0,0.0,0,0.0,0,2319,4,0.0,0,0.0,0,0.0,0,0.0,0
2012-10-18T09:16:47.500,2318.8,5305,2318.8,1,0.0,0,0.0,0,0.0,0,0.0,0,2319,12,0.0,0,0.0,0,0.0,0,0.0,0
2012-10-18T09:16:48.000,2318.8,5336,2318.6,7,0.0,0,0.0,0,0.0,0,0.0,0,2318.8,3,0.0,0,0.0,0,0.0,0,0.0,0
2012-10-18T09:16:48.500,2319.4,5348,2319,1,0.0,0,0.0,0,0.0,0,0.0,0,2319.4,2,0.0,0,0.0,0,0.0,0,0.0,0
2012-10-18T09:16:49.000,2319,5355,2319,4,0.0,0,0.0,0,0.0,0,0.0,0,2319.6,33,0.0,0,0.0,0,0.0,0,0.0,0
2012-10-18T09:16:49.500,2319.6,5358,2319,19,0.0,0,0.0,0,0.0,0,0.0,0,2319.4,2,0.0,0,0.0,0,0.0,0,0.0,0
2012-10-18T09:16:50.000,2319.6,5366,2319.2,24,0.0,0,0.0,0,0.0,0,0.0,0,2319.6,29,0.0,0,0.0,0,0.0,0,0.0,0
2012-10-18T09:16:50.500,2319.4,5374,2319.4,3,0.0,0,0.0,0,0.0,0,0.0,0,2319.6,29,0.0,0,0.0,0,0.0,0,0.0,0
2012-10-18T09:16:51.000,2319.2,5387,2319.2,12,0.0,0,0.0,0,0.0,0,0.0,0,2319.4,8,0.0,0,0.0,0,0.0,0,0.0,0
2012-10-18T09:16:51.500,2319.4,5401,2319.2,10,0.0,0,0.0,0,0.0,0,0.0,0,2319.6,26,0.0,0,0.0,0,0.0,0,0.0,0
2012-10-18T09:16:52.000,2319.6,5407,2319.4,1,0.0,0,0.0,0,0.0,0,0.0,0,2319.6,22,0.0,0,0.0,0,0.0,0,0.0,0
2012-10-18T09:16:52.500,2319.6,5413,2319.2,10,0.0,0,0.0,0,0.0,0,0.0,0,2319.6,19,0.0,0,0.0,0,0.0,0,0.0,0
2012-10-18T09:16:53.000,2319.2,5415,2319.2,8,0.0,0,0.0,0,0.0,0,0.0,0,2319.6,21,0.0,0,0.0,0,0.0,0,0.0,0
2012-10-18T09:16:53.500,2319.6,5457,2318.6,1,0.0,0,0.0,0,0.0,0,0.0,0,2319.2,6,0.0,0,0.0,0,0.0,0,0.0,0
2012-10-18T09:16:54.000,2319.2,5462,2319,1,0.0,0,0.0,0,0.0,0,0.0,0,2319.2,3,0.0,0,0.0,0,0.0,0,0.0,0
2012-10-18T09:16:54.500,2319.6,5471,2319.2,9,0.0,0,0.0,0,0.0,0,0.0,0,2319.6,18,0.0,0,0.0,0,0.0,0,0.0,0
2012-10-18T09:16:55.000,2319.4,5475,2319.4,5,0.0,0,0.0,0,0.0,0,0.0,0,2319.6,17,0.0,0,0.0,0,0.0,0,0.0,0
2012-10-18T09:16:55.500,2319.4,5477,2319.4,3,0.0,0,0.0,0,0.0,0,0.0,0,2319.6,17,0.0,0,0.0,0,0.0,0,0.0,0
2012-10-18T09:16:56.000,2319.2,5485,2319.2,5,0.0,0,0.0,0,0.0,0,0.0,0,2319.6,15,0.0,0,0.0,0,0.0,0,0.0,0
2012-10-18T09:16:56.500,2319.2,5486,2319.2,6,0.0,0,0.0,0,0.0,0,0.0,0,2319.6,20,0.0,0,0.0,0,0.0,0,0.0,0
2012-10-18T09:16:57.000,2319.6,5515,2319.2,8,0.0,0,0.0,0,0.0,0,0.0,0,2319.6,13,0.0,0,0.0,0,0.0,0,0.0,0
2012-10-18T09:16:57.500,2319.2,5526,2319.2,4,0.0,0,0.0,0,0.0,0,0.0,0,2319.4,1,0.0,0,0.0,0,0.0,0,0.0,0
2012-10-18T09:16:58.000,2319.6,5536,2319.2,2,0.0,0,0.0,0,0.0,0,0.0,0,2319.6,4,0.0,0,0.0,0,0.0,0,0.0,0
2012-10-18T09:16:58.500,2319.6,5545,2319.6,13,0.0,0,0.0,0,0.0,0,0.0,0,2319.8,16,0.0,0,0.0,0,0.0,0,0.0,0
2012-10-18T09:16:59.000,2319.6,5563,2319.6,17,0.0,0,0.0,0,0.0,0,0.0,0,2319.8,15,0.0,0,0.0,0,0.0,0,0.0,0
2012-10-18T09:16:59.500,2319.6,5570,2319.6,13,0.0,0,0.0,0,0.0,0,0.0,0,2319.8,6,0.0,0,0.0,0,0.0,0,0.0,0
2012-10-18T09:17:00.000,2319.6,5582,2319.6,7,0.0,0,0.0,0,0.0,0,0.0,0,2319.8,2,0.0,0,0.0,0,0.0,0,0.0,0
2012-10-18T09:17:00.500,2319.6,5586,2319.6,4,0.0,0,0.0,0,0.0,0,0.0,0,2319.8,1,0.0,0,0.0,0,0.0,0,0.0,0
2012-10-18T09:17:01.000,2319.6,5589,2319.6,2,0.0,0,0.0,0,0.0,0,0.0,0,2319.8,1,0.0,0,0.0,0,0.0,0,0.0,0
2012-10-18T09:17:01.500,2319.8,5596,2319.8,31,0.0,0,0.0,0,0.0,0,0.0,0,2320,34,0.0,0,0.0,0,0.0,0,0.0,0
2012-10-18T09:17:02.000,2320,5606,2319.8,29,0.0,0,0.0,0,0.0,0,0.0,0,2320,26,0.0,0,0.0,0,0.0,0,0.0,0
2012-10-18T09:17:02.500,2320,5611,2319.8,25,0.0,0,0.0,0,0.0,0,0.0,0,2320,24,0.0,0,0.0,0,0.0,0,0.0,0
2012-10-18T09:17:03.000,2320,5620,2319.6,1,0.0,0,0.0,0,0.0,0,0.0,0,2320,20,0.0,0,0.0,0,0.0,0,0.0,0
2012-10-18T09:17:03.500,2320,5623,2319.6,1,0.0,0,0.0,0,0.0,0,0.0,0,2319.8,2,0.0,0,0.0,0,0.0,0,0.0,0
2012-10-18T09:17:04.000,2320,5630,2319.6,2,0.0,0,0.0,0,0.0,0,0.0,0,2320,10,0.0,0,0.0,0,0.0,0,0.0,0
2012-10-18T09:17:04.500,2319.6,5658,2319.2,8,0.0,0,0.0,0,0.0,0,0.0,0,2319.8,7,0.0,0,0.0,0,0.0,0,0.0,0
2012-10-18T09:17:05.000,2320,5690,2319.4,3,0.0,0,0.0,0,0.0,0,0.0,0,2320,14,0.0,0,0.0,0,0.0,0,0.0,0
2012-10-18T09:17:05.500,2319.4,5703,2319.4,8,0.0,0,0.0,0,0.0,0,0.0,0,2320,23,0.0,0,0.0,0,0.0,0,0.0,0
2012-10-18T09:17:06.000,2319.8,5713,2319.6,1,0.0,0,0.0,0,0.0,0,0.0,0,2319.8,4,0.0,0,0.0,0,0.0,0,0.0,0
2012-10-18T09:17:06.500,2320,5731,2319.4,6,0.0,0,0.0,0,0.0,0,0.0,0,2319.6,1,0.0,0,0.0,0,0.0,0,0.0,0
2012-10-18T09:17:07.000,2319.6,5733,2319.6,10,0.0,0,0.0,0,0.0,0,0.0,0,2319.8,1,0.0,0,0.0,0,0.0,0,0.0,0
2012-10-18T09:17:07.500,2319.8,5734,2319.6,11,0.0,0,0.0,0,0.0,0,0.0,0,2319.8,7,0.0,0,0.0,0,0.0,0,0.0,0
2012-10-18T09:17:08.000,2319.6,5748,2319.4,10,0.0,0,0.0,0,0.0,0,0.0,0,2319.6,2,0.0,0,0.0,0,0.0,0,0.0,0
2012-10-18T09:17:08.500,2319.6,5750,2319.4,10,0.0,0,0.0,0,0.0,0,0.0,0,2319.6,11,0.0,0,0.0,0,0.0,0,0.0,0
2012-10-18T09:17:09.000,2319.6,5765,2319.4,4,0.0,0,0.0,0,0.0,0,0.0,0,2319.6,11,0.0,0,0.0,0,0.0,0,0.0,0
2012-10-18T09:17:09.500,2319.4,5769,2319.2,7,0.0,0,0.0,0,0.0,0,0.0,0,2319.4,52,0.0,0,0.0,0,0.0,0,0.0,0
2012-10-18T09:17:10.000,2319.4,5773,2319.2,7,0.0,0,0.0,0,0.0,0,0.0,0,2319.4,48,0.0,0,0.0,0,0.0,0,0.0,0
2012-10-18T09:17:10.500,2319.2,5774,2319.2,6,0.0,0,0.0,0,0.0,0,0.0,0,2319.4,48,0.0,0,0.0,0,0.0,0,0.0,0
2012-10-18T09:17:11.000,2319.4,5778,2319,8,0.0,0,0.0,0,0.0,0,0.0,0,2319.2,5,0.0,0,0.0,0,0.0,0,0.0,0
2012-10-18T09:17:11.500,2319,5791,2318.8,9,0.0,0,0.0,0,0.0,0,0.0,0,2319,1,0.0,0,0.0,0,0.0,0,0.0,0
2012-10-18T09:17:12.250,2319.2,5798,2319,1,0.0,0,0.0,0,0.0,0,0.0,0,2319.2,22,0.0,0,0.0,0,0.0,0,0.0,0
2012-10-18T09:17:13.250,2318.6,5806,2318.6,10,0.0,0,0.0,0,0.0,0,0.0,0,2318.8,1,0.0,0,0.0,0,0.0,0,0.0,0
2012-10-18T09:17:14.000,2319,5816,2318.6,3,0.0,0,0.0,0,0.0,0,0.0,0,2318.8,1,0.0,0,0.0,0,0.0,0,0.0,0
2012-10-18T09:17:14.500,2318.8,5822,2318.4,6,0.0,0,0.0,0,0.0,0,0.0,0,2318.6,1,0.0,0,0.0,0,0.0,0,0.0,0
2012-10-18T09:17:15.000,2318.8,5825,2318.6,4,0.0,0,0.0,0,0.0,0,0.0,0,2318.8,12,0.0,0,0.0,0,0.0,0,0.0,0
2012-10-18T09:17:15.500,2318.4,5830,2318.4,4,0.0,0,0.0,0,0.0,0,0.0,0,2318.6,1,0.0,0,0.0,0,0.0,0,0.0,0
2012-10-18T09:17:16.000,2318.8,5837,2318.6,6,0.0,0,0.0,0,0.0,0,0.0,0,2318.8,8,0.0,0,0.0,0,0.0,0,0.0,0
2012-10-18T09:17:16.500,2318.6,5852,2318.4,2,0.0,0,0.0,0,0.0,0,0.0,0,2318.6,1,0.0,0,0.0,0,0.0,0,0.0,0
2012-10-18T09:17:17.000,2318.6,5862,2318.6,5,0.0,0,0.0,0,0.0,0,0.0,0,2319,8,0.0,0,0.0,0,0.0,0,0.0,0
2012-10-18T09:17:17.500,2318.4,5866,2318.4,1,0.0,0,0.0,0,0.0,0,0.0,0,2319,8,0.0,0,0.0,0,0.0,0,0.0,0
2012-10-18T09:17:18.000,2318.6,5869,2318.2,9,0.0,0,0.0,0,0.0,0,0.0,0,2318.6,1,0.0,0,0.0,0,0.0,0,0.0,0
2012-10-18T09:17:18.500,2318.6,5872,2318.2,9,0.0,0,0.0,0,0.0,0,0.0,0,2318.4,4,0.0,0,0.0,0,0.0,0,0.0,0
2012-10-18T09:17:19.000,2318.6,5892,2318.6,16,0.0,0,0.0,0,0.0,0,0.0,0,2319,11,0.0,0,0.0,0,0.0,0,0.0,0
2012-10-18T09:17:19.500,2318.6,5911,2318.8,1,0.0,0,0.0,0,0.0,0,0.0,0,2319,5,0.0,0,0.0,0,0.0,0,0.0,0
2012-10-18T09:17:20.000,2319,5919,2318.4,8,0.0,0,0.0,0,0.0,0,0.0,0,2319,3,0.0,0,0.0,0,0.0,0,0.0,0
2012-10-18T09:17:20.500,2319,5935,2319,6,0.0,0,0.0,0,0.0,0,0.0,0,2319.2,18,0.0,0,0.0,0,0.0,0,0.0,0
2012-10-18T09:17:21.000,2318.6,5942,2318.6,1,0.0,0,0.0,0,0.0,0,0.0,0,2318.8,2,0.0,0,0.0,0,0.0,0,0.0,0
2012-10-18T09:17:21.500,2318.4,5947,2318.4,1,0.0,0,0.0,0,0.0,0,0.0,0,2318.8,4,0.0,0,0.0,0,0.0,0,0.0,0
2012-10-18T09:17:22.000,2318.4,5949,2318.6,4,0.0,0,0.0,0,0.0,0,0.0,0,2318.8,19,0.0,0,0.0,0,0.0,0,0.0,0
2012-10-18T09:17:22.500,2318.6,5956,2318.4,1,0.0,0,0.0,0,0.0,0,0.0,0,2318.6,2,0.0,0,0.0,0,0.0,0,0.0,0
2012-10-18T09:17:23.250,2318.6,5957,2318.4,2,0.0,0,0.0,0,0.0,0,0.0,0,2318.6,5,0.0,0,0.0,0,0.0,0,0.0,0
2012-10-18T09:17:24.000,2318.4,5960,2318.2,20,0.0,0,0.0,0,0.0,0,0.0,0,2318.6,7,0.0,0,0.0,0,0.0,0,0.0,0
2012-10-18T09:17:24.500,2318.2,5965,2318.2,19,0.0,0,0.0,0,0.0,0,0.0,0,2318.4,10,0.0,0,0.0,0,0.0,0,0.0,0
2012-10-18T09:17:25.000,2318.4,5979,2318.6,1,0.0,0,0.0,0,0.0,0,0.0,0,2318.8,6,0.0,0,0.0,0,0.0,0,0.0,0
2012-10-18T09:17:25.500,2318.6,5986,2318.4,7,0.0,0,0.0,0,0.0,0,0.0,0,2318.6,16,0.0,0,0.0,0,0.0,0,0.0,0
2012-10-18T09:17:26.000,2318.4,5995,2318.4,1,0.0,0,0.0,0,0.0,0,0.0,0,2318.6,14,0.0,0,0.0,0,0.0,0,0.0,0
2012-10-18T09:17:26.500,2318.2,6005,2318.2,16,0.0,0,0.0,0,0.0,0,0.0,0,2318.4,3,0.0,0,0.0,0,0.0,0,0.0,0
2012-10-18T09:17:27.000,2318.4,6015,2318.2,9,0.0,0,0.0,0,0.0,0,0.0,0,2318.4,9,0.0,0,0.0,0,0.0,0,0.0,0
2012-10-18T09:17:27.500,2318.4,6024,2318.4,7,0.0,0,0.0,0,0.0,0,0.0,0,2318.6,26,0.0,0,0.0,0,0.0,0,0.0,0
2012-10-18T09:17:28.000,2318.4,6035,2318.2,7,0.0,0,0.0,0,0.0,0,0.0,0,2318.4,10,0.0,0,0.0,0,0.0,0,0.0,0
2012-10-18T09:17:28.500,2318,6045,2318,67,0.0,0,0.0,0,0.0,0,0.0,0,2318.4,14,0.0,0,0.0,0,0.0,0,0.0,0
2012-10-18T09:17:29.000,2318.2,6052,2318.2,1,0.0,0,0.0,0,0.0,0,0.0,0,2318.4,28,0.0,0,0.0,0,0.0,0,0.0,0
2012-10-18T09:17:29.500,2318.2,6060,2318,59,0.0,0,0.0,0,0.0,0,0.0,0,2318.2,17,0.0,0,0.0,0,0.0,0,0.0,0
2012-10-18T09:17:30.000,2318,6070,2318,50,0.0,0,0.0,0,0.0,0,0.0,0,2318.2,27,0.0,0,0.0,0,0.0,0,0.0,0
2012-10-18T09:17:30.500,2318,6120,2317.8,26,0.0,0,0.0,0,0.0,0,0.0,0,2318.2,18,0.0,0,0.0,0,0.0,0,0.0,0
2012-10-18T09:17:31.000,2317.8,6153,2317.6,3,0.0,0,0.0,0,0.0,0,0.0,0,2318,29,0.0,0,0.0,0,0.0,0,0.0,0
2012-10-18T09:17:31.500,2317.6,6157,2317.4,8,0.0,0,0.0,0,0.0,0,0.0,0,2317.8,8,0.0,0,0.0,0,0.0,0,0.0,0
2012-10-18T09:17:32.000,2317.4,6174,2317.2,13,0.0,0,0.0,0,0.0,0,0.0,0,2317.4,3,0.0,0,0.0,0,0.0,0,0.0,0
2012-10-18T09:17:32.500,2317.6,6189,2317.2,1,0.0,0,0.0,0,0.0,0,0.0,0,2317.6,1,0.0,0,0.0,0,0.0,0,0.0,0
2012-10-18T09:17:33.000,2317,6202,2317,12,0.0,0,0.0,0,0.0,0,0.0,0,2317.2,6,0.0,0,0.0,0,0.0,0,0.0,0
2012-10-18T09:17:33.500,2317,6215,2316.8,11,0.0,0,0.0,0,0.0,0,0.0,0,2317,1,0.0,0,0.0,0,0.0,0,0.0,0
2012-10-18T09:17:34.000,2317.8,6233,2317.2,5,0.0,0,0.0,0,0.0,0,0.0,0,2317.8,8,0.0,0,0.0,0,0.0,0,0.0,0
2012-10-18T09:17:34.500,2317.2,6252,2317.2,10,0.0,0,0.0,0,0.0,0,0.0,0,2317.4,3,0.0,0,0.0,0,0.0,0,0.0,0
2012-10-18T09:17:35.000,2317.4,6253,2317.2,10,0.0,0,0.0,0,0.0,0,0.0,0,2317.4,2,0.0,0,0.0,0,0.0,0,0.0,0
2012-10-18T09:17:35.500,2317,6267,2317,1,0.0,0,0.0,0,0.0,0,0.0,0,2317.2,9,0.0,0,0.0,0,0.0,0,0.0,0
2012-10-18T09:17:36.000,2316.8,6274,2316.6,6,0.0,0,0.0,0,0.0,0,0.0,0,2316.8,4,0.0,0,0.0,0,0.0,0,0.0,0
2012-10-18T09:17:36.500,2316.8,6296,2316.4,11,0.0,0,0.0,0,0.0,0,0.0,0,2317,13,0.0,0,0.0,0,0.0,0,0.0,0
2012-10-18T09:17:37.000,2316.6,6313,2316.6,19,0.0,0,0.0,0,0.0,0,0.0,0,2316.8,6,0.0,0,0.0,0,0.0,0,0.0,0
2012-10-18T09:17:37.500,2316.6,6331,2316.6,3,0.0,0,0.0,0,0.0,0,0.0,0,2316.8,9,0.0,0,0.0,0,0.0,0,0.0,0
2012-10-18T09:17:38.000,2316.4,6338,2316.4,1,0.0,0,0.0,0,0.0,0,0.0,0,2316.6,35,0.0,0,0.0,0,0.0,0,0.0,0
2012-10-18T09:17:38.500,2316.6,6344,2316.4,6,0.0,0,0.0,0,0.0,0,0.0,0,2316.6,31,0.0,0,0.0,0,0.0,0,0.0,0
2012-10-18T09:17:39.000,2316.2,6354,2316.2,20,0.0,0,0.0,0,0.0,0,0.0,0,2316.4,1,0.0,0,0.0,0,0.0,0,0.0,0
2012-10-18T09:17:39.500,2316.2,6363,2316.2,13,0.0,0,0.0,0,0.0,0,0.0,0,2316.4,11,0.0,0,0.0,0,0.0,0,0.0,0
2012-10-18T09:17:40.000,2316.2,6381,2316,18,0.0,0,0.0,0,0.0,0,0.0,0,2316.4,2,0.0,0,0.0,0,0.0,0,0.0,0
2012-10-18T09:17:40.500,2316.4,6384,2316.2,5,0.0,0,0.0,0,0.0,0,0.0,0,2316.4,3,0.0,0,0.0,0,0.0,0,0.0,0
2012-10-18T09:17:41.000,2316,6411,2316,7,0.0,0,0.0,0,0.0,0,0.0,0,2316.6,31,0.0,0,0.0,0,0.0,0,0.0,0
2012-10-18T09:17:41.500,2316.4,6425,2315.8,8,0.0,0,0.0,0,0.0,0,0.0,0,2316.6,36,0.0,0,0.0,0,0.0,0,0.0,0
2012-10-18T09:17:42.000,2316,6466,2315.6,1,0.0,0,0.0,0,0.0,0,0.0,0,2316.6,37,0.0,0,0.0,0,0.0,0,0.0,0
2012-10-18T09:17:42.500,2316,6489,2316,6,0.0,0,0.0,0,0.0,0,0.0,0,2316.6,32,0.0,0,0.0,0,0.0,0,0.0,0
2012-10-18T09:17:43.000,2316.4,6500,2316.2,1,0.0,0,0.0,0,0.0,0,0.0,0,2316.4,5,0.0,0,0.0,0,0.0,0,0.0,0
2012-10-18T09:17:43.500,2316.2,6509,2315.8,2,0.0,0,0.0,0,0.0,0,0.0,0,2316.2,1,0.0,0,0.0,0,0.0,0,0.0,0
2012-10-18T09:17:44.000,2316.2,6512,2315.6,5,0.0,0,0.0,0,0.0,0,0.0,0,2316.2,2,0.0,0,0.0,0,0.0,0,0.0,0
2012-10-18T09:17:44.500,2316,6517,2315.6,2,0.0,0,0.0,0,0.0,0,0.0,0,2316,6,0.0,0,0.0,0,0.0,0,0.0,0
2012-10-18T09:17:45.000,2316,6525,2315.6,7,0.0,0,0.0,0,0.0,0,0.0,0,2315.8,5,0.0,0,0.0,0,0.0,0,0.0,0
2012-10-18T09:17:45.500,2315.6,6534,2315.4,7,0.0,0,0.0,0,0.0,0,0.0,0,2315.6,2,0.0,0,0.0,0,0.0,0,0.0,0
2012-10-18T09:17:46.000,2315.4,6543,2315.2,5,0.0,0,0.0,0,0.0,0,0.0,0,2315.4,2,0.0,0,0.0,0,0.0,0,0.0,0
2012-10-18T09:17:46.500,2315.4,6562,2315,123,0.0,0,0.0,0,0.0,0,0.0,0,2315.2,1,0.0,0,0.0,0,0.0,0,0.0,0
2012-10-18T09:17:47.000,2315.2,6573,2315,129,0.0,0,0.0,0,0.0,0,0.0,0,2315.4,2,0.0,0,0.0,0,0.0,0,0.0,0
2012-10-18T09:17:47.500,2315.4,6587,2315.2,36,0.0,0,0.0,0,0.0,0,0.0,0,2315.4,3,0.0,0,0.0,0,0.0,0,0.0,0
2012-10-18T09:17:48.000,2315.6,6598,2315.2,30,0.0,0,0.0,0,0.0,0,0.0,0,2315.6,6,0.0,0,0.0,0,0.0,0,0.0,0
2012-10-18T09:17:48.500,2315.2,6614,2315.2,9,0.0,0,0.0,0,0.0,0,0.0,0,2315.6,6,0.0,0,0.0,0,0.0,0,0.0,0
2012-10-18T09:17:49.000,2315.4,6623,2315.2,7,0.0,0,0.0,0,0.0,0,0.0,0,2315.6,9,0.0,0,0.0,0,0.0,0,0.0,0
2012-10-18T09:17:49.500,2315.2,6640,2315.2,5,0.0,0,0.0,0,0.0,0,0.0,0,2315.6,8,0.0,0,0.0,0,0.0,0,0.0,0
2012-10-18T09:17:50.000,2315,6651,2315,120,0.0,0,0.0,0,0.0,0,0.0,0,2315.2,1,0.0,0,0.0,0,0.0,0,0.0,0
2012-10-18T09:17:50.500,2315,6695,2315,80,0.0,0,0.0,0,0.0,0,0.0,0,2315.2,8,0.0,0,0.0,0,0.0,0,0.0,0
2012-10-18T09:17:51.000,2315.2,6719,2315,70,0.0,0,0.0,0,0.0,0,0.0,0,2315.2,3,0.0,0,0.0,0,0.0,0,0.0,0
2012-10-18T09:17:51.500,2315.2,6723,2315,69,0.0,0,0.0,0,0.0,0,0.0,0,2315.2,3,0.0,0,0.0,0,0.0,0,0.0,0
2012-10-18T09:17:52.000,2315.2,6748,2315.2,23,0.0,0,0.0,0,0.0,0,0.0,0,2316,33,0.0,0,0.0,0,0.0,0,0.0,0
2012-10-18T09:17:52.500,2315.2,6757,2315.2,25,0.0,0,0.0,0,0.0,0,0.0,0,2315.6,6,0.0,0,0.0,0,0.0,0,0.0,0
2012-10-18T09:17:53.000,2315.2,6779,2315,58,0.0,0,0.0,0,0.0,0,0.0,0,2315.4,2,0.0,0,0.0,0,0.0,0,0.0,0
2012-10-18T09:17:53.500,2315.2,6783,2315.2,6,0.0,0,0.0,0,0.0,0,0.0,0,2315.4,1,0.0,0,0.0,0,0.0,0,0.0,0
2012-10-18T09:17:54.000,2315,6797,2315,53,0.0,0,0.0,0,0.0,0,0.0,0,2315.2,3,0.0,0,0.0,0,0.0,0,0.0,0
2012-10-18T09:17:54.500,2315.2,6820,2315,37,0.0,0,0.0,0,0.0,0,0.0,0,2315.2,7,0.0,0,0.0,0,0.0,0,0.0,0
2012-10-18T09:17:55.000,2315,6860,2315,1,0.0,0,0.0,0,0.0,0,0.0,0,2315.2,5,0.0,0,0.0,0,0.0,0,0.0,0
2012-10-18T09:17:55.500,2314.8,6872,2314.6,21,0.0,0,0.0,0,0.0,0,0.0,0,2314.8,3,0.0,0,0.0,0,0.0,0,0.0,0
2012-10-18T09:17:56.000,2315,6887,2314.6,13,0.0,0,0.0,0,0.0,0,0.0,0,2315,26,0.0,0,0.0,0,0.0,0,0.0,0
2012-10-18T09:17:56.500,2315,6894,2314.6,9,0.0,0,0.0,0,0.0,0,0.0,0,2314.8,9,0.0,0,0.0,0,0.0,0,0.0,0
2012-10-18T09:17:57.000,2314.6,6907,2314.6,2,0.0,0,0.0,0,0.0,0,0.0,0,2314.8,4,0.0,0,0.0,0,0.0,0,0.0,0
2012-10-18T09:17:57.500,2315,6931,2314.8,4,0.0,0,0.0,0,0.0,0,0.0,0,2315,2,0.0,0,0.0,0,0.0,0,0.0,0
2012-10-18T09:17:58.000,2314.4,6960,2314.4,6,0.0,0,0.0,0,0.0,0,0.0,0,2314.6,1,0.0,0,0.0,0,0.0,0,0.0,0
2012-10-18T09:17:58.500,2314.8,6969,2314.8,10,0.0,0,0.0,0,0.0,0,0.0,0,2315.2,10,0.0,0,0.0,0,0.0,0,0.0,0
2012-10-18T09:17:59.000,2315.2,6985,2315.2,3,0.0,0,0.0,0,0.0,0,0.0,0,2315.6,10,0.0,0,0.0,0,0.0,0,0.0,0
2012-10-18T09:17:59.500,2315,6999,2315,1,0.0,0,0.0,0,0.0,0,0.0,0,2315.6,8,0.0,0,0.0,0,0.0,0,0.0,0
2012-10-18T09:18:00.000,2315.2,7043,2315.2,10,0.0,0,0.0,0,0.0,0,0.0,0,2315.8,6,0.0,0,0.0,0,0.0,0,0.0,0
2012-10-18T09:18:00.500,2316,7050,2315.2,12,0.0,0,0.0,0,0.0,0,0.0,0,2316,5,0.0,0,0.0,0,0.0,0,0.0,0
2012-10-18T09:18:01.000,2315.6,7055,2315.6,1,0.0,0,0.0,0,0.0,0,0.0,0,2315.8,1,0.0,0,0.0,0,0.0,0,0.0,0
2012-10-18T09:18:01.500,2315.4,7065,2315.4,5,0.0,0,0.0,0,0.0,0,0.0,0,2316,2,0.0,0,0.0,0,0.0,0,0.0,0
2012-10-18T09:18:02.000,2315.2,7075,2315.2,3,0.0,0,0.0,0,0.0,0,0.0,0,2315.8,6,0.0,0,0.0,0,0.0,0,0.0,0
2012-10-18T09:18:02.500,2316,7084,2316,39,0.0,0,0.0,0,0.0,0,0.0,0,2316.2,3,0.0,0,0.0,0,0.0,0,0.0,0
2012-10-18T09:18:03.000,2316,7120,2316,6,0.0,0,0.0,0,0.0,0,0.0,0,2316.2,5,0.0,0,0.0,0,0.0,0,0.0,0
2012-10-18T09:18:03.500,2316,7131,2315.8,13,0.0,0,0.0,0,0.0,0,0.0,0,2316,6,0.0,0,0.0,0,0.0,0,0.0,0
2012-10-18T09:18:04.000,2316,7140,2315.8,15,0.0,0,0.0,0,0.0,0,0.0,0,2316,6,0.0,0,0.0,0,0.0,0,0.0,0
2012-10-18T09:18:04.500,2315.8,7145,2315.8,8,0.0,0,0.0,0,0.0,0,0.0,0,2316,5,0.0,0,0.0,0,0.0,0,0.0,0
2012-10-18T09:18:05.000,2315.8,7157,2315.8,5,0.0,0,0.0,0,0.0,0,0.0,0,2316.2,5,0.0,0,0.0,0,0.0,0,0.0,0
2012-10-18T09:18:05.500,2315.8,7163,2315.6,7,0.0,0,0.0,0,0.0,0,0.0,0,2315.8,9,0.0,0,0.0,0,0.0,0,0.0,0
2012-10-18T09:18:06.000,2316,7175,2315.6,1,0.0,0,0.0,0,0.0,0,0.0,0,2315.8,1,0.0,0,0.0,0,0.0,0,0.0,0
2012-10-18T09:18:06.500,2315.6,7178,2316,1,0.0,0,0.0,0,0.0,0,0.0,0,2316.2,7,0.0,0,0.0,0,0.0,0,0.0,0
2012-10-18T09:18:07.000,2315.6,7181,2315.6,1,0.0,0,0.0,0,0.0,0,0.0,0,2315.8,12,0.0,0,0.0,0,0.0,0,0.0,0
2012-10-18T09:18:07.500,2314.2,7252,2314.4,3,0.0,0,0.0,0,0.0,0,0.0,0,2315.4,2,0.0,0,0.0,0,0.0,0,0.0,0
2012-10-18T09:18:08.000,2315,7265,2314.8,17,0.0,0,0.0,0,0.0,0,0.0,0,2315.2,2,0.0,0,0.0,0,0.0,0,0.0,0
2012-10-18T09:18:08.500,2315.2,7272,2314.8,6,0.0,0,0.0,0,0.0,0,0.0,0,2315.2,5,0.0,0,0.0,0,0.0,0,0.0,0
2012-10-18T09:18:09.000,2315,7277,2315,1,0.0,0,0.0,0,0.0,0,0.0,0,2315.4,8,0.0,0,0.0,0,0.0,0,0.0,0
2012-10-18T09:18:09.500,2315,7279,2314.6,2,0.0,0,0.0,0,0.0,0,0.0,0,2314.8,10,0.0,0,0.0,0,0.0,0,0.0,0
2012-10-18T09:18:10.000,2314.8,7280,2314.6,1,0.0,0,0.0,0,0.0,0,0.0,0,2314.8,16,0.0,0,0.0,0,0.0,0,0.0,0
2012-10-18T09:18:10.500,2314.8,7294,2314.4,5,0.0,0,0.0,0,0.0,0,0.0,0,2314.8,1,0.0,0,0.0,0,0.0,0,0.0,0
2012-10-18T09:18:11.000,2314.8,7299,2314.8,26,0.0,0,0.0,0,0.0,0,0.0,0,2315,7,0.0,0,0.0,0,0.0,0,0.0,0
2012-10-18T09:18:11.500,2314.8,7308,2314.8,23,0.0,0,0.0,0,0.0,0,0.0,0,2315,12,0.0,0,0.0,0,0.0,0,0.0,0
2012-10-18T09:18:12.000,2314.8,7322,2314.8,20,0.0,0,0.0,0,0.0,0,0.0,0,2315,1,0.0,0,0.0,0,0.0,0,0.0,0
2012-10-18T09:18:12.500,2314.8,7331,2314.8,13,0.0,0,0.0,0,0.0,0,0.0,0,2315.2,8,0.0,0,0.0,0,0.0,0,0.0,0
2012-10-18T09:18:13.000,2314.8,7340,2314.8,8,0.0,0,0.0,0,0.0,0,0.0,0,2315.2,1,0.0,0,0.0,0,0.0,0,0.0,0
2012-10-18T09:18:13.500,2315,7342,2314.8,8,0.0,0,0.0,0,0.0,0,0.0,0,2315,7,0.0,0,0.0,0,0.0,0,0.0,0
2012-10-18T09:18:14.000,2315,7346,2314.8,6,0.0,0,0.0,0,0.0,0,0.0,0,2315,5,0.0,0,0.0,0,0.0,0,0.0,0
2012-10-18T09:18:14.500,2314.8,7347,2314.8,11,0.0,0,0.0,0,0.0,0,0.0,0,2315.2,6,0.0,0,0.0,0,0.0,0,0.0,0
2012-10-18T09:18:15.000,2315,7351,2314.8,9,0.0,0,0.0,0,0.0,0,0.0,0,2315,4,0.0,0,0.0,0,0.0,0,0.0,0
2012-10-18T09:18:15.500,2315,7360,2314.8,8,0.0,0,0.0,0,0.0,0,0.0,0,2315,1,0.0,0,0.0,0,0.0,0,0.0,0
2012-10-18T09:18:16.000,2315.2,7366,2315.2,2,0.0,0,0.0,0,0.0,0,0.0,0,2315.4,3,0.0,0,0.0,0,0.0,0,0.0,0
2012-10-18T09:18:16.500,2315.4,7369,2315.2,10,0.0,0,0.0,0,0.0,0,0.0,0,2315.6,29,0.0,0,0.0,0,0.0,0,0.0,0
2012-10-18T09:18:17.250,2315.4,7372,2315.2,2,0.0,0,0.0,0,0.0,0,0.0,0,2315.4,8,0.0,0,0.0,0,0.0,0,0.0,0
2012-10-18T09:18:18.000,2315.6,7379,2315.4,3,0.0,0,0.0,0,0.0,0,0.0,0,2315.6,16,0.0,0,0.0,0,0.0,0,0.0,0
2012-10-18T09:18:18.500,2315.4,7386,2315.4,10,0.0,0,0.0,0,0.0,0,0.0,0,2315.6,12,0.0,0,0.0,0,0.0,0,0.0,0
2012-10-18T09:18:19.000,2315.4,7395,2315.4,23,0.0,0,0.0,0,0.0,0,0.0,0,2315.6,16,0.0,0,0.0,0,0.0,0,0.0,0
2012-10-18T09:18:19.500,2315.4,7397,2315.4,23,0.0,0,0.0,0,0.0,0,0.0,0,2315.6,16,0.0,0,0.0,0,0.0,0,0.0,0
2012-10-18T09:18:20.000,2315.4,7413,2315.4,16,0.0,0,0.0,0,0.0,0,0.0,0,2315.6,17,0.0,0,0.0,0,0.0,0,0.0,0
2012-10-18T09:18:20.500,2315.6,7440,2315.4,6,0.0,0,0.0,0,0.0,0,0.0,0,2315.6,1,0.0,0,0.0,0,0.0,0,0.0,0
2012-10-18T09:18:21.000,2316,7452,2315.6,43,0.0,0,0.0,0,0.0,0,0.0,0,2316,19,0.0,0,0.0,0,0.0,0,0.0,0
2012-10-18T09:18:21.500,2315.6,7454,2315.6,44,0.0,0,0.0,0,0.0,0,0.0,0,2316,19,0.0,0,0.0,0,0.0,0,0.0,0
2012-10-18T09:18:22.000,2315.8,7458,2315.6,45,0.0,0,0.0,0,0.0,0,0.0,0,2315.8,9,0.0,0,0.0,0,0.0,0,0.0,0
2012-10-18T09:18:22.500,2315.8,7461,2315.6,46,0.0,0,0.0,0,0.0,0,0.0,0,2315.8,6,0.0,0,0.0,0,0.0,0,0.0,0
2012-10-18T09:18:23.000,2315.8,7467,2315.8,12,0.0,0,0.0,0,0.0,0,0.0,0,2316,18,0.0,0,0.0,0,0.0,0,0.0,0
2012-10-18T09:18:23.500,2315.8,7469,2315.8,17,0.0,0,0.0,0,0.0,0,0.0,0,2316,19,0.0,0,0.0,0,0.0,0,0.0,0
2012-10-18T09:18:24.000,2316,7478,2315.8,29,0.0,0,0.0,0,0.0,0,0.0,0,2316,10,0.0,0,0.0,0,0.0,0,0.0,0
2012-10-18T09:18:24.500,2316.2,7490,2316.2,1,0.0,0,0.0,0,0.0,0,0.0,0,2316.4,7,0.0,0,0.0,0,0.0,0,0.0,0
2012-10-18T09:18:25.000,2316.2,7496,2316,10,0.0,0,0.0,0,0.0,0,0.0,0,2316.4,6,0.0,0,0.0,0,0.0,0,0.0,0
2012-10-18T09:18:25.500,2316,7510,2315.8,13,0.0,0,0.0,0,0.0,0,0.0,0,2316.2,35,0.0,0,0.0,0,0.0,0,0.0,0
2012-10-18T09:18:26.000,2315.8,7516,2316,1,0.0,0,0.0,0,0.0,0,0.0,0,2316.2,34,0.0,0,0.0,0,0.0,0,0.0,0
2012-10-18T09:18:26.500,2315.8,7524,2315.8,4,0.0,0,0.0,0,0.0,0,0.0,0,2316.2,40,0.0,0,0.0,0,0.0,0,0.0,0
2012-10-18T09:18:27.000,2315.8,7527,2315.8,21,0.0,0,0.0,0,0.0,0,0.0,0,2316,5,0.0,0,0.0,0,0.0,0,0.0,0
2012-10-18T09:18:27.500,2316,7532,2315.8,2,0.0,0,0.0,0,0.0,0,0.0,0,2316,7,0.0,0,0.0,0,0.0,0,0.0,0
2012-10-18T09:18:28.250,2316.2,7537,2315.8,2,0.0,0,0.0,0,0.0,0,0.0,0,2316.2,53,0.0,0,0.0,0,0.0,0,0.0,0
2012-10-18T09:18:29.250,2316,7538,2315.8,2,0.0,0,0.0,0,0.0,0,0.0,0,2316,3,0.0,0,0.0,0,0.0,0,0.0,0
2012-10-18T09:18:30.000,2315.6,7545,2315.6,50,0.0,0,0.0,0,0.0,0,0.0,0,2316,8,0.0,0,0.0,0,0.0,0,0.0,0
2012-10-18T09:18:30.500,2316,7547,2315.6,50,0.0,0,0.0,0,0.0,0,0.0,0,2316,7,0.0,0,0.0,0,0.0,0,0.0,0
2012-10-18T09:18:31.000,2316,7549,2316,2,0.0,0,0.0,0,0.0,0,0.0,0,2316.2,55,0.0,0,0.0,0,0.0,0,0.0,0
2012-10-18T09:18:31.500,2316,7552,2316,11,0.0,0,0.0,0,0.0,0,0.0,0,2316.2,58,0.0,0,0.0,0,0.0,0,0.0,0
2012-10-18T09:18:32.000,2316,7554,2316,10,0.0,0,0.0,0,0.0,0,0.0,0,2316.2,57,0.0,0,0.0,0,0.0,0,0.0,0
2012-10-18T09:18:32.500,2316,7567,2315.8,1,0.0,0,0.0,0,0.0,0,0.0,0,2316.2,61,0.0,0,0.0,0,0.0,0,0.0,0
2012-10-18T09:18:33.000,2316,7570,2315.8,1,0.0,0,0.0,0,0.0,0,0.0,0,2316.2,62,0.0,0,0.0,0,0.0,0,0.0,0
2012-10-18T09:18:33.500,2315.8,7574,2315.6,51,0.0,0,0.0,0,0.0,0,0.0,0,2315.8,1,0.0,0,0.0,0,0.0,0,0.0,0
2012-10-18T09:18:34.000,2315.6,7576,2315.6,51,0.0,0,0.0,0,0.0,0,0.0,0,2315.8,3,0.0,0,0.0,0,0.0,0,0.0,0
2012-10-18T09:18:34.500,2315.8,7577,2315.6,51,0.0,0,0.0,0,0.0,0,0.0,0,2315.8,2,0.0,0,0.0,0,0.0,0,0.0,0
2012-10-18T09:18:35.000,2316,7582,2315.8,24,0.0,0,0.0,0,0.0,0,0.0,0,2316,7,0.0,0,0.0,0,0.0,0,0.0,0
2012-10-18T09:18:35.500,2315.8,7583,2315.8,24,0.0,0,0.0,0,0.0,0,0.0,0,2316,8,0.0,0,0.0,0,0.0,0,0.0,0
2012-10-18T09:18:36.250,2315.8,7585,2315.8,23,0.0,0,0.0,0,0.0,0,0.0,0,2316,8,0.0,0,0.0,0,0.0,0,0.0,0
2012-10-18T09:18:37.000,2316,7596,2315.8,30,0.0,0,0.0,0,0.0,0,0.0,0,2316,4,0.0,0,0.0,0,0.0,0,0.0,0
2012-10-18T09:18:37.500,2315.8,7604,2315.8,28,0.0,0,0.0,0,0.0,0,0.0,0,2316,1,0.0,0,0.0,0,0.0,0,0.0,0
2012-10-18T09:18:38.000,2315.8,7605,2315.8,27,0.0,0,0.0,0,0.0,0,0.0,0,2316,4,0.0,0,0.0,0,0.0,0,0.0,0
2012-10-18T09:18:38.500,2315.8,7606,2315.8,9,0.0,0,0.0,0,0.0,0,0.0,0,2316,4,0.0,0,0.0,0,0.0,0,0.0,0
2012-10-18T09:18:39.000,2315.8,7607,2315.8,9,0.0,0,0.0,0,0.0,0,0.0,0,2316,9,0.0,0,0.0,0,0.0,0,0.0,0
2012-10-18T09:18:39.500,2316,7612,2315.8,4,0.0,0,0.0,0,0.0,0,0.0,0,2316,13,0.0,0,0.0,0,0.0,0,0.0,0
2012-10-18T09:18:40.000,2315.8,7616,2315.6,52,0.0,0,0.0,0,0.0,0,0.0,0,2315.8,7,0.0,0,0.0,0,0.0,0,0.0,0
2012-10-18T09:18:40.500,2315.8,7617,2315.6,52,0.0,0,0.0,0,0.0,0,0.0,0,2315.8,7,0.0,0,0.0,0,0.0,0,0.0,0
2012-10-18T09:18:41.000,2315.8,7618,2315.6,52,0.0,0,0.0,0,0.0,0,0.0,0,2315.8,9,0.0,0,0.0,0,0.0,0,0.0,0
2012-10-18T09:18:41.500,2315.8,7621,2315.6,53,0.0,0,0.0,0,0.0,0,0.0,0,2315.8,6,0.0,0,0.0,0,0.0,0,0.0,0
2012-10-18T09:18:42.000,2315.6,7633,2315.6,41,0.0,0,0.0,0,0.0,0,0.0,0,2315.8,6,0.0,0,0.0,0,0.0,0,0.0,0
2012-10-18T09:18:42.500,2315.8,7641,2315.6,34,0.0,0,0.0,0,0.0,0,0.0,0,2315.8,5,0.0,0,0.0,0,0.0,0,0.0,0
2012-10-18T09:18:43.000,2315.6,7654,2315.6,22,0.0,0,0.0,0,0.0,0,0.0,0,2315.8,4,0.0,0,0.0,0,0.0,0,0.0,0
2012-10-18T09:18:43.500,2315.6,7655,2315.6,21,0.0,0,0.0,0,0.0,0,0.0,0,2315.8,4,0.0,0,0.0,0,0.0,0,0.0,0
2012-10-18T09:18:44.000,2315.8,7656,2315.6,21,0.0,0,0.0,0,0.0,0,0.0,0,2315.8,3,0.0,0,0.0,0,0.0,0,0.0,0
2012-10-18T09:18:44.500,2315.6,7657,2315.6,20,0.0,0,0.0,0,0.0,0,0.0,0,2315.8,3,0.0,0,0.0,0,0.0,0,0.0,0
2012-10-18T09:18:45.250,2315.6,7664,2315.6,14,0.0,0,0.0,0,0.0,0,0.0,0,2315.8,2,0.0,0,0.0,0,0.0,0,0.0,0
2012-10-18T09:18:46.000,2315.6,7665,2315.6,13,0.0,0,0.0,0,0.0,0,0.0,0,2315.8,4,0.0,0,0.0,0,0.0,0,0.0,0
2012-10-18T09:18:46.500,2315.6,7672,2315.6,6,0.0,0,0.0,0,0.0,0,0.0,0,2315.8,5,0.0,0,0.0,0,0.0,0,0.0,0
2012-10-18T09:18:47.250,2315.6,7674,2315.6,6,0.0,0,0.0,0,0.0,0,0.0,0,2315.8,7,0.0,0,0.0,0,0.0,0,0.0,0
2012-10-18T09:18:48.000,2315.6,7680,2315.4,4,0.0,0,0.0,0,0.0,0,0.0,0,2315.6,14,0.0,0,0.0,0,0.0,0,0.0,0
2012-10-18T09:18:48.500,2315.6,7682,2315.4,10,0.0,0,0.0,0,0.0,0,0.0,0,2315.6,13,0.0,0,0.0,0,0.0,0,0.0,0
2012-10-18T09:18:49.000,2315.4,7685,2315.4,7,0.0,0,0.0,0,0.0,0,0.0,0,2315.6,13,0.0,0,0.0,0,0.0,0,0.0,0
2012-10-18T09:18:49.500,2315.6,7695,2315.4,23,0.0,0,0.0,0,0.0,0,0.0,0,2315.6,3,0.0,0,0.0,0,0.0,0,0.0,0
2012-10-18T09:18:50.000,2315.6,7705,2315.6,29,0.0,0,0.0,0,0.0,0,0.0,0,2315.8,4,0.0,0,0.0,0,0.0,0,0.0,0
2012-10-18T09:18:50.500,2315.8,7710,2315.6,2,0.0,0,0.0,0,0.0,0,0.0,0,2316,25,0.0,0,0.0,0,0.0,0,0.0,0
2012-10-18T09:18:51.000,2315.8,7714,2315.8,5,0.0,0,0.0,0,0.0,0,0.0,0,2316,31,0.0,0,0.0,0,0.0,0,0.0,0
2012-10-18T09:18:51.500,2315.8,7720,2315.6,2,0.0,0,0.0,0,0.0,0,0.0,0,2316,31,0.0,0,0.0,0,0.0,0,0.0,0
2012-10-18T09:18:52.000,2315.6,7730,2315.4,11,0.0,0,0.0,0,0.0,0,0.0,0,2316,29,0.0,0,0.0,0,0.0,0,0.0,0
2012-10-18T09:18:52.500,2315.6,7731,2315.4,33,0.0,0,0.0,0,0.0,0,0.0,0,2316,38,0.0,0,0.0,0,0.0,0,0.0,0
2012-10-18T09:18:53.000,2315.6,7736,2315.6,2,0.0,0,0.0,0,0.0,0,0.0,0,2315.8,1,0.0,0,0.0,0,0.0,0,0.0,0
2012-10-18T09:18:53.500,2315.6,7738,2315.6,6,0.0,0,0.0,0,0.0,0,0.0,0,2315.8,2,0.0,0,0.0,0,0.0,0,0.0,0
2012-10-18T09:18:54.250,2316,7741,2315.6,16,0.0,0,0.0,0,0.0,0,0.0,0,2316,31,0.0,0,0.0,0,0.0,0,0.0,0
2012-10-18T09:18:55.250,2316,7747,2315.6,7,0.0,0,0.0,0,0.0,0,0.0,0,2316,27,0.0,0,0.0,0,0.0,0,0.0,0
2012-10-18T09:18:56.000,2316,7751,2315.6,7,0.0,0,0.0,0,0.0,0,0.0,0,2316,33,0.0,0,0.0,0,0.0,0,0.0,0
2012-10-18T09:18:56.500,2315.6,7756,2315.6,2,0.0,0,0.0,0,0.0,0,0.0,0,2316,34,0.0,0,0.0,0,0.0,0,0.0,0
2012-10-18T09:18:57.250,2316,7757,2315.6,2,0.0,0,0.0,0,0.0,0,0.0,0,2316,33,0.0,0,0.0,0,0.0,0,0.0,0
2012-10-18T09:18:58.250,2315.6,7760,2315.4,16,0.0,0,0.0,0,0.0,0,0.0,0,2316,32,0.0,0,0.0,0,0.0,0,0.0,0
2012-10-18T09:18:59.250,2316,7761,2315.4,25,0.0,0,0.0,0,0.0,0,0.0,0,2315.6,1,0.0,0,0.0,0,0.0,0,0.0,0
2012-10-18T09:19:00.000,2316,7765,2315.6,3,0.0,0,0.0,0,0.0,0,0.0,0,2316,22,0.0,0,0.0,0,0.0,0,0.0,0
2012-10-18T09:19:00.500,2315.6,7766,2315.6,6,0.0,0,0.0,0,0.0,0,0.0,0,2316,22,0.0,0,0.0,0,0.0,0,0.0,0
2012-10-18T09:19:01.250,2315.6,7778,2315.8,1,0.0,0,0.0,0,0.0,0,0.0,0,2316,22,0.0,0,0.0,0,0.0,0,0.0,0
2012-10-18T09:19:02.000,2315.6,7782,2315.6,2,0.0,0,0.0,0,0.0,0,0.0,0,2315.8,3,0.0,0,0.0,0,0.0,0,0.0,0
2012-10-18T09:19:02.500,2315.4,7785,2315.4,6,0.0,0,0.0,0,0.0,0,0.0,0,2315.8,8,0.0,0,0.0,0,0.0,0,0.0,0
2012-10-18T09:19:03.000,2315.6,7786,2315.6,1,0.0,0,0.0,0,0.0,0,0.0,0,2315.8,4,0.0,0,0.0,0,0.0,0,0.0,0
2012-10-18T09:19:03.500,2315.8,7787,2315.4,12,0.0,0,0.0,0,0.0,0,0.0,0,2315.8,9,0.0,0,0.0,0,0.0,0,0.0,0
2012-10-18T09:19:04.250,2315.4,7788,2315.4,13,0.0,0,0.0,0,0.0,0,0.0,0,2315.6,8,0.0,0,0.0,0,0.0,0,0.0,0
2012-10-18T09:19:05.000,2315.6,7794,2315.4,13,0.0,0,0.0,0,0.0,0,0.0,0,2315.8,9,0.0,0,0.0,0,0.0,0,0.0,0
2012-10-18T09:19:05.500,2315.6,7797,2315.4,12,0.0,0,0.0,0,0.0,0,0.0,0,2315.8,10,0.0,0,0.0,0,0.0,0,0.0,0
2012-10-18T09:19:06.250,2315.6,7801,2315.6,1,0.0,0,0.0,0,0.0,0,0.0,0,2316,34,0.0,0,0.0,0,0.0,0,0.0,0
2012-10-18T09:19:07.000,2315.6,7803,2315.4,12,0.0,0,0.0,0,0.0,0,0.0,0,2316,42,0.0,0,0.0,0,0.0,0,0.0,0
2012-10-18T09:19:07.500,2315.4,7804,2315.4,32,0.0,0,0.0,0,0.0,0,0.0,0,2315.6,1,0.0,0,0.0,0,0.0,0,0.0,0
2012-10-18T09:19:08.000,2315.6,7805,2315.4,32,0.0,0,0.0,0,0.0,0,0.0,0,2316,42,0.0,0,0.0,0,0.0,0,0.0,0
2012-10-18T09:19:08.500,2315.6,7812,2315.4,11,0.0,0,0.0,0,0.0,0,0.0,0,2315.6,6,0.0,0,0.0,0,0.0,0,0.0,0
2012-10-18T09:19:09.250,2315.4,7816,2315.4,7,0.0,0,0.0,0,0.0,0,0.0,0,2315.6,14,0.0,0,0.0,0,0.0,0,0.0,0
2012-10-18T09:19:10.000,2315.4,7824,2315.4,2,0.0,0,0.0,0,0.0,0,0.0,0,2315.6,14,0.0,0,0.0,0,0.0,0,0.0,0
2012-10-18T09:19:10.500,2315.4,7826,2315.4,1,0.0,0,0.0,0,0.0,0,0.0,0,2315.6,9,0.0,0,0.0,0,0.0,0,0.0,0
2012-10-18T09:19:11.000,2315.4,7828,2315.2,6,0.0,0,0.0,0,0.0,0,0.0,0,2315.4,1,0.0,0,0.0,0,0.0,0,0.0,0
2012-10-18T09:19:11.500,2315.2,7830,2315.2,4,0.0,0,0.0,0,0.0,0,0.0,0,2315.4,3,0.0,0,0.0,0,0.0,0,0.0,0
2012-10-18T09:19:12.000,2315.2,7831,2315.2,3,0.0,0,0.0,0,0.0,0,0.0,0,2315.4,12,0.0,0,0.0,0,0.0,0,0.0,0
2012-10-18T09:19:12.500,2315,7836,2315,32,0.0,0,0.0,0,0.0,0,0.0,0,2315.2,8,0.0,0,0.0,0,0.0,0,0.0,0
2012-10-18T09:19:13.000,2315,7838,2315,30,0.0,0,0.0,0,0.0,0,0.0,0,2315.2,16,0.0,0,0.0,0,0.0,0,0.0,0
2012-10-18T09:19:13.500,2315,7847,2315,23,0.0,0,0.0,0,0.0,0,0.0,0,2315.2,16,0.0,0,0.0,0,0.0,0,0.0,0
2012-10-18T09:19:14.000,2315.2,7854,2315,17,0.0,0,0.0,0,0.0,0,0.0,0,2315.2,8,0.0,0,0.0,0,0.0,0,0.0,0
2012-10-18T09:19:14.500,2315.2,7869,2315,6,0.0,0,0.0,0,0.0,0,0.0,0,2315.2,8,0.0,0,0.0,0,0.0,0,0.0,0
2012-10-18T09:19:15.000,2315,7875,2314.8,43,0.0,0,0.0,0,0.0,0,0.0,0,2315,2,0.0,0,0.0,0,0.0,0,0.0,0
2012-10-18T09:19:15.500,2315.2,7880,2314.8,43,0.0,0,0.0,0,0.0,0,0.0,0,2315,10,0.0,0,0.0,0,0.0,0,0.0,0
2012-10-18T09:19:16.000,2314.8,7881,2314.8,42,0.0,0,0.0,0,0.0,0,0.0,0,2315,17,0.0,0,0.0,0,0.0,0,0.0,0
2012-10-18T09:19:16.500,2314.8,7886,2314.8,38,0.0,0,0.0,0,0.0,0,0.0,0,2315,16,0.0,0,0.0,0,0.0,0,0.0,0
2012-10-18T09:19:17.000,2315,7890,2314.8,35,0.0,0,0.0,0,0.0,0,0.0,0,2315,16,0.0,0,0.0,0,0.0,0,0.0,0
2012-10-18T09:19:17.500,2314.8,7894,2314.8,31,0.0,0,0.0,0,0.0,0,0.0,0,2315,16,0.0,0,0.0,0,0.0,0,0.0,0
2012-10-18T09:19:18.000,2314.8,7896,2314.8,30,0.0,0,0.0,0,0.0,0,0.0,0,2315,11,0.0,0,0.0,0,0.0,0,0.0,0
2012-10-18T09:19:18.500,2314.8,7926,2314.6,7,0.0,0,0.0,0,0.0,0,0.0,0,2314.8,1,0.0,0,0.0,0,0.0,0,0.0,0
2012-10-18T09:19:19.000,2314.6,7928,2314.8,1,0.0,0,0.0,0,0.0,0,0.0,0,2315,9,0.0,0,0.0,0,0.0,0,0.0,0
2012-10-18T09:19:19.500,2314.6,7931,2314.6,4,0.0,0,0.0,0,0.0,0,0.0,0,2314.8,6,0.0,0,0.0,0,0.0,0,0.0,0
2012-10-18T09:19:20.000,2314.8,7941,2314.8,16,0.0,0,0.0,0,0.0,0,0.0,0,2315,8,0.0,0,0.0,0,0.0,0,0.0,0
2012-10-18T09:19:20.500,2315,7944,2314.8,4,0.0,0,0.0,0,0.0,0,0.0,0,2315,5,0.0,0,0.0,0,0.0,0,0.0,0
2012-10-18T09:19:21.000,2314.6,7948,2314.6,3,0.0,0,0.0,0,0.0,0,0.0,0,2315,4,0.0,0,0.0,0,0.0,0,0.0,0
2012-10-18T09:19:21.500,2314.8,7955,2314.6,20,0.0,0,0.0,0,0.0,0,0.0,0,2314.8,1,0.0,0,0.0,0,0.0,0,0.0,0
2012-10-18T09:19:22.000,2314.6,7972,2314.6,10,0.0,0,0.0,0,0.0,0,0.0,0,2314.8,11,0.0,0,0.0,0,0.0,0,0.0,0
2012-10-18T09:19:22.500,2314.8,7983,2314.4,5,0.0,0,0.0,0,0.0,0,0.0,0,2314.8,6,0.0,0,0.0,0,0.0,0,0.0,0
2012-10-18T09:19:23.000,2314.8,7985,2314.4,20,0.0,0,0.0,0,0.0,0,0.0,0,2314.6,2,0.0,0,0.0,0,0.0,0,0.0,0
2012-10-18T09:19:23.500,2314.6,7988,2314.6,25,0.0,0,0.0,0,0.0,0,0.0,0,2314.8,8,0.0,0,0.0,0,0.0,0,0.0,0
2012-10-18T09:19:24.250,2314.8,7991,2314.6,24,0.0,0,0.0,0,0.0,0,0.0,0,2314.8,6,0.0,0,0.0,0,0.0,0,0.0,0
2012-10-18T09:19:25.000,2314.6,8002,2314.6,16,0.0,0,0.0,0,0.0,0,0.0,0,2314.8,13,0.0,0,0.0,0,0.0,0,0.0,0
2012-10-18T09:19:25.500,2314.6,8003,2314.6,15,0.0,0,0.0,0,0.0,0,0.0,0,2314.8,13,0.0,0,0.0,0,0.0,0,0.0,0
2012-10-18T09:19:26.000,2314.6,8020,2314.4,5,0.0,0,0.0,0,0.0,0,0.0,0,2314.6,14,0.0,0,0.0,0,0.0,0,0.0,0
2012-10-18T09:19:26.500,2314.4,8025,2314.2,11,0.0,0,0.0,0,0.0,0,0.0,0,2314.6,9,0.0,0,0.0,0,0.0,0,0.0,0
2012-10-18T09:19:27.000,2314.2,8026,2314.2,10,0.0,0,0.0,0,0.0,0,0.0,0,2314.4,13,0.0,0,0.0,0,0.0,0,0.0,0
2012-10-18T09:19:27.500,2314.2,8035,2314.2,1,0.0,0,0.0,0,0.0,0,0.0,0,2314.4,13,0.0,0,0.0,0,0.0,0,0.0,0
2012-10-18T09:19:28.000,2314,8041,2314,27,0.0,0,0.0,0,0.0,0,0.0,0,2314.2,1,0.0,0,0.0,0,0.0,0,0.0,0
2012-10-18T09:19:28.500,2314,8067,2313.8,21,0.0,0,0.0,0,0.0,0,0.0,0,2314,5,0.0,0,0.0,0,0.0,0,0.0,0
2012-10-18T09:19:29.000,2313.8,8090,2313.6,14,0.0,0,0.0,0,0.0,0,0.0,0,2313.8,1,0.0,0,0.0,0,0.0,0,0.0,0
2012-10-18T09:19:29.500,2313.8,8094,2313.6,19,0.0,0,0.0,0,0.0,0,0.0,0,2314,3,0.0,0,0.0,0,0.0,0,0.0,0
2012-10-18T09:19:30.000,2313.8,8102,2314,2,0.0,0,0.0,0,0.0,0,0.0,0,2314.2,19,0.0,0,0.0,0,0.0,0,0.0,0
2012-10-18T09:19:30.500,2313.8,8104,2313.8,21,0.0,0,0.0,0,0.0,0,0.0,0,2314,8,0.0,0,0.0,0,0.0,0,0.0,0
2012-10-18T09:19:31.000,2314.2,8126,2314,39,0.0,0,0.0,0,0.0,0,0.0,0,2314.2,19,0.0,0,0.0,0,0.0,0,0.0,0
2012-10-18T09:19:31.500,2314.2,8136,2314,9,0.0,0,0.0,0,0.0,0,0.0,0,2314.2,10,0.0,0,0.0,0,0.0,0,0.0,0
2012-10-18T09:19:32.000,2314.2,8147,2313.8,23,0.0,0,0.0,0,0.0,0,0.0,0,2314.2,15,0.0,0,0.0,0,0.0,0,0.0,0
2012-10-18T09:19:32.500,2314.2,8152,2313.8,21,0.0,0,0.0,0,0.0,0,0.0,0,2314.2,8,0.0,0,0.0,0,0.0,0,0.0,0
2012-10-18T09:19:33.000,2314,8156,2313.8,21,0.0,0,0.0,0,0.0,0,0.0,0,2314,1,0.0,0,0.0,0,0.0,0,0.0,0
2012-10-18T09:19:33.500,2313.8,8161,2313.8,24,0.0,0,0.0,0,0.0,0,0.0,0,2314.2,8,0.0,0,0.0,0,0.0,0,0.0,0
2012-10-18T09:19:34.000,2314.2,8172,2313.8,14,0.0,0,0.0,0,0.0,0,0.0,0,2314.2,10,0.0,0,0.0,0,0.0,0,0.0,0
2012-10-18T09:19:34.500,2314,8183,2313.8,14,0.0,0,0.0,0,0.0,0,0.0,0,2314,2,0.0,0,0.0,0,0.0,0,0.0,0
2012-10-18T09:19:35.000,2314,8187,2313.8,12,0.0,0,0.0,0,0.0,0,0.0,0,2314.2,9,0.0,0,0.0,0,0.0,0,0.0,0
2012-10-18T09:19:35.500,2314,8226,2314,9,0.0,0,0.0,0,0.0,0,0.0,0,2314.2,18,0.0,0,0.0,0,0.0,0,0.0,0
2012-10-18T09:19:36.000,2314,8235,2313.8,1,0.0,0,0.0,0,0.0,0,0.0,0,2314,3,0.0,0,0.0,0,0.0,0,0.0,0
2012-10-18T09:19:36.500,2313.6,8241,2313.6,1,0.0,0,0.0,0,0.0,0,0.0,0,2314,13,0.0,0,0.0,0,0.0,0,0.0,0
2012-10-18T09:19:37.000,2313.8,8252,2313.6,1,0.0,0,0.0,0,0.0,0,0.0,0,2313.8,56,0.0,0,0.0,0,0.0,0,0.0,0
2012-10-18T09:19:37.500,2313.8,8254,2313.4,4,0.0,0,0.0,0,0.0,0,0.0,0,2313.6,7,0.0,0,0.0,0,0.0,0,0.0,0
2012-10-18T09:19:38.000,2313.2,8261,2313.2,10,0.0,0,0.0,0,0.0,0,0.0,0,2313.4,1,0.0,0,0.0,0,0.0,0,0.0,0
2012-10-18T09:19:38.500,2313.6,8265,2313.2,3,0.0,0,0.0,0,0.0,0,0.0,0,2313.4,2,0.0,0,0.0,0,0.0,0,0.0,0
2012-10-18T09:19:39.000,2313.4,8271,2313,29,0.0,0,0.0,0,0.0,0,0.0,0,2313.6,13,0.0,0,0.0,0,0.0,0,0.0,0
2012-10-18T09:19:39.500,2313,8273,2313.2,3,0.0,0,0.0,0,0.0,0,0.0,0,2313.4,14,0.0,0,0.0,0,0.0,0,0.0,0
2012-10-18T09:19:40.000,2313.4,8276,2313.2,3,0.0,0,0.0,0,0.0,0,0.0,0,2313.4,13,0.0,0,0.0,0,0.0,0,0.0,0
2012-10-18T09:19:40.500,2313,8289,2313,22,0.0,0,0.0,0,0.0,0,0.0,0,2313.2,8,0.0,0,0.0,0,0.0,0,0.0,0
2012-10-18T09:19:41.000,2313.2,8290,2313,22,0.0,0,0.0,0,0.0,0,0.0,0,2313.2,13,0.0,0,0.0,0,0.0,0,0.0,0
2012-10-18T09:19:41.500,2313.2,8306,2313,8,0.0,0,0.0,0,0.0,0,0.0,0,2313.2,20,0.0,0,0.0,0,0.0,0,0.0,0
2012-10-18T09:19:42.000,2313,8309,2313,12,0.0,0,0.0,0,0.0,0,0.0,0,2313.2,13,0.0,0,0.0,0,0.0,0,0.0,0
2012-10-18T09:19:42.500,2313.2,8313,2313,3,0.0,0,0.0,0,0.0,0,0.0,0,2313.2,15,0.0,0,0.0,0,0.0,0,0.0,0
2012-10-18T09:19:43.000,2313,8325,2312.8,6,0.0,0,0.0,0,0.0,0,0.0,0,2313,9,0.0,0,0.0,0,0.0,0,0.0,0
2012-10-18T09:19:43.500,2312.8,8332,2312.8,2,0.0,0,0.0,0,0.0,0,0.0,0,2313,22,0.0,0,0.0,0,0.0,0,0.0,0
2012-10-18T09:19:44.000,2312.6,8340,2312.4,7,0.0,0,0.0,0,0.0,0,0.0,0,2312.6,1,0.0,0,0.0,0,0.0,0,0.0,0
2012-10-18T09:19:44.500,2312.4,8348,2312.4,8,0.0,0,0.0,0,0.0,0,0.0,0,2312.8,6,0.0,0,0.0,0,0.0,0,0.0,0
2012-10-18T09:19:45.000,2312.8,8359,2312.4,8,0.0,0,0.0,0,0.0,0,0.0,0,2312.8,7,0.0,0,0.0,0,0.0,0,0.0,0
2012-10-18T09:19:45.500,2312.4,8367,2312.6,25,0.0,0,0.0,0,0.0,0,0.0,0,2312.8,5,0.0,0,0.0,0,0.0,0,0.0,0
2012-10-18T09:19:46.000,2312.8,8373,2312.6,1,0.0,0,0.0,0,0.0,0,0.0,0,2312.8,1,0.0,0,0.0,0,0.0,0,0.0,0
2012-10-18T09:19:46.500,2312.4,8379,2312.8,1,0.0,0,0.0,0,0.0,0,0.0,0,2313,13,0.0,0,0.0,0,0.0,0,0.0,0
2012-10-18T09:19:47.000,2313,8381,2312.8,5,0.0,0,0.0,0,0.0,0,0.0,0,2313,13,0.0,0,0.0,0,0.0,0,0.0,0
2012-10-18T09:19:47.500,2312.6,8395,2312.6,6,0.0,0,0.0,0,0.0,0,0.0,0,2313,8,0.0,0,0.0,0,0.0,0,0.0,0
2012-10-18T09:19:48.000,2313,8399,2312.6,8,0.0,0,0.0,0,0.0,0,0.0,0,2312.8,1,0.0,0,0.0,0,0.0,0,0.0,0
2012-10-18T09:19:48.500,2313,8401,2312.8,2,0.0,0,0.0,0,0.0,0,0.0,0,2313,14,0.0,0,0.0,0,0.0,0,0.0,0
2012-10-18T09:19:49.000,2312.8,8405,2312.8,3,0.0,0,0.0,0,0.0,0,0.0,0,2313,13,0.0,0,0.0,0,0.0,0,0.0,0
2012-10-18T09:19:49.500,2312.8,8415,2312.6,3,0.0,0,0.0,0,0.0,0,0.0,0,2313,13,0.0,0,0.0,0,0.0,0,0.0,0
2012-10-18T09:19:50.000,2313,8423,2312.6,19,0.0,0,0.0,0,0.0,0,0.0,0,2313,2,0.0,0,0.0,0,0.0,0,0.0,0
2012-10-18T09:19:50.500,2313,8424,2312.6,19,0.0,0,0.0,0,0.0,0,0.0,0,2313,2,0.0,0,0.0,0,0.0,0,0.0,0
2012-10-18T09:19:51.000,2313,8428,2313,4,0.0,0,0.0,0,0.0,0,0.0,0,2313.2,14,0.0,0,0.0,0,0.0,0,0.0,0
2012-10-18T09:19:51.500,2312.8,8431,2312.8,22,0.0,0,0.0,0,0.0,0,0.0,0,2313,1,0.0,0,0.0,0,0.0,0,0.0,0
2012-10-18T09:19:52.000,2313.2,8448,2313.2,4,0.0,0,0.0,0,0.0,0,0.0,0,2313.4,9,0.0,0,0.0,0,0.0,0,0.0,0
2012-10-18T09:19:52.500,2313.4,8457,2313.4,9,0.0,0,0.0,0,0.0,0,0.0,0,2313.6,9,0.0,0,0.0,0,0.0,0,0.0,0
2012-10-18T09:19:53.000,2313.4,8466,2313.4,3,0.0,0,0.0,0,0.0,0,0.0,0,2313.6,6,0.0,0,0.0,0,0.0,0,0.0,0
2012-10-18T09:19:53.500,2312.8,8515,2312.6,17,0.0,0,0.0,0,0.0,0,0.0,0,2312.8,12,0.0,0,0.0,0,0.0,0,0.0,0
2012-10-18T09:19:54.000,2313.2,8534,2312.8,35,0.0,0,0.0,0,0.0,0,0.0,0,2313.2,5,0.0,0,0.0,0,0.0,0,0.0,0
2012-10-18T09:19:54.500,2313,8548,2312.8,11,0.0,0,0.0,0,0.0,0,0.0,0,2313,1,0.0,0,0.0,0,0.0,0,0.0,0
2012-10-18T09:19:55.000,2313.2,8553,2313.2,1,0.0,0,0.0,0,0.0,0,0.0,0,2313.4,13,0.0,0,0.0,0,0.0,0,0.0,0
2012-10-18T09:19:55.500,2313,8559,2313,15,0.0,0,0.0,0,0.0,0,0.0,0,2313.4,10,0.0,0,0.0,0,0.0,0,0.0,0
2012-10-18T09:19:56.000,2313.2,8562,2313.2,2,0.0,0,0.0,0,0.0,0,0.0,0,2313.4,9,0.0,0,0.0,0,0.0,0,0.0,0
2012-10-18T09:19:56.500,2313,8565,2313,20,0.0,0,0.0,0,0.0,0,0.0,0,2313.4,9,0.0,0,0.0,0,0.0,0,0.0,0
2012-10-18T09:19:57.000,2313.4,8566,2313,20,0.0,0,0.0,0,0.0,0,0.0,0,2313.4,8,0.0,0,0.0,0,0.0,0,0.0,0
2012-10-18T09:19:57.500,2313.2,8575,2313,34,0.0,0,0.0,0,0.0,0,0.0,0,2313.2,4,0.0,0,0.0,0,0.0,0,0.0,0
2012-10-18T09:19:58.000,2313.2,8581,2313.2,1,0.0,0,0.0,0,0.0,0,0.0,0,2313.4,16,0.0,0,0.0,0,0.0,0,0.0,0
2012-10-18T09:19:58.500,2313.4,8582,2313.2,2,0.0,0,0.0,0,0.0,0,0.0,0,2313.4,15,0.0,0,0.0,0,0.0,0,0.0,0
2012-10-18T09:19:59.000,2313.4,8584,2313.2,2,0.0,0,0.0,0,0.0,0,0.0,0,2313.4,21,0.0,0,0.0,0,0.0,0,0.0,0
2012-10-18T09:19:59.500,2313.2,8588,2313.2,2,0.0,0,0.0,0,0.0,0,0.0,0,2313.4,21,0.0,0,0.0,0,0.0,0,0.0,0
2012-10-18T09:20:00.000,2313.4,8605,2313.4,21,0.0,0,0.0,0,0.0,0,0.0,0,2313.6,4,0.0,0,0.0,0,0.0,0,0.0,0
2012-10-18T09:20:00.500,2313.8,8631,2313.4,3,0.0,0,0.0,0,0.0,0,0.0,0,2314,4,0.0,0,0.0,0,0.0,0,0.0,0
2012-10-18T09:20:01.000,2314,8644,2313.4,7,0.0,0,0.0,0,0.0,0,0.0,0,2314,3,0.0,0,0.0,0,0.0,0,0.0,0
2012-10-18T09:20:01.500,2313.4,8653,2313.2,6,0.0,0,0.0,0,0.0,0,0.0,0,2313.4,2,0.0,0,0.0,0,0.0,0,0.0,0
2012-10-18T09:20:02.000,2314,8664,2313.4,26,0.0,0,0.0,0,0.0,0,0.0,0,2314,7,0.0,0,0.0,0,0.0,0,0.0,0
2012-10-18T09:20:02.500,2313.6,8702,2313.4,4,0.0,0,0.0,0,0.0,0,0.0,0,2313.6,1,0.0,0,0.0,0,0.0,0,0.0,0
2012-10-18T09:20:03.000,2313.2,8717,2313,18,0.0,0,0.0,0,0.0,0,0.0,0,2313.2,2,0.0,0,0.0,0,0.0,0,0.0,0
2012-10-18T09:20:03.500,2313.6,8730,2313.2,7,0.0,0,0.0,0,0.0,0,0.0,0,2313.6,1,0.0,0,0.0,0,0.0,0,0.0,0
2012-10-18T09:20:04.000,2313.2,8736,2313.4,2,0.0,0,0.0,0,0.0,0,0.0,0,2313.6,8,0.0,0,0.0,0,0.0,0,0.0,0
2012-10-18T09:20:04.500,2313.4,8743,2313.2,7,0.0,0,0.0,0,0.0,0,0.0,0,2313.4,6,0.0,0,0.0,0,0.0,0,0.0,0
2012-10-18T09:20:05.000,2313.4,8746,2313.2,7,0.0,0,0.0,0,0.0,0,0.0,0,2313.4,1,0.0,0,0.0,0,0.0,0,0.0,0
2012-10-18T09:20:05.500,2313.4,8748,2313.2,49,0.0,0,0.0,0,0.0,0,0.0,0,2313.4,1,0.0,0,0.0,0,0.0,0,0.0,0
2012-10-18T09:20:06.000,2313.2,8752,2313.2,45,0.0,0,0.0,0,0.0,0,0.0,0,2313.4,4,0.0,0,0.0,0,0.0,0,0.0,0
2012-10-18T09:20:06.500,2313.2,8756,2313.2,47,0.0,0,0.0,0,0.0,0,0.0,0,2313.4,2,0.0,0,0.0,0,0.0,0,0.0,0
2012-10-18T09:20:07.000,2313.2,8770,2313.2,29,0.0,0,0.0,0,0.0,0,0.0,0,2313.4,2,0.0,0,0.0,0,0.0,0,0.0,0
2012-10-18T09:20:07.500,2313.2,8776,2313.4,1,0.0,0,0.0,0,0.0,0,0.0,0,2313.6,8,0.0,0,0.0,0,0.0,0,0.0,0
2012-10-18T09:20:08.000,2313.4,8780,2313.2,25,0.0,0,0.0,0,0.0,0,0.0,0,2313.4,2,0.0,0,0.0,0,0.0,0,0.0,0
2012-10-18T09:20:08.500,2313.2,8785,2313.2,23,0.0,0,0.0,0,0.0,0,0.0,0,2313.4,18,0.0,0,0.0,0,0.0,0,0.0,0
2012-10-18T09:20:09.000,2313.4,8800,2313.2,24,0.0,0,0.0,0,0.0,0,0.0,0,2313.4,6,0.0,0,0.0,0,0.0,0,0.0,0
2012-10-18T09:20:09.500,2313.2,8826,2313,10,0.0,0,0.0,0,0.0,0,0.0,0,2313.2,7,0.0,0,0.0,0,0.0,0,0.0,0
2012-10-18T09:20:10.000,2313.2,8830,2313,9,0.0,0,0.0,0,0.0,0,0.0,0,2313.2,6,0.0,0,0.0,0,0.0,0,0.0,0
2012-10-18T09:20:10.500,2313,8835,2313,10,0.0,0,0.0,0,0.0,0,0.0,0,2313.2,3,0.0,0,0.0,0,0.0,0,0.0,0
2012-10-18T09:20:11.250,2313.2,8846,2312.8,14,0.0,0,0.0,0,0.0,0,0.0,0,2313.4,7,0.0,0,0.0,0,0.0,0,0.0,0
2012-10-18T09:20:12.000,2312.8,8853,2312.8,13,0.0,0,0.0,0,0.0,0,0.0,0,2313.4,6,0.0,0,0.0,0,0.0,0,0.0,0
2012-10-18T09:20:12.500,2312.8,8854,2313,1,0.0,0,0.0,0,0.0,0,0.0,0,2313.4,7,0.0,0,0.0,0,0.0,0,0.0,0
2012-10-18T09:20:13.000,2313,8860,2313,6,0.0,0,0.0,0,0.0,0,0.0,0,2313.2,1,0.0,0,0.0,0,0.0,0,0.0,0
2012-10-18T09:20:13.500,2313,8861,2313,5,0.0,0,0.0,0,0.0,0,0.0,0,2313.2,1,0.0,0,0.0,0,0.0,0,0.0,0
2012-10-18T09:20:14.000,2313.4,8864,2313,7,0.0,0,0.0,0,0.0,0,0.0,0,2313.2,1,0.0,0,0.0,0,0.0,0,0.0,0
2012-10-18T09:20:14.500,2313.4,8866,2313.2,7,0.0,0,0.0,0,0.0,0,0.0,0,2313.4,3,0.0,0,0.0,0,0.0,0,0.0,0
2012-10-18T09:20:15.000,2313.2,8870,2313,11,0.0,0,0.0,0,0.0,0,0.0,0,2313.4,4,0.0,0,0.0,0,0.0,0,0.0,0
2012-10-18T09:20:15.500,2313,8873,2313.2,3,0.0,0,0.0,0,0.0,0,0.0,0,2313.4,4,0.0,0,0.0,0,0.0,0,0.0,0
2012-10-18T09:20:16.250,2313.2,8876,2313,4,0.0,0,0.0,0,0.0,0,0.0,0,2313.4,10,0.0,0,0.0,0,0.0,0,0.0,0
2012-10-18T09:20:17.250,2313,8882,2313,12,0.0,0,0.0,0,0.0,0,0.0,0,2313.4,3,0.0,0,0.0,0,0.0,0,0.0,0
2012-10-18T09:20:18.000,2313.4,8884,2313,12,0.0,0,0.0,0,0.0,0,0.0,0,2313.4,4,0.0,0,0.0,0,0.0,0,0.0,0
2012-10-18T09:20:18.500,2313,8885,2313,12,0.0,0,0.0,0,0.0,0,0.0,0,2313.2,4,0.0,0,0.0,0,0.0,0,0.0,0
2012-10-18T09:20:19.000,2313,8886,2313,11,0.0,0,0.0,0,0.0,0,0.0,0,2313.2,4,0.0,0,0.0,0,0.0,0,0.0,0
2012-10-18T09:20:19.500,2313,8899,2312.8,18,0.0,0,0.0,0,0.0,0,0.0,0,2313,65,0.0,0,0.0,0,0.0,0,0.0,0
2012-10-18T09:20:20.000,2312.8,8902,2312.8,11,0.0,0,0.0,0,0.0,0,0.0,0,2313,62,0.0,0,0.0,0,0.0,0,0.0,0
2012-10-18T09:20:20.500,2312.8,8907,2312.8,10,0.0,0,0.0,0,0.0,0,0.0,0,2313,58,0.0,0,0.0,0,0.0,0,0.0,0
2012-10-18T09:20:21.000,2312.8,8918,2312.6,11,0.0,0,0.0,0,0.0,0,0.0,0,2312.8,4,0.0,0,0.0,0,0.0,0,0.0,0
2012-10-18T09:20:21.500,2312.8,8920,2312.6,11,0.0,0,0.0,0,0.0,0,0.0,0,2312.8,2,0.0,0,0.0,0,0.0,0,0.0,0
2012-10-18T09:20:22.000,2313,8925,2312.6,10,0.0,0,0.0,0,0.0,0,0.0,0,2313,64,0.0,0,0.0,0,0.0,0,0.0,0
2012-10-18T09:20:22.500,2312.8,8935,2312.6,9,0.0,0,0.0,0,0.0,0,0.0,0,2313,60,0.0,0,0.0,0,0.0,0,0.0,0
2012-10-18T09:20:23.000,2313,8940,2312.6,8,0.0,0,0.0,0,0.0,0,0.0,0,2313,57,0.0,0,0.0,0,0.0,0,0.0,0
2012-10-18T09:20:23.500,2313,8945,2312.6,8,0.0,0,0.0,0,0.0,0,0.0,0,2313,36,0.0,0,0.0,0,0.0,0,0.0,0
2012-10-18T09:20:24.000,2312.6,8946,2312.6,10,0.0,0,0.0,0,0.0,0,0.0,0,2313,50,0.0,0,0.0,0,0.0,0,0.0,0
2012-10-18T09:20:24.500,2312.6,8956,2312.8,2,0.0,0,0.0,0,0.0,0,0.0,0,2313,34,0.0,0,0.0,0,0.0,0,0.0,0
2012-10-18T09:20:25.000,2313,8961,2312.8,4,0.0,0,0.0,0,0.0,0,0.0,0,2313,29,0.0,0,0.0,0,0.0,0,0.0,0
2012-10-18T09:20:25.500,2312.8,8965,2312.8,2,0.0,0,0.0,0,0.0,0,0.0,0,2313,34,0.0,0,0.0,0,0.0,0,0.0,0
2012-10-18T09:20:26.000,2312.8,8976,2312.8,6,0.0,0,0.0,0,0.0,0,0.0,0,2313,28,0.0,0,0.0,0,0.0,0,0.0,0
2012-10-18T09:20:26.500,2313,8984,2312.8,2,0.0,0,0.0,0,0.0,0,0.0,0,2313,24,0.0,0,0.0,0,0.0,0,0.0,0
2012-10-18T09:20:27.000,2312.8,8988,2312.6,8,0.0,0,0.0,0,0.0,0,0.0,0,2312.8,9,0.0,0,0.0,0,0.0,0,0.0,0
2012-10-18T09:20:27.500,2312.8,8997,2312.8,28,0.0,0,0.0,0,0.0,0,0.0,0,2313,24,0.0,0,0.0,0,0.0,0,0.0,0
2012-10-18T09:20:28.000,2313,9010,2312.6,22,0.0,0,0.0,0,0.0,0,0.0,0,2312.8,1,0.0,0,0.0,0,0.0,0,0.0,0
2012-10-18T09:20:28.500,2312.8,9012,2312.8,15,0.0,0,0.0,0,0.0,0,0.0,0,2313,27,0.0,0,0.0,0,0.0,0,0.0,0
2012-10-18T09:20:29.000,2313,9042,2312.8,11,0.0,0,0.0,0,0.0,0,0.0,0,2313,1,0.0,0,0.0,0,0.0,0,0.0,0
2012-10-18T09:20:29.500,2313.2,9046,2313,3,0.0,0,0.0,0,0.0,0,0.0,0,2313.2,20,0.0,0,0.0,0,0.0,0,0.0,0
2012-10-18T09:20:30.000,2313,9047,2313,1,0.0,0,0.0,0,0.0,0,0.0,0,2313.2,20,0.0,0,0.0,0,0.0,0,0.0,0
2012-10-18T09:20:30.500,2313.2,9049,2313,4,0.0,0,0.0,0,0.0,0,0.0,0,2313.2,20,0.0,0,0.0,0,0.0,0,0.0,0
2012-10-18T09:20:31.000,2313,9052,2313,1,0.0,0,0.0,0,0.0,0,0.0,0,2313.2,20,0.0,0,0.0,0,0.0,0,0.0,0
2012-10-18T09:20:31.500,2313.2,9054,2312.8,21,0.0,0,0.0,0,0.0,0,0.0,0,2313.2,19,0.0,0,0.0,0,0.0,0,0.0,0
2012-10-18T09:20:32.250,2313,9056,2313,6,0.0,0,0.0,0,0.0,0,0.0,0,2313.2,18,0.0,0,0.0,0,0.0,0,0.0,0
2012-10-18T09:20:33.000,2313.2,9059,2313,6,0.0,0,0.0,0,0.0,0,0.0,0,2313.2,15,0.0,0,0.0,0,0.0,0,0.0,0
2012-10-18T09:20:33.500,2313,9066,2313,24,0.0,0,0.0,0,0.0,0,0.0,0,2313.2,10,0.0,0,0.0,0,0.0,0,0.0,0
2012-10-18T09:20:34.000,2313.2,9070,2313,24,0.0,0,0.0,0,0.0,0,0.0,0,2313.2,3,0.0,0,0.0,0,0.0,0,0.0,0
2012-10-18T09:20:34.500,2313.2,9073,2313.2,16,0.0,0,0.0,0,0.0,0,0.0,0,2313.4,7,0.0,0,0.0,0,0.0,0,0.0,0
2012-10-18T09:20:35.250,2313.4,9082,2313.2,7,0.0,0,0.0,0,0.0,0,0.0,0,2313.4,5,0.0,0,0.0,0,0.0,0,0.0,0
2012-10-18T09:20:36.000,2313.4,9085,2313.2,5,0.0,0,0.0,0,0.0,0,0.0,0,2313.4,4,0.0,0,0.0,0,0.0,0,0.0,0
2012-10-18T09:20:36.500,2313.2,9089,2313.2,2,0.0,0,0.0,0,0.0,0,0.0,0,2313.4,2,0.0,0,0.0,0,0.0,0,0.0,0
2012-10-18T09:20:37.000,2313.4,9090,2313.2,2,0.0,0,0.0,0,0.0,0,0.0,0,2313.4,1,0.0,0,0.0,0,0.0,0,0.0,0
2012-10-18T09:20:37.500,2313.2,9093,2313.4,3,0.0,0,0.0,0,0.0,0,0.0,0,2313.6,13,0.0,0,0.0,0,0.0,0,0.0,0
2012-10-18T09:20:38.000,2313.2,9097,2313.2,3,0.0,0,0.0,0,0.0,0,0.0,0,2313.4,15,0.0,0,0.0,0,0.0,0,0.0,0
2012-10-18T09:20:38.500,2313.2,9104,2313,32,0.0,0,0.0,0,0.0,0,0.0,0,2313.2,38,0.0,0,0.0,0,0.0,0,0.0,0
2012-10-18T09:20:39.000,2313.2,9108,2313,31,0.0,0,0.0,0,0.0,0,0.0,0,2313.2,36,0.0,0,0.0,0,0.0,0,0.0,0
2012-10-18T09:20:39.500,2313.2,9109,2313,30,0.0,0,0.0,0,0.0,0,0.0,0,2313.2,35,0.0,0,0.0,0,0.0,0,0.0,0
2012-10-18T09:20:40.000,2313,9116,2313,28,0.0,0,0.0,0,0.0,0,0.0,0,2313.2,30,0.0,0,0.0,0,0.0,0,0.0,0
2012-10-18T09:20:40.500,2313,9119,2313,25,0.0,0,0.0,0,0.0,0,0.0,0,2313.2,30,0.0,0,0.0,0,0.0,0,0.0,0
2012-10-18T09:20:41.250,2313.2,9121,2313,25,0.0,0,0.0,0,0.0,0,0.0,0,2313.2,28,0.0,0,0.0,0,0.0,0,0.0,0
2012-10-18T09:20:42.000,2313,9136,2313,36,0.0,0,0.0,0,0.0,0,0.0,0,2313.2,14,0.0,0,0.0,0,0.0,0,0.0,0
2012-10-18T09:20:42.500,2313.2,9141,2313,25,0.0,0,0.0,0,0.0,0,0.0,0,2313.2,9,0.0,0,0.0,0,0.0,0,0.0,0
2012-10-18T09:20:43.250,2313,9145,2313,23,0.0,0,0.0,0,0.0,0,0.0,0,2313.2,9,0.0,0,0.0,0,0.0,0,0.0,0
2012-10-18T09:20:44.000,2313.2,9149,2313,36,0.0,0,0.0,0,0.0,0,0.0,0,2313.2,5,0.0,0,0.0,0,0.0,0,0.0,0
2012-10-18T09:20:44.500,2313.4,9155,2313.2,20,0.0,0,0.0,0,0.0,0,0.0,0,2313.4,1,0.0,0,0.0,0,0.0,0,0.0,0
2012-10-18T09:20:45.000,2313.2,9156,2313.2,19,0.0,0,0.0,0,0.0,0,0.0,0,2313.4,1,0.0,0,0.0,0,0.0,0,0.0,0
2012-10-18T09:20:45.500,2313.4,9157,2313.2,31,0.0,0,0.0,0,0.0,0,0.0,0,2313.6,20,0.0,0,0.0,0,0.0,0,0.0,0
2012-10-18T09:20:47.250,2313.2,9159,2313.2,20,0.0,0,0.0,0,0.0,0,0.0,0,2313.6,20,0.0,0,0.0,0,0.0,0,0.0,0
2012-10-18T09:20:48.000,2313.6,9166,2313.4,1,0.0,0,0.0,0,0.0,0,0.0,0,2313.6,13,0.0,0,0.0,0,0.0,0,0.0,0
2012-10-18T09:20:48.500,2313.4,9168,2313.2,23,0.0,0,0.0,0,0.0,0,0.0,0,2313.4,4,0.0,0,0.0,0,0.0,0,0.0,0
2012-10-18T09:20:49.000,2313.4,9170,2313.2,24,0.0,0,0.0,0,0.0,0,0.0,0,2313.4,2,0.0,0,0.0,0,0.0,0,0.0,0
2012-10-18T09:20:49.500,2313.6,9179,2313.2,9,0.0,0,0.0,0,0.0,0,0.0,0,2313.6,6,0.0,0,0.0,0,0.0,0,0.0,0
2012-10-18T09:20:50.250,2313.2,9183,2313.2,8,0.0,0,0.0,0,0.0,0,0.0,0,2313.6,8,0.0,0,0.0,0,0.0,0,0.0,0
2012-10-18T09:20:51.250,2313.6,9191,2313.4,6,0.0,0,0.0,0,0.0,0,0.0,0,2313.6,4,0.0,0,0.0,0,0.0,0,0.0,0
2012-10-18T09:20:52.250,2313.4,9198,2313.2,11,0.0,0,0.0,0,0.0,0,0.0,0,2313.6,4,0.0,0,0.0,0,0.0,0,0.0,0
2012-10-18T09:20:53.000,2313.4,9200,2313.2,11,0.0,0,0.0,0,0.0,0,0.0,0,2313.6,11,0.0,0,0.0,0,0.0,0,0.0,0
2012-10-18T09:20:53.500,2313.4,9202,2313.2,8,0.0,0,0.0,0,0.0,0,0.0,0,2313.4,5,0.0,0,0.0,0,0.0,0,0.0,0
2012-10-18T09:20:54.250,2313.2,9203,2313.2,8,0.0,0,0.0,0,0.0,0,0.0,0,2313.6,11,0.0,0,0.0,0,0.0,0,0.0,0
2012-10-18T09:20:55.000,2313.2,9210,2313.2,6,0.0,0,0.0,0,0.0,0,0.0,0,2313.4,21,0.0,0,0.0,0,0.0,0,0.0,0
2012-10-18T09:20:55.500,2313.2,9212,2313.2,4,0.0,0,0.0,0,0.0,0,0.0,0,2313.4,2,0.0,0,0.0,0,0.0,0,0.0,0
2012-10-18T09:20:56.000,2313.2,9217,2313,30,0.0,0,0.0,0,0.0,0,0.0,0,2313.2,11,0.0,0,0.0,0,0.0,0,0.0,0
2012-10-18T09:20:56.500,2313,9218,2313,29,0.0,0,0.0,0,0.0,0,0.0,0,2313.2,11,0.0,0,0.0,0,0.0,0,0.0,0
2012-10-18T09:20:57.000,2313.2,9221,2313,27,0.0,0,0.0,0,0.0,0,0.0,0,2313.2,11,0.0,0,0.0,0,0.0,0,0.0,0
2012-10-18T09:20:57.500,2313.2,9222,2313,27,0.0,0,0.0,0,0.0,0,0.0,0,2313.2,11,0.0,0,0.0,0,0.0,0,0.0,0
2012-10-18T09:20:58.000,2313.2,9223,2313,28,0.0,0,0.0,0,0.0,0,0.0,0,2313.2,10,0.0,0,0.0,0,0.0,0,0.0,0
2012-10-18T09:20:58.500,2313,9227,2313,24,0.0,0,0.0,0,0.0,0,0.0,0,2313.2,4,0.0,0,0.0,0,0.0,0,0.0,0
2012-10-18T09:20:59.000,2313,9228,2313,23,0.0,0,0.0,0,0.0,0,0.0,0,2313.2,4,0.0,0,0.0,0,0.0,0,0.0,0
2012-10-18T09:20:59.500,2313,9233,2313,18,0.0,0,0.0,0,0.0,0,0.0,0,2313.2,10,0.0,0,0.0,0,0.0,0,0.0,0
2012-10-18T09:21:00.000,2313.2,9236,2313,18,0.0,0,0.0,0,0.0,0,0.0,0,2313.2,9,0.0,0,0.0,0,0.0,0,0.0,0
2012-10-18T09:21:00.500,2313,9250,2313,8,0.0,0,0.0,0,0.0,0,0.0,0,2313.2,9,0.0,0,0.0,0,0.0,0,0.0,0
2012-10-18T09:21:01.250,2313,9258,2312.8,8,0.0,0,0.0,0,0.0,0,0.0,0,2313,41,0.0,0,0.0,0,0.0,0,0.0,0
2012-10-18T09:21:02.000,2312.8,9265,2312.8,6,0.0,0,0.0,0,0.0,0,0.0,0,2313,19,0.0,0,0.0,0,0.0,0,0.0,0
2012-10-18T09:21:02.500,2312.8,9290,2312.6,3,0.0,0,0.0,0,0.0,0,0.0,0,2312.8,6,0.0,0,0.0,0,0.0,0,0.0,0
2012-10-18T09:21:03.000,2312.8,9292,2312.6,3,0.0,0,0.0,0,0.0,0,0.0,0,2312.8,4,0.0,0,0.0,0,0.0,0,0.0,0
2012-10-18T09:21:03.500,2313,9298,2312.6,3,0.0,0,0.0,0,0.0,0,0.0,0,2313,29,0.0,0,0.0,0,0.0,0,0.0,0
2012-10-18T09:21:04.000,2313,9300,2312.6,9,0.0,0,0.0,0,0.0,0,0.0,0,2313,19,0.0,0,0.0,0,0.0,0,0.0,0
2012-10-18T09:21:04.500,2313,9303,2312.8,9,0.0,0,0.0,0,0.0,0,0.0,0,2313.2,10,0.0,0,0.0,0,0.0,0,0.0,0
2012-10-18T09:21:05.250,2313,9308,2313,2,0.0,0,0.0,0,0.0,0,0.0,0,2313.2,10,0.0,0,0.0,0,0.0,0,0.0,0
2012-10-18T09:21:06.000,2313,9310,2312.8,19,0.0,0,0.0,0,0.0,0,0.0,0,2313,2,0.0,0,0.0,0,0.0,0,0.0,0
2012-10-18T09:21:06.500,2313,9312,2313,6,0.0,0,0.0,0,0.0,0,0.0,0,2313.2,10,0.0,0,0.0,0,0.0,0,0.0,0
2012-10-18T09:21:08.250,2313,9314,2312.8,27,0.0,0,0.0,0,0.0,0,0.0,0,2313.2,10,0.0,0,0.0,0,0.0,0,0.0,0
2012-10-18T09:21:09.250,2313.2,9317,2312.8,19,0.0,0,0.0,0,0.0,0,0.0,0,2313.2,8,0.0,0,0.0,0,0.0,0,0.0,0
2012-10-18T09:21:10.000,2313.2,9328,2313,1,0.0,0,0.0,0,0.0,0,0.0,0,2313.2,5,0.0,0,0.0,0,0.0,0,0.0,0
2012-10-18T09:21:10.500,2313,9329,2313,2,0.0,0,0.0,0,0.0,0,0.0,0,2313.4,4,0.0,0,0.0,0,0.0,0,0.0,0
2012-10-18T09:21:11.250,2313,9332,2312.8,24,0.0,0,0.0,0,0.0,0,0.0,0,2313,2,0.0,0,0.0,0,0.0,0,0.0,0
2012-10-18T09:21:12.000,2313,9334,2313,19,0.0,0,0.0,0,0.0,0,0.0,0,2313.4,5,0.0,0,0.0,0,0.0,0,0.0,0
2012-10-18T09:21:12.500,2313,9336,2313,13,0.0,0,0.0,0,0.0,0,0.0,0,2313.4,5,0.0,0,0.0,0,0.0,0,0.0,0
2012-10-18T09:21:13.250,2313.4,9338,2313,13,0.0,0,0.0,0,0.0,0,0.0,0,2313.4,5,0.0,0,0.0,0,0.0,0,0.0,0
2012-10-18T09:21:14.000,2313,9339,2313,12,0.0,0,0.0,0,0.0,0,0.0,0,2313.4,5,0.0,0,0.0,0,0.0,0,0.0,0
2012-10-18T09:21:14.500,2313.4,9356,2312.8,40,0.0,0,0.0,0,0.0,0,0.0,0,2313.4,1,0.0,0,0.0,0,0.0,0,0.0,0
2012-10-18T09:21:15.000,2313.4,9357,2313.2,2,0.0,0,0.0,0,0.0,0,0.0,0,2313.6,31,0.0,0,0.0,0,0.0,0,0.0,0
2012-10-18T09:21:15.500,2313.4,9359,2313.4,1,0.0,0,0.0,0,0.0,0,0.0,0,2313.6,36,0.0,0,0.0,0,0.0,0,0.0,0
2012-10-18T09:21:16.000,2313.6,9365,2313.2,2,0.0,0,0.0,0,0.0,0,0.0,0,2313.4,1,0.0,0,0.0,0,0.0,0,0.0,0
2012-10-18T09:21:16.500,2313.4,9366,2313.4,7,0.0,0,0.0,0,0.0,0,0.0,0,2313.6,34,0.0,0,0.0,0,0.0,0,0.0,0
2012-10-18T09:21:17.000,2313.6,9374,2313.4,7,0.0,0,0.0,0,0.0,0,0.0,0,2313.6,15,0.0,0,0.0,0,0.0,0,0.0,0
2012-10-18T09:21:17.500,2313.4,9375,2313.4,6,0.0,0,0.0,0,0.0,0,0.0,0,2313.6,15,0.0,0,0.0,0,0.0,0,0.0,0
2012-10-18T09:21:18.000,2313.6,9384,2313.4,6,0.0,0,0.0,0,0.0,0,0.0,0,2313.6,6,0.0,0,0.0,0,0.0,0,0.0,0
2012-10-18T09:21:18.500,2313.4,9386,2313.4,5,0.0,0,0.0,0,0.0,0,0.0,0,2313.6,6,0.0,0,0.0,0,0.0,0,0.0,0
2012-10-18T09:21:19.000,2313.4,9387,2313.4,4,0.0,0,0.0,0,0.0,0,0.0,0,2313.6,6,0.0,0,0.0,0,0.0,0,0.0,0
2012-10-18T09:21:19.500,2313.6,9391,2313.4,3,0.0,0,0.0,0,0.0,0,0.0,0,2313.6,3,0.0,0,0.0,0,0.0,0,0.0,0
2012-10-18T09:21:20.000,2313.6,9393,2313.4,4,0.0,0,0.0,0,0.0,0,0.0,0,2313.6,1,0.0,0,0.0,0,0.0,0,0.0,0
2012-10-18T09:21:20.500,2313.6,9394,2313.6,5,0.0,0,0.0,0,0.0,0,0.0,0,2313.8,1,0.0,0,0.0,0,0.0,0,0.0,0
2012-10-18T09:21:21.250,2313.8,9397,2313.6,7,0.0,0,0.0,0,0.0,0,0.0,0,2313.8,14,0.0,0,0.0,0,0.0,0,0.0,0
2012-10-18T09:21:22.000,2313.8,9398,2313.6,7,0.0,0,0.0,0,0.0,0,0.0,0,2313.8,14,0.0,0,0.0,0,0.0,0,0.0,0
2012-10-18T09:21:22.500,2313.8,9405,2313.6,7,0.0,0,0.0,0,0.0,0,0.0,0,2313.8,10,0.0,0,0.0,0,0.0,0,0.0,0
2012-10-18T09:21:23.000,2314,9408,2313.8,3,0.0,0,0.0,0,0.0,0,0.0,0,2314,21,0.0,0,0.0,0,0.0,0,0.0,0
2012-10-18T09:21:23.500,2313.8,9409,2313.8,23,0.0,0,0.0,0,0.0,0,0.0,0,2314,25,0.0,0,0.0,0,0.0,0,0.0,0
2012-10-18T09:21:24.000,2314,9413,2313.8,26,0.0,0,0.0,0,0.0,0,0.0,0,2314,22,0.0,0,0.0,0,0.0,0,0.0,0
2012-10-18T09:21:24.500,2314,9415,2313.8,28,0.0,0,0.0,0,0.0,0,0.0,0,2314,20,0.0,0,0.0,0,0.0,0,0.0,0
2012-10-18T09:21:25.000,2314,9419,2313.8,31,0.0,0,0.0,0,0.0,0,0.0,0,2314,15,0.0,0,0.0,0,0.0,0,0.0,0
2012-10-18T09:21:25.500,2314,9433,2313.8,32,0.0,0,0.0,0,0.0,0,0.0,0,2314,1,0.0,0,0.0,0,0.0,0,0.0,0
2012-10-18T09:21:26.250,2314,9434,2314,2,0.0,0,0.0,0,0.0,0,0.0,0,2314.2,3,0.0,0,0.0,0,0.0,0,0.0,0
2012-10-18T09:21:27.000,2314.2,9438,2314.2,18,0.0,0,0.0,0,0.0,0,0.0,0,2314.4,25,0.0,0,0.0,0,0.0,0,0.0,0
2012-10-18T09:21:27.500,2314.2,9443,2314.2,15,0.0,0,0.0,0,0.0,0,0.0,0,2314.4,17,0.0,0,0.0,0,0.0,0,0.0,0
2012-10-18T09:21:28.000,2314.4,9445,2314.2,15,0.0,0,0.0,0,0.0,0,0.0,0,2314.4,15,0.0,0,0.0,0,0.0,0,0.0,0
2012-10-18T09:21:28.500,2314.4,9460,2314.4,3,0.0,0,0.0,0,0.0,0,0.0,0,2314.6,16,0.0,0,0.0,0,0.0,0,0.0,0
2012-10-18T09:21:29.000,2314.6,9462,2314.4,4,0.0,0,0.0,0,0.0,0,0.0,0,2314.6,15,0.0,0,0.0,0,0.0,0,0.0,0
2012-10-18T09:21:29.500,2314.6,9464,2314.4,4,0.0,0,0.0,0,0.0,0,0.0,0,2314.6,12,0.0,0,0.0,0,0.0,0,0.0,0
2012-10-18T09:21:30.000,2314.6,9470,2314.4,6,0.0,0,0.0,0,0.0,0,0.0,0,2314.6,6,0.0,0,0.0,0,0.0,0,0.0,0
2012-10-18T09:21:30.500,2314.4,9480,2314.4,2,0.0,0,0.0,0,0.0,0,0.0,0,2314.6,1,0.0,0,0.0,0,0.0,0,0.0,0
2012-10-18T09:21:31.250,2314.6,9482,2314.6,1,0.0,0,0.0,0,0.0,0,0.0,0,2314.8,4,0.0,0,0.0,0,0.0,0,0.0,0
2012-10-18T09:21:32.000,2314.6,9486,2314.6,4,0.0,0,0.0,0,0.0,0,0.0,0,2314.8,4,0.0,0,0.0,0,0.0,0,0.0,0
2012-10-18T09:21:32.500,2314.6,9491,2314.6,1,0.0,0,0.0,0,0.0,0,0.0,0,2314.8,20,0.0,0,0.0,0,0.0,0,0.0,0
2012-10-18T09:21:33.250,2314.6,9506,2314.4,7,0.0,0,0.0,0,0.0,0,0.0,0,2315,14,0.0,0,0.0,0,0.0,0,0.0,0
2012-10-18T09:21:34.000,2315,9516,2314.8,1,0.0,0,0.0,0,0.0,0,0.0,0,2315,4,0.0,0,0.0,0,0.0,0,0.0,0
2012-10-18T09:21:34.500,2314.8,9522,2314.6,19,0.0,0,0.0,0,0.0,0,0.0,0,2315,5,0.0,0,0.0,0,0.0,0,0.0,0
2012-10-18T09:21:35.000,2314.6,9528,2314.6,12,0.0,0,0.0,0,0.0,0,0.0,0,2314.8,1,0.0,0,0.0,0,0.0,0,0.0,0
2012-10-18T09:21:35.500,2314.8,9531,2314.6,15,0.0,0,0.0,0,0.0,0,0.0,0,2315,5,0.0,0,0.0,0,0.0,0,0.0,0
2012-10-18T09:21:36.000,2315,9532,2314.8,1,0.0,0,0.0,0,0.0,0,0.0,0,2315,4,0.0,0,0.0,0,0.0,0,0.0,0
2012-10-18T09:21:36.500,2315,9535,2314.8,1,0.0,0,0.0,0,0.0,0,0.0,0,2315,2,0.0,0,0.0,0,0.0,0,0.0,0
2012-10-18T09:21:37.000,2315,9542,2315,2,0.0,0,0.0,0,0.0,0,0.0,0,2315.2,25,0.0,0,0.0,0,0.0,0,0.0,0
2012-10-18T09:21:37.500,2314.6,9557,2314.6,7,0.0,0,0.0,0,0.0,0,0.0,0,2315.2,35,0.0,0,0.0,0,0.0,0,0.0,0
2012-10-18T09:21:38.000,2315,9563,2315,1,0.0,0,0.0,0,0.0,0,0.0,0,2315.2,35,0.0,0,0.0,0,0.0,0,0.0,0
2012-10-18T09:21:38.500,2315.2,9567,2314.8,5,0.0,0,0.0,0,0.0,0,0.0,0,2315.2,35,0.0,0,0.0,0,0.0,0,0.0,0
2012-10-18T09:21:39.000,2314.8,9572,2314.8,1,0.0,0,0.0,0,0.0,0,0.0,0,2315,3,0.0,0,0.0,0,0.0,0,0.0,0
2012-10-18T09:21:39.500,2315.2,9577,2314.8,8,0.0,0,0.0,0,0.0,0,0.0,0,2315.2,13,0.0,0,0.0,0,0.0,0,0.0,0
2012-10-18T09:21:40.250,2315,9581,2314.6,11,0.0,0,0.0,0,0.0,0,0.0,0,2315,2,0.0,0,0.0,0,0.0,0,0.0,0
2012-10-18T09:21:41.000,2315.2,9586,2314.6,5,0.0,0,0.0,0,0.0,0,0.0,0,2315.2,15,0.0,0,0.0,0,0.0,0,0.0,0
2012-10-18T09:21:41.500,2314.8,9587,2314.8,5,0.0,0,0.0,0,0.0,0,0.0,0,2315,2,0.0,0,0.0,0,0.0,0,0.0,0
2012-10-18T09:21:42.000,2314.8,9590,2314.8,3,0.0,0,0.0,0,0.0,0,0.0,0,2315,2,0.0,0,0.0,0,0.0,0,0.0,0
2012-10-18T09:21:42.500,2315,9591,2314.8,3,0.0,0,0.0,0,0.0,0,0.0,0,2315,1,0.0,0,0.0,0,0.0,0,0.0,0
2012-10-18T09:21:43.000,2314.8,9592,2314.8,2,0.0,0,0.0,0,0.0,0,0.0,0,2315,1,0.0,0,0.0,0,0.0,0,0.0,0
2012-10-18T09:21:43.500,2315.2,9594,2315,1,0.0,0,0.0,0,0.0,0,0.0,0,2315.2,22,0.0,0,0.0,0,0.0,0,0.0,0
2012-10-18T09:21:44.000,2315,9597,2315,4,0.0,0,0.0,0,0.0,0,0.0,0,2315.2,22,0.0,0,0.0,0,0.0,0,0.0,0
2012-10-18T09:21:44.500,2314.6,9604,2314.6,2,0.0,0,0.0,0,0.0,0,0.0,0,2314.8,23,0.0,0,0.0,0,0.0,0,0.0,0
2012-10-18T09:21:45.000,2314.8,9607,2314.4,10,0.0,0,0.0,0,0.0,0,0.0,0,2314.8,3,0.0,0,0.0,0,0.0,0,0.0,0
2012-10-18T09:21:45.500,2314.6,9614,2314.4,4,0.0,0,0.0,0,0.0,0,0.0,0,2314.6,15,0.0,0,0.0,0,0.0,0,0.0,0
2012-10-18T09:21:46.000,2314.6,9616,2314.4,4,0.0,0,0.0,0,0.0,0,0.0,0,2314.6,13,0.0,0,0.0,0,0.0,0,0.0,0
2012-10-18T09:21:46.500,2314.4,9620,2314.2,29,0.0,0,0.0,0,0.0,0,0.0,0,2314.4,4,0.0,0,0.0,0,0.0,0,0.0,0
2012-10-18T09:21:47.000,2314.6,9626,2314.4,8,0.0,0,0.0,0,0.0,0,0.0,0,2314.6,5,0.0,0,0.0,0,0.0,0,0.0,0
2012-10-18T09:21:47.500,2314.4,9632,2314.4,2,0.0,0,0.0,0,0.0,0,0.0,0,2314.6,2,0.0,0,0.0,0,0.0,0,0.0,0
2012-10-18T09:21:48.250,2314.4,9633,2314.4,6,0.0,0,0.0,0,0.0,0,0.0,0,2314.6,9,0.0,0,0.0,0,0.0,0,0.0,0
2012-10-18T09:21:49.000,2314.6,9638,2314.4,6,0.0,0,0.0,0,0.0,0,0.0,0,2314.6,1,0.0,0,0.0,0,0.0,0,0.0,0
2012-10-18T09:21:49.500,2314.6,9639,2314.6,3,0.0,0,0.0,0,0.0,0,0.0,0,2314.8,17,0.0,0,0.0,0,0.0,0,0.0,0
2012-10-18T09:21:50.000,2314.6,9642,2314.4,8,0.0,0,0.0,0,0.0,0,0.0,0,2314.6,4,0.0,0,0.0,0,0.0,0,0.0,0
2012-10-18T09:21:50.500,2314.4,9644,2314.4,6,0.0,0,0.0,0,0.0,0,0.0,0,2314.6,4,0.0,0,0.0,0,0.0,0,0.0,0
2012-10-18T09:21:51.000,2314.6,9645,2314.4,6,0.0,0,0.0,0,0.0,0,0.0,0,2314.6,3,0.0,0,0.0,0,0.0,0,0.0,0
2012-10-18T09:21:51.500,2314.4,9652,2314.4,3,0.0,0,0.0,0,0.0,0,0.0,0,2314.8,27,0.0,0,0.0,0,0.0,0,0.0,0
2012-10-18T09:21:52.000,2314.4,9655,2314.4,1,0.0,0,0.0,0,0.0,0,0.0,0,2314.6,1,0.0,0,0.0,0,0.0,0,0.0,0
2012-10-18T09:21:52.500,2314.4,9656,2314.2,26,0.0,0,0.0,0,0.0,0,0.0,0,2314.6,2,0.0,0,0.0,0,0.0,0,0.0,0
2012-10-18T09:21:53.000,2314.2,9685,2314,17,0.0,0,0.0,0,0.0,0,0.0,0,2314.6,5,0.0,0,0.0,0,0.0,0,0.0,0
2012-10-18T09:21:53.500,2314.4,9686,2314.2,4,0.0,0,0.0,0,0.0,0,0.0,0,2314.6,5,0.0,0,0.0,0,0.0,0,0.0,0
2012-10-18T09:21:54.250,2314.4,9692,2314.2,4,0.0,0,0.0,0,0.0,0,0.0,0,2314.6,5,0.0,0,0.0,0,0.0,0,0.0,0
2012-10-18T09:21:55.250,2314.6,9694,2314.4,2,0.0,0,0.0,0,0.0,0,0.0,0,2314.6,3,0.0,0,0.0,0,0.0,0,0.0,0
2012-10-18T09:21:56.000,2314.6,9696,2314.4,1,0.0,0,0.0,0,0.0,0,0.0,0,2314.6,10,0.0,0,0.0,0,0.0,0,0.0,0
2012-10-18T09:21:56.500,2314.6,9697,2314.4,1,0.0,0,0.0,0,0.0,0,0.0,0,2314.6,10,0.0,0,0.0,0,0.0,0,0.0,0
2012-10-18T09:21:57.000,2314.6,9699,2314.2,7,0.0,0,0.0,0,0.0,0,0.0,0,2314.6,9,0.0,0,0.0,0,0.0,0,0.0,0
2012-10-18T09:21:57.500,2314.4,9703,2314.4,20,0.0,0,0.0,0,0.0,0,0.0,0,2314.6,6,0.0,0,0.0,0,0.0,0,0.0,0
2012-10-18T09:21:58.250,2314.6,9705,2314.4,20,0.0,0,0.0,0,0.0,0,0.0,0,2314.6,2,0.0,0,0.0,0,0.0,0,0.0,0
2012-10-18T09:21:59.000,2314.4,9706,2314.4,19,0.0,0,0.0,0,0.0,0,0.0,0,2314.6,3,0.0,0,0.0,0,0.0,0,0.0,0
2012-10-18T09:21:59.500,2314.4,9708,2314.4,17,0.0,0,0.0,0,0.0,0,0.0,0,2314.6,4,0.0,0,0.0,0,0.0,0,0.0,0
2012-10-18T09:22:00.250,2314.4,9712,2314.4,14,0.0,0,0.0,0,0.0,0,0.0,0,2314.6,3,0.0,0,0.0,0,0.0,0,0.0,0
2012-10-18T09:22:01.000,2314.6,9716,2314.6,1,0.0,0,0.0,0,0.0,0,0.0,0,2314.8,10,0.0,0,0.0,0,0.0,0,0.0,0
2012-10-18T09:22:01.500,2314.6,9717,2314.6,1,0.0,0,0.0,0,0.0,0,0.0,0,2314.8,4,0.0,0,0.0,0,0.0,0,0.0,0
2012-10-18T09:22:02.000,2314.8,9744,2314.8,3,0.0,0,0.0,0,0.0,0,0.0,0,2315,23,0.0,0,0.0,0,0.0,0,0.0,0
2012-10-18T09:22:02.500,2314.8,9747,2314.8,2,0.0,0,0.0,0,0.0,0,0.0,0,2315,37,0.0,0,0.0,0,0.0,0,0.0,0
2012-10-18T09:22:03.000,2314.8,9748,2314.8,1,0.0,0,0.0,0,0.0,0,0.0,0,2315,17,0.0,0,0.0,0,0.0,0,0.0,0
2012-10-18T09:22:03.500,2314.6,9752,2314.4,12,0.0,0,0.0,0,0.0,0,0.0,0,2315,21,0.0,0,0.0,0,0.0,0,0.0,0
2012-10-18T09:22:04.000,2314.8,9754,2314.6,1,0.0,0,0.0,0,0.0,0,0.0,0,2315,15,0.0,0,0.0,0,0.0,0,0.0,0
2012-10-18T09:22:04.500,2314.8,9755,2314.6,4,0.0,0,0.0,0,0.0,0,0.0,0,2315,15,0.0,0,0.0,0,0.0,0,0.0,0
2012-10-18T09:22:05.000,2314.8,9756,2314.6,9,0.0,0,0.0,0,0.0,0,0.0,0,2315,15,0.0,0,0.0,0,0.0,0,0.0,0
2012-10-18T09:22:05.500,2314.6,9757,2314.6,9,0.0,0,0.0,0,0.0,0,0.0,0,2315,15,0.0,0,0.0,0,0.0,0,0.0,0
2012-10-18T09:22:06.000,2315,9773,2314.8,6,0.0,0,0.0,0,0.0,0,0.0,0,2315,4,0.0,0,0.0,0,0.0,0,0.0,0
2012-10-18T09:22:06.500,2315,9777,2315,25,0.0,0,0.0,0,0.0,0,0.0,0,2315.2,12,0.0,0,0.0,0,0.0,0,0.0,0
2012-10-18T09:22:07.000,2315.2,9781,2315,25,0.0,0,0.0,0,0.0,0,0.0,0,2315.2,8,0.0,0,0.0,0,0.0,0,0.0,0
2012-10-18T09:22:07.500,2315,9787,2315,29,0.0,0,0.0,0,0.0,0,0.0,0,2315.2,5,0.0,0,0.0,0,0.0,0,0.0,0
2012-10-18T09:22:08.000,2315.2,9789,2315,10,0.0,0,0.0,0,0.0,0,0.0,0,2315.2,3,0.0,0,0.0,0,0.0,0,0.0,0
2012-10-18T09:22:08.500,2315,9793,2315,7,0.0,0,0.0,0,0.0,0,0.0,0,2315.2,3,0.0,0,0.0,0,0.0,0,0.0,0
2012-10-18T09:22:09.250,2315.2,9802,2315.2,6,0.0,0,0.0,0,0.0,0,0.0,0,2315.4,7,0.0,0,0.0,0,0.0,0,0.0,0
2012-10-18T09:22:10.000,2315.6,9816,2315.4,16,0.0,0,0.0,0,0.0,0,0.0,0,2315.6,2,0.0,0,0.0,0,0.0,0,0.0,0
2012-10-18T09:22:10.500,2315.8,9822,2315.6,1,0.0,0,0.0,0,0.0,0,0.0,0,2315.8,3,0.0,0,0.0,0,0.0,0,0.0,0
2012-10-18T09:22:11.000,2315.4,9827,2315.4,4,0.0,0,0.0,0,0.0,0,0.0,0,2315.8,7,0.0,0,0.0,0,0.0,0,0.0,0
2012-10-18T09:22:11.500,2315.8,9837,2315.4,6,0.0,0,0.0,0,0.0,0,0.0,0,2315.8,3,0.0,0,0.0,0,0.0,0,0.0,0
2012-10-18T09:22:12.000,2315.8,9850,2315.4,2,0.0,0,0.0,0,0.0,0,0.0,0,2315.8,5,0.0,0,0.0,0,0.0,0,0.0,0
2012-10-18T09:22:12.500,2316,9859,2315.2,9,0.0,0,0.0,0,0.0,0,0.0,0,2315.8,5,0.0,0,0.0,0,0.0,0,0.0,0
2012-10-18T09:22:13.000,2315.8,9872,2315.2,14,0.0,0,0.0,0,0.0,0,0.0,0,2315.6,3,0.0,0,0.0,0,0.0,0,0.0,0
2012-10-18T09:22:13.500,2315.8,9873,2315.4,3,0.0,0,0.0,0,0.0,0,0.0,0,2315.6,3,0.0,0,0.0,0,0.0,0,0.0,0
2012-10-18T09:22:14.000,2315.8,9896,2315.8,8,0.0,0,0.0,0,0.0,0,0.0,0,2316,37,0.0,0,0.0,0,0.0,0,0.0,0
2012-10-18T09:22:14.500,2315.8,9911,2315.6,2,0.0,0,0.0,0,0.0,0,0.0,0,2315.8,7,0.0,0,0.0,0,0.0,0,0.0,0
2012-10-18T09:22:15.000,2315.2,9915,2315.2,10,0.0,0,0.0,0,0.0,0,0.0,0,2315.6,2,0.0,0,0.0,0,0.0,0,0.0,0
2012-10-18T09:22:15.500,2315.4,9922,2315.4,6,0.0,0,0.0,0,0.0,0,0.0,0,2315.8,2,0.0,0,0.0,0,0.0,0,0.0,0
2012-10-18T09:22:16.000,2315.8,9929,2315.4,2,0.0,0,0.0,0,0.0,0,0.0,0,2315.8,7,0.0,0,0.0,0,0.0,0,0.0,0
2012-10-18T09:22:16.500,2315.8,9935,2315.4,2,0.0,0,0.0,0,0.0,0,0.0,0,2315.8,1,0.0,0,0.0,0,0.0,0,0.0,0
2012-10-18T09:22:17.000,2315.8,9937,2315.6,1,0.0,0,0.0,0,0.0,0,0.0,0,2315.8,2,0.0,0,0.0,0,0.0,0,0.0,0
2012-10-18T09:22:17.500,2315.6,9938,2315.4,2,0.0,0,0.0,0,0.0,0,0.0,0,2315.8,2,0.0,0,0.0,0,0.0,0,0.0,0
2012-10-18T09:22:18.000,2315.8,9942,2315.4,8,0.0,0,0.0,0,0.0,0,0.0,0,2316,37,0.0,0,0.0,0,0.0,0,0.0,0
2012-10-18T09:22:18.500,2315.4,9945,2315.4,4,0.0,0,0.0,0,0.0,0,0.0,0,2315.8,5,0.0,0,0.0,0,0.0,0,0.0,0
2012-10-18T09:22:19.000,2315.8,9949,2315.4,4,0.0,0,0.0,0,0.0,0,0.0,0,2315.8,1,0.0,0,0.0,0,0.0,0,0.0,0
2012-10-18T09:22:19.500,2315.4,9954,2315.4,1,0.0,0,0.0,0,0.0,0,0.0,0,2315.6,5,0.0,0,0.0,0,0.0,0,0.0,0
2012-10-18T09:22:20.000,2315.8,9956,2315.8,1,0.0,0,0.0,0,0.0,0,0.0,0,2316,42,0.0,0,0.0,0,0.0,0,0.0,0
2012-10-18T09:22:20.500,2315.6,9960,2315.4,2,0.0,0,0.0,0,0.0,0,0.0,0,2315.8,5,0.0,0,0.0,0,0.0,0,0.0,0
2012-10-18T09:22:21.000,2315.4,9968,2315.4,1,0.0,0,0.0,0,0.0,0,0.0,0,2316,60,0.0,0,0.0,0,0.0,0,0.0,0
2012-10-18T09:22:21.500,2316,9971,2315.4,5,0.0,0,0.0,0,0.0,0,0.0,0,2316,62,0.0,0,0.0,0,0.0,0,0.0,0
2012-10-18T09:22:22.250,2315.4,9975,2315.4,1,0.0,0,0.0,0,0.0,0,0.0,0,2315.8,1,0.0,0,0.0,0,0.0,0,0.0,0
2012-10-18T09:22:23.000,2315.6,9980,2315.4,1,0.0,0,0.0,0,0.0,0,0.0,0,2315.6,3,0.0,0,0.0,0,0.0,0,0.0,0
2012-10-18T09:22:23.500,2315.6,9983,2315.6,7,0.0,0,0.0,0,0.0,0,0.0,0,2315.8,14,0.0,0,0.0,0,0.0,0,0.0,0
2012-10-18T09:22:24.000,2315.6,9989,2315.6,12,0.0,0,0.0,0,0.0,0,0.0,0,2315.8,4,0.0,0,0.0,0,0.0,0,0.0,0
2012-10-18T09:22:24.500,2315.8,9991,2315.8,10,0.0,0,0.0,0,0.0,0,0.0,0,2316,43,0.0,0,0.0,0,0.0,0,0.0,0
2012-10-18T09:22:25.000,2315.8,9998,2315.8,8,0.0,0,0.0,0,0.0,0,0.0,0,2316,38,0.0,0,0.0,0,0.0,0,0.0,0
2012-10-18T09:22:25.500,2316,10005,2315.8,5,0.0,0,0.0,0,0.0,0,0.0,0,2316,34,0.0,0,0.0,0,0.0,0,0.0,0
2012-10-18T09:22:26.000,2315.8,10009,2315.8,22,0.0,0,0.0,0,0.0,0,0.0,0,2316,33,0.0,0,0.0,0,0.0,0,0.0,0
2012-10-18T09:22:26.500,2315.8,10033,2315.6,5,0.0,0,0.0,0,0.0,0,0.0,0,2315.8,33,0.0,0,0.0,0,0.0,0,0.0,0
2012-10-18T09:22:27.000,2315.6,10039,2315.4,5,0.0,0,0.0,0,0.0,0,0.0,0,2315.6,18,0.0,0,0.0,0,0.0,0,0.0,0
2012-10-18T09:22:27.500,2315.8,10059,2315.6,16,0.0,0,0.0,0,0.0,0,0.0,0,2315.8,33,0.0,0,0.0,0,0.0,0,0.0,0
2012-10-18T09:22:28.000,2315.6,10067,2315.6,3,0.0,0,0.0,0,0.0,0,0.0,0,2315.8,33,0.0,0,0.0,0,0.0,0,0.0,0
2012-10-18T09:22:28.500,2315.8,10069,2315.6,3,0.0,0,0.0,0,0.0,0,0.0,0,2315.8,37,0.0,0,0.0,0,0.0,0,0.0,0
2012-10-18T09:22:29.000,2315.6,10070,2315.6,2,0.0,0,0.0,0,0.0,0,0.0,0,2315.8,37,0.0,0,0.0,0,0.0,0,0.0,0
2012-10-18T09:22:29.500,2315.8,10073,2315.6,1,0.0,0,0.0,0,0.0,0,0.0,0,2315.8,35,0.0,0,0.0,0,0.0,0,0.0,0
2012-10-18T09:22:30.000,2315.8,10076,2315.4,6,0.0,0,0.0,0,0.0,0,0.0,0,2315.8,34,0.0,0,0.0,0,0.0,0,0.0,0
2012-10-18T09:22:30.500,2315.8,10079,2315.4,6,0.0,0,0.0,0,0.0,0,0.0,0,2315.6,1,0.0,0,0.0,0,0.0,0,0.0,0
2012-10-18T09:22:31.000,2315.4,10083,2315.4,5,0.0,0,0.0,0,0.0,0,0.0,0,2315.6,1,0.0,0,0.0,0,0.0,0,0.0,0
2012-10-18T09:22:31.500,2315.4,10091,2315.2,6,0.0,0,0.0,0,0.0,0,0.0,0,2315.4,3,0.0,0,0.0,0,0.0,0,0.0,0
2012-10-18T09:22:32.000,2315.4,10092,2315.2,7,0.0,0,0.0,0,0.0,0,0.0,0,2315.4,2,0.0,0,0.0,0,0.0,0,0.0,0
2012-10-18T09:22:32.500,2315.2,10097,2315.2,1,0.0,0,0.0,0,0.0,0,0.0,0,2315.4,3,0.0,0,0.0,0,0.0,0,0.0,0
2012-10-18T09:22:33.250,2315.2,10098,2315,12,0.0,0,0.0,0,0.0,0,0.0,0,2315.2,6,0.0,0,0.0,0,0.0,0,0.0,0
2012-10-18T09:22:34.000,2315,10102,2315,8,0.0,0,0.0,0,0.0,0,0.0,0,2315.2,6,0.0,0,0.0,0,0.0,0,0.0,0
2012-10-18T09:22:34.500,2315.4,10115,2315.2,4,0.0,0,0.0,0,0.0,0,0.0,0,2315.6,12,0.0,0,0.0,0,0.0,0,0.0,0
2012-10-18T09:22:35.000,2315.2,10116,2315,26,0.0,0,0.0,0,0.0,0,0.0,0,2315.6,14,0.0,0,0.0,0,0.0,0,0.0,0
2012-10-18T09:22:35.500,2315,10122,2315.2,2,0.0,0,0.0,0,0.0,0,0.0,0,2315.6,14,0.0,0,0.0,0,0.0,0,0.0,0
2012-10-18T09:22:36.000,2315,10127,2315,20,0.0,0,0.0,0,0.0,0,0.0,0,2315.6,14,0.0,0,0.0,0,0.0,0,0.0,0
2012-10-18T09:22:36.500,2315.6,10128,2315.2,1,0.0,0,0.0,0,0.0,0,0.0,0,2315.6,13,0.0,0,0.0,0,0.0,0,0.0,0
2012-10-18T09:22:37.000,2315.6,10131,2315,21,0.0,0,0.0,0,0.0,0,0.0,0,2315.6,11,0.0,0,0.0,0,0.0,0,0.0,0
2012-10-18T09:22:37.500,2315,10134,2315,18,0.0,0,0.0,0,0.0,0,0.0,0,2315.6,11,0.0,0,0.0,0,0.0,0,0.0,0
2012-10-18T09:22:38.000,2315.2,10135,2315.2,9,0.0,0,0.0,0,0.0,0,0.0,0,2315.6,7,0.0,0,0.0,0,0.0,0,0.0,0
2012-10-18T09:22:38.500,2315,10157,2315,8,0.0,0,0.0,0,0.0,0,0.0,0,2315.6,13,0.0,0,0.0,0,0.0,0,0.0,0
2012-10-18T09:22:39.250,2315.6,10159,2315.2,13,0.0,0,0.0,0,0.0,0,0.0,0,2315.4,1,0.0,0,0.0,0,0.0,0,0.0,0
2012-10-18T09:22:40.250,2315.4,10161,2315.4,1,0.0,0,0.0,0,0.0,0,0.0,0,2315.6,15,0.0,0,0.0,0,0.0,0,0.0,0
2012-10-18T09:22:41.250,2315.4,10162,2315.4,15,0.0,0,0.0,0,0.0,0,0.0,0,2315.6,11,0.0,0,0.0,0,0.0,0,0.0,0
2012-10-18T09:22:42.000,2315.4,10163,2315.4,13,0.0,0,0.0,0,0.0,0,0.0,0,2315.6,11,0.0,0,0.0,0,0.0,0,0.0,0
2012-10-18T09:22:42.500,2315.6,10166,2315.4,11,0.0,0,0.0,0,0.0,0,0.0,0,2315.6,8,0.0,0,0.0,0,0.0,0,0.0,0
2012-10-18T09:22:43.000,2315.6,10169,2315.4,8,0.0,0,0.0,0,0.0,0,0.0,0,2315.6,6,0.0,0,0.0,0,0.0,0,0.0,0
2012-10-18T09:22:43.500,2315.6,10181,2315.2,27,0.0,0,0.0,0,0.0,0,0.0,0,2315.6,1,0.0,0,0.0,0,0.0,0,0.0,0
2012-10-18T09:22:44.000,2315.6,10183,2315.6,1,0.0,0,0.0,0,0.0,0,0.0,0,2315.8,20,0.0,0,0.0,0,0.0,0,0.0,0
2012-10-18T09:22:44.500,2315.8,10185,2315.6,1,0.0,0,0.0,0,0.0,0,0.0,0,2315.8,12,0.0,0,0.0,0,0.0,0,0.0,0
2012-10-18T09:22:45.000,2315.6,10186,2315.6,1,0.0,0,0.0,0,0.0,0,0.0,0,2315.8,12,0.0,0,0.0,0,0.0,0,0.0,0
2012-10-18T09:22:45.500,2315.8,10191,2315.6,1,0.0,0,0.0,0,0.0,0,0.0,0,2315.8,7,0.0,0,0.0,0,0.0,0,0.0,0
2012-10-18T09:22:46.000,2315.8,10192,2315.6,1,0.0,0,0.0,0,0.0,0,0.0,0,2315.8,6,0.0,0,0.0,0,0.0,0,0.0,0
2012-10-18T09:22:46.500,2315.8,10200,2315.8,18,0.0,0,0.0,0,0.0,0,0.0,0,2316,49,0.0,0,0.0,0,0.0,0,0.0,0
2012-10-18T09:22:47.250,2315.8,10211,2315.8,3,0.0,0,0.0,0,0.0,0,0.0,0,2316,48,0.0,0,0.0,0,0.0,0,0.0,0
2012-10-18T09:22:48.000,2315.6,10218,2315.6,3,0.0,0,0.0,0,0.0,0,0.0,0,2315.8,12,0.0,0,0.0,0,0.0,0,0.0,0
2012-10-18T09:22:48.500,2315.6,10219,2315.6,2,0.0,0,0.0,0,0.0,0,0.0,0,2315.8,7,0.0,0,0.0,0,0.0,0,0.0,0
2012-10-18T09:22:49.250,2315.8,10220,2315.6,2,0.0,0,0.0,0,0.0,0,0.0,0,2315.8,1,0.0,0,0.0,0,0.0,0,0.0,0
2012-10-18T09:22:50.000,2315.6,10222,2315.4,8,0.0,0,0.0,0,0.0,0,0.0,0,2315.8,1,0.0,0,0.0,0,0.0,0,0.0,0
2012-10-18T09:22:50.500,2315.6,10223,2315.4,8,0.0,0,0.0,0,0.0,0,0.0,0,2315.6,49,0.0,0,0.0,0,0.0,0,0.0,0
2012-10-18T09:22:51.000,2315.6,10225,2315.4,8,0.0,0,0.0,0,0.0,0,0.0,0,2315.6,47,0.0,0,0.0,0,0.0,0,0.0,0
2012-10-18T09:22:51.500,2315.6,10263,2315.4,28,0.0,0,0.0,0,0.0,0,0.0,0,2315.6,16,0.0,0,0.0,0,0.0,0,0.0,0
2012-10-18T09:22:52.250,2315.6,10266,2315.2,44,0.0,0,0.0,0,0.0,0,0.0,0,2315.6,13,0.0,0,0.0,0,0.0,0,0.0,0
2012-10-18T09:22:53.250,2315.4,10267,2315.4,2,0.0,0,0.0,0,0.0,0,0.0,0,2315.6,13,0.0,0,0.0,0,0.0,0,0.0,0
2012-10-18T09:22:54.000,2315.6,10270,2315.4,2,0.0,0,0.0,0,0.0,0,0.0,0,2315.6,17,0.0,0,0.0,0,0.0,0,0.0,0
2012-10-18T09:22:54.500,2315.4,10273,2315.2,23,0.0,0,0.0,0,0.0,0,0.0,0,2315.4,5,0.0,0,0.0,0,0.0,0,0.0,0
2012-10-18T09:22:56.000,2315.4,10275,2315.2,27,0.0,0,0.0,0,0.0,0,0.0,0,2315.4,3,0.0,0,0.0,0,0.0,0,0.0,0
2012-10-18T09:22:56.500,2315.2,10278,2315.2,25,0.0,0,0.0,0,0.0,0,0.0,0,2315.4,2,0.0,0,0.0,0,0.0,0,0.0,0
2012-10-18T09:22:57.000,2315.2,10279,2315.2,24,0.0,0,0.0,0,0.0,0,0.0,0,2315.4,1,0.0,0,0.0,0,0.0,0,0.0,0
2012-10-18T09:22:57.500,2315.2,10280,2315.2,23,0.0,0,0.0,0,0.0,0,0.0,0,2315.4,1,0.0,0,0.0,0,0.0,0,0.0,0
2012-10-18T09:22:58.000,2315.2,10283,2315.2,20,0.0,0,0.0,0,0.0,0,0.0,0,2315.4,1,0.0,0,0.0,0,0.0,0,0.0,0
2012-10-18T09:22:58.500,2315.4,10284,2315.4,23,0.0,0,0.0,0,0.0,0,0.0,0,2315.6,24,0.0,0,0.0,0,0.0,0,0.0,0
2012-10-18T09:22:59.000,2315.4,10285,2315.4,22,0.0,0,0.0,0,0.0,0,0.0,0,2315.6,25,0.0,0,0.0,0,0.0,0,0.0,0
2012-10-18T09:22:59.500,2315.4,10288,2315.4,19,0.0,0,0.0,0,0.0,0,0.0,0,2315.6,26,0.0,0,0.0,0,0.0,0,0.0,0
2012-10-18T09:23:00.000,2315.4,10291,2315.4,17,0.0,0,0.0,0,0.0,0,0.0,0,2315.6,25,0.0,0,0.0,0,0.0,0,0.0,0
2012-10-18T09:23:00.500,2315.6,10296,2315.4,16,0.0,0,0.0,0,0.0,0,0.0,0,2315.6,21,0.0,0,0.0,0,0.0,0,0.0,0
2012-10-18T09:23:01.000,2315.4,10298,2315.4,14,0.0,0,0.0,0,0.0,0,0.0,0,2315.6,22,0.0,0,0.0,0,0.0,0,0.0,0
2012-10-18T09:23:01.500,2315.4,10306,2315.4,6,0.0,0,0.0,0,0.0,0,0.0,0,2315.6,24,0.0,0,0.0,0,0.0,0,0.0,0
2012-10-18T09:23:02.250,2315.4,10311,2315.4,3,0.0,0,0.0,0,0.0,0,0.0,0,2315.6,16,0.0,0,0.0,0,0.0,0,0.0,0
2012-10-18T09:23:03.250,2315.4,10314,2315.2,21,0.0,0,0.0,0,0.0,0,0.0,0,2315.6,22,0.0,0,0.0,0,0.0,0,0.0,0
2012-10-18T09:23:04.000,2315.6,10319,2315.4,1,0.0,0,0.0,0,0.0,0,0.0,0,2315.6,14,0.0,0,0.0,0,0.0,0,0.0,0
2012-10-18T09:23:04.500,2315.4,10322,2315.2,41,0.0,0,0.0,0,0.0,0,0.0,0,2315.4,1,0.0,0,0.0,0,0.0,0,0.0,0
2012-10-18T09:23:05.250,2315.4,10324,2315.2,44,0.0,0,0.0,0,0.0,0,0.0,0,2315.6,16,0.0,0,0.0,0,0.0,0,0.0,0
2012-10-18T09:23:06.000,2315.6,10328,2315.4,1,0.0,0,0.0,0,0.0,0,0.0,0,2315.6,14,0.0,0,0.0,0,0.0,0,0.0,0
2012-10-18T09:23:06.500,2315.2,10336,2315.2,35,0.0,0,0.0,0,0.0,0,0.0,0,2315.6,14,0.0,0,0.0,0,0.0,0,0.0,0
2012-10-18T09:23:07.250,2315.4,10337,2315.2,13,0.0,0,0.0,0,0.0,0,0.0,0,2315.4,2,0.0,0,0.0,0,0.0,0,0.0,0
2012-10-18T09:23:08.000,2315.2,10339,2315.2,12,0.0,0,0.0,0,0.0,0,0.0,0,2315.4,2,0.0,0,0.0,0,0.0,0,0.0,0
2012-10-18T09:23:08.500,2315.2,10344,2315.2,7,0.0,0,0.0,0,0.0,0,0.0,0,2315.4,2,0.0,0,0.0,0,0.0,0,0.0,0
2012-10-18T09:23:09.250,2315.2,10346,2315.2,6,0.0,0,0.0,0,0.0,0,0.0,0,2315.4,5,0.0,0,0.0,0,0.0,0,0.0,0
2012-10-18T09:23:10.000,2315.4,10347,2315.2,6,0.0,0,0.0,0,0.0,0,0.0,0,2315.4,4,0.0,0,0.0,0,0.0,0,0.0,0
2012-10-18T09:23:10.500,2315.2,10351,2315.2,2,0.0,0,0.0,0,0.0,0,0.0,0,2315.4,5,0.0,0,0.0,0,0.0,0,0.0,0
2012-10-18T09:23:11.000,2315.4,10359,2315.4,13,0.0,0,0.0,0,0.0,0,0.0,0,2315.6,23,0.0,0,0.0,0,0.0,0,0.0,0
2012-10-18T09:23:11.500,2315.2,10373,2315.2,1,0.0,0,0.0,0,0.0,0,0.0,0,2315.4,21,0.0,0,0.0,0,0.0,0,0.0,0
2012-10-18T09:23:12.250,2315.2,10378,2315.2,1,0.0,0,0.0,0,0.0,0,0.0,0,2315.6,29,0.0,0,0.0,0,0.0,0,0.0,0
2012-10-18T09:23:13.000,2315.2,10380,2315.2,1,0.0,0,0.0,0,0.0,0,0.0,0,2315.4,2,0.0,0,0.0,0,0.0,0,0.0,0
2012-10-18T09:23:13.500,2315.2,10382,2315,16,0.0,0,0.0,0,0.0,0,0.0,0,2315.2,2,0.0,0,0.0,0,0.0,0,0.0,0
2012-10-18T09:23:15.250,2315,10392,2314.8,5,0.0,0,0.0,0,0.0,0,0.0,0,2315,16,0.0,0,0.0,0,0.0,0,0.0,0
2012-10-18T09:23:16.250,2314.8,10393,2314.8,4,0.0,0,0.0,0,0.0,0,0.0,0,2315,4,0.0,0,0.0,0,0.0,0,0.0,0
2012-10-18T09:23:17.000,2314.8,10394,2314.8,3,0.0,0,0.0,0,0.0,0,0.0,0,2315,2,0.0,0,0.0,0,0.0,0,0.0,0
2012-10-18T09:23:17.500,2315,10404,2314.6,7,0.0,0,0.0,0,0.0,0,0.0,0,2315,3,0.0,0,0.0,0,0.0,0,0.0,0
2012-10-18T09:23:19.000,2314.6,10405,2314.6,6,0.0,0,0.0,0,0.0,0,0.0,0,2314.8,5,0.0,0,0.0,0,0.0,0,0.0,0
2012-10-18T09:23:19.500,2314.6,10406,2314.4,13,0.0,0,0.0,0,0.0,0,0.0,0,2314.8,6,0.0,0,0.0,0,0.0,0,0.0,0
2012-10-18T09:23:20.000,2314.8,10407,2314.4,13,0.0,0,0.0,0,0.0,0,0.0,0,2314.8,5,0.0,0,0.0,0,0.0,0,0.0,0
2012-10-18T09:23:20.500,2314.6,10410,2314.4,11,0.0,0,0.0,0,0.0,0,0.0,0,2314.6,3,0.0,0,0.0,0,0.0,0,0.0,0
2012-10-18T09:23:21.000,2314.4,10415,2314.4,6,0.0,0,0.0,0,0.0,0,0.0,0,2314.6,4,0.0,0,0.0,0,0.0,0,0.0,0
2012-10-18T09:23:21.500,2314.4,10422,2314.2,19,0.0,0,0.0,0,0.0,0,0.0,0,2314.4,25,0.0,0,0.0,0,0.0,0,0.0,0
2012-10-18T09:23:22.000,2314.2,10445,2314.2,32,0.0,0,0.0,0,0.0,0,0.0,0,2314.4,9,0.0,0,0.0,0,0.0,0,0.0,0
2012-10-18T09:23:22.500,2314.2,10475,2314.2,16,0.0,0,0.0,0,0.0,0,0.0,0,2314.6,11,0.0,0,0.0,0,0.0,0,0.0,0
2012-10-18T09:23:23.250,2314.6,10479,2314.2,20,0.0,0,0.0,0,0.0,0,0.0,0,2314.6,10,0.0,0,0.0,0,0.0,0,0.0,0
2012-10-18T09:23:24.000,2314.2,10481,2314,18,0.0,0,0.0,0,0.0,0,0.0,0,2314.2,24,0.0,0,0.0,0,0.0,0,0.0,0
2012-10-18T09:23:24.500,2314,10507,2314,5,0.0,0,0.0,0,0.0,0,0.0,0,2314.2,26,0.0,0,0.0,0,0.0,0,0.0,0
2012-10-18T09:23:25.000,2314,10524,2313.8,14,0.0,0,0.0,0,0.0,0,0.0,0,2314,3,0.0,0,0.0,0,0.0,0,0.0,0
2012-10-18T09:23:25.500,2314.2,10529,2314,47,0.0,0,0.0,0,0.0,0,0.0,0,2314.2,19,0.0,0,0.0,0,0.0,0,0.0,0
2012-10-18T09:23:26.000,2314.2,10545,2314,18,0.0,0,0.0,0,0.0,0,0.0,0,2314.2,17,0.0,0,0.0,0,0.0,0,0.0,0
2012-10-18T09:23:26.500,2314.2,10555,2314,8,0.0,0,0.0,0,0.0,0,0.0,0,2314.2,8,0.0,0,0.0,0,0.0,0,0.0,0
2012-10-18T09:23:27.250,2314,10560,2314,6,0.0,0,0.0,0,0.0,0,0.0,0,2314.2,7,0.0,0,0.0,0,0.0,0,0.0,0
2012-10-18T09:23:28.250,2314,10566,2313.8,7,0.0,0,0.0,0,0.0,0,0.0,0,2314,7,0.0,0,0.0,0,0.0,0,0.0,0
2012-10-18T09:23:29.000,2314,10571,2313.8,10,0.0,0,0.0,0,0.0,0,0.0,0,2314,2,0.0,0,0.0,0,0.0,0,0.0,0
2012-10-18T09:23:29.500,2314,10575,2313.8,6,0.0,0,0.0,0,0.0,0,0.0,0,2314.2,14,0.0,0,0.0,0,0.0,0,0.0,0
2012-10-18T09:23:30.000,2314,10577,2313.8,7,0.0,0,0.0,0,0.0,0,0.0,0,2314.2,14,0.0,0,0.0,0,0.0,0,0.0,0
2012-10-18T09:23:30.500,2314.2,10584,2313.8,8,0.0,0,0.0,0,0.0,0,0.0,0,2314.2,8,0.0,0,0.0,0,0.0,0,0.0,0
2012-10-18T09:23:31.000,2314.2,10593,2313.8,3,0.0,0,0.0,0,0.0,0,0.0,0,2314.2,10,0.0,0,0.0,0,0.0,0,0.0,0
2012-10-18T09:23:31.500,2313.8,10597,2313.6,5,0.0,0,0.0,0,0.0,0,0.0,0,2314.2,10,0.0,0,0.0,0,0.0,0,0.0,0
2012-10-18T09:23:32.000,2313.6,10600,2313.6,3,0.0,0,0.0,0,0.0,0,0.0,0,2313.8,7,0.0,0,0.0,0,0.0,0,0.0,0
2012-10-18T09:23:32.500,2313.6,10605,2313.6,4,0.0,0,0.0,0,0.0,0,0.0,0,2313.8,5,0.0,0,0.0,0,0.0,0,0.0,0
2012-10-18T09:23:33.000,2313.8,10608,2313.6,4,0.0,0,0.0,0,0.0,0,0.0,0,2313.8,8,0.0,0,0.0,0,0.0,0,0.0,0
2012-10-18T09:23:33.500,2313.6,10610,2313.4,22,0.0,0,0.0,0,0.0,0,0.0,0,2313.6,5,0.0,0,0.0,0,0.0,0,0.0,0
2012-10-18T09:23:34.000,2313.6,10613,2313.4,14,0.0,0,0.0,0,0.0,0,0.0,0,2313.6,6,0.0,0,0.0,0,0.0,0,0.0,0
2012-10-18T09:23:34.500,2313.6,10619,2313.4,9,0.0,0,0.0,0,0.0,0,0.0,0,2313.6,5,0.0,0,0.0,0,0.0,0,0.0,0
2012-10-18T09:23:35.000,2313.4,10625,2313.4,8,0.0,0,0.0,0,0.0,0,0.0,0,2313.6,4,0.0,0,0.0,0,0.0,0,0.0,0
2012-10-18T09:23:35.500,2313.4,10627,2313.4,6,0.0,0,0.0,0,0.0,0,0.0,0,2313.6,6,0.0,0,0.0,0,0.0,0,0.0,0
2012-10-18T09:23:36.000,2313.4,10633,2313.4,3,0.0,0,0.0,0,0.0,0,0.0,0,2313.6,3,0.0,0,0.0,0,0.0,0,0.0,0
2012-10-18T09:23:36.500,2313.4,10645,2313.2,2,0.0,0,0.0,0,0.0,0,0.0,0,2313.4,8,0.0,0,0.0,0,0.0,0,0.0,0
2012-10-18T09:23:37.000,2313.4,10650,2313.2,6,0.0,0,0.0,0,0.0,0,0.0,0,2313.4,2,0.0,0,0.0,0,0.0,0,0.0,0
2012-10-18T09:23:37.500,2313.2,10652,2313.2,6,0.0,0,0.0,0,0.0,0,0.0,0,2313.4,5,0.0,0,0.0,0,0.0,0,0.0,0
2012-10-18T09:23:38.000,2313.4,10659,2313.2,1,0.0,0,0.0,0,0.0,0,0.0,0,2313.4,9,0.0,0,0.0,0,0.0,0,0.0,0
2012-10-18T09:23:38.500,2313.2,10663,2313.2,6,0.0,0,0.0,0,0.0,0,0.0,0,2313.4,8,0.0,0,0.0,0,0.0,0,0.0,0
2012-10-18T09:23:39.000,2313.2,10667,2313,32,0.0,0,0.0,0,0.0,0,0.0,0,2313.2,12,0.0,0,0.0,0,0.0,0,0.0,0
2012-10-18T09:23:39.500,2313,10722,2313.2,2,0.0,0,0.0,0,0.0,0,0.0,0,2313.4,4,0.0,0,0.0,0,0.0,0,0.0,0
2012-10-18T09:23:40.000,2313.4,10729,2313,49,0.0,0,0.0,0,0.0,0,0.0,0,2313.2,6,0.0,0,0.0,0,0.0,0,0.0,0
2012-10-18T09:23:40.500,2313.2,10738,2313.4,2,0.0,0,0.0,0,0.0,0,0.0,0,2313.6,5,0.0,0,0.0,0,0.0,0,0.0,0
2012-10-18T09:23:41.000,2313.2,10742,2313.2,60,0.0,0,0.0,0,0.0,0,0.0,0,2313.6,11,0.0,0,0.0,0,0.0,0,0.0,0
2012-10-18T09:23:41.500,2313.4,10745,2313.4,18,0.0,0,0.0,0,0.0,0,0.0,0,2313.6,10,0.0,0,0.0,0,0.0,0,0.0,0
2012-10-18T09:23:42.000,2313.4,10747,2313.4,18,0.0,0,0.0,0,0.0,0,0.0,0,2313.6,11,0.0,0,0.0,0,0.0,0,0.0,0
2012-10-18T09:23:42.500,2313.2,10775,2313.6,1,0.0,0,0.0,0,0.0,0,0.0,0,2313.8,11,0.0,0,0.0,0,0.0,0,0.0,0
2012-10-18T09:23:43.000,2313.6,10777,2313.4,1,0.0,0,0.0,0,0.0,0,0.0,0,2313.6,11,0.0,0,0.0,0,0.0,0,0.0,0
2012-10-18T09:23:43.500,2313.4,10779,2313.6,5,0.0,0,0.0,0,0.0,0,0.0,0,2313.8,10,0.0,0,0.0,0,0.0,0,0.0,0
2012-10-18T09:23:44.000,2313.6,10784,2313.4,4,0.0,0,0.0,0,0.0,0,0.0,0,2313.6,26,0.0,0,0.0,0,0.0,0,0.0,0
2012-10-18T09:23:44.500,2313.4,10785,2313.4,1,0.0,0,0.0,0,0.0,0,0.0,0,2313.6,7,0.0,0,0.0,0,0.0,0,0.0,0
2012-10-18T09:23:45.000,2313.6,10787,2313.2,42,0.0,0,0.0,0,0.0,0,0.0,0,2313.8,10,0.0,0,0.0,0,0.0,0,0.0,0
2012-10-18T09:23:45.500,2313.4,10790,2313.4,3,0.0,0,0.0,0,0.0,0,0.0,0,2313.6,4,0.0,0,0.0,0,0.0,0,0.0,0
2012-10-18T09:23:46.000,2313.4,10798,2313.4,4,0.0,0,0.0,0,0.0,0,0.0,0,2313.8,5,0.0,0,0.0,0,0.0,0,0.0,0
2012-10-18T09:23:46.500,2313.8,10799,2313.4,7,0.0,0,0.0,0,0.0,0,0.0,0,2313.8,5,0.0,0,0.0,0,0.0,0,0.0,0
2012-10-18T09:23:47.000,2313.2,10809,2313.4,1,0.0,0,0.0,0,0.0,0,0.0,0,2313.8,5,0.0,0,0.0,0,0.0,0,0.0,0
2012-10-18T09:23:47.500,2313.4,10811,2313.6,26,0.0,0,0.0,0,0.0,0,0.0,0,2313.8,5,0.0,0,0.0,0,0.0,0,0.0,0
2012-10-18T09:23:48.250,2313.8,10816,2313.8,5,0.0,0,0.0,0,0.0,0,0.0,0,2314,14,0.0,0,0.0,0,0.0,0,0.0,0
2012-10-18T09:23:49.250,2313.8,10823,2313.6,26,0.0,0,0.0,0,0.0,0,0.0,0,2313.8,17,0.0,0,0.0,0,0.0,0,0.0,0
2012-10-18T09:23:50.000,2313.8,10827,2313.6,23,0.0,0,0.0,0,0.0,0,0.0,0,2313.8,3,0.0,0,0.0,0,0.0,0,0.0,0
