date_time,last_px,total_volume,bid1_px,bid1_qty,bid2_px,bid2_qty,bid3_px,bid3_qty,bid4_px,bid4_qty,bid5_px,bid5_qty,ask1_px,ask1_qty,ask2_px,ask2_qty,ask3_px,ask3_qty,ask4_px,ask4_qty,ask5_px,ask5_qty
2012-10-25T09:14:00.250,2322,187,2321.6,3,0.0,0,0.0,0,0.0,0,0.0,0,2322,22,0.0,0,0.0,0,0.0,0,0.0,0
2012-10-25T09:15:00.250,2321.6,276,2321.4,1,0.0,0,0.0,0,0.0,0,0.0,0,2321.6,6,0.0,0,0.0,0,0.0,0,0.0,0
2012-10-25T09:15:01.000,2321.2,389,2321,30,0.0,0,0.0,0,0.0,0,0.0,0,2321.6,31,0.0,0,0.0,0,0.0,0,0.0,0
2012-10-25T09:15:01.500,2321.2,520,2320.6,26,0.0,0,0.0,0,0.0,0,0.0,0,2321,1,0.0,0,0.0,0,0.0,0,0.0,0
2012-10-25T09:15:02.000,2321,610,2321.6,1,0.0,0,0.0,0,0.0,0,0.0,0,2322,4,0.0,0,0.0,0,0.0,0,0.0,0
2012-10-25T09:15:02.500,2321.6,711,2321.4,9,0.0,0,0.0,0,0.0,0,0.0,0,2321.6,24,0.0,0,0.0,0,0.0,0,0.0,0
2012-10-25T09:15:03.000,2321.6,800,2321.6,14,0.0,0,0.0,0,0.0,0,0.0,0,2322,38,0.0,0,0.0,0,0.0,0,0.0,0
2012-10-25T09:15:03.500,2322,848,2321.8,26,0.0,0,0.0,0,0.0,0,0.0,0,2322,17,0.0,0,0.0,0,0.0,0,0.0,0
2012-10-25T09:15:04.000,2322.6,879,2322,16,0.0,0,0.0,0,0.0,0,0.0,0,2322.6,3,0.0,0,0.0,0,0.0,0,0.0,0
2012-10-25T09:15:04.500,2322.8,935,2322.6,2,0.0,0,0.0,0,0.0,0,0.0,0,2322.8,1,0.0,0,0.0,0,0.0,0,0.0,0
2012-10-25T09:15:05.000,2322.8,971,2322.6,7,0.0,0,0.0,0,0.0,0,0.0,0,2323,12,0.0,0,0.0,0,0.0,0,0.0,0
2012-10-25T09:15:05.500,2322.6,1070,2322.4,10,0.0,0,0.0,0,0.0,0,0.0,0,2322.6,20,0.0,0,0.0,0,0.0,0,0.0,0
2012-10-25T09:15:06.000,2322.4,1086,2322.2,6,0.0,0,0.0,0,0.0,0,0.0,0,2322.4,28,0.0,0,0.0,0,0.0,0,0.0,0
2012-10-25T09:15:06.500,2322.2,1116,2322,55,0.0,0,0.0,0,0.0,0,0.0,0,2322.2,30,0.0,0,0.0,0,0.0,0,0.0,0
2012-10-25T09:15:07.000,2322,1156,2322,27,0.0,0,0.0,0,0.0,0,0.0,0,2322.2,11,0.0,0,0.0,0,0.0,0,0.0,0
2012-10-25T09:15:07.500,2322,1197,2321.8,8,0.0,0,0.0,0,0.0,0,0.0,0,2322,10,0.0,0,0.0,0,0.0,0,0.0,0
2012-10-25T09:15:08.000,2322,1216,2322.2,14,0.0,0,0.0,0,0.0,0,0.0,0,2322.4,15,0.0,0,0.0,0,0.0,0,0.0,0
2012-10-25T09:15:08.500,2322.4,1240,2322.2,6,0.0,0,0.0,0,0.0,0,0.0,0,2322.4,4,0.0,0,0.0,0,0.0,0,0.0,0
2012-10-25T09:15:09.000,2321.8,1265,2321.8,5,0.0,0,0.0,0,0.0,0,0.0,0,2322.2,13,0.0,0,0.0,0,0.0,0,0.0,0
2012-10-25T09:15:09.500,2322.2,1276,2322,12,0.0,0,0.0,0,0.0,0,0.0,0,2322.2,7,0.0,0,0.0,0,0.0,0,0.0,0
2012-10-25T09:15:10.000,2322.2,1297,2322,7,0.0,0,0.0,0,0.0,0,0.0,0,2322.2,9,0.0,0,0.0,0,0.0,0,0.0,0
2012-10-25T09:15:10.500,2322,1310,2321.8,10,0.0,0,0.0,0,0.0,0,0.0,0,2322,21,0.0,0,0.0,0,0.0,0,0.0,0
2012-10-25T09:15:11.000,2322,1347,2321.6,16,0.0,0,0.0,0,0.0,0,0.0,0,2322,21,0.0,0,0.0,0,0.0,0,0.0,0
2012-10-25T09:15:11.500,2322,1369,2321.6,6,0.0,0,0.0,0,0.0,0,0.0,0,2321.8,2,0.0,0,0.0,0,0.0,0,0.0,0
2012-10-25T09:15:12.000,2321.6,1396,2321.4,2,0.0,0,0.0,0,0.0,0,0.0,0,2321.6,28,0.0,0,0.0,0,0.0,0,0.0,0
2012-10-25T09:15:12.500,2321.6,1405,2321.2,5,0.0,0,0.0,0,0.0,0,0.0,0,2321.4,22,0.0,0,0.0,0,0.0,0,0.0,0
2012-10-25T09:15:13.000,2321.4,1430,2321,52,0.0,0,0.0,0,0.0,0,0.0,0,2321.2,16,0.0,0,0.0,0,0.0,0,0.0,0
2012-10-25T09:15:13.500,2321,1468,2321,16,0.0,0,0.0,0,0.0,0,0.0,0,2321.2,14,0.0,0,0.0,0,0.0,0,0.0,0
2012-10-25T09:15:14.000,2321.2,1472,2321,16,0.0,0,0.0,0,0.0,0,0.0,0,2321.2,7,0.0,0,0.0,0,0.0,0,0.0,0
2012-10-25T09:15:14.500,2321.2,1496,2320.8,3,0.0,0,0.0,0,0.0,0,0.0,0,2321,10,0.0,0,0.0,0,0.0,0,0.0,0
2012-10-25T09:15:15.000,2320.8,1506,2320.8,5,0.0,0,0.0,0,0.0,0,0.0,0,2321,7,0.0,0,0.0,0,0.0,0,0.0,0
2012-10-25T09:15:15.500,2320.6,1525,2320.6,46,0.0,0,0.0,0,0.0,0,0.0,0,2321,56,0.0,0,0.0,0,0.0,0,0.0,0
2012-10-25T09:15:16.000,2320.8,1581,2320.8,1,0.0,0,0.0,0,0.0,0,0.0,0,2321,32,0.0,0,0.0,0,0.0,0,0.0,0
2012-10-25T09:15:16.500,2320.8,1600,2320.6,41,0.0,0,0.0,0,0.0,0,0.0,0,2320.8,3,0.0,0,0.0,0,0.0,0,0.0,0
2012-10-25T09:15:17.000,2320.6,1609,2320.6,42,0.0,0,0.0,0,0.0,0,0.0,0,2320.8,12,0.0,0,0.0,0,0.0,0,0.0,0
2012-10-25T09:15:17.500,2320.6,1645,2320.6,24,0.0,0,0.0,0,0.0,0,0.0,0,2320.8,1,0.0,0,0.0,0,0.0,0,0.0,0
2012-10-25T09:15:18.000,2320.8,1655,2320.6,25,0.0,0,0.0,0,0.0,0,0.0,0,2320.8,1,0.0,0,0.0,0,0.0,0,0.0,0
2012-10-25T09:15:18.500,2320.8,1668,2320.8,2,0.0,0,0.0,0,0.0,0,0.0,0,2321,24,0.0,0,0.0,0,0.0,0,0.0,0
2012-10-25T09:15:19.000,2320.6,1681,2320.6,33,0.0,0,0.0,0,0.0,0,0.0,0,2320.8,2,0.0,0,0.0,0,0.0,0,0.0,0
2012-10-25T09:15:19.500,2320.8,1725,2320.6,13,0.0,0,0.0,0,0.0,0,0.0,0,2320.8,1,0.0,0,0.0,0,0.0,0,0.0,0
2012-10-25T09:15:20.000,2321,1745,2321,5,0.0,0,0.0,0,0.0,0,0.0,0,2321.2,2,0.0,0,0.0,0,0.0,0,0.0,0
2012-10-25T09:15:20.500,2320.8,1771,2320.8,11,0.0,0,0.0,0,0.0,0,0.0,0,2321,10,0.0,0,0.0,0,0.0,0,0.0,0
2012-10-25T09:15:21.000,2321.2,1796,2320.8,11,0.0,0,0.0,0,0.0,0,0.0,0,2321.4,11,0.0,0,0.0,0,0.0,0,0.0,0
2012-10-25T09:15:21.500,2321.4,1805,2321,48,0.0,0,0.0,0,0.0,0,0.0,0,2321.4,7,0.0,0,0.0,0,0.0,0,0.0,0
2012-10-25T09:15:22.000,2321.4,1826,2321.2,26,0.0,0,0.0,0,0.0,0,0.0,0,2321.4,3,0.0,0,0.0,0,0.0,0,0.0,0
2012-10-25T09:15:22.500,2321.4,1842,2321.4,10,0.0,0,0.0,0,0.0,0,0.0,0,2321.6,7,0.0,0,0.0,0,0.0,0,0.0,0
2012-10-25T09:15:23.000,2321.6,1850,2321.6,12,0.0,0,0.0,0,0.0,0,0.0,0,2321.8,4,0.0,0,0.0,0,0.0,0,0.0,0
2012-10-25T09:15:23.500,2321.8,1870,2321.8,1,0.0,0,0.0,0,0.0,0,0.0,0,2322,26,0.0,0,0.0,0,0.0,0,0.0,0
2012-10-25T09:15:24.000,2322,1898,2322,21,0.0,0,0.0,0,0.0,0,0.0,0,2322.2,5,0.0,0,0.0,0,0.0,0,0.0,0
2012-10-25T09:15:24.500,2322.2,1904,2322.2,15,0.0,0,0.0,0,0.0,0,0.0,0,2322.4,12,0.0,0,0.0,0,0.0,0,0.0,0
2012-10-25T09:15:25.000,2322.2,1905,2322.2,14,0.0,0,0.0,0,0.0,0,0.0,0,2322.4,12,0.0,0,0.0,0,0.0,0,0.0,0
2012-10-25T09:15:25.500,2322.4,1915,2322.2,9,0.0,0,0.0,0,0.0,0,0.0,0,2322.4,8,0.0,0,0.0,0,0.0,0,0.0,0
2012-10-25T09:15:26.000,2322.4,1927,2322.2,8,0.0,0,0.0,0,0.0,0,0.0,0,2322.4,9,0.0,0,0.0,0,0.0,0,0.0,0
2012-10-25T09:15:26.500,2322.4,1938,2322,27,0.0,0,0.0,0,0.0,0,0.0,0,2322.4,12,0.0,0,0.0,0,0.0,0,0.0,0
2012-10-25T09:15:27.000,2322.4,1959,2322,21,0.0,0,0.0,0,0.0,0,0.0,0,2322.4,16,0.0,0,0.0,0,0.0,0,0.0,0
2012-10-25T09:15:27.500,2322,1981,2322,16,0.0,0,0.0,0,0.0,0,0.0,0,2322.2,2,0.0,0,0.0,0,0.0,0,0.0,0
2012-10-25T09:15:28.000,2322.4,1987,2322,15,0.0,0,0.0,0,0.0,0,0.0,0,2322.2,1,0.0,0,0.0,0,0.0,0,0.0,0
2012-10-25T09:15:28.500,2321.8,2007,2321.8,5,0.0,0,0.0,0,0.0,0,0.0,0,2322.6,12,0.0,0,0.0,0,0.0,0,0.0,0
2012-10-25T09:15:29.000,2322,2021,2322,1,0.0,0,0.0,0,0.0,0,0.0,0,2322.4,4,0.0,0,0.0,0,0.0,0,0.0,0
2012-10-25T09:15:29.500,2322.2,2025,2322.2,1,0.0,0,0.0,0,0.0,0,0.0,0,2322.4,11,0.0,0,0.0,0,0.0,0,0.0,0
2012-10-25T09:15:30.000,2322.2,2027,2322.2,3,0.0,0,0.0,0,0.0,0,0.0,0,2322.4,21,0.0,0,0.0,0,0.0,0,0.0,0
2012-10-25T09:15:30.500,2321.8,2042,2321.8,19,0.0,0,0.0,0,0.0,0,0.0,0,2322,6,0.0,0,0.0,0,0.0,0,0.0,0
2012-10-25T09:15:31.000,2322,2047,2321.8,19,0.0,0,0.0,0,0.0,0,0.0,0,2322,1,0.0,0,0.0,0,0.0,0,0.0,0
2012-10-25T09:15:31.500,2322.2,2058,2322,3,0.0,0,0.0,0,0.0,0,0.0,0,2322.2,8,0.0,0,0.0,0,0.0,0,0.0,0
2012-10-25T09:15:32.000,2322,2074,2321.8,14,0.0,0,0.0,0,0.0,0,0.0,0,2322,47,0.0,0,0.0,0,0.0,0,0.0,0
2012-10-25T09:15:32.500,2321.8,2111,2321.8,13,0.0,0,0.0,0,0.0,0,0.0,0,2322,12,0.0,0,0.0,0,0.0,0,0.0,0
2012-10-25T09:15:33.000,2321.8,2123,2321.8,7,0.0,0,0.0,0,0.0,0,0.0,0,2322,8,0.0,0,0.0,0,0.0,0,0.0,0
2012-10-25T09:15:33.500,2321.8,2131,2321.6,15,0.0,0,0.0,0,0.0,0,0.0,0,2321.8,12,0.0,0,0.0,0,0.0,0,0.0,0
2012-10-25T09:15:34.000,2322,2147,2321.6,15,0.0,0,0.0,0,0.0,0,0.0,0,2322,9,0.0,0,0.0,0,0.0,0,0.0,0
2012-10-25T09:15:34.500,2321.8,2151,2321.6,15,0.0,0,0.0,0,0.0,0,0.0,0,2321.8,3,0.0,0,0.0,0,0.0,0,0.0,0
2012-10-25T09:15:35.000,2322,2161,2321.6,21,0.0,0,0.0,0,0.0,0,0.0,0,2322,1,0.0,0,0.0,0,0.0,0,0.0,0
2012-10-25T09:15:35.500,2322,2162,2322,7,0.0,0,0.0,0,0.0,0,0.0,0,2322.2,13,0.0,0,0.0,0,0.0,0,0.0,0
2012-10-25T09:15:36.000,2322,2172,2321.6,22,0.0,0,0.0,0,0.0,0,0.0,0,2322,4,0.0,0,0.0,0,0.0,0,0.0,0
2012-10-25T09:15:36.500,2322,2174,2321.6,24,0.0,0,0.0,0,0.0,0,0.0,0,2322,8,0.0,0,0.0,0,0.0,0,0.0,0
2012-10-25T09:15:37.000,2321.8,2186,2321.6,24,0.0,0,0.0,0,0.0,0,0.0,0,2322,3,0.0,0,0.0,0,0.0,0,0.0,0
2012-10-25T09:15:37.500,2322,2190,2321.6,20,0.0,0,0.0,0,0.0,0,0.0,0,2322,2,0.0,0,0.0,0,0.0,0,0.0,0
2012-10-25T09:15:38.000,2321.6,2199,2321.6,14,0.0,0,0.0,0,0.0,0,0.0,0,2322.2,13,0.0,0,0.0,0,0.0,0,0.0,0
2012-10-25T09:15:38.500,2322,2200,2321.6,16,0.0,0,0.0,0,0.0,0,0.0,0,2322.2,13,0.0,0,0.0,0,0.0,0,0.0,0
2012-10-25T09:15:39.000,2321.6,2224,2321.6,1,0.0,0,0.0,0,0.0,0,0.0,0,2322,2,0.0,0,0.0,0,0.0,0,0.0,0
2012-10-25T09:15:39.500,2322,2225,2321.6,3,0.0,0,0.0,0,0.0,0,0.0,0,2322,5,0.0,0,0.0,0,0.0,0,0.0,0
2012-10-25T09:15:40.000,2321.6,2229,2321.4,30,0.0,0,0.0,0,0.0,0,0.0,0,2322,10,0.0,0,0.0,0,0.0,0,0.0,0
2012-10-25T09:15:40.500,2321.6,2230,2321.6,1,0.0,0,0.0,0,0.0,0,0.0,0,2321.8,26,0.0,0,0.0,0,0.0,0,0.0,0
2012-10-25T09:15:41.000,2321.6,2232,2321.6,2,0.0,0,0.0,0,0.0,0,0.0,0,2321.8,30,0.0,0,0.0,0,0.0,0,0.0,0
2012-10-25T09:15:41.500,2321.6,2238,2321.6,1,0.0,0,0.0,0,0.0,0,0.0,0,2321.8,30,0.0,0,0.0,0,0.0,0,0.0,0
2012-10-25T09:15:42.000,2321.8,2240,2321.4,32,0.0,0,0.0,0,0.0,0,0.0,0,2321.6,26,0.0,0,0.0,0,0.0,0,0.0,0
2012-10-25T09:15:42.500,2321.4,2262,2321.4,11,0.0,0,0.0,0,0.0,0,0.0,0,2321.6,29,0.0,0,0.0,0,0.0,0,0.0,0
2012-10-25T09:15:43.000,2321.2,2278,2321.2,34,0.0,0,0.0,0,0.0,0,0.0,0,2321.4,26,0.0,0,0.0,0,0.0,0,0.0,0
2012-10-25T09:15:43.500,2321.4,2308,2321.2,15,0.0,0,0.0,0,0.0,0,0.0,0,2321.4,33,0.0,0,0.0,0,0.0,0,0.0,0
2012-10-25T09:15:44.000,2321.2,2328,2321.2,6,0.0,0,0.0,0,0.0,0,0.0,0,2321.4,16,0.0,0,0.0,0,0.0,0,0.0,0
2012-10-25T09:15:44.500,2321.2,2357,2321,30,0.0,0,0.0,0,0.0,0,0.0,0,2321.2,6,0.0,0,0.0,0,0.0,0,0.0,0
2012-10-25T09:15:45.000,2321,2366,2321,21,0.0,0,0.0,0,0.0,0,0.0,0,2321.2,6,0.0,0,0.0,0,0.0,0,0.0,0
2012-10-25T09:15:45.500,2321.2,2384,2321.2,9,0.0,0,0.0,0,0.0,0,0.0,0,2321.4,2,0.0,0,0.0,0,0.0,0,0.0,0
2012-10-25T09:15:46.000,2321.2,2388,2321.2,7,0.0,0,0.0,0,0.0,0,0.0,0,2321.4,22,0.0,0,0.0,0,0.0,0,0.0,0
2012-10-25T09:15:46.500,2321.2,2397,2321.2,10,0.0,0,0.0,0,0.0,0,0.0,0,2321.4,21,0.0,0,0.0,0,0.0,0,0.0,0
2012-10-25T09:15:47.000,2321.4,2401,2321.2,8,0.0,0,0.0,0,0.0,0,0.0,0,2321.4,23,0.0,0,0.0,0,0.0,0,0.0,0
2012-10-25T09:15:47.500,2321.4,2404,2321.2,8,0.0,0,0.0,0,0.0,0,0.0,0,2321.4,23,0.0,0,0.0,0,0.0,0,0.0,0
2012-10-25T09:15:48.000,2321.2,2418,2321,26,0.0,0,0.0,0,0.0,0,0.0,0,2321.2,2,0.0,0,0.0,0,0.0,0,0.0,0
2012-10-25T09:15:48.500,2321.4,2422,2321,26,0.0,0,0.0,0,0.0,0,0.0,0,2321.2,6,0.0,0,0.0,0,0.0,0,0.0,0
2012-10-25T09:15:49.000,2321,2435,2321,19,0.0,0,0.0,0,0.0,0,0.0,0,2321.4,9,0.0,0,0.0,0,0.0,0,0.0,0
2012-10-25T09:15:49.500,2321.2,2436,2321.2,1,0.0,0,0.0,0,0.0,0,0.0,0,2321.4,9,0.0,0,0.0,0,0.0,0,0.0,0
2012-10-25T09:15:50.000,2321.4,2438,2321.2,3,0.0,0,0.0,0,0.0,0,0.0,0,2321.4,9,0.0,0,0.0,0,0.0,0,0.0,0
2012-10-25T09:15:50.500,2321.2,2450,2321.2,4,0.0,0,0.0,0,0.0,0,0.0,0,2321.4,7,0.0,0,0.0,0,0.0,0,0.0,0
2012-10-25T09:15:51.000,2321.4,2457,2321.4,21,0.0,0,0.0,0,0.0,0,0.0,0,2321.6,52,0.0,0,0.0,0,0.0,0,0.0,0
2012-10-25T09:15:51.500,2321.4,2458,2321.4,22,0.0,0,0.0,0,0.0,0,0.0,0,2321.6,52,0.0,0,0.0,0,0.0,0,0.0,0
2012-10-25T09:15:52.000,2321.6,2466,2321.4,18,0.0,0,0.0,0,0.0,0,0.0,0,2321.6,49,0.0,0,0.0,0,0.0,0,0.0,0
2012-10-25T09:15:52.500,2321.6,2498,2321.4,22,0.0,0,0.0,0,0.0,0,0.0,0,2321.6,18,0.0,0,0.0,0,0.0,0,0.0,0
2012-10-25T09:15:53.000,2321.6,2511,2321.4,19,0.0,0,0.0,0,0.0,0,0.0,0,2321.6,11,0.0,0,0.0,0,0.0,0,0.0,0
2012-10-25T09:15:53.500,2321.6,2528,2321.6,101,0.0,0,0.0,0,0.0,0,0.0,0,2321.8,29,0.0,0,0.0,0,0.0,0,0.0,0
2012-10-25T09:15:54.000,2321.6,2563,2321.6,103,0.0,0,0.0,0,0.0,0,0.0,0,2322,65,0.0,0,0.0,0,0.0,0,0.0,0
2012-10-25T09:15:54.500,2322,2572,2321.8,72,0.0,0,0.0,0,0.0,0,0.0,0,2322,62,0.0,0,0.0,0,0.0,0,0.0,0
2012-10-25T09:15:55.000,2321.8,2574,2321.8,71,0.0,0,0.0,0,0.0,0,0.0,0,2322,62,0.0,0,0.0,0,0.0,0,0.0,0
2012-10-25T09:15:55.500,2322,2579,2321.8,61,0.0,0,0.0,0,0.0,0,0.0,0,2322,59,0.0,0,0.0,0,0.0,0,0.0,0
2012-10-25T09:15:56.000,2321.8,2591,2321.8,44,0.0,0,0.0,0,0.0,0,0.0,0,2322,48,0.0,0,0.0,0,0.0,0,0.0,0
2012-10-25T09:15:56.500,2321.8,2623,2321.8,39,0.0,0,0.0,0,0.0,0,0.0,0,2322,20,0.0,0,0.0,0,0.0,0,0.0,0
2012-10-25T09:15:57.000,2322,2631,2321.8,40,0.0,0,0.0,0,0.0,0,0.0,0,2322,12,0.0,0,0.0,0,0.0,0,0.0,0
2012-10-25T09:15:57.500,2322,2641,2321.8,41,0.0,0,0.0,0,0.0,0,0.0,0,2322,12,0.0,0,0.0,0,0.0,0,0.0,0
2012-10-25T09:15:58.000,2322,2670,2322,18,0.0,0,0.0,0,0.0,0,0.0,0,2322.2,13,0.0,0,0.0,0,0.0,0,0.0,0
2012-10-25T09:15:58.500,2322,2677,2322,13,0.0,0,0.0,0,0.0,0,0.0,0,2322.2,13,0.0,0,0.0,0,0.0,0,0.0,0
2012-10-25T09:15:59.000,2322,2685,2322,20,0.0,0,0.0,0,0.0,0,0.0,0,2322.2,7,0.0,0,0.0,0,0.0,0,0.0,0
2012-10-25T09:15:59.500,2322.2,2689,2322,20,0.0,0,0.0,0,0.0,0,0.0,0,2322.2,5,0.0,0,0.0,0,0.0,0,0.0,0
2012-10-25T09:16:00.000,2322,2691,2322,24,0.0,0,0.0,0,0.0,0,0.0,0,2322.2,11,0.0,0,0.0,0,0.0,0,0.0,0
2012-10-25T09:16:00.500,2322.4,2726,2322.2,40,0.0,0,0.0,0,0.0,0,0.0,0,2322.4,17,0.0,0,0.0,0,0.0,0,0.0,0
2012-10-25T09:16:01.000,2322.6,2772,2322.4,64,0.0,0,0.0,0,0.0,0,0.0,0,2322.6,35,0.0,0,0.0,0,0.0,0,0.0,0
2012-10-25T09:16:01.500,2322.4,2816,2322.4,52,0.0,0,0.0,0,0.0,0,0.0,0,2322.6,3,0.0,0,0.0,0,0.0,0,0.0,0
2012-10-25T09:16:02.000,2322.6,2842,2322.8,4,0.0,0,0.0,0,0.0,0,0.0,0,2323,51,0.0,0,0.0,0,0.0,0,0.0,0
2012-10-25T09:16:02.500,2323,2849,2322.8,1,0.0,0,0.0,0,0.0,0,0.0,0,2323,47,0.0,0,0.0,0,0.0,0,0.0,0
2012-10-25T09:16:03.000,2323,2866,2322.6,33,0.0,0,0.0,0,0.0,0,0.0,0,2323,34,0.0,0,0.0,0,0.0,0,0.0,0
2012-10-25T09:16:03.500,2322.6,2885,2322.6,34,0.0,0,0.0,0,0.0,0,0.0,0,2323,27,0.0,0,0.0,0,0.0,0,0.0,0
2012-10-25T09:16:04.000,2322.6,2914,2322.6,33,0.0,0,0.0,0,0.0,0,0.0,0,2323,3,0.0,0,0.0,0,0.0,0,0.0,0
2012-10-25T09:16:04.500,2323.2,2922,2323,48,0.0,0,0.0,0,0.0,0,0.0,0,2323.2,7,0.0,0,0.0,0,0.0,0,0.0,0
2012-10-25T09:16:05.000,2323.4,2949,2323.2,2,0.0,0,0.0,0,0.0,0,0.0,0,2323.4,46,0.0,0,0.0,0,0.0,0,0.0,0
2012-10-25T09:16:05.500,2323,2958,2323,95,0.0,0,0.0,0,0.0,0,0.0,0,2323.2,1,0.0,0,0.0,0,0.0,0,0.0,0
2012-10-25T09:16:06.000,2323.4,3025,2323,44,0.0,0,0.0,0,0.0,0,0.0,0,2323.4,41,0.0,0,0.0,0,0.0,0,0.0,0
2012-10-25T09:16:06.500,2323.2,3056,2323.2,15,0.0,0,0.0,0,0.0,0,0.0,0,2323.4,28,0.0,0,0.0,0,0.0,0,0.0,0
2012-10-25T09:16:07.000,2323.2,3113,2323.2,5,0.0,0,0.0,0,0.0,0,0.0,0,2323.4,7,0.0,0,0.0,0,0.0,0,0.0,0
2012-10-25T09:16:07.500,2323.4,3123,2323.4,17,0.0,0,0.0,0,0.0,0,0.0,0,2323.6,35,0.0,0,0.0,0,0.0,0,0.0,0
2012-10-25T09:16:08.000,2323.8,3215,2323.6,5,0.0,0,0.0,0,0.0,0,0.0,0,2323.8,40,0.0,0,0.0,0,0.0,0,0.0,0
2012-10-25T09:16:08.500,2323.8,3234,2323.6,12,0.0,0,0.0,0,0.0,0,0.0,0,2323.8,22,0.0,0,0.0,0,0.0,0,0.0,0
2012-10-25T09:16:09.000,2323.8,3298,2323.8,18,0.0,0,0.0,0,0.0,0,0.0,0,2324,36,0.0,0,0.0,0,0.0,0,0.0,0
2012-10-25T09:16:09.500,2324,3323,2323.8,57,0.0,0,0.0,0,0.0,0,0.0,0,2324,22,0.0,0,0.0,0,0.0,0,0.0,0
2012-10-25T09:16:10.000,2324,3343,2323.8,50,0.0,0,0.0,0,0.0,0,0.0,0,2324,11,0.0,0,0.0,0,0.0,0,0.0,0
2012-10-25T09:16:10.500,2324,3362,2324,16,0.0,0,0.0,0,0.0,0,0.0,0,2324.2,13,0.0,0,0.0,0,0.0,0,0.0,0
2012-10-25T09:16:11.000,2323.8,3397,2323.8,53,0.0,0,0.0,0,0.0,0,0.0,0,2324,19,0.0,0,0.0,0,0.0,0,0.0,0
2012-10-25T09:16:11.500,2323.8,3420,2323.8,45,0.0,0,0.0,0,0.0,0,0.0,0,2324,25,0.0,0,0.0,0,0.0,0,0.0,0
2012-10-25T09:16:12.000,2323.8,3471,2323.6,7,0.0,0,0.0,0,0.0,0,0.0,0,2323.8,41,0.0,0,0.0,0,0.0,0,0.0,0
2012-10-25T09:16:12.500,2323.6,3493,2323.4,44,0.0,0,0.0,0,0.0,0,0.0,0,2323.6,29,0.0,0,0.0,0,0.0,0,0.0,0
2012-10-25T09:16:13.000,2323.6,3508,2323.4,38,0.0,0,0.0,0,0.0,0,0.0,0,2323.6,32,0.0,0,0.0,0,0.0,0,0.0,0
2012-10-25T09:16:13.500,2323.6,3525,2323.4,37,0.0,0,0.0,0,0.0,0,0.0,0,2323.6,19,0.0,0,0.0,0,0.0,0,0.0,0
2012-10-25T09:16:14.000,2323.6,3534,2323.4,33,0.0,0,0.0,0,0.0,0,0.0,0,2323.6,21,0.0,0,0.0,0,0.0,0,0.0,0
2012-10-25T09:16:14.500,2323.6,3550,2323.4,28,0.0,0,0.0,0,0.0,0,0.0,0,2323.6,14,0.0,0,0.0,0,0.0,0,0.0,0
2012-10-25T09:16:15.000,2323.6,3605,2323,19,0.0,0,0.0,0,0.0,0,0.0,0,2323.4,10,0.0,0,0.0,0,0.0,0,0.0,0
2012-10-25T09:16:15.500,2323,3615,2323,14,0.0,0,0.0,0,0.0,0,0.0,0,2323.4,58,0.0,0,0.0,0,0.0,0,0.0,0
2012-10-25T09:16:16.000,2323,3627,2323,11,0.0,0,0.0,0,0.0,0,0.0,0,2323.2,3,0.0,0,0.0,0,0.0,0,0.0,0
2012-10-25T09:16:16.500,2323,3649,2322.8,1,0.0,0,0.0,0,0.0,0,0.0,0,2323,5,0.0,0,0.0,0,0.0,0,0.0,0
2012-10-25T09:16:17.000,2323,3654,2322.8,2,0.0,0,0.0,0,0.0,0,0.0,0,2323,3,0.0,0,0.0,0,0.0,0,0.0,0
2012-10-25T09:16:17.500,2322.8,3671,2322.6,11,0.0,0,0.0,0,0.0,0,0.0,0,2322.8,41,0.0,0,0.0,0,0.0,0,0.0,0
2012-10-25T09:16:18.000,2322.6,3688,2322.4,11,0.0,0,0.0,0,0.0,0,0.0,0,2322.6,16,0.0,0,0.0,0,0.0,0,0.0,0
2012-10-25T09:16:18.500,2322.6,3699,2322.4,11,0.0,0,0.0,0,0.0,0,0.0,0,2322.6,5,0.0,0,0.0,0,0.0,0,0.0,0
2012-10-25T09:16:19.000,2322.4,3721,2322.4,10,0.0,0,0.0,0,0.0,0,0.0,0,2322.8,28,0.0,0,0.0,0,0.0,0,0.0,0
2012-10-25T09:16:19.500,2322.8,3739,2322.4,10,0.0,0,0.0,0,0.0,0,0.0,0,2322.8,22,0.0,0,0.0,0,0.0,0,0.0,0
2012-10-25T09:16:20.000,2322.6,3742,2322.4,10,0.0,0,0.0,0,0.0,0,0.0,0,2322.8,23,0.0,0,0.0,0,0.0,0,0.0,0
2012-10-25T09:16:20.500,2322.8,3743,2322.4,10,0.0,0,0.0,0,0.0,0,0.0,0,2322.8,22,0.0,0,0.0,0,0.0,0,0.0,0
2012-10-25T09:16:21.000,2322.8,3750,2322.4,9,0.0,0,0.0,0,0.0,0,0.0,0,2322.8,16,0.0,0,0.0,0,0.0,0,0.0,0
2012-10-25T09:16:21.500,2322.8,3755,2322.4,1,0.0,0,0.0,0,0.0,0,0.0,0,2322.8,15,0.0,0,0.0,0,0.0,0,0.0,0
2012-10-25T09:16:22.000,2323.4,3779,2322.4,1,0.0,0,0.0,0,0.0,0,0.0,0,2323.4,61,0.0,0,0.0,0,0.0,0,0.0,0
2012-10-25T09:16:22.500,2322.8,3796,2322.6,5,0.0,0,0.0,0,0.0,0,0.0,0,2322.8,5,0.0,0,0.0,0,0.0,0,0.0,0
2012-10-25T09:16:23.000,2322.6,3800,2322.6,2,0.0,0,0.0,0,0.0,0,0.0,0,2322.8,7,0.0,0,0.0,0,0.0,0,0.0,0
2012-10-25T09:16:23.500,2322.8,3809,2322.6,2,0.0,0,0.0,0,0.0,0,0.0,0,2323,1,0.0,0,0.0,0,0.0,0,0.0,0
2012-10-25T09:16:24.000,2323.4,3814,2323,3,0.0,0,0.0,0,0.0,0,0.0,0,2323.2,1,0.0,0,0.0,0,0.0,0,0.0,0
2012-10-25T09:16:24.500,2323.2,3816,2323,4,0.0,0,0.0,0,0.0,0,0.0,0,2323.2,9,0.0,0,0.0,0,0.0,0,0.0,0
2012-10-25T09:16:25.000,2323.2,3832,2323,2,0.0,0,0.0,0,0.0,0,0.0,0,2323.2,5,0.0,0,0.0,0,0.0,0,0.0,0
2012-10-25T09:16:25.500,2322.8,3859,2322.6,11,0.0,0,0.0,0,0.0,0,0.0,0,2322.8,2,0.0,0,0.0,0,0.0,0,0.0,0
2012-10-25T09:16:26.000,2323,3863,2322.6,13,0.0,0,0.0,0,0.0,0,0.0,0,2323,1,0.0,0,0.0,0,0.0,0,0.0,0
2012-10-25T09:16:26.500,2323.2,3868,2322.6,14,0.0,0,0.0,0,0.0,0,0.0,0,2323.2,5,0.0,0,0.0,0,0.0,0,0.0,0
2012-10-25T09:16:27.000,2322.8,3871,2323,1,0.0,0,0.0,0,0.0,0,0.0,0,2323.2,11,0.0,0,0.0,0,0.0,0,0.0,0
2012-10-25T09:16:27.500,2323.2,3875,2323,6,0.0,0,0.0,0,0.0,0,0.0,0,2323.2,9,0.0,0,0.0,0,0.0,0,0.0,0
2012-10-25T09:16:28.000,2323,3884,2322.8,3,0.0,0,0.0,0,0.0,0,0.0,0,2323,13,0.0,0,0.0,0,0.0,0,0.0,0
2012-10-25T09:16:28.500,2322.8,3888,2322.8,6,0.0,0,0.0,0,0.0,0,0.0,0,2323,15,0.0,0,0.0,0,0.0,0,0.0,0
2012-10-25T09:16:29.000,2323,3891,2322.8,6,0.0,0,0.0,0,0.0,0,0.0,0,2323,22,0.0,0,0.0,0,0.0,0,0.0,0
2012-10-25T09:16:29.500,2323,3899,2322.8,1,0.0,0,0.0,0,0.0,0,0.0,0,2323,20,0.0,0,0.0,0,0.0,0,0.0,0
2012-10-25T09:16:30.000,2322.8,3903,2322.6,27,0.0,0,0.0,0,0.0,0,0.0,0,2322.8,1,0.0,0,0.0,0,0.0,0,0.0,0
2012-10-25T09:16:30.500,2322.8,3906,2322.6,40,0.0,0,0.0,0,0.0,0,0.0,0,2322.8,1,0.0,0,0.0,0,0.0,0,0.0,0
2012-10-25T09:16:31.000,2323,3912,2322.8,2,0.0,0,0.0,0,0.0,0,0.0,0,2323,14,0.0,0,0.0,0,0.0,0,0.0,0
2012-10-25T09:16:31.500,2323,3926,2323,6,0.0,0,0.0,0,0.0,0,0.0,0,2323.2,27,0.0,0,0.0,0,0.0,0,0.0,0
2012-10-25T09:16:32.000,2323,3927,2323,6,0.0,0,0.0,0,0.0,0,0.0,0,2323.2,27,0.0,0,0.0,0,0.0,0,0.0,0
2012-10-25T09:16:32.500,2323,3955,2322.8,10,0.0,0,0.0,0,0.0,0,0.0,0,2323,11,0.0,0,0.0,0,0.0,0,0.0,0
2012-10-25T09:16:33.000,2323,3959,2322.8,13,0.0,0,0.0,0,0.0,0,0.0,0,2323,7,0.0,0,0.0,0,0.0,0,0.0,0
2012-10-25T09:16:33.500,2323,3967,2322.8,17,0.0,0,0.0,0,0.0,0,0.0,0,2323,1,0.0,0,0.0,0,0.0,0,0.0,0
2012-10-25T09:16:34.000,2323,3968,2323,4,0.0,0,0.0,0,0.0,0,0.0,0,2323.2,11,0.0,0,0.0,0,0.0,0,0.0,0
2012-10-25T09:16:34.500,2323,3970,2323,11,0.0,0,0.0,0,0.0,0,0.0,0,2323.2,11,0.0,0,0.0,0,0.0,0,0.0,0
2012-10-25T09:16:35.000,2323,3992,2322.8,20,0.0,0,0.0,0,0.0,0,0.0,0,2323,3,0.0,0,0.0,0,0.0,0,0.0,0
2012-10-25T09:16:35.500,2322.8,4016,2322.6,60,0.0,0,0.0,0,0.0,0,0.0,0,2322.8,26,0.0,0,0.0,0,0.0,0,0.0,0
2012-10-25T09:16:36.000,2322.8,4017,2322.6,60,0.0,0,0.0,0,0.0,0,0.0,0,2322.8,27,0.0,0,0.0,0,0.0,0,0.0,0
2012-10-25T09:16:36.500,2322.8,4019,2322.6,60,0.0,0,0.0,0,0.0,0,0.0,0,2322.8,25,0.0,0,0.0,0,0.0,0,0.0,0
2012-10-25T09:16:37.000,2322.8,4024,2322.6,61,0.0,0,0.0,0,0.0,0,0.0,0,2322.8,20,0.0,0,0.0,0,0.0,0,0.0,0
2012-10-25T09:16:37.500,2322.8,4046,2322.8,20,0.0,0,0.0,0,0.0,0,0.0,0,2323,20,0.0,0,0.0,0,0.0,0,0.0,0
2012-10-25T09:16:38.000,2323,4050,2322.8,21,0.0,0,0.0,0,0.0,0,0.0,0,2323,19,0.0,0,0.0,0,0.0,0,0.0,0
2012-10-25T09:16:38.500,2323,4051,2322.8,23,0.0,0,0.0,0,0.0,0,0.0,0,2323,19,0.0,0,0.0,0,0.0,0,0.0,0
2012-10-25T09:16:39.250,2323,4052,2322.8,32,0.0,0,0.0,0,0.0,0,0.0,0,2323,19,0.0,0,0.0,0,0.0,0,0.0,0
2012-10-25T09:16:40.000,2323,4059,2322.8,31,0.0,0,0.0,0,0.0,0,0.0,0,2323,20,0.0,0,0.0,0,0.0,0,0.0,0
2012-10-25T09:16:40.500,2322.8,4060,2322.8,31,0.0,0,0.0,0,0.0,0,0.0,0,2323,20,0.0,0,0.0,0,0.0,0,0.0,0
2012-10-25T09:16:41.000,2323,4067,2322.8,30,0.0,0,0.0,0,0.0,0,0.0,0,2323,18,0.0,0,0.0,0,0.0,0,0.0,0
2012-10-25T09:16:41.500,2323,4068,2322.8,37,0.0,0,0.0,0,0.0,0,0.0,0,2323,19,0.0,0,0.0,0,0.0,0,0.0,0
2012-10-25T09:16:42.000,2323,4084,2322.8,28,0.0,0,0.0,0,0.0,0,0.0,0,2323,17,0.0,0,0.0,0,0.0,0,0.0,0
2012-10-25T09:16:42.500,2323,4090,2322.8,30,0.0,0,0.0,0,0.0,0,0.0,0,2323,12,0.0,0,0.0,0,0.0,0,0.0,0
2012-10-25T09:16:43.000,2323,4097,2322.8,31,0.0,0,0.0,0,0.0,0,0.0,0,2323,7,0.0,0,0.0,0,0.0,0,0.0,0
2012-10-25T09:16:43.500,2323,4104,2322.8,27,0.0,0,0.0,0,0.0,0,0.0,0,2323,5,0.0,0,0.0,0,0.0,0,0.0,0
2012-10-25T09:16:44.000,2322.8,4126,2322.8,29,0.0,0,0.0,0,0.0,0,0.0,0,2323,14,0.0,0,0.0,0,0.0,0,0.0,0
2012-10-25T09:16:44.500,2323,4127,2322.8,29,0.0,0,0.0,0,0.0,0,0.0,0,2323,14,0.0,0,0.0,0,0.0,0,0.0,0
2012-10-25T09:16:45.000,2323,4133,2322.8,28,0.0,0,0.0,0,0.0,0,0.0,0,2323,16,0.0,0,0.0,0,0.0,0,0.0,0
2012-10-25T09:16:45.500,2323,4143,2322.8,27,0.0,0,0.0,0,0.0,0,0.0,0,2323,8,0.0,0,0.0,0,0.0,0,0.0,0
2012-10-25T09:16:46.000,2323,4151,2323,14,0.0,0,0.0,0,0.0,0,0.0,0,2323.2,15,0.0,0,0.0,0,0.0,0,0.0,0
2012-10-25T09:16:46.500,2323,4161,2323,5,0.0,0,0.0,0,0.0,0,0.0,0,2323.2,15,0.0,0,0.0,0,0.0,0,0.0,0
2012-10-25T09:16:47.000,2323,4167,2323,5,0.0,0,0.0,0,0.0,0,0.0,0,2323.2,11,0.0,0,0.0,0,0.0,0,0.0,0
2012-10-25T09:16:47.500,2323,4187,2322.8,42,0.0,0,0.0,0,0.0,0,0.0,0,2323,2,0.0,0,0.0,0,0.0,0,0.0,0
2012-10-25T09:16:48.000,2323,4190,2322.8,42,0.0,0,0.0,0,0.0,0,0.0,0,2323,2,0.0,0,0.0,0,0.0,0,0.0,0
2012-10-25T09:16:48.500,2323,4195,2323,2,0.0,0,0.0,0,0.0,0,0.0,0,2323.2,16,0.0,0,0.0,0,0.0,0,0.0,0
2012-10-25T09:16:49.000,2323.2,4198,2323,1,0.0,0,0.0,0,0.0,0,0.0,0,2323.2,14,0.0,0,0.0,0,0.0,0,0.0,0
2012-10-25T09:16:49.500,2322.8,4263,2323.2,1,0.0,0,0.0,0,0.0,0,0.0,0,2323.4,48,0.0,0,0.0,0,0.0,0,0.0,0
2012-10-25T09:16:50.000,2323.2,4265,2323,11,0.0,0,0.0,0,0.0,0,0.0,0,2323.2,4,0.0,0,0.0,0,0.0,0,0.0,0
2012-10-25T09:16:50.500,2323.2,4269,2323,8,0.0,0,0.0,0,0.0,0,0.0,0,2323.4,49,0.0,0,0.0,0,0.0,0,0.0,0
2012-10-25T09:16:51.000,2323.4,4270,2323,9,0.0,0,0.0,0,0.0,0,0.0,0,2323.2,2,0.0,0,0.0,0,0.0,0,0.0,0
2012-10-25T09:16:51.500,2323.4,4271,2323,10,0.0,0,0.0,0,0.0,0,0.0,0,2323.2,1,0.0,0,0.0,0,0.0,0,0.0,0
2012-10-25T09:16:52.000,2323.2,4272,2323,11,0.0,0,0.0,0,0.0,0,0.0,0,2323.2,14,0.0,0,0.0,0,0.0,0,0.0,0
2012-10-25T09:16:52.500,2323.2,4275,2323,16,0.0,0,0.0,0,0.0,0,0.0,0,2323.2,14,0.0,0,0.0,0,0.0,0,0.0,0
2012-10-25T09:16:53.000,2323.2,4276,2323,16,0.0,0,0.0,0,0.0,0,0.0,0,2323.2,16,0.0,0,0.0,0,0.0,0,0.0,0
2012-10-25T09:16:53.500,2323.2,4288,2323,16,0.0,0,0.0,0,0.0,0,0.0,0,2323.2,5,0.0,0,0.0,0,0.0,0,0.0,0
2012-10-25T09:16:54.000,2323.2,4290,2323,18,0.0,0,0.0,0,0.0,0,0.0,0,2323.2,28,0.0,0,0.0,0,0.0,0,0.0,0
2012-10-25T09:16:54.500,2323,4300,2323,20,0.0,0,0.0,0,0.0,0,0.0,0,2323.2,28,0.0,0,0.0,0,0.0,0,0.0,0
2012-10-25T09:16:55.000,2323,4428,2323,29,0.0,0,0.0,0,0.0,0,0.0,0,2323.2,12,0.0,0,0.0,0,0.0,0,0.0,0
2012-10-25T09:16:55.500,2323.2,4433,2323,31,0.0,0,0.0,0,0.0,0,0.0,0,2323.2,7,0.0,0,0.0,0,0.0,0,0.0,0
2012-10-25T09:16:56.000,2323.4,4441,2323.2,3,0.0,0,0.0,0,0.0,0,0.0,0,2323.6,6,0.0,0,0.0,0,0.0,0,0.0,0
2012-10-25T09:16:56.500,2323,4449,2323,25,0.0,0,0.0,0,0.0,0,0.0,0,2323.2,2,0.0,0,0.0,0,0.0,0,0.0,0
2012-10-25T09:16:57.000,2323.2,4453,2323.2,11,0.0,0,0.0,0,0.0,0,0.0,0,2323.4,2,0.0,0,0.0,0,0.0,0,0.0,0
2012-10-25T09:16:57.500,2323.6,4458,2323.4,2,0.0,0,0.0,0,0.0,0,0.0,0,2323.6,6,0.0,0,0.0,0,0.0,0,0.0,0
2012-10-25T09:16:58.000,2323.2,4467,2323.2,21,0.0,0,0.0,0,0.0,0,0.0,0,2323.4,2,0.0,0,0.0,0,0.0,0,0.0,0
2012-10-25T09:16:58.500,2323.4,4470,2323.2,13,0.0,0,0.0,0,0.0,0,0.0,0,2323.6,8,0.0,0,0.0,0,0.0,0,0.0,0
2012-10-25T09:16:59.000,2324,4559,2324,12,0.0,0,0.0,0,0.0,0,0.0,0,2324.2,41,0.0,0,0.0,0,0.0,0,0.0,0
2012-10-25T09:16:59.500,2324,4572,2323.6,2,0.0,0,0.0,0,0.0,0,0.0,0,2324,10,0.0,0,0.0,0,0.0,0,0.0,0
2012-10-25T09:17:00.000,2323.6,4584,2323.4,1,0.0,0,0.0,0,0.0,0,0.0,0,2323.8,2,0.0,0,0.0,0,0.0,0,0.0,0
2012-10-25T09:17:00.500,2323.4,4610,2323.2,20,0.0,0,0.0,0,0.0,0,0.0,0,2323.4,1,0.0,0,0.0,0,0.0,0,0.0,0
2012-10-25T09:17:01.000,2323.6,4623,2323.2,26,0.0,0,0.0,0,0.0,0,0.0,0,2323.8,12,0.0,0,0.0,0,0.0,0,0.0,0
2012-10-25T09:17:01.500,2323.4,4625,2323.2,28,0.0,0,0.0,0,0.0,0,0.0,0,2323.4,1,0.0,0,0.0,0,0.0,0,0.0,0
2012-10-25T09:17:02.000,2323.2,4629,2323.2,33,0.0,0,0.0,0,0.0,0,0.0,0,2323.4,1,0.0,0,0.0,0,0.0,0,0.0,0
2012-10-25T09:17:02.500,2323.4,4636,2323.2,28,0.0,0,0.0,0,0.0,0,0.0,0,2323.4,1,0.0,0,0.0,0,0.0,0,0.0,0
2012-10-25T09:17:03.000,2323.4,4637,2323.4,2,0.0,0,0.0,0,0.0,0,0.0,0,2323.6,8,0.0,0,0.0,0,0.0,0,0.0,0
2012-10-25T09:17:03.500,2323.4,4640,2323.4,2,0.0,0,0.0,0,0.0,0,0.0,0,2323.6,19,0.0,0,0.0,0,0.0,0,0.0,0
2012-10-25T09:17:04.000,2323.6,4649,2323.2,27,0.0,0,0.0,0,0.0,0,0.0,0,2323.4,2,0.0,0,0.0,0,0.0,0,0.0,0
2012-10-25T09:17:04.500,2323.4,4660,2323.4,3,0.0,0,0.0,0,0.0,0,0.0,0,2323.6,21,0.0,0,0.0,0,0.0,0,0.0,0
2012-10-25T09:17:05.000,2323.6,4666,2323.2,28,0.0,0,0.0,0,0.0,0,0.0,0,2323.6,20,0.0,0,0.0,0,0.0,0,0.0,0
2012-10-25T09:17:05.500,2323.6,4673,2323.2,29,0.0,0,0.0,0,0.0,0,0.0,0,2323.4,3,0.0,0,0.0,0,0.0,0,0.0,0
2012-10-25T09:17:06.250,2323.2,4699,2323.2,9,0.0,0,0.0,0,0.0,0,0.0,0,2323.6,13,0.0,0,0.0,0,0.0,0,0.0,0
2012-10-25T09:17:07.000,2323.2,4701,2323.2,11,0.0,0,0.0,0,0.0,0,0.0,0,2323.4,5,0.0,0,0.0,0,0.0,0,0.0,0
2012-10-25T09:17:07.500,2323.4,4707,2323.2,19,0.0,0,0.0,0,0.0,0,0.0,0,2323.6,35,0.0,0,0.0,0,0.0,0,0.0,0
2012-10-25T09:17:08.000,2323.4,4709,2323.4,2,0.0,0,0.0,0,0.0,0,0.0,0,2323.6,34,0.0,0,0.0,0,0.0,0,0.0,0
2012-10-25T09:17:08.500,2323.2,4714,2323.2,15,0.0,0,0.0,0,0.0,0,0.0,0,2323.6,35,0.0,0,0.0,0,0.0,0,0.0,0
2012-10-25T09:17:09.000,2323.4,4718,2323.2,23,0.0,0,0.0,0,0.0,0,0.0,0,2323.6,33,0.0,0,0.0,0,0.0,0,0.0,0
2012-10-25T09:17:09.500,2323.4,4722,2323.4,3,0.0,0,0.0,0,0.0,0,0.0,0,2323.6,29,0.0,0,0.0,0,0.0,0,0.0,0
2012-10-25T09:17:10.000,2323.4,4725,2323.2,24,0.0,0,0.0,0,0.0,0,0.0,0,2323.4,12,0.0,0,0.0,0,0.0,0,0.0,0
2012-10-25T09:17:10.500,2323.2,4728,2323.2,25,0.0,0,0.0,0,0.0,0,0.0,0,2323.4,13,0.0,0,0.0,0,0.0,0,0.0,0
2012-10-25T09:17:11.250,2323.4,4729,2323.2,29,0.0,0,0.0,0,0.0,0,0.0,0,2323.4,19,0.0,0,0.0,0,0.0,0,0.0,0
2012-10-25T09:17:12.000,2323.2,4749,2323.2,24,0.0,0,0.0,0,0.0,0,0.0,0,2323.4,10,0.0,0,0.0,0,0.0,0,0.0,0
2012-10-25T09:17:12.500,2323.4,4753,2323.2,24,0.0,0,0.0,0,0.0,0,0.0,0,2323.4,6,0.0,0,0.0,0,0.0,0,0.0,0
2012-10-25T09:17:13.000,2323.4,4760,2323.4,3,0.0,0,0.0,0,0.0,0,0.0,0,2323.6,32,0.0,0,0.0,0,0.0,0,0.0,0
2012-10-25T09:17:13.500,2323.4,4763,2323.2,24,0.0,0,0.0,0,0.0,0,0.0,0,2323.6,32,0.0,0,0.0,0,0.0,0,0.0,0
2012-10-25T09:17:14.000,2323.6,4778,2323.4,2,0.0,0,0.0,0,0.0,0,0.0,0,2323.6,17,0.0,0,0.0,0,0.0,0,0.0,0
2012-10-25T09:17:14.500,2323.6,4783,2323.4,2,0.0,0,0.0,0,0.0,0,0.0,0,2323.6,12,0.0,0,0.0,0,0.0,0,0.0,0
2012-10-25T09:17:15.000,2323.4,4784,2323.4,7,0.0,0,0.0,0,0.0,0,0.0,0,2323.6,12,0.0,0,0.0,0,0.0,0,0.0,0
2012-10-25T09:17:15.500,2323.6,4813,2323.2,23,0.0,0,0.0,0,0.0,0,0.0,0,2323.6,4,0.0,0,0.0,0,0.0,0,0.0,0
2012-10-25T09:17:16.000,2323.6,4817,2323.6,7,0.0,0,0.0,0,0.0,0,0.0,0,2323.8,30,0.0,0,0.0,0,0.0,0,0.0,0
2012-10-25T09:17:16.500,2323.6,4840,2323.4,26,0.0,0,0.0,0,0.0,0,0.0,0,2323.8,15,0.0,0,0.0,0,0.0,0,0.0,0
2012-10-25T09:17:17.000,2323.6,4844,2323.6,15,0.0,0,0.0,0,0.0,0,0.0,0,2323.8,24,0.0,0,0.0,0,0.0,0,0.0,0
2012-10-25T09:17:17.500,2323.8,4853,2323.6,10,0.0,0,0.0,0,0.0,0,0.0,0,2323.8,17,0.0,0,0.0,0,0.0,0,0.0,0
2012-10-25T09:17:18.000,2323.8,4859,2323.6,14,0.0,0,0.0,0,0.0,0,0.0,0,2323.8,12,0.0,0,0.0,0,0.0,0,0.0,0
2012-10-25T09:17:18.500,2323.4,4914,2323.2,29,0.0,0,0.0,0,0.0,0,0.0,0,2323.4,10,0.0,0,0.0,0,0.0,0,0.0,0
2012-10-25T09:17:19.000,2323.6,4925,2323.4,12,0.0,0,0.0,0,0.0,0,0.0,0,2323.6,22,0.0,0,0.0,0,0.0,0,0.0,0
2012-10-25T09:17:19.500,2323.4,4929,2323.4,10,0.0,0,0.0,0,0.0,0,0.0,0,2323.6,24,0.0,0,0.0,0,0.0,0,0.0,0
2012-10-25T09:17:20.000,2323.4,4940,2323.2,34,0.0,0,0.0,0,0.0,0,0.0,0,2323.4,13,0.0,0,0.0,0,0.0,0,0.0,0
2012-10-25T09:17:20.500,2323.2,4944,2323.2,31,0.0,0,0.0,0,0.0,0,0.0,0,2323.4,12,0.0,0,0.0,0,0.0,0,0.0,0
2012-10-25T09:17:21.000,2323.4,4946,2323.2,33,0.0,0,0.0,0,0.0,0,0.0,0,2323.4,15,0.0,0,0.0,0,0.0,0,0.0,0
2012-10-25T09:17:21.500,2323.4,4952,2323.2,32,0.0,0,0.0,0,0.0,0,0.0,0,2323.4,17,0.0,0,0.0,0,0.0,0,0.0,0
2012-10-25T09:17:22.000,2323.2,4960,2323.2,30,0.0,0,0.0,0,0.0,0,0.0,0,2323.4,11,0.0,0,0.0,0,0.0,0,0.0,0
2012-10-25T09:17:22.500,2323.2,4985,2323.2,37,0.0,0,0.0,0,0.0,0,0.0,0,2323.4,1,0.0,0,0.0,0,0.0,0,0.0,0
2012-10-25T09:17:23.000,2323.2,4986,2323.2,36,0.0,0,0.0,0,0.0,0,0.0,0,2323.4,1,0.0,0,0.0,0,0.0,0,0.0,0
2012-10-25T09:17:23.500,2323.4,4989,2323.4,9,0.0,0,0.0,0,0.0,0,0.0,0,2323.6,14,0.0,0,0.0,0,0.0,0,0.0,0
2012-10-25T09:17:24.000,2323.4,5001,2323.4,14,0.0,0,0.0,0,0.0,0,0.0,0,2323.6,4,0.0,0,0.0,0,0.0,0,0.0,0
2012-10-25T09:17:24.500,2323.6,5002,2323.4,18,0.0,0,0.0,0,0.0,0,0.0,0,2323.6,3,0.0,0,0.0,0,0.0,0,0.0,0
2012-10-25T09:17:25.000,2323.4,5010,2323.4,11,0.0,0,0.0,0,0.0,0,0.0,0,2323.6,6,0.0,0,0.0,0,0.0,0,0.0,0
2012-10-25T09:17:25.500,2323.4,5011,2323.4,11,0.0,0,0.0,0,0.0,0,0.0,0,2323.6,7,0.0,0,0.0,0,0.0,0,0.0,0
2012-10-25T09:17:26.000,2323.4,5015,2323.4,9,0.0,0,0.0,0,0.0,0,0.0,0,2323.6,18,0.0,0,0.0,0,0.0,0,0.0,0
2012-10-25T09:17:26.500,2323.6,5017,2323.4,10,0.0,0,0.0,0,0.0,0,0.0,0,2323.6,16,0.0,0,0.0,0,0.0,0,0.0,0
2012-10-25T09:17:27.000,2323.2,5079,2323,79,0.0,0,0.0,0,0.0,0,0.0,0,2323.2,95,0.0,0,0.0,0,0.0,0,0.0,0
2012-10-25T09:17:27.500,2323,5095,2323,66,0.0,0,0.0,0,0.0,0,0.0,0,2323.2,94,0.0,0,0.0,0,0.0,0,0.0,0
2012-10-25T09:17:28.000,2323,5133,2323,29,0.0,0,0.0,0,0.0,0,0.0,0,2323.2,93,0.0,0,0.0,0,0.0,0,0.0,0
2012-10-25T09:17:28.500,2323,5165,2322.8,37,0.0,0,0.0,0,0.0,0,0.0,0,2323,4,0.0,0,0.0,0,0.0,0,0.0,0
2012-10-25T09:17:29.000,2323,5173,2322.8,35,0.0,0,0.0,0,0.0,0,0.0,0,2323,28,0.0,0,0.0,0,0.0,0,0.0,0
2012-10-25T09:17:29.500,2322.8,5200,2322.8,16,0.0,0,0.0,0,0.0,0,0.0,0,2323,41,0.0,0,0.0,0,0.0,0,0.0,0
2012-10-25T09:17:30.000,2323,5202,2322.8,16,0.0,0,0.0,0,0.0,0,0.0,0,2323,45,0.0,0,0.0,0,0.0,0,0.0,0
2012-10-25T09:17:30.500,2322.6,5229,2322.6,36,0.0,0,0.0,0,0.0,0,0.0,0,2322.8,17,0.0,0,0.0,0,0.0,0,0.0,0
2012-10-25T09:17:31.000,2322.8,5234,2322.6,34,0.0,0,0.0,0,0.0,0,0.0,0,2322.8,14,0.0,0,0.0,0,0.0,0,0.0,0
2012-10-25T09:17:31.500,2322.6,5243,2322.6,35,0.0,0,0.0,0,0.0,0,0.0,0,2322.8,13,0.0,0,0.0,0,0.0,0,0.0,0
2012-10-25T09:17:32.000,2322.6,5257,2322.6,36,0.0,0,0.0,0,0.0,0,0.0,0,2322.8,12,0.0,0,0.0,0,0.0,0,0.0,0
2012-10-25T09:17:32.500,2322.8,5264,2322.6,33,0.0,0,0.0,0,0.0,0,0.0,0,2322.8,9,0.0,0,0.0,0,0.0,0,0.0,0
2012-10-25T09:17:33.000,2322.6,5271,2322.6,27,0.0,0,0.0,0,0.0,0,0.0,0,2322.8,8,0.0,0,0.0,0,0.0,0,0.0,0
2012-10-25T09:17:33.500,2322.8,5288,2322.6,16,0.0,0,0.0,0,0.0,0,0.0,0,2322.8,3,0.0,0,0.0,0,0.0,0,0.0,0
2012-10-25T09:17:34.000,2322.6,5290,2322.6,15,0.0,0,0.0,0,0.0,0,0.0,0,2322.8,2,0.0,0,0.0,0,0.0,0,0.0,0
2012-10-25T09:17:34.500,2322.8,5300,2322.6,7,0.0,0,0.0,0,0.0,0,0.0,0,2322.8,6,0.0,0,0.0,0,0.0,0,0.0,0
2012-10-25T09:17:35.000,2322.6,5303,2322.6,30,0.0,0,0.0,0,0.0,0,0.0,0,2322.8,5,0.0,0,0.0,0,0.0,0,0.0,0
2012-10-25T09:17:35.500,2322.8,5309,2322.8,1,0.0,0,0.0,0,0.0,0,0.0,0,2323,42,0.0,0,0.0,0,0.0,0,0.0,0
2012-10-25T09:17:36.000,2322.8,5310,2322.6,30,0.0,0,0.0,0,0.0,0,0.0,0,2322.8,1,0.0,0,0.0,0,0.0,0,0.0,0
2012-10-25T09:17:36.500,2323,5314,2322.6,31,0.0,0,0.0,0,0.0,0,0.0,0,2322.8,3,0.0,0,0.0,0,0.0,0,0.0,0
2012-10-25T09:17:37.000,2322.8,5318,2322.8,1,0.0,0,0.0,0,0.0,0,0.0,0,2323,39,0.0,0,0.0,0,0.0,0,0.0,0
2012-10-25T09:17:37.500,2322.8,5320,2322.8,1,0.0,0,0.0,0,0.0,0,0.0,0,2323,39,0.0,0,0.0,0,0.0,0,0.0,0
2012-10-25T09:17:38.000,2322.6,5353,2322.4,24,0.0,0,0.0,0,0.0,0,0.0,0,2322.6,17,0.0,0,0.0,0,0.0,0,0.0,0
2012-10-25T09:17:38.500,2322.6,5359,2322.4,23,0.0,0,0.0,0,0.0,0,0.0,0,2322.6,13,0.0,0,0.0,0,0.0,0,0.0,0
2012-10-25T09:17:39.000,2322.4,5371,2322.4,17,0.0,0,0.0,0,0.0,0,0.0,0,2322.6,7,0.0,0,0.0,0,0.0,0,0.0,0
2012-10-25T09:17:39.500,2322.4,5374,2322.4,16,0.0,0,0.0,0,0.0,0,0.0,0,2322.6,5,0.0,0,0.0,0,0.0,0,0.0,0
2012-10-25T09:17:40.000,2322.6,5376,2322.4,16,0.0,0,0.0,0,0.0,0,0.0,0,2322.6,3,0.0,0,0.0,0,0.0,0,0.0,0
2012-10-25T09:17:40.500,2322.6,5378,2322.4,29,0.0,0,0.0,0,0.0,0,0.0,0,2322.6,2,0.0,0,0.0,0,0.0,0,0.0,0
2012-10-25T09:17:41.000,2322.6,5380,2322.6,5,0.0,0,0.0,0,0.0,0,0.0,0,2322.8,6,0.0,0,0.0,0,0.0,0,0.0,0
2012-10-25T09:17:41.500,2322.8,5387,2322.6,14,0.0,0,0.0,0,0.0,0,0.0,0,2322.8,5,0.0,0,0.0,0,0.0,0,0.0,0
2012-10-25T09:17:42.000,2322.6,5389,2322.6,14,0.0,0,0.0,0,0.0,0,0.0,0,2322.8,5,0.0,0,0.0,0,0.0,0,0.0,0
2012-10-25T09:17:42.500,2322.6,5390,2322.6,21,0.0,0,0.0,0,0.0,0,0.0,0,2322.8,6,0.0,0,0.0,0,0.0,0,0.0,0
2012-10-25T09:17:43.250,2322.6,5392,2322.6,21,0.0,0,0.0,0,0.0,0,0.0,0,2322.8,6,0.0,0,0.0,0,0.0,0,0.0,0
2012-10-25T09:17:44.000,2322.8,5393,2322.6,22,0.0,0,0.0,0,0.0,0,0.0,0,2322.8,3,0.0,0,0.0,0,0.0,0,0.0,0
2012-10-25T09:17:44.500,2322.8,5397,2322.6,29,0.0,0,0.0,0,0.0,0,0.0,0,2323,31,0.0,0,0.0,0,0.0,0,0.0,0
2012-10-25T09:17:45.000,2322.8,5398,2322.6,29,0.0,0,0.0,0,0.0,0,0.0,0,2323,32,0.0,0,0.0,0,0.0,0,0.0,0
2012-10-25T09:17:45.500,2323,5399,2322.8,2,0.0,0,0.0,0,0.0,0,0.0,0,2323,31,0.0,0,0.0,0,0.0,0,0.0,0
2012-10-25T09:17:46.000,2322.6,5402,2322.6,99,0.0,0,0.0,0,0.0,0,0.0,0,2323,31,0.0,0,0.0,0,0.0,0,0.0,0
2012-10-25T09:17:46.500,2322.8,5407,2322.8,13,0.0,0,0.0,0,0.0,0,0.0,0,2323,33,0.0,0,0.0,0,0.0,0,0.0,0
2012-10-25T09:17:47.000,2323,5410,2322.8,14,0.0,0,0.0,0,0.0,0,0.0,0,2323,30,0.0,0,0.0,0,0.0,0,0.0,0
2012-10-25T09:17:47.500,2322.8,5416,2322.8,34,0.0,0,0.0,0,0.0,0,0.0,0,2323,28,0.0,0,0.0,0,0.0,0,0.0,0
2012-10-25T09:17:48.000,2323,5421,2322.8,42,0.0,0,0.0,0,0.0,0,0.0,0,2323,24,0.0,0,0.0,0,0.0,0,0.0,0
2012-10-25T09:17:48.500,2323,5424,2322.8,58,0.0,0,0.0,0,0.0,0,0.0,0,2323,21,0.0,0,0.0,0,0.0,0,0.0,0
2012-10-25T09:17:49.250,2322.8,5425,2322.8,58,0.0,0,0.0,0,0.0,0,0.0,0,2323,24,0.0,0,0.0,0,0.0,0,0.0,0
2012-10-25T09:17:50.250,2323,5427,2322.8,60,0.0,0,0.0,0,0.0,0,0.0,0,2323,21,0.0,0,0.0,0,0.0,0,0.0,0
2012-10-25T09:17:51.000,2323,5429,2322.8,62,0.0,0,0.0,0,0.0,0,0.0,0,2323,20,0.0,0,0.0,0,0.0,0,0.0,0
2012-10-25T09:17:51.500,2323,5430,2322.8,63,0.0,0,0.0,0,0.0,0,0.0,0,2323,20,0.0,0,0.0,0,0.0,0,0.0,0
2012-10-25T09:17:52.250,2323,5431,2322.8,63,0.0,0,0.0,0,0.0,0,0.0,0,2323,19,0.0,0,0.0,0,0.0,0,0.0,0
2012-10-25T09:17:53.000,2323,5450,2323,8,0.0,0,0.0,0,0.0,0,0.0,0,2323.2,19,0.0,0,0.0,0,0.0,0,0.0,0
2012-10-25T09:17:53.500,2323.2,5460,2323,6,0.0,0,0.0,0,0.0,0,0.0,0,2323.2,16,0.0,0,0.0,0,0.0,0,0.0,0
2012-10-25T09:17:54.000,2323.2,5467,2323,9,0.0,0,0.0,0,0.0,0,0.0,0,2323.2,9,0.0,0,0.0,0,0.0,0,0.0,0
2012-10-25T09:17:54.500,2323,5519,2322.8,14,0.0,0,0.0,0,0.0,0,0.0,0,2323.2,9,0.0,0,0.0,0,0.0,0,0.0,0
2012-10-25T09:17:55.250,2323,5521,2323,3,0.0,0,0.0,0,0.0,0,0.0,0,2323.2,11,0.0,0,0.0,0,0.0,0,0.0,0
2012-10-25T09:17:56.000,2323,5524,2322.8,15,0.0,0,0.0,0,0.0,0,0.0,0,2323,1,0.0,0,0.0,0,0.0,0,0.0,0
2012-10-25T09:17:56.500,2323,5530,2323,3,0.0,0,0.0,0,0.0,0,0.0,0,2323.2,12,0.0,0,0.0,0,0.0,0,0.0,0
2012-10-25T09:17:58.000,2323.2,5534,2323,2,0.0,0,0.0,0,0.0,0,0.0,0,2323.2,11,0.0,0,0.0,0,0.0,0,0.0,0
2012-10-25T09:17:58.500,2323,5545,2322.8,14,0.0,0,0.0,0,0.0,0,0.0,0,2323,7,0.0,0,0.0,0,0.0,0,0.0,0
2012-10-25T09:17:59.000,2323,5546,2322.8,14,0.0,0,0.0,0,0.0,0,0.0,0,2323,7,0.0,0,0.0,0,0.0,0,0.0,0
2012-10-25T09:17:59.500,2323,5550,2322.8,12,0.0,0,0.0,0,0.0,0,0.0,0,2323,5,0.0,0,0.0,0,0.0,0,0.0,0
2012-10-25T09:18:00.000,2323,5554,2322.8,25,0.0,0,0.0,0,0.0,0,0.0,0,2323,1,0.0,0,0.0,0,0.0,0,0.0,0
2012-10-25T09:18:00.500,2323.2,5556,2323,5,0.0,0,0.0,0,0.0,0,0.0,0,2323.2,3,0.0,0,0.0,0,0.0,0,0.0,0
2012-10-25T09:18:01.250,2323.2,5563,2323,20,0.0,0,0.0,0,0.0,0,0.0,0,2323.2,2,0.0,0,0.0,0,0.0,0,0.0,0
2012-10-25T09:18:02.000,2323,5567,2323,21,0.0,0,0.0,0,0.0,0,0.0,0,2323.4,11,0.0,0,0.0,0,0.0,0,0.0,0
2012-10-25T09:18:02.500,2323,5586,2323.2,7,0.0,0,0.0,0,0.0,0,0.0,0,2323.6,22,0.0,0,0.0,0,0.0,0,0.0,0
2012-10-25T09:18:03.000,2323,5608,2323.2,1,0.0,0,0.0,0,0.0,0,0.0,0,2323.4,4,0.0,0,0.0,0,0.0,0,0.0,0
2012-10-25T09:18:03.500,2323,5613,2323,7,0.0,0,0.0,0,0.0,0,0.0,0,2323.2,1,0.0,0,0.0,0,0.0,0,0.0,0
2012-10-25T09:18:04.250,2323.2,5614,2323,10,0.0,0,0.0,0,0.0,0,0.0,0,2323.4,4,0.0,0,0.0,0,0.0,0,0.0,0
2012-10-25T09:18:05.250,2323.2,5621,2323,10,0.0,0,0.0,0,0.0,0,0.0,0,2323.2,29,0.0,0,0.0,0,0.0,0,0.0,0
2012-10-25T09:18:06.000,2323.2,5634,2323,10,0.0,0,0.0,0,0.0,0,0.0,0,2323.2,27,0.0,0,0.0,0,0.0,0,0.0,0
2012-10-25T09:18:06.500,2323,5641,2323,2,0.0,0,0.0,0,0.0,0,0.0,0,2323.2,27,0.0,0,0.0,0,0.0,0,0.0,0
2012-10-25T09:18:07.000,2323,5643,2322.8,42,0.0,0,0.0,0,0.0,0,0.0,0,2323,13,0.0,0,0.0,0,0.0,0,0.0,0
2012-10-25T09:18:07.500,2323,5646,2322.8,43,0.0,0,0.0,0,0.0,0,0.0,0,2323,23,0.0,0,0.0,0,0.0,0,0.0,0
2012-10-25T09:18:08.000,2322.8,5647,2322.8,43,0.0,0,0.0,0,0.0,0,0.0,0,2323,23,0.0,0,0.0,0,0.0,0,0.0,0
2012-10-25T09:18:08.500,2322.8,5648,2322.8,42,0.0,0,0.0,0,0.0,0,0.0,0,2323,18,0.0,0,0.0,0,0.0,0,0.0,0
2012-10-25T09:18:09.000,2323,5649,2322.8,45,0.0,0,0.0,0,0.0,0,0.0,0,2323,17,0.0,0,0.0,0,0.0,0,0.0,0
2012-10-25T09:18:09.500,2322.8,5652,2322.8,43,0.0,0,0.0,0,0.0,0,0.0,0,2323,17,0.0,0,0.0,0,0.0,0,0.0,0
2012-10-25T09:18:10.000,2322.8,5654,2322.8,34,0.0,0,0.0,0,0.0,0,0.0,0,2323,17,0.0,0,0.0,0,0.0,0,0.0,0
2012-10-25T09:18:10.500,2323,5657,2322.8,32,0.0,0,0.0,0,0.0,0,0.0,0,2323,17,0.0,0,0.0,0,0.0,0,0.0,0
2012-10-25T09:18:11.250,2323,5658,2322.8,32,0.0,0,0.0,0,0.0,0,0.0,0,2323,16,0.0,0,0.0,0,0.0,0,0.0,0
2012-10-25T09:18:12.000,2323,5678,2323,54,0.0,0,0.0,0,0.0,0,0.0,0,2323.2,20,0.0,0,0.0,0,0.0,0,0.0,0
2012-10-25T09:18:12.500,2323.2,5686,2323,54,0.0,0,0.0,0,0.0,0,0.0,0,2323.2,13,0.0,0,0.0,0,0.0,0,0.0,0
2012-10-25T09:18:13.000,2323,5691,2323,49,0.0,0,0.0,0,0.0,0,0.0,0,2323.2,13,0.0,0,0.0,0,0.0,0,0.0,0
2012-10-25T09:18:13.500,2323,5692,2323,49,0.0,0,0.0,0,0.0,0,0.0,0,2323.2,13,0.0,0,0.0,0,0.0,0,0.0,0
2012-10-25T09:18:14.000,2323,5693,2323,48,0.0,0,0.0,0,0.0,0,0.0,0,2323.2,13,0.0,0,0.0,0,0.0,0,0.0,0
2012-10-25T09:18:14.500,2323.2,5695,2323,47,0.0,0,0.0,0,0.0,0,0.0,0,2323.2,12,0.0,0,0.0,0,0.0,0,0.0,0
2012-10-25T09:18:15.250,2323,5706,2323,40,0.0,0,0.0,0,0.0,0,0.0,0,2323.2,9,0.0,0,0.0,0,0.0,0,0.0,0
2012-10-25T09:18:16.000,2323,5707,2323,41,0.0,0,0.0,0,0.0,0,0.0,0,2323.2,10,0.0,0,0.0,0,0.0,0,0.0,0
2012-10-25T09:18:16.500,2323,5710,2323,40,0.0,0,0.0,0,0.0,0,0.0,0,2323.2,10,0.0,0,0.0,0,0.0,0,0.0,0
2012-10-25T09:18:17.000,2323,5711,2323,39,0.0,0,0.0,0,0.0,0,0.0,0,2323.2,10,0.0,0,0.0,0,0.0,0,0.0,0
2012-10-25T09:18:17.500,2323.2,5713,2323,38,0.0,0,0.0,0,0.0,0,0.0,0,2323.2,15,0.0,0,0.0,0,0.0,0,0.0,0
2012-10-25T09:18:18.000,2323.2,5714,2323,38,0.0,0,0.0,0,0.0,0,0.0,0,2323.2,15,0.0,0,0.0,0,0.0,0,0.0,0
2012-10-25T09:18:18.500,2323,5720,2323,37,0.0,0,0.0,0,0.0,0,0.0,0,2323.2,10,0.0,0,0.0,0,0.0,0,0.0,0
2012-10-25T09:18:19.250,2323,5751,2323,6,0.0,0,0.0,0,0.0,0,0.0,0,2323.2,10,0.0,0,0.0,0,0.0,0,0.0,0
2012-10-25T09:18:20.250,2323,5764,2322.8,34,0.0,0,0.0,0,0.0,0,0.0,0,2323,5,0.0,0,0.0,0,0.0,0,0.0,0
2012-10-25T09:18:21.250,2322.8,5765,2322.8,33,0.0,0,0.0,0,0.0,0,0.0,0,2323,6,0.0,0,0.0,0,0.0,0,0.0,0
2012-10-25T09:18:22.250,2322.8,5773,2322.8,28,0.0,0,0.0,0,0.0,0,0.0,0,2323,5,0.0,0,0.0,0,0.0,0,0.0,0
2012-10-25T09:18:23.250,2323,5780,2323,3,0.0,0,0.0,0,0.0,0,0.0,0,2323.2,10,0.0,0,0.0,0,0.0,0,0.0,0
2012-10-25T09:18:24.000,2323,5784,2322.8,28,0.0,0,0.0,0,0.0,0,0.0,0,2323,3,0.0,0,0.0,0,0.0,0,0.0,0
2012-10-25T09:18:24.500,2322.8,5786,2322.8,28,0.0,0,0.0,0,0.0,0,0.0,0,2323,2,0.0,0,0.0,0,0.0,0,0.0,0
2012-10-25T09:18:25.000,2322.8,5791,2322.8,25,0.0,0,0.0,0,0.0,0,0.0,0,2323,2,0.0,0,0.0,0,0.0,0,0.0,0
2012-10-25T09:18:25.500,2323,5793,2323,14,0.0,0,0.0,0,0.0,0,0.0,0,2323.2,12,0.0,0,0.0,0,0.0,0,0.0,0
2012-10-25T09:18:26.000,2323,5795,2323,12,0.0,0,0.0,0,0.0,0,0.0,0,2323.2,12,0.0,0,0.0,0,0.0,0,0.0,0
2012-10-25T09:18:26.500,2323,5797,2323,10,0.0,0,0.0,0,0.0,0,0.0,0,2323.2,13,0.0,0,0.0,0,0.0,0,0.0,0
2012-10-25T09:18:27.000,2323,5803,2323,5,0.0,0,0.0,0,0.0,0,0.0,0,2323.2,13,0.0,0,0.0,0,0.0,0,0.0,0
2012-10-25T09:18:27.500,2323,5806,2323,3,0.0,0,0.0,0,0.0,0,0.0,0,2323.2,12,0.0,0,0.0,0,0.0,0,0.0,0
2012-10-25T09:18:30.000,2323,5807,2323,2,0.0,0,0.0,0,0.0,0,0.0,0,2323.2,12,0.0,0,0.0,0,0.0,0,0.0,0
2012-10-25T09:18:30.500,2323.2,5808,2323,3,0.0,0,0.0,0,0.0,0,0.0,0,2323.2,11,0.0,0,0.0,0,0.0,0,0.0,0
2012-10-25T09:18:31.250,2323,5809,2323,3,0.0,0,0.0,0,0.0,0,0.0,0,2323.2,12,0.0,0,0.0,0,0.0,0,0.0,0
2012-10-25T09:18:32.000,2323,5810,2323,2,0.0,0,0.0,0,0.0,0,0.0,0,2323.2,12,0.0,0,0.0,0,0.0,0,0.0,0
2012-10-25T09:18:32.500,2323,5811,2323,2,0.0,0,0.0,0,0.0,0,0.0,0,2323.2,12,0.0,0,0.0,0,0.0,0,0.0,0
2012-10-25T09:18:34.250,2323,5812,2323,5,0.0,0,0.0,0,0.0,0,0.0,0,2323.2,15,0.0,0,0.0,0,0.0,0,0.0,0
2012-10-25T09:18:35.000,2323.2,5816,2323,5,0.0,0,0.0,0,0.0,0,0.0,0,2323.2,14,0.0,0,0.0,0,0.0,0,0.0,0
2012-10-25T09:18:35.500,2323,5818,2323,5,0.0,0,0.0,0,0.0,0,0.0,0,2323.2,13,0.0,0,0.0,0,0.0,0,0.0,0
2012-10-25T09:18:36.250,2323,5821,2323,4,0.0,0,0.0,0,0.0,0,0.0,0,2323.2,13,0.0,0,0.0,0,0.0,0,0.0,0
2012-10-25T09:18:37.250,2323,5823,2323,5,0.0,0,0.0,0,0.0,0,0.0,0,2323.2,13,0.0,0,0.0,0,0.0,0,0.0,0
2012-10-25T09:18:38.000,2323.2,5824,2323,5,0.0,0,0.0,0,0.0,0,0.0,0,2323.2,12,0.0,0,0.0,0,0.0,0,0.0,0
2012-10-25T09:18:38.500,2323,5835,2323,4,0.0,0,0.0,0,0.0,0,0.0,0,2323.2,2,0.0,0,0.0,0,0.0,0,0.0,0
2012-10-25T09:18:39.250,2323,5836,2323,3,0.0,0,0.0,0,0.0,0,0.0,0,2323.2,3,0.0,0,0.0,0,0.0,0,0.0,0
2012-10-25T09:18:40.250,2323,5845,2322.8,29,0.0,0,0.0,0,0.0,0,0.0,0,2323,21,0.0,0,0.0,0,0.0,0,0.0,0
2012-10-25T09:18:41.000,2323,5849,2322.8,30,0.0,0,0.0,0,0.0,0,0.0,0,2323,17,0.0,0,0.0,0,0.0,0,0.0,0
2012-10-25T09:18:41.500,2322.8,5851,2322.8,27,0.0,0,0.0,0,0.0,0,0.0,0,2323,17,0.0,0,0.0,0,0.0,0,0.0,0
2012-10-25T09:18:42.250,2322.8,5852,2322.8,26,0.0,0,0.0,0,0.0,0,0.0,0,2323,17,0.0,0,0.0,0,0.0,0,0.0,0
2012-10-25T09:18:43.250,2323,5855,2322.8,26,0.0,0,0.0,0,0.0,0,0.0,0,2323,15,0.0,0,0.0,0,0.0,0,0.0,0
2012-10-25T09:18:44.250,2323,5856,2322.8,26,0.0,0,0.0,0,0.0,0,0.0,0,2323,14,0.0,0,0.0,0,0.0,0,0.0,0
2012-10-25T09:18:46.000,2323,5857,2322.8,27,0.0,0,0.0,0,0.0,0,0.0,0,2323,15,0.0,0,0.0,0,0.0,0,0.0,0
2012-10-25T09:18:46.500,2323,5860,2322.8,26,0.0,0,0.0,0,0.0,0,0.0,0,2323,14,0.0,0,0.0,0,0.0,0,0.0,0
2012-10-25T09:18:47.250,2323,5870,2322.8,25,0.0,0,0.0,0,0.0,0,0.0,0,2323,5,0.0,0,0.0,0,0.0,0,0.0,0
2012-10-25T09:18:48.250,2323,5875,2323,1,0.0,0,0.0,0,0.0,0,0.0,0,2323.2,9,0.0,0,0.0,0,0.0,0,0.0,0
2012-10-25T09:18:49.250,2323,5876,2323,2,0.0,0,0.0,0,0.0,0,0.0,0,2323.2,15,0.0,0,0.0,0,0.0,0,0.0,0
2012-10-25T09:18:50.000,2323,5881,2322.8,27,0.0,0,0.0,0,0.0,0,0.0,0,2323.2,15,0.0,0,0.0,0,0.0,0,0.0,0
2012-10-25T09:18:50.500,2323,5882,2322.8,27,0.0,0,0.0,0,0.0,0,0.0,0,2323,20,0.0,0,0.0,0,0.0,0,0.0,0
2012-10-25T09:18:51.000,2322.8,5887,2322.8,31,0.0,0,0.0,0,0.0,0,0.0,0,2323,17,0.0,0,0.0,0,0.0,0,0.0,0
2012-10-25T09:18:51.500,2323,5888,2322.8,32,0.0,0,0.0,0,0.0,0,0.0,0,2323,17,0.0,0,0.0,0,0.0,0,0.0,0
2012-10-25T09:18:52.000,2323,5913,2322.8,10,0.0,0,0.0,0,0.0,0,0.0,0,2323,16,0.0,0,0.0,0,0.0,0,0.0,0
2012-10-25T09:18:52.500,2322.8,5916,2322.8,8,0.0,0,0.0,0,0.0,0,0.0,0,2323,15,0.0,0,0.0,0,0.0,0,0.0,0
2012-10-25T09:18:53.000,2322.8,5921,2322.8,3,0.0,0,0.0,0,0.0,0,0.0,0,2323,16,0.0,0,0.0,0,0.0,0,0.0,0
2012-10-25T09:18:53.500,2322.8,5922,2322.8,2,0.0,0,0.0,0,0.0,0,0.0,0,2323,16,0.0,0,0.0,0,0.0,0,0.0,0
2012-10-25T09:18:54.000,2322.8,5923,2322.8,2,0.0,0,0.0,0,0.0,0,0.0,0,2323,16,0.0,0,0.0,0,0.0,0,0.0,0
2012-10-25T09:18:54.500,2323,5924,2322.8,3,0.0,0,0.0,0,0.0,0,0.0,0,2323,16,0.0,0,0.0,0,0.0,0,0.0,0
2012-10-25T09:18:56.000,2323,5925,2322.8,3,0.0,0,0.0,0,0.0,0,0.0,0,2323,15,0.0,0,0.0,0,0.0,0,0.0,0
2012-10-25T09:18:56.500,2323,5928,2322.8,3,0.0,0,0.0,0,0.0,0,0.0,0,2323,12,0.0,0,0.0,0,0.0,0,0.0,0
2012-10-25T09:18:57.250,2322.8,5929,2322.8,2,0.0,0,0.0,0,0.0,0,0.0,0,2323,13,0.0,0,0.0,0,0.0,0,0.0,0
2012-10-25T09:18:58.250,2322.8,5931,2322.8,2,0.0,0,0.0,0,0.0,0,0.0,0,2323,14,0.0,0,0.0,0,0.0,0,0.0,0
2012-10-25T09:18:59.250,2323,5932,2322.8,6,0.0,0,0.0,0,0.0,0,0.0,0,2323,14,0.0,0,0.0,0,0.0,0,0.0,0
2012-10-25T09:19:00.250,2322.8,5934,2322.8,8,0.0,0,0.0,0,0.0,0,0.0,0,2323,14,0.0,0,0.0,0,0.0,0,0.0,0
2012-10-25T09:19:01.000,2322.8,5937,2322.8,5,0.0,0,0.0,0,0.0,0,0.0,0,2323,16,0.0,0,0.0,0,0.0,0,0.0,0
2012-10-25T09:19:01.500,2323,5940,2322.8,7,0.0,0,0.0,0,0.0,0,0.0,0,2323,14,0.0,0,0.0,0,0.0,0,0.0,0
2012-10-25T09:19:02.250,2323,5943,2322.8,6,0.0,0,0.0,0,0.0,0,0.0,0,2323,12,0.0,0,0.0,0,0.0,0,0.0,0
2012-10-25T09:19:03.250,2322.8,5945,2322.8,7,0.0,0,0.0,0,0.0,0,0.0,0,2323,19,0.0,0,0.0,0,0.0,0,0.0,0
2012-10-25T09:19:04.250,2322.8,5952,2322.6,125,0.0,0,0.0,0,0.0,0,0.0,0,2322.8,11,0.0,0,0.0,0,0.0,0,0.0,0
2012-10-25T09:19:05.000,2323,5974,2322.6,125,0.0,0,0.0,0,0.0,0,0.0,0,2323,16,0.0,0,0.0,0,0.0,0,0.0,0
2012-10-25T09:19:05.500,2322.8,5976,2322.8,4,0.0,0,0.0,0,0.0,0,0.0,0,2323,16,0.0,0,0.0,0,0.0,0,0.0,0
2012-10-25T09:19:08.250,2322.8,5978,2322.8,5,0.0,0,0.0,0,0.0,0,0.0,0,2323,25,0.0,0,0.0,0,0.0,0,0.0,0
2012-10-25T09:19:09.250,2322.8,5979,2322.8,17,0.0,0,0.0,0,0.0,0,0.0,0,2323,37,0.0,0,0.0,0,0.0,0,0.0,0
2012-10-25T09:19:10.250,2322.8,5981,2322.8,15,0.0,0,0.0,0,0.0,0,0.0,0,2323,37,0.0,0,0.0,0,0.0,0,0.0,0
2012-10-25T09:19:11.250,2323,5982,2322.8,17,0.0,0,0.0,0,0.0,0,0.0,0,2323,51,0.0,0,0.0,0,0.0,0,0.0,0
2012-10-25T09:19:12.000,2322.8,5986,2322.8,14,0.0,0,0.0,0,0.0,0,0.0,0,2323,50,0.0,0,0.0,0,0.0,0,0.0,0
2012-10-25T09:19:12.500,2322.8,5989,2322.8,11,0.0,0,0.0,0,0.0,0,0.0,0,2323,50,0.0,0,0.0,0,0.0,0,0.0,0
2012-10-25T09:19:13.250,2323,5991,2322.8,12,0.0,0,0.0,0,0.0,0,0.0,0,2323,41,0.0,0,0.0,0,0.0,0,0.0,0
2012-10-25T09:19:14.250,2323,5992,2322.8,12,0.0,0,0.0,0,0.0,0,0.0,0,2323,43,0.0,0,0.0,0,0.0,0,0.0,0
2012-10-25T09:19:16.250,2323,5993,2322.8,12,0.0,0,0.0,0,0.0,0,0.0,0,2323,44,0.0,0,0.0,0,0.0,0,0.0,0
2012-10-25T09:19:18.250,2323,5994,2322.8,15,0.0,0,0.0,0,0.0,0,0.0,0,2323,43,0.0,0,0.0,0,0.0,0,0.0,0
2012-10-25T09:19:19.250,2323,5995,2322.8,15,0.0,0,0.0,0,0.0,0,0.0,0,2323,42,0.0,0,0.0,0,0.0,0,0.0,0
2012-10-25T09:19:20.250,2323,6003,2322.8,17,0.0,0,0.0,0,0.0,0,0.0,0,2323,25,0.0,0,0.0,0,0.0,0,0.0,0
2012-10-25T09:19:21.000,2323,6016,2322.8,17,0.0,0,0.0,0,0.0,0,0.0,0,2323,12,0.0,0,0.0,0,0.0,0,0.0,0
2012-10-25T09:19:21.500,2323,6022,2322.8,18,0.0,0,0.0,0,0.0,0,0.0,0,2323,4,0.0,0,0.0,0,0.0,0,0.0,0
2012-10-25T09:19:22.000,2323,6024,2322.8,20,0.0,0,0.0,0,0.0,0,0.0,0,2323,3,0.0,0,0.0,0,0.0,0,0.0,0
2012-10-25T09:19:22.500,2323,6027,2323,18,0.0,0,0.0,0,0.0,0,0.0,0,2323.2,36,0.0,0,0.0,0,0.0,0,0.0,0
2012-10-25T09:19:24.000,2323.2,6028,2323,20,0.0,0,0.0,0,0.0,0,0.0,0,2323.2,35,0.0,0,0.0,0,0.0,0,0.0,0
2012-10-25T09:19:24.500,2323.2,6045,2323,46,0.0,0,0.0,0,0.0,0,0.0,0,2323.2,19,0.0,0,0.0,0,0.0,0,0.0,0
2012-10-25T09:19:25.000,2323.2,6084,2323.2,6,0.0,0,0.0,0,0.0,0,0.0,0,2323.4,19,0.0,0,0.0,0,0.0,0,0.0,0
2012-10-25T09:19:25.500,2323.2,6090,2323.2,15,0.0,0,0.0,0,0.0,0,0.0,0,2323.4,14,0.0,0,0.0,0,0.0,0,0.0,0
2012-10-25T09:19:26.000,2323.2,6092,2323.2,14,0.0,0,0.0,0,0.0,0,0.0,0,2323.4,13,0.0,0,0.0,0,0.0,0,0.0,0
2012-10-25T09:19:26.500,2323.4,6095,2323.2,13,0.0,0,0.0,0,0.0,0,0.0,0,2323.4,12,0.0,0,0.0,0,0.0,0,0.0,0
2012-10-25T09:19:27.000,2323.4,6098,2323.2,12,0.0,0,0.0,0,0.0,0,0.0,0,2323.4,10,0.0,0,0.0,0,0.0,0,0.0,0
2012-10-25T09:19:27.500,2323.2,6101,2323.2,10,0.0,0,0.0,0,0.0,0,0.0,0,2323.4,10,0.0,0,0.0,0,0.0,0,0.0,0
2012-10-25T09:19:30.250,2323.2,6106,2323.2,57,0.0,0,0.0,0,0.0,0,0.0,0,2323.4,11,0.0,0,0.0,0,0.0,0,0.0,0
2012-10-25T09:19:31.000,2323.4,6117,2323.4,23,0.0,0,0.0,0,0.0,0,0.0,0,2323.6,41,0.0,0,0.0,0,0.0,0,0.0,0
2012-10-25T09:19:31.500,2323.6,6118,2323.4,36,0.0,0,0.0,0,0.0,0,0.0,0,2323.6,42,0.0,0,0.0,0,0.0,0,0.0,0
2012-10-25T09:19:32.000,2323.6,6120,2323.4,39,0.0,0,0.0,0,0.0,0,0.0,0,2323.6,40,0.0,0,0.0,0,0.0,0,0.0,0
2012-10-25T09:19:32.500,2323.4,6150,2323.4,9,0.0,0,0.0,0,0.0,0,0.0,0,2323.6,39,0.0,0,0.0,0,0.0,0,0.0,0
2012-10-25T09:19:33.000,2323.4,6154,2323.4,9,0.0,0,0.0,0,0.0,0,0.0,0,2323.6,36,0.0,0,0.0,0,0.0,0,0.0,0
2012-10-25T09:19:33.500,2323.6,6156,2323.4,4,0.0,0,0.0,0,0.0,0,0.0,0,2323.6,35,0.0,0,0.0,0,0.0,0,0.0,0
2012-10-25T09:19:34.000,2323.6,6171,2323.4,5,0.0,0,0.0,0,0.0,0,0.0,0,2323.6,22,0.0,0,0.0,0,0.0,0,0.0,0
2012-10-25T09:19:34.500,2323.4,6176,2323.4,5,0.0,0,0.0,0,0.0,0,0.0,0,2323.6,18,0.0,0,0.0,0,0.0,0,0.0,0
2012-10-25T09:19:35.000,2323.6,6179,2323.4,6,0.0,0,0.0,0,0.0,0,0.0,0,2323.6,14,0.0,0,0.0,0,0.0,0,0.0,0
2012-10-25T09:19:35.500,2323.6,6185,2323.4,5,0.0,0,0.0,0,0.0,0,0.0,0,2323.6,9,0.0,0,0.0,0,0.0,0,0.0,0
2012-10-25T09:19:36.000,2323.6,6193,2323.4,8,0.0,0,0.0,0,0.0,0,0.0,0,2323.6,2,0.0,0,0.0,0,0.0,0,0.0,0
2012-10-25T09:19:36.500,2323.8,6197,2323.6,50,0.0,0,0.0,0,0.0,0,0.0,0,2323.8,46,0.0,0,0.0,0,0.0,0,0.0,0
2012-10-25T09:19:37.250,2323.8,6199,2323.6,57,0.0,0,0.0,0,0.0,0,0.0,0,2323.8,45,0.0,0,0.0,0,0.0,0,0.0,0
2012-10-25T09:19:38.000,2323.8,6202,2323.6,61,0.0,0,0.0,0,0.0,0,0.0,0,2323.8,44,0.0,0,0.0,0,0.0,0,0.0,0
2012-10-25T09:19:38.500,2323.6,6234,2323.6,59,0.0,0,0.0,0,0.0,0,0.0,0,2323.8,15,0.0,0,0.0,0,0.0,0,0.0,0
2012-10-25T09:19:39.000,2323.8,6243,2323.6,59,0.0,0,0.0,0,0.0,0,0.0,0,2323.8,8,0.0,0,0.0,0,0.0,0,0.0,0
2012-10-25T09:19:39.500,2323.8,6251,2323.8,15,0.0,0,0.0,0,0.0,0,0.0,0,2324,85,0.0,0,0.0,0,0.0,0,0.0,0
2012-10-25T09:19:40.000,2323.8,6256,2323.8,12,0.0,0,0.0,0,0.0,0,0.0,0,2324,84,0.0,0,0.0,0,0.0,0,0.0,0
2012-10-25T09:19:40.500,2323.8,6263,2323.8,5,0.0,0,0.0,0,0.0,0,0.0,0,2324,84,0.0,0,0.0,0,0.0,0,0.0,0
2012-10-25T09:19:41.000,2323.8,6266,2323.6,60,0.0,0,0.0,0,0.0,0,0.0,0,2323.8,15,0.0,0,0.0,0,0.0,0,0.0,0
2012-10-25T09:19:41.500,2323.6,6277,2323.6,59,0.0,0,0.0,0,0.0,0,0.0,0,2323.8,18,0.0,0,0.0,0,0.0,0,0.0,0
2012-10-25T09:19:42.000,2323.8,6306,2323.8,30,0.0,0,0.0,0,0.0,0,0.0,0,2324,82,0.0,0,0.0,0,0.0,0,0.0,0
2012-10-25T09:19:42.500,2323.8,6335,2323.8,4,0.0,0,0.0,0,0.0,0,0.0,0,2324,83,0.0,0,0.0,0,0.0,0,0.0,0
2012-10-25T09:19:43.000,2323.8,6344,2323.6,65,0.0,0,0.0,0,0.0,0,0.0,0,2323.8,8,0.0,0,0.0,0,0.0,0,0.0,0
2012-10-25T09:19:43.500,2324,6355,2323.6,64,0.0,0,0.0,0,0.0,0,0.0,0,2323.8,7,0.0,0,0.0,0,0.0,0,0.0,0
2012-10-25T09:19:44.000,2323.6,6363,2323.6,64,0.0,0,0.0,0,0.0,0,0.0,0,2323.8,17,0.0,0,0.0,0,0.0,0,0.0,0
2012-10-25T09:19:44.500,2323.6,6383,2323.6,62,0.0,0,0.0,0,0.0,0,0.0,0,2324,91,0.0,0,0.0,0,0.0,0,0.0,0
2012-10-25T09:19:45.000,2323.8,6385,2323.8,1,0.0,0,0.0,0,0.0,0,0.0,0,2324,90,0.0,0,0.0,0,0.0,0,0.0,0
2012-10-25T09:19:45.500,2324,6389,2323.8,1,0.0,0,0.0,0,0.0,0,0.0,0,2324,109,0.0,0,0.0,0,0.0,0,0.0,0
2012-10-25T09:19:46.000,2323.6,6394,2323.6,61,0.0,0,0.0,0,0.0,0,0.0,0,2323.8,7,0.0,0,0.0,0,0.0,0,0.0,0
2012-10-25T09:19:46.500,2323.8,6410,2323.6,56,0.0,0,0.0,0,0.0,0,0.0,0,2324,86,0.0,0,0.0,0,0.0,0,0.0,0
2012-10-25T09:19:47.000,2323.8,6417,2323.6,56,0.0,0,0.0,0,0.0,0,0.0,0,2323.8,3,0.0,0,0.0,0,0.0,0,0.0,0
2012-10-25T09:19:47.500,2323.6,6419,2323.6,64,0.0,0,0.0,0,0.0,0,0.0,0,2323.8,2,0.0,0,0.0,0,0.0,0,0.0,0
2012-10-25T09:19:48.000,2323.8,6422,2323.8,12,0.0,0,0.0,0,0.0,0,0.0,0,2324,113,0.0,0,0.0,0,0.0,0,0.0,0
2012-10-25T09:19:48.500,2323.8,6423,2323.8,20,0.0,0,0.0,0,0.0,0,0.0,0,2324,93,0.0,0,0.0,0,0.0,0,0.0,0
2012-10-25T09:19:49.000,2324,6439,2323.8,18,0.0,0,0.0,0,0.0,0,0.0,0,2324,102,0.0,0,0.0,0,0.0,0,0.0,0
2012-10-25T09:19:49.500,2324,6495,2323.8,16,0.0,0,0.0,0,0.0,0,0.0,0,2324,28,0.0,0,0.0,0,0.0,0,0.0,0
2012-10-25T09:19:50.000,2323.8,6501,2323.8,6,0.0,0,0.0,0,0.0,0,0.0,0,2324,28,0.0,0,0.0,0,0.0,0,0.0,0
2012-10-25T09:19:50.500,2324,6530,2324,2,0.0,0,0.0,0,0.0,0,0.0,0,2324.2,73,0.0,0,0.0,0,0.0,0,0.0,0
2012-10-25T09:19:51.000,2324,6541,2323.8,7,0.0,0,0.0,0,0.0,0,0.0,0,2324,13,0.0,0,0.0,0,0.0,0,0.0,0
2012-10-25T09:19:51.500,2324,6547,2323.8,3,0.0,0,0.0,0,0.0,0,0.0,0,2324,13,0.0,0,0.0,0,0.0,0,0.0,0
2012-10-25T09:19:52.000,2323.8,6555,2323.6,82,0.0,0,0.0,0,0.0,0,0.0,0,2323.8,4,0.0,0,0.0,0,0.0,0,0.0,0
2012-10-25T09:19:52.500,2323.6,6575,2323.6,73,0.0,0,0.0,0,0.0,0,0.0,0,2324,14,0.0,0,0.0,0,0.0,0,0.0,0
2012-10-25T09:19:53.000,2323.8,6582,2323.6,73,0.0,0,0.0,0,0.0,0,0.0,0,2323.8,15,0.0,0,0.0,0,0.0,0,0.0,0
2012-10-25T09:19:53.500,2323.8,6584,2323.6,71,0.0,0,0.0,0,0.0,0,0.0,0,2323.8,19,0.0,0,0.0,0,0.0,0,0.0,0
2012-10-25T09:19:54.000,2323.8,6589,2323.6,76,0.0,0,0.0,0,0.0,0,0.0,0,2323.8,15,0.0,0,0.0,0,0.0,0,0.0,0
2012-10-25T09:19:54.500,2323.8,6595,2323.6,72,0.0,0,0.0,0,0.0,0,0.0,0,2323.8,14,0.0,0,0.0,0,0.0,0,0.0,0
2012-10-25T09:19:55.000,2323.8,6648,2323.6,22,0.0,0,0.0,0,0.0,0,0.0,0,2323.8,13,0.0,0,0.0,0,0.0,0,0.0,0
2012-10-25T09:19:55.500,2323.8,6653,2323.6,22,0.0,0,0.0,0,0.0,0,0.0,0,2323.8,10,0.0,0,0.0,0,0.0,0,0.0,0
2012-10-25T09:19:56.000,2323.6,6677,2323.4,6,0.0,0,0.0,0,0.0,0,0.0,0,2323.6,2,0.0,0,0.0,0,0.0,0,0.0,0
2012-10-25T09:19:56.500,2323.8,6681,2323.6,56,0.0,0,0.0,0,0.0,0,0.0,0,2323.8,34,0.0,0,0.0,0,0.0,0,0.0,0
2012-10-25T09:19:57.000,2323.6,6686,2323.6,58,0.0,0,0.0,0,0.0,0,0.0,0,2323.8,38,0.0,0,0.0,0,0.0,0,0.0,0
2012-10-25T09:19:57.500,2323.8,6690,2323.6,58,0.0,0,0.0,0,0.0,0,0.0,0,2323.8,27,0.0,0,0.0,0,0.0,0,0.0,0
2012-10-25T09:19:58.000,2323.8,6694,2323.6,56,0.0,0,0.0,0,0.0,0,0.0,0,2323.8,24,0.0,0,0.0,0,0.0,0,0.0,0
2012-10-25T09:19:58.500,2323.6,6697,2323.6,56,0.0,0,0.0,0,0.0,0,0.0,0,2323.8,23,0.0,0,0.0,0,0.0,0,0.0,0
2012-10-25T09:19:59.000,2323.6,6704,2323.6,51,0.0,0,0.0,0,0.0,0,0.0,0,2323.8,17,0.0,0,0.0,0,0.0,0,0.0,0
2012-10-25T09:19:59.500,2323.6,6709,2323.6,46,0.0,0,0.0,0,0.0,0,0.0,0,2323.8,18,0.0,0,0.0,0,0.0,0,0.0,0
2012-10-25T09:20:00.250,2324,6810,2323.6,50,0.0,0,0.0,0,0.0,0,0.0,0,2324,13,0.0,0,0.0,0,0.0,0,0.0,0
2012-10-25T09:20:01.000,2323.8,6812,2323.6,50,0.0,0,0.0,0,0.0,0,0.0,0,2323.8,5,0.0,0,0.0,0,0.0,0,0.0,0
2012-10-25T09:20:01.500,2323.8,6830,2323.6,35,0.0,0,0.0,0,0.0,0,0.0,0,2323.8,3,0.0,0,0.0,0,0.0,0,0.0,0
2012-10-25T09:20:02.000,2323.8,6837,2323.8,10,0.0,0,0.0,0,0.0,0,0.0,0,2324,27,0.0,0,0.0,0,0.0,0,0.0,0
2012-10-25T09:20:02.500,2323.8,6844,2323.8,8,0.0,0,0.0,0,0.0,0,0.0,0,2324,25,0.0,0,0.0,0,0.0,0,0.0,0
2012-10-25T09:20:03.000,2323.8,6850,2323.8,2,0.0,0,0.0,0,0.0,0,0.0,0,2324,25,0.0,0,0.0,0,0.0,0,0.0,0
2012-10-25T09:20:03.500,2323.8,6875,2323.6,33,0.0,0,0.0,0,0.0,0,0.0,0,2324,5,0.0,0,0.0,0,0.0,0,0.0,0
2012-10-25T09:20:04.000,2323.8,6883,2323.6,29,0.0,0,0.0,0,0.0,0,0.0,0,2323.8,18,0.0,0,0.0,0,0.0,0,0.0,0
2012-10-25T09:20:04.500,2323.6,6909,2323.6,4,0.0,0,0.0,0,0.0,0,0.0,0,2323.8,21,0.0,0,0.0,0,0.0,0,0.0,0
2012-10-25T09:20:05.000,2323.8,6917,2323.6,10,0.0,0,0.0,0,0.0,0,0.0,0,2323.8,13,0.0,0,0.0,0,0.0,0,0.0,0
2012-10-25T09:20:05.500,2323.8,6919,2323.6,11,0.0,0,0.0,0,0.0,0,0.0,0,2323.8,15,0.0,0,0.0,0,0.0,0,0.0,0
2012-10-25T09:20:06.000,2323.8,6936,2323.8,4,0.0,0,0.0,0,0.0,0,0.0,0,2324,19,0.0,0,0.0,0,0.0,0,0.0,0
2012-10-25T09:20:06.500,2323.8,6938,2323.8,2,0.0,0,0.0,0,0.0,0,0.0,0,2324,30,0.0,0,0.0,0,0.0,0,0.0,0
2012-10-25T09:20:07.000,2323.6,6954,2323.4,14,0.0,0,0.0,0,0.0,0,0.0,0,2323.6,24,0.0,0,0.0,0,0.0,0,0.0,0
2012-10-25T09:20:07.500,2323.4,6959,2323.4,15,0.0,0,0.0,0,0.0,0,0.0,0,2323.6,22,0.0,0,0.0,0,0.0,0,0.0,0
2012-10-25T09:20:08.000,2323.6,6994,2323.2,88,0.0,0,0.0,0,0.0,0,0.0,0,2323.6,23,0.0,0,0.0,0,0.0,0,0.0,0
2012-10-25T09:20:08.500,2323.6,6996,2323.4,2,0.0,0,0.0,0,0.0,0,0.0,0,2323.6,22,0.0,0,0.0,0,0.0,0,0.0,0
2012-10-25T09:20:09.000,2323.4,7000,2323.4,2,0.0,0,0.0,0,0.0,0,0.0,0,2323.6,13,0.0,0,0.0,0,0.0,0,0.0,0
2012-10-25T09:20:09.500,2323.2,7005,2323.2,86,0.0,0,0.0,0,0.0,0,0.0,0,2323.4,1,0.0,0,0.0,0,0.0,0,0.0,0
2012-10-25T09:20:10.000,2323.4,7007,2323.4,1,0.0,0,0.0,0,0.0,0,0.0,0,2323.6,26,0.0,0,0.0,0,0.0,0,0.0,0
2012-10-25T09:20:10.500,2323.4,7008,2323.2,86,0.0,0,0.0,0,0.0,0,0.0,0,2323.4,8,0.0,0,0.0,0,0.0,0,0.0,0
2012-10-25T09:20:11.000,2323.2,7045,2323.2,49,0.0,0,0.0,0,0.0,0,0.0,0,2323.4,11,0.0,0,0.0,0,0.0,0,0.0,0
2012-10-25T09:20:11.500,2323.2,7089,2323.2,7,0.0,0,0.0,0,0.0,0,0.0,0,2323.4,9,0.0,0,0.0,0,0.0,0,0.0,0
2012-10-25T09:20:12.000,2323.2,7096,2323,68,0.0,0,0.0,0,0.0,0,0.0,0,2323.2,5,0.0,0,0.0,0,0.0,0,0.0,0
2012-10-25T09:20:12.500,2323,7106,2323,64,0.0,0,0.0,0,0.0,0,0.0,0,2323.2,2,0.0,0,0.0,0,0.0,0,0.0,0
2012-10-25T09:20:13.000,2323,7110,2323,62,0.0,0,0.0,0,0.0,0,0.0,0,2323.4,10,0.0,0,0.0,0,0.0,0,0.0,0
2012-10-25T09:20:13.500,2323,7112,2323,59,0.0,0,0.0,0,0.0,0,0.0,0,2323.4,6,0.0,0,0.0,0,0.0,0,0.0,0
2012-10-25T09:20:14.000,2323,7118,2323,52,0.0,0,0.0,0,0.0,0,0.0,0,2323.4,6,0.0,0,0.0,0,0.0,0,0.0,0
2012-10-25T09:20:14.500,2323,7124,2323,47,0.0,0,0.0,0,0.0,0,0.0,0,2323.4,7,0.0,0,0.0,0,0.0,0,0.0,0
2012-10-25T09:20:15.000,2323.4,7125,2323,48,0.0,0,0.0,0,0.0,0,0.0,0,2323.4,11,0.0,0,0.0,0,0.0,0,0.0,0
2012-10-25T09:20:15.500,2323,7128,2323,45,0.0,0,0.0,0,0.0,0,0.0,0,2323.4,11,0.0,0,0.0,0,0.0,0,0.0,0
2012-10-25T09:20:16.000,2323,7133,2323,93,0.0,0,0.0,0,0.0,0,0.0,0,2323.4,10,0.0,0,0.0,0,0.0,0,0.0,0
2012-10-25T09:20:16.500,2323.2,7134,2323,97,0.0,0,0.0,0,0.0,0,0.0,0,2323.4,10,0.0,0,0.0,0,0.0,0,0.0,0
2012-10-25T09:20:17.000,2323.4,7152,2323.4,5,0.0,0,0.0,0,0.0,0,0.0,0,2323.6,19,0.0,0,0.0,0,0.0,0,0.0,0
2012-10-25T09:20:17.500,2323.4,7154,2323.4,4,0.0,0,0.0,0,0.0,0,0.0,0,2323.6,19,0.0,0,0.0,0,0.0,0,0.0,0
2012-10-25T09:20:18.250,2323.4,7156,2323.4,3,0.0,0,0.0,0,0.0,0,0.0,0,2323.6,19,0.0,0,0.0,0,0.0,0,0.0,0
2012-10-25T09:20:19.000,2323.4,7157,2323.4,3,0.0,0,0.0,0,0.0,0,0.0,0,2323.6,19,0.0,0,0.0,0,0.0,0,0.0,0
2012-10-25T09:20:19.500,2323,7210,2323,64,0.0,0,0.0,0,0.0,0,0.0,0,2323.4,33,0.0,0,0.0,0,0.0,0,0.0,0
2012-10-25T09:20:20.000,2323.2,7211,2323.2,6,0.0,0,0.0,0,0.0,0,0.0,0,2323.4,34,0.0,0,0.0,0,0.0,0,0.0,0
2012-10-25T09:20:20.500,2323.2,7217,2323,64,0.0,0,0.0,0,0.0,0,0.0,0,2323.2,2,0.0,0,0.0,0,0.0,0,0.0,0
2012-10-25T09:20:21.000,2323.2,7248,2323,38,0.0,0,0.0,0,0.0,0,0.0,0,2323.4,39,0.0,0,0.0,0,0.0,0,0.0,0
2012-10-25T09:20:21.500,2323,7251,2323.2,1,0.0,0,0.0,0,0.0,0,0.0,0,2323.4,39,0.0,0,0.0,0,0.0,0,0.0,0
2012-10-25T09:20:22.000,2323.4,7273,2323,40,0.0,0,0.0,0,0.0,0,0.0,0,2323.4,25,0.0,0,0.0,0,0.0,0,0.0,0
2012-10-25T09:20:22.500,2323.2,7274,2323.2,23,0.0,0,0.0,0,0.0,0,0.0,0,2323.4,25,0.0,0,0.0,0,0.0,0,0.0,0
2012-10-25T09:20:23.000,2323.4,7275,2323.2,23,0.0,0,0.0,0,0.0,0,0.0,0,2323.4,24,0.0,0,0.0,0,0.0,0,0.0,0
2012-10-25T09:20:23.500,2323.4,7303,2323.4,24,0.0,0,0.0,0,0.0,0,0.0,0,2323.6,20,0.0,0,0.0,0,0.0,0,0.0,0
2012-10-25T09:20:24.000,2323.2,7339,2323.2,9,0.0,0,0.0,0,0.0,0,0.0,0,2323.4,1,0.0,0,0.0,0,0.0,0,0.0,0
2012-10-25T09:20:24.500,2323.2,7344,2323.2,6,0.0,0,0.0,0,0.0,0,0.0,0,2323.4,2,0.0,0,0.0,0,0.0,0,0.0,0
2012-10-25T09:20:25.250,2323.4,7346,2323.2,8,0.0,0,0.0,0,0.0,0,0.0,0,2323.6,20,0.0,0,0.0,0,0.0,0,0.0,0
2012-10-25T09:20:26.000,2323.2,7349,2323.2,5,0.0,0,0.0,0,0.0,0,0.0,0,2323.6,22,0.0,0,0.0,0,0.0,0,0.0,0
2012-10-25T09:20:26.500,2323.2,7357,2323,56,0.0,0,0.0,0,0.0,0,0.0,0,2323.2,17,0.0,0,0.0,0,0.0,0,0.0,0
2012-10-25T09:20:27.250,2323.2,7358,2323,33,0.0,0,0.0,0,0.0,0,0.0,0,2323.2,16,0.0,0,0.0,0,0.0,0,0.0,0
2012-10-25T09:20:28.000,2323,7362,2323,31,0.0,0,0.0,0,0.0,0,0.0,0,2323.2,21,0.0,0,0.0,0,0.0,0,0.0,0
2012-10-25T09:20:28.500,2323.2,7363,2323,31,0.0,0,0.0,0,0.0,0,0.0,0,2323.2,21,0.0,0,0.0,0,0.0,0,0.0,0
2012-10-25T09:20:29.000,2323.2,7365,2323,31,0.0,0,0.0,0,0.0,0,0.0,0,2323.2,19,0.0,0,0.0,0,0.0,0,0.0,0
2012-10-25T09:20:29.500,2323,7366,2323,30,0.0,0,0.0,0,0.0,0,0.0,0,2323.2,19,0.0,0,0.0,0,0.0,0,0.0,0
2012-10-25T09:20:30.000,2323.2,7371,2323,29,0.0,0,0.0,0,0.0,0,0.0,0,2323.2,15,0.0,0,0.0,0,0.0,0,0.0,0
2012-10-25T09:20:30.500,2323,7376,2323,27,0.0,0,0.0,0,0.0,0,0.0,0,2323.2,13,0.0,0,0.0,0,0.0,0,0.0,0
2012-10-25T09:20:31.000,2323.2,7379,2323,28,0.0,0,0.0,0,0.0,0,0.0,0,2323.2,11,0.0,0,0.0,0,0.0,0,0.0,0
2012-10-25T09:20:31.500,2323.2,7380,2323,30,0.0,0,0.0,0,0.0,0,0.0,0,2323.2,11,0.0,0,0.0,0,0.0,0,0.0,0
2012-10-25T09:20:32.000,2323,7381,2323,31,0.0,0,0.0,0,0.0,0,0.0,0,2323.2,12,0.0,0,0.0,0,0.0,0,0.0,0
2012-10-25T09:20:32.500,2323.2,7384,2323,31,0.0,0,0.0,0,0.0,0,0.0,0,2323.2,10,0.0,0,0.0,0,0.0,0,0.0,0
2012-10-25T09:20:33.000,2323,7389,2323,27,0.0,0,0.0,0,0.0,0,0.0,0,2323.2,10,0.0,0,0.0,0,0.0,0,0.0,0
2012-10-25T09:20:33.500,2323,7394,2323,22,0.0,0,0.0,0,0.0,0,0.0,0,2323.2,9,0.0,0,0.0,0,0.0,0,0.0,0
2012-10-25T09:20:34.000,2323,7395,2323,22,0.0,0,0.0,0,0.0,0,0.0,0,2323.2,11,0.0,0,0.0,0,0.0,0,0.0,0
2012-10-25T09:20:34.500,2323,7396,2323,24,0.0,0,0.0,0,0.0,0,0.0,0,2323.2,11,0.0,0,0.0,0,0.0,0,0.0,0
2012-10-25T09:20:35.250,2323.2,7397,2323,30,0.0,0,0.0,0,0.0,0,0.0,0,2323.2,10,0.0,0,0.0,0,0.0,0,0.0,0
2012-10-25T09:20:36.000,2323,7398,2323,29,0.0,0,0.0,0,0.0,0,0.0,0,2323.2,10,0.0,0,0.0,0,0.0,0,0.0,0
2012-10-25T09:20:36.500,2323.2,7400,2323,28,0.0,0,0.0,0,0.0,0,0.0,0,2323.2,9,0.0,0,0.0,0,0.0,0,0.0,0
2012-10-25T09:20:37.000,2323,7421,2323,50,0.0,0,0.0,0,0.0,0,0.0,0,2323.4,22,0.0,0,0.0,0,0.0,0,0.0,0
2012-10-25T09:20:37.500,2323,7432,2323,40,0.0,0,0.0,0,0.0,0,0.0,0,2323.2,3,0.0,0,0.0,0,0.0,0,0.0,0
2012-10-25T09:20:38.000,2323,7452,2323,31,0.0,0,0.0,0,0.0,0,0.0,0,2323.2,2,0.0,0,0.0,0,0.0,0,0.0,0
2012-10-25T09:20:38.500,2323,7461,2323,22,0.0,0,0.0,0,0.0,0,0.0,0,2323.2,2,0.0,0,0.0,0,0.0,0,0.0,0
2012-10-25T09:20:39.000,2323.2,7466,2323.2,9,0.0,0,0.0,0,0.0,0,0.0,0,2323.4,15,0.0,0,0.0,0,0.0,0,0.0,0
2012-10-25T09:20:39.500,2323.2,7471,2323.2,4,0.0,0,0.0,0,0.0,0,0.0,0,2323.4,16,0.0,0,0.0,0,0.0,0,0.0,0
2012-10-25T09:20:40.000,2323.2,7472,2323.2,3,0.0,0,0.0,0,0.0,0,0.0,0,2323.4,16,0.0,0,0.0,0,0.0,0,0.0,0
2012-10-25T09:20:40.500,2323.2,7474,2323.2,3,0.0,0,0.0,0,0.0,0,0.0,0,2323.4,15,0.0,0,0.0,0,0.0,0,0.0,0
2012-10-25T09:20:41.000,2323.2,7478,2323,20,0.0,0,0.0,0,0.0,0,0.0,0,2323.2,23,0.0,0,0.0,0,0.0,0,0.0,0
2012-10-25T09:20:41.500,2323.2,7486,2323,21,0.0,0,0.0,0,0.0,0,0.0,0,2323.2,15,0.0,0,0.0,0,0.0,0,0.0,0
2012-10-25T09:20:42.250,2323.2,7488,2323,21,0.0,0,0.0,0,0.0,0,0.0,0,2323.2,14,0.0,0,0.0,0,0.0,0,0.0,0
2012-10-25T09:20:43.250,2323,7490,2323,4,0.0,0,0.0,0,0.0,0,0.0,0,2323.2,15,0.0,0,0.0,0,0.0,0,0.0,0
2012-10-25T09:20:44.000,2323.2,7491,2323,4,0.0,0,0.0,0,0.0,0,0.0,0,2323.2,17,0.0,0,0.0,0,0.0,0,0.0,0
2012-10-25T09:20:44.500,2323,7501,2323,1,0.0,0,0.0,0,0.0,0,0.0,0,2323.2,11,0.0,0,0.0,0,0.0,0,0.0,0
2012-10-25T09:20:45.250,2323,7502,2323,20,0.0,0,0.0,0,0.0,0,0.0,0,2323.2,11,0.0,0,0.0,0,0.0,0,0.0,0
2012-10-25T09:20:46.000,2323,7503,2323,19,0.0,0,0.0,0,0.0,0,0.0,0,2323.2,15,0.0,0,0.0,0,0.0,0,0.0,0
2012-10-25T09:20:46.500,2323,7504,2323,18,0.0,0,0.0,0,0.0,0,0.0,0,2323.2,15,0.0,0,0.0,0,0.0,0,0.0,0
2012-10-25T09:20:47.250,2323,7506,2323,17,0.0,0,0.0,0,0.0,0,0.0,0,2323.2,13,0.0,0,0.0,0,0.0,0,0.0,0
2012-10-25T09:20:48.000,2323,7507,2323,16,0.0,0,0.0,0,0.0,0,0.0,0,2323.2,13,0.0,0,0.0,0,0.0,0,0.0,0
2012-10-25T09:20:48.500,2323,7513,2323,11,0.0,0,0.0,0,0.0,0,0.0,0,2323.2,12,0.0,0,0.0,0,0.0,0,0.0,0
2012-10-25T09:20:49.000,2323.2,7519,2323,8,0.0,0,0.0,0,0.0,0,0.0,0,2323.2,11,0.0,0,0.0,0,0.0,0,0.0,0
2012-10-25T09:20:49.500,2323,7523,2323,4,0.0,0,0.0,0,0.0,0,0.0,0,2323.2,11,0.0,0,0.0,0,0.0,0,0.0,0
2012-10-25T09:20:50.000,2323,7526,2323,1,0.0,0,0.0,0,0.0,0,0.0,0,2323.2,11,0.0,0,0.0,0,0.0,0,0.0,0
2012-10-25T09:20:50.500,2323,7527,2322.8,39,0.0,0,0.0,0,0.0,0,0.0,0,2323,4,0.0,0,0.0,0,0.0,0,0.0,0
2012-10-25T09:20:51.250,2323,7530,2322.8,39,0.0,0,0.0,0,0.0,0,0.0,0,2323,3,0.0,0,0.0,0,0.0,0,0.0,0
2012-10-25T09:20:52.250,2322.8,7532,2322.8,38,0.0,0,0.0,0,0.0,0,0.0,0,2323,3,0.0,0,0.0,0,0.0,0,0.0,0
2012-10-25T09:20:53.000,2322.8,7537,2322.8,34,0.0,0,0.0,0,0.0,0,0.0,0,2323,2,0.0,0,0.0,0,0.0,0,0.0,0
2012-10-25T09:20:53.500,2323,7538,2322.8,34,0.0,0,0.0,0,0.0,0,0.0,0,2323,1,0.0,0,0.0,0,0.0,0,0.0,0
2012-10-25T09:20:54.250,2322.8,7543,2322.8,29,0.0,0,0.0,0,0.0,0,0.0,0,2323,2,0.0,0,0.0,0,0.0,0,0.0,0
2012-10-25T09:20:55.250,2322.8,7544,2322.8,52,0.0,0,0.0,0,0.0,0,0.0,0,2323,2,0.0,0,0.0,0,0.0,0,0.0,0
2012-10-25T09:20:56.250,2322.8,7547,2322.8,50,0.0,0,0.0,0,0.0,0,0.0,0,2323,2,0.0,0,0.0,0,0.0,0,0.0,0
2012-10-25T09:20:57.000,2323,7548,2322.8,50,0.0,0,0.0,0,0.0,0,0.0,0,2323,2,0.0,0,0.0,0,0.0,0,0.0,0
2012-10-25T09:20:57.500,2322.8,7549,2322.8,49,0.0,0,0.0,0,0.0,0,0.0,0,2323,8,0.0,0,0.0,0,0.0,0,0.0,0
2012-10-25T09:20:59.000,2322.8,7554,2322.8,47,0.0,0,0.0,0,0.0,0,0.0,0,2323,10,0.0,0,0.0,0,0.0,0,0.0,0
2012-10-25T09:20:59.500,2322.8,7556,2322.8,26,0.0,0,0.0,0,0.0,0,0.0,0,2323,13,0.0,0,0.0,0,0.0,0,0.0,0
2012-10-25T09:21:00.000,2323,7557,2322.8,26,0.0,0,0.0,0,0.0,0,0.0,0,2323,17,0.0,0,0.0,0,0.0,0,0.0,0
2012-10-25T09:21:00.500,2322.8,7563,2322.8,20,0.0,0,0.0,0,0.0,0,0.0,0,2323,19,0.0,0,0.0,0,0.0,0,0.0,0
2012-10-25T09:21:01.000,2322.8,7579,2322.8,4,0.0,0,0.0,0,0.0,0,0.0,0,2323,19,0.0,0,0.0,0,0.0,0,0.0,0
2012-10-25T09:21:01.500,2322.8,7583,2322.8,1,0.0,0,0.0,0,0.0,0,0.0,0,2323,26,0.0,0,0.0,0,0.0,0,0.0,0
2012-10-25T09:21:02.000,2322.8,7584,2322.6,90,0.0,0,0.0,0,0.0,0,0.0,0,2323,27,0.0,0,0.0,0,0.0,0,0.0,0
2012-10-25T09:21:02.500,2323,7585,2322.6,90,0.0,0,0.0,0,0.0,0,0.0,0,2322.8,25,0.0,0,0.0,0,0.0,0,0.0,0
2012-10-25T09:21:03.000,2322.6,7593,2322.6,83,0.0,0,0.0,0,0.0,0,0.0,0,2322.8,32,0.0,0,0.0,0,0.0,0,0.0,0
2012-10-25T09:21:03.500,2322.6,7596,2322.6,81,0.0,0,0.0,0,0.0,0,0.0,0,2322.8,33,0.0,0,0.0,0,0.0,0,0.0,0
2012-10-25T09:21:04.000,2322.6,7604,2322.6,76,0.0,0,0.0,0,0.0,0,0.0,0,2322.8,30,0.0,0,0.0,0,0.0,0,0.0,0
2012-10-25T09:21:04.500,2322.6,7610,2322.6,73,0.0,0,0.0,0,0.0,0,0.0,0,2322.8,29,0.0,0,0.0,0,0.0,0,0.0,0
2012-10-25T09:21:05.000,2322.6,7617,2322.6,68,0.0,0,0.0,0,0.0,0,0.0,0,2322.8,28,0.0,0,0.0,0,0.0,0,0.0,0
2012-10-25T09:21:05.500,2322.6,7645,2322.6,62,0.0,0,0.0,0,0.0,0,0.0,0,2322.8,9,0.0,0,0.0,0,0.0,0,0.0,0
2012-10-25T09:21:06.000,2322.6,7647,2322.6,62,0.0,0,0.0,0,0.0,0,0.0,0,2322.8,8,0.0,0,0.0,0,0.0,0,0.0,0
2012-10-25T09:21:06.500,2322.6,7649,2322.6,60,0.0,0,0.0,0,0.0,0,0.0,0,2322.8,8,0.0,0,0.0,0,0.0,0,0.0,0
2012-10-25T09:21:07.000,2322.6,7679,2322.6,33,0.0,0,0.0,0,0.0,0,0.0,0,2322.8,7,0.0,0,0.0,0,0.0,0,0.0,0
2012-10-25T09:21:07.500,2322.8,7686,2322.6,28,0.0,0,0.0,0,0.0,0,0.0,0,2322.8,5,0.0,0,0.0,0,0.0,0,0.0,0
2012-10-25T09:21:08.000,2322.6,7688,2322.6,28,0.0,0,0.0,0,0.0,0,0.0,0,2322.8,10,0.0,0,0.0,0,0.0,0,0.0,0
2012-10-25T09:21:08.500,2322.8,7709,2322.6,17,0.0,0,0.0,0,0.0,0,0.0,0,2322.8,1,0.0,0,0.0,0,0.0,0,0.0,0
2012-10-25T09:21:09.250,2322.6,7715,2322.6,17,0.0,0,0.0,0,0.0,0,0.0,0,2322.8,2,0.0,0,0.0,0,0.0,0,0.0,0
2012-10-25T09:21:10.000,2322.6,7735,2322.6,1,0.0,0,0.0,0,0.0,0,0.0,0,2322.8,4,0.0,0,0.0,0,0.0,0,0.0,0
2012-10-25T09:21:10.500,2322.6,7737,2322.4,30,0.0,0,0.0,0,0.0,0,0.0,0,2322.6,1,0.0,0,0.0,0,0.0,0,0.0,0
2012-10-25T09:21:11.000,2322.4,7740,2322.4,28,0.0,0,0.0,0,0.0,0,0.0,0,2322.6,2,0.0,0,0.0,0,0.0,0,0.0,0
2012-10-25T09:21:11.500,2322.4,7741,2322.4,27,0.0,0,0.0,0,0.0,0,0.0,0,2322.6,10,0.0,0,0.0,0,0.0,0,0.0,0
2012-10-25T09:21:12.000,2322.4,7751,2322.4,18,0.0,0,0.0,0,0.0,0,0.0,0,2322.6,9,0.0,0,0.0,0,0.0,0,0.0,0
2012-10-25T09:21:12.500,2322.4,7762,2322.4,8,0.0,0,0.0,0,0.0,0,0.0,0,2322.6,14,0.0,0,0.0,0,0.0,0,0.0,0
2012-10-25T09:21:13.000,2322.4,7767,2322.4,5,0.0,0,0.0,0,0.0,0,0.0,0,2322.6,18,0.0,0,0.0,0,0.0,0,0.0,0
2012-10-25T09:21:13.500,2322.4,7769,2322.4,3,0.0,0,0.0,0,0.0,0,0.0,0,2322.6,18,0.0,0,0.0,0,0.0,0,0.0,0
2012-10-25T09:21:14.000,2322.2,7774,2322.2,47,0.0,0,0.0,0,0.0,0,0.0,0,2322.6,18,0.0,0,0.0,0,0.0,0,0.0,0
2012-10-25T09:21:14.500,2322.4,7780,2322.4,3,0.0,0,0.0,0,0.0,0,0.0,0,2322.6,19,0.0,0,0.0,0,0.0,0,0.0,0
2012-10-25T09:21:15.000,2322.2,7785,2322.2,46,0.0,0,0.0,0,0.0,0,0.0,0,2322.4,2,0.0,0,0.0,0,0.0,0,0.0,0
2012-10-25T09:21:15.500,2322.4,7790,2322.2,46,0.0,0,0.0,0,0.0,0,0.0,0,2322.4,2,0.0,0,0.0,0,0.0,0,0.0,0
2012-10-25T09:21:16.000,2322.2,7793,2322.2,43,0.0,0,0.0,0,0.0,0,0.0,0,2322.4,6,0.0,0,0.0,0,0.0,0,0.0,0
2012-10-25T09:21:16.500,2322.4,7804,2322.2,36,0.0,0,0.0,0,0.0,0,0.0,0,2322.4,4,0.0,0,0.0,0,0.0,0,0.0,0
2012-10-25T09:21:17.000,2322.2,7831,2322.2,11,0.0,0,0.0,0,0.0,0,0.0,0,2322.4,8,0.0,0,0.0,0,0.0,0,0.0,0
2012-10-25T09:21:17.500,2322.2,7842,2322,114,0.0,0,0.0,0,0.0,0,0.0,0,2322.2,3,0.0,0,0.0,0,0.0,0,0.0,0
2012-10-25T09:21:18.000,2322.2,7849,2322,112,0.0,0,0.0,0,0.0,0,0.0,0,2322.4,8,0.0,0,0.0,0,0.0,0,0.0,0
2012-10-25T09:21:18.500,2322,7853,2322,110,0.0,0,0.0,0,0.0,0,0.0,0,2322.2,2,0.0,0,0.0,0,0.0,0,0.0,0
2012-10-25T09:21:19.000,2322.2,7866,2322.2,17,0.0,0,0.0,0,0.0,0,0.0,0,2322.4,22,0.0,0,0.0,0,0.0,0,0.0,0
2012-10-25T09:21:19.500,2322.2,7888,2322.2,2,0.0,0,0.0,0,0.0,0,0.0,0,2322.4,22,0.0,0,0.0,0,0.0,0,0.0,0
2012-10-25T09:21:20.000,2322,7934,2322.2,1,0.0,0,0.0,0,0.0,0,0.0,0,2322.4,23,0.0,0,0.0,0,0.0,0,0.0,0
2012-10-25T09:21:20.500,2322,7943,2322,59,0.0,0,0.0,0,0.0,0,0.0,0,2322.2,1,0.0,0,0.0,0,0.0,0,0.0,0
2012-10-25T09:21:21.000,2322,7948,2322,55,0.0,0,0.0,0,0.0,0,0.0,0,2322.2,16,0.0,0,0.0,0,0.0,0,0.0,0
2012-10-25T09:21:21.500,2322,7953,2322,52,0.0,0,0.0,0,0.0,0,0.0,0,2322.2,22,0.0,0,0.0,0,0.0,0,0.0,0
2012-10-25T09:21:22.000,2322,7965,2322,45,0.0,0,0.0,0,0.0,0,0.0,0,2322.2,19,0.0,0,0.0,0,0.0,0,0.0,0
2012-10-25T09:21:22.500,2322,8015,2321.8,17,0.0,0,0.0,0,0.0,0,0.0,0,2322,66,0.0,0,0.0,0,0.0,0,0.0,0
2012-10-25T09:21:23.000,2321.8,8038,2321.6,26,0.0,0,0.0,0,0.0,0,0.0,0,2321.8,35,0.0,0,0.0,0,0.0,0,0.0,0
2012-10-25T09:21:23.500,2321.6,8115,2321.6,20,0.0,0,0.0,0,0.0,0,0.0,0,2321.8,3,0.0,0,0.0,0,0.0,0,0.0,0
2012-10-25T09:21:24.000,2321.6,8131,2321.6,8,0.0,0,0.0,0,0.0,0,0.0,0,2321.8,14,0.0,0,0.0,0,0.0,0,0.0,0
2012-10-25T09:21:24.500,2321.6,8148,2321.6,4,0.0,0,0.0,0,0.0,0,0.0,0,2321.8,5,0.0,0,0.0,0,0.0,0,0.0,0
2012-10-25T09:21:25.000,2321.6,8159,2321.6,2,0.0,0,0.0,0,0.0,0,0.0,0,2321.8,2,0.0,0,0.0,0,0.0,0,0.0,0
2012-10-25T09:21:25.500,2321.6,8174,2321.6,16,0.0,0,0.0,0,0.0,0,0.0,0,2322,77,0.0,0,0.0,0,0.0,0,0.0,0
2012-10-25T09:21:26.000,2321.8,8179,2321.6,13,0.0,0,0.0,0,0.0,0,0.0,0,2321.8,2,0.0,0,0.0,0,0.0,0,0.0,0
2012-10-25T09:21:26.500,2321.4,8210,2321.2,47,0.0,0,0.0,0,0.0,0,0.0,0,2321.4,48,0.0,0,0.0,0,0.0,0,0.0,0
2012-10-25T09:21:27.000,2321.4,8217,2321.2,47,0.0,0,0.0,0,0.0,0,0.0,0,2321.4,43,0.0,0,0.0,0,0.0,0,0.0,0
2012-10-25T09:21:27.500,2321.2,8263,2321.2,13,0.0,0,0.0,0,0.0,0,0.0,0,2321.4,30,0.0,0,0.0,0,0.0,0,0.0,0
2012-10-25T09:21:28.000,2321.2,8277,2321.2,7,0.0,0,0.0,0,0.0,0,0.0,0,2321.4,26,0.0,0,0.0,0,0.0,0,0.0,0
2012-10-25T09:21:28.500,2321,8300,2321,75,0.0,0,0.0,0,0.0,0,0.0,0,2321.2,2,0.0,0,0.0,0,0.0,0,0.0,0
2012-10-25T09:21:29.000,2321,8306,2321,70,0.0,0,0.0,0,0.0,0,0.0,0,2321.2,3,0.0,0,0.0,0,0.0,0,0.0,0
2012-10-25T09:21:29.500,2321.2,8316,2321.2,7,0.0,0,0.0,0,0.0,0,0.0,0,2321.4,14,0.0,0,0.0,0,0.0,0,0.0,0
2012-10-25T09:21:30.000,2321,8333,2321,62,0.0,0,0.0,0,0.0,0,0.0,0,2321.2,4,0.0,0,0.0,0,0.0,0,0.0,0
2012-10-25T09:21:30.500,2321.2,8342,2321.2,5,0.0,0,0.0,0,0.0,0,0.0,0,2321.4,12,0.0,0,0.0,0,0.0,0,0.0,0
2012-10-25T09:21:31.000,2321.2,8412,2321.2,4,0.0,0,0.0,0,0.0,0,0.0,0,2321.6,8,0.0,0,0.0,0,0.0,0,0.0,0
2012-10-25T09:21:31.500,2321.2,8420,2321.2,34,0.0,0,0.0,0,0.0,0,0.0,0,2321.6,8,0.0,0,0.0,0,0.0,0,0.0,0
2012-10-25T09:21:32.000,2321.4,8433,2321.4,8,0.0,0,0.0,0,0.0,0,0.0,0,2321.6,6,0.0,0,0.0,0,0.0,0,0.0,0
2012-10-25T09:21:32.500,2321.4,8436,2321.4,5,0.0,0,0.0,0,0.0,0,0.0,0,2321.6,6,0.0,0,0.0,0,0.0,0,0.0,0
2012-10-25T09:21:33.000,2321.6,8466,2321.4,2,0.0,0,0.0,0,0.0,0,0.0,0,2321.6,17,0.0,0,0.0,0,0.0,0,0.0,0
2012-10-25T09:21:33.500,2321.4,8475,2321.2,36,0.0,0,0.0,0,0.0,0,0.0,0,2321.4,4,0.0,0,0.0,0,0.0,0,0.0,0
2012-10-25T09:21:34.000,2321.4,8492,2321.4,5,0.0,0,0.0,0,0.0,0,0.0,0,2321.6,19,0.0,0,0.0,0,0.0,0,0.0,0
2012-10-25T09:21:34.500,2321.4,8493,2321.4,7,0.0,0,0.0,0,0.0,0,0.0,0,2321.6,23,0.0,0,0.0,0,0.0,0,0.0,0
2012-10-25T09:21:35.000,2321.4,8508,2321.4,4,0.0,0,0.0,0,0.0,0,0.0,0,2321.6,13,0.0,0,0.0,0,0.0,0,0.0,0
2012-10-25T09:21:35.500,2321.6,8510,2321.4,5,0.0,0,0.0,0,0.0,0,0.0,0,2321.6,11,0.0,0,0.0,0,0.0,0,0.0,0
2012-10-25T09:21:36.000,2321.6,8520,2321.2,45,0.0,0,0.0,0,0.0,0,0.0,0,2321.6,9,0.0,0,0.0,0,0.0,0,0.0,0
2012-10-25T09:21:36.500,2321.4,8525,2321.2,43,0.0,0,0.0,0,0.0,0,0.0,0,2321.4,2,0.0,0,0.0,0,0.0,0,0.0,0
2012-10-25T09:21:37.000,2321.6,8540,2321.6,33,0.0,0,0.0,0,0.0,0,0.0,0,2321.8,16,0.0,0,0.0,0,0.0,0,0.0,0
2012-10-25T09:21:37.500,2321.6,8544,2321.6,31,0.0,0,0.0,0,0.0,0,0.0,0,2321.8,19,0.0,0,0.0,0,0.0,0,0.0,0
2012-10-25T09:21:38.000,2321.6,8549,2321.6,40,0.0,0,0.0,0,0.0,0,0.0,0,2321.8,26,0.0,0,0.0,0,0.0,0,0.0,0
2012-10-25T09:21:38.500,2321.6,8555,2321.6,36,0.0,0,0.0,0,0.0,0,0.0,0,2321.8,26,0.0,0,0.0,0,0.0,0,0.0,0
2012-10-25T09:21:39.000,2321.6,8556,2321.6,35,0.0,0,0.0,0,0.0,0,0.0,0,2321.8,27,0.0,0,0.0,0,0.0,0,0.0,0
2012-10-25T09:21:39.500,2321.6,8558,2321.6,35,0.0,0,0.0,0,0.0,0,0.0,0,2321.8,26,0.0,0,0.0,0,0.0,0,0.0,0
2012-10-25T09:21:40.000,2321.6,8560,2321.6,53,0.0,0,0.0,0,0.0,0,0.0,0,2321.8,26,0.0,0,0.0,0,0.0,0,0.0,0
2012-10-25T09:21:40.500,2321.6,8567,2321.6,50,0.0,0,0.0,0,0.0,0,0.0,0,2321.8,26,0.0,0,0.0,0,0.0,0,0.0,0
2012-10-25T09:21:41.000,2321.8,8568,2321.6,50,0.0,0,0.0,0,0.0,0,0.0,0,2321.8,25,0.0,0,0.0,0,0.0,0,0.0,0
2012-10-25T09:21:41.500,2321.8,8570,2321.6,51,0.0,0,0.0,0,0.0,0,0.0,0,2321.8,30,0.0,0,0.0,0,0.0,0,0.0,0
2012-10-25T09:21:42.000,2321.6,8575,2321.6,47,0.0,0,0.0,0,0.0,0,0.0,0,2321.8,29,0.0,0,0.0,0,0.0,0,0.0,0
2012-10-25T09:21:42.500,2321.6,8586,2321.6,46,0.0,0,0.0,0,0.0,0,0.0,0,2321.8,20,0.0,0,0.0,0,0.0,0,0.0,0
2012-10-25T09:21:43.000,2321.8,8591,2321.6,46,0.0,0,0.0,0,0.0,0,0.0,0,2321.8,23,0.0,0,0.0,0,0.0,0,0.0,0
2012-10-25T09:21:43.500,2321.6,8595,2321.6,43,0.0,0,0.0,0,0.0,0,0.0,0,2321.8,24,0.0,0,0.0,0,0.0,0,0.0,0
2012-10-25T09:21:44.000,2321.8,8602,2321.6,27,0.0,0,0.0,0,0.0,0,0.0,0,2321.8,20,0.0,0,0.0,0,0.0,0,0.0,0
2012-10-25T09:21:44.500,2321.6,8605,2321.6,28,0.0,0,0.0,0,0.0,0,0.0,0,2321.8,21,0.0,0,0.0,0,0.0,0,0.0,0
2012-10-25T09:21:45.000,2321.8,8611,2321.6,24,0.0,0,0.0,0,0.0,0,0.0,0,2321.8,20,0.0,0,0.0,0,0.0,0,0.0,0
2012-10-25T09:21:45.500,2321.8,8613,2321.6,23,0.0,0,0.0,0,0.0,0,0.0,0,2321.8,19,0.0,0,0.0,0,0.0,0,0.0,0
2012-10-25T09:21:46.250,2321.6,8614,2321.6,47,0.0,0,0.0,0,0.0,0,0.0,0,2321.8,21,0.0,0,0.0,0,0.0,0,0.0,0
2012-10-25T09:21:47.000,2321.8,8629,2321.6,47,0.0,0,0.0,0,0.0,0,0.0,0,2321.8,17,0.0,0,0.0,0,0.0,0,0.0,0
2012-10-25T09:21:47.500,2321.8,8634,2321.6,47,0.0,0,0.0,0,0.0,0,0.0,0,2321.8,19,0.0,0,0.0,0,0.0,0,0.0,0
2012-10-25T09:21:48.000,2321.8,8653,2321.6,43,0.0,0,0.0,0,0.0,0,0.0,0,2321.8,8,0.0,0,0.0,0,0.0,0,0.0,0
2012-10-25T09:21:48.500,2321.8,8657,2321.6,44,0.0,0,0.0,0,0.0,0,0.0,0,2321.8,5,0.0,0,0.0,0,0.0,0,0.0,0
2012-10-25T09:21:49.250,2321.6,8659,2321.6,46,0.0,0,0.0,0,0.0,0,0.0,0,2321.8,7,0.0,0,0.0,0,0.0,0,0.0,0
2012-10-25T09:21:50.000,2321.8,8671,2321.8,2,0.0,0,0.0,0,0.0,0,0.0,0,2322,66,0.0,0,0.0,0,0.0,0,0.0,0
2012-10-25T09:21:50.500,2321.8,8672,2321.8,3,0.0,0,0.0,0,0.0,0,0.0,0,2322,67,0.0,0,0.0,0,0.0,0,0.0,0
2012-10-25T09:21:51.000,2321.8,8676,2321.6,45,0.0,0,0.0,0,0.0,0,0.0,0,2321.8,17,0.0,0,0.0,0,0.0,0,0.0,0
2012-10-25T09:21:51.500,2321.8,8680,2321.6,48,0.0,0,0.0,0,0.0,0,0.0,0,2321.8,13,0.0,0,0.0,0,0.0,0,0.0,0
2012-10-25T09:21:52.000,2321.8,8688,2321.6,48,0.0,0,0.0,0,0.0,0,0.0,0,2321.8,7,0.0,0,0.0,0,0.0,0,0.0,0
2012-10-25T09:21:52.500,2321.8,8689,2321.6,48,0.0,0,0.0,0,0.0,0,0.0,0,2321.8,7,0.0,0,0.0,0,0.0,0,0.0,0
2012-10-25T09:21:53.250,2321.8,8695,2321.8,1,0.0,0,0.0,0,0.0,0,0.0,0,2322,67,0.0,0,0.0,0,0.0,0,0.0,0
2012-10-25T09:21:54.250,2321.8,8696,2321.8,4,0.0,0,0.0,0,0.0,0,0.0,0,2322,67,0.0,0,0.0,0,0.0,0,0.0,0
2012-10-25T09:21:55.000,2321.8,8698,2321.8,3,0.0,0,0.0,0,0.0,0,0.0,0,2322,66,0.0,0,0.0,0,0.0,0,0.0,0
2012-10-25T09:21:55.500,2321.8,8701,2321.8,1,0.0,0,0.0,0,0.0,0,0.0,0,2322,65,0.0,0,0.0,0,0.0,0,0.0,0
2012-10-25T09:21:56.000,2321.8,8704,2321.6,57,0.0,0,0.0,0,0.0,0,0.0,0,2322,65,0.0,0,0.0,0,0.0,0,0.0,0
2012-10-25T09:21:56.500,2321.8,8706,2321.6,56,0.0,0,0.0,0,0.0,0,0.0,0,2322,71,0.0,0,0.0,0,0.0,0,0.0,0
2012-10-25T09:21:57.000,2321.8,8708,2321.8,19,0.0,0,0.0,0,0.0,0,0.0,0,2322,70,0.0,0,0.0,0,0.0,0,0.0,0
2012-10-25T09:21:57.500,2322,8709,2321.8,19,0.0,0,0.0,0,0.0,0,0.0,0,2322,70,0.0,0,0.0,0,0.0,0,0.0,0
2012-10-25T09:21:58.000,2322,8710,2321.8,20,0.0,0,0.0,0,0.0,0,0.0,0,2322,69,0.0,0,0.0,0,0.0,0,0.0,0
2012-10-25T09:21:58.500,2321.8,8712,2321.8,19,0.0,0,0.0,0,0.0,0,0.0,0,2322,70,0.0,0,0.0,0,0.0,0,0.0,0
2012-10-25T09:21:59.000,2322,8719,2321.8,21,0.0,0,0.0,0,0.0,0,0.0,0,2322,62,0.0,0,0.0,0,0.0,0,0.0,0
2012-10-25T09:21:59.500,2322,8723,2321.8,23,0.0,0,0.0,0,0.0,0,0.0,0,2322,60,0.0,0,0.0,0,0.0,0,0.0,0
2012-10-25T09:22:00.000,2321.8,8746,2321.6,61,0.0,0,0.0,0,0.0,0,0.0,0,2321.8,27,0.0,0,0.0,0,0.0,0,0.0,0
2012-10-25T09:22:00.500,2321.8,8753,2321.6,58,0.0,0,0.0,0,0.0,0,0.0,0,2321.8,28,0.0,0,0.0,0,0.0,0,0.0,0
2012-10-25T09:22:01.000,2321.6,8772,2321.6,55,0.0,0,0.0,0,0.0,0,0.0,0,2321.8,24,0.0,0,0.0,0,0.0,0,0.0,0
2012-10-25T09:22:01.500,2321.8,8796,2321.6,45,0.0,0,0.0,0,0.0,0,0.0,0,2321.8,15,0.0,0,0.0,0,0.0,0,0.0,0
2012-10-25T09:22:02.000,2321.6,8831,2321.6,11,0.0,0,0.0,0,0.0,0,0.0,0,2321.8,18,0.0,0,0.0,0,0.0,0,0.0,0
2012-10-25T09:22:02.500,2321.6,8842,2321.4,59,0.0,0,0.0,0,0.0,0,0.0,0,2321.6,5,0.0,0,0.0,0,0.0,0,0.0,0
2012-10-25T09:22:03.000,2321.6,8846,2321.4,57,0.0,0,0.0,0,0.0,0,0.0,0,2321.6,4,0.0,0,0.0,0,0.0,0,0.0,0
2012-10-25T09:22:03.500,2321.6,8852,2321.4,57,0.0,0,0.0,0,0.0,0,0.0,0,2321.6,1,0.0,0,0.0,0,0.0,0,0.0,0
2012-10-25T09:22:04.000,2321.8,8854,2321.4,57,0.0,0,0.0,0,0.0,0,0.0,0,2321.8,24,0.0,0,0.0,0,0.0,0,0.0,0
2012-10-25T09:22:04.500,2321.6,8866,2321.4,56,0.0,0,0.0,0,0.0,0,0.0,0,2321.6,1,0.0,0,0.0,0,0.0,0,0.0,0
2012-10-25T09:22:05.250,2321.6,8878,2321.4,57,0.0,0,0.0,0,0.0,0,0.0,0,2321.6,4,0.0,0,0.0,0,0.0,0,0.0,0
2012-10-25T09:22:06.000,2321.6,8884,2321.4,57,0.0,0,0.0,0,0.0,0,0.0,0,2321.8,4,0.0,0,0.0,0,0.0,0,0.0,0
2012-10-25T09:22:06.500,2321.8,8897,2321.4,54,0.0,0,0.0,0,0.0,0,0.0,0,2322,64,0.0,0,0.0,0,0.0,0,0.0,0
2012-10-25T09:22:07.000,2321.4,8908,2321.4,47,0.0,0,0.0,0,0.0,0,0.0,0,2322,64,0.0,0,0.0,0,0.0,0,0.0,0
2012-10-25T09:22:07.500,2321.4,8911,2321.6,7,0.0,0,0.0,0,0.0,0,0.0,0,2321.8,1,0.0,0,0.0,0,0.0,0,0.0,0
2012-10-25T09:22:08.000,2322,8914,2321.6,9,0.0,0,0.0,0,0.0,0,0.0,0,2321.8,1,0.0,0,0.0,0,0.0,0,0.0,0
2012-10-25T09:22:08.500,2321.6,8915,2321.6,8,0.0,0,0.0,0,0.0,0,0.0,0,2321.8,2,0.0,0,0.0,0,0.0,0,0.0,0
2012-10-25T09:22:09.000,2321.6,8919,2321.6,14,0.0,0,0.0,0,0.0,0,0.0,0,2321.8,3,0.0,0,0.0,0,0.0,0,0.0,0
2012-10-25T09:22:09.500,2321.6,8920,2321.6,25,0.0,0,0.0,0,0.0,0,0.0,0,2321.8,6,0.0,0,0.0,0,0.0,0,0.0,0
2012-10-25T09:22:10.000,2321.8,8922,2321.6,26,0.0,0,0.0,0,0.0,0,0.0,0,2321.8,4,0.0,0,0.0,0,0.0,0,0.0,0
2012-10-25T09:22:10.500,2321.6,8925,2321.6,24,0.0,0,0.0,0,0.0,0,0.0,0,2321.8,4,0.0,0,0.0,0,0.0,0,0.0,0
2012-10-25T09:22:11.000,2321.8,8929,2321.6,28,0.0,0,0.0,0,0.0,0,0.0,0,2322,73,0.0,0,0.0,0,0.0,0,0.0,0
2012-10-25T09:22:11.500,2321.8,8934,2321.6,28,0.0,0,0.0,0,0.0,0,0.0,0,2322,69,0.0,0,0.0,0,0.0,0,0.0,0
2012-10-25T09:22:12.000,2321.6,8936,2321.8,2,0.0,0,0.0,0,0.0,0,0.0,0,2322,69,0.0,0,0.0,0,0.0,0,0.0,0
2012-10-25T09:22:12.500,2321.8,8938,2321.8,1,0.0,0,0.0,0,0.0,0,0.0,0,2322,68,0.0,0,0.0,0,0.0,0,0.0,0
2012-10-25T09:22:13.250,2322,8940,2321.8,4,0.0,0,0.0,0,0.0,0,0.0,0,2322,70,0.0,0,0.0,0,0.0,0,0.0,0
2012-10-25T09:22:14.000,2322,8942,2321.8,5,0.0,0,0.0,0,0.0,0,0.0,0,2322,70,0.0,0,0.0,0,0.0,0,0.0,0
2012-10-25T09:22:14.500,2321.8,8949,2321.8,1,0.0,0,0.0,0,0.0,0,0.0,0,2322,68,0.0,0,0.0,0,0.0,0,0.0,0
2012-10-25T09:22:15.000,2322.2,9037,2322.2,49,0.0,0,0.0,0,0.0,0,0.0,0,2322.4,25,0.0,0,0.0,0,0.0,0,0.0,0
2012-10-25T09:22:15.500,2322.4,9080,2322.4,6,0.0,0,0.0,0,0.0,0,0.0,0,2322.6,14,0.0,0,0.0,0,0.0,0,0.0,0
2012-10-25T09:22:16.000,2322.4,9085,2322.4,2,0.0,0,0.0,0,0.0,0,0.0,0,2322.6,14,0.0,0,0.0,0,0.0,0,0.0,0
2012-10-25T09:22:16.500,2322.8,9116,2322.6,5,0.0,0,0.0,0,0.0,0,0.0,0,2322.8,3,0.0,0,0.0,0,0.0,0,0.0,0
2012-10-25T09:22:17.000,2322.6,9124,2322.2,43,0.0,0,0.0,0,0.0,0,0.0,0,2322.6,5,0.0,0,0.0,0,0.0,0,0.0,0
2012-10-25T09:22:17.500,2322.6,9135,2322.6,1,0.0,0,0.0,0,0.0,0,0.0,0,2322.8,1,0.0,0,0.0,0,0.0,0,0.0,0
2012-10-25T09:22:18.000,2322.8,9138,2322.8,2,0.0,0,0.0,0,0.0,0,0.0,0,2323,31,0.0,0,0.0,0,0.0,0,0.0,0
2012-10-25T09:22:18.500,2323,9139,2322.8,3,0.0,0,0.0,0,0.0,0,0.0,0,2323,31,0.0,0,0.0,0,0.0,0,0.0,0
2012-10-25T09:22:19.000,2323,9167,2322.8,2,0.0,0,0.0,0,0.0,0,0.0,0,2323,3,0.0,0,0.0,0,0.0,0,0.0,0
2012-10-25T09:22:19.500,2322.8,9170,2322.6,2,0.0,0,0.0,0,0.0,0,0.0,0,2323,2,0.0,0,0.0,0,0.0,0,0.0,0
2012-10-25T09:22:20.000,2323,9187,2322.6,8,0.0,0,0.0,0,0.0,0,0.0,0,2323.2,9,0.0,0,0.0,0,0.0,0,0.0,0
2012-10-25T09:22:20.500,2322.6,9188,2322.6,7,0.0,0,0.0,0,0.0,0,0.0,0,2323,1,0.0,0,0.0,0,0.0,0,0.0,0
2012-10-25T09:22:21.000,2323,9192,2323,1,0.0,0,0.0,0,0.0,0,0.0,0,2323.2,14,0.0,0,0.0,0,0.0,0,0.0,0
2012-10-25T09:22:21.500,2323,9195,2323,1,0.0,0,0.0,0,0.0,0,0.0,0,2323.2,13,0.0,0,0.0,0,0.0,0,0.0,0
2012-10-25T09:22:22.000,2322.6,9206,2322.6,1,0.0,0,0.0,0,0.0,0,0.0,0,2323,3,0.0,0,0.0,0,0.0,0,0.0,0
2012-10-25T09:22:22.500,2322.6,9209,2322.6,1,0.0,0,0.0,0,0.0,0,0.0,0,2323,5,0.0,0,0.0,0,0.0,0,0.0,0
2012-10-25T09:22:23.250,2322.8,9215,2322.6,1,0.0,0,0.0,0,0.0,0,0.0,0,2322.8,3,0.0,0,0.0,0,0.0,0,0.0,0
2012-10-25T09:22:24.000,2322.6,9218,2322.2,2,0.0,0,0.0,0,0.0,0,0.0,0,2322.6,12,0.0,0,0.0,0,0.0,0,0.0,0
2012-10-25T09:22:24.500,2322.6,9220,2322.4,7,0.0,0,0.0,0,0.0,0,0.0,0,2322.6,13,0.0,0,0.0,0,0.0,0,0.0,0
2012-10-25T09:22:25.000,2322.6,9221,2322.4,10,0.0,0,0.0,0,0.0,0,0.0,0,2322.6,12,0.0,0,0.0,0,0.0,0,0.0,0
2012-10-25T09:22:25.500,2322.6,9222,2322.4,11,0.0,0,0.0,0,0.0,0,0.0,0,2322.6,11,0.0,0,0.0,0,0.0,0,0.0,0
2012-10-25T09:22:26.250,2322.4,9227,2322.4,6,0.0,0,0.0,0,0.0,0,0.0,0,2322.6,12,0.0,0,0.0,0,0.0,0,0.0,0
2012-10-25T09:22:27.000,2322.6,9234,2322.4,6,0.0,0,0.0,0,0.0,0,0.0,0,2322.6,6,0.0,0,0.0,0,0.0,0,0.0,0
2012-10-25T09:22:27.500,2322.4,9235,2322.4,5,0.0,0,0.0,0,0.0,0,0.0,0,2322.6,6,0.0,0,0.0,0,0.0,0,0.0,0
2012-10-25T09:22:28.250,2322.4,9238,2322.4,2,0.0,0,0.0,0,0.0,0,0.0,0,2322.6,8,0.0,0,0.0,0,0.0,0,0.0,0
2012-10-25T09:22:29.000,2322.6,9240,2322.4,3,0.0,0,0.0,0,0.0,0,0.0,0,2322.6,9,0.0,0,0.0,0,0.0,0,0.0,0
2012-10-25T09:22:29.500,2322.4,9242,2322.4,2,0.0,0,0.0,0,0.0,0,0.0,0,2322.6,8,0.0,0,0.0,0,0.0,0,0.0,0
2012-10-25T09:22:31.000,2322.4,9244,2322.4,3,0.0,0,0.0,0,0.0,0,0.0,0,2322.6,9,0.0,0,0.0,0,0.0,0,0.0,0
2012-10-25T09:22:31.500,2322.4,9247,2322.4,1,0.0,0,0.0,0,0.0,0,0.0,0,2322.6,8,0.0,0,0.0,0,0.0,0,0.0,0
2012-10-25T09:22:32.000,2322.2,9249,2322.2,1,0.0,0,0.0,0,0.0,0,0.0,0,2322.4,1,0.0,0,0.0,0,0.0,0,0.0,0
2012-10-25T09:22:32.500,2322.2,9250,2322,33,0.0,0,0.0,0,0.0,0,0.0,0,2322.4,1,0.0,0,0.0,0,0.0,0,0.0,0
2012-10-25T09:22:33.000,2322.6,9253,2322.4,1,0.0,0,0.0,0,0.0,0,0.0,0,2322.6,8,0.0,0,0.0,0,0.0,0,0.0,0
2012-10-25T09:22:33.500,2322.2,9257,2322,32,0.0,0,0.0,0,0.0,0,0.0,0,2322.4,5,0.0,0,0.0,0,0.0,0,0.0,0
2012-10-25T09:22:34.000,2322.4,9272,2322.4,5,0.0,0,0.0,0,0.0,0,0.0,0,2322.6,9,0.0,0,0.0,0,0.0,0,0.0,0
2012-10-25T09:22:34.500,2322.4,9304,2322,37,0.0,0,0.0,0,0.0,0,0.0,0,2322.4,30,0.0,0,0.0,0,0.0,0,0.0,0
2012-10-25T09:22:35.000,2322.4,9333,2322.2,1,0.0,0,0.0,0,0.0,0,0.0,0,2322.4,29,0.0,0,0.0,0,0.0,0,0.0,0
2012-10-25T09:22:35.500,2322.2,9336,2322,30,0.0,0,0.0,0,0.0,0,0.0,0,2322.2,5,0.0,0,0.0,0,0.0,0,0.0,0
2012-10-25T09:22:38.000,2322,9357,2322,29,0.0,0,0.0,0,0.0,0,0.0,0,2322.4,31,0.0,0,0.0,0,0.0,0,0.0,0
2012-10-25T09:22:38.500,2322,9362,2322.2,30,0.0,0,0.0,0,0.0,0,0.0,0,2322.4,31,0.0,0,0.0,0,0.0,0,0.0,0
2012-10-25T09:22:39.000,2322,9364,2322.2,31,0.0,0,0.0,0,0.0,0,0.0,0,2322.4,32,0.0,0,0.0,0,0.0,0,0.0,0
2012-10-25T09:22:39.500,2322.2,9377,2322.2,19,0.0,0,0.0,0,0.0,0,0.0,0,2322.4,32,0.0,0,0.0,0,0.0,0,0.0,0
2012-10-25T09:22:40.250,2322.2,9384,2322.2,16,0.0,0,0.0,0,0.0,0,0.0,0,2322.4,31,0.0,0,0.0,0,0.0,0,0.0,0
2012-10-25T09:22:41.250,2322.4,9386,2322.2,18,0.0,0,0.0,0,0.0,0,0.0,0,2322.4,30,0.0,0,0.0,0,0.0,0,0.0,0
2012-10-25T09:22:42.000,2322.4,9387,2322.2,19,0.0,0,0.0,0,0.0,0,0.0,0,2322.4,39,0.0,0,0.0,0,0.0,0,0.0,0
2012-10-25T09:22:42.500,2322.2,9389,2322.2,20,0.0,0,0.0,0,0.0,0,0.0,0,2322.4,40,0.0,0,0.0,0,0.0,0,0.0,0
2012-10-25T09:22:43.000,2322.2,9390,2322.2,19,0.0,0,0.0,0,0.0,0,0.0,0,2322.4,40,0.0,0,0.0,0,0.0,0,0.0,0
2012-10-25T09:22:43.500,2322.2,9392,2322.2,19,0.0,0,0.0,0,0.0,0,0.0,0,2322.4,43,0.0,0,0.0,0,0.0,0,0.0,0
2012-10-25T09:22:44.000,2322.2,9406,2322.2,15,0.0,0,0.0,0,0.0,0,0.0,0,2322.4,33,0.0,0,0.0,0,0.0,0,0.0,0
2012-10-25T09:22:44.500,2322.4,9408,2322.2,15,0.0,0,0.0,0,0.0,0,0.0,0,2322.4,31,0.0,0,0.0,0,0.0,0,0.0,0
2012-10-25T09:22:45.000,2322.4,9410,2322.2,15,0.0,0,0.0,0,0.0,0,0.0,0,2322.4,30,0.0,0,0.0,0,0.0,0,0.0,0
2012-10-25T09:22:45.500,2322.4,9414,2322.2,17,0.0,0,0.0,0,0.0,0,0.0,0,2322.4,28,0.0,0,0.0,0,0.0,0,0.0,0
2012-10-25T09:22:46.000,2322.4,9445,2322.4,19,0.0,0,0.0,0,0.0,0,0.0,0,2322.6,5,0.0,0,0.0,0,0.0,0,0.0,0
2012-10-25T09:22:46.500,2322.6,9451,2322.4,44,0.0,0,0.0,0,0.0,0,0.0,0,2322.6,4,0.0,0,0.0,0,0.0,0,0.0,0
2012-10-25T09:22:47.250,2322.6,9458,2322.6,3,0.0,0,0.0,0,0.0,0,0.0,0,2322.8,17,0.0,0,0.0,0,0.0,0,0.0,0
2012-10-25T09:22:48.000,2322.8,9466,2322.6,14,0.0,0,0.0,0,0.0,0,0.0,0,2322.8,10,0.0,0,0.0,0,0.0,0,0.0,0
2012-10-25T09:22:48.500,2322.8,9467,2322.6,15,0.0,0,0.0,0,0.0,0,0.0,0,2322.8,9,0.0,0,0.0,0,0.0,0,0.0,0
2012-10-25T09:22:49.000,2323.2,9492,2322.8,1,0.0,0,0.0,0,0.0,0,0.0,0,2323.2,22,0.0,0,0.0,0,0.0,0,0.0,0
2012-10-25T09:22:49.500,2323.2,9496,2323,4,0.0,0,0.0,0,0.0,0,0.0,0,2323.2,21,0.0,0,0.0,0,0.0,0,0.0,0
2012-10-25T09:22:50.000,2323.2,9505,2323,4,0.0,0,0.0,0,0.0,0,0.0,0,2323.2,15,0.0,0,0.0,0,0.0,0,0.0,0
2012-10-25T09:22:50.500,2323.2,9508,2323,4,0.0,0,0.0,0,0.0,0,0.0,0,2323.2,12,0.0,0,0.0,0,0.0,0,0.0,0
2012-10-25T09:22:51.000,2323.2,9511,2323,4,0.0,0,0.0,0,0.0,0,0.0,0,2323.2,9,0.0,0,0.0,0,0.0,0,0.0,0
2012-10-25T09:22:51.500,2323.2,9513,2323,4,0.0,0,0.0,0,0.0,0,0.0,0,2323.2,8,0.0,0,0.0,0,0.0,0,0.0,0
2012-10-25T09:22:52.000,2323.2,9519,2323,1,0.0,0,0.0,0,0.0,0,0.0,0,2323.2,8,0.0,0,0.0,0,0.0,0,0.0,0
2012-10-25T09:22:52.500,2323.2,9522,2322.6,5,0.0,0,0.0,0,0.0,0,0.0,0,2323.2,8,0.0,0,0.0,0,0.0,0,0.0,0
2012-10-25T09:22:53.000,2323.2,9523,2322.6,6,0.0,0,0.0,0,0.0,0,0.0,0,2323,2,0.0,0,0.0,0,0.0,0,0.0,0
2012-10-25T09:22:53.500,2323,9527,2322.8,5,0.0,0,0.0,0,0.0,0,0.0,0,2323,4,0.0,0,0.0,0,0.0,0,0.0,0
2012-10-25T09:22:54.250,2322.6,9536,2322.8,2,0.0,0,0.0,0,0.0,0,0.0,0,2323,10,0.0,0,0.0,0,0.0,0,0.0,0
2012-10-25T09:22:55.000,2322.8,9537,2322.8,1,0.0,0,0.0,0,0.0,0,0.0,0,2323,14,0.0,0,0.0,0,0.0,0,0.0,0
2012-10-25T09:22:55.500,2322.8,9539,2322.6,2,0.0,0,0.0,0,0.0,0,0.0,0,2322.8,5,0.0,0,0.0,0,0.0,0,0.0,0
2012-10-25T09:22:56.250,2322.6,9541,2322.6,1,0.0,0,0.0,0,0.0,0,0.0,0,2322.8,5,0.0,0,0.0,0,0.0,0,0.0,0
2012-10-25T09:22:57.000,2322.6,9542,2322.4,36,0.0,0,0.0,0,0.0,0,0.0,0,2322.8,6,0.0,0,0.0,0,0.0,0,0.0,0
2012-10-25T09:22:57.500,2322.8,9543,2322.6,1,0.0,0,0.0,0,0.0,0,0.0,0,2322.8,6,0.0,0,0.0,0,0.0,0,0.0,0
2012-10-25T09:22:59.250,2323,9558,2322.8,1,0.0,0,0.0,0,0.0,0,0.0,0,2323,18,0.0,0,0.0,0,0.0,0,0.0,0
2012-10-25T09:23:00.250,2323,9565,2322.8,1,0.0,0,0.0,0,0.0,0,0.0,0,2323,18,0.0,0,0.0,0,0.0,0,0.0,0
2012-10-25T09:23:01.000,2323,9580,2322.8,3,0.0,0,0.0,0,0.0,0,0.0,0,2323,4,0.0,0,0.0,0,0.0,0,0.0,0
2012-10-25T09:23:01.500,2322.8,9589,2322.6,1,0.0,0,0.0,0,0.0,0,0.0,0,2323.2,23,0.0,0,0.0,0,0.0,0,0.0,0
2012-10-25T09:23:02.000,2322.6,9592,2322.4,41,0.0,0,0.0,0,0.0,0,0.0,0,2322.6,3,0.0,0,0.0,0,0.0,0,0.0,0
2012-10-25T09:23:02.500,2322.6,9594,2322.4,41,0.0,0,0.0,0,0.0,0,0.0,0,2322.6,1,0.0,0,0.0,0,0.0,0,0.0,0
2012-10-25T09:23:03.000,2322.8,9596,2322.8,3,0.0,0,0.0,0,0.0,0,0.0,0,2323,2,0.0,0,0.0,0,0.0,0,0.0,0
2012-10-25T09:23:03.500,2322.8,9600,2322.8,3,0.0,0,0.0,0,0.0,0,0.0,0,2323,4,0.0,0,0.0,0,0.0,0,0.0,0
2012-10-25T09:23:04.000,2322.8,9602,2322.8,1,0.0,0,0.0,0,0.0,0,0.0,0,2323,5,0.0,0,0.0,0,0.0,0,0.0,0
2012-10-25T09:23:04.500,2323,9604,2322.4,22,0.0,0,0.0,0,0.0,0,0.0,0,2323,5,0.0,0,0.0,0,0.0,0,0.0,0
2012-10-25T09:23:05.250,2323,9610,2322.6,1,0.0,0,0.0,0,0.0,0,0.0,0,2323,8,0.0,0,0.0,0,0.0,0,0.0,0
2012-10-25T09:23:06.250,2323,9614,2322.8,1,0.0,0,0.0,0,0.0,0,0.0,0,2323,13,0.0,0,0.0,0,0.0,0,0.0,0
2012-10-25T09:23:07.250,2322.6,9616,2322.6,14,0.0,0,0.0,0,0.0,0,0.0,0,2322.8,2,0.0,0,0.0,0,0.0,0,0.0,0
2012-10-25T09:23:08.250,2322.8,9620,2322.8,3,0.0,0,0.0,0,0.0,0,0.0,0,2323,14,0.0,0,0.0,0,0.0,0,0.0,0
2012-10-25T09:23:09.000,2322.8,9621,2322.8,2,0.0,0,0.0,0,0.0,0,0.0,0,2323,14,0.0,0,0.0,0,0.0,0,0.0,0
2012-10-25T09:23:09.500,2322.6,9626,2322.6,18,0.0,0,0.0,0,0.0,0,0.0,0,2323,7,0.0,0,0.0,0,0.0,0,0.0,0
2012-10-25T09:23:10.000,2323,9628,2322.8,2,0.0,0,0.0,0,0.0,0,0.0,0,2323,11,0.0,0,0.0,0,0.0,0,0.0,0
2012-10-25T09:23:10.500,2322.8,9629,2322.8,2,0.0,0,0.0,0,0.0,0,0.0,0,2323,12,0.0,0,0.0,0,0.0,0,0.0,0
2012-10-25T09:23:11.000,2323,9644,2323,1,0.0,0,0.0,0,0.0,0,0.0,0,2323.2,26,0.0,0,0.0,0,0.0,0,0.0,0
2012-10-25T09:23:11.500,2322.8,9646,2322.8,2,0.0,0,0.0,0,0.0,0,0.0,0,2323.2,27,0.0,0,0.0,0,0.0,0,0.0,0
2012-10-25T09:23:12.000,2322.8,9647,2322.8,10,0.0,0,0.0,0,0.0,0,0.0,0,2323,1,0.0,0,0.0,0,0.0,0,0.0,0
2012-10-25T09:23:12.500,2323,9655,2323,1,0.0,0,0.0,0,0.0,0,0.0,0,2323.2,27,0.0,0,0.0,0,0.0,0,0.0,0
2012-10-25T09:23:13.000,2323,9656,2323,1,0.0,0,0.0,0,0.0,0,0.0,0,2323.2,27,0.0,0,0.0,0,0.0,0,0.0,0
2012-10-25T09:23:13.500,2322.8,9666,2322.8,4,0.0,0,0.0,0,0.0,0,0.0,0,2323,50,0.0,0,0.0,0,0.0,0,0.0,0
2012-10-25T09:23:14.250,2323,9669,2322.8,4,0.0,0,0.0,0,0.0,0,0.0,0,2323,47,0.0,0,0.0,0,0.0,0,0.0,0
2012-10-25T09:23:15.250,2323,9674,2322.8,3,0.0,0,0.0,0,0.0,0,0.0,0,2323,44,0.0,0,0.0,0,0.0,0,0.0,0
2012-10-25T09:23:16.000,2323,9676,2322.8,5,0.0,0,0.0,0,0.0,0,0.0,0,2323,49,0.0,0,0.0,0,0.0,0,0.0,0
2012-10-25T09:23:16.500,2323,9685,2322.8,5,0.0,0,0.0,0,0.0,0,0.0,0,2323,41,0.0,0,0.0,0,0.0,0,0.0,0
2012-10-25T09:23:18.000,2323,9686,2322.8,6,0.0,0,0.0,0,0.0,0,0.0,0,2323,40,0.0,0,0.0,0,0.0,0,0.0,0
2012-10-25T09:23:18.500,2323,9687,2322.8,6,0.0,0,0.0,0,0.0,0,0.0,0,2323,39,0.0,0,0.0,0,0.0,0,0.0,0
2012-10-25T09:23:19.250,2323,9689,2322.8,7,0.0,0,0.0,0,0.0,0,0.0,0,2323,37,0.0,0,0.0,0,0.0,0,0.0,0
2012-10-25T09:23:20.250,2323,9691,2322.8,6,0.0,0,0.0,0,0.0,0,0.0,0,2323,39,0.0,0,0.0,0,0.0,0,0.0,0
2012-10-25T09:23:21.000,2323,9711,2322.8,6,0.0,0,0.0,0,0.0,0,0.0,0,2323,20,0.0,0,0.0,0,0.0,0,0.0,0
2012-10-25T09:23:21.500,2322.8,9718,2322.6,20,0.0,0,0.0,0,0.0,0,0.0,0,2322.8,3,0.0,0,0.0,0,0.0,0,0.0,0
2012-10-25T09:23:22.250,2322.8,9720,2322.6,20,0.0,0,0.0,0,0.0,0,0.0,0,2322.8,1,0.0,0,0.0,0,0.0,0,0.0,0
2012-10-25T09:23:23.250,2322.6,9721,2322.6,22,0.0,0,0.0,0,0.0,0,0.0,0,2322.8,7,0.0,0,0.0,0,0.0,0,0.0,0
2012-10-25T09:23:24.250,2322.6,9742,2322.6,7,0.0,0,0.0,0,0.0,0,0.0,0,2322.8,6,0.0,0,0.0,0,0.0,0,0.0,0
2012-10-25T09:23:25.000,2322.6,9743,2322.6,7,0.0,0,0.0,0,0.0,0,0.0,0,2322.8,6,0.0,0,0.0,0,0.0,0,0.0,0
2012-10-25T09:23:25.500,2322.8,9744,2322.6,7,0.0,0,0.0,0,0.0,0,0.0,0,2322.8,5,0.0,0,0.0,0,0.0,0,0.0,0
2012-10-25T09:23:26.250,2322.8,9746,2322.6,6,0.0,0,0.0,0,0.0,0,0.0,0,2322.8,4,0.0,0,0.0,0,0.0,0,0.0,0
2012-10-25T09:23:27.000,2322.6,9749,2322.6,4,0.0,0,0.0,0,0.0,0,0.0,0,2322.8,4,0.0,0,0.0,0,0.0,0,0.0,0
2012-10-25T09:23:27.500,2322.8,9750,2322.6,5,0.0,0,0.0,0,0.0,0,0.0,0,2322.8,10,0.0,0,0.0,0,0.0,0,0.0,0
2012-10-25T09:23:29.000,2322.8,9752,2322.6,7,0.0,0,0.0,0,0.0,0,0.0,0,2322.8,8,0.0,0,0.0,0,0.0,0,0.0,0
2012-10-25T09:23:29.500,2322.6,9753,2322.6,11,0.0,0,0.0,0,0.0,0,0.0,0,2322.8,8,0.0,0,0.0,0,0.0,0,0.0,0
2012-10-25T09:23:31.250,2322.8,9754,2322.6,12,0.0,0,0.0,0,0.0,0,0.0,0,2322.8,9,0.0,0,0.0,0,0.0,0,0.0,0
2012-10-25T09:23:32.250,2322.6,9755,2322.6,13,0.0,0,0.0,0,0.0,0,0.0,0,2322.8,9,0.0,0,0.0,0,0.0,0,0.0,0
2012-10-25T09:23:34.250,2322.8,9758,2322.6,15,0.0,0,0.0,0,0.0,0,0.0,0,2322.8,7,0.0,0,0.0,0,0.0,0,0.0,0
2012-10-25T09:23:35.250,2322.8,9760,2322.6,14,0.0,0,0.0,0,0.0,0,0.0,0,2322.8,6,0.0,0,0.0,0,0.0,0,0.0,0
2012-10-25T09:23:36.000,2322.6,9761,2322.6,13,0.0,0,0.0,0,0.0,0,0.0,0,2322.8,6,0.0,0,0.0,0,0.0,0,0.0,0
2012-10-25T09:23:36.500,2322.6,9765,2322.6,9,0.0,0,0.0,0,0.0,0,0.0,0,2322.8,7,0.0,0,0.0,0,0.0,0,0.0,0
2012-10-25T09:23:37.000,2322.6,9769,2322.6,5,0.0,0,0.0,0,0.0,0,0.0,0,2322.8,7,0.0,0,0.0,0,0.0,0,0.0,0
2012-10-25T09:23:37.500,2322.6,9772,2322.6,4,0.0,0,0.0,0,0.0,0,0.0,0,2322.8,8,0.0,0,0.0,0,0.0,0,0.0,0
2012-10-25T09:23:38.000,2322.8,9776,2322.6,1,0.0,0,0.0,0,0.0,0,0.0,0,2322.8,8,0.0,0,0.0,0,0.0,0,0.0,0
2012-10-25T09:23:38.500,2322.6,9777,2322.4,38,0.0,0,0.0,0,0.0,0,0.0,0,2322.6,11,0.0,0,0.0,0,0.0,0,0.0,0
2012-10-25T09:23:39.250,2322.6,9788,2322.4,37,0.0,0,0.0,0,0.0,0,0.0,0,2322.6,3,0.0,0,0.0,0,0.0,0,0.0,0
2012-10-25T09:23:40.250,2322.6,9789,2322.4,37,0.0,0,0.0,0,0.0,0,0.0,0,2322.6,2,0.0,0,0.0,0,0.0,0,0.0,0
2012-10-25T09:23:41.000,2322.6,9791,2322.4,37,0.0,0,0.0,0,0.0,0,0.0,0,2322.6,2,0.0,0,0.0,0,0.0,0,0.0,0
2012-10-25T09:23:41.500,2322.6,9793,2322.6,1,0.0,0,0.0,0,0.0,0,0.0,0,2322.8,8,0.0,0,0.0,0,0.0,0,0.0,0
2012-10-25T09:23:42.250,2322.6,9794,2322.4,39,0.0,0,0.0,0,0.0,0,0.0,0,2322.8,9,0.0,0,0.0,0,0.0,0,0.0,0
2012-10-25T09:23:43.250,2322.6,9801,2322.6,13,0.0,0,0.0,0,0.0,0,0.0,0,2322.8,10,0.0,0,0.0,0,0.0,0,0.0,0
2012-10-25T09:23:45.000,2322.8,9802,2322.6,13,0.0,0,0.0,0,0.0,0,0.0,0,2322.8,10,0.0,0,0.0,0,0.0,0,0.0,0
2012-10-25T09:23:45.500,2322.6,9804,2322.6,11,0.0,0,0.0,0,0.0,0,0.0,0,2322.8,10,0.0,0,0.0,0,0.0,0,0.0,0
2012-10-25T09:23:46.000,2322.6,9805,2322.6,10,0.0,0,0.0,0,0.0,0,0.0,0,2322.8,10,0.0,0,0.0,0,0.0,0,0.0,0
2012-10-25T09:23:46.500,2322.6,9807,2322.6,9,0.0,0,0.0,0,0.0,0,0.0,0,2322.8,10,0.0,0,0.0,0,0.0,0,0.0,0
2012-10-25T09:23:47.250,2322.8,9808,2322.6,10,0.0,0,0.0,0,0.0,0,0.0,0,2322.8,9,0.0,0,0.0,0,0.0,0,0.0,0
2012-10-25T09:23:48.000,2322.6,9813,2322.6,6,0.0,0,0.0,0,0.0,0,0.0,0,2322.8,10,0.0,0,0.0,0,0.0,0,0.0,0
2012-10-25T09:23:48.500,2322.8,9814,2322.6,6,0.0,0,0.0,0,0.0,0,0.0,0,2322.8,9,0.0,0,0.0,0,0.0,0,0.0,0
2012-10-25T09:23:49.250,2322.8,9815,2322.6,6,0.0,0,0.0,0,0.0,0,0.0,0,2322.8,8,0.0,0,0.0,0,0.0,0,0.0,0
2012-10-25T09:23:50.250,2322.6,9820,2322.6,3,0.0,0,0.0,0,0.0,0,0.0,0,2322.8,8,0.0,0,0.0,0,0.0,0,0.0,0
2012-10-25T09:23:51.250,2322.8,9825,2322.4,35,0.0,0,0.0,0,0.0,0,0.0,0,2322.8,8,0.0,0,0.0,0,0.0,0,0.0,0
2012-10-25T09:23:53.250,2322.6,9827,2322.6,1,0.0,0,0.0,0,0.0,0,0.0,0,2322.8,6,0.0,0,0.0,0,0.0,0,0.0,0
2012-10-25T09:23:54.250,2322.6,9828,2322.6,1,0.0,0,0.0,0,0.0,0,0.0,0,2322.8,8,0.0,0,0.0,0,0.0,0,0.0,0
2012-10-25T09:23:55.000,2322.6,9829,2322.6,2,0.0,0,0.0,0,0.0,0,0.0,0,2322.8,8,0.0,0,0.0,0,0.0,0,0.0,0
2012-10-25T09:23:55.500,2322.4,9834,2322.4,33,0.0,0,0.0,0,0.0,0,0.0,0,2322.8,8,0.0,0,0.0,0,0.0,0,0.0,0
2012-10-25T09:23:56.250,2322.8,9835,2322.6,1,0.0,0,0.0,0,0.0,0,0.0,0,2322.8,9,0.0,0,0.0,0,0.0,0,0.0,0
2012-10-25T09:23:57.000,2322.6,9838,2322.4,34,0.0,0,0.0,0,0.0,0,0.0,0,2322.8,8,0.0,0,0.0,0,0.0,0,0.0,0
2012-10-25T09:23:57.500,2322.8,9848,2322.4,26,0.0,0,0.0,0,0.0,0,0.0,0,2322.8,6,0.0,0,0.0,0,0.0,0,0.0,0
2012-10-25T09:23:59.000,2322.6,9851,2322.4,24,0.0,0,0.0,0,0.0,0,0.0,0,2322.6,9,0.0,0,0.0,0,0.0,0,0.0,0
2012-10-25T09:23:59.500,2322.4,9852,2322.4,23,0.0,0,0.0,0,0.0,0,0.0,0,2322.6,11,0.0,0,0.0,0,0.0,0,0.0,0
2012-10-25T09:24:00.000,2322.6,9853,2322.4,24,0.0,0,0.0,0,0.0,0,0.0,0,2322.6,11,0.0,0,0.0,0,0.0,0,0.0,0
2012-10-25T09:24:00.500,2322.4,9855,2322.4,23,0.0,0,0.0,0,0.0,0,0.0,0,2322.6,21,0.0,0,0.0,0,0.0,0,0.0,0
2012-10-25T09:24:01.000,2322.6,9876,2322.6,11,0.0,0,0.0,0,0.0,0,0.0,0,2322.8,4,0.0,0,0.0,0,0.0,0,0.0,0
2012-10-25T09:24:01.500,2322.6,9878,2322.6,11,0.0,0,0.0,0,0.0,0,0.0,0,2322.8,3,0.0,0,0.0,0,0.0,0,0.0,0
2012-10-25T09:24:02.250,2322.6,9881,2322.6,8,0.0,0,0.0,0,0.0,0,0.0,0,2322.8,3,0.0,0,0.0,0,0.0,0,0.0,0
2012-10-25T09:24:03.000,2322.6,9884,2322.6,5,0.0,0,0.0,0,0.0,0,0.0,0,2322.8,4,0.0,0,0.0,0,0.0,0,0.0,0
2012-10-25T09:24:03.500,2322.6,9885,2322.6,4,0.0,0,0.0,0,0.0,0,0.0,0,2322.8,5,0.0,0,0.0,0,0.0,0,0.0,0
2012-10-25T09:24:04.000,2322.6,9886,2322.6,3,0.0,0,0.0,0,0.0,0,0.0,0,2322.8,5,0.0,0,0.0,0,0.0,0,0.0,0
2012-10-25T09:24:04.500,2322.8,9888,2322.6,3,0.0,0,0.0,0,0.0,0,0.0,0,2322.8,4,0.0,0,0.0,0,0.0,0,0.0,0
2012-10-25T09:24:06.000,2322.6,9889,2322.6,5,0.0,0,0.0,0,0.0,0,0.0,0,2322.8,5,0.0,0,0.0,0,0.0,0,0.0,0
2012-10-25T09:24:06.500,2322.6,9890,2322.6,5,0.0,0,0.0,0,0.0,0,0.0,0,2322.8,5,0.0,0,0.0,0,0.0,0,0.0,0
2012-10-25T09:24:07.250,2322.8,9891,2322.6,6,0.0,0,0.0,0,0.0,0,0.0,0,2322.8,4,0.0,0,0.0,0,0.0,0,0.0,0
2012-10-25T09:24:09.250,2322.8,9892,2322.6,10,0.0,0,0.0,0,0.0,0,0.0,0,2322.8,5,0.0,0,0.0,0,0.0,0,0.0,0
2012-10-25T09:24:10.250,2322.8,9893,2322.6,10,0.0,0,0.0,0,0.0,0,0.0,0,2322.8,4,0.0,0,0.0,0,0.0,0,0.0,0
2012-10-25T09:24:11.000,2322.8,9894,2322.6,18,0.0,0,0.0,0,0.0,0,0.0,0,2322.8,3,0.0,0,0.0,0,0.0,0,0.0,0
2012-10-25T09:24:11.500,2322.8,9897,2322.8,1,0.0,0,0.0,0,0.0,0,0.0,0,2323,64,0.0,0,0.0,0,0.0,0,0.0,0
2012-10-25T09:24:12.250,2322.8,9898,2322.6,19,0.0,0,0.0,0,0.0,0,0.0,0,2322.8,99,0.0,0,0.0,0,0.0,0,0.0,0
2012-10-25T09:24:13.000,2322.8,9916,2322.6,3,0.0,0,0.0,0,0.0,0,0.0,0,2322.8,98,0.0,0,0.0,0,0.0,0,0.0,0
2012-10-25T09:24:13.500,2322.6,9920,2322.4,27,0.0,0,0.0,0,0.0,0,0.0,0,2322.6,13,0.0,0,0.0,0,0.0,0,0.0,0
2012-10-25T09:24:14.000,2322.6,9925,2322.4,27,0.0,0,0.0,0,0.0,0,0.0,0,2322.6,12,0.0,0,0.0,0,0.0,0,0.0,0
2012-10-25T09:24:14.500,2322.4,9929,2322.4,24,0.0,0,0.0,0,0.0,0,0.0,0,2322.6,12,0.0,0,0.0,0,0.0,0,0.0,0
2012-10-25T09:24:15.250,2322.6,9936,2322.4,20,0.0,0,0.0,0,0.0,0,0.0,0,2322.6,13,0.0,0,0.0,0,0.0,0,0.0,0
2012-10-25T09:24:16.000,2322.6,9941,2322.4,17,0.0,0,0.0,0,0.0,0,0.0,0,2322.6,11,0.0,0,0.0,0,0.0,0,0.0,0
2012-10-25T09:24:16.500,2322.6,9943,2322.4,17,0.0,0,0.0,0,0.0,0,0.0,0,2322.6,9,0.0,0,0.0,0,0.0,0,0.0,0
2012-10-25T09:24:17.000,2322.4,9954,2322.4,15,0.0,0,0.0,0,0.0,0,0.0,0,2322.6,1,0.0,0,0.0,0,0.0,0,0.0,0
2012-10-25T09:24:17.500,2322.6,9956,2322.4,17,0.0,0,0.0,0,0.0,0,0.0,0,2322.6,1,0.0,0,0.0,0,0.0,0,0.0,0
2012-10-25T09:24:18.000,2322.4,9959,2322.6,1,0.0,0,0.0,0,0.0,0,0.0,0,2322.8,104,0.0,0,0.0,0,0.0,0,0.0,0
2012-10-25T09:24:18.500,2322.4,9962,2322.6,5,0.0,0,0.0,0,0.0,0,0.0,0,2322.8,104,0.0,0,0.0,0,0.0,0,0.0,0
2012-10-25T09:24:19.250,2322.4,9963,2322.6,4,0.0,0,0.0,0,0.0,0,0.0,0,2322.8,104,0.0,0,0.0,0,0.0,0,0.0,0
2012-10-25T09:24:20.000,2322.6,9965,2322.6,3,0.0,0,0.0,0,0.0,0,0.0,0,2322.8,103,0.0,0,0.0,0,0.0,0,0.0,0
2012-10-25T09:24:20.500,2322.6,9968,2322.4,16,0.0,0,0.0,0,0.0,0,0.0,0,2322.6,4,0.0,0,0.0,0,0.0,0,0.0,0
2012-10-25T09:24:21.000,2322.4,9969,2322.4,15,0.0,0,0.0,0,0.0,0,0.0,0,2322.6,5,0.0,0,0.0,0,0.0,0,0.0,0
2012-10-25T09:24:21.500,2322.6,9976,2322.4,15,0.0,0,0.0,0,0.0,0,0.0,0,2322.6,2,0.0,0,0.0,0,0.0,0,0.0,0
2012-10-25T09:24:22.250,2322.4,9985,2322.4,10,0.0,0,0.0,0,0.0,0,0.0,0,2322.6,2,0.0,0,0.0,0,0.0,0,0.0,0
2012-10-25T09:24:23.250,2322.6,9989,2322.4,14,0.0,0,0.0,0,0.0,0,0.0,0,2322.6,3,0.0,0,0.0,0,0.0,0,0.0,0
2012-10-25T09:24:24.250,2322.4,9990,2322.4,13,0.0,0,0.0,0,0.0,0,0.0,0,2322.6,3,0.0,0,0.0,0,0.0,0,0.0,0
2012-10-25T09:24:25.000,2322.4,9991,2322.4,12,0.0,0,0.0,0,0.0,0,0.0,0,2322.6,4,0.0,0,0.0,0,0.0,0,0.0,0
2012-10-25T09:24:25.500,2322.6,9993,2322.4,12,0.0,0,0.0,0,0.0,0,0.0,0,2322.6,8,0.0,0,0.0,0,0.0,0,0.0,0
2012-10-25T09:24:26.000,2322.6,9999,2322.4,7,0.0,0,0.0,0,0.0,0,0.0,0,2322.6,8,0.0,0,0.0,0,0.0,0,0.0,0
2012-10-25T09:24:26.500,2322.4,10006,2322.2,28,0.0,0,0.0,0,0.0,0,0.0,0,2322.4,5,0.0,0,0.0,0,0.0,0,0.0,0
2012-10-25T09:24:27.000,2322.4,10011,2322.2,27,0.0,0,0.0,0,0.0,0,0.0,0,2322.4,1,0.0,0,0.0,0,0.0,0,0.0,0
2012-10-25T09:24:27.500,2322.4,10016,2322.2,27,0.0,0,0.0,0,0.0,0,0.0,0,2322.6,16,0.0,0,0.0,0,0.0,0,0.0,0
2012-10-25T09:24:28.000,2322.2,10017,2322.2,27,0.0,0,0.0,0,0.0,0,0.0,0,2322.6,16,0.0,0,0.0,0,0.0,0,0.0,0
2012-10-25T09:24:28.500,2322.2,10023,2322.2,22,0.0,0,0.0,0,0.0,0,0.0,0,2322.6,17,0.0,0,0.0,0,0.0,0,0.0,0
2012-10-25T09:24:29.250,2322.2,10026,2322.2,19,0.0,0,0.0,0,0.0,0,0.0,0,2322.6,18,0.0,0,0.0,0,0.0,0,0.0,0
2012-10-25T09:24:30.000,2322.2,10034,2322.2,12,0.0,0,0.0,0,0.0,0,0.0,0,2322.4,2,0.0,0,0.0,0,0.0,0,0.0,0
2012-10-25T09:24:30.500,2322.2,10036,2322.2,10,0.0,0,0.0,0,0.0,0,0.0,0,2322.4,2,0.0,0,0.0,0,0.0,0,0.0,0
2012-10-25T09:24:31.000,2322.2,10046,2322,42,0.0,0,0.0,0,0.0,0,0.0,0,2322.2,1,0.0,0,0.0,0,0.0,0,0.0,0
2012-10-25T09:24:31.500,2322.2,10049,2322,42,0.0,0,0.0,0,0.0,0,0.0,0,2322.2,1,0.0,0,0.0,0,0.0,0,0.0,0
2012-10-25T09:24:32.000,2322,10050,2322,41,0.0,0,0.0,0,0.0,0,0.0,0,2322.2,1,0.0,0,0.0,0,0.0,0,0.0,0
2012-10-25T09:24:32.500,2322,10051,2322,41,0.0,0,0.0,0,0.0,0,0.0,0,2322.2,47,0.0,0,0.0,0,0.0,0,0.0,0
2012-10-25T09:24:33.000,2322,10059,2322,35,0.0,0,0.0,0,0.0,0,0.0,0,2322.2,47,0.0,0,0.0,0,0.0,0,0.0,0
2012-10-25T09:24:33.500,2322.2,10103,2322,29,0.0,0,0.0,0,0.0,0,0.0,0,2322.2,9,0.0,0,0.0,0,0.0,0,0.0,0
2012-10-25T09:24:34.000,2322.2,10112,2322,29,0.0,0,0.0,0,0.0,0,0.0,0,2322.2,1,0.0,0,0.0,0,0.0,0,0.0,0
2012-10-25T09:24:34.500,2322,10120,2322,21,0.0,0,0.0,0,0.0,0,0.0,0,2322.2,3,0.0,0,0.0,0,0.0,0,0.0,0
2012-10-25T09:24:35.000,2322,10124,2322,18,0.0,0,0.0,0,0.0,0,0.0,0,2322.2,3,0.0,0,0.0,0,0.0,0,0.0,0
2012-10-25T09:24:35.500,2322.2,10127,2322,16,0.0,0,0.0,0,0.0,0,0.0,0,2322.2,2,0.0,0,0.0,0,0.0,0,0.0,0
