date_time,last_px,total_volume,bid1_px,bid1_qty,bid2_px,bid2_qty,bid3_px,bid3_qty,bid4_px,bid4_qty,bid5_px,bid5_qty,ask1_px,ask1_qty,ask2_px,ask2_qty,ask3_px,ask3_qty,ask4_px,ask4_qty,ask5_px,ask5_qty
2012-11-13T09:14:00.250,2250,148,2250,22,0.0,0,0.0,0,0.0,0,0.0,0,2250.6,1,0.0,0,0.0,0,0.0,0,0.0,0
2012-11-13T09:15:00.250,2250.8,197,2250.6,3,0.0,0,0.0,0,0.0,0,0.0,0,2250.8,10,0.0,0,0.0,0,0.0,0,0.0,0
2012-11-13T09:15:01.000,2251,276,2250.2,12,0.0,0,0.0,0,0.0,0,0.0,0,2251,26,0.0,0,0.0,0,0.0,0,0.0,0
2012-11-13T09:15:01.500,2250.2,330,2250.2,1,0.0,0,0.0,0,0.0,0,0.0,0,2250.6,5,0.0,0,0.0,0,0.0,0,0.0,0
2012-11-13T09:15:02.000,2250.4,391,2250.2,2,0.0,0,0.0,0,0.0,0,0.0,0,2250.4,17,0.0,0,0.0,0,0.0,0,0.0,0
2012-11-13T09:15:02.500,2249.8,435,2249.8,1,0.0,0,0.0,0,0.0,0,0.0,0,2250.2,75,0.0,0,0.0,0,0.0,0,0.0,0
2012-11-13T09:15:03.000,2249.8,446,2249.6,25,0.0,0,0.0,0,0.0,0,0.0,0,2249.8,10,0.0,0,0.0,0,0.0,0,0.0,0
2012-11-13T09:15:03.500,2249.6,488,2249.4,61,0.0,0,0.0,0,0.0,0,0.0,0,2249.6,11,0.0,0,0.0,0,0.0,0,0.0,0
2012-11-13T09:15:04.000,2249.8,530,2249.6,16,0.0,0,0.0,0,0.0,0,0.0,0,2249.8,4,0.0,0,0.0,0,0.0,0,0.0,0
2012-11-13T09:15:04.500,2249.6,577,2249.6,2,0.0,0,0.0,0,0.0,0,0.0,0,2250,55,0.0,0,0.0,0,0.0,0,0.0,0
2012-11-13T09:15:05.000,2250,597,2249.8,3,0.0,0,0.0,0,0.0,0,0.0,0,2250,42,0.0,0,0.0,0,0.0,0,0.0,0
2012-11-13T09:15:05.500,2249.8,608,2249.8,7,0.0,0,0.0,0,0.0,0,0.0,0,2250,42,0.0,0,0.0,0,0.0,0,0.0,0
2012-11-13T09:15:06.000,2250,627,2249.8,2,0.0,0,0.0,0,0.0,0,0.0,0,2250,31,0.0,0,0.0,0,0.0,0,0.0,0
2012-11-13T09:15:06.500,2250,644,2249.6,2,0.0,0,0.0,0,0.0,0,0.0,0,2249.8,1,0.0,0,0.0,0,0.0,0,0.0,0
2012-11-13T09:15:07.000,2249.8,650,2249.6,1,0.0,0,0.0,0,0.0,0,0.0,0,2249.8,10,0.0,0,0.0,0,0.0,0,0.0,0
2012-11-13T09:15:07.500,2249.8,663,2249.8,7,0.0,0,0.0,0,0.0,0,0.0,0,2250,27,0.0,0,0.0,0,0.0,0,0.0,0
2012-11-13T09:15:08.000,2249.8,671,2249.8,44,0.0,0,0.0,0,0.0,0,0.0,0,2250,25,0.0,0,0.0,0,0.0,0,0.0,0
2012-11-13T09:15:08.500,2250,721,2249.8,22,0.0,0,0.0,0,0.0,0,0.0,0,2250,7,0.0,0,0.0,0,0.0,0,0.0,0
2012-11-13T09:15:09.000,2250.2,746,2250,23,0.0,0,0.0,0,0.0,0,0.0,0,2250.2,16,0.0,0,0.0,0,0.0,0,0.0,0
2012-11-13T09:15:09.500,2250,752,2250,20,0.0,0,0.0,0,0.0,0,0.0,0,2250.2,17,0.0,0,0.0,0,0.0,0,0.0,0
2012-11-13T09:15:10.000,2250.2,780,2250.2,2,0.0,0,0.0,0,0.0,0,0.0,0,2250.4,10,0.0,0,0.0,0,0.0,0,0.0,0
2012-11-13T09:15:10.500,2250.8,836,2250.6,3,0.0,0,0.0,0,0.0,0,0.0,0,2250.8,20,0.0,0,0.0,0,0.0,0,0.0,0
2012-11-13T09:15:11.000,2250.2,844,2250.2,1,0.0,0,0.0,0,0.0,0,0.0,0,2250.6,6,0.0,0,0.0,0,0.0,0,0.0,0
2012-11-13T09:15:11.500,2250.6,853,2250.4,2,0.0,0,0.0,0,0.0,0,0.0,0,2250.6,8,0.0,0,0.0,0,0.0,0,0.0,0
2012-11-13T09:15:12.000,2250.6,885,2250.4,11,0.0,0,0.0,0,0.0,0,0.0,0,2250.6,17,0.0,0,0.0,0,0.0,0,0.0,0
2012-11-13T09:15:12.500,2250.6,914,2250.4,11,0.0,0,0.0,0,0.0,0,0.0,0,2250.8,13,0.0,0,0.0,0,0.0,0,0.0,0
2012-11-13T09:15:13.000,2250.6,915,2250.6,7,0.0,0,0.0,0,0.0,0,0.0,0,2250.8,13,0.0,0,0.0,0,0.0,0,0.0,0
2012-11-13T09:15:13.500,2250.6,930,2250.6,8,0.0,0,0.0,0,0.0,0,0.0,0,2250.8,3,0.0,0,0.0,0,0.0,0,0.0,0
2012-11-13T09:15:14.000,2250.6,938,2250.6,14,0.0,0,0.0,0,0.0,0,0.0,0,2250.8,1,0.0,0,0.0,0,0.0,0,0.0,0
2012-11-13T09:15:14.500,2250.8,949,2250.8,5,0.0,0,0.0,0,0.0,0,0.0,0,2251,100,0.0,0,0.0,0,0.0,0,0.0,0
2012-11-13T09:15:15.000,2250.8,962,2250.4,10,0.0,0,0.0,0,0.0,0,0.0,0,2250.8,2,0.0,0,0.0,0,0.0,0,0.0,0
2012-11-13T09:15:15.500,2250.8,976,2250.4,5,0.0,0,0.0,0,0.0,0,0.0,0,2250.6,11,0.0,0,0.0,0,0.0,0,0.0,0
2012-11-13T09:15:16.000,2250.4,1004,2250.2,21,0.0,0,0.0,0,0.0,0,0.0,0,2250.4,4,0.0,0,0.0,0,0.0,0,0.0,0
2012-11-13T09:15:16.500,2250.4,1017,2250.2,17,0.0,0,0.0,0,0.0,0,0.0,0,2250.4,2,0.0,0,0.0,0,0.0,0,0.0,0
2012-11-13T09:15:17.000,2250,1042,2249.8,94,0.0,0,0.0,0,0.0,0,0.0,0,2250,12,0.0,0,0.0,0,0.0,0,0.0,0
2012-11-13T09:15:17.500,2249.8,1061,2250,1,0.0,0,0.0,0,0.0,0,0.0,0,2250.6,5,0.0,0,0.0,0,0.0,0,0.0,0
2012-11-13T09:15:18.000,2250.6,1064,2250.4,1,0.0,0,0.0,0,0.0,0,0.0,0,2250.6,4,0.0,0,0.0,0,0.0,0,0.0,0
2012-11-13T09:15:18.500,2250,1068,2249.8,90,0.0,0,0.0,0,0.0,0,0.0,0,2250.4,10,0.0,0,0.0,0,0.0,0,0.0,0
2012-11-13T09:15:19.000,2250.2,1073,2250,1,0.0,0,0.0,0,0.0,0,0.0,0,2250.2,8,0.0,0,0.0,0,0.0,0,0.0,0
2012-11-13T09:15:19.500,2250.2,1076,2250,23,0.0,0,0.0,0,0.0,0,0.0,0,2250.2,5,0.0,0,0.0,0,0.0,0,0.0,0
2012-11-13T09:15:20.000,2250,1096,2250,11,0.0,0,0.0,0,0.0,0,0.0,0,2250.4,18,0.0,0,0.0,0,0.0,0,0.0,0
2012-11-13T09:15:20.500,2250,1098,2250,12,0.0,0,0.0,0,0.0,0,0.0,0,2250.4,18,0.0,0,0.0,0,0.0,0,0.0,0
2012-11-13T09:15:21.000,2250,1121,2249.8,90,0.0,0,0.0,0,0.0,0,0.0,0,2250,9,0.0,0,0.0,0,0.0,0,0.0,0
2012-11-13T09:15:21.500,2250.4,1134,2250,29,0.0,0,0.0,0,0.0,0,0.0,0,2250.4,18,0.0,0,0.0,0,0.0,0,0.0,0
2012-11-13T09:15:22.000,2250.4,1138,2250,28,0.0,0,0.0,0,0.0,0,0.0,0,2250.4,27,0.0,0,0.0,0,0.0,0,0.0,0
2012-11-13T09:15:22.500,2250.2,1149,2250,27,0.0,0,0.0,0,0.0,0,0.0,0,2250.4,23,0.0,0,0.0,0,0.0,0,0.0,0
2012-11-13T09:15:23.000,2250,1166,2250,17,0.0,0,0.0,0,0.0,0,0.0,0,2250.4,23,0.0,0,0.0,0,0.0,0,0.0,0
2012-11-13T09:15:23.500,2250,1171,2250,13,0.0,0,0.0,0,0.0,0,0.0,0,2250.2,1,0.0,0,0.0,0,0.0,0,0.0,0
2012-11-13T09:15:24.000,2250,1187,2249.8,93,0.0,0,0.0,0,0.0,0,0.0,0,2250,2,0.0,0,0.0,0,0.0,0,0.0,0
2012-11-13T09:15:24.500,2250,1193,2249.8,91,0.0,0,0.0,0,0.0,0,0.0,0,2250,3,0.0,0,0.0,0,0.0,0,0.0,0
2012-11-13T09:15:25.000,2250,1197,2250,16,0.0,0,0.0,0,0.0,0,0.0,0,2250.2,12,0.0,0,0.0,0,0.0,0,0.0,0
2012-11-13T09:15:25.500,2250.2,1222,2250.2,7,0.0,0,0.0,0,0.0,0,0.0,0,2250.4,9,0.0,0,0.0,0,0.0,0,0.0,0
2012-11-13T09:15:26.000,2250.4,1227,2250.2,4,0.0,0,0.0,0,0.0,0,0.0,0,2250.4,7,0.0,0,0.0,0,0.0,0,0.0,0
2012-11-13T09:15:26.500,2250.4,1239,2250.4,20,0.0,0,0.0,0,0.0,0,0.0,0,2250.6,41,0.0,0,0.0,0,0.0,0,0.0,0
2012-11-13T09:15:27.000,2250.4,1266,2250.4,3,0.0,0,0.0,0,0.0,0,0.0,0,2250.6,31,0.0,0,0.0,0,0.0,0,0.0,0
2012-11-13T09:15:27.500,2250.4,1272,2250.4,18,0.0,0,0.0,0,0.0,0,0.0,0,2250.6,30,0.0,0,0.0,0,0.0,0,0.0,0
2012-11-13T09:15:28.000,2250.4,1278,2250.4,13,0.0,0,0.0,0,0.0,0,0.0,0,2250.6,30,0.0,0,0.0,0,0.0,0,0.0,0
2012-11-13T09:15:28.500,2250.4,1286,2250.4,13,0.0,0,0.0,0,0.0,0,0.0,0,2250.6,25,0.0,0,0.0,0,0.0,0,0.0,0
2012-11-13T09:15:29.000,2250.4,1290,2250.4,13,0.0,0,0.0,0,0.0,0,0.0,0,2250.6,22,0.0,0,0.0,0,0.0,0,0.0,0
2012-11-13T09:15:29.500,2250.4,1302,2250.4,11,0.0,0,0.0,0,0.0,0,0.0,0,2250.6,12,0.0,0,0.0,0,0.0,0,0.0,0
2012-11-13T09:15:30.000,2250.6,1312,2250.4,6,0.0,0,0.0,0,0.0,0,0.0,0,2250.6,7,0.0,0,0.0,0,0.0,0,0.0,0
2012-11-13T09:15:30.500,2250.6,1322,2250.6,17,0.0,0,0.0,0,0.0,0,0.0,0,2250.8,40,0.0,0,0.0,0,0.0,0,0.0,0
2012-11-13T09:15:31.000,2250.6,1325,2250.6,15,0.0,0,0.0,0,0.0,0,0.0,0,2250.8,43,0.0,0,0.0,0,0.0,0,0.0,0
2012-11-13T09:15:31.500,2250.6,1327,2250.6,14,0.0,0,0.0,0,0.0,0,0.0,0,2250.8,50,0.0,0,0.0,0,0.0,0,0.0,0
2012-11-13T09:15:32.000,2250.6,1328,2250.6,12,0.0,0,0.0,0,0.0,0,0.0,0,2250.8,50,0.0,0,0.0,0,0.0,0,0.0,0
2012-11-13T09:15:32.500,2250.8,1329,2250.6,12,0.0,0,0.0,0,0.0,0,0.0,0,2250.8,50,0.0,0,0.0,0,0.0,0,0.0,0
2012-11-13T09:15:33.000,2250.8,1342,2250.6,1,0.0,0,0.0,0,0.0,0,0.0,0,2250.8,48,0.0,0,0.0,0,0.0,0,0.0,0
2012-11-13T09:15:33.500,2250.8,1355,2250.4,13,0.0,0,0.0,0,0.0,0,0.0,0,2250.8,38,0.0,0,0.0,0,0.0,0,0.0,0
2012-11-13T09:15:34.000,2250.4,1359,2250.4,22,0.0,0,0.0,0,0.0,0,0.0,0,2250.6,6,0.0,0,0.0,0,0.0,0,0.0,0
2012-11-13T09:15:34.500,2250.6,1369,2250.4,27,0.0,0,0.0,0,0.0,0,0.0,0,2250.6,3,0.0,0,0.0,0,0.0,0,0.0,0
2012-11-13T09:15:35.000,2250.6,1370,2250.4,28,0.0,0,0.0,0,0.0,0,0.0,0,2250.6,3,0.0,0,0.0,0,0.0,0,0.0,0
2012-11-13T09:15:35.500,2250.6,1372,2250.4,27,0.0,0,0.0,0,0.0,0,0.0,0,2250.6,2,0.0,0,0.0,0,0.0,0,0.0,0
2012-11-13T09:15:36.000,2250.6,1373,2250.4,28,0.0,0,0.0,0,0.0,0,0.0,0,2250.6,1,0.0,0,0.0,0,0.0,0,0.0,0
2012-11-13T09:15:36.500,2250.6,1376,2250.4,28,0.0,0,0.0,0,0.0,0,0.0,0,2250.8,47,0.0,0,0.0,0,0.0,0,0.0,0
2012-11-13T09:15:37.000,2250.6,1378,2250.6,7,0.0,0,0.0,0,0.0,0,0.0,0,2250.8,48,0.0,0,0.0,0,0.0,0,0.0,0
2012-11-13T09:15:37.500,2250.6,1383,2250.6,9,0.0,0,0.0,0,0.0,0,0.0,0,2250.8,47,0.0,0,0.0,0,0.0,0,0.0,0
2012-11-13T09:15:38.000,2250.6,1391,2250.6,1,0.0,0,0.0,0,0.0,0,0.0,0,2250.8,47,0.0,0,0.0,0,0.0,0,0.0,0
2012-11-13T09:15:38.500,2250.6,1397,2250.6,5,0.0,0,0.0,0,0.0,0,0.0,0,2250.8,44,0.0,0,0.0,0,0.0,0,0.0,0
2012-11-13T09:15:39.000,2250.6,1405,2250.6,2,0.0,0,0.0,0,0.0,0,0.0,0,2250.8,41,0.0,0,0.0,0,0.0,0,0.0,0
2012-11-13T09:15:39.500,2250.8,1418,2250.4,29,0.0,0,0.0,0,0.0,0,0.0,0,2250.8,36,0.0,0,0.0,0,0.0,0,0.0,0
2012-11-13T09:15:40.250,2250.6,1431,2250.4,19,0.0,0,0.0,0,0.0,0,0.0,0,2250.6,2,0.0,0,0.0,0,0.0,0,0.0,0
2012-11-13T09:15:41.000,2250.6,1446,2250.4,21,0.0,0,0.0,0,0.0,0,0.0,0,2250.6,1,0.0,0,0.0,0,0.0,0,0.0,0
2012-11-13T09:15:41.500,2250.4,1453,2250.4,19,0.0,0,0.0,0,0.0,0,0.0,0,2250.8,31,0.0,0,0.0,0,0.0,0,0.0,0
2012-11-13T09:15:42.000,2250.6,1459,2250.4,30,0.0,0,0.0,0,0.0,0,0.0,0,2250.6,19,0.0,0,0.0,0,0.0,0,0.0,0
2012-11-13T09:15:42.500,2250.4,1481,2250.4,11,0.0,0,0.0,0,0.0,0,0.0,0,2250.6,17,0.0,0,0.0,0,0.0,0,0.0,0
2012-11-13T09:15:43.000,2250.4,1492,2250.4,7,0.0,0,0.0,0,0.0,0,0.0,0,2250.6,23,0.0,0,0.0,0,0.0,0,0.0,0
2012-11-13T09:15:43.500,2250.4,1493,2250.4,6,0.0,0,0.0,0,0.0,0,0.0,0,2250.6,57,0.0,0,0.0,0,0.0,0,0.0,0
2012-11-13T09:15:44.000,2250.4,1508,2250.2,7,0.0,0,0.0,0,0.0,0,0.0,0,2250.4,8,0.0,0,0.0,0,0.0,0,0.0,0
2012-11-13T09:15:44.500,2250.2,1518,2250.2,9,0.0,0,0.0,0,0.0,0,0.0,0,2250.4,7,0.0,0,0.0,0,0.0,0,0.0,0
2012-11-13T09:15:45.000,2250.2,1524,2250.2,12,0.0,0,0.0,0,0.0,0,0.0,0,2250.4,13,0.0,0,0.0,0,0.0,0,0.0,0
2012-11-13T09:15:45.500,2250.4,1525,2250.2,12,0.0,0,0.0,0,0.0,0,0.0,0,2250.4,14,0.0,0,0.0,0,0.0,0,0.0,0
2012-11-13T09:15:46.000,2250.2,1531,2250.2,6,0.0,0,0.0,0,0.0,0,0.0,0,2250.4,16,0.0,0,0.0,0,0.0,0,0.0,0
2012-11-13T09:15:46.500,2250.2,1532,2250.2,8,0.0,0,0.0,0,0.0,0,0.0,0,2250.4,16,0.0,0,0.0,0,0.0,0,0.0,0
2012-11-13T09:15:47.000,2250.2,1544,2250.2,3,0.0,0,0.0,0,0.0,0,0.0,0,2250.4,10,0.0,0,0.0,0,0.0,0,0.0,0
2012-11-13T09:15:47.500,2250.2,1552,2250.2,2,0.0,0,0.0,0,0.0,0,0.0,0,2250.4,5,0.0,0,0.0,0,0.0,0,0.0,0
2012-11-13T09:15:48.000,2250.2,1566,2250,31,0.0,0,0.0,0,0.0,0,0.0,0,2250.4,5,0.0,0,0.0,0,0.0,0,0.0,0
2012-11-13T09:15:48.500,2250,1592,2250,9,0.0,0,0.0,0,0.0,0,0.0,0,2250.2,1,0.0,0,0.0,0,0.0,0,0.0,0
2012-11-13T09:15:49.000,2250.2,1600,2250.2,14,0.0,0,0.0,0,0.0,0,0.0,0,2250.4,5,0.0,0,0.0,0,0.0,0,0.0,0
2012-11-13T09:15:49.500,2250.2,1609,2250.2,11,0.0,0,0.0,0,0.0,0,0.0,0,2250.4,5,0.0,0,0.0,0,0.0,0,0.0,0
2012-11-13T09:15:50.000,2250.4,1634,2250.4,3,0.0,0,0.0,0,0.0,0,0.0,0,2250.6,69,0.0,0,0.0,0,0.0,0,0.0,0
2012-11-13T09:15:50.500,2250.4,1639,2250.2,4,0.0,0,0.0,0,0.0,0,0.0,0,2250.6,80,0.0,0,0.0,0,0.0,0,0.0,0
2012-11-13T09:15:51.000,2250,1649,2249.8,60,0.0,0,0.0,0,0.0,0,0.0,0,2250,23,0.0,0,0.0,0,0.0,0,0.0,0
2012-11-13T09:15:51.500,2249.8,1679,2249.8,51,0.0,0,0.0,0,0.0,0,0.0,0,2250,2,0.0,0,0.0,0,0.0,0,0.0,0
2012-11-13T09:15:52.250,2249.8,1682,2249.8,49,0.0,0,0.0,0,0.0,0,0.0,0,2250,3,0.0,0,0.0,0,0.0,0,0.0,0
2012-11-13T09:15:53.000,2250,1684,2249.8,48,0.0,0,0.0,0,0.0,0,0.0,0,2250,8,0.0,0,0.0,0,0.0,0,0.0,0
2012-11-13T09:15:53.500,2250,1693,2249.8,42,0.0,0,0.0,0,0.0,0,0.0,0,2250,6,0.0,0,0.0,0,0.0,0,0.0,0
2012-11-13T09:15:54.000,2250,1702,2249.8,38,0.0,0,0.0,0,0.0,0,0.0,0,2250,3,0.0,0,0.0,0,0.0,0,0.0,0
2012-11-13T09:15:54.500,2250,1707,2249.8,37,0.0,0,0.0,0,0.0,0,0.0,0,2250,1,0.0,0,0.0,0,0.0,0,0.0,0
2012-11-13T09:15:55.000,2249.8,1718,2249.8,35,0.0,0,0.0,0,0.0,0,0.0,0,2250.2,4,0.0,0,0.0,0,0.0,0,0.0,0
2012-11-13T09:15:55.500,2249.8,1735,2249.8,26,0.0,0,0.0,0,0.0,0,0.0,0,2250.2,11,0.0,0,0.0,0,0.0,0,0.0,0
2012-11-13T09:15:56.000,2249.8,1745,2250,1,0.0,0,0.0,0,0.0,0,0.0,0,2250.2,2,0.0,0,0.0,0,0.0,0,0.0,0
2012-11-13T09:15:56.500,2250.4,1759,2250,18,0.0,0,0.0,0,0.0,0,0.0,0,2250.4,2,0.0,0,0.0,0,0.0,0,0.0,0
2012-11-13T09:15:57.000,2250,1769,2250,9,0.0,0,0.0,0,0.0,0,0.0,0,2250.4,1,0.0,0,0.0,0,0.0,0,0.0,0
2012-11-13T09:15:57.500,2250.2,1772,2250.4,1,0.0,0,0.0,0,0.0,0,0.0,0,2250.6,88,0.0,0,0.0,0,0.0,0,0.0,0
2012-11-13T09:15:58.000,2250.2,1779,2250.2,1,0.0,0,0.0,0,0.0,0,0.0,0,2250.4,11,0.0,0,0.0,0,0.0,0,0.0,0
2012-11-13T09:15:58.500,2250.2,1780,2250.2,2,0.0,0,0.0,0,0.0,0,0.0,0,2250.4,11,0.0,0,0.0,0,0.0,0,0.0,0
2012-11-13T09:15:59.000,2250.2,1785,2250,15,0.0,0,0.0,0,0.0,0,0.0,0,2250.2,2,0.0,0,0.0,0,0.0,0,0.0,0
2012-11-13T09:15:59.500,2250.4,1789,2250.2,6,0.0,0,0.0,0,0.0,0,0.0,0,2250.4,10,0.0,0,0.0,0,0.0,0,0.0,0
2012-11-13T09:16:00.250,2250.6,1829,2250.2,5,0.0,0,0.0,0,0.0,0,0.0,0,2250.6,71,0.0,0,0.0,0,0.0,0,0.0,0
2012-11-13T09:16:01.000,2250.4,1858,2250.2,20,0.0,0,0.0,0,0.0,0,0.0,0,2250.4,19,0.0,0,0.0,0,0.0,0,0.0,0
2012-11-13T09:16:01.500,2250.4,1870,2250.2,20,0.0,0,0.0,0,0.0,0,0.0,0,2250.4,8,0.0,0,0.0,0,0.0,0,0.0,0
2012-11-13T09:16:02.000,2250.2,1874,2250.2,19,0.0,0,0.0,0,0.0,0,0.0,0,2250.4,7,0.0,0,0.0,0,0.0,0,0.0,0
2012-11-13T09:16:02.500,2250.4,1882,2250.4,3,0.0,0,0.0,0,0.0,0,0.0,0,2250.6,75,0.0,0,0.0,0,0.0,0,0.0,0
2012-11-13T09:16:03.000,2250.2,1886,2250.2,18,0.0,0,0.0,0,0.0,0,0.0,0,2250.4,6,0.0,0,0.0,0,0.0,0,0.0,0
2012-11-13T09:16:03.500,2250,1914,2249.8,21,0.0,0,0.0,0,0.0,0,0.0,0,2250,3,0.0,0,0.0,0,0.0,0,0.0,0
2012-11-13T09:16:04.000,2250,1917,2249.8,21,0.0,0,0.0,0,0.0,0,0.0,0,2250.2,9,0.0,0,0.0,0,0.0,0,0.0,0
2012-11-13T09:16:04.500,2250,1930,2249.8,14,0.0,0,0.0,0,0.0,0,0.0,0,2250,6,0.0,0,0.0,0,0.0,0,0.0,0
2012-11-13T09:16:05.000,2249.8,1941,2249.8,7,0.0,0,0.0,0,0.0,0,0.0,0,2250,17,0.0,0,0.0,0,0.0,0,0.0,0
2012-11-13T09:16:05.500,2249.8,1949,2249.6,36,0.0,0,0.0,0,0.0,0,0.0,0,2249.8,1,0.0,0,0.0,0,0.0,0,0.0,0
2012-11-13T09:16:06.000,2249.6,1986,2249.6,4,0.0,0,0.0,0,0.0,0,0.0,0,2249.8,21,0.0,0,0.0,0,0.0,0,0.0,0
2012-11-13T09:16:06.500,2249.6,2008,2249.4,12,0.0,0,0.0,0,0.0,0,0.0,0,2249.8,10,0.0,0,0.0,0,0.0,0,0.0,0
2012-11-13T09:16:07.250,2249.4,2024,2249.2,30,0.0,0,0.0,0,0.0,0,0.0,0,2249.4,11,0.0,0,0.0,0,0.0,0,0.0,0
2012-11-13T09:16:08.000,2249,2076,2249,26,0.0,0,0.0,0,0.0,0,0.0,0,2249.2,18,0.0,0,0.0,0,0.0,0,0.0,0
2012-11-13T09:16:08.500,2249,2091,2249,16,0.0,0,0.0,0,0.0,0,0.0,0,2249.2,28,0.0,0,0.0,0,0.0,0,0.0,0
2012-11-13T09:16:09.000,2248.8,2113,2248.8,1,0.0,0,0.0,0,0.0,0,0.0,0,2249,15,0.0,0,0.0,0,0.0,0,0.0,0
2012-11-13T09:16:09.500,2248.8,2128,2248.4,3,0.0,0,0.0,0,0.0,0,0.0,0,2248.8,23,0.0,0,0.0,0,0.0,0,0.0,0
2012-11-13T09:16:10.000,2248.6,2150,2248.6,10,0.0,0,0.0,0,0.0,0,0.0,0,2248.8,23,0.0,0,0.0,0,0.0,0,0.0,0
2012-11-13T09:16:10.500,2248.6,2156,2248.6,13,0.0,0,0.0,0,0.0,0,0.0,0,2248.8,24,0.0,0,0.0,0,0.0,0,0.0,0
2012-11-13T09:16:11.000,2248.6,2196,2248.6,19,0.0,0,0.0,0,0.0,0,0.0,0,2248.8,4,0.0,0,0.0,0,0.0,0,0.0,0
2012-11-13T09:16:11.500,2248.6,2203,2248.6,26,0.0,0,0.0,0,0.0,0,0.0,0,2248.8,4,0.0,0,0.0,0,0.0,0,0.0,0
2012-11-13T09:16:12.000,2248.8,2211,2248.8,9,0.0,0,0.0,0,0.0,0,0.0,0,2249,21,0.0,0,0.0,0,0.0,0,0.0,0
2012-11-13T09:16:12.500,2248.6,2223,2248.6,26,0.0,0,0.0,0,0.0,0,0.0,0,2248.8,4,0.0,0,0.0,0,0.0,0,0.0,0
2012-11-13T09:16:13.000,2248.6,2230,2248.6,23,0.0,0,0.0,0,0.0,0,0.0,0,2249,21,0.0,0,0.0,0,0.0,0,0.0,0
2012-11-13T09:16:13.500,2249,2238,2248.6,21,0.0,0,0.0,0,0.0,0,0.0,0,2248.8,1,0.0,0,0.0,0,0.0,0,0.0,0
2012-11-13T09:16:14.000,2248.6,2254,2248.6,5,0.0,0,0.0,0,0.0,0,0.0,0,2248.8,2,0.0,0,0.0,0,0.0,0,0.0,0
2012-11-13T09:16:14.500,2249,2262,2248.8,12,0.0,0,0.0,0,0.0,0,0.0,0,2249,19,0.0,0,0.0,0,0.0,0,0.0,0
2012-11-13T09:16:15.000,2249,2274,2248.8,10,0.0,0,0.0,0,0.0,0,0.0,0,2249,9,0.0,0,0.0,0,0.0,0,0.0,0
2012-11-13T09:16:15.500,2248.6,2288,2248.6,11,0.0,0,0.0,0,0.0,0,0.0,0,2248.8,10,0.0,0,0.0,0,0.0,0,0.0,0
2012-11-13T09:16:16.000,2248.8,2294,2248.6,7,0.0,0,0.0,0,0.0,0,0.0,0,2248.8,10,0.0,0,0.0,0,0.0,0,0.0,0
2012-11-13T09:16:16.500,2248.6,2301,2248.6,9,0.0,0,0.0,0,0.0,0,0.0,0,2248.8,15,0.0,0,0.0,0,0.0,0,0.0,0
2012-11-13T09:16:17.000,2248.4,2313,2248.2,54,0.0,0,0.0,0,0.0,0,0.0,0,2248.6,4,0.0,0,0.0,0,0.0,0,0.0,0
2012-11-13T09:16:17.500,2248.8,2327,2248.6,25,0.0,0,0.0,0,0.0,0,0.0,0,2248.8,17,0.0,0,0.0,0,0.0,0,0.0,0
2012-11-13T09:16:18.000,2248.6,2334,2248.6,24,0.0,0,0.0,0,0.0,0,0.0,0,2248.8,12,0.0,0,0.0,0,0.0,0,0.0,0
2012-11-13T09:16:18.500,2248.6,2337,2248.6,21,0.0,0,0.0,0,0.0,0,0.0,0,2248.8,17,0.0,0,0.0,0,0.0,0,0.0,0
2012-11-13T09:16:19.000,2248.6,2342,2248.6,23,0.0,0,0.0,0,0.0,0,0.0,0,2248.8,14,0.0,0,0.0,0,0.0,0,0.0,0
2012-11-13T09:16:19.500,2248.6,2350,2248.6,15,0.0,0,0.0,0,0.0,0,0.0,0,2248.8,14,0.0,0,0.0,0,0.0,0,0.0,0
2012-11-13T09:16:20.000,2248.6,2354,2248.6,14,0.0,0,0.0,0,0.0,0,0.0,0,2248.8,13,0.0,0,0.0,0,0.0,0,0.0,0
2012-11-13T09:16:20.500,2248.6,2362,2248.6,23,0.0,0,0.0,0,0.0,0,0.0,0,2248.8,10,0.0,0,0.0,0,0.0,0,0.0,0
2012-11-13T09:16:21.000,2248.6,2370,2248.6,15,0.0,0,0.0,0,0.0,0,0.0,0,2248.8,10,0.0,0,0.0,0,0.0,0,0.0,0
2012-11-13T09:16:21.500,2248.8,2387,2248.4,24,0.0,0,0.0,0,0.0,0,0.0,0,2248.8,9,0.0,0,0.0,0,0.0,0,0.0,0
2012-11-13T09:16:22.000,2248.4,2399,2248.4,23,0.0,0,0.0,0,0.0,0,0.0,0,2248.6,1,0.0,0,0.0,0,0.0,0,0.0,0
2012-11-13T09:16:22.500,2248.8,2411,2248.8,14,0.0,0,0.0,0,0.0,0,0.0,0,2249,34,0.0,0,0.0,0,0.0,0,0.0,0
2012-11-13T09:16:23.000,2248.8,2417,2248.8,12,0.0,0,0.0,0,0.0,0,0.0,0,2249,34,0.0,0,0.0,0,0.0,0,0.0,0
2012-11-13T09:16:23.500,2248.4,2439,2248.4,14,0.0,0,0.0,0,0.0,0,0.0,0,2249,33,0.0,0,0.0,0,0.0,0,0.0,0
2012-11-13T09:16:24.000,2249,2442,2248.8,1,0.0,0,0.0,0,0.0,0,0.0,0,2249,32,0.0,0,0.0,0,0.0,0,0.0,0
2012-11-13T09:16:24.500,2248.6,2446,2248.6,2,0.0,0,0.0,0,0.0,0,0.0,0,2249,34,0.0,0,0.0,0,0.0,0,0.0,0
2012-11-13T09:16:25.000,2248.8,2448,2248.8,68,0.0,0,0.0,0,0.0,0,0.0,0,2249,41,0.0,0,0.0,0,0.0,0,0.0,0
2012-11-13T09:16:25.500,2248.8,2454,2248.8,64,0.0,0,0.0,0,0.0,0,0.0,0,2249,39,0.0,0,0.0,0,0.0,0,0.0,0
2012-11-13T09:16:26.000,2249,2496,2248.8,62,0.0,0,0.0,0,0.0,0,0.0,0,2249.2,14,0.0,0,0.0,0,0.0,0,0.0,0
2012-11-13T09:16:26.500,2249,2524,2249,5,0.0,0,0.0,0,0.0,0,0.0,0,2249.2,20,0.0,0,0.0,0,0.0,0,0.0,0
2012-11-13T09:16:27.000,2249.2,2525,2249,8,0.0,0,0.0,0,0.0,0,0.0,0,2249.2,31,0.0,0,0.0,0,0.0,0,0.0,0
2012-11-13T09:16:27.500,2249.2,2530,2249,9,0.0,0,0.0,0,0.0,0,0.0,0,2249.2,33,0.0,0,0.0,0,0.0,0,0.0,0
2012-11-13T09:16:28.000,2249,2542,2249,7,0.0,0,0.0,0,0.0,0,0.0,0,2249.2,26,0.0,0,0.0,0,0.0,0,0.0,0
2012-11-13T09:16:28.500,2249,2546,2249,4,0.0,0,0.0,0,0.0,0,0.0,0,2249.2,26,0.0,0,0.0,0,0.0,0,0.0,0
2012-11-13T09:16:29.000,2248.8,2561,2248.8,47,0.0,0,0.0,0,0.0,0,0.0,0,2249.2,24,0.0,0,0.0,0,0.0,0,0.0,0
2012-11-13T09:16:29.500,2249.2,2563,2248.8,47,0.0,0,0.0,0,0.0,0,0.0,0,2249,20,0.0,0,0.0,0,0.0,0,0.0,0
2012-11-13T09:16:30.000,2248.8,2568,2248.8,47,0.0,0,0.0,0,0.0,0,0.0,0,2249,20,0.0,0,0.0,0,0.0,0,0.0,0
2012-11-13T09:16:30.500,2248.8,2574,2248.8,41,0.0,0,0.0,0,0.0,0,0.0,0,2249,21,0.0,0,0.0,0,0.0,0,0.0,0
2012-11-13T09:16:31.000,2248.8,2577,2248.8,41,0.0,0,0.0,0,0.0,0,0.0,0,2249,26,0.0,0,0.0,0,0.0,0,0.0,0
2012-11-13T09:16:31.500,2248.8,2620,2248.6,10,0.0,0,0.0,0,0.0,0,0.0,0,2248.8,8,0.0,0,0.0,0,0.0,0,0.0,0
2012-11-13T09:16:32.250,2248.8,2625,2248.6,8,0.0,0,0.0,0,0.0,0,0.0,0,2248.8,19,0.0,0,0.0,0,0.0,0,0.0,0
2012-11-13T09:16:33.000,2248.8,2631,2248.6,3,0.0,0,0.0,0,0.0,0,0.0,0,2248.8,21,0.0,0,0.0,0,0.0,0,0.0,0
2012-11-13T09:16:33.500,2248.8,2636,2248.4,10,0.0,0,0.0,0,0.0,0,0.0,0,2248.8,21,0.0,0,0.0,0,0.0,0,0.0,0
2012-11-13T09:16:34.000,2248.8,2637,2248.4,10,0.0,0,0.0,0,0.0,0,0.0,0,2248.8,20,0.0,0,0.0,0,0.0,0,0.0,0
2012-11-13T09:16:34.500,2248.4,2642,2248.4,8,0.0,0,0.0,0,0.0,0,0.0,0,2248.6,3,0.0,0,0.0,0,0.0,0,0.0,0
2012-11-13T09:16:35.000,2248.4,2652,2248.4,9,0.0,0,0.0,0,0.0,0,0.0,0,2248.6,2,0.0,0,0.0,0,0.0,0,0.0,0
2012-11-13T09:16:35.500,2248.6,2653,2248.4,14,0.0,0,0.0,0,0.0,0,0.0,0,2248.6,7,0.0,0,0.0,0,0.0,0,0.0,0
2012-11-13T09:16:36.000,2248.4,2673,2248.2,63,0.0,0,0.0,0,0.0,0,0.0,0,2248.4,4,0.0,0,0.0,0,0.0,0,0.0,0
2012-11-13T09:16:36.500,2248.4,2680,2248.4,3,0.0,0,0.0,0,0.0,0,0.0,0,2248.6,16,0.0,0,0.0,0,0.0,0,0.0,0
2012-11-13T09:16:37.000,2248.4,2684,2248.4,3,0.0,0,0.0,0,0.0,0,0.0,0,2248.6,19,0.0,0,0.0,0,0.0,0,0.0,0
2012-11-13T09:16:37.500,2248.6,2709,2248.2,63,0.0,0,0.0,0,0.0,0,0.0,0,2248.6,4,0.0,0,0.0,0,0.0,0,0.0,0
2012-11-13T09:16:38.000,2248.4,2711,2248.2,62,0.0,0,0.0,0,0.0,0,0.0,0,2248.4,1,0.0,0,0.0,0,0.0,0,0.0,0
2012-11-13T09:16:38.500,2248.6,2716,2248.2,65,0.0,0,0.0,0,0.0,0,0.0,0,2248.6,1,0.0,0,0.0,0,0.0,0,0.0,0
2012-11-13T09:16:39.000,2248.2,2719,2248.2,64,0.0,0,0.0,0,0.0,0,0.0,0,2248.6,2,0.0,0,0.0,0,0.0,0,0.0,0
2012-11-13T09:16:39.500,2248.6,2722,2248.4,4,0.0,0,0.0,0,0.0,0,0.0,0,2248.6,8,0.0,0,0.0,0,0.0,0,0.0,0
2012-11-13T09:16:40.000,2248.4,2724,2248.4,4,0.0,0,0.0,0,0.0,0,0.0,0,2248.6,7,0.0,0,0.0,0,0.0,0,0.0,0
2012-11-13T09:16:40.500,2248.6,2735,2248.4,6,0.0,0,0.0,0,0.0,0,0.0,0,2248.6,1,0.0,0,0.0,0,0.0,0,0.0,0
2012-11-13T09:16:41.000,2248.6,2739,2248.4,8,0.0,0,0.0,0,0.0,0,0.0,0,2248.8,16,0.0,0,0.0,0,0.0,0,0.0,0
2012-11-13T09:16:41.500,2248.6,2740,2248.4,8,0.0,0,0.0,0,0.0,0,0.0,0,2248.6,4,0.0,0,0.0,0,0.0,0,0.0,0
2012-11-13T09:16:42.000,2248.6,2751,2248.4,11,0.0,0,0.0,0,0.0,0,0.0,0,2248.6,1,0.0,0,0.0,0,0.0,0,0.0,0
2012-11-13T09:16:42.500,2248.6,2768,2248.2,72,0.0,0,0.0,0,0.0,0,0.0,0,2248.4,2,0.0,0,0.0,0,0.0,0,0.0,0
2012-11-13T09:16:43.000,2248.2,2773,2248.2,71,0.0,0,0.0,0,0.0,0,0.0,0,2248.4,5,0.0,0,0.0,0,0.0,0,0.0,0
2012-11-13T09:16:43.500,2248.2,2777,2248.2,70,0.0,0,0.0,0,0.0,0,0.0,0,2248.4,3,0.0,0,0.0,0,0.0,0,0.0,0
2012-11-13T09:16:44.000,2248.2,2779,2248.2,70,0.0,0,0.0,0,0.0,0,0.0,0,2248.4,2,0.0,0,0.0,0,0.0,0,0.0,0
2012-11-13T09:16:44.500,2248.6,2794,2248.2,64,0.0,0,0.0,0,0.0,0,0.0,0,2248.6,2,0.0,0,0.0,0,0.0,0,0.0,0
2012-11-13T09:16:45.000,2248.2,2808,2248.4,5,0.0,0,0.0,0,0.0,0,0.0,0,2248.6,1,0.0,0,0.0,0,0.0,0,0.0,0
2012-11-13T09:16:45.500,2248.4,2811,2248.4,6,0.0,0,0.0,0,0.0,0,0.0,0,2248.6,9,0.0,0,0.0,0,0.0,0,0.0,0
2012-11-13T09:16:46.000,2248.6,2814,2248.4,7,0.0,0,0.0,0,0.0,0,0.0,0,2248.6,1,0.0,0,0.0,0,0.0,0,0.0,0
2012-11-13T09:16:46.500,2248.2,2852,2248.2,37,0.0,0,0.0,0,0.0,0,0.0,0,2248.6,4,0.0,0,0.0,0,0.0,0,0.0,0
2012-11-13T09:16:47.000,2248.6,2870,2248.6,9,0.0,0,0.0,0,0.0,0,0.0,0,2248.8,11,0.0,0,0.0,0,0.0,0,0.0,0
2012-11-13T09:16:47.500,2248.6,2871,2248.6,9,0.0,0,0.0,0,0.0,0,0.0,0,2248.8,14,0.0,0,0.0,0,0.0,0,0.0,0
2012-11-13T09:16:48.000,2248.6,2876,2248.6,6,0.0,0,0.0,0,0.0,0,0.0,0,2248.8,14,0.0,0,0.0,0,0.0,0,0.0,0
2012-11-13T09:16:48.500,2248.8,2905,2248.4,20,0.0,0,0.0,0,0.0,0,0.0,0,2248.8,1,0.0,0,0.0,0,0.0,0,0.0,0
2012-11-13T09:16:49.000,2248.4,2916,2248.4,12,0.0,0,0.0,0,0.0,0,0.0,0,2249,62,0.0,0,0.0,0,0.0,0,0.0,0
2012-11-13T09:16:49.500,2248.8,2917,2248.6,5,0.0,0,0.0,0,0.0,0,0.0,0,2249,62,0.0,0,0.0,0,0.0,0,0.0,0
2012-11-13T09:16:50.250,2248.4,2947,2248.2,41,0.0,0,0.0,0,0.0,0,0.0,0,2248.4,29,0.0,0,0.0,0,0.0,0,0.0,0
2012-11-13T09:16:51.000,2248.2,2949,2248.2,40,0.0,0,0.0,0,0.0,0,0.0,0,2248.4,28,0.0,0,0.0,0,0.0,0,0.0,0
2012-11-13T09:16:51.500,2248.2,2967,2248.2,40,0.0,0,0.0,0,0.0,0,0.0,0,2248.4,15,0.0,0,0.0,0,0.0,0,0.0,0
2012-11-13T09:16:52.000,2248.4,2982,2248.2,41,0.0,0,0.0,0,0.0,0,0.0,0,2248.6,9,0.0,0,0.0,0,0.0,0,0.0,0
2012-11-13T09:16:52.500,2248.6,2983,2248.2,49,0.0,0,0.0,0,0.0,0,0.0,0,2248.6,17,0.0,0,0.0,0,0.0,0,0.0,0
2012-11-13T09:16:53.000,2248.2,2991,2248.4,1,0.0,0,0.0,0,0.0,0,0.0,0,2248.6,16,0.0,0,0.0,0,0.0,0,0.0,0
2012-11-13T09:16:53.500,2248.6,2994,2248.2,44,0.0,0,0.0,0,0.0,0,0.0,0,2248.6,15,0.0,0,0.0,0,0.0,0,0.0,0
2012-11-13T09:16:54.000,2248.2,3008,2248.2,35,0.0,0,0.0,0,0.0,0,0.0,0,2248.6,14,0.0,0,0.0,0,0.0,0,0.0,0
2012-11-13T09:16:54.500,2248.2,3011,2248.2,32,0.0,0,0.0,0,0.0,0,0.0,0,2248.6,15,0.0,0,0.0,0,0.0,0,0.0,0
2012-11-13T09:16:55.000,2248.6,3018,2248.2,31,0.0,0,0.0,0,0.0,0,0.0,0,2248.6,14,0.0,0,0.0,0,0.0,0,0.0,0
2012-11-13T09:16:55.500,2248.6,3021,2248.2,30,0.0,0,0.0,0,0.0,0,0.0,0,2248.6,12,0.0,0,0.0,0,0.0,0,0.0,0
2012-11-13T09:16:56.000,2248.2,3022,2248.2,29,0.0,0,0.0,0,0.0,0,0.0,0,2248.4,1,0.0,0,0.0,0,0.0,0,0.0,0
2012-11-13T09:16:56.500,2248.2,3025,2248.2,29,0.0,0,0.0,0,0.0,0,0.0,0,2248.4,12,0.0,0,0.0,0,0.0,0,0.0,0
2012-11-13T09:16:57.000,2248.2,3027,2248.2,27,0.0,0,0.0,0,0.0,0,0.0,0,2248.4,16,0.0,0,0.0,0,0.0,0,0.0,0
2012-11-13T09:16:57.500,2248.2,3037,2248.2,18,0.0,0,0.0,0,0.0,0,0.0,0,2248.4,15,0.0,0,0.0,0,0.0,0,0.0,0
2012-11-13T09:16:58.000,2248.4,3045,2248.2,14,0.0,0,0.0,0,0.0,0,0.0,0,2248.4,14,0.0,0,0.0,0,0.0,0,0.0,0
2012-11-13T09:16:58.500,2248.2,3048,2248.2,14,0.0,0,0.0,0,0.0,0,0.0,0,2248.4,13,0.0,0,0.0,0,0.0,0,0.0,0
2012-11-13T09:16:59.000,2248.4,3053,2248.2,12,0.0,0,0.0,0,0.0,0,0.0,0,2248.4,13,0.0,0,0.0,0,0.0,0,0.0,0
2012-11-13T09:16:59.500,2248.4,3056,2248.2,33,0.0,0,0.0,0,0.0,0,0.0,0,2248.4,20,0.0,0,0.0,0,0.0,0,0.0,0
2012-11-13T09:17:00.000,2248.4,3079,2248.4,1,0.0,0,0.0,0,0.0,0,0.0,0,2248.6,18,0.0,0,0.0,0,0.0,0,0.0,0
2012-11-13T09:17:00.500,2248.4,3083,2248.2,46,0.0,0,0.0,0,0.0,0,0.0,0,2248.4,3,0.0,0,0.0,0,0.0,0,0.0,0
2012-11-13T09:17:01.000,2248.2,3089,2248.2,44,0.0,0,0.0,0,0.0,0,0.0,0,2248.6,20,0.0,0,0.0,0,0.0,0,0.0,0
2012-11-13T09:17:01.500,2248.4,3124,2248.4,1,0.0,0,0.0,0,0.0,0,0.0,0,2248.6,12,0.0,0,0.0,0,0.0,0,0.0,0
2012-11-13T09:17:02.000,2248.2,3128,2248.4,5,0.0,0,0.0,0,0.0,0,0.0,0,2248.6,11,0.0,0,0.0,0,0.0,0,0.0,0
2012-11-13T09:17:02.500,2248.4,3133,2248.4,3,0.0,0,0.0,0,0.0,0,0.0,0,2248.6,17,0.0,0,0.0,0,0.0,0,0.0,0
2012-11-13T09:17:03.250,2248.6,3135,2248.4,13,0.0,0,0.0,0,0.0,0,0.0,0,2248.6,14,0.0,0,0.0,0,0.0,0,0.0,0
2012-11-13T09:17:04.000,2248.4,3143,2248.4,7,0.0,0,0.0,0,0.0,0,0.0,0,2248.6,13,0.0,0,0.0,0,0.0,0,0.0,0
2012-11-13T09:17:04.500,2248.6,3175,2248.6,8,0.0,0,0.0,0,0.0,0,0.0,0,2248.8,19,0.0,0,0.0,0,0.0,0,0.0,0
2012-11-13T09:17:05.000,2248.6,3180,2248.6,7,0.0,0,0.0,0,0.0,0,0.0,0,2248.8,21,0.0,0,0.0,0,0.0,0,0.0,0
2012-11-13T09:17:05.500,2248.6,3189,2248.4,18,0.0,0,0.0,0,0.0,0,0.0,0,2248.6,11,0.0,0,0.0,0,0.0,0,0.0,0
2012-11-13T09:17:06.000,2248.6,3198,2248.4,21,0.0,0,0.0,0,0.0,0,0.0,0,2248.6,4,0.0,0,0.0,0,0.0,0,0.0,0
2012-11-13T09:17:06.500,2248.4,3203,2248.4,19,0.0,0,0.0,0,0.0,0,0.0,0,2248.6,3,0.0,0,0.0,0,0.0,0,0.0,0
2012-11-13T09:17:07.250,2248.6,3205,2248.4,19,0.0,0,0.0,0,0.0,0,0.0,0,2248.6,1,0.0,0,0.0,0,0.0,0,0.0,0
2012-11-13T09:17:08.000,2248.4,3220,2248.4,10,0.0,0,0.0,0,0.0,0,0.0,0,2248.6,10,0.0,0,0.0,0,0.0,0,0.0,0
2012-11-13T09:17:08.500,2248.6,3237,2248.6,9,0.0,0,0.0,0,0.0,0,0.0,0,2248.8,20,0.0,0,0.0,0,0.0,0,0.0,0
2012-11-13T09:17:09.000,2248.6,3238,2248.6,10,0.0,0,0.0,0,0.0,0,0.0,0,2248.8,21,0.0,0,0.0,0,0.0,0,0.0,0
2012-11-13T09:17:09.500,2248.6,3245,2248.6,6,0.0,0,0.0,0,0.0,0,0.0,0,2248.8,37,0.0,0,0.0,0,0.0,0,0.0,0
2012-11-13T09:17:10.000,2248.4,3270,2248.2,59,0.0,0,0.0,0,0.0,0,0.0,0,2248.4,2,0.0,0,0.0,0,0.0,0,0.0,0
2012-11-13T09:17:10.500,2248.4,3276,2248.2,57,0.0,0,0.0,0,0.0,0,0.0,0,2248.4,2,0.0,0,0.0,0,0.0,0,0.0,0
2012-11-13T09:17:11.000,2248.4,3277,2248.4,1,0.0,0,0.0,0,0.0,0,0.0,0,2248.6,5,0.0,0,0.0,0,0.0,0,0.0,0
2012-11-13T09:17:11.500,2248.8,3291,2248.6,8,0.0,0,0.0,0,0.0,0,0.0,0,2248.8,34,0.0,0,0.0,0,0.0,0,0.0,0
2012-11-13T09:17:12.000,2248.6,3292,2248.6,10,0.0,0,0.0,0,0.0,0,0.0,0,2248.8,39,0.0,0,0.0,0,0.0,0,0.0,0
2012-11-13T09:17:12.500,2248.6,3295,2248.6,9,0.0,0,0.0,0,0.0,0,0.0,0,2248.8,36,0.0,0,0.0,0,0.0,0,0.0,0
2012-11-13T09:17:13.250,2248.8,3311,2248.4,4,0.0,0,0.0,0,0.0,0,0.0,0,2248.8,33,0.0,0,0.0,0,0.0,0,0.0,0
2012-11-13T09:17:14.250,2248.8,3313,2248.4,5,0.0,0,0.0,0,0.0,0,0.0,0,2248.6,19,0.0,0,0.0,0,0.0,0,0.0,0
2012-11-13T09:17:15.000,2248.6,3316,2248.4,6,0.0,0,0.0,0,0.0,0,0.0,0,2248.6,25,0.0,0,0.0,0,0.0,0,0.0,0
2012-11-13T09:17:15.500,2248.6,3319,2248.4,5,0.0,0,0.0,0,0.0,0,0.0,0,2248.6,24,0.0,0,0.0,0,0.0,0,0.0,0
2012-11-13T09:17:16.000,2248.6,3324,2248.4,9,0.0,0,0.0,0,0.0,0,0.0,0,2248.6,20,0.0,0,0.0,0,0.0,0,0.0,0
2012-11-13T09:17:16.500,2248.4,3327,2248.4,10,0.0,0,0.0,0,0.0,0,0.0,0,2248.6,20,0.0,0,0.0,0,0.0,0,0.0,0
2012-11-13T09:17:17.000,2248.6,3328,2248.4,11,0.0,0,0.0,0,0.0,0,0.0,0,2248.6,20,0.0,0,0.0,0,0.0,0,0.0,0
2012-11-13T09:17:17.500,2248.4,3329,2248.4,11,0.0,0,0.0,0,0.0,0,0.0,0,2248.6,20,0.0,0,0.0,0,0.0,0,0.0,0
2012-11-13T09:17:18.000,2248.4,3331,2248.4,10,0.0,0,0.0,0,0.0,0,0.0,0,2248.6,26,0.0,0,0.0,0,0.0,0,0.0,0
2012-11-13T09:17:18.500,2248.6,3346,2248.4,40,0.0,0,0.0,0,0.0,0,0.0,0,2248.6,11,0.0,0,0.0,0,0.0,0,0.0,0
2012-11-13T09:17:19.250,2248.8,3358,2248.6,2,0.0,0,0.0,0,0.0,0,0.0,0,2248.8,32,0.0,0,0.0,0,0.0,0,0.0,0
2012-11-13T09:17:20.000,2248.6,3397,2248.6,35,0.0,0,0.0,0,0.0,0,0.0,0,2249,53,0.0,0,0.0,0,0.0,0,0.0,0
2012-11-13T09:17:20.500,2248.8,3401,2248.6,31,0.0,0,0.0,0,0.0,0,0.0,0,2249,53,0.0,0,0.0,0,0.0,0,0.0,0
2012-11-13T09:17:21.000,2248.8,3404,2248.6,29,0.0,0,0.0,0,0.0,0,0.0,0,2249,55,0.0,0,0.0,0,0.0,0,0.0,0
2012-11-13T09:17:21.500,2248.6,3427,2248.6,29,0.0,0,0.0,0,0.0,0,0.0,0,2248.8,1,0.0,0,0.0,0,0.0,0,0.0,0
2012-11-13T09:17:22.000,2249,3436,2248.6,25,0.0,0,0.0,0,0.0,0,0.0,0,2249,30,0.0,0,0.0,0,0.0,0,0.0,0
2012-11-13T09:17:22.500,2249,3456,2248.6,26,0.0,0,0.0,0,0.0,0,0.0,0,2249,11,0.0,0,0.0,0,0.0,0,0.0,0
2012-11-13T09:17:23.000,2248.6,3461,2248.6,22,0.0,0,0.0,0,0.0,0,0.0,0,2249,13,0.0,0,0.0,0,0.0,0,0.0,0
2012-11-13T09:17:23.500,2249,3465,2248.6,20,0.0,0,0.0,0,0.0,0,0.0,0,2249,11,0.0,0,0.0,0,0.0,0,0.0,0
2012-11-13T09:17:24.000,2248.6,3469,2248.6,19,0.0,0,0.0,0,0.0,0,0.0,0,2249,8,0.0,0,0.0,0,0.0,0,0.0,0
2012-11-13T09:17:24.500,2249,3475,2248.6,19,0.0,0,0.0,0,0.0,0,0.0,0,2249,9,0.0,0,0.0,0,0.0,0,0.0,0
2012-11-13T09:17:25.000,2249,3476,2248.8,8,0.0,0,0.0,0,0.0,0,0.0,0,2249,13,0.0,0,0.0,0,0.0,0,0.0,0
2012-11-13T09:17:25.500,2249,3483,2248.8,8,0.0,0,0.0,0,0.0,0,0.0,0,2249,10,0.0,0,0.0,0,0.0,0,0.0,0
2012-11-13T09:17:26.000,2249,3487,2248.8,8,0.0,0,0.0,0,0.0,0,0.0,0,2249,6,0.0,0,0.0,0,0.0,0,0.0,0
2012-11-13T09:17:26.500,2248.8,3494,2248.8,4,0.0,0,0.0,0,0.0,0,0.0,0,2249,3,0.0,0,0.0,0,0.0,0,0.0,0
2012-11-13T09:17:27.000,2248.6,3503,2248.6,19,0.0,0,0.0,0,0.0,0,0.0,0,2249.2,25,0.0,0,0.0,0,0.0,0,0.0,0
2012-11-13T09:17:27.500,2249,3504,2248.6,19,0.0,0,0.0,0,0.0,0,0.0,0,2249,4,0.0,0,0.0,0,0.0,0,0.0,0
2012-11-13T09:17:28.000,2248.8,3507,2248.8,1,0.0,0,0.0,0,0.0,0,0.0,0,2249,4,0.0,0,0.0,0,0.0,0,0.0,0
2012-11-13T09:17:28.500,2249,3515,2249,23,0.0,0,0.0,0,0.0,0,0.0,0,2249.2,25,0.0,0,0.0,0,0.0,0,0.0,0
2012-11-13T09:17:29.000,2249,3520,2249,21,0.0,0,0.0,0,0.0,0,0.0,0,2249.2,33,0.0,0,0.0,0,0.0,0,0.0,0
2012-11-13T09:17:29.500,2249,3521,2249,21,0.0,0,0.0,0,0.0,0,0.0,0,2249.2,24,0.0,0,0.0,0,0.0,0,0.0,0
2012-11-13T09:17:30.250,2249.2,3523,2249,23,0.0,0,0.0,0,0.0,0,0.0,0,2249.2,22,0.0,0,0.0,0,0.0,0,0.0,0
2012-11-13T09:17:31.000,2249.2,3548,2249,4,0.0,0,0.0,0,0.0,0,0.0,0,2249.2,20,0.0,0,0.0,0,0.0,0,0.0,0
2012-11-13T09:17:31.500,2249.2,3553,2249,4,0.0,0,0.0,0,0.0,0,0.0,0,2249.2,16,0.0,0,0.0,0,0.0,0,0.0,0
2012-11-13T09:17:32.250,2249.2,3570,2249.2,4,0.0,0,0.0,0,0.0,0,0.0,0,2249.4,8,0.0,0,0.0,0,0.0,0,0.0,0
2012-11-13T09:17:33.000,2249.2,3571,2249.2,3,0.0,0,0.0,0,0.0,0,0.0,0,2249.4,9,0.0,0,0.0,0,0.0,0,0.0,0
2012-11-13T09:17:33.500,2249.2,3573,2249.2,1,0.0,0,0.0,0,0.0,0,0.0,0,2249.4,9,0.0,0,0.0,0,0.0,0,0.0,0
2012-11-13T09:17:34.000,2249.4,3574,2249.2,1,0.0,0,0.0,0,0.0,0,0.0,0,2249.4,30,0.0,0,0.0,0,0.0,0,0.0,0
2012-11-13T09:17:34.500,2249,3583,2248.8,10,0.0,0,0.0,0,0.0,0,0.0,0,2249,12,0.0,0,0.0,0,0.0,0,0.0,0
2012-11-13T09:17:35.250,2249,3594,2248.8,10,0.0,0,0.0,0,0.0,0,0.0,0,2249,1,0.0,0,0.0,0,0.0,0,0.0,0
2012-11-13T09:17:36.000,2249,3596,2248.8,12,0.0,0,0.0,0,0.0,0,0.0,0,2249.2,4,0.0,0,0.0,0,0.0,0,0.0,0
2012-11-13T09:17:36.500,2249.2,3598,2248.8,12,0.0,0,0.0,0,0.0,0,0.0,0,2249.2,16,0.0,0,0.0,0,0.0,0,0.0,0
2012-11-13T09:17:37.000,2248.8,3604,2248.8,9,0.0,0,0.0,0,0.0,0,0.0,0,2249.2,9,0.0,0,0.0,0,0.0,0,0.0,0
2012-11-13T09:17:37.500,2249.2,3608,2249,3,0.0,0,0.0,0,0.0,0,0.0,0,2249.2,14,0.0,0,0.0,0,0.0,0,0.0,0
2012-11-13T09:17:38.000,2249.2,3609,2249,3,0.0,0,0.0,0,0.0,0,0.0,0,2249.2,19,0.0,0,0.0,0,0.0,0,0.0,0
2012-11-13T09:17:38.500,2249,3612,2249,2,0.0,0,0.0,0,0.0,0,0.0,0,2249.2,18,0.0,0,0.0,0,0.0,0,0.0,0
2012-11-13T09:17:39.000,2249,3614,2248.8,17,0.0,0,0.0,0,0.0,0,0.0,0,2249,1,0.0,0,0.0,0,0.0,0,0.0,0
2012-11-13T09:17:39.500,2249,3615,2248.8,17,0.0,0,0.0,0,0.0,0,0.0,0,2249,4,0.0,0,0.0,0,0.0,0,0.0,0
2012-11-13T09:17:40.000,2249,3617,2248.8,19,0.0,0,0.0,0,0.0,0,0.0,0,2249,4,0.0,0,0.0,0,0.0,0,0.0,0
2012-11-13T09:17:40.500,2249,3623,2249,17,0.0,0,0.0,0,0.0,0,0.0,0,2249.2,44,0.0,0,0.0,0,0.0,0,0.0,0
2012-11-13T09:17:41.250,2249,3625,2249,15,0.0,0,0.0,0,0.0,0,0.0,0,2249.2,45,0.0,0,0.0,0,0.0,0,0.0,0
2012-11-13T09:17:42.250,2249,3634,2249,7,0.0,0,0.0,0,0.0,0,0.0,0,2249.2,50,0.0,0,0.0,0,0.0,0,0.0,0
2012-11-13T09:17:43.000,2249,3636,2249,5,0.0,0,0.0,0,0.0,0,0.0,0,2249.2,50,0.0,0,0.0,0,0.0,0,0.0,0
2012-11-13T09:17:43.500,2249,3638,2249,6,0.0,0,0.0,0,0.0,0,0.0,0,2249.2,50,0.0,0,0.0,0,0.0,0,0.0,0
2012-11-13T09:17:44.250,2249,3646,2248.8,21,0.0,0,0.0,0,0.0,0,0.0,0,2249,15,0.0,0,0.0,0,0.0,0,0.0,0
2012-11-13T09:17:45.000,2249,3648,2248.8,20,0.0,0,0.0,0,0.0,0,0.0,0,2249,30,0.0,0,0.0,0,0.0,0,0.0,0
2012-11-13T09:17:45.500,2249,3651,2248.8,20,0.0,0,0.0,0,0.0,0,0.0,0,2249,36,0.0,0,0.0,0,0.0,0,0.0,0
2012-11-13T09:17:46.250,2249,3662,2248.8,10,0.0,0,0.0,0,0.0,0,0.0,0,2249,40,0.0,0,0.0,0,0.0,0,0.0,0
2012-11-13T09:17:47.000,2249.2,3706,2249,1,0.0,0,0.0,0,0.0,0,0.0,0,2249.2,42,0.0,0,0.0,0,0.0,0,0.0,0
2012-11-13T09:17:47.500,2249,3708,2248.8,10,0.0,0,0.0,0,0.0,0,0.0,0,2249.2,42,0.0,0,0.0,0,0.0,0,0.0,0
2012-11-13T09:17:48.000,2249,3709,2248.8,10,0.0,0,0.0,0,0.0,0,0.0,0,2249.2,42,0.0,0,0.0,0,0.0,0,0.0,0
2012-11-13T09:17:48.500,2249.2,3711,2248.8,11,0.0,0,0.0,0,0.0,0,0.0,0,2249,2,0.0,0,0.0,0,0.0,0,0.0,0
2012-11-13T09:17:49.250,2249,3725,2249,10,0.0,0,0.0,0,0.0,0,0.0,0,2249.2,42,0.0,0,0.0,0,0.0,0,0.0,0
2012-11-13T09:17:50.250,2249,3727,2249,8,0.0,0,0.0,0,0.0,0,0.0,0,2249.2,42,0.0,0,0.0,0,0.0,0,0.0,0
2012-11-13T09:17:51.250,2249,3735,2248.8,14,0.0,0,0.0,0,0.0,0,0.0,0,2249,4,0.0,0,0.0,0,0.0,0,0.0,0
2012-11-13T09:17:52.000,2249,3737,2248.8,13,0.0,0,0.0,0,0.0,0,0.0,0,2249,4,0.0,0,0.0,0,0.0,0,0.0,0
2012-11-13T09:17:52.500,2249,3744,2249,14,0.0,0,0.0,0,0.0,0,0.0,0,2249.2,43,0.0,0,0.0,0,0.0,0,0.0,0
2012-11-13T09:17:53.250,2249,3759,2248.8,13,0.0,0,0.0,0,0.0,0,0.0,0,2249,20,0.0,0,0.0,0,0.0,0,0.0,0
2012-11-13T09:17:54.250,2249,3766,2248.8,15,0.0,0,0.0,0,0.0,0,0.0,0,2249,24,0.0,0,0.0,0,0.0,0,0.0,0
2012-11-13T09:17:55.250,2248.8,3770,2248.8,13,0.0,0,0.0,0,0.0,0,0.0,0,2249,23,0.0,0,0.0,0,0.0,0,0.0,0
2012-11-13T09:17:56.000,2249,3774,2248.8,10,0.0,0,0.0,0,0.0,0,0.0,0,2249,25,0.0,0,0.0,0,0.0,0,0.0,0
2012-11-13T09:17:56.500,2249,3786,2248.8,9,0.0,0,0.0,0,0.0,0,0.0,0,2249,14,0.0,0,0.0,0,0.0,0,0.0,0
2012-11-13T09:17:57.250,2249,3800,2249,14,0.0,0,0.0,0,0.0,0,0.0,0,2249.2,47,0.0,0,0.0,0,0.0,0,0.0,0
2012-11-13T09:17:58.250,2249,3803,2249,13,0.0,0,0.0,0,0.0,0,0.0,0,2249.2,31,0.0,0,0.0,0,0.0,0,0.0,0
2012-11-13T09:17:59.250,2249,3804,2249,15,0.0,0,0.0,0,0.0,0,0.0,0,2249.2,31,0.0,0,0.0,0,0.0,0,0.0,0
2012-11-13T09:18:00.000,2249,3806,2249,14,0.0,0,0.0,0,0.0,0,0.0,0,2249.2,30,0.0,0,0.0,0,0.0,0,0.0,0
2012-11-13T09:18:00.500,2249,3808,2249,12,0.0,0,0.0,0,0.0,0,0.0,0,2249.2,31,0.0,0,0.0,0,0.0,0,0.0,0
2012-11-13T09:18:01.250,2249,3810,2249,11,0.0,0,0.0,0,0.0,0,0.0,0,2249.2,31,0.0,0,0.0,0,0.0,0,0.0,0
2012-11-13T09:18:02.000,2249.2,3815,2249,11,0.0,0,0.0,0,0.0,0,0.0,0,2249.2,26,0.0,0,0.0,0,0.0,0,0.0,0
2012-11-13T09:18:02.500,2249,3826,2248.8,10,0.0,0,0.0,0,0.0,0,0.0,0,2249,15,0.0,0,0.0,0,0.0,0,0.0,0
2012-11-13T09:18:03.000,2248.8,3830,2248.8,9,0.0,0,0.0,0,0.0,0,0.0,0,2249,14,0.0,0,0.0,0,0.0,0,0.0,0
2012-11-13T09:18:03.500,2249,3831,2248.8,12,0.0,0,0.0,0,0.0,0,0.0,0,2249,13,0.0,0,0.0,0,0.0,0,0.0,0
2012-11-13T09:18:04.000,2249,3840,2248.8,5,0.0,0,0.0,0,0.0,0,0.0,0,2249,16,0.0,0,0.0,0,0.0,0,0.0,0
2012-11-13T09:18:04.500,2248.8,3845,2248.6,13,0.0,0,0.0,0,0.0,0,0.0,0,2248.8,3,0.0,0,0.0,0,0.0,0,0.0,0
2012-11-13T09:18:05.000,2248.8,3846,2248.6,13,0.0,0,0.0,0,0.0,0,0.0,0,2248.8,2,0.0,0,0.0,0,0.0,0,0.0,0
2012-11-13T09:18:05.500,2249,3850,2248.6,13,0.0,0,0.0,0,0.0,0,0.0,0,2248.8,1,0.0,0,0.0,0,0.0,0,0.0,0
2012-11-13T09:18:06.250,2248.6,3851,2248.6,12,0.0,0,0.0,0,0.0,0,0.0,0,2248.8,1,0.0,0,0.0,0,0.0,0,0.0,0
2012-11-13T09:18:07.000,2248.8,3855,2248.8,6,0.0,0,0.0,0,0.0,0,0.0,0,2249,29,0.0,0,0.0,0,0.0,0,0.0,0
2012-11-13T09:18:07.500,2248.8,3857,2248.8,5,0.0,0,0.0,0,0.0,0,0.0,0,2249,27,0.0,0,0.0,0,0.0,0,0.0,0
2012-11-13T09:18:08.250,2248.8,3860,2248.8,2,0.0,0,0.0,0,0.0,0,0.0,0,2249,28,0.0,0,0.0,0,0.0,0,0.0,0
2012-11-13T09:18:09.000,2249,3862,2248.8,3,0.0,0,0.0,0,0.0,0,0.0,0,2249,26,0.0,0,0.0,0,0.0,0,0.0,0
2012-11-13T09:18:09.500,2248.8,3865,2248.6,14,0.0,0,0.0,0,0.0,0,0.0,0,2249,26,0.0,0,0.0,0,0.0,0,0.0,0
2012-11-13T09:18:10.250,2248.8,3866,2248.6,15,0.0,0,0.0,0,0.0,0,0.0,0,2248.8,6,0.0,0,0.0,0,0.0,0,0.0,0
2012-11-13T09:18:11.250,2248.8,3867,2248.6,16,0.0,0,0.0,0,0.0,0,0.0,0,2248.8,10,0.0,0,0.0,0,0.0,0,0.0,0
2012-11-13T09:18:12.250,2248.8,3870,2248.6,15,0.0,0,0.0,0,0.0,0,0.0,0,2248.8,11,0.0,0,0.0,0,0.0,0,0.0,0
2012-11-13T09:18:13.000,2248.6,3873,2248.6,13,0.0,0,0.0,0,0.0,0,0.0,0,2248.8,11,0.0,0,0.0,0,0.0,0,0.0,0
2012-11-13T09:18:13.500,2248.6,3874,2248.6,12,0.0,0,0.0,0,0.0,0,0.0,0,2248.8,11,0.0,0,0.0,0,0.0,0,0.0,0
2012-11-13T09:18:14.000,2248.6,3881,2248.6,10,0.0,0,0.0,0,0.0,0,0.0,0,2248.8,12,0.0,0,0.0,0,0.0,0,0.0,0
2012-11-13T09:18:14.500,2248.6,3883,2248.6,9,0.0,0,0.0,0,0.0,0,0.0,0,2248.8,12,0.0,0,0.0,0,0.0,0,0.0,0
2012-11-13T09:18:15.000,2248.6,3897,2248.4,27,0.0,0,0.0,0,0.0,0,0.0,0,2248.6,8,0.0,0,0.0,0,0.0,0,0.0,0
2012-11-13T09:18:15.500,2248.6,3898,2248.4,27,0.0,0,0.0,0,0.0,0,0.0,0,2248.6,9,0.0,0,0.0,0,0.0,0,0.0,0
2012-11-13T09:18:16.000,2248.4,3901,2248.4,23,0.0,0,0.0,0,0.0,0,0.0,0,2248.6,10,0.0,0,0.0,0,0.0,0,0.0,0
2012-11-13T09:18:16.500,2248.4,3902,2248.4,23,0.0,0,0.0,0,0.0,0,0.0,0,2248.6,10,0.0,0,0.0,0,0.0,0,0.0,0
2012-11-13T09:18:17.000,2248.4,3906,2248.4,21,0.0,0,0.0,0,0.0,0,0.0,0,2248.6,9,0.0,0,0.0,0,0.0,0,0.0,0
2012-11-13T09:18:17.500,2248.4,3927,2248.4,3,0.0,0,0.0,0,0.0,0,0.0,0,2248.6,12,0.0,0,0.0,0,0.0,0,0.0,0
2012-11-13T09:18:18.000,2248.2,3932,2248.2,108,0.0,0,0.0,0,0.0,0,0.0,0,2248.4,2,0.0,0,0.0,0,0.0,0,0.0,0
2012-11-13T09:18:18.500,2248.4,3939,2248.4,24,0.0,0,0.0,0,0.0,0,0.0,0,2248.6,17,0.0,0,0.0,0,0.0,0,0.0,0
2012-11-13T09:18:19.000,2248.4,3957,2248.4,6,0.0,0,0.0,0,0.0,0,0.0,0,2248.6,18,0.0,0,0.0,0,0.0,0,0.0,0
2012-11-13T09:18:19.500,2248.4,4001,2248.2,91,0.0,0,0.0,0,0.0,0,0.0,0,2248.6,17,0.0,0,0.0,0,0.0,0,0.0,0
2012-11-13T09:18:20.000,2248.4,4002,2248.4,1,0.0,0,0.0,0,0.0,0,0.0,0,2248.6,17,0.0,0,0.0,0,0.0,0,0.0,0
2012-11-13T09:18:20.500,2248.2,4007,2248.2,89,0.0,0,0.0,0,0.0,0,0.0,0,2248.4,2,0.0,0,0.0,0,0.0,0,0.0,0
2012-11-13T09:18:21.000,2248.2,4009,2248.2,84,0.0,0,0.0,0,0.0,0,0.0,0,2248.4,3,0.0,0,0.0,0,0.0,0,0.0,0
2012-11-13T09:18:21.500,2248.2,4013,2248.2,79,0.0,0,0.0,0,0.0,0,0.0,0,2248.4,3,0.0,0,0.0,0,0.0,0,0.0,0
2012-11-13T09:18:22.000,2248.2,4015,2248.2,78,0.0,0,0.0,0,0.0,0,0.0,0,2248.4,3,0.0,0,0.0,0,0.0,0,0.0,0
2012-11-13T09:18:22.500,2248.2,4016,2248.2,77,0.0,0,0.0,0,0.0,0,0.0,0,2248.4,3,0.0,0,0.0,0,0.0,0,0.0,0
2012-11-13T09:18:23.250,2248.4,4064,2248.4,11,0.0,0,0.0,0,0.0,0,0.0,0,2248.6,19,0.0,0,0.0,0,0.0,0,0.0,0
2012-11-13T09:18:24.000,2248.4,4075,2248.2,40,0.0,0,0.0,0,0.0,0,0.0,0,2248.4,3,0.0,0,0.0,0,0.0,0,0.0,0
2012-11-13T09:18:24.500,2248.4,4077,2248.2,39,0.0,0,0.0,0,0.0,0,0.0,0,2248.4,7,0.0,0,0.0,0,0.0,0,0.0,0
2012-11-13T09:18:25.000,2248.2,4081,2248.2,37,0.0,0,0.0,0,0.0,0,0.0,0,2248.4,14,0.0,0,0.0,0,0.0,0,0.0,0
2012-11-13T09:18:25.500,2248.2,4107,2248.2,17,0.0,0,0.0,0,0.0,0,0.0,0,2248.4,12,0.0,0,0.0,0,0.0,0,0.0,0
2012-11-13T09:18:26.000,2248.2,4116,2248.2,8,0.0,0,0.0,0,0.0,0,0.0,0,2248.4,13,0.0,0,0.0,0,0.0,0,0.0,0
2012-11-13T09:18:26.500,2248.2,4124,2248,73,0.0,0,0.0,0,0.0,0,0.0,0,2248.2,13,0.0,0,0.0,0,0.0,0,0.0,0
2012-11-13T09:18:27.000,2248,4127,2248,72,0.0,0,0.0,0,0.0,0,0.0,0,2248.2,12,0.0,0,0.0,0,0.0,0,0.0,0
2012-11-13T09:18:27.500,2248,4137,2248,63,0.0,0,0.0,0,0.0,0,0.0,0,2248.2,21,0.0,0,0.0,0,0.0,0,0.0,0
2012-11-13T09:18:28.000,2248,4144,2248,58,0.0,0,0.0,0,0.0,0,0.0,0,2248.2,19,0.0,0,0.0,0,0.0,0,0.0,0
2012-11-13T09:18:28.500,2248.2,4157,2248,50,0.0,0,0.0,0,0.0,0,0.0,0,2248.2,14,0.0,0,0.0,0,0.0,0,0.0,0
2012-11-13T09:18:29.000,2248,4180,2248,40,0.0,0,0.0,0,0.0,0,0.0,0,2248.2,3,0.0,0,0.0,0,0.0,0,0.0,0
2012-11-13T09:18:29.500,2248,4200,2248,22,0.0,0,0.0,0,0.0,0,0.0,0,2248.2,1,0.0,0,0.0,0,0.0,0,0.0,0
2012-11-13T09:18:30.000,2248.2,4204,2248.2,10,0.0,0,0.0,0,0.0,0,0.0,0,2248.4,7,0.0,0,0.0,0,0.0,0,0.0,0
2012-11-13T09:18:30.500,2248.2,4205,2248.2,18,0.0,0,0.0,0,0.0,0,0.0,0,2248.4,16,0.0,0,0.0,0,0.0,0,0.0,0
2012-11-13T09:18:31.000,2248.2,4218,2248.2,21,0.0,0,0.0,0,0.0,0,0.0,0,2248.4,16,0.0,0,0.0,0,0.0,0,0.0,0
2012-11-13T09:18:31.500,2248.2,4239,2248.2,4,0.0,0,0.0,0,0.0,0,0.0,0,2248.4,18,0.0,0,0.0,0,0.0,0,0.0,0
2012-11-13T09:18:32.000,2248.2,4244,2248.2,14,0.0,0,0.0,0,0.0,0,0.0,0,2248.4,16,0.0,0,0.0,0,0.0,0,0.0,0
2012-11-13T09:18:32.500,2248.2,4256,2248.2,2,0.0,0,0.0,0,0.0,0,0.0,0,2248.4,16,0.0,0,0.0,0,0.0,0,0.0,0
2012-11-13T09:18:33.250,2248.2,4259,2248,54,0.0,0,0.0,0,0.0,0,0.0,0,2248.4,18,0.0,0,0.0,0,0.0,0,0.0,0
2012-11-13T09:18:34.000,2248.4,4279,2248.4,2,0.0,0,0.0,0,0.0,0,0.0,0,2248.6,11,0.0,0,0.0,0,0.0,0,0.0,0
2012-11-13T09:18:34.500,2248.4,4285,2248.4,2,0.0,0,0.0,0,0.0,0,0.0,0,2248.6,11,0.0,0,0.0,0,0.0,0,0.0,0
2012-11-13T09:18:35.000,2248.6,4286,2248.2,15,0.0,0,0.0,0,0.0,0,0.0,0,2248.6,11,0.0,0,0.0,0,0.0,0,0.0,0
2012-11-13T09:18:35.500,2248.4,4290,2248.2,19,0.0,0,0.0,0,0.0,0,0.0,0,2248.6,13,0.0,0,0.0,0,0.0,0,0.0,0
2012-11-13T09:18:36.000,2248.4,4295,2248.4,5,0.0,0,0.0,0,0.0,0,0.0,0,2248.6,10,0.0,0,0.0,0,0.0,0,0.0,0
2012-11-13T09:18:36.500,2248.4,4302,2248.4,8,0.0,0,0.0,0,0.0,0,0.0,0,2248.6,10,0.0,0,0.0,0,0.0,0,0.0,0
2012-11-13T09:18:37.000,2248.6,4313,2248.4,9,0.0,0,0.0,0,0.0,0,0.0,0,2248.8,33,0.0,0,0.0,0,0.0,0,0.0,0
2012-11-13T09:18:37.500,2248.4,4315,2248.4,8,0.0,0,0.0,0,0.0,0,0.0,0,2248.8,33,0.0,0,0.0,0,0.0,0,0.0,0
2012-11-13T09:18:38.000,2248.4,4317,2248.4,10,0.0,0,0.0,0,0.0,0,0.0,0,2248.8,34,0.0,0,0.0,0,0.0,0,0.0,0
2012-11-13T09:18:38.500,2248.4,4319,2248.4,9,0.0,0,0.0,0,0.0,0,0.0,0,2248.6,2,0.0,0,0.0,0,0.0,0,0.0,0
2012-11-13T09:18:39.000,2248.6,4322,2248.4,9,0.0,0,0.0,0,0.0,0,0.0,0,2248.8,49,0.0,0,0.0,0,0.0,0,0.0,0
2012-11-13T09:18:39.500,2248.6,4323,2248.6,9,0.0,0,0.0,0,0.0,0,0.0,0,2248.8,60,0.0,0,0.0,0,0.0,0,0.0,0
2012-11-13T09:18:40.000,2248.8,4325,2248.6,8,0.0,0,0.0,0,0.0,0,0.0,0,2248.8,59,0.0,0,0.0,0,0.0,0,0.0,0
2012-11-13T09:18:40.500,2248.6,4327,2248.6,7,0.0,0,0.0,0,0.0,0,0.0,0,2248.8,59,0.0,0,0.0,0,0.0,0,0.0,0
2012-11-13T09:18:41.000,2248.6,4330,2248.6,6,0.0,0,0.0,0,0.0,0,0.0,0,2248.8,58,0.0,0,0.0,0,0.0,0,0.0,0
2012-11-13T09:18:41.500,2248.4,4344,2248.4,5,0.0,0,0.0,0,0.0,0,0.0,0,2248.8,57,0.0,0,0.0,0,0.0,0,0.0,0
2012-11-13T09:18:42.250,2248.4,4345,2248.4,4,0.0,0,0.0,0,0.0,0,0.0,0,2248.6,6,0.0,0,0.0,0,0.0,0,0.0,0
2012-11-13T09:18:43.250,2248.4,4346,2248.4,7,0.0,0,0.0,0,0.0,0,0.0,0,2248.6,8,0.0,0,0.0,0,0.0,0,0.0,0
2012-11-13T09:18:44.000,2248.6,4364,2248.6,22,0.0,0,0.0,0,0.0,0,0.0,0,2248.8,51,0.0,0,0.0,0,0.0,0,0.0,0
2012-11-13T09:18:44.500,2248.8,4366,2248.6,21,0.0,0,0.0,0,0.0,0,0.0,0,2248.8,51,0.0,0,0.0,0,0.0,0,0.0,0
2012-11-13T09:18:45.000,2248.6,4367,2248.6,20,0.0,0,0.0,0,0.0,0,0.0,0,2248.8,55,0.0,0,0.0,0,0.0,0,0.0,0
2012-11-13T09:18:45.500,2248.6,4370,2248.6,17,0.0,0,0.0,0,0.0,0,0.0,0,2248.8,56,0.0,0,0.0,0,0.0,0,0.0,0
2012-11-13T09:18:46.000,2248.8,4381,2248.6,7,0.0,0,0.0,0,0.0,0,0.0,0,2248.8,55,0.0,0,0.0,0,0.0,0,0.0,0
2012-11-13T09:18:46.500,2248.6,4388,2248.4,9,0.0,0,0.0,0,0.0,0,0.0,0,2248.8,55,0.0,0,0.0,0,0.0,0,0.0,0
2012-11-13T09:18:47.250,2248.8,4391,2248.4,9,0.0,0,0.0,0,0.0,0,0.0,0,2248.8,54,0.0,0,0.0,0,0.0,0,0.0,0
2012-11-13T09:18:48.000,2248.8,4394,2248.6,3,0.0,0,0.0,0,0.0,0,0.0,0,2248.8,53,0.0,0,0.0,0,0.0,0,0.0,0
2012-11-13T09:18:48.500,2248.6,4395,2248.6,2,0.0,0,0.0,0,0.0,0,0.0,0,2248.8,54,0.0,0,0.0,0,0.0,0,0.0,0
2012-11-13T09:18:49.250,2248.8,4397,2248.6,1,0.0,0,0.0,0,0.0,0,0.0,0,2248.8,56,0.0,0,0.0,0,0.0,0,0.0,0
2012-11-13T09:18:50.250,2248.6,4398,2248.4,11,0.0,0,0.0,0,0.0,0,0.0,0,2248.8,56,0.0,0,0.0,0,0.0,0,0.0,0
2012-11-13T09:18:51.250,2248.8,4401,2248.4,10,0.0,0,0.0,0,0.0,0,0.0,0,2248.8,57,0.0,0,0.0,0,0.0,0,0.0,0
2012-11-13T09:18:52.250,2248.4,4404,2248.4,7,0.0,0,0.0,0,0.0,0,0.0,0,2248.8,57,0.0,0,0.0,0,0.0,0,0.0,0
2012-11-13T09:18:53.250,2248.8,4407,2248.4,8,0.0,0,0.0,0,0.0,0,0.0,0,2248.6,3,0.0,0,0.0,0,0.0,0,0.0,0
2012-11-13T09:18:54.250,2248.4,4408,2248.4,7,0.0,0,0.0,0,0.0,0,0.0,0,2248.6,3,0.0,0,0.0,0,0.0,0,0.0,0
2012-11-13T09:18:55.000,2248.4,4411,2248.4,6,0.0,0,0.0,0,0.0,0,0.0,0,2248.6,4,0.0,0,0.0,0,0.0,0,0.0,0
2012-11-13T09:18:55.500,2248.4,4412,2248.4,6,0.0,0,0.0,0,0.0,0,0.0,0,2248.6,5,0.0,0,0.0,0,0.0,0,0.0,0
2012-11-13T09:18:57.250,2248.4,4413,2248.4,5,0.0,0,0.0,0,0.0,0,0.0,0,2248.6,6,0.0,0,0.0,0,0.0,0,0.0,0
2012-11-13T09:18:59.250,2248.4,4414,2248.4,4,0.0,0,0.0,0,0.0,0,0.0,0,2248.6,8,0.0,0,0.0,0,0.0,0,0.0,0
2012-11-13T09:19:00.000,2248.4,4415,2248.4,5,0.0,0,0.0,0,0.0,0,0.0,0,2248.6,8,0.0,0,0.0,0,0.0,0,0.0,0
2012-11-13T09:19:00.500,2248.4,4418,2248.4,4,0.0,0,0.0,0,0.0,0,0.0,0,2248.6,7,0.0,0,0.0,0,0.0,0,0.0,0
2012-11-13T09:19:01.250,2248.4,4421,2248.4,2,0.0,0,0.0,0,0.0,0,0.0,0,2248.6,7,0.0,0,0.0,0,0.0,0,0.0,0
2012-11-13T09:19:02.250,2248.2,4434,2248.2,39,0.0,0,0.0,0,0.0,0,0.0,0,2248.6,7,0.0,0,0.0,0,0.0,0,0.0,0
2012-11-13T09:19:03.250,2248.6,4437,2248.2,41,0.0,0,0.0,0,0.0,0,0.0,0,2248.6,11,0.0,0,0.0,0,0.0,0,0.0,0
2012-11-13T09:19:04.000,2248.2,4446,2248.2,36,0.0,0,0.0,0,0.0,0,0.0,0,2248.4,4,0.0,0,0.0,0,0.0,0,0.0,0
2012-11-13T09:19:04.500,2248.2,4452,2248.2,35,0.0,0,0.0,0,0.0,0,0.0,0,2248.4,8,0.0,0,0.0,0,0.0,0,0.0,0
2012-11-13T09:19:05.250,2248.2,4455,2248.2,32,0.0,0,0.0,0,0.0,0,0.0,0,2248.4,9,0.0,0,0.0,0,0.0,0,0.0,0
2012-11-13T09:19:06.000,2248.4,4460,2248.2,28,0.0,0,0.0,0,0.0,0,0.0,0,2248.4,8,0.0,0,0.0,0,0.0,0,0.0,0
2012-11-13T09:19:06.500,2248.4,4461,2248.2,28,0.0,0,0.0,0,0.0,0,0.0,0,2248.4,7,0.0,0,0.0,0,0.0,0,0.0,0
2012-11-13T09:19:07.000,2248.2,4464,2248.2,26,0.0,0,0.0,0,0.0,0,0.0,0,2248.4,6,0.0,0,0.0,0,0.0,0,0.0,0
2012-11-13T09:19:07.500,2248.4,4467,2248.2,25,0.0,0,0.0,0,0.0,0,0.0,0,2248.4,4,0.0,0,0.0,0,0.0,0,0.0,0
2012-11-13T09:19:08.250,2248.2,4487,2248.2,5,0.0,0,0.0,0,0.0,0,0.0,0,2248.4,4,0.0,0,0.0,0,0.0,0,0.0,0
2012-11-13T09:19:09.000,2248.2,4491,2248.2,3,0.0,0,0.0,0,0.0,0,0.0,0,2248.4,19,0.0,0,0.0,0,0.0,0,0.0,0
2012-11-13T09:19:09.500,2248.4,4495,2248.2,2,0.0,0,0.0,0,0.0,0,0.0,0,2248.4,17,0.0,0,0.0,0,0.0,0,0.0,0
2012-11-13T09:19:10.250,2248,4499,2248,48,0.0,0,0.0,0,0.0,0,0.0,0,2248.2,8,0.0,0,0.0,0,0.0,0,0.0,0
2012-11-13T09:19:11.000,2248,4505,2248,44,0.0,0,0.0,0,0.0,0,0.0,0,2248.2,7,0.0,0,0.0,0,0.0,0,0.0,0
2012-11-13T09:19:11.500,2248,4513,2248,36,0.0,0,0.0,0,0.0,0,0.0,0,2248.2,7,0.0,0,0.0,0,0.0,0,0.0,0
2012-11-13T09:19:12.250,2248,4527,2248,30,0.0,0,0.0,0,0.0,0,0.0,0,2248.2,2,0.0,0,0.0,0,0.0,0,0.0,0
2012-11-13T09:19:13.000,2248,4533,2248,29,0.0,0,0.0,0,0.0,0,0.0,0,2248.4,21,0.0,0,0.0,0,0.0,0,0.0,0
2012-11-13T09:19:13.500,2248,4537,2248,26,0.0,0,0.0,0,0.0,0,0.0,0,2248.4,21,0.0,0,0.0,0,0.0,0,0.0,0
2012-11-13T09:19:14.000,2248,4542,2248,22,0.0,0,0.0,0,0.0,0,0.0,0,2248.2,1,0.0,0,0.0,0,0.0,0,0.0,0
2012-11-13T09:19:14.500,2248,4545,2248,30,0.0,0,0.0,0,0.0,0,0.0,0,2248.4,21,0.0,0,0.0,0,0.0,0,0.0,0
2012-11-13T09:19:15.000,2248,4548,2248,24,0.0,0,0.0,0,0.0,0,0.0,0,2248.4,20,0.0,0,0.0,0,0.0,0,0.0,0
2012-11-13T09:19:15.500,2248.4,4549,2248,25,0.0,0,0.0,0,0.0,0,0.0,0,2248.4,19,0.0,0,0.0,0,0.0,0,0.0,0
2012-11-13T09:19:16.000,2248,4555,2248,34,0.0,0,0.0,0,0.0,0,0.0,0,2248.2,5,0.0,0,0.0,0,0.0,0,0.0,0
2012-11-13T09:19:16.500,2248,4560,2248,22,0.0,0,0.0,0,0.0,0,0.0,0,2248.2,6,0.0,0,0.0,0,0.0,0,0.0,0
2012-11-13T09:19:17.250,2248,4561,2248,22,0.0,0,0.0,0,0.0,0,0.0,0,2248.2,4,0.0,0,0.0,0,0.0,0,0.0,0
2012-11-13T09:19:18.000,2248,4566,2248,20,0.0,0,0.0,0,0.0,0,0.0,0,2248.2,3,0.0,0,0.0,0,0.0,0,0.0,0
2012-11-13T09:19:18.500,2248.4,4577,2248.2,12,0.0,0,0.0,0,0.0,0,0.0,0,2248.4,25,0.0,0,0.0,0,0.0,0,0.0,0
2012-11-13T09:19:19.000,2248.2,4580,2248.2,9,0.0,0,0.0,0,0.0,0,0.0,0,2248.4,25,0.0,0,0.0,0,0.0,0,0.0,0
2012-11-13T09:19:19.500,2248.4,4587,2248.2,3,0.0,0,0.0,0,0.0,0,0.0,0,2248.4,21,0.0,0,0.0,0,0.0,0,0.0,0
2012-11-13T09:19:20.000,2248.4,4601,2248.2,11,0.0,0,0.0,0,0.0,0,0.0,0,2248.4,9,0.0,0,0.0,0,0.0,0,0.0,0
2012-11-13T09:19:20.500,2248.4,4613,2248.2,11,0.0,0,0.0,0,0.0,0,0.0,0,2248.6,19,0.0,0,0.0,0,0.0,0,0.0,0
2012-11-13T09:19:21.000,2248.6,4614,2248.4,2,0.0,0,0.0,0,0.0,0,0.0,0,2248.6,18,0.0,0,0.0,0,0.0,0,0.0,0
2012-11-13T09:19:21.500,2248.8,4634,2248.6,15,0.0,0,0.0,0,0.0,0,0.0,0,2248.8,39,0.0,0,0.0,0,0.0,0,0.0,0
2012-11-13T09:19:22.000,2248.8,4650,2248.6,13,0.0,0,0.0,0,0.0,0,0.0,0,2248.8,37,0.0,0,0.0,0,0.0,0,0.0,0
2012-11-13T09:19:22.500,2248.6,4653,2248.6,10,0.0,0,0.0,0,0.0,0,0.0,0,2248.8,48,0.0,0,0.0,0,0.0,0,0.0,0
2012-11-13T09:19:23.250,2248.4,4667,2248.4,1,0.0,0,0.0,0,0.0,0,0.0,0,2248.8,48,0.0,0,0.0,0,0.0,0,0.0,0
2012-11-13T09:19:24.250,2248.2,4672,2248.2,18,0.0,0,0.0,0,0.0,0,0.0,0,2248.6,21,0.0,0,0.0,0,0.0,0,0.0,0
2012-11-13T09:19:25.250,2248.2,4676,2248.2,18,0.0,0,0.0,0,0.0,0,0.0,0,2248.6,25,0.0,0,0.0,0,0.0,0,0.0,0
2012-11-13T09:19:26.250,2248.2,4691,2248.2,4,0.0,0,0.0,0,0.0,0,0.0,0,2248.4,5,0.0,0,0.0,0,0.0,0,0.0,0
2012-11-13T09:19:27.000,2248.2,4693,2248.2,2,0.0,0,0.0,0,0.0,0,0.0,0,2248.4,8,0.0,0,0.0,0,0.0,0,0.0,0
2012-11-13T09:19:27.500,2248,4700,2248.2,1,0.0,0,0.0,0,0.0,0,0.0,0,2248.4,6,0.0,0,0.0,0,0.0,0,0.0,0
2012-11-13T09:19:28.250,2248.2,4701,2248.2,1,0.0,0,0.0,0,0.0,0,0.0,0,2248.4,9,0.0,0,0.0,0,0.0,0,0.0,0
2012-11-13T09:19:29.250,2248.4,4706,2248.2,2,0.0,0,0.0,0,0.0,0,0.0,0,2248.4,5,0.0,0,0.0,0,0.0,0,0.0,0
2012-11-13T09:19:30.250,2248.4,4709,2248,32,0.0,0,0.0,0,0.0,0,0.0,0,2248.4,4,0.0,0,0.0,0,0.0,0,0.0,0
2012-11-13T09:19:32.000,2248.2,4710,2248.2,1,0.0,0,0.0,0,0.0,0,0.0,0,2248.4,15,0.0,0,0.0,0,0.0,0,0.0,0
2012-11-13T09:19:32.500,2248.2,4711,2248,37,0.0,0,0.0,0,0.0,0,0.0,0,2248.2,14,0.0,0,0.0,0,0.0,0,0.0,0
2012-11-13T09:19:33.000,2248.2,4712,2248,37,0.0,0,0.0,0,0.0,0,0.0,0,2248.2,26,0.0,0,0.0,0,0.0,0,0.0,0
2012-11-13T09:19:33.500,2248,4740,2248,10,0.0,0,0.0,0,0.0,0,0.0,0,2248.2,25,0.0,0,0.0,0,0.0,0,0.0,0
2012-11-13T09:19:34.000,2248,4754,2248,4,0.0,0,0.0,0,0.0,0,0.0,0,2248.2,24,0.0,0,0.0,0,0.0,0,0.0,0
2012-11-13T09:19:34.500,2248,4759,2247.8,101,0.0,0,0.0,0,0.0,0,0.0,0,2248,4,0.0,0,0.0,0,0.0,0,0.0,0
2012-11-13T09:19:35.000,2247.8,4763,2247.8,109,0.0,0,0.0,0,0.0,0,0.0,0,2248,6,0.0,0,0.0,0,0.0,0,0.0,0
2012-11-13T09:19:35.500,2247.8,4791,2247.8,82,0.0,0,0.0,0,0.0,0,0.0,0,2248,6,0.0,0,0.0,0,0.0,0,0.0,0
2012-11-13T09:19:36.000,2247.8,4810,2247.8,68,0.0,0,0.0,0,0.0,0,0.0,0,2248,3,0.0,0,0.0,0,0.0,0,0.0,0
2012-11-13T09:19:36.500,2247.8,4836,2247.8,63,0.0,0,0.0,0,0.0,0,0.0,0,2248.2,5,0.0,0,0.0,0,0.0,0,0.0,0
2012-11-13T09:19:37.000,2248,4845,2248,3,0.0,0,0.0,0,0.0,0,0.0,0,2248.2,1,0.0,0,0.0,0,0.0,0,0.0,0
2012-11-13T09:19:37.500,2247.8,4849,2247.8,62,0.0,0,0.0,0,0.0,0,0.0,0,2248,4,0.0,0,0.0,0,0.0,0,0.0,0
2012-11-13T09:19:38.250,2247.8,4854,2247.8,61,0.0,0,0.0,0,0.0,0,0.0,0,2248,3,0.0,0,0.0,0,0.0,0,0.0,0
2012-11-13T09:19:39.000,2247.8,4861,2247.8,56,0.0,0,0.0,0,0.0,0,0.0,0,2248,1,0.0,0,0.0,0,0.0,0,0.0,0
2012-11-13T09:19:39.500,2248,4865,2247.8,57,0.0,0,0.0,0,0.0,0,0.0,0,2248.2,4,0.0,0,0.0,0,0.0,0,0.0,0
2012-11-13T09:19:40.000,2247.8,4867,2247.8,55,0.0,0,0.0,0,0.0,0,0.0,0,2248.2,4,0.0,0,0.0,0,0.0,0,0.0,0
2012-11-13T09:19:40.500,2247.8,4871,2248,6,0.0,0,0.0,0,0.0,0,0.0,0,2248.2,4,0.0,0,0.0,0,0.0,0,0.0,0
2012-11-13T09:19:41.000,2247.8,4874,2248,4,0.0,0,0.0,0,0.0,0,0.0,0,2248.2,4,0.0,0,0.0,0,0.0,0,0.0,0
2012-11-13T09:19:41.500,2248,4881,2248,42,0.0,0,0.0,0,0.0,0,0.0,0,2248.2,5,0.0,0,0.0,0,0.0,0,0.0,0
2012-11-13T09:19:42.250,2248.2,4890,2248.2,26,0.0,0,0.0,0,0.0,0,0.0,0,2248.4,21,0.0,0,0.0,0,0.0,0,0.0,0
2012-11-13T09:19:43.000,2248.2,4891,2248.2,28,0.0,0,0.0,0,0.0,0,0.0,0,2248.4,20,0.0,0,0.0,0,0.0,0,0.0,0
2012-11-13T09:19:43.500,2248.2,4899,2248.2,21,0.0,0,0.0,0,0.0,0,0.0,0,2248.4,9,0.0,0,0.0,0,0.0,0,0.0,0
2012-11-13T09:19:44.000,2248.4,4915,2248.4,1,0.0,0,0.0,0,0.0,0,0.0,0,2248.6,17,0.0,0,0.0,0,0.0,0,0.0,0
2012-11-13T09:19:44.500,2248.2,4917,2248.2,15,0.0,0,0.0,0,0.0,0,0.0,0,2248.4,2,0.0,0,0.0,0,0.0,0,0.0,0
2012-11-13T09:19:45.000,2248.4,4922,2248.2,11,0.0,0,0.0,0,0.0,0,0.0,0,2248.4,2,0.0,0,0.0,0,0.0,0,0.0,0
2012-11-13T09:19:45.500,2248.4,4924,2248.2,12,0.0,0,0.0,0,0.0,0,0.0,0,2248.4,6,0.0,0,0.0,0,0.0,0,0.0,0
2012-11-13T09:19:46.000,2248.2,4934,2248.2,5,0.0,0,0.0,0,0.0,0,0.0,0,2248.4,3,0.0,0,0.0,0,0.0,0,0.0,0
2012-11-13T09:19:46.500,2248.4,4942,2248.4,21,0.0,0,0.0,0,0.0,0,0.0,0,2248.6,40,0.0,0,0.0,0,0.0,0,0.0,0
2012-11-13T09:19:47.250,2248.4,4949,2248.4,14,0.0,0,0.0,0,0.0,0,0.0,0,2248.6,41,0.0,0,0.0,0,0.0,0,0.0,0
2012-11-13T09:19:48.000,2248.4,4951,2248.4,15,0.0,0,0.0,0,0.0,0,0.0,0,2248.6,45,0.0,0,0.0,0,0.0,0,0.0,0
2012-11-13T09:19:48.500,2248.4,4957,2248.4,10,0.0,0,0.0,0,0.0,0,0.0,0,2248.6,46,0.0,0,0.0,0,0.0,0,0.0,0
2012-11-13T09:19:49.000,2248.4,4962,2248.4,6,0.0,0,0.0,0,0.0,0,0.0,0,2248.6,46,0.0,0,0.0,0,0.0,0,0.0,0
2012-11-13T09:19:49.500,2248.4,4963,2248.4,6,0.0,0,0.0,0,0.0,0,0.0,0,2248.6,46,0.0,0,0.0,0,0.0,0,0.0,0
2012-11-13T09:19:50.250,2248.4,4966,2248.4,4,0.0,0,0.0,0,0.0,0,0.0,0,2248.6,46,0.0,0,0.0,0,0.0,0,0.0,0
2012-11-13T09:19:51.250,2248.4,4971,2248.2,20,0.0,0,0.0,0,0.0,0,0.0,0,2248.6,46,0.0,0,0.0,0,0.0,0,0.0,0
2012-11-13T09:19:52.250,2248.4,4973,2248.2,19,0.0,0,0.0,0,0.0,0,0.0,0,2248.4,11,0.0,0,0.0,0,0.0,0,0.0,0
2012-11-13T09:19:53.250,2248.4,4976,2248.2,14,0.0,0,0.0,0,0.0,0,0.0,0,2248.4,15,0.0,0,0.0,0,0.0,0,0.0,0
2012-11-13T09:19:54.000,2248.4,4978,2248.2,14,0.0,0,0.0,0,0.0,0,0.0,0,2248.4,16,0.0,0,0.0,0,0.0,0,0.0,0
2012-11-13T09:19:54.500,2248.2,4979,2248.2,20,0.0,0,0.0,0,0.0,0,0.0,0,2248.4,17,0.0,0,0.0,0,0.0,0,0.0,0
2012-11-13T09:19:55.250,2248.4,4980,2248.2,25,0.0,0,0.0,0,0.0,0,0.0,0,2248.4,16,0.0,0,0.0,0,0.0,0,0.0,0
2012-11-13T09:19:56.000,2248.4,4981,2248.2,27,0.0,0,0.0,0,0.0,0,0.0,0,2248.4,15,0.0,0,0.0,0,0.0,0,0.0,0
2012-11-13T09:19:56.500,2248.4,4982,2248.2,27,0.0,0,0.0,0,0.0,0,0.0,0,2248.4,14,0.0,0,0.0,0,0.0,0,0.0,0
2012-11-13T09:19:57.000,2248.6,5012,2248.2,28,0.0,0,0.0,0,0.0,0,0.0,0,2248.6,36,0.0,0,0.0,0,0.0,0,0.0,0
2012-11-13T09:19:57.500,2248.4,5024,2248.4,20,0.0,0,0.0,0,0.0,0,0.0,0,2248.6,27,0.0,0,0.0,0,0.0,0,0.0,0
2012-11-13T09:19:58.000,2248.4,5030,2248.4,20,0.0,0,0.0,0,0.0,0,0.0,0,2248.6,23,0.0,0,0.0,0,0.0,0,0.0,0
2012-11-13T09:19:58.500,2248.8,5060,2248.4,22,0.0,0,0.0,0,0.0,0,0.0,0,2248.8,35,0.0,0,0.0,0,0.0,0,0.0,0
2012-11-13T09:19:59.000,2248.4,5071,2248.6,1,0.0,0,0.0,0,0.0,0,0.0,0,2248.8,35,0.0,0,0.0,0,0.0,0,0.0,0
2012-11-13T09:19:59.500,2248.8,5072,2248.6,2,0.0,0,0.0,0,0.0,0,0.0,0,2248.8,34,0.0,0,0.0,0,0.0,0,0.0,0
2012-11-13T09:20:00.000,2248.6,5075,2248.6,2,0.0,0,0.0,0,0.0,0,0.0,0,2248.8,32,0.0,0,0.0,0,0.0,0,0.0,0
2012-11-13T09:20:00.500,2248.4,5093,2248.4,5,0.0,0,0.0,0,0.0,0,0.0,0,2248.8,30,0.0,0,0.0,0,0.0,0,0.0,0
2012-11-13T09:20:01.250,2248.4,5106,2248.2,32,0.0,0,0.0,0,0.0,0,0.0,0,2248.4,4,0.0,0,0.0,0,0.0,0,0.0,0
2012-11-13T09:20:02.000,2248.4,5107,2248.2,34,0.0,0,0.0,0,0.0,0,0.0,0,2248.4,10,0.0,0,0.0,0,0.0,0,0.0,0
2012-11-13T09:20:02.500,2248.4,5146,2248.2,1,0.0,0,0.0,0,0.0,0,0.0,0,2248.4,4,0.0,0,0.0,0,0.0,0,0.0,0
2012-11-13T09:20:03.250,2248.4,5153,2248,58,0.0,0,0.0,0,0.0,0,0.0,0,2248.4,3,0.0,0,0.0,0,0.0,0,0.0,0
2012-11-13T09:20:04.250,2248.2,5155,2248.2,4,0.0,0,0.0,0,0.0,0,0.0,0,2248.4,4,0.0,0,0.0,0,0.0,0,0.0,0
2012-11-13T09:20:05.000,2248.4,5160,2248.4,9,0.0,0,0.0,0,0.0,0,0.0,0,2248.6,7,0.0,0,0.0,0,0.0,0,0.0,0
2012-11-13T09:20:05.500,2248.4,5169,2248.2,4,0.0,0,0.0,0,0.0,0,0.0,0,2248.4,1,0.0,0,0.0,0,0.0,0,0.0,0
2012-11-13T09:20:06.000,2248.4,5191,2248.4,4,0.0,0,0.0,0,0.0,0,0.0,0,2248.6,11,0.0,0,0.0,0,0.0,0,0.0,0
2012-11-13T09:20:06.500,2248.6,5192,2248.4,4,0.0,0,0.0,0,0.0,0,0.0,0,2248.6,27,0.0,0,0.0,0,0.0,0,0.0,0
2012-11-13T09:20:07.000,2248.4,5196,2248.4,3,0.0,0,0.0,0,0.0,0,0.0,0,2248.6,26,0.0,0,0.0,0,0.0,0,0.0,0
2012-11-13T09:20:07.500,2248.6,5199,2248.4,2,0.0,0,0.0,0,0.0,0,0.0,0,2248.6,25,0.0,0,0.0,0,0.0,0,0.0,0
2012-11-13T09:20:08.250,2248.4,5201,2248.2,10,0.0,0,0.0,0,0.0,0,0.0,0,2248.4,13,0.0,0,0.0,0,0.0,0,0.0,0
2012-11-13T09:20:09.000,2248.4,5203,2248.2,5,0.0,0,0.0,0,0.0,0,0.0,0,2248.4,11,0.0,0,0.0,0,0.0,0,0.0,0
2012-11-13T09:20:09.500,2248.4,5215,2248.4,9,0.0,0,0.0,0,0.0,0,0.0,0,2248.6,50,0.0,0,0.0,0,0.0,0,0.0,0
2012-11-13T09:20:10.000,2248.6,5217,2248.4,9,0.0,0,0.0,0,0.0,0,0.0,0,2248.6,49,0.0,0,0.0,0,0.0,0,0.0,0
2012-11-13T09:20:10.500,2248.4,5227,2248.4,3,0.0,0,0.0,0,0.0,0,0.0,0,2248.6,46,0.0,0,0.0,0,0.0,0,0.0,0
2012-11-13T09:20:11.000,2248.4,5231,2248.4,2,0.0,0,0.0,0,0.0,0,0.0,0,2248.6,44,0.0,0,0.0,0,0.0,0,0.0,0
2012-11-13T09:20:11.500,2248.6,5237,2248.2,8,0.0,0,0.0,0,0.0,0,0.0,0,2248.6,46,0.0,0,0.0,0,0.0,0,0.0,0
2012-11-13T09:20:12.000,2248.2,5242,2248.4,2,0.0,0,0.0,0,0.0,0,0.0,0,2248.6,46,0.0,0,0.0,0,0.0,0,0.0,0
2012-11-13T09:20:12.500,2248.6,5243,2248.4,2,0.0,0,0.0,0,0.0,0,0.0,0,2248.6,45,0.0,0,0.0,0,0.0,0,0.0,0
2012-11-13T09:20:13.000,2248.6,5249,2248.4,3,0.0,0,0.0,0,0.0,0,0.0,0,2248.6,39,0.0,0,0.0,0,0.0,0,0.0,0
2012-11-13T09:20:13.500,2248.6,5254,2248.4,2,0.0,0,0.0,0,0.0,0,0.0,0,2248.6,35,0.0,0,0.0,0,0.0,0,0.0,0
2012-11-13T09:20:14.000,2248.6,5260,2248.4,2,0.0,0,0.0,0,0.0,0,0.0,0,2248.6,31,0.0,0,0.0,0,0.0,0,0.0,0
2012-11-13T09:20:14.500,2248.4,5264,2248.4,1,0.0,0,0.0,0,0.0,0,0.0,0,2248.6,28,0.0,0,0.0,0,0.0,0,0.0,0
2012-11-13T09:20:15.000,2248.4,5270,2248.4,6,0.0,0,0.0,0,0.0,0,0.0,0,2248.6,23,0.0,0,0.0,0,0.0,0,0.0,0
2012-11-13T09:20:15.500,2248.6,5274,2248.4,8,0.0,0,0.0,0,0.0,0,0.0,0,2248.6,19,0.0,0,0.0,0,0.0,0,0.0,0
2012-11-13T09:20:16.000,2248.4,5289,2248.4,1,0.0,0,0.0,0,0.0,0,0.0,0,2248.6,14,0.0,0,0.0,0,0.0,0,0.0,0
2012-11-13T09:20:16.500,2248.6,5294,2248.4,3,0.0,0,0.0,0,0.0,0,0.0,0,2248.6,14,0.0,0,0.0,0,0.0,0,0.0,0
2012-11-13T09:20:17.000,2248.6,5297,2248.4,2,0.0,0,0.0,0,0.0,0,0.0,0,2248.6,40,0.0,0,0.0,0,0.0,0,0.0,0
2012-11-13T09:20:17.500,2248.6,5301,2248.4,2,0.0,0,0.0,0,0.0,0,0.0,0,2248.6,36,0.0,0,0.0,0,0.0,0,0.0,0
2012-11-13T09:20:18.000,2248.6,5305,2248.4,1,0.0,0,0.0,0,0.0,0,0.0,0,2248.6,32,0.0,0,0.0,0,0.0,0,0.0,0
2012-11-13T09:20:18.500,2248.4,5309,2248.2,17,0.0,0,0.0,0,0.0,0,0.0,0,2248.6,32,0.0,0,0.0,0,0.0,0,0.0,0
2012-11-13T09:20:19.250,2248.4,5311,2248.2,17,0.0,0,0.0,0,0.0,0,0.0,0,2248.6,33,0.0,0,0.0,0,0.0,0,0.0,0
2012-11-13T09:20:20.250,2248.6,5322,2248.2,17,0.0,0,0.0,0,0.0,0,0.0,0,2248.6,23,0.0,0,0.0,0,0.0,0,0.0,0
2012-11-13T09:20:21.250,2248.6,5323,2248.2,17,0.0,0,0.0,0,0.0,0,0.0,0,2248.6,25,0.0,0,0.0,0,0.0,0,0.0,0
2012-11-13T09:20:22.250,2248.6,5329,2248.4,1,0.0,0,0.0,0,0.0,0,0.0,0,2248.6,19,0.0,0,0.0,0,0.0,0,0.0,0
2012-11-13T09:20:23.000,2248.6,5331,2248.4,3,0.0,0,0.0,0,0.0,0,0.0,0,2248.6,17,0.0,0,0.0,0,0.0,0,0.0,0
2012-11-13T09:20:23.500,2248.6,5348,2248.6,3,0.0,0,0.0,0,0.0,0,0.0,0,2248.8,30,0.0,0,0.0,0,0.0,0,0.0,0
2012-11-13T09:20:24.000,2248.6,5349,2248.6,3,0.0,0,0.0,0,0.0,0,0.0,0,2248.8,30,0.0,0,0.0,0,0.0,0,0.0,0
2012-11-13T09:20:24.500,2248.8,5352,2248.6,3,0.0,0,0.0,0,0.0,0,0.0,0,2248.8,29,0.0,0,0.0,0,0.0,0,0.0,0
2012-11-13T09:20:25.000,2248.8,5354,2248.6,2,0.0,0,0.0,0,0.0,0,0.0,0,2248.8,28,0.0,0,0.0,0,0.0,0,0.0,0
2012-11-13T09:20:25.500,2248.4,5360,2248.2,24,0.0,0,0.0,0,0.0,0,0.0,0,2248.8,29,0.0,0,0.0,0,0.0,0,0.0,0
2012-11-13T09:20:26.250,2248.8,5371,2248.2,26,0.0,0,0.0,0,0.0,0,0.0,0,2248.8,28,0.0,0,0.0,0,0.0,0,0.0,0
2012-11-13T09:20:27.000,2248.8,5372,2248.4,3,0.0,0,0.0,0,0.0,0,0.0,0,2248.8,28,0.0,0,0.0,0,0.0,0,0.0,0
2012-11-13T09:20:27.500,2248.8,5373,2248.4,3,0.0,0,0.0,0,0.0,0,0.0,0,2248.6,3,0.0,0,0.0,0,0.0,0,0.0,0
2012-11-13T09:20:28.000,2248.4,5380,2248.2,27,0.0,0,0.0,0,0.0,0,0.0,0,2248.4,15,0.0,0,0.0,0,0.0,0,0.0,0
2012-11-13T09:20:28.500,2248.4,5382,2248.2,27,0.0,0,0.0,0,0.0,0,0.0,0,2248.4,13,0.0,0,0.0,0,0.0,0,0.0,0
2012-11-13T09:20:29.250,2248.4,5389,2248.2,29,0.0,0,0.0,0,0.0,0,0.0,0,2248.4,6,0.0,0,0.0,0,0.0,0,0.0,0
2012-11-13T09:20:30.000,2248.4,5390,2248.2,30,0.0,0,0.0,0,0.0,0,0.0,0,2248.4,7,0.0,0,0.0,0,0.0,0,0.0,0
2012-11-13T09:20:30.500,2248.4,5392,2248.2,30,0.0,0,0.0,0,0.0,0,0.0,0,2248.4,5,0.0,0,0.0,0,0.0,0,0.0,0
2012-11-13T09:20:32.000,2248.4,5395,2248.2,33,0.0,0,0.0,0,0.0,0,0.0,0,2248.4,2,0.0,0,0.0,0,0.0,0,0.0,0
2012-11-13T09:20:32.500,2248.4,5397,2248.4,5,0.0,0,0.0,0,0.0,0,0.0,0,2248.6,1,0.0,0,0.0,0,0.0,0,0.0,0
2012-11-13T09:20:33.250,2248.8,5400,2248.4,6,0.0,0,0.0,0,0.0,0,0.0,0,2248.6,1,0.0,0,0.0,0,0.0,0,0.0,0
2012-11-13T09:20:34.250,2248.4,5401,2248.4,20,0.0,0,0.0,0,0.0,0,0.0,0,2248.6,3,0.0,0,0.0,0,0.0,0,0.0,0
2012-11-13T09:20:35.250,2248.4,5404,2248.4,17,0.0,0,0.0,0,0.0,0,0.0,0,2248.6,3,0.0,0,0.0,0,0.0,0,0.0,0
2012-11-13T09:20:36.250,2248.6,5405,2248.4,18,0.0,0,0.0,0,0.0,0,0.0,0,2248.6,2,0.0,0,0.0,0,0.0,0,0.0,0
2012-11-13T09:20:37.250,2248.6,5406,2248.4,20,0.0,0,0.0,0,0.0,0,0.0,0,2248.6,2,0.0,0,0.0,0,0.0,0,0.0,0
2012-11-13T09:20:39.000,2248.4,5426,2248.4,1,0.0,0,0.0,0,0.0,0,0.0,0,2248.6,18,0.0,0,0.0,0,0.0,0,0.0,0
2012-11-13T09:20:39.500,2248.6,5428,2248.2,30,0.0,0,0.0,0,0.0,0,0.0,0,2248.6,18,0.0,0,0.0,0,0.0,0,0.0,0
2012-11-13T09:20:40.000,2248.6,5431,2248.2,30,0.0,0,0.0,0,0.0,0,0.0,0,2248.6,18,0.0,0,0.0,0,0.0,0,0.0,0
2012-11-13T09:20:40.500,2248.8,5450,2248.2,32,0.0,0,0.0,0,0.0,0,0.0,0,2248.8,31,0.0,0,0.0,0,0.0,0,0.0,0
2012-11-13T09:20:42.250,2248.4,5458,2248.2,38,0.0,0,0.0,0,0.0,0,0.0,0,2248.4,14,0.0,0,0.0,0,0.0,0,0.0,0
2012-11-13T09:20:43.250,2248.4,5463,2248.2,45,0.0,0,0.0,0,0.0,0,0.0,0,2248.4,10,0.0,0,0.0,0,0.0,0,0.0,0
2012-11-13T09:20:44.000,2248.4,5465,2248.2,45,0.0,0,0.0,0,0.0,0,0.0,0,2248.4,8,0.0,0,0.0,0,0.0,0,0.0,0
2012-11-13T09:20:44.500,2248.4,5467,2248.2,46,0.0,0,0.0,0,0.0,0,0.0,0,2248.4,6,0.0,0,0.0,0,0.0,0,0.0,0
2012-11-13T09:20:45.250,2248.4,5470,2248.2,47,0.0,0,0.0,0,0.0,0,0.0,0,2248.4,3,0.0,0,0.0,0,0.0,0,0.0,0
2012-11-13T09:20:46.250,2248.4,5471,2248.2,49,0.0,0,0.0,0,0.0,0,0.0,0,2248.4,2,0.0,0,0.0,0,0.0,0,0.0,0
2012-11-13T09:20:47.250,2248.6,5476,2248.2,51,0.0,0,0.0,0,0.0,0,0.0,0,2248.6,18,0.0,0,0.0,0,0.0,0,0.0,0
2012-11-13T09:20:48.250,2248.2,5526,2248.4,2,0.0,0,0.0,0,0.0,0,0.0,0,2248.6,20,0.0,0,0.0,0,0.0,0,0.0,0
2012-11-13T09:20:49.250,2248.4,5531,2248.2,2,0.0,0,0.0,0,0.0,0,0.0,0,2248.4,15,0.0,0,0.0,0,0.0,0,0.0,0
2012-11-13T09:20:50.250,2248.4,5534,2248.2,2,0.0,0,0.0,0,0.0,0,0.0,0,2248.4,12,0.0,0,0.0,0,0.0,0,0.0,0
2012-11-13T09:20:51.000,2248.4,5535,2248.2,2,0.0,0,0.0,0,0.0,0,0.0,0,2248.4,17,0.0,0,0.0,0,0.0,0,0.0,0
2012-11-13T09:20:51.500,2248.2,5536,2248.2,1,0.0,0,0.0,0,0.0,0,0.0,0,2248.4,17,0.0,0,0.0,0,0.0,0,0.0,0
2012-11-13T09:20:52.250,2248.4,5540,2248.2,5,0.0,0,0.0,0,0.0,0,0.0,0,2248.4,8,0.0,0,0.0,0,0.0,0,0.0,0
2012-11-13T09:20:53.000,2248.4,5547,2248.2,5,0.0,0,0.0,0,0.0,0,0.0,0,2248.4,2,0.0,0,0.0,0,0.0,0,0.0,0
2012-11-13T09:20:53.500,2248.4,5548,2248.2,5,0.0,0,0.0,0,0.0,0,0.0,0,2248.4,1,0.0,0,0.0,0,0.0,0,0.0,0
2012-11-13T09:20:54.250,2248.4,5549,2248.4,1,0.0,0,0.0,0,0.0,0,0.0,0,2248.6,27,0.0,0,0.0,0,0.0,0,0.0,0
2012-11-13T09:20:55.250,2248.6,5553,2248.4,2,0.0,0,0.0,0,0.0,0,0.0,0,2248.6,28,0.0,0,0.0,0,0.0,0,0.0,0
2012-11-13T09:20:56.000,2248.6,5577,2248.2,8,0.0,0,0.0,0,0.0,0,0.0,0,2248.6,8,0.0,0,0.0,0,0.0,0,0.0,0
2012-11-13T09:20:56.500,2248.2,5585,2248,93,0.0,0,0.0,0,0.0,0,0.0,0,2248.2,12,0.0,0,0.0,0,0.0,0,0.0,0
2012-11-13T09:20:57.000,2248.2,5592,2248,93,0.0,0,0.0,0,0.0,0,0.0,0,2248.2,5,0.0,0,0.0,0,0.0,0,0.0,0
2012-11-13T09:20:57.500,2248.4,5599,2248.4,12,0.0,0,0.0,0,0.0,0,0.0,0,2248.6,8,0.0,0,0.0,0,0.0,0,0.0,0
2012-11-13T09:20:58.000,2248.4,5611,2248.2,1,0.0,0,0.0,0,0.0,0,0.0,0,2248.4,42,0.0,0,0.0,0,0.0,0,0.0,0
2012-11-13T09:20:58.500,2248,5614,2248.2,2,0.0,0,0.0,0,0.0,0,0.0,0,2248.4,95,0.0,0,0.0,0,0.0,0,0.0,0
2012-11-13T09:20:59.000,2248.2,5629,2248,81,0.0,0,0.0,0,0.0,0,0.0,0,2248.2,7,0.0,0,0.0,0,0.0,0,0.0,0
2012-11-13T09:20:59.500,2248.2,5632,2248,82,0.0,0,0.0,0,0.0,0,0.0,0,2248.2,10,0.0,0,0.0,0,0.0,0,0.0,0
2012-11-13T09:21:00.000,2248,5633,2248,81,0.0,0,0.0,0,0.0,0,0.0,0,2248.2,37,0.0,0,0.0,0,0.0,0,0.0,0
2012-11-13T09:21:00.500,2248,5640,2248,76,0.0,0,0.0,0,0.0,0,0.0,0,2248.2,35,0.0,0,0.0,0,0.0,0,0.0,0
2012-11-13T09:21:01.000,2248,5644,2248,71,0.0,0,0.0,0,0.0,0,0.0,0,2248.2,36,0.0,0,0.0,0,0.0,0,0.0,0
2012-11-13T09:21:01.500,2248,5659,2248,56,0.0,0,0.0,0,0.0,0,0.0,0,2248.2,31,0.0,0,0.0,0,0.0,0,0.0,0
2012-11-13T09:21:02.000,2248.2,5661,2248,55,0.0,0,0.0,0,0.0,0,0.0,0,2248.2,29,0.0,0,0.0,0,0.0,0,0.0,0
2012-11-13T09:21:02.500,2248.2,5668,2248,49,0.0,0,0.0,0,0.0,0,0.0,0,2248.2,26,0.0,0,0.0,0,0.0,0,0.0,0
2012-11-13T09:21:03.000,2248,5669,2248,47,0.0,0,0.0,0,0.0,0,0.0,0,2248.2,27,0.0,0,0.0,0,0.0,0,0.0,0
2012-11-13T09:21:03.500,2248,5681,2248,36,0.0,0,0.0,0,0.0,0,0.0,0,2248.2,28,0.0,0,0.0,0,0.0,0,0.0,0
2012-11-13T09:21:04.000,2248,5683,2248,34,0.0,0,0.0,0,0.0,0,0.0,0,2248.2,28,0.0,0,0.0,0,0.0,0,0.0,0
2012-11-13T09:21:04.500,2248,5694,2248,23,0.0,0,0.0,0,0.0,0,0.0,0,2248.2,28,0.0,0,0.0,0,0.0,0,0.0,0
2012-11-13T09:21:05.000,2248,5725,2248,7,0.0,0,0.0,0,0.0,0,0.0,0,2248.2,10,0.0,0,0.0,0,0.0,0,0.0,0
2012-11-13T09:21:05.500,2248,5727,2248,6,0.0,0,0.0,0,0.0,0,0.0,0,2248.2,9,0.0,0,0.0,0,0.0,0,0.0,0
2012-11-13T09:21:06.000,2248,5729,2248,4,0.0,0,0.0,0,0.0,0,0.0,0,2248.2,9,0.0,0,0.0,0,0.0,0,0.0,0
2012-11-13T09:21:06.500,2248.2,5730,2248,9,0.0,0,0.0,0,0.0,0,0.0,0,2248.2,8,0.0,0,0.0,0,0.0,0,0.0,0
2012-11-13T09:21:07.000,2248,5731,2248,8,0.0,0,0.0,0,0.0,0,0.0,0,2248.2,10,0.0,0,0.0,0,0.0,0,0.0,0
2012-11-13T09:21:07.500,2248,5753,2248,8,0.0,0,0.0,0,0.0,0,0.0,0,2248.4,106,0.0,0,0.0,0,0.0,0,0.0,0
2012-11-13T09:21:08.000,2248.2,5758,2248,5,0.0,0,0.0,0,0.0,0,0.0,0,2248.2,3,0.0,0,0.0,0,0.0,0,0.0,0
2012-11-13T09:21:08.500,2248,5765,2247.8,104,0.0,0,0.0,0,0.0,0,0.0,0,2248,20,0.0,0,0.0,0,0.0,0,0.0,0
2012-11-13T09:21:09.250,2248,5771,2247.8,104,0.0,0,0.0,0,0.0,0,0.0,0,2248,19,0.0,0,0.0,0,0.0,0,0.0,0
2012-11-13T09:21:10.000,2248,5775,2247.8,99,0.0,0,0.0,0,0.0,0,0.0,0,2248,20,0.0,0,0.0,0,0.0,0,0.0,0
2012-11-13T09:21:10.500,2248,5776,2247.8,101,0.0,0,0.0,0,0.0,0,0.0,0,2248,20,0.0,0,0.0,0,0.0,0,0.0,0
2012-11-13T09:21:11.250,2247.8,5780,2247.8,98,0.0,0,0.0,0,0.0,0,0.0,0,2248,18,0.0,0,0.0,0,0.0,0,0.0,0
2012-11-13T09:21:12.000,2247.8,5789,2247.8,92,0.0,0,0.0,0,0.0,0,0.0,0,2248,21,0.0,0,0.0,0,0.0,0,0.0,0
2012-11-13T09:21:12.500,2247.8,5812,2247.8,72,0.0,0,0.0,0,0.0,0,0.0,0,2248,20,0.0,0,0.0,0,0.0,0,0.0,0
2012-11-13T09:21:13.000,2248,5818,2247.8,73,0.0,0,0.0,0,0.0,0,0.0,0,2248,16,0.0,0,0.0,0,0.0,0,0.0,0
2012-11-13T09:21:13.500,2247.8,5832,2247.8,61,0.0,0,0.0,0,0.0,0,0.0,0,2248,19,0.0,0,0.0,0,0.0,0,0.0,0
2012-11-13T09:21:14.000,2248,5840,2247.8,58,0.0,0,0.0,0,0.0,0,0.0,0,2248,14,0.0,0,0.0,0,0.0,0,0.0,0
2012-11-13T09:21:14.500,2247.8,5850,2247.8,47,0.0,0,0.0,0,0.0,0,0.0,0,2248,14,0.0,0,0.0,0,0.0,0,0.0,0
2012-11-13T09:21:15.000,2247.8,5858,2247.8,40,0.0,0,0.0,0,0.0,0,0.0,0,2248,15,0.0,0,0.0,0,0.0,0,0.0,0
2012-11-13T09:21:15.500,2247.8,5859,2247.8,49,0.0,0,0.0,0,0.0,0,0.0,0,2248,16,0.0,0,0.0,0,0.0,0,0.0,0
2012-11-13T09:21:16.000,2247.8,5865,2247.8,48,0.0,0,0.0,0,0.0,0,0.0,0,2248,27,0.0,0,0.0,0,0.0,0,0.0,0
2012-11-13T09:21:16.500,2247.8,5869,2247.8,44,0.0,0,0.0,0,0.0,0,0.0,0,2248,29,0.0,0,0.0,0,0.0,0,0.0,0
2012-11-13T09:21:17.000,2247.8,5873,2247.8,41,0.0,0,0.0,0,0.0,0,0.0,0,2248,35,0.0,0,0.0,0,0.0,0,0.0,0
2012-11-13T09:21:17.500,2247.8,5892,2247.8,27,0.0,0,0.0,0,0.0,0,0.0,0,2248,36,0.0,0,0.0,0,0.0,0,0.0,0
2012-11-13T09:21:18.000,2247.8,5906,2247.8,13,0.0,0,0.0,0,0.0,0,0.0,0,2248,37,0.0,0,0.0,0,0.0,0,0.0,0
2012-11-13T09:21:18.500,2247.8,5919,2247.6,74,0.0,0,0.0,0,0.0,0,0.0,0,2248,38,0.0,0,0.0,0,0.0,0,0.0,0
2012-11-13T09:21:19.000,2248,5926,2247.6,74,0.0,0,0.0,0,0.0,0,0.0,0,2248,33,0.0,0,0.0,0,0.0,0,0.0,0
2012-11-13T09:21:19.500,2247.6,5950,2247.6,50,0.0,0,0.0,0,0.0,0,0.0,0,2247.8,22,0.0,0,0.0,0,0.0,0,0.0,0
2012-11-13T09:21:20.000,2247.6,5961,2247.6,43,0.0,0,0.0,0,0.0,0,0.0,0,2247.8,24,0.0,0,0.0,0,0.0,0,0.0,0
2012-11-13T09:21:20.500,2247.6,5974,2247.6,32,0.0,0,0.0,0,0.0,0,0.0,0,2247.8,25,0.0,0,0.0,0,0.0,0,0.0,0
2012-11-13T09:21:21.000,2247.6,5982,2247.6,25,0.0,0,0.0,0,0.0,0,0.0,0,2247.8,25,0.0,0,0.0,0,0.0,0,0.0,0
2012-11-13T09:21:21.500,2247.6,5990,2247.6,26,0.0,0,0.0,0,0.0,0,0.0,0,2247.8,25,0.0,0,0.0,0,0.0,0,0.0,0
2012-11-13T09:21:22.000,2247.6,5991,2247.6,25,0.0,0,0.0,0,0.0,0,0.0,0,2247.8,25,0.0,0,0.0,0,0.0,0,0.0,0
2012-11-13T09:21:22.500,2247.8,5996,2247.6,32,0.0,0,0.0,0,0.0,0,0.0,0,2247.8,24,0.0,0,0.0,0,0.0,0,0.0,0
2012-11-13T09:21:23.000,2247.6,6030,2247.6,5,0.0,0,0.0,0,0.0,0,0.0,0,2247.8,15,0.0,0,0.0,0,0.0,0,0.0,0
2012-11-13T09:21:23.500,2247.6,6036,2247.6,18,0.0,0,0.0,0,0.0,0,0.0,0,2247.8,16,0.0,0,0.0,0,0.0,0,0.0,0
2012-11-13T09:21:24.000,2247.6,6042,2247.6,34,0.0,0,0.0,0,0.0,0,0.0,0,2247.8,22,0.0,0,0.0,0,0.0,0,0.0,0
2012-11-13T09:21:24.500,2247.6,6044,2247.6,35,0.0,0,0.0,0,0.0,0,0.0,0,2247.8,22,0.0,0,0.0,0,0.0,0,0.0,0
2012-11-13T09:21:25.000,2247.8,6047,2247.6,41,0.0,0,0.0,0,0.0,0,0.0,0,2247.8,21,0.0,0,0.0,0,0.0,0,0.0,0
2012-11-13T09:21:25.500,2247.6,6062,2247.6,35,0.0,0,0.0,0,0.0,0,0.0,0,2247.8,16,0.0,0,0.0,0,0.0,0,0.0,0
2012-11-13T09:21:26.000,2247.6,6063,2247.6,35,0.0,0,0.0,0,0.0,0,0.0,0,2247.8,17,0.0,0,0.0,0,0.0,0,0.0,0
2012-11-13T09:21:26.500,2247.8,6080,2247.8,4,0.0,0,0.0,0,0.0,0,0.0,0,2248,63,0.0,0,0.0,0,0.0,0,0.0,0
2012-11-13T09:21:27.000,2248,6084,2247.8,5,0.0,0,0.0,0,0.0,0,0.0,0,2248,61,0.0,0,0.0,0,0.0,0,0.0,0
2012-11-13T09:21:27.500,2247.8,6092,2247.8,2,0.0,0,0.0,0,0.0,0,0.0,0,2248,61,0.0,0,0.0,0,0.0,0,0.0,0
2012-11-13T09:21:28.000,2247.8,6094,2247.6,72,0.0,0,0.0,0,0.0,0,0.0,0,2248,61,0.0,0,0.0,0,0.0,0,0.0,0
2012-11-13T09:21:28.500,2247.8,6097,2247.6,75,0.0,0,0.0,0,0.0,0,0.0,0,2248,60,0.0,0,0.0,0,0.0,0,0.0,0
2012-11-13T09:21:29.000,2247.8,6117,2247.8,9,0.0,0,0.0,0,0.0,0,0.0,0,2248,44,0.0,0,0.0,0,0.0,0,0.0,0
2012-11-13T09:21:29.500,2247.8,6125,2247.8,3,0.0,0,0.0,0,0.0,0,0.0,0,2248,44,0.0,0,0.0,0,0.0,0,0.0,0
2012-11-13T09:21:30.250,2247.8,6129,2247.8,9,0.0,0,0.0,0,0.0,0,0.0,0,2248,46,0.0,0,0.0,0,0.0,0,0.0,0
2012-11-13T09:21:31.000,2247.8,6134,2247.8,5,0.0,0,0.0,0,0.0,0,0.0,0,2248,52,0.0,0,0.0,0,0.0,0,0.0,0
2012-11-13T09:21:31.500,2247.8,6149,2247.6,67,0.0,0,0.0,0,0.0,0,0.0,0,2248,51,0.0,0,0.0,0,0.0,0,0.0,0
2012-11-13T09:21:32.000,2247.8,6151,2247.6,69,0.0,0,0.0,0,0.0,0,0.0,0,2247.8,4,0.0,0,0.0,0,0.0,0,0.0,0
2012-11-13T09:21:32.500,2247.8,6152,2247.6,69,0.0,0,0.0,0,0.0,0,0.0,0,2247.8,3,0.0,0,0.0,0,0.0,0,0.0,0
2012-11-13T09:21:33.250,2247.8,6155,2247.6,71,0.0,0,0.0,0,0.0,0,0.0,0,2247.8,1,0.0,0,0.0,0,0.0,0,0.0,0
2012-11-13T09:21:34.250,2247.8,6156,2247.6,72,0.0,0,0.0,0,0.0,0,0.0,0,2248,55,0.0,0,0.0,0,0.0,0,0.0,0
2012-11-13T09:21:35.250,2247.6,6162,2247.6,73,0.0,0,0.0,0,0.0,0,0.0,0,2248,66,0.0,0,0.0,0,0.0,0,0.0,0
2012-11-13T09:21:36.250,2247.6,6164,2247.6,72,0.0,0,0.0,0,0.0,0,0.0,0,2247.8,9,0.0,0,0.0,0,0.0,0,0.0,0
2012-11-13T09:21:37.250,2247.8,6166,2247.6,75,0.0,0,0.0,0,0.0,0,0.0,0,2247.8,7,0.0,0,0.0,0,0.0,0,0.0,0
2012-11-13T09:21:38.000,2247.8,6169,2247.6,66,0.0,0,0.0,0,0.0,0,0.0,0,2247.8,5,0.0,0,0.0,0,0.0,0,0.0,0
2012-11-13T09:21:38.500,2247.6,6174,2247.6,92,0.0,0,0.0,0,0.0,0,0.0,0,2247.8,3,0.0,0,0.0,0,0.0,0,0.0,0
2012-11-13T09:21:39.250,2247.6,6176,2247.6,62,0.0,0,0.0,0,0.0,0,0.0,0,2247.8,6,0.0,0,0.0,0,0.0,0,0.0,0
2012-11-13T09:21:40.000,2247.8,6177,2247.6,62,0.0,0,0.0,0,0.0,0,0.0,0,2247.8,5,0.0,0,0.0,0,0.0,0,0.0,0
2012-11-13T09:21:40.500,2247.6,6184,2247.6,58,0.0,0,0.0,0,0.0,0,0.0,0,2247.8,14,0.0,0,0.0,0,0.0,0,0.0,0
2012-11-13T09:21:41.000,2247.8,6186,2247.6,58,0.0,0,0.0,0,0.0,0,0.0,0,2247.8,14,0.0,0,0.0,0,0.0,0,0.0,0
2012-11-13T09:21:41.500,2247.8,6187,2247.6,87,0.0,0,0.0,0,0.0,0,0.0,0,2247.8,13,0.0,0,0.0,0,0.0,0,0.0,0
2012-11-13T09:21:42.000,2247.6,6188,2247.6,58,0.0,0,0.0,0,0.0,0,0.0,0,2247.8,13,0.0,0,0.0,0,0.0,0,0.0,0
2012-11-13T09:21:42.500,2247.6,6189,2247.6,57,0.0,0,0.0,0,0.0,0,0.0,0,2247.8,14,0.0,0,0.0,0,0.0,0,0.0,0
2012-11-13T09:21:43.000,2247.8,6194,2247.6,85,0.0,0,0.0,0,0.0,0,0.0,0,2247.8,12,0.0,0,0.0,0,0.0,0,0.0,0
2012-11-13T09:21:43.500,2247.6,6197,2247.6,84,0.0,0,0.0,0,0.0,0,0.0,0,2247.8,13,0.0,0,0.0,0,0.0,0,0.0,0
2012-11-13T09:21:44.000,2247.6,6198,2247.6,83,0.0,0,0.0,0,0.0,0,0.0,0,2247.8,13,0.0,0,0.0,0,0.0,0,0.0,0
2012-11-13T09:21:44.500,2247.8,6199,2247.6,83,0.0,0,0.0,0,0.0,0,0.0,0,2247.8,12,0.0,0,0.0,0,0.0,0,0.0,0
2012-11-13T09:21:45.250,2247.6,6203,2247.6,80,0.0,0,0.0,0,0.0,0,0.0,0,2247.8,12,0.0,0,0.0,0,0.0,0,0.0,0
2012-11-13T09:21:46.000,2247.6,6211,2247.6,75,0.0,0,0.0,0,0.0,0,0.0,0,2247.8,10,0.0,0,0.0,0,0.0,0,0.0,0
2012-11-13T09:21:46.500,2247.8,6217,2247.6,70,0.0,0,0.0,0,0.0,0,0.0,0,2247.8,10,0.0,0,0.0,0,0.0,0,0.0,0
2012-11-13T09:21:47.250,2247.8,6230,2247.8,9,0.0,0,0.0,0,0.0,0,0.0,0,2248,78,0.0,0,0.0,0,0.0,0,0.0,0
2012-11-13T09:21:48.000,2247.8,6233,2247.8,7,0.0,0,0.0,0,0.0,0,0.0,0,2248,78,0.0,0,0.0,0,0.0,0,0.0,0
2012-11-13T09:21:48.500,2247.8,6235,2247.8,15,0.0,0,0.0,0,0.0,0,0.0,0,2248,78,0.0,0,0.0,0,0.0,0,0.0,0
2012-11-13T09:21:49.250,2247.6,6287,2247.6,25,0.0,0,0.0,0,0.0,0,0.0,0,2248,78,0.0,0,0.0,0,0.0,0,0.0,0
2012-11-13T09:21:50.000,2247.8,6288,2247.8,4,0.0,0,0.0,0,0.0,0,0.0,0,2248,78,0.0,0,0.0,0,0.0,0,0.0,0
2012-11-13T09:21:50.500,2247.8,6291,2247.8,2,0.0,0,0.0,0,0.0,0,0.0,0,2248,78,0.0,0,0.0,0,0.0,0,0.0,0
2012-11-13T09:21:51.250,2247.8,6299,2247.8,3,0.0,0,0.0,0,0.0,0,0.0,0,2248,79,0.0,0,0.0,0,0.0,0,0.0,0
2012-11-13T09:21:52.000,2247.8,6310,2247.6,21,0.0,0,0.0,0,0.0,0,0.0,0,2247.8,1,0.0,0,0.0,0,0.0,0,0.0,0
2012-11-13T09:21:52.500,2247.8,6311,2247.6,21,0.0,0,0.0,0,0.0,0,0.0,0,2247.8,4,0.0,0,0.0,0,0.0,0,0.0,0
2012-11-13T09:21:53.000,2247.6,6313,2247.6,19,0.0,0,0.0,0,0.0,0,0.0,0,2247.8,4,0.0,0,0.0,0,0.0,0,0.0,0
2012-11-13T09:21:53.500,2247.8,6319,2247.6,33,0.0,0,0.0,0,0.0,0,0.0,0,2248,78,0.0,0,0.0,0,0.0,0,0.0,0
2012-11-13T09:21:54.250,2248,6320,2247.8,3,0.0,0,0.0,0,0.0,0,0.0,0,2248,78,0.0,0,0.0,0,0.0,0,0.0,0
2012-11-13T09:21:55.250,2247.8,6325,2247.6,35,0.0,0,0.0,0,0.0,0,0.0,0,2248,77,0.0,0,0.0,0,0.0,0,0.0,0
2012-11-13T09:21:57.000,2247.6,6337,2247.6,40,0.0,0,0.0,0,0.0,0,0.0,0,2247.8,15,0.0,0,0.0,0,0.0,0,0.0,0
2012-11-13T09:21:57.500,2247.8,6344,2247.6,55,0.0,0,0.0,0,0.0,0,0.0,0,2247.8,9,0.0,0,0.0,0,0.0,0,0.0,0
2012-11-13T09:21:58.250,2247.8,6345,2247.6,57,0.0,0,0.0,0,0.0,0,0.0,0,2247.8,10,0.0,0,0.0,0,0.0,0,0.0,0
2012-11-13T09:22:00.000,2247.6,6365,2247.6,45,0.0,0,0.0,0,0.0,0,0.0,0,2247.8,11,0.0,0,0.0,0,0.0,0,0.0,0
2012-11-13T09:22:00.500,2247.6,6378,2247.6,33,0.0,0,0.0,0,0.0,0,0.0,0,2247.8,11,0.0,0,0.0,0,0.0,0,0.0,0
2012-11-13T09:22:01.000,2247.8,6403,2247.8,33,0.0,0,0.0,0,0.0,0,0.0,0,2248,70,0.0,0,0.0,0,0.0,0,0.0,0
2012-11-13T09:22:01.500,2247.8,6414,2247.8,22,0.0,0,0.0,0,0.0,0,0.0,0,2248,71,0.0,0,0.0,0,0.0,0,0.0,0
2012-11-13T09:22:02.000,2247.8,6430,2247.8,9,0.0,0,0.0,0,0.0,0,0.0,0,2248,70,0.0,0,0.0,0,0.0,0,0.0,0
2012-11-13T09:22:02.500,2247.8,6435,2247.8,9,0.0,0,0.0,0,0.0,0,0.0,0,2248,71,0.0,0,0.0,0,0.0,0,0.0,0
2012-11-13T09:22:03.250,2247.8,6440,2247.8,5,0.0,0,0.0,0,0.0,0,0.0,0,2248,71,0.0,0,0.0,0,0.0,0,0.0,0
2012-11-13T09:22:04.000,2247.8,6442,2247.6,34,0.0,0,0.0,0,0.0,0,0.0,0,2247.8,1,0.0,0,0.0,0,0.0,0,0.0,0
2012-11-13T09:22:04.500,2247.6,6456,2247.8,11,0.0,0,0.0,0,0.0,0,0.0,0,2248,60,0.0,0,0.0,0,0.0,0,0.0,0
2012-11-13T09:22:05.250,2247.8,6459,2247.8,14,0.0,0,0.0,0,0.0,0,0.0,0,2248,59,0.0,0,0.0,0,0.0,0,0.0,0
2012-11-13T09:22:06.250,2247.8,6460,2247.8,14,0.0,0,0.0,0,0.0,0,0.0,0,2248,59,0.0,0,0.0,0,0.0,0,0.0,0
2012-11-13T09:22:07.000,2248,6462,2247.8,26,0.0,0,0.0,0,0.0,0,0.0,0,2248,60,0.0,0,0.0,0,0.0,0,0.0,0
2012-11-13T09:22:07.500,2248,6464,2247.8,28,0.0,0,0.0,0,0.0,0,0.0,0,2248,57,0.0,0,0.0,0,0.0,0,0.0,0
2012-11-13T09:22:08.250,2248,6469,2247.8,31,0.0,0,0.0,0,0.0,0,0.0,0,2248,54,0.0,0,0.0,0,0.0,0,0.0,0
2012-11-13T09:22:09.000,2248,6470,2247.8,33,0.0,0,0.0,0,0.0,0,0.0,0,2248,55,0.0,0,0.0,0,0.0,0,0.0,0
2012-11-13T09:22:09.500,2247.8,6471,2247.8,32,0.0,0,0.0,0,0.0,0,0.0,0,2248,54,0.0,0,0.0,0,0.0,0,0.0,0
2012-11-13T09:22:10.000,2248,6473,2247.8,26,0.0,0,0.0,0,0.0,0,0.0,0,2248,56,0.0,0,0.0,0,0.0,0,0.0,0
2012-11-13T09:22:10.500,2247.8,6477,2247.8,23,0.0,0,0.0,0,0.0,0,0.0,0,2248,55,0.0,0,0.0,0,0.0,0,0.0,0
2012-11-13T09:22:11.000,2248,6493,2247.8,9,0.0,0,0.0,0,0.0,0,0.0,0,2248,53,0.0,0,0.0,0,0.0,0,0.0,0
2012-11-13T09:22:11.500,2248,6500,2247.8,13,0.0,0,0.0,0,0.0,0,0.0,0,2248,47,0.0,0,0.0,0,0.0,0,0.0,0
2012-11-13T09:22:12.000,2248,6502,2247.8,13,0.0,0,0.0,0,0.0,0,0.0,0,2248,45,0.0,0,0.0,0,0.0,0,0.0,0
2012-11-13T09:22:12.500,2247.8,6507,2247.8,8,0.0,0,0.0,0,0.0,0,0.0,0,2248,44,0.0,0,0.0,0,0.0,0,0.0,0
2012-11-13T09:22:13.000,2248,6510,2247.8,8,0.0,0,0.0,0,0.0,0,0.0,0,2248,41,0.0,0,0.0,0,0.0,0,0.0,0
2012-11-13T09:22:13.500,2247.8,6516,2247.8,9,0.0,0,0.0,0,0.0,0,0.0,0,2248,36,0.0,0,0.0,0,0.0,0,0.0,0
2012-11-13T09:22:14.000,2248,6526,2247.8,11,0.0,0,0.0,0,0.0,0,0.0,0,2248,26,0.0,0,0.0,0,0.0,0,0.0,0
2012-11-13T09:22:14.500,2247.8,6529,2247.8,9,0.0,0,0.0,0,0.0,0,0.0,0,2248,26,0.0,0,0.0,0,0.0,0,0.0,0
2012-11-13T09:22:15.250,2248,6563,2248,6,0.0,0,0.0,0,0.0,0,0.0,0,2248.2,24,0.0,0,0.0,0,0.0,0,0.0,0
2012-11-13T09:22:16.000,2248,6570,2247.8,14,0.0,0,0.0,0,0.0,0,0.0,0,2248.2,26,0.0,0,0.0,0,0.0,0,0.0,0
2012-11-13T09:22:16.500,2247.8,6572,2247.8,16,0.0,0,0.0,0,0.0,0,0.0,0,2248.2,26,0.0,0,0.0,0,0.0,0,0.0,0
2012-11-13T09:22:17.250,2248,6578,2247.8,11,0.0,0,0.0,0,0.0,0,0.0,0,2248,3,0.0,0,0.0,0,0.0,0,0.0,0
2012-11-13T09:22:18.000,2248,6583,2248,16,0.0,0,0.0,0,0.0,0,0.0,0,2248.2,26,0.0,0,0.0,0,0.0,0,0.0,0
2012-11-13T09:22:18.500,2248.2,6593,2248,78,0.0,0,0.0,0,0.0,0,0.0,0,2248.2,16,0.0,0,0.0,0,0.0,0,0.0,0
2012-11-13T09:22:19.000,2248,6607,2248,76,0.0,0,0.0,0,0.0,0,0.0,0,2248.2,4,0.0,0,0.0,0,0.0,0,0.0,0
2012-11-13T09:22:19.500,2248.2,6608,2248,77,0.0,0,0.0,0,0.0,0,0.0,0,2248.2,3,0.0,0,0.0,0,0.0,0,0.0,0
2012-11-13T09:22:20.250,2248.2,6611,2248.2,1,0.0,0,0.0,0,0.0,0,0.0,0,2248.4,33,0.0,0,0.0,0,0.0,0,0.0,0
2012-11-13T09:22:21.250,2248.4,6612,2248.2,25,0.0,0,0.0,0,0.0,0,0.0,0,2248.4,33,0.0,0,0.0,0,0.0,0,0.0,0
2012-11-13T09:22:22.000,2248.4,6627,2248.2,26,0.0,0,0.0,0,0.0,0,0.0,0,2248.4,19,0.0,0,0.0,0,0.0,0,0.0,0
2012-11-13T09:22:22.500,2248.4,6634,2248.2,28,0.0,0,0.0,0,0.0,0,0.0,0,2248.4,13,0.0,0,0.0,0,0.0,0,0.0,0
2012-11-13T09:22:23.000,2248.4,6635,2248.2,28,0.0,0,0.0,0,0.0,0,0.0,0,2248.4,11,0.0,0,0.0,0,0.0,0,0.0,0
2012-11-13T09:22:23.500,2248.4,6636,2248.2,29,0.0,0,0.0,0,0.0,0,0.0,0,2248.4,10,0.0,0,0.0,0,0.0,0,0.0,0
2012-11-13T09:22:24.000,2248.4,6638,2248.2,28,0.0,0,0.0,0,0.0,0,0.0,0,2248.4,9,0.0,0,0.0,0,0.0,0,0.0,0
2012-11-13T09:22:24.500,2248.4,6641,2248.2,28,0.0,0,0.0,0,0.0,0,0.0,0,2248.4,6,0.0,0,0.0,0,0.0,0,0.0,0
2012-11-13T09:22:25.250,2248.4,6648,2248.4,1,0.0,0,0.0,0,0.0,0,0.0,0,2248.6,19,0.0,0,0.0,0,0.0,0,0.0,0
2012-11-13T09:22:26.000,2248.4,6649,2248.4,51,0.0,0,0.0,0,0.0,0,0.0,0,2248.6,26,0.0,0,0.0,0,0.0,0,0.0,0
2012-11-13T09:22:26.500,2248.4,6650,2248.4,50,0.0,0,0.0,0,0.0,0,0.0,0,2248.6,27,0.0,0,0.0,0,0.0,0,0.0,0
2012-11-13T09:22:27.000,2248.6,6652,2248.4,50,0.0,0,0.0,0,0.0,0,0.0,0,2248.6,25,0.0,0,0.0,0,0.0,0,0.0,0
2012-11-13T09:22:27.500,2248.4,6657,2248.4,48,0.0,0,0.0,0,0.0,0,0.0,0,2248.6,29,0.0,0,0.0,0,0.0,0,0.0,0
2012-11-13T09:22:28.000,2248.6,6659,2248.4,48,0.0,0,0.0,0,0.0,0,0.0,0,2248.6,27,0.0,0,0.0,0,0.0,0,0.0,0
2012-11-13T09:22:28.500,2248.6,6679,2248.4,51,0.0,0,0.0,0,0.0,0,0.0,0,2248.6,12,0.0,0,0.0,0,0.0,0,0.0,0
2012-11-13T09:22:29.000,2248.6,6687,2248.4,66,0.0,0,0.0,0,0.0,0,0.0,0,2248.6,5,0.0,0,0.0,0,0.0,0,0.0,0
2012-11-13T09:22:29.500,2248.6,6696,2248.4,66,0.0,0,0.0,0,0.0,0,0.0,0,2248.6,7,0.0,0,0.0,0,0.0,0,0.0,0
2012-11-13T09:22:30.000,2248.6,6715,2248.4,66,0.0,0,0.0,0,0.0,0,0.0,0,2248.8,33,0.0,0,0.0,0,0.0,0,0.0,0
2012-11-13T09:22:30.500,2248.6,6717,2248.6,2,0.0,0,0.0,0,0.0,0,0.0,0,2248.8,34,0.0,0,0.0,0,0.0,0,0.0,0
2012-11-13T09:22:31.250,2248.6,6728,2248.4,61,0.0,0,0.0,0,0.0,0,0.0,0,2248.8,34,0.0,0,0.0,0,0.0,0,0.0,0
2012-11-13T09:22:32.000,2248.8,6731,2248.6,5,0.0,0,0.0,0,0.0,0,0.0,0,2248.8,33,0.0,0,0.0,0,0.0,0,0.0,0
2012-11-13T09:22:32.500,2248.8,6739,2248.6,5,0.0,0,0.0,0,0.0,0,0.0,0,2248.8,25,0.0,0,0.0,0,0.0,0,0.0,0
2012-11-13T09:22:33.000,2248.8,6744,2248.6,5,0.0,0,0.0,0,0.0,0,0.0,0,2248.8,20,0.0,0,0.0,0,0.0,0,0.0,0
2012-11-13T09:22:33.500,2248.6,6750,2248.6,1,0.0,0,0.0,0,0.0,0,0.0,0,2248.8,19,0.0,0,0.0,0,0.0,0,0.0,0
2012-11-13T09:22:34.000,2248.8,6751,2248.6,1,0.0,0,0.0,0,0.0,0,0.0,0,2248.8,19,0.0,0,0.0,0,0.0,0,0.0,0
2012-11-13T09:22:34.500,2248.8,6754,2248.4,61,0.0,0,0.0,0,0.0,0,0.0,0,2248.8,23,0.0,0,0.0,0,0.0,0,0.0,0
2012-11-13T09:22:35.250,2248.8,6757,2248.6,1,0.0,0,0.0,0,0.0,0,0.0,0,2248.8,25,0.0,0,0.0,0,0.0,0,0.0,0
2012-11-13T09:22:36.000,2248.6,6761,2248.6,9,0.0,0,0.0,0,0.0,0,0.0,0,2248.8,26,0.0,0,0.0,0,0.0,0,0.0,0
2012-11-13T09:22:36.500,2248.8,6762,2248.6,10,0.0,0,0.0,0,0.0,0,0.0,0,2248.8,26,0.0,0,0.0,0,0.0,0,0.0,0
2012-11-13T09:22:37.250,2248.6,6764,2248.6,9,0.0,0,0.0,0,0.0,0,0.0,0,2248.8,26,0.0,0,0.0,0,0.0,0,0.0,0
2012-11-13T09:22:38.000,2248.8,6769,2248.6,9,0.0,0,0.0,0,0.0,0,0.0,0,2248.8,21,0.0,0,0.0,0,0.0,0,0.0,0
2012-11-13T09:22:38.500,2248.6,6775,2248.6,4,0.0,0,0.0,0,0.0,0,0.0,0,2248.8,20,0.0,0,0.0,0,0.0,0,0.0,0
2012-11-13T09:22:39.250,2248.6,6779,2248.6,3,0.0,0,0.0,0,0.0,0,0.0,0,2248.8,18,0.0,0,0.0,0,0.0,0,0.0,0
2012-11-13T09:22:40.000,2248.6,6780,2248.6,3,0.0,0,0.0,0,0.0,0,0.0,0,2248.8,20,0.0,0,0.0,0,0.0,0,0.0,0
2012-11-13T09:22:40.500,2248.6,6781,2248.6,2,0.0,0,0.0,0,0.0,0,0.0,0,2248.8,25,0.0,0,0.0,0,0.0,0,0.0,0
2012-11-13T09:22:41.000,2249,6811,2248.6,2,0.0,0,0.0,0,0.0,0,0.0,0,2248.8,3,0.0,0,0.0,0,0.0,0,0.0,0
2012-11-13T09:22:41.500,2249,6843,2248.4,64,0.0,0,0.0,0,0.0,0,0.0,0,2248.6,20,0.0,0,0.0,0,0.0,0,0.0,0
2012-11-13T09:22:42.000,2248.6,6845,2248.4,69,0.0,0,0.0,0,0.0,0,0.0,0,2248.6,18,0.0,0,0.0,0,0.0,0,0.0,0
2012-11-13T09:22:42.500,2248.6,6851,2248.4,70,0.0,0,0.0,0,0.0,0,0.0,0,2248.6,13,0.0,0,0.0,0,0.0,0,0.0,0
2012-11-13T09:22:43.000,2248.6,6860,2248.4,69,0.0,0,0.0,0,0.0,0,0.0,0,2248.6,5,0.0,0,0.0,0,0.0,0,0.0,0
2012-11-13T09:22:43.500,2248.6,6868,2248.6,8,0.0,0,0.0,0,0.0,0,0.0,0,2248.8,3,0.0,0,0.0,0,0.0,0,0.0,0
2012-11-13T09:22:44.000,2248.6,6870,2248.6,9,0.0,0,0.0,0,0.0,0,0.0,0,2248.8,5,0.0,0,0.0,0,0.0,0,0.0,0
2012-11-13T09:22:44.500,2248.6,6880,2248.4,69,0.0,0,0.0,0,0.0,0,0.0,0,2248.6,11,0.0,0,0.0,0,0.0,0,0.0,0
2012-11-13T09:22:45.000,2248.6,6884,2248.4,70,0.0,0,0.0,0,0.0,0,0.0,0,2248.6,7,0.0,0,0.0,0,0.0,0,0.0,0
2012-11-13T09:22:45.500,2248.6,6891,2248.4,79,0.0,0,0.0,0,0.0,0,0.0,0,2248.6,2,0.0,0,0.0,0,0.0,0,0.0,0
2012-11-13T09:22:46.000,2248.6,6893,2248.4,70,0.0,0,0.0,0,0.0,0,0.0,0,2248.6,1,0.0,0,0.0,0,0.0,0,0.0,0
2012-11-13T09:22:46.500,2248.4,6894,2248.4,70,0.0,0,0.0,0,0.0,0,0.0,0,2248.6,3,0.0,0,0.0,0,0.0,0,0.0,0
2012-11-13T09:22:47.250,2248.6,6915,2248.4,59,0.0,0,0.0,0,0.0,0,0.0,0,2248.6,22,0.0,0,0.0,0,0.0,0,0.0,0
2012-11-13T09:22:48.000,2248.4,6923,2248.4,44,0.0,0,0.0,0,0.0,0,0.0,0,2248.6,31,0.0,0,0.0,0,0.0,0,0.0,0
2012-11-13T09:22:48.500,2248.6,6926,2248.4,43,0.0,0,0.0,0,0.0,0,0.0,0,2248.6,29,0.0,0,0.0,0,0.0,0,0.0,0
2012-11-13T09:22:49.250,2248.4,6930,2248.4,40,0.0,0,0.0,0,0.0,0,0.0,0,2248.6,19,0.0,0,0.0,0,0.0,0,0.0,0
2012-11-13T09:22:50.250,2248.6,6943,2248.4,31,0.0,0,0.0,0,0.0,0,0.0,0,2248.6,6,0.0,0,0.0,0,0.0,0,0.0,0
2012-11-13T09:22:51.000,2248.4,6944,2248.4,30,0.0,0,0.0,0,0.0,0,0.0,0,2248.6,6,0.0,0,0.0,0,0.0,0,0.0,0
2012-11-13T09:22:51.500,2248.4,6947,2248.4,29,0.0,0,0.0,0,0.0,0,0.0,0,2248.6,4,0.0,0,0.0,0,0.0,0,0.0,0
2012-11-13T09:22:52.250,2248.4,6949,2248.4,23,0.0,0,0.0,0,0.0,0,0.0,0,2248.6,3,0.0,0,0.0,0,0.0,0,0.0,0
2012-11-13T09:22:53.000,2248.6,6950,2248.4,23,0.0,0,0.0,0,0.0,0,0.0,0,2248.6,4,0.0,0,0.0,0,0.0,0,0.0,0
2012-11-13T09:22:53.500,2248.4,6970,2248.4,3,0.0,0,0.0,0,0.0,0,0.0,0,2248.6,14,0.0,0,0.0,0,0.0,0,0.0,0
2012-11-13T09:22:54.000,2248.4,6972,2248.4,1,0.0,0,0.0,0,0.0,0,0.0,0,2248.6,15,0.0,0,0.0,0,0.0,0,0.0,0
2012-11-13T09:22:54.500,2248.4,6973,2248.2,47,0.0,0,0.0,0,0.0,0,0.0,0,2248.6,25,0.0,0,0.0,0,0.0,0,0.0,0
2012-11-13T09:22:55.000,2248.6,6974,2248.2,47,0.0,0,0.0,0,0.0,0,0.0,0,2248.6,26,0.0,0,0.0,0,0.0,0,0.0,0
2012-11-13T09:22:55.500,2248.6,6989,2248.2,45,0.0,0,0.0,0,0.0,0,0.0,0,2248.6,12,0.0,0,0.0,0,0.0,0,0.0,0
2012-11-13T09:22:56.250,2248.4,6990,2248.2,44,0.0,0,0.0,0,0.0,0,0.0,0,2248.6,14,0.0,0,0.0,0,0.0,0,0.0,0
2012-11-13T09:22:58.000,2248.6,7000,2248.2,44,0.0,0,0.0,0,0.0,0,0.0,0,2248.6,6,0.0,0,0.0,0,0.0,0,0.0,0
2012-11-13T09:22:58.500,2248.6,7001,2248.2,44,0.0,0,0.0,0,0.0,0,0.0,0,2248.6,5,0.0,0,0.0,0,0.0,0,0.0,0
2012-11-13T09:22:59.250,2248.4,7002,2248.4,10,0.0,0,0.0,0,0.0,0,0.0,0,2248.6,7,0.0,0,0.0,0,0.0,0,0.0,0
2012-11-13T09:23:01.000,2248.6,7011,2248.4,11,0.0,0,0.0,0,0.0,0,0.0,0,2248.8,55,0.0,0,0.0,0,0.0,0,0.0,0
2012-11-13T09:23:01.500,2248.4,7012,2248.4,11,0.0,0,0.0,0,0.0,0,0.0,0,2248.6,1,0.0,0,0.0,0,0.0,0,0.0,0
2012-11-13T09:23:02.250,2248.6,7019,2248.4,9,0.0,0,0.0,0,0.0,0,0.0,0,2248.6,3,0.0,0,0.0,0,0.0,0,0.0,0
2012-11-13T09:23:03.250,2248.4,7020,2248.4,16,0.0,0,0.0,0,0.0,0,0.0,0,2248.6,4,0.0,0,0.0,0,0.0,0,0.0,0
2012-11-13T09:23:04.250,2248.6,7021,2248.4,23,0.0,0,0.0,0,0.0,0,0.0,0,2248.6,4,0.0,0,0.0,0,0.0,0,0.0,0
2012-11-13T09:23:05.250,2248.6,7022,2248.4,22,0.0,0,0.0,0,0.0,0,0.0,0,2248.6,4,0.0,0,0.0,0,0.0,0,0.0,0
2012-11-13T09:23:06.000,2248.6,7026,2248.6,6,0.0,0,0.0,0,0.0,0,0.0,0,2248.8,79,0.0,0,0.0,0,0.0,0,0.0,0
2012-11-13T09:23:06.500,2248.8,7033,2248.6,2,0.0,0,0.0,0,0.0,0,0.0,0,2248.8,78,0.0,0,0.0,0,0.0,0,0.0,0
2012-11-13T09:23:07.000,2248.6,7035,2248.4,24,0.0,0,0.0,0,0.0,0,0.0,0,2248.8,78,0.0,0,0.0,0,0.0,0,0.0,0
2012-11-13T09:23:07.500,2248.8,7036,2248.4,18,0.0,0,0.0,0,0.0,0,0.0,0,2248.6,6,0.0,0,0.0,0,0.0,0,0.0,0
2012-11-13T09:23:08.000,2248.6,7037,2248.4,18,0.0,0,0.0,0,0.0,0,0.0,0,2248.6,7,0.0,0,0.0,0,0.0,0,0.0,0
2012-11-13T09:23:08.500,2248.6,7039,2248.4,18,0.0,0,0.0,0,0.0,0,0.0,0,2248.6,12,0.0,0,0.0,0,0.0,0,0.0,0
2012-11-13T09:23:09.000,2248.6,7042,2248.4,20,0.0,0,0.0,0,0.0,0,0.0,0,2248.6,20,0.0,0,0.0,0,0.0,0,0.0,0
2012-11-13T09:23:09.500,2248.4,7049,2248.4,23,0.0,0,0.0,0,0.0,0,0.0,0,2248.6,16,0.0,0,0.0,0,0.0,0,0.0,0
2012-11-13T09:23:10.000,2248.6,7051,2248.4,27,0.0,0,0.0,0,0.0,0,0.0,0,2248.6,14,0.0,0,0.0,0,0.0,0,0.0,0
2012-11-13T09:23:10.500,2248.6,7052,2248.4,29,0.0,0,0.0,0,0.0,0,0.0,0,2248.6,13,0.0,0,0.0,0,0.0,0,0.0,0
2012-11-13T09:23:11.000,2248.6,7053,2248.4,29,0.0,0,0.0,0,0.0,0,0.0,0,2248.6,13,0.0,0,0.0,0,0.0,0,0.0,0
2012-11-13T09:23:11.500,2248.6,7055,2248.4,29,0.0,0,0.0,0,0.0,0,0.0,0,2248.6,11,0.0,0,0.0,0,0.0,0,0.0,0
2012-11-13T09:23:12.000,2248.6,7056,2248.4,32,0.0,0,0.0,0,0.0,0,0.0,0,2248.6,10,0.0,0,0.0,0,0.0,0,0.0,0
2012-11-13T09:23:12.500,2248.4,7058,2248.4,30,0.0,0,0.0,0,0.0,0,0.0,0,2248.6,10,0.0,0,0.0,0,0.0,0,0.0,0
2012-11-13T09:23:13.250,2248.8,7077,2248.4,30,0.0,0,0.0,0,0.0,0,0.0,0,2248.8,76,0.0,0,0.0,0,0.0,0,0.0,0
2012-11-13T09:23:14.250,2248.6,7079,2248.4,35,0.0,0,0.0,0,0.0,0,0.0,0,2248.8,74,0.0,0,0.0,0,0.0,0,0.0,0
2012-11-13T09:23:15.000,2248.6,7081,2248.4,35,0.0,0,0.0,0,0.0,0,0.0,0,2248.6,9,0.0,0,0.0,0,0.0,0,0.0,0
2012-11-13T09:23:15.500,2248.4,7085,2248.4,33,0.0,0,0.0,0,0.0,0,0.0,0,2248.6,9,0.0,0,0.0,0,0.0,0,0.0,0
2012-11-13T09:23:16.000,2248.6,7086,2248.4,33,0.0,0,0.0,0,0.0,0,0.0,0,2248.6,8,0.0,0,0.0,0,0.0,0,0.0,0
2012-11-13T09:23:16.500,2248.8,7101,2248.6,6,0.0,0,0.0,0,0.0,0,0.0,0,2248.8,66,0.0,0,0.0,0,0.0,0,0.0,0
2012-11-13T09:23:17.250,2248.6,7120,2248.4,36,0.0,0,0.0,0,0.0,0,0.0,0,2248.6,1,0.0,0,0.0,0,0.0,0,0.0,0
2012-11-13T09:23:18.000,2248.8,7122,2248.6,1,0.0,0,0.0,0,0.0,0,0.0,0,2248.8,67,0.0,0,0.0,0,0.0,0,0.0,0
2012-11-13T09:23:18.500,2248.8,7125,2248.4,37,0.0,0,0.0,0,0.0,0,0.0,0,2248.6,1,0.0,0,0.0,0,0.0,0,0.0,0
2012-11-13T09:23:19.250,2248.4,7130,2248.6,1,0.0,0,0.0,0,0.0,0,0.0,0,2248.8,64,0.0,0,0.0,0,0.0,0,0.0,0
2012-11-13T09:23:20.250,2248.8,7136,2248.6,4,0.0,0,0.0,0,0.0,0,0.0,0,2248.8,62,0.0,0,0.0,0,0.0,0,0.0,0
2012-11-13T09:23:21.250,2248.6,7143,2248.4,34,0.0,0,0.0,0,0.0,0,0.0,0,2248.6,19,0.0,0,0.0,0,0.0,0,0.0,0
2012-11-13T09:23:22.000,2248.6,7145,2248.4,35,0.0,0,0.0,0,0.0,0,0.0,0,2248.6,85,0.0,0,0.0,0,0.0,0,0.0,0
2012-11-13T09:23:22.500,2248.4,7147,2248.4,34,0.0,0,0.0,0,0.0,0,0.0,0,2248.6,94,0.0,0,0.0,0,0.0,0,0.0,0
2012-11-13T09:23:23.000,2248.4,7166,2248.4,15,0.0,0,0.0,0,0.0,0,0.0,0,2248.6,93,0.0,0,0.0,0,0.0,0,0.0,0
2012-11-13T09:23:23.500,2248.4,7184,2248.2,57,0.0,0,0.0,0,0.0,0,0.0,0,2248.4,5,0.0,0,0.0,0,0.0,0,0.0,0
2012-11-13T09:23:24.000,2248.4,7185,2248.2,63,0.0,0,0.0,0,0.0,0,0.0,0,2248.4,5,0.0,0,0.0,0,0.0,0,0.0,0
2012-11-13T09:23:24.500,2248.4,7186,2248.2,63,0.0,0,0.0,0,0.0,0,0.0,0,2248.4,10,0.0,0,0.0,0,0.0,0,0.0,0
2012-11-13T09:23:25.250,2248.4,7190,2248.2,63,0.0,0,0.0,0,0.0,0,0.0,0,2248.4,6,0.0,0,0.0,0,0.0,0,0.0,0
2012-11-13T09:23:26.250,2248.4,7192,2248.2,66,0.0,0,0.0,0,0.0,0,0.0,0,2248.4,5,0.0,0,0.0,0,0.0,0,0.0,0
2012-11-13T09:23:27.000,2248.4,7200,2248.4,3,0.0,0,0.0,0,0.0,0,0.0,0,2248.6,93,0.0,0,0.0,0,0.0,0,0.0,0
2012-11-13T09:23:27.500,2248.4,7204,2248.2,67,0.0,0,0.0,0,0.0,0,0.0,0,2248.6,93,0.0,0,0.0,0,0.0,0,0.0,0
2012-11-13T09:23:28.000,2248.2,7256,2248.4,1,0.0,0,0.0,0,0.0,0,0.0,0,2248.6,91,0.0,0,0.0,0,0.0,0,0.0,0
2012-11-13T09:23:28.500,2248.6,7257,2248.4,1,0.0,0,0.0,0,0.0,0,0.0,0,2248.6,95,0.0,0,0.0,0,0.0,0,0.0,0
2012-11-13T09:23:29.000,2248.4,7260,2248.4,3,0.0,0,0.0,0,0.0,0,0.0,0,2248.6,96,0.0,0,0.0,0,0.0,0,0.0,0
2012-11-13T09:23:29.500,2248.6,7262,2248.4,2,0.0,0,0.0,0,0.0,0,0.0,0,2248.6,94,0.0,0,0.0,0,0.0,0,0.0,0
2012-11-13T09:23:30.250,2248.4,7264,2248.2,19,0.0,0,0.0,0,0.0,0,0.0,0,2248.6,95,0.0,0,0.0,0,0.0,0,0.0,0
2012-11-13T09:23:31.000,2248.2,7265,2248.2,46,0.0,0,0.0,0,0.0,0,0.0,0,2248.4,8,0.0,0,0.0,0,0.0,0,0.0,0
2012-11-13T09:23:31.500,2248.4,7266,2248.2,48,0.0,0,0.0,0,0.0,0,0.0,0,2248.4,9,0.0,0,0.0,0,0.0,0,0.0,0
2012-11-13T09:23:32.250,2248.4,7268,2248.2,48,0.0,0,0.0,0,0.0,0,0.0,0,2248.4,12,0.0,0,0.0,0,0.0,0,0.0,0
2012-11-13T09:23:34.000,2248.2,7270,2248.2,48,0.0,0,0.0,0,0.0,0,0.0,0,2248.4,12,0.0,0,0.0,0,0.0,0,0.0,0
2012-11-13T09:23:34.500,2248.2,7271,2248.2,47,0.0,0,0.0,0,0.0,0,0.0,0,2248.4,12,0.0,0,0.0,0,0.0,0,0.0,0
2012-11-13T09:23:35.250,2248.2,7273,2248.2,46,0.0,0,0.0,0,0.0,0,0.0,0,2248.4,12,0.0,0,0.0,0,0.0,0,0.0,0
2012-11-13T09:23:36.000,2248.4,7276,2248.2,45,0.0,0,0.0,0,0.0,0,0.0,0,2248.4,10,0.0,0,0.0,0,0.0,0,0.0,0
2012-11-13T09:23:36.500,2248.4,7277,2248.2,45,0.0,0,0.0,0,0.0,0,0.0,0,2248.4,9,0.0,0,0.0,0,0.0,0,0.0,0
2012-11-13T09:23:37.250,2248.2,7278,2248.2,44,0.0,0,0.0,0,0.0,0,0.0,0,2248.4,8,0.0,0,0.0,0,0.0,0,0.0,0
2012-11-13T09:23:38.250,2248.2,7279,2248.2,43,0.0,0,0.0,0,0.0,0,0.0,0,2248.4,8,0.0,0,0.0,0,0.0,0,0.0,0
2012-11-13T09:23:39.250,2248.4,7285,2248.2,44,0.0,0,0.0,0,0.0,0,0.0,0,2248.4,3,0.0,0,0.0,0,0.0,0,0.0,0
2012-11-13T09:23:40.250,2248.4,7288,2248.4,1,0.0,0,0.0,0,0.0,0,0.0,0,2248.6,109,0.0,0,0.0,0,0.0,0,0.0,0
2012-11-13T09:23:41.000,2248.2,7290,2248.4,1,0.0,0,0.0,0,0.0,0,0.0,0,2248.6,109,0.0,0,0.0,0,0.0,0,0.0,0
2012-11-13T09:23:41.500,2248.4,7292,2248.2,46,0.0,0,0.0,0,0.0,0,0.0,0,2248.6,109,0.0,0,0.0,0,0.0,0,0.0,0
2012-11-13T09:23:42.250,2248.4,7293,2248.2,46,0.0,0,0.0,0,0.0,0,0.0,0,2248.4,2,0.0,0,0.0,0,0.0,0,0.0,0
2012-11-13T09:23:43.250,2248.2,7294,2248.2,21,0.0,0,0.0,0,0.0,0,0.0,0,2248.4,5,0.0,0,0.0,0,0.0,0,0.0,0
2012-11-13T09:23:44.000,2248.2,7297,2248.2,18,0.0,0,0.0,0,0.0,0,0.0,0,2248.4,6,0.0,0,0.0,0,0.0,0,0.0,0
2012-11-13T09:23:44.500,2248.4,7298,2248.2,18,0.0,0,0.0,0,0.0,0,0.0,0,2248.4,6,0.0,0,0.0,0,0.0,0,0.0,0
2012-11-13T09:23:45.250,2248.2,7300,2248.2,16,0.0,0,0.0,0,0.0,0,0.0,0,2248.4,13,0.0,0,0.0,0,0.0,0,0.0,0
2012-11-13T09:23:47.250,2248.4,7302,2248.2,15,0.0,0,0.0,0,0.0,0,0.0,0,2248.4,20,0.0,0,0.0,0,0.0,0,0.0,0
2012-11-13T09:23:48.000,2248.2,7312,2248.2,5,0.0,0,0.0,0,0.0,0,0.0,0,2248.4,25,0.0,0,0.0,0,0.0,0,0.0,0
2012-11-13T09:23:48.500,2248,7320,2248,36,0.0,0,0.0,0,0.0,0,0.0,0,2248.4,25,0.0,0,0.0,0,0.0,0,0.0,0
2012-11-13T09:23:49.250,2248.2,7333,2248.2,1,0.0,0,0.0,0,0.0,0,0.0,0,2248.4,27,0.0,0,0.0,0,0.0,0,0.0,0
2012-11-13T09:23:50.000,2248.2,7334,2248.2,24,0.0,0,0.0,0,0.0,0,0.0,0,2248.4,29,0.0,0,0.0,0,0.0,0,0.0,0
2012-11-13T09:23:50.500,2248.2,7335,2248.2,24,0.0,0,0.0,0,0.0,0,0.0,0,2248.4,31,0.0,0,0.0,0,0.0,0,0.0,0
2012-11-13T09:23:51.250,2248.2,7339,2248.2,20,0.0,0,0.0,0,0.0,0,0.0,0,2248.4,31,0.0,0,0.0,0,0.0,0,0.0,0
2012-11-13T09:23:53.250,2248.2,7349,2248.2,11,0.0,0,0.0,0,0.0,0,0.0,0,2248.4,32,0.0,0,0.0,0,0.0,0,0.0,0
2012-11-13T09:23:54.000,2248.2,7354,2248.2,7,0.0,0,0.0,0,0.0,0,0.0,0,2248.4,32,0.0,0,0.0,0,0.0,0,0.0,0
2012-11-13T09:23:54.500,2248.2,7360,2248.2,1,0.0,0,0.0,0,0.0,0,0.0,0,2248.4,37,0.0,0,0.0,0,0.0,0,0.0,0
2012-11-13T09:23:56.250,2248.2,7361,2248,29,0.0,0,0.0,0,0.0,0,0.0,0,2248.2,19,0.0,0,0.0,0,0.0,0,0.0,0
2012-11-13T09:23:57.250,2248.4,7387,2248,29,0.0,0,0.0,0,0.0,0,0.0,0,2248.4,27,0.0,0,0.0,0,0.0,0,0.0,0
2012-11-13T09:23:58.250,2248.4,7388,2248,28,0.0,0,0.0,0,0.0,0,0.0,0,2248.4,31,0.0,0,0.0,0,0.0,0,0.0,0
2012-11-13T09:23:59.250,2248.4,7421,2248.4,67,0.0,0,0.0,0,0.0,0,0.0,0,2248.6,94,0.0,0,0.0,0,0.0,0,0.0,0
2012-11-13T09:24:00.000,2248.4,7428,2248.4,60,0.0,0,0.0,0,0.0,0,0.0,0,2248.6,94,0.0,0,0.0,0,0.0,0,0.0,0
2012-11-13T09:24:00.500,2248.6,7430,2248.4,60,0.0,0,0.0,0,0.0,0,0.0,0,2248.6,92,0.0,0,0.0,0,0.0,0,0.0,0
2012-11-13T09:24:01.000,2248.4,7432,2248.4,58,0.0,0,0.0,0,0.0,0,0.0,0,2248.6,92,0.0,0,0.0,0,0.0,0,0.0,0
2012-11-13T09:24:01.500,2248.4,7433,2248.4,59,0.0,0,0.0,0,0.0,0,0.0,0,2248.6,92,0.0,0,0.0,0,0.0,0,0.0,0
2012-11-13T09:24:02.250,2248.6,7434,2248.4,59,0.0,0,0.0,0,0.0,0,0.0,0,2248.6,91,0.0,0,0.0,0,0.0,0,0.0,0
2012-11-13T09:24:03.000,2248.4,7477,2248.4,55,0.0,0,0.0,0,0.0,0,0.0,0,2248.6,52,0.0,0,0.0,0,0.0,0,0.0,0
2012-11-13T09:24:03.500,2248.6,7478,2248.4,55,0.0,0,0.0,0,0.0,0,0.0,0,2248.6,51,0.0,0,0.0,0,0.0,0,0.0,0
2012-11-13T09:24:04.000,2248.4,7482,2248.4,54,0.0,0,0.0,0,0.0,0,0.0,0,2248.6,48,0.0,0,0.0,0,0.0,0,0.0,0
2012-11-13T09:24:04.500,2248.6,7498,2248.4,43,0.0,0,0.0,0,0.0,0,0.0,0,2248.6,43,0.0,0,0.0,0,0.0,0,0.0,0
2012-11-13T09:24:06.000,2248.6,7505,2248.4,44,0.0,0,0.0,0,0.0,0,0.0,0,2248.6,36,0.0,0,0.0,0,0.0,0,0.0,0
2012-11-13T09:24:06.500,2248.6,7507,2248.4,44,0.0,0,0.0,0,0.0,0,0.0,0,2248.6,35,0.0,0,0.0,0,0.0,0,0.0,0
2012-11-13T09:24:08.250,2248.4,7527,2248.4,24,0.0,0,0.0,0,0.0,0,0.0,0,2248.6,35,0.0,0,0.0,0,0.0,0,0.0,0
2012-11-13T09:24:09.250,2248.6,7538,2248.4,25,0.0,0,0.0,0,0.0,0,0.0,0,2248.6,25,0.0,0,0.0,0,0.0,0,0.0,0
2012-11-13T09:24:10.000,2248.6,7540,2248.4,26,0.0,0,0.0,0,0.0,0,0.0,0,2248.6,24,0.0,0,0.0,0,0.0,0,0.0,0
2012-11-13T09:24:10.500,2248.6,7541,2248.4,26,0.0,0,0.0,0,0.0,0,0.0,0,2248.6,22,0.0,0,0.0,0,0.0,0,0.0,0
2012-11-13T09:24:11.250,2248.4,7544,2248.4,23,0.0,0,0.0,0,0.0,0,0.0,0,2248.6,23,0.0,0,0.0,0,0.0,0,0.0,0
2012-11-13T09:24:12.250,2248.6,7546,2248.4,23,0.0,0,0.0,0,0.0,0,0.0,0,2248.6,21,0.0,0,0.0,0,0.0,0,0.0,0
2012-11-13T09:24:13.000,2248.6,7567,2248.6,17,0.0,0,0.0,0,0.0,0,0.0,0,2248.8,47,0.0,0,0.0,0,0.0,0,0.0,0
2012-11-13T09:24:13.500,2248.6,7568,2248.6,17,0.0,0,0.0,0,0.0,0,0.0,0,2248.8,47,0.0,0,0.0,0,0.0,0,0.0,0
2012-11-13T09:24:14.000,2248.8,7569,2248.6,24,0.0,0,0.0,0,0.0,0,0.0,0,2248.8,46,0.0,0,0.0,0,0.0,0,0.0,0
2012-11-13T09:24:14.500,2248.8,7573,2248.6,66,0.0,0,0.0,0,0.0,0,0.0,0,2248.8,42,0.0,0,0.0,0,0.0,0,0.0,0
2012-11-13T09:24:15.000,2248.8,7589,2248.6,73,0.0,0,0.0,0,0.0,0,0.0,0,2248.8,28,0.0,0,0.0,0,0.0,0,0.0,0
2012-11-13T09:24:15.500,2249,7637,2248.8,46,0.0,0,0.0,0,0.0,0,0.0,0,2249,24,0.0,0,0.0,0,0.0,0,0.0,0
2012-11-13T09:24:16.000,2249.2,7663,2249,3,0.0,0,0.0,0,0.0,0,0.0,0,2249.2,32,0.0,0,0.0,0,0.0,0,0.0,0
2012-11-13T09:24:16.500,2249.2,7669,2249,7,0.0,0,0.0,0,0.0,0,0.0,0,2249.2,27,0.0,0,0.0,0,0.0,0,0.0,0
2012-11-13T09:24:17.000,2249.2,7688,2249,5,0.0,0,0.0,0,0.0,0,0.0,0,2249.2,10,0.0,0,0.0,0,0.0,0,0.0,0
2012-11-13T09:24:17.500,2249,7694,2248.8,55,0.0,0,0.0,0,0.0,0,0.0,0,2249.2,6,0.0,0,0.0,0,0.0,0,0.0,0
2012-11-13T09:24:18.000,2249.2,7722,2249.2,4,0.0,0,0.0,0,0.0,0,0.0,0,2249.4,9,0.0,0,0.0,0,0.0,0,0.0,0
2012-11-13T09:24:18.500,2249.4,7727,2249.2,7,0.0,0,0.0,0,0.0,0,0.0,0,2249.4,32,0.0,0,0.0,0,0.0,0,0.0,0
2012-11-13T09:24:19.000,2249.4,7744,2249.2,1,0.0,0,0.0,0,0.0,0,0.0,0,2249.4,26,0.0,0,0.0,0,0.0,0,0.0,0
2012-11-13T09:24:19.500,2249.4,7758,2249.2,13,0.0,0,0.0,0,0.0,0,0.0,0,2249.4,13,0.0,0,0.0,0,0.0,0,0.0,0
2012-11-13T09:24:20.000,2249.4,7768,2249.2,13,0.0,0,0.0,0,0.0,0,0.0,0,2249.4,3,0.0,0,0.0,0,0.0,0,0.0,0
2012-11-13T09:24:20.500,2249.2,7776,2249.2,12,0.0,0,0.0,0,0.0,0,0.0,0,2249.6,38,0.0,0,0.0,0,0.0,0,0.0,0
2012-11-13T09:24:21.000,2249.6,7784,2249.2,21,0.0,0,0.0,0,0.0,0,0.0,0,2249.6,32,0.0,0,0.0,0,0.0,0,0.0,0
2012-11-13T09:24:21.500,2249.2,7813,2249.2,1,0.0,0,0.0,0,0.0,0,0.0,0,2249.4,1,0.0,0,0.0,0,0.0,0,0.0,0
2012-11-13T09:24:22.000,2249.4,7815,2249.4,2,0.0,0,0.0,0,0.0,0,0.0,0,2249.6,26,0.0,0,0.0,0,0.0,0,0.0,0
2012-11-13T09:24:22.500,2249.6,7827,2249.4,2,0.0,0,0.0,0,0.0,0,0.0,0,2249.6,18,0.0,0,0.0,0,0.0,0,0.0,0
2012-11-13T09:24:23.000,2249.4,7852,2249.2,2,0.0,0,0.0,0,0.0,0,0.0,0,2249.4,12,0.0,0,0.0,0,0.0,0,0.0,0
2012-11-13T09:24:23.500,2249.4,7861,2249.2,6,0.0,0,0.0,0,0.0,0,0.0,0,2249.4,7,0.0,0,0.0,0,0.0,0,0.0,0
2012-11-13T09:24:24.000,2249.2,7864,2249.2,7,0.0,0,0.0,0,0.0,0,0.0,0,2249.4,7,0.0,0,0.0,0,0.0,0,0.0,0
2012-11-13T09:24:24.500,2249.6,7873,2249.4,1,0.0,0,0.0,0,0.0,0,0.0,0,2249.6,9,0.0,0,0.0,0,0.0,0,0.0,0
2012-11-13T09:24:25.000,2249.6,7874,2249.4,2,0.0,0,0.0,0,0.0,0,0.0,0,2249.6,13,0.0,0,0.0,0,0.0,0,0.0,0
2012-11-13T09:24:25.500,2249.6,7884,2249.4,8,0.0,0,0.0,0,0.0,0,0.0,0,2249.6,5,0.0,0,0.0,0,0.0,0,0.0,0
2012-11-13T09:24:26.000,2249.2,7903,2249.2,6,0.0,0,0.0,0,0.0,0,0.0,0,2249.4,14,0.0,0,0.0,0,0.0,0,0.0,0
2012-11-13T09:24:26.500,2249.4,7909,2249.2,5,0.0,0,0.0,0,0.0,0,0.0,0,2249.4,9,0.0,0,0.0,0,0.0,0,0.0,0
2012-11-13T09:24:27.000,2249.4,7910,2249.2,6,0.0,0,0.0,0,0.0,0,0.0,0,2249.4,10,0.0,0,0.0,0,0.0,0,0.0,0
2012-11-13T09:24:27.500,2249.4,7922,2249.2,8,0.0,0,0.0,0,0.0,0,0.0,0,2249.6,5,0.0,0,0.0,0,0.0,0,0.0,0
2012-11-13T09:24:28.250,2249.6,7930,2249.4,9,0.0,0,0.0,0,0.0,0,0.0,0,2249.6,7,0.0,0,0.0,0,0.0,0,0.0,0
2012-11-13T09:24:29.000,2249.6,7932,2249.4,8,0.0,0,0.0,0,0.0,0,0.0,0,2249.6,8,0.0,0,0.0,0,0.0,0,0.0,0
2012-11-13T09:24:29.500,2249.4,7936,2249.4,7,0.0,0,0.0,0,0.0,0,0.0,0,2249.6,5,0.0,0,0.0,0,0.0,0,0.0,0
2012-11-13T09:24:30.000,2249.4,7940,2249.4,5,0.0,0,0.0,0,0.0,0,0.0,0,2249.6,5,0.0,0,0.0,0,0.0,0,0.0,0
2012-11-13T09:24:30.500,2249.4,7942,2249.4,5,0.0,0,0.0,0,0.0,0,0.0,0,2249.6,11,0.0,0,0.0,0,0.0,0,0.0,0
2012-11-13T09:24:31.000,2249.6,7943,2249.4,7,0.0,0,0.0,0,0.0,0,0.0,0,2249.6,11,0.0,0,0.0,0,0.0,0,0.0,0
2012-11-13T09:24:31.500,2249.4,7953,2249.2,10,0.0,0,0.0,0,0.0,0,0.0,0,2249.4,8,0.0,0,0.0,0,0.0,0,0.0,0
2012-11-13T09:24:32.000,2249.4,7960,2249.2,10,0.0,0,0.0,0,0.0,0,0.0,0,2249.4,1,0.0,0,0.0,0,0.0,0,0.0,0
2012-11-13T09:24:32.500,2249.4,7984,2249.4,1,0.0,0,0.0,0,0.0,0,0.0,0,2249.6,24,0.0,0,0.0,0,0.0,0,0.0,0
2012-11-13T09:24:33.250,2249.6,7987,2249.4,6,0.0,0,0.0,0,0.0,0,0.0,0,2249.6,24,0.0,0,0.0,0,0.0,0,0.0,0
2012-11-13T09:24:34.000,2249.4,7990,2249.4,10,0.0,0,0.0,0,0.0,0,0.0,0,2249.6,24,0.0,0,0.0,0,0.0,0,0.0,0
2012-11-13T09:24:34.500,2249.4,8002,2249.4,3,0.0,0,0.0,0,0.0,0,0.0,0,2249.6,23,0.0,0,0.0,0,0.0,0,0.0,0
2012-11-13T09:24:35.000,2249.4,8003,2249.4,2,0.0,0,0.0,0,0.0,0,0.0,0,2249.6,21,0.0,0,0.0,0,0.0,0,0.0,0
2012-11-13T09:24:35.500,2249.6,8010,2249.2,4,0.0,0,0.0,0,0.0,0,0.0,0,2249.4,1,0.0,0,0.0,0,0.0,0,0.0,0
2012-11-13T09:24:36.000,2249.4,8013,2249.4,4,0.0,0,0.0,0,0.0,0,0.0,0,2249.6,21,0.0,0,0.0,0,0.0,0,0.0,0
2012-11-13T09:24:36.500,2249.6,8051,2249.4,1,0.0,0,0.0,0,0.0,0,0.0,0,2249.6,5,0.0,0,0.0,0,0.0,0,0.0,0
2012-11-13T09:24:37.000,2249.6,8059,2249.4,1,0.0,0,0.0,0,0.0,0,0.0,0,2249.6,11,0.0,0,0.0,0,0.0,0,0.0,0
2012-11-13T09:24:37.500,2249.6,8063,2249.6,1,0.0,0,0.0,0,0.0,0,0.0,0,2249.8,68,0.0,0,0.0,0,0.0,0,0.0,0
2012-11-13T09:24:38.000,2249.6,8064,2249.2,6,0.0,0,0.0,0,0.0,0,0.0,0,2249.6,1,0.0,0,0.0,0,0.0,0,0.0,0
2012-11-13T09:24:38.500,2249.6,8065,2249.4,1,0.0,0,0.0,0,0.0,0,0.0,0,2249.6,3,0.0,0,0.0,0,0.0,0,0.0,0
2012-11-13T09:24:39.000,2249.6,8109,2249.4,2,0.0,0,0.0,0,0.0,0,0.0,0,2249.6,7,0.0,0,0.0,0,0.0,0,0.0,0
2012-11-13T09:24:39.500,2249.2,8116,2248.8,23,0.0,0,0.0,0,0.0,0,0.0,0,2249.2,2,0.0,0,0.0,0,0.0,0,0.0,0
2012-11-13T09:24:40.000,2248.8,8146,2249.2,1,0.0,0,0.0,0,0.0,0,0.0,0,2249.6,29,0.0,0,0.0,0,0.0,0,0.0,0
2012-11-13T09:24:40.500,2249.2,8164,2249,1,0.0,0,0.0,0,0.0,0,0.0,0,2249.2,1,0.0,0,0.0,0,0.0,0,0.0,0
2012-11-13T09:24:41.000,2249,8179,2249.2,2,0.0,0,0.0,0,0.0,0,0.0,0,2249.4,3,0.0,0,0.0,0,0.0,0,0.0,0
2012-11-13T09:24:41.500,2249.4,8180,2249.2,2,0.0,0,0.0,0,0.0,0,0.0,0,2249.4,13,0.0,0,0.0,0,0.0,0,0.0,0
2012-11-13T09:24:42.000,2249.2,8183,2249,2,0.0,0,0.0,0,0.0,0,0.0,0,2249.2,10,0.0,0,0.0,0,0.0,0,0.0,0
2012-11-13T09:24:42.500,2249.2,8188,2249,4,0.0,0,0.0,0,0.0,0,0.0,0,2249.2,5,0.0,0,0.0,0,0.0,0,0.0,0
2012-11-13T09:24:43.000,2249.2,8190,2249,4,0.0,0,0.0,0,0.0,0,0.0,0,2249.2,3,0.0,0,0.0,0,0.0,0,0.0,0
2012-11-13T09:24:43.500,2248.8,8196,2248.6,37,0.0,0,0.0,0,0.0,0,0.0,0,2249,6,0.0,0,0.0,0,0.0,0,0.0,0
2012-11-13T09:24:44.000,2248.8,8200,2248.6,37,0.0,0,0.0,0,0.0,0,0.0,0,2249,4,0.0,0,0.0,0,0.0,0,0.0,0
2012-11-13T09:24:44.500,2249,8201,2248.8,2,0.0,0,0.0,0,0.0,0,0.0,0,2249,5,0.0,0,0.0,0,0.0,0,0.0,0
2012-11-13T09:24:45.250,2249,8206,2249,28,0.0,0,0.0,0,0.0,0,0.0,0,2249.2,10,0.0,0,0.0,0,0.0,0,0.0,0
2012-11-13T09:24:46.250,2249,8207,2249,41,0.0,0,0.0,0,0.0,0,0.0,0,2249.2,10,0.0,0,0.0,0,0.0,0,0.0,0
2012-11-13T09:24:47.000,2249,8211,2249,40,0.0,0,0.0,0,0.0,0,0.0,0,2249.2,8,0.0,0,0.0,0,0.0,0,0.0,0
