date_time,last_px,total_volume,bid1_px,bid1_qty,bid2_px,bid2_qty,bid3_px,bid3_qty,bid4_px,bid4_qty,bid5_px,bid5_qty,ask1_px,ask1_qty,ask2_px,ask2_qty,ask3_px,ask3_qty,ask4_px,ask4_qty,ask5_px,ask5_qty
2012-10-22T09:14:00.250,2334.8,497,2334,5,0.0,0,0.0,0,0.0,0,0.0,0,2334.8,187,0.0,0,0.0,0,0.0,0,0.0,0
2012-10-22T09:15:00.250,2334,788,2333.8,1,0.0,0,0.0,0,0.0,0,0.0,0,2334,83,0.0,0,0.0,0,0.0,0,0.0,0
2012-10-22T09:15:01.000,2333.4,1202,2333,36,0.0,0,0.0,0,0.0,0,0.0,0,2333.4,3,0.0,0,0.0,0,0.0,0,0.0,0
2012-10-22T09:15:01.500,2333.6,1450,2331.6,5,0.0,0,0.0,0,0.0,0,0.0,0,2333.2,11,0.0,0,0.0,0,0.0,0,0.0,0
2012-10-22T09:15:02.000,2332.8,1682,2332,42,0.0,0,0.0,0,0.0,0,0.0,0,2332.8,1,0.0,0,0.0,0,0.0,0,0.0,0
2012-10-22T09:15:02.500,2332.8,1950,2332.8,1,0.0,0,0.0,0,0.0,0,0.0,0,2333,17,0.0,0,0.0,0,0.0,0,0.0,0
2012-10-22T09:15:03.000,2333.6,2144,2332.8,2,0.0,0,0.0,0,0.0,0,0.0,0,2333.6,16,0.0,0,0.0,0,0.0,0,0.0,0
2012-10-22T09:15:03.500,2333.6,2244,2333.2,4,0.0,0,0.0,0,0.0,0,0.0,0,2333.6,10,0.0,0,0.0,0,0.0,0,0.0,0
2012-10-22T09:15:04.000,2333.2,2349,2333,6,0.0,0,0.0,0,0.0,0,0.0,0,2333.2,10,0.0,0,0.0,0,0.0,0,0.0,0
2012-10-22T09:15:04.500,2333.8,2437,2333.2,5,0.0,0,0.0,0,0.0,0,0.0,0,2333.8,22,0.0,0,0.0,0,0.0,0,0.0,0
2012-10-22T09:15:05.000,2332,2521,2332,11,0.0,0,0.0,0,0.0,0,0.0,0,2332.8,1,0.0,0,0.0,0,0.0,0,0.0,0
2012-10-22T09:15:05.500,2332.8,2620,2332.2,4,0.0,0,0.0,0,0.0,0,0.0,0,2332.4,9,0.0,0,0.0,0,0.0,0,0.0,0
2012-10-22T09:15:06.000,2332.2,2770,2331.2,93,0.0,0,0.0,0,0.0,0,0.0,0,2332.8,22,0.0,0,0.0,0,0.0,0,0.0,0
2012-10-22T09:15:06.500,2332.4,2828,2331.6,2,0.0,0,0.0,0,0.0,0,0.0,0,2332.4,51,0.0,0,0.0,0,0.0,0,0.0,0
2012-10-22T09:15:07.000,2331.6,2995,2331.6,1,0.0,0,0.0,0,0.0,0,0.0,0,2332,15,0.0,0,0.0,0,0.0,0,0.0,0
2012-10-22T09:15:07.500,2332,3047,2331.6,2,0.0,0,0.0,0,0.0,0,0.0,0,2332,18,0.0,0,0.0,0,0.0,0,0.0,0
2012-10-22T09:15:08.000,2331.2,3174,2331,101,0.0,0,0.0,0,0.0,0,0.0,0,2331.2,43,0.0,0,0.0,0,0.0,0,0.0,0
2012-10-22T09:15:08.500,2331.2,3273,2331.2,10,0.0,0,0.0,0,0.0,0,0.0,0,2331.6,6,0.0,0,0.0,0,0.0,0,0.0,0
2012-10-22T09:15:09.000,2331.6,3327,2331.4,4,0.0,0,0.0,0,0.0,0,0.0,0,2331.6,28,0.0,0,0.0,0,0.0,0,0.0,0
2012-10-22T09:15:09.500,2331.6,3427,2331.4,9,0.0,0,0.0,0,0.0,0,0.0,0,2331.6,37,0.0,0,0.0,0,0.0,0,0.0,0
2012-10-22T09:15:10.000,2331.8,3490,2331.6,41,0.0,0,0.0,0,0.0,0,0.0,0,2331.8,3,0.0,0,0.0,0,0.0,0,0.0,0
2012-10-22T09:15:10.500,2331.6,3525,2331.8,17,0.0,0,0.0,0,0.0,0,0.0,0,2332,1,0.0,0,0.0,0,0.0,0,0.0,0
2012-10-22T09:15:11.000,2332,3658,2332,14,0.0,0,0.0,0,0.0,0,0.0,0,2332.6,1,0.0,0,0.0,0,0.0,0,0.0,0
2012-10-22T09:15:11.500,2332.2,3721,2332.2,24,0.0,0,0.0,0,0.0,0,0.0,0,2332.6,33,0.0,0,0.0,0,0.0,0,0.0,0
2012-10-22T09:15:12.000,2332.4,3764,2332.2,13,0.0,0,0.0,0,0.0,0,0.0,0,2332.4,17,0.0,0,0.0,0,0.0,0,0.0,0
2012-10-22T09:15:12.500,2332.2,3800,2332.2,2,0.0,0,0.0,0,0.0,0,0.0,0,2332.4,2,0.0,0,0.0,0,0.0,0,0.0,0
2012-10-22T09:15:13.000,2332.2,3844,2332,83,0.0,0,0.0,0,0.0,0,0.0,0,2332.2,2,0.0,0,0.0,0,0.0,0,0.0,0
2012-10-22T09:15:13.500,2332.4,3892,2332.2,12,0.0,0,0.0,0,0.0,0,0.0,0,2332.4,7,0.0,0,0.0,0,0.0,0,0.0,0
2012-10-22T09:15:14.000,2332.6,3959,2332.4,8,0.0,0,0.0,0,0.0,0,0.0,0,2332.6,18,0.0,0,0.0,0,0.0,0,0.0,0
2012-10-22T09:15:14.500,2332.6,4024,2332.4,22,0.0,0,0.0,0,0.0,0,0.0,0,2332.6,14,0.0,0,0.0,0,0.0,0,0.0,0
2012-10-22T09:15:15.000,2332.4,4064,2332.2,14,0.0,0,0.0,0,0.0,0,0.0,0,2332.6,4,0.0,0,0.0,0,0.0,0,0.0,0
2012-10-22T09:15:15.500,2332.2,4141,2332,94,0.0,0,0.0,0,0.0,0,0.0,0,2332.2,39,0.0,0,0.0,0,0.0,0,0.0,0
2012-10-22T09:15:16.000,2332.2,4190,2332,73,0.0,0,0.0,0,0.0,0,0.0,0,2332.2,11,0.0,0,0.0,0,0.0,0,0.0,0
2012-10-22T09:15:16.500,2332,4245,2332.2,1,0.0,0,0.0,0,0.0,0,0.0,0,2332.4,4,0.0,0,0.0,0,0.0,0,0.0,0
2012-10-22T09:15:17.000,2332,4283,2332,67,0.0,0,0.0,0,0.0,0,0.0,0,2332.6,37,0.0,0,0.0,0,0.0,0,0.0,0
2012-10-22T09:15:17.500,2332.8,4360,2332.2,10,0.0,0,0.0,0,0.0,0,0.0,0,2332.8,46,0.0,0,0.0,0,0.0,0,0.0,0
2012-10-22T09:15:18.000,2332.4,4376,2332.4,14,0.0,0,0.0,0,0.0,0,0.0,0,2332.8,40,0.0,0,0.0,0,0.0,0,0.0,0
2012-10-22T09:15:18.500,2332.4,4386,2332.4,2,0.0,0,0.0,0,0.0,0,0.0,0,2332.6,7,0.0,0,0.0,0,0.0,0,0.0,0
2012-10-22T09:15:19.000,2332.6,4406,2332.6,17,0.0,0,0.0,0,0.0,0,0.0,0,2332.8,38,0.0,0,0.0,0,0.0,0,0.0,0
2012-10-22T09:15:19.500,2332.8,4467,2332.4,2,0.0,0,0.0,0,0.0,0,0.0,0,2332.8,4,0.0,0,0.0,0,0.0,0,0.0,0
2012-10-22T09:15:20.000,2332.2,4498,2332.2,1,0.0,0,0.0,0,0.0,0,0.0,0,2332.6,1,0.0,0,0.0,0,0.0,0,0.0,0
2012-10-22T09:15:20.500,2333,4530,2332.6,9,0.0,0,0.0,0,0.0,0,0.0,0,2333,36,0.0,0,0.0,0,0.0,0,0.0,0
2012-10-22T09:15:21.000,2333,4580,2332.6,10,0.0,0,0.0,0,0.0,0,0.0,0,2332.8,5,0.0,0,0.0,0,0.0,0,0.0,0
2012-10-22T09:15:21.500,2332.6,4600,2332.6,1,0.0,0,0.0,0,0.0,0,0.0,0,2332.8,4,0.0,0,0.0,0,0.0,0,0.0,0
2012-10-22T09:15:22.000,2332.6,4621,2332.6,4,0.0,0,0.0,0,0.0,0,0.0,0,2333,18,0.0,0,0.0,0,0.0,0,0.0,0
2012-10-22T09:15:22.500,2332.8,4655,2332.8,17,0.0,0,0.0,0,0.0,0,0.0,0,2333,15,0.0,0,0.0,0,0.0,0,0.0,0
2012-10-22T09:15:23.000,2333,4679,2333,1,0.0,0,0.0,0,0.0,0,0.0,0,2333.2,32,0.0,0,0.0,0,0.0,0,0.0,0
2012-10-22T09:15:23.500,2333.2,4683,2333,7,0.0,0,0.0,0,0.0,0,0.0,0,2333.2,28,0.0,0,0.0,0,0.0,0,0.0,0
2012-10-22T09:15:24.000,2333,4713,2332.8,55,0.0,0,0.0,0,0.0,0,0.0,0,2333.2,7,0.0,0,0.0,0,0.0,0,0.0,0
2012-10-22T09:15:24.500,2332.8,4752,2333,2,0.0,0,0.0,0,0.0,0,0.0,0,2333.6,22,0.0,0,0.0,0,0.0,0,0.0,0
2012-10-22T09:15:25.000,2333.4,4807,2333,3,0.0,0,0.0,0,0.0,0,0.0,0,2333.4,22,0.0,0,0.0,0,0.0,0,0.0,0
2012-10-22T09:15:25.500,2333.4,4837,2333.4,23,0.0,0,0.0,0,0.0,0,0.0,0,2333.6,50,0.0,0,0.0,0,0.0,0,0.0,0
2012-10-22T09:15:26.000,2333.4,4865,2333.4,9,0.0,0,0.0,0,0.0,0,0.0,0,2333.6,71,0.0,0,0.0,0,0.0,0,0.0,0
2012-10-22T09:15:26.500,2333.4,4879,2333.4,1,0.0,0,0.0,0,0.0,0,0.0,0,2333.6,69,0.0,0,0.0,0,0.0,0,0.0,0
2012-10-22T09:15:27.000,2333.4,4937,2333.2,32,0.0,0,0.0,0,0.0,0,0.0,0,2333.4,5,0.0,0,0.0,0,0.0,0,0.0,0
2012-10-22T09:15:27.500,2333.4,4963,2333.2,22,0.0,0,0.0,0,0.0,0,0.0,0,2333.4,17,0.0,0,0.0,0,0.0,0,0.0,0
2012-10-22T09:15:28.000,2333.4,4987,2333.2,19,0.0,0,0.0,0,0.0,0,0.0,0,2333.4,30,0.0,0,0.0,0,0.0,0,0.0,0
2012-10-22T09:15:28.500,2333.2,5035,2333,42,0.0,0,0.0,0,0.0,0,0.0,0,2333.2,21,0.0,0,0.0,0,0.0,0,0.0,0
2012-10-22T09:15:29.000,2333.2,5068,2333,42,0.0,0,0.0,0,0.0,0,0.0,0,2333.4,32,0.0,0,0.0,0,0.0,0,0.0,0
2012-10-22T09:15:29.500,2333,5132,2333,23,0.0,0,0.0,0,0.0,0,0.0,0,2333.2,5,0.0,0,0.0,0,0.0,0,0.0,0
2012-10-22T09:15:30.000,2333,5170,2333.2,5,0.0,0,0.0,0,0.0,0,0.0,0,2333.4,16,0.0,0,0.0,0,0.0,0,0.0,0
2012-10-22T09:15:30.500,2333.2,5187,2333,22,0.0,0,0.0,0,0.0,0,0.0,0,2333.2,2,0.0,0,0.0,0,0.0,0,0.0,0
2012-10-22T09:15:31.000,2333.2,5201,2333,19,0.0,0,0.0,0,0.0,0,0.0,0,2333.4,5,0.0,0,0.0,0,0.0,0,0.0,0
2012-10-22T09:15:31.500,2333.4,5214,2333.2,1,0.0,0,0.0,0,0.0,0,0.0,0,2333.4,7,0.0,0,0.0,0,0.0,0,0.0,0
2012-10-22T09:15:32.000,2333.4,5241,2333.4,3,0.0,0,0.0,0,0.0,0,0.0,0,2333.6,20,0.0,0,0.0,0,0.0,0,0.0,0
2012-10-22T09:15:32.500,2333.6,5268,2333.6,6,0.0,0,0.0,0,0.0,0,0.0,0,2333.8,39,0.0,0,0.0,0,0.0,0,0.0,0
2012-10-22T09:15:33.000,2333.8,5311,2333.6,5,0.0,0,0.0,0,0.0,0,0.0,0,2333.8,26,0.0,0,0.0,0,0.0,0,0.0,0
2012-10-22T09:15:33.500,2333.4,5356,2333.2,2,0.0,0,0.0,0,0.0,0,0.0,0,2333.6,1,0.0,0,0.0,0,0.0,0,0.0,0
2012-10-22T09:15:34.000,2333.6,5388,2333.2,3,0.0,0,0.0,0,0.0,0,0.0,0,2333.6,11,0.0,0,0.0,0,0.0,0,0.0,0
2012-10-22T09:15:34.500,2333.6,5414,2333.2,4,0.0,0,0.0,0,0.0,0,0.0,0,2333.6,7,0.0,0,0.0,0,0.0,0,0.0,0
2012-10-22T09:15:35.000,2333.4,5435,2333,14,0.0,0,0.0,0,0.0,0,0.0,0,2333.4,10,0.0,0,0.0,0,0.0,0,0.0,0
2012-10-22T09:15:35.500,2333.2,5452,2333,21,0.0,0,0.0,0,0.0,0,0.0,0,2333.2,25,0.0,0,0.0,0,0.0,0,0.0,0
2012-10-22T09:15:36.000,2333,5487,2333,16,0.0,0,0.0,0,0.0,0,0.0,0,2333.4,7,0.0,0,0.0,0,0.0,0,0.0,0
2012-10-22T09:15:36.500,2333.4,5499,2333.2,1,0.0,0,0.0,0,0.0,0,0.0,0,2333.4,6,0.0,0,0.0,0,0.0,0,0.0,0
2012-10-22T09:15:37.000,2333,5527,2332.8,49,0.0,0,0.0,0,0.0,0,0.0,0,2333.2,22,0.0,0,0.0,0,0.0,0,0.0,0
2012-10-22T09:15:37.500,2333.2,5534,2333,6,0.0,0,0.0,0,0.0,0,0.0,0,2333.2,46,0.0,0,0.0,0,0.0,0,0.0,0
2012-10-22T09:15:38.000,2332.8,5558,2332.8,45,0.0,0,0.0,0,0.0,0,0.0,0,2333.2,31,0.0,0,0.0,0,0.0,0,0.0,0
2012-10-22T09:15:38.500,2332.8,5583,2332.8,32,0.0,0,0.0,0,0.0,0,0.0,0,2333.2,27,0.0,0,0.0,0,0.0,0,0.0,0
2012-10-22T09:15:39.000,2333,5599,2333,10,0.0,0,0.0,0,0.0,0,0.0,0,2333.2,20,0.0,0,0.0,0,0.0,0,0.0,0
2012-10-22T09:15:39.500,2333.2,5617,2333,8,0.0,0,0.0,0,0.0,0,0.0,0,2333.2,11,0.0,0,0.0,0,0.0,0,0.0,0
2012-10-22T09:15:40.000,2333.2,5631,2333.2,23,0.0,0,0.0,0,0.0,0,0.0,0,2333.4,1,0.0,0,0.0,0,0.0,0,0.0,0
2012-10-22T09:15:40.500,2333.2,5644,2333.2,10,0.0,0,0.0,0,0.0,0,0.0,0,2333.4,1,0.0,0,0.0,0,0.0,0,0.0,0
2012-10-22T09:15:41.000,2333.2,5677,2333.2,2,0.0,0,0.0,0,0.0,0,0.0,0,2333.4,1,0.0,0,0.0,0,0.0,0,0.0,0
2012-10-22T09:15:41.500,2333.2,5699,2332.8,36,0.0,0,0.0,0,0.0,0,0.0,0,2333,2,0.0,0,0.0,0,0.0,0,0.0,0
2012-10-22T09:15:42.000,2332.8,5716,2332.8,28,0.0,0,0.0,0,0.0,0,0.0,0,2333.2,60,0.0,0,0.0,0,0.0,0,0.0,0
2012-10-22T09:15:42.500,2333,5732,2333,2,0.0,0,0.0,0,0.0,0,0.0,0,2333.2,46,0.0,0,0.0,0,0.0,0,0.0,0
2012-10-22T09:15:43.000,2332.8,5761,2332.8,32,0.0,0,0.0,0,0.0,0,0.0,0,2333,46,0.0,0,0.0,0,0.0,0,0.0,0
2012-10-22T09:15:43.500,2333,5779,2332.8,21,0.0,0,0.0,0,0.0,0,0.0,0,2333,39,0.0,0,0.0,0,0.0,0,0.0,0
2012-10-22T09:15:44.000,2332.8,5787,2332.8,21,0.0,0,0.0,0,0.0,0,0.0,0,2333,46,0.0,0,0.0,0,0.0,0,0.0,0
2012-10-22T09:15:44.500,2332.8,5804,2332.8,12,0.0,0,0.0,0,0.0,0,0.0,0,2333,40,0.0,0,0.0,0,0.0,0,0.0,0
2012-10-22T09:15:45.000,2332.8,5822,2332.6,21,0.0,0,0.0,0,0.0,0,0.0,0,2333,47,0.0,0,0.0,0,0.0,0,0.0,0
2012-10-22T09:15:45.500,2332.8,5832,2332.6,20,0.0,0,0.0,0,0.0,0,0.0,0,2332.8,10,0.0,0,0.0,0,0.0,0,0.0,0
2012-10-22T09:15:46.000,2332.6,5839,2332.6,13,0.0,0,0.0,0,0.0,0,0.0,0,2332.8,13,0.0,0,0.0,0,0.0,0,0.0,0
2012-10-22T09:15:46.500,2332.6,5847,2332.6,14,0.0,0,0.0,0,0.0,0,0.0,0,2332.8,8,0.0,0,0.0,0,0.0,0,0.0,0
2012-10-22T09:15:47.000,2332.6,5855,2332.6,8,0.0,0,0.0,0,0.0,0,0.0,0,2332.8,17,0.0,0,0.0,0,0.0,0,0.0,0
2012-10-22T09:15:47.500,2332.8,5876,2332.6,3,0.0,0,0.0,0,0.0,0,0.0,0,2332.8,2,0.0,0,0.0,0,0.0,0,0.0,0
2012-10-22T09:15:48.000,2332.4,5900,2332.4,5,0.0,0,0.0,0,0.0,0,0.0,0,2332.6,27,0.0,0,0.0,0,0.0,0,0.0,0
2012-10-22T09:15:48.500,2332.6,5929,2332.4,5,0.0,0,0.0,0,0.0,0,0.0,0,2332.6,14,0.0,0,0.0,0,0.0,0,0.0,0
2012-10-22T09:15:49.000,2332.4,5936,2332.4,4,0.0,0,0.0,0,0.0,0,0.0,0,2332.6,21,0.0,0,0.0,0,0.0,0,0.0,0
2012-10-22T09:15:49.500,2332.4,5944,2332.2,45,0.0,0,0.0,0,0.0,0,0.0,0,2332.4,192,0.0,0,0.0,0,0.0,0,0.0,0
2012-10-22T09:15:50.000,2332.4,5960,2332.2,44,0.0,0,0.0,0,0.0,0,0.0,0,2332.4,186,0.0,0,0.0,0,0.0,0,0.0,0
2012-10-22T09:15:50.500,2332,6046,2332,31,0.0,0,0.0,0,0.0,0,0.0,0,2332.2,31,0.0,0,0.0,0,0.0,0,0.0,0
2012-10-22T09:15:51.000,2332,6086,2331.8,28,0.0,0,0.0,0,0.0,0,0.0,0,2332,32,0.0,0,0.0,0,0.0,0,0.0,0
2012-10-22T09:15:51.500,2331.8,6104,2331.8,23,0.0,0,0.0,0,0.0,0,0.0,0,2332,36,0.0,0,0.0,0,0.0,0,0.0,0
2012-10-22T09:15:52.000,2331.8,6120,2331.8,39,0.0,0,0.0,0,0.0,0,0.0,0,2332,38,0.0,0,0.0,0,0.0,0,0.0,0
2012-10-22T09:15:52.500,2331.8,6154,2331.8,37,0.0,0,0.0,0,0.0,0,0.0,0,2332,41,0.0,0,0.0,0,0.0,0,0.0,0
2012-10-22T09:15:53.000,2331.8,6198,2331.6,42,0.0,0,0.0,0,0.0,0,0.0,0,2331.8,5,0.0,0,0.0,0,0.0,0,0.0,0
2012-10-22T09:15:53.500,2331.8,6239,2331.6,17,0.0,0,0.0,0,0.0,0,0.0,0,2331.8,24,0.0,0,0.0,0,0.0,0,0.0,0
2012-10-22T09:15:54.000,2331.8,6277,2331.6,1,0.0,0,0.0,0,0.0,0,0.0,0,2331.8,3,0.0,0,0.0,0,0.0,0,0.0,0
2012-10-22T09:15:54.500,2331.6,6280,2331.4,78,0.0,0,0.0,0,0.0,0,0.0,0,2331.6,2,0.0,0,0.0,0,0.0,0,0.0,0
2012-10-22T09:15:55.000,2331.6,6324,2331.4,50,0.0,0,0.0,0,0.0,0,0.0,0,2331.6,2,0.0,0,0.0,0,0.0,0,0.0,0
2012-10-22T09:15:55.500,2331.6,6336,2331.6,19,0.0,0,0.0,0,0.0,0,0.0,0,2331.8,6,0.0,0,0.0,0,0.0,0,0.0,0
2012-10-22T09:15:56.000,2332,6382,2331.8,10,0.0,0,0.0,0,0.0,0,0.0,0,2332,40,0.0,0,0.0,0,0.0,0,0.0,0
2012-10-22T09:15:56.500,2331.8,6399,2331.8,18,0.0,0,0.0,0,0.0,0,0.0,0,2332,39,0.0,0,0.0,0,0.0,0,0.0,0
2012-10-22T09:15:57.000,2331.8,6445,2331.6,5,0.0,0,0.0,0,0.0,0,0.0,0,2331.8,3,0.0,0,0.0,0,0.0,0,0.0,0
2012-10-22T09:15:57.500,2331.8,6465,2331.8,9,0.0,0,0.0,0,0.0,0,0.0,0,2332,8,0.0,0,0.0,0,0.0,0,0.0,0
2012-10-22T09:15:58.000,2331.8,6481,2331.8,1,0.0,0,0.0,0,0.0,0,0.0,0,2332,13,0.0,0,0.0,0,0.0,0,0.0,0
2012-10-22T09:15:58.500,2331.6,6493,2331.6,5,0.0,0,0.0,0,0.0,0,0.0,0,2331.8,3,0.0,0,0.0,0,0.0,0,0.0,0
2012-10-22T09:15:59.000,2331.8,6504,2331.6,2,0.0,0,0.0,0,0.0,0,0.0,0,2331.8,9,0.0,0,0.0,0,0.0,0,0.0,0
2012-10-22T09:15:59.500,2331.8,6527,2331.4,50,0.0,0,0.0,0,0.0,0,0.0,0,2331.6,34,0.0,0,0.0,0,0.0,0,0.0,0
2012-10-22T09:16:00.000,2331.6,6580,2331.4,14,0.0,0,0.0,0,0.0,0,0.0,0,2331.6,23,0.0,0,0.0,0,0.0,0,0.0,0
2012-10-22T09:16:00.500,2331.4,6648,2331.2,66,0.0,0,0.0,0,0.0,0,0.0,0,2331.4,18,0.0,0,0.0,0,0.0,0,0.0,0
2012-10-22T09:16:01.000,2331.2,6676,2331.2,57,0.0,0,0.0,0,0.0,0,0.0,0,2331.4,23,0.0,0,0.0,0,0.0,0,0.0,0
2012-10-22T09:16:01.500,2331,6774,2331,90,0.0,0,0.0,0,0.0,0,0.0,0,2331.2,17,0.0,0,0.0,0,0.0,0,0.0,0
2012-10-22T09:16:02.000,2331,6841,2331,24,0.0,0,0.0,0,0.0,0,0.0,0,2331.2,25,0.0,0,0.0,0,0.0,0,0.0,0
2012-10-22T09:16:02.500,2331,6899,2330.8,2,0.0,0,0.0,0,0.0,0,0.0,0,2331,18,0.0,0,0.0,0,0.0,0,0.0,0
2012-10-22T09:16:03.000,2330.6,6944,2330.6,24,0.0,0,0.0,0,0.0,0,0.0,0,2330.8,8,0.0,0,0.0,0,0.0,0,0.0,0
2012-10-22T09:16:03.500,2330.6,7011,2330.6,26,0.0,0,0.0,0,0.0,0,0.0,0,2331,153,0.0,0,0.0,0,0.0,0,0.0,0
2012-10-22T09:16:04.000,2330.6,7079,2330.6,14,0.0,0,0.0,0,0.0,0,0.0,0,2331,151,0.0,0,0.0,0,0.0,0,0.0,0
2012-10-22T09:16:04.500,2330.6,7116,2330.2,218,0.0,0,0.0,0,0.0,0,0.0,0,2330.6,2,0.0,0,0.0,0,0.0,0,0.0,0
2012-10-22T09:16:05.000,2330.2,7175,2330.4,5,0.0,0,0.0,0,0.0,0,0.0,0,2330.8,30,0.0,0,0.0,0,0.0,0,0.0,0
2012-10-22T09:16:05.500,2330.4,7425,2330,163,0.0,0,0.0,0,0.0,0,0.0,0,2330.4,18,0.0,0,0.0,0,0.0,0,0.0,0
2012-10-22T09:16:06.000,2330,7452,2330,157,0.0,0,0.0,0,0.0,0,0.0,0,2330.4,7,0.0,0,0.0,0,0.0,0,0.0,0
2012-10-22T09:16:06.500,2330,7512,2330,122,0.0,0,0.0,0,0.0,0,0.0,0,2330.2,5,0.0,0,0.0,0,0.0,0,0.0,0
2012-10-22T09:16:07.000,2330,7623,2330,32,0.0,0,0.0,0,0.0,0,0.0,0,2330.2,10,0.0,0,0.0,0,0.0,0,0.0,0
2012-10-22T09:16:07.500,2330,7684,2329.8,1,0.0,0,0.0,0,0.0,0,0.0,0,2330,38,0.0,0,0.0,0,0.0,0,0.0,0
2012-10-22T09:16:08.000,2329.8,7717,2329.4,1,0.0,0,0.0,0,0.0,0,0.0,0,2329.8,24,0.0,0,0.0,0,0.0,0,0.0,0
2012-10-22T09:16:08.500,2329.2,7785,2329.6,1,0.0,0,0.0,0,0.0,0,0.0,0,2330,67,0.0,0,0.0,0,0.0,0,0.0,0
2012-10-22T09:16:09.000,2330,7887,2329.6,18,0.0,0,0.0,0,0.0,0,0.0,0,2330,47,0.0,0,0.0,0,0.0,0,0.0,0
2012-10-22T09:16:09.500,2329.8,8015,2329.8,36,0.0,0,0.0,0,0.0,0,0.0,0,2330.2,5,0.0,0,0.0,0,0.0,0,0.0,0
2012-10-22T09:16:10.000,2330,8063,2330,39,0.0,0,0.0,0,0.0,0,0.0,0,2330.4,7,0.0,0,0.0,0,0.0,0,0.0,0
2012-10-22T09:16:10.500,2330.6,8118,2330.2,1,0.0,0,0.0,0,0.0,0,0.0,0,2330.6,83,0.0,0,0.0,0,0.0,0,0.0,0
2012-10-22T09:16:11.000,2330,8146,2330,33,0.0,0,0.0,0,0.0,0,0.0,0,2330.2,1,0.0,0,0.0,0,0.0,0,0.0,0
2012-10-22T09:16:11.500,2329.8,8236,2329.6,6,0.0,0,0.0,0,0.0,0,0.0,0,2329.8,79,0.0,0,0.0,0,0.0,0,0.0,0
2012-10-22T09:16:12.000,2329.6,8257,2329.4,8,0.0,0,0.0,0,0.0,0,0.0,0,2329.6,43,0.0,0,0.0,0,0.0,0,0.0,0
2012-10-22T09:16:12.500,2329.4,8292,2329.2,64,0.0,0,0.0,0,0.0,0,0.0,0,2329.4,25,0.0,0,0.0,0,0.0,0,0.0,0
2012-10-22T09:16:13.000,2329.2,8378,2329,26,0.0,0,0.0,0,0.0,0,0.0,0,2329.2,10,0.0,0,0.0,0,0.0,0,0.0,0
2012-10-22T09:16:13.500,2329.4,8413,2329.2,4,0.0,0,0.0,0,0.0,0,0.0,0,2329.4,3,0.0,0,0.0,0,0.0,0,0.0,0
2012-10-22T09:16:14.000,2328.8,8472,2328.8,3,0.0,0,0.0,0,0.0,0,0.0,0,2329.2,58,0.0,0,0.0,0,0.0,0,0.0,0
2012-10-22T09:16:14.500,2329.2,8514,2329,1,0.0,0,0.0,0,0.0,0,0.0,0,2329.2,46,0.0,0,0.0,0,0.0,0,0.0,0
2012-10-22T09:16:15.000,2328.8,8575,2328.6,32,0.0,0,0.0,0,0.0,0,0.0,0,2328.8,24,0.0,0,0.0,0,0.0,0,0.0,0
2012-10-22T09:16:15.500,2328.6,8613,2328.6,47,0.0,0,0.0,0,0.0,0,0.0,0,2329,15,0.0,0,0.0,0,0.0,0,0.0,0
2012-10-22T09:16:16.000,2329,8643,2328.8,19,0.0,0,0.0,0,0.0,0,0.0,0,2329,12,0.0,0,0.0,0,0.0,0,0.0,0
2012-10-22T09:16:16.500,2329.2,8697,2329,51,0.0,0,0.0,0,0.0,0,0.0,0,2329.2,105,0.0,0,0.0,0,0.0,0,0.0,0
2012-10-22T09:16:17.000,2329,8784,2329,17,0.0,0,0.0,0,0.0,0,0.0,0,2329.2,66,0.0,0,0.0,0,0.0,0,0.0,0
2012-10-22T09:16:17.500,2329.2,8806,2329,17,0.0,0,0.0,0,0.0,0,0.0,0,2329.2,55,0.0,0,0.0,0,0.0,0,0.0,0
2012-10-22T09:16:18.000,2329,8880,2328.8,14,0.0,0,0.0,0,0.0,0,0.0,0,2329,4,0.0,0,0.0,0,0.0,0,0.0,0
2012-10-22T09:16:18.500,2329,8901,2328.8,15,0.0,0,0.0,0,0.0,0,0.0,0,2329,89,0.0,0,0.0,0,0.0,0,0.0,0
2012-10-22T09:16:19.000,2328.8,8930,2328.6,18,0.0,0,0.0,0,0.0,0,0.0,0,2328.8,78,0.0,0,0.0,0,0.0,0,0.0,0
2012-10-22T09:16:19.500,2328.8,9002,2328.4,4,0.0,0,0.0,0,0.0,0,0.0,0,2328.8,43,0.0,0,0.0,0,0.0,0,0.0,0
2012-10-22T09:16:20.000,2328.8,9038,2328.4,1,0.0,0,0.0,0,0.0,0,0.0,0,2328.8,24,0.0,0,0.0,0,0.0,0,0.0,0
2012-10-22T09:16:20.500,2328.2,9080,2328.2,33,0.0,0,0.0,0,0.0,0,0.0,0,2328.8,16,0.0,0,0.0,0,0.0,0,0.0,0
2012-10-22T09:16:21.000,2328.8,9127,2328.8,1,0.0,0,0.0,0,0.0,0,0.0,0,2329,95,0.0,0,0.0,0,0.0,0,0.0,0
2012-10-22T09:16:21.500,2328.4,9154,2328.4,26,0.0,0,0.0,0,0.0,0,0.0,0,2329,85,0.0,0,0.0,0,0.0,0,0.0,0
2012-10-22T09:16:22.000,2329,9181,2328.6,17,0.0,0,0.0,0,0.0,0,0.0,0,2329,81,0.0,0,0.0,0,0.0,0,0.0,0
2012-10-22T09:16:22.500,2328.8,9196,2328.8,4,0.0,0,0.0,0,0.0,0,0.0,0,2329,73,0.0,0,0.0,0,0.0,0,0.0,0
2012-10-22T09:16:23.000,2329,9226,2328.6,30,0.0,0,0.0,0,0.0,0,0.0,0,2329,63,0.0,0,0.0,0,0.0,0,0.0,0
2012-10-22T09:16:23.500,2329,9241,2328.6,30,0.0,0,0.0,0,0.0,0,0.0,0,2329,49,0.0,0,0.0,0,0.0,0,0.0,0
2012-10-22T09:16:24.000,2329,9293,2329,62,0.0,0,0.0,0,0.0,0,0.0,0,2329.2,43,0.0,0,0.0,0,0.0,0,0.0,0
2012-10-22T09:16:24.500,2329,9314,2329,73,0.0,0,0.0,0,0.0,0,0.0,0,2329.2,38,0.0,0,0.0,0,0.0,0,0.0,0
2012-10-22T09:16:25.000,2329.2,9381,2329.2,20,0.0,0,0.0,0,0.0,0,0.0,0,2329.4,75,0.0,0,0.0,0,0.0,0,0.0,0
2012-10-22T09:16:25.500,2329.2,9443,2329.2,10,0.0,0,0.0,0,0.0,0,0.0,0,2329.4,26,0.0,0,0.0,0,0.0,0,0.0,0
2012-10-22T09:16:26.000,2329.4,9474,2329.2,24,0.0,0,0.0,0,0.0,0,0.0,0,2329.4,6,0.0,0,0.0,0,0.0,0,0.0,0
2012-10-22T09:16:26.500,2329.4,9520,2329.2,37,0.0,0,0.0,0,0.0,0,0.0,0,2329.4,11,0.0,0,0.0,0,0.0,0,0.0,0
2012-10-22T09:16:27.000,2329.6,9536,2329.4,6,0.0,0,0.0,0,0.0,0,0.0,0,2329.6,6,0.0,0,0.0,0,0.0,0,0.0,0
2012-10-22T09:16:27.500,2329.4,9559,2329.4,2,0.0,0,0.0,0,0.0,0,0.0,0,2329.6,6,0.0,0,0.0,0,0.0,0,0.0,0
2012-10-22T09:16:28.000,2329.6,9568,2329.4,2,0.0,0,0.0,0,0.0,0,0.0,0,2329.6,2,0.0,0,0.0,0,0.0,0,0.0,0
2012-10-22T09:16:28.500,2329.6,9594,2329.6,39,0.0,0,0.0,0,0.0,0,0.0,0,2329.8,79,0.0,0,0.0,0,0.0,0,0.0,0
2012-10-22T09:16:29.000,2329.8,9612,2329.6,39,0.0,0,0.0,0,0.0,0,0.0,0,2329.8,64,0.0,0,0.0,0,0.0,0,0.0,0
2012-10-22T09:16:29.500,2329.6,9616,2329.6,91,0.0,0,0.0,0,0.0,0,0.0,0,2329.8,60,0.0,0,0.0,0,0.0,0,0.0,0
2012-10-22T09:16:30.000,2330,9684,2329.8,28,0.0,0,0.0,0,0.0,0,0.0,0,2330,47,0.0,0,0.0,0,0.0,0,0.0,0
2012-10-22T09:16:30.500,2329.8,9719,2329.8,63,0.0,0,0.0,0,0.0,0,0.0,0,2330,26,0.0,0,0.0,0,0.0,0,0.0,0
2012-10-22T09:16:31.000,2330.2,9798,2330,9,0.0,0,0.0,0,0.0,0,0.0,0,2330.2,3,0.0,0,0.0,0,0.0,0,0.0,0
2012-10-22T09:16:31.500,2330.2,9808,2330,9,0.0,0,0.0,0,0.0,0,0.0,0,2330.2,15,0.0,0,0.0,0,0.0,0,0.0,0
2012-10-22T09:16:32.000,2330.2,9848,2330.2,1,0.0,0,0.0,0,0.0,0,0.0,0,2330.4,3,0.0,0,0.0,0,0.0,0,0.0,0
2012-10-22T09:16:32.500,2330.2,9852,2330,4,0.0,0,0.0,0,0.0,0,0.0,0,2330.4,5,0.0,0,0.0,0,0.0,0,0.0,0
2012-10-22T09:16:33.000,2330,9872,2329.8,11,0.0,0,0.0,0,0.0,0,0.0,0,2330,1,0.0,0,0.0,0,0.0,0,0.0,0
2012-10-22T09:16:33.500,2330,9923,2329.6,102,0.0,0,0.0,0,0.0,0,0.0,0,2330,8,0.0,0,0.0,0,0.0,0,0.0,0
2012-10-22T09:16:34.000,2329.8,9941,2329.8,10,0.0,0,0.0,0,0.0,0,0.0,0,2330,2,0.0,0,0.0,0,0.0,0,0.0,0
2012-10-22T09:16:34.500,2330.2,9955,2330.2,14,0.0,0,0.0,0,0.0,0,0.0,0,2330.4,14,0.0,0,0.0,0,0.0,0,0.0,0
2012-10-22T09:16:35.000,2330.2,9958,2330.2,13,0.0,0,0.0,0,0.0,0,0.0,0,2330.4,11,0.0,0,0.0,0,0.0,0,0.0,0
2012-10-22T09:16:35.500,2330.2,9961,2330.2,13,0.0,0,0.0,0,0.0,0,0.0,0,2330.4,10,0.0,0,0.0,0,0.0,0,0.0,0
2012-10-22T09:16:36.000,2330,9980,2330,38,0.0,0,0.0,0,0.0,0,0.0,0,2330.2,6,0.0,0,0.0,0,0.0,0,0.0,0
2012-10-22T09:16:36.500,2330.4,9995,2330,40,0.0,0,0.0,0,0.0,0,0.0,0,2330.4,5,0.0,0,0.0,0,0.0,0,0.0,0
2012-10-22T09:16:37.000,2330.4,10004,2330.2,9,0.0,0,0.0,0,0.0,0,0.0,0,2330.4,2,0.0,0,0.0,0,0.0,0,0.0,0
2012-10-22T09:16:37.500,2330.2,10025,2330,36,0.0,0,0.0,0,0.0,0,0.0,0,2330.2,27,0.0,0,0.0,0,0.0,0,0.0,0
2012-10-22T09:16:38.000,2329.8,10073,2329.8,18,0.0,0,0.0,0,0.0,0,0.0,0,2330,75,0.0,0,0.0,0,0.0,0,0.0,0
2012-10-22T09:16:38.500,2329.8,10169,2329.6,93,0.0,0,0.0,0,0.0,0,0.0,0,2330,24,0.0,0,0.0,0,0.0,0,0.0,0
2012-10-22T09:16:39.000,2330,10209,2329.8,9,0.0,0,0.0,0,0.0,0,0.0,0,2330,5,0.0,0,0.0,0,0.0,0,0.0,0
2012-10-22T09:16:39.500,2330.2,10222,2330,1,0.0,0,0.0,0,0.0,0,0.0,0,2330.4,4,0.0,0,0.0,0,0.0,0,0.0,0
2012-10-22T09:16:40.000,2330.2,10225,2330,36,0.0,0,0.0,0,0.0,0,0.0,0,2330.2,3,0.0,0,0.0,0,0.0,0,0.0,0
2012-10-22T09:16:40.500,2330.2,10245,2330.2,5,0.0,0,0.0,0,0.0,0,0.0,0,2330.4,16,0.0,0,0.0,0,0.0,0,0.0,0
2012-10-22T09:16:41.000,2330.2,10255,2330.2,2,0.0,0,0.0,0,0.0,0,0.0,0,2330.4,18,0.0,0,0.0,0,0.0,0,0.0,0
2012-10-22T09:16:41.500,2330.2,10276,2330.2,1,0.0,0,0.0,0,0.0,0,0.0,0,2330.4,2,0.0,0,0.0,0,0.0,0,0.0,0
2012-10-22T09:16:42.000,2330,10306,2330,5,0.0,0,0.0,0,0.0,0,0.0,0,2330.2,12,0.0,0,0.0,0,0.0,0,0.0,0
2012-10-22T09:16:42.500,2330,10321,2330,31,0.0,0,0.0,0,0.0,0,0.0,0,2330.2,14,0.0,0,0.0,0,0.0,0,0.0,0
2012-10-22T09:16:43.000,2330,10335,2330,21,0.0,0,0.0,0,0.0,0,0.0,0,2330.2,13,0.0,0,0.0,0,0.0,0,0.0,0
2012-10-22T09:16:43.500,2330.2,10341,2330,21,0.0,0,0.0,0,0.0,0,0.0,0,2330.2,8,0.0,0,0.0,0,0.0,0,0.0,0
2012-10-22T09:16:44.000,2330,10369,2329.8,33,0.0,0,0.0,0,0.0,0,0.0,0,2330,16,0.0,0,0.0,0,0.0,0,0.0,0
2012-10-22T09:16:44.500,2330.2,10403,2330,15,0.0,0,0.0,0,0.0,0,0.0,0,2330.2,7,0.0,0,0.0,0,0.0,0,0.0,0
2012-10-22T09:16:45.000,2330,10405,2330,18,0.0,0,0.0,0,0.0,0,0.0,0,2330.2,9,0.0,0,0.0,0,0.0,0,0.0,0
2012-10-22T09:16:45.500,2330.2,10426,2330,10,0.0,0,0.0,0,0.0,0,0.0,0,2330.2,46,0.0,0,0.0,0,0.0,0,0.0,0
2012-10-22T09:16:46.000,2330,10450,2329.8,53,0.0,0,0.0,0,0.0,0,0.0,0,2330,59,0.0,0,0.0,0,0.0,0,0.0,0
2012-10-22T09:16:46.500,2330,10557,2329.8,28,0.0,0,0.0,0,0.0,0,0.0,0,2330,27,0.0,0,0.0,0,0.0,0,0.0,0
2012-10-22T09:16:47.000,2330,10561,2329.8,27,0.0,0,0.0,0,0.0,0,0.0,0,2330,29,0.0,0,0.0,0,0.0,0,0.0,0
2012-10-22T09:16:47.500,2329.8,10570,2329.8,24,0.0,0,0.0,0,0.0,0,0.0,0,2330,54,0.0,0,0.0,0,0.0,0,0.0,0
2012-10-22T09:16:48.000,2329.8,10587,2329.8,16,0.0,0,0.0,0,0.0,0,0.0,0,2330,66,0.0,0,0.0,0,0.0,0,0.0,0
2012-10-22T09:16:48.500,2329.8,10638,2329.6,63,0.0,0,0.0,0,0.0,0,0.0,0,2329.8,67,0.0,0,0.0,0,0.0,0,0.0,0
2012-10-22T09:16:49.000,2329.8,10655,2329.6,52,0.0,0,0.0,0,0.0,0,0.0,0,2329.8,62,0.0,0,0.0,0,0.0,0,0.0,0
2012-10-22T09:16:49.500,2329.8,10699,2329.6,41,0.0,0,0.0,0,0.0,0,0.0,0,2329.8,35,0.0,0,0.0,0,0.0,0,0.0,0
2012-10-22T09:16:50.000,2329.8,10740,2329.6,4,0.0,0,0.0,0,0.0,0,0.0,0,2329.8,31,0.0,0,0.0,0,0.0,0,0.0,0
2012-10-22T09:16:50.500,2329.8,10746,2329.6,1,0.0,0,0.0,0,0.0,0,0.0,0,2329.8,29,0.0,0,0.0,0,0.0,0,0.0,0
2012-10-22T09:16:51.000,2329.8,10788,2329.8,19,0.0,0,0.0,0,0.0,0,0.0,0,2330,64,0.0,0,0.0,0,0.0,0,0.0,0
2012-10-22T09:16:51.500,2330,10796,2329.8,16,0.0,0,0.0,0,0.0,0,0.0,0,2330,61,0.0,0,0.0,0,0.0,0,0.0,0
2012-10-22T09:16:52.000,2329.8,10817,2329.8,13,0.0,0,0.0,0,0.0,0,0.0,0,2330,48,0.0,0,0.0,0,0.0,0,0.0,0
2012-10-22T09:16:52.500,2330,10821,2329.8,18,0.0,0,0.0,0,0.0,0,0.0,0,2330,45,0.0,0,0.0,0,0.0,0,0.0,0
2012-10-22T09:16:53.000,2330,10843,2329.8,18,0.0,0,0.0,0,0.0,0,0.0,0,2330,24,0.0,0,0.0,0,0.0,0,0.0,0
2012-10-22T09:16:53.500,2330,10870,2330,1,0.0,0,0.0,0,0.0,0,0.0,0,2330.2,46,0.0,0,0.0,0,0.0,0,0.0,0
2012-10-22T09:16:54.000,2330.2,10875,2330,6,0.0,0,0.0,0,0.0,0,0.0,0,2330.2,43,0.0,0,0.0,0,0.0,0,0.0,0
2012-10-22T09:16:54.500,2330.2,10880,2330,28,0.0,0,0.0,0,0.0,0,0.0,0,2330.2,53,0.0,0,0.0,0,0.0,0,0.0,0
2012-10-22T09:16:55.000,2330,10888,2330,39,0.0,0,0.0,0,0.0,0,0.0,0,2330.2,47,0.0,0,0.0,0,0.0,0,0.0,0
2012-10-22T09:16:55.500,2330,10896,2330,33,0.0,0,0.0,0,0.0,0,0.0,0,2330.2,46,0.0,0,0.0,0,0.0,0,0.0,0
2012-10-22T09:16:56.000,2330.2,10906,2330,28,0.0,0,0.0,0,0.0,0,0.0,0,2330.2,41,0.0,0,0.0,0,0.0,0,0.0,0
2012-10-22T09:16:56.500,2330.4,10951,2330.2,5,0.0,0,0.0,0,0.0,0,0.0,0,2330.4,11,0.0,0,0.0,0,0.0,0,0.0,0
2012-10-22T09:16:57.000,2330.4,10952,2330.2,9,0.0,0,0.0,0,0.0,0,0.0,0,2330.4,12,0.0,0,0.0,0,0.0,0,0.0,0
2012-10-22T09:16:57.500,2330.2,10955,2330.2,13,0.0,0,0.0,0,0.0,0,0.0,0,2330.4,12,0.0,0,0.0,0,0.0,0,0.0,0
2012-10-22T09:16:58.000,2330.2,10958,2330.2,13,0.0,0,0.0,0,0.0,0,0.0,0,2330.4,15,0.0,0,0.0,0,0.0,0,0.0,0
2012-10-22T09:16:58.500,2330.4,10963,2330.2,18,0.0,0,0.0,0,0.0,0,0.0,0,2330.4,11,0.0,0,0.0,0,0.0,0,0.0,0
2012-10-22T09:16:59.000,2330.4,10982,2330.2,4,0.0,0,0.0,0,0.0,0,0.0,0,2330.4,25,0.0,0,0.0,0,0.0,0,0.0,0
2012-10-22T09:16:59.500,2330.2,11006,2330,30,0.0,0,0.0,0,0.0,0,0.0,0,2330.2,6,0.0,0,0.0,0,0.0,0,0.0,0
2012-10-22T09:17:00.000,2330.4,11014,2330,32,0.0,0,0.0,0,0.0,0,0.0,0,2330.2,2,0.0,0,0.0,0,0.0,0,0.0,0
2012-10-22T09:17:00.500,2330,11041,2330,27,0.0,0,0.0,0,0.0,0,0.0,0,2330.2,3,0.0,0,0.0,0,0.0,0,0.0,0
2012-10-22T09:17:01.000,2330,11064,2330,22,0.0,0,0.0,0,0.0,0,0.0,0,2330.2,1,0.0,0,0.0,0,0.0,0,0.0,0
2012-10-22T09:17:01.500,2330.2,11094,2330.2,5,0.0,0,0.0,0,0.0,0,0.0,0,2330.4,10,0.0,0,0.0,0,0.0,0,0.0,0
2012-10-22T09:17:02.000,2330.2,11109,2330.2,8,0.0,0,0.0,0,0.0,0,0.0,0,2330.4,3,0.0,0,0.0,0,0.0,0,0.0,0
2012-10-22T09:17:02.500,2330.4,11125,2330.4,18,0.0,0,0.0,0,0.0,0,0.0,0,2330.6,118,0.0,0,0.0,0,0.0,0,0.0,0
2012-10-22T09:17:03.000,2330.4,11142,2330.4,16,0.0,0,0.0,0,0.0,0,0.0,0,2330.6,108,0.0,0,0.0,0,0.0,0,0.0,0
2012-10-22T09:17:03.500,2330.4,11164,2330.4,11,0.0,0,0.0,0,0.0,0,0.0,0,2330.6,93,0.0,0,0.0,0,0.0,0,0.0,0
2012-10-22T09:17:04.000,2330.4,11217,2330.4,1,0.0,0,0.0,0,0.0,0,0.0,0,2330.6,69,0.0,0,0.0,0,0.0,0,0.0,0
2012-10-22T09:17:04.500,2330.2,11239,2330.2,2,0.0,0,0.0,0,0.0,0,0.0,0,2330.6,60,0.0,0,0.0,0,0.0,0,0.0,0
2012-10-22T09:17:05.000,2330.4,11288,2330,21,0.0,0,0.0,0,0.0,0,0.0,0,2330.4,11,0.0,0,0.0,0,0.0,0,0.0,0
2012-10-22T09:17:05.500,2330.2,11313,2330,21,0.0,0,0.0,0,0.0,0,0.0,0,2330.2,1,0.0,0,0.0,0,0.0,0,0.0,0
2012-10-22T09:17:06.000,2330.2,11319,2330,22,0.0,0,0.0,0,0.0,0,0.0,0,2330.2,3,0.0,0,0.0,0,0.0,0,0.0,0
2012-10-22T09:17:06.500,2330,11333,2330,20,0.0,0,0.0,0,0.0,0,0.0,0,2330.2,1,0.0,0,0.0,0,0.0,0,0.0,0
2012-10-22T09:17:07.000,2330.4,11337,2330.2,5,0.0,0,0.0,0,0.0,0,0.0,0,2330.4,1,0.0,0,0.0,0,0.0,0,0.0,0
2012-10-22T09:17:07.500,2330.2,11341,2330.2,31,0.0,0,0.0,0,0.0,0,0.0,0,2330.4,5,0.0,0,0.0,0,0.0,0,0.0,0
2012-10-22T09:17:08.000,2330.4,11349,2330.2,36,0.0,0,0.0,0,0.0,0,0.0,0,2330.4,7,0.0,0,0.0,0,0.0,0,0.0,0
2012-10-22T09:17:08.500,2330.4,11352,2330.2,60,0.0,0,0.0,0,0.0,0,0.0,0,2330.4,4,0.0,0,0.0,0,0.0,0,0.0,0
2012-10-22T09:17:09.000,2330.4,11361,2330.4,14,0.0,0,0.0,0,0.0,0,0.0,0,2330.6,58,0.0,0,0.0,0,0.0,0,0.0,0
2012-10-22T09:17:09.500,2330.4,11375,2330.4,29,0.0,0,0.0,0,0.0,0,0.0,0,2330.6,53,0.0,0,0.0,0,0.0,0,0.0,0
2012-10-22T09:17:10.000,2330.6,11392,2330.4,28,0.0,0,0.0,0,0.0,0,0.0,0,2330.6,37,0.0,0,0.0,0,0.0,0,0.0,0
2012-10-22T09:17:10.500,2330.6,11422,2330.4,41,0.0,0,0.0,0,0.0,0,0.0,0,2330.6,8,0.0,0,0.0,0,0.0,0,0.0,0
2012-10-22T09:17:11.000,2330.6,11435,2330.6,6,0.0,0,0.0,0,0.0,0,0.0,0,2330.8,41,0.0,0,0.0,0,0.0,0,0.0,0
2012-10-22T09:17:11.500,2330.6,11457,2330.6,7,0.0,0,0.0,0,0.0,0,0.0,0,2330.8,28,0.0,0,0.0,0,0.0,0,0.0,0
2012-10-22T09:17:12.000,2330.8,11466,2330.6,11,0.0,0,0.0,0,0.0,0,0.0,0,2330.8,22,0.0,0,0.0,0,0.0,0,0.0,0
2012-10-22T09:17:12.500,2330.6,11489,2330.4,30,0.0,0,0.0,0,0.0,0,0.0,0,2330.6,10,0.0,0,0.0,0,0.0,0,0.0,0
2012-10-22T09:17:13.000,2330.6,11511,2330.6,26,0.0,0,0.0,0,0.0,0,0.0,0,2330.8,11,0.0,0,0.0,0,0.0,0,0.0,0
2012-10-22T09:17:13.500,2330.6,11545,2330.6,5,0.0,0,0.0,0,0.0,0,0.0,0,2330.8,5,0.0,0,0.0,0,0.0,0,0.0,0
2012-10-22T09:17:14.000,2330.8,11552,2330.8,26,0.0,0,0.0,0,0.0,0,0.0,0,2331,59,0.0,0,0.0,0,0.0,0,0.0,0
2012-10-22T09:17:14.500,2330.8,11561,2330.8,26,0.0,0,0.0,0,0.0,0,0.0,0,2331,52,0.0,0,0.0,0,0.0,0,0.0,0
2012-10-22T09:17:15.000,2331,11579,2330.8,27,0.0,0,0.0,0,0.0,0,0.0,0,2331,36,0.0,0,0.0,0,0.0,0,0.0,0
2012-10-22T09:17:15.500,2330.8,11590,2330.8,25,0.0,0,0.0,0,0.0,0,0.0,0,2331,26,0.0,0,0.0,0,0.0,0,0.0,0
2012-10-22T09:17:16.000,2331,11616,2331,3,0.0,0,0.0,0,0.0,0,0.0,0,2331.2,9,0.0,0,0.0,0,0.0,0,0.0,0
2012-10-22T09:17:16.500,2331.2,11632,2330.8,24,0.0,0,0.0,0,0.0,0,0.0,0,2331.2,3,0.0,0,0.0,0,0.0,0,0.0,0
2012-10-22T09:17:17.000,2331.2,11662,2331.2,3,0.0,0,0.0,0,0.0,0,0.0,0,2331.4,13,0.0,0,0.0,0,0.0,0,0.0,0
2012-10-22T09:17:17.500,2331.2,11690,2331,3,0.0,0,0.0,0,0.0,0,0.0,0,2331.2,22,0.0,0,0.0,0,0.0,0,0.0,0
2012-10-22T09:17:18.000,2331,11704,2330.8,8,0.0,0,0.0,0,0.0,0,0.0,0,2331,6,0.0,0,0.0,0,0.0,0,0.0,0
2012-10-22T09:17:18.500,2331,11714,2330.8,7,0.0,0,0.0,0,0.0,0,0.0,0,2331,1,0.0,0,0.0,0,0.0,0,0.0,0
2012-10-22T09:17:19.000,2331,11739,2331,7,0.0,0,0.0,0,0.0,0,0.0,0,2331.2,3,0.0,0,0.0,0,0.0,0,0.0,0
2012-10-22T09:17:19.500,2331,11747,2330.8,7,0.0,0,0.0,0,0.0,0,0.0,0,2331,1,0.0,0,0.0,0,0.0,0,0.0,0
2012-10-22T09:17:20.000,2330.8,11767,2330.6,42,0.0,0,0.0,0,0.0,0,0.0,0,2330.8,88,0.0,0,0.0,0,0.0,0,0.0,0
2012-10-22T09:17:20.500,2330.8,11787,2330.6,32,0.0,0,0.0,0,0.0,0,0.0,0,2330.8,86,0.0,0,0.0,0,0.0,0,0.0,0
2012-10-22T09:17:21.000,2330.6,11795,2330.6,28,0.0,0,0.0,0,0.0,0,0.0,0,2330.8,82,0.0,0,0.0,0,0.0,0,0.0,0
2012-10-22T09:17:21.500,2330.8,11826,2330.6,32,0.0,0,0.0,0,0.0,0,0.0,0,2330.8,58,0.0,0,0.0,0,0.0,0,0.0,0
2012-10-22T09:17:22.000,2330.6,11843,2330.6,29,0.0,0,0.0,0,0.0,0,0.0,0,2330.8,44,0.0,0,0.0,0,0.0,0,0.0,0
2012-10-22T09:17:22.500,2330.8,11859,2330.6,24,0.0,0,0.0,0,0.0,0,0.0,0,2330.8,33,0.0,0,0.0,0,0.0,0,0.0,0
2012-10-22T09:17:23.000,2330.8,11863,2330.6,23,0.0,0,0.0,0,0.0,0,0.0,0,2330.8,30,0.0,0,0.0,0,0.0,0,0.0,0
2012-10-22T09:17:23.500,2330.6,11875,2330.6,15,0.0,0,0.0,0,0.0,0,0.0,0,2330.8,26,0.0,0,0.0,0,0.0,0,0.0,0
2012-10-22T09:17:24.000,2330.6,11884,2330.6,10,0.0,0,0.0,0,0.0,0,0.0,0,2330.8,23,0.0,0,0.0,0,0.0,0,0.0,0
2012-10-22T09:17:24.500,2330.6,11889,2330.6,7,0.0,0,0.0,0,0.0,0,0.0,0,2330.8,20,0.0,0,0.0,0,0.0,0,0.0,0
2012-10-22T09:17:25.000,2330.6,11898,2330.4,29,0.0,0,0.0,0,0.0,0,0.0,0,2330.6,5,0.0,0,0.0,0,0.0,0,0.0,0
2012-10-22T09:17:25.500,2330.6,11903,2330.4,29,0.0,0,0.0,0,0.0,0,0.0,0,2330.6,1,0.0,0,0.0,0,0.0,0,0.0,0
2012-10-22T09:17:26.000,2330.8,11909,2330.6,1,0.0,0,0.0,0,0.0,0,0.0,0,2330.8,28,0.0,0,0.0,0,0.0,0,0.0,0
2012-10-22T09:17:26.500,2330.4,11927,2330.4,25,0.0,0,0.0,0,0.0,0,0.0,0,2330.6,2,0.0,0,0.0,0,0.0,0,0.0,0
2012-10-22T09:17:27.000,2330.4,11961,2330.2,52,0.0,0,0.0,0,0.0,0,0.0,0,2330.4,70,0.0,0,0.0,0,0.0,0,0.0,0
2012-10-22T09:17:27.500,2330.4,11964,2330.2,51,0.0,0,0.0,0,0.0,0,0.0,0,2330.4,69,0.0,0,0.0,0,0.0,0,0.0,0
2012-10-22T09:17:28.000,2330.4,11975,2330.2,46,0.0,0,0.0,0,0.0,0,0.0,0,2330.4,64,0.0,0,0.0,0,0.0,0,0.0,0
2012-10-22T09:17:28.500,2330.4,11984,2330.2,39,0.0,0,0.0,0,0.0,0,0.0,0,2330.4,63,0.0,0,0.0,0,0.0,0,0.0,0
2012-10-22T09:17:29.000,2330.2,12014,2330.2,31,0.0,0,0.0,0,0.0,0,0.0,0,2330.4,43,0.0,0,0.0,0,0.0,0,0.0,0
2012-10-22T09:17:29.500,2330.2,12025,2330.2,30,0.0,0,0.0,0,0.0,0,0.0,0,2330.4,36,0.0,0,0.0,0,0.0,0,0.0,0
2012-10-22T09:17:30.000,2330.4,12026,2330.2,30,0.0,0,0.0,0,0.0,0,0.0,0,2330.4,35,0.0,0,0.0,0,0.0,0,0.0,0
2012-10-22T09:17:30.500,2330.4,12055,2330.2,12,0.0,0,0.0,0,0.0,0,0.0,0,2330.4,24,0.0,0,0.0,0,0.0,0,0.0,0
2012-10-22T09:17:31.000,2330.2,12061,2330.2,6,0.0,0,0.0,0,0.0,0,0.0,0,2330.4,21,0.0,0,0.0,0,0.0,0,0.0,0
2012-10-22T09:17:31.500,2330.4,12069,2330.2,1,0.0,0,0.0,0,0.0,0,0.0,0,2330.4,18,0.0,0,0.0,0,0.0,0,0.0,0
2012-10-22T09:17:32.000,2330.2,12074,2330,146,0.0,0,0.0,0,0.0,0,0.0,0,2330.2,3,0.0,0,0.0,0,0.0,0,0.0,0
2012-10-22T09:17:32.500,2330.2,12076,2330,147,0.0,0,0.0,0,0.0,0,0.0,0,2330.2,3,0.0,0,0.0,0,0.0,0,0.0,0
2012-10-22T09:17:33.000,2330.2,12079,2330.2,3,0.0,0,0.0,0,0.0,0,0.0,0,2330.4,16,0.0,0,0.0,0,0.0,0,0.0,0
2012-10-22T09:17:33.500,2330.4,12095,2330,147,0.0,0,0.0,0,0.0,0,0.0,0,2330.2,1,0.0,0,0.0,0,0.0,0,0.0,0
2012-10-22T09:17:34.000,2330.2,12100,2330.2,34,0.0,0,0.0,0,0.0,0,0.0,0,2330.4,9,0.0,0,0.0,0,0.0,0,0.0,0
2012-10-22T09:17:34.500,2330.2,12110,2330.2,27,0.0,0,0.0,0,0.0,0,0.0,0,2330.4,9,0.0,0,0.0,0,0.0,0,0.0,0
2012-10-22T09:17:35.250,2330.2,12146,2330.2,13,0.0,0,0.0,0,0.0,0,0.0,0,2330.6,25,0.0,0,0.0,0,0.0,0,0.0,0
2012-10-22T09:17:36.000,2330,12193,2330,144,0.0,0,0.0,0,0.0,0,0.0,0,2330.4,15,0.0,0,0.0,0,0.0,0,0.0,0
2012-10-22T09:17:36.500,2330.4,12211,2330.2,4,0.0,0,0.0,0,0.0,0,0.0,0,2330.4,6,0.0,0,0.0,0,0.0,0,0.0,0
2012-10-22T09:17:37.000,2330.2,12222,2330,146,0.0,0,0.0,0,0.0,0,0.0,0,2330.4,16,0.0,0,0.0,0,0.0,0,0.0,0
2012-10-22T09:17:37.500,2330.2,12226,2330,148,0.0,0,0.0,0,0.0,0,0.0,0,2330.2,1,0.0,0,0.0,0,0.0,0,0.0,0
2012-10-22T09:17:38.250,2330.2,12232,2330,142,0.0,0,0.0,0,0.0,0,0.0,0,2330.2,4,0.0,0,0.0,0,0.0,0,0.0,0
2012-10-22T09:17:39.000,2330,12234,2330,141,0.0,0,0.0,0,0.0,0,0.0,0,2330.2,4,0.0,0,0.0,0,0.0,0,0.0,0
2012-10-22T09:17:39.500,2330.2,12240,2330.2,22,0.0,0,0.0,0,0.0,0,0.0,0,2330.4,27,0.0,0,0.0,0,0.0,0,0.0,0
2012-10-22T09:17:40.250,2330.2,12246,2330.2,27,0.0,0,0.0,0,0.0,0,0.0,0,2330.4,22,0.0,0,0.0,0,0.0,0,0.0,0
2012-10-22T09:17:41.000,2330.2,12259,2330.2,17,0.0,0,0.0,0,0.0,0,0.0,0,2330.4,9,0.0,0,0.0,0,0.0,0,0.0,0
2012-10-22T09:17:41.500,2330.2,12272,2330.2,13,0.0,0,0.0,0,0.0,0,0.0,0,2330.4,8,0.0,0,0.0,0,0.0,0,0.0,0
2012-10-22T09:17:42.000,2330.2,12275,2330.2,18,0.0,0,0.0,0,0.0,0,0.0,0,2330.4,9,0.0,0,0.0,0,0.0,0,0.0,0
2012-10-22T09:17:42.500,2330.2,12281,2330.2,18,0.0,0,0.0,0,0.0,0,0.0,0,2330.4,8,0.0,0,0.0,0,0.0,0,0.0,0
2012-10-22T09:17:43.000,2330.4,12282,2330.2,21,0.0,0,0.0,0,0.0,0,0.0,0,2330.4,7,0.0,0,0.0,0,0.0,0,0.0,0
2012-10-22T09:17:43.500,2330.2,12291,2330.2,15,0.0,0,0.0,0,0.0,0,0.0,0,2330.4,7,0.0,0,0.0,0,0.0,0,0.0,0
2012-10-22T09:17:44.000,2330.2,12294,2330.2,25,0.0,0,0.0,0,0.0,0,0.0,0,2330.4,6,0.0,0,0.0,0,0.0,0,0.0,0
2012-10-22T09:17:44.500,2330.4,12319,2330.2,8,0.0,0,0.0,0,0.0,0,0.0,0,2330.4,2,0.0,0,0.0,0,0.0,0,0.0,0
2012-10-22T09:17:45.000,2330.4,12322,2330.2,10,0.0,0,0.0,0,0.0,0,0.0,0,2330.4,2,0.0,0,0.0,0,0.0,0,0.0,0
2012-10-22T09:17:45.500,2330.6,12329,2330.4,2,0.0,0,0.0,0,0.0,0,0.0,0,2330.6,7,0.0,0,0.0,0,0.0,0,0.0,0
2012-10-22T09:17:46.000,2330.4,12383,2330.4,4,0.0,0,0.0,0,0.0,0,0.0,0,2331.2,49,0.0,0,0.0,0,0.0,0,0.0,0
2012-10-22T09:17:46.500,2330.6,12393,2330.6,8,0.0,0,0.0,0,0.0,0,0.0,0,2331,11,0.0,0,0.0,0,0.0,0,0.0,0
2012-10-22T09:17:47.000,2331,12401,2330.6,10,0.0,0,0.0,0,0.0,0,0.0,0,2330.8,36,0.0,0,0.0,0,0.0,0,0.0,0
2012-10-22T09:17:47.500,2330.6,12408,2330.6,20,0.0,0,0.0,0,0.0,0,0.0,0,2330.8,34,0.0,0,0.0,0,0.0,0,0.0,0
2012-10-22T09:17:48.000,2330.8,12422,2330.6,19,0.0,0,0.0,0,0.0,0,0.0,0,2330.8,21,0.0,0,0.0,0,0.0,0,0.0,0
2012-10-22T09:17:48.500,2331,12461,2331,17,0.0,0,0.0,0,0.0,0,0.0,0,2331.2,50,0.0,0,0.0,0,0.0,0,0.0,0
2012-10-22T09:17:49.000,2331,12467,2331,25,0.0,0,0.0,0,0.0,0,0.0,0,2331.2,49,0.0,0,0.0,0,0.0,0,0.0,0
2012-10-22T09:17:49.500,2330.8,12516,2330.8,12,0.0,0,0.0,0,0.0,0,0.0,0,2331,4,0.0,0,0.0,0,0.0,0,0.0,0
2012-10-22T09:17:50.000,2331,12530,2330.8,6,0.0,0,0.0,0,0.0,0,0.0,0,2331,3,0.0,0,0.0,0,0.0,0,0.0,0
2012-10-22T09:17:50.500,2331.2,12534,2330.8,7,0.0,0,0.0,0,0.0,0,0.0,0,2331.2,53,0.0,0,0.0,0,0.0,0,0.0,0
2012-10-22T09:17:51.000,2331.2,12539,2330.8,6,0.0,0,0.0,0,0.0,0,0.0,0,2331.2,52,0.0,0,0.0,0,0.0,0,0.0,0
2012-10-22T09:17:51.500,2331,12542,2331,1,0.0,0,0.0,0,0.0,0,0.0,0,2331.2,57,0.0,0,0.0,0,0.0,0,0.0,0
2012-10-22T09:17:52.000,2331,12547,2331,6,0.0,0,0.0,0,0.0,0,0.0,0,2331.2,55,0.0,0,0.0,0,0.0,0,0.0,0
2012-10-22T09:17:52.500,2330.8,12557,2330.8,2,0.0,0,0.0,0,0.0,0,0.0,0,2331.2,54,0.0,0,0.0,0,0.0,0,0.0,0
2012-10-22T09:17:53.000,2331,12562,2330.6,4,0.0,0,0.0,0,0.0,0,0.0,0,2331,18,0.0,0,0.0,0,0.0,0,0.0,0
2012-10-22T09:17:53.500,2330.6,12570,2330.4,45,0.0,0,0.0,0,0.0,0,0.0,0,2330.6,12,0.0,0,0.0,0,0.0,0,0.0,0
2012-10-22T09:17:54.000,2330.6,12572,2330.4,46,0.0,0,0.0,0,0.0,0,0.0,0,2330.6,10,0.0,0,0.0,0,0.0,0,0.0,0
2012-10-22T09:17:54.500,2330.6,12578,2330.4,43,0.0,0,0.0,0,0.0,0,0.0,0,2330.6,16,0.0,0,0.0,0,0.0,0,0.0,0
2012-10-22T09:17:55.000,2330.6,12580,2330.4,44,0.0,0,0.0,0,0.0,0,0.0,0,2330.6,14,0.0,0,0.0,0,0.0,0,0.0,0
2012-10-22T09:17:55.500,2330.4,12594,2330.4,36,0.0,0,0.0,0,0.0,0,0.0,0,2330.6,9,0.0,0,0.0,0,0.0,0,0.0,0
2012-10-22T09:17:56.000,2330.6,12602,2330.4,36,0.0,0,0.0,0,0.0,0,0.0,0,2330.6,1,0.0,0,0.0,0,0.0,0,0.0,0
2012-10-22T09:17:56.500,2331,12615,2330.4,36,0.0,0,0.0,0,0.0,0,0.0,0,2331,12,0.0,0,0.0,0,0.0,0,0.0,0
2012-10-22T09:17:57.000,2331,12620,2330.6,7,0.0,0,0.0,0,0.0,0,0.0,0,2331,24,0.0,0,0.0,0,0.0,0,0.0,0
2012-10-22T09:17:57.500,2331,12622,2330.6,8,0.0,0,0.0,0,0.0,0,0.0,0,2330.8,1,0.0,0,0.0,0,0.0,0,0.0,0
2012-10-22T09:17:58.000,2330.6,12623,2330.6,17,0.0,0,0.0,0,0.0,0,0.0,0,2330.8,2,0.0,0,0.0,0,0.0,0,0.0,0
2012-10-22T09:17:58.500,2330.8,12626,2330.6,18,0.0,0,0.0,0,0.0,0,0.0,0,2330.8,2,0.0,0,0.0,0,0.0,0,0.0,0
2012-10-22T09:17:59.000,2330.8,12630,2330.6,19,0.0,0,0.0,0,0.0,0,0.0,0,2330.8,1,0.0,0,0.0,0,0.0,0,0.0,0
2012-10-22T09:17:59.500,2330.6,12632,2330.6,18,0.0,0,0.0,0,0.0,0,0.0,0,2330.8,2,0.0,0,0.0,0,0.0,0,0.0,0
2012-10-22T09:18:00.000,2330.8,12637,2330.8,2,0.0,0,0.0,0,0.0,0,0.0,0,2331,10,0.0,0,0.0,0,0.0,0,0.0,0
2012-10-22T09:18:00.500,2330.6,12645,2330.6,10,0.0,0,0.0,0,0.0,0,0.0,0,2330.8,23,0.0,0,0.0,0,0.0,0,0.0,0
2012-10-22T09:18:01.000,2330.8,12668,2330.8,2,0.0,0,0.0,0,0.0,0,0.0,0,2331,10,0.0,0,0.0,0,0.0,0,0.0,0
2012-10-22T09:18:01.500,2330.8,12687,2330.4,35,0.0,0,0.0,0,0.0,0,0.0,0,2331,10,0.0,0,0.0,0,0.0,0,0.0,0
2012-10-22T09:18:02.000,2330.6,12703,2330.4,26,0.0,0,0.0,0,0.0,0,0.0,0,2330.6,5,0.0,0,0.0,0,0.0,0,0.0,0
2012-10-22T09:18:02.500,2330.6,12709,2330.6,1,0.0,0,0.0,0,0.0,0,0.0,0,2330.8,4,0.0,0,0.0,0,0.0,0,0.0,0
2012-10-22T09:18:03.000,2330.8,12717,2330.4,26,0.0,0,0.0,0,0.0,0,0.0,0,2330.8,4,0.0,0,0.0,0,0.0,0,0.0,0
2012-10-22T09:18:03.500,2330.8,12723,2330.8,2,0.0,0,0.0,0,0.0,0,0.0,0,2331,11,0.0,0,0.0,0,0.0,0,0.0,0
2012-10-22T09:18:04.000,2330.4,12728,2330.4,22,0.0,0,0.0,0,0.0,0,0.0,0,2330.8,42,0.0,0,0.0,0,0.0,0,0.0,0
2012-10-22T09:18:04.500,2330.8,12734,2330.4,78,0.0,0,0.0,0,0.0,0,0.0,0,2330.6,26,0.0,0,0.0,0,0.0,0,0.0,0
2012-10-22T09:18:05.000,2330.4,12767,2330.4,51,0.0,0,0.0,0,0.0,0,0.0,0,2330.6,22,0.0,0,0.0,0,0.0,0,0.0,0
2012-10-22T09:18:05.500,2330.4,12791,2330.4,33,0.0,0,0.0,0,0.0,0,0.0,0,2330.6,2,0.0,0,0.0,0,0.0,0,0.0,0
2012-10-22T09:18:06.000,2330.4,12795,2330.4,34,0.0,0,0.0,0,0.0,0,0.0,0,2330.8,23,0.0,0,0.0,0,0.0,0,0.0,0
2012-10-22T09:18:06.500,2330.6,12798,2330.4,34,0.0,0,0.0,0,0.0,0,0.0,0,2330.6,3,0.0,0,0.0,0,0.0,0,0.0,0
2012-10-22T09:18:07.000,2330.4,12801,2330.4,32,0.0,0,0.0,0,0.0,0,0.0,0,2330.6,3,0.0,0,0.0,0,0.0,0,0.0,0
2012-10-22T09:18:07.500,2330.4,12806,2330.4,45,0.0,0,0.0,0,0.0,0,0.0,0,2330.6,9,0.0,0,0.0,0,0.0,0,0.0,0
2012-10-22T09:18:08.000,2330.4,12819,2330.4,33,0.0,0,0.0,0,0.0,0,0.0,0,2330.6,9,0.0,0,0.0,0,0.0,0,0.0,0
2012-10-22T09:18:08.500,2330.6,12829,2330.6,11,0.0,0,0.0,0,0.0,0,0.0,0,2330.8,25,0.0,0,0.0,0,0.0,0,0.0,0
2012-10-22T09:18:09.000,2330.8,12838,2330.6,4,0.0,0,0.0,0,0.0,0,0.0,0,2330.8,24,0.0,0,0.0,0,0.0,0,0.0,0
2012-10-22T09:18:09.500,2330.4,12847,2330.6,2,0.0,0,0.0,0,0.0,0,0.0,0,2330.8,25,0.0,0,0.0,0,0.0,0,0.0,0
2012-10-22T09:18:10.000,2330.8,12848,2330.6,14,0.0,0,0.0,0,0.0,0,0.0,0,2330.8,24,0.0,0,0.0,0,0.0,0,0.0,0
2012-10-22T09:18:10.500,2330.8,12863,2330.6,34,0.0,0,0.0,0,0.0,0,0.0,0,2330.8,18,0.0,0,0.0,0,0.0,0,0.0,0
2012-10-22T09:18:11.000,2330.8,12925,2330.4,35,0.0,0,0.0,0,0.0,0,0.0,0,2330.8,1,0.0,0,0.0,0,0.0,0,0.0,0
2012-10-22T09:18:11.500,2330.8,12932,2330.4,34,0.0,0,0.0,0,0.0,0,0.0,0,2330.8,5,0.0,0,0.0,0,0.0,0,0.0,0
2012-10-22T09:18:12.000,2330.8,12935,2330.4,34,0.0,0,0.0,0,0.0,0,0.0,0,2330.8,9,0.0,0,0.0,0,0.0,0,0.0,0
2012-10-22T09:18:12.500,2330.8,12938,2330.4,35,0.0,0,0.0,0,0.0,0,0.0,0,2330.8,11,0.0,0,0.0,0,0.0,0,0.0,0
2012-10-22T09:18:13.000,2330.8,12949,2330.4,27,0.0,0,0.0,0,0.0,0,0.0,0,2330.6,2,0.0,0,0.0,0,0.0,0,0.0,0
2012-10-22T09:18:13.500,2330.8,12951,2330.6,1,0.0,0,0.0,0,0.0,0,0.0,0,2330.8,14,0.0,0,0.0,0,0.0,0,0.0,0
2012-10-22T09:18:14.000,2330.4,12962,2330.4,19,0.0,0,0.0,0,0.0,0,0.0,0,2330.8,14,0.0,0,0.0,0,0.0,0,0.0,0
2012-10-22T09:18:14.500,2330.8,12967,2330.6,3,0.0,0,0.0,0,0.0,0,0.0,0,2330.8,11,0.0,0,0.0,0,0.0,0,0.0,0
2012-10-22T09:18:15.000,2330.4,12978,2330.6,1,0.0,0,0.0,0,0.0,0,0.0,0,2330.8,12,0.0,0,0.0,0,0.0,0,0.0,0
2012-10-22T09:18:15.500,2330.6,12996,2330.4,12,0.0,0,0.0,0,0.0,0,0.0,0,2330.6,3,0.0,0,0.0,0,0.0,0,0.0,0
2012-10-22T09:18:16.000,2330.8,13024,2330.2,59,0.0,0,0.0,0,0.0,0,0.0,0,2330.6,2,0.0,0,0.0,0,0.0,0,0.0,0
2012-10-22T09:18:16.500,2330.8,13029,2330.4,1,0.0,0,0.0,0,0.0,0,0.0,0,2330.6,2,0.0,0,0.0,0,0.0,0,0.0,0
2012-10-22T09:18:17.000,2330.6,13030,2330.4,1,0.0,0,0.0,0,0.0,0,0.0,0,2330.6,24,0.0,0,0.0,0,0.0,0,0.0,0
2012-10-22T09:18:17.500,2330.4,13033,2330.2,58,0.0,0,0.0,0,0.0,0,0.0,0,2330.4,6,0.0,0,0.0,0,0.0,0,0.0,0
2012-10-22T09:18:18.000,2330.4,13034,2330.2,58,0.0,0,0.0,0,0.0,0,0.0,0,2330.4,6,0.0,0,0.0,0,0.0,0,0.0,0
2012-10-22T09:18:18.500,2330.4,13043,2330.2,55,0.0,0,0.0,0,0.0,0,0.0,0,2330.4,8,0.0,0,0.0,0,0.0,0,0.0,0
2012-10-22T09:18:19.000,2330.2,13051,2330.2,48,0.0,0,0.0,0,0.0,0,0.0,0,2330.4,8,0.0,0,0.0,0,0.0,0,0.0,0
2012-10-22T09:18:19.500,2330.2,13054,2330.2,47,0.0,0,0.0,0,0.0,0,0.0,0,2330.4,8,0.0,0,0.0,0,0.0,0,0.0,0
2012-10-22T09:18:20.000,2330.2,13081,2330.2,36,0.0,0,0.0,0,0.0,0,0.0,0,2330.6,27,0.0,0,0.0,0,0.0,0,0.0,0
2012-10-22T09:18:20.500,2330.6,13082,2330.2,37,0.0,0,0.0,0,0.0,0,0.0,0,2330.6,26,0.0,0,0.0,0,0.0,0,0.0,0
2012-10-22T09:18:21.000,2330.2,13084,2330.4,1,0.0,0,0.0,0,0.0,0,0.0,0,2330.6,26,0.0,0,0.0,0,0.0,0,0.0,0
2012-10-22T09:18:21.500,2330.2,13086,2330.2,37,0.0,0,0.0,0,0.0,0,0.0,0,2330.6,26,0.0,0,0.0,0,0.0,0,0.0,0
2012-10-22T09:18:22.000,2330.2,13094,2330.4,3,0.0,0,0.0,0,0.0,0,0.0,0,2330.6,26,0.0,0,0.0,0,0.0,0,0.0,0
2012-10-22T09:18:22.500,2330.6,13105,2330.2,29,0.0,0,0.0,0,0.0,0,0.0,0,2330.6,21,0.0,0,0.0,0,0.0,0,0.0,0
2012-10-22T09:18:23.000,2330.6,13108,2330.4,1,0.0,0,0.0,0,0.0,0,0.0,0,2330.6,19,0.0,0,0.0,0,0.0,0,0.0,0
2012-10-22T09:18:23.500,2330.2,13113,2330.2,29,0.0,0,0.0,0,0.0,0,0.0,0,2330.4,1,0.0,0,0.0,0,0.0,0,0.0,0
2012-10-22T09:18:24.000,2330.6,13120,2330.4,6,0.0,0,0.0,0,0.0,0,0.0,0,2330.6,12,0.0,0,0.0,0,0.0,0,0.0,0
2012-10-22T09:18:24.500,2330.4,13124,2330.4,5,0.0,0,0.0,0,0.0,0,0.0,0,2330.6,11,0.0,0,0.0,0,0.0,0,0.0,0
2012-10-22T09:18:25.000,2330.6,13134,2330.4,13,0.0,0,0.0,0,0.0,0,0.0,0,2330.6,8,0.0,0,0.0,0,0.0,0,0.0,0
2012-10-22T09:18:25.500,2330.4,13136,2330.4,22,0.0,0,0.0,0,0.0,0,0.0,0,2330.6,8,0.0,0,0.0,0,0.0,0,0.0,0
2012-10-22T09:18:26.000,2330.6,13137,2330.4,28,0.0,0,0.0,0,0.0,0,0.0,0,2330.6,10,0.0,0,0.0,0,0.0,0,0.0,0
2012-10-22T09:18:26.500,2330.6,13145,2330.4,24,0.0,0,0.0,0,0.0,0,0.0,0,2330.6,6,0.0,0,0.0,0,0.0,0,0.0,0
2012-10-22T09:18:27.000,2330.6,13177,2330.4,5,0.0,0,0.0,0,0.0,0,0.0,0,2330.6,6,0.0,0,0.0,0,0.0,0,0.0,0
2012-10-22T09:18:27.500,2330.4,13182,2330.4,4,0.0,0,0.0,0,0.0,0,0.0,0,2330.6,8,0.0,0,0.0,0,0.0,0,0.0,0
2012-10-22T09:18:28.000,2330.6,13184,2330.4,5,0.0,0,0.0,0,0.0,0,0.0,0,2330.6,17,0.0,0,0.0,0,0.0,0,0.0,0
2012-10-22T09:18:28.500,2330.6,13192,2330.4,4,0.0,0,0.0,0,0.0,0,0.0,0,2330.6,11,0.0,0,0.0,0,0.0,0,0.0,0
2012-10-22T09:18:29.000,2330.2,13199,2330.2,32,0.0,0,0.0,0,0.0,0,0.0,0,2330.4,7,0.0,0,0.0,0,0.0,0,0.0,0
2012-10-22T09:18:29.500,2330.4,13202,2330.2,33,0.0,0,0.0,0,0.0,0,0.0,0,2330.4,5,0.0,0,0.0,0,0.0,0,0.0,0
2012-10-22T09:18:30.000,2330.2,13206,2330.2,34,0.0,0,0.0,0,0.0,0,0.0,0,2330.4,4,0.0,0,0.0,0,0.0,0,0.0,0
2012-10-22T09:18:30.500,2330.2,13208,2330.2,48,0.0,0,0.0,0,0.0,0,0.0,0,2330.4,6,0.0,0,0.0,0,0.0,0,0.0,0
2012-10-22T09:18:31.000,2330.4,13219,2330.4,9,0.0,0,0.0,0,0.0,0,0.0,0,2330.6,11,0.0,0,0.0,0,0.0,0,0.0,0
2012-10-22T09:18:31.500,2330.4,13223,2330.4,16,0.0,0,0.0,0,0.0,0,0.0,0,2330.6,15,0.0,0,0.0,0,0.0,0,0.0,0
2012-10-22T09:18:32.000,2330.4,13225,2330.4,16,0.0,0,0.0,0,0.0,0,0.0,0,2330.6,16,0.0,0,0.0,0,0.0,0,0.0,0
2012-10-22T09:18:32.500,2330.4,13229,2330.4,15,0.0,0,0.0,0,0.0,0,0.0,0,2330.6,15,0.0,0,0.0,0,0.0,0,0.0,0
2012-10-22T09:18:33.000,2330.4,13238,2330.4,8,0.0,0,0.0,0,0.0,0,0.0,0,2330.6,13,0.0,0,0.0,0,0.0,0,0.0,0
2012-10-22T09:18:33.500,2330.6,13244,2330.4,5,0.0,0,0.0,0,0.0,0,0.0,0,2330.6,11,0.0,0,0.0,0,0.0,0,0.0,0
2012-10-22T09:18:34.000,2330.6,13245,2330.4,7,0.0,0,0.0,0,0.0,0,0.0,0,2330.6,10,0.0,0,0.0,0,0.0,0,0.0,0
2012-10-22T09:18:34.500,2330.4,13247,2330.4,9,0.0,0,0.0,0,0.0,0,0.0,0,2330.6,10,0.0,0,0.0,0,0.0,0,0.0,0
2012-10-22T09:18:35.000,2330.4,13250,2330.4,7,0.0,0,0.0,0,0.0,0,0.0,0,2330.6,10,0.0,0,0.0,0,0.0,0,0.0,0
2012-10-22T09:18:35.500,2330.4,13251,2330.4,11,0.0,0,0.0,0,0.0,0,0.0,0,2330.6,10,0.0,0,0.0,0,0.0,0,0.0,0
2012-10-22T09:18:36.000,2330.4,13254,2330.4,23,0.0,0,0.0,0,0.0,0,0.0,0,2330.6,11,0.0,0,0.0,0,0.0,0,0.0,0
2012-10-22T09:18:36.500,2330.6,13266,2330.6,19,0.0,0,0.0,0,0.0,0,0.0,0,2330.8,49,0.0,0,0.0,0,0.0,0,0.0,0
2012-10-22T09:18:37.000,2330.6,13267,2330.6,24,0.0,0,0.0,0,0.0,0,0.0,0,2330.8,49,0.0,0,0.0,0,0.0,0,0.0,0
2012-10-22T09:18:37.500,2330.6,13270,2330.6,22,0.0,0,0.0,0,0.0,0,0.0,0,2330.8,49,0.0,0,0.0,0,0.0,0,0.0,0
2012-10-22T09:18:38.000,2330.6,13296,2330.6,2,0.0,0,0.0,0,0.0,0,0.0,0,2330.8,49,0.0,0,0.0,0,0.0,0,0.0,0
2012-10-22T09:18:38.500,2330.6,13297,2330.6,1,0.0,0,0.0,0,0.0,0,0.0,0,2330.8,49,0.0,0,0.0,0,0.0,0,0.0,0
2012-10-22T09:18:39.000,2330.6,13298,2330.4,18,0.0,0,0.0,0,0.0,0,0.0,0,2330.6,12,0.0,0,0.0,0,0.0,0,0.0,0
2012-10-22T09:18:39.500,2330.6,13309,2330.4,18,0.0,0,0.0,0,0.0,0,0.0,0,2330.6,1,0.0,0,0.0,0,0.0,0,0.0,0
2012-10-22T09:18:40.000,2330.6,13310,2330.6,1,0.0,0,0.0,0,0.0,0,0.0,0,2330.8,49,0.0,0,0.0,0,0.0,0,0.0,0
2012-10-22T09:18:40.500,2330.4,13314,2330.4,17,0.0,0,0.0,0,0.0,0,0.0,0,2330.8,50,0.0,0,0.0,0,0.0,0,0.0,0
2012-10-22T09:18:41.000,2330.8,13316,2330.4,16,0.0,0,0.0,0,0.0,0,0.0,0,2330.8,48,0.0,0,0.0,0,0.0,0,0.0,0
2012-10-22T09:18:41.500,2330.6,13318,2330.4,16,0.0,0,0.0,0,0.0,0,0.0,0,2330.8,47,0.0,0,0.0,0,0.0,0,0.0,0
2012-10-22T09:18:42.250,2330.8,13323,2330.4,14,0.0,0,0.0,0,0.0,0,0.0,0,2330.8,44,0.0,0,0.0,0,0.0,0,0.0,0
2012-10-22T09:18:43.000,2330.4,13324,2330.4,16,0.0,0,0.0,0,0.0,0,0.0,0,2330.8,44,0.0,0,0.0,0,0.0,0,0.0,0
2012-10-22T09:18:43.500,2330.8,13325,2330.4,16,0.0,0,0.0,0,0.0,0,0.0,0,2330.8,43,0.0,0,0.0,0,0.0,0,0.0,0
2012-10-22T09:18:44.000,2330.8,13328,2330.4,16,0.0,0,0.0,0,0.0,0,0.0,0,2330.8,41,0.0,0,0.0,0,0.0,0,0.0,0
2012-10-22T09:18:44.500,2330.4,13329,2330.4,21,0.0,0,0.0,0,0.0,0,0.0,0,2330.8,42,0.0,0,0.0,0,0.0,0,0.0,0
2012-10-22T09:18:45.000,2330.4,13330,2330.4,21,0.0,0,0.0,0,0.0,0,0.0,0,2330.6,1,0.0,0,0.0,0,0.0,0,0.0,0
2012-10-22T09:18:45.500,2330.8,13335,2330.6,20,0.0,0,0.0,0,0.0,0,0.0,0,2330.8,40,0.0,0,0.0,0,0.0,0,0.0,0
2012-10-22T09:18:46.250,2330.6,13338,2330.6,19,0.0,0,0.0,0,0.0,0,0.0,0,2330.8,41,0.0,0,0.0,0,0.0,0,0.0,0
2012-10-22T09:18:47.000,2330.8,13340,2330.6,20,0.0,0,0.0,0,0.0,0,0.0,0,2330.8,38,0.0,0,0.0,0,0.0,0,0.0,0
2012-10-22T09:18:47.500,2330.8,13350,2330.6,11,0.0,0,0.0,0,0.0,0,0.0,0,2330.8,37,0.0,0,0.0,0,0.0,0,0.0,0
2012-10-22T09:18:48.000,2330.6,13354,2330.6,12,0.0,0,0.0,0,0.0,0,0.0,0,2330.8,36,0.0,0,0.0,0,0.0,0,0.0,0
2012-10-22T09:18:48.500,2330.8,13365,2330.6,11,0.0,0,0.0,0,0.0,0,0.0,0,2330.8,31,0.0,0,0.0,0,0.0,0,0.0,0
2012-10-22T09:18:49.000,2330.8,13368,2330.6,11,0.0,0,0.0,0,0.0,0,0.0,0,2330.8,28,0.0,0,0.0,0,0.0,0,0.0,0
2012-10-22T09:18:49.500,2330.8,13370,2330.6,10,0.0,0,0.0,0,0.0,0,0.0,0,2330.8,27,0.0,0,0.0,0,0.0,0,0.0,0
2012-10-22T09:18:50.000,2330.8,13371,2330.6,10,0.0,0,0.0,0,0.0,0,0.0,0,2330.8,26,0.0,0,0.0,0,0.0,0,0.0,0
2012-10-22T09:18:50.500,2330.8,13377,2330.6,10,0.0,0,0.0,0,0.0,0,0.0,0,2330.8,20,0.0,0,0.0,0,0.0,0,0.0,0
2012-10-22T09:18:52.000,2330.8,13379,2330.6,9,0.0,0,0.0,0,0.0,0,0.0,0,2330.8,20,0.0,0,0.0,0,0.0,0,0.0,0
2012-10-22T09:18:52.500,2330.6,13389,2330.4,35,0.0,0,0.0,0,0.0,0,0.0,0,2330.6,10,0.0,0,0.0,0,0.0,0,0.0,0
2012-10-22T09:18:53.000,2330.6,13394,2330.4,33,0.0,0,0.0,0,0.0,0,0.0,0,2330.6,7,0.0,0,0.0,0,0.0,0,0.0,0
2012-10-22T09:18:53.500,2330.6,13396,2330.4,33,0.0,0,0.0,0,0.0,0,0.0,0,2330.6,5,0.0,0,0.0,0,0.0,0,0.0,0
2012-10-22T09:18:54.000,2330.6,13401,2330.6,3,0.0,0,0.0,0,0.0,0,0.0,0,2330.8,20,0.0,0,0.0,0,0.0,0,0.0,0
2012-10-22T09:18:54.500,2330.8,13403,2330.6,4,0.0,0,0.0,0,0.0,0,0.0,0,2330.8,19,0.0,0,0.0,0,0.0,0,0.0,0
2012-10-22T09:18:55.000,2330.8,13404,2330.6,4,0.0,0,0.0,0,0.0,0,0.0,0,2330.8,18,0.0,0,0.0,0,0.0,0,0.0,0
2012-10-22T09:18:55.500,2330.8,13411,2330.6,6,0.0,0,0.0,0,0.0,0,0.0,0,2330.8,12,0.0,0,0.0,0,0.0,0,0.0,0
2012-10-22T09:18:56.000,2330.8,13421,2330.6,1,0.0,0,0.0,0,0.0,0,0.0,0,2330.8,8,0.0,0,0.0,0,0.0,0,0.0,0
2012-10-22T09:18:56.500,2330.6,13425,2330.6,5,0.0,0,0.0,0,0.0,0,0.0,0,2330.8,10,0.0,0,0.0,0,0.0,0,0.0,0
2012-10-22T09:18:57.000,2330.6,13427,2330.6,4,0.0,0,0.0,0,0.0,0,0.0,0,2330.8,17,0.0,0,0.0,0,0.0,0,0.0,0
2012-10-22T09:18:57.500,2330.8,13430,2330.6,3,0.0,0,0.0,0,0.0,0,0.0,0,2330.8,15,0.0,0,0.0,0,0.0,0,0.0,0
2012-10-22T09:18:58.000,2330.6,13432,2330.4,37,0.0,0,0.0,0,0.0,0,0.0,0,2330.6,19,0.0,0,0.0,0,0.0,0,0.0,0
2012-10-22T09:18:58.500,2330.6,13437,2330.4,37,0.0,0,0.0,0,0.0,0,0.0,0,2330.6,15,0.0,0,0.0,0,0.0,0,0.0,0
2012-10-22T09:18:59.000,2330.4,13439,2330.4,35,0.0,0,0.0,0,0.0,0,0.0,0,2330.6,15,0.0,0,0.0,0,0.0,0,0.0,0
2012-10-22T09:18:59.500,2330.6,13444,2330.4,34,0.0,0,0.0,0,0.0,0,0.0,0,2330.6,10,0.0,0,0.0,0,0.0,0,0.0,0
2012-10-22T09:19:00.000,2330.6,13447,2330.4,35,0.0,0,0.0,0,0.0,0,0.0,0,2330.6,14,0.0,0,0.0,0,0.0,0,0.0,0
2012-10-22T09:19:00.500,2330.4,13448,2330.4,34,0.0,0,0.0,0,0.0,0,0.0,0,2330.6,31,0.0,0,0.0,0,0.0,0,0.0,0
2012-10-22T09:19:01.000,2330.4,13464,2330.4,20,0.0,0,0.0,0,0.0,0,0.0,0,2330.6,34,0.0,0,0.0,0,0.0,0,0.0,0
2012-10-22T09:19:01.500,2330.4,13475,2330.4,29,0.0,0,0.0,0,0.0,0,0.0,0,2330.6,30,0.0,0,0.0,0,0.0,0,0.0,0
2012-10-22T09:19:02.000,2330.6,13484,2330.4,25,0.0,0,0.0,0,0.0,0,0.0,0,2330.6,29,0.0,0,0.0,0,0.0,0,0.0,0
2012-10-22T09:19:02.500,2330.4,13489,2330.4,20,0.0,0,0.0,0,0.0,0,0.0,0,2330.6,30,0.0,0,0.0,0,0.0,0,0.0,0
2012-10-22T09:19:03.000,2330.4,13498,2330.4,16,0.0,0,0.0,0,0.0,0,0.0,0,2330.6,27,0.0,0,0.0,0,0.0,0,0.0,0
2012-10-22T09:19:03.500,2330.4,13517,2330.2,47,0.0,0,0.0,0,0.0,0,0.0,0,2330.4,18,0.0,0,0.0,0,0.0,0,0.0,0
2012-10-22T09:19:04.250,2330.4,13528,2330.2,47,0.0,0,0.0,0,0.0,0,0.0,0,2330.4,7,0.0,0,0.0,0,0.0,0,0.0,0
2012-10-22T09:19:05.000,2330.4,13561,2330.4,74,0.0,0,0.0,0,0.0,0,0.0,0,2330.6,5,0.0,0,0.0,0,0.0,0,0.0,0
2012-10-22T09:19:05.500,2330.6,13573,2330.6,18,0.0,0,0.0,0,0.0,0,0.0,0,2330.8,25,0.0,0,0.0,0,0.0,0,0.0,0
2012-10-22T09:19:06.000,2330.4,13583,2330.6,8,0.0,0,0.0,0,0.0,0,0.0,0,2330.8,24,0.0,0,0.0,0,0.0,0,0.0,0
2012-10-22T09:19:06.500,2330.8,13585,2330.6,12,0.0,0,0.0,0,0.0,0,0.0,0,2330.8,24,0.0,0,0.0,0,0.0,0,0.0,0
2012-10-22T09:19:07.000,2330.6,13589,2330.6,8,0.0,0,0.0,0,0.0,0,0.0,0,2330.8,24,0.0,0,0.0,0,0.0,0,0.0,0
2012-10-22T09:19:07.500,2330.6,13592,2330.6,10,0.0,0,0.0,0,0.0,0,0.0,0,2330.8,23,0.0,0,0.0,0,0.0,0,0.0,0
2012-10-22T09:19:08.250,2330.6,13596,2330.6,6,0.0,0,0.0,0,0.0,0,0.0,0,2330.8,24,0.0,0,0.0,0,0.0,0,0.0,0
2012-10-22T09:19:09.000,2330.8,13598,2330.6,8,0.0,0,0.0,0,0.0,0,0.0,0,2330.8,29,0.0,0,0.0,0,0.0,0,0.0,0
2012-10-22T09:19:09.500,2330.8,13601,2330.6,10,0.0,0,0.0,0,0.0,0,0.0,0,2330.8,29,0.0,0,0.0,0,0.0,0,0.0,0
2012-10-22T09:19:10.000,2330.8,13616,2330.6,7,0.0,0,0.0,0,0.0,0,0.0,0,2330.8,17,0.0,0,0.0,0,0.0,0,0.0,0
2012-10-22T09:19:10.500,2330.8,13647,2330.6,14,0.0,0,0.0,0,0.0,0,0.0,0,2331,35,0.0,0,0.0,0,0.0,0,0.0,0
2012-10-22T09:19:11.000,2331,13656,2330.8,26,0.0,0,0.0,0,0.0,0,0.0,0,2331,31,0.0,0,0.0,0,0.0,0,0.0,0
2012-10-22T09:19:11.500,2331,13675,2330.8,15,0.0,0,0.0,0,0.0,0,0.0,0,2331,23,0.0,0,0.0,0,0.0,0,0.0,0
2012-10-22T09:19:12.000,2331,13704,2330.8,16,0.0,0,0.0,0,0.0,0,0.0,0,2331,2,0.0,0,0.0,0,0.0,0,0.0,0
2012-10-22T09:19:12.500,2331,13717,2331,13,0.0,0,0.0,0,0.0,0,0.0,0,2331.2,57,0.0,0,0.0,0,0.0,0,0.0,0
2012-10-22T09:19:13.250,2331.2,13729,2331,20,0.0,0,0.0,0,0.0,0,0.0,0,2331.2,48,0.0,0,0.0,0,0.0,0,0.0,0
2012-10-22T09:19:14.000,2331,13758,2330.8,13,0.0,0,0.0,0,0.0,0,0.0,0,2331,2,0.0,0,0.0,0,0.0,0,0.0,0
2012-10-22T09:19:14.500,2331,13764,2330.8,12,0.0,0,0.0,0,0.0,0,0.0,0,2331,9,0.0,0,0.0,0,0.0,0,0.0,0
2012-10-22T09:19:15.000,2331,13765,2330.8,9,0.0,0,0.0,0,0.0,0,0.0,0,2331,8,0.0,0,0.0,0,0.0,0,0.0,0
2012-10-22T09:19:15.500,2331,13768,2330.8,5,0.0,0,0.0,0,0.0,0,0.0,0,2331,7,0.0,0,0.0,0,0.0,0,0.0,0
2012-10-22T09:19:16.000,2331,13775,2331,2,0.0,0,0.0,0,0.0,0,0.0,0,2331.2,45,0.0,0,0.0,0,0.0,0,0.0,0
2012-10-22T09:19:16.500,2331.2,13778,2331,3,0.0,0,0.0,0,0.0,0,0.0,0,2331.2,44,0.0,0,0.0,0,0.0,0,0.0,0
2012-10-22T09:19:17.000,2331.2,13779,2331,18,0.0,0,0.0,0,0.0,0,0.0,0,2331.2,44,0.0,0,0.0,0,0.0,0,0.0,0
2012-10-22T09:19:17.500,2331,13784,2331,19,0.0,0,0.0,0,0.0,0,0.0,0,2331.2,41,0.0,0,0.0,0,0.0,0,0.0,0
2012-10-22T09:19:18.000,2331.2,13836,2331.2,6,0.0,0,0.0,0,0.0,0,0.0,0,2331.4,13,0.0,0,0.0,0,0.0,0,0.0,0
2012-10-22T09:19:18.500,2331.2,13838,2331.2,8,0.0,0,0.0,0,0.0,0,0.0,0,2331.4,12,0.0,0,0.0,0,0.0,0,0.0,0
2012-10-22T09:19:19.000,2331.4,13839,2331.2,35,0.0,0,0.0,0,0.0,0,0.0,0,2331.4,12,0.0,0,0.0,0,0.0,0,0.0,0
2012-10-22T09:19:19.500,2331.4,13855,2331.4,1,0.0,0,0.0,0,0.0,0,0.0,0,2331.6,38,0.0,0,0.0,0,0.0,0,0.0,0
2012-10-22T09:19:20.000,2331.6,13875,2331.4,2,0.0,0,0.0,0,0.0,0,0.0,0,2331.6,29,0.0,0,0.0,0,0.0,0,0.0,0
2012-10-22T09:19:20.500,2331.6,13906,2331.6,20,0.0,0,0.0,0,0.0,0,0.0,0,2331.8,24,0.0,0,0.0,0,0.0,0,0.0,0
2012-10-22T09:19:21.000,2331.8,13928,2331.6,21,0.0,0,0.0,0,0.0,0,0.0,0,2331.8,5,0.0,0,0.0,0,0.0,0,0.0,0
2012-10-22T09:19:21.500,2331.8,13933,2331.8,2,0.0,0,0.0,0,0.0,0,0.0,0,2332,29,0.0,0,0.0,0,0.0,0,0.0,0
2012-10-22T09:19:22.000,2332,13939,2331.8,4,0.0,0,0.0,0,0.0,0,0.0,0,2332,24,0.0,0,0.0,0,0.0,0,0.0,0
2012-10-22T09:19:22.500,2331.8,13950,2331.8,8,0.0,0,0.0,0,0.0,0,0.0,0,2332,20,0.0,0,0.0,0,0.0,0,0.0,0
2012-10-22T09:19:23.000,2332,13960,2331.8,8,0.0,0,0.0,0,0.0,0,0.0,0,2332,16,0.0,0,0.0,0,0.0,0,0.0,0
2012-10-22T09:19:23.500,2331.8,13975,2331.8,5,0.0,0,0.0,0,0.0,0,0.0,0,2332,4,0.0,0,0.0,0,0.0,0,0.0,0
2012-10-22T09:19:24.000,2332,13981,2331.8,2,0.0,0,0.0,0,0.0,0,0.0,0,2332,2,0.0,0,0.0,0,0.0,0,0.0,0
2012-10-22T09:19:24.500,2332,14011,2331.6,23,0.0,0,0.0,0,0.0,0,0.0,0,2331.8,29,0.0,0,0.0,0,0.0,0,0.0,0
2012-10-22T09:19:25.000,2331.8,14035,2331.6,22,0.0,0,0.0,0,0.0,0,0.0,0,2331.8,7,0.0,0,0.0,0,0.0,0,0.0,0
2012-10-22T09:19:25.500,2331.6,14043,2331.6,19,0.0,0,0.0,0,0.0,0,0.0,0,2331.8,11,0.0,0,0.0,0,0.0,0,0.0,0
2012-10-22T09:19:26.000,2331.8,14057,2331.6,14,0.0,0,0.0,0,0.0,0,0.0,0,2331.8,13,0.0,0,0.0,0,0.0,0,0.0,0
2012-10-22T09:19:26.500,2331.8,14065,2331.6,11,0.0,0,0.0,0,0.0,0,0.0,0,2331.8,18,0.0,0,0.0,0,0.0,0,0.0,0
2012-10-22T09:19:27.000,2331.6,14079,2331.4,8,0.0,0,0.0,0,0.0,0,0.0,0,2331.8,21,0.0,0,0.0,0,0.0,0,0.0,0
2012-10-22T09:19:27.500,2331.8,14084,2331.6,1,0.0,0,0.0,0,0.0,0,0.0,0,2331.8,16,0.0,0,0.0,0,0.0,0,0.0,0
2012-10-22T09:19:28.000,2331.8,14089,2331.4,9,0.0,0,0.0,0,0.0,0,0.0,0,2331.6,1,0.0,0,0.0,0,0.0,0,0.0,0
2012-10-22T09:19:28.500,2331.8,14092,2331.6,1,0.0,0,0.0,0,0.0,0,0.0,0,2331.8,13,0.0,0,0.0,0,0.0,0,0.0,0
2012-10-22T09:19:29.000,2331.8,14093,2331.6,1,0.0,0,0.0,0,0.0,0,0.0,0,2331.8,16,0.0,0,0.0,0,0.0,0,0.0,0
2012-10-22T09:19:29.500,2331.4,14098,2331.4,7,0.0,0,0.0,0,0.0,0,0.0,0,2331.6,16,0.0,0,0.0,0,0.0,0,0.0,0
2012-10-22T09:19:30.000,2331.6,14110,2331.4,7,0.0,0,0.0,0,0.0,0,0.0,0,2331.6,5,0.0,0,0.0,0,0.0,0,0.0,0
2012-10-22T09:19:30.500,2331.6,14112,2331.4,7,0.0,0,0.0,0,0.0,0,0.0,0,2331.6,4,0.0,0,0.0,0,0.0,0,0.0,0
2012-10-22T09:19:31.000,2331.6,14116,2331.4,6,0.0,0,0.0,0,0.0,0,0.0,0,2331.6,3,0.0,0,0.0,0,0.0,0,0.0,0
2012-10-22T09:19:31.500,2331.4,14118,2331.4,4,0.0,0,0.0,0,0.0,0,0.0,0,2331.6,4,0.0,0,0.0,0,0.0,0,0.0,0
2012-10-22T09:19:32.000,2331.6,14124,2331.4,4,0.0,0,0.0,0,0.0,0,0.0,0,2331.6,2,0.0,0,0.0,0,0.0,0,0.0,0
2012-10-22T09:19:32.500,2331.8,14131,2331.4,5,0.0,0,0.0,0,0.0,0,0.0,0,2331.8,12,0.0,0,0.0,0,0.0,0,0.0,0
2012-10-22T09:19:33.000,2331.4,14140,2331.2,17,0.0,0,0.0,0,0.0,0,0.0,0,2331.4,16,0.0,0,0.0,0,0.0,0,0.0,0
2012-10-22T09:19:33.500,2331.4,14155,2331.2,15,0.0,0,0.0,0,0.0,0,0.0,0,2331.4,8,0.0,0,0.0,0,0.0,0,0.0,0
2012-10-22T09:19:34.000,2331.4,14175,2331.4,3,0.0,0,0.0,0,0.0,0,0.0,0,2331.6,1,0.0,0,0.0,0,0.0,0,0.0,0
2012-10-22T09:19:34.500,2331.6,14178,2331.6,4,0.0,0,0.0,0,0.0,0,0.0,0,2331.8,10,0.0,0,0.0,0,0.0,0,0.0,0
2012-10-22T09:19:35.000,2331.6,14179,2331.6,3,0.0,0,0.0,0,0.0,0,0.0,0,2331.8,17,0.0,0,0.0,0,0.0,0,0.0,0
2012-10-22T09:19:35.500,2331.8,14180,2331.6,4,0.0,0,0.0,0,0.0,0,0.0,0,2331.8,20,0.0,0,0.0,0,0.0,0,0.0,0
2012-10-22T09:19:36.000,2331.6,14183,2331.6,1,0.0,0,0.0,0,0.0,0,0.0,0,2331.8,21,0.0,0,0.0,0,0.0,0,0.0,0
2012-10-22T09:19:36.500,2331.8,14186,2331.4,6,0.0,0,0.0,0,0.0,0,0.0,0,2331.8,20,0.0,0,0.0,0,0.0,0,0.0,0
2012-10-22T09:19:37.000,2331.4,14195,2331.2,21,0.0,0,0.0,0,0.0,0,0.0,0,2331.4,1,0.0,0,0.0,0,0.0,0,0.0,0
2012-10-22T09:19:37.500,2331.6,14204,2331.4,1,0.0,0,0.0,0,0.0,0,0.0,0,2331.6,17,0.0,0,0.0,0,0.0,0,0.0,0
2012-10-22T09:19:38.000,2331.6,14213,2331.4,2,0.0,0,0.0,0,0.0,0,0.0,0,2331.6,14,0.0,0,0.0,0,0.0,0,0.0,0
2012-10-22T09:19:38.500,2331.6,14216,2331.4,2,0.0,0,0.0,0,0.0,0,0.0,0,2331.6,11,0.0,0,0.0,0,0.0,0,0.0,0
2012-10-22T09:19:39.000,2331.4,14220,2331.2,21,0.0,0,0.0,0,0.0,0,0.0,0,2331.4,2,0.0,0,0.0,0,0.0,0,0.0,0
2012-10-22T09:19:39.500,2331.6,14224,2331.4,3,0.0,0,0.0,0,0.0,0,0.0,0,2331.6,8,0.0,0,0.0,0,0.0,0,0.0,0
2012-10-22T09:19:40.000,2331.4,14227,2331.4,6,0.0,0,0.0,0,0.0,0,0.0,0,2331.6,6,0.0,0,0.0,0,0.0,0,0.0,0
2012-10-22T09:19:40.500,2331.4,14232,2331.4,9,0.0,0,0.0,0,0.0,0,0.0,0,2331.6,18,0.0,0,0.0,0,0.0,0,0.0,0
2012-10-22T09:19:41.000,2331.6,14243,2331.4,13,0.0,0,0.0,0,0.0,0,0.0,0,2331.6,7,0.0,0,0.0,0,0.0,0,0.0,0
2012-10-22T09:19:41.500,2331.4,14244,2331.4,19,0.0,0,0.0,0,0.0,0,0.0,0,2331.6,7,0.0,0,0.0,0,0.0,0,0.0,0
2012-10-22T09:19:42.000,2331.6,14258,2331.4,12,0.0,0,0.0,0,0.0,0,0.0,0,2331.6,1,0.0,0,0.0,0,0.0,0,0.0,0
2012-10-22T09:19:42.500,2331.4,14263,2331.6,9,0.0,0,0.0,0,0.0,0,0.0,0,2331.8,26,0.0,0,0.0,0,0.0,0,0.0,0
2012-10-22T09:19:43.000,2331.8,14266,2331.6,9,0.0,0,0.0,0,0.0,0,0.0,0,2331.8,25,0.0,0,0.0,0,0.0,0,0.0,0
2012-10-22T09:19:43.500,2331.8,14271,2331.6,7,0.0,0,0.0,0,0.0,0,0.0,0,2331.8,38,0.0,0,0.0,0,0.0,0,0.0,0
2012-10-22T09:19:44.000,2331.6,14276,2331.6,4,0.0,0,0.0,0,0.0,0,0.0,0,2331.8,41,0.0,0,0.0,0,0.0,0,0.0,0
2012-10-22T09:19:44.500,2331.8,14283,2331.4,12,0.0,0,0.0,0,0.0,0,0.0,0,2331.6,17,0.0,0,0.0,0,0.0,0,0.0,0
2012-10-22T09:19:45.000,2331.4,14287,2331.4,12,0.0,0,0.0,0,0.0,0,0.0,0,2331.6,16,0.0,0,0.0,0,0.0,0,0.0,0
2012-10-22T09:19:45.500,2331.6,14294,2331.4,12,0.0,0,0.0,0,0.0,0,0.0,0,2331.6,10,0.0,0,0.0,0,0.0,0,0.0,0
2012-10-22T09:19:46.000,2331.6,14298,2331.4,18,0.0,0,0.0,0,0.0,0,0.0,0,2331.6,7,0.0,0,0.0,0,0.0,0,0.0,0
2012-10-22T09:19:46.500,2331.6,14304,2331.4,18,0.0,0,0.0,0,0.0,0,0.0,0,2331.6,3,0.0,0,0.0,0,0.0,0,0.0,0
2012-10-22T09:19:47.000,2331.4,14307,2331.4,38,0.0,0,0.0,0,0.0,0,0.0,0,2331.6,2,0.0,0,0.0,0,0.0,0,0.0,0
2012-10-22T09:19:47.500,2331.8,14336,2331.6,8,0.0,0,0.0,0,0.0,0,0.0,0,2331.8,15,0.0,0,0.0,0,0.0,0,0.0,0
2012-10-22T09:19:48.000,2331.6,14342,2331.6,24,0.0,0,0.0,0,0.0,0,0.0,0,2331.8,14,0.0,0,0.0,0,0.0,0,0.0,0
2012-10-22T09:19:48.500,2331.8,14357,2331.8,10,0.0,0,0.0,0,0.0,0,0.0,0,2332,107,0.0,0,0.0,0,0.0,0,0.0,0
2012-10-22T09:19:49.000,2331.8,14384,2331.6,7,0.0,0,0.0,0,0.0,0,0.0,0,2331.8,3,0.0,0,0.0,0,0.0,0,0.0,0
2012-10-22T09:19:49.500,2331.8,14387,2331.8,3,0.0,0,0.0,0,0.0,0,0.0,0,2332,99,0.0,0,0.0,0,0.0,0,0.0,0
2012-10-22T09:19:50.000,2332,14411,2331.6,2,0.0,0,0.0,0,0.0,0,0.0,0,2332,97,0.0,0,0.0,0,0.0,0,0.0,0
2012-10-22T09:19:50.500,2331.6,14419,2331.4,43,0.0,0,0.0,0,0.0,0,0.0,0,2331.6,8,0.0,0,0.0,0,0.0,0,0.0,0
2012-10-22T09:19:51.000,2331.6,14425,2331.4,39,0.0,0,0.0,0,0.0,0,0.0,0,2331.6,8,0.0,0,0.0,0,0.0,0,0.0,0
2012-10-22T09:19:51.500,2331.8,14434,2331.6,5,0.0,0,0.0,0,0.0,0,0.0,0,2332,101,0.0,0,0.0,0,0.0,0,0.0,0
2012-10-22T09:19:52.250,2331.6,14437,2331.6,8,0.0,0,0.0,0,0.0,0,0.0,0,2331.8,4,0.0,0,0.0,0,0.0,0,0.0,0
2012-10-22T09:19:53.000,2332,14455,2331.6,12,0.0,0,0.0,0,0.0,0,0.0,0,2332,88,0.0,0,0.0,0,0.0,0,0.0,0
2012-10-22T09:19:53.500,2332,14492,2331.8,1,0.0,0,0.0,0,0.0,0,0.0,0,2332,53,0.0,0,0.0,0,0.0,0,0.0,0
2012-10-22T09:19:54.000,2331.8,14493,2331.8,2,0.0,0,0.0,0,0.0,0,0.0,0,2332,58,0.0,0,0.0,0,0.0,0,0.0,0
2012-10-22T09:19:54.500,2331.8,14500,2331.6,16,0.0,0,0.0,0,0.0,0,0.0,0,2332,54,0.0,0,0.0,0,0.0,0,0.0,0
2012-10-22T09:19:55.000,2332,14509,2331.8,1,0.0,0,0.0,0,0.0,0,0.0,0,2332,47,0.0,0,0.0,0,0.0,0,0.0,0
2012-10-22T09:19:55.500,2332.2,14565,2332,54,0.0,0,0.0,0,0.0,0,0.0,0,2332.2,8,0.0,0,0.0,0,0.0,0,0.0,0
2012-10-22T09:19:56.000,2332.4,14587,2332.2,17,0.0,0,0.0,0,0.0,0,0.0,0,2332.4,50,0.0,0,0.0,0,0.0,0,0.0,0
2012-10-22T09:19:56.500,2332.2,14591,2332.2,2,0.0,0,0.0,0,0.0,0,0.0,0,2332.4,60,0.0,0,0.0,0,0.0,0,0.0,0
2012-10-22T09:19:57.000,2332.2,14599,2332,62,0.0,0,0.0,0,0.0,0,0.0,0,2332.4,56,0.0,0,0.0,0,0.0,0,0.0,0
2012-10-22T09:19:57.500,2332.2,14603,2332,62,0.0,0,0.0,0,0.0,0,0.0,0,2332.2,1,0.0,0,0.0,0,0.0,0,0.0,0
2012-10-22T09:19:58.000,2332,14625,2332,48,0.0,0,0.0,0,0.0,0,0.0,0,2332.2,11,0.0,0,0.0,0,0.0,0,0.0,0
2012-10-22T09:19:58.500,2332.2,14669,2332.2,1,0.0,0,0.0,0,0.0,0,0.0,0,2332.4,32,0.0,0,0.0,0,0.0,0,0.0,0
2012-10-22T09:19:59.000,2332.2,14676,2332,45,0.0,0,0.0,0,0.0,0,0.0,0,2332.2,34,0.0,0,0.0,0,0.0,0,0.0,0
2012-10-22T09:19:59.500,2332.2,14692,2332,44,0.0,0,0.0,0,0.0,0,0.0,0,2332.2,21,0.0,0,0.0,0,0.0,0,0.0,0
2012-10-22T09:20:00.000,2332.2,14706,2332,32,0.0,0,0.0,0,0.0,0,0.0,0,2332.2,20,0.0,0,0.0,0,0.0,0,0.0,0
2012-10-22T09:20:00.500,2332,14766,2332,14,0.0,0,0.0,0,0.0,0,0.0,0,2332.2,11,0.0,0,0.0,0,0.0,0,0.0,0
2012-10-22T09:20:01.000,2331.8,14807,2331.8,1,0.0,0,0.0,0,0.0,0,0.0,0,2332,20,0.0,0,0.0,0,0.0,0,0.0,0
2012-10-22T09:20:01.500,2332,14851,2331.6,18,0.0,0,0.0,0,0.0,0,0.0,0,2332,6,0.0,0,0.0,0,0.0,0,0.0,0
2012-10-22T09:20:02.000,2332,14887,2331.6,19,0.0,0,0.0,0,0.0,0,0.0,0,2332.4,28,0.0,0,0.0,0,0.0,0,0.0,0
2012-10-22T09:20:02.500,2332.2,14924,2332,1,0.0,0,0.0,0,0.0,0,0.0,0,2332.2,23,0.0,0,0.0,0,0.0,0,0.0,0
2012-10-22T09:20:03.000,2332,14939,2331.6,19,0.0,0,0.0,0,0.0,0,0.0,0,2332,9,0.0,0,0.0,0,0.0,0,0.0,0
2012-10-22T09:20:03.500,2332,14945,2331.8,3,0.0,0,0.0,0,0.0,0,0.0,0,2332,23,0.0,0,0.0,0,0.0,0,0.0,0
2012-10-22T09:20:04.000,2331.6,14968,2331.4,78,0.0,0,0.0,0,0.0,0,0.0,0,2331.6,8,0.0,0,0.0,0,0.0,0,0.0,0
2012-10-22T09:20:04.500,2332,14983,2331.4,75,0.0,0,0.0,0,0.0,0,0.0,0,2331.6,1,0.0,0,0.0,0,0.0,0,0.0,0
2012-10-22T09:20:05.000,2331.4,15028,2331.4,36,0.0,0,0.0,0,0.0,0,0.0,0,2332,16,0.0,0,0.0,0,0.0,0,0.0,0
2012-10-22T09:20:05.500,2331.6,15043,2331.6,8,0.0,0,0.0,0,0.0,0,0.0,0,2332,18,0.0,0,0.0,0,0.0,0,0.0,0
2012-10-22T09:20:06.000,2331.6,15046,2331.6,8,0.0,0,0.0,0,0.0,0,0.0,0,2332,32,0.0,0,0.0,0,0.0,0,0.0,0
2012-10-22T09:20:06.500,2331.6,15055,2331.6,2,0.0,0,0.0,0,0.0,0,0.0,0,2332,31,0.0,0,0.0,0,0.0,0,0.0,0
2012-10-22T09:20:07.000,2332,15056,2331.6,2,0.0,0,0.0,0,0.0,0,0.0,0,2332,41,0.0,0,0.0,0,0.0,0,0.0,0
2012-10-22T09:20:07.500,2332,15058,2331.6,3,0.0,0,0.0,0,0.0,0,0.0,0,2332,41,0.0,0,0.0,0,0.0,0,0.0,0
2012-10-22T09:20:08.000,2331.6,15062,2331.6,1,0.0,0,0.0,0,0.0,0,0.0,0,2331.8,5,0.0,0,0.0,0,0.0,0,0.0,0
2012-10-22T09:20:08.500,2331.6,15064,2331.4,41,0.0,0,0.0,0,0.0,0,0.0,0,2331.6,6,0.0,0,0.0,0,0.0,0,0.0,0
2012-10-22T09:20:09.000,2331.6,15065,2331.4,47,0.0,0,0.0,0,0.0,0,0.0,0,2331.6,9,0.0,0,0.0,0,0.0,0,0.0,0
2012-10-22T09:20:09.500,2331.6,15077,2331.6,1,0.0,0,0.0,0,0.0,0,0.0,0,2331.8,9,0.0,0,0.0,0,0.0,0,0.0,0
2012-10-22T09:20:10.000,2331.8,15079,2331.6,3,0.0,0,0.0,0,0.0,0,0.0,0,2331.8,8,0.0,0,0.0,0,0.0,0,0.0,0
2012-10-22T09:20:10.500,2331.8,15087,2331.6,5,0.0,0,0.0,0,0.0,0,0.0,0,2331.8,5,0.0,0,0.0,0,0.0,0,0.0,0
2012-10-22T09:20:11.000,2331.8,15088,2331.6,8,0.0,0,0.0,0,0.0,0,0.0,0,2331.8,6,0.0,0,0.0,0,0.0,0,0.0,0
2012-10-22T09:20:11.500,2331.6,15091,2331.6,6,0.0,0,0.0,0,0.0,0,0.0,0,2331.8,8,0.0,0,0.0,0,0.0,0,0.0,0
2012-10-22T09:20:12.250,2331.6,15094,2331.6,9,0.0,0,0.0,0,0.0,0,0.0,0,2331.8,13,0.0,0,0.0,0,0.0,0,0.0,0
2012-10-22T09:20:13.000,2331.6,15098,2331.6,6,0.0,0,0.0,0,0.0,0,0.0,0,2331.8,13,0.0,0,0.0,0,0.0,0,0.0,0
2012-10-22T09:20:13.500,2331.6,15101,2331.6,3,0.0,0,0.0,0,0.0,0,0.0,0,2331.8,15,0.0,0,0.0,0,0.0,0,0.0,0
2012-10-22T09:20:14.000,2331.8,15121,2331.8,24,0.0,0,0.0,0,0.0,0,0.0,0,2332,71,0.0,0,0.0,0,0.0,0,0.0,0
2012-10-22T09:20:14.500,2332,15126,2331.8,24,0.0,0,0.0,0,0.0,0,0.0,0,2332,59,0.0,0,0.0,0,0.0,0,0.0,0
2012-10-22T09:20:15.000,2331.8,15130,2331.8,20,0.0,0,0.0,0,0.0,0,0.0,0,2332,64,0.0,0,0.0,0,0.0,0,0.0,0
2012-10-22T09:20:15.500,2331.8,15148,2331.8,3,0.0,0,0.0,0,0.0,0,0.0,0,2332,64,0.0,0,0.0,0,0.0,0,0.0,0
2012-10-22T09:20:16.000,2332,15150,2331.8,2,0.0,0,0.0,0,0.0,0,0.0,0,2332,64,0.0,0,0.0,0,0.0,0,0.0,0
2012-10-22T09:20:16.500,2332,15154,2331.8,2,0.0,0,0.0,0,0.0,0,0.0,0,2332,60,0.0,0,0.0,0,0.0,0,0.0,0
2012-10-22T09:20:17.250,2332,15166,2331.6,15,0.0,0,0.0,0,0.0,0,0.0,0,2332,51,0.0,0,0.0,0,0.0,0,0.0,0
2012-10-22T09:20:18.000,2332,15169,2331.8,2,0.0,0,0.0,0,0.0,0,0.0,0,2332,56,0.0,0,0.0,0,0.0,0,0.0,0
2012-10-22T09:20:18.500,2332,15175,2331.8,1,0.0,0,0.0,0,0.0,0,0.0,0,2332,51,0.0,0,0.0,0,0.0,0,0.0,0
2012-10-22T09:20:19.000,2332,15227,2332,56,0.0,0,0.0,0,0.0,0,0.0,0,2332.2,21,0.0,0,0.0,0,0.0,0,0.0,0
2012-10-22T09:20:19.500,2332,15246,2332,58,0.0,0,0.0,0,0.0,0,0.0,0,2332.2,2,0.0,0,0.0,0,0.0,0,0.0,0
2012-10-22T09:20:20.000,2332.4,15253,2332.2,21,0.0,0,0.0,0,0.0,0,0.0,0,2332.4,43,0.0,0,0.0,0,0.0,0,0.0,0
2012-10-22T09:20:20.500,2332.2,15260,2332.2,19,0.0,0,0.0,0,0.0,0,0.0,0,2332.4,37,0.0,0,0.0,0,0.0,0,0.0,0
2012-10-22T09:20:21.000,2332.2,15266,2332.2,17,0.0,0,0.0,0,0.0,0,0.0,0,2332.4,33,0.0,0,0.0,0,0.0,0,0.0,0
2012-10-22T09:20:21.500,2332.4,15279,2332.2,12,0.0,0,0.0,0,0.0,0,0.0,0,2332.4,29,0.0,0,0.0,0,0.0,0,0.0,0
2012-10-22T09:20:22.000,2332.2,15293,2332.2,7,0.0,0,0.0,0,0.0,0,0.0,0,2332.4,34,0.0,0,0.0,0,0.0,0,0.0,0
2012-10-22T09:20:22.500,2332.2,15300,2332.2,6,0.0,0,0.0,0,0.0,0,0.0,0,2332.4,30,0.0,0,0.0,0,0.0,0,0.0,0
2012-10-22T09:20:23.000,2332.2,15310,2332,84,0.0,0,0.0,0,0.0,0,0.0,0,2332.2,2,0.0,0,0.0,0,0.0,0,0.0,0
2012-10-22T09:20:23.500,2332.4,15315,2332,84,0.0,0,0.0,0,0.0,0,0.0,0,2332.4,29,0.0,0,0.0,0,0.0,0,0.0,0
2012-10-22T09:20:24.000,2332.2,15320,2332,80,0.0,0,0.0,0,0.0,0,0.0,0,2332.2,3,0.0,0,0.0,0,0.0,0,0.0,0
2012-10-22T09:20:24.500,2332.2,15332,2332.2,28,0.0,0,0.0,0,0.0,0,0.0,0,2332.4,13,0.0,0,0.0,0,0.0,0,0.0,0
2012-10-22T09:20:25.000,2332.4,15337,2332.2,28,0.0,0,0.0,0,0.0,0,0.0,0,2332.4,9,0.0,0,0.0,0,0.0,0,0.0,0
2012-10-22T09:20:25.500,2332.4,15351,2332.2,21,0.0,0,0.0,0,0.0,0,0.0,0,2332.4,4,0.0,0,0.0,0,0.0,0,0.0,0
2012-10-22T09:20:26.000,2332.4,15354,2332.2,21,0.0,0,0.0,0,0.0,0,0.0,0,2332.4,4,0.0,0,0.0,0,0.0,0,0.0,0
2012-10-22T09:20:26.500,2332.2,15358,2332.2,19,0.0,0,0.0,0,0.0,0,0.0,0,2332.4,7,0.0,0,0.0,0,0.0,0,0.0,0
2012-10-22T09:20:27.000,2332.6,15367,2332.4,13,0.0,0,0.0,0,0.0,0,0.0,0,2332.6,26,0.0,0,0.0,0,0.0,0,0.0,0
2012-10-22T09:20:27.500,2332.4,15368,2332.4,13,0.0,0,0.0,0,0.0,0,0.0,0,2332.6,26,0.0,0,0.0,0,0.0,0,0.0,0
2012-10-22T09:20:28.250,2332.4,15381,2332.2,19,0.0,0,0.0,0,0.0,0,0.0,0,2332.4,4,0.0,0,0.0,0,0.0,0,0.0,0
2012-10-22T09:20:29.000,2332.4,15387,2332.2,20,0.0,0,0.0,0,0.0,0,0.0,0,2332.6,27,0.0,0,0.0,0,0.0,0,0.0,0
2012-10-22T09:20:29.500,2332.4,15395,2332.2,20,0.0,0,0.0,0,0.0,0,0.0,0,2332.4,15,0.0,0,0.0,0,0.0,0,0.0,0
2012-10-22T09:20:30.000,2332.2,15398,2332.2,19,0.0,0,0.0,0,0.0,0,0.0,0,2332.4,17,0.0,0,0.0,0,0.0,0,0.0,0
2012-10-22T09:20:30.500,2332.2,15424,2332.2,6,0.0,0,0.0,0,0.0,0,0.0,0,2332.4,18,0.0,0,0.0,0,0.0,0,0.0,0
2012-10-22T09:20:31.000,2332.2,15436,2332.2,6,0.0,0,0.0,0,0.0,0,0.0,0,2332.4,12,0.0,0,0.0,0,0.0,0,0.0,0
2012-10-22T09:20:31.500,2332.4,15443,2332.2,5,0.0,0,0.0,0,0.0,0,0.0,0,2332.4,7,0.0,0,0.0,0,0.0,0,0.0,0
2012-10-22T09:20:32.000,2332.2,15450,2332,26,0.0,0,0.0,0,0.0,0,0.0,0,2332.2,5,0.0,0,0.0,0,0.0,0,0.0,0
2012-10-22T09:20:32.500,2332.4,15474,2332,26,0.0,0,0.0,0,0.0,0,0.0,0,2332.4,10,0.0,0,0.0,0,0.0,0,0.0,0
2012-10-22T09:20:33.000,2332.2,15476,2332,27,0.0,0,0.0,0,0.0,0,0.0,0,2332.2,3,0.0,0,0.0,0,0.0,0,0.0,0
2012-10-22T09:20:33.500,2332.4,15480,2332,29,0.0,0,0.0,0,0.0,0,0.0,0,2332.4,11,0.0,0,0.0,0,0.0,0,0.0,0
2012-10-22T09:20:34.000,2332.2,15481,2332.2,14,0.0,0,0.0,0,0.0,0,0.0,0,2332.4,12,0.0,0,0.0,0,0.0,0,0.0,0
2012-10-22T09:20:34.500,2332.2,15486,2332.2,10,0.0,0,0.0,0,0.0,0,0.0,0,2332.4,20,0.0,0,0.0,0,0.0,0,0.0,0
2012-10-22T09:20:35.000,2332.4,15505,2332.2,14,0.0,0,0.0,0,0.0,0,0.0,0,2332.4,3,0.0,0,0.0,0,0.0,0,0.0,0
2012-10-22T09:20:35.500,2332.4,15509,2332.4,16,0.0,0,0.0,0,0.0,0,0.0,0,2332.6,29,0.0,0,0.0,0,0.0,0,0.0,0
2012-10-22T09:20:36.000,2332.4,15534,2332.2,19,0.0,0,0.0,0,0.0,0,0.0,0,2332.4,3,0.0,0,0.0,0,0.0,0,0.0,0
2012-10-22T09:20:36.500,2332.4,15541,2332.2,18,0.0,0,0.0,0,0.0,0,0.0,0,2332.6,35,0.0,0,0.0,0,0.0,0,0.0,0
2012-10-22T09:20:37.000,2332.2,15544,2332.2,17,0.0,0,0.0,0,0.0,0,0.0,0,2332.6,42,0.0,0,0.0,0,0.0,0,0.0,0
2012-10-22T09:20:37.500,2332.6,15557,2332.2,17,0.0,0,0.0,0,0.0,0,0.0,0,2332.6,37,0.0,0,0.0,0,0.0,0,0.0,0
2012-10-22T09:20:38.000,2332.4,15559,2332.4,3,0.0,0,0.0,0,0.0,0,0.0,0,2332.6,50,0.0,0,0.0,0,0.0,0,0.0,0
2012-10-22T09:20:38.500,2332.6,15571,2332.2,19,0.0,0,0.0,0,0.0,0,0.0,0,2332.6,49,0.0,0,0.0,0,0.0,0,0.0,0
2012-10-22T09:20:39.000,2332.6,15587,2332.2,9,0.0,0,0.0,0,0.0,0,0.0,0,2332.6,46,0.0,0,0.0,0,0.0,0,0.0,0
2012-10-22T09:20:39.500,2332.2,15598,2332,58,0.0,0,0.0,0,0.0,0,0.0,0,2332.4,1,0.0,0,0.0,0,0.0,0,0.0,0
2012-10-22T09:20:40.000,2332,15605,2332.2,1,0.0,0,0.0,0,0.0,0,0.0,0,2332.4,10,0.0,0,0.0,0,0.0,0,0.0,0
2012-10-22T09:20:40.500,2332.2,15606,2332.2,1,0.0,0,0.0,0,0.0,0,0.0,0,2332.4,11,0.0,0,0.0,0,0.0,0,0.0,0
2012-10-22T09:20:41.000,2332.4,15614,2332.2,1,0.0,0,0.0,0,0.0,0,0.0,0,2332.4,5,0.0,0,0.0,0,0.0,0,0.0,0
2012-10-22T09:20:41.500,2332.2,15629,2332.2,1,0.0,0,0.0,0,0.0,0,0.0,0,2332.4,1,0.0,0,0.0,0,0.0,0,0.0,0
2012-10-22T09:20:42.000,2332.2,15634,2332,58,0.0,0,0.0,0,0.0,0,0.0,0,2332.4,5,0.0,0,0.0,0,0.0,0,0.0,0
2012-10-22T09:20:42.500,2332.2,15635,2332,55,0.0,0,0.0,0,0.0,0,0.0,0,2332.2,7,0.0,0,0.0,0,0.0,0,0.0,0
2012-10-22T09:20:43.000,2332.2,15646,2332.2,1,0.0,0,0.0,0,0.0,0,0.0,0,2332.4,4,0.0,0,0.0,0,0.0,0,0.0,0
2012-10-22T09:20:43.500,2332.4,15652,2332.2,3,0.0,0,0.0,0,0.0,0,0.0,0,2332.4,9,0.0,0,0.0,0,0.0,0,0.0,0
2012-10-22T09:20:44.000,2332.4,15663,2332,50,0.0,0,0.0,0,0.0,0,0.0,0,2332.2,2,0.0,0,0.0,0,0.0,0,0.0,0
2012-10-22T09:20:44.500,2332.4,15677,2332.4,36,0.0,0,0.0,0,0.0,0,0.0,0,2332.6,53,0.0,0,0.0,0,0.0,0,0.0,0
2012-10-22T09:20:45.000,2332.6,15689,2332.4,27,0.0,0,0.0,0,0.0,0,0.0,0,2332.6,52,0.0,0,0.0,0,0.0,0,0.0,0
2012-10-22T09:20:45.500,2332.4,15701,2332.4,17,0.0,0,0.0,0,0.0,0,0.0,0,2332.6,51,0.0,0,0.0,0,0.0,0,0.0,0
2012-10-22T09:20:46.000,2332.4,15705,2332.4,18,0.0,0,0.0,0,0.0,0,0.0,0,2332.6,51,0.0,0,0.0,0,0.0,0,0.0,0
2012-10-22T09:20:46.500,2332.6,15708,2332.4,27,0.0,0,0.0,0,0.0,0,0.0,0,2332.6,50,0.0,0,0.0,0,0.0,0,0.0,0
2012-10-22T09:20:47.250,2332.4,15717,2332.4,24,0.0,0,0.0,0,0.0,0,0.0,0,2332.6,44,0.0,0,0.0,0,0.0,0,0.0,0
2012-10-22T09:20:48.000,2332.4,15760,2332.4,27,0.0,0,0.0,0,0.0,0,0.0,0,2332.6,8,0.0,0,0.0,0,0.0,0,0.0,0
2012-10-22T09:20:48.500,2332.4,15788,2332.2,76,0.0,0,0.0,0,0.0,0,0.0,0,2332.4,24,0.0,0,0.0,0,0.0,0,0.0,0
2012-10-22T09:20:49.000,2332.4,15789,2332.2,78,0.0,0,0.0,0,0.0,0,0.0,0,2332.4,26,0.0,0,0.0,0,0.0,0,0.0,0
2012-10-22T09:20:49.500,2332.4,15805,2332.2,81,0.0,0,0.0,0,0.0,0,0.0,0,2332.4,11,0.0,0,0.0,0,0.0,0,0.0,0
2012-10-22T09:20:50.000,2332.4,15827,2332.4,6,0.0,0,0.0,0,0.0,0,0.0,0,2332.6,9,0.0,0,0.0,0,0.0,0,0.0,0
2012-10-22T09:20:50.500,2332.4,15833,2332.4,13,0.0,0,0.0,0,0.0,0,0.0,0,2332.6,9,0.0,0,0.0,0,0.0,0,0.0,0
2012-10-22T09:20:51.000,2332.4,15847,2332.4,15,0.0,0,0.0,0,0.0,0,0.0,0,2332.6,2,0.0,0,0.0,0,0.0,0,0.0,0
2012-10-22T09:20:51.500,2332.6,15848,2332.4,16,0.0,0,0.0,0,0.0,0,0.0,0,2332.6,1,0.0,0,0.0,0,0.0,0,0.0,0
2012-10-22T09:20:52.000,2332.6,15853,2332.4,16,0.0,0,0.0,0,0.0,0,0.0,0,2332.6,17,0.0,0,0.0,0,0.0,0,0.0,0
2012-10-22T09:20:52.500,2332.6,15855,2332.4,16,0.0,0,0.0,0,0.0,0,0.0,0,2332.6,15,0.0,0,0.0,0,0.0,0,0.0,0
2012-10-22T09:20:53.000,2332.6,15861,2332.4,18,0.0,0,0.0,0,0.0,0,0.0,0,2332.6,12,0.0,0,0.0,0,0.0,0,0.0,0
2012-10-22T09:20:53.500,2332.4,15871,2332.4,22,0.0,0,0.0,0,0.0,0,0.0,0,2332.6,4,0.0,0,0.0,0,0.0,0,0.0,0
2012-10-22T09:20:54.000,2332.4,15874,2332.4,21,0.0,0,0.0,0,0.0,0,0.0,0,2332.6,3,0.0,0,0.0,0,0.0,0,0.0,0
2012-10-22T09:20:54.500,2332.6,15881,2332.6,1,0.0,0,0.0,0,0.0,0,0.0,0,2332.8,70,0.0,0,0.0,0,0.0,0,0.0,0
2012-10-22T09:20:55.000,2332.6,15886,2332.6,4,0.0,0,0.0,0,0.0,0,0.0,0,2332.8,70,0.0,0,0.0,0,0.0,0,0.0,0
2012-10-22T09:20:55.500,2332.6,15896,2332.4,14,0.0,0,0.0,0,0.0,0,0.0,0,2332.6,13,0.0,0,0.0,0,0.0,0,0.0,0
2012-10-22T09:20:56.250,2332.6,15905,2332.4,10,0.0,0,0.0,0,0.0,0,0.0,0,2332.6,14,0.0,0,0.0,0,0.0,0,0.0,0
2012-10-22T09:20:57.000,2332.6,15907,2332.4,10,0.0,0,0.0,0,0.0,0,0.0,0,2332.6,14,0.0,0,0.0,0,0.0,0,0.0,0
2012-10-22T09:20:57.500,2332.6,15920,2332.4,9,0.0,0,0.0,0,0.0,0,0.0,0,2332.6,28,0.0,0,0.0,0,0.0,0,0.0,0
2012-10-22T09:20:58.000,2332.4,15933,2332.4,6,0.0,0,0.0,0,0.0,0,0.0,0,2332.6,23,0.0,0,0.0,0,0.0,0,0.0,0
2012-10-22T09:20:58.500,2332.4,15940,2332.4,11,0.0,0,0.0,0,0.0,0,0.0,0,2332.6,27,0.0,0,0.0,0,0.0,0,0.0,0
2012-10-22T09:20:59.000,2332.4,15942,2332.4,10,0.0,0,0.0,0,0.0,0,0.0,0,2332.6,28,0.0,0,0.0,0,0.0,0,0.0,0
2012-10-22T09:20:59.500,2332.6,15953,2332.4,6,0.0,0,0.0,0,0.0,0,0.0,0,2332.6,26,0.0,0,0.0,0,0.0,0,0.0,0
2012-10-22T09:21:00.000,2332.4,15960,2332.4,4,0.0,0,0.0,0,0.0,0,0.0,0,2332.6,22,0.0,0,0.0,0,0.0,0,0.0,0
2012-10-22T09:21:00.500,2332.4,15997,2332.4,21,0.0,0,0.0,0,0.0,0,0.0,0,2332.6,3,0.0,0,0.0,0,0.0,0,0.0,0
2012-10-22T09:21:01.000,2332.6,16007,2332.6,3,0.0,0,0.0,0,0.0,0,0.0,0,2332.8,68,0.0,0,0.0,0,0.0,0,0.0,0
2012-10-22T09:21:01.500,2332.4,16025,2332.4,11,0.0,0,0.0,0,0.0,0,0.0,0,2332.8,64,0.0,0,0.0,0,0.0,0,0.0,0
2012-10-22T09:21:02.000,2332.6,16058,2332.6,9,0.0,0,0.0,0,0.0,0,0.0,0,2332.8,43,0.0,0,0.0,0,0.0,0,0.0,0
2012-10-22T09:21:02.500,2332.6,16063,2332.6,7,0.0,0,0.0,0,0.0,0,0.0,0,2332.8,40,0.0,0,0.0,0,0.0,0,0.0,0
2012-10-22T09:21:03.000,2332.6,16069,2332.6,11,0.0,0,0.0,0,0.0,0,0.0,0,2332.8,37,0.0,0,0.0,0,0.0,0,0.0,0
2012-10-22T09:21:03.500,2332.6,16123,2332.6,10,0.0,0,0.0,0,0.0,0,0.0,0,2333,67,0.0,0,0.0,0,0.0,0,0.0,0
2012-10-22T09:21:04.000,2332.8,16126,2332.6,10,0.0,0,0.0,0,0.0,0,0.0,0,2333,65,0.0,0,0.0,0,0.0,0,0.0,0
2012-10-22T09:21:04.500,2332.8,16140,2332.8,29,0.0,0,0.0,0,0.0,0,0.0,0,2333,64,0.0,0,0.0,0,0.0,0,0.0,0
2012-10-22T09:21:05.000,2333,16165,2332.8,19,0.0,0,0.0,0,0.0,0,0.0,0,2333,50,0.0,0,0.0,0,0.0,0,0.0,0
2012-10-22T09:21:05.500,2333,16208,2332.8,24,0.0,0,0.0,0,0.0,0,0.0,0,2333,10,0.0,0,0.0,0,0.0,0,0.0,0
2012-10-22T09:21:06.000,2333.2,16228,2333,4,0.0,0,0.0,0,0.0,0,0.0,0,2333.2,1,0.0,0,0.0,0,0.0,0,0.0,0
2012-10-22T09:21:06.500,2333.4,16235,2333,10,0.0,0,0.0,0,0.0,0,0.0,0,2333.4,7,0.0,0,0.0,0,0.0,0,0.0,0
2012-10-22T09:21:07.000,2333.2,16257,2333.2,1,0.0,0,0.0,0,0.0,0,0.0,0,2333.6,28,0.0,0,0.0,0,0.0,0,0.0,0
2012-10-22T09:21:07.500,2333.6,16262,2333.4,11,0.0,0,0.0,0,0.0,0,0.0,0,2333.6,61,0.0,0,0.0,0,0.0,0,0.0,0
2012-10-22T09:21:08.000,2333.6,16298,2333.2,2,0.0,0,0.0,0,0.0,0,0.0,0,2333.4,1,0.0,0,0.0,0,0.0,0,0.0,0
2012-10-22T09:21:08.500,2333.2,16319,2333,4,0.0,0,0.0,0,0.0,0,0.0,0,2333.2,1,0.0,0,0.0,0,0.0,0,0.0,0
2012-10-22T09:21:09.000,2333.4,16328,2333.2,1,0.0,0,0.0,0,0.0,0,0.0,0,2333.4,13,0.0,0,0.0,0,0.0,0,0.0,0
2012-10-22T09:21:09.500,2333.4,16374,2333.2,3,0.0,0,0.0,0,0.0,0,0.0,0,2333.6,48,0.0,0,0.0,0,0.0,0,0.0,0
2012-10-22T09:21:10.000,2333.2,16401,2333.2,6,0.0,0,0.0,0,0.0,0,0.0,0,2333.4,1,0.0,0,0.0,0,0.0,0,0.0,0
2012-10-22T09:21:10.500,2333.6,16408,2333.4,4,0.0,0,0.0,0,0.0,0,0.0,0,2333.6,31,0.0,0,0.0,0,0.0,0,0.0,0
2012-10-22T09:21:11.000,2333.4,16417,2333.2,19,0.0,0,0.0,0,0.0,0,0.0,0,2333.6,28,0.0,0,0.0,0,0.0,0,0.0,0
2012-10-22T09:21:11.500,2333.2,16426,2333.2,18,0.0,0,0.0,0,0.0,0,0.0,0,2333.6,29,0.0,0,0.0,0,0.0,0,0.0,0
2012-10-22T09:21:12.000,2333.4,16429,2333.2,19,0.0,0,0.0,0,0.0,0,0.0,0,2333.4,3,0.0,0,0.0,0,0.0,0,0.0,0
2012-10-22T09:21:12.500,2333.6,16445,2333.4,4,0.0,0,0.0,0,0.0,0,0.0,0,2333.6,15,0.0,0,0.0,0,0.0,0,0.0,0
2012-10-22T09:21:13.000,2333.4,16460,2333.2,25,0.0,0,0.0,0,0.0,0,0.0,0,2333.4,26,0.0,0,0.0,0,0.0,0,0.0,0
2012-10-22T09:21:13.500,2333.4,16472,2333.2,25,0.0,0,0.0,0,0.0,0,0.0,0,2333.4,14,0.0,0,0.0,0,0.0,0,0.0,0
2012-10-22T09:21:14.000,2333.2,16509,2333.2,11,0.0,0,0.0,0,0.0,0,0.0,0,2333.6,9,0.0,0,0.0,0,0.0,0,0.0,0
2012-10-22T09:21:14.500,2333.6,16521,2333.6,17,0.0,0,0.0,0,0.0,0,0.0,0,2333.8,40,0.0,0,0.0,0,0.0,0,0.0,0
2012-10-22T09:21:15.000,2333.8,16526,2333.6,13,0.0,0,0.0,0,0.0,0,0.0,0,2333.8,39,0.0,0,0.0,0,0.0,0,0.0,0
2012-10-22T09:21:15.500,2334.4,16628,2333.8,15,0.0,0,0.0,0,0.0,0,0.0,0,2334.4,36,0.0,0,0.0,0,0.0,0,0.0,0
2012-10-22T09:21:16.000,2334.4,16673,2334.4,5,0.0,0,0.0,0,0.0,0,0.0,0,2334.6,4,0.0,0,0.0,0,0.0,0,0.0,0
2012-10-22T09:21:16.500,2334.6,16715,2334.6,6,0.0,0,0.0,0,0.0,0,0.0,0,2334.8,17,0.0,0,0.0,0,0.0,0,0.0,0
2012-10-22T09:21:17.000,2334.8,17154,2334.8,31,0.0,0,0.0,0,0.0,0,0.0,0,2335.8,9,0.0,0,0.0,0,0.0,0,0.0,0
2012-10-22T09:21:17.500,2336.4,17196,2336.4,12,0.0,0,0.0,0,0.0,0,0.0,0,2337,9,0.0,0,0.0,0,0.0,0,0.0,0
2012-10-22T09:21:18.000,2337.2,17329,2337.2,27,0.0,0,0.0,0,0.0,0,0.0,0,2338,18,0.0,0,0.0,0,0.0,0,0.0,0
2012-10-22T09:21:18.500,2338.2,17398,2338,34,0.0,0,0.0,0,0.0,0,0.0,0,2338.2,1,0.0,0,0.0,0,0.0,0,0.0,0
2012-10-22T09:21:19.000,2338.4,17484,2338.4,32,0.0,0,0.0,0,0.0,0,0.0,0,2338.8,18,0.0,0,0.0,0,0.0,0,0.0,0
2012-10-22T09:21:19.500,2338.2,17610,2338.2,48,0.0,0,0.0,0,0.0,0,0.0,0,2338.8,3,0.0,0,0.0,0,0.0,0,0.0,0
2012-10-22T09:21:20.000,2338.2,17772,2338.8,1,0.0,0,0.0,0,0.0,0,0.0,0,2339.2,4,0.0,0,0.0,0,0.0,0,0.0,0
2012-10-22T09:21:20.500,2338.6,17862,2338.2,29,0.0,0,0.0,0,0.0,0,0.0,0,2338.6,13,0.0,0,0.0,0,0.0,0,0.0,0
2012-10-22T09:21:21.000,2338.6,17942,2338.8,1,0.0,0,0.0,0,0.0,0,0.0,0,2339,32,0.0,0,0.0,0,0.0,0,0.0,0
2012-10-22T09:21:21.500,2338,18009,2338,41,0.0,0,0.0,0,0.0,0,0.0,0,2338.2,44,0.0,0,0.0,0,0.0,0,0.0,0
2012-10-22T09:21:22.000,2338.6,18151,2338.2,5,0.0,0,0.0,0,0.0,0,0.0,0,2338.6,1,0.0,0,0.0,0,0.0,0,0.0,0
2012-10-22T09:21:22.500,2338.6,18296,2338.6,2,0.0,0,0.0,0,0.0,0,0.0,0,2338.8,1,0.0,0,0.0,0,0.0,0,0.0,0
2012-10-22T09:21:23.000,2338.8,18327,2338,11,0.0,0,0.0,0,0.0,0,0.0,0,2339,33,0.0,0,0.0,0,0.0,0,0.0,0
2012-10-22T09:21:23.500,2339,18426,2339,10,0.0,0,0.0,0,0.0,0,0.0,0,2339.2,41,0.0,0,0.0,0,0.0,0,0.0,0
2012-10-22T09:21:24.000,2339.2,18508,2338.6,47,0.0,0,0.0,0,0.0,0,0.0,0,2339.2,3,0.0,0,0.0,0,0.0,0,0.0,0
2012-10-22T09:21:24.500,2339.4,18540,2339.4,13,0.0,0,0.0,0,0.0,0,0.0,0,2339.6,185,0.0,0,0.0,0,0.0,0,0.0,0
2012-10-22T09:21:25.000,2339.6,18783,2339.4,32,0.0,0,0.0,0,0.0,0,0.0,0,2339.6,8,0.0,0,0.0,0,0.0,0,0.0,0
2012-10-22T09:21:25.500,2339.2,18907,2339.2,21,0.0,0,0.0,0,0.0,0,0.0,0,2339.8,199,0.0,0,0.0,0,0.0,0,0.0,0
2012-10-22T09:21:26.000,2339.6,19025,2339.6,2,0.0,0,0.0,0,0.0,0,0.0,0,2339.8,142,0.0,0,0.0,0,0.0,0,0.0,0
2012-10-22T09:21:26.500,2339.4,19132,2339.2,15,0.0,0,0.0,0,0.0,0,0.0,0,2339.4,33,0.0,0,0.0,0,0.0,0,0.0,0
2012-10-22T09:21:27.000,2339.2,19219,2339,11,0.0,0,0.0,0,0.0,0,0.0,0,2339.2,25,0.0,0,0.0,0,0.0,0,0.0,0
2012-10-22T09:21:27.500,2338.8,19274,2338.4,9,0.0,0,0.0,0,0.0,0,0.0,0,2338.8,9,0.0,0,0.0,0,0.0,0,0.0,0
2012-10-22T09:21:28.000,2338.4,19337,2338.4,20,0.0,0,0.0,0,0.0,0,0.0,0,2338.6,4,0.0,0,0.0,0,0.0,0,0.0,0
2012-10-22T09:21:28.500,2338.6,19368,2338.4,6,0.0,0,0.0,0,0.0,0,0.0,0,2338.6,7,0.0,0,0.0,0,0.0,0,0.0,0
2012-10-22T09:21:29.000,2338.4,19393,2338,7,0.0,0,0.0,0,0.0,0,0.0,0,2338.2,8,0.0,0,0.0,0,0.0,0,0.0,0
2012-10-22T09:21:29.500,2338,19425,2338,14,0.0,0,0.0,0,0.0,0,0.0,0,2338.2,10,0.0,0,0.0,0,0.0,0,0.0,0
2012-10-22T09:21:30.000,2338.2,19470,2337.4,11,0.0,0,0.0,0,0.0,0,0.0,0,2338,5,0.0,0,0.0,0,0.0,0,0.0,0
2012-10-22T09:21:30.500,2337.6,19499,2337.6,33,0.0,0,0.0,0,0.0,0,0.0,0,2337.8,5,0.0,0,0.0,0,0.0,0,0.0,0
2012-10-22T09:21:31.000,2337.8,19557,2337.8,18,0.0,0,0.0,0,0.0,0,0.0,0,2338,36,0.0,0,0.0,0,0.0,0,0.0,0
2012-10-22T09:21:31.500,2337.8,19585,2337.8,17,0.0,0,0.0,0,0.0,0,0.0,0,2338,26,0.0,0,0.0,0,0.0,0,0.0,0
2012-10-22T09:21:32.000,2338,19636,2338,32,0.0,0,0.0,0,0.0,0,0.0,0,2338.2,9,0.0,0,0.0,0,0.0,0,0.0,0
2012-10-22T09:21:32.500,2338,19649,2338,28,0.0,0,0.0,0,0.0,0,0.0,0,2338.2,4,0.0,0,0.0,0,0.0,0,0.0,0
2012-10-22T09:21:33.000,2338,19685,2337.8,8,0.0,0,0.0,0,0.0,0,0.0,0,2338,14,0.0,0,0.0,0,0.0,0,0.0,0
2012-10-22T09:21:33.500,2338,19700,2337.8,6,0.0,0,0.0,0,0.0,0,0.0,0,2338,26,0.0,0,0.0,0,0.0,0,0.0,0
2012-10-22T09:21:34.000,2337.6,19721,2337.6,5,0.0,0,0.0,0,0.0,0,0.0,0,2337.8,13,0.0,0,0.0,0,0.0,0,0.0,0
2012-10-22T09:21:34.500,2337.8,19757,2337.4,17,0.0,0,0.0,0,0.0,0,0.0,0,2337.8,17,0.0,0,0.0,0,0.0,0,0.0,0
2012-10-22T09:21:35.000,2337,19792,2337,11,0.0,0,0.0,0,0.0,0,0.0,0,2337.4,1,0.0,0,0.0,0,0.0,0,0.0,0
2012-10-22T09:21:35.500,2337.4,19814,2337.2,5,0.0,0,0.0,0,0.0,0,0.0,0,2337.4,11,0.0,0,0.0,0,0.0,0,0.0,0
2012-10-22T09:21:36.000,2337.4,19832,2337,7,0.0,0,0.0,0,0.0,0,0.0,0,2337.2,8,0.0,0,0.0,0,0.0,0,0.0,0
2012-10-22T09:21:36.500,2336.8,19847,2336.6,3,0.0,0,0.0,0,0.0,0,0.0,0,2337.2,7,0.0,0,0.0,0,0.0,0,0.0,0
2012-10-22T09:21:37.000,2336.8,19884,2336.8,6,0.0,0,0.0,0,0.0,0,0.0,0,2337,4,0.0,0,0.0,0,0.0,0,0.0,0
2012-10-22T09:21:37.500,2336.8,19929,2336.8,9,0.0,0,0.0,0,0.0,0,0.0,0,2337.2,15,0.0,0,0.0,0,0.0,0,0.0,0
2012-10-22T09:21:38.000,2337.2,19946,2336.8,1,0.0,0,0.0,0,0.0,0,0.0,0,2337.2,14,0.0,0,0.0,0,0.0,0,0.0,0
2012-10-22T09:21:38.500,2337,19957,2336.6,2,0.0,0,0.0,0,0.0,0,0.0,0,2336.8,1,0.0,0,0.0,0,0.0,0,0.0,0
2012-10-22T09:21:39.000,2337,19968,2336.6,24,0.0,0,0.0,0,0.0,0,0.0,0,2336.8,10,0.0,0,0.0,0,0.0,0,0.0,0
2012-10-22T09:21:39.500,2336.8,19979,2336.6,23,0.0,0,0.0,0,0.0,0,0.0,0,2336.8,14,0.0,0,0.0,0,0.0,0,0.0,0
2012-10-22T09:21:40.000,2336.6,19987,2336.6,24,0.0,0,0.0,0,0.0,0,0.0,0,2336.8,11,0.0,0,0.0,0,0.0,0,0.0,0
2012-10-22T09:21:40.500,2336.6,20005,2336.6,13,0.0,0,0.0,0,0.0,0,0.0,0,2336.8,5,0.0,0,0.0,0,0.0,0,0.0,0
2012-10-22T09:21:41.000,2336.6,20022,2336.2,11,0.0,0,0.0,0,0.0,0,0.0,0,2336.6,3,0.0,0,0.0,0,0.0,0,0.0,0
2012-10-22T09:21:41.500,2336.8,20046,2336.6,6,0.0,0,0.0,0,0.0,0,0.0,0,2336.8,7,0.0,0,0.0,0,0.0,0,0.0,0
2012-10-22T09:21:42.000,2336.6,20055,2336.6,1,0.0,0,0.0,0,0.0,0,0.0,0,2336.8,8,0.0,0,0.0,0,0.0,0,0.0,0
2012-10-22T09:21:42.500,2336.6,20064,2336.4,4,0.0,0,0.0,0,0.0,0,0.0,0,2336.6,7,0.0,0,0.0,0,0.0,0,0.0,0
2012-10-22T09:21:43.000,2337,20089,2336.4,8,0.0,0,0.0,0,0.0,0,0.0,0,2336.6,1,0.0,0,0.0,0,0.0,0,0.0,0
2012-10-22T09:21:43.500,2336.6,20095,2336.8,1,0.0,0,0.0,0,0.0,0,0.0,0,2337,17,0.0,0,0.0,0,0.0,0,0.0,0
2012-10-22T09:21:44.000,2336.8,20108,2336.4,12,0.0,0,0.0,0,0.0,0,0.0,0,2337,15,0.0,0,0.0,0,0.0,0,0.0,0
2012-10-22T09:21:44.500,2337,20112,2336.4,15,0.0,0,0.0,0,0.0,0,0.0,0,2337,19,0.0,0,0.0,0,0.0,0,0.0,0
2012-10-22T09:21:45.000,2337,20124,2336.8,8,0.0,0,0.0,0,0.0,0,0.0,0,2337,15,0.0,0,0.0,0,0.0,0,0.0,0
2012-10-22T09:21:45.500,2336.6,20134,2336.6,23,0.0,0,0.0,0,0.0,0,0.0,0,2337,12,0.0,0,0.0,0,0.0,0,0.0,0
2012-10-22T09:21:46.000,2336.6,20145,2336.6,26,0.0,0,0.0,0,0.0,0,0.0,0,2337,6,0.0,0,0.0,0,0.0,0,0.0,0
2012-10-22T09:21:46.500,2337,20151,2336.8,8,0.0,0,0.0,0,0.0,0,0.0,0,2337,6,0.0,0,0.0,0,0.0,0,0.0,0
2012-10-22T09:21:47.000,2337.2,20161,2337,28,0.0,0,0.0,0,0.0,0,0.0,0,2337.2,15,0.0,0,0.0,0,0.0,0,0.0,0
2012-10-22T09:21:47.500,2337,20183,2337,38,0.0,0,0.0,0,0.0,0,0.0,0,2337.2,5,0.0,0,0.0,0,0.0,0,0.0,0
2012-10-22T09:21:48.000,2337.2,20197,2337.2,8,0.0,0,0.0,0,0.0,0,0.0,0,2337.4,26,0.0,0,0.0,0,0.0,0,0.0,0
2012-10-22T09:21:48.500,2337.2,20207,2337.2,32,0.0,0,0.0,0,0.0,0,0.0,0,2337.4,40,0.0,0,0.0,0,0.0,0,0.0,0
2012-10-22T09:21:49.000,2337.2,20259,2337.2,2,0.0,0,0.0,0,0.0,0,0.0,0,2337.4,13,0.0,0,0.0,0,0.0,0,0.0,0
2012-10-22T09:21:49.500,2337.2,20265,2337,46,0.0,0,0.0,0,0.0,0,0.0,0,2337.4,18,0.0,0,0.0,0,0.0,0,0.0,0
2012-10-22T09:21:50.000,2337.2,20282,2337.2,15,0.0,0,0.0,0,0.0,0,0.0,0,2337.4,13,0.0,0,0.0,0,0.0,0,0.0,0
2012-10-22T09:21:50.500,2337.4,20311,2337.2,4,0.0,0,0.0,0,0.0,0,0.0,0,2337.4,22,0.0,0,0.0,0,0.0,0,0.0,0
2012-10-22T09:21:51.000,2337.2,20334,2337.2,10,0.0,0,0.0,0,0.0,0,0.0,0,2337.4,9,0.0,0,0.0,0,0.0,0,0.0,0
2012-10-22T09:21:51.500,2337.2,20355,2337,50,0.0,0,0.0,0,0.0,0,0.0,0,2337.2,12,0.0,0,0.0,0,0.0,0,0.0,0
2012-10-22T09:21:52.000,2337.2,20365,2337,68,0.0,0,0.0,0,0.0,0,0.0,0,2337.2,7,0.0,0,0.0,0,0.0,0,0.0,0
2012-10-22T09:21:52.500,2337.2,20392,2337,61,0.0,0,0.0,0,0.0,0,0.0,0,2337.2,8,0.0,0,0.0,0,0.0,0,0.0,0
2012-10-22T09:21:53.000,2337.2,20440,2337,19,0.0,0,0.0,0,0.0,0,0.0,0,2337.2,16,0.0,0,0.0,0,0.0,0,0.0,0
2012-10-22T09:21:53.500,2337,20461,2337,6,0.0,0,0.0,0,0.0,0,0.0,0,2337.2,9,0.0,0,0.0,0,0.0,0,0.0,0
2012-10-22T09:21:54.000,2337,20479,2336.8,14,0.0,0,0.0,0,0.0,0,0.0,0,2337,27,0.0,0,0.0,0,0.0,0,0.0,0
2012-10-22T09:21:54.500,2336.8,20490,2336.8,7,0.0,0,0.0,0,0.0,0,0.0,0,2337,130,0.0,0,0.0,0,0.0,0,0.0,0
2012-10-22T09:21:55.000,2336.6,20547,2336.4,30,0.0,0,0.0,0,0.0,0,0.0,0,2336.8,12,0.0,0,0.0,0,0.0,0,0.0,0
2012-10-22T09:21:55.500,2336.4,20572,2336.4,9,0.0,0,0.0,0,0.0,0,0.0,0,2336.6,27,0.0,0,0.0,0,0.0,0,0.0,0
2012-10-22T09:21:56.000,2336.2,20586,2336.2,19,0.0,0,0.0,0,0.0,0,0.0,0,2336.4,2,0.0,0,0.0,0,0.0,0,0.0,0
2012-10-22T09:21:56.500,2336.4,20596,2336.2,47,0.0,0,0.0,0,0.0,0,0.0,0,2336.6,21,0.0,0,0.0,0,0.0,0,0.0,0
2012-10-22T09:21:57.000,2336.2,20599,2336.2,44,0.0,0,0.0,0,0.0,0,0.0,0,2336.4,2,0.0,0,0.0,0,0.0,0,0.0,0
2012-10-22T09:21:57.500,2336.4,20608,2336.4,3,0.0,0,0.0,0,0.0,0,0.0,0,2336.6,20,0.0,0,0.0,0,0.0,0,0.0,0
2012-10-22T09:21:58.000,2336.4,20615,2336.4,8,0.0,0,0.0,0,0.0,0,0.0,0,2336.6,17,0.0,0,0.0,0,0.0,0,0.0,0
2012-10-22T09:21:58.500,2336.6,20634,2336.6,2,0.0,0,0.0,0,0.0,0,0.0,0,2336.8,30,0.0,0,0.0,0,0.0,0,0.0,0
2012-10-22T09:21:59.000,2336.8,20641,2336.6,6,0.0,0,0.0,0,0.0,0,0.0,0,2336.8,23,0.0,0,0.0,0,0.0,0,0.0,0
2012-10-22T09:21:59.500,2336.6,20646,2336.6,9,0.0,0,0.0,0,0.0,0,0.0,0,2336.8,20,0.0,0,0.0,0,0.0,0,0.0,0
2012-10-22T09:22:00.000,2336.8,20657,2336.6,6,0.0,0,0.0,0,0.0,0,0.0,0,2336.8,15,0.0,0,0.0,0,0.0,0,0.0,0
2012-10-22T09:22:00.500,2336.4,20688,2336.4,25,0.0,0,0.0,0,0.0,0,0.0,0,2336.8,9,0.0,0,0.0,0,0.0,0,0.0,0
2012-10-22T09:22:01.000,2336.4,20713,2336.4,17,0.0,0,0.0,0,0.0,0,0.0,0,2336.8,2,0.0,0,0.0,0,0.0,0,0.0,0
2012-10-22T09:22:01.500,2336.4,20720,2336.4,14,0.0,0,0.0,0,0.0,0,0.0,0,2336.6,25,0.0,0,0.0,0,0.0,0,0.0,0
2012-10-22T09:22:02.000,2336.6,20727,2336.4,14,0.0,0,0.0,0,0.0,0,0.0,0,2336.8,9,0.0,0,0.0,0,0.0,0,0.0,0
2012-10-22T09:22:02.500,2336.4,20744,2336.2,40,0.0,0,0.0,0,0.0,0,0.0,0,2336.6,4,0.0,0,0.0,0,0.0,0,0.0,0
2012-10-22T09:22:03.000,2336,20801,2336,33,0.0,0,0.0,0,0.0,0,0.0,0,2336.6,6,0.0,0,0.0,0,0.0,0,0.0,0
2012-10-22T09:22:03.500,2336,20830,2336,7,0.0,0,0.0,0,0.0,0,0.0,0,2336.2,2,0.0,0,0.0,0,0.0,0,0.0,0
2012-10-22T09:22:04.000,2336,20845,2335.8,16,0.0,0,0.0,0,0.0,0,0.0,0,2336,18,0.0,0,0.0,0,0.0,0,0.0,0
2012-10-22T09:22:04.500,2336,20847,2335.8,16,0.0,0,0.0,0,0.0,0,0.0,0,2336,24,0.0,0,0.0,0,0.0,0,0.0,0
2012-10-22T09:22:05.000,2335.8,20859,2335.8,42,0.0,0,0.0,0,0.0,0,0.0,0,2336,18,0.0,0,0.0,0,0.0,0,0.0,0
2012-10-22T09:22:05.500,2336.2,20885,2336,42,0.0,0,0.0,0,0.0,0,0.0,0,2336.2,1,0.0,0,0.0,0,0.0,0,0.0,0
2012-10-22T09:22:06.000,2336.2,20896,2336.2,38,0.0,0,0.0,0,0.0,0,0.0,0,2336.4,29,0.0,0,0.0,0,0.0,0,0.0,0
2012-10-22T09:22:06.500,2336.4,20932,2336.2,32,0.0,0,0.0,0,0.0,0,0.0,0,2336.4,15,0.0,0,0.0,0,0.0,0,0.0,0
2012-10-22T09:22:07.000,2336.2,20956,2336.2,32,0.0,0,0.0,0,0.0,0,0.0,0,2336.4,4,0.0,0,0.0,0,0.0,0,0.0,0
2012-10-22T09:22:07.500,2336.2,20966,2336.2,28,0.0,0,0.0,0,0.0,0,0.0,0,2336.6,22,0.0,0,0.0,0,0.0,0,0.0,0
2012-10-22T09:22:08.000,2336.2,20972,2336.2,23,0.0,0,0.0,0,0.0,0,0.0,0,2336.6,21,0.0,0,0.0,0,0.0,0,0.0,0
2012-10-22T09:22:08.500,2336.2,20978,2336.2,19,0.0,0,0.0,0,0.0,0,0.0,0,2336.4,6,0.0,0,0.0,0,0.0,0,0.0,0
2012-10-22T09:22:09.000,2336.2,21088,2336.2,1,0.0,0,0.0,0,0.0,0,0.0,0,2336.4,3,0.0,0,0.0,0,0.0,0,0.0,0
2012-10-22T09:22:09.500,2336.4,21094,2336.2,1,0.0,0,0.0,0,0.0,0,0.0,0,2336.4,9,0.0,0,0.0,0,0.0,0,0.0,0
2012-10-22T09:22:10.000,2336.4,21105,2336,5,0.0,0,0.0,0,0.0,0,0.0,0,2336.4,7,0.0,0,0.0,0,0.0,0,0.0,0
2012-10-22T09:22:10.500,2336.2,21120,2336,4,0.0,0,0.0,0,0.0,0,0.0,0,2336.2,2,0.0,0,0.0,0,0.0,0,0.0,0
2012-10-22T09:22:11.000,2336,21126,2336,3,0.0,0,0.0,0,0.0,0,0.0,0,2336.2,4,0.0,0,0.0,0,0.0,0,0.0,0
2012-10-22T09:22:11.500,2336,21130,2336,8,0.0,0,0.0,0,0.0,0,0.0,0,2336.2,23,0.0,0,0.0,0,0.0,0,0.0,0
2012-10-22T09:22:12.000,2336,21138,2336,5,0.0,0,0.0,0,0.0,0,0.0,0,2336.2,19,0.0,0,0.0,0,0.0,0,0.0,0
2012-10-22T09:22:12.500,2336,21144,2335.8,2,0.0,0,0.0,0,0.0,0,0.0,0,2336,1,0.0,0,0.0,0,0.0,0,0.0,0
2012-10-22T09:22:13.000,2336,21156,2335.6,15,0.0,0,0.0,0,0.0,0,0.0,0,2336,2,0.0,0,0.0,0,0.0,0,0.0,0
2012-10-22T09:22:13.500,2335.6,21159,2335.6,15,0.0,0,0.0,0,0.0,0,0.0,0,2335.8,3,0.0,0,0.0,0,0.0,0,0.0,0
2012-10-22T09:22:14.000,2335.8,21167,2335.6,16,0.0,0,0.0,0,0.0,0,0.0,0,2336,4,0.0,0,0.0,0,0.0,0,0.0,0
2012-10-22T09:22:14.500,2336,21191,2336,17,0.0,0,0.0,0,0.0,0,0.0,0,2336.2,29,0.0,0,0.0,0,0.0,0,0.0,0
2012-10-22T09:22:15.000,2336,21201,2336,9,0.0,0,0.0,0,0.0,0,0.0,0,2336.2,29,0.0,0,0.0,0,0.0,0,0.0,0
2012-10-22T09:22:15.500,2336,21224,2336,2,0.0,0,0.0,0,0.0,0,0.0,0,2336.2,22,0.0,0,0.0,0,0.0,0,0.0,0
2012-10-22T09:22:16.000,2336,21231,2335.8,12,0.0,0,0.0,0,0.0,0,0.0,0,2336,2,0.0,0,0.0,0,0.0,0,0.0,0
2012-10-22T09:22:16.500,2336.2,21272,2336.2,33,0.0,0,0.0,0,0.0,0,0.0,0,2336.4,8,0.0,0,0.0,0,0.0,0,0.0,0
2012-10-22T09:22:17.000,2336.2,21274,2336.2,33,0.0,0,0.0,0,0.0,0,0.0,0,2336.4,8,0.0,0,0.0,0,0.0,0,0.0,0
2012-10-22T09:22:17.500,2336.2,21277,2336.2,37,0.0,0,0.0,0,0.0,0,0.0,0,2336.4,12,0.0,0,0.0,0,0.0,0,0.0,0
2012-10-22T09:22:18.000,2336.2,21302,2336.2,19,0.0,0,0.0,0,0.0,0,0.0,0,2336.4,5,0.0,0,0.0,0,0.0,0,0.0,0
2012-10-22T09:22:18.500,2336.6,21323,2336.2,5,0.0,0,0.0,0,0.0,0,0.0,0,2336.6,43,0.0,0,0.0,0,0.0,0,0.0,0
2012-10-22T09:22:19.000,2336.2,21330,2336.2,2,0.0,0,0.0,0,0.0,0,0.0,0,2336.4,2,0.0,0,0.0,0,0.0,0,0.0,0
2012-10-22T09:22:19.500,2336.6,21336,2336,3,0.0,0,0.0,0,0.0,0,0.0,0,2336.6,37,0.0,0,0.0,0,0.0,0,0.0,0
2012-10-22T09:22:20.000,2336.2,21342,2336,7,0.0,0,0.0,0,0.0,0,0.0,0,2336.4,3,0.0,0,0.0,0,0.0,0,0.0,0
2012-10-22T09:22:20.500,2336.2,21346,2336.2,3,0.0,0,0.0,0,0.0,0,0.0,0,2336.4,2,0.0,0,0.0,0,0.0,0,0.0,0
2012-10-22T09:22:21.000,2336.2,21353,2336,11,0.0,0,0.0,0,0.0,0,0.0,0,2336.2,15,0.0,0,0.0,0,0.0,0,0.0,0
2012-10-22T09:22:21.500,2336,21355,2336,9,0.0,0,0.0,0,0.0,0,0.0,0,2336.2,18,0.0,0,0.0,0,0.0,0,0.0,0
2012-10-22T09:22:22.000,2336,21359,2336,16,0.0,0,0.0,0,0.0,0,0.0,0,2336.2,18,0.0,0,0.0,0,0.0,0,0.0,0
2012-10-22T09:22:22.500,2336,21370,2336,8,0.0,0,0.0,0,0.0,0,0.0,0,2336.2,18,0.0,0,0.0,0,0.0,0,0.0,0
2012-10-22T09:22:23.000,2336.2,21374,2336,7,0.0,0,0.0,0,0.0,0,0.0,0,2336.2,17,0.0,0,0.0,0,0.0,0,0.0,0
2012-10-22T09:22:23.500,2336,21390,2336,1,0.0,0,0.0,0,0.0,0,0.0,0,2336.2,12,0.0,0,0.0,0,0.0,0,0.0,0
2012-10-22T09:22:24.000,2336.4,21408,2335.8,19,0.0,0,0.0,0,0.0,0,0.0,0,2336,1,0.0,0,0.0,0,0.0,0,0.0,0
2012-10-22T09:22:24.500,2336.2,21411,2336,1,0.0,0,0.0,0,0.0,0,0.0,0,2336.4,9,0.0,0,0.0,0,0.0,0,0.0,0
2012-10-22T09:22:25.000,2336.4,21412,2336.2,1,0.0,0,0.0,0,0.0,0,0.0,0,2336.4,8,0.0,0,0.0,0,0.0,0,0.0,0
2012-10-22T09:22:25.500,2336.2,21418,2336,10,0.0,0,0.0,0,0.0,0,0.0,0,2336.4,18,0.0,0,0.0,0,0.0,0,0.0,0
2012-10-22T09:22:26.000,2336,21443,2336,2,0.0,0,0.0,0,0.0,0,0.0,0,2336.4,7,0.0,0,0.0,0,0.0,0,0.0,0
2012-10-22T09:22:26.500,2336,21449,2336,26,0.0,0,0.0,0,0.0,0,0.0,0,2336.4,3,0.0,0,0.0,0,0.0,0,0.0,0
2012-10-22T09:22:27.000,2336.4,21454,2336.2,7,0.0,0,0.0,0,0.0,0,0.0,0,2336.4,2,0.0,0,0.0,0,0.0,0,0.0,0
2012-10-22T09:22:27.500,2336.4,21480,2336.2,7,0.0,0,0.0,0,0.0,0,0.0,0,2336.6,57,0.0,0,0.0,0,0.0,0,0.0,0
2012-10-22T09:22:28.000,2336.4,21481,2336.2,28,0.0,0,0.0,0,0.0,0,0.0,0,2336.6,57,0.0,0,0.0,0,0.0,0,0.0,0
2012-10-22T09:22:28.500,2336.2,21484,2336.2,26,0.0,0,0.0,0,0.0,0,0.0,0,2336.6,57,0.0,0,0.0,0,0.0,0,0.0,0
2012-10-22T09:22:29.000,2336.6,21486,2336.4,1,0.0,0,0.0,0,0.0,0,0.0,0,2336.6,58,0.0,0,0.0,0,0.0,0,0.0,0
2012-10-22T09:22:29.500,2336.6,21529,2336.2,22,0.0,0,0.0,0,0.0,0,0.0,0,2336.6,24,0.0,0,0.0,0,0.0,0,0.0,0
2012-10-22T09:22:30.000,2336.4,21531,2336.4,14,0.0,0,0.0,0,0.0,0,0.0,0,2336.6,25,0.0,0,0.0,0,0.0,0,0.0,0
2012-10-22T09:22:30.500,2336.6,21538,2336.4,16,0.0,0,0.0,0,0.0,0,0.0,0,2336.6,20,0.0,0,0.0,0,0.0,0,0.0,0
2012-10-22T09:22:31.000,2336.6,21568,2336.6,5,0.0,0,0.0,0,0.0,0,0.0,0,2336.8,20,0.0,0,0.0,0,0.0,0,0.0,0
2012-10-22T09:22:31.500,2336.6,21569,2336.6,20,0.0,0,0.0,0,0.0,0,0.0,0,2336.8,20,0.0,0,0.0,0,0.0,0,0.0,0
2012-10-22T09:22:32.000,2336.6,21597,2336.4,6,0.0,0,0.0,0,0.0,0,0.0,0,2336.6,4,0.0,0,0.0,0,0.0,0,0.0,0
2012-10-22T09:22:32.500,2336.8,21606,2336.4,4,0.0,0,0.0,0,0.0,0,0.0,0,2336.8,18,0.0,0,0.0,0,0.0,0,0.0,0
2012-10-22T09:22:33.000,2336.8,21610,2336.6,15,0.0,0,0.0,0,0.0,0,0.0,0,2336.8,15,0.0,0,0.0,0,0.0,0,0.0,0
2012-10-22T09:22:33.500,2336.6,21615,2336.6,13,0.0,0,0.0,0,0.0,0,0.0,0,2336.8,12,0.0,0,0.0,0,0.0,0,0.0,0
2012-10-22T09:22:34.000,2336.6,21633,2336.6,8,0.0,0,0.0,0,0.0,0,0.0,0,2337,55,0.0,0,0.0,0,0.0,0,0.0,0
2012-10-22T09:22:34.500,2336.8,21636,2336.6,10,0.0,0,0.0,0,0.0,0,0.0,0,2336.8,30,0.0,0,0.0,0,0.0,0,0.0,0
2012-10-22T09:22:35.000,2336.8,21645,2336.6,9,0.0,0,0.0,0,0.0,0,0.0,0,2336.8,25,0.0,0,0.0,0,0.0,0,0.0,0
2012-10-22T09:22:35.500,2336.6,21657,2336.4,9,0.0,0,0.0,0,0.0,0,0.0,0,2336.6,3,0.0,0,0.0,0,0.0,0,0.0,0
2012-10-22T09:22:36.000,2336.8,21662,2336.6,4,0.0,0,0.0,0,0.0,0,0.0,0,2336.8,63,0.0,0,0.0,0,0.0,0,0.0,0
2012-10-22T09:22:36.500,2336.6,21670,2336.4,11,0.0,0,0.0,0,0.0,0,0.0,0,2336.6,12,0.0,0,0.0,0,0.0,0,0.0,0
2012-10-22T09:22:37.000,2336.4,21676,2336.4,13,0.0,0,0.0,0,0.0,0,0.0,0,2336.6,34,0.0,0,0.0,0,0.0,0,0.0,0
2012-10-22T09:22:37.500,2336.6,21679,2336.4,14,0.0,0,0.0,0,0.0,0,0.0,0,2336.6,45,0.0,0,0.0,0,0.0,0,0.0,0
2012-10-22T09:22:38.000,2336.6,21725,2336.2,11,0.0,0,0.0,0,0.0,0,0.0,0,2336.6,31,0.0,0,0.0,0,0.0,0,0.0,0
2012-10-22T09:22:38.500,2336.6,21727,2336.2,46,0.0,0,0.0,0,0.0,0,0.0,0,2336.6,31,0.0,0,0.0,0,0.0,0,0.0,0
2012-10-22T09:22:39.000,2336.6,21745,2336.4,7,0.0,0,0.0,0,0.0,0,0.0,0,2336.6,28,0.0,0,0.0,0,0.0,0,0.0,0
2012-10-22T09:22:39.500,2336.6,21784,2336.4,3,0.0,0,0.0,0,0.0,0,0.0,0,2336.6,22,0.0,0,0.0,0,0.0,0,0.0,0
2012-10-22T09:22:40.000,2336.4,21794,2336.4,15,0.0,0,0.0,0,0.0,0,0.0,0,2336.6,14,0.0,0,0.0,0,0.0,0,0.0,0
2012-10-22T09:22:40.500,2336.6,21797,2336.4,28,0.0,0,0.0,0,0.0,0,0.0,0,2336.6,11,0.0,0,0.0,0,0.0,0,0.0,0
2012-10-22T09:22:41.000,2336.6,21800,2336.4,33,0.0,0,0.0,0,0.0,0,0.0,0,2336.6,11,0.0,0,0.0,0,0.0,0,0.0,0
2012-10-22T09:22:41.500,2336.6,21811,2336.4,26,0.0,0,0.0,0,0.0,0,0.0,0,2336.6,12,0.0,0,0.0,0,0.0,0,0.0,0
2012-10-22T09:22:42.000,2336.4,21829,2336.4,8,0.0,0,0.0,0,0.0,0,0.0,0,2336.6,16,0.0,0,0.0,0,0.0,0,0.0,0
2012-10-22T09:22:42.500,2336.6,21832,2336.4,3,0.0,0,0.0,0,0.0,0,0.0,0,2336.6,15,0.0,0,0.0,0,0.0,0,0.0,0
2012-10-22T09:22:43.000,2336.4,21847,2336.4,2,0.0,0,0.0,0,0.0,0,0.0,0,2336.6,6,0.0,0,0.0,0,0.0,0,0.0,0
2012-10-22T09:22:43.500,2336.4,21851,2336.2,19,0.0,0,0.0,0,0.0,0,0.0,0,2336.4,2,0.0,0,0.0,0,0.0,0,0.0,0
2012-10-22T09:22:44.000,2336.2,21870,2336.2,1,0.0,0,0.0,0,0.0,0,0.0,0,2336.4,2,0.0,0,0.0,0,0.0,0,0.0,0
2012-10-22T09:22:44.500,2336.4,21871,2336.2,1,0.0,0,0.0,0,0.0,0,0.0,0,2336.4,3,0.0,0,0.0,0,0.0,0,0.0,0
2012-10-22T09:22:45.000,2336.2,21875,2336,81,0.0,0,0.0,0,0.0,0,0.0,0,2336.2,6,0.0,0,0.0,0,0.0,0,0.0,0
2012-10-22T09:22:45.500,2336,21876,2336,84,0.0,0,0.0,0,0.0,0,0.0,0,2336.2,11,0.0,0,0.0,0,0.0,0,0.0,0
2012-10-22T09:22:46.000,2336,21891,2336,70,0.0,0,0.0,0,0.0,0,0.0,0,2336.2,12,0.0,0,0.0,0,0.0,0,0.0,0
2012-10-22T09:22:46.500,2336.2,21906,2336,61,0.0,0,0.0,0,0.0,0,0.0,0,2336.2,9,0.0,0,0.0,0,0.0,0,0.0,0
2012-10-22T09:22:47.250,2336,21969,2335.8,20,0.0,0,0.0,0,0.0,0,0.0,0,2336.2,12,0.0,0,0.0,0,0.0,0,0.0,0
2012-10-22T09:22:48.000,2336,21988,2335.8,15,0.0,0,0.0,0,0.0,0,0.0,0,2336,18,0.0,0,0.0,0,0.0,0,0.0,0
2012-10-22T09:22:48.500,2335.8,22005,2335.6,22,0.0,0,0.0,0,0.0,0,0.0,0,2335.8,3,0.0,0,0.0,0,0.0,0,0.0,0
2012-10-22T09:22:49.000,2335.8,22009,2335.6,21,0.0,0,0.0,0,0.0,0,0.0,0,2335.8,2,0.0,0,0.0,0,0.0,0,0.0,0
2012-10-22T09:22:49.500,2336,22036,2335.6,20,0.0,0,0.0,0,0.0,0,0.0,0,2336,6,0.0,0,0.0,0,0.0,0,0.0,0
2012-10-22T09:22:50.000,2335.6,22047,2335.6,36,0.0,0,0.0,0,0.0,0,0.0,0,2336,4,0.0,0,0.0,0,0.0,0,0.0,0
2012-10-22T09:22:50.500,2336,22051,2335.6,36,0.0,0,0.0,0,0.0,0,0.0,0,2336,1,0.0,0,0.0,0,0.0,0,0.0,0
2012-10-22T09:22:51.000,2336,22060,2336,4,0.0,0,0.0,0,0.0,0,0.0,0,2336.2,7,0.0,0,0.0,0,0.0,0,0.0,0
2012-10-22T09:22:51.500,2335.8,22068,2336,3,0.0,0,0.0,0,0.0,0,0.0,0,2336.2,43,0.0,0,0.0,0,0.0,0,0.0,0
2012-10-22T09:22:52.000,2336,22073,2335.8,3,0.0,0,0.0,0,0.0,0,0.0,0,2336,3,0.0,0,0.0,0,0.0,0,0.0,0
2012-10-22T09:22:52.500,2335.8,22077,2335.6,35,0.0,0,0.0,0,0.0,0,0.0,0,2335.8,3,0.0,0,0.0,0,0.0,0,0.0,0
2012-10-22T09:22:53.250,2335.8,22080,2335.6,36,0.0,0,0.0,0,0.0,0,0.0,0,2335.8,23,0.0,0,0.0,0,0.0,0,0.0,0
2012-10-22T09:22:54.000,2335.8,22089,2335.6,52,0.0,0,0.0,0,0.0,0,0.0,0,2335.8,19,0.0,0,0.0,0,0.0,0,0.0,0
2012-10-22T09:22:54.500,2335.8,22154,2335.4,29,0.0,0,0.0,0,0.0,0,0.0,0,2335.8,15,0.0,0,0.0,0,0.0,0,0.0,0
2012-10-22T09:22:55.000,2335.4,22155,2335.4,29,0.0,0,0.0,0,0.0,0,0.0,0,2335.6,3,0.0,0,0.0,0,0.0,0,0.0,0
2012-10-22T09:22:55.500,2335.8,22162,2335.6,2,0.0,0,0.0,0,0.0,0,0.0,0,2335.8,7,0.0,0,0.0,0,0.0,0,0.0,0
2012-10-22T09:22:56.000,2335.6,22166,2335.4,30,0.0,0,0.0,0,0.0,0,0.0,0,2335.6,3,0.0,0,0.0,0,0.0,0,0.0,0
2012-10-22T09:22:56.500,2335.6,22172,2335.6,1,0.0,0,0.0,0,0.0,0,0.0,0,2335.8,23,0.0,0,0.0,0,0.0,0,0.0,0
2012-10-22T09:22:57.000,2335.4,22186,2335.4,28,0.0,0,0.0,0,0.0,0,0.0,0,2335.6,3,0.0,0,0.0,0,0.0,0,0.0,0
2012-10-22T09:22:57.500,2335.6,22194,2335.4,27,0.0,0,0.0,0,0.0,0,0.0,0,2335.8,3,0.0,0,0.0,0,0.0,0,0.0,0
2012-10-22T09:22:58.000,2335.8,22204,2335.8,30,0.0,0,0.0,0,0.0,0,0.0,0,2336,26,0.0,0,0.0,0,0.0,0,0.0,0
2012-10-22T09:22:58.500,2335.8,22205,2335.8,30,0.0,0,0.0,0,0.0,0,0.0,0,2336,26,0.0,0,0.0,0,0.0,0,0.0,0
2012-10-22T09:22:59.000,2336,22208,2335.8,31,0.0,0,0.0,0,0.0,0,0.0,0,2336,25,0.0,0,0.0,0,0.0,0,0.0,0
2012-10-22T09:22:59.500,2336,22215,2335.8,26,0.0,0,0.0,0,0.0,0,0.0,0,2336,25,0.0,0,0.0,0,0.0,0,0.0,0
2012-10-22T09:23:00.000,2335.8,22218,2335.8,23,0.0,0,0.0,0,0.0,0,0.0,0,2336,75,0.0,0,0.0,0,0.0,0,0.0,0
2012-10-22T09:23:00.500,2335.8,22230,2335.8,11,0.0,0,0.0,0,0.0,0,0.0,0,2336,75,0.0,0,0.0,0,0.0,0,0.0,0
2012-10-22T09:23:01.000,2335.8,22241,2335.6,5,0.0,0,0.0,0,0.0,0,0.0,0,2335.8,5,0.0,0,0.0,0,0.0,0,0.0,0
2012-10-22T09:23:01.500,2335.8,22242,2335.6,5,0.0,0,0.0,0,0.0,0,0.0,0,2335.8,22,0.0,0,0.0,0,0.0,0,0.0,0
2012-10-22T09:23:02.000,2335.6,22247,2335.4,46,0.0,0,0.0,0,0.0,0,0.0,0,2335.8,35,0.0,0,0.0,0,0.0,0,0.0,0
2012-10-22T09:23:02.500,2335.8,22248,2335.6,1,0.0,0,0.0,0,0.0,0,0.0,0,2335.8,40,0.0,0,0.0,0,0.0,0,0.0,0
2012-10-22T09:23:03.250,2335.8,22287,2335.4,11,0.0,0,0.0,0,0.0,0,0.0,0,2335.8,41,0.0,0,0.0,0,0.0,0,0.0,0
2012-10-22T09:23:04.000,2335.6,22290,2335.4,12,0.0,0,0.0,0,0.0,0,0.0,0,2335.8,30,0.0,0,0.0,0,0.0,0,0.0,0
2012-10-22T09:23:04.500,2335.6,22292,2335.6,4,0.0,0,0.0,0,0.0,0,0.0,0,2335.8,15,0.0,0,0.0,0,0.0,0,0.0,0
2012-10-22T09:23:05.000,2335.6,22299,2335.6,11,0.0,0,0.0,0,0.0,0,0.0,0,2335.8,13,0.0,0,0.0,0,0.0,0,0.0,0
2012-10-22T09:23:05.500,2335.6,22300,2335.6,15,0.0,0,0.0,0,0.0,0,0.0,0,2335.8,10,0.0,0,0.0,0,0.0,0,0.0,0
2012-10-22T09:23:06.000,2335.8,22307,2335.6,18,0.0,0,0.0,0,0.0,0,0.0,0,2335.8,4,0.0,0,0.0,0,0.0,0,0.0,0
2012-10-22T09:23:06.500,2335.8,22314,2335.8,15,0.0,0,0.0,0,0.0,0,0.0,0,2336,88,0.0,0,0.0,0,0.0,0,0.0,0
2012-10-22T09:23:07.000,2336,22317,2335.8,14,0.0,0,0.0,0,0.0,0,0.0,0,2336,93,0.0,0,0.0,0,0.0,0,0.0,0
2012-10-22T09:23:07.500,2335.8,22318,2335.8,14,0.0,0,0.0,0,0.0,0,0.0,0,2336,93,0.0,0,0.0,0,0.0,0,0.0,0
2012-10-22T09:23:08.000,2336,22328,2335.8,7,0.0,0,0.0,0,0.0,0,0.0,0,2336,94,0.0,0,0.0,0,0.0,0,0.0,0
2012-10-22T09:23:08.500,2336,22344,2335.8,6,0.0,0,0.0,0,0.0,0,0.0,0,2336,79,0.0,0,0.0,0,0.0,0,0.0,0
2012-10-22T09:23:09.000,2335.8,22347,2335.8,6,0.0,0,0.0,0,0.0,0,0.0,0,2336,78,0.0,0,0.0,0,0.0,0,0.0,0
2012-10-22T09:23:09.500,2335.8,22349,2335.8,4,0.0,0,0.0,0,0.0,0,0.0,0,2336,79,0.0,0,0.0,0,0.0,0,0.0,0
2012-10-22T09:23:10.000,2336,22352,2335.8,4,0.0,0,0.0,0,0.0,0,0.0,0,2336,27,0.0,0,0.0,0,0.0,0,0.0,0
2012-10-22T09:23:10.500,2336,22365,2335.8,9,0.0,0,0.0,0,0.0,0,0.0,0,2336,14,0.0,0,0.0,0,0.0,0,0.0,0
2012-10-22T09:23:11.000,2336.2,22434,2336,8,0.0,0,0.0,0,0.0,0,0.0,0,2336.2,11,0.0,0,0.0,0,0.0,0,0.0,0
2012-10-22T09:23:11.500,2336.4,22452,2336,6,0.0,0,0.0,0,0.0,0,0.0,0,2336.4,7,0.0,0,0.0,0,0.0,0,0.0,0
2012-10-22T09:23:12.000,2336.4,22455,2336,6,0.0,0,0.0,0,0.0,0,0.0,0,2336.2,5,0.0,0,0.0,0,0.0,0,0.0,0
2012-10-22T09:23:12.500,2336.4,22475,2336.4,16,0.0,0,0.0,0,0.0,0,0.0,0,2336.6,15,0.0,0,0.0,0,0.0,0,0.0,0
2012-10-22T09:23:13.000,2336.6,22478,2336.4,16,0.0,0,0.0,0,0.0,0,0.0,0,2336.6,13,0.0,0,0.0,0,0.0,0,0.0,0
