date_time,last_px,total_volume,bid1_px,bid1_qty,bid2_px,bid2_qty,bid3_px,bid3_qty,bid4_px,bid4_qty,bid5_px,bid5_qty,ask1_px,ask1_qty,ask2_px,ask2_qty,ask3_px,ask3_qty,ask4_px,ask4_qty,ask5_px,ask5_qty
2012-11-29T09:14:00.250,2140.4,258,2140.4,1,0.0,0,0.0,0,0.0,0,0.0,0,2141,2,0.0,0,0.0,0,0.0,0,0.0,0
2012-11-29T09:15:00.250,2141,320,2141,72,0.0,0,0.0,0,0.0,0,0.0,0,2141.6,16,0.0,0,0.0,0,0.0,0,0.0,0
2012-11-29T09:15:01.000,2141.2,468,2141.2,10,0.0,0,0.0,0,0.0,0,0.0,0,2142.2,6,0.0,0,0.0,0,0.0,0,0.0,0
2012-11-29T09:15:01.500,2143,556,2142.2,21,0.0,0,0.0,0,0.0,0,0.0,0,2143,19,0.0,0,0.0,0,0.0,0,0.0,0
2012-11-29T09:15:02.000,2142.4,619,2142.4,3,0.0,0,0.0,0,0.0,0,0.0,0,2142.8,46,0.0,0,0.0,0,0.0,0,0.0,0
2012-11-29T09:15:02.500,2142.2,739,2142.2,6,0.0,0,0.0,0,0.0,0,0.0,0,2142.4,5,0.0,0,0.0,0,0.0,0,0.0,0
2012-11-29T09:15:03.000,2142.2,775,2142,8,0.0,0,0.0,0,0.0,0,0.0,0,2142.2,52,0.0,0,0.0,0,0.0,0,0.0,0
2012-11-29T09:15:03.500,2141.8,834,2141.6,27,0.0,0,0.0,0,0.0,0,0.0,0,2141.8,4,0.0,0,0.0,0,0.0,0,0.0,0
2012-11-29T09:15:04.000,2141.8,873,2141.8,2,0.0,0,0.0,0,0.0,0,0.0,0,2142,11,0.0,0,0.0,0,0.0,0,0.0,0
2012-11-29T09:15:04.500,2142,911,2142,2,0.0,0,0.0,0,0.0,0,0.0,0,2142.2,25,0.0,0,0.0,0,0.0,0,0.0,0
2012-11-29T09:15:05.000,2142,944,2141.8,1,0.0,0,0.0,0,0.0,0,0.0,0,2142,19,0.0,0,0.0,0,0.0,0,0.0,0
2012-11-29T09:15:05.500,2142.2,988,2141.8,9,0.0,0,0.0,0,0.0,0,0.0,0,2142.2,5,0.0,0,0.0,0,0.0,0,0.0,0
2012-11-29T09:15:06.000,2141.8,1046,2141.6,15,0.0,0,0.0,0,0.0,0,0.0,0,2141.8,67,0.0,0,0.0,0,0.0,0,0.0,0
2012-11-29T09:15:06.500,2141.8,1105,2141.4,7,0.0,0,0.0,0,0.0,0,0.0,0,2141.8,29,0.0,0,0.0,0,0.0,0,0.0,0
2012-11-29T09:15:07.000,2141.6,1129,2141.2,10,0.0,0,0.0,0,0.0,0,0.0,0,2141.6,15,0.0,0,0.0,0,0.0,0,0.0,0
2012-11-29T09:15:07.500,2141.8,1188,2141.4,8,0.0,0,0.0,0,0.0,0,0.0,0,2141.8,1,0.0,0,0.0,0,0.0,0,0.0,0
2012-11-29T09:15:08.000,2141.8,1230,2141.6,18,0.0,0,0.0,0,0.0,0,0.0,0,2141.8,5,0.0,0,0.0,0,0.0,0,0.0,0
2012-11-29T09:15:08.500,2141.8,1261,2141.8,10,0.0,0,0.0,0,0.0,0,0.0,0,2142,2,0.0,0,0.0,0,0.0,0,0.0,0
2012-11-29T09:15:09.000,2142.4,1292,2142.2,25,0.0,0,0.0,0,0.0,0,0.0,0,2142.4,4,0.0,0,0.0,0,0.0,0,0.0,0
2012-11-29T09:15:09.500,2142,1391,2142,2,0.0,0,0.0,0,0.0,0,0.0,0,2142.2,19,0.0,0,0.0,0,0.0,0,0.0,0
2012-11-29T09:15:10.000,2142.2,1429,2142.2,4,0.0,0,0.0,0,0.0,0,0.0,0,2142.6,30,0.0,0,0.0,0,0.0,0,0.0,0
2012-11-29T09:15:10.500,2142.4,1439,2142.2,10,0.0,0,0.0,0,0.0,0,0.0,0,2142.4,14,0.0,0,0.0,0,0.0,0,0.0,0
2012-11-29T09:15:11.000,2142.2,1449,2142.2,18,0.0,0,0.0,0,0.0,0,0.0,0,2142.4,17,0.0,0,0.0,0,0.0,0,0.0,0
2012-11-29T09:15:11.500,2142.2,1462,2142.2,13,0.0,0,0.0,0,0.0,0,0.0,0,2142.4,114,0.0,0,0.0,0,0.0,0,0.0,0
2012-11-29T09:15:12.000,2142,1480,2142,12,0.0,0,0.0,0,0.0,0,0.0,0,2142.2,62,0.0,0,0.0,0,0.0,0,0.0,0
2012-11-29T09:15:12.500,2142,1533,2141.8,9,0.0,0,0.0,0,0.0,0,0.0,0,2142,32,0.0,0,0.0,0,0.0,0,0.0,0
2012-11-29T09:15:13.000,2141.6,1565,2141.6,16,0.0,0,0.0,0,0.0,0,0.0,0,2141.8,3,0.0,0,0.0,0,0.0,0,0.0,0
2012-11-29T09:15:13.500,2141.8,1604,2141.8,12,0.0,0,0.0,0,0.0,0,0.0,0,2142,2,0.0,0,0.0,0,0.0,0,0.0,0
2012-11-29T09:15:14.000,2142,1621,2142,2,0.0,0,0.0,0,0.0,0,0.0,0,2142.2,46,0.0,0,0.0,0,0.0,0,0.0,0
2012-11-29T09:15:14.500,2142,1631,2142,14,0.0,0,0.0,0,0.0,0,0.0,0,2142.2,46,0.0,0,0.0,0,0.0,0,0.0,0
2012-11-29T09:15:15.000,2142,1676,2142,1,0.0,0,0.0,0,0.0,0,0.0,0,2142.2,39,0.0,0,0.0,0,0.0,0,0.0,0
2012-11-29T09:15:15.500,2142,1712,2141.8,56,0.0,0,0.0,0,0.0,0,0.0,0,2142,101,0.0,0,0.0,0,0.0,0,0.0,0
2012-11-29T09:15:16.000,2141.8,1735,2141.8,34,0.0,0,0.0,0,0.0,0,0.0,0,2142,128,0.0,0,0.0,0,0.0,0,0.0,0
2012-11-29T09:15:16.500,2141.8,1779,2141.6,16,0.0,0,0.0,0,0.0,0,0.0,0,2141.8,6,0.0,0,0.0,0,0.0,0,0.0,0
2012-11-29T09:15:17.000,2141.8,1812,2141.6,26,0.0,0,0.0,0,0.0,0,0.0,0,2141.8,93,0.0,0,0.0,0,0.0,0,0.0,0
2012-11-29T09:15:17.500,2141.6,1871,2141.6,4,0.0,0,0.0,0,0.0,0,0.0,0,2141.8,97,0.0,0,0.0,0,0.0,0,0.0,0
2012-11-29T09:15:18.000,2141.6,1886,2141.4,5,0.0,0,0.0,0,0.0,0,0.0,0,2141.6,12,0.0,0,0.0,0,0.0,0,0.0,0
2012-11-29T09:15:18.500,2141.4,1909,2141.4,3,0.0,0,0.0,0,0.0,0,0.0,0,2141.6,13,0.0,0,0.0,0,0.0,0,0.0,0
2012-11-29T09:15:19.000,2141.4,1934,2141.2,12,0.0,0,0.0,0,0.0,0,0.0,0,2141.4,9,0.0,0,0.0,0,0.0,0,0.0,0
2012-11-29T09:15:19.500,2141.2,1955,2141.2,11,0.0,0,0.0,0,0.0,0,0.0,0,2141.4,5,0.0,0,0.0,0,0.0,0,0.0,0
2012-11-29T09:15:20.000,2141.6,1974,2141.2,13,0.0,0,0.0,0,0.0,0,0.0,0,2141.6,1,0.0,0,0.0,0,0.0,0,0.0,0
2012-11-29T09:15:20.500,2141.2,1989,2141.2,8,0.0,0,0.0,0,0.0,0,0.0,0,2141.6,2,0.0,0,0.0,0,0.0,0,0.0,0
2012-11-29T09:15:21.000,2141.4,1999,2141.4,2,0.0,0,0.0,0,0.0,0,0.0,0,2141.6,1,0.0,0,0.0,0,0.0,0,0.0,0
2012-11-29T09:15:21.500,2141.4,2015,2141.4,2,0.0,0,0.0,0,0.0,0,0.0,0,2141.8,91,0.0,0,0.0,0,0.0,0,0.0,0
2012-11-29T09:15:22.000,2141.6,2022,2141.4,8,0.0,0,0.0,0,0.0,0,0.0,0,2141.6,16,0.0,0,0.0,0,0.0,0,0.0,0
2012-11-29T09:15:22.500,2141.2,2038,2141.2,141,0.0,0,0.0,0,0.0,0,0.0,0,2141.4,3,0.0,0,0.0,0,0.0,0,0.0,0
2012-11-29T09:15:23.000,2141.4,2054,2141.4,108,0.0,0,0.0,0,0.0,0,0.0,0,2141.6,17,0.0,0,0.0,0,0.0,0,0.0,0
2012-11-29T09:15:23.500,2141.6,2087,2141.6,20,0.0,0,0.0,0,0.0,0,0.0,0,2141.8,80,0.0,0,0.0,0,0.0,0,0.0,0
2012-11-29T09:15:24.000,2141.8,2131,2141.6,28,0.0,0,0.0,0,0.0,0,0.0,0,2141.8,61,0.0,0,0.0,0,0.0,0,0.0,0
2012-11-29T09:15:24.500,2141.8,2180,2141.6,58,0.0,0,0.0,0,0.0,0,0.0,0,2141.8,11,0.0,0,0.0,0,0.0,0,0.0,0
2012-11-29T09:15:25.000,2141.8,2214,2141.8,20,0.0,0,0.0,0,0.0,0,0.0,0,2142,91,0.0,0,0.0,0,0.0,0,0.0,0
2012-11-29T09:15:25.500,2142,2237,2141.8,24,0.0,0,0.0,0,0.0,0,0.0,0,2142,71,0.0,0,0.0,0,0.0,0,0.0,0
2012-11-29T09:15:26.000,2142,2313,2141.8,56,0.0,0,0.0,0,0.0,0,0.0,0,2142,4,0.0,0,0.0,0,0.0,0,0.0,0
2012-11-29T09:15:26.500,2141.8,2370,2141.6,57,0.0,0,0.0,0,0.0,0,0.0,0,2141.8,24,0.0,0,0.0,0,0.0,0,0.0,0
2012-11-29T09:15:27.000,2141.8,2397,2141.6,50,0.0,0,0.0,0,0.0,0,0.0,0,2141.8,10,0.0,0,0.0,0,0.0,0,0.0,0
2012-11-29T09:15:27.500,2142,2438,2141.8,18,0.0,0,0.0,0,0.0,0,0.0,0,2142.2,38,0.0,0,0.0,0,0.0,0,0.0,0
2012-11-29T09:15:28.000,2141.8,2447,2141.8,18,0.0,0,0.0,0,0.0,0,0.0,0,2142,8,0.0,0,0.0,0,0.0,0,0.0,0
2012-11-29T09:15:28.500,2142.2,2462,2142,7,0.0,0,0.0,0,0.0,0,0.0,0,2142.2,39,0.0,0,0.0,0,0.0,0,0.0,0
2012-11-29T09:15:29.000,2142.2,2499,2141.8,21,0.0,0,0.0,0,0.0,0,0.0,0,2142.2,29,0.0,0,0.0,0,0.0,0,0.0,0
2012-11-29T09:15:29.500,2142.2,2511,2141.8,18,0.0,0,0.0,0,0.0,0,0.0,0,2142.2,25,0.0,0,0.0,0,0.0,0,0.0,0
2012-11-29T09:15:30.000,2142.2,2530,2142,5,0.0,0,0.0,0,0.0,0,0.0,0,2142.2,21,0.0,0,0.0,0,0.0,0,0.0,0
2012-11-29T09:15:30.500,2142.4,2564,2142.2,8,0.0,0,0.0,0,0.0,0,0.0,0,2142.4,13,0.0,0,0.0,0,0.0,0,0.0,0
2012-11-29T09:15:31.000,2142.4,2583,2142.4,11,0.0,0,0.0,0,0.0,0,0.0,0,2142.6,18,0.0,0,0.0,0,0.0,0,0.0,0
2012-11-29T09:15:31.500,2142.6,2603,2142.4,1,0.0,0,0.0,0,0.0,0,0.0,0,2142.6,18,0.0,0,0.0,0,0.0,0,0.0,0
2012-11-29T09:15:32.000,2142.2,2623,2142.2,35,0.0,0,0.0,0,0.0,0,0.0,0,2142.4,3,0.0,0,0.0,0,0.0,0,0.0,0
2012-11-29T09:15:32.500,2142.4,2662,2142.2,32,0.0,0,0.0,0,0.0,0,0.0,0,2142.4,87,0.0,0,0.0,0,0.0,0,0.0,0
2012-11-29T09:15:33.000,2142.4,2695,2142.2,34,0.0,0,0.0,0,0.0,0,0.0,0,2142.4,82,0.0,0,0.0,0,0.0,0,0.0,0
2012-11-29T09:15:33.500,2142.2,2717,2142.2,8,0.0,0,0.0,0,0.0,0,0.0,0,2142.4,90,0.0,0,0.0,0,0.0,0,0.0,0
2012-11-29T09:15:34.000,2142.2,2730,2142,24,0.0,0,0.0,0,0.0,0,0.0,0,2142.2,3,0.0,0,0.0,0,0.0,0,0.0,0
2012-11-29T09:15:34.500,2142.4,2748,2142,17,0.0,0,0.0,0,0.0,0,0.0,0,2142.2,7,0.0,0,0.0,0,0.0,0,0.0,0
2012-11-29T09:15:35.000,2142,2757,2142,16,0.0,0,0.0,0,0.0,0,0.0,0,2142.2,4,0.0,0,0.0,0,0.0,0,0.0,0
2012-11-29T09:15:35.500,2142.2,2770,2142,14,0.0,0,0.0,0,0.0,0,0.0,0,2142.4,105,0.0,0,0.0,0,0.0,0,0.0,0
2012-11-29T09:15:36.000,2142.2,2778,2142,11,0.0,0,0.0,0,0.0,0,0.0,0,2142.2,8,0.0,0,0.0,0,0.0,0,0.0,0
2012-11-29T09:15:36.500,2142.2,2797,2142,5,0.0,0,0.0,0,0.0,0,0.0,0,2142.2,7,0.0,0,0.0,0,0.0,0,0.0,0
2012-11-29T09:15:37.000,2142,2810,2141.8,38,0.0,0,0.0,0,0.0,0,0.0,0,2142.2,11,0.0,0,0.0,0,0.0,0,0.0,0
2012-11-29T09:15:37.500,2142.2,2823,2142,25,0.0,0,0.0,0,0.0,0,0.0,0,2142.2,6,0.0,0,0.0,0,0.0,0,0.0,0
2012-11-29T09:15:38.000,2142,2824,2142,33,0.0,0,0.0,0,0.0,0,0.0,0,2142.2,7,0.0,0,0.0,0,0.0,0,0.0,0
2012-11-29T09:15:38.500,2142.2,2841,2142.2,1,0.0,0,0.0,0,0.0,0,0.0,0,2142.4,127,0.0,0,0.0,0,0.0,0,0.0,0
2012-11-29T09:15:39.000,2142.2,2846,2142.2,18,0.0,0,0.0,0,0.0,0,0.0,0,2142.4,126,0.0,0,0.0,0,0.0,0,0.0,0
2012-11-29T09:15:39.500,2142.2,2859,2142.2,8,0.0,0,0.0,0,0.0,0,0.0,0,2142.4,166,0.0,0,0.0,0,0.0,0,0.0,0
2012-11-29T09:15:40.000,2142.4,2930,2142.2,7,0.0,0,0.0,0,0.0,0,0.0,0,2142.4,99,0.0,0,0.0,0,0.0,0,0.0,0
2012-11-29T09:15:40.500,2142.2,3001,2142.2,1,0.0,0,0.0,0,0.0,0,0.0,0,2142.4,35,0.0,0,0.0,0,0.0,0,0.0,0
2012-11-29T09:15:41.000,2142.4,3041,2142.2,19,0.0,0,0.0,0,0.0,0,0.0,0,2142.4,14,0.0,0,0.0,0,0.0,0,0.0,0
2012-11-29T09:15:41.500,2142.4,3062,2142.4,7,0.0,0,0.0,0,0.0,0,0.0,0,2142.6,12,0.0,0,0.0,0,0.0,0,0.0,0
2012-11-29T09:15:42.000,2142.4,3079,2142.6,1,0.0,0,0.0,0,0.0,0,0.0,0,2142.8,19,0.0,0,0.0,0,0.0,0,0.0,0
2012-11-29T09:15:42.500,2142.6,3103,2142.6,13,0.0,0,0.0,0,0.0,0,0.0,0,2143,50,0.0,0,0.0,0,0.0,0,0.0,0
2012-11-29T09:15:43.000,2143,3124,2142.8,9,0.0,0,0.0,0,0.0,0,0.0,0,2143,41,0.0,0,0.0,0,0.0,0,0.0,0
2012-11-29T09:15:43.500,2143,3166,2142.6,1,0.0,0,0.0,0,0.0,0,0.0,0,2142.8,2,0.0,0,0.0,0,0.0,0,0.0,0
2012-11-29T09:15:44.000,2142.8,3180,2142.4,11,0.0,0,0.0,0,0.0,0,0.0,0,2142.8,2,0.0,0,0.0,0,0.0,0,0.0,0
2012-11-29T09:15:44.500,2142.6,3196,2142.4,12,0.0,0,0.0,0,0.0,0,0.0,0,2142.6,14,0.0,0,0.0,0,0.0,0,0.0,0
2012-11-29T09:15:45.000,2142.4,3206,2142.4,9,0.0,0,0.0,0,0.0,0,0.0,0,2142.6,7,0.0,0,0.0,0,0.0,0,0.0,0
2012-11-29T09:15:45.500,2142.6,3212,2142.4,8,0.0,0,0.0,0,0.0,0,0.0,0,2142.6,39,0.0,0,0.0,0,0.0,0,0.0,0
2012-11-29T09:15:46.000,2142.6,3240,2142.2,44,0.0,0,0.0,0,0.0,0,0.0,0,2142.6,22,0.0,0,0.0,0,0.0,0,0.0,0
2012-11-29T09:15:46.500,2142.6,3248,2142.2,24,0.0,0,0.0,0,0.0,0,0.0,0,2142.4,1,0.0,0,0.0,0,0.0,0,0.0,0
2012-11-29T09:15:47.000,2142.4,3252,2142.2,28,0.0,0,0.0,0,0.0,0,0.0,0,2142.4,9,0.0,0,0.0,0,0.0,0,0.0,0
2012-11-29T09:15:47.500,2142.2,3259,2142.2,22,0.0,0,0.0,0,0.0,0,0.0,0,2142.4,9,0.0,0,0.0,0,0.0,0,0.0,0
2012-11-29T09:15:48.000,2142.4,3267,2142.2,23,0.0,0,0.0,0,0.0,0,0.0,0,2142.4,1,0.0,0,0.0,0,0.0,0,0.0,0
2012-11-29T09:15:48.500,2142.4,3276,2142.4,10,0.0,0,0.0,0,0.0,0,0.0,0,2142.6,25,0.0,0,0.0,0,0.0,0,0.0,0
2012-11-29T09:15:49.000,2142.4,3283,2142.4,12,0.0,0,0.0,0,0.0,0,0.0,0,2142.6,22,0.0,0,0.0,0,0.0,0,0.0,0
2012-11-29T09:15:49.500,2142.4,3288,2142.4,12,0.0,0,0.0,0,0.0,0,0.0,0,2142.6,25,0.0,0,0.0,0,0.0,0,0.0,0
2012-11-29T09:15:50.000,2142.6,3304,2142.4,14,0.0,0,0.0,0,0.0,0,0.0,0,2142.6,10,0.0,0,0.0,0,0.0,0,0.0,0
2012-11-29T09:15:50.500,2142.4,3331,2142.4,10,0.0,0,0.0,0,0.0,0,0.0,0,2142.8,18,0.0,0,0.0,0,0.0,0,0.0,0
2012-11-29T09:15:51.000,2142.4,3335,2142.4,28,0.0,0,0.0,0,0.0,0,0.0,0,2142.8,24,0.0,0,0.0,0,0.0,0,0.0,0
2012-11-29T09:15:51.500,2142.8,3339,2142.6,20,0.0,0,0.0,0,0.0,0,0.0,0,2142.8,25,0.0,0,0.0,0,0.0,0,0.0,0
2012-11-29T09:15:52.000,2142.8,3348,2142.6,21,0.0,0,0.0,0,0.0,0,0.0,0,2142.8,17,0.0,0,0.0,0,0.0,0,0.0,0
2012-11-29T09:15:52.500,2143,3380,2142.6,20,0.0,0,0.0,0,0.0,0,0.0,0,2143,15,0.0,0,0.0,0,0.0,0,0.0,0
2012-11-29T09:15:53.000,2142.8,3439,2142.8,4,0.0,0,0.0,0,0.0,0,0.0,0,2143,17,0.0,0,0.0,0,0.0,0,0.0,0
2012-11-29T09:15:53.500,2142.8,3451,2142.8,15,0.0,0,0.0,0,0.0,0,0.0,0,2143,8,0.0,0,0.0,0,0.0,0,0.0,0
2012-11-29T09:15:54.000,2142.8,3491,2142.6,4,0.0,0,0.0,0,0.0,0,0.0,0,2142.8,72,0.0,0,0.0,0,0.0,0,0.0,0
2012-11-29T09:15:54.500,2142.6,3508,2142.4,15,0.0,0,0.0,0,0.0,0,0.0,0,2142.6,4,0.0,0,0.0,0,0.0,0,0.0,0
2012-11-29T09:15:55.000,2142.6,3523,2142.4,6,0.0,0,0.0,0,0.0,0,0.0,0,2142.6,14,0.0,0,0.0,0,0.0,0,0.0,0
2012-11-29T09:15:55.500,2142.6,3527,2142.4,4,0.0,0,0.0,0,0.0,0,0.0,0,2142.6,18,0.0,0,0.0,0,0.0,0,0.0,0
2012-11-29T09:15:56.000,2142.4,3534,2142.2,55,0.0,0,0.0,0,0.0,0,0.0,0,2142.4,3,0.0,0,0.0,0,0.0,0,0.0,0
2012-11-29T09:15:56.500,2142.2,3563,2142.2,29,0.0,0,0.0,0,0.0,0,0.0,0,2142.4,1,0.0,0,0.0,0,0.0,0,0.0,0
2012-11-29T09:15:57.000,2142.6,3576,2142.2,33,0.0,0,0.0,0,0.0,0,0.0,0,2142.6,16,0.0,0,0.0,0,0.0,0,0.0,0
2012-11-29T09:15:57.500,2142.6,3608,2142.4,22,0.0,0,0.0,0,0.0,0,0.0,0,2142.6,2,0.0,0,0.0,0,0.0,0,0.0,0
2012-11-29T09:15:58.000,2142.6,3613,2142.4,27,0.0,0,0.0,0,0.0,0,0.0,0,2142.8,85,0.0,0,0.0,0,0.0,0,0.0,0
2012-11-29T09:15:58.500,2142.8,3614,2142.4,33,0.0,0,0.0,0,0.0,0,0.0,0,2142.8,84,0.0,0,0.0,0,0.0,0,0.0,0
2012-11-29T09:15:59.000,2142.4,3632,2142.4,19,0.0,0,0.0,0,0.0,0,0.0,0,2142.6,12,0.0,0,0.0,0,0.0,0,0.0,0
2012-11-29T09:15:59.500,2142.6,3649,2142.4,16,0.0,0,0.0,0,0.0,0,0.0,0,2142.6,7,0.0,0,0.0,0,0.0,0,0.0,0
2012-11-29T09:16:00.000,2142.6,3653,2142.4,19,0.0,0,0.0,0,0.0,0,0.0,0,2142.6,5,0.0,0,0.0,0,0.0,0,0.0,0
2012-11-29T09:16:00.500,2142.6,3700,2142.4,3,0.0,0,0.0,0,0.0,0,0.0,0,2142.6,57,0.0,0,0.0,0,0.0,0,0.0,0
2012-11-29T09:16:01.000,2142.4,3714,2142.2,41,0.0,0,0.0,0,0.0,0,0.0,0,2142.4,11,0.0,0,0.0,0,0.0,0,0.0,0
2012-11-29T09:16:01.500,2142.6,3784,2142.4,2,0.0,0,0.0,0,0.0,0,0.0,0,2142.6,35,0.0,0,0.0,0,0.0,0,0.0,0
2012-11-29T09:16:02.000,2142.6,3801,2142.2,12,0.0,0,0.0,0,0.0,0,0.0,0,2142.6,27,0.0,0,0.0,0,0.0,0,0.0,0
2012-11-29T09:16:02.500,2142.4,3811,2142.2,9,0.0,0,0.0,0,0.0,0,0.0,0,2142.4,4,0.0,0,0.0,0,0.0,0,0.0,0
2012-11-29T09:16:03.000,2142.2,3831,2142.2,9,0.0,0,0.0,0,0.0,0,0.0,0,2142.6,29,0.0,0,0.0,0,0.0,0,0.0,0
2012-11-29T09:16:03.500,2142.2,3842,2142.2,9,0.0,0,0.0,0,0.0,0,0.0,0,2142.6,29,0.0,0,0.0,0,0.0,0,0.0,0
2012-11-29T09:16:04.000,2142.2,3848,2142.2,12,0.0,0,0.0,0,0.0,0,0.0,0,2142.6,32,0.0,0,0.0,0,0.0,0,0.0,0
2012-11-29T09:16:04.500,2142.2,3858,2142.2,19,0.0,0,0.0,0,0.0,0,0.0,0,2142.6,25,0.0,0,0.0,0,0.0,0,0.0,0
2012-11-29T09:16:05.000,2142.2,3886,2142.2,9,0.0,0,0.0,0,0.0,0,0.0,0,2142.6,22,0.0,0,0.0,0,0.0,0,0.0,0
2012-11-29T09:16:05.500,2142.2,3911,2142.2,11,0.0,0,0.0,0,0.0,0,0.0,0,2142.4,6,0.0,0,0.0,0,0.0,0,0.0,0
2012-11-29T09:16:06.000,2142.6,3935,2142.2,1,0.0,0,0.0,0,0.0,0,0.0,0,2142.6,6,0.0,0,0.0,0,0.0,0,0.0,0
2012-11-29T09:16:06.500,2142.2,3940,2142,96,0.0,0,0.0,0,0.0,0,0.0,0,2142.2,1,0.0,0,0.0,0,0.0,0,0.0,0
2012-11-29T09:16:07.000,2142.2,3950,2142,95,0.0,0,0.0,0,0.0,0,0.0,0,2142.2,39,0.0,0,0.0,0,0.0,0,0.0,0
2012-11-29T09:16:07.500,2142,3958,2142,92,0.0,0,0.0,0,0.0,0,0.0,0,2142.2,35,0.0,0,0.0,0,0.0,0,0.0,0
2012-11-29T09:16:08.000,2142,4018,2142,39,0.0,0,0.0,0,0.0,0,0.0,0,2142.2,34,0.0,0,0.0,0,0.0,0,0.0,0
2012-11-29T09:16:08.500,2142,4030,2142,32,0.0,0,0.0,0,0.0,0,0.0,0,2142.2,33,0.0,0,0.0,0,0.0,0,0.0,0
2012-11-29T09:16:09.000,2142,4063,2142,3,0.0,0,0.0,0,0.0,0,0.0,0,2142.2,34,0.0,0,0.0,0,0.0,0,0.0,0
2012-11-29T09:16:09.500,2142,4093,2141.8,77,0.0,0,0.0,0,0.0,0,0.0,0,2142,4,0.0,0,0.0,0,0.0,0,0.0,0
2012-11-29T09:16:10.000,2142,4103,2141.8,77,0.0,0,0.0,0,0.0,0,0.0,0,2142,1,0.0,0,0.0,0,0.0,0,0.0,0
2012-11-29T09:16:10.500,2141.8,4111,2142,3,0.0,0,0.0,0,0.0,0,0.0,0,2142.2,24,0.0,0,0.0,0,0.0,0,0.0,0
2012-11-29T09:16:11.000,2142.2,4115,2142,2,0.0,0,0.0,0,0.0,0,0.0,0,2142.2,23,0.0,0,0.0,0,0.0,0,0.0,0
2012-11-29T09:16:11.500,2142,4136,2142,4,0.0,0,0.0,0,0.0,0,0.0,0,2142.2,21,0.0,0,0.0,0,0.0,0,0.0,0
2012-11-29T09:16:12.000,2142,4149,2142,8,0.0,0,0.0,0,0.0,0,0.0,0,2142.2,15,0.0,0,0.0,0,0.0,0,0.0,0
2012-11-29T09:16:12.500,2142,4159,2142,14,0.0,0,0.0,0,0.0,0,0.0,0,2142.2,8,0.0,0,0.0,0,0.0,0,0.0,0
2012-11-29T09:16:13.000,2142.2,4176,2142.2,28,0.0,0,0.0,0,0.0,0,0.0,0,2142.4,103,0.0,0,0.0,0,0.0,0,0.0,0
2012-11-29T09:16:13.500,2142,4228,2141.8,77,0.0,0,0.0,0,0.0,0,0.0,0,2142,3,0.0,0,0.0,0,0.0,0,0.0,0
2012-11-29T09:16:14.000,2142,4234,2142,3,0.0,0,0.0,0,0.0,0,0.0,0,2142.4,103,0.0,0,0.0,0,0.0,0,0.0,0
2012-11-29T09:16:14.500,2142.2,4291,2141.8,30,0.0,0,0.0,0,0.0,0,0.0,0,2142.2,6,0.0,0,0.0,0,0.0,0,0.0,0
2012-11-29T09:16:15.000,2141.6,4332,2141.6,51,0.0,0,0.0,0,0.0,0,0.0,0,2141.8,1,0.0,0,0.0,0,0.0,0,0.0,0
2012-11-29T09:16:15.500,2142,4348,2142,2,0.0,0,0.0,0,0.0,0,0.0,0,2142.2,5,0.0,0,0.0,0,0.0,0,0.0,0
2012-11-29T09:16:16.000,2142,4349,2142,1,0.0,0,0.0,0,0.0,0,0.0,0,2142.2,10,0.0,0,0.0,0,0.0,0,0.0,0
2012-11-29T09:16:16.500,2141.8,4356,2141.8,9,0.0,0,0.0,0,0.0,0,0.0,0,2142,17,0.0,0,0.0,0,0.0,0,0.0,0
2012-11-29T09:16:17.000,2141.8,4361,2141.8,11,0.0,0,0.0,0,0.0,0,0.0,0,2142,15,0.0,0,0.0,0,0.0,0,0.0,0
2012-11-29T09:16:17.500,2142,4372,2141.8,13,0.0,0,0.0,0,0.0,0,0.0,0,2142,4,0.0,0,0.0,0,0.0,0,0.0,0
2012-11-29T09:16:18.000,2142,4376,2141.8,19,0.0,0,0.0,0,0.0,0,0.0,0,2142,2,0.0,0,0.0,0,0.0,0,0.0,0
2012-11-29T09:16:18.500,2141.8,4383,2141.8,13,0.0,0,0.0,0,0.0,0,0.0,0,2142,6,0.0,0,0.0,0,0.0,0,0.0,0
2012-11-29T09:16:19.000,2142,4393,2142,4,0.0,0,0.0,0,0.0,0,0.0,0,2142.2,47,0.0,0,0.0,0,0.0,0,0.0,0
2012-11-29T09:16:19.500,2142.2,4400,2141.8,15,0.0,0,0.0,0,0.0,0,0.0,0,2142.2,46,0.0,0,0.0,0,0.0,0,0.0,0
2012-11-29T09:16:20.000,2142,4403,2141.8,21,0.0,0,0.0,0,0.0,0,0.0,0,2142,19,0.0,0,0.0,0,0.0,0,0.0,0
2012-11-29T09:16:20.500,2142,4412,2141.8,20,0.0,0,0.0,0,0.0,0,0.0,0,2142,15,0.0,0,0.0,0,0.0,0,0.0,0
2012-11-29T09:16:21.000,2142,4424,2141.8,16,0.0,0,0.0,0,0.0,0,0.0,0,2142,29,0.0,0,0.0,0,0.0,0,0.0,0
2012-11-29T09:16:21.500,2141.8,4459,2141.6,62,0.0,0,0.0,0,0.0,0,0.0,0,2141.8,7,0.0,0,0.0,0,0.0,0,0.0,0
2012-11-29T09:16:22.000,2141.8,4470,2141.6,61,0.0,0,0.0,0,0.0,0,0.0,0,2141.8,4,0.0,0,0.0,0,0.0,0,0.0,0
2012-11-29T09:16:22.500,2142,4475,2141.8,5,0.0,0,0.0,0,0.0,0,0.0,0,2142,22,0.0,0,0.0,0,0.0,0,0.0,0
2012-11-29T09:16:23.000,2141.8,4484,2141.8,8,0.0,0,0.0,0,0.0,0,0.0,0,2142,15,0.0,0,0.0,0,0.0,0,0.0,0
2012-11-29T09:16:23.500,2142,4495,2141.8,7,0.0,0,0.0,0,0.0,0,0.0,0,2142,9,0.0,0,0.0,0,0.0,0,0.0,0
2012-11-29T09:16:24.000,2142,4497,2141.8,9,0.0,0,0.0,0,0.0,0,0.0,0,2142,10,0.0,0,0.0,0,0.0,0,0.0,0
2012-11-29T09:16:24.500,2141.8,4507,2141.8,8,0.0,0,0.0,0,0.0,0,0.0,0,2142,4,0.0,0,0.0,0,0.0,0,0.0,0
2012-11-29T09:16:25.000,2142,4508,2141.8,13,0.0,0,0.0,0,0.0,0,0.0,0,2142,22,0.0,0,0.0,0,0.0,0,0.0,0
2012-11-29T09:16:25.500,2142,4509,2141.8,13,0.0,0,0.0,0,0.0,0,0.0,0,2142,22,0.0,0,0.0,0,0.0,0,0.0,0
2012-11-29T09:16:26.000,2142,4513,2141.8,14,0.0,0,0.0,0,0.0,0,0.0,0,2142,20,0.0,0,0.0,0,0.0,0,0.0,0
2012-11-29T09:16:26.500,2141.8,4517,2141.8,15,0.0,0,0.0,0,0.0,0,0.0,0,2142,19,0.0,0,0.0,0,0.0,0,0.0,0
2012-11-29T09:16:27.000,2141.8,4522,2141.8,11,0.0,0,0.0,0,0.0,0,0.0,0,2142,20,0.0,0,0.0,0,0.0,0,0.0,0
2012-11-29T09:16:27.500,2141.8,4526,2141.8,95,0.0,0,0.0,0,0.0,0,0.0,0,2142,19,0.0,0,0.0,0,0.0,0,0.0,0
2012-11-29T09:16:28.000,2142,4541,2141.8,95,0.0,0,0.0,0,0.0,0,0.0,0,2142,4,0.0,0,0.0,0,0.0,0,0.0,0
2012-11-29T09:16:28.500,2142,4553,2142,19,0.0,0,0.0,0,0.0,0,0.0,0,2142.2,49,0.0,0,0.0,0,0.0,0,0.0,0
2012-11-29T09:16:29.000,2142,4562,2142,18,0.0,0,0.0,0,0.0,0,0.0,0,2142.2,45,0.0,0,0.0,0,0.0,0,0.0,0
2012-11-29T09:16:29.500,2142,4566,2142,48,0.0,0,0.0,0,0.0,0,0.0,0,2142.2,43,0.0,0,0.0,0,0.0,0,0.0,0
2012-11-29T09:16:30.000,2142.2,4628,2142,25,0.0,0,0.0,0,0.0,0,0.0,0,2142.2,5,0.0,0,0.0,0,0.0,0,0.0,0
2012-11-29T09:16:30.500,2142.2,4648,2142.2,11,0.0,0,0.0,0,0.0,0,0.0,0,2142.4,36,0.0,0,0.0,0,0.0,0,0.0,0
2012-11-29T09:16:31.000,2142.4,4658,2142.2,31,0.0,0,0.0,0,0.0,0,0.0,0,2142.4,40,0.0,0,0.0,0,0.0,0,0.0,0
2012-11-29T09:16:31.500,2142.4,4672,2142.2,23,0.0,0,0.0,0,0.0,0,0.0,0,2142.4,35,0.0,0,0.0,0,0.0,0,0.0,0
2012-11-29T09:16:32.000,2142.2,4678,2142.2,23,0.0,0,0.0,0,0.0,0,0.0,0,2142.4,33,0.0,0,0.0,0,0.0,0,0.0,0
2012-11-29T09:16:32.500,2142.2,4700,2142.2,2,0.0,0,0.0,0,0.0,0,0.0,0,2142.4,33,0.0,0,0.0,0,0.0,0,0.0,0
2012-11-29T09:16:33.000,2142.2,4702,2142.2,1,0.0,0,0.0,0,0.0,0,0.0,0,2142.4,32,0.0,0,0.0,0,0.0,0,0.0,0
2012-11-29T09:16:33.500,2142,4707,2142,14,0.0,0,0.0,0,0.0,0,0.0,0,2142.2,1,0.0,0,0.0,0,0.0,0,0.0,0
2012-11-29T09:16:34.250,2142,4713,2142,10,0.0,0,0.0,0,0.0,0,0.0,0,2142.2,7,0.0,0,0.0,0,0.0,0,0.0,0
2012-11-29T09:16:35.000,2142.2,4714,2142,11,0.0,0,0.0,0,0.0,0,0.0,0,2142.2,9,0.0,0,0.0,0,0.0,0,0.0,0
2012-11-29T09:16:35.500,2142.2,4715,2142,12,0.0,0,0.0,0,0.0,0,0.0,0,2142.2,9,0.0,0,0.0,0,0.0,0,0.0,0
2012-11-29T09:16:36.000,2142,4717,2142,10,0.0,0,0.0,0,0.0,0,0.0,0,2142.2,8,0.0,0,0.0,0,0.0,0,0.0,0
2012-11-29T09:16:36.500,2142.2,4720,2142,8,0.0,0,0.0,0,0.0,0,0.0,0,2142.2,8,0.0,0,0.0,0,0.0,0,0.0,0
2012-11-29T09:16:37.000,2142.2,4721,2142,20,0.0,0,0.0,0,0.0,0,0.0,0,2142.2,7,0.0,0,0.0,0,0.0,0,0.0,0
2012-11-29T09:16:37.500,2142.2,4722,2142,23,0.0,0,0.0,0,0.0,0,0.0,0,2142.2,8,0.0,0,0.0,0,0.0,0,0.0,0
2012-11-29T09:16:38.250,2142,4725,2142,23,0.0,0,0.0,0,0.0,0,0.0,0,2142.2,8,0.0,0,0.0,0,0.0,0,0.0,0
2012-11-29T09:16:39.000,2142.2,4729,2142,26,0.0,0,0.0,0,0.0,0,0.0,0,2142.2,5,0.0,0,0.0,0,0.0,0,0.0,0
2012-11-29T09:16:39.500,2142,4730,2142,25,0.0,0,0.0,0,0.0,0,0.0,0,2142.2,6,0.0,0,0.0,0,0.0,0,0.0,0
2012-11-29T09:16:40.000,2142,4735,2142,23,0.0,0,0.0,0,0.0,0,0.0,0,2142.2,6,0.0,0,0.0,0,0.0,0,0.0,0
2012-11-29T09:16:40.500,2142.2,4741,2142,20,0.0,0,0.0,0,0.0,0,0.0,0,2142.2,15,0.0,0,0.0,0,0.0,0,0.0,0
2012-11-29T09:16:41.000,2142.2,4745,2142,25,0.0,0,0.0,0,0.0,0,0.0,0,2142.2,12,0.0,0,0.0,0,0.0,0,0.0,0
2012-11-29T09:16:41.500,2142,4771,2141.8,172,0.0,0,0.0,0,0.0,0,0.0,0,2142,5,0.0,0,0.0,0,0.0,0,0.0,0
2012-11-29T09:16:42.000,2142.2,4826,2141.8,169,0.0,0,0.0,0,0.0,0,0.0,0,2142,2,0.0,0,0.0,0,0.0,0,0.0,0
2012-11-29T09:16:42.500,2142.2,4829,2142,1,0.0,0,0.0,0,0.0,0,0.0,0,2142.2,34,0.0,0,0.0,0,0.0,0,0.0,0
2012-11-29T09:16:43.000,2142,4831,2142,24,0.0,0,0.0,0,0.0,0,0.0,0,2142.2,36,0.0,0,0.0,0,0.0,0,0.0,0
2012-11-29T09:16:43.500,2142,4833,2142,25,0.0,0,0.0,0,0.0,0,0.0,0,2142.2,37,0.0,0,0.0,0,0.0,0,0.0,0
2012-11-29T09:16:44.000,2142.2,4837,2142,27,0.0,0,0.0,0,0.0,0,0.0,0,2142.2,34,0.0,0,0.0,0,0.0,0,0.0,0
2012-11-29T09:16:44.500,2142,4845,2142,28,0.0,0,0.0,0,0.0,0,0.0,0,2142.2,32,0.0,0,0.0,0,0.0,0,0.0,0
2012-11-29T09:16:45.000,2142,4853,2142,39,0.0,0,0.0,0,0.0,0,0.0,0,2142.2,32,0.0,0,0.0,0,0.0,0,0.0,0
2012-11-29T09:16:45.500,2142,4866,2142,33,0.0,0,0.0,0,0.0,0,0.0,0,2142.2,28,0.0,0,0.0,0,0.0,0,0.0,0
2012-11-29T09:16:46.000,2142,4873,2142,32,0.0,0,0.0,0,0.0,0,0.0,0,2142.2,25,0.0,0,0.0,0,0.0,0,0.0,0
2012-11-29T09:16:46.500,2142,4874,2142,32,0.0,0,0.0,0,0.0,0,0.0,0,2142.2,25,0.0,0,0.0,0,0.0,0,0.0,0
2012-11-29T09:16:47.000,2142,4889,2142,19,0.0,0,0.0,0,0.0,0,0.0,0,2142.2,25,0.0,0,0.0,0,0.0,0,0.0,0
2012-11-29T09:16:47.500,2142,4890,2142,39,0.0,0,0.0,0,0.0,0,0.0,0,2142.2,38,0.0,0,0.0,0,0.0,0,0.0,0
2012-11-29T09:16:48.000,2142.2,4895,2142,44,0.0,0,0.0,0,0.0,0,0.0,0,2142.2,35,0.0,0,0.0,0,0.0,0,0.0,0
2012-11-29T09:16:48.500,2142,4903,2142,42,0.0,0,0.0,0,0.0,0,0.0,0,2142.2,29,0.0,0,0.0,0,0.0,0,0.0,0
2012-11-29T09:16:49.000,2142,4938,2142,37,0.0,0,0.0,0,0.0,0,0.0,0,2142.2,10,0.0,0,0.0,0,0.0,0,0.0,0
2012-11-29T09:16:49.500,2142.2,4958,2142.2,24,0.0,0,0.0,0,0.0,0,0.0,0,2142.4,65,0.0,0,0.0,0,0.0,0,0.0,0
2012-11-29T09:16:50.250,2142.2,4963,2142.2,45,0.0,0,0.0,0,0.0,0,0.0,0,2142.4,63,0.0,0,0.0,0,0.0,0,0.0,0
2012-11-29T09:16:51.250,2142.2,4969,2142.2,41,0.0,0,0.0,0,0.0,0,0.0,0,2142.4,65,0.0,0,0.0,0,0.0,0,0.0,0
2012-11-29T09:16:52.250,2142.2,4975,2142.2,35,0.0,0,0.0,0,0.0,0,0.0,0,2142.4,65,0.0,0,0.0,0,0.0,0,0.0,0
2012-11-29T09:16:53.250,2142.2,4976,2142.2,39,0.0,0,0.0,0,0.0,0,0.0,0,2142.4,66,0.0,0,0.0,0,0.0,0,0.0,0
2012-11-29T09:16:54.000,2142.2,4979,2142.2,36,0.0,0,0.0,0,0.0,0,0.0,0,2142.4,66,0.0,0,0.0,0,0.0,0,0.0,0
2012-11-29T09:16:54.500,2142.4,4994,2142.2,31,0.0,0,0.0,0,0.0,0,0.0,0,2142.4,57,0.0,0,0.0,0,0.0,0,0.0,0
2012-11-29T09:16:55.000,2142.4,5006,2142.2,23,0.0,0,0.0,0,0.0,0,0.0,0,2142.4,53,0.0,0,0.0,0,0.0,0,0.0,0
2012-11-29T09:16:55.500,2142.2,5008,2142.2,23,0.0,0,0.0,0,0.0,0,0.0,0,2142.4,56,0.0,0,0.0,0,0.0,0,0.0,0
2012-11-29T09:16:56.250,2142.4,5011,2142.2,25,0.0,0,0.0,0,0.0,0,0.0,0,2142.4,55,0.0,0,0.0,0,0.0,0,0.0,0
2012-11-29T09:16:57.000,2142.4,5013,2142.2,25,0.0,0,0.0,0,0.0,0,0.0,0,2142.4,54,0.0,0,0.0,0,0.0,0,0.0,0
2012-11-29T09:16:57.500,2142.4,5019,2142.2,25,0.0,0,0.0,0,0.0,0,0.0,0,2142.4,48,0.0,0,0.0,0,0.0,0,0.0,0
2012-11-29T09:16:58.000,2142.4,5030,2142.2,20,0.0,0,0.0,0,0.0,0,0.0,0,2142.4,42,0.0,0,0.0,0,0.0,0,0.0,0
2012-11-29T09:16:58.500,2142.4,5038,2142.2,13,0.0,0,0.0,0,0.0,0,0.0,0,2142.4,43,0.0,0,0.0,0,0.0,0,0.0,0
2012-11-29T09:16:59.000,2142.4,5041,2142.2,16,0.0,0,0.0,0,0.0,0,0.0,0,2142.4,40,0.0,0,0.0,0,0.0,0,0.0,0
2012-11-29T09:16:59.500,2142.2,5055,2142.2,9,0.0,0,0.0,0,0.0,0,0.0,0,2142.4,37,0.0,0,0.0,0,0.0,0,0.0,0
2012-11-29T09:17:00.000,2142.4,5058,2142.2,11,0.0,0,0.0,0,0.0,0,0.0,0,2142.4,36,0.0,0,0.0,0,0.0,0,0.0,0
2012-11-29T09:17:00.500,2142.4,5063,2142.2,11,0.0,0,0.0,0,0.0,0,0.0,0,2142.4,31,0.0,0,0.0,0,0.0,0,0.0,0
2012-11-29T09:17:01.000,2142.2,5067,2142.2,9,0.0,0,0.0,0,0.0,0,0.0,0,2142.4,29,0.0,0,0.0,0,0.0,0,0.0,0
2012-11-29T09:17:01.500,2142.4,5071,2142.2,6,0.0,0,0.0,0,0.0,0,0.0,0,2142.4,28,0.0,0,0.0,0,0.0,0,0.0,0
2012-11-29T09:17:02.000,2142,5101,2142,79,0.0,0,0.0,0,0.0,0,0.0,0,2142.4,30,0.0,0,0.0,0,0.0,0,0.0,0
2012-11-29T09:17:02.500,2142.2,5103,2142,117,0.0,0,0.0,0,0.0,0,0.0,0,2142.4,30,0.0,0,0.0,0,0.0,0,0.0,0
2012-11-29T09:17:03.000,2142,5143,2142.2,6,0.0,0,0.0,0,0.0,0,0.0,0,2142.4,30,0.0,0,0.0,0,0.0,0,0.0,0
2012-11-29T09:17:03.500,2142.2,5147,2142.2,6,0.0,0,0.0,0,0.0,0,0.0,0,2142.4,29,0.0,0,0.0,0,0.0,0,0.0,0
2012-11-29T09:17:04.000,2142.4,5148,2142.2,17,0.0,0,0.0,0,0.0,0,0.0,0,2142.4,29,0.0,0,0.0,0,0.0,0,0.0,0
2012-11-29T09:17:04.500,2142.2,5150,2142.2,15,0.0,0,0.0,0,0.0,0,0.0,0,2142.4,30,0.0,0,0.0,0,0.0,0,0.0,0
2012-11-29T09:17:05.000,2142.2,5153,2142.2,26,0.0,0,0.0,0,0.0,0,0.0,0,2142.4,30,0.0,0,0.0,0,0.0,0,0.0,0
2012-11-29T09:17:05.500,2142.4,5155,2142.2,27,0.0,0,0.0,0,0.0,0,0.0,0,2142.4,31,0.0,0,0.0,0,0.0,0,0.0,0
2012-11-29T09:17:06.000,2142.4,5167,2142.2,18,0.0,0,0.0,0,0.0,0,0.0,0,2142.4,29,0.0,0,0.0,0,0.0,0,0.0,0
2012-11-29T09:17:06.500,2142.2,5175,2142.2,19,0.0,0,0.0,0,0.0,0,0.0,0,2142.4,25,0.0,0,0.0,0,0.0,0,0.0,0
2012-11-29T09:17:07.000,2142.4,5177,2142.2,19,0.0,0,0.0,0,0.0,0,0.0,0,2142.4,25,0.0,0,0.0,0,0.0,0,0.0,0
2012-11-29T09:17:07.500,2142.2,5190,2142.2,8,0.0,0,0.0,0,0.0,0,0.0,0,2142.4,24,0.0,0,0.0,0,0.0,0,0.0,0
2012-11-29T09:17:08.000,2142.4,5191,2142.2,8,0.0,0,0.0,0,0.0,0,0.0,0,2142.4,23,0.0,0,0.0,0,0.0,0,0.0,0
2012-11-29T09:17:08.500,2142.2,5200,2142,92,0.0,0,0.0,0,0.0,0,0.0,0,2142.2,4,0.0,0,0.0,0,0.0,0,0.0,0
2012-11-29T09:17:09.000,2142,5201,2142,91,0.0,0,0.0,0,0.0,0,0.0,0,2142.2,4,0.0,0,0.0,0,0.0,0,0.0,0
2012-11-29T09:17:09.500,2142.2,5203,2142,91,0.0,0,0.0,0,0.0,0,0.0,0,2142.2,7,0.0,0,0.0,0,0.0,0,0.0,0
2012-11-29T09:17:10.000,2142,5209,2142,90,0.0,0,0.0,0,0.0,0,0.0,0,2142.2,2,0.0,0,0.0,0,0.0,0,0.0,0
2012-11-29T09:17:10.500,2142.4,5219,2142,94,0.0,0,0.0,0,0.0,0,0.0,0,2142.2,3,0.0,0,0.0,0,0.0,0,0.0,0
2012-11-29T09:17:11.250,2142.2,5222,2142,94,0.0,0,0.0,0,0.0,0,0.0,0,2142.4,26,0.0,0,0.0,0,0.0,0,0.0,0
2012-11-29T09:17:12.000,2142.2,5235,2142,96,0.0,0,0.0,0,0.0,0,0.0,0,2142.2,1,0.0,0,0.0,0,0.0,0,0.0,0
2012-11-29T09:17:12.500,2142.2,5236,2142.2,2,0.0,0,0.0,0,0.0,0,0.0,0,2142.4,27,0.0,0,0.0,0,0.0,0,0.0,0
2012-11-29T09:17:13.250,2142.2,5237,2142.2,1,0.0,0,0.0,0,0.0,0,0.0,0,2142.4,28,0.0,0,0.0,0,0.0,0,0.0,0
2012-11-29T09:17:14.000,2142.2,5239,2142.2,19,0.0,0,0.0,0,0.0,0,0.0,0,2142.4,32,0.0,0,0.0,0,0.0,0,0.0,0
2012-11-29T09:17:14.500,2142.4,5243,2142.2,21,0.0,0,0.0,0,0.0,0,0.0,0,2142.4,29,0.0,0,0.0,0,0.0,0,0.0,0
2012-11-29T09:17:15.000,2142.2,5251,2142.2,16,0.0,0,0.0,0,0.0,0,0.0,0,2142.4,30,0.0,0,0.0,0,0.0,0,0.0,0
2012-11-29T09:17:15.500,2142.4,5254,2142.2,22,0.0,0,0.0,0,0.0,0,0.0,0,2142.4,28,0.0,0,0.0,0,0.0,0,0.0,0
2012-11-29T09:17:16.000,2142.2,5261,2142.2,16,0.0,0,0.0,0,0.0,0,0.0,0,2142.4,29,0.0,0,0.0,0,0.0,0,0.0,0
2012-11-29T09:17:16.500,2142.2,5266,2142.2,15,0.0,0,0.0,0,0.0,0,0.0,0,2142.4,25,0.0,0,0.0,0,0.0,0,0.0,0
2012-11-29T09:17:17.000,2142.2,5278,2142.2,6,0.0,0,0.0,0,0.0,0,0.0,0,2142.4,23,0.0,0,0.0,0,0.0,0,0.0,0
2012-11-29T09:17:17.500,2142.4,5280,2142.2,5,0.0,0,0.0,0,0.0,0,0.0,0,2142.4,23,0.0,0,0.0,0,0.0,0,0.0,0
2012-11-29T09:17:18.000,2142.2,5285,2142,116,0.0,0,0.0,0,0.0,0,0.0,0,2142.2,23,0.0,0,0.0,0,0.0,0,0.0,0
2012-11-29T09:17:18.500,2142.2,5287,2142,118,0.0,0,0.0,0,0.0,0,0.0,0,2142.2,21,0.0,0,0.0,0,0.0,0,0.0,0
2012-11-29T09:17:19.250,2142.2,5296,2142,112,0.0,0,0.0,0,0.0,0,0.0,0,2142.2,21,0.0,0,0.0,0,0.0,0,0.0,0
2012-11-29T09:17:20.000,2142.2,5297,2142,112,0.0,0,0.0,0,0.0,0,0.0,0,2142.2,25,0.0,0,0.0,0,0.0,0,0.0,0
2012-11-29T09:17:20.500,2142,5299,2142,111,0.0,0,0.0,0,0.0,0,0.0,0,2142.2,26,0.0,0,0.0,0,0.0,0,0.0,0
2012-11-29T09:17:21.250,2142,5307,2142,103,0.0,0,0.0,0,0.0,0,0.0,0,2142.2,26,0.0,0,0.0,0,0.0,0,0.0,0
2012-11-29T09:17:22.000,2142,5312,2142,103,0.0,0,0.0,0,0.0,0,0.0,0,2142.2,23,0.0,0,0.0,0,0.0,0,0.0,0
2012-11-29T09:17:22.500,2142,5313,2142,114,0.0,0,0.0,0,0.0,0,0.0,0,2142.2,25,0.0,0,0.0,0,0.0,0,0.0,0
2012-11-29T09:17:23.000,2142,5325,2142,106,0.0,0,0.0,0,0.0,0,0.0,0,2142.2,25,0.0,0,0.0,0,0.0,0,0.0,0
2012-11-29T09:17:23.500,2142,5329,2142,102,0.0,0,0.0,0,0.0,0,0.0,0,2142.2,27,0.0,0,0.0,0,0.0,0,0.0,0
2012-11-29T09:17:24.250,2142,5339,2142,93,0.0,0,0.0,0,0.0,0,0.0,0,2142.2,25,0.0,0,0.0,0,0.0,0,0.0,0
2012-11-29T09:17:25.000,2142,5347,2142,87,0.0,0,0.0,0,0.0,0,0.0,0,2142.2,37,0.0,0,0.0,0,0.0,0,0.0,0
2012-11-29T09:17:25.500,2142,5352,2142,102,0.0,0,0.0,0,0.0,0,0.0,0,2142.2,36,0.0,0,0.0,0,0.0,0,0.0,0
2012-11-29T09:17:26.000,2142,5359,2142,94,0.0,0,0.0,0,0.0,0,0.0,0,2142.2,37,0.0,0,0.0,0,0.0,0,0.0,0
2012-11-29T09:17:26.500,2142,5360,2142,93,0.0,0,0.0,0,0.0,0,0.0,0,2142.2,33,0.0,0,0.0,0,0.0,0,0.0,0
2012-11-29T09:17:27.250,2142,5365,2142,100,0.0,0,0.0,0,0.0,0,0.0,0,2142.2,33,0.0,0,0.0,0,0.0,0,0.0,0
2012-11-29T09:17:28.000,2142,5377,2142,89,0.0,0,0.0,0,0.0,0,0.0,0,2142.2,34,0.0,0,0.0,0,0.0,0,0.0,0
2012-11-29T09:17:28.500,2142.2,5438,2142,29,0.0,0,0.0,0,0.0,0,0.0,0,2142.2,41,0.0,0,0.0,0,0.0,0,0.0,0
2012-11-29T09:17:29.000,2142.2,5450,2142,19,0.0,0,0.0,0,0.0,0,0.0,0,2142.2,39,0.0,0,0.0,0,0.0,0,0.0,0
2012-11-29T09:17:29.500,2142,5469,2141.8,142,0.0,0,0.0,0,0.0,0,0.0,0,2142,44,0.0,0,0.0,0,0.0,0,0.0,0
2012-11-29T09:17:30.000,2141.8,5480,2141.8,135,0.0,0,0.0,0,0.0,0,0.0,0,2142,46,0.0,0,0.0,0,0.0,0,0.0,0
2012-11-29T09:17:30.500,2142,5482,2141.8,138,0.0,0,0.0,0,0.0,0,0.0,0,2142,46,0.0,0,0.0,0,0.0,0,0.0,0
2012-11-29T09:17:31.000,2141.8,5484,2141.8,137,0.0,0,0.0,0,0.0,0,0.0,0,2142,45,0.0,0,0.0,0,0.0,0,0.0,0
2012-11-29T09:17:31.500,2141.8,5495,2141.8,134,0.0,0,0.0,0,0.0,0,0.0,0,2142,37,0.0,0,0.0,0,0.0,0,0.0,0
2012-11-29T09:17:32.000,2142,5500,2141.8,130,0.0,0,0.0,0,0.0,0,0.0,0,2142,36,0.0,0,0.0,0,0.0,0,0.0,0
2012-11-29T09:17:32.500,2141.8,5502,2141.8,131,0.0,0,0.0,0,0.0,0,0.0,0,2142,36,0.0,0,0.0,0,0.0,0,0.0,0
2012-11-29T09:17:33.000,2142,5518,2141.8,129,0.0,0,0.0,0,0.0,0,0.0,0,2142,36,0.0,0,0.0,0,0.0,0,0.0,0
2012-11-29T09:17:33.500,2142,5528,2141.8,125,0.0,0,0.0,0,0.0,0,0.0,0,2142,27,0.0,0,0.0,0,0.0,0,0.0,0
2012-11-29T09:17:34.000,2141.8,5534,2141.8,120,0.0,0,0.0,0,0.0,0,0.0,0,2142,26,0.0,0,0.0,0,0.0,0,0.0,0
2012-11-29T09:17:34.500,2141.8,5543,2141.8,113,0.0,0,0.0,0,0.0,0,0.0,0,2142,27,0.0,0,0.0,0,0.0,0,0.0,0
2012-11-29T09:17:35.250,2142,5546,2141.8,113,0.0,0,0.0,0,0.0,0,0.0,0,2142,26,0.0,0,0.0,0,0.0,0,0.0,0
2012-11-29T09:17:36.000,2141.8,5552,2141.8,108,0.0,0,0.0,0,0.0,0,0.0,0,2142,36,0.0,0,0.0,0,0.0,0,0.0,0
2012-11-29T09:17:36.500,2142,5555,2141.8,112,0.0,0,0.0,0,0.0,0,0.0,0,2142,33,0.0,0,0.0,0,0.0,0,0.0,0
2012-11-29T09:17:37.000,2141.8,5556,2141.8,111,0.0,0,0.0,0,0.0,0,0.0,0,2142,34,0.0,0,0.0,0,0.0,0,0.0,0
2012-11-29T09:17:37.500,2142,5560,2141.8,108,0.0,0,0.0,0,0.0,0,0.0,0,2142,35,0.0,0,0.0,0,0.0,0,0.0,0
2012-11-29T09:17:38.000,2142,5568,2141.8,106,0.0,0,0.0,0,0.0,0,0.0,0,2142,34,0.0,0,0.0,0,0.0,0,0.0,0
2012-11-29T09:17:38.500,2141.8,5571,2141.8,103,0.0,0,0.0,0,0.0,0,0.0,0,2142,33,0.0,0,0.0,0,0.0,0,0.0,0
2012-11-29T09:17:39.000,2142,5588,2141.8,97,0.0,0,0.0,0,0.0,0,0.0,0,2142,31,0.0,0,0.0,0,0.0,0,0.0,0
2012-11-29T09:17:39.500,2141.8,5590,2141.8,95,0.0,0,0.0,0,0.0,0,0.0,0,2142,32,0.0,0,0.0,0,0.0,0,0.0,0
2012-11-29T09:17:40.000,2141.8,5599,2141.8,88,0.0,0,0.0,0,0.0,0,0.0,0,2142,31,0.0,0,0.0,0,0.0,0,0.0,0
2012-11-29T09:17:40.500,2142,5611,2141.8,80,0.0,0,0.0,0,0.0,0,0.0,0,2142,29,0.0,0,0.0,0,0.0,0,0.0,0
2012-11-29T09:17:41.000,2141.8,5613,2141.8,78,0.0,0,0.0,0,0.0,0,0.0,0,2142,31,0.0,0,0.0,0,0.0,0,0.0,0
2012-11-29T09:17:41.500,2141.8,5641,2141.8,56,0.0,0,0.0,0,0.0,0,0.0,0,2142,28,0.0,0,0.0,0,0.0,0,0.0,0
2012-11-29T09:17:42.000,2142,5646,2141.8,52,0.0,0,0.0,0,0.0,0,0.0,0,2142,27,0.0,0,0.0,0,0.0,0,0.0,0
2012-11-29T09:17:42.500,2141.8,5647,2141.8,53,0.0,0,0.0,0,0.0,0,0.0,0,2142,27,0.0,0,0.0,0,0.0,0,0.0,0
2012-11-29T09:17:43.000,2141.8,5666,2141.8,35,0.0,0,0.0,0,0.0,0,0.0,0,2142,29,0.0,0,0.0,0,0.0,0,0.0,0
2012-11-29T09:17:43.500,2141.8,5667,2141.8,34,0.0,0,0.0,0,0.0,0,0.0,0,2142,30,0.0,0,0.0,0,0.0,0,0.0,0
2012-11-29T09:17:44.000,2142,5669,2141.8,33,0.0,0,0.0,0,0.0,0,0.0,0,2142,30,0.0,0,0.0,0,0.0,0,0.0,0
2012-11-29T09:17:44.500,2141.8,5671,2141.8,33,0.0,0,0.0,0,0.0,0,0.0,0,2142,32,0.0,0,0.0,0,0.0,0,0.0,0
2012-11-29T09:17:45.250,2141.8,5673,2141.8,34,0.0,0,0.0,0,0.0,0,0.0,0,2142,33,0.0,0,0.0,0,0.0,0,0.0,0
2012-11-29T09:17:46.000,2141.8,5674,2141.8,33,0.0,0,0.0,0,0.0,0,0.0,0,2142,33,0.0,0,0.0,0,0.0,0,0.0,0
2012-11-29T09:17:46.500,2142,5677,2141.8,34,0.0,0,0.0,0,0.0,0,0.0,0,2142,31,0.0,0,0.0,0,0.0,0,0.0,0
2012-11-29T09:17:47.000,2142,5681,2141.8,32,0.0,0,0.0,0,0.0,0,0.0,0,2142,30,0.0,0,0.0,0,0.0,0,0.0,0
2012-11-29T09:17:47.500,2142,5688,2141.8,26,0.0,0,0.0,0,0.0,0,0.0,0,2142,30,0.0,0,0.0,0,0.0,0,0.0,0
2012-11-29T09:17:48.000,2141.8,5716,2141.6,82,0.0,0,0.0,0,0.0,0,0.0,0,2141.8,2,0.0,0,0.0,0,0.0,0,0.0,0
2012-11-29T09:17:48.500,2141.8,5741,2141.6,82,0.0,0,0.0,0,0.0,0,0.0,0,2141.8,14,0.0,0,0.0,0,0.0,0,0.0,0
2012-11-29T09:17:49.000,2141.8,5752,2141.6,84,0.0,0,0.0,0,0.0,0,0.0,0,2141.8,3,0.0,0,0.0,0,0.0,0,0.0,0
2012-11-29T09:17:49.500,2141.6,5763,2141.6,80,0.0,0,0.0,0,0.0,0,0.0,0,2141.8,2,0.0,0,0.0,0,0.0,0,0.0,0
2012-11-29T09:17:50.000,2141.8,5764,2141.6,81,0.0,0,0.0,0,0.0,0,0.0,0,2141.8,4,0.0,0,0.0,0,0.0,0,0.0,0
2012-11-29T09:17:50.500,2141.8,5769,2141.6,79,0.0,0,0.0,0,0.0,0,0.0,0,2141.8,1,0.0,0,0.0,0,0.0,0,0.0,0
2012-11-29T09:17:51.000,2141.8,5783,2141.6,79,0.0,0,0.0,0,0.0,0,0.0,0,2141.8,23,0.0,0,0.0,0,0.0,0,0.0,0
2012-11-29T09:17:51.500,2141.8,5795,2141.6,77,0.0,0,0.0,0,0.0,0,0.0,0,2141.8,13,0.0,0,0.0,0,0.0,0,0.0,0
2012-11-29T09:17:52.000,2141.6,5804,2141.6,74,0.0,0,0.0,0,0.0,0,0.0,0,2141.8,20,0.0,0,0.0,0,0.0,0,0.0,0
2012-11-29T09:17:52.500,2141.8,5809,2141.6,75,0.0,0,0.0,0,0.0,0,0.0,0,2141.8,15,0.0,0,0.0,0,0.0,0,0.0,0
2012-11-29T09:17:53.000,2141.6,5813,2141.6,71,0.0,0,0.0,0,0.0,0,0.0,0,2141.8,31,0.0,0,0.0,0,0.0,0,0.0,0
2012-11-29T09:17:53.500,2141.8,5840,2141.6,108,0.0,0,0.0,0,0.0,0,0.0,0,2141.8,7,0.0,0,0.0,0,0.0,0,0.0,0
2012-11-29T09:17:54.000,2141.8,5849,2141.8,3,0.0,0,0.0,0,0.0,0,0.0,0,2142,31,0.0,0,0.0,0,0.0,0,0.0,0
2012-11-29T09:17:54.500,2141.8,5854,2141.8,3,0.0,0,0.0,0,0.0,0,0.0,0,2142,32,0.0,0,0.0,0,0.0,0,0.0,0
2012-11-29T09:17:55.250,2141.8,5857,2141.8,15,0.0,0,0.0,0,0.0,0,0.0,0,2142,30,0.0,0,0.0,0,0.0,0,0.0,0
2012-11-29T09:17:56.000,2142,5876,2141.8,7,0.0,0,0.0,0,0.0,0,0.0,0,2142,24,0.0,0,0.0,0,0.0,0,0.0,0
2012-11-29T09:17:56.500,2141.8,5877,2141.8,7,0.0,0,0.0,0,0.0,0,0.0,0,2142,24,0.0,0,0.0,0,0.0,0,0.0,0
2012-11-29T09:17:57.000,2141.8,5880,2141.8,17,0.0,0,0.0,0,0.0,0,0.0,0,2142,24,0.0,0,0.0,0,0.0,0,0.0,0
2012-11-29T09:17:57.500,2141.8,5883,2141.8,37,0.0,0,0.0,0,0.0,0,0.0,0,2142,33,0.0,0,0.0,0,0.0,0,0.0,0
2012-11-29T09:17:58.250,2141.8,5888,2141.8,36,0.0,0,0.0,0,0.0,0,0.0,0,2142,31,0.0,0,0.0,0,0.0,0,0.0,0
2012-11-29T09:17:59.000,2141.8,5892,2141.8,47,0.0,0,0.0,0,0.0,0,0.0,0,2142,33,0.0,0,0.0,0,0.0,0,0.0,0
2012-11-29T09:17:59.500,2141.8,5894,2141.8,47,0.0,0,0.0,0,0.0,0,0.0,0,2142,33,0.0,0,0.0,0,0.0,0,0.0,0
2012-11-29T09:18:00.000,2141.8,5895,2141.8,48,0.0,0,0.0,0,0.0,0,0.0,0,2142,33,0.0,0,0.0,0,0.0,0,0.0,0
2012-11-29T09:18:00.500,2141.8,5896,2141.8,48,0.0,0,0.0,0,0.0,0,0.0,0,2142,33,0.0,0,0.0,0,0.0,0,0.0,0
2012-11-29T09:18:01.000,2142,5902,2141.8,45,0.0,0,0.0,0,0.0,0,0.0,0,2142,37,0.0,0,0.0,0,0.0,0,0.0,0
2012-11-29T09:18:01.500,2141.8,5905,2141.8,43,0.0,0,0.0,0,0.0,0,0.0,0,2142,36,0.0,0,0.0,0,0.0,0,0.0,0
2012-11-29T09:18:02.000,2141.8,5909,2141.8,47,0.0,0,0.0,0,0.0,0,0.0,0,2142,37,0.0,0,0.0,0,0.0,0,0.0,0
2012-11-29T09:18:02.500,2141.8,5912,2141.8,50,0.0,0,0.0,0,0.0,0,0.0,0,2142,35,0.0,0,0.0,0,0.0,0,0.0,0
2012-11-29T09:18:03.000,2142,5916,2141.8,50,0.0,0,0.0,0,0.0,0,0.0,0,2142,32,0.0,0,0.0,0,0.0,0,0.0,0
2012-11-29T09:18:03.500,2141.8,5918,2141.8,149,0.0,0,0.0,0,0.0,0,0.0,0,2142,32,0.0,0,0.0,0,0.0,0,0.0,0
2012-11-29T09:18:04.000,2142,5951,2142,4,0.0,0,0.0,0,0.0,0,0.0,0,2142.2,39,0.0,0,0.0,0,0.0,0,0.0,0
2012-11-29T09:18:04.500,2142,5968,2142,11,0.0,0,0.0,0,0.0,0,0.0,0,2142.2,25,0.0,0,0.0,0,0.0,0,0.0,0
2012-11-29T09:18:05.000,2142,5969,2142,16,0.0,0,0.0,0,0.0,0,0.0,0,2142.2,25,0.0,0,0.0,0,0.0,0,0.0,0
2012-11-29T09:18:05.500,2142,5970,2142,18,0.0,0,0.0,0,0.0,0,0.0,0,2142.2,25,0.0,0,0.0,0,0.0,0,0.0,0
2012-11-29T09:18:06.250,2142,5971,2142,18,0.0,0,0.0,0,0.0,0,0.0,0,2142.2,25,0.0,0,0.0,0,0.0,0,0.0,0
2012-11-29T09:18:07.250,2142.2,5972,2142,19,0.0,0,0.0,0,0.0,0,0.0,0,2142.2,23,0.0,0,0.0,0,0.0,0,0.0,0
2012-11-29T09:18:08.000,2142.2,5976,2142,22,0.0,0,0.0,0,0.0,0,0.0,0,2142.2,19,0.0,0,0.0,0,0.0,0,0.0,0
2012-11-29T09:18:08.500,2142.2,5985,2142,17,0.0,0,0.0,0,0.0,0,0.0,0,2142.2,17,0.0,0,0.0,0,0.0,0,0.0,0
2012-11-29T09:18:09.000,2142.2,5986,2142,18,0.0,0,0.0,0,0.0,0,0.0,0,2142.2,16,0.0,0,0.0,0,0.0,0,0.0,0
2012-11-29T09:18:09.500,2142.2,5991,2142,18,0.0,0,0.0,0,0.0,0,0.0,0,2142.2,11,0.0,0,0.0,0,0.0,0,0.0,0
2012-11-29T09:18:10.000,2142,5998,2142,13,0.0,0,0.0,0,0.0,0,0.0,0,2142.2,9,0.0,0,0.0,0,0.0,0,0.0,0
2012-11-29T09:18:10.500,2142.2,6007,2142,13,0.0,0,0.0,0,0.0,0,0.0,0,2142.2,5,0.0,0,0.0,0,0.0,0,0.0,0
2012-11-29T09:18:11.000,2142.2,6011,2142,12,0.0,0,0.0,0,0.0,0,0.0,0,2142.2,3,0.0,0,0.0,0,0.0,0,0.0,0
2012-11-29T09:18:11.500,2142.2,6013,2142,13,0.0,0,0.0,0,0.0,0,0.0,0,2142.2,2,0.0,0,0.0,0,0.0,0,0.0,0
2012-11-29T09:18:12.000,2142.2,6015,2142.2,1,0.0,0,0.0,0,0.0,0,0.0,0,2142.4,54,0.0,0,0.0,0,0.0,0,0.0,0
2012-11-29T09:18:12.500,2142.2,6019,2142.2,19,0.0,0,0.0,0,0.0,0,0.0,0,2142.4,53,0.0,0,0.0,0,0.0,0,0.0,0
2012-11-29T09:18:13.000,2142.4,6021,2142.2,19,0.0,0,0.0,0,0.0,0,0.0,0,2142.4,53,0.0,0,0.0,0,0.0,0,0.0,0
2012-11-29T09:18:13.500,2142.2,6053,2142.2,18,0.0,0,0.0,0,0.0,0,0.0,0,2142.4,22,0.0,0,0.0,0,0.0,0,0.0,0
2012-11-29T09:18:14.250,2142.4,6063,2142.2,16,0.0,0,0.0,0,0.0,0,0.0,0,2142.4,15,0.0,0,0.0,0,0.0,0,0.0,0
2012-11-29T09:18:15.000,2142.6,6080,2142.4,3,0.0,0,0.0,0,0.0,0,0.0,0,2142.6,31,0.0,0,0.0,0,0.0,0,0.0,0
2012-11-29T09:18:15.500,2142.6,6081,2142.4,26,0.0,0,0.0,0,0.0,0,0.0,0,2142.6,31,0.0,0,0.0,0,0.0,0,0.0,0
2012-11-29T09:18:16.000,2142.6,6086,2142.4,33,0.0,0,0.0,0,0.0,0,0.0,0,2142.6,27,0.0,0,0.0,0,0.0,0,0.0,0
2012-11-29T09:18:16.500,2142.6,6094,2142.4,38,0.0,0,0.0,0,0.0,0,0.0,0,2142.6,18,0.0,0,0.0,0,0.0,0,0.0,0
2012-11-29T09:18:17.000,2142.6,6105,2142.4,38,0.0,0,0.0,0,0.0,0,0.0,0,2142.6,8,0.0,0,0.0,0,0.0,0,0.0,0
2012-11-29T09:18:17.500,2142.6,6113,2142.6,1,0.0,0,0.0,0,0.0,0,0.0,0,2142.8,73,0.0,0,0.0,0,0.0,0,0.0,0
2012-11-29T09:18:18.000,2142.6,6120,2142.6,5,0.0,0,0.0,0,0.0,0,0.0,0,2142.8,73,0.0,0,0.0,0,0.0,0,0.0,0
2012-11-29T09:18:18.500,2142.4,6126,2142.4,38,0.0,0,0.0,0,0.0,0,0.0,0,2142.6,26,0.0,0,0.0,0,0.0,0,0.0,0
2012-11-29T09:18:19.000,2142.6,6136,2142.4,35,0.0,0,0.0,0,0.0,0,0.0,0,2142.6,22,0.0,0,0.0,0,0.0,0,0.0,0
2012-11-29T09:18:19.500,2142.6,6142,2142.4,35,0.0,0,0.0,0,0.0,0,0.0,0,2142.6,40,0.0,0,0.0,0,0.0,0,0.0,0
2012-11-29T09:18:20.000,2142.6,6156,2142.4,36,0.0,0,0.0,0,0.0,0,0.0,0,2142.6,27,0.0,0,0.0,0,0.0,0,0.0,0
2012-11-29T09:18:20.500,2142.6,6177,2142.4,18,0.0,0,0.0,0,0.0,0,0.0,0,2142.6,25,0.0,0,0.0,0,0.0,0,0.0,0
2012-11-29T09:18:21.000,2142.4,6182,2142.4,16,0.0,0,0.0,0,0.0,0,0.0,0,2142.6,22,0.0,0,0.0,0,0.0,0,0.0,0
2012-11-29T09:18:21.500,2142.6,6185,2142.4,31,0.0,0,0.0,0,0.0,0,0.0,0,2142.6,45,0.0,0,0.0,0,0.0,0,0.0,0
2012-11-29T09:18:22.000,2142.6,6191,2142.4,30,0.0,0,0.0,0,0.0,0,0.0,0,2142.6,61,0.0,0,0.0,0,0.0,0,0.0,0
2012-11-29T09:18:22.500,2142.6,6193,2142.4,30,0.0,0,0.0,0,0.0,0,0.0,0,2142.6,59,0.0,0,0.0,0,0.0,0,0.0,0
2012-11-29T09:18:23.000,2142.4,6196,2142.4,28,0.0,0,0.0,0,0.0,0,0.0,0,2142.6,65,0.0,0,0.0,0,0.0,0,0.0,0
2012-11-29T09:18:23.500,2142.4,6255,2142.4,1,0.0,0,0.0,0,0.0,0,0.0,0,2142.6,57,0.0,0,0.0,0,0.0,0,0.0,0
2012-11-29T09:18:24.250,2142.4,6257,2142.2,1,0.0,0,0.0,0,0.0,0,0.0,0,2142.6,59,0.0,0,0.0,0,0.0,0,0.0,0
2012-11-29T09:18:25.000,2142.4,6260,2142.2,2,0.0,0,0.0,0,0.0,0,0.0,0,2142.4,19,0.0,0,0.0,0,0.0,0,0.0,0
2012-11-29T09:18:25.500,2142.2,6266,2142.2,2,0.0,0,0.0,0,0.0,0,0.0,0,2142.4,50,0.0,0,0.0,0,0.0,0,0.0,0
2012-11-29T09:18:26.000,2142.4,6268,2142.2,2,0.0,0,0.0,0,0.0,0,0.0,0,2142.4,49,0.0,0,0.0,0,0.0,0,0.0,0
2012-11-29T09:18:26.500,2142.4,6276,2142,43,0.0,0,0.0,0,0.0,0,0.0,0,2142.4,43,0.0,0,0.0,0,0.0,0,0.0,0
2012-11-29T09:18:27.000,2142,6279,2142,43,0.0,0,0.0,0,0.0,0,0.0,0,2142.4,44,0.0,0,0.0,0,0.0,0,0.0,0
2012-11-29T09:18:27.500,2142.2,6281,2142,48,0.0,0,0.0,0,0.0,0,0.0,0,2142.4,43,0.0,0,0.0,0,0.0,0,0.0,0
2012-11-29T09:18:28.250,2142.2,6282,2142,48,0.0,0,0.0,0,0.0,0,0.0,0,2142.2,1,0.0,0,0.0,0,0.0,0,0.0,0
2012-11-29T09:18:29.000,2142.2,6283,2142,50,0.0,0,0.0,0,0.0,0,0.0,0,2142.4,44,0.0,0,0.0,0,0.0,0,0.0,0
2012-11-29T09:18:29.500,2142.4,6287,2142,52,0.0,0,0.0,0,0.0,0,0.0,0,2142.4,45,0.0,0,0.0,0,0.0,0,0.0,0
2012-11-29T09:18:30.250,2142.4,6303,2142,54,0.0,0,0.0,0,0.0,0,0.0,0,2142.4,30,0.0,0,0.0,0,0.0,0,0.0,0
2012-11-29T09:18:31.250,2142.4,6305,2142,55,0.0,0,0.0,0,0.0,0,0.0,0,2142.4,30,0.0,0,0.0,0,0.0,0,0.0,0
2012-11-29T09:18:32.250,2142.4,6306,2142,60,0.0,0,0.0,0,0.0,0,0.0,0,2142.4,29,0.0,0,0.0,0,0.0,0,0.0,0
2012-11-29T09:18:33.000,2142.4,6307,2142.2,7,0.0,0,0.0,0,0.0,0,0.0,0,2142.4,29,0.0,0,0.0,0,0.0,0,0.0,0
2012-11-29T09:18:33.500,2142.4,6332,2142.2,7,0.0,0,0.0,0,0.0,0,0.0,0,2142.4,4,0.0,0,0.0,0,0.0,0,0.0,0
2012-11-29T09:18:34.250,2142.4,6336,2142.4,7,0.0,0,0.0,0,0.0,0,0.0,0,2142.6,42,0.0,0,0.0,0,0.0,0,0.0,0
2012-11-29T09:18:35.250,2142.4,6337,2142.4,13,0.0,0,0.0,0,0.0,0,0.0,0,2142.6,45,0.0,0,0.0,0,0.0,0,0.0,0
2012-11-29T09:18:36.000,2142.6,6348,2142.4,8,0.0,0,0.0,0,0.0,0,0.0,0,2142.6,42,0.0,0,0.0,0,0.0,0,0.0,0
2012-11-29T09:18:36.500,2142.4,6350,2142.4,7,0.0,0,0.0,0,0.0,0,0.0,0,2142.6,43,0.0,0,0.0,0,0.0,0,0.0,0
2012-11-29T09:18:37.000,2142.4,6352,2142.4,6,0.0,0,0.0,0,0.0,0,0.0,0,2142.6,43,0.0,0,0.0,0,0.0,0,0.0,0
2012-11-29T09:18:37.500,2142.4,6354,2142.4,7,0.0,0,0.0,0,0.0,0,0.0,0,2142.6,45,0.0,0,0.0,0,0.0,0,0.0,0
2012-11-29T09:18:38.000,2142.6,6385,2142.4,7,0.0,0,0.0,0,0.0,0,0.0,0,2142.6,14,0.0,0,0.0,0,0.0,0,0.0,0
2012-11-29T09:18:38.500,2142.6,6388,2142.4,7,0.0,0,0.0,0,0.0,0,0.0,0,2142.6,11,0.0,0,0.0,0,0.0,0,0.0,0
2012-11-29T09:18:39.000,2142.6,6402,2142.6,4,0.0,0,0.0,0,0.0,0,0.0,0,2142.8,73,0.0,0,0.0,0,0.0,0,0.0,0
2012-11-29T09:18:39.500,2142.6,6421,2142.6,10,0.0,0,0.0,0,0.0,0,0.0,0,2142.8,55,0.0,0,0.0,0,0.0,0,0.0,0
2012-11-29T09:18:40.000,2142.6,6424,2142.6,8,0.0,0,0.0,0,0.0,0,0.0,0,2142.8,55,0.0,0,0.0,0,0.0,0,0.0,0
2012-11-29T09:18:40.500,2142.8,6436,2142.6,6,0.0,0,0.0,0,0.0,0,0.0,0,2142.8,49,0.0,0,0.0,0,0.0,0,0.0,0
2012-11-29T09:18:41.250,2142.8,6438,2142.6,6,0.0,0,0.0,0,0.0,0,0.0,0,2142.8,48,0.0,0,0.0,0,0.0,0,0.0,0
2012-11-29T09:18:42.000,2142.8,6442,2142.6,20,0.0,0,0.0,0,0.0,0,0.0,0,2142.8,44,0.0,0,0.0,0,0.0,0,0.0,0
2012-11-29T09:18:42.500,2142.8,6446,2142.6,20,0.0,0,0.0,0,0.0,0,0.0,0,2142.8,40,0.0,0,0.0,0,0.0,0,0.0,0
2012-11-29T09:18:43.000,2142.8,6494,2142.6,11,0.0,0,0.0,0,0.0,0,0.0,0,2142.8,2,0.0,0,0.0,0,0.0,0,0.0,0
2012-11-29T09:18:43.500,2142.8,6499,2142.8,22,0.0,0,0.0,0,0.0,0,0.0,0,2143,76,0.0,0,0.0,0,0.0,0,0.0,0
2012-11-29T09:18:44.000,2143,6501,2142.8,23,0.0,0,0.0,0,0.0,0,0.0,0,2143,74,0.0,0,0.0,0,0.0,0,0.0,0
2012-11-29T09:18:44.500,2143,6516,2142.8,27,0.0,0,0.0,0,0.0,0,0.0,0,2143,72,0.0,0,0.0,0,0.0,0,0.0,0
2012-11-29T09:18:45.000,2142.8,6559,2142.8,27,0.0,0,0.0,0,0.0,0,0.0,0,2143,31,0.0,0,0.0,0,0.0,0,0.0,0
2012-11-29T09:18:45.500,2143,6591,2143,21,0.0,0,0.0,0,0.0,0,0.0,0,2143.2,88,0.0,0,0.0,0,0.0,0,0.0,0
2012-11-29T09:18:46.000,2143.2,6595,2143,29,0.0,0,0.0,0,0.0,0,0.0,0,2143.2,84,0.0,0,0.0,0,0.0,0,0.0,0
2012-11-29T09:18:46.500,2143,6637,2143,27,0.0,0,0.0,0,0.0,0,0.0,0,2143.2,72,0.0,0,0.0,0,0.0,0,0.0,0
2012-11-29T09:18:47.000,2143.2,6665,2143,25,0.0,0,0.0,0,0.0,0,0.0,0,2143.2,48,0.0,0,0.0,0,0.0,0,0.0,0
2012-11-29T09:18:47.500,2143.2,6683,2143,28,0.0,0,0.0,0,0.0,0,0.0,0,2143.2,41,0.0,0,0.0,0,0.0,0,0.0,0
2012-11-29T09:18:48.000,2143.2,6702,2143,27,0.0,0,0.0,0,0.0,0,0.0,0,2143.2,22,0.0,0,0.0,0,0.0,0,0.0,0
2012-11-29T09:18:48.500,2143.2,6755,2143,1,0.0,0,0.0,0,0.0,0,0.0,0,2143.2,15,0.0,0,0.0,0,0.0,0,0.0,0
2012-11-29T09:18:49.000,2143.2,6762,2143,8,0.0,0,0.0,0,0.0,0,0.0,0,2143.2,28,0.0,0,0.0,0,0.0,0,0.0,0
2012-11-29T09:18:49.500,2142.8,6807,2142.8,23,0.0,0,0.0,0,0.0,0,0.0,0,2143.2,38,0.0,0,0.0,0,0.0,0,0.0,0
2012-11-29T09:18:50.000,2143,6818,2142.8,21,0.0,0,0.0,0,0.0,0,0.0,0,2143,2,0.0,0,0.0,0,0.0,0,0.0,0
2012-11-29T09:18:50.500,2143,6830,2142.8,45,0.0,0,0.0,0,0.0,0,0.0,0,2143,4,0.0,0,0.0,0,0.0,0,0.0,0
2012-11-29T09:18:51.000,2143,6834,2142.8,45,0.0,0,0.0,0,0.0,0,0.0,0,2143,24,0.0,0,0.0,0,0.0,0,0.0,0
2012-11-29T09:18:51.500,2143,6849,2142.8,45,0.0,0,0.0,0,0.0,0,0.0,0,2143,13,0.0,0,0.0,0,0.0,0,0.0,0
2012-11-29T09:18:52.000,2143,6881,2143,20,0.0,0,0.0,0,0.0,0,0.0,0,2143.2,31,0.0,0,0.0,0,0.0,0,0.0,0
2012-11-29T09:18:52.500,2143.2,6882,2143,27,0.0,0,0.0,0,0.0,0,0.0,0,2143.2,31,0.0,0,0.0,0,0.0,0,0.0,0
2012-11-29T09:18:53.000,2143.2,6885,2143,27,0.0,0,0.0,0,0.0,0,0.0,0,2143.2,73,0.0,0,0.0,0,0.0,0,0.0,0
2012-11-29T09:18:53.500,2143,6891,2143,28,0.0,0,0.0,0,0.0,0,0.0,0,2143.2,88,0.0,0,0.0,0,0.0,0,0.0,0
2012-11-29T09:18:54.000,2143.2,6896,2143,26,0.0,0,0.0,0,0.0,0,0.0,0,2143.2,86,0.0,0,0.0,0,0.0,0,0.0,0
2012-11-29T09:18:54.500,2143.2,6917,2143,51,0.0,0,0.0,0,0.0,0,0.0,0,2143.2,90,0.0,0,0.0,0,0.0,0,0.0,0
2012-11-29T09:18:55.000,2143,6927,2143,53,0.0,0,0.0,0,0.0,0,0.0,0,2143.2,79,0.0,0,0.0,0,0.0,0,0.0,0
2012-11-29T09:18:55.500,2143.2,6952,2143,50,0.0,0,0.0,0,0.0,0,0.0,0,2143.2,61,0.0,0,0.0,0,0.0,0,0.0,0
2012-11-29T09:18:56.000,2143,6977,2143,30,0.0,0,0.0,0,0.0,0,0.0,0,2143.2,51,0.0,0,0.0,0,0.0,0,0.0,0
2012-11-29T09:18:56.500,2143.2,6983,2143,30,0.0,0,0.0,0,0.0,0,0.0,0,2143.2,51,0.0,0,0.0,0,0.0,0,0.0,0
2012-11-29T09:18:57.000,2143.2,7004,2143,23,0.0,0,0.0,0,0.0,0,0.0,0,2143.2,50,0.0,0,0.0,0,0.0,0,0.0,0
2012-11-29T09:18:57.500,2143.2,7012,2143,27,0.0,0,0.0,0,0.0,0,0.0,0,2143.2,46,0.0,0,0.0,0,0.0,0,0.0,0
2012-11-29T09:18:58.000,2143.2,7026,2143,34,0.0,0,0.0,0,0.0,0,0.0,0,2143.2,40,0.0,0,0.0,0,0.0,0,0.0,0
2012-11-29T09:18:58.500,2143,7052,2143,14,0.0,0,0.0,0,0.0,0,0.0,0,2143.2,41,0.0,0,0.0,0,0.0,0,0.0,0
2012-11-29T09:18:59.000,2143,7071,2142.8,49,0.0,0,0.0,0,0.0,0,0.0,0,2143,2,0.0,0,0.0,0,0.0,0,0.0,0
2012-11-29T09:18:59.500,2143,7088,2142.8,38,0.0,0,0.0,0,0.0,0,0.0,0,2143,7,0.0,0,0.0,0,0.0,0,0.0,0
2012-11-29T09:19:00.000,2143,7095,2142.8,38,0.0,0,0.0,0,0.0,0,0.0,0,2143,1,0.0,0,0.0,0,0.0,0,0.0,0
2012-11-29T09:19:00.500,2143,7099,2142.8,36,0.0,0,0.0,0,0.0,0,0.0,0,2143,14,0.0,0,0.0,0,0.0,0,0.0,0
2012-11-29T09:19:01.000,2143,7148,2143,1,0.0,0,0.0,0,0.0,0,0.0,0,2143.2,45,0.0,0,0.0,0,0.0,0,0.0,0
2012-11-29T09:19:01.500,2142.8,7173,2142.8,30,0.0,0,0.0,0,0.0,0,0.0,0,2143.2,36,0.0,0,0.0,0,0.0,0,0.0,0
2012-11-29T09:19:02.250,2143,7174,2142.8,47,0.0,0,0.0,0,0.0,0,0.0,0,2143,4,0.0,0,0.0,0,0.0,0,0.0,0
2012-11-29T09:19:03.000,2142.8,7210,2142.8,14,0.0,0,0.0,0,0.0,0,0.0,0,2143,7,0.0,0,0.0,0,0.0,0,0.0,0
2012-11-29T09:19:03.500,2142.8,7220,2142.8,5,0.0,0,0.0,0,0.0,0,0.0,0,2143,19,0.0,0,0.0,0,0.0,0,0.0,0
2012-11-29T09:19:04.000,2143,7226,2142.8,9,0.0,0,0.0,0,0.0,0,0.0,0,2143,29,0.0,0,0.0,0,0.0,0,0.0,0
2012-11-29T09:19:04.500,2142.8,7237,2142.6,30,0.0,0,0.0,0,0.0,0,0.0,0,2142.8,11,0.0,0,0.0,0,0.0,0,0.0,0
2012-11-29T09:19:05.000,2142.8,7249,2142.6,28,0.0,0,0.0,0,0.0,0,0.0,0,2142.8,2,0.0,0,0.0,0,0.0,0,0.0,0
2012-11-29T09:19:05.500,2142.8,7251,2142.6,34,0.0,0,0.0,0,0.0,0,0.0,0,2142.8,3,0.0,0,0.0,0,0.0,0,0.0,0
2012-11-29T09:19:06.000,2142.6,7256,2142.6,31,0.0,0,0.0,0,0.0,0,0.0,0,2142.8,1,0.0,0,0.0,0,0.0,0,0.0,0
2012-11-29T09:19:06.500,2142.8,7262,2142.6,28,0.0,0,0.0,0,0.0,0,0.0,0,2143,57,0.0,0,0.0,0,0.0,0,0.0,0
2012-11-29T09:19:07.000,2142.6,7286,2142.6,8,0.0,0,0.0,0,0.0,0,0.0,0,2143,55,0.0,0,0.0,0,0.0,0,0.0,0
2012-11-29T09:19:07.500,2143,7287,2142.6,9,0.0,0,0.0,0,0.0,0,0.0,0,2142.8,1,0.0,0,0.0,0,0.0,0,0.0,0
2012-11-29T09:19:08.000,2142.8,7291,2142.6,8,0.0,0,0.0,0,0.0,0,0.0,0,2143,56,0.0,0,0.0,0,0.0,0,0.0,0
2012-11-29T09:19:08.500,2142.8,7293,2142.6,9,0.0,0,0.0,0,0.0,0,0.0,0,2143,56,0.0,0,0.0,0,0.0,0,0.0,0
2012-11-29T09:19:09.250,2142.8,7299,2142.6,13,0.0,0,0.0,0,0.0,0,0.0,0,2142.8,4,0.0,0,0.0,0,0.0,0,0.0,0
2012-11-29T09:19:10.000,2142.8,7301,2142.6,12,0.0,0,0.0,0,0.0,0,0.0,0,2142.8,2,0.0,0,0.0,0,0.0,0,0.0,0
2012-11-29T09:19:10.500,2142.6,7303,2142.6,10,0.0,0,0.0,0,0.0,0,0.0,0,2142.8,3,0.0,0,0.0,0,0.0,0,0.0,0
2012-11-29T09:19:11.000,2142.8,7305,2142.6,13,0.0,0,0.0,0,0.0,0,0.0,0,2142.8,2,0.0,0,0.0,0,0.0,0,0.0,0
2012-11-29T09:19:11.500,2143,7308,2142.6,18,0.0,0,0.0,0,0.0,0,0.0,0,2143,117,0.0,0,0.0,0,0.0,0,0.0,0
2012-11-29T09:19:12.250,2142.8,7311,2142.8,1,0.0,0,0.0,0,0.0,0,0.0,0,2143,118,0.0,0,0.0,0,0.0,0,0.0,0
2012-11-29T09:19:13.000,2142.8,7316,2142.8,4,0.0,0,0.0,0,0.0,0,0.0,0,2143,116,0.0,0,0.0,0,0.0,0,0.0,0
2012-11-29T09:19:13.500,2142.8,7321,2142.8,1,0.0,0,0.0,0,0.0,0,0.0,0,2143,115,0.0,0,0.0,0,0.0,0,0.0,0
2012-11-29T09:19:14.000,2143,7352,2142.8,5,0.0,0,0.0,0,0.0,0,0.0,0,2143,84,0.0,0,0.0,0,0.0,0,0.0,0
2012-11-29T09:19:14.500,2142.8,7362,2142.8,6,0.0,0,0.0,0,0.0,0,0.0,0,2143,77,0.0,0,0.0,0,0.0,0,0.0,0
2012-11-29T09:19:15.000,2143,7372,2142.8,15,0.0,0,0.0,0,0.0,0,0.0,0,2143,75,0.0,0,0.0,0,0.0,0,0.0,0
2012-11-29T09:19:15.500,2142.8,7395,2142.8,13,0.0,0,0.0,0,0.0,0,0.0,0,2143,67,0.0,0,0.0,0,0.0,0,0.0,0
2012-11-29T09:19:16.000,2143,7400,2142.8,15,0.0,0,0.0,0,0.0,0,0.0,0,2143,68,0.0,0,0.0,0,0.0,0,0.0,0
2012-11-29T09:19:16.500,2143,7430,2142.8,16,0.0,0,0.0,0,0.0,0,0.0,0,2143,38,0.0,0,0.0,0,0.0,0,0.0,0
2012-11-29T09:19:17.000,2142.8,7433,2142.8,15,0.0,0,0.0,0,0.0,0,0.0,0,2143,37,0.0,0,0.0,0,0.0,0,0.0,0
2012-11-29T09:19:17.500,2143,7447,2142.8,16,0.0,0,0.0,0,0.0,0,0.0,0,2143,24,0.0,0,0.0,0,0.0,0,0.0,0
2012-11-29T09:19:18.000,2143,7478,2142.8,37,0.0,0,0.0,0,0.0,0,0.0,0,2143.2,52,0.0,0,0.0,0,0.0,0,0.0,0
2012-11-29T09:19:18.500,2143,7479,2142.8,38,0.0,0,0.0,0,0.0,0,0.0,0,2143.2,52,0.0,0,0.0,0,0.0,0,0.0,0
2012-11-29T09:19:19.250,2143,7494,2143,39,0.0,0,0.0,0,0.0,0,0.0,0,2143.2,52,0.0,0,0.0,0,0.0,0,0.0,0
2012-11-29T09:19:20.250,2143.2,7497,2143,42,0.0,0,0.0,0,0.0,0,0.0,0,2143.2,52,0.0,0,0.0,0,0.0,0,0.0,0
2012-11-29T09:19:21.000,2143.2,7508,2143,44,0.0,0,0.0,0,0.0,0,0.0,0,2143.2,43,0.0,0,0.0,0,0.0,0,0.0,0
2012-11-29T09:19:21.500,2143,7523,2143,41,0.0,0,0.0,0,0.0,0,0.0,0,2143.2,31,0.0,0,0.0,0,0.0,0,0.0,0
2012-11-29T09:19:22.000,2143.2,7544,2143,46,0.0,0,0.0,0,0.0,0,0.0,0,2143.2,24,0.0,0,0.0,0,0.0,0,0.0,0
2012-11-29T09:19:22.500,2143.2,7548,2143,47,0.0,0,0.0,0,0.0,0,0.0,0,2143.2,21,0.0,0,0.0,0,0.0,0,0.0,0
2012-11-29T09:19:23.000,2143.4,7584,2143,49,0.0,0,0.0,0,0.0,0,0.0,0,2143.4,11,0.0,0,0.0,0,0.0,0,0.0,0
2012-11-29T09:19:23.500,2143.4,7589,2143.2,18,0.0,0,0.0,0,0.0,0,0.0,0,2143.4,14,0.0,0,0.0,0,0.0,0,0.0,0
2012-11-29T09:19:24.000,2143.4,7595,2143.2,46,0.0,0,0.0,0,0.0,0,0.0,0,2143.4,8,0.0,0,0.0,0,0.0,0,0.0,0
2012-11-29T09:19:24.500,2143.2,7605,2143.4,1,0.0,0,0.0,0,0.0,0,0.0,0,2143.6,58,0.0,0,0.0,0,0.0,0,0.0,0
2012-11-29T09:19:25.000,2143.2,7635,2143.2,18,0.0,0,0.0,0,0.0,0,0.0,0,2143.6,75,0.0,0,0.0,0,0.0,0,0.0,0
2012-11-29T09:19:25.500,2143.4,7667,2143.2,19,0.0,0,0.0,0,0.0,0,0.0,0,2143.6,46,0.0,0,0.0,0,0.0,0,0.0,0
2012-11-29T09:19:26.000,2143.4,7672,2143.2,12,0.0,0,0.0,0,0.0,0,0.0,0,2143.4,18,0.0,0,0.0,0,0.0,0,0.0,0
2012-11-29T09:19:26.500,2143.2,7697,2143.2,5,0.0,0,0.0,0,0.0,0,0.0,0,2143.4,2,0.0,0,0.0,0,0.0,0,0.0,0
2012-11-29T09:19:27.000,2143.2,7721,2143,45,0.0,0,0.0,0,0.0,0,0.0,0,2143.2,39,0.0,0,0.0,0,0.0,0,0.0,0
2012-11-29T09:19:27.500,2143,7725,2143,50,0.0,0,0.0,0,0.0,0,0.0,0,2143.2,39,0.0,0,0.0,0,0.0,0,0.0,0
2012-11-29T09:19:28.000,2143.2,7732,2143,51,0.0,0,0.0,0,0.0,0,0.0,0,2143.2,33,0.0,0,0.0,0,0.0,0,0.0,0
2012-11-29T09:19:28.500,2143.2,7734,2143,52,0.0,0,0.0,0,0.0,0,0.0,0,2143.2,38,0.0,0,0.0,0,0.0,0,0.0,0
2012-11-29T09:19:29.000,2143.2,7736,2143,52,0.0,0,0.0,0,0.0,0,0.0,0,2143.2,40,0.0,0,0.0,0,0.0,0,0.0,0
2012-11-29T09:19:29.500,2143.2,7738,2143,54,0.0,0,0.0,0,0.0,0,0.0,0,2143.2,38,0.0,0,0.0,0,0.0,0,0.0,0
2012-11-29T09:19:30.000,2143.2,7747,2143,52,0.0,0,0.0,0,0.0,0,0.0,0,2143.2,35,0.0,0,0.0,0,0.0,0,0.0,0
2012-11-29T09:19:30.500,2143.2,7750,2143,57,0.0,0,0.0,0,0.0,0,0.0,0,2143.2,33,0.0,0,0.0,0,0.0,0,0.0,0
2012-11-29T09:19:31.000,2143.2,7770,2143,56,0.0,0,0.0,0,0.0,0,0.0,0,2143.2,16,0.0,0,0.0,0,0.0,0,0.0,0
2012-11-29T09:19:31.500,2143,7835,2142.8,68,0.0,0,0.0,0,0.0,0,0.0,0,2143,3,0.0,0,0.0,0,0.0,0,0.0,0
2012-11-29T09:19:32.000,2142.8,7843,2142.8,64,0.0,0,0.0,0,0.0,0,0.0,0,2143,102,0.0,0,0.0,0,0.0,0,0.0,0
2012-11-29T09:19:32.500,2143,7859,2142.8,58,0.0,0,0.0,0,0.0,0,0.0,0,2143,92,0.0,0,0.0,0,0.0,0,0.0,0
2012-11-29T09:19:33.000,2143,7898,2142.8,25,0.0,0,0.0,0,0.0,0,0.0,0,2143,87,0.0,0,0.0,0,0.0,0,0.0,0
2012-11-29T09:19:33.500,2143,7899,2142.8,25,0.0,0,0.0,0,0.0,0,0.0,0,2143,86,0.0,0,0.0,0,0.0,0,0.0,0
2012-11-29T09:19:34.000,2142.8,7915,2142.8,12,0.0,0,0.0,0,0.0,0,0.0,0,2143,89,0.0,0,0.0,0,0.0,0,0.0,0
2012-11-29T09:19:34.500,2143,7916,2142.8,12,0.0,0,0.0,0,0.0,0,0.0,0,2143,88,0.0,0,0.0,0,0.0,0,0.0,0
2012-11-29T09:19:35.000,2143,7921,2142.8,11,0.0,0,0.0,0,0.0,0,0.0,0,2143,85,0.0,0,0.0,0,0.0,0,0.0,0
2012-11-29T09:19:35.500,2143,7951,2142.8,31,0.0,0,0.0,0,0.0,0,0.0,0,2143,58,0.0,0,0.0,0,0.0,0,0.0,0
2012-11-29T09:19:36.000,2143,7952,2142.8,33,0.0,0,0.0,0,0.0,0,0.0,0,2143,58,0.0,0,0.0,0,0.0,0,0.0,0
2012-11-29T09:19:36.500,2143,7954,2142.8,37,0.0,0,0.0,0,0.0,0,0.0,0,2143,54,0.0,0,0.0,0,0.0,0,0.0,0
2012-11-29T09:19:37.000,2142.8,7961,2142.8,31,0.0,0,0.0,0,0.0,0,0.0,0,2143,54,0.0,0,0.0,0,0.0,0,0.0,0
2012-11-29T09:19:37.500,2143,7968,2142.8,31,0.0,0,0.0,0,0.0,0,0.0,0,2143,47,0.0,0,0.0,0,0.0,0,0.0,0
2012-11-29T09:19:38.000,2143.2,8018,2142.8,32,0.0,0,0.0,0,0.0,0,0.0,0,2143.2,10,0.0,0,0.0,0,0.0,0,0.0,0
2012-11-29T09:19:38.500,2143,8026,2142.8,34,0.0,0,0.0,0,0.0,0,0.0,0,2143.2,10,0.0,0,0.0,0,0.0,0,0.0,0
2012-11-29T09:19:39.000,2143.2,8031,2142.8,34,0.0,0,0.0,0,0.0,0,0.0,0,2143,3,0.0,0,0.0,0,0.0,0,0.0,0
2012-11-29T09:19:39.500,2143,8035,2143,4,0.0,0,0.0,0,0.0,0,0.0,0,2143.2,7,0.0,0,0.0,0,0.0,0,0.0,0
2012-11-29T09:19:40.000,2143,8036,2143,7,0.0,0,0.0,0,0.0,0,0.0,0,2143.2,7,0.0,0,0.0,0,0.0,0,0.0,0
2012-11-29T09:19:40.500,2143.2,8046,2143,5,0.0,0,0.0,0,0.0,0,0.0,0,2143.2,1,0.0,0,0.0,0,0.0,0,0.0,0
2012-11-29T09:19:41.000,2143,8047,2143,5,0.0,0,0.0,0,0.0,0,0.0,0,2143.2,7,0.0,0,0.0,0,0.0,0,0.0,0
2012-11-29T09:19:41.500,2143,8050,2143,6,0.0,0,0.0,0,0.0,0,0.0,0,2143.2,8,0.0,0,0.0,0,0.0,0,0.0,0
2012-11-29T09:19:42.000,2143.2,8051,2143,9,0.0,0,0.0,0,0.0,0,0.0,0,2143.2,7,0.0,0,0.0,0,0.0,0,0.0,0
2012-11-29T09:19:42.500,2143,8052,2143,8,0.0,0,0.0,0,0.0,0,0.0,0,2143.2,18,0.0,0,0.0,0,0.0,0,0.0,0
2012-11-29T09:19:43.000,2143.2,8080,2143,40,0.0,0,0.0,0,0.0,0,0.0,0,2143.2,3,0.0,0,0.0,0,0.0,0,0.0,0
2012-11-29T09:19:43.500,2143.2,8082,2143,43,0.0,0,0.0,0,0.0,0,0.0,0,2143.2,3,0.0,0,0.0,0,0.0,0,0.0,0
2012-11-29T09:19:44.000,2143.2,8088,2143,39,0.0,0,0.0,0,0.0,0,0.0,0,2143.2,1,0.0,0,0.0,0,0.0,0,0.0,0
2012-11-29T09:19:44.500,2143,8092,2143,39,0.0,0,0.0,0,0.0,0,0.0,0,2143.2,2,0.0,0,0.0,0,0.0,0,0.0,0
2012-11-29T09:19:45.000,2143,8096,2143,42,0.0,0,0.0,0,0.0,0,0.0,0,2143.2,2,0.0,0,0.0,0,0.0,0,0.0,0
2012-11-29T09:19:45.500,2143.2,8100,2143,41,0.0,0,0.0,0,0.0,0,0.0,0,2143.2,2,0.0,0,0.0,0,0.0,0,0.0,0
2012-11-29T09:19:46.250,2143.2,8105,2143.2,1,0.0,0,0.0,0,0.0,0,0.0,0,2143.4,73,0.0,0,0.0,0,0.0,0,0.0,0
2012-11-29T09:19:47.000,2143.4,8111,2143,47,0.0,0,0.0,0,0.0,0,0.0,0,2143.4,74,0.0,0,0.0,0,0.0,0,0.0,0
2012-11-29T09:19:47.500,2143.2,8112,2143,48,0.0,0,0.0,0,0.0,0,0.0,0,2143.4,75,0.0,0,0.0,0,0.0,0,0.0,0
2012-11-29T09:19:48.000,2143,8123,2143,43,0.0,0,0.0,0,0.0,0,0.0,0,2143.4,71,0.0,0,0.0,0,0.0,0,0.0,0
2012-11-29T09:19:48.500,2143.4,8130,2143,44,0.0,0,0.0,0,0.0,0,0.0,0,2143.2,1,0.0,0,0.0,0,0.0,0,0.0,0
2012-11-29T09:19:49.000,2143.2,8134,2143,43,0.0,0,0.0,0,0.0,0,0.0,0,2143.2,1,0.0,0,0.0,0,0.0,0,0.0,0
2012-11-29T09:19:49.500,2143,8136,2143,40,0.0,0,0.0,0,0.0,0,0.0,0,2143.2,15,0.0,0,0.0,0,0.0,0,0.0,0
2012-11-29T09:19:50.000,2143,8140,2143,39,0.0,0,0.0,0,0.0,0,0.0,0,2143.2,33,0.0,0,0.0,0,0.0,0,0.0,0
2012-11-29T09:19:50.500,2143.2,8147,2143,42,0.0,0,0.0,0,0.0,0,0.0,0,2143.2,29,0.0,0,0.0,0,0.0,0,0.0,0
2012-11-29T09:19:51.000,2143,8174,2143,15,0.0,0,0.0,0,0.0,0,0.0,0,2143.2,35,0.0,0,0.0,0,0.0,0,0.0,0
2012-11-29T09:19:51.500,2143.2,8202,2143,24,0.0,0,0.0,0,0.0,0,0.0,0,2143.2,11,0.0,0,0.0,0,0.0,0,0.0,0
2012-11-29T09:19:52.000,2143,8219,2143,9,0.0,0,0.0,0,0.0,0,0.0,0,2143.2,15,0.0,0,0.0,0,0.0,0,0.0,0
2012-11-29T09:19:52.500,2143,8222,2143,8,0.0,0,0.0,0,0.0,0,0.0,0,2143.2,16,0.0,0,0.0,0,0.0,0,0.0,0
2012-11-29T09:19:53.000,2143,8223,2143,8,0.0,0,0.0,0,0.0,0,0.0,0,2143.2,32,0.0,0,0.0,0,0.0,0,0.0,0
2012-11-29T09:19:53.500,2143,8231,2142.8,57,0.0,0,0.0,0,0.0,0,0.0,0,2143,19,0.0,0,0.0,0,0.0,0,0.0,0
2012-11-29T09:19:54.000,2142.8,8242,2142.8,57,0.0,0,0.0,0,0.0,0,0.0,0,2143,13,0.0,0,0.0,0,0.0,0,0.0,0
2012-11-29T09:19:54.500,2142.8,8251,2142.8,57,0.0,0,0.0,0,0.0,0,0.0,0,2143,5,0.0,0,0.0,0,0.0,0,0.0,0
2012-11-29T09:19:55.000,2142.8,8257,2142.8,56,0.0,0,0.0,0,0.0,0,0.0,0,2143,1,0.0,0,0.0,0,0.0,0,0.0,0
2012-11-29T09:19:55.500,2142.8,8262,2142.8,54,0.0,0,0.0,0,0.0,0,0.0,0,2143.2,37,0.0,0,0.0,0,0.0,0,0.0,0
2012-11-29T09:19:56.250,2143,8264,2143,2,0.0,0,0.0,0,0.0,0,0.0,0,2143.2,39,0.0,0,0.0,0,0.0,0,0.0,0
2012-11-29T09:19:57.000,2142.8,8267,2143,2,0.0,0,0.0,0,0.0,0,0.0,0,2143.2,46,0.0,0,0.0,0,0.0,0,0.0,0
2012-11-29T09:19:57.500,2143,8271,2143,4,0.0,0,0.0,0,0.0,0,0.0,0,2143.2,75,0.0,0,0.0,0,0.0,0,0.0,0
2012-11-29T09:19:58.000,2143,8275,2142.8,53,0.0,0,0.0,0,0.0,0,0.0,0,2143,26,0.0,0,0.0,0,0.0,0,0.0,0
2012-11-29T09:19:58.500,2143,8277,2142.8,52,0.0,0,0.0,0,0.0,0,0.0,0,2143,24,0.0,0,0.0,0,0.0,0,0.0,0
2012-11-29T09:19:59.000,2143,8292,2142.8,47,0.0,0,0.0,0,0.0,0,0.0,0,2143,21,0.0,0,0.0,0,0.0,0,0.0,0
2012-11-29T09:19:59.500,2142.8,8306,2142.8,42,0.0,0,0.0,0,0.0,0,0.0,0,2143,18,0.0,0,0.0,0,0.0,0,0.0,0
2012-11-29T09:20:00.000,2142.8,8349,2142.6,75,0.0,0,0.0,0,0.0,0,0.0,0,2142.8,2,0.0,0,0.0,0,0.0,0,0.0,0
2012-11-29T09:20:00.500,2142.8,8362,2142.6,69,0.0,0,0.0,0,0.0,0,0.0,0,2142.8,1,0.0,0,0.0,0,0.0,0,0.0,0
2012-11-29T09:20:01.000,2142.6,8391,2142.6,66,0.0,0,0.0,0,0.0,0,0.0,0,2143,15,0.0,0,0.0,0,0.0,0,0.0,0
2012-11-29T09:20:01.500,2143,8431,2142.8,3,0.0,0,0.0,0,0.0,0,0.0,0,2143,8,0.0,0,0.0,0,0.0,0,0.0,0
2012-11-29T09:20:02.000,2143.2,8492,2142.8,1,0.0,0,0.0,0,0.0,0,0.0,0,2143.2,65,0.0,0,0.0,0,0.0,0,0.0,0
2012-11-29T09:20:02.500,2143.2,8513,2142.8,12,0.0,0,0.0,0,0.0,0,0.0,0,2143,1,0.0,0,0.0,0,0.0,0,0.0,0
2012-11-29T09:20:03.000,2142.8,8516,2142.8,17,0.0,0,0.0,0,0.0,0,0.0,0,2143,2,0.0,0,0.0,0,0.0,0,0.0,0
2012-11-29T09:20:03.500,2142.8,8520,2142.8,22,0.0,0,0.0,0,0.0,0,0.0,0,2143,2,0.0,0,0.0,0,0.0,0,0.0,0
2012-11-29T09:20:04.000,2143.2,8523,2143,1,0.0,0,0.0,0,0.0,0,0.0,0,2143.2,68,0.0,0,0.0,0,0.0,0,0.0,0
2012-11-29T09:20:04.500,2142.8,8532,2142.8,26,0.0,0,0.0,0,0.0,0,0.0,0,2143,8,0.0,0,0.0,0,0.0,0,0.0,0
2012-11-29T09:20:05.000,2143.2,8545,2143,1,0.0,0,0.0,0,0.0,0,0.0,0,2143.2,62,0.0,0,0.0,0,0.0,0,0.0,0
2012-11-29T09:20:05.500,2143,8546,2143,2,0.0,0,0.0,0,0.0,0,0.0,0,2143.2,76,0.0,0,0.0,0,0.0,0,0.0,0
2012-11-29T09:20:06.000,2143.2,8551,2142.8,39,0.0,0,0.0,0,0.0,0,0.0,0,2143.2,62,0.0,0,0.0,0,0.0,0,0.0,0
2012-11-29T09:20:06.500,2142.8,8552,2142.8,33,0.0,0,0.0,0,0.0,0,0.0,0,2143,4,0.0,0,0.0,0,0.0,0,0.0,0
2012-11-29T09:20:07.000,2143,8556,2143,15,0.0,0,0.0,0,0.0,0,0.0,0,2143.2,64,0.0,0,0.0,0,0.0,0,0.0,0
2012-11-29T09:20:07.500,2143.2,8557,2143,15,0.0,0,0.0,0,0.0,0,0.0,0,2143.2,65,0.0,0,0.0,0,0.0,0,0.0,0
2012-11-29T09:20:08.000,2143,8562,2143,16,0.0,0,0.0,0,0.0,0,0.0,0,2143.2,68,0.0,0,0.0,0,0.0,0,0.0,0
2012-11-29T09:20:08.500,2143,8565,2143,13,0.0,0,0.0,0,0.0,0,0.0,0,2143.2,69,0.0,0,0.0,0,0.0,0,0.0,0
2012-11-29T09:20:09.000,2143.2,8578,2143,11,0.0,0,0.0,0,0.0,0,0.0,0,2143.2,59,0.0,0,0.0,0,0.0,0,0.0,0
2012-11-29T09:20:09.500,2143.2,8580,2143,19,0.0,0,0.0,0,0.0,0,0.0,0,2143.2,60,0.0,0,0.0,0,0.0,0,0.0,0
2012-11-29T09:20:10.000,2143,8603,2142.8,38,0.0,0,0.0,0,0.0,0,0.0,0,2143,1,0.0,0,0.0,0,0.0,0,0.0,0
2012-11-29T09:20:10.500,2143.2,8608,2142.8,39,0.0,0,0.0,0,0.0,0,0.0,0,2143.2,59,0.0,0,0.0,0,0.0,0,0.0,0
2012-11-29T09:20:11.000,2143.2,8610,2142.8,39,0.0,0,0.0,0,0.0,0,0.0,0,2143.2,56,0.0,0,0.0,0,0.0,0,0.0,0
2012-11-29T09:20:11.500,2143,8617,2142.8,37,0.0,0,0.0,0,0.0,0,0.0,0,2143,9,0.0,0,0.0,0,0.0,0,0.0,0
2012-11-29T09:20:12.000,2143,8619,2142.8,39,0.0,0,0.0,0,0.0,0,0.0,0,2143,10,0.0,0,0.0,0,0.0,0,0.0,0
2012-11-29T09:20:12.500,2143,8622,2142.8,39,0.0,0,0.0,0,0.0,0,0.0,0,2143,8,0.0,0,0.0,0,0.0,0,0.0,0
2012-11-29T09:20:13.000,2143,8631,2142.8,46,0.0,0,0.0,0,0.0,0,0.0,0,2143,1,0.0,0,0.0,0,0.0,0,0.0,0
2012-11-29T09:20:13.500,2143,8632,2143,4,0.0,0,0.0,0,0.0,0,0.0,0,2143.2,62,0.0,0,0.0,0,0.0,0,0.0,0
2012-11-29T09:20:14.000,2143,8634,2143,2,0.0,0,0.0,0,0.0,0,0.0,0,2143.2,62,0.0,0,0.0,0,0.0,0,0.0,0
2012-11-29T09:20:14.500,2142.8,8645,2142.8,42,0.0,0,0.0,0,0.0,0,0.0,0,2143,2,0.0,0,0.0,0,0.0,0,0.0,0
2012-11-29T09:20:15.000,2143,8647,2142.8,59,0.0,0,0.0,0,0.0,0,0.0,0,2143.2,64,0.0,0,0.0,0,0.0,0,0.0,0
2012-11-29T09:20:15.500,2143.2,8648,2142.8,60,0.0,0,0.0,0,0.0,0,0.0,0,2143.2,63,0.0,0,0.0,0,0.0,0,0.0,0
2012-11-29T09:20:16.000,2143.2,8661,2142.8,62,0.0,0,0.0,0,0.0,0,0.0,0,2143.2,54,0.0,0,0.0,0,0.0,0,0.0,0
2012-11-29T09:20:16.500,2143,8662,2143,10,0.0,0,0.0,0,0.0,0,0.0,0,2143.2,54,0.0,0,0.0,0,0.0,0,0.0,0
2012-11-29T09:20:17.000,2143,8665,2143,11,0.0,0,0.0,0,0.0,0,0.0,0,2143.2,53,0.0,0,0.0,0,0.0,0,0.0,0
2012-11-29T09:20:17.500,2143.2,8668,2143,18,0.0,0,0.0,0,0.0,0,0.0,0,2143.2,51,0.0,0,0.0,0,0.0,0,0.0,0
2012-11-29T09:20:18.000,2142.8,8689,2142.8,62,0.0,0,0.0,0,0.0,0,0.0,0,2143,1,0.0,0,0.0,0,0.0,0,0.0,0
2012-11-29T09:20:18.500,2143,8707,2142.8,47,0.0,0,0.0,0,0.0,0,0.0,0,2143.2,51,0.0,0,0.0,0,0.0,0,0.0,0
2012-11-29T09:20:19.000,2143.2,8708,2143,1,0.0,0,0.0,0,0.0,0,0.0,0,2143.2,50,0.0,0,0.0,0,0.0,0,0.0,0
2012-11-29T09:20:19.500,2143,8711,2142.8,48,0.0,0,0.0,0,0.0,0,0.0,0,2143,7,0.0,0,0.0,0,0.0,0,0.0,0
2012-11-29T09:20:20.000,2143,8720,2142.8,48,0.0,0,0.0,0,0.0,0,0.0,0,2143,35,0.0,0,0.0,0,0.0,0,0.0,0
2012-11-29T09:20:20.500,2143,8728,2142.8,44,0.0,0,0.0,0,0.0,0,0.0,0,2143,32,0.0,0,0.0,0,0.0,0,0.0,0
2012-11-29T09:20:21.000,2143,8740,2142.8,40,0.0,0,0.0,0,0.0,0,0.0,0,2143,27,0.0,0,0.0,0,0.0,0,0.0,0
2012-11-29T09:20:21.500,2143,8755,2142.8,41,0.0,0,0.0,0,0.0,0,0.0,0,2143,13,0.0,0,0.0,0,0.0,0,0.0,0
2012-11-29T09:20:22.250,2143,8766,2142.8,40,0.0,0,0.0,0,0.0,0,0.0,0,2143,3,0.0,0,0.0,0,0.0,0,0.0,0
2012-11-29T09:20:23.000,2143,8767,2142.8,45,0.0,0,0.0,0,0.0,0,0.0,0,2143,3,0.0,0,0.0,0,0.0,0,0.0,0
2012-11-29T09:20:23.500,2143,8770,2142.8,44,0.0,0,0.0,0,0.0,0,0.0,0,2143,2,0.0,0,0.0,0,0.0,0,0.0,0
2012-11-29T09:20:24.000,2143,8771,2142.8,44,0.0,0,0.0,0,0.0,0,0.0,0,2143,1,0.0,0,0.0,0,0.0,0,0.0,0
2012-11-29T09:20:24.500,2143,8772,2143,2,0.0,0,0.0,0,0.0,0,0.0,0,2143.2,56,0.0,0,0.0,0,0.0,0,0.0,0
2012-11-29T09:20:26.000,2143,8784,2143,1,0.0,0,0.0,0,0.0,0,0.0,0,2143.2,56,0.0,0,0.0,0,0.0,0,0.0,0
2012-11-29T09:20:26.500,2143,8787,2143,5,0.0,0,0.0,0,0.0,0,0.0,0,2143.2,56,0.0,0,0.0,0,0.0,0,0.0,0
2012-11-29T09:20:27.000,2143,8795,2142.8,44,0.0,0,0.0,0,0.0,0,0.0,0,2143,1,0.0,0,0.0,0,0.0,0,0.0,0
2012-11-29T09:20:27.500,2143,8798,2142.8,44,0.0,0,0.0,0,0.0,0,0.0,0,2143.2,51,0.0,0,0.0,0,0.0,0,0.0,0
2012-11-29T09:20:28.000,2143,8799,2142.8,47,0.0,0,0.0,0,0.0,0,0.0,0,2143,1,0.0,0,0.0,0,0.0,0,0.0,0
2012-11-29T09:20:28.500,2143.2,8802,2142.8,47,0.0,0,0.0,0,0.0,0,0.0,0,2143.2,50,0.0,0,0.0,0,0.0,0,0.0,0
2012-11-29T09:20:30.000,2143.2,8803,2143,5,0.0,0,0.0,0,0.0,0,0.0,0,2143.2,49,0.0,0,0.0,0,0.0,0,0.0,0
2012-11-29T09:20:30.500,2143,8808,2143,1,0.0,0,0.0,0,0.0,0,0.0,0,2143.2,52,0.0,0,0.0,0,0.0,0,0.0,0
2012-11-29T09:20:31.000,2143.2,8816,2143,1,0.0,0,0.0,0,0.0,0,0.0,0,2143.2,45,0.0,0,0.0,0,0.0,0,0.0,0
2012-11-29T09:20:31.500,2143.2,8822,2143,1,0.0,0,0.0,0,0.0,0,0.0,0,2143.2,40,0.0,0,0.0,0,0.0,0,0.0,0
2012-11-29T09:20:32.000,2143.2,8825,2143,2,0.0,0,0.0,0,0.0,0,0.0,0,2143.2,38,0.0,0,0.0,0,0.0,0,0.0,0
2012-11-29T09:20:32.500,2143,8827,2143,1,0.0,0,0.0,0,0.0,0,0.0,0,2143.2,38,0.0,0,0.0,0,0.0,0,0.0,0
2012-11-29T09:20:33.000,2143.2,8837,2142.8,63,0.0,0,0.0,0,0.0,0,0.0,0,2143.2,30,0.0,0,0.0,0,0.0,0,0.0,0
2012-11-29T09:20:33.500,2143.2,8842,2142.8,67,0.0,0,0.0,0,0.0,0,0.0,0,2143.2,25,0.0,0,0.0,0,0.0,0,0.0,0
2012-11-29T09:20:34.000,2143.2,8844,2143,44,0.0,0,0.0,0,0.0,0,0.0,0,2143.2,24,0.0,0,0.0,0,0.0,0,0.0,0
2012-11-29T09:20:34.500,2143,8845,2143,44,0.0,0,0.0,0,0.0,0,0.0,0,2143.2,24,0.0,0,0.0,0,0.0,0,0.0,0
2012-11-29T09:20:35.000,2143.2,8846,2143,44,0.0,0,0.0,0,0.0,0,0.0,0,2143.2,23,0.0,0,0.0,0,0.0,0,0.0,0
2012-11-29T09:20:35.500,2143.2,8857,2143,44,0.0,0,0.0,0,0.0,0,0.0,0,2143.2,12,0.0,0,0.0,0,0.0,0,0.0,0
2012-11-29T09:20:36.000,2143,8861,2143,62,0.0,0,0.0,0,0.0,0,0.0,0,2143.2,10,0.0,0,0.0,0,0.0,0,0.0,0
2012-11-29T09:20:36.500,2143.2,8863,2143,68,0.0,0,0.0,0,0.0,0,0.0,0,2143.2,9,0.0,0,0.0,0,0.0,0,0.0,0
2012-11-29T09:20:37.000,2143.2,8868,2143,68,0.0,0,0.0,0,0.0,0,0.0,0,2143.2,4,0.0,0,0.0,0,0.0,0,0.0,0
2012-11-29T09:20:37.500,2143,8882,2143.2,2,0.0,0,0.0,0,0.0,0,0.0,0,2143.4,85,0.0,0,0.0,0,0.0,0,0.0,0
2012-11-29T09:20:38.000,2143,8884,2143.2,4,0.0,0,0.0,0,0.0,0,0.0,0,2143.4,85,0.0,0,0.0,0,0.0,0,0.0,0
2012-11-29T09:20:38.500,2143.4,8885,2143.2,6,0.0,0,0.0,0,0.0,0,0.0,0,2143.4,83,0.0,0,0.0,0,0.0,0,0.0,0
2012-11-29T09:20:39.000,2143.4,8887,2143.2,8,0.0,0,0.0,0,0.0,0,0.0,0,2143.4,83,0.0,0,0.0,0,0.0,0,0.0,0
2012-11-29T09:20:39.500,2143.2,8893,2143.2,7,0.0,0,0.0,0,0.0,0,0.0,0,2143.4,81,0.0,0,0.0,0,0.0,0,0.0,0
2012-11-29T09:20:40.250,2143.2,8895,2143.2,7,0.0,0,0.0,0,0.0,0,0.0,0,2143.4,80,0.0,0,0.0,0,0.0,0,0.0,0
2012-11-29T09:20:41.000,2143.2,8897,2143.2,9,0.0,0,0.0,0,0.0,0,0.0,0,2143.4,82,0.0,0,0.0,0,0.0,0,0.0,0
2012-11-29T09:20:41.500,2143.2,8899,2143.2,9,0.0,0,0.0,0,0.0,0,0.0,0,2143.4,81,0.0,0,0.0,0,0.0,0,0.0,0
2012-11-29T09:20:42.000,2143.4,8900,2143.2,9,0.0,0,0.0,0,0.0,0,0.0,0,2143.4,81,0.0,0,0.0,0,0.0,0,0.0,0
2012-11-29T09:20:42.500,2143.2,8904,2143.2,9,0.0,0,0.0,0,0.0,0,0.0,0,2143.4,80,0.0,0,0.0,0,0.0,0,0.0,0
2012-11-29T09:20:43.000,2143.2,8909,2143.2,7,0.0,0,0.0,0,0.0,0,0.0,0,2143.4,79,0.0,0,0.0,0,0.0,0,0.0,0
2012-11-29T09:20:43.500,2143.2,8916,2143.2,1,0.0,0,0.0,0,0.0,0,0.0,0,2143.4,79,0.0,0,0.0,0,0.0,0,0.0,0
2012-11-29T09:20:44.000,2143.2,8917,2143.2,1,0.0,0,0.0,0,0.0,0,0.0,0,2143.4,79,0.0,0,0.0,0,0.0,0,0.0,0
2012-11-29T09:20:44.500,2143.4,8919,2143,113,0.0,0,0.0,0,0.0,0,0.0,0,2143.4,79,0.0,0,0.0,0,0.0,0,0.0,0
2012-11-29T09:20:45.000,2143.4,8921,2143.2,1,0.0,0,0.0,0,0.0,0,0.0,0,2143.4,78,0.0,0,0.0,0,0.0,0,0.0,0
2012-11-29T09:20:45.500,2143.4,8924,2143,113,0.0,0,0.0,0,0.0,0,0.0,0,2143.4,77,0.0,0,0.0,0,0.0,0,0.0,0
2012-11-29T09:20:46.250,2143,8925,2143,114,0.0,0,0.0,0,0.0,0,0.0,0,2143.4,77,0.0,0,0.0,0,0.0,0,0.0,0
2012-11-29T09:20:47.000,2143.2,8932,2143,112,0.0,0,0.0,0,0.0,0,0.0,0,2143.2,1,0.0,0,0.0,0,0.0,0,0.0,0
2012-11-29T09:20:47.500,2143.4,8936,2143.2,4,0.0,0,0.0,0,0.0,0,0.0,0,2143.4,76,0.0,0,0.0,0,0.0,0,0.0,0
2012-11-29T09:20:48.000,2143.4,8941,2143.2,4,0.0,0,0.0,0,0.0,0,0.0,0,2143.4,72,0.0,0,0.0,0,0.0,0,0.0,0
2012-11-29T09:20:48.500,2143.2,8945,2143.2,3,0.0,0,0.0,0,0.0,0,0.0,0,2143.4,79,0.0,0,0.0,0,0.0,0,0.0,0
2012-11-29T09:20:49.000,2143.4,8956,2143.2,4,0.0,0,0.0,0,0.0,0,0.0,0,2143.4,68,0.0,0,0.0,0,0.0,0,0.0,0
2012-11-29T09:20:49.500,2143.4,8983,2143.2,62,0.0,0,0.0,0,0.0,0,0.0,0,2143.4,47,0.0,0,0.0,0,0.0,0,0.0,0
2012-11-29T09:20:50.000,2143.4,8990,2143.2,68,0.0,0,0.0,0,0.0,0,0.0,0,2143.4,41,0.0,0,0.0,0,0.0,0,0.0,0
2012-11-29T09:20:50.500,2143.4,9034,2143.2,46,0.0,0,0.0,0,0.0,0,0.0,0,2143.4,19,0.0,0,0.0,0,0.0,0,0.0,0
2012-11-29T09:20:51.000,2143.6,9057,2143.4,1,0.0,0,0.0,0,0.0,0,0.0,0,2143.6,97,0.0,0,0.0,0,0.0,0,0.0,0
2012-11-29T09:20:51.500,2143.6,9062,2143.4,49,0.0,0,0.0,0,0.0,0,0.0,0,2143.6,93,0.0,0,0.0,0,0.0,0,0.0,0
2012-11-29T09:20:52.000,2143.4,9070,2143.4,50,0.0,0,0.0,0,0.0,0,0.0,0,2143.6,86,0.0,0,0.0,0,0.0,0,0.0,0
2012-11-29T09:20:52.500,2143.6,9079,2143.4,52,0.0,0,0.0,0,0.0,0,0.0,0,2143.6,76,0.0,0,0.0,0,0.0,0,0.0,0
2012-11-29T09:20:53.000,2143.6,9122,2143.4,53,0.0,0,0.0,0,0.0,0,0.0,0,2143.6,36,0.0,0,0.0,0,0.0,0,0.0,0
2012-11-29T09:20:53.500,2143.6,9148,2143.4,56,0.0,0,0.0,0,0.0,0,0.0,0,2143.6,10,0.0,0,0.0,0,0.0,0,0.0,0
2012-11-29T09:20:54.000,2143.6,9150,2143.4,58,0.0,0,0.0,0,0.0,0,0.0,0,2143.6,8,0.0,0,0.0,0,0.0,0,0.0,0
2012-11-29T09:20:54.500,2143.6,9159,2143.4,58,0.0,0,0.0,0,0.0,0,0.0,0,2143.6,2,0.0,0,0.0,0,0.0,0,0.0,0
2012-11-29T09:20:55.000,2143.6,9166,2143.4,58,0.0,0,0.0,0,0.0,0,0.0,0,2143.6,1,0.0,0,0.0,0,0.0,0,0.0,0
2012-11-29T09:20:55.500,2143.6,9174,2143.6,9,0.0,0,0.0,0,0.0,0,0.0,0,2143.8,99,0.0,0,0.0,0,0.0,0,0.0,0
2012-11-29T09:20:56.000,2143.8,9191,2143.4,58,0.0,0,0.0,0,0.0,0,0.0,0,2143.6,2,0.0,0,0.0,0,0.0,0,0.0,0
2012-11-29T09:20:56.500,2143.6,9204,2143.4,54,0.0,0,0.0,0,0.0,0,0.0,0,2143.6,17,0.0,0,0.0,0,0.0,0,0.0,0
2012-11-29T09:20:57.000,2143.6,9219,2143.4,21,0.0,0,0.0,0,0.0,0,0.0,0,2143.6,5,0.0,0,0.0,0,0.0,0,0.0,0
2012-11-29T09:20:57.500,2143.4,9233,2143.4,20,0.0,0,0.0,0,0.0,0,0.0,0,2143.8,105,0.0,0,0.0,0,0.0,0,0.0,0
2012-11-29T09:20:58.000,2143.6,9239,2143.4,22,0.0,0,0.0,0,0.0,0,0.0,0,2143.6,6,0.0,0,0.0,0,0.0,0,0.0,0
2012-11-29T09:20:58.500,2143.6,9244,2143.4,25,0.0,0,0.0,0,0.0,0,0.0,0,2143.6,26,0.0,0,0.0,0,0.0,0,0.0,0
2012-11-29T09:20:59.000,2143.4,9258,2143.4,24,0.0,0,0.0,0,0.0,0,0.0,0,2143.6,19,0.0,0,0.0,0,0.0,0,0.0,0
2012-11-29T09:20:59.500,2143.6,9262,2143.4,24,0.0,0,0.0,0,0.0,0,0.0,0,2143.6,26,0.0,0,0.0,0,0.0,0,0.0,0
2012-11-29T09:21:00.000,2143.6,9278,2143.4,20,0.0,0,0.0,0,0.0,0,0.0,0,2143.6,16,0.0,0,0.0,0,0.0,0,0.0,0
2012-11-29T09:21:00.500,2143.6,9312,2143.6,8,0.0,0,0.0,0,0.0,0,0.0,0,2143.8,91,0.0,0,0.0,0,0.0,0,0.0,0
2012-11-29T09:21:01.000,2143.8,9323,2143.6,2,0.0,0,0.0,0,0.0,0,0.0,0,2143.8,89,0.0,0,0.0,0,0.0,0,0.0,0
2012-11-29T09:21:01.500,2143.6,9330,2143.6,17,0.0,0,0.0,0,0.0,0,0.0,0,2143.8,86,0.0,0,0.0,0,0.0,0,0.0,0
2012-11-29T09:21:02.000,2143.6,9335,2143.6,16,0.0,0,0.0,0,0.0,0,0.0,0,2143.8,77,0.0,0,0.0,0,0.0,0,0.0,0
2012-11-29T09:21:02.500,2143.8,9352,2143.6,21,0.0,0,0.0,0,0.0,0,0.0,0,2143.8,66,0.0,0,0.0,0,0.0,0,0.0,0
2012-11-29T09:21:03.000,2143.6,9370,2143.6,13,0.0,0,0.0,0,0.0,0,0.0,0,2143.8,59,0.0,0,0.0,0,0.0,0,0.0,0
2012-11-29T09:21:03.500,2143.8,9377,2143.6,12,0.0,0,0.0,0,0.0,0,0.0,0,2143.8,58,0.0,0,0.0,0,0.0,0,0.0,0
2012-11-29T09:21:04.000,2143.6,9378,2143.6,5,0.0,0,0.0,0,0.0,0,0.0,0,2143.8,58,0.0,0,0.0,0,0.0,0,0.0,0
2012-11-29T09:21:04.500,2143.6,9388,2143.4,29,0.0,0,0.0,0,0.0,0,0.0,0,2143.6,4,0.0,0,0.0,0,0.0,0,0.0,0
2012-11-29T09:21:05.000,2143.6,9395,2143.6,1,0.0,0,0.0,0,0.0,0,0.0,0,2143.8,56,0.0,0,0.0,0,0.0,0,0.0,0
2012-11-29T09:21:05.500,2143.6,9404,2143.6,2,0.0,0,0.0,0,0.0,0,0.0,0,2143.8,49,0.0,0,0.0,0,0.0,0,0.0,0
2012-11-29T09:21:06.000,2143.6,9409,2143.6,7,0.0,0,0.0,0,0.0,0,0.0,0,2143.8,48,0.0,0,0.0,0,0.0,0,0.0,0
2012-11-29T09:21:06.500,2143.6,9423,2143.6,4,0.0,0,0.0,0,0.0,0,0.0,0,2143.8,56,0.0,0,0.0,0,0.0,0,0.0,0
2012-11-29T09:21:07.250,2143.6,9436,2143.6,13,0.0,0,0.0,0,0.0,0,0.0,0,2143.8,56,0.0,0,0.0,0,0.0,0,0.0,0
2012-11-29T09:21:08.000,2143.8,9443,2143.6,10,0.0,0,0.0,0,0.0,0,0.0,0,2143.8,57,0.0,0,0.0,0,0.0,0,0.0,0
2012-11-29T09:21:08.500,2143.8,9445,2143.6,10,0.0,0,0.0,0,0.0,0,0.0,0,2143.8,61,0.0,0,0.0,0,0.0,0,0.0,0
2012-11-29T09:21:09.000,2143.8,9466,2143.6,6,0.0,0,0.0,0,0.0,0,0.0,0,2143.8,46,0.0,0,0.0,0,0.0,0,0.0,0
2012-11-29T09:21:09.500,2143.6,9468,2143.6,6,0.0,0,0.0,0,0.0,0,0.0,0,2143.8,47,0.0,0,0.0,0,0.0,0,0.0,0
2012-11-29T09:21:10.000,2143.8,9487,2143.4,27,0.0,0,0.0,0,0.0,0,0.0,0,2143.6,1,0.0,0,0.0,0,0.0,0,0.0,0
2012-11-29T09:21:10.500,2143.6,9502,2143.4,18,0.0,0,0.0,0,0.0,0,0.0,0,2143.6,6,0.0,0,0.0,0,0.0,0,0.0,0
2012-11-29T09:21:11.250,2143.6,9518,2143.4,18,0.0,0,0.0,0,0.0,0,0.0,0,2143.6,7,0.0,0,0.0,0,0.0,0,0.0,0
2012-11-29T09:21:12.000,2143.4,9526,2143.4,12,0.0,0,0.0,0,0.0,0,0.0,0,2143.6,21,0.0,0,0.0,0,0.0,0,0.0,0
2012-11-29T09:21:12.500,2143.4,9529,2143.4,10,0.0,0,0.0,0,0.0,0,0.0,0,2143.6,21,0.0,0,0.0,0,0.0,0,0.0,0
2012-11-29T09:21:13.000,2143.6,9540,2143.4,1,0.0,0,0.0,0,0.0,0,0.0,0,2143.6,22,0.0,0,0.0,0,0.0,0,0.0,0
2012-11-29T09:21:13.500,2143.6,9584,2143.6,14,0.0,0,0.0,0,0.0,0,0.0,0,2143.8,61,0.0,0,0.0,0,0.0,0,0.0,0
2012-11-29T09:21:14.000,2143.6,9599,2143.2,62,0.0,0,0.0,0,0.0,0,0.0,0,2143.6,1,0.0,0,0.0,0,0.0,0,0.0,0
2012-11-29T09:21:14.500,2143.4,9602,2143.4,5,0.0,0,0.0,0,0.0,0,0.0,0,2143.6,2,0.0,0,0.0,0,0.0,0,0.0,0
2012-11-29T09:21:15.000,2143.6,9608,2143.4,16,0.0,0,0.0,0,0.0,0,0.0,0,2143.6,2,0.0,0,0.0,0,0.0,0,0.0,0
2012-11-29T09:21:15.500,2143.4,9613,2143.4,23,0.0,0,0.0,0,0.0,0,0.0,0,2143.6,8,0.0,0,0.0,0,0.0,0,0.0,0
2012-11-29T09:21:16.000,2143.8,9626,2143.6,2,0.0,0,0.0,0,0.0,0,0.0,0,2143.8,80,0.0,0,0.0,0,0.0,0,0.0,0
2012-11-29T09:21:16.500,2143.4,9659,2143.2,61,0.0,0,0.0,0,0.0,0,0.0,0,2143.4,6,0.0,0,0.0,0,0.0,0,0.0,0
2012-11-29T09:21:17.000,2143.4,9660,2143.2,60,0.0,0,0.0,0,0.0,0,0.0,0,2143.4,7,0.0,0,0.0,0,0.0,0,0.0,0
2012-11-29T09:21:17.500,2143.2,9661,2143.2,59,0.0,0,0.0,0,0.0,0,0.0,0,2143.4,5,0.0,0,0.0,0,0.0,0,0.0,0
2012-11-29T09:21:18.000,2143.4,9671,2143.2,75,0.0,0,0.0,0,0.0,0,0.0,0,2143.4,2,0.0,0,0.0,0,0.0,0,0.0,0
2012-11-29T09:21:18.500,2143.4,9673,2143.2,78,0.0,0,0.0,0,0.0,0,0.0,0,2143.6,21,0.0,0,0.0,0,0.0,0,0.0,0
2012-11-29T09:21:19.000,2143.4,9675,2143.2,78,0.0,0,0.0,0,0.0,0,0.0,0,2143.6,26,0.0,0,0.0,0,0.0,0,0.0,0
2012-11-29T09:21:19.500,2143.2,9676,2143.4,1,0.0,0,0.0,0,0.0,0,0.0,0,2143.6,38,0.0,0,0.0,0,0.0,0,0.0,0
2012-11-29T09:21:20.000,2143.4,9678,2143.2,78,0.0,0,0.0,0,0.0,0,0.0,0,2143.6,41,0.0,0,0.0,0,0.0,0,0.0,0
2012-11-29T09:21:20.500,2143.6,9683,2143.4,1,0.0,0,0.0,0,0.0,0,0.0,0,2143.6,43,0.0,0,0.0,0,0.0,0,0.0,0
2012-11-29T09:21:21.000,2143.2,9697,2143.2,74,0.0,0,0.0,0,0.0,0,0.0,0,2143.4,2,0.0,0,0.0,0,0.0,0,0.0,0
2012-11-29T09:21:21.500,2143.2,9708,2143.2,75,0.0,0,0.0,0,0.0,0,0.0,0,2143.6,26,0.0,0,0.0,0,0.0,0,0.0,0
2012-11-29T09:21:22.250,2143.4,9710,2143.2,72,0.0,0,0.0,0,0.0,0,0.0,0,2143.6,34,0.0,0,0.0,0,0.0,0,0.0,0
2012-11-29T09:21:23.000,2143.6,9711,2143.4,3,0.0,0,0.0,0,0.0,0,0.0,0,2143.6,38,0.0,0,0.0,0,0.0,0,0.0,0
2012-11-29T09:21:23.500,2143.4,9716,2143.2,76,0.0,0,0.0,0,0.0,0,0.0,0,2143.6,35,0.0,0,0.0,0,0.0,0,0.0,0
2012-11-29T09:21:24.250,2143.4,9718,2143.2,77,0.0,0,0.0,0,0.0,0,0.0,0,2143.6,42,0.0,0,0.0,0,0.0,0,0.0,0
2012-11-29T09:21:25.000,2143.2,9721,2143.2,75,0.0,0,0.0,0,0.0,0,0.0,0,2143.6,47,0.0,0,0.0,0,0.0,0,0.0,0
2012-11-29T09:21:25.500,2143.2,9728,2143.2,76,0.0,0,0.0,0,0.0,0,0.0,0,2143.4,1,0.0,0,0.0,0,0.0,0,0.0,0
2012-11-29T09:21:26.000,2143.2,9730,2143.2,77,0.0,0,0.0,0,0.0,0,0.0,0,2143.4,1,0.0,0,0.0,0,0.0,0,0.0,0
2012-11-29T09:21:26.500,2143.4,9732,2143.2,76,0.0,0,0.0,0,0.0,0,0.0,0,2143.6,46,0.0,0,0.0,0,0.0,0,0.0,0
2012-11-29T09:21:27.000,2143.2,9735,2143.2,78,0.0,0,0.0,0,0.0,0,0.0,0,2143.4,2,0.0,0,0.0,0,0.0,0,0.0,0
2012-11-29T09:21:27.500,2143.4,9738,2143.2,78,0.0,0,0.0,0,0.0,0,0.0,0,2143.4,2,0.0,0,0.0,0,0.0,0,0.0,0
2012-11-29T09:21:28.000,2143.2,9752,2143.2,68,0.0,0,0.0,0,0.0,0,0.0,0,2143.4,1,0.0,0,0.0,0,0.0,0,0.0,0
2012-11-29T09:21:28.500,2143.6,9795,2143.2,64,0.0,0,0.0,0,0.0,0,0.0,0,2143.6,13,0.0,0,0.0,0,0.0,0,0.0,0
2012-11-29T09:21:29.000,2143.2,9799,2143.2,62,0.0,0,0.0,0,0.0,0,0.0,0,2143.6,15,0.0,0,0.0,0,0.0,0,0.0,0
2012-11-29T09:21:29.500,2143.2,9802,2143.4,1,0.0,0,0.0,0,0.0,0,0.0,0,2143.6,16,0.0,0,0.0,0,0.0,0,0.0,0
2012-11-29T09:21:30.000,2143.4,9826,2143.2,37,0.0,0,0.0,0,0.0,0,0.0,0,2143.6,15,0.0,0,0.0,0,0.0,0,0.0,0
2012-11-29T09:21:30.500,2143.6,9828,2143.2,38,0.0,0,0.0,0,0.0,0,0.0,0,2143.6,15,0.0,0,0.0,0,0.0,0,0.0,0
2012-11-29T09:21:31.250,2143.2,9837,2143.2,35,0.0,0,0.0,0,0.0,0,0.0,0,2143.4,1,0.0,0,0.0,0,0.0,0,0.0,0
2012-11-29T09:21:32.000,2143.4,9848,2143.4,3,0.0,0,0.0,0,0.0,0,0.0,0,2143.6,18,0.0,0,0.0,0,0.0,0,0.0,0
2012-11-29T09:21:32.500,2143.6,9856,2143.4,3,0.0,0,0.0,0,0.0,0,0.0,0,2143.6,20,0.0,0,0.0,0,0.0,0,0.0,0
2012-11-29T09:21:33.000,2143.4,9859,2143.4,6,0.0,0,0.0,0,0.0,0,0.0,0,2143.6,21,0.0,0,0.0,0,0.0,0,0.0,0
2012-11-29T09:21:33.500,2143.4,9868,2143.4,5,0.0,0,0.0,0,0.0,0,0.0,0,2143.6,34,0.0,0,0.0,0,0.0,0,0.0,0
2012-11-29T09:21:34.000,2143.4,9873,2143.2,33,0.0,0,0.0,0,0.0,0,0.0,0,2143.6,34,0.0,0,0.0,0,0.0,0,0.0,0
2012-11-29T09:21:34.500,2143.4,9874,2143.2,34,0.0,0,0.0,0,0.0,0,0.0,0,2143.6,37,0.0,0,0.0,0,0.0,0,0.0,0
2012-11-29T09:21:36.000,2143.2,9875,2143.2,34,0.0,0,0.0,0,0.0,0,0.0,0,2143.4,12,0.0,0,0.0,0,0.0,0,0.0,0
2012-11-29T09:21:36.500,2143.4,9877,2143.2,36,0.0,0,0.0,0,0.0,0,0.0,0,2143.4,15,0.0,0,0.0,0,0.0,0,0.0,0
2012-11-29T09:21:37.250,2143.2,9887,2143.2,26,0.0,0,0.0,0,0.0,0,0.0,0,2143.4,17,0.0,0,0.0,0,0.0,0,0.0,0
2012-11-29T09:21:38.000,2143.4,9904,2143.4,19,0.0,0,0.0,0,0.0,0,0.0,0,2143.6,52,0.0,0,0.0,0,0.0,0,0.0,0
2012-11-29T09:21:38.500,2143.4,9907,2143.4,16,0.0,0,0.0,0,0.0,0,0.0,0,2143.6,52,0.0,0,0.0,0,0.0,0,0.0,0
2012-11-29T09:21:39.250,2143.4,9908,2143.4,15,0.0,0,0.0,0,0.0,0,0.0,0,2143.6,51,0.0,0,0.0,0,0.0,0,0.0,0
2012-11-29T09:21:40.000,2143.4,9911,2143.4,12,0.0,0,0.0,0,0.0,0,0.0,0,2143.6,61,0.0,0,0.0,0,0.0,0,0.0,0
2012-11-29T09:21:40.500,2143.4,9919,2143.4,10,0.0,0,0.0,0,0.0,0,0.0,0,2143.6,57,0.0,0,0.0,0,0.0,0,0.0,0
2012-11-29T09:21:41.000,2143.4,9922,2143.4,7,0.0,0,0.0,0,0.0,0,0.0,0,2143.6,57,0.0,0,0.0,0,0.0,0,0.0,0
2012-11-29T09:21:41.500,2143.4,9924,2143.4,5,0.0,0,0.0,0,0.0,0,0.0,0,2143.6,57,0.0,0,0.0,0,0.0,0,0.0,0
2012-11-29T09:21:42.000,2143.4,9927,2143.4,3,0.0,0,0.0,0,0.0,0,0.0,0,2143.6,59,0.0,0,0.0,0,0.0,0,0.0,0
2012-11-29T09:21:42.500,2143.2,9931,2143.2,49,0.0,0,0.0,0,0.0,0,0.0,0,2143.4,6,0.0,0,0.0,0,0.0,0,0.0,0
2012-11-29T09:21:43.000,2143.4,9933,2143.2,51,0.0,0,0.0,0,0.0,0,0.0,0,2143.4,5,0.0,0,0.0,0,0.0,0,0.0,0
2012-11-29T09:21:43.500,2143.2,9941,2143.2,48,0.0,0,0.0,0,0.0,0,0.0,0,2143.4,3,0.0,0,0.0,0,0.0,0,0.0,0
2012-11-29T09:21:44.250,2143.4,9945,2143.2,51,0.0,0,0.0,0,0.0,0,0.0,0,2143.4,2,0.0,0,0.0,0,0.0,0,0.0,0
2012-11-29T09:21:45.250,2143.4,9947,2143.2,59,0.0,0,0.0,0,0.0,0,0.0,0,2143.4,3,0.0,0,0.0,0,0.0,0,0.0,0
2012-11-29T09:21:46.250,2143.2,9948,2143.2,58,0.0,0,0.0,0,0.0,0,0.0,0,2143.4,4,0.0,0,0.0,0,0.0,0,0.0,0
2012-11-29T09:21:48.000,2143.4,9955,2143.2,80,0.0,0,0.0,0,0.0,0,0.0,0,2143.4,1,0.0,0,0.0,0,0.0,0,0.0,0
2012-11-29T09:21:48.500,2143.4,9958,2143.4,1,0.0,0,0.0,0,0.0,0,0.0,0,2143.6,86,0.0,0,0.0,0,0.0,0,0.0,0
2012-11-29T09:21:49.000,2143.4,9961,2143.4,16,0.0,0,0.0,0,0.0,0,0.0,0,2143.6,87,0.0,0,0.0,0,0.0,0,0.0,0
2012-11-29T09:21:49.500,2143.6,9973,2143.4,25,0.0,0,0.0,0,0.0,0,0.0,0,2143.6,85,0.0,0,0.0,0,0.0,0,0.0,0
2012-11-29T09:21:50.000,2143.4,9974,2143.4,25,0.0,0,0.0,0,0.0,0,0.0,0,2143.6,85,0.0,0,0.0,0,0.0,0,0.0,0
2012-11-29T09:21:50.500,2143.4,9975,2143.4,24,0.0,0,0.0,0,0.0,0,0.0,0,2143.6,88,0.0,0,0.0,0,0.0,0,0.0,0
2012-11-29T09:21:51.250,2143.4,9983,2143.4,12,0.0,0,0.0,0,0.0,0,0.0,0,2143.6,90,0.0,0,0.0,0,0.0,0,0.0,0
2012-11-29T09:21:52.000,2143.4,9985,2143.4,12,0.0,0,0.0,0,0.0,0,0.0,0,2143.6,90,0.0,0,0.0,0,0.0,0,0.0,0
2012-11-29T09:21:52.500,2143.4,10023,2143.4,7,0.0,0,0.0,0,0.0,0,0.0,0,2143.6,59,0.0,0,0.0,0,0.0,0,0.0,0
2012-11-29T09:21:53.000,2143.4,10025,2143.4,5,0.0,0,0.0,0,0.0,0,0.0,0,2143.6,59,0.0,0,0.0,0,0.0,0,0.0,0
2012-11-29T09:21:53.500,2143.6,10034,2143.4,10,0.0,0,0.0,0,0.0,0,0.0,0,2143.6,50,0.0,0,0.0,0,0.0,0,0.0,0
2012-11-29T09:21:54.000,2143.4,10035,2143.4,12,0.0,0,0.0,0,0.0,0,0.0,0,2143.6,51,0.0,0,0.0,0,0.0,0,0.0,0
2012-11-29T09:21:54.500,2143.6,10039,2143.4,13,0.0,0,0.0,0,0.0,0,0.0,0,2143.6,47,0.0,0,0.0,0,0.0,0,0.0,0
2012-11-29T09:21:55.000,2143.4,10042,2143.4,13,0.0,0,0.0,0,0.0,0,0.0,0,2143.6,46,0.0,0,0.0,0,0.0,0,0.0,0
2012-11-29T09:21:55.500,2143.6,10044,2143.4,15,0.0,0,0.0,0,0.0,0,0.0,0,2143.6,46,0.0,0,0.0,0,0.0,0,0.0,0
2012-11-29T09:21:56.000,2143.4,10046,2143.4,16,0.0,0,0.0,0,0.0,0,0.0,0,2143.6,46,0.0,0,0.0,0,0.0,0,0.0,0
2012-11-29T09:21:56.500,2143.4,10048,2143.4,15,0.0,0,0.0,0,0.0,0,0.0,0,2143.6,42,0.0,0,0.0,0,0.0,0,0.0,0
2012-11-29T09:21:57.000,2143.6,10050,2143.4,14,0.0,0,0.0,0,0.0,0,0.0,0,2143.6,41,0.0,0,0.0,0,0.0,0,0.0,0
2012-11-29T09:21:57.500,2143.6,10053,2143.4,12,0.0,0,0.0,0,0.0,0,0.0,0,2143.6,41,0.0,0,0.0,0,0.0,0,0.0,0
2012-11-29T09:21:58.250,2143.6,10054,2143.4,15,0.0,0,0.0,0,0.0,0,0.0,0,2143.6,44,0.0,0,0.0,0,0.0,0,0.0,0
2012-11-29T09:21:59.000,2143.6,10061,2143.4,14,0.0,0,0.0,0,0.0,0,0.0,0,2143.6,39,0.0,0,0.0,0,0.0,0,0.0,0
2012-11-29T09:21:59.500,2143.4,10063,2143.4,16,0.0,0,0.0,0,0.0,0,0.0,0,2143.6,39,0.0,0,0.0,0,0.0,0,0.0,0
2012-11-29T09:22:00.000,2143.6,10065,2143.4,22,0.0,0,0.0,0,0.0,0,0.0,0,2143.6,39,0.0,0,0.0,0,0.0,0,0.0,0
2012-11-29T09:22:00.500,2143.6,10067,2143.4,27,0.0,0,0.0,0,0.0,0,0.0,0,2143.6,40,0.0,0,0.0,0,0.0,0,0.0,0
2012-11-29T09:22:01.000,2143.4,10076,2143.4,20,0.0,0,0.0,0,0.0,0,0.0,0,2143.6,39,0.0,0,0.0,0,0.0,0,0.0,0
2012-11-29T09:22:01.500,2143.2,10107,2143.2,102,0.0,0,0.0,0,0.0,0,0.0,0,2143.4,1,0.0,0,0.0,0,0.0,0,0.0,0
2012-11-29T09:22:02.000,2143.6,10138,2143.2,102,0.0,0,0.0,0,0.0,0,0.0,0,2143.4,1,0.0,0,0.0,0,0.0,0,0.0,0
2012-11-29T09:22:02.500,2143.4,10141,2143.2,106,0.0,0,0.0,0,0.0,0,0.0,0,2143.4,2,0.0,0,0.0,0,0.0,0,0.0,0
2012-11-29T09:22:03.000,2143.2,10169,2143.2,81,0.0,0,0.0,0,0.0,0,0.0,0,2143.4,1,0.0,0,0.0,0,0.0,0,0.0,0
2012-11-29T09:22:03.500,2143.4,10172,2143.2,80,0.0,0,0.0,0,0.0,0,0.0,0,2143.4,5,0.0,0,0.0,0,0.0,0,0.0,0
2012-11-29T09:22:04.250,2143.2,10173,2143.2,79,0.0,0,0.0,0,0.0,0,0.0,0,2143.4,12,0.0,0,0.0,0,0.0,0,0.0,0
2012-11-29T09:22:05.000,2143.2,10208,2143.2,69,0.0,0,0.0,0,0.0,0,0.0,0,2143.6,26,0.0,0,0.0,0,0.0,0,0.0,0
2012-11-29T09:22:05.500,2143.2,10210,2143.2,67,0.0,0,0.0,0,0.0,0,0.0,0,2143.4,1,0.0,0,0.0,0,0.0,0,0.0,0
2012-11-29T09:22:06.250,2143.2,10213,2143.2,64,0.0,0,0.0,0,0.0,0,0.0,0,2143.4,8,0.0,0,0.0,0,0.0,0,0.0,0
2012-11-29T09:22:07.000,2143.4,10218,2143.2,62,0.0,0,0.0,0,0.0,0,0.0,0,2143.4,16,0.0,0,0.0,0,0.0,0,0.0,0
2012-11-29T09:22:07.500,2143.4,10221,2143.2,61,0.0,0,0.0,0,0.0,0,0.0,0,2143.4,16,0.0,0,0.0,0,0.0,0,0.0,0
2012-11-29T09:22:08.000,2143.4,10225,2143.2,59,0.0,0,0.0,0,0.0,0,0.0,0,2143.4,18,0.0,0,0.0,0,0.0,0,0.0,0
2012-11-29T09:22:08.500,2143.4,10243,2143.2,52,0.0,0,0.0,0,0.0,0,0.0,0,2143.4,8,0.0,0,0.0,0,0.0,0,0.0,0
2012-11-29T09:22:09.000,2143.2,10244,2143.2,51,0.0,0,0.0,0,0.0,0,0.0,0,2143.4,8,0.0,0,0.0,0,0.0,0,0.0,0
2012-11-29T09:22:09.500,2143.2,10246,2143.2,53,0.0,0,0.0,0,0.0,0,0.0,0,2143.4,9,0.0,0,0.0,0,0.0,0,0.0,0
2012-11-29T09:22:10.000,2143.2,10249,2143.2,55,0.0,0,0.0,0,0.0,0,0.0,0,2143.4,10,0.0,0,0.0,0,0.0,0,0.0,0
2012-11-29T09:22:10.500,2143.4,10263,2143.4,23,0.0,0,0.0,0,0.0,0,0.0,0,2143.6,74,0.0,0,0.0,0,0.0,0,0.0,0
2012-11-29T09:22:11.000,2143.4,10271,2143.4,20,0.0,0,0.0,0,0.0,0,0.0,0,2143.6,74,0.0,0,0.0,0,0.0,0,0.0,0
2012-11-29T09:22:11.500,2143.4,10275,2143.4,16,0.0,0,0.0,0,0.0,0,0.0,0,2143.6,80,0.0,0,0.0,0,0.0,0,0.0,0
2012-11-29T09:22:12.000,2143.4,10277,2143.4,14,0.0,0,0.0,0,0.0,0,0.0,0,2143.6,81,0.0,0,0.0,0,0.0,0,0.0,0
2012-11-29T09:22:12.500,2143.4,10278,2143.4,13,0.0,0,0.0,0,0.0,0,0.0,0,2143.6,81,0.0,0,0.0,0,0.0,0,0.0,0
2012-11-29T09:22:13.250,2143.6,10285,2143.4,12,0.0,0,0.0,0,0.0,0,0.0,0,2143.6,75,0.0,0,0.0,0,0.0,0,0.0,0
2012-11-29T09:22:14.000,2143.4,10291,2143.4,9,0.0,0,0.0,0,0.0,0,0.0,0,2143.6,75,0.0,0,0.0,0,0.0,0,0.0,0
2012-11-29T09:22:14.500,2143.6,10299,2143.4,3,0.0,0,0.0,0,0.0,0,0.0,0,2143.6,73,0.0,0,0.0,0,0.0,0,0.0,0
2012-11-29T09:22:15.250,2143.6,10301,2143.4,2,0.0,0,0.0,0,0.0,0,0.0,0,2143.6,73,0.0,0,0.0,0,0.0,0,0.0,0
2012-11-29T09:22:16.250,2143.6,10304,2143.4,2,0.0,0,0.0,0,0.0,0,0.0,0,2143.6,71,0.0,0,0.0,0,0.0,0,0.0,0
2012-11-29T09:22:17.000,2143.4,10315,2143.2,59,0.0,0,0.0,0,0.0,0,0.0,0,2143.6,69,0.0,0,0.0,0,0.0,0,0.0,0
2012-11-29T09:22:17.500,2143.4,10316,2143.2,68,0.0,0,0.0,0,0.0,0,0.0,0,2143.6,70,0.0,0,0.0,0,0.0,0,0.0,0
2012-11-29T09:22:18.250,2143.6,10320,2143.2,69,0.0,0,0.0,0,0.0,0,0.0,0,2143.4,1,0.0,0,0.0,0,0.0,0,0.0,0
2012-11-29T09:22:19.250,2143.6,10323,2143.2,68,0.0,0,0.0,0,0.0,0,0.0,0,2143.6,71,0.0,0,0.0,0,0.0,0,0.0,0
2012-11-29T09:22:21.000,2143.4,10333,2143.4,24,0.0,0,0.0,0,0.0,0,0.0,0,2143.6,71,0.0,0,0.0,0,0.0,0,0.0,0
2012-11-29T09:22:21.500,2143.6,10334,2143.4,24,0.0,0,0.0,0,0.0,0,0.0,0,2143.6,70,0.0,0,0.0,0,0.0,0,0.0,0
2012-11-29T09:22:22.000,2143.6,10336,2143.4,23,0.0,0,0.0,0,0.0,0,0.0,0,2143.6,68,0.0,0,0.0,0,0.0,0,0.0,0
2012-11-29T09:22:22.500,2143.6,10339,2143.4,27,0.0,0,0.0,0,0.0,0,0.0,0,2143.6,66,0.0,0,0.0,0,0.0,0,0.0,0
2012-11-29T09:22:23.000,2143.6,10342,2143.4,26,0.0,0,0.0,0,0.0,0,0.0,0,2143.6,64,0.0,0,0.0,0,0.0,0,0.0,0
2012-11-29T09:22:23.500,2143.4,10366,2143.4,4,0.0,0,0.0,0,0.0,0,0.0,0,2143.6,63,0.0,0,0.0,0,0.0,0,0.0,0
2012-11-29T09:22:24.250,2143.4,10371,2143.2,85,0.0,0,0.0,0,0.0,0,0.0,0,2143.4,26,0.0,0,0.0,0,0.0,0,0.0,0
2012-11-29T09:22:25.250,2143.4,10372,2143.2,87,0.0,0,0.0,0,0.0,0,0.0,0,2143.4,35,0.0,0,0.0,0,0.0,0,0.0,0
2012-11-29T09:22:26.000,2143.4,10374,2143.2,86,0.0,0,0.0,0,0.0,0,0.0,0,2143.4,34,0.0,0,0.0,0,0.0,0,0.0,0
2012-11-29T09:22:26.500,2143.4,10377,2143.2,88,0.0,0,0.0,0,0.0,0,0.0,0,2143.4,31,0.0,0,0.0,0,0.0,0,0.0,0
2012-11-29T09:22:27.250,2143.2,10379,2143.2,88,0.0,0,0.0,0,0.0,0,0.0,0,2143.4,37,0.0,0,0.0,0,0.0,0,0.0,0
2012-11-29T09:22:28.000,2143.2,10381,2143.2,89,0.0,0,0.0,0,0.0,0,0.0,0,2143.4,36,0.0,0,0.0,0,0.0,0,0.0,0
2012-11-29T09:22:28.500,2143.2,10387,2143.2,85,0.0,0,0.0,0,0.0,0,0.0,0,2143.4,36,0.0,0,0.0,0,0.0,0,0.0,0
2012-11-29T09:22:29.000,2143.2,10390,2143.2,82,0.0,0,0.0,0,0.0,0,0.0,0,2143.4,36,0.0,0,0.0,0,0.0,0,0.0,0
2012-11-29T09:22:29.500,2143.2,10391,2143.2,81,0.0,0,0.0,0,0.0,0,0.0,0,2143.4,36,0.0,0,0.0,0,0.0,0,0.0,0
2012-11-29T09:22:30.000,2143.4,10404,2143.2,80,0.0,0,0.0,0,0.0,0,0.0,0,2143.4,25,0.0,0,0.0,0,0.0,0,0.0,0
2012-11-29T09:22:30.500,2143.2,10412,2143.2,80,0.0,0,0.0,0,0.0,0,0.0,0,2143.4,21,0.0,0,0.0,0,0.0,0,0.0,0
2012-11-29T09:22:31.000,2143.2,10426,2143.2,68,0.0,0,0.0,0,0.0,0,0.0,0,2143.4,19,0.0,0,0.0,0,0.0,0,0.0,0
2012-11-29T09:22:31.500,2143.4,10431,2143.2,63,0.0,0,0.0,0,0.0,0,0.0,0,2143.4,16,0.0,0,0.0,0,0.0,0,0.0,0
2012-11-29T09:22:32.000,2143.2,10434,2143.2,59,0.0,0,0.0,0,0.0,0,0.0,0,2143.4,15,0.0,0,0.0,0,0.0,0,0.0,0
2012-11-29T09:22:32.500,2143.2,10435,2143.2,58,0.0,0,0.0,0,0.0,0,0.0,0,2143.4,15,0.0,0,0.0,0,0.0,0,0.0,0
2012-11-29T09:22:33.000,2143.2,10436,2143.2,57,0.0,0,0.0,0,0.0,0,0.0,0,2143.4,16,0.0,0,0.0,0,0.0,0,0.0,0
2012-11-29T09:22:33.500,2143.2,10438,2143.2,59,0.0,0,0.0,0,0.0,0,0.0,0,2143.4,15,0.0,0,0.0,0,0.0,0,0.0,0
2012-11-29T09:22:34.250,2143.2,10442,2143.2,52,0.0,0,0.0,0,0.0,0,0.0,0,2143.4,15,0.0,0,0.0,0,0.0,0,0.0,0
2012-11-29T09:22:35.000,2143.2,10449,2143.2,45,0.0,0,0.0,0,0.0,0,0.0,0,2143.4,16,0.0,0,0.0,0,0.0,0,0.0,0
2012-11-29T09:22:35.500,2143.2,10452,2143.2,42,0.0,0,0.0,0,0.0,0,0.0,0,2143.4,16,0.0,0,0.0,0,0.0,0,0.0,0
2012-11-29T09:22:37.000,2143.4,10471,2143.4,9,0.0,0,0.0,0,0.0,0,0.0,0,2143.6,85,0.0,0,0.0,0,0.0,0,0.0,0
2012-11-29T09:22:37.500,2143.4,10472,2143.4,8,0.0,0,0.0,0,0.0,0,0.0,0,2143.6,85,0.0,0,0.0,0,0.0,0,0.0,0
2012-11-29T09:22:38.000,2143.6,10480,2143.4,1,0.0,0,0.0,0,0.0,0,0.0,0,2143.6,84,0.0,0,0.0,0,0.0,0,0.0,0
2012-11-29T09:22:38.500,2143.4,10482,2143.4,4,0.0,0,0.0,0,0.0,0,0.0,0,2143.6,84,0.0,0,0.0,0,0.0,0,0.0,0
2012-11-29T09:22:39.000,2143.4,10483,2143.4,3,0.0,0,0.0,0,0.0,0,0.0,0,2143.6,84,0.0,0,0.0,0,0.0,0,0.0,0
2012-11-29T09:22:39.500,2143.6,10485,2143.4,2,0.0,0,0.0,0,0.0,0,0.0,0,2143.6,85,0.0,0,0.0,0,0.0,0,0.0,0
2012-11-29T09:22:40.250,2143.4,10487,2143.2,39,0.0,0,0.0,0,0.0,0,0.0,0,2143.4,4,0.0,0,0.0,0,0.0,0,0.0,0
2012-11-29T09:22:41.000,2143.4,10489,2143.2,41,0.0,0,0.0,0,0.0,0,0.0,0,2143.4,4,0.0,0,0.0,0,0.0,0,0.0,0
2012-11-29T09:22:41.500,2143.2,10497,2143.2,34,0.0,0,0.0,0,0.0,0,0.0,0,2143.4,7,0.0,0,0.0,0,0.0,0,0.0,0
2012-11-29T09:22:42.250,2143.4,10498,2143.2,36,0.0,0,0.0,0,0.0,0,0.0,0,2143.4,8,0.0,0,0.0,0,0.0,0,0.0,0
2012-11-29T09:22:43.000,2143.4,10499,2143.2,39,0.0,0,0.0,0,0.0,0,0.0,0,2143.4,22,0.0,0,0.0,0,0.0,0,0.0,0
2012-11-29T09:22:43.500,2143.2,10500,2143.2,39,0.0,0,0.0,0,0.0,0,0.0,0,2143.4,23,0.0,0,0.0,0,0.0,0,0.0,0
2012-11-29T09:22:45.000,2143.2,10501,2143.2,55,0.0,0,0.0,0,0.0,0,0.0,0,2143.4,25,0.0,0,0.0,0,0.0,0,0.0,0
2012-11-29T09:22:45.500,2143.2,10515,2143.2,44,0.0,0,0.0,0,0.0,0,0.0,0,2143.4,22,0.0,0,0.0,0,0.0,0,0.0,0
2012-11-29T09:22:46.000,2143.4,10558,2143.4,57,0.0,0,0.0,0,0.0,0,0.0,0,2143.6,94,0.0,0,0.0,0,0.0,0,0.0,0
2012-11-29T09:22:46.500,2143.4,10559,2143.4,59,0.0,0,0.0,0,0.0,0,0.0,0,2143.6,96,0.0,0,0.0,0,0.0,0,0.0,0
2012-11-29T09:22:47.250,2143.6,10564,2143.4,58,0.0,0,0.0,0,0.0,0,0.0,0,2143.6,98,0.0,0,0.0,0,0.0,0,0.0,0
2012-11-29T09:22:48.250,2143.4,10574,2143.4,56,0.0,0,0.0,0,0.0,0,0.0,0,2143.6,101,0.0,0,0.0,0,0.0,0,0.0,0
2012-11-29T09:22:49.250,2143.4,10577,2143.4,56,0.0,0,0.0,0,0.0,0,0.0,0,2143.6,100,0.0,0,0.0,0,0.0,0,0.0,0
2012-11-29T09:22:50.000,2143.4,10580,2143.4,58,0.0,0,0.0,0,0.0,0,0.0,0,2143.6,99,0.0,0,0.0,0,0.0,0,0.0,0
2012-11-29T09:22:50.500,2143.4,10582,2143.4,57,0.0,0,0.0,0,0.0,0,0.0,0,2143.6,101,0.0,0,0.0,0,0.0,0,0.0,0
2012-11-29T09:22:52.000,2143.6,10584,2143.4,57,0.0,0,0.0,0,0.0,0,0.0,0,2143.6,105,0.0,0,0.0,0,0.0,0,0.0,0
2012-11-29T09:22:52.500,2143.6,10588,2143.4,56,0.0,0,0.0,0,0.0,0,0.0,0,2143.6,102,0.0,0,0.0,0,0.0,0,0.0,0
2012-11-29T09:22:53.000,2143.6,10589,2143.4,56,0.0,0,0.0,0,0.0,0,0.0,0,2143.6,101,0.0,0,0.0,0,0.0,0,0.0,0
2012-11-29T09:22:53.500,2143.4,10591,2143.4,61,0.0,0,0.0,0,0.0,0,0.0,0,2143.6,120,0.0,0,0.0,0,0.0,0,0.0,0
2012-11-29T09:22:54.000,2143.6,10592,2143.4,61,0.0,0,0.0,0,0.0,0,0.0,0,2143.6,121,0.0,0,0.0,0,0.0,0,0.0,0
2012-11-29T09:22:54.500,2143.4,10593,2143.4,59,0.0,0,0.0,0,0.0,0,0.0,0,2143.6,121,0.0,0,0.0,0,0.0,0,0.0,0
2012-11-29T09:22:55.000,2143.6,10599,2143.4,57,0.0,0,0.0,0,0.0,0,0.0,0,2143.6,118,0.0,0,0.0,0,0.0,0,0.0,0
2012-11-29T09:22:55.500,2143.4,10600,2143.4,57,0.0,0,0.0,0,0.0,0,0.0,0,2143.6,116,0.0,0,0.0,0,0.0,0,0.0,0
2012-11-29T09:22:56.000,2143.4,10603,2143.4,55,0.0,0,0.0,0,0.0,0,0.0,0,2143.6,115,0.0,0,0.0,0,0.0,0,0.0,0
2012-11-29T09:22:56.500,2143.6,10604,2143.4,56,0.0,0,0.0,0,0.0,0,0.0,0,2143.6,114,0.0,0,0.0,0,0.0,0,0.0,0
2012-11-29T09:22:57.000,2143.6,10605,2143.4,56,0.0,0,0.0,0,0.0,0,0.0,0,2143.6,113,0.0,0,0.0,0,0.0,0,0.0,0
2012-11-29T09:22:57.500,2143.6,10607,2143.4,55,0.0,0,0.0,0,0.0,0,0.0,0,2143.6,113,0.0,0,0.0,0,0.0,0,0.0,0
2012-11-29T09:22:58.000,2143.6,10612,2143.4,54,0.0,0,0.0,0,0.0,0,0.0,0,2143.6,111,0.0,0,0.0,0,0.0,0,0.0,0
2012-11-29T09:22:58.500,2143.4,10617,2143.4,53,0.0,0,0.0,0,0.0,0,0.0,0,2143.6,111,0.0,0,0.0,0,0.0,0,0.0,0
2012-11-29T09:22:59.000,2143.6,10618,2143.4,53,0.0,0,0.0,0,0.0,0,0.0,0,2143.6,110,0.0,0,0.0,0,0.0,0,0.0,0
2012-11-29T09:22:59.500,2143.4,10620,2143.4,53,0.0,0,0.0,0,0.0,0,0.0,0,2143.6,110,0.0,0,0.0,0,0.0,0,0.0,0
2012-11-29T09:23:00.000,2143.6,10621,2143.4,54,0.0,0,0.0,0,0.0,0,0.0,0,2143.6,110,0.0,0,0.0,0,0.0,0,0.0,0
2012-11-29T09:23:00.500,2143.4,10654,2143.4,22,0.0,0,0.0,0,0.0,0,0.0,0,2143.6,110,0.0,0,0.0,0,0.0,0,0.0,0
2012-11-29T09:23:01.000,2143.6,10656,2143.4,21,0.0,0,0.0,0,0.0,0,0.0,0,2143.6,109,0.0,0,0.0,0,0.0,0,0.0,0
2012-11-29T09:23:01.500,2143.4,10662,2143.4,16,0.0,0,0.0,0,0.0,0,0.0,0,2143.6,110,0.0,0,0.0,0,0.0,0,0.0,0
2012-11-29T09:23:02.000,2143.2,10679,2143.2,88,0.0,0,0.0,0,0.0,0,0.0,0,2143.4,15,0.0,0,0.0,0,0.0,0,0.0,0
2012-11-29T09:23:02.500,2143.2,10680,2143.2,87,0.0,0,0.0,0,0.0,0,0.0,0,2143.4,20,0.0,0,0.0,0,0.0,0,0.0,0
2012-11-29T09:23:03.000,2143.4,10682,2143.2,88,0.0,0,0.0,0,0.0,0,0.0,0,2143.4,19,0.0,0,0.0,0,0.0,0,0.0,0
2012-11-29T09:23:03.500,2143.2,10695,2143.2,86,0.0,0,0.0,0,0.0,0,0.0,0,2143.4,14,0.0,0,0.0,0,0.0,0,0.0,0
2012-11-29T09:23:04.000,2143.4,10696,2143.2,87,0.0,0,0.0,0,0.0,0,0.0,0,2143.4,10,0.0,0,0.0,0,0.0,0,0.0,0
2012-11-29T09:23:04.500,2143.2,10707,2143.2,87,0.0,0,0.0,0,0.0,0,0.0,0,2143.4,1,0.0,0,0.0,0,0.0,0,0.0,0
2012-11-29T09:23:05.000,2143.2,10709,2143.2,85,0.0,0,0.0,0,0.0,0,0.0,0,2143.4,6,0.0,0,0.0,0,0.0,0,0.0,0
2012-11-29T09:23:05.500,2143.4,10719,2143.4,3,0.0,0,0.0,0,0.0,0,0.0,0,2143.6,115,0.0,0,0.0,0,0.0,0,0.0,0
2012-11-29T09:23:06.000,2143.2,10726,2143.2,78,0.0,0,0.0,0,0.0,0,0.0,0,2143.4,1,0.0,0,0.0,0,0.0,0,0.0,0
2012-11-29T09:23:06.500,2143.2,10727,2143.2,77,0.0,0,0.0,0,0.0,0,0.0,0,2143.4,1,0.0,0,0.0,0,0.0,0,0.0,0
2012-11-29T09:23:07.250,2143.2,10729,2143.2,75,0.0,0,0.0,0,0.0,0,0.0,0,2143.4,15,0.0,0,0.0,0,0.0,0,0.0,0
2012-11-29T09:23:08.000,2143.4,10730,2143.2,75,0.0,0,0.0,0,0.0,0,0.0,0,2143.4,15,0.0,0,0.0,0,0.0,0,0.0,0
2012-11-29T09:23:08.500,2143.4,10738,2143.2,72,0.0,0,0.0,0,0.0,0,0.0,0,2143.4,11,0.0,0,0.0,0,0.0,0,0.0,0
2012-11-29T09:23:09.000,2143.4,10743,2143.2,70,0.0,0,0.0,0,0.0,0,0.0,0,2143.4,11,0.0,0,0.0,0,0.0,0,0.0,0
2012-11-29T09:23:09.500,2143.2,10745,2143.2,69,0.0,0,0.0,0,0.0,0,0.0,0,2143.4,17,0.0,0,0.0,0,0.0,0,0.0,0
2012-11-29T09:23:10.000,2143.2,10747,2143.2,68,0.0,0,0.0,0,0.0,0,0.0,0,2143.4,16,0.0,0,0.0,0,0.0,0,0.0,0
2012-11-29T09:23:10.500,2143.4,10759,2143.2,68,0.0,0,0.0,0,0.0,0,0.0,0,2143.4,6,0.0,0,0.0,0,0.0,0,0.0,0
2012-11-29T09:23:11.250,2143.4,10760,2143.2,68,0.0,0,0.0,0,0.0,0,0.0,0,2143.4,7,0.0,0,0.0,0,0.0,0,0.0,0
2012-11-29T09:23:12.000,2143.4,10762,2143.2,68,0.0,0,0.0,0,0.0,0,0.0,0,2143.4,11,0.0,0,0.0,0,0.0,0,0.0,0
2012-11-29T09:23:12.500,2143.4,10765,2143.2,66,0.0,0,0.0,0,0.0,0,0.0,0,2143.4,12,0.0,0,0.0,0,0.0,0,0.0,0
2012-11-29T09:23:13.000,2143.2,10787,2143.4,2,0.0,0,0.0,0,0.0,0,0.0,0,2143.6,125,0.0,0,0.0,0,0.0,0,0.0,0
2012-11-29T09:23:13.500,2143.2,10792,2143.2,66,0.0,0,0.0,0,0.0,0,0.0,0,2143.6,125,0.0,0,0.0,0,0.0,0,0.0,0
2012-11-29T09:23:14.250,2143.2,10793,2143.2,68,0.0,0,0.0,0,0.0,0,0.0,0,2143.4,3,0.0,0,0.0,0,0.0,0,0.0,0
2012-11-29T09:23:15.250,2143.2,10805,2143.2,58,0.0,0,0.0,0,0.0,0,0.0,0,2143.4,4,0.0,0,0.0,0,0.0,0,0.0,0
2012-11-29T09:23:16.000,2143.2,10807,2143.2,56,0.0,0,0.0,0,0.0,0,0.0,0,2143.4,6,0.0,0,0.0,0,0.0,0,0.0,0
2012-11-29T09:23:16.500,2143.2,10808,2143.2,65,0.0,0,0.0,0,0.0,0,0.0,0,2143.4,6,0.0,0,0.0,0,0.0,0,0.0,0
2012-11-29T09:23:17.000,2143.2,10812,2143.2,70,0.0,0,0.0,0,0.0,0,0.0,0,2143.4,4,0.0,0,0.0,0,0.0,0,0.0,0
2012-11-29T09:23:17.500,2143.4,10815,2143.2,68,0.0,0,0.0,0,0.0,0,0.0,0,2143.4,6,0.0,0,0.0,0,0.0,0,0.0,0
2012-11-29T09:23:18.000,2143.4,10828,2143.4,42,0.0,0,0.0,0,0.0,0,0.0,0,2143.6,125,0.0,0,0.0,0,0.0,0,0.0,0
2012-11-29T09:23:18.500,2143.4,10831,2143.4,39,0.0,0,0.0,0,0.0,0,0.0,0,2143.6,124,0.0,0,0.0,0,0.0,0,0.0,0
2012-11-29T09:23:19.000,2143.4,10833,2143.4,40,0.0,0,0.0,0,0.0,0,0.0,0,2143.6,125,0.0,0,0.0,0,0.0,0,0.0,0
2012-11-29T09:23:19.500,2143.4,10834,2143.4,40,0.0,0,0.0,0,0.0,0,0.0,0,2143.6,125,0.0,0,0.0,0,0.0,0,0.0,0
2012-11-29T09:23:20.250,2143.4,10836,2143.4,39,0.0,0,0.0,0,0.0,0,0.0,0,2143.6,122,0.0,0,0.0,0,0.0,0,0.0,0
2012-11-29T09:23:21.000,2143.4,10861,2143.4,39,0.0,0,0.0,0,0.0,0,0.0,0,2143.6,100,0.0,0,0.0,0,0.0,0,0.0,0
2012-11-29T09:23:21.500,2143.4,10864,2143.4,36,0.0,0,0.0,0,0.0,0,0.0,0,2143.6,102,0.0,0,0.0,0,0.0,0,0.0,0
2012-11-29T09:23:22.000,2143.6,10917,2143.4,41,0.0,0,0.0,0,0.0,0,0.0,0,2143.6,49,0.0,0,0.0,0,0.0,0,0.0,0
2012-11-29T09:23:22.500,2143.6,10940,2143.4,38,0.0,0,0.0,0,0.0,0,0.0,0,2143.6,29,0.0,0,0.0,0,0.0,0,0.0,0
2012-11-29T09:23:23.000,2143.6,10971,2143.6,27,0.0,0,0.0,0,0.0,0,0.0,0,2143.8,110,0.0,0,0.0,0,0.0,0,0.0,0
2012-11-29T09:23:23.500,2143.6,10976,2143.6,31,0.0,0,0.0,0,0.0,0,0.0,0,2143.8,108,0.0,0,0.0,0,0.0,0,0.0,0
2012-11-29T09:23:24.000,2143.6,10980,2143.6,28,0.0,0,0.0,0,0.0,0,0.0,0,2143.8,101,0.0,0,0.0,0,0.0,0,0.0,0
2012-11-29T09:23:24.500,2143.8,10996,2143.6,26,0.0,0,0.0,0,0.0,0,0.0,0,2143.8,89,0.0,0,0.0,0,0.0,0,0.0,0
2012-11-29T09:23:25.000,2143.8,10998,2143.6,28,0.0,0,0.0,0,0.0,0,0.0,0,2143.8,88,0.0,0,0.0,0,0.0,0,0.0,0
2012-11-29T09:23:25.500,2143.8,11003,2143.6,28,0.0,0,0.0,0,0.0,0,0.0,0,2143.8,84,0.0,0,0.0,0,0.0,0,0.0,0
2012-11-29T09:23:26.000,2143.8,11007,2143.6,27,0.0,0,0.0,0,0.0,0,0.0,0,2143.8,82,0.0,0,0.0,0,0.0,0,0.0,0
2012-11-29T09:23:26.500,2143.6,11030,2143.6,26,0.0,0,0.0,0,0.0,0,0.0,0,2143.8,60,0.0,0,0.0,0,0.0,0,0.0,0
2012-11-29T09:23:27.000,2143.8,11032,2143.6,32,0.0,0,0.0,0,0.0,0,0.0,0,2143.8,57,0.0,0,0.0,0,0.0,0,0.0,0
2012-11-29T09:23:27.500,2143.6,11034,2143.6,30,0.0,0,0.0,0,0.0,0,0.0,0,2143.8,57,0.0,0,0.0,0,0.0,0,0.0,0
2012-11-29T09:23:28.250,2143.6,11038,2143.6,31,0.0,0,0.0,0,0.0,0,0.0,0,2143.8,51,0.0,0,0.0,0,0.0,0,0.0,0
2012-11-29T09:23:29.250,2143.8,11041,2143.6,41,0.0,0,0.0,0,0.0,0,0.0,0,2143.8,52,0.0,0,0.0,0,0.0,0,0.0,0
2012-11-29T09:23:30.000,2143.8,11042,2143.6,41,0.0,0,0.0,0,0.0,0,0.0,0,2143.8,51,0.0,0,0.0,0,0.0,0,0.0,0
2012-11-29T09:23:30.500,2143.6,11075,2143.6,42,0.0,0,0.0,0,0.0,0,0.0,0,2143.8,19,0.0,0,0.0,0,0.0,0,0.0,0
2012-11-29T09:23:31.000,2143.8,11088,2143.6,51,0.0,0,0.0,0,0.0,0,0.0,0,2143.8,7,0.0,0,0.0,0,0.0,0,0.0,0
2012-11-29T09:23:31.500,2143.8,11096,2143.8,14,0.0,0,0.0,0,0.0,0,0.0,0,2144,79,0.0,0,0.0,0,0.0,0,0.0,0
2012-11-29T09:23:32.000,2144,11102,2143.8,35,0.0,0,0.0,0,0.0,0,0.0,0,2144,75,0.0,0,0.0,0,0.0,0,0.0,0
2012-11-29T09:23:32.500,2144,11112,2143.8,35,0.0,0,0.0,0,0.0,0,0.0,0,2144,69,0.0,0,0.0,0,0.0,0,0.0,0
2012-11-29T09:23:33.000,2144,11128,2143.8,32,0.0,0,0.0,0,0.0,0,0.0,0,2144,56,0.0,0,0.0,0,0.0,0,0.0,0
2012-11-29T09:23:33.500,2143.8,11135,2143.8,31,0.0,0,0.0,0,0.0,0,0.0,0,2144,60,0.0,0,0.0,0,0.0,0,0.0,0
2012-11-29T09:23:34.000,2144,11143,2143.8,32,0.0,0,0.0,0,0.0,0,0.0,0,2144,82,0.0,0,0.0,0,0.0,0,0.0,0
2012-11-29T09:23:34.500,2144,11156,2143.8,32,0.0,0,0.0,0,0.0,0,0.0,0,2144,80,0.0,0,0.0,0,0.0,0,0.0,0
2012-11-29T09:23:35.000,2144,11167,2143.8,28,0.0,0,0.0,0,0.0,0,0.0,0,2144,74,0.0,0,0.0,0,0.0,0,0.0,0
2012-11-29T09:23:35.500,2143.8,11175,2143.8,30,0.0,0,0.0,0,0.0,0,0.0,0,2144,70,0.0,0,0.0,0,0.0,0,0.0,0
2012-11-29T09:23:36.000,2144,11207,2143.8,31,0.0,0,0.0,0,0.0,0,0.0,0,2144,39,0.0,0,0.0,0,0.0,0,0.0,0
2012-11-29T09:23:36.500,2143.8,11221,2143.8,24,0.0,0,0.0,0,0.0,0,0.0,0,2144,32,0.0,0,0.0,0,0.0,0,0.0,0
2012-11-29T09:23:37.000,2143.8,11226,2143.8,23,0.0,0,0.0,0,0.0,0,0.0,0,2144,27,0.0,0,0.0,0,0.0,0,0.0,0
2012-11-29T09:23:37.500,2144,11234,2143.8,22,0.0,0,0.0,0,0.0,0,0.0,0,2144,30,0.0,0,0.0,0,0.0,0,0.0,0
2012-11-29T09:23:38.000,2144,11236,2143.8,24,0.0,0,0.0,0,0.0,0,0.0,0,2144,42,0.0,0,0.0,0,0.0,0,0.0,0
2012-11-29T09:23:38.500,2143.8,11283,2143.8,18,0.0,0,0.0,0,0.0,0,0.0,0,2144,6,0.0,0,0.0,0,0.0,0,0.0,0
2012-11-29T09:23:39.000,2144,11296,2144,3,0.0,0,0.0,0,0.0,0,0.0,0,2144.2,36,0.0,0,0.0,0,0.0,0,0.0,0
2012-11-29T09:23:39.500,2144,11300,2143.8,14,0.0,0,0.0,0,0.0,0,0.0,0,2144.2,37,0.0,0,0.0,0,0.0,0,0.0,0
2012-11-29T09:23:40.000,2144,11301,2144,5,0.0,0,0.0,0,0.0,0,0.0,0,2144.2,42,0.0,0,0.0,0,0.0,0,0.0,0
2012-11-29T09:23:40.500,2144,11317,2143.8,25,0.0,0,0.0,0,0.0,0,0.0,0,2144,10,0.0,0,0.0,0,0.0,0,0.0,0
2012-11-29T09:23:41.000,2143.8,11339,2143.8,25,0.0,0,0.0,0,0.0,0,0.0,0,2144,3,0.0,0,0.0,0,0.0,0,0.0,0
2012-11-29T09:23:41.500,2144,11345,2143.8,27,0.0,0,0.0,0,0.0,0,0.0,0,2144,4,0.0,0,0.0,0,0.0,0,0.0,0
2012-11-29T09:23:42.000,2144,11348,2143.8,28,0.0,0,0.0,0,0.0,0,0.0,0,2144,33,0.0,0,0.0,0,0.0,0,0.0,0
2012-11-29T09:23:42.500,2144,11355,2143.8,29,0.0,0,0.0,0,0.0,0,0.0,0,2144,27,0.0,0,0.0,0,0.0,0,0.0,0
2012-11-29T09:23:43.000,2144,11369,2143.8,37,0.0,0,0.0,0,0.0,0,0.0,0,2144,19,0.0,0,0.0,0,0.0,0,0.0,0
2012-11-29T09:23:43.500,2144,11382,2143.8,37,0.0,0,0.0,0,0.0,0,0.0,0,2144,9,0.0,0,0.0,0,0.0,0,0.0,0
2012-11-29T09:23:44.000,2143.8,11401,2143.8,40,0.0,0,0.0,0,0.0,0,0.0,0,2144.2,38,0.0,0,0.0,0,0.0,0,0.0,0
2012-11-29T09:23:44.500,2144,11404,2144,14,0.0,0,0.0,0,0.0,0,0.0,0,2144.2,38,0.0,0,0.0,0,0.0,0,0.0,0
2012-11-29T09:23:45.000,2144.2,11406,2144,15,0.0,0,0.0,0,0.0,0,0.0,0,2144.2,36,0.0,0,0.0,0,0.0,0,0.0,0
2012-11-29T09:23:45.500,2144,11419,2144,7,0.0,0,0.0,0,0.0,0,0.0,0,2144.2,31,0.0,0,0.0,0,0.0,0,0.0,0
2012-11-29T09:23:46.000,2144.2,11423,2144,9,0.0,0,0.0,0,0.0,0,0.0,0,2144.2,31,0.0,0,0.0,0,0.0,0,0.0,0
2012-11-29T09:23:46.500,2144,11440,2143.8,72,0.0,0,0.0,0,0.0,0,0.0,0,2144,13,0.0,0,0.0,0,0.0,0,0.0,0
2012-11-29T09:23:47.000,2144,11452,2143.8,72,0.0,0,0.0,0,0.0,0,0.0,0,2144,10,0.0,0,0.0,0,0.0,0,0.0,0
2012-11-29T09:23:47.500,2144,11465,2143.8,69,0.0,0,0.0,0,0.0,0,0.0,0,2144.2,37,0.0,0,0.0,0,0.0,0,0.0,0
2012-11-29T09:23:48.000,2144,11470,2143.8,73,0.0,0,0.0,0,0.0,0,0.0,0,2144.2,37,0.0,0,0.0,0,0.0,0,0.0,0
2012-11-29T09:23:48.500,2144.2,11482,2144,4,0.0,0,0.0,0,0.0,0,0.0,0,2144.2,25,0.0,0,0.0,0,0.0,0,0.0,0
2012-11-29T09:23:49.000,2144,11492,2143.8,72,0.0,0,0.0,0,0.0,0,0.0,0,2144,16,0.0,0,0.0,0,0.0,0,0.0,0
2012-11-29T09:23:49.500,2144,11505,2143.8,71,0.0,0,0.0,0,0.0,0,0.0,0,2144,3,0.0,0,0.0,0,0.0,0,0.0,0
2012-11-29T09:23:50.000,2144,11511,2143.8,70,0.0,0,0.0,0,0.0,0,0.0,0,2144,4,0.0,0,0.0,0,0.0,0,0.0,0
2012-11-29T09:23:50.500,2144.2,11516,2144,2,0.0,0,0.0,0,0.0,0,0.0,0,2144.2,33,0.0,0,0.0,0,0.0,0,0.0,0
