date_time,last_px,total_volume,bid1_px,bid1_qty,bid2_px,bid2_qty,bid3_px,bid3_qty,bid4_px,bid4_qty,bid5_px,bid5_qty,ask1_px,ask1_qty,ask2_px,ask2_qty,ask3_px,ask3_qty,ask4_px,ask4_qty,ask5_px,ask5_qty
2012-11-26T09:14:00.250,2197.2,240,2197,22,0.0,0,0.0,0,0.0,0,0.0,0,2197.4,5,0.0,0,0.0,0,0.0,0,0.0,0
2012-11-26T09:15:00.250,2197,448,2196.2,31,0.0,0,0.0,0,0.0,0,0.0,0,2197,8,0.0,0,0.0,0,0.0,0,0.0,0
2012-11-26T09:15:01.000,2196.2,659,2195.2,25,0.0,0,0.0,0,0.0,0,0.0,0,2196.4,2,0.0,0,0.0,0,0.0,0,0.0,0
2012-11-26T09:15:01.500,2195.6,783,2195.6,11,0.0,0,0.0,0,0.0,0,0.0,0,2196,4,0.0,0,0.0,0,0.0,0,0.0,0
2012-11-26T09:15:02.000,2195.2,833,2195,39,0.0,0,0.0,0,0.0,0,0.0,0,2195.2,24,0.0,0,0.0,0,0.0,0,0.0,0
2012-11-26T09:15:02.500,2195.2,995,2195.2,12,0.0,0,0.0,0,0.0,0,0.0,0,2196.4,2,0.0,0,0.0,0,0.0,0,0.0,0
2012-11-26T09:15:03.000,2195.6,1061,2195.6,27,0.0,0,0.0,0,0.0,0,0.0,0,2196.6,1,0.0,0,0.0,0,0.0,0,0.0,0
2012-11-26T09:15:03.500,2195.8,1138,2196,1,0.0,0,0.0,0,0.0,0,0.0,0,2196.4,12,0.0,0,0.0,0,0.0,0,0.0,0
2012-11-26T09:15:04.000,2196.2,1196,2196.6,2,0.0,0,0.0,0,0.0,0,0.0,0,2196.8,54,0.0,0,0.0,0,0.0,0,0.0,0
2012-11-26T09:15:04.500,2196.4,1229,2196.4,43,0.0,0,0.0,0,0.0,0,0.0,0,2196.6,43,0.0,0,0.0,0,0.0,0,0.0,0
2012-11-26T09:15:05.000,2196,1292,2196,7,0.0,0,0.0,0,0.0,0,0.0,0,2196.4,3,0.0,0,0.0,0,0.0,0,0.0,0
2012-11-26T09:15:05.500,2196.4,1367,2195.6,3,0.0,0,0.0,0,0.0,0,0.0,0,2196.2,2,0.0,0,0.0,0,0.0,0,0.0,0
2012-11-26T09:15:06.000,2195.6,1409,2195.6,1,0.0,0,0.0,0,0.0,0,0.0,0,2196,65,0.0,0,0.0,0,0.0,0,0.0,0
2012-11-26T09:15:06.500,2195.6,1436,2195.2,16,0.0,0,0.0,0,0.0,0,0.0,0,2195.8,43,0.0,0,0.0,0,0.0,0,0.0,0
2012-11-26T09:15:07.000,2195.4,1454,2195.2,22,0.0,0,0.0,0,0.0,0,0.0,0,2195.4,34,0.0,0,0.0,0,0.0,0,0.0,0
2012-11-26T09:15:07.500,2195.2,1511,2195,38,0.0,0,0.0,0,0.0,0,0.0,0,2195.2,37,0.0,0,0.0,0,0.0,0,0.0,0
2012-11-26T09:15:08.000,2195.2,1574,2195,7,0.0,0,0.0,0,0.0,0,0.0,0,2195.2,13,0.0,0,0.0,0,0.0,0,0.0,0
2012-11-26T09:15:08.500,2195.2,1636,2195.2,71,0.0,0,0.0,0,0.0,0,0.0,0,2195.4,5,0.0,0,0.0,0,0.0,0,0.0,0
2012-11-26T09:15:09.000,2195.4,1671,2195.4,76,0.0,0,0.0,0,0.0,0,0.0,0,2195.6,33,0.0,0,0.0,0,0.0,0,0.0,0
2012-11-26T09:15:09.500,2195.6,1787,2195.6,60,0.0,0,0.0,0,0.0,0,0.0,0,2196,82,0.0,0,0.0,0,0.0,0,0.0,0
2012-11-26T09:15:10.000,2196,1829,2195.8,28,0.0,0,0.0,0,0.0,0,0.0,0,2196,47,0.0,0,0.0,0,0.0,0,0.0,0
2012-11-26T09:15:10.500,2196,1888,2195.6,36,0.0,0,0.0,0,0.0,0,0.0,0,2196,43,0.0,0,0.0,0,0.0,0,0.0,0
2012-11-26T09:15:11.000,2195.6,1948,2195.6,23,0.0,0,0.0,0,0.0,0,0.0,0,2195.8,5,0.0,0,0.0,0,0.0,0,0.0,0
2012-11-26T09:15:11.500,2195.6,1963,2195.6,15,0.0,0,0.0,0,0.0,0,0.0,0,2195.8,6,0.0,0,0.0,0,0.0,0,0.0,0
2012-11-26T09:15:12.000,2196.2,2041,2196.2,5,0.0,0,0.0,0,0.0,0,0.0,0,2196.4,17,0.0,0,0.0,0,0.0,0,0.0,0
2012-11-26T09:15:12.500,2196,2081,2196,2,0.0,0,0.0,0,0.0,0,0.0,0,2196.2,10,0.0,0,0.0,0,0.0,0,0.0,0
2012-11-26T09:15:13.000,2195.8,2092,2195.6,2,0.0,0,0.0,0,0.0,0,0.0,0,2195.8,13,0.0,0,0.0,0,0.0,0,0.0,0
2012-11-26T09:15:13.500,2195.6,2103,2195.4,45,0.0,0,0.0,0,0.0,0,0.0,0,2195.6,10,0.0,0,0.0,0,0.0,0,0.0,0
2012-11-26T09:15:14.000,2195.6,2164,2195.2,50,0.0,0,0.0,0,0.0,0,0.0,0,2195.4,9,0.0,0,0.0,0,0.0,0,0.0,0
2012-11-26T09:15:14.500,2195.4,2221,2195.2,22,0.0,0,0.0,0,0.0,0,0.0,0,2195.4,11,0.0,0,0.0,0,0.0,0,0.0,0
2012-11-26T09:15:15.000,2195.2,2252,2195,16,0.0,0,0.0,0,0.0,0,0.0,0,2195.2,3,0.0,0,0.0,0,0.0,0,0.0,0
2012-11-26T09:15:15.500,2194.8,2295,2194.6,20,0.0,0,0.0,0,0.0,0,0.0,0,2194.8,4,0.0,0,0.0,0,0.0,0,0.0,0
2012-11-26T09:15:16.000,2195,2346,2194.6,16,0.0,0,0.0,0,0.0,0,0.0,0,2195,44,0.0,0,0.0,0,0.0,0,0.0,0
2012-11-26T09:15:16.500,2194.8,2365,2194.8,6,0.0,0,0.0,0,0.0,0,0.0,0,2195,11,0.0,0,0.0,0,0.0,0,0.0,0
2012-11-26T09:15:17.000,2195,2397,2195,6,0.0,0,0.0,0,0.0,0,0.0,0,2195.2,28,0.0,0,0.0,0,0.0,0,0.0,0
2012-11-26T09:15:17.500,2195,2416,2195,5,0.0,0,0.0,0,0.0,0,0.0,0,2195.2,49,0.0,0,0.0,0,0.0,0,0.0,0
2012-11-26T09:15:18.000,2195,2438,2194.8,2,0.0,0,0.0,0,0.0,0,0.0,0,2195.2,48,0.0,0,0.0,0,0.0,0,0.0,0
2012-11-26T09:15:18.500,2194.8,2443,2194.6,23,0.0,0,0.0,0,0.0,0,0.0,0,2194.8,9,0.0,0,0.0,0,0.0,0,0.0,0
2012-11-26T09:15:19.000,2195.2,2481,2194.8,8,0.0,0,0.0,0,0.0,0,0.0,0,2195.2,34,0.0,0,0.0,0,0.0,0,0.0,0
2012-11-26T09:15:19.500,2194.8,2498,2194.6,22,0.0,0,0.0,0,0.0,0,0.0,0,2194.8,21,0.0,0,0.0,0,0.0,0,0.0,0
2012-11-26T09:15:20.000,2195,2554,2194.8,1,0.0,0,0.0,0,0.0,0,0.0,0,2195,9,0.0,0,0.0,0,0.0,0,0.0,0
2012-11-26T09:15:20.500,2194.8,2582,2195,1,0.0,0,0.0,0,0.0,0,0.0,0,2195.2,29,0.0,0,0.0,0,0.0,0,0.0,0
2012-11-26T09:15:21.000,2194.6,2599,2194.6,12,0.0,0,0.0,0,0.0,0,0.0,0,2194.8,8,0.0,0,0.0,0,0.0,0,0.0,0
2012-11-26T09:15:21.500,2194.6,2625,2194.8,4,0.0,0,0.0,0,0.0,0,0.0,0,2195,56,0.0,0,0.0,0,0.0,0,0.0,0
2012-11-26T09:15:22.000,2195,2671,2194.8,11,0.0,0,0.0,0,0.0,0,0.0,0,2195,33,0.0,0,0.0,0,0.0,0,0.0,0
2012-11-26T09:15:22.500,2194.8,2706,2194.4,39,0.0,0,0.0,0,0.0,0,0.0,0,2194.8,3,0.0,0,0.0,0,0.0,0,0.0,0
2012-11-26T09:15:23.000,2194.4,2719,2194.4,42,0.0,0,0.0,0,0.0,0,0.0,0,2194.6,4,0.0,0,0.0,0,0.0,0,0.0,0
2012-11-26T09:15:23.500,2194.6,2753,2194.6,29,0.0,0,0.0,0,0.0,0,0.0,0,2194.8,31,0.0,0,0.0,0,0.0,0,0.0,0
2012-11-26T09:15:24.000,2194.8,2778,2194.6,12,0.0,0,0.0,0,0.0,0,0.0,0,2194.8,46,0.0,0,0.0,0,0.0,0,0.0,0
2012-11-26T09:15:24.500,2194.6,2792,2194.6,2,0.0,0,0.0,0,0.0,0,0.0,0,2194.8,47,0.0,0,0.0,0,0.0,0,0.0,0
2012-11-26T09:15:25.000,2194.6,2801,2194.4,62,0.0,0,0.0,0,0.0,0,0.0,0,2194.6,31,0.0,0,0.0,0,0.0,0,0.0,0
2012-11-26T09:15:25.500,2194.6,2821,2194.4,62,0.0,0,0.0,0,0.0,0,0.0,0,2194.6,33,0.0,0,0.0,0,0.0,0,0.0,0
2012-11-26T09:15:26.000,2194.4,2906,2194.2,28,0.0,0,0.0,0,0.0,0,0.0,0,2194.6,10,0.0,0,0.0,0,0.0,0,0.0,0
2012-11-26T09:15:26.500,2194.4,2932,2194.2,23,0.0,0,0.0,0,0.0,0,0.0,0,2194.4,14,0.0,0,0.0,0,0.0,0,0.0,0
2012-11-26T09:15:27.000,2194.2,2987,2194,49,0.0,0,0.0,0,0.0,0,0.0,0,2194.2,9,0.0,0,0.0,0,0.0,0,0.0,0
2012-11-26T09:15:27.500,2193.4,3167,2192,19,0.0,0,0.0,0,0.0,0,0.0,0,2193.6,2,0.0,0,0.0,0,0.0,0,0.0,0
2012-11-26T09:15:28.000,2191.2,3223,2191.2,17,0.0,0,0.0,0,0.0,0,0.0,0,2191.8,30,0.0,0,0.0,0,0.0,0,0.0,0
2012-11-26T09:15:28.500,2190.6,3329,2190.6,6,0.0,0,0.0,0,0.0,0,0.0,0,2191,2,0.0,0,0.0,0,0.0,0,0.0,0
2012-11-26T09:15:29.000,2191,3462,2191,6,0.0,0,0.0,0,0.0,0,0.0,0,2191.2,20,0.0,0,0.0,0,0.0,0,0.0,0
2012-11-26T09:15:29.500,2191.4,3559,2191.6,29,0.0,0,0.0,0,0.0,0,0.0,0,2191.8,15,0.0,0,0.0,0,0.0,0,0.0,0
2012-11-26T09:15:30.000,2192,3642,2192,82,0.0,0,0.0,0,0.0,0,0.0,0,2192.6,11,0.0,0,0.0,0,0.0,0,0.0,0
2012-11-26T09:15:30.500,2192.6,3718,2192.2,41,0.0,0,0.0,0,0.0,0,0.0,0,2192.6,12,0.0,0,0.0,0,0.0,0,0.0,0
2012-11-26T09:15:31.000,2192.4,3768,2192.2,36,0.0,0,0.0,0,0.0,0,0.0,0,2192.4,7,0.0,0,0.0,0,0.0,0,0.0,0
2012-11-26T09:15:31.500,2192.2,3790,2192.4,7,0.0,0,0.0,0,0.0,0,0.0,0,2192.6,15,0.0,0,0.0,0,0.0,0,0.0,0
2012-11-26T09:15:32.000,2192.4,3864,2192.2,1,0.0,0,0.0,0,0.0,0,0.0,0,2192.4,1,0.0,0,0.0,0,0.0,0,0.0,0
2012-11-26T09:15:32.500,2192.6,3885,2192.6,12,0.0,0,0.0,0,0.0,0,0.0,0,2192.8,4,0.0,0,0.0,0,0.0,0,0.0,0
2012-11-26T09:15:33.000,2192.6,3897,2192.6,6,0.0,0,0.0,0,0.0,0,0.0,0,2192.8,4,0.0,0,0.0,0,0.0,0,0.0,0
2012-11-26T09:15:33.500,2192.6,3918,2192.4,6,0.0,0,0.0,0,0.0,0,0.0,0,2192.6,7,0.0,0,0.0,0,0.0,0,0.0,0
2012-11-26T09:15:34.000,2192.6,3938,2192.6,2,0.0,0,0.0,0,0.0,0,0.0,0,2192.8,5,0.0,0,0.0,0,0.0,0,0.0,0
2012-11-26T09:15:34.500,2192.6,3963,2192.4,1,0.0,0,0.0,0,0.0,0,0.0,0,2192.6,2,0.0,0,0.0,0,0.0,0,0.0,0
2012-11-26T09:15:35.000,2192.8,3970,2192.8,11,0.0,0,0.0,0,0.0,0,0.0,0,2193,24,0.0,0,0.0,0,0.0,0,0.0,0
2012-11-26T09:15:35.500,2193,3996,2192.8,8,0.0,0,0.0,0,0.0,0,0.0,0,2193,3,0.0,0,0.0,0,0.0,0,0.0,0
2012-11-26T09:15:36.000,2193.2,4015,2193,2,0.0,0,0.0,0,0.0,0,0.0,0,2193.2,6,0.0,0,0.0,0,0.0,0,0.0,0
2012-11-26T09:15:36.500,2193.2,4021,2193.2,5,0.0,0,0.0,0,0.0,0,0.0,0,2193.4,2,0.0,0,0.0,0,0.0,0,0.0,0
2012-11-26T09:15:37.000,2192.8,4043,2192.8,2,0.0,0,0.0,0,0.0,0,0.0,0,2193.2,1,0.0,0,0.0,0,0.0,0,0.0,0
2012-11-26T09:15:37.500,2193.2,4063,2193,1,0.0,0,0.0,0,0.0,0,0.0,0,2193.2,18,0.0,0,0.0,0,0.0,0,0.0,0
2012-11-26T09:15:38.000,2192.6,4100,2192.6,27,0.0,0,0.0,0,0.0,0,0.0,0,2193,50,0.0,0,0.0,0,0.0,0,0.0,0
2012-11-26T09:15:38.500,2192.8,4120,2192.6,26,0.0,0,0.0,0,0.0,0,0.0,0,2192.8,22,0.0,0,0.0,0,0.0,0,0.0,0
2012-11-26T09:15:39.000,2192.6,4186,2192.4,15,0.0,0,0.0,0,0.0,0,0.0,0,2192.6,27,0.0,0,0.0,0,0.0,0,0.0,0
2012-11-26T09:15:39.500,2192.6,4206,2192.4,12,0.0,0,0.0,0,0.0,0,0.0,0,2192.6,9,0.0,0,0.0,0,0.0,0,0.0,0
2012-11-26T09:15:40.000,2192.4,4226,2192.2,7,0.0,0,0.0,0,0.0,0,0.0,0,2192.6,8,0.0,0,0.0,0,0.0,0,0.0,0
2012-11-26T09:15:40.500,2192.2,4235,2192.2,17,0.0,0,0.0,0,0.0,0,0.0,0,2192.6,17,0.0,0,0.0,0,0.0,0,0.0,0
2012-11-26T09:15:41.000,2192.6,4267,2192.6,2,0.0,0,0.0,0,0.0,0,0.0,0,2192.8,33,0.0,0,0.0,0,0.0,0,0.0,0
2012-11-26T09:15:41.500,2192.4,4314,2192.6,60,0.0,0,0.0,0,0.0,0,0.0,0,2192.8,20,0.0,0,0.0,0,0.0,0,0.0,0
2012-11-26T09:15:42.000,2192.8,4344,2192.6,54,0.0,0,0.0,0,0.0,0,0.0,0,2192.8,1,0.0,0,0.0,0,0.0,0,0.0,0
2012-11-26T09:15:42.500,2193,4425,2192.8,40,0.0,0,0.0,0,0.0,0,0.0,0,2193.2,18,0.0,0,0.0,0,0.0,0,0.0,0
2012-11-26T09:15:43.000,2193,4431,2193,11,0.0,0,0.0,0,0.0,0,0.0,0,2193.2,18,0.0,0,0.0,0,0.0,0,0.0,0
2012-11-26T09:15:43.500,2193.2,4441,2193,6,0.0,0,0.0,0,0.0,0,0.0,0,2193.2,23,0.0,0,0.0,0,0.0,0,0.0,0
2012-11-26T09:15:44.000,2193.2,4458,2193,2,0.0,0,0.0,0,0.0,0,0.0,0,2193.2,12,0.0,0,0.0,0,0.0,0,0.0,0
2012-11-26T09:15:44.500,2192.8,4481,2192.8,46,0.0,0,0.0,0,0.0,0,0.0,0,2193,1,0.0,0,0.0,0,0.0,0,0.0,0
2012-11-26T09:15:45.000,2193,4492,2192.8,35,0.0,0,0.0,0,0.0,0,0.0,0,2193.2,5,0.0,0,0.0,0,0.0,0,0.0,0
2012-11-26T09:15:45.500,2193.2,4499,2193,7,0.0,0,0.0,0,0.0,0,0.0,0,2193.2,6,0.0,0,0.0,0,0.0,0,0.0,0
2012-11-26T09:15:46.000,2193,4520,2192.8,24,0.0,0,0.0,0,0.0,0,0.0,0,2193.4,6,0.0,0,0.0,0,0.0,0,0.0,0
2012-11-26T09:15:46.500,2193,4547,2192.8,28,0.0,0,0.0,0,0.0,0,0.0,0,2193,17,0.0,0,0.0,0,0.0,0,0.0,0
2012-11-26T09:15:47.000,2193,4577,2192.8,12,0.0,0,0.0,0,0.0,0,0.0,0,2193,5,0.0,0,0.0,0,0.0,0,0.0,0
2012-11-26T09:15:47.500,2192.6,4605,2192.6,111,0.0,0,0.0,0,0.0,0,0.0,0,2193,7,0.0,0,0.0,0,0.0,0,0.0,0
2012-11-26T09:15:48.000,2193,4611,2192.8,1,0.0,0,0.0,0,0.0,0,0.0,0,2193,18,0.0,0,0.0,0,0.0,0,0.0,0
2012-11-26T09:15:48.500,2193,4640,2192.8,45,0.0,0,0.0,0,0.0,0,0.0,0,2193,8,0.0,0,0.0,0,0.0,0,0.0,0
2012-11-26T09:15:49.000,2193,4654,2193,8,0.0,0,0.0,0,0.0,0,0.0,0,2193.2,6,0.0,0,0.0,0,0.0,0,0.0,0
2012-11-26T09:15:49.500,2193.2,4658,2193,28,0.0,0,0.0,0,0.0,0,0.0,0,2193.2,6,0.0,0,0.0,0,0.0,0,0.0,0
2012-11-26T09:15:50.000,2193.2,4672,2193,48,0.0,0,0.0,0,0.0,0,0.0,0,2193.2,4,0.0,0,0.0,0,0.0,0,0.0,0
2012-11-26T09:15:50.500,2193,4682,2193,61,0.0,0,0.0,0,0.0,0,0.0,0,2193.2,2,0.0,0,0.0,0,0.0,0,0.0,0
2012-11-26T09:15:51.000,2193,4737,2193.2,10,0.0,0,0.0,0,0.0,0,0.0,0,2193.4,19,0.0,0,0.0,0,0.0,0,0.0,0
2012-11-26T09:15:51.500,2193.2,4772,2193.2,8,0.0,0,0.0,0,0.0,0,0.0,0,2193.4,10,0.0,0,0.0,0,0.0,0,0.0,0
2012-11-26T09:15:52.000,2193.2,4785,2193,14,0.0,0,0.0,0,0.0,0,0.0,0,2193.2,2,0.0,0,0.0,0,0.0,0,0.0,0
2012-11-26T09:15:52.500,2193,4805,2192.8,25,0.0,0,0.0,0,0.0,0,0.0,0,2193,11,0.0,0,0.0,0,0.0,0,0.0,0
2012-11-26T09:15:53.000,2193,4822,2192.8,19,0.0,0,0.0,0,0.0,0,0.0,0,2193,1,0.0,0,0.0,0,0.0,0,0.0,0
2012-11-26T09:15:53.500,2193,4849,2192.8,18,0.0,0,0.0,0,0.0,0,0.0,0,2193,7,0.0,0,0.0,0,0.0,0,0.0,0
2012-11-26T09:15:54.000,2193,4861,2192.8,14,0.0,0,0.0,0,0.0,0,0.0,0,2193,1,0.0,0,0.0,0,0.0,0,0.0,0
2012-11-26T09:15:54.500,2193,4863,2192.8,19,0.0,0,0.0,0,0.0,0,0.0,0,2193.2,11,0.0,0,0.0,0,0.0,0,0.0,0
2012-11-26T09:15:55.000,2193.4,4877,2193.2,1,0.0,0,0.0,0,0.0,0,0.0,0,2193.4,15,0.0,0,0.0,0,0.0,0,0.0,0
2012-11-26T09:15:55.500,2193,4883,2192.8,18,0.0,0,0.0,0,0.0,0,0.0,0,2193.2,9,0.0,0,0.0,0,0.0,0,0.0,0
2012-11-26T09:15:56.000,2193,4892,2192.8,38,0.0,0,0.0,0,0.0,0,0.0,0,2193,18,0.0,0,0.0,0,0.0,0,0.0,0
2012-11-26T09:15:56.500,2193,4927,2192.8,24,0.0,0,0.0,0,0.0,0,0.0,0,2193.2,24,0.0,0,0.0,0,0.0,0,0.0,0
2012-11-26T09:15:57.000,2193,4946,2193,4,0.0,0,0.0,0,0.0,0,0.0,0,2193.2,22,0.0,0,0.0,0,0.0,0,0.0,0
2012-11-26T09:15:57.500,2193.2,4954,2193,17,0.0,0,0.0,0,0.0,0,0.0,0,2193.2,20,0.0,0,0.0,0,0.0,0,0.0,0
2012-11-26T09:15:58.000,2193,4975,2193,6,0.0,0,0.0,0,0.0,0,0.0,0,2193.2,15,0.0,0,0.0,0,0.0,0,0.0,0
2012-11-26T09:15:58.500,2193,4979,2193,6,0.0,0,0.0,0,0.0,0,0.0,0,2193.2,14,0.0,0,0.0,0,0.0,0,0.0,0
2012-11-26T09:15:59.000,2193.2,4984,2193,25,0.0,0,0.0,0,0.0,0,0.0,0,2193.2,15,0.0,0,0.0,0,0.0,0,0.0,0
2012-11-26T09:15:59.500,2193.2,4998,2193,21,0.0,0,0.0,0,0.0,0,0.0,0,2193.2,6,0.0,0,0.0,0,0.0,0,0.0,0
2012-11-26T09:16:00.000,2193,5013,2193,9,0.0,0,0.0,0,0.0,0,0.0,0,2193.2,3,0.0,0,0.0,0,0.0,0,0.0,0
2012-11-26T09:16:00.500,2193,5048,2192.8,14,0.0,0,0.0,0,0.0,0,0.0,0,2193,1,0.0,0,0.0,0,0.0,0,0.0,0
2012-11-26T09:16:01.000,2193,5103,2193.2,1,0.0,0,0.0,0,0.0,0,0.0,0,2193.6,27,0.0,0,0.0,0,0.0,0,0.0,0
2012-11-26T09:16:01.500,2193.2,5131,2193.2,2,0.0,0,0.0,0,0.0,0,0.0,0,2193.6,20,0.0,0,0.0,0,0.0,0,0.0,0
2012-11-26T09:16:02.000,2193,5154,2193.2,10,0.0,0,0.0,0,0.0,0,0.0,0,2193.4,5,0.0,0,0.0,0,0.0,0,0.0,0
2012-11-26T09:16:02.500,2193.4,5171,2193.2,20,0.0,0,0.0,0,0.0,0,0.0,0,2193.4,13,0.0,0,0.0,0,0.0,0,0.0,0
2012-11-26T09:16:03.000,2193.4,5179,2193.2,6,0.0,0,0.0,0,0.0,0,0.0,0,2193.4,12,0.0,0,0.0,0,0.0,0,0.0,0
2012-11-26T09:16:03.500,2193,5193,2193,28,0.0,0,0.0,0,0.0,0,0.0,0,2193.2,10,0.0,0,0.0,0,0.0,0,0.0,0
2012-11-26T09:16:04.000,2193.2,5208,2193,23,0.0,0,0.0,0,0.0,0,0.0,0,2193.2,7,0.0,0,0.0,0,0.0,0,0.0,0
2012-11-26T09:16:04.500,2193.2,5220,2193.2,1,0.0,0,0.0,0,0.0,0,0.0,0,2193.4,22,0.0,0,0.0,0,0.0,0,0.0,0
2012-11-26T09:16:05.000,2193,5234,2193,14,0.0,0,0.0,0,0.0,0,0.0,0,2193.4,17,0.0,0,0.0,0,0.0,0,0.0,0
2012-11-26T09:16:05.500,2193,5240,2193,12,0.0,0,0.0,0,0.0,0,0.0,0,2193.4,16,0.0,0,0.0,0,0.0,0,0.0,0
2012-11-26T09:16:06.000,2193.2,5244,2193,15,0.0,0,0.0,0,0.0,0,0.0,0,2193.4,17,0.0,0,0.0,0,0.0,0,0.0,0
2012-11-26T09:16:06.500,2193.4,5256,2193,77,0.0,0,0.0,0,0.0,0,0.0,0,2193.2,74,0.0,0,0.0,0,0.0,0,0.0,0
2012-11-26T09:16:07.000,2193.4,5355,2193.4,13,0.0,0,0.0,0,0.0,0,0.0,0,2193.6,26,0.0,0,0.0,0,0.0,0,0.0,0
2012-11-26T09:16:07.500,2193.4,5383,2193.4,1,0.0,0,0.0,0,0.0,0,0.0,0,2193.6,15,0.0,0,0.0,0,0.0,0,0.0,0
2012-11-26T09:16:08.000,2193.4,5392,2193.2,2,0.0,0,0.0,0,0.0,0,0.0,0,2193.4,1,0.0,0,0.0,0,0.0,0,0.0,0
2012-11-26T09:16:08.500,2193,5406,2193.2,2,0.0,0,0.0,0,0.0,0,0.0,0,2193.4,1,0.0,0,0.0,0,0.0,0,0.0,0
2012-11-26T09:16:09.000,2193.4,5413,2193,89,0.0,0,0.0,0,0.0,0,0.0,0,2193.4,4,0.0,0,0.0,0,0.0,0,0.0,0
2012-11-26T09:16:09.500,2193.4,5420,2193.2,6,0.0,0,0.0,0,0.0,0,0.0,0,2193.6,9,0.0,0,0.0,0,0.0,0,0.0,0
2012-11-26T09:16:10.000,2193.4,5443,2193.2,22,0.0,0,0.0,0,0.0,0,0.0,0,2193.4,2,0.0,0,0.0,0,0.0,0,0.0,0
2012-11-26T09:16:10.500,2193.2,5465,2193.2,38,0.0,0,0.0,0,0.0,0,0.0,0,2193.4,5,0.0,0,0.0,0,0.0,0,0.0,0
2012-11-26T09:16:11.000,2193.4,5472,2193.4,7,0.0,0,0.0,0,0.0,0,0.0,0,2193.6,12,0.0,0,0.0,0,0.0,0,0.0,0
2012-11-26T09:16:11.500,2193.4,5483,2193.4,13,0.0,0,0.0,0,0.0,0,0.0,0,2193.6,9,0.0,0,0.0,0,0.0,0,0.0,0
2012-11-26T09:16:12.000,2193.6,5502,2193.6,14,0.0,0,0.0,0,0.0,0,0.0,0,2193.8,95,0.0,0,0.0,0,0.0,0,0.0,0
2012-11-26T09:16:12.500,2193.8,5514,2193.6,6,0.0,0,0.0,0,0.0,0,0.0,0,2193.8,92,0.0,0,0.0,0,0.0,0,0.0,0
2012-11-26T09:16:13.000,2193.8,5552,2193.6,1,0.0,0,0.0,0,0.0,0,0.0,0,2193.8,77,0.0,0,0.0,0,0.0,0,0.0,0
2012-11-26T09:16:13.500,2193.6,5566,2193.4,33,0.0,0,0.0,0,0.0,0,0.0,0,2193.6,4,0.0,0,0.0,0,0.0,0,0.0,0
2012-11-26T09:16:14.000,2193.8,5587,2193.6,1,0.0,0,0.0,0,0.0,0,0.0,0,2193.8,63,0.0,0,0.0,0,0.0,0,0.0,0
2012-11-26T09:16:14.500,2193.6,5599,2193.6,7,0.0,0,0.0,0,0.0,0,0.0,0,2193.8,54,0.0,0,0.0,0,0.0,0,0.0,0
2012-11-26T09:16:15.000,2193.8,5605,2193.6,14,0.0,0,0.0,0,0.0,0,0.0,0,2193.8,51,0.0,0,0.0,0,0.0,0,0.0,0
2012-11-26T09:16:15.500,2193.8,5639,2193.6,30,0.0,0,0.0,0,0.0,0,0.0,0,2193.8,19,0.0,0,0.0,0,0.0,0,0.0,0
2012-11-26T09:16:16.000,2193.8,5657,2193.6,29,0.0,0,0.0,0,0.0,0,0.0,0,2193.8,5,0.0,0,0.0,0,0.0,0,0.0,0
2012-11-26T09:16:16.500,2193.8,5668,2193.8,28,0.0,0,0.0,0,0.0,0,0.0,0,2194,37,0.0,0,0.0,0,0.0,0,0.0,0
2012-11-26T09:16:17.000,2194,5674,2193.8,35,0.0,0,0.0,0,0.0,0,0.0,0,2194,34,0.0,0,0.0,0,0.0,0,0.0,0
2012-11-26T09:16:17.500,2193.8,5681,2193.8,31,0.0,0,0.0,0,0.0,0,0.0,0,2194,33,0.0,0,0.0,0,0.0,0,0.0,0
2012-11-26T09:16:18.000,2193.8,5696,2193.8,37,0.0,0,0.0,0,0.0,0,0.0,0,2194,20,0.0,0,0.0,0,0.0,0,0.0,0
2012-11-26T09:16:18.500,2194,5711,2193.8,39,0.0,0,0.0,0,0.0,0,0.0,0,2194,11,0.0,0,0.0,0,0.0,0,0.0,0
2012-11-26T09:16:19.000,2194,5713,2193.8,35,0.0,0,0.0,0,0.0,0,0.0,0,2194,10,0.0,0,0.0,0,0.0,0,0.0,0
2012-11-26T09:16:19.500,2194,5750,2193.8,6,0.0,0,0.0,0,0.0,0,0.0,0,2194,7,0.0,0,0.0,0,0.0,0,0.0,0
2012-11-26T09:16:20.000,2194,5759,2193.8,54,0.0,0,0.0,0,0.0,0,0.0,0,2194,2,0.0,0,0.0,0,0.0,0,0.0,0
2012-11-26T09:16:20.500,2193.8,5812,2194,4,0.0,0,0.0,0,0.0,0,0.0,0,2194.2,13,0.0,0,0.0,0,0.0,0,0.0,0
2012-11-26T09:16:21.000,2194,5817,2194,24,0.0,0,0.0,0,0.0,0,0.0,0,2194.2,15,0.0,0,0.0,0,0.0,0,0.0,0
2012-11-26T09:16:21.500,2194,5835,2194,16,0.0,0,0.0,0,0.0,0,0.0,0,2194.2,14,0.0,0,0.0,0,0.0,0,0.0,0
2012-11-26T09:16:22.000,2194,5844,2194,164,0.0,0,0.0,0,0.0,0,0.0,0,2194.2,12,0.0,0,0.0,0,0.0,0,0.0,0
2012-11-26T09:16:22.500,2194,5862,2194.2,7,0.0,0,0.0,0,0.0,0,0.0,0,2194.4,13,0.0,0,0.0,0,0.0,0,0.0,0
2012-11-26T09:16:23.000,2194.6,5897,2194.4,3,0.0,0,0.0,0,0.0,0,0.0,0,2194.6,6,0.0,0,0.0,0,0.0,0,0.0,0
2012-11-26T09:16:23.500,2194.4,5906,2194.4,47,0.0,0,0.0,0,0.0,0,0.0,0,2194.6,4,0.0,0,0.0,0,0.0,0,0.0,0
2012-11-26T09:16:24.000,2194.6,5924,2194.4,36,0.0,0,0.0,0,0.0,0,0.0,0,2194.6,55,0.0,0,0.0,0,0.0,0,0.0,0
2012-11-26T09:16:24.500,2194.4,5938,2194.4,48,0.0,0,0.0,0,0.0,0,0.0,0,2194.6,50,0.0,0,0.0,0,0.0,0,0.0,0
2012-11-26T09:16:25.000,2194.4,5967,2194.4,28,0.0,0,0.0,0,0.0,0,0.0,0,2194.6,100,0.0,0,0.0,0,0.0,0,0.0,0
2012-11-26T09:16:25.500,2194.2,5999,2194.2,4,0.0,0,0.0,0,0.0,0,0.0,0,2194.4,13,0.0,0,0.0,0,0.0,0,0.0,0
2012-11-26T09:16:26.000,2194,6034,2194,140,0.0,0,0.0,0,0.0,0,0.0,0,2194.2,15,0.0,0,0.0,0,0.0,0,0.0,0
2012-11-26T09:16:26.500,2194.2,6078,2194,119,0.0,0,0.0,0,0.0,0,0.0,0,2194.2,22,0.0,0,0.0,0,0.0,0,0.0,0
2012-11-26T09:16:27.000,2194.2,6092,2194,115,0.0,0,0.0,0,0.0,0,0.0,0,2194.2,15,0.0,0,0.0,0,0.0,0,0.0,0
2012-11-26T09:16:27.500,2194.2,6118,2194,96,0.0,0,0.0,0,0.0,0,0.0,0,2194.2,10,0.0,0,0.0,0,0.0,0,0.0,0
2012-11-26T09:16:28.000,2194,6122,2194,104,0.0,0,0.0,0,0.0,0,0.0,0,2194.2,10,0.0,0,0.0,0,0.0,0,0.0,0
2012-11-26T09:16:28.500,2194.2,6175,2194,89,0.0,0,0.0,0,0.0,0,0.0,0,2194.2,49,0.0,0,0.0,0,0.0,0,0.0,0
2012-11-26T09:16:29.000,2194,6188,2194,79,0.0,0,0.0,0,0.0,0,0.0,0,2194.2,49,0.0,0,0.0,0,0.0,0,0.0,0
2012-11-26T09:16:29.500,2194,6235,2194,34,0.0,0,0.0,0,0.0,0,0.0,0,2194.2,54,0.0,0,0.0,0,0.0,0,0.0,0
2012-11-26T09:16:30.000,2194,6280,2193.8,77,0.0,0,0.0,0,0.0,0,0.0,0,2194,29,0.0,0,0.0,0,0.0,0,0.0,0
2012-11-26T09:16:30.500,2194,6290,2193.8,71,0.0,0,0.0,0,0.0,0,0.0,0,2194,43,0.0,0,0.0,0,0.0,0,0.0,0
2012-11-26T09:16:31.000,2194.2,6351,2194,1,0.0,0,0.0,0,0.0,0,0.0,0,2194.2,51,0.0,0,0.0,0,0.0,0,0.0,0
2012-11-26T09:16:31.500,2194,6356,2193.8,65,0.0,0,0.0,0,0.0,0,0.0,0,2194,1,0.0,0,0.0,0,0.0,0,0.0,0
2012-11-26T09:16:32.000,2194,6380,2194,7,0.0,0,0.0,0,0.0,0,0.0,0,2194.2,44,0.0,0,0.0,0,0.0,0,0.0,0
2012-11-26T09:16:32.500,2194,6389,2194,5,0.0,0,0.0,0,0.0,0,0.0,0,2194.2,42,0.0,0,0.0,0,0.0,0,0.0,0
2012-11-26T09:16:33.000,2194.2,6392,2194,4,0.0,0,0.0,0,0.0,0,0.0,0,2194.2,40,0.0,0,0.0,0,0.0,0,0.0,0
2012-11-26T09:16:33.500,2194,6399,2193.8,55,0.0,0,0.0,0,0.0,0,0.0,0,2194.2,40,0.0,0,0.0,0,0.0,0,0.0,0
2012-11-26T09:16:34.000,2194,6401,2193.8,55,0.0,0,0.0,0,0.0,0,0.0,0,2194,24,0.0,0,0.0,0,0.0,0,0.0,0
2012-11-26T09:16:34.500,2193.8,6414,2193.8,44,0.0,0,0.0,0,0.0,0,0.0,0,2194,24,0.0,0,0.0,0,0.0,0,0.0,0
2012-11-26T09:16:35.000,2193.8,6420,2193.8,44,0.0,0,0.0,0,0.0,0,0.0,0,2194,20,0.0,0,0.0,0,0.0,0,0.0,0
2012-11-26T09:16:35.500,2194,6425,2193.8,43,0.0,0,0.0,0,0.0,0,0.0,0,2194,41,0.0,0,0.0,0,0.0,0,0.0,0
2012-11-26T09:16:36.000,2193.8,6428,2193.8,41,0.0,0,0.0,0,0.0,0,0.0,0,2194,43,0.0,0,0.0,0,0.0,0,0.0,0
2012-11-26T09:16:36.500,2194,6449,2193.8,26,0.0,0,0.0,0,0.0,0,0.0,0,2194,37,0.0,0,0.0,0,0.0,0,0.0,0
2012-11-26T09:16:37.000,2194.2,6493,2194,6,0.0,0,0.0,0,0.0,0,0.0,0,2194.2,36,0.0,0,0.0,0,0.0,0,0.0,0
2012-11-26T09:16:37.500,2194.2,6494,2194,6,0.0,0,0.0,0,0.0,0,0.0,0,2194.2,35,0.0,0,0.0,0,0.0,0,0.0,0
2012-11-26T09:16:38.000,2194.2,6500,2194,15,0.0,0,0.0,0,0.0,0,0.0,0,2194.2,35,0.0,0,0.0,0,0.0,0,0.0,0
2012-11-26T09:16:38.500,2194.2,6504,2194,14,0.0,0,0.0,0,0.0,0,0.0,0,2194.2,31,0.0,0,0.0,0,0.0,0,0.0,0
2012-11-26T09:16:39.000,2194.2,6516,2194,44,0.0,0,0.0,0,0.0,0,0.0,0,2194.2,29,0.0,0,0.0,0,0.0,0,0.0,0
2012-11-26T09:16:39.500,2194,6521,2194,40,0.0,0,0.0,0,0.0,0,0.0,0,2194.2,29,0.0,0,0.0,0,0.0,0,0.0,0
2012-11-26T09:16:40.000,2194.2,6537,2194,37,0.0,0,0.0,0,0.0,0,0.0,0,2194.2,18,0.0,0,0.0,0,0.0,0,0.0,0
2012-11-26T09:16:40.500,2194,6579,2193.8,31,0.0,0,0.0,0,0.0,0,0.0,0,2194,16,0.0,0,0.0,0,0.0,0,0.0,0
2012-11-26T09:16:41.000,2193.8,6592,2193.8,40,0.0,0,0.0,0,0.0,0,0.0,0,2194,10,0.0,0,0.0,0,0.0,0,0.0,0
2012-11-26T09:16:41.500,2194,6600,2193.8,41,0.0,0,0.0,0,0.0,0,0.0,0,2194,3,0.0,0,0.0,0,0.0,0,0.0,0
2012-11-26T09:16:42.250,2194.2,6607,2194,4,0.0,0,0.0,0,0.0,0,0.0,0,2194.2,18,0.0,0,0.0,0,0.0,0,0.0,0
2012-11-26T09:16:43.000,2193.8,6616,2194,15,0.0,0,0.0,0,0.0,0,0.0,0,2194.2,18,0.0,0,0.0,0,0.0,0,0.0,0
2012-11-26T09:16:43.500,2194.2,6621,2194,26,0.0,0,0.0,0,0.0,0,0.0,0,2194.2,15,0.0,0,0.0,0,0.0,0,0.0,0
2012-11-26T09:16:44.000,2194,6651,2194,4,0.0,0,0.0,0,0.0,0,0.0,0,2194.2,18,0.0,0,0.0,0,0.0,0,0.0,0
2012-11-26T09:16:44.500,2194,6673,2193.8,59,0.0,0,0.0,0,0.0,0,0.0,0,2194.2,18,0.0,0,0.0,0,0.0,0,0.0,0
2012-11-26T09:16:45.000,2194,6674,2194,6,0.0,0,0.0,0,0.0,0,0.0,0,2194.2,22,0.0,0,0.0,0,0.0,0,0.0,0
2012-11-26T09:16:45.500,2194,6684,2193.8,59,0.0,0,0.0,0,0.0,0,0.0,0,2194,7,0.0,0,0.0,0,0.0,0,0.0,0
2012-11-26T09:16:46.000,2194,6689,2193.8,59,0.0,0,0.0,0,0.0,0,0.0,0,2194,2,0.0,0,0.0,0,0.0,0,0.0,0
2012-11-26T09:16:46.500,2194,6693,2193.8,61,0.0,0,0.0,0,0.0,0,0.0,0,2194.2,32,0.0,0,0.0,0,0.0,0,0.0,0
2012-11-26T09:16:47.000,2194.2,6704,2194,1,0.0,0,0.0,0,0.0,0,0.0,0,2194.2,22,0.0,0,0.0,0,0.0,0,0.0,0
2012-11-26T09:16:47.500,2194,6708,2194,5,0.0,0,0.0,0,0.0,0,0.0,0,2194.2,24,0.0,0,0.0,0,0.0,0,0.0,0
2012-11-26T09:16:48.000,2194,6714,2194,3,0.0,0,0.0,0,0.0,0,0.0,0,2194.2,23,0.0,0,0.0,0,0.0,0,0.0,0
2012-11-26T09:16:48.500,2194,6718,2194,3,0.0,0,0.0,0,0.0,0,0.0,0,2194.2,24,0.0,0,0.0,0,0.0,0,0.0,0
2012-11-26T09:16:49.000,2194,6724,2193.8,68,0.0,0,0.0,0,0.0,0,0.0,0,2194,2,0.0,0,0.0,0,0.0,0,0.0,0
2012-11-26T09:16:49.500,2194.2,6729,2194,2,0.0,0,0.0,0,0.0,0,0.0,0,2194.2,24,0.0,0,0.0,0,0.0,0,0.0,0
2012-11-26T09:16:50.000,2194,6737,2194,2,0.0,0,0.0,0,0.0,0,0.0,0,2194.2,23,0.0,0,0.0,0,0.0,0,0.0,0
2012-11-26T09:16:50.500,2194,6741,2193.8,69,0.0,0,0.0,0,0.0,0,0.0,0,2194,39,0.0,0,0.0,0,0.0,0,0.0,0
2012-11-26T09:16:51.250,2194,6772,2193.8,69,0.0,0,0.0,0,0.0,0,0.0,0,2194,9,0.0,0,0.0,0,0.0,0,0.0,0
2012-11-26T09:16:52.000,2193.8,6777,2193.8,68,0.0,0,0.0,0,0.0,0,0.0,0,2194,13,0.0,0,0.0,0,0.0,0,0.0,0
2012-11-26T09:16:52.500,2194,6780,2193.8,67,0.0,0,0.0,0,0.0,0,0.0,0,2194,17,0.0,0,0.0,0,0.0,0,0.0,0
2012-11-26T09:16:53.250,2193.8,6793,2193.8,61,0.0,0,0.0,0,0.0,0,0.0,0,2194,23,0.0,0,0.0,0,0.0,0,0.0,0
2012-11-26T09:16:54.000,2193.8,6803,2193.8,51,0.0,0,0.0,0,0.0,0,0.0,0,2194,23,0.0,0,0.0,0,0.0,0,0.0,0
2012-11-26T09:16:54.500,2193.8,6808,2193.8,49,0.0,0,0.0,0,0.0,0,0.0,0,2194,26,0.0,0,0.0,0,0.0,0,0.0,0
2012-11-26T09:16:55.000,2194,6847,2193.8,11,0.0,0,0.0,0,0.0,0,0.0,0,2194,25,0.0,0,0.0,0,0.0,0,0.0,0
2012-11-26T09:16:55.500,2194,6875,2193.6,39,0.0,0,0.0,0,0.0,0,0.0,0,2193.8,12,0.0,0,0.0,0,0.0,0,0.0,0
2012-11-26T09:16:56.000,2193.6,6879,2193.6,38,0.0,0,0.0,0,0.0,0,0.0,0,2193.8,9,0.0,0,0.0,0,0.0,0,0.0,0
2012-11-26T09:16:56.500,2193.8,6882,2193.6,39,0.0,0,0.0,0,0.0,0,0.0,0,2193.8,6,0.0,0,0.0,0,0.0,0,0.0,0
2012-11-26T09:16:57.000,2193.6,6912,2193.6,22,0.0,0,0.0,0,0.0,0,0.0,0,2194,20,0.0,0,0.0,0,0.0,0,0.0,0
2012-11-26T09:16:57.500,2193.8,6914,2193.6,21,0.0,0,0.0,0,0.0,0,0.0,0,2194,20,0.0,0,0.0,0,0.0,0,0.0,0
2012-11-26T09:16:58.250,2194,6917,2193.6,22,0.0,0,0.0,0,0.0,0,0.0,0,2194,19,0.0,0,0.0,0,0.0,0,0.0,0
2012-11-26T09:16:59.000,2194,6920,2193.6,22,0.0,0,0.0,0,0.0,0,0.0,0,2194,16,0.0,0,0.0,0,0.0,0,0.0,0
2012-11-26T09:16:59.500,2193.6,6926,2193.6,19,0.0,0,0.0,0,0.0,0,0.0,0,2194,33,0.0,0,0.0,0,0.0,0,0.0,0
2012-11-26T09:17:00.000,2193.6,6927,2193.6,20,0.0,0,0.0,0,0.0,0,0.0,0,2193.8,3,0.0,0,0.0,0,0.0,0,0.0,0
2012-11-26T09:17:00.500,2193.8,6937,2193.6,13,0.0,0,0.0,0,0.0,0,0.0,0,2193.8,2,0.0,0,0.0,0,0.0,0,0.0,0
2012-11-26T09:17:01.000,2194,6946,2193.6,8,0.0,0,0.0,0,0.0,0,0.0,0,2194,41,0.0,0,0.0,0,0.0,0,0.0,0
2012-11-26T09:17:01.500,2194,6963,2193.6,2,0.0,0,0.0,0,0.0,0,0.0,0,2193.8,1,0.0,0,0.0,0,0.0,0,0.0,0
2012-11-26T09:17:02.000,2193.8,6972,2193.4,33,0.0,0,0.0,0,0.0,0,0.0,0,2193.8,3,0.0,0,0.0,0,0.0,0,0.0,0
2012-11-26T09:17:02.500,2193.8,6979,2193.6,31,0.0,0,0.0,0,0.0,0,0.0,0,2193.8,3,0.0,0,0.0,0,0.0,0,0.0,0
2012-11-26T09:17:03.000,2193.6,6984,2193.6,28,0.0,0,0.0,0,0.0,0,0.0,0,2193.8,2,0.0,0,0.0,0,0.0,0,0.0,0
2012-11-26T09:17:03.500,2193.8,6993,2193.6,25,0.0,0,0.0,0,0.0,0,0.0,0,2193.8,2,0.0,0,0.0,0,0.0,0,0.0,0
2012-11-26T09:17:04.000,2193.6,7003,2193.6,22,0.0,0,0.0,0,0.0,0,0.0,0,2194,67,0.0,0,0.0,0,0.0,0,0.0,0
2012-11-26T09:17:04.500,2193.6,7037,2193.4,42,0.0,0,0.0,0,0.0,0,0.0,0,2193.6,44,0.0,0,0.0,0,0.0,0,0.0,0
2012-11-26T09:17:05.000,2193.6,7044,2193.4,41,0.0,0,0.0,0,0.0,0,0.0,0,2193.6,43,0.0,0,0.0,0,0.0,0,0.0,0
2012-11-26T09:17:05.500,2193.6,7058,2193.4,32,0.0,0,0.0,0,0.0,0,0.0,0,2193.6,44,0.0,0,0.0,0,0.0,0,0.0,0
2012-11-26T09:17:06.000,2193.6,7082,2193.4,15,0.0,0,0.0,0,0.0,0,0.0,0,2193.6,43,0.0,0,0.0,0,0.0,0,0.0,0
2012-11-26T09:17:06.500,2193.4,7109,2193.2,39,0.0,0,0.0,0,0.0,0,0.0,0,2193.4,18,0.0,0,0.0,0,0.0,0,0.0,0
2012-11-26T09:17:07.000,2193.4,7113,2193.2,38,0.0,0,0.0,0,0.0,0,0.0,0,2193.4,26,0.0,0,0.0,0,0.0,0,0.0,0
2012-11-26T09:17:07.500,2193.4,7122,2193.2,32,0.0,0,0.0,0,0.0,0,0.0,0,2193.4,27,0.0,0,0.0,0,0.0,0,0.0,0
2012-11-26T09:17:08.000,2193.4,7154,2193.2,13,0.0,0,0.0,0,0.0,0,0.0,0,2193.4,24,0.0,0,0.0,0,0.0,0,0.0,0
2012-11-26T09:17:08.500,2193.4,7162,2193.2,32,0.0,0,0.0,0,0.0,0,0.0,0,2193.4,21,0.0,0,0.0,0,0.0,0,0.0,0
2012-11-26T09:17:09.000,2193.2,7174,2193.2,22,0.0,0,0.0,0,0.0,0,0.0,0,2193.4,20,0.0,0,0.0,0,0.0,0,0.0,0
2012-11-26T09:17:09.500,2193.2,7178,2193.2,19,0.0,0,0.0,0,0.0,0,0.0,0,2193.4,17,0.0,0,0.0,0,0.0,0,0.0,0
2012-11-26T09:17:10.000,2193.2,7191,2193.2,10,0.0,0,0.0,0,0.0,0,0.0,0,2193.4,17,0.0,0,0.0,0,0.0,0,0.0,0
2012-11-26T09:17:10.500,2193.2,7198,2193.2,11,0.0,0,0.0,0,0.0,0,0.0,0,2193.4,15,0.0,0,0.0,0,0.0,0,0.0,0
2012-11-26T09:17:11.000,2193,7215,2193,189,0.0,0,0.0,0,0.0,0,0.0,0,2193.2,1,0.0,0,0.0,0,0.0,0,0.0,0
2012-11-26T09:17:11.500,2193.2,7234,2193,180,0.0,0,0.0,0,0.0,0,0.0,0,2193.2,1,0.0,0,0.0,0,0.0,0,0.0,0
2012-11-26T09:17:12.000,2193.2,7248,2193.2,28,0.0,0,0.0,0,0.0,0,0.0,0,2193.4,7,0.0,0,0.0,0,0.0,0,0.0,0
2012-11-26T09:17:12.500,2193.2,7263,2193.2,30,0.0,0,0.0,0,0.0,0,0.0,0,2193.4,42,0.0,0,0.0,0,0.0,0,0.0,0
2012-11-26T09:17:13.250,2193.2,7277,2193.2,49,0.0,0,0.0,0,0.0,0,0.0,0,2193.4,49,0.0,0,0.0,0,0.0,0,0.0,0
2012-11-26T09:17:14.000,2193.2,7290,2193.2,48,0.0,0,0.0,0,0.0,0,0.0,0,2193.4,49,0.0,0,0.0,0,0.0,0,0.0,0
2012-11-26T09:17:14.500,2193.2,7309,2193.2,30,0.0,0,0.0,0,0.0,0,0.0,0,2193.4,49,0.0,0,0.0,0,0.0,0,0.0,0
2012-11-26T09:17:15.000,2193.2,7311,2193.2,28,0.0,0,0.0,0,0.0,0,0.0,0,2193.4,49,0.0,0,0.0,0,0.0,0,0.0,0
2012-11-26T09:17:15.500,2193.2,7322,2193.2,19,0.0,0,0.0,0,0.0,0,0.0,0,2193.4,50,0.0,0,0.0,0,0.0,0,0.0,0
2012-11-26T09:17:16.000,2193.4,7344,2193.2,25,0.0,0,0.0,0,0.0,0,0.0,0,2193.4,29,0.0,0,0.0,0,0.0,0,0.0,0
2012-11-26T09:17:16.500,2193.2,7350,2193.2,19,0.0,0,0.0,0,0.0,0,0.0,0,2193.4,29,0.0,0,0.0,0,0.0,0,0.0,0
2012-11-26T09:17:17.250,2193.4,7360,2193.2,12,0.0,0,0.0,0,0.0,0,0.0,0,2193.4,31,0.0,0,0.0,0,0.0,0,0.0,0
2012-11-26T09:17:18.000,2193.2,7372,2193.2,9,0.0,0,0.0,0,0.0,0,0.0,0,2193.4,28,0.0,0,0.0,0,0.0,0,0.0,0
2012-11-26T09:17:18.500,2193.4,7385,2193.2,1,0.0,0,0.0,0,0.0,0,0.0,0,2193.4,23,0.0,0,0.0,0,0.0,0,0.0,0
2012-11-26T09:17:19.000,2193.2,7399,2193.2,1,0.0,0,0.0,0,0.0,0,0.0,0,2193.4,12,0.0,0,0.0,0,0.0,0,0.0,0
2012-11-26T09:17:19.500,2193.2,7400,2193,142,0.0,0,0.0,0,0.0,0,0.0,0,2193.2,35,0.0,0,0.0,0,0.0,0,0.0,0
2012-11-26T09:17:20.000,2193.2,7402,2193,141,0.0,0,0.0,0,0.0,0,0.0,0,2193.2,34,0.0,0,0.0,0,0.0,0,0.0,0
2012-11-26T09:17:20.500,2193.2,7409,2193,138,0.0,0,0.0,0,0.0,0,0.0,0,2193.2,31,0.0,0,0.0,0,0.0,0,0.0,0
2012-11-26T09:17:21.000,2193,7421,2193,128,0.0,0,0.0,0,0.0,0,0.0,0,2193.2,30,0.0,0,0.0,0,0.0,0,0.0,0
2012-11-26T09:17:21.500,2193,7431,2193,120,0.0,0,0.0,0,0.0,0,0.0,0,2193.2,40,0.0,0,0.0,0,0.0,0,0.0,0
2012-11-26T09:17:22.000,2193,7436,2193,117,0.0,0,0.0,0,0.0,0,0.0,0,2193.2,41,0.0,0,0.0,0,0.0,0,0.0,0
2012-11-26T09:17:22.500,2193,7456,2193,108,0.0,0,0.0,0,0.0,0,0.0,0,2193.2,30,0.0,0,0.0,0,0.0,0,0.0,0
2012-11-26T09:17:23.000,2193.2,7484,2193,86,0.0,0,0.0,0,0.0,0,0.0,0,2193.2,25,0.0,0,0.0,0,0.0,0,0.0,0
2012-11-26T09:17:23.500,2193,7502,2193,68,0.0,0,0.0,0,0.0,0,0.0,0,2193.2,25,0.0,0,0.0,0,0.0,0,0.0,0
2012-11-26T09:17:24.000,2193,7571,2192.8,35,0.0,0,0.0,0,0.0,0,0.0,0,2193,34,0.0,0,0.0,0,0.0,0,0.0,0
2012-11-26T09:17:24.500,2192.8,7598,2192.8,20,0.0,0,0.0,0,0.0,0,0.0,0,2193,27,0.0,0,0.0,0,0.0,0,0.0,0
2012-11-26T09:17:25.000,2192.8,7599,2192.8,18,0.0,0,0.0,0,0.0,0,0.0,0,2193,43,0.0,0,0.0,0,0.0,0,0.0,0
2012-11-26T09:17:25.500,2192.8,7609,2192.8,12,0.0,0,0.0,0,0.0,0,0.0,0,2193,40,0.0,0,0.0,0,0.0,0,0.0,0
2012-11-26T09:17:26.000,2192.8,7622,2192.8,10,0.0,0,0.0,0,0.0,0,0.0,0,2193,41,0.0,0,0.0,0,0.0,0,0.0,0
2012-11-26T09:17:26.500,2192.8,7629,2192.8,7,0.0,0,0.0,0,0.0,0,0.0,0,2193,41,0.0,0,0.0,0,0.0,0,0.0,0
2012-11-26T09:17:27.000,2192.6,7637,2192.6,60,0.0,0,0.0,0,0.0,0,0.0,0,2192.8,1,0.0,0,0.0,0,0.0,0,0.0,0
2012-11-26T09:17:27.500,2193,7642,2192.6,60,0.0,0,0.0,0,0.0,0,0.0,0,2192.8,1,0.0,0,0.0,0,0.0,0,0.0,0
2012-11-26T09:17:28.000,2192.6,7648,2192.6,64,0.0,0,0.0,0,0.0,0,0.0,0,2192.8,2,0.0,0,0.0,0,0.0,0,0.0,0
2012-11-26T09:17:28.500,2192.6,7661,2192.6,62,0.0,0,0.0,0,0.0,0,0.0,0,2193,20,0.0,0,0.0,0,0.0,0,0.0,0
2012-11-26T09:17:29.000,2192.6,7729,2192.6,4,0.0,0,0.0,0,0.0,0,0.0,0,2192.8,2,0.0,0,0.0,0,0.0,0,0.0,0
2012-11-26T09:17:29.500,2192.6,7731,2192.6,5,0.0,0,0.0,0,0.0,0,0.0,0,2192.8,4,0.0,0,0.0,0,0.0,0,0.0,0
2012-11-26T09:17:30.000,2192.4,7739,2192.4,17,0.0,0,0.0,0,0.0,0,0.0,0,2192.8,58,0.0,0,0.0,0,0.0,0,0.0,0
2012-11-26T09:17:30.500,2192.4,7744,2192.4,16,0.0,0,0.0,0,0.0,0,0.0,0,2192.6,17,0.0,0,0.0,0,0.0,0,0.0,0
2012-11-26T09:17:31.000,2192.6,7766,2192.4,2,0.0,0,0.0,0,0.0,0,0.0,0,2192.6,15,0.0,0,0.0,0,0.0,0,0.0,0
2012-11-26T09:17:31.500,2192.4,7776,2192.2,68,0.0,0,0.0,0,0.0,0,0.0,0,2192.4,1,0.0,0,0.0,0,0.0,0,0.0,0
2012-11-26T09:17:32.000,2192.4,7787,2192.4,18,0.0,0,0.0,0,0.0,0,0.0,0,2192.6,3,0.0,0,0.0,0,0.0,0,0.0,0
2012-11-26T09:17:32.500,2192.8,7792,2192.6,9,0.0,0,0.0,0,0.0,0,0.0,0,2192.8,60,0.0,0,0.0,0,0.0,0,0.0,0
2012-11-26T09:17:33.000,2192.6,7799,2192.6,18,0.0,0,0.0,0,0.0,0,0.0,0,2192.8,57,0.0,0,0.0,0,0.0,0,0.0,0
2012-11-26T09:17:33.500,2192.6,7802,2192.6,37,0.0,0,0.0,0,0.0,0,0.0,0,2192.8,81,0.0,0,0.0,0,0.0,0,0.0,0
2012-11-26T09:17:34.000,2192.8,7833,2192.6,33,0.0,0,0.0,0,0.0,0,0.0,0,2192.8,59,0.0,0,0.0,0,0.0,0,0.0,0
2012-11-26T09:17:34.500,2192.6,7838,2192.6,46,0.0,0,0.0,0,0.0,0,0.0,0,2192.8,60,0.0,0,0.0,0,0.0,0,0.0,0
2012-11-26T09:17:35.000,2192.6,7844,2192.6,54,0.0,0,0.0,0,0.0,0,0.0,0,2192.8,77,0.0,0,0.0,0,0.0,0,0.0,0
2012-11-26T09:17:35.500,2192.6,7854,2192.6,50,0.0,0,0.0,0,0.0,0,0.0,0,2192.8,76,0.0,0,0.0,0,0.0,0,0.0,0
2012-11-26T09:17:36.000,2192.8,7858,2192.6,37,0.0,0,0.0,0,0.0,0,0.0,0,2192.8,78,0.0,0,0.0,0,0.0,0,0.0,0
2012-11-26T09:17:36.500,2192.8,7874,2192.6,23,0.0,0,0.0,0,0.0,0,0.0,0,2192.8,84,0.0,0,0.0,0,0.0,0,0.0,0
2012-11-26T09:17:37.000,2192.6,7894,2192.6,6,0.0,0,0.0,0,0.0,0,0.0,0,2192.8,82,0.0,0,0.0,0,0.0,0,0.0,0
2012-11-26T09:17:37.500,2192.8,7901,2192.6,6,0.0,0,0.0,0,0.0,0,0.0,0,2192.8,81,0.0,0,0.0,0,0.0,0,0.0,0
2012-11-26T09:17:38.000,2192.8,7928,2192.6,6,0.0,0,0.0,0,0.0,0,0.0,0,2192.8,65,0.0,0,0.0,0,0.0,0,0.0,0
2012-11-26T09:17:38.500,2192.8,7984,2192.6,27,0.0,0,0.0,0,0.0,0,0.0,0,2192.8,13,0.0,0,0.0,0,0.0,0,0.0,0
2012-11-26T09:17:39.000,2192.8,8000,2192.8,2,0.0,0,0.0,0,0.0,0,0.0,0,2193,44,0.0,0,0.0,0,0.0,0,0.0,0
2012-11-26T09:17:39.500,2193,8033,2192.8,21,0.0,0,0.0,0,0.0,0,0.0,0,2193,15,0.0,0,0.0,0,0.0,0,0.0,0
2012-11-26T09:17:40.000,2192.8,8036,2192.8,7,0.0,0,0.0,0,0.0,0,0.0,0,2193,14,0.0,0,0.0,0,0.0,0,0.0,0
2012-11-26T09:17:40.500,2193,8040,2192.8,9,0.0,0,0.0,0,0.0,0,0.0,0,2193,13,0.0,0,0.0,0,0.0,0,0.0,0
2012-11-26T09:17:41.000,2193,8047,2192.8,8,0.0,0,0.0,0,0.0,0,0.0,0,2193,9,0.0,0,0.0,0,0.0,0,0.0,0
2012-11-26T09:17:41.500,2193,8059,2192.8,8,0.0,0,0.0,0,0.0,0,0.0,0,2193,3,0.0,0,0.0,0,0.0,0,0.0,0
2012-11-26T09:17:42.000,2193,8062,2192.8,9,0.0,0,0.0,0,0.0,0,0.0,0,2193.2,70,0.0,0,0.0,0,0.0,0,0.0,0
2012-11-26T09:17:42.500,2192.8,8067,2192.8,11,0.0,0,0.0,0,0.0,0,0.0,0,2193.2,72,0.0,0,0.0,0,0.0,0,0.0,0
2012-11-26T09:17:43.000,2193.2,8130,2192.8,13,0.0,0,0.0,0,0.0,0,0.0,0,2193,1,0.0,0,0.0,0,0.0,0,0.0,0
2012-11-26T09:17:43.500,2192.8,8141,2192.8,11,0.0,0,0.0,0,0.0,0,0.0,0,2193,2,0.0,0,0.0,0,0.0,0,0.0,0
2012-11-26T09:17:44.000,2192.8,8151,2192.8,4,0.0,0,0.0,0,0.0,0,0.0,0,2193,12,0.0,0,0.0,0,0.0,0,0.0,0
2012-11-26T09:17:44.500,2193,8156,2192.8,19,0.0,0,0.0,0,0.0,0,0.0,0,2193,12,0.0,0,0.0,0,0.0,0,0.0,0
2012-11-26T09:17:45.000,2192.8,8188,2193,1,0.0,0,0.0,0,0.0,0,0.0,0,2193.4,6,0.0,0,0.0,0,0.0,0,0.0,0
2012-11-26T09:17:45.500,2192.8,8198,2193,10,0.0,0,0.0,0,0.0,0,0.0,0,2193.4,5,0.0,0,0.0,0,0.0,0,0.0,0
2012-11-26T09:17:46.000,2193.2,8204,2193,11,0.0,0,0.0,0,0.0,0,0.0,0,2193.4,4,0.0,0,0.0,0,0.0,0,0.0,0
2012-11-26T09:17:46.500,2193.2,8208,2193,10,0.0,0,0.0,0,0.0,0,0.0,0,2193.4,5,0.0,0,0.0,0,0.0,0,0.0,0
2012-11-26T09:17:47.250,2193,8233,2192.8,26,0.0,0,0.0,0,0.0,0,0.0,0,2193.4,5,0.0,0,0.0,0,0.0,0,0.0,0
2012-11-26T09:17:48.000,2193.4,8240,2193,10,0.0,0,0.0,0,0.0,0,0.0,0,2193.4,5,0.0,0,0.0,0,0.0,0,0.0,0
2012-11-26T09:17:48.500,2193.4,8247,2193,8,0.0,0,0.0,0,0.0,0,0.0,0,2193.4,3,0.0,0,0.0,0,0.0,0,0.0,0
2012-11-26T09:17:49.000,2193.4,8249,2193,13,0.0,0,0.0,0,0.0,0,0.0,0,2193.4,12,0.0,0,0.0,0,0.0,0,0.0,0
2012-11-26T09:17:49.500,2193.4,8250,2193,13,0.0,0,0.0,0,0.0,0,0.0,0,2193.4,11,0.0,0,0.0,0,0.0,0,0.0,0
2012-11-26T09:17:50.000,2193.4,8251,2193.2,1,0.0,0,0.0,0,0.0,0,0.0,0,2193.4,12,0.0,0,0.0,0,0.0,0,0.0,0
2012-11-26T09:17:50.500,2193.2,8257,2193,15,0.0,0,0.0,0,0.0,0,0.0,0,2193.2,1,0.0,0,0.0,0,0.0,0,0.0,0
2012-11-26T09:17:51.250,2193,8264,2193,14,0.0,0,0.0,0,0.0,0,0.0,0,2193.4,6,0.0,0,0.0,0,0.0,0,0.0,0
2012-11-26T09:17:52.250,2193,8275,2193,17,0.0,0,0.0,0,0.0,0,0.0,0,2193.4,17,0.0,0,0.0,0,0.0,0,0.0,0
2012-11-26T09:17:53.000,2193.4,8284,2193,18,0.0,0,0.0,0,0.0,0,0.0,0,2193.4,8,0.0,0,0.0,0,0.0,0,0.0,0
2012-11-26T09:17:53.500,2193.4,8286,2193,26,0.0,0,0.0,0,0.0,0,0.0,0,2193.4,8,0.0,0,0.0,0,0.0,0,0.0,0
2012-11-26T09:17:54.000,2193,8288,2193,36,0.0,0,0.0,0,0.0,0,0.0,0,2193.4,8,0.0,0,0.0,0,0.0,0,0.0,0
2012-11-26T09:17:54.500,2193.6,8300,2193.4,4,0.0,0,0.0,0,0.0,0,0.0,0,2193.6,32,0.0,0,0.0,0,0.0,0,0.0,0
2012-11-26T09:17:55.000,2193.4,8304,2193.4,2,0.0,0,0.0,0,0.0,0,0.0,0,2193.6,32,0.0,0,0.0,0,0.0,0,0.0,0
2012-11-26T09:17:55.500,2193.4,8305,2193.4,5,0.0,0,0.0,0,0.0,0,0.0,0,2193.6,32,0.0,0,0.0,0,0.0,0,0.0,0
2012-11-26T09:17:56.000,2193.4,8306,2193.4,3,0.0,0,0.0,0,0.0,0,0.0,0,2193.6,31,0.0,0,0.0,0,0.0,0,0.0,0
2012-11-26T09:17:56.500,2193.4,8318,2193.2,1,0.0,0,0.0,0,0.0,0,0.0,0,2193.4,22,0.0,0,0.0,0,0.0,0,0.0,0
2012-11-26T09:17:57.000,2193.4,8319,2193.2,2,0.0,0,0.0,0,0.0,0,0.0,0,2193.4,22,0.0,0,0.0,0,0.0,0,0.0,0
2012-11-26T09:17:57.500,2193.4,8320,2193.2,3,0.0,0,0.0,0,0.0,0,0.0,0,2193.4,22,0.0,0,0.0,0,0.0,0,0.0,0
2012-11-26T09:17:58.250,2193.4,8325,2193.2,12,0.0,0,0.0,0,0.0,0,0.0,0,2193.4,23,0.0,0,0.0,0,0.0,0,0.0,0
2012-11-26T09:17:59.000,2193.2,8330,2193.2,10,0.0,0,0.0,0,0.0,0,0.0,0,2193.4,24,0.0,0,0.0,0,0.0,0,0.0,0
2012-11-26T09:17:59.500,2193.2,8332,2193.2,10,0.0,0,0.0,0,0.0,0,0.0,0,2193.4,23,0.0,0,0.0,0,0.0,0,0.0,0
2012-11-26T09:18:00.000,2193.2,8335,2193.2,7,0.0,0,0.0,0,0.0,0,0.0,0,2193.4,24,0.0,0,0.0,0,0.0,0,0.0,0
2012-11-26T09:18:00.500,2193.2,8343,2193,66,0.0,0,0.0,0,0.0,0,0.0,0,2193.2,1,0.0,0,0.0,0,0.0,0,0.0,0
2012-11-26T09:18:01.000,2193,8346,2193,61,0.0,0,0.0,0,0.0,0,0.0,0,2193.2,3,0.0,0,0.0,0,0.0,0,0.0,0
2012-11-26T09:18:01.500,2193,8362,2193,46,0.0,0,0.0,0,0.0,0,0.0,0,2193.2,4,0.0,0,0.0,0,0.0,0,0.0,0
2012-11-26T09:18:02.000,2193,8376,2193,47,0.0,0,0.0,0,0.0,0,0.0,0,2193.4,26,0.0,0,0.0,0,0.0,0,0.0,0
2012-11-26T09:18:02.500,2193,8388,2193,39,0.0,0,0.0,0,0.0,0,0.0,0,2193.4,26,0.0,0,0.0,0,0.0,0,0.0,0
2012-11-26T09:18:03.250,2193,8411,2193,20,0.0,0,0.0,0,0.0,0,0.0,0,2193.4,25,0.0,0,0.0,0,0.0,0,0.0,0
2012-11-26T09:18:04.250,2193.2,8418,2193,20,0.0,0,0.0,0,0.0,0,0.0,0,2193.2,3,0.0,0,0.0,0,0.0,0,0.0,0
2012-11-26T09:18:05.000,2193.2,8420,2193,26,0.0,0,0.0,0,0.0,0,0.0,0,2193.2,2,0.0,0,0.0,0,0.0,0,0.0,0
2012-11-26T09:18:05.500,2193,8423,2193,25,0.0,0,0.0,0,0.0,0,0.0,0,2193.2,2,0.0,0,0.0,0,0.0,0,0.0,0
2012-11-26T09:18:06.000,2193,8425,2193,25,0.0,0,0.0,0,0.0,0,0.0,0,2193.2,2,0.0,0,0.0,0,0.0,0,0.0,0
2012-11-26T09:18:06.500,2193.2,8430,2193,24,0.0,0,0.0,0,0.0,0,0.0,0,2193.4,39,0.0,0,0.0,0,0.0,0,0.0,0
2012-11-26T09:18:07.000,2193,8438,2193,19,0.0,0,0.0,0,0.0,0,0.0,0,2193.4,38,0.0,0,0.0,0,0.0,0,0.0,0
2012-11-26T09:18:07.500,2193,8448,2193,44,0.0,0,0.0,0,0.0,0,0.0,0,2193.4,38,0.0,0,0.0,0,0.0,0,0.0,0
2012-11-26T09:18:08.000,2193,8453,2193,44,0.0,0,0.0,0,0.0,0,0.0,0,2193.2,1,0.0,0,0.0,0,0.0,0,0.0,0
2012-11-26T09:18:08.500,2193.4,8462,2193,39,0.0,0,0.0,0,0.0,0,0.0,0,2193.4,37,0.0,0,0.0,0,0.0,0,0.0,0
2012-11-26T09:18:09.000,2193.4,8466,2193,40,0.0,0,0.0,0,0.0,0,0.0,0,2193.4,39,0.0,0,0.0,0,0.0,0,0.0,0
2012-11-26T09:18:09.500,2193,8468,2193.2,1,0.0,0,0.0,0,0.0,0,0.0,0,2193.4,39,0.0,0,0.0,0,0.0,0,0.0,0
2012-11-26T09:18:10.250,2193.2,8480,2193,42,0.0,0,0.0,0,0.0,0,0.0,0,2193.2,3,0.0,0,0.0,0,0.0,0,0.0,0
2012-11-26T09:18:11.000,2193.4,8496,2193.2,1,0.0,0,0.0,0,0.0,0,0.0,0,2193.4,35,0.0,0,0.0,0,0.0,0,0.0,0
2012-11-26T09:18:11.500,2193,8498,2193,31,0.0,0,0.0,0,0.0,0,0.0,0,2193.4,35,0.0,0,0.0,0,0.0,0,0.0,0
2012-11-26T09:18:12.000,2193.4,8499,2193,33,0.0,0,0.0,0,0.0,0,0.0,0,2193.4,34,0.0,0,0.0,0,0.0,0,0.0,0
2012-11-26T09:18:12.500,2193.4,8507,2193,34,0.0,0,0.0,0,0.0,0,0.0,0,2193.4,32,0.0,0,0.0,0,0.0,0,0.0,0
2012-11-26T09:18:13.000,2193,8524,2193,23,0.0,0,0.0,0,0.0,0,0.0,0,2193.4,27,0.0,0,0.0,0,0.0,0,0.0,0
2012-11-26T09:18:13.500,2193.4,8526,2193,25,0.0,0,0.0,0,0.0,0,0.0,0,2193.4,26,0.0,0,0.0,0,0.0,0,0.0,0
2012-11-26T09:18:14.000,2193.4,8538,2193.2,1,0.0,0,0.0,0,0.0,0,0.0,0,2193.4,19,0.0,0,0.0,0,0.0,0,0.0,0
2012-11-26T09:18:14.500,2193,8541,2193.2,2,0.0,0,0.0,0,0.0,0,0.0,0,2193.4,19,0.0,0,0.0,0,0.0,0,0.0,0
2012-11-26T09:18:15.000,2193.4,8542,2193.2,4,0.0,0,0.0,0,0.0,0,0.0,0,2193.4,18,0.0,0,0.0,0,0.0,0,0.0,0
2012-11-26T09:18:15.500,2193.4,8560,2193.4,10,0.0,0,0.0,0,0.0,0,0.0,0,2193.6,49,0.0,0,0.0,0,0.0,0,0.0,0
2012-11-26T09:18:16.000,2193.2,8578,2193,29,0.0,0,0.0,0,0.0,0,0.0,0,2193.2,17,0.0,0,0.0,0,0.0,0,0.0,0
2012-11-26T09:18:16.500,2193.2,8588,2193,32,0.0,0,0.0,0,0.0,0,0.0,0,2193.2,9,0.0,0,0.0,0,0.0,0,0.0,0
2012-11-26T09:18:17.000,2193.2,8592,2193,34,0.0,0,0.0,0,0.0,0,0.0,0,2193.2,5,0.0,0,0.0,0,0.0,0,0.0,0
2012-11-26T09:18:17.500,2193.2,8595,2193,34,0.0,0,0.0,0,0.0,0,0.0,0,2193.2,3,0.0,0,0.0,0,0.0,0,0.0,0
2012-11-26T09:18:18.250,2193.2,8599,2193.2,2,0.0,0,0.0,0,0.0,0,0.0,0,2193.4,7,0.0,0,0.0,0,0.0,0,0.0,0
2012-11-26T09:18:20.250,2193.4,8611,2193.4,11,0.0,0,0.0,0,0.0,0,0.0,0,2193.6,51,0.0,0,0.0,0,0.0,0,0.0,0
2012-11-26T09:18:21.000,2193.4,8614,2193.4,8,0.0,0,0.0,0,0.0,0,0.0,0,2193.6,51,0.0,0,0.0,0,0.0,0,0.0,0
2012-11-26T09:18:21.500,2193.4,8618,2193.4,26,0.0,0,0.0,0,0.0,0,0.0,0,2193.6,53,0.0,0,0.0,0,0.0,0,0.0,0
2012-11-26T09:18:22.000,2193.4,8619,2193.4,25,0.0,0,0.0,0,0.0,0,0.0,0,2193.6,54,0.0,0,0.0,0,0.0,0,0.0,0
2012-11-26T09:18:22.500,2193.4,8621,2193.4,24,0.0,0,0.0,0,0.0,0,0.0,0,2193.6,69,0.0,0,0.0,0,0.0,0,0.0,0
2012-11-26T09:18:23.000,2193.6,8644,2193.4,14,0.0,0,0.0,0,0.0,0,0.0,0,2193.6,56,0.0,0,0.0,0,0.0,0,0.0,0
2012-11-26T09:18:23.500,2193.6,8648,2193.4,16,0.0,0,0.0,0,0.0,0,0.0,0,2193.6,52,0.0,0,0.0,0,0.0,0,0.0,0
2012-11-26T09:18:24.000,2193.4,8654,2193.4,12,0.0,0,0.0,0,0.0,0,0.0,0,2193.6,51,0.0,0,0.0,0,0.0,0,0.0,0
2012-11-26T09:18:24.500,2193.6,8675,2193.4,14,0.0,0,0.0,0,0.0,0,0.0,0,2193.6,30,0.0,0,0.0,0,0.0,0,0.0,0
2012-11-26T09:18:25.000,2193.6,8677,2193.4,14,0.0,0,0.0,0,0.0,0,0.0,0,2193.6,29,0.0,0,0.0,0,0.0,0,0.0,0
2012-11-26T09:18:25.500,2193.6,8678,2193.4,16,0.0,0,0.0,0,0.0,0,0.0,0,2193.6,28,0.0,0,0.0,0,0.0,0,0.0,0
2012-11-26T09:18:26.000,2193.6,8687,2193.4,14,0.0,0,0.0,0,0.0,0,0.0,0,2193.6,21,0.0,0,0.0,0,0.0,0,0.0,0
2012-11-26T09:18:26.500,2193.6,8708,2193.6,10,0.0,0,0.0,0,0.0,0,0.0,0,2193.8,14,0.0,0,0.0,0,0.0,0,0.0,0
2012-11-26T09:18:27.000,2193.6,8731,2193.6,6,0.0,0,0.0,0,0.0,0,0.0,0,2193.8,10,0.0,0,0.0,0,0.0,0,0.0,0
2012-11-26T09:18:27.500,2194,8745,2193.6,9,0.0,0,0.0,0,0.0,0,0.0,0,2194,85,0.0,0,0.0,0,0.0,0,0.0,0
2012-11-26T09:18:28.000,2194,8755,2193.8,4,0.0,0,0.0,0,0.0,0,0.0,0,2194,75,0.0,0,0.0,0,0.0,0,0.0,0
2012-11-26T09:18:28.500,2193.8,8761,2193.6,20,0.0,0,0.0,0,0.0,0,0.0,0,2193.8,1,0.0,0,0.0,0,0.0,0,0.0,0
2012-11-26T09:18:29.000,2193.6,8773,2193.6,19,0.0,0,0.0,0,0.0,0,0.0,0,2194,61,0.0,0,0.0,0,0.0,0,0.0,0
2012-11-26T09:18:29.500,2194,8778,2193.8,3,0.0,0,0.0,0,0.0,0,0.0,0,2194,56,0.0,0,0.0,0,0.0,0,0.0,0
2012-11-26T09:18:30.000,2194,8781,2193.8,3,0.0,0,0.0,0,0.0,0,0.0,0,2194,53,0.0,0,0.0,0,0.0,0,0.0,0
2012-11-26T09:18:30.500,2193.8,8785,2193.8,1,0.0,0,0.0,0,0.0,0,0.0,0,2194,53,0.0,0,0.0,0,0.0,0,0.0,0
2012-11-26T09:18:31.000,2194,8787,2193.8,2,0.0,0,0.0,0,0.0,0,0.0,0,2194,71,0.0,0,0.0,0,0.0,0,0.0,0
2012-11-26T09:18:31.500,2194,8788,2193.8,2,0.0,0,0.0,0,0.0,0,0.0,0,2194,71,0.0,0,0.0,0,0.0,0,0.0,0
2012-11-26T09:18:32.000,2194,8795,2193.6,19,0.0,0,0.0,0,0.0,0,0.0,0,2193.8,12,0.0,0,0.0,0,0.0,0,0.0,0
2012-11-26T09:18:32.500,2194,8797,2193.6,22,0.0,0,0.0,0,0.0,0,0.0,0,2193.8,13,0.0,0,0.0,0,0.0,0,0.0,0
2012-11-26T09:18:33.000,2194,8807,2193.6,20,0.0,0,0.0,0,0.0,0,0.0,0,2193.8,8,0.0,0,0.0,0,0.0,0,0.0,0
2012-11-26T09:18:33.500,2193.8,8847,2193.8,6,0.0,0,0.0,0,0.0,0,0.0,0,2194,69,0.0,0,0.0,0,0.0,0,0.0,0
2012-11-26T09:18:34.250,2193.8,8886,2193.6,1,0.0,0,0.0,0,0.0,0,0.0,0,2193.8,14,0.0,0,0.0,0,0.0,0,0.0,0
2012-11-26T09:18:35.000,2193.6,8889,2193.4,8,0.0,0,0.0,0,0.0,0,0.0,0,2193.6,5,0.0,0,0.0,0,0.0,0,0.0,0
2012-11-26T09:18:35.500,2193.6,8892,2193.4,9,0.0,0,0.0,0,0.0,0,0.0,0,2193.6,2,0.0,0,0.0,0,0.0,0,0.0,0
2012-11-26T09:18:36.250,2193.4,8905,2193.4,6,0.0,0,0.0,0,0.0,0,0.0,0,2193.6,1,0.0,0,0.0,0,0.0,0,0.0,0
2012-11-26T09:18:37.250,2193.2,8913,2193.2,11,0.0,0,0.0,0,0.0,0,0.0,0,2193.6,5,0.0,0,0.0,0,0.0,0,0.0,0
2012-11-26T09:18:38.000,2193.6,8930,2193,85,0.0,0,0.0,0,0.0,0,0.0,0,2193.4,3,0.0,0,0.0,0,0.0,0,0.0,0
2012-11-26T09:18:38.500,2193,8935,2193,81,0.0,0,0.0,0,0.0,0,0.0,0,2193.2,1,0.0,0,0.0,0,0.0,0,0.0,0
2012-11-26T09:18:39.250,2193,8956,2193,81,0.0,0,0.0,0,0.0,0,0.0,0,2193.2,6,0.0,0,0.0,0,0.0,0,0.0,0
2012-11-26T09:18:40.250,2193.6,8980,2193.2,3,0.0,0,0.0,0,0.0,0,0.0,0,2193.6,5,0.0,0,0.0,0,0.0,0,0.0,0
2012-11-26T09:18:41.000,2193.6,8985,2193.2,16,0.0,0,0.0,0,0.0,0,0.0,0,2193.6,7,0.0,0,0.0,0,0.0,0,0.0,0
2012-11-26T09:18:41.500,2193.4,8988,2193.2,17,0.0,0,0.0,0,0.0,0,0.0,0,2193.6,7,0.0,0,0.0,0,0.0,0,0.0,0
2012-11-26T09:18:42.000,2193.2,8990,2193.2,17,0.0,0,0.0,0,0.0,0,0.0,0,2193.6,8,0.0,0,0.0,0,0.0,0,0.0,0
2012-11-26T09:18:42.500,2193.2,8991,2193.2,19,0.0,0,0.0,0,0.0,0,0.0,0,2193.6,8,0.0,0,0.0,0,0.0,0,0.0,0
2012-11-26T09:18:43.000,2193.4,8992,2193.2,8,0.0,0,0.0,0,0.0,0,0.0,0,2193.4,1,0.0,0,0.0,0,0.0,0,0.0,0
2012-11-26T09:18:43.500,2193.6,8995,2193.2,10,0.0,0,0.0,0,0.0,0,0.0,0,2193.6,7,0.0,0,0.0,0,0.0,0,0.0,0
2012-11-26T09:18:44.000,2193.6,8998,2193.2,11,0.0,0,0.0,0,0.0,0,0.0,0,2193.6,4,0.0,0,0.0,0,0.0,0,0.0,0
2012-11-26T09:18:44.500,2193.2,9000,2193.2,8,0.0,0,0.0,0,0.0,0,0.0,0,2193.6,3,0.0,0,0.0,0,0.0,0,0.0,0
2012-11-26T09:18:45.000,2193.6,9001,2193.2,8,0.0,0,0.0,0,0.0,0,0.0,0,2193.6,2,0.0,0,0.0,0,0.0,0,0.0,0
2012-11-26T09:18:45.500,2193.2,9006,2193.2,5,0.0,0,0.0,0,0.0,0,0.0,0,2193.6,2,0.0,0,0.0,0,0.0,0,0.0,0
2012-11-26T09:18:46.000,2193.6,9011,2193.6,15,0.0,0,0.0,0,0.0,0,0.0,0,2193.8,69,0.0,0,0.0,0,0.0,0,0.0,0
2012-11-26T09:18:46.500,2193.6,9037,2193.4,21,0.0,0,0.0,0,0.0,0,0.0,0,2193.6,4,0.0,0,0.0,0,0.0,0,0.0,0
2012-11-26T09:18:47.250,2193.6,9039,2193.4,26,0.0,0,0.0,0,0.0,0,0.0,0,2193.6,5,0.0,0,0.0,0,0.0,0,0.0,0
2012-11-26T09:18:48.250,2193.4,9042,2193.4,23,0.0,0,0.0,0,0.0,0,0.0,0,2193.6,25,0.0,0,0.0,0,0.0,0,0.0,0
2012-11-26T09:18:49.000,2193.6,9044,2193.4,22,0.0,0,0.0,0,0.0,0,0.0,0,2193.6,24,0.0,0,0.0,0,0.0,0,0.0,0
2012-11-26T09:18:49.500,2193.6,9045,2193.4,22,0.0,0,0.0,0,0.0,0,0.0,0,2193.6,30,0.0,0,0.0,0,0.0,0,0.0,0
2012-11-26T09:18:50.250,2193.6,9049,2193.4,20,0.0,0,0.0,0,0.0,0,0.0,0,2193.6,28,0.0,0,0.0,0,0.0,0,0.0,0
2012-11-26T09:18:51.000,2193.6,9051,2193.4,28,0.0,0,0.0,0,0.0,0,0.0,0,2193.6,28,0.0,0,0.0,0,0.0,0,0.0,0
2012-11-26T09:18:51.500,2193.6,9053,2193.4,30,0.0,0,0.0,0,0.0,0,0.0,0,2193.6,27,0.0,0,0.0,0,0.0,0,0.0,0
2012-11-26T09:18:52.000,2193.6,9058,2193.4,31,0.0,0,0.0,0,0.0,0,0.0,0,2193.6,22,0.0,0,0.0,0,0.0,0,0.0,0
2012-11-26T09:18:52.500,2193.4,9060,2193.4,31,0.0,0,0.0,0,0.0,0,0.0,0,2193.6,21,0.0,0,0.0,0,0.0,0,0.0,0
2012-11-26T09:18:53.250,2193.4,9069,2193.4,24,0.0,0,0.0,0,0.0,0,0.0,0,2193.6,19,0.0,0,0.0,0,0.0,0,0.0,0
2012-11-26T09:18:54.000,2193.4,9071,2193.4,24,0.0,0,0.0,0,0.0,0,0.0,0,2193.6,18,0.0,0,0.0,0,0.0,0,0.0,0
2012-11-26T09:18:54.500,2193.4,9075,2193.4,23,0.0,0,0.0,0,0.0,0,0.0,0,2193.6,15,0.0,0,0.0,0,0.0,0,0.0,0
2012-11-26T09:18:55.000,2193.4,9077,2193.4,21,0.0,0,0.0,0,0.0,0,0.0,0,2193.6,16,0.0,0,0.0,0,0.0,0,0.0,0
2012-11-26T09:18:55.500,2193.4,9079,2193.4,20,0.0,0,0.0,0,0.0,0,0.0,0,2193.6,17,0.0,0,0.0,0,0.0,0,0.0,0
2012-11-26T09:18:56.250,2193.6,9081,2193.4,20,0.0,0,0.0,0,0.0,0,0.0,0,2193.6,17,0.0,0,0.0,0,0.0,0,0.0,0
2012-11-26T09:18:57.000,2193.4,9101,2193.2,30,0.0,0,0.0,0,0.0,0,0.0,0,2193.4,6,0.0,0,0.0,0,0.0,0,0.0,0
2012-11-26T09:18:57.500,2193.4,9105,2193.2,33,0.0,0,0.0,0,0.0,0,0.0,0,2193.4,2,0.0,0,0.0,0,0.0,0,0.0,0
2012-11-26T09:18:58.000,2193.4,9106,2193.2,33,0.0,0,0.0,0,0.0,0,0.0,0,2193.4,44,0.0,0,0.0,0,0.0,0,0.0,0
2012-11-26T09:18:58.500,2193.4,9110,2193.2,33,0.0,0,0.0,0,0.0,0,0.0,0,2193.4,43,0.0,0,0.0,0,0.0,0,0.0,0
2012-11-26T09:18:59.000,2193.2,9111,2193.2,32,0.0,0,0.0,0,0.0,0,0.0,0,2193.4,43,0.0,0,0.0,0,0.0,0,0.0,0
2012-11-26T09:18:59.500,2193.4,9117,2193.2,31,0.0,0,0.0,0,0.0,0,0.0,0,2193.4,38,0.0,0,0.0,0,0.0,0,0.0,0
2012-11-26T09:19:00.000,2193.4,9119,2193.2,35,0.0,0,0.0,0,0.0,0,0.0,0,2193.4,37,0.0,0,0.0,0,0.0,0,0.0,0
2012-11-26T09:19:00.500,2193.2,9122,2193.2,34,0.0,0,0.0,0,0.0,0,0.0,0,2193.4,37,0.0,0,0.0,0,0.0,0,0.0,0
2012-11-26T09:19:01.000,2193.2,9124,2193.2,33,0.0,0,0.0,0,0.0,0,0.0,0,2193.4,37,0.0,0,0.0,0,0.0,0,0.0,0
2012-11-26T09:19:01.500,2193.4,9132,2193.2,29,0.0,0,0.0,0,0.0,0,0.0,0,2193.4,33,0.0,0,0.0,0,0.0,0,0.0,0
2012-11-26T09:19:02.000,2193.2,9151,2193.2,24,0.0,0,0.0,0,0.0,0,0.0,0,2193.4,20,0.0,0,0.0,0,0.0,0,0.0,0
2012-11-26T09:19:02.500,2193.2,9172,2193.2,4,0.0,0,0.0,0,0.0,0,0.0,0,2193.4,20,0.0,0,0.0,0,0.0,0,0.0,0
2012-11-26T09:19:03.000,2193.4,9192,2193,134,0.0,0,0.0,0,0.0,0,0.0,0,2193.4,7,0.0,0,0.0,0,0.0,0,0.0,0
2012-11-26T09:19:03.500,2193.2,9197,2193.2,2,0.0,0,0.0,0,0.0,0,0.0,0,2193.4,56,0.0,0,0.0,0,0.0,0,0.0,0
2012-11-26T09:19:04.000,2193.2,9204,2193.2,10,0.0,0,0.0,0,0.0,0,0.0,0,2193.4,53,0.0,0,0.0,0,0.0,0,0.0,0
2012-11-26T09:19:04.500,2193.2,9210,2193,135,0.0,0,0.0,0,0.0,0,0.0,0,2193.2,59,0.0,0,0.0,0,0.0,0,0.0,0
2012-11-26T09:19:05.000,2193,9223,2193,135,0.0,0,0.0,0,0.0,0,0.0,0,2193.2,47,0.0,0,0.0,0,0.0,0,0.0,0
2012-11-26T09:19:05.500,2193,9231,2193,133,0.0,0,0.0,0,0.0,0,0.0,0,2193.2,41,0.0,0,0.0,0,0.0,0,0.0,0
2012-11-26T09:19:06.000,2193,9234,2193,130,0.0,0,0.0,0,0.0,0,0.0,0,2193.2,41,0.0,0,0.0,0,0.0,0,0.0,0
2012-11-26T09:19:06.500,2193,9248,2193,119,0.0,0,0.0,0,0.0,0,0.0,0,2193.2,39,0.0,0,0.0,0,0.0,0,0.0,0
2012-11-26T09:19:07.000,2193,9252,2193,115,0.0,0,0.0,0,0.0,0,0.0,0,2193.2,39,0.0,0,0.0,0,0.0,0,0.0,0
2012-11-26T09:19:07.500,2193.2,9253,2193,115,0.0,0,0.0,0,0.0,0,0.0,0,2193.2,38,0.0,0,0.0,0,0.0,0,0.0,0
2012-11-26T09:19:08.000,2193,9257,2193,113,0.0,0,0.0,0,0.0,0,0.0,0,2193.2,37,0.0,0,0.0,0,0.0,0,0.0,0
2012-11-26T09:19:08.500,2193.2,9280,2193,114,0.0,0,0.0,0,0.0,0,0.0,0,2193.2,18,0.0,0,0.0,0,0.0,0,0.0,0
2012-11-26T09:19:09.250,2193,9293,2193,104,0.0,0,0.0,0,0.0,0,0.0,0,2193.2,25,0.0,0,0.0,0,0.0,0,0.0,0
2012-11-26T09:19:10.250,2193.2,9303,2193,101,0.0,0,0.0,0,0.0,0,0.0,0,2193.2,19,0.0,0,0.0,0,0.0,0,0.0,0
2012-11-26T09:19:11.000,2193,9305,2193,100,0.0,0,0.0,0,0.0,0,0.0,0,2193.2,19,0.0,0,0.0,0,0.0,0,0.0,0
2012-11-26T09:19:11.500,2193,9311,2193,98,0.0,0,0.0,0,0.0,0,0.0,0,2193.2,16,0.0,0,0.0,0,0.0,0,0.0,0
2012-11-26T09:19:12.000,2193.2,9313,2193,97,0.0,0,0.0,0,0.0,0,0.0,0,2193.2,16,0.0,0,0.0,0,0.0,0,0.0,0
2012-11-26T09:19:12.500,2193,9364,2193,46,0.0,0,0.0,0,0.0,0,0.0,0,2193.2,22,0.0,0,0.0,0,0.0,0,0.0,0
2012-11-26T09:19:13.000,2193,9383,2193,35,0.0,0,0.0,0,0.0,0,0.0,0,2193.2,15,0.0,0,0.0,0,0.0,0,0.0,0
2012-11-26T09:19:13.500,2193,9413,2193,6,0.0,0,0.0,0,0.0,0,0.0,0,2193.2,17,0.0,0,0.0,0,0.0,0,0.0,0
2012-11-26T09:19:14.000,2193,9420,2192.8,48,0.0,0,0.0,0,0.0,0,0.0,0,2193,9,0.0,0,0.0,0,0.0,0,0.0,0
2012-11-26T09:19:14.500,2193,9431,2192.8,58,0.0,0,0.0,0,0.0,0,0.0,0,2193,4,0.0,0,0.0,0,0.0,0,0.0,0
2012-11-26T09:19:15.000,2192.8,9435,2192.8,56,0.0,0,0.0,0,0.0,0,0.0,0,2193,4,0.0,0,0.0,0,0.0,0,0.0,0
2012-11-26T09:19:15.500,2193,9438,2192.8,54,0.0,0,0.0,0,0.0,0,0.0,0,2193,30,0.0,0,0.0,0,0.0,0,0.0,0
2012-11-26T09:19:16.000,2192.8,9466,2192.8,31,0.0,0,0.0,0,0.0,0,0.0,0,2193,33,0.0,0,0.0,0,0.0,0,0.0,0
2012-11-26T09:19:16.500,2192.8,9475,2192.8,25,0.0,0,0.0,0,0.0,0,0.0,0,2193,30,0.0,0,0.0,0,0.0,0,0.0,0
2012-11-26T09:19:17.000,2193,9483,2192.8,18,0.0,0,0.0,0,0.0,0,0.0,0,2193,35,0.0,0,0.0,0,0.0,0,0.0,0
2012-11-26T09:19:17.500,2192.8,9505,2192.6,53,0.0,0,0.0,0,0.0,0,0.0,0,2192.8,5,0.0,0,0.0,0,0.0,0,0.0,0
2012-11-26T09:19:18.000,2192.6,9515,2192.6,48,0.0,0,0.0,0,0.0,0,0.0,0,2192.8,3,0.0,0,0.0,0,0.0,0,0.0,0
2012-11-26T09:19:18.500,2192.6,9521,2192.6,43,0.0,0,0.0,0,0.0,0,0.0,0,2192.8,6,0.0,0,0.0,0,0.0,0,0.0,0
2012-11-26T09:19:19.000,2192.6,9531,2192.6,37,0.0,0,0.0,0,0.0,0,0.0,0,2192.8,7,0.0,0,0.0,0,0.0,0,0.0,0
2012-11-26T09:19:19.500,2192.6,9546,2192.6,35,0.0,0,0.0,0,0.0,0,0.0,0,2192.8,12,0.0,0,0.0,0,0.0,0,0.0,0
2012-11-26T09:19:20.000,2192.6,9575,2192.6,18,0.0,0,0.0,0,0.0,0,0.0,0,2192.8,39,0.0,0,0.0,0,0.0,0,0.0,0
2012-11-26T09:19:20.500,2192.6,9599,2192.4,23,0.0,0,0.0,0,0.0,0,0.0,0,2192.6,25,0.0,0,0.0,0,0.0,0,0.0,0
2012-11-26T09:19:21.000,2192.2,9630,2192.2,71,0.0,0,0.0,0,0.0,0,0.0,0,2192.4,5,0.0,0,0.0,0,0.0,0,0.0,0
2012-11-26T09:19:21.500,2192.4,9640,2192.2,66,0.0,0,0.0,0,0.0,0,0.0,0,2192.4,2,0.0,0,0.0,0,0.0,0,0.0,0
2012-11-26T09:19:22.000,2192.2,9674,2192.2,36,0.0,0,0.0,0,0.0,0,0.0,0,2192.4,6,0.0,0,0.0,0,0.0,0,0.0,0
2012-11-26T09:19:22.500,2192.2,9693,2192.2,25,0.0,0,0.0,0,0.0,0,0.0,0,2192.6,30,0.0,0,0.0,0,0.0,0,0.0,0
2012-11-26T09:19:23.000,2192.2,9712,2192.2,27,0.0,0,0.0,0,0.0,0,0.0,0,2192.6,26,0.0,0,0.0,0,0.0,0,0.0,0
2012-11-26T09:19:23.500,2192.2,9727,2192.4,10,0.0,0,0.0,0,0.0,0,0.0,0,2192.6,20,0.0,0,0.0,0,0.0,0,0.0,0
2012-11-26T09:19:24.000,2192.4,9739,2192.4,10,0.0,0,0.0,0,0.0,0,0.0,0,2192.6,18,0.0,0,0.0,0,0.0,0,0.0,0
2012-11-26T09:19:24.500,2192.4,9748,2192.4,71,0.0,0,0.0,0,0.0,0,0.0,0,2192.6,18,0.0,0,0.0,0,0.0,0,0.0,0
2012-11-26T09:19:25.000,2192.6,9783,2192.4,43,0.0,0,0.0,0,0.0,0,0.0,0,2192.6,14,0.0,0,0.0,0,0.0,0,0.0,0
2012-11-26T09:19:25.500,2192.6,9810,2192.6,15,0.0,0,0.0,0,0.0,0,0.0,0,2192.8,40,0.0,0,0.0,0,0.0,0,0.0,0
2012-11-26T09:19:26.000,2192.6,9813,2192.6,31,0.0,0,0.0,0,0.0,0,0.0,0,2192.8,40,0.0,0,0.0,0,0.0,0,0.0,0
2012-11-26T09:19:26.500,2192.6,9816,2192.6,23,0.0,0,0.0,0,0.0,0,0.0,0,2192.8,39,0.0,0,0.0,0,0.0,0,0.0,0
2012-11-26T09:19:27.000,2192.6,9817,2192.6,27,0.0,0,0.0,0,0.0,0,0.0,0,2192.8,39,0.0,0,0.0,0,0.0,0,0.0,0
2012-11-26T09:19:27.500,2192.8,9827,2192.6,18,0.0,0,0.0,0,0.0,0,0.0,0,2192.8,38,0.0,0,0.0,0,0.0,0,0.0,0
2012-11-26T09:19:28.000,2192.6,9836,2192.6,12,0.0,0,0.0,0,0.0,0,0.0,0,2192.8,46,0.0,0,0.0,0,0.0,0,0.0,0
2012-11-26T09:19:28.500,2192.8,9838,2192.6,13,0.0,0,0.0,0,0.0,0,0.0,0,2192.8,45,0.0,0,0.0,0,0.0,0,0.0,0
2012-11-26T09:19:29.000,2192.6,9854,2192.4,36,0.0,0,0.0,0,0.0,0,0.0,0,2192.6,1,0.0,0,0.0,0,0.0,0,0.0,0
2012-11-26T09:19:29.500,2192.4,9862,2192.4,35,0.0,0,0.0,0,0.0,0,0.0,0,2192.6,9,0.0,0,0.0,0,0.0,0,0.0,0
2012-11-26T09:19:30.000,2192.6,9876,2192.4,35,0.0,0,0.0,0,0.0,0,0.0,0,2192.8,60,0.0,0,0.0,0,0.0,0,0.0,0
2012-11-26T09:19:30.500,2192.4,9879,2192.4,32,0.0,0,0.0,0,0.0,0,0.0,0,2192.6,6,0.0,0,0.0,0,0.0,0,0.0,0
2012-11-26T09:19:31.000,2192.4,9890,2192.4,27,0.0,0,0.0,0,0.0,0,0.0,0,2192.6,9,0.0,0,0.0,0,0.0,0,0.0,0
2012-11-26T09:19:31.500,2192.6,9891,2192.4,28,0.0,0,0.0,0,0.0,0,0.0,0,2192.6,29,0.0,0,0.0,0,0.0,0,0.0,0
2012-11-26T09:19:32.000,2192.6,9902,2192.4,23,0.0,0,0.0,0,0.0,0,0.0,0,2192.6,22,0.0,0,0.0,0,0.0,0,0.0,0
2012-11-26T09:19:32.500,2192.4,9908,2192.4,20,0.0,0,0.0,0,0.0,0,0.0,0,2192.6,77,0.0,0,0.0,0,0.0,0,0.0,0
2012-11-26T09:19:33.000,2192.4,9926,2192.4,4,0.0,0,0.0,0,0.0,0,0.0,0,2192.6,75,0.0,0,0.0,0,0.0,0,0.0,0
2012-11-26T09:19:33.500,2192.4,9942,2192.2,20,0.0,0,0.0,0,0.0,0,0.0,0,2192.4,11,0.0,0,0.0,0,0.0,0,0.0,0
2012-11-26T09:19:34.000,2192.2,9947,2192.2,19,0.0,0,0.0,0,0.0,0,0.0,0,2192.4,18,0.0,0,0.0,0,0.0,0,0.0,0
2012-11-26T09:19:34.500,2192.2,9989,2192,150,0.0,0,0.0,0,0.0,0,0.0,0,2192.2,4,0.0,0,0.0,0,0.0,0,0.0,0
2012-11-26T09:19:35.000,2192.4,9995,2192.2,2,0.0,0,0.0,0,0.0,0,0.0,0,2192.4,12,0.0,0,0.0,0,0.0,0,0.0,0
2012-11-26T09:19:35.500,2192.4,10007,2192.2,8,0.0,0,0.0,0,0.0,0,0.0,0,2192.4,13,0.0,0,0.0,0,0.0,0,0.0,0
2012-11-26T09:19:36.000,2192.4,10010,2192.2,42,0.0,0,0.0,0,0.0,0,0.0,0,2192.4,21,0.0,0,0.0,0,0.0,0,0.0,0
2012-11-26T09:19:36.500,2192.4,10020,2192.2,51,0.0,0,0.0,0,0.0,0,0.0,0,2192.4,20,0.0,0,0.0,0,0.0,0,0.0,0
2012-11-26T09:19:37.000,2192.4,10037,2192.2,44,0.0,0,0.0,0,0.0,0,0.0,0,2192.4,13,0.0,0,0.0,0,0.0,0,0.0,0
2012-11-26T09:19:37.500,2192.4,10047,2192.2,42,0.0,0,0.0,0,0.0,0,0.0,0,2192.4,9,0.0,0,0.0,0,0.0,0,0.0,0
2012-11-26T09:19:38.000,2192.2,10056,2192.2,34,0.0,0,0.0,0,0.0,0,0.0,0,2192.4,7,0.0,0,0.0,0,0.0,0,0.0,0
2012-11-26T09:19:38.500,2192.4,10070,2192.2,35,0.0,0,0.0,0,0.0,0,0.0,0,2192.4,14,0.0,0,0.0,0,0.0,0,0.0,0
2012-11-26T09:19:39.000,2192.4,10075,2192.2,36,0.0,0,0.0,0,0.0,0,0.0,0,2192.4,14,0.0,0,0.0,0,0.0,0,0.0,0
2012-11-26T09:19:39.500,2192.2,10077,2192.2,36,0.0,0,0.0,0,0.0,0,0.0,0,2192.4,15,0.0,0,0.0,0,0.0,0,0.0,0
2012-11-26T09:19:40.000,2192.4,10085,2192.2,33,0.0,0,0.0,0,0.0,0,0.0,0,2192.4,16,0.0,0,0.0,0,0.0,0,0.0,0
2012-11-26T09:19:40.500,2192.2,10097,2192.2,27,0.0,0,0.0,0,0.0,0,0.0,0,2192.4,12,0.0,0,0.0,0,0.0,0,0.0,0
2012-11-26T09:19:41.000,2192.4,10102,2192.2,25,0.0,0,0.0,0,0.0,0,0.0,0,2192.4,9,0.0,0,0.0,0,0.0,0,0.0,0
2012-11-26T09:19:41.500,2192.2,10109,2192.2,19,0.0,0,0.0,0,0.0,0,0.0,0,2192.4,11,0.0,0,0.0,0,0.0,0,0.0,0
2012-11-26T09:19:42.000,2192.4,10128,2192.4,4,0.0,0,0.0,0,0.0,0,0.0,0,2192.6,91,0.0,0,0.0,0,0.0,0,0.0,0
2012-11-26T09:19:42.500,2192.4,10131,2192.4,3,0.0,0,0.0,0,0.0,0,0.0,0,2192.6,91,0.0,0,0.0,0,0.0,0,0.0,0
2012-11-26T09:19:43.000,2192.4,10136,2192.4,2,0.0,0,0.0,0,0.0,0,0.0,0,2192.6,91,0.0,0,0.0,0,0.0,0,0.0,0
2012-11-26T09:19:43.500,2192.4,10140,2192.2,25,0.0,0,0.0,0,0.0,0,0.0,0,2192.4,4,0.0,0,0.0,0,0.0,0,0.0,0
2012-11-26T09:19:44.000,2192.4,10143,2192.2,27,0.0,0,0.0,0,0.0,0,0.0,0,2192.4,4,0.0,0,0.0,0,0.0,0,0.0,0
2012-11-26T09:19:44.500,2192.2,10144,2192.2,27,0.0,0,0.0,0,0.0,0,0.0,0,2192.4,14,0.0,0,0.0,0,0.0,0,0.0,0
2012-11-26T09:19:45.000,2192.4,10148,2192.2,26,0.0,0,0.0,0,0.0,0,0.0,0,2192.4,11,0.0,0,0.0,0,0.0,0,0.0,0
2012-11-26T09:19:45.500,2192.4,10153,2192.2,26,0.0,0,0.0,0,0.0,0,0.0,0,2192.4,12,0.0,0,0.0,0,0.0,0,0.0,0
2012-11-26T09:19:46.000,2192.4,10158,2192.2,28,0.0,0,0.0,0,0.0,0,0.0,0,2192.4,7,0.0,0,0.0,0,0.0,0,0.0,0
2012-11-26T09:19:46.500,2192.2,10171,2192.2,19,0.0,0,0.0,0,0.0,0,0.0,0,2192.4,4,0.0,0,0.0,0,0.0,0,0.0,0
2012-11-26T09:19:47.000,2192.4,10178,2192.2,14,0.0,0,0.0,0,0.0,0,0.0,0,2192.4,21,0.0,0,0.0,0,0.0,0,0.0,0
2012-11-26T09:19:47.500,2192.2,10180,2192.2,13,0.0,0,0.0,0,0.0,0,0.0,0,2192.4,22,0.0,0,0.0,0,0.0,0,0.0,0
2012-11-26T09:19:48.000,2192,10195,2192,154,0.0,0,0.0,0,0.0,0,0.0,0,2192.2,17,0.0,0,0.0,0,0.0,0,0.0,0
2012-11-26T09:19:48.500,2192,10201,2192,151,0.0,0,0.0,0,0.0,0,0.0,0,2192.2,16,0.0,0,0.0,0,0.0,0,0.0,0
2012-11-26T09:19:49.000,2192.2,10211,2192,148,0.0,0,0.0,0,0.0,0,0.0,0,2192.2,9,0.0,0,0.0,0,0.0,0,0.0,0
2012-11-26T09:19:49.500,2192,10246,2192,122,0.0,0,0.0,0,0.0,0,0.0,0,2192.2,9,0.0,0,0.0,0,0.0,0,0.0,0
2012-11-26T09:19:50.000,2192.2,10289,2192.2,42,0.0,0,0.0,0,0.0,0,0.0,0,2192.4,24,0.0,0,0.0,0,0.0,0,0.0,0
2012-11-26T09:19:50.500,2192.2,10318,2192.2,19,0.0,0,0.0,0,0.0,0,0.0,0,2192.4,21,0.0,0,0.0,0,0.0,0,0.0,0
2012-11-26T09:19:51.000,2192.2,10328,2192.2,14,0.0,0,0.0,0,0.0,0,0.0,0,2192.4,21,0.0,0,0.0,0,0.0,0,0.0,0
2012-11-26T09:19:51.500,2192.4,10330,2192.2,13,0.0,0,0.0,0,0.0,0,0.0,0,2192.4,21,0.0,0,0.0,0,0.0,0,0.0,0
2012-11-26T09:19:52.000,2192.2,10332,2192.2,14,0.0,0,0.0,0,0.0,0,0.0,0,2192.4,54,0.0,0,0.0,0,0.0,0,0.0,0
2012-11-26T09:19:52.500,2192.2,10340,2192.2,21,0.0,0,0.0,0,0.0,0,0.0,0,2192.4,51,0.0,0,0.0,0,0.0,0,0.0,0
2012-11-26T09:19:53.000,2192.2,10351,2192.2,11,0.0,0,0.0,0,0.0,0,0.0,0,2192.4,51,0.0,0,0.0,0,0.0,0,0.0,0
2012-11-26T09:19:53.500,2192.2,10356,2192.2,8,0.0,0,0.0,0,0.0,0,0.0,0,2192.4,49,0.0,0,0.0,0,0.0,0,0.0,0
2012-11-26T09:19:54.000,2192.2,10360,2192.2,6,0.0,0,0.0,0,0.0,0,0.0,0,2192.4,49,0.0,0,0.0,0,0.0,0,0.0,0
2012-11-26T09:19:54.500,2192.2,10391,2192,112,0.0,0,0.0,0,0.0,0,0.0,0,2192.2,2,0.0,0,0.0,0,0.0,0,0.0,0
2012-11-26T09:19:55.000,2192.2,10394,2192.2,1,0.0,0,0.0,0,0.0,0,0.0,0,2192.4,45,0.0,0,0.0,0,0.0,0,0.0,0
2012-11-26T09:19:55.500,2192,10402,2192.2,3,0.0,0,0.0,0,0.0,0,0.0,0,2192.4,45,0.0,0,0.0,0,0.0,0,0.0,0
2012-11-26T09:19:56.000,2192.2,10406,2192.2,1,0.0,0,0.0,0,0.0,0,0.0,0,2192.4,44,0.0,0,0.0,0,0.0,0,0.0,0
2012-11-26T09:19:56.500,2192.2,10467,2192.2,4,0.0,0,0.0,0,0.0,0,0.0,0,2192.4,44,0.0,0,0.0,0,0.0,0,0.0,0
2012-11-26T09:19:57.000,2192.2,10480,2192,45,0.0,0,0.0,0,0.0,0,0.0,0,2192.2,5,0.0,0,0.0,0,0.0,0,0.0,0
2012-11-26T09:19:57.500,2192.2,10481,2192,48,0.0,0,0.0,0,0.0,0,0.0,0,2192.2,11,0.0,0,0.0,0,0.0,0,0.0,0
2012-11-26T09:19:58.000,2192.2,10521,2192,17,0.0,0,0.0,0,0.0,0,0.0,0,2192.2,31,0.0,0,0.0,0,0.0,0,0.0,0
2012-11-26T09:19:58.500,2192,10542,2191.8,41,0.0,0,0.0,0,0.0,0,0.0,0,2192,9,0.0,0,0.0,0,0.0,0,0.0,0
2012-11-26T09:19:59.000,2192,10565,2191.8,36,0.0,0,0.0,0,0.0,0,0.0,0,2192,21,0.0,0,0.0,0,0.0,0,0.0,0
2012-11-26T09:19:59.500,2191.8,10575,2191.8,33,0.0,0,0.0,0,0.0,0,0.0,0,2192,25,0.0,0,0.0,0,0.0,0,0.0,0
2012-11-26T09:20:00.000,2192,10589,2191.8,41,0.0,0,0.0,0,0.0,0,0.0,0,2192,18,0.0,0,0.0,0,0.0,0,0.0,0
2012-11-26T09:20:00.500,2191.8,10621,2191.8,27,0.0,0,0.0,0,0.0,0,0.0,0,2192,7,0.0,0,0.0,0,0.0,0,0.0,0
2012-11-26T09:20:01.000,2191.8,10662,2191.6,49,0.0,0,0.0,0,0.0,0,0.0,0,2192,1,0.0,0,0.0,0,0.0,0,0.0,0
2012-11-26T09:20:01.500,2192,10691,2191.8,4,0.0,0,0.0,0,0.0,0,0.0,0,2192,23,0.0,0,0.0,0,0.0,0,0.0,0
2012-11-26T09:20:02.000,2192,10760,2191.6,40,0.0,0,0.0,0,0.0,0,0.0,0,2192,23,0.0,0,0.0,0,0.0,0,0.0,0
2012-11-26T09:20:02.500,2191.6,10789,2191.6,35,0.0,0,0.0,0,0.0,0,0.0,0,2192,17,0.0,0,0.0,0,0.0,0,0.0,0
2012-11-26T09:20:03.000,2191.6,10798,2191.6,30,0.0,0,0.0,0,0.0,0,0.0,0,2191.8,2,0.0,0,0.0,0,0.0,0,0.0,0
2012-11-26T09:20:03.500,2191.8,10818,2191.6,28,0.0,0,0.0,0,0.0,0,0.0,0,2191.8,4,0.0,0,0.0,0,0.0,0,0.0,0
2012-11-26T09:20:04.000,2192,10836,2191.8,6,0.0,0,0.0,0,0.0,0,0.0,0,2192,7,0.0,0,0.0,0,0.0,0,0.0,0
2012-11-26T09:20:04.500,2191.8,10850,2191.6,29,0.0,0,0.0,0,0.0,0,0.0,0,2191.8,5,0.0,0,0.0,0,0.0,0,0.0,0
2012-11-26T09:20:05.000,2191.6,10858,2191.6,26,0.0,0,0.0,0,0.0,0,0.0,0,2191.8,4,0.0,0,0.0,0,0.0,0,0.0,0
2012-11-26T09:20:05.500,2191.8,10869,2191.8,2,0.0,0,0.0,0,0.0,0,0.0,0,2192,12,0.0,0,0.0,0,0.0,0,0.0,0
2012-11-26T09:20:06.000,2191.8,10880,2191.6,19,0.0,0,0.0,0,0.0,0,0.0,0,2191.8,13,0.0,0,0.0,0,0.0,0,0.0,0
2012-11-26T09:20:06.500,2191.8,10911,2191.8,3,0.0,0,0.0,0,0.0,0,0.0,0,2192,21,0.0,0,0.0,0,0.0,0,0.0,0
2012-11-26T09:20:07.000,2191.8,10921,2191.6,15,0.0,0,0.0,0,0.0,0,0.0,0,2191.8,3,0.0,0,0.0,0,0.0,0,0.0,0
2012-11-26T09:20:07.500,2191.8,10927,2191.6,12,0.0,0,0.0,0,0.0,0,0.0,0,2191.8,11,0.0,0,0.0,0,0.0,0,0.0,0
2012-11-26T09:20:08.000,2191.8,10939,2191.6,9,0.0,0,0.0,0,0.0,0,0.0,0,2191.8,10,0.0,0,0.0,0,0.0,0,0.0,0
2012-11-26T09:20:08.500,2191.6,10952,2191.4,19,0.0,0,0.0,0,0.0,0,0.0,0,2191.6,1,0.0,0,0.0,0,0.0,0,0.0,0
2012-11-26T09:20:09.000,2191.6,10964,2191.4,23,0.0,0,0.0,0,0.0,0,0.0,0,2191.8,5,0.0,0,0.0,0,0.0,0,0.0,0
2012-11-26T09:20:09.500,2191.6,10976,2191.4,23,0.0,0,0.0,0,0.0,0,0.0,0,2191.6,11,0.0,0,0.0,0,0.0,0,0.0,0
2012-11-26T09:20:10.000,2192,11006,2191.8,1,0.0,0,0.0,0,0.0,0,0.0,0,2192,16,0.0,0,0.0,0,0.0,0,0.0,0
2012-11-26T09:20:10.500,2192,11037,2191.8,1,0.0,0,0.0,0,0.0,0,0.0,0,2192,13,0.0,0,0.0,0,0.0,0,0.0,0
2012-11-26T09:20:11.000,2192,11052,2192,37,0.0,0,0.0,0,0.0,0,0.0,0,2192.2,28,0.0,0,0.0,0,0.0,0,0.0,0
2012-11-26T09:20:11.500,2192,11062,2192,36,0.0,0,0.0,0,0.0,0,0.0,0,2192.2,28,0.0,0,0.0,0,0.0,0,0.0,0
2012-11-26T09:20:12.000,2192.2,11073,2192,29,0.0,0,0.0,0,0.0,0,0.0,0,2192.2,24,0.0,0,0.0,0,0.0,0,0.0,0
2012-11-26T09:20:12.500,2192,11146,2191.8,8,0.0,0,0.0,0,0.0,0,0.0,0,2192.2,20,0.0,0,0.0,0,0.0,0,0.0,0
2012-11-26T09:20:13.000,2192,11154,2191.8,11,0.0,0,0.0,0,0.0,0,0.0,0,2192,40,0.0,0,0.0,0,0.0,0,0.0,0
2012-11-26T09:20:13.500,2191.8,11162,2191.8,10,0.0,0,0.0,0,0.0,0,0.0,0,2192,42,0.0,0,0.0,0,0.0,0,0.0,0
2012-11-26T09:20:14.000,2192,11179,2191.8,1,0.0,0,0.0,0,0.0,0,0.0,0,2192,40,0.0,0,0.0,0,0.0,0,0.0,0
2012-11-26T09:20:14.500,2192,11183,2191.6,13,0.0,0,0.0,0,0.0,0,0.0,0,2192,45,0.0,0,0.0,0,0.0,0,0.0,0
2012-11-26T09:20:15.000,2192,11212,2191.8,1,0.0,0,0.0,0,0.0,0,0.0,0,2192,16,0.0,0,0.0,0,0.0,0,0.0,0
2012-11-26T09:20:15.500,2192,11224,2191.8,2,0.0,0,0.0,0,0.0,0,0.0,0,2192,8,0.0,0,0.0,0,0.0,0,0.0,0
2012-11-26T09:20:16.000,2191.8,11233,2191.6,17,0.0,0,0.0,0,0.0,0,0.0,0,2192,9,0.0,0,0.0,0,0.0,0,0.0,0
2012-11-26T09:20:16.500,2192,11250,2191.8,6,0.0,0,0.0,0,0.0,0,0.0,0,2192.2,32,0.0,0,0.0,0,0.0,0,0.0,0
2012-11-26T09:20:17.000,2192,11251,2191.8,6,0.0,0,0.0,0,0.0,0,0.0,0,2192.2,33,0.0,0,0.0,0,0.0,0,0.0,0
2012-11-26T09:20:17.500,2192,11259,2192,2,0.0,0,0.0,0,0.0,0,0.0,0,2192.2,33,0.0,0,0.0,0,0.0,0,0.0,0
2012-11-26T09:20:18.000,2192.2,11272,2191.8,16,0.0,0,0.0,0,0.0,0,0.0,0,2192.2,32,0.0,0,0.0,0,0.0,0,0.0,0
2012-11-26T09:20:18.500,2192.2,11273,2191.8,21,0.0,0,0.0,0,0.0,0,0.0,0,2192.2,32,0.0,0,0.0,0,0.0,0,0.0,0
2012-11-26T09:20:19.000,2192.2,11277,2192,13,0.0,0,0.0,0,0.0,0,0.0,0,2192.2,31,0.0,0,0.0,0,0.0,0,0.0,0
2012-11-26T09:20:19.500,2192.2,11303,2192,20,0.0,0,0.0,0,0.0,0,0.0,0,2192.2,6,0.0,0,0.0,0,0.0,0,0.0,0
2012-11-26T09:20:20.000,2192.2,11316,2192.2,23,0.0,0,0.0,0,0.0,0,0.0,0,2192.4,29,0.0,0,0.0,0,0.0,0,0.0,0
2012-11-26T09:20:20.500,2192.2,11330,2192.2,16,0.0,0,0.0,0,0.0,0,0.0,0,2192.4,25,0.0,0,0.0,0,0.0,0,0.0,0
2012-11-26T09:20:21.000,2192.4,11332,2192.2,44,0.0,0,0.0,0,0.0,0,0.0,0,2192.4,24,0.0,0,0.0,0,0.0,0,0.0,0
2012-11-26T09:20:21.500,2192.2,11346,2192.2,43,0.0,0,0.0,0,0.0,0,0.0,0,2192.4,13,0.0,0,0.0,0,0.0,0,0.0,0
2012-11-26T09:20:22.000,2192.4,11358,2192.2,42,0.0,0,0.0,0,0.0,0,0.0,0,2192.4,3,0.0,0,0.0,0,0.0,0,0.0,0
2012-11-26T09:20:22.500,2192.2,11374,2192.2,34,0.0,0,0.0,0,0.0,0,0.0,0,2192.6,12,0.0,0,0.0,0,0.0,0,0.0,0
2012-11-26T09:20:23.000,2192.6,11381,2192.4,3,0.0,0,0.0,0,0.0,0,0.0,0,2192.6,5,0.0,0,0.0,0,0.0,0,0.0,0
2012-11-26T09:20:23.500,2192.6,11389,2192.4,5,0.0,0,0.0,0,0.0,0,0.0,0,2192.8,32,0.0,0,0.0,0,0.0,0,0.0,0
2012-11-26T09:20:24.000,2192.8,11392,2192.4,7,0.0,0,0.0,0,0.0,0,0.0,0,2192.6,1,0.0,0,0.0,0,0.0,0,0.0,0
2012-11-26T09:20:24.500,2192.6,11402,2192.4,4,0.0,0,0.0,0,0.0,0,0.0,0,2192.6,1,0.0,0,0.0,0,0.0,0,0.0,0
2012-11-26T09:20:25.000,2192.6,11409,2192.6,4,0.0,0,0.0,0,0.0,0,0.0,0,2192.8,28,0.0,0,0.0,0,0.0,0,0.0,0
2012-11-26T09:20:25.500,2192.4,11446,2192.2,25,0.0,0,0.0,0,0.0,0,0.0,0,2192.4,4,0.0,0,0.0,0,0.0,0,0.0,0
2012-11-26T09:20:26.000,2192.4,11449,2192.2,24,0.0,0,0.0,0,0.0,0,0.0,0,2192.4,3,0.0,0,0.0,0,0.0,0,0.0,0
2012-11-26T09:20:26.500,2192.4,11453,2192.2,23,0.0,0,0.0,0,0.0,0,0.0,0,2192.6,6,0.0,0,0.0,0,0.0,0,0.0,0
2012-11-26T09:20:27.000,2192.6,11455,2192.4,4,0.0,0,0.0,0,0.0,0,0.0,0,2192.6,22,0.0,0,0.0,0,0.0,0,0.0,0
2012-11-26T09:20:27.500,2192.6,11460,2192.4,3,0.0,0,0.0,0,0.0,0,0.0,0,2192.6,21,0.0,0,0.0,0,0.0,0,0.0,0
2012-11-26T09:20:28.000,2192.4,11464,2192.4,3,0.0,0,0.0,0,0.0,0,0.0,0,2192.6,22,0.0,0,0.0,0,0.0,0,0.0,0
2012-11-26T09:20:28.500,2192.4,11467,2192.4,2,0.0,0,0.0,0,0.0,0,0.0,0,2192.6,21,0.0,0,0.0,0,0.0,0,0.0,0
2012-11-26T09:20:29.000,2192.4,11472,2192.2,35,0.0,0,0.0,0,0.0,0,0.0,0,2192.6,9,0.0,0,0.0,0,0.0,0,0.0,0
2012-11-26T09:20:29.500,2192.6,11483,2192.2,33,0.0,0,0.0,0,0.0,0,0.0,0,2192.6,1,0.0,0,0.0,0,0.0,0,0.0,0
2012-11-26T09:20:30.250,2192.6,11487,2192.4,2,0.0,0,0.0,0,0.0,0,0.0,0,2192.6,10,0.0,0,0.0,0,0.0,0,0.0,0
2012-11-26T09:20:31.000,2192.4,11488,2192.6,5,0.0,0,0.0,0,0.0,0,0.0,0,2192.8,41,0.0,0,0.0,0,0.0,0,0.0,0
2012-11-26T09:20:31.500,2192.8,11489,2192.6,10,0.0,0,0.0,0,0.0,0,0.0,0,2192.8,41,0.0,0,0.0,0,0.0,0,0.0,0
2012-11-26T09:20:32.000,2192.8,11493,2192.6,9,0.0,0,0.0,0,0.0,0,0.0,0,2192.8,50,0.0,0,0.0,0,0.0,0,0.0,0
2012-11-26T09:20:32.500,2192.6,11523,2192.4,4,0.0,0,0.0,0,0.0,0,0.0,0,2192.6,9,0.0,0,0.0,0,0.0,0,0.0,0
2012-11-26T09:20:33.000,2192.6,11525,2192.4,6,0.0,0,0.0,0,0.0,0,0.0,0,2192.6,8,0.0,0,0.0,0,0.0,0,0.0,0
2012-11-26T09:20:33.500,2192.6,11527,2192.4,5,0.0,0,0.0,0,0.0,0,0.0,0,2192.6,18,0.0,0,0.0,0,0.0,0,0.0,0
2012-11-26T09:20:34.000,2192.4,11537,2192.2,36,0.0,0,0.0,0,0.0,0,0.0,0,2192.6,7,0.0,0,0.0,0,0.0,0,0.0,0
2012-11-26T09:20:34.500,2192.4,11539,2192.4,3,0.0,0,0.0,0,0.0,0,0.0,0,2192.6,8,0.0,0,0.0,0,0.0,0,0.0,0
2012-11-26T09:20:35.000,2192.6,11546,2192.4,1,0.0,0,0.0,0,0.0,0,0.0,0,2192.6,3,0.0,0,0.0,0,0.0,0,0.0,0
2012-11-26T09:20:35.500,2192.4,11547,2192.2,38,0.0,0,0.0,0,0.0,0,0.0,0,2192.6,3,0.0,0,0.0,0,0.0,0,0.0,0
2012-11-26T09:20:36.000,2192.6,11548,2192.4,3,0.0,0,0.0,0,0.0,0,0.0,0,2192.6,7,0.0,0,0.0,0,0.0,0,0.0,0
2012-11-26T09:20:36.500,2192.4,11551,2192.4,12,0.0,0,0.0,0,0.0,0,0.0,0,2192.6,20,0.0,0,0.0,0,0.0,0,0.0,0
2012-11-26T09:20:37.000,2192.6,11556,2192.4,10,0.0,0,0.0,0,0.0,0,0.0,0,2192.6,7,0.0,0,0.0,0,0.0,0,0.0,0
2012-11-26T09:20:37.500,2192.6,11559,2192.4,14,0.0,0,0.0,0,0.0,0,0.0,0,2192.6,6,0.0,0,0.0,0,0.0,0,0.0,0
2012-11-26T09:20:38.000,2192.6,11565,2192.4,13,0.0,0,0.0,0,0.0,0,0.0,0,2192.6,1,0.0,0,0.0,0,0.0,0,0.0,0
2012-11-26T09:20:38.500,2192.8,11587,2192.4,22,0.0,0,0.0,0,0.0,0,0.0,0,2192.8,39,0.0,0,0.0,0,0.0,0,0.0,0
2012-11-26T09:20:39.000,2192.4,11588,2192.6,20,0.0,0,0.0,0,0.0,0,0.0,0,2192.8,41,0.0,0,0.0,0,0.0,0,0.0,0
2012-11-26T09:20:39.500,2192.8,11589,2192.6,26,0.0,0,0.0,0,0.0,0,0.0,0,2192.8,40,0.0,0,0.0,0,0.0,0,0.0,0
2012-11-26T09:20:40.000,2192.6,11591,2192.6,26,0.0,0,0.0,0,0.0,0,0.0,0,2192.8,41,0.0,0,0.0,0,0.0,0,0.0,0
2012-11-26T09:20:40.500,2192.6,11594,2192.6,25,0.0,0,0.0,0,0.0,0,0.0,0,2192.8,41,0.0,0,0.0,0,0.0,0,0.0,0
2012-11-26T09:20:41.000,2192.8,11612,2192.6,26,0.0,0,0.0,0,0.0,0,0.0,0,2192.8,26,0.0,0,0.0,0,0.0,0,0.0,0
2012-11-26T09:20:41.500,2192.8,11613,2192.6,28,0.0,0,0.0,0,0.0,0,0.0,0,2192.8,27,0.0,0,0.0,0,0.0,0,0.0,0
2012-11-26T09:20:42.000,2192.8,11618,2192.6,27,0.0,0,0.0,0,0.0,0,0.0,0,2192.8,26,0.0,0,0.0,0,0.0,0,0.0,0
2012-11-26T09:20:42.500,2192.8,11621,2192.6,32,0.0,0,0.0,0,0.0,0,0.0,0,2192.8,25,0.0,0,0.0,0,0.0,0,0.0,0
2012-11-26T09:20:43.000,2192.8,11631,2192.6,23,0.0,0,0.0,0,0.0,0,0.0,0,2192.8,24,0.0,0,0.0,0,0.0,0,0.0,0
2012-11-26T09:20:43.500,2192.8,11645,2192.6,21,0.0,0,0.0,0,0.0,0,0.0,0,2192.8,12,0.0,0,0.0,0,0.0,0,0.0,0
2012-11-26T09:20:44.000,2192.8,11657,2192.6,21,0.0,0,0.0,0,0.0,0,0.0,0,2192.8,1,0.0,0,0.0,0,0.0,0,0.0,0
2012-11-26T09:20:44.500,2192.8,11662,2192.8,57,0.0,0,0.0,0,0.0,0,0.0,0,2193,49,0.0,0,0.0,0,0.0,0,0.0,0
2012-11-26T09:20:45.000,2192.8,11666,2192.8,59,0.0,0,0.0,0,0.0,0,0.0,0,2193,48,0.0,0,0.0,0,0.0,0,0.0,0
2012-11-26T09:20:45.500,2193,11670,2192.8,61,0.0,0,0.0,0,0.0,0,0.0,0,2193,55,0.0,0,0.0,0,0.0,0,0.0,0
2012-11-26T09:20:46.000,2192.8,11675,2192.8,67,0.0,0,0.0,0,0.0,0,0.0,0,2193,51,0.0,0,0.0,0,0.0,0,0.0,0
2012-11-26T09:20:46.500,2192.8,11686,2192.8,63,0.0,0,0.0,0,0.0,0,0.0,0,2193,44,0.0,0,0.0,0,0.0,0,0.0,0
2012-11-26T09:20:47.250,2193,11687,2192.8,64,0.0,0,0.0,0,0.0,0,0.0,0,2193,44,0.0,0,0.0,0,0.0,0,0.0,0
2012-11-26T09:20:48.000,2192.8,11689,2192.8,63,0.0,0,0.0,0,0.0,0,0.0,0,2193,45,0.0,0,0.0,0,0.0,0,0.0,0
2012-11-26T09:20:48.500,2193,11700,2192.8,63,0.0,0,0.0,0,0.0,0,0.0,0,2193,34,0.0,0,0.0,0,0.0,0,0.0,0
2012-11-26T09:20:49.000,2192.8,11722,2192.8,43,0.0,0,0.0,0,0.0,0,0.0,0,2193,33,0.0,0,0.0,0,0.0,0,0.0,0
2012-11-26T09:20:49.500,2193,11723,2192.8,43,0.0,0,0.0,0,0.0,0,0.0,0,2193,32,0.0,0,0.0,0,0.0,0,0.0,0
2012-11-26T09:20:50.000,2193,11740,2192.8,31,0.0,0,0.0,0,0.0,0,0.0,0,2193,38,0.0,0,0.0,0,0.0,0,0.0,0
2012-11-26T09:20:50.500,2193,11744,2192.8,30,0.0,0,0.0,0,0.0,0,0.0,0,2193,37,0.0,0,0.0,0,0.0,0,0.0,0
2012-11-26T09:20:51.000,2192.8,11768,2192.8,7,0.0,0,0.0,0,0.0,0,0.0,0,2193,55,0.0,0,0.0,0,0.0,0,0.0,0
2012-11-26T09:20:51.500,2192.8,11779,2192.6,20,0.0,0,0.0,0,0.0,0,0.0,0,2192.8,11,0.0,0,0.0,0,0.0,0,0.0,0
2012-11-26T09:20:52.000,2192.6,11781,2192.6,19,0.0,0,0.0,0,0.0,0,0.0,0,2192.8,12,0.0,0,0.0,0,0.0,0,0.0,0
2012-11-26T09:20:52.500,2192.6,11792,2192.6,8,0.0,0,0.0,0,0.0,0,0.0,0,2192.8,20,0.0,0,0.0,0,0.0,0,0.0,0
2012-11-26T09:20:53.000,2192.6,11797,2192.6,6,0.0,0,0.0,0,0.0,0,0.0,0,2192.8,24,0.0,0,0.0,0,0.0,0,0.0,0
2012-11-26T09:20:53.500,2192.8,11798,2192.6,6,0.0,0,0.0,0,0.0,0,0.0,0,2192.8,36,0.0,0,0.0,0,0.0,0,0.0,0
2012-11-26T09:20:54.000,2192.4,11843,2192.2,15,0.0,0,0.0,0,0.0,0,0.0,0,2192.4,7,0.0,0,0.0,0,0.0,0,0.0,0
2012-11-26T09:20:54.500,2192,11869,2192,39,0.0,0,0.0,0,0.0,0,0.0,0,2192.4,10,0.0,0,0.0,0,0.0,0,0.0,0
2012-11-26T09:20:55.000,2192,11870,2192,38,0.0,0,0.0,0,0.0,0,0.0,0,2192.2,2,0.0,0,0.0,0,0.0,0,0.0,0
2012-11-26T09:20:55.500,2192.4,11880,2192.2,16,0.0,0,0.0,0,0.0,0,0.0,0,2192.4,2,0.0,0,0.0,0,0.0,0,0.0,0
2012-11-26T09:20:56.000,2192.2,11881,2192.2,19,0.0,0,0.0,0,0.0,0,0.0,0,2192.4,2,0.0,0,0.0,0,0.0,0,0.0,0
2012-11-26T09:20:56.500,2192.2,11883,2192.2,21,0.0,0,0.0,0,0.0,0,0.0,0,2192.4,12,0.0,0,0.0,0,0.0,0,0.0,0
2012-11-26T09:20:57.000,2192.2,11889,2192.2,17,0.0,0,0.0,0,0.0,0,0.0,0,2192.4,20,0.0,0,0.0,0,0.0,0,0.0,0
2012-11-26T09:20:57.500,2192.2,11892,2192.2,15,0.0,0,0.0,0,0.0,0,0.0,0,2192.4,19,0.0,0,0.0,0,0.0,0,0.0,0
2012-11-26T09:20:58.000,2192.2,11903,2192.2,4,0.0,0,0.0,0,0.0,0,0.0,0,2192.4,18,0.0,0,0.0,0,0.0,0,0.0,0
2012-11-26T09:20:58.500,2192.2,11909,2192.2,3,0.0,0,0.0,0,0.0,0,0.0,0,2192.4,15,0.0,0,0.0,0,0.0,0,0.0,0
2012-11-26T09:20:59.000,2192.2,11916,2192,36,0.0,0,0.0,0,0.0,0,0.0,0,2192.2,1,0.0,0,0.0,0,0.0,0,0.0,0
2012-11-26T09:20:59.500,2192.2,11918,2192,36,0.0,0,0.0,0,0.0,0,0.0,0,2192.2,1,0.0,0,0.0,0,0.0,0,0.0,0
2012-11-26T09:21:00.000,2192,11923,2192.2,2,0.0,0,0.0,0,0.0,0,0.0,0,2192.4,14,0.0,0,0.0,0,0.0,0,0.0,0
2012-11-26T09:21:00.500,2192,11933,2192.2,27,0.0,0,0.0,0,0.0,0,0.0,0,2192.4,14,0.0,0,0.0,0,0.0,0,0.0,0
2012-11-26T09:21:01.000,2192.2,11960,2192.2,4,0.0,0,0.0,0,0.0,0,0.0,0,2192.4,13,0.0,0,0.0,0,0.0,0,0.0,0
2012-11-26T09:21:01.500,2192,11979,2192,24,0.0,0,0.0,0,0.0,0,0.0,0,2192.4,13,0.0,0,0.0,0,0.0,0,0.0,0
2012-11-26T09:21:02.000,2192,11998,2192,7,0.0,0,0.0,0,0.0,0,0.0,0,2192.2,6,0.0,0,0.0,0,0.0,0,0.0,0
2012-11-26T09:21:02.500,2192.4,12031,2192.2,2,0.0,0,0.0,0,0.0,0,0.0,0,2192.4,5,0.0,0,0.0,0,0.0,0,0.0,0
2012-11-26T09:21:03.000,2192,12036,2192,2,0.0,0,0.0,0,0.0,0,0.0,0,2192.2,1,0.0,0,0.0,0,0.0,0,0.0,0
2012-11-26T09:21:03.500,2192,12038,2192,1,0.0,0,0.0,0,0.0,0,0.0,0,2192.2,12,0.0,0,0.0,0,0.0,0,0.0,0
2012-11-26T09:21:04.000,2192,12041,2191.8,53,0.0,0,0.0,0,0.0,0,0.0,0,2192,2,0.0,0,0.0,0,0.0,0,0.0,0
2012-11-26T09:21:04.500,2191.8,12050,2191.8,48,0.0,0,0.0,0,0.0,0,0.0,0,2192.2,11,0.0,0,0.0,0,0.0,0,0.0,0
2012-11-26T09:21:05.000,2192.2,12055,2191.8,48,0.0,0,0.0,0,0.0,0,0.0,0,2192.2,8,0.0,0,0.0,0,0.0,0,0.0,0
2012-11-26T09:21:05.500,2191.8,12099,2191.8,15,0.0,0,0.0,0,0.0,0,0.0,0,2192.2,9,0.0,0,0.0,0,0.0,0,0.0,0
2012-11-26T09:21:06.000,2192.2,12104,2191.8,14,0.0,0,0.0,0,0.0,0,0.0,0,2192.2,9,0.0,0,0.0,0,0.0,0,0.0,0
2012-11-26T09:21:06.500,2191.8,12117,2191.8,13,0.0,0,0.0,0,0.0,0,0.0,0,2192,1,0.0,0,0.0,0,0.0,0,0.0,0
2012-11-26T09:21:07.000,2191.8,12132,2191.6,26,0.0,0,0.0,0,0.0,0,0.0,0,2191.8,3,0.0,0,0.0,0,0.0,0,0.0,0
2012-11-26T09:21:07.500,2191.8,12136,2191.8,1,0.0,0,0.0,0,0.0,0,0.0,0,2192,7,0.0,0,0.0,0,0.0,0,0.0,0
2012-11-26T09:21:08.000,2192,12155,2191.6,11,0.0,0,0.0,0,0.0,0,0.0,0,2192,7,0.0,0,0.0,0,0.0,0,0.0,0
2012-11-26T09:21:08.500,2191.6,12162,2191.6,9,0.0,0,0.0,0,0.0,0,0.0,0,2192,8,0.0,0,0.0,0,0.0,0,0.0,0
2012-11-26T09:21:09.000,2191.2,12193,2191.2,77,0.0,0,0.0,0,0.0,0,0.0,0,2191.8,21,0.0,0,0.0,0,0.0,0,0.0,0
2012-11-26T09:21:09.500,2191.2,12224,2191.2,57,0.0,0,0.0,0,0.0,0,0.0,0,2191.4,4,0.0,0,0.0,0,0.0,0,0.0,0
2012-11-26T09:21:10.000,2191.2,12249,2191.2,36,0.0,0,0.0,0,0.0,0,0.0,0,2191.4,4,0.0,0,0.0,0,0.0,0,0.0,0
2012-11-26T09:21:10.500,2191.2,12292,2191,103,0.0,0,0.0,0,0.0,0,0.0,0,2191.2,25,0.0,0,0.0,0,0.0,0,0.0,0
2012-11-26T09:21:11.000,2191,12356,2191,47,0.0,0,0.0,0,0.0,0,0.0,0,2191.2,22,0.0,0,0.0,0,0.0,0,0.0,0
2012-11-26T09:21:11.500,2191,12384,2191,25,0.0,0,0.0,0,0.0,0,0.0,0,2191.2,21,0.0,0,0.0,0,0.0,0,0.0,0
2012-11-26T09:21:12.000,2190.8,12417,2190.8,28,0.0,0,0.0,0,0.0,0,0.0,0,2191,4,0.0,0,0.0,0,0.0,0,0.0,0
2012-11-26T09:21:12.500,2190.8,12440,2190.8,28,0.0,0,0.0,0,0.0,0,0.0,0,2191,3,0.0,0,0.0,0,0.0,0,0.0,0
2012-11-26T09:21:13.000,2191,12473,2191,10,0.0,0,0.0,0,0.0,0,0.0,0,2191.2,22,0.0,0,0.0,0,0.0,0,0.0,0
2012-11-26T09:21:13.500,2191,12505,2191,9,0.0,0,0.0,0,0.0,0,0.0,0,2191.2,8,0.0,0,0.0,0,0.0,0,0.0,0
2012-11-26T09:21:14.000,2191,12536,2191,28,0.0,0,0.0,0,0.0,0,0.0,0,2191.2,6,0.0,0,0.0,0,0.0,0,0.0,0
2012-11-26T09:21:14.500,2191.2,12552,2191.2,10,0.0,0,0.0,0,0.0,0,0.0,0,2191.6,20,0.0,0,0.0,0,0.0,0,0.0,0
2012-11-26T09:21:15.000,2191.6,12557,2191.2,19,0.0,0,0.0,0,0.0,0,0.0,0,2191.6,7,0.0,0,0.0,0,0.0,0,0.0,0
2012-11-26T09:21:15.500,2191.6,12562,2191.4,5,0.0,0,0.0,0,0.0,0,0.0,0,2191.6,6,0.0,0,0.0,0,0.0,0,0.0,0
2012-11-26T09:21:16.000,2191.6,12571,2191.2,24,0.0,0,0.0,0,0.0,0,0.0,0,2191.4,1,0.0,0,0.0,0,0.0,0,0.0,0
2012-11-26T09:21:16.500,2191.2,12600,2191.2,3,0.0,0,0.0,0,0.0,0,0.0,0,2191.6,4,0.0,0,0.0,0,0.0,0,0.0,0
2012-11-26T09:21:17.000,2191.2,12602,2191.4,3,0.0,0,0.0,0,0.0,0,0.0,0,2191.6,12,0.0,0,0.0,0,0.0,0,0.0,0
2012-11-26T09:21:17.500,2191.2,12606,2191.2,3,0.0,0,0.0,0,0.0,0,0.0,0,2191.6,13,0.0,0,0.0,0,0.0,0,0.0,0
2012-11-26T09:21:18.000,2191.2,12612,2191,19,0.0,0,0.0,0,0.0,0,0.0,0,2191.2,1,0.0,0,0.0,0,0.0,0,0.0,0
2012-11-26T09:21:18.500,2191.2,12633,2191,11,0.0,0,0.0,0,0.0,0,0.0,0,2191.4,22,0.0,0,0.0,0,0.0,0,0.0,0
2012-11-26T09:21:19.000,2191.2,12648,2191,5,0.0,0,0.0,0,0.0,0,0.0,0,2191.2,8,0.0,0,0.0,0,0.0,0,0.0,0
2012-11-26T09:21:19.500,2190.8,12673,2190.8,10,0.0,0,0.0,0,0.0,0,0.0,0,2191,8,0.0,0,0.0,0,0.0,0,0.0,0
2012-11-26T09:21:20.000,2190.8,12687,2190.6,54,0.0,0,0.0,0,0.0,0,0.0,0,2190.8,5,0.0,0,0.0,0,0.0,0,0.0,0
2012-11-26T09:21:20.500,2190.8,12732,2190.6,18,0.0,0,0.0,0,0.0,0,0.0,0,2190.8,13,0.0,0,0.0,0,0.0,0,0.0,0
2012-11-26T09:21:21.000,2190.6,12767,2190.4,19,0.0,0,0.0,0,0.0,0,0.0,0,2190.6,8,0.0,0,0.0,0,0.0,0,0.0,0
2012-11-26T09:21:21.500,2190.4,12815,2190.2,70,0.0,0,0.0,0,0.0,0,0.0,0,2190.4,1,0.0,0,0.0,0,0.0,0,0.0,0
2012-11-26T09:21:22.000,2190.2,12881,2190.2,6,0.0,0,0.0,0,0.0,0,0.0,0,2190.6,17,0.0,0,0.0,0,0.0,0,0.0,0
2012-11-26T09:21:22.500,2190,12912,2190,238,0.0,0,0.0,0,0.0,0,0.0,0,2190.2,31,0.0,0,0.0,0,0.0,0,0.0,0
2012-11-26T09:21:23.000,2190.4,13063,2190,134,0.0,0,0.0,0,0.0,0,0.0,0,2190.4,13,0.0,0,0.0,0,0.0,0,0.0,0
2012-11-26T09:21:23.500,2190.2,13134,2190.2,20,0.0,0,0.0,0,0.0,0,0.0,0,2190.4,10,0.0,0,0.0,0,0.0,0,0.0,0
2012-11-26T09:21:24.000,2190.2,13152,2190.2,13,0.0,0,0.0,0,0.0,0,0.0,0,2190.4,12,0.0,0,0.0,0,0.0,0,0.0,0
2012-11-26T09:21:24.500,2190.4,13174,2190.2,33,0.0,0,0.0,0,0.0,0,0.0,0,2190.4,9,0.0,0,0.0,0,0.0,0,0.0,0
2012-11-26T09:21:25.000,2190.4,13215,2190.4,17,0.0,0,0.0,0,0.0,0,0.0,0,2190.6,32,0.0,0,0.0,0,0.0,0,0.0,0
2012-11-26T09:21:25.500,2190.6,13230,2190.4,38,0.0,0,0.0,0,0.0,0,0.0,0,2190.6,22,0.0,0,0.0,0,0.0,0,0.0,0
2012-11-26T09:21:26.000,2190.4,13247,2190.4,34,0.0,0,0.0,0,0.0,0,0.0,0,2190.6,15,0.0,0,0.0,0,0.0,0,0.0,0
2012-11-26T09:21:26.500,2190.4,13294,2190.2,28,0.0,0,0.0,0,0.0,0,0.0,0,2190.4,14,0.0,0,0.0,0,0.0,0,0.0,0
2012-11-26T09:21:27.000,2190.4,13318,2190.2,18,0.0,0,0.0,0,0.0,0,0.0,0,2190.4,4,0.0,0,0.0,0,0.0,0,0.0,0
2012-11-26T09:21:27.500,2190.4,13327,2190.2,14,0.0,0,0.0,0,0.0,0,0.0,0,2190.6,10,0.0,0,0.0,0,0.0,0,0.0,0
2012-11-26T09:21:28.000,2190.6,13335,2190.2,14,0.0,0,0.0,0,0.0,0,0.0,0,2190.6,8,0.0,0,0.0,0,0.0,0,0.0,0
2012-11-26T09:21:28.500,2190.6,13350,2190.2,10,0.0,0,0.0,0,0.0,0,0.0,0,2190.6,3,0.0,0,0.0,0,0.0,0,0.0,0
2012-11-26T09:21:29.000,2190.2,13374,2190,125,0.0,0,0.0,0,0.0,0,0.0,0,2190.4,1,0.0,0,0.0,0,0.0,0,0.0,0
2012-11-26T09:21:29.500,2190.2,13377,2190,124,0.0,0,0.0,0,0.0,0,0.0,0,2190.2,1,0.0,0,0.0,0,0.0,0,0.0,0
2012-11-26T09:21:30.000,2190.4,13391,2190.6,5,0.0,0,0.0,0,0.0,0,0.0,0,2190.8,15,0.0,0,0.0,0,0.0,0,0.0,0
2012-11-26T09:21:30.500,2190.6,13404,2190.4,4,0.0,0,0.0,0,0.0,0,0.0,0,2190.6,39,0.0,0,0.0,0,0.0,0,0.0,0
2012-11-26T09:21:31.000,2190.6,13444,2190,115,0.0,0,0.0,0,0.0,0,0.0,0,2190.4,1,0.0,0,0.0,0,0.0,0,0.0,0
2012-11-26T09:21:31.500,2190.2,13462,2190.2,1,0.0,0,0.0,0,0.0,0,0.0,0,2190.4,10,0.0,0,0.0,0,0.0,0,0.0,0
2012-11-26T09:21:32.000,2190.2,13483,2190,115,0.0,0,0.0,0,0.0,0,0.0,0,2190.2,8,0.0,0,0.0,0,0.0,0,0.0,0
2012-11-26T09:21:32.500,2190.2,13549,2190.2,14,0.0,0,0.0,0,0.0,0,0.0,0,2190.6,30,0.0,0,0.0,0,0.0,0,0.0,0
2012-11-26T09:21:33.000,2190.2,13567,2190,117,0.0,0,0.0,0,0.0,0,0.0,0,2190.2,15,0.0,0,0.0,0,0.0,0,0.0,0
2012-11-26T09:21:33.500,2190,13573,2190,114,0.0,0,0.0,0,0.0,0,0.0,0,2190.2,14,0.0,0,0.0,0,0.0,0,0.0,0
2012-11-26T09:21:34.000,2190,13579,2190,110,0.0,0,0.0,0,0.0,0,0.0,0,2190.2,12,0.0,0,0.0,0,0.0,0,0.0,0
2012-11-26T09:21:34.500,2190,13625,2190,76,0.0,0,0.0,0,0.0,0,0.0,0,2190.2,9,0.0,0,0.0,0,0.0,0,0.0,0
2012-11-26T09:21:35.000,2190,13719,2189.8,16,0.0,0,0.0,0,0.0,0,0.0,0,2190,63,0.0,0,0.0,0,0.0,0,0.0,0
2012-11-26T09:21:35.500,2189.8,13771,2189.2,24,0.0,0,0.0,0,0.0,0,0.0,0,2189.8,21,0.0,0,0.0,0,0.0,0,0.0,0
2012-11-26T09:21:36.000,2189.2,13803,2189.4,2,0.0,0,0.0,0,0.0,0,0.0,0,2189.6,12,0.0,0,0.0,0,0.0,0,0.0,0
2012-11-26T09:21:36.500,2189.4,13839,2189.4,8,0.0,0,0.0,0,0.0,0,0.0,0,2189.6,13,0.0,0,0.0,0,0.0,0,0.0,0
2012-11-26T09:21:37.000,2189.6,13876,2189.6,28,0.0,0,0.0,0,0.0,0,0.0,0,2189.8,8,0.0,0,0.0,0,0.0,0,0.0,0
2012-11-26T09:21:37.500,2189.8,13923,2189.8,33,0.0,0,0.0,0,0.0,0,0.0,0,2190,40,0.0,0,0.0,0,0.0,0,0.0,0
2012-11-26T09:21:38.000,2189.8,13927,2189.8,68,0.0,0,0.0,0,0.0,0,0.0,0,2190,26,0.0,0,0.0,0,0.0,0,0.0,0
2012-11-26T09:21:38.500,2190.2,13971,2190.2,24,0.0,0,0.0,0,0.0,0,0.0,0,2190.4,18,0.0,0,0.0,0,0.0,0,0.0,0
2012-11-26T09:21:39.000,2190.2,14003,2190.4,1,0.0,0,0.0,0,0.0,0,0.0,0,2190.6,31,0.0,0,0.0,0,0.0,0,0.0,0
2012-11-26T09:21:39.500,2190.4,14009,2190.2,26,0.0,0,0.0,0,0.0,0,0.0,0,2190.4,3,0.0,0,0.0,0,0.0,0,0.0,0
2012-11-26T09:21:40.000,2190.4,14028,2190.4,4,0.0,0,0.0,0,0.0,0,0.0,0,2190.6,15,0.0,0,0.0,0,0.0,0,0.0,0
2012-11-26T09:21:40.500,2190.6,14046,2190.2,13,0.0,0,0.0,0,0.0,0,0.0,0,2190.4,2,0.0,0,0.0,0,0.0,0,0.0,0
2012-11-26T09:21:41.000,2190.2,14063,2190.2,8,0.0,0,0.0,0,0.0,0,0.0,0,2190.4,5,0.0,0,0.0,0,0.0,0,0.0,0
2012-11-26T09:21:41.500,2190.4,14088,2190,50,0.0,0,0.0,0,0.0,0,0.0,0,2190.4,9,0.0,0,0.0,0,0.0,0,0.0,0
2012-11-26T09:21:42.000,2190,14092,2190,62,0.0,0,0.0,0,0.0,0,0.0,0,2190.2,1,0.0,0,0.0,0,0.0,0,0.0,0
2012-11-26T09:21:42.500,2190.2,14105,2190,58,0.0,0,0.0,0,0.0,0,0.0,0,2190.2,2,0.0,0,0.0,0,0.0,0,0.0,0
2012-11-26T09:21:43.000,2190.2,14115,2190.2,21,0.0,0,0.0,0,0.0,0,0.0,0,2190.4,1,0.0,0,0.0,0,0.0,0,0.0,0
2012-11-26T09:21:43.500,2190.6,14133,2190.6,16,0.0,0,0.0,0,0.0,0,0.0,0,2190.8,18,0.0,0,0.0,0,0.0,0,0.0,0
2012-11-26T09:21:44.000,2190.6,14137,2190.6,25,0.0,0,0.0,0,0.0,0,0.0,0,2190.8,20,0.0,0,0.0,0,0.0,0,0.0,0
2012-11-26T09:21:44.500,2190.6,14150,2190.6,22,0.0,0,0.0,0,0.0,0,0.0,0,2190.8,16,0.0,0,0.0,0,0.0,0,0.0,0
2012-11-26T09:21:45.000,2190.4,14190,2190.2,43,0.0,0,0.0,0,0.0,0,0.0,0,2190.8,10,0.0,0,0.0,0,0.0,0,0.0,0
2012-11-26T09:21:45.500,2190.8,14215,2190.8,5,0.0,0,0.0,0,0.0,0,0.0,0,2191,15,0.0,0,0.0,0,0.0,0,0.0,0
2012-11-26T09:21:46.000,2190.8,14222,2190.8,7,0.0,0,0.0,0,0.0,0,0.0,0,2191,14,0.0,0,0.0,0,0.0,0,0.0,0
2012-11-26T09:21:46.500,2190.8,14226,2190.6,2,0.0,0,0.0,0,0.0,0,0.0,0,2190.8,3,0.0,0,0.0,0,0.0,0,0.0,0
2012-11-26T09:21:47.000,2190.8,14233,2190.6,23,0.0,0,0.0,0,0.0,0,0.0,0,2190.8,3,0.0,0,0.0,0,0.0,0,0.0,0
2012-11-26T09:21:47.500,2190.8,14241,2190.6,26,0.0,0,0.0,0,0.0,0,0.0,0,2191,16,0.0,0,0.0,0,0.0,0,0.0,0
2012-11-26T09:21:48.000,2191,14250,2190.6,25,0.0,0,0.0,0,0.0,0,0.0,0,2191,15,0.0,0,0.0,0,0.0,0,0.0,0
2012-11-26T09:21:48.500,2190.6,14268,2190.6,14,0.0,0,0.0,0,0.0,0,0.0,0,2190.8,1,0.0,0,0.0,0,0.0,0,0.0,0
2012-11-26T09:21:49.000,2190.8,14270,2190.8,1,0.0,0,0.0,0,0.0,0,0.0,0,2191,8,0.0,0,0.0,0,0.0,0,0.0,0
2012-11-26T09:21:49.500,2190.8,14285,2190.8,5,0.0,0,0.0,0,0.0,0,0.0,0,2191,10,0.0,0,0.0,0,0.0,0,0.0,0
2012-11-26T09:21:50.250,2190.6,14307,2190.6,16,0.0,0,0.0,0,0.0,0,0.0,0,2191,41,0.0,0,0.0,0,0.0,0,0.0,0
2012-11-26T09:21:51.000,2190.8,14311,2190.6,16,0.0,0,0.0,0,0.0,0,0.0,0,2191,44,0.0,0,0.0,0,0.0,0,0.0,0
2012-11-26T09:21:51.500,2190.8,14314,2190.6,18,0.0,0,0.0,0,0.0,0,0.0,0,2190.8,24,0.0,0,0.0,0,0.0,0,0.0,0
2012-11-26T09:21:52.000,2190.6,14330,2190.6,12,0.0,0,0.0,0,0.0,0,0.0,0,2190.8,14,0.0,0,0.0,0,0.0,0,0.0,0
2012-11-26T09:21:52.500,2190.8,14331,2190.6,22,0.0,0,0.0,0,0.0,0,0.0,0,2190.8,17,0.0,0,0.0,0,0.0,0,0.0,0
2012-11-26T09:21:53.000,2191,14392,2190.6,1,0.0,0,0.0,0,0.0,0,0.0,0,2191,39,0.0,0,0.0,0,0.0,0,0.0,0
2012-11-26T09:21:53.500,2190.8,14396,2190.4,7,0.0,0,0.0,0,0.0,0,0.0,0,2190.8,1,0.0,0,0.0,0,0.0,0,0.0,0
2012-11-26T09:21:54.000,2190.6,14399,2190.4,11,0.0,0,0.0,0,0.0,0,0.0,0,2190.8,5,0.0,0,0.0,0,0.0,0,0.0,0
2012-11-26T09:21:54.500,2190.4,14410,2190.6,1,0.0,0,0.0,0,0.0,0,0.0,0,2190.8,9,0.0,0,0.0,0,0.0,0,0.0,0
2012-11-26T09:21:55.000,2190.6,14429,2190.4,2,0.0,0,0.0,0,0.0,0,0.0,0,2191,55,0.0,0,0.0,0,0.0,0,0.0,0
2012-11-26T09:21:55.500,2190.4,14433,2190.4,2,0.0,0,0.0,0,0.0,0,0.0,0,2190.6,9,0.0,0,0.0,0,0.0,0,0.0,0
2012-11-26T09:21:56.000,2190.6,14441,2190.4,9,0.0,0,0.0,0,0.0,0,0.0,0,2190.6,13,0.0,0,0.0,0,0.0,0,0.0,0
2012-11-26T09:21:56.500,2190.4,14444,2190.4,31,0.0,0,0.0,0,0.0,0,0.0,0,2190.6,11,0.0,0,0.0,0,0.0,0,0.0,0
2012-11-26T09:21:57.000,2190.8,14462,2190.4,32,0.0,0,0.0,0,0.0,0,0.0,0,2190.8,2,0.0,0,0.0,0,0.0,0,0.0,0
2012-11-26T09:21:57.500,2190.8,14464,2190.6,14,0.0,0,0.0,0,0.0,0,0.0,0,2190.8,4,0.0,0,0.0,0,0.0,0,0.0,0
2012-11-26T09:21:58.000,2190.4,14508,2190.8,1,0.0,0,0.0,0,0.0,0,0.0,0,2191,68,0.0,0,0.0,0,0.0,0,0.0,0
2012-11-26T09:21:58.500,2190.8,14509,2190.8,3,0.0,0,0.0,0,0.0,0,0.0,0,2191,68,0.0,0,0.0,0,0.0,0,0.0,0
2012-11-26T09:21:59.000,2190.6,14535,2190.6,20,0.0,0,0.0,0,0.0,0,0.0,0,2190.8,1,0.0,0,0.0,0,0.0,0,0.0,0
2012-11-26T09:21:59.500,2190.8,14536,2190.6,22,0.0,0,0.0,0,0.0,0,0.0,0,2190.8,3,0.0,0,0.0,0,0.0,0,0.0,0
2012-11-26T09:22:00.000,2190.8,14537,2190.6,26,0.0,0,0.0,0,0.0,0,0.0,0,2190.8,2,0.0,0,0.0,0,0.0,0,0.0,0
2012-11-26T09:22:00.500,2190.8,14552,2190.8,7,0.0,0,0.0,0,0.0,0,0.0,0,2191,45,0.0,0,0.0,0,0.0,0,0.0,0
2012-11-26T09:22:01.000,2190.6,14586,2190.6,7,0.0,0,0.0,0,0.0,0,0.0,0,2190.8,1,0.0,0,0.0,0,0.0,0,0.0,0
2012-11-26T09:22:01.500,2190.8,14599,2190.6,13,0.0,0,0.0,0,0.0,0,0.0,0,2190.8,20,0.0,0,0.0,0,0.0,0,0.0,0
2012-11-26T09:22:02.000,2190.8,14622,2190.6,13,0.0,0,0.0,0,0.0,0,0.0,0,2190.8,12,0.0,0,0.0,0,0.0,0,0.0,0
2012-11-26T09:22:02.500,2190.8,14642,2190.8,5,0.0,0,0.0,0,0.0,0,0.0,0,2191,36,0.0,0,0.0,0,0.0,0,0.0,0
2012-11-26T09:22:03.000,2190.8,14651,2190.6,18,0.0,0,0.0,0,0.0,0,0.0,0,2190.8,5,0.0,0,0.0,0,0.0,0,0.0,0
2012-11-26T09:22:03.500,2190.6,14653,2190.6,16,0.0,0,0.0,0,0.0,0,0.0,0,2190.8,5,0.0,0,0.0,0,0.0,0,0.0,0
2012-11-26T09:22:04.000,2191,14680,2190.6,9,0.0,0,0.0,0,0.0,0,0.0,0,2191,24,0.0,0,0.0,0,0.0,0,0.0,0
2012-11-26T09:22:04.500,2190.8,14704,2190.6,9,0.0,0,0.0,0,0.0,0,0.0,0,2190.8,4,0.0,0,0.0,0,0.0,0,0.0,0
2012-11-26T09:22:05.000,2190.8,14712,2190.6,10,0.0,0,0.0,0,0.0,0,0.0,0,2190.8,2,0.0,0,0.0,0,0.0,0,0.0,0
2012-11-26T09:22:05.500,2190.8,14724,2190.8,3,0.0,0,0.0,0,0.0,0,0.0,0,2191,17,0.0,0,0.0,0,0.0,0,0.0,0
2012-11-26T09:22:06.000,2190.8,14731,2190.6,4,0.0,0,0.0,0,0.0,0,0.0,0,2190.8,2,0.0,0,0.0,0,0.0,0,0.0,0
2012-11-26T09:22:06.500,2190.6,14741,2190.8,1,0.0,0,0.0,0,0.0,0,0.0,0,2191,15,0.0,0,0.0,0,0.0,0,0.0,0
2012-11-26T09:22:07.000,2190.8,14747,2190.8,1,0.0,0,0.0,0,0.0,0,0.0,0,2191,12,0.0,0,0.0,0,0.0,0,0.0,0
2012-11-26T09:22:07.500,2190.8,14748,2190.6,41,0.0,0,0.0,0,0.0,0,0.0,0,2191,51,0.0,0,0.0,0,0.0,0,0.0,0
2012-11-26T09:22:08.250,2190.6,14752,2190.6,39,0.0,0,0.0,0,0.0,0,0.0,0,2190.8,4,0.0,0,0.0,0,0.0,0,0.0,0
2012-11-26T09:22:09.000,2191,14793,2190.8,3,0.0,0,0.0,0,0.0,0,0.0,0,2191,36,0.0,0,0.0,0,0.0,0,0.0,0
2012-11-26T09:22:09.500,2190.8,14795,2190.8,3,0.0,0,0.0,0,0.0,0,0.0,0,2191,45,0.0,0,0.0,0,0.0,0,0.0,0
2012-11-26T09:22:10.000,2190.8,14803,2190.6,26,0.0,0,0.0,0,0.0,0,0.0,0,2190.8,6,0.0,0,0.0,0,0.0,0,0.0,0
2012-11-26T09:22:10.500,2190.8,14806,2190.6,30,0.0,0,0.0,0,0.0,0,0.0,0,2190.8,8,0.0,0,0.0,0,0.0,0,0.0,0
2012-11-26T09:22:11.000,2190.6,14817,2190.6,20,0.0,0,0.0,0,0.0,0,0.0,0,2190.8,8,0.0,0,0.0,0,0.0,0,0.0,0
2012-11-26T09:22:11.500,2190.8,14831,2190.6,29,0.0,0,0.0,0,0.0,0,0.0,0,2190.8,8,0.0,0,0.0,0,0.0,0,0.0,0
2012-11-26T09:22:12.000,2190.8,14856,2190.6,9,0.0,0,0.0,0,0.0,0,0.0,0,2190.8,8,0.0,0,0.0,0,0.0,0,0.0,0
2012-11-26T09:22:12.500,2190.6,14876,2190.6,11,0.0,0,0.0,0,0.0,0,0.0,0,2190.8,18,0.0,0,0.0,0,0.0,0,0.0,0
2012-11-26T09:22:13.000,2190.8,14879,2190.6,12,0.0,0,0.0,0,0.0,0,0.0,0,2190.8,18,0.0,0,0.0,0,0.0,0,0.0,0
2012-11-26T09:22:13.500,2190.6,14880,2190.6,11,0.0,0,0.0,0,0.0,0,0.0,0,2190.8,25,0.0,0,0.0,0,0.0,0,0.0,0
2012-11-26T09:22:14.000,2190.6,14898,2190.6,4,0.0,0,0.0,0,0.0,0,0.0,0,2190.8,21,0.0,0,0.0,0,0.0,0,0.0,0
2012-11-26T09:22:14.500,2190.8,14906,2190.6,1,0.0,0,0.0,0,0.0,0,0.0,0,2190.8,21,0.0,0,0.0,0,0.0,0,0.0,0
2012-11-26T09:22:15.000,2190.8,14907,2190.6,2,0.0,0,0.0,0,0.0,0,0.0,0,2190.8,21,0.0,0,0.0,0,0.0,0,0.0,0
2012-11-26T09:22:15.500,2190.8,14914,2190.6,2,0.0,0,0.0,0,0.0,0,0.0,0,2190.8,16,0.0,0,0.0,0,0.0,0,0.0,0
2012-11-26T09:22:16.000,2190.8,14918,2190.6,6,0.0,0,0.0,0,0.0,0,0.0,0,2190.8,14,0.0,0,0.0,0,0.0,0,0.0,0
2012-11-26T09:22:16.500,2190.8,14925,2190.6,6,0.0,0,0.0,0,0.0,0,0.0,0,2190.8,12,0.0,0,0.0,0,0.0,0,0.0,0
2012-11-26T09:22:17.000,2190.8,14927,2190.6,9,0.0,0,0.0,0,0.0,0,0.0,0,2190.8,10,0.0,0,0.0,0,0.0,0,0.0,0
2012-11-26T09:22:17.500,2190.8,14935,2190.6,8,0.0,0,0.0,0,0.0,0,0.0,0,2190.8,2,0.0,0,0.0,0,0.0,0,0.0,0
2012-11-26T09:22:18.000,2190.6,14971,2190.8,19,0.0,0,0.0,0,0.0,0,0.0,0,2191,7,0.0,0,0.0,0,0.0,0,0.0,0
2012-11-26T09:22:18.500,2191,14975,2190.8,24,0.0,0,0.0,0,0.0,0,0.0,0,2191,3,0.0,0,0.0,0,0.0,0,0.0,0
2012-11-26T09:22:19.000,2191,14981,2191,27,0.0,0,0.0,0,0.0,0,0.0,0,2191.2,19,0.0,0,0.0,0,0.0,0,0.0,0
2012-11-26T09:22:19.500,2191,14986,2191,26,0.0,0,0.0,0,0.0,0,0.0,0,2191.2,33,0.0,0,0.0,0,0.0,0,0.0,0
2012-11-26T09:22:20.000,2191,15012,2191,22,0.0,0,0.0,0,0.0,0,0.0,0,2191.2,24,0.0,0,0.0,0,0.0,0,0.0,0
2012-11-26T09:22:20.500,2191.2,15024,2191,8,0.0,0,0.0,0,0.0,0,0.0,0,2191.2,28,0.0,0,0.0,0,0.0,0,0.0,0
2012-11-26T09:22:21.000,2191,15032,2191,1,0.0,0,0.0,0,0.0,0,0.0,0,2191.2,24,0.0,0,0.0,0,0.0,0,0.0,0
2012-11-26T09:22:21.500,2191.2,15059,2190.8,25,0.0,0,0.0,0,0.0,0,0.0,0,2191.2,1,0.0,0,0.0,0,0.0,0,0.0,0
2012-11-26T09:22:22.000,2191.2,15064,2191.2,6,0.0,0,0.0,0,0.0,0,0.0,0,2191.4,102,0.0,0,0.0,0,0.0,0,0.0,0
2012-11-26T09:22:22.500,2191.2,15078,2191,2,0.0,0,0.0,0,0.0,0,0.0,0,2191.2,5,0.0,0,0.0,0,0.0,0,0.0,0
2012-11-26T09:22:23.250,2191,15088,2190.8,25,0.0,0,0.0,0,0.0,0,0.0,0,2191,17,0.0,0,0.0,0,0.0,0,0.0,0
2012-11-26T09:22:24.000,2191,15092,2190.8,26,0.0,0,0.0,0,0.0,0,0.0,0,2191,16,0.0,0,0.0,0,0.0,0,0.0,0
2012-11-26T09:22:24.500,2191,15100,2190.8,22,0.0,0,0.0,0,0.0,0,0.0,0,2191,16,0.0,0,0.0,0,0.0,0,0.0,0
2012-11-26T09:22:25.000,2191,15101,2190.8,23,0.0,0,0.0,0,0.0,0,0.0,0,2191,15,0.0,0,0.0,0,0.0,0,0.0,0
2012-11-26T09:22:25.500,2191,15106,2190.8,23,0.0,0,0.0,0,0.0,0,0.0,0,2191,10,0.0,0,0.0,0,0.0,0,0.0,0
2012-11-26T09:22:26.000,2191,15107,2190.8,23,0.0,0,0.0,0,0.0,0,0.0,0,2191,9,0.0,0,0.0,0,0.0,0,0.0,0
2012-11-26T09:22:26.500,2191,15111,2190.8,31,0.0,0,0.0,0,0.0,0,0.0,0,2191,5,0.0,0,0.0,0,0.0,0,0.0,0
2012-11-26T09:22:27.000,2190.8,15114,2190.8,30,0.0,0,0.0,0,0.0,0,0.0,0,2191,3,0.0,0,0.0,0,0.0,0,0.0,0
2012-11-26T09:22:27.500,2191,15120,2190.8,36,0.0,0,0.0,0,0.0,0,0.0,0,2191,5,0.0,0,0.0,0,0.0,0,0.0,0
2012-11-26T09:22:28.250,2191,15122,2190.8,38,0.0,0,0.0,0,0.0,0,0.0,0,2191,4,0.0,0,0.0,0,0.0,0,0.0,0
2012-11-26T09:22:29.250,2190.8,15135,2190.8,26,0.0,0,0.0,0,0.0,0,0.0,0,2191,13,0.0,0,0.0,0,0.0,0,0.0,0
2012-11-26T09:22:30.000,2191,15139,2190.8,27,0.0,0,0.0,0,0.0,0,0.0,0,2191,28,0.0,0,0.0,0,0.0,0,0.0,0
2012-11-26T09:22:30.500,2191,15145,2190.8,26,0.0,0,0.0,0,0.0,0,0.0,0,2191,27,0.0,0,0.0,0,0.0,0,0.0,0
2012-11-26T09:22:31.000,2191,15152,2190.8,26,0.0,0,0.0,0,0.0,0,0.0,0,2191,32,0.0,0,0.0,0,0.0,0,0.0,0
2012-11-26T09:22:31.500,2191,15181,2190.8,4,0.0,0,0.0,0,0.0,0,0.0,0,2191,31,0.0,0,0.0,0,0.0,0,0.0,0
2012-11-26T09:22:32.000,2190.8,15188,2190.6,19,0.0,0,0.0,0,0.0,0,0.0,0,2190.8,34,0.0,0,0.0,0,0.0,0,0.0,0
2012-11-26T09:22:32.500,2190.6,15196,2190.6,17,0.0,0,0.0,0,0.0,0,0.0,0,2190.8,27,0.0,0,0.0,0,0.0,0,0.0,0
2012-11-26T09:22:33.000,2190.6,15224,2190.6,10,0.0,0,0.0,0,0.0,0,0.0,0,2190.8,3,0.0,0,0.0,0,0.0,0,0.0,0
2012-11-26T09:22:33.500,2190.6,15226,2190.6,27,0.0,0,0.0,0,0.0,0,0.0,0,2190.8,4,0.0,0,0.0,0,0.0,0,0.0,0
2012-11-26T09:22:34.000,2190.8,15233,2190.8,14,0.0,0,0.0,0,0.0,0,0.0,0,2191,27,0.0,0,0.0,0,0.0,0,0.0,0
2012-11-26T09:22:34.500,2190.8,15239,2190.8,11,0.0,0,0.0,0,0.0,0,0.0,0,2191,25,0.0,0,0.0,0,0.0,0,0.0,0
2012-11-26T09:22:35.000,2190.8,15252,2190.8,3,0.0,0,0.0,0,0.0,0,0.0,0,2191,20,0.0,0,0.0,0,0.0,0,0.0,0
2012-11-26T09:22:35.500,2191,15253,2190.8,3,0.0,0,0.0,0,0.0,0,0.0,0,2191,25,0.0,0,0.0,0,0.0,0,0.0,0
2012-11-26T09:22:36.000,2191,15261,2190.6,26,0.0,0,0.0,0,0.0,0,0.0,0,2190.8,1,0.0,0,0.0,0,0.0,0,0.0,0
2012-11-26T09:22:36.500,2190.6,15264,2190.6,23,0.0,0,0.0,0,0.0,0,0.0,0,2190.8,2,0.0,0,0.0,0,0.0,0,0.0,0
2012-11-26T09:22:37.000,2190.8,15278,2190.6,24,0.0,0,0.0,0,0.0,0,0.0,0,2190.8,5,0.0,0,0.0,0,0.0,0,0.0,0
2012-11-26T09:22:37.500,2190.8,15281,2190.6,23,0.0,0,0.0,0,0.0,0,0.0,0,2190.8,4,0.0,0,0.0,0,0.0,0,0.0,0
2012-11-26T09:22:38.000,2190.8,15282,2190.6,23,0.0,0,0.0,0,0.0,0,0.0,0,2190.8,3,0.0,0,0.0,0,0.0,0,0.0,0
2012-11-26T09:22:38.500,2190.8,15283,2190.6,23,0.0,0,0.0,0,0.0,0,0.0,0,2190.8,2,0.0,0,0.0,0,0.0,0,0.0,0
2012-11-26T09:22:39.250,2190.8,15285,2190.6,23,0.0,0,0.0,0,0.0,0,0.0,0,2191,1,0.0,0,0.0,0,0.0,0,0.0,0
2012-11-26T09:22:40.250,2190.6,15289,2190.6,22,0.0,0,0.0,0,0.0,0,0.0,0,2190.8,2,0.0,0,0.0,0,0.0,0,0.0,0
2012-11-26T09:22:41.000,2191,15292,2191,5,0.0,0,0.0,0,0.0,0,0.0,0,2191.2,56,0.0,0,0.0,0,0.0,0,0.0,0
2012-11-26T09:22:41.500,2191,15293,2191,4,0.0,0,0.0,0,0.0,0,0.0,0,2191.2,56,0.0,0,0.0,0,0.0,0,0.0,0
2012-11-26T09:22:42.250,2191,15297,2190.8,1,0.0,0,0.0,0,0.0,0,0.0,0,2191.2,56,0.0,0,0.0,0,0.0,0,0.0,0
2012-11-26T09:22:43.000,2190.8,15298,2190.8,3,0.0,0,0.0,0,0.0,0,0.0,0,2191,13,0.0,0,0.0,0,0.0,0,0.0,0
2012-11-26T09:22:43.500,2191,15302,2190.8,3,0.0,0,0.0,0,0.0,0,0.0,0,2191,10,0.0,0,0.0,0,0.0,0,0.0,0
2012-11-26T09:22:44.000,2191,15303,2190.8,4,0.0,0,0.0,0,0.0,0,0.0,0,2191,31,0.0,0,0.0,0,0.0,0,0.0,0
2012-11-26T09:22:44.500,2190.8,15316,2190.8,3,0.0,0,0.0,0,0.0,0,0.0,0,2191,20,0.0,0,0.0,0,0.0,0,0.0,0
2012-11-26T09:22:45.000,2191,15317,2190.8,3,0.0,0,0.0,0,0.0,0,0.0,0,2191,19,0.0,0,0.0,0,0.0,0,0.0,0
2012-11-26T09:22:45.500,2191.2,15337,2191,2,0.0,0,0.0,0,0.0,0,0.0,0,2191.2,57,0.0,0,0.0,0,0.0,0,0.0,0
2012-11-26T09:22:46.000,2191,15338,2191,2,0.0,0,0.0,0,0.0,0,0.0,0,2191.2,58,0.0,0,0.0,0,0.0,0,0.0,0
2012-11-26T09:22:46.500,2190.8,15342,2190.8,4,0.0,0,0.0,0,0.0,0,0.0,0,2191.2,58,0.0,0,0.0,0,0.0,0,0.0,0
2012-11-26T09:22:47.250,2191.2,15343,2190.8,6,0.0,0,0.0,0,0.0,0,0.0,0,2191,13,0.0,0,0.0,0,0.0,0,0.0,0
2012-11-26T09:22:48.000,2191,15362,2191,2,0.0,0,0.0,0,0.0,0,0.0,0,2191.2,57,0.0,0,0.0,0,0.0,0,0.0,0
2012-11-26T09:22:48.500,2191.2,15363,2191,3,0.0,0,0.0,0,0.0,0,0.0,0,2191.2,56,0.0,0,0.0,0,0.0,0,0.0,0
2012-11-26T09:22:49.250,2191,15365,2191,3,0.0,0,0.0,0,0.0,0,0.0,0,2191.2,55,0.0,0,0.0,0,0.0,0,0.0,0
2012-11-26T09:22:50.000,2191,15371,2191,2,0.0,0,0.0,0,0.0,0,0.0,0,2191.2,51,0.0,0,0.0,0,0.0,0,0.0,0
2012-11-26T09:22:50.500,2191.2,15377,2190.8,11,0.0,0,0.0,0,0.0,0,0.0,0,2191.2,48,0.0,0,0.0,0,0.0,0,0.0,0
2012-11-26T09:22:51.000,2191.2,15378,2190.8,11,0.0,0,0.0,0,0.0,0,0.0,0,2191,3,0.0,0,0.0,0,0.0,0,0.0,0
2012-11-26T09:22:51.500,2191,15379,2190.8,13,0.0,0,0.0,0,0.0,0,0.0,0,2191,3,0.0,0,0.0,0,0.0,0,0.0,0
2012-11-26T09:22:52.000,2190.8,15382,2190.8,13,0.0,0,0.0,0,0.0,0,0.0,0,2191,1,0.0,0,0.0,0,0.0,0,0.0,0
2012-11-26T09:22:52.500,2191,15384,2190.8,14,0.0,0,0.0,0,0.0,0,0.0,0,2191,6,0.0,0,0.0,0,0.0,0,0.0,0
2012-11-26T09:22:53.000,2191,15387,2190.8,12,0.0,0,0.0,0,0.0,0,0.0,0,2191,6,0.0,0,0.0,0,0.0,0,0.0,0
2012-11-26T09:22:53.500,2191,15388,2190.8,12,0.0,0,0.0,0,0.0,0,0.0,0,2191,5,0.0,0,0.0,0,0.0,0,0.0,0
2012-11-26T09:22:54.250,2191,15399,2190.8,11,0.0,0,0.0,0,0.0,0,0.0,0,2191,6,0.0,0,0.0,0,0.0,0,0.0,0
2012-11-26T09:22:55.000,2191,15401,2190.8,21,0.0,0,0.0,0,0.0,0,0.0,0,2191,18,0.0,0,0.0,0,0.0,0,0.0,0
2012-11-26T09:22:55.500,2191,15402,2190.8,21,0.0,0,0.0,0,0.0,0,0.0,0,2191,17,0.0,0,0.0,0,0.0,0,0.0,0
2012-11-26T09:22:56.000,2191,15405,2190.8,21,0.0,0,0.0,0,0.0,0,0.0,0,2191,17,0.0,0,0.0,0,0.0,0,0.0,0
2012-11-26T09:22:56.500,2191,15425,2190.8,21,0.0,0,0.0,0,0.0,0,0.0,0,2191.2,54,0.0,0,0.0,0,0.0,0,0.0,0
2012-11-26T09:22:57.000,2190.8,15435,2190.8,14,0.0,0,0.0,0,0.0,0,0.0,0,2191.2,54,0.0,0,0.0,0,0.0,0,0.0,0
2012-11-26T09:22:57.500,2191.2,15436,2190.8,14,0.0,0,0.0,0,0.0,0,0.0,0,2191,1,0.0,0,0.0,0,0.0,0,0.0,0
2012-11-26T09:22:58.000,2190.8,15437,2190.8,16,0.0,0,0.0,0,0.0,0,0.0,0,2191,2,0.0,0,0.0,0,0.0,0,0.0,0
2012-11-26T09:22:58.500,2191.2,15444,2191,1,0.0,0,0.0,0,0.0,0,0.0,0,2191.2,49,0.0,0,0.0,0,0.0,0,0.0,0
2012-11-26T09:22:59.250,2191,15445,2191,1,0.0,0,0.0,0,0.0,0,0.0,0,2191.2,49,0.0,0,0.0,0,0.0,0,0.0,0
2012-11-26T09:23:00.000,2191,15447,2191,2,0.0,0,0.0,0,0.0,0,0.0,0,2191.2,49,0.0,0,0.0,0,0.0,0,0.0,0
2012-11-26T09:23:00.500,2190.8,15451,2191,7,0.0,0,0.0,0,0.0,0,0.0,0,2191.2,50,0.0,0,0.0,0,0.0,0,0.0,0
2012-11-26T09:23:01.000,2191,15481,2190.8,11,0.0,0,0.0,0,0.0,0,0.0,0,2191,18,0.0,0,0.0,0,0.0,0,0.0,0
2012-11-26T09:23:01.500,2191,15486,2190.8,8,0.0,0,0.0,0,0.0,0,0.0,0,2191,32,0.0,0,0.0,0,0.0,0,0.0,0
2012-11-26T09:23:02.000,2190.8,15501,2190.8,6,0.0,0,0.0,0,0.0,0,0.0,0,2191,29,0.0,0,0.0,0,0.0,0,0.0,0
2012-11-26T09:23:02.500,2190.8,15505,2190.6,44,0.0,0,0.0,0,0.0,0,0.0,0,2190.8,4,0.0,0,0.0,0,0.0,0,0.0,0
2012-11-26T09:23:03.000,2190.6,15508,2190.6,41,0.0,0,0.0,0,0.0,0,0.0,0,2191,30,0.0,0,0.0,0,0.0,0,0.0,0
2012-11-26T09:23:03.500,2190.6,15515,2190.6,37,0.0,0,0.0,0,0.0,0,0.0,0,2190.8,12,0.0,0,0.0,0,0.0,0,0.0,0
2012-11-26T09:23:04.000,2190.6,15548,2190.6,35,0.0,0,0.0,0,0.0,0,0.0,0,2190.8,6,0.0,0,0.0,0,0.0,0,0.0,0
2012-11-26T09:23:04.500,2190.6,15578,2190.6,7,0.0,0,0.0,0,0.0,0,0.0,0,2190.8,4,0.0,0,0.0,0,0.0,0,0.0,0
2012-11-26T09:23:05.000,2191,15596,2190.6,1,0.0,0,0.0,0,0.0,0,0.0,0,2191,15,0.0,0,0.0,0,0.0,0,0.0,0
2012-11-26T09:23:05.500,2190.6,15597,2190.4,24,0.0,0,0.0,0,0.0,0,0.0,0,2190.6,12,0.0,0,0.0,0,0.0,0,0.0,0
2012-11-26T09:23:06.000,2190.6,15598,2190.4,25,0.0,0,0.0,0,0.0,0,0.0,0,2190.6,18,0.0,0,0.0,0,0.0,0,0.0,0
2012-11-26T09:23:06.500,2190.6,15616,2190.6,24,0.0,0,0.0,0,0.0,0,0.0,0,2190.8,8,0.0,0,0.0,0,0.0,0,0.0,0
2012-11-26T09:23:07.000,2190.6,15622,2190.6,25,0.0,0,0.0,0,0.0,0,0.0,0,2190.8,3,0.0,0,0.0,0,0.0,0,0.0,0
2012-11-26T09:23:07.500,2190.8,15626,2190.8,6,0.0,0,0.0,0,0.0,0,0.0,0,2191,23,0.0,0,0.0,0,0.0,0,0.0,0
2012-11-26T09:23:08.000,2190.8,15630,2190.8,2,0.0,0,0.0,0,0.0,0,0.0,0,2191,23,0.0,0,0.0,0,0.0,0,0.0,0
2012-11-26T09:23:08.500,2190.8,15640,2190.8,12,0.0,0,0.0,0,0.0,0,0.0,0,2191,15,0.0,0,0.0,0,0.0,0,0.0,0
2012-11-26T09:23:09.250,2191,15647,2190.8,30,0.0,0,0.0,0,0.0,0,0.0,0,2191,30,0.0,0,0.0,0,0.0,0,0.0,0
2012-11-26T09:23:10.000,2191,15681,2190.8,25,0.0,0,0.0,0,0.0,0,0.0,0,2191,1,0.0,0,0.0,0,0.0,0,0.0,0
2012-11-26T09:23:10.500,2191,15689,2191,1,0.0,0,0.0,0,0.0,0,0.0,0,2191.2,65,0.0,0,0.0,0,0.0,0,0.0,0
2012-11-26T09:23:11.000,2191.2,15693,2191,15,0.0,0,0.0,0,0.0,0,0.0,0,2191.2,64,0.0,0,0.0,0,0.0,0,0.0,0
2012-11-26T09:23:11.500,2191.2,15694,2191,26,0.0,0,0.0,0,0.0,0,0.0,0,2191.2,63,0.0,0,0.0,0,0.0,0,0.0,0
2012-11-26T09:23:12.000,2191.2,15695,2191,26,0.0,0,0.0,0,0.0,0,0.0,0,2191.2,62,0.0,0,0.0,0,0.0,0,0.0,0
2012-11-26T09:23:12.500,2191,15757,2191,31,0.0,0,0.0,0,0.0,0,0.0,0,2191.2,3,0.0,0,0.0,0,0.0,0,0.0,0
2012-11-26T09:23:13.000,2191.4,15776,2191.2,48,0.0,0,0.0,0,0.0,0,0.0,0,2191.4,89,0.0,0,0.0,0,0.0,0,0.0,0
2012-11-26T09:23:13.500,2191.4,15780,2191.2,55,0.0,0,0.0,0,0.0,0,0.0,0,2191.4,85,0.0,0,0.0,0,0.0,0,0.0,0
2012-11-26T09:23:14.000,2191.4,15790,2191.2,52,0.0,0,0.0,0,0.0,0,0.0,0,2191.4,78,0.0,0,0.0,0,0.0,0,0.0,0
2012-11-26T09:23:14.500,2191.4,15844,2191.2,52,0.0,0,0.0,0,0.0,0,0.0,0,2191.4,25,0.0,0,0.0,0,0.0,0,0.0,0
2012-11-26T09:23:15.000,2191.4,15853,2191.2,48,0.0,0,0.0,0,0.0,0,0.0,0,2191.4,19,0.0,0,0.0,0,0.0,0,0.0,0
2012-11-26T09:23:15.500,2191.4,15864,2191.2,46,0.0,0,0.0,0,0.0,0,0.0,0,2191.4,8,0.0,0,0.0,0,0.0,0,0.0,0
2012-11-26T09:23:16.000,2191.4,15899,2191.2,19,0.0,0,0.0,0,0.0,0,0.0,0,2191.4,5,0.0,0,0.0,0,0.0,0,0.0,0
2012-11-26T09:23:16.500,2191.4,15905,2191.2,10,0.0,0,0.0,0,0.0,0,0.0,0,2191.4,8,0.0,0,0.0,0,0.0,0,0.0,0
2012-11-26T09:23:17.000,2191.2,15916,2191,21,0.0,0,0.0,0,0.0,0,0.0,0,2191.2,19,0.0,0,0.0,0,0.0,0,0.0,0
2012-11-26T09:23:17.500,2191.2,15919,2191,20,0.0,0,0.0,0,0.0,0,0.0,0,2191.2,18,0.0,0,0.0,0,0.0,0,0.0,0
2012-11-26T09:23:18.000,2191.2,15926,2191,15,0.0,0,0.0,0,0.0,0,0.0,0,2191.2,18,0.0,0,0.0,0,0.0,0,0.0,0
2012-11-26T09:23:18.500,2191.2,15929,2191,15,0.0,0,0.0,0,0.0,0,0.0,0,2191.2,16,0.0,0,0.0,0,0.0,0,0.0,0
2012-11-26T09:23:19.000,2191.2,15932,2191,16,0.0,0,0.0,0,0.0,0,0.0,0,2191.2,15,0.0,0,0.0,0,0.0,0,0.0,0
2012-11-26T09:23:19.500,2191,15943,2191,5,0.0,0,0.0,0,0.0,0,0.0,0,2191.2,14,0.0,0,0.0,0,0.0,0,0.0,0
2012-11-26T09:23:20.250,2191.2,15957,2191,6,0.0,0,0.0,0,0.0,0,0.0,0,2191.4,31,0.0,0,0.0,0,0.0,0,0.0,0
2012-11-26T09:23:21.000,2191,15958,2191,7,0.0,0,0.0,0,0.0,0,0.0,0,2191.2,3,0.0,0,0.0,0,0.0,0,0.0,0
2012-11-26T09:23:21.500,2191.2,15960,2191,7,0.0,0,0.0,0,0.0,0,0.0,0,2191.2,2,0.0,0,0.0,0,0.0,0,0.0,0
2012-11-26T09:23:22.250,2191.4,15974,2190.8,17,0.0,0,0.0,0,0.0,0,0.0,0,2191.4,32,0.0,0,0.0,0,0.0,0,0.0,0
2012-11-26T09:23:23.000,2191.4,15977,2191.2,1,0.0,0,0.0,0,0.0,0,0.0,0,2191.4,29,0.0,0,0.0,0,0.0,0,0.0,0
2012-11-26T09:23:23.500,2191.4,15980,2191.2,8,0.0,0,0.0,0,0.0,0,0.0,0,2191.4,27,0.0,0,0.0,0,0.0,0,0.0,0
2012-11-26T09:23:24.000,2191.4,15983,2191.2,9,0.0,0,0.0,0,0.0,0,0.0,0,2191.4,24,0.0,0,0.0,0,0.0,0,0.0,0
2012-11-26T09:23:24.500,2191.4,15988,2191.2,7,0.0,0,0.0,0,0.0,0,0.0,0,2191.4,21,0.0,0,0.0,0,0.0,0,0.0,0
2012-11-26T09:23:25.000,2191.2,15989,2191.2,6,0.0,0,0.0,0,0.0,0,0.0,0,2191.4,21,0.0,0,0.0,0,0.0,0,0.0,0
2012-11-26T09:23:25.500,2191.2,15993,2191.2,6,0.0,0,0.0,0,0.0,0,0.0,0,2191.4,18,0.0,0,0.0,0,0.0,0,0.0,0
2012-11-26T09:23:26.250,2191.4,16014,2191.2,1,0.0,0,0.0,0,0.0,0,0.0,0,2191.4,2,0.0,0,0.0,0,0.0,0,0.0,0
2012-11-26T09:23:27.250,2191.4,16021,2191.4,33,0.0,0,0.0,0,0.0,0,0.0,0,2191.6,31,0.0,0,0.0,0,0.0,0,0.0,0
2012-11-26T09:23:28.000,2191.4,16026,2191.4,29,0.0,0,0.0,0,0.0,0,0.0,0,2191.6,31,0.0,0,0.0,0,0.0,0,0.0,0
2012-11-26T09:23:28.500,2191.4,16046,2191.4,11,0.0,0,0.0,0,0.0,0,0.0,0,2191.6,32,0.0,0,0.0,0,0.0,0,0.0,0
2012-11-26T09:23:29.000,2191.4,16061,2191.4,8,0.0,0,0.0,0,0.0,0,0.0,0,2191.6,31,0.0,0,0.0,0,0.0,0,0.0,0
2012-11-26T09:23:29.500,2191.4,16070,2191.2,1,0.0,0,0.0,0,0.0,0,0.0,0,2191.4,11,0.0,0,0.0,0,0.0,0,0.0,0
2012-11-26T09:23:30.000,2191.4,16072,2191.2,1,0.0,0,0.0,0,0.0,0,0.0,0,2191.4,9,0.0,0,0.0,0,0.0,0,0.0,0
2012-11-26T09:23:30.500,2191.4,16077,2191.2,1,0.0,0,0.0,0,0.0,0,0.0,0,2191.4,6,0.0,0,0.0,0,0.0,0,0.0,0
