date_time,last_px,total_volume,bid1_px,bid1_qty,bid2_px,bid2_qty,bid3_px,bid3_qty,bid4_px,bid4_qty,bid5_px,bid5_qty,ask1_px,ask1_qty,ask2_px,ask2_qty,ask3_px,ask3_qty,ask4_px,ask4_qty,ask5_px,ask5_qty
2012-10-08T09:14:00.250,2306.4,472,2306.4,20,0.0,0,0.0,0,0.0,0,0.0,0,2306.8,4,0.0,0,0.0,0,0.0,0,0.0,0
2012-10-08T09:15:00.250,2306.8,833,2306.8,34,0.0,0,0.0,0,0.0,0,0.0,0,2308,26,0.0,0,0.0,0,0.0,0,0.0,0
2012-10-08T09:15:01.000,2307.4,910,2308,1,0.0,0,0.0,0,0.0,0,0.0,0,2308.6,9,0.0,0,0.0,0,0.0,0,0.0,0
2012-10-08T09:15:01.500,2307,1090,2308.2,1,0.0,0,0.0,0,0.0,0,0.0,0,2308.4,1,0.0,0,0.0,0,0.0,0,0.0,0
2012-10-08T09:15:02.000,2308.2,1214,2307,5,0.0,0,0.0,0,0.0,0,0.0,0,2308,9,0.0,0,0.0,0,0.0,0,0.0,0
2012-10-08T09:15:02.500,2307,1399,2307,3,0.0,0,0.0,0,0.0,0,0.0,0,2307.6,11,0.0,0,0.0,0,0.0,0,0.0,0
2012-10-08T09:15:03.000,2306.8,1614,2306.8,59,0.0,0,0.0,0,0.0,0,0.0,0,2307,1,0.0,0,0.0,0,0.0,0,0.0,0
2012-10-08T09:15:03.500,2306.8,1699,2306.8,25,0.0,0,0.0,0,0.0,0,0.0,0,2307.4,3,0.0,0,0.0,0,0.0,0,0.0,0
2012-10-08T09:15:04.000,2307.4,1768,2307,32,0.0,0,0.0,0,0.0,0,0.0,0,2307.4,2,0.0,0,0.0,0,0.0,0,0.0,0
2012-10-08T09:15:04.500,2307.6,1911,2307.2,13,0.0,0,0.0,0,0.0,0,0.0,0,2307.6,20,0.0,0,0.0,0,0.0,0,0.0,0
2012-10-08T09:15:05.000,2307.4,2031,2308,2,0.0,0,0.0,0,0.0,0,0.0,0,2308.2,15,0.0,0,0.0,0,0.0,0,0.0,0
2012-10-08T09:15:05.500,2306.8,2233,2306.6,9,0.0,0,0.0,0,0.0,0,0.0,0,2306.8,24,0.0,0,0.0,0,0.0,0,0.0,0
2012-10-08T09:15:06.000,2307.2,2274,2307,9,0.0,0,0.0,0,0.0,0,0.0,0,2307.8,1,0.0,0,0.0,0,0.0,0,0.0,0
2012-10-08T09:15:06.500,2307.2,2325,2307,21,0.0,0,0.0,0,0.0,0,0.0,0,2307.4,4,0.0,0,0.0,0,0.0,0,0.0,0
2012-10-08T09:15:07.000,2306.8,2387,2306.4,45,0.0,0,0.0,0,0.0,0,0.0,0,2306.8,1,0.0,0,0.0,0,0.0,0,0.0,0
2012-10-08T09:15:07.500,2306.8,2433,2306.4,33,0.0,0,0.0,0,0.0,0,0.0,0,2306.6,18,0.0,0,0.0,0,0.0,0,0.0,0
2012-10-08T09:15:08.000,2306.2,2528,2306,28,0.0,0,0.0,0,0.0,0,0.0,0,2306.2,10,0.0,0,0.0,0,0.0,0,0.0,0
2012-10-08T09:15:08.500,2305.8,2640,2305.6,5,0.0,0,0.0,0,0.0,0,0.0,0,2305.8,14,0.0,0,0.0,0,0.0,0,0.0,0
2012-10-08T09:15:09.000,2305.4,2675,2305,6,0.0,0,0.0,0,0.0,0,0.0,0,2305.4,47,0.0,0,0.0,0,0.0,0,0.0,0
2012-10-08T09:15:09.500,2304.8,2692,2304.8,2,0.0,0,0.0,0,0.0,0,0.0,0,2305,30,0.0,0,0.0,0,0.0,0,0.0,0
2012-10-08T09:15:10.000,2305,2748,2304.2,14,0.0,0,0.0,0,0.0,0,0.0,0,2304.8,4,0.0,0,0.0,0,0.0,0,0.0,0
2012-10-08T09:15:10.500,2304.2,2840,2304.4,5,0.0,0,0.0,0,0.0,0,0.0,0,2304.8,10,0.0,0,0.0,0,0.0,0,0.0,0
2012-10-08T09:15:11.000,2304.6,2903,2304.6,23,0.0,0,0.0,0,0.0,0,0.0,0,2304.8,10,0.0,0,0.0,0,0.0,0,0.0,0
2012-10-08T09:15:11.500,2304.8,2975,2304.8,18,0.0,0,0.0,0,0.0,0,0.0,0,2305,9,0.0,0,0.0,0,0.0,0,0.0,0
2012-10-08T09:15:12.000,2304.8,3111,2305,2,0.0,0,0.0,0,0.0,0,0.0,0,2305.4,10,0.0,0,0.0,0,0.0,0,0.0,0
2012-10-08T09:15:12.500,2304.8,3133,2304.8,2,0.0,0,0.0,0,0.0,0,0.0,0,2305.2,1,0.0,0,0.0,0,0.0,0,0.0,0
2012-10-08T09:15:13.000,2305.2,3168,2305,7,0.0,0,0.0,0,0.0,0,0.0,0,2305.2,3,0.0,0,0.0,0,0.0,0,0.0,0
2012-10-08T09:15:13.500,2304.8,3212,2304.6,6,0.0,0,0.0,0,0.0,0,0.0,0,2304.8,7,0.0,0,0.0,0,0.0,0,0.0,0
2012-10-08T09:15:14.000,2304.6,3241,2304,1,0.0,0,0.0,0,0.0,0,0.0,0,2304.4,10,0.0,0,0.0,0,0.0,0,0.0,0
2012-10-08T09:15:14.500,2304,3265,2303,40,0.0,0,0.0,0,0.0,0,0.0,0,2304,26,0.0,0,0.0,0,0.0,0,0.0,0
2012-10-08T09:15:15.000,2303.6,3323,2303,23,0.0,0,0.0,0,0.0,0,0.0,0,2303.6,21,0.0,0,0.0,0,0.0,0,0.0,0
2012-10-08T09:15:15.500,2303.4,3356,2303,4,0.0,0,0.0,0,0.0,0,0.0,0,2303.4,32,0.0,0,0.0,0,0.0,0,0.0,0
2012-10-08T09:15:16.000,2303,3404,2302.4,4,0.0,0,0.0,0,0.0,0,0.0,0,2302.8,9,0.0,0,0.0,0,0.0,0,0.0,0
2012-10-08T09:15:16.500,2302.4,3450,2302.2,34,0.0,0,0.0,0,0.0,0,0.0,0,2302.4,2,0.0,0,0.0,0,0.0,0,0.0,0
2012-10-08T09:15:17.000,2302.4,3513,2302.4,4,0.0,0,0.0,0,0.0,0,0.0,0,2303,39,0.0,0,0.0,0,0.0,0,0.0,0
2012-10-08T09:15:17.500,2302.4,3579,2302.4,6,0.0,0,0.0,0,0.0,0,0.0,0,2303,39,0.0,0,0.0,0,0.0,0,0.0,0
2012-10-08T09:15:18.000,2302.4,3659,2302.6,7,0.0,0,0.0,0,0.0,0,0.0,0,2303,33,0.0,0,0.0,0,0.0,0,0.0,0
2012-10-08T09:15:18.500,2303,3714,2302.6,5,0.0,0,0.0,0,0.0,0,0.0,0,2303,26,0.0,0,0.0,0,0.0,0,0.0,0
2012-10-08T09:15:19.000,2302.4,3792,2302,69,0.0,0,0.0,0,0.0,0,0.0,0,2302.4,35,0.0,0,0.0,0,0.0,0,0.0,0
2012-10-08T09:15:19.500,2302.4,3844,2302.2,8,0.0,0,0.0,0,0.0,0,0.0,0,2302.4,21,0.0,0,0.0,0,0.0,0,0.0,0
2012-10-08T09:15:20.000,2302,3933,2302,18,0.0,0,0.0,0,0.0,0,0.0,0,2302.6,8,0.0,0,0.0,0,0.0,0,0.0,0
2012-10-08T09:15:20.500,2302,3961,2302,31,0.0,0,0.0,0,0.0,0,0.0,0,2302.2,54,0.0,0,0.0,0,0.0,0,0.0,0
2012-10-08T09:15:21.000,2301.6,4049,2301.6,8,0.0,0,0.0,0,0.0,0,0.0,0,2301.8,22,0.0,0,0.0,0,0.0,0,0.0,0
2012-10-08T09:15:21.500,2301.4,4097,2301.2,21,0.0,0,0.0,0,0.0,0,0.0,0,2301.4,30,0.0,0,0.0,0,0.0,0,0.0,0
2012-10-08T09:15:22.000,2301,4175,2300.8,9,0.0,0,0.0,0,0.0,0,0.0,0,2301,32,0.0,0,0.0,0,0.0,0,0.0,0
2012-10-08T09:15:22.500,2300.4,4205,2300.4,11,0.0,0,0.0,0,0.0,0,0.0,0,2300.6,15,0.0,0,0.0,0,0.0,0,0.0,0
2012-10-08T09:15:23.000,2300.2,4280,2300.2,8,0.0,0,0.0,0,0.0,0,0.0,0,2300.6,2,0.0,0,0.0,0,0.0,0,0.0,0
2012-10-08T09:15:23.500,2300.2,4317,2300,51,0.0,0,0.0,0,0.0,0,0.0,0,2300.2,42,0.0,0,0.0,0,0.0,0,0.0,0
2012-10-08T09:15:24.000,2300,4397,2300,18,0.0,0,0.0,0,0.0,0,0.0,0,2300.2,19,0.0,0,0.0,0,0.0,0,0.0,0
2012-10-08T09:15:24.500,2300.4,4445,2299.2,1,0.0,0,0.0,0,0.0,0,0.0,0,2300.4,19,0.0,0,0.0,0,0.0,0,0.0,0
2012-10-08T09:15:25.000,2299.6,4485,2299.6,16,0.0,0,0.0,0,0.0,0,0.0,0,2299.8,1,0.0,0,0.0,0,0.0,0,0.0,0
2012-10-08T09:15:25.500,2299.8,4521,2299.8,31,0.0,0,0.0,0,0.0,0,0.0,0,2300,1,0.0,0,0.0,0,0.0,0,0.0,0
2012-10-08T09:15:26.000,2300.8,4598,2300.4,1,0.0,0,0.0,0,0.0,0,0.0,0,2300.8,19,0.0,0,0.0,0,0.0,0,0.0,0
2012-10-08T09:15:26.500,2300.6,4705,2300.8,5,0.0,0,0.0,0,0.0,0,0.0,0,2301,7,0.0,0,0.0,0,0.0,0,0.0,0
2012-10-08T09:15:27.000,2301.4,4738,2301.2,2,0.0,0,0.0,0,0.0,0,0.0,0,2301.6,15,0.0,0,0.0,0,0.0,0,0.0,0
2012-10-08T09:15:27.500,2301.4,4817,2301,9,0.0,0,0.0,0,0.0,0,0.0,0,2301.6,12,0.0,0,0.0,0,0.0,0,0.0,0
2012-10-08T09:15:28.000,2301.2,4841,2301,1,0.0,0,0.0,0,0.0,0,0.0,0,2301.2,19,0.0,0,0.0,0,0.0,0,0.0,0
2012-10-08T09:15:28.500,2300.8,4918,2300.8,28,0.0,0,0.0,0,0.0,0,0.0,0,2301,4,0.0,0,0.0,0,0.0,0,0.0,0
2012-10-08T09:15:29.000,2301,4937,2300.8,21,0.0,0,0.0,0,0.0,0,0.0,0,2301,54,0.0,0,0.0,0,0.0,0,0.0,0
2012-10-08T09:15:29.500,2300.6,4988,2300.4,5,0.0,0,0.0,0,0.0,0,0.0,0,2300.6,22,0.0,0,0.0,0,0.0,0,0.0,0
2012-10-08T09:15:30.000,2300.8,5090,2300,39,0.0,0,0.0,0,0.0,0,0.0,0,2300.2,3,0.0,0,0.0,0,0.0,0,0.0,0
2012-10-08T09:15:30.500,2300,5152,2300,10,0.0,0,0.0,0,0.0,0,0.0,0,2300.4,16,0.0,0,0.0,0,0.0,0,0.0,0
2012-10-08T09:15:31.000,2300.2,5186,2299.8,25,0.0,0,0.0,0,0.0,0,0.0,0,2300.2,11,0.0,0,0.0,0,0.0,0,0.0,0
2012-10-08T09:15:31.500,2300.2,5216,2300,12,0.0,0,0.0,0,0.0,0,0.0,0,2300.2,3,0.0,0,0.0,0,0.0,0,0.0,0
2012-10-08T09:15:32.000,2300.2,5289,2300.2,32,0.0,0,0.0,0,0.0,0,0.0,0,2300.8,10,0.0,0,0.0,0,0.0,0,0.0,0
2012-10-08T09:15:32.500,2300.4,5302,2300.6,6,0.0,0,0.0,0,0.0,0,0.0,0,2300.8,9,0.0,0,0.0,0,0.0,0,0.0,0
2012-10-08T09:15:33.000,2301,5345,2300.8,26,0.0,0,0.0,0,0.0,0,0.0,0,2301,14,0.0,0,0.0,0,0.0,0,0.0,0
2012-10-08T09:15:33.500,2301,5396,2301,6,0.0,0,0.0,0,0.0,0,0.0,0,2301.2,18,0.0,0,0.0,0,0.0,0,0.0,0
2012-10-08T09:15:34.000,2301.2,5477,2301.2,3,0.0,0,0.0,0,0.0,0,0.0,0,2301.6,10,0.0,0,0.0,0,0.0,0,0.0,0
2012-10-08T09:15:34.500,2301.6,5529,2301,11,0.0,0,0.0,0,0.0,0,0.0,0,2301.6,6,0.0,0,0.0,0,0.0,0,0.0,0
2012-10-08T09:15:35.000,2301.6,5557,2301.6,18,0.0,0,0.0,0,0.0,0,0.0,0,2301.8,12,0.0,0,0.0,0,0.0,0,0.0,0
2012-10-08T09:15:35.500,2302,5605,2301.8,7,0.0,0,0.0,0,0.0,0,0.0,0,2302,24,0.0,0,0.0,0,0.0,0,0.0,0
2012-10-08T09:15:36.000,2302,5649,2302,5,0.0,0,0.0,0,0.0,0,0.0,0,2302.2,8,0.0,0,0.0,0,0.0,0,0.0,0
2012-10-08T09:15:36.500,2302.2,5668,2302,2,0.0,0,0.0,0,0.0,0,0.0,0,2302.4,10,0.0,0,0.0,0,0.0,0,0.0,0
2012-10-08T09:15:37.000,2302.4,5675,2302.2,7,0.0,0,0.0,0,0.0,0,0.0,0,2302.4,7,0.0,0,0.0,0,0.0,0,0.0,0
2012-10-08T09:15:37.500,2302.2,5696,2301.8,100,0.0,0,0.0,0,0.0,0,0.0,0,2302,1,0.0,0,0.0,0,0.0,0,0.0,0
2012-10-08T09:15:38.000,2302.6,5742,2302.6,14,0.0,0,0.0,0,0.0,0,0.0,0,2302.8,2,0.0,0,0.0,0,0.0,0,0.0,0
2012-10-08T09:15:38.500,2303,5775,2303,37,0.0,0,0.0,0,0.0,0,0.0,0,2303.2,2,0.0,0,0.0,0,0.0,0,0.0,0
2012-10-08T09:15:39.000,2303.2,5785,2303,24,0.0,0,0.0,0,0.0,0,0.0,0,2303.4,4,0.0,0,0.0,0,0.0,0,0.0,0
2012-10-08T09:15:39.500,2303.4,5798,2303.4,47,0.0,0,0.0,0,0.0,0,0.0,0,2303.6,2,0.0,0,0.0,0,0.0,0,0.0,0
2012-10-08T09:15:40.000,2303.4,5820,2303.4,24,0.0,0,0.0,0,0.0,0,0.0,0,2303.8,1,0.0,0,0.0,0,0.0,0,0.0,0
2012-10-08T09:15:40.500,2303.6,5844,2303.6,5,0.0,0,0.0,0,0.0,0,0.0,0,2304.4,2,0.0,0,0.0,0,0.0,0,0.0,0
2012-10-08T09:15:41.000,2304,5861,2303.8,20,0.0,0,0.0,0,0.0,0,0.0,0,2304.2,1,0.0,0,0.0,0,0.0,0,0.0,0
2012-10-08T09:15:41.500,2303.8,5900,2303.6,6,0.0,0,0.0,0,0.0,0,0.0,0,2303.8,14,0.0,0,0.0,0,0.0,0,0.0,0
2012-10-08T09:15:42.000,2303.6,5940,2303.6,17,0.0,0,0.0,0,0.0,0,0.0,0,2303.8,2,0.0,0,0.0,0,0.0,0,0.0,0
2012-10-08T09:15:42.500,2304.2,5974,2303.8,1,0.0,0,0.0,0,0.0,0,0.0,0,2304.2,3,0.0,0,0.0,0,0.0,0,0.0,0
2012-10-08T09:15:43.000,2303.8,6011,2303.8,8,0.0,0,0.0,0,0.0,0,0.0,0,2304.2,9,0.0,0,0.0,0,0.0,0,0.0,0
2012-10-08T09:15:43.500,2304.2,6065,2304.2,11,0.0,0,0.0,0,0.0,0,0.0,0,2304.6,32,0.0,0,0.0,0,0.0,0,0.0,0
2012-10-08T09:15:44.000,2304.4,6085,2304.4,7,0.0,0,0.0,0,0.0,0,0.0,0,2304.6,12,0.0,0,0.0,0,0.0,0,0.0,0
2012-10-08T09:15:44.500,2303.8,6143,2303.8,12,0.0,0,0.0,0,0.0,0,0.0,0,2304.8,10,0.0,0,0.0,0,0.0,0,0.0,0
2012-10-08T09:15:45.000,2304.8,6187,2304.6,1,0.0,0,0.0,0,0.0,0,0.0,0,2304.8,7,0.0,0,0.0,0,0.0,0,0.0,0
2012-10-08T09:15:45.500,2304.8,6207,2304.8,21,0.0,0,0.0,0,0.0,0,0.0,0,2305,14,0.0,0,0.0,0,0.0,0,0.0,0
2012-10-08T09:15:46.000,2304.8,6272,2304.6,14,0.0,0,0.0,0,0.0,0,0.0,0,2305,1,0.0,0,0.0,0,0.0,0,0.0,0
2012-10-08T09:15:46.500,2304.4,6301,2304.2,9,0.0,0,0.0,0,0.0,0,0.0,0,2304.4,7,0.0,0,0.0,0,0.0,0,0.0,0
2012-10-08T09:15:47.000,2304.4,6330,2304.6,4,0.0,0,0.0,0,0.0,0,0.0,0,2304.8,1,0.0,0,0.0,0,0.0,0,0.0,0
2012-10-08T09:15:47.500,2304.6,6362,2304.6,3,0.0,0,0.0,0,0.0,0,0.0,0,2304.8,14,0.0,0,0.0,0,0.0,0,0.0,0
2012-10-08T09:15:48.000,2304.2,6379,2304.4,1,0.0,0,0.0,0,0.0,0,0.0,0,2304.6,13,0.0,0,0.0,0,0.0,0,0.0,0
2012-10-08T09:15:48.500,2304.4,6397,2304.2,6,0.0,0,0.0,0,0.0,0,0.0,0,2304.4,1,0.0,0,0.0,0,0.0,0,0.0,0
2012-10-08T09:15:49.000,2304.4,6440,2304.4,6,0.0,0,0.0,0,0.0,0,0.0,0,2304.6,19,0.0,0,0.0,0,0.0,0,0.0,0
2012-10-08T09:15:49.500,2304.6,6481,2304.6,6,0.0,0,0.0,0,0.0,0,0.0,0,2304.8,25,0.0,0,0.0,0,0.0,0,0.0,0
2012-10-08T09:15:50.000,2304.8,6516,2304.4,1,0.0,0,0.0,0,0.0,0,0.0,0,2304.6,1,0.0,0,0.0,0,0.0,0,0.0,0
2012-10-08T09:15:50.500,2304.6,6524,2304.6,21,0.0,0,0.0,0,0.0,0,0.0,0,2304.8,10,0.0,0,0.0,0,0.0,0,0.0,0
2012-10-08T09:15:51.000,2304.6,6545,2304.8,2,0.0,0,0.0,0,0.0,0,0.0,0,2305,22,0.0,0,0.0,0,0.0,0,0.0,0
2012-10-08T09:15:51.500,2305,6602,2305,11,0.0,0,0.0,0,0.0,0,0.0,0,2305.2,1,0.0,0,0.0,0,0.0,0,0.0,0
2012-10-08T09:15:52.000,2305.4,6619,2305.2,12,0.0,0,0.0,0,0.0,0,0.0,0,2305.6,15,0.0,0,0.0,0,0.0,0,0.0,0
2012-10-08T09:15:52.500,2305.8,6674,2305.8,20,0.0,0,0.0,0,0.0,0,0.0,0,2306,6,0.0,0,0.0,0,0.0,0,0.0,0
2012-10-08T09:15:53.000,2306,6688,2305.8,11,0.0,0,0.0,0,0.0,0,0.0,0,2306,1,0.0,0,0.0,0,0.0,0,0.0,0
2012-10-08T09:15:53.500,2306,6714,2305.8,1,0.0,0,0.0,0,0.0,0,0.0,0,2306,13,0.0,0,0.0,0,0.0,0,0.0,0
2012-10-08T09:15:54.000,2305.8,6738,2305.6,1,0.0,0,0.0,0,0.0,0,0.0,0,2305.8,15,0.0,0,0.0,0,0.0,0,0.0,0
2012-10-08T09:15:54.500,2305.6,6771,2305.2,62,0.0,0,0.0,0,0.0,0,0.0,0,2305.4,10,0.0,0,0.0,0,0.0,0,0.0,0
2012-10-08T09:15:55.000,2305.6,6809,2305.4,1,0.0,0,0.0,0,0.0,0,0.0,0,2305.6,5,0.0,0,0.0,0,0.0,0,0.0,0
2012-10-08T09:15:55.500,2305.2,6828,2305.2,38,0.0,0,0.0,0,0.0,0,0.0,0,2305.6,4,0.0,0,0.0,0,0.0,0,0.0,0
2012-10-08T09:15:56.000,2305.8,6836,2305.6,1,0.0,0,0.0,0,0.0,0,0.0,0,2305.8,9,0.0,0,0.0,0,0.0,0,0.0,0
2012-10-08T09:15:56.500,2305.6,6851,2305.4,7,0.0,0,0.0,0,0.0,0,0.0,0,2305.6,2,0.0,0,0.0,0,0.0,0,0.0,0
2012-10-08T09:15:57.000,2305.2,6868,2305.2,37,0.0,0,0.0,0,0.0,0,0.0,0,2305.4,4,0.0,0,0.0,0,0.0,0,0.0,0
2012-10-08T09:15:57.500,2305.4,6897,2305.4,1,0.0,0,0.0,0,0.0,0,0.0,0,2305.8,1,0.0,0,0.0,0,0.0,0,0.0,0
2012-10-08T09:15:58.000,2305.8,6918,2305.4,2,0.0,0,0.0,0,0.0,0,0.0,0,2305.8,8,0.0,0,0.0,0,0.0,0,0.0,0
2012-10-08T09:15:58.500,2305.2,6929,2305.2,26,0.0,0,0.0,0,0.0,0,0.0,0,2305.6,4,0.0,0,0.0,0,0.0,0,0.0,0
2012-10-08T09:15:59.000,2305.8,6945,2305.6,1,0.0,0,0.0,0,0.0,0,0.0,0,2305.8,7,0.0,0,0.0,0,0.0,0,0.0,0
2012-10-08T09:15:59.500,2305.6,6963,2305.4,4,0.0,0,0.0,0,0.0,0,0.0,0,2305.6,5,0.0,0,0.0,0,0.0,0,0.0,0
2012-10-08T09:16:00.000,2305.8,6999,2305.8,3,0.0,0,0.0,0,0.0,0,0.0,0,2306,34,0.0,0,0.0,0,0.0,0,0.0,0
2012-10-08T09:16:00.500,2306,7022,2305.8,1,0.0,0,0.0,0,0.0,0,0.0,0,2306,27,0.0,0,0.0,0,0.0,0,0.0,0
2012-10-08T09:16:01.000,2306,7056,2305.4,22,0.0,0,0.0,0,0.0,0,0.0,0,2305.8,6,0.0,0,0.0,0,0.0,0,0.0,0
2012-10-08T09:16:01.500,2305.8,7070,2305.6,4,0.0,0,0.0,0,0.0,0,0.0,0,2305.8,7,0.0,0,0.0,0,0.0,0,0.0,0
2012-10-08T09:16:02.000,2305.4,7110,2305.4,5,0.0,0,0.0,0,0.0,0,0.0,0,2306,12,0.0,0,0.0,0,0.0,0,0.0,0
2012-10-08T09:16:02.500,2305.8,7123,2305.6,6,0.0,0,0.0,0,0.0,0,0.0,0,2305.8,19,0.0,0,0.0,0,0.0,0,0.0,0
2012-10-08T09:16:03.000,2305.4,7140,2305.2,27,0.0,0,0.0,0,0.0,0,0.0,0,2305.4,22,0.0,0,0.0,0,0.0,0,0.0,0
2012-10-08T09:16:03.500,2305.2,7188,2305,25,0.0,0,0.0,0,0.0,0,0.0,0,2305.2,34,0.0,0,0.0,0,0.0,0,0.0,0
2012-10-08T09:16:04.000,2304.8,7252,2304.6,45,0.0,0,0.0,0,0.0,0,0.0,0,2304.8,15,0.0,0,0.0,0,0.0,0,0.0,0
2012-10-08T09:16:04.500,2305,7327,2304.4,8,0.0,0,0.0,0,0.0,0,0.0,0,2305,21,0.0,0,0.0,0,0.0,0,0.0,0
2012-10-08T09:16:05.000,2305,7343,2304.6,21,0.0,0,0.0,0,0.0,0,0.0,0,2305,9,0.0,0,0.0,0,0.0,0,0.0,0
2012-10-08T09:16:05.500,2304.6,7401,2304.4,3,0.0,0,0.0,0,0.0,0,0.0,0,2304.6,63,0.0,0,0.0,0,0.0,0,0.0,0
2012-10-08T09:16:06.000,2304.4,7470,2304.2,2,0.0,0,0.0,0,0.0,0,0.0,0,2304.4,11,0.0,0,0.0,0,0.0,0,0.0,0
2012-10-08T09:16:06.500,2304.2,7506,2304,6,0.0,0,0.0,0,0.0,0,0.0,0,2304.2,7,0.0,0,0.0,0,0.0,0,0.0,0
2012-10-08T09:16:07.000,2303.8,7540,2303.8,5,0.0,0,0.0,0,0.0,0,0.0,0,2304,5,0.0,0,0.0,0,0.0,0,0.0,0
2012-10-08T09:16:07.500,2303.2,7589,2303.2,5,0.0,0,0.0,0,0.0,0,0.0,0,2304.2,2,0.0,0,0.0,0,0.0,0,0.0,0
2012-10-08T09:16:08.000,2303.8,7598,2303.4,21,0.0,0,0.0,0,0.0,0,0.0,0,2304,6,0.0,0,0.0,0,0.0,0,0.0,0
2012-10-08T09:16:08.500,2303.6,7610,2303.6,17,0.0,0,0.0,0,0.0,0,0.0,0,2304.2,18,0.0,0,0.0,0,0.0,0,0.0,0
2012-10-08T09:16:09.000,2303.8,7655,2303.8,2,0.0,0,0.0,0,0.0,0,0.0,0,2304,4,0.0,0,0.0,0,0.0,0,0.0,0
2012-10-08T09:16:09.500,2303.6,7667,2303.6,3,0.0,0,0.0,0,0.0,0,0.0,0,2303.8,3,0.0,0,0.0,0,0.0,0,0.0,0
2012-10-08T09:16:10.000,2303.4,7687,2303.4,7,0.0,0,0.0,0,0.0,0,0.0,0,2304.2,10,0.0,0,0.0,0,0.0,0,0.0,0
2012-10-08T09:16:10.500,2304.2,7700,2303.8,1,0.0,0,0.0,0,0.0,0,0.0,0,2304,1,0.0,0,0.0,0,0.0,0,0.0,0
2012-10-08T09:16:11.000,2303.8,7705,2303.6,21,0.0,0,0.0,0,0.0,0,0.0,0,2303.8,3,0.0,0,0.0,0,0.0,0,0.0,0
2012-10-08T09:16:11.500,2303.8,7732,2303.4,7,0.0,0,0.0,0,0.0,0,0.0,0,2303.8,11,0.0,0,0.0,0,0.0,0,0.0,0
2012-10-08T09:16:12.000,2303.8,7742,2303.4,20,0.0,0,0.0,0,0.0,0,0.0,0,2303.8,12,0.0,0,0.0,0,0.0,0,0.0,0
2012-10-08T09:16:12.500,2303.6,7749,2303.4,46,0.0,0,0.0,0,0.0,0,0.0,0,2303.6,9,0.0,0,0.0,0,0.0,0,0.0,0
2012-10-08T09:16:13.000,2303.4,7818,2303.6,1,0.0,0,0.0,0,0.0,0,0.0,0,2304.2,9,0.0,0,0.0,0,0.0,0,0.0,0
2012-10-08T09:16:13.500,2304,7828,2304,13,0.0,0,0.0,0,0.0,0,0.0,0,2304.2,9,0.0,0,0.0,0,0.0,0,0.0,0
2012-10-08T09:16:14.000,2303.4,7887,2303.4,16,0.0,0,0.0,0,0.0,0,0.0,0,2303.6,4,0.0,0,0.0,0,0.0,0,0.0,0
2012-10-08T09:16:14.500,2303.4,7935,2303,26,0.0,0,0.0,0,0.0,0,0.0,0,2303.4,21,0.0,0,0.0,0,0.0,0,0.0,0
2012-10-08T09:16:15.000,2303,7971,2303,2,0.0,0,0.0,0,0.0,0,0.0,0,2303.2,17,0.0,0,0.0,0,0.0,0,0.0,0
2012-10-08T09:16:15.500,2302.8,7985,2302.8,11,0.0,0,0.0,0,0.0,0,0.0,0,2303,19,0.0,0,0.0,0,0.0,0,0.0,0
2012-10-08T09:16:16.000,2303.2,8044,2303,2,0.0,0,0.0,0,0.0,0,0.0,0,2303.4,7,0.0,0,0.0,0,0.0,0,0.0,0
2012-10-08T09:16:16.500,2303.2,8071,2303.2,7,0.0,0,0.0,0,0.0,0,0.0,0,2303.4,8,0.0,0,0.0,0,0.0,0,0.0,0
2012-10-08T09:16:17.000,2303,8107,2302.6,13,0.0,0,0.0,0,0.0,0,0.0,0,2303,25,0.0,0,0.0,0,0.0,0,0.0,0
2012-10-08T09:16:17.500,2303,8124,2302.8,5,0.0,0,0.0,0,0.0,0,0.0,0,2303,13,0.0,0,0.0,0,0.0,0,0.0,0
2012-10-08T09:16:18.000,2303,8149,2303,43,0.0,0,0.0,0,0.0,0,0.0,0,2303.2,8,0.0,0,0.0,0,0.0,0,0.0,0
2012-10-08T09:16:18.500,2303,8161,2303.2,23,0.0,0,0.0,0,0.0,0,0.0,0,2303.6,12,0.0,0,0.0,0,0.0,0,0.0,0
2012-10-08T09:16:19.000,2303.4,8180,2303.4,20,0.0,0,0.0,0,0.0,0,0.0,0,2303.6,12,0.0,0,0.0,0,0.0,0,0.0,0
2012-10-08T09:16:19.500,2303.6,8205,2303.6,13,0.0,0,0.0,0,0.0,0,0.0,0,2303.8,6,0.0,0,0.0,0,0.0,0,0.0,0
2012-10-08T09:16:20.000,2303.6,8217,2303.6,8,0.0,0,0.0,0,0.0,0,0.0,0,2303.8,3,0.0,0,0.0,0,0.0,0,0.0,0
2012-10-08T09:16:20.500,2303.6,8226,2303.6,6,0.0,0,0.0,0,0.0,0,0.0,0,2303.8,6,0.0,0,0.0,0,0.0,0,0.0,0
2012-10-08T09:16:21.000,2303.6,8234,2303.6,21,0.0,0,0.0,0,0.0,0,0.0,0,2303.8,29,0.0,0,0.0,0,0.0,0,0.0,0
2012-10-08T09:16:21.500,2303.6,8258,2303.4,6,0.0,0,0.0,0,0.0,0,0.0,0,2303.6,4,0.0,0,0.0,0,0.0,0,0.0,0
2012-10-08T09:16:22.000,2303.6,8262,2303.4,5,0.0,0,0.0,0,0.0,0,0.0,0,2303.6,24,0.0,0,0.0,0,0.0,0,0.0,0
2012-10-08T09:16:22.500,2303.4,8270,2303.2,12,0.0,0,0.0,0,0.0,0,0.0,0,2303.4,31,0.0,0,0.0,0,0.0,0,0.0,0
2012-10-08T09:16:23.000,2303,8306,2303,51,0.0,0,0.0,0,0.0,0,0.0,0,2303.4,33,0.0,0,0.0,0,0.0,0,0.0,0
2012-10-08T09:16:23.500,2303.4,8314,2303,49,0.0,0,0.0,0,0.0,0,0.0,0,2303.2,1,0.0,0,0.0,0,0.0,0,0.0,0
2012-10-08T09:16:24.000,2303.2,8359,2303.2,7,0.0,0,0.0,0,0.0,0,0.0,0,2303.4,1,0.0,0,0.0,0,0.0,0,0.0,0
2012-10-08T09:16:24.500,2303.4,8404,2303.4,7,0.0,0,0.0,0,0.0,0,0.0,0,2303.6,6,0.0,0,0.0,0,0.0,0,0.0,0
2012-10-08T09:16:25.000,2303.6,8409,2303.4,9,0.0,0,0.0,0,0.0,0,0.0,0,2303.6,6,0.0,0,0.0,0,0.0,0,0.0,0
2012-10-08T09:16:25.500,2303.6,8417,2303.6,9,0.0,0,0.0,0,0.0,0,0.0,0,2303.8,10,0.0,0,0.0,0,0.0,0,0.0,0
2012-10-08T09:16:26.000,2303.6,8433,2303.4,12,0.0,0,0.0,0,0.0,0,0.0,0,2303.6,2,0.0,0,0.0,0,0.0,0,0.0,0
2012-10-08T09:16:26.500,2303.4,8434,2303.4,13,0.0,0,0.0,0,0.0,0,0.0,0,2303.6,2,0.0,0,0.0,0,0.0,0,0.0,0
2012-10-08T09:16:27.000,2303.8,8440,2303.4,12,0.0,0,0.0,0,0.0,0,0.0,0,2303.8,13,0.0,0,0.0,0,0.0,0,0.0,0
2012-10-08T09:16:27.500,2303.4,8442,2303.4,11,0.0,0,0.0,0,0.0,0,0.0,0,2303.6,1,0.0,0,0.0,0,0.0,0,0.0,0
2012-10-08T09:16:28.000,2303.4,8446,2303.4,10,0.0,0,0.0,0,0.0,0,0.0,0,2303.6,12,0.0,0,0.0,0,0.0,0,0.0,0
2012-10-08T09:16:28.500,2303.2,8466,2303.2,6,0.0,0,0.0,0,0.0,0,0.0,0,2303.4,10,0.0,0,0.0,0,0.0,0,0.0,0
2012-10-08T09:16:29.000,2303.2,8474,2303.2,2,0.0,0,0.0,0,0.0,0,0.0,0,2303.4,9,0.0,0,0.0,0,0.0,0,0.0,0
2012-10-08T09:16:29.500,2303.2,8496,2303,16,0.0,0,0.0,0,0.0,0,0.0,0,2303.2,14,0.0,0,0.0,0,0.0,0,0.0,0
2012-10-08T09:16:30.000,2303,8504,2303,14,0.0,0,0.0,0,0.0,0,0.0,0,2303.2,9,0.0,0,0.0,0,0.0,0,0.0,0
2012-10-08T09:16:30.500,2303.4,8522,2303,12,0.0,0,0.0,0,0.0,0,0.0,0,2303.4,6,0.0,0,0.0,0,0.0,0,0.0,0
2012-10-08T09:16:31.000,2303,8534,2302.8,6,0.0,0,0.0,0,0.0,0,0.0,0,2303,14,0.0,0,0.0,0,0.0,0,0.0,0
2012-10-08T09:16:31.500,2302.6,8542,2302.6,8,0.0,0,0.0,0,0.0,0,0.0,0,2302.8,37,0.0,0,0.0,0,0.0,0,0.0,0
2012-10-08T09:16:32.000,2302.6,8580,2302.4,14,0.0,0,0.0,0,0.0,0,0.0,0,2302.6,5,0.0,0,0.0,0,0.0,0,0.0,0
2012-10-08T09:16:32.500,2302.4,8601,2302.2,10,0.0,0,0.0,0,0.0,0,0.0,0,2302.4,25,0.0,0,0.0,0,0.0,0,0.0,0
2012-10-08T09:16:33.000,2302.2,8608,2302.2,8,0.0,0,0.0,0,0.0,0,0.0,0,2302.4,23,0.0,0,0.0,0,0.0,0,0.0,0
2012-10-08T09:16:33.500,2302.4,8625,2302,22,0.0,0,0.0,0,0.0,0,0.0,0,2302.4,17,0.0,0,0.0,0,0.0,0,0.0,0
2012-10-08T09:16:34.000,2302.4,8636,2302.2,41,0.0,0,0.0,0,0.0,0,0.0,0,2302.4,12,0.0,0,0.0,0,0.0,0,0.0,0
2012-10-08T09:16:34.500,2302.4,8668,2302.4,37,0.0,0,0.0,0,0.0,0,0.0,0,2302.8,4,0.0,0,0.0,0,0.0,0,0.0,0
2012-10-08T09:16:35.000,2302.6,8673,2302.6,56,0.0,0,0.0,0,0.0,0,0.0,0,2302.8,2,0.0,0,0.0,0,0.0,0,0.0,0
2012-10-08T09:16:35.500,2303,8686,2302.8,27,0.0,0,0.0,0,0.0,0,0.0,0,2303,14,0.0,0,0.0,0,0.0,0,0.0,0
2012-10-08T09:16:36.000,2303.2,8710,2303.2,1,0.0,0,0.0,0,0.0,0,0.0,0,2303.4,12,0.0,0,0.0,0,0.0,0,0.0,0
2012-10-08T09:16:36.500,2303.2,8743,2303.2,6,0.0,0,0.0,0,0.0,0,0.0,0,2303.4,9,0.0,0,0.0,0,0.0,0,0.0,0
2012-10-08T09:16:37.000,2303.2,8753,2303,9,0.0,0,0.0,0,0.0,0,0.0,0,2303.2,3,0.0,0,0.0,0,0.0,0,0.0,0
2012-10-08T09:16:37.500,2303.2,8768,2303.2,26,0.0,0,0.0,0,0.0,0,0.0,0,2303.4,12,0.0,0,0.0,0,0.0,0,0.0,0
2012-10-08T09:16:38.000,2303.2,8778,2303.2,23,0.0,0,0.0,0,0.0,0,0.0,0,2303.4,13,0.0,0,0.0,0,0.0,0,0.0,0
2012-10-08T09:16:38.500,2303.2,8782,2303.2,22,0.0,0,0.0,0,0.0,0,0.0,0,2303.4,11,0.0,0,0.0,0,0.0,0,0.0,0
2012-10-08T09:16:39.000,2303.4,8792,2303.2,21,0.0,0,0.0,0,0.0,0,0.0,0,2303.4,5,0.0,0,0.0,0,0.0,0,0.0,0
2012-10-08T09:16:39.500,2303.2,8802,2303.2,34,0.0,0,0.0,0,0.0,0,0.0,0,2303.4,3,0.0,0,0.0,0,0.0,0,0.0,0
2012-10-08T09:16:40.000,2303.2,8809,2303.2,33,0.0,0,0.0,0,0.0,0,0.0,0,2303.4,1,0.0,0,0.0,0,0.0,0,0.0,0
2012-10-08T09:16:40.500,2303.4,8812,2303.4,20,0.0,0,0.0,0,0.0,0,0.0,0,2303.6,24,0.0,0,0.0,0,0.0,0,0.0,0
2012-10-08T09:16:41.000,2303.6,8817,2303.4,23,0.0,0,0.0,0,0.0,0,0.0,0,2303.6,21,0.0,0,0.0,0,0.0,0,0.0,0
2012-10-08T09:16:41.500,2303.4,8821,2303.4,55,0.0,0,0.0,0,0.0,0,0.0,0,2303.6,22,0.0,0,0.0,0,0.0,0,0.0,0
2012-10-08T09:16:42.000,2303.6,8848,2303.4,52,0.0,0,0.0,0,0.0,0,0.0,0,2303.8,70,0.0,0,0.0,0,0.0,0,0.0,0
2012-10-08T09:16:42.500,2303.6,8896,2303.6,26,0.0,0,0.0,0,0.0,0,0.0,0,2303.8,27,0.0,0,0.0,0,0.0,0,0.0,0
2012-10-08T09:16:43.000,2303.6,8906,2303.6,29,0.0,0,0.0,0,0.0,0,0.0,0,2303.8,23,0.0,0,0.0,0,0.0,0,0.0,0
2012-10-08T09:16:43.500,2303.6,8909,2303.6,27,0.0,0,0.0,0,0.0,0,0.0,0,2303.8,25,0.0,0,0.0,0,0.0,0,0.0,0
2012-10-08T09:16:44.000,2303.8,8921,2303.6,23,0.0,0,0.0,0,0.0,0,0.0,0,2303.8,17,0.0,0,0.0,0,0.0,0,0.0,0
2012-10-08T09:16:44.500,2303.6,8946,2303.4,41,0.0,0,0.0,0,0.0,0,0.0,0,2303.6,37,0.0,0,0.0,0,0.0,0,0.0,0
2012-10-08T09:16:45.250,2303.4,8962,2303.4,30,0.0,0,0.0,0,0.0,0,0.0,0,2303.6,40,0.0,0,0.0,0,0.0,0,0.0,0
2012-10-08T09:16:46.000,2303.4,8983,2303.4,24,0.0,0,0.0,0,0.0,0,0.0,0,2303.6,40,0.0,0,0.0,0,0.0,0,0.0,0
2012-10-08T09:16:46.500,2303.4,9027,2303.2,27,0.0,0,0.0,0,0.0,0,0.0,0,2303.4,5,0.0,0,0.0,0,0.0,0,0.0,0
2012-10-08T09:16:47.000,2303.4,9030,2303.2,26,0.0,0,0.0,0,0.0,0,0.0,0,2303.4,3,0.0,0,0.0,0,0.0,0,0.0,0
2012-10-08T09:16:47.500,2303.6,9036,2303.2,28,0.0,0,0.0,0,0.0,0,0.0,0,2303.6,25,0.0,0,0.0,0,0.0,0,0.0,0
2012-10-08T09:16:48.000,2303.6,9038,2303.4,4,0.0,0,0.0,0,0.0,0,0.0,0,2303.6,24,0.0,0,0.0,0,0.0,0,0.0,0
2012-10-08T09:16:48.500,2303.4,9054,2303.4,8,0.0,0,0.0,0,0.0,0,0.0,0,2303.6,11,0.0,0,0.0,0,0.0,0,0.0,0
2012-10-08T09:16:49.000,2303.4,9090,2303.4,12,0.0,0,0.0,0,0.0,0,0.0,0,2304,17,0.0,0,0.0,0,0.0,0,0.0,0
2012-10-08T09:16:49.500,2304,9124,2304,44,0.0,0,0.0,0,0.0,0,0.0,0,2304.2,16,0.0,0,0.0,0,0.0,0,0.0,0
2012-10-08T09:16:50.000,2304.2,9142,2304,35,0.0,0,0.0,0,0.0,0,0.0,0,2304.2,7,0.0,0,0.0,0,0.0,0,0.0,0
2012-10-08T09:16:50.500,2304.4,9151,2304.2,20,0.0,0,0.0,0,0.0,0,0.0,0,2304.4,5,0.0,0,0.0,0,0.0,0,0.0,0
2012-10-08T09:16:51.000,2304.2,9152,2304.2,19,0.0,0,0.0,0,0.0,0,0.0,0,2304.4,7,0.0,0,0.0,0,0.0,0,0.0,0
2012-10-08T09:16:51.500,2304.2,9175,2304,36,0.0,0,0.0,0,0.0,0,0.0,0,2304.2,6,0.0,0,0.0,0,0.0,0,0.0,0
2012-10-08T09:16:52.000,2304.2,9178,2304,36,0.0,0,0.0,0,0.0,0,0.0,0,2304.2,4,0.0,0,0.0,0,0.0,0,0.0,0
2012-10-08T09:16:52.500,2304.2,9184,2304,33,0.0,0,0.0,0,0.0,0,0.0,0,2304.2,2,0.0,0,0.0,0,0.0,0,0.0,0
2012-10-08T09:16:53.000,2304.4,9196,2304,32,0.0,0,0.0,0,0.0,0,0.0,0,2304.4,3,0.0,0,0.0,0,0.0,0,0.0,0
2012-10-08T09:16:53.500,2304.4,9197,2304.2,2,0.0,0,0.0,0,0.0,0,0.0,0,2304.4,2,0.0,0,0.0,0,0.0,0,0.0,0
2012-10-08T09:16:54.000,2304.2,9198,2304.2,3,0.0,0,0.0,0,0.0,0,0.0,0,2304.4,13,0.0,0,0.0,0,0.0,0,0.0,0
2012-10-08T09:16:54.500,2304.4,9203,2304.2,5,0.0,0,0.0,0,0.0,0,0.0,0,2304.6,31,0.0,0,0.0,0,0.0,0,0.0,0
2012-10-08T09:16:55.250,2304.6,9237,2304.6,18,0.0,0,0.0,0,0.0,0,0.0,0,2304.8,19,0.0,0,0.0,0,0.0,0,0.0,0
2012-10-08T09:16:56.000,2305,9278,2304.8,27,0.0,0,0.0,0,0.0,0,0.0,0,2305,27,0.0,0,0.0,0,0.0,0,0.0,0
2012-10-08T09:16:56.500,2304.6,9300,2304.6,3,0.0,0,0.0,0,0.0,0,0.0,0,2305,25,0.0,0,0.0,0,0.0,0,0.0,0
2012-10-08T09:16:57.000,2304.8,9307,2304.6,28,0.0,0,0.0,0,0.0,0,0.0,0,2304.8,2,0.0,0,0.0,0,0.0,0,0.0,0
2012-10-08T09:16:57.500,2304.8,9333,2304.6,7,0.0,0,0.0,0,0.0,0,0.0,0,2304.8,1,0.0,0,0.0,0,0.0,0,0.0,0
2012-10-08T09:16:58.000,2304.4,9341,2304.4,59,0.0,0,0.0,0,0.0,0,0.0,0,2304.6,7,0.0,0,0.0,0,0.0,0,0.0,0
2012-10-08T09:16:58.500,2304.4,9359,2304.4,46,0.0,0,0.0,0,0.0,0,0.0,0,2304.6,5,0.0,0,0.0,0,0.0,0,0.0,0
2012-10-08T09:16:59.000,2304.6,9363,2304.4,46,0.0,0,0.0,0,0.0,0,0.0,0,2304.6,3,0.0,0,0.0,0,0.0,0,0.0,0
2012-10-08T09:16:59.500,2304.6,9375,2304.6,1,0.0,0,0.0,0,0.0,0,0.0,0,2304.8,16,0.0,0,0.0,0,0.0,0,0.0,0
2012-10-08T09:17:00.000,2304.6,9378,2304.6,7,0.0,0,0.0,0,0.0,0,0.0,0,2304.8,16,0.0,0,0.0,0,0.0,0,0.0,0
2012-10-08T09:17:00.500,2304.8,9388,2304.6,8,0.0,0,0.0,0,0.0,0,0.0,0,2304.8,7,0.0,0,0.0,0,0.0,0,0.0,0
2012-10-08T09:17:01.000,2304.6,9395,2304.6,5,0.0,0,0.0,0,0.0,0,0.0,0,2304.8,4,0.0,0,0.0,0,0.0,0,0.0,0
2012-10-08T09:17:01.500,2304.6,9404,2304.6,25,0.0,0,0.0,0,0.0,0,0.0,0,2305,27,0.0,0,0.0,0,0.0,0,0.0,0
2012-10-08T09:17:02.000,2305,9410,2304.8,5,0.0,0,0.0,0,0.0,0,0.0,0,2305,32,0.0,0,0.0,0,0.0,0,0.0,0
2012-10-08T09:17:02.500,2305,9429,2304.8,5,0.0,0,0.0,0,0.0,0,0.0,0,2305,13,0.0,0,0.0,0,0.0,0,0.0,0
2012-10-08T09:17:03.000,2305,9472,2305,9,0.0,0,0.0,0,0.0,0,0.0,0,2305.2,3,0.0,0,0.0,0,0.0,0,0.0,0
2012-10-08T09:17:03.500,2305,9475,2305,9,0.0,0,0.0,0,0.0,0,0.0,0,2305.2,1,0.0,0,0.0,0,0.0,0,0.0,0
2012-10-08T09:17:04.000,2305,9481,2304.8,5,0.0,0,0.0,0,0.0,0,0.0,0,2305,4,0.0,0,0.0,0,0.0,0,0.0,0
2012-10-08T09:17:04.500,2304.8,9497,2304.8,10,0.0,0,0.0,0,0.0,0,0.0,0,2305.4,10,0.0,0,0.0,0,0.0,0,0.0,0
2012-10-08T09:17:05.000,2305,9503,2305,11,0.0,0,0.0,0,0.0,0,0.0,0,2305.2,55,0.0,0,0.0,0,0.0,0,0.0,0
2012-10-08T09:17:05.500,2304.8,9540,2304.8,2,0.0,0,0.0,0,0.0,0,0.0,0,2305,34,0.0,0,0.0,0,0.0,0,0.0,0
2012-10-08T09:17:06.000,2304.8,9551,2304.6,18,0.0,0,0.0,0,0.0,0,0.0,0,2304.8,26,0.0,0,0.0,0,0.0,0,0.0,0
2012-10-08T09:17:06.500,2304.6,9580,2304.4,48,0.0,0,0.0,0,0.0,0,0.0,0,2304.6,1,0.0,0,0.0,0,0.0,0,0.0,0
2012-10-08T09:17:07.000,2304.6,9587,2304.4,45,0.0,0,0.0,0,0.0,0,0.0,0,2304.8,43,0.0,0,0.0,0,0.0,0,0.0,0
2012-10-08T09:17:07.500,2304.4,9599,2304.4,44,0.0,0,0.0,0,0.0,0,0.0,0,2304.6,8,0.0,0,0.0,0,0.0,0,0.0,0
2012-10-08T09:17:08.000,2304.6,9611,2304.4,33,0.0,0,0.0,0,0.0,0,0.0,0,2304.6,17,0.0,0,0.0,0,0.0,0,0.0,0
2012-10-08T09:17:08.500,2304.4,9619,2304.4,28,0.0,0,0.0,0,0.0,0,0.0,0,2304.6,24,0.0,0,0.0,0,0.0,0,0.0,0
2012-10-08T09:17:09.000,2304.4,9650,2304.2,20,0.0,0,0.0,0,0.0,0,0.0,0,2304.4,6,0.0,0,0.0,0,0.0,0,0.0,0
2012-10-08T09:17:09.500,2304.2,9655,2304.2,17,0.0,0,0.0,0,0.0,0,0.0,0,2304.4,10,0.0,0,0.0,0,0.0,0,0.0,0
2012-10-08T09:17:10.000,2304.2,9672,2304,13,0.0,0,0.0,0,0.0,0,0.0,0,2304.2,11,0.0,0,0.0,0,0.0,0,0.0,0
2012-10-08T09:17:10.500,2304,9697,2303.6,6,0.0,0,0.0,0,0.0,0,0.0,0,2304,12,0.0,0,0.0,0,0.0,0,0.0,0
2012-10-08T09:17:11.000,2303.8,9704,2303.6,4,0.0,0,0.0,0,0.0,0,0.0,0,2303.8,5,0.0,0,0.0,0,0.0,0,0.0,0
2012-10-08T09:17:11.500,2303.6,9707,2303.6,14,0.0,0,0.0,0,0.0,0,0.0,0,2303.8,4,0.0,0,0.0,0,0.0,0,0.0,0
2012-10-08T09:17:12.000,2303.8,9731,2303.4,21,0.0,0,0.0,0,0.0,0,0.0,0,2303.6,20,0.0,0,0.0,0,0.0,0,0.0,0
2012-10-08T09:17:12.500,2303.6,9737,2303.4,21,0.0,0,0.0,0,0.0,0,0.0,0,2303.6,18,0.0,0,0.0,0,0.0,0,0.0,0
2012-10-08T09:17:13.000,2303.4,9752,2303.4,8,0.0,0,0.0,0,0.0,0,0.0,0,2303.6,20,0.0,0,0.0,0,0.0,0,0.0,0
2012-10-08T09:17:13.500,2303.6,9763,2303.4,7,0.0,0,0.0,0,0.0,0,0.0,0,2303.6,11,0.0,0,0.0,0,0.0,0,0.0,0
2012-10-08T09:17:14.000,2303.6,9770,2303.4,3,0.0,0,0.0,0,0.0,0,0.0,0,2303.6,9,0.0,0,0.0,0,0.0,0,0.0,0
2012-10-08T09:17:14.500,2303.6,9782,2303.2,12,0.0,0,0.0,0,0.0,0,0.0,0,2303.6,6,0.0,0,0.0,0,0.0,0,0.0,0
2012-10-08T09:17:15.000,2303.6,9790,2303.6,10,0.0,0,0.0,0,0.0,0,0.0,0,2304,12,0.0,0,0.0,0,0.0,0,0.0,0
2012-10-08T09:17:15.500,2303.6,9793,2303.6,15,0.0,0,0.0,0,0.0,0,0.0,0,2303.8,2,0.0,0,0.0,0,0.0,0,0.0,0
2012-10-08T09:17:16.000,2303.8,9796,2303.8,2,0.0,0,0.0,0,0.0,0,0.0,0,2304,12,0.0,0,0.0,0,0.0,0,0.0,0
2012-10-08T09:17:16.500,2303.6,9801,2303.6,22,0.0,0,0.0,0,0.0,0,0.0,0,2304,10,0.0,0,0.0,0,0.0,0,0.0,0
2012-10-08T09:17:17.000,2303.8,9814,2304,1,0.0,0,0.0,0,0.0,0,0.0,0,2304.2,2,0.0,0,0.0,0,0.0,0,0.0,0
2012-10-08T09:17:17.500,2303.8,9824,2303.8,5,0.0,0,0.0,0,0.0,0,0.0,0,2304.2,2,0.0,0,0.0,0,0.0,0,0.0,0
2012-10-08T09:17:18.000,2304.2,9826,2304,14,0.0,0,0.0,0,0.0,0,0.0,0,2304.2,3,0.0,0,0.0,0,0.0,0,0.0,0
2012-10-08T09:17:18.500,2304,9835,2304,6,0.0,0,0.0,0,0.0,0,0.0,0,2304.2,3,0.0,0,0.0,0,0.0,0,0.0,0
2012-10-08T09:17:19.000,2303.6,9885,2304,1,0.0,0,0.0,0,0.0,0,0.0,0,2304.2,11,0.0,0,0.0,0,0.0,0,0.0,0
2012-10-08T09:17:19.500,2304.2,9888,2304,1,0.0,0,0.0,0,0.0,0,0.0,0,2304.2,8,0.0,0,0.0,0,0.0,0,0.0,0
2012-10-08T09:17:20.250,2303.8,9890,2303.8,19,0.0,0,0.0,0,0.0,0,0.0,0,2304,1,0.0,0,0.0,0,0.0,0,0.0,0
2012-10-08T09:17:21.000,2304,9891,2303.8,19,0.0,0,0.0,0,0.0,0,0.0,0,2304,1,0.0,0,0.0,0,0.0,0,0.0,0
2012-10-08T09:17:21.500,2303.6,9918,2303.8,1,0.0,0,0.0,0,0.0,0,0.0,0,2304,10,0.0,0,0.0,0,0.0,0,0.0,0
2012-10-08T09:17:22.000,2304,9932,2303.6,13,0.0,0,0.0,0,0.0,0,0.0,0,2303.8,6,0.0,0,0.0,0,0.0,0,0.0,0
2012-10-08T09:17:22.500,2303.8,9935,2303.6,13,0.0,0,0.0,0,0.0,0,0.0,0,2303.8,4,0.0,0,0.0,0,0.0,0,0.0,0
2012-10-08T09:17:23.000,2303.8,9940,2303.6,13,0.0,0,0.0,0,0.0,0,0.0,0,2304,8,0.0,0,0.0,0,0.0,0,0.0,0
2012-10-08T09:17:23.500,2303.6,9943,2303.6,11,0.0,0,0.0,0,0.0,0,0.0,0,2303.8,5,0.0,0,0.0,0,0.0,0,0.0,0
2012-10-08T09:17:24.000,2303.8,9945,2303.6,11,0.0,0,0.0,0,0.0,0,0.0,0,2303.8,5,0.0,0,0.0,0,0.0,0,0.0,0
2012-10-08T09:17:24.500,2303.8,9957,2303.8,14,0.0,0,0.0,0,0.0,0,0.0,0,2304,32,0.0,0,0.0,0,0.0,0,0.0,0
2012-10-08T09:17:25.000,2303.8,9962,2303.8,9,0.0,0,0.0,0,0.0,0,0.0,0,2304,36,0.0,0,0.0,0,0.0,0,0.0,0
2012-10-08T09:17:25.500,2304,9965,2303.8,62,0.0,0,0.0,0,0.0,0,0.0,0,2304,34,0.0,0,0.0,0,0.0,0,0.0,0
2012-10-08T09:17:26.000,2303.8,9994,2303.8,52,0.0,0,0.0,0,0.0,0,0.0,0,2304,14,0.0,0,0.0,0,0.0,0,0.0,0
2012-10-08T09:17:26.500,2304,10013,2304,40,0.0,0,0.0,0,0.0,0,0.0,0,2304.2,22,0.0,0,0.0,0,0.0,0,0.0,0
2012-10-08T09:17:27.000,2304.2,10017,2304,42,0.0,0,0.0,0,0.0,0,0.0,0,2304.2,18,0.0,0,0.0,0,0.0,0,0.0,0
2012-10-08T09:17:27.500,2304.2,10018,2304,41,0.0,0,0.0,0,0.0,0,0.0,0,2304.2,17,0.0,0,0.0,0,0.0,0,0.0,0
2012-10-08T09:17:28.000,2304.4,10051,2304.2,6,0.0,0,0.0,0,0.0,0,0.0,0,2304.4,6,0.0,0,0.0,0,0.0,0,0.0,0
2012-10-08T09:17:28.500,2304,10073,2304,41,0.0,0,0.0,0,0.0,0,0.0,0,2304.2,1,0.0,0,0.0,0,0.0,0,0.0,0
2012-10-08T09:17:29.000,2304,10076,2304,36,0.0,0,0.0,0,0.0,0,0.0,0,2304.4,8,0.0,0,0.0,0,0.0,0,0.0,0
2012-10-08T09:17:29.500,2304,10077,2304,46,0.0,0,0.0,0,0.0,0,0.0,0,2304.2,6,0.0,0,0.0,0,0.0,0,0.0,0
2012-10-08T09:17:30.000,2304.2,10082,2304,45,0.0,0,0.0,0,0.0,0,0.0,0,2304.2,2,0.0,0,0.0,0,0.0,0,0.0,0
2012-10-08T09:17:30.500,2304,10085,2304,47,0.0,0,0.0,0,0.0,0,0.0,0,2304.2,17,0.0,0,0.0,0,0.0,0,0.0,0
2012-10-08T09:17:31.000,2304.2,10088,2304,47,0.0,0,0.0,0,0.0,0,0.0,0,2304.2,14,0.0,0,0.0,0,0.0,0,0.0,0
2012-10-08T09:17:31.500,2304,10097,2304,34,0.0,0,0.0,0,0.0,0,0.0,0,2304.2,8,0.0,0,0.0,0,0.0,0,0.0,0
2012-10-08T09:17:32.000,2304,10118,2304,13,0.0,0,0.0,0,0.0,0,0.0,0,2304.2,8,0.0,0,0.0,0,0.0,0,0.0,0
2012-10-08T09:17:32.500,2304,10132,2303.8,57,0.0,0,0.0,0,0.0,0,0.0,0,2304,21,0.0,0,0.0,0,0.0,0,0.0,0
2012-10-08T09:17:33.000,2303.8,10153,2303.8,57,0.0,0,0.0,0,0.0,0,0.0,0,2304,24,0.0,0,0.0,0,0.0,0,0.0,0
2012-10-08T09:17:33.500,2303.8,10203,2303.8,18,0.0,0,0.0,0,0.0,0,0.0,0,2304,14,0.0,0,0.0,0,0.0,0,0.0,0
2012-10-08T09:17:34.000,2303.8,10209,2303.8,13,0.0,0,0.0,0,0.0,0,0.0,0,2304,45,0.0,0,0.0,0,0.0,0,0.0,0
2012-10-08T09:17:34.500,2303.8,10231,2303.6,13,0.0,0,0.0,0,0.0,0,0.0,0,2304,41,0.0,0,0.0,0,0.0,0,0.0,0
2012-10-08T09:17:35.000,2303.8,10239,2303.8,30,0.0,0,0.0,0,0.0,0,0.0,0,2304,40,0.0,0,0.0,0,0.0,0,0.0,0
2012-10-08T09:17:35.500,2303.8,10240,2303.8,29,0.0,0,0.0,0,0.0,0,0.0,0,2304,39,0.0,0,0.0,0,0.0,0,0.0,0
2012-10-08T09:17:36.000,2303.8,10242,2303.8,28,0.0,0,0.0,0,0.0,0,0.0,0,2304,45,0.0,0,0.0,0,0.0,0,0.0,0
2012-10-08T09:17:36.500,2304,10245,2303.8,26,0.0,0,0.0,0,0.0,0,0.0,0,2304,46,0.0,0,0.0,0,0.0,0,0.0,0
2012-10-08T09:17:37.000,2304,10248,2303.8,25,0.0,0,0.0,0,0.0,0,0.0,0,2304,44,0.0,0,0.0,0,0.0,0,0.0,0
2012-10-08T09:17:37.500,2304,10256,2303.8,43,0.0,0,0.0,0,0.0,0,0.0,0,2304,39,0.0,0,0.0,0,0.0,0,0.0,0
2012-10-08T09:17:38.000,2304,10281,2303.8,22,0.0,0,0.0,0,0.0,0,0.0,0,2304,35,0.0,0,0.0,0,0.0,0,0.0,0
2012-10-08T09:17:38.500,2304,10318,2304,19,0.0,0,0.0,0,0.0,0,0.0,0,2304.2,17,0.0,0,0.0,0,0.0,0,0.0,0
2012-10-08T09:17:39.000,2304.2,10336,2304.2,7,0.0,0,0.0,0,0.0,0,0.0,0,2304.4,8,0.0,0,0.0,0,0.0,0,0.0,0
2012-10-08T09:17:39.500,2304.2,10337,2304.2,9,0.0,0,0.0,0,0.0,0,0.0,0,2304.4,8,0.0,0,0.0,0,0.0,0,0.0,0
2012-10-08T09:17:40.000,2304.4,10342,2304.2,7,0.0,0,0.0,0,0.0,0,0.0,0,2304.4,5,0.0,0,0.0,0,0.0,0,0.0,0
2012-10-08T09:17:40.500,2304.4,10345,2304.2,7,0.0,0,0.0,0,0.0,0,0.0,0,2304.4,3,0.0,0,0.0,0,0.0,0,0.0,0
2012-10-08T09:17:41.000,2304.4,10350,2304.2,5,0.0,0,0.0,0,0.0,0,0.0,0,2304.4,1,0.0,0,0.0,0,0.0,0,0.0,0
2012-10-08T09:17:41.500,2305,10384,2304.2,2,0.0,0,0.0,0,0.0,0,0.0,0,2305,67,0.0,0,0.0,0,0.0,0,0.0,0
2012-10-08T09:17:42.250,2305,10385,2304.6,24,0.0,0,0.0,0,0.0,0,0.0,0,2305,54,0.0,0,0.0,0,0.0,0,0.0,0
2012-10-08T09:17:43.000,2305,10391,2304.8,1,0.0,0,0.0,0,0.0,0,0.0,0,2305,51,0.0,0,0.0,0,0.0,0,0.0,0
2012-10-08T09:17:43.500,2304.6,10421,2304.6,19,0.0,0,0.0,0,0.0,0,0.0,0,2305,28,0.0,0,0.0,0,0.0,0,0.0,0
2012-10-08T09:17:44.000,2305,10428,2304.4,12,0.0,0,0.0,0,0.0,0,0.0,0,2305,26,0.0,0,0.0,0,0.0,0,0.0,0
2012-10-08T09:17:44.500,2304.6,10429,2304.6,10,0.0,0,0.0,0,0.0,0,0.0,0,2304.8,2,0.0,0,0.0,0,0.0,0,0.0,0
2012-10-08T09:17:45.000,2304.6,10434,2304.6,5,0.0,0,0.0,0,0.0,0,0.0,0,2304.8,8,0.0,0,0.0,0,0.0,0,0.0,0
2012-10-08T09:17:45.500,2304.6,10437,2304.4,12,0.0,0,0.0,0,0.0,0,0.0,0,2304.6,16,0.0,0,0.0,0,0.0,0,0.0,0
2012-10-08T09:17:46.000,2304.6,10439,2304.4,12,0.0,0,0.0,0,0.0,0,0.0,0,2304.6,15,0.0,0,0.0,0,0.0,0,0.0,0
2012-10-08T09:17:46.500,2304.4,10443,2304.4,13,0.0,0,0.0,0,0.0,0,0.0,0,2304.6,16,0.0,0,0.0,0,0.0,0,0.0,0
2012-10-08T09:17:47.000,2304.4,10460,2304.4,10,0.0,0,0.0,0,0.0,0,0.0,0,2304.6,6,0.0,0,0.0,0,0.0,0,0.0,0
2012-10-08T09:17:47.500,2304.6,10462,2304.4,9,0.0,0,0.0,0,0.0,0,0.0,0,2304.6,5,0.0,0,0.0,0,0.0,0,0.0,0
2012-10-08T09:17:48.000,2304.6,10466,2304.4,6,0.0,0,0.0,0,0.0,0,0.0,0,2304.6,4,0.0,0,0.0,0,0.0,0,0.0,0
2012-10-08T09:17:48.500,2304.4,10467,2304.4,6,0.0,0,0.0,0,0.0,0,0.0,0,2304.6,4,0.0,0,0.0,0,0.0,0,0.0,0
2012-10-08T09:17:49.000,2304.4,10471,2304.4,4,0.0,0,0.0,0,0.0,0,0.0,0,2304.6,3,0.0,0,0.0,0,0.0,0,0.0,0
2012-10-08T09:17:49.500,2304,10486,2304,39,0.0,0,0.0,0,0.0,0,0.0,0,2304.4,1,0.0,0,0.0,0,0.0,0,0.0,0
2012-10-08T09:17:50.000,2304.2,10494,2304.2,5,0.0,0,0.0,0,0.0,0,0.0,0,2304.6,1,0.0,0,0.0,0,0.0,0,0.0,0
2012-10-08T09:17:50.500,2304.6,10496,2304.2,5,0.0,0,0.0,0,0.0,0,0.0,0,2304.4,15,0.0,0,0.0,0,0.0,0,0.0,0
2012-10-08T09:17:51.000,2304.2,10504,2304,39,0.0,0,0.0,0,0.0,0,0.0,0,2304.4,12,0.0,0,0.0,0,0.0,0,0.0,0
2012-10-08T09:17:51.500,2304.4,10506,2304,39,0.0,0,0.0,0,0.0,0,0.0,0,2304.2,1,0.0,0,0.0,0,0.0,0,0.0,0
2012-10-08T09:17:52.000,2304.4,10510,2304.2,9,0.0,0,0.0,0,0.0,0,0.0,0,2304.4,8,0.0,0,0.0,0,0.0,0,0.0,0
2012-10-08T09:17:52.500,2304.2,10527,2304.2,1,0.0,0,0.0,0,0.0,0,0.0,0,2304.4,1,0.0,0,0.0,0,0.0,0,0.0,0
2012-10-08T09:17:53.000,2304.4,10531,2304,51,0.0,0,0.0,0,0.0,0,0.0,0,2304.2,6,0.0,0,0.0,0,0.0,0,0.0,0
2012-10-08T09:17:53.500,2304.2,10534,2304,54,0.0,0,0.0,0,0.0,0,0.0,0,2304.2,33,0.0,0,0.0,0,0.0,0,0.0,0
2012-10-08T09:17:54.000,2304,10535,2304,53,0.0,0,0.0,0,0.0,0,0.0,0,2304.2,33,0.0,0,0.0,0,0.0,0,0.0,0
2012-10-08T09:17:54.500,2304,10565,2304,25,0.0,0,0.0,0,0.0,0,0.0,0,2304.2,41,0.0,0,0.0,0,0.0,0,0.0,0
2012-10-08T09:17:55.000,2304.2,10570,2304,23,0.0,0,0.0,0,0.0,0,0.0,0,2304.2,38,0.0,0,0.0,0,0.0,0,0.0,0
2012-10-08T09:17:55.500,2304,10597,2303.8,47,0.0,0,0.0,0,0.0,0,0.0,0,2304,8,0.0,0,0.0,0,0.0,0,0.0,0
2012-10-08T09:17:56.000,2304.2,10608,2303.8,47,0.0,0,0.0,0,0.0,0,0.0,0,2304.2,35,0.0,0,0.0,0,0.0,0,0.0,0
2012-10-08T09:17:56.500,2303.8,10614,2303.8,45,0.0,0,0.0,0,0.0,0,0.0,0,2304,1,0.0,0,0.0,0,0.0,0,0.0,0
2012-10-08T09:17:57.000,2303.8,10617,2303.8,44,0.0,0,0.0,0,0.0,0,0.0,0,2304.2,31,0.0,0,0.0,0,0.0,0,0.0,0
2012-10-08T09:17:57.500,2303.8,10621,2303.8,43,0.0,0,0.0,0,0.0,0,0.0,0,2304,4,0.0,0,0.0,0,0.0,0,0.0,0
2012-10-08T09:17:58.000,2303.8,10624,2303.8,41,0.0,0,0.0,0,0.0,0,0.0,0,2304,3,0.0,0,0.0,0,0.0,0,0.0,0
2012-10-08T09:17:58.500,2304,10631,2304,3,0.0,0,0.0,0,0.0,0,0.0,0,2304.2,29,0.0,0,0.0,0,0.0,0,0.0,0
2012-10-08T09:17:59.000,2303.8,10637,2303.8,41,0.0,0,0.0,0,0.0,0,0.0,0,2304,6,0.0,0,0.0,0,0.0,0,0.0,0
2012-10-08T09:17:59.500,2304,10651,2304,69,0.0,0,0.0,0,0.0,0,0.0,0,2304.2,30,0.0,0,0.0,0,0.0,0,0.0,0
2012-10-08T09:18:00.000,2304,10658,2304,67,0.0,0,0.0,0,0.0,0,0.0,0,2304.2,28,0.0,0,0.0,0,0.0,0,0.0,0
2012-10-08T09:18:00.500,2304.2,10701,2304.2,30,0.0,0,0.0,0,0.0,0,0.0,0,2304.4,18,0.0,0,0.0,0,0.0,0,0.0,0
2012-10-08T09:18:01.000,2304.4,10712,2304.2,33,0.0,0,0.0,0,0.0,0,0.0,0,2304.4,11,0.0,0,0.0,0,0.0,0,0.0,0
2012-10-08T09:18:01.500,2304.2,10723,2304.2,29,0.0,0,0.0,0,0.0,0,0.0,0,2304.4,10,0.0,0,0.0,0,0.0,0,0.0,0
2012-10-08T09:18:02.000,2304.4,10727,2304.2,29,0.0,0,0.0,0,0.0,0,0.0,0,2304.4,12,0.0,0,0.0,0,0.0,0,0.0,0
2012-10-08T09:18:02.500,2304.2,10744,2304.2,12,0.0,0,0.0,0,0.0,0,0.0,0,2304.4,9,0.0,0,0.0,0,0.0,0,0.0,0
2012-10-08T09:18:03.000,2304.4,10754,2304.2,12,0.0,0,0.0,0,0.0,0,0.0,0,2304.6,13,0.0,0,0.0,0,0.0,0,0.0,0
2012-10-08T09:18:03.500,2304.4,10782,2304.4,23,0.0,0,0.0,0,0.0,0,0.0,0,2304.6,13,0.0,0,0.0,0,0.0,0,0.0,0
2012-10-08T09:18:04.250,2304.4,10797,2304.4,11,0.0,0,0.0,0,0.0,0,0.0,0,2304.6,12,0.0,0,0.0,0,0.0,0,0.0,0
2012-10-08T09:18:05.000,2304.6,10808,2304.4,11,0.0,0,0.0,0,0.0,0,0.0,0,2304.6,1,0.0,0,0.0,0,0.0,0,0.0,0
2012-10-08T09:18:05.500,2304.6,10812,2304.6,5,0.0,0,0.0,0,0.0,0,0.0,0,2304.8,23,0.0,0,0.0,0,0.0,0,0.0,0
2012-10-08T09:18:06.250,2304.8,10815,2304.6,9,0.0,0,0.0,0,0.0,0,0.0,0,2304.8,20,0.0,0,0.0,0,0.0,0,0.0,0
2012-10-08T09:18:07.250,2304.6,10829,2304.4,11,0.0,0,0.0,0,0.0,0,0.0,0,2304.6,12,0.0,0,0.0,0,0.0,0,0.0,0
2012-10-08T09:18:08.000,2304.4,10837,2304.4,6,0.0,0,0.0,0,0.0,0,0.0,0,2304.6,15,0.0,0,0.0,0,0.0,0,0.0,0
2012-10-08T09:18:08.500,2304.6,10844,2304.4,3,0.0,0,0.0,0,0.0,0,0.0,0,2304.6,11,0.0,0,0.0,0,0.0,0,0.0,0
2012-10-08T09:18:09.000,2304.4,10853,2304.2,11,0.0,0,0.0,0,0.0,0,0.0,0,2304.6,11,0.0,0,0.0,0,0.0,0,0.0,0
2012-10-08T09:18:09.500,2304.6,10859,2304.2,9,0.0,0,0.0,0,0.0,0,0.0,0,2304.4,2,0.0,0,0.0,0,0.0,0,0.0,0
2012-10-08T09:18:10.000,2304.4,10861,2304.2,9,0.0,0,0.0,0,0.0,0,0.0,0,2304.6,9,0.0,0,0.0,0,0.0,0,0.0,0
2012-10-08T09:18:10.500,2304.6,10873,2304.2,2,0.0,0,0.0,0,0.0,0,0.0,0,2304.6,5,0.0,0,0.0,0,0.0,0,0.0,0
2012-10-08T09:18:11.000,2304.2,10885,2304.4,1,0.0,0,0.0,0,0.0,0,0.0,0,2304.8,15,0.0,0,0.0,0,0.0,0,0.0,0
2012-10-08T09:18:11.500,2304,10894,2304,32,0.0,0,0.0,0,0.0,0,0.0,0,2304.8,15,0.0,0,0.0,0,0.0,0,0.0,0
2012-10-08T09:18:12.000,2304.2,10898,2304.2,20,0.0,0,0.0,0,0.0,0,0.0,0,2304.6,7,0.0,0,0.0,0,0.0,0,0.0,0
2012-10-08T09:18:12.500,2304.2,10900,2304.2,24,0.0,0,0.0,0,0.0,0,0.0,0,2304.6,5,0.0,0,0.0,0,0.0,0,0.0,0
2012-10-08T09:18:13.000,2304.6,10905,2304.6,33,0.0,0,0.0,0,0.0,0,0.0,0,2304.8,14,0.0,0,0.0,0,0.0,0,0.0,0
2012-10-08T09:18:13.500,2304.8,10913,2304.6,32,0.0,0,0.0,0,0.0,0,0.0,0,2304.8,9,0.0,0,0.0,0,0.0,0,0.0,0
2012-10-08T09:18:14.000,2304.8,10923,2304.8,1,0.0,0,0.0,0,0.0,0,0.0,0,2305,43,0.0,0,0.0,0,0.0,0,0.0,0
2012-10-08T09:18:14.500,2304.8,10925,2304.8,1,0.0,0,0.0,0,0.0,0,0.0,0,2305,43,0.0,0,0.0,0,0.0,0,0.0,0
2012-10-08T09:18:15.250,2305,10978,2305,15,0.0,0,0.0,0,0.0,0,0.0,0,2305.2,20,0.0,0,0.0,0,0.0,0,0.0,0
2012-10-08T09:18:16.000,2305,10988,2305,7,0.0,0,0.0,0,0.0,0,0.0,0,2305.2,19,0.0,0,0.0,0,0.0,0,0.0,0
2012-10-08T09:18:16.500,2305.2,10999,2305,9,0.0,0,0.0,0,0.0,0,0.0,0,2305.2,12,0.0,0,0.0,0,0.0,0,0.0,0
2012-10-08T09:18:17.000,2305.2,11010,2305,3,0.0,0,0.0,0,0.0,0,0.0,0,2305.2,7,0.0,0,0.0,0,0.0,0,0.0,0
2012-10-08T09:18:17.500,2305.2,11013,2305,3,0.0,0,0.0,0,0.0,0,0.0,0,2305.2,5,0.0,0,0.0,0,0.0,0,0.0,0
2012-10-08T09:18:18.000,2305,11019,2304.8,53,0.0,0,0.0,0,0.0,0,0.0,0,2305,4,0.0,0,0.0,0,0.0,0,0.0,0
2012-10-08T09:18:18.500,2305.2,11026,2305,14,0.0,0,0.0,0,0.0,0,0.0,0,2305.4,12,0.0,0,0.0,0,0.0,0,0.0,0
2012-10-08T09:18:19.000,2305.2,11027,2305.2,3,0.0,0,0.0,0,0.0,0,0.0,0,2305.4,13,0.0,0,0.0,0,0.0,0,0.0,0
2012-10-08T09:18:19.500,2305,11032,2305,14,0.0,0,0.0,0,0.0,0,0.0,0,2305.4,13,0.0,0,0.0,0,0.0,0,0.0,0
2012-10-08T09:18:20.000,2305.4,11039,2305.2,2,0.0,0,0.0,0,0.0,0,0.0,0,2305.4,9,0.0,0,0.0,0,0.0,0,0.0,0
2012-10-08T09:18:20.500,2305,11049,2305,11,0.0,0,0.0,0,0.0,0,0.0,0,2305.2,1,0.0,0,0.0,0,0.0,0,0.0,0
2012-10-08T09:18:21.000,2305.4,11057,2305.2,1,0.0,0,0.0,0,0.0,0,0.0,0,2305.4,6,0.0,0,0.0,0,0.0,0,0.0,0
2012-10-08T09:18:21.500,2305,11067,2305,39,0.0,0,0.0,0,0.0,0,0.0,0,2305.2,20,0.0,0,0.0,0,0.0,0,0.0,0
2012-10-08T09:18:22.000,2305.2,11075,2305,35,0.0,0,0.0,0,0.0,0,0.0,0,2305.2,25,0.0,0,0.0,0,0.0,0,0.0,0
2012-10-08T09:18:22.500,2305,11120,2305,37,0.0,0,0.0,0,0.0,0,0.0,0,2305.6,44,0.0,0,0.0,0,0.0,0,0.0,0
2012-10-08T09:18:23.000,2305.6,11121,2305,37,0.0,0,0.0,0,0.0,0,0.0,0,2305.4,26,0.0,0,0.0,0,0.0,0,0.0,0
2012-10-08T09:18:23.500,2305.4,11127,2305.2,3,0.0,0,0.0,0,0.0,0,0.0,0,2305.4,21,0.0,0,0.0,0,0.0,0,0.0,0
2012-10-08T09:18:24.000,2305,11149,2305,19,0.0,0,0.0,0,0.0,0,0.0,0,2305.2,1,0.0,0,0.0,0,0.0,0,0.0,0
2012-10-08T09:18:24.500,2305.2,11154,2305,19,0.0,0,0.0,0,0.0,0,0.0,0,2305.4,52,0.0,0,0.0,0,0.0,0,0.0,0
2012-10-08T09:18:25.000,2305,11158,2305,18,0.0,0,0.0,0,0.0,0,0.0,0,2305.4,55,0.0,0,0.0,0,0.0,0,0.0,0
2012-10-08T09:18:25.500,2305,11168,2305,12,0.0,0,0.0,0,0.0,0,0.0,0,2305.2,8,0.0,0,0.0,0,0.0,0,0.0,0
2012-10-08T09:18:26.000,2305.2,11174,2305,10,0.0,0,0.0,0,0.0,0,0.0,0,2305.2,17,0.0,0,0.0,0,0.0,0,0.0,0
2012-10-08T09:18:26.500,2305.2,11186,2305,4,0.0,0,0.0,0,0.0,0,0.0,0,2305.2,20,0.0,0,0.0,0,0.0,0,0.0,0
2012-10-08T09:18:27.000,2305.2,11200,2305,1,0.0,0,0.0,0,0.0,0,0.0,0,2305.2,17,0.0,0,0.0,0,0.0,0,0.0,0
2012-10-08T09:18:27.500,2304.8,11208,2304.8,52,0.0,0,0.0,0,0.0,0,0.0,0,2305,9,0.0,0,0.0,0,0.0,0,0.0,0
2012-10-08T09:18:28.000,2305,11217,2304.8,52,0.0,0,0.0,0,0.0,0,0.0,0,2305,7,0.0,0,0.0,0,0.0,0,0.0,0
2012-10-08T09:18:28.500,2305,11223,2304.8,52,0.0,0,0.0,0,0.0,0,0.0,0,2305,5,0.0,0,0.0,0,0.0,0,0.0,0
2012-10-08T09:18:29.000,2305.2,11230,2305,1,0.0,0,0.0,0,0.0,0,0.0,0,2305.2,40,0.0,0,0.0,0,0.0,0,0.0,0
2012-10-08T09:18:29.500,2305.2,11271,2305,4,0.0,0,0.0,0,0.0,0,0.0,0,2305.2,37,0.0,0,0.0,0,0.0,0,0.0,0
2012-10-08T09:18:30.250,2305.2,11281,2305,1,0.0,0,0.0,0,0.0,0,0.0,0,2305.2,32,0.0,0,0.0,0,0.0,0,0.0,0
2012-10-08T09:18:31.000,2305,11290,2304.8,19,0.0,0,0.0,0,0.0,0,0.0,0,2305,26,0.0,0,0.0,0,0.0,0,0.0,0
2012-10-08T09:18:31.500,2305,11299,2304.8,19,0.0,0,0.0,0,0.0,0,0.0,0,2305,18,0.0,0,0.0,0,0.0,0,0.0,0
2012-10-08T09:18:32.000,2305,11303,2304.8,20,0.0,0,0.0,0,0.0,0,0.0,0,2305,15,0.0,0,0.0,0,0.0,0,0.0,0
2012-10-08T09:18:32.500,2305,11310,2304.8,20,0.0,0,0.0,0,0.0,0,0.0,0,2305,32,0.0,0,0.0,0,0.0,0,0.0,0
2012-10-08T09:18:33.000,2304.8,11330,2304.6,39,0.0,0,0.0,0,0.0,0,0.0,0,2305,33,0.0,0,0.0,0,0.0,0,0.0,0
2012-10-08T09:18:33.500,2305,11351,2304.6,39,0.0,0,0.0,0,0.0,0,0.0,0,2304.8,1,0.0,0,0.0,0,0.0,0,0.0,0
2012-10-08T09:18:34.000,2304.8,11392,2304.2,19,0.0,0,0.0,0,0.0,0,0.0,0,2304.6,5,0.0,0,0.0,0,0.0,0,0.0,0
2012-10-08T09:18:34.500,2304.2,11396,2304.2,16,0.0,0,0.0,0,0.0,0,0.0,0,2304.6,9,0.0,0,0.0,0,0.0,0,0.0,0
2012-10-08T09:18:35.000,2304.6,11400,2304.2,17,0.0,0,0.0,0,0.0,0,0.0,0,2304.6,14,0.0,0,0.0,0,0.0,0,0.0,0
2012-10-08T09:18:35.500,2304.2,11403,2304.2,16,0.0,0,0.0,0,0.0,0,0.0,0,2304.6,13,0.0,0,0.0,0,0.0,0,0.0,0
2012-10-08T09:18:36.000,2304.6,11404,2304.2,16,0.0,0,0.0,0,0.0,0,0.0,0,2304.6,16,0.0,0,0.0,0,0.0,0,0.0,0
2012-10-08T09:18:36.500,2304.2,11406,2304.2,15,0.0,0,0.0,0,0.0,0,0.0,0,2304.6,15,0.0,0,0.0,0,0.0,0,0.0,0
2012-10-08T09:18:37.000,2304.6,11413,2304.2,17,0.0,0,0.0,0,0.0,0,0.0,0,2304.6,8,0.0,0,0.0,0,0.0,0,0.0,0
2012-10-08T09:18:37.500,2304.2,11414,2304.2,18,0.0,0,0.0,0,0.0,0,0.0,0,2304.6,6,0.0,0,0.0,0,0.0,0,0.0,0
2012-10-08T09:18:38.000,2304.6,11422,2304.4,29,0.0,0,0.0,0,0.0,0,0.0,0,2304.6,1,0.0,0,0.0,0,0.0,0,0.0,0
2012-10-08T09:18:38.500,2304.8,11425,2304.6,2,0.0,0,0.0,0,0.0,0,0.0,0,2304.8,34,0.0,0,0.0,0,0.0,0,0.0,0
2012-10-08T09:18:39.000,2304.6,11430,2304.6,5,0.0,0,0.0,0,0.0,0,0.0,0,2304.8,31,0.0,0,0.0,0,0.0,0,0.0,0
2012-10-08T09:18:39.500,2304.6,11435,2304.4,30,0.0,0,0.0,0,0.0,0,0.0,0,2304.8,31,0.0,0,0.0,0,0.0,0,0.0,0
2012-10-08T09:18:40.000,2304.4,11436,2304.4,29,0.0,0,0.0,0,0.0,0,0.0,0,2304.6,2,0.0,0,0.0,0,0.0,0,0.0,0
2012-10-08T09:18:40.500,2304.8,11445,2304.4,24,0.0,0,0.0,0,0.0,0,0.0,0,2304.8,29,0.0,0,0.0,0,0.0,0,0.0,0
2012-10-08T09:18:41.000,2304.8,11448,2304.4,24,0.0,0,0.0,0,0.0,0,0.0,0,2304.8,27,0.0,0,0.0,0,0.0,0,0.0,0
2012-10-08T09:18:41.500,2304.8,11449,2304.6,1,0.0,0,0.0,0,0.0,0,0.0,0,2304.8,29,0.0,0,0.0,0,0.0,0,0.0,0
2012-10-08T09:18:42.000,2304.4,11452,2304.6,1,0.0,0,0.0,0,0.0,0,0.0,0,2304.8,29,0.0,0,0.0,0,0.0,0,0.0,0
2012-10-08T09:18:42.500,2304.6,11454,2304.4,23,0.0,0,0.0,0,0.0,0,0.0,0,2304.6,3,0.0,0,0.0,0,0.0,0,0.0,0
2012-10-08T09:18:43.000,2304.6,11457,2304.4,23,0.0,0,0.0,0,0.0,0,0.0,0,2304.8,29,0.0,0,0.0,0,0.0,0,0.0,0
2012-10-08T09:18:43.500,2304.4,11461,2304.4,19,0.0,0,0.0,0,0.0,0,0.0,0,2304.6,1,0.0,0,0.0,0,0.0,0,0.0,0
2012-10-08T09:18:44.250,2304.6,11464,2304.4,19,0.0,0,0.0,0,0.0,0,0.0,0,2304.6,6,0.0,0,0.0,0,0.0,0,0.0,0
2012-10-08T09:18:45.000,2304.6,11467,2304.4,20,0.0,0,0.0,0,0.0,0,0.0,0,2304.6,19,0.0,0,0.0,0,0.0,0,0.0,0
2012-10-08T09:18:45.500,2304.4,11486,2304.4,5,0.0,0,0.0,0,0.0,0,0.0,0,2304.6,16,0.0,0,0.0,0,0.0,0,0.0,0
2012-10-08T09:18:46.000,2304.4,11500,2304.2,20,0.0,0,0.0,0,0.0,0,0.0,0,2304.6,10,0.0,0,0.0,0,0.0,0,0.0,0
2012-10-08T09:18:46.500,2304,11529,2304.2,1,0.0,0,0.0,0,0.0,0,0.0,0,2304.6,11,0.0,0,0.0,0,0.0,0,0.0,0
2012-10-08T09:18:47.000,2304.4,11535,2304.2,4,0.0,0,0.0,0,0.0,0,0.0,0,2304.4,3,0.0,0,0.0,0,0.0,0,0.0,0
2012-10-08T09:18:47.500,2304.2,11539,2304.2,18,0.0,0,0.0,0,0.0,0,0.0,0,2304.4,5,0.0,0,0.0,0,0.0,0,0.0,0
2012-10-08T09:18:48.000,2304.6,11547,2304.4,1,0.0,0,0.0,0,0.0,0,0.0,0,2304.6,16,0.0,0,0.0,0,0.0,0,0.0,0
2012-10-08T09:18:48.500,2304.2,11551,2304.2,25,0.0,0,0.0,0,0.0,0,0.0,0,2304.4,7,0.0,0,0.0,0,0.0,0,0.0,0
2012-10-08T09:18:49.000,2304.2,11566,2304.2,17,0.0,0,0.0,0,0.0,0,0.0,0,2304.4,1,0.0,0,0.0,0,0.0,0,0.0,0
2012-10-08T09:18:49.500,2304.4,11600,2304.4,19,0.0,0,0.0,0,0.0,0,0.0,0,2304.6,20,0.0,0,0.0,0,0.0,0,0.0,0
2012-10-08T09:18:50.000,2304.4,11604,2304.4,16,0.0,0,0.0,0,0.0,0,0.0,0,2304.6,20,0.0,0,0.0,0,0.0,0,0.0,0
2012-10-08T09:18:50.500,2304.4,11608,2304.4,19,0.0,0,0.0,0,0.0,0,0.0,0,2304.6,20,0.0,0,0.0,0,0.0,0,0.0,0
2012-10-08T09:18:51.000,2304.4,11611,2304.4,17,0.0,0,0.0,0,0.0,0,0.0,0,2304.6,14,0.0,0,0.0,0,0.0,0,0.0,0
2012-10-08T09:18:51.500,2304.4,11618,2304.4,13,0.0,0,0.0,0,0.0,0,0.0,0,2304.6,12,0.0,0,0.0,0,0.0,0,0.0,0
2012-10-08T09:18:52.000,2304.6,11630,2304.4,4,0.0,0,0.0,0,0.0,0,0.0,0,2304.6,9,0.0,0,0.0,0,0.0,0,0.0,0
2012-10-08T09:18:52.500,2304.4,11639,2304.4,2,0.0,0,0.0,0,0.0,0,0.0,0,2304.6,3,0.0,0,0.0,0,0.0,0,0.0,0
2012-10-08T09:18:53.000,2304.4,11641,2304.2,30,0.0,0,0.0,0,0.0,0,0.0,0,2304.4,4,0.0,0,0.0,0,0.0,0,0.0,0
2012-10-08T09:18:53.500,2304.2,11670,2304.2,4,0.0,0,0.0,0,0.0,0,0.0,0,2304.4,1,0.0,0,0.0,0,0.0,0,0.0,0
2012-10-08T09:18:54.000,2304.6,11723,2304,18,0.0,0,0.0,0,0.0,0,0.0,0,2304.6,3,0.0,0,0.0,0,0.0,0,0.0,0
2012-10-08T09:18:54.500,2304.2,11724,2304.2,5,0.0,0,0.0,0,0.0,0,0.0,0,2304.6,6,0.0,0,0.0,0,0.0,0,0.0,0
2012-10-08T09:18:55.000,2304.2,11739,2304,17,0.0,0,0.0,0,0.0,0,0.0,0,2304.2,2,0.0,0,0.0,0,0.0,0,0.0,0
2012-10-08T09:18:55.500,2304,11774,2303.8,26,0.0,0,0.0,0,0.0,0,0.0,0,2304,78,0.0,0,0.0,0,0.0,0,0.0,0
2012-10-08T09:18:56.000,2304,11832,2303.6,5,0.0,0,0.0,0,0.0,0,0.0,0,2303.8,1,0.0,0,0.0,0,0.0,0,0.0,0
2012-10-08T09:18:56.500,2303.6,11838,2303.4,10,0.0,0,0.0,0,0.0,0,0.0,0,2303.6,18,0.0,0,0.0,0,0.0,0,0.0,0
2012-10-08T09:18:57.000,2303.4,11844,2303.4,5,0.0,0,0.0,0,0.0,0,0.0,0,2303.6,20,0.0,0,0.0,0,0.0,0,0.0,0
2012-10-08T09:18:57.500,2303.4,11859,2303.2,20,0.0,0,0.0,0,0.0,0,0.0,0,2303.4,58,0.0,0,0.0,0,0.0,0,0.0,0
2012-10-08T09:18:58.000,2303.2,11869,2303.2,22,0.0,0,0.0,0,0.0,0,0.0,0,2303.4,51,0.0,0,0.0,0,0.0,0,0.0,0
2012-10-08T09:18:58.500,2303.4,11878,2303.2,14,0.0,0,0.0,0,0.0,0,0.0,0,2303.4,52,0.0,0,0.0,0,0.0,0,0.0,0
2012-10-08T09:18:59.000,2303.2,11886,2303.2,7,0.0,0,0.0,0,0.0,0,0.0,0,2303.4,52,0.0,0,0.0,0,0.0,0,0.0,0
2012-10-08T09:18:59.500,2303.4,11907,2303,83,0.0,0,0.0,0,0.0,0,0.0,0,2303.2,2,0.0,0,0.0,0,0.0,0,0.0,0
2012-10-08T09:19:00.000,2303,11920,2303,84,0.0,0,0.0,0,0.0,0,0.0,0,2303.2,17,0.0,0,0.0,0,0.0,0,0.0,0
2012-10-08T09:19:00.500,2303.2,11935,2303,79,0.0,0,0.0,0,0.0,0,0.0,0,2303.2,13,0.0,0,0.0,0,0.0,0,0.0,0
2012-10-08T09:19:01.000,2303,12028,2302.8,9,0.0,0,0.0,0,0.0,0,0.0,0,2303,32,0.0,0,0.0,0,0.0,0,0.0,0
2012-10-08T09:19:01.500,2303,12036,2302.8,7,0.0,0,0.0,0,0.0,0,0.0,0,2303,32,0.0,0,0.0,0,0.0,0,0.0,0
2012-10-08T09:19:02.000,2302.8,12062,2302.6,13,0.0,0,0.0,0,0.0,0,0.0,0,2302.8,36,0.0,0,0.0,0,0.0,0,0.0,0
2012-10-08T09:19:02.500,2302.6,12081,2302.6,14,0.0,0,0.0,0,0.0,0,0.0,0,2302.8,26,0.0,0,0.0,0,0.0,0,0.0,0
2012-10-08T09:19:03.000,2302.6,12109,2302.4,48,0.0,0,0.0,0,0.0,0,0.0,0,2302.6,1,0.0,0,0.0,0,0.0,0,0.0,0
2012-10-08T09:19:03.500,2302.6,12122,2302.6,3,0.0,0,0.0,0,0.0,0,0.0,0,2302.8,10,0.0,0,0.0,0,0.0,0,0.0,0
2012-10-08T09:19:04.000,2302.6,12148,2302.6,3,0.0,0,0.0,0,0.0,0,0.0,0,2302.8,3,0.0,0,0.0,0,0.0,0,0.0,0
2012-10-08T09:19:04.500,2302.4,12184,2302.8,4,0.0,0,0.0,0,0.0,0,0.0,0,2303,20,0.0,0,0.0,0,0.0,0,0.0,0
2012-10-08T09:19:05.000,2302.6,12194,2302.6,13,0.0,0,0.0,0,0.0,0,0.0,0,2303,18,0.0,0,0.0,0,0.0,0,0.0,0
2012-10-08T09:19:05.500,2303,12220,2302.8,1,0.0,0,0.0,0,0.0,0,0.0,0,2303.2,10,0.0,0,0.0,0,0.0,0,0.0,0
2012-10-08T09:19:06.000,2303,12242,2302.8,4,0.0,0,0.0,0,0.0,0,0.0,0,2303.4,48,0.0,0,0.0,0,0.0,0,0.0,0
2012-10-08T09:19:06.500,2303.2,12249,2302.8,6,0.0,0,0.0,0,0.0,0,0.0,0,2303.2,2,0.0,0,0.0,0,0.0,0,0.0,0
2012-10-08T09:19:07.000,2303.2,12263,2303.2,2,0.0,0,0.0,0,0.0,0,0.0,0,2303.4,35,0.0,0,0.0,0,0.0,0,0.0,0
2012-10-08T09:19:07.500,2303,12271,2302.8,10,0.0,0,0.0,0,0.0,0,0.0,0,2303.2,2,0.0,0,0.0,0,0.0,0,0.0,0
2012-10-08T09:19:08.000,2302.8,12277,2303,1,0.0,0,0.0,0,0.0,0,0.0,0,2303.2,2,0.0,0,0.0,0,0.0,0,0.0,0
2012-10-08T09:19:08.500,2303.2,12281,2303,11,0.0,0,0.0,0,0.0,0,0.0,0,2303.2,4,0.0,0,0.0,0,0.0,0,0.0,0
2012-10-08T09:19:09.000,2303,12295,2302.8,17,0.0,0,0.0,0,0.0,0,0.0,0,2303,14,0.0,0,0.0,0,0.0,0,0.0,0
2012-10-08T09:19:09.500,2302.8,12307,2302.8,15,0.0,0,0.0,0,0.0,0,0.0,0,2303,4,0.0,0,0.0,0,0.0,0,0.0,0
2012-10-08T09:19:10.000,2303,12309,2302.8,13,0.0,0,0.0,0,0.0,0,0.0,0,2303,6,0.0,0,0.0,0,0.0,0,0.0,0
2012-10-08T09:19:10.500,2303.2,12321,2303,17,0.0,0,0.0,0,0.0,0,0.0,0,2303.2,1,0.0,0,0.0,0,0.0,0,0.0,0
2012-10-08T09:19:11.000,2303,12322,2303,18,0.0,0,0.0,0,0.0,0,0.0,0,2303.2,1,0.0,0,0.0,0,0.0,0,0.0,0
2012-10-08T09:19:11.500,2303.2,12328,2303,19,0.0,0,0.0,0,0.0,0,0.0,0,2303.2,8,0.0,0,0.0,0,0.0,0,0.0,0
2012-10-08T09:19:12.000,2303.2,12352,2303,1,0.0,0,0.0,0,0.0,0,0.0,0,2303.2,4,0.0,0,0.0,0,0.0,0,0.0,0
2012-10-08T09:19:12.500,2302.8,12355,2302.8,15,0.0,0,0.0,0,0.0,0,0.0,0,2303,1,0.0,0,0.0,0,0.0,0,0.0,0
2012-10-08T09:19:13.000,2303,12363,2302.8,12,0.0,0,0.0,0,0.0,0,0.0,0,2303,3,0.0,0,0.0,0,0.0,0,0.0,0
2012-10-08T09:19:13.500,2303,12367,2302.8,13,0.0,0,0.0,0,0.0,0,0.0,0,2303,5,0.0,0,0.0,0,0.0,0,0.0,0
2012-10-08T09:19:14.000,2302.6,12396,2302.4,22,0.0,0,0.0,0,0.0,0,0.0,0,2302.6,8,0.0,0,0.0,0,0.0,0,0.0,0
2012-10-08T09:19:14.500,2302.4,12425,2302.2,18,0.0,0,0.0,0,0.0,0,0.0,0,2302.4,4,0.0,0,0.0,0,0.0,0,0.0,0
2012-10-08T09:19:15.000,2302.2,12454,2302,40,0.0,0,0.0,0,0.0,0,0.0,0,2302.2,2,0.0,0,0.0,0,0.0,0,0.0,0
2012-10-08T09:19:15.500,2302,12473,2302,23,0.0,0,0.0,0,0.0,0,0.0,0,2302.4,6,0.0,0,0.0,0,0.0,0,0.0,0
2012-10-08T09:19:16.000,2302,12497,2301.8,29,0.0,0,0.0,0,0.0,0,0.0,0,2302,10,0.0,0,0.0,0,0.0,0,0.0,0
2012-10-08T09:19:16.500,2302,12519,2302,27,0.0,0,0.0,0,0.0,0,0.0,0,2302.8,7,0.0,0,0.0,0,0.0,0,0.0,0
2012-10-08T09:19:17.000,2302.2,12551,2302.2,13,0.0,0,0.0,0,0.0,0,0.0,0,2302.6,24,0.0,0,0.0,0,0.0,0,0.0,0
2012-10-08T09:19:17.500,2302.2,12560,2302.2,23,0.0,0,0.0,0,0.0,0,0.0,0,2302.6,22,0.0,0,0.0,0,0.0,0,0.0,0
2012-10-08T09:19:18.000,2302.2,12565,2302.4,2,0.0,0,0.0,0,0.0,0,0.0,0,2302.6,22,0.0,0,0.0,0,0.0,0,0.0,0
2012-10-08T09:19:18.500,2302.6,12573,2302.2,35,0.0,0,0.0,0,0.0,0,0.0,0,2302.6,17,0.0,0,0.0,0,0.0,0,0.0,0
2012-10-08T09:19:19.000,2302.4,12579,2302.2,33,0.0,0,0.0,0,0.0,0,0.0,0,2302.4,2,0.0,0,0.0,0,0.0,0,0.0,0
2012-10-08T09:19:19.500,2302.4,12593,2302.2,34,0.0,0,0.0,0,0.0,0,0.0,0,2302.4,6,0.0,0,0.0,0,0.0,0,0.0,0
2012-10-08T09:19:20.000,2302.4,12601,2302.2,30,0.0,0,0.0,0,0.0,0,0.0,0,2302.4,2,0.0,0,0.0,0,0.0,0,0.0,0
2012-10-08T09:19:20.500,2302.6,12621,2302.4,52,0.0,0,0.0,0,0.0,0,0.0,0,2302.6,12,0.0,0,0.0,0,0.0,0,0.0,0
2012-10-08T09:19:21.000,2302.6,12625,2302.4,59,0.0,0,0.0,0,0.0,0,0.0,0,2302.6,8,0.0,0,0.0,0,0.0,0,0.0,0
2012-10-08T09:19:21.500,2302.6,12641,2302.6,46,0.0,0,0.0,0,0.0,0,0.0,0,2302.8,8,0.0,0,0.0,0,0.0,0,0.0,0
2012-10-08T09:19:22.000,2302.8,12667,2302.6,28,0.0,0,0.0,0,0.0,0,0.0,0,2303,23,0.0,0,0.0,0,0.0,0,0.0,0
2012-10-08T09:19:22.500,2303,12677,2302.8,55,0.0,0,0.0,0,0.0,0,0.0,0,2303,13,0.0,0,0.0,0,0.0,0,0.0,0
2012-10-08T09:19:23.000,2303,12687,2302.8,47,0.0,0,0.0,0,0.0,0,0.0,0,2303,11,0.0,0,0.0,0,0.0,0,0.0,0
2012-10-08T09:19:23.500,2302.8,12692,2302.8,39,0.0,0,0.0,0,0.0,0,0.0,0,2303,7,0.0,0,0.0,0,0.0,0,0.0,0
2012-10-08T09:19:24.000,2303,12694,2302.8,38,0.0,0,0.0,0,0.0,0,0.0,0,2303,6,0.0,0,0.0,0,0.0,0,0.0,0
2012-10-08T09:19:24.500,2303,12700,2303,2,0.0,0,0.0,0,0.0,0,0.0,0,2303.2,12,0.0,0,0.0,0,0.0,0,0.0,0
2012-10-08T09:19:25.000,2302.8,12708,2302.8,32,0.0,0,0.0,0,0.0,0,0.0,0,2303,2,0.0,0,0.0,0,0.0,0,0.0,0
2012-10-08T09:19:25.500,2302.8,12719,2302.8,25,0.0,0,0.0,0,0.0,0,0.0,0,2303.2,19,0.0,0,0.0,0,0.0,0,0.0,0
2012-10-08T09:19:26.000,2303,12721,2303,1,0.0,0,0.0,0,0.0,0,0.0,0,2303.2,25,0.0,0,0.0,0,0.0,0,0.0,0
2012-10-08T09:19:26.500,2303.2,12722,2303,1,0.0,0,0.0,0,0.0,0,0.0,0,2303.2,24,0.0,0,0.0,0,0.0,0,0.0,0
2012-10-08T09:19:27.000,2303,12724,2303,1,0.0,0,0.0,0,0.0,0,0.0,0,2303.2,24,0.0,0,0.0,0,0.0,0,0.0,0
2012-10-08T09:19:27.500,2302.8,12729,2302.8,23,0.0,0,0.0,0,0.0,0,0.0,0,2303,29,0.0,0,0.0,0,0.0,0,0.0,0
2012-10-08T09:19:28.000,2303,12732,2302.8,24,0.0,0,0.0,0,0.0,0,0.0,0,2303,29,0.0,0,0.0,0,0.0,0,0.0,0
2012-10-08T09:19:28.500,2302.8,12742,2302.8,18,0.0,0,0.0,0,0.0,0,0.0,0,2303,27,0.0,0,0.0,0,0.0,0,0.0,0
2012-10-08T09:19:29.250,2302.8,12748,2302.8,14,0.0,0,0.0,0,0.0,0,0.0,0,2303,29,0.0,0,0.0,0,0.0,0,0.0,0
2012-10-08T09:19:30.000,2302.8,12753,2302.8,59,0.0,0,0.0,0,0.0,0,0.0,0,2303,37,0.0,0,0.0,0,0.0,0,0.0,0
2012-10-08T09:19:30.500,2302.8,12758,2302.8,56,0.0,0,0.0,0,0.0,0,0.0,0,2303,36,0.0,0,0.0,0,0.0,0,0.0,0
2012-10-08T09:19:31.000,2303,12793,2302.8,34,0.0,0,0.0,0,0.0,0,0.0,0,2303,23,0.0,0,0.0,0,0.0,0,0.0,0
2012-10-08T09:19:31.500,2302.8,12796,2302.8,33,0.0,0,0.0,0,0.0,0,0.0,0,2303,21,0.0,0,0.0,0,0.0,0,0.0,0
2012-10-08T09:19:32.000,2302.8,12835,2302.6,15,0.0,0,0.0,0,0.0,0,0.0,0,2302.8,31,0.0,0,0.0,0,0.0,0,0.0,0
2012-10-08T09:19:32.500,2302.8,12841,2302.6,20,0.0,0,0.0,0,0.0,0,0.0,0,2302.8,33,0.0,0,0.0,0,0.0,0,0.0,0
2012-10-08T09:19:33.000,2302.8,12885,2302.4,37,0.0,0,0.0,0,0.0,0,0.0,0,2302.8,14,0.0,0,0.0,0,0.0,0,0.0,0
2012-10-08T09:19:33.500,2302.8,12887,2302.4,36,0.0,0,0.0,0,0.0,0,0.0,0,2302.6,1,0.0,0,0.0,0,0.0,0,0.0,0
2012-10-08T09:19:34.000,2302.8,12888,2302.4,37,0.0,0,0.0,0,0.0,0,0.0,0,2302.8,17,0.0,0,0.0,0,0.0,0,0.0,0
2012-10-08T09:19:34.500,2302.4,12891,2302.6,2,0.0,0,0.0,0,0.0,0,0.0,0,2302.8,20,0.0,0,0.0,0,0.0,0,0.0,0
2012-10-08T09:19:35.000,2302.8,12901,2302.6,38,0.0,0,0.0,0,0.0,0,0.0,0,2302.8,10,0.0,0,0.0,0,0.0,0,0.0,0
2012-10-08T09:19:35.500,2302.8,12909,2302.6,43,0.0,0,0.0,0,0.0,0,0.0,0,2302.8,3,0.0,0,0.0,0,0.0,0,0.0,0
2012-10-08T09:19:36.000,2302.8,12912,2302.8,39,0.0,0,0.0,0,0.0,0,0.0,0,2303,20,0.0,0,0.0,0,0.0,0,0.0,0
2012-10-08T09:19:36.500,2302.8,12933,2302.8,21,0.0,0,0.0,0,0.0,0,0.0,0,2303,20,0.0,0,0.0,0,0.0,0,0.0,0
2012-10-08T09:19:37.000,2302.8,12941,2302.8,7,0.0,0,0.0,0,0.0,0,0.0,0,2303,14,0.0,0,0.0,0,0.0,0,0.0,0
2012-10-08T09:19:37.500,2303,12943,2302.8,14,0.0,0,0.0,0,0.0,0,0.0,0,2303,14,0.0,0,0.0,0,0.0,0,0.0,0
2012-10-08T09:19:38.000,2302.8,12945,2302.8,12,0.0,0,0.0,0,0.0,0,0.0,0,2303,19,0.0,0,0.0,0,0.0,0,0.0,0
2012-10-08T09:19:38.500,2303,12946,2302.8,12,0.0,0,0.0,0,0.0,0,0.0,0,2303,18,0.0,0,0.0,0,0.0,0,0.0,0
2012-10-08T09:19:39.000,2302.8,12956,2302.8,5,0.0,0,0.0,0,0.0,0,0.0,0,2303,19,0.0,0,0.0,0,0.0,0,0.0,0
2012-10-08T09:19:39.500,2303,12960,2302.8,3,0.0,0,0.0,0,0.0,0,0.0,0,2303,17,0.0,0,0.0,0,0.0,0,0.0,0
2012-10-08T09:19:40.000,2302.8,12966,2302.8,2,0.0,0,0.0,0,0.0,0,0.0,0,2303,15,0.0,0,0.0,0,0.0,0,0.0,0
2012-10-08T09:19:40.500,2303,12969,2302.8,4,0.0,0,0.0,0,0.0,0,0.0,0,2303,13,0.0,0,0.0,0,0.0,0,0.0,0
2012-10-08T09:19:41.000,2303,12970,2302.8,4,0.0,0,0.0,0,0.0,0,0.0,0,2303,12,0.0,0,0.0,0,0.0,0,0.0,0
2012-10-08T09:19:41.500,2303,12972,2302.8,4,0.0,0,0.0,0,0.0,0,0.0,0,2303,15,0.0,0,0.0,0,0.0,0,0.0,0
2012-10-08T09:19:42.000,2302.8,12973,2302.8,5,0.0,0,0.0,0,0.0,0,0.0,0,2303,16,0.0,0,0.0,0,0.0,0,0.0,0
2012-10-08T09:19:42.500,2303,12993,2303,3,0.0,0,0.0,0,0.0,0,0.0,0,2303.2,22,0.0,0,0.0,0,0.0,0,0.0,0
2012-10-08T09:19:43.250,2303,12994,2303,5,0.0,0,0.0,0,0.0,0,0.0,0,2303.2,22,0.0,0,0.0,0,0.0,0,0.0,0
2012-10-08T09:19:44.000,2303,12995,2303,8,0.0,0,0.0,0,0.0,0,0.0,0,2303.2,22,0.0,0,0.0,0,0.0,0,0.0,0
2012-10-08T09:19:44.500,2303.2,12997,2303,10,0.0,0,0.0,0,0.0,0,0.0,0,2303.2,21,0.0,0,0.0,0,0.0,0,0.0,0
2012-10-08T09:19:45.000,2303,12998,2303,10,0.0,0,0.0,0,0.0,0,0.0,0,2303.2,23,0.0,0,0.0,0,0.0,0,0.0,0
2012-10-08T09:19:45.500,2303.2,13004,2303,7,0.0,0,0.0,0,0.0,0,0.0,0,2303.2,20,0.0,0,0.0,0,0.0,0,0.0,0
2012-10-08T09:19:46.000,2303,13012,2303,1,0.0,0,0.0,0,0.0,0,0.0,0,2303.2,18,0.0,0,0.0,0,0.0,0,0.0,0
2012-10-08T09:19:46.500,2303,13029,2302.8,35,0.0,0,0.0,0,0.0,0,0.0,0,2303.2,4,0.0,0,0.0,0,0.0,0,0.0,0
2012-10-08T09:19:47.000,2303.2,13030,2302.8,40,0.0,0,0.0,0,0.0,0,0.0,0,2303.2,4,0.0,0,0.0,0,0.0,0,0.0,0
2012-10-08T09:19:47.500,2303,13034,2303,19,0.0,0,0.0,0,0.0,0,0.0,0,2303.2,20,0.0,0,0.0,0,0.0,0,0.0,0
2012-10-08T09:19:48.000,2303.4,13072,2303,20,0.0,0,0.0,0,0.0,0,0.0,0,2303.6,11,0.0,0,0.0,0,0.0,0,0.0,0
2012-10-08T09:19:48.500,2303.6,13075,2303,4,0.0,0,0.0,0,0.0,0,0.0,0,2303.6,9,0.0,0,0.0,0,0.0,0,0.0,0
2012-10-08T09:19:49.000,2303.6,13080,2303.2,11,0.0,0,0.0,0,0.0,0,0.0,0,2303.6,5,0.0,0,0.0,0,0.0,0,0.0,0
2012-10-08T09:19:49.500,2303.6,13088,2303.2,1,0.0,0,0.0,0,0.0,0,0.0,0,2303.6,11,0.0,0,0.0,0,0.0,0,0.0,0
2012-10-08T09:19:50.000,2303,13107,2302.8,40,0.0,0,0.0,0,0.0,0,0.0,0,2303,8,0.0,0,0.0,0,0.0,0,0.0,0
2012-10-08T09:19:50.500,2303,13111,2302.8,41,0.0,0,0.0,0,0.0,0,0.0,0,2303,4,0.0,0,0.0,0,0.0,0,0.0,0
2012-10-08T09:19:51.000,2303.2,13116,2303,12,0.0,0,0.0,0,0.0,0,0.0,0,2303.4,8,0.0,0,0.0,0,0.0,0,0.0,0
2012-10-08T09:19:51.500,2303,13119,2303,14,0.0,0,0.0,0,0.0,0,0.0,0,2303.2,5,0.0,0,0.0,0,0.0,0,0.0,0
2012-10-08T09:19:52.000,2303,13122,2303,38,0.0,0,0.0,0,0.0,0,0.0,0,2303.2,4,0.0,0,0.0,0,0.0,0,0.0,0
2012-10-08T09:19:52.500,2303,13127,2303,37,0.0,0,0.0,0,0.0,0,0.0,0,2303.2,7,0.0,0,0.0,0,0.0,0,0.0,0
2012-10-08T09:19:53.000,2303,13143,2303,33,0.0,0,0.0,0,0.0,0,0.0,0,2303.2,16,0.0,0,0.0,0,0.0,0,0.0,0
2012-10-08T09:19:53.500,2303,13155,2303,32,0.0,0,0.0,0,0.0,0,0.0,0,2303.2,5,0.0,0,0.0,0,0.0,0,0.0,0
2012-10-08T09:19:54.250,2303.2,13157,2303,31,0.0,0,0.0,0,0.0,0,0.0,0,2303.2,8,0.0,0,0.0,0,0.0,0,0.0,0
2012-10-08T09:19:55.000,2303.2,13158,2303,33,0.0,0,0.0,0,0.0,0,0.0,0,2303.2,22,0.0,0,0.0,0,0.0,0,0.0,0
2012-10-08T09:19:55.500,2303.2,13160,2303,33,0.0,0,0.0,0,0.0,0,0.0,0,2303.2,24,0.0,0,0.0,0,0.0,0,0.0,0
2012-10-08T09:19:56.000,2303,13161,2303,33,0.0,0,0.0,0,0.0,0,0.0,0,2303.2,24,0.0,0,0.0,0,0.0,0,0.0,0
2012-10-08T09:19:56.500,2303,13164,2303,30,0.0,0,0.0,0,0.0,0,0.0,0,2303.2,24,0.0,0,0.0,0,0.0,0,0.0,0
2012-10-08T09:19:57.000,2303.2,13166,2303,29,0.0,0,0.0,0,0.0,0,0.0,0,2303.2,23,0.0,0,0.0,0,0.0,0,0.0,0
2012-10-08T09:19:57.500,2303.2,13167,2303,29,0.0,0,0.0,0,0.0,0,0.0,0,2303.2,22,0.0,0,0.0,0,0.0,0,0.0,0
2012-10-08T09:19:58.250,2303,13168,2303,28,0.0,0,0.0,0,0.0,0,0.0,0,2303.2,22,0.0,0,0.0,0,0.0,0,0.0,0
2012-10-08T09:19:59.000,2303.2,13173,2303,29,0.0,0,0.0,0,0.0,0,0.0,0,2303.2,19,0.0,0,0.0,0,0.0,0,0.0,0
2012-10-08T09:19:59.500,2303.2,13200,2303.2,16,0.0,0,0.0,0,0.0,0,0.0,0,2303.4,4,0.0,0,0.0,0,0.0,0,0.0,0
2012-10-08T09:20:00.000,2303.2,13202,2303.2,16,0.0,0,0.0,0,0.0,0,0.0,0,2303.4,4,0.0,0,0.0,0,0.0,0,0.0,0
2012-10-08T09:20:00.500,2303.2,13218,2303,25,0.0,0,0.0,0,0.0,0,0.0,0,2303.4,2,0.0,0,0.0,0,0.0,0,0.0,0
2012-10-08T09:20:01.000,2303,13221,2303.2,12,0.0,0,0.0,0,0.0,0,0.0,0,2303.6,11,0.0,0,0.0,0,0.0,0,0.0,0
2012-10-08T09:20:01.500,2303.2,13226,2303.2,8,0.0,0,0.0,0,0.0,0,0.0,0,2303.8,8,0.0,0,0.0,0,0.0,0,0.0,0
2012-10-08T09:20:02.000,2303.4,13240,2303.2,7,0.0,0,0.0,0,0.0,0,0.0,0,2303.8,4,0.0,0,0.0,0,0.0,0,0.0,0
2012-10-08T09:20:02.500,2303.4,13241,2303.2,7,0.0,0,0.0,0,0.0,0,0.0,0,2303.8,4,0.0,0,0.0,0,0.0,0,0.0,0
2012-10-08T09:20:03.000,2303.8,13293,2303.4,1,0.0,0,0.0,0,0.0,0,0.0,0,2303.6,4,0.0,0,0.0,0,0.0,0,0.0,0
2012-10-08T09:20:03.500,2303.6,13297,2302.8,38,0.0,0,0.0,0,0.0,0,0.0,0,2303.4,26,0.0,0,0.0,0,0.0,0,0.0,0
2012-10-08T09:20:04.000,2302.6,13338,2302.6,15,0.0,0,0.0,0,0.0,0,0.0,0,2302.8,22,0.0,0,0.0,0,0.0,0,0.0,0
2012-10-08T09:20:04.500,2302.8,13341,2302.6,15,0.0,0,0.0,0,0.0,0,0.0,0,2302.8,20,0.0,0,0.0,0,0.0,0,0.0,0
2012-10-08T09:20:05.000,2302.8,13361,2302.6,4,0.0,0,0.0,0,0.0,0,0.0,0,2302.8,11,0.0,0,0.0,0,0.0,0,0.0,0
2012-10-08T09:20:05.500,2302.8,13364,2302.6,6,0.0,0,0.0,0,0.0,0,0.0,0,2302.8,8,0.0,0,0.0,0,0.0,0,0.0,0
2012-10-08T09:20:06.000,2302.4,13380,2302.6,3,0.0,0,0.0,0,0.0,0,0.0,0,2302.8,3,0.0,0,0.0,0,0.0,0,0.0,0
2012-10-08T09:20:06.500,2302.4,13391,2302.4,22,0.0,0,0.0,0,0.0,0,0.0,0,2302.8,4,0.0,0,0.0,0,0.0,0,0.0,0
2012-10-08T09:20:07.000,2302.4,13404,2302.4,16,0.0,0,0.0,0,0.0,0,0.0,0,2303,3,0.0,0,0.0,0,0.0,0,0.0,0
2012-10-08T09:20:07.500,2302.4,13410,2302.4,15,0.0,0,0.0,0,0.0,0,0.0,0,2303,2,0.0,0,0.0,0,0.0,0,0.0,0
2012-10-08T09:20:08.250,2303.2,13431,2303,22,0.0,0,0.0,0,0.0,0,0.0,0,2303.2,1,0.0,0,0.0,0,0.0,0,0.0,0
2012-10-08T09:20:09.000,2303,13432,2303,22,0.0,0,0.0,0,0.0,0,0.0,0,2303.2,1,0.0,0,0.0,0,0.0,0,0.0,0
2012-10-08T09:20:09.500,2303,13443,2303,11,0.0,0,0.0,0,0.0,0,0.0,0,2303.2,1,0.0,0,0.0,0,0.0,0,0.0,0
2012-10-08T09:20:10.000,2303,13457,2302.8,2,0.0,0,0.0,0,0.0,0,0.0,0,2303,49,0.0,0,0.0,0,0.0,0,0.0,0
2012-10-08T09:20:10.500,2302.8,13460,2302.6,5,0.0,0,0.0,0,0.0,0,0.0,0,2302.8,6,0.0,0,0.0,0,0.0,0,0.0,0
2012-10-08T09:20:11.000,2302.6,13465,2302.4,13,0.0,0,0.0,0,0.0,0,0.0,0,2302.6,12,0.0,0,0.0,0,0.0,0,0.0,0
2012-10-08T09:20:11.500,2302.6,13480,2302.4,1,0.0,0,0.0,0,0.0,0,0.0,0,2302.6,12,0.0,0,0.0,0,0.0,0,0.0,0
2012-10-08T09:20:12.000,2302.4,13492,2302.2,40,0.0,0,0.0,0,0.0,0,0.0,0,2302.4,8,0.0,0,0.0,0,0.0,0,0.0,0
2012-10-08T09:20:12.500,2302.2,13495,2302.2,39,0.0,0,0.0,0,0.0,0,0.0,0,2302.4,7,0.0,0,0.0,0,0.0,0,0.0,0
2012-10-08T09:20:13.000,2302.4,13504,2302.4,10,0.0,0,0.0,0,0.0,0,0.0,0,2302.6,14,0.0,0,0.0,0,0.0,0,0.0,0
2012-10-08T09:20:13.500,2302.4,13506,2302.4,9,0.0,0,0.0,0,0.0,0,0.0,0,2302.6,5,0.0,0,0.0,0,0.0,0,0.0,0
2012-10-08T09:20:14.250,2302.4,13519,2302.4,4,0.0,0,0.0,0,0.0,0,0.0,0,2302.6,3,0.0,0,0.0,0,0.0,0,0.0,0
2012-10-08T09:20:15.000,2302.4,13520,2302.4,5,0.0,0,0.0,0,0.0,0,0.0,0,2302.6,16,0.0,0,0.0,0,0.0,0,0.0,0
2012-10-08T09:20:15.500,2302.4,13523,2302.4,6,0.0,0,0.0,0,0.0,0,0.0,0,2302.6,16,0.0,0,0.0,0,0.0,0,0.0,0
2012-10-08T09:20:16.000,2302.4,13527,2302.4,4,0.0,0,0.0,0,0.0,0,0.0,0,2302.6,2,0.0,0,0.0,0,0.0,0,0.0,0
2012-10-08T09:20:16.500,2302.6,13529,2302.4,5,0.0,0,0.0,0,0.0,0,0.0,0,2302.6,5,0.0,0,0.0,0,0.0,0,0.0,0
2012-10-08T09:20:17.000,2302.6,13531,2302.4,5,0.0,0,0.0,0,0.0,0,0.0,0,2302.6,6,0.0,0,0.0,0,0.0,0,0.0,0
2012-10-08T09:20:17.500,2302.4,13532,2302.4,5,0.0,0,0.0,0,0.0,0,0.0,0,2302.6,6,0.0,0,0.0,0,0.0,0,0.0,0
2012-10-08T09:20:18.000,2302.6,13543,2302.2,43,0.0,0,0.0,0,0.0,0,0.0,0,2302.8,6,0.0,0,0.0,0,0.0,0,0.0,0
2012-10-08T09:20:18.500,2302.4,13546,2302.4,16,0.0,0,0.0,0,0.0,0,0.0,0,2302.8,7,0.0,0,0.0,0,0.0,0,0.0,0
2012-10-08T09:20:19.000,2302.4,13549,2302.4,14,0.0,0,0.0,0,0.0,0,0.0,0,2302.6,10,0.0,0,0.0,0,0.0,0,0.0,0
2012-10-08T09:20:19.500,2302.6,13554,2302.4,12,0.0,0,0.0,0,0.0,0,0.0,0,2302.6,8,0.0,0,0.0,0,0.0,0,0.0,0
2012-10-08T09:20:20.000,2302.6,13555,2302.4,14,0.0,0,0.0,0,0.0,0,0.0,0,2302.6,7,0.0,0,0.0,0,0.0,0,0.0,0
2012-10-08T09:20:20.500,2302.4,13572,2302.4,1,0.0,0,0.0,0,0.0,0,0.0,0,2302.6,6,0.0,0,0.0,0,0.0,0,0.0,0
2012-10-08T09:20:21.250,2302.6,13577,2302.4,14,0.0,0,0.0,0,0.0,0,0.0,0,2302.6,1,0.0,0,0.0,0,0.0,0,0.0,0
2012-10-08T09:20:22.000,2302.8,13589,2302.8,11,0.0,0,0.0,0,0.0,0,0.0,0,2303,121,0.0,0,0.0,0,0.0,0,0.0,0
2012-10-08T09:20:22.500,2303,13592,2302.8,10,0.0,0,0.0,0,0.0,0,0.0,0,2303,119,0.0,0,0.0,0,0.0,0,0.0,0
2012-10-08T09:20:23.000,2302.8,13609,2302.4,15,0.0,0,0.0,0,0.0,0,0.0,0,2302.8,31,0.0,0,0.0,0,0.0,0,0.0,0
2012-10-08T09:20:23.500,2302.8,13611,2302.4,14,0.0,0,0.0,0,0.0,0,0.0,0,2302.8,34,0.0,0,0.0,0,0.0,0,0.0,0
2012-10-08T09:20:24.000,2302.4,13634,2302.4,12,0.0,0,0.0,0,0.0,0,0.0,0,2302.6,7,0.0,0,0.0,0,0.0,0,0.0,0
2012-10-08T09:20:24.500,2302.4,13641,2302.4,6,0.0,0,0.0,0,0.0,0,0.0,0,2302.6,12,0.0,0,0.0,0,0.0,0,0.0,0
2012-10-08T09:20:25.000,2302.6,13642,2302.4,15,0.0,0,0.0,0,0.0,0,0.0,0,2302.6,12,0.0,0,0.0,0,0.0,0,0.0,0
2012-10-08T09:20:25.500,2302.4,13645,2302.4,13,0.0,0,0.0,0,0.0,0,0.0,0,2302.6,15,0.0,0,0.0,0,0.0,0,0.0,0
2012-10-08T09:20:26.000,2302.6,13662,2302.4,5,0.0,0,0.0,0,0.0,0,0.0,0,2302.6,1,0.0,0,0.0,0,0.0,0,0.0,0
2012-10-08T09:20:26.500,2302.6,13663,2302.4,6,0.0,0,0.0,0,0.0,0,0.0,0,2302.8,8,0.0,0,0.0,0,0.0,0,0.0,0
2012-10-08T09:20:27.000,2302.4,13666,2302.4,16,0.0,0,0.0,0,0.0,0,0.0,0,2302.8,9,0.0,0,0.0,0,0.0,0,0.0,0
2012-10-08T09:20:27.500,2302.4,13671,2302.6,2,0.0,0,0.0,0,0.0,0,0.0,0,2302.8,6,0.0,0,0.0,0,0.0,0,0.0,0
2012-10-08T09:20:28.000,2302.8,13675,2302.6,7,0.0,0,0.0,0,0.0,0,0.0,0,2302.8,3,0.0,0,0.0,0,0.0,0,0.0,0
2012-10-08T09:20:28.500,2302.4,13715,2302.4,10,0.0,0,0.0,0,0.0,0,0.0,0,2303,120,0.0,0,0.0,0,0.0,0,0.0,0
2012-10-08T09:20:29.000,2302.4,13717,2302.6,1,0.0,0,0.0,0,0.0,0,0.0,0,2302.8,8,0.0,0,0.0,0,0.0,0,0.0,0
2012-10-08T09:20:29.500,2302.8,13728,2302.8,1,0.0,0,0.0,0,0.0,0,0.0,0,2303,120,0.0,0,0.0,0,0.0,0,0.0,0
2012-10-08T09:20:30.000,2302.8,13729,2302.8,8,0.0,0,0.0,0,0.0,0,0.0,0,2303,119,0.0,0,0.0,0,0.0,0,0.0,0
2012-10-08T09:20:30.500,2303,13787,2302.8,1,0.0,0,0.0,0,0.0,0,0.0,0,2303,62,0.0,0,0.0,0,0.0,0,0.0,0
2012-10-08T09:20:31.000,2302.8,13793,2302.6,1,0.0,0,0.0,0,0.0,0,0.0,0,2302.8,23,0.0,0,0.0,0,0.0,0,0.0,0
2012-10-08T09:20:31.500,2302.8,13819,2302.6,8,0.0,0,0.0,0,0.0,0,0.0,0,2302.8,3,0.0,0,0.0,0,0.0,0,0.0,0
2012-10-08T09:20:32.000,2302.8,13820,2302.6,9,0.0,0,0.0,0,0.0,0,0.0,0,2302.8,2,0.0,0,0.0,0,0.0,0,0.0,0
2012-10-08T09:20:32.500,2302.8,13821,2302.6,11,0.0,0,0.0,0,0.0,0,0.0,0,2302.8,20,0.0,0,0.0,0,0.0,0,0.0,0
2012-10-08T09:20:33.000,2302.8,13822,2302.6,11,0.0,0,0.0,0,0.0,0,0.0,0,2302.8,21,0.0,0,0.0,0,0.0,0,0.0,0
2012-10-08T09:20:33.500,2302.6,13828,2302.6,5,0.0,0,0.0,0,0.0,0,0.0,0,2302.8,21,0.0,0,0.0,0,0.0,0,0.0,0
2012-10-08T09:20:34.250,2302.6,13830,2302.6,3,0.0,0,0.0,0,0.0,0,0.0,0,2302.8,21,0.0,0,0.0,0,0.0,0,0.0,0
2012-10-08T09:20:35.000,2302.8,13831,2302.6,2,0.0,0,0.0,0,0.0,0,0.0,0,2302.8,22,0.0,0,0.0,0,0.0,0,0.0,0
2012-10-08T09:20:35.500,2302.8,13832,2302.6,2,0.0,0,0.0,0,0.0,0,0.0,0,2302.8,21,0.0,0,0.0,0,0.0,0,0.0,0
2012-10-08T09:20:36.000,2302.6,13835,2302.4,13,0.0,0,0.0,0,0.0,0,0.0,0,2302.6,1,0.0,0,0.0,0,0.0,0,0.0,0
2012-10-08T09:20:36.500,2302.6,13836,2302.4,14,0.0,0,0.0,0,0.0,0,0.0,0,2302.8,19,0.0,0,0.0,0,0.0,0,0.0,0
2012-10-08T09:20:37.000,2302.8,13838,2302.6,1,0.0,0,0.0,0,0.0,0,0.0,0,2302.8,17,0.0,0,0.0,0,0.0,0,0.0,0
2012-10-08T09:20:37.500,2302.8,13839,2302.6,2,0.0,0,0.0,0,0.0,0,0.0,0,2302.8,16,0.0,0,0.0,0,0.0,0,0.0,0
2012-10-08T09:20:38.000,2302.8,13841,2302.6,2,0.0,0,0.0,0,0.0,0,0.0,0,2302.8,15,0.0,0,0.0,0,0.0,0,0.0,0
2012-10-08T09:20:38.500,2302.8,13846,2302.4,17,0.0,0,0.0,0,0.0,0,0.0,0,2302.8,30,0.0,0,0.0,0,0.0,0,0.0,0
2012-10-08T09:20:39.250,2302.6,13848,2302.4,22,0.0,0,0.0,0,0.0,0,0.0,0,2302.6,8,0.0,0,0.0,0,0.0,0,0.0,0
2012-10-08T09:20:40.000,2302.6,13853,2302.4,24,0.0,0,0.0,0,0.0,0,0.0,0,2302.6,28,0.0,0,0.0,0,0.0,0,0.0,0
2012-10-08T09:20:40.500,2302.4,13879,2302.2,56,0.0,0,0.0,0,0.0,0,0.0,0,2302.4,13,0.0,0,0.0,0,0.0,0,0.0,0
2012-10-08T09:20:41.000,2302.2,13904,2302.2,32,0.0,0,0.0,0,0.0,0,0.0,0,2302.4,36,0.0,0,0.0,0,0.0,0,0.0,0
2012-10-08T09:20:41.500,2302.2,13979,2302,111,0.0,0,0.0,0,0.0,0,0.0,0,2302.2,8,0.0,0,0.0,0,0.0,0,0.0,0
2012-10-08T09:20:42.000,2302,13981,2302,110,0.0,0,0.0,0,0.0,0,0.0,0,2302.2,10,0.0,0,0.0,0,0.0,0,0.0,0
2012-10-08T09:20:42.500,2302.2,14005,2302,89,0.0,0,0.0,0,0.0,0,0.0,0,2302.2,6,0.0,0,0.0,0,0.0,0,0.0,0
2012-10-08T09:20:43.000,2302,14008,2302,89,0.0,0,0.0,0,0.0,0,0.0,0,2302.2,3,0.0,0,0.0,0,0.0,0,0.0,0
2012-10-08T09:20:43.500,2302.2,14049,2302,68,0.0,0,0.0,0,0.0,0,0.0,0,2302.4,4,0.0,0,0.0,0,0.0,0,0.0,0
2012-10-08T09:20:44.250,2302,14061,2302.2,2,0.0,0,0.0,0,0.0,0,0.0,0,2302.4,6,0.0,0,0.0,0,0.0,0,0.0,0
2012-10-08T09:20:45.000,2302.2,14069,2302.2,6,0.0,0,0.0,0,0.0,0,0.0,0,2302.4,4,0.0,0,0.0,0,0.0,0,0.0,0
2012-10-08T09:20:45.500,2302.2,14071,2302.2,9,0.0,0,0.0,0,0.0,0,0.0,0,2302.4,4,0.0,0,0.0,0,0.0,0,0.0,0
2012-10-08T09:20:46.000,2302.2,14076,2302.2,15,0.0,0,0.0,0,0.0,0,0.0,0,2302.4,1,0.0,0,0.0,0,0.0,0,0.0,0
2012-10-08T09:20:46.500,2302.4,14080,2302.4,42,0.0,0,0.0,0,0.0,0,0.0,0,2302.6,6,0.0,0,0.0,0,0.0,0,0.0,0
2012-10-08T09:20:47.000,2302.6,14093,2302.6,21,0.0,0,0.0,0,0.0,0,0.0,0,2302.8,17,0.0,0,0.0,0,0.0,0,0.0,0
2012-10-08T09:20:47.500,2302.8,14125,2302.6,3,0.0,0,0.0,0,0.0,0,0.0,0,2302.8,5,0.0,0,0.0,0,0.0,0,0.0,0
2012-10-08T09:20:48.000,2302.8,14136,2302.8,7,0.0,0,0.0,0,0.0,0,0.0,0,2303,70,0.0,0,0.0,0,0.0,0,0.0,0
2012-10-08T09:20:48.500,2302.8,14151,2302.8,5,0.0,0,0.0,0,0.0,0,0.0,0,2303,59,0.0,0,0.0,0,0.0,0,0.0,0
2012-10-08T09:20:49.250,2303,14183,2302.8,8,0.0,0,0.0,0,0.0,0,0.0,0,2303,28,0.0,0,0.0,0,0.0,0,0.0,0
2012-10-08T09:20:50.000,2303,14215,2302.8,17,0.0,0,0.0,0,0.0,0,0.0,0,2303,2,0.0,0,0.0,0,0.0,0,0.0,0
2012-10-08T09:20:50.500,2303,14218,2303,2,0.0,0,0.0,0,0.0,0,0.0,0,2303.2,10,0.0,0,0.0,0,0.0,0,0.0,0
2012-10-08T09:20:51.000,2303,14221,2303,4,0.0,0,0.0,0,0.0,0,0.0,0,2303.2,10,0.0,0,0.0,0,0.0,0,0.0,0
2012-10-08T09:20:51.500,2303.2,14226,2303,3,0.0,0,0.0,0,0.0,0,0.0,0,2303.2,7,0.0,0,0.0,0,0.0,0,0.0,0
2012-10-08T09:20:52.000,2303,14228,2303,3,0.0,0,0.0,0,0.0,0,0.0,0,2303.2,7,0.0,0,0.0,0,0.0,0,0.0,0
2012-10-08T09:20:52.500,2302.4,14250,2302.4,35,0.0,0,0.0,0,0.0,0,0.0,0,2303.2,6,0.0,0,0.0,0,0.0,0,0.0,0
2012-10-08T09:20:53.000,2303,14259,2302.6,1,0.0,0,0.0,0,0.0,0,0.0,0,2303,10,0.0,0,0.0,0,0.0,0,0.0,0
2012-10-08T09:20:53.500,2302.6,14261,2302.6,1,0.0,0,0.0,0,0.0,0,0.0,0,2303,6,0.0,0,0.0,0,0.0,0,0.0,0
2012-10-08T09:20:54.250,2302.6,14262,2302.6,6,0.0,0,0.0,0,0.0,0,0.0,0,2303,5,0.0,0,0.0,0,0.0,0,0.0,0
2012-10-08T09:20:55.000,2302.6,14266,2302.6,6,0.0,0,0.0,0,0.0,0,0.0,0,2303,5,0.0,0,0.0,0,0.0,0,0.0,0
2012-10-08T09:20:55.500,2302.6,14267,2302.6,7,0.0,0,0.0,0,0.0,0,0.0,0,2303,11,0.0,0,0.0,0,0.0,0,0.0,0
2012-10-08T09:20:57.000,2302.8,14269,2302.6,8,0.0,0,0.0,0,0.0,0,0.0,0,2302.8,2,0.0,0,0.0,0,0.0,0,0.0,0
2012-10-08T09:20:57.500,2302.8,14272,2302.8,4,0.0,0,0.0,0,0.0,0,0.0,0,2303,15,0.0,0,0.0,0,0.0,0,0.0,0
2012-10-08T09:20:58.000,2302.8,14274,2302.8,5,0.0,0,0.0,0,0.0,0,0.0,0,2303,15,0.0,0,0.0,0,0.0,0,0.0,0
2012-10-08T09:20:58.500,2303,14280,2302.8,3,0.0,0,0.0,0,0.0,0,0.0,0,2303,12,0.0,0,0.0,0,0.0,0,0.0,0
2012-10-08T09:20:59.250,2303,14283,2302.8,1,0.0,0,0.0,0,0.0,0,0.0,0,2303,14,0.0,0,0.0,0,0.0,0,0.0,0
2012-10-08T09:21:00.000,2302.8,14287,2302.6,28,0.0,0,0.0,0,0.0,0,0.0,0,2302.8,8,0.0,0,0.0,0,0.0,0,0.0,0
2012-10-08T09:21:00.500,2302.8,14293,2302.6,27,0.0,0,0.0,0,0.0,0,0.0,0,2302.8,3,0.0,0,0.0,0,0.0,0,0.0,0
2012-10-08T09:21:01.000,2303,14299,2302.8,4,0.0,0,0.0,0,0.0,0,0.0,0,2303,14,0.0,0,0.0,0,0.0,0,0.0,0
2012-10-08T09:21:01.500,2302.8,14309,2302.6,26,0.0,0,0.0,0,0.0,0,0.0,0,2302.8,6,0.0,0,0.0,0,0.0,0,0.0,0
2012-10-08T09:21:02.000,2302.6,14317,2302.6,20,0.0,0,0.0,0,0.0,0,0.0,0,2302.8,4,0.0,0,0.0,0,0.0,0,0.0,0
2012-10-08T09:21:02.500,2302.8,14321,2302.8,37,0.0,0,0.0,0,0.0,0,0.0,0,2303,17,0.0,0,0.0,0,0.0,0,0.0,0
2012-10-08T09:21:03.000,2303,14325,2302.8,38,0.0,0,0.0,0,0.0,0,0.0,0,2303,16,0.0,0,0.0,0,0.0,0,0.0,0
2012-10-08T09:21:03.500,2303,14354,2303,8,0.0,0,0.0,0,0.0,0,0.0,0,2303.2,10,0.0,0,0.0,0,0.0,0,0.0,0
2012-10-08T09:21:04.000,2303.2,14355,2303,14,0.0,0,0.0,0,0.0,0,0.0,0,2303.2,9,0.0,0,0.0,0,0.0,0,0.0,0
2012-10-08T09:21:04.500,2303.2,14360,2303,25,0.0,0,0.0,0,0.0,0,0.0,0,2303.2,8,0.0,0,0.0,0,0.0,0,0.0,0
2012-10-08T09:21:05.000,2303,14395,2302.8,36,0.0,0,0.0,0,0.0,0,0.0,0,2303,5,0.0,0,0.0,0,0.0,0,0.0,0
2012-10-08T09:21:05.500,2303.2,14401,2302.8,37,0.0,0,0.0,0,0.0,0,0.0,0,2303,2,0.0,0,0.0,0,0.0,0,0.0,0
2012-10-08T09:21:06.000,2303,14402,2302.8,37,0.0,0,0.0,0,0.0,0,0.0,0,2303,3,0.0,0,0.0,0,0.0,0,0.0,0
2012-10-08T09:21:06.500,2303,14408,2303,2,0.0,0,0.0,0,0.0,0,0.0,0,2303.2,4,0.0,0,0.0,0,0.0,0,0.0,0
2012-10-08T09:21:07.000,2303.2,14411,2303,4,0.0,0,0.0,0,0.0,0,0.0,0,2303.2,20,0.0,0,0.0,0,0.0,0,0.0,0
2012-10-08T09:21:07.500,2303,14415,2303,4,0.0,0,0.0,0,0.0,0,0.0,0,2303.2,17,0.0,0,0.0,0,0.0,0,0.0,0
2012-10-08T09:21:08.000,2303,14422,2302.8,38,0.0,0,0.0,0,0.0,0,0.0,0,2303,14,0.0,0,0.0,0,0.0,0,0.0,0
2012-10-08T09:21:08.500,2302.8,14432,2302.8,37,0.0,0,0.0,0,0.0,0,0.0,0,2303,8,0.0,0,0.0,0,0.0,0,0.0,0
2012-10-08T09:21:09.000,2302.8,14436,2302.8,37,0.0,0,0.0,0,0.0,0,0.0,0,2303,9,0.0,0,0.0,0,0.0,0,0.0,0
2012-10-08T09:21:09.500,2302.8,14439,2302.8,38,0.0,0,0.0,0,0.0,0,0.0,0,2303,9,0.0,0,0.0,0,0.0,0,0.0,0
2012-10-08T09:21:10.000,2303,14449,2303,41,0.0,0,0.0,0,0.0,0,0.0,0,2303.2,16,0.0,0,0.0,0,0.0,0,0.0,0
2012-10-08T09:21:10.500,2303.2,14498,2303.2,10,0.0,0,0.0,0,0.0,0,0.0,0,2303.4,56,0.0,0,0.0,0,0.0,0,0.0,0
2012-10-08T09:21:11.000,2303.2,14508,2303.2,2,0.0,0,0.0,0,0.0,0,0.0,0,2303.4,54,0.0,0,0.0,0,0.0,0,0.0,0
2012-10-08T09:21:11.500,2303,14514,2303,21,0.0,0,0.0,0,0.0,0,0.0,0,2303.4,54,0.0,0,0.0,0,0.0,0,0.0,0
2012-10-08T09:21:12.000,2303,14521,2303,15,0.0,0,0.0,0,0.0,0,0.0,0,2303.2,5,0.0,0,0.0,0,0.0,0,0.0,0
2012-10-08T09:21:12.500,2303.2,14524,2303,17,0.0,0,0.0,0,0.0,0,0.0,0,2303.2,14,0.0,0,0.0,0,0.0,0,0.0,0
2012-10-08T09:21:13.000,2303.2,14529,2303,17,0.0,0,0.0,0,0.0,0,0.0,0,2303.2,11,0.0,0,0.0,0,0.0,0,0.0,0
2012-10-08T09:21:13.500,2303,14536,2303,13,0.0,0,0.0,0,0.0,0,0.0,0,2303.2,15,0.0,0,0.0,0,0.0,0,0.0,0
2012-10-08T09:21:14.250,2303.2,14547,2303,10,0.0,0,0.0,0,0.0,0,0.0,0,2303.2,13,0.0,0,0.0,0,0.0,0,0.0,0
2012-10-08T09:21:15.000,2303.2,14549,2303,13,0.0,0,0.0,0,0.0,0,0.0,0,2303.2,13,0.0,0,0.0,0,0.0,0,0.0,0
2012-10-08T09:21:15.500,2303,14554,2303,8,0.0,0,0.0,0,0.0,0,0.0,0,2303.2,13,0.0,0,0.0,0,0.0,0,0.0,0
2012-10-08T09:21:16.000,2303.2,14555,2303,8,0.0,0,0.0,0,0.0,0,0.0,0,2303.2,15,0.0,0,0.0,0,0.0,0,0.0,0
2012-10-08T09:21:16.500,2303,14561,2303,3,0.0,0,0.0,0,0.0,0,0.0,0,2303.2,14,0.0,0,0.0,0,0.0,0,0.0,0
2012-10-08T09:21:17.000,2303,14564,2302.8,41,0.0,0,0.0,0,0.0,0,0.0,0,2303,1,0.0,0,0.0,0,0.0,0,0.0,0
2012-10-08T09:21:17.500,2303.2,14570,2303,1,0.0,0,0.0,0,0.0,0,0.0,0,2303.2,27,0.0,0,0.0,0,0.0,0,0.0,0
2012-10-08T09:21:18.000,2303,14573,2302.8,40,0.0,0,0.0,0,0.0,0,0.0,0,2303,33,0.0,0,0.0,0,0.0,0,0.0,0
2012-10-08T09:21:18.500,2303,14574,2302.8,40,0.0,0,0.0,0,0.0,0,0.0,0,2303,34,0.0,0,0.0,0,0.0,0,0.0,0
2012-10-08T09:21:19.000,2302.8,14585,2302.8,30,0.0,0,0.0,0,0.0,0,0.0,0,2303,40,0.0,0,0.0,0,0.0,0,0.0,0
2012-10-08T09:21:19.500,2302.8,14617,2302.6,24,0.0,0,0.0,0,0.0,0,0.0,0,2303,38,0.0,0,0.0,0,0.0,0,0.0,0
2012-10-08T09:21:20.000,2303,14619,2302.6,23,0.0,0,0.0,0,0.0,0,0.0,0,2302.8,7,0.0,0,0.0,0,0.0,0,0.0,0
2012-10-08T09:21:20.500,2302.8,14625,2302.6,31,0.0,0,0.0,0,0.0,0,0.0,0,2302.8,10,0.0,0,0.0,0,0.0,0,0.0,0
2012-10-08T09:21:21.000,2302.6,14643,2302.6,15,0.0,0,0.0,0,0.0,0,0.0,0,2302.8,13,0.0,0,0.0,0,0.0,0,0.0,0
2012-10-08T09:21:21.500,2302.6,14648,2302.6,14,0.0,0,0.0,0,0.0,0,0.0,0,2302.8,9,0.0,0,0.0,0,0.0,0,0.0,0
2012-10-08T09:21:22.000,2302.6,14654,2302.6,14,0.0,0,0.0,0,0.0,0,0.0,0,2302.8,8,0.0,0,0.0,0,0.0,0,0.0,0
2012-10-08T09:21:22.500,2302.8,14657,2302.6,15,0.0,0,0.0,0,0.0,0,0.0,0,2302.8,6,0.0,0,0.0,0,0.0,0,0.0,0
2012-10-08T09:21:23.000,2302.8,14661,2302.6,17,0.0,0,0.0,0,0.0,0,0.0,0,2302.8,3,0.0,0,0.0,0,0.0,0,0.0,0
2012-10-08T09:21:23.500,2302.8,14665,2302.6,15,0.0,0,0.0,0,0.0,0,0.0,0,2302.8,1,0.0,0,0.0,0,0.0,0,0.0,0
2012-10-08T09:21:24.000,2302.8,14666,2302.8,5,0.0,0,0.0,0,0.0,0,0.0,0,2303,44,0.0,0,0.0,0,0.0,0,0.0,0
2012-10-08T09:21:24.500,2303,14669,2302.8,8,0.0,0,0.0,0,0.0,0,0.0,0,2303,42,0.0,0,0.0,0,0.0,0,0.0,0
2012-10-08T09:21:25.000,2302.8,14671,2302.8,7,0.0,0,0.0,0,0.0,0,0.0,0,2303,41,0.0,0,0.0,0,0.0,0,0.0,0
2012-10-08T09:21:25.500,2302.8,14675,2302.8,5,0.0,0,0.0,0,0.0,0,0.0,0,2303,34,0.0,0,0.0,0,0.0,0,0.0,0
2012-10-08T09:21:26.000,2303,14679,2302.8,8,0.0,0,0.0,0,0.0,0,0.0,0,2303,32,0.0,0,0.0,0,0.0,0,0.0,0
2012-10-08T09:21:26.500,2303,14681,2302.8,8,0.0,0,0.0,0,0.0,0,0.0,0,2303,30,0.0,0,0.0,0,0.0,0,0.0,0
2012-10-08T09:21:27.250,2302.8,14689,2302.8,6,0.0,0,0.0,0,0.0,0,0.0,0,2303,27,0.0,0,0.0,0,0.0,0,0.0,0
2012-10-08T09:21:28.250,2302.6,14717,2302.4,46,0.0,0,0.0,0,0.0,0,0.0,0,2302.6,7,0.0,0,0.0,0,0.0,0,0.0,0
2012-10-08T09:21:29.250,2302.4,14731,2302.4,45,0.0,0,0.0,0,0.0,0,0.0,0,2303,26,0.0,0,0.0,0,0.0,0,0.0,0
2012-10-08T09:21:30.000,2303,14732,2302.6,2,0.0,0,0.0,0,0.0,0,0.0,0,2303,24,0.0,0,0.0,0,0.0,0,0.0,0
2012-10-08T09:21:30.500,2302.8,14734,2302.6,7,0.0,0,0.0,0,0.0,0,0.0,0,2302.8,20,0.0,0,0.0,0,0.0,0,0.0,0
2012-10-08T09:21:32.000,2302.8,14735,2302.6,7,0.0,0,0.0,0,0.0,0,0.0,0,2302.8,19,0.0,0,0.0,0,0.0,0,0.0,0
2012-10-08T09:21:32.500,2302.6,14738,2302.6,6,0.0,0,0.0,0,0.0,0,0.0,0,2302.8,17,0.0,0,0.0,0,0.0,0,0.0,0
2012-10-08T09:21:33.250,2302.8,14744,2302.6,5,0.0,0,0.0,0,0.0,0,0.0,0,2302.8,15,0.0,0,0.0,0,0.0,0,0.0,0
2012-10-08T09:21:34.000,2302.6,14746,2302.6,5,0.0,0,0.0,0,0.0,0,0.0,0,2302.8,14,0.0,0,0.0,0,0.0,0,0.0,0
2012-10-08T09:21:34.500,2302.8,14749,2302.6,5,0.0,0,0.0,0,0.0,0,0.0,0,2302.8,11,0.0,0,0.0,0,0.0,0,0.0,0
2012-10-08T09:21:35.000,2302.8,14756,2302.4,46,0.0,0,0.0,0,0.0,0,0.0,0,2302.8,10,0.0,0,0.0,0,0.0,0,0.0,0
2012-10-08T09:21:35.500,2302.8,14758,2302.4,46,0.0,0,0.0,0,0.0,0,0.0,0,2302.6,2,0.0,0,0.0,0,0.0,0,0.0,0
2012-10-08T09:21:36.000,2302.6,14761,2302.4,46,0.0,0,0.0,0,0.0,0,0.0,0,2302.6,10,0.0,0,0.0,0,0.0,0,0.0,0
2012-10-08T09:21:36.500,2302.6,14766,2302.4,47,0.0,0,0.0,0,0.0,0,0.0,0,2302.6,7,0.0,0,0.0,0,0.0,0,0.0,0
2012-10-08T09:21:37.000,2302.6,14777,2302.4,45,0.0,0,0.0,0,0.0,0,0.0,0,2302.6,1,0.0,0,0.0,0,0.0,0,0.0,0
2012-10-08T09:21:37.500,2302.8,14779,2302.4,45,0.0,0,0.0,0,0.0,0,0.0,0,2302.8,7,0.0,0,0.0,0,0.0,0,0.0,0
2012-10-08T09:21:38.000,2302.8,14788,2302.8,22,0.0,0,0.0,0,0.0,0,0.0,0,2303,36,0.0,0,0.0,0,0.0,0,0.0,0
2012-10-08T09:21:38.500,2302.8,14790,2302.8,21,0.0,0,0.0,0,0.0,0,0.0,0,2303,36,0.0,0,0.0,0,0.0,0,0.0,0
2012-10-08T09:21:39.000,2302.8,14791,2302.8,20,0.0,0,0.0,0,0.0,0,0.0,0,2303,35,0.0,0,0.0,0,0.0,0,0.0,0
2012-10-08T09:21:39.500,2302.8,14792,2302.8,19,0.0,0,0.0,0,0.0,0,0.0,0,2303,38,0.0,0,0.0,0,0.0,0,0.0,0
2012-10-08T09:21:40.000,2302.8,14793,2302.8,19,0.0,0,0.0,0,0.0,0,0.0,0,2303,38,0.0,0,0.0,0,0.0,0,0.0,0
2012-10-08T09:21:40.500,2303,14794,2302.8,19,0.0,0,0.0,0,0.0,0,0.0,0,2303,37,0.0,0,0.0,0,0.0,0,0.0,0
2012-10-08T09:21:41.000,2302.8,14798,2302.8,15,0.0,0,0.0,0,0.0,0,0.0,0,2303,38,0.0,0,0.0,0,0.0,0,0.0,0
2012-10-08T09:21:41.500,2302.8,14800,2302.8,13,0.0,0,0.0,0,0.0,0,0.0,0,2303,38,0.0,0,0.0,0,0.0,0,0.0,0
2012-10-08T09:21:42.250,2302.8,14804,2302.8,10,0.0,0,0.0,0,0.0,0,0.0,0,2303,37,0.0,0,0.0,0,0.0,0,0.0,0
2012-10-08T09:21:43.250,2302.8,14805,2302.8,9,0.0,0,0.0,0,0.0,0,0.0,0,2303,41,0.0,0,0.0,0,0.0,0,0.0,0
2012-10-08T09:21:44.000,2303,14807,2302.8,9,0.0,0,0.0,0,0.0,0,0.0,0,2303,40,0.0,0,0.0,0,0.0,0,0.0,0
2012-10-08T09:21:44.500,2302.8,14809,2302.8,7,0.0,0,0.0,0,0.0,0,0.0,0,2303,40,0.0,0,0.0,0,0.0,0,0.0,0
2012-10-08T09:21:45.250,2303,14812,2302.8,6,0.0,0,0.0,0,0.0,0,0.0,0,2303,38,0.0,0,0.0,0,0.0,0,0.0,0
2012-10-08T09:21:46.250,2303,14813,2302.8,6,0.0,0,0.0,0,0.0,0,0.0,0,2303,39,0.0,0,0.0,0,0.0,0,0.0,0
2012-10-08T09:21:47.000,2303,14817,2302.8,4,0.0,0,0.0,0,0.0,0,0.0,0,2303,39,0.0,0,0.0,0,0.0,0,0.0,0
2012-10-08T09:21:47.500,2303,14818,2302.8,4,0.0,0,0.0,0,0.0,0,0.0,0,2303,88,0.0,0,0.0,0,0.0,0,0.0,0
2012-10-08T09:21:48.000,2303,14822,2302.8,3,0.0,0,0.0,0,0.0,0,0.0,0,2303,86,0.0,0,0.0,0,0.0,0,0.0,0
2012-10-08T09:21:48.500,2302.8,14826,2302.6,14,0.0,0,0.0,0,0.0,0,0.0,0,2302.8,8,0.0,0,0.0,0,0.0,0,0.0,0
2012-10-08T09:21:49.250,2303,14851,2302.6,14,0.0,0,0.0,0,0.0,0,0.0,0,2302.8,6,0.0,0,0.0,0,0.0,0,0.0,0
2012-10-08T09:21:50.000,2302.8,14854,2302.6,13,0.0,0,0.0,0,0.0,0,0.0,0,2302.8,4,0.0,0,0.0,0,0.0,0,0.0,0
2012-10-08T09:21:50.500,2302.8,14857,2302.6,12,0.0,0,0.0,0,0.0,0,0.0,0,2302.8,2,0.0,0,0.0,0,0.0,0,0.0,0
2012-10-08T09:21:51.000,2303,14860,2302.8,1,0.0,0,0.0,0,0.0,0,0.0,0,2303,72,0.0,0,0.0,0,0.0,0,0.0,0
2012-10-08T09:21:51.500,2302.6,14864,2302.8,4,0.0,0,0.0,0,0.0,0,0.0,0,2303,71,0.0,0,0.0,0,0.0,0,0.0,0
2012-10-08T09:21:52.250,2302.6,14869,2302.6,11,0.0,0,0.0,0,0.0,0,0.0,0,2302.8,3,0.0,0,0.0,0,0.0,0,0.0,0
2012-10-08T09:21:53.250,2302.6,14897,2302.4,75,0.0,0,0.0,0,0.0,0,0.0,0,2302.6,2,0.0,0,0.0,0,0.0,0,0.0,0
2012-10-08T09:21:54.000,2302.8,14903,2302.6,3,0.0,0,0.0,0,0.0,0,0.0,0,2302.8,1,0.0,0,0.0,0,0.0,0,0.0,0
2012-10-08T09:21:54.500,2302.6,14905,2302.6,1,0.0,0,0.0,0,0.0,0,0.0,0,2302.8,3,0.0,0,0.0,0,0.0,0,0.0,0
2012-10-08T09:21:55.000,2302.6,14911,2302.6,11,0.0,0,0.0,0,0.0,0,0.0,0,2302.8,3,0.0,0,0.0,0,0.0,0,0.0,0
2012-10-08T09:21:55.500,2302.6,14923,2302.6,3,0.0,0,0.0,0,0.0,0,0.0,0,2302.8,6,0.0,0,0.0,0,0.0,0,0.0,0
2012-10-08T09:21:56.000,2303,14934,2302.8,9,0.0,0,0.0,0,0.0,0,0.0,0,2303,64,0.0,0,0.0,0,0.0,0,0.0,0
2012-10-08T09:21:56.500,2302.8,14935,2302.8,10,0.0,0,0.0,0,0.0,0,0.0,0,2303,64,0.0,0,0.0,0,0.0,0,0.0,0
2012-10-08T09:21:57.000,2302.8,14940,2302.8,5,0.0,0,0.0,0,0.0,0,0.0,0,2303,64,0.0,0,0.0,0,0.0,0,0.0,0
2012-10-08T09:21:57.500,2302.8,14942,2302.8,5,0.0,0,0.0,0,0.0,0,0.0,0,2303,63,0.0,0,0.0,0,0.0,0,0.0,0
2012-10-08T09:21:58.250,2302.8,14952,2302.6,16,0.0,0,0.0,0,0.0,0,0.0,0,2302.8,5,0.0,0,0.0,0,0.0,0,0.0,0
2012-10-08T09:21:59.000,2302.6,14955,2302.6,17,0.0,0,0.0,0,0.0,0,0.0,0,2302.8,9,0.0,0,0.0,0,0.0,0,0.0,0
2012-10-08T09:21:59.500,2302.8,14965,2302.6,18,0.0,0,0.0,0,0.0,0,0.0,0,2303,89,0.0,0,0.0,0,0.0,0,0.0,0
2012-10-08T09:22:00.000,2302.6,14973,2302.6,11,0.0,0,0.0,0,0.0,0,0.0,0,2303,88,0.0,0,0.0,0,0.0,0,0.0,0
2012-10-08T09:22:00.500,2302.6,14976,2302.8,1,0.0,0,0.0,0,0.0,0,0.0,0,2303,88,0.0,0,0.0,0,0.0,0,0.0,0
2012-10-08T09:22:01.250,2302.6,14983,2302.6,12,0.0,0,0.0,0,0.0,0,0.0,0,2303,84,0.0,0,0.0,0,0.0,0,0.0,0
2012-10-08T09:22:02.000,2302.8,14991,2302.6,6,0.0,0,0.0,0,0.0,0,0.0,0,2302.8,4,0.0,0,0.0,0,0.0,0,0.0,0
2012-10-08T09:22:02.500,2302.6,14992,2302.6,6,0.0,0,0.0,0,0.0,0,0.0,0,2302.8,4,0.0,0,0.0,0,0.0,0,0.0,0
2012-10-08T09:22:03.000,2302.8,14994,2302.6,5,0.0,0,0.0,0,0.0,0,0.0,0,2302.8,3,0.0,0,0.0,0,0.0,0,0.0,0
2012-10-08T09:22:03.500,2302.6,15002,2302.4,79,0.0,0,0.0,0,0.0,0,0.0,0,2302.6,1,0.0,0,0.0,0,0.0,0,0.0,0
2012-10-08T09:22:04.000,2302.6,15003,2302.6,1,0.0,0,0.0,0,0.0,0,0.0,0,2302.8,2,0.0,0,0.0,0,0.0,0,0.0,0
2012-10-08T09:22:04.500,2302.6,15005,2302.6,2,0.0,0,0.0,0,0.0,0,0.0,0,2302.8,2,0.0,0,0.0,0,0.0,0,0.0,0
2012-10-08T09:22:05.000,2302.8,15007,2302.6,2,0.0,0,0.0,0,0.0,0,0.0,0,2303,91,0.0,0,0.0,0,0.0,0,0.0,0
2012-10-08T09:22:05.500,2302.6,15008,2302.6,21,0.0,0,0.0,0,0.0,0,0.0,0,2303,91,0.0,0,0.0,0,0.0,0,0.0,0
2012-10-08T09:22:07.000,2302.6,15012,2302.6,21,0.0,0,0.0,0,0.0,0,0.0,0,2302.8,2,0.0,0,0.0,0,0.0,0,0.0,0
2012-10-08T09:22:07.500,2302.8,15014,2302.6,21,0.0,0,0.0,0,0.0,0,0.0,0,2303,92,0.0,0,0.0,0,0.0,0,0.0,0
2012-10-08T09:22:08.250,2303,15019,2302.8,2,0.0,0,0.0,0,0.0,0,0.0,0,2303,87,0.0,0,0.0,0,0.0,0,0.0,0
2012-10-08T09:22:09.000,2303,15072,2302.8,2,0.0,0,0.0,0,0.0,0,0.0,0,2303,34,0.0,0,0.0,0,0.0,0,0.0,0
2012-10-08T09:22:09.500,2303,15075,2302.8,6,0.0,0,0.0,0,0.0,0,0.0,0,2303,32,0.0,0,0.0,0,0.0,0,0.0,0
2012-10-08T09:22:10.000,2303.2,15110,2303,50,0.0,0,0.0,0,0.0,0,0.0,0,2303.2,23,0.0,0,0.0,0,0.0,0,0.0,0
2012-10-08T09:22:10.500,2303.2,15132,2303,35,0.0,0,0.0,0,0.0,0,0.0,0,2303.2,2,0.0,0,0.0,0,0.0,0,0.0,0
2012-10-08T09:22:11.250,2303.2,15136,2303.2,22,0.0,0,0.0,0,0.0,0,0.0,0,2303.4,55,0.0,0,0.0,0,0.0,0,0.0,0
2012-10-08T09:22:12.000,2303.4,15142,2303.2,26,0.0,0,0.0,0,0.0,0,0.0,0,2303.4,50,0.0,0,0.0,0,0.0,0,0.0,0
2012-10-08T09:22:12.500,2303.4,15145,2303.2,26,0.0,0,0.0,0,0.0,0,0.0,0,2303.4,48,0.0,0,0.0,0,0.0,0,0.0,0
2012-10-08T09:22:13.000,2303.4,15146,2303.2,9,0.0,0,0.0,0,0.0,0,0.0,0,2303.4,47,0.0,0,0.0,0,0.0,0,0.0,0
2012-10-08T09:22:13.500,2303.2,15163,2303.2,3,0.0,0,0.0,0,0.0,0,0.0,0,2303.4,37,0.0,0,0.0,0,0.0,0,0.0,0
2012-10-08T09:22:14.000,2303.2,15166,2303.2,1,0.0,0,0.0,0,0.0,0,0.0,0,2303.4,37,0.0,0,0.0,0,0.0,0,0.0,0
2012-10-08T09:22:14.500,2303.2,15169,2303,24,0.0,0,0.0,0,0.0,0,0.0,0,2303.2,2,0.0,0,0.0,0,0.0,0,0.0,0
2012-10-08T09:22:15.250,2303.2,15171,2303,24,0.0,0,0.0,0,0.0,0,0.0,0,2303.4,37,0.0,0,0.0,0,0.0,0,0.0,0
2012-10-08T09:22:16.000,2303.2,15172,2303,26,0.0,0,0.0,0,0.0,0,0.0,0,2303.4,36,0.0,0,0.0,0,0.0,0,0.0,0
2012-10-08T09:22:16.500,2303.4,15179,2303,27,0.0,0,0.0,0,0.0,0,0.0,0,2303.2,1,0.0,0,0.0,0,0.0,0,0.0,0
2012-10-08T09:22:17.000,2303.2,15181,2303,27,0.0,0,0.0,0,0.0,0,0.0,0,2303.4,29,0.0,0,0.0,0,0.0,0,0.0,0
2012-10-08T09:22:17.500,2303.4,15182,2303,27,0.0,0,0.0,0,0.0,0,0.0,0,2303.4,28,0.0,0,0.0,0,0.0,0,0.0,0
2012-10-08T09:22:18.250,2303.4,15185,2303.2,1,0.0,0,0.0,0,0.0,0,0.0,0,2303.4,25,0.0,0,0.0,0,0.0,0,0.0,0
2012-10-08T09:22:19.000,2303.4,15187,2303.2,1,0.0,0,0.0,0,0.0,0,0.0,0,2303.4,24,0.0,0,0.0,0,0.0,0,0.0,0
2012-10-08T09:22:19.500,2303.4,15189,2303.2,1,0.0,0,0.0,0,0.0,0,0.0,0,2303.4,24,0.0,0,0.0,0,0.0,0,0.0,0
2012-10-08T09:22:20.000,2303.2,15197,2303.2,10,0.0,0,0.0,0,0.0,0,0.0,0,2303.4,18,0.0,0,0.0,0,0.0,0,0.0,0
2012-10-08T09:22:20.500,2303.4,15220,2303.4,7,0.0,0,0.0,0,0.0,0,0.0,0,2303.6,7,0.0,0,0.0,0,0.0,0,0.0,0
2012-10-08T09:22:21.000,2303.6,15227,2303.6,43,0.0,0,0.0,0,0.0,0,0.0,0,2303.8,38,0.0,0,0.0,0,0.0,0,0.0,0
2012-10-08T09:22:21.500,2303.8,15232,2303.6,42,0.0,0,0.0,0,0.0,0,0.0,0,2303.8,34,0.0,0,0.0,0,0.0,0,0.0,0
2012-10-08T09:22:22.000,2303.8,15241,2303.6,41,0.0,0,0.0,0,0.0,0,0.0,0,2303.8,26,0.0,0,0.0,0,0.0,0,0.0,0
2012-10-08T09:22:22.500,2303.6,15250,2303.6,39,0.0,0,0.0,0,0.0,0,0.0,0,2303.8,19,0.0,0,0.0,0,0.0,0,0.0,0
2012-10-08T09:22:23.000,2303.8,15257,2303.6,38,0.0,0,0.0,0,0.0,0,0.0,0,2303.8,13,0.0,0,0.0,0,0.0,0,0.0,0
2012-10-08T09:22:23.500,2303.8,15263,2303.6,38,0.0,0,0.0,0,0.0,0,0.0,0,2303.8,7,0.0,0,0.0,0,0.0,0,0.0,0
2012-10-08T09:22:24.000,2303.8,15273,2303.6,37,0.0,0,0.0,0,0.0,0,0.0,0,2303.8,7,0.0,0,0.0,0,0.0,0,0.0,0
2012-10-08T09:22:24.500,2303.8,15275,2303.6,38,0.0,0,0.0,0,0.0,0,0.0,0,2303.8,9,0.0,0,0.0,0,0.0,0,0.0,0
2012-10-08T09:22:25.000,2303.8,15281,2303.6,36,0.0,0,0.0,0,0.0,0,0.0,0,2303.8,5,0.0,0,0.0,0,0.0,0,0.0,0
2012-10-08T09:22:25.500,2303.6,15283,2303.6,35,0.0,0,0.0,0,0.0,0,0.0,0,2303.8,9,0.0,0,0.0,0,0.0,0,0.0,0
2012-10-08T09:22:26.000,2303.6,15292,2303.6,32,0.0,0,0.0,0,0.0,0,0.0,0,2303.8,12,0.0,0,0.0,0,0.0,0,0.0,0
2012-10-08T09:22:26.500,2303.6,15325,2303.6,1,0.0,0,0.0,0,0.0,0,0.0,0,2303.8,14,0.0,0,0.0,0,0.0,0,0.0,0
2012-10-08T09:22:27.000,2303.8,15328,2303.4,9,0.0,0,0.0,0,0.0,0,0.0,0,2303.8,14,0.0,0,0.0,0,0.0,0,0.0,0
2012-10-08T09:22:27.500,2303.8,15335,2303.4,8,0.0,0,0.0,0,0.0,0,0.0,0,2303.8,8,0.0,0,0.0,0,0.0,0,0.0,0
2012-10-08T09:22:28.000,2303.6,15349,2303.4,3,0.0,0,0.0,0,0.0,0,0.0,0,2303.6,6,0.0,0,0.0,0,0.0,0,0.0,0
2012-10-08T09:22:28.500,2303.6,15350,2303.4,3,0.0,0,0.0,0,0.0,0,0.0,0,2303.6,5,0.0,0,0.0,0,0.0,0,0.0,0
2012-10-08T09:22:29.250,2303.8,15357,2303.6,9,0.0,0,0.0,0,0.0,0,0.0,0,2303.8,13,0.0,0,0.0,0,0.0,0,0.0,0
2012-10-08T09:22:30.000,2303.6,15360,2303.6,7,0.0,0,0.0,0,0.0,0,0.0,0,2303.8,14,0.0,0,0.0,0,0.0,0,0.0,0
2012-10-08T09:22:30.500,2303.6,15363,2303.6,5,0.0,0,0.0,0,0.0,0,0.0,0,2303.8,14,0.0,0,0.0,0,0.0,0,0.0,0
2012-10-08T09:22:31.000,2303.8,15366,2303.6,7,0.0,0,0.0,0,0.0,0,0.0,0,2303.8,11,0.0,0,0.0,0,0.0,0,0.0,0
2012-10-08T09:22:31.500,2303.8,15372,2303.6,2,0.0,0,0.0,0,0.0,0,0.0,0,2303.8,10,0.0,0,0.0,0,0.0,0,0.0,0
2012-10-08T09:22:32.000,2303.6,15373,2303.6,4,0.0,0,0.0,0,0.0,0,0.0,0,2303.8,10,0.0,0,0.0,0,0.0,0,0.0,0
2012-10-08T09:22:32.500,2303.8,15380,2303.6,3,0.0,0,0.0,0,0.0,0,0.0,0,2303.8,5,0.0,0,0.0,0,0.0,0,0.0,0
2012-10-08T09:22:33.000,2303.8,15382,2303.6,2,0.0,0,0.0,0,0.0,0,0.0,0,2303.8,3,0.0,0,0.0,0,0.0,0,0.0,0
2012-10-08T09:22:33.500,2303.6,15386,2303.6,1,0.0,0,0.0,0,0.0,0,0.0,0,2303.8,2,0.0,0,0.0,0,0.0,0,0.0,0
2012-10-08T09:22:34.250,2303.8,15388,2303.6,3,0.0,0,0.0,0,0.0,0,0.0,0,2303.8,2,0.0,0,0.0,0,0.0,0,0.0,0
2012-10-08T09:22:35.000,2303.6,15392,2303.4,8,0.0,0,0.0,0,0.0,0,0.0,0,2303.6,9,0.0,0,0.0,0,0.0,0,0.0,0
2012-10-08T09:22:35.500,2303.6,15393,2303.4,9,0.0,0,0.0,0,0.0,0,0.0,0,2303.6,8,0.0,0,0.0,0,0.0,0,0.0,0
2012-10-08T09:22:36.250,2303.8,15406,2303.4,9,0.0,0,0.0,0,0.0,0,0.0,0,2303.8,2,0.0,0,0.0,0,0.0,0,0.0,0
2012-10-08T09:22:37.000,2303.8,15418,2303.6,1,0.0,0,0.0,0,0.0,0,0.0,0,2303.8,11,0.0,0,0.0,0,0.0,0,0.0,0
2012-10-08T09:22:37.500,2303.8,15420,2303.6,1,0.0,0,0.0,0,0.0,0,0.0,0,2303.8,10,0.0,0,0.0,0,0.0,0,0.0,0
2012-10-08T09:22:38.000,2303.8,15422,2303.4,15,0.0,0,0.0,0,0.0,0,0.0,0,2303.8,5,0.0,0,0.0,0,0.0,0,0.0,0
2012-10-08T09:22:38.500,2303.8,15423,2303.4,15,0.0,0,0.0,0,0.0,0,0.0,0,2303.6,1,0.0,0,0.0,0,0.0,0,0.0,0
2012-10-08T09:22:39.250,2303.6,15427,2303.6,3,0.0,0,0.0,0,0.0,0,0.0,0,2303.8,4,0.0,0,0.0,0,0.0,0,0.0,0
2012-10-08T09:22:40.250,2303.8,15431,2303.8,27,0.0,0,0.0,0,0.0,0,0.0,0,2304,96,0.0,0,0.0,0,0.0,0,0.0,0
2012-10-08T09:22:41.000,2303.8,15462,2303.6,6,0.0,0,0.0,0,0.0,0,0.0,0,2303.8,25,0.0,0,0.0,0,0.0,0,0.0,0
2012-10-08T09:22:41.500,2303.6,15467,2303.6,2,0.0,0,0.0,0,0.0,0,0.0,0,2303.8,26,0.0,0,0.0,0,0.0,0,0.0,0
2012-10-08T09:22:42.000,2303.6,15470,2303.4,18,0.0,0,0.0,0,0.0,0,0.0,0,2303.6,9,0.0,0,0.0,0,0.0,0,0.0,0
2012-10-08T09:22:42.500,2303.6,15491,2303.6,7,0.0,0,0.0,0,0.0,0,0.0,0,2303.8,31,0.0,0,0.0,0,0.0,0,0.0,0
2012-10-08T09:22:43.000,2303.8,15492,2303.6,8,0.0,0,0.0,0,0.0,0,0.0,0,2303.8,33,0.0,0,0.0,0,0.0,0,0.0,0
2012-10-08T09:22:43.500,2303.8,15494,2303.6,42,0.0,0,0.0,0,0.0,0,0.0,0,2303.8,32,0.0,0,0.0,0,0.0,0,0.0,0
2012-10-08T09:22:44.000,2303.6,15519,2303.6,19,0.0,0,0.0,0,0.0,0,0.0,0,2303.8,32,0.0,0,0.0,0,0.0,0,0.0,0
2012-10-08T09:22:44.500,2303.6,15524,2303.6,16,0.0,0,0.0,0,0.0,0,0.0,0,2303.8,26,0.0,0,0.0,0,0.0,0,0.0,0
2012-10-08T09:22:45.000,2303.8,15578,2303.4,3,0.0,0,0.0,0,0.0,0,0.0,0,2303.8,25,0.0,0,0.0,0,0.0,0,0.0,0
2012-10-08T09:22:45.500,2303.8,15580,2303.4,3,0.0,0,0.0,0,0.0,0,0.0,0,2303.8,24,0.0,0,0.0,0,0.0,0,0.0,0
2012-10-08T09:22:46.000,2303.8,15593,2303.4,3,0.0,0,0.0,0,0.0,0,0.0,0,2303.6,24,0.0,0,0.0,0,0.0,0,0.0,0
2012-10-08T09:22:46.500,2303.4,15596,2303.4,5,0.0,0,0.0,0,0.0,0,0.0,0,2303.6,24,0.0,0,0.0,0,0.0,0,0.0,0
2012-10-08T09:22:47.000,2303.6,15600,2303.4,5,0.0,0,0.0,0,0.0,0,0.0,0,2303.6,21,0.0,0,0.0,0,0.0,0,0.0,0
2012-10-08T09:22:47.500,2303.6,15615,2303.4,6,0.0,0,0.0,0,0.0,0,0.0,0,2303.6,6,0.0,0,0.0,0,0.0,0,0.0,0
2012-10-08T09:22:48.250,2303.4,15616,2303.4,17,0.0,0,0.0,0,0.0,0,0.0,0,2303.6,6,0.0,0,0.0,0,0.0,0,0.0,0
2012-10-08T09:22:49.000,2303.6,15621,2303.4,17,0.0,0,0.0,0,0.0,0,0.0,0,2303.6,1,0.0,0,0.0,0,0.0,0,0.0,0
2012-10-08T09:22:49.500,2303.8,15644,2303.8,10,0.0,0,0.0,0,0.0,0,0.0,0,2304,94,0.0,0,0.0,0,0.0,0,0.0,0
2012-10-08T09:22:50.000,2303.6,15656,2303.6,15,0.0,0,0.0,0,0.0,0,0.0,0,2304,93,0.0,0,0.0,0,0.0,0,0.0,0
2012-10-08T09:22:50.500,2303.6,15667,2303.6,5,0.0,0,0.0,0,0.0,0,0.0,0,2304,93,0.0,0,0.0,0,0.0,0,0.0,0
2012-10-08T09:22:51.250,2303.6,15668,2303.6,5,0.0,0,0.0,0,0.0,0,0.0,0,2303.8,6,0.0,0,0.0,0,0.0,0,0.0,0
2012-10-08T09:22:52.000,2303.8,15669,2303.6,5,0.0,0,0.0,0,0.0,0,0.0,0,2303.8,9,0.0,0,0.0,0,0.0,0,0.0,0
2012-10-08T09:22:52.500,2303.8,15674,2303.6,3,0.0,0,0.0,0,0.0,0,0.0,0,2303.8,7,0.0,0,0.0,0,0.0,0,0.0,0
2012-10-08T09:22:54.000,2303.8,15726,2303.6,3,0.0,0,0.0,0,0.0,0,0.0,0,2303.8,7,0.0,0,0.0,0,0.0,0,0.0,0
2012-10-08T09:22:54.500,2303.6,15737,2303.4,21,0.0,0,0.0,0,0.0,0,0.0,0,2303.8,7,0.0,0,0.0,0,0.0,0,0.0,0
2012-10-08T09:22:55.250,2303.8,15745,2303.4,17,0.0,0,0.0,0,0.0,0,0.0,0,2303.8,4,0.0,0,0.0,0,0.0,0,0.0,0
2012-10-08T09:22:56.250,2303.6,15749,2303.4,16,0.0,0,0.0,0,0.0,0,0.0,0,2303.8,7,0.0,0,0.0,0,0.0,0,0.0,0
2012-10-08T09:22:57.000,2303.8,15759,2303.8,40,0.0,0,0.0,0,0.0,0,0.0,0,2304,106,0.0,0,0.0,0,0.0,0,0.0,0
2012-10-08T09:22:57.500,2304,15760,2303.8,40,0.0,0,0.0,0,0.0,0,0.0,0,2304,105,0.0,0,0.0,0,0.0,0,0.0,0
2012-10-08T09:22:58.000,2303.8,15762,2303.8,39,0.0,0,0.0,0,0.0,0,0.0,0,2304,104,0.0,0,0.0,0,0.0,0,0.0,0
2012-10-08T09:22:58.500,2304,15766,2303.8,37,0.0,0,0.0,0,0.0,0,0.0,0,2304,102,0.0,0,0.0,0,0.0,0,0.0,0
2012-10-08T09:22:59.000,2304,15769,2303.8,42,0.0,0,0.0,0,0.0,0,0.0,0,2304,100,0.0,0,0.0,0,0.0,0,0.0,0
2012-10-08T09:22:59.500,2304,15791,2303.8,40,0.0,0,0.0,0,0.0,0,0.0,0,2304,82,0.0,0,0.0,0,0.0,0,0.0,0
2012-10-08T09:23:00.000,2304,15829,2303.8,39,0.0,0,0.0,0,0.0,0,0.0,0,2304,46,0.0,0,0.0,0,0.0,0,0.0,0
2012-10-08T09:23:00.500,2304,15876,2304,17,0.0,0,0.0,0,0.0,0,0.0,0,2304.2,3,0.0,0,0.0,0,0.0,0,0.0,0
2012-10-08T09:23:01.000,2304.4,15888,2304.2,11,0.0,0,0.0,0,0.0,0,0.0,0,2304.4,5,0.0,0,0.0,0,0.0,0,0.0,0
2012-10-08T09:23:01.500,2304.4,15893,2304.4,7,0.0,0,0.0,0,0.0,0,0.0,0,2304.6,16,0.0,0,0.0,0,0.0,0,0.0,0
2012-10-08T09:23:02.000,2304.4,15912,2304.2,20,0.0,0,0.0,0,0.0,0,0.0,0,2304.4,1,0.0,0,0.0,0,0.0,0,0.0,0
2012-10-08T09:23:02.500,2304.6,15938,2304.4,1,0.0,0,0.0,0,0.0,0,0.0,0,2304.6,3,0.0,0,0.0,0,0.0,0,0.0,0
2012-10-08T09:23:03.000,2304.8,15948,2304.4,7,0.0,0,0.0,0,0.0,0,0.0,0,2304.8,39,0.0,0,0.0,0,0.0,0,0.0,0
2012-10-08T09:23:03.500,2304.2,15965,2304.2,14,0.0,0,0.0,0,0.0,0,0.0,0,2304.8,110,0.0,0,0.0,0,0.0,0,0.0,0
2012-10-08T09:23:04.000,2304.6,15968,2304.2,6,0.0,0,0.0,0,0.0,0,0.0,0,2304.6,17,0.0,0,0.0,0,0.0,0,0.0,0
2012-10-08T09:23:04.500,2304.2,15983,2304.2,6,0.0,0,0.0,0,0.0,0,0.0,0,2304.4,25,0.0,0,0.0,0,0.0,0,0.0,0
2012-10-08T09:23:05.000,2304.4,15999,2304,23,0.0,0,0.0,0,0.0,0,0.0,0,2304.4,28,0.0,0,0.0,0,0.0,0,0.0,0
2012-10-08T09:23:05.500,2304.2,16003,2304,23,0.0,0,0.0,0,0.0,0,0.0,0,2304.2,2,0.0,0,0.0,0,0.0,0,0.0,0
2012-10-08T09:23:06.000,2304.2,16008,2304,28,0.0,0,0.0,0,0.0,0,0.0,0,2304.2,4,0.0,0,0.0,0,0.0,0,0.0,0
2012-10-08T09:23:06.500,2304.2,16012,2304,27,0.0,0,0.0,0,0.0,0,0.0,0,2304.2,19,0.0,0,0.0,0,0.0,0,0.0,0
2012-10-08T09:23:07.000,2304.2,16014,2304,34,0.0,0,0.0,0,0.0,0,0.0,0,2304.2,17,0.0,0,0.0,0,0.0,0,0.0,0
2012-10-08T09:23:07.500,2304.2,16030,2304,22,0.0,0,0.0,0,0.0,0,0.0,0,2304.2,12,0.0,0,0.0,0,0.0,0,0.0,0
2012-10-08T09:23:08.000,2304,16032,2304,14,0.0,0,0.0,0,0.0,0,0.0,0,2304.2,12,0.0,0,0.0,0,0.0,0,0.0,0
2012-10-08T09:23:08.500,2304,16037,2304,9,0.0,0,0.0,0,0.0,0,0.0,0,2304.2,13,0.0,0,0.0,0,0.0,0,0.0,0
2012-10-08T09:23:09.000,2304,16046,2303.8,44,0.0,0,0.0,0,0.0,0,0.0,0,2304,5,0.0,0,0.0,0,0.0,0,0.0,0
2012-10-08T09:23:09.500,2304,16047,2303.8,44,0.0,0,0.0,0,0.0,0,0.0,0,2304,5,0.0,0,0.0,0,0.0,0,0.0,0
2012-10-08T09:23:10.000,2303.8,16059,2303.8,33,0.0,0,0.0,0,0.0,0,0.0,0,2304,5,0.0,0,0.0,0,0.0,0,0.0,0
2012-10-08T09:23:10.500,2303.8,16064,2303.8,32,0.0,0,0.0,0,0.0,0,0.0,0,2304,77,0.0,0,0.0,0,0.0,0,0.0,0
2012-10-08T09:23:11.000,2303.8,16071,2303.8,27,0.0,0,0.0,0,0.0,0,0.0,0,2304,76,0.0,0,0.0,0,0.0,0,0.0,0
2012-10-08T09:23:11.500,2303.8,16088,2303.8,9,0.0,0,0.0,0,0.0,0,0.0,0,2304,76,0.0,0,0.0,0,0.0,0,0.0,0
2012-10-08T09:23:12.000,2303.8,16097,2303.6,33,0.0,0,0.0,0,0.0,0,0.0,0,2303.8,8,0.0,0,0.0,0,0.0,0,0.0,0
2012-10-08T09:23:12.500,2303.8,16100,2303.6,32,0.0,0,0.0,0,0.0,0,0.0,0,2303.8,7,0.0,0,0.0,0,0.0,0,0.0,0
2012-10-08T09:23:13.000,2303.8,16101,2303.6,32,0.0,0,0.0,0,0.0,0,0.0,0,2303.8,6,0.0,0,0.0,0,0.0,0,0.0,0
2012-10-08T09:23:13.500,2303.8,16110,2303.6,24,0.0,0,0.0,0,0.0,0,0.0,0,2303.8,9,0.0,0,0.0,0,0.0,0,0.0,0
2012-10-08T09:23:14.000,2303.6,16112,2303.6,22,0.0,0,0.0,0,0.0,0,0.0,0,2303.8,10,0.0,0,0.0,0,0.0,0,0.0,0
2012-10-08T09:23:14.500,2303.6,16114,2303.6,21,0.0,0,0.0,0,0.0,0,0.0,0,2303.8,9,0.0,0,0.0,0,0.0,0,0.0,0
2012-10-08T09:23:15.000,2303.4,16137,2303.4,6,0.0,0,0.0,0,0.0,0,0.0,0,2303.6,17,0.0,0,0.0,0,0.0,0,0.0,0
2012-10-08T09:23:15.500,2303.4,16145,2303.4,3,0.0,0,0.0,0,0.0,0,0.0,0,2303.6,15,0.0,0,0.0,0,0.0,0,0.0,0
2012-10-08T09:23:16.000,2303.4,16158,2303.2,18,0.0,0,0.0,0,0.0,0,0.0,0,2303.4,8,0.0,0,0.0,0,0.0,0,0.0,0
2012-10-08T09:23:16.500,2303.4,16160,2303.2,18,0.0,0,0.0,0,0.0,0,0.0,0,2303.4,9,0.0,0,0.0,0,0.0,0,0.0,0
2012-10-08T09:23:17.000,2303.2,16163,2303.2,16,0.0,0,0.0,0,0.0,0,0.0,0,2303.4,11,0.0,0,0.0,0,0.0,0,0.0,0
2012-10-08T09:23:17.500,2303.2,16166,2303.2,14,0.0,0,0.0,0,0.0,0,0.0,0,2303.4,11,0.0,0,0.0,0,0.0,0,0.0,0
2012-10-08T09:23:18.000,2303.2,16168,2303.2,12,0.0,0,0.0,0,0.0,0,0.0,0,2303.4,11,0.0,0,0.0,0,0.0,0,0.0,0
2012-10-08T09:23:18.500,2303.4,16172,2303.2,12,0.0,0,0.0,0,0.0,0,0.0,0,2303.4,10,0.0,0,0.0,0,0.0,0,0.0,0
2012-10-08T09:23:19.000,2303.2,16175,2303.2,9,0.0,0,0.0,0,0.0,0,0.0,0,2303.4,10,0.0,0,0.0,0,0.0,0,0.0,0
2012-10-08T09:23:19.500,2303.2,16181,2303.2,3,0.0,0,0.0,0,0.0,0,0.0,0,2303.4,11,0.0,0,0.0,0,0.0,0,0.0,0
2012-10-08T09:23:20.250,2303.4,16184,2303.2,3,0.0,0,0.0,0,0.0,0,0.0,0,2303.4,8,0.0,0,0.0,0,0.0,0,0.0,0
2012-10-08T09:23:21.000,2303.4,16194,2303.2,15,0.0,0,0.0,0,0.0,0,0.0,0,2303.6,20,0.0,0,0.0,0,0.0,0,0.0,0
2012-10-08T09:23:21.500,2303.6,16203,2303.4,5,0.0,0,0.0,0,0.0,0,0.0,0,2303.6,13,0.0,0,0.0,0,0.0,0,0.0,0
2012-10-08T09:23:22.000,2303.4,16205,2303.4,4,0.0,0,0.0,0,0.0,0,0.0,0,2303.6,12,0.0,0,0.0,0,0.0,0,0.0,0
2012-10-08T09:23:22.500,2303.4,16207,2303.4,12,0.0,0,0.0,0,0.0,0,0.0,0,2303.6,14,0.0,0,0.0,0,0.0,0,0.0,0
2012-10-08T09:23:23.250,2303.4,16220,2303.4,9,0.0,0,0.0,0,0.0,0,0.0,0,2303.6,4,0.0,0,0.0,0,0.0,0,0.0,0
2012-10-08T09:23:24.250,2303.4,16227,2303.4,7,0.0,0,0.0,0,0.0,0,0.0,0,2303.8,9,0.0,0,0.0,0,0.0,0,0.0,0
2012-10-08T09:23:25.250,2303.8,16228,2303.6,10,0.0,0,0.0,0,0.0,0,0.0,0,2303.8,16,0.0,0,0.0,0,0.0,0,0.0,0
2012-10-08T09:23:26.000,2303.8,16231,2303.6,12,0.0,0,0.0,0,0.0,0,0.0,0,2303.8,14,0.0,0,0.0,0,0.0,0,0.0,0
2012-10-08T09:23:26.500,2303.6,16232,2303.6,11,0.0,0,0.0,0,0.0,0,0.0,0,2303.8,14,0.0,0,0.0,0,0.0,0,0.0,0
2012-10-08T09:23:27.000,2303.6,16242,2303.6,1,0.0,0,0.0,0,0.0,0,0.0,0,2303.8,19,0.0,0,0.0,0,0.0,0,0.0,0
2012-10-08T09:23:27.500,2303.6,16243,2303.4,7,0.0,0,0.0,0,0.0,0,0.0,0,2303.8,19,0.0,0,0.0,0,0.0,0,0.0,0
2012-10-08T09:23:28.000,2303.4,16244,2303.4,7,0.0,0,0.0,0,0.0,0,0.0,0,2303.8,19,0.0,0,0.0,0,0.0,0,0.0,0
2012-10-08T09:23:28.500,2303.8,16246,2303.4,6,0.0,0,0.0,0,0.0,0,0.0,0,2303.6,5,0.0,0,0.0,0,0.0,0,0.0,0
2012-10-08T09:23:29.250,2303.4,16247,2303.4,5,0.0,0,0.0,0,0.0,0,0.0,0,2303.6,5,0.0,0,0.0,0,0.0,0,0.0,0
2012-10-08T09:23:30.000,2303.6,16253,2303.4,10,0.0,0,0.0,0,0.0,0,0.0,0,2303.6,6,0.0,0,0.0,0,0.0,0,0.0,0
2012-10-08T09:23:30.500,2303.4,16262,2303.4,7,0.0,0,0.0,0,0.0,0,0.0,0,2303.8,15,0.0,0,0.0,0,0.0,0,0.0,0
2012-10-08T09:23:31.000,2303.4,16263,2303.6,1,0.0,0,0.0,0,0.0,0,0.0,0,2303.8,15,0.0,0,0.0,0,0.0,0,0.0,0
2012-10-08T09:23:31.500,2303.4,16264,2303.4,7,0.0,0,0.0,0,0.0,0,0.0,0,2303.8,17,0.0,0,0.0,0,0.0,0,0.0,0
2012-10-08T09:23:33.250,2303.8,16265,2303.4,7,0.0,0,0.0,0,0.0,0,0.0,0,2303.8,32,0.0,0,0.0,0,0.0,0,0.0,0
2012-10-08T09:23:34.000,2303.6,16266,2303.4,29,0.0,0,0.0,0,0.0,0,0.0,0,2303.8,32,0.0,0,0.0,0,0.0,0,0.0,0
2012-10-08T09:23:34.500,2303.4,16267,2303.4,30,0.0,0,0.0,0,0.0,0,0.0,0,2303.6,3,0.0,0,0.0,0,0.0,0,0.0,0
2012-10-08T09:23:36.250,2303.4,16271,2303.4,30,0.0,0,0.0,0,0.0,0,0.0,0,2303.6,4,0.0,0,0.0,0,0.0,0,0.0,0
2012-10-08T09:23:37.250,2303.4,16274,2303.4,30,0.0,0,0.0,0,0.0,0,0.0,0,2303.6,3,0.0,0,0.0,0,0.0,0,0.0,0
2012-10-08T09:23:39.000,2303.4,16276,2303.4,29,0.0,0,0.0,0,0.0,0,0.0,0,2303.6,3,0.0,0,0.0,0,0.0,0,0.0,0
2012-10-08T09:23:39.500,2303.6,16278,2303.4,28,0.0,0,0.0,0,0.0,0,0.0,0,2303.6,4,0.0,0,0.0,0,0.0,0,0.0,0
2012-10-08T09:23:40.000,2303.6,16279,2303.4,28,0.0,0,0.0,0,0.0,0,0.0,0,2303.6,3,0.0,0,0.0,0,0.0,0,0.0,0
2012-10-08T09:23:40.500,2303.4,16282,2303.4,26,0.0,0,0.0,0,0.0,0,0.0,0,2303.6,2,0.0,0,0.0,0,0.0,0,0.0,0
2012-10-08T09:23:41.000,2303.4,16284,2303.4,25,0.0,0,0.0,0,0.0,0,0.0,0,2303.6,2,0.0,0,0.0,0,0.0,0,0.0,0
2012-10-08T09:23:41.500,2303.4,16285,2303.4,24,0.0,0,0.0,0,0.0,0,0.0,0,2303.6,2,0.0,0,0.0,0,0.0,0,0.0,0
