date_time,last_px,total_volume,bid1_px,bid1_qty,bid2_px,bid2_qty,bid3_px,bid3_qty,bid4_px,bid4_qty,bid5_px,bid5_qty,ask1_px,ask1_qty,ask2_px,ask2_qty,ask3_px,ask3_qty,ask4_px,ask4_qty,ask5_px,ask5_qty
2012-10-26T09:14:00.250,2305.8,161,2305.8,19,0.0,0,0.0,0,0.0,0,0.0,0,2306,20,0.0,0,0.0,0,0.0,0,0.0,0
2012-10-26T09:15:00.250,2306,250,2305.6,1,0.0,0,0.0,0,0.0,0,0.0,0,2306,21,0.0,0,0.0,0,0.0,0,0.0,0
2012-10-26T09:15:01.000,2305.2,308,2305.2,13,0.0,0,0.0,0,0.0,0,0.0,0,2305.6,4,0.0,0,0.0,0,0.0,0,0.0,0
2012-10-26T09:15:01.500,2305.2,380,2305,79,0.0,0,0.0,0,0.0,0,0.0,0,2305.2,20,0.0,0,0.0,0,0.0,0,0.0,0
2012-10-26T09:15:02.000,2305,456,2305,88,0.0,0,0.0,0,0.0,0,0.0,0,2305.2,3,0.0,0,0.0,0,0.0,0,0.0,0
2012-10-26T09:15:02.500,2305.2,487,2305.4,2,0.0,0,0.0,0,0.0,0,0.0,0,2305.8,5,0.0,0,0.0,0,0.0,0,0.0,0
2012-10-26T09:15:03.000,2306.4,627,2306.2,1,0.0,0,0.0,0,0.0,0,0.0,0,2306.6,20,0.0,0,0.0,0,0.0,0,0.0,0
2012-10-26T09:15:03.500,2306.8,746,2306.4,28,0.0,0,0.0,0,0.0,0,0.0,0,2306.8,13,0.0,0,0.0,0,0.0,0,0.0,0
2012-10-26T09:15:04.000,2306.8,771,2306.8,1,0.0,0,0.0,0,0.0,0,0.0,0,2307,31,0.0,0,0.0,0,0.0,0,0.0,0
2012-10-26T09:15:04.500,2307,813,2307,13,0.0,0,0.0,0,0.0,0,0.0,0,2307.2,5,0.0,0,0.0,0,0.0,0,0.0,0
2012-10-26T09:15:05.000,2307.4,874,2307.2,2,0.0,0,0.0,0,0.0,0,0.0,0,2307.4,23,0.0,0,0.0,0,0.0,0,0.0,0
2012-10-26T09:15:05.500,2306.8,894,2306.6,55,0.0,0,0.0,0,0.0,0,0.0,0,2307.4,17,0.0,0,0.0,0,0.0,0,0.0,0
2012-10-26T09:15:06.000,2307.2,939,2306.8,28,0.0,0,0.0,0,0.0,0,0.0,0,2307,9,0.0,0,0.0,0,0.0,0,0.0,0
2012-10-26T09:15:06.500,2307,981,2307,5,0.0,0,0.0,0,0.0,0,0.0,0,2307.2,31,0.0,0,0.0,0,0.0,0,0.0,0
2012-10-26T09:15:07.000,2307,1006,2306.8,7,0.0,0,0.0,0,0.0,0,0.0,0,2307,3,0.0,0,0.0,0,0.0,0,0.0,0
2012-10-26T09:15:07.500,2307,1018,2306.8,3,0.0,0,0.0,0,0.0,0,0.0,0,2307,36,0.0,0,0.0,0,0.0,0,0.0,0
2012-10-26T09:15:08.000,2307,1035,2306.6,9,0.0,0,0.0,0,0.0,0,0.0,0,2306.8,6,0.0,0,0.0,0,0.0,0,0.0,0
2012-10-26T09:15:08.500,2306.8,1046,2306.6,15,0.0,0,0.0,0,0.0,0,0.0,0,2307,53,0.0,0,0.0,0,0.0,0,0.0,0
2012-10-26T09:15:09.000,2307,1082,2306.6,8,0.0,0,0.0,0,0.0,0,0.0,0,2307,35,0.0,0,0.0,0,0.0,0,0.0,0
2012-10-26T09:15:09.500,2306.6,1112,2306.4,9,0.0,0,0.0,0,0.0,0,0.0,0,2306.6,33,0.0,0,0.0,0,0.0,0,0.0,0
2012-10-26T09:15:10.000,2306.4,1135,2306.2,6,0.0,0,0.0,0,0.0,0,0.0,0,2306.4,6,0.0,0,0.0,0,0.0,0,0.0,0
2012-10-26T09:15:10.500,2306.2,1191,2306,25,0.0,0,0.0,0,0.0,0,0.0,0,2306.2,66,0.0,0,0.0,0,0.0,0,0.0,0
2012-10-26T09:15:11.000,2305.8,1229,2305.8,1,0.0,0,0.0,0,0.0,0,0.0,0,2306.2,56,0.0,0,0.0,0,0.0,0,0.0,0
2012-10-26T09:15:11.500,2306,1240,2305.8,2,0.0,0,0.0,0,0.0,0,0.0,0,2306,4,0.0,0,0.0,0,0.0,0,0.0,0
2012-10-26T09:15:12.000,2305.6,1257,2305.4,2,0.0,0,0.0,0,0.0,0,0.0,0,2305.6,37,0.0,0,0.0,0,0.0,0,0.0,0
2012-10-26T09:15:12.500,2305.4,1331,2305.4,8,0.0,0,0.0,0,0.0,0,0.0,0,2306.2,21,0.0,0,0.0,0,0.0,0,0.0,0
2012-10-26T09:15:13.000,2306,1344,2305.6,19,0.0,0,0.0,0,0.0,0,0.0,0,2306,5,0.0,0,0.0,0,0.0,0,0.0,0
2012-10-26T09:15:13.500,2306,1358,2306,1,0.0,0,0.0,0,0.0,0,0.0,0,2306.2,17,0.0,0,0.0,0,0.0,0,0.0,0
2012-10-26T09:15:14.000,2306.2,1426,2306.2,1,0.0,0,0.0,0,0.0,0,0.0,0,2306.4,2,0.0,0,0.0,0,0.0,0,0.0,0
2012-10-26T09:15:14.500,2306.2,1430,2306.2,2,0.0,0,0.0,0,0.0,0,0.0,0,2306.4,1,0.0,0,0.0,0,0.0,0,0.0,0
2012-10-26T09:15:15.000,2306.2,1438,2306.4,6,0.0,0,0.0,0,0.0,0,0.0,0,2306.6,1,0.0,0,0.0,0,0.0,0,0.0,0
2012-10-26T09:15:15.500,2306.4,1440,2306.6,2,0.0,0,0.0,0,0.0,0,0.0,0,2306.8,7,0.0,0,0.0,0,0.0,0,0.0,0
2012-10-26T09:15:16.000,2306.6,1447,2306.4,7,0.0,0,0.0,0,0.0,0,0.0,0,2306.6,2,0.0,0,0.0,0,0.0,0,0.0,0
2012-10-26T09:15:16.500,2306.8,1466,2306.8,6,0.0,0,0.0,0,0.0,0,0.0,0,2307,45,0.0,0,0.0,0,0.0,0,0.0,0
2012-10-26T09:15:17.000,2307,1482,2306.8,5,0.0,0,0.0,0,0.0,0,0.0,0,2307,44,0.0,0,0.0,0,0.0,0,0.0,0
2012-10-26T09:15:17.500,2307,1507,2306.6,8,0.0,0,0.0,0,0.0,0,0.0,0,2307,34,0.0,0,0.0,0,0.0,0,0.0,0
2012-10-26T09:15:18.000,2306.6,1514,2306.6,10,0.0,0,0.0,0,0.0,0,0.0,0,2307,24,0.0,0,0.0,0,0.0,0,0.0,0
2012-10-26T09:15:18.500,2307,1519,2306.8,9,0.0,0,0.0,0,0.0,0,0.0,0,2307,17,0.0,0,0.0,0,0.0,0,0.0,0
2012-10-26T09:15:19.000,2307,1524,2306.8,7,0.0,0,0.0,0,0.0,0,0.0,0,2307,17,0.0,0,0.0,0,0.0,0,0.0,0
2012-10-26T09:15:19.500,2307,1533,2306.8,4,0.0,0,0.0,0,0.0,0,0.0,0,2307,22,0.0,0,0.0,0,0.0,0,0.0,0
2012-10-26T09:15:20.000,2307,1539,2306.8,4,0.0,0,0.0,0,0.0,0,0.0,0,2307,16,0.0,0,0.0,0,0.0,0,0.0,0
2012-10-26T09:15:20.500,2306.8,1550,2306.8,7,0.0,0,0.0,0,0.0,0,0.0,0,2307,8,0.0,0,0.0,0,0.0,0,0.0,0
2012-10-26T09:15:21.000,2306.6,1562,2306.6,9,0.0,0,0.0,0,0.0,0,0.0,0,2306.8,13,0.0,0,0.0,0,0.0,0,0.0,0
2012-10-26T09:15:21.500,2306.8,1578,2306.8,3,0.0,0,0.0,0,0.0,0,0.0,0,2307,9,0.0,0,0.0,0,0.0,0,0.0,0
2012-10-26T09:15:22.000,2307,1581,2306.8,1,0.0,0,0.0,0,0.0,0,0.0,0,2307,8,0.0,0,0.0,0,0.0,0,0.0,0
2012-10-26T09:15:22.500,2306.6,1595,2306.6,6,0.0,0,0.0,0,0.0,0,0.0,0,2307,3,0.0,0,0.0,0,0.0,0,0.0,0
2012-10-26T09:15:23.000,2307,1606,2307,1,0.0,0,0.0,0,0.0,0,0.0,0,2307.2,19,0.0,0,0.0,0,0.0,0,0.0,0
2012-10-26T09:15:23.500,2307,1659,2306.8,3,0.0,0,0.0,0,0.0,0,0.0,0,2307,4,0.0,0,0.0,0,0.0,0,0.0,0
2012-10-26T09:15:24.000,2306.8,1664,2306.8,2,0.0,0,0.0,0,0.0,0,0.0,0,2307,26,0.0,0,0.0,0,0.0,0,0.0,0
2012-10-26T09:15:24.500,2307,1674,2306.6,8,0.0,0,0.0,0,0.0,0,0.0,0,2307,21,0.0,0,0.0,0,0.0,0,0.0,0
2012-10-26T09:15:25.000,2306.8,1680,2306.6,8,0.0,0,0.0,0,0.0,0,0.0,0,2306.8,3,0.0,0,0.0,0,0.0,0,0.0,0
2012-10-26T09:15:25.500,2306.8,1684,2306.6,7,0.0,0,0.0,0,0.0,0,0.0,0,2307,94,0.0,0,0.0,0,0.0,0,0.0,0
2012-10-26T09:15:26.000,2306.8,1704,2306.4,10,0.0,0,0.0,0,0.0,0,0.0,0,2306.8,3,0.0,0,0.0,0,0.0,0,0.0,0
2012-10-26T09:15:26.500,2306.6,1725,2306.2,19,0.0,0,0.0,0,0.0,0,0.0,0,2306.6,26,0.0,0,0.0,0,0.0,0,0.0,0
2012-10-26T09:15:27.000,2306.6,1734,2306.2,18,0.0,0,0.0,0,0.0,0,0.0,0,2306.6,53,0.0,0,0.0,0,0.0,0,0.0,0
2012-10-26T09:15:27.500,2306.2,1774,2306,51,0.0,0,0.0,0,0.0,0,0.0,0,2306.2,4,0.0,0,0.0,0,0.0,0,0.0,0
2012-10-26T09:15:28.000,2306,1843,2305.8,5,0.0,0,0.0,0,0.0,0,0.0,0,2306.6,44,0.0,0,0.0,0,0.0,0,0.0,0
2012-10-26T09:15:28.500,2306.4,1881,2306,11,0.0,0,0.0,0,0.0,0,0.0,0,2306.4,40,0.0,0,0.0,0,0.0,0,0.0,0
2012-10-26T09:15:29.000,2306.2,1902,2306,13,0.0,0,0.0,0,0.0,0,0.0,0,2306.4,27,0.0,0,0.0,0,0.0,0,0.0,0
2012-10-26T09:15:29.500,2306.4,1905,2306,15,0.0,0,0.0,0,0.0,0,0.0,0,2306.4,25,0.0,0,0.0,0,0.0,0,0.0,0
2012-10-26T09:15:30.000,2306,1961,2305.8,6,0.0,0,0.0,0,0.0,0,0.0,0,2306,6,0.0,0,0.0,0,0.0,0,0.0,0
2012-10-26T09:15:30.500,2306.2,1983,2305.8,1,0.0,0,0.0,0,0.0,0,0.0,0,2306.6,17,0.0,0,0.0,0,0.0,0,0.0,0
2012-10-26T09:15:31.000,2306.2,2005,2306,1,0.0,0,0.0,0,0.0,0,0.0,0,2306.2,1,0.0,0,0.0,0,0.0,0,0.0,0
2012-10-26T09:15:31.500,2306.2,2012,2306.4,1,0.0,0,0.0,0,0.0,0,0.0,0,2306.6,19,0.0,0,0.0,0,0.0,0,0.0,0
2012-10-26T09:15:32.000,2306.4,2026,2306.2,5,0.0,0,0.0,0,0.0,0,0.0,0,2306.6,18,0.0,0,0.0,0,0.0,0,0.0,0
2012-10-26T09:15:32.500,2306.6,2047,2306.6,1,0.0,0,0.0,0,0.0,0,0.0,0,2306.8,11,0.0,0,0.0,0,0.0,0,0.0,0
2012-10-26T09:15:33.000,2306.8,2070,2306.8,4,0.0,0,0.0,0,0.0,0,0.0,0,2307,106,0.0,0,0.0,0,0.0,0,0.0,0
2012-10-26T09:15:33.500,2307,2078,2306.8,4,0.0,0,0.0,0,0.0,0,0.0,0,2307,98,0.0,0,0.0,0,0.0,0,0.0,0
2012-10-26T09:15:34.000,2307,2081,2306.8,24,0.0,0,0.0,0,0.0,0,0.0,0,2307,48,0.0,0,0.0,0,0.0,0,0.0,0
2012-10-26T09:15:34.500,2307,2093,2306.8,26,0.0,0,0.0,0,0.0,0,0.0,0,2307,37,0.0,0,0.0,0,0.0,0,0.0,0
2012-10-26T09:15:35.000,2307.2,2144,2307.2,5,0.0,0,0.0,0,0.0,0,0.0,0,2307.4,2,0.0,0,0.0,0,0.0,0,0.0,0
2012-10-26T09:15:35.500,2307.4,2159,2307.4,10,0.0,0,0.0,0,0.0,0,0.0,0,2307.8,26,0.0,0,0.0,0,0.0,0,0.0,0
2012-10-26T09:15:36.000,2307.8,2163,2307.6,1,0.0,0,0.0,0,0.0,0,0.0,0,2307.8,24,0.0,0,0.0,0,0.0,0,0.0,0
2012-10-26T09:15:36.500,2307.6,2178,2307.4,6,0.0,0,0.0,0,0.0,0,0.0,0,2307.6,9,0.0,0,0.0,0,0.0,0,0.0,0
2012-10-26T09:15:37.000,2307.6,2191,2307.4,2,0.0,0,0.0,0,0.0,0,0.0,0,2307.6,20,0.0,0,0.0,0,0.0,0,0.0,0
2012-10-26T09:15:37.500,2307.4,2196,2307.2,14,0.0,0,0.0,0,0.0,0,0.0,0,2307.4,2,0.0,0,0.0,0,0.0,0,0.0,0
2012-10-26T09:15:38.000,2307.2,2207,2307.2,6,0.0,0,0.0,0,0.0,0,0.0,0,2307.4,3,0.0,0,0.0,0,0.0,0,0.0,0
2012-10-26T09:15:38.500,2307.6,2215,2307.4,2,0.0,0,0.0,0,0.0,0,0.0,0,2307.6,19,0.0,0,0.0,0,0.0,0,0.0,0
2012-10-26T09:15:39.000,2307.4,2226,2307,43,0.0,0,0.0,0,0.0,0,0.0,0,2307.2,3,0.0,0,0.0,0,0.0,0,0.0,0
2012-10-26T09:15:39.500,2307.2,2228,2307,43,0.0,0,0.0,0,0.0,0,0.0,0,2307.2,2,0.0,0,0.0,0,0.0,0,0.0,0
2012-10-26T09:15:40.000,2307,2241,2307,42,0.0,0,0.0,0,0.0,0,0.0,0,2307.4,2,0.0,0,0.0,0,0.0,0,0.0,0
2012-10-26T09:15:40.500,2307.2,2245,2307,40,0.0,0,0.0,0,0.0,0,0.0,0,2307.4,3,0.0,0,0.0,0,0.0,0,0.0,0
2012-10-26T09:15:41.250,2307.4,2248,2307.2,3,0.0,0,0.0,0,0.0,0,0.0,0,2307.4,2,0.0,0,0.0,0,0.0,0,0.0,0
2012-10-26T09:15:42.000,2307.4,2265,2307.4,11,0.0,0,0.0,0,0.0,0,0.0,0,2307.6,23,0.0,0,0.0,0,0.0,0,0.0,0
2012-10-26T09:15:42.500,2307.2,2291,2307,55,0.0,0,0.0,0,0.0,0,0.0,0,2307.2,16,0.0,0,0.0,0,0.0,0,0.0,0
2012-10-26T09:15:43.000,2307.2,2307,2307,55,0.0,0,0.0,0,0.0,0,0.0,0,2307.4,3,0.0,0,0.0,0,0.0,0,0.0,0
2012-10-26T09:15:43.500,2307.4,2310,2307.2,5,0.0,0,0.0,0,0.0,0,0.0,0,2307.4,3,0.0,0,0.0,0,0.0,0,0.0,0
2012-10-26T09:15:44.000,2307.4,2318,2307.2,2,0.0,0,0.0,0,0.0,0,0.0,0,2307.6,22,0.0,0,0.0,0,0.0,0,0.0,0
2012-10-26T09:15:44.500,2307.6,2324,2307.4,2,0.0,0,0.0,0,0.0,0,0.0,0,2307.6,24,0.0,0,0.0,0,0.0,0,0.0,0
2012-10-26T09:15:45.000,2307.2,2331,2307,57,0.0,0,0.0,0,0.0,0,0.0,0,2307.2,17,0.0,0,0.0,0,0.0,0,0.0,0
2012-10-26T09:15:45.500,2307.6,2361,2307.2,5,0.0,0,0.0,0,0.0,0,0.0,0,2307.6,20,0.0,0,0.0,0,0.0,0,0.0,0
2012-10-26T09:15:46.000,2307.6,2388,2307.6,1,0.0,0,0.0,0,0.0,0,0.0,0,2307.8,54,0.0,0,0.0,0,0.0,0,0.0,0
2012-10-26T09:15:46.500,2307.8,2394,2307.6,2,0.0,0,0.0,0,0.0,0,0.0,0,2307.8,51,0.0,0,0.0,0,0.0,0,0.0,0
2012-10-26T09:15:47.000,2307.4,2421,2307.2,3,0.0,0,0.0,0,0.0,0,0.0,0,2307.4,5,0.0,0,0.0,0,0.0,0,0.0,0
2012-10-26T09:15:47.500,2307.4,2471,2307.4,11,0.0,0,0.0,0,0.0,0,0.0,0,2307.6,2,0.0,0,0.0,0,0.0,0,0.0,0
2012-10-26T09:15:48.000,2307.4,2482,2307.4,19,0.0,0,0.0,0,0.0,0,0.0,0,2307.6,47,0.0,0,0.0,0,0.0,0,0.0,0
2012-10-26T09:15:48.500,2307.4,2521,2307.4,8,0.0,0,0.0,0,0.0,0,0.0,0,2307.6,20,0.0,0,0.0,0,0.0,0,0.0,0
2012-10-26T09:15:49.000,2307.4,2540,2307.2,3,0.0,0,0.0,0,0.0,0,0.0,0,2307.4,3,0.0,0,0.0,0,0.0,0,0.0,0
2012-10-26T09:15:49.500,2307.4,2549,2307.2,2,0.0,0,0.0,0,0.0,0,0.0,0,2307.4,13,0.0,0,0.0,0,0.0,0,0.0,0
2012-10-26T09:15:50.000,2307,2573,2307.2,20,0.0,0,0.0,0,0.0,0,0.0,0,2307.4,13,0.0,0,0.0,0,0.0,0,0.0,0
2012-10-26T09:15:50.500,2307.4,2580,2307.2,19,0.0,0,0.0,0,0.0,0,0.0,0,2307.4,10,0.0,0,0.0,0,0.0,0,0.0,0
2012-10-26T09:15:51.000,2307.2,2582,2307.2,18,0.0,0,0.0,0,0.0,0,0.0,0,2307.4,5,0.0,0,0.0,0,0.0,0,0.0,0
2012-10-26T09:15:51.500,2307.4,2589,2307.4,7,0.0,0,0.0,0,0.0,0,0.0,0,2307.6,21,0.0,0,0.0,0,0.0,0,0.0,0
2012-10-26T09:15:52.250,2307.6,2594,2307.4,7,0.0,0,0.0,0,0.0,0,0.0,0,2307.6,16,0.0,0,0.0,0,0.0,0,0.0,0
2012-10-26T09:15:53.000,2307.4,2600,2307.4,5,0.0,0,0.0,0,0.0,0,0.0,0,2307.6,14,0.0,0,0.0,0,0.0,0,0.0,0
2012-10-26T09:15:53.500,2307.4,2601,2307.4,5,0.0,0,0.0,0,0.0,0,0.0,0,2307.6,15,0.0,0,0.0,0,0.0,0,0.0,0
2012-10-26T09:15:54.000,2307.6,2607,2307.4,7,0.0,0,0.0,0,0.0,0,0.0,0,2307.6,19,0.0,0,0.0,0,0.0,0,0.0,0
2012-10-26T09:15:54.500,2307.4,2659,2307.6,3,0.0,0,0.0,0,0.0,0,0.0,0,2307.8,46,0.0,0,0.0,0,0.0,0,0.0,0
2012-10-26T09:15:55.000,2307.6,2660,2307.6,11,0.0,0,0.0,0,0.0,0,0.0,0,2307.8,46,0.0,0,0.0,0,0.0,0,0.0,0
2012-10-26T09:15:55.500,2307.8,2675,2307.6,8,0.0,0,0.0,0,0.0,0,0.0,0,2307.8,36,0.0,0,0.0,0,0.0,0,0.0,0
2012-10-26T09:15:56.000,2307.8,2717,2307.8,19,0.0,0,0.0,0,0.0,0,0.0,0,2308,28,0.0,0,0.0,0,0.0,0,0.0,0
2012-10-26T09:15:56.500,2307.8,2765,2308,2,0.0,0,0.0,0,0.0,0,0.0,0,2308.2,14,0.0,0,0.0,0,0.0,0,0.0,0
2012-10-26T09:15:57.000,2308.2,2772,2307.8,26,0.0,0,0.0,0,0.0,0,0.0,0,2308.2,12,0.0,0,0.0,0,0.0,0,0.0,0
2012-10-26T09:15:57.500,2308.2,2784,2308.2,9,0.0,0,0.0,0,0.0,0,0.0,0,2308.4,80,0.0,0,0.0,0,0.0,0,0.0,0
2012-10-26T09:15:58.000,2308,2802,2307.8,22,0.0,0,0.0,0,0.0,0,0.0,0,2308,39,0.0,0,0.0,0,0.0,0,0.0,0
2012-10-26T09:15:58.500,2308,2822,2307.8,20,0.0,0,0.0,0,0.0,0,0.0,0,2308,24,0.0,0,0.0,0,0.0,0,0.0,0
2012-10-26T09:15:59.000,2307.8,2838,2307.8,16,0.0,0,0.0,0,0.0,0,0.0,0,2308,44,0.0,0,0.0,0,0.0,0,0.0,0
2012-10-26T09:15:59.500,2307.8,2877,2307.6,14,0.0,0,0.0,0,0.0,0,0.0,0,2307.8,17,0.0,0,0.0,0,0.0,0,0.0,0
2012-10-26T09:16:00.000,2307.8,2893,2307.6,11,0.0,0,0.0,0,0.0,0,0.0,0,2307.8,5,0.0,0,0.0,0,0.0,0,0.0,0
2012-10-26T09:16:00.500,2307.4,2940,2307.4,42,0.0,0,0.0,0,0.0,0,0.0,0,2307.6,7,0.0,0,0.0,0,0.0,0,0.0,0
2012-10-26T09:16:01.000,2307.4,2990,2307.4,40,0.0,0,0.0,0,0.0,0,0.0,0,2307.6,3,0.0,0,0.0,0,0.0,0,0.0,0
2012-10-26T09:16:01.500,2307.6,2998,2307.8,1,0.0,0,0.0,0,0.0,0,0.0,0,2308,26,0.0,0,0.0,0,0.0,0,0.0,0
2012-10-26T09:16:02.000,2307.8,3007,2307.6,3,0.0,0,0.0,0,0.0,0,0.0,0,2307.8,10,0.0,0,0.0,0,0.0,0,0.0,0
2012-10-26T09:16:02.500,2307.6,3011,2307.6,18,0.0,0,0.0,0,0.0,0,0.0,0,2307.8,7,0.0,0,0.0,0,0.0,0,0.0,0
2012-10-26T09:16:03.000,2307.6,3018,2307.6,19,0.0,0,0.0,0,0.0,0,0.0,0,2307.8,5,0.0,0,0.0,0,0.0,0,0.0,0
2012-10-26T09:16:03.500,2307.8,3031,2307.6,14,0.0,0,0.0,0,0.0,0,0.0,0,2308,31,0.0,0,0.0,0,0.0,0,0.0,0
2012-10-26T09:16:04.250,2308,3047,2307.8,63,0.0,0,0.0,0,0.0,0,0.0,0,2308,37,0.0,0,0.0,0,0.0,0,0.0,0
2012-10-26T09:16:05.000,2307.8,3114,2307.8,19,0.0,0,0.0,0,0.0,0,0.0,0,2308,17,0.0,0,0.0,0,0.0,0,0.0,0
2012-10-26T09:16:05.500,2308,3136,2307.8,3,0.0,0,0.0,0,0.0,0,0.0,0,2308,11,0.0,0,0.0,0,0.0,0,0.0,0
2012-10-26T09:16:06.000,2308,3148,2307.8,10,0.0,0,0.0,0,0.0,0,0.0,0,2308,11,0.0,0,0.0,0,0.0,0,0.0,0
2012-10-26T09:16:06.500,2308,3158,2307.8,21,0.0,0,0.0,0,0.0,0,0.0,0,2308,2,0.0,0,0.0,0,0.0,0,0.0,0
2012-10-26T09:16:07.000,2308,3162,2308,6,0.0,0,0.0,0,0.0,0,0.0,0,2308.2,24,0.0,0,0.0,0,0.0,0,0.0,0
2012-10-26T09:16:07.500,2308,3179,2308,2,0.0,0,0.0,0,0.0,0,0.0,0,2308.2,20,0.0,0,0.0,0,0.0,0,0.0,0
2012-10-26T09:16:08.000,2308.2,3197,2308,11,0.0,0,0.0,0,0.0,0,0.0,0,2308.2,7,0.0,0,0.0,0,0.0,0,0.0,0
2012-10-26T09:16:08.500,2308.2,3208,2308,10,0.0,0,0.0,0,0.0,0,0.0,0,2308.4,86,0.0,0,0.0,0,0.0,0,0.0,0
2012-10-26T09:16:09.000,2308.2,3211,2308.2,22,0.0,0,0.0,0,0.0,0,0.0,0,2308.4,85,0.0,0,0.0,0,0.0,0,0.0,0
2012-10-26T09:16:09.500,2308.4,3231,2308.2,16,0.0,0,0.0,0,0.0,0,0.0,0,2308.4,72,0.0,0,0.0,0,0.0,0,0.0,0
2012-10-26T09:16:10.000,2308.4,3252,2308.2,22,0.0,0,0.0,0,0.0,0,0.0,0,2308.4,57,0.0,0,0.0,0,0.0,0,0.0,0
2012-10-26T09:16:10.500,2308.4,3261,2308.2,20,0.0,0,0.0,0,0.0,0,0.0,0,2308.4,50,0.0,0,0.0,0,0.0,0,0.0,0
2012-10-26T09:16:11.000,2308.4,3284,2308.2,14,0.0,0,0.0,0,0.0,0,0.0,0,2308.4,36,0.0,0,0.0,0,0.0,0,0.0,0
2012-10-26T09:16:11.500,2308.4,3325,2308.2,6,0.0,0,0.0,0,0.0,0,0.0,0,2308.4,10,0.0,0,0.0,0,0.0,0,0.0,0
2012-10-26T09:16:12.000,2308.4,3340,2308.4,14,0.0,0,0.0,0,0.0,0,0.0,0,2308.6,35,0.0,0,0.0,0,0.0,0,0.0,0
2012-10-26T09:16:12.500,2308.4,3349,2308.4,21,0.0,0,0.0,0,0.0,0,0.0,0,2308.6,33,0.0,0,0.0,0,0.0,0,0.0,0
2012-10-26T09:16:13.000,2308.6,3357,2308.4,23,0.0,0,0.0,0,0.0,0,0.0,0,2308.6,26,0.0,0,0.0,0,0.0,0,0.0,0
2012-10-26T09:16:13.500,2308.6,3375,2308.4,23,0.0,0,0.0,0,0.0,0,0.0,0,2308.6,11,0.0,0,0.0,0,0.0,0,0.0,0
2012-10-26T09:16:14.000,2308.6,3385,2308.4,15,0.0,0,0.0,0,0.0,0,0.0,0,2308.6,12,0.0,0,0.0,0,0.0,0,0.0,0
2012-10-26T09:16:14.500,2308.6,3412,2308.4,2,0.0,0,0.0,0,0.0,0,0.0,0,2308.6,20,0.0,0,0.0,0,0.0,0,0.0,0
2012-10-26T09:16:15.000,2308.2,3435,2308.2,5,0.0,0,0.0,0,0.0,0,0.0,0,2308.4,17,0.0,0,0.0,0,0.0,0,0.0,0
2012-10-26T09:16:15.500,2308.2,3451,2308,42,0.0,0,0.0,0,0.0,0,0.0,0,2308.2,33,0.0,0,0.0,0,0.0,0,0.0,0
2012-10-26T09:16:16.000,2308,3459,2308,37,0.0,0,0.0,0,0.0,0,0.0,0,2308.2,32,0.0,0,0.0,0,0.0,0,0.0,0
2012-10-26T09:16:16.500,2308.2,3464,2308,36,0.0,0,0.0,0,0.0,0,0.0,0,2308.2,29,0.0,0,0.0,0,0.0,0,0.0,0
2012-10-26T09:16:17.000,2308,3504,2307.8,25,0.0,0,0.0,0,0.0,0,0.0,0,2308,7,0.0,0,0.0,0,0.0,0,0.0,0
2012-10-26T09:16:17.500,2308.2,3525,2308,18,0.0,0,0.0,0,0.0,0,0.0,0,2308.2,26,0.0,0,0.0,0,0.0,0,0.0,0
2012-10-26T09:16:18.000,2308,3532,2308,14,0.0,0,0.0,0,0.0,0,0.0,0,2308.2,27,0.0,0,0.0,0,0.0,0,0.0,0
2012-10-26T09:16:18.500,2308,3544,2308,13,0.0,0,0.0,0,0.0,0,0.0,0,2308.2,23,0.0,0,0.0,0,0.0,0,0.0,0
2012-10-26T09:16:19.000,2308.2,3562,2308,13,0.0,0,0.0,0,0.0,0,0.0,0,2308.2,7,0.0,0,0.0,0,0.0,0,0.0,0
2012-10-26T09:16:19.500,2308,3568,2308,9,0.0,0,0.0,0,0.0,0,0.0,0,2308.2,10,0.0,0,0.0,0,0.0,0,0.0,0
2012-10-26T09:16:20.000,2308.2,3579,2308,6,0.0,0,0.0,0,0.0,0,0.0,0,2308.2,16,0.0,0,0.0,0,0.0,0,0.0,0
2012-10-26T09:16:20.500,2308,3584,2308,6,0.0,0,0.0,0,0.0,0,0.0,0,2308.2,18,0.0,0,0.0,0,0.0,0,0.0,0
2012-10-26T09:16:21.000,2308.2,3589,2308,6,0.0,0,0.0,0,0.0,0,0.0,0,2308.2,13,0.0,0,0.0,0,0.0,0,0.0,0
2012-10-26T09:16:21.500,2308,3598,2308,9,0.0,0,0.0,0,0.0,0,0.0,0,2308.2,6,0.0,0,0.0,0,0.0,0,0.0,0
2012-10-26T09:16:22.000,2308,3604,2308,5,0.0,0,0.0,0,0.0,0,0.0,0,2308.2,6,0.0,0,0.0,0,0.0,0,0.0,0
2012-10-26T09:16:22.500,2308.2,3606,2308,13,0.0,0,0.0,0,0.0,0,0.0,0,2308.2,5,0.0,0,0.0,0,0.0,0,0.0,0
2012-10-26T09:16:23.000,2308.2,3619,2308,9,0.0,0,0.0,0,0.0,0,0.0,0,2308.4,53,0.0,0,0.0,0,0.0,0,0.0,0
2012-10-26T09:16:23.500,2308.2,3629,2308.2,15,0.0,0,0.0,0,0.0,0,0.0,0,2308.4,58,0.0,0,0.0,0,0.0,0,0.0,0
2012-10-26T09:16:24.000,2308.2,3641,2308.2,4,0.0,0,0.0,0,0.0,0,0.0,0,2308.4,57,0.0,0,0.0,0,0.0,0,0.0,0
2012-10-26T09:16:24.500,2308.4,3647,2308.2,4,0.0,0,0.0,0,0.0,0,0.0,0,2308.4,51,0.0,0,0.0,0,0.0,0,0.0,0
2012-10-26T09:16:25.000,2308,3655,2308,17,0.0,0,0.0,0,0.0,0,0.0,0,2308.4,53,0.0,0,0.0,0,0.0,0,0.0,0
2012-10-26T09:16:25.500,2308.4,3666,2308.2,2,0.0,0,0.0,0,0.0,0,0.0,0,2308.4,45,0.0,0,0.0,0,0.0,0,0.0,0
2012-10-26T09:16:26.000,2308.2,3673,2308.2,3,0.0,0,0.0,0,0.0,0,0.0,0,2308.4,46,0.0,0,0.0,0,0.0,0,0.0,0
2012-10-26T09:16:26.500,2308.4,3676,2308.2,2,0.0,0,0.0,0,0.0,0,0.0,0,2308.4,46,0.0,0,0.0,0,0.0,0,0.0,0
2012-10-26T09:16:27.000,2308.2,3677,2308.2,1,0.0,0,0.0,0,0.0,0,0.0,0,2308.4,46,0.0,0,0.0,0,0.0,0,0.0,0
2012-10-26T09:16:27.500,2308.4,3691,2308.2,1,0.0,0,0.0,0,0.0,0,0.0,0,2308.4,34,0.0,0,0.0,0,0.0,0,0.0,0
2012-10-26T09:16:28.000,2308.4,3694,2308.2,6,0.0,0,0.0,0,0.0,0,0.0,0,2308.4,33,0.0,0,0.0,0,0.0,0,0.0,0
2012-10-26T09:16:28.500,2308.2,3698,2308.2,12,0.0,0,0.0,0,0.0,0,0.0,0,2308.4,31,0.0,0,0.0,0,0.0,0,0.0,0
2012-10-26T09:16:29.000,2308.4,3717,2308.2,6,0.0,0,0.0,0,0.0,0,0.0,0,2308.4,36,0.0,0,0.0,0,0.0,0,0.0,0
2012-10-26T09:16:29.500,2308.2,3747,2308,29,0.0,0,0.0,0,0.0,0,0.0,0,2308.2,28,0.0,0,0.0,0,0.0,0,0.0,0
2012-10-26T09:16:30.000,2308.2,3752,2308,28,0.0,0,0.0,0,0.0,0,0.0,0,2308.2,29,0.0,0,0.0,0,0.0,0,0.0,0
2012-10-26T09:16:30.500,2308.2,3753,2308,50,0.0,0,0.0,0,0.0,0,0.0,0,2308.2,36,0.0,0,0.0,0,0.0,0,0.0,0
2012-10-26T09:16:31.000,2308,3756,2308,47,0.0,0,0.0,0,0.0,0,0.0,0,2308.2,37,0.0,0,0.0,0,0.0,0,0.0,0
2012-10-26T09:16:31.500,2308,3764,2308,51,0.0,0,0.0,0,0.0,0,0.0,0,2308.2,32,0.0,0,0.0,0,0.0,0,0.0,0
2012-10-26T09:16:32.000,2308,3771,2308,45,0.0,0,0.0,0,0.0,0,0.0,0,2308.2,38,0.0,0,0.0,0,0.0,0,0.0,0
2012-10-26T09:16:32.500,2308,3782,2308,48,0.0,0,0.0,0,0.0,0,0.0,0,2308.2,40,0.0,0,0.0,0,0.0,0,0.0,0
2012-10-26T09:16:33.250,2308,3784,2308,48,0.0,0,0.0,0,0.0,0,0.0,0,2308.2,40,0.0,0,0.0,0,0.0,0,0.0,0
2012-10-26T09:16:34.000,2308.2,3786,2308,47,0.0,0,0.0,0,0.0,0,0.0,0,2308.2,39,0.0,0,0.0,0,0.0,0,0.0,0
2012-10-26T09:16:34.500,2308.2,3798,2308,44,0.0,0,0.0,0,0.0,0,0.0,0,2308.2,34,0.0,0,0.0,0,0.0,0,0.0,0
2012-10-26T09:16:35.000,2308,3805,2308,37,0.0,0,0.0,0,0.0,0,0.0,0,2308.2,34,0.0,0,0.0,0,0.0,0,0.0,0
2012-10-26T09:16:35.500,2308.2,3807,2308,39,0.0,0,0.0,0,0.0,0,0.0,0,2308.2,36,0.0,0,0.0,0,0.0,0,0.0,0
2012-10-26T09:16:36.000,2308,3822,2308,25,0.0,0,0.0,0,0.0,0,0.0,0,2308.2,35,0.0,0,0.0,0,0.0,0,0.0,0
2012-10-26T09:16:36.500,2308,3827,2308,24,0.0,0,0.0,0,0.0,0,0.0,0,2308.2,31,0.0,0,0.0,0,0.0,0,0.0,0
2012-10-26T09:16:37.000,2308.2,3851,2308,8,0.0,0,0.0,0,0.0,0,0.0,0,2308.2,25,0.0,0,0.0,0,0.0,0,0.0,0
2012-10-26T09:16:37.500,2308.2,3858,2308,13,0.0,0,0.0,0,0.0,0,0.0,0,2308.2,19,0.0,0,0.0,0,0.0,0,0.0,0
2012-10-26T09:16:38.000,2308,3861,2308,11,0.0,0,0.0,0,0.0,0,0.0,0,2308.2,17,0.0,0,0.0,0,0.0,0,0.0,0
2012-10-26T09:16:38.500,2308,3870,2308,8,0.0,0,0.0,0,0.0,0,0.0,0,2308.2,15,0.0,0,0.0,0,0.0,0,0.0,0
2012-10-26T09:16:39.000,2308.2,3872,2308,13,0.0,0,0.0,0,0.0,0,0.0,0,2308.2,15,0.0,0,0.0,0,0.0,0,0.0,0
2012-10-26T09:16:39.500,2308.2,3874,2308,14,0.0,0,0.0,0,0.0,0,0.0,0,2308.2,18,0.0,0,0.0,0,0.0,0,0.0,0
2012-10-26T09:16:40.000,2308.2,3878,2308,13,0.0,0,0.0,0,0.0,0,0.0,0,2308.2,18,0.0,0,0.0,0,0.0,0,0.0,0
2012-10-26T09:16:40.500,2308,3881,2308,13,0.0,0,0.0,0,0.0,0,0.0,0,2308.2,19,0.0,0,0.0,0,0.0,0,0.0,0
2012-10-26T09:16:41.000,2308,3888,2308,17,0.0,0,0.0,0,0.0,0,0.0,0,2308.2,15,0.0,0,0.0,0,0.0,0,0.0,0
2012-10-26T09:16:41.500,2308.2,3904,2308,14,0.0,0,0.0,0,0.0,0,0.0,0,2308.2,4,0.0,0,0.0,0,0.0,0,0.0,0
2012-10-26T09:16:42.000,2308,3911,2308,9,0.0,0,0.0,0,0.0,0,0.0,0,2308.2,2,0.0,0,0.0,0,0.0,0,0.0,0
2012-10-26T09:16:42.500,2308.4,3918,2308.2,1,0.0,0,0.0,0,0.0,0,0.0,0,2308.4,21,0.0,0,0.0,0,0.0,0,0.0,0
2012-10-26T09:16:43.000,2308,3922,2308.2,1,0.0,0,0.0,0,0.0,0,0.0,0,2308.4,19,0.0,0,0.0,0,0.0,0,0.0,0
2012-10-26T09:16:43.500,2308.4,3924,2308.2,1,0.0,0,0.0,0,0.0,0,0.0,0,2308.4,17,0.0,0,0.0,0,0.0,0,0.0,0
2012-10-26T09:16:44.250,2308.2,3934,2308.2,8,0.0,0,0.0,0,0.0,0,0.0,0,2308.4,13,0.0,0,0.0,0,0.0,0,0.0,0
2012-10-26T09:16:45.000,2308.4,3935,2308.2,10,0.0,0,0.0,0,0.0,0,0.0,0,2308.4,12,0.0,0,0.0,0,0.0,0,0.0,0
2012-10-26T09:16:45.500,2308.6,3952,2308.2,10,0.0,0,0.0,0,0.0,0,0.0,0,2308.6,34,0.0,0,0.0,0,0.0,0,0.0,0
2012-10-26T09:16:46.000,2308,3969,2308,33,0.0,0,0.0,0,0.0,0,0.0,0,2308.2,23,0.0,0,0.0,0,0.0,0,0.0,0
2012-10-26T09:16:46.500,2308.2,3973,2308,34,0.0,0,0.0,0,0.0,0,0.0,0,2308.2,19,0.0,0,0.0,0,0.0,0,0.0,0
2012-10-26T09:16:47.000,2308.2,3985,2308,32,0.0,0,0.0,0,0.0,0,0.0,0,2308.2,10,0.0,0,0.0,0,0.0,0,0.0,0
2012-10-26T09:16:47.500,2308.2,3994,2308,33,0.0,0,0.0,0,0.0,0,0.0,0,2308.2,3,0.0,0,0.0,0,0.0,0,0.0,0
2012-10-26T09:16:48.000,2308,4001,2308,33,0.0,0,0.0,0,0.0,0,0.0,0,2308.2,7,0.0,0,0.0,0,0.0,0,0.0,0
2012-10-26T09:16:48.500,2308,4004,2308,33,0.0,0,0.0,0,0.0,0,0.0,0,2308.2,15,0.0,0,0.0,0,0.0,0,0.0,0
2012-10-26T09:16:49.250,2308.2,4020,2308.2,5,0.0,0,0.0,0,0.0,0,0.0,0,2308.4,10,0.0,0,0.0,0,0.0,0,0.0,0
2012-10-26T09:16:50.250,2308.2,4022,2308.2,9,0.0,0,0.0,0,0.0,0,0.0,0,2308.4,14,0.0,0,0.0,0,0.0,0,0.0,0
2012-10-26T09:16:51.000,2308.2,4025,2308.2,16,0.0,0,0.0,0,0.0,0,0.0,0,2308.4,15,0.0,0,0.0,0,0.0,0,0.0,0
2012-10-26T09:16:51.500,2308.2,4048,2308,31,0.0,0,0.0,0,0.0,0,0.0,0,2308.2,2,0.0,0,0.0,0,0.0,0,0.0,0
2012-10-26T09:16:52.000,2308.4,4060,2308.2,1,0.0,0,0.0,0,0.0,0,0.0,0,2308.4,6,0.0,0,0.0,0,0.0,0,0.0,0
2012-10-26T09:16:52.500,2308.2,4065,2308.2,6,0.0,0,0.0,0,0.0,0,0.0,0,2308.4,14,0.0,0,0.0,0,0.0,0,0.0,0
2012-10-26T09:16:53.250,2308.2,4066,2308.2,6,0.0,0,0.0,0,0.0,0,0.0,0,2308.4,21,0.0,0,0.0,0,0.0,0,0.0,0
2012-10-26T09:16:54.000,2308.2,4067,2308.2,8,0.0,0,0.0,0,0.0,0,0.0,0,2308.4,23,0.0,0,0.0,0,0.0,0,0.0,0
2012-10-26T09:16:54.500,2308.4,4070,2308.2,8,0.0,0,0.0,0,0.0,0,0.0,0,2308.4,20,0.0,0,0.0,0,0.0,0,0.0,0
2012-10-26T09:16:55.000,2308.4,4073,2308.2,7,0.0,0,0.0,0,0.0,0,0.0,0,2308.4,21,0.0,0,0.0,0,0.0,0,0.0,0
2012-10-26T09:16:55.500,2308.4,4076,2308.2,11,0.0,0,0.0,0,0.0,0,0.0,0,2308.4,21,0.0,0,0.0,0,0.0,0,0.0,0
2012-10-26T09:16:56.000,2308.4,4079,2308.2,11,0.0,0,0.0,0,0.0,0,0.0,0,2308.4,19,0.0,0,0.0,0,0.0,0,0.0,0
2012-10-26T09:16:56.500,2308.2,4082,2308.2,8,0.0,0,0.0,0,0.0,0,0.0,0,2308.4,19,0.0,0,0.0,0,0.0,0,0.0,0
2012-10-26T09:16:57.000,2308.2,4090,2308,37,0.0,0,0.0,0,0.0,0,0.0,0,2308.2,3,0.0,0,0.0,0,0.0,0,0.0,0
2012-10-26T09:16:57.500,2308.2,4093,2308,37,0.0,0,0.0,0,0.0,0,0.0,0,2308.2,1,0.0,0,0.0,0,0.0,0,0.0,0
2012-10-26T09:16:58.000,2308,4094,2308,41,0.0,0,0.0,0,0.0,0,0.0,0,2308.2,3,0.0,0,0.0,0,0.0,0,0.0,0
2012-10-26T09:16:58.500,2308.2,4097,2308,40,0.0,0,0.0,0,0.0,0,0.0,0,2308.4,22,0.0,0,0.0,0,0.0,0,0.0,0
2012-10-26T09:17:00.000,2308.2,4099,2308,42,0.0,0,0.0,0,0.0,0,0.0,0,2308.2,2,0.0,0,0.0,0,0.0,0,0.0,0
2012-10-26T09:17:00.500,2308,4111,2308,40,0.0,0,0.0,0,0.0,0,0.0,0,2308.2,2,0.0,0,0.0,0,0.0,0,0.0,0
2012-10-26T09:17:01.000,2308.4,4120,2308,35,0.0,0,0.0,0,0.0,0,0.0,0,2308.4,19,0.0,0,0.0,0,0.0,0,0.0,0
2012-10-26T09:17:01.500,2308,4124,2308,33,0.0,0,0.0,0,0.0,0,0.0,0,2308.2,3,0.0,0,0.0,0,0.0,0,0.0,0
2012-10-26T09:17:02.000,2308,4144,2308,22,0.0,0,0.0,0,0.0,0,0.0,0,2308.2,11,0.0,0,0.0,0,0.0,0,0.0,0
2012-10-26T09:17:02.500,2308,4149,2308,20,0.0,0,0.0,0,0.0,0,0.0,0,2308.2,10,0.0,0,0.0,0,0.0,0,0.0,0
2012-10-26T09:17:03.000,2308,4177,2307.8,27,0.0,0,0.0,0,0.0,0,0.0,0,2308,18,0.0,0,0.0,0,0.0,0,0.0,0
2012-10-26T09:17:03.500,2307.8,4188,2307.8,23,0.0,0,0.0,0,0.0,0,0.0,0,2308,12,0.0,0,0.0,0,0.0,0,0.0,0
2012-10-26T09:17:04.000,2307.8,4196,2307.8,20,0.0,0,0.0,0,0.0,0,0.0,0,2308,9,0.0,0,0.0,0,0.0,0,0.0,0
2012-10-26T09:17:04.500,2308,4208,2307.8,12,0.0,0,0.0,0,0.0,0,0.0,0,2308,6,0.0,0,0.0,0,0.0,0,0.0,0
2012-10-26T09:17:05.000,2307.8,4219,2307.8,1,0.0,0,0.0,0,0.0,0,0.0,0,2308,8,0.0,0,0.0,0,0.0,0,0.0,0
2012-10-26T09:17:05.500,2308,4227,2307.8,9,0.0,0,0.0,0,0.0,0,0.0,0,2308,8,0.0,0,0.0,0,0.0,0,0.0,0
2012-10-26T09:17:06.000,2307.8,4234,2307.8,9,0.0,0,0.0,0,0.0,0,0.0,0,2308,8,0.0,0,0.0,0,0.0,0,0.0,0
2012-10-26T09:17:06.500,2307.8,4235,2307.8,9,0.0,0,0.0,0,0.0,0,0.0,0,2308,8,0.0,0,0.0,0,0.0,0,0.0,0
2012-10-26T09:17:07.000,2307.8,4245,2307.8,1,0.0,0,0.0,0,0.0,0,0.0,0,2308,4,0.0,0,0.0,0,0.0,0,0.0,0
2012-10-26T09:17:07.500,2308,4250,2307.6,37,0.0,0,0.0,0,0.0,0,0.0,0,2307.8,5,0.0,0,0.0,0,0.0,0,0.0,0
2012-10-26T09:17:08.000,2307.8,4254,2307.6,36,0.0,0,0.0,0,0.0,0,0.0,0,2307.8,5,0.0,0,0.0,0,0.0,0,0.0,0
2012-10-26T09:17:08.500,2307.8,4258,2307.6,36,0.0,0,0.0,0,0.0,0,0.0,0,2307.8,3,0.0,0,0.0,0,0.0,0,0.0,0
2012-10-26T09:17:09.000,2307.8,4261,2307.8,15,0.0,0,0.0,0,0.0,0,0.0,0,2308,7,0.0,0,0.0,0,0.0,0,0.0,0
2012-10-26T09:17:09.500,2307.8,4265,2307.8,15,0.0,0,0.0,0,0.0,0,0.0,0,2308,6,0.0,0,0.0,0,0.0,0,0.0,0
2012-10-26T09:17:10.250,2308,4273,2307.8,22,0.0,0,0.0,0,0.0,0,0.0,0,2308,5,0.0,0,0.0,0,0.0,0,0.0,0
2012-10-26T09:17:11.000,2308,4275,2307.8,23,0.0,0,0.0,0,0.0,0,0.0,0,2308,6,0.0,0,0.0,0,0.0,0,0.0,0
2012-10-26T09:17:11.500,2307.8,4283,2307.8,16,0.0,0,0.0,0,0.0,0,0.0,0,2308,6,0.0,0,0.0,0,0.0,0,0.0,0
2012-10-26T09:17:12.000,2307.8,4287,2307.8,15,0.0,0,0.0,0,0.0,0,0.0,0,2308,5,0.0,0,0.0,0,0.0,0,0.0,0
2012-10-26T09:17:12.500,2307.8,4288,2307.8,15,0.0,0,0.0,0,0.0,0,0.0,0,2308,9,0.0,0,0.0,0,0.0,0,0.0,0
2012-10-26T09:17:13.000,2308,4289,2307.8,15,0.0,0,0.0,0,0.0,0,0.0,0,2308,12,0.0,0,0.0,0,0.0,0,0.0,0
2012-10-26T09:17:13.500,2308,4291,2307.8,15,0.0,0,0.0,0,0.0,0,0.0,0,2308,13,0.0,0,0.0,0,0.0,0,0.0,0
2012-10-26T09:17:14.000,2307.8,4301,2307.8,7,0.0,0,0.0,0,0.0,0,0.0,0,2308,14,0.0,0,0.0,0,0.0,0,0.0,0
2012-10-26T09:17:14.500,2307.8,4309,2307.6,45,0.0,0,0.0,0,0.0,0,0.0,0,2307.8,4,0.0,0,0.0,0,0.0,0,0.0,0
2012-10-26T09:17:15.000,2307.6,4351,2307.6,3,0.0,0,0.0,0,0.0,0,0.0,0,2307.8,7,0.0,0,0.0,0,0.0,0,0.0,0
2012-10-26T09:17:15.500,2307.6,4354,2307.6,1,0.0,0,0.0,0,0.0,0,0.0,0,2307.8,8,0.0,0,0.0,0,0.0,0,0.0,0
2012-10-26T09:17:16.000,2307.6,4357,2307.6,6,0.0,0,0.0,0,0.0,0,0.0,0,2307.8,12,0.0,0,0.0,0,0.0,0,0.0,0
2012-10-26T09:17:16.500,2307.8,4367,2307.6,5,0.0,0,0.0,0,0.0,0,0.0,0,2307.8,3,0.0,0,0.0,0,0.0,0,0.0,0
2012-10-26T09:17:17.000,2307.6,4402,2307.6,5,0.0,0,0.0,0,0.0,0,0.0,0,2308,25,0.0,0,0.0,0,0.0,0,0.0,0
2012-10-26T09:17:17.500,2307.6,4403,2307.6,5,0.0,0,0.0,0,0.0,0,0.0,0,2308,25,0.0,0,0.0,0,0.0,0,0.0,0
2012-10-26T09:17:18.000,2308,4408,2307.6,7,0.0,0,0.0,0,0.0,0,0.0,0,2308,23,0.0,0,0.0,0,0.0,0,0.0,0
2012-10-26T09:17:18.500,2307.6,4416,2307.6,1,0.0,0,0.0,0,0.0,0,0.0,0,2307.8,4,0.0,0,0.0,0,0.0,0,0.0,0
2012-10-26T09:17:19.000,2307.6,4423,2307.6,1,0.0,0,0.0,0,0.0,0,0.0,0,2307.8,5,0.0,0,0.0,0,0.0,0,0.0,0
2012-10-26T09:17:19.500,2307.4,4425,2307.4,64,0.0,0,0.0,0,0.0,0,0.0,0,2307.6,1,0.0,0,0.0,0,0.0,0,0.0,0
2012-10-26T09:17:20.000,2307.4,4440,2307.4,53,0.0,0,0.0,0,0.0,0,0.0,0,2307.8,5,0.0,0,0.0,0,0.0,0,0.0,0
2012-10-26T09:17:20.500,2307.6,4449,2307.4,53,0.0,0,0.0,0,0.0,0,0.0,0,2307.8,5,0.0,0,0.0,0,0.0,0,0.0,0
2012-10-26T09:17:21.000,2307.6,4453,2307.6,2,0.0,0,0.0,0,0.0,0,0.0,0,2307.8,4,0.0,0,0.0,0,0.0,0,0.0,0
2012-10-26T09:17:21.500,2307.6,4457,2307.6,2,0.0,0,0.0,0,0.0,0,0.0,0,2307.8,7,0.0,0,0.0,0,0.0,0,0.0,0
2012-10-26T09:17:22.000,2307.6,4461,2307.4,53,0.0,0,0.0,0,0.0,0,0.0,0,2307.8,9,0.0,0,0.0,0,0.0,0,0.0,0
2012-10-26T09:17:22.500,2307.8,4475,2307.8,6,0.0,0,0.0,0,0.0,0,0.0,0,2308,28,0.0,0,0.0,0,0.0,0,0.0,0
2012-10-26T09:17:23.000,2307.8,4476,2307.8,6,0.0,0,0.0,0,0.0,0,0.0,0,2308,28,0.0,0,0.0,0,0.0,0,0.0,0
2012-10-26T09:17:23.500,2308,4486,2307.8,6,0.0,0,0.0,0,0.0,0,0.0,0,2308,21,0.0,0,0.0,0,0.0,0,0.0,0
2012-10-26T09:17:24.000,2308,4489,2307.8,6,0.0,0,0.0,0,0.0,0,0.0,0,2308,20,0.0,0,0.0,0,0.0,0,0.0,0
2012-10-26T09:17:24.500,2307.8,4491,2307.8,4,0.0,0,0.0,0,0.0,0,0.0,0,2308,20,0.0,0,0.0,0,0.0,0,0.0,0
2012-10-26T09:17:25.000,2307.8,4495,2307.6,2,0.0,0,0.0,0,0.0,0,0.0,0,2307.8,31,0.0,0,0.0,0,0.0,0,0.0,0
2012-10-26T09:17:25.500,2307.6,4498,2307.4,57,0.0,0,0.0,0,0.0,0,0.0,0,2307.6,5,0.0,0,0.0,0,0.0,0,0.0,0
2012-10-26T09:17:26.000,2307.4,4513,2307.4,42,0.0,0,0.0,0,0.0,0,0.0,0,2307.6,5,0.0,0,0.0,0,0.0,0,0.0,0
2012-10-26T09:17:26.500,2307.8,4526,2307.4,44,0.0,0,0.0,0,0.0,0,0.0,0,2307.8,27,0.0,0,0.0,0,0.0,0,0.0,0
2012-10-26T09:17:27.000,2307.8,4527,2307.6,2,0.0,0,0.0,0,0.0,0,0.0,0,2307.8,26,0.0,0,0.0,0,0.0,0,0.0,0
2012-10-26T09:17:27.500,2307.8,4536,2307.6,1,0.0,0,0.0,0,0.0,0,0.0,0,2307.8,18,0.0,0,0.0,0,0.0,0,0.0,0
2012-10-26T09:17:28.000,2307.4,4541,2307.6,13,0.0,0,0.0,0,0.0,0,0.0,0,2307.8,18,0.0,0,0.0,0,0.0,0,0.0,0
2012-10-26T09:17:28.500,2307.8,4552,2307.6,6,0.0,0,0.0,0,0.0,0,0.0,0,2307.8,19,0.0,0,0.0,0,0.0,0,0.0,0
2012-10-26T09:17:29.000,2308,4578,2307.6,2,0.0,0,0.0,0,0.0,0,0.0,0,2308,25,0.0,0,0.0,0,0.0,0,0.0,0
2012-10-26T09:17:29.500,2307.6,4581,2307.4,40,0.0,0,0.0,0,0.0,0,0.0,0,2307.6,1,0.0,0,0.0,0,0.0,0,0.0,0
2012-10-26T09:17:30.000,2307.4,4587,2307.6,1,0.0,0,0.0,0,0.0,0,0.0,0,2308,25,0.0,0,0.0,0,0.0,0,0.0,0
2012-10-26T09:17:30.500,2307.4,4591,2307.8,2,0.0,0,0.0,0,0.0,0,0.0,0,2308,25,0.0,0,0.0,0,0.0,0,0.0,0
2012-10-26T09:17:31.250,2307.8,4599,2307.6,3,0.0,0,0.0,0,0.0,0,0.0,0,2308,19,0.0,0,0.0,0,0.0,0,0.0,0
2012-10-26T09:17:32.250,2307.6,4601,2307.6,3,0.0,0,0.0,0,0.0,0,0.0,0,2308,27,0.0,0,0.0,0,0.0,0,0.0,0
2012-10-26T09:17:33.000,2307.6,4607,2307.6,14,0.0,0,0.0,0,0.0,0,0.0,0,2307.8,1,0.0,0,0.0,0,0.0,0,0.0,0
2012-10-26T09:17:33.500,2308,4609,2307.6,14,0.0,0,0.0,0,0.0,0,0.0,0,2307.8,1,0.0,0,0.0,0,0.0,0,0.0,0
2012-10-26T09:17:34.250,2307.8,4610,2307.6,14,0.0,0,0.0,0,0.0,0,0.0,0,2308,34,0.0,0,0.0,0,0.0,0,0.0,0
2012-10-26T09:17:35.000,2307.8,4613,2307.6,16,0.0,0,0.0,0,0.0,0,0.0,0,2308,36,0.0,0,0.0,0,0.0,0,0.0,0
2012-10-26T09:17:35.500,2307.8,4617,2307.8,12,0.0,0,0.0,0,0.0,0,0.0,0,2308,41,0.0,0,0.0,0,0.0,0,0.0,0
2012-10-26T09:17:36.250,2307.8,4622,2307.8,10,0.0,0,0.0,0,0.0,0,0.0,0,2308,41,0.0,0,0.0,0,0.0,0,0.0,0
2012-10-26T09:17:37.250,2307.8,4630,2307.8,8,0.0,0,0.0,0,0.0,0,0.0,0,2308,37,0.0,0,0.0,0,0.0,0,0.0,0
2012-10-26T09:17:38.250,2308,4640,2307.8,3,0.0,0,0.0,0,0.0,0,0.0,0,2308,37,0.0,0,0.0,0,0.0,0,0.0,0
2012-10-26T09:17:39.000,2307.8,4645,2307.6,39,0.0,0,0.0,0,0.0,0,0.0,0,2307.8,1,0.0,0,0.0,0,0.0,0,0.0,0
2012-10-26T09:17:39.500,2307.8,4646,2307.6,39,0.0,0,0.0,0,0.0,0,0.0,0,2308,37,0.0,0,0.0,0,0.0,0,0.0,0
2012-10-26T09:17:40.250,2307.6,4648,2307.6,38,0.0,0,0.0,0,0.0,0,0.0,0,2308,36,0.0,0,0.0,0,0.0,0,0.0,0
2012-10-26T09:17:41.250,2307.8,4649,2307.6,41,0.0,0,0.0,0,0.0,0,0.0,0,2308,37,0.0,0,0.0,0,0.0,0,0.0,0
2012-10-26T09:17:42.000,2308,4651,2307.6,42,0.0,0,0.0,0,0.0,0,0.0,0,2308,36,0.0,0,0.0,0,0.0,0,0.0,0
2012-10-26T09:17:42.500,2308,4652,2307.8,1,0.0,0,0.0,0,0.0,0,0.0,0,2308,36,0.0,0,0.0,0,0.0,0,0.0,0
2012-10-26T09:17:43.000,2308,4656,2307.6,41,0.0,0,0.0,0,0.0,0,0.0,0,2308,41,0.0,0,0.0,0,0.0,0,0.0,0
2012-10-26T09:17:43.500,2307.8,4657,2307.6,40,0.0,0,0.0,0,0.0,0,0.0,0,2307.8,1,0.0,0,0.0,0,0.0,0,0.0,0
2012-10-26T09:17:44.000,2308,4661,2307.6,41,0.0,0,0.0,0,0.0,0,0.0,0,2308,39,0.0,0,0.0,0,0.0,0,0.0,0
2012-10-26T09:17:44.500,2308,4662,2307.6,36,0.0,0,0.0,0,0.0,0,0.0,0,2308,40,0.0,0,0.0,0,0.0,0,0.0,0
2012-10-26T09:17:45.000,2308,4676,2307.6,32,0.0,0,0.0,0,0.0,0,0.0,0,2308,32,0.0,0,0.0,0,0.0,0,0.0,0
2012-10-26T09:17:45.500,2307.6,4687,2307.6,22,0.0,0,0.0,0,0.0,0,0.0,0,2307.8,3,0.0,0,0.0,0,0.0,0,0.0,0
2012-10-26T09:17:46.000,2307.6,4696,2307.6,18,0.0,0,0.0,0,0.0,0,0.0,0,2307.8,3,0.0,0,0.0,0,0.0,0,0.0,0
2012-10-26T09:17:46.500,2307.8,4698,2307.6,17,0.0,0,0.0,0,0.0,0,0.0,0,2307.8,8,0.0,0,0.0,0,0.0,0,0.0,0
2012-10-26T09:17:47.250,2307.6,4708,2307.6,11,0.0,0,0.0,0,0.0,0,0.0,0,2307.8,7,0.0,0,0.0,0,0.0,0,0.0,0
2012-10-26T09:17:48.000,2307.6,4724,2307.6,9,0.0,0,0.0,0,0.0,0,0.0,0,2307.8,3,0.0,0,0.0,0,0.0,0,0.0,0
2012-10-26T09:17:48.500,2307.6,4732,2307.6,3,0.0,0,0.0,0,0.0,0,0.0,0,2307.8,2,0.0,0,0.0,0,0.0,0,0.0,0
2012-10-26T09:17:49.250,2307.8,4734,2307.6,8,0.0,0,0.0,0,0.0,0,0.0,0,2308,29,0.0,0,0.0,0,0.0,0,0.0,0
2012-10-26T09:17:50.250,2308,4737,2307.6,8,0.0,0,0.0,0,0.0,0,0.0,0,2307.8,6,0.0,0,0.0,0,0.0,0,0.0,0
2012-10-26T09:17:51.000,2307.8,4746,2307.6,8,0.0,0,0.0,0,0.0,0,0.0,0,2308,27,0.0,0,0.0,0,0.0,0,0.0,0
2012-10-26T09:17:51.500,2308,4747,2307.8,3,0.0,0,0.0,0,0.0,0,0.0,0,2308,26,0.0,0,0.0,0,0.0,0,0.0,0
2012-10-26T09:17:52.250,2307.8,4748,2307.8,4,0.0,0,0.0,0,0.0,0,0.0,0,2308,27,0.0,0,0.0,0,0.0,0,0.0,0
2012-10-26T09:17:53.250,2307.8,4751,2307.8,11,0.0,0,0.0,0,0.0,0,0.0,0,2308,27,0.0,0,0.0,0,0.0,0,0.0,0
2012-10-26T09:17:54.250,2308,4752,2307.8,22,0.0,0,0.0,0,0.0,0,0.0,0,2308,26,0.0,0,0.0,0,0.0,0,0.0,0
2012-10-26T09:17:55.000,2307.8,4779,2307.6,9,0.0,0,0.0,0,0.0,0,0.0,0,2307.8,3,0.0,0,0.0,0,0.0,0,0.0,0
2012-10-26T09:17:55.500,2307.6,4780,2307.6,9,0.0,0,0.0,0,0.0,0,0.0,0,2307.8,3,0.0,0,0.0,0,0.0,0,0.0,0
2012-10-26T09:17:56.000,2307.8,4784,2307.6,8,0.0,0,0.0,0,0.0,0,0.0,0,2308,27,0.0,0,0.0,0,0.0,0,0.0,0
2012-10-26T09:17:56.500,2307.6,4788,2307.6,5,0.0,0,0.0,0,0.0,0,0.0,0,2308,27,0.0,0,0.0,0,0.0,0,0.0,0
2012-10-26T09:17:57.250,2308,4791,2307.6,5,0.0,0,0.0,0,0.0,0,0.0,0,2308,24,0.0,0,0.0,0,0.0,0,0.0,0
2012-10-26T09:17:58.000,2307.6,4792,2307.6,26,0.0,0,0.0,0,0.0,0,0.0,0,2308,25,0.0,0,0.0,0,0.0,0,0.0,0
2012-10-26T09:17:58.500,2307.6,4793,2307.6,26,0.0,0,0.0,0,0.0,0,0.0,0,2308,26,0.0,0,0.0,0,0.0,0,0.0,0
2012-10-26T09:17:59.000,2307.6,4794,2307.8,2,0.0,0,0.0,0,0.0,0,0.0,0,2308,26,0.0,0,0.0,0,0.0,0,0.0,0
2012-10-26T09:17:59.500,2308,4799,2307.8,2,0.0,0,0.0,0,0.0,0,0.0,0,2308,26,0.0,0,0.0,0,0.0,0,0.0,0
2012-10-26T09:18:00.250,2307.6,4804,2307.6,26,0.0,0,0.0,0,0.0,0,0.0,0,2308,27,0.0,0,0.0,0,0.0,0,0.0,0
2012-10-26T09:18:01.250,2307.8,4805,2307.6,30,0.0,0,0.0,0,0.0,0,0.0,0,2308,27,0.0,0,0.0,0,0.0,0,0.0,0
2012-10-26T09:18:02.250,2307.6,4806,2307.6,31,0.0,0,0.0,0,0.0,0,0.0,0,2308,31,0.0,0,0.0,0,0.0,0,0.0,0
2012-10-26T09:18:03.000,2308,4811,2307.6,31,0.0,0,0.0,0,0.0,0,0.0,0,2308,29,0.0,0,0.0,0,0.0,0,0.0,0
2012-10-26T09:18:03.500,2307.8,4812,2307.8,1,0.0,0,0.0,0,0.0,0,0.0,0,2308,28,0.0,0,0.0,0,0.0,0,0.0,0
2012-10-26T09:18:04.000,2308,4815,2307.6,32,0.0,0,0.0,0,0.0,0,0.0,0,2307.8,1,0.0,0,0.0,0,0.0,0,0.0,0
2012-10-26T09:18:04.500,2308,4817,2307.6,34,0.0,0,0.0,0,0.0,0,0.0,0,2308,26,0.0,0,0.0,0,0.0,0,0.0,0
2012-10-26T09:18:05.250,2307.6,4835,2307.6,16,0.0,0,0.0,0,0.0,0,0.0,0,2308,28,0.0,0,0.0,0,0.0,0,0.0,0
2012-10-26T09:18:06.000,2307.6,4838,2307.6,19,0.0,0,0.0,0,0.0,0,0.0,0,2308,28,0.0,0,0.0,0,0.0,0,0.0,0
2012-10-26T09:18:06.500,2307.6,4839,2307.6,18,0.0,0,0.0,0,0.0,0,0.0,0,2308,34,0.0,0,0.0,0,0.0,0,0.0,0
2012-10-26T09:18:07.250,2308,4840,2307.6,18,0.0,0,0.0,0,0.0,0,0.0,0,2308,33,0.0,0,0.0,0,0.0,0,0.0,0
2012-10-26T09:18:08.250,2307.6,4841,2307.6,20,0.0,0,0.0,0,0.0,0,0.0,0,2307.8,9,0.0,0,0.0,0,0.0,0,0.0,0
2012-10-26T09:18:09.000,2307.8,4842,2307.6,21,0.0,0,0.0,0,0.0,0,0.0,0,2307.8,16,0.0,0,0.0,0,0.0,0,0.0,0
2012-10-26T09:18:09.500,2307.8,4847,2307.6,19,0.0,0,0.0,0,0.0,0,0.0,0,2307.8,16,0.0,0,0.0,0,0.0,0,0.0,0
2012-10-26T09:18:10.000,2307.6,4855,2307.6,13,0.0,0,0.0,0,0.0,0,0.0,0,2307.8,14,0.0,0,0.0,0,0.0,0,0.0,0
2012-10-26T09:18:10.500,2307.8,4863,2307.6,8,0.0,0,0.0,0,0.0,0,0.0,0,2307.8,13,0.0,0,0.0,0,0.0,0,0.0,0
2012-10-26T09:18:11.000,2307.8,4866,2307.6,7,0.0,0,0.0,0,0.0,0,0.0,0,2307.8,12,0.0,0,0.0,0,0.0,0,0.0,0
2012-10-26T09:18:11.500,2307.6,4876,2307.4,64,0.0,0,0.0,0,0.0,0,0.0,0,2307.6,6,0.0,0,0.0,0,0.0,0,0.0,0
2012-10-26T09:18:12.000,2307.6,4888,2307.4,52,0.0,0,0.0,0,0.0,0,0.0,0,2307.6,4,0.0,0,0.0,0,0.0,0,0.0,0
2012-10-26T09:18:12.500,2307.6,4892,2307.6,1,0.0,0,0.0,0,0.0,0,0.0,0,2307.8,17,0.0,0,0.0,0,0.0,0,0.0,0
2012-10-26T09:18:13.000,2307.6,4893,2307.4,52,0.0,0,0.0,0,0.0,0,0.0,0,2307.8,18,0.0,0,0.0,0,0.0,0,0.0,0
2012-10-26T09:18:13.500,2307.6,4899,2307.4,52,0.0,0,0.0,0,0.0,0,0.0,0,2307.8,13,0.0,0,0.0,0,0.0,0,0.0,0
2012-10-26T09:18:14.250,2307.6,4900,2307.6,2,0.0,0,0.0,0,0.0,0,0.0,0,2307.8,16,0.0,0,0.0,0,0.0,0,0.0,0
2012-10-26T09:18:15.250,2307.4,4906,2307.4,48,0.0,0,0.0,0,0.0,0,0.0,0,2307.8,17,0.0,0,0.0,0,0.0,0,0.0,0
2012-10-26T09:18:16.000,2307.6,4910,2307.4,47,0.0,0,0.0,0,0.0,0,0.0,0,2307.8,17,0.0,0,0.0,0,0.0,0,0.0,0
2012-10-26T09:18:16.500,2307.4,4912,2307.4,45,0.0,0,0.0,0,0.0,0,0.0,0,2307.8,18,0.0,0,0.0,0,0.0,0,0.0,0
2012-10-26T09:18:17.250,2307.4,4916,2307.4,42,0.0,0,0.0,0,0.0,0,0.0,0,2307.6,2,0.0,0,0.0,0,0.0,0,0.0,0
2012-10-26T09:18:18.000,2307.4,4922,2307.4,36,0.0,0,0.0,0,0.0,0,0.0,0,2307.6,2,0.0,0,0.0,0,0.0,0,0.0,0
2012-10-26T09:18:18.500,2307.8,4926,2307.4,36,0.0,0,0.0,0,0.0,0,0.0,0,2307.8,15,0.0,0,0.0,0,0.0,0,0.0,0
2012-10-26T09:18:19.000,2307.4,4930,2307.4,32,0.0,0,0.0,0,0.0,0,0.0,0,2307.8,17,0.0,0,0.0,0,0.0,0,0.0,0
2012-10-26T09:18:19.500,2307.4,4933,2307.6,13,0.0,0,0.0,0,0.0,0,0.0,0,2307.8,18,0.0,0,0.0,0,0.0,0,0.0,0
2012-10-26T09:18:21.000,2307.6,4938,2307.6,8,0.0,0,0.0,0,0.0,0,0.0,0,2307.8,18,0.0,0,0.0,0,0.0,0,0.0,0
2012-10-26T09:18:21.500,2307.6,4940,2307.6,7,0.0,0,0.0,0,0.0,0,0.0,0,2307.8,17,0.0,0,0.0,0,0.0,0,0.0,0
2012-10-26T09:18:22.250,2307.6,4941,2307.6,6,0.0,0,0.0,0,0.0,0,0.0,0,2307.8,17,0.0,0,0.0,0,0.0,0,0.0,0
2012-10-26T09:18:23.000,2307.6,4946,2307.6,5,0.0,0,0.0,0,0.0,0,0.0,0,2307.8,15,0.0,0,0.0,0,0.0,0,0.0,0
2012-10-26T09:18:23.500,2307.8,4947,2307.6,5,0.0,0,0.0,0,0.0,0,0.0,0,2307.8,14,0.0,0,0.0,0,0.0,0,0.0,0
2012-10-26T09:18:24.000,2307.6,4954,2307.4,35,0.0,0,0.0,0,0.0,0,0.0,0,2307.6,1,0.0,0,0.0,0,0.0,0,0.0,0
2012-10-26T09:18:24.500,2307.8,4961,2307.6,1,0.0,0,0.0,0,0.0,0,0.0,0,2307.8,12,0.0,0,0.0,0,0.0,0,0.0,0
2012-10-26T09:18:25.000,2307.6,4963,2307.6,4,0.0,0,0.0,0,0.0,0,0.0,0,2307.8,15,0.0,0,0.0,0,0.0,0,0.0,0
2012-10-26T09:18:25.500,2307.6,4966,2307.6,1,0.0,0,0.0,0,0.0,0,0.0,0,2307.8,14,0.0,0,0.0,0,0.0,0,0.0,0
2012-10-26T09:18:26.000,2307.6,4968,2307.4,36,0.0,0,0.0,0,0.0,0,0.0,0,2307.6,5,0.0,0,0.0,0,0.0,0,0.0,0
2012-10-26T09:18:26.500,2307.6,4971,2307.4,36,0.0,0,0.0,0,0.0,0,0.0,0,2307.6,3,0.0,0,0.0,0,0.0,0,0.0,0
2012-10-26T09:18:27.250,2307.6,4973,2307.4,37,0.0,0,0.0,0,0.0,0,0.0,0,2307.6,9,0.0,0,0.0,0,0.0,0,0.0,0
2012-10-26T09:18:28.000,2307.6,4977,2307.4,34,0.0,0,0.0,0,0.0,0,0.0,0,2307.6,12,0.0,0,0.0,0,0.0,0,0.0,0
2012-10-26T09:18:28.500,2307.6,4987,2307.4,33,0.0,0,0.0,0,0.0,0,0.0,0,2307.6,4,0.0,0,0.0,0,0.0,0,0.0,0
2012-10-26T09:18:29.000,2307.6,4992,2307.4,31,0.0,0,0.0,0,0.0,0,0.0,0,2307.6,2,0.0,0,0.0,0,0.0,0,0.0,0
2012-10-26T09:18:29.500,2307.6,4996,2307.6,6,0.0,0,0.0,0,0.0,0,0.0,0,2307.8,27,0.0,0,0.0,0,0.0,0,0.0,0
2012-10-26T09:18:30.250,2307.6,4997,2307.6,5,0.0,0,0.0,0,0.0,0,0.0,0,2307.8,27,0.0,0,0.0,0,0.0,0,0.0,0
2012-10-26T09:18:31.000,2307.6,4998,2307.6,5,0.0,0,0.0,0,0.0,0,0.0,0,2307.8,28,0.0,0,0.0,0,0.0,0,0.0,0
2012-10-26T09:18:31.500,2307.8,5001,2307.6,4,0.0,0,0.0,0,0.0,0,0.0,0,2307.8,26,0.0,0,0.0,0,0.0,0,0.0,0
2012-10-26T09:18:33.000,2307.6,5002,2307.6,6,0.0,0,0.0,0,0.0,0,0.0,0,2307.8,31,0.0,0,0.0,0,0.0,0,0.0,0
2012-10-26T09:18:33.500,2307.8,5006,2307.6,4,0.0,0,0.0,0,0.0,0,0.0,0,2307.8,29,0.0,0,0.0,0,0.0,0,0.0,0
2012-10-26T09:18:34.250,2307.8,5007,2307.6,7,0.0,0,0.0,0,0.0,0,0.0,0,2307.8,28,0.0,0,0.0,0,0.0,0,0.0,0
2012-10-26T09:18:35.250,2307.6,5009,2307.6,9,0.0,0,0.0,0,0.0,0,0.0,0,2307.8,28,0.0,0,0.0,0,0.0,0,0.0,0
2012-10-26T09:18:36.000,2307.6,5010,2307.6,12,0.0,0,0.0,0,0.0,0,0.0,0,2307.8,28,0.0,0,0.0,0,0.0,0,0.0,0
2012-10-26T09:18:36.500,2307.8,5030,2307.6,12,0.0,0,0.0,0,0.0,0,0.0,0,2307.8,9,0.0,0,0.0,0,0.0,0,0.0,0
2012-10-26T09:18:37.250,2307.8,5033,2307.6,11,0.0,0,0.0,0,0.0,0,0.0,0,2307.8,6,0.0,0,0.0,0,0.0,0,0.0,0
2012-10-26T09:18:38.000,2307.6,5039,2307.6,10,0.0,0,0.0,0,0.0,0,0.0,0,2307.8,1,0.0,0,0.0,0,0.0,0,0.0,0
2012-10-26T09:18:38.500,2307.6,5040,2307.6,9,0.0,0,0.0,0,0.0,0,0.0,0,2307.8,1,0.0,0,0.0,0,0.0,0,0.0,0
2012-10-26T09:18:39.000,2307.6,5044,2307.6,7,0.0,0,0.0,0,0.0,0,0.0,0,2308,84,0.0,0,0.0,0,0.0,0,0.0,0
2012-10-26T09:18:39.500,2307.8,5047,2307.6,7,0.0,0,0.0,0,0.0,0,0.0,0,2308,86,0.0,0,0.0,0,0.0,0,0.0,0
2012-10-26T09:18:40.000,2308,5059,2307.4,47,0.0,0,0.0,0,0.0,0,0.0,0,2308,84,0.0,0,0.0,0,0.0,0,0.0,0
2012-10-26T09:18:40.500,2308,5060,2307.4,47,0.0,0,0.0,0,0.0,0,0.0,0,2308,83,0.0,0,0.0,0,0.0,0,0.0,0
2012-10-26T09:18:41.000,2308,5064,2307.6,1,0.0,0,0.0,0,0.0,0,0.0,0,2307.8,5,0.0,0,0.0,0,0.0,0,0.0,0
2012-10-26T09:18:41.500,2307.8,5069,2307.6,1,0.0,0,0.0,0,0.0,0,0.0,0,2307.8,3,0.0,0,0.0,0,0.0,0,0.0,0
2012-10-26T09:18:42.000,2307.6,5070,2307.6,5,0.0,0,0.0,0,0.0,0,0.0,0,2307.8,10,0.0,0,0.0,0,0.0,0,0.0,0
2012-10-26T09:18:42.500,2307.6,5079,2307.4,49,0.0,0,0.0,0,0.0,0,0.0,0,2307.6,9,0.0,0,0.0,0,0.0,0,0.0,0
2012-10-26T09:18:43.000,2307.6,5081,2307.4,50,0.0,0,0.0,0,0.0,0,0.0,0,2307.6,7,0.0,0,0.0,0,0.0,0,0.0,0
2012-10-26T09:18:43.500,2307.6,5082,2307.4,50,0.0,0,0.0,0,0.0,0,0.0,0,2307.6,6,0.0,0,0.0,0,0.0,0,0.0,0
2012-10-26T09:18:44.000,2307.6,5083,2307.4,50,0.0,0,0.0,0,0.0,0,0.0,0,2307.6,5,0.0,0,0.0,0,0.0,0,0.0,0
2012-10-26T09:18:44.500,2307.6,5085,2307.4,50,0.0,0,0.0,0,0.0,0,0.0,0,2307.6,5,0.0,0,0.0,0,0.0,0,0.0,0
2012-10-26T09:18:45.250,2307.6,5088,2307.4,51,0.0,0,0.0,0,0.0,0,0.0,0,2307.6,8,0.0,0,0.0,0,0.0,0,0.0,0
2012-10-26T09:18:46.000,2307.4,5091,2307.4,51,0.0,0,0.0,0,0.0,0,0.0,0,2307.6,7,0.0,0,0.0,0,0.0,0,0.0,0
2012-10-26T09:18:46.500,2307.6,5092,2307.4,52,0.0,0,0.0,0,0.0,0,0.0,0,2307.6,6,0.0,0,0.0,0,0.0,0,0.0,0
2012-10-26T09:18:47.250,2307.6,5099,2307.4,52,0.0,0,0.0,0,0.0,0,0.0,0,2307.6,1,0.0,0,0.0,0,0.0,0,0.0,0
2012-10-26T09:18:48.000,2307.6,5100,2307.4,52,0.0,0,0.0,0,0.0,0,0.0,0,2307.6,2,0.0,0,0.0,0,0.0,0,0.0,0
2012-10-26T09:18:48.500,2307.6,5102,2307.4,51,0.0,0,0.0,0,0.0,0,0.0,0,2307.6,7,0.0,0,0.0,0,0.0,0,0.0,0
2012-10-26T09:18:49.000,2307.6,5103,2307.4,51,0.0,0,0.0,0,0.0,0,0.0,0,2307.6,6,0.0,0,0.0,0,0.0,0,0.0,0
2012-10-26T09:18:49.500,2307.4,5106,2307.4,49,0.0,0,0.0,0,0.0,0,0.0,0,2307.6,6,0.0,0,0.0,0,0.0,0,0.0,0
2012-10-26T09:18:50.000,2307.6,5108,2307.4,49,0.0,0,0.0,0,0.0,0,0.0,0,2307.6,4,0.0,0,0.0,0,0.0,0,0.0,0
2012-10-26T09:18:50.500,2307.6,5113,2307.4,43,0.0,0,0.0,0,0.0,0,0.0,0,2307.6,2,0.0,0,0.0,0,0.0,0,0.0,0
2012-10-26T09:18:51.000,2307.4,5114,2307.4,42,0.0,0,0.0,0,0.0,0,0.0,0,2307.6,2,0.0,0,0.0,0,0.0,0,0.0,0
2012-10-26T09:18:51.500,2307.4,5117,2307.4,39,0.0,0,0.0,0,0.0,0,0.0,0,2307.6,2,0.0,0,0.0,0,0.0,0,0.0,0
2012-10-26T09:18:52.000,2307.6,5145,2307.4,12,0.0,0,0.0,0,0.0,0,0.0,0,2307.6,5,0.0,0,0.0,0,0.0,0,0.0,0
2012-10-26T09:18:52.500,2307.6,5149,2307.4,12,0.0,0,0.0,0,0.0,0,0.0,0,2307.6,7,0.0,0,0.0,0,0.0,0,0.0,0
2012-10-26T09:18:53.250,2307.4,5150,2307.4,12,0.0,0,0.0,0,0.0,0,0.0,0,2307.6,11,0.0,0,0.0,0,0.0,0,0.0,0
2012-10-26T09:18:54.250,2307.6,5151,2307.4,13,0.0,0,0.0,0,0.0,0,0.0,0,2307.6,14,0.0,0,0.0,0,0.0,0,0.0,0
2012-10-26T09:18:55.250,2307.4,5152,2307.4,12,0.0,0,0.0,0,0.0,0,0.0,0,2307.6,15,0.0,0,0.0,0,0.0,0,0.0,0
2012-10-26T09:18:56.000,2307.6,5154,2307.4,14,0.0,0,0.0,0,0.0,0,0.0,0,2307.6,11,0.0,0,0.0,0,0.0,0,0.0,0
2012-10-26T09:18:56.500,2307.4,5158,2307.4,15,0.0,0,0.0,0,0.0,0,0.0,0,2307.6,11,0.0,0,0.0,0,0.0,0,0.0,0
2012-10-26T09:18:57.000,2307.6,5173,2307.6,9,0.0,0,0.0,0,0.0,0,0.0,0,2307.8,13,0.0,0,0.0,0,0.0,0,0.0,0
2012-10-26T09:18:57.500,2307.6,5186,2307.4,9,0.0,0,0.0,0,0.0,0,0.0,0,2307.8,13,0.0,0,0.0,0,0.0,0,0.0,0
2012-10-26T09:18:58.000,2307.4,5187,2307.6,2,0.0,0,0.0,0,0.0,0,0.0,0,2307.8,13,0.0,0,0.0,0,0.0,0,0.0,0
2012-10-26T09:18:58.500,2307.8,5188,2307.6,3,0.0,0,0.0,0,0.0,0,0.0,0,2307.8,12,0.0,0,0.0,0,0.0,0,0.0,0
2012-10-26T09:18:59.250,2307.8,5200,2307.8,13,0.0,0,0.0,0,0.0,0,0.0,0,2308,91,0.0,0,0.0,0,0.0,0,0.0,0
2012-10-26T09:19:00.000,2307.8,5201,2307.8,12,0.0,0,0.0,0,0.0,0,0.0,0,2308,91,0.0,0,0.0,0,0.0,0,0.0,0
2012-10-26T09:19:00.500,2308,5202,2307.8,12,0.0,0,0.0,0,0.0,0,0.0,0,2308,90,0.0,0,0.0,0,0.0,0,0.0,0
2012-10-26T09:19:01.000,2307.8,5212,2307.8,9,0.0,0,0.0,0,0.0,0,0.0,0,2308,83,0.0,0,0.0,0,0.0,0,0.0,0
2012-10-26T09:19:01.500,2307.8,5221,2307.6,4,0.0,0,0.0,0,0.0,0,0.0,0,2307.8,7,0.0,0,0.0,0,0.0,0,0.0,0
2012-10-26T09:19:02.000,2308,5249,2307.6,6,0.0,0,0.0,0,0.0,0,0.0,0,2308,62,0.0,0,0.0,0,0.0,0,0.0,0
2012-10-26T09:19:02.500,2307.8,5250,2307.6,6,0.0,0,0.0,0,0.0,0,0.0,0,2307.8,2,0.0,0,0.0,0,0.0,0,0.0,0
2012-10-26T09:19:03.250,2307.8,5251,2307.6,14,0.0,0,0.0,0,0.0,0,0.0,0,2307.8,1,0.0,0,0.0,0,0.0,0,0.0,0
2012-10-26T09:19:04.000,2307.8,5252,2307.6,14,0.0,0,0.0,0,0.0,0,0.0,0,2307.8,3,0.0,0,0.0,0,0.0,0,0.0,0
2012-10-26T09:19:04.500,2307.8,5253,2307.6,15,0.0,0,0.0,0,0.0,0,0.0,0,2307.8,3,0.0,0,0.0,0,0.0,0,0.0,0
2012-10-26T09:19:05.000,2307.8,5255,2307.6,16,0.0,0,0.0,0,0.0,0,0.0,0,2307.8,3,0.0,0,0.0,0,0.0,0,0.0,0
2012-10-26T09:19:05.500,2307.8,5258,2307.6,17,0.0,0,0.0,0,0.0,0,0.0,0,2308,62,0.0,0,0.0,0,0.0,0,0.0,0
2012-10-26T09:19:06.000,2308,5262,2307.8,1,0.0,0,0.0,0,0.0,0,0.0,0,2308,59,0.0,0,0.0,0,0.0,0,0.0,0
2012-10-26T09:19:06.500,2307.8,5264,2307.6,27,0.0,0,0.0,0,0.0,0,0.0,0,2308,59,0.0,0,0.0,0,0.0,0,0.0,0
2012-10-26T09:19:07.250,2308,5267,2307.8,4,0.0,0,0.0,0,0.0,0,0.0,0,2308,58,0.0,0,0.0,0,0.0,0,0.0,0
2012-10-26T09:19:08.000,2307.8,5271,2307.8,5,0.0,0,0.0,0,0.0,0,0.0,0,2308,59,0.0,0,0.0,0,0.0,0,0.0,0
2012-10-26T09:19:08.500,2307.8,5273,2307.8,3,0.0,0,0.0,0,0.0,0,0.0,0,2308,60,0.0,0,0.0,0,0.0,0,0.0,0
2012-10-26T09:19:09.000,2308,5274,2307.8,3,0.0,0,0.0,0,0.0,0,0.0,0,2308,59,0.0,0,0.0,0,0.0,0,0.0,0
2012-10-26T09:19:09.500,2308,5279,2307.8,3,0.0,0,0.0,0,0.0,0,0.0,0,2308,54,0.0,0,0.0,0,0.0,0,0.0,0
2012-10-26T09:19:11.000,2308,5288,2307.8,8,0.0,0,0.0,0,0.0,0,0.0,0,2308,53,0.0,0,0.0,0,0.0,0,0.0,0
2012-10-26T09:19:11.500,2308,5289,2307.8,8,0.0,0,0.0,0,0.0,0,0.0,0,2308,53,0.0,0,0.0,0,0.0,0,0.0,0
2012-10-26T09:19:12.250,2308,5291,2307.8,9,0.0,0,0.0,0,0.0,0,0.0,0,2308,51,0.0,0,0.0,0,0.0,0,0.0,0
2012-10-26T09:19:13.000,2307.8,5292,2307.8,11,0.0,0,0.0,0,0.0,0,0.0,0,2308,51,0.0,0,0.0,0,0.0,0,0.0,0
2012-10-26T09:19:13.500,2308,5294,2307.8,12,0.0,0,0.0,0,0.0,0,0.0,0,2308,49,0.0,0,0.0,0,0.0,0,0.0,0
2012-10-26T09:19:14.000,2308,5316,2307.8,6,0.0,0,0.0,0,0.0,0,0.0,0,2308,33,0.0,0,0.0,0,0.0,0,0.0,0
2012-10-26T09:19:14.500,2308,5343,2307.8,16,0.0,0,0.0,0,0.0,0,0.0,0,2308,7,0.0,0,0.0,0,0.0,0,0.0,0
2012-10-26T09:19:15.250,2308,5379,2308,25,0.0,0,0.0,0,0.0,0,0.0,0,2308.2,13,0.0,0,0.0,0,0.0,0,0.0,0
2012-10-26T09:19:16.000,2308.2,5391,2308,37,0.0,0,0.0,0,0.0,0,0.0,0,2308.4,36,0.0,0,0.0,0,0.0,0,0.0,0
2012-10-26T09:19:16.500,2308.4,5393,2308.2,1,0.0,0,0.0,0,0.0,0,0.0,0,2308.4,34,0.0,0,0.0,0,0.0,0,0.0,0
2012-10-26T09:19:17.000,2308.2,5396,2308.2,4,0.0,0,0.0,0,0.0,0,0.0,0,2308.4,32,0.0,0,0.0,0,0.0,0,0.0,0
2012-10-26T09:19:17.500,2308.4,5403,2308.2,1,0.0,0,0.0,0,0.0,0,0.0,0,2308.4,27,0.0,0,0.0,0,0.0,0,0.0,0
2012-10-26T09:19:18.000,2308.2,5409,2308,39,0.0,0,0.0,0,0.0,0,0.0,0,2308.4,24,0.0,0,0.0,0,0.0,0,0.0,0
2012-10-26T09:19:18.500,2308.4,5410,2308,39,0.0,0,0.0,0,0.0,0,0.0,0,2308.4,24,0.0,0,0.0,0,0.0,0,0.0,0
2012-10-26T09:19:19.000,2308.4,5412,2308.2,1,0.0,0,0.0,0,0.0,0,0.0,0,2308.4,24,0.0,0,0.0,0,0.0,0,0.0,0
2012-10-26T09:19:19.500,2308.2,5424,2308,39,0.0,0,0.0,0,0.0,0,0.0,0,2308.4,15,0.0,0,0.0,0,0.0,0,0.0,0
2012-10-26T09:19:20.000,2308.4,5427,2308,40,0.0,0,0.0,0,0.0,0,0.0,0,2308.2,1,0.0,0,0.0,0,0.0,0,0.0,0
2012-10-26T09:19:20.500,2308,5432,2308,37,0.0,0,0.0,0,0.0,0,0.0,0,2308.4,12,0.0,0,0.0,0,0.0,0,0.0,0
2012-10-26T09:19:22.000,2308.4,5445,2308.4,1,0.0,0,0.0,0,0.0,0,0.0,0,2308.6,75,0.0,0,0.0,0,0.0,0,0.0,0
2012-10-26T09:19:22.500,2308.6,5450,2308.2,4,0.0,0,0.0,0,0.0,0,0.0,0,2308.6,79,0.0,0,0.0,0,0.0,0,0.0,0
2012-10-26T09:19:23.000,2308.2,5452,2308.2,3,0.0,0,0.0,0,0.0,0,0.0,0,2308.6,87,0.0,0,0.0,0,0.0,0,0.0,0
2012-10-26T09:19:23.500,2308.6,5453,2308.2,8,0.0,0,0.0,0,0.0,0,0.0,0,2308.4,1,0.0,0,0.0,0,0.0,0,0.0,0
2012-10-26T09:19:24.000,2308.6,5461,2308.2,9,0.0,0,0.0,0,0.0,0,0.0,0,2308.6,83,0.0,0,0.0,0,0.0,0,0.0,0
2012-10-26T09:19:24.500,2308.2,5468,2308.2,5,0.0,0,0.0,0,0.0,0,0.0,0,2308.6,82,0.0,0,0.0,0,0.0,0,0.0,0
2012-10-26T09:19:25.000,2308.6,5501,2308.2,27,0.0,0,0.0,0,0.0,0,0.0,0,2308.6,49,0.0,0,0.0,0,0.0,0,0.0,0
2012-10-26T09:19:25.500,2308.6,5507,2308.2,27,0.0,0,0.0,0,0.0,0,0.0,0,2308.6,46,0.0,0,0.0,0,0.0,0,0.0,0
2012-10-26T09:19:26.000,2308.6,5513,2308.2,27,0.0,0,0.0,0,0.0,0,0.0,0,2308.6,42,0.0,0,0.0,0,0.0,0,0.0,0
2012-10-26T09:19:26.500,2308.2,5514,2308.2,26,0.0,0,0.0,0,0.0,0,0.0,0,2308.6,45,0.0,0,0.0,0,0.0,0,0.0,0
2012-10-26T09:19:27.000,2308.6,5518,2308.2,28,0.0,0,0.0,0,0.0,0,0.0,0,2308.6,41,0.0,0,0.0,0,0.0,0,0.0,0
2012-10-26T09:19:27.500,2308.6,5520,2308.2,30,0.0,0,0.0,0,0.0,0,0.0,0,2308.6,40,0.0,0,0.0,0,0.0,0,0.0,0
2012-10-26T09:19:28.000,2308.6,5524,2308.2,32,0.0,0,0.0,0,0.0,0,0.0,0,2308.4,63,0.0,0,0.0,0,0.0,0,0.0,0
2012-10-26T09:19:28.500,2308.4,5529,2308.2,31,0.0,0,0.0,0,0.0,0,0.0,0,2308.4,59,0.0,0,0.0,0,0.0,0,0.0,0
2012-10-26T09:19:29.000,2308.2,5575,2308.2,27,0.0,0,0.0,0,0.0,0,0.0,0,2308.4,25,0.0,0,0.0,0,0.0,0,0.0,0
2012-10-26T09:19:29.500,2308.4,5586,2308.2,27,0.0,0,0.0,0,0.0,0,0.0,0,2308.4,20,0.0,0,0.0,0,0.0,0,0.0,0
2012-10-26T09:19:30.000,2308.4,5590,2308.2,28,0.0,0,0.0,0,0.0,0,0.0,0,2308.4,22,0.0,0,0.0,0,0.0,0,0.0,0
2012-10-26T09:19:30.500,2308.2,5591,2308.2,31,0.0,0,0.0,0,0.0,0,0.0,0,2308.4,22,0.0,0,0.0,0,0.0,0,0.0,0
2012-10-26T09:19:31.000,2308.4,5599,2308.2,30,0.0,0,0.0,0,0.0,0,0.0,0,2308.4,15,0.0,0,0.0,0,0.0,0,0.0,0
2012-10-26T09:19:31.500,2308.4,5609,2308.2,24,0.0,0,0.0,0,0.0,0,0.0,0,2308.4,12,0.0,0,0.0,0,0.0,0,0.0,0
2012-10-26T09:19:32.000,2308.4,5619,2308.2,22,0.0,0,0.0,0,0.0,0,0.0,0,2308.4,5,0.0,0,0.0,0,0.0,0,0.0,0
2012-10-26T09:19:32.500,2308.2,5623,2308.2,19,0.0,0,0.0,0,0.0,0,0.0,0,2308.4,6,0.0,0,0.0,0,0.0,0,0.0,0
2012-10-26T09:19:33.000,2308.4,5628,2308.2,16,0.0,0,0.0,0,0.0,0,0.0,0,2308.4,10,0.0,0,0.0,0,0.0,0,0.0,0
2012-10-26T09:19:33.500,2308.4,5634,2308.2,16,0.0,0,0.0,0,0.0,0,0.0,0,2308.4,6,0.0,0,0.0,0,0.0,0,0.0,0
2012-10-26T09:19:34.000,2308.4,5649,2308.2,2,0.0,0,0.0,0,0.0,0,0.0,0,2308.4,8,0.0,0,0.0,0,0.0,0,0.0,0
2012-10-26T09:19:34.500,2308.4,5660,2308.2,16,0.0,0,0.0,0,0.0,0,0.0,0,2308.4,1,0.0,0,0.0,0,0.0,0,0.0,0
2012-10-26T09:19:35.000,2308.4,5662,2308.2,20,0.0,0,0.0,0,0.0,0,0.0,0,2308.6,36,0.0,0,0.0,0,0.0,0,0.0,0
2012-10-26T09:19:35.500,2308.6,5671,2308.2,20,0.0,0,0.0,0,0.0,0,0.0,0,2308.6,27,0.0,0,0.0,0,0.0,0,0.0,0
2012-10-26T09:19:36.000,2308.4,5674,2308.4,8,0.0,0,0.0,0,0.0,0,0.0,0,2308.6,26,0.0,0,0.0,0,0.0,0,0.0,0
2012-10-26T09:19:36.500,2308.6,5679,2308.4,11,0.0,0,0.0,0,0.0,0,0.0,0,2308.6,21,0.0,0,0.0,0,0.0,0,0.0,0
2012-10-26T09:19:37.000,2308.6,5697,2308.4,24,0.0,0,0.0,0,0.0,0,0.0,0,2308.6,7,0.0,0,0.0,0,0.0,0,0.0,0
2012-10-26T09:19:37.500,2308.6,5710,2308.4,27,0.0,0,0.0,0,0.0,0,0.0,0,2308.8,151,0.0,0,0.0,0,0.0,0,0.0,0
2012-10-26T09:19:38.000,2308.4,5717,2308.6,1,0.0,0,0.0,0,0.0,0,0.0,0,2308.8,151,0.0,0,0.0,0,0.0,0,0.0,0
2012-10-26T09:19:38.500,2308.6,5722,2308.4,27,0.0,0,0.0,0,0.0,0,0.0,0,2308.6,6,0.0,0,0.0,0,0.0,0,0.0,0
2012-10-26T09:19:39.000,2308.6,5726,2308.4,27,0.0,0,0.0,0,0.0,0,0.0,0,2308.6,16,0.0,0,0.0,0,0.0,0,0.0,0
2012-10-26T09:19:39.500,2308.6,5731,2308.4,27,0.0,0,0.0,0,0.0,0,0.0,0,2308.6,22,0.0,0,0.0,0,0.0,0,0.0,0
2012-10-26T09:19:40.000,2308.6,5740,2308.4,18,0.0,0,0.0,0,0.0,0,0.0,0,2308.6,28,0.0,0,0.0,0,0.0,0,0.0,0
2012-10-26T09:19:40.500,2308.4,5749,2308.4,10,0.0,0,0.0,0,0.0,0,0.0,0,2308.6,27,0.0,0,0.0,0,0.0,0,0.0,0
2012-10-26T09:19:41.000,2308.4,5755,2308.4,9,0.0,0,0.0,0,0.0,0,0.0,0,2308.6,84,0.0,0,0.0,0,0.0,0,0.0,0
2012-10-26T09:19:41.500,2308.4,5764,2308.2,30,0.0,0,0.0,0,0.0,0,0.0,0,2308.4,6,0.0,0,0.0,0,0.0,0,0.0,0
2012-10-26T09:19:42.000,2308.2,5797,2308,29,0.0,0,0.0,0,0.0,0,0.0,0,2308.2,1,0.0,0,0.0,0,0.0,0,0.0,0
2012-10-26T09:19:42.500,2308.2,5825,2308.2,1,0.0,0,0.0,0,0.0,0,0.0,0,2308.4,15,0.0,0,0.0,0,0.0,0,0.0,0
2012-10-26T09:19:43.000,2308.2,5828,2308,21,0.0,0,0.0,0,0.0,0,0.0,0,2308.4,14,0.0,0,0.0,0,0.0,0,0.0,0
2012-10-26T09:19:43.500,2308.4,5832,2308.2,1,0.0,0,0.0,0,0.0,0,0.0,0,2308.4,29,0.0,0,0.0,0,0.0,0,0.0,0
2012-10-26T09:19:44.250,2308.2,5833,2308.2,4,0.0,0,0.0,0,0.0,0,0.0,0,2308.4,32,0.0,0,0.0,0,0.0,0,0.0,0
2012-10-26T09:19:45.000,2308.4,5835,2308.2,6,0.0,0,0.0,0,0.0,0,0.0,0,2308.4,30,0.0,0,0.0,0,0.0,0,0.0,0
2012-10-26T09:19:45.500,2308.4,5839,2308.2,8,0.0,0,0.0,0,0.0,0,0.0,0,2308.4,27,0.0,0,0.0,0,0.0,0,0.0,0
2012-10-26T09:19:46.000,2308.4,5850,2308.2,13,0.0,0,0.0,0,0.0,0,0.0,0,2308.4,17,0.0,0,0.0,0,0.0,0,0.0,0
2012-10-26T09:19:46.500,2308.4,5851,2308.2,14,0.0,0,0.0,0,0.0,0,0.0,0,2308.4,18,0.0,0,0.0,0,0.0,0,0.0,0
2012-10-26T09:19:47.000,2308.2,5852,2308.2,21,0.0,0,0.0,0,0.0,0,0.0,0,2308.4,18,0.0,0,0.0,0,0.0,0,0.0,0
2012-10-26T09:19:47.500,2308.2,5861,2308.2,12,0.0,0,0.0,0,0.0,0,0.0,0,2308.4,18,0.0,0,0.0,0,0.0,0,0.0,0
2012-10-26T09:19:48.000,2308.4,5864,2308.2,13,0.0,0,0.0,0,0.0,0,0.0,0,2308.4,15,0.0,0,0.0,0,0.0,0,0.0,0
2012-10-26T09:19:48.500,2308.4,5867,2308.2,11,0.0,0,0.0,0,0.0,0,0.0,0,2308.4,14,0.0,0,0.0,0,0.0,0,0.0,0
2012-10-26T09:19:49.250,2308.2,5868,2308.2,12,0.0,0,0.0,0,0.0,0,0.0,0,2308.4,14,0.0,0,0.0,0,0.0,0,0.0,0
2012-10-26T09:19:50.000,2308.4,5888,2308.2,3,0.0,0,0.0,0,0.0,0,0.0,0,2308.4,15,0.0,0,0.0,0,0.0,0,0.0,0
2012-10-26T09:19:50.500,2308.2,5894,2308,25,0.0,0,0.0,0,0.0,0,0.0,0,2308.2,1,0.0,0,0.0,0,0.0,0,0.0,0
2012-10-26T09:19:51.000,2308.2,5903,2308.2,3,0.0,0,0.0,0,0.0,0,0.0,0,2308.4,21,0.0,0,0.0,0,0.0,0,0.0,0
2012-10-26T09:19:51.500,2308.4,5904,2308.2,9,0.0,0,0.0,0,0.0,0,0.0,0,2308.4,20,0.0,0,0.0,0,0.0,0,0.0,0
2012-10-26T09:19:52.000,2308.4,5909,2308.2,9,0.0,0,0.0,0,0.0,0,0.0,0,2308.4,20,0.0,0,0.0,0,0.0,0,0.0,0
2012-10-26T09:19:52.500,2308.2,5912,2308.2,8,0.0,0,0.0,0,0.0,0,0.0,0,2308.4,20,0.0,0,0.0,0,0.0,0,0.0,0
2012-10-26T09:19:53.000,2308.4,5915,2308.2,7,0.0,0,0.0,0,0.0,0,0.0,0,2308.4,18,0.0,0,0.0,0,0.0,0,0.0,0
2012-10-26T09:19:53.500,2308.4,5917,2308.2,8,0.0,0,0.0,0,0.0,0,0.0,0,2308.4,23,0.0,0,0.0,0,0.0,0,0.0,0
2012-10-26T09:19:54.000,2308.4,5923,2308.2,12,0.0,0,0.0,0,0.0,0,0.0,0,2308.4,22,0.0,0,0.0,0,0.0,0,0.0,0
2012-10-26T09:19:54.500,2308.4,5931,2308.2,6,0.0,0,0.0,0,0.0,0,0.0,0,2308.4,22,0.0,0,0.0,0,0.0,0,0.0,0
2012-10-26T09:19:55.000,2308.4,5941,2308.2,5,0.0,0,0.0,0,0.0,0,0.0,0,2308.4,13,0.0,0,0.0,0,0.0,0,0.0,0
2012-10-26T09:19:55.500,2308.2,5947,2308,20,0.0,0,0.0,0,0.0,0,0.0,0,2308.4,15,0.0,0,0.0,0,0.0,0,0.0,0
2012-10-26T09:19:56.250,2308,5950,2308,22,0.0,0,0.0,0,0.0,0,0.0,0,2308.4,16,0.0,0,0.0,0,0.0,0,0.0,0
2012-10-26T09:19:57.000,2308.4,5951,2308,24,0.0,0,0.0,0,0.0,0,0.0,0,2308.4,27,0.0,0,0.0,0,0.0,0,0.0,0
2012-10-26T09:19:57.500,2308,5952,2308,24,0.0,0,0.0,0,0.0,0,0.0,0,2308.4,36,0.0,0,0.0,0,0.0,0,0.0,0
2012-10-26T09:19:58.000,2307.8,5979,2307.8,13,0.0,0,0.0,0,0.0,0,0.0,0,2308,7,0.0,0,0.0,0,0.0,0,0.0,0
2012-10-26T09:19:58.500,2307.8,5990,2307.8,3,0.0,0,0.0,0,0.0,0,0.0,0,2308,7,0.0,0,0.0,0,0.0,0,0.0,0
2012-10-26T09:19:59.000,2308,5995,2307.8,2,0.0,0,0.0,0,0.0,0,0.0,0,2308,3,0.0,0,0.0,0,0.0,0,0.0,0
2012-10-26T09:19:59.500,2307.8,6000,2307.6,33,0.0,0,0.0,0,0.0,0,0.0,0,2307.8,35,0.0,0,0.0,0,0.0,0,0.0,0
2012-10-26T09:20:00.000,2307.6,6001,2307.6,32,0.0,0,0.0,0,0.0,0,0.0,0,2307.8,36,0.0,0,0.0,0,0.0,0,0.0,0
2012-10-26T09:20:00.500,2307.8,6012,2307.6,33,0.0,0,0.0,0,0.0,0,0.0,0,2307.8,32,0.0,0,0.0,0,0.0,0,0.0,0
2012-10-26T09:20:01.250,2307.8,6036,2307.6,10,0.0,0,0.0,0,0.0,0,0.0,0,2307.8,31,0.0,0,0.0,0,0.0,0,0.0,0
2012-10-26T09:20:02.000,2307.4,6052,2307.4,59,0.0,0,0.0,0,0.0,0,0.0,0,2307.6,32,0.0,0,0.0,0,0.0,0,0.0,0
2012-10-26T09:20:02.500,2307.6,6102,2307.6,2,0.0,0,0.0,0,0.0,0,0.0,0,2307.8,29,0.0,0,0.0,0,0.0,0,0.0,0
2012-10-26T09:20:03.000,2307.4,6105,2307.4,44,0.0,0,0.0,0,0.0,0,0.0,0,2307.6,11,0.0,0,0.0,0,0.0,0,0.0,0
2012-10-26T09:20:03.500,2307.4,6110,2307.4,52,0.0,0,0.0,0,0.0,0,0.0,0,2307.6,12,0.0,0,0.0,0,0.0,0,0.0,0
2012-10-26T09:20:04.000,2307.4,6118,2307.4,46,0.0,0,0.0,0,0.0,0,0.0,0,2307.6,16,0.0,0,0.0,0,0.0,0,0.0,0
2012-10-26T09:20:04.500,2307.6,6123,2307.4,46,0.0,0,0.0,0,0.0,0,0.0,0,2307.6,7,0.0,0,0.0,0,0.0,0,0.0,0
2012-10-26T09:20:05.000,2307.4,6129,2307.4,44,0.0,0,0.0,0,0.0,0,0.0,0,2307.6,8,0.0,0,0.0,0,0.0,0,0.0,0
2012-10-26T09:20:05.500,2307.6,6135,2307.4,44,0.0,0,0.0,0,0.0,0,0.0,0,2307.6,16,0.0,0,0.0,0,0.0,0,0.0,0
2012-10-26T09:20:06.000,2307.4,6139,2307.4,43,0.0,0,0.0,0,0.0,0,0.0,0,2307.6,15,0.0,0,0.0,0,0.0,0,0.0,0
2012-10-26T09:20:06.500,2307.4,6143,2307.4,40,0.0,0,0.0,0,0.0,0,0.0,0,2307.6,14,0.0,0,0.0,0,0.0,0,0.0,0
2012-10-26T09:20:07.000,2307.4,6144,2307.4,39,0.0,0,0.0,0,0.0,0,0.0,0,2307.6,16,0.0,0,0.0,0,0.0,0,0.0,0
2012-10-26T09:20:07.500,2307.4,6164,2307.4,23,0.0,0,0.0,0,0.0,0,0.0,0,2307.6,14,0.0,0,0.0,0,0.0,0,0.0,0
2012-10-26T09:20:08.000,2307.6,6166,2307.4,23,0.0,0,0.0,0,0.0,0,0.0,0,2307.6,15,0.0,0,0.0,0,0.0,0,0.0,0
2012-10-26T09:20:08.500,2307.4,6168,2307.4,22,0.0,0,0.0,0,0.0,0,0.0,0,2307.6,17,0.0,0,0.0,0,0.0,0,0.0,0
2012-10-26T09:20:09.250,2307.4,6182,2307.4,14,0.0,0,0.0,0,0.0,0,0.0,0,2307.6,16,0.0,0,0.0,0,0.0,0,0.0,0
2012-10-26T09:20:10.000,2307.4,6192,2307.4,5,0.0,0,0.0,0,0.0,0,0.0,0,2307.6,18,0.0,0,0.0,0,0.0,0,0.0,0
2012-10-26T09:20:10.500,2307.4,6197,2307.2,52,0.0,0,0.0,0,0.0,0,0.0,0,2307.6,18,0.0,0,0.0,0,0.0,0,0.0,0
2012-10-26T09:20:11.250,2307.6,6199,2307.2,51,0.0,0,0.0,0,0.0,0,0.0,0,2307.6,16,0.0,0,0.0,0,0.0,0,0.0,0
2012-10-26T09:20:12.000,2307.6,6202,2307.2,52,0.0,0,0.0,0,0.0,0,0.0,0,2307.6,15,0.0,0,0.0,0,0.0,0,0.0,0
2012-10-26T09:20:12.500,2307.4,6205,2307.4,2,0.0,0,0.0,0,0.0,0,0.0,0,2307.6,13,0.0,0,0.0,0,0.0,0,0.0,0
2012-10-26T09:20:13.250,2307.6,6218,2307.2,44,0.0,0,0.0,0,0.0,0,0.0,0,2307.6,12,0.0,0,0.0,0,0.0,0,0.0,0
2012-10-26T09:20:14.000,2307.2,6222,2307.2,42,0.0,0,0.0,0,0.0,0,0.0,0,2307.4,8,0.0,0,0.0,0,0.0,0,0.0,0
2012-10-26T09:20:14.500,2307.2,6235,2307.2,32,0.0,0,0.0,0,0.0,0,0.0,0,2307.4,6,0.0,0,0.0,0,0.0,0,0.0,0
2012-10-26T09:20:15.000,2307.2,6241,2307.2,27,0.0,0,0.0,0,0.0,0,0.0,0,2307.4,5,0.0,0,0.0,0,0.0,0,0.0,0
2012-10-26T09:20:15.500,2307.2,6247,2307.2,25,0.0,0,0.0,0,0.0,0,0.0,0,2307.4,3,0.0,0,0.0,0,0.0,0,0.0,0
2012-10-26T09:20:16.000,2307.2,6249,2307.2,23,0.0,0,0.0,0,0.0,0,0.0,0,2307.4,3,0.0,0,0.0,0,0.0,0,0.0,0
2012-10-26T09:20:16.500,2307.4,6253,2307.2,21,0.0,0,0.0,0,0.0,0,0.0,0,2307.4,2,0.0,0,0.0,0,0.0,0,0.0,0
2012-10-26T09:20:17.000,2307.2,6256,2307.2,21,0.0,0,0.0,0,0.0,0,0.0,0,2307.4,1,0.0,0,0.0,0,0.0,0,0.0,0
2012-10-26T09:20:17.500,2307.4,6262,2307.4,1,0.0,0,0.0,0,0.0,0,0.0,0,2307.6,12,0.0,0,0.0,0,0.0,0,0.0,0
2012-10-26T09:20:18.000,2307.4,6269,2307.2,12,0.0,0,0.0,0,0.0,0,0.0,0,2307.6,12,0.0,0,0.0,0,0.0,0,0.0,0
2012-10-26T09:20:18.500,2307.2,6273,2307.2,9,0.0,0,0.0,0,0.0,0,0.0,0,2307.4,2,0.0,0,0.0,0,0.0,0,0.0,0
2012-10-26T09:20:19.250,2307.2,6275,2307.2,7,0.0,0,0.0,0,0.0,0,0.0,0,2307.4,2,0.0,0,0.0,0,0.0,0,0.0,0
2012-10-26T09:20:20.000,2307.2,6276,2307.2,10,0.0,0,0.0,0,0.0,0,0.0,0,2307.4,7,0.0,0,0.0,0,0.0,0,0.0,0
2012-10-26T09:20:20.500,2307.2,6280,2307.2,12,0.0,0,0.0,0,0.0,0,0.0,0,2307.4,10,0.0,0,0.0,0,0.0,0,0.0,0
2012-10-26T09:20:21.000,2307.2,6292,2307,75,0.0,0,0.0,0,0.0,0,0.0,0,2307.4,12,0.0,0,0.0,0,0.0,0,0.0,0
2012-10-26T09:20:21.500,2307,6293,2307,75,0.0,0,0.0,0,0.0,0,0.0,0,2307.2,4,0.0,0,0.0,0,0.0,0,0.0,0
2012-10-26T09:20:22.000,2307.2,6300,2307.2,26,0.0,0,0.0,0,0.0,0,0.0,0,2307.4,14,0.0,0,0.0,0,0.0,0,0.0,0
2012-10-26T09:20:22.500,2307.2,6317,2307.2,10,0.0,0,0.0,0,0.0,0,0.0,0,2307.4,16,0.0,0,0.0,0,0.0,0,0.0,0
2012-10-26T09:20:23.000,2307.2,6324,2307.2,4,0.0,0,0.0,0,0.0,0,0.0,0,2307.4,15,0.0,0,0.0,0,0.0,0,0.0,0
2012-10-26T09:20:23.500,2307.2,6327,2307.2,3,0.0,0,0.0,0,0.0,0,0.0,0,2307.4,13,0.0,0,0.0,0,0.0,0,0.0,0
2012-10-26T09:20:24.000,2307.2,6330,2307.2,3,0.0,0,0.0,0,0.0,0,0.0,0,2307.4,13,0.0,0,0.0,0,0.0,0,0.0,0
2012-10-26T09:20:24.500,2307.4,6334,2307.2,3,0.0,0,0.0,0,0.0,0,0.0,0,2307.4,11,0.0,0,0.0,0,0.0,0,0.0,0
2012-10-26T09:20:25.250,2307.2,6339,2307,80,0.0,0,0.0,0,0.0,0,0.0,0,2307.2,2,0.0,0,0.0,0,0.0,0,0.0,0
2012-10-26T09:20:26.000,2307.2,6340,2307,80,0.0,0,0.0,0,0.0,0,0.0,0,2307.2,5,0.0,0,0.0,0,0.0,0,0.0,0
2012-10-26T09:20:26.500,2307.2,6342,2307,80,0.0,0,0.0,0,0.0,0,0.0,0,2307.2,4,0.0,0,0.0,0,0.0,0,0.0,0
2012-10-26T09:20:27.250,2307,6353,2307,73,0.0,0,0.0,0,0.0,0,0.0,0,2307.2,3,0.0,0,0.0,0,0.0,0,0.0,0
2012-10-26T09:20:28.250,2307,6358,2307,68,0.0,0,0.0,0,0.0,0,0.0,0,2307.2,5,0.0,0,0.0,0,0.0,0,0.0,0
2012-10-26T09:20:29.000,2307,6367,2307,62,0.0,0,0.0,0,0.0,0,0.0,0,2307.2,13,0.0,0,0.0,0,0.0,0,0.0,0
2012-10-26T09:20:29.500,2307.2,6374,2307,61,0.0,0,0.0,0,0.0,0,0.0,0,2307.2,9,0.0,0,0.0,0,0.0,0,0.0,0
2012-10-26T09:20:30.000,2307,6384,2307,51,0.0,0,0.0,0,0.0,0,0.0,0,2307.2,10,0.0,0,0.0,0,0.0,0,0.0,0
2012-10-26T09:20:30.500,2307.2,6387,2307,52,0.0,0,0.0,0,0.0,0,0.0,0,2307.2,9,0.0,0,0.0,0,0.0,0,0.0,0
2012-10-26T09:20:31.000,2307,6398,2307,41,0.0,0,0.0,0,0.0,0,0.0,0,2307.2,11,0.0,0,0.0,0,0.0,0,0.0,0
2012-10-26T09:20:31.500,2307,6402,2307,38,0.0,0,0.0,0,0.0,0,0.0,0,2307.2,14,0.0,0,0.0,0,0.0,0,0.0,0
2012-10-26T09:20:32.000,2307.2,6406,2307,36,0.0,0,0.0,0,0.0,0,0.0,0,2307.2,12,0.0,0,0.0,0,0.0,0,0.0,0
2012-10-26T09:20:32.500,2307,6408,2307,35,0.0,0,0.0,0,0.0,0,0.0,0,2307.2,12,0.0,0,0.0,0,0.0,0,0.0,0
2012-10-26T09:20:33.000,2307,6409,2307,34,0.0,0,0.0,0,0.0,0,0.0,0,2307.2,12,0.0,0,0.0,0,0.0,0,0.0,0
2012-10-26T09:20:33.500,2307,6410,2307,32,0.0,0,0.0,0,0.0,0,0.0,0,2307.2,12,0.0,0,0.0,0,0.0,0,0.0,0
2012-10-26T09:20:34.000,2307,6415,2307,27,0.0,0,0.0,0,0.0,0,0.0,0,2307.2,13,0.0,0,0.0,0,0.0,0,0.0,0
2012-10-26T09:20:34.500,2307,6425,2307,17,0.0,0,0.0,0,0.0,0,0.0,0,2307.2,15,0.0,0,0.0,0,0.0,0,0.0,0
2012-10-26T09:20:35.000,2307,6441,2307,9,0.0,0,0.0,0,0.0,0,0.0,0,2307.2,14,0.0,0,0.0,0,0.0,0,0.0,0
2012-10-26T09:20:35.500,2307,6454,2307,21,0.0,0,0.0,0,0.0,0,0.0,0,2307.2,7,0.0,0,0.0,0,0.0,0,0.0,0
2012-10-26T09:20:36.000,2307,6461,2307,15,0.0,0,0.0,0,0.0,0,0.0,0,2307.2,9,0.0,0,0.0,0,0.0,0,0.0,0
2012-10-26T09:20:36.500,2307,6463,2307,17,0.0,0,0.0,0,0.0,0,0.0,0,2307.2,9,0.0,0,0.0,0,0.0,0,0.0,0
2012-10-26T09:20:37.000,2307.2,6467,2307,14,0.0,0,0.0,0,0.0,0,0.0,0,2307.2,12,0.0,0,0.0,0,0.0,0,0.0,0
2012-10-26T09:20:37.500,2307,6483,2306.8,32,0.0,0,0.0,0,0.0,0,0.0,0,2307,33,0.0,0,0.0,0,0.0,0,0.0,0
2012-10-26T09:20:38.000,2306.8,6493,2306.8,32,0.0,0,0.0,0,0.0,0,0.0,0,2307,27,0.0,0,0.0,0,0.0,0,0.0,0
2012-10-26T09:20:38.500,2306.8,6497,2306.8,31,0.0,0,0.0,0,0.0,0,0.0,0,2307,29,0.0,0,0.0,0,0.0,0,0.0,0
2012-10-26T09:20:39.000,2307,6503,2306.8,31,0.0,0,0.0,0,0.0,0,0.0,0,2307,24,0.0,0,0.0,0,0.0,0,0.0,0
2012-10-26T09:20:39.500,2306.8,6507,2306.8,29,0.0,0,0.0,0,0.0,0,0.0,0,2307,34,0.0,0,0.0,0,0.0,0,0.0,0
2012-10-26T09:20:40.000,2306.8,6513,2306.8,29,0.0,0,0.0,0,0.0,0,0.0,0,2307,34,0.0,0,0.0,0,0.0,0,0.0,0
2012-10-26T09:20:40.500,2306.8,6517,2306.8,26,0.0,0,0.0,0,0.0,0,0.0,0,2307,36,0.0,0,0.0,0,0.0,0,0.0,0
2012-10-26T09:20:41.000,2306.8,6520,2306.8,27,0.0,0,0.0,0,0.0,0,0.0,0,2307,36,0.0,0,0.0,0,0.0,0,0.0,0
2012-10-26T09:20:41.500,2307,6526,2306.8,26,0.0,0,0.0,0,0.0,0,0.0,0,2307,35,0.0,0,0.0,0,0.0,0,0.0,0
2012-10-26T09:20:42.000,2306.8,6528,2306.8,25,0.0,0,0.0,0,0.0,0,0.0,0,2307,36,0.0,0,0.0,0,0.0,0,0.0,0
2012-10-26T09:20:42.500,2306.8,6530,2306.8,24,0.0,0,0.0,0,0.0,0,0.0,0,2307,36,0.0,0,0.0,0,0.0,0,0.0,0
2012-10-26T09:20:43.250,2306.8,6531,2306.8,24,0.0,0,0.0,0,0.0,0,0.0,0,2307,37,0.0,0,0.0,0,0.0,0,0.0,0
2012-10-26T09:20:44.250,2306.8,6541,2306.8,22,0.0,0,0.0,0,0.0,0,0.0,0,2307,28,0.0,0,0.0,0,0.0,0,0.0,0
2012-10-26T09:20:45.000,2306.8,6554,2306.8,11,0.0,0,0.0,0,0.0,0,0.0,0,2307,29,0.0,0,0.0,0,0.0,0,0.0,0
2012-10-26T09:20:45.500,2307,6555,2306.8,11,0.0,0,0.0,0,0.0,0,0.0,0,2307,28,0.0,0,0.0,0,0.0,0,0.0,0
2012-10-26T09:20:46.000,2306.8,6558,2306.8,11,0.0,0,0.0,0,0.0,0,0.0,0,2307,59,0.0,0,0.0,0,0.0,0,0.0,0
2012-10-26T09:20:46.500,2307,6565,2306.8,34,0.0,0,0.0,0,0.0,0,0.0,0,2307,55,0.0,0,0.0,0,0.0,0,0.0,0
2012-10-26T09:20:47.000,2306.8,6574,2306.8,26,0.0,0,0.0,0,0.0,0,0.0,0,2307,55,0.0,0,0.0,0,0.0,0,0.0,0
2012-10-26T09:20:47.500,2306.8,6575,2306.8,29,0.0,0,0.0,0,0.0,0,0.0,0,2307,55,0.0,0,0.0,0,0.0,0,0.0,0
2012-10-26T09:20:48.250,2306.8,6583,2306.8,25,0.0,0,0.0,0,0.0,0,0.0,0,2307,56,0.0,0,0.0,0,0.0,0,0.0,0
2012-10-26T09:20:49.000,2306.8,6587,2306.8,22,0.0,0,0.0,0,0.0,0,0.0,0,2307,55,0.0,0,0.0,0,0.0,0,0.0,0
2012-10-26T09:20:49.500,2306.8,6589,2306.8,20,0.0,0,0.0,0,0.0,0,0.0,0,2307,55,0.0,0,0.0,0,0.0,0,0.0,0
2012-10-26T09:20:50.000,2306.8,6593,2306.8,17,0.0,0,0.0,0,0.0,0,0.0,0,2307,54,0.0,0,0.0,0,0.0,0,0.0,0
2012-10-26T09:20:50.500,2306.8,6599,2306.8,12,0.0,0,0.0,0,0.0,0,0.0,0,2307,54,0.0,0,0.0,0,0.0,0,0.0,0
2012-10-26T09:20:51.000,2307,6605,2306.8,11,0.0,0,0.0,0,0.0,0,0.0,0,2307,52,0.0,0,0.0,0,0.0,0,0.0,0
2012-10-26T09:20:51.500,2306.8,6608,2306.8,10,0.0,0,0.0,0,0.0,0,0.0,0,2307,51,0.0,0,0.0,0,0.0,0,0.0,0
2012-10-26T09:20:52.250,2306.8,6614,2306.8,6,0.0,0,0.0,0,0.0,0,0.0,0,2307,51,0.0,0,0.0,0,0.0,0,0.0,0
2012-10-26T09:20:53.250,2306.8,6615,2306.8,9,0.0,0,0.0,0,0.0,0,0.0,0,2307,58,0.0,0,0.0,0,0.0,0,0.0,0
2012-10-26T09:20:54.000,2307,6616,2306.8,10,0.0,0,0.0,0,0.0,0,0.0,0,2307,57,0.0,0,0.0,0,0.0,0,0.0,0
2012-10-26T09:20:54.500,2306.8,6617,2306.8,14,0.0,0,0.0,0,0.0,0,0.0,0,2307,59,0.0,0,0.0,0,0.0,0,0.0,0
2012-10-26T09:20:55.000,2307,6618,2306.8,20,0.0,0,0.0,0,0.0,0,0.0,0,2307,58,0.0,0,0.0,0,0.0,0,0.0,0
2012-10-26T09:20:55.500,2307,6623,2306.8,22,0.0,0,0.0,0,0.0,0,0.0,0,2307,54,0.0,0,0.0,0,0.0,0,0.0,0
2012-10-26T09:20:56.000,2306.8,6624,2306.8,21,0.0,0,0.0,0,0.0,0,0.0,0,2307,62,0.0,0,0.0,0,0.0,0,0.0,0
2012-10-26T09:20:56.500,2306.8,6625,2306.8,27,0.0,0,0.0,0,0.0,0,0.0,0,2307,53,0.0,0,0.0,0,0.0,0,0.0,0
2012-10-26T09:20:57.000,2306.8,6628,2306.8,28,0.0,0,0.0,0,0.0,0,0.0,0,2307,52,0.0,0,0.0,0,0.0,0,0.0,0
2012-10-26T09:20:57.500,2307,6633,2306.8,27,0.0,0,0.0,0,0.0,0,0.0,0,2307,50,0.0,0,0.0,0,0.0,0,0.0,0
2012-10-26T09:20:58.000,2306.8,6638,2306.8,24,0.0,0,0.0,0,0.0,0,0.0,0,2307,50,0.0,0,0.0,0,0.0,0,0.0,0
2012-10-26T09:20:58.500,2307,6640,2306.8,36,0.0,0,0.0,0,0.0,0,0.0,0,2307,48,0.0,0,0.0,0,0.0,0,0.0,0
2012-10-26T09:20:59.250,2307,6642,2306.8,33,0.0,0,0.0,0,0.0,0,0.0,0,2307,49,0.0,0,0.0,0,0.0,0,0.0,0
2012-10-26T09:21:00.000,2307,6645,2306.8,35,0.0,0,0.0,0,0.0,0,0.0,0,2307,55,0.0,0,0.0,0,0.0,0,0.0,0
2012-10-26T09:21:00.500,2307,6665,2306.8,29,0.0,0,0.0,0,0.0,0,0.0,0,2307,43,0.0,0,0.0,0,0.0,0,0.0,0
2012-10-26T09:21:01.000,2306.8,6671,2306.8,26,0.0,0,0.0,0,0.0,0,0.0,0,2307,42,0.0,0,0.0,0,0.0,0,0.0,0
2012-10-26T09:21:01.500,2307,6680,2306.8,23,0.0,0,0.0,0,0.0,0,0.0,0,2307,41,0.0,0,0.0,0,0.0,0,0.0,0
2012-10-26T09:21:02.000,2306.8,6687,2306.8,20,0.0,0,0.0,0,0.0,0,0.0,0,2307,39,0.0,0,0.0,0,0.0,0,0.0,0
2012-10-26T09:21:02.500,2306.6,6714,2306.8,1,0.0,0,0.0,0,0.0,0,0.0,0,2307,33,0.0,0,0.0,0,0.0,0,0.0,0
2012-10-26T09:21:03.000,2306.6,6717,2306.6,73,0.0,0,0.0,0,0.0,0,0.0,0,2306.8,2,0.0,0,0.0,0,0.0,0,0.0,0
2012-10-26T09:21:03.500,2306.8,6759,2306.8,15,0.0,0,0.0,0,0.0,0,0.0,0,2307,30,0.0,0,0.0,0,0.0,0,0.0,0
2012-10-26T09:21:04.000,2306.8,6778,2306.8,2,0.0,0,0.0,0,0.0,0,0.0,0,2307,26,0.0,0,0.0,0,0.0,0,0.0,0
2012-10-26T09:21:04.500,2306.8,6783,2306.8,10,0.0,0,0.0,0,0.0,0,0.0,0,2307,27,0.0,0,0.0,0,0.0,0,0.0,0
2012-10-26T09:21:05.000,2306.8,6784,2306.8,59,0.0,0,0.0,0,0.0,0,0.0,0,2307,27,0.0,0,0.0,0,0.0,0,0.0,0
2012-10-26T09:21:05.500,2306.8,6794,2306.8,56,0.0,0,0.0,0,0.0,0,0.0,0,2307,24,0.0,0,0.0,0,0.0,0,0.0,0
2012-10-26T09:21:06.000,2307,6812,2306.8,47,0.0,0,0.0,0,0.0,0,0.0,0,2307,15,0.0,0,0.0,0,0.0,0,0.0,0
2012-10-26T09:21:06.500,2307,6817,2306.8,47,0.0,0,0.0,0,0.0,0,0.0,0,2307,12,0.0,0,0.0,0,0.0,0,0.0,0
2012-10-26T09:21:07.000,2307,6823,2306.8,61,0.0,0,0.0,0,0.0,0,0.0,0,2307,18,0.0,0,0.0,0,0.0,0,0.0,0
2012-10-26T09:21:07.500,2307,6825,2306.8,61,0.0,0,0.0,0,0.0,0,0.0,0,2307,16,0.0,0,0.0,0,0.0,0,0.0,0
2012-10-26T09:21:08.000,2307,6841,2306.8,61,0.0,0,0.0,0,0.0,0,0.0,0,2307,2,0.0,0,0.0,0,0.0,0,0.0,0
2012-10-26T09:21:08.500,2307,6851,2307,8,0.0,0,0.0,0,0.0,0,0.0,0,2307.2,16,0.0,0,0.0,0,0.0,0,0.0,0
2012-10-26T09:21:09.250,2307,6853,2307,9,0.0,0,0.0,0,0.0,0,0.0,0,2307.2,33,0.0,0,0.0,0,0.0,0,0.0,0
2012-10-26T09:21:10.000,2307.2,6856,2307,16,0.0,0,0.0,0,0.0,0,0.0,0,2307.2,30,0.0,0,0.0,0,0.0,0,0.0,0
2012-10-26T09:21:10.500,2307,6912,2306.8,28,0.0,0,0.0,0,0.0,0,0.0,0,2307,8,0.0,0,0.0,0,0.0,0,0.0,0
2012-10-26T09:21:11.000,2306.8,6914,2306.8,28,0.0,0,0.0,0,0.0,0,0.0,0,2307,9,0.0,0,0.0,0,0.0,0,0.0,0
2012-10-26T09:21:11.500,2307,6919,2306.8,29,0.0,0,0.0,0,0.0,0,0.0,0,2307,21,0.0,0,0.0,0,0.0,0,0.0,0
2012-10-26T09:21:12.000,2306.8,6920,2306.8,29,0.0,0,0.0,0,0.0,0,0.0,0,2307,22,0.0,0,0.0,0,0.0,0,0.0,0
2012-10-26T09:21:12.500,2307,6938,2306.8,29,0.0,0,0.0,0,0.0,0,0.0,0,2307,5,0.0,0,0.0,0,0.0,0,0.0,0
2012-10-26T09:21:13.000,2307,6940,2306.8,29,0.0,0,0.0,0,0.0,0,0.0,0,2307,3,0.0,0,0.0,0,0.0,0,0.0,0
2012-10-26T09:21:13.500,2307,6945,2306.8,27,0.0,0,0.0,0,0.0,0,0.0,0,2307.2,23,0.0,0,0.0,0,0.0,0,0.0,0
2012-10-26T09:21:14.000,2307,6946,2307,1,0.0,0,0.0,0,0.0,0,0.0,0,2307.2,23,0.0,0,0.0,0,0.0,0,0.0,0
2012-10-26T09:21:14.500,2307,6948,2307,2,0.0,0,0.0,0,0.0,0,0.0,0,2307.2,21,0.0,0,0.0,0,0.0,0,0.0,0
2012-10-26T09:21:15.000,2307,6949,2307,3,0.0,0,0.0,0,0.0,0,0.0,0,2307.2,21,0.0,0,0.0,0,0.0,0,0.0,0
2012-10-26T09:21:15.500,2307.2,6953,2307,2,0.0,0,0.0,0,0.0,0,0.0,0,2307.2,18,0.0,0,0.0,0,0.0,0,0.0,0
2012-10-26T09:21:16.000,2307,6955,2306.8,43,0.0,0,0.0,0,0.0,0,0.0,0,2307,3,0.0,0,0.0,0,0.0,0,0.0,0
2012-10-26T09:21:16.500,2306.8,6957,2306.8,42,0.0,0,0.0,0,0.0,0,0.0,0,2307,3,0.0,0,0.0,0,0.0,0,0.0,0
2012-10-26T09:21:17.250,2307,6960,2306.8,49,0.0,0,0.0,0,0.0,0,0.0,0,2307,1,0.0,0,0.0,0,0.0,0,0.0,0
2012-10-26T09:21:18.250,2307,6966,2307,8,0.0,0,0.0,0,0.0,0,0.0,0,2307.2,19,0.0,0,0.0,0,0.0,0,0.0,0
2012-10-26T09:21:19.000,2307,6968,2307,11,0.0,0,0.0,0,0.0,0,0.0,0,2307.2,20,0.0,0,0.0,0,0.0,0,0.0,0
2012-10-26T09:21:19.500,2307,6977,2307,5,0.0,0,0.0,0,0.0,0,0.0,0,2307.2,18,0.0,0,0.0,0,0.0,0,0.0,0
2012-10-26T09:21:20.000,2307,6978,2307,5,0.0,0,0.0,0,0.0,0,0.0,0,2307.2,18,0.0,0,0.0,0,0.0,0,0.0,0
2012-10-26T09:21:20.500,2307,6986,2307,7,0.0,0,0.0,0,0.0,0,0.0,0,2307.2,11,0.0,0,0.0,0,0.0,0,0.0,0
2012-10-26T09:21:21.250,2307.2,6988,2307,12,0.0,0,0.0,0,0.0,0,0.0,0,2307.2,9,0.0,0,0.0,0,0.0,0,0.0,0
2012-10-26T09:21:22.000,2307.2,6989,2307,13,0.0,0,0.0,0,0.0,0,0.0,0,2307.2,8,0.0,0,0.0,0,0.0,0,0.0,0
2012-10-26T09:21:22.500,2307.2,7001,2307,9,0.0,0,0.0,0,0.0,0,0.0,0,2307.2,2,0.0,0,0.0,0,0.0,0,0.0,0
2012-10-26T09:21:23.250,2307,7026,2306.8,47,0.0,0,0.0,0,0.0,0,0.0,0,2307,25,0.0,0,0.0,0,0.0,0,0.0,0
2012-10-26T09:21:24.000,2307,7038,2306.8,38,0.0,0,0.0,0,0.0,0,0.0,0,2307,22,0.0,0,0.0,0,0.0,0,0.0,0
2012-10-26T09:21:24.500,2307,7039,2306.8,39,0.0,0,0.0,0,0.0,0,0.0,0,2307,21,0.0,0,0.0,0,0.0,0,0.0,0
2012-10-26T09:21:25.000,2307,7061,2307,15,0.0,0,0.0,0,0.0,0,0.0,0,2307.2,6,0.0,0,0.0,0,0.0,0,0.0,0
2012-10-26T09:21:25.500,2307.2,7066,2307,13,0.0,0,0.0,0,0.0,0,0.0,0,2307.2,5,0.0,0,0.0,0,0.0,0,0.0,0
2012-10-26T09:21:26.000,2307,7068,2307,12,0.0,0,0.0,0,0.0,0,0.0,0,2307.2,5,0.0,0,0.0,0,0.0,0,0.0,0
2012-10-26T09:21:26.500,2307,7069,2307,15,0.0,0,0.0,0,0.0,0,0.0,0,2307.2,7,0.0,0,0.0,0,0.0,0,0.0,0
2012-10-26T09:21:27.000,2307.2,7079,2307.2,4,0.0,0,0.0,0,0.0,0,0.0,0,2307.4,12,0.0,0,0.0,0,0.0,0,0.0,0
2012-10-26T09:21:27.500,2307.2,7083,2307,16,0.0,0,0.0,0,0.0,0,0.0,0,2307.2,2,0.0,0,0.0,0,0.0,0,0.0,0
2012-10-26T09:21:28.250,2307.2,7085,2307,18,0.0,0,0.0,0,0.0,0,0.0,0,2307.2,1,0.0,0,0.0,0,0.0,0,0.0,0
2012-10-26T09:21:29.000,2307.2,7089,2307,23,0.0,0,0.0,0,0.0,0,0.0,0,2307.2,7,0.0,0,0.0,0,0.0,0,0.0,0
2012-10-26T09:21:29.500,2307.2,7094,2307,19,0.0,0,0.0,0,0.0,0,0.0,0,2307.2,6,0.0,0,0.0,0,0.0,0,0.0,0
2012-10-26T09:21:30.000,2307,7117,2306.8,45,0.0,0,0.0,0,0.0,0,0.0,0,2307,90,0.0,0,0.0,0,0.0,0,0.0,0
2012-10-26T09:21:30.500,2307,7133,2306.8,32,0.0,0,0.0,0,0.0,0,0.0,0,2307,89,0.0,0,0.0,0,0.0,0,0.0,0
2012-10-26T09:21:31.000,2306.8,7160,2306.8,12,0.0,0,0.0,0,0.0,0,0.0,0,2307,81,0.0,0,0.0,0,0.0,0,0.0,0
2012-10-26T09:21:31.500,2306.8,7173,2306.8,7,0.0,0,0.0,0,0.0,0,0.0,0,2307,75,0.0,0,0.0,0,0.0,0,0.0,0
2012-10-26T09:21:32.000,2307,7188,2306.8,14,0.0,0,0.0,0,0.0,0,0.0,0,2307,60,0.0,0,0.0,0,0.0,0,0.0,0
2012-10-26T09:21:32.500,2307,7189,2306.8,15,0.0,0,0.0,0,0.0,0,0.0,0,2307,59,0.0,0,0.0,0,0.0,0,0.0,0
2012-10-26T09:21:33.000,2307,7196,2306.8,15,0.0,0,0.0,0,0.0,0,0.0,0,2307,52,0.0,0,0.0,0,0.0,0,0.0,0
2012-10-26T09:21:33.500,2306.8,7200,2306.8,21,0.0,0,0.0,0,0.0,0,0.0,0,2307,52,0.0,0,0.0,0,0.0,0,0.0,0
2012-10-26T09:21:34.000,2306.8,7204,2306.8,8,0.0,0,0.0,0,0.0,0,0.0,0,2307,53,0.0,0,0.0,0,0.0,0,0.0,0
2012-10-26T09:21:34.500,2306.8,7223,2306.8,1,0.0,0,0.0,0,0.0,0,0.0,0,2307,42,0.0,0,0.0,0,0.0,0,0.0,0
2012-10-26T09:21:35.250,2306.8,7225,2306.6,108,0.0,0,0.0,0,0.0,0,0.0,0,2306.8,3,0.0,0,0.0,0,0.0,0,0.0,0
2012-10-26T09:21:36.000,2306.8,7234,2306.8,3,0.0,0,0.0,0,0.0,0,0.0,0,2307,41,0.0,0,0.0,0,0.0,0,0.0,0
2012-10-26T09:21:36.500,2306.8,7237,2306.8,4,0.0,0,0.0,0,0.0,0,0.0,0,2307,41,0.0,0,0.0,0,0.0,0,0.0,0
2012-10-26T09:21:37.250,2307,7240,2306.8,4,0.0,0,0.0,0,0.0,0,0.0,0,2307,38,0.0,0,0.0,0,0.0,0,0.0,0
2012-10-26T09:21:38.250,2306.8,7244,2306.6,110,0.0,0,0.0,0,0.0,0,0.0,0,2307,40,0.0,0,0.0,0,0.0,0,0.0,0
2012-10-26T09:21:39.000,2306.6,7250,2306.6,110,0.0,0,0.0,0,0.0,0,0.0,0,2306.8,1,0.0,0,0.0,0,0.0,0,0.0,0
2012-10-26T09:21:39.500,2306.8,7256,2306.6,105,0.0,0,0.0,0,0.0,0,0.0,0,2306.8,1,0.0,0,0.0,0,0.0,0,0.0,0
2012-10-26T09:21:40.000,2306.6,7258,2306.6,104,0.0,0,0.0,0,0.0,0,0.0,0,2307,38,0.0,0,0.0,0,0.0,0,0.0,0
2012-10-26T09:21:40.500,2306.6,7261,2306.6,101,0.0,0,0.0,0,0.0,0,0.0,0,2306.8,1,0.0,0,0.0,0,0.0,0,0.0,0
2012-10-26T09:21:41.000,2306.8,7262,2306.6,114,0.0,0,0.0,0,0.0,0,0.0,0,2306.8,1,0.0,0,0.0,0,0.0,0,0.0,0
2012-10-26T09:21:41.500,2306.8,7273,2306.8,14,0.0,0,0.0,0,0.0,0,0.0,0,2307,39,0.0,0,0.0,0,0.0,0,0.0,0
2012-10-26T09:21:42.000,2306.8,7284,2306.8,5,0.0,0,0.0,0,0.0,0,0.0,0,2307,39,0.0,0,0.0,0,0.0,0,0.0,0
2012-10-26T09:21:42.500,2306.8,7288,2306.8,3,0.0,0,0.0,0,0.0,0,0.0,0,2307,40,0.0,0,0.0,0,0.0,0,0.0,0
2012-10-26T09:21:43.250,2307,7297,2306.6,105,0.0,0,0.0,0,0.0,0,0.0,0,2307,40,0.0,0,0.0,0,0.0,0,0.0,0
2012-10-26T09:21:44.250,2307,7300,2306.6,105,0.0,0,0.0,0,0.0,0,0.0,0,2307,38,0.0,0,0.0,0,0.0,0,0.0,0
2012-10-26T09:21:45.250,2307,7312,2306.6,95,0.0,0,0.0,0,0.0,0,0.0,0,2307,37,0.0,0,0.0,0,0.0,0,0.0,0
2012-10-26T09:21:47.000,2306.8,7313,2306.6,96,0.0,0,0.0,0,0.0,0,0.0,0,2306.8,1,0.0,0,0.0,0,0.0,0,0.0,0
2012-10-26T09:21:47.500,2307,7317,2306.8,1,0.0,0,0.0,0,0.0,0,0.0,0,2307,36,0.0,0,0.0,0,0.0,0,0.0,0
2012-10-26T09:21:48.250,2307,7318,2306.8,1,0.0,0,0.0,0,0.0,0,0.0,0,2307,35,0.0,0,0.0,0,0.0,0,0.0,0
2012-10-26T09:21:49.000,2306.6,7324,2306.6,98,0.0,0,0.0,0,0.0,0,0.0,0,2307,36,0.0,0,0.0,0,0.0,0,0.0,0
2012-10-26T09:21:49.500,2306.6,7325,2306.6,98,0.0,0,0.0,0,0.0,0,0.0,0,2307,36,0.0,0,0.0,0,0.0,0,0.0,0
2012-10-26T09:21:50.000,2307,7329,2306.6,107,0.0,0,0.0,0,0.0,0,0.0,0,2307,32,0.0,0,0.0,0,0.0,0,0.0,0
2012-10-26T09:21:50.500,2307,7331,2306.6,106,0.0,0,0.0,0,0.0,0,0.0,0,2307,31,0.0,0,0.0,0,0.0,0,0.0,0
2012-10-26T09:21:51.250,2306.6,7344,2306.6,95,0.0,0,0.0,0,0.0,0,0.0,0,2307,23,0.0,0,0.0,0,0.0,0,0.0,0
2012-10-26T09:21:52.250,2306.8,7346,2306.6,95,0.0,0,0.0,0,0.0,0,0.0,0,2307,25,0.0,0,0.0,0,0.0,0,0.0,0
2012-10-26T09:21:53.000,2307,7358,2306.8,1,0.0,0,0.0,0,0.0,0,0.0,0,2307,18,0.0,0,0.0,0,0.0,0,0.0,0
2012-10-26T09:21:53.500,2306.6,7362,2306.6,87,0.0,0,0.0,0,0.0,0,0.0,0,2307,19,0.0,0,0.0,0,0.0,0,0.0,0
2012-10-26T09:21:54.000,2307,7365,2306.8,3,0.0,0,0.0,0,0.0,0,0.0,0,2307,14,0.0,0,0.0,0,0.0,0,0.0,0
2012-10-26T09:21:54.500,2306.8,7367,2306.8,2,0.0,0,0.0,0,0.0,0,0.0,0,2307,14,0.0,0,0.0,0,0.0,0,0.0,0
2012-10-26T09:21:55.000,2307,7371,2306.8,14,0.0,0,0.0,0,0.0,0,0.0,0,2307,11,0.0,0,0.0,0,0.0,0,0.0,0
2012-10-26T09:21:55.500,2306.8,7374,2306.8,11,0.0,0,0.0,0,0.0,0,0.0,0,2307,11,0.0,0,0.0,0,0.0,0,0.0,0
2012-10-26T09:21:56.000,2307,7375,2306.8,14,0.0,0,0.0,0,0.0,0,0.0,0,2307,11,0.0,0,0.0,0,0.0,0,0.0,0
2012-10-26T09:21:56.500,2306.8,7382,2306.8,8,0.0,0,0.0,0,0.0,0,0.0,0,2307,12,0.0,0,0.0,0,0.0,0,0.0,0
2012-10-26T09:21:57.250,2307,7387,2306.8,5,0.0,0,0.0,0,0.0,0,0.0,0,2307,10,0.0,0,0.0,0,0.0,0,0.0,0
2012-10-26T09:21:58.000,2307,7388,2306.8,7,0.0,0,0.0,0,0.0,0,0.0,0,2307,13,0.0,0,0.0,0,0.0,0,0.0,0
2012-10-26T09:21:58.500,2307,7393,2306.8,6,0.0,0,0.0,0,0.0,0,0.0,0,2307,10,0.0,0,0.0,0,0.0,0,0.0,0
2012-10-26T09:21:59.250,2306.8,7394,2306.8,7,0.0,0,0.0,0,0.0,0,0.0,0,2307,11,0.0,0,0.0,0,0.0,0,0.0,0
2012-10-26T09:22:00.000,2306.8,7396,2306.8,8,0.0,0,0.0,0,0.0,0,0.0,0,2307,10,0.0,0,0.0,0,0.0,0,0.0,0
2012-10-26T09:22:00.500,2306.8,7405,2306.8,4,0.0,0,0.0,0,0.0,0,0.0,0,2307,13,0.0,0,0.0,0,0.0,0,0.0,0
2012-10-26T09:22:01.000,2306.6,7415,2306.6,90,0.0,0,0.0,0,0.0,0,0.0,0,2307,9,0.0,0,0.0,0,0.0,0,0.0,0
2012-10-26T09:22:01.500,2307,7423,2306.8,2,0.0,0,0.0,0,0.0,0,0.0,0,2307,11,0.0,0,0.0,0,0.0,0,0.0,0
2012-10-26T09:22:02.000,2307,7429,2306.8,8,0.0,0,0.0,0,0.0,0,0.0,0,2307,10,0.0,0,0.0,0,0.0,0,0.0,0
2012-10-26T09:22:02.500,2306.8,7431,2306.8,6,0.0,0,0.0,0,0.0,0,0.0,0,2307,10,0.0,0,0.0,0,0.0,0,0.0,0
2012-10-26T09:22:03.000,2306.8,7432,2306.8,5,0.0,0,0.0,0,0.0,0,0.0,0,2307,8,0.0,0,0.0,0,0.0,0,0.0,0
2012-10-26T09:22:03.500,2306.8,7445,2306.6,101,0.0,0,0.0,0,0.0,0,0.0,0,2306.8,88,0.0,0,0.0,0,0.0,0,0.0,0
2012-10-26T09:22:04.000,2306.6,7470,2306.6,78,0.0,0,0.0,0,0.0,0,0.0,0,2306.8,92,0.0,0,0.0,0,0.0,0,0.0,0
2012-10-26T09:22:04.500,2306.6,7477,2306.6,72,0.0,0,0.0,0,0.0,0,0.0,0,2306.8,91,0.0,0,0.0,0,0.0,0,0.0,0
2012-10-26T09:22:05.000,2306.6,7529,2306.6,20,0.0,0,0.0,0,0.0,0,0.0,0,2306.8,92,0.0,0,0.0,0,0.0,0,0.0,0
2012-10-26T09:22:05.500,2306.6,7577,2306.4,47,0.0,0,0.0,0,0.0,0,0.0,0,2306.6,5,0.0,0,0.0,0,0.0,0,0.0,0
2012-10-26T09:22:06.250,2306.6,7596,2306.4,34,0.0,0,0.0,0,0.0,0,0.0,0,2306.6,11,0.0,0,0.0,0,0.0,0,0.0,0
2012-10-26T09:22:07.000,2306.4,7605,2306.4,25,0.0,0,0.0,0,0.0,0,0.0,0,2306.6,11,0.0,0,0.0,0,0.0,0,0.0,0
2012-10-26T09:22:07.500,2306.4,7630,2306.2,73,0.0,0,0.0,0,0.0,0,0.0,0,2306.4,4,0.0,0,0.0,0,0.0,0,0.0,0
2012-10-26T09:22:08.000,2306.2,7641,2306.2,64,0.0,0,0.0,0,0.0,0,0.0,0,2306.4,5,0.0,0,0.0,0,0.0,0,0.0,0
2012-10-26T09:22:08.500,2306.2,7643,2306.2,62,0.0,0,0.0,0,0.0,0,0.0,0,2306.4,5,0.0,0,0.0,0,0.0,0,0.0,0
2012-10-26T09:22:09.000,2306.4,7647,2306.2,61,0.0,0,0.0,0,0.0,0,0.0,0,2306.4,6,0.0,0,0.0,0,0.0,0,0.0,0
2012-10-26T09:22:09.500,2306.4,7649,2306.2,60,0.0,0,0.0,0,0.0,0,0.0,0,2306.4,6,0.0,0,0.0,0,0.0,0,0.0,0
2012-10-26T09:22:10.000,2306.2,7657,2306.2,58,0.0,0,0.0,0,0.0,0,0.0,0,2306.4,3,0.0,0,0.0,0,0.0,0,0.0,0
2012-10-26T09:22:10.500,2306.2,7658,2306.2,58,0.0,0,0.0,0,0.0,0,0.0,0,2306.4,3,0.0,0,0.0,0,0.0,0,0.0,0
2012-10-26T09:22:11.000,2306.2,7675,2306.2,48,0.0,0,0.0,0,0.0,0,0.0,0,2306.6,16,0.0,0,0.0,0,0.0,0,0.0,0
2012-10-26T09:22:11.500,2306.2,7677,2306.4,1,0.0,0,0.0,0,0.0,0,0.0,0,2306.6,17,0.0,0,0.0,0,0.0,0,0.0,0
2012-10-26T09:22:12.000,2306.2,7678,2306.4,6,0.0,0,0.0,0,0.0,0,0.0,0,2306.6,17,0.0,0,0.0,0,0.0,0,0.0,0
2012-10-26T09:22:12.500,2306.4,7680,2306.4,29,0.0,0,0.0,0,0.0,0,0.0,0,2306.6,17,0.0,0,0.0,0,0.0,0,0.0,0
2012-10-26T09:22:13.000,2306.4,7688,2306.4,25,0.0,0,0.0,0,0.0,0,0.0,0,2306.6,14,0.0,0,0.0,0,0.0,0,0.0,0
2012-10-26T09:22:13.500,2306.4,7694,2306.4,19,0.0,0,0.0,0,0.0,0,0.0,0,2306.6,14,0.0,0,0.0,0,0.0,0,0.0,0
2012-10-26T09:22:14.000,2306.4,7696,2306.4,21,0.0,0,0.0,0,0.0,0,0.0,0,2306.6,14,0.0,0,0.0,0,0.0,0,0.0,0
2012-10-26T09:22:14.500,2306.4,7699,2306.4,18,0.0,0,0.0,0,0.0,0,0.0,0,2306.6,13,0.0,0,0.0,0,0.0,0,0.0,0
2012-10-26T09:22:15.250,2306.6,7702,2306.4,19,0.0,0,0.0,0,0.0,0,0.0,0,2306.6,11,0.0,0,0.0,0,0.0,0,0.0,0
2012-10-26T09:22:16.000,2306.4,7703,2306.4,21,0.0,0,0.0,0,0.0,0,0.0,0,2306.6,13,0.0,0,0.0,0,0.0,0,0.0,0
2012-10-26T09:22:16.500,2306.6,7704,2306.4,22,0.0,0,0.0,0,0.0,0,0.0,0,2306.6,12,0.0,0,0.0,0,0.0,0,0.0,0
2012-10-26T09:22:17.000,2306.6,7716,2306.4,23,0.0,0,0.0,0,0.0,0,0.0,0,2306.6,4,0.0,0,0.0,0,0.0,0,0.0,0
2012-10-26T09:22:17.500,2306.4,7718,2306.4,27,0.0,0,0.0,0,0.0,0,0.0,0,2306.6,16,0.0,0,0.0,0,0.0,0,0.0,0
2012-10-26T09:22:18.000,2306.4,7719,2306.4,26,0.0,0,0.0,0,0.0,0,0.0,0,2306.6,16,0.0,0,0.0,0,0.0,0,0.0,0
2012-10-26T09:22:18.500,2306.6,7720,2306.4,27,0.0,0,0.0,0,0.0,0,0.0,0,2306.6,19,0.0,0,0.0,0,0.0,0,0.0,0
2012-10-26T09:22:19.000,2306.4,7723,2306.4,27,0.0,0,0.0,0,0.0,0,0.0,0,2306.6,18,0.0,0,0.0,0,0.0,0,0.0,0
2012-10-26T09:22:19.500,2306.6,7743,2306.4,9,0.0,0,0.0,0,0.0,0,0.0,0,2306.6,16,0.0,0,0.0,0,0.0,0,0.0,0
2012-10-26T09:22:20.000,2306.4,7747,2306.4,7,0.0,0,0.0,0,0.0,0,0.0,0,2306.6,15,0.0,0,0.0,0,0.0,0,0.0,0
2012-10-26T09:22:20.500,2306.4,7757,2306.2,95,0.0,0,0.0,0,0.0,0,0.0,0,2306.6,14,0.0,0,0.0,0,0.0,0,0.0,0
2012-10-26T09:22:21.250,2306.4,7761,2306.4,9,0.0,0,0.0,0,0.0,0,0.0,0,2306.6,18,0.0,0,0.0,0,0.0,0,0.0,0
2012-10-26T09:22:22.000,2306.6,7766,2306.4,11,0.0,0,0.0,0,0.0,0,0.0,0,2306.6,17,0.0,0,0.0,0,0.0,0,0.0,0
2012-10-26T09:22:22.500,2306.6,7770,2306.4,21,0.0,0,0.0,0,0.0,0,0.0,0,2306.6,14,0.0,0,0.0,0,0.0,0,0.0,0
2012-10-26T09:22:23.250,2306.6,7771,2306.4,21,0.0,0,0.0,0,0.0,0,0.0,0,2306.6,15,0.0,0,0.0,0,0.0,0,0.0,0
2012-10-26T09:22:24.000,2306.6,7775,2306.4,23,0.0,0,0.0,0,0.0,0,0.0,0,2306.6,8,0.0,0,0.0,0,0.0,0,0.0,0
2012-10-26T09:22:24.500,2306.4,7798,2306.2,104,0.0,0,0.0,0,0.0,0,0.0,0,2306.4,3,0.0,0,0.0,0,0.0,0,0.0,0
2012-10-26T09:22:25.000,2306.2,7800,2306.2,115,0.0,0,0.0,0,0.0,0,0.0,0,2306.4,9,0.0,0,0.0,0,0.0,0,0.0,0
2012-10-26T09:22:25.500,2306.4,7802,2306.2,114,0.0,0,0.0,0,0.0,0,0.0,0,2306.4,7,0.0,0,0.0,0,0.0,0,0.0,0
2012-10-26T09:22:26.250,2306.6,7810,2306.4,6,0.0,0,0.0,0,0.0,0,0.0,0,2306.6,9,0.0,0,0.0,0,0.0,0,0.0,0
2012-10-26T09:22:27.000,2306.4,7811,2306.4,33,0.0,0,0.0,0,0.0,0,0.0,0,2306.6,12,0.0,0,0.0,0,0.0,0,0.0,0
2012-10-26T09:22:27.500,2306.4,7814,2306.4,37,0.0,0,0.0,0,0.0,0,0.0,0,2306.6,19,0.0,0,0.0,0,0.0,0,0.0,0
2012-10-26T09:22:28.250,2306.6,7815,2306.4,51,0.0,0,0.0,0,0.0,0,0.0,0,2306.6,15,0.0,0,0.0,0,0.0,0,0.0,0
2012-10-26T09:22:29.000,2306.6,7816,2306.4,52,0.0,0,0.0,0,0.0,0,0.0,0,2306.6,11,0.0,0,0.0,0,0.0,0,0.0,0
2012-10-26T09:22:29.500,2306.6,7818,2306.4,53,0.0,0,0.0,0,0.0,0,0.0,0,2306.6,9,0.0,0,0.0,0,0.0,0,0.0,0
2012-10-26T09:22:30.000,2306.6,7828,2306.6,18,0.0,0,0.0,0,0.0,0,0.0,0,2306.8,93,0.0,0,0.0,0,0.0,0,0.0,0
2012-10-26T09:22:30.500,2306.6,7837,2306.6,11,0.0,0,0.0,0,0.0,0,0.0,0,2306.8,92,0.0,0,0.0,0,0.0,0,0.0,0
2012-10-26T09:22:31.250,2306.8,7838,2306.6,12,0.0,0,0.0,0,0.0,0,0.0,0,2306.8,93,0.0,0,0.0,0,0.0,0,0.0,0
2012-10-26T09:22:32.000,2306.8,7840,2306.6,13,0.0,0,0.0,0,0.0,0,0.0,0,2306.8,91,0.0,0,0.0,0,0.0,0,0.0,0
2012-10-26T09:22:32.500,2306.6,7846,2306.6,10,0.0,0,0.0,0,0.0,0,0.0,0,2306.8,88,0.0,0,0.0,0,0.0,0,0.0,0
2012-10-26T09:22:33.000,2306.6,7847,2306.6,11,0.0,0,0.0,0,0.0,0,0.0,0,2306.8,88,0.0,0,0.0,0,0.0,0,0.0,0
2012-10-26T09:22:33.500,2306.6,7848,2306.6,11,0.0,0,0.0,0,0.0,0,0.0,0,2306.8,88,0.0,0,0.0,0,0.0,0,0.0,0
2012-10-26T09:22:34.250,2306.8,7849,2306.6,16,0.0,0,0.0,0,0.0,0,0.0,0,2306.8,87,0.0,0,0.0,0,0.0,0,0.0,0
2012-10-26T09:22:35.250,2306.6,7854,2306.6,12,0.0,0,0.0,0,0.0,0,0.0,0,2306.8,87,0.0,0,0.0,0,0.0,0,0.0,0
2012-10-26T09:22:36.250,2306.6,7858,2306.6,15,0.0,0,0.0,0,0.0,0,0.0,0,2306.8,85,0.0,0,0.0,0,0.0,0,0.0,0
2012-10-26T09:22:37.250,2306.6,7865,2306.6,9,0.0,0,0.0,0,0.0,0,0.0,0,2306.8,85,0.0,0,0.0,0,0.0,0,0.0,0
2012-10-26T09:22:39.250,2306.8,7866,2306.6,13,0.0,0,0.0,0,0.0,0,0.0,0,2306.8,86,0.0,0,0.0,0,0.0,0,0.0,0
2012-10-26T09:22:40.250,2306.8,7869,2306.6,11,0.0,0,0.0,0,0.0,0,0.0,0,2306.8,85,0.0,0,0.0,0,0.0,0,0.0,0
2012-10-26T09:22:41.000,2306.8,7871,2306.6,10,0.0,0,0.0,0,0.0,0,0.0,0,2306.8,84,0.0,0,0.0,0,0.0,0,0.0,0
2012-10-26T09:22:41.500,2306.6,7872,2306.6,13,0.0,0,0.0,0,0.0,0,0.0,0,2306.8,84,0.0,0,0.0,0,0.0,0,0.0,0
2012-10-26T09:22:42.000,2306.8,7874,2306.6,12,0.0,0,0.0,0,0.0,0,0.0,0,2306.8,83,0.0,0,0.0,0,0.0,0,0.0,0
2012-10-26T09:22:42.500,2306.8,7888,2306.4,35,0.0,0,0.0,0,0.0,0,0.0,0,2306.8,82,0.0,0,0.0,0,0.0,0,0.0,0
2012-10-26T09:22:44.000,2306.4,7890,2306.4,34,0.0,0,0.0,0,0.0,0,0.0,0,2306.6,6,0.0,0,0.0,0,0.0,0,0.0,0
2012-10-26T09:22:44.500,2306.6,7892,2306.4,34,0.0,0,0.0,0,0.0,0,0.0,0,2306.6,5,0.0,0,0.0,0,0.0,0,0.0,0
2012-10-26T09:22:46.000,2306.6,7893,2306.4,34,0.0,0,0.0,0,0.0,0,0.0,0,2306.6,12,0.0,0,0.0,0,0.0,0,0.0,0
2012-10-26T09:22:46.500,2306.6,7894,2306.4,37,0.0,0,0.0,0,0.0,0,0.0,0,2306.6,14,0.0,0,0.0,0,0.0,0,0.0,0
2012-10-26T09:22:47.000,2306.6,7896,2306.4,37,0.0,0,0.0,0,0.0,0,0.0,0,2306.6,21,0.0,0,0.0,0,0.0,0,0.0,0
2012-10-26T09:22:47.500,2306.6,7897,2306.4,37,0.0,0,0.0,0,0.0,0,0.0,0,2306.6,21,0.0,0,0.0,0,0.0,0,0.0,0
2012-10-26T09:22:49.000,2306.6,7901,2306.4,42,0.0,0,0.0,0,0.0,0,0.0,0,2306.6,19,0.0,0,0.0,0,0.0,0,0.0,0
2012-10-26T09:22:49.500,2306.6,7902,2306.4,42,0.0,0,0.0,0,0.0,0,0.0,0,2306.6,18,0.0,0,0.0,0,0.0,0,0.0,0
2012-10-26T09:22:50.250,2306.6,7903,2306.4,42,0.0,0,0.0,0,0.0,0,0.0,0,2306.6,17,0.0,0,0.0,0,0.0,0,0.0,0
2012-10-26T09:22:51.000,2306.6,7904,2306.4,42,0.0,0,0.0,0,0.0,0,0.0,0,2306.6,16,0.0,0,0.0,0,0.0,0,0.0,0
2012-10-26T09:22:51.500,2306.6,7912,2306.4,41,0.0,0,0.0,0,0.0,0,0.0,0,2306.6,9,0.0,0,0.0,0,0.0,0,0.0,0
2012-10-26T09:22:52.250,2306.4,7914,2306.4,42,0.0,0,0.0,0,0.0,0,0.0,0,2306.6,9,0.0,0,0.0,0,0.0,0,0.0,0
2012-10-26T09:22:53.250,2306.6,7915,2306.4,46,0.0,0,0.0,0,0.0,0,0.0,0,2306.6,8,0.0,0,0.0,0,0.0,0,0.0,0
2012-10-26T09:22:54.250,2306.4,7920,2306.4,45,0.0,0,0.0,0,0.0,0,0.0,0,2306.6,4,0.0,0,0.0,0,0.0,0,0.0,0
2012-10-26T09:22:55.000,2306.6,7922,2306.4,45,0.0,0,0.0,0,0.0,0,0.0,0,2306.6,2,0.0,0,0.0,0,0.0,0,0.0,0
2012-10-26T09:22:55.500,2306.6,7926,2306.6,1,0.0,0,0.0,0,0.0,0,0.0,0,2306.8,87,0.0,0,0.0,0,0.0,0,0.0,0
2012-10-26T09:22:56.000,2306.6,7927,2306.4,42,0.0,0,0.0,0,0.0,0,0.0,0,2306.8,87,0.0,0,0.0,0,0.0,0,0.0,0
2012-10-26T09:22:56.500,2306.6,7929,2306.6,1,0.0,0,0.0,0,0.0,0,0.0,0,2306.8,86,0.0,0,0.0,0,0.0,0,0.0,0
2012-10-26T09:22:57.000,2306.6,7930,2306.4,42,0.0,0,0.0,0,0.0,0,0.0,0,2306.6,2,0.0,0,0.0,0,0.0,0,0.0,0
2012-10-26T09:22:57.500,2306.4,7933,2306.6,2,0.0,0,0.0,0,0.0,0,0.0,0,2306.8,87,0.0,0,0.0,0,0.0,0,0.0,0
2012-10-26T09:22:58.000,2306.4,7940,2306.4,34,0.0,0,0.0,0,0.0,0,0.0,0,2306.6,5,0.0,0,0.0,0,0.0,0,0.0,0
2012-10-26T09:22:58.500,2306.6,7943,2306.4,34,0.0,0,0.0,0,0.0,0,0.0,0,2306.6,3,0.0,0,0.0,0,0.0,0,0.0,0
2012-10-26T09:22:59.250,2306.6,7944,2306.4,34,0.0,0,0.0,0,0.0,0,0.0,0,2306.6,8,0.0,0,0.0,0,0.0,0,0.0,0
2012-10-26T09:23:00.000,2306.6,7955,2306.4,33,0.0,0,0.0,0,0.0,0,0.0,0,2306.8,86,0.0,0,0.0,0,0.0,0,0.0,0
2012-10-26T09:23:00.500,2306.8,7959,2306.6,2,0.0,0,0.0,0,0.0,0,0.0,0,2306.8,84,0.0,0,0.0,0,0.0,0,0.0,0
2012-10-26T09:23:01.000,2306.6,7961,2306.4,35,0.0,0,0.0,0,0.0,0,0.0,0,2306.8,86,0.0,0,0.0,0,0.0,0,0.0,0
2012-10-26T09:23:01.500,2306.6,7963,2306.4,36,0.0,0,0.0,0,0.0,0,0.0,0,2306.6,2,0.0,0,0.0,0,0.0,0,0.0,0
2012-10-26T09:23:02.250,2306.6,7964,2306.4,39,0.0,0,0.0,0,0.0,0,0.0,0,2306.6,1,0.0,0,0.0,0,0.0,0,0.0,0
2012-10-26T09:23:03.250,2306.4,7967,2306.6,6,0.0,0,0.0,0,0.0,0,0.0,0,2306.8,87,0.0,0,0.0,0,0.0,0,0.0,0
2012-10-26T09:23:04.000,2306.8,7969,2306.6,6,0.0,0,0.0,0,0.0,0,0.0,0,2306.8,86,0.0,0,0.0,0,0.0,0,0.0,0
2012-10-26T09:23:04.500,2306.6,7971,2306.6,6,0.0,0,0.0,0,0.0,0,0.0,0,2306.8,87,0.0,0,0.0,0,0.0,0,0.0,0
2012-10-26T09:23:05.000,2306.6,7977,2306.6,1,0.0,0,0.0,0,0.0,0,0.0,0,2306.8,87,0.0,0,0.0,0,0.0,0,0.0,0
2012-10-26T09:23:05.500,2306.8,7978,2306.6,2,0.0,0,0.0,0,0.0,0,0.0,0,2306.8,86,0.0,0,0.0,0,0.0,0,0.0,0
2012-10-26T09:23:06.000,2306.6,7980,2306.4,46,0.0,0,0.0,0,0.0,0,0.0,0,2306.8,86,0.0,0,0.0,0,0.0,0,0.0,0
2012-10-26T09:23:06.500,2306.8,7982,2306.4,46,0.0,0,0.0,0,0.0,0,0.0,0,2306.8,84,0.0,0,0.0,0,0.0,0,0.0,0
2012-10-26T09:23:07.250,2306.8,7989,2306.6,1,0.0,0,0.0,0,0.0,0,0.0,0,2306.8,78,0.0,0,0.0,0,0.0,0,0.0,0
2012-10-26T09:23:08.250,2306.8,7990,2306.6,3,0.0,0,0.0,0,0.0,0,0.0,0,2306.8,77,0.0,0,0.0,0,0.0,0,0.0,0
2012-10-26T09:23:09.000,2306.8,7992,2306.6,8,0.0,0,0.0,0,0.0,0,0.0,0,2306.8,75,0.0,0,0.0,0,0.0,0,0.0,0
2012-10-26T09:23:09.500,2306.8,7994,2306.6,21,0.0,0,0.0,0,0.0,0,0.0,0,2306.8,72,0.0,0,0.0,0,0.0,0,0.0,0
2012-10-26T09:23:10.000,2306.8,8006,2306.6,42,0.0,0,0.0,0,0.0,0,0.0,0,2306.8,60,0.0,0,0.0,0,0.0,0,0.0,0
2012-10-26T09:23:10.500,2306.8,8034,2306.6,43,0.0,0,0.0,0,0.0,0,0.0,0,2306.8,32,0.0,0,0.0,0,0.0,0,0.0,0
2012-10-26T09:23:11.000,2306.8,8047,2306.6,40,0.0,0,0.0,0,0.0,0,0.0,0,2306.8,18,0.0,0,0.0,0,0.0,0,0.0,0
2012-10-26T09:23:11.500,2306.8,8054,2306.6,40,0.0,0,0.0,0,0.0,0,0.0,0,2306.8,11,0.0,0,0.0,0,0.0,0,0.0,0
2012-10-26T09:23:12.000,2306.8,8058,2306.6,44,0.0,0,0.0,0,0.0,0,0.0,0,2306.8,7,0.0,0,0.0,0,0.0,0,0.0,0
2012-10-26T09:23:12.500,2306.8,8067,2306.8,31,0.0,0,0.0,0,0.0,0,0.0,0,2307,41,0.0,0,0.0,0,0.0,0,0.0,0
2012-10-26T09:23:13.250,2307,8075,2306.8,35,0.0,0,0.0,0,0.0,0,0.0,0,2307,33,0.0,0,0.0,0,0.0,0,0.0,0
2012-10-26T09:23:14.250,2307,8091,2306.8,39,0.0,0,0.0,0,0.0,0,0.0,0,2307,16,0.0,0,0.0,0,0.0,0,0.0,0
2012-10-26T09:23:15.250,2307,8139,2307,16,0.0,0,0.0,0,0.0,0,0.0,0,2307.2,1,0.0,0,0.0,0,0.0,0,0.0,0
2012-10-26T09:23:16.000,2307.2,8141,2307,19,0.0,0,0.0,0,0.0,0,0.0,0,2307.2,2,0.0,0,0.0,0,0.0,0,0.0,0
2012-10-26T09:23:16.500,2307.2,8142,2307,21,0.0,0,0.0,0,0.0,0,0.0,0,2307.2,1,0.0,0,0.0,0,0.0,0,0.0,0
2012-10-26T09:23:17.000,2307.2,8143,2307.2,3,0.0,0,0.0,0,0.0,0,0.0,0,2307.4,8,0.0,0,0.0,0,0.0,0,0.0,0
2012-10-26T09:23:17.500,2307.4,8148,2307.2,2,0.0,0,0.0,0,0.0,0,0.0,0,2307.4,5,0.0,0,0.0,0,0.0,0,0.0,0
2012-10-26T09:23:18.000,2307.4,8153,2307.2,2,0.0,0,0.0,0,0.0,0,0.0,0,2307.4,12,0.0,0,0.0,0,0.0,0,0.0,0
2012-10-26T09:23:18.500,2307.4,8156,2307.2,3,0.0,0,0.0,0,0.0,0,0.0,0,2307.4,9,0.0,0,0.0,0,0.0,0,0.0,0
2012-10-26T09:23:19.000,2307.4,8159,2307.2,3,0.0,0,0.0,0,0.0,0,0.0,0,2307.4,7,0.0,0,0.0,0,0.0,0,0.0,0
2012-10-26T09:23:19.500,2307.4,8165,2307.2,2,0.0,0,0.0,0,0.0,0,0.0,0,2307.4,3,0.0,0,0.0,0,0.0,0,0.0,0
2012-10-26T09:23:20.000,2307.4,8167,2307.2,2,0.0,0,0.0,0,0.0,0,0.0,0,2307.4,2,0.0,0,0.0,0,0.0,0,0.0,0
2012-10-26T09:23:20.500,2307.6,8171,2307.4,8,0.0,0,0.0,0,0.0,0,0.0,0,2307.6,19,0.0,0,0.0,0,0.0,0,0.0,0
2012-10-26T09:23:21.000,2307.4,8172,2307.4,8,0.0,0,0.0,0,0.0,0,0.0,0,2307.6,19,0.0,0,0.0,0,0.0,0,0.0,0
2012-10-26T09:23:21.500,2307.6,8193,2307.2,4,0.0,0,0.0,0,0.0,0,0.0,0,2307.4,1,0.0,0,0.0,0,0.0,0,0.0,0
2012-10-26T09:23:22.000,2307.4,8196,2307.2,4,0.0,0,0.0,0,0.0,0,0.0,0,2307.4,10,0.0,0,0.0,0,0.0,0,0.0,0
2012-10-26T09:23:22.500,2307.4,8206,2307.2,4,0.0,0,0.0,0,0.0,0,0.0,0,2307.4,2,0.0,0,0.0,0,0.0,0,0.0,0
2012-10-26T09:23:23.000,2307.2,8212,2307,26,0.0,0,0.0,0,0.0,0,0.0,0,2307.4,1,0.0,0,0.0,0,0.0,0,0.0,0
2012-10-26T09:23:23.500,2307.6,8215,2307,26,0.0,0,0.0,0,0.0,0,0.0,0,2307.6,12,0.0,0,0.0,0,0.0,0,0.0,0
2012-10-26T09:23:24.000,2307.4,8219,2307.4,4,0.0,0,0.0,0,0.0,0,0.0,0,2307.6,9,0.0,0,0.0,0,0.0,0,0.0,0
2012-10-26T09:23:24.500,2307.4,8229,2307.2,1,0.0,0,0.0,0,0.0,0,0.0,0,2307.4,2,0.0,0,0.0,0,0.0,0,0.0,0
2012-10-26T09:23:25.250,2307.4,8235,2307.4,1,0.0,0,0.0,0,0.0,0,0.0,0,2307.6,5,0.0,0,0.0,0,0.0,0,0.0,0
2012-10-26T09:23:26.000,2307.6,8236,2307.4,5,0.0,0,0.0,0,0.0,0,0.0,0,2307.6,9,0.0,0,0.0,0,0.0,0,0.0,0
2012-10-26T09:23:26.500,2307.6,8245,2307.4,1,0.0,0,0.0,0,0.0,0,0.0,0,2307.6,6,0.0,0,0.0,0,0.0,0,0.0,0
2012-10-26T09:23:27.000,2307.6,8249,2307.4,1,0.0,0,0.0,0,0.0,0,0.0,0,2307.6,3,0.0,0,0.0,0,0.0,0,0.0,0
2012-10-26T09:23:27.500,2307.6,8254,2307.4,3,0.0,0,0.0,0,0.0,0,0.0,0,2307.8,54,0.0,0,0.0,0,0.0,0,0.0,0
2012-10-26T09:23:28.250,2307.8,8257,2307.4,5,0.0,0,0.0,0,0.0,0,0.0,0,2307.6,7,0.0,0,0.0,0,0.0,0,0.0,0
2012-10-26T09:23:29.000,2307.6,8266,2307.6,10,0.0,0,0.0,0,0.0,0,0.0,0,2307.8,54,0.0,0,0.0,0,0.0,0,0.0,0
2012-10-26T09:23:29.500,2307.6,8280,2307.6,2,0.0,0,0.0,0,0.0,0,0.0,0,2307.8,49,0.0,0,0.0,0,0.0,0,0.0,0
2012-10-26T09:23:30.000,2307.8,8284,2307.6,1,0.0,0,0.0,0,0.0,0,0.0,0,2307.8,47,0.0,0,0.0,0,0.0,0,0.0,0
2012-10-26T09:23:30.500,2307.8,8292,2307.4,8,0.0,0,0.0,0,0.0,0,0.0,0,2307.8,40,0.0,0,0.0,0,0.0,0,0.0,0
2012-10-26T09:23:31.000,2307.8,8297,2307.4,10,0.0,0,0.0,0,0.0,0,0.0,0,2307.8,37,0.0,0,0.0,0,0.0,0,0.0,0
2012-10-26T09:23:31.500,2307.8,8304,2307.6,3,0.0,0,0.0,0,0.0,0,0.0,0,2307.8,36,0.0,0,0.0,0,0.0,0,0.0,0
2012-10-26T09:23:32.000,2307.6,8320,2307.6,1,0.0,0,0.0,0,0.0,0,0.0,0,2307.8,22,0.0,0,0.0,0,0.0,0,0.0,0
2012-10-26T09:23:32.500,2307.8,8330,2307.4,15,0.0,0,0.0,0,0.0,0,0.0,0,2307.6,1,0.0,0,0.0,0,0.0,0,0.0,0
2012-10-26T09:23:33.000,2307.8,8344,2307.6,2,0.0,0,0.0,0,0.0,0,0.0,0,2307.8,8,0.0,0,0.0,0,0.0,0,0.0,0
2012-10-26T09:23:33.500,2307.6,8346,2307.4,15,0.0,0,0.0,0,0.0,0,0.0,0,2307.8,10,0.0,0,0.0,0,0.0,0,0.0,0
2012-10-26T09:23:34.000,2307.8,8352,2307.4,18,0.0,0,0.0,0,0.0,0,0.0,0,2307.8,11,0.0,0,0.0,0,0.0,0,0.0,0
2012-10-26T09:23:34.500,2307.8,8354,2307.6,13,0.0,0,0.0,0,0.0,0,0.0,0,2307.8,12,0.0,0,0.0,0,0.0,0,0.0,0
2012-10-26T09:23:35.000,2307.8,8357,2307.6,13,0.0,0,0.0,0,0.0,0,0.0,0,2307.8,10,0.0,0,0.0,0,0.0,0,0.0,0
2012-10-26T09:23:35.500,2307.6,8358,2307.6,13,0.0,0,0.0,0,0.0,0,0.0,0,2307.8,10,0.0,0,0.0,0,0.0,0,0.0,0
2012-10-26T09:23:36.000,2307.6,8377,2307.6,7,0.0,0,0.0,0,0.0,0,0.0,0,2308,111,0.0,0,0.0,0,0.0,0,0.0,0
2012-10-26T09:23:36.500,2307.8,8380,2307.6,6,0.0,0,0.0,0,0.0,0,0.0,0,2307.8,2,0.0,0,0.0,0,0.0,0,0.0,0
2012-10-26T09:23:37.000,2307.6,8383,2307.6,5,0.0,0,0.0,0,0.0,0,0.0,0,2307.8,2,0.0,0,0.0,0,0.0,0,0.0,0
2012-10-26T09:23:37.500,2307.8,8388,2307.6,10,0.0,0,0.0,0,0.0,0,0.0,0,2307.8,1,0.0,0,0.0,0,0.0,0,0.0,0
2012-10-26T09:23:38.000,2308,8397,2307.6,12,0.0,0,0.0,0,0.0,0,0.0,0,2307.8,10,0.0,0,0.0,0,0.0,0,0.0,0
2012-10-26T09:23:38.500,2307.8,8401,2307.6,15,0.0,0,0.0,0,0.0,0,0.0,0,2307.8,11,0.0,0,0.0,0,0.0,0,0.0,0
2012-10-26T09:23:39.000,2307.8,8404,2307.6,15,0.0,0,0.0,0,0.0,0,0.0,0,2307.8,46,0.0,0,0.0,0,0.0,0,0.0,0
2012-10-26T09:23:39.500,2307.6,8430,2307.6,2,0.0,0,0.0,0,0.0,0,0.0,0,2307.8,37,0.0,0,0.0,0,0.0,0,0.0,0
2012-10-26T09:23:40.000,2307.6,8438,2307.4,28,0.0,0,0.0,0,0.0,0,0.0,0,2307.6,1,0.0,0,0.0,0,0.0,0,0.0,0
2012-10-26T09:23:40.500,2307.8,8443,2307.6,1,0.0,0,0.0,0,0.0,0,0.0,0,2307.8,35,0.0,0,0.0,0,0.0,0,0.0,0
2012-10-26T09:23:41.000,2307.6,8458,2307.4,31,0.0,0,0.0,0,0.0,0,0.0,0,2307.6,6,0.0,0,0.0,0,0.0,0,0.0,0
2012-10-26T09:23:41.500,2307.4,8461,2307.4,28,0.0,0,0.0,0,0.0,0,0.0,0,2307.6,6,0.0,0,0.0,0,0.0,0,0.0,0
2012-10-26T09:23:42.250,2307.6,8464,2307.4,28,0.0,0,0.0,0,0.0,0,0.0,0,2307.6,4,0.0,0,0.0,0,0.0,0,0.0,0
2012-10-26T09:23:43.000,2307.6,8468,2307.4,30,0.0,0,0.0,0,0.0,0,0.0,0,2307.8,62,0.0,0,0.0,0,0.0,0,0.0,0
2012-10-26T09:23:43.500,2307.8,8473,2307.4,27,0.0,0,0.0,0,0.0,0,0.0,0,2307.6,1,0.0,0,0.0,0,0.0,0,0.0,0
2012-10-26T09:23:44.000,2307.6,8474,2307.4,25,0.0,0,0.0,0,0.0,0,0.0,0,2307.8,63,0.0,0,0.0,0,0.0,0,0.0,0
2012-10-26T09:23:44.500,2307.8,8477,2307.6,10,0.0,0,0.0,0,0.0,0,0.0,0,2307.8,72,0.0,0,0.0,0,0.0,0,0.0,0
2012-10-26T09:23:45.250,2307.8,8478,2307.6,11,0.0,0,0.0,0,0.0,0,0.0,0,2307.8,73,0.0,0,0.0,0,0.0,0,0.0,0
2012-10-26T09:23:46.250,2307.8,8479,2307.6,12,0.0,0,0.0,0,0.0,0,0.0,0,2307.8,62,0.0,0,0.0,0,0.0,0,0.0,0
2012-10-26T09:23:47.000,2307.8,8482,2307.6,13,0.0,0,0.0,0,0.0,0,0.0,0,2307.8,60,0.0,0,0.0,0,0.0,0,0.0,0
2012-10-26T09:23:47.500,2307.8,8487,2307.6,15,0.0,0,0.0,0,0.0,0,0.0,0,2307.8,55,0.0,0,0.0,0,0.0,0,0.0,0
2012-10-26T09:23:48.000,2307.8,8488,2307.6,16,0.0,0,0.0,0,0.0,0,0.0,0,2307.8,54,0.0,0,0.0,0,0.0,0,0.0,0
2012-10-26T09:23:48.500,2307.6,8489,2307.6,16,0.0,0,0.0,0,0.0,0,0.0,0,2307.8,52,0.0,0,0.0,0,0.0,0,0.0,0
2012-10-26T09:23:49.000,2307.8,8490,2307.6,19,0.0,0,0.0,0,0.0,0,0.0,0,2307.8,51,0.0,0,0.0,0,0.0,0,0.0,0
2012-10-26T09:23:49.500,2307.6,8491,2307.6,18,0.0,0,0.0,0,0.0,0,0.0,0,2307.8,51,0.0,0,0.0,0,0.0,0,0.0,0
2012-10-26T09:23:51.250,2307.6,8492,2307.6,20,0.0,0,0.0,0,0.0,0,0.0,0,2307.8,52,0.0,0,0.0,0,0.0,0,0.0,0
2012-10-26T09:23:52.000,2307.8,8511,2307.6,22,0.0,0,0.0,0,0.0,0,0.0,0,2307.8,33,0.0,0,0.0,0,0.0,0,0.0,0
2012-10-26T09:23:52.500,2307.8,8512,2307.6,26,0.0,0,0.0,0,0.0,0,0.0,0,2307.8,32,0.0,0,0.0,0,0.0,0,0.0,0
2012-10-26T09:23:53.250,2307.6,8514,2307.6,26,0.0,0,0.0,0,0.0,0,0.0,0,2307.8,33,0.0,0,0.0,0,0.0,0,0.0,0
2012-10-26T09:23:54.000,2307.6,8515,2307.6,25,0.0,0,0.0,0,0.0,0,0.0,0,2307.8,35,0.0,0,0.0,0,0.0,0,0.0,0
2012-10-26T09:23:54.500,2307.8,8522,2307.6,25,0.0,0,0.0,0,0.0,0,0.0,0,2307.8,29,0.0,0,0.0,0,0.0,0,0.0,0
2012-10-26T09:23:57.000,2307.6,8526,2307.6,24,0.0,0,0.0,0,0.0,0,0.0,0,2307.8,45,0.0,0,0.0,0,0.0,0,0.0,0
2012-10-26T09:23:57.500,2307.8,8529,2307.6,23,0.0,0,0.0,0,0.0,0,0.0,0,2307.8,42,0.0,0,0.0,0,0.0,0,0.0,0
2012-10-26T09:23:58.000,2307.8,8535,2307.6,24,0.0,0,0.0,0,0.0,0,0.0,0,2307.8,37,0.0,0,0.0,0,0.0,0,0.0,0
2012-10-26T09:23:58.500,2307.6,8540,2307.6,21,0.0,0,0.0,0,0.0,0,0.0,0,2307.8,35,0.0,0,0.0,0,0.0,0,0.0,0
2012-10-26T09:24:00.000,2307.8,8543,2307.6,19,0.0,0,0.0,0,0.0,0,0.0,0,2307.8,35,0.0,0,0.0,0,0.0,0,0.0,0
2012-10-26T09:24:00.500,2307.8,8547,2307.6,19,0.0,0,0.0,0,0.0,0,0.0,0,2307.8,33,0.0,0,0.0,0,0.0,0,0.0,0
2012-10-26T09:24:01.250,2307.8,8548,2307.6,19,0.0,0,0.0,0,0.0,0,0.0,0,2307.8,35,0.0,0,0.0,0,0.0,0,0.0,0
2012-10-26T09:24:02.000,2307.8,8550,2307.6,22,0.0,0,0.0,0,0.0,0,0.0,0,2307.8,33,0.0,0,0.0,0,0.0,0,0.0,0
2012-10-26T09:24:02.500,2307.8,8553,2307.6,22,0.0,0,0.0,0,0.0,0,0.0,0,2307.8,30,0.0,0,0.0,0,0.0,0,0.0,0
2012-10-26T09:24:04.250,2307.6,8556,2307.6,20,0.0,0,0.0,0,0.0,0,0.0,0,2307.8,35,0.0,0,0.0,0,0.0,0,0.0,0
2012-10-26T09:24:05.000,2307.8,8557,2307.6,21,0.0,0,0.0,0,0.0,0,0.0,0,2307.8,37,0.0,0,0.0,0,0.0,0,0.0,0
2012-10-26T09:24:05.500,2307.8,8560,2307.6,21,0.0,0,0.0,0,0.0,0,0.0,0,2307.8,34,0.0,0,0.0,0,0.0,0,0.0,0
2012-10-26T09:24:06.000,2307.8,8567,2307.6,17,0.0,0,0.0,0,0.0,0,0.0,0,2307.8,32,0.0,0,0.0,0,0.0,0,0.0,0
2012-10-26T09:24:06.500,2307.8,8568,2307.6,17,0.0,0,0.0,0,0.0,0,0.0,0,2307.8,31,0.0,0,0.0,0,0.0,0,0.0,0
2012-10-26T09:24:08.000,2307.6,8590,2307.4,45,0.0,0,0.0,0,0.0,0,0.0,0,2307.6,4,0.0,0,0.0,0,0.0,0,0.0,0
2012-10-26T09:24:08.500,2307.6,8594,2307.4,45,0.0,0,0.0,0,0.0,0,0.0,0,2307.6,1,0.0,0,0.0,0,0.0,0,0.0,0
2012-10-26T09:24:09.250,2307.8,8598,2307.4,45,0.0,0,0.0,0,0.0,0,0.0,0,2307.8,64,0.0,0,0.0,0,0.0,0,0.0,0
2012-10-26T09:24:10.250,2307.6,8604,2307.4,42,0.0,0,0.0,0,0.0,0,0.0,0,2307.6,14,0.0,0,0.0,0,0.0,0,0.0,0
2012-10-26T09:24:11.000,2307.6,8605,2307.4,42,0.0,0,0.0,0,0.0,0,0.0,0,2307.6,13,0.0,0,0.0,0,0.0,0,0.0,0
2012-10-26T09:24:11.500,2307.6,8611,2307.4,42,0.0,0,0.0,0,0.0,0,0.0,0,2307.6,7,0.0,0,0.0,0,0.0,0,0.0,0
2012-10-26T09:24:12.250,2307.6,8618,2307.6,9,0.0,0,0.0,0,0.0,0,0.0,0,2307.8,72,0.0,0,0.0,0,0.0,0,0.0,0
2012-10-26T09:24:13.000,2307.6,8621,2307.6,7,0.0,0,0.0,0,0.0,0,0.0,0,2307.8,72,0.0,0,0.0,0,0.0,0,0.0,0
2012-10-26T09:24:13.500,2307.6,8622,2307.6,6,0.0,0,0.0,0,0.0,0,0.0,0,2307.8,72,0.0,0,0.0,0,0.0,0,0.0,0
2012-10-26T09:24:14.000,2307.6,8629,2307.6,4,0.0,0,0.0,0,0.0,0,0.0,0,2307.8,72,0.0,0,0.0,0,0.0,0,0.0,0
2012-10-26T09:24:14.500,2307.6,8635,2307.6,3,0.0,0,0.0,0,0.0,0,0.0,0,2307.8,67,0.0,0,0.0,0,0.0,0,0.0,0
2012-10-26T09:24:15.000,2307.6,8638,2307.4,45,0.0,0,0.0,0,0.0,0,0.0,0,2307.6,1,0.0,0,0.0,0,0.0,0,0.0,0
2012-10-26T09:24:15.500,2307.8,8642,2307.4,45,0.0,0,0.0,0,0.0,0,0.0,0,2307.8,80,0.0,0,0.0,0,0.0,0,0.0,0
2012-10-26T09:24:16.000,2307.8,8643,2307.6,1,0.0,0,0.0,0,0.0,0,0.0,0,2307.8,80,0.0,0,0.0,0,0.0,0,0.0,0
2012-10-26T09:24:16.500,2307.6,8644,2307.4,51,0.0,0,0.0,0,0.0,0,0.0,0,2307.8,81,0.0,0,0.0,0,0.0,0,0.0,0
2012-10-26T09:24:18.250,2307.4,8648,2307.4,52,0.0,0,0.0,0,0.0,0,0.0,0,2307.6,7,0.0,0,0.0,0,0.0,0,0.0,0
2012-10-26T09:24:19.000,2307.4,8652,2307.4,51,0.0,0,0.0,0,0.0,0,0.0,0,2307.6,4,0.0,0,0.0,0,0.0,0,0.0,0
2012-10-26T09:24:19.500,2307.4,8653,2307.4,50,0.0,0,0.0,0,0.0,0,0.0,0,2307.6,5,0.0,0,0.0,0,0.0,0,0.0,0
2012-10-26T09:24:20.250,2307.4,8654,2307.4,46,0.0,0,0.0,0,0.0,0,0.0,0,2307.6,5,0.0,0,0.0,0,0.0,0,0.0,0
2012-10-26T09:24:21.000,2307.6,8657,2307.4,45,0.0,0,0.0,0,0.0,0,0.0,0,2307.6,8,0.0,0,0.0,0,0.0,0,0.0,0
2012-10-26T09:24:21.500,2307.4,8659,2307.4,44,0.0,0,0.0,0,0.0,0,0.0,0,2307.6,7,0.0,0,0.0,0,0.0,0,0.0,0
2012-10-26T09:24:22.000,2307.4,8663,2307.4,41,0.0,0,0.0,0,0.0,0,0.0,0,2307.6,6,0.0,0,0.0,0,0.0,0,0.0,0
2012-10-26T09:24:22.500,2307.6,8666,2307.4,40,0.0,0,0.0,0,0.0,0,0.0,0,2307.6,5,0.0,0,0.0,0,0.0,0,0.0,0
2012-10-26T09:24:23.250,2307.4,8672,2307.4,34,0.0,0,0.0,0,0.0,0,0.0,0,2307.6,6,0.0,0,0.0,0,0.0,0,0.0,0
2012-10-26T09:24:24.250,2307.6,8673,2307.4,34,0.0,0,0.0,0,0.0,0,0.0,0,2307.6,6,0.0,0,0.0,0,0.0,0,0.0,0
2012-10-26T09:24:26.000,2307.4,8676,2307.4,32,0.0,0,0.0,0,0.0,0,0.0,0,2307.6,9,0.0,0,0.0,0,0.0,0,0.0,0
2012-10-26T09:24:26.500,2307.4,8710,2307.2,22,0.0,0,0.0,0,0.0,0,0.0,0,2307.4,17,0.0,0,0.0,0,0.0,0,0.0,0
2012-10-26T09:24:27.000,2307.2,8718,2307.2,17,0.0,0,0.0,0,0.0,0,0.0,0,2307.4,14,0.0,0,0.0,0,0.0,0,0.0,0
2012-10-26T09:24:27.500,2307.2,8719,2307.2,16,0.0,0,0.0,0,0.0,0,0.0,0,2307.4,15,0.0,0,0.0,0,0.0,0,0.0,0
2012-10-26T09:24:28.000,2307.2,8725,2307.2,10,0.0,0,0.0,0,0.0,0,0.0,0,2307.4,19,0.0,0,0.0,0,0.0,0,0.0,0
