date_time,last_px,total_volume,bid1_px,bid1_qty,bid2_px,bid2_qty,bid3_px,bid3_qty,bid4_px,bid4_qty,bid5_px,bid5_qty,ask1_px,ask1_qty,ask2_px,ask2_qty,ask3_px,ask3_qty,ask4_px,ask4_qty,ask5_px,ask5_qty
2012-10-19T09:14:00.250,2350,172,2350,94,0.0,0,0.0,0,0.0,0,0.0,0,2350.6,15,0.0,0,0.0,0,0.0,0,0.0,0
2012-10-19T09:15:00.250,2350.6,301,2350.6,34,0.0,0,0.0,0,0.0,0,0.0,0,2351.4,5,0.0,0,0.0,0,0.0,0,0.0,0
2012-10-19T09:15:01.000,2350.6,512,2351,7,0.0,0,0.0,0,0.0,0,0.0,0,2351.4,41,0.0,0,0.0,0,0.0,0,0.0,0
2012-10-19T09:15:01.500,2350.4,583,2350.4,13,0.0,0,0.0,0,0.0,0,0.0,0,2351,33,0.0,0,0.0,0,0.0,0,0.0,0
2012-10-19T09:15:02.000,2350.2,646,2350.2,4,0.0,0,0.0,0,0.0,0,0.0,0,2350.4,32,0.0,0,0.0,0,0.0,0,0.0,0
2012-10-19T09:15:02.500,2350,707,2349.6,3,0.0,0,0.0,0,0.0,0,0.0,0,2350,35,0.0,0,0.0,0,0.0,0,0.0,0
2012-10-19T09:15:03.000,2349.6,728,2349.2,28,0.0,0,0.0,0,0.0,0,0.0,0,2349.6,39,0.0,0,0.0,0,0.0,0,0.0,0
2012-10-19T09:15:03.500,2349.2,819,2349.2,3,0.0,0,0.0,0,0.0,0,0.0,0,2349.4,7,0.0,0,0.0,0,0.0,0,0.0,0
2012-10-19T09:15:04.000,2349,840,2349,41,0.0,0,0.0,0,0.0,0,0.0,0,2349.2,44,0.0,0,0.0,0,0.0,0,0.0,0
2012-10-19T09:15:04.500,2349,912,2348.8,4,0.0,0,0.0,0,0.0,0,0.0,0,2349,12,0.0,0,0.0,0,0.0,0,0.0,0
2012-10-19T09:15:05.000,2348.8,942,2348.6,26,0.0,0,0.0,0,0.0,0,0.0,0,2348.8,15,0.0,0,0.0,0,0.0,0,0.0,0
2012-10-19T09:15:05.500,2348.8,1016,2348.8,7,0.0,0,0.0,0,0.0,0,0.0,0,2349,29,0.0,0,0.0,0,0.0,0,0.0,0
2012-10-19T09:15:06.000,2349,1090,2349,17,0.0,0,0.0,0,0.0,0,0.0,0,2349.2,20,0.0,0,0.0,0,0.0,0,0.0,0
2012-10-19T09:15:06.500,2349,1134,2349,3,0.0,0,0.0,0,0.0,0,0.0,0,2349.2,6,0.0,0,0.0,0,0.0,0,0.0,0
2012-10-19T09:15:07.000,2349,1173,2349,4,0.0,0,0.0,0,0.0,0,0.0,0,2349.6,7,0.0,0,0.0,0,0.0,0,0.0,0
2012-10-19T09:15:07.500,2349.6,1209,2349.6,2,0.0,0,0.0,0,0.0,0,0.0,0,2349.8,13,0.0,0,0.0,0,0.0,0,0.0,0
2012-10-19T09:15:08.000,2349,1220,2349,24,0.0,0,0.0,0,0.0,0,0.0,0,2349.6,1,0.0,0,0.0,0,0.0,0,0.0,0
2012-10-19T09:15:08.500,2349.6,1255,2349.2,19,0.0,0,0.0,0,0.0,0,0.0,0,2349.6,4,0.0,0,0.0,0,0.0,0,0.0,0
2012-10-19T09:15:09.000,2349.6,1270,2349.6,2,0.0,0,0.0,0,0.0,0,0.0,0,2349.8,7,0.0,0,0.0,0,0.0,0,0.0,0
2012-10-19T09:15:09.500,2349.6,1314,2349.8,1,0.0,0,0.0,0,0.0,0,0.0,0,2350,27,0.0,0,0.0,0,0.0,0,0.0,0
2012-10-19T09:15:10.000,2349.6,1364,2349.6,6,0.0,0,0.0,0,0.0,0,0.0,0,2349.8,2,0.0,0,0.0,0,0.0,0,0.0,0
2012-10-19T09:15:10.500,2351,1483,2350,19,0.0,0,0.0,0,0.0,0,0.0,0,2351,23,0.0,0,0.0,0,0.0,0,0.0,0
2012-10-19T09:15:11.000,2350.4,1495,2350.4,11,0.0,0,0.0,0,0.0,0,0.0,0,2351.4,31,0.0,0,0.0,0,0.0,0,0.0,0
2012-10-19T09:15:11.500,2350.8,1557,2350.8,8,0.0,0,0.0,0,0.0,0,0.0,0,2351.6,5,0.0,0,0.0,0,0.0,0,0.0,0
2012-10-19T09:15:12.000,2351.4,1622,2351.6,4,0.0,0,0.0,0,0.0,0,0.0,0,2351.8,21,0.0,0,0.0,0,0.0,0,0.0,0
2012-10-19T09:15:12.500,2352,1657,2351.6,19,0.0,0,0.0,0,0.0,0,0.0,0,2352,17,0.0,0,0.0,0,0.0,0,0.0,0
2012-10-19T09:15:13.000,2352,1681,2352,12,0.0,0,0.0,0,0.0,0,0.0,0,2352.2,2,0.0,0,0.0,0,0.0,0,0.0,0
2012-10-19T09:15:13.500,2352.6,1755,2352.4,5,0.0,0,0.0,0,0.0,0,0.0,0,2352.6,7,0.0,0,0.0,0,0.0,0,0.0,0
2012-10-19T09:15:14.000,2352.4,1811,2352.2,30,0.0,0,0.0,0,0.0,0,0.0,0,2352.4,31,0.0,0,0.0,0,0.0,0,0.0,0
2012-10-19T09:15:14.500,2352.2,1865,2352.2,16,0.0,0,0.0,0,0.0,0,0.0,0,2352.4,36,0.0,0,0.0,0,0.0,0,0.0,0
2012-10-19T09:15:15.000,2352.2,1950,2351.8,10,0.0,0,0.0,0,0.0,0,0.0,0,2352.2,8,0.0,0,0.0,0,0.0,0,0.0,0
2012-10-19T09:15:15.500,2351.8,1968,2351.6,19,0.0,0,0.0,0,0.0,0,0.0,0,2351.8,32,0.0,0,0.0,0,0.0,0,0.0,0
2012-10-19T09:15:16.000,2351.8,2011,2351.8,6,0.0,0,0.0,0,0.0,0,0.0,0,2352,5,0.0,0,0.0,0,0.0,0,0.0,0
2012-10-19T09:15:16.500,2352.2,2054,2351.8,14,0.0,0,0.0,0,0.0,0,0.0,0,2352.2,26,0.0,0,0.0,0,0.0,0,0.0,0
2012-10-19T09:15:17.000,2351.8,2087,2351.4,2,0.0,0,0.0,0,0.0,0,0.0,0,2351.8,29,0.0,0,0.0,0,0.0,0,0.0,0
2012-10-19T09:15:17.500,2351.8,2120,2351.4,2,0.0,0,0.0,0,0.0,0,0.0,0,2351.6,1,0.0,0,0.0,0,0.0,0,0.0,0
2012-10-19T09:15:18.000,2351.6,2153,2351.6,2,0.0,0,0.0,0,0.0,0,0.0,0,2351.8,1,0.0,0,0.0,0,0.0,0,0.0,0
2012-10-19T09:15:18.500,2352,2160,2351.6,6,0.0,0,0.0,0,0.0,0,0.0,0,2352,15,0.0,0,0.0,0,0.0,0,0.0,0
2012-10-19T09:15:19.000,2351.6,2202,2350.6,8,0.0,0,0.0,0,0.0,0,0.0,0,2351.4,6,0.0,0,0.0,0,0.0,0,0.0,0
2012-10-19T09:15:19.500,2351.2,2215,2351,1,0.0,0,0.0,0,0.0,0,0.0,0,2351.2,20,0.0,0,0.0,0,0.0,0,0.0,0
2012-10-19T09:15:20.000,2351,2245,2351,1,0.0,0,0.0,0,0.0,0,0.0,0,2351.2,4,0.0,0,0.0,0,0.0,0,0.0,0
2012-10-19T09:15:20.500,2350.8,2272,2350.8,29,0.0,0,0.0,0,0.0,0,0.0,0,2351,1,0.0,0,0.0,0,0.0,0,0.0,0
2012-10-19T09:15:21.000,2351.6,2283,2351,14,0.0,0,0.0,0,0.0,0,0.0,0,2351.6,44,0.0,0,0.0,0,0.0,0,0.0,0
2012-10-19T09:15:21.500,2351.6,2294,2351.4,1,0.0,0,0.0,0,0.0,0,0.0,0,2351.6,41,0.0,0,0.0,0,0.0,0,0.0,0
2012-10-19T09:15:22.000,2351.2,2306,2351.2,2,0.0,0,0.0,0,0.0,0,0.0,0,2351.6,39,0.0,0,0.0,0,0.0,0,0.0,0
2012-10-19T09:15:22.500,2351,2313,2351.2,3,0.0,0,0.0,0,0.0,0,0.0,0,2351.4,4,0.0,0,0.0,0,0.0,0,0.0,0
2012-10-19T09:15:23.000,2351.2,2320,2351,27,0.0,0,0.0,0,0.0,0,0.0,0,2351.2,3,0.0,0,0.0,0,0.0,0,0.0,0
2012-10-19T09:15:23.500,2351.8,2436,2351,25,0.0,0,0.0,0,0.0,0,0.0,0,2351.8,9,0.0,0,0.0,0,0.0,0,0.0,0
2012-10-19T09:15:24.000,2351.6,2442,2351.2,28,0.0,0,0.0,0,0.0,0,0.0,0,2351.4,3,0.0,0,0.0,0,0.0,0,0.0,0
2012-10-19T09:15:24.500,2351.8,2456,2351.6,15,0.0,0,0.0,0,0.0,0,0.0,0,2351.8,10,0.0,0,0.0,0,0.0,0,0.0,0
2012-10-19T09:15:25.000,2351.8,2471,2351.8,1,0.0,0,0.0,0,0.0,0,0.0,0,2352,3,0.0,0,0.0,0,0.0,0,0.0,0
2012-10-19T09:15:25.500,2352,2491,2351.8,3,0.0,0,0.0,0,0.0,0,0.0,0,2352,10,0.0,0,0.0,0,0.0,0,0.0,0
2012-10-19T09:15:26.000,2351.8,2515,2352,1,0.0,0,0.0,0,0.0,0,0.0,0,2352.2,26,0.0,0,0.0,0,0.0,0,0.0,0
2012-10-19T09:15:26.500,2351.8,2521,2351.6,20,0.0,0,0.0,0,0.0,0,0.0,0,2351.8,1,0.0,0,0.0,0,0.0,0,0.0,0
2012-10-19T09:15:27.000,2352.2,2532,2351.8,13,0.0,0,0.0,0,0.0,0,0.0,0,2352,2,0.0,0,0.0,0,0.0,0,0.0,0
2012-10-19T09:15:27.500,2352,2538,2351.8,14,0.0,0,0.0,0,0.0,0,0.0,0,2352,7,0.0,0,0.0,0,0.0,0,0.0,0
2012-10-19T09:15:28.000,2352,2556,2351.8,8,0.0,0,0.0,0,0.0,0,0.0,0,2352,1,0.0,0,0.0,0,0.0,0,0.0,0
2012-10-19T09:15:28.500,2352,2562,2352,4,0.0,0,0.0,0,0.0,0,0.0,0,2352.2,20,0.0,0,0.0,0,0.0,0,0.0,0
2012-10-19T09:15:29.000,2352,2578,2351.8,5,0.0,0,0.0,0,0.0,0,0.0,0,2352,7,0.0,0,0.0,0,0.0,0,0.0,0
2012-10-19T09:15:29.500,2351.8,2599,2351.8,1,0.0,0,0.0,0,0.0,0,0.0,0,2352,3,0.0,0,0.0,0,0.0,0,0.0,0
2012-10-19T09:15:30.000,2352,2612,2352,4,0.0,0,0.0,0,0.0,0,0.0,0,2352.2,11,0.0,0,0.0,0,0.0,0,0.0,0
2012-10-19T09:15:30.500,2352,2631,2351.8,4,0.0,0,0.0,0,0.0,0,0.0,0,2352,2,0.0,0,0.0,0,0.0,0,0.0,0
2012-10-19T09:15:31.000,2352,2653,2351.6,25,0.0,0,0.0,0,0.0,0,0.0,0,2351.8,1,0.0,0,0.0,0,0.0,0,0.0,0
2012-10-19T09:15:31.500,2351.8,2664,2351.6,17,0.0,0,0.0,0,0.0,0,0.0,0,2351.8,1,0.0,0,0.0,0,0.0,0,0.0,0
2012-10-19T09:15:32.000,2351.8,2669,2351.8,40,0.0,0,0.0,0,0.0,0,0.0,0,2352,6,0.0,0,0.0,0,0.0,0,0.0,0
2012-10-19T09:15:32.500,2352,2695,2351.8,23,0.0,0,0.0,0,0.0,0,0.0,0,2352,4,0.0,0,0.0,0,0.0,0,0.0,0
2012-10-19T09:15:33.000,2352,2758,2352,121,0.0,0,0.0,0,0.0,0,0.0,0,2352.4,11,0.0,0,0.0,0,0.0,0,0.0,0
2012-10-19T09:15:33.500,2352.4,2838,2352.2,61,0.0,0,0.0,0,0.0,0,0.0,0,2352.6,18,0.0,0,0.0,0,0.0,0,0.0,0
2012-10-19T09:15:34.000,2352.6,2882,2352.6,5,0.0,0,0.0,0,0.0,0,0.0,0,2352.8,22,0.0,0,0.0,0,0.0,0,0.0,0
2012-10-19T09:15:34.500,2352.8,2923,2352.6,99,0.0,0,0.0,0,0.0,0,0.0,0,2352.8,16,0.0,0,0.0,0,0.0,0,0.0,0
2012-10-19T09:15:35.000,2353,2951,2352.8,1,0.0,0,0.0,0,0.0,0,0.0,0,2353,56,0.0,0,0.0,0,0.0,0,0.0,0
2012-10-19T09:15:35.500,2352.8,2963,2352.6,90,0.0,0,0.0,0,0.0,0,0.0,0,2352.8,16,0.0,0,0.0,0,0.0,0,0.0,0
2012-10-19T09:15:36.000,2353,3012,2352.8,11,0.0,0,0.0,0,0.0,0,0.0,0,2353,46,0.0,0,0.0,0,0.0,0,0.0,0
2012-10-19T09:15:36.500,2352.6,3054,2352.6,76,0.0,0,0.0,0,0.0,0,0.0,0,2352.8,26,0.0,0,0.0,0,0.0,0,0.0,0
2012-10-19T09:15:37.000,2352.6,3140,2352.6,16,0.0,0,0.0,0,0.0,0,0.0,0,2352.8,10,0.0,0,0.0,0,0.0,0,0.0,0
2012-10-19T09:15:37.500,2352.8,3191,2352.4,12,0.0,0,0.0,0,0.0,0,0.0,0,2352.6,5,0.0,0,0.0,0,0.0,0,0.0,0
2012-10-19T09:15:38.000,2352.8,3207,2352.6,5,0.0,0,0.0,0,0.0,0,0.0,0,2352.8,37,0.0,0,0.0,0,0.0,0,0.0,0
2012-10-19T09:15:38.500,2352.8,3231,2352.4,2,0.0,0,0.0,0,0.0,0,0.0,0,2352.8,23,0.0,0,0.0,0,0.0,0,0.0,0
2012-10-19T09:15:39.000,2352.6,3242,2352.4,7,0.0,0,0.0,0,0.0,0,0.0,0,2352.8,24,0.0,0,0.0,0,0.0,0,0.0,0
2012-10-19T09:15:39.500,2352.4,3267,2352.2,9,0.0,0,0.0,0,0.0,0,0.0,0,2352.4,5,0.0,0,0.0,0,0.0,0,0.0,0
2012-10-19T09:15:40.000,2352.4,3281,2352.4,1,0.0,0,0.0,0,0.0,0,0.0,0,2352.8,25,0.0,0,0.0,0,0.0,0,0.0,0
2012-10-19T09:15:40.500,2352.4,3298,2352.2,10,0.0,0,0.0,0,0.0,0,0.0,0,2352.4,11,0.0,0,0.0,0,0.0,0,0.0,0
2012-10-19T09:15:41.000,2352.4,3311,2352.2,3,0.0,0,0.0,0,0.0,0,0.0,0,2352.4,16,0.0,0,0.0,0,0.0,0,0.0,0
2012-10-19T09:15:41.500,2352.4,3334,2352.4,7,0.0,0,0.0,0,0.0,0,0.0,0,2352.6,1,0.0,0,0.0,0,0.0,0,0.0,0
2012-10-19T09:15:42.000,2352.8,3346,2352.4,1,0.0,0,0.0,0,0.0,0,0.0,0,2352.8,25,0.0,0,0.0,0,0.0,0,0.0,0
2012-10-19T09:15:42.500,2352.2,3350,2352.2,3,0.0,0,0.0,0,0.0,0,0.0,0,2352.4,3,0.0,0,0.0,0,0.0,0,0.0,0
2012-10-19T09:15:43.000,2352.4,3361,2352.4,2,0.0,0,0.0,0,0.0,0,0.0,0,2352.8,23,0.0,0,0.0,0,0.0,0,0.0,0
2012-10-19T09:15:43.500,2352.4,3387,2352.2,1,0.0,0,0.0,0,0.0,0,0.0,0,2352.4,6,0.0,0,0.0,0,0.0,0,0.0,0
2012-10-19T09:15:44.000,2352.4,3397,2352.4,4,0.0,0,0.0,0,0.0,0,0.0,0,2352.6,1,0.0,0,0.0,0,0.0,0,0.0,0
2012-10-19T09:15:44.500,2352.4,3416,2352,51,0.0,0,0.0,0,0.0,0,0.0,0,2352.4,3,0.0,0,0.0,0,0.0,0,0.0,0
2012-10-19T09:15:45.000,2352.6,3422,2352.4,6,0.0,0,0.0,0,0.0,0,0.0,0,2352.6,19,0.0,0,0.0,0,0.0,0,0.0,0
2012-10-19T09:15:45.500,2352.6,3444,2352.6,13,0.0,0,0.0,0,0.0,0,0.0,0,2352.8,25,0.0,0,0.0,0,0.0,0,0.0,0
2012-10-19T09:15:46.000,2352.6,3463,2352.4,7,0.0,0,0.0,0,0.0,0,0.0,0,2352.6,3,0.0,0,0.0,0,0.0,0,0.0,0
2012-10-19T09:15:46.500,2352.6,3471,2352.6,11,0.0,0,0.0,0,0.0,0,0.0,0,2352.8,25,0.0,0,0.0,0,0.0,0,0.0,0
2012-10-19T09:15:47.000,2352.6,3489,2352.4,7,0.0,0,0.0,0,0.0,0,0.0,0,2352.6,1,0.0,0,0.0,0,0.0,0,0.0,0
2012-10-19T09:15:47.500,2352.6,3501,2352.4,9,0.0,0,0.0,0,0.0,0,0.0,0,2352.6,18,0.0,0,0.0,0,0.0,0,0.0,0
2012-10-19T09:15:48.000,2352.4,3515,2352.4,3,0.0,0,0.0,0,0.0,0,0.0,0,2352.6,16,0.0,0,0.0,0,0.0,0,0.0,0
2012-10-19T09:15:48.500,2352.6,3521,2352.4,1,0.0,0,0.0,0,0.0,0,0.0,0,2352.6,23,0.0,0,0.0,0,0.0,0,0.0,0
2012-10-19T09:15:49.000,2352.4,3541,2352.2,3,0.0,0,0.0,0,0.0,0,0.0,0,2352.4,1,0.0,0,0.0,0,0.0,0,0.0,0
2012-10-19T09:15:49.500,2352.4,3542,2352.2,6,0.0,0,0.0,0,0.0,0,0.0,0,2352.4,5,0.0,0,0.0,0,0.0,0,0.0,0
2012-10-19T09:15:50.000,2352.4,3556,2352,75,0.0,0,0.0,0,0.0,0,0.0,0,2352.2,1,0.0,0,0.0,0,0.0,0,0.0,0
2012-10-19T09:15:50.500,2352.6,3562,2352.4,1,0.0,0,0.0,0,0.0,0,0.0,0,2352.6,14,0.0,0,0.0,0,0.0,0,0.0,0
2012-10-19T09:15:51.000,2352.6,3590,2352.6,6,0.0,0,0.0,0,0.0,0,0.0,0,2352.8,34,0.0,0,0.0,0,0.0,0,0.0,0
2012-10-19T09:15:51.500,2352.8,3635,2352.4,33,0.0,0,0.0,0,0.0,0,0.0,0,2352.8,7,0.0,0,0.0,0,0.0,0,0.0,0
2012-10-19T09:15:52.000,2352.4,3650,2352.4,33,0.0,0,0.0,0,0.0,0,0.0,0,2352.8,2,0.0,0,0.0,0,0.0,0,0.0,0
2012-10-19T09:15:52.500,2352.6,3665,2352.8,1,0.0,0,0.0,0,0.0,0,0.0,0,2353,104,0.0,0,0.0,0,0.0,0,0.0,0
2012-10-19T09:15:53.000,2352.4,3700,2352.8,2,0.0,0,0.0,0,0.0,0,0.0,0,2353,110,0.0,0,0.0,0,0.0,0,0.0,0
2012-10-19T09:15:53.500,2352.6,3711,2352.6,4,0.0,0,0.0,0,0.0,0,0.0,0,2352.8,6,0.0,0,0.0,0,0.0,0,0.0,0
2012-10-19T09:15:54.000,2352.8,3723,2352.6,2,0.0,0,0.0,0,0.0,0,0.0,0,2352.8,9,0.0,0,0.0,0,0.0,0,0.0,0
2012-10-19T09:15:54.500,2352.4,3738,2352.4,14,0.0,0,0.0,0,0.0,0,0.0,0,2352.8,52,0.0,0,0.0,0,0.0,0,0.0,0
2012-10-19T09:15:55.000,2352.6,3750,2352.4,15,0.0,0,0.0,0,0.0,0,0.0,0,2352.6,22,0.0,0,0.0,0,0.0,0,0.0,0
2012-10-19T09:15:55.500,2352.4,3770,2352.2,3,0.0,0,0.0,0,0.0,0,0.0,0,2352.4,19,0.0,0,0.0,0,0.0,0,0.0,0
2012-10-19T09:15:56.000,2352.4,3785,2352,91,0.0,0,0.0,0,0.0,0,0.0,0,2352.4,11,0.0,0,0.0,0,0.0,0,0.0,0
2012-10-19T09:15:56.500,2352.4,3800,2352.2,2,0.0,0,0.0,0,0.0,0,0.0,0,2352.4,10,0.0,0,0.0,0,0.0,0,0.0,0
2012-10-19T09:15:57.000,2352.4,3812,2352.2,1,0.0,0,0.0,0,0.0,0,0.0,0,2352.4,1,0.0,0,0.0,0,0.0,0,0.0,0
2012-10-19T09:15:57.500,2352.2,3824,2352,90,0.0,0,0.0,0,0.0,0,0.0,0,2352.2,37,0.0,0,0.0,0,0.0,0,0.0,0
2012-10-19T09:15:58.000,2352.2,3833,2352,91,0.0,0,0.0,0,0.0,0,0.0,0,2352.2,29,0.0,0,0.0,0,0.0,0,0.0,0
2012-10-19T09:15:58.500,2352,3867,2352,60,0.0,0,0.0,0,0.0,0,0.0,0,2352.2,24,0.0,0,0.0,0,0.0,0,0.0,0
2012-10-19T09:15:59.000,2352,3897,2352,67,0.0,0,0.0,0,0.0,0,0.0,0,2352.4,6,0.0,0,0.0,0,0.0,0,0.0,0
2012-10-19T09:15:59.500,2352.2,3902,2352.2,31,0.0,0,0.0,0,0.0,0,0.0,0,2352.4,20,0.0,0,0.0,0,0.0,0,0.0,0
2012-10-19T09:16:00.000,2352.2,3920,2352.2,18,0.0,0,0.0,0,0.0,0,0.0,0,2352.4,19,0.0,0,0.0,0,0.0,0,0.0,0
2012-10-19T09:16:00.500,2352.2,3952,2352,64,0.0,0,0.0,0,0.0,0,0.0,0,2352.2,3,0.0,0,0.0,0,0.0,0,0.0,0
2012-10-19T09:16:01.000,2352,3983,2352,60,0.0,0,0.0,0,0.0,0,0.0,0,2352.2,13,0.0,0,0.0,0,0.0,0,0.0,0
2012-10-19T09:16:01.500,2352,4017,2352,36,0.0,0,0.0,0,0.0,0,0.0,0,2352.2,22,0.0,0,0.0,0,0.0,0,0.0,0
2012-10-19T09:16:02.000,2352,4062,2351.8,46,0.0,0,0.0,0,0.0,0,0.0,0,2352,15,0.0,0,0.0,0,0.0,0,0.0,0
2012-10-19T09:16:02.500,2351.8,4082,2351.8,33,0.0,0,0.0,0,0.0,0,0.0,0,2352,10,0.0,0,0.0,0,0.0,0,0.0,0
2012-10-19T09:16:03.000,2352,4097,2351.8,23,0.0,0,0.0,0,0.0,0,0.0,0,2352,7,0.0,0,0.0,0,0.0,0,0.0,0
2012-10-19T09:16:03.500,2351.8,4116,2351.8,16,0.0,0,0.0,0,0.0,0,0.0,0,2352,2,0.0,0,0.0,0,0.0,0,0.0,0
2012-10-19T09:16:04.000,2351.8,4138,2351.6,24,0.0,0,0.0,0,0.0,0,0.0,0,2351.8,1,0.0,0,0.0,0,0.0,0,0.0,0
2012-10-19T09:16:04.500,2351.6,4194,2351.4,14,0.0,0,0.0,0,0.0,0,0.0,0,2351.6,4,0.0,0,0.0,0,0.0,0,0.0,0
2012-10-19T09:16:05.000,2351.4,4196,2351.4,13,0.0,0,0.0,0,0.0,0,0.0,0,2351.6,3,0.0,0,0.0,0,0.0,0,0.0,0
2012-10-19T09:16:05.500,2352,4214,2351.4,11,0.0,0,0.0,0,0.0,0,0.0,0,2352,13,0.0,0,0.0,0,0.0,0,0.0,0
2012-10-19T09:16:06.000,2351.4,4226,2351.4,6,0.0,0,0.0,0,0.0,0,0.0,0,2351.8,1,0.0,0,0.0,0,0.0,0,0.0,0
2012-10-19T09:16:06.500,2351.6,4257,2351.6,2,0.0,0,0.0,0,0.0,0,0.0,0,2351.8,5,0.0,0,0.0,0,0.0,0,0.0,0
2012-10-19T09:16:07.000,2351.8,4270,2351.8,10,0.0,0,0.0,0,0.0,0,0.0,0,2352,13,0.0,0,0.0,0,0.0,0,0.0,0
2012-10-19T09:16:07.500,2351.8,4284,2351.8,1,0.0,0,0.0,0,0.0,0,0.0,0,2352,13,0.0,0,0.0,0,0.0,0,0.0,0
2012-10-19T09:16:08.000,2351.6,4315,2351.6,12,0.0,0,0.0,0,0.0,0,0.0,0,2352.2,8,0.0,0,0.0,0,0.0,0,0.0,0
2012-10-19T09:16:08.500,2352,4319,2352,5,0.0,0,0.0,0,0.0,0,0.0,0,2352.2,7,0.0,0,0.0,0,0.0,0,0.0,0
2012-10-19T09:16:09.000,2352,4324,2351.8,34,0.0,0,0.0,0,0.0,0,0.0,0,2352,2,0.0,0,0.0,0,0.0,0,0.0,0
2012-10-19T09:16:09.500,2352,4359,2352,4,0.0,0,0.0,0,0.0,0,0.0,0,2352.2,9,0.0,0,0.0,0,0.0,0,0.0,0
2012-10-19T09:16:10.000,2352.2,4374,2352.2,4,0.0,0,0.0,0,0.0,0,0.0,0,2352.4,43,0.0,0,0.0,0,0.0,0,0.0,0
2012-10-19T09:16:10.500,2352.2,4376,2352.2,15,0.0,0,0.0,0,0.0,0,0.0,0,2352.4,43,0.0,0,0.0,0,0.0,0,0.0,0
2012-10-19T09:16:11.000,2352,4395,2351.8,22,0.0,0,0.0,0,0.0,0,0.0,0,2352,12,0.0,0,0.0,0,0.0,0,0.0,0
2012-10-19T09:16:11.500,2352,4406,2351.8,21,0.0,0,0.0,0,0.0,0,0.0,0,2352,2,0.0,0,0.0,0,0.0,0,0.0,0
2012-10-19T09:16:12.000,2352,4408,2352,3,0.0,0,0.0,0,0.0,0,0.0,0,2352.4,44,0.0,0,0.0,0,0.0,0,0.0,0
2012-10-19T09:16:12.500,2352.4,4412,2352,1,0.0,0,0.0,0,0.0,0,0.0,0,2352.2,1,0.0,0,0.0,0,0.0,0,0.0,0
2012-10-19T09:16:13.000,2352.2,4415,2352.2,3,0.0,0,0.0,0,0.0,0,0.0,0,2352.4,41,0.0,0,0.0,0,0.0,0,0.0,0
2012-10-19T09:16:13.500,2352.2,4423,2352.2,2,0.0,0,0.0,0,0.0,0,0.0,0,2352.4,41,0.0,0,0.0,0,0.0,0,0.0,0
2012-10-19T09:16:14.000,2352.4,4433,2352.2,2,0.0,0,0.0,0,0.0,0,0.0,0,2352.4,32,0.0,0,0.0,0,0.0,0,0.0,0
2012-10-19T09:16:14.500,2352.4,4444,2352.2,2,0.0,0,0.0,0,0.0,0,0.0,0,2352.4,21,0.0,0,0.0,0,0.0,0,0.0,0
2012-10-19T09:16:15.000,2352.4,4466,2352.4,5,0.0,0,0.0,0,0.0,0,0.0,0,2352.6,18,0.0,0,0.0,0,0.0,0,0.0,0
2012-10-19T09:16:15.500,2352.6,4481,2352.4,9,0.0,0,0.0,0,0.0,0,0.0,0,2352.6,15,0.0,0,0.0,0,0.0,0,0.0,0
2012-10-19T09:16:16.000,2352.6,4498,2352.4,10,0.0,0,0.0,0,0.0,0,0.0,0,2352.6,3,0.0,0,0.0,0,0.0,0,0.0,0
2012-10-19T09:16:16.500,2352.8,4504,2352.6,30,0.0,0,0.0,0,0.0,0,0.0,0,2352.8,63,0.0,0,0.0,0,0.0,0,0.0,0
2012-10-19T09:16:17.000,2352.6,4531,2352.6,6,0.0,0,0.0,0,0.0,0,0.0,0,2352.8,59,0.0,0,0.0,0,0.0,0,0.0,0
2012-10-19T09:16:17.500,2352.8,4546,2352.4,24,0.0,0,0.0,0,0.0,0,0.0,0,2352.8,51,0.0,0,0.0,0,0.0,0,0.0,0
2012-10-19T09:16:18.000,2352.4,4554,2352.4,48,0.0,0,0.0,0,0.0,0,0.0,0,2352.6,5,0.0,0,0.0,0,0.0,0,0.0,0
2012-10-19T09:16:18.500,2352.6,4561,2352.4,47,0.0,0,0.0,0,0.0,0,0.0,0,2352.6,5,0.0,0,0.0,0,0.0,0,0.0,0
2012-10-19T09:16:19.000,2352.8,4569,2352.4,47,0.0,0,0.0,0,0.0,0,0.0,0,2352.8,48,0.0,0,0.0,0,0.0,0,0.0,0
2012-10-19T09:16:19.500,2352.8,4577,2352.4,47,0.0,0,0.0,0,0.0,0,0.0,0,2352.6,2,0.0,0,0.0,0,0.0,0,0.0,0
2012-10-19T09:16:20.000,2352.6,4602,2352.4,30,0.0,0,0.0,0,0.0,0,0.0,0,2352.6,2,0.0,0,0.0,0,0.0,0,0.0,0
2012-10-19T09:16:20.500,2352.6,4613,2352.4,27,0.0,0,0.0,0,0.0,0,0.0,0,2352.6,5,0.0,0,0.0,0,0.0,0,0.0,0
2012-10-19T09:16:21.000,2352.4,4625,2352.4,20,0.0,0,0.0,0,0.0,0,0.0,0,2352.6,17,0.0,0,0.0,0,0.0,0,0.0,0
2012-10-19T09:16:21.500,2352.4,4653,2352.2,10,0.0,0,0.0,0,0.0,0,0.0,0,2352.4,7,0.0,0,0.0,0,0.0,0,0.0,0
2012-10-19T09:16:22.000,2352.6,4675,2352.2,10,0.0,0,0.0,0,0.0,0,0.0,0,2352.6,7,0.0,0,0.0,0,0.0,0,0.0,0
2012-10-19T09:16:22.500,2352.4,4677,2352.2,22,0.0,0,0.0,0,0.0,0,0.0,0,2352.4,1,0.0,0,0.0,0,0.0,0,0.0,0
2012-10-19T09:16:23.000,2352,4713,2352.4,1,0.0,0,0.0,0,0.0,0,0.0,0,2352.6,10,0.0,0,0.0,0,0.0,0,0.0,0
2012-10-19T09:16:23.500,2352.6,4715,2352.4,3,0.0,0,0.0,0,0.0,0,0.0,0,2352.6,9,0.0,0,0.0,0,0.0,0,0.0,0
2012-10-19T09:16:24.000,2352.6,4717,2352.4,18,0.0,0,0.0,0,0.0,0,0.0,0,2352.6,11,0.0,0,0.0,0,0.0,0,0.0,0
2012-10-19T09:16:24.500,2352.4,4725,2352.4,17,0.0,0,0.0,0,0.0,0,0.0,0,2352.6,3,0.0,0,0.0,0,0.0,0,0.0,0
2012-10-19T09:16:25.000,2352.6,4732,2352.6,22,0.0,0,0.0,0,0.0,0,0.0,0,2352.8,57,0.0,0,0.0,0,0.0,0,0.0,0
2012-10-19T09:16:25.500,2352.8,4737,2352.6,19,0.0,0,0.0,0,0.0,0,0.0,0,2352.8,55,0.0,0,0.0,0,0.0,0,0.0,0
2012-10-19T09:16:26.000,2352.8,4740,2352.6,17,0.0,0,0.0,0,0.0,0,0.0,0,2352.8,55,0.0,0,0.0,0,0.0,0,0.0,0
2012-10-19T09:16:26.500,2352.6,4766,2352.4,18,0.0,0,0.0,0,0.0,0,0.0,0,2352.6,5,0.0,0,0.0,0,0.0,0,0.0,0
2012-10-19T09:16:27.000,2352.6,4773,2352.4,17,0.0,0,0.0,0,0.0,0,0.0,0,2352.6,34,0.0,0,0.0,0,0.0,0,0.0,0
2012-10-19T09:16:27.500,2352.4,4805,2352.4,5,0.0,0,0.0,0,0.0,0,0.0,0,2352.6,17,0.0,0,0.0,0,0.0,0,0.0,0
2012-10-19T09:16:28.000,2352.4,4814,2352.2,30,0.0,0,0.0,0,0.0,0,0.0,0,2352.4,1,0.0,0,0.0,0,0.0,0,0.0,0
2012-10-19T09:16:28.500,2352.6,4838,2352.6,26,0.0,0,0.0,0,0.0,0,0.0,0,2352.8,57,0.0,0,0.0,0,0.0,0,0.0,0
2012-10-19T09:16:29.000,2352.6,4857,2352.6,15,0.0,0,0.0,0,0.0,0,0.0,0,2352.8,53,0.0,0,0.0,0,0.0,0,0.0,0
2012-10-19T09:16:29.500,2352.6,4884,2352.6,10,0.0,0,0.0,0,0.0,0,0.0,0,2352.8,34,0.0,0,0.0,0,0.0,0,0.0,0
2012-10-19T09:16:30.000,2352.8,4895,2352.6,15,0.0,0,0.0,0,0.0,0,0.0,0,2352.8,27,0.0,0,0.0,0,0.0,0,0.0,0
2012-10-19T09:16:30.500,2352.8,4911,2352.6,18,0.0,0,0.0,0,0.0,0,0.0,0,2352.8,23,0.0,0,0.0,0,0.0,0,0.0,0
2012-10-19T09:16:31.000,2353,4941,2352.8,57,0.0,0,0.0,0,0.0,0,0.0,0,2353,125,0.0,0,0.0,0,0.0,0,0.0,0
2012-10-19T09:16:31.500,2353,4949,2352.8,56,0.0,0,0.0,0,0.0,0,0.0,0,2353,122,0.0,0,0.0,0,0.0,0,0.0,0
2012-10-19T09:16:32.000,2353,4988,2352.8,57,0.0,0,0.0,0,0.0,0,0.0,0,2353,85,0.0,0,0.0,0,0.0,0,0.0,0
2012-10-19T09:16:32.500,2353,5058,2352.8,56,0.0,0,0.0,0,0.0,0,0.0,0,2353,16,0.0,0,0.0,0,0.0,0,0.0,0
2012-10-19T09:16:33.000,2353,5083,2353,24,0.0,0,0.0,0,0.0,0,0.0,0,2353.2,16,0.0,0,0.0,0,0.0,0,0.0,0
2012-10-19T09:16:33.500,2353,5111,2353,16,0.0,0,0.0,0,0.0,0,0.0,0,2353.2,30,0.0,0,0.0,0,0.0,0,0.0,0
2012-10-19T09:16:34.000,2353,5150,2353,5,0.0,0,0.0,0,0.0,0,0.0,0,2353.2,27,0.0,0,0.0,0,0.0,0,0.0,0
2012-10-19T09:16:34.500,2353,5169,2352.8,55,0.0,0,0.0,0,0.0,0,0.0,0,2353,8,0.0,0,0.0,0,0.0,0,0.0,0
2012-10-19T09:16:35.000,2352.8,5192,2352.8,53,0.0,0,0.0,0,0.0,0,0.0,0,2353,3,0.0,0,0.0,0,0.0,0,0.0,0
2012-10-19T09:16:35.500,2353,5211,2353,2,0.0,0,0.0,0,0.0,0,0.0,0,2353.2,27,0.0,0,0.0,0,0.0,0,0.0,0
2012-10-19T09:16:36.000,2353.2,5227,2352.8,50,0.0,0,0.0,0,0.0,0,0.0,0,2353,1,0.0,0,0.0,0,0.0,0,0.0,0
2012-10-19T09:16:36.500,2353,5245,2352.8,48,0.0,0,0.0,0,0.0,0,0.0,0,2353,21,0.0,0,0.0,0,0.0,0,0.0,0
2012-10-19T09:16:37.000,2352.8,5271,2352.8,45,0.0,0,0.0,0,0.0,0,0.0,0,2353.2,16,0.0,0,0.0,0,0.0,0,0.0,0
2012-10-19T09:16:37.500,2353,5275,2353,3,0.0,0,0.0,0,0.0,0,0.0,0,2353.2,16,0.0,0,0.0,0,0.0,0,0.0,0
2012-10-19T09:16:38.000,2353,5278,2353,2,0.0,0,0.0,0,0.0,0,0.0,0,2353.2,26,0.0,0,0.0,0,0.0,0,0.0,0
2012-10-19T09:16:38.500,2353.2,5283,2353,3,0.0,0,0.0,0,0.0,0,0.0,0,2353.2,22,0.0,0,0.0,0,0.0,0,0.0,0
2012-10-19T09:16:39.000,2353,5296,2352.8,53,0.0,0,0.0,0,0.0,0,0.0,0,2353,12,0.0,0,0.0,0,0.0,0,0.0,0
2012-10-19T09:16:39.500,2353,5320,2352.8,48,0.0,0,0.0,0,0.0,0,0.0,0,2353.2,20,0.0,0,0.0,0,0.0,0,0.0,0
2012-10-19T09:16:40.000,2353,5323,2352.8,50,0.0,0,0.0,0,0.0,0,0.0,0,2353,2,0.0,0,0.0,0,0.0,0,0.0,0
2012-10-19T09:16:40.500,2352.8,5340,2352.8,48,0.0,0,0.0,0,0.0,0,0.0,0,2353.2,21,0.0,0,0.0,0,0.0,0,0.0,0
2012-10-19T09:16:41.000,2353.4,5366,2353.2,34,0.0,0,0.0,0,0.0,0,0.0,0,2353.4,92,0.0,0,0.0,0,0.0,0,0.0,0
2012-10-19T09:16:41.500,2353.2,5373,2353.2,29,0.0,0,0.0,0,0.0,0,0.0,0,2353.4,91,0.0,0,0.0,0,0.0,0,0.0,0
2012-10-19T09:16:42.000,2353.4,5390,2353.2,20,0.0,0,0.0,0,0.0,0,0.0,0,2353.4,87,0.0,0,0.0,0,0.0,0,0.0,0
2012-10-19T09:16:42.500,2353.2,5418,2353.2,5,0.0,0,0.0,0,0.0,0,0.0,0,2353.4,78,0.0,0,0.0,0,0.0,0,0.0,0
2012-10-19T09:16:43.000,2353.2,5458,2353,34,0.0,0,0.0,0,0.0,0,0.0,0,2353.2,2,0.0,0,0.0,0,0.0,0,0.0,0
2012-10-19T09:16:43.500,2353.2,5477,2353,38,0.0,0,0.0,0,0.0,0,0.0,0,2353.2,10,0.0,0,0.0,0,0.0,0,0.0,0
2012-10-19T09:16:44.000,2353.2,5496,2353.2,16,0.0,0,0.0,0,0.0,0,0.0,0,2353.4,46,0.0,0,0.0,0,0.0,0,0.0,0
2012-10-19T09:16:44.500,2353.2,5510,2353.2,4,0.0,0,0.0,0,0.0,0,0.0,0,2353.4,51,0.0,0,0.0,0,0.0,0,0.0,0
2012-10-19T09:16:45.000,2353.2,5556,2353,28,0.0,0,0.0,0,0.0,0,0.0,0,2353.4,19,0.0,0,0.0,0,0.0,0,0.0,0
2012-10-19T09:16:45.500,2353.2,5559,2353,28,0.0,0,0.0,0,0.0,0,0.0,0,2353.2,1,0.0,0,0.0,0,0.0,0,0.0,0
2012-10-19T09:16:46.000,2353.4,5573,2353.2,6,0.0,0,0.0,0,0.0,0,0.0,0,2353.4,12,0.0,0,0.0,0,0.0,0,0.0,0
2012-10-19T09:16:46.500,2353.2,5592,2353.2,1,0.0,0,0.0,0,0.0,0,0.0,0,2353.4,9,0.0,0,0.0,0,0.0,0,0.0,0
2012-10-19T09:16:47.000,2353.4,5603,2353.4,32,0.0,0,0.0,0,0.0,0,0.0,0,2353.6,28,0.0,0,0.0,0,0.0,0,0.0,0
2012-10-19T09:16:47.500,2353.4,5614,2353.4,25,0.0,0,0.0,0,0.0,0,0.0,0,2353.6,28,0.0,0,0.0,0,0.0,0,0.0,0
2012-10-19T09:16:48.000,2353.6,5626,2353.4,20,0.0,0,0.0,0,0.0,0,0.0,0,2353.6,23,0.0,0,0.0,0,0.0,0,0.0,0
2012-10-19T09:16:48.500,2353.6,5630,2353.4,22,0.0,0,0.0,0,0.0,0,0.0,0,2353.6,20,0.0,0,0.0,0,0.0,0,0.0,0
2012-10-19T09:16:49.000,2353.6,5656,2353.6,12,0.0,0,0.0,0,0.0,0,0.0,0,2353.8,39,0.0,0,0.0,0,0.0,0,0.0,0
2012-10-19T09:16:49.500,2353.8,5672,2353.6,7,0.0,0,0.0,0,0.0,0,0.0,0,2353.8,40,0.0,0,0.0,0,0.0,0,0.0,0
2012-10-19T09:16:50.000,2353.4,5693,2353.4,16,0.0,0,0.0,0,0.0,0,0.0,0,2353.6,2,0.0,0,0.0,0,0.0,0,0.0,0
2012-10-19T09:16:50.500,2353.2,5736,2353,45,0.0,0,0.0,0,0.0,0,0.0,0,2353.2,143,0.0,0,0.0,0,0.0,0,0.0,0
2012-10-19T09:16:51.000,2353.2,5842,2353,10,0.0,0,0.0,0,0.0,0,0.0,0,2353.2,75,0.0,0,0.0,0,0.0,0,0.0,0
2012-10-19T09:16:51.500,2353,5857,2352.8,54,0.0,0,0.0,0,0.0,0,0.0,0,2353,50,0.0,0,0.0,0,0.0,0,0.0,0
2012-10-19T09:16:52.000,2352.8,5881,2352.8,51,0.0,0,0.0,0,0.0,0,0.0,0,2353,35,0.0,0,0.0,0,0.0,0,0.0,0
2012-10-19T09:16:52.500,2352.8,5929,2352.8,15,0.0,0,0.0,0,0.0,0,0.0,0,2353,24,0.0,0,0.0,0,0.0,0,0.0,0
2012-10-19T09:16:53.000,2353,5982,2353,5,0.0,0,0.0,0,0.0,0,0.0,0,2353.2,95,0.0,0,0.0,0,0.0,0,0.0,0
2012-10-19T09:16:53.500,2353,5992,2352.6,24,0.0,0,0.0,0,0.0,0,0.0,0,2352.8,1,0.0,0,0.0,0,0.0,0,0.0,0
2012-10-19T09:16:54.000,2352.8,5996,2353,5,0.0,0,0.0,0,0.0,0,0.0,0,2353.2,96,0.0,0,0.0,0,0.0,0,0.0,0
2012-10-19T09:16:54.500,2353,6003,2352.8,9,0.0,0,0.0,0,0.0,0,0.0,0,2353,45,0.0,0,0.0,0,0.0,0,0.0,0
2012-10-19T09:16:55.000,2353,6015,2352.8,11,0.0,0,0.0,0,0.0,0,0.0,0,2353,43,0.0,0,0.0,0,0.0,0,0.0,0
2012-10-19T09:16:55.500,2353,6031,2352.8,4,0.0,0,0.0,0,0.0,0,0.0,0,2353,40,0.0,0,0.0,0,0.0,0,0.0,0
2012-10-19T09:16:56.000,2352.8,6035,2352.6,30,0.0,0,0.0,0,0.0,0,0.0,0,2353,41,0.0,0,0.0,0,0.0,0,0.0,0
2012-10-19T09:16:56.500,2352.6,6064,2352.6,2,0.0,0,0.0,0,0.0,0,0.0,0,2352.8,1,0.0,0,0.0,0,0.0,0,0.0,0
2012-10-19T09:16:57.000,2352.8,6076,2352.8,5,0.0,0,0.0,0,0.0,0,0.0,0,2353,42,0.0,0,0.0,0,0.0,0,0.0,0
2012-10-19T09:16:57.500,2353,6117,2352.4,38,0.0,0,0.0,0,0.0,0,0.0,0,2353,20,0.0,0,0.0,0,0.0,0,0.0,0
2012-10-19T09:16:58.000,2352.4,6142,2352.4,17,0.0,0,0.0,0,0.0,0,0.0,0,2352.8,1,0.0,0,0.0,0,0.0,0,0.0,0
2012-10-19T09:16:58.500,2352.6,6153,2352.6,4,0.0,0,0.0,0,0.0,0,0.0,0,2352.8,2,0.0,0,0.0,0,0.0,0,0.0,0
2012-10-19T09:16:59.000,2352.8,6155,2352.6,3,0.0,0,0.0,0,0.0,0,0.0,0,2352.8,24,0.0,0,0.0,0,0.0,0,0.0,0
2012-10-19T09:16:59.500,2352.6,6170,2352.4,12,0.0,0,0.0,0,0.0,0,0.0,0,2352.6,5,0.0,0,0.0,0,0.0,0,0.0,0
2012-10-19T09:17:00.000,2352.8,6186,2352.4,17,0.0,0,0.0,0,0.0,0,0.0,0,2352.8,9,0.0,0,0.0,0,0.0,0,0.0,0
2012-10-19T09:17:00.500,2352.8,6194,2352.4,14,0.0,0,0.0,0,0.0,0,0.0,0,2352.8,7,0.0,0,0.0,0,0.0,0,0.0,0
2012-10-19T09:17:01.000,2352.8,6212,2352.4,1,0.0,0,0.0,0,0.0,0,0.0,0,2352.8,13,0.0,0,0.0,0,0.0,0,0.0,0
2012-10-19T09:17:01.500,2352.6,6252,2352.2,42,0.0,0,0.0,0,0.0,0,0.0,0,2352.6,5,0.0,0,0.0,0,0.0,0,0.0,0
2012-10-19T09:17:02.000,2352.6,6273,2352.6,1,0.0,0,0.0,0,0.0,0,0.0,0,2353,19,0.0,0,0.0,0,0.0,0,0.0,0
2012-10-19T09:17:02.500,2352.4,6283,2352.4,8,0.0,0,0.0,0,0.0,0,0.0,0,2352.8,2,0.0,0,0.0,0,0.0,0,0.0,0
2012-10-19T09:17:03.000,2352.4,6284,2352.4,7,0.0,0,0.0,0,0.0,0,0.0,0,2352.6,7,0.0,0,0.0,0,0.0,0,0.0,0
2012-10-19T09:17:03.500,2352.4,6312,2352.4,10,0.0,0,0.0,0,0.0,0,0.0,0,2352.6,1,0.0,0,0.0,0,0.0,0,0.0,0
2012-10-19T09:17:04.000,2352.4,6317,2352.6,1,0.0,0,0.0,0,0.0,0,0.0,0,2352.8,6,0.0,0,0.0,0,0.0,0,0.0,0
2012-10-19T09:17:04.500,2352.4,6322,2352.4,6,0.0,0,0.0,0,0.0,0,0.0,0,2352.6,2,0.0,0,0.0,0,0.0,0,0.0,0
2012-10-19T09:17:05.000,2352.6,6341,2352.8,1,0.0,0,0.0,0,0.0,0,0.0,0,2353,25,0.0,0,0.0,0,0.0,0,0.0,0
2012-10-19T09:17:05.500,2352.6,6348,2352.4,4,0.0,0,0.0,0,0.0,0,0.0,0,2352.8,9,0.0,0,0.0,0,0.0,0,0.0,0
2012-10-19T09:17:06.000,2352.2,6361,2352.2,59,0.0,0,0.0,0,0.0,0,0.0,0,2352.4,1,0.0,0,0.0,0,0.0,0,0.0,0
2012-10-19T09:17:06.500,2352.2,6375,2352.4,1,0.0,0,0.0,0,0.0,0,0.0,0,2352.8,11,0.0,0,0.0,0,0.0,0,0.0,0
2012-10-19T09:17:07.000,2352.8,6381,2352.4,7,0.0,0,0.0,0,0.0,0,0.0,0,2352.8,10,0.0,0,0.0,0,0.0,0,0.0,0
2012-10-19T09:17:07.500,2352.4,6401,2352.4,6,0.0,0,0.0,0,0.0,0,0.0,0,2353,29,0.0,0,0.0,0,0.0,0,0.0,0
2012-10-19T09:17:08.000,2352.2,6416,2352.2,51,0.0,0,0.0,0,0.0,0,0.0,0,2352.6,2,0.0,0,0.0,0,0.0,0,0.0,0
2012-10-19T09:17:08.500,2352.6,6421,2352.4,5,0.0,0,0.0,0,0.0,0,0.0,0,2352.8,3,0.0,0,0.0,0,0.0,0,0.0,0
2012-10-19T09:17:09.000,2353,6427,2352.6,1,0.0,0,0.0,0,0.0,0,0.0,0,2353,30,0.0,0,0.0,0,0.0,0,0.0,0
2012-10-19T09:17:09.500,2352.6,6465,2352.4,2,0.0,0,0.0,0,0.0,0,0.0,0,2352.6,1,0.0,0,0.0,0,0.0,0,0.0,0
2012-10-19T09:17:10.000,2352.6,6466,2352.6,2,0.0,0,0.0,0,0.0,0,0.0,0,2352.8,4,0.0,0,0.0,0,0.0,0,0.0,0
2012-10-19T09:17:10.500,2352.6,6470,2352.6,5,0.0,0,0.0,0,0.0,0,0.0,0,2352.8,3,0.0,0,0.0,0,0.0,0,0.0,0
2012-10-19T09:17:11.000,2352.6,6475,2352.6,4,0.0,0,0.0,0,0.0,0,0.0,0,2352.8,1,0.0,0,0.0,0,0.0,0,0.0,0
2012-10-19T09:17:11.500,2352.6,6477,2352.6,2,0.0,0,0.0,0,0.0,0,0.0,0,2352.8,2,0.0,0,0.0,0,0.0,0,0.0,0
2012-10-19T09:17:12.000,2352.8,6482,2352.4,12,0.0,0,0.0,0,0.0,0,0.0,0,2352.8,2,0.0,0,0.0,0,0.0,0,0.0,0
2012-10-19T09:17:12.500,2352.6,6485,2352.6,2,0.0,0,0.0,0,0.0,0,0.0,0,2352.8,8,0.0,0,0.0,0,0.0,0,0.0,0
2012-10-19T09:17:13.000,2352.8,6495,2352.4,12,0.0,0,0.0,0,0.0,0,0.0,0,2352.8,14,0.0,0,0.0,0,0.0,0,0.0,0
2012-10-19T09:17:13.500,2352.8,6496,2352.4,12,0.0,0,0.0,0,0.0,0,0.0,0,2352.6,12,0.0,0,0.0,0,0.0,0,0.0,0
2012-10-19T09:17:14.000,2352.6,6497,2352.4,13,0.0,0,0.0,0,0.0,0,0.0,0,2352.6,12,0.0,0,0.0,0,0.0,0,0.0,0
2012-10-19T09:17:14.500,2352.8,6523,2352.8,13,0.0,0,0.0,0,0.0,0,0.0,0,2353,37,0.0,0,0.0,0,0.0,0,0.0,0
2012-10-19T09:17:15.250,2352.8,6533,2352.8,3,0.0,0,0.0,0,0.0,0,0.0,0,2353,37,0.0,0,0.0,0,0.0,0,0.0,0
2012-10-19T09:17:16.000,2352.8,6542,2352.6,61,0.0,0,0.0,0,0.0,0,0.0,0,2353,36,0.0,0,0.0,0,0.0,0,0.0,0
2012-10-19T09:17:16.500,2352.8,6549,2352.8,2,0.0,0,0.0,0,0.0,0,0.0,0,2353,45,0.0,0,0.0,0,0.0,0,0.0,0
2012-10-19T09:17:17.000,2353,6562,2352.8,5,0.0,0,0.0,0,0.0,0,0.0,0,2353,40,0.0,0,0.0,0,0.0,0,0.0,0
2012-10-19T09:17:17.500,2352.8,6568,2352.6,60,0.0,0,0.0,0,0.0,0,0.0,0,2352.8,1,0.0,0,0.0,0,0.0,0,0.0,0
2012-10-19T09:17:18.000,2352.6,6602,2352.6,28,0.0,0,0.0,0,0.0,0,0.0,0,2352.8,13,0.0,0,0.0,0,0.0,0,0.0,0
2012-10-19T09:17:18.500,2352.6,6604,2352.6,27,0.0,0,0.0,0,0.0,0,0.0,0,2352.8,14,0.0,0,0.0,0,0.0,0,0.0,0
2012-10-19T09:17:19.000,2352.6,6620,2352.6,13,0.0,0,0.0,0,0.0,0,0.0,0,2352.8,20,0.0,0,0.0,0,0.0,0,0.0,0
2012-10-19T09:17:19.500,2352.8,6635,2352.6,12,0.0,0,0.0,0,0.0,0,0.0,0,2352.8,19,0.0,0,0.0,0,0.0,0,0.0,0
2012-10-19T09:17:20.000,2352.8,6646,2352.6,14,0.0,0,0.0,0,0.0,0,0.0,0,2352.8,9,0.0,0,0.0,0,0.0,0,0.0,0
2012-10-19T09:17:20.500,2352.6,6660,2352.6,10,0.0,0,0.0,0,0.0,0,0.0,0,2353,65,0.0,0,0.0,0,0.0,0,0.0,0
2012-10-19T09:17:21.000,2353,6679,2352.6,7,0.0,0,0.0,0,0.0,0,0.0,0,2353,56,0.0,0,0.0,0,0.0,0,0.0,0
2012-10-19T09:17:21.500,2353,6683,2352.8,4,0.0,0,0.0,0,0.0,0,0.0,0,2353,52,0.0,0,0.0,0,0.0,0,0.0,0
2012-10-19T09:17:22.000,2353,6687,2352.8,5,0.0,0,0.0,0,0.0,0,0.0,0,2353,48,0.0,0,0.0,0,0.0,0,0.0,0
2012-10-19T09:17:22.500,2353,6690,2352.8,9,0.0,0,0.0,0,0.0,0,0.0,0,2353,73,0.0,0,0.0,0,0.0,0,0.0,0
2012-10-19T09:17:23.000,2353,6701,2352.8,10,0.0,0,0.0,0,0.0,0,0.0,0,2353,62,0.0,0,0.0,0,0.0,0,0.0,0
2012-10-19T09:17:23.500,2352.8,6709,2352.8,9,0.0,0,0.0,0,0.0,0,0.0,0,2353,60,0.0,0,0.0,0,0.0,0,0.0,0
2012-10-19T09:17:24.000,2352.8,6720,2352.6,15,0.0,0,0.0,0,0.0,0,0.0,0,2352.8,16,0.0,0,0.0,0,0.0,0,0.0,0
2012-10-19T09:17:24.500,2352.6,6722,2352.6,12,0.0,0,0.0,0,0.0,0,0.0,0,2352.8,16,0.0,0,0.0,0,0.0,0,0.0,0
2012-10-19T09:17:25.000,2352.8,6726,2352.6,12,0.0,0,0.0,0,0.0,0,0.0,0,2352.8,13,0.0,0,0.0,0,0.0,0,0.0,0
2012-10-19T09:17:25.500,2352.8,6732,2352.6,15,0.0,0,0.0,0,0.0,0,0.0,0,2352.8,48,0.0,0,0.0,0,0.0,0,0.0,0
2012-10-19T09:17:26.000,2352.6,6741,2352.6,8,0.0,0,0.0,0,0.0,0,0.0,0,2352.8,48,0.0,0,0.0,0,0.0,0,0.0,0
2012-10-19T09:17:26.500,2352.6,6746,2352.6,3,0.0,0,0.0,0,0.0,0,0.0,0,2352.8,48,0.0,0,0.0,0,0.0,0,0.0,0
2012-10-19T09:17:27.000,2352.6,6751,2352.6,1,0.0,0,0.0,0,0.0,0,0.0,0,2352.8,47,0.0,0,0.0,0,0.0,0,0.0,0
2012-10-19T09:17:27.500,2352.6,6764,2352.6,17,0.0,0,0.0,0,0.0,0,0.0,0,2352.8,40,0.0,0,0.0,0,0.0,0,0.0,0
2012-10-19T09:17:28.000,2352.6,6769,2352.6,13,0.0,0,0.0,0,0.0,0,0.0,0,2352.8,40,0.0,0,0.0,0,0.0,0,0.0,0
2012-10-19T09:17:28.500,2352.8,6773,2352.6,16,0.0,0,0.0,0,0.0,0,0.0,0,2352.8,39,0.0,0,0.0,0,0.0,0,0.0,0
2012-10-19T09:17:29.000,2352.8,6780,2352.6,14,0.0,0,0.0,0,0.0,0,0.0,0,2352.8,39,0.0,0,0.0,0,0.0,0,0.0,0
2012-10-19T09:17:29.500,2352.6,6783,2352.6,13,0.0,0,0.0,0,0.0,0,0.0,0,2352.8,38,0.0,0,0.0,0,0.0,0,0.0,0
2012-10-19T09:17:30.000,2352.8,6785,2352.6,11,0.0,0,0.0,0,0.0,0,0.0,0,2352.8,36,0.0,0,0.0,0,0.0,0,0.0,0
2012-10-19T09:17:30.500,2352.6,6832,2352.8,1,0.0,0,0.0,0,0.0,0,0.0,0,2353,62,0.0,0,0.0,0,0.0,0,0.0,0
2012-10-19T09:17:31.000,2352.8,6834,2352.6,4,0.0,0,0.0,0,0.0,0,0.0,0,2352.8,35,0.0,0,0.0,0,0.0,0,0.0,0
2012-10-19T09:17:31.500,2352.6,6835,2352.6,17,0.0,0,0.0,0,0.0,0,0.0,0,2352.8,38,0.0,0,0.0,0,0.0,0,0.0,0
2012-10-19T09:17:32.000,2352.8,6840,2352.6,16,0.0,0,0.0,0,0.0,0,0.0,0,2352.8,35,0.0,0,0.0,0,0.0,0,0.0,0
2012-10-19T09:17:32.500,2352.8,6844,2352.6,15,0.0,0,0.0,0,0.0,0,0.0,0,2352.8,33,0.0,0,0.0,0,0.0,0,0.0,0
2012-10-19T09:17:33.250,2352.8,6884,2352.8,2,0.0,0,0.0,0,0.0,0,0.0,0,2353,65,0.0,0,0.0,0,0.0,0,0.0,0
2012-10-19T09:17:34.000,2352.8,6885,2352.8,1,0.0,0,0.0,0,0.0,0,0.0,0,2353,70,0.0,0,0.0,0,0.0,0,0.0,0
2012-10-19T09:17:34.500,2352.8,6893,2352.6,16,0.0,0,0.0,0,0.0,0,0.0,0,2352.8,5,0.0,0,0.0,0,0.0,0,0.0,0
2012-10-19T09:17:35.000,2352.8,6894,2352.6,24,0.0,0,0.0,0,0.0,0,0.0,0,2352.8,4,0.0,0,0.0,0,0.0,0,0.0,0
2012-10-19T09:17:35.500,2352.8,6904,2352.6,25,0.0,0,0.0,0,0.0,0,0.0,0,2352.8,1,0.0,0,0.0,0,0.0,0,0.0,0
2012-10-19T09:17:36.000,2352.8,6909,2352.6,21,0.0,0,0.0,0,0.0,0,0.0,0,2353,79,0.0,0,0.0,0,0.0,0,0.0,0
2012-10-19T09:17:36.500,2353,6914,2352.8,1,0.0,0,0.0,0,0.0,0,0.0,0,2353,78,0.0,0,0.0,0,0.0,0,0.0,0
2012-10-19T09:17:37.000,2352.8,6917,2352.6,18,0.0,0,0.0,0,0.0,0,0.0,0,2352.8,1,0.0,0,0.0,0,0.0,0,0.0,0
2012-10-19T09:17:37.500,2352.6,6919,2352.6,17,0.0,0,0.0,0,0.0,0,0.0,0,2353,77,0.0,0,0.0,0,0.0,0,0.0,0
2012-10-19T09:17:38.250,2353,6922,2352.8,1,0.0,0,0.0,0,0.0,0,0.0,0,2353,76,0.0,0,0.0,0,0.0,0,0.0,0
2012-10-19T09:17:39.000,2353,6925,2352.8,3,0.0,0,0.0,0,0.0,0,0.0,0,2353,74,0.0,0,0.0,0,0.0,0,0.0,0
2012-10-19T09:17:39.500,2352.8,6928,2352.8,1,0.0,0,0.0,0,0.0,0,0.0,0,2353,74,0.0,0,0.0,0,0.0,0,0.0,0
2012-10-19T09:17:40.000,2353,6965,2352.8,3,0.0,0,0.0,0,0.0,0,0.0,0,2353,38,0.0,0,0.0,0,0.0,0,0.0,0
2012-10-19T09:17:40.500,2352.8,6990,2352.6,31,0.0,0,0.0,0,0.0,0,0.0,0,2352.8,1,0.0,0,0.0,0,0.0,0,0.0,0
2012-10-19T09:17:41.000,2352.6,7007,2352.6,33,0.0,0,0.0,0,0.0,0,0.0,0,2352.8,23,0.0,0,0.0,0,0.0,0,0.0,0
2012-10-19T09:17:41.500,2352.6,7024,2352.6,34,0.0,0,0.0,0,0.0,0,0.0,0,2352.8,11,0.0,0,0.0,0,0.0,0,0.0,0
2012-10-19T09:17:42.000,2352.8,7029,2352.6,32,0.0,0,0.0,0,0.0,0,0.0,0,2352.8,10,0.0,0,0.0,0,0.0,0,0.0,0
2012-10-19T09:17:42.500,2353,7052,2352.6,31,0.0,0,0.0,0,0.0,0,0.0,0,2353,17,0.0,0,0.0,0,0.0,0,0.0,0
2012-10-19T09:17:43.000,2352.8,7054,2352.8,6,0.0,0,0.0,0,0.0,0,0.0,0,2353,17,0.0,0,0.0,0,0.0,0,0.0,0
2012-10-19T09:17:43.500,2353,7065,2352.8,3,0.0,0,0.0,0,0.0,0,0.0,0,2353,12,0.0,0,0.0,0,0.0,0,0.0,0
2012-10-19T09:17:44.000,2353,7076,2352.8,2,0.0,0,0.0,0,0.0,0,0.0,0,2353,5,0.0,0,0.0,0,0.0,0,0.0,0
2012-10-19T09:17:44.500,2353,7083,2352.8,1,0.0,0,0.0,0,0.0,0,0.0,0,2353.2,88,0.0,0,0.0,0,0.0,0,0.0,0
2012-10-19T09:17:45.000,2352.8,7087,2352.6,32,0.0,0,0.0,0,0.0,0,0.0,0,2353.2,85,0.0,0,0.0,0,0.0,0,0.0,0
2012-10-19T09:17:45.500,2353.2,7092,2352.6,35,0.0,0,0.0,0,0.0,0,0.0,0,2352.8,1,0.0,0,0.0,0,0.0,0,0.0,0
2012-10-19T09:17:46.000,2353.2,7136,2352.8,1,0.0,0,0.0,0,0.0,0,0.0,0,2353.2,44,0.0,0,0.0,0,0.0,0,0.0,0
2012-10-19T09:17:46.500,2353.2,7162,2352.6,29,0.0,0,0.0,0,0.0,0,0.0,0,2353.2,27,0.0,0,0.0,0,0.0,0,0.0,0
2012-10-19T09:17:47.000,2353.2,7164,2352.8,3,0.0,0,0.0,0,0.0,0,0.0,0,2353,20,0.0,0,0.0,0,0.0,0,0.0,0
2012-10-19T09:17:47.500,2353,7171,2352.8,10,0.0,0,0.0,0,0.0,0,0.0,0,2353,14,0.0,0,0.0,0,0.0,0,0.0,0
2012-10-19T09:17:48.000,2353,7187,2353,12,0.0,0,0.0,0,0.0,0,0.0,0,2353.2,25,0.0,0,0.0,0,0.0,0,0.0,0
2012-10-19T09:17:48.500,2353,7200,2353,1,0.0,0,0.0,0,0.0,0,0.0,0,2353.2,27,0.0,0,0.0,0,0.0,0,0.0,0
2012-10-19T09:17:49.000,2353,7203,2352.8,11,0.0,0,0.0,0,0.0,0,0.0,0,2353,7,0.0,0,0.0,0,0.0,0,0.0,0
2012-10-19T09:17:49.500,2353,7219,2353,2,0.0,0,0.0,0,0.0,0,0.0,0,2353.2,27,0.0,0,0.0,0,0.0,0,0.0,0
2012-10-19T09:17:50.000,2353,7221,2353,4,0.0,0,0.0,0,0.0,0,0.0,0,2353.2,27,0.0,0,0.0,0,0.0,0,0.0,0
2012-10-19T09:17:50.500,2353.2,7248,2353.2,9,0.0,0,0.0,0,0.0,0,0.0,0,2353.4,31,0.0,0,0.0,0,0.0,0,0.0,0
2012-10-19T09:17:51.000,2353,7272,2352.8,15,0.0,0,0.0,0,0.0,0,0.0,0,2353,19,0.0,0,0.0,0,0.0,0,0.0,0
2012-10-19T09:17:51.500,2353,7295,2353,10,0.0,0,0.0,0,0.0,0,0.0,0,2353.2,2,0.0,0,0.0,0,0.0,0,0.0,0
2012-10-19T09:17:52.000,2353,7312,2353,31,0.0,0,0.0,0,0.0,0,0.0,0,2353.4,25,0.0,0,0.0,0,0.0,0,0.0,0
2012-10-19T09:17:52.500,2353,7345,2352.8,14,0.0,0,0.0,0,0.0,0,0.0,0,2353,2,0.0,0,0.0,0,0.0,0,0.0,0
2012-10-19T09:17:53.000,2353.4,7350,2353,2,0.0,0,0.0,0,0.0,0,0.0,0,2353.4,23,0.0,0,0.0,0,0.0,0,0.0,0
2012-10-19T09:17:53.500,2353.4,7351,2353.2,1,0.0,0,0.0,0,0.0,0,0.0,0,2353.4,23,0.0,0,0.0,0,0.0,0,0.0,0
2012-10-19T09:17:54.000,2353.4,7368,2352.8,14,0.0,0,0.0,0,0.0,0,0.0,0,2353.4,11,0.0,0,0.0,0,0.0,0,0.0,0
2012-10-19T09:17:54.500,2353,7373,2352.8,16,0.0,0,0.0,0,0.0,0,0.0,0,2353.4,10,0.0,0,0.0,0,0.0,0,0.0,0
2012-10-19T09:17:55.000,2352.8,7375,2352.8,16,0.0,0,0.0,0,0.0,0,0.0,0,2353,6,0.0,0,0.0,0,0.0,0,0.0,0
2012-10-19T09:17:55.500,2353,7381,2353.2,7,0.0,0,0.0,0,0.0,0,0.0,0,2353.4,13,0.0,0,0.0,0,0.0,0,0.0,0
2012-10-19T09:17:56.000,2353.4,7384,2353.2,7,0.0,0,0.0,0,0.0,0,0.0,0,2353.4,13,0.0,0,0.0,0,0.0,0,0.0,0
2012-10-19T09:17:56.500,2353.2,7392,2353.2,1,0.0,0,0.0,0,0.0,0,0.0,0,2353.4,14,0.0,0,0.0,0,0.0,0,0.0,0
2012-10-19T09:17:57.000,2353.4,7409,2353.4,7,0.0,0,0.0,0,0.0,0,0.0,0,2353.6,63,0.0,0,0.0,0,0.0,0,0.0,0
2012-10-19T09:17:57.500,2353.4,7418,2353,42,0.0,0,0.0,0,0.0,0,0.0,0,2353.2,2,0.0,0,0.0,0,0.0,0,0.0,0
2012-10-19T09:17:58.000,2353.2,7424,2353,69,0.0,0,0.0,0,0.0,0,0.0,0,2353.2,2,0.0,0,0.0,0,0.0,0,0.0,0
2012-10-19T09:17:58.500,2353.4,7433,2353.2,15,0.0,0,0.0,0,0.0,0,0.0,0,2353.6,66,0.0,0,0.0,0,0.0,0,0.0,0
2012-10-19T09:17:59.000,2353.2,7446,2353.2,22,0.0,0,0.0,0,0.0,0,0.0,0,2353.4,2,0.0,0,0.0,0,0.0,0,0.0,0
2012-10-19T09:17:59.500,2353.4,7457,2353.2,16,0.0,0,0.0,0,0.0,0,0.0,0,2353.6,69,0.0,0,0.0,0,0.0,0,0.0,0
2012-10-19T09:18:00.000,2353.2,7462,2353.4,1,0.0,0,0.0,0,0.0,0,0.0,0,2353.6,68,0.0,0,0.0,0,0.0,0,0.0,0
2012-10-19T09:18:00.500,2353.4,7506,2353.2,1,0.0,0,0.0,0,0.0,0,0.0,0,2353.4,2,0.0,0,0.0,0,0.0,0,0.0,0
2012-10-19T09:18:01.000,2353.2,7531,2353.2,3,0.0,0,0.0,0,0.0,0,0.0,0,2353.4,16,0.0,0,0.0,0,0.0,0,0.0,0
2012-10-19T09:18:01.500,2353.2,7535,2353.2,4,0.0,0,0.0,0,0.0,0,0.0,0,2353.4,29,0.0,0,0.0,0,0.0,0,0.0,0
2012-10-19T09:18:02.000,2353.2,7575,2353.2,1,0.0,0,0.0,0,0.0,0,0.0,0,2353.6,62,0.0,0,0.0,0,0.0,0,0.0,0
2012-10-19T09:18:02.500,2353.2,7582,2353.2,3,0.0,0,0.0,0,0.0,0,0.0,0,2353.6,58,0.0,0,0.0,0,0.0,0,0.0,0
2012-10-19T09:18:03.000,2353.2,7597,2353.2,17,0.0,0,0.0,0,0.0,0,0.0,0,2353.4,2,0.0,0,0.0,0,0.0,0,0.0,0
2012-10-19T09:18:03.500,2353.2,7599,2353.2,15,0.0,0,0.0,0,0.0,0,0.0,0,2353.4,8,0.0,0,0.0,0,0.0,0,0.0,0
2012-10-19T09:18:04.000,2353.4,7603,2353.2,4,0.0,0,0.0,0,0.0,0,0.0,0,2353.4,7,0.0,0,0.0,0,0.0,0,0.0,0
2012-10-19T09:18:04.500,2353.4,7624,2353.4,5,0.0,0,0.0,0,0.0,0,0.0,0,2353.6,52,0.0,0,0.0,0,0.0,0,0.0,0
2012-10-19T09:18:05.000,2353.4,7626,2353.4,6,0.0,0,0.0,0,0.0,0,0.0,0,2353.6,52,0.0,0,0.0,0,0.0,0,0.0,0
2012-10-19T09:18:05.500,2353.4,7632,2353.4,1,0.0,0,0.0,0,0.0,0,0.0,0,2353.6,50,0.0,0,0.0,0,0.0,0,0.0,0
2012-10-19T09:18:06.000,2353.2,7639,2353,64,0.0,0,0.0,0,0.0,0,0.0,0,2353.4,10,0.0,0,0.0,0,0.0,0,0.0,0
2012-10-19T09:18:06.500,2353.4,7643,2353,64,0.0,0,0.0,0,0.0,0,0.0,0,2353.4,8,0.0,0,0.0,0,0.0,0,0.0,0
2012-10-19T09:18:07.000,2353.4,7647,2353.2,3,0.0,0,0.0,0,0.0,0,0.0,0,2353.4,6,0.0,0,0.0,0,0.0,0,0.0,0
2012-10-19T09:18:07.500,2353.2,7651,2353,63,0.0,0,0.0,0,0.0,0,0.0,0,2353.2,2,0.0,0,0.0,0,0.0,0,0.0,0
2012-10-19T09:18:08.000,2353,7656,2353,61,0.0,0,0.0,0,0.0,0,0.0,0,2353.2,2,0.0,0,0.0,0,0.0,0,0.0,0
2012-10-19T09:18:08.500,2353,7662,2353,56,0.0,0,0.0,0,0.0,0,0.0,0,2353.2,1,0.0,0,0.0,0,0.0,0,0.0,0
2012-10-19T09:18:09.000,2353.2,7665,2353,56,0.0,0,0.0,0,0.0,0,0.0,0,2353.2,1,0.0,0,0.0,0,0.0,0,0.0,0
2012-10-19T09:18:09.500,2353.2,7667,2353.2,1,0.0,0,0.0,0,0.0,0,0.0,0,2353.4,38,0.0,0,0.0,0,0.0,0,0.0,0
2012-10-19T09:18:10.000,2353.2,7668,2353,59,0.0,0,0.0,0,0.0,0,0.0,0,2353.2,1,0.0,0,0.0,0,0.0,0,0.0,0
2012-10-19T09:18:10.500,2353,7672,2353,56,0.0,0,0.0,0,0.0,0,0.0,0,2353.2,5,0.0,0,0.0,0,0.0,0,0.0,0
2012-10-19T09:18:11.000,2353.2,7674,2353,57,0.0,0,0.0,0,0.0,0,0.0,0,2353.2,48,0.0,0,0.0,0,0.0,0,0.0,0
2012-10-19T09:18:11.500,2353,7724,2353,7,0.0,0,0.0,0,0.0,0,0.0,0,2353.2,50,0.0,0,0.0,0,0.0,0,0.0,0
2012-10-19T09:18:12.000,2352.8,7758,2352.8,6,0.0,0,0.0,0,0.0,0,0.0,0,2353,74,0.0,0,0.0,0,0.0,0,0.0,0
2012-10-19T09:18:12.500,2353,7816,2352.6,46,0.0,0,0.0,0,0.0,0,0.0,0,2353,60,0.0,0,0.0,0,0.0,0,0.0,0
2012-10-19T09:18:13.000,2352.6,7901,2352.4,37,0.0,0,0.0,0,0.0,0,0.0,0,2352.6,1,0.0,0,0.0,0,0.0,0,0.0,0
2012-10-19T09:18:13.500,2353,7913,2352.8,1,0.0,0,0.0,0,0.0,0,0.0,0,2353,26,0.0,0,0.0,0,0.0,0,0.0,0
2012-10-19T09:18:14.000,2352.6,7935,2352.8,2,0.0,0,0.0,0,0.0,0,0.0,0,2353,29,0.0,0,0.0,0,0.0,0,0.0,0
2012-10-19T09:18:14.500,2352.8,7944,2352.6,11,0.0,0,0.0,0,0.0,0,0.0,0,2353,14,0.0,0,0.0,0,0.0,0,0.0,0
2012-10-19T09:18:15.000,2352.6,7962,2352.4,37,0.0,0,0.0,0,0.0,0,0.0,0,2352.6,4,0.0,0,0.0,0,0.0,0,0.0,0
2012-10-19T09:18:15.500,2352.8,7969,2352.4,36,0.0,0,0.0,0,0.0,0,0.0,0,2352.8,11,0.0,0,0.0,0,0.0,0,0.0,0
2012-10-19T09:18:16.000,2352.6,7975,2352.6,14,0.0,0,0.0,0,0.0,0,0.0,0,2352.8,11,0.0,0,0.0,0,0.0,0,0.0,0
2012-10-19T09:18:16.500,2352.6,7984,2352.6,9,0.0,0,0.0,0,0.0,0,0.0,0,2352.8,11,0.0,0,0.0,0,0.0,0,0.0,0
2012-10-19T09:18:17.000,2352.8,7986,2352.6,31,0.0,0,0.0,0,0.0,0,0.0,0,2352.8,10,0.0,0,0.0,0,0.0,0,0.0,0
2012-10-19T09:18:17.500,2352.8,8002,2352.6,17,0.0,0,0.0,0,0.0,0,0.0,0,2352.8,10,0.0,0,0.0,0,0.0,0,0.0,0
2012-10-19T09:18:18.000,2352.8,8012,2352.6,11,0.0,0,0.0,0,0.0,0,0.0,0,2352.8,9,0.0,0,0.0,0,0.0,0,0.0,0
2012-10-19T09:18:18.500,2352.6,8025,2352.4,36,0.0,0,0.0,0,0.0,0,0.0,0,2352.6,37,0.0,0,0.0,0,0.0,0,0.0,0
2012-10-19T09:18:19.000,2352.6,8030,2352.4,37,0.0,0,0.0,0,0.0,0,0.0,0,2352.6,39,0.0,0,0.0,0,0.0,0,0.0,0
2012-10-19T09:18:19.500,2352.4,8035,2352.4,36,0.0,0,0.0,0,0.0,0,0.0,0,2352.6,38,0.0,0,0.0,0,0.0,0,0.0,0
2012-10-19T09:18:20.000,2352.4,8056,2352.4,16,0.0,0,0.0,0,0.0,0,0.0,0,2352.6,38,0.0,0,0.0,0,0.0,0,0.0,0
2012-10-19T09:18:20.500,2352.6,8069,2352.4,13,0.0,0,0.0,0,0.0,0,0.0,0,2352.6,34,0.0,0,0.0,0,0.0,0,0.0,0
2012-10-19T09:18:21.000,2352.4,8082,2352.4,6,0.0,0,0.0,0,0.0,0,0.0,0,2352.6,29,0.0,0,0.0,0,0.0,0,0.0,0
2012-10-19T09:18:21.500,2352.6,8092,2352.4,4,0.0,0,0.0,0,0.0,0,0.0,0,2352.6,21,0.0,0,0.0,0,0.0,0,0.0,0
2012-10-19T09:18:22.000,2352.4,8096,2352.2,61,0.0,0,0.0,0,0.0,0,0.0,0,2352.4,5,0.0,0,0.0,0,0.0,0,0.0,0
2012-10-19T09:18:22.500,2352.2,8103,2352.2,54,0.0,0,0.0,0,0.0,0,0.0,0,2352.4,6,0.0,0,0.0,0,0.0,0,0.0,0
2012-10-19T09:18:23.000,2352.2,8105,2352.2,52,0.0,0,0.0,0,0.0,0,0.0,0,2352.4,14,0.0,0,0.0,0,0.0,0,0.0,0
2012-10-19T09:18:23.500,2352.2,8112,2352.2,46,0.0,0,0.0,0,0.0,0,0.0,0,2352.4,20,0.0,0,0.0,0,0.0,0,0.0,0
2012-10-19T09:18:24.000,2352.2,8165,2352,78,0.0,0,0.0,0,0.0,0,0.0,0,2352.2,24,0.0,0,0.0,0,0.0,0,0.0,0
2012-10-19T09:18:24.500,2352,8180,2352,77,0.0,0,0.0,0,0.0,0,0.0,0,2352.2,14,0.0,0,0.0,0,0.0,0,0.0,0
2012-10-19T09:18:25.000,2352.2,8194,2352,70,0.0,0,0.0,0,0.0,0,0.0,0,2352.2,18,0.0,0,0.0,0,0.0,0,0.0,0
2012-10-19T09:18:25.500,2352,8234,2352,31,0.0,0,0.0,0,0.0,0,0.0,0,2352.2,18,0.0,0,0.0,0,0.0,0,0.0,0
2012-10-19T09:18:26.000,2352,8246,2352,23,0.0,0,0.0,0,0.0,0,0.0,0,2352.2,16,0.0,0,0.0,0,0.0,0,0.0,0
2012-10-19T09:18:26.500,2352.2,8260,2352,15,0.0,0,0.0,0,0.0,0,0.0,0,2352.2,12,0.0,0,0.0,0,0.0,0,0.0,0
2012-10-19T09:18:27.000,2352,8273,2352,5,0.0,0,0.0,0,0.0,0,0.0,0,2352.2,11,0.0,0,0.0,0,0.0,0,0.0,0
2012-10-19T09:18:27.500,2352,8279,2351.8,13,0.0,0,0.0,0,0.0,0,0.0,0,2352,16,0.0,0,0.0,0,0.0,0,0.0,0
2012-10-19T09:18:28.000,2352,8286,2351.8,13,0.0,0,0.0,0,0.0,0,0.0,0,2352,21,0.0,0,0.0,0,0.0,0,0.0,0
2012-10-19T09:18:28.500,2351.8,8304,2351.6,54,0.0,0,0.0,0,0.0,0,0.0,0,2351.8,26,0.0,0,0.0,0,0.0,0,0.0,0
2012-10-19T09:18:29.000,2351.8,8310,2351.6,53,0.0,0,0.0,0,0.0,0,0.0,0,2351.8,24,0.0,0,0.0,0,0.0,0,0.0,0
2012-10-19T09:18:29.500,2351.8,8318,2351.6,56,0.0,0,0.0,0,0.0,0,0.0,0,2351.8,17,0.0,0,0.0,0,0.0,0,0.0,0
2012-10-19T09:18:30.000,2351.6,8338,2351.6,50,0.0,0,0.0,0,0.0,0,0.0,0,2351.8,5,0.0,0,0.0,0,0.0,0,0.0,0
2012-10-19T09:18:30.500,2351.8,8349,2351.8,65,0.0,0,0.0,0,0.0,0,0.0,0,2352,44,0.0,0,0.0,0,0.0,0,0.0,0
2012-10-19T09:18:31.000,2352,8372,2351.8,67,0.0,0,0.0,0,0.0,0,0.0,0,2352,38,0.0,0,0.0,0,0.0,0,0.0,0
2012-10-19T09:18:31.500,2352,8394,2351.8,64,0.0,0,0.0,0,0.0,0,0.0,0,2352,21,0.0,0,0.0,0,0.0,0,0.0,0
2012-10-19T09:18:32.000,2352,8416,2351.8,66,0.0,0,0.0,0,0.0,0,0.0,0,2352,2,0.0,0,0.0,0,0.0,0,0.0,0
2012-10-19T09:18:32.500,2352,8423,2351.8,86,0.0,0,0.0,0,0.0,0,0.0,0,2352.2,14,0.0,0,0.0,0,0.0,0,0.0,0
2012-10-19T09:18:33.000,2352,8440,2352,5,0.0,0,0.0,0,0.0,0,0.0,0,2352.2,8,0.0,0,0.0,0,0.0,0,0.0,0
2012-10-19T09:18:33.500,2352,8465,2352,3,0.0,0,0.0,0,0.0,0,0.0,0,2352.4,18,0.0,0,0.0,0,0.0,0,0.0,0
2012-10-19T09:18:34.000,2352,8477,2352,20,0.0,0,0.0,0,0.0,0,0.0,0,2352.2,6,0.0,0,0.0,0,0.0,0,0.0,0
2012-10-19T09:18:34.500,2352,8483,2352,40,0.0,0,0.0,0,0.0,0,0.0,0,2352.2,6,0.0,0,0.0,0,0.0,0,0.0,0
2012-10-19T09:18:35.000,2352.2,8487,2352,42,0.0,0,0.0,0,0.0,0,0.0,0,2352.2,10,0.0,0,0.0,0,0.0,0,0.0,0
2012-10-19T09:18:35.500,2352,8500,2352,33,0.0,0,0.0,0,0.0,0,0.0,0,2352.2,7,0.0,0,0.0,0,0.0,0,0.0,0
2012-10-19T09:18:36.000,2352.4,8512,2352.2,16,0.0,0,0.0,0,0.0,0,0.0,0,2352.4,13,0.0,0,0.0,0,0.0,0,0.0,0
2012-10-19T09:18:36.500,2352.2,8515,2352.2,14,0.0,0,0.0,0,0.0,0,0.0,0,2352.4,15,0.0,0,0.0,0,0.0,0,0.0,0
2012-10-19T09:18:37.000,2352.2,8520,2352.2,16,0.0,0,0.0,0,0.0,0,0.0,0,2352.4,15,0.0,0,0.0,0,0.0,0,0.0,0
2012-10-19T09:18:37.500,2352.2,8523,2352.2,14,0.0,0,0.0,0,0.0,0,0.0,0,2352.4,17,0.0,0,0.0,0,0.0,0,0.0,0
2012-10-19T09:18:38.000,2352.2,8524,2352.2,13,0.0,0,0.0,0,0.0,0,0.0,0,2352.4,18,0.0,0,0.0,0,0.0,0,0.0,0
2012-10-19T09:18:38.500,2352.4,8532,2352.2,6,0.0,0,0.0,0,0.0,0,0.0,0,2352.4,18,0.0,0,0.0,0,0.0,0,0.0,0
2012-10-19T09:18:39.000,2352.4,8533,2352.2,7,0.0,0,0.0,0,0.0,0,0.0,0,2352.4,18,0.0,0,0.0,0,0.0,0,0.0,0
2012-10-19T09:18:39.500,2352.4,8534,2352.2,7,0.0,0,0.0,0,0.0,0,0.0,0,2352.4,17,0.0,0,0.0,0,0.0,0,0.0,0
2012-10-19T09:18:40.000,2352.2,8544,2352,37,0.0,0,0.0,0,0.0,0,0.0,0,2352.2,3,0.0,0,0.0,0,0.0,0,0.0,0
2012-10-19T09:18:40.500,2352,8545,2352,36,0.0,0,0.0,0,0.0,0,0.0,0,2352.2,90,0.0,0,0.0,0,0.0,0,0.0,0
2012-10-19T09:18:41.000,2352,8569,2352,14,0.0,0,0.0,0,0.0,0,0.0,0,2352.2,88,0.0,0,0.0,0,0.0,0,0.0,0
2012-10-19T09:18:41.500,2352,8586,2351.8,45,0.0,0,0.0,0,0.0,0,0.0,0,2352,6,0.0,0,0.0,0,0.0,0,0.0,0
2012-10-19T09:18:42.000,2351.8,8594,2351.8,37,0.0,0,0.0,0,0.0,0,0.0,0,2352,6,0.0,0,0.0,0,0.0,0,0.0,0
2012-10-19T09:18:42.500,2352,8606,2352,12,0.0,0,0.0,0,0.0,0,0.0,0,2352.2,90,0.0,0,0.0,0,0.0,0,0.0,0
2012-10-19T09:18:43.000,2352,8609,2352,12,0.0,0,0.0,0,0.0,0,0.0,0,2352.2,93,0.0,0,0.0,0,0.0,0,0.0,0
2012-10-19T09:18:43.500,2352,8628,2351.8,38,0.0,0,0.0,0,0.0,0,0.0,0,2352,19,0.0,0,0.0,0,0.0,0,0.0,0
2012-10-19T09:18:44.000,2352,8629,2351.8,41,0.0,0,0.0,0,0.0,0,0.0,0,2352,23,0.0,0,0.0,0,0.0,0,0.0,0
2012-10-19T09:18:44.500,2352,8630,2351.8,42,0.0,0,0.0,0,0.0,0,0.0,0,2352,24,0.0,0,0.0,0,0.0,0,0.0,0
2012-10-19T09:18:45.000,2351.8,8660,2352,1,0.0,0,0.0,0,0.0,0,0.0,0,2352.2,95,0.0,0,0.0,0,0.0,0,0.0,0
2012-10-19T09:18:45.500,2352,8661,2352,8,0.0,0,0.0,0,0.0,0,0.0,0,2352.2,95,0.0,0,0.0,0,0.0,0,0.0,0
2012-10-19T09:18:46.000,2352,8666,2352,8,0.0,0,0.0,0,0.0,0,0.0,0,2352.2,95,0.0,0,0.0,0,0.0,0,0.0,0
2012-10-19T09:18:46.500,2352.2,8670,2352,19,0.0,0,0.0,0,0.0,0,0.0,0,2352.2,95,0.0,0,0.0,0,0.0,0,0.0,0
2012-10-19T09:18:47.000,2352.2,8773,2352.2,5,0.0,0,0.0,0,0.0,0,0.0,0,2352.4,12,0.0,0,0.0,0,0.0,0,0.0,0
2012-10-19T09:18:47.500,2352.2,8779,2352.2,3,0.0,0,0.0,0,0.0,0,0.0,0,2352.4,8,0.0,0,0.0,0,0.0,0,0.0,0
2012-10-19T09:18:48.000,2352.2,8780,2352.2,6,0.0,0,0.0,0,0.0,0,0.0,0,2352.4,8,0.0,0,0.0,0,0.0,0,0.0,0
2012-10-19T09:18:48.500,2352.4,8782,2352.2,5,0.0,0,0.0,0,0.0,0,0.0,0,2352.4,7,0.0,0,0.0,0,0.0,0,0.0,0
2012-10-19T09:18:49.000,2352.4,8786,2352.2,4,0.0,0,0.0,0,0.0,0,0.0,0,2352.4,5,0.0,0,0.0,0,0.0,0,0.0,0
2012-10-19T09:18:49.500,2352.2,8793,2352,18,0.0,0,0.0,0,0.0,0,0.0,0,2352.2,2,0.0,0,0.0,0,0.0,0,0.0,0
2012-10-19T09:18:50.250,2352.2,8795,2352.2,2,0.0,0,0.0,0,0.0,0,0.0,0,2352.4,4,0.0,0,0.0,0,0.0,0,0.0,0
2012-10-19T09:18:51.000,2352.2,8804,2352,18,0.0,0,0.0,0,0.0,0,0.0,0,2352.2,1,0.0,0,0.0,0,0.0,0,0.0,0
2012-10-19T09:18:51.500,2352.2,8813,2352,21,0.0,0,0.0,0,0.0,0,0.0,0,2352.2,2,0.0,0,0.0,0,0.0,0,0.0,0
2012-10-19T09:18:52.000,2352.2,8814,2352,22,0.0,0,0.0,0,0.0,0,0.0,0,2352.2,1,0.0,0,0.0,0,0.0,0,0.0,0
2012-10-19T09:18:52.500,2352.2,8818,2352,22,0.0,0,0.0,0,0.0,0,0.0,0,2352.2,3,0.0,0,0.0,0,0.0,0,0.0,0
2012-10-19T09:18:53.000,2352.2,8820,2352,16,0.0,0,0.0,0,0.0,0,0.0,0,2352.2,2,0.0,0,0.0,0,0.0,0,0.0,0
2012-10-19T09:18:53.500,2352.2,8822,2352,22,0.0,0,0.0,0,0.0,0,0.0,0,2352.4,13,0.0,0,0.0,0,0.0,0,0.0,0
2012-10-19T09:18:54.000,2352.2,8824,2352,22,0.0,0,0.0,0,0.0,0,0.0,0,2352.4,13,0.0,0,0.0,0,0.0,0,0.0,0
2012-10-19T09:18:54.500,2352,8825,2352,22,0.0,0,0.0,0,0.0,0,0.0,0,2352.4,13,0.0,0,0.0,0,0.0,0,0.0,0
2012-10-19T09:18:55.000,2352.4,8836,2352,23,0.0,0,0.0,0,0.0,0,0.0,0,2352.2,1,0.0,0,0.0,0,0.0,0,0.0,0
2012-10-19T09:18:55.500,2352.4,8837,2352,23,0.0,0,0.0,0,0.0,0,0.0,0,2352.4,3,0.0,0,0.0,0,0.0,0,0.0,0
2012-10-19T09:18:56.000,2352.4,8840,2352,22,0.0,0,0.0,0,0.0,0,0.0,0,2352.4,1,0.0,0,0.0,0,0.0,0,0.0,0
2012-10-19T09:18:56.500,2352.2,8846,2352,18,0.0,0,0.0,0,0.0,0,0.0,0,2352.4,16,0.0,0,0.0,0,0.0,0,0.0,0
2012-10-19T09:18:57.250,2352,8851,2352,14,0.0,0,0.0,0,0.0,0,0.0,0,2352.4,24,0.0,0,0.0,0,0.0,0,0.0,0
2012-10-19T09:18:58.000,2352.2,8852,2352,14,0.0,0,0.0,0,0.0,0,0.0,0,2352.4,24,0.0,0,0.0,0,0.0,0,0.0,0
2012-10-19T09:18:58.500,2352,8853,2352,14,0.0,0,0.0,0,0.0,0,0.0,0,2352.2,1,0.0,0,0.0,0,0.0,0,0.0,0
2012-10-19T09:18:59.000,2352.4,8888,2352,6,0.0,0,0.0,0,0.0,0,0.0,0,2352.4,12,0.0,0,0.0,0,0.0,0,0.0,0
2012-10-19T09:18:59.500,2352.4,8891,2352,7,0.0,0,0.0,0,0.0,0,0.0,0,2352.4,11,0.0,0,0.0,0,0.0,0,0.0,0
2012-10-19T09:19:00.000,2352.2,8892,2352.2,19,0.0,0,0.0,0,0.0,0,0.0,0,2352.4,12,0.0,0,0.0,0,0.0,0,0.0,0
2012-10-19T09:19:00.500,2352,8925,2351.8,49,0.0,0,0.0,0,0.0,0,0.0,0,2352,3,0.0,0,0.0,0,0.0,0,0.0,0
2012-10-19T09:19:01.000,2351.8,8929,2351.8,49,0.0,0,0.0,0,0.0,0,0.0,0,2352.4,12,0.0,0,0.0,0,0.0,0,0.0,0
2012-10-19T09:19:01.500,2351.8,8950,2351.8,41,0.0,0,0.0,0,0.0,0,0.0,0,2352.4,3,0.0,0,0.0,0,0.0,0,0.0,0
2012-10-19T09:19:02.000,2352,8956,2352,10,0.0,0,0.0,0,0.0,0,0.0,0,2352.2,1,0.0,0,0.0,0,0.0,0,0.0,0
2012-10-19T09:19:02.500,2352,8976,2351.8,41,0.0,0,0.0,0,0.0,0,0.0,0,2352,20,0.0,0,0.0,0,0.0,0,0.0,0
2012-10-19T09:19:03.000,2352,8985,2351.8,38,0.0,0,0.0,0,0.0,0,0.0,0,2352,19,0.0,0,0.0,0,0.0,0,0.0,0
2012-10-19T09:19:03.500,2351.8,8990,2351.8,35,0.0,0,0.0,0,0.0,0,0.0,0,2352,22,0.0,0,0.0,0,0.0,0,0.0,0
2012-10-19T09:19:04.250,2351.8,8991,2351.8,35,0.0,0,0.0,0,0.0,0,0.0,0,2352,22,0.0,0,0.0,0,0.0,0,0.0,0
2012-10-19T09:19:05.250,2352,9013,2351.8,35,0.0,0,0.0,0,0.0,0,0.0,0,2352,4,0.0,0,0.0,0,0.0,0,0.0,0
2012-10-19T09:19:06.000,2351.8,9020,2351.8,43,0.0,0,0.0,0,0.0,0,0.0,0,2352.2,1,0.0,0,0.0,0,0.0,0,0.0,0
2012-10-19T09:19:06.500,2352.2,9027,2351.8,43,0.0,0,0.0,0,0.0,0,0.0,0,2352.4,7,0.0,0,0.0,0,0.0,0,0.0,0
2012-10-19T09:19:07.000,2352,9034,2352,4,0.0,0,0.0,0,0.0,0,0.0,0,2352.4,6,0.0,0,0.0,0,0.0,0,0.0,0
2012-10-19T09:19:07.500,2352,9035,2352,27,0.0,0,0.0,0,0.0,0,0.0,0,2352.4,6,0.0,0,0.0,0,0.0,0,0.0,0
2012-10-19T09:19:08.000,2352,9049,2352,15,0.0,0,0.0,0,0.0,0,0.0,0,2352.4,7,0.0,0,0.0,0,0.0,0,0.0,0
2012-10-19T09:19:08.500,2352,9050,2352.2,1,0.0,0,0.0,0,0.0,0,0.0,0,2352.4,8,0.0,0,0.0,0,0.0,0,0.0,0
2012-10-19T09:19:09.000,2352.2,9053,2352,24,0.0,0,0.0,0,0.0,0,0.0,0,2352.4,6,0.0,0,0.0,0,0.0,0,0.0,0
2012-10-19T09:19:09.500,2352,9064,2352,12,0.0,0,0.0,0,0.0,0,0.0,0,2352.4,5,0.0,0,0.0,0,0.0,0,0.0,0
2012-10-19T09:19:10.000,2352,9071,2352,13,0.0,0,0.0,0,0.0,0,0.0,0,2352.4,7,0.0,0,0.0,0,0.0,0,0.0,0
2012-10-19T09:19:10.500,2352,9081,2352,3,0.0,0,0.0,0,0.0,0,0.0,0,2352.2,1,0.0,0,0.0,0,0.0,0,0.0,0
2012-10-19T09:19:11.000,2352.4,9103,2352.4,3,0.0,0,0.0,0,0.0,0,0.0,0,2352.6,29,0.0,0,0.0,0,0.0,0,0.0,0
2012-10-19T09:19:11.500,2352.6,9107,2352.4,4,0.0,0,0.0,0,0.0,0,0.0,0,2352.6,26,0.0,0,0.0,0,0.0,0,0.0,0
2012-10-19T09:19:12.000,2352,9114,2351.8,45,0.0,0,0.0,0,0.0,0,0.0,0,2352.2,1,0.0,0,0.0,0,0.0,0,0.0,0
2012-10-19T09:19:12.500,2352.2,9115,2351.8,45,0.0,0,0.0,0,0.0,0,0.0,0,2352.4,7,0.0,0,0.0,0,0.0,0,0.0,0
2012-10-19T09:19:13.250,2352.2,9117,2352,18,0.0,0,0.0,0,0.0,0,0.0,0,2352.2,1,0.0,0,0.0,0,0.0,0,0.0,0
2012-10-19T09:19:14.000,2352.4,9120,2352.2,3,0.0,0,0.0,0,0.0,0,0.0,0,2352.4,11,0.0,0,0.0,0,0.0,0,0.0,0
2012-10-19T09:19:14.500,2352.4,9122,2352.2,5,0.0,0,0.0,0,0.0,0,0.0,0,2352.4,8,0.0,0,0.0,0,0.0,0,0.0,0
2012-10-19T09:19:15.250,2352.2,9129,2352,25,0.0,0,0.0,0,0.0,0,0.0,0,2352.2,2,0.0,0,0.0,0,0.0,0,0.0,0
2012-10-19T09:19:16.000,2352.2,9132,2352,51,0.0,0,0.0,0,0.0,0,0.0,0,2352.2,4,0.0,0,0.0,0,0.0,0,0.0,0
2012-10-19T09:19:16.500,2352.2,9135,2352,54,0.0,0,0.0,0,0.0,0,0.0,0,2352.2,1,0.0,0,0.0,0,0.0,0,0.0,0
2012-10-19T09:19:17.000,2352.2,9138,2352.2,1,0.0,0,0.0,0,0.0,0,0.0,0,2352.4,10,0.0,0,0.0,0,0.0,0,0.0,0
2012-10-19T09:19:17.500,2352.2,9141,2352.2,3,0.0,0,0.0,0,0.0,0,0.0,0,2352.4,10,0.0,0,0.0,0,0.0,0,0.0,0
2012-10-19T09:19:18.000,2352.4,9147,2352.2,10,0.0,0,0.0,0,0.0,0,0.0,0,2352.4,7,0.0,0,0.0,0,0.0,0,0.0,0
2012-10-19T09:19:18.500,2352.2,9154,2352.2,7,0.0,0,0.0,0,0.0,0,0.0,0,2352.4,7,0.0,0,0.0,0,0.0,0,0.0,0
2012-10-19T09:19:20.250,2352.2,9167,2352,69,0.0,0,0.0,0,0.0,0,0.0,0,2352.2,2,0.0,0,0.0,0,0.0,0,0.0,0
2012-10-19T09:19:21.250,2352,9175,2352,66,0.0,0,0.0,0,0.0,0,0.0,0,2352.2,16,0.0,0,0.0,0,0.0,0,0.0,0
2012-10-19T09:19:22.000,2352,9191,2352,50,0.0,0,0.0,0,0.0,0,0.0,0,2352.2,17,0.0,0,0.0,0,0.0,0,0.0,0
2012-10-19T09:19:22.500,2352,9196,2352,47,0.0,0,0.0,0,0.0,0,0.0,0,2352.2,20,0.0,0,0.0,0,0.0,0,0.0,0
2012-10-19T09:19:23.000,2352.2,9199,2352,46,0.0,0,0.0,0,0.0,0,0.0,0,2352.2,19,0.0,0,0.0,0,0.0,0,0.0,0
2012-10-19T09:19:23.500,2352.2,9211,2352,37,0.0,0,0.0,0,0.0,0,0.0,0,2352.2,17,0.0,0,0.0,0,0.0,0,0.0,0
2012-10-19T09:19:24.250,2352,9214,2352,34,0.0,0,0.0,0,0.0,0,0.0,0,2352.2,17,0.0,0,0.0,0,0.0,0,0.0,0
2012-10-19T09:19:25.000,2352.2,9220,2352,35,0.0,0,0.0,0,0.0,0,0.0,0,2352.2,15,0.0,0,0.0,0,0.0,0,0.0,0
2012-10-19T09:19:25.500,2352.2,9221,2352,35,0.0,0,0.0,0,0.0,0,0.0,0,2352.2,14,0.0,0,0.0,0,0.0,0,0.0,0
2012-10-19T09:19:26.000,2352.2,9222,2352,36,0.0,0,0.0,0,0.0,0,0.0,0,2352.2,14,0.0,0,0.0,0,0.0,0,0.0,0
2012-10-19T09:19:26.500,2352.2,9223,2352,39,0.0,0,0.0,0,0.0,0,0.0,0,2352.2,14,0.0,0,0.0,0,0.0,0,0.0,0
2012-10-19T09:19:27.000,2352.2,9229,2352,38,0.0,0,0.0,0,0.0,0,0.0,0,2352.2,10,0.0,0,0.0,0,0.0,0,0.0,0
2012-10-19T09:19:27.500,2352.2,9238,2352,39,0.0,0,0.0,0,0.0,0,0.0,0,2352.2,11,0.0,0,0.0,0,0.0,0,0.0,0
2012-10-19T09:19:28.250,2352,9242,2352,39,0.0,0,0.0,0,0.0,0,0.0,0,2352.2,8,0.0,0,0.0,0,0.0,0,0.0,0
2012-10-19T09:19:29.000,2352.2,9249,2352,39,0.0,0,0.0,0,0.0,0,0.0,0,2352.2,3,0.0,0,0.0,0,0.0,0,0.0,0
2012-10-19T09:19:29.500,2352,9255,2352,33,0.0,0,0.0,0,0.0,0,0.0,0,2352.2,3,0.0,0,0.0,0,0.0,0,0.0,0
2012-10-19T09:19:30.250,2352.2,9256,2352,35,0.0,0,0.0,0,0.0,0,0.0,0,2352.2,5,0.0,0,0.0,0,0.0,0,0.0,0
2012-10-19T09:19:31.000,2352.2,9262,2352,55,0.0,0,0.0,0,0.0,0,0.0,0,2352.4,10,0.0,0,0.0,0,0.0,0,0.0,0
2012-10-19T09:19:31.500,2352,9268,2352,49,0.0,0,0.0,0,0.0,0,0.0,0,2352.4,10,0.0,0,0.0,0,0.0,0,0.0,0
2012-10-19T09:19:32.250,2352,9276,2352.2,2,0.0,0,0.0,0,0.0,0,0.0,0,2352.4,10,0.0,0,0.0,0,0.0,0,0.0,0
2012-10-19T09:19:33.000,2352.2,9277,2352.2,2,0.0,0,0.0,0,0.0,0,0.0,0,2352.4,10,0.0,0,0.0,0,0.0,0,0.0,0
2012-10-19T09:19:33.500,2352.4,9278,2352.2,2,0.0,0,0.0,0,0.0,0,0.0,0,2352.4,9,0.0,0,0.0,0,0.0,0,0.0,0
2012-10-19T09:19:34.000,2352.2,9280,2352,50,0.0,0,0.0,0,0.0,0,0.0,0,2352.2,14,0.0,0,0.0,0,0.0,0,0.0,0
2012-10-19T09:19:34.500,2352,9284,2352,49,0.0,0,0.0,0,0.0,0,0.0,0,2352.2,13,0.0,0,0.0,0,0.0,0,0.0,0
2012-10-19T09:19:35.000,2352,9304,2352,30,0.0,0,0.0,0,0.0,0,0.0,0,2352.2,13,0.0,0,0.0,0,0.0,0,0.0,0
2012-10-19T09:19:35.500,2352.2,9305,2352,30,0.0,0,0.0,0,0.0,0,0.0,0,2352.2,14,0.0,0,0.0,0,0.0,0,0.0,0
2012-10-19T09:19:36.250,2352.2,9307,2352,30,0.0,0,0.0,0,0.0,0,0.0,0,2352.2,12,0.0,0,0.0,0,0.0,0,0.0,0
2012-10-19T09:19:38.000,2352.2,9329,2352,10,0.0,0,0.0,0,0.0,0,0.0,0,2352.2,30,0.0,0,0.0,0,0.0,0,0.0,0
2012-10-19T09:19:38.500,2352,9340,2352,2,0.0,0,0.0,0,0.0,0,0.0,0,2352.2,28,0.0,0,0.0,0,0.0,0,0.0,0
2012-10-19T09:19:39.250,2352,9342,2351.8,46,0.0,0,0.0,0,0.0,0,0.0,0,2352,6,0.0,0,0.0,0,0.0,0,0.0,0
2012-10-19T09:19:40.250,2352,9346,2351.8,44,0.0,0,0.0,0,0.0,0,0.0,0,2352,2,0.0,0,0.0,0,0.0,0,0.0,0
2012-10-19T09:19:41.250,2351.8,9354,2351.8,41,0.0,0,0.0,0,0.0,0,0.0,0,2352,5,0.0,0,0.0,0,0.0,0,0.0,0
2012-10-19T09:19:42.000,2351.8,9367,2351.8,40,0.0,0,0.0,0,0.0,0,0.0,0,2352.2,29,0.0,0,0.0,0,0.0,0,0.0,0
2012-10-19T09:19:42.500,2351.8,9377,2351.8,32,0.0,0,0.0,0,0.0,0,0.0,0,2352,9,0.0,0,0.0,0,0.0,0,0.0,0
2012-10-19T09:19:43.000,2352,9380,2351.8,30,0.0,0,0.0,0,0.0,0,0.0,0,2352,8,0.0,0,0.0,0,0.0,0,0.0,0
2012-10-19T09:19:43.500,2351.8,9402,2351.8,9,0.0,0,0.0,0,0.0,0,0.0,0,2352,13,0.0,0,0.0,0,0.0,0,0.0,0
2012-10-19T09:19:44.000,2351.8,9410,2351.8,2,0.0,0,0.0,0,0.0,0,0.0,0,2352,12,0.0,0,0.0,0,0.0,0,0.0,0
2012-10-19T09:19:44.500,2352,9411,2351.8,5,0.0,0,0.0,0,0.0,0,0.0,0,2352,14,0.0,0,0.0,0,0.0,0,0.0,0
2012-10-19T09:19:45.250,2351.8,9414,2351.8,2,0.0,0,0.0,0,0.0,0,0.0,0,2352,15,0.0,0,0.0,0,0.0,0,0.0,0
2012-10-19T09:19:46.000,2352,9416,2351.8,2,0.0,0,0.0,0,0.0,0,0.0,0,2352,13,0.0,0,0.0,0,0.0,0,0.0,0
2012-10-19T09:19:46.500,2352,9419,2351.8,3,0.0,0,0.0,0,0.0,0,0.0,0,2352,10,0.0,0,0.0,0,0.0,0,0.0,0
2012-10-19T09:19:47.250,2352,9421,2351.8,4,0.0,0,0.0,0,0.0,0,0.0,0,2352,9,0.0,0,0.0,0,0.0,0,0.0,0
2012-10-19T09:19:48.000,2352,9435,2351.6,110,0.0,0,0.0,0,0.0,0,0.0,0,2352,4,0.0,0,0.0,0,0.0,0,0.0,0
2012-10-19T09:19:48.500,2351.6,9445,2351.6,103,0.0,0,0.0,0,0.0,0,0.0,0,2351.8,1,0.0,0,0.0,0,0.0,0,0.0,0
2012-10-19T09:19:49.000,2351.8,9450,2351.6,100,0.0,0,0.0,0,0.0,0,0.0,0,2351.8,5,0.0,0,0.0,0,0.0,0,0.0,0
2012-10-19T09:19:49.500,2351.8,9461,2351.8,6,0.0,0,0.0,0,0.0,0,0.0,0,2352,10,0.0,0,0.0,0,0.0,0,0.0,0
2012-10-19T09:19:50.000,2351.6,9478,2351.6,85,0.0,0,0.0,0,0.0,0,0.0,0,2351.8,3,0.0,0,0.0,0,0.0,0,0.0,0
2012-10-19T09:19:50.500,2351.8,9481,2351.8,4,0.0,0,0.0,0,0.0,0,0.0,0,2352,13,0.0,0,0.0,0,0.0,0,0.0,0
2012-10-19T09:19:51.000,2351.8,9488,2351.6,85,0.0,0,0.0,0,0.0,0,0.0,0,2351.8,9,0.0,0,0.0,0,0.0,0,0.0,0
2012-10-19T09:19:51.500,2351.6,9509,2351.6,81,0.0,0,0.0,0,0.0,0,0.0,0,2352,17,0.0,0,0.0,0,0.0,0,0.0,0
2012-10-19T09:19:52.000,2351.8,9511,2351.6,78,0.0,0,0.0,0,0.0,0,0.0,0,2352,18,0.0,0,0.0,0,0.0,0,0.0,0
2012-10-19T09:19:52.500,2352,9520,2351.6,74,0.0,0,0.0,0,0.0,0,0.0,0,2352,13,0.0,0,0.0,0,0.0,0,0.0,0
2012-10-19T09:19:53.000,2351.6,9524,2351.6,71,0.0,0,0.0,0,0.0,0,0.0,0,2352,13,0.0,0,0.0,0,0.0,0,0.0,0
2012-10-19T09:19:53.500,2352,9526,2351.8,1,0.0,0,0.0,0,0.0,0,0.0,0,2352,12,0.0,0,0.0,0,0.0,0,0.0,0
2012-10-19T09:19:54.000,2351.8,9528,2351.8,1,0.0,0,0.0,0,0.0,0,0.0,0,2352,11,0.0,0,0.0,0,0.0,0,0.0,0
2012-10-19T09:19:54.500,2351.6,9532,2351.6,68,0.0,0,0.0,0,0.0,0,0.0,0,2351.8,2,0.0,0,0.0,0,0.0,0,0.0,0
2012-10-19T09:19:55.000,2351.8,9542,2351.8,1,0.0,0,0.0,0,0.0,0,0.0,0,2352,13,0.0,0,0.0,0,0.0,0,0.0,0
2012-10-19T09:19:55.500,2352,9545,2351.8,2,0.0,0,0.0,0,0.0,0,0.0,0,2352,11,0.0,0,0.0,0,0.0,0,0.0,0
2012-10-19T09:19:56.000,2351.8,9551,2351.8,1,0.0,0,0.0,0,0.0,0,0.0,0,2352,9,0.0,0,0.0,0,0.0,0,0.0,0
2012-10-19T09:19:56.500,2352,9553,2351.6,69,0.0,0,0.0,0,0.0,0,0.0,0,2351.8,2,0.0,0,0.0,0,0.0,0,0.0,0
2012-10-19T09:19:57.000,2352,9554,2351.6,69,0.0,0,0.0,0,0.0,0,0.0,0,2351.8,15,0.0,0,0.0,0,0.0,0,0.0,0
2012-10-19T09:19:57.500,2351.8,9555,2351.6,69,0.0,0,0.0,0,0.0,0,0.0,0,2351.8,15,0.0,0,0.0,0,0.0,0,0.0,0
2012-10-19T09:19:58.000,2351.8,9572,2351.6,55,0.0,0,0.0,0,0.0,0,0.0,0,2351.8,14,0.0,0,0.0,0,0.0,0,0.0,0
2012-10-19T09:19:58.500,2351.6,9650,2351.6,24,0.0,0,0.0,0,0.0,0,0.0,0,2352.2,35,0.0,0,0.0,0,0.0,0,0.0,0
2012-10-19T09:19:59.000,2351.8,9662,2351.6,19,0.0,0,0.0,0,0.0,0,0.0,0,2351.8,11,0.0,0,0.0,0,0.0,0,0.0,0
2012-10-19T09:19:59.500,2351.6,9686,2351.4,71,0.0,0,0.0,0,0.0,0,0.0,0,2351.6,2,0.0,0,0.0,0,0.0,0,0.0,0
2012-10-19T09:20:00.000,2351.8,9696,2351.6,1,0.0,0,0.0,0,0.0,0,0.0,0,2351.8,10,0.0,0,0.0,0,0.0,0,0.0,0
2012-10-19T09:20:00.500,2351.4,9717,2351.4,62,0.0,0,0.0,0,0.0,0,0.0,0,2351.8,15,0.0,0,0.0,0,0.0,0,0.0,0
2012-10-19T09:20:01.000,2351.4,9750,2351.4,47,0.0,0,0.0,0,0.0,0,0.0,0,2351.6,24,0.0,0,0.0,0,0.0,0,0.0,0
2012-10-19T09:20:01.500,2351.6,9775,2351.4,32,0.0,0,0.0,0,0.0,0,0.0,0,2351.6,18,0.0,0,0.0,0,0.0,0,0.0,0
2012-10-19T09:20:02.000,2351.2,9826,2351.2,43,0.0,0,0.0,0,0.0,0,0.0,0,2351.4,29,0.0,0,0.0,0,0.0,0,0.0,0
2012-10-19T09:20:02.500,2351.2,9854,2351.2,32,0.0,0,0.0,0,0.0,0,0.0,0,2351.4,29,0.0,0,0.0,0,0.0,0,0.0,0
2012-10-19T09:20:03.000,2351.2,9887,2351.2,22,0.0,0,0.0,0,0.0,0,0.0,0,2351.4,13,0.0,0,0.0,0,0.0,0,0.0,0
2012-10-19T09:20:03.500,2351.4,9892,2351.2,24,0.0,0,0.0,0,0.0,0,0.0,0,2351.4,8,0.0,0,0.0,0,0.0,0,0.0,0
2012-10-19T09:20:04.000,2351,9919,2351,52,0.0,0,0.0,0,0.0,0,0.0,0,2351.2,26,0.0,0,0.0,0,0.0,0,0.0,0
2012-10-19T09:20:04.500,2351.2,9948,2351,44,0.0,0,0.0,0,0.0,0,0.0,0,2351.2,9,0.0,0,0.0,0,0.0,0,0.0,0
2012-10-19T09:20:05.000,2351.2,9956,2351,42,0.0,0,0.0,0,0.0,0,0.0,0,2351.2,3,0.0,0,0.0,0,0.0,0,0.0,0
2012-10-19T09:20:05.500,2350.8,10005,2350.8,6,0.0,0,0.0,0,0.0,0,0.0,0,2351,1,0.0,0,0.0,0,0.0,0,0.0,0
2012-10-19T09:20:06.000,2350.6,10053,2350.6,30,0.0,0,0.0,0,0.0,0,0.0,0,2351.4,18,0.0,0,0.0,0,0.0,0,0.0,0
2012-10-19T09:20:06.500,2351.2,10079,2351.2,5,0.0,0,0.0,0,0.0,0,0.0,0,2351.4,27,0.0,0,0.0,0,0.0,0,0.0,0
2012-10-19T09:20:07.000,2351.4,10129,2351,11,0.0,0,0.0,0,0.0,0,0.0,0,2351.4,11,0.0,0,0.0,0,0.0,0,0.0,0
2012-10-19T09:20:07.500,2351,10139,2351,4,0.0,0,0.0,0,0.0,0,0.0,0,2351.2,5,0.0,0,0.0,0,0.0,0,0.0,0
2012-10-19T09:20:08.000,2351,10165,2351,5,0.0,0,0.0,0,0.0,0,0.0,0,2351.2,5,0.0,0,0.0,0,0.0,0,0.0,0
2012-10-19T09:20:08.500,2351,10173,2351,2,0.0,0,0.0,0,0.0,0,0.0,0,2351.2,6,0.0,0,0.0,0,0.0,0,0.0,0
2012-10-19T09:20:09.000,2351,10177,2350.8,6,0.0,0,0.0,0,0.0,0,0.0,0,2351,6,0.0,0,0.0,0,0.0,0,0.0,0
2012-10-19T09:20:09.500,2350.8,10190,2350.8,1,0.0,0,0.0,0,0.0,0,0.0,0,2351,5,0.0,0,0.0,0,0.0,0,0.0,0
2012-10-19T09:20:10.000,2350.8,10192,2350.6,33,0.0,0,0.0,0,0.0,0,0.0,0,2351,28,0.0,0,0.0,0,0.0,0,0.0,0
2012-10-19T09:20:10.500,2350.6,10194,2350.6,32,0.0,0,0.0,0,0.0,0,0.0,0,2350.8,9,0.0,0,0.0,0,0.0,0,0.0,0
2012-10-19T09:20:11.000,2350.6,10212,2350.6,19,0.0,0,0.0,0,0.0,0,0.0,0,2350.8,7,0.0,0,0.0,0,0.0,0,0.0,0
2012-10-19T09:20:11.500,2350.6,10237,2350.4,15,0.0,0,0.0,0,0.0,0,0.0,0,2350.6,4,0.0,0,0.0,0,0.0,0,0.0,0
2012-10-19T09:20:12.000,2350.6,10248,2350.4,13,0.0,0,0.0,0,0.0,0,0.0,0,2350.6,42,0.0,0,0.0,0,0.0,0,0.0,0
2012-10-19T09:20:12.500,2350.2,10276,2350.2,19,0.0,0,0.0,0,0.0,0,0.0,0,2350.4,7,0.0,0,0.0,0,0.0,0,0.0,0
2012-10-19T09:20:13.000,2350.2,10303,2350.2,1,0.0,0,0.0,0,0.0,0,0.0,0,2350.4,11,0.0,0,0.0,0,0.0,0,0.0,0
2012-10-19T09:20:13.500,2350,10309,2350,63,0.0,0,0.0,0,0.0,0,0.0,0,2350.2,1,0.0,0,0.0,0,0.0,0,0.0,0
2012-10-19T09:20:14.000,2350,10331,2350,60,0.0,0,0.0,0,0.0,0,0.0,0,2350.4,15,0.0,0,0.0,0,0.0,0,0.0,0
2012-10-19T09:20:14.500,2350,10384,2350,26,0.0,0,0.0,0,0.0,0,0.0,0,2350.4,9,0.0,0,0.0,0,0.0,0,0.0,0
2012-10-19T09:20:15.000,2350.6,10402,2350,21,0.0,0,0.0,0,0.0,0,0.0,0,2350.6,38,0.0,0,0.0,0,0.0,0,0.0,0
2012-10-19T09:20:15.500,2350,10452,2350,13,0.0,0,0.0,0,0.0,0,0.0,0,2350.4,18,0.0,0,0.0,0,0.0,0,0.0,0
2012-10-19T09:20:16.000,2350.2,10473,2350,16,0.0,0,0.0,0,0.0,0,0.0,0,2350.4,17,0.0,0,0.0,0,0.0,0,0.0,0
2012-10-19T09:20:16.500,2350.4,10479,2350,14,0.0,0,0.0,0,0.0,0,0.0,0,2350.4,14,0.0,0,0.0,0,0.0,0,0.0,0
2012-10-19T09:20:17.000,2350.2,10486,2350.4,1,0.0,0,0.0,0,0.0,0,0.0,0,2350.6,38,0.0,0,0.0,0,0.0,0,0.0,0
2012-10-19T09:20:17.500,2350.4,10488,2350.2,2,0.0,0,0.0,0,0.0,0,0.0,0,2350.6,39,0.0,0,0.0,0,0.0,0,0.0,0
2012-10-19T09:20:18.000,2350.6,10497,2350.4,1,0.0,0,0.0,0,0.0,0,0.0,0,2350.6,30,0.0,0,0.0,0,0.0,0,0.0,0
2012-10-19T09:20:18.500,2350.2,10512,2350.2,19,0.0,0,0.0,0,0.0,0,0.0,0,2350.6,20,0.0,0,0.0,0,0.0,0,0.0,0
2012-10-19T09:20:19.000,2350.4,10538,2350.4,4,0.0,0,0.0,0,0.0,0,0.0,0,2350.6,19,0.0,0,0.0,0,0.0,0,0.0,0
2012-10-19T09:20:19.500,2350.4,10547,2350.4,2,0.0,0,0.0,0,0.0,0,0.0,0,2350.6,18,0.0,0,0.0,0,0.0,0,0.0,0
2012-10-19T09:20:20.000,2350.4,10566,2350.4,6,0.0,0,0.0,0,0.0,0,0.0,0,2350.6,7,0.0,0,0.0,0,0.0,0,0.0,0
2012-10-19T09:20:20.500,2350.6,10571,2350.4,9,0.0,0,0.0,0,0.0,0,0.0,0,2350.6,6,0.0,0,0.0,0,0.0,0,0.0,0
2012-10-19T09:20:21.000,2350.6,10576,2350.4,13,0.0,0,0.0,0,0.0,0,0.0,0,2350.6,8,0.0,0,0.0,0,0.0,0,0.0,0
2012-10-19T09:20:21.500,2350.6,10579,2350.4,26,0.0,0,0.0,0,0.0,0,0.0,0,2350.6,7,0.0,0,0.0,0,0.0,0,0.0,0
2012-10-19T09:20:22.000,2350.6,10592,2350.6,17,0.0,0,0.0,0,0.0,0,0.0,0,2350.8,17,0.0,0,0.0,0,0.0,0,0.0,0
2012-10-19T09:20:22.500,2350.6,10604,2350.6,9,0.0,0,0.0,0,0.0,0,0.0,0,2350.8,26,0.0,0,0.0,0,0.0,0,0.0,0
2012-10-19T09:20:23.000,2350.8,10629,2350.6,10,0.0,0,0.0,0,0.0,0,0.0,0,2350.8,2,0.0,0,0.0,0,0.0,0,0.0,0
2012-10-19T09:20:23.500,2350.8,10631,2350.6,14,0.0,0,0.0,0,0.0,0,0.0,0,2351,31,0.0,0,0.0,0,0.0,0,0.0,0
2012-10-19T09:20:24.000,2350.8,10635,2350.6,15,0.0,0,0.0,0,0.0,0,0.0,0,2350.8,8,0.0,0,0.0,0,0.0,0,0.0,0
2012-10-19T09:20:24.500,2350.6,10637,2350.6,16,0.0,0,0.0,0,0.0,0,0.0,0,2350.8,11,0.0,0,0.0,0,0.0,0,0.0,0
2012-10-19T09:20:25.000,2350.6,10643,2350.6,13,0.0,0,0.0,0,0.0,0,0.0,0,2350.8,9,0.0,0,0.0,0,0.0,0,0.0,0
2012-10-19T09:20:25.500,2350.8,10650,2350.6,13,0.0,0,0.0,0,0.0,0,0.0,0,2350.8,2,0.0,0,0.0,0,0.0,0,0.0,0
2012-10-19T09:20:26.000,2350.8,10654,2350.6,13,0.0,0,0.0,0,0.0,0,0.0,0,2351,41,0.0,0,0.0,0,0.0,0,0.0,0
2012-10-19T09:20:26.500,2350.6,10655,2350.8,11,0.0,0,0.0,0,0.0,0,0.0,0,2351,41,0.0,0,0.0,0,0.0,0,0.0,0
2012-10-19T09:20:27.000,2350.8,10660,2350.8,9,0.0,0,0.0,0,0.0,0,0.0,0,2351,43,0.0,0,0.0,0,0.0,0,0.0,0
2012-10-19T09:20:27.500,2351,10661,2350.8,9,0.0,0,0.0,0,0.0,0,0.0,0,2351,43,0.0,0,0.0,0,0.0,0,0.0,0
2012-10-19T09:20:28.000,2350.8,10667,2350.8,6,0.0,0,0.0,0,0.0,0,0.0,0,2351,43,0.0,0,0.0,0,0.0,0,0.0,0
2012-10-19T09:20:28.500,2351,10670,2350.8,5,0.0,0,0.0,0,0.0,0,0.0,0,2351,44,0.0,0,0.0,0,0.0,0,0.0,0
2012-10-19T09:20:29.000,2350.8,10677,2350.6,28,0.0,0,0.0,0,0.0,0,0.0,0,2350.8,5,0.0,0,0.0,0,0.0,0,0.0,0
2012-10-19T09:20:29.500,2350.8,10681,2350.6,28,0.0,0,0.0,0,0.0,0,0.0,0,2350.8,10,0.0,0,0.0,0,0.0,0,0.0,0
2012-10-19T09:20:30.000,2350.6,10689,2350.6,27,0.0,0,0.0,0,0.0,0,0.0,0,2350.8,8,0.0,0,0.0,0,0.0,0,0.0,0
2012-10-19T09:20:30.500,2350.6,10693,2350.6,27,0.0,0,0.0,0,0.0,0,0.0,0,2350.8,6,0.0,0,0.0,0,0.0,0,0.0,0
2012-10-19T09:20:31.250,2350.8,10694,2350.6,27,0.0,0,0.0,0,0.0,0,0.0,0,2350.8,5,0.0,0,0.0,0,0.0,0,0.0,0
2012-10-19T09:20:32.000,2350.8,10699,2350.8,9,0.0,0,0.0,0,0.0,0,0.0,0,2351,49,0.0,0,0.0,0,0.0,0,0.0,0
2012-10-19T09:20:32.500,2350.8,10705,2350.8,5,0.0,0,0.0,0,0.0,0,0.0,0,2351,49,0.0,0,0.0,0,0.0,0,0.0,0
2012-10-19T09:20:34.000,2350.8,10707,2350.8,8,0.0,0,0.0,0,0.0,0,0.0,0,2351,54,0.0,0,0.0,0,0.0,0,0.0,0
2012-10-19T09:20:34.500,2351,10751,2350.8,8,0.0,0,0.0,0,0.0,0,0.0,0,2351,16,0.0,0,0.0,0,0.0,0,0.0,0
2012-10-19T09:20:35.000,2351.2,10782,2351.2,2,0.0,0,0.0,0,0.0,0,0.0,0,2351.4,15,0.0,0,0.0,0,0.0,0,0.0,0
2012-10-19T09:20:35.500,2351,10786,2351,50,0.0,0,0.0,0,0.0,0,0.0,0,2351.4,15,0.0,0,0.0,0,0.0,0,0.0,0
2012-10-19T09:20:36.000,2351.4,10787,2351.2,12,0.0,0,0.0,0,0.0,0,0.0,0,2351.4,14,0.0,0,0.0,0,0.0,0,0.0,0
2012-10-19T09:20:36.500,2351,10806,2351,48,0.0,0,0.0,0,0.0,0,0.0,0,2351.4,28,0.0,0,0.0,0,0.0,0,0.0,0
2012-10-19T09:20:37.000,2351.4,10807,2351.2,2,0.0,0,0.0,0,0.0,0,0.0,0,2351.4,32,0.0,0,0.0,0,0.0,0,0.0,0
2012-10-19T09:20:37.500,2351.4,10821,2351.2,2,0.0,0,0.0,0,0.0,0,0.0,0,2351.4,18,0.0,0,0.0,0,0.0,0,0.0,0
2012-10-19T09:20:38.000,2351,10826,2351,46,0.0,0,0.0,0,0.0,0,0.0,0,2351.4,19,0.0,0,0.0,0,0.0,0,0.0,0
2012-10-19T09:20:38.500,2351,10828,2351,45,0.0,0,0.0,0,0.0,0,0.0,0,2351.2,1,0.0,0,0.0,0,0.0,0,0.0,0
2012-10-19T09:20:39.250,2351.4,10832,2351.2,2,0.0,0,0.0,0,0.0,0,0.0,0,2351.4,18,0.0,0,0.0,0,0.0,0,0.0,0
2012-10-19T09:20:40.000,2351.4,10852,2351.4,5,0.0,0,0.0,0,0.0,0,0.0,0,2351.6,14,0.0,0,0.0,0,0.0,0,0.0,0
2012-10-19T09:20:40.500,2351.8,10897,2351.8,92,0.0,0,0.0,0,0.0,0,0.0,0,2352,43,0.0,0,0.0,0,0.0,0,0.0,0
2012-10-19T09:20:41.000,2351.8,10919,2351.8,91,0.0,0,0.0,0,0.0,0,0.0,0,2352,20,0.0,0,0.0,0,0.0,0,0.0,0
2012-10-19T09:20:41.500,2351.8,10924,2351.8,87,0.0,0,0.0,0,0.0,0,0.0,0,2352,19,0.0,0,0.0,0,0.0,0,0.0,0
2012-10-19T09:20:42.000,2352,10936,2351.8,85,0.0,0,0.0,0,0.0,0,0.0,0,2352,10,0.0,0,0.0,0,0.0,0,0.0,0
2012-10-19T09:20:42.500,2352,10955,2352,3,0.0,0,0.0,0,0.0,0,0.0,0,2352.2,7,0.0,0,0.0,0,0.0,0,0.0,0
2012-10-19T09:20:43.000,2352.2,10967,2352.2,2,0.0,0,0.0,0,0.0,0,0.0,0,2352.4,28,0.0,0,0.0,0,0.0,0,0.0,0
2012-10-19T09:20:43.500,2352.6,11004,2352.4,3,0.0,0,0.0,0,0.0,0,0.0,0,2352.6,14,0.0,0,0.0,0,0.0,0,0.0,0
2012-10-19T09:20:44.000,2352.6,11020,2352,1,0.0,0,0.0,0,0.0,0,0.0,0,2352.6,9,0.0,0,0.0,0,0.0,0,0.0,0
2012-10-19T09:20:44.500,2352.6,11044,2352.6,3,0.0,0,0.0,0,0.0,0,0.0,0,2352.8,23,0.0,0,0.0,0,0.0,0,0.0,0
2012-10-19T09:20:45.000,2352.6,11061,2352.4,1,0.0,0,0.0,0,0.0,0,0.0,0,2352.6,1,0.0,0,0.0,0,0.0,0,0.0,0
2012-10-19T09:20:45.500,2352.8,11079,2352.6,8,0.0,0,0.0,0,0.0,0,0.0,0,2352.8,16,0.0,0,0.0,0,0.0,0,0.0,0
2012-10-19T09:20:46.000,2352.4,11094,2352.4,11,0.0,0,0.0,0,0.0,0,0.0,0,2352.8,10,0.0,0,0.0,0,0.0,0,0.0,0
2012-10-19T09:20:46.500,2352.4,11114,2352.4,10,0.0,0,0.0,0,0.0,0,0.0,0,2352.6,21,0.0,0,0.0,0,0.0,0,0.0,0
2012-10-19T09:20:47.000,2352.8,11161,2352.8,5,0.0,0,0.0,0,0.0,0,0.0,0,2353,51,0.0,0,0.0,0,0.0,0,0.0,0
2012-10-19T09:20:47.500,2352.8,11176,2352.6,1,0.0,0,0.0,0,0.0,0,0.0,0,2352.8,3,0.0,0,0.0,0,0.0,0,0.0,0
2012-10-19T09:20:48.000,2352.4,11182,2352.6,1,0.0,0,0.0,0,0.0,0,0.0,0,2352.8,17,0.0,0,0.0,0,0.0,0,0.0,0
2012-10-19T09:20:48.500,2352.8,11190,2352.4,5,0.0,0,0.0,0,0.0,0,0.0,0,2352.6,1,0.0,0,0.0,0,0.0,0,0.0,0
2012-10-19T09:20:49.000,2352.6,11192,2352.4,5,0.0,0,0.0,0,0.0,0,0.0,0,2352.6,6,0.0,0,0.0,0,0.0,0,0.0,0
2012-10-19T09:20:49.500,2352.4,11203,2352.2,6,0.0,0,0.0,0,0.0,0,0.0,0,2352.4,4,0.0,0,0.0,0,0.0,0,0.0,0
2012-10-19T09:20:50.000,2352.6,11225,2352.2,7,0.0,0,0.0,0,0.0,0,0.0,0,2352.4,1,0.0,0,0.0,0,0.0,0,0.0,0
2012-10-19T09:20:50.500,2352.2,11230,2352.2,3,0.0,0,0.0,0,0.0,0,0.0,0,2352.4,4,0.0,0,0.0,0,0.0,0,0.0,0
2012-10-19T09:20:52.000,2352.4,11236,2352.2,7,0.0,0,0.0,0,0.0,0,0.0,0,2352.4,7,0.0,0,0.0,0,0.0,0,0.0,0
2012-10-19T09:20:52.500,2352.4,11241,2352.2,7,0.0,0,0.0,0,0.0,0,0.0,0,2352.4,2,0.0,0,0.0,0,0.0,0,0.0,0
2012-10-19T09:20:53.000,2352.2,11244,2352.2,6,0.0,0,0.0,0,0.0,0,0.0,0,2352.4,2,0.0,0,0.0,0,0.0,0,0.0,0
2012-10-19T09:20:53.500,2352.2,11280,2352,1,0.0,0,0.0,0,0.0,0,0.0,0,2352.2,3,0.0,0,0.0,0,0.0,0,0.0,0
2012-10-19T09:20:54.250,2352.2,11282,2352,1,0.0,0,0.0,0,0.0,0,0.0,0,2352.2,1,0.0,0,0.0,0,0.0,0,0.0,0
2012-10-19T09:20:55.000,2352,11284,2352,17,0.0,0,0.0,0,0.0,0,0.0,0,2352.2,14,0.0,0,0.0,0,0.0,0,0.0,0
2012-10-19T09:20:55.500,2352.2,11289,2352,17,0.0,0,0.0,0,0.0,0,0.0,0,2352.2,12,0.0,0,0.0,0,0.0,0,0.0,0
2012-10-19T09:20:56.000,2352,11293,2352,15,0.0,0,0.0,0,0.0,0,0.0,0,2352.2,10,0.0,0,0.0,0,0.0,0,0.0,0
2012-10-19T09:20:56.500,2352,11296,2352,14,0.0,0,0.0,0,0.0,0,0.0,0,2352.2,9,0.0,0,0.0,0,0.0,0,0.0,0
2012-10-19T09:20:57.000,2352,11299,2352,12,0.0,0,0.0,0,0.0,0,0.0,0,2352.2,9,0.0,0,0.0,0,0.0,0,0.0,0
2012-10-19T09:20:57.500,2352,11304,2352,13,0.0,0,0.0,0,0.0,0,0.0,0,2352.2,6,0.0,0,0.0,0,0.0,0,0.0,0
2012-10-19T09:20:58.250,2352.2,11309,2352,10,0.0,0,0.0,0,0.0,0,0.0,0,2352.2,5,0.0,0,0.0,0,0.0,0,0.0,0
2012-10-19T09:20:59.000,2352.2,11313,2352,11,0.0,0,0.0,0,0.0,0,0.0,0,2352.2,3,0.0,0,0.0,0,0.0,0,0.0,0
2012-10-19T09:20:59.500,2352.2,11317,2352,9,0.0,0,0.0,0,0.0,0,0.0,0,2352.2,1,0.0,0,0.0,0,0.0,0,0.0,0
2012-10-19T09:21:00.000,2352.2,11318,2352.2,1,0.0,0,0.0,0,0.0,0,0.0,0,2352.4,24,0.0,0,0.0,0,0.0,0,0.0,0
2012-10-19T09:21:00.500,2352,11325,2352,8,0.0,0,0.0,0,0.0,0,0.0,0,2352.4,22,0.0,0,0.0,0,0.0,0,0.0,0
2012-10-19T09:21:01.000,2352.2,11327,2352,8,0.0,0,0.0,0,0.0,0,0.0,0,2352.4,21,0.0,0,0.0,0,0.0,0,0.0,0
2012-10-19T09:21:01.500,2352.4,11332,2352,6,0.0,0,0.0,0,0.0,0,0.0,0,2352.4,20,0.0,0,0.0,0,0.0,0,0.0,0
2012-10-19T09:21:02.000,2351.6,11346,2351.6,11,0.0,0,0.0,0,0.0,0,0.0,0,2352.4,17,0.0,0,0.0,0,0.0,0,0.0,0
2012-10-19T09:21:02.500,2352.2,11359,2351.8,4,0.0,0,0.0,0,0.0,0,0.0,0,2352.2,7,0.0,0,0.0,0,0.0,0,0.0,0
2012-10-19T09:21:03.000,2352.4,11371,2352,6,0.0,0,0.0,0,0.0,0,0.0,0,2352.2,1,0.0,0,0.0,0,0.0,0,0.0,0
2012-10-19T09:21:03.500,2352.2,11377,2352.2,6,0.0,0,0.0,0,0.0,0,0.0,0,2352.4,17,0.0,0,0.0,0,0.0,0,0.0,0
2012-10-19T09:21:04.000,2352.2,11380,2352.2,5,0.0,0,0.0,0,0.0,0,0.0,0,2352.4,20,0.0,0,0.0,0,0.0,0,0.0,0
2012-10-19T09:21:04.500,2352.4,11393,2352,5,0.0,0,0.0,0,0.0,0,0.0,0,2352.4,13,0.0,0,0.0,0,0.0,0,0.0,0
2012-10-19T09:21:05.250,2352.2,11395,2352,9,0.0,0,0.0,0,0.0,0,0.0,0,2352.4,14,0.0,0,0.0,0,0.0,0,0.0,0
2012-10-19T09:21:06.250,2352.2,11404,2352,10,0.0,0,0.0,0,0.0,0,0.0,0,2352.2,4,0.0,0,0.0,0,0.0,0,0.0,0
2012-10-19T09:21:07.000,2352.2,11407,2352,12,0.0,0,0.0,0,0.0,0,0.0,0,2352.2,3,0.0,0,0.0,0,0.0,0,0.0,0
2012-10-19T09:21:07.500,2352.4,11414,2352.2,2,0.0,0,0.0,0,0.0,0,0.0,0,2352.4,15,0.0,0,0.0,0,0.0,0,0.0,0
2012-10-19T09:21:08.250,2352.4,11424,2352.2,10,0.0,0,0.0,0,0.0,0,0.0,0,2352.4,13,0.0,0,0.0,0,0.0,0,0.0,0
2012-10-19T09:21:09.000,2352.4,11441,2352.4,2,0.0,0,0.0,0,0.0,0,0.0,0,2352.6,19,0.0,0,0.0,0,0.0,0,0.0,0
2012-10-19T09:21:09.500,2352.6,11445,2352.4,8,0.0,0,0.0,0,0.0,0,0.0,0,2352.6,15,0.0,0,0.0,0,0.0,0,0.0,0
2012-10-19T09:21:10.000,2352.6,11456,2352.4,24,0.0,0,0.0,0,0.0,0,0.0,0,2352.6,7,0.0,0,0.0,0,0.0,0,0.0,0
2012-10-19T09:21:10.500,2352.8,11474,2352.6,14,0.0,0,0.0,0,0.0,0,0.0,0,2352.8,28,0.0,0,0.0,0,0.0,0,0.0,0
2012-10-19T09:21:11.000,2352.8,11511,2352.4,5,0.0,0,0.0,0,0.0,0,0.0,0,2352.8,8,0.0,0,0.0,0,0.0,0,0.0,0
2012-10-19T09:21:11.500,2353,11524,2352.8,1,0.0,0,0.0,0,0.0,0,0.0,0,2353,38,0.0,0,0.0,0,0.0,0,0.0,0
2012-10-19T09:21:12.000,2353,11539,2352.2,14,0.0,0,0.0,0,0.0,0,0.0,0,2352.6,3,0.0,0,0.0,0,0.0,0,0.0,0
2012-10-19T09:21:12.500,2352.8,11553,2352.6,1,0.0,0,0.0,0,0.0,0,0.0,0,2352.8,2,0.0,0,0.0,0,0.0,0,0.0,0
2012-10-19T09:21:13.000,2352.8,11566,2352.6,2,0.0,0,0.0,0,0.0,0,0.0,0,2352.8,10,0.0,0,0.0,0,0.0,0,0.0,0
2012-10-19T09:21:13.500,2352.8,11569,2352.6,2,0.0,0,0.0,0,0.0,0,0.0,0,2352.8,18,0.0,0,0.0,0,0.0,0,0.0,0
2012-10-19T09:21:14.000,2352.6,11576,2352.6,1,0.0,0,0.0,0,0.0,0,0.0,0,2352.8,20,0.0,0,0.0,0,0.0,0,0.0,0
2012-10-19T09:21:14.500,2352.6,11581,2352.4,1,0.0,0,0.0,0,0.0,0,0.0,0,2352.6,7,0.0,0,0.0,0,0.0,0,0.0,0
2012-10-19T09:21:15.250,2352.6,11585,2352.4,1,0.0,0,0.0,0,0.0,0,0.0,0,2352.6,5,0.0,0,0.0,0,0.0,0,0.0,0
2012-10-19T09:21:16.000,2352.6,11590,2352.4,1,0.0,0,0.0,0,0.0,0,0.0,0,2352.6,13,0.0,0,0.0,0,0.0,0,0.0,0
2012-10-19T09:21:16.500,2352.6,11592,2352.2,12,0.0,0,0.0,0,0.0,0,0.0,0,2352.4,2,0.0,0,0.0,0,0.0,0,0.0,0
2012-10-19T09:21:17.000,2352.6,11614,2352.6,1,0.0,0,0.0,0,0.0,0,0.0,0,2352.8,18,0.0,0,0.0,0,0.0,0,0.0,0
2012-10-19T09:21:17.500,2352.6,11617,2352.2,10,0.0,0,0.0,0,0.0,0,0.0,0,2352.6,9,0.0,0,0.0,0,0.0,0,0.0,0
2012-10-19T09:21:18.000,2352.4,11619,2352.2,20,0.0,0,0.0,0,0.0,0,0.0,0,2352.6,16,0.0,0,0.0,0,0.0,0,0.0,0
2012-10-19T09:21:18.500,2352.6,11621,2352.4,12,0.0,0,0.0,0,0.0,0,0.0,0,2352.6,16,0.0,0,0.0,0,0.0,0,0.0,0
2012-10-19T09:21:19.000,2352.2,11638,2352.2,13,0.0,0,0.0,0,0.0,0,0.0,0,2352.6,15,0.0,0,0.0,0,0.0,0,0.0,0
2012-10-19T09:21:19.500,2352.2,11641,2352.2,13,0.0,0,0.0,0,0.0,0,0.0,0,2352.6,12,0.0,0,0.0,0,0.0,0,0.0,0
2012-10-19T09:21:20.000,2352.2,11648,2352.2,7,0.0,0,0.0,0,0.0,0,0.0,0,2352.6,21,0.0,0,0.0,0,0.0,0,0.0,0
2012-10-19T09:21:20.500,2352.2,11655,2352.2,4,0.0,0,0.0,0,0.0,0,0.0,0,2352.4,4,0.0,0,0.0,0,0.0,0,0.0,0
2012-10-19T09:21:21.000,2352.2,11664,2352,23,0.0,0,0.0,0,0.0,0,0.0,0,2352.4,3,0.0,0,0.0,0,0.0,0,0.0,0
2012-10-19T09:21:21.500,2352.4,11665,2352.2,1,0.0,0,0.0,0,0.0,0,0.0,0,2352.4,7,0.0,0,0.0,0,0.0,0,0.0,0
2012-10-19T09:21:22.000,2352.2,11668,2352,22,0.0,0,0.0,0,0.0,0,0.0,0,2352.2,1,0.0,0,0.0,0,0.0,0,0.0,0
2012-10-19T09:21:22.500,2352,11680,2352,22,0.0,0,0.0,0,0.0,0,0.0,0,2352.4,8,0.0,0,0.0,0,0.0,0,0.0,0
2012-10-19T09:21:23.000,2352.4,11685,2352,10,0.0,0,0.0,0,0.0,0,0.0,0,2352.4,7,0.0,0,0.0,0,0.0,0,0.0,0
2012-10-19T09:21:23.500,2352,11695,2351.8,12,0.0,0,0.0,0,0.0,0,0.0,0,2352,12,0.0,0,0.0,0,0.0,0,0.0,0
2012-10-19T09:21:24.000,2352,11706,2351.8,18,0.0,0,0.0,0,0.0,0,0.0,0,2352,7,0.0,0,0.0,0,0.0,0,0.0,0
2012-10-19T09:21:24.500,2351.8,11711,2351.8,13,0.0,0,0.0,0,0.0,0,0.0,0,2352,1,0.0,0,0.0,0,0.0,0,0.0,0
2012-10-19T09:21:25.000,2351.8,11727,2352,8,0.0,0,0.0,0,0.0,0,0.0,0,2352.2,4,0.0,0,0.0,0,0.0,0,0.0,0
2012-10-19T09:21:25.500,2352.2,11732,2352,5,0.0,0,0.0,0,0.0,0,0.0,0,2352.2,2,0.0,0,0.0,0,0.0,0,0.0,0
2012-10-19T09:21:26.000,2352.2,11736,2352,2,0.0,0,0.0,0,0.0,0,0.0,0,2352.2,1,0.0,0,0.0,0,0.0,0,0.0,0
2012-10-19T09:21:26.500,2352.2,11741,2352,3,0.0,0,0.0,0,0.0,0,0.0,0,2352.2,7,0.0,0,0.0,0,0.0,0,0.0,0
2012-10-19T09:21:27.000,2352,11747,2352,1,0.0,0,0.0,0,0.0,0,0.0,0,2352.2,6,0.0,0,0.0,0,0.0,0,0.0,0
2012-10-19T09:21:27.500,2352.2,11750,2351.8,13,0.0,0,0.0,0,0.0,0,0.0,0,2352.2,4,0.0,0,0.0,0,0.0,0,0.0,0
2012-10-19T09:21:28.000,2352.2,11757,2352.2,15,0.0,0,0.0,0,0.0,0,0.0,0,2352.4,28,0.0,0,0.0,0,0.0,0,0.0,0
2012-10-19T09:21:28.500,2352.2,11760,2352.2,12,0.0,0,0.0,0,0.0,0,0.0,0,2352.4,28,0.0,0,0.0,0,0.0,0,0.0,0
2012-10-19T09:21:29.000,2352.2,11766,2352.2,7,0.0,0,0.0,0,0.0,0,0.0,0,2352.4,27,0.0,0,0.0,0,0.0,0,0.0,0
2012-10-19T09:21:29.500,2352.4,11770,2352.2,7,0.0,0,0.0,0,0.0,0,0.0,0,2352.4,23,0.0,0,0.0,0,0.0,0,0.0,0
2012-10-19T09:21:30.000,2352.4,11774,2352.2,5,0.0,0,0.0,0,0.0,0,0.0,0,2352.4,12,0.0,0,0.0,0,0.0,0,0.0,0
2012-10-19T09:21:30.500,2352.4,11779,2352.2,1,0.0,0,0.0,0,0.0,0,0.0,0,2352.4,11,0.0,0,0.0,0,0.0,0,0.0,0
2012-10-19T09:21:31.000,2352.2,11790,2352,1,0.0,0,0.0,0,0.0,0,0.0,0,2352.2,16,0.0,0,0.0,0,0.0,0,0.0,0
2012-10-19T09:21:31.500,2352.2,11791,2352,1,0.0,0,0.0,0,0.0,0,0.0,0,2352.2,19,0.0,0,0.0,0,0.0,0,0.0,0
2012-10-19T09:21:32.000,2352,11793,2352,1,0.0,0,0.0,0,0.0,0,0.0,0,2352.2,18,0.0,0,0.0,0,0.0,0,0.0,0
2012-10-19T09:21:32.500,2351.8,11799,2351.8,18,0.0,0,0.0,0,0.0,0,0.0,0,2352.2,20,0.0,0,0.0,0,0.0,0,0.0,0
2012-10-19T09:21:33.000,2351.8,11818,2351.6,16,0.0,0,0.0,0,0.0,0,0.0,0,2351.8,23,0.0,0,0.0,0,0.0,0,0.0,0
2012-10-19T09:21:33.500,2351.8,11826,2351.6,16,0.0,0,0.0,0,0.0,0,0.0,0,2351.8,15,0.0,0,0.0,0,0.0,0,0.0,0
2012-10-19T09:21:34.000,2351.6,11834,2351.6,9,0.0,0,0.0,0,0.0,0,0.0,0,2351.8,14,0.0,0,0.0,0,0.0,0,0.0,0
2012-10-19T09:21:34.500,2351.6,11840,2351.6,4,0.0,0,0.0,0,0.0,0,0.0,0,2351.8,14,0.0,0,0.0,0,0.0,0,0.0,0
2012-10-19T09:21:35.250,2351.6,11853,2351.4,18,0.0,0,0.0,0,0.0,0,0.0,0,2351.8,11,0.0,0,0.0,0,0.0,0,0.0,0
2012-10-19T09:21:36.000,2351.4,11856,2351.4,14,0.0,0,0.0,0,0.0,0,0.0,0,2351.6,2,0.0,0,0.0,0,0.0,0,0.0,0
2012-10-19T09:21:36.500,2351.6,11860,2351.6,1,0.0,0,0.0,0,0.0,0,0.0,0,2351.8,12,0.0,0,0.0,0,0.0,0,0.0,0
2012-10-19T09:21:37.000,2351.6,11862,2351.6,3,0.0,0,0.0,0,0.0,0,0.0,0,2351.8,13,0.0,0,0.0,0,0.0,0,0.0,0
2012-10-19T09:21:37.500,2351.6,11868,2351.4,20,0.0,0,0.0,0,0.0,0,0.0,0,2351.8,17,0.0,0,0.0,0,0.0,0,0.0,0
2012-10-19T09:21:38.000,2351.8,11869,2351.4,20,0.0,0,0.0,0,0.0,0,0.0,0,2351.8,10,0.0,0,0.0,0,0.0,0,0.0,0
2012-10-19T09:21:38.500,2351.6,11876,2351.4,15,0.0,0,0.0,0,0.0,0,0.0,0,2351.8,10,0.0,0,0.0,0,0.0,0,0.0,0
2012-10-19T09:21:39.000,2351.6,11878,2351.6,25,0.0,0,0.0,0,0.0,0,0.0,0,2351.8,10,0.0,0,0.0,0,0.0,0,0.0,0
2012-10-19T09:21:39.500,2351.6,11888,2351.6,15,0.0,0,0.0,0,0.0,0,0.0,0,2351.8,11,0.0,0,0.0,0,0.0,0,0.0,0
2012-10-19T09:21:40.000,2351.6,11894,2351.6,10,0.0,0,0.0,0,0.0,0,0.0,0,2351.8,10,0.0,0,0.0,0,0.0,0,0.0,0
2012-10-19T09:21:40.500,2351.6,11904,2351.4,18,0.0,0,0.0,0,0.0,0,0.0,0,2351.6,40,0.0,0,0.0,0,0.0,0,0.0,0
2012-10-19T09:21:41.000,2351.6,11915,2351.4,11,0.0,0,0.0,0,0.0,0,0.0,0,2351.6,90,0.0,0,0.0,0,0.0,0,0.0,0
2012-10-19T09:21:41.500,2351.4,11940,2351.2,3,0.0,0,0.0,0,0.0,0,0.0,0,2351.4,10,0.0,0,0.0,0,0.0,0,0.0,0
2012-10-19T09:21:42.000,2351.2,11947,2351.2,3,0.0,0,0.0,0,0.0,0,0.0,0,2351.4,6,0.0,0,0.0,0,0.0,0,0.0,0
2012-10-19T09:21:42.500,2351.2,11951,2351,79,0.0,0,0.0,0,0.0,0,0.0,0,2351.2,34,0.0,0,0.0,0,0.0,0,0.0,0
2012-10-19T09:21:43.000,2351,11960,2351,76,0.0,0,0.0,0,0.0,0,0.0,0,2351.2,33,0.0,0,0.0,0,0.0,0,0.0,0
2012-10-19T09:21:43.500,2351,11972,2351,66,0.0,0,0.0,0,0.0,0,0.0,0,2351.2,31,0.0,0,0.0,0,0.0,0,0.0,0
2012-10-19T09:21:44.000,2351,11990,2351,60,0.0,0,0.0,0,0.0,0,0.0,0,2351.2,21,0.0,0,0.0,0,0.0,0,0.0,0
2012-10-19T09:21:44.500,2351,11999,2351,65,0.0,0,0.0,0,0.0,0,0.0,0,2351.2,17,0.0,0,0.0,0,0.0,0,0.0,0
2012-10-19T09:21:45.000,2351.2,12018,2351,64,0.0,0,0.0,0,0.0,0,0.0,0,2351.2,3,0.0,0,0.0,0,0.0,0,0.0,0
2012-10-19T09:21:45.500,2351.2,12025,2351,59,0.0,0,0.0,0,0.0,0,0.0,0,2351.2,1,0.0,0,0.0,0,0.0,0,0.0,0
2012-10-19T09:21:46.000,2351,12036,2351.2,3,0.0,0,0.0,0,0.0,0,0.0,0,2351.4,30,0.0,0,0.0,0,0.0,0,0.0,0
2012-10-19T09:21:46.500,2351.2,12097,2351.2,15,0.0,0,0.0,0,0.0,0,0.0,0,2351.4,31,0.0,0,0.0,0,0.0,0,0.0,0
2012-10-19T09:21:47.000,2351.4,12109,2351.2,6,0.0,0,0.0,0,0.0,0,0.0,0,2351.4,25,0.0,0,0.0,0,0.0,0,0.0,0
2012-10-19T09:21:47.500,2351.4,12130,2351.2,9,0.0,0,0.0,0,0.0,0,0.0,0,2351.4,5,0.0,0,0.0,0,0.0,0,0.0,0
2012-10-19T09:21:48.000,2351.2,12131,2351.2,9,0.0,0,0.0,0,0.0,0,0.0,0,2351.4,5,0.0,0,0.0,0,0.0,0,0.0,0
2012-10-19T09:21:48.500,2351.2,12136,2351.2,13,0.0,0,0.0,0,0.0,0,0.0,0,2351.4,6,0.0,0,0.0,0,0.0,0,0.0,0
2012-10-19T09:21:49.000,2351.4,12139,2351.2,19,0.0,0,0.0,0,0.0,0,0.0,0,2351.4,4,0.0,0,0.0,0,0.0,0,0.0,0
2012-10-19T09:21:49.500,2351.2,12140,2351.2,20,0.0,0,0.0,0,0.0,0,0.0,0,2351.4,4,0.0,0,0.0,0,0.0,0,0.0,0
2012-10-19T09:21:50.000,2351.4,12141,2351.2,26,0.0,0,0.0,0,0.0,0,0.0,0,2351.4,3,0.0,0,0.0,0,0.0,0,0.0,0
2012-10-19T09:21:50.500,2351.2,12154,2351.4,2,0.0,0,0.0,0,0.0,0,0.0,0,2351.6,44,0.0,0,0.0,0,0.0,0,0.0,0
2012-10-19T09:21:51.000,2351.2,12157,2351.4,20,0.0,0,0.0,0,0.0,0,0.0,0,2351.6,44,0.0,0,0.0,0,0.0,0,0.0,0
2012-10-19T09:21:51.500,2351.6,12161,2351.4,20,0.0,0,0.0,0,0.0,0,0.0,0,2351.6,40,0.0,0,0.0,0,0.0,0,0.0,0
2012-10-19T09:21:52.000,2351.4,12168,2351.4,14,0.0,0,0.0,0,0.0,0,0.0,0,2351.6,39,0.0,0,0.0,0,0.0,0,0.0,0
2012-10-19T09:21:52.500,2351.4,12169,2351.4,13,0.0,0,0.0,0,0.0,0,0.0,0,2351.6,41,0.0,0,0.0,0,0.0,0,0.0,0
2012-10-19T09:21:53.000,2351.4,12176,2351.4,12,0.0,0,0.0,0,0.0,0,0.0,0,2351.6,35,0.0,0,0.0,0,0.0,0,0.0,0
2012-10-19T09:21:53.500,2351.4,12178,2351.4,11,0.0,0,0.0,0,0.0,0,0.0,0,2351.6,35,0.0,0,0.0,0,0.0,0,0.0,0
2012-10-19T09:21:54.000,2351.6,12188,2351.4,12,0.0,0,0.0,0,0.0,0,0.0,0,2351.6,25,0.0,0,0.0,0,0.0,0,0.0,0
2012-10-19T09:21:54.500,2351.4,12191,2351.4,15,0.0,0,0.0,0,0.0,0,0.0,0,2351.6,23,0.0,0,0.0,0,0.0,0,0.0,0
2012-10-19T09:21:55.000,2351.4,12203,2351.4,4,0.0,0,0.0,0,0.0,0,0.0,0,2351.6,25,0.0,0,0.0,0,0.0,0,0.0,0
2012-10-19T09:21:55.500,2351.6,12224,2351.4,3,0.0,0,0.0,0,0.0,0,0.0,0,2351.6,4,0.0,0,0.0,0,0.0,0,0.0,0
2012-10-19T09:21:56.000,2351.2,12228,2351.2,35,0.0,0,0.0,0,0.0,0,0.0,0,2351.4,10,0.0,0,0.0,0,0.0,0,0.0,0
2012-10-19T09:21:56.500,2351.4,12229,2351.2,35,0.0,0,0.0,0,0.0,0,0.0,0,2351.4,9,0.0,0,0.0,0,0.0,0,0.0,0
2012-10-19T09:21:57.000,2351.2,12235,2351.2,32,0.0,0,0.0,0,0.0,0,0.0,0,2351.4,12,0.0,0,0.0,0,0.0,0,0.0,0
2012-10-19T09:21:57.500,2351.2,12236,2351.2,31,0.0,0,0.0,0,0.0,0,0.0,0,2351.4,14,0.0,0,0.0,0,0.0,0,0.0,0
2012-10-19T09:21:58.000,2351.2,12241,2351.2,28,0.0,0,0.0,0,0.0,0,0.0,0,2351.4,15,0.0,0,0.0,0,0.0,0,0.0,0
2012-10-19T09:21:58.500,2351.2,12271,2351,44,0.0,0,0.0,0,0.0,0,0.0,0,2351.2,4,0.0,0,0.0,0,0.0,0,0.0,0
2012-10-19T09:21:59.000,2351.2,12278,2351,46,0.0,0,0.0,0,0.0,0,0.0,0,2351.2,2,0.0,0,0.0,0,0.0,0,0.0,0
2012-10-19T09:21:59.500,2351.2,12280,2351,45,0.0,0,0.0,0,0.0,0,0.0,0,2351.2,3,0.0,0,0.0,0,0.0,0,0.0,0
2012-10-19T09:22:00.000,2351.2,12283,2351,45,0.0,0,0.0,0,0.0,0,0.0,0,2351.2,2,0.0,0,0.0,0,0.0,0,0.0,0
2012-10-19T09:22:00.500,2351,12286,2351,44,0.0,0,0.0,0,0.0,0,0.0,0,2351.4,22,0.0,0,0.0,0,0.0,0,0.0,0
2012-10-19T09:22:01.000,2351,12296,2351,34,0.0,0,0.0,0,0.0,0,0.0,0,2351.4,41,0.0,0,0.0,0,0.0,0,0.0,0
2012-10-19T09:22:01.500,2351,12323,2351,49,0.0,0,0.0,0,0.0,0,0.0,0,2351.2,1,0.0,0,0.0,0,0.0,0,0.0,0
2012-10-19T09:22:02.000,2351,12341,2351,32,0.0,0,0.0,0,0.0,0,0.0,0,2351.2,9,0.0,0,0.0,0,0.0,0,0.0,0
2012-10-19T09:22:02.500,2351,12359,2351,24,0.0,0,0.0,0,0.0,0,0.0,0,2351.2,24,0.0,0,0.0,0,0.0,0,0.0,0
2012-10-19T09:22:03.000,2351,12365,2351,20,0.0,0,0.0,0,0.0,0,0.0,0,2351.2,24,0.0,0,0.0,0,0.0,0,0.0,0
2012-10-19T09:22:03.500,2351,12370,2351,16,0.0,0,0.0,0,0.0,0,0.0,0,2351.2,25,0.0,0,0.0,0,0.0,0,0.0,0
2012-10-19T09:22:04.000,2350.8,12416,2350.8,12,0.0,0,0.0,0,0.0,0,0.0,0,2351,3,0.0,0,0.0,0,0.0,0,0.0,0
2012-10-19T09:22:04.500,2350.8,12422,2350.8,7,0.0,0,0.0,0,0.0,0,0.0,0,2351,5,0.0,0,0.0,0,0.0,0,0.0,0
2012-10-19T09:22:05.000,2350.6,12436,2350.6,90,0.0,0,0.0,0,0.0,0,0.0,0,2351,3,0.0,0,0.0,0,0.0,0,0.0,0
2012-10-19T09:22:05.500,2350.6,12457,2350.6,85,0.0,0,0.0,0,0.0,0,0.0,0,2350.8,1,0.0,0,0.0,0,0.0,0,0.0,0
2012-10-19T09:22:06.000,2350.8,12480,2350.8,1,0.0,0,0.0,0,0.0,0,0.0,0,2351,5,0.0,0,0.0,0,0.0,0,0.0,0
2012-10-19T09:22:06.500,2350.8,12483,2350.8,2,0.0,0,0.0,0,0.0,0,0.0,0,2351,14,0.0,0,0.0,0,0.0,0,0.0,0
2012-10-19T09:22:07.000,2350.8,12489,2350.8,4,0.0,0,0.0,0,0.0,0,0.0,0,2351,13,0.0,0,0.0,0,0.0,0,0.0,0
2012-10-19T09:22:07.500,2350.6,12496,2350.6,89,0.0,0,0.0,0,0.0,0,0.0,0,2351,12,0.0,0,0.0,0,0.0,0,0.0,0
2012-10-19T09:22:08.250,2350.6,12502,2350.6,87,0.0,0,0.0,0,0.0,0,0.0,0,2350.8,7,0.0,0,0.0,0,0.0,0,0.0,0
2012-10-19T09:22:09.000,2350.6,12511,2350.6,26,0.0,0,0.0,0,0.0,0,0.0,0,2350.8,5,0.0,0,0.0,0,0.0,0,0.0,0
2012-10-19T09:22:09.500,2350.6,12519,2350.6,20,0.0,0,0.0,0,0.0,0,0.0,0,2350.8,7,0.0,0,0.0,0,0.0,0,0.0,0
2012-10-19T09:22:10.000,2350.6,12537,2350.6,5,0.0,0,0.0,0,0.0,0,0.0,0,2350.8,13,0.0,0,0.0,0,0.0,0,0.0,0
2012-10-19T09:22:10.500,2350.4,12556,2350.2,24,0.0,0,0.0,0,0.0,0,0.0,0,2350.4,12,0.0,0,0.0,0,0.0,0,0.0,0
2012-10-19T09:22:11.000,2350.4,12570,2350.2,21,0.0,0,0.0,0,0.0,0,0.0,0,2350.4,4,0.0,0,0.0,0,0.0,0,0.0,0
2012-10-19T09:22:11.500,2350.6,12576,2350.2,18,0.0,0,0.0,0,0.0,0,0.0,0,2350.6,4,0.0,0,0.0,0,0.0,0,0.0,0
2012-10-19T09:22:12.000,2350.4,12584,2350.4,4,0.0,0,0.0,0,0.0,0,0.0,0,2350.6,6,0.0,0,0.0,0,0.0,0,0.0,0
2012-10-19T09:22:12.500,2350.4,12592,2350.2,9,0.0,0,0.0,0,0.0,0,0.0,0,2350.6,8,0.0,0,0.0,0,0.0,0,0.0,0
2012-10-19T09:22:13.000,2350.2,12595,2350.2,8,0.0,0,0.0,0,0.0,0,0.0,0,2350.4,1,0.0,0,0.0,0,0.0,0,0.0,0
2012-10-19T09:22:13.500,2350.4,12605,2350.4,67,0.0,0,0.0,0,0.0,0,0.0,0,2350.6,7,0.0,0,0.0,0,0.0,0,0.0,0
2012-10-19T09:22:14.000,2350.6,12622,2350.6,3,0.0,0,0.0,0,0.0,0,0.0,0,2350.8,11,0.0,0,0.0,0,0.0,0,0.0,0
2012-10-19T09:22:14.500,2350.6,12626,2350.6,9,0.0,0,0.0,0,0.0,0,0.0,0,2350.8,11,0.0,0,0.0,0,0.0,0,0.0,0
2012-10-19T09:22:15.000,2350.8,12638,2350.6,28,0.0,0,0.0,0,0.0,0,0.0,0,2350.8,5,0.0,0,0.0,0,0.0,0,0.0,0
2012-10-19T09:22:15.500,2350.6,12647,2350.6,23,0.0,0,0.0,0,0.0,0,0.0,0,2350.8,1,0.0,0,0.0,0,0.0,0,0.0,0
2012-10-19T09:22:16.000,2350.6,12653,2350.6,23,0.0,0,0.0,0,0.0,0,0.0,0,2350.8,3,0.0,0,0.0,0,0.0,0,0.0,0
2012-10-19T09:22:16.500,2350.8,12656,2350.6,22,0.0,0,0.0,0,0.0,0,0.0,0,2350.8,1,0.0,0,0.0,0,0.0,0,0.0,0
2012-10-19T09:22:17.000,2350.6,12660,2350.6,19,0.0,0,0.0,0,0.0,0,0.0,0,2351,30,0.0,0,0.0,0,0.0,0,0.0,0
2012-10-19T09:22:17.500,2350.6,12661,2350.6,18,0.0,0,0.0,0,0.0,0,0.0,0,2351,33,0.0,0,0.0,0,0.0,0,0.0,0
2012-10-19T09:22:18.000,2350.6,12668,2350.6,17,0.0,0,0.0,0,0.0,0,0.0,0,2351,28,0.0,0,0.0,0,0.0,0,0.0,0
2012-10-19T09:22:18.500,2350.6,12669,2350.6,20,0.0,0,0.0,0,0.0,0,0.0,0,2350.8,1,0.0,0,0.0,0,0.0,0,0.0,0
2012-10-19T09:22:19.000,2350.6,12672,2350.6,18,0.0,0,0.0,0,0.0,0,0.0,0,2351,28,0.0,0,0.0,0,0.0,0,0.0,0
2012-10-19T09:22:19.500,2350.6,12673,2350.6,19,0.0,0,0.0,0,0.0,0,0.0,0,2351,28,0.0,0,0.0,0,0.0,0,0.0,0
2012-10-19T09:22:20.250,2351,12675,2350.6,18,0.0,0,0.0,0,0.0,0,0.0,0,2351,27,0.0,0,0.0,0,0.0,0,0.0,0
2012-10-19T09:22:21.250,2350.6,12685,2350.6,13,0.0,0,0.0,0,0.0,0,0.0,0,2351,27,0.0,0,0.0,0,0.0,0,0.0,0
2012-10-19T09:22:22.000,2351,12716,2351,10,0.0,0,0.0,0,0.0,0,0.0,0,2351.2,14,0.0,0,0.0,0,0.0,0,0.0,0
2012-10-19T09:22:22.500,2350.6,12743,2350.4,72,0.0,0,0.0,0,0.0,0,0.0,0,2350.6,3,0.0,0,0.0,0,0.0,0,0.0,0
2012-10-19T09:22:23.000,2350.6,12746,2350.4,72,0.0,0,0.0,0,0.0,0,0.0,0,2350.6,8,0.0,0,0.0,0,0.0,0,0.0,0
2012-10-19T09:22:23.500,2350.6,12755,2350.6,1,0.0,0,0.0,0,0.0,0,0.0,0,2351,10,0.0,0,0.0,0,0.0,0,0.0,0
2012-10-19T09:22:24.000,2350.6,12757,2350.4,72,0.0,0,0.0,0,0.0,0,0.0,0,2350.8,5,0.0,0,0.0,0,0.0,0,0.0,0
2012-10-19T09:22:24.500,2350.8,12760,2350.4,73,0.0,0,0.0,0,0.0,0,0.0,0,2350.8,5,0.0,0,0.0,0,0.0,0,0.0,0
2012-10-19T09:22:25.000,2350.4,12761,2350.6,1,0.0,0,0.0,0,0.0,0,0.0,0,2350.8,9,0.0,0,0.0,0,0.0,0,0.0,0
2012-10-19T09:22:25.500,2350.8,12775,2350.8,30,0.0,0,0.0,0,0.0,0,0.0,0,2351,9,0.0,0,0.0,0,0.0,0,0.0,0
2012-10-19T09:22:26.000,2350.8,12780,2350.8,27,0.0,0,0.0,0,0.0,0,0.0,0,2351,9,0.0,0,0.0,0,0.0,0,0.0,0
2012-10-19T09:22:26.500,2351,12781,2350.8,28,0.0,0,0.0,0,0.0,0,0.0,0,2351,8,0.0,0,0.0,0,0.0,0,0.0,0
2012-10-19T09:22:27.000,2351.2,12791,2350.8,28,0.0,0,0.0,0,0.0,0,0.0,0,2351.2,13,0.0,0,0.0,0,0.0,0,0.0,0
2012-10-19T09:22:27.500,2350.8,12793,2351,1,0.0,0,0.0,0,0.0,0,0.0,0,2351.2,13,0.0,0,0.0,0,0.0,0,0.0,0
2012-10-19T09:22:28.000,2351,12795,2350.8,37,0.0,0,0.0,0,0.0,0,0.0,0,2351,9,0.0,0,0.0,0,0.0,0,0.0,0
2012-10-19T09:22:28.500,2350.8,12797,2350.8,36,0.0,0,0.0,0,0.0,0,0.0,0,2351,8,0.0,0,0.0,0,0.0,0,0.0,0
2012-10-19T09:22:29.000,2350.8,12799,2350.8,35,0.0,0,0.0,0,0.0,0,0.0,0,2351,8,0.0,0,0.0,0,0.0,0,0.0,0
2012-10-19T09:22:29.500,2351,12802,2350.8,34,0.0,0,0.0,0,0.0,0,0.0,0,2351,7,0.0,0,0.0,0,0.0,0,0.0,0
2012-10-19T09:22:30.000,2351,12818,2350.8,21,0.0,0,0.0,0,0.0,0,0.0,0,2351,6,0.0,0,0.0,0,0.0,0,0.0,0
2012-10-19T09:22:30.500,2351.2,12841,2351,1,0.0,0,0.0,0,0.0,0,0.0,0,2351.2,3,0.0,0,0.0,0,0.0,0,0.0,0
2012-10-19T09:22:31.250,2351,12844,2350.8,19,0.0,0,0.0,0,0.0,0,0.0,0,2351,4,0.0,0,0.0,0,0.0,0,0.0,0
2012-10-19T09:22:32.000,2350.8,12855,2350.8,13,0.0,0,0.0,0,0.0,0,0.0,0,2351.2,3,0.0,0,0.0,0,0.0,0,0.0,0
2012-10-19T09:22:32.500,2351.2,12858,2351,3,0.0,0,0.0,0,0.0,0,0.0,0,2351.2,1,0.0,0,0.0,0,0.0,0,0.0,0
2012-10-19T09:22:33.250,2351.2,12868,2351,9,0.0,0,0.0,0,0.0,0,0.0,0,2351.2,1,0.0,0,0.0,0,0.0,0,0.0,0
2012-10-19T09:22:34.250,2351,12872,2351,7,0.0,0,0.0,0,0.0,0,0.0,0,2351.2,3,0.0,0,0.0,0,0.0,0,0.0,0
2012-10-19T09:22:35.000,2351,12879,2351,1,0.0,0,0.0,0,0.0,0,0.0,0,2351.2,2,0.0,0,0.0,0,0.0,0,0.0,0
2012-10-19T09:22:35.500,2351,12880,2351,1,0.0,0,0.0,0,0.0,0,0.0,0,2351.2,4,0.0,0,0.0,0,0.0,0,0.0,0
2012-10-19T09:22:36.000,2350.8,12883,2350.8,13,0.0,0,0.0,0,0.0,0,0.0,0,2351,8,0.0,0,0.0,0,0.0,0,0.0,0
2012-10-19T09:22:36.500,2351,12885,2350.8,16,0.0,0,0.0,0,0.0,0,0.0,0,2351,8,0.0,0,0.0,0,0.0,0,0.0,0
2012-10-19T09:22:37.000,2351,12886,2350.8,16,0.0,0,0.0,0,0.0,0,0.0,0,2351,14,0.0,0,0.0,0,0.0,0,0.0,0
2012-10-19T09:22:37.500,2351,12887,2350.8,17,0.0,0,0.0,0,0.0,0,0.0,0,2351,17,0.0,0,0.0,0,0.0,0,0.0,0
2012-10-19T09:22:38.250,2350.8,12889,2350.8,16,0.0,0,0.0,0,0.0,0,0.0,0,2351,16,0.0,0,0.0,0,0.0,0,0.0,0
2012-10-19T09:22:39.000,2350.8,12893,2350.8,15,0.0,0,0.0,0,0.0,0,0.0,0,2351,15,0.0,0,0.0,0,0.0,0,0.0,0
2012-10-19T09:22:39.500,2350.8,12897,2350.8,13,0.0,0,0.0,0,0.0,0,0.0,0,2351,15,0.0,0,0.0,0,0.0,0,0.0,0
2012-10-19T09:22:40.000,2351,12898,2350.8,13,0.0,0,0.0,0,0.0,0,0.0,0,2351,14,0.0,0,0.0,0,0.0,0,0.0,0
2012-10-19T09:22:40.500,2350.8,12899,2350.8,13,0.0,0,0.0,0,0.0,0,0.0,0,2351,22,0.0,0,0.0,0,0.0,0,0.0,0
2012-10-19T09:22:41.250,2351,12900,2350.8,14,0.0,0,0.0,0,0.0,0,0.0,0,2351,21,0.0,0,0.0,0,0.0,0,0.0,0
2012-10-19T09:22:42.000,2350.8,12905,2350.8,12,0.0,0,0.0,0,0.0,0,0.0,0,2351,19,0.0,0,0.0,0,0.0,0,0.0,0
2012-10-19T09:22:42.500,2351,12906,2350.8,12,0.0,0,0.0,0,0.0,0,0.0,0,2351,19,0.0,0,0.0,0,0.0,0,0.0,0
2012-10-19T09:22:43.000,2351,12907,2350.8,13,0.0,0,0.0,0,0.0,0,0.0,0,2351,18,0.0,0,0.0,0,0.0,0,0.0,0
2012-10-19T09:22:43.500,2350.8,12908,2350.8,12,0.0,0,0.0,0,0.0,0,0.0,0,2351,18,0.0,0,0.0,0,0.0,0,0.0,0
2012-10-19T09:22:45.250,2351,12910,2350.8,13,0.0,0,0.0,0,0.0,0,0.0,0,2351,23,0.0,0,0.0,0,0.0,0,0.0,0
2012-10-19T09:22:46.000,2351,12918,2350.8,13,0.0,0,0.0,0,0.0,0,0.0,0,2351,24,0.0,0,0.0,0,0.0,0,0.0,0
2012-10-19T09:22:46.500,2350.8,12919,2350.8,12,0.0,0,0.0,0,0.0,0,0.0,0,2351,24,0.0,0,0.0,0,0.0,0,0.0,0
2012-10-19T09:22:47.000,2351,12924,2350.8,15,0.0,0,0.0,0,0.0,0,0.0,0,2351,19,0.0,0,0.0,0,0.0,0,0.0,0
2012-10-19T09:22:47.500,2350.8,12939,2350.6,27,0.0,0,0.0,0,0.0,0,0.0,0,2350.8,21,0.0,0,0.0,0,0.0,0,0.0,0
2012-10-19T09:22:48.000,2350.8,12944,2350.6,27,0.0,0,0.0,0,0.0,0,0.0,0,2350.8,22,0.0,0,0.0,0,0.0,0,0.0,0
2012-10-19T09:22:48.500,2350.8,12945,2350.6,28,0.0,0,0.0,0,0.0,0,0.0,0,2350.8,22,0.0,0,0.0,0,0.0,0,0.0,0
2012-10-19T09:22:49.000,2350.8,12946,2350.6,27,0.0,0,0.0,0,0.0,0,0.0,0,2350.8,23,0.0,0,0.0,0,0.0,0,0.0,0
2012-10-19T09:22:49.500,2350.8,12948,2350.6,27,0.0,0,0.0,0,0.0,0,0.0,0,2350.8,25,0.0,0,0.0,0,0.0,0,0.0,0
2012-10-19T09:22:50.250,2350.8,12959,2350.6,17,0.0,0,0.0,0,0.0,0,0.0,0,2350.8,25,0.0,0,0.0,0,0.0,0,0.0,0
2012-10-19T09:22:51.000,2350.6,12978,2350.4,90,0.0,0,0.0,0,0.0,0,0.0,0,2350.6,5,0.0,0,0.0,0,0.0,0,0.0,0
2012-10-19T09:22:51.500,2350.6,12984,2350.4,90,0.0,0,0.0,0,0.0,0,0.0,0,2350.6,2,0.0,0,0.0,0,0.0,0,0.0,0
2012-10-19T09:22:52.000,2350.4,12987,2350.4,88,0.0,0,0.0,0,0.0,0,0.0,0,2350.6,6,0.0,0,0.0,0,0.0,0,0.0,0
2012-10-19T09:22:52.500,2350.6,13003,2350.4,78,0.0,0,0.0,0,0.0,0,0.0,0,2350.6,1,0.0,0,0.0,0,0.0,0,0.0,0
2012-10-19T09:22:53.000,2350.4,13006,2350.4,78,0.0,0,0.0,0,0.0,0,0.0,0,2350.6,1,0.0,0,0.0,0,0.0,0,0.0,0
2012-10-19T09:22:53.500,2350.6,13008,2350.6,6,0.0,0,0.0,0,0.0,0,0.0,0,2350.8,24,0.0,0,0.0,0,0.0,0,0.0,0
2012-10-19T09:22:54.250,2350.6,13014,2350.6,1,0.0,0,0.0,0,0.0,0,0.0,0,2350.8,23,0.0,0,0.0,0,0.0,0,0.0,0
2012-10-19T09:22:55.000,2350.6,13016,2350.4,81,0.0,0,0.0,0,0.0,0,0.0,0,2350.8,24,0.0,0,0.0,0,0.0,0,0.0,0
2012-10-19T09:22:55.500,2350.6,13027,2350.6,1,0.0,0,0.0,0,0.0,0,0.0,0,2350.8,25,0.0,0,0.0,0,0.0,0,0.0,0
2012-10-19T09:22:56.000,2350.4,13030,2350.4,72,0.0,0,0.0,0,0.0,0,0.0,0,2350.6,4,0.0,0,0.0,0,0.0,0,0.0,0
2012-10-19T09:22:56.500,2350.6,13034,2350.4,71,0.0,0,0.0,0,0.0,0,0.0,0,2350.6,2,0.0,0,0.0,0,0.0,0,0.0,0
2012-10-19T09:22:57.000,2350.6,13038,2350.4,74,0.0,0,0.0,0,0.0,0,0.0,0,2350.8,25,0.0,0,0.0,0,0.0,0,0.0,0
2012-10-19T09:22:57.500,2350.4,13042,2350.4,70,0.0,0,0.0,0,0.0,0,0.0,0,2350.8,26,0.0,0,0.0,0,0.0,0,0.0,0
2012-10-19T09:22:58.000,2350.8,13060,2350.4,53,0.0,0,0.0,0,0.0,0,0.0,0,2350.8,25,0.0,0,0.0,0,0.0,0,0.0,0
2012-10-19T09:22:58.500,2350.4,13085,2350.4,31,0.0,0,0.0,0,0.0,0,0.0,0,2350.8,25,0.0,0,0.0,0,0.0,0,0.0,0
2012-10-19T09:22:59.000,2350.4,13088,2350.4,28,0.0,0,0.0,0,0.0,0,0.0,0,2350.6,6,0.0,0,0.0,0,0.0,0,0.0,0
2012-10-19T09:22:59.500,2350.4,13099,2350.4,17,0.0,0,0.0,0,0.0,0,0.0,0,2350.6,7,0.0,0,0.0,0,0.0,0,0.0,0
2012-10-19T09:23:00.000,2350.4,13110,2350.4,16,0.0,0,0.0,0,0.0,0,0.0,0,2350.8,25,0.0,0,0.0,0,0.0,0,0.0,0
2012-10-19T09:23:00.500,2350.4,13123,2350.4,6,0.0,0,0.0,0,0.0,0,0.0,0,2350.6,1,0.0,0,0.0,0,0.0,0,0.0,0
2012-10-19T09:23:01.000,2350.4,13131,2350.2,52,0.0,0,0.0,0,0.0,0,0.0,0,2350.8,22,0.0,0,0.0,0,0.0,0,0.0,0
2012-10-19T09:23:01.500,2350.8,13142,2350.4,2,0.0,0,0.0,0,0.0,0,0.0,0,2350.8,20,0.0,0,0.0,0,0.0,0,0.0,0
2012-10-19T09:23:02.000,2350.6,13152,2350.4,6,0.0,0,0.0,0,0.0,0,0.0,0,2350.6,1,0.0,0,0.0,0,0.0,0,0.0,0
2012-10-19T09:23:02.500,2350.4,13165,2350.4,2,0.0,0,0.0,0,0.0,0,0.0,0,2350.8,19,0.0,0,0.0,0,0.0,0,0.0,0
2012-10-19T09:23:03.000,2350.4,13170,2350.4,2,0.0,0,0.0,0,0.0,0,0.0,0,2350.8,20,0.0,0,0.0,0,0.0,0,0.0,0
2012-10-19T09:23:03.500,2350.8,13175,2350.4,13,0.0,0,0.0,0,0.0,0,0.0,0,2350.6,2,0.0,0,0.0,0,0.0,0,0.0,0
2012-10-19T09:23:04.000,2350.4,13176,2350.4,12,0.0,0,0.0,0,0.0,0,0.0,0,2350.6,5,0.0,0,0.0,0,0.0,0,0.0,0
2012-10-19T09:23:04.500,2350.4,13184,2350.4,9,0.0,0,0.0,0,0.0,0,0.0,0,2350.6,2,0.0,0,0.0,0,0.0,0,0.0,0
2012-10-19T09:23:05.000,2350.6,13185,2350.4,10,0.0,0,0.0,0,0.0,0,0.0,0,2350.6,3,0.0,0,0.0,0,0.0,0,0.0,0
2012-10-19T09:23:05.500,2350.4,13187,2350.4,9,0.0,0,0.0,0,0.0,0,0.0,0,2350.6,2,0.0,0,0.0,0,0.0,0,0.0,0
2012-10-19T09:23:06.000,2350.4,13198,2350.4,7,0.0,0,0.0,0,0.0,0,0.0,0,2350.8,14,0.0,0,0.0,0,0.0,0,0.0,0
2012-10-19T09:23:06.500,2350.4,13201,2350.4,5,0.0,0,0.0,0,0.0,0,0.0,0,2350.8,14,0.0,0,0.0,0,0.0,0,0.0,0
2012-10-19T09:23:07.000,2350.4,13209,2350.2,55,0.0,0,0.0,0,0.0,0,0.0,0,2350.4,15,0.0,0,0.0,0,0.0,0,0.0,0
2012-10-19T09:23:07.500,2350.4,13249,2350.4,2,0.0,0,0.0,0,0.0,0,0.0,0,2351,29,0.0,0,0.0,0,0.0,0,0.0,0
2012-10-19T09:23:08.000,2350.8,13267,2350.8,9,0.0,0,0.0,0,0.0,0,0.0,0,2351,29,0.0,0,0.0,0,0.0,0,0.0,0
2012-10-19T09:23:08.500,2350.8,13271,2350.8,6,0.0,0,0.0,0,0.0,0,0.0,0,2351,28,0.0,0,0.0,0,0.0,0,0.0,0
2012-10-19T09:23:09.000,2350.8,13275,2350.8,3,0.0,0,0.0,0,0.0,0,0.0,0,2351,27,0.0,0,0.0,0,0.0,0,0.0,0
2012-10-19T09:23:09.500,2350.8,13276,2350.8,2,0.0,0,0.0,0,0.0,0,0.0,0,2351,27,0.0,0,0.0,0,0.0,0,0.0,0
2012-10-19T09:23:10.250,2350.8,13279,2350.8,2,0.0,0,0.0,0,0.0,0,0.0,0,2351,25,0.0,0,0.0,0,0.0,0,0.0,0
2012-10-19T09:23:11.000,2351,13281,2350.8,4,0.0,0,0.0,0,0.0,0,0.0,0,2351,26,0.0,0,0.0,0,0.0,0,0.0,0
2012-10-19T09:23:11.500,2351,13287,2350.8,3,0.0,0,0.0,0,0.0,0,0.0,0,2351,22,0.0,0,0.0,0,0.0,0,0.0,0
2012-10-19T09:23:12.250,2351,13288,2350.8,4,0.0,0,0.0,0,0.0,0,0.0,0,2351,26,0.0,0,0.0,0,0.0,0,0.0,0
2012-10-19T09:23:13.000,2351,13291,2350.8,3,0.0,0,0.0,0,0.0,0,0.0,0,2351,24,0.0,0,0.0,0,0.0,0,0.0,0
2012-10-19T09:23:13.500,2350.8,13295,2350.6,2,0.0,0,0.0,0,0.0,0,0.0,0,2350.8,4,0.0,0,0.0,0,0.0,0,0.0,0
2012-10-19T09:23:14.000,2350.8,13296,2350.6,3,0.0,0,0.0,0,0.0,0,0.0,0,2350.8,3,0.0,0,0.0,0,0.0,0,0.0,0
2012-10-19T09:23:14.500,2350.8,13298,2350.6,10,0.0,0,0.0,0,0.0,0,0.0,0,2350.8,1,0.0,0,0.0,0,0.0,0,0.0,0
2012-10-19T09:23:15.000,2350.8,13299,2350.6,11,0.0,0,0.0,0,0.0,0,0.0,0,2350.8,9,0.0,0,0.0,0,0.0,0,0.0,0
2012-10-19T09:23:15.500,2350.8,13311,2350.6,8,0.0,0,0.0,0,0.0,0,0.0,0,2351,24,0.0,0,0.0,0,0.0,0,0.0,0
2012-10-19T09:23:16.250,2350.8,13313,2350.6,10,0.0,0,0.0,0,0.0,0,0.0,0,2351,26,0.0,0,0.0,0,0.0,0,0.0,0
2012-10-19T09:23:17.250,2351,13340,2351,2,0.0,0,0.0,0,0.0,0,0.0,0,2351.2,8,0.0,0,0.0,0,0.0,0,0.0,0
2012-10-19T09:23:18.000,2351.2,13345,2350.8,3,0.0,0,0.0,0,0.0,0,0.0,0,2351.2,5,0.0,0,0.0,0,0.0,0,0.0,0
2012-10-19T09:23:18.500,2350.8,13346,2350.8,29,0.0,0,0.0,0,0.0,0,0.0,0,2351,1,0.0,0,0.0,0,0.0,0,0.0,0
2012-10-19T09:23:19.000,2350.8,13347,2350.8,28,0.0,0,0.0,0,0.0,0,0.0,0,2351,1,0.0,0,0.0,0,0.0,0,0.0,0
2012-10-19T09:23:19.500,2351,13348,2351,16,0.0,0,0.0,0,0.0,0,0.0,0,2351.2,13,0.0,0,0.0,0,0.0,0,0.0,0
2012-10-19T09:23:20.000,2351.2,13350,2351,32,0.0,0,0.0,0,0.0,0,0.0,0,2351.2,12,0.0,0,0.0,0,0.0,0,0.0,0
2012-10-19T09:23:20.500,2351.2,13351,2351,33,0.0,0,0.0,0,0.0,0,0.0,0,2351.2,11,0.0,0,0.0,0,0.0,0,0.0,0
2012-10-19T09:23:21.000,2351,13386,2351.2,1,0.0,0,0.0,0,0.0,0,0.0,0,2351.4,11,0.0,0,0.0,0,0.0,0,0.0,0
2012-10-19T09:23:21.500,2351.4,13398,2351.4,2,0.0,0,0.0,0,0.0,0,0.0,0,2351.6,19,0.0,0,0.0,0,0.0,0,0.0,0
2012-10-19T09:23:22.000,2351.6,13400,2351.4,3,0.0,0,0.0,0,0.0,0,0.0,0,2351.6,23,0.0,0,0.0,0,0.0,0,0.0,0
2012-10-19T09:23:22.500,2351.6,13407,2351.2,8,0.0,0,0.0,0,0.0,0,0.0,0,2351.6,22,0.0,0,0.0,0,0.0,0,0.0,0
2012-10-19T09:23:23.000,2351.6,13413,2351.2,8,0.0,0,0.0,0,0.0,0,0.0,0,2351.4,1,0.0,0,0.0,0,0.0,0,0.0,0
2012-10-19T09:23:23.500,2351.6,13414,2351.2,10,0.0,0,0.0,0,0.0,0,0.0,0,2351.6,18,0.0,0,0.0,0,0.0,0,0.0,0
2012-10-19T09:23:24.000,2351.4,13416,2351.2,10,0.0,0,0.0,0,0.0,0,0.0,0,2351.4,1,0.0,0,0.0,0,0.0,0,0.0,0
2012-10-19T09:23:24.500,2351.2,13424,2351.2,2,0.0,0,0.0,0,0.0,0,0.0,0,2351.4,1,0.0,0,0.0,0,0.0,0,0.0,0
2012-10-19T09:23:25.000,2351.2,13428,2351,23,0.0,0,0.0,0,0.0,0,0.0,0,2351.4,13,0.0,0,0.0,0,0.0,0,0.0,0
2012-10-19T09:23:25.500,2351.2,13429,2351,23,0.0,0,0.0,0,0.0,0,0.0,0,2351.2,1,0.0,0,0.0,0,0.0,0,0.0,0
2012-10-19T09:23:26.250,2351.4,13434,2351,20,0.0,0,0.0,0,0.0,0,0.0,0,2351.4,15,0.0,0,0.0,0,0.0,0,0.0,0
2012-10-19T09:23:27.250,2351.2,13437,2351,21,0.0,0,0.0,0,0.0,0,0.0,0,2351.4,15,0.0,0,0.0,0,0.0,0,0.0,0
2012-10-19T09:23:28.250,2351,13438,2351,19,0.0,0,0.0,0,0.0,0,0.0,0,2351.2,1,0.0,0,0.0,0,0.0,0,0.0,0
2012-10-19T09:23:29.000,2351.4,13450,2351,17,0.0,0,0.0,0,0.0,0,0.0,0,2351.2,1,0.0,0,0.0,0,0.0,0,0.0,0
2012-10-19T09:23:29.500,2351.4,13464,2351.4,7,0.0,0,0.0,0,0.0,0,0.0,0,2351.6,21,0.0,0,0.0,0,0.0,0,0.0,0
2012-10-19T09:23:30.250,2351.4,13467,2351.4,4,0.0,0,0.0,0,0.0,0,0.0,0,2351.6,22,0.0,0,0.0,0,0.0,0,0.0,0
2012-10-19T09:23:31.000,2351.4,13481,2351.4,1,0.0,0,0.0,0,0.0,0,0.0,0,2351.6,23,0.0,0,0.0,0,0.0,0,0.0,0
2012-10-19T09:23:31.500,2351.2,13484,2351.2,2,0.0,0,0.0,0,0.0,0,0.0,0,2351.6,23,0.0,0,0.0,0,0.0,0,0.0,0
2012-10-19T09:23:32.000,2351.6,13486,2351.2,2,0.0,0,0.0,0,0.0,0,0.0,0,2351.4,1,0.0,0,0.0,0,0.0,0,0.0,0
2012-10-19T09:23:32.500,2351.2,13489,2351.2,2,0.0,0,0.0,0,0.0,0,0.0,0,2351.4,1,0.0,0,0.0,0,0.0,0,0.0,0
2012-10-19T09:23:33.000,2351.4,13490,2351.2,2,0.0,0,0.0,0,0.0,0,0.0,0,2351.4,34,0.0,0,0.0,0,0.0,0,0.0,0
2012-10-19T09:23:33.500,2351.4,13497,2351.2,4,0.0,0,0.0,0,0.0,0,0.0,0,2351.4,28,0.0,0,0.0,0,0.0,0,0.0,0
2012-10-19T09:23:34.000,2351,13513,2351,1,0.0,0,0.0,0,0.0,0,0.0,0,2351.2,3,0.0,0,0.0,0,0.0,0,0.0,0
2012-10-19T09:23:34.500,2351.2,13514,2351,1,0.0,0,0.0,0,0.0,0,0.0,0,2351.2,4,0.0,0,0.0,0,0.0,0,0.0,0
2012-10-19T09:23:35.000,2351.2,13525,2351.2,14,0.0,0,0.0,0,0.0,0,0.0,0,2351.4,25,0.0,0,0.0,0,0.0,0,0.0,0
2012-10-19T09:23:35.500,2351.2,13528,2351.2,11,0.0,0,0.0,0,0.0,0,0.0,0,2351.4,25,0.0,0,0.0,0,0.0,0,0.0,0
2012-10-19T09:23:36.250,2351.2,13530,2351.2,10,0.0,0,0.0,0,0.0,0,0.0,0,2351.4,25,0.0,0,0.0,0,0.0,0,0.0,0
2012-10-19T09:23:37.250,2351.2,13532,2351.2,8,0.0,0,0.0,0,0.0,0,0.0,0,2351.4,25,0.0,0,0.0,0,0.0,0,0.0,0
2012-10-19T09:23:38.000,2351.4,13533,2351.2,8,0.0,0,0.0,0,0.0,0,0.0,0,2351.4,25,0.0,0,0.0,0,0.0,0,0.0,0
