date_time,last_px,total_volume,bid1_px,bid1_qty,bid2_px,bid2_qty,bid3_px,bid3_qty,bid4_px,bid4_qty,bid5_px,bid5_qty,ask1_px,ask1_qty,ask2_px,ask2_qty,ask3_px,ask3_qty,ask4_px,ask4_qty,ask5_px,ask5_qty
2012-11-12T09:14:00.250,2245,219,2245,4,0.0,0,0.0,0,0.0,0,0.0,0,2245.2,1,0.0,0,0.0,0,0.0,0,0.0,0
2012-11-12T09:15:00.250,2245.2,313,2245.2,24,0.0,0,0.0,0,0.0,0,0.0,0,2245.6,16,0.0,0,0.0,0,0.0,0,0.0,0
2012-11-12T09:15:01.000,2245.8,429,2245.6,13,0.0,0,0.0,0,0.0,0,0.0,0,2245.8,64,0.0,0,0.0,0,0.0,0,0.0,0
2012-11-12T09:15:01.500,2245.8,486,2245.6,13,0.0,0,0.0,0,0.0,0,0.0,0,2245.8,29,0.0,0,0.0,0,0.0,0,0.0,0
2012-11-12T09:15:02.000,2246.2,593,2245.8,6,0.0,0,0.0,0,0.0,0,0.0,0,2246.4,5,0.0,0,0.0,0,0.0,0,0.0,0
2012-11-12T09:15:02.500,2246.4,649,2245.8,21,0.0,0,0.0,0,0.0,0,0.0,0,2246.2,5,0.0,0,0.0,0,0.0,0,0.0,0
2012-11-12T09:15:03.000,2246.2,704,2246.2,38,0.0,0,0.0,0,0.0,0,0.0,0,2246.8,7,0.0,0,0.0,0,0.0,0,0.0,0
2012-11-12T09:15:03.500,2246.8,782,2246.8,7,0.0,0,0.0,0,0.0,0,0.0,0,2247,67,0.0,0,0.0,0,0.0,0,0.0,0
2012-11-12T09:15:04.000,2247,836,2246.6,1,0.0,0,0.0,0,0.0,0,0.0,0,2247,33,0.0,0,0.0,0,0.0,0,0.0,0
2012-11-12T09:15:04.500,2246.8,873,2246.4,1,0.0,0,0.0,0,0.0,0,0.0,0,2246.8,9,0.0,0,0.0,0,0.0,0,0.0,0
2012-11-12T09:15:05.000,2246.8,899,2246.4,3,0.0,0,0.0,0,0.0,0,0.0,0,2246.6,6,0.0,0,0.0,0,0.0,0,0.0,0
2012-11-12T09:15:05.500,2246.6,938,2246.2,28,0.0,0,0.0,0,0.0,0,0.0,0,2246.6,14,0.0,0,0.0,0,0.0,0,0.0,0
2012-11-12T09:15:06.000,2246.8,967,2246.6,1,0.0,0,0.0,0,0.0,0,0.0,0,2246.8,8,0.0,0,0.0,0,0.0,0,0.0,0
2012-11-12T09:15:06.500,2247,1037,2246.8,19,0.0,0,0.0,0,0.0,0,0.0,0,2247,15,0.0,0,0.0,0,0.0,0,0.0,0
2012-11-12T09:15:07.000,2246.8,1069,2247,2,0.0,0,0.0,0,0.0,0,0.0,0,2247.6,2,0.0,0,0.0,0,0.0,0,0.0,0
2012-11-12T09:15:07.500,2247.2,1117,2247.4,1,0.0,0,0.0,0,0.0,0,0.0,0,2247.6,14,0.0,0,0.0,0,0.0,0,0.0,0
2012-11-12T09:15:08.000,2247.6,1150,2247.6,3,0.0,0,0.0,0,0.0,0,0.0,0,2247.8,8,0.0,0,0.0,0,0.0,0,0.0,0
2012-11-12T09:15:08.500,2247.8,1180,2247.8,7,0.0,0,0.0,0,0.0,0,0.0,0,2248,18,0.0,0,0.0,0,0.0,0,0.0,0
2012-11-12T09:15:09.000,2248,1199,2247.8,3,0.0,0,0.0,0,0.0,0,0.0,0,2248,7,0.0,0,0.0,0,0.0,0,0.0,0
2012-11-12T09:15:09.500,2248,1231,2247,3,0.0,0,0.0,0,0.0,0,0.0,0,2248,1,0.0,0,0.0,0,0.0,0,0.0,0
2012-11-12T09:15:10.000,2247.8,1286,2247.4,6,0.0,0,0.0,0,0.0,0,0.0,0,2247.8,59,0.0,0,0.0,0,0.0,0,0.0,0
2012-11-12T09:15:10.500,2247.6,1332,2246.8,8,0.0,0,0.0,0,0.0,0,0.0,0,2247.4,10,0.0,0,0.0,0,0.0,0,0.0,0
2012-11-12T09:15:11.000,2246.8,1347,2246.8,11,0.0,0,0.0,0,0.0,0,0.0,0,2247.2,87,0.0,0,0.0,0,0.0,0,0.0,0
2012-11-12T09:15:11.500,2247,1428,2246,24,0.0,0,0.0,0,0.0,0,0.0,0,2247,6,0.0,0,0.0,0,0.0,0,0.0,0
2012-11-12T09:15:12.000,2246.2,1463,2246.2,1,0.0,0,0.0,0,0.0,0,0.0,0,2246.6,29,0.0,0,0.0,0,0.0,0,0.0,0
2012-11-12T09:15:12.500,2246.2,1521,2246,11,0.0,0,0.0,0,0.0,0,0.0,0,2246.4,5,0.0,0,0.0,0,0.0,0,0.0,0
2012-11-12T09:15:13.000,2246.4,1529,2246,14,0.0,0,0.0,0,0.0,0,0.0,0,2246.2,8,0.0,0,0.0,0,0.0,0,0.0,0
2012-11-12T09:15:13.500,2246.4,1551,2246,20,0.0,0,0.0,0,0.0,0,0.0,0,2246.2,29,0.0,0,0.0,0,0.0,0,0.0,0
2012-11-12T09:15:14.000,2246.2,1602,2246,1,0.0,0,0.0,0,0.0,0,0.0,0,2246.2,14,0.0,0,0.0,0,0.0,0,0.0,0
2012-11-12T09:15:14.500,2246,1618,2245.6,38,0.0,0,0.0,0,0.0,0,0.0,0,2246,3,0.0,0,0.0,0,0.0,0,0.0,0
2012-11-12T09:15:15.000,2246,1621,2245.8,2,0.0,0,0.0,0,0.0,0,0.0,0,2246,5,0.0,0,0.0,0,0.0,0,0.0,0
2012-11-12T09:15:15.500,2246.2,1652,2246.2,3,0.0,0,0.0,0,0.0,0,0.0,0,2246.6,10,0.0,0,0.0,0,0.0,0,0.0,0
2012-11-12T09:15:16.000,2246.6,1667,2246.6,3,0.0,0,0.0,0,0.0,0,0.0,0,2246.8,10,0.0,0,0.0,0,0.0,0,0.0,0
2012-11-12T09:15:16.500,2246.2,1674,2246.2,1,0.0,0,0.0,0,0.0,0,0.0,0,2246.6,4,0.0,0,0.0,0,0.0,0,0.0,0
2012-11-12T09:15:17.000,2246.2,1679,2246,27,0.0,0,0.0,0,0.0,0,0.0,0,2246.2,29,0.0,0,0.0,0,0.0,0,0.0,0
2012-11-12T09:15:17.500,2246,1714,2246,16,0.0,0,0.0,0,0.0,0,0.0,0,2246.2,23,0.0,0,0.0,0,0.0,0,0.0,0
2012-11-12T09:15:18.000,2246.2,1730,2246,8,0.0,0,0.0,0,0.0,0,0.0,0,2246.2,20,0.0,0,0.0,0,0.0,0,0.0,0
2012-11-12T09:15:18.500,2246,1742,2246,3,0.0,0,0.0,0,0.0,0,0.0,0,2246.2,16,0.0,0,0.0,0,0.0,0,0.0,0
2012-11-12T09:15:19.000,2246,1768,2245.8,1,0.0,0,0.0,0,0.0,0,0.0,0,2246.2,8,0.0,0,0.0,0,0.0,0,0.0,0
2012-11-12T09:15:19.500,2246,1845,2245.6,24,0.0,0,0.0,0,0.0,0,0.0,0,2246,4,0.0,0,0.0,0,0.0,0,0.0,0
2012-11-12T09:15:20.000,2245.6,1858,2245.6,13,0.0,0,0.0,0,0.0,0,0.0,0,2245.8,28,0.0,0,0.0,0,0.0,0,0.0,0
2012-11-12T09:15:20.500,2245.6,1900,2245.4,17,0.0,0,0.0,0,0.0,0,0.0,0,2245.6,8,0.0,0,0.0,0,0.0,0,0.0,0
2012-11-12T09:15:21.000,2245.4,1925,2245.2,34,0.0,0,0.0,0,0.0,0,0.0,0,2245.4,8,0.0,0,0.0,0,0.0,0,0.0,0
2012-11-12T09:15:21.500,2245.4,1971,2245,65,0.0,0,0.0,0,0.0,0,0.0,0,2245.2,1,0.0,0,0.0,0,0.0,0,0.0,0
2012-11-12T09:15:22.000,2245.2,1985,2245,54,0.0,0,0.0,0,0.0,0,0.0,0,2245.2,1,0.0,0,0.0,0,0.0,0,0.0,0
2012-11-12T09:15:22.500,2245.2,2004,2245.2,14,0.0,0,0.0,0,0.0,0,0.0,0,2245.4,2,0.0,0,0.0,0,0.0,0,0.0,0
2012-11-12T09:15:23.000,2245.2,2025,2245,52,0.0,0,0.0,0,0.0,0,0.0,0,2245.2,6,0.0,0,0.0,0,0.0,0,0.0,0
2012-11-12T09:15:23.500,2245.2,2034,2245,51,0.0,0,0.0,0,0.0,0,0.0,0,2245.2,3,0.0,0,0.0,0,0.0,0,0.0,0
2012-11-12T09:15:24.000,2245,2066,2245.2,22,0.0,0,0.0,0,0.0,0,0.0,0,2245.4,1,0.0,0,0.0,0,0.0,0,0.0,0
2012-11-12T09:15:24.500,2245.2,2077,2245.4,11,0.0,0,0.0,0,0.0,0,0.0,0,2245.6,7,0.0,0,0.0,0,0.0,0,0.0,0
2012-11-12T09:15:25.000,2245.4,2087,2245.4,3,0.0,0,0.0,0,0.0,0,0.0,0,2245.6,13,0.0,0,0.0,0,0.0,0,0.0,0
2012-11-12T09:15:25.500,2245.4,2094,2245.2,31,0.0,0,0.0,0,0.0,0,0.0,0,2245.6,12,0.0,0,0.0,0,0.0,0,0.0,0
2012-11-12T09:15:26.000,2245.6,2100,2245.2,33,0.0,0,0.0,0,0.0,0,0.0,0,2245.4,1,0.0,0,0.0,0,0.0,0,0.0,0
2012-11-12T09:15:26.500,2245.4,2112,2245.4,17,0.0,0,0.0,0,0.0,0,0.0,0,2245.6,4,0.0,0,0.0,0,0.0,0,0.0,0
2012-11-12T09:15:27.000,2245.2,2138,2245.4,5,0.0,0,0.0,0,0.0,0,0.0,0,2245.8,6,0.0,0,0.0,0,0.0,0,0.0,0
2012-11-12T09:15:27.500,2245.2,2170,2245.4,2,0.0,0,0.0,0,0.0,0,0.0,0,2245.8,7,0.0,0,0.0,0,0.0,0,0.0,0
2012-11-12T09:15:28.000,2246,2184,2245.4,2,0.0,0,0.0,0,0.0,0,0.0,0,2246,31,0.0,0,0.0,0,0.0,0,0.0,0
2012-11-12T09:15:28.500,2245.8,2190,2245.6,6,0.0,0,0.0,0,0.0,0,0.0,0,2246,31,0.0,0,0.0,0,0.0,0,0.0,0
2012-11-12T09:15:29.000,2245.6,2192,2245.6,14,0.0,0,0.0,0,0.0,0,0.0,0,2245.8,9,0.0,0,0.0,0,0.0,0,0.0,0
2012-11-12T09:15:29.500,2245.8,2225,2245.4,8,0.0,0,0.0,0,0.0,0,0.0,0,2246,32,0.0,0,0.0,0,0.0,0,0.0,0
2012-11-12T09:15:30.000,2245.6,2227,2245.6,2,0.0,0,0.0,0,0.0,0,0.0,0,2246,31,0.0,0,0.0,0,0.0,0,0.0,0
2012-11-12T09:15:30.500,2246,2228,2245.8,2,0.0,0,0.0,0,0.0,0,0.0,0,2246,30,0.0,0,0.0,0,0.0,0,0.0,0
2012-11-12T09:15:31.000,2245.6,2247,2245.4,12,0.0,0,0.0,0,0.0,0,0.0,0,2245.6,5,0.0,0,0.0,0,0.0,0,0.0,0
2012-11-12T09:15:31.500,2246,2260,2245.6,5,0.0,0,0.0,0,0.0,0,0.0,0,2246,17,0.0,0,0.0,0,0.0,0,0.0,0
2012-11-12T09:15:32.000,2246,2264,2245.6,25,0.0,0,0.0,0,0.0,0,0.0,0,2245.8,1,0.0,0,0.0,0,0.0,0,0.0,0
2012-11-12T09:15:32.500,2246,2283,2246,7,0.0,0,0.0,0,0.0,0,0.0,0,2246.2,9,0.0,0,0.0,0,0.0,0,0.0,0
2012-11-12T09:15:33.000,2246.2,2300,2246.2,9,0.0,0,0.0,0,0.0,0,0.0,0,2246.4,8,0.0,0,0.0,0,0.0,0,0.0,0
2012-11-12T09:15:33.500,2246.2,2316,2246.2,33,0.0,0,0.0,0,0.0,0,0.0,0,2246.4,5,0.0,0,0.0,0,0.0,0,0.0,0
2012-11-12T09:15:34.000,2246.4,2322,2246.4,17,0.0,0,0.0,0,0.0,0,0.0,0,2246.6,25,0.0,0,0.0,0,0.0,0,0.0,0
2012-11-12T09:15:34.500,2246.4,2338,2246.4,5,0.0,0,0.0,0,0.0,0,0.0,0,2246.6,25,0.0,0,0.0,0,0.0,0,0.0,0
2012-11-12T09:15:35.000,2246.6,2347,2246.2,28,0.0,0,0.0,0,0.0,0,0.0,0,2246.6,24,0.0,0,0.0,0,0.0,0,0.0,0
2012-11-12T09:15:35.500,2246.4,2351,2246.4,1,0.0,0,0.0,0,0.0,0,0.0,0,2246.6,24,0.0,0,0.0,0,0.0,0,0.0,0
2012-11-12T09:15:36.000,2246.6,2358,2246.2,24,0.0,0,0.0,0,0.0,0,0.0,0,2246.4,1,0.0,0,0.0,0,0.0,0,0.0,0
2012-11-12T09:15:36.500,2246.2,2363,2246.2,22,0.0,0,0.0,0,0.0,0,0.0,0,2246.4,6,0.0,0,0.0,0,0.0,0,0.0,0
2012-11-12T09:15:37.000,2246.4,2366,2246.2,21,0.0,0,0.0,0,0.0,0,0.0,0,2246.4,13,0.0,0,0.0,0,0.0,0,0.0,0
2012-11-12T09:15:37.500,2246.2,2391,2246.2,1,0.0,0,0.0,0,0.0,0,0.0,0,2246.4,9,0.0,0,0.0,0,0.0,0,0.0,0
2012-11-12T09:15:38.000,2246.2,2398,2246,10,0.0,0,0.0,0,0.0,0,0.0,0,2246.2,2,0.0,0,0.0,0,0.0,0,0.0,0
2012-11-12T09:15:38.500,2246,2408,2245.8,25,0.0,0,0.0,0,0.0,0,0.0,0,2246,10,0.0,0,0.0,0,0.0,0,0.0,0
2012-11-12T09:15:39.000,2245.6,2452,2245.6,15,0.0,0,0.0,0,0.0,0,0.0,0,2245.8,10,0.0,0,0.0,0,0.0,0,0.0,0
2012-11-12T09:15:39.500,2245.4,2490,2245.2,30,0.0,0,0.0,0,0.0,0,0.0,0,2245.4,3,0.0,0,0.0,0,0.0,0,0.0,0
2012-11-12T09:15:40.000,2245.2,2515,2245.2,17,0.0,0,0.0,0,0.0,0,0.0,0,2245.4,20,0.0,0,0.0,0,0.0,0,0.0,0
2012-11-12T09:15:40.500,2245.2,2554,2245,64,0.0,0,0.0,0,0.0,0,0.0,0,2245.2,37,0.0,0,0.0,0,0.0,0,0.0,0
2012-11-12T09:15:41.000,2244.8,2658,2244.6,5,0.0,0,0.0,0,0.0,0,0.0,0,2244.8,3,0.0,0,0.0,0,0.0,0,0.0,0
2012-11-12T09:15:41.500,2244.4,2694,2244.2,25,0.0,0,0.0,0,0.0,0,0.0,0,2244.4,9,0.0,0,0.0,0,0.0,0,0.0,0
2012-11-12T09:15:42.000,2244.4,2734,2244.4,30,0.0,0,0.0,0,0.0,0,0.0,0,2244.8,16,0.0,0,0.0,0,0.0,0,0.0,0
2012-11-12T09:15:42.500,2244.4,2743,2244.4,36,0.0,0,0.0,0,0.0,0,0.0,0,2244.8,13,0.0,0,0.0,0,0.0,0,0.0,0
2012-11-12T09:15:43.000,2244.4,2770,2244.6,1,0.0,0,0.0,0,0.0,0,0.0,0,2244.8,10,0.0,0,0.0,0,0.0,0,0.0,0
2012-11-12T09:15:43.500,2244.6,2797,2244.4,24,0.0,0,0.0,0,0.0,0,0.0,0,2244.6,3,0.0,0,0.0,0,0.0,0,0.0,0
2012-11-12T09:15:44.000,2244.4,2805,2244.4,18,0.0,0,0.0,0,0.0,0,0.0,0,2244.6,3,0.0,0,0.0,0,0.0,0,0.0,0
2012-11-12T09:15:44.500,2244.4,2823,2244.4,5,0.0,0,0.0,0,0.0,0,0.0,0,2244.8,13,0.0,0,0.0,0,0.0,0,0.0,0
2012-11-12T09:15:45.000,2244.6,2829,2244.6,25,0.0,0,0.0,0,0.0,0,0.0,0,2244.8,12,0.0,0,0.0,0,0.0,0,0.0,0
2012-11-12T09:15:45.500,2244.6,2837,2244.6,21,0.0,0,0.0,0,0.0,0,0.0,0,2244.8,8,0.0,0,0.0,0,0.0,0,0.0,0
2012-11-12T09:15:46.000,2244.8,2864,2244.8,40,0.0,0,0.0,0,0.0,0,0.0,0,2245,3,0.0,0,0.0,0,0.0,0,0.0,0
2012-11-12T09:15:46.500,2244.8,2901,2245,20,0.0,0,0.0,0,0.0,0,0.0,0,2245.2,6,0.0,0,0.0,0,0.0,0,0.0,0
2012-11-12T09:15:47.000,2245.2,2907,2245,31,0.0,0,0.0,0,0.0,0,0.0,0,2245.2,2,0.0,0,0.0,0,0.0,0,0.0,0
2012-11-12T09:15:47.500,2245.2,2914,2245.2,5,0.0,0,0.0,0,0.0,0,0.0,0,2245.6,10,0.0,0,0.0,0,0.0,0,0.0,0
2012-11-12T09:15:48.000,2245.2,2926,2245.2,3,0.0,0,0.0,0,0.0,0,0.0,0,2245.6,10,0.0,0,0.0,0,0.0,0,0.0,0
2012-11-12T09:15:48.500,2245.6,2937,2245.2,4,0.0,0,0.0,0,0.0,0,0.0,0,2245.6,10,0.0,0,0.0,0,0.0,0,0.0,0
2012-11-12T09:15:49.000,2245.6,2951,2245.6,21,0.0,0,0.0,0,0.0,0,0.0,0,2245.8,4,0.0,0,0.0,0,0.0,0,0.0,0
2012-11-12T09:15:49.500,2245.6,2973,2245.2,8,0.0,0,0.0,0,0.0,0,0.0,0,2245.8,4,0.0,0,0.0,0,0.0,0,0.0,0
2012-11-12T09:15:50.000,2245.8,2980,2245.4,1,0.0,0,0.0,0,0.0,0,0.0,0,2245.8,5,0.0,0,0.0,0,0.0,0,0.0,0
2012-11-12T09:15:50.500,2245.4,2983,2245.2,10,0.0,0,0.0,0,0.0,0,0.0,0,2245.4,3,0.0,0,0.0,0,0.0,0,0.0,0
2012-11-12T09:15:51.000,2245.4,2994,2245.2,2,0.0,0,0.0,0,0.0,0,0.0,0,2245.4,2,0.0,0,0.0,0,0.0,0,0.0,0
2012-11-12T09:15:51.500,2245.4,2996,2245.2,5,0.0,0,0.0,0,0.0,0,0.0,0,2245.4,1,0.0,0,0.0,0,0.0,0,0.0,0
2012-11-12T09:15:52.000,2245.4,3003,2245.4,1,0.0,0,0.0,0,0.0,0,0.0,0,2245.6,5,0.0,0,0.0,0,0.0,0,0.0,0
2012-11-12T09:15:52.500,2245.6,3008,2245.2,1,0.0,0,0.0,0,0.0,0,0.0,0,2245.6,5,0.0,0,0.0,0,0.0,0,0.0,0
2012-11-12T09:15:53.000,2245.4,3012,2245.4,3,0.0,0,0.0,0,0.0,0,0.0,0,2245.6,14,0.0,0,0.0,0,0.0,0,0.0,0
2012-11-12T09:15:53.500,2245.6,3015,2245.4,1,0.0,0,0.0,0,0.0,0,0.0,0,2245.6,5,0.0,0,0.0,0,0.0,0,0.0,0
2012-11-12T09:15:54.000,2245.6,3018,2245.2,16,0.0,0,0.0,0,0.0,0,0.0,0,2245.6,8,0.0,0,0.0,0,0.0,0,0.0,0
2012-11-12T09:15:54.500,2245.6,3025,2245.2,17,0.0,0,0.0,0,0.0,0,0.0,0,2245.6,8,0.0,0,0.0,0,0.0,0,0.0,0
2012-11-12T09:15:55.000,2245.4,3029,2245.4,5,0.0,0,0.0,0,0.0,0,0.0,0,2245.6,8,0.0,0,0.0,0,0.0,0,0.0,0
2012-11-12T09:15:55.500,2245.6,3035,2245.4,2,0.0,0,0.0,0,0.0,0,0.0,0,2245.6,8,0.0,0,0.0,0,0.0,0,0.0,0
2012-11-12T09:15:56.000,2245.8,3045,2245.6,14,0.0,0,0.0,0,0.0,0,0.0,0,2245.8,10,0.0,0,0.0,0,0.0,0,0.0,0
2012-11-12T09:15:56.500,2245.8,3049,2245.6,31,0.0,0,0.0,0,0.0,0,0.0,0,2245.8,13,0.0,0,0.0,0,0.0,0,0.0,0
2012-11-12T09:15:57.000,2245.6,3052,2245.6,29,0.0,0,0.0,0,0.0,0,0.0,0,2245.8,13,0.0,0,0.0,0,0.0,0,0.0,0
2012-11-12T09:15:57.500,2245.8,3057,2245.6,25,0.0,0,0.0,0,0.0,0,0.0,0,2245.8,13,0.0,0,0.0,0,0.0,0,0.0,0
2012-11-12T09:15:58.000,2245.8,3079,2245.6,23,0.0,0,0.0,0,0.0,0,0.0,0,2245.8,13,0.0,0,0.0,0,0.0,0,0.0,0
2012-11-12T09:15:58.500,2245.6,3108,2245.4,20,0.0,0,0.0,0,0.0,0,0.0,0,2245.6,1,0.0,0,0.0,0,0.0,0,0.0,0
2012-11-12T09:15:59.000,2245.8,3118,2245.4,15,0.0,0,0.0,0,0.0,0,0.0,0,2245.8,9,0.0,0,0.0,0,0.0,0,0.0,0
2012-11-12T09:15:59.500,2245.8,3123,2245.4,12,0.0,0,0.0,0,0.0,0,0.0,0,2245.8,11,0.0,0,0.0,0,0.0,0,0.0,0
2012-11-12T09:16:00.000,2245.6,3126,2245.4,10,0.0,0,0.0,0,0.0,0,0.0,0,2245.6,1,0.0,0,0.0,0,0.0,0,0.0,0
2012-11-12T09:16:00.500,2245.4,3133,2245.4,7,0.0,0,0.0,0,0.0,0,0.0,0,2245.6,3,0.0,0,0.0,0,0.0,0,0.0,0
2012-11-12T09:16:01.000,2245.4,3150,2245.4,5,0.0,0,0.0,0,0.0,0,0.0,0,2245.6,4,0.0,0,0.0,0,0.0,0,0.0,0
2012-11-12T09:16:01.500,2245.4,3156,2245.4,4,0.0,0,0.0,0,0.0,0,0.0,0,2245.6,3,0.0,0,0.0,0,0.0,0,0.0,0
2012-11-12T09:16:02.000,2245.6,3165,2245.6,93,0.0,0,0.0,0,0.0,0,0.0,0,2245.8,38,0.0,0,0.0,0,0.0,0,0.0,0
2012-11-12T09:16:02.500,2245.8,3175,2245.6,91,0.0,0,0.0,0,0.0,0,0.0,0,2245.8,30,0.0,0,0.0,0,0.0,0,0.0,0
2012-11-12T09:16:03.000,2246,3247,2245.8,23,0.0,0,0.0,0,0.0,0,0.0,0,2246,41,0.0,0,0.0,0,0.0,0,0.0,0
2012-11-12T09:16:03.500,2246,3288,2245.8,19,0.0,0,0.0,0,0.0,0,0.0,0,2246,5,0.0,0,0.0,0,0.0,0,0.0,0
2012-11-12T09:16:04.000,2246,3297,2246,4,0.0,0,0.0,0,0.0,0,0.0,0,2246.2,21,0.0,0,0.0,0,0.0,0,0.0,0
2012-11-12T09:16:04.500,2246,3298,2246,5,0.0,0,0.0,0,0.0,0,0.0,0,2246.2,30,0.0,0,0.0,0,0.0,0,0.0,0
2012-11-12T09:16:05.000,2246,3301,2246,18,0.0,0,0.0,0,0.0,0,0.0,0,2246.2,29,0.0,0,0.0,0,0.0,0,0.0,0
2012-11-12T09:16:05.500,2246,3306,2246,17,0.0,0,0.0,0,0.0,0,0.0,0,2246.2,27,0.0,0,0.0,0,0.0,0,0.0,0
2012-11-12T09:16:06.000,2246,3310,2246,14,0.0,0,0.0,0,0.0,0,0.0,0,2246.2,26,0.0,0,0.0,0,0.0,0,0.0,0
2012-11-12T09:16:06.500,2246.2,3322,2246,11,0.0,0,0.0,0,0.0,0,0.0,0,2246.2,29,0.0,0,0.0,0,0.0,0,0.0,0
2012-11-12T09:16:07.000,2246,3328,2246,8,0.0,0,0.0,0,0.0,0,0.0,0,2246.2,27,0.0,0,0.0,0,0.0,0,0.0,0
2012-11-12T09:16:07.500,2246.2,3336,2246,3,0.0,0,0.0,0,0.0,0,0.0,0,2246.2,25,0.0,0,0.0,0,0.0,0,0.0,0
2012-11-12T09:16:08.000,2246.2,3353,2245.8,28,0.0,0,0.0,0,0.0,0,0.0,0,2246.2,23,0.0,0,0.0,0,0.0,0,0.0,0
2012-11-12T09:16:08.500,2246.2,3357,2245.8,28,0.0,0,0.0,0,0.0,0,0.0,0,2246.2,25,0.0,0,0.0,0,0.0,0,0.0,0
2012-11-12T09:16:09.000,2246.2,3367,2245.8,28,0.0,0,0.0,0,0.0,0,0.0,0,2246.2,16,0.0,0,0.0,0,0.0,0,0.0,0
2012-11-12T09:16:09.500,2246.2,3371,2246,2,0.0,0,0.0,0,0.0,0,0.0,0,2246.2,15,0.0,0,0.0,0,0.0,0,0.0,0
2012-11-12T09:16:10.000,2246.2,3375,2246,2,0.0,0,0.0,0,0.0,0,0.0,0,2246.2,12,0.0,0,0.0,0,0.0,0,0.0,0
2012-11-12T09:16:10.500,2246,3385,2246,4,0.0,0,0.0,0,0.0,0,0.0,0,2246.2,7,0.0,0,0.0,0,0.0,0,0.0,0
2012-11-12T09:16:11.000,2246,3400,2245.8,27,0.0,0,0.0,0,0.0,0,0.0,0,2246,19,0.0,0,0.0,0,0.0,0,0.0,0
2012-11-12T09:16:11.500,2246,3405,2245.8,26,0.0,0,0.0,0,0.0,0,0.0,0,2246,16,0.0,0,0.0,0,0.0,0,0.0,0
2012-11-12T09:16:12.000,2246,3426,2245.8,17,0.0,0,0.0,0,0.0,0,0.0,0,2246,8,0.0,0,0.0,0,0.0,0,0.0,0
2012-11-12T09:16:12.500,2245.8,3436,2245.8,13,0.0,0,0.0,0,0.0,0,0.0,0,2246,6,0.0,0,0.0,0,0.0,0,0.0,0
2012-11-12T09:16:14.000,2246,3438,2245.8,14,0.0,0,0.0,0,0.0,0,0.0,0,2246,11,0.0,0,0.0,0,0.0,0,0.0,0
2012-11-12T09:16:14.500,2246,3459,2245.6,74,0.0,0,0.0,0,0.0,0,0.0,0,2246,20,0.0,0,0.0,0,0.0,0,0.0,0
2012-11-12T09:16:15.250,2245.8,3465,2245.6,75,0.0,0,0.0,0,0.0,0,0.0,0,2245.8,27,0.0,0,0.0,0,0.0,0,0.0,0
2012-11-12T09:16:16.000,2245.6,3506,2245.6,36,0.0,0,0.0,0,0.0,0,0.0,0,2245.8,26,0.0,0,0.0,0,0.0,0,0.0,0
2012-11-12T09:16:16.500,2245.4,3547,2245.4,8,0.0,0,0.0,0,0.0,0,0.0,0,2245.6,4,0.0,0,0.0,0,0.0,0,0.0,0
2012-11-12T09:16:17.000,2245.4,3557,2245.2,24,0.0,0,0.0,0,0.0,0,0.0,0,2245.4,40,0.0,0,0.0,0,0.0,0,0.0,0
2012-11-12T09:16:17.500,2245.2,3574,2245.2,9,0.0,0,0.0,0,0.0,0,0.0,0,2245.4,46,0.0,0,0.0,0,0.0,0,0.0,0
2012-11-12T09:16:18.000,2245,3595,2245,54,0.0,0,0.0,0,0.0,0,0.0,0,2245.2,38,0.0,0,0.0,0,0.0,0,0.0,0
2012-11-12T09:16:18.500,2245,3606,2245,47,0.0,0,0.0,0,0.0,0,0.0,0,2245.2,33,0.0,0,0.0,0,0.0,0,0.0,0
2012-11-12T09:16:19.000,2245,3655,2245,1,0.0,0,0.0,0,0.0,0,0.0,0,2245.2,31,0.0,0,0.0,0,0.0,0,0.0,0
2012-11-12T09:16:19.500,2245,3657,2244.8,23,0.0,0,0.0,0,0.0,0,0.0,0,2245,26,0.0,0,0.0,0,0.0,0,0.0,0
2012-11-12T09:16:20.000,2244.8,3670,2244.8,12,0.0,0,0.0,0,0.0,0,0.0,0,2245,25,0.0,0,0.0,0,0.0,0,0.0,0
2012-11-12T09:16:20.500,2245,3684,2244.8,7,0.0,0,0.0,0,0.0,0,0.0,0,2245,19,0.0,0,0.0,0,0.0,0,0.0,0
2012-11-12T09:16:21.000,2244.8,3686,2244.8,26,0.0,0,0.0,0,0.0,0,0.0,0,2245,20,0.0,0,0.0,0,0.0,0,0.0,0
2012-11-12T09:16:21.500,2245,3707,2245,16,0.0,0,0.0,0,0.0,0,0.0,0,2245.2,11,0.0,0,0.0,0,0.0,0,0.0,0
2012-11-12T09:16:22.000,2245,3723,2245,17,0.0,0,0.0,0,0.0,0,0.0,0,2245.2,10,0.0,0,0.0,0,0.0,0,0.0,0
2012-11-12T09:16:22.500,2245.2,3736,2245,16,0.0,0,0.0,0,0.0,0,0.0,0,2245.2,1,0.0,0,0.0,0,0.0,0,0.0,0
2012-11-12T09:16:23.000,2245,3745,2245,7,0.0,0,0.0,0,0.0,0,0.0,0,2245.2,1,0.0,0,0.0,0,0.0,0,0.0,0
2012-11-12T09:16:23.500,2245,3753,2245.2,1,0.0,0,0.0,0,0.0,0,0.0,0,2245.4,2,0.0,0,0.0,0,0.0,0,0.0,0
2012-11-12T09:16:24.000,2245.2,3756,2245,6,0.0,0,0.0,0,0.0,0,0.0,0,2245.2,1,0.0,0,0.0,0,0.0,0,0.0,0
2012-11-12T09:16:24.500,2245.4,3759,2245,6,0.0,0,0.0,0,0.0,0,0.0,0,2245.6,3,0.0,0,0.0,0,0.0,0,0.0,0
2012-11-12T09:16:25.000,2245.2,3760,2245.4,1,0.0,0,0.0,0,0.0,0,0.0,0,2245.6,15,0.0,0,0.0,0,0.0,0,0.0,0
2012-11-12T09:16:25.500,2245.2,3765,2245,7,0.0,0,0.0,0,0.0,0,0.0,0,2245.2,2,0.0,0,0.0,0,0.0,0,0.0,0
2012-11-12T09:16:26.000,2245,3769,2245,4,0.0,0,0.0,0,0.0,0,0.0,0,2245.2,1,0.0,0,0.0,0,0.0,0,0.0,0
2012-11-12T09:16:26.500,2245.2,3772,2245,10,0.0,0,0.0,0,0.0,0,0.0,0,2245.2,2,0.0,0,0.0,0,0.0,0,0.0,0
2012-11-12T09:16:27.000,2245.2,3774,2245.2,3,0.0,0,0.0,0,0.0,0,0.0,0,2245.6,5,0.0,0,0.0,0,0.0,0,0.0,0
2012-11-12T09:16:27.500,2245,3789,2244.8,31,0.0,0,0.0,0,0.0,0,0.0,0,2245,5,0.0,0,0.0,0,0.0,0,0.0,0
2012-11-12T09:16:28.000,2245.4,3796,2245,1,0.0,0,0.0,0,0.0,0,0.0,0,2245.2,3,0.0,0,0.0,0,0.0,0,0.0,0
2012-11-12T09:16:28.500,2245.2,3797,2245,6,0.0,0,0.0,0,0.0,0,0.0,0,2245.2,2,0.0,0,0.0,0,0.0,0,0.0,0
2012-11-12T09:16:29.000,2245.2,3801,2245,4,0.0,0,0.0,0,0.0,0,0.0,0,2245.2,7,0.0,0,0.0,0,0.0,0,0.0,0
2012-11-12T09:16:29.500,2245.2,3809,2245.2,14,0.0,0,0.0,0,0.0,0,0.0,0,2245.4,1,0.0,0,0.0,0,0.0,0,0.0,0
2012-11-12T09:16:30.000,2245.2,3819,2245.2,4,0.0,0,0.0,0,0.0,0,0.0,0,2245.4,2,0.0,0,0.0,0,0.0,0,0.0,0
2012-11-12T09:16:30.500,2245.2,3823,2245.2,18,0.0,0,0.0,0,0.0,0,0.0,0,2245.4,1,0.0,0,0.0,0,0.0,0,0.0,0
2012-11-12T09:16:31.000,2245.2,3828,2245.2,15,0.0,0,0.0,0,0.0,0,0.0,0,2245.6,7,0.0,0,0.0,0,0.0,0,0.0,0
2012-11-12T09:16:31.500,2245.2,3829,2245.2,14,0.0,0,0.0,0,0.0,0,0.0,0,2245.6,7,0.0,0,0.0,0,0.0,0,0.0,0
2012-11-12T09:16:32.000,2245.6,3830,2245.2,14,0.0,0,0.0,0,0.0,0,0.0,0,2245.6,6,0.0,0,0.0,0,0.0,0,0.0,0
2012-11-12T09:16:32.500,2245.2,3834,2245.2,11,0.0,0,0.0,0,0.0,0,0.0,0,2245.6,7,0.0,0,0.0,0,0.0,0,0.0,0
2012-11-12T09:16:33.250,2245.6,3840,2245.4,1,0.0,0,0.0,0,0.0,0,0.0,0,2245.6,2,0.0,0,0.0,0,0.0,0,0.0,0
2012-11-12T09:16:34.000,2245.6,3842,2245.4,2,0.0,0,0.0,0,0.0,0,0.0,0,2245.8,28,0.0,0,0.0,0,0.0,0,0.0,0
2012-11-12T09:16:34.500,2245.6,3843,2245.4,2,0.0,0,0.0,0,0.0,0,0.0,0,2245.8,28,0.0,0,0.0,0,0.0,0,0.0,0
2012-11-12T09:16:35.250,2245.4,3844,2245.4,4,0.0,0,0.0,0,0.0,0,0.0,0,2245.8,28,0.0,0,0.0,0,0.0,0,0.0,0
2012-11-12T09:16:36.250,2245.4,3845,2245.4,3,0.0,0,0.0,0,0.0,0,0.0,0,2245.6,1,0.0,0,0.0,0,0.0,0,0.0,0
2012-11-12T09:16:37.250,2245.4,3848,2245.2,16,0.0,0,0.0,0,0.0,0,0.0,0,2245.4,4,0.0,0,0.0,0,0.0,0,0.0,0
2012-11-12T09:16:38.000,2245.2,3856,2245.2,11,0.0,0,0.0,0,0.0,0,0.0,0,2245.4,5,0.0,0,0.0,0,0.0,0,0.0,0
2012-11-12T09:16:38.500,2245,3871,2245,24,0.0,0,0.0,0,0.0,0,0.0,0,2245.4,7,0.0,0,0.0,0,0.0,0,0.0,0
2012-11-12T09:16:39.250,2245.4,3875,2245,26,0.0,0,0.0,0,0.0,0,0.0,0,2245.4,9,0.0,0,0.0,0,0.0,0,0.0,0
2012-11-12T09:16:40.250,2245,3878,2245,24,0.0,0,0.0,0,0.0,0,0.0,0,2245.2,8,0.0,0,0.0,0,0.0,0,0.0,0
2012-11-12T09:16:41.000,2245.2,3891,2245,13,0.0,0,0.0,0,0.0,0,0.0,0,2245.2,6,0.0,0,0.0,0,0.0,0,0.0,0
2012-11-12T09:16:41.500,2245,3901,2245,3,0.0,0,0.0,0,0.0,0,0.0,0,2245.2,10,0.0,0,0.0,0,0.0,0,0.0,0
2012-11-12T09:16:42.000,2244.8,3909,2244.8,29,0.0,0,0.0,0,0.0,0,0.0,0,2245,3,0.0,0,0.0,0,0.0,0,0.0,0
2012-11-12T09:16:42.500,2245,3913,2244.8,28,0.0,0,0.0,0,0.0,0,0.0,0,2245,7,0.0,0,0.0,0,0.0,0,0.0,0
2012-11-12T09:16:43.000,2244.8,3918,2244.8,27,0.0,0,0.0,0,0.0,0,0.0,0,2245,4,0.0,0,0.0,0,0.0,0,0.0,0
2012-11-12T09:16:43.500,2244.8,3926,2244.8,19,0.0,0,0.0,0,0.0,0,0.0,0,2245,4,0.0,0,0.0,0,0.0,0,0.0,0
2012-11-12T09:16:44.000,2245,3929,2244.8,19,0.0,0,0.0,0,0.0,0,0.0,0,2245,8,0.0,0,0.0,0,0.0,0,0.0,0
2012-11-12T09:16:44.500,2245,3932,2244.8,18,0.0,0,0.0,0,0.0,0,0.0,0,2245,8,0.0,0,0.0,0,0.0,0,0.0,0
2012-11-12T09:16:45.000,2244.8,3937,2244.8,13,0.0,0,0.0,0,0.0,0,0.0,0,2245,8,0.0,0,0.0,0,0.0,0,0.0,0
2012-11-12T09:16:45.500,2244.6,3966,2244.6,44,0.0,0,0.0,0,0.0,0,0.0,0,2244.8,1,0.0,0,0.0,0,0.0,0,0.0,0
2012-11-12T09:16:46.000,2244.6,3971,2244.6,44,0.0,0,0.0,0,0.0,0,0.0,0,2245,12,0.0,0,0.0,0,0.0,0,0.0,0
2012-11-12T09:16:46.500,2244.8,3976,2244.6,42,0.0,0,0.0,0,0.0,0,0.0,0,2244.8,2,0.0,0,0.0,0,0.0,0,0.0,0
2012-11-12T09:16:47.000,2244.6,3978,2244.6,40,0.0,0,0.0,0,0.0,0,0.0,0,2244.8,17,0.0,0,0.0,0,0.0,0,0.0,0
2012-11-12T09:16:47.500,2244.8,4003,2244.6,32,0.0,0,0.0,0,0.0,0,0.0,0,2244.8,10,0.0,0,0.0,0,0.0,0,0.0,0
2012-11-12T09:16:48.000,2244.6,4006,2244.6,30,0.0,0,0.0,0,0.0,0,0.0,0,2244.8,11,0.0,0,0.0,0,0.0,0,0.0,0
2012-11-12T09:16:48.500,2244.8,4011,2244.6,26,0.0,0,0.0,0,0.0,0,0.0,0,2244.8,11,0.0,0,0.0,0,0.0,0,0.0,0
2012-11-12T09:16:49.000,2244.6,4014,2244.6,31,0.0,0,0.0,0,0.0,0,0.0,0,2244.8,29,0.0,0,0.0,0,0.0,0,0.0,0
2012-11-12T09:16:49.500,2244.8,4016,2244.6,30,0.0,0,0.0,0,0.0,0,0.0,0,2244.8,32,0.0,0,0.0,0,0.0,0,0.0,0
2012-11-12T09:16:50.000,2244.6,4035,2244.6,19,0.0,0,0.0,0,0.0,0,0.0,0,2244.8,27,0.0,0,0.0,0,0.0,0,0.0,0
2012-11-12T09:16:50.500,2244.6,4039,2244.6,17,0.0,0,0.0,0,0.0,0,0.0,0,2244.8,25,0.0,0,0.0,0,0.0,0,0.0,0
2012-11-12T09:16:51.000,2244.6,4042,2244.6,15,0.0,0,0.0,0,0.0,0,0.0,0,2244.8,24,0.0,0,0.0,0,0.0,0,0.0,0
2012-11-12T09:16:51.500,2244.6,4053,2244.6,22,0.0,0,0.0,0,0.0,0,0.0,0,2244.8,24,0.0,0,0.0,0,0.0,0,0.0,0
2012-11-12T09:16:52.000,2244.6,4059,2244.6,18,0.0,0,0.0,0,0.0,0,0.0,0,2244.8,26,0.0,0,0.0,0,0.0,0,0.0,0
2012-11-12T09:16:52.500,2244.8,4060,2244.6,19,0.0,0,0.0,0,0.0,0,0.0,0,2244.8,23,0.0,0,0.0,0,0.0,0,0.0,0
2012-11-12T09:16:53.000,2244.6,4088,2244.4,62,0.0,0,0.0,0,0.0,0,0.0,0,2244.6,9,0.0,0,0.0,0,0.0,0,0.0,0
2012-11-12T09:16:53.500,2244.6,4097,2244.4,62,0.0,0,0.0,0,0.0,0,0.0,0,2244.6,3,0.0,0,0.0,0,0.0,0,0.0,0
2012-11-12T09:16:54.000,2244.6,4117,2244.4,61,0.0,0,0.0,0,0.0,0,0.0,0,2244.6,4,0.0,0,0.0,0,0.0,0,0.0,0
2012-11-12T09:16:54.500,2244.6,4133,2244.6,29,0.0,0,0.0,0,0.0,0,0.0,0,2244.8,6,0.0,0,0.0,0,0.0,0,0.0,0
2012-11-12T09:16:55.000,2244.6,4139,2244.6,25,0.0,0,0.0,0,0.0,0,0.0,0,2244.8,5,0.0,0,0.0,0,0.0,0,0.0,0
2012-11-12T09:16:55.500,2244.8,4145,2244.6,25,0.0,0,0.0,0,0.0,0,0.0,0,2244.8,21,0.0,0,0.0,0,0.0,0,0.0,0
2012-11-12T09:16:56.000,2244.6,4147,2244.6,33,0.0,0,0.0,0,0.0,0,0.0,0,2244.8,21,0.0,0,0.0,0,0.0,0,0.0,0
2012-11-12T09:16:56.500,2244.6,4150,2244.6,30,0.0,0,0.0,0,0.0,0,0.0,0,2244.8,24,0.0,0,0.0,0,0.0,0,0.0,0
2012-11-12T09:16:57.000,2244.6,4153,2244.6,27,0.0,0,0.0,0,0.0,0,0.0,0,2244.8,24,0.0,0,0.0,0,0.0,0,0.0,0
2012-11-12T09:16:57.500,2244.6,4158,2244.6,23,0.0,0,0.0,0,0.0,0,0.0,0,2244.8,29,0.0,0,0.0,0,0.0,0,0.0,0
2012-11-12T09:16:58.000,2244.8,4159,2244.6,24,0.0,0,0.0,0,0.0,0,0.0,0,2244.8,28,0.0,0,0.0,0,0.0,0,0.0,0
2012-11-12T09:16:58.500,2244.6,4160,2244.6,33,0.0,0,0.0,0,0.0,0,0.0,0,2244.8,29,0.0,0,0.0,0,0.0,0,0.0,0
2012-11-12T09:16:59.000,2244.6,4166,2244.6,30,0.0,0,0.0,0,0.0,0,0.0,0,2244.8,27,0.0,0,0.0,0,0.0,0,0.0,0
2012-11-12T09:16:59.500,2244.8,4170,2244.6,29,0.0,0,0.0,0,0.0,0,0.0,0,2244.8,25,0.0,0,0.0,0,0.0,0,0.0,0
2012-11-12T09:17:00.000,2244.6,4174,2244.6,26,0.0,0,0.0,0,0.0,0,0.0,0,2244.8,24,0.0,0,0.0,0,0.0,0,0.0,0
2012-11-12T09:17:00.500,2244.8,4175,2244.6,26,0.0,0,0.0,0,0.0,0,0.0,0,2244.8,24,0.0,0,0.0,0,0.0,0,0.0,0
2012-11-12T09:17:01.000,2244.6,4180,2244.6,23,0.0,0,0.0,0,0.0,0,0.0,0,2244.8,24,0.0,0,0.0,0,0.0,0,0.0,0
2012-11-12T09:17:01.500,2244.8,4182,2244.6,32,0.0,0,0.0,0,0.0,0,0.0,0,2244.8,23,0.0,0,0.0,0,0.0,0,0.0,0
2012-11-12T09:17:02.000,2244.6,4185,2244.6,38,0.0,0,0.0,0,0.0,0,0.0,0,2244.8,24,0.0,0,0.0,0,0.0,0,0.0,0
2012-11-12T09:17:02.500,2244.6,4187,2244.6,37,0.0,0,0.0,0,0.0,0,0.0,0,2244.8,23,0.0,0,0.0,0,0.0,0,0.0,0
2012-11-12T09:17:03.000,2244.8,4203,2244.6,37,0.0,0,0.0,0,0.0,0,0.0,0,2244.8,11,0.0,0,0.0,0,0.0,0,0.0,0
2012-11-12T09:17:03.500,2244.8,4207,2244.6,46,0.0,0,0.0,0,0.0,0,0.0,0,2244.8,12,0.0,0,0.0,0,0.0,0,0.0,0
2012-11-12T09:17:04.000,2244.6,4241,2244.6,25,0.0,0,0.0,0,0.0,0,0.0,0,2244.8,3,0.0,0,0.0,0,0.0,0,0.0,0
2012-11-12T09:17:04.500,2244.8,4246,2244.8,27,0.0,0,0.0,0,0.0,0,0.0,0,2245,21,0.0,0,0.0,0,0.0,0,0.0,0
2012-11-12T09:17:05.250,2245,4253,2244.8,29,0.0,0,0.0,0,0.0,0,0.0,0,2245,21,0.0,0,0.0,0,0.0,0,0.0,0
2012-11-12T09:17:06.000,2245,4265,2244.8,39,0.0,0,0.0,0,0.0,0,0.0,0,2245,9,0.0,0,0.0,0,0.0,0,0.0,0
2012-11-12T09:17:06.500,2245,4272,2244.8,27,0.0,0,0.0,0,0.0,0,0.0,0,2245,6,0.0,0,0.0,0,0.0,0,0.0,0
2012-11-12T09:17:07.000,2244.8,4288,2244.8,14,0.0,0,0.0,0,0.0,0,0.0,0,2245,3,0.0,0,0.0,0,0.0,0,0.0,0
2012-11-12T09:17:07.500,2244.8,4294,2244.8,13,0.0,0,0.0,0,0.0,0,0.0,0,2245,5,0.0,0,0.0,0,0.0,0,0.0,0
2012-11-12T09:17:08.000,2245,4298,2244.8,12,0.0,0,0.0,0,0.0,0,0.0,0,2245,2,0.0,0,0.0,0,0.0,0,0.0,0
2012-11-12T09:17:08.500,2244.8,4302,2244.8,11,0.0,0,0.0,0,0.0,0,0.0,0,2245,7,0.0,0,0.0,0,0.0,0,0.0,0
2012-11-12T09:17:09.000,2244.8,4304,2244.8,10,0.0,0,0.0,0,0.0,0,0.0,0,2245,7,0.0,0,0.0,0,0.0,0,0.0,0
2012-11-12T09:17:09.500,2245,4305,2244.8,10,0.0,0,0.0,0,0.0,0,0.0,0,2245,9,0.0,0,0.0,0,0.0,0,0.0,0
2012-11-12T09:17:10.000,2244.8,4311,2244.8,4,0.0,0,0.0,0,0.0,0,0.0,0,2245,9,0.0,0,0.0,0,0.0,0,0.0,0
2012-11-12T09:17:10.500,2245,4319,2244.8,4,0.0,0,0.0,0,0.0,0,0.0,0,2245,1,0.0,0,0.0,0,0.0,0,0.0,0
2012-11-12T09:17:11.000,2244.8,4323,2244.6,33,0.0,0,0.0,0,0.0,0,0.0,0,2244.8,1,0.0,0,0.0,0,0.0,0,0.0,0
2012-11-12T09:17:11.500,2244.8,4325,2244.6,34,0.0,0,0.0,0,0.0,0,0.0,0,2244.8,1,0.0,0,0.0,0,0.0,0,0.0,0
2012-11-12T09:17:12.000,2244.8,4326,2244.8,4,0.0,0,0.0,0,0.0,0,0.0,0,2245,1,0.0,0,0.0,0,0.0,0,0.0,0
2012-11-12T09:17:12.500,2245.2,4331,2244.8,1,0.0,0,0.0,0,0.0,0,0.0,0,2245,2,0.0,0,0.0,0,0.0,0,0.0,0
2012-11-12T09:17:13.000,2245,4334,2244.8,5,0.0,0,0.0,0,0.0,0,0.0,0,2245.2,7,0.0,0,0.0,0,0.0,0,0.0,0
2012-11-12T09:17:13.500,2245,4335,2244.8,7,0.0,0,0.0,0,0.0,0,0.0,0,2245,1,0.0,0,0.0,0,0.0,0,0.0,0
2012-11-12T09:17:14.000,2244.8,4336,2244.8,8,0.0,0,0.0,0,0.0,0,0.0,0,2245,2,0.0,0,0.0,0,0.0,0,0.0,0
2012-11-12T09:17:14.500,2244.8,4340,2244.8,8,0.0,0,0.0,0,0.0,0,0.0,0,2245.2,5,0.0,0,0.0,0,0.0,0,0.0,0
2012-11-12T09:17:15.000,2244.8,4347,2244.8,1,0.0,0,0.0,0,0.0,0,0.0,0,2245.2,6,0.0,0,0.0,0,0.0,0,0.0,0
2012-11-12T09:17:15.500,2244.8,4348,2244.8,2,0.0,0,0.0,0,0.0,0,0.0,0,2245.2,7,0.0,0,0.0,0,0.0,0,0.0,0
2012-11-12T09:17:16.000,2245,4349,2244.8,3,0.0,0,0.0,0,0.0,0,0.0,0,2245,8,0.0,0,0.0,0,0.0,0,0.0,0
2012-11-12T09:17:16.500,2244.8,4351,2244.8,2,0.0,0,0.0,0,0.0,0,0.0,0,2245,8,0.0,0,0.0,0,0.0,0,0.0,0
2012-11-12T09:17:17.000,2245,4353,2244.8,2,0.0,0,0.0,0,0.0,0,0.0,0,2245,8,0.0,0,0.0,0,0.0,0,0.0,0
2012-11-12T09:17:17.500,2244.8,4354,2244.8,4,0.0,0,0.0,0,0.0,0,0.0,0,2245,8,0.0,0,0.0,0,0.0,0,0.0,0
2012-11-12T09:17:18.250,2245,4356,2244.8,7,0.0,0,0.0,0,0.0,0,0.0,0,2245,10,0.0,0,0.0,0,0.0,0,0.0,0
2012-11-12T09:17:19.000,2245,4357,2244.8,7,0.0,0,0.0,0,0.0,0,0.0,0,2245,9,0.0,0,0.0,0,0.0,0,0.0,0
2012-11-12T09:17:19.500,2244.8,4361,2244.8,3,0.0,0,0.0,0,0.0,0,0.0,0,2245,9,0.0,0,0.0,0,0.0,0,0.0,0
2012-11-12T09:17:20.250,2245,4366,2244.6,25,0.0,0,0.0,0,0.0,0,0.0,0,2245,11,0.0,0,0.0,0,0.0,0,0.0,0
2012-11-12T09:17:21.000,2244.8,4370,2244.8,8,0.0,0,0.0,0,0.0,0,0.0,0,2245,8,0.0,0,0.0,0,0.0,0,0.0,0
2012-11-12T09:17:21.500,2244.8,4371,2244.8,8,0.0,0,0.0,0,0.0,0,0.0,0,2245,14,0.0,0,0.0,0,0.0,0,0.0,0
2012-11-12T09:17:22.000,2245,4374,2244.8,8,0.0,0,0.0,0,0.0,0,0.0,0,2245,11,0.0,0,0.0,0,0.0,0,0.0,0
2012-11-12T09:17:22.500,2244.8,4383,2244.8,1,0.0,0,0.0,0,0.0,0,0.0,0,2245,10,0.0,0,0.0,0,0.0,0,0.0,0
2012-11-12T09:17:23.000,2245,4387,2244.6,27,0.0,0,0.0,0,0.0,0,0.0,0,2245,12,0.0,0,0.0,0,0.0,0,0.0,0
2012-11-12T09:17:23.500,2245,4388,2244.8,1,0.0,0,0.0,0,0.0,0,0.0,0,2245,11,0.0,0,0.0,0,0.0,0,0.0,0
2012-11-12T09:17:24.000,2245,4389,2244.8,1,0.0,0,0.0,0,0.0,0,0.0,0,2245,10,0.0,0,0.0,0,0.0,0,0.0,0
2012-11-12T09:17:24.500,2244.8,4391,2244.6,27,0.0,0,0.0,0,0.0,0,0.0,0,2245,10,0.0,0,0.0,0,0.0,0,0.0,0
2012-11-12T09:17:25.000,2244.6,4392,2244.6,26,0.0,0,0.0,0,0.0,0,0.0,0,2245,10,0.0,0,0.0,0,0.0,0,0.0,0
2012-11-12T09:17:25.500,2245,4393,2244.6,28,0.0,0,0.0,0,0.0,0,0.0,0,2245,10,0.0,0,0.0,0,0.0,0,0.0,0
2012-11-12T09:17:26.250,2244.6,4394,2244.6,28,0.0,0,0.0,0,0.0,0,0.0,0,2244.8,1,0.0,0,0.0,0,0.0,0,0.0,0
2012-11-12T09:17:27.000,2244.6,4396,2244.6,26,0.0,0,0.0,0,0.0,0,0.0,0,2244.8,5,0.0,0,0.0,0,0.0,0,0.0,0
2012-11-12T09:17:27.500,2244.8,4397,2244.6,27,0.0,0,0.0,0,0.0,0,0.0,0,2244.8,4,0.0,0,0.0,0,0.0,0,0.0,0
2012-11-12T09:17:28.000,2244.6,4402,2244.6,26,0.0,0,0.0,0,0.0,0,0.0,0,2244.8,22,0.0,0,0.0,0,0.0,0,0.0,0
2012-11-12T09:17:28.500,2244.6,4430,2244.4,32,0.0,0,0.0,0,0.0,0,0.0,0,2244.6,8,0.0,0,0.0,0,0.0,0,0.0,0
2012-11-12T09:17:29.000,2244.2,4478,2244.2,6,0.0,0,0.0,0,0.0,0,0.0,0,2244.4,1,0.0,0,0.0,0,0.0,0,0.0,0
2012-11-12T09:17:29.500,2244.4,4479,2244.2,6,0.0,0,0.0,0,0.0,0,0.0,0,2244.4,5,0.0,0,0.0,0,0.0,0,0.0,0
2012-11-12T09:17:30.000,2244.2,4485,2244,25,0.0,0,0.0,0,0.0,0,0.0,0,2244.2,2,0.0,0,0.0,0,0.0,0,0.0,0
2012-11-12T09:17:30.500,2244,4518,2243.8,19,0.0,0,0.0,0,0.0,0,0.0,0,2244,3,0.0,0,0.0,0,0.0,0,0.0,0
2012-11-12T09:17:31.000,2244,4530,2244,3,0.0,0,0.0,0,0.0,0,0.0,0,2244.4,7,0.0,0,0.0,0,0.0,0,0.0,0
2012-11-12T09:17:31.500,2243.8,4548,2243.8,15,0.0,0,0.0,0,0.0,0,0.0,0,2244,4,0.0,0,0.0,0,0.0,0,0.0,0
2012-11-12T09:17:32.000,2243.8,4568,2243.8,13,0.0,0,0.0,0,0.0,0,0.0,0,2244,1,0.0,0,0.0,0,0.0,0,0.0,0
2012-11-12T09:17:32.500,2243.8,4580,2243.8,9,0.0,0,0.0,0,0.0,0,0.0,0,2244.4,4,0.0,0,0.0,0,0.0,0,0.0,0
2012-11-12T09:17:33.000,2243.8,4588,2243.8,13,0.0,0,0.0,0,0.0,0,0.0,0,2244.4,9,0.0,0,0.0,0,0.0,0,0.0,0
2012-11-12T09:17:33.500,2243.8,4593,2244.2,7,0.0,0,0.0,0,0.0,0,0.0,0,2244.4,9,0.0,0,0.0,0,0.0,0,0.0,0
2012-11-12T09:17:34.000,2244,4609,2244,3,0.0,0,0.0,0,0.0,0,0.0,0,2244.4,6,0.0,0,0.0,0,0.0,0,0.0,0
2012-11-12T09:17:34.500,2244,4614,2244,1,0.0,0,0.0,0,0.0,0,0.0,0,2244.4,6,0.0,0,0.0,0,0.0,0,0.0,0
2012-11-12T09:17:35.000,2244,4619,2243.8,16,0.0,0,0.0,0,0.0,0,0.0,0,2244,7,0.0,0,0.0,0,0.0,0,0.0,0
2012-11-12T09:17:35.500,2244,4621,2243.8,17,0.0,0,0.0,0,0.0,0,0.0,0,2244,8,0.0,0,0.0,0,0.0,0,0.0,0
2012-11-12T09:17:36.000,2243.8,4625,2243.8,9,0.0,0,0.0,0,0.0,0,0.0,0,2244,5,0.0,0,0.0,0,0.0,0,0.0,0
2012-11-12T09:17:36.500,2243.8,4637,2243.6,24,0.0,0,0.0,0,0.0,0,0.0,0,2244,3,0.0,0,0.0,0,0.0,0,0.0,0
2012-11-12T09:17:37.000,2244,4642,2243.6,23,0.0,0,0.0,0,0.0,0,0.0,0,2244,2,0.0,0,0.0,0,0.0,0,0.0,0
2012-11-12T09:17:37.500,2243.8,4648,2243.6,20,0.0,0,0.0,0,0.0,0,0.0,0,2243.8,7,0.0,0,0.0,0,0.0,0,0.0,0
2012-11-12T09:17:38.000,2243.6,4655,2243.6,18,0.0,0,0.0,0,0.0,0,0.0,0,2243.8,3,0.0,0,0.0,0,0.0,0,0.0,0
2012-11-12T09:17:38.500,2243.8,4665,2243.6,13,0.0,0,0.0,0,0.0,0,0.0,0,2243.8,5,0.0,0,0.0,0,0.0,0,0.0,0
2012-11-12T09:17:39.000,2243.4,4681,2243.4,17,0.0,0,0.0,0,0.0,0,0.0,0,2243.8,6,0.0,0,0.0,0,0.0,0,0.0,0
2012-11-12T09:17:39.500,2243.4,4690,2243.4,10,0.0,0,0.0,0,0.0,0,0.0,0,2243.6,7,0.0,0,0.0,0,0.0,0,0.0,0
2012-11-12T09:17:40.000,2243.4,4713,2243.4,2,0.0,0,0.0,0,0.0,0,0.0,0,2243.6,2,0.0,0,0.0,0,0.0,0,0.0,0
2012-11-12T09:17:40.500,2243.6,4721,2243.2,22,0.0,0,0.0,0,0.0,0,0.0,0,2243.4,9,0.0,0,0.0,0,0.0,0,0.0,0
2012-11-12T09:17:41.000,2243.4,4728,2243.2,24,0.0,0,0.0,0,0.0,0,0.0,0,2243.4,13,0.0,0,0.0,0,0.0,0,0.0,0
2012-11-12T09:17:41.500,2243.2,4751,2243.2,1,0.0,0,0.0,0,0.0,0,0.0,0,2243.4,15,0.0,0,0.0,0,0.0,0,0.0,0
2012-11-12T09:17:42.000,2243.2,4754,2243,225,0.0,0,0.0,0,0.0,0,0.0,0,2243.2,7,0.0,0,0.0,0,0.0,0,0.0,0
2012-11-12T09:17:42.500,2243,4789,2243,209,0.0,0,0.0,0,0.0,0,0.0,0,2243.2,15,0.0,0,0.0,0,0.0,0,0.0,0
2012-11-12T09:17:43.000,2243,4824,2243.2,8,0.0,0,0.0,0,0.0,0,0.0,0,2243.4,18,0.0,0,0.0,0,0.0,0,0.0,0
2012-11-12T09:17:43.500,2243.2,4846,2243,210,0.0,0,0.0,0,0.0,0,0.0,0,2243.4,29,0.0,0,0.0,0,0.0,0,0.0,0
2012-11-12T09:17:44.000,2243,4883,2243.2,3,0.0,0,0.0,0,0.0,0,0.0,0,2243.4,27,0.0,0,0.0,0,0.0,0,0.0,0
2012-11-12T09:17:44.500,2243,4898,2243,181,0.0,0,0.0,0,0.0,0,0.0,0,2243.2,1,0.0,0,0.0,0,0.0,0,0.0,0
2012-11-12T09:17:45.000,2243.2,4907,2243,176,0.0,0,0.0,0,0.0,0,0.0,0,2243.4,34,0.0,0,0.0,0,0.0,0,0.0,0
2012-11-12T09:17:45.500,2243.4,4919,2243.2,8,0.0,0,0.0,0,0.0,0,0.0,0,2243.4,36,0.0,0,0.0,0,0.0,0,0.0,0
2012-11-12T09:17:46.000,2243,4930,2243.2,1,0.0,0,0.0,0,0.0,0,0.0,0,2243.4,40,0.0,0,0.0,0,0.0,0,0.0,0
2012-11-12T09:17:46.500,2243.2,4940,2243.2,1,0.0,0,0.0,0,0.0,0,0.0,0,2243.4,32,0.0,0,0.0,0,0.0,0,0.0,0
2012-11-12T09:17:47.000,2243.4,4948,2243.2,1,0.0,0,0.0,0,0.0,0,0.0,0,2243.4,31,0.0,0,0.0,0,0.0,0,0.0,0
2012-11-12T09:17:47.500,2243.2,4952,2243,177,0.0,0,0.0,0,0.0,0,0.0,0,2243.2,3,0.0,0,0.0,0,0.0,0,0.0,0
2012-11-12T09:17:48.000,2243,4968,2243,177,0.0,0,0.0,0,0.0,0,0.0,0,2243.4,25,0.0,0,0.0,0,0.0,0,0.0,0
2012-11-12T09:17:48.500,2243.4,4978,2243,175,0.0,0,0.0,0,0.0,0,0.0,0,2243.4,23,0.0,0,0.0,0,0.0,0,0.0,0
2012-11-12T09:17:49.000,2243,5062,2243,99,0.0,0,0.0,0,0.0,0,0.0,0,2243.2,3,0.0,0,0.0,0,0.0,0,0.0,0
2012-11-12T09:17:49.500,2243.2,5069,2243,98,0.0,0,0.0,0,0.0,0,0.0,0,2243.2,1,0.0,0,0.0,0,0.0,0,0.0,0
2012-11-12T09:17:50.000,2243,5086,2243,83,0.0,0,0.0,0,0.0,0,0.0,0,2243.2,10,0.0,0,0.0,0,0.0,0,0.0,0
2012-11-12T09:17:50.500,2243,5133,2243,75,0.0,0,0.0,0,0.0,0,0.0,0,2243.4,16,0.0,0,0.0,0,0.0,0,0.0,0
2012-11-12T09:17:51.000,2243,5151,2243,66,0.0,0,0.0,0,0.0,0,0.0,0,2243.2,3,0.0,0,0.0,0,0.0,0,0.0,0
2012-11-12T09:17:51.500,2243.2,5155,2243,64,0.0,0,0.0,0,0.0,0,0.0,0,2243.2,11,0.0,0,0.0,0,0.0,0,0.0,0
2012-11-12T09:17:52.000,2243,5160,2243,62,0.0,0,0.0,0,0.0,0,0.0,0,2243.2,9,0.0,0,0.0,0,0.0,0,0.0,0
2012-11-12T09:17:52.500,2243.2,5192,2243,38,0.0,0,0.0,0,0.0,0,0.0,0,2243.2,3,0.0,0,0.0,0,0.0,0,0.0,0
2012-11-12T09:17:53.000,2243,5199,2243,39,0.0,0,0.0,0,0.0,0,0.0,0,2243.2,1,0.0,0,0.0,0,0.0,0,0.0,0
2012-11-12T09:17:53.500,2243.2,5202,2243,37,0.0,0,0.0,0,0.0,0,0.0,0,2243.4,10,0.0,0,0.0,0,0.0,0,0.0,0
2012-11-12T09:17:54.000,2243.2,5205,2243,44,0.0,0,0.0,0,0.0,0,0.0,0,2243.4,10,0.0,0,0.0,0,0.0,0,0.0,0
2012-11-12T09:17:54.500,2243.4,5211,2243.2,33,0.0,0,0.0,0,0.0,0,0.0,0,2243.4,8,0.0,0,0.0,0,0.0,0,0.0,0
2012-11-12T09:17:55.000,2243.4,5215,2243.2,47,0.0,0,0.0,0,0.0,0,0.0,0,2243.4,7,0.0,0,0.0,0,0.0,0,0.0,0
2012-11-12T09:17:55.500,2243.2,5225,2243.4,2,0.0,0,0.0,0,0.0,0,0.0,0,2243.6,24,0.0,0,0.0,0,0.0,0,0.0,0
2012-11-12T09:17:56.000,2243.4,5230,2243.4,18,0.0,0,0.0,0,0.0,0,0.0,0,2243.6,35,0.0,0,0.0,0,0.0,0,0.0,0
2012-11-12T09:17:56.500,2243.4,5231,2243.4,19,0.0,0,0.0,0,0.0,0,0.0,0,2243.6,35,0.0,0,0.0,0,0.0,0,0.0,0
2012-11-12T09:17:57.000,2243.4,5236,2243.4,25,0.0,0,0.0,0,0.0,0,0.0,0,2243.6,40,0.0,0,0.0,0,0.0,0,0.0,0
2012-11-12T09:17:57.500,2243.4,5237,2243.4,19,0.0,0,0.0,0,0.0,0,0.0,0,2243.6,44,0.0,0,0.0,0,0.0,0,0.0,0
2012-11-12T09:17:58.000,2243.4,5242,2243.4,6,0.0,0,0.0,0,0.0,0,0.0,0,2243.6,48,0.0,0,0.0,0,0.0,0,0.0,0
2012-11-12T09:17:58.500,2243.6,5246,2243.4,7,0.0,0,0.0,0,0.0,0,0.0,0,2243.6,44,0.0,0,0.0,0,0.0,0,0.0,0
2012-11-12T09:17:59.000,2243.4,5248,2243.4,25,0.0,0,0.0,0,0.0,0,0.0,0,2243.6,45,0.0,0,0.0,0,0.0,0,0.0,0
2012-11-12T09:17:59.500,2243.4,5250,2243.4,29,0.0,0,0.0,0,0.0,0,0.0,0,2243.6,45,0.0,0,0.0,0,0.0,0,0.0,0
2012-11-12T09:18:00.000,2243.4,5257,2243.4,22,0.0,0,0.0,0,0.0,0,0.0,0,2243.6,45,0.0,0,0.0,0,0.0,0,0.0,0
2012-11-12T09:18:00.500,2243.4,5271,2243.4,13,0.0,0,0.0,0,0.0,0,0.0,0,2243.6,42,0.0,0,0.0,0,0.0,0,0.0,0
2012-11-12T09:18:01.000,2243.4,5275,2243.4,11,0.0,0,0.0,0,0.0,0,0.0,0,2243.6,41,0.0,0,0.0,0,0.0,0,0.0,0
2012-11-12T09:18:01.500,2243.2,5291,2243.4,1,0.0,0,0.0,0,0.0,0,0.0,0,2243.6,39,0.0,0,0.0,0,0.0,0,0.0,0
2012-11-12T09:18:02.000,2243.4,5297,2243.2,26,0.0,0,0.0,0,0.0,0,0.0,0,2243.6,38,0.0,0,0.0,0,0.0,0,0.0,0
2012-11-12T09:18:02.500,2243.2,5305,2243.2,18,0.0,0,0.0,0,0.0,0,0.0,0,2243.4,3,0.0,0,0.0,0,0.0,0,0.0,0
2012-11-12T09:18:03.000,2243.2,5307,2243.2,16,0.0,0,0.0,0,0.0,0,0.0,0,2243.4,22,0.0,0,0.0,0,0.0,0,0.0,0
2012-11-12T09:18:03.500,2243.2,5328,2243.2,1,0.0,0,0.0,0,0.0,0,0.0,0,2243.4,11,0.0,0,0.0,0,0.0,0,0.0,0
2012-11-12T09:18:04.000,2243,5333,2243,45,0.0,0,0.0,0,0.0,0,0.0,0,2243.2,1,0.0,0,0.0,0,0.0,0,0.0,0
2012-11-12T09:18:04.500,2243,5341,2243,40,0.0,0,0.0,0,0.0,0,0.0,0,2243.4,16,0.0,0,0.0,0,0.0,0,0.0,0
2012-11-12T09:18:05.000,2243,5358,2243,37,0.0,0,0.0,0,0.0,0,0.0,0,2243.4,9,0.0,0,0.0,0,0.0,0,0.0,0
2012-11-12T09:18:05.500,2243,5371,2243,24,0.0,0,0.0,0,0.0,0,0.0,0,2243.4,8,0.0,0,0.0,0,0.0,0,0.0,0
2012-11-12T09:18:06.000,2243.4,5388,2243,10,0.0,0,0.0,0,0.0,0,0.0,0,2243.4,8,0.0,0,0.0,0,0.0,0,0.0,0
2012-11-12T09:18:06.500,2243,5392,2243,6,0.0,0,0.0,0,0.0,0,0.0,0,2243.4,33,0.0,0,0.0,0,0.0,0,0.0,0
2012-11-12T09:18:07.000,2243.2,5402,2243,25,0.0,0,0.0,0,0.0,0,0.0,0,2243.4,30,0.0,0,0.0,0,0.0,0,0.0,0
2012-11-12T09:18:07.500,2243,5414,2243,13,0.0,0,0.0,0,0.0,0,0.0,0,2243.2,4,0.0,0,0.0,0,0.0,0,0.0,0
2012-11-12T09:18:08.000,2243.4,5437,2243,11,0.0,0,0.0,0,0.0,0,0.0,0,2243.4,15,0.0,0,0.0,0,0.0,0,0.0,0
2012-11-12T09:18:08.500,2243,5443,2243,11,0.0,0,0.0,0,0.0,0,0.0,0,2243.2,1,0.0,0,0.0,0,0.0,0,0.0,0
2012-11-12T09:18:09.000,2243.4,5457,2243.2,1,0.0,0,0.0,0,0.0,0,0.0,0,2243.4,12,0.0,0,0.0,0,0.0,0,0.0,0
2012-11-12T09:18:09.500,2243.4,5458,2243.2,1,0.0,0,0.0,0,0.0,0,0.0,0,2243.4,11,0.0,0,0.0,0,0.0,0,0.0,0
2012-11-12T09:18:10.000,2243.2,5460,2243.2,10,0.0,0,0.0,0,0.0,0,0.0,0,2243.4,11,0.0,0,0.0,0,0.0,0,0.0,0
2012-11-12T09:18:10.500,2243.2,5461,2243.2,19,0.0,0,0.0,0,0.0,0,0.0,0,2243.4,13,0.0,0,0.0,0,0.0,0,0.0,0
2012-11-12T09:18:11.000,2243.2,5465,2243.2,41,0.0,0,0.0,0,0.0,0,0.0,0,2243.4,14,0.0,0,0.0,0,0.0,0,0.0,0
2012-11-12T09:18:11.500,2243.4,5475,2243.2,41,0.0,0,0.0,0,0.0,0,0.0,0,2243.4,7,0.0,0,0.0,0,0.0,0,0.0,0
2012-11-12T09:18:12.000,2243.4,5500,2243.2,18,0.0,0,0.0,0,0.0,0,0.0,0,2243.4,1,0.0,0,0.0,0,0.0,0,0.0,0
2012-11-12T09:18:12.500,2243.2,5507,2243.4,1,0.0,0,0.0,0,0.0,0,0.0,0,2243.6,28,0.0,0,0.0,0,0.0,0,0.0,0
2012-11-12T09:18:13.000,2243.4,5510,2243.2,18,0.0,0,0.0,0,0.0,0,0.0,0,2243.6,28,0.0,0,0.0,0,0.0,0,0.0,0
2012-11-12T09:18:13.500,2243.4,5513,2243.2,17,0.0,0,0.0,0,0.0,0,0.0,0,2243.4,12,0.0,0,0.0,0,0.0,0,0.0,0
2012-11-12T09:18:14.250,2243.4,5517,2243.2,16,0.0,0,0.0,0,0.0,0,0.0,0,2243.4,10,0.0,0,0.0,0,0.0,0,0.0,0
2012-11-12T09:18:15.000,2243.2,5534,2243.2,12,0.0,0,0.0,0,0.0,0,0.0,0,2243.4,3,0.0,0,0.0,0,0.0,0,0.0,0
2012-11-12T09:18:15.500,2243.4,5538,2243.2,11,0.0,0,0.0,0,0.0,0,0.0,0,2243.4,2,0.0,0,0.0,0,0.0,0,0.0,0
2012-11-12T09:18:16.000,2243.4,5543,2243.4,2,0.0,0,0.0,0,0.0,0,0.0,0,2243.6,33,0.0,0,0.0,0,0.0,0,0.0,0
2012-11-12T09:18:16.500,2243.6,5584,2243.6,16,0.0,0,0.0,0,0.0,0,0.0,0,2243.8,26,0.0,0,0.0,0,0.0,0,0.0,0
2012-11-12T09:18:17.000,2243.6,5596,2243.6,5,0.0,0,0.0,0,0.0,0,0.0,0,2243.8,25,0.0,0,0.0,0,0.0,0,0.0,0
2012-11-12T09:18:17.500,2243.6,5604,2243.4,5,0.0,0,0.0,0,0.0,0,0.0,0,2243.6,1,0.0,0,0.0,0,0.0,0,0.0,0
2012-11-12T09:18:18.000,2244,5630,2243.8,75,0.0,0,0.0,0,0.0,0,0.0,0,2244,14,0.0,0,0.0,0,0.0,0,0.0,0
2012-11-12T09:18:18.500,2244,5646,2244,18,0.0,0,0.0,0,0.0,0,0.0,0,2244.2,16,0.0,0,0.0,0,0.0,0,0.0,0
2012-11-12T09:18:19.000,2244.2,5658,2244,3,0.0,0,0.0,0,0.0,0,0.0,0,2244.2,8,0.0,0,0.0,0,0.0,0,0.0,0
2012-11-12T09:18:19.500,2244.2,5668,2244.2,1,0.0,0,0.0,0,0.0,0,0.0,0,2244.4,4,0.0,0,0.0,0,0.0,0,0.0,0
2012-11-12T09:18:20.000,2244.4,5680,2243.8,73,0.0,0,0.0,0,0.0,0,0.0,0,2244.4,7,0.0,0,0.0,0,0.0,0,0.0,0
2012-11-12T09:18:20.500,2243.8,5696,2244,3,0.0,0,0.0,0,0.0,0,0.0,0,2244.2,3,0.0,0,0.0,0,0.0,0,0.0,0
2012-11-12T09:18:21.000,2244.2,5702,2244,4,0.0,0,0.0,0,0.0,0,0.0,0,2244.4,33,0.0,0,0.0,0,0.0,0,0.0,0
2012-11-12T09:18:21.500,2244,5712,2243.8,67,0.0,0,0.0,0,0.0,0,0.0,0,2244.2,8,0.0,0,0.0,0,0.0,0,0.0,0
2012-11-12T09:18:22.250,2243.8,5717,2243.8,64,0.0,0,0.0,0,0.0,0,0.0,0,2244.2,8,0.0,0,0.0,0,0.0,0,0.0,0
2012-11-12T09:18:23.250,2244.2,5719,2243.8,64,0.0,0,0.0,0,0.0,0,0.0,0,2244.2,15,0.0,0,0.0,0,0.0,0,0.0,0
2012-11-12T09:18:24.000,2244.2,5722,2243.8,64,0.0,0,0.0,0,0.0,0,0.0,0,2244,3,0.0,0,0.0,0,0.0,0,0.0,0
2012-11-12T09:18:24.500,2244,5728,2243.8,61,0.0,0,0.0,0,0.0,0,0.0,0,2244,1,0.0,0,0.0,0,0.0,0,0.0,0
2012-11-12T09:18:25.250,2244,5732,2244,1,0.0,0,0.0,0,0.0,0,0.0,0,2244.2,13,0.0,0,0.0,0,0.0,0,0.0,0
2012-11-12T09:18:26.250,2244.2,5738,2244,5,0.0,0,0.0,0,0.0,0,0.0,0,2244.2,15,0.0,0,0.0,0,0.0,0,0.0,0
2012-11-12T09:18:27.000,2244,5761,2244,5,0.0,0,0.0,0,0.0,0,0.0,0,2244.2,2,0.0,0,0.0,0,0.0,0,0.0,0
2012-11-12T09:18:27.500,2244.2,5763,2244,24,0.0,0,0.0,0,0.0,0,0.0,0,2244.2,1,0.0,0,0.0,0,0.0,0,0.0,0
2012-11-12T09:18:28.000,2244.4,5767,2244.2,17,0.0,0,0.0,0,0.0,0,0.0,0,2244.4,15,0.0,0,0.0,0,0.0,0,0.0,0
2012-11-12T09:18:28.500,2244.2,5771,2244.2,13,0.0,0,0.0,0,0.0,0,0.0,0,2244.4,12,0.0,0,0.0,0,0.0,0,0.0,0
2012-11-12T09:18:29.000,2244.4,5774,2244.2,11,0.0,0,0.0,0,0.0,0,0.0,0,2244.4,11,0.0,0,0.0,0,0.0,0,0.0,0
2012-11-12T09:18:29.500,2244.4,5785,2244.4,3,0.0,0,0.0,0,0.0,0,0.0,0,2244.6,15,0.0,0,0.0,0,0.0,0,0.0,0
2012-11-12T09:18:30.000,2244.4,5790,2244.2,22,0.0,0,0.0,0,0.0,0,0.0,0,2244.4,1,0.0,0,0.0,0,0.0,0,0.0,0
2012-11-12T09:18:30.500,2244.6,5808,2244.6,8,0.0,0,0.0,0,0.0,0,0.0,0,2244.8,6,0.0,0,0.0,0,0.0,0,0.0,0
2012-11-12T09:18:31.000,2244.6,5813,2244.6,3,0.0,0,0.0,0,0.0,0,0.0,0,2244.8,6,0.0,0,0.0,0,0.0,0,0.0,0
2012-11-12T09:18:31.500,2244.6,5816,2244.6,2,0.0,0,0.0,0,0.0,0,0.0,0,2244.8,10,0.0,0,0.0,0,0.0,0,0.0,0
2012-11-12T09:18:32.000,2244.8,5821,2244.6,4,0.0,0,0.0,0,0.0,0,0.0,0,2244.8,26,0.0,0,0.0,0,0.0,0,0.0,0
2012-11-12T09:18:32.500,2244.8,5835,2244.4,2,0.0,0,0.0,0,0.0,0,0.0,0,2244.6,1,0.0,0,0.0,0,0.0,0,0.0,0
2012-11-12T09:18:33.000,2244.6,5839,2244.4,1,0.0,0,0.0,0,0.0,0,0.0,0,2244.6,2,0.0,0,0.0,0,0.0,0,0.0,0
2012-11-12T09:18:33.500,2244.6,5841,2244.4,4,0.0,0,0.0,0,0.0,0,0.0,0,2244.6,1,0.0,0,0.0,0,0.0,0,0.0,0
2012-11-12T09:18:34.000,2244.4,5849,2244.2,11,0.0,0,0.0,0,0.0,0,0.0,0,2244.4,1,0.0,0,0.0,0,0.0,0,0.0,0
2012-11-12T09:18:34.500,2244.4,5852,2244.6,8,0.0,0,0.0,0,0.0,0,0.0,0,2244.8,21,0.0,0,0.0,0,0.0,0,0.0,0
2012-11-12T09:18:35.000,2244.6,5860,2244.6,4,0.0,0,0.0,0,0.0,0,0.0,0,2244.8,24,0.0,0,0.0,0,0.0,0,0.0,0
2012-11-12T09:18:35.500,2244.6,5863,2244.6,1,0.0,0,0.0,0,0.0,0,0.0,0,2244.8,24,0.0,0,0.0,0,0.0,0,0.0,0
2012-11-12T09:18:36.000,2244.8,5866,2244.6,20,0.0,0,0.0,0,0.0,0,0.0,0,2244.8,15,0.0,0,0.0,0,0.0,0,0.0,0
2012-11-12T09:18:36.500,2244.8,5875,2244.6,14,0.0,0,0.0,0,0.0,0,0.0,0,2244.8,12,0.0,0,0.0,0,0.0,0,0.0,0
2012-11-12T09:18:37.000,2244.8,5887,2244.6,3,0.0,0,0.0,0,0.0,0,0.0,0,2244.8,13,0.0,0,0.0,0,0.0,0,0.0,0
2012-11-12T09:18:37.500,2244.8,5892,2244.4,6,0.0,0,0.0,0,0.0,0,0.0,0,2244.6,5,0.0,0,0.0,0,0.0,0,0.0,0
2012-11-12T09:18:38.250,2244.6,5896,2244.4,6,0.0,0,0.0,0,0.0,0,0.0,0,2244.6,3,0.0,0,0.0,0,0.0,0,0.0,0
2012-11-12T09:18:39.000,2244.8,5900,2244.4,9,0.0,0,0.0,0,0.0,0,0.0,0,2244.6,6,0.0,0,0.0,0,0.0,0,0.0,0
2012-11-12T09:18:39.500,2244.6,5902,2244.4,8,0.0,0,0.0,0,0.0,0,0.0,0,2244.6,5,0.0,0,0.0,0,0.0,0,0.0,0
2012-11-12T09:18:40.000,2244.4,5907,2244.4,5,0.0,0,0.0,0,0.0,0,0.0,0,2244.6,2,0.0,0,0.0,0,0.0,0,0.0,0
2012-11-12T09:18:40.500,2244.4,5909,2244.4,4,0.0,0,0.0,0,0.0,0,0.0,0,2244.6,5,0.0,0,0.0,0,0.0,0,0.0,0
2012-11-12T09:18:41.000,2244.4,5910,2244.4,5,0.0,0,0.0,0,0.0,0,0.0,0,2244.6,6,0.0,0,0.0,0,0.0,0,0.0,0
2012-11-12T09:18:41.500,2244.2,5921,2244,46,0.0,0,0.0,0,0.0,0,0.0,0,2244.6,9,0.0,0,0.0,0,0.0,0,0.0,0
2012-11-12T09:18:43.000,2244.4,5925,2244.2,1,0.0,0,0.0,0,0.0,0,0.0,0,2244.6,16,0.0,0,0.0,0,0.0,0,0.0,0
2012-11-12T09:18:43.500,2244.6,5950,2244,44,0.0,0,0.0,0,0.0,0,0.0,0,2244.6,1,0.0,0,0.0,0,0.0,0,0.0,0
2012-11-12T09:18:44.250,2244.6,5951,2244.2,9,0.0,0,0.0,0,0.0,0,0.0,0,2244.4,1,0.0,0,0.0,0,0.0,0,0.0,0
2012-11-12T09:18:45.000,2244.6,5953,2244.6,1,0.0,0,0.0,0,0.0,0,0.0,0,2244.8,25,0.0,0,0.0,0,0.0,0,0.0,0
2012-11-12T09:18:45.500,2244.2,5958,2244.2,6,0.0,0,0.0,0,0.0,0,0.0,0,2244.6,4,0.0,0,0.0,0,0.0,0,0.0,0
2012-11-12T09:18:46.250,2244.6,5959,2244.2,6,0.0,0,0.0,0,0.0,0,0.0,0,2244.6,5,0.0,0,0.0,0,0.0,0,0.0,0
2012-11-12T09:18:47.250,2244.6,5960,2244.4,3,0.0,0,0.0,0,0.0,0,0.0,0,2244.6,18,0.0,0,0.0,0,0.0,0,0.0,0
2012-11-12T09:18:48.000,2244.4,5965,2244.2,7,0.0,0,0.0,0,0.0,0,0.0,0,2244.4,10,0.0,0,0.0,0,0.0,0,0.0,0
2012-11-12T09:18:48.500,2244.6,5997,2244.6,19,0.0,0,0.0,0,0.0,0,0.0,0,2244.8,35,0.0,0,0.0,0,0.0,0,0.0,0
2012-11-12T09:18:49.000,2244.6,6000,2244.6,21,0.0,0,0.0,0,0.0,0,0.0,0,2244.8,35,0.0,0,0.0,0,0.0,0,0.0,0
2012-11-12T09:18:49.500,2244.6,6008,2244.6,14,0.0,0,0.0,0,0.0,0,0.0,0,2244.8,31,0.0,0,0.0,0,0.0,0,0.0,0
2012-11-12T09:18:50.000,2244.8,6009,2244.6,14,0.0,0,0.0,0,0.0,0,0.0,0,2244.8,30,0.0,0,0.0,0,0.0,0,0.0,0
2012-11-12T09:18:50.500,2244.8,6015,2244.6,13,0.0,0,0.0,0,0.0,0,0.0,0,2244.8,25,0.0,0,0.0,0,0.0,0,0.0,0
2012-11-12T09:18:51.000,2244.6,6017,2244.6,12,0.0,0,0.0,0,0.0,0,0.0,0,2244.8,24,0.0,0,0.0,0,0.0,0,0.0,0
2012-11-12T09:18:51.500,2244.8,6020,2244.6,17,0.0,0,0.0,0,0.0,0,0.0,0,2244.8,23,0.0,0,0.0,0,0.0,0,0.0,0
2012-11-12T09:18:52.000,2244.8,6023,2244.6,18,0.0,0,0.0,0,0.0,0,0.0,0,2244.8,20,0.0,0,0.0,0,0.0,0,0.0,0
2012-11-12T09:18:52.500,2244.6,6031,2244.6,10,0.0,0,0.0,0,0.0,0,0.0,0,2244.8,21,0.0,0,0.0,0,0.0,0,0.0,0
2012-11-12T09:18:53.250,2244.8,6038,2244.6,10,0.0,0,0.0,0,0.0,0,0.0,0,2244.8,14,0.0,0,0.0,0,0.0,0,0.0,0
2012-11-12T09:18:54.000,2244.8,6039,2244.6,11,0.0,0,0.0,0,0.0,0,0.0,0,2244.8,14,0.0,0,0.0,0,0.0,0,0.0,0
2012-11-12T09:18:54.500,2244.6,6040,2244.6,11,0.0,0,0.0,0,0.0,0,0.0,0,2244.8,14,0.0,0,0.0,0,0.0,0,0.0,0
2012-11-12T09:18:55.000,2244.6,6070,2244.6,3,0.0,0,0.0,0,0.0,0,0.0,0,2245,80,0.0,0,0.0,0,0.0,0,0.0,0
2012-11-12T09:18:55.500,2244.6,6073,2244.4,2,0.0,0,0.0,0,0.0,0,0.0,0,2244.6,12,0.0,0,0.0,0,0.0,0,0.0,0
2012-11-12T09:18:56.000,2244.4,6074,2244.4,7,0.0,0,0.0,0,0.0,0,0.0,0,2244.6,16,0.0,0,0.0,0,0.0,0,0.0,0
2012-11-12T09:18:56.500,2244.6,6076,2244.4,7,0.0,0,0.0,0,0.0,0,0.0,0,2244.6,14,0.0,0,0.0,0,0.0,0,0.0,0
2012-11-12T09:18:57.000,2244.6,6077,2244.4,7,0.0,0,0.0,0,0.0,0,0.0,0,2244.6,13,0.0,0,0.0,0,0.0,0,0.0,0
2012-11-12T09:18:57.500,2244.6,6087,2244.4,9,0.0,0,0.0,0,0.0,0,0.0,0,2244.6,4,0.0,0,0.0,0,0.0,0,0.0,0
2012-11-12T09:18:58.000,2244.6,6088,2244.4,9,0.0,0,0.0,0,0.0,0,0.0,0,2244.6,3,0.0,0,0.0,0,0.0,0,0.0,0
2012-11-12T09:18:58.500,2244.4,6097,2244.2,10,0.0,0,0.0,0,0.0,0,0.0,0,2244.4,43,0.0,0,0.0,0,0.0,0,0.0,0
2012-11-12T09:18:59.000,2244.4,6100,2244.2,10,0.0,0,0.0,0,0.0,0,0.0,0,2244.4,40,0.0,0,0.0,0,0.0,0,0.0,0
2012-11-12T09:18:59.500,2244.2,6101,2244.2,9,0.0,0,0.0,0,0.0,0,0.0,0,2244.4,40,0.0,0,0.0,0,0.0,0,0.0,0
2012-11-12T09:19:00.000,2244.4,6106,2244.2,5,0.0,0,0.0,0,0.0,0,0.0,0,2244.4,39,0.0,0,0.0,0,0.0,0,0.0,0
2012-11-12T09:19:00.500,2244.4,6113,2244,51,0.0,0,0.0,0,0.0,0,0.0,0,2244.4,38,0.0,0,0.0,0,0.0,0,0.0,0
2012-11-12T09:19:02.000,2243.8,6170,2243.8,61,0.0,0,0.0,0,0.0,0,0.0,0,2244,1,0.0,0,0.0,0,0.0,0,0.0,0
2012-11-12T09:19:02.500,2243.8,6190,2243.8,51,0.0,0,0.0,0,0.0,0,0.0,0,2244.2,3,0.0,0,0.0,0,0.0,0,0.0,0
2012-11-12T09:19:03.250,2244.2,6191,2244,5,0.0,0,0.0,0,0.0,0,0.0,0,2244.2,3,0.0,0,0.0,0,0.0,0,0.0,0
2012-11-12T09:19:04.250,2243.8,6212,2243.8,36,0.0,0,0.0,0,0.0,0,0.0,0,2244.2,3,0.0,0,0.0,0,0.0,0,0.0,0
2012-11-12T09:19:05.000,2243.8,6214,2244,7,0.0,0,0.0,0,0.0,0,0.0,0,2244.2,3,0.0,0,0.0,0,0.0,0,0.0,0
2012-11-12T09:19:05.500,2243.8,6220,2244,1,0.0,0,0.0,0,0.0,0,0.0,0,2244.2,3,0.0,0,0.0,0,0.0,0,0.0,0
2012-11-12T09:19:06.250,2244.2,6222,2243.8,33,0.0,0,0.0,0,0.0,0,0.0,0,2244.2,2,0.0,0,0.0,0,0.0,0,0.0,0
2012-11-12T09:19:07.000,2244.2,6227,2244.2,2,0.0,0,0.0,0,0.0,0,0.0,0,2244.4,39,0.0,0,0.0,0,0.0,0,0.0,0
2012-11-12T09:19:07.500,2244.2,6229,2243.8,32,0.0,0,0.0,0,0.0,0,0.0,0,2244.4,39,0.0,0,0.0,0,0.0,0,0.0,0
2012-11-12T09:19:08.250,2243.8,6230,2243.8,31,0.0,0,0.0,0,0.0,0,0.0,0,2244.4,39,0.0,0,0.0,0,0.0,0,0.0,0
2012-11-12T09:19:09.000,2244.4,6233,2244.2,8,0.0,0,0.0,0,0.0,0,0.0,0,2244.4,37,0.0,0,0.0,0,0.0,0,0.0,0
2012-11-12T09:19:09.500,2244.2,6234,2244.2,7,0.0,0,0.0,0,0.0,0,0.0,0,2244.4,37,0.0,0,0.0,0,0.0,0,0.0,0
2012-11-12T09:19:10.250,2243.8,6251,2243.8,25,0.0,0,0.0,0,0.0,0,0.0,0,2244.4,36,0.0,0,0.0,0,0.0,0,0.0,0
2012-11-12T09:19:11.250,2244.2,6257,2244,5,0.0,0,0.0,0,0.0,0,0.0,0,2244.4,36,0.0,0,0.0,0,0.0,0,0.0,0
2012-11-12T09:19:12.250,2244,6260,2244,2,0.0,0,0.0,0,0.0,0,0.0,0,2244.2,2,0.0,0,0.0,0,0.0,0,0.0,0
2012-11-12T09:19:13.000,2244,6263,2243.8,26,0.0,0,0.0,0,0.0,0,0.0,0,2244,10,0.0,0,0.0,0,0.0,0,0.0,0
2012-11-12T09:19:13.500,2243.8,6265,2243.8,24,0.0,0,0.0,0,0.0,0,0.0,0,2244,10,0.0,0,0.0,0,0.0,0,0.0,0
2012-11-12T09:19:14.250,2243.8,6266,2243.8,23,0.0,0,0.0,0,0.0,0,0.0,0,2244,14,0.0,0,0.0,0,0.0,0,0.0,0
2012-11-12T09:19:15.000,2243.8,6276,2243.8,13,0.0,0,0.0,0,0.0,0,0.0,0,2244,14,0.0,0,0.0,0,0.0,0,0.0,0
2012-11-12T09:19:15.500,2243.8,6285,2243.8,8,0.0,0,0.0,0,0.0,0,0.0,0,2244,11,0.0,0,0.0,0,0.0,0,0.0,0
2012-11-12T09:19:16.000,2243.8,6286,2243.8,7,0.0,0,0.0,0,0.0,0,0.0,0,2244,12,0.0,0,0.0,0,0.0,0,0.0,0
2012-11-12T09:19:16.500,2243.8,6287,2243.8,8,0.0,0,0.0,0,0.0,0,0.0,0,2244,12,0.0,0,0.0,0,0.0,0,0.0,0
2012-11-12T09:19:17.000,2244,6290,2243.8,6,0.0,0,0.0,0,0.0,0,0.0,0,2244,11,0.0,0,0.0,0,0.0,0,0.0,0
2012-11-12T09:19:17.500,2244,6292,2243.8,5,0.0,0,0.0,0,0.0,0,0.0,0,2244,10,0.0,0,0.0,0,0.0,0,0.0,0
2012-11-12T09:19:18.000,2243.8,6295,2243.8,3,0.0,0,0.0,0,0.0,0,0.0,0,2244,10,0.0,0,0.0,0,0.0,0,0.0,0
2012-11-12T09:19:18.500,2243.8,6298,2243.6,12,0.0,0,0.0,0,0.0,0,0.0,0,2243.8,1,0.0,0,0.0,0,0.0,0,0.0,0
2012-11-12T09:19:19.250,2243.8,6299,2243.6,19,0.0,0,0.0,0,0.0,0,0.0,0,2244,11,0.0,0,0.0,0,0.0,0,0.0,0
2012-11-12T09:19:20.250,2244,6301,2243.8,3,0.0,0,0.0,0,0.0,0,0.0,0,2244,11,0.0,0,0.0,0,0.0,0,0.0,0
2012-11-12T09:19:21.000,2243.8,6303,2243.8,1,0.0,0,0.0,0,0.0,0,0.0,0,2244,11,0.0,0,0.0,0,0.0,0,0.0,0
2012-11-12T09:19:21.500,2244,6312,2243.6,24,0.0,0,0.0,0,0.0,0,0.0,0,2244,7,0.0,0,0.0,0,0.0,0,0.0,0
2012-11-12T09:19:22.000,2244,6314,2243.6,24,0.0,0,0.0,0,0.0,0,0.0,0,2244,5,0.0,0,0.0,0,0.0,0,0.0,0
2012-11-12T09:19:22.500,2243.6,6316,2243.6,28,0.0,0,0.0,0,0.0,0,0.0,0,2244,5,0.0,0,0.0,0,0.0,0,0.0,0
2012-11-12T09:19:23.250,2243.6,6317,2243.6,33,0.0,0,0.0,0,0.0,0,0.0,0,2244,5,0.0,0,0.0,0,0.0,0,0.0,0
2012-11-12T09:19:24.000,2243.6,6318,2243.8,20,0.0,0,0.0,0,0.0,0,0.0,0,2244,5,0.0,0,0.0,0,0.0,0,0.0,0
2012-11-12T09:19:24.500,2243.6,6319,2243.8,19,0.0,0,0.0,0,0.0,0,0.0,0,2244,5,0.0,0,0.0,0,0.0,0,0.0,0
2012-11-12T09:19:25.250,2243.8,6321,2243.8,19,0.0,0,0.0,0,0.0,0,0.0,0,2244,11,0.0,0,0.0,0,0.0,0,0.0,0
2012-11-12T09:19:26.250,2243.8,6333,2243.8,17,0.0,0,0.0,0,0.0,0,0.0,0,2244,2,0.0,0,0.0,0,0.0,0,0.0,0
2012-11-12T09:19:27.000,2243.8,6337,2243.8,16,0.0,0,0.0,0,0.0,0,0.0,0,2244,2,0.0,0,0.0,0,0.0,0,0.0,0
2012-11-12T09:19:27.500,2244,6340,2243.8,15,0.0,0,0.0,0,0.0,0,0.0,0,2244.2,17,0.0,0,0.0,0,0.0,0,0.0,0
2012-11-12T09:19:28.250,2243.8,6347,2243.8,8,0.0,0,0.0,0,0.0,0,0.0,0,2244,6,0.0,0,0.0,0,0.0,0,0.0,0
2012-11-12T09:19:29.250,2244,6348,2243.8,8,0.0,0,0.0,0,0.0,0,0.0,0,2244,5,0.0,0,0.0,0,0.0,0,0.0,0
2012-11-12T09:19:30.250,2244,6349,2243.8,23,0.0,0,0.0,0,0.0,0,0.0,0,2244,5,0.0,0,0.0,0,0.0,0,0.0,0
2012-11-12T09:19:31.250,2243.8,6351,2243.8,26,0.0,0,0.0,0,0.0,0,0.0,0,2244,5,0.0,0,0.0,0,0.0,0,0.0,0
2012-11-12T09:19:32.000,2243.8,6354,2243.8,26,0.0,0,0.0,0,0.0,0,0.0,0,2244,5,0.0,0,0.0,0,0.0,0,0.0,0
2012-11-12T09:19:32.500,2244,6357,2243.8,26,0.0,0,0.0,0,0.0,0,0.0,0,2244,2,0.0,0,0.0,0,0.0,0,0.0,0
2012-11-12T09:19:33.000,2244,6374,2244,6,0.0,0,0.0,0,0.0,0,0.0,0,2244.2,18,0.0,0,0.0,0,0.0,0,0.0,0
2012-11-12T09:19:33.500,2244,6377,2244,3,0.0,0,0.0,0,0.0,0,0.0,0,2244.2,18,0.0,0,0.0,0,0.0,0,0.0,0
2012-11-12T09:19:34.250,2244,6378,2244,3,0.0,0,0.0,0,0.0,0,0.0,0,2244.2,18,0.0,0,0.0,0,0.0,0,0.0,0
2012-11-12T09:19:35.000,2244,6379,2244,8,0.0,0,0.0,0,0.0,0,0.0,0,2244.2,30,0.0,0,0.0,0,0.0,0,0.0,0
2012-11-12T09:19:35.500,2244,6381,2244,7,0.0,0,0.0,0,0.0,0,0.0,0,2244.2,30,0.0,0,0.0,0,0.0,0,0.0,0
2012-11-12T09:19:36.000,2244,6383,2244,5,0.0,0,0.0,0,0.0,0,0.0,0,2244.2,30,0.0,0,0.0,0,0.0,0,0.0,0
2012-11-12T09:19:36.500,2244.2,6386,2244,5,0.0,0,0.0,0,0.0,0,0.0,0,2244.2,27,0.0,0,0.0,0,0.0,0,0.0,0
2012-11-12T09:19:38.250,2244,6387,2244,16,0.0,0,0.0,0,0.0,0,0.0,0,2244.2,28,0.0,0,0.0,0,0.0,0,0.0,0
2012-11-12T09:19:39.000,2244,6391,2244,18,0.0,0,0.0,0,0.0,0,0.0,0,2244.2,25,0.0,0,0.0,0,0.0,0,0.0,0
2012-11-12T09:19:39.500,2244.2,6392,2244,18,0.0,0,0.0,0,0.0,0,0.0,0,2244.2,25,0.0,0,0.0,0,0.0,0,0.0,0
2012-11-12T09:19:40.000,2244.2,6395,2244,17,0.0,0,0.0,0,0.0,0,0.0,0,2244.2,23,0.0,0,0.0,0,0.0,0,0.0,0
2012-11-12T09:19:40.500,2244,6396,2244,17,0.0,0,0.0,0,0.0,0,0.0,0,2244.2,23,0.0,0,0.0,0,0.0,0,0.0,0
2012-11-12T09:19:41.250,2244,6398,2244,16,0.0,0,0.0,0,0.0,0,0.0,0,2244.2,23,0.0,0,0.0,0,0.0,0,0.0,0
2012-11-12T09:19:42.250,2244,6399,2244,15,0.0,0,0.0,0,0.0,0,0.0,0,2244.2,23,0.0,0,0.0,0,0.0,0,0.0,0
2012-11-12T09:19:43.250,2244,6400,2244,30,0.0,0,0.0,0,0.0,0,0.0,0,2244.2,24,0.0,0,0.0,0,0.0,0,0.0,0
2012-11-12T09:19:44.000,2244.2,6401,2244,31,0.0,0,0.0,0,0.0,0,0.0,0,2244.2,22,0.0,0,0.0,0,0.0,0,0.0,0
2012-11-12T09:19:44.500,2244,6405,2244,26,0.0,0,0.0,0,0.0,0,0.0,0,2244.2,21,0.0,0,0.0,0,0.0,0,0.0,0
2012-11-12T09:19:45.000,2244,6411,2244,25,0.0,0,0.0,0,0.0,0,0.0,0,2244.2,20,0.0,0,0.0,0,0.0,0,0.0,0
2012-11-12T09:19:45.500,2244.2,6413,2244,25,0.0,0,0.0,0,0.0,0,0.0,0,2244.2,18,0.0,0,0.0,0,0.0,0,0.0,0
2012-11-12T09:19:46.000,2244,6414,2244,24,0.0,0,0.0,0,0.0,0,0.0,0,2244.2,18,0.0,0,0.0,0,0.0,0,0.0,0
2012-11-12T09:19:46.500,2244.2,6437,2244,6,0.0,0,0.0,0,0.0,0,0.0,0,2244.2,15,0.0,0,0.0,0,0.0,0,0.0,0
2012-11-12T09:19:47.000,2244,6439,2244,5,0.0,0,0.0,0,0.0,0,0.0,0,2244.2,15,0.0,0,0.0,0,0.0,0,0.0,0
2012-11-12T09:19:47.500,2244,6444,2244,1,0.0,0,0.0,0,0.0,0,0.0,0,2244.2,15,0.0,0,0.0,0,0.0,0,0.0,0
2012-11-12T09:19:48.000,2244.2,6445,2244,1,0.0,0,0.0,0,0.0,0,0.0,0,2244.2,14,0.0,0,0.0,0,0.0,0,0.0,0
2012-11-12T09:19:48.500,2244,6446,2243.8,25,0.0,0,0.0,0,0.0,0,0.0,0,2244,10,0.0,0,0.0,0,0.0,0,0.0,0
2012-11-12T09:19:49.250,2244,6448,2243.8,24,0.0,0,0.0,0,0.0,0,0.0,0,2244,15,0.0,0,0.0,0,0.0,0,0.0,0
2012-11-12T09:19:50.000,2244,6449,2243.8,25,0.0,0,0.0,0,0.0,0,0.0,0,2244,15,0.0,0,0.0,0,0.0,0,0.0,0
2012-11-12T09:19:50.500,2244,6464,2244,15,0.0,0,0.0,0,0.0,0,0.0,0,2244.2,15,0.0,0,0.0,0,0.0,0,0.0,0
2012-11-12T09:19:51.250,2244.2,6467,2244,13,0.0,0,0.0,0,0.0,0,0.0,0,2244.2,14,0.0,0,0.0,0,0.0,0,0.0,0
2012-11-12T09:19:52.250,2244.2,6468,2244,13,0.0,0,0.0,0,0.0,0,0.0,0,2244.2,14,0.0,0,0.0,0,0.0,0,0.0,0
2012-11-12T09:19:53.000,2244.2,6473,2244,29,0.0,0,0.0,0,0.0,0,0.0,0,2244.2,9,0.0,0,0.0,0,0.0,0,0.0,0
2012-11-12T09:19:53.500,2244,6474,2244,29,0.0,0,0.0,0,0.0,0,0.0,0,2244.2,11,0.0,0,0.0,0,0.0,0,0.0,0
2012-11-12T09:19:54.000,2244,6475,2244,29,0.0,0,0.0,0,0.0,0,0.0,0,2244.2,11,0.0,0,0.0,0,0.0,0,0.0,0
2012-11-12T09:19:54.500,2244,6477,2244,29,0.0,0,0.0,0,0.0,0,0.0,0,2244.2,10,0.0,0,0.0,0,0.0,0,0.0,0
2012-11-12T09:19:55.250,2244,6479,2244,30,0.0,0,0.0,0,0.0,0,0.0,0,2244.2,10,0.0,0,0.0,0,0.0,0,0.0,0
2012-11-12T09:19:56.250,2244.2,6480,2244,30,0.0,0,0.0,0,0.0,0,0.0,0,2244.2,9,0.0,0,0.0,0,0.0,0,0.0,0
2012-11-12T09:19:57.250,2244,6482,2244,28,0.0,0,0.0,0,0.0,0,0.0,0,2244.2,9,0.0,0,0.0,0,0.0,0,0.0,0
2012-11-12T09:19:58.000,2244,6494,2243.8,50,0.0,0,0.0,0,0.0,0,0.0,0,2244,4,0.0,0,0.0,0,0.0,0,0.0,0
2012-11-12T09:19:58.500,2244,6497,2243.8,50,0.0,0,0.0,0,0.0,0,0.0,0,2244,1,0.0,0,0.0,0,0.0,0,0.0,0
2012-11-12T09:19:59.000,2243.8,6499,2243.8,49,0.0,0,0.0,0,0.0,0,0.0,0,2244.2,11,0.0,0,0.0,0,0.0,0,0.0,0
2012-11-12T09:19:59.500,2244.2,6501,2243.8,49,0.0,0,0.0,0,0.0,0,0.0,0,2244.2,9,0.0,0,0.0,0,0.0,0,0.0,0
2012-11-12T09:20:00.000,2244.2,6502,2244,3,0.0,0,0.0,0,0.0,0,0.0,0,2244.2,8,0.0,0,0.0,0,0.0,0,0.0,0
2012-11-12T09:20:00.500,2244.2,6521,2243.8,36,0.0,0,0.0,0,0.0,0,0.0,0,2244.2,5,0.0,0,0.0,0,0.0,0,0.0,0
2012-11-12T09:20:01.000,2244,6537,2244,3,0.0,0,0.0,0,0.0,0,0.0,0,2244.2,3,0.0,0,0.0,0,0.0,0,0.0,0
2012-11-12T09:20:01.500,2244,6542,2244,7,0.0,0,0.0,0,0.0,0,0.0,0,2244.2,2,0.0,0,0.0,0,0.0,0,0.0,0
2012-11-12T09:20:02.000,2244,6546,2244,3,0.0,0,0.0,0,0.0,0,0.0,0,2244.2,2,0.0,0,0.0,0,0.0,0,0.0,0
2012-11-12T09:20:02.500,2244,6548,2244,2,0.0,0,0.0,0,0.0,0,0.0,0,2244.2,2,0.0,0,0.0,0,0.0,0,0.0,0
2012-11-12T09:20:03.000,2244.2,6550,2244,13,0.0,0,0.0,0,0.0,0,0.0,0,2244.2,1,0.0,0,0.0,0,0.0,0,0.0,0
2012-11-12T09:20:03.500,2244,6553,2244,11,0.0,0,0.0,0,0.0,0,0.0,0,2244.4,67,0.0,0,0.0,0,0.0,0,0.0,0
2012-11-12T09:20:04.000,2244,6569,2243.8,38,0.0,0,0.0,0,0.0,0,0.0,0,2244,37,0.0,0,0.0,0,0.0,0,0.0,0
2012-11-12T09:20:04.500,2244,6574,2243.8,39,0.0,0,0.0,0,0.0,0,0.0,0,2244,33,0.0,0,0.0,0,0.0,0,0.0,0
2012-11-12T09:20:05.000,2243.8,6582,2243.8,37,0.0,0,0.0,0,0.0,0,0.0,0,2244,28,0.0,0,0.0,0,0.0,0,0.0,0
2012-11-12T09:20:05.500,2244,6588,2243.8,37,0.0,0,0.0,0,0.0,0,0.0,0,2244,22,0.0,0,0.0,0,0.0,0,0.0,0
2012-11-12T09:20:06.000,2244,6600,2243.8,31,0.0,0,0.0,0,0.0,0,0.0,0,2244,16,0.0,0,0.0,0,0.0,0,0.0,0
2012-11-12T09:20:06.500,2243.8,6606,2243.8,29,0.0,0,0.0,0,0.0,0,0.0,0,2244,13,0.0,0,0.0,0,0.0,0,0.0,0
2012-11-12T09:20:07.000,2244,6613,2243.8,25,0.0,0,0.0,0,0.0,0,0.0,0,2244,11,0.0,0,0.0,0,0.0,0,0.0,0
2012-11-12T09:20:07.500,2243.8,6640,2243.8,4,0.0,0,0.0,0,0.0,0,0.0,0,2244,6,0.0,0,0.0,0,0.0,0,0.0,0
2012-11-12T09:20:08.000,2243.8,6643,2243.8,3,0.0,0,0.0,0,0.0,0,0.0,0,2244,5,0.0,0,0.0,0,0.0,0,0.0,0
2012-11-12T09:20:08.500,2244.2,6654,2243.8,2,0.0,0,0.0,0,0.0,0,0.0,0,2244,1,0.0,0,0.0,0,0.0,0,0.0,0
2012-11-12T09:20:09.000,2244,6656,2243.8,1,0.0,0,0.0,0,0.0,0,0.0,0,2244.2,11,0.0,0,0.0,0,0.0,0,0.0,0
2012-11-12T09:20:09.500,2243.8,6657,2243.6,33,0.0,0,0.0,0,0.0,0,0.0,0,2243.8,1,0.0,0,0.0,0,0.0,0,0.0,0
2012-11-12T09:20:11.250,2243.6,6659,2243.6,31,0.0,0,0.0,0,0.0,0,0.0,0,2243.8,21,0.0,0,0.0,0,0.0,0,0.0,0
2012-11-12T09:20:12.000,2243.8,6666,2243.6,25,0.0,0,0.0,0,0.0,0,0.0,0,2243.8,20,0.0,0,0.0,0,0.0,0,0.0,0
2012-11-12T09:20:12.500,2243.6,6671,2243.6,21,0.0,0,0.0,0,0.0,0,0.0,0,2243.8,19,0.0,0,0.0,0,0.0,0,0.0,0
2012-11-12T09:20:13.000,2243.6,6673,2243.6,20,0.0,0,0.0,0,0.0,0,0.0,0,2243.8,18,0.0,0,0.0,0,0.0,0,0.0,0
2012-11-12T09:20:13.500,2243.6,6679,2243.6,16,0.0,0,0.0,0,0.0,0,0.0,0,2243.8,30,0.0,0,0.0,0,0.0,0,0.0,0
2012-11-12T09:20:14.000,2243.6,6687,2243.6,10,0.0,0,0.0,0,0.0,0,0.0,0,2243.8,28,0.0,0,0.0,0,0.0,0,0.0,0
2012-11-12T09:20:14.500,2243.8,6690,2243.6,10,0.0,0,0.0,0,0.0,0,0.0,0,2243.8,26,0.0,0,0.0,0,0.0,0,0.0,0
2012-11-12T09:20:15.000,2243.6,6701,2243.6,3,0.0,0,0.0,0,0.0,0,0.0,0,2243.8,23,0.0,0,0.0,0,0.0,0,0.0,0
2012-11-12T09:20:15.500,2243.6,6705,2243.4,34,0.0,0,0.0,0,0.0,0,0.0,0,2243.6,26,0.0,0,0.0,0,0.0,0,0.0,0
2012-11-12T09:20:16.250,2243.6,6717,2243.4,34,0.0,0,0.0,0,0.0,0,0.0,0,2243.6,15,0.0,0,0.0,0,0.0,0,0.0,0
2012-11-12T09:20:17.000,2243.6,6726,2243.4,30,0.0,0,0.0,0,0.0,0,0.0,0,2243.6,14,0.0,0,0.0,0,0.0,0,0.0,0
2012-11-12T09:20:17.500,2243.6,6728,2243.4,30,0.0,0,0.0,0,0.0,0,0.0,0,2243.6,13,0.0,0,0.0,0,0.0,0,0.0,0
2012-11-12T09:20:18.000,2243.4,6729,2243.4,29,0.0,0,0.0,0,0.0,0,0.0,0,2243.6,13,0.0,0,0.0,0,0.0,0,0.0,0
2012-11-12T09:20:18.500,2243.4,6731,2243.4,28,0.0,0,0.0,0,0.0,0,0.0,0,2243.6,12,0.0,0,0.0,0,0.0,0,0.0,0
2012-11-12T09:20:19.000,2243.6,6742,2243.4,19,0.0,0,0.0,0,0.0,0,0.0,0,2243.6,11,0.0,0,0.0,0,0.0,0,0.0,0
2012-11-12T09:20:19.500,2243.4,6745,2243.4,17,0.0,0,0.0,0,0.0,0,0.0,0,2243.6,11,0.0,0,0.0,0,0.0,0,0.0,0
2012-11-12T09:20:20.000,2243.4,6763,2243.2,26,0.0,0,0.0,0,0.0,0,0.0,0,2243.4,23,0.0,0,0.0,0,0.0,0,0.0,0
2012-11-12T09:20:20.500,2243.2,6775,2243.2,20,0.0,0,0.0,0,0.0,0,0.0,0,2243.4,31,0.0,0,0.0,0,0.0,0,0.0,0
2012-11-12T09:20:21.000,2243.2,6798,2243,52,0.0,0,0.0,0,0.0,0,0.0,0,2243.4,32,0.0,0,0.0,0,0.0,0,0.0,0
2012-11-12T09:20:21.500,2243.2,6803,2243,50,0.0,0,0.0,0,0.0,0,0.0,0,2243.2,4,0.0,0,0.0,0,0.0,0,0.0,0
2012-11-12T09:20:22.000,2243,6817,2243,43,0.0,0,0.0,0,0.0,0,0.0,0,2243.4,35,0.0,0,0.0,0,0.0,0,0.0,0
2012-11-12T09:20:22.500,2243,6832,2243,53,0.0,0,0.0,0,0.0,0,0.0,0,2243.4,25,0.0,0,0.0,0,0.0,0,0.0,0
2012-11-12T09:20:23.000,2243.2,6855,2243,34,0.0,0,0.0,0,0.0,0,0.0,0,2243.2,1,0.0,0,0.0,0,0.0,0,0.0,0
2012-11-12T09:20:23.500,2243,6866,2243,23,0.0,0,0.0,0,0.0,0,0.0,0,2243.4,26,0.0,0,0.0,0,0.0,0,0.0,0
2012-11-12T09:20:24.000,2243.2,6868,2243.2,1,0.0,0,0.0,0,0.0,0,0.0,0,2243.4,32,0.0,0,0.0,0,0.0,0,0.0,0
2012-11-12T09:20:24.500,2243.4,6882,2243,12,0.0,0,0.0,0,0.0,0,0.0,0,2243.2,2,0.0,0,0.0,0,0.0,0,0.0,0
2012-11-12T09:20:25.250,2243.2,6889,2243,17,0.0,0,0.0,0,0.0,0,0.0,0,2243.2,12,0.0,0,0.0,0,0.0,0,0.0,0
2012-11-12T09:20:26.000,2243.4,6906,2243.2,28,0.0,0,0.0,0,0.0,0,0.0,0,2243.4,21,0.0,0,0.0,0,0.0,0,0.0,0
2012-11-12T09:20:26.500,2243.2,6910,2243.2,27,0.0,0,0.0,0,0.0,0,0.0,0,2243.4,20,0.0,0,0.0,0,0.0,0,0.0,0
2012-11-12T09:20:27.000,2243.2,6916,2243.2,27,0.0,0,0.0,0,0.0,0,0.0,0,2243.4,16,0.0,0,0.0,0,0.0,0,0.0,0
2012-11-12T09:20:27.500,2243.2,6918,2243.2,27,0.0,0,0.0,0,0.0,0,0.0,0,2243.4,16,0.0,0,0.0,0,0.0,0,0.0,0
2012-11-12T09:20:28.000,2243.2,6928,2243.2,20,0.0,0,0.0,0,0.0,0,0.0,0,2243.4,13,0.0,0,0.0,0,0.0,0,0.0,0
2012-11-12T09:20:28.500,2243.2,6942,2243.2,16,0.0,0,0.0,0,0.0,0,0.0,0,2243.4,5,0.0,0,0.0,0,0.0,0,0.0,0
2012-11-12T09:20:29.250,2243.4,6949,2243.4,1,0.0,0,0.0,0,0.0,0,0.0,0,2243.6,18,0.0,0,0.0,0,0.0,0,0.0,0
2012-11-12T09:20:30.250,2243.2,6953,2243.2,23,0.0,0,0.0,0,0.0,0,0.0,0,2243.4,1,0.0,0,0.0,0,0.0,0,0.0,0
2012-11-12T09:20:31.000,2243.4,6954,2243.2,28,0.0,0,0.0,0,0.0,0,0.0,0,2243.6,18,0.0,0,0.0,0,0.0,0,0.0,0
2012-11-12T09:20:31.500,2243.2,6958,2243.2,25,0.0,0,0.0,0,0.0,0,0.0,0,2243.6,17,0.0,0,0.0,0,0.0,0,0.0,0
2012-11-12T09:20:32.000,2243.2,6961,2243.2,23,0.0,0,0.0,0,0.0,0,0.0,0,2243.6,17,0.0,0,0.0,0,0.0,0,0.0,0
2012-11-12T09:20:32.500,2243.4,6977,2243.4,4,0.0,0,0.0,0,0.0,0,0.0,0,2243.6,16,0.0,0,0.0,0,0.0,0,0.0,0
2012-11-12T09:20:33.250,2243.4,6980,2243.4,5,0.0,0,0.0,0,0.0,0,0.0,0,2243.6,16,0.0,0,0.0,0,0.0,0,0.0,0
2012-11-12T09:20:34.000,2243.2,6991,2243.2,27,0.0,0,0.0,0,0.0,0,0.0,0,2243.6,16,0.0,0,0.0,0,0.0,0,0.0,0
2012-11-12T09:20:34.500,2243.2,6995,2243.2,24,0.0,0,0.0,0,0.0,0,0.0,0,2243.6,17,0.0,0,0.0,0,0.0,0,0.0,0
2012-11-12T09:20:36.000,2243.2,7000,2243.2,21,0.0,0,0.0,0,0.0,0,0.0,0,2243.6,16,0.0,0,0.0,0,0.0,0,0.0,0
2012-11-12T09:20:36.500,2243.2,7001,2243.2,20,0.0,0,0.0,0,0.0,0,0.0,0,2243.4,7,0.0,0,0.0,0,0.0,0,0.0,0
2012-11-12T09:20:37.000,2243.2,7006,2243.2,16,0.0,0,0.0,0,0.0,0,0.0,0,2243.4,8,0.0,0,0.0,0,0.0,0,0.0,0
2012-11-12T09:20:37.500,2243.4,7017,2243.4,17,0.0,0,0.0,0,0.0,0,0.0,0,2243.6,28,0.0,0,0.0,0,0.0,0,0.0,0
2012-11-12T09:20:38.000,2243.2,7043,2243.2,4,0.0,0,0.0,0,0.0,0,0.0,0,2243.4,1,0.0,0,0.0,0,0.0,0,0.0,0
2012-11-12T09:20:38.500,2243.2,7044,2243.2,3,0.0,0,0.0,0,0.0,0,0.0,0,2243.4,1,0.0,0,0.0,0,0.0,0,0.0,0
2012-11-12T09:20:39.000,2243.2,7046,2243.2,4,0.0,0,0.0,0,0.0,0,0.0,0,2243.4,11,0.0,0,0.0,0,0.0,0,0.0,0
2012-11-12T09:20:39.500,2243.2,7054,2243.2,1,0.0,0,0.0,0,0.0,0,0.0,0,2243.4,6,0.0,0,0.0,0,0.0,0,0.0,0
2012-11-12T09:20:40.000,2243.4,7059,2243.2,2,0.0,0,0.0,0,0.0,0,0.0,0,2243.4,1,0.0,0,0.0,0,0.0,0,0.0,0
2012-11-12T09:20:40.500,2243.2,7060,2243.2,8,0.0,0,0.0,0,0.0,0,0.0,0,2243.4,4,0.0,0,0.0,0,0.0,0,0.0,0
2012-11-12T09:20:41.000,2243.2,7063,2243.2,5,0.0,0,0.0,0,0.0,0,0.0,0,2243.4,3,0.0,0,0.0,0,0.0,0,0.0,0
2012-11-12T09:20:41.500,2243.4,7064,2243.2,11,0.0,0,0.0,0,0.0,0,0.0,0,2243.4,3,0.0,0,0.0,0,0.0,0,0.0,0
2012-11-12T09:20:42.000,2243.2,7068,2243.2,7,0.0,0,0.0,0,0.0,0,0.0,0,2243.4,3,0.0,0,0.0,0,0.0,0,0.0,0
2012-11-12T09:20:42.500,2243.2,7071,2243.2,15,0.0,0,0.0,0,0.0,0,0.0,0,2243.4,3,0.0,0,0.0,0,0.0,0,0.0,0
2012-11-12T09:20:43.000,2243.2,7129,2243,49,0.0,0,0.0,0,0.0,0,0.0,0,2243.2,4,0.0,0,0.0,0,0.0,0,0.0,0
2012-11-12T09:20:43.500,2243.2,7132,2243,49,0.0,0,0.0,0,0.0,0,0.0,0,2243.2,1,0.0,0,0.0,0,0.0,0,0.0,0
2012-11-12T09:20:44.000,2243.2,7138,2243.2,13,0.0,0,0.0,0,0.0,0,0.0,0,2243.4,1,0.0,0,0.0,0,0.0,0,0.0,0
2012-11-12T09:20:44.500,2243,7200,2242.8,24,0.0,0,0.0,0,0.0,0,0.0,0,2243,39,0.0,0,0.0,0,0.0,0,0.0,0
2012-11-12T09:20:45.000,2243,7202,2242.8,24,0.0,0,0.0,0,0.0,0,0.0,0,2243,37,0.0,0,0.0,0,0.0,0,0.0,0
2012-11-12T09:20:45.500,2242.8,7228,2242.6,23,0.0,0,0.0,0,0.0,0,0.0,0,2242.8,20,0.0,0,0.0,0,0.0,0,0.0,0
2012-11-12T09:20:46.000,2242.6,7243,2242.6,14,0.0,0,0.0,0,0.0,0,0.0,0,2242.8,22,0.0,0,0.0,0,0.0,0,0.0,0
2012-11-12T09:20:46.500,2242.8,7277,2242.8,11,0.0,0,0.0,0,0.0,0,0.0,0,2243,43,0.0,0,0.0,0,0.0,0,0.0,0
2012-11-12T09:20:47.000,2242.6,7291,2242.8,4,0.0,0,0.0,0,0.0,0,0.0,0,2243,51,0.0,0,0.0,0,0.0,0,0.0,0
2012-11-12T09:20:47.500,2242.6,7299,2242.8,4,0.0,0,0.0,0,0.0,0,0.0,0,2243,48,0.0,0,0.0,0,0.0,0,0.0,0
2012-11-12T09:20:48.000,2242.8,7308,2242.6,23,0.0,0,0.0,0,0.0,0,0.0,0,2242.8,16,0.0,0,0.0,0,0.0,0,0.0,0
2012-11-12T09:20:48.500,2242.8,7312,2242.6,23,0.0,0,0.0,0,0.0,0,0.0,0,2242.8,18,0.0,0,0.0,0,0.0,0,0.0,0
2012-11-12T09:20:49.000,2242.6,7315,2242.6,24,0.0,0,0.0,0,0.0,0,0.0,0,2242.8,17,0.0,0,0.0,0,0.0,0,0.0,0
2012-11-12T09:20:49.500,2242.8,7332,2242.8,28,0.0,0,0.0,0,0.0,0,0.0,0,2243,48,0.0,0,0.0,0,0.0,0,0.0,0
2012-11-12T09:20:50.000,2242.8,7340,2242.8,27,0.0,0,0.0,0,0.0,0,0.0,0,2243,46,0.0,0,0.0,0,0.0,0,0.0,0
2012-11-12T09:20:50.500,2242.8,7345,2242.8,30,0.0,0,0.0,0,0.0,0,0.0,0,2243,43,0.0,0,0.0,0,0.0,0,0.0,0
2012-11-12T09:20:51.000,2243,7348,2242.8,35,0.0,0,0.0,0,0.0,0,0.0,0,2243,41,0.0,0,0.0,0,0.0,0,0.0,0
2012-11-12T09:20:51.500,2242.8,7361,2242.8,31,0.0,0,0.0,0,0.0,0,0.0,0,2243,32,0.0,0,0.0,0,0.0,0,0.0,0
2012-11-12T09:20:52.000,2243,7386,2242.8,34,0.0,0,0.0,0,0.0,0,0.0,0,2243,9,0.0,0,0.0,0,0.0,0,0.0,0
2012-11-12T09:20:52.500,2243,7398,2243,51,0.0,0,0.0,0,0.0,0,0.0,0,2243.2,23,0.0,0,0.0,0,0.0,0,0.0,0
2012-11-12T09:20:53.000,2243,7418,2243,43,0.0,0,0.0,0,0.0,0,0.0,0,2243.2,14,0.0,0,0.0,0,0.0,0,0.0,0
2012-11-12T09:20:53.500,2243.2,7449,2243.2,10,0.0,0,0.0,0,0.0,0,0.0,0,2243.4,5,0.0,0,0.0,0,0.0,0,0.0,0
2012-11-12T09:20:54.000,2243.2,7453,2243.2,9,0.0,0,0.0,0,0.0,0,0.0,0,2243.4,2,0.0,0,0.0,0,0.0,0,0.0,0
2012-11-12T09:20:54.500,2243.2,7457,2243.2,6,0.0,0,0.0,0,0.0,0,0.0,0,2243.4,1,0.0,0,0.0,0,0.0,0,0.0,0
2012-11-12T09:20:55.000,2243.4,7459,2243.2,10,0.0,0,0.0,0,0.0,0,0.0,0,2243.6,32,0.0,0,0.0,0,0.0,0,0.0,0
2012-11-12T09:20:55.500,2243.2,7460,2243.2,9,0.0,0,0.0,0,0.0,0,0.0,0,2243.4,2,0.0,0,0.0,0,0.0,0,0.0,0
2012-11-12T09:20:56.000,2243.4,7463,2243.2,8,0.0,0,0.0,0,0.0,0,0.0,0,2243.4,10,0.0,0,0.0,0,0.0,0,0.0,0
2012-11-12T09:20:56.500,2243.4,7465,2243.2,9,0.0,0,0.0,0,0.0,0,0.0,0,2243.4,9,0.0,0,0.0,0,0.0,0,0.0,0
2012-11-12T09:20:58.000,2243.2,7466,2243.2,11,0.0,0,0.0,0,0.0,0,0.0,0,2243.4,11,0.0,0,0.0,0,0.0,0,0.0,0
2012-11-12T09:20:58.500,2243.4,7467,2243.2,12,0.0,0,0.0,0,0.0,0,0.0,0,2243.4,10,0.0,0,0.0,0,0.0,0,0.0,0
2012-11-12T09:20:59.000,2243.4,7473,2243.2,14,0.0,0,0.0,0,0.0,0,0.0,0,2243.4,7,0.0,0,0.0,0,0.0,0,0.0,0
2012-11-12T09:20:59.500,2243.2,7474,2243.2,13,0.0,0,0.0,0,0.0,0,0.0,0,2243.4,8,0.0,0,0.0,0,0.0,0,0.0,0
2012-11-12T09:21:00.250,2243.2,7478,2243.2,9,0.0,0,0.0,0,0.0,0,0.0,0,2243.4,10,0.0,0,0.0,0,0.0,0,0.0,0
2012-11-12T09:21:01.000,2243.2,7482,2243.2,6,0.0,0,0.0,0,0.0,0,0.0,0,2243.4,9,0.0,0,0.0,0,0.0,0,0.0,0
2012-11-12T09:21:01.500,2243,7490,2243,21,0.0,0,0.0,0,0.0,0,0.0,0,2243.2,7,0.0,0,0.0,0,0.0,0,0.0,0
2012-11-12T09:21:02.000,2243.2,7498,2243,15,0.0,0,0.0,0,0.0,0,0.0,0,2243.2,7,0.0,0,0.0,0,0.0,0,0.0,0
2012-11-12T09:21:02.500,2243.2,7500,2243,13,0.0,0,0.0,0,0.0,0,0.0,0,2243.2,8,0.0,0,0.0,0,0.0,0,0.0,0
2012-11-12T09:21:03.000,2243,7504,2243,9,0.0,0,0.0,0,0.0,0,0.0,0,2243.2,8,0.0,0,0.0,0,0.0,0,0.0,0
2012-11-12T09:21:03.500,2242.8,7516,2243,1,0.0,0,0.0,0,0.0,0,0.0,0,2243.2,8,0.0,0,0.0,0,0.0,0,0.0,0
2012-11-12T09:21:04.000,2243,7517,2242.8,32,0.0,0,0.0,0,0.0,0,0.0,0,2243,1,0.0,0,0.0,0,0.0,0,0.0,0
2012-11-12T09:21:04.500,2243,7518,2243,2,0.0,0,0.0,0,0.0,0,0.0,0,2243.2,8,0.0,0,0.0,0,0.0,0,0.0,0
2012-11-12T09:21:05.000,2243,7523,2242.8,35,0.0,0,0.0,0,0.0,0,0.0,0,2243.2,8,0.0,0,0.0,0,0.0,0,0.0,0
2012-11-12T09:21:05.500,2243,7524,2243,2,0.0,0,0.0,0,0.0,0,0.0,0,2243.2,11,0.0,0,0.0,0,0.0,0,0.0,0
2012-11-12T09:21:06.250,2243,7526,2242.8,38,0.0,0,0.0,0,0.0,0,0.0,0,2243,1,0.0,0,0.0,0,0.0,0,0.0,0
2012-11-12T09:21:07.000,2243,7527,2243,7,0.0,0,0.0,0,0.0,0,0.0,0,2243.2,15,0.0,0,0.0,0,0.0,0,0.0,0
2012-11-12T09:21:07.500,2243,7529,2243,5,0.0,0,0.0,0,0.0,0,0.0,0,2243.2,15,0.0,0,0.0,0,0.0,0,0.0,0
2012-11-12T09:21:08.250,2243,7531,2243,4,0.0,0,0.0,0,0.0,0,0.0,0,2243.2,14,0.0,0,0.0,0,0.0,0,0.0,0
2012-11-12T09:21:09.000,2243.2,7533,2243,5,0.0,0,0.0,0,0.0,0,0.0,0,2243.2,12,0.0,0,0.0,0,0.0,0,0.0,0
2012-11-12T09:21:09.500,2243,7539,2242.8,39,0.0,0,0.0,0,0.0,0,0.0,0,2243,38,0.0,0,0.0,0,0.0,0,0.0,0
2012-11-12T09:21:10.000,2242.8,7540,2242.8,38,0.0,0,0.0,0,0.0,0,0.0,0,2243,38,0.0,0,0.0,0,0.0,0,0.0,0
2012-11-12T09:21:10.500,2242.8,7543,2242.8,37,0.0,0,0.0,0,0.0,0,0.0,0,2243,37,0.0,0,0.0,0,0.0,0,0.0,0
2012-11-12T09:21:11.000,2242.8,7552,2242.8,32,0.0,0,0.0,0,0.0,0,0.0,0,2243,37,0.0,0,0.0,0,0.0,0,0.0,0
2012-11-12T09:21:11.500,2242.8,7564,2242.8,32,0.0,0,0.0,0,0.0,0,0.0,0,2243,26,0.0,0,0.0,0,0.0,0,0.0,0
2012-11-12T09:21:12.000,2242.8,7571,2242.8,29,0.0,0,0.0,0,0.0,0,0.0,0,2243,22,0.0,0,0.0,0,0.0,0,0.0,0
2012-11-12T09:21:12.500,2242.8,7575,2242.8,25,0.0,0,0.0,0,0.0,0,0.0,0,2243,22,0.0,0,0.0,0,0.0,0,0.0,0
2012-11-12T09:21:13.000,2242.8,7576,2242.8,24,0.0,0,0.0,0,0.0,0,0.0,0,2243,22,0.0,0,0.0,0,0.0,0,0.0,0
2012-11-12T09:21:13.500,2242.8,7577,2242.8,25,0.0,0,0.0,0,0.0,0,0.0,0,2243,22,0.0,0,0.0,0,0.0,0,0.0,0
2012-11-12T09:21:15.000,2242.8,7579,2242.8,24,0.0,0,0.0,0,0.0,0,0.0,0,2243,26,0.0,0,0.0,0,0.0,0,0.0,0
2012-11-12T09:21:15.500,2242.8,7585,2242.8,22,0.0,0,0.0,0,0.0,0,0.0,0,2243,23,0.0,0,0.0,0,0.0,0,0.0,0
2012-11-12T09:21:16.250,2242.8,7587,2242.8,21,0.0,0,0.0,0,0.0,0,0.0,0,2243,22,0.0,0,0.0,0,0.0,0,0.0,0
2012-11-12T09:21:17.000,2243,7594,2242.8,27,0.0,0,0.0,0,0.0,0,0.0,0,2243,18,0.0,0,0.0,0,0.0,0,0.0,0
2012-11-12T09:21:17.500,2243,7598,2242.8,27,0.0,0,0.0,0,0.0,0,0.0,0,2243,18,0.0,0,0.0,0,0.0,0,0.0,0
2012-11-12T09:21:18.000,2242.8,7604,2242.8,23,0.0,0,0.0,0,0.0,0,0.0,0,2243,18,0.0,0,0.0,0,0.0,0,0.0,0
2012-11-12T09:21:18.500,2243,7610,2242.8,24,0.0,0,0.0,0,0.0,0,0.0,0,2243,12,0.0,0,0.0,0,0.0,0,0.0,0
2012-11-12T09:21:19.000,2242.8,7614,2242.8,20,0.0,0,0.0,0,0.0,0,0.0,0,2243,12,0.0,0,0.0,0,0.0,0,0.0,0
2012-11-12T09:21:19.500,2242.8,7618,2242.8,18,0.0,0,0.0,0,0.0,0,0.0,0,2243,11,0.0,0,0.0,0,0.0,0,0.0,0
2012-11-12T09:21:20.000,2243,7637,2242.8,8,0.0,0,0.0,0,0.0,0,0.0,0,2243,3,0.0,0,0.0,0,0.0,0,0.0,0
2012-11-12T09:21:20.500,2243,7639,2242.8,9,0.0,0,0.0,0,0.0,0,0.0,0,2243,3,0.0,0,0.0,0,0.0,0,0.0,0
2012-11-12T09:21:21.250,2243,7644,2243,7,0.0,0,0.0,0,0.0,0,0.0,0,2243.2,30,0.0,0,0.0,0,0.0,0,0.0,0
2012-11-12T09:21:22.000,2243,7655,2242.8,10,0.0,0,0.0,0,0.0,0,0.0,0,2243,7,0.0,0,0.0,0,0.0,0,0.0,0
2012-11-12T09:21:22.500,2242.8,7663,2242.8,8,0.0,0,0.0,0,0.0,0,0.0,0,2243,3,0.0,0,0.0,0,0.0,0,0.0,0
2012-11-12T09:21:23.000,2242.8,7674,2242.8,2,0.0,0,0.0,0,0.0,0,0.0,0,2243,3,0.0,0,0.0,0,0.0,0,0.0,0
2012-11-12T09:21:23.500,2242.8,7676,2242.6,35,0.0,0,0.0,0,0.0,0,0.0,0,2243,4,0.0,0,0.0,0,0.0,0,0.0,0
2012-11-12T09:21:24.000,2242.8,7677,2242.6,35,0.0,0,0.0,0,0.0,0,0.0,0,2242.8,1,0.0,0,0.0,0,0.0,0,0.0,0
2012-11-12T09:21:24.500,2243,7680,2242.6,35,0.0,0,0.0,0,0.0,0,0.0,0,2243,18,0.0,0,0.0,0,0.0,0,0.0,0
2012-11-12T09:21:25.250,2242.8,7684,2242.6,34,0.0,0,0.0,0,0.0,0,0.0,0,2242.8,14,0.0,0,0.0,0,0.0,0,0.0,0
2012-11-12T09:21:26.000,2242.8,7688,2242.6,35,0.0,0,0.0,0,0.0,0,0.0,0,2242.8,13,0.0,0,0.0,0,0.0,0,0.0,0
2012-11-12T09:21:26.500,2242.8,7691,2242.6,33,0.0,0,0.0,0,0.0,0,0.0,0,2242.8,17,0.0,0,0.0,0,0.0,0,0.0,0
2012-11-12T09:21:27.250,2242.6,7699,2242.6,28,0.0,0,0.0,0,0.0,0,0.0,0,2242.8,22,0.0,0,0.0,0,0.0,0,0.0,0
2012-11-12T09:21:28.000,2242.6,7711,2242.6,18,0.0,0,0.0,0,0.0,0,0.0,0,2242.8,21,0.0,0,0.0,0,0.0,0,0.0,0
2012-11-12T09:21:28.500,2242.6,7717,2242.6,19,0.0,0,0.0,0,0.0,0,0.0,0,2242.8,17,0.0,0,0.0,0,0.0,0,0.0,0
2012-11-12T09:21:29.000,2243,7744,2242.6,14,0.0,0,0.0,0,0.0,0,0.0,0,2243,19,0.0,0,0.0,0,0.0,0,0.0,0
2012-11-12T09:21:29.500,2243,7757,2242.6,12,0.0,0,0.0,0,0.0,0,0.0,0,2242.8,1,0.0,0,0.0,0,0.0,0,0.0,0
2012-11-12T09:21:30.000,2242.6,7771,2242.6,7,0.0,0,0.0,0,0.0,0,0.0,0,2243,10,0.0,0,0.0,0,0.0,0,0.0,0
2012-11-12T09:21:30.500,2242.8,7772,2242.6,8,0.0,0,0.0,0,0.0,0,0.0,0,2243,10,0.0,0,0.0,0,0.0,0,0.0,0
2012-11-12T09:21:31.000,2243,7780,2242.6,8,0.0,0,0.0,0,0.0,0,0.0,0,2243,23,0.0,0,0.0,0,0.0,0,0.0,0
2012-11-12T09:21:31.500,2243,7781,2242.6,8,0.0,0,0.0,0,0.0,0,0.0,0,2242.8,1,0.0,0,0.0,0,0.0,0,0.0,0
2012-11-12T09:21:32.000,2242.8,7782,2242.8,2,0.0,0,0.0,0,0.0,0,0.0,0,2243,35,0.0,0,0.0,0,0.0,0,0.0,0
2012-11-12T09:21:32.500,2242.6,7788,2242.6,6,0.0,0,0.0,0,0.0,0,0.0,0,2242.8,7,0.0,0,0.0,0,0.0,0,0.0,0
2012-11-12T09:21:33.000,2242.8,7796,2242.6,9,0.0,0,0.0,0,0.0,0,0.0,0,2242.8,3,0.0,0,0.0,0,0.0,0,0.0,0
2012-11-12T09:21:33.500,2242.8,7799,2242.6,7,0.0,0,0.0,0,0.0,0,0.0,0,2242.8,2,0.0,0,0.0,0,0.0,0,0.0,0
2012-11-12T09:21:34.000,2242.8,7800,2242.6,10,0.0,0,0.0,0,0.0,0,0.0,0,2242.8,1,0.0,0,0.0,0,0.0,0,0.0,0
2012-11-12T09:21:34.500,2242.8,7803,2242.8,1,0.0,0,0.0,0,0.0,0,0.0,0,2243,47,0.0,0,0.0,0,0.0,0,0.0,0
2012-11-12T09:21:35.000,2242.8,7805,2242.6,14,0.0,0,0.0,0,0.0,0,0.0,0,2242.8,4,0.0,0,0.0,0,0.0,0,0.0,0
2012-11-12T09:21:35.500,2242.8,7810,2242.8,2,0.0,0,0.0,0,0.0,0,0.0,0,2243,48,0.0,0,0.0,0,0.0,0,0.0,0
2012-11-12T09:21:36.000,2242.8,7812,2242.6,16,0.0,0,0.0,0,0.0,0,0.0,0,2242.8,4,0.0,0,0.0,0,0.0,0,0.0,0
2012-11-12T09:21:36.500,2242.8,7813,2242.6,19,0.0,0,0.0,0,0.0,0,0.0,0,2242.8,3,0.0,0,0.0,0,0.0,0,0.0,0
2012-11-12T09:21:37.000,2242.6,7814,2242.6,18,0.0,0,0.0,0,0.0,0,0.0,0,2242.8,4,0.0,0,0.0,0,0.0,0,0.0,0
2012-11-12T09:21:37.500,2242.8,7816,2242.6,17,0.0,0,0.0,0,0.0,0,0.0,0,2242.8,7,0.0,0,0.0,0,0.0,0,0.0,0
2012-11-12T09:21:38.000,2242.8,7818,2242.6,16,0.0,0,0.0,0,0.0,0,0.0,0,2242.8,7,0.0,0,0.0,0,0.0,0,0.0,0
2012-11-12T09:21:38.500,2242.8,7819,2242.6,17,0.0,0,0.0,0,0.0,0,0.0,0,2242.8,6,0.0,0,0.0,0,0.0,0,0.0,0
2012-11-12T09:21:39.000,2242.8,7827,2242.6,13,0.0,0,0.0,0,0.0,0,0.0,0,2242.8,3,0.0,0,0.0,0,0.0,0,0.0,0
2012-11-12T09:21:39.500,2242.8,7830,2242.6,13,0.0,0,0.0,0,0.0,0,0.0,0,2242.8,3,0.0,0,0.0,0,0.0,0,0.0,0
2012-11-12T09:21:40.000,2242.8,7838,2242.6,16,0.0,0,0.0,0,0.0,0,0.0,0,2243,51,0.0,0,0.0,0,0.0,0,0.0,0
2012-11-12T09:21:40.500,2242.8,7839,2242.8,3,0.0,0,0.0,0,0.0,0,0.0,0,2243,52,0.0,0,0.0,0,0.0,0,0.0,0
2012-11-12T09:21:41.250,2242.8,7840,2242.8,12,0.0,0,0.0,0,0.0,0,0.0,0,2243,53,0.0,0,0.0,0,0.0,0,0.0,0
2012-11-12T09:21:42.000,2242.8,7844,2242.8,12,0.0,0,0.0,0,0.0,0,0.0,0,2243,55,0.0,0,0.0,0,0.0,0,0.0,0
2012-11-12T09:21:42.500,2243,7854,2242.8,12,0.0,0,0.0,0,0.0,0,0.0,0,2243,46,0.0,0,0.0,0,0.0,0,0.0,0
2012-11-12T09:21:44.000,2243,7856,2242.8,16,0.0,0,0.0,0,0.0,0,0.0,0,2243,45,0.0,0,0.0,0,0.0,0,0.0,0
2012-11-12T09:21:44.500,2242.8,7862,2242.8,12,0.0,0,0.0,0,0.0,0,0.0,0,2243,46,0.0,0,0.0,0,0.0,0,0.0,0
2012-11-12T09:21:45.250,2243,7866,2242.8,22,0.0,0,0.0,0,0.0,0,0.0,0,2243,42,0.0,0,0.0,0,0.0,0,0.0,0
2012-11-12T09:21:47.250,2243,7886,2242.8,30,0.0,0,0.0,0,0.0,0,0.0,0,2243,22,0.0,0,0.0,0,0.0,0,0.0,0
2012-11-12T09:21:48.000,2243,7890,2242.8,33,0.0,0,0.0,0,0.0,0,0.0,0,2243,19,0.0,0,0.0,0,0.0,0,0.0,0
2012-11-12T09:21:48.500,2243,7898,2242.8,32,0.0,0,0.0,0,0.0,0,0.0,0,2243,12,0.0,0,0.0,0,0.0,0,0.0,0
2012-11-12T09:21:49.000,2243.2,7912,2243,3,0.0,0,0.0,0,0.0,0,0.0,0,2243.2,31,0.0,0,0.0,0,0.0,0,0.0,0
2012-11-12T09:21:49.500,2243,7933,2242.8,25,0.0,0,0.0,0,0.0,0,0.0,0,2243,11,0.0,0,0.0,0,0.0,0,0.0,0
2012-11-12T09:21:50.000,2243,7938,2242.8,25,0.0,0,0.0,0,0.0,0,0.0,0,2243,10,0.0,0,0.0,0,0.0,0,0.0,0
2012-11-12T09:21:50.500,2243,7941,2242.8,27,0.0,0,0.0,0,0.0,0,0.0,0,2243,6,0.0,0,0.0,0,0.0,0,0.0,0
2012-11-12T09:21:51.000,2243,7950,2243,1,0.0,0,0.0,0,0.0,0,0.0,0,2243.2,31,0.0,0,0.0,0,0.0,0,0.0,0
2012-11-12T09:21:51.500,2243,7952,2243,1,0.0,0,0.0,0,0.0,0,0.0,0,2243.2,30,0.0,0,0.0,0,0.0,0,0.0,0
2012-11-12T09:21:52.250,2243,7955,2243,12,0.0,0,0.0,0,0.0,0,0.0,0,2243.2,29,0.0,0,0.0,0,0.0,0,0.0,0
2012-11-12T09:21:53.250,2243,7957,2243,10,0.0,0,0.0,0,0.0,0,0.0,0,2243.2,31,0.0,0,0.0,0,0.0,0,0.0,0
2012-11-12T09:21:54.000,2243.2,7965,2243,10,0.0,0,0.0,0,0.0,0,0.0,0,2243.2,22,0.0,0,0.0,0,0.0,0,0.0,0
2012-11-12T09:21:54.500,2243.2,7970,2243,10,0.0,0,0.0,0,0.0,0,0.0,0,2243.2,17,0.0,0,0.0,0,0.0,0,0.0,0
2012-11-12T09:21:55.000,2243,7972,2243,8,0.0,0,0.0,0,0.0,0,0.0,0,2243.2,28,0.0,0,0.0,0,0.0,0,0.0,0
2012-11-12T09:21:55.500,2243,7974,2243,7,0.0,0,0.0,0,0.0,0,0.0,0,2243.2,28,0.0,0,0.0,0,0.0,0,0.0,0
2012-11-12T09:21:56.000,2243.2,7989,2243,4,0.0,0,0.0,0,0.0,0,0.0,0,2243.2,20,0.0,0,0.0,0,0.0,0,0.0,0
2012-11-12T09:21:56.500,2243,7991,2243,2,0.0,0,0.0,0,0.0,0,0.0,0,2243.2,29,0.0,0,0.0,0,0.0,0,0.0,0
2012-11-12T09:21:57.000,2243,7992,2243,1,0.0,0,0.0,0,0.0,0,0.0,0,2243.2,29,0.0,0,0.0,0,0.0,0,0.0,0
2012-11-12T09:21:57.500,2243,7995,2242.8,34,0.0,0,0.0,0,0.0,0,0.0,0,2243.2,28,0.0,0,0.0,0,0.0,0,0.0,0
2012-11-12T09:21:58.250,2243.2,8017,2242.8,36,0.0,0,0.0,0,0.0,0,0.0,0,2243,1,0.0,0,0.0,0,0.0,0,0.0,0
2012-11-12T09:21:59.250,2243.2,8018,2243,2,0.0,0,0.0,0,0.0,0,0.0,0,2243.2,6,0.0,0,0.0,0,0.0,0,0.0,0
2012-11-12T09:22:00.000,2243.2,8027,2243,15,0.0,0,0.0,0,0.0,0,0.0,0,2243.2,4,0.0,0,0.0,0,0.0,0,0.0,0
2012-11-12T09:22:00.500,2243.2,8032,2243.2,10,0.0,0,0.0,0,0.0,0,0.0,0,2243.4,28,0.0,0,0.0,0,0.0,0,0.0,0
2012-11-12T09:22:01.000,2243.2,8042,2243.2,5,0.0,0,0.0,0,0.0,0,0.0,0,2243.4,24,0.0,0,0.0,0,0.0,0,0.0,0
2012-11-12T09:22:01.500,2243.4,8044,2243.2,10,0.0,0,0.0,0,0.0,0,0.0,0,2243.4,23,0.0,0,0.0,0,0.0,0,0.0,0
2012-11-12T09:22:02.000,2243.2,8050,2243.2,5,0.0,0,0.0,0,0.0,0,0.0,0,2243.4,23,0.0,0,0.0,0,0.0,0,0.0,0
2012-11-12T09:22:02.500,2243.4,8057,2243.2,4,0.0,0,0.0,0,0.0,0,0.0,0,2243.4,22,0.0,0,0.0,0,0.0,0,0.0,0
2012-11-12T09:22:03.000,2243.4,8059,2243.2,10,0.0,0,0.0,0,0.0,0,0.0,0,2243.4,20,0.0,0,0.0,0,0.0,0,0.0,0
2012-11-12T09:22:03.500,2243.4,8067,2243.2,10,0.0,0,0.0,0,0.0,0,0.0,0,2243.4,14,0.0,0,0.0,0,0.0,0,0.0,0
2012-11-12T09:22:04.000,2243.2,8071,2243.2,10,0.0,0,0.0,0,0.0,0,0.0,0,2243.4,12,0.0,0,0.0,0,0.0,0,0.0,0
2012-11-12T09:22:04.500,2243.4,8074,2243.2,21,0.0,0,0.0,0,0.0,0,0.0,0,2243.4,9,0.0,0,0.0,0,0.0,0,0.0,0
2012-11-12T09:22:05.250,2243.4,8083,2243.4,19,0.0,0,0.0,0,0.0,0,0.0,0,2243.6,23,0.0,0,0.0,0,0.0,0,0.0,0
2012-11-12T09:22:06.250,2243.4,8084,2243.4,19,0.0,0,0.0,0,0.0,0,0.0,0,2243.6,26,0.0,0,0.0,0,0.0,0,0.0,0
2012-11-12T09:22:07.000,2243.6,8089,2243.4,19,0.0,0,0.0,0,0.0,0,0.0,0,2243.6,21,0.0,0,0.0,0,0.0,0,0.0,0
2012-11-12T09:22:07.500,2243.4,8090,2243.4,18,0.0,0,0.0,0,0.0,0,0.0,0,2243.6,21,0.0,0,0.0,0,0.0,0,0.0,0
2012-11-12T09:22:08.000,2243.6,8092,2243.4,19,0.0,0,0.0,0,0.0,0,0.0,0,2243.6,20,0.0,0,0.0,0,0.0,0,0.0,0
2012-11-12T09:22:08.500,2243.6,8109,2243.4,20,0.0,0,0.0,0,0.0,0,0.0,0,2243.6,3,0.0,0,0.0,0,0.0,0,0.0,0
2012-11-12T09:22:09.000,2243.6,8112,2243.6,3,0.0,0,0.0,0,0.0,0,0.0,0,2243.8,70,0.0,0,0.0,0,0.0,0,0.0,0
2012-11-12T09:22:09.500,2243.6,8122,2243.4,20,0.0,0,0.0,0,0.0,0,0.0,0,2243.6,28,0.0,0,0.0,0,0.0,0,0.0,0
2012-11-12T09:22:10.000,2243.6,8134,2243.4,21,0.0,0,0.0,0,0.0,0,0.0,0,2243.6,16,0.0,0,0.0,0,0.0,0,0.0,0
2012-11-12T09:22:10.500,2243.6,8138,2243.4,21,0.0,0,0.0,0,0.0,0,0.0,0,2243.6,13,0.0,0,0.0,0,0.0,0,0.0,0
2012-11-12T09:22:11.250,2243.4,8144,2243.4,20,0.0,0,0.0,0,0.0,0,0.0,0,2243.6,12,0.0,0,0.0,0,0.0,0,0.0,0
2012-11-12T09:22:12.000,2243.6,8145,2243.4,20,0.0,0,0.0,0,0.0,0,0.0,0,2243.6,12,0.0,0,0.0,0,0.0,0,0.0,0
2012-11-12T09:22:12.500,2243.8,8164,2243.6,13,0.0,0,0.0,0,0.0,0,0.0,0,2243.8,56,0.0,0,0.0,0,0.0,0,0.0,0
2012-11-12T09:22:13.000,2243.8,8170,2243.6,14,0.0,0,0.0,0,0.0,0,0.0,0,2243.8,50,0.0,0,0.0,0,0.0,0,0.0,0
2012-11-12T09:22:13.500,2243.8,8171,2243.6,16,0.0,0,0.0,0,0.0,0,0.0,0,2243.8,49,0.0,0,0.0,0,0.0,0,0.0,0
2012-11-12T09:22:14.000,2243.8,8172,2243.6,16,0.0,0,0.0,0,0.0,0,0.0,0,2243.8,48,0.0,0,0.0,0,0.0,0,0.0,0
2012-11-12T09:22:14.500,2243.8,8175,2243.6,14,0.0,0,0.0,0,0.0,0,0.0,0,2243.8,47,0.0,0,0.0,0,0.0,0,0.0,0
2012-11-12T09:22:15.000,2243.8,8181,2243.6,12,0.0,0,0.0,0,0.0,0,0.0,0,2243.8,43,0.0,0,0.0,0,0.0,0,0.0,0
2012-11-12T09:22:15.500,2243.8,8188,2243.6,12,0.0,0,0.0,0,0.0,0,0.0,0,2243.8,41,0.0,0,0.0,0,0.0,0,0.0,0
2012-11-12T09:22:16.000,2243.8,8206,2243.6,12,0.0,0,0.0,0,0.0,0,0.0,0,2243.8,24,0.0,0,0.0,0,0.0,0,0.0,0
2012-11-12T09:22:16.500,2243.8,8218,2243.6,12,0.0,0,0.0,0,0.0,0,0.0,0,2243.8,12,0.0,0,0.0,0,0.0,0,0.0,0
2012-11-12T09:22:17.000,2243.8,8232,2243.8,4,0.0,0,0.0,0,0.0,0,0.0,0,2244,32,0.0,0,0.0,0,0.0,0,0.0,0
2012-11-12T09:22:17.500,2244,8235,2243.8,6,0.0,0,0.0,0,0.0,0,0.0,0,2244,29,0.0,0,0.0,0,0.0,0,0.0,0
2012-11-12T09:22:18.000,2244,8243,2243.8,6,0.0,0,0.0,0,0.0,0,0.0,0,2244,21,0.0,0,0.0,0,0.0,0,0.0,0
2012-11-12T09:22:18.500,2243.8,8248,2243.8,5,0.0,0,0.0,0,0.0,0,0.0,0,2244,19,0.0,0,0.0,0,0.0,0,0.0,0
2012-11-12T09:22:19.000,2244,8267,2244,7,0.0,0,0.0,0,0.0,0,0.0,0,2244.2,13,0.0,0,0.0,0,0.0,0,0.0,0
2012-11-12T09:22:19.500,2244.2,8271,2244,8,0.0,0,0.0,0,0.0,0,0.0,0,2244.2,10,0.0,0,0.0,0,0.0,0,0.0,0
2012-11-12T09:22:20.000,2244.2,8276,2244,7,0.0,0,0.0,0,0.0,0,0.0,0,2244.2,32,0.0,0,0.0,0,0.0,0,0.0,0
2012-11-12T09:22:20.500,2244,8288,2243.8,7,0.0,0,0.0,0,0.0,0,0.0,0,2244,32,0.0,0,0.0,0,0.0,0,0.0,0
2012-11-12T09:22:21.000,2243.8,8307,2243.6,14,0.0,0,0.0,0,0.0,0,0.0,0,2243.8,4,0.0,0,0.0,0,0.0,0,0.0,0
2012-11-12T09:22:21.500,2244,8314,2243.6,14,0.0,0,0.0,0,0.0,0,0.0,0,2244,41,0.0,0,0.0,0,0.0,0,0.0,0
2012-11-12T09:22:22.000,2244,8345,2243.8,2,0.0,0,0.0,0,0.0,0,0.0,0,2244,11,0.0,0,0.0,0,0.0,0,0.0,0
2012-11-12T09:22:22.500,2244,8352,2243.8,1,0.0,0,0.0,0,0.0,0,0.0,0,2244,5,0.0,0,0.0,0,0.0,0,0.0,0
2012-11-12T09:22:23.000,2244,8357,2244,1,0.0,0,0.0,0,0.0,0,0.0,0,2244.2,31,0.0,0,0.0,0,0.0,0,0.0,0
2012-11-12T09:22:23.500,2244,8358,2244,1,0.0,0,0.0,0,0.0,0,0.0,0,2244.2,31,0.0,0,0.0,0,0.0,0,0.0,0
2012-11-12T09:22:24.000,2244,8359,2243.8,2,0.0,0,0.0,0,0.0,0,0.0,0,2244,2,0.0,0,0.0,0,0.0,0,0.0,0
2012-11-12T09:22:24.500,2244,8360,2243.8,3,0.0,0,0.0,0,0.0,0,0.0,0,2244,1,0.0,0,0.0,0,0.0,0,0.0,0
2012-11-12T09:22:25.250,2244,8361,2243.8,4,0.0,0,0.0,0,0.0,0,0.0,0,2244,5,0.0,0,0.0,0,0.0,0,0.0,0
2012-11-12T09:22:26.000,2244,8363,2243.8,5,0.0,0,0.0,0,0.0,0,0.0,0,2244,12,0.0,0,0.0,0,0.0,0,0.0,0
2012-11-12T09:22:26.500,2244,8366,2243.8,4,0.0,0,0.0,0,0.0,0,0.0,0,2244,13,0.0,0,0.0,0,0.0,0,0.0,0
2012-11-12T09:22:27.000,2244,8371,2243.8,1,0.0,0,0.0,0,0.0,0,0.0,0,2244,13,0.0,0,0.0,0,0.0,0,0.0,0
2012-11-12T09:22:27.500,2244,8373,2243.8,1,0.0,0,0.0,0,0.0,0,0.0,0,2244,16,0.0,0,0.0,0,0.0,0,0.0,0
2012-11-12T09:22:28.000,2243.8,8375,2243.6,25,0.0,0,0.0,0,0.0,0,0.0,0,2243.8,2,0.0,0,0.0,0,0.0,0,0.0,0
2012-11-12T09:22:28.500,2243.8,8376,2243.6,26,0.0,0,0.0,0,0.0,0,0.0,0,2243.8,6,0.0,0,0.0,0,0.0,0,0.0,0
2012-11-12T09:22:29.000,2243.8,8377,2243.6,26,0.0,0,0.0,0,0.0,0,0.0,0,2243.8,5,0.0,0,0.0,0,0.0,0,0.0,0
2012-11-12T09:22:29.500,2243.8,8378,2243.6,26,0.0,0,0.0,0,0.0,0,0.0,0,2243.8,4,0.0,0,0.0,0,0.0,0,0.0,0
2012-11-12T09:22:30.000,2243.8,8381,2243.6,26,0.0,0,0.0,0,0.0,0,0.0,0,2243.8,1,0.0,0,0.0,0,0.0,0,0.0,0
2012-11-12T09:22:30.500,2243.8,8382,2243.6,26,0.0,0,0.0,0,0.0,0,0.0,0,2243.8,2,0.0,0,0.0,0,0.0,0,0.0,0
2012-11-12T09:22:31.250,2243.6,8396,2243.6,12,0.0,0,0.0,0,0.0,0,0.0,0,2243.8,4,0.0,0,0.0,0,0.0,0,0.0,0
2012-11-12T09:22:32.250,2243.6,8397,2243.6,11,0.0,0,0.0,0,0.0,0,0.0,0,2243.8,11,0.0,0,0.0,0,0.0,0,0.0,0
2012-11-12T09:22:33.000,2243.6,8401,2243.6,7,0.0,0,0.0,0,0.0,0,0.0,0,2243.8,12,0.0,0,0.0,0,0.0,0,0.0,0
2012-11-12T09:22:33.500,2243.6,8405,2243.6,4,0.0,0,0.0,0,0.0,0,0.0,0,2243.8,12,0.0,0,0.0,0,0.0,0,0.0,0
2012-11-12T09:22:35.250,2243.8,8407,2243.6,4,0.0,0,0.0,0,0.0,0,0.0,0,2243.8,14,0.0,0,0.0,0,0.0,0,0.0,0
2012-11-12T09:22:36.250,2243.8,8409,2243.6,5,0.0,0,0.0,0,0.0,0,0.0,0,2243.8,12,0.0,0,0.0,0,0.0,0,0.0,0
2012-11-12T09:22:37.250,2243.6,8416,2243.6,5,0.0,0,0.0,0,0.0,0,0.0,0,2243.8,7,0.0,0,0.0,0,0.0,0,0.0,0
2012-11-12T09:22:38.000,2244,8427,2243.6,8,0.0,0,0.0,0,0.0,0,0.0,0,2244,54,0.0,0,0.0,0,0.0,0,0.0,0
2012-11-12T09:22:38.500,2243.8,8428,2243.6,9,0.0,0,0.0,0,0.0,0,0.0,0,2244,54,0.0,0,0.0,0,0.0,0,0.0,0
2012-11-12T09:22:40.250,2243.6,8429,2243.6,16,0.0,0,0.0,0,0.0,0,0.0,0,2243.8,2,0.0,0,0.0,0,0.0,0,0.0,0
2012-11-12T09:22:42.000,2243.8,8430,2243.6,14,0.0,0,0.0,0,0.0,0,0.0,0,2243.8,6,0.0,0,0.0,0,0.0,0,0.0,0
2012-11-12T09:22:42.500,2243.8,8431,2243.6,14,0.0,0,0.0,0,0.0,0,0.0,0,2243.8,7,0.0,0,0.0,0,0.0,0,0.0,0
2012-11-12T09:22:43.250,2243.6,8432,2243.6,15,0.0,0,0.0,0,0.0,0,0.0,0,2243.8,9,0.0,0,0.0,0,0.0,0,0.0,0
2012-11-12T09:22:44.250,2243.6,8433,2243.6,16,0.0,0,0.0,0,0.0,0,0.0,0,2243.8,9,0.0,0,0.0,0,0.0,0,0.0,0
2012-11-12T09:22:45.250,2243.8,8434,2243.6,17,0.0,0,0.0,0,0.0,0,0.0,0,2243.8,31,0.0,0,0.0,0,0.0,0,0.0,0
2012-11-12T09:22:46.000,2243.6,8435,2243.6,16,0.0,0,0.0,0,0.0,0,0.0,0,2243.8,32,0.0,0,0.0,0,0.0,0,0.0,0
2012-11-12T09:22:46.500,2243.6,8453,2243.4,37,0.0,0,0.0,0,0.0,0,0.0,0,2243.6,6,0.0,0,0.0,0,0.0,0,0.0,0
2012-11-12T09:22:47.250,2243.6,8461,2243.6,2,0.0,0,0.0,0,0.0,0,0.0,0,2243.8,33,0.0,0,0.0,0,0.0,0,0.0,0
2012-11-12T09:22:48.250,2243.6,8464,2243.6,3,0.0,0,0.0,0,0.0,0,0.0,0,2243.8,32,0.0,0,0.0,0,0.0,0,0.0,0
2012-11-12T09:22:49.000,2243.6,8465,2243.6,8,0.0,0,0.0,0,0.0,0,0.0,0,2243.8,32,0.0,0,0.0,0,0.0,0,0.0,0
2012-11-12T09:22:49.500,2243.8,8468,2243.6,8,0.0,0,0.0,0,0.0,0,0.0,0,2243.8,29,0.0,0,0.0,0,0.0,0,0.0,0
2012-11-12T09:22:50.250,2243.6,8469,2243.6,10,0.0,0,0.0,0,0.0,0,0.0,0,2243.8,30,0.0,0,0.0,0,0.0,0,0.0,0
2012-11-12T09:22:51.000,2243.6,8471,2243.6,12,0.0,0,0.0,0,0.0,0,0.0,0,2243.8,30,0.0,0,0.0,0,0.0,0,0.0,0
2012-11-12T09:22:51.500,2243.6,8472,2243.6,12,0.0,0,0.0,0,0.0,0,0.0,0,2243.8,29,0.0,0,0.0,0,0.0,0,0.0,0
2012-11-12T09:22:53.000,2243.8,8473,2243.6,23,0.0,0,0.0,0,0.0,0,0.0,0,2243.8,29,0.0,0,0.0,0,0.0,0,0.0,0
2012-11-12T09:22:53.500,2243.8,8502,2243.6,25,0.0,0,0.0,0,0.0,0,0.0,0,2244,61,0.0,0,0.0,0,0.0,0,0.0,0
2012-11-12T09:22:54.000,2244,8503,2243.6,25,0.0,0,0.0,0,0.0,0,0.0,0,2244,60,0.0,0,0.0,0,0.0,0,0.0,0
2012-11-12T09:22:54.500,2243.8,8504,2243.8,3,0.0,0,0.0,0,0.0,0,0.0,0,2244,63,0.0,0,0.0,0,0.0,0,0.0,0
2012-11-12T09:22:55.250,2243.8,8511,2243.8,8,0.0,0,0.0,0,0.0,0,0.0,0,2244,64,0.0,0,0.0,0,0.0,0,0.0,0
2012-11-12T09:22:56.000,2244,8524,2243.8,3,0.0,0,0.0,0,0.0,0,0.0,0,2244,59,0.0,0,0.0,0,0.0,0,0.0,0
2012-11-12T09:22:56.500,2243.8,8525,2243.8,2,0.0,0,0.0,0,0.0,0,0.0,0,2244,59,0.0,0,0.0,0,0.0,0,0.0,0
2012-11-12T09:22:57.250,2244,8532,2243.8,3,0.0,0,0.0,0,0.0,0,0.0,0,2244,52,0.0,0,0.0,0,0.0,0,0.0,0
2012-11-12T09:22:58.000,2244,8533,2243.8,3,0.0,0,0.0,0,0.0,0,0.0,0,2244,51,0.0,0,0.0,0,0.0,0,0.0,0
2012-11-12T09:22:58.500,2244,8543,2243.8,3,0.0,0,0.0,0,0.0,0,0.0,0,2244,41,0.0,0,0.0,0,0.0,0,0.0,0
2012-11-12T09:22:59.000,2243.8,8551,2243.8,3,0.0,0,0.0,0,0.0,0,0.0,0,2244,34,0.0,0,0.0,0,0.0,0,0.0,0
2012-11-12T09:22:59.500,2244,8554,2243.8,10,0.0,0,0.0,0,0.0,0,0.0,0,2244,31,0.0,0,0.0,0,0.0,0,0.0,0
2012-11-12T09:23:00.000,2244,8588,2244,5,0.0,0,0.0,0,0.0,0,0.0,0,2244.2,43,0.0,0,0.0,0,0.0,0,0.0,0
2012-11-12T09:23:00.500,2244,8594,2243.8,10,0.0,0,0.0,0,0.0,0,0.0,0,2244,12,0.0,0,0.0,0,0.0,0,0.0,0
2012-11-12T09:23:01.000,2243.8,8606,2243.6,24,0.0,0,0.0,0,0.0,0,0.0,0,2243.8,6,0.0,0,0.0,0,0.0,0,0.0,0
2012-11-12T09:23:01.500,2243.8,8615,2243.6,18,0.0,0,0.0,0,0.0,0,0.0,0,2243.8,5,0.0,0,0.0,0,0.0,0,0.0,0
2012-11-12T09:23:02.000,2243.8,8620,2243.6,18,0.0,0,0.0,0,0.0,0,0.0,0,2243.8,1,0.0,0,0.0,0,0.0,0,0.0,0
2012-11-12T09:23:02.500,2243.6,8623,2243.6,14,0.0,0,0.0,0,0.0,0,0.0,0,2243.8,1,0.0,0,0.0,0,0.0,0,0.0,0
2012-11-12T09:23:03.000,2243.6,8626,2243.6,11,0.0,0,0.0,0,0.0,0,0.0,0,2243.8,1,0.0,0,0.0,0,0.0,0,0.0,0
2012-11-12T09:23:03.500,2244,8631,2243.6,17,0.0,0,0.0,0,0.0,0,0.0,0,2244,5,0.0,0,0.0,0,0.0,0,0.0,0
2012-11-12T09:23:04.000,2244,8633,2243.8,4,0.0,0,0.0,0,0.0,0,0.0,0,2244,5,0.0,0,0.0,0,0.0,0,0.0,0
2012-11-12T09:23:04.500,2243.8,8638,2243.6,17,0.0,0,0.0,0,0.0,0,0.0,0,2244,5,0.0,0,0.0,0,0.0,0,0.0,0
2012-11-12T09:23:06.000,2243.8,8639,2243.6,18,0.0,0,0.0,0,0.0,0,0.0,0,2244,10,0.0,0,0.0,0,0.0,0,0.0,0
2012-11-12T09:23:06.500,2244,8640,2243.6,18,0.0,0,0.0,0,0.0,0,0.0,0,2243.8,6,0.0,0,0.0,0,0.0,0,0.0,0
2012-11-12T09:23:07.000,2244,8642,2243.6,18,0.0,0,0.0,0,0.0,0,0.0,0,2243.8,4,0.0,0,0.0,0,0.0,0,0.0,0
2012-11-12T09:23:07.500,2244,8643,2243.6,18,0.0,0,0.0,0,0.0,0,0.0,0,2243.8,3,0.0,0,0.0,0,0.0,0,0.0,0
2012-11-12T09:23:08.000,2243.8,8645,2243.6,17,0.0,0,0.0,0,0.0,0,0.0,0,2243.8,3,0.0,0,0.0,0,0.0,0,0.0,0
2012-11-12T09:23:08.500,2243.8,8646,2243.6,18,0.0,0,0.0,0,0.0,0,0.0,0,2243.8,3,0.0,0,0.0,0,0.0,0,0.0,0
2012-11-12T09:23:09.250,2243.8,8647,2243.6,19,0.0,0,0.0,0,0.0,0,0.0,0,2243.8,2,0.0,0,0.0,0,0.0,0,0.0,0
2012-11-12T09:23:11.250,2243.8,8649,2243.6,21,0.0,0,0.0,0,0.0,0,0.0,0,2244,17,0.0,0,0.0,0,0.0,0,0.0,0
2012-11-12T09:23:12.250,2243.8,8650,2243.6,22,0.0,0,0.0,0,0.0,0,0.0,0,2243.8,1,0.0,0,0.0,0,0.0,0,0.0,0
2012-11-12T09:23:13.250,2243.8,8652,2243.6,24,0.0,0,0.0,0,0.0,0,0.0,0,2244,15,0.0,0,0.0,0,0.0,0,0.0,0
2012-11-12T09:23:14.000,2243.6,8653,2243.6,23,0.0,0,0.0,0,0.0,0,0.0,0,2244,15,0.0,0,0.0,0,0.0,0,0.0,0
2012-11-12T09:23:14.500,2243.8,8656,2243.6,23,0.0,0,0.0,0,0.0,0,0.0,0,2244,15,0.0,0,0.0,0,0.0,0,0.0,0
2012-11-12T09:23:15.000,2244,8657,2243.6,22,0.0,0,0.0,0,0.0,0,0.0,0,2244,16,0.0,0,0.0,0,0.0,0,0.0,0
2012-11-12T09:23:15.500,2243.6,8661,2243.6,21,0.0,0,0.0,0,0.0,0,0.0,0,2244,16,0.0,0,0.0,0,0.0,0,0.0,0
2012-11-12T09:23:16.250,2243.6,8662,2243.6,20,0.0,0,0.0,0,0.0,0,0.0,0,2244,14,0.0,0,0.0,0,0.0,0,0.0,0
2012-11-12T09:23:17.250,2244,8664,2243.6,19,0.0,0,0.0,0,0.0,0,0.0,0,2244,15,0.0,0,0.0,0,0.0,0,0.0,0
2012-11-12T09:23:18.000,2243.6,8665,2243.6,20,0.0,0,0.0,0,0.0,0,0.0,0,2244,15,0.0,0,0.0,0,0.0,0,0.0,0
2012-11-12T09:23:18.500,2244,8667,2243.6,19,0.0,0,0.0,0,0.0,0,0.0,0,2244,14,0.0,0,0.0,0,0.0,0,0.0,0
2012-11-12T09:23:19.000,2243.6,8675,2243.6,11,0.0,0,0.0,0,0.0,0,0.0,0,2244,25,0.0,0,0.0,0,0.0,0,0.0,0
2012-11-12T09:23:19.500,2244,8676,2243.6,11,0.0,0,0.0,0,0.0,0,0.0,0,2244,24,0.0,0,0.0,0,0.0,0,0.0,0
2012-11-12T09:23:20.250,2243.6,8677,2243.6,16,0.0,0,0.0,0,0.0,0,0.0,0,2244,24,0.0,0,0.0,0,0.0,0,0.0,0
2012-11-12T09:23:21.000,2243.8,8678,2243.6,15,0.0,0,0.0,0,0.0,0,0.0,0,2243.8,3,0.0,0,0.0,0,0.0,0,0.0,0
2012-11-12T09:23:21.500,2243.6,8679,2243.6,14,0.0,0,0.0,0,0.0,0,0.0,0,2243.8,5,0.0,0,0.0,0,0.0,0,0.0,0
2012-11-12T09:23:22.000,2243.8,8681,2243.6,14,0.0,0,0.0,0,0.0,0,0.0,0,2243.8,7,0.0,0,0.0,0,0.0,0,0.0,0
2012-11-12T09:23:22.500,2243.8,8686,2243.6,14,0.0,0,0.0,0,0.0,0,0.0,0,2243.8,2,0.0,0,0.0,0,0.0,0,0.0,0
2012-11-12T09:23:23.250,2243.8,8688,2243.6,14,0.0,0,0.0,0,0.0,0,0.0,0,2244,33,0.0,0,0.0,0,0.0,0,0.0,0
2012-11-12T09:23:24.250,2243.8,8689,2243.6,24,0.0,0,0.0,0,0.0,0,0.0,0,2244,34,0.0,0,0.0,0,0.0,0,0.0,0
2012-11-12T09:23:26.000,2243.8,8691,2243.6,27,0.0,0,0.0,0,0.0,0,0.0,0,2243.8,2,0.0,0,0.0,0,0.0,0,0.0,0
2012-11-12T09:23:26.500,2243.6,8693,2243.6,25,0.0,0,0.0,0,0.0,0,0.0,0,2244,37,0.0,0,0.0,0,0.0,0,0.0,0
2012-11-12T09:23:28.250,2243.6,8694,2243.6,24,0.0,0,0.0,0,0.0,0,0.0,0,2244,34,0.0,0,0.0,0,0.0,0,0.0,0
2012-11-12T09:23:29.250,2244,8698,2243.6,25,0.0,0,0.0,0,0.0,0,0.0,0,2244,28,0.0,0,0.0,0,0.0,0,0.0,0
2012-11-12T09:23:31.000,2244,8699,2243.6,26,0.0,0,0.0,0,0.0,0,0.0,0,2244,29,0.0,0,0.0,0,0.0,0,0.0,0
2012-11-12T09:23:31.500,2244,8700,2243.6,26,0.0,0,0.0,0,0.0,0,0.0,0,2244,28,0.0,0,0.0,0,0.0,0,0.0,0
2012-11-12T09:23:32.000,2244,8702,2243.6,26,0.0,0,0.0,0,0.0,0,0.0,0,2244,28,0.0,0,0.0,0,0.0,0,0.0,0
2012-11-12T09:23:32.500,2243.6,8703,2243.6,25,0.0,0,0.0,0,0.0,0,0.0,0,2243.8,3,0.0,0,0.0,0,0.0,0,0.0,0
2012-11-12T09:23:33.250,2243.8,8704,2243.6,25,0.0,0,0.0,0,0.0,0,0.0,0,2243.8,2,0.0,0,0.0,0,0.0,0,0.0,0
2012-11-12T09:23:34.250,2244,8708,2243.6,24,0.0,0,0.0,0,0.0,0,0.0,0,2244,31,0.0,0,0.0,0,0.0,0,0.0,0
2012-11-12T09:23:35.250,2244,8717,2243.6,19,0.0,0,0.0,0,0.0,0,0.0,0,2244,29,0.0,0,0.0,0,0.0,0,0.0,0
2012-11-12T09:23:36.250,2243.6,8720,2243.6,17,0.0,0,0.0,0,0.0,0,0.0,0,2243.8,7,0.0,0,0.0,0,0.0,0,0.0,0
2012-11-12T09:23:37.250,2243.6,8739,2243.4,70,0.0,0,0.0,0,0.0,0,0.0,0,2243.6,2,0.0,0,0.0,0,0.0,0,0.0,0
2012-11-12T09:23:38.250,2243.8,8743,2243.6,2,0.0,0,0.0,0,0.0,0,0.0,0,2243.8,7,0.0,0,0.0,0,0.0,0,0.0,0
2012-11-12T09:23:39.000,2243.6,8745,2243.4,69,0.0,0,0.0,0,0.0,0,0.0,0,2243.6,4,0.0,0,0.0,0,0.0,0,0.0,0
2012-11-12T09:23:39.500,2243.4,8747,2243.4,68,0.0,0,0.0,0,0.0,0,0.0,0,2243.6,3,0.0,0,0.0,0,0.0,0,0.0,0
2012-11-12T09:23:40.250,2243.4,8749,2243.4,66,0.0,0,0.0,0,0.0,0,0.0,0,2243.6,3,0.0,0,0.0,0,0.0,0,0.0,0
2012-11-12T09:23:41.250,2243.4,8750,2243.4,65,0.0,0,0.0,0,0.0,0,0.0,0,2243.6,8,0.0,0,0.0,0,0.0,0,0.0,0
2012-11-12T09:23:42.000,2243.6,8754,2243.4,65,0.0,0,0.0,0,0.0,0,0.0,0,2243.6,4,0.0,0,0.0,0,0.0,0,0.0,0
2012-11-12T09:23:42.500,2243.4,8758,2243.4,64,0.0,0,0.0,0,0.0,0,0.0,0,2243.6,7,0.0,0,0.0,0,0.0,0,0.0,0
2012-11-12T09:23:43.250,2243.4,8761,2243.4,64,0.0,0,0.0,0,0.0,0,0.0,0,2243.6,22,0.0,0,0.0,0,0.0,0,0.0,0
2012-11-12T09:23:44.000,2243.4,8763,2243.4,63,0.0,0,0.0,0,0.0,0,0.0,0,2243.6,21,0.0,0,0.0,0,0.0,0,0.0,0
2012-11-12T09:23:44.500,2243.4,8766,2243.4,61,0.0,0,0.0,0,0.0,0,0.0,0,2243.6,21,0.0,0,0.0,0,0.0,0,0.0,0
2012-11-12T09:23:45.000,2243.4,8769,2243.4,59,0.0,0,0.0,0,0.0,0,0.0,0,2243.6,20,0.0,0,0.0,0,0.0,0,0.0,0
2012-11-12T09:23:45.500,2243.4,8771,2243.4,57,0.0,0,0.0,0,0.0,0,0.0,0,2243.6,20,0.0,0,0.0,0,0.0,0,0.0,0
2012-11-12T09:23:46.000,2243.4,8773,2243.4,55,0.0,0,0.0,0,0.0,0,0.0,0,2243.6,21,0.0,0,0.0,0,0.0,0,0.0,0
2012-11-12T09:23:46.500,2243.4,8774,2243.4,54,0.0,0,0.0,0,0.0,0,0.0,0,2243.6,26,0.0,0,0.0,0,0.0,0,0.0,0
2012-11-12T09:23:47.250,2243.6,8775,2243.4,54,0.0,0,0.0,0,0.0,0,0.0,0,2243.6,25,0.0,0,0.0,0,0.0,0,0.0,0
2012-11-12T09:23:48.250,2243.6,8784,2243.4,54,0.0,0,0.0,0,0.0,0,0.0,0,2243.6,16,0.0,0,0.0,0,0.0,0,0.0,0
2012-11-12T09:23:49.250,2243.4,8785,2243.4,54,0.0,0,0.0,0,0.0,0,0.0,0,2243.6,16,0.0,0,0.0,0,0.0,0,0.0,0
2012-11-12T09:23:50.000,2243.6,8786,2243.4,54,0.0,0,0.0,0,0.0,0,0.0,0,2243.6,15,0.0,0,0.0,0,0.0,0,0.0,0
2012-11-12T09:23:50.500,2243.6,8789,2243.4,57,0.0,0,0.0,0,0.0,0,0.0,0,2243.6,12,0.0,0,0.0,0,0.0,0,0.0,0
2012-11-12T09:23:51.250,2243.6,8790,2243.4,57,0.0,0,0.0,0,0.0,0,0.0,0,2243.6,11,0.0,0,0.0,0,0.0,0,0.0,0
2012-11-12T09:23:52.250,2243.6,8803,2243.4,55,0.0,0,0.0,0,0.0,0,0.0,0,2243.8,7,0.0,0,0.0,0,0.0,0,0.0,0
2012-11-12T09:23:53.000,2243.4,8804,2243.4,54,0.0,0,0.0,0,0.0,0,0.0,0,2243.8,5,0.0,0,0.0,0,0.0,0,0.0,0
2012-11-12T09:23:53.500,2243.4,8807,2243.4,51,0.0,0,0.0,0,0.0,0,0.0,0,2243.8,5,0.0,0,0.0,0,0.0,0,0.0,0
2012-11-12T09:23:54.250,2243.4,8808,2243.4,50,0.0,0,0.0,0,0.0,0,0.0,0,2243.8,5,0.0,0,0.0,0,0.0,0,0.0,0
2012-11-12T09:23:55.250,2243.8,8809,2243.4,50,0.0,0,0.0,0,0.0,0,0.0,0,2243.8,4,0.0,0,0.0,0,0.0,0,0.0,0
2012-11-12T09:23:56.250,2243.6,8811,2243.6,2,0.0,0,0.0,0,0.0,0,0.0,0,2243.8,7,0.0,0,0.0,0,0.0,0,0.0,0
2012-11-12T09:24:00.250,2243.6,8836,2243.4,47,0.0,0,0.0,0,0.0,0,0.0,0,2243.6,30,0.0,0,0.0,0,0.0,0,0.0,0
2012-11-12T09:24:01.000,2243.6,8842,2243.4,46,0.0,0,0.0,0,0.0,0,0.0,0,2243.6,24,0.0,0,0.0,0,0.0,0,0.0,0
2012-11-12T09:24:01.500,2243.6,8843,2243.4,46,0.0,0,0.0,0,0.0,0,0.0,0,2243.6,23,0.0,0,0.0,0,0.0,0,0.0,0
2012-11-12T09:24:02.000,2243.4,8854,2243.4,43,0.0,0,0.0,0,0.0,0,0.0,0,2243.6,15,0.0,0,0.0,0,0.0,0,0.0,0
2012-11-12T09:24:02.500,2243.6,8857,2243.4,41,0.0,0,0.0,0,0.0,0,0.0,0,2243.6,14,0.0,0,0.0,0,0.0,0,0.0,0
2012-11-12T09:24:03.250,2243.8,8879,2243.4,41,0.0,0,0.0,0,0.0,0,0.0,0,2243.8,4,0.0,0,0.0,0,0.0,0,0.0,0
2012-11-12T09:24:04.000,2244,8902,2243.6,11,0.0,0,0.0,0,0.0,0,0.0,0,2244,21,0.0,0,0.0,0,0.0,0,0.0,0
2012-11-12T09:24:04.500,2244,8911,2243.6,11,0.0,0,0.0,0,0.0,0,0.0,0,2243.8,1,0.0,0,0.0,0,0.0,0,0.0,0
2012-11-12T09:24:05.000,2244,8913,2243.6,13,0.0,0,0.0,0,0.0,0,0.0,0,2244,10,0.0,0,0.0,0,0.0,0,0.0,0
2012-11-12T09:24:05.500,2243.8,8917,2243.6,14,0.0,0,0.0,0,0.0,0,0.0,0,2244,7,0.0,0,0.0,0,0.0,0,0.0,0
2012-11-12T09:24:06.250,2244,8924,2243.8,12,0.0,0,0.0,0,0.0,0,0.0,0,2244.2,41,0.0,0,0.0,0,0.0,0,0.0,0
2012-11-12T09:24:07.000,2244.2,8925,2243.8,12,0.0,0,0.0,0,0.0,0,0.0,0,2244.2,40,0.0,0,0.0,0,0.0,0,0.0,0
2012-11-12T09:24:07.500,2244,8926,2243.8,12,0.0,0,0.0,0,0.0,0,0.0,0,2244.2,39,0.0,0,0.0,0,0.0,0,0.0,0
2012-11-12T09:24:08.000,2244.2,8928,2244,1,0.0,0,0.0,0,0.0,0,0.0,0,2244.2,37,0.0,0,0.0,0,0.0,0,0.0,0
2012-11-12T09:24:08.500,2244,8929,2243.8,12,0.0,0,0.0,0,0.0,0,0.0,0,2244.2,37,0.0,0,0.0,0,0.0,0,0.0,0
2012-11-12T09:24:09.000,2244.2,8941,2244,5,0.0,0,0.0,0,0.0,0,0.0,0,2244.2,26,0.0,0,0.0,0,0.0,0,0.0,0
2012-11-12T09:24:09.500,2244.2,8947,2243.8,13,0.0,0,0.0,0,0.0,0,0.0,0,2244.2,25,0.0,0,0.0,0,0.0,0,0.0,0
2012-11-12T09:24:10.250,2243.8,8949,2243.8,19,0.0,0,0.0,0,0.0,0,0.0,0,2244.2,26,0.0,0,0.0,0,0.0,0,0.0,0
2012-11-12T09:24:11.000,2244.2,8953,2243.8,18,0.0,0,0.0,0,0.0,0,0.0,0,2244.2,23,0.0,0,0.0,0,0.0,0,0.0,0
2012-11-12T09:24:11.500,2244.2,8956,2243.8,27,0.0,0,0.0,0,0.0,0,0.0,0,2244.2,20,0.0,0,0.0,0,0.0,0,0.0,0
2012-11-12T09:24:12.000,2244.2,8962,2243.8,27,0.0,0,0.0,0,0.0,0,0.0,0,2244.2,14,0.0,0,0.0,0,0.0,0,0.0,0
2012-11-12T09:24:12.500,2244.2,8963,2244,16,0.0,0,0.0,0,0.0,0,0.0,0,2244.2,14,0.0,0,0.0,0,0.0,0,0.0,0
2012-11-12T09:24:13.000,2244.2,8964,2244,22,0.0,0,0.0,0,0.0,0,0.0,0,2244.2,13,0.0,0,0.0,0,0.0,0,0.0,0
2012-11-12T09:24:13.500,2244.2,8966,2244,21,0.0,0,0.0,0,0.0,0,0.0,0,2244.2,11,0.0,0,0.0,0,0.0,0,0.0,0
2012-11-12T09:24:14.000,2244.2,8971,2244,21,0.0,0,0.0,0,0.0,0,0.0,0,2244.2,6,0.0,0,0.0,0,0.0,0,0.0,0
2012-11-12T09:24:14.500,2244.2,8977,2244.2,34,0.0,0,0.0,0,0.0,0,0.0,0,2244.4,54,0.0,0,0.0,0,0.0,0,0.0,0
2012-11-12T09:24:15.000,2244.4,8988,2244.2,32,0.0,0,0.0,0,0.0,0,0.0,0,2244.4,51,0.0,0,0.0,0,0.0,0,0.0,0
2012-11-12T09:24:15.500,2244.4,8999,2244.2,33,0.0,0,0.0,0,0.0,0,0.0,0,2244.4,41,0.0,0,0.0,0,0.0,0,0.0,0
2012-11-12T09:24:16.000,2244.4,9006,2244.2,44,0.0,0,0.0,0,0.0,0,0.0,0,2244.4,34,0.0,0,0.0,0,0.0,0,0.0,0
2012-11-12T09:24:16.500,2244.4,9024,2244.2,34,0.0,0,0.0,0,0.0,0,0.0,0,2244.4,25,0.0,0,0.0,0,0.0,0,0.0,0
2012-11-12T09:24:17.000,2244.6,9051,2244.4,8,0.0,0,0.0,0,0.0,0,0.0,0,2244.6,24,0.0,0,0.0,0,0.0,0,0.0,0
2012-11-12T09:24:17.500,2244.4,9056,2244.4,5,0.0,0,0.0,0,0.0,0,0.0,0,2244.6,22,0.0,0,0.0,0,0.0,0,0.0,0
2012-11-12T09:24:18.000,2244.4,9062,2244.4,6,0.0,0,0.0,0,0.0,0,0.0,0,2244.6,18,0.0,0,0.0,0,0.0,0,0.0,0
2012-11-12T09:24:18.500,2244.6,9069,2244.4,9,0.0,0,0.0,0,0.0,0,0.0,0,2244.6,20,0.0,0,0.0,0,0.0,0,0.0,0
2012-11-12T09:24:19.000,2244.6,9071,2244.4,13,0.0,0,0.0,0,0.0,0,0.0,0,2244.6,19,0.0,0,0.0,0,0.0,0,0.0,0
2012-11-12T09:24:19.500,2244.6,9077,2244.4,8,0.0,0,0.0,0,0.0,0,0.0,0,2244.6,14,0.0,0,0.0,0,0.0,0,0.0,0
2012-11-12T09:24:20.000,2244.6,9090,2244.4,9,0.0,0,0.0,0,0.0,0,0.0,0,2244.6,2,0.0,0,0.0,0,0.0,0,0.0,0
2012-11-12T09:24:20.500,2244.8,9096,2244.6,17,0.0,0,0.0,0,0.0,0,0.0,0,2244.8,32,0.0,0,0.0,0,0.0,0,0.0,0
2012-11-12T09:24:21.000,2244.8,9110,2244.6,18,0.0,0,0.0,0,0.0,0,0.0,0,2244.8,24,0.0,0,0.0,0,0.0,0,0.0,0
2012-11-12T09:24:21.500,2245,9135,2244.8,18,0.0,0,0.0,0,0.0,0,0.0,0,2245,40,0.0,0,0.0,0,0.0,0,0.0,0
2012-11-12T09:24:22.000,2245,9155,2244.8,7,0.0,0,0.0,0,0.0,0,0.0,0,2245,23,0.0,0,0.0,0,0.0,0,0.0,0
2012-11-12T09:24:22.500,2245,9183,2245,1,0.0,0,0.0,0,0.0,0,0.0,0,2245.2,5,0.0,0,0.0,0,0.0,0,0.0,0
2012-11-12T09:24:23.000,2245.2,9221,2245.2,2,0.0,0,0.0,0,0.0,0,0.0,0,2245.4,7,0.0,0,0.0,0,0.0,0,0.0,0
2012-11-12T09:24:23.500,2245.4,9230,2245,8,0.0,0,0.0,0,0.0,0,0.0,0,2245.2,1,0.0,0,0.0,0,0.0,0,0.0,0
2012-11-12T09:24:24.000,2245.2,9250,2245,7,0.0,0,0.0,0,0.0,0,0.0,0,2245.2,1,0.0,0,0.0,0,0.0,0,0.0,0
2012-11-12T09:24:24.500,2245.2,9259,2245,12,0.0,0,0.0,0,0.0,0,0.0,0,2245.2,4,0.0,0,0.0,0,0.0,0,0.0,0
2012-11-12T09:24:25.000,2245.2,9269,2245.2,10,0.0,0,0.0,0,0.0,0,0.0,0,2245.4,1,0.0,0,0.0,0,0.0,0,0.0,0
2012-11-12T09:24:25.500,2245.4,9280,2245.2,17,0.0,0,0.0,0,0.0,0,0.0,0,2245.6,36,0.0,0,0.0,0,0.0,0,0.0,0
2012-11-12T09:24:26.000,2245.2,9285,2245.2,18,0.0,0,0.0,0,0.0,0,0.0,0,2245.6,35,0.0,0,0.0,0,0.0,0,0.0,0
2012-11-12T09:24:26.500,2245.4,9293,2245.2,16,0.0,0,0.0,0,0.0,0,0.0,0,2245.4,24,0.0,0,0.0,0,0.0,0,0.0,0
2012-11-12T09:24:27.000,2245.4,9309,2245.2,8,0.0,0,0.0,0,0.0,0,0.0,0,2245.4,22,0.0,0,0.0,0,0.0,0,0.0,0
2012-11-12T09:24:27.500,2245.2,9318,2245.2,7,0.0,0,0.0,0,0.0,0,0.0,0,2245.4,22,0.0,0,0.0,0,0.0,0,0.0,0
2012-11-12T09:24:28.000,2245.2,9321,2245.2,7,0.0,0,0.0,0,0.0,0,0.0,0,2245.4,30,0.0,0,0.0,0,0.0,0,0.0,0
2012-11-12T09:24:28.500,2245.4,9344,2245.2,4,0.0,0,0.0,0,0.0,0,0.0,0,2245.4,10,0.0,0,0.0,0,0.0,0,0.0,0
2012-11-12T09:24:29.000,2245.4,9355,2245.4,5,0.0,0,0.0,0,0.0,0,0.0,0,2245.6,59,0.0,0,0.0,0,0.0,0,0.0,0
2012-11-12T09:24:29.500,2245.6,9363,2245.4,6,0.0,0,0.0,0,0.0,0,0.0,0,2245.6,56,0.0,0,0.0,0,0.0,0,0.0,0
2012-11-12T09:24:30.000,2245.4,9376,2245.2,6,0.0,0,0.0,0,0.0,0,0.0,0,2245.6,55,0.0,0,0.0,0,0.0,0,0.0,0
2012-11-12T09:24:30.500,2245.2,9380,2245.2,10,0.0,0,0.0,0,0.0,0,0.0,0,2245.4,2,0.0,0,0.0,0,0.0,0,0.0,0
2012-11-12T09:24:31.000,2245.4,9405,2245.4,8,0.0,0,0.0,0,0.0,0,0.0,0,2245.6,54,0.0,0,0.0,0,0.0,0,0.0,0
