date_time,last_px,total_volume,bid1_px,bid1_qty,bid2_px,bid2_qty,bid3_px,bid3_qty,bid4_px,bid4_qty,bid5_px,bid5_qty,ask1_px,ask1_qty,ask2_px,ask2_qty,ask3_px,ask3_qty,ask4_px,ask4_qty,ask5_px,ask5_qty
2012-11-06T09:14:00.250,2309,81,2308.8,1,0.0,0,0.0,0,0.0,0,0.0,0,2309,53,0.0,0,0.0,0,0.0,0,0.0,0
2012-11-06T09:15:00.250,2309,235,2309,19,0.0,0,0.0,0,0.0,0,0.0,0,2309.6,19,0.0,0,0.0,0,0.0,0,0.0,0
2012-11-06T09:15:01.000,2309.8,295,2309.4,6,0.0,0,0.0,0,0.0,0,0.0,0,2309.8,5,0.0,0,0.0,0,0.0,0,0.0,0
2012-11-06T09:15:01.500,2309.6,357,2309.6,3,0.0,0,0.0,0,0.0,0,0.0,0,2310,38,0.0,0,0.0,0,0.0,0,0.0,0
2012-11-06T09:15:02.000,2310,443,2310,42,0.0,0,0.0,0,0.0,0,0.0,0,2310.2,1,0.0,0,0.0,0,0.0,0,0.0,0
2012-11-06T09:15:02.500,2310.2,670,2310.2,23,0.0,0,0.0,0,0.0,0,0.0,0,2311.6,9,0.0,0,0.0,0,0.0,0,0.0,0
2012-11-06T09:15:03.000,2311.2,776,2310.6,19,0.0,0,0.0,0,0.0,0,0.0,0,2311.2,5,0.0,0,0.0,0,0.0,0,0.0,0
2012-11-06T09:15:03.500,2310.8,821,2310.8,6,0.0,0,0.0,0,0.0,0,0.0,0,2311.2,21,0.0,0,0.0,0,0.0,0,0.0,0
2012-11-06T09:15:04.000,2311.2,948,2310.8,1,0.0,0,0.0,0,0.0,0,0.0,0,2311.6,4,0.0,0,0.0,0,0.0,0,0.0,0
2012-11-06T09:15:04.500,2311.4,1007,2311.2,6,0.0,0,0.0,0,0.0,0,0.0,0,2311.4,26,0.0,0,0.0,0,0.0,0,0.0,0
2012-11-06T09:15:05.000,2311.4,1072,2311.4,13,0.0,0,0.0,0,0.0,0,0.0,0,2311.6,12,0.0,0,0.0,0,0.0,0,0.0,0
2012-11-06T09:15:05.500,2311.4,1127,2311,1,0.0,0,0.0,0,0.0,0,0.0,0,2311.4,1,0.0,0,0.0,0,0.0,0,0.0,0
2012-11-06T09:15:06.000,2311.6,1168,2311.2,1,0.0,0,0.0,0,0.0,0,0.0,0,2311.6,17,0.0,0,0.0,0,0.0,0,0.0,0
2012-11-06T09:15:06.500,2311,1263,2311,19,0.0,0,0.0,0,0.0,0,0.0,0,2311.4,9,0.0,0,0.0,0,0.0,0,0.0,0
2012-11-06T09:15:07.000,2311,1294,2310.8,1,0.0,0,0.0,0,0.0,0,0.0,0,2311,4,0.0,0,0.0,0,0.0,0,0.0,0
2012-11-06T09:15:07.500,2310.4,1330,2310,44,0.0,0,0.0,0,0.0,0,0.0,0,2310.6,5,0.0,0,0.0,0,0.0,0,0.0,0
2012-11-06T09:15:08.000,2310.2,1382,2310.2,5,0.0,0,0.0,0,0.0,0,0.0,0,2310.4,8,0.0,0,0.0,0,0.0,0,0.0,0
2012-11-06T09:15:08.500,2310.6,1436,2310.4,1,0.0,0,0.0,0,0.0,0,0.0,0,2310.6,81,0.0,0,0.0,0,0.0,0,0.0,0
2012-11-06T09:15:09.000,2310.4,1483,2310,3,0.0,0,0.0,0,0.0,0,0.0,0,2310.4,16,0.0,0,0.0,0,0.0,0,0.0,0
2012-11-06T09:15:09.500,2310.2,1506,2310,5,0.0,0,0.0,0,0.0,0,0.0,0,2310.2,23,0.0,0,0.0,0,0.0,0,0.0,0
2012-11-06T09:15:10.000,2310,1562,2309.2,9,0.0,0,0.0,0,0.0,0,0.0,0,2310,2,0.0,0,0.0,0,0.0,0,0.0,0
2012-11-06T09:15:10.500,2309.2,1639,2309,70,0.0,0,0.0,0,0.0,0,0.0,0,2309.2,6,0.0,0,0.0,0,0.0,0,0.0,0
2012-11-06T09:15:11.000,2309.8,1728,2309.2,17,0.0,0,0.0,0,0.0,0,0.0,0,2309.8,12,0.0,0,0.0,0,0.0,0,0.0,0
2012-11-06T09:15:11.500,2309.8,1781,2309.4,16,0.0,0,0.0,0,0.0,0,0.0,0,2309.8,2,0.0,0,0.0,0,0.0,0,0.0,0
2012-11-06T09:15:12.000,2309,1828,2308.8,7,0.0,0,0.0,0,0.0,0,0.0,0,2309,34,0.0,0,0.0,0,0.0,0,0.0,0
2012-11-06T09:15:12.500,2309,1854,2308.6,2,0.0,0,0.0,0,0.0,0,0.0,0,2308.8,7,0.0,0,0.0,0,0.0,0,0.0,0
2012-11-06T09:15:13.000,2308.6,1875,2308.2,17,0.0,0,0.0,0,0.0,0,0.0,0,2308.4,9,0.0,0,0.0,0,0.0,0,0.0,0
2012-11-06T09:15:13.500,2308.2,1888,2308.2,13,0.0,0,0.0,0,0.0,0,0.0,0,2308.4,10,0.0,0,0.0,0,0.0,0,0.0,0
2012-11-06T09:15:14.000,2308.2,1924,2308.2,25,0.0,0,0.0,0,0.0,0,0.0,0,2308.4,10,0.0,0,0.0,0,0.0,0,0.0,0
2012-11-06T09:15:14.500,2308.2,1988,2308.4,13,0.0,0,0.0,0,0.0,0,0.0,0,2308.6,33,0.0,0,0.0,0,0.0,0,0.0,0
2012-11-06T09:15:15.000,2308.6,2011,2308.2,4,0.0,0,0.0,0,0.0,0,0.0,0,2308.6,23,0.0,0,0.0,0,0.0,0,0.0,0
2012-11-06T09:15:15.500,2308.2,2087,2308,37,0.0,0,0.0,0,0.0,0,0.0,0,2308.2,9,0.0,0,0.0,0,0.0,0,0.0,0
2012-11-06T09:15:16.000,2308.2,2104,2308,43,0.0,0,0.0,0,0.0,0,0.0,0,2308.2,1,0.0,0,0.0,0,0.0,0,0.0,0
2012-11-06T09:15:16.500,2308.2,2121,2308.2,3,0.0,0,0.0,0,0.0,0,0.0,0,2309,18,0.0,0,0.0,0,0.0,0,0.0,0
2012-11-06T09:15:17.000,2308.8,2134,2308.6,2,0.0,0,0.0,0,0.0,0,0.0,0,2308.8,6,0.0,0,0.0,0,0.0,0,0.0,0
2012-11-06T09:15:17.500,2308.8,2189,2308.8,13,0.0,0,0.0,0,0.0,0,0.0,0,2309,13,0.0,0,0.0,0,0.0,0,0.0,0
2012-11-06T09:15:18.000,2309.2,2207,2309,7,0.0,0,0.0,0,0.0,0,0.0,0,2309.4,7,0.0,0,0.0,0,0.0,0,0.0,0
2012-11-06T09:15:18.500,2308.8,2256,2308.6,2,0.0,0,0.0,0,0.0,0,0.0,0,2308.8,6,0.0,0,0.0,0,0.0,0,0.0,0
2012-11-06T09:15:19.000,2309.4,2268,2309,1,0.0,0,0.0,0,0.0,0,0.0,0,2309.4,6,0.0,0,0.0,0,0.0,0,0.0,0
2012-11-06T09:15:19.500,2309.2,2273,2309,10,0.0,0,0.0,0,0.0,0,0.0,0,2309.2,1,0.0,0,0.0,0,0.0,0,0.0,0
2012-11-06T09:15:20.000,2309.6,2292,2309,9,0.0,0,0.0,0,0.0,0,0.0,0,2309.8,4,0.0,0,0.0,0,0.0,0,0.0,0
2012-11-06T09:15:20.500,2309.2,2323,2309.2,38,0.0,0,0.0,0,0.0,0,0.0,0,2309.4,1,0.0,0,0.0,0,0.0,0,0.0,0
2012-11-06T09:15:21.000,2309.6,2339,2309.4,6,0.0,0,0.0,0,0.0,0,0.0,0,2309.6,1,0.0,0,0.0,0,0.0,0,0.0,0
2012-11-06T09:15:21.500,2309.6,2374,2309.6,2,0.0,0,0.0,0,0.0,0,0.0,0,2309.8,1,0.0,0,0.0,0,0.0,0,0.0,0
2012-11-06T09:15:22.000,2309.8,2381,2309.4,23,0.0,0,0.0,0,0.0,0,0.0,0,2309.8,4,0.0,0,0.0,0,0.0,0,0.0,0
2012-11-06T09:15:22.500,2309.8,2389,2309.4,16,0.0,0,0.0,0,0.0,0,0.0,0,2309.8,7,0.0,0,0.0,0,0.0,0,0.0,0
2012-11-06T09:15:23.000,2309.6,2405,2309.4,5,0.0,0,0.0,0,0.0,0,0.0,0,2309.8,14,0.0,0,0.0,0,0.0,0,0.0,0
2012-11-06T09:15:23.500,2309.8,2422,2309.2,5,0.0,0,0.0,0,0.0,0,0.0,0,2309.8,10,0.0,0,0.0,0,0.0,0,0.0,0
2012-11-06T09:15:24.000,2309.6,2451,2309.4,1,0.0,0,0.0,0,0.0,0,0.0,0,2309.6,16,0.0,0,0.0,0,0.0,0,0.0,0
2012-11-06T09:15:24.500,2309.6,2465,2309.2,27,0.0,0,0.0,0,0.0,0,0.0,0,2309.6,8,0.0,0,0.0,0,0.0,0,0.0,0
2012-11-06T09:15:25.000,2309.6,2494,2309.2,11,0.0,0,0.0,0,0.0,0,0.0,0,2309.4,4,0.0,0,0.0,0,0.0,0,0.0,0
2012-11-06T09:15:25.500,2309.2,2507,2309.2,2,0.0,0,0.0,0,0.0,0,0.0,0,2309.4,1,0.0,0,0.0,0,0.0,0,0.0,0
2012-11-06T09:15:26.000,2309,2522,2309,122,0.0,0,0.0,0,0.0,0,0.0,0,2309.2,13,0.0,0,0.0,0,0.0,0,0.0,0
2012-11-06T09:15:26.500,2309.2,2550,2309,118,0.0,0,0.0,0,0.0,0,0.0,0,2309.6,41,0.0,0,0.0,0,0.0,0,0.0,0
2012-11-06T09:15:27.000,2309.2,2560,2309.2,12,0.0,0,0.0,0,0.0,0,0.0,0,2309.6,41,0.0,0,0.0,0,0.0,0,0.0,0
2012-11-06T09:15:27.500,2309.2,2586,2309.2,32,0.0,0,0.0,0,0.0,0,0.0,0,2309.4,1,0.0,0,0.0,0,0.0,0,0.0,0
2012-11-06T09:15:28.000,2309.2,2589,2309.2,32,0.0,0,0.0,0,0.0,0,0.0,0,2309.4,1,0.0,0,0.0,0,0.0,0,0.0,0
2012-11-06T09:15:28.500,2309.4,2604,2309.2,28,0.0,0,0.0,0,0.0,0,0.0,0,2309.4,6,0.0,0,0.0,0,0.0,0,0.0,0
2012-11-06T09:15:29.000,2309.2,2615,2309.2,17,0.0,0,0.0,0,0.0,0,0.0,0,2309.4,10,0.0,0,0.0,0,0.0,0,0.0,0
2012-11-06T09:15:29.500,2309.4,2625,2309.2,7,0.0,0,0.0,0,0.0,0,0.0,0,2309.4,5,0.0,0,0.0,0,0.0,0,0.0,0
2012-11-06T09:15:30.000,2309.4,2644,2309.4,31,0.0,0,0.0,0,0.0,0,0.0,0,2309.6,26,0.0,0,0.0,0,0.0,0,0.0,0
2012-11-06T09:15:30.500,2309.6,2651,2309.4,25,0.0,0,0.0,0,0.0,0,0.0,0,2309.6,25,0.0,0,0.0,0,0.0,0,0.0,0
2012-11-06T09:15:31.000,2309.6,2695,2309.6,5,0.0,0,0.0,0,0.0,0,0.0,0,2309.8,23,0.0,0,0.0,0,0.0,0,0.0,0
2012-11-06T09:15:31.500,2309.6,2709,2309.6,7,0.0,0,0.0,0,0.0,0,0.0,0,2309.8,13,0.0,0,0.0,0,0.0,0,0.0,0
2012-11-06T09:15:32.000,2309.6,2731,2309.6,6,0.0,0,0.0,0,0.0,0,0.0,0,2309.8,1,0.0,0,0.0,0,0.0,0,0.0,0
2012-11-06T09:15:32.500,2309.8,2734,2309.8,11,0.0,0,0.0,0,0.0,0,0.0,0,2310,38,0.0,0,0.0,0,0.0,0,0.0,0
2012-11-06T09:15:33.000,2309.8,2736,2309.8,14,0.0,0,0.0,0,0.0,0,0.0,0,2310,38,0.0,0,0.0,0,0.0,0,0.0,0
2012-11-06T09:15:33.500,2309,2811,2309,123,0.0,0,0.0,0,0.0,0,0.0,0,2309.8,8,0.0,0,0.0,0,0.0,0,0.0,0
2012-11-06T09:15:34.000,2309.6,2840,2309.4,2,0.0,0,0.0,0,0.0,0,0.0,0,2309.6,39,0.0,0,0.0,0,0.0,0,0.0,0
2012-11-06T09:15:34.500,2309.4,2881,2309,120,0.0,0,0.0,0,0.0,0,0.0,0,2309.2,9,0.0,0,0.0,0,0.0,0,0.0,0
2012-11-06T09:15:35.000,2309.2,2897,2309,121,0.0,0,0.0,0,0.0,0,0.0,0,2309.2,8,0.0,0,0.0,0,0.0,0,0.0,0
2012-11-06T09:15:35.500,2309.4,2920,2309.2,8,0.0,0,0.0,0,0.0,0,0.0,0,2309.4,16,0.0,0,0.0,0,0.0,0,0.0,0
2012-11-06T09:15:36.000,2309.2,2926,2309.2,7,0.0,0,0.0,0,0.0,0,0.0,0,2309.4,16,0.0,0,0.0,0,0.0,0,0.0,0
2012-11-06T09:15:36.500,2309.4,2957,2309.4,3,0.0,0,0.0,0,0.0,0,0.0,0,2309.6,30,0.0,0,0.0,0,0.0,0,0.0,0
2012-11-06T09:15:37.000,2309.2,2962,2309.4,3,0.0,0,0.0,0,0.0,0,0.0,0,2309.6,36,0.0,0,0.0,0,0.0,0,0.0,0
2012-11-06T09:15:37.500,2309.6,2970,2309.2,6,0.0,0,0.0,0,0.0,0,0.0,0,2309.4,2,0.0,0,0.0,0,0.0,0,0.0,0
2012-11-06T09:15:38.000,2309.4,2982,2309.2,14,0.0,0,0.0,0,0.0,0,0.0,0,2309.6,26,0.0,0,0.0,0,0.0,0,0.0,0
2012-11-06T09:15:38.500,2309.2,3001,2309,110,0.0,0,0.0,0,0.0,0,0.0,0,2309.2,3,0.0,0,0.0,0,0.0,0,0.0,0
2012-11-06T09:15:39.000,2309.4,3009,2309.4,8,0.0,0,0.0,0,0.0,0,0.0,0,2309.6,18,0.0,0,0.0,0,0.0,0,0.0,0
2012-11-06T09:15:39.500,2309.4,3023,2309.2,14,0.0,0,0.0,0,0.0,0,0.0,0,2309.4,6,0.0,0,0.0,0,0.0,0,0.0,0
2012-11-06T09:15:40.000,2309.4,3028,2309.2,31,0.0,0,0.0,0,0.0,0,0.0,0,2309.4,4,0.0,0,0.0,0,0.0,0,0.0,0
2012-11-06T09:15:40.500,2309.2,3042,2309.2,26,0.0,0,0.0,0,0.0,0,0.0,0,2309.4,1,0.0,0,0.0,0,0.0,0,0.0,0
2012-11-06T09:15:41.000,2309.4,3044,2309.2,26,0.0,0,0.0,0,0.0,0,0.0,0,2309.6,15,0.0,0,0.0,0,0.0,0,0.0,0
2012-11-06T09:15:41.500,2309.6,3047,2309.4,2,0.0,0,0.0,0,0.0,0,0.0,0,2309.6,13,0.0,0,0.0,0,0.0,0,0.0,0
2012-11-06T09:15:42.000,2309.6,3048,2309.4,9,0.0,0,0.0,0,0.0,0,0.0,0,2309.6,12,0.0,0,0.0,0,0.0,0,0.0,0
2012-11-06T09:15:42.500,2309.6,3063,2309.6,23,0.0,0,0.0,0,0.0,0,0.0,0,2309.8,29,0.0,0,0.0,0,0.0,0,0.0,0
2012-11-06T09:15:43.000,2309.6,3068,2309.6,22,0.0,0,0.0,0,0.0,0,0.0,0,2309.8,31,0.0,0,0.0,0,0.0,0,0.0,0
2012-11-06T09:15:43.500,2309.8,3071,2309.6,21,0.0,0,0.0,0,0.0,0,0.0,0,2309.8,30,0.0,0,0.0,0,0.0,0,0.0,0
2012-11-06T09:15:44.000,2309.6,3081,2309.6,18,0.0,0,0.0,0,0.0,0,0.0,0,2309.8,25,0.0,0,0.0,0,0.0,0,0.0,0
2012-11-06T09:15:44.500,2309.8,3190,2309.8,5,0.0,0,0.0,0,0.0,0,0.0,0,2310,6,0.0,0,0.0,0,0.0,0,0.0,0
2012-11-06T09:15:45.000,2309.8,3192,2309.8,20,0.0,0,0.0,0,0.0,0,0.0,0,2310,5,0.0,0,0.0,0,0.0,0,0.0,0
2012-11-06T09:15:45.500,2310,3200,2309.8,20,0.0,0,0.0,0,0.0,0,0.0,0,2310,1,0.0,0,0.0,0,0.0,0,0.0,0
2012-11-06T09:15:46.000,2310.2,3205,2310,6,0.0,0,0.0,0,0.0,0,0.0,0,2310.2,17,0.0,0,0.0,0,0.0,0,0.0,0
2012-11-06T09:15:46.500,2310.2,3215,2310,13,0.0,0,0.0,0,0.0,0,0.0,0,2310.2,15,0.0,0,0.0,0,0.0,0,0.0,0
2012-11-06T09:15:47.000,2310,3222,2310,13,0.0,0,0.0,0,0.0,0,0.0,0,2310.2,10,0.0,0,0.0,0,0.0,0,0.0,0
2012-11-06T09:15:47.500,2310,3233,2310,20,0.0,0,0.0,0,0.0,0,0.0,0,2310.2,4,0.0,0,0.0,0,0.0,0,0.0,0
2012-11-06T09:15:48.000,2310.2,3240,2310.2,2,0.0,0,0.0,0,0.0,0,0.0,0,2310.4,26,0.0,0,0.0,0,0.0,0,0.0,0
2012-11-06T09:15:48.500,2310.4,3259,2310.2,11,0.0,0,0.0,0,0.0,0,0.0,0,2310.4,23,0.0,0,0.0,0,0.0,0,0.0,0
2012-11-06T09:15:49.000,2310,3276,2310,14,0.0,0,0.0,0,0.0,0,0.0,0,2310.2,1,0.0,0,0.0,0,0.0,0,0.0,0
2012-11-06T09:15:49.500,2310.2,3279,2310.2,3,0.0,0,0.0,0,0.0,0,0.0,0,2310.4,20,0.0,0,0.0,0,0.0,0,0.0,0
2012-11-06T09:15:50.000,2310.2,3288,2310.2,22,0.0,0,0.0,0,0.0,0,0.0,0,2310.4,20,0.0,0,0.0,0,0.0,0,0.0,0
2012-11-06T09:15:50.500,2310.2,3295,2310.2,16,0.0,0,0.0,0,0.0,0,0.0,0,2310.4,15,0.0,0,0.0,0,0.0,0,0.0,0
2012-11-06T09:15:51.000,2310.2,3297,2310.2,27,0.0,0,0.0,0,0.0,0,0.0,0,2310.4,15,0.0,0,0.0,0,0.0,0,0.0,0
2012-11-06T09:15:51.500,2310.2,3310,2310.2,20,0.0,0,0.0,0,0.0,0,0.0,0,2310.4,12,0.0,0,0.0,0,0.0,0,0.0,0
2012-11-06T09:15:52.000,2310.2,3334,2310,51,0.0,0,0.0,0,0.0,0,0.0,0,2310.2,14,0.0,0,0.0,0,0.0,0,0.0,0
2012-11-06T09:15:52.500,2310.2,3342,2310,50,0.0,0,0.0,0,0.0,0,0.0,0,2310.2,7,0.0,0,0.0,0,0.0,0,0.0,0
2012-11-06T09:15:53.000,2310,3350,2310,55,0.0,0,0.0,0,0.0,0,0.0,0,2310.2,5,0.0,0,0.0,0,0.0,0,0.0,0
2012-11-06T09:15:53.500,2310,3366,2310,43,0.0,0,0.0,0,0.0,0,0.0,0,2310.2,5,0.0,0,0.0,0,0.0,0,0.0,0
2012-11-06T09:15:54.000,2310,3378,2310,35,0.0,0,0.0,0,0.0,0,0.0,0,2310.2,33,0.0,0,0.0,0,0.0,0,0.0,0
2012-11-06T09:15:54.500,2310,3405,2310,29,0.0,0,0.0,0,0.0,0,0.0,0,2310.2,19,0.0,0,0.0,0,0.0,0,0.0,0
2012-11-06T09:15:55.000,2310,3460,2309.8,1,0.0,0,0.0,0,0.0,0,0.0,0,2310,9,0.0,0,0.0,0,0.0,0,0.0,0
2012-11-06T09:15:55.500,2309.8,3481,2309.8,6,0.0,0,0.0,0,0.0,0,0.0,0,2310,4,0.0,0,0.0,0,0.0,0,0.0,0
2012-11-06T09:15:56.000,2309.6,3495,2309.6,7,0.0,0,0.0,0,0.0,0,0.0,0,2310,4,0.0,0,0.0,0,0.0,0,0.0,0
2012-11-06T09:15:56.500,2310.2,3504,2310,1,0.0,0,0.0,0,0.0,0,0.0,0,2310.2,32,0.0,0,0.0,0,0.0,0,0.0,0
2012-11-06T09:15:57.000,2309.6,3521,2309.6,3,0.0,0,0.0,0,0.0,0,0.0,0,2310,2,0.0,0,0.0,0,0.0,0,0.0,0
2012-11-06T09:15:57.500,2310,3542,2310,82,0.0,0,0.0,0,0.0,0,0.0,0,2310.2,21,0.0,0,0.0,0,0.0,0,0.0,0
2012-11-06T09:15:58.000,2310,3621,2310,30,0.0,0,0.0,0,0.0,0,0.0,0,2310.4,22,0.0,0,0.0,0,0.0,0,0.0,0
2012-11-06T09:15:58.500,2310,3623,2310.2,9,0.0,0,0.0,0,0.0,0,0.0,0,2310.4,22,0.0,0,0.0,0,0.0,0,0.0,0
2012-11-06T09:15:59.000,2310.2,3627,2310.2,16,0.0,0,0.0,0,0.0,0,0.0,0,2310.4,21,0.0,0,0.0,0,0.0,0,0.0,0
2012-11-06T09:15:59.500,2310,3634,2310.2,5,0.0,0,0.0,0,0.0,0,0.0,0,2310.4,21,0.0,0,0.0,0,0.0,0,0.0,0
2012-11-06T09:16:00.000,2310.4,3642,2310.2,6,0.0,0,0.0,0,0.0,0,0.0,0,2310.4,18,0.0,0,0.0,0,0.0,0,0.0,0
2012-11-06T09:16:00.500,2310.6,3677,2310,39,0.0,0,0.0,0,0.0,0,0.0,0,2310.6,21,0.0,0,0.0,0,0.0,0,0.0,0
2012-11-06T09:16:01.000,2310.6,3710,2310,38,0.0,0,0.0,0,0.0,0,0.0,0,2310.8,41,0.0,0,0.0,0,0.0,0,0.0,0
2012-11-06T09:16:01.500,2310.6,3717,2310.6,4,0.0,0,0.0,0,0.0,0,0.0,0,2310.8,41,0.0,0,0.0,0,0.0,0,0.0,0
2012-11-06T09:16:02.000,2310.6,3724,2310.4,20,0.0,0,0.0,0,0.0,0,0.0,0,2310.6,9,0.0,0,0.0,0,0.0,0,0.0,0
2012-11-06T09:16:02.500,2310.6,3744,2310.4,29,0.0,0,0.0,0,0.0,0,0.0,0,2310.6,2,0.0,0,0.0,0,0.0,0,0.0,0
2012-11-06T09:16:03.000,2310.6,3751,2310.4,25,0.0,0,0.0,0,0.0,0,0.0,0,2310.6,6,0.0,0,0.0,0,0.0,0,0.0,0
2012-11-06T09:16:03.500,2310.6,3779,2310.4,17,0.0,0,0.0,0,0.0,0,0.0,0,2310.6,9,0.0,0,0.0,0,0.0,0,0.0,0
2012-11-06T09:16:04.000,2310.4,3803,2310.4,4,0.0,0,0.0,0,0.0,0,0.0,0,2310.6,13,0.0,0,0.0,0,0.0,0,0.0,0
2012-11-06T09:16:04.500,2310.6,3832,2310.2,16,0.0,0,0.0,0,0.0,0,0.0,0,2310.4,4,0.0,0,0.0,0,0.0,0,0.0,0
2012-11-06T09:16:05.000,2310.2,3851,2310.2,3,0.0,0,0.0,0,0.0,0,0.0,0,2310.4,3,0.0,0,0.0,0,0.0,0,0.0,0
2012-11-06T09:16:05.500,2310.4,3859,2310.4,9,0.0,0,0.0,0,0.0,0,0.0,0,2310.6,7,0.0,0,0.0,0,0.0,0,0.0,0
2012-11-06T09:16:06.000,2310.6,3883,2310.6,12,0.0,0,0.0,0,0.0,0,0.0,0,2310.8,43,0.0,0,0.0,0,0.0,0,0.0,0
2012-11-06T09:16:06.500,2310.6,3908,2310.6,2,0.0,0,0.0,0,0.0,0,0.0,0,2310.8,30,0.0,0,0.0,0,0.0,0,0.0,0
2012-11-06T09:16:07.000,2310.6,3916,2310.6,4,0.0,0,0.0,0,0.0,0,0.0,0,2310.8,29,0.0,0,0.0,0,0.0,0,0.0,0
2012-11-06T09:16:07.500,2310.6,3922,2310.4,10,0.0,0,0.0,0,0.0,0,0.0,0,2310.6,5,0.0,0,0.0,0,0.0,0,0.0,0
2012-11-06T09:16:08.000,2310.4,3938,2310.2,17,0.0,0,0.0,0,0.0,0,0.0,0,2310.4,7,0.0,0,0.0,0,0.0,0,0.0,0
2012-11-06T09:16:08.500,2310.4,3977,2310.4,8,0.0,0,0.0,0,0.0,0,0.0,0,2310.8,29,0.0,0,0.0,0,0.0,0,0.0,0
2012-11-06T09:16:09.000,2310.6,3988,2310.2,16,0.0,0,0.0,0,0.0,0,0.0,0,2310.6,1,0.0,0,0.0,0,0.0,0,0.0,0
2012-11-06T09:16:09.500,2310.2,3991,2310.2,16,0.0,0,0.0,0,0.0,0,0.0,0,2310.6,1,0.0,0,0.0,0,0.0,0,0.0,0
2012-11-06T09:16:10.000,2310,4009,2310,57,0.0,0,0.0,0,0.0,0,0.0,0,2310.2,1,0.0,0,0.0,0,0.0,0,0.0,0
2012-11-06T09:16:10.500,2310.6,4011,2310.2,3,0.0,0,0.0,0,0.0,0,0.0,0,2310.4,1,0.0,0,0.0,0,0.0,0,0.0,0
2012-11-06T09:16:11.000,2310.6,4020,2310.4,5,0.0,0,0.0,0,0.0,0,0.0,0,2310.6,10,0.0,0,0.0,0,0.0,0,0.0,0
2012-11-06T09:16:11.500,2310.6,4024,2310.4,2,0.0,0,0.0,0,0.0,0,0.0,0,2310.6,9,0.0,0,0.0,0,0.0,0,0.0,0
2012-11-06T09:16:12.000,2310.6,4036,2310.4,30,0.0,0,0.0,0,0.0,0,0.0,0,2310.6,3,0.0,0,0.0,0,0.0,0,0.0,0
2012-11-06T09:16:12.500,2310.6,4044,2310.6,5,0.0,0,0.0,0,0.0,0,0.0,0,2310.8,36,0.0,0,0.0,0,0.0,0,0.0,0
2012-11-06T09:16:13.000,2310.8,4091,2310.8,29,0.0,0,0.0,0,0.0,0,0.0,0,2311,40,0.0,0,0.0,0,0.0,0,0.0,0
2012-11-06T09:16:13.500,2311,4123,2310.8,27,0.0,0,0.0,0,0.0,0,0.0,0,2311,11,0.0,0,0.0,0,0.0,0,0.0,0
2012-11-06T09:16:14.000,2311.2,4138,2311,34,0.0,0,0.0,0,0.0,0,0.0,0,2311.2,15,0.0,0,0.0,0,0.0,0,0.0,0
2012-11-06T09:16:14.500,2311.4,4169,2311.4,2,0.0,0,0.0,0,0.0,0,0.0,0,2311.6,13,0.0,0,0.0,0,0.0,0,0.0,0
2012-11-06T09:16:15.000,2311.6,4189,2311.4,5,0.0,0,0.0,0,0.0,0,0.0,0,2311.6,11,0.0,0,0.0,0,0.0,0,0.0,0
2012-11-06T09:16:15.500,2311.4,4204,2311.4,2,0.0,0,0.0,0,0.0,0,0.0,0,2311.6,15,0.0,0,0.0,0,0.0,0,0.0,0
2012-11-06T09:16:16.000,2311.4,4215,2311.2,18,0.0,0,0.0,0,0.0,0,0.0,0,2311.4,34,0.0,0,0.0,0,0.0,0,0.0,0
2012-11-06T09:16:16.500,2311.4,4232,2311.2,13,0.0,0,0.0,0,0.0,0,0.0,0,2311.4,23,0.0,0,0.0,0,0.0,0,0.0,0
2012-11-06T09:16:17.000,2311.4,4259,2311,25,0.0,0,0.0,0,0.0,0,0.0,0,2311.4,9,0.0,0,0.0,0,0.0,0,0.0,0
2012-11-06T09:16:17.500,2311.4,4294,2311,3,0.0,0,0.0,0,0.0,0,0.0,0,2311.4,25,0.0,0,0.0,0,0.0,0,0.0,0
2012-11-06T09:16:18.000,2310.8,4315,2310.8,7,0.0,0,0.0,0,0.0,0,0.0,0,2311,1,0.0,0,0.0,0,0.0,0,0.0,0
2012-11-06T09:16:18.500,2310.8,4371,2310.6,16,0.0,0,0.0,0,0.0,0,0.0,0,2310.8,6,0.0,0,0.0,0,0.0,0,0.0,0
2012-11-06T09:16:19.000,2311.4,4411,2310.8,1,0.0,0,0.0,0,0.0,0,0.0,0,2311.4,1,0.0,0,0.0,0,0.0,0,0.0,0
2012-11-06T09:16:19.500,2310.8,4439,2310.8,3,0.0,0,0.0,0,0.0,0,0.0,0,2311.2,2,0.0,0,0.0,0,0.0,0,0.0,0
2012-11-06T09:16:20.000,2310.8,4449,2310.6,11,0.0,0,0.0,0,0.0,0,0.0,0,2310.8,41,0.0,0,0.0,0,0.0,0,0.0,0
2012-11-06T09:16:20.500,2310.6,4464,2310.4,57,0.0,0,0.0,0,0.0,0,0.0,0,2310.6,1,0.0,0,0.0,0,0.0,0,0.0,0
2012-11-06T09:16:21.000,2310.6,4485,2310.4,55,0.0,0,0.0,0,0.0,0,0.0,0,2310.6,4,0.0,0,0.0,0,0.0,0,0.0,0
2012-11-06T09:16:21.500,2310.4,4486,2310.4,54,0.0,0,0.0,0,0.0,0,0.0,0,2310.6,5,0.0,0,0.0,0,0.0,0,0.0,0
2012-11-06T09:16:22.000,2310.6,4491,2310.6,49,0.0,0,0.0,0,0.0,0,0.0,0,2310.8,34,0.0,0,0.0,0,0.0,0,0.0,0
2012-11-06T09:16:22.500,2310.8,4498,2310.6,54,0.0,0,0.0,0,0.0,0,0.0,0,2310.8,29,0.0,0,0.0,0,0.0,0,0.0,0
2012-11-06T09:16:23.000,2311.2,4531,2311,2,0.0,0,0.0,0,0.0,0,0.0,0,2311.2,1,0.0,0,0.0,0,0.0,0,0.0,0
2012-11-06T09:16:23.500,2311.4,4535,2311.2,28,0.0,0,0.0,0,0.0,0,0.0,0,2311.4,26,0.0,0,0.0,0,0.0,0,0.0,0
2012-11-06T09:16:24.000,2311.4,4542,2311.2,30,0.0,0,0.0,0,0.0,0,0.0,0,2311.4,24,0.0,0,0.0,0,0.0,0,0.0,0
2012-11-06T09:16:24.500,2311.4,4552,2311.2,25,0.0,0,0.0,0,0.0,0,0.0,0,2311.4,18,0.0,0,0.0,0,0.0,0,0.0,0
2012-11-06T09:16:25.000,2311.2,4568,2311.2,15,0.0,0,0.0,0,0.0,0,0.0,0,2311.4,14,0.0,0,0.0,0,0.0,0,0.0,0
2012-11-06T09:16:25.500,2311.2,4571,2311.2,15,0.0,0,0.0,0,0.0,0,0.0,0,2311.4,15,0.0,0,0.0,0,0.0,0,0.0,0
2012-11-06T09:16:26.000,2311.4,4598,2311.4,1,0.0,0,0.0,0,0.0,0,0.0,0,2311.6,25,0.0,0,0.0,0,0.0,0,0.0,0
2012-11-06T09:16:26.500,2311.4,4603,2311.4,7,0.0,0,0.0,0,0.0,0,0.0,0,2311.6,25,0.0,0,0.0,0,0.0,0,0.0,0
2012-11-06T09:16:27.000,2311.4,4613,2311.4,3,0.0,0,0.0,0,0.0,0,0.0,0,2311.6,25,0.0,0,0.0,0,0.0,0,0.0,0
2012-11-06T09:16:27.500,2311.4,4623,2311.4,4,0.0,0,0.0,0,0.0,0,0.0,0,2311.6,26,0.0,0,0.0,0,0.0,0,0.0,0
2012-11-06T09:16:28.000,2311.4,4633,2311.2,21,0.0,0,0.0,0,0.0,0,0.0,0,2311.4,12,0.0,0,0.0,0,0.0,0,0.0,0
2012-11-06T09:16:28.500,2311.4,4643,2311.2,21,0.0,0,0.0,0,0.0,0,0.0,0,2311.4,12,0.0,0,0.0,0,0.0,0,0.0,0
2012-11-06T09:16:29.000,2311.2,4658,2311.2,22,0.0,0,0.0,0,0.0,0,0.0,0,2311.4,20,0.0,0,0.0,0,0.0,0,0.0,0
2012-11-06T09:16:29.500,2311.4,4708,2311.2,15,0.0,0,0.0,0,0.0,0,0.0,0,2311.4,5,0.0,0,0.0,0,0.0,0,0.0,0
2012-11-06T09:16:30.000,2311.4,4711,2311.2,15,0.0,0,0.0,0,0.0,0,0.0,0,2311.4,4,0.0,0,0.0,0,0.0,0,0.0,0
2012-11-06T09:16:30.500,2311.4,4721,2311.2,13,0.0,0,0.0,0,0.0,0,0.0,0,2311.4,1,0.0,0,0.0,0,0.0,0,0.0,0
2012-11-06T09:16:31.000,2311.2,4725,2311.4,3,0.0,0,0.0,0,0.0,0,0.0,0,2311.6,14,0.0,0,0.0,0,0.0,0,0.0,0
2012-11-06T09:16:31.500,2311.4,4727,2311.4,1,0.0,0,0.0,0,0.0,0,0.0,0,2311.6,15,0.0,0,0.0,0,0.0,0,0.0,0
2012-11-06T09:16:32.000,2311.4,4730,2311.4,1,0.0,0,0.0,0,0.0,0,0.0,0,2311.6,56,0.0,0,0.0,0,0.0,0,0.0,0
2012-11-06T09:16:32.500,2311.6,4742,2311.2,12,0.0,0,0.0,0,0.0,0,0.0,0,2311.6,54,0.0,0,0.0,0,0.0,0,0.0,0
2012-11-06T09:16:33.000,2311.4,4746,2311.2,11,0.0,0,0.0,0,0.0,0,0.0,0,2311.4,17,0.0,0,0.0,0,0.0,0,0.0,0
2012-11-06T09:16:33.500,2311.2,4758,2311.2,9,0.0,0,0.0,0,0.0,0,0.0,0,2311.4,19,0.0,0,0.0,0,0.0,0,0.0,0
2012-11-06T09:16:34.000,2311.4,4769,2311.2,10,0.0,0,0.0,0,0.0,0,0.0,0,2311.4,35,0.0,0,0.0,0,0.0,0,0.0,0
2012-11-06T09:16:34.500,2311.6,4827,2311.2,17,0.0,0,0.0,0,0.0,0,0.0,0,2311.4,1,0.0,0,0.0,0,0.0,0,0.0,0
2012-11-06T09:16:35.000,2311.4,4847,2311.2,16,0.0,0,0.0,0,0.0,0,0.0,0,2311.6,38,0.0,0,0.0,0,0.0,0,0.0,0
2012-11-06T09:16:35.500,2311.4,4848,2311.4,1,0.0,0,0.0,0,0.0,0,0.0,0,2311.6,38,0.0,0,0.0,0,0.0,0,0.0,0
2012-11-06T09:16:36.000,2311.2,4873,2311.2,34,0.0,0,0.0,0,0.0,0,0.0,0,2311.4,1,0.0,0,0.0,0,0.0,0,0.0,0
2012-11-06T09:16:36.500,2311.4,4878,2311.4,3,0.0,0,0.0,0,0.0,0,0.0,0,2311.6,33,0.0,0,0.0,0,0.0,0,0.0,0
2012-11-06T09:16:37.000,2311.2,4886,2311.4,17,0.0,0,0.0,0,0.0,0,0.0,0,2311.6,33,0.0,0,0.0,0,0.0,0,0.0,0
2012-11-06T09:16:37.500,2311.6,4911,2311.4,24,0.0,0,0.0,0,0.0,0,0.0,0,2311.6,16,0.0,0,0.0,0,0.0,0,0.0,0
2012-11-06T09:16:38.000,2311.6,4963,2311.6,7,0.0,0,0.0,0,0.0,0,0.0,0,2311.8,51,0.0,0,0.0,0,0.0,0,0.0,0
2012-11-06T09:16:38.500,2311.6,4992,2311.6,4,0.0,0,0.0,0,0.0,0,0.0,0,2311.8,27,0.0,0,0.0,0,0.0,0,0.0,0
2012-11-06T09:16:39.000,2311.4,5023,2311.4,7,0.0,0,0.0,0,0.0,0,0.0,0,2311.6,1,0.0,0,0.0,0,0.0,0,0.0,0
2012-11-06T09:16:39.500,2312.2,5084,2312.2,28,0.0,0,0.0,0,0.0,0,0.0,0,2312.4,33,0.0,0,0.0,0,0.0,0,0.0,0
2012-11-06T09:16:40.000,2312.4,5139,2312.2,1,0.0,0,0.0,0,0.0,0,0.0,0,2312.4,8,0.0,0,0.0,0,0.0,0,0.0,0
2012-11-06T09:16:40.500,2312.2,5167,2311.8,6,0.0,0,0.0,0,0.0,0,0.0,0,2312.2,12,0.0,0,0.0,0,0.0,0,0.0,0
2012-11-06T09:16:41.000,2312.2,5182,2311.8,7,0.0,0,0.0,0,0.0,0,0.0,0,2312,9,0.0,0,0.0,0,0.0,0,0.0,0
2012-11-06T09:16:41.500,2312,5215,2311.8,12,0.0,0,0.0,0,0.0,0,0.0,0,2312,28,0.0,0,0.0,0,0.0,0,0.0,0
2012-11-06T09:16:42.000,2311.8,5254,2311.6,18,0.0,0,0.0,0,0.0,0,0.0,0,2311.8,23,0.0,0,0.0,0,0.0,0,0.0,0
2012-11-06T09:16:42.500,2311.8,5289,2311.6,12,0.0,0,0.0,0,0.0,0,0.0,0,2311.8,2,0.0,0,0.0,0,0.0,0,0.0,0
2012-11-06T09:16:43.000,2311.8,5303,2311.6,12,0.0,0,0.0,0,0.0,0,0.0,0,2312,9,0.0,0,0.0,0,0.0,0,0.0,0
2012-11-06T09:16:43.500,2311.8,5309,2311.6,18,0.0,0,0.0,0,0.0,0,0.0,0,2312,7,0.0,0,0.0,0,0.0,0,0.0,0
2012-11-06T09:16:44.000,2311.6,5318,2311.6,15,0.0,0,0.0,0,0.0,0,0.0,0,2312,4,0.0,0,0.0,0,0.0,0,0.0,0
2012-11-06T09:16:44.500,2312,5322,2311.8,1,0.0,0,0.0,0,0.0,0,0.0,0,2312,2,0.0,0,0.0,0,0.0,0,0.0,0
2012-11-06T09:16:45.000,2311.8,5380,2311.6,1,0.0,0,0.0,0,0.0,0,0.0,0,2311.8,2,0.0,0,0.0,0,0.0,0,0.0,0
2012-11-06T09:16:45.500,2312,5394,2311.6,13,0.0,0,0.0,0,0.0,0,0.0,0,2311.8,15,0.0,0,0.0,0,0.0,0,0.0,0
2012-11-06T09:16:46.000,2311.8,5411,2311.6,15,0.0,0,0.0,0,0.0,0,0.0,0,2311.8,10,0.0,0,0.0,0,0.0,0,0.0,0
2012-11-06T09:16:46.500,2311.8,5428,2311.8,3,0.0,0,0.0,0,0.0,0,0.0,0,2312,15,0.0,0,0.0,0,0.0,0,0.0,0
2012-11-06T09:16:47.000,2311.8,5465,2311.6,18,0.0,0,0.0,0,0.0,0,0.0,0,2311.8,2,0.0,0,0.0,0,0.0,0,0.0,0
2012-11-06T09:16:47.500,2311.6,5473,2311.6,18,0.0,0,0.0,0,0.0,0,0.0,0,2312,9,0.0,0,0.0,0,0.0,0,0.0,0
2012-11-06T09:16:48.000,2311.6,5483,2311.6,27,0.0,0,0.0,0,0.0,0,0.0,0,2312,19,0.0,0,0.0,0,0.0,0,0.0,0
2012-11-06T09:16:48.500,2311.8,5486,2311.8,2,0.0,0,0.0,0,0.0,0,0.0,0,2312,13,0.0,0,0.0,0,0.0,0,0.0,0
2012-11-06T09:16:49.000,2311.8,5499,2311.6,28,0.0,0,0.0,0,0.0,0,0.0,0,2311.8,1,0.0,0,0.0,0,0.0,0,0.0,0
2012-11-06T09:16:49.500,2312,5535,2312,4,0.0,0,0.0,0,0.0,0,0.0,0,2312.2,3,0.0,0,0.0,0,0.0,0,0.0,0
2012-11-06T09:16:50.000,2312,5543,2312,22,0.0,0,0.0,0,0.0,0,0.0,0,2312.2,3,0.0,0,0.0,0,0.0,0,0.0,0
2012-11-06T09:16:50.500,2312,5546,2312,25,0.0,0,0.0,0,0.0,0,0.0,0,2312.2,5,0.0,0,0.0,0,0.0,0,0.0,0
2012-11-06T09:16:51.000,2312,5577,2312,22,0.0,0,0.0,0,0.0,0,0.0,0,2312.2,4,0.0,0,0.0,0,0.0,0,0.0,0
2012-11-06T09:16:51.500,2312,5587,2312,19,0.0,0,0.0,0,0.0,0,0.0,0,2312.4,6,0.0,0,0.0,0,0.0,0,0.0,0
2012-11-06T09:16:52.000,2312.2,5597,2312,16,0.0,0,0.0,0,0.0,0,0.0,0,2312.2,12,0.0,0,0.0,0,0.0,0,0.0,0
2012-11-06T09:16:52.500,2312,5606,2312,14,0.0,0,0.0,0,0.0,0,0.0,0,2312.2,15,0.0,0,0.0,0,0.0,0,0.0,0
2012-11-06T09:16:53.000,2312,5637,2311.8,29,0.0,0,0.0,0,0.0,0,0.0,0,2312.2,35,0.0,0,0.0,0,0.0,0,0.0,0
2012-11-06T09:16:53.500,2311.8,5650,2311.8,27,0.0,0,0.0,0,0.0,0,0.0,0,2312.2,25,0.0,0,0.0,0,0.0,0,0.0,0
2012-11-06T09:16:54.000,2312,5659,2311.8,27,0.0,0,0.0,0,0.0,0,0.0,0,2312,9,0.0,0,0.0,0,0.0,0,0.0,0
2012-11-06T09:16:54.500,2312.4,5702,2312.4,1,0.0,0,0.0,0,0.0,0,0.0,0,2312.6,70,0.0,0,0.0,0,0.0,0,0.0,0
2012-11-06T09:16:55.000,2311.8,5728,2311.8,10,0.0,0,0.0,0,0.0,0,0.0,0,2312,1,0.0,0,0.0,0,0.0,0,0.0,0
2012-11-06T09:16:55.500,2312,5751,2312,21,0.0,0,0.0,0,0.0,0,0.0,0,2312.2,2,0.0,0,0.0,0,0.0,0,0.0,0
2012-11-06T09:16:56.000,2312.2,5757,2312.2,7,0.0,0,0.0,0,0.0,0,0.0,0,2312.4,2,0.0,0,0.0,0,0.0,0,0.0,0
2012-11-06T09:16:56.500,2312.2,5762,2312.2,10,0.0,0,0.0,0,0.0,0,0.0,0,2312.4,11,0.0,0,0.0,0,0.0,0,0.0,0
2012-11-06T09:16:57.000,2312.2,5764,2312.2,10,0.0,0,0.0,0,0.0,0,0.0,0,2312.4,17,0.0,0,0.0,0,0.0,0,0.0,0
2012-11-06T09:16:57.500,2312.2,5773,2312.2,8,0.0,0,0.0,0,0.0,0,0.0,0,2312.4,12,0.0,0,0.0,0,0.0,0,0.0,0
2012-11-06T09:16:58.000,2312.2,5786,2312.2,11,0.0,0,0.0,0,0.0,0,0.0,0,2312.4,4,0.0,0,0.0,0,0.0,0,0.0,0
2012-11-06T09:16:58.500,2312.2,5793,2312.2,8,0.0,0,0.0,0,0.0,0,0.0,0,2312.4,6,0.0,0,0.0,0,0.0,0,0.0,0
2012-11-06T09:16:59.000,2312.2,5803,2312,34,0.0,0,0.0,0,0.0,0,0.0,0,2312.4,4,0.0,0,0.0,0,0.0,0,0.0,0
2012-11-06T09:16:59.500,2312.4,5813,2312,39,0.0,0,0.0,0,0.0,0,0.0,0,2312.2,1,0.0,0,0.0,0,0.0,0,0.0,0
2012-11-06T09:17:00.000,2312,5820,2312,22,0.0,0,0.0,0,0.0,0,0.0,0,2312.2,1,0.0,0,0.0,0,0.0,0,0.0,0
2012-11-06T09:17:00.500,2312.2,5873,2312,23,0.0,0,0.0,0,0.0,0,0.0,0,2312.2,6,0.0,0,0.0,0,0.0,0,0.0,0
2012-11-06T09:17:01.000,2312,5908,2311.8,41,0.0,0,0.0,0,0.0,0,0.0,0,2312,2,0.0,0,0.0,0,0.0,0,0.0,0
2012-11-06T09:17:01.500,2312,5938,2311.8,33,0.0,0,0.0,0,0.0,0,0.0,0,2312,1,0.0,0,0.0,0,0.0,0,0.0,0
2012-11-06T09:17:02.000,2312.2,5971,2312,1,0.0,0,0.0,0,0.0,0,0.0,0,2312.2,17,0.0,0,0.0,0,0.0,0,0.0,0
2012-11-06T09:17:02.500,2312,5979,2312,24,0.0,0,0.0,0,0.0,0,0.0,0,2312.2,16,0.0,0,0.0,0,0.0,0,0.0,0
2012-11-06T09:17:03.000,2312,6013,2312,7,0.0,0,0.0,0,0.0,0,0.0,0,2312.2,2,0.0,0,0.0,0,0.0,0,0.0,0
2012-11-06T09:17:03.500,2312.2,6033,2312.2,4,0.0,0,0.0,0,0.0,0,0.0,0,2312.4,9,0.0,0,0.0,0,0.0,0,0.0,0
2012-11-06T09:17:04.000,2312.4,6106,2312.2,2,0.0,0,0.0,0,0.0,0,0.0,0,2312.4,8,0.0,0,0.0,0,0.0,0,0.0,0
2012-11-06T09:17:04.500,2312.2,6121,2312,29,0.0,0,0.0,0,0.0,0,0.0,0,2312.2,4,0.0,0,0.0,0,0.0,0,0.0,0
2012-11-06T09:17:05.000,2312.4,6136,2312,26,0.0,0,0.0,0,0.0,0,0.0,0,2312.4,2,0.0,0,0.0,0,0.0,0,0.0,0
2012-11-06T09:17:05.500,2312.2,6150,2312,29,0.0,0,0.0,0,0.0,0,0.0,0,2312.2,14,0.0,0,0.0,0,0.0,0,0.0,0
2012-11-06T09:17:06.000,2312,6160,2312,24,0.0,0,0.0,0,0.0,0,0.0,0,2312.2,10,0.0,0,0.0,0,0.0,0,0.0,0
2012-11-06T09:17:06.500,2312,6174,2312,17,0.0,0,0.0,0,0.0,0,0.0,0,2312.2,9,0.0,0,0.0,0,0.0,0,0.0,0
2012-11-06T09:17:07.000,2312,6195,2311.8,2,0.0,0,0.0,0,0.0,0,0.0,0,2312,5,0.0,0,0.0,0,0.0,0,0.0,0
2012-11-06T09:17:07.500,2311.8,6207,2311.6,14,0.0,0,0.0,0,0.0,0,0.0,0,2312,8,0.0,0,0.0,0,0.0,0,0.0,0
2012-11-06T09:17:08.000,2311.6,6225,2311.6,13,0.0,0,0.0,0,0.0,0,0.0,0,2312,29,0.0,0,0.0,0,0.0,0,0.0,0
2012-11-06T09:17:08.500,2311.8,6231,2311.6,39,0.0,0,0.0,0,0.0,0,0.0,0,2311.8,11,0.0,0,0.0,0,0.0,0,0.0,0
2012-11-06T09:17:09.000,2311.6,6243,2311.6,35,0.0,0,0.0,0,0.0,0,0.0,0,2311.8,21,0.0,0,0.0,0,0.0,0,0.0,0
2012-11-06T09:17:09.500,2311.8,6249,2311.6,35,0.0,0,0.0,0,0.0,0,0.0,0,2311.8,18,0.0,0,0.0,0,0.0,0,0.0,0
2012-11-06T09:17:10.000,2311.6,6270,2311.6,14,0.0,0,0.0,0,0.0,0,0.0,0,2311.8,18,0.0,0,0.0,0,0.0,0,0.0,0
2012-11-06T09:17:10.500,2311.6,6288,2311.4,12,0.0,0,0.0,0,0.0,0,0.0,0,2311.6,12,0.0,0,0.0,0,0.0,0,0.0,0
2012-11-06T09:17:11.000,2311.6,6299,2311.4,7,0.0,0,0.0,0,0.0,0,0.0,0,2311.6,19,0.0,0,0.0,0,0.0,0,0.0,0
2012-11-06T09:17:11.500,2311.6,6302,2311.4,18,0.0,0,0.0,0,0.0,0,0.0,0,2311.6,28,0.0,0,0.0,0,0.0,0,0.0,0
2012-11-06T09:17:12.000,2311.4,6406,2311.4,21,0.0,0,0.0,0,0.0,0,0.0,0,2312,39,0.0,0,0.0,0,0.0,0,0.0,0
2012-11-06T09:17:12.500,2311.6,6413,2311.6,1,0.0,0,0.0,0,0.0,0,0.0,0,2312,41,0.0,0,0.0,0,0.0,0,0.0,0
2012-11-06T09:17:13.000,2311.8,6429,2311.8,3,0.0,0,0.0,0,0.0,0,0.0,0,2312,42,0.0,0,0.0,0,0.0,0,0.0,0
2012-11-06T09:17:13.500,2312,6437,2311.8,12,0.0,0,0.0,0,0.0,0,0.0,0,2312,39,0.0,0,0.0,0,0.0,0,0.0,0
2012-11-06T09:17:14.000,2312,6445,2311.8,12,0.0,0,0.0,0,0.0,0,0.0,0,2312,33,0.0,0,0.0,0,0.0,0,0.0,0
2012-11-06T09:17:14.500,2311.8,6455,2311.8,14,0.0,0,0.0,0,0.0,0,0.0,0,2312,32,0.0,0,0.0,0,0.0,0,0.0,0
2012-11-06T09:17:15.000,2311.8,6458,2311.8,14,0.0,0,0.0,0,0.0,0,0.0,0,2312,34,0.0,0,0.0,0,0.0,0,0.0,0
2012-11-06T09:17:15.500,2311.8,6462,2311.8,12,0.0,0,0.0,0,0.0,0,0.0,0,2312,32,0.0,0,0.0,0,0.0,0,0.0,0
2012-11-06T09:17:16.000,2311.8,6472,2311.8,5,0.0,0,0.0,0,0.0,0,0.0,0,2312,33,0.0,0,0.0,0,0.0,0,0.0,0
2012-11-06T09:17:16.500,2311.8,6484,2311.8,6,0.0,0,0.0,0,0.0,0,0.0,0,2312,37,0.0,0,0.0,0,0.0,0,0.0,0
2012-11-06T09:17:17.000,2312,6491,2311.8,10,0.0,0,0.0,0,0.0,0,0.0,0,2312,39,0.0,0,0.0,0,0.0,0,0.0,0
2012-11-06T09:17:17.500,2311.8,6495,2311.8,7,0.0,0,0.0,0,0.0,0,0.0,0,2312,40,0.0,0,0.0,0,0.0,0,0.0,0
2012-11-06T09:17:18.000,2311.8,6507,2311.6,22,0.0,0,0.0,0,0.0,0,0.0,0,2311.8,2,0.0,0,0.0,0,0.0,0,0.0,0
2012-11-06T09:17:18.500,2311.8,6511,2311.6,19,0.0,0,0.0,0,0.0,0,0.0,0,2311.8,3,0.0,0,0.0,0,0.0,0,0.0,0
2012-11-06T09:17:19.250,2311.6,6518,2311.6,13,0.0,0,0.0,0,0.0,0,0.0,0,2311.8,5,0.0,0,0.0,0,0.0,0,0.0,0
2012-11-06T09:17:20.000,2311.6,6520,2311.6,19,0.0,0,0.0,0,0.0,0,0.0,0,2311.8,6,0.0,0,0.0,0,0.0,0,0.0,0
2012-11-06T09:17:20.500,2311.8,6521,2311.6,21,0.0,0,0.0,0,0.0,0,0.0,0,2311.8,7,0.0,0,0.0,0,0.0,0,0.0,0
2012-11-06T09:17:21.000,2311.6,6522,2311.6,21,0.0,0,0.0,0,0.0,0,0.0,0,2311.8,63,0.0,0,0.0,0,0.0,0,0.0,0
2012-11-06T09:17:21.500,2311.6,6534,2311.6,12,0.0,0,0.0,0,0.0,0,0.0,0,2311.8,69,0.0,0,0.0,0,0.0,0,0.0,0
2012-11-06T09:17:22.000,2311.6,6559,2311.4,14,0.0,0,0.0,0,0.0,0,0.0,0,2311.6,1,0.0,0,0.0,0,0.0,0,0.0,0
2012-11-06T09:17:22.500,2311.4,6567,2311.4,8,0.0,0,0.0,0,0.0,0,0.0,0,2311.6,32,0.0,0,0.0,0,0.0,0,0.0,0
2012-11-06T09:17:23.000,2311.4,6575,2311.2,63,0.0,0,0.0,0,0.0,0,0.0,0,2311.4,25,0.0,0,0.0,0,0.0,0,0.0,0
2012-11-06T09:17:23.500,2311.4,6584,2311.2,50,0.0,0,0.0,0,0.0,0,0.0,0,2311.4,20,0.0,0,0.0,0,0.0,0,0.0,0
2012-11-06T09:17:24.000,2311.4,6589,2311.2,46,0.0,0,0.0,0,0.0,0,0.0,0,2311.4,45,0.0,0,0.0,0,0.0,0,0.0,0
2012-11-06T09:17:24.500,2311.2,6625,2311.2,42,0.0,0,0.0,0,0.0,0,0.0,0,2311.4,14,0.0,0,0.0,0,0.0,0,0.0,0
2012-11-06T09:17:25.000,2311.2,6637,2311.2,55,0.0,0,0.0,0,0.0,0,0.0,0,2311.4,18,0.0,0,0.0,0,0.0,0,0.0,0
2012-11-06T09:17:25.500,2311.2,6645,2311.2,60,0.0,0,0.0,0,0.0,0,0.0,0,2311.4,13,0.0,0,0.0,0,0.0,0,0.0,0
2012-11-06T09:17:26.000,2311.2,6652,2311.2,54,0.0,0,0.0,0,0.0,0,0.0,0,2311.4,13,0.0,0,0.0,0,0.0,0,0.0,0
2012-11-06T09:17:26.500,2311.4,6665,2311.2,48,0.0,0,0.0,0,0.0,0,0.0,0,2311.4,11,0.0,0,0.0,0,0.0,0,0.0,0
2012-11-06T09:17:27.000,2311.2,6693,2311.2,20,0.0,0,0.0,0,0.0,0,0.0,0,2311.4,11,0.0,0,0.0,0,0.0,0,0.0,0
2012-11-06T09:17:27.500,2311.4,6706,2311.4,15,0.0,0,0.0,0,0.0,0,0.0,0,2311.6,34,0.0,0,0.0,0,0.0,0,0.0,0
2012-11-06T09:17:28.000,2311.4,6712,2311.4,20,0.0,0,0.0,0,0.0,0,0.0,0,2311.6,33,0.0,0,0.0,0,0.0,0,0.0,0
2012-11-06T09:17:28.500,2311.6,6721,2311.4,14,0.0,0,0.0,0,0.0,0,0.0,0,2311.6,13,0.0,0,0.0,0,0.0,0,0.0,0
2012-11-06T09:17:29.000,2311.2,6738,2311.2,17,0.0,0,0.0,0,0.0,0,0.0,0,2311.4,7,0.0,0,0.0,0,0.0,0,0.0,0
2012-11-06T09:17:29.500,2311.2,6750,2311.2,17,0.0,0,0.0,0,0.0,0,0.0,0,2311.4,52,0.0,0,0.0,0,0.0,0,0.0,0
2012-11-06T09:17:30.000,2311.4,6756,2311.2,28,0.0,0,0.0,0,0.0,0,0.0,0,2311.4,57,0.0,0,0.0,0,0.0,0,0.0,0
2012-11-06T09:17:30.500,2311.4,6760,2311.2,28,0.0,0,0.0,0,0.0,0,0.0,0,2311.4,75,0.0,0,0.0,0,0.0,0,0.0,0
2012-11-06T09:17:31.000,2311.4,6773,2311.2,20,0.0,0,0.0,0,0.0,0,0.0,0,2311.4,72,0.0,0,0.0,0,0.0,0,0.0,0
2012-11-06T09:17:31.500,2311.4,6779,2311.2,52,0.0,0,0.0,0,0.0,0,0.0,0,2311.4,69,0.0,0,0.0,0,0.0,0,0.0,0
2012-11-06T09:17:32.000,2311.2,6783,2311.2,52,0.0,0,0.0,0,0.0,0,0.0,0,2311.4,66,0.0,0,0.0,0,0.0,0,0.0,0
2012-11-06T09:17:32.500,2311.2,6784,2311.2,52,0.0,0,0.0,0,0.0,0,0.0,0,2311.4,66,0.0,0,0.0,0,0.0,0,0.0,0
2012-11-06T09:17:33.000,2311.2,6785,2311.2,51,0.0,0,0.0,0,0.0,0,0.0,0,2311.4,66,0.0,0,0.0,0,0.0,0,0.0,0
2012-11-06T09:17:33.500,2311.4,6787,2311.2,51,0.0,0,0.0,0,0.0,0,0.0,0,2311.4,64,0.0,0,0.0,0,0.0,0,0.0,0
2012-11-06T09:17:34.000,2311.2,6837,2311.2,1,0.0,0,0.0,0,0.0,0,0.0,0,2311.4,66,0.0,0,0.0,0,0.0,0,0.0,0
2012-11-06T09:17:34.500,2311.2,6845,2311.2,8,0.0,0,0.0,0,0.0,0,0.0,0,2311.4,59,0.0,0,0.0,0,0.0,0,0.0,0
2012-11-06T09:17:35.000,2311,6866,2311,97,0.0,0,0.0,0,0.0,0,0.0,0,2311.2,108,0.0,0,0.0,0,0.0,0,0.0,0
2012-11-06T09:17:35.500,2311.2,6887,2311,79,0.0,0,0.0,0,0.0,0,0.0,0,2311.2,111,0.0,0,0.0,0,0.0,0,0.0,0
2012-11-06T09:17:36.000,2311,6914,2311,59,0.0,0,0.0,0,0.0,0,0.0,0,2311.2,109,0.0,0,0.0,0,0.0,0,0.0,0
2012-11-06T09:17:36.500,2311,6985,2311,35,0.0,0,0.0,0,0.0,0,0.0,0,2311.2,110,0.0,0,0.0,0,0.0,0,0.0,0
2012-11-06T09:17:37.000,2311,6998,2311,24,0.0,0,0.0,0,0.0,0,0.0,0,2311.2,109,0.0,0,0.0,0,0.0,0,0.0,0
2012-11-06T09:17:37.500,2311,7007,2311,18,0.0,0,0.0,0,0.0,0,0.0,0,2311.2,108,0.0,0,0.0,0,0.0,0,0.0,0
2012-11-06T09:17:38.000,2311.2,7009,2311,17,0.0,0,0.0,0,0.0,0,0.0,0,2311.2,107,0.0,0,0.0,0,0.0,0,0.0,0
2012-11-06T09:17:38.500,2311,7011,2311,23,0.0,0,0.0,0,0.0,0,0.0,0,2311.2,107,0.0,0,0.0,0,0.0,0,0.0,0
2012-11-06T09:17:39.000,2311,7041,2311,6,0.0,0,0.0,0,0.0,0,0.0,0,2311.2,107,0.0,0,0.0,0,0.0,0,0.0,0
2012-11-06T09:17:39.500,2311.2,7043,2311,8,0.0,0,0.0,0,0.0,0,0.0,0,2311.2,105,0.0,0,0.0,0,0.0,0,0.0,0
2012-11-06T09:17:40.000,2310.8,7052,2310.8,34,0.0,0,0.0,0,0.0,0,0.0,0,2311,1,0.0,0,0.0,0,0.0,0,0.0,0
2012-11-06T09:17:40.500,2310.8,7057,2310.8,44,0.0,0,0.0,0,0.0,0,0.0,0,2311,2,0.0,0,0.0,0,0.0,0,0.0,0
2012-11-06T09:17:41.000,2310.8,7064,2310.8,38,0.0,0,0.0,0,0.0,0,0.0,0,2311,2,0.0,0,0.0,0,0.0,0,0.0,0
2012-11-06T09:17:41.500,2310.8,7083,2310.8,23,0.0,0,0.0,0,0.0,0,0.0,0,2311,1,0.0,0,0.0,0,0.0,0,0.0,0
2012-11-06T09:17:42.000,2311,7088,2311,4,0.0,0,0.0,0,0.0,0,0.0,0,2311.2,110,0.0,0,0.0,0,0.0,0,0.0,0
2012-11-06T09:17:42.500,2311,7093,2310.8,26,0.0,0,0.0,0,0.0,0,0.0,0,2311.2,112,0.0,0,0.0,0,0.0,0,0.0,0
2012-11-06T09:17:43.250,2310.8,7096,2310.8,24,0.0,0,0.0,0,0.0,0,0.0,0,2311.2,112,0.0,0,0.0,0,0.0,0,0.0,0
2012-11-06T09:17:44.250,2311,7108,2310.8,35,0.0,0,0.0,0,0.0,0,0.0,0,2311.2,110,0.0,0,0.0,0,0.0,0,0.0,0
2012-11-06T09:17:45.000,2310.8,7110,2311,1,0.0,0,0.0,0,0.0,0,0.0,0,2311.2,110,0.0,0,0.0,0,0.0,0,0.0,0
2012-11-06T09:17:45.500,2310.8,7111,2310.8,33,0.0,0,0.0,0,0.0,0,0.0,0,2311.2,111,0.0,0,0.0,0,0.0,0,0.0,0
2012-11-06T09:17:46.000,2311.2,7118,2311,8,0.0,0,0.0,0,0.0,0,0.0,0,2311.2,109,0.0,0,0.0,0,0.0,0,0.0,0
2012-11-06T09:17:46.500,2311,7123,2311,3,0.0,0,0.0,0,0.0,0,0.0,0,2311.2,111,0.0,0,0.0,0,0.0,0,0.0,0
2012-11-06T09:17:47.000,2311,7125,2311,18,0.0,0,0.0,0,0.0,0,0.0,0,2311.2,112,0.0,0,0.0,0,0.0,0,0.0,0
2012-11-06T09:17:47.500,2311.2,7133,2311,14,0.0,0,0.0,0,0.0,0,0.0,0,2311.2,113,0.0,0,0.0,0,0.0,0,0.0,0
2012-11-06T09:17:48.250,2311,7138,2311,21,0.0,0,0.0,0,0.0,0,0.0,0,2311.2,115,0.0,0,0.0,0,0.0,0,0.0,0
2012-11-06T09:17:49.000,2311,7140,2311,20,0.0,0,0.0,0,0.0,0,0.0,0,2311.2,113,0.0,0,0.0,0,0.0,0,0.0,0
2012-11-06T09:17:49.500,2311,7150,2311,15,0.0,0,0.0,0,0.0,0,0.0,0,2311.2,109,0.0,0,0.0,0,0.0,0,0.0,0
2012-11-06T09:17:50.000,2311.2,7157,2311,13,0.0,0,0.0,0,0.0,0,0.0,0,2311.2,101,0.0,0,0.0,0,0.0,0,0.0,0
2012-11-06T09:17:50.500,2311,7159,2311,14,0.0,0,0.0,0,0.0,0,0.0,0,2311.2,102,0.0,0,0.0,0,0.0,0,0.0,0
2012-11-06T09:17:51.000,2311,7160,2311,14,0.0,0,0.0,0,0.0,0,0.0,0,2311.2,102,0.0,0,0.0,0,0.0,0,0.0,0
2012-11-06T09:17:51.500,2311.2,7165,2311,17,0.0,0,0.0,0,0.0,0,0.0,0,2311.2,100,0.0,0,0.0,0,0.0,0,0.0,0
2012-11-06T09:17:52.000,2311,7167,2311,16,0.0,0,0.0,0,0.0,0,0.0,0,2311.2,100,0.0,0,0.0,0,0.0,0,0.0,0
2012-11-06T09:17:52.500,2311,7173,2311,13,0.0,0,0.0,0,0.0,0,0.0,0,2311.2,97,0.0,0,0.0,0,0.0,0,0.0,0
2012-11-06T09:17:53.000,2311,7180,2311,8,0.0,0,0.0,0,0.0,0,0.0,0,2311.2,96,0.0,0,0.0,0,0.0,0,0.0,0
2012-11-06T09:17:53.500,2311,7198,2311,2,0.0,0,0.0,0,0.0,0,0.0,0,2311.2,85,0.0,0,0.0,0,0.0,0,0.0,0
2012-11-06T09:17:54.000,2311.2,7286,2311.2,17,0.0,0,0.0,0,0.0,0,0.0,0,2311.4,11,0.0,0,0.0,0,0.0,0,0.0,0
2012-11-06T09:17:54.500,2311.2,7300,2311.2,12,0.0,0,0.0,0,0.0,0,0.0,0,2311.4,8,0.0,0,0.0,0,0.0,0,0.0,0
2012-11-06T09:17:55.000,2311.4,7309,2311.4,16,0.0,0,0.0,0,0.0,0,0.0,0,2311.6,19,0.0,0,0.0,0,0.0,0,0.0,0
2012-11-06T09:17:55.500,2311.6,7334,2311.4,5,0.0,0,0.0,0,0.0,0,0.0,0,2311.6,13,0.0,0,0.0,0,0.0,0,0.0,0
2012-11-06T09:17:56.000,2311.8,7355,2311.6,7,0.0,0,0.0,0,0.0,0,0.0,0,2311.8,14,0.0,0,0.0,0,0.0,0,0.0,0
2012-11-06T09:17:56.500,2311.6,7365,2311.2,25,0.0,0,0.0,0,0.0,0,0.0,0,2311.6,48,0.0,0,0.0,0,0.0,0,0.0,0
2012-11-06T09:17:57.000,2311.2,7403,2311,12,0.0,0,0.0,0,0.0,0,0.0,0,2311.6,12,0.0,0,0.0,0,0.0,0,0.0,0
2012-11-06T09:17:57.500,2311.4,7407,2311,23,0.0,0,0.0,0,0.0,0,0.0,0,2311.4,8,0.0,0,0.0,0,0.0,0,0.0,0
2012-11-06T09:17:58.000,2311,7411,2311.2,2,0.0,0,0.0,0,0.0,0,0.0,0,2311.4,7,0.0,0,0.0,0,0.0,0,0.0,0
2012-11-06T09:17:58.500,2311.2,7415,2311.2,10,0.0,0,0.0,0,0.0,0,0.0,0,2311.4,4,0.0,0,0.0,0,0.0,0,0.0,0
2012-11-06T09:17:59.250,2311.6,7422,2311.4,2,0.0,0,0.0,0,0.0,0,0.0,0,2311.6,7,0.0,0,0.0,0,0.0,0,0.0,0
2012-11-06T09:18:00.000,2311.6,7426,2311.4,2,0.0,0,0.0,0,0.0,0,0.0,0,2311.6,2,0.0,0,0.0,0,0.0,0,0.0,0
2012-11-06T09:18:00.500,2311.8,7435,2311.4,5,0.0,0,0.0,0,0.0,0,0.0,0,2311.8,11,0.0,0,0.0,0,0.0,0,0.0,0
2012-11-06T09:18:01.000,2311.6,7436,2311.6,1,0.0,0,0.0,0,0.0,0,0.0,0,2311.8,11,0.0,0,0.0,0,0.0,0,0.0,0
2012-11-06T09:18:01.500,2311.6,7453,2311.6,6,0.0,0,0.0,0,0.0,0,0.0,0,2312,64,0.0,0,0.0,0,0.0,0,0.0,0
2012-11-06T09:18:02.000,2311.6,7464,2311.4,3,0.0,0,0.0,0,0.0,0,0.0,0,2311.6,2,0.0,0,0.0,0,0.0,0,0.0,0
2012-11-06T09:18:02.500,2311.8,7470,2311.8,4,0.0,0,0.0,0,0.0,0,0.0,0,2312,63,0.0,0,0.0,0,0.0,0,0.0,0
2012-11-06T09:18:03.000,2312,7477,2311.8,2,0.0,0,0.0,0,0.0,0,0.0,0,2312,63,0.0,0,0.0,0,0.0,0,0.0,0
2012-11-06T09:18:03.500,2312,7482,2311.8,1,0.0,0,0.0,0,0.0,0,0.0,0,2312,61,0.0,0,0.0,0,0.0,0,0.0,0
2012-11-06T09:18:04.000,2312,7497,2311.6,18,0.0,0,0.0,0,0.0,0,0.0,0,2312,56,0.0,0,0.0,0,0.0,0,0.0,0
2012-11-06T09:18:04.500,2312,7510,2311.6,18,0.0,0,0.0,0,0.0,0,0.0,0,2312,45,0.0,0,0.0,0,0.0,0,0.0,0
2012-11-06T09:18:05.000,2312,7512,2311.6,20,0.0,0,0.0,0,0.0,0,0.0,0,2311.8,34,0.0,0,0.0,0,0.0,0,0.0,0
2012-11-06T09:18:05.500,2311.6,7548,2311.8,1,0.0,0,0.0,0,0.0,0,0.0,0,2312,46,0.0,0,0.0,0,0.0,0,0.0,0
2012-11-06T09:18:06.000,2312,7553,2311.6,22,0.0,0,0.0,0,0.0,0,0.0,0,2311.8,25,0.0,0,0.0,0,0.0,0,0.0,0
2012-11-06T09:18:06.500,2311.8,7557,2311.6,20,0.0,0,0.0,0,0.0,0,0.0,0,2311.8,24,0.0,0,0.0,0,0.0,0,0.0,0
2012-11-06T09:18:07.000,2311.8,7566,2311.6,21,0.0,0,0.0,0,0.0,0,0.0,0,2311.8,15,0.0,0,0.0,0,0.0,0,0.0,0
2012-11-06T09:18:07.500,2311.6,7583,2311.6,19,0.0,0,0.0,0,0.0,0,0.0,0,2311.8,1,0.0,0,0.0,0,0.0,0,0.0,0
2012-11-06T09:18:08.000,2311.8,7586,2311.6,19,0.0,0,0.0,0,0.0,0,0.0,0,2311.8,2,0.0,0,0.0,0,0.0,0,0.0,0
2012-11-06T09:18:08.500,2311.8,7588,2311.6,19,0.0,0,0.0,0,0.0,0,0.0,0,2311.8,2,0.0,0,0.0,0,0.0,0,0.0,0
2012-11-06T09:18:09.000,2311.6,7591,2311.6,19,0.0,0,0.0,0,0.0,0,0.0,0,2311.8,22,0.0,0,0.0,0,0.0,0,0.0,0
2012-11-06T09:18:09.500,2311.8,7592,2311.6,19,0.0,0,0.0,0,0.0,0,0.0,0,2311.8,22,0.0,0,0.0,0,0.0,0,0.0,0
2012-11-06T09:18:10.250,2311.6,7617,2311.4,5,0.0,0,0.0,0,0.0,0,0.0,0,2311.6,28,0.0,0,0.0,0,0.0,0,0.0,0
2012-11-06T09:18:11.000,2311.6,7623,2311.4,2,0.0,0,0.0,0,0.0,0,0.0,0,2311.6,32,0.0,0,0.0,0,0.0,0,0.0,0
2012-11-06T09:18:11.500,2311.4,7624,2311.4,1,0.0,0,0.0,0,0.0,0,0.0,0,2311.6,32,0.0,0,0.0,0,0.0,0,0.0,0
2012-11-06T09:18:12.000,2311.4,7631,2311.2,19,0.0,0,0.0,0,0.0,0,0.0,0,2311.4,7,0.0,0,0.0,0,0.0,0,0.0,0
2012-11-06T09:18:12.500,2311.4,7634,2311.2,23,0.0,0,0.0,0,0.0,0,0.0,0,2311.4,4,0.0,0,0.0,0,0.0,0,0.0,0
2012-11-06T09:18:13.000,2311.2,7636,2311.2,22,0.0,0,0.0,0,0.0,0,0.0,0,2311.4,22,0.0,0,0.0,0,0.0,0,0.0,0
2012-11-06T09:18:13.500,2311.2,7637,2311.2,21,0.0,0,0.0,0,0.0,0,0.0,0,2311.4,25,0.0,0,0.0,0,0.0,0,0.0,0
2012-11-06T09:18:14.000,2311.4,7641,2311.2,19,0.0,0,0.0,0,0.0,0,0.0,0,2311.4,30,0.0,0,0.0,0,0.0,0,0.0,0
2012-11-06T09:18:14.500,2311.2,7645,2311.2,18,0.0,0,0.0,0,0.0,0,0.0,0,2311.4,29,0.0,0,0.0,0,0.0,0,0.0,0
2012-11-06T09:18:15.000,2311.2,7646,2311.2,19,0.0,0,0.0,0,0.0,0,0.0,0,2311.4,29,0.0,0,0.0,0,0.0,0,0.0,0
2012-11-06T09:18:15.500,2311.4,7647,2311.2,36,0.0,0,0.0,0,0.0,0,0.0,0,2311.4,25,0.0,0,0.0,0,0.0,0,0.0,0
2012-11-06T09:18:16.000,2311.2,7656,2311.2,28,0.0,0,0.0,0,0.0,0,0.0,0,2311.4,27,0.0,0,0.0,0,0.0,0,0.0,0
2012-11-06T09:18:16.500,2311.2,7659,2311.2,25,0.0,0,0.0,0,0.0,0,0.0,0,2311.4,27,0.0,0,0.0,0,0.0,0,0.0,0
2012-11-06T09:18:17.000,2311.2,7664,2311.2,22,0.0,0,0.0,0,0.0,0,0.0,0,2311.4,25,0.0,0,0.0,0,0.0,0,0.0,0
2012-11-06T09:18:17.500,2311.2,7667,2311.2,19,0.0,0,0.0,0,0.0,0,0.0,0,2311.4,25,0.0,0,0.0,0,0.0,0,0.0,0
2012-11-06T09:18:18.250,2311.4,7670,2311.2,22,0.0,0,0.0,0,0.0,0,0.0,0,2311.4,22,0.0,0,0.0,0,0.0,0,0.0,0
2012-11-06T09:18:19.250,2311.2,7681,2311.2,17,0.0,0,0.0,0,0.0,0,0.0,0,2311.4,19,0.0,0,0.0,0,0.0,0,0.0,0
2012-11-06T09:18:20.000,2311.4,7707,2311.4,10,0.0,0,0.0,0,0.0,0,0.0,0,2311.6,9,0.0,0,0.0,0,0.0,0,0.0,0
2012-11-06T09:18:20.500,2311.4,7709,2311.4,9,0.0,0,0.0,0,0.0,0,0.0,0,2311.6,9,0.0,0,0.0,0,0.0,0,0.0,0
2012-11-06T09:18:21.000,2311.4,7710,2311.4,9,0.0,0,0.0,0,0.0,0,0.0,0,2311.6,9,0.0,0,0.0,0,0.0,0,0.0,0
2012-11-06T09:18:21.500,2311.4,7721,2311.4,8,0.0,0,0.0,0,0.0,0,0.0,0,2311.6,9,0.0,0,0.0,0,0.0,0,0.0,0
2012-11-06T09:18:22.000,2311.4,7730,2311.2,9,0.0,0,0.0,0,0.0,0,0.0,0,2311.6,10,0.0,0,0.0,0,0.0,0,0.0,0
2012-11-06T09:18:22.500,2311.2,7734,2311.2,7,0.0,0,0.0,0,0.0,0,0.0,0,2311.6,9,0.0,0,0.0,0,0.0,0,0.0,0
2012-11-06T09:18:23.250,2311.4,7740,2311.2,34,0.0,0,0.0,0,0.0,0,0.0,0,2311.6,9,0.0,0,0.0,0,0.0,0,0.0,0
2012-11-06T09:18:24.000,2311.2,7749,2311.2,26,0.0,0,0.0,0,0.0,0,0.0,0,2311.6,10,0.0,0,0.0,0,0.0,0,0.0,0
2012-11-06T09:18:24.500,2311.2,7757,2311.4,1,0.0,0,0.0,0,0.0,0,0.0,0,2311.6,11,0.0,0,0.0,0,0.0,0,0.0,0
2012-11-06T09:18:25.250,2311.4,7774,2311.4,6,0.0,0,0.0,0,0.0,0,0.0,0,2311.6,2,0.0,0,0.0,0,0.0,0,0.0,0
2012-11-06T09:18:26.000,2311.4,7780,2311.4,5,0.0,0,0.0,0,0.0,0,0.0,0,2311.6,1,0.0,0,0.0,0,0.0,0,0.0,0
2012-11-06T09:18:26.500,2311.8,7788,2311.4,11,0.0,0,0.0,0,0.0,0,0.0,0,2311.8,5,0.0,0,0.0,0,0.0,0,0.0,0
2012-11-06T09:18:27.000,2311.8,7794,2311.4,10,0.0,0,0.0,0,0.0,0,0.0,0,2311.8,1,0.0,0,0.0,0,0.0,0,0.0,0
2012-11-06T09:18:27.500,2312,7804,2311.6,1,0.0,0,0.0,0,0.0,0,0.0,0,2311.8,1,0.0,0,0.0,0,0.0,0,0.0,0
2012-11-06T09:18:28.000,2311.4,7820,2311.8,1,0.0,0,0.0,0,0.0,0,0.0,0,2312,54,0.0,0,0.0,0,0.0,0,0.0,0
2012-11-06T09:18:28.500,2311.8,7827,2311.8,3,0.0,0,0.0,0,0.0,0,0.0,0,2312,54,0.0,0,0.0,0,0.0,0,0.0,0
2012-11-06T09:18:29.000,2312,7839,2311.8,2,0.0,0,0.0,0,0.0,0,0.0,0,2312,43,0.0,0,0.0,0,0.0,0,0.0,0
2012-11-06T09:18:29.500,2312,7842,2311.8,4,0.0,0,0.0,0,0.0,0,0.0,0,2312,41,0.0,0,0.0,0,0.0,0,0.0,0
2012-11-06T09:18:30.000,2312,7847,2311.8,3,0.0,0,0.0,0,0.0,0,0.0,0,2312,37,0.0,0,0.0,0,0.0,0,0.0,0
2012-11-06T09:18:30.500,2312,7896,2312,22,0.0,0,0.0,0,0.0,0,0.0,0,2312.2,28,0.0,0,0.0,0,0.0,0,0.0,0
2012-11-06T09:18:31.000,2312,7910,2312,11,0.0,0,0.0,0,0.0,0,0.0,0,2312.2,29,0.0,0,0.0,0,0.0,0,0.0,0
2012-11-06T09:18:31.500,2312,7933,2311.8,2,0.0,0,0.0,0,0.0,0,0.0,0,2312,3,0.0,0,0.0,0,0.0,0,0.0,0
2012-11-06T09:18:32.000,2312,7940,2311.6,3,0.0,0,0.0,0,0.0,0,0.0,0,2312.2,25,0.0,0,0.0,0,0.0,0,0.0,0
2012-11-06T09:18:32.500,2312,7946,2311.6,8,0.0,0,0.0,0,0.0,0,0.0,0,2312.2,24,0.0,0,0.0,0,0.0,0,0.0,0
2012-11-06T09:18:33.000,2312.2,7950,2311.8,1,0.0,0,0.0,0,0.0,0,0.0,0,2312,2,0.0,0,0.0,0,0.0,0,0.0,0
2012-11-06T09:18:33.500,2312.2,7953,2312,3,0.0,0,0.0,0,0.0,0,0.0,0,2312.2,24,0.0,0,0.0,0,0.0,0,0.0,0
2012-11-06T09:18:34.000,2312.2,7957,2312,1,0.0,0,0.0,0,0.0,0,0.0,0,2312.2,21,0.0,0,0.0,0,0.0,0,0.0,0
2012-11-06T09:18:34.500,2312.2,7981,2311.8,9,0.0,0,0.0,0,0.0,0,0.0,0,2312.2,10,0.0,0,0.0,0,0.0,0,0.0,0
2012-11-06T09:18:35.000,2312.4,7994,2312.2,7,0.0,0,0.0,0,0.0,0,0.0,0,2312.4,18,0.0,0,0.0,0,0.0,0,0.0,0
2012-11-06T09:18:35.500,2312.4,8006,2312.2,15,0.0,0,0.0,0,0.0,0,0.0,0,2312.4,13,0.0,0,0.0,0,0.0,0,0.0,0
2012-11-06T09:18:36.000,2312.4,8025,2312.4,7,0.0,0,0.0,0,0.0,0,0.0,0,2312.6,77,0.0,0,0.0,0,0.0,0,0.0,0
2012-11-06T09:18:36.500,2312.6,8060,2312.4,12,0.0,0,0.0,0,0.0,0,0.0,0,2312.6,65,0.0,0,0.0,0,0.0,0,0.0,0
2012-11-06T09:18:37.000,2312.6,8081,2312.2,13,0.0,0,0.0,0,0.0,0,0.0,0,2312.6,49,0.0,0,0.0,0,0.0,0,0.0,0
2012-11-06T09:18:37.500,2312.8,8136,2312.6,1,0.0,0,0.0,0,0.0,0,0.0,0,2312.8,61,0.0,0,0.0,0,0.0,0,0.0,0
2012-11-06T09:18:38.000,2312.8,8147,2312.6,5,0.0,0,0.0,0,0.0,0,0.0,0,2312.8,55,0.0,0,0.0,0,0.0,0,0.0,0
2012-11-06T09:18:38.500,2312.8,8175,2312.6,13,0.0,0,0.0,0,0.0,0,0.0,0,2312.8,48,0.0,0,0.0,0,0.0,0,0.0,0
2012-11-06T09:18:39.000,2312.8,8210,2312.6,14,0.0,0,0.0,0,0.0,0,0.0,0,2312.8,20,0.0,0,0.0,0,0.0,0,0.0,0
2012-11-06T09:18:39.500,2312.8,8234,2312.8,3,0.0,0,0.0,0,0.0,0,0.0,0,2313,46,0.0,0,0.0,0,0.0,0,0.0,0
2012-11-06T09:18:40.000,2312.8,8248,2312.8,5,0.0,0,0.0,0,0.0,0,0.0,0,2313,43,0.0,0,0.0,0,0.0,0,0.0,0
2012-11-06T09:18:40.500,2313,8257,2312.8,16,0.0,0,0.0,0,0.0,0,0.0,0,2313,39,0.0,0,0.0,0,0.0,0,0.0,0
2012-11-06T09:18:41.000,2313,8309,2313,74,0.0,0,0.0,0,0.0,0,0.0,0,2313.4,2,0.0,0,0.0,0,0.0,0,0.0,0
2012-11-06T09:18:41.500,2313.4,8344,2313.4,14,0.0,0,0.0,0,0.0,0,0.0,0,2313.6,19,0.0,0,0.0,0,0.0,0,0.0,0
2012-11-06T09:18:42.000,2313.6,8370,2313.6,10,0.0,0,0.0,0,0.0,0,0.0,0,2313.8,17,0.0,0,0.0,0,0.0,0,0.0,0
2012-11-06T09:18:42.500,2313.6,8402,2313.4,10,0.0,0,0.0,0,0.0,0,0.0,0,2313.6,1,0.0,0,0.0,0,0.0,0,0.0,0
2012-11-06T09:18:43.000,2313.6,8458,2313.2,5,0.0,0,0.0,0,0.0,0,0.0,0,2314.2,11,0.0,0,0.0,0,0.0,0,0.0,0
2012-11-06T09:18:43.500,2314,8471,2313.8,1,0.0,0,0.0,0,0.0,0,0.0,0,2314,18,0.0,0,0.0,0,0.0,0,0.0,0
2012-11-06T09:18:44.000,2314,8541,2314,1,0.0,0,0.0,0,0.0,0,0.0,0,2314.2,6,0.0,0,0.0,0,0.0,0,0.0,0
2012-11-06T09:18:44.500,2314.6,8575,2314.2,12,0.0,0,0.0,0,0.0,0,0.0,0,2314.6,19,0.0,0,0.0,0,0.0,0,0.0,0
2012-11-06T09:18:45.000,2314.2,8591,2314.4,7,0.0,0,0.0,0,0.0,0,0.0,0,2314.6,16,0.0,0,0.0,0,0.0,0,0.0,0
2012-11-06T09:18:45.500,2313.8,8640,2313.6,9,0.0,0,0.0,0,0.0,0,0.0,0,2313.8,20,0.0,0,0.0,0,0.0,0,0.0,0
2012-11-06T09:18:46.000,2313.6,8688,2313.6,4,0.0,0,0.0,0,0.0,0,0.0,0,2314,1,0.0,0,0.0,0,0.0,0,0.0,0
2012-11-06T09:18:46.500,2313.6,8715,2313.6,18,0.0,0,0.0,0,0.0,0,0.0,0,2313.8,5,0.0,0,0.0,0,0.0,0,0.0,0
2012-11-06T09:18:47.000,2313.6,8737,2313.6,10,0.0,0,0.0,0,0.0,0,0.0,0,2313.8,2,0.0,0,0.0,0,0.0,0,0.0,0
2012-11-06T09:18:47.500,2313.6,8753,2313.4,1,0.0,0,0.0,0,0.0,0,0.0,0,2313.6,15,0.0,0,0.0,0,0.0,0,0.0,0
2012-11-06T09:18:48.000,2313.4,8765,2313,100,0.0,0,0.0,0,0.0,0,0.0,0,2313.4,1,0.0,0,0.0,0,0.0,0,0.0,0
2012-11-06T09:18:48.500,2313.2,8847,2313.2,13,0.0,0,0.0,0,0.0,0,0.0,0,2313.6,5,0.0,0,0.0,0,0.0,0,0.0,0
2012-11-06T09:18:49.000,2313.6,8869,2313.4,4,0.0,0,0.0,0,0.0,0,0.0,0,2313.6,6,0.0,0,0.0,0,0.0,0,0.0,0
2012-11-06T09:18:49.500,2313.4,8880,2313.4,7,0.0,0,0.0,0,0.0,0,0.0,0,2313.6,7,0.0,0,0.0,0,0.0,0,0.0,0
2012-11-06T09:18:50.000,2313.4,8894,2313.4,3,0.0,0,0.0,0,0.0,0,0.0,0,2313.6,3,0.0,0,0.0,0,0.0,0,0.0,0
2012-11-06T09:18:50.500,2313.4,8902,2313.2,20,0.0,0,0.0,0,0.0,0,0.0,0,2313.4,2,0.0,0,0.0,0,0.0,0,0.0,0
2012-11-06T09:18:51.000,2313.4,8915,2313.2,14,0.0,0,0.0,0,0.0,0,0.0,0,2313.4,3,0.0,0,0.0,0,0.0,0,0.0,0
2012-11-06T09:18:51.500,2313.4,8926,2313.2,13,0.0,0,0.0,0,0.0,0,0.0,0,2313.4,1,0.0,0,0.0,0,0.0,0,0.0,0
2012-11-06T09:18:52.000,2313.4,8935,2313.2,11,0.0,0,0.0,0,0.0,0,0.0,0,2313.6,18,0.0,0,0.0,0,0.0,0,0.0,0
2012-11-06T09:18:52.500,2313.2,8981,2313,57,0.0,0,0.0,0,0.0,0,0.0,0,2313.2,29,0.0,0,0.0,0,0.0,0,0.0,0
2012-11-06T09:18:53.000,2313.2,8986,2313,55,0.0,0,0.0,0,0.0,0,0.0,0,2313.2,30,0.0,0,0.0,0,0.0,0,0.0,0
2012-11-06T09:18:53.500,2313.2,9004,2313,58,0.0,0,0.0,0,0.0,0,0.0,0,2313.2,20,0.0,0,0.0,0,0.0,0,0.0,0
2012-11-06T09:18:54.000,2313.6,9050,2313,45,0.0,0,0.0,0,0.0,0,0.0,0,2313.4,1,0.0,0,0.0,0,0.0,0,0.0,0
2012-11-06T09:18:54.500,2313.2,9053,2313.2,5,0.0,0,0.0,0,0.0,0,0.0,0,2313.6,27,0.0,0,0.0,0,0.0,0,0.0,0
2012-11-06T09:18:55.000,2313.2,9054,2313.2,11,0.0,0,0.0,0,0.0,0,0.0,0,2313.4,4,0.0,0,0.0,0,0.0,0,0.0,0
2012-11-06T09:18:55.500,2313.4,9064,2313.2,21,0.0,0,0.0,0,0.0,0,0.0,0,2313.6,21,0.0,0,0.0,0,0.0,0,0.0,0
2012-11-06T09:18:56.000,2313.2,9068,2313.2,33,0.0,0,0.0,0,0.0,0,0.0,0,2313.4,3,0.0,0,0.0,0,0.0,0,0.0,0
2012-11-06T09:18:56.500,2313.6,9078,2313.4,5,0.0,0,0.0,0,0.0,0,0.0,0,2313.6,22,0.0,0,0.0,0,0.0,0,0.0,0
2012-11-06T09:18:57.000,2313.4,9085,2313.4,1,0.0,0,0.0,0,0.0,0,0.0,0,2313.6,23,0.0,0,0.0,0,0.0,0,0.0,0
2012-11-06T09:18:57.500,2313.4,9092,2313.2,36,0.0,0,0.0,0,0.0,0,0.0,0,2313.6,24,0.0,0,0.0,0,0.0,0,0.0,0
2012-11-06T09:18:58.000,2313.4,9104,2313.2,40,0.0,0,0.0,0,0.0,0,0.0,0,2313.6,31,0.0,0,0.0,0,0.0,0,0.0,0
2012-11-06T09:18:58.500,2313.4,9108,2313.2,41,0.0,0,0.0,0,0.0,0,0.0,0,2313.6,37,0.0,0,0.0,0,0.0,0,0.0,0
2012-11-06T09:18:59.000,2313.2,9131,2313.2,38,0.0,0,0.0,0,0.0,0,0.0,0,2313.4,7,0.0,0,0.0,0,0.0,0,0.0,0
2012-11-06T09:18:59.500,2313.4,9140,2313.2,38,0.0,0,0.0,0,0.0,0,0.0,0,2313.4,3,0.0,0,0.0,0,0.0,0,0.0,0
2012-11-06T09:19:00.000,2313.2,9153,2313.2,35,0.0,0,0.0,0,0.0,0,0.0,0,2313.4,8,0.0,0,0.0,0,0.0,0,0.0,0
2012-11-06T09:19:00.500,2313.2,9160,2313.2,34,0.0,0,0.0,0,0.0,0,0.0,0,2313.4,6,0.0,0,0.0,0,0.0,0,0.0,0
2012-11-06T09:19:01.000,2313.6,9185,2313.2,20,0.0,0,0.0,0,0.0,0,0.0,0,2313.6,18,0.0,0,0.0,0,0.0,0,0.0,0
2012-11-06T09:19:01.500,2313,9232,2313,67,0.0,0,0.0,0,0.0,0,0.0,0,2313.4,14,0.0,0,0.0,0,0.0,0,0.0,0
2012-11-06T09:19:02.000,2313.2,9235,2313.2,6,0.0,0,0.0,0,0.0,0,0.0,0,2313.4,35,0.0,0,0.0,0,0.0,0,0.0,0
2012-11-06T09:19:02.500,2313.4,9248,2313,68,0.0,0,0.0,0,0.0,0,0.0,0,2313.2,21,0.0,0,0.0,0,0.0,0,0.0,0
2012-11-06T09:19:03.000,2313,9267,2313,54,0.0,0,0.0,0,0.0,0,0.0,0,2313.2,28,0.0,0,0.0,0,0.0,0,0.0,0
2012-11-06T09:19:03.500,2313.2,9269,2313,53,0.0,0,0.0,0,0.0,0,0.0,0,2313.2,27,0.0,0,0.0,0,0.0,0,0.0,0
2012-11-06T09:19:04.000,2313,9290,2313,37,0.0,0,0.0,0,0.0,0,0.0,0,2313.2,35,0.0,0,0.0,0,0.0,0,0.0,0
2012-11-06T09:19:04.500,2313,9315,2313,22,0.0,0,0.0,0,0.0,0,0.0,0,2313.2,27,0.0,0,0.0,0,0.0,0,0.0,0
2012-11-06T09:19:05.000,2312.8,9359,2312.8,23,0.0,0,0.0,0,0.0,0,0.0,0,2313,2,0.0,0,0.0,0,0.0,0,0.0,0
2012-11-06T09:19:05.500,2313,9387,2312.8,14,0.0,0,0.0,0,0.0,0,0.0,0,2313.2,22,0.0,0,0.0,0,0.0,0,0.0,0
2012-11-06T09:19:06.000,2312.8,9397,2312.8,13,0.0,0,0.0,0,0.0,0,0.0,0,2313.2,14,0.0,0,0.0,0,0.0,0,0.0,0
2012-11-06T09:19:06.500,2312.8,9404,2313,5,0.0,0,0.0,0,0.0,0,0.0,0,2313.2,29,0.0,0,0.0,0,0.0,0,0.0,0
2012-11-06T09:19:07.000,2313,9408,2313,4,0.0,0,0.0,0,0.0,0,0.0,0,2313.2,27,0.0,0,0.0,0,0.0,0,0.0,0
2012-11-06T09:19:07.500,2313,9436,2312.8,14,0.0,0,0.0,0,0.0,0,0.0,0,2313.2,27,0.0,0,0.0,0,0.0,0,0.0,0
2012-11-06T09:19:08.000,2312.8,9439,2312.8,13,0.0,0,0.0,0,0.0,0,0.0,0,2313,3,0.0,0,0.0,0,0.0,0,0.0,0
2012-11-06T09:19:08.500,2313,9444,2312.8,12,0.0,0,0.0,0,0.0,0,0.0,0,2313,4,0.0,0,0.0,0,0.0,0,0.0,0
2012-11-06T09:19:09.000,2312.8,9466,2312.6,57,0.0,0,0.0,0,0.0,0,0.0,0,2312.8,37,0.0,0,0.0,0,0.0,0,0.0,0
2012-11-06T09:19:09.500,2312.8,9471,2312.6,66,0.0,0,0.0,0,0.0,0,0.0,0,2312.8,36,0.0,0,0.0,0,0.0,0,0.0,0
2012-11-06T09:19:10.000,2312.8,9476,2312.6,62,0.0,0,0.0,0,0.0,0,0.0,0,2312.8,35,0.0,0,0.0,0,0.0,0,0.0,0
2012-11-06T09:19:10.500,2312.8,9491,2312.6,47,0.0,0,0.0,0,0.0,0,0.0,0,2312.8,28,0.0,0,0.0,0,0.0,0,0.0,0
2012-11-06T09:19:11.000,2312.8,9500,2312.6,64,0.0,0,0.0,0,0.0,0,0.0,0,2312.8,22,0.0,0,0.0,0,0.0,0,0.0,0
2012-11-06T09:19:11.500,2312.6,9534,2312.6,32,0.0,0,0.0,0,0.0,0,0.0,0,2312.8,20,0.0,0,0.0,0,0.0,0,0.0,0
2012-11-06T09:19:12.000,2312.8,9549,2312.6,29,0.0,0,0.0,0,0.0,0,0.0,0,2312.8,11,0.0,0,0.0,0,0.0,0,0.0,0
2012-11-06T09:19:12.500,2312.6,9573,2312.6,21,0.0,0,0.0,0,0.0,0,0.0,0,2312.8,5,0.0,0,0.0,0,0.0,0,0.0,0
2012-11-06T09:19:13.000,2312.6,9586,2312.6,13,0.0,0,0.0,0,0.0,0,0.0,0,2312.8,2,0.0,0,0.0,0,0.0,0,0.0,0
2012-11-06T09:19:13.500,2312.4,9608,2312.4,17,0.0,0,0.0,0,0.0,0,0.0,0,2312.6,13,0.0,0,0.0,0,0.0,0,0.0,0
2012-11-06T09:19:14.000,2312.4,9619,2312.4,13,0.0,0,0.0,0,0.0,0,0.0,0,2312.6,8,0.0,0,0.0,0,0.0,0,0.0,0
2012-11-06T09:19:14.500,2312.6,9659,2312.2,35,0.0,0,0.0,0,0.0,0,0.0,0,2312.4,25,0.0,0,0.0,0,0.0,0,0.0,0
2012-11-06T09:19:15.000,2312.2,9667,2312.2,32,0.0,0,0.0,0,0.0,0,0.0,0,2312.4,33,0.0,0,0.0,0,0.0,0,0.0,0
2012-11-06T09:19:15.500,2312.2,9670,2312.2,31,0.0,0,0.0,0,0.0,0,0.0,0,2312.4,25,0.0,0,0.0,0,0.0,0,0.0,0
2012-11-06T09:19:16.000,2312.2,9676,2312.2,26,0.0,0,0.0,0,0.0,0,0.0,0,2312.4,26,0.0,0,0.0,0,0.0,0,0.0,0
2012-11-06T09:19:16.500,2311.8,9764,2311.6,19,0.0,0,0.0,0,0.0,0,0.0,0,2311.8,15,0.0,0,0.0,0,0.0,0,0.0,0
2012-11-06T09:19:17.000,2311.6,9780,2311.6,14,0.0,0,0.0,0,0.0,0,0.0,0,2311.8,6,0.0,0,0.0,0,0.0,0,0.0,0
2012-11-06T09:19:17.500,2311.6,9788,2311.6,19,0.0,0,0.0,0,0.0,0,0.0,0,2311.8,4,0.0,0,0.0,0,0.0,0,0.0,0
2012-11-06T09:19:18.000,2311.8,9809,2311.8,14,0.0,0,0.0,0,0.0,0,0.0,0,2312,7,0.0,0,0.0,0,0.0,0,0.0,0
2012-11-06T09:19:18.500,2312,9822,2311.8,26,0.0,0,0.0,0,0.0,0,0.0,0,2312,4,0.0,0,0.0,0,0.0,0,0.0,0
2012-11-06T09:19:19.000,2311.8,9842,2311.8,32,0.0,0,0.0,0,0.0,0,0.0,0,2312.2,21,0.0,0,0.0,0,0.0,0,0.0,0
2012-11-06T09:19:19.500,2311.8,9844,2311.8,34,0.0,0,0.0,0,0.0,0,0.0,0,2312.2,21,0.0,0,0.0,0,0.0,0,0.0,0
2012-11-06T09:19:20.000,2311.8,9845,2312,1,0.0,0,0.0,0,0.0,0,0.0,0,2312.2,21,0.0,0,0.0,0,0.0,0,0.0,0
2012-11-06T09:19:20.500,2312.2,9849,2311.8,34,0.0,0,0.0,0,0.0,0,0.0,0,2312.2,10,0.0,0,0.0,0,0.0,0,0.0,0
2012-11-06T09:19:21.000,2312.2,9857,2311.8,33,0.0,0,0.0,0,0.0,0,0.0,0,2312.2,4,0.0,0,0.0,0,0.0,0,0.0,0
2012-11-06T09:19:21.500,2311.8,9860,2312,6,0.0,0,0.0,0,0.0,0,0.0,0,2312.2,3,0.0,0,0.0,0,0.0,0,0.0,0
2012-11-06T09:19:22.000,2311.8,9873,2311.8,33,0.0,0,0.0,0,0.0,0,0.0,0,2312,1,0.0,0,0.0,0,0.0,0,0.0,0
2012-11-06T09:19:22.500,2312.2,9876,2311.8,41,0.0,0,0.0,0,0.0,0,0.0,0,2312.2,4,0.0,0,0.0,0,0.0,0,0.0,0
2012-11-06T09:19:23.000,2312,9903,2311.8,40,0.0,0,0.0,0,0.0,0,0.0,0,2312.4,13,0.0,0,0.0,0,0.0,0,0.0,0
2012-11-06T09:19:23.500,2312,9908,2311.8,42,0.0,0,0.0,0,0.0,0,0.0,0,2312,6,0.0,0,0.0,0,0.0,0,0.0,0
2012-11-06T09:19:24.000,2311.8,9926,2312,2,0.0,0,0.0,0,0.0,0,0.0,0,2312.4,17,0.0,0,0.0,0,0.0,0,0.0,0
2012-11-06T09:19:24.500,2312.4,9931,2312,17,0.0,0,0.0,0,0.0,0,0.0,0,2312.4,18,0.0,0,0.0,0,0.0,0,0.0,0
2012-11-06T09:19:25.000,2312.4,9936,2312,18,0.0,0,0.0,0,0.0,0,0.0,0,2312.2,1,0.0,0,0.0,0,0.0,0,0.0,0
2012-11-06T09:19:25.500,2312,9937,2312,19,0.0,0,0.0,0,0.0,0,0.0,0,2312.2,3,0.0,0,0.0,0,0.0,0,0.0,0
2012-11-06T09:19:26.000,2312.4,9954,2312,17,0.0,0,0.0,0,0.0,0,0.0,0,2312.4,7,0.0,0,0.0,0,0.0,0,0.0,0
2012-11-06T09:19:26.500,2312,9956,2312,16,0.0,0,0.0,0,0.0,0,0.0,0,2312.4,6,0.0,0,0.0,0,0.0,0,0.0,0
2012-11-06T09:19:27.000,2312,9958,2312,14,0.0,0,0.0,0,0.0,0,0.0,0,2312.2,1,0.0,0,0.0,0,0.0,0,0.0,0
2012-11-06T09:19:27.500,2312,9965,2312,7,0.0,0,0.0,0,0.0,0,0.0,0,2312.2,1,0.0,0,0.0,0,0.0,0,0.0,0
2012-11-06T09:19:28.000,2312.4,9978,2311.8,36,0.0,0,0.0,0,0.0,0,0.0,0,2312.4,5,0.0,0,0.0,0,0.0,0,0.0,0
2012-11-06T09:19:28.500,2312,9983,2311.8,36,0.0,0,0.0,0,0.0,0,0.0,0,2312,9,0.0,0,0.0,0,0.0,0,0.0,0
2012-11-06T09:19:29.000,2312.6,10028,2312.4,8,0.0,0,0.0,0,0.0,0,0.0,0,2312.6,26,0.0,0,0.0,0,0.0,0,0.0,0
2012-11-06T09:19:29.500,2312.6,10057,2312.4,3,0.0,0,0.0,0,0.0,0,0.0,0,2312.6,2,0.0,0,0.0,0,0.0,0,0.0,0
2012-11-06T09:19:30.250,2312.2,10064,2312.2,2,0.0,0,0.0,0,0.0,0,0.0,0,2312.4,1,0.0,0,0.0,0,0.0,0,0.0,0
2012-11-06T09:19:31.000,2312.4,10070,2312.4,17,0.0,0,0.0,0,0.0,0,0.0,0,2312.6,7,0.0,0,0.0,0,0.0,0,0.0,0
2012-11-06T09:19:31.500,2312.4,10075,2312.4,16,0.0,0,0.0,0,0.0,0,0.0,0,2312.6,5,0.0,0,0.0,0,0.0,0,0.0,0
2012-11-06T09:19:32.000,2312.8,10081,2312.4,17,0.0,0,0.0,0,0.0,0,0.0,0,2312.8,14,0.0,0,0.0,0,0.0,0,0.0,0
2012-11-06T09:19:32.500,2312.8,10083,2312.4,18,0.0,0,0.0,0,0.0,0,0.0,0,2312.8,13,0.0,0,0.0,0,0.0,0,0.0,0
2012-11-06T09:19:33.000,2313,10109,2312.8,2,0.0,0,0.0,0,0.0,0,0.0,0,2313,15,0.0,0,0.0,0,0.0,0,0.0,0
2012-11-06T09:19:33.500,2312.8,10132,2312.4,13,0.0,0,0.0,0,0.0,0,0.0,0,2312.8,26,0.0,0,0.0,0,0.0,0,0.0,0
2012-11-06T09:19:34.000,2312.8,10144,2312.4,7,0.0,0,0.0,0,0.0,0,0.0,0,2312.8,18,0.0,0,0.0,0,0.0,0,0.0,0
2012-11-06T09:19:34.500,2312.8,10166,2312.8,21,0.0,0,0.0,0,0.0,0,0.0,0,2313,30,0.0,0,0.0,0,0.0,0,0.0,0
2012-11-06T09:19:35.000,2312.8,10175,2312.8,14,0.0,0,0.0,0,0.0,0,0.0,0,2313,29,0.0,0,0.0,0,0.0,0,0.0,0
2012-11-06T09:19:35.500,2312.8,10192,2312.8,6,0.0,0,0.0,0,0.0,0,0.0,0,2313,55,0.0,0,0.0,0,0.0,0,0.0,0
2012-11-06T09:19:36.000,2312.8,10201,2312.8,16,0.0,0,0.0,0,0.0,0,0.0,0,2313,57,0.0,0,0.0,0,0.0,0,0.0,0
2012-11-06T09:19:36.500,2312.8,10206,2312.8,16,0.0,0,0.0,0,0.0,0,0.0,0,2313,54,0.0,0,0.0,0,0.0,0,0.0,0
2012-11-06T09:19:37.000,2313,10209,2312.8,14,0.0,0,0.0,0,0.0,0,0.0,0,2313,54,0.0,0,0.0,0,0.0,0,0.0,0
2012-11-06T09:19:37.500,2313,10214,2312.8,12,0.0,0,0.0,0,0.0,0,0.0,0,2313,56,0.0,0,0.0,0,0.0,0,0.0,0
2012-11-06T09:19:38.000,2312.8,10217,2312.8,9,0.0,0,0.0,0,0.0,0,0.0,0,2313,58,0.0,0,0.0,0,0.0,0,0.0,0
2012-11-06T09:19:38.500,2313,10218,2312.8,9,0.0,0,0.0,0,0.0,0,0.0,0,2313,58,0.0,0,0.0,0,0.0,0,0.0,0
2012-11-06T09:19:39.000,2313,10248,2312.8,11,0.0,0,0.0,0,0.0,0,0.0,0,2313,29,0.0,0,0.0,0,0.0,0,0.0,0
2012-11-06T09:19:39.500,2312.8,10250,2312.8,9,0.0,0,0.0,0,0.0,0,0.0,0,2313,30,0.0,0,0.0,0,0.0,0,0.0,0
2012-11-06T09:19:40.000,2313,10253,2312.8,8,0.0,0,0.0,0,0.0,0,0.0,0,2313,29,0.0,0,0.0,0,0.0,0,0.0,0
2012-11-06T09:19:40.500,2313,10260,2312.8,8,0.0,0,0.0,0,0.0,0,0.0,0,2313,25,0.0,0,0.0,0,0.0,0,0.0,0
2012-11-06T09:19:41.000,2313,10288,2312.8,9,0.0,0,0.0,0,0.0,0,0.0,0,2313,1,0.0,0,0.0,0,0.0,0,0.0,0
2012-11-06T09:19:41.500,2313,10292,2313,3,0.0,0,0.0,0,0.0,0,0.0,0,2313.2,41,0.0,0,0.0,0,0.0,0,0.0,0
2012-11-06T09:19:42.000,2313,10295,2313,5,0.0,0,0.0,0,0.0,0,0.0,0,2313.2,40,0.0,0,0.0,0,0.0,0,0.0,0
2012-11-06T09:19:42.500,2313,10297,2313,4,0.0,0,0.0,0,0.0,0,0.0,0,2313.2,40,0.0,0,0.0,0,0.0,0,0.0,0
2012-11-06T09:19:43.000,2313,10309,2313,3,0.0,0,0.0,0,0.0,0,0.0,0,2313.2,40,0.0,0,0.0,0,0.0,0,0.0,0
2012-11-06T09:19:43.500,2313.2,10321,2312.8,7,0.0,0,0.0,0,0.0,0,0.0,0,2313,5,0.0,0,0.0,0,0.0,0,0.0,0
2012-11-06T09:19:44.000,2313,10329,2312.8,3,0.0,0,0.0,0,0.0,0,0.0,0,2313,4,0.0,0,0.0,0,0.0,0,0.0,0
2012-11-06T09:19:44.500,2313,10330,2312.8,3,0.0,0,0.0,0,0.0,0,0.0,0,2313,6,0.0,0,0.0,0,0.0,0,0.0,0
2012-11-06T09:19:45.000,2313,10334,2312.8,3,0.0,0,0.0,0,0.0,0,0.0,0,2313,5,0.0,0,0.0,0,0.0,0,0.0,0
2012-11-06T09:19:45.500,2313,10337,2312.8,4,0.0,0,0.0,0,0.0,0,0.0,0,2313,33,0.0,0,0.0,0,0.0,0,0.0,0
2012-11-06T09:19:46.000,2313,10339,2312.8,4,0.0,0,0.0,0,0.0,0,0.0,0,2313,33,0.0,0,0.0,0,0.0,0,0.0,0
2012-11-06T09:19:46.500,2312.8,10342,2312.8,2,0.0,0,0.0,0,0.0,0,0.0,0,2313,43,0.0,0,0.0,0,0.0,0,0.0,0
2012-11-06T09:19:47.000,2312.6,10358,2312.4,18,0.0,0,0.0,0,0.0,0,0.0,0,2312.6,15,0.0,0,0.0,0,0.0,0,0.0,0
2012-11-06T09:19:47.500,2312.6,10369,2312.4,19,0.0,0,0.0,0,0.0,0,0.0,0,2312.6,12,0.0,0,0.0,0,0.0,0,0.0,0
2012-11-06T09:19:48.000,2312.6,10377,2312.4,18,0.0,0,0.0,0,0.0,0,0.0,0,2312.6,6,0.0,0,0.0,0,0.0,0,0.0,0
2012-11-06T09:19:48.500,2312.6,10379,2312.4,17,0.0,0,0.0,0,0.0,0,0.0,0,2312.6,5,0.0,0,0.0,0,0.0,0,0.0,0
2012-11-06T09:19:49.000,2312.6,10382,2312.4,17,0.0,0,0.0,0,0.0,0,0.0,0,2312.6,3,0.0,0,0.0,0,0.0,0,0.0,0
2012-11-06T09:19:49.500,2312.6,10385,2312.6,7,0.0,0,0.0,0,0.0,0,0.0,0,2312.8,90,0.0,0,0.0,0,0.0,0,0.0,0
2012-11-06T09:19:50.000,2312.6,10387,2312.6,11,0.0,0,0.0,0,0.0,0,0.0,0,2312.8,99,0.0,0,0.0,0,0.0,0,0.0,0
2012-11-06T09:19:50.500,2312.6,10396,2312.6,2,0.0,0,0.0,0,0.0,0,0.0,0,2312.8,97,0.0,0,0.0,0,0.0,0,0.0,0
2012-11-06T09:19:51.000,2312.6,10408,2312.4,17,0.0,0,0.0,0,0.0,0,0.0,0,2312.6,1,0.0,0,0.0,0,0.0,0,0.0,0
2012-11-06T09:19:51.500,2312.6,10410,2312.4,20,0.0,0,0.0,0,0.0,0,0.0,0,2312.6,10,0.0,0,0.0,0,0.0,0,0.0,0
2012-11-06T09:19:52.000,2312.4,10421,2312.4,22,0.0,0,0.0,0,0.0,0,0.0,0,2312.6,20,0.0,0,0.0,0,0.0,0,0.0,0
2012-11-06T09:19:52.500,2312.4,10450,2312.2,10,0.0,0,0.0,0,0.0,0,0.0,0,2312.4,8,0.0,0,0.0,0,0.0,0,0.0,0
2012-11-06T09:19:53.000,2312.4,10454,2312.2,10,0.0,0,0.0,0,0.0,0,0.0,0,2312.4,5,0.0,0,0.0,0,0.0,0,0.0,0
2012-11-06T09:19:53.500,2312.2,10465,2312.4,20,0.0,0,0.0,0,0.0,0,0.0,0,2312.6,30,0.0,0,0.0,0,0.0,0,0.0,0
2012-11-06T09:19:54.000,2312.4,10472,2312.4,20,0.0,0,0.0,0,0.0,0,0.0,0,2312.6,25,0.0,0,0.0,0,0.0,0,0.0,0
2012-11-06T09:19:54.500,2312.4,10477,2312.4,15,0.0,0,0.0,0,0.0,0,0.0,0,2312.6,34,0.0,0,0.0,0,0.0,0,0.0,0
2012-11-06T09:19:55.000,2312.6,10478,2312.4,16,0.0,0,0.0,0,0.0,0,0.0,0,2312.6,22,0.0,0,0.0,0,0.0,0,0.0,0
2012-11-06T09:19:55.500,2312.6,10497,2312.4,8,0.0,0,0.0,0,0.0,0,0.0,0,2312.6,11,0.0,0,0.0,0,0.0,0,0.0,0
2012-11-06T09:19:56.000,2312.6,10512,2312.6,39,0.0,0,0.0,0,0.0,0,0.0,0,2312.8,106,0.0,0,0.0,0,0.0,0,0.0,0
2012-11-06T09:19:56.500,2312.6,10514,2312.6,37,0.0,0,0.0,0,0.0,0,0.0,0,2312.8,106,0.0,0,0.0,0,0.0,0,0.0,0
2012-11-06T09:19:57.000,2312.6,10518,2312.6,34,0.0,0,0.0,0,0.0,0,0.0,0,2312.8,106,0.0,0,0.0,0,0.0,0,0.0,0
2012-11-06T09:19:57.500,2312.8,10524,2312.6,33,0.0,0,0.0,0,0.0,0,0.0,0,2312.8,101,0.0,0,0.0,0,0.0,0,0.0,0
2012-11-06T09:19:58.250,2312.8,10529,2312.6,29,0.0,0,0.0,0,0.0,0,0.0,0,2312.8,100,0.0,0,0.0,0,0.0,0,0.0,0
2012-11-06T09:19:59.000,2312.6,10531,2312.6,27,0.0,0,0.0,0,0.0,0,0.0,0,2312.8,100,0.0,0,0.0,0,0.0,0,0.0,0
2012-11-06T09:19:59.500,2312.6,10533,2312.6,26,0.0,0,0.0,0,0.0,0,0.0,0,2312.8,100,0.0,0,0.0,0,0.0,0,0.0,0
2012-11-06T09:20:00.250,2312.6,10534,2312.6,25,0.0,0,0.0,0,0.0,0,0.0,0,2312.8,100,0.0,0,0.0,0,0.0,0,0.0,0
2012-11-06T09:20:01.000,2312.8,10561,2312.6,22,0.0,0,0.0,0,0.0,0,0.0,0,2312.8,90,0.0,0,0.0,0,0.0,0,0.0,0
2012-11-06T09:20:01.500,2312.8,10594,2312.6,22,0.0,0,0.0,0,0.0,0,0.0,0,2312.8,57,0.0,0,0.0,0,0.0,0,0.0,0
2012-11-06T09:20:02.000,2312.8,10634,2312.4,8,0.0,0,0.0,0,0.0,0,0.0,0,2312.8,35,0.0,0,0.0,0,0.0,0,0.0,0
2012-11-06T09:20:02.500,2312.8,10641,2312.6,18,0.0,0,0.0,0,0.0,0,0.0,0,2312.8,31,0.0,0,0.0,0,0.0,0,0.0,0
2012-11-06T09:20:03.000,2312.8,10650,2312.6,1,0.0,0,0.0,0,0.0,0,0.0,0,2312.8,23,0.0,0,0.0,0,0.0,0,0.0,0
2012-11-06T09:20:03.500,2312.6,10651,2312.4,8,0.0,0,0.0,0,0.0,0,0.0,0,2312.8,23,0.0,0,0.0,0,0.0,0,0.0,0
2012-11-06T09:20:04.000,2312.8,10654,2312.6,1,0.0,0,0.0,0,0.0,0,0.0,0,2312.8,25,0.0,0,0.0,0,0.0,0,0.0,0
2012-11-06T09:20:04.500,2312.6,10655,2312.4,29,0.0,0,0.0,0,0.0,0,0.0,0,2312.8,25,0.0,0,0.0,0,0.0,0,0.0,0
2012-11-06T09:20:05.000,2312.4,10661,2312.6,1,0.0,0,0.0,0,0.0,0,0.0,0,2312.8,24,0.0,0,0.0,0,0.0,0,0.0,0
2012-11-06T09:20:05.500,2312.8,10690,2312.8,2,0.0,0,0.0,0,0.0,0,0.0,0,2313,52,0.0,0,0.0,0,0.0,0,0.0,0
2012-11-06T09:20:06.000,2312.8,10691,2312.8,1,0.0,0,0.0,0,0.0,0,0.0,0,2313,51,0.0,0,0.0,0,0.0,0,0.0,0
2012-11-06T09:20:06.500,2313,10751,2313,4,0.0,0,0.0,0,0.0,0,0.0,0,2313.2,46,0.0,0,0.0,0,0.0,0,0.0,0
2012-11-06T09:20:07.000,2313,10757,2313,7,0.0,0,0.0,0,0.0,0,0.0,0,2313.2,45,0.0,0,0.0,0,0.0,0,0.0,0
2012-11-06T09:20:07.500,2313.2,10781,2313,1,0.0,0,0.0,0,0.0,0,0.0,0,2313.2,41,0.0,0,0.0,0,0.0,0,0.0,0
2012-11-06T09:20:08.000,2313,10785,2312.8,2,0.0,0,0.0,0,0.0,0,0.0,0,2313.2,39,0.0,0,0.0,0,0.0,0,0.0,0
2012-11-06T09:20:08.500,2312.8,10793,2312.6,78,0.0,0,0.0,0,0.0,0,0.0,0,2313,24,0.0,0,0.0,0,0.0,0,0.0,0
2012-11-06T09:20:09.000,2313,10795,2312.6,77,0.0,0,0.0,0,0.0,0,0.0,0,2313,24,0.0,0,0.0,0,0.0,0,0.0,0
2012-11-06T09:20:09.500,2312.8,10802,2312.8,9,0.0,0,0.0,0,0.0,0,0.0,0,2313,41,0.0,0,0.0,0,0.0,0,0.0,0
2012-11-06T09:20:10.000,2313,10822,2312.8,3,0.0,0,0.0,0,0.0,0,0.0,0,2313,25,0.0,0,0.0,0,0.0,0,0.0,0
2012-11-06T09:20:10.500,2312.8,10824,2312.8,7,0.0,0,0.0,0,0.0,0,0.0,0,2313,26,0.0,0,0.0,0,0.0,0,0.0,0
2012-11-06T09:20:11.000,2313,10828,2312.8,19,0.0,0,0.0,0,0.0,0,0.0,0,2313,23,0.0,0,0.0,0,0.0,0,0.0,0
2012-11-06T09:20:11.500,2313,10830,2312.8,20,0.0,0,0.0,0,0.0,0,0.0,0,2313,24,0.0,0,0.0,0,0.0,0,0.0,0
2012-11-06T09:20:12.000,2312.8,10835,2312.8,19,0.0,0,0.0,0,0.0,0,0.0,0,2313,20,0.0,0,0.0,0,0.0,0,0.0,0
2012-11-06T09:20:12.500,2313,10836,2312.8,7,0.0,0,0.0,0,0.0,0,0.0,0,2313,19,0.0,0,0.0,0,0.0,0,0.0,0
2012-11-06T09:20:13.000,2313,10850,2312.8,4,0.0,0,0.0,0,0.0,0,0.0,0,2313,8,0.0,0,0.0,0,0.0,0,0.0,0
2012-11-06T09:20:13.500,2313,10851,2312.8,6,0.0,0,0.0,0,0.0,0,0.0,0,2313,7,0.0,0,0.0,0,0.0,0,0.0,0
2012-11-06T09:20:14.000,2313,10854,2312.8,5,0.0,0,0.0,0,0.0,0,0.0,0,2313,5,0.0,0,0.0,0,0.0,0,0.0,0
2012-11-06T09:20:14.500,2312.8,10858,2312.8,2,0.0,0,0.0,0,0.0,0,0.0,0,2313,5,0.0,0,0.0,0,0.0,0,0.0,0
2012-11-06T09:20:15.250,2312.8,10861,2312.6,94,0.0,0,0.0,0,0.0,0,0.0,0,2313,11,0.0,0,0.0,0,0.0,0,0.0,0
2012-11-06T09:20:16.000,2312.8,10862,2312.8,2,0.0,0,0.0,0,0.0,0,0.0,0,2313,11,0.0,0,0.0,0,0.0,0,0.0,0
2012-11-06T09:20:16.500,2313,10867,2312.8,5,0.0,0,0.0,0,0.0,0,0.0,0,2313,8,0.0,0,0.0,0,0.0,0,0.0,0
2012-11-06T09:20:17.000,2312.8,10869,2312.8,6,0.0,0,0.0,0,0.0,0,0.0,0,2313,9,0.0,0,0.0,0,0.0,0,0.0,0
2012-11-06T09:20:17.500,2313,10876,2312.8,2,0.0,0,0.0,0,0.0,0,0.0,0,2313,8,0.0,0,0.0,0,0.0,0,0.0,0
2012-11-06T09:20:18.000,2312.8,10880,2312.8,2,0.0,0,0.0,0,0.0,0,0.0,0,2313,16,0.0,0,0.0,0,0.0,0,0.0,0
2012-11-06T09:20:18.500,2313,10882,2312.8,1,0.0,0,0.0,0,0.0,0,0.0,0,2313,25,0.0,0,0.0,0,0.0,0,0.0,0
2012-11-06T09:20:19.000,2312.8,10883,2312.8,1,0.0,0,0.0,0,0.0,0,0.0,0,2313,27,0.0,0,0.0,0,0.0,0,0.0,0
2012-11-06T09:20:19.500,2313,10886,2312.8,12,0.0,0,0.0,0,0.0,0,0.0,0,2313,25,0.0,0,0.0,0,0.0,0,0.0,0
2012-11-06T09:20:20.000,2313,10902,2312.8,31,0.0,0,0.0,0,0.0,0,0.0,0,2313,11,0.0,0,0.0,0,0.0,0,0.0,0
2012-11-06T09:20:20.500,2313,10904,2312.8,37,0.0,0,0.0,0,0.0,0,0.0,0,2313,10,0.0,0,0.0,0,0.0,0,0.0,0
2012-11-06T09:20:21.000,2313,10914,2313,22,0.0,0,0.0,0,0.0,0,0.0,0,2313.2,39,0.0,0,0.0,0,0.0,0,0.0,0
2012-11-06T09:20:21.500,2313,10920,2313,33,0.0,0,0.0,0,0.0,0,0.0,0,2313.2,38,0.0,0,0.0,0,0.0,0,0.0,0
2012-11-06T09:20:22.000,2313.2,10925,2313,33,0.0,0,0.0,0,0.0,0,0.0,0,2313.2,33,0.0,0,0.0,0,0.0,0,0.0,0
2012-11-06T09:20:22.500,2313.2,10936,2313,33,0.0,0,0.0,0,0.0,0,0.0,0,2313.2,23,0.0,0,0.0,0,0.0,0,0.0,0
2012-11-06T09:20:23.000,2312.8,11001,2312.8,33,0.0,0,0.0,0,0.0,0,0.0,0,2313.2,8,0.0,0,0.0,0,0.0,0,0.0,0
2012-11-06T09:20:23.500,2313.2,11002,2313,3,0.0,0,0.0,0,0.0,0,0.0,0,2313.2,7,0.0,0,0.0,0,0.0,0,0.0,0
2012-11-06T09:20:24.000,2313.2,11030,2313.2,1,0.0,0,0.0,0,0.0,0,0.0,0,2313.6,24,0.0,0,0.0,0,0.0,0,0.0,0
2012-11-06T09:20:24.500,2313.2,11031,2313.2,20,0.0,0,0.0,0,0.0,0,0.0,0,2313.6,25,0.0,0,0.0,0,0.0,0,0.0,0
2012-11-06T09:20:25.000,2312.8,11095,2312.8,17,0.0,0,0.0,0,0.0,0,0.0,0,2313.6,22,0.0,0,0.0,0,0.0,0,0.0,0
2012-11-06T09:20:25.500,2313.4,11097,2313,8,0.0,0,0.0,0,0.0,0,0.0,0,2313.2,1,0.0,0,0.0,0,0.0,0,0.0,0
2012-11-06T09:20:26.000,2313.2,11108,2313,1,0.0,0,0.0,0,0.0,0,0.0,0,2313.2,3,0.0,0,0.0,0,0.0,0,0.0,0
2012-11-06T09:20:26.500,2312.8,11114,2312.8,8,0.0,0,0.0,0,0.0,0,0.0,0,2313.2,10,0.0,0,0.0,0,0.0,0,0.0,0
2012-11-06T09:20:27.000,2312.8,11121,2312.8,26,0.0,0,0.0,0,0.0,0,0.0,0,2313.2,12,0.0,0,0.0,0,0.0,0,0.0,0
2012-11-06T09:20:27.500,2312.8,11135,2312.8,44,0.0,0,0.0,0,0.0,0,0.0,0,2313.2,33,0.0,0,0.0,0,0.0,0,0.0,0
2012-11-06T09:20:28.000,2313.2,11138,2313,2,0.0,0,0.0,0,0.0,0,0.0,0,2313.2,30,0.0,0,0.0,0,0.0,0,0.0,0
2012-11-06T09:20:28.500,2313.2,11142,2313,2,0.0,0,0.0,0,0.0,0,0.0,0,2313.2,26,0.0,0,0.0,0,0.0,0,0.0,0
2012-11-06T09:20:29.000,2313.2,11161,2312.8,43,0.0,0,0.0,0,0.0,0,0.0,0,2313.2,11,0.0,0,0.0,0,0.0,0,0.0,0
2012-11-06T09:20:29.500,2313,11173,2312.8,33,0.0,0,0.0,0,0.0,0,0.0,0,2313,1,0.0,0,0.0,0,0.0,0,0.0,0
2012-11-06T09:20:30.000,2313,11174,2312.8,33,0.0,0,0.0,0,0.0,0,0.0,0,2313,2,0.0,0,0.0,0,0.0,0,0.0,0
2012-11-06T09:20:30.500,2313,11179,2312.8,30,0.0,0,0.0,0,0.0,0,0.0,0,2313.2,15,0.0,0,0.0,0,0.0,0,0.0,0
2012-11-06T09:20:31.000,2312.8,11181,2312.8,32,0.0,0,0.0,0,0.0,0,0.0,0,2313,2,0.0,0,0.0,0,0.0,0,0.0,0
2012-11-06T09:20:31.500,2313.2,11185,2312.8,33,0.0,0,0.0,0,0.0,0,0.0,0,2313.2,68,0.0,0,0.0,0,0.0,0,0.0,0
2012-11-06T09:20:32.000,2312.8,11187,2313,11,0.0,0,0.0,0,0.0,0,0.0,0,2313.2,78,0.0,0,0.0,0,0.0,0,0.0,0
2012-11-06T09:20:32.500,2313,11198,2312.8,34,0.0,0,0.0,0,0.0,0,0.0,0,2313,12,0.0,0,0.0,0,0.0,0,0.0,0
2012-11-06T09:20:33.000,2312.8,11209,2312.8,27,0.0,0,0.0,0,0.0,0,0.0,0,2313,24,0.0,0,0.0,0,0.0,0,0.0,0
2012-11-06T09:20:33.500,2313,11210,2312.8,27,0.0,0,0.0,0,0.0,0,0.0,0,2313,47,0.0,0,0.0,0,0.0,0,0.0,0
2012-11-06T09:20:34.000,2312.8,11221,2312.8,23,0.0,0,0.0,0,0.0,0,0.0,0,2313,63,0.0,0,0.0,0,0.0,0,0.0,0
2012-11-06T09:20:34.500,2312.8,11245,2312.6,96,0.0,0,0.0,0,0.0,0,0.0,0,2312.8,14,0.0,0,0.0,0,0.0,0,0.0,0
2012-11-06T09:20:35.000,2312.6,11247,2312.6,94,0.0,0,0.0,0,0.0,0,0.0,0,2312.8,24,0.0,0,0.0,0,0.0,0,0.0,0
2012-11-06T09:20:35.500,2312.6,11261,2312.6,81,0.0,0,0.0,0,0.0,0,0.0,0,2312.8,24,0.0,0,0.0,0,0.0,0,0.0,0
2012-11-06T09:20:36.000,2312.6,11297,2312.6,56,0.0,0,0.0,0,0.0,0,0.0,0,2312.8,14,0.0,0,0.0,0,0.0,0,0.0,0
2012-11-06T09:20:36.500,2312.6,11311,2312.6,47,0.0,0,0.0,0,0.0,0,0.0,0,2312.8,12,0.0,0,0.0,0,0.0,0,0.0,0
2012-11-06T09:20:37.250,2312.6,11313,2312.6,44,0.0,0,0.0,0,0.0,0,0.0,0,2312.8,19,0.0,0,0.0,0,0.0,0,0.0,0
2012-11-06T09:20:38.000,2312.6,11316,2312.6,43,0.0,0,0.0,0,0.0,0,0.0,0,2312.8,17,0.0,0,0.0,0,0.0,0,0.0,0
2012-11-06T09:20:38.500,2312.6,11318,2312.6,39,0.0,0,0.0,0,0.0,0,0.0,0,2312.8,35,0.0,0,0.0,0,0.0,0,0.0,0
2012-11-06T09:20:39.000,2312.6,11329,2312.6,29,0.0,0,0.0,0,0.0,0,0.0,0,2312.8,34,0.0,0,0.0,0,0.0,0,0.0,0
2012-11-06T09:20:39.500,2312.6,11386,2312.6,11,0.0,0,0.0,0,0.0,0,0.0,0,2312.8,31,0.0,0,0.0,0,0.0,0,0.0,0
2012-11-06T09:20:40.000,2312.8,11394,2312.6,4,0.0,0,0.0,0,0.0,0,0.0,0,2312.8,30,0.0,0,0.0,0,0.0,0,0.0,0
2012-11-06T09:20:40.500,2312.6,11402,2312.4,11,0.0,0,0.0,0,0.0,0,0.0,0,2312.6,16,0.0,0,0.0,0,0.0,0,0.0,0
2012-11-06T09:20:41.000,2312.4,11405,2312.4,11,0.0,0,0.0,0,0.0,0,0.0,0,2312.6,15,0.0,0,0.0,0,0.0,0,0.0,0
2012-11-06T09:20:41.500,2312.4,11416,2312.4,16,0.0,0,0.0,0,0.0,0,0.0,0,2312.6,8,0.0,0,0.0,0,0.0,0,0.0,0
2012-11-06T09:20:42.000,2312.4,11418,2312.4,14,0.0,0,0.0,0,0.0,0,0.0,0,2312.6,9,0.0,0,0.0,0,0.0,0,0.0,0
2012-11-06T09:20:42.500,2312.6,11436,2312.6,40,0.0,0,0.0,0,0.0,0,0.0,0,2312.8,6,0.0,0,0.0,0,0.0,0,0.0,0
2012-11-06T09:20:43.000,2312.6,11448,2312.6,57,0.0,0,0.0,0,0.0,0,0.0,0,2313,83,0.0,0,0.0,0,0.0,0,0.0,0
2012-11-06T09:20:43.500,2312.6,11451,2312.6,60,0.0,0,0.0,0,0.0,0,0.0,0,2312.8,1,0.0,0,0.0,0,0.0,0,0.0,0
2012-11-06T09:20:44.000,2312.8,11456,2312.8,3,0.0,0,0.0,0,0.0,0,0.0,0,2313,66,0.0,0,0.0,0,0.0,0,0.0,0
2012-11-06T09:20:44.500,2312.8,11458,2312.8,3,0.0,0,0.0,0,0.0,0,0.0,0,2313,65,0.0,0,0.0,0,0.0,0,0.0,0
2012-11-06T09:20:45.000,2312.8,11460,2312.8,6,0.0,0,0.0,0,0.0,0,0.0,0,2313,65,0.0,0,0.0,0,0.0,0,0.0,0
2012-11-06T09:20:45.500,2313,11465,2312.8,2,0.0,0,0.0,0,0.0,0,0.0,0,2313,64,0.0,0,0.0,0,0.0,0,0.0,0
2012-11-06T09:20:46.000,2312.8,11468,2312.8,7,0.0,0,0.0,0,0.0,0,0.0,0,2313,63,0.0,0,0.0,0,0.0,0,0.0,0
2012-11-06T09:20:46.500,2313,11469,2312.8,11,0.0,0,0.0,0,0.0,0,0.0,0,2313,67,0.0,0,0.0,0,0.0,0,0.0,0
2012-11-06T09:20:47.000,2312.8,11472,2312.8,9,0.0,0,0.0,0,0.0,0,0.0,0,2313,67,0.0,0,0.0,0,0.0,0,0.0,0
2012-11-06T09:20:47.500,2312.8,11473,2312.8,9,0.0,0,0.0,0,0.0,0,0.0,0,2313,69,0.0,0,0.0,0,0.0,0,0.0,0
2012-11-06T09:20:48.000,2313,11515,2312.8,8,0.0,0,0.0,0,0.0,0,0.0,0,2313,30,0.0,0,0.0,0,0.0,0,0.0,0
2012-11-06T09:20:48.500,2313,11517,2312.8,11,0.0,0,0.0,0,0.0,0,0.0,0,2313,29,0.0,0,0.0,0,0.0,0,0.0,0
2012-11-06T09:20:49.250,2313,11524,2312.8,34,0.0,0,0.0,0,0.0,0,0.0,0,2313,27,0.0,0,0.0,0,0.0,0,0.0,0
2012-11-06T09:20:50.000,2313,11553,2312.8,24,0.0,0,0.0,0,0.0,0,0.0,0,2313,1,0.0,0,0.0,0,0.0,0,0.0,0
2012-11-06T09:20:50.500,2313.2,11558,2313,1,0.0,0,0.0,0,0.0,0,0.0,0,2313.2,97,0.0,0,0.0,0,0.0,0,0.0,0
2012-11-06T09:20:51.000,2313,11561,2312.8,22,0.0,0,0.0,0,0.0,0,0.0,0,2313.2,96,0.0,0,0.0,0,0.0,0,0.0,0
2012-11-06T09:20:51.500,2313,11563,2312.8,23,0.0,0,0.0,0,0.0,0,0.0,0,2313.2,95,0.0,0,0.0,0,0.0,0,0.0,0
2012-11-06T09:20:52.000,2313.2,11566,2313,3,0.0,0,0.0,0,0.0,0,0.0,0,2313.2,92,0.0,0,0.0,0,0.0,0,0.0,0
2012-11-06T09:20:52.500,2313,11567,2313,3,0.0,0,0.0,0,0.0,0,0.0,0,2313.2,92,0.0,0,0.0,0,0.0,0,0.0,0
2012-11-06T09:20:53.000,2313,11572,2312.8,14,0.0,0,0.0,0,0.0,0,0.0,0,2313,49,0.0,0,0.0,0,0.0,0,0.0,0
2012-11-06T09:20:53.500,2312.8,11575,2312.8,12,0.0,0,0.0,0,0.0,0,0.0,0,2313,50,0.0,0,0.0,0,0.0,0,0.0,0
2012-11-06T09:20:54.250,2312.8,11582,2312.8,1,0.0,0,0.0,0,0.0,0,0.0,0,2313,60,0.0,0,0.0,0,0.0,0,0.0,0
2012-11-06T09:20:55.000,2312.8,11587,2312.6,15,0.0,0,0.0,0,0.0,0,0.0,0,2312.8,5,0.0,0,0.0,0,0.0,0,0.0,0
2012-11-06T09:20:55.500,2312.8,11590,2312.6,17,0.0,0,0.0,0,0.0,0,0.0,0,2312.8,2,0.0,0,0.0,0,0.0,0,0.0,0
2012-11-06T09:20:56.250,2312.6,11593,2312.6,16,0.0,0,0.0,0,0.0,0,0.0,0,2312.8,7,0.0,0,0.0,0,0.0,0,0.0,0
2012-11-06T09:20:57.250,2312.8,11597,2312.6,17,0.0,0,0.0,0,0.0,0,0.0,0,2312.8,7,0.0,0,0.0,0,0.0,0,0.0,0
2012-11-06T09:20:58.000,2312.6,11598,2312.6,29,0.0,0,0.0,0,0.0,0,0.0,0,2312.8,8,0.0,0,0.0,0,0.0,0,0.0,0
2012-11-06T09:20:58.500,2312.8,11601,2312.6,29,0.0,0,0.0,0,0.0,0,0.0,0,2312.8,6,0.0,0,0.0,0,0.0,0,0.0,0
2012-11-06T09:20:59.000,2312.6,11605,2312.6,26,0.0,0,0.0,0,0.0,0,0.0,0,2312.8,5,0.0,0,0.0,0,0.0,0,0.0,0
2012-11-06T09:20:59.500,2313,11620,2312.8,1,0.0,0,0.0,0,0.0,0,0.0,0,2313,71,0.0,0,0.0,0,0.0,0,0.0,0
2012-11-06T09:21:00.000,2313,11632,2312.8,2,0.0,0,0.0,0,0.0,0,0.0,0,2313,60,0.0,0,0.0,0,0.0,0,0.0,0
2012-11-06T09:21:00.500,2313,11652,2312.8,9,0.0,0,0.0,0,0.0,0,0.0,0,2313,41,0.0,0,0.0,0,0.0,0,0.0,0
2012-11-06T09:21:01.000,2312.8,11654,2312.8,8,0.0,0,0.0,0,0.0,0,0.0,0,2313,43,0.0,0,0.0,0,0.0,0,0.0,0
2012-11-06T09:21:01.500,2312.8,11677,2312.8,22,0.0,0,0.0,0,0.0,0,0.0,0,2313,20,0.0,0,0.0,0,0.0,0,0.0,0
2012-11-06T09:21:02.000,2312.8,11697,2312.8,5,0.0,0,0.0,0,0.0,0,0.0,0,2313,19,0.0,0,0.0,0,0.0,0,0.0,0
2012-11-06T09:21:02.500,2313,11712,2312.8,3,0.0,0,0.0,0,0.0,0,0.0,0,2313,4,0.0,0,0.0,0,0.0,0,0.0,0
2012-11-06T09:21:03.250,2312.8,11718,2312.6,28,0.0,0,0.0,0,0.0,0,0.0,0,2312.8,11,0.0,0,0.0,0,0.0,0,0.0,0
2012-11-06T09:21:04.250,2312.6,11728,2312.6,20,0.0,0,0.0,0,0.0,0,0.0,0,2312.8,12,0.0,0,0.0,0,0.0,0,0.0,0
2012-11-06T09:21:05.000,2312.6,11731,2312.6,18,0.0,0,0.0,0,0.0,0,0.0,0,2312.8,14,0.0,0,0.0,0,0.0,0,0.0,0
2012-11-06T09:21:05.500,2312.6,11736,2312.6,14,0.0,0,0.0,0,0.0,0,0.0,0,2312.8,17,0.0,0,0.0,0,0.0,0,0.0,0
2012-11-06T09:21:06.000,2312.6,11738,2312.6,12,0.0,0,0.0,0,0.0,0,0.0,0,2312.8,20,0.0,0,0.0,0,0.0,0,0.0,0
2012-11-06T09:21:06.500,2312.4,11752,2312.4,25,0.0,0,0.0,0,0.0,0,0.0,0,2312.6,3,0.0,0,0.0,0,0.0,0,0.0,0
2012-11-06T09:21:07.250,2312.4,11771,2312.4,4,0.0,0,0.0,0,0.0,0,0.0,0,2312.6,12,0.0,0,0.0,0,0.0,0,0.0,0
2012-11-06T09:21:08.250,2312.4,11787,2312.2,46,0.0,0,0.0,0,0.0,0,0.0,0,2312.4,2,0.0,0,0.0,0,0.0,0,0.0,0
2012-11-06T09:21:09.250,2312.2,11812,2312.2,23,0.0,0,0.0,0,0.0,0,0.0,0,2312.4,2,0.0,0,0.0,0,0.0,0,0.0,0
2012-11-06T09:21:10.000,2312.2,11826,2312.2,9,0.0,0,0.0,0,0.0,0,0.0,0,2312.4,6,0.0,0,0.0,0,0.0,0,0.0,0
2012-11-06T09:21:10.500,2312,11838,2312,50,0.0,0,0.0,0,0.0,0,0.0,0,2312.2,12,0.0,0,0.0,0,0.0,0,0.0,0
2012-11-06T09:21:11.000,2312,11851,2312,38,0.0,0,0.0,0,0.0,0,0.0,0,2312.2,27,0.0,0,0.0,0,0.0,0,0.0,0
2012-11-06T09:21:11.500,2312,11854,2312,55,0.0,0,0.0,0,0.0,0,0.0,0,2312.2,37,0.0,0,0.0,0,0.0,0,0.0,0
2012-11-06T09:21:12.000,2312,11906,2312,30,0.0,0,0.0,0,0.0,0,0.0,0,2312.2,13,0.0,0,0.0,0,0.0,0,0.0,0
2012-11-06T09:21:12.500,2312,11958,2311.8,87,0.0,0,0.0,0,0.0,0,0.0,0,2312,21,0.0,0,0.0,0,0.0,0,0.0,0
2012-11-06T09:21:13.000,2311.8,11964,2311.8,82,0.0,0,0.0,0,0.0,0,0.0,0,2312,26,0.0,0,0.0,0,0.0,0,0.0,0
2012-11-06T09:21:13.500,2311.8,12022,2311.8,52,0.0,0,0.0,0,0.0,0,0.0,0,2312.2,88,0.0,0,0.0,0,0.0,0,0.0,0
2012-11-06T09:21:14.000,2312,12031,2311.8,63,0.0,0,0.0,0,0.0,0,0.0,0,2312,3,0.0,0,0.0,0,0.0,0,0.0,0
2012-11-06T09:21:14.500,2311.8,12033,2311.8,65,0.0,0,0.0,0,0.0,0,0.0,0,2312,12,0.0,0,0.0,0,0.0,0,0.0,0
2012-11-06T09:21:15.000,2312,12057,2312,12,0.0,0,0.0,0,0.0,0,0.0,0,2312.2,89,0.0,0,0.0,0,0.0,0,0.0,0
2012-11-06T09:21:15.500,2312,12074,2312,1,0.0,0,0.0,0,0.0,0,0.0,0,2312.2,87,0.0,0,0.0,0,0.0,0,0.0,0
2012-11-06T09:21:16.000,2312,12081,2312,3,0.0,0,0.0,0,0.0,0,0.0,0,2312.2,88,0.0,0,0.0,0,0.0,0,0.0,0
2012-11-06T09:21:16.500,2312,12090,2311.8,56,0.0,0,0.0,0,0.0,0,0.0,0,2312.2,86,0.0,0,0.0,0,0.0,0,0.0,0
2012-11-06T09:21:17.250,2312,12095,2311.8,61,0.0,0,0.0,0,0.0,0,0.0,0,2312,3,0.0,0,0.0,0,0.0,0,0.0,0
2012-11-06T09:21:18.000,2311.8,12100,2312,3,0.0,0,0.0,0,0.0,0,0.0,0,2312.2,88,0.0,0,0.0,0,0.0,0,0.0,0
2012-11-06T09:21:18.500,2312,12103,2312,3,0.0,0,0.0,0,0.0,0,0.0,0,2312.2,89,0.0,0,0.0,0,0.0,0,0.0,0
2012-11-06T09:21:19.000,2312,12108,2311.8,62,0.0,0,0.0,0,0.0,0,0.0,0,2312,1,0.0,0,0.0,0,0.0,0,0.0,0
2012-11-06T09:21:19.500,2312,12111,2311.8,61,0.0,0,0.0,0,0.0,0,0.0,0,2312,3,0.0,0,0.0,0,0.0,0,0.0,0
2012-11-06T09:21:20.000,2311.8,12114,2311.8,59,0.0,0,0.0,0,0.0,0,0.0,0,2312,3,0.0,0,0.0,0,0.0,0,0.0,0
2012-11-06T09:21:20.500,2312.2,12119,2311.8,62,0.0,0,0.0,0,0.0,0,0.0,0,2312,3,0.0,0,0.0,0,0.0,0,0.0,0
2012-11-06T09:21:21.000,2312,12123,2311.8,61,0.0,0,0.0,0,0.0,0,0.0,0,2312,2,0.0,0,0.0,0,0.0,0,0.0,0
2012-11-06T09:21:21.500,2311.8,12131,2311.8,56,0.0,0,0.0,0,0.0,0,0.0,0,2312.2,90,0.0,0,0.0,0,0.0,0,0.0,0
2012-11-06T09:21:22.000,2311.8,12134,2311.8,56,0.0,0,0.0,0,0.0,0,0.0,0,2312,5,0.0,0,0.0,0,0.0,0,0.0,0
2012-11-06T09:21:22.500,2312,12136,2311.8,57,0.0,0,0.0,0,0.0,0,0.0,0,2312,5,0.0,0,0.0,0,0.0,0,0.0,0
2012-11-06T09:21:23.000,2312.2,12142,2311.8,60,0.0,0,0.0,0,0.0,0,0.0,0,2312.2,91,0.0,0,0.0,0,0.0,0,0.0,0
2012-11-06T09:21:23.500,2312.2,12189,2311.8,42,0.0,0,0.0,0,0.0,0,0.0,0,2312,1,0.0,0,0.0,0,0.0,0,0.0,0
2012-11-06T09:21:24.000,2311.8,12191,2311.8,42,0.0,0,0.0,0,0.0,0,0.0,0,2312,1,0.0,0,0.0,0,0.0,0,0.0,0
2012-11-06T09:21:24.500,2311.8,12197,2311.8,36,0.0,0,0.0,0,0.0,0,0.0,0,2312,3,0.0,0,0.0,0,0.0,0,0.0,0
2012-11-06T09:21:25.000,2311.8,12200,2311.8,36,0.0,0,0.0,0,0.0,0,0.0,0,2312,4,0.0,0,0.0,0,0.0,0,0.0,0
2012-11-06T09:21:25.500,2311.8,12213,2311.8,25,0.0,0,0.0,0,0.0,0,0.0,0,2312,4,0.0,0,0.0,0,0.0,0,0.0,0
2012-11-06T09:21:26.000,2311.8,12216,2311.8,26,0.0,0,0.0,0,0.0,0,0.0,0,2312,7,0.0,0,0.0,0,0.0,0,0.0,0
2012-11-06T09:21:26.500,2312,12225,2312,4,0.0,0,0.0,0,0.0,0,0.0,0,2312.2,77,0.0,0,0.0,0,0.0,0,0.0,0
2012-11-06T09:21:27.000,2312,12232,2311.8,25,0.0,0,0.0,0,0.0,0,0.0,0,2312,11,0.0,0,0.0,0,0.0,0,0.0,0
2012-11-06T09:21:27.500,2312,12247,2312,1,0.0,0,0.0,0,0.0,0,0.0,0,2312.2,78,0.0,0,0.0,0,0.0,0,0.0,0
2012-11-06T09:21:28.000,2312.2,12249,2311.8,21,0.0,0,0.0,0,0.0,0,0.0,0,2312.2,77,0.0,0,0.0,0,0.0,0,0.0,0
2012-11-06T09:21:28.500,2311.8,12253,2311.8,18,0.0,0,0.0,0,0.0,0,0.0,0,2312,9,0.0,0,0.0,0,0.0,0,0.0,0
2012-11-06T09:21:29.000,2311.8,12274,2311.8,4,0.0,0,0.0,0,0.0,0,0.0,0,2312,16,0.0,0,0.0,0,0.0,0,0.0,0
2012-11-06T09:21:29.500,2311.8,12279,2311.6,85,0.0,0,0.0,0,0.0,0,0.0,0,2312,16,0.0,0,0.0,0,0.0,0,0.0,0
2012-11-06T09:21:30.000,2311.8,12280,2311.6,95,0.0,0,0.0,0,0.0,0,0.0,0,2311.8,4,0.0,0,0.0,0,0.0,0,0.0,0
2012-11-06T09:21:30.500,2312,12287,2311.8,2,0.0,0,0.0,0,0.0,0,0.0,0,2312,22,0.0,0,0.0,0,0.0,0,0.0,0
2012-11-06T09:21:31.000,2311.8,12295,2311.6,93,0.0,0,0.0,0,0.0,0,0.0,0,2311.8,43,0.0,0,0.0,0,0.0,0,0.0,0
2012-11-06T09:21:31.500,2311.8,12298,2311.6,106,0.0,0,0.0,0,0.0,0,0.0,0,2311.8,41,0.0,0,0.0,0,0.0,0,0.0,0
2012-11-06T09:21:32.000,2311.6,12301,2311.6,93,0.0,0,0.0,0,0.0,0,0.0,0,2311.8,39,0.0,0,0.0,0,0.0,0,0.0,0
2012-11-06T09:21:32.500,2311.8,12305,2311.6,92,0.0,0,0.0,0,0.0,0,0.0,0,2311.8,35,0.0,0,0.0,0,0.0,0,0.0,0
2012-11-06T09:21:33.000,2311.8,12309,2311.6,91,0.0,0,0.0,0,0.0,0,0.0,0,2311.8,33,0.0,0,0.0,0,0.0,0,0.0,0
2012-11-06T09:21:33.500,2311.8,12311,2311.6,91,0.0,0,0.0,0,0.0,0,0.0,0,2311.8,31,0.0,0,0.0,0,0.0,0,0.0,0
2012-11-06T09:21:34.000,2311.6,12317,2311.6,86,0.0,0,0.0,0,0.0,0,0.0,0,2311.8,31,0.0,0,0.0,0,0.0,0,0.0,0
2012-11-06T09:21:34.500,2311.8,12332,2311.6,72,0.0,0,0.0,0,0.0,0,0.0,0,2311.8,30,0.0,0,0.0,0,0.0,0,0.0,0
2012-11-06T09:21:35.000,2311.6,12333,2311.6,71,0.0,0,0.0,0,0.0,0,0.0,0,2311.8,31,0.0,0,0.0,0,0.0,0,0.0,0
2012-11-06T09:21:35.500,2311.6,12341,2311.6,65,0.0,0,0.0,0,0.0,0,0.0,0,2311.8,29,0.0,0,0.0,0,0.0,0,0.0,0
2012-11-06T09:21:36.000,2311.6,12348,2311.6,61,0.0,0,0.0,0,0.0,0,0.0,0,2311.8,29,0.0,0,0.0,0,0.0,0,0.0,0
2012-11-06T09:21:36.500,2311.6,12351,2311.6,59,0.0,0,0.0,0,0.0,0,0.0,0,2311.8,28,0.0,0,0.0,0,0.0,0,0.0,0
2012-11-06T09:21:37.000,2311.6,12386,2311.6,24,0.0,0,0.0,0,0.0,0,0.0,0,2311.8,28,0.0,0,0.0,0,0.0,0,0.0,0
2012-11-06T09:21:37.500,2311.6,12392,2311.6,18,0.0,0,0.0,0,0.0,0,0.0,0,2311.8,28,0.0,0,0.0,0,0.0,0,0.0,0
2012-11-06T09:21:38.000,2311.6,12403,2311.6,7,0.0,0,0.0,0,0.0,0,0.0,0,2311.8,28,0.0,0,0.0,0,0.0,0,0.0,0
2012-11-06T09:21:38.500,2311.6,12405,2311.6,14,0.0,0,0.0,0,0.0,0,0.0,0,2311.8,28,0.0,0,0.0,0,0.0,0,0.0,0
2012-11-06T09:21:39.000,2311.6,12416,2311.6,5,0.0,0,0.0,0,0.0,0,0.0,0,2311.8,27,0.0,0,0.0,0,0.0,0,0.0,0
2012-11-06T09:21:39.500,2311.6,12422,2311.6,2,0.0,0,0.0,0,0.0,0,0.0,0,2311.8,24,0.0,0,0.0,0,0.0,0,0.0,0
2012-11-06T09:21:40.000,2311.6,12424,2311.4,49,0.0,0,0.0,0,0.0,0,0.0,0,2311.6,3,0.0,0,0.0,0,0.0,0,0.0,0
2012-11-06T09:21:40.500,2311.4,12436,2311.4,42,0.0,0,0.0,0,0.0,0,0.0,0,2311.6,4,0.0,0,0.0,0,0.0,0,0.0,0
2012-11-06T09:21:41.000,2311.6,12442,2311.4,40,0.0,0,0.0,0,0.0,0,0.0,0,2311.6,1,0.0,0,0.0,0,0.0,0,0.0,0
2012-11-06T09:21:41.500,2311.6,12449,2311.6,9,0.0,0,0.0,0,0.0,0,0.0,0,2311.8,25,0.0,0,0.0,0,0.0,0,0.0,0
2012-11-06T09:21:42.000,2311.6,12454,2311.6,7,0.0,0,0.0,0,0.0,0,0.0,0,2311.8,24,0.0,0,0.0,0,0.0,0,0.0,0
2012-11-06T09:21:42.500,2311.8,12458,2311.6,31,0.0,0,0.0,0,0.0,0,0.0,0,2311.8,23,0.0,0,0.0,0,0.0,0,0.0,0
2012-11-06T09:21:43.000,2311.6,12461,2311.6,41,0.0,0,0.0,0,0.0,0,0.0,0,2311.8,23,0.0,0,0.0,0,0.0,0,0.0,0
2012-11-06T09:21:43.500,2311.8,12465,2311.6,32,0.0,0,0.0,0,0.0,0,0.0,0,2311.8,21,0.0,0,0.0,0,0.0,0,0.0,0
2012-11-06T09:21:44.000,2311.8,12487,2311.8,4,0.0,0,0.0,0,0.0,0,0.0,0,2312,37,0.0,0,0.0,0,0.0,0,0.0,0
2012-11-06T09:21:44.500,2311.6,12497,2311.6,33,0.0,0,0.0,0,0.0,0,0.0,0,2312,31,0.0,0,0.0,0,0.0,0,0.0,0
2012-11-06T09:21:45.000,2311.6,12501,2311.6,36,0.0,0,0.0,0,0.0,0,0.0,0,2312,33,0.0,0,0.0,0,0.0,0,0.0,0
2012-11-06T09:21:45.500,2311.6,12503,2311.6,37,0.0,0,0.0,0,0.0,0,0.0,0,2311.8,1,0.0,0,0.0,0,0.0,0,0.0,0
2012-11-06T09:21:46.000,2312,12505,2311.6,38,0.0,0,0.0,0,0.0,0,0.0,0,2311.8,1,0.0,0,0.0,0,0.0,0,0.0,0
2012-11-06T09:21:46.500,2311.6,12512,2311.6,40,0.0,0,0.0,0,0.0,0,0.0,0,2312,33,0.0,0,0.0,0,0.0,0,0.0,0
2012-11-06T09:21:47.000,2312,12515,2311.8,6,0.0,0,0.0,0,0.0,0,0.0,0,2312,32,0.0,0,0.0,0,0.0,0,0.0,0
2012-11-06T09:21:47.500,2312,12528,2311.6,44,0.0,0,0.0,0,0.0,0,0.0,0,2312,31,0.0,0,0.0,0,0.0,0,0.0,0
2012-11-06T09:21:48.000,2311.6,12533,2311.8,1,0.0,0,0.0,0,0.0,0,0.0,0,2312,31,0.0,0,0.0,0,0.0,0,0.0,0
2012-11-06T09:21:48.500,2311.6,12534,2311.6,36,0.0,0,0.0,0,0.0,0,0.0,0,2312,32,0.0,0,0.0,0,0.0,0,0.0,0
2012-11-06T09:21:49.000,2311.6,12536,2311.6,36,0.0,0,0.0,0,0.0,0,0.0,0,2312,32,0.0,0,0.0,0,0.0,0,0.0,0
2012-11-06T09:21:49.500,2311.6,12544,2311.6,33,0.0,0,0.0,0,0.0,0,0.0,0,2312,30,0.0,0,0.0,0,0.0,0,0.0,0
2012-11-06T09:21:50.250,2312,12546,2311.6,35,0.0,0,0.0,0,0.0,0,0.0,0,2312,29,0.0,0,0.0,0,0.0,0,0.0,0
2012-11-06T09:21:51.000,2311.6,12547,2311.6,33,0.0,0,0.0,0,0.0,0,0.0,0,2312,49,0.0,0,0.0,0,0.0,0,0.0,0
2012-11-06T09:21:51.500,2312,12549,2311.6,34,0.0,0,0.0,0,0.0,0,0.0,0,2312,47,0.0,0,0.0,0,0.0,0,0.0,0
2012-11-06T09:21:53.000,2312,12553,2311.8,5,0.0,0,0.0,0,0.0,0,0.0,0,2312,44,0.0,0,0.0,0,0.0,0,0.0,0
2012-11-06T09:21:53.500,2312,12555,2311.8,4,0.0,0,0.0,0,0.0,0,0.0,0,2312,44,0.0,0,0.0,0,0.0,0,0.0,0
2012-11-06T09:21:54.250,2312,12595,2311.8,8,0.0,0,0.0,0,0.0,0,0.0,0,2312,3,0.0,0,0.0,0,0.0,0,0.0,0
2012-11-06T09:21:55.000,2311.8,12603,2311.8,3,0.0,0,0.0,0,0.0,0,0.0,0,2312,2,0.0,0,0.0,0,0.0,0,0.0,0
2012-11-06T09:21:55.500,2312,12605,2311.8,5,0.0,0,0.0,0,0.0,0,0.0,0,2312.2,73,0.0,0,0.0,0,0.0,0,0.0,0
2012-11-06T09:21:56.000,2311.8,12608,2311.8,5,0.0,0,0.0,0,0.0,0,0.0,0,2312.2,73,0.0,0,0.0,0,0.0,0,0.0,0
2012-11-06T09:21:56.500,2312.2,12617,2311.6,47,0.0,0,0.0,0,0.0,0,0.0,0,2312.2,72,0.0,0,0.0,0,0.0,0,0.0,0
2012-11-06T09:21:58.000,2312.2,12624,2312,1,0.0,0,0.0,0,0.0,0,0.0,0,2312.2,70,0.0,0,0.0,0,0.0,0,0.0,0
2012-11-06T09:21:58.500,2312.2,12626,2311.8,3,0.0,0,0.0,0,0.0,0,0.0,0,2312.2,69,0.0,0,0.0,0,0.0,0,0.0,0
2012-11-06T09:21:59.000,2312.2,12645,2311.6,50,0.0,0,0.0,0,0.0,0,0.0,0,2312.2,67,0.0,0,0.0,0,0.0,0,0.0,0
2012-11-06T09:21:59.500,2312.2,12651,2311.8,16,0.0,0,0.0,0,0.0,0,0.0,0,2312,9,0.0,0,0.0,0,0.0,0,0.0,0
2012-11-06T09:22:00.250,2311.8,12652,2311.8,19,0.0,0,0.0,0,0.0,0,0.0,0,2312,11,0.0,0,0.0,0,0.0,0,0.0,0
2012-11-06T09:22:01.000,2311.8,12659,2311.8,14,0.0,0,0.0,0,0.0,0,0.0,0,2312,12,0.0,0,0.0,0,0.0,0,0.0,0
2012-11-06T09:22:01.500,2311.8,12666,2311.8,9,0.0,0,0.0,0,0.0,0,0.0,0,2312,12,0.0,0,0.0,0,0.0,0,0.0,0
2012-11-06T09:22:02.000,2311.6,12689,2311.6,44,0.0,0,0.0,0,0.0,0,0.0,0,2312,16,0.0,0,0.0,0,0.0,0,0.0,0
2012-11-06T09:22:02.500,2311.8,12696,2311.6,54,0.0,0,0.0,0,0.0,0,0.0,0,2311.8,1,0.0,0,0.0,0,0.0,0,0.0,0
2012-11-06T09:22:03.000,2311.6,12700,2311.6,51,0.0,0,0.0,0,0.0,0,0.0,0,2312,20,0.0,0,0.0,0,0.0,0,0.0,0
2012-11-06T09:22:03.500,2312,12729,2311.6,48,0.0,0,0.0,0,0.0,0,0.0,0,2312,1,0.0,0,0.0,0,0.0,0,0.0,0
2012-11-06T09:22:04.000,2311.6,12730,2311.6,47,0.0,0,0.0,0,0.0,0,0.0,0,2312,1,0.0,0,0.0,0,0.0,0,0.0,0
2012-11-06T09:22:04.500,2312,12731,2311.6,53,0.0,0,0.0,0,0.0,0,0.0,0,2312,3,0.0,0,0.0,0,0.0,0,0.0,0
2012-11-06T09:22:05.000,2312,12733,2311.8,12,0.0,0,0.0,0,0.0,0,0.0,0,2312,1,0.0,0,0.0,0,0.0,0,0.0,0
2012-11-06T09:22:05.500,2312,12736,2312,10,0.0,0,0.0,0,0.0,0,0.0,0,2312.2,75,0.0,0,0.0,0,0.0,0,0.0,0
2012-11-06T09:22:06.000,2312,12737,2312,23,0.0,0,0.0,0,0.0,0,0.0,0,2312.2,74,0.0,0,0.0,0,0.0,0,0.0,0
2012-11-06T09:22:06.500,2312,12738,2312,8,0.0,0,0.0,0,0.0,0,0.0,0,2312.2,74,0.0,0,0.0,0,0.0,0,0.0,0
2012-11-06T09:22:07.000,2312,12741,2312,7,0.0,0,0.0,0,0.0,0,0.0,0,2312.2,74,0.0,0,0.0,0,0.0,0,0.0,0
2012-11-06T09:22:07.500,2312.2,12745,2312,6,0.0,0,0.0,0,0.0,0,0.0,0,2312.2,72,0.0,0,0.0,0,0.0,0,0.0,0
2012-11-06T09:22:08.000,2312,12747,2312,4,0.0,0,0.0,0,0.0,0,0.0,0,2312.2,72,0.0,0,0.0,0,0.0,0,0.0,0
2012-11-06T09:22:08.500,2312,12748,2312,3,0.0,0,0.0,0,0.0,0,0.0,0,2312.2,73,0.0,0,0.0,0,0.0,0,0.0,0
2012-11-06T09:22:09.250,2312.2,12759,2312,1,0.0,0,0.0,0,0.0,0,0.0,0,2312.2,63,0.0,0,0.0,0,0.0,0,0.0,0
2012-11-06T09:22:10.000,2312.2,12761,2312,5,0.0,0,0.0,0,0.0,0,0.0,0,2312.2,62,0.0,0,0.0,0,0.0,0,0.0,0
2012-11-06T09:22:10.500,2312,12763,2312,11,0.0,0,0.0,0,0.0,0,0.0,0,2312.2,62,0.0,0,0.0,0,0.0,0,0.0,0
2012-11-06T09:22:11.000,2312,12767,2312,7,0.0,0,0.0,0,0.0,0,0.0,0,2312.2,62,0.0,0,0.0,0,0.0,0,0.0,0
2012-11-06T09:22:11.500,2312,12770,2312,6,0.0,0,0.0,0,0.0,0,0.0,0,2312.2,63,0.0,0,0.0,0,0.0,0,0.0,0
2012-11-06T09:22:12.000,2312.2,12772,2312,5,0.0,0,0.0,0,0.0,0,0.0,0,2312.2,63,0.0,0,0.0,0,0.0,0,0.0,0
2012-11-06T09:22:12.500,2312.2,12773,2312,5,0.0,0,0.0,0,0.0,0,0.0,0,2312.2,62,0.0,0,0.0,0,0.0,0,0.0,0
2012-11-06T09:22:13.000,2312,12778,2311.8,36,0.0,0,0.0,0,0.0,0,0.0,0,2312,2,0.0,0,0.0,0,0.0,0,0.0,0
2012-11-06T09:22:13.500,2312,12780,2311.8,37,0.0,0,0.0,0,0.0,0,0.0,0,2312,1,0.0,0,0.0,0,0.0,0,0.0,0
2012-11-06T09:22:14.000,2312.2,12783,2312,21,0.0,0,0.0,0,0.0,0,0.0,0,2312.2,74,0.0,0,0.0,0,0.0,0,0.0,0
2012-11-06T09:22:14.500,2312.2,12786,2312,21,0.0,0,0.0,0,0.0,0,0.0,0,2312.2,71,0.0,0,0.0,0,0.0,0,0.0,0
2012-11-06T09:22:15.000,2312,12788,2312,50,0.0,0,0.0,0,0.0,0,0.0,0,2312.2,72,0.0,0,0.0,0,0.0,0,0.0,0
2012-11-06T09:22:15.500,2312.2,12808,2312,48,0.0,0,0.0,0,0.0,0,0.0,0,2312.2,54,0.0,0,0.0,0,0.0,0,0.0,0
2012-11-06T09:22:16.000,2312,12832,2312,43,0.0,0,0.0,0,0.0,0,0.0,0,2312.2,35,0.0,0,0.0,0,0.0,0,0.0,0
2012-11-06T09:22:16.500,2312.2,12861,2312,43,0.0,0,0.0,0,0.0,0,0.0,0,2312.2,8,0.0,0,0.0,0,0.0,0,0.0,0
2012-11-06T09:22:17.000,2312.2,12869,2312,40,0.0,0,0.0,0,0.0,0,0.0,0,2312.2,3,0.0,0,0.0,0,0.0,0,0.0,0
2012-11-06T09:22:17.500,2312.2,12872,2312,39,0.0,0,0.0,0,0.0,0,0.0,0,2312.2,2,0.0,0,0.0,0,0.0,0,0.0,0
2012-11-06T09:22:18.000,2312.4,12876,2312,40,0.0,0,0.0,0,0.0,0,0.0,0,2312.2,1,0.0,0,0.0,0,0.0,0,0.0,0
2012-11-06T09:22:18.500,2312.2,12877,2312.2,5,0.0,0,0.0,0,0.0,0,0.0,0,2312.4,13,0.0,0,0.0,0,0.0,0,0.0,0
2012-11-06T09:22:19.250,2312.2,12883,2312,41,0.0,0,0.0,0,0.0,0,0.0,0,2312.4,25,0.0,0,0.0,0,0.0,0,0.0,0
2012-11-06T09:22:20.000,2312.2,12889,2312,42,0.0,0,0.0,0,0.0,0,0.0,0,2312.2,4,0.0,0,0.0,0,0.0,0,0.0,0
2012-11-06T09:22:20.500,2312.2,12893,2312.2,6,0.0,0,0.0,0,0.0,0,0.0,0,2312.4,26,0.0,0,0.0,0,0.0,0,0.0,0
2012-11-06T09:22:21.250,2312.2,12898,2312.2,2,0.0,0,0.0,0,0.0,0,0.0,0,2312.4,27,0.0,0,0.0,0,0.0,0,0.0,0
2012-11-06T09:22:22.250,2312.2,12900,2312,46,0.0,0,0.0,0,0.0,0,0.0,0,2312.4,27,0.0,0,0.0,0,0.0,0,0.0,0
2012-11-06T09:22:23.250,2312.2,12901,2312.2,3,0.0,0,0.0,0,0.0,0,0.0,0,2312.4,28,0.0,0,0.0,0,0.0,0,0.0,0
2012-11-06T09:22:24.000,2312.4,12910,2312.2,3,0.0,0,0.0,0,0.0,0,0.0,0,2312.4,19,0.0,0,0.0,0,0.0,0,0.0,0
2012-11-06T09:22:24.500,2312.2,12914,2312.2,9,0.0,0,0.0,0,0.0,0,0.0,0,2312.4,18,0.0,0,0.0,0,0.0,0,0.0,0
2012-11-06T09:22:25.000,2312.2,12916,2312.2,11,0.0,0,0.0,0,0.0,0,0.0,0,2312.4,15,0.0,0,0.0,0,0.0,0,0.0,0
2012-11-06T09:22:25.500,2312.4,12917,2312.2,12,0.0,0,0.0,0,0.0,0,0.0,0,2312.4,14,0.0,0,0.0,0,0.0,0,0.0,0
2012-11-06T09:22:26.000,2312.4,12923,2312.2,12,0.0,0,0.0,0,0.0,0,0.0,0,2312.4,9,0.0,0,0.0,0,0.0,0,0.0,0
2012-11-06T09:22:26.500,2312.4,12924,2312.2,13,0.0,0,0.0,0,0.0,0,0.0,0,2312.4,8,0.0,0,0.0,0,0.0,0,0.0,0
2012-11-06T09:22:27.250,2312.4,12932,2312.4,2,0.0,0,0.0,0,0.0,0,0.0,0,2312.6,17,0.0,0,0.0,0,0.0,0,0.0,0
2012-11-06T09:22:28.000,2312.4,12934,2312.2,16,0.0,0,0.0,0,0.0,0,0.0,0,2312.4,7,0.0,0,0.0,0,0.0,0,0.0,0
2012-11-06T09:22:28.500,2312.2,12936,2312.2,15,0.0,0,0.0,0,0.0,0,0.0,0,2312.4,6,0.0,0,0.0,0,0.0,0,0.0,0
2012-11-06T09:22:29.000,2312.4,12943,2312.4,20,0.0,0,0.0,0,0.0,0,0.0,0,2312.6,17,0.0,0,0.0,0,0.0,0,0.0,0
2012-11-06T09:22:29.500,2312.4,12945,2312.4,18,0.0,0,0.0,0,0.0,0,0.0,0,2312.6,27,0.0,0,0.0,0,0.0,0,0.0,0
2012-11-06T09:22:30.000,2312.4,12947,2312.4,17,0.0,0,0.0,0,0.0,0,0.0,0,2312.6,27,0.0,0,0.0,0,0.0,0,0.0,0
2012-11-06T09:22:30.500,2312.6,12948,2312.4,21,0.0,0,0.0,0,0.0,0,0.0,0,2312.6,26,0.0,0,0.0,0,0.0,0,0.0,0
2012-11-06T09:22:31.000,2312.6,12954,2312.4,22,0.0,0,0.0,0,0.0,0,0.0,0,2312.6,21,0.0,0,0.0,0,0.0,0,0.0,0
2012-11-06T09:22:31.500,2312.6,12975,2312.4,23,0.0,0,0.0,0,0.0,0,0.0,0,2312.6,7,0.0,0,0.0,0,0.0,0,0.0,0
2012-11-06T09:22:32.000,2312.4,12981,2312.4,22,0.0,0,0.0,0,0.0,0,0.0,0,2312.6,2,0.0,0,0.0,0,0.0,0,0.0,0
2012-11-06T09:22:32.500,2312.6,12985,2312.6,1,0.0,0,0.0,0,0.0,0,0.0,0,2312.8,23,0.0,0,0.0,0,0.0,0,0.0,0
2012-11-06T09:22:33.000,2312.6,12987,2312.4,22,0.0,0,0.0,0,0.0,0,0.0,0,2312.6,12,0.0,0,0.0,0,0.0,0,0.0,0
2012-11-06T09:22:33.500,2312.6,12998,2312.4,21,0.0,0,0.0,0,0.0,0,0.0,0,2312.6,2,0.0,0,0.0,0,0.0,0,0.0,0
2012-11-06T09:22:34.000,2312.6,13000,2312.6,1,0.0,0,0.0,0,0.0,0,0.0,0,2312.8,25,0.0,0,0.0,0,0.0,0,0.0,0
2012-11-06T09:22:34.500,2312.4,13006,2312.4,32,0.0,0,0.0,0,0.0,0,0.0,0,2312.6,36,0.0,0,0.0,0,0.0,0,0.0,0
2012-11-06T09:22:35.000,2312.6,13008,2312.4,32,0.0,0,0.0,0,0.0,0,0.0,0,2312.6,34,0.0,0,0.0,0,0.0,0,0.0,0
2012-11-06T09:22:35.500,2312.6,13009,2312.4,33,0.0,0,0.0,0,0.0,0,0.0,0,2312.6,33,0.0,0,0.0,0,0.0,0,0.0,0
2012-11-06T09:22:36.000,2312.4,13012,2312.4,30,0.0,0,0.0,0,0.0,0,0.0,0,2312.6,38,0.0,0,0.0,0,0.0,0,0.0,0
2012-11-06T09:22:36.500,2312.4,13016,2312.4,28,0.0,0,0.0,0,0.0,0,0.0,0,2312.6,37,0.0,0,0.0,0,0.0,0,0.0,0
2012-11-06T09:22:37.000,2312.6,13018,2312.4,29,0.0,0,0.0,0,0.0,0,0.0,0,2312.6,38,0.0,0,0.0,0,0.0,0,0.0,0
2012-11-06T09:22:37.500,2312.6,13030,2312.4,28,0.0,0,0.0,0,0.0,0,0.0,0,2312.6,27,0.0,0,0.0,0,0.0,0,0.0,0
2012-11-06T09:22:38.000,2312.6,13031,2312.4,28,0.0,0,0.0,0,0.0,0,0.0,0,2312.6,28,0.0,0,0.0,0,0.0,0,0.0,0
2012-11-06T09:22:38.500,2312.4,13035,2312.4,24,0.0,0,0.0,0,0.0,0,0.0,0,2312.6,30,0.0,0,0.0,0,0.0,0,0.0,0
2012-11-06T09:22:39.000,2312.6,13044,2312.4,20,0.0,0,0.0,0,0.0,0,0.0,0,2312.6,27,0.0,0,0.0,0,0.0,0,0.0,0
2012-11-06T09:22:39.500,2312.6,13046,2312.4,19,0.0,0,0.0,0,0.0,0,0.0,0,2312.6,23,0.0,0,0.0,0,0.0,0,0.0,0
2012-11-06T09:22:40.000,2312.6,13069,2312.6,12,0.0,0,0.0,0,0.0,0,0.0,0,2312.8,23,0.0,0,0.0,0,0.0,0,0.0,0
2012-11-06T09:22:40.500,2312.6,13070,2312.6,11,0.0,0,0.0,0,0.0,0,0.0,0,2312.8,33,0.0,0,0.0,0,0.0,0,0.0,0
2012-11-06T09:22:41.000,2312.8,13072,2312.6,10,0.0,0,0.0,0,0.0,0,0.0,0,2312.8,32,0.0,0,0.0,0,0.0,0,0.0,0
2012-11-06T09:22:41.500,2312.8,13074,2312.6,15,0.0,0,0.0,0,0.0,0,0.0,0,2312.8,31,0.0,0,0.0,0,0.0,0,0.0,0
2012-11-06T09:22:42.000,2312.8,13075,2312.6,16,0.0,0,0.0,0,0.0,0,0.0,0,2312.8,30,0.0,0,0.0,0,0.0,0,0.0,0
2012-11-06T09:22:42.500,2312.8,13079,2312.6,16,0.0,0,0.0,0,0.0,0,0.0,0,2312.8,31,0.0,0,0.0,0,0.0,0,0.0,0
2012-11-06T09:22:43.250,2312.8,13085,2312.6,17,0.0,0,0.0,0,0.0,0,0.0,0,2312.8,25,0.0,0,0.0,0,0.0,0,0.0,0
2012-11-06T09:22:44.250,2312.8,13090,2312.6,18,0.0,0,0.0,0,0.0,0,0.0,0,2312.8,21,0.0,0,0.0,0,0.0,0,0.0,0
2012-11-06T09:22:45.000,2312.8,13092,2312.6,19,0.0,0,0.0,0,0.0,0,0.0,0,2312.8,19,0.0,0,0.0,0,0.0,0,0.0,0
2012-11-06T09:22:45.500,2312.8,13094,2312.6,20,0.0,0,0.0,0,0.0,0,0.0,0,2312.8,18,0.0,0,0.0,0,0.0,0,0.0,0
2012-11-06T09:22:46.000,2312.8,13096,2312.6,21,0.0,0,0.0,0,0.0,0,0.0,0,2312.8,16,0.0,0,0.0,0,0.0,0,0.0,0
2012-11-06T09:22:46.500,2312.8,13105,2312.6,22,0.0,0,0.0,0,0.0,0,0.0,0,2312.8,10,0.0,0,0.0,0,0.0,0,0.0,0
2012-11-06T09:22:47.250,2312.8,13107,2312.6,23,0.0,0,0.0,0,0.0,0,0.0,0,2312.8,9,0.0,0,0.0,0,0.0,0,0.0,0
2012-11-06T09:22:48.000,2312.8,13112,2312.6,23,0.0,0,0.0,0,0.0,0,0.0,0,2312.8,15,0.0,0,0.0,0,0.0,0,0.0,0
2012-11-06T09:22:48.500,2312.8,13117,2312.6,23,0.0,0,0.0,0,0.0,0,0.0,0,2312.8,30,0.0,0,0.0,0,0.0,0,0.0,0
2012-11-06T09:22:49.000,2312.8,13118,2312.6,24,0.0,0,0.0,0,0.0,0,0.0,0,2312.8,36,0.0,0,0.0,0,0.0,0,0.0,0
2012-11-06T09:22:49.500,2312.6,13137,2312.6,7,0.0,0,0.0,0,0.0,0,0.0,0,2312.8,28,0.0,0,0.0,0,0.0,0,0.0,0
2012-11-06T09:22:50.000,2312.6,13145,2312.4,22,0.0,0,0.0,0,0.0,0,0.0,0,2312.6,21,0.0,0,0.0,0,0.0,0,0.0,0
2012-11-06T09:22:50.500,2312.6,13151,2312.4,21,0.0,0,0.0,0,0.0,0,0.0,0,2312.6,18,0.0,0,0.0,0,0.0,0,0.0,0
2012-11-06T09:22:51.000,2312.4,13184,2312.4,20,0.0,0,0.0,0,0.0,0,0.0,0,2312.6,5,0.0,0,0.0,0,0.0,0,0.0,0
2012-11-06T09:22:51.500,2312.4,13186,2312.4,19,0.0,0,0.0,0,0.0,0,0.0,0,2312.6,3,0.0,0,0.0,0,0.0,0,0.0,0
2012-11-06T09:22:52.000,2312.8,13213,2312.4,22,0.0,0,0.0,0,0.0,0,0.0,0,2312.6,1,0.0,0,0.0,0,0.0,0,0.0,0
2012-11-06T09:22:52.500,2312.4,13214,2312.4,20,0.0,0,0.0,0,0.0,0,0.0,0,2312.6,2,0.0,0,0.0,0,0.0,0,0.0,0
2012-11-06T09:22:53.000,2312.6,13215,2312.4,20,0.0,0,0.0,0,0.0,0,0.0,0,2312.6,1,0.0,0,0.0,0,0.0,0,0.0,0
2012-11-06T09:22:53.500,2312.8,13219,2312.6,1,0.0,0,0.0,0,0.0,0,0.0,0,2312.8,58,0.0,0,0.0,0,0.0,0,0.0,0
2012-11-06T09:22:54.000,2312.4,13261,2312.2,28,0.0,0,0.0,0,0.0,0,0.0,0,2312.4,4,0.0,0,0.0,0,0.0,0,0.0,0
2012-11-06T09:22:54.500,2312.2,13262,2312.2,27,0.0,0,0.0,0,0.0,0,0.0,0,2312.4,9,0.0,0,0.0,0,0.0,0,0.0,0
2012-11-06T09:22:55.000,2312.4,13263,2312.2,27,0.0,0,0.0,0,0.0,0,0.0,0,2312.4,8,0.0,0,0.0,0,0.0,0,0.0,0
2012-11-06T09:22:55.500,2312.4,13270,2312.2,22,0.0,0,0.0,0,0.0,0,0.0,0,2312.4,2,0.0,0,0.0,0,0.0,0,0.0,0
2012-11-06T09:22:56.250,2312.8,13293,2312.2,12,0.0,0,0.0,0,0.0,0,0.0,0,2312.6,1,0.0,0,0.0,0,0.0,0,0.0,0
2012-11-06T09:22:57.000,2312.2,13301,2312.2,7,0.0,0,0.0,0,0.0,0,0.0,0,2312.4,1,0.0,0,0.0,0,0.0,0,0.0,0
2012-11-06T09:22:57.500,2312.2,13303,2312.2,5,0.0,0,0.0,0,0.0,0,0.0,0,2312.4,1,0.0,0,0.0,0,0.0,0,0.0,0
2012-11-06T09:22:58.000,2312.2,13308,2312.2,20,0.0,0,0.0,0,0.0,0,0.0,0,2312.6,11,0.0,0,0.0,0,0.0,0,0.0,0
2012-11-06T09:22:58.500,2312.4,13310,2312.2,21,0.0,0,0.0,0,0.0,0,0.0,0,2312.6,11,0.0,0,0.0,0,0.0,0,0.0,0
2012-11-06T09:22:59.000,2312.8,13331,2312.2,28,0.0,0,0.0,0,0.0,0,0.0,0,2312.8,34,0.0,0,0.0,0,0.0,0,0.0,0
2012-11-06T09:22:59.500,2312.6,13333,2312.6,1,0.0,0,0.0,0,0.0,0,0.0,0,2312.8,34,0.0,0,0.0,0,0.0,0,0.0,0
2012-11-06T09:23:00.000,2312.8,13337,2312.4,6,0.0,0,0.0,0,0.0,0,0.0,0,2312.6,2,0.0,0,0.0,0,0.0,0,0.0,0
2012-11-06T09:23:00.500,2312.8,13347,2312.6,17,0.0,0,0.0,0,0.0,0,0.0,0,2312.8,26,0.0,0,0.0,0,0.0,0,0.0,0
2012-11-06T09:23:01.000,2312.8,13351,2312.6,12,0.0,0,0.0,0,0.0,0,0.0,0,2312.8,22,0.0,0,0.0,0,0.0,0,0.0,0
2012-11-06T09:23:01.500,2312.6,13352,2312.6,11,0.0,0,0.0,0,0.0,0,0.0,0,2312.8,23,0.0,0,0.0,0,0.0,0,0.0,0
2012-11-06T09:23:02.250,2312.8,13363,2312.6,12,0.0,0,0.0,0,0.0,0,0.0,0,2312.8,13,0.0,0,0.0,0,0.0,0,0.0,0
2012-11-06T09:23:03.250,2312.6,13376,2312.4,18,0.0,0,0.0,0,0.0,0,0.0,0,2312.8,12,0.0,0,0.0,0,0.0,0,0.0,0
2012-11-06T09:23:04.000,2312.6,13379,2312.4,18,0.0,0,0.0,0,0.0,0,0.0,0,2312.6,1,0.0,0,0.0,0,0.0,0,0.0,0
2012-11-06T09:23:04.500,2312.6,13382,2312.4,18,0.0,0,0.0,0,0.0,0,0.0,0,2312.6,1,0.0,0,0.0,0,0.0,0,0.0,0
2012-11-06T09:23:05.000,2312.6,13384,2312.4,24,0.0,0,0.0,0,0.0,0,0.0,0,2312.8,14,0.0,0,0.0,0,0.0,0,0.0,0
2012-11-06T09:23:05.500,2312.4,13385,2312.4,24,0.0,0,0.0,0,0.0,0,0.0,0,2312.6,1,0.0,0,0.0,0,0.0,0,0.0,0
2012-11-06T09:23:06.000,2312.6,13386,2312.6,1,0.0,0,0.0,0,0.0,0,0.0,0,2312.8,19,0.0,0,0.0,0,0.0,0,0.0,0
2012-11-06T09:23:06.500,2312.6,13387,2312.6,20,0.0,0,0.0,0,0.0,0,0.0,0,2312.8,20,0.0,0,0.0,0,0.0,0,0.0,0
2012-11-06T09:23:07.250,2312.6,13388,2312.6,22,0.0,0,0.0,0,0.0,0,0.0,0,2312.8,25,0.0,0,0.0,0,0.0,0,0.0,0
2012-11-06T09:23:08.000,2312.6,13396,2312.6,18,0.0,0,0.0,0,0.0,0,0.0,0,2312.8,22,0.0,0,0.0,0,0.0,0,0.0,0
2012-11-06T09:23:08.500,2312.6,13397,2312.6,20,0.0,0,0.0,0,0.0,0,0.0,0,2312.8,23,0.0,0,0.0,0,0.0,0,0.0,0
2012-11-06T09:23:09.000,2312.8,13398,2312.6,20,0.0,0,0.0,0,0.0,0,0.0,0,2312.8,23,0.0,0,0.0,0,0.0,0,0.0,0
2012-11-06T09:23:09.500,2312.8,13401,2312.6,19,0.0,0,0.0,0,0.0,0,0.0,0,2312.8,24,0.0,0,0.0,0,0.0,0,0.0,0
2012-11-06T09:23:10.000,2312.6,13402,2312.6,18,0.0,0,0.0,0,0.0,0,0.0,0,2312.8,24,0.0,0,0.0,0,0.0,0,0.0,0
2012-11-06T09:23:10.500,2312.6,13405,2312.6,15,0.0,0,0.0,0,0.0,0,0.0,0,2312.8,24,0.0,0,0.0,0,0.0,0,0.0,0
2012-11-06T09:23:11.000,2312.6,13425,2312.6,6,0.0,0,0.0,0,0.0,0,0.0,0,2312.8,14,0.0,0,0.0,0,0.0,0,0.0,0
2012-11-06T09:23:11.500,2312.8,13447,2312.8,11,0.0,0,0.0,0,0.0,0,0.0,0,2313,96,0.0,0,0.0,0,0.0,0,0.0,0
2012-11-06T09:23:12.000,2313,13455,2312.8,4,0.0,0,0.0,0,0.0,0,0.0,0,2313,95,0.0,0,0.0,0,0.0,0,0.0,0
2012-11-06T09:23:12.500,2313,13462,2312.8,4,0.0,0,0.0,0,0.0,0,0.0,0,2313,92,0.0,0,0.0,0,0.0,0,0.0,0
2012-11-06T09:23:13.000,2312.8,13469,2312.8,3,0.0,0,0.0,0,0.0,0,0.0,0,2313,87,0.0,0,0.0,0,0.0,0,0.0,0
2012-11-06T09:23:13.500,2312.8,13479,2312.6,8,0.0,0,0.0,0,0.0,0,0.0,0,2312.8,3,0.0,0,0.0,0,0.0,0,0.0,0
2012-11-06T09:23:14.000,2313,13513,2312.8,1,0.0,0,0.0,0,0.0,0,0.0,0,2313,57,0.0,0,0.0,0,0.0,0,0.0,0
2012-11-06T09:23:14.500,2313,13516,2312.6,11,0.0,0,0.0,0,0.0,0,0.0,0,2312.8,4,0.0,0,0.0,0,0.0,0,0.0,0
2012-11-06T09:23:15.000,2312.6,13521,2312.6,9,0.0,0,0.0,0,0.0,0,0.0,0,2312.8,8,0.0,0,0.0,0,0.0,0,0.0,0
2012-11-06T09:23:15.500,2313,13530,2312.8,13,0.0,0,0.0,0,0.0,0,0.0,0,2313,59,0.0,0,0.0,0,0.0,0,0.0,0
2012-11-06T09:23:16.000,2313,13537,2312.8,8,0.0,0,0.0,0,0.0,0,0.0,0,2313,57,0.0,0,0.0,0,0.0,0,0.0,0
2012-11-06T09:23:16.500,2312.4,13568,2312.4,24,0.0,0,0.0,0,0.0,0,0.0,0,2312.6,1,0.0,0,0.0,0,0.0,0,0.0,0
2012-11-06T09:23:17.000,2312.4,13576,2312.4,13,0.0,0,0.0,0,0.0,0,0.0,0,2312.6,1,0.0,0,0.0,0,0.0,0,0.0,0
2012-11-06T09:23:17.500,2312.6,13577,2312.4,13,0.0,0,0.0,0,0.0,0,0.0,0,2312.8,11,0.0,0,0.0,0,0.0,0,0.0,0
2012-11-06T09:23:18.000,2312.8,13591,2312.8,13,0.0,0,0.0,0,0.0,0,0.0,0,2313,59,0.0,0,0.0,0,0.0,0,0.0,0
2012-11-06T09:23:18.500,2313,13592,2312.8,13,0.0,0,0.0,0,0.0,0,0.0,0,2313,61,0.0,0,0.0,0,0.0,0,0.0,0
2012-11-06T09:23:19.000,2312.8,13605,2312.6,5,0.0,0,0.0,0,0.0,0,0.0,0,2312.8,39,0.0,0,0.0,0,0.0,0,0.0,0
2012-11-06T09:23:19.500,2312.4,13614,2312.6,1,0.0,0,0.0,0,0.0,0,0.0,0,2312.8,40,0.0,0,0.0,0,0.0,0,0.0,0
2012-11-06T09:23:20.000,2312.6,13619,2312.6,1,0.0,0,0.0,0,0.0,0,0.0,0,2312.8,41,0.0,0,0.0,0,0.0,0,0.0,0
2012-11-06T09:23:20.500,2312.8,13621,2312.6,1,0.0,0,0.0,0,0.0,0,0.0,0,2312.8,39,0.0,0,0.0,0,0.0,0,0.0,0
2012-11-06T09:23:21.250,2312.8,13623,2312.6,18,0.0,0,0.0,0,0.0,0,0.0,0,2312.8,37,0.0,0,0.0,0,0.0,0,0.0,0
2012-11-06T09:23:22.250,2312.6,13629,2312.6,13,0.0,0,0.0,0,0.0,0,0.0,0,2312.8,37,0.0,0,0.0,0,0.0,0,0.0,0
2012-11-06T09:23:23.000,2312.8,13642,2312.6,3,0.0,0,0.0,0,0.0,0,0.0,0,2312.8,34,0.0,0,0.0,0,0.0,0,0.0,0
2012-11-06T09:23:23.500,2312.6,13646,2312.4,27,0.0,0,0.0,0,0.0,0,0.0,0,2312.6,8,0.0,0,0.0,0,0.0,0,0.0,0
2012-11-06T09:23:24.000,2312.6,13647,2312.4,27,0.0,0,0.0,0,0.0,0,0.0,0,2312.6,7,0.0,0,0.0,0,0.0,0,0.0,0
2012-11-06T09:23:24.500,2312.6,13651,2312.4,27,0.0,0,0.0,0,0.0,0,0.0,0,2312.6,9,0.0,0,0.0,0,0.0,0,0.0,0
2012-11-06T09:23:25.250,2312.6,13666,2312.6,1,0.0,0,0.0,0,0.0,0,0.0,0,2312.8,36,0.0,0,0.0,0,0.0,0,0.0,0
2012-11-06T09:23:26.000,2312.6,13667,2312.6,5,0.0,0,0.0,0,0.0,0,0.0,0,2312.8,37,0.0,0,0.0,0,0.0,0,0.0,0
2012-11-06T09:23:26.500,2312.8,13668,2312.6,12,0.0,0,0.0,0,0.0,0,0.0,0,2312.8,34,0.0,0,0.0,0,0.0,0,0.0,0
2012-11-06T09:23:27.000,2312.8,13671,2312.6,10,0.0,0,0.0,0,0.0,0,0.0,0,2312.8,33,0.0,0,0.0,0,0.0,0,0.0,0
2012-11-06T09:23:27.500,2312.6,13672,2312.6,23,0.0,0,0.0,0,0.0,0,0.0,0,2312.8,33,0.0,0,0.0,0,0.0,0,0.0,0
2012-11-06T09:23:28.250,2312.8,13678,2312.6,36,0.0,0,0.0,0,0.0,0,0.0,0,2312.8,30,0.0,0,0.0,0,0.0,0,0.0,0
2012-11-06T09:23:29.250,2312.6,13683,2312.6,34,0.0,0,0.0,0,0.0,0,0.0,0,2312.8,28,0.0,0,0.0,0,0.0,0,0.0,0
2012-11-06T09:23:30.000,2312.8,13687,2312.6,37,0.0,0,0.0,0,0.0,0,0.0,0,2312.8,29,0.0,0,0.0,0,0.0,0,0.0,0
2012-11-06T09:23:30.500,2312.6,13692,2312.6,34,0.0,0,0.0,0,0.0,0,0.0,0,2312.8,22,0.0,0,0.0,0,0.0,0,0.0,0
