date_time,last_px,total_volume,bid1_px,bid1_qty,bid2_px,bid2_qty,bid3_px,bid3_qty,bid4_px,bid4_qty,bid5_px,bid5_qty,ask1_px,ask1_qty,ask2_px,ask2_qty,ask3_px,ask3_qty,ask4_px,ask4_qty,ask5_px,ask5_qty
2012-11-09T09:14:00.250,2247.6,309,2247.2,2,0.0,0,0.0,0,0.0,0,0.0,0,2247.8,3,0.0,0,0.0,0,0.0,0,0.0,0
2012-11-09T09:15:00.250,2246.6,481,2246.4,3,0.0,0,0.0,0,0.0,0,0.0,0,2247,10,0.0,0,0.0,0,0.0,0,0.0,0
2012-11-09T09:15:01.000,2246.6,668,2246.2,14,0.0,0,0.0,0,0.0,0,0.0,0,2246.6,2,0.0,0,0.0,0,0.0,0,0.0,0
2012-11-09T09:15:01.500,2246.4,777,2245,80,0.0,0,0.0,0,0.0,0,0.0,0,2246,2,0.0,0,0.0,0,0.0,0,0.0,0
2012-11-09T09:15:02.000,2245.4,858,2245.4,13,0.0,0,0.0,0,0.0,0,0.0,0,2245.8,12,0.0,0,0.0,0,0.0,0,0.0,0
2012-11-09T09:15:02.500,2245.2,906,2245.2,19,0.0,0,0.0,0,0.0,0,0.0,0,2246.2,3,0.0,0,0.0,0,0.0,0,0.0,0
2012-11-09T09:15:03.000,2245.4,960,2245.2,8,0.0,0,0.0,0,0.0,0,0.0,0,2245.4,1,0.0,0,0.0,0,0.0,0,0.0,0
2012-11-09T09:15:03.500,2245.4,1053,2245.4,5,0.0,0,0.0,0,0.0,0,0.0,0,2246.2,6,0.0,0,0.0,0,0.0,0,0.0,0
2012-11-09T09:15:04.000,2245.4,1126,2245.2,6,0.0,0,0.0,0,0.0,0,0.0,0,2245.4,6,0.0,0,0.0,0,0.0,0,0.0,0
2012-11-09T09:15:04.500,2245.8,1171,2245.4,14,0.0,0,0.0,0,0.0,0,0.0,0,2246,11,0.0,0,0.0,0,0.0,0,0.0,0
2012-11-09T09:15:05.000,2245.6,1245,2245.2,10,0.0,0,0.0,0,0.0,0,0.0,0,2245.6,9,0.0,0,0.0,0,0.0,0,0.0,0
2012-11-09T09:15:05.500,2245.2,1292,2245,51,0.0,0,0.0,0,0.0,0,0.0,0,2245.2,8,0.0,0,0.0,0,0.0,0,0.0,0
2012-11-09T09:15:06.000,2244.8,1386,2244.6,5,0.0,0,0.0,0,0.0,0,0.0,0,2244.8,1,0.0,0,0.0,0,0.0,0,0.0,0
2012-11-09T09:15:06.500,2244.8,1482,2244.8,7,0.0,0,0.0,0,0.0,0,0.0,0,2245,37,0.0,0,0.0,0,0.0,0,0.0,0
2012-11-09T09:15:07.000,2244.6,1589,2244.2,9,0.0,0,0.0,0,0.0,0,0.0,0,2244.8,9,0.0,0,0.0,0,0.0,0,0.0,0
2012-11-09T09:15:07.500,2244.8,1655,2244.4,36,0.0,0,0.0,0,0.0,0,0.0,0,2244.8,5,0.0,0,0.0,0,0.0,0,0.0,0
2012-11-09T09:15:08.000,2245.2,1714,2245.2,3,0.0,0,0.0,0,0.0,0,0.0,0,2245.4,26,0.0,0,0.0,0,0.0,0,0.0,0
2012-11-09T09:15:08.500,2245.4,1789,2245.4,37,0.0,0,0.0,0,0.0,0,0.0,0,2246,1,0.0,0,0.0,0,0.0,0,0.0,0
2012-11-09T09:15:09.000,2246,1842,2246,2,0.0,0,0.0,0,0.0,0,0.0,0,2246.4,3,0.0,0,0.0,0,0.0,0,0.0,0
2012-11-09T09:15:09.500,2246.4,1880,2246.4,34,0.0,0,0.0,0,0.0,0,0.0,0,2246.6,6,0.0,0,0.0,0,0.0,0,0.0,0
2012-11-09T09:15:10.000,2246.2,2006,2246.2,50,0.0,0,0.0,0,0.0,0,0.0,0,2246.8,12,0.0,0,0.0,0,0.0,0,0.0,0
2012-11-09T09:15:10.500,2246.4,2026,2246.6,5,0.0,0,0.0,0,0.0,0,0.0,0,2246.8,7,0.0,0,0.0,0,0.0,0,0.0,0
2012-11-09T09:15:11.000,2246.6,2065,2246.4,18,0.0,0,0.0,0,0.0,0,0.0,0,2246.6,11,0.0,0,0.0,0,0.0,0,0.0,0
2012-11-09T09:15:11.500,2246.8,2106,2246.8,1,0.0,0,0.0,0,0.0,0,0.0,0,2247,49,0.0,0,0.0,0,0.0,0,0.0,0
2012-11-09T09:15:12.000,2246.8,2127,2246.6,2,0.0,0,0.0,0,0.0,0,0.0,0,2247,64,0.0,0,0.0,0,0.0,0,0.0,0
2012-11-09T09:15:12.500,2246.4,2194,2246.4,6,0.0,0,0.0,0,0.0,0,0.0,0,2246.6,2,0.0,0,0.0,0,0.0,0,0.0,0
2012-11-09T09:15:13.000,2247,2233,2247,9,0.0,0,0.0,0,0.0,0,0.0,0,2247.2,69,0.0,0,0.0,0,0.0,0,0.0,0
2012-11-09T09:15:13.500,2247.2,2324,2246.8,2,0.0,0,0.0,0,0.0,0,0.0,0,2247.4,3,0.0,0,0.0,0,0.0,0,0.0,0
2012-11-09T09:15:14.000,2247.4,2363,2247.4,9,0.0,0,0.0,0,0.0,0,0.0,0,2247.6,4,0.0,0,0.0,0,0.0,0,0.0,0
2012-11-09T09:15:14.500,2247.6,2403,2247.6,21,0.0,0,0.0,0,0.0,0,0.0,0,2247.8,17,0.0,0,0.0,0,0.0,0,0.0,0
2012-11-09T09:15:15.000,2248,2441,2247.8,15,0.0,0,0.0,0,0.0,0,0.0,0,2248,25,0.0,0,0.0,0,0.0,0,0.0,0
2012-11-09T09:15:15.500,2248,2501,2247.8,27,0.0,0,0.0,0,0.0,0,0.0,0,2248,16,0.0,0,0.0,0,0.0,0,0.0,0
2012-11-09T09:15:16.000,2248.2,2544,2248,16,0.0,0,0.0,0,0.0,0,0.0,0,2248.2,5,0.0,0,0.0,0,0.0,0,0.0,0
2012-11-09T09:15:16.500,2248,2584,2248,9,0.0,0,0.0,0,0.0,0,0.0,0,2248.2,19,0.0,0,0.0,0,0.0,0,0.0,0
2012-11-09T09:15:17.000,2247.8,2647,2247.8,7,0.0,0,0.0,0,0.0,0,0.0,0,2248,6,0.0,0,0.0,0,0.0,0,0.0,0
2012-11-09T09:15:17.500,2248.2,2697,2248.2,7,0.0,0,0.0,0,0.0,0,0.0,0,2248.4,2,0.0,0,0.0,0,0.0,0,0.0,0
2012-11-09T09:15:18.000,2247.6,2732,2247.4,18,0.0,0,0.0,0,0.0,0,0.0,0,2247.6,6,0.0,0,0.0,0,0.0,0,0.0,0
2012-11-09T09:15:18.500,2247.6,2754,2247.4,15,0.0,0,0.0,0,0.0,0,0.0,0,2247.6,34,0.0,0,0.0,0,0.0,0,0.0,0
2012-11-09T09:15:19.000,2247.6,2770,2247.4,9,0.0,0,0.0,0,0.0,0,0.0,0,2247.6,105,0.0,0,0.0,0,0.0,0,0.0,0
2012-11-09T09:15:19.500,2247.4,2813,2247.2,6,0.0,0,0.0,0,0.0,0,0.0,0,2247.4,97,0.0,0,0.0,0,0.0,0,0.0,0
2012-11-09T09:15:20.000,2247.2,2839,2247,32,0.0,0,0.0,0,0.0,0,0.0,0,2247.2,35,0.0,0,0.0,0,0.0,0,0.0,0
2012-11-09T09:15:20.500,2246.8,2879,2246.6,24,0.0,0,0.0,0,0.0,0,0.0,0,2246.8,4,0.0,0,0.0,0,0.0,0,0.0,0
2012-11-09T09:15:21.000,2246.8,2943,2246.6,16,0.0,0,0.0,0,0.0,0,0.0,0,2247.2,28,0.0,0,0.0,0,0.0,0,0.0,0
2012-11-09T09:15:21.500,2246.8,3047,2246.8,3,0.0,0,0.0,0,0.0,0,0.0,0,2247.6,186,0.0,0,0.0,0,0.0,0,0.0,0
2012-11-09T09:15:22.000,2247.4,3082,2247,5,0.0,0,0.0,0,0.0,0,0.0,0,2247.4,19,0.0,0,0.0,0,0.0,0,0.0,0
2012-11-09T09:15:22.500,2246.8,3118,2246.6,9,0.0,0,0.0,0,0.0,0,0.0,0,2246.8,10,0.0,0,0.0,0,0.0,0,0.0,0
2012-11-09T09:15:23.000,2246.4,3153,2246.2,8,0.0,0,0.0,0,0.0,0,0.0,0,2246.4,18,0.0,0,0.0,0,0.0,0,0.0,0
2012-11-09T09:15:23.500,2246.4,3191,2246.4,60,0.0,0,0.0,0,0.0,0,0.0,0,2246.6,1,0.0,0,0.0,0,0.0,0,0.0,0
2012-11-09T09:15:24.000,2246.2,3262,2246,18,0.0,0,0.0,0,0.0,0,0.0,0,2246.2,2,0.0,0,0.0,0,0.0,0,0.0,0
2012-11-09T09:15:24.500,2246.2,3270,2246,17,0.0,0,0.0,0,0.0,0,0.0,0,2246.2,5,0.0,0,0.0,0,0.0,0,0.0,0
2012-11-09T09:15:25.000,2246.2,3306,2246.2,16,0.0,0,0.0,0,0.0,0,0.0,0,2246.4,9,0.0,0,0.0,0,0.0,0,0.0,0
2012-11-09T09:15:25.500,2246,3339,2246,21,0.0,0,0.0,0,0.0,0,0.0,0,2246.2,13,0.0,0,0.0,0,0.0,0,0.0,0
2012-11-09T09:15:26.000,2246,3359,2246,13,0.0,0,0.0,0,0.0,0,0.0,0,2246.2,53,0.0,0,0.0,0,0.0,0,0.0,0
2012-11-09T09:15:26.500,2246,3376,2245.8,13,0.0,0,0.0,0,0.0,0,0.0,0,2246,91,0.0,0,0.0,0,0.0,0,0.0,0
2012-11-09T09:15:27.000,2246,3400,2245.6,6,0.0,0,0.0,0,0.0,0,0.0,0,2245.8,2,0.0,0,0.0,0,0.0,0,0.0,0
2012-11-09T09:15:27.500,2245.6,3416,2245.4,12,0.0,0,0.0,0,0.0,0,0.0,0,2245.6,21,0.0,0,0.0,0,0.0,0,0.0,0
2012-11-09T09:15:28.000,2245.6,3432,2245.4,4,0.0,0,0.0,0,0.0,0,0.0,0,2245.6,15,0.0,0,0.0,0,0.0,0,0.0,0
2012-11-09T09:15:28.500,2245.4,3478,2245.4,7,0.0,0,0.0,0,0.0,0,0.0,0,2245.6,23,0.0,0,0.0,0,0.0,0,0.0,0
2012-11-09T09:15:29.000,2245.4,3496,2245.2,17,0.0,0,0.0,0,0.0,0,0.0,0,2245.4,10,0.0,0,0.0,0,0.0,0,0.0,0
2012-11-09T09:15:29.500,2245.4,3508,2245.2,19,0.0,0,0.0,0,0.0,0,0.0,0,2245.4,10,0.0,0,0.0,0,0.0,0,0.0,0
2012-11-09T09:15:30.000,2245.4,3537,2245,110,0.0,0,0.0,0,0.0,0,0.0,0,2245.2,2,0.0,0,0.0,0,0.0,0,0.0,0
2012-11-09T09:15:30.500,2245.2,3578,2245,99,0.0,0,0.0,0,0.0,0,0.0,0,2245.2,20,0.0,0,0.0,0,0.0,0,0.0,0
2012-11-09T09:15:31.000,2245,3613,2245,75,0.0,0,0.0,0,0.0,0,0.0,0,2245.2,20,0.0,0,0.0,0,0.0,0,0.0,0
2012-11-09T09:15:31.500,2245,3700,2244.8,42,0.0,0,0.0,0,0.0,0,0.0,0,2245,30,0.0,0,0.0,0,0.0,0,0.0,0
2012-11-09T09:15:32.000,2245,3734,2244.8,25,0.0,0,0.0,0,0.0,0,0.0,0,2245,30,0.0,0,0.0,0,0.0,0,0.0,0
2012-11-09T09:15:32.500,2244.4,3780,2244.4,3,0.0,0,0.0,0,0.0,0,0.0,0,2244.8,28,0.0,0,0.0,0,0.0,0,0.0,0
2012-11-09T09:15:33.000,2244.8,3798,2244.4,10,0.0,0,0.0,0,0.0,0,0.0,0,2244.8,41,0.0,0,0.0,0,0.0,0,0.0,0
2012-11-09T09:15:33.500,2244.4,3854,2244,10,0.0,0,0.0,0,0.0,0,0.0,0,2244.4,8,0.0,0,0.0,0,0.0,0,0.0,0
2012-11-09T09:15:34.000,2244,3876,2243.8,17,0.0,0,0.0,0,0.0,0,0.0,0,2244,4,0.0,0,0.0,0,0.0,0,0.0,0
2012-11-09T09:15:34.500,2243.8,3969,2243.4,2,0.0,0,0.0,0,0.0,0,0.0,0,2243.8,5,0.0,0,0.0,0,0.0,0,0.0,0
2012-11-09T09:15:35.000,2243,4121,2243,9,0.0,0,0.0,0,0.0,0,0.0,0,2243.2,4,0.0,0,0.0,0,0.0,0,0.0,0
2012-11-09T09:15:35.500,2243.2,4180,2243.2,26,0.0,0,0.0,0,0.0,0,0.0,0,2243.4,6,0.0,0,0.0,0,0.0,0,0.0,0
2012-11-09T09:15:36.000,2243.2,4245,2243.6,15,0.0,0,0.0,0,0.0,0,0.0,0,2243.8,23,0.0,0,0.0,0,0.0,0,0.0,0
2012-11-09T09:15:36.500,2243.6,4288,2243.8,3,0.0,0,0.0,0,0.0,0,0.0,0,2244,2,0.0,0,0.0,0,0.0,0,0.0,0
2012-11-09T09:15:37.000,2244.4,4311,2243.8,26,0.0,0,0.0,0,0.0,0,0.0,0,2244.4,34,0.0,0,0.0,0,0.0,0,0.0,0
2012-11-09T09:15:37.500,2244.2,4330,2244,21,0.0,0,0.0,0,0.0,0,0.0,0,2244.2,2,0.0,0,0.0,0,0.0,0,0.0,0
2012-11-09T09:15:38.000,2244.4,4350,2244.2,42,0.0,0,0.0,0,0.0,0,0.0,0,2244.4,28,0.0,0,0.0,0,0.0,0,0.0,0
2012-11-09T09:15:38.500,2244.4,4404,2244.2,5,0.0,0,0.0,0,0.0,0,0.0,0,2244.4,13,0.0,0,0.0,0,0.0,0,0.0,0
2012-11-09T09:15:39.000,2244.4,4419,2244.4,5,0.0,0,0.0,0,0.0,0,0.0,0,2245,35,0.0,0,0.0,0,0.0,0,0.0,0
2012-11-09T09:15:39.500,2244.4,4433,2244.4,16,0.0,0,0.0,0,0.0,0,0.0,0,2244.8,4,0.0,0,0.0,0,0.0,0,0.0,0
2012-11-09T09:15:40.000,2244.8,4444,2244.8,16,0.0,0,0.0,0,0.0,0,0.0,0,2245,32,0.0,0,0.0,0,0.0,0,0.0,0
2012-11-09T09:15:40.500,2244.8,4450,2244.8,37,0.0,0,0.0,0,0.0,0,0.0,0,2245,31,0.0,0,0.0,0,0.0,0,0.0,0
2012-11-09T09:15:41.000,2245,4472,2244.8,24,0.0,0,0.0,0,0.0,0,0.0,0,2245,22,0.0,0,0.0,0,0.0,0,0.0,0
2012-11-09T09:15:41.500,2245.2,4552,2245,54,0.0,0,0.0,0,0.0,0,0.0,0,2245.2,1,0.0,0,0.0,0,0.0,0,0.0,0
2012-11-09T09:15:42.000,2245.2,4554,2245,56,0.0,0,0.0,0,0.0,0,0.0,0,2245.4,2,0.0,0,0.0,0,0.0,0,0.0,0
2012-11-09T09:15:42.500,2245.4,4562,2245.4,3,0.0,0,0.0,0,0.0,0,0.0,0,2245.8,5,0.0,0,0.0,0,0.0,0,0.0,0
2012-11-09T09:15:43.000,2245.4,4573,2245.4,5,0.0,0,0.0,0,0.0,0,0.0,0,2245.8,11,0.0,0,0.0,0,0.0,0,0.0,0
2012-11-09T09:15:43.500,2245.4,4584,2245.4,1,0.0,0,0.0,0,0.0,0,0.0,0,2245.6,2,0.0,0,0.0,0,0.0,0,0.0,0
2012-11-09T09:15:44.000,2245.4,4601,2245.4,6,0.0,0,0.0,0,0.0,0,0.0,0,2245.6,13,0.0,0,0.0,0,0.0,0,0.0,0
2012-11-09T09:15:44.500,2245.4,4603,2245.4,4,0.0,0,0.0,0,0.0,0,0.0,0,2245.6,21,0.0,0,0.0,0,0.0,0,0.0,0
2012-11-09T09:15:45.000,2245.4,4609,2245.4,31,0.0,0,0.0,0,0.0,0,0.0,0,2245.6,21,0.0,0,0.0,0,0.0,0,0.0,0
2012-11-09T09:15:45.500,2245.4,4654,2245.4,20,0.0,0,0.0,0,0.0,0,0.0,0,2246,91,0.0,0,0.0,0,0.0,0,0.0,0
2012-11-09T09:15:46.000,2245.6,4689,2245.6,49,0.0,0,0.0,0,0.0,0,0.0,0,2245.8,2,0.0,0,0.0,0,0.0,0,0.0,0
2012-11-09T09:15:46.500,2245.8,4693,2245.8,1,0.0,0,0.0,0,0.0,0,0.0,0,2246,85,0.0,0,0.0,0,0.0,0,0.0,0
2012-11-09T09:15:47.000,2245.8,4768,2245.8,8,0.0,0,0.0,0,0.0,0,0.0,0,2246,43,0.0,0,0.0,0,0.0,0,0.0,0
2012-11-09T09:15:47.500,2245.8,4833,2245.6,18,0.0,0,0.0,0,0.0,0,0.0,0,2245.8,7,0.0,0,0.0,0,0.0,0,0.0,0
2012-11-09T09:15:48.000,2245.6,4849,2245.6,26,0.0,0,0.0,0,0.0,0,0.0,0,2245.8,7,0.0,0,0.0,0,0.0,0,0.0,0
2012-11-09T09:15:48.500,2245.8,4880,2245.8,17,0.0,0,0.0,0,0.0,0,0.0,0,2246.2,24,0.0,0,0.0,0,0.0,0,0.0,0
2012-11-09T09:15:49.000,2246.2,4903,2245.8,8,0.0,0,0.0,0,0.0,0,0.0,0,2246.2,25,0.0,0,0.0,0,0.0,0,0.0,0
2012-11-09T09:15:49.500,2246,4926,2246,6,0.0,0,0.0,0,0.0,0,0.0,0,2246.2,22,0.0,0,0.0,0,0.0,0,0.0,0
2012-11-09T09:15:50.000,2246.2,4933,2246,7,0.0,0,0.0,0,0.0,0,0.0,0,2246.2,22,0.0,0,0.0,0,0.0,0,0.0,0
2012-11-09T09:15:50.500,2246,4946,2245.8,41,0.0,0,0.0,0,0.0,0,0.0,0,2246,1,0.0,0,0.0,0,0.0,0,0.0,0
2012-11-09T09:15:51.000,2246,4956,2245.8,44,0.0,0,0.0,0,0.0,0,0.0,0,2246,1,0.0,0,0.0,0,0.0,0,0.0,0
2012-11-09T09:15:51.500,2246,4963,2246,26,0.0,0,0.0,0,0.0,0,0.0,0,2246.2,10,0.0,0,0.0,0,0.0,0,0.0,0
2012-11-09T09:15:52.000,2246.2,4979,2246.2,6,0.0,0,0.0,0,0.0,0,0.0,0,2246.4,5,0.0,0,0.0,0,0.0,0,0.0,0
2012-11-09T09:15:52.500,2246.4,4987,2246.4,3,0.0,0,0.0,0,0.0,0,0.0,0,2246.6,5,0.0,0,0.0,0,0.0,0,0.0,0
2012-11-09T09:15:53.000,2246.2,4993,2246.2,9,0.0,0,0.0,0,0.0,0,0.0,0,2246.4,19,0.0,0,0.0,0,0.0,0,0.0,0
2012-11-09T09:15:53.500,2246.4,5003,2246.2,5,0.0,0,0.0,0,0.0,0,0.0,0,2246.4,21,0.0,0,0.0,0,0.0,0,0.0,0
2012-11-09T09:15:54.000,2246,5025,2246,26,0.0,0,0.0,0,0.0,0,0.0,0,2246.4,13,0.0,0,0.0,0,0.0,0,0.0,0
2012-11-09T09:15:54.500,2246.4,5048,2246.2,16,0.0,0,0.0,0,0.0,0,0.0,0,2246.4,8,0.0,0,0.0,0,0.0,0,0.0,0
2012-11-09T09:15:55.000,2246.4,5058,2246.4,1,0.0,0,0.0,0,0.0,0,0.0,0,2246.6,6,0.0,0,0.0,0,0.0,0,0.0,0
2012-11-09T09:15:55.500,2246.4,5062,2246,6,0.0,0,0.0,0,0.0,0,0.0,0,2246.4,43,0.0,0,0.0,0,0.0,0,0.0,0
2012-11-09T09:15:56.000,2246.2,5079,2246,4,0.0,0,0.0,0,0.0,0,0.0,0,2246.2,3,0.0,0,0.0,0,0.0,0,0.0,0
2012-11-09T09:15:56.500,2245.8,5126,2245.8,26,0.0,0,0.0,0,0.0,0,0.0,0,2246.4,18,0.0,0,0.0,0,0.0,0,0.0,0
2012-11-09T09:15:57.000,2245.6,5164,2245.6,21,0.0,0,0.0,0,0.0,0,0.0,0,2245.8,20,0.0,0,0.0,0,0.0,0,0.0,0
2012-11-09T09:15:57.500,2245.8,5176,2245.6,26,0.0,0,0.0,0,0.0,0,0.0,0,2245.8,8,0.0,0,0.0,0,0.0,0,0.0,0
2012-11-09T09:15:58.000,2245.6,5182,2245.6,20,0.0,0,0.0,0,0.0,0,0.0,0,2245.8,7,0.0,0,0.0,0,0.0,0,0.0,0
2012-11-09T09:15:58.500,2245.8,5193,2245.8,70,0.0,0,0.0,0,0.0,0,0.0,0,2246,3,0.0,0,0.0,0,0.0,0,0.0,0
2012-11-09T09:15:59.000,2245.8,5202,2245.8,62,0.0,0,0.0,0,0.0,0,0.0,0,2246,2,0.0,0,0.0,0,0.0,0,0.0,0
2012-11-09T09:15:59.500,2246,5216,2246,44,0.0,0,0.0,0,0.0,0,0.0,0,2246.2,8,0.0,0,0.0,0,0.0,0,0.0,0
2012-11-09T09:16:00.000,2246,5230,2246,40,0.0,0,0.0,0,0.0,0,0.0,0,2246.2,13,0.0,0,0.0,0,0.0,0,0.0,0
2012-11-09T09:16:00.500,2246,5256,2246,65,0.0,0,0.0,0,0.0,0,0.0,0,2246.4,27,0.0,0,0.0,0,0.0,0,0.0,0
2012-11-09T09:16:01.000,2246,5300,2246,42,0.0,0,0.0,0,0.0,0,0.0,0,2246.2,10,0.0,0,0.0,0,0.0,0,0.0,0
2012-11-09T09:16:01.500,2246.4,5336,2246.2,4,0.0,0,0.0,0,0.0,0,0.0,0,2246.4,9,0.0,0,0.0,0,0.0,0,0.0,0
2012-11-09T09:16:02.000,2246,5368,2246.2,3,0.0,0,0.0,0,0.0,0,0.0,0,2246.4,5,0.0,0,0.0,0,0.0,0,0.0,0
2012-11-09T09:16:02.500,2246.4,5392,2246.2,6,0.0,0,0.0,0,0.0,0,0.0,0,2246.4,4,0.0,0,0.0,0,0.0,0,0.0,0
2012-11-09T09:16:03.000,2246,5413,2246,3,0.0,0,0.0,0,0.0,0,0.0,0,2246.4,2,0.0,0,0.0,0,0.0,0,0.0,0
2012-11-09T09:16:03.500,2246,5430,2246,6,0.0,0,0.0,0,0.0,0,0.0,0,2246.4,7,0.0,0,0.0,0,0.0,0,0.0,0
2012-11-09T09:16:04.000,2246.4,5438,2246.2,1,0.0,0,0.0,0,0.0,0,0.0,0,2246.4,11,0.0,0,0.0,0,0.0,0,0.0,0
2012-11-09T09:16:04.500,2246.4,5450,2246.2,8,0.0,0,0.0,0,0.0,0,0.0,0,2246.4,5,0.0,0,0.0,0,0.0,0,0.0,0
2012-11-09T09:16:05.000,2246.2,5463,2246,18,0.0,0,0.0,0,0.0,0,0.0,0,2246.2,3,0.0,0,0.0,0,0.0,0,0.0,0
2012-11-09T09:16:05.500,2246.4,5472,2246.4,3,0.0,0,0.0,0,0.0,0,0.0,0,2246.6,14,0.0,0,0.0,0,0.0,0,0.0,0
2012-11-09T09:16:06.000,2246.2,5481,2246.2,3,0.0,0,0.0,0,0.0,0,0.0,0,2246.4,2,0.0,0,0.0,0,0.0,0,0.0,0
2012-11-09T09:16:06.500,2246.2,5500,2246,83,0.0,0,0.0,0,0.0,0,0.0,0,2246.2,13,0.0,0,0.0,0,0.0,0,0.0,0
2012-11-09T09:16:07.000,2246.4,5518,2246.2,1,0.0,0,0.0,0,0.0,0,0.0,0,2246.4,2,0.0,0,0.0,0,0.0,0,0.0,0
2012-11-09T09:16:07.500,2246.4,5537,2246.4,23,0.0,0,0.0,0,0.0,0,0.0,0,2246.6,16,0.0,0,0.0,0,0.0,0,0.0,0
2012-11-09T09:16:08.000,2246.4,5554,2246.4,30,0.0,0,0.0,0,0.0,0,0.0,0,2246.6,8,0.0,0,0.0,0,0.0,0,0.0,0
2012-11-09T09:16:08.500,2247,5574,2246.8,5,0.0,0,0.0,0,0.0,0,0.0,0,2247,29,0.0,0,0.0,0,0.0,0,0.0,0
2012-11-09T09:16:09.000,2247,5594,2246.6,28,0.0,0,0.0,0,0.0,0,0.0,0,2246.8,2,0.0,0,0.0,0,0.0,0,0.0,0
2012-11-09T09:16:09.500,2247,5618,2247,32,0.0,0,0.0,0,0.0,0,0.0,0,2247.2,8,0.0,0,0.0,0,0.0,0,0.0,0
2012-11-09T09:16:10.000,2246.8,5664,2246.8,1,0.0,0,0.0,0,0.0,0,0.0,0,2247,2,0.0,0,0.0,0,0.0,0,0.0,0
2012-11-09T09:16:10.500,2247,5675,2246.6,28,0.0,0,0.0,0,0.0,0,0.0,0,2246.8,4,0.0,0,0.0,0,0.0,0,0.0,0
2012-11-09T09:16:11.000,2246.6,5714,2246.4,15,0.0,0,0.0,0,0.0,0,0.0,0,2246.6,5,0.0,0,0.0,0,0.0,0,0.0,0
2012-11-09T09:16:11.500,2247,5722,2246.6,1,0.0,0,0.0,0,0.0,0,0.0,0,2247,7,0.0,0,0.0,0,0.0,0,0.0,0
2012-11-09T09:16:12.000,2247,5726,2246.4,15,0.0,0,0.0,0,0.0,0,0.0,0,2246.8,2,0.0,0,0.0,0,0.0,0,0.0,0
2012-11-09T09:16:12.500,2246.4,5733,2246.4,12,0.0,0,0.0,0,0.0,0,0.0,0,2246.8,4,0.0,0,0.0,0,0.0,0,0.0,0
2012-11-09T09:16:13.000,2246.8,5737,2246.4,15,0.0,0,0.0,0,0.0,0,0.0,0,2246.8,6,0.0,0,0.0,0,0.0,0,0.0,0
2012-11-09T09:16:13.500,2246.8,5740,2246.4,15,0.0,0,0.0,0,0.0,0,0.0,0,2246.8,4,0.0,0,0.0,0,0.0,0,0.0,0
2012-11-09T09:16:14.000,2247,5757,2246.4,14,0.0,0,0.0,0,0.0,0,0.0,0,2247,14,0.0,0,0.0,0,0.0,0,0.0,0
2012-11-09T09:16:14.500,2246.8,5778,2246.4,14,0.0,0,0.0,0,0.0,0,0.0,0,2246.6,7,0.0,0,0.0,0,0.0,0,0.0,0
2012-11-09T09:16:15.000,2246.8,5795,2246.6,1,0.0,0,0.0,0,0.0,0,0.0,0,2246.8,5,0.0,0,0.0,0,0.0,0,0.0,0
2012-11-09T09:16:15.500,2246.8,5803,2246.6,2,0.0,0,0.0,0,0.0,0,0.0,0,2246.8,3,0.0,0,0.0,0,0.0,0,0.0,0
2012-11-09T09:16:16.000,2246.6,5814,2246.4,12,0.0,0,0.0,0,0.0,0,0.0,0,2246.6,3,0.0,0,0.0,0,0.0,0,0.0,0
2012-11-09T09:16:16.500,2247,5819,2246.8,1,0.0,0,0.0,0,0.0,0,0.0,0,2247,17,0.0,0,0.0,0,0.0,0,0.0,0
2012-11-09T09:16:17.000,2246.6,5836,2246.4,11,0.0,0,0.0,0,0.0,0,0.0,0,2246.6,1,0.0,0,0.0,0,0.0,0,0.0,0
2012-11-09T09:16:17.500,2246.4,5846,2246.6,1,0.0,0,0.0,0,0.0,0,0.0,0,2247,11,0.0,0,0.0,0,0.0,0,0.0,0
2012-11-09T09:16:18.000,2246.4,5848,2246.4,15,0.0,0,0.0,0,0.0,0,0.0,0,2247,11,0.0,0,0.0,0,0.0,0,0.0,0
2012-11-09T09:16:18.500,2246.4,5857,2246.4,10,0.0,0,0.0,0,0.0,0,0.0,0,2246.8,1,0.0,0,0.0,0,0.0,0,0.0,0
2012-11-09T09:16:19.000,2247,5874,2247,36,0.0,0,0.0,0,0.0,0,0.0,0,2247.2,8,0.0,0,0.0,0,0.0,0,0.0,0
2012-11-09T09:16:19.500,2247,5891,2247,43,0.0,0,0.0,0,0.0,0,0.0,0,2247.2,8,0.0,0,0.0,0,0.0,0,0.0,0
2012-11-09T09:16:20.000,2247,5915,2247,41,0.0,0,0.0,0,0.0,0,0.0,0,2247.2,5,0.0,0,0.0,0,0.0,0,0.0,0
2012-11-09T09:16:20.500,2247,5916,2247,40,0.0,0,0.0,0,0.0,0,0.0,0,2247.2,5,0.0,0,0.0,0,0.0,0,0.0,0
2012-11-09T09:16:21.000,2247,5937,2247,25,0.0,0,0.0,0,0.0,0,0.0,0,2247.4,53,0.0,0,0.0,0,0.0,0,0.0,0
2012-11-09T09:16:21.500,2247.2,5946,2247,25,0.0,0,0.0,0,0.0,0,0.0,0,2247.2,39,0.0,0,0.0,0,0.0,0,0.0,0
2012-11-09T09:16:22.000,2247,5962,2247,11,0.0,0,0.0,0,0.0,0,0.0,0,2247.2,43,0.0,0,0.0,0,0.0,0,0.0,0
2012-11-09T09:16:22.500,2247,5985,2247,1,0.0,0,0.0,0,0.0,0,0.0,0,2247.2,26,0.0,0,0.0,0,0.0,0,0.0,0
2012-11-09T09:16:23.000,2247,5989,2246.8,10,0.0,0,0.0,0,0.0,0,0.0,0,2247,1,0.0,0,0.0,0,0.0,0,0.0,0
2012-11-09T09:16:23.500,2246.8,6006,2246.6,15,0.0,0,0.0,0,0.0,0,0.0,0,2246.8,7,0.0,0,0.0,0,0.0,0,0.0,0
2012-11-09T09:16:24.000,2247,6060,2247,2,0.0,0,0.0,0,0.0,0,0.0,0,2247.2,26,0.0,0,0.0,0,0.0,0,0.0,0
2012-11-09T09:16:24.500,2246.6,6068,2246.6,9,0.0,0,0.0,0,0.0,0,0.0,0,2247,9,0.0,0,0.0,0,0.0,0,0.0,0
2012-11-09T09:16:25.000,2246.6,6070,2246.6,8,0.0,0,0.0,0,0.0,0,0.0,0,2246.8,10,0.0,0,0.0,0,0.0,0,0.0,0
2012-11-09T09:16:25.500,2246.6,6081,2246.4,10,0.0,0,0.0,0,0.0,0,0.0,0,2246.6,45,0.0,0,0.0,0,0.0,0,0.0,0
2012-11-09T09:16:26.000,2246.2,6110,2246.2,10,0.0,0,0.0,0,0.0,0,0.0,0,2246.4,8,0.0,0,0.0,0,0.0,0,0.0,0
2012-11-09T09:16:26.500,2246.2,6123,2246,32,0.0,0,0.0,0,0.0,0,0.0,0,2246.2,20,0.0,0,0.0,0,0.0,0,0.0,0
2012-11-09T09:16:27.000,2246.2,6135,2246,31,0.0,0,0.0,0,0.0,0,0.0,0,2246.2,10,0.0,0,0.0,0,0.0,0,0.0,0
2012-11-09T09:16:27.500,2246,6157,2246,25,0.0,0,0.0,0,0.0,0,0.0,0,2246.4,10,0.0,0,0.0,0,0.0,0,0.0,0
2012-11-09T09:16:28.000,2246,6176,2246,8,0.0,0,0.0,0,0.0,0,0.0,0,2246.4,9,0.0,0,0.0,0,0.0,0,0.0,0
2012-11-09T09:16:28.500,2246.2,6189,2246,9,0.0,0,0.0,0,0.0,0,0.0,0,2246.2,3,0.0,0,0.0,0,0.0,0,0.0,0
2012-11-09T09:16:29.000,2246,6192,2246,7,0.0,0,0.0,0,0.0,0,0.0,0,2246.2,2,0.0,0,0.0,0,0.0,0,0.0,0
2012-11-09T09:16:29.500,2246,6200,2246,3,0.0,0,0.0,0,0.0,0,0.0,0,2246.4,11,0.0,0,0.0,0,0.0,0,0.0,0
2012-11-09T09:16:30.000,2246.2,6205,2245.8,14,0.0,0,0.0,0,0.0,0,0.0,0,2246.2,1,0.0,0,0.0,0,0.0,0,0.0,0
2012-11-09T09:16:30.500,2245.8,6210,2245.8,10,0.0,0,0.0,0,0.0,0,0.0,0,2246,3,0.0,0,0.0,0,0.0,0,0.0,0
2012-11-09T09:16:31.000,2246,6223,2246,46,0.0,0,0.0,0,0.0,0,0.0,0,2246.4,11,0.0,0,0.0,0,0.0,0,0.0,0
2012-11-09T09:16:31.500,2245.6,6330,2245.8,18,0.0,0,0.0,0,0.0,0,0.0,0,2246.4,11,0.0,0,0.0,0,0.0,0,0.0,0
2012-11-09T09:16:32.000,2245.8,6331,2246,3,0.0,0,0.0,0,0.0,0,0.0,0,2246.4,11,0.0,0,0.0,0,0.0,0,0.0,0
2012-11-09T09:16:32.500,2246,6353,2245.4,10,0.0,0,0.0,0,0.0,0,0.0,0,2246,17,0.0,0,0.0,0,0.0,0,0.0,0
2012-11-09T09:16:33.000,2245.8,6356,2245.6,1,0.0,0,0.0,0,0.0,0,0.0,0,2246,18,0.0,0,0.0,0,0.0,0,0.0,0
2012-11-09T09:16:33.500,2245.6,6371,2245.6,1,0.0,0,0.0,0,0.0,0,0.0,0,2246,11,0.0,0,0.0,0,0.0,0,0.0,0
2012-11-09T09:16:34.000,2245.6,6376,2245.6,1,0.0,0,0.0,0,0.0,0,0.0,0,2246,15,0.0,0,0.0,0,0.0,0,0.0,0
2012-11-09T09:16:34.500,2246,6392,2245.4,9,0.0,0,0.0,0,0.0,0,0.0,0,2245.6,1,0.0,0,0.0,0,0.0,0,0.0,0
2012-11-09T09:16:35.000,2245.2,6413,2245,94,0.0,0,0.0,0,0.0,0,0.0,0,2245.2,1,0.0,0,0.0,0,0.0,0,0.0,0
2012-11-09T09:16:35.500,2245.2,6427,2245,93,0.0,0,0.0,0,0.0,0,0.0,0,2245.2,8,0.0,0,0.0,0,0.0,0,0.0,0
2012-11-09T09:16:36.000,2245.2,6442,2245.2,29,0.0,0,0.0,0,0.0,0,0.0,0,2245.6,6,0.0,0,0.0,0,0.0,0,0.0,0
2012-11-09T09:16:36.500,2245.2,6443,2245.4,7,0.0,0,0.0,0,0.0,0,0.0,0,2245.6,6,0.0,0,0.0,0,0.0,0,0.0,0
2012-11-09T09:16:37.000,2245.8,6470,2245.4,7,0.0,0,0.0,0,0.0,0,0.0,0,2245.8,7,0.0,0,0.0,0,0.0,0,0.0,0
2012-11-09T09:16:37.500,2245.6,6471,2245.6,1,0.0,0,0.0,0,0.0,0,0.0,0,2245.8,7,0.0,0,0.0,0,0.0,0,0.0,0
2012-11-09T09:16:38.000,2245.4,6477,2245.6,20,0.0,0,0.0,0,0.0,0,0.0,0,2245.8,7,0.0,0,0.0,0,0.0,0,0.0,0
2012-11-09T09:16:38.500,2245.6,6483,2245.6,20,0.0,0,0.0,0,0.0,0,0.0,0,2245.8,7,0.0,0,0.0,0,0.0,0,0.0,0
2012-11-09T09:16:39.000,2245.8,6492,2245.8,4,0.0,0,0.0,0,0.0,0,0.0,0,2246,8,0.0,0,0.0,0,0.0,0,0.0,0
2012-11-09T09:16:39.500,2245.8,6493,2245.8,6,0.0,0,0.0,0,0.0,0,0.0,0,2246,8,0.0,0,0.0,0,0.0,0,0.0,0
2012-11-09T09:16:40.000,2246,6494,2245.8,11,0.0,0,0.0,0,0.0,0,0.0,0,2246,13,0.0,0,0.0,0,0.0,0,0.0,0
2012-11-09T09:16:40.500,2246,6496,2245.8,10,0.0,0,0.0,0,0.0,0,0.0,0,2246,18,0.0,0,0.0,0,0.0,0,0.0,0
2012-11-09T09:16:41.000,2246,6497,2245.8,10,0.0,0,0.0,0,0.0,0,0.0,0,2246,19,0.0,0,0.0,0,0.0,0,0.0,0
2012-11-09T09:16:41.500,2245.6,6525,2245.6,15,0.0,0,0.0,0,0.0,0,0.0,0,2246,20,0.0,0,0.0,0,0.0,0,0.0,0
2012-11-09T09:16:42.000,2246,6537,2245.8,4,0.0,0,0.0,0,0.0,0,0.0,0,2246,8,0.0,0,0.0,0,0.0,0,0.0,0
2012-11-09T09:16:42.500,2245.8,6543,2245.8,1,0.0,0,0.0,0,0.0,0,0.0,0,2246,10,0.0,0,0.0,0,0.0,0,0.0,0
2012-11-09T09:16:43.000,2245.8,6578,2245.6,15,0.0,0,0.0,0,0.0,0,0.0,0,2245.8,8,0.0,0,0.0,0,0.0,0,0.0,0
2012-11-09T09:16:43.500,2245.6,6580,2245.6,14,0.0,0,0.0,0,0.0,0,0.0,0,2245.8,9,0.0,0,0.0,0,0.0,0,0.0,0
2012-11-09T09:16:44.000,2245.6,6592,2245.6,18,0.0,0,0.0,0,0.0,0,0.0,0,2245.8,6,0.0,0,0.0,0,0.0,0,0.0,0
2012-11-09T09:16:44.500,2245.8,6595,2245.6,18,0.0,0,0.0,0,0.0,0,0.0,0,2245.8,3,0.0,0,0.0,0,0.0,0,0.0,0
2012-11-09T09:16:45.000,2245.8,6597,2245.6,31,0.0,0,0.0,0,0.0,0,0.0,0,2245.8,4,0.0,0,0.0,0,0.0,0,0.0,0
2012-11-09T09:16:45.500,2245.8,6613,2245.6,30,0.0,0,0.0,0,0.0,0,0.0,0,2246,23,0.0,0,0.0,0,0.0,0,0.0,0
2012-11-09T09:16:46.000,2246,6622,2245.8,3,0.0,0,0.0,0,0.0,0,0.0,0,2246,26,0.0,0,0.0,0,0.0,0,0.0,0
2012-11-09T09:16:46.500,2246,6623,2245.8,4,0.0,0,0.0,0,0.0,0,0.0,0,2246,25,0.0,0,0.0,0,0.0,0,0.0,0
2012-11-09T09:16:47.000,2245.8,6630,2245.6,28,0.0,0,0.0,0,0.0,0,0.0,0,2245.8,9,0.0,0,0.0,0,0.0,0,0.0,0
2012-11-09T09:16:47.500,2245.6,6636,2245.6,23,0.0,0,0.0,0,0.0,0,0.0,0,2245.8,24,0.0,0,0.0,0,0.0,0,0.0,0
2012-11-09T09:16:48.000,2245.6,6672,2245.8,1,0.0,0,0.0,0,0.0,0,0.0,0,2246,2,0.0,0,0.0,0,0.0,0,0.0,0
2012-11-09T09:16:48.500,2245.6,6675,2245.6,9,0.0,0,0.0,0,0.0,0,0.0,0,2245.8,2,0.0,0,0.0,0,0.0,0,0.0,0
2012-11-09T09:16:49.000,2245.8,6693,2245.6,7,0.0,0,0.0,0,0.0,0,0.0,0,2245.8,8,0.0,0,0.0,0,0.0,0,0.0,0
2012-11-09T09:16:49.500,2245.8,6705,2245.6,1,0.0,0,0.0,0,0.0,0,0.0,0,2245.8,9,0.0,0,0.0,0,0.0,0,0.0,0
2012-11-09T09:16:50.000,2245.8,6706,2245.6,1,0.0,0,0.0,0,0.0,0,0.0,0,2245.8,9,0.0,0,0.0,0,0.0,0,0.0,0
2012-11-09T09:16:50.500,2246,6718,2245.4,10,0.0,0,0.0,0,0.0,0,0.0,0,2246,4,0.0,0,0.0,0,0.0,0,0.0,0
2012-11-09T09:16:51.250,2245.8,6720,2245.6,3,0.0,0,0.0,0,0.0,0,0.0,0,2245.8,1,0.0,0,0.0,0,0.0,0,0.0,0
2012-11-09T09:16:52.000,2245.8,6721,2245.8,2,0.0,0,0.0,0,0.0,0,0.0,0,2246,7,0.0,0,0.0,0,0.0,0,0.0,0
2012-11-09T09:16:52.500,2246,6725,2245.8,1,0.0,0,0.0,0,0.0,0,0.0,0,2246,7,0.0,0,0.0,0,0.0,0,0.0,0
2012-11-09T09:16:53.000,2246,6727,2245.8,2,0.0,0,0.0,0,0.0,0,0.0,0,2246,7,0.0,0,0.0,0,0.0,0,0.0,0
2012-11-09T09:16:53.500,2246,6737,2245.8,3,0.0,0,0.0,0,0.0,0,0.0,0,2246.2,5,0.0,0,0.0,0,0.0,0,0.0,0
2012-11-09T09:16:54.000,2245.8,6738,2246,2,0.0,0,0.0,0,0.0,0,0.0,0,2246.2,5,0.0,0,0.0,0,0.0,0,0.0,0
2012-11-09T09:16:54.500,2246,6742,2245.8,8,0.0,0,0.0,0,0.0,0,0.0,0,2246,3,0.0,0,0.0,0,0.0,0,0.0,0
2012-11-09T09:16:55.000,2245.8,6753,2245.6,19,0.0,0,0.0,0,0.0,0,0.0,0,2245.8,6,0.0,0,0.0,0,0.0,0,0.0,0
2012-11-09T09:16:55.500,2245.8,6754,2245.6,19,0.0,0,0.0,0,0.0,0,0.0,0,2245.8,5,0.0,0,0.0,0,0.0,0,0.0,0
2012-11-09T09:16:56.000,2245.8,6756,2245.6,27,0.0,0,0.0,0,0.0,0,0.0,0,2245.8,3,0.0,0,0.0,0,0.0,0,0.0,0
2012-11-09T09:16:56.500,2245.6,6766,2245.8,2,0.0,0,0.0,0,0.0,0,0.0,0,2246,4,0.0,0,0.0,0,0.0,0,0.0,0
2012-11-09T09:16:57.000,2246,6768,2245.8,2,0.0,0,0.0,0,0.0,0,0.0,0,2246,2,0.0,0,0.0,0,0.0,0,0.0,0
2012-11-09T09:16:57.500,2245.8,6769,2245.8,30,0.0,0,0.0,0,0.0,0,0.0,0,2246,9,0.0,0,0.0,0,0.0,0,0.0,0
2012-11-09T09:16:58.000,2245.8,6775,2245.8,24,0.0,0,0.0,0,0.0,0,0.0,0,2246,10,0.0,0,0.0,0,0.0,0,0.0,0
2012-11-09T09:16:58.500,2246,6777,2245.8,23,0.0,0,0.0,0,0.0,0,0.0,0,2246,9,0.0,0,0.0,0,0.0,0,0.0,0
2012-11-09T09:16:59.250,2246,6778,2245.8,24,0.0,0,0.0,0,0.0,0,0.0,0,2246,20,0.0,0,0.0,0,0.0,0,0.0,0
2012-11-09T09:17:00.000,2246,6782,2245.8,23,0.0,0,0.0,0,0.0,0,0.0,0,2246,22,0.0,0,0.0,0,0.0,0,0.0,0
2012-11-09T09:17:00.500,2245.8,6791,2245.8,18,0.0,0,0.0,0,0.0,0,0.0,0,2246,18,0.0,0,0.0,0,0.0,0,0.0,0
2012-11-09T09:17:01.000,2245.8,6814,2245.6,38,0.0,0,0.0,0,0.0,0,0.0,0,2245.8,22,0.0,0,0.0,0,0.0,0,0.0,0
2012-11-09T09:17:01.500,2245.6,6830,2245.6,24,0.0,0,0.0,0,0.0,0,0.0,0,2245.8,21,0.0,0,0.0,0,0.0,0,0.0,0
2012-11-09T09:17:02.000,2245.8,6865,2245.6,1,0.0,0,0.0,0,0.0,0,0.0,0,2245.8,10,0.0,0,0.0,0,0.0,0,0.0,0
2012-11-09T09:17:02.500,2245.4,6872,2245.4,10,0.0,0,0.0,0,0.0,0,0.0,0,2245.6,3,0.0,0,0.0,0,0.0,0,0.0,0
2012-11-09T09:17:03.000,2245.8,6881,2245.6,14,0.0,0,0.0,0,0.0,0,0.0,0,2245.8,7,0.0,0,0.0,0,0.0,0,0.0,0
2012-11-09T09:17:03.500,2245.6,6885,2245.6,12,0.0,0,0.0,0,0.0,0,0.0,0,2245.8,5,0.0,0,0.0,0,0.0,0,0.0,0
2012-11-09T09:17:04.000,2245.6,6887,2245.6,21,0.0,0,0.0,0,0.0,0,0.0,0,2245.8,5,0.0,0,0.0,0,0.0,0,0.0,0
2012-11-09T09:17:04.500,2245.6,6899,2245.6,16,0.0,0,0.0,0,0.0,0,0.0,0,2245.8,3,0.0,0,0.0,0,0.0,0,0.0,0
2012-11-09T09:17:05.000,2245.8,6904,2245.8,2,0.0,0,0.0,0,0.0,0,0.0,0,2246,31,0.0,0,0.0,0,0.0,0,0.0,0
2012-11-09T09:17:05.500,2245.6,6908,2245.6,23,0.0,0,0.0,0,0.0,0,0.0,0,2245.8,1,0.0,0,0.0,0,0.0,0,0.0,0
2012-11-09T09:17:06.000,2245.8,6909,2245.6,23,0.0,0,0.0,0,0.0,0,0.0,0,2246,38,0.0,0,0.0,0,0.0,0,0.0,0
2012-11-09T09:17:06.500,2245.6,6915,2245.6,17,0.0,0,0.0,0,0.0,0,0.0,0,2245.8,1,0.0,0,0.0,0,0.0,0,0.0,0
2012-11-09T09:17:07.000,2245.6,6948,2245.6,4,0.0,0,0.0,0,0.0,0,0.0,0,2246,19,0.0,0,0.0,0,0.0,0,0.0,0
2012-11-09T09:17:07.500,2245.6,6953,2245.6,1,0.0,0,0.0,0,0.0,0,0.0,0,2245.8,4,0.0,0,0.0,0,0.0,0,0.0,0
2012-11-09T09:17:08.000,2245.4,6966,2245.6,1,0.0,0,0.0,0,0.0,0,0.0,0,2246,18,0.0,0,0.0,0,0.0,0,0.0,0
2012-11-09T09:17:08.500,2245.4,6972,2245.4,2,0.0,0,0.0,0,0.0,0,0.0,0,2245.8,4,0.0,0,0.0,0,0.0,0,0.0,0
2012-11-09T09:17:09.000,2245.6,6982,2245.4,1,0.0,0,0.0,0,0.0,0,0.0,0,2245.8,11,0.0,0,0.0,0,0.0,0,0.0,0
2012-11-09T09:17:09.500,2245.6,7061,2245.4,1,0.0,0,0.0,0,0.0,0,0.0,0,2245.6,6,0.0,0,0.0,0,0.0,0,0.0,0
2012-11-09T09:17:10.000,2245.2,7065,2245.2,13,0.0,0,0.0,0,0.0,0,0.0,0,2245.4,13,0.0,0,0.0,0,0.0,0,0.0,0
2012-11-09T09:17:10.500,2245.4,7082,2245.2,13,0.0,0,0.0,0,0.0,0,0.0,0,2245.4,8,0.0,0,0.0,0,0.0,0,0.0,0
2012-11-09T09:17:11.000,2245.2,7086,2245.2,12,0.0,0,0.0,0,0.0,0,0.0,0,2245.4,7,0.0,0,0.0,0,0.0,0,0.0,0
2012-11-09T09:17:11.500,2245.2,7100,2245.2,17,0.0,0,0.0,0,0.0,0,0.0,0,2245.6,6,0.0,0,0.0,0,0.0,0,0.0,0
2012-11-09T09:17:12.000,2245.2,7105,2245.2,14,0.0,0,0.0,0,0.0,0,0.0,0,2245.4,2,0.0,0,0.0,0,0.0,0,0.0,0
2012-11-09T09:17:12.500,2245.4,7109,2245.4,7,0.0,0,0.0,0,0.0,0,0.0,0,2245.6,2,0.0,0,0.0,0,0.0,0,0.0,0
2012-11-09T09:17:13.000,2245.4,7121,2245.2,10,0.0,0,0.0,0,0.0,0,0.0,0,2245.6,2,0.0,0,0.0,0,0.0,0,0.0,0
2012-11-09T09:17:13.500,2245.6,7124,2245.6,3,0.0,0,0.0,0,0.0,0,0.0,0,2245.8,5,0.0,0,0.0,0,0.0,0,0.0,0
2012-11-09T09:17:14.000,2245.6,7125,2245.6,2,0.0,0,0.0,0,0.0,0,0.0,0,2245.8,5,0.0,0,0.0,0,0.0,0,0.0,0
2012-11-09T09:17:14.500,2245.6,7127,2245.4,3,0.0,0,0.0,0,0.0,0,0.0,0,2245.8,7,0.0,0,0.0,0,0.0,0,0.0,0
2012-11-09T09:17:15.250,2245.6,7128,2245.4,5,0.0,0,0.0,0,0.0,0,0.0,0,2245.6,1,0.0,0,0.0,0,0.0,0,0.0,0
2012-11-09T09:17:16.000,2245.4,7130,2245.4,6,0.0,0,0.0,0,0.0,0,0.0,0,2245.6,34,0.0,0,0.0,0,0.0,0,0.0,0
2012-11-09T09:17:16.500,2245.6,7133,2245.4,5,0.0,0,0.0,0,0.0,0,0.0,0,2245.6,31,0.0,0,0.0,0,0.0,0,0.0,0
2012-11-09T09:17:17.250,2245.4,7140,2245.2,6,0.0,0,0.0,0,0.0,0,0.0,0,2245.4,4,0.0,0,0.0,0,0.0,0,0.0,0
2012-11-09T09:17:18.000,2245.4,7152,2245.2,3,0.0,0,0.0,0,0.0,0,0.0,0,2245.6,33,0.0,0,0.0,0,0.0,0,0.0,0
2012-11-09T09:17:18.500,2245.4,7153,2245.2,3,0.0,0,0.0,0,0.0,0,0.0,0,2245.4,6,0.0,0,0.0,0,0.0,0,0.0,0
2012-11-09T09:17:19.000,2245.4,7154,2245.2,12,0.0,0,0.0,0,0.0,0,0.0,0,2245.4,8,0.0,0,0.0,0,0.0,0,0.0,0
2012-11-09T09:17:19.500,2245.2,7159,2245.2,9,0.0,0,0.0,0,0.0,0,0.0,0,2245.4,7,0.0,0,0.0,0,0.0,0,0.0,0
2012-11-09T09:17:20.000,2245.4,7172,2245,109,0.0,0,0.0,0,0.0,0,0.0,0,2245.4,5,0.0,0,0.0,0,0.0,0,0.0,0
2012-11-09T09:17:20.500,2245.6,7212,2245,109,0.0,0,0.0,0,0.0,0,0.0,0,2245.2,1,0.0,0,0.0,0,0.0,0,0.0,0
2012-11-09T09:17:21.000,2245.4,7218,2245.2,1,0.0,0,0.0,0,0.0,0,0.0,0,2245.4,2,0.0,0,0.0,0,0.0,0,0.0,0
2012-11-09T09:17:21.500,2245.4,7237,2245.2,4,0.0,0,0.0,0,0.0,0,0.0,0,2245.6,6,0.0,0,0.0,0,0.0,0,0.0,0
2012-11-09T09:17:22.000,2245.4,7240,2245.2,12,0.0,0,0.0,0,0.0,0,0.0,0,2245.4,9,0.0,0,0.0,0,0.0,0,0.0,0
2012-11-09T09:17:22.500,2245.2,7280,2245,94,0.0,0,0.0,0,0.0,0,0.0,0,2245.2,2,0.0,0,0.0,0,0.0,0,0.0,0
2012-11-09T09:17:23.000,2245,7286,2245,90,0.0,0,0.0,0,0.0,0,0.0,0,2245.4,7,0.0,0,0.0,0,0.0,0,0.0,0
2012-11-09T09:17:23.500,2245,7307,2245,76,0.0,0,0.0,0,0.0,0,0.0,0,2245.2,1,0.0,0,0.0,0,0.0,0,0.0,0
2012-11-09T09:17:24.000,2245,7323,2245,73,0.0,0,0.0,0,0.0,0,0.0,0,2245.2,8,0.0,0,0.0,0,0.0,0,0.0,0
2012-11-09T09:17:24.500,2245,7331,2245,69,0.0,0,0.0,0,0.0,0,0.0,0,2245.2,19,0.0,0,0.0,0,0.0,0,0.0,0
2012-11-09T09:17:25.000,2245,7336,2245,64,0.0,0,0.0,0,0.0,0,0.0,0,2245.2,19,0.0,0,0.0,0,0.0,0,0.0,0
2012-11-09T09:17:25.500,2245.2,7364,2245,37,0.0,0,0.0,0,0.0,0,0.0,0,2245.2,19,0.0,0,0.0,0,0.0,0,0.0,0
2012-11-09T09:17:26.000,2245,7383,2245,18,0.0,0,0.0,0,0.0,0,0.0,0,2245.2,18,0.0,0,0.0,0,0.0,0,0.0,0
2012-11-09T09:17:26.500,2245,7401,2245,1,0.0,0,0.0,0,0.0,0,0.0,0,2245.2,15,0.0,0,0.0,0,0.0,0,0.0,0
2012-11-09T09:17:27.000,2245,7414,2244.6,21,0.0,0,0.0,0,0.0,0,0.0,0,2245,3,0.0,0,0.0,0,0.0,0,0.0,0
2012-11-09T09:17:27.500,2245,7417,2244.8,1,0.0,0,0.0,0,0.0,0,0.0,0,2245,1,0.0,0,0.0,0,0.0,0,0.0,0
2012-11-09T09:17:28.000,2244.8,7426,2244.8,8,0.0,0,0.0,0,0.0,0,0.0,0,2245,3,0.0,0,0.0,0,0.0,0,0.0,0
2012-11-09T09:17:28.500,2244.4,7494,2244.4,37,0.0,0,0.0,0,0.0,0,0.0,0,2244.8,1,0.0,0,0.0,0,0.0,0,0.0,0
2012-11-09T09:17:29.000,2245,7510,2245,11,0.0,0,0.0,0,0.0,0,0.0,0,2245.2,14,0.0,0,0.0,0,0.0,0,0.0,0
2012-11-09T09:17:29.500,2245,7532,2245,43,0.0,0,0.0,0,0.0,0,0.0,0,2245.2,10,0.0,0,0.0,0,0.0,0,0.0,0
2012-11-09T09:17:30.000,2245.2,7564,2245,21,0.0,0,0.0,0,0.0,0,0.0,0,2245.4,9,0.0,0,0.0,0,0.0,0,0.0,0
2012-11-09T09:17:30.500,2245.4,7577,2245,10,0.0,0,0.0,0,0.0,0,0.0,0,2245.4,7,0.0,0,0.0,0,0.0,0,0.0,0
2012-11-09T09:17:31.000,2245.2,7579,2245.2,8,0.0,0,0.0,0,0.0,0,0.0,0,2245.4,7,0.0,0,0.0,0,0.0,0,0.0,0
2012-11-09T09:17:31.500,2245.2,7589,2245.2,5,0.0,0,0.0,0,0.0,0,0.0,0,2245.4,2,0.0,0,0.0,0,0.0,0,0.0,0
2012-11-09T09:17:32.000,2245.2,7592,2245.2,3,0.0,0,0.0,0,0.0,0,0.0,0,2245.4,2,0.0,0,0.0,0,0.0,0,0.0,0
2012-11-09T09:17:32.500,2245.2,7595,2245.2,5,0.0,0,0.0,0,0.0,0,0.0,0,2245.4,2,0.0,0,0.0,0,0.0,0,0.0,0
2012-11-09T09:17:33.000,2245.2,7601,2245.2,2,0.0,0,0.0,0,0.0,0,0.0,0,2245.4,1,0.0,0,0.0,0,0.0,0,0.0,0
2012-11-09T09:17:33.500,2245.2,7602,2245.2,2,0.0,0,0.0,0,0.0,0,0.0,0,2245.4,3,0.0,0,0.0,0,0.0,0,0.0,0
2012-11-09T09:17:34.000,2245.2,7605,2245.2,9,0.0,0,0.0,0,0.0,0,0.0,0,2245.4,4,0.0,0,0.0,0,0.0,0,0.0,0
2012-11-09T09:17:34.500,2245.4,7611,2245.2,5,0.0,0,0.0,0,0.0,0,0.0,0,2245.4,3,0.0,0,0.0,0,0.0,0,0.0,0
2012-11-09T09:17:35.000,2245.4,7613,2245.2,5,0.0,0,0.0,0,0.0,0,0.0,0,2245.4,2,0.0,0,0.0,0,0.0,0,0.0,0
2012-11-09T09:17:35.500,2245.4,7614,2245.2,5,0.0,0,0.0,0,0.0,0,0.0,0,2245.4,2,0.0,0,0.0,0,0.0,0,0.0,0
2012-11-09T09:17:36.000,2245,7626,2245,7,0.0,0,0.0,0,0.0,0,0.0,0,2245.4,1,0.0,0,0.0,0,0.0,0,0.0,0
2012-11-09T09:17:36.500,2245.2,7627,2245,9,0.0,0,0.0,0,0.0,0,0.0,0,2245.4,1,0.0,0,0.0,0,0.0,0,0.0,0
2012-11-09T09:17:37.000,2245.4,7628,2245,12,0.0,0,0.0,0,0.0,0,0.0,0,2245.6,7,0.0,0,0.0,0,0.0,0,0.0,0
2012-11-09T09:17:37.500,2245.2,7629,2245,13,0.0,0,0.0,0,0.0,0,0.0,0,2245.4,1,0.0,0,0.0,0,0.0,0,0.0,0
2012-11-09T09:17:38.000,2245.4,7630,2245.4,2,0.0,0,0.0,0,0.0,0,0.0,0,2245.6,8,0.0,0,0.0,0,0.0,0,0.0,0
2012-11-09T09:17:38.500,2245.4,7631,2245.4,1,0.0,0,0.0,0,0.0,0,0.0,0,2245.6,8,0.0,0,0.0,0,0.0,0,0.0,0
2012-11-09T09:17:39.000,2245.6,7633,2245.4,1,0.0,0,0.0,0,0.0,0,0.0,0,2245.6,6,0.0,0,0.0,0,0.0,0,0.0,0
2012-11-09T09:17:39.500,2245.4,7667,2245.4,1,0.0,0,0.0,0,0.0,0,0.0,0,2246,44,0.0,0,0.0,0,0.0,0,0.0,0
2012-11-09T09:17:40.250,2245.8,7671,2245.4,16,0.0,0,0.0,0,0.0,0,0.0,0,2246,44,0.0,0,0.0,0,0.0,0,0.0,0
2012-11-09T09:17:41.000,2245.4,7677,2245.6,1,0.0,0,0.0,0,0.0,0,0.0,0,2245.8,4,0.0,0,0.0,0,0.0,0,0.0,0
2012-11-09T09:17:41.500,2245.6,7679,2245.6,1,0.0,0,0.0,0,0.0,0,0.0,0,2245.8,3,0.0,0,0.0,0,0.0,0,0.0,0
2012-11-09T09:17:42.000,2245.8,7684,2245.6,2,0.0,0,0.0,0,0.0,0,0.0,0,2245.8,7,0.0,0,0.0,0,0.0,0,0.0,0
2012-11-09T09:17:42.500,2245.8,7694,2245.8,2,0.0,0,0.0,0,0.0,0,0.0,0,2246,44,0.0,0,0.0,0,0.0,0,0.0,0
2012-11-09T09:17:43.000,2245.8,7696,2245.6,12,0.0,0,0.0,0,0.0,0,0.0,0,2245.8,1,0.0,0,0.0,0,0.0,0,0.0,0
2012-11-09T09:17:43.500,2245.8,7699,2245.6,13,0.0,0,0.0,0,0.0,0,0.0,0,2245.8,1,0.0,0,0.0,0,0.0,0,0.0,0
2012-11-09T09:17:44.000,2245.8,7702,2245.6,32,0.0,0,0.0,0,0.0,0,0.0,0,2245.8,3,0.0,0,0.0,0,0.0,0,0.0,0
2012-11-09T09:17:44.500,2245.8,7703,2245.6,32,0.0,0,0.0,0,0.0,0,0.0,0,2245.8,2,0.0,0,0.0,0,0.0,0,0.0,0
2012-11-09T09:17:45.250,2245.8,7705,2245.8,4,0.0,0,0.0,0,0.0,0,0.0,0,2246,44,0.0,0,0.0,0,0.0,0,0.0,0
2012-11-09T09:17:46.000,2246,7706,2245.8,14,0.0,0,0.0,0,0.0,0,0.0,0,2246,70,0.0,0,0.0,0,0.0,0,0.0,0
2012-11-09T09:17:46.500,2245.8,7707,2245.8,15,0.0,0,0.0,0,0.0,0,0.0,0,2246,70,0.0,0,0.0,0,0.0,0,0.0,0
2012-11-09T09:17:47.000,2246,7730,2245.8,19,0.0,0,0.0,0,0.0,0,0.0,0,2246,48,0.0,0,0.0,0,0.0,0,0.0,0
2012-11-09T09:17:47.500,2245.8,7735,2245.8,15,0.0,0,0.0,0,0.0,0,0.0,0,2246,47,0.0,0,0.0,0,0.0,0,0.0,0
2012-11-09T09:17:48.000,2246,7747,2245.8,15,0.0,0,0.0,0,0.0,0,0.0,0,2246,41,0.0,0,0.0,0,0.0,0,0.0,0
2012-11-09T09:17:48.500,2246,7757,2245.8,15,0.0,0,0.0,0,0.0,0,0.0,0,2246,33,0.0,0,0.0,0,0.0,0,0.0,0
2012-11-09T09:17:49.000,2246,7769,2245.8,15,0.0,0,0.0,0,0.0,0,0.0,0,2246,23,0.0,0,0.0,0,0.0,0,0.0,0
2012-11-09T09:17:49.500,2246,7772,2245.8,15,0.0,0,0.0,0,0.0,0,0.0,0,2246,22,0.0,0,0.0,0,0.0,0,0.0,0
2012-11-09T09:17:50.000,2246,7773,2245.8,14,0.0,0,0.0,0,0.0,0,0.0,0,2246,22,0.0,0,0.0,0,0.0,0,0.0,0
2012-11-09T09:17:50.500,2246,7774,2245.8,14,0.0,0,0.0,0,0.0,0,0.0,0,2246,19,0.0,0,0.0,0,0.0,0,0.0,0
2012-11-09T09:17:51.000,2246,7779,2245.8,11,0.0,0,0.0,0,0.0,0,0.0,0,2246,16,0.0,0,0.0,0,0.0,0,0.0,0
2012-11-09T09:17:51.500,2246,7791,2245.8,11,0.0,0,0.0,0,0.0,0,0.0,0,2246,4,0.0,0,0.0,0,0.0,0,0.0,0
2012-11-09T09:17:52.000,2245.8,7796,2245.8,10,0.0,0,0.0,0,0.0,0,0.0,0,2246.2,9,0.0,0,0.0,0,0.0,0,0.0,0
2012-11-09T09:17:52.500,2246.2,7800,2246,3,0.0,0,0.0,0,0.0,0,0.0,0,2246.2,6,0.0,0,0.0,0,0.0,0,0.0,0
2012-11-09T09:17:53.250,2246.2,7801,2246,3,0.0,0,0.0,0,0.0,0,0.0,0,2246.2,5,0.0,0,0.0,0,0.0,0,0.0,0
2012-11-09T09:17:54.000,2245.8,7809,2245.8,8,0.0,0,0.0,0,0.0,0,0.0,0,2246.2,4,0.0,0,0.0,0,0.0,0,0.0,0
2012-11-09T09:17:54.500,2246.2,7815,2245.8,10,0.0,0,0.0,0,0.0,0,0.0,0,2246.2,2,0.0,0,0.0,0,0.0,0,0.0,0
2012-11-09T09:17:55.000,2246.2,7820,2245.8,7,0.0,0,0.0,0,0.0,0,0.0,0,2246.2,1,0.0,0,0.0,0,0.0,0,0.0,0
2012-11-09T09:17:55.500,2246.2,7822,2245.8,7,0.0,0,0.0,0,0.0,0,0.0,0,2246.2,1,0.0,0,0.0,0,0.0,0,0.0,0
2012-11-09T09:17:56.000,2246,7823,2245.8,8,0.0,0,0.0,0,0.0,0,0.0,0,2246.2,9,0.0,0,0.0,0,0.0,0,0.0,0
2012-11-09T09:17:56.500,2246.2,7824,2246,3,0.0,0,0.0,0,0.0,0,0.0,0,2246.2,9,0.0,0,0.0,0,0.0,0,0.0,0
2012-11-09T09:17:57.000,2246.2,7840,2245.8,1,0.0,0,0.0,0,0.0,0,0.0,0,2246,1,0.0,0,0.0,0,0.0,0,0.0,0
2012-11-09T09:17:57.500,2246,7841,2245.8,1,0.0,0,0.0,0,0.0,0,0.0,0,2246.2,5,0.0,0,0.0,0,0.0,0,0.0,0
2012-11-09T09:17:58.250,2246.2,7848,2246,5,0.0,0,0.0,0,0.0,0,0.0,0,2246.2,2,0.0,0,0.0,0,0.0,0,0.0,0
2012-11-09T09:17:59.000,2246.2,7849,2246,10,0.0,0,0.0,0,0.0,0,0.0,0,2246.2,2,0.0,0,0.0,0,0.0,0,0.0,0
2012-11-09T09:17:59.500,2246.2,7850,2246,10,0.0,0,0.0,0,0.0,0,0.0,0,2246.2,1,0.0,0,0.0,0,0.0,0,0.0,0
2012-11-09T09:18:00.000,2246,7853,2246,8,0.0,0,0.0,0,0.0,0,0.0,0,2246.4,11,0.0,0,0.0,0,0.0,0,0.0,0
2012-11-09T09:18:00.500,2246.4,7866,2246,4,0.0,0,0.0,0,0.0,0,0.0,0,2246.4,3,0.0,0,0.0,0,0.0,0,0.0,0
2012-11-09T09:18:01.000,2246.4,7870,2246,4,0.0,0,0.0,0,0.0,0,0.0,0,2246.4,1,0.0,0,0.0,0,0.0,0,0.0,0
2012-11-09T09:18:01.500,2246.4,7885,2246.2,3,0.0,0,0.0,0,0.0,0,0.0,0,2246.4,6,0.0,0,0.0,0,0.0,0,0.0,0
2012-11-09T09:18:02.000,2246.6,7896,2246.4,4,0.0,0,0.0,0,0.0,0,0.0,0,2246.6,46,0.0,0,0.0,0,0.0,0,0.0,0
2012-11-09T09:18:02.500,2246.4,7901,2246.2,5,0.0,0,0.0,0,0.0,0,0.0,0,2246.4,1,0.0,0,0.0,0,0.0,0,0.0,0
2012-11-09T09:18:03.000,2246.2,7912,2245.8,17,0.0,0,0.0,0,0.0,0,0.0,0,2246.2,13,0.0,0,0.0,0,0.0,0,0.0,0
2012-11-09T09:18:03.500,2246.6,7937,2246.4,1,0.0,0,0.0,0,0.0,0,0.0,0,2246.6,36,0.0,0,0.0,0,0.0,0,0.0,0
2012-11-09T09:18:04.000,2246.6,7949,2246.2,7,0.0,0,0.0,0,0.0,0,0.0,0,2246.4,3,0.0,0,0.0,0,0.0,0,0.0,0
2012-11-09T09:18:04.500,2246.4,7959,2246.2,1,0.0,0,0.0,0,0.0,0,0.0,0,2246.4,23,0.0,0,0.0,0,0.0,0,0.0,0
2012-11-09T09:18:05.000,2246.4,7960,2246.2,1,0.0,0,0.0,0,0.0,0,0.0,0,2246.4,23,0.0,0,0.0,0,0.0,0,0.0,0
2012-11-09T09:18:05.500,2246,7963,2246,4,0.0,0,0.0,0,0.0,0,0.0,0,2246.4,22,0.0,0,0.0,0,0.0,0,0.0,0
2012-11-09T09:18:06.000,2246.4,7969,2246,4,0.0,0,0.0,0,0.0,0,0.0,0,2246.4,17,0.0,0,0.0,0,0.0,0,0.0,0
2012-11-09T09:18:06.500,2246.4,7970,2246,13,0.0,0,0.0,0,0.0,0,0.0,0,2246.2,1,0.0,0,0.0,0,0.0,0,0.0,0
2012-11-09T09:18:07.000,2246,7971,2246,12,0.0,0,0.0,0,0.0,0,0.0,0,2246.2,1,0.0,0,0.0,0,0.0,0,0.0,0
2012-11-09T09:18:07.500,2246.4,7974,2246.2,1,0.0,0,0.0,0,0.0,0,0.0,0,2246.4,18,0.0,0,0.0,0,0.0,0,0.0,0
2012-11-09T09:18:08.250,2246.2,7983,2246.2,2,0.0,0,0.0,0,0.0,0,0.0,0,2246.4,9,0.0,0,0.0,0,0.0,0,0.0,0
2012-11-09T09:18:09.000,2246.2,7986,2246.2,11,0.0,0,0.0,0,0.0,0,0.0,0,2246.4,5,0.0,0,0.0,0,0.0,0,0.0,0
2012-11-09T09:18:09.500,2246.4,7987,2246.2,16,0.0,0,0.0,0,0.0,0,0.0,0,2246.4,4,0.0,0,0.0,0,0.0,0,0.0,0
2012-11-09T09:18:10.000,2246.4,7992,2246.4,12,0.0,0,0.0,0,0.0,0,0.0,0,2246.6,35,0.0,0,0.0,0,0.0,0,0.0,0
2012-11-09T09:18:10.500,2246.4,7994,2246.4,12,0.0,0,0.0,0,0.0,0,0.0,0,2246.6,35,0.0,0,0.0,0,0.0,0,0.0,0
2012-11-09T09:18:11.000,2246.4,7997,2246.4,9,0.0,0,0.0,0,0.0,0,0.0,0,2246.6,36,0.0,0,0.0,0,0.0,0,0.0,0
2012-11-09T09:18:11.500,2246.4,8001,2246.4,8,0.0,0,0.0,0,0.0,0,0.0,0,2246.6,33,0.0,0,0.0,0,0.0,0,0.0,0
2012-11-09T09:18:12.000,2246.4,8002,2246.4,7,0.0,0,0.0,0,0.0,0,0.0,0,2246.6,33,0.0,0,0.0,0,0.0,0,0.0,0
2012-11-09T09:18:12.500,2246.4,8004,2246.4,5,0.0,0,0.0,0,0.0,0,0.0,0,2246.6,33,0.0,0,0.0,0,0.0,0,0.0,0
2012-11-09T09:18:13.000,2246.4,8007,2246.4,5,0.0,0,0.0,0,0.0,0,0.0,0,2246.6,31,0.0,0,0.0,0,0.0,0,0.0,0
2012-11-09T09:18:13.500,2246.6,8011,2246.4,5,0.0,0,0.0,0,0.0,0,0.0,0,2246.6,46,0.0,0,0.0,0,0.0,0,0.0,0
2012-11-09T09:18:14.000,2246.6,8013,2246.4,6,0.0,0,0.0,0,0.0,0,0.0,0,2246.6,48,0.0,0,0.0,0,0.0,0,0.0,0
2012-11-09T09:18:14.500,2246.4,8015,2246.4,5,0.0,0,0.0,0,0.0,0,0.0,0,2246.6,47,0.0,0,0.0,0,0.0,0,0.0,0
2012-11-09T09:18:15.250,2246.4,8020,2246.2,20,0.0,0,0.0,0,0.0,0,0.0,0,2246.6,47,0.0,0,0.0,0,0.0,0,0.0,0
2012-11-09T09:18:16.000,2246.6,8021,2246.4,1,0.0,0,0.0,0,0.0,0,0.0,0,2246.6,47,0.0,0,0.0,0,0.0,0,0.0,0
2012-11-09T09:18:16.500,2246.4,8023,2246.4,1,0.0,0,0.0,0,0.0,0,0.0,0,2246.6,48,0.0,0,0.0,0,0.0,0,0.0,0
2012-11-09T09:18:17.000,2246.6,8024,2246.4,1,0.0,0,0.0,0,0.0,0,0.0,0,2246.6,47,0.0,0,0.0,0,0.0,0,0.0,0
2012-11-09T09:18:17.500,2246.6,8025,2246.4,1,0.0,0,0.0,0,0.0,0,0.0,0,2246.6,46,0.0,0,0.0,0,0.0,0,0.0,0
2012-11-09T09:18:18.000,2246.2,8034,2246.2,18,0.0,0,0.0,0,0.0,0,0.0,0,2246.6,40,0.0,0,0.0,0,0.0,0,0.0,0
2012-11-09T09:18:18.500,2246.6,8036,2246.2,18,0.0,0,0.0,0,0.0,0,0.0,0,2246.4,6,0.0,0,0.0,0,0.0,0,0.0,0
2012-11-09T09:18:19.000,2246.4,8044,2246.4,3,0.0,0,0.0,0,0.0,0,0.0,0,2246.6,41,0.0,0,0.0,0,0.0,0,0.0,0
2012-11-09T09:18:19.500,2246.4,8048,2246.2,15,0.0,0,0.0,0,0.0,0,0.0,0,2246.6,41,0.0,0,0.0,0,0.0,0,0.0,0
2012-11-09T09:18:20.250,2246.2,8049,2246.4,1,0.0,0,0.0,0,0.0,0,0.0,0,2246.6,41,0.0,0,0.0,0,0.0,0,0.0,0
2012-11-09T09:18:21.250,2246.4,8050,2246.4,2,0.0,0,0.0,0,0.0,0,0.0,0,2246.6,41,0.0,0,0.0,0,0.0,0,0.0,0
2012-11-09T09:18:22.000,2246.4,8054,2246.2,15,0.0,0,0.0,0,0.0,0,0.0,0,2246.4,16,0.0,0,0.0,0,0.0,0,0.0,0
2012-11-09T09:18:22.500,2246.4,8059,2246.2,15,0.0,0,0.0,0,0.0,0,0.0,0,2246.4,61,0.0,0,0.0,0,0.0,0,0.0,0
2012-11-09T09:18:23.000,2246.2,8070,2246.2,8,0.0,0,0.0,0,0.0,0,0.0,0,2246.4,57,0.0,0,0.0,0,0.0,0,0.0,0
2012-11-09T09:18:23.500,2246.2,8101,2246,24,0.0,0,0.0,0,0.0,0,0.0,0,2246.2,9,0.0,0,0.0,0,0.0,0,0.0,0
2012-11-09T09:18:24.000,2246.2,8113,2246,24,0.0,0,0.0,0,0.0,0,0.0,0,2246.4,56,0.0,0,0.0,0,0.0,0,0.0,0
2012-11-09T09:18:24.500,2246.4,8138,2246,15,0.0,0,0.0,0,0.0,0,0.0,0,2246.4,46,0.0,0,0.0,0,0.0,0,0.0,0
2012-11-09T09:18:25.000,2246,8148,2246,13,0.0,0,0.0,0,0.0,0,0.0,0,2246.4,38,0.0,0,0.0,0,0.0,0,0.0,0
2012-11-09T09:18:25.500,2246,8153,2246,10,0.0,0,0.0,0,0.0,0,0.0,0,2246.2,1,0.0,0,0.0,0,0.0,0,0.0,0
2012-11-09T09:18:26.000,2246,8175,2245.8,16,0.0,0,0.0,0,0.0,0,0.0,0,2246.2,5,0.0,0,0.0,0,0.0,0,0.0,0
2012-11-09T09:18:26.500,2246.2,8179,2245.8,17,0.0,0,0.0,0,0.0,0,0.0,0,2246,1,0.0,0,0.0,0,0.0,0,0.0,0
2012-11-09T09:18:27.250,2245.8,8184,2245.8,15,0.0,0,0.0,0,0.0,0,0.0,0,2246.2,3,0.0,0,0.0,0,0.0,0,0.0,0
2012-11-09T09:18:28.250,2245.8,8185,2245.8,14,0.0,0,0.0,0,0.0,0,0.0,0,2246,1,0.0,0,0.0,0,0.0,0,0.0,0
2012-11-09T09:18:29.250,2245.8,8191,2245.8,8,0.0,0,0.0,0,0.0,0,0.0,0,2246,1,0.0,0,0.0,0,0.0,0,0.0,0
2012-11-09T09:18:30.000,2246,8196,2245.8,8,0.0,0,0.0,0,0.0,0,0.0,0,2246,6,0.0,0,0.0,0,0.0,0,0.0,0
2012-11-09T09:18:30.500,2245.8,8197,2245.8,7,0.0,0,0.0,0,0.0,0,0.0,0,2246,6,0.0,0,0.0,0,0.0,0,0.0,0
2012-11-09T09:18:31.000,2245.8,8198,2245.8,6,0.0,0,0.0,0,0.0,0,0.0,0,2246,6,0.0,0,0.0,0,0.0,0,0.0,0
2012-11-09T09:18:31.500,2245.8,8200,2245.8,4,0.0,0,0.0,0,0.0,0,0.0,0,2246,6,0.0,0,0.0,0,0.0,0,0.0,0
2012-11-09T09:18:32.000,2245.8,8204,2245.6,16,0.0,0,0.0,0,0.0,0,0.0,0,2246,7,0.0,0,0.0,0,0.0,0,0.0,0
2012-11-09T09:18:32.500,2245.6,8205,2245.6,15,0.0,0,0.0,0,0.0,0,0.0,0,2245.8,1,0.0,0,0.0,0,0.0,0,0.0,0
2012-11-09T09:18:33.000,2245.6,8206,2245.6,14,0.0,0,0.0,0,0.0,0,0.0,0,2245.8,1,0.0,0,0.0,0,0.0,0,0.0,0
2012-11-09T09:18:33.500,2245.8,8207,2245.6,14,0.0,0,0.0,0,0.0,0,0.0,0,2246,10,0.0,0,0.0,0,0.0,0,0.0,0
2012-11-09T09:18:34.000,2245.6,8208,2245.6,13,0.0,0,0.0,0,0.0,0,0.0,0,2245.8,2,0.0,0,0.0,0,0.0,0,0.0,0
2012-11-09T09:18:34.500,2245.6,8211,2245.6,11,0.0,0,0.0,0,0.0,0,0.0,0,2245.8,1,0.0,0,0.0,0,0.0,0,0.0,0
2012-11-09T09:18:35.000,2245.6,8212,2245.6,10,0.0,0,0.0,0,0.0,0,0.0,0,2245.8,5,0.0,0,0.0,0,0.0,0,0.0,0
2012-11-09T09:18:35.500,2246,8226,2245.8,6,0.0,0,0.0,0,0.0,0,0.0,0,2246,10,0.0,0,0.0,0,0.0,0,0.0,0
2012-11-09T09:18:36.000,2245.8,8231,2245.8,1,0.0,0,0.0,0,0.0,0,0.0,0,2246,10,0.0,0,0.0,0,0.0,0,0.0,0
2012-11-09T09:18:36.500,2245.8,8232,2245.6,4,0.0,0,0.0,0,0.0,0,0.0,0,2245.8,2,0.0,0,0.0,0,0.0,0,0.0,0
2012-11-09T09:18:37.000,2245.8,8235,2245.8,3,0.0,0,0.0,0,0.0,0,0.0,0,2246,12,0.0,0,0.0,0,0.0,0,0.0,0
2012-11-09T09:18:37.500,2245.8,8239,2245.6,7,0.0,0,0.0,0,0.0,0,0.0,0,2245.8,1,0.0,0,0.0,0,0.0,0,0.0,0
2012-11-09T09:18:38.000,2245.8,8241,2245.6,7,0.0,0,0.0,0,0.0,0,0.0,0,2245.8,9,0.0,0,0.0,0,0.0,0,0.0,0
2012-11-09T09:18:38.500,2245.4,8266,2245.2,17,0.0,0,0.0,0,0.0,0,0.0,0,2245.4,3,0.0,0,0.0,0,0.0,0,0.0,0
2012-11-09T09:18:39.000,2245,8288,2245,63,0.0,0,0.0,0,0.0,0,0.0,0,2245.4,1,0.0,0,0.0,0,0.0,0,0.0,0
2012-11-09T09:18:39.500,2245,8292,2245,60,0.0,0,0.0,0,0.0,0,0.0,0,2245.4,1,0.0,0,0.0,0,0.0,0,0.0,0
2012-11-09T09:18:40.000,2245,8303,2245,52,0.0,0,0.0,0,0.0,0,0.0,0,2245.8,9,0.0,0,0.0,0,0.0,0,0.0,0
2012-11-09T09:18:40.500,2245.6,8310,2245.4,1,0.0,0,0.0,0,0.0,0,0.0,0,2245.6,1,0.0,0,0.0,0,0.0,0,0.0,0
2012-11-09T09:18:41.250,2245.4,8311,2245.2,24,0.0,0,0.0,0,0.0,0,0.0,0,2245.6,1,0.0,0,0.0,0,0.0,0,0.0,0
2012-11-09T09:18:42.000,2245.2,8313,2245.6,4,0.0,0,0.0,0,0.0,0,0.0,0,2245.8,9,0.0,0,0.0,0,0.0,0,0.0,0
2012-11-09T09:18:42.500,2245.4,8318,2245.6,2,0.0,0,0.0,0,0.0,0,0.0,0,2245.8,10,0.0,0,0.0,0,0.0,0,0.0,0
2012-11-09T09:18:43.000,2245.8,8322,2245.6,9,0.0,0,0.0,0,0.0,0,0.0,0,2245.8,10,0.0,0,0.0,0,0.0,0,0.0,0
2012-11-09T09:18:43.500,2245.8,8324,2245.4,2,0.0,0,0.0,0,0.0,0,0.0,0,2245.6,1,0.0,0,0.0,0,0.0,0,0.0,0
2012-11-09T09:18:45.000,2245.4,8326,2245.4,1,0.0,0,0.0,0,0.0,0,0.0,0,2245.6,3,0.0,0,0.0,0,0.0,0,0.0,0
2012-11-09T09:18:45.500,2245.4,8327,2245.2,17,0.0,0,0.0,0,0.0,0,0.0,0,2245.4,13,0.0,0,0.0,0,0.0,0,0.0,0
2012-11-09T09:18:47.250,2245.4,8331,2245.2,17,0.0,0,0.0,0,0.0,0,0.0,0,2245.4,16,0.0,0,0.0,0,0.0,0,0.0,0
2012-11-09T09:18:48.250,2245.2,8338,2245.2,17,0.0,0,0.0,0,0.0,0,0.0,0,2245.4,11,0.0,0,0.0,0,0.0,0,0.0,0
2012-11-09T09:18:49.000,2245.4,8339,2245.2,19,0.0,0,0.0,0,0.0,0,0.0,0,2245.4,11,0.0,0,0.0,0,0.0,0,0.0,0
2012-11-09T09:18:49.500,2245.2,8340,2245.2,18,0.0,0,0.0,0,0.0,0,0.0,0,2245.4,11,0.0,0,0.0,0,0.0,0,0.0,0
2012-11-09T09:18:50.250,2245.2,8346,2245.2,14,0.0,0,0.0,0,0.0,0,0.0,0,2245.4,13,0.0,0,0.0,0,0.0,0,0.0,0
2012-11-09T09:18:51.250,2245.2,8347,2245.2,13,0.0,0,0.0,0,0.0,0,0.0,0,2245.4,15,0.0,0,0.0,0,0.0,0,0.0,0
2012-11-09T09:18:52.000,2245.4,8350,2245.2,10,0.0,0,0.0,0,0.0,0,0.0,0,2245.4,13,0.0,0,0.0,0,0.0,0,0.0,0
2012-11-09T09:18:52.500,2245.2,8361,2245,64,0.0,0,0.0,0,0.0,0,0.0,0,2245.4,13,0.0,0,0.0,0,0.0,0,0.0,0
2012-11-09T09:18:53.250,2245.2,8362,2245,64,0.0,0,0.0,0,0.0,0,0.0,0,2245.2,4,0.0,0,0.0,0,0.0,0,0.0,0
2012-11-09T09:18:54.000,2245,8417,2245,25,0.0,0,0.0,0,0.0,0,0.0,0,2245.4,15,0.0,0,0.0,0,0.0,0,0.0,0
2012-11-09T09:18:54.500,2245,8424,2245,20,0.0,0,0.0,0,0.0,0,0.0,0,2245.2,5,0.0,0,0.0,0,0.0,0,0.0,0
2012-11-09T09:18:55.000,2245,8448,2244.8,16,0.0,0,0.0,0,0.0,0,0.0,0,2245,73,0.0,0,0.0,0,0.0,0,0.0,0
2012-11-09T09:18:55.500,2244.6,8479,2244.6,1,0.0,0,0.0,0,0.0,0,0.0,0,2244.8,21,0.0,0,0.0,0,0.0,0,0.0,0
2012-11-09T09:18:56.000,2244.6,8482,2244.4,38,0.0,0,0.0,0,0.0,0,0.0,0,2244.6,53,0.0,0,0.0,0,0.0,0,0.0,0
2012-11-09T09:18:56.500,2244.4,8523,2244.4,13,0.0,0,0.0,0,0.0,0,0.0,0,2244.6,49,0.0,0,0.0,0,0.0,0,0.0,0
2012-11-09T09:18:57.000,2244.4,8528,2244.4,9,0.0,0,0.0,0,0.0,0,0.0,0,2244.6,46,0.0,0,0.0,0,0.0,0,0.0,0
2012-11-09T09:18:57.500,2244.4,8537,2244.4,1,0.0,0,0.0,0,0.0,0,0.0,0,2244.6,10,0.0,0,0.0,0,0.0,0,0.0,0
2012-11-09T09:18:58.000,2244.4,8546,2244.4,5,0.0,0,0.0,0,0.0,0,0.0,0,2244.6,2,0.0,0,0.0,0,0.0,0,0.0,0
2012-11-09T09:18:58.500,2244.6,8554,2244.6,10,0.0,0,0.0,0,0.0,0,0.0,0,2244.8,5,0.0,0,0.0,0,0.0,0,0.0,0
2012-11-09T09:18:59.000,2244.8,8559,2244.6,8,0.0,0,0.0,0,0.0,0,0.0,0,2244.8,2,0.0,0,0.0,0,0.0,0,0.0,0
2012-11-09T09:18:59.500,2244.6,8564,2244.6,20,0.0,0,0.0,0,0.0,0,0.0,0,2244.8,1,0.0,0,0.0,0,0.0,0,0.0,0
2012-11-09T09:19:00.000,2244.8,8570,2244.6,18,0.0,0,0.0,0,0.0,0,0.0,0,2245,51,0.0,0,0.0,0,0.0,0,0.0,0
2012-11-09T09:19:00.500,2244.6,8581,2244.6,15,0.0,0,0.0,0,0.0,0,0.0,0,2245,50,0.0,0,0.0,0,0.0,0,0.0,0
2012-11-09T09:19:01.000,2244.4,8616,2244.4,5,0.0,0,0.0,0,0.0,0,0.0,0,2244.6,20,0.0,0,0.0,0,0.0,0,0.0,0
2012-11-09T09:19:01.500,2244.4,8632,2244.2,33,0.0,0,0.0,0,0.0,0,0.0,0,2244.4,11,0.0,0,0.0,0,0.0,0,0.0,0
2012-11-09T09:19:02.000,2244.2,8654,2244.2,16,0.0,0,0.0,0,0.0,0,0.0,0,2244.4,7,0.0,0,0.0,0,0.0,0,0.0,0
2012-11-09T09:19:02.500,2244.2,8670,2244.2,4,0.0,0,0.0,0,0.0,0,0.0,0,2244.4,8,0.0,0,0.0,0,0.0,0,0.0,0
2012-11-09T09:19:03.000,2244.2,8676,2244.2,1,0.0,0,0.0,0,0.0,0,0.0,0,2244.4,7,0.0,0,0.0,0,0.0,0,0.0,0
2012-11-09T09:19:03.500,2244.2,8679,2244,46,0.0,0,0.0,0,0.0,0,0.0,0,2244.2,2,0.0,0,0.0,0,0.0,0,0.0,0
2012-11-09T09:19:04.000,2244.2,8683,2244,46,0.0,0,0.0,0,0.0,0,0.0,0,2244.2,1,0.0,0,0.0,0,0.0,0,0.0,0
2012-11-09T09:19:04.500,2244.2,8715,2244,22,0.0,0,0.0,0,0.0,0,0.0,0,2244.2,2,0.0,0,0.0,0,0.0,0,0.0,0
2012-11-09T09:19:05.000,2244.4,8724,2244.2,4,0.0,0,0.0,0,0.0,0,0.0,0,2244.4,1,0.0,0,0.0,0,0.0,0,0.0,0
2012-11-09T09:19:05.500,2244.4,8731,2244.2,5,0.0,0,0.0,0,0.0,0,0.0,0,2244.6,24,0.0,0,0.0,0,0.0,0,0.0,0
2012-11-09T09:19:06.000,2244.6,8738,2244.4,6,0.0,0,0.0,0,0.0,0,0.0,0,2244.6,23,0.0,0,0.0,0,0.0,0,0.0,0
2012-11-09T09:19:06.500,2244.4,8739,2244.4,5,0.0,0,0.0,0,0.0,0,0.0,0,2244.6,23,0.0,0,0.0,0,0.0,0,0.0,0
2012-11-09T09:19:07.000,2244.2,8751,2244.2,5,0.0,0,0.0,0,0.0,0,0.0,0,2244.4,19,0.0,0,0.0,0,0.0,0,0.0,0
2012-11-09T09:19:07.500,2244.2,8756,2244.2,3,0.0,0,0.0,0,0.0,0,0.0,0,2244.4,18,0.0,0,0.0,0,0.0,0,0.0,0
2012-11-09T09:19:08.000,2244.4,8763,2244.2,5,0.0,0,0.0,0,0.0,0,0.0,0,2244.4,16,0.0,0,0.0,0,0.0,0,0.0,0
2012-11-09T09:19:08.500,2244.4,8780,2244.2,5,0.0,0,0.0,0,0.0,0,0.0,0,2244.4,6,0.0,0,0.0,0,0.0,0,0.0,0
2012-11-09T09:19:09.000,2244.4,8795,2244.2,6,0.0,0,0.0,0,0.0,0,0.0,0,2244.4,21,0.0,0,0.0,0,0.0,0,0.0,0
2012-11-09T09:19:09.500,2244.4,8803,2244,31,0.0,0,0.0,0,0.0,0,0.0,0,2244.4,21,0.0,0,0.0,0,0.0,0,0.0,0
2012-11-09T09:19:10.000,2244.2,8823,2244,24,0.0,0,0.0,0,0.0,0,0.0,0,2244.4,13,0.0,0,0.0,0,0.0,0,0.0,0
2012-11-09T09:19:10.500,2244.4,8833,2244,20,0.0,0,0.0,0,0.0,0,0.0,0,2244.2,1,0.0,0,0.0,0,0.0,0,0.0,0
2012-11-09T09:19:11.000,2244,8838,2244,15,0.0,0,0.0,0,0.0,0,0.0,0,2244.2,2,0.0,0,0.0,0,0.0,0,0.0,0
2012-11-09T09:19:11.500,2244,8845,2244,9,0.0,0,0.0,0,0.0,0,0.0,0,2244.2,7,0.0,0,0.0,0,0.0,0,0.0,0
2012-11-09T09:19:12.000,2244,8874,2243.8,74,0.0,0,0.0,0,0.0,0,0.0,0,2244,11,0.0,0,0.0,0,0.0,0,0.0,0
2012-11-09T09:19:12.500,2243.8,8958,2243.6,14,0.0,0,0.0,0,0.0,0,0.0,0,2243.8,9,0.0,0,0.0,0,0.0,0,0.0,0
2012-11-09T09:19:13.000,2243.6,8959,2243.6,13,0.0,0,0.0,0,0.0,0,0.0,0,2243.8,10,0.0,0,0.0,0,0.0,0,0.0,0
2012-11-09T09:19:13.500,2243.6,8965,2243.6,7,0.0,0,0.0,0,0.0,0,0.0,0,2243.8,13,0.0,0,0.0,0,0.0,0,0.0,0
2012-11-09T09:19:14.000,2243.2,9024,2243.2,13,0.0,0,0.0,0,0.0,0,0.0,0,2243.4,33,0.0,0,0.0,0,0.0,0,0.0,0
2012-11-09T09:19:14.500,2243.2,9049,2243.2,2,0.0,0,0.0,0,0.0,0,0.0,0,2243.4,25,0.0,0,0.0,0,0.0,0,0.0,0
2012-11-09T09:19:15.000,2243,9056,2243,46,0.0,0,0.0,0,0.0,0,0.0,0,2243.2,16,0.0,0,0.0,0,0.0,0,0.0,0
2012-11-09T09:19:15.500,2243,9086,2243,31,0.0,0,0.0,0,0.0,0,0.0,0,2243.2,3,0.0,0,0.0,0,0.0,0,0.0,0
2012-11-09T09:19:16.000,2242.4,9131,2242.2,15,0.0,0,0.0,0,0.0,0,0.0,0,2243,58,0.0,0,0.0,0,0.0,0,0.0,0
2012-11-09T09:19:16.500,2242.2,9169,2242.2,3,0.0,0,0.0,0,0.0,0,0.0,0,2242.4,10,0.0,0,0.0,0,0.0,0,0.0,0
2012-11-09T09:19:17.000,2242.2,9206,2242,13,0.0,0,0.0,0,0.0,0,0.0,0,2242.2,4,0.0,0,0.0,0,0.0,0,0.0,0
2012-11-09T09:19:17.500,2242.2,9282,2241.6,54,0.0,0,0.0,0,0.0,0,0.0,0,2242.2,32,0.0,0,0.0,0,0.0,0,0.0,0
2012-11-09T09:19:18.000,2241.8,9335,2241.8,28,0.0,0,0.0,0,0.0,0,0.0,0,2242.2,30,0.0,0,0.0,0,0.0,0,0.0,0
2012-11-09T09:19:18.500,2242.2,9396,2242,30,0.0,0,0.0,0,0.0,0,0.0,0,2242.2,8,0.0,0,0.0,0,0.0,0,0.0,0
2012-11-09T09:19:19.000,2242.4,9482,2242.4,26,0.0,0,0.0,0,0.0,0,0.0,0,2243,10,0.0,0,0.0,0,0.0,0,0.0,0
2012-11-09T09:19:19.500,2242.8,9507,2242.6,16,0.0,0,0.0,0,0.0,0,0.0,0,2242.8,3,0.0,0,0.0,0,0.0,0,0.0,0
2012-11-09T09:19:20.000,2242.8,9550,2242.4,47,0.0,0,0.0,0,0.0,0,0.0,0,2243,1,0.0,0,0.0,0,0.0,0,0.0,0
2012-11-09T09:19:20.500,2243,9568,2243,37,0.0,0,0.0,0,0.0,0,0.0,0,2243.2,11,0.0,0,0.0,0,0.0,0,0.0,0
2012-11-09T09:19:21.000,2243.2,9608,2243.2,2,0.0,0,0.0,0,0.0,0,0.0,0,2243.4,1,0.0,0,0.0,0,0.0,0,0.0,0
2012-11-09T09:19:21.500,2243.2,9658,2243.4,1,0.0,0,0.0,0,0.0,0,0.0,0,2243.6,11,0.0,0,0.0,0,0.0,0,0.0,0
2012-11-09T09:19:22.000,2243.8,9694,2243.6,2,0.0,0,0.0,0,0.0,0,0.0,0,2243.8,4,0.0,0,0.0,0,0.0,0,0.0,0
2012-11-09T09:19:22.500,2243.4,9722,2243.4,66,0.0,0,0.0,0,0.0,0,0.0,0,2243.6,2,0.0,0,0.0,0,0.0,0,0.0,0
2012-11-09T09:19:23.000,2243.6,9730,2243.6,4,0.0,0,0.0,0,0.0,0,0.0,0,2243.8,1,0.0,0,0.0,0,0.0,0,0.0,0
2012-11-09T09:19:23.500,2243.6,9740,2243.6,14,0.0,0,0.0,0,0.0,0,0.0,0,2244,25,0.0,0,0.0,0,0.0,0,0.0,0
2012-11-09T09:19:24.000,2243.8,9744,2243.8,2,0.0,0,0.0,0,0.0,0,0.0,0,2244,25,0.0,0,0.0,0,0.0,0,0.0,0
2012-11-09T09:19:24.500,2244,9757,2243.8,3,0.0,0,0.0,0,0.0,0,0.0,0,2244,24,0.0,0,0.0,0,0.0,0,0.0,0
2012-11-09T09:19:25.000,2244,9782,2243.6,10,0.0,0,0.0,0,0.0,0,0.0,0,2243.8,1,0.0,0,0.0,0,0.0,0,0.0,0
2012-11-09T09:19:25.500,2243.8,9796,2243.8,10,0.0,0,0.0,0,0.0,0,0.0,0,2244,12,0.0,0,0.0,0,0.0,0,0.0,0
2012-11-09T09:19:26.000,2243.8,9802,2243.8,7,0.0,0,0.0,0,0.0,0,0.0,0,2244,11,0.0,0,0.0,0,0.0,0,0.0,0
2012-11-09T09:19:26.500,2243.8,9811,2243.6,16,0.0,0,0.0,0,0.0,0,0.0,0,2244,13,0.0,0,0.0,0,0.0,0,0.0,0
2012-11-09T09:19:27.000,2244,9825,2244,34,0.0,0,0.0,0,0.0,0,0.0,0,2244.2,9,0.0,0,0.0,0,0.0,0,0.0,0
2012-11-09T09:19:27.500,2244,9833,2244,26,0.0,0,0.0,0,0.0,0,0.0,0,2244.2,14,0.0,0,0.0,0,0.0,0,0.0,0
2012-11-09T09:19:28.000,2244,9849,2244,23,0.0,0,0.0,0,0.0,0,0.0,0,2244.2,13,0.0,0,0.0,0,0.0,0,0.0,0
2012-11-09T09:19:28.500,2244.2,9869,2244,45,0.0,0,0.0,0,0.0,0,0.0,0,2244.2,17,0.0,0,0.0,0,0.0,0,0.0,0
2012-11-09T09:19:29.000,2244.2,9895,2244,22,0.0,0,0.0,0,0.0,0,0.0,0,2244.2,16,0.0,0,0.0,0,0.0,0,0.0,0
2012-11-09T09:19:29.500,2244,9925,2243.8,1,0.0,0,0.0,0,0.0,0,0.0,0,2244,2,0.0,0,0.0,0,0.0,0,0.0,0
2012-11-09T09:19:30.000,2244,9939,2243.6,8,0.0,0,0.0,0,0.0,0,0.0,0,2244,4,0.0,0,0.0,0,0.0,0,0.0,0
2012-11-09T09:19:30.500,2244,9951,2243.6,7,0.0,0,0.0,0,0.0,0,0.0,0,2244,12,0.0,0,0.0,0,0.0,0,0.0,0
2012-11-09T09:19:31.250,2243.6,9963,2243.6,7,0.0,0,0.0,0,0.0,0,0.0,0,2244,16,0.0,0,0.0,0,0.0,0,0.0,0
2012-11-09T09:19:32.250,2243.6,9966,2243.6,4,0.0,0,0.0,0,0.0,0,0.0,0,2244,19,0.0,0,0.0,0,0.0,0,0.0,0
2012-11-09T09:19:33.000,2244,9968,2243.8,5,0.0,0,0.0,0,0.0,0,0.0,0,2244,18,0.0,0,0.0,0,0.0,0,0.0,0
2012-11-09T09:19:33.500,2244,9989,2243.8,4,0.0,0,0.0,0,0.0,0,0.0,0,2244,21,0.0,0,0.0,0,0.0,0,0.0,0
2012-11-09T09:19:34.000,2244,9995,2243.6,33,0.0,0,0.0,0,0.0,0,0.0,0,2244,20,0.0,0,0.0,0,0.0,0,0.0,0
2012-11-09T09:19:34.500,2243.6,10033,2243.4,78,0.0,0,0.0,0,0.0,0,0.0,0,2243.6,22,0.0,0,0.0,0,0.0,0,0.0,0
2012-11-09T09:19:35.000,2243.6,10060,2243.4,60,0.0,0,0.0,0,0.0,0,0.0,0,2243.6,16,0.0,0,0.0,0,0.0,0,0.0,0
2012-11-09T09:19:35.500,2243.6,10085,2243.4,59,0.0,0,0.0,0,0.0,0,0.0,0,2243.6,2,0.0,0,0.0,0,0.0,0,0.0,0
2012-11-09T09:19:36.000,2244,10091,2243.6,3,0.0,0,0.0,0,0.0,0,0.0,0,2244,22,0.0,0,0.0,0,0.0,0,0.0,0
2012-11-09T09:19:36.500,2243.6,10094,2243.6,13,0.0,0,0.0,0,0.0,0,0.0,0,2244,30,0.0,0,0.0,0,0.0,0,0.0,0
2012-11-09T09:19:37.000,2244,10142,2244,7,0.0,0,0.0,0,0.0,0,0.0,0,2244.2,22,0.0,0,0.0,0,0.0,0,0.0,0
2012-11-09T09:19:37.500,2244.2,10144,2244,13,0.0,0,0.0,0,0.0,0,0.0,0,2244.2,21,0.0,0,0.0,0,0.0,0,0.0,0
2012-11-09T09:19:38.000,2244.2,10151,2244,12,0.0,0,0.0,0,0.0,0,0.0,0,2244.2,16,0.0,0,0.0,0,0.0,0,0.0,0
2012-11-09T09:19:38.500,2244.2,10171,2244.2,45,0.0,0,0.0,0,0.0,0,0.0,0,2244.4,16,0.0,0,0.0,0,0.0,0,0.0,0
2012-11-09T09:19:39.000,2244.4,10172,2244.2,45,0.0,0,0.0,0,0.0,0,0.0,0,2244.4,15,0.0,0,0.0,0,0.0,0,0.0,0
2012-11-09T09:19:39.500,2244.2,10198,2244.2,24,0.0,0,0.0,0,0.0,0,0.0,0,2244.4,14,0.0,0,0.0,0,0.0,0,0.0,0
2012-11-09T09:19:40.000,2244.2,10204,2244.2,21,0.0,0,0.0,0,0.0,0,0.0,0,2244.4,11,0.0,0,0.0,0,0.0,0,0.0,0
2012-11-09T09:19:40.500,2244.6,10219,2244.4,7,0.0,0,0.0,0,0.0,0,0.0,0,2244.6,11,0.0,0,0.0,0,0.0,0,0.0,0
2012-11-09T09:19:41.000,2244.6,10225,2244.4,5,0.0,0,0.0,0,0.0,0,0.0,0,2244.6,22,0.0,0,0.0,0,0.0,0,0.0,0
2012-11-09T09:19:41.500,2244.6,10242,2244.4,2,0.0,0,0.0,0,0.0,0,0.0,0,2244.6,8,0.0,0,0.0,0,0.0,0,0.0,0
2012-11-09T09:19:42.000,2244.2,10257,2244.2,14,0.0,0,0.0,0,0.0,0,0.0,0,2244.4,1,0.0,0,0.0,0,0.0,0,0.0,0
2012-11-09T09:19:42.500,2244.4,10263,2244.2,15,0.0,0,0.0,0,0.0,0,0.0,0,2244.6,9,0.0,0,0.0,0,0.0,0,0.0,0
2012-11-09T09:19:43.000,2244.2,10267,2244.2,11,0.0,0,0.0,0,0.0,0,0.0,0,2244.6,9,0.0,0,0.0,0,0.0,0,0.0,0
2012-11-09T09:19:43.500,2244.2,10270,2244.2,10,0.0,0,0.0,0,0.0,0,0.0,0,2244.6,9,0.0,0,0.0,0,0.0,0,0.0,0
2012-11-09T09:19:44.250,2244.2,10279,2244.2,2,0.0,0,0.0,0,0.0,0,0.0,0,2244.6,22,0.0,0,0.0,0,0.0,0,0.0,0
2012-11-09T09:19:45.000,2244.6,10290,2244.2,1,0.0,0,0.0,0,0.0,0,0.0,0,2244.4,1,0.0,0,0.0,0,0.0,0,0.0,0
2012-11-09T09:19:45.500,2244,10294,2244,14,0.0,0,0.0,0,0.0,0,0.0,0,2244.2,1,0.0,0,0.0,0,0.0,0,0.0,0
2012-11-09T09:19:46.000,2244,10302,2244,8,0.0,0,0.0,0,0.0,0,0.0,0,2244.4,1,0.0,0,0.0,0,0.0,0,0.0,0
2012-11-09T09:19:46.500,2244.2,10306,2244.2,2,0.0,0,0.0,0,0.0,0,0.0,0,2244.4,8,0.0,0,0.0,0,0.0,0,0.0,0
2012-11-09T09:19:47.250,2244.2,10308,2244.2,2,0.0,0,0.0,0,0.0,0,0.0,0,2244.4,32,0.0,0,0.0,0,0.0,0,0.0,0
2012-11-09T09:19:48.000,2244,10311,2244,7,0.0,0,0.0,0,0.0,0,0.0,0,2244.2,22,0.0,0,0.0,0,0.0,0,0.0,0
2012-11-09T09:19:48.500,2244.2,10312,2244,7,0.0,0,0.0,0,0.0,0,0.0,0,2244.2,37,0.0,0,0.0,0,0.0,0,0.0,0
2012-11-09T09:19:49.000,2244,10334,2244,4,0.0,0,0.0,0,0.0,0,0.0,0,2244.2,32,0.0,0,0.0,0,0.0,0,0.0,0
2012-11-09T09:19:49.500,2244,10338,2243.8,41,0.0,0,0.0,0,0.0,0,0.0,0,2244,5,0.0,0,0.0,0,0.0,0,0.0,0
2012-11-09T09:19:50.000,2243.8,10342,2243.8,40,0.0,0,0.0,0,0.0,0,0.0,0,2244,72,0.0,0,0.0,0,0.0,0,0.0,0
2012-11-09T09:19:50.500,2244,10366,2243.8,17,0.0,0,0.0,0,0.0,0,0.0,0,2244,64,0.0,0,0.0,0,0.0,0,0.0,0
2012-11-09T09:19:51.000,2243.8,10384,2243.6,64,0.0,0,0.0,0,0.0,0,0.0,0,2243.8,33,0.0,0,0.0,0,0.0,0,0.0,0
2012-11-09T09:19:51.500,2243.8,10389,2243.6,61,0.0,0,0.0,0,0.0,0,0.0,0,2243.8,43,0.0,0,0.0,0,0.0,0,0.0,0
2012-11-09T09:19:52.000,2243.6,10392,2243.6,59,0.0,0,0.0,0,0.0,0,0.0,0,2243.8,42,0.0,0,0.0,0,0.0,0,0.0,0
2012-11-09T09:19:52.500,2243.8,10401,2243.6,54,0.0,0,0.0,0,0.0,0,0.0,0,2243.8,38,0.0,0,0.0,0,0.0,0,0.0,0
2012-11-09T09:19:53.000,2243.6,10403,2243.6,52,0.0,0,0.0,0,0.0,0,0.0,0,2243.8,39,0.0,0,0.0,0,0.0,0,0.0,0
2012-11-09T09:19:53.500,2243.8,10408,2243.6,49,0.0,0,0.0,0,0.0,0,0.0,0,2243.8,38,0.0,0,0.0,0,0.0,0,0.0,0
2012-11-09T09:19:54.000,2243.8,10409,2243.6,49,0.0,0,0.0,0,0.0,0,0.0,0,2243.8,43,0.0,0,0.0,0,0.0,0,0.0,0
2012-11-09T09:19:54.500,2243.6,10484,2243.4,68,0.0,0,0.0,0,0.0,0,0.0,0,2243.6,2,0.0,0,0.0,0,0.0,0,0.0,0
2012-11-09T09:19:55.000,2243.6,10486,2243.4,68,0.0,0,0.0,0,0.0,0,0.0,0,2243.6,15,0.0,0,0.0,0,0.0,0,0.0,0
2012-11-09T09:19:55.500,2243.6,10501,2243.6,5,0.0,0,0.0,0,0.0,0,0.0,0,2243.8,5,0.0,0,0.0,0,0.0,0,0.0,0
2012-11-09T09:19:56.000,2243.6,10504,2243.6,3,0.0,0,0.0,0,0.0,0,0.0,0,2243.8,6,0.0,0,0.0,0,0.0,0,0.0,0
2012-11-09T09:19:56.500,2243.8,10510,2243.6,18,0.0,0,0.0,0,0.0,0,0.0,0,2243.8,4,0.0,0,0.0,0,0.0,0,0.0,0
2012-11-09T09:19:57.000,2243.6,10515,2243.6,15,0.0,0,0.0,0,0.0,0,0.0,0,2243.8,4,0.0,0,0.0,0,0.0,0,0.0,0
2012-11-09T09:19:57.500,2243.6,10517,2243.6,7,0.0,0,0.0,0,0.0,0,0.0,0,2243.8,8,0.0,0,0.0,0,0.0,0,0.0,0
2012-11-09T09:19:58.000,2243.8,10522,2243.6,13,0.0,0,0.0,0,0.0,0,0.0,0,2243.8,7,0.0,0,0.0,0,0.0,0,0.0,0
2012-11-09T09:19:58.500,2243.8,10531,2243.6,8,0.0,0,0.0,0,0.0,0,0.0,0,2243.8,4,0.0,0,0.0,0,0.0,0,0.0,0
2012-11-09T09:19:59.000,2243.6,10533,2243.6,7,0.0,0,0.0,0,0.0,0,0.0,0,2243.8,4,0.0,0,0.0,0,0.0,0,0.0,0
2012-11-09T09:19:59.500,2243.8,10542,2243.8,8,0.0,0,0.0,0,0.0,0,0.0,0,2244,59,0.0,0,0.0,0,0.0,0,0.0,0
2012-11-09T09:20:00.250,2243.8,10543,2243.8,10,0.0,0,0.0,0,0.0,0,0.0,0,2244,60,0.0,0,0.0,0,0.0,0,0.0,0
2012-11-09T09:20:01.000,2243.8,10570,2243.8,4,0.0,0,0.0,0,0.0,0,0.0,0,2244,54,0.0,0,0.0,0,0.0,0,0.0,0
2012-11-09T09:20:01.500,2243.6,10605,2243.6,15,0.0,0,0.0,0,0.0,0,0.0,0,2243.8,2,0.0,0,0.0,0,0.0,0,0.0,0
2012-11-09T09:20:02.000,2243.8,10617,2243.6,13,0.0,0,0.0,0,0.0,0,0.0,0,2243.8,1,0.0,0,0.0,0,0.0,0,0.0,0
2012-11-09T09:20:02.500,2244,10630,2243.6,12,0.0,0,0.0,0,0.0,0,0.0,0,2244,43,0.0,0,0.0,0,0.0,0,0.0,0
2012-11-09T09:20:03.000,2243.6,10634,2243.6,10,0.0,0,0.0,0,0.0,0,0.0,0,2244,44,0.0,0,0.0,0,0.0,0,0.0,0
2012-11-09T09:20:03.500,2244,10637,2243.8,4,0.0,0,0.0,0,0.0,0,0.0,0,2244,42,0.0,0,0.0,0,0.0,0,0.0,0
2012-11-09T09:20:04.000,2243.4,10658,2243.6,2,0.0,0,0.0,0,0.0,0,0.0,0,2243.8,1,0.0,0,0.0,0,0.0,0,0.0,0
2012-11-09T09:20:04.500,2243.8,10662,2243.6,1,0.0,0,0.0,0,0.0,0,0.0,0,2243.8,1,0.0,0,0.0,0,0.0,0,0.0,0
2012-11-09T09:20:05.000,2243.8,10669,2243.6,9,0.0,0,0.0,0,0.0,0,0.0,0,2243.8,3,0.0,0,0.0,0,0.0,0,0.0,0
2012-11-09T09:20:05.500,2244,10675,2243.6,9,0.0,0,0.0,0,0.0,0,0.0,0,2243.8,1,0.0,0,0.0,0,0.0,0,0.0,0
2012-11-09T09:20:06.000,2244,10678,2243.8,2,0.0,0,0.0,0,0.0,0,0.0,0,2244,39,0.0,0,0.0,0,0.0,0,0.0,0
2012-11-09T09:20:06.500,2244,10679,2243.8,3,0.0,0,0.0,0,0.0,0,0.0,0,2244,38,0.0,0,0.0,0,0.0,0,0.0,0
2012-11-09T09:20:07.000,2244,10707,2243.8,8,0.0,0,0.0,0,0.0,0,0.0,0,2244,11,0.0,0,0.0,0,0.0,0,0.0,0
2012-11-09T09:20:07.500,2244,10723,2244,4,0.0,0,0.0,0,0.0,0,0.0,0,2244.2,33,0.0,0,0.0,0,0.0,0,0.0,0
2012-11-09T09:20:08.000,2244.2,10727,2244,19,0.0,0,0.0,0,0.0,0,0.0,0,2244.2,32,0.0,0,0.0,0,0.0,0,0.0,0
2012-11-09T09:20:08.500,2244.2,10738,2244,17,0.0,0,0.0,0,0.0,0,0.0,0,2244.2,29,0.0,0,0.0,0,0.0,0,0.0,0
2012-11-09T09:20:09.000,2244.2,10755,2244,31,0.0,0,0.0,0,0.0,0,0.0,0,2244.2,13,0.0,0,0.0,0,0.0,0,0.0,0
2012-11-09T09:20:09.500,2244.2,10761,2244,32,0.0,0,0.0,0,0.0,0,0.0,0,2244.2,6,0.0,0,0.0,0,0.0,0,0.0,0
2012-11-09T09:20:10.000,2244.4,10772,2244.2,1,0.0,0,0.0,0,0.0,0,0.0,0,2244.4,6,0.0,0,0.0,0,0.0,0,0.0,0
2012-11-09T09:20:10.500,2244.4,10776,2244.2,2,0.0,0,0.0,0,0.0,0,0.0,0,2244.4,4,0.0,0,0.0,0,0.0,0,0.0,0
2012-11-09T09:20:11.000,2244.2,10782,2244.4,2,0.0,0,0.0,0,0.0,0,0.0,0,2244.6,31,0.0,0,0.0,0,0.0,0,0.0,0
2012-11-09T09:20:11.500,2244.6,10790,2244.2,12,0.0,0,0.0,0,0.0,0,0.0,0,2244.6,27,0.0,0,0.0,0,0.0,0,0.0,0
2012-11-09T09:20:12.000,2244.4,10839,2244.4,1,0.0,0,0.0,0,0.0,0,0.0,0,2244.6,25,0.0,0,0.0,0,0.0,0,0.0,0
2012-11-09T09:20:12.500,2244.4,10842,2244.2,11,0.0,0,0.0,0,0.0,0,0.0,0,2244.4,8,0.0,0,0.0,0,0.0,0,0.0,0
2012-11-09T09:20:13.250,2244.2,10846,2244.2,9,0.0,0,0.0,0,0.0,0,0.0,0,2244.4,14,0.0,0,0.0,0,0.0,0,0.0,0
2012-11-09T09:20:14.000,2244.2,10850,2244.2,8,0.0,0,0.0,0,0.0,0,0.0,0,2244.4,11,0.0,0,0.0,0,0.0,0,0.0,0
2012-11-09T09:20:14.500,2244.4,10856,2244.2,8,0.0,0,0.0,0,0.0,0,0.0,0,2244.4,12,0.0,0,0.0,0,0.0,0,0.0,0
2012-11-09T09:20:15.000,2244.2,10868,2244,4,0.0,0,0.0,0,0.0,0,0.0,0,2244.2,2,0.0,0,0.0,0,0.0,0,0.0,0
2012-11-09T09:20:15.500,2244,10875,2244,4,0.0,0,0.0,0,0.0,0,0.0,0,2244.4,7,0.0,0,0.0,0,0.0,0,0.0,0
2012-11-09T09:20:16.000,2244.4,10892,2244,5,0.0,0,0.0,0,0.0,0,0.0,0,2244.4,11,0.0,0,0.0,0,0.0,0,0.0,0
2012-11-09T09:20:16.500,2244,10895,2244,4,0.0,0,0.0,0,0.0,0,0.0,0,2244.2,2,0.0,0,0.0,0,0.0,0,0.0,0
2012-11-09T09:20:17.000,2244.2,10897,2244,3,0.0,0,0.0,0,0.0,0,0.0,0,2244.2,1,0.0,0,0.0,0,0.0,0,0.0,0
2012-11-09T09:20:17.500,2244.2,10906,2243.8,5,0.0,0,0.0,0,0.0,0,0.0,0,2244.2,5,0.0,0,0.0,0,0.0,0,0.0,0
2012-11-09T09:20:18.000,2244.2,10911,2243.8,3,0.0,0,0.0,0,0.0,0,0.0,0,2244.2,3,0.0,0,0.0,0,0.0,0,0.0,0
2012-11-09T09:20:18.500,2244.2,10927,2244.2,2,0.0,0,0.0,0,0.0,0,0.0,0,2244.4,8,0.0,0,0.0,0,0.0,0,0.0,0
2012-11-09T09:20:19.000,2244,10930,2243.8,11,0.0,0,0.0,0,0.0,0,0.0,0,2244.4,8,0.0,0,0.0,0,0.0,0,0.0,0
2012-11-09T09:20:19.500,2244.4,10942,2244.4,4,0.0,0,0.0,0,0.0,0,0.0,0,2244.6,29,0.0,0,0.0,0,0.0,0,0.0,0
2012-11-09T09:20:20.000,2244.4,10943,2244.4,3,0.0,0,0.0,0,0.0,0,0.0,0,2244.6,29,0.0,0,0.0,0,0.0,0,0.0,0
2012-11-09T09:20:20.500,2244.4,10944,2244.4,2,0.0,0,0.0,0,0.0,0,0.0,0,2244.6,29,0.0,0,0.0,0,0.0,0,0.0,0
2012-11-09T09:20:21.000,2244.6,10948,2244.4,1,0.0,0,0.0,0,0.0,0,0.0,0,2244.6,28,0.0,0,0.0,0,0.0,0,0.0,0
2012-11-09T09:20:21.500,2244.6,10949,2244.4,5,0.0,0,0.0,0,0.0,0,0.0,0,2244.6,27,0.0,0,0.0,0,0.0,0,0.0,0
2012-11-09T09:20:22.000,2244.6,10953,2244.4,5,0.0,0,0.0,0,0.0,0,0.0,0,2244.6,23,0.0,0,0.0,0,0.0,0,0.0,0
2012-11-09T09:20:22.500,2244.4,10956,2244.4,3,0.0,0,0.0,0,0.0,0,0.0,0,2244.6,22,0.0,0,0.0,0,0.0,0,0.0,0
2012-11-09T09:20:23.000,2244.4,10957,2244.4,2,0.0,0,0.0,0,0.0,0,0.0,0,2244.6,22,0.0,0,0.0,0,0.0,0,0.0,0
2012-11-09T09:20:23.500,2244.4,10958,2244.4,1,0.0,0,0.0,0,0.0,0,0.0,0,2244.6,22,0.0,0,0.0,0,0.0,0,0.0,0
2012-11-09T09:20:24.000,2244.4,10959,2244.2,5,0.0,0,0.0,0,0.0,0,0.0,0,2244.6,22,0.0,0,0.0,0,0.0,0,0.0,0
2012-11-09T09:20:24.500,2244.6,10963,2244.2,5,0.0,0,0.0,0,0.0,0,0.0,0,2244.6,20,0.0,0,0.0,0,0.0,0,0.0,0
2012-11-09T09:20:25.250,2244.6,10964,2244.2,5,0.0,0,0.0,0,0.0,0,0.0,0,2244.6,20,0.0,0,0.0,0,0.0,0,0.0,0
2012-11-09T09:20:26.000,2244.6,10967,2244.2,5,0.0,0,0.0,0,0.0,0,0.0,0,2244.6,19,0.0,0,0.0,0,0.0,0,0.0,0
2012-11-09T09:20:26.500,2244.6,10986,2244.6,12,0.0,0,0.0,0,0.0,0,0.0,0,2244.8,45,0.0,0,0.0,0,0.0,0,0.0,0
2012-11-09T09:20:27.000,2244.6,10989,2244.6,9,0.0,0,0.0,0,0.0,0,0.0,0,2244.8,45,0.0,0,0.0,0,0.0,0,0.0,0
2012-11-09T09:20:27.500,2244.6,11003,2244.2,6,0.0,0,0.0,0,0.0,0,0.0,0,2244.6,5,0.0,0,0.0,0,0.0,0,0.0,0
2012-11-09T09:20:28.000,2244.6,11007,2244.2,6,0.0,0,0.0,0,0.0,0,0.0,0,2244.6,2,0.0,0,0.0,0,0.0,0,0.0,0
2012-11-09T09:20:28.500,2244.6,11008,2244.4,5,0.0,0,0.0,0,0.0,0,0.0,0,2244.6,2,0.0,0,0.0,0,0.0,0,0.0,0
2012-11-09T09:20:29.000,2244.6,11011,2244.4,5,0.0,0,0.0,0,0.0,0,0.0,0,2244.6,3,0.0,0,0.0,0,0.0,0,0.0,0
2012-11-09T09:20:29.500,2244.6,11017,2244.4,5,0.0,0,0.0,0,0.0,0,0.0,0,2244.8,42,0.0,0,0.0,0,0.0,0,0.0,0
2012-11-09T09:20:30.000,2244.6,11023,2244.6,2,0.0,0,0.0,0,0.0,0,0.0,0,2244.8,39,0.0,0,0.0,0,0.0,0,0.0,0
2012-11-09T09:20:30.500,2244.6,11025,2244.4,5,0.0,0,0.0,0,0.0,0,0.0,0,2244.6,4,0.0,0,0.0,0,0.0,0,0.0,0
2012-11-09T09:20:31.000,2244.4,11028,2244.4,3,0.0,0,0.0,0,0.0,0,0.0,0,2244.6,6,0.0,0,0.0,0,0.0,0,0.0,0
2012-11-09T09:20:31.500,2244.6,11030,2244.4,5,0.0,0,0.0,0,0.0,0,0.0,0,2244.6,4,0.0,0,0.0,0,0.0,0,0.0,0
2012-11-09T09:20:32.250,2244.6,11038,2244.6,6,0.0,0,0.0,0,0.0,0,0.0,0,2244.8,40,0.0,0,0.0,0,0.0,0,0.0,0
2012-11-09T09:20:33.000,2244.8,11049,2244.6,5,0.0,0,0.0,0,0.0,0,0.0,0,2244.8,31,0.0,0,0.0,0,0.0,0,0.0,0
2012-11-09T09:20:33.500,2244.6,11054,2244.4,8,0.0,0,0.0,0,0.0,0,0.0,0,2244.6,15,0.0,0,0.0,0,0.0,0,0.0,0
2012-11-09T09:20:34.000,2244.6,11074,2244.4,7,0.0,0,0.0,0,0.0,0,0.0,0,2244.6,3,0.0,0,0.0,0,0.0,0,0.0,0
2012-11-09T09:20:34.500,2244.6,11077,2244.6,10,0.0,0,0.0,0,0.0,0,0.0,0,2244.8,31,0.0,0,0.0,0,0.0,0,0.0,0
2012-11-09T09:20:35.250,2244.8,11111,2244.8,3,0.0,0,0.0,0,0.0,0,0.0,0,2245,56,0.0,0,0.0,0,0.0,0,0.0,0
2012-11-09T09:20:36.000,2245,11113,2244.8,3,0.0,0,0.0,0,0.0,0,0.0,0,2245,55,0.0,0,0.0,0,0.0,0,0.0,0
2012-11-09T09:20:36.500,2244.8,11116,2244.8,3,0.0,0,0.0,0,0.0,0,0.0,0,2245,56,0.0,0,0.0,0,0.0,0,0.0,0
2012-11-09T09:20:37.000,2245,11148,2244.8,2,0.0,0,0.0,0,0.0,0,0.0,0,2245,27,0.0,0,0.0,0,0.0,0,0.0,0
2012-11-09T09:20:37.500,2245,11158,2244.6,13,0.0,0,0.0,0,0.0,0,0.0,0,2245,19,0.0,0,0.0,0,0.0,0,0.0,0
2012-11-09T09:20:38.000,2245,11163,2244.8,3,0.0,0,0.0,0,0.0,0,0.0,0,2245,16,0.0,0,0.0,0,0.0,0,0.0,0
2012-11-09T09:20:38.500,2245.2,11189,2245,17,0.0,0,0.0,0,0.0,0,0.0,0,2245.2,3,0.0,0,0.0,0,0.0,0,0.0,0
2012-11-09T09:20:39.000,2245,11207,2245,67,0.0,0,0.0,0,0.0,0,0.0,0,2245.2,3,0.0,0,0.0,0,0.0,0,0.0,0
2012-11-09T09:20:39.500,2245.2,11212,2245.2,15,0.0,0,0.0,0,0.0,0,0.0,0,2245.4,11,0.0,0,0.0,0,0.0,0,0.0,0
2012-11-09T09:20:40.000,2245.4,11223,2245.2,32,0.0,0,0.0,0,0.0,0,0.0,0,2245.6,32,0.0,0,0.0,0,0.0,0,0.0,0
2012-11-09T09:20:40.500,2245.6,11236,2245.4,4,0.0,0,0.0,0,0.0,0,0.0,0,2245.6,20,0.0,0,0.0,0,0.0,0,0.0,0
2012-11-09T09:20:41.000,2245.4,11251,2245.2,21,0.0,0,0.0,0,0.0,0,0.0,0,2245.4,79,0.0,0,0.0,0,0.0,0,0.0,0
2012-11-09T09:20:41.500,2245.4,11264,2245.2,6,0.0,0,0.0,0,0.0,0,0.0,0,2245.4,70,0.0,0,0.0,0,0.0,0,0.0,0
2012-11-09T09:20:42.000,2245.2,11276,2245,74,0.0,0,0.0,0,0.0,0,0.0,0,2245.2,10,0.0,0,0.0,0,0.0,0,0.0,0
2012-11-09T09:20:42.500,2245.2,11285,2245,82,0.0,0,0.0,0,0.0,0,0.0,0,2245.2,11,0.0,0,0.0,0,0.0,0,0.0,0
2012-11-09T09:20:43.000,2245,11290,2245,77,0.0,0,0.0,0,0.0,0,0.0,0,2245.2,15,0.0,0,0.0,0,0.0,0,0.0,0
2012-11-09T09:20:43.500,2245,11328,2245,40,0.0,0,0.0,0,0.0,0,0.0,0,2245.2,15,0.0,0,0.0,0,0.0,0,0.0,0
2012-11-09T09:20:44.000,2245,11331,2245,19,0.0,0,0.0,0,0.0,0,0.0,0,2245.2,14,0.0,0,0.0,0,0.0,0,0.0,0
2012-11-09T09:20:44.500,2245,11338,2245,15,0.0,0,0.0,0,0.0,0,0.0,0,2245.2,19,0.0,0,0.0,0,0.0,0,0.0,0
2012-11-09T09:20:45.000,2245.2,11343,2245,12,0.0,0,0.0,0,0.0,0,0.0,0,2245.2,18,0.0,0,0.0,0,0.0,0,0.0,0
2012-11-09T09:20:45.500,2245,11349,2245,14,0.0,0,0.0,0,0.0,0,0.0,0,2245.2,13,0.0,0,0.0,0,0.0,0,0.0,0
2012-11-09T09:20:46.000,2245.2,11369,2245,11,0.0,0,0.0,0,0.0,0,0.0,0,2245.2,3,0.0,0,0.0,0,0.0,0,0.0,0
2012-11-09T09:20:46.500,2245,11381,2245,2,0.0,0,0.0,0,0.0,0,0.0,0,2245.2,21,0.0,0,0.0,0,0.0,0,0.0,0
2012-11-09T09:20:47.000,2245,11382,2245,7,0.0,0,0.0,0,0.0,0,0.0,0,2245.2,22,0.0,0,0.0,0,0.0,0,0.0,0
2012-11-09T09:20:47.500,2245.2,11414,2245.2,19,0.0,0,0.0,0,0.0,0,0.0,0,2245.4,80,0.0,0,0.0,0,0.0,0,0.0,0
2012-11-09T09:20:48.000,2245.2,11428,2245.2,6,0.0,0,0.0,0,0.0,0,0.0,0,2245.4,81,0.0,0,0.0,0,0.0,0,0.0,0
2012-11-09T09:20:48.500,2245.4,11433,2245.2,3,0.0,0,0.0,0,0.0,0,0.0,0,2245.4,81,0.0,0,0.0,0,0.0,0,0.0,0
2012-11-09T09:20:49.000,2245.4,11440,2245.2,1,0.0,0,0.0,0,0.0,0,0.0,0,2245.4,77,0.0,0,0.0,0,0.0,0,0.0,0
2012-11-09T09:20:49.500,2245.2,11447,2245,13,0.0,0,0.0,0,0.0,0,0.0,0,2245.4,78,0.0,0,0.0,0,0.0,0,0.0,0
2012-11-09T09:20:50.000,2245,11466,2244.8,9,0.0,0,0.0,0,0.0,0,0.0,0,2245,19,0.0,0,0.0,0,0.0,0,0.0,0
2012-11-09T09:20:50.500,2245,11475,2244.8,9,0.0,0,0.0,0,0.0,0,0.0,0,2245,11,0.0,0,0.0,0,0.0,0,0.0,0
2012-11-09T09:20:51.000,2245,11476,2244.8,9,0.0,0,0.0,0,0.0,0,0.0,0,2245,13,0.0,0,0.0,0,0.0,0,0.0,0
2012-11-09T09:20:51.500,2245,11477,2244.8,14,0.0,0,0.0,0,0.0,0,0.0,0,2245,12,0.0,0,0.0,0,0.0,0,0.0,0
2012-11-09T09:20:52.000,2245,11489,2245,12,0.0,0,0.0,0,0.0,0,0.0,0,2245.2,7,0.0,0,0.0,0,0.0,0,0.0,0
2012-11-09T09:20:52.500,2245.2,11496,2245,15,0.0,0,0.0,0,0.0,0,0.0,0,2245.2,4,0.0,0,0.0,0,0.0,0,0.0,0
2012-11-09T09:20:53.250,2245,11503,2245,15,0.0,0,0.0,0,0.0,0,0.0,0,2245.4,81,0.0,0,0.0,0,0.0,0,0.0,0
2012-11-09T09:20:54.250,2245,11505,2245,14,0.0,0,0.0,0,0.0,0,0.0,0,2245.2,2,0.0,0,0.0,0,0.0,0,0.0,0
2012-11-09T09:20:55.000,2245.2,11506,2245,19,0.0,0,0.0,0,0.0,0,0.0,0,2245.2,1,0.0,0,0.0,0,0.0,0,0.0,0
2012-11-09T09:20:55.500,2245.2,11507,2245,22,0.0,0,0.0,0,0.0,0,0.0,0,2245.4,77,0.0,0,0.0,0,0.0,0,0.0,0
2012-11-09T09:20:56.000,2245.2,11509,2245.2,9,0.0,0,0.0,0,0.0,0,0.0,0,2245.4,77,0.0,0,0.0,0,0.0,0,0.0,0
2012-11-09T09:20:56.500,2245.2,11514,2245.2,6,0.0,0,0.0,0,0.0,0,0.0,0,2245.4,78,0.0,0,0.0,0,0.0,0,0.0,0
2012-11-09T09:20:57.000,2245.2,11520,2245,32,0.0,0,0.0,0,0.0,0,0.0,0,2245.4,79,0.0,0,0.0,0,0.0,0,0.0,0
2012-11-09T09:20:57.500,2245,11522,2245,32,0.0,0,0.0,0,0.0,0,0.0,0,2245.2,1,0.0,0,0.0,0,0.0,0,0.0,0
2012-11-09T09:20:58.000,2245.4,11524,2245,33,0.0,0,0.0,0,0.0,0,0.0,0,2245.4,80,0.0,0,0.0,0,0.0,0,0.0,0
2012-11-09T09:20:58.500,2245.2,11526,2245,32,0.0,0,0.0,0,0.0,0,0.0,0,2245.2,1,0.0,0,0.0,0,0.0,0,0.0,0
2012-11-09T09:20:59.000,2245.4,11533,2245,32,0.0,0,0.0,0,0.0,0,0.0,0,2245.4,74,0.0,0,0.0,0,0.0,0,0.0,0
2012-11-09T09:20:59.500,2245.2,11535,2245.2,4,0.0,0,0.0,0,0.0,0,0.0,0,2245.4,74,0.0,0,0.0,0,0.0,0,0.0,0
2012-11-09T09:21:00.000,2245.2,11542,2245,33,0.0,0,0.0,0,0.0,0,0.0,0,2245.2,7,0.0,0,0.0,0,0.0,0,0.0,0
2012-11-09T09:21:00.500,2245.4,11577,2245.2,1,0.0,0,0.0,0,0.0,0,0.0,0,2245.4,85,0.0,0,0.0,0,0.0,0,0.0,0
2012-11-09T09:21:01.000,2245.4,11584,2245,26,0.0,0,0.0,0,0.0,0,0.0,0,2245.4,80,0.0,0,0.0,0,0.0,0,0.0,0
2012-11-09T09:21:01.500,2245.4,11602,2245,11,0.0,0,0.0,0,0.0,0,0.0,0,2245.4,82,0.0,0,0.0,0,0.0,0,0.0,0
2012-11-09T09:21:02.000,2245.2,11621,2245.2,9,0.0,0,0.0,0,0.0,0,0.0,0,2245.4,77,0.0,0,0.0,0,0.0,0,0.0,0
2012-11-09T09:21:02.500,2245,11631,2245,11,0.0,0,0.0,0,0.0,0,0.0,0,2245.2,3,0.0,0,0.0,0,0.0,0,0.0,0
2012-11-09T09:21:03.000,2245.2,11635,2245,9,0.0,0,0.0,0,0.0,0,0.0,0,2245.2,6,0.0,0,0.0,0,0.0,0,0.0,0
2012-11-09T09:21:03.500,2245.2,11639,2245,7,0.0,0,0.0,0,0.0,0,0.0,0,2245.2,4,0.0,0,0.0,0,0.0,0,0.0,0
2012-11-09T09:21:04.000,2245.2,11644,2245,4,0.0,0,0.0,0,0.0,0,0.0,0,2245.2,3,0.0,0,0.0,0,0.0,0,0.0,0
2012-11-09T09:21:04.500,2245,11649,2244.8,10,0.0,0,0.0,0,0.0,0,0.0,0,2245.2,3,0.0,0,0.0,0,0.0,0,0.0,0
2012-11-09T09:21:05.250,2245.2,11660,2244.8,2,0.0,0,0.0,0,0.0,0,0.0,0,2245.2,16,0.0,0,0.0,0,0.0,0,0.0,0
2012-11-09T09:21:06.250,2244.8,11662,2244.8,4,0.0,0,0.0,0,0.0,0,0.0,0,2245,11,0.0,0,0.0,0,0.0,0,0.0,0
2012-11-09T09:21:07.000,2244.6,11677,2244.6,6,0.0,0,0.0,0,0.0,0,0.0,0,2245,5,0.0,0,0.0,0,0.0,0,0.0,0
2012-11-09T09:21:07.500,2245,11680,2244.6,4,0.0,0,0.0,0,0.0,0,0.0,0,2245,4,0.0,0,0.0,0,0.0,0,0.0,0
2012-11-09T09:21:08.000,2244.8,11689,2244.6,7,0.0,0,0.0,0,0.0,0,0.0,0,2244.8,1,0.0,0,0.0,0,0.0,0,0.0,0
2012-11-09T09:21:08.500,2244.6,11691,2244.6,7,0.0,0,0.0,0,0.0,0,0.0,0,2244.8,1,0.0,0,0.0,0,0.0,0,0.0,0
2012-11-09T09:21:09.250,2244.4,11702,2244.4,9,0.0,0,0.0,0,0.0,0,0.0,0,2244.8,2,0.0,0,0.0,0,0.0,0,0.0,0
2012-11-09T09:21:10.000,2244.4,11707,2244.4,8,0.0,0,0.0,0,0.0,0,0.0,0,2244.8,8,0.0,0,0.0,0,0.0,0,0.0,0
2012-11-09T09:21:10.500,2244.4,11709,2244.4,8,0.0,0,0.0,0,0.0,0,0.0,0,2244.6,1,0.0,0,0.0,0,0.0,0,0.0,0
2012-11-09T09:21:11.000,2244.4,11716,2244.4,5,0.0,0,0.0,0,0.0,0,0.0,0,2244.8,6,0.0,0,0.0,0,0.0,0,0.0,0
2012-11-09T09:21:11.500,2244.4,11720,2244.6,1,0.0,0,0.0,0,0.0,0,0.0,0,2244.8,5,0.0,0,0.0,0,0.0,0,0.0,0
2012-11-09T09:21:12.000,2244.4,11723,2244.2,16,0.0,0,0.0,0,0.0,0,0.0,0,2244.4,2,0.0,0,0.0,0,0.0,0,0.0,0
2012-11-09T09:21:12.500,2244.4,11726,2244.4,2,0.0,0,0.0,0,0.0,0,0.0,0,2244.8,6,0.0,0,0.0,0,0.0,0,0.0,0
2012-11-09T09:21:13.000,2244.4,11729,2244.4,4,0.0,0,0.0,0,0.0,0,0.0,0,2244.8,5,0.0,0,0.0,0,0.0,0,0.0,0
2012-11-09T09:21:13.500,2244.4,11732,2244.4,4,0.0,0,0.0,0,0.0,0,0.0,0,2244.6,1,0.0,0,0.0,0,0.0,0,0.0,0
2012-11-09T09:21:14.250,2244.4,11738,2244.4,7,0.0,0,0.0,0,0.0,0,0.0,0,2244.6,6,0.0,0,0.0,0,0.0,0,0.0,0
2012-11-09T09:21:15.000,2244.6,11744,2244.4,1,0.0,0,0.0,0,0.0,0,0.0,0,2244.6,5,0.0,0,0.0,0,0.0,0,0.0,0
2012-11-09T09:21:15.500,2244.2,11747,2244.2,12,0.0,0,0.0,0,0.0,0,0.0,0,2244.4,6,0.0,0,0.0,0,0.0,0,0.0,0
2012-11-09T09:21:16.000,2244.4,11756,2244.2,12,0.0,0,0.0,0,0.0,0,0.0,0,2244.4,1,0.0,0,0.0,0,0.0,0,0.0,0
2012-11-09T09:21:16.500,2244,11778,2244.2,1,0.0,0,0.0,0,0.0,0,0.0,0,2244.4,4,0.0,0,0.0,0,0.0,0,0.0,0
2012-11-09T09:21:17.000,2244.4,11785,2244.4,1,0.0,0,0.0,0,0.0,0,0.0,0,2244.6,5,0.0,0,0.0,0,0.0,0,0.0,0
2012-11-09T09:21:17.500,2244.2,11788,2244,9,0.0,0,0.0,0,0.0,0,0.0,0,2244.2,4,0.0,0,0.0,0,0.0,0,0.0,0
2012-11-09T09:21:18.000,2244.2,11803,2244,6,0.0,0,0.0,0,0.0,0,0.0,0,2244.4,2,0.0,0,0.0,0,0.0,0,0.0,0
2012-11-09T09:21:18.500,2244,11805,2244.2,2,0.0,0,0.0,0,0.0,0,0.0,0,2244.4,3,0.0,0,0.0,0,0.0,0,0.0,0
2012-11-09T09:21:19.000,2244.2,11806,2244.2,2,0.0,0,0.0,0,0.0,0,0.0,0,2244.4,6,0.0,0,0.0,0,0.0,0,0.0,0
2012-11-09T09:21:19.500,2244.2,11809,2244.2,12,0.0,0,0.0,0,0.0,0,0.0,0,2244.4,7,0.0,0,0.0,0,0.0,0,0.0,0
2012-11-09T09:21:20.000,2244.2,11811,2244.2,13,0.0,0,0.0,0,0.0,0,0.0,0,2244.4,8,0.0,0,0.0,0,0.0,0,0.0,0
2012-11-09T09:21:20.500,2244.2,11815,2244.2,24,0.0,0,0.0,0,0.0,0,0.0,0,2244.4,2,0.0,0,0.0,0,0.0,0,0.0,0
2012-11-09T09:21:21.000,2244.4,11817,2244.2,24,0.0,0,0.0,0,0.0,0,0.0,0,2244.4,1,0.0,0,0.0,0,0.0,0,0.0,0
2012-11-09T09:21:21.500,2244.4,11819,2244.4,5,0.0,0,0.0,0,0.0,0,0.0,0,2244.6,5,0.0,0,0.0,0,0.0,0,0.0,0
2012-11-09T09:21:22.250,2244.6,11820,2244.4,6,0.0,0,0.0,0,0.0,0,0.0,0,2244.6,18,0.0,0,0.0,0,0.0,0,0.0,0
2012-11-09T09:21:23.000,2244.4,11821,2244.4,2,0.0,0,0.0,0,0.0,0,0.0,0,2244.6,18,0.0,0,0.0,0,0.0,0,0.0,0
2012-11-09T09:21:23.500,2244.4,11825,2244.2,29,0.0,0,0.0,0,0.0,0,0.0,0,2244.6,18,0.0,0,0.0,0,0.0,0,0.0,0
2012-11-09T09:21:24.000,2244.6,11828,2244.2,30,0.0,0,0.0,0,0.0,0,0.0,0,2244.6,16,0.0,0,0.0,0,0.0,0,0.0,0
2012-11-09T09:21:24.500,2244.6,11838,2244.4,2,0.0,0,0.0,0,0.0,0,0.0,0,2244.6,8,0.0,0,0.0,0,0.0,0,0.0,0
2012-11-09T09:21:25.000,2244.6,11847,2244.2,37,0.0,0,0.0,0,0.0,0,0.0,0,2244.6,2,0.0,0,0.0,0,0.0,0,0.0,0
2012-11-09T09:21:25.500,2244.6,11849,2244.6,13,0.0,0,0.0,0,0.0,0,0.0,0,2244.8,10,0.0,0,0.0,0,0.0,0,0.0,0
2012-11-09T09:21:26.000,2244.8,11861,2244.8,1,0.0,0,0.0,0,0.0,0,0.0,0,2245,16,0.0,0,0.0,0,0.0,0,0.0,0
2012-11-09T09:21:26.500,2244.6,11864,2244.6,10,0.0,0,0.0,0,0.0,0,0.0,0,2244.8,5,0.0,0,0.0,0,0.0,0,0.0,0
2012-11-09T09:21:27.000,2244.8,11869,2244.8,5,0.0,0,0.0,0,0.0,0,0.0,0,2245,18,0.0,0,0.0,0,0.0,0,0.0,0
2012-11-09T09:21:27.500,2245,11875,2244.8,3,0.0,0,0.0,0,0.0,0,0.0,0,2245,15,0.0,0,0.0,0,0.0,0,0.0,0
2012-11-09T09:21:28.000,2245,11877,2244.8,3,0.0,0,0.0,0,0.0,0,0.0,0,2245,12,0.0,0,0.0,0,0.0,0,0.0,0
2012-11-09T09:21:28.500,2245,11883,2244.8,2,0.0,0,0.0,0,0.0,0,0.0,0,2245,9,0.0,0,0.0,0,0.0,0,0.0,0
2012-11-09T09:21:29.000,2245,11885,2244.8,8,0.0,0,0.0,0,0.0,0,0.0,0,2245,8,0.0,0,0.0,0,0.0,0,0.0,0
2012-11-09T09:21:29.500,2245,11887,2244.8,7,0.0,0,0.0,0,0.0,0,0.0,0,2245,8,0.0,0,0.0,0,0.0,0,0.0,0
2012-11-09T09:21:30.000,2245,11890,2244.8,7,0.0,0,0.0,0,0.0,0,0.0,0,2245,6,0.0,0,0.0,0,0.0,0,0.0,0
2012-11-09T09:21:30.500,2245,11897,2244.8,7,0.0,0,0.0,0,0.0,0,0.0,0,2245.2,18,0.0,0,0.0,0,0.0,0,0.0,0
2012-11-09T09:21:31.000,2245,11900,2245,2,0.0,0,0.0,0,0.0,0,0.0,0,2245.2,19,0.0,0,0.0,0,0.0,0,0.0,0
2012-11-09T09:21:31.500,2245.2,11907,2244.8,8,0.0,0,0.0,0,0.0,0,0.0,0,2245,2,0.0,0,0.0,0,0.0,0,0.0,0
2012-11-09T09:21:32.000,2245,11917,2244.8,1,0.0,0,0.0,0,0.0,0,0.0,0,2245,1,0.0,0,0.0,0,0.0,0,0.0,0
2012-11-09T09:21:32.500,2245.2,11923,2244.8,1,0.0,0,0.0,0,0.0,0,0.0,0,2245.2,18,0.0,0,0.0,0,0.0,0,0.0,0
2012-11-09T09:21:33.250,2245,11928,2244.8,2,0.0,0,0.0,0,0.0,0,0.0,0,2245,7,0.0,0,0.0,0,0.0,0,0.0,0
2012-11-09T09:21:34.000,2245,11939,2245,2,0.0,0,0.0,0,0.0,0,0.0,0,2245.2,17,0.0,0,0.0,0,0.0,0,0.0,0
2012-11-09T09:21:34.500,2245.2,11946,2245,3,0.0,0,0.0,0,0.0,0,0.0,0,2245.2,10,0.0,0,0.0,0,0.0,0,0.0,0
2012-11-09T09:21:35.000,2245,11951,2245,2,0.0,0,0.0,0,0.0,0,0.0,0,2245.2,7,0.0,0,0.0,0,0.0,0,0.0,0
2012-11-09T09:21:35.500,2245,11957,2244.8,3,0.0,0,0.0,0,0.0,0,0.0,0,2245,4,0.0,0,0.0,0,0.0,0,0.0,0
2012-11-09T09:21:36.000,2245,11961,2244.8,4,0.0,0,0.0,0,0.0,0,0.0,0,2245,3,0.0,0,0.0,0,0.0,0,0.0,0
2012-11-09T09:21:36.500,2245,11964,2244.8,6,0.0,0,0.0,0,0.0,0,0.0,0,2245.2,5,0.0,0,0.0,0,0.0,0,0.0,0
2012-11-09T09:21:37.000,2245,11965,2244.8,8,0.0,0,0.0,0,0.0,0,0.0,0,2245,19,0.0,0,0.0,0,0.0,0,0.0,0
2012-11-09T09:21:37.500,2245,11970,2244.8,8,0.0,0,0.0,0,0.0,0,0.0,0,2245,18,0.0,0,0.0,0,0.0,0,0.0,0
2012-11-09T09:21:38.000,2245,11976,2244.8,8,0.0,0,0.0,0,0.0,0,0.0,0,2245,14,0.0,0,0.0,0,0.0,0,0.0,0
2012-11-09T09:21:38.500,2245,11980,2244.8,9,0.0,0,0.0,0,0.0,0,0.0,0,2245,11,0.0,0,0.0,0,0.0,0,0.0,0
2012-11-09T09:21:39.000,2245,11984,2244.8,9,0.0,0,0.0,0,0.0,0,0.0,0,2245,7,0.0,0,0.0,0,0.0,0,0.0,0
2012-11-09T09:21:39.500,2245,11989,2244.8,11,0.0,0,0.0,0,0.0,0,0.0,0,2245,2,0.0,0,0.0,0,0.0,0,0.0,0
2012-11-09T09:21:40.000,2245,11993,2245,1,0.0,0,0.0,0,0.0,0,0.0,0,2245.2,12,0.0,0,0.0,0,0.0,0,0.0,0
2012-11-09T09:21:40.500,2245.4,12029,2245,1,0.0,0,0.0,0,0.0,0,0.0,0,2245.4,47,0.0,0,0.0,0,0.0,0,0.0,0
2012-11-09T09:21:41.250,2245,12032,2245,1,0.0,0,0.0,0,0.0,0,0.0,0,2245.2,1,0.0,0,0.0,0,0.0,0,0.0,0
2012-11-09T09:21:42.000,2244.8,12055,2244.6,9,0.0,0,0.0,0,0.0,0,0.0,0,2244.8,2,0.0,0,0.0,0,0.0,0,0.0,0
2012-11-09T09:21:42.500,2244.6,12067,2244.4,9,0.0,0,0.0,0,0.0,0,0.0,0,2244.6,32,0.0,0,0.0,0,0.0,0,0.0,0
2012-11-09T09:21:43.000,2244.4,12079,2244.2,33,0.0,0,0.0,0,0.0,0,0.0,0,2244.4,15,0.0,0,0.0,0,0.0,0,0.0,0
2012-11-09T09:21:43.500,2244.4,12081,2244.2,33,0.0,0,0.0,0,0.0,0,0.0,0,2244.4,13,0.0,0,0.0,0,0.0,0,0.0,0
2012-11-09T09:21:44.250,2244.4,12087,2244.2,33,0.0,0,0.0,0,0.0,0,0.0,0,2244.4,7,0.0,0,0.0,0,0.0,0,0.0,0
2012-11-09T09:21:45.250,2244.4,12091,2244.2,31,0.0,0,0.0,0,0.0,0,0.0,0,2244.4,5,0.0,0,0.0,0,0.0,0,0.0,0
2012-11-09T09:21:46.000,2244.4,12098,2244.4,2,0.0,0,0.0,0,0.0,0,0.0,0,2244.6,31,0.0,0,0.0,0,0.0,0,0.0,0
2012-11-09T09:21:46.500,2244.6,12111,2244.4,2,0.0,0,0.0,0,0.0,0,0.0,0,2244.6,18,0.0,0,0.0,0,0.0,0,0.0,0
2012-11-09T09:21:47.250,2244.6,12129,2244.6,24,0.0,0,0.0,0,0.0,0,0.0,0,2245,7,0.0,0,0.0,0,0.0,0,0.0,0
2012-11-09T09:21:48.000,2245,12130,2244.8,12,0.0,0,0.0,0,0.0,0,0.0,0,2245,3,0.0,0,0.0,0,0.0,0,0.0,0
2012-11-09T09:21:48.500,2245,12135,2244.8,19,0.0,0,0.0,0,0.0,0,0.0,0,2245,3,0.0,0,0.0,0,0.0,0,0.0,0
2012-11-09T09:21:49.250,2245,12136,2244.8,20,0.0,0,0.0,0,0.0,0,0.0,0,2245,2,0.0,0,0.0,0,0.0,0,0.0,0
2012-11-09T09:21:50.000,2244.8,12140,2244.8,16,0.0,0,0.0,0,0.0,0,0.0,0,2245,2,0.0,0,0.0,0,0.0,0,0.0,0
2012-11-09T09:21:50.500,2245,12143,2244.8,14,0.0,0,0.0,0,0.0,0,0.0,0,2245,27,0.0,0,0.0,0,0.0,0,0.0,0
2012-11-09T09:21:51.000,2244.8,12159,2244.6,24,0.0,0,0.0,0,0.0,0,0.0,0,2244.8,2,0.0,0,0.0,0,0.0,0,0.0,0
2012-11-09T09:21:51.500,2244.6,12164,2244.6,22,0.0,0,0.0,0,0.0,0,0.0,0,2244.8,1,0.0,0,0.0,0,0.0,0,0.0,0
2012-11-09T09:21:52.250,2244.8,12165,2244.6,23,0.0,0,0.0,0,0.0,0,0.0,0,2244.8,3,0.0,0,0.0,0,0.0,0,0.0,0
2012-11-09T09:21:53.000,2244.8,12167,2244.6,24,0.0,0,0.0,0,0.0,0,0.0,0,2244.8,1,0.0,0,0.0,0,0.0,0,0.0,0
2012-11-09T09:21:53.500,2244.8,12168,2244.6,25,0.0,0,0.0,0,0.0,0,0.0,0,2244.8,3,0.0,0,0.0,0,0.0,0,0.0,0
2012-11-09T09:21:54.000,2244.6,12177,2244.6,16,0.0,0,0.0,0,0.0,0,0.0,0,2244.8,3,0.0,0,0.0,0,0.0,0,0.0,0
2012-11-09T09:21:54.500,2244.8,12180,2244.6,16,0.0,0,0.0,0,0.0,0,0.0,0,2245,30,0.0,0,0.0,0,0.0,0,0.0,0
2012-11-09T09:21:56.000,2244.8,12182,2244.6,25,0.0,0,0.0,0,0.0,0,0.0,0,2244.8,1,0.0,0,0.0,0,0.0,0,0.0,0
2012-11-09T09:21:56.500,2244.6,12191,2244.6,16,0.0,0,0.0,0,0.0,0,0.0,0,2244.8,3,0.0,0,0.0,0,0.0,0,0.0,0
2012-11-09T09:21:58.250,2244.6,12194,2244.6,14,0.0,0,0.0,0,0.0,0,0.0,0,2244.8,14,0.0,0,0.0,0,0.0,0,0.0,0
2012-11-09T09:21:59.250,2244.8,12200,2244.6,14,0.0,0,0.0,0,0.0,0,0.0,0,2244.8,9,0.0,0,0.0,0,0.0,0,0.0,0
2012-11-09T09:22:00.000,2244.8,12205,2244.6,19,0.0,0,0.0,0,0.0,0,0.0,0,2244.8,1,0.0,0,0.0,0,0.0,0,0.0,0
2012-11-09T09:22:00.500,2244.8,12206,2244.8,1,0.0,0,0.0,0,0.0,0,0.0,0,2245,41,0.0,0,0.0,0,0.0,0,0.0,0
2012-11-09T09:22:01.250,2244.6,12213,2244.6,19,0.0,0,0.0,0,0.0,0,0.0,0,2245,36,0.0,0,0.0,0,0.0,0,0.0,0
2012-11-09T09:22:02.250,2244.8,12216,2244.8,28,0.0,0,0.0,0,0.0,0,0.0,0,2245,35,0.0,0,0.0,0,0.0,0,0.0,0
2012-11-09T09:22:03.000,2245,12225,2244.8,37,0.0,0,0.0,0,0.0,0,0.0,0,2245,29,0.0,0,0.0,0,0.0,0,0.0,0
2012-11-09T09:22:03.500,2245,12237,2244.8,27,0.0,0,0.0,0,0.0,0,0.0,0,2245,16,0.0,0,0.0,0,0.0,0,0.0,0
2012-11-09T09:22:04.000,2245,12250,2244.8,17,0.0,0,0.0,0,0.0,0,0.0,0,2245,14,0.0,0,0.0,0,0.0,0,0.0,0
2012-11-09T09:22:04.500,2245,12257,2244.8,17,0.0,0,0.0,0,0.0,0,0.0,0,2245,7,0.0,0,0.0,0,0.0,0,0.0,0
2012-11-09T09:22:05.000,2244.8,12262,2244.8,13,0.0,0,0.0,0,0.0,0,0.0,0,2245,8,0.0,0,0.0,0,0.0,0,0.0,0
2012-11-09T09:22:05.500,2245,12266,2244.8,13,0.0,0,0.0,0,0.0,0,0.0,0,2245,4,0.0,0,0.0,0,0.0,0,0.0,0
2012-11-09T09:22:06.000,2245,12270,2245,4,0.0,0,0.0,0,0.0,0,0.0,0,2245.2,18,0.0,0,0.0,0,0.0,0,0.0,0
2012-11-09T09:22:06.500,2245,12271,2245,3,0.0,0,0.0,0,0.0,0,0.0,0,2245.2,18,0.0,0,0.0,0,0.0,0,0.0,0
2012-11-09T09:22:08.000,2245.2,12275,2245,6,0.0,0,0.0,0,0.0,0,0.0,0,2245.2,16,0.0,0,0.0,0,0.0,0,0.0,0
2012-11-09T09:22:08.500,2245.2,12279,2245,5,0.0,0,0.0,0,0.0,0,0.0,0,2245.2,13,0.0,0,0.0,0,0.0,0,0.0,0
2012-11-09T09:22:09.000,2245.4,12300,2245.2,30,0.0,0,0.0,0,0.0,0,0.0,0,2245.4,47,0.0,0,0.0,0,0.0,0,0.0,0
2012-11-09T09:22:09.500,2245.2,12303,2245.2,27,0.0,0,0.0,0,0.0,0,0.0,0,2245.4,47,0.0,0,0.0,0,0.0,0,0.0,0
2012-11-09T09:22:10.000,2245.2,12304,2245.2,30,0.0,0,0.0,0,0.0,0,0.0,0,2245.4,47,0.0,0,0.0,0,0.0,0,0.0,0
2012-11-09T09:22:10.500,2245.4,12307,2245.2,31,0.0,0,0.0,0,0.0,0,0.0,0,2245.4,44,0.0,0,0.0,0,0.0,0,0.0,0
2012-11-09T09:22:11.000,2245.4,12310,2245.2,31,0.0,0,0.0,0,0.0,0,0.0,0,2245.4,42,0.0,0,0.0,0,0.0,0,0.0,0
2012-11-09T09:22:11.500,2245.4,12315,2245.2,30,0.0,0,0.0,0,0.0,0,0.0,0,2245.4,39,0.0,0,0.0,0,0.0,0,0.0,0
2012-11-09T09:22:12.000,2245.2,12326,2245.2,27,0.0,0,0.0,0,0.0,0,0.0,0,2245.4,31,0.0,0,0.0,0,0.0,0,0.0,0
2012-11-09T09:22:12.500,2245.4,12332,2245.2,29,0.0,0,0.0,0,0.0,0,0.0,0,2245.4,25,0.0,0,0.0,0,0.0,0,0.0,0
2012-11-09T09:22:13.000,2245.4,12357,2245.4,3,0.0,0,0.0,0,0.0,0,0.0,0,2245.6,130,0.0,0,0.0,0,0.0,0,0.0,0
2012-11-09T09:22:13.500,2245.6,12359,2245.4,9,0.0,0,0.0,0,0.0,0,0.0,0,2245.6,128,0.0,0,0.0,0,0.0,0,0.0,0
2012-11-09T09:22:14.000,2245.4,12361,2245.4,10,0.0,0,0.0,0,0.0,0,0.0,0,2245.6,127,0.0,0,0.0,0,0.0,0,0.0,0
2012-11-09T09:22:14.500,2245.6,12368,2245.4,7,0.0,0,0.0,0,0.0,0,0.0,0,2245.6,123,0.0,0,0.0,0,0.0,0,0.0,0
2012-11-09T09:22:15.000,2245.6,12374,2245.4,7,0.0,0,0.0,0,0.0,0,0.0,0,2245.6,116,0.0,0,0.0,0,0.0,0,0.0,0
2012-11-09T09:22:15.500,2245.6,12377,2245.4,7,0.0,0,0.0,0,0.0,0,0.0,0,2245.6,113,0.0,0,0.0,0,0.0,0,0.0,0
2012-11-09T09:22:16.000,2245.4,12397,2245.4,5,0.0,0,0.0,0,0.0,0,0.0,0,2245.6,96,0.0,0,0.0,0,0.0,0,0.0,0
2012-11-09T09:22:16.500,2245.4,12399,2245.4,5,0.0,0,0.0,0,0.0,0,0.0,0,2245.6,95,0.0,0,0.0,0,0.0,0,0.0,0
2012-11-09T09:22:17.000,2245.6,12408,2245.4,6,0.0,0,0.0,0,0.0,0,0.0,0,2245.6,88,0.0,0,0.0,0,0.0,0,0.0,0
2012-11-09T09:22:17.500,2245.6,12412,2245.4,7,0.0,0,0.0,0,0.0,0,0.0,0,2245.6,84,0.0,0,0.0,0,0.0,0,0.0,0
2012-11-09T09:22:18.000,2245.6,12415,2245.4,11,0.0,0,0.0,0,0.0,0,0.0,0,2245.6,81,0.0,0,0.0,0,0.0,0,0.0,0
2012-11-09T09:22:18.500,2245.6,12421,2245.4,13,0.0,0,0.0,0,0.0,0,0.0,0,2245.6,76,0.0,0,0.0,0,0.0,0,0.0,0
2012-11-09T09:22:19.000,2245.6,12433,2245.4,12,0.0,0,0.0,0,0.0,0,0.0,0,2245.6,66,0.0,0,0.0,0,0.0,0,0.0,0
2012-11-09T09:22:19.500,2245.6,12460,2245.4,11,0.0,0,0.0,0,0.0,0,0.0,0,2245.6,40,0.0,0,0.0,0,0.0,0,0.0,0
2012-11-09T09:22:20.000,2245.6,12464,2245.4,11,0.0,0,0.0,0,0.0,0,0.0,0,2245.6,36,0.0,0,0.0,0,0.0,0,0.0,0
2012-11-09T09:22:20.500,2245.8,12501,2245.6,24,0.0,0,0.0,0,0.0,0,0.0,0,2245.8,39,0.0,0,0.0,0,0.0,0,0.0,0
2012-11-09T09:22:21.000,2245.8,12517,2245.6,21,0.0,0,0.0,0,0.0,0,0.0,0,2245.8,31,0.0,0,0.0,0,0.0,0,0.0,0
2012-11-09T09:22:21.500,2245.8,12538,2245.6,22,0.0,0,0.0,0,0.0,0,0.0,0,2245.8,10,0.0,0,0.0,0,0.0,0,0.0,0
2012-11-09T09:22:22.000,2245.8,12544,2245.6,22,0.0,0,0.0,0,0.0,0,0.0,0,2245.8,4,0.0,0,0.0,0,0.0,0,0.0,0
2012-11-09T09:22:22.500,2245.8,12551,2245.6,19,0.0,0,0.0,0,0.0,0,0.0,0,2246,24,0.0,0,0.0,0,0.0,0,0.0,0
2012-11-09T09:22:23.000,2246,12556,2245.6,23,0.0,0,0.0,0,0.0,0,0.0,0,2246,22,0.0,0,0.0,0,0.0,0,0.0,0
2012-11-09T09:22:23.500,2246,12560,2245.8,11,0.0,0,0.0,0,0.0,0,0.0,0,2246,18,0.0,0,0.0,0,0.0,0,0.0,0
2012-11-09T09:22:24.000,2246,12577,2246,15,0.0,0,0.0,0,0.0,0,0.0,0,2246.2,12,0.0,0,0.0,0,0.0,0,0.0,0
2012-11-09T09:22:24.500,2246,12579,2246,19,0.0,0,0.0,0,0.0,0,0.0,0,2246.2,11,0.0,0,0.0,0,0.0,0,0.0,0
2012-11-09T09:22:25.000,2246,12600,2245.8,4,0.0,0,0.0,0,0.0,0,0.0,0,2246,8,0.0,0,0.0,0,0.0,0,0.0,0
2012-11-09T09:22:25.500,2246,12615,2245.6,32,0.0,0,0.0,0,0.0,0,0.0,0,2246,51,0.0,0,0.0,0,0.0,0,0.0,0
2012-11-09T09:22:26.000,2246,12625,2245.6,33,0.0,0,0.0,0,0.0,0,0.0,0,2245.8,5,0.0,0,0.0,0,0.0,0,0.0,0
2012-11-09T09:22:26.500,2245.6,12639,2245.6,24,0.0,0,0.0,0,0.0,0,0.0,0,2245.8,7,0.0,0,0.0,0,0.0,0,0.0,0
2012-11-09T09:22:27.000,2245.6,12643,2245.6,19,0.0,0,0.0,0,0.0,0,0.0,0,2245.8,18,0.0,0,0.0,0,0.0,0,0.0,0
2012-11-09T09:22:27.500,2245.6,12664,2245.6,5,0.0,0,0.0,0,0.0,0,0.0,0,2245.8,17,0.0,0,0.0,0,0.0,0,0.0,0
2012-11-09T09:22:28.000,2245.8,12668,2245.6,7,0.0,0,0.0,0,0.0,0,0.0,0,2245.8,17,0.0,0,0.0,0,0.0,0,0.0,0
2012-11-09T09:22:28.500,2245.6,12675,2245.6,2,0.0,0,0.0,0,0.0,0,0.0,0,2245.8,16,0.0,0,0.0,0,0.0,0,0.0,0
2012-11-09T09:22:29.000,2245.8,12703,2245.6,1,0.0,0,0.0,0,0.0,0,0.0,0,2245.8,8,0.0,0,0.0,0,0.0,0,0.0,0
2012-11-09T09:22:29.500,2245.8,12716,2245.6,2,0.0,0,0.0,0,0.0,0,0.0,0,2245.8,12,0.0,0,0.0,0,0.0,0,0.0,0
2012-11-09T09:22:30.000,2245.8,12719,2245.6,5,0.0,0,0.0,0,0.0,0,0.0,0,2245.8,18,0.0,0,0.0,0,0.0,0,0.0,0
2012-11-09T09:22:30.500,2245.8,12723,2245.6,3,0.0,0,0.0,0,0.0,0,0.0,0,2245.8,18,0.0,0,0.0,0,0.0,0,0.0,0
2012-11-09T09:22:31.000,2245.8,12726,2245.6,2,0.0,0,0.0,0,0.0,0,0.0,0,2245.8,17,0.0,0,0.0,0,0.0,0,0.0,0
2012-11-09T09:22:31.500,2245.8,12729,2245.6,3,0.0,0,0.0,0,0.0,0,0.0,0,2245.8,26,0.0,0,0.0,0,0.0,0,0.0,0
2012-11-09T09:22:32.000,2245.8,12734,2245.6,2,0.0,0,0.0,0,0.0,0,0.0,0,2245.8,25,0.0,0,0.0,0,0.0,0,0.0,0
2012-11-09T09:22:32.500,2245.6,12735,2245.6,1,0.0,0,0.0,0,0.0,0,0.0,0,2245.8,25,0.0,0,0.0,0,0.0,0,0.0,0
2012-11-09T09:22:33.000,2245.8,12738,2245.6,1,0.0,0,0.0,0,0.0,0,0.0,0,2245.8,25,0.0,0,0.0,0,0.0,0,0.0,0
2012-11-09T09:22:33.500,2245.8,12740,2245.4,17,0.0,0,0.0,0,0.0,0,0.0,0,2245.8,27,0.0,0,0.0,0,0.0,0,0.0,0
2012-11-09T09:22:34.000,2245.6,12747,2245.4,17,0.0,0,0.0,0,0.0,0,0.0,0,2245.8,21,0.0,0,0.0,0,0.0,0,0.0,0
2012-11-09T09:22:34.500,2245.6,12749,2245.4,17,0.0,0,0.0,0,0.0,0,0.0,0,2245.8,27,0.0,0,0.0,0,0.0,0,0.0,0
2012-11-09T09:22:35.000,2245.8,12756,2245.6,1,0.0,0,0.0,0,0.0,0,0.0,0,2245.8,23,0.0,0,0.0,0,0.0,0,0.0,0
2012-11-09T09:22:35.500,2245.8,12768,2245.6,8,0.0,0,0.0,0,0.0,0,0.0,0,2245.8,13,0.0,0,0.0,0,0.0,0,0.0,0
2012-11-09T09:22:36.000,2245.8,12770,2245.6,8,0.0,0,0.0,0,0.0,0,0.0,0,2245.8,11,0.0,0,0.0,0,0.0,0,0.0,0
2012-11-09T09:22:36.500,2245.8,12775,2245.6,6,0.0,0,0.0,0,0.0,0,0.0,0,2245.8,12,0.0,0,0.0,0,0.0,0,0.0,0
2012-11-09T09:22:37.250,2245.6,12781,2245.6,2,0.0,0,0.0,0,0.0,0,0.0,0,2245.8,9,0.0,0,0.0,0,0.0,0,0.0,0
2012-11-09T09:22:38.250,2245.8,12785,2245.4,18,0.0,0,0.0,0,0.0,0,0.0,0,2245.8,9,0.0,0,0.0,0,0.0,0,0.0,0
2012-11-09T09:22:39.000,2245.6,12789,2245.4,22,0.0,0,0.0,0,0.0,0,0.0,0,2245.8,7,0.0,0,0.0,0,0.0,0,0.0,0
2012-11-09T09:22:39.500,2245.8,12798,2245.4,21,0.0,0,0.0,0,0.0,0,0.0,0,2245.8,2,0.0,0,0.0,0,0.0,0,0.0,0
2012-11-09T09:22:40.250,2245.6,12801,2245.4,21,0.0,0,0.0,0,0.0,0,0.0,0,2245.8,2,0.0,0,0.0,0,0.0,0,0.0,0
2012-11-09T09:22:41.000,2245.4,12803,2245.4,20,0.0,0,0.0,0,0.0,0,0.0,0,2245.8,3,0.0,0,0.0,0,0.0,0,0.0,0
2012-11-09T09:22:41.500,2245.4,12804,2245.4,21,0.0,0,0.0,0,0.0,0,0.0,0,2245.8,3,0.0,0,0.0,0,0.0,0,0.0,0
2012-11-09T09:22:42.250,2245.4,12805,2245.6,1,0.0,0,0.0,0,0.0,0,0.0,0,2245.8,4,0.0,0,0.0,0,0.0,0,0.0,0
2012-11-09T09:22:43.250,2245.8,12809,2245.4,21,0.0,0,0.0,0,0.0,0,0.0,0,2245.8,4,0.0,0,0.0,0,0.0,0,0.0,0
2012-11-09T09:22:44.000,2245.8,12814,2245.4,22,0.0,0,0.0,0,0.0,0,0.0,0,2245.8,3,0.0,0,0.0,0,0.0,0,0.0,0
2012-11-09T09:22:44.500,2245.8,12815,2245.4,22,0.0,0,0.0,0,0.0,0,0.0,0,2245.6,1,0.0,0,0.0,0,0.0,0,0.0,0
2012-11-09T09:22:45.000,2245.4,12819,2245.4,20,0.0,0,0.0,0,0.0,0,0.0,0,2245.8,4,0.0,0,0.0,0,0.0,0,0.0,0
2012-11-09T09:22:45.500,2245.6,12824,2245.4,22,0.0,0,0.0,0,0.0,0,0.0,0,2245.6,6,0.0,0,0.0,0,0.0,0,0.0,0
2012-11-09T09:22:46.000,2245.6,12825,2245.4,22,0.0,0,0.0,0,0.0,0,0.0,0,2245.6,5,0.0,0,0.0,0,0.0,0,0.0,0
2012-11-09T09:22:46.500,2245.8,12851,2245.8,2,0.0,0,0.0,0,0.0,0,0.0,0,2246,198,0.0,0,0.0,0,0.0,0,0.0,0
2012-11-09T09:22:47.250,2246,12854,2245.4,10,0.0,0,0.0,0,0.0,0,0.0,0,2245.8,5,0.0,0,0.0,0,0.0,0,0.0,0
2012-11-09T09:22:48.000,2245.6,12856,2245.4,11,0.0,0,0.0,0,0.0,0,0.0,0,2245.8,35,0.0,0,0.0,0,0.0,0,0.0,0
2012-11-09T09:22:48.500,2245.8,12857,2245.4,15,0.0,0,0.0,0,0.0,0,0.0,0,2245.8,38,0.0,0,0.0,0,0.0,0,0.0,0
2012-11-09T09:22:49.000,2245.8,12873,2245.4,1,0.0,0,0.0,0,0.0,0,0.0,0,2245.8,37,0.0,0,0.0,0,0.0,0,0.0,0
2012-11-09T09:22:49.500,2245.6,12876,2245.2,66,0.0,0,0.0,0,0.0,0,0.0,0,2245.6,4,0.0,0,0.0,0,0.0,0,0.0,0
2012-11-09T09:22:50.250,2245.6,12880,2245.2,66,0.0,0,0.0,0,0.0,0,0.0,0,2245.6,3,0.0,0,0.0,0,0.0,0,0.0,0
2012-11-09T09:22:52.250,2245.6,12881,2245.4,1,0.0,0,0.0,0,0.0,0,0.0,0,2245.6,7,0.0,0,0.0,0,0.0,0,0.0,0
2012-11-09T09:22:53.250,2245.6,12883,2245.4,6,0.0,0,0.0,0,0.0,0,0.0,0,2245.6,7,0.0,0,0.0,0,0.0,0,0.0,0
2012-11-09T09:22:54.250,2245.4,12886,2245.4,3,0.0,0,0.0,0,0.0,0,0.0,0,2245.6,4,0.0,0,0.0,0,0.0,0,0.0,0
2012-11-09T09:22:55.000,2245.4,12891,2245.4,4,0.0,0,0.0,0,0.0,0,0.0,0,2245.6,1,0.0,0,0.0,0,0.0,0,0.0,0
2012-11-09T09:22:55.500,2245.6,12892,2245.4,4,0.0,0,0.0,0,0.0,0,0.0,0,2245.8,33,0.0,0,0.0,0,0.0,0,0.0,0
2012-11-09T09:22:56.000,2245.4,12899,2245.6,3,0.0,0,0.0,0,0.0,0,0.0,0,2245.8,36,0.0,0,0.0,0,0.0,0,0.0,0
2012-11-09T09:22:56.500,2245.4,12904,2245.2,74,0.0,0,0.0,0,0.0,0,0.0,0,2245.6,3,0.0,0,0.0,0,0.0,0,0.0,0
2012-11-09T09:22:57.250,2245.2,12905,2245.4,1,0.0,0,0.0,0,0.0,0,0.0,0,2245.6,3,0.0,0,0.0,0,0.0,0,0.0,0
2012-11-09T09:22:58.000,2245.6,12907,2245.4,2,0.0,0,0.0,0,0.0,0,0.0,0,2245.6,6,0.0,0,0.0,0,0.0,0,0.0,0
2012-11-09T09:22:58.500,2245.4,12909,2245.4,1,0.0,0,0.0,0,0.0,0,0.0,0,2245.6,6,0.0,0,0.0,0,0.0,0,0.0,0
2012-11-09T09:22:59.000,2245.2,12921,2245.2,74,0.0,0,0.0,0,0.0,0,0.0,0,2245.6,2,0.0,0,0.0,0,0.0,0,0.0,0
2012-11-09T09:22:59.500,2245.2,12922,2245.2,73,0.0,0,0.0,0,0.0,0,0.0,0,2245.6,3,0.0,0,0.0,0,0.0,0,0.0,0
2012-11-09T09:23:00.000,2245.4,12923,2245.4,5,0.0,0,0.0,0,0.0,0,0.0,0,2245.6,13,0.0,0,0.0,0,0.0,0,0.0,0
2012-11-09T09:23:00.500,2245.4,12928,2245.2,78,0.0,0,0.0,0,0.0,0,0.0,0,2245.4,1,0.0,0,0.0,0,0.0,0,0.0,0
2012-11-09T09:23:01.250,2245.4,12933,2245.2,77,0.0,0,0.0,0,0.0,0,0.0,0,2245.6,16,0.0,0,0.0,0,0.0,0,0.0,0
2012-11-09T09:23:02.000,2245.2,12934,2245.2,75,0.0,0,0.0,0,0.0,0,0.0,0,2245.6,16,0.0,0,0.0,0,0.0,0,0.0,0
2012-11-09T09:23:02.500,2245.6,12936,2245.2,75,0.0,0,0.0,0,0.0,0,0.0,0,2245.6,11,0.0,0,0.0,0,0.0,0,0.0,0
2012-11-09T09:23:03.250,2245.6,12938,2245.2,76,0.0,0,0.0,0,0.0,0,0.0,0,2245.6,11,0.0,0,0.0,0,0.0,0,0.0,0
2012-11-09T09:23:04.000,2245.6,12941,2245.4,2,0.0,0,0.0,0,0.0,0,0.0,0,2245.6,9,0.0,0,0.0,0,0.0,0,0.0,0
2012-11-09T09:23:04.500,2245.2,12951,2245.2,67,0.0,0,0.0,0,0.0,0,0.0,0,2245.6,10,0.0,0,0.0,0,0.0,0,0.0,0
2012-11-09T09:23:05.000,2245.2,12960,2245.2,62,0.0,0,0.0,0,0.0,0,0.0,0,2245.4,20,0.0,0,0.0,0,0.0,0,0.0,0
2012-11-09T09:23:05.500,2245.2,12978,2245.2,45,0.0,0,0.0,0,0.0,0,0.0,0,2245.4,20,0.0,0,0.0,0,0.0,0,0.0,0
2012-11-09T09:23:06.000,2245,13034,2245,14,0.0,0,0.0,0,0.0,0,0.0,0,2245.2,15,0.0,0,0.0,0,0.0,0,0.0,0
2012-11-09T09:23:06.500,2245.2,13059,2245,7,0.0,0,0.0,0,0.0,0,0.0,0,2245.4,20,0.0,0,0.0,0,0.0,0,0.0,0
2012-11-09T09:23:07.000,2245,13068,2244.8,27,0.0,0,0.0,0,0.0,0,0.0,0,2245,6,0.0,0,0.0,0,0.0,0,0.0,0
2012-11-09T09:23:07.500,2244.8,13071,2244.8,25,0.0,0,0.0,0,0.0,0,0.0,0,2245,5,0.0,0,0.0,0,0.0,0,0.0,0
2012-11-09T09:23:08.000,2245,13079,2245,13,0.0,0,0.0,0,0.0,0,0.0,0,2245.4,18,0.0,0,0.0,0,0.0,0,0.0,0
2012-11-09T09:23:08.500,2245,13080,2245,12,0.0,0,0.0,0,0.0,0,0.0,0,2245.4,19,0.0,0,0.0,0,0.0,0,0.0,0
2012-11-09T09:23:09.000,2245,13082,2245,17,0.0,0,0.0,0,0.0,0,0.0,0,2245.4,19,0.0,0,0.0,0,0.0,0,0.0,0
2012-11-09T09:23:09.500,2245,13086,2245,14,0.0,0,0.0,0,0.0,0,0.0,0,2245.4,19,0.0,0,0.0,0,0.0,0,0.0,0
2012-11-09T09:23:10.000,2245,13095,2245,14,0.0,0,0.0,0,0.0,0,0.0,0,2245.4,20,0.0,0,0.0,0,0.0,0,0.0,0
2012-11-09T09:23:10.500,2245,13098,2245,14,0.0,0,0.0,0,0.0,0,0.0,0,2245.4,20,0.0,0,0.0,0,0.0,0,0.0,0
2012-11-09T09:23:11.250,2245.4,13099,2245,15,0.0,0,0.0,0,0.0,0,0.0,0,2245.4,20,0.0,0,0.0,0,0.0,0,0.0,0
2012-11-09T09:23:12.250,2245,13101,2245,14,0.0,0,0.0,0,0.0,0,0.0,0,2245.4,20,0.0,0,0.0,0,0.0,0,0.0,0
2012-11-09T09:23:13.250,2245,13103,2245,16,0.0,0,0.0,0,0.0,0,0.0,0,2245.4,21,0.0,0,0.0,0,0.0,0,0.0,0
2012-11-09T09:23:14.250,2245.4,13113,2245,18,0.0,0,0.0,0,0.0,0,0.0,0,2245.4,14,0.0,0,0.0,0,0.0,0,0.0,0
2012-11-09T09:23:15.000,2245.4,13123,2245,18,0.0,0,0.0,0,0.0,0,0.0,0,2245.4,6,0.0,0,0.0,0,0.0,0,0.0,0
2012-11-09T09:23:15.500,2245.4,13126,2245,17,0.0,0,0.0,0,0.0,0,0.0,0,2245.4,4,0.0,0,0.0,0,0.0,0,0.0,0
2012-11-09T09:23:16.000,2245.2,13129,2245.2,2,0.0,0,0.0,0,0.0,0,0.0,0,2245.4,2,0.0,0,0.0,0,0.0,0,0.0,0
2012-11-09T09:23:16.500,2245.4,13136,2245.2,1,0.0,0,0.0,0,0.0,0,0.0,0,2245.4,3,0.0,0,0.0,0,0.0,0,0.0,0
2012-11-09T09:23:17.250,2245.2,13137,2245.2,1,0.0,0,0.0,0,0.0,0,0.0,0,2245.4,4,0.0,0,0.0,0,0.0,0,0.0,0
2012-11-09T09:23:18.250,2245.4,13138,2245.2,1,0.0,0,0.0,0,0.0,0,0.0,0,2245.4,3,0.0,0,0.0,0,0.0,0,0.0,0
2012-11-09T09:23:19.000,2245.2,13139,2245,20,0.0,0,0.0,0,0.0,0,0.0,0,2245.2,1,0.0,0,0.0,0,0.0,0,0.0,0
2012-11-09T09:23:19.500,2245.2,13141,2245,20,0.0,0,0.0,0,0.0,0,0.0,0,2245.4,3,0.0,0,0.0,0,0.0,0,0.0,0
2012-11-09T09:23:20.250,2245.4,13142,2245,23,0.0,0,0.0,0,0.0,0,0.0,0,2245.4,3,0.0,0,0.0,0,0.0,0,0.0,0
2012-11-09T09:23:22.250,2245.2,13143,2245.2,3,0.0,0,0.0,0,0.0,0,0.0,0,2245.4,4,0.0,0,0.0,0,0.0,0,0.0,0
2012-11-09T09:23:23.250,2245.4,13144,2245.2,3,0.0,0,0.0,0,0.0,0,0.0,0,2245.4,14,0.0,0,0.0,0,0.0,0,0.0,0
2012-11-09T09:23:24.000,2245.2,13145,2245.2,2,0.0,0,0.0,0,0.0,0,0.0,0,2245.4,17,0.0,0,0.0,0,0.0,0,0.0,0
2012-11-09T09:23:24.500,2245.4,13150,2245.2,1,0.0,0,0.0,0,0.0,0,0.0,0,2245.4,15,0.0,0,0.0,0,0.0,0,0.0,0
2012-11-09T09:23:25.250,2245.2,13153,2245,21,0.0,0,0.0,0,0.0,0,0.0,0,2245.4,14,0.0,0,0.0,0,0.0,0,0.0,0
2012-11-09T09:23:26.250,2245.4,13156,2245.2,2,0.0,0,0.0,0,0.0,0,0.0,0,2245.4,11,0.0,0,0.0,0,0.0,0,0.0,0
2012-11-09T09:23:27.250,2245.4,13157,2245.2,2,0.0,0,0.0,0,0.0,0,0.0,0,2245.4,11,0.0,0,0.0,0,0.0,0,0.0,0
2012-11-09T09:23:29.250,2245.2,13158,2245.2,2,0.0,0,0.0,0,0.0,0,0.0,0,2245.4,12,0.0,0,0.0,0,0.0,0,0.0,0
2012-11-09T09:23:30.000,2245.2,13159,2245.2,1,0.0,0,0.0,0,0.0,0,0.0,0,2245.4,12,0.0,0,0.0,0,0.0,0,0.0,0
2012-11-09T09:23:30.500,2245.4,13177,2245.4,13,0.0,0,0.0,0,0.0,0,0.0,0,2245.6,16,0.0,0,0.0,0,0.0,0,0.0,0
2012-11-09T09:23:31.250,2245.4,13178,2245.4,14,0.0,0,0.0,0,0.0,0,0.0,0,2245.6,17,0.0,0,0.0,0,0.0,0,0.0,0
2012-11-09T09:23:32.250,2245.6,13179,2245.4,14,0.0,0,0.0,0,0.0,0,0.0,0,2245.6,16,0.0,0,0.0,0,0.0,0,0.0,0
2012-11-09T09:23:33.250,2245.6,13181,2245.4,13,0.0,0,0.0,0,0.0,0,0.0,0,2245.6,15,0.0,0,0.0,0,0.0,0,0.0,0
2012-11-09T09:23:34.250,2245.4,13183,2245.4,11,0.0,0,0.0,0,0.0,0,0.0,0,2245.6,15,0.0,0,0.0,0,0.0,0,0.0,0
2012-11-09T09:23:35.250,2245.6,13202,2245.6,11,0.0,0,0.0,0,0.0,0,0.0,0,2245.8,57,0.0,0,0.0,0,0.0,0,0.0,0
2012-11-09T09:23:37.000,2245.6,13203,2245.6,21,0.0,0,0.0,0,0.0,0,0.0,0,2245.8,57,0.0,0,0.0,0,0.0,0,0.0,0
2012-11-09T09:23:37.500,2245.8,13214,2245.6,20,0.0,0,0.0,0,0.0,0,0.0,0,2245.8,47,0.0,0,0.0,0,0.0,0,0.0,0
2012-11-09T09:23:38.000,2245.8,13215,2245.6,21,0.0,0,0.0,0,0.0,0,0.0,0,2245.8,46,0.0,0,0.0,0,0.0,0,0.0,0
2012-11-09T09:23:38.500,2245.6,13247,2245.6,21,0.0,0,0.0,0,0.0,0,0.0,0,2245.8,17,0.0,0,0.0,0,0.0,0,0.0,0
2012-11-09T09:23:39.000,2245.8,13266,2245.6,9,0.0,0,0.0,0,0.0,0,0.0,0,2245.8,9,0.0,0,0.0,0,0.0,0,0.0,0
2012-11-09T09:23:39.500,2246,13276,2245.8,8,0.0,0,0.0,0,0.0,0,0.0,0,2246,201,0.0,0,0.0,0,0.0,0,0.0,0
2012-11-09T09:23:40.000,2246,13282,2245.8,6,0.0,0,0.0,0,0.0,0,0.0,0,2246,197,0.0,0,0.0,0,0.0,0,0.0,0
2012-11-09T09:23:40.500,2245.8,13285,2245.8,5,0.0,0,0.0,0,0.0,0,0.0,0,2246,195,0.0,0,0.0,0,0.0,0,0.0,0
2012-11-09T09:23:41.000,2245.8,13361,2245.8,3,0.0,0,0.0,0,0.0,0,0.0,0,2246,122,0.0,0,0.0,0,0.0,0,0.0,0
2012-11-09T09:23:41.500,2246,13426,2245.8,4,0.0,0,0.0,0,0.0,0,0.0,0,2246,57,0.0,0,0.0,0,0.0,0,0.0,0
2012-11-09T09:23:42.000,2246,13473,2245.8,9,0.0,0,0.0,0,0.0,0,0.0,0,2246,11,0.0,0,0.0,0,0.0,0,0.0,0
2012-11-09T09:23:42.500,2246,13487,2246,29,0.0,0,0.0,0,0.0,0,0.0,0,2246.2,16,0.0,0,0.0,0,0.0,0,0.0,0
2012-11-09T09:23:43.000,2246.2,13494,2246,29,0.0,0,0.0,0,0.0,0,0.0,0,2246.2,19,0.0,0,0.0,0,0.0,0,0.0,0
2012-11-09T09:23:43.500,2246.2,13500,2246,28,0.0,0,0.0,0,0.0,0,0.0,0,2246.2,14,0.0,0,0.0,0,0.0,0,0.0,0
2012-11-09T09:23:44.000,2246.2,13511,2246,29,0.0,0,0.0,0,0.0,0,0.0,0,2246.2,11,0.0,0,0.0,0,0.0,0,0.0,0
2012-11-09T09:23:44.500,2246.2,13514,2246,31,0.0,0,0.0,0,0.0,0,0.0,0,2246.2,18,0.0,0,0.0,0,0.0,0,0.0,0
2012-11-09T09:23:45.000,2246.2,13525,2246,27,0.0,0,0.0,0,0.0,0,0.0,0,2246.2,12,0.0,0,0.0,0,0.0,0,0.0,0
2012-11-09T09:23:45.500,2246,13540,2246.2,1,0.0,0,0.0,0,0.0,0,0.0,0,2246.4,70,0.0,0,0.0,0,0.0,0,0.0,0
2012-11-09T09:23:46.250,2246.2,13544,2246.2,1,0.0,0,0.0,0,0.0,0,0.0,0,2246.4,70,0.0,0,0.0,0,0.0,0,0.0,0
2012-11-09T09:23:47.000,2246,13550,2246.2,1,0.0,0,0.0,0,0.0,0,0.0,0,2246.4,70,0.0,0,0.0,0,0.0,0,0.0,0
2012-11-09T09:23:47.500,2246.2,13553,2246,21,0.0,0,0.0,0,0.0,0,0.0,0,2246.2,15,0.0,0,0.0,0,0.0,0,0.0,0
2012-11-09T09:23:48.000,2246.2,13563,2246,12,0.0,0,0.0,0,0.0,0,0.0,0,2246.2,15,0.0,0,0.0,0,0.0,0,0.0,0
2012-11-09T09:23:48.500,2246,13577,2245.8,7,0.0,0,0.0,0,0.0,0,0.0,0,2246,1,0.0,0,0.0,0,0.0,0,0.0,0
2012-11-09T09:23:49.250,2245.8,13589,2245.8,6,0.0,0,0.0,0,0.0,0,0.0,0,2246.2,11,0.0,0,0.0,0,0.0,0,0.0,0
2012-11-09T09:23:50.000,2245.8,13594,2245.8,4,0.0,0,0.0,0,0.0,0,0.0,0,2246,6,0.0,0,0.0,0,0.0,0,0.0,0
2012-11-09T09:23:50.500,2246,13597,2245.8,4,0.0,0,0.0,0,0.0,0,0.0,0,2246,6,0.0,0,0.0,0,0.0,0,0.0,0
2012-11-09T09:23:51.250,2245.8,13601,2245.6,5,0.0,0,0.0,0,0.0,0,0.0,0,2245.8,2,0.0,0,0.0,0,0.0,0,0.0,0
2012-11-09T09:23:52.250,2245.8,13602,2245.6,6,0.0,0,0.0,0,0.0,0,0.0,0,2245.8,11,0.0,0,0.0,0,0.0,0,0.0,0
2012-11-09T09:23:53.250,2245.8,13603,2245.6,8,0.0,0,0.0,0,0.0,0,0.0,0,2245.8,10,0.0,0,0.0,0,0.0,0,0.0,0
2012-11-09T09:23:54.000,2245.6,13608,2245.6,8,0.0,0,0.0,0,0.0,0,0.0,0,2245.8,10,0.0,0,0.0,0,0.0,0,0.0,0
2012-11-09T09:23:54.500,2245.8,13615,2245.6,7,0.0,0,0.0,0,0.0,0,0.0,0,2245.8,4,0.0,0,0.0,0,0.0,0,0.0,0
2012-11-09T09:23:55.250,2245.8,13616,2245.6,7,0.0,0,0.0,0,0.0,0,0.0,0,2245.8,3,0.0,0,0.0,0,0.0,0,0.0,0
2012-11-09T09:23:56.250,2245.8,13629,2245.6,5,0.0,0,0.0,0,0.0,0,0.0,0,2245.8,9,0.0,0,0.0,0,0.0,0,0.0,0
2012-11-09T09:23:57.250,2245.8,13633,2245.6,5,0.0,0,0.0,0,0.0,0,0.0,0,2245.8,5,0.0,0,0.0,0,0.0,0,0.0,0
2012-11-09T09:23:58.000,2245.8,13644,2245.6,5,0.0,0,0.0,0,0.0,0,0.0,0,2245.8,2,0.0,0,0.0,0,0.0,0,0.0,0
2012-11-09T09:23:58.500,2245.8,13647,2245.6,15,0.0,0,0.0,0,0.0,0,0.0,0,2246,19,0.0,0,0.0,0,0.0,0,0.0,0
2012-11-09T09:23:59.250,2245.8,13648,2245.6,15,0.0,0,0.0,0,0.0,0,0.0,0,2246,19,0.0,0,0.0,0,0.0,0,0.0,0
2012-11-09T09:24:00.000,2245.6,13652,2245.6,12,0.0,0,0.0,0,0.0,0,0.0,0,2246,22,0.0,0,0.0,0,0.0,0,0.0,0
2012-11-09T09:24:00.500,2246,13660,2245.6,14,0.0,0,0.0,0,0.0,0,0.0,0,2246,16,0.0,0,0.0,0,0.0,0,0.0,0
