date_time,last_px,total_volume,bid1_px,bid1_qty,bid2_px,bid2_qty,bid3_px,bid3_qty,bid4_px,bid4_qty,bid5_px,bid5_qty,ask1_px,ask1_qty,ask2_px,ask2_qty,ask3_px,ask3_qty,ask4_px,ask4_qty,ask5_px,ask5_qty
2012-10-09T09:14:00.250,2283.2,144,2283.2,80,0.0,0,0.0,0,0.0,0,0.0,0,2283.4,1,0.0,0,0.0,0,0.0,0,0.0,0
2012-10-09T09:15:00.250,2285.2,329,2285.2,18,0.0,0,0.0,0,0.0,0,0.0,0,2285.6,3,0.0,0,0.0,0,0.0,0,0.0,0
2012-10-09T09:15:01.000,2286.8,473,2285.8,6,0.0,0,0.0,0,0.0,0,0.0,0,2287,25,0.0,0,0.0,0,0.0,0,0.0,0
2012-10-09T09:15:01.500,2288.8,684,2287,36,0.0,0,0.0,0,0.0,0,0.0,0,2289,4,0.0,0,0.0,0,0.0,0,0.0,0
2012-10-09T09:15:02.000,2287.4,844,2287.4,6,0.0,0,0.0,0,0.0,0,0.0,0,2288.6,5,0.0,0,0.0,0,0.0,0,0.0,0
2012-10-09T09:15:02.500,2288.2,987,2287.6,4,0.0,0,0.0,0,0.0,0,0.0,0,2288.2,23,0.0,0,0.0,0,0.0,0,0.0,0
2012-10-09T09:15:03.000,2287,1079,2287,46,0.0,0,0.0,0,0.0,0,0.0,0,2287.6,11,0.0,0,0.0,0,0.0,0,0.0,0
2012-10-09T09:15:03.500,2287,1227,2287,2,0.0,0,0.0,0,0.0,0,0.0,0,2287.4,24,0.0,0,0.0,0,0.0,0,0.0,0
2012-10-09T09:15:04.000,2286.8,1300,2285.6,39,0.0,0,0.0,0,0.0,0,0.0,0,2286.8,2,0.0,0,0.0,0,0.0,0,0.0,0
2012-10-09T09:15:04.500,2286,1370,2286,7,0.0,0,0.0,0,0.0,0,0.0,0,2286.4,24,0.0,0,0.0,0,0.0,0,0.0,0
2012-10-09T09:15:05.000,2284.6,1498,2284.2,19,0.0,0,0.0,0,0.0,0,0.0,0,2284.6,1,0.0,0,0.0,0,0.0,0,0.0,0
2012-10-09T09:15:05.500,2284.6,1640,2284,29,0.0,0,0.0,0,0.0,0,0.0,0,2284.2,5,0.0,0,0.0,0,0.0,0,0.0,0
2012-10-09T09:15:06.000,2283.8,1687,2283.8,9,0.0,0,0.0,0,0.0,0,0.0,0,2284,1,0.0,0,0.0,0,0.0,0,0.0,0
2012-10-09T09:15:06.500,2284,1743,2284,18,0.0,0,0.0,0,0.0,0,0.0,0,2284.2,3,0.0,0,0.0,0,0.0,0,0.0,0
2012-10-09T09:15:07.000,2284.2,1816,2284.2,57,0.0,0,0.0,0,0.0,0,0.0,0,2285.6,16,0.0,0,0.0,0,0.0,0,0.0,0
2012-10-09T09:15:07.500,2284.6,1877,2284.6,37,0.0,0,0.0,0,0.0,0,0.0,0,2285,2,0.0,0,0.0,0,0.0,0,0.0,0
2012-10-09T09:15:08.000,2286,1920,2285.2,17,0.0,0,0.0,0,0.0,0,0.0,0,2286,26,0.0,0,0.0,0,0.0,0,0.0,0
2012-10-09T09:15:08.500,2285.6,1946,2285.6,9,0.0,0,0.0,0,0.0,0,0.0,0,2285.8,20,0.0,0,0.0,0,0.0,0,0.0,0
2012-10-09T09:15:09.000,2286,1992,2285.8,40,0.0,0,0.0,0,0.0,0,0.0,0,2286,16,0.0,0,0.0,0,0.0,0,0.0,0
2012-10-09T09:15:09.500,2286,2030,2285.8,36,0.0,0,0.0,0,0.0,0,0.0,0,2286.2,23,0.0,0,0.0,0,0.0,0,0.0,0
2012-10-09T09:15:10.000,2286.2,2105,2286.2,60,0.0,0,0.0,0,0.0,0,0.0,0,2286.8,3,0.0,0,0.0,0,0.0,0,0.0,0
2012-10-09T09:15:10.500,2286.6,2175,2286.4,14,0.0,0,0.0,0,0.0,0,0.0,0,2286.8,10,0.0,0,0.0,0,0.0,0,0.0,0
2012-10-09T09:15:11.000,2286.8,2224,2286.8,1,0.0,0,0.0,0,0.0,0,0.0,0,2287,122,0.0,0,0.0,0,0.0,0,0.0,0
2012-10-09T09:15:11.500,2286.8,2266,2286.6,10,0.0,0,0.0,0,0.0,0,0.0,0,2286.8,2,0.0,0,0.0,0,0.0,0,0.0,0
2012-10-09T09:15:12.000,2286.4,2306,2286.2,12,0.0,0,0.0,0,0.0,0,0.0,0,2286.4,45,0.0,0,0.0,0,0.0,0,0.0,0
2012-10-09T09:15:12.500,2286.2,2563,2284.6,9,0.0,0,0.0,0,0.0,0,0.0,0,2286,35,0.0,0,0.0,0,0.0,0,0.0,0
2012-10-09T09:15:13.000,2285.6,2594,2284.8,14,0.0,0,0.0,0,0.0,0,0.0,0,2285.6,58,0.0,0,0.0,0,0.0,0,0.0,0
2012-10-09T09:15:13.500,2284.6,2625,2284.4,2,0.0,0,0.0,0,0.0,0,0.0,0,2284.6,6,0.0,0,0.0,0,0.0,0,0.0,0
2012-10-09T09:15:14.000,2284.6,2678,2284.4,2,0.0,0,0.0,0,0.0,0,0.0,0,2284.6,30,0.0,0,0.0,0,0.0,0,0.0,0
2012-10-09T09:15:14.500,2284.2,2703,2284,6,0.0,0,0.0,0,0.0,0,0.0,0,2284.2,3,0.0,0,0.0,0,0.0,0,0.0,0
2012-10-09T09:15:15.000,2284.4,2742,2283.6,81,0.0,0,0.0,0,0.0,0,0.0,0,2284.2,2,0.0,0,0.0,0,0.0,0,0.0,0
2012-10-09T09:15:15.500,2283.8,2766,2283.6,83,0.0,0,0.0,0,0.0,0,0.0,0,2284,10,0.0,0,0.0,0,0.0,0,0.0,0
2012-10-09T09:15:16.000,2284.2,2808,2284.2,6,0.0,0,0.0,0,0.0,0,0.0,0,2284.4,22,0.0,0,0.0,0,0.0,0,0.0,0
2012-10-09T09:15:16.500,2284.2,2853,2284,3,0.0,0,0.0,0,0.0,0,0.0,0,2284.2,1,0.0,0,0.0,0,0.0,0,0.0,0
2012-10-09T09:15:17.000,2284,2875,2283.8,64,0.0,0,0.0,0,0.0,0,0.0,0,2284,4,0.0,0,0.0,0,0.0,0,0.0,0
2012-10-09T09:15:17.500,2284,2942,2284,7,0.0,0,0.0,0,0.0,0,0.0,0,2284.6,54,0.0,0,0.0,0,0.0,0,0.0,0
2012-10-09T09:15:18.000,2284.2,3008,2284.2,7,0.0,0,0.0,0,0.0,0,0.0,0,2284.6,7,0.0,0,0.0,0,0.0,0,0.0,0
2012-10-09T09:15:18.500,2284.2,3053,2284.2,17,0.0,0,0.0,0,0.0,0,0.0,0,2284.8,21,0.0,0,0.0,0,0.0,0,0.0,0
2012-10-09T09:15:19.000,2284.2,3092,2284.2,12,0.0,0,0.0,0,0.0,0,0.0,0,2284.4,13,0.0,0,0.0,0,0.0,0,0.0,0
2012-10-09T09:15:19.500,2284.6,3168,2284.4,2,0.0,0,0.0,0,0.0,0,0.0,0,2284.6,14,0.0,0,0.0,0,0.0,0,0.0,0
2012-10-09T09:15:20.000,2284,3182,2284,8,0.0,0,0.0,0,0.0,0,0.0,0,2284.4,1,0.0,0,0.0,0,0.0,0,0.0,0
2012-10-09T09:15:20.500,2284.4,3231,2284.4,3,0.0,0,0.0,0,0.0,0,0.0,0,2285,8,0.0,0,0.0,0,0.0,0,0.0,0
2012-10-09T09:15:21.000,2284.8,3266,2284.4,24,0.0,0,0.0,0,0.0,0,0.0,0,2284.8,3,0.0,0,0.0,0,0.0,0,0.0,0
2012-10-09T09:15:21.500,2284.4,3329,2284.6,5,0.0,0,0.0,0,0.0,0,0.0,0,2286,19,0.0,0,0.0,0,0.0,0,0.0,0
2012-10-09T09:15:22.000,2286,3406,2285.2,9,0.0,0,0.0,0,0.0,0,0.0,0,2286,12,0.0,0,0.0,0,0.0,0,0.0,0
2012-10-09T09:15:22.500,2285.6,3436,2285.6,17,0.0,0,0.0,0,0.0,0,0.0,0,2285.8,6,0.0,0,0.0,0,0.0,0,0.0,0
2012-10-09T09:15:23.000,2286.2,3470,2286,4,0.0,0,0.0,0,0.0,0,0.0,0,2286.2,1,0.0,0,0.0,0,0.0,0,0.0,0
2012-10-09T09:15:23.500,2286.4,3509,2286.2,10,0.0,0,0.0,0,0.0,0,0.0,0,2287,162,0.0,0,0.0,0,0.0,0,0.0,0
2012-10-09T09:15:24.000,2285.4,3590,2285,21,0.0,0,0.0,0,0.0,0,0.0,0,2285.4,6,0.0,0,0.0,0,0.0,0,0.0,0
2012-10-09T09:15:24.500,2286.8,3668,2286.2,7,0.0,0,0.0,0,0.0,0,0.0,0,2286.8,26,0.0,0,0.0,0,0.0,0,0.0,0
2012-10-09T09:15:25.000,2286.2,3683,2286.2,5,0.0,0,0.0,0,0.0,0,0.0,0,2286.4,14,0.0,0,0.0,0,0.0,0,0.0,0
2012-10-09T09:15:25.500,2285.4,3719,2285.4,11,0.0,0,0.0,0,0.0,0,0.0,0,2285.6,1,0.0,0,0.0,0,0.0,0,0.0,0
2012-10-09T09:15:26.000,2285.6,3732,2285.6,15,0.0,0,0.0,0,0.0,0,0.0,0,2286,3,0.0,0,0.0,0,0.0,0,0.0,0
2012-10-09T09:15:26.500,2285.6,3748,2285.6,1,0.0,0,0.0,0,0.0,0,0.0,0,2286,10,0.0,0,0.0,0,0.0,0,0.0,0
2012-10-09T09:15:27.000,2286,3769,2286,16,0.0,0,0.0,0,0.0,0,0.0,0,2286.2,17,0.0,0,0.0,0,0.0,0,0.0,0
2012-10-09T09:15:27.500,2286,3803,2285.6,3,0.0,0,0.0,0,0.0,0,0.0,0,2286,5,0.0,0,0.0,0,0.0,0,0.0,0
2012-10-09T09:15:28.000,2285.6,3808,2285.6,25,0.0,0,0.0,0,0.0,0,0.0,0,2286,2,0.0,0,0.0,0,0.0,0,0.0,0
2012-10-09T09:15:28.500,2286.2,3826,2286,4,0.0,0,0.0,0,0.0,0,0.0,0,2286.2,14,0.0,0,0.0,0,0.0,0,0.0,0
2012-10-09T09:15:29.000,2286,3836,2285.6,22,0.0,0,0.0,0,0.0,0,0.0,0,2286,4,0.0,0,0.0,0,0.0,0,0.0,0
2012-10-09T09:15:29.500,2285.6,3850,2286,49,0.0,0,0.0,0,0.0,0,0.0,0,2286.2,13,0.0,0,0.0,0,0.0,0,0.0,0
2012-10-09T09:15:30.000,2286,3861,2286,42,0.0,0,0.0,0,0.0,0,0.0,0,2286.2,10,0.0,0,0.0,0,0.0,0,0.0,0
2012-10-09T09:15:30.500,2285.8,3919,2285.8,9,0.0,0,0.0,0,0.0,0,0.0,0,2286,17,0.0,0,0.0,0,0.0,0,0.0,0
2012-10-09T09:15:31.000,2285.8,3936,2285.8,6,0.0,0,0.0,0,0.0,0,0.0,0,2286,4,0.0,0,0.0,0,0.0,0,0.0,0
2012-10-09T09:15:31.500,2285.8,3952,2285.6,20,0.0,0,0.0,0,0.0,0,0.0,0,2285.8,17,0.0,0,0.0,0,0.0,0,0.0,0
2012-10-09T09:15:32.000,2285.4,3973,2285.4,1,0.0,0,0.0,0,0.0,0,0.0,0,2285.8,32,0.0,0,0.0,0,0.0,0,0.0,0
2012-10-09T09:15:32.500,2285.4,3995,2285.2,3,0.0,0,0.0,0,0.0,0,0.0,0,2285.4,36,0.0,0,0.0,0,0.0,0,0.0,0
2012-10-09T09:15:33.000,2285,4014,2284.8,5,0.0,0,0.0,0,0.0,0,0.0,0,2285.2,27,0.0,0,0.0,0,0.0,0,0.0,0
2012-10-09T09:15:33.500,2284.6,4023,2284.6,53,0.0,0,0.0,0,0.0,0,0.0,0,2284.8,9,0.0,0,0.0,0,0.0,0,0.0,0
2012-10-09T09:15:34.000,2284.6,4039,2284.6,41,0.0,0,0.0,0,0.0,0,0.0,0,2284.8,16,0.0,0,0.0,0,0.0,0,0.0,0
2012-10-09T09:15:34.500,2284.8,4089,2284.8,8,0.0,0,0.0,0,0.0,0,0.0,0,2285,14,0.0,0,0.0,0,0.0,0,0.0,0
2012-10-09T09:15:35.000,2285,4113,2285,18,0.0,0,0.0,0,0.0,0,0.0,0,2285.2,19,0.0,0,0.0,0,0.0,0,0.0,0
2012-10-09T09:15:35.500,2285,4143,2285,8,0.0,0,0.0,0,0.0,0,0.0,0,2285.2,7,0.0,0,0.0,0,0.0,0,0.0,0
2012-10-09T09:15:36.000,2285.2,4157,2285.2,12,0.0,0,0.0,0,0.0,0,0.0,0,2285.4,29,0.0,0,0.0,0,0.0,0,0.0,0
2012-10-09T09:15:36.500,2285.2,4172,2285.2,14,0.0,0,0.0,0,0.0,0,0.0,0,2285.4,28,0.0,0,0.0,0,0.0,0,0.0,0
2012-10-09T09:15:37.000,2285.4,4194,2285,6,0.0,0,0.0,0,0.0,0,0.0,0,2285.4,21,0.0,0,0.0,0,0.0,0,0.0,0
2012-10-09T09:15:37.500,2285.4,4199,2285,2,0.0,0,0.0,0,0.0,0,0.0,0,2285.4,20,0.0,0,0.0,0,0.0,0,0.0,0
2012-10-09T09:15:38.000,2285.2,4208,2284.8,3,0.0,0,0.0,0,0.0,0,0.0,0,2285.2,16,0.0,0,0.0,0,0.0,0,0.0,0
2012-10-09T09:15:38.500,2284.8,4215,2284.6,11,0.0,0,0.0,0,0.0,0,0.0,0,2284.8,2,0.0,0,0.0,0,0.0,0,0.0,0
2012-10-09T09:15:39.000,2284.6,4250,2284.4,36,0.0,0,0.0,0,0.0,0,0.0,0,2284.6,49,0.0,0,0.0,0,0.0,0,0.0,0
2012-10-09T09:15:39.500,2284.6,4295,2284.4,6,0.0,0,0.0,0,0.0,0,0.0,0,2284.6,36,0.0,0,0.0,0,0.0,0,0.0,0
2012-10-09T09:15:40.000,2284.2,4317,2284.2,1,0.0,0,0.0,0,0.0,0,0.0,0,2284.4,9,0.0,0,0.0,0,0.0,0,0.0,0
2012-10-09T09:15:40.500,2284.4,4331,2284,29,0.0,0,0.0,0,0.0,0,0.0,0,2284.2,3,0.0,0,0.0,0,0.0,0,0.0,0
2012-10-09T09:15:41.000,2284.2,4366,2284.2,7,0.0,0,0.0,0,0.0,0,0.0,0,2284.4,9,0.0,0,0.0,0,0.0,0,0.0,0
2012-10-09T09:15:41.500,2284.2,4386,2284.2,27,0.0,0,0.0,0,0.0,0,0.0,0,2284.4,4,0.0,0,0.0,0,0.0,0,0.0,0
2012-10-09T09:15:42.000,2284.4,4411,2284.4,53,0.0,0,0.0,0,0.0,0,0.0,0,2284.6,36,0.0,0,0.0,0,0.0,0,0.0,0
2012-10-09T09:15:42.500,2284.6,4428,2284.4,45,0.0,0,0.0,0,0.0,0,0.0,0,2284.6,27,0.0,0,0.0,0,0.0,0,0.0,0
2012-10-09T09:15:43.000,2285,4495,2285,8,0.0,0,0.0,0,0.0,0,0.0,0,2285.2,24,0.0,0,0.0,0,0.0,0,0.0,0
2012-10-09T09:15:43.500,2284.6,4512,2284.6,23,0.0,0,0.0,0,0.0,0,0.0,0,2285,2,0.0,0,0.0,0,0.0,0,0.0,0
2012-10-09T09:15:44.000,2285,4526,2285,5,0.0,0,0.0,0,0.0,0,0.0,0,2285.2,19,0.0,0,0.0,0,0.0,0,0.0,0
2012-10-09T09:15:44.500,2285.2,4531,2285,3,0.0,0,0.0,0,0.0,0,0.0,0,2285.2,19,0.0,0,0.0,0,0.0,0,0.0,0
2012-10-09T09:15:45.000,2285,4538,2284.8,2,0.0,0,0.0,0,0.0,0,0.0,0,2285,1,0.0,0,0.0,0,0.0,0,0.0,0
2012-10-09T09:15:45.500,2285,4546,2285,4,0.0,0,0.0,0,0.0,0,0.0,0,2285.2,30,0.0,0,0.0,0,0.0,0,0.0,0
2012-10-09T09:15:46.000,2285.2,4551,2285,6,0.0,0,0.0,0,0.0,0,0.0,0,2285.2,28,0.0,0,0.0,0,0.0,0,0.0,0
2012-10-09T09:15:46.500,2285,4590,2284.8,7,0.0,0,0.0,0,0.0,0,0.0,0,2285,11,0.0,0,0.0,0,0.0,0,0.0,0
2012-10-09T09:15:47.000,2285,4605,2285,7,0.0,0,0.0,0,0.0,0,0.0,0,2285.4,29,0.0,0,0.0,0,0.0,0,0.0,0
2012-10-09T09:15:47.500,2285.2,4606,2285,19,0.0,0,0.0,0,0.0,0,0.0,0,2285.4,34,0.0,0,0.0,0,0.0,0,0.0,0
2012-10-09T09:15:48.000,2285,4610,2285.2,1,0.0,0,0.0,0,0.0,0,0.0,0,2285.4,36,0.0,0,0.0,0,0.0,0,0.0,0
2012-10-09T09:15:48.500,2285.2,4634,2285.2,1,0.0,0,0.0,0,0.0,0,0.0,0,2285.4,16,0.0,0,0.0,0,0.0,0,0.0,0
2012-10-09T09:15:49.000,2285.2,4655,2285.2,2,0.0,0,0.0,0,0.0,0,0.0,0,2285.6,6,0.0,0,0.0,0,0.0,0,0.0,0
2012-10-09T09:15:49.500,2285.6,4658,2285,18,0.0,0,0.0,0,0.0,0,0.0,0,2285.2,3,0.0,0,0.0,0,0.0,0,0.0,0
2012-10-09T09:15:50.000,2285.4,4671,2285.4,7,0.0,0,0.0,0,0.0,0,0.0,0,2285.6,16,0.0,0,0.0,0,0.0,0,0.0,0
2012-10-09T09:15:50.500,2285.4,4673,2285.4,6,0.0,0,0.0,0,0.0,0,0.0,0,2285.6,19,0.0,0,0.0,0,0.0,0,0.0,0
2012-10-09T09:15:51.000,2285.2,4693,2285.2,3,0.0,0,0.0,0,0.0,0,0.0,0,2285.4,17,0.0,0,0.0,0,0.0,0,0.0,0
2012-10-09T09:15:51.500,2285.4,4708,2285.2,2,0.0,0,0.0,0,0.0,0,0.0,0,2285.4,4,0.0,0,0.0,0,0.0,0,0.0,0
2012-10-09T09:15:52.000,2285.2,4718,2285,22,0.0,0,0.0,0,0.0,0,0.0,0,2285.2,3,0.0,0,0.0,0,0.0,0,0.0,0
2012-10-09T09:15:52.500,2285,4739,2285,1,0.0,0,0.0,0,0.0,0,0.0,0,2285.2,3,0.0,0,0.0,0,0.0,0,0.0,0
2012-10-09T09:15:53.000,2285,4745,2284.8,10,0.0,0,0.0,0,0.0,0,0.0,0,2285,2,0.0,0,0.0,0,0.0,0,0.0,0
2012-10-09T09:15:53.500,2284.6,4758,2284.6,36,0.0,0,0.0,0,0.0,0,0.0,0,2284.8,11,0.0,0,0.0,0,0.0,0,0.0,0
2012-10-09T09:15:54.000,2284.6,4763,2284.6,34,0.0,0,0.0,0,0.0,0,0.0,0,2284.8,9,0.0,0,0.0,0,0.0,0,0.0,0
2012-10-09T09:15:54.500,2284.6,4794,2284.8,1,0.0,0,0.0,0,0.0,0,0.0,0,2285,8,0.0,0,0.0,0,0.0,0,0.0,0
2012-10-09T09:15:55.000,2285,4810,2285,46,0.0,0,0.0,0,0.0,0,0.0,0,2285.2,23,0.0,0,0.0,0,0.0,0,0.0,0
2012-10-09T09:15:55.500,2285,4837,2285,22,0.0,0,0.0,0,0.0,0,0.0,0,2285.2,11,0.0,0,0.0,0,0.0,0,0.0,0
2012-10-09T09:15:56.000,2285.2,4877,2285.2,4,0.0,0,0.0,0,0.0,0,0.0,0,2285.4,31,0.0,0,0.0,0,0.0,0,0.0,0
2012-10-09T09:15:56.500,2284.6,4891,2284.6,33,0.0,0,0.0,0,0.0,0,0.0,0,2285,3,0.0,0,0.0,0,0.0,0,0.0,0
2012-10-09T09:15:57.000,2285,4895,2284.8,3,0.0,0,0.0,0,0.0,0,0.0,0,2285,24,0.0,0,0.0,0,0.0,0,0.0,0
2012-10-09T09:15:57.500,2284.8,4906,2284.6,32,0.0,0,0.0,0,0.0,0,0.0,0,2284.8,36,0.0,0,0.0,0,0.0,0,0.0,0
2012-10-09T09:15:58.000,2284.6,4934,2284.6,7,0.0,0,0.0,0,0.0,0,0.0,0,2284.8,44,0.0,0,0.0,0,0.0,0,0.0,0
2012-10-09T09:15:58.500,2284.6,4966,2284.4,58,0.0,0,0.0,0,0.0,0,0.0,0,2284.6,17,0.0,0,0.0,0,0.0,0,0.0,0
2012-10-09T09:15:59.000,2284.4,5005,2284.4,25,0.0,0,0.0,0,0.0,0,0.0,0,2284.6,22,0.0,0,0.0,0,0.0,0,0.0,0
2012-10-09T09:15:59.500,2284.6,5047,2284.2,33,0.0,0,0.0,0,0.0,0,0.0,0,2284.6,15,0.0,0,0.0,0,0.0,0,0.0,0
2012-10-09T09:16:00.000,2284.4,5077,2284.2,7,0.0,0,0.0,0,0.0,0,0.0,0,2284.4,11,0.0,0,0.0,0,0.0,0,0.0,0
2012-10-09T09:16:00.500,2284,5128,2284,45,0.0,0,0.0,0,0.0,0,0.0,0,2284.8,16,0.0,0,0.0,0,0.0,0,0.0,0
2012-10-09T09:16:01.000,2284.4,5148,2284.2,25,0.0,0,0.0,0,0.0,0,0.0,0,2284.6,11,0.0,0,0.0,0,0.0,0,0.0,0
2012-10-09T09:16:01.500,2284.4,5196,2284.4,6,0.0,0,0.0,0,0.0,0,0.0,0,2284.6,14,0.0,0,0.0,0,0.0,0,0.0,0
2012-10-09T09:16:02.000,2284.2,5232,2284,39,0.0,0,0.0,0,0.0,0,0.0,0,2284.4,25,0.0,0,0.0,0,0.0,0,0.0,0
2012-10-09T09:16:02.500,2284,5262,2284,20,0.0,0,0.0,0,0.0,0,0.0,0,2284.2,4,0.0,0,0.0,0,0.0,0,0.0,0
2012-10-09T09:16:03.000,2284,5330,2283.8,25,0.0,0,0.0,0,0.0,0,0.0,0,2284,9,0.0,0,0.0,0,0.0,0,0.0,0
2012-10-09T09:16:03.500,2283.8,5353,2283.8,7,0.0,0,0.0,0,0.0,0,0.0,0,2284,8,0.0,0,0.0,0,0.0,0,0.0,0
2012-10-09T09:16:04.000,2284,5406,2283.6,28,0.0,0,0.0,0,0.0,0,0.0,0,2283.8,1,0.0,0,0.0,0,0.0,0,0.0,0
2012-10-09T09:16:04.500,2284,5424,2283.6,35,0.0,0,0.0,0,0.0,0,0.0,0,2284,4,0.0,0,0.0,0,0.0,0,0.0,0
2012-10-09T09:16:05.000,2283.6,5456,2283.8,5,0.0,0,0.0,0,0.0,0,0.0,0,2284.2,2,0.0,0,0.0,0,0.0,0,0.0,0
2012-10-09T09:16:05.500,2284.4,5483,2284,40,0.0,0,0.0,0,0.0,0,0.0,0,2284.4,8,0.0,0,0.0,0,0.0,0,0.0,0
2012-10-09T09:16:06.000,2284.2,5512,2284.2,14,0.0,0,0.0,0,0.0,0,0.0,0,2284.4,6,0.0,0,0.0,0,0.0,0,0.0,0
2012-10-09T09:16:06.500,2284.2,5553,2284.4,6,0.0,0,0.0,0,0.0,0,0.0,0,2284.6,22,0.0,0,0.0,0,0.0,0,0.0,0
2012-10-09T09:16:07.000,2284.6,5560,2284.4,24,0.0,0,0.0,0,0.0,0,0.0,0,2284.6,20,0.0,0,0.0,0,0.0,0,0.0,0
2012-10-09T09:16:07.500,2284.4,5578,2284.4,16,0.0,0,0.0,0,0.0,0,0.0,0,2284.6,14,0.0,0,0.0,0,0.0,0,0.0,0
2012-10-09T09:16:08.000,2284.6,5598,2284.4,6,0.0,0,0.0,0,0.0,0,0.0,0,2284.6,5,0.0,0,0.0,0,0.0,0,0.0,0
2012-10-09T09:16:08.500,2284.6,5639,2284,17,0.0,0,0.0,0,0.0,0,0.0,0,2284.4,1,0.0,0,0.0,0,0.0,0,0.0,0
2012-10-09T09:16:09.000,2284.4,5641,2284,17,0.0,0,0.0,0,0.0,0,0.0,0,2284.2,5,0.0,0,0.0,0,0.0,0,0.0,0
2012-10-09T09:16:09.500,2284,5656,2284,11,0.0,0,0.0,0,0.0,0,0.0,0,2284.4,21,0.0,0,0.0,0,0.0,0,0.0,0
2012-10-09T09:16:10.000,2284,5669,2284,1,0.0,0,0.0,0,0.0,0,0.0,0,2284.2,25,0.0,0,0.0,0,0.0,0,0.0,0
2012-10-09T09:16:10.500,2284,5679,2283.8,4,0.0,0,0.0,0,0.0,0,0.0,0,2284,7,0.0,0,0.0,0,0.0,0,0.0,0
2012-10-09T09:16:11.000,2283.8,5685,2283.6,9,0.0,0,0.0,0,0.0,0,0.0,0,2283.8,15,0.0,0,0.0,0,0.0,0,0.0,0
2012-10-09T09:16:11.500,2283.6,5703,2283.4,86,0.0,0,0.0,0,0.0,0,0.0,0,2283.8,29,0.0,0,0.0,0,0.0,0,0.0,0
2012-10-09T09:16:12.000,2283.6,5710,2283.4,86,0.0,0,0.0,0,0.0,0,0.0,0,2283.8,17,0.0,0,0.0,0,0.0,0,0.0,0
2012-10-09T09:16:12.500,2283.4,5741,2283.4,83,0.0,0,0.0,0,0.0,0,0.0,0,2283.6,4,0.0,0,0.0,0,0.0,0,0.0,0
2012-10-09T09:16:13.000,2283.4,5780,2283.4,69,0.0,0,0.0,0,0.0,0,0.0,0,2283.6,5,0.0,0,0.0,0,0.0,0,0.0,0
2012-10-09T09:16:13.500,2283.6,5830,2283.6,8,0.0,0,0.0,0,0.0,0,0.0,0,2283.8,2,0.0,0,0.0,0,0.0,0,0.0,0
2012-10-09T09:16:14.000,2283.4,5843,2283.4,42,0.0,0,0.0,0,0.0,0,0.0,0,2283.6,1,0.0,0,0.0,0,0.0,0,0.0,0
2012-10-09T09:16:14.500,2283.2,5900,2283.2,83,0.0,0,0.0,0,0.0,0,0.0,0,2283.4,28,0.0,0,0.0,0,0.0,0,0.0,0
2012-10-09T09:16:15.000,2283.4,5930,2283.2,70,0.0,0,0.0,0,0.0,0,0.0,0,2283.4,44,0.0,0,0.0,0,0.0,0,0.0,0
2012-10-09T09:16:15.500,2283,6041,2283,88,0.0,0,0.0,0,0.0,0,0.0,0,2283.2,60,0.0,0,0.0,0,0.0,0,0.0,0
2012-10-09T09:16:16.000,2282.8,6155,2282.6,8,0.0,0,0.0,0,0.0,0,0.0,0,2282.8,31,0.0,0,0.0,0,0.0,0,0.0,0
2012-10-09T09:16:16.500,2282.2,6190,2282.2,2,0.0,0,0.0,0,0.0,0,0.0,0,2282.4,1,0.0,0,0.0,0,0.0,0,0.0,0
2012-10-09T09:16:17.000,2282.2,6234,2281.4,21,0.0,0,0.0,0,0.0,0,0.0,0,2282.2,1,0.0,0,0.0,0,0.0,0,0.0,0
2012-10-09T09:16:17.500,2281.6,6256,2281.6,46,0.0,0,0.0,0,0.0,0,0.0,0,2282,14,0.0,0,0.0,0,0.0,0,0.0,0
2012-10-09T09:16:18.000,2282,6329,2282,24,0.0,0,0.0,0,0.0,0,0.0,0,2282.2,24,0.0,0,0.0,0,0.0,0,0.0,0
2012-10-09T09:16:18.500,2282,6392,2281.6,30,0.0,0,0.0,0,0.0,0,0.0,0,2282,6,0.0,0,0.0,0,0.0,0,0.0,0
2012-10-09T09:16:19.000,2282,6414,2281.8,16,0.0,0,0.0,0,0.0,0,0.0,0,2282,1,0.0,0,0.0,0,0.0,0,0.0,0
2012-10-09T09:16:19.500,2282,6434,2282.2,1,0.0,0,0.0,0,0.0,0,0.0,0,2282.4,2,0.0,0,0.0,0,0.0,0,0.0,0
2012-10-09T09:16:20.000,2282,6461,2282,35,0.0,0,0.0,0,0.0,0,0.0,0,2282.2,10,0.0,0,0.0,0,0.0,0,0.0,0
2012-10-09T09:16:20.500,2282,6490,2282,37,0.0,0,0.0,0,0.0,0,0.0,0,2282.2,10,0.0,0,0.0,0,0.0,0,0.0,0
2012-10-09T09:16:21.000,2282.2,6511,2282.2,6,0.0,0,0.0,0,0.0,0,0.0,0,2282.6,22,0.0,0,0.0,0,0.0,0,0.0,0
2012-10-09T09:16:21.500,2282.2,6530,2282.2,24,0.0,0,0.0,0,0.0,0,0.0,0,2282.6,20,0.0,0,0.0,0,0.0,0,0.0,0
2012-10-09T09:16:22.000,2282.4,6542,2282.4,23,0.0,0,0.0,0,0.0,0,0.0,0,2282.6,14,0.0,0,0.0,0,0.0,0,0.0,0
2012-10-09T09:16:22.500,2283,6594,2282.6,3,0.0,0,0.0,0,0.0,0,0.0,0,2283,10,0.0,0,0.0,0,0.0,0,0.0,0
2012-10-09T09:16:23.000,2283,6616,2282.2,31,0.0,0,0.0,0,0.0,0,0.0,0,2282.8,7,0.0,0,0.0,0,0.0,0,0.0,0
2012-10-09T09:16:23.500,2282.2,6631,2282.4,8,0.0,0,0.0,0,0.0,0,0.0,0,2282.6,33,0.0,0,0.0,0,0.0,0,0.0,0
2012-10-09T09:16:24.000,2282.6,6663,2282.2,23,0.0,0,0.0,0,0.0,0,0.0,0,2282.6,12,0.0,0,0.0,0,0.0,0,0.0,0
2012-10-09T09:16:24.500,2282.2,6672,2282.2,22,0.0,0,0.0,0,0.0,0,0.0,0,2282.4,7,0.0,0,0.0,0,0.0,0,0.0,0
2012-10-09T09:16:25.000,2282.2,6692,2282.2,13,0.0,0,0.0,0,0.0,0,0.0,0,2282.6,20,0.0,0,0.0,0,0.0,0,0.0,0
2012-10-09T09:16:25.500,2282.2,6713,2282,39,0.0,0,0.0,0,0.0,0,0.0,0,2282.2,4,0.0,0,0.0,0,0.0,0,0.0,0
2012-10-09T09:16:26.000,2282,6739,2282,23,0.0,0,0.0,0,0.0,0,0.0,0,2282.2,1,0.0,0,0.0,0,0.0,0,0.0,0
2012-10-09T09:16:26.500,2282,6757,2282,7,0.0,0,0.0,0,0.0,0,0.0,0,2282.2,1,0.0,0,0.0,0,0.0,0,0.0,0
2012-10-09T09:16:27.000,2281.8,6773,2281.8,8,0.0,0,0.0,0,0.0,0,0.0,0,2282,20,0.0,0,0.0,0,0.0,0,0.0,0
2012-10-09T09:16:27.500,2282,6805,2281.6,20,0.0,0,0.0,0,0.0,0,0.0,0,2281.8,2,0.0,0,0.0,0,0.0,0,0.0,0
2012-10-09T09:16:28.000,2281.6,6818,2281.6,13,0.0,0,0.0,0,0.0,0,0.0,0,2282,16,0.0,0,0.0,0,0.0,0,0.0,0
2012-10-09T09:16:28.500,2281,6875,2281.8,1,0.0,0,0.0,0,0.0,0,0.0,0,2282,17,0.0,0,0.0,0,0.0,0,0.0,0
2012-10-09T09:16:29.000,2281,6905,2282,20,0.0,0,0.0,0,0.0,0,0.0,0,2282.2,20,0.0,0,0.0,0,0.0,0,0.0,0
2012-10-09T09:16:29.500,2282.2,6950,2281.6,2,0.0,0,0.0,0,0.0,0,0.0,0,2282,1,0.0,0,0.0,0,0.0,0,0.0,0
2012-10-09T09:16:30.000,2281.8,6965,2281.6,2,0.0,0,0.0,0,0.0,0,0.0,0,2281.8,21,0.0,0,0.0,0,0.0,0,0.0,0
2012-10-09T09:16:30.500,2281.6,7025,2281.2,9,0.0,0,0.0,0,0.0,0,0.0,0,2281.6,16,0.0,0,0.0,0,0.0,0,0.0,0
2012-10-09T09:16:31.000,2281.4,7032,2281.2,17,0.0,0,0.0,0,0.0,0,0.0,0,2281.4,9,0.0,0,0.0,0,0.0,0,0.0,0
2012-10-09T09:16:31.500,2281.4,7053,2281.4,5,0.0,0,0.0,0,0.0,0,0.0,0,2281.6,18,0.0,0,0.0,0,0.0,0,0.0,0
2012-10-09T09:16:32.000,2281.4,7102,2281.4,21,0.0,0,0.0,0,0.0,0,0.0,0,2281.6,1,0.0,0,0.0,0,0.0,0,0.0,0
2012-10-09T09:16:32.500,2281.8,7111,2281.8,3,0.0,0,0.0,0,0.0,0,0.0,0,2282,12,0.0,0,0.0,0,0.0,0,0.0,0
2012-10-09T09:16:33.000,2282.2,7225,2282,5,0.0,0,0.0,0,0.0,0,0.0,0,2282.4,1,0.0,0,0.0,0,0.0,0,0.0,0
2012-10-09T09:16:33.500,2282,7233,2282,12,0.0,0,0.0,0,0.0,0,0.0,0,2282.4,8,0.0,0,0.0,0,0.0,0,0.0,0
2012-10-09T09:16:34.000,2282,7274,2282,1,0.0,0,0.0,0,0.0,0,0.0,0,2282.4,4,0.0,0,0.0,0,0.0,0,0.0,0
2012-10-09T09:16:34.500,2282,7288,2282,17,0.0,0,0.0,0,0.0,0,0.0,0,2282.4,9,0.0,0,0.0,0,0.0,0,0.0,0
2012-10-09T09:16:35.000,2282.2,7321,2281.6,18,0.0,0,0.0,0,0.0,0,0.0,0,2282.2,7,0.0,0,0.0,0,0.0,0,0.0,0
2012-10-09T09:16:35.500,2282,7326,2282,4,0.0,0,0.0,0,0.0,0,0.0,0,2282.2,6,0.0,0,0.0,0,0.0,0,0.0,0
2012-10-09T09:16:36.000,2282,7334,2281.8,1,0.0,0,0.0,0,0.0,0,0.0,0,2282,5,0.0,0,0.0,0,0.0,0,0.0,0
2012-10-09T09:16:36.500,2281.6,7343,2281.8,7,0.0,0,0.0,0,0.0,0,0.0,0,2282,17,0.0,0,0.0,0,0.0,0,0.0,0
2012-10-09T09:16:37.000,2282,7347,2281.8,8,0.0,0,0.0,0,0.0,0,0.0,0,2282,15,0.0,0,0.0,0,0.0,0,0.0,0
2012-10-09T09:16:37.500,2281.8,7352,2281.8,8,0.0,0,0.0,0,0.0,0,0.0,0,2282,20,0.0,0,0.0,0,0.0,0,0.0,0
2012-10-09T09:16:38.000,2281.8,7378,2281.6,10,0.0,0,0.0,0,0.0,0,0.0,0,2281.8,6,0.0,0,0.0,0,0.0,0,0.0,0
2012-10-09T09:16:38.500,2281.8,7391,2281.6,9,0.0,0,0.0,0,0.0,0,0.0,0,2281.8,1,0.0,0,0.0,0,0.0,0,0.0,0
2012-10-09T09:16:39.000,2282,7418,2281.4,40,0.0,0,0.0,0,0.0,0,0.0,0,2282,5,0.0,0,0.0,0,0.0,0,0.0,0
2012-10-09T09:16:39.500,2281.6,7426,2281.6,4,0.0,0,0.0,0,0.0,0,0.0,0,2281.8,2,0.0,0,0.0,0,0.0,0,0.0,0
2012-10-09T09:16:40.000,2281.8,7428,2281.6,34,0.0,0,0.0,0,0.0,0,0.0,0,2281.8,7,0.0,0,0.0,0,0.0,0,0.0,0
2012-10-09T09:16:40.500,2281.6,7446,2281.8,13,0.0,0,0.0,0,0.0,0,0.0,0,2282,2,0.0,0,0.0,0,0.0,0,0.0,0
2012-10-09T09:16:41.000,2282,7465,2282,4,0.0,0,0.0,0,0.0,0,0.0,0,2282.2,13,0.0,0,0.0,0,0.0,0,0.0,0
2012-10-09T09:16:41.500,2282,7477,2282,7,0.0,0,0.0,0,0.0,0,0.0,0,2282.2,7,0.0,0,0.0,0,0.0,0,0.0,0
2012-10-09T09:16:42.000,2282,7487,2282,3,0.0,0,0.0,0,0.0,0,0.0,0,2282.2,1,0.0,0,0.0,0,0.0,0,0.0,0
2012-10-09T09:16:42.500,2282.2,7491,2282.2,17,0.0,0,0.0,0,0.0,0,0.0,0,2282.4,20,0.0,0,0.0,0,0.0,0,0.0,0
2012-10-09T09:16:43.000,2282.2,7520,2282.2,7,0.0,0,0.0,0,0.0,0,0.0,0,2282.4,14,0.0,0,0.0,0,0.0,0,0.0,0
2012-10-09T09:16:43.500,2282.2,7523,2282.2,4,0.0,0,0.0,0,0.0,0,0.0,0,2282.4,16,0.0,0,0.0,0,0.0,0,0.0,0
2012-10-09T09:16:44.000,2282,7536,2282,8,0.0,0,0.0,0,0.0,0,0.0,0,2282.2,8,0.0,0,0.0,0,0.0,0,0.0,0
2012-10-09T09:16:44.500,2282.2,7561,2281.8,10,0.0,0,0.0,0,0.0,0,0.0,0,2282,1,0.0,0,0.0,0,0.0,0,0.0,0
2012-10-09T09:16:45.250,2281.8,7571,2281.8,3,0.0,0,0.0,0,0.0,0,0.0,0,2282.2,9,0.0,0,0.0,0,0.0,0,0.0,0
2012-10-09T09:16:46.000,2282,7572,2281.8,5,0.0,0,0.0,0,0.0,0,0.0,0,2282,9,0.0,0,0.0,0,0.0,0,0.0,0
2012-10-09T09:16:46.500,2281.8,7576,2281.8,2,0.0,0,0.0,0,0.0,0,0.0,0,2282,15,0.0,0,0.0,0,0.0,0,0.0,0
2012-10-09T09:16:47.000,2282,7588,2281.8,3,0.0,0,0.0,0,0.0,0,0.0,0,2282,12,0.0,0,0.0,0,0.0,0,0.0,0
2012-10-09T09:16:47.500,2281.8,7593,2281.6,19,0.0,0,0.0,0,0.0,0,0.0,0,2281.8,4,0.0,0,0.0,0,0.0,0,0.0,0
2012-10-09T09:16:48.000,2282,7629,2281.8,1,0.0,0,0.0,0,0.0,0,0.0,0,2282,6,0.0,0,0.0,0,0.0,0,0.0,0
2012-10-09T09:16:48.500,2282,7634,2281.8,3,0.0,0,0.0,0,0.0,0,0.0,0,2282,5,0.0,0,0.0,0,0.0,0,0.0,0
2012-10-09T09:16:49.000,2281.8,7649,2282,1,0.0,0,0.0,0,0.0,0,0.0,0,2282.2,16,0.0,0,0.0,0,0.0,0,0.0,0
2012-10-09T09:16:49.500,2282,7662,2281.8,1,0.0,0,0.0,0,0.0,0,0.0,0,2282,3,0.0,0,0.0,0,0.0,0,0.0,0
2012-10-09T09:16:50.000,2281.8,7678,2281.6,12,0.0,0,0.0,0,0.0,0,0.0,0,2281.8,19,0.0,0,0.0,0,0.0,0,0.0,0
2012-10-09T09:16:50.500,2282,7701,2281.8,12,0.0,0,0.0,0,0.0,0,0.0,0,2282,4,0.0,0,0.0,0,0.0,0,0.0,0
2012-10-09T09:16:51.000,2281.8,7704,2281.8,12,0.0,0,0.0,0,0.0,0,0.0,0,2282,3,0.0,0,0.0,0,0.0,0,0.0,0
2012-10-09T09:16:51.500,2282,7713,2281.8,6,0.0,0,0.0,0,0.0,0,0.0,0,2282.2,24,0.0,0,0.0,0,0.0,0,0.0,0
2012-10-09T09:16:52.000,2282,7716,2281.8,7,0.0,0,0.0,0,0.0,0,0.0,0,2282,6,0.0,0,0.0,0,0.0,0,0.0,0
2012-10-09T09:16:52.500,2282,7718,2281.8,7,0.0,0,0.0,0,0.0,0,0.0,0,2282,6,0.0,0,0.0,0,0.0,0,0.0,0
2012-10-09T09:16:53.000,2281.6,7737,2281.4,32,0.0,0,0.0,0,0.0,0,0.0,0,2281.6,15,0.0,0,0.0,0,0.0,0,0.0,0
2012-10-09T09:16:53.500,2281.6,7745,2281.4,32,0.0,0,0.0,0,0.0,0,0.0,0,2281.6,7,0.0,0,0.0,0,0.0,0,0.0,0
2012-10-09T09:16:54.000,2281.6,7750,2281.4,31,0.0,0,0.0,0,0.0,0,0.0,0,2281.6,25,0.0,0,0.0,0,0.0,0,0.0,0
2012-10-09T09:16:54.500,2281.6,7754,2281.4,31,0.0,0,0.0,0,0.0,0,0.0,0,2281.6,21,0.0,0,0.0,0,0.0,0,0.0,0
2012-10-09T09:16:55.000,2281.6,7787,2281.6,3,0.0,0,0.0,0,0.0,0,0.0,0,2281.8,30,0.0,0,0.0,0,0.0,0,0.0,0
2012-10-09T09:16:55.500,2281.6,7797,2281.6,7,0.0,0,0.0,0,0.0,0,0.0,0,2281.8,37,0.0,0,0.0,0,0.0,0,0.0,0
2012-10-09T09:16:56.000,2281.8,7800,2281.6,38,0.0,0,0.0,0,0.0,0,0.0,0,2281.8,36,0.0,0,0.0,0,0.0,0,0.0,0
2012-10-09T09:16:56.500,2281.8,7816,2281.6,36,0.0,0,0.0,0,0.0,0,0.0,0,2281.8,23,0.0,0,0.0,0,0.0,0,0.0,0
2012-10-09T09:16:57.000,2282,7857,2281.8,44,0.0,0,0.0,0,0.0,0,0.0,0,2282,18,0.0,0,0.0,0,0.0,0,0.0,0
2012-10-09T09:16:57.500,2282,7874,2281.8,39,0.0,0,0.0,0,0.0,0,0.0,0,2282,12,0.0,0,0.0,0,0.0,0,0.0,0
2012-10-09T09:16:58.000,2282,7892,2282,1,0.0,0,0.0,0,0.0,0,0.0,0,2282.2,30,0.0,0,0.0,0,0.0,0,0.0,0
2012-10-09T09:16:58.500,2281.8,7901,2282,8,0.0,0,0.0,0,0.0,0,0.0,0,2282.2,26,0.0,0,0.0,0,0.0,0,0.0,0
2012-10-09T09:16:59.000,2282.2,7914,2282,6,0.0,0,0.0,0,0.0,0,0.0,0,2282.2,24,0.0,0,0.0,0,0.0,0,0.0,0
2012-10-09T09:16:59.500,2282,7926,2281.8,26,0.0,0,0.0,0,0.0,0,0.0,0,2282,25,0.0,0,0.0,0,0.0,0,0.0,0
2012-10-09T09:17:00.000,2281.8,7950,2281.8,9,0.0,0,0.0,0,0.0,0,0.0,0,2282,23,0.0,0,0.0,0,0.0,0,0.0,0
2012-10-09T09:17:00.500,2282,7957,2281.8,4,0.0,0,0.0,0,0.0,0,0.0,0,2282,21,0.0,0,0.0,0,0.0,0,0.0,0
2012-10-09T09:17:01.000,2282,7964,2281.8,1,0.0,0,0.0,0,0.0,0,0.0,0,2282,26,0.0,0,0.0,0,0.0,0,0.0,0
2012-10-09T09:17:01.500,2282,7975,2281.6,25,0.0,0,0.0,0,0.0,0,0.0,0,2282,25,0.0,0,0.0,0,0.0,0,0.0,0
2012-10-09T09:17:02.000,2281.6,8004,2281.6,19,0.0,0,0.0,0,0.0,0,0.0,0,2282,14,0.0,0,0.0,0,0.0,0,0.0,0
2012-10-09T09:17:02.500,2281.8,8012,2281.8,1,0.0,0,0.0,0,0.0,0,0.0,0,2282,11,0.0,0,0.0,0,0.0,0,0.0,0
2012-10-09T09:17:03.000,2282,8039,2282,13,0.0,0,0.0,0,0.0,0,0.0,0,2282.2,26,0.0,0,0.0,0,0.0,0,0.0,0
2012-10-09T09:17:03.500,2282.2,8048,2282,30,0.0,0,0.0,0,0.0,0,0.0,0,2282.2,27,0.0,0,0.0,0,0.0,0,0.0,0
2012-10-09T09:17:04.000,2282.2,8056,2282,41,0.0,0,0.0,0,0.0,0,0.0,0,2282.2,22,0.0,0,0.0,0,0.0,0,0.0,0
2012-10-09T09:17:04.500,2282.4,8101,2282.2,1,0.0,0,0.0,0,0.0,0,0.0,0,2282.4,16,0.0,0,0.0,0,0.0,0,0.0,0
2012-10-09T09:17:05.000,2282.2,8116,2282.2,12,0.0,0,0.0,0,0.0,0,0.0,0,2282.4,6,0.0,0,0.0,0,0.0,0,0.0,0
2012-10-09T09:17:05.500,2282.2,8143,2282.2,15,0.0,0,0.0,0,0.0,0,0.0,0,2282.4,4,0.0,0,0.0,0,0.0,0,0.0,0
2012-10-09T09:17:06.000,2282.2,8147,2282.2,13,0.0,0,0.0,0,0.0,0,0.0,0,2282.4,4,0.0,0,0.0,0,0.0,0,0.0,0
2012-10-09T09:17:06.500,2282.4,8163,2282.2,18,0.0,0,0.0,0,0.0,0,0.0,0,2282.6,17,0.0,0,0.0,0,0.0,0,0.0,0
2012-10-09T09:17:07.000,2282.2,8184,2282,12,0.0,0,0.0,0,0.0,0,0.0,0,2282.2,5,0.0,0,0.0,0,0.0,0,0.0,0
2012-10-09T09:17:07.500,2282.4,8200,2282,10,0.0,0,0.0,0,0.0,0,0.0,0,2282.4,25,0.0,0,0.0,0,0.0,0,0.0,0
2012-10-09T09:17:08.000,2282,8205,2282,9,0.0,0,0.0,0,0.0,0,0.0,0,2282.2,24,0.0,0,0.0,0,0.0,0,0.0,0
2012-10-09T09:17:08.500,2282.2,8223,2282,10,0.0,0,0.0,0,0.0,0,0.0,0,2282.2,27,0.0,0,0.0,0,0.0,0,0.0,0
2012-10-09T09:17:09.000,2282,8236,2282,3,0.0,0,0.0,0,0.0,0,0.0,0,2282.2,23,0.0,0,0.0,0,0.0,0,0.0,0
2012-10-09T09:17:09.500,2282,8245,2281.8,10,0.0,0,0.0,0,0.0,0,0.0,0,2282,7,0.0,0,0.0,0,0.0,0,0.0,0
2012-10-09T09:17:10.000,2281.8,8250,2281.8,7,0.0,0,0.0,0,0.0,0,0.0,0,2282,5,0.0,0,0.0,0,0.0,0,0.0,0
2012-10-09T09:17:10.500,2282,8252,2281.8,7,0.0,0,0.0,0,0.0,0,0.0,0,2282,6,0.0,0,0.0,0,0.0,0,0.0,0
2012-10-09T09:17:11.000,2282,8277,2281.8,1,0.0,0,0.0,0,0.0,0,0.0,0,2282,6,0.0,0,0.0,0,0.0,0,0.0,0
2012-10-09T09:17:11.500,2282,8290,2281.6,6,0.0,0,0.0,0,0.0,0,0.0,0,2282,6,0.0,0,0.0,0,0.0,0,0.0,0
2012-10-09T09:17:12.000,2281.6,8317,2281.4,6,0.0,0,0.0,0,0.0,0,0.0,0,2281.6,2,0.0,0,0.0,0,0.0,0,0.0,0
2012-10-09T09:17:12.500,2282,8324,2281.8,18,0.0,0,0.0,0,0.0,0,0.0,0,2282,5,0.0,0,0.0,0,0.0,0,0.0,0
2012-10-09T09:17:13.000,2282,8338,2281.8,6,0.0,0,0.0,0,0.0,0,0.0,0,2282,8,0.0,0,0.0,0,0.0,0,0.0,0
2012-10-09T09:17:13.500,2281.6,8368,2281.4,5,0.0,0,0.0,0,0.0,0,0.0,0,2281.6,17,0.0,0,0.0,0,0.0,0,0.0,0
2012-10-09T09:17:14.000,2281.6,8371,2281.4,5,0.0,0,0.0,0,0.0,0,0.0,0,2281.6,21,0.0,0,0.0,0,0.0,0,0.0,0
2012-10-09T09:17:14.500,2281.6,8397,2281.2,40,0.0,0,0.0,0,0.0,0,0.0,0,2281.4,18,0.0,0,0.0,0,0.0,0,0.0,0
2012-10-09T09:17:15.000,2281.4,8410,2281.2,40,0.0,0,0.0,0,0.0,0,0.0,0,2281.4,12,0.0,0,0.0,0,0.0,0,0.0,0
2012-10-09T09:17:15.500,2281.4,8436,2281.2,16,0.0,0,0.0,0,0.0,0,0.0,0,2281.4,14,0.0,0,0.0,0,0.0,0,0.0,0
2012-10-09T09:17:16.000,2281.2,8452,2281.2,7,0.0,0,0.0,0,0.0,0,0.0,0,2281.4,12,0.0,0,0.0,0,0.0,0,0.0,0
2012-10-09T09:17:16.500,2281,8467,2281,97,0.0,0,0.0,0,0.0,0,0.0,0,2281.2,11,0.0,0,0.0,0,0.0,0,0.0,0
2012-10-09T09:17:17.000,2281.2,8506,2281,86,0.0,0,0.0,0,0.0,0,0.0,0,2281.2,9,0.0,0,0.0,0,0.0,0,0.0,0
2012-10-09T09:17:17.500,2281,8513,2281,80,0.0,0,0.0,0,0.0,0,0.0,0,2281.2,13,0.0,0,0.0,0,0.0,0,0.0,0
2012-10-09T09:17:18.000,2281.4,8540,2281.2,12,0.0,0,0.0,0,0.0,0,0.0,0,2281.4,10,0.0,0,0.0,0,0.0,0,0.0,0
2012-10-09T09:17:18.500,2281.4,8556,2281.2,3,0.0,0,0.0,0,0.0,0,0.0,0,2281.4,6,0.0,0,0.0,0,0.0,0,0.0,0
2012-10-09T09:17:19.000,2281.6,8566,2281.4,2,0.0,0,0.0,0,0.0,0,0.0,0,2281.6,19,0.0,0,0.0,0,0.0,0,0.0,0
2012-10-09T09:17:19.500,2281.4,8567,2281.4,30,0.0,0,0.0,0,0.0,0,0.0,0,2281.6,14,0.0,0,0.0,0,0.0,0,0.0,0
2012-10-09T09:17:20.000,2281.4,8607,2281.4,8,0.0,0,0.0,0,0.0,0,0.0,0,2281.6,2,0.0,0,0.0,0,0.0,0,0.0,0
2012-10-09T09:17:20.500,2281.6,8616,2281.4,14,0.0,0,0.0,0,0.0,0,0.0,0,2281.8,1,0.0,0,0.0,0,0.0,0,0.0,0
2012-10-09T09:17:21.000,2281.4,8639,2281.2,18,0.0,0,0.0,0,0.0,0,0.0,0,2281.8,9,0.0,0,0.0,0,0.0,0,0.0,0
2012-10-09T09:17:21.500,2281,8661,2281.6,1,0.0,0,0.0,0,0.0,0,0.0,0,2281.8,22,0.0,0,0.0,0,0.0,0,0.0,0
2012-10-09T09:17:22.000,2281.6,8666,2281.4,24,0.0,0,0.0,0,0.0,0,0.0,0,2281.6,3,0.0,0,0.0,0,0.0,0,0.0,0
2012-10-09T09:17:22.500,2281.4,8672,2281.4,20,0.0,0,0.0,0,0.0,0,0.0,0,2281.6,17,0.0,0,0.0,0,0.0,0,0.0,0
2012-10-09T09:17:23.250,2281.4,8693,2281.2,15,0.0,0,0.0,0,0.0,0,0.0,0,2281.4,4,0.0,0,0.0,0,0.0,0,0.0,0
2012-10-09T09:17:24.000,2281.4,8721,2281.2,12,0.0,0,0.0,0,0.0,0,0.0,0,2281.4,3,0.0,0,0.0,0,0.0,0,0.0,0
2012-10-09T09:17:24.500,2281.2,8727,2281.2,6,0.0,0,0.0,0,0.0,0,0.0,0,2281.4,28,0.0,0,0.0,0,0.0,0,0.0,0
2012-10-09T09:17:25.000,2281.2,8737,2281,102,0.0,0,0.0,0,0.0,0,0.0,0,2281.2,21,0.0,0,0.0,0,0.0,0,0.0,0
2012-10-09T09:17:25.500,2281.2,8788,2281,56,0.0,0,0.0,0,0.0,0,0.0,0,2281.2,21,0.0,0,0.0,0,0.0,0,0.0,0
2012-10-09T09:17:26.000,2281,8832,2281,34,0.0,0,0.0,0,0.0,0,0.0,0,2281.2,1,0.0,0,0.0,0,0.0,0,0.0,0
2012-10-09T09:17:26.500,2281,8870,2280.8,35,0.0,0,0.0,0,0.0,0,0.0,0,2281,14,0.0,0,0.0,0,0.0,0,0.0,0
2012-10-09T09:17:27.000,2281,8924,2280.6,65,0.0,0,0.0,0,0.0,0,0.0,0,2281,11,0.0,0,0.0,0,0.0,0,0.0,0
2012-10-09T09:17:27.500,2281,8951,2280.6,50,0.0,0,0.0,0,0.0,0,0.0,0,2281,12,0.0,0,0.0,0,0.0,0,0.0,0
2012-10-09T09:17:28.000,2280.8,8957,2280.8,37,0.0,0,0.0,0,0.0,0,0.0,0,2281,13,0.0,0,0.0,0,0.0,0,0.0,0
2012-10-09T09:17:28.500,2281,8977,2281,6,0.0,0,0.0,0,0.0,0,0.0,0,2281.2,19,0.0,0,0.0,0,0.0,0,0.0,0
2012-10-09T09:17:29.000,2281,9002,2281,21,0.0,0,0.0,0,0.0,0,0.0,0,2281.4,18,0.0,0,0.0,0,0.0,0,0.0,0
2012-10-09T09:17:29.500,2281,9028,2281,3,0.0,0,0.0,0,0.0,0,0.0,0,2281.4,12,0.0,0,0.0,0,0.0,0,0.0,0
2012-10-09T09:17:30.000,2281,9029,2281,7,0.0,0,0.0,0,0.0,0,0.0,0,2281.4,14,0.0,0,0.0,0,0.0,0,0.0,0
2012-10-09T09:17:30.500,2280.8,9050,2280.8,28,0.0,0,0.0,0,0.0,0,0.0,0,2281.4,14,0.0,0,0.0,0,0.0,0,0.0,0
2012-10-09T09:17:31.000,2280.8,9056,2281,5,0.0,0,0.0,0,0.0,0,0.0,0,2281.2,3,0.0,0,0.0,0,0.0,0,0.0,0
2012-10-09T09:17:31.500,2281.2,9067,2281.2,10,0.0,0,0.0,0,0.0,0,0.0,0,2281.4,10,0.0,0,0.0,0,0.0,0,0.0,0
2012-10-09T09:17:32.000,2281.2,9091,2281,1,0.0,0,0.0,0,0.0,0,0.0,0,2281.2,1,0.0,0,0.0,0,0.0,0,0.0,0
2012-10-09T09:17:32.500,2281,9130,2281,4,0.0,0,0.0,0,0.0,0,0.0,0,2281.2,2,0.0,0,0.0,0,0.0,0,0.0,0
2012-10-09T09:17:33.000,2281,9136,2281,10,0.0,0,0.0,0,0.0,0,0.0,0,2281.2,4,0.0,0,0.0,0,0.0,0,0.0,0
2012-10-09T09:17:33.500,2281.2,9156,2281.2,2,0.0,0,0.0,0,0.0,0,0.0,0,2281.4,11,0.0,0,0.0,0,0.0,0,0.0,0
2012-10-09T09:17:34.000,2281.4,9172,2281.4,1,0.0,0,0.0,0,0.0,0,0.0,0,2281.6,16,0.0,0,0.0,0,0.0,0,0.0,0
2012-10-09T09:17:34.500,2281.4,9176,2281.2,20,0.0,0,0.0,0,0.0,0,0.0,0,2281.4,2,0.0,0,0.0,0,0.0,0,0.0,0
2012-10-09T09:17:35.000,2281.4,9177,2281.2,26,0.0,0,0.0,0,0.0,0,0.0,0,2281.4,2,0.0,0,0.0,0,0.0,0,0.0,0
2012-10-09T09:17:35.500,2281.4,9181,2281.2,26,0.0,0,0.0,0,0.0,0,0.0,0,2281.6,18,0.0,0,0.0,0,0.0,0,0.0,0
2012-10-09T09:17:36.000,2281.2,9185,2281.4,3,0.0,0,0.0,0,0.0,0,0.0,0,2281.6,18,0.0,0,0.0,0,0.0,0,0.0,0
2012-10-09T09:17:36.500,2281.6,9195,2281.4,4,0.0,0,0.0,0,0.0,0,0.0,0,2281.6,10,0.0,0,0.0,0,0.0,0,0.0,0
2012-10-09T09:17:37.250,2281.6,9200,2281.4,2,0.0,0,0.0,0,0.0,0,0.0,0,2281.6,9,0.0,0,0.0,0,0.0,0,0.0,0
2012-10-09T09:17:38.000,2281.4,9204,2281.4,4,0.0,0,0.0,0,0.0,0,0.0,0,2281.6,15,0.0,0,0.0,0,0.0,0,0.0,0
2012-10-09T09:17:38.500,2281.6,9221,2281.6,5,0.0,0,0.0,0,0.0,0,0.0,0,2281.8,4,0.0,0,0.0,0,0.0,0,0.0,0
2012-10-09T09:17:39.250,2281.6,9222,2281.6,5,0.0,0,0.0,0,0.0,0,0.0,0,2281.8,4,0.0,0,0.0,0,0.0,0,0.0,0
2012-10-09T09:17:40.000,2281.8,9226,2281.6,4,0.0,0,0.0,0,0.0,0,0.0,0,2281.8,24,0.0,0,0.0,0,0.0,0,0.0,0
2012-10-09T09:17:40.500,2281.8,9229,2281.6,4,0.0,0,0.0,0,0.0,0,0.0,0,2281.8,21,0.0,0,0.0,0,0.0,0,0.0,0
2012-10-09T09:17:41.000,2281.4,9238,2281.4,5,0.0,0,0.0,0,0.0,0,0.0,0,2281.6,3,0.0,0,0.0,0,0.0,0,0.0,0
2012-10-09T09:17:41.500,2281.8,9263,2281.6,1,0.0,0,0.0,0,0.0,0,0.0,0,2281.8,1,0.0,0,0.0,0,0.0,0,0.0,0
2012-10-09T09:17:42.000,2281.6,9265,2281.4,4,0.0,0,0.0,0,0.0,0,0.0,0,2281.8,5,0.0,0,0.0,0,0.0,0,0.0,0
2012-10-09T09:17:42.500,2282,9276,2281.8,4,0.0,0,0.0,0,0.0,0,0.0,0,2282,84,0.0,0,0.0,0,0.0,0,0.0,0
2012-10-09T09:17:43.000,2281.8,9295,2281.4,18,0.0,0,0.0,0,0.0,0,0.0,0,2281.6,5,0.0,0,0.0,0,0.0,0,0.0,0
2012-10-09T09:17:43.500,2281.4,9300,2281.4,22,0.0,0,0.0,0,0.0,0,0.0,0,2281.6,16,0.0,0,0.0,0,0.0,0,0.0,0
2012-10-09T09:17:44.000,2281.6,9320,2281.6,16,0.0,0,0.0,0,0.0,0,0.0,0,2281.8,4,0.0,0,0.0,0,0.0,0,0.0,0
2012-10-09T09:17:44.500,2281.6,9332,2281.6,14,0.0,0,0.0,0,0.0,0,0.0,0,2281.8,11,0.0,0,0.0,0,0.0,0,0.0,0
2012-10-09T09:17:45.000,2281.8,9345,2281.6,16,0.0,0,0.0,0,0.0,0,0.0,0,2281.8,3,0.0,0,0.0,0,0.0,0,0.0,0
2012-10-09T09:17:45.500,2281.6,9359,2281.6,6,0.0,0,0.0,0,0.0,0,0.0,0,2281.8,2,0.0,0,0.0,0,0.0,0,0.0,0
2012-10-09T09:17:46.000,2281.8,9360,2281.6,9,0.0,0,0.0,0,0.0,0,0.0,0,2281.8,1,0.0,0,0.0,0,0.0,0,0.0,0
2012-10-09T09:17:46.500,2281.8,9369,2281.6,9,0.0,0,0.0,0,0.0,0,0.0,0,2281.8,8,0.0,0,0.0,0,0.0,0,0.0,0
2012-10-09T09:17:47.000,2281.8,9375,2281.6,18,0.0,0,0.0,0,0.0,0,0.0,0,2281.8,4,0.0,0,0.0,0,0.0,0,0.0,0
2012-10-09T09:17:47.500,2281.8,9376,2281.6,22,0.0,0,0.0,0,0.0,0,0.0,0,2281.8,3,0.0,0,0.0,0,0.0,0,0.0,0
2012-10-09T09:17:48.000,2281.8,9377,2281.6,22,0.0,0,0.0,0,0.0,0,0.0,0,2281.8,4,0.0,0,0.0,0,0.0,0,0.0,0
2012-10-09T09:17:48.500,2281.8,9382,2281.6,22,0.0,0,0.0,0,0.0,0,0.0,0,2281.8,9,0.0,0,0.0,0,0.0,0,0.0,0
2012-10-09T09:17:49.000,2281.8,9388,2281.6,24,0.0,0,0.0,0,0.0,0,0.0,0,2281.8,5,0.0,0,0.0,0,0.0,0,0.0,0
2012-10-09T09:17:49.500,2281.6,9409,2281.6,5,0.0,0,0.0,0,0.0,0,0.0,0,2281.8,4,0.0,0,0.0,0,0.0,0,0.0,0
2012-10-09T09:17:50.000,2281.6,9414,2281.4,35,0.0,0,0.0,0,0.0,0,0.0,0,2281.6,12,0.0,0,0.0,0,0.0,0,0.0,0
2012-10-09T09:17:50.500,2281.6,9422,2281.4,32,0.0,0,0.0,0,0.0,0,0.0,0,2281.6,13,0.0,0,0.0,0,0.0,0,0.0,0
2012-10-09T09:17:51.000,2281.6,9430,2281.4,25,0.0,0,0.0,0,0.0,0,0.0,0,2281.6,11,0.0,0,0.0,0,0.0,0,0.0,0
2012-10-09T09:17:51.500,2281.4,9451,2281.2,20,0.0,0,0.0,0,0.0,0,0.0,0,2281.6,13,0.0,0,0.0,0,0.0,0,0.0,0
2012-10-09T09:17:52.000,2281.8,9471,2281.2,22,0.0,0,0.0,0,0.0,0,0.0,0,2281.4,2,0.0,0,0.0,0,0.0,0,0.0,0
2012-10-09T09:17:52.500,2281.2,9478,2281.2,19,0.0,0,0.0,0,0.0,0,0.0,0,2281.4,7,0.0,0,0.0,0,0.0,0,0.0,0
2012-10-09T09:17:53.000,2281.4,9487,2281.2,11,0.0,0,0.0,0,0.0,0,0.0,0,2281.4,6,0.0,0,0.0,0,0.0,0,0.0,0
2012-10-09T09:17:53.500,2281.6,9496,2281.2,11,0.0,0,0.0,0,0.0,0,0.0,0,2281.8,4,0.0,0,0.0,0,0.0,0,0.0,0
2012-10-09T09:17:54.000,2281.2,9497,2281.2,11,0.0,0,0.0,0,0.0,0,0.0,0,2281.8,9,0.0,0,0.0,0,0.0,0,0.0,0
2012-10-09T09:17:54.500,2281.2,9499,2281.4,9,0.0,0,0.0,0,0.0,0,0.0,0,2281.6,1,0.0,0,0.0,0,0.0,0,0.0,0
2012-10-09T09:17:55.000,2281.4,9505,2281.4,15,0.0,0,0.0,0,0.0,0,0.0,0,2281.6,6,0.0,0,0.0,0,0.0,0,0.0,0
2012-10-09T09:17:55.500,2281.6,9506,2281.4,16,0.0,0,0.0,0,0.0,0,0.0,0,2281.6,5,0.0,0,0.0,0,0.0,0,0.0,0
2012-10-09T09:17:56.000,2281.6,9507,2281.4,13,0.0,0,0.0,0,0.0,0,0.0,0,2281.6,5,0.0,0,0.0,0,0.0,0,0.0,0
2012-10-09T09:17:56.500,2281.6,9512,2281.6,2,0.0,0,0.0,0,0.0,0,0.0,0,2281.8,57,0.0,0,0.0,0,0.0,0,0.0,0
2012-10-09T09:17:57.000,2281.6,9513,2281.6,3,0.0,0,0.0,0,0.0,0,0.0,0,2281.8,35,0.0,0,0.0,0,0.0,0,0.0,0
2012-10-09T09:17:57.500,2281.6,9522,2281.4,26,0.0,0,0.0,0,0.0,0,0.0,0,2281.6,7,0.0,0,0.0,0,0.0,0,0.0,0
2012-10-09T09:17:58.000,2281.8,9539,2281.6,5,0.0,0,0.0,0,0.0,0,0.0,0,2281.8,37,0.0,0,0.0,0,0.0,0,0.0,0
2012-10-09T09:17:58.500,2281.6,9542,2281.6,3,0.0,0,0.0,0,0.0,0,0.0,0,2281.8,37,0.0,0,0.0,0,0.0,0,0.0,0
2012-10-09T09:17:59.000,2281.6,9543,2281.6,11,0.0,0,0.0,0,0.0,0,0.0,0,2281.8,41,0.0,0,0.0,0,0.0,0,0.0,0
2012-10-09T09:17:59.500,2281.6,9549,2281.6,11,0.0,0,0.0,0,0.0,0,0.0,0,2281.8,36,0.0,0,0.0,0,0.0,0,0.0,0
2012-10-09T09:18:00.000,2281.8,9551,2281.6,17,0.0,0,0.0,0,0.0,0,0.0,0,2281.8,34,0.0,0,0.0,0,0.0,0,0.0,0
2012-10-09T09:18:00.500,2281.8,9552,2281.6,37,0.0,0,0.0,0,0.0,0,0.0,0,2281.8,33,0.0,0,0.0,0,0.0,0,0.0,0
2012-10-09T09:18:01.000,2281.6,9593,2281.6,8,0.0,0,0.0,0,0.0,0,0.0,0,2281.8,16,0.0,0,0.0,0,0.0,0,0.0,0
2012-10-09T09:18:01.500,2281.8,9618,2281.8,8,0.0,0,0.0,0,0.0,0,0.0,0,2282,96,0.0,0,0.0,0,0.0,0,0.0,0
2012-10-09T09:18:02.000,2282,9626,2281.8,8,0.0,0,0.0,0,0.0,0,0.0,0,2282,93,0.0,0,0.0,0,0.0,0,0.0,0
2012-10-09T09:18:02.500,2281.8,9642,2281.8,6,0.0,0,0.0,0,0.0,0,0.0,0,2282,79,0.0,0,0.0,0,0.0,0,0.0,0
2012-10-09T09:18:03.000,2282,9647,2281.8,8,0.0,0,0.0,0,0.0,0,0.0,0,2282,75,0.0,0,0.0,0,0.0,0,0.0,0
2012-10-09T09:18:03.500,2282,9653,2281.8,6,0.0,0,0.0,0,0.0,0,0.0,0,2282,71,0.0,0,0.0,0,0.0,0,0.0,0
2012-10-09T09:18:04.000,2281.8,9663,2281.8,5,0.0,0,0.0,0,0.0,0,0.0,0,2282,64,0.0,0,0.0,0,0.0,0,0.0,0
2012-10-09T09:18:04.500,2281.6,9673,2281.6,11,0.0,0,0.0,0,0.0,0,0.0,0,2282,65,0.0,0,0.0,0,0.0,0,0.0,0
2012-10-09T09:18:05.000,2282,9674,2281.8,2,0.0,0,0.0,0,0.0,0,0.0,0,2282,64,0.0,0,0.0,0,0.0,0,0.0,0
2012-10-09T09:18:05.500,2282,9686,2281.6,14,0.0,0,0.0,0,0.0,0,0.0,0,2282,56,0.0,0,0.0,0,0.0,0,0.0,0
2012-10-09T09:18:06.000,2282,9693,2281.6,15,0.0,0,0.0,0,0.0,0,0.0,0,2282,50,0.0,0,0.0,0,0.0,0,0.0,0
2012-10-09T09:18:06.500,2282,9695,2281.6,15,0.0,0,0.0,0,0.0,0,0.0,0,2282,48,0.0,0,0.0,0,0.0,0,0.0,0
2012-10-09T09:18:07.000,2282,9696,2281.6,15,0.0,0,0.0,0,0.0,0,0.0,0,2281.8,1,0.0,0,0.0,0,0.0,0,0.0,0
2012-10-09T09:18:07.500,2282,9722,2281.6,13,0.0,0,0.0,0,0.0,0,0.0,0,2282,27,0.0,0,0.0,0,0.0,0,0.0,0
2012-10-09T09:18:08.000,2281.8,9727,2281.6,43,0.0,0,0.0,0,0.0,0,0.0,0,2281.8,10,0.0,0,0.0,0,0.0,0,0.0,0
2012-10-09T09:18:08.500,2281.8,9730,2281.6,44,0.0,0,0.0,0,0.0,0,0.0,0,2281.8,8,0.0,0,0.0,0,0.0,0,0.0,0
2012-10-09T09:18:09.000,2282,9742,2281.8,10,0.0,0,0.0,0,0.0,0,0.0,0,2282,34,0.0,0,0.0,0,0.0,0,0.0,0
2012-10-09T09:18:09.500,2282,9757,2281.8,11,0.0,0,0.0,0,0.0,0,0.0,0,2282,20,0.0,0,0.0,0,0.0,0,0.0,0
2012-10-09T09:18:10.000,2281.8,9766,2281.8,17,0.0,0,0.0,0,0.0,0,0.0,0,2282,15,0.0,0,0.0,0,0.0,0,0.0,0
2012-10-09T09:18:10.500,2282,9783,2282,5,0.0,0,0.0,0,0.0,0,0.0,0,2282.2,10,0.0,0,0.0,0,0.0,0,0.0,0
2012-10-09T09:18:11.000,2282,9790,2282,7,0.0,0,0.0,0,0.0,0,0.0,0,2282.2,4,0.0,0,0.0,0,0.0,0,0.0,0
2012-10-09T09:18:11.500,2282.4,9803,2282,8,0.0,0,0.0,0,0.0,0,0.0,0,2282.4,13,0.0,0,0.0,0,0.0,0,0.0,0
2012-10-09T09:18:12.250,2282.2,9817,2282,19,0.0,0,0.0,0,0.0,0,0.0,0,2282.2,8,0.0,0,0.0,0,0.0,0,0.0,0
2012-10-09T09:18:13.000,2282.2,9826,2282,20,0.0,0,0.0,0,0.0,0,0.0,0,2282.2,11,0.0,0,0.0,0,0.0,0,0.0,0
2012-10-09T09:18:13.500,2282,9831,2282,22,0.0,0,0.0,0,0.0,0,0.0,0,2282.2,18,0.0,0,0.0,0,0.0,0,0.0,0
2012-10-09T09:18:14.000,2282.2,9834,2282,18,0.0,0,0.0,0,0.0,0,0.0,0,2282.2,36,0.0,0,0.0,0,0.0,0,0.0,0
2012-10-09T09:18:14.500,2282,9845,2282,17,0.0,0,0.0,0,0.0,0,0.0,0,2282.2,29,0.0,0,0.0,0,0.0,0,0.0,0
2012-10-09T09:18:15.000,2282.2,9858,2282,6,0.0,0,0.0,0,0.0,0,0.0,0,2282.2,26,0.0,0,0.0,0,0.0,0,0.0,0
2012-10-09T09:18:15.500,2282.2,9865,2282,4,0.0,0,0.0,0,0.0,0,0.0,0,2282.2,22,0.0,0,0.0,0,0.0,0,0.0,0
2012-10-09T09:18:16.000,2282.2,9882,2282,13,0.0,0,0.0,0,0.0,0,0.0,0,2282.2,14,0.0,0,0.0,0,0.0,0,0.0,0
2012-10-09T09:18:16.500,2282.2,9886,2282,12,0.0,0,0.0,0,0.0,0,0.0,0,2282.2,11,0.0,0,0.0,0,0.0,0,0.0,0
2012-10-09T09:18:17.000,2282,9930,2282.2,4,0.0,0,0.0,0,0.0,0,0.0,0,2282.4,7,0.0,0,0.0,0,0.0,0,0.0,0
2012-10-09T09:18:17.500,2282.2,9933,2282.2,2,0.0,0,0.0,0,0.0,0,0.0,0,2282.4,6,0.0,0,0.0,0,0.0,0,0.0,0
2012-10-09T09:18:18.000,2282.2,9935,2282.2,22,0.0,0,0.0,0,0.0,0,0.0,0,2282.4,5,0.0,0,0.0,0,0.0,0,0.0,0
2012-10-09T09:18:18.500,2282.4,9952,2282.4,5,0.0,0,0.0,0,0.0,0,0.0,0,2282.6,58,0.0,0,0.0,0,0.0,0,0.0,0
2012-10-09T09:18:19.000,2282.4,9968,2282.2,12,0.0,0,0.0,0,0.0,0,0.0,0,2282.4,45,0.0,0,0.0,0,0.0,0,0.0,0
2012-10-09T09:18:19.500,2282.2,9981,2282.2,11,0.0,0,0.0,0,0.0,0,0.0,0,2282.4,35,0.0,0,0.0,0,0.0,0,0.0,0
2012-10-09T09:18:20.000,2282.4,9986,2282.2,4,0.0,0,0.0,0,0.0,0,0.0,0,2282.4,37,0.0,0,0.0,0,0.0,0,0.0,0
2012-10-09T09:18:20.500,2282.4,9988,2282.2,6,0.0,0,0.0,0,0.0,0,0.0,0,2282.4,39,0.0,0,0.0,0,0.0,0,0.0,0
2012-10-09T09:18:21.000,2282,10004,2282,40,0.0,0,0.0,0,0.0,0,0.0,0,2282.2,3,0.0,0,0.0,0,0.0,0,0.0,0
2012-10-09T09:18:21.500,2282.2,10013,2282.2,2,0.0,0,0.0,0,0.0,0,0.0,0,2282.4,30,0.0,0,0.0,0,0.0,0,0.0,0
2012-10-09T09:18:22.000,2282,10017,2282,39,0.0,0,0.0,0,0.0,0,0.0,0,2282.2,4,0.0,0,0.0,0,0.0,0,0.0,0
2012-10-09T09:18:22.500,2282.2,10018,2282,41,0.0,0,0.0,0,0.0,0,0.0,0,2282.2,5,0.0,0,0.0,0,0.0,0,0.0,0
2012-10-09T09:18:23.000,2281.8,10064,2281.8,12,0.0,0,0.0,0,0.0,0,0.0,0,2282,11,0.0,0,0.0,0,0.0,0,0.0,0
2012-10-09T09:18:23.500,2282,10067,2281.8,12,0.0,0,0.0,0,0.0,0,0.0,0,2282,9,0.0,0,0.0,0,0.0,0,0.0,0
2012-10-09T09:18:24.000,2282,10084,2281.8,9,0.0,0,0.0,0,0.0,0,0.0,0,2282,10,0.0,0,0.0,0,0.0,0,0.0,0
2012-10-09T09:18:24.500,2281.8,10093,2281.8,1,0.0,0,0.0,0,0.0,0,0.0,0,2282,12,0.0,0,0.0,0,0.0,0,0.0,0
2012-10-09T09:18:25.250,2282,10095,2281.8,6,0.0,0,0.0,0,0.0,0,0.0,0,2282,12,0.0,0,0.0,0,0.0,0,0.0,0
2012-10-09T09:18:26.250,2282,10102,2281.8,7,0.0,0,0.0,0,0.0,0,0.0,0,2282,5,0.0,0,0.0,0,0.0,0,0.0,0
2012-10-09T09:18:27.000,2282,10105,2281.8,8,0.0,0,0.0,0,0.0,0,0.0,0,2282,6,0.0,0,0.0,0,0.0,0,0.0,0
2012-10-09T09:18:27.500,2281.8,10112,2281.8,6,0.0,0,0.0,0,0.0,0,0.0,0,2282,17,0.0,0,0.0,0,0.0,0,0.0,0
2012-10-09T09:18:28.000,2282,10134,2282,2,0.0,0,0.0,0,0.0,0,0.0,0,2282.2,30,0.0,0,0.0,0,0.0,0,0.0,0
2012-10-09T09:18:28.500,2282.2,10135,2282,2,0.0,0,0.0,0,0.0,0,0.0,0,2282.2,29,0.0,0,0.0,0,0.0,0,0.0,0
2012-10-09T09:18:29.000,2282.2,10136,2282,4,0.0,0,0.0,0,0.0,0,0.0,0,2282.2,28,0.0,0,0.0,0,0.0,0,0.0,0
2012-10-09T09:18:29.500,2282,10141,2282,3,0.0,0,0.0,0,0.0,0,0.0,0,2282.2,34,0.0,0,0.0,0,0.0,0,0.0,0
2012-10-09T09:18:30.000,2282.2,10164,2282,3,0.0,0,0.0,0,0.0,0,0.0,0,2282.2,12,0.0,0,0.0,0,0.0,0,0.0,0
2012-10-09T09:18:30.500,2282,10169,2281.8,24,0.0,0,0.0,0,0.0,0,0.0,0,2282,11,0.0,0,0.0,0,0.0,0,0.0,0
2012-10-09T09:18:31.000,2282,10173,2281.8,24,0.0,0,0.0,0,0.0,0,0.0,0,2282,7,0.0,0,0.0,0,0.0,0,0.0,0
2012-10-09T09:18:31.500,2282,10185,2281.8,20,0.0,0,0.0,0,0.0,0,0.0,0,2282,2,0.0,0,0.0,0,0.0,0,0.0,0
2012-10-09T09:18:32.250,2281.8,10191,2281.8,18,0.0,0,0.0,0,0.0,0,0.0,0,2282.2,12,0.0,0,0.0,0,0.0,0,0.0,0
2012-10-09T09:18:33.000,2282,10198,2282,7,0.0,0,0.0,0,0.0,0,0.0,0,2282.2,12,0.0,0,0.0,0,0.0,0,0.0,0
2012-10-09T09:18:33.500,2282,10210,2282,28,0.0,0,0.0,0,0.0,0,0.0,0,2282.2,11,0.0,0,0.0,0,0.0,0,0.0,0
2012-10-09T09:18:34.000,2282,10213,2282,28,0.0,0,0.0,0,0.0,0,0.0,0,2282.2,10,0.0,0,0.0,0,0.0,0,0.0,0
2012-10-09T09:18:34.500,2282.2,10224,2282.2,3,0.0,0,0.0,0,0.0,0,0.0,0,2282.4,39,0.0,0,0.0,0,0.0,0,0.0,0
2012-10-09T09:18:35.250,2282,10228,2282,26,0.0,0,0.0,0,0.0,0,0.0,0,2282.4,39,0.0,0,0.0,0,0.0,0,0.0,0
2012-10-09T09:18:36.000,2282,10234,2282,22,0.0,0,0.0,0,0.0,0,0.0,0,2282.2,2,0.0,0,0.0,0,0.0,0,0.0,0
2012-10-09T09:18:36.500,2282.2,10236,2282,23,0.0,0,0.0,0,0.0,0,0.0,0,2282.2,1,0.0,0,0.0,0,0.0,0,0.0,0
2012-10-09T09:18:37.000,2282.4,10241,2282,33,0.0,0,0.0,0,0.0,0,0.0,0,2282.4,35,0.0,0,0.0,0,0.0,0,0.0,0
2012-10-09T09:18:37.500,2282,10242,2282,32,0.0,0,0.0,0,0.0,0,0.0,0,2282.2,10,0.0,0,0.0,0,0.0,0,0.0,0
2012-10-09T09:18:38.000,2282.2,10244,2282,33,0.0,0,0.0,0,0.0,0,0.0,0,2282.2,8,0.0,0,0.0,0,0.0,0,0.0,0
2012-10-09T09:18:38.500,2282.2,10247,2282,33,0.0,0,0.0,0,0.0,0,0.0,0,2282.2,5,0.0,0,0.0,0,0.0,0,0.0,0
2012-10-09T09:18:39.250,2282.2,10248,2282,33,0.0,0,0.0,0,0.0,0,0.0,0,2282.2,8,0.0,0,0.0,0,0.0,0,0.0,0
2012-10-09T09:18:40.000,2282.2,10257,2282,38,0.0,0,0.0,0,0.0,0,0.0,0,2282.2,11,0.0,0,0.0,0,0.0,0,0.0,0
2012-10-09T09:18:40.500,2282.2,10268,2282,38,0.0,0,0.0,0,0.0,0,0.0,0,2282.2,3,0.0,0,0.0,0,0.0,0,0.0,0
2012-10-09T09:18:41.000,2282.2,10270,2282,38,0.0,0,0.0,0,0.0,0,0.0,0,2282.2,6,0.0,0,0.0,0,0.0,0,0.0,0
2012-10-09T09:18:41.500,2282.2,10274,2282,39,0.0,0,0.0,0,0.0,0,0.0,0,2282.2,2,0.0,0,0.0,0,0.0,0,0.0,0
2012-10-09T09:18:42.000,2282.2,10278,2282,39,0.0,0,0.0,0,0.0,0,0.0,0,2282.2,8,0.0,0,0.0,0,0.0,0,0.0,0
2012-10-09T09:18:42.500,2282,10280,2282,38,0.0,0,0.0,0,0.0,0,0.0,0,2282.2,31,0.0,0,0.0,0,0.0,0,0.0,0
2012-10-09T09:18:43.000,2282,10283,2282,37,0.0,0,0.0,0,0.0,0,0.0,0,2282.2,30,0.0,0,0.0,0,0.0,0,0.0,0
2012-10-09T09:18:43.500,2282,10313,2282,10,0.0,0,0.0,0,0.0,0,0.0,0,2282.2,30,0.0,0,0.0,0,0.0,0,0.0,0
2012-10-09T09:18:44.000,2281.8,10328,2281.8,41,0.0,0,0.0,0,0.0,0,0.0,0,2282.2,30,0.0,0,0.0,0,0.0,0,0.0,0
2012-10-09T09:18:44.500,2281.8,10333,2281.8,37,0.0,0,0.0,0,0.0,0,0.0,0,2282,1,0.0,0,0.0,0,0.0,0,0.0,0
2012-10-09T09:18:45.000,2281.8,10349,2281.8,26,0.0,0,0.0,0,0.0,0,0.0,0,2282.2,31,0.0,0,0.0,0,0.0,0,0.0,0
2012-10-09T09:18:45.500,2282.2,10372,2281.8,23,0.0,0,0.0,0,0.0,0,0.0,0,2282.2,14,0.0,0,0.0,0,0.0,0,0.0,0
2012-10-09T09:18:46.000,2281.8,10375,2281.8,20,0.0,0,0.0,0,0.0,0,0.0,0,2282,1,0.0,0,0.0,0,0.0,0,0.0,0
2012-10-09T09:18:46.500,2281.8,10380,2281.8,24,0.0,0,0.0,0,0.0,0,0.0,0,2282.2,19,0.0,0,0.0,0,0.0,0,0.0,0
2012-10-09T09:18:47.000,2282,10382,2282,2,0.0,0,0.0,0,0.0,0,0.0,0,2282.2,19,0.0,0,0.0,0,0.0,0,0.0,0
2012-10-09T09:18:47.500,2282.2,10384,2282,53,0.0,0,0.0,0,0.0,0,0.0,0,2282.2,18,0.0,0,0.0,0,0.0,0,0.0,0
2012-10-09T09:18:48.000,2282,10392,2282,50,0.0,0,0.0,0,0.0,0,0.0,0,2282.2,12,0.0,0,0.0,0,0.0,0,0.0,0
2012-10-09T09:18:48.500,2282.2,10407,2282.2,10,0.0,0,0.0,0,0.0,0,0.0,0,2282.4,41,0.0,0,0.0,0,0.0,0,0.0,0
2012-10-09T09:18:49.250,2282.2,10408,2282.2,10,0.0,0,0.0,0,0.0,0,0.0,0,2282.4,42,0.0,0,0.0,0,0.0,0,0.0,0
2012-10-09T09:18:50.000,2282.2,10419,2282.2,2,0.0,0,0.0,0,0.0,0,0.0,0,2282.4,41,0.0,0,0.0,0,0.0,0,0.0,0
2012-10-09T09:18:50.500,2282,10422,2282,59,0.0,0,0.0,0,0.0,0,0.0,0,2282.2,8,0.0,0,0.0,0,0.0,0,0.0,0
2012-10-09T09:18:51.000,2282.4,10443,2282,59,0.0,0,0.0,0,0.0,0,0.0,0,2282.2,10,0.0,0,0.0,0,0.0,0,0.0,0
2012-10-09T09:18:51.500,2282,10451,2282,55,0.0,0,0.0,0,0.0,0,0.0,0,2282.2,6,0.0,0,0.0,0,0.0,0,0.0,0
2012-10-09T09:18:52.000,2282,10452,2282,55,0.0,0,0.0,0,0.0,0,0.0,0,2282.2,6,0.0,0,0.0,0,0.0,0,0.0,0
2012-10-09T09:18:52.500,2282.2,10454,2282,56,0.0,0,0.0,0,0.0,0,0.0,0,2282.2,5,0.0,0,0.0,0,0.0,0,0.0,0
2012-10-09T09:18:53.250,2282.2,10456,2282,58,0.0,0,0.0,0,0.0,0,0.0,0,2282.2,6,0.0,0,0.0,0,0.0,0,0.0,0
2012-10-09T09:18:54.000,2282.2,10462,2282,54,0.0,0,0.0,0,0.0,0,0.0,0,2282.2,5,0.0,0,0.0,0,0.0,0,0.0,0
2012-10-09T09:18:54.500,2282,10463,2282,53,0.0,0,0.0,0,0.0,0,0.0,0,2282.2,4,0.0,0,0.0,0,0.0,0,0.0,0
2012-10-09T09:18:55.250,2282.2,10467,2282,52,0.0,0,0.0,0,0.0,0,0.0,0,2282.2,7,0.0,0,0.0,0,0.0,0,0.0,0
2012-10-09T09:18:56.000,2282,10472,2282,49,0.0,0,0.0,0,0.0,0,0.0,0,2282.2,7,0.0,0,0.0,0,0.0,0,0.0,0
2012-10-09T09:18:56.500,2282.2,10473,2282,50,0.0,0,0.0,0,0.0,0,0.0,0,2282.2,6,0.0,0,0.0,0,0.0,0,0.0,0
2012-10-09T09:18:57.250,2282.2,10482,2282.2,14,0.0,0,0.0,0,0.0,0,0.0,0,2282.4,30,0.0,0,0.0,0,0.0,0,0.0,0
2012-10-09T09:18:58.000,2282.4,10483,2282.2,25,0.0,0,0.0,0,0.0,0,0.0,0,2282.4,29,0.0,0,0.0,0,0.0,0,0.0,0
2012-10-09T09:18:58.500,2282.2,10489,2282.2,23,0.0,0,0.0,0,0.0,0,0.0,0,2282.4,30,0.0,0,0.0,0,0.0,0,0.0,0
2012-10-09T09:18:59.250,2282.4,10496,2282.2,31,0.0,0,0.0,0,0.0,0,0.0,0,2282.4,23,0.0,0,0.0,0,0.0,0,0.0,0
2012-10-09T09:19:00.000,2282.4,10509,2282.2,30,0.0,0,0.0,0,0.0,0,0.0,0,2282.4,11,0.0,0,0.0,0,0.0,0,0.0,0
2012-10-09T09:19:00.500,2282.4,10520,2282.4,17,0.0,0,0.0,0,0.0,0,0.0,0,2282.6,57,0.0,0,0.0,0,0.0,0,0.0,0
2012-10-09T09:19:01.250,2282.4,10523,2282.4,22,0.0,0,0.0,0,0.0,0,0.0,0,2282.6,56,0.0,0,0.0,0,0.0,0,0.0,0
2012-10-09T09:19:02.000,2282.6,10531,2282.4,19,0.0,0,0.0,0,0.0,0,0.0,0,2282.6,51,0.0,0,0.0,0,0.0,0,0.0,0
2012-10-09T09:19:02.500,2282.4,10557,2282.2,33,0.0,0,0.0,0,0.0,0,0.0,0,2282.4,15,0.0,0,0.0,0,0.0,0,0.0,0
2012-10-09T09:19:03.000,2282.2,10581,2282.2,24,0.0,0,0.0,0,0.0,0,0.0,0,2282.4,6,0.0,0,0.0,0,0.0,0,0.0,0
2012-10-09T09:19:03.500,2282.4,10584,2282.2,24,0.0,0,0.0,0,0.0,0,0.0,0,2282.4,3,0.0,0,0.0,0,0.0,0,0.0,0
2012-10-09T09:19:04.000,2282.6,10613,2282.4,1,0.0,0,0.0,0,0.0,0,0.0,0,2282.6,24,0.0,0,0.0,0,0.0,0,0.0,0
2012-10-09T09:19:04.500,2282.4,10619,2282.2,27,0.0,0,0.0,0,0.0,0,0.0,0,2282.4,5,0.0,0,0.0,0,0.0,0,0.0,0
2012-10-09T09:19:05.000,2282.2,10624,2282.2,24,0.0,0,0.0,0,0.0,0,0.0,0,2282.4,4,0.0,0,0.0,0,0.0,0,0.0,0
2012-10-09T09:19:05.500,2282.4,10632,2282.4,4,0.0,0,0.0,0,0.0,0,0.0,0,2282.6,26,0.0,0,0.0,0,0.0,0,0.0,0
2012-10-09T09:19:06.000,2282.6,10633,2282.4,13,0.0,0,0.0,0,0.0,0,0.0,0,2282.6,27,0.0,0,0.0,0,0.0,0,0.0,0
2012-10-09T09:19:06.500,2282.4,10635,2282.4,12,0.0,0,0.0,0,0.0,0,0.0,0,2282.6,27,0.0,0,0.0,0,0.0,0,0.0,0
2012-10-09T09:19:07.000,2282.4,10648,2282.4,12,0.0,0,0.0,0,0.0,0,0.0,0,2282.6,15,0.0,0,0.0,0,0.0,0,0.0,0
2012-10-09T09:19:07.500,2282.6,10664,2282.6,13,0.0,0,0.0,0,0.0,0,0.0,0,2282.8,43,0.0,0,0.0,0,0.0,0,0.0,0
2012-10-09T09:19:08.000,2282.6,10666,2282.6,15,0.0,0,0.0,0,0.0,0,0.0,0,2282.8,42,0.0,0,0.0,0,0.0,0,0.0,0
2012-10-09T09:19:08.500,2282.6,10670,2282.6,20,0.0,0,0.0,0,0.0,0,0.0,0,2282.8,39,0.0,0,0.0,0,0.0,0,0.0,0
2012-10-09T09:19:09.000,2282.8,10684,2282.6,20,0.0,0,0.0,0,0.0,0,0.0,0,2282.8,26,0.0,0,0.0,0,0.0,0,0.0,0
2012-10-09T09:19:09.500,2282.8,10693,2282.6,38,0.0,0,0.0,0,0.0,0,0.0,0,2282.8,21,0.0,0,0.0,0,0.0,0,0.0,0
2012-10-09T09:19:10.000,2282.6,10695,2282.6,37,0.0,0,0.0,0,0.0,0,0.0,0,2282.8,20,0.0,0,0.0,0,0.0,0,0.0,0
2012-10-09T09:19:10.500,2282.8,10720,2282.8,31,0.0,0,0.0,0,0.0,0,0.0,0,2283,25,0.0,0,0.0,0,0.0,0,0.0,0
2012-10-09T09:19:11.000,2283,10725,2282.8,31,0.0,0,0.0,0,0.0,0,0.0,0,2283,22,0.0,0,0.0,0,0.0,0,0.0,0
2012-10-09T09:19:11.500,2282.8,10729,2282.8,29,0.0,0,0.0,0,0.0,0,0.0,0,2283,19,0.0,0,0.0,0,0.0,0,0.0,0
2012-10-09T09:19:12.000,2283,10735,2282.8,1,0.0,0,0.0,0,0.0,0,0.0,0,2283,18,0.0,0,0.0,0,0.0,0,0.0,0
2012-10-09T09:19:12.500,2283,10755,2283,9,0.0,0,0.0,0,0.0,0,0.0,0,2283.2,11,0.0,0,0.0,0,0.0,0,0.0,0
2012-10-09T09:19:13.000,2283,10774,2282.8,7,0.0,0,0.0,0,0.0,0,0.0,0,2283,21,0.0,0,0.0,0,0.0,0,0.0,0
2012-10-09T09:19:13.500,2283,10793,2282.8,1,0.0,0,0.0,0,0.0,0,0.0,0,2283,27,0.0,0,0.0,0,0.0,0,0.0,0
2012-10-09T09:19:14.000,2283,10814,2282.6,30,0.0,0,0.0,0,0.0,0,0.0,0,2282.8,6,0.0,0,0.0,0,0.0,0,0.0,0
2012-10-09T09:19:14.500,2283,10824,2282.6,30,0.0,0,0.0,0,0.0,0,0.0,0,2283,19,0.0,0,0.0,0,0.0,0,0.0,0
2012-10-09T09:19:15.000,2283,10850,2282.6,18,0.0,0,0.0,0,0.0,0,0.0,0,2283,12,0.0,0,0.0,0,0.0,0,0.0,0
2012-10-09T09:19:15.500,2282.8,10858,2282.6,17,0.0,0,0.0,0,0.0,0,0.0,0,2282.8,3,0.0,0,0.0,0,0.0,0,0.0,0
2012-10-09T09:19:16.000,2282.6,10867,2282.8,2,0.0,0,0.0,0,0.0,0,0.0,0,2283,8,0.0,0,0.0,0,0.0,0,0.0,0
2012-10-09T09:19:16.500,2282.8,10878,2282.6,16,0.0,0,0.0,0,0.0,0,0.0,0,2282.8,1,0.0,0,0.0,0,0.0,0,0.0,0
2012-10-09T09:19:17.000,2283,10889,2282.8,6,0.0,0,0.0,0,0.0,0,0.0,0,2283,3,0.0,0,0.0,0,0.0,0,0.0,0
2012-10-09T09:19:17.500,2282.8,10899,2282.6,17,0.0,0,0.0,0,0.0,0,0.0,0,2282.8,3,0.0,0,0.0,0,0.0,0,0.0,0
2012-10-09T09:19:18.000,2283,10919,2282.6,9,0.0,0,0.0,0,0.0,0,0.0,0,2283,2,0.0,0,0.0,0,0.0,0,0.0,0
2012-10-09T09:19:18.500,2282.6,10922,2282.6,8,0.0,0,0.0,0,0.0,0,0.0,0,2283,1,0.0,0,0.0,0,0.0,0,0.0,0
2012-10-09T09:19:19.000,2282.8,10928,2282.6,12,0.0,0,0.0,0,0.0,0,0.0,0,2283,13,0.0,0,0.0,0,0.0,0,0.0,0
2012-10-09T09:19:19.500,2283,10932,2282.6,13,0.0,0,0.0,0,0.0,0,0.0,0,2282.8,5,0.0,0,0.0,0,0.0,0,0.0,0
2012-10-09T09:19:20.000,2283,10944,2282.6,7,0.0,0,0.0,0,0.0,0,0.0,0,2283,24,0.0,0,0.0,0,0.0,0,0.0,0
2012-10-09T09:19:20.500,2282.6,10947,2282.8,2,0.0,0,0.0,0,0.0,0,0.0,0,2283,23,0.0,0,0.0,0,0.0,0,0.0,0
2012-10-09T09:19:21.000,2283,10951,2282.8,6,0.0,0,0.0,0,0.0,0,0.0,0,2283,23,0.0,0,0.0,0,0.0,0,0.0,0
2012-10-09T09:19:21.500,2283,10956,2282.8,5,0.0,0,0.0,0,0.0,0,0.0,0,2283,21,0.0,0,0.0,0,0.0,0,0.0,0
2012-10-09T09:19:22.000,2282.8,10974,2282.6,13,0.0,0,0.0,0,0.0,0,0.0,0,2282.8,29,0.0,0,0.0,0,0.0,0,0.0,0
2012-10-09T09:19:22.500,2282.6,10978,2282.6,21,0.0,0,0.0,0,0.0,0,0.0,0,2282.8,29,0.0,0,0.0,0,0.0,0,0.0,0
2012-10-09T09:19:23.000,2282.6,10993,2282.6,15,0.0,0,0.0,0,0.0,0,0.0,0,2282.8,62,0.0,0,0.0,0,0.0,0,0.0,0
2012-10-09T09:19:23.500,2282.6,11013,2282.6,7,0.0,0,0.0,0,0.0,0,0.0,0,2282.8,50,0.0,0,0.0,0,0.0,0,0.0,0
2012-10-09T09:19:24.000,2282.6,11026,2282.4,20,0.0,0,0.0,0,0.0,0,0.0,0,2282.6,43,0.0,0,0.0,0,0.0,0,0.0,0
2012-10-09T09:19:24.500,2282.6,11044,2282.4,4,0.0,0,0.0,0,0.0,0,0.0,0,2282.6,37,0.0,0,0.0,0,0.0,0,0.0,0
2012-10-09T09:19:25.000,2282.6,11059,2282.4,4,0.0,0,0.0,0,0.0,0,0.0,0,2282.6,22,0.0,0,0.0,0,0.0,0,0.0,0
2012-10-09T09:19:25.500,2282.6,11066,2282.4,4,0.0,0,0.0,0,0.0,0,0.0,0,2282.6,17,0.0,0,0.0,0,0.0,0,0.0,0
2012-10-09T09:19:26.000,2282.6,11071,2282.4,29,0.0,0,0.0,0,0.0,0,0.0,0,2282.6,16,0.0,0,0.0,0,0.0,0,0.0,0
2012-10-09T09:19:26.500,2282.6,11089,2282.4,23,0.0,0,0.0,0,0.0,0,0.0,0,2282.6,1,0.0,0,0.0,0,0.0,0,0.0,0
2012-10-09T09:19:27.000,2282.4,11091,2282.6,4,0.0,0,0.0,0,0.0,0,0.0,0,2282.8,55,0.0,0,0.0,0,0.0,0,0.0,0
2012-10-09T09:19:27.500,2282.8,11094,2282.6,3,0.0,0,0.0,0,0.0,0,0.0,0,2282.8,55,0.0,0,0.0,0,0.0,0,0.0,0
2012-10-09T09:19:28.000,2282.6,11095,2282.6,2,0.0,0,0.0,0,0.0,0,0.0,0,2282.8,55,0.0,0,0.0,0,0.0,0,0.0,0
2012-10-09T09:19:28.500,2282.8,11099,2282.6,2,0.0,0,0.0,0,0.0,0,0.0,0,2282.8,52,0.0,0,0.0,0,0.0,0,0.0,0
2012-10-09T09:19:29.000,2282.6,11103,2282.4,24,0.0,0,0.0,0,0.0,0,0.0,0,2282.6,12,0.0,0,0.0,0,0.0,0,0.0,0
2012-10-09T09:19:29.500,2282.4,11106,2282.4,24,0.0,0,0.0,0,0.0,0,0.0,0,2282.6,11,0.0,0,0.0,0,0.0,0,0.0,0
2012-10-09T09:19:30.000,2282.4,11111,2282.4,22,0.0,0,0.0,0,0.0,0,0.0,0,2282.6,8,0.0,0,0.0,0,0.0,0,0.0,0
2012-10-09T09:19:30.500,2282.4,11115,2282.4,11,0.0,0,0.0,0,0.0,0,0.0,0,2282.6,36,0.0,0,0.0,0,0.0,0,0.0,0
2012-10-09T09:19:31.250,2282.4,11136,2282.2,31,0.0,0,0.0,0,0.0,0,0.0,0,2282.4,16,0.0,0,0.0,0,0.0,0,0.0,0
2012-10-09T09:19:32.250,2282.2,11151,2282.2,21,0.0,0,0.0,0,0.0,0,0.0,0,2282.4,36,0.0,0,0.0,0,0.0,0,0.0,0
2012-10-09T09:19:33.000,2282.2,11152,2282.2,20,0.0,0,0.0,0,0.0,0,0.0,0,2282.4,45,0.0,0,0.0,0,0.0,0,0.0,0
2012-10-09T09:19:33.500,2282.2,11157,2282.2,15,0.0,0,0.0,0,0.0,0,0.0,0,2282.4,44,0.0,0,0.0,0,0.0,0,0.0,0
2012-10-09T09:19:34.250,2282.2,11161,2282.2,13,0.0,0,0.0,0,0.0,0,0.0,0,2282.4,42,0.0,0,0.0,0,0.0,0,0.0,0
2012-10-09T09:19:35.000,2282.2,11172,2282,95,0.0,0,0.0,0,0.0,0,0.0,0,2282.4,43,0.0,0,0.0,0,0.0,0,0.0,0
2012-10-09T09:19:35.500,2282,11175,2282,92,0.0,0,0.0,0,0.0,0,0.0,0,2282.2,3,0.0,0,0.0,0,0.0,0,0.0,0
2012-10-09T09:19:36.000,2282.2,11185,2282.2,8,0.0,0,0.0,0,0.0,0,0.0,0,2282.4,43,0.0,0,0.0,0,0.0,0,0.0,0
2012-10-09T09:19:36.500,2282,11204,2282,77,0.0,0,0.0,0,0.0,0,0.0,0,2282.2,1,0.0,0,0.0,0,0.0,0,0.0,0
2012-10-09T09:19:37.000,2282,11215,2282,70,0.0,0,0.0,0,0.0,0,0.0,0,2282.4,43,0.0,0,0.0,0,0.0,0,0.0,0
2012-10-09T09:19:37.500,2282,11221,2282.2,8,0.0,0,0.0,0,0.0,0,0.0,0,2282.4,43,0.0,0,0.0,0,0.0,0,0.0,0
2012-10-09T09:19:38.000,2282.2,11229,2282,67,0.0,0,0.0,0,0.0,0,0.0,0,2282.2,5,0.0,0,0.0,0,0.0,0,0.0,0
2012-10-09T09:19:38.500,2282,11231,2282,65,0.0,0,0.0,0,0.0,0,0.0,0,2282.2,6,0.0,0,0.0,0,0.0,0,0.0,0
2012-10-09T09:19:39.000,2282,11234,2282,63,0.0,0,0.0,0,0.0,0,0.0,0,2282.2,5,0.0,0,0.0,0,0.0,0,0.0,0
2012-10-09T09:19:39.500,2282,11236,2282,61,0.0,0,0.0,0,0.0,0,0.0,0,2282.2,5,0.0,0,0.0,0,0.0,0,0.0,0
2012-10-09T09:19:40.000,2282,11257,2282,41,0.0,0,0.0,0,0.0,0,0.0,0,2282.2,25,0.0,0,0.0,0,0.0,0,0.0,0
2012-10-09T09:19:40.500,2282,11277,2282,24,0.0,0,0.0,0,0.0,0,0.0,0,2282.2,28,0.0,0,0.0,0,0.0,0,0.0,0
2012-10-09T09:19:41.000,2281.8,11307,2281.8,21,0.0,0,0.0,0,0.0,0,0.0,0,2282,7,0.0,0,0.0,0,0.0,0,0.0,0
2012-10-09T09:19:41.500,2281.8,11331,2281.6,21,0.0,0,0.0,0,0.0,0,0.0,0,2281.8,15,0.0,0,0.0,0,0.0,0,0.0,0
2012-10-09T09:19:42.000,2281.6,11347,2281.6,20,0.0,0,0.0,0,0.0,0,0.0,0,2281.8,18,0.0,0,0.0,0,0.0,0,0.0,0
2012-10-09T09:19:42.500,2281.6,11357,2281.6,11,0.0,0,0.0,0,0.0,0,0.0,0,2281.8,19,0.0,0,0.0,0,0.0,0,0.0,0
2012-10-09T09:19:43.000,2281.4,11372,2281.4,17,0.0,0,0.0,0,0.0,0,0.0,0,2281.6,2,0.0,0,0.0,0,0.0,0,0.0,0
2012-10-09T09:19:43.500,2281.6,11381,2281.4,14,0.0,0,0.0,0,0.0,0,0.0,0,2281.6,2,0.0,0,0.0,0,0.0,0,0.0,0
2012-10-09T09:19:44.000,2281.4,11389,2281.4,7,0.0,0,0.0,0,0.0,0,0.0,0,2281.6,10,0.0,0,0.0,0,0.0,0,0.0,0
2012-10-09T09:19:44.500,2281.4,11399,2281.2,52,0.0,0,0.0,0,0.0,0,0.0,0,2281.4,2,0.0,0,0.0,0,0.0,0,0.0,0
2012-10-09T09:19:45.000,2281.4,11409,2281.2,47,0.0,0,0.0,0,0.0,0,0.0,0,2281.4,3,0.0,0,0.0,0,0.0,0,0.0,0
2012-10-09T09:19:45.500,2281.2,11416,2281.2,46,0.0,0,0.0,0,0.0,0,0.0,0,2281.4,4,0.0,0,0.0,0,0.0,0,0.0,0
2012-10-09T09:19:46.000,2281.4,11430,2281.4,11,0.0,0,0.0,0,0.0,0,0.0,0,2281.6,9,0.0,0,0.0,0,0.0,0,0.0,0
2012-10-09T09:19:46.500,2281.4,11437,2281.4,10,0.0,0,0.0,0,0.0,0,0.0,0,2281.6,11,0.0,0,0.0,0,0.0,0,0.0,0
2012-10-09T09:19:47.000,2281.6,11457,2281.4,2,0.0,0,0.0,0,0.0,0,0.0,0,2281.6,9,0.0,0,0.0,0,0.0,0,0.0,0
2012-10-09T09:19:47.500,2281.6,11464,2281.4,1,0.0,0,0.0,0,0.0,0,0.0,0,2281.6,5,0.0,0,0.0,0,0.0,0,0.0,0
2012-10-09T09:19:48.000,2281.4,11467,2281.4,1,0.0,0,0.0,0,0.0,0,0.0,0,2281.6,7,0.0,0,0.0,0,0.0,0,0.0,0
2012-10-09T09:19:48.500,2281.4,11471,2281.4,2,0.0,0,0.0,0,0.0,0,0.0,0,2281.6,7,0.0,0,0.0,0,0.0,0,0.0,0
2012-10-09T09:19:49.000,2281.6,11480,2281.6,4,0.0,0,0.0,0,0.0,0,0.0,0,2281.8,7,0.0,0,0.0,0,0.0,0,0.0,0
2012-10-09T09:19:49.500,2281.6,11484,2281.6,1,0.0,0,0.0,0,0.0,0,0.0,0,2281.8,7,0.0,0,0.0,0,0.0,0,0.0,0
2012-10-09T09:19:50.000,2281.4,11488,2281.2,46,0.0,0,0.0,0,0.0,0,0.0,0,2281.4,41,0.0,0,0.0,0,0.0,0,0.0,0
2012-10-09T09:19:50.500,2281.4,11500,2281.2,46,0.0,0,0.0,0,0.0,0,0.0,0,2281.4,33,0.0,0,0.0,0,0.0,0,0.0,0
2012-10-09T09:19:51.000,2281.2,11507,2281.2,41,0.0,0,0.0,0,0.0,0,0.0,0,2281.4,32,0.0,0,0.0,0,0.0,0,0.0,0
2012-10-09T09:19:51.500,2281.4,11516,2281.2,42,0.0,0,0.0,0,0.0,0,0.0,0,2281.4,25,0.0,0,0.0,0,0.0,0,0.0,0
2012-10-09T09:19:52.000,2281.2,11518,2281.2,42,0.0,0,0.0,0,0.0,0,0.0,0,2281.4,27,0.0,0,0.0,0,0.0,0,0.0,0
2012-10-09T09:19:52.500,2281.2,11523,2281.2,37,0.0,0,0.0,0,0.0,0,0.0,0,2281.4,27,0.0,0,0.0,0,0.0,0,0.0,0
2012-10-09T09:19:53.000,2281.2,11544,2281.2,16,0.0,0,0.0,0,0.0,0,0.0,0,2281.4,27,0.0,0,0.0,0,0.0,0,0.0,0
2012-10-09T09:19:53.500,2281.2,11555,2281.2,10,0.0,0,0.0,0,0.0,0,0.0,0,2281.4,30,0.0,0,0.0,0,0.0,0,0.0,0
2012-10-09T09:19:54.000,2281,11567,2281,80,0.0,0,0.0,0,0.0,0,0.0,0,2281.2,2,0.0,0,0.0,0,0.0,0,0.0,0
2012-10-09T09:19:54.500,2281.4,11585,2281.2,14,0.0,0,0.0,0,0.0,0,0.0,0,2281.4,19,0.0,0,0.0,0,0.0,0,0.0,0
2012-10-09T09:19:55.000,2281.2,11597,2281.2,9,0.0,0,0.0,0,0.0,0,0.0,0,2281.4,23,0.0,0,0.0,0,0.0,0,0.0,0
2012-10-09T09:19:55.500,2281.2,11602,2281.2,5,0.0,0,0.0,0,0.0,0,0.0,0,2281.4,24,0.0,0,0.0,0,0.0,0,0.0,0
2012-10-09T09:19:56.000,2281.2,11604,2281.2,38,0.0,0,0.0,0,0.0,0,0.0,0,2281.4,24,0.0,0,0.0,0,0.0,0,0.0,0
2012-10-09T09:19:56.500,2281.2,11613,2281.2,36,0.0,0,0.0,0,0.0,0,0.0,0,2281.4,24,0.0,0,0.0,0,0.0,0,0.0,0
2012-10-09T09:19:57.000,2281.4,11644,2281.2,49,0.0,0,0.0,0,0.0,0,0.0,0,2281.6,7,0.0,0,0.0,0,0.0,0,0.0,0
2012-10-09T09:19:57.500,2281.8,11670,2281.6,2,0.0,0,0.0,0,0.0,0,0.0,0,2281.8,7,0.0,0,0.0,0,0.0,0,0.0,0
2012-10-09T09:19:58.000,2281.8,11680,2281.6,2,0.0,0,0.0,0,0.0,0,0.0,0,2282,25,0.0,0,0.0,0,0.0,0,0.0,0
2012-10-09T09:19:58.500,2282,11682,2281.6,1,0.0,0,0.0,0,0.0,0,0.0,0,2281.8,12,0.0,0,0.0,0,0.0,0,0.0,0
2012-10-09T09:19:59.250,2281.6,11684,2281.4,19,0.0,0,0.0,0,0.0,0,0.0,0,2281.8,26,0.0,0,0.0,0,0.0,0,0.0,0
2012-10-09T09:20:00.000,2281.8,11699,2281.4,15,0.0,0,0.0,0,0.0,0,0.0,0,2281.8,15,0.0,0,0.0,0,0.0,0,0.0,0
2012-10-09T09:20:00.500,2281.4,11715,2281.4,4,0.0,0,0.0,0,0.0,0,0.0,0,2281.6,2,0.0,0,0.0,0,0.0,0,0.0,0
2012-10-09T09:20:01.000,2281.6,11733,2281.2,35,0.0,0,0.0,0,0.0,0,0.0,0,2281.6,4,0.0,0,0.0,0,0.0,0,0.0,0
2012-10-09T09:20:01.500,2281.6,11739,2281.6,1,0.0,0,0.0,0,0.0,0,0.0,0,2281.8,3,0.0,0,0.0,0,0.0,0,0.0,0
2012-10-09T09:20:02.000,2281.8,11760,2281.8,2,0.0,0,0.0,0,0.0,0,0.0,0,2282,15,0.0,0,0.0,0,0.0,0,0.0,0
2012-10-09T09:20:02.500,2282,11774,2281.6,16,0.0,0,0.0,0,0.0,0,0.0,0,2281.8,2,0.0,0,0.0,0,0.0,0,0.0,0
2012-10-09T09:20:03.000,2281.8,11777,2281.8,3,0.0,0,0.0,0,0.0,0,0.0,0,2282,8,0.0,0,0.0,0,0.0,0,0.0,0
2012-10-09T09:20:03.500,2282,11788,2281.6,12,0.0,0,0.0,0,0.0,0,0.0,0,2282,5,0.0,0,0.0,0,0.0,0,0.0,0
2012-10-09T09:20:04.000,2282,11804,2282,1,0.0,0,0.0,0,0.0,0,0.0,0,2282.2,15,0.0,0,0.0,0,0.0,0,0.0,0
2012-10-09T09:20:04.500,2282,11807,2281.6,15,0.0,0,0.0,0,0.0,0,0.0,0,2282,10,0.0,0,0.0,0,0.0,0,0.0,0
2012-10-09T09:20:05.000,2282,11820,2281.6,15,0.0,0,0.0,0,0.0,0,0.0,0,2282,2,0.0,0,0.0,0,0.0,0,0.0,0
2012-10-09T09:20:05.500,2282,11823,2282,4,0.0,0,0.0,0,0.0,0,0.0,0,2282.2,16,0.0,0,0.0,0,0.0,0,0.0,0
2012-10-09T09:20:06.000,2282,11827,2282,11,0.0,0,0.0,0,0.0,0,0.0,0,2282.2,16,0.0,0,0.0,0,0.0,0,0.0,0
2012-10-09T09:20:06.500,2281.6,11839,2281.6,18,0.0,0,0.0,0,0.0,0,0.0,0,2282,13,0.0,0,0.0,0,0.0,0,0.0,0
2012-10-09T09:20:07.250,2282,11841,2281.6,18,0.0,0,0.0,0,0.0,0,0.0,0,2282,15,0.0,0,0.0,0,0.0,0,0.0,0
2012-10-09T09:20:08.000,2282,11849,2281.6,18,0.0,0,0.0,0,0.0,0,0.0,0,2281.8,2,0.0,0,0.0,0,0.0,0,0.0,0
2012-10-09T09:20:08.500,2281.8,11871,2281.8,17,0.0,0,0.0,0,0.0,0,0.0,0,2282,1,0.0,0,0.0,0,0.0,0,0.0,0
2012-10-09T09:20:09.250,2282,11877,2281.8,29,0.0,0,0.0,0,0.0,0,0.0,0,2282.2,22,0.0,0,0.0,0,0.0,0,0.0,0
2012-10-09T09:20:10.000,2282.2,11886,2281.8,29,0.0,0,0.0,0,0.0,0,0.0,0,2282.2,14,0.0,0,0.0,0,0.0,0,0.0,0
2012-10-09T09:20:10.500,2282,11888,2281.8,32,0.0,0,0.0,0,0.0,0,0.0,0,2282.2,13,0.0,0,0.0,0,0.0,0,0.0,0
2012-10-09T09:20:11.000,2281.8,11891,2281.8,31,0.0,0,0.0,0,0.0,0,0.0,0,2282,1,0.0,0,0.0,0,0.0,0,0.0,0
2012-10-09T09:20:11.500,2281.8,11912,2281.8,14,0.0,0,0.0,0,0.0,0,0.0,0,2282,3,0.0,0,0.0,0,0.0,0,0.0,0
2012-10-09T09:20:12.250,2281.8,11914,2281.8,13,0.0,0,0.0,0,0.0,0,0.0,0,2282,2,0.0,0,0.0,0,0.0,0,0.0,0
2012-10-09T09:20:13.000,2281.8,11927,2281.6,20,0.0,0,0.0,0,0.0,0,0.0,0,2281.8,2,0.0,0,0.0,0,0.0,0,0.0,0
2012-10-09T09:20:13.500,2281.8,11930,2281.6,21,0.0,0,0.0,0,0.0,0,0.0,0,2282,7,0.0,0,0.0,0,0.0,0,0.0,0
2012-10-09T09:20:14.000,2282,11932,2281.8,7,0.0,0,0.0,0,0.0,0,0.0,0,2282,5,0.0,0,0.0,0,0.0,0,0.0,0
2012-10-09T09:20:14.500,2282,11935,2281.8,8,0.0,0,0.0,0,0.0,0,0.0,0,2282,3,0.0,0,0.0,0,0.0,0,0.0,0
2012-10-09T09:20:15.250,2281.8,11937,2281.8,21,0.0,0,0.0,0,0.0,0,0.0,0,2282,3,0.0,0,0.0,0,0.0,0,0.0,0
2012-10-09T09:20:16.000,2282.2,11949,2282,9,0.0,0,0.0,0,0.0,0,0.0,0,2282.2,18,0.0,0,0.0,0,0.0,0,0.0,0
2012-10-09T09:20:16.500,2282.2,11952,2282,11,0.0,0,0.0,0,0.0,0,0.0,0,2282.2,16,0.0,0,0.0,0,0.0,0,0.0,0
2012-10-09T09:20:17.000,2282,11953,2282,10,0.0,0,0.0,0,0.0,0,0.0,0,2282.2,17,0.0,0,0.0,0,0.0,0,0.0,0
2012-10-09T09:20:17.500,2282,11962,2282,8,0.0,0,0.0,0,0.0,0,0.0,0,2282.2,16,0.0,0,0.0,0,0.0,0,0.0,0
2012-10-09T09:20:18.000,2282,11964,2282,6,0.0,0,0.0,0,0.0,0,0.0,0,2282.2,16,0.0,0,0.0,0,0.0,0,0.0,0
2012-10-09T09:20:18.500,2282.2,11970,2282,4,0.0,0,0.0,0,0.0,0,0.0,0,2282.2,13,0.0,0,0.0,0,0.0,0,0.0,0
2012-10-09T09:20:19.000,2282,11973,2282,3,0.0,0,0.0,0,0.0,0,0.0,0,2282.2,12,0.0,0,0.0,0,0.0,0,0.0,0
2012-10-09T09:20:19.500,2282.2,11983,2282,5,0.0,0,0.0,0,0.0,0,0.0,0,2282.2,2,0.0,0,0.0,0,0.0,0,0.0,0
2012-10-09T09:20:20.000,2282,11986,2282,2,0.0,0,0.0,0,0.0,0,0.0,0,2282.2,2,0.0,0,0.0,0,0.0,0,0.0,0
2012-10-09T09:20:20.500,2282.2,11998,2282.2,4,0.0,0,0.0,0,0.0,0,0.0,0,2282.4,29,0.0,0,0.0,0,0.0,0,0.0,0
2012-10-09T09:20:21.000,2282.2,11999,2282.2,3,0.0,0,0.0,0,0.0,0,0.0,0,2282.4,29,0.0,0,0.0,0,0.0,0,0.0,0
2012-10-09T09:20:21.500,2282.2,12000,2282.2,2,0.0,0,0.0,0,0.0,0,0.0,0,2282.4,30,0.0,0,0.0,0,0.0,0,0.0,0
2012-10-09T09:20:22.000,2282.4,12001,2282.2,3,0.0,0,0.0,0,0.0,0,0.0,0,2282.4,29,0.0,0,0.0,0,0.0,0,0.0,0
2012-10-09T09:20:22.500,2282.4,12006,2282.2,2,0.0,0,0.0,0,0.0,0,0.0,0,2282.4,25,0.0,0,0.0,0,0.0,0,0.0,0
2012-10-09T09:20:23.000,2282.2,12007,2282.2,2,0.0,0,0.0,0,0.0,0,0.0,0,2282.4,26,0.0,0,0.0,0,0.0,0,0.0,0
2012-10-09T09:20:23.500,2282.4,12011,2282.2,1,0.0,0,0.0,0,0.0,0,0.0,0,2282.4,22,0.0,0,0.0,0,0.0,0,0.0,0
2012-10-09T09:20:24.250,2282.4,12022,2282.2,1,0.0,0,0.0,0,0.0,0,0.0,0,2282.4,12,0.0,0,0.0,0,0.0,0,0.0,0
2012-10-09T09:20:25.000,2282.4,12043,2282,15,0.0,0,0.0,0,0.0,0,0.0,0,2282.4,2,0.0,0,0.0,0,0.0,0,0.0,0
2012-10-09T09:20:25.500,2282.4,12046,2282.2,10,0.0,0,0.0,0,0.0,0,0.0,0,2282.4,1,0.0,0,0.0,0,0.0,0,0.0,0
2012-10-09T09:20:26.000,2282.2,12048,2282.2,10,0.0,0,0.0,0,0.0,0,0.0,0,2282.6,12,0.0,0,0.0,0,0.0,0,0.0,0
2012-10-09T09:20:26.500,2282.2,12049,2282.2,9,0.0,0,0.0,0,0.0,0,0.0,0,2282.6,12,0.0,0,0.0,0,0.0,0,0.0,0
2012-10-09T09:20:27.000,2282.6,12053,2282.4,1,0.0,0,0.0,0,0.0,0,0.0,0,2282.6,21,0.0,0,0.0,0,0.0,0,0.0,0
2012-10-09T09:20:27.500,2282.4,12056,2282.2,28,0.0,0,0.0,0,0.0,0,0.0,0,2282.6,21,0.0,0,0.0,0,0.0,0,0.0,0
2012-10-09T09:20:28.000,2282.6,12057,2282.2,28,0.0,0,0.0,0,0.0,0,0.0,0,2282.6,20,0.0,0,0.0,0,0.0,0,0.0,0
2012-10-09T09:20:28.500,2282.6,12058,2282.4,1,0.0,0,0.0,0,0.0,0,0.0,0,2282.6,20,0.0,0,0.0,0,0.0,0,0.0,0
2012-10-09T09:20:29.000,2282.6,12062,2282.4,1,0.0,0,0.0,0,0.0,0,0.0,0,2282.6,16,0.0,0,0.0,0,0.0,0,0.0,0
2012-10-09T09:20:29.500,2282.4,12063,2282.4,3,0.0,0,0.0,0,0.0,0,0.0,0,2282.6,17,0.0,0,0.0,0,0.0,0,0.0,0
2012-10-09T09:20:30.000,2282.6,12067,2282.4,2,0.0,0,0.0,0,0.0,0,0.0,0,2282.6,16,0.0,0,0.0,0,0.0,0,0.0,0
2012-10-09T09:20:30.500,2282.6,12073,2282.4,2,0.0,0,0.0,0,0.0,0,0.0,0,2282.6,10,0.0,0,0.0,0,0.0,0,0.0,0
2012-10-09T09:20:31.000,2282.6,12083,2282.4,2,0.0,0,0.0,0,0.0,0,0.0,0,2282.8,36,0.0,0,0.0,0,0.0,0,0.0,0
2012-10-09T09:20:31.500,2282.6,12090,2282.4,1,0.0,0,0.0,0,0.0,0,0.0,0,2282.6,5,0.0,0,0.0,0,0.0,0,0.0,0
2012-10-09T09:20:32.000,2282.6,12104,2282.6,38,0.0,0,0.0,0,0.0,0,0.0,0,2282.8,39,0.0,0,0.0,0,0.0,0,0.0,0
2012-10-09T09:20:32.500,2282.8,12108,2282.6,45,0.0,0,0.0,0,0.0,0,0.0,0,2282.8,36,0.0,0,0.0,0,0.0,0,0.0,0
2012-10-09T09:20:33.000,2282.6,12115,2282.6,46,0.0,0,0.0,0,0.0,0,0.0,0,2282.8,30,0.0,0,0.0,0,0.0,0,0.0,0
2012-10-09T09:20:33.500,2282.6,12138,2282.6,42,0.0,0,0.0,0,0.0,0,0.0,0,2282.8,13,0.0,0,0.0,0,0.0,0,0.0,0
2012-10-09T09:20:34.000,2282.8,12145,2282.6,42,0.0,0,0.0,0,0.0,0,0.0,0,2282.8,7,0.0,0,0.0,0,0.0,0,0.0,0
2012-10-09T09:20:34.500,2282.8,12147,2282.6,43,0.0,0,0.0,0,0.0,0,0.0,0,2282.8,6,0.0,0,0.0,0,0.0,0,0.0,0
2012-10-09T09:20:35.000,2282.8,12161,2282.6,44,0.0,0,0.0,0,0.0,0,0.0,0,2282.8,4,0.0,0,0.0,0,0.0,0,0.0,0
2012-10-09T09:20:35.500,2282.6,12167,2282.6,44,0.0,0,0.0,0,0.0,0,0.0,0,2283,39,0.0,0,0.0,0,0.0,0,0.0,0
2012-10-09T09:20:36.000,2283,12168,2282.6,48,0.0,0,0.0,0,0.0,0,0.0,0,2282.8,10,0.0,0,0.0,0,0.0,0,0.0,0
2012-10-09T09:20:36.500,2283,12181,2282.6,48,0.0,0,0.0,0,0.0,0,0.0,0,2283,37,0.0,0,0.0,0,0.0,0,0.0,0
2012-10-09T09:20:37.000,2282.6,12193,2282.6,40,0.0,0,0.0,0,0.0,0,0.0,0,2282.8,14,0.0,0,0.0,0,0.0,0,0.0,0
2012-10-09T09:20:37.500,2283,12213,2282.8,1,0.0,0,0.0,0,0.0,0,0.0,0,2283,31,0.0,0,0.0,0,0.0,0,0.0,0
2012-10-09T09:20:38.250,2283,12220,2282.8,2,0.0,0,0.0,0,0.0,0,0.0,0,2283,25,0.0,0,0.0,0,0.0,0,0.0,0
2012-10-09T09:20:39.000,2283,12229,2282.8,10,0.0,0,0.0,0,0.0,0,0.0,0,2283,17,0.0,0,0.0,0,0.0,0,0.0,0
2012-10-09T09:20:39.500,2283,12237,2282.8,14,0.0,0,0.0,0,0.0,0,0.0,0,2283,14,0.0,0,0.0,0,0.0,0,0.0,0
2012-10-09T09:20:40.000,2282.8,12251,2282.8,14,0.0,0,0.0,0,0.0,0,0.0,0,2283,1,0.0,0,0.0,0,0.0,0,0.0,0
2012-10-09T09:20:40.500,2283,12258,2282.8,16,0.0,0,0.0,0,0.0,0,0.0,0,2283,10,0.0,0,0.0,0,0.0,0,0.0,0
2012-10-09T09:20:41.000,2282.8,12266,2282.8,11,0.0,0,0.0,0,0.0,0,0.0,0,2283,8,0.0,0,0.0,0,0.0,0,0.0,0
2012-10-09T09:20:41.500,2283,12268,2282.8,10,0.0,0,0.0,0,0.0,0,0.0,0,2283,8,0.0,0,0.0,0,0.0,0,0.0,0
2012-10-09T09:20:42.000,2283,12277,2282.8,9,0.0,0,0.0,0,0.0,0,0.0,0,2283,5,0.0,0,0.0,0,0.0,0,0.0,0
2012-10-09T09:20:42.500,2283,12283,2283,6,0.0,0,0.0,0,0.0,0,0.0,0,2283.2,6,0.0,0,0.0,0,0.0,0,0.0,0
2012-10-09T09:20:43.000,2283,12293,2282.8,11,0.0,0,0.0,0,0.0,0,0.0,0,2283.2,5,0.0,0,0.0,0,0.0,0,0.0,0
2012-10-09T09:20:43.500,2282.8,12295,2283,2,0.0,0,0.0,0,0.0,0,0.0,0,2283.2,5,0.0,0,0.0,0,0.0,0,0.0,0
2012-10-09T09:20:44.000,2283,12297,2283,16,0.0,0,0.0,0,0.0,0,0.0,0,2283.2,5,0.0,0,0.0,0,0.0,0,0.0,0
2012-10-09T09:20:44.500,2283.2,12299,2283,24,0.0,0,0.0,0,0.0,0,0.0,0,2283.2,7,0.0,0,0.0,0,0.0,0,0.0,0
2012-10-09T09:20:45.000,2283,12302,2283,23,0.0,0,0.0,0,0.0,0,0.0,0,2283.2,5,0.0,0,0.0,0,0.0,0,0.0,0
2012-10-09T09:20:45.500,2283.2,12311,2283,21,0.0,0,0.0,0,0.0,0,0.0,0,2283.4,9,0.0,0,0.0,0,0.0,0,0.0,0
2012-10-09T09:20:46.000,2283,12324,2283,11,0.0,0,0.0,0,0.0,0,0.0,0,2283.2,1,0.0,0,0.0,0,0.0,0,0.0,0
2012-10-09T09:20:46.500,2283.2,12327,2283,11,0.0,0,0.0,0,0.0,0,0.0,0,2283.2,5,0.0,0,0.0,0,0.0,0,0.0,0
2012-10-09T09:20:47.000,2283,12338,2283,4,0.0,0,0.0,0,0.0,0,0.0,0,2283.2,19,0.0,0,0.0,0,0.0,0,0.0,0
2012-10-09T09:20:47.500,2283,12381,2282.8,13,0.0,0,0.0,0,0.0,0,0.0,0,2283.2,15,0.0,0,0.0,0,0.0,0,0.0,0
2012-10-09T09:20:48.000,2283,12391,2282.8,13,0.0,0,0.0,0,0.0,0,0.0,0,2283,5,0.0,0,0.0,0,0.0,0,0.0,0
2012-10-09T09:20:48.500,2283.2,12403,2282.8,16,0.0,0,0.0,0,0.0,0,0.0,0,2283,5,0.0,0,0.0,0,0.0,0,0.0,0
2012-10-09T09:20:49.000,2283,12410,2282.8,12,0.0,0,0.0,0,0.0,0,0.0,0,2283.2,14,0.0,0,0.0,0,0.0,0,0.0,0
2012-10-09T09:20:49.500,2283.2,12493,2283,6,0.0,0,0.0,0,0.0,0,0.0,0,2284,2,0.0,0,0.0,0,0.0,0,0.0,0
2012-10-09T09:20:50.000,2283.4,12501,2283.4,10,0.0,0,0.0,0,0.0,0,0.0,0,2284.2,1,0.0,0,0.0,0,0.0,0,0.0,0
2012-10-09T09:20:50.500,2284.2,12510,2283.6,43,0.0,0,0.0,0,0.0,0,0.0,0,2284,3,0.0,0,0.0,0,0.0,0,0.0,0
2012-10-09T09:20:51.000,2284.6,12530,2284.4,3,0.0,0,0.0,0,0.0,0,0.0,0,2284.6,1,0.0,0,0.0,0,0.0,0,0.0,0
2012-10-09T09:20:51.500,2284.8,12560,2284.6,11,0.0,0,0.0,0,0.0,0,0.0,0,2284.8,4,0.0,0,0.0,0,0.0,0,0.0,0
2012-10-09T09:20:52.000,2284.8,12579,2284.8,3,0.0,0,0.0,0,0.0,0,0.0,0,2285,29,0.0,0,0.0,0,0.0,0,0.0,0
2012-10-09T09:20:52.500,2284.8,12607,2284.2,6,0.0,0,0.0,0,0.0,0,0.0,0,2284.8,7,0.0,0,0.0,0,0.0,0,0.0,0
2012-10-09T09:20:53.000,2284.8,12647,2284.2,5,0.0,0,0.0,0,0.0,0,0.0,0,2284.8,6,0.0,0,0.0,0,0.0,0,0.0,0
2012-10-09T09:20:53.500,2284.2,12658,2284.2,24,0.0,0,0.0,0,0.0,0,0.0,0,2284.6,8,0.0,0,0.0,0,0.0,0,0.0,0
2012-10-09T09:20:54.000,2284.6,12669,2284.4,10,0.0,0,0.0,0,0.0,0,0.0,0,2284.6,4,0.0,0,0.0,0,0.0,0,0.0,0
2012-10-09T09:20:54.500,2284.6,12681,2284.6,6,0.0,0,0.0,0,0.0,0,0.0,0,2284.8,21,0.0,0,0.0,0,0.0,0,0.0,0
2012-10-09T09:20:55.000,2284.8,12758,2284.6,13,0.0,0,0.0,0,0.0,0,0.0,0,2284.8,1,0.0,0,0.0,0,0.0,0,0.0,0
2012-10-09T09:20:55.500,2284.6,12777,2284.8,18,0.0,0,0.0,0,0.0,0,0.0,0,2285,1,0.0,0,0.0,0,0.0,0,0.0,0
2012-10-09T09:20:56.000,2285,12815,2285,4,0.0,0,0.0,0,0.0,0,0.0,0,2285.6,7,0.0,0,0.0,0,0.0,0,0.0,0
2012-10-09T09:20:56.500,2285.6,12830,2285.6,4,0.0,0,0.0,0,0.0,0,0.0,0,2285.8,15,0.0,0,0.0,0,0.0,0,0.0,0
2012-10-09T09:20:57.000,2285.6,12885,2285.8,17,0.0,0,0.0,0,0.0,0,0.0,0,2286.2,20,0.0,0,0.0,0,0.0,0,0.0,0
2012-10-09T09:20:57.500,2286.4,12936,2285.8,31,0.0,0,0.0,0,0.0,0,0.0,0,2286.4,4,0.0,0,0.0,0,0.0,0,0.0,0
2012-10-09T09:20:58.000,2286.4,12966,2286,7,0.0,0,0.0,0,0.0,0,0.0,0,2286.4,7,0.0,0,0.0,0,0.0,0,0.0,0
2012-10-09T09:20:58.500,2286.4,13060,2286.4,50,0.0,0,0.0,0,0.0,0,0.0,0,2286.6,6,0.0,0,0.0,0,0.0,0,0.0,0
2012-10-09T09:20:59.000,2286.4,13148,2286.4,38,0.0,0,0.0,0,0.0,0,0.0,0,2286.6,10,0.0,0,0.0,0,0.0,0,0.0,0
2012-10-09T09:20:59.500,2286.8,13209,2286.8,8,0.0,0,0.0,0,0.0,0,0.0,0,2287,18,0.0,0,0.0,0,0.0,0,0.0,0
2012-10-09T09:21:00.000,2286.6,13239,2286.6,28,0.0,0,0.0,0,0.0,0,0.0,0,2286.8,8,0.0,0,0.0,0,0.0,0,0.0,0
2012-10-09T09:21:00.500,2287,13324,2286.6,12,0.0,0,0.0,0,0.0,0,0.0,0,2287,2,0.0,0,0.0,0,0.0,0,0.0,0
2012-10-09T09:21:01.000,2286.6,13396,2286.6,7,0.0,0,0.0,0,0.0,0,0.0,0,2286.8,6,0.0,0,0.0,0,0.0,0,0.0,0
2012-10-09T09:21:01.500,2286.4,13493,2286.2,12,0.0,0,0.0,0,0.0,0,0.0,0,2286.6,52,0.0,0,0.0,0,0.0,0,0.0,0
2012-10-09T09:21:02.000,2286,13524,2285.8,32,0.0,0,0.0,0,0.0,0,0.0,0,2286,11,0.0,0,0.0,0,0.0,0,0.0,0
2012-10-09T09:21:02.500,2285.6,13596,2285.2,1,0.0,0,0.0,0,0.0,0,0.0,0,2285.6,15,0.0,0,0.0,0,0.0,0,0.0,0
2012-10-09T09:21:03.000,2285.8,13694,2285.4,13,0.0,0,0.0,0,0.0,0,0.0,0,2285.8,62,0.0,0,0.0,0,0.0,0,0.0,0
2012-10-09T09:21:03.500,2285.6,13755,2285.6,1,0.0,0,0.0,0,0.0,0,0.0,0,2285.8,41,0.0,0,0.0,0,0.0,0,0.0,0
2012-10-09T09:21:04.000,2285.6,13816,2285.6,10,0.0,0,0.0,0,0.0,0,0.0,0,2285.8,23,0.0,0,0.0,0,0.0,0,0.0,0
2012-10-09T09:21:04.500,2285.4,13883,2285.4,3,0.0,0,0.0,0,0.0,0,0.0,0,2285.6,1,0.0,0,0.0,0,0.0,0,0.0,0
2012-10-09T09:21:05.000,2285.6,13911,2285.4,1,0.0,0,0.0,0,0.0,0,0.0,0,2286,17,0.0,0,0.0,0,0.0,0,0.0,0
2012-10-09T09:21:05.500,2285.4,13924,2285.4,43,0.0,0,0.0,0,0.0,0,0.0,0,2285.8,4,0.0,0,0.0,0,0.0,0,0.0,0
2012-10-09T09:21:06.000,2285.8,13944,2285.6,29,0.0,0,0.0,0,0.0,0,0.0,0,2285.8,1,0.0,0,0.0,0,0.0,0,0.0,0
2012-10-09T09:21:06.500,2286.2,14017,2285.8,15,0.0,0,0.0,0,0.0,0,0.0,0,2286.2,15,0.0,0,0.0,0,0.0,0,0.0,0
2012-10-09T09:21:07.000,2286.4,14056,2286.2,22,0.0,0,0.0,0,0.0,0,0.0,0,2286.4,23,0.0,0,0.0,0,0.0,0,0.0,0
2012-10-09T09:21:07.500,2285.8,14145,2286.4,4,0.0,0,0.0,0,0.0,0,0.0,0,2286.6,43,0.0,0,0.0,0,0.0,0,0.0,0
2012-10-09T09:21:08.000,2286.8,14197,2286.6,50,0.0,0,0.0,0,0.0,0,0.0,0,2286.8,9,0.0,0,0.0,0,0.0,0,0.0,0
2012-10-09T09:21:08.500,2286.8,14267,2286.6,54,0.0,0,0.0,0,0.0,0,0.0,0,2287.2,52,0.0,0,0.0,0,0.0,0,0.0,0
2012-10-09T09:21:09.000,2287.2,14293,2286.8,58,0.0,0,0.0,0,0.0,0,0.0,0,2287.2,31,0.0,0,0.0,0,0.0,0,0.0,0
2012-10-09T09:21:09.500,2287.2,14344,2287.2,2,0.0,0,0.0,0,0.0,0,0.0,0,2287.4,2,0.0,0,0.0,0,0.0,0,0.0,0
2012-10-09T09:21:10.000,2287.6,14380,2287.6,7,0.0,0,0.0,0,0.0,0,0.0,0,2287.8,42,0.0,0,0.0,0,0.0,0,0.0,0
2012-10-09T09:21:10.500,2287.8,14433,2287.4,53,0.0,0,0.0,0,0.0,0,0.0,0,2287.6,7,0.0,0,0.0,0,0.0,0,0.0,0
2012-10-09T09:21:11.000,2287.6,14580,2288,10,0.0,0,0.0,0,0.0,0,0.0,0,2288.2,5,0.0,0,0.0,0,0.0,0,0.0,0
2012-10-09T09:21:11.500,2288.6,14641,2288.4,1,0.0,0,0.0,0,0.0,0,0.0,0,2288.6,1,0.0,0,0.0,0,0.0,0,0.0,0
2012-10-09T09:21:12.000,2288.6,14669,2288.6,1,0.0,0,0.0,0,0.0,0,0.0,0,2288.8,51,0.0,0,0.0,0,0.0,0,0.0,0
2012-10-09T09:21:12.500,2289,14767,2289,33,0.0,0,0.0,0,0.0,0,0.0,0,2289.4,20,0.0,0,0.0,0,0.0,0,0.0,0
2012-10-09T09:21:13.000,2289.6,14923,2289.4,9,0.0,0,0.0,0,0.0,0,0.0,0,2289.8,28,0.0,0,0.0,0,0.0,0,0.0,0
2012-10-09T09:21:13.500,2290,14997,2289.8,14,0.0,0,0.0,0,0.0,0,0.0,0,2290,66,0.0,0,0.0,0,0.0,0,0.0,0
2012-10-09T09:21:14.000,2290.2,15133,2290.2,59,0.0,0,0.0,0,0.0,0,0.0,0,2290.4,1,0.0,0,0.0,0,0.0,0,0.0,0
2012-10-09T09:21:14.500,2291.8,15263,2290.6,14,0.0,0,0.0,0,0.0,0,0.0,0,2291.8,5,0.0,0,0.0,0,0.0,0,0.0,0
2012-10-09T09:21:15.000,2291,15343,2291,25,0.0,0,0.0,0,0.0,0,0.0,0,2291.4,19,0.0,0,0.0,0,0.0,0,0.0,0
2012-10-09T09:21:15.500,2290.8,15469,2290.8,23,0.0,0,0.0,0,0.0,0,0.0,0,2291,2,0.0,0,0.0,0,0.0,0,0.0,0
2012-10-09T09:21:16.000,2290.6,15631,2290.4,18,0.0,0,0.0,0,0.0,0,0.0,0,2290.6,25,0.0,0,0.0,0,0.0,0,0.0,0
2012-10-09T09:21:16.500,2290.4,15753,2290.2,18,0.0,0,0.0,0,0.0,0,0.0,0,2290.4,3,0.0,0,0.0,0,0.0,0,0.0,0
2012-10-09T09:21:17.000,2290.4,15847,2290,69,0.0,0,0.0,0,0.0,0,0.0,0,2290.4,19,0.0,0,0.0,0,0.0,0,0.0,0
2012-10-09T09:21:17.500,2290.2,15947,2290.2,4,0.0,0,0.0,0,0.0,0,0.0,0,2290.4,23,0.0,0,0.0,0,0.0,0,0.0,0
2012-10-09T09:21:18.000,2289.8,16063,2289.8,4,0.0,0,0.0,0,0.0,0,0.0,0,2290,27,0.0,0,0.0,0,0.0,0,0.0,0
2012-10-09T09:21:18.500,2289.8,16097,2289.4,16,0.0,0,0.0,0,0.0,0,0.0,0,2289.6,3,0.0,0,0.0,0,0.0,0,0.0,0
2012-10-09T09:21:19.000,2289.6,16135,2289.6,18,0.0,0,0.0,0,0.0,0,0.0,0,2290,19,0.0,0,0.0,0,0.0,0,0.0,0
2012-10-09T09:21:19.500,2289.8,16198,2289.8,1,0.0,0,0.0,0,0.0,0,0.0,0,2290,9,0.0,0,0.0,0,0.0,0,0.0,0
2012-10-09T09:21:20.000,2289.8,16221,2289.6,1,0.0,0,0.0,0,0.0,0,0.0,0,2289.8,17,0.0,0,0.0,0,0.0,0,0.0,0
2012-10-09T09:21:20.500,2289.6,16242,2289.2,2,0.0,0,0.0,0,0.0,0,0.0,0,2289.6,23,0.0,0,0.0,0,0.0,0,0.0,0
2012-10-09T09:21:21.000,2289,16259,2289,4,0.0,0,0.0,0,0.0,0,0.0,0,2289.2,24,0.0,0,0.0,0,0.0,0,0.0,0
2012-10-09T09:21:21.500,2288.4,16337,2288.2,23,0.0,0,0.0,0,0.0,0,0.0,0,2288.8,1,0.0,0,0.0,0,0.0,0,0.0,0
2012-10-09T09:21:22.000,2288.6,16361,2288.4,24,0.0,0,0.0,0,0.0,0,0.0,0,2288.6,2,0.0,0,0.0,0,0.0,0,0.0,0
2012-10-09T09:21:22.500,2288.6,16394,2288.6,18,0.0,0,0.0,0,0.0,0,0.0,0,2289,18,0.0,0,0.0,0,0.0,0,0.0,0
2012-10-09T09:21:23.000,2288.6,16435,2288.6,8,0.0,0,0.0,0,0.0,0,0.0,0,2289.2,22,0.0,0,0.0,0,0.0,0,0.0,0
2012-10-09T09:21:23.500,2288.6,16454,2288.8,4,0.0,0,0.0,0,0.0,0,0.0,0,2289,35,0.0,0,0.0,0,0.0,0,0.0,0
2012-10-09T09:21:24.000,2289,16483,2288.8,1,0.0,0,0.0,0,0.0,0,0.0,0,2289,26,0.0,0,0.0,0,0.0,0,0.0,0
2012-10-09T09:21:24.500,2288.8,16521,2288.4,4,0.0,0,0.0,0,0.0,0,0.0,0,2288.8,2,0.0,0,0.0,0,0.0,0,0.0,0
2012-10-09T09:21:25.000,2288.8,16553,2288.4,6,0.0,0,0.0,0,0.0,0,0.0,0,2288.8,8,0.0,0,0.0,0,0.0,0,0.0,0
2012-10-09T09:21:25.500,2288.6,16562,2288.6,30,0.0,0,0.0,0,0.0,0,0.0,0,2288.8,2,0.0,0,0.0,0,0.0,0,0.0,0
2012-10-09T09:21:26.000,2288.8,16583,2288.8,7,0.0,0,0.0,0,0.0,0,0.0,0,2289,7,0.0,0,0.0,0,0.0,0,0.0,0
2012-10-09T09:21:26.500,2289,16610,2289,3,0.0,0,0.0,0,0.0,0,0.0,0,2289.2,20,0.0,0,0.0,0,0.0,0,0.0,0
2012-10-09T09:21:27.000,2289.2,16643,2289.2,2,0.0,0,0.0,0,0.0,0,0.0,0,2289.6,42,0.0,0,0.0,0,0.0,0,0.0,0
2012-10-09T09:21:27.500,2289.4,16653,2288.8,21,0.0,0,0.0,0,0.0,0,0.0,0,2289,2,0.0,0,0.0,0,0.0,0,0.0,0
2012-10-09T09:21:28.000,2289,16670,2289,1,0.0,0,0.0,0,0.0,0,0.0,0,2289.4,2,0.0,0,0.0,0,0.0,0,0.0,0
2012-10-09T09:21:28.500,2289.4,16679,2289,11,0.0,0,0.0,0,0.0,0,0.0,0,2289.4,11,0.0,0,0.0,0,0.0,0,0.0,0
2012-10-09T09:21:29.000,2289.4,16749,2289.4,2,0.0,0,0.0,0,0.0,0,0.0,0,2289.6,1,0.0,0,0.0,0,0.0,0,0.0,0
2012-10-09T09:21:29.500,2289.6,16772,2289.6,14,0.0,0,0.0,0,0.0,0,0.0,0,2289.8,17,0.0,0,0.0,0,0.0,0,0.0,0
2012-10-09T09:21:30.000,2289.6,16805,2289.6,1,0.0,0,0.0,0,0.0,0,0.0,0,2290,65,0.0,0,0.0,0,0.0,0,0.0,0
2012-10-09T09:21:30.500,2290,16847,2289.8,34,0.0,0,0.0,0,0.0,0,0.0,0,2290,42,0.0,0,0.0,0,0.0,0,0.0,0
2012-10-09T09:21:31.000,2290.2,16921,2290,11,0.0,0,0.0,0,0.0,0,0.0,0,2290.2,31,0.0,0,0.0,0,0.0,0,0.0,0
2012-10-09T09:21:31.500,2290,16970,2290.2,13,0.0,0,0.0,0,0.0,0,0.0,0,2290.4,19,0.0,0,0.0,0,0.0,0,0.0,0
2012-10-09T09:21:32.000,2290,16994,2289.8,8,0.0,0,0.0,0,0.0,0,0.0,0,2290.2,9,0.0,0,0.0,0,0.0,0,0.0,0
2012-10-09T09:21:32.500,2289.8,17009,2289.6,17,0.0,0,0.0,0,0.0,0,0.0,0,2289.8,2,0.0,0,0.0,0,0.0,0,0.0,0
2012-10-09T09:21:33.000,2289.8,17080,2289.2,7,0.0,0,0.0,0,0.0,0,0.0,0,2289.8,12,0.0,0,0.0,0,0.0,0,0.0,0
2012-10-09T09:21:33.500,2289.4,17093,2289.2,1,0.0,0,0.0,0,0.0,0,0.0,0,2289.4,11,0.0,0,0.0,0,0.0,0,0.0,0
2012-10-09T09:21:34.000,2289,17115,2289,11,0.0,0,0.0,0,0.0,0,0.0,0,2289.2,17,0.0,0,0.0,0,0.0,0,0.0,0
2012-10-09T09:21:34.500,2289.2,17123,2289,7,0.0,0,0.0,0,0.0,0,0.0,0,2289.2,17,0.0,0,0.0,0,0.0,0,0.0,0
2012-10-09T09:21:35.000,2289,17141,2288.8,14,0.0,0,0.0,0,0.0,0,0.0,0,2289,6,0.0,0,0.0,0,0.0,0,0.0,0
2012-10-09T09:21:35.500,2289,17154,2288.8,13,0.0,0,0.0,0,0.0,0,0.0,0,2289,6,0.0,0,0.0,0,0.0,0,0.0,0
2012-10-09T09:21:36.000,2288.8,17178,2288.6,25,0.0,0,0.0,0,0.0,0,0.0,0,2288.8,30,0.0,0,0.0,0,0.0,0,0.0,0
2012-10-09T09:21:36.500,2288.8,17188,2288.6,32,0.0,0,0.0,0,0.0,0,0.0,0,2288.8,31,0.0,0,0.0,0,0.0,0,0.0,0
2012-10-09T09:21:37.000,2289,17229,2288.6,20,0.0,0,0.0,0,0.0,0,0.0,0,2289,58,0.0,0,0.0,0,0.0,0,0.0,0
2012-10-09T09:21:37.500,2288.6,17255,2288.4,23,0.0,0,0.0,0,0.0,0,0.0,0,2288.6,6,0.0,0,0.0,0,0.0,0,0.0,0
2012-10-09T09:21:38.000,2288.6,17272,2288.4,16,0.0,0,0.0,0,0.0,0,0.0,0,2288.6,3,0.0,0,0.0,0,0.0,0,0.0,0
2012-10-09T09:21:38.500,2288.8,17283,2288.6,10,0.0,0,0.0,0,0.0,0,0.0,0,2288.8,5,0.0,0,0.0,0,0.0,0,0.0,0
2012-10-09T09:21:39.000,2288.4,17301,2288.4,13,0.0,0,0.0,0,0.0,0,0.0,0,2288.6,3,0.0,0,0.0,0,0.0,0,0.0,0
2012-10-09T09:21:39.500,2288.4,17329,2288.6,14,0.0,0,0.0,0,0.0,0,0.0,0,2289,42,0.0,0,0.0,0,0.0,0,0.0,0
2012-10-09T09:21:40.000,2288.6,17338,2288.6,22,0.0,0,0.0,0,0.0,0,0.0,0,2288.8,7,0.0,0,0.0,0,0.0,0,0.0,0
2012-10-09T09:21:40.500,2288.8,17350,2288.8,20,0.0,0,0.0,0,0.0,0,0.0,0,2289,41,0.0,0,0.0,0,0.0,0,0.0,0
2012-10-09T09:21:41.000,2288.8,17385,2288.8,17,0.0,0,0.0,0,0.0,0,0.0,0,2289,14,0.0,0,0.0,0,0.0,0,0.0,0
2012-10-09T09:21:41.500,2289.2,17409,2289,29,0.0,0,0.0,0,0.0,0,0.0,0,2289.2,9,0.0,0,0.0,0,0.0,0,0.0,0
2012-10-09T09:21:42.000,2289.2,17430,2289.2,49,0.0,0,0.0,0,0.0,0,0.0,0,2289.4,6,0.0,0,0.0,0,0.0,0,0.0,0
2012-10-09T09:21:42.500,2289.6,17462,2289.6,2,0.0,0,0.0,0,0.0,0,0.0,0,2289.8,69,0.0,0,0.0,0,0.0,0,0.0,0
2012-10-09T09:21:43.000,2289.8,17508,2289.4,26,0.0,0,0.0,0,0.0,0,0.0,0,2289.8,52,0.0,0,0.0,0,0.0,0,0.0,0
2012-10-09T09:21:43.500,2289.8,17564,2289.8,5,0.0,0,0.0,0,0.0,0,0.0,0,2290,93,0.0,0,0.0,0,0.0,0,0.0,0
2012-10-09T09:21:44.000,2289.6,17598,2289.6,5,0.0,0,0.0,0,0.0,0,0.0,0,2289.8,8,0.0,0,0.0,0,0.0,0,0.0,0
2012-10-09T09:21:44.500,2289.8,17611,2289.6,12,0.0,0,0.0,0,0.0,0,0.0,0,2289.8,3,0.0,0,0.0,0,0.0,0,0.0,0
2012-10-09T09:21:45.000,2289.6,17633,2289.4,25,0.0,0,0.0,0,0.0,0,0.0,0,2289.6,4,0.0,0,0.0,0,0.0,0,0.0,0
2012-10-09T09:21:45.500,2290,17654,2289.8,2,0.0,0,0.0,0,0.0,0,0.0,0,2290,78,0.0,0,0.0,0,0.0,0,0.0,0
2012-10-09T09:21:46.000,2289.4,17733,2289.2,30,0.0,0,0.0,0,0.0,0,0.0,0,2289.4,11,0.0,0,0.0,0,0.0,0,0.0,0
2012-10-09T09:21:46.500,2290,17779,2289.8,10,0.0,0,0.0,0,0.0,0,0.0,0,2290,72,0.0,0,0.0,0,0.0,0,0.0,0
2012-10-09T09:21:47.000,2289.4,17811,2289.2,19,0.0,0,0.0,0,0.0,0,0.0,0,2289.4,8,0.0,0,0.0,0,0.0,0,0.0,0
2012-10-09T09:21:47.500,2289.4,17821,2289.2,22,0.0,0,0.0,0,0.0,0,0.0,0,2289.4,1,0.0,0,0.0,0,0.0,0,0.0,0
2012-10-09T09:21:48.000,2289.4,17844,2289.2,21,0.0,0,0.0,0,0.0,0,0.0,0,2289.4,1,0.0,0,0.0,0,0.0,0,0.0,0
2012-10-09T09:21:48.500,2289.4,17854,2289.4,11,0.0,0,0.0,0,0.0,0,0.0,0,2289.6,7,0.0,0,0.0,0,0.0,0,0.0,0
2012-10-09T09:21:49.000,2289.6,17859,2289.4,17,0.0,0,0.0,0,0.0,0,0.0,0,2289.6,6,0.0,0,0.0,0,0.0,0,0.0,0
2012-10-09T09:21:49.500,2289.2,17919,2289,44,0.0,0,0.0,0,0.0,0,0.0,0,2289.2,21,0.0,0,0.0,0,0.0,0,0.0,0
2012-10-09T09:21:50.000,2289.2,17928,2289,45,0.0,0,0.0,0,0.0,0,0.0,0,2289.2,26,0.0,0,0.0,0,0.0,0,0.0,0
2012-10-09T09:21:50.500,2289.2,17953,2289,41,0.0,0,0.0,0,0.0,0,0.0,0,2289.2,6,0.0,0,0.0,0,0.0,0,0.0,0
2012-10-09T09:21:51.000,2289,17973,2289,28,0.0,0,0.0,0,0.0,0,0.0,0,2289.4,3,0.0,0,0.0,0,0.0,0,0.0,0
2012-10-09T09:21:51.500,2289.4,17986,2289.4,61,0.0,0,0.0,0,0.0,0,0.0,0,2289.6,9,0.0,0,0.0,0,0.0,0,0.0,0
2012-10-09T09:21:52.000,2289.6,18021,2289.4,56,0.0,0,0.0,0,0.0,0,0.0,0,2289.6,4,0.0,0,0.0,0,0.0,0,0.0,0
2012-10-09T09:21:52.500,2289.6,18029,2289.6,15,0.0,0,0.0,0,0.0,0,0.0,0,2289.8,26,0.0,0,0.0,0,0.0,0,0.0,0
2012-10-09T09:21:53.000,2289.8,18043,2289.6,13,0.0,0,0.0,0,0.0,0,0.0,0,2289.8,20,0.0,0,0.0,0,0.0,0,0.0,0
2012-10-09T09:21:53.500,2289.6,18055,2289.6,18,0.0,0,0.0,0,0.0,0,0.0,0,2289.8,16,0.0,0,0.0,0,0.0,0,0.0,0
2012-10-09T09:21:54.000,2289.8,18068,2289.6,26,0.0,0,0.0,0,0.0,0,0.0,0,2289.8,8,0.0,0,0.0,0,0.0,0,0.0,0
2012-10-09T09:21:54.500,2289.8,18083,2289.8,3,0.0,0,0.0,0,0.0,0,0.0,0,2290,88,0.0,0,0.0,0,0.0,0,0.0,0
2012-10-09T09:21:55.000,2289.8,18111,2289.8,7,0.0,0,0.0,0,0.0,0,0.0,0,2290,86,0.0,0,0.0,0,0.0,0,0.0,0
2012-10-09T09:21:55.500,2289.6,18128,2289.4,36,0.0,0,0.0,0,0.0,0,0.0,0,2289.6,9,0.0,0,0.0,0,0.0,0,0.0,0
2012-10-09T09:21:56.000,2289.8,18145,2289.6,1,0.0,0,0.0,0,0.0,0,0.0,0,2289.8,9,0.0,0,0.0,0,0.0,0,0.0,0
2012-10-09T09:21:56.500,2289.6,18175,2289.6,12,0.0,0,0.0,0,0.0,0,0.0,0,2289.8,9,0.0,0,0.0,0,0.0,0,0.0,0
2012-10-09T09:21:57.000,2289.6,18189,2289.6,8,0.0,0,0.0,0,0.0,0,0.0,0,2289.8,14,0.0,0,0.0,0,0.0,0,0.0,0
2012-10-09T09:21:57.500,2289.4,18219,2289.4,28,0.0,0,0.0,0,0.0,0,0.0,0,2289.6,24,0.0,0,0.0,0,0.0,0,0.0,0
2012-10-09T09:21:58.000,2289.4,18252,2289.2,34,0.0,0,0.0,0,0.0,0,0.0,0,2289.4,8,0.0,0,0.0,0,0.0,0,0.0,0
2012-10-09T09:21:58.500,2289.2,18277,2289.2,10,0.0,0,0.0,0,0.0,0,0.0,0,2289.4,24,0.0,0,0.0,0,0.0,0,0.0,0
2012-10-09T09:21:59.000,2289.4,18302,2289.2,6,0.0,0,0.0,0,0.0,0,0.0,0,2289.4,8,0.0,0,0.0,0,0.0,0,0.0,0
2012-10-09T09:21:59.500,2289,18335,2289,31,0.0,0,0.0,0,0.0,0,0.0,0,2289.2,111,0.0,0,0.0,0,0.0,0,0.0,0
2012-10-09T09:22:00.000,2288.8,18407,2288.6,21,0.0,0,0.0,0,0.0,0,0.0,0,2288.8,11,0.0,0,0.0,0,0.0,0,0.0,0
2012-10-09T09:22:00.500,2288.2,18458,2288.2,51,0.0,0,0.0,0,0.0,0,0.0,0,2288.4,14,0.0,0,0.0,0,0.0,0,0.0,0
2012-10-09T09:22:01.000,2288.2,18469,2288.2,46,0.0,0,0.0,0,0.0,0,0.0,0,2288.4,11,0.0,0,0.0,0,0.0,0,0.0,0
2012-10-09T09:22:01.500,2288.6,18520,2288.4,3,0.0,0,0.0,0,0.0,0,0.0,0,2288.6,8,0.0,0,0.0,0,0.0,0,0.0,0
2012-10-09T09:22:02.000,2288.4,18554,2288.6,2,0.0,0,0.0,0,0.0,0,0.0,0,2289,3,0.0,0,0.0,0,0.0,0,0.0,0
2012-10-09T09:22:02.500,2289,18559,2288.8,1,0.0,0,0.0,0,0.0,0,0.0,0,2289,8,0.0,0,0.0,0,0.0,0,0.0,0
2012-10-09T09:22:03.000,2289.2,18584,2288.8,10,0.0,0,0.0,0,0.0,0,0.0,0,2289.2,20,0.0,0,0.0,0,0.0,0,0.0,0
2012-10-09T09:22:03.500,2288.8,18623,2288.6,16,0.0,0,0.0,0,0.0,0,0.0,0,2288.8,45,0.0,0,0.0,0,0.0,0,0.0,0
2012-10-09T09:22:04.000,2288.6,18654,2288.4,35,0.0,0,0.0,0,0.0,0,0.0,0,2288.6,46,0.0,0,0.0,0,0.0,0,0.0,0
2012-10-09T09:22:04.500,2288.4,18672,2288.4,9,0.0,0,0.0,0,0.0,0,0.0,0,2288.6,47,0.0,0,0.0,0,0.0,0,0.0,0
2012-10-09T09:22:05.000,2288.6,18683,2288.2,47,0.0,0,0.0,0,0.0,0,0.0,0,2288.6,46,0.0,0,0.0,0,0.0,0,0.0,0
2012-10-09T09:22:05.500,2288.4,18792,2288.4,7,0.0,0,0.0,0,0.0,0,0.0,0,2288.8,6,0.0,0,0.0,0,0.0,0,0.0,0
2012-10-09T09:22:06.000,2288.8,18795,2288.4,7,0.0,0,0.0,0,0.0,0,0.0,0,2288.8,5,0.0,0,0.0,0,0.0,0,0.0,0
2012-10-09T09:22:06.500,2288.4,18812,2288.6,30,0.0,0,0.0,0,0.0,0,0.0,0,2288.8,13,0.0,0,0.0,0,0.0,0,0.0,0
2012-10-09T09:22:07.000,2288.8,18836,2288.8,10,0.0,0,0.0,0,0.0,0,0.0,0,2289,81,0.0,0,0.0,0,0.0,0,0.0,0
2012-10-09T09:22:07.500,2289,18885,2288.8,56,0.0,0,0.0,0,0.0,0,0.0,0,2289,58,0.0,0,0.0,0,0.0,0,0.0,0
2012-10-09T09:22:08.000,2289,18924,2288.8,66,0.0,0,0.0,0,0.0,0,0.0,0,2289,37,0.0,0,0.0,0,0.0,0,0.0,0
2012-10-09T09:22:08.500,2289.2,19019,2289,61,0.0,0,0.0,0,0.0,0,0.0,0,2289.2,10,0.0,0,0.0,0,0.0,0,0.0,0
2012-10-09T09:22:09.000,2289.2,19046,2289.2,55,0.0,0,0.0,0,0.0,0,0.0,0,2289.6,11,0.0,0,0.0,0,0.0,0,0.0,0
2012-10-09T09:22:09.500,2289.8,19119,2289.6,1,0.0,0,0.0,0,0.0,0,0.0,0,2289.8,10,0.0,0,0.0,0,0.0,0,0.0,0
2012-10-09T09:22:10.000,2289.8,19132,2289.6,12,0.0,0,0.0,0,0.0,0,0.0,0,2290,104,0.0,0,0.0,0,0.0,0,0.0,0
2012-10-09T09:22:10.500,2290,19162,2289.6,7,0.0,0,0.0,0,0.0,0,0.0,0,2290,94,0.0,0,0.0,0,0.0,0,0.0,0
2012-10-09T09:22:11.000,2289.6,19206,2289.4,9,0.0,0,0.0,0,0.0,0,0.0,0,2290,59,0.0,0,0.0,0,0.0,0,0.0,0
2012-10-09T09:22:11.500,2290,19212,2289.6,4,0.0,0,0.0,0,0.0,0,0.0,0,2289.8,7,0.0,0,0.0,0,0.0,0,0.0,0
2012-10-09T09:22:12.000,2289.4,19234,2289.4,9,0.0,0,0.0,0,0.0,0,0.0,0,2289.8,14,0.0,0,0.0,0,0.0,0,0.0,0
2012-10-09T09:22:12.500,2289.4,19250,2289.4,8,0.0,0,0.0,0,0.0,0,0.0,0,2289.8,2,0.0,0,0.0,0,0.0,0,0.0,0
2012-10-09T09:22:13.000,2289.8,19275,2289.8,9,0.0,0,0.0,0,0.0,0,0.0,0,2290,55,0.0,0,0.0,0,0.0,0,0.0,0
2012-10-09T09:22:13.500,2289.8,19283,2289.8,4,0.0,0,0.0,0,0.0,0,0.0,0,2290,52,0.0,0,0.0,0,0.0,0,0.0,0
2012-10-09T09:22:14.000,2289.8,19301,2289.4,18,0.0,0,0.0,0,0.0,0,0.0,0,2289.8,25,0.0,0,0.0,0,0.0,0,0.0,0
2012-10-09T09:22:14.500,2289.4,19331,2289.4,9,0.0,0,0.0,0,0.0,0,0.0,0,2289.8,12,0.0,0,0.0,0,0.0,0,0.0,0
2012-10-09T09:22:15.000,2289.6,19349,2289.4,6,0.0,0,0.0,0,0.0,0,0.0,0,2290,50,0.0,0,0.0,0,0.0,0,0.0,0
2012-10-09T09:22:15.500,2289.4,19357,2289.4,2,0.0,0,0.0,0,0.0,0,0.0,0,2289.8,7,0.0,0,0.0,0,0.0,0,0.0,0
2012-10-09T09:22:16.000,2289.4,19385,2289.8,11,0.0,0,0.0,0,0.0,0,0.0,0,2290,47,0.0,0,0.0,0,0.0,0,0.0,0
2012-10-09T09:22:16.500,2289.8,19388,2289.8,9,0.0,0,0.0,0,0.0,0,0.0,0,2290,47,0.0,0,0.0,0,0.0,0,0.0,0
2012-10-09T09:22:17.000,2290,19421,2289.8,1,0.0,0,0.0,0,0.0,0,0.0,0,2290,36,0.0,0,0.0,0,0.0,0,0.0,0
2012-10-09T09:22:17.500,2289.8,19437,2289.6,18,0.0,0,0.0,0,0.0,0,0.0,0,2290,29,0.0,0,0.0,0,0.0,0,0.0,0
2012-10-09T09:22:18.000,2290,19446,2289.8,16,0.0,0,0.0,0,0.0,0,0.0,0,2290,24,0.0,0,0.0,0,0.0,0,0.0,0
2012-10-09T09:22:18.500,2290.2,19486,2290,77,0.0,0,0.0,0,0.0,0,0.0,0,2290.2,5,0.0,0,0.0,0,0.0,0,0.0,0
2012-10-09T09:22:19.000,2290.4,19539,2290.2,50,0.0,0,0.0,0,0.0,0,0.0,0,2290.4,4,0.0,0,0.0,0,0.0,0,0.0,0
2012-10-09T09:22:19.500,2290.4,19574,2290.6,18,0.0,0,0.0,0,0.0,0,0.0,0,2290.8,44,0.0,0,0.0,0,0.0,0,0.0,0
2012-10-09T09:22:20.000,2290.8,19660,2290.2,20,0.0,0,0.0,0,0.0,0,0.0,0,2290.8,34,0.0,0,0.0,0,0.0,0,0.0,0
2012-10-09T09:22:20.500,2290.6,19691,2290.4,4,0.0,0,0.0,0,0.0,0,0.0,0,2290.6,41,0.0,0,0.0,0,0.0,0,0.0,0
2012-10-09T09:22:21.000,2290.4,19735,2290.2,7,0.0,0,0.0,0,0.0,0,0.0,0,2290.6,22,0.0,0,0.0,0,0.0,0,0.0,0
2012-10-09T09:22:21.500,2290.4,19764,2290,50,0.0,0,0.0,0,0.0,0,0.0,0,2290.4,48,0.0,0,0.0,0,0.0,0,0.0,0
2012-10-09T09:22:22.000,2290.2,19841,2290,42,0.0,0,0.0,0,0.0,0,0.0,0,2290.2,10,0.0,0,0.0,0,0.0,0,0.0,0
2012-10-09T09:22:22.500,2290.6,19864,2290.4,1,0.0,0,0.0,0,0.0,0,0.0,0,2290.6,2,0.0,0,0.0,0,0.0,0,0.0,0
2012-10-09T09:22:23.000,2290.2,19875,2290,31,0.0,0,0.0,0,0.0,0,0.0,0,2290.4,1,0.0,0,0.0,0,0.0,0,0.0,0
2012-10-09T09:22:23.500,2290.4,19891,2290.2,8,0.0,0,0.0,0,0.0,0,0.0,0,2290.4,17,0.0,0,0.0,0,0.0,0,0.0,0
2012-10-09T09:22:24.000,2290.2,19906,2290.2,1,0.0,0,0.0,0,0.0,0,0.0,0,2290.4,11,0.0,0,0.0,0,0.0,0,0.0,0
2012-10-09T09:22:24.500,2290.4,19919,2290.2,2,0.0,0,0.0,0,0.0,0,0.0,0,2290.4,3,0.0,0,0.0,0,0.0,0,0.0,0
2012-10-09T09:22:25.000,2290.2,19929,2290,28,0.0,0,0.0,0,0.0,0,0.0,0,2290.2,93,0.0,0,0.0,0,0.0,0,0.0,0
2012-10-09T09:22:25.500,2290.2,19989,2289.6,16,0.0,0,0.0,0,0.0,0,0.0,0,2290,7,0.0,0,0.0,0,0.0,0,0.0,0
2012-10-09T09:22:26.000,2289.6,20028,2289.6,3,0.0,0,0.0,0,0.0,0,0.0,0,2289.8,20,0.0,0,0.0,0,0.0,0,0.0,0
2012-10-09T09:22:26.500,2289.6,20045,2289.6,7,0.0,0,0.0,0,0.0,0,0.0,0,2289.8,18,0.0,0,0.0,0,0.0,0,0.0,0
2012-10-09T09:22:27.000,2290.2,20090,2289.6,2,0.0,0,0.0,0,0.0,0,0.0,0,2290.2,79,0.0,0,0.0,0,0.0,0,0.0,0
2012-10-09T09:22:27.500,2289.6,20102,2289.8,8,0.0,0,0.0,0,0.0,0,0.0,0,2290,6,0.0,0,0.0,0,0.0,0,0.0,0
2012-10-09T09:22:28.000,2289.8,20127,2289.8,11,0.0,0,0.0,0,0.0,0,0.0,0,2290.2,79,0.0,0,0.0,0,0.0,0,0.0,0
2012-10-09T09:22:28.500,2290.2,20131,2289.8,9,0.0,0,0.0,0,0.0,0,0.0,0,2290.2,79,0.0,0,0.0,0,0.0,0,0.0,0
2012-10-09T09:22:29.000,2290.2,20140,2289.8,4,0.0,0,0.0,0,0.0,0,0.0,0,2290.2,76,0.0,0,0.0,0,0.0,0,0.0,0
2012-10-09T09:22:29.500,2289.8,20149,2289.8,1,0.0,0,0.0,0,0.0,0,0.0,0,2290,1,0.0,0,0.0,0,0.0,0,0.0,0
2012-10-09T09:22:30.000,2290,20155,2289.6,11,0.0,0,0.0,0,0.0,0,0.0,0,2290.2,69,0.0,0,0.0,0,0.0,0,0.0,0
2012-10-09T09:22:30.500,2290.2,20159,2289.6,11,0.0,0,0.0,0,0.0,0,0.0,0,2290.2,65,0.0,0,0.0,0,0.0,0,0.0,0
2012-10-09T09:22:31.000,2290,20165,2289.6,11,0.0,0,0.0,0,0.0,0,0.0,0,2290,4,0.0,0,0.0,0,0.0,0,0.0,0
2012-10-09T09:22:31.500,2289.6,20169,2289.6,10,0.0,0,0.0,0,0.0,0,0.0,0,2289.8,1,0.0,0,0.0,0,0.0,0,0.0,0
2012-10-09T09:22:32.000,2289.6,20172,2289.6,9,0.0,0,0.0,0,0.0,0,0.0,0,2289.8,19,0.0,0,0.0,0,0.0,0,0.0,0
2012-10-09T09:22:32.500,2289.8,20183,2289.6,2,0.0,0,0.0,0,0.0,0,0.0,0,2289.8,15,0.0,0,0.0,0,0.0,0,0.0,0
2012-10-09T09:22:33.000,2289,20200,2289.6,2,0.0,0,0.0,0,0.0,0,0.0,0,2289.8,15,0.0,0,0.0,0,0.0,0,0.0,0
2012-10-09T09:22:33.500,2289.6,20202,2289.2,6,0.0,0,0.0,0,0.0,0,0.0,0,2289.8,16,0.0,0,0.0,0,0.0,0,0.0,0
2012-10-09T09:22:34.000,2289.2,20205,2289.2,6,0.0,0,0.0,0,0.0,0,0.0,0,2289.6,1,0.0,0,0.0,0,0.0,0,0.0,0
2012-10-09T09:22:34.500,2289.8,20207,2289.4,9,0.0,0,0.0,0,0.0,0,0.0,0,2289.8,13,0.0,0,0.0,0,0.0,0,0.0,0
2012-10-09T09:22:35.000,2289.8,20219,2289.4,9,0.0,0,0.0,0,0.0,0,0.0,0,2289.8,30,0.0,0,0.0,0,0.0,0,0.0,0
2012-10-09T09:22:35.500,2289.2,20237,2289.2,10,0.0,0,0.0,0,0.0,0,0.0,0,2289.8,31,0.0,0,0.0,0,0.0,0,0.0,0
2012-10-09T09:22:36.000,2289.2,20249,2289.4,1,0.0,0,0.0,0,0.0,0,0.0,0,2289.8,30,0.0,0,0.0,0,0.0,0,0.0,0
2012-10-09T09:22:36.500,2289.8,20253,2289.4,1,0.0,0,0.0,0,0.0,0,0.0,0,2289.6,5,0.0,0,0.0,0,0.0,0,0.0,0
2012-10-09T09:22:37.250,2289.8,20277,2289.2,5,0.0,0,0.0,0,0.0,0,0.0,0,2289.8,16,0.0,0,0.0,0,0.0,0,0.0,0
2012-10-09T09:22:38.000,2289.6,20285,2289.2,14,0.0,0,0.0,0,0.0,0,0.0,0,2289.6,1,0.0,0,0.0,0,0.0,0,0.0,0
2012-10-09T09:22:38.500,2289.2,20292,2289.2,9,0.0,0,0.0,0,0.0,0,0.0,0,2289.4,1,0.0,0,0.0,0,0.0,0,0.0,0
2012-10-09T09:22:39.000,2289.6,20294,2289.6,2,0.0,0,0.0,0,0.0,0,0.0,0,2289.8,18,0.0,0,0.0,0,0.0,0,0.0,0
2012-10-09T09:22:39.500,2289.8,20296,2289.6,9,0.0,0,0.0,0,0.0,0,0.0,0,2289.8,16,0.0,0,0.0,0,0.0,0,0.0,0
2012-10-09T09:22:40.000,2289.8,20312,2289.6,6,0.0,0,0.0,0,0.0,0,0.0,0,2289.8,9,0.0,0,0.0,0,0.0,0,0.0,0
2012-10-09T09:22:40.500,2289.8,20316,2289.6,4,0.0,0,0.0,0,0.0,0,0.0,0,2289.8,17,0.0,0,0.0,0,0.0,0,0.0,0
2012-10-09T09:22:41.000,2289.8,20320,2289.6,3,0.0,0,0.0,0,0.0,0,0.0,0,2289.8,14,0.0,0,0.0,0,0.0,0,0.0,0
2012-10-09T09:22:41.500,2289.4,20348,2289.4,10,0.0,0,0.0,0,0.0,0,0.0,0,2289.6,1,0.0,0,0.0,0,0.0,0,0.0,0
2012-10-09T09:22:42.000,2289.4,20354,2289.4,4,0.0,0,0.0,0,0.0,0,0.0,0,2289.6,13,0.0,0,0.0,0,0.0,0,0.0,0
2012-10-09T09:22:42.500,2289.4,20363,2289.2,5,0.0,0,0.0,0,0.0,0,0.0,0,2289.4,2,0.0,0,0.0,0,0.0,0,0.0,0
2012-10-09T09:22:43.000,2289.6,20410,2289.6,3,0.0,0,0.0,0,0.0,0,0.0,0,2289.8,20,0.0,0,0.0,0,0.0,0,0.0,0
2012-10-09T09:22:43.500,2289.6,20413,2289.6,1,0.0,0,0.0,0,0.0,0,0.0,0,2289.8,25,0.0,0,0.0,0,0.0,0,0.0,0
2012-10-09T09:22:44.250,2289.4,20428,2289.4,3,0.0,0,0.0,0,0.0,0,0.0,0,2289.6,4,0.0,0,0.0,0,0.0,0,0.0,0
2012-10-09T09:22:45.000,2289.6,20434,2289.4,2,0.0,0,0.0,0,0.0,0,0.0,0,2289.6,4,0.0,0,0.0,0,0.0,0,0.0,0
2012-10-09T09:22:45.500,2289.4,20440,2289.2,8,0.0,0,0.0,0,0.0,0,0.0,0,2289.6,3,0.0,0,0.0,0,0.0,0,0.0,0
2012-10-09T09:22:46.000,2289.6,20459,2289,56,0.0,0,0.0,0,0.0,0,0.0,0,2289.6,1,0.0,0,0.0,0,0.0,0,0.0,0
2012-10-09T09:22:46.500,2289.6,20469,2289.6,2,0.0,0,0.0,0,0.0,0,0.0,0,2289.8,21,0.0,0,0.0,0,0.0,0,0.0,0
2012-10-09T09:22:47.000,2289.6,20494,2289.6,1,0.0,0,0.0,0,0.0,0,0.0,0,2289.8,21,0.0,0,0.0,0,0.0,0,0.0,0
2012-10-09T09:22:47.500,2289.8,20518,2289.2,11,0.0,0,0.0,0,0.0,0,0.0,0,2289.8,21,0.0,0,0.0,0,0.0,0,0.0,0
2012-10-09T09:22:48.000,2289.2,20527,2289.2,6,0.0,0,0.0,0,0.0,0,0.0,0,2289.6,44,0.0,0,0.0,0,0.0,0,0.0,0
2012-10-09T09:22:48.500,2289.4,20544,2289.4,14,0.0,0,0.0,0,0.0,0,0.0,0,2289.6,34,0.0,0,0.0,0,0.0,0,0.0,0
2012-10-09T09:22:49.000,2289.4,20574,2289.2,5,0.0,0,0.0,0,0.0,0,0.0,0,2289.4,15,0.0,0,0.0,0,0.0,0,0.0,0
2012-10-09T09:22:49.500,2289,20612,2289,55,0.0,0,0.0,0,0.0,0,0.0,0,2289.2,24,0.0,0,0.0,0,0.0,0,0.0,0
2012-10-09T09:22:50.000,2289.2,20626,2289,62,0.0,0,0.0,0,0.0,0,0.0,0,2289.2,22,0.0,0,0.0,0,0.0,0,0.0,0
2012-10-09T09:22:50.500,2289,20659,2289,30,0.0,0,0.0,0,0.0,0,0.0,0,2289.2,27,0.0,0,0.0,0,0.0,0,0.0,0
2012-10-09T09:22:51.000,2289,20678,2289,28,0.0,0,0.0,0,0.0,0,0.0,0,2289.2,11,0.0,0,0.0,0,0.0,0,0.0,0
2012-10-09T09:22:51.500,2289,20711,2288.8,30,0.0,0,0.0,0,0.0,0,0.0,0,2289,38,0.0,0,0.0,0,0.0,0,0.0,0
2012-10-09T09:22:52.000,2289,20722,2288.8,31,0.0,0,0.0,0,0.0,0,0.0,0,2289,39,0.0,0,0.0,0,0.0,0,0.0,0
2012-10-09T09:22:52.500,2288.8,20741,2288.8,18,0.0,0,0.0,0,0.0,0,0.0,0,2289,35,0.0,0,0.0,0,0.0,0,0.0,0
2012-10-09T09:22:53.000,2288.8,20754,2288.8,5,0.0,0,0.0,0,0.0,0,0.0,0,2289,35,0.0,0,0.0,0,0.0,0,0.0,0
2012-10-09T09:22:53.500,2288.8,20764,2288.8,25,0.0,0,0.0,0,0.0,0,0.0,0,2289,27,0.0,0,0.0,0,0.0,0,0.0,0
2012-10-09T09:22:54.000,2288.8,20774,2288.8,18,0.0,0,0.0,0,0.0,0,0.0,0,2289,26,0.0,0,0.0,0,0.0,0,0.0,0
2012-10-09T09:22:54.500,2289,20811,2288.6,25,0.0,0,0.0,0,0.0,0,0.0,0,2289,14,0.0,0,0.0,0,0.0,0,0.0,0
2012-10-09T09:22:55.000,2288.8,20818,2288.8,1,0.0,0,0.0,0,0.0,0,0.0,0,2289,13,0.0,0,0.0,0,0.0,0,0.0,0
2012-10-09T09:22:55.500,2288.8,20838,2288.8,11,0.0,0,0.0,0,0.0,0,0.0,0,2289.2,10,0.0,0,0.0,0,0.0,0,0.0,0
2012-10-09T09:22:56.000,2288.8,20853,2288.8,5,0.0,0,0.0,0,0.0,0,0.0,0,2289.2,9,0.0,0,0.0,0,0.0,0,0.0,0
2012-10-09T09:22:56.500,2289.2,20855,2289,8,0.0,0,0.0,0,0.0,0,0.0,0,2289.2,4,0.0,0,0.0,0,0.0,0,0.0,0
2012-10-09T09:22:57.000,2289,20856,2289,8,0.0,0,0.0,0,0.0,0,0.0,0,2289.2,8,0.0,0,0.0,0,0.0,0,0.0,0
2012-10-09T09:22:57.500,2289.4,20866,2289.2,1,0.0,0,0.0,0,0.0,0,0.0,0,2289.4,7,0.0,0,0.0,0,0.0,0,0.0,0
2012-10-09T09:22:58.000,2289.4,20876,2289.4,11,0.0,0,0.0,0,0.0,0,0.0,0,2289.6,29,0.0,0,0.0,0,0.0,0,0.0,0
2012-10-09T09:22:58.500,2289.4,20883,2289.4,13,0.0,0,0.0,0,0.0,0,0.0,0,2289.6,29,0.0,0,0.0,0,0.0,0,0.0,0
2012-10-09T09:22:59.000,2289.6,20897,2289.4,10,0.0,0,0.0,0,0.0,0,0.0,0,2289.6,20,0.0,0,0.0,0,0.0,0,0.0,0
2012-10-09T09:22:59.500,2289.6,20903,2289.4,5,0.0,0,0.0,0,0.0,0,0.0,0,2289.6,19,0.0,0,0.0,0,0.0,0,0.0,0
2012-10-09T09:23:00.000,2289.4,20919,2289.4,4,0.0,0,0.0,0,0.0,0,0.0,0,2289.6,79,0.0,0,0.0,0,0.0,0,0.0,0
2012-10-09T09:23:00.500,2289.4,20936,2289.2,51,0.0,0,0.0,0,0.0,0,0.0,0,2289.4,18,0.0,0,0.0,0,0.0,0,0.0,0
2012-10-09T09:23:01.000,2289.2,20989,2289.2,3,0.0,0,0.0,0,0.0,0,0.0,0,2289.4,38,0.0,0,0.0,0,0.0,0,0.0,0
2012-10-09T09:23:01.500,2289,21021,2289,12,0.0,0,0.0,0,0.0,0,0.0,0,2289.2,34,0.0,0,0.0,0,0.0,0,0.0,0
2012-10-09T09:23:02.000,2289,21055,2288.8,18,0.0,0,0.0,0,0.0,0,0.0,0,2289,8,0.0,0,0.0,0,0.0,0,0.0,0
2012-10-09T09:23:02.500,2288.8,21073,2288.8,5,0.0,0,0.0,0,0.0,0,0.0,0,2289,39,0.0,0,0.0,0,0.0,0,0.0,0
2012-10-09T09:23:03.000,2289,21087,2288.8,11,0.0,0,0.0,0,0.0,0,0.0,0,2289,33,0.0,0,0.0,0,0.0,0,0.0,0
2012-10-09T09:23:03.500,2288.8,21098,2288.6,26,0.0,0,0.0,0,0.0,0,0.0,0,2288.8,2,0.0,0,0.0,0,0.0,0,0.0,0
2012-10-09T09:23:04.000,2289.2,21178,2289.2,20,0.0,0,0.0,0,0.0,0,0.0,0,2289.4,41,0.0,0,0.0,0,0.0,0,0.0,0
2012-10-09T09:23:04.500,2289.2,21197,2289.2,17,0.0,0,0.0,0,0.0,0,0.0,0,2289.4,44,0.0,0,0.0,0,0.0,0,0.0,0
2012-10-09T09:23:05.000,2289.2,21216,2289.2,9,0.0,0,0.0,0,0.0,0,0.0,0,2289.4,31,0.0,0,0.0,0,0.0,0,0.0,0
2012-10-09T09:23:05.500,2289.2,21231,2289.2,3,0.0,0,0.0,0,0.0,0,0.0,0,2289.4,21,0.0,0,0.0,0,0.0,0,0.0,0
2012-10-09T09:23:06.000,2289.2,21239,2289,36,0.0,0,0.0,0,0.0,0,0.0,0,2289.2,5,0.0,0,0.0,0,0.0,0,0.0,0
2012-10-09T09:23:06.500,2289,21243,2289,43,0.0,0,0.0,0,0.0,0,0.0,0,2289.2,6,0.0,0,0.0,0,0.0,0,0.0,0
2012-10-09T09:23:07.000,2289.2,21256,2289.2,8,0.0,0,0.0,0,0.0,0,0.0,0,2289.4,24,0.0,0,0.0,0,0.0,0,0.0,0
2012-10-09T09:23:07.500,2289.4,21280,2289.2,4,0.0,0,0.0,0,0.0,0,0.0,0,2289.4,18,0.0,0,0.0,0,0.0,0,0.0,0
2012-10-09T09:23:08.000,2289.2,21296,2289,44,0.0,0,0.0,0,0.0,0,0.0,0,2289.2,15,0.0,0,0.0,0,0.0,0,0.0,0
2012-10-09T09:23:08.500,2289.2,21308,2289,44,0.0,0,0.0,0,0.0,0,0.0,0,2289.2,11,0.0,0,0.0,0,0.0,0,0.0,0
2012-10-09T09:23:09.000,2289,21317,2289,35,0.0,0,0.0,0,0.0,0,0.0,0,2289.2,8,0.0,0,0.0,0,0.0,0,0.0,0
2012-10-09T09:23:09.500,2289,21337,2289,14,0.0,0,0.0,0,0.0,0,0.0,0,2289.2,35,0.0,0,0.0,0,0.0,0,0.0,0
2012-10-09T09:23:10.000,2288.8,21361,2288.6,26,0.0,0,0.0,0,0.0,0,0.0,0,2288.8,5,0.0,0,0.0,0,0.0,0,0.0,0
2012-10-09T09:23:10.500,2288.2,21425,2288.2,45,0.0,0,0.0,0,0.0,0,0.0,0,2289,23,0.0,0,0.0,0,0.0,0,0.0,0
2012-10-09T09:23:11.000,2288,21513,2288.4,8,0.0,0,0.0,0,0.0,0,0.0,0,2288.6,4,0.0,0,0.0,0,0.0,0,0.0,0
2012-10-09T09:23:11.500,2288.4,21553,2288.4,4,0.0,0,0.0,0,0.0,0,0.0,0,2289,38,0.0,0,0.0,0,0.0,0,0.0,0
2012-10-09T09:23:12.000,2288.4,21570,2288.4,45,0.0,0,0.0,0,0.0,0,0.0,0,2288.6,17,0.0,0,0.0,0,0.0,0,0.0,0
2012-10-09T09:23:12.500,2288.6,21619,2288.6,2,0.0,0,0.0,0,0.0,0,0.0,0,2288.8,15,0.0,0,0.0,0,0.0,0,0.0,0
2012-10-09T09:23:13.000,2288.4,21650,2288.2,1,0.0,0,0.0,0,0.0,0,0.0,0,2288.4,15,0.0,0,0.0,0,0.0,0,0.0,0
2012-10-09T09:23:13.500,2288.2,21659,2288,16,0.0,0,0.0,0,0.0,0,0.0,0,2288.2,16,0.0,0,0.0,0,0.0,0,0.0,0
2012-10-09T09:23:14.000,2288,21671,2288,8,0.0,0,0.0,0,0.0,0,0.0,0,2288.2,19,0.0,0,0.0,0,0.0,0,0.0,0
2012-10-09T09:23:14.500,2287.8,21698,2287.8,12,0.0,0,0.0,0,0.0,0,0.0,0,2288.2,5,0.0,0,0.0,0,0.0,0,0.0,0
2012-10-09T09:23:15.000,2287.8,21706,2287.8,6,0.0,0,0.0,0,0.0,0,0.0,0,2288,5,0.0,0,0.0,0,0.0,0,0.0,0
2012-10-09T09:23:15.500,2287.8,21727,2287.4,6,0.0,0,0.0,0,0.0,0,0.0,0,2287.8,5,0.0,0,0.0,0,0.0,0,0.0,0
2012-10-09T09:23:16.000,2287.8,21736,2287.6,13,0.0,0,0.0,0,0.0,0,0.0,0,2287.8,15,0.0,0,0.0,0,0.0,0,0.0,0
2012-10-09T09:23:16.500,2287.6,21776,2287.4,15,0.0,0,0.0,0,0.0,0,0.0,0,2287.8,7,0.0,0,0.0,0,0.0,0,0.0,0
2012-10-09T09:23:17.000,2287.6,21783,2287.6,2,0.0,0,0.0,0,0.0,0,0.0,0,2287.8,1,0.0,0,0.0,0,0.0,0,0.0,0
2012-10-09T09:23:17.500,2287.8,21798,2287.8,13,0.0,0,0.0,0,0.0,0,0.0,0,2288,6,0.0,0,0.0,0,0.0,0,0.0,0
2012-10-09T09:23:18.000,2288,21817,2288,7,0.0,0,0.0,0,0.0,0,0.0,0,2288.2,14,0.0,0,0.0,0,0.0,0,0.0,0
2012-10-09T09:23:18.500,2288,21854,2287.8,3,0.0,0,0.0,0,0.0,0,0.0,0,2288,2,0.0,0,0.0,0,0.0,0,0.0,0
2012-10-09T09:23:19.000,2288.4,21864,2288.2,11,0.0,0,0.0,0,0.0,0,0.0,0,2288.4,21,0.0,0,0.0,0,0.0,0,0.0,0
2012-10-09T09:23:19.500,2288.4,21877,2288.2,3,0.0,0,0.0,0,0.0,0,0.0,0,2288.4,18,0.0,0,0.0,0,0.0,0,0.0,0
2012-10-09T09:23:20.000,2288.4,21886,2288,7,0.0,0,0.0,0,0.0,0,0.0,0,2288.4,13,0.0,0,0.0,0,0.0,0,0.0,0
2012-10-09T09:23:20.500,2288.4,21910,2288.2,30,0.0,0,0.0,0,0.0,0,0.0,0,2288.6,2,0.0,0,0.0,0,0.0,0,0.0,0
2012-10-09T09:23:21.000,2288.6,21920,2288.6,13,0.0,0,0.0,0,0.0,0,0.0,0,2288.8,14,0.0,0,0.0,0,0.0,0,0.0,0
