date_time,last_px,total_volume,bid1_px,bid1_qty,bid2_px,bid2_qty,bid3_px,bid3_qty,bid4_px,bid4_qty,bid5_px,bid5_qty,ask1_px,ask1_qty,ask2_px,ask2_qty,ask3_px,ask3_qty,ask4_px,ask4_qty,ask5_px,ask5_qty
2012-10-17T09:14:00.250,2309.6,230,2309.4,4,0.0,0,0.0,0,0.0,0,0.0,0,2309.6,1,0.0,0,0.0,0,0.0,0,0.0,0
2012-10-17T09:15:00.250,2309.6,483,2309.6,46,0.0,0,0.0,0,0.0,0,0.0,0,2310.4,3,0.0,0,0.0,0,0.0,0,0.0,0
2012-10-17T09:15:01.000,2309,783,2308.4,3,0.0,0,0.0,0,0.0,0,0.0,0,2309,4,0.0,0,0.0,0,0.0,0,0.0,0
2012-10-17T09:15:01.500,2308.6,894,2308.2,28,0.0,0,0.0,0,0.0,0,0.0,0,2308.6,11,0.0,0,0.0,0,0.0,0,0.0,0
2012-10-17T09:15:02.000,2308.2,1037,2308,20,0.0,0,0.0,0,0.0,0,0.0,0,2308.2,23,0.0,0,0.0,0,0.0,0,0.0,0
2012-10-17T09:15:02.500,2308,1120,2307,81,0.0,0,0.0,0,0.0,0,0.0,0,2308,39,0.0,0,0.0,0,0.0,0,0.0,0
2012-10-17T09:15:03.000,2307.8,1179,2307.2,11,0.0,0,0.0,0,0.0,0,0.0,0,2307.6,6,0.0,0,0.0,0,0.0,0,0.0,0
2012-10-17T09:15:03.500,2307.2,1286,2306.8,9,0.0,0,0.0,0,0.0,0,0.0,0,2307.2,4,0.0,0,0.0,0,0.0,0,0.0,0
2012-10-17T09:15:04.000,2306.8,1382,2306.6,15,0.0,0,0.0,0,0.0,0,0.0,0,2306.8,24,0.0,0,0.0,0,0.0,0,0.0,0
2012-10-17T09:15:04.500,2306.4,1409,2306.2,22,0.0,0,0.0,0,0.0,0,0.0,0,2306.4,7,0.0,0,0.0,0,0.0,0,0.0,0
2012-10-17T09:15:05.000,2306.4,1493,2306,6,0.0,0,0.0,0,0.0,0,0.0,0,2306.6,23,0.0,0,0.0,0,0.0,0,0.0,0
2012-10-17T09:15:05.500,2306,1635,2305.8,2,0.0,0,0.0,0,0.0,0,0.0,0,2306,3,0.0,0,0.0,0,0.0,0,0.0,0
2012-10-17T09:15:06.000,2306,1693,2305.4,3,0.0,0,0.0,0,0.0,0,0.0,0,2306,21,0.0,0,0.0,0,0.0,0,0.0,0
2012-10-17T09:15:06.500,2306,1771,2306,20,0.0,0,0.0,0,0.0,0,0.0,0,2306.2,5,0.0,0,0.0,0,0.0,0,0.0,0
2012-10-17T09:15:07.000,2306.4,1863,2306.4,21,0.0,0,0.0,0,0.0,0,0.0,0,2306.6,1,0.0,0,0.0,0,0.0,0,0.0,0
2012-10-17T09:15:07.500,2306.4,1925,2306.4,33,0.0,0,0.0,0,0.0,0,0.0,0,2306.8,39,0.0,0,0.0,0,0.0,0,0.0,0
2012-10-17T09:15:08.000,2306.8,1965,2306.6,27,0.0,0,0.0,0,0.0,0,0.0,0,2306.8,11,0.0,0,0.0,0,0.0,0,0.0,0
2012-10-17T09:15:08.500,2307,2019,2306.8,47,0.0,0,0.0,0,0.0,0,0.0,0,2307,1,0.0,0,0.0,0,0.0,0,0.0,0
2012-10-17T09:15:09.000,2307,2075,2307,42,0.0,0,0.0,0,0.0,0,0.0,0,2307.2,2,0.0,0,0.0,0,0.0,0,0.0,0
2012-10-17T09:15:09.500,2307.2,2121,2307.2,25,0.0,0,0.0,0,0.0,0,0.0,0,2307.8,9,0.0,0,0.0,0,0.0,0,0.0,0
2012-10-17T09:15:10.000,2307.6,2132,2307.2,9,0.0,0,0.0,0,0.0,0,0.0,0,2307.6,14,0.0,0,0.0,0,0.0,0,0.0,0
2012-10-17T09:15:10.500,2307.6,2171,2307.2,20,0.0,0,0.0,0,0.0,0,0.0,0,2308,32,0.0,0,0.0,0,0.0,0,0.0,0
2012-10-17T09:15:11.000,2307.6,2183,2307.6,20,0.0,0,0.0,0,0.0,0,0.0,0,2307.8,1,0.0,0,0.0,0,0.0,0,0.0,0
2012-10-17T09:15:11.500,2308,2200,2307.8,26,0.0,0,0.0,0,0.0,0,0.0,0,2308,21,0.0,0,0.0,0,0.0,0,0.0,0
2012-10-17T09:15:12.000,2308,2236,2308,18,0.0,0,0.0,0,0.0,0,0.0,0,2308.2,30,0.0,0,0.0,0,0.0,0,0.0,0
2012-10-17T09:15:12.500,2308.2,2276,2308,34,0.0,0,0.0,0,0.0,0,0.0,0,2308.2,4,0.0,0,0.0,0,0.0,0,0.0,0
2012-10-17T09:15:13.000,2308.2,2289,2308.2,45,0.0,0,0.0,0,0.0,0,0.0,0,2308.4,8,0.0,0,0.0,0,0.0,0,0.0,0
2012-10-17T09:15:13.500,2308.2,2309,2308.4,3,0.0,0,0.0,0,0.0,0,0.0,0,2308.8,3,0.0,0,0.0,0,0.0,0,0.0,0
2012-10-17T09:15:14.000,2308.8,2341,2308.6,2,0.0,0,0.0,0,0.0,0,0.0,0,2308.8,20,0.0,0,0.0,0,0.0,0,0.0,0
2012-10-17T09:15:14.500,2308.6,2407,2308.2,109,0.0,0,0.0,0,0.0,0,0.0,0,2308.8,13,0.0,0,0.0,0,0.0,0,0.0,0
2012-10-17T09:15:15.000,2308.4,2470,2308.4,24,0.0,0,0.0,0,0.0,0,0.0,0,2308.8,33,0.0,0,0.0,0,0.0,0,0.0,0
2012-10-17T09:15:15.500,2308.6,2567,2308.2,118,0.0,0,0.0,0,0.0,0,0.0,0,2308.6,7,0.0,0,0.0,0,0.0,0,0.0,0
2012-10-17T09:15:16.000,2308.8,2599,2308.6,1,0.0,0,0.0,0,0.0,0,0.0,0,2308.8,6,0.0,0,0.0,0,0.0,0,0.0,0
2012-10-17T09:15:16.500,2309,2625,2308.8,12,0.0,0,0.0,0,0.0,0,0.0,0,2309,32,0.0,0,0.0,0,0.0,0,0.0,0
2012-10-17T09:15:17.000,2308.2,2662,2308.6,3,0.0,0,0.0,0,0.0,0,0.0,0,2308.8,5,0.0,0,0.0,0,0.0,0,0.0,0
2012-10-17T09:15:17.500,2308.8,2681,2308.8,11,0.0,0,0.0,0,0.0,0,0.0,0,2309,33,0.0,0,0.0,0,0.0,0,0.0,0
2012-10-17T09:15:18.000,2309,2694,2308.8,36,0.0,0,0.0,0,0.0,0,0.0,0,2309,41,0.0,0,0.0,0,0.0,0,0.0,0
2012-10-17T09:15:18.500,2308.8,2740,2308.8,9,0.0,0,0.0,0,0.0,0,0.0,0,2309,31,0.0,0,0.0,0,0.0,0,0.0,0
2012-10-17T09:15:19.000,2308.8,2791,2308.8,7,0.0,0,0.0,0,0.0,0,0.0,0,2309,2,0.0,0,0.0,0,0.0,0,0.0,0
2012-10-17T09:15:19.500,2308.8,2814,2308.6,11,0.0,0,0.0,0,0.0,0,0.0,0,2308.8,13,0.0,0,0.0,0,0.0,0,0.0,0
2012-10-17T09:15:20.000,2308.8,2829,2308.6,6,0.0,0,0.0,0,0.0,0,0.0,0,2308.8,7,0.0,0,0.0,0,0.0,0,0.0,0
2012-10-17T09:15:20.500,2308.8,2839,2308.6,1,0.0,0,0.0,0,0.0,0,0.0,0,2308.8,13,0.0,0,0.0,0,0.0,0,0.0,0
2012-10-17T09:15:21.000,2308.6,2875,2308.2,99,0.0,0,0.0,0,0.0,0,0.0,0,2308.6,48,0.0,0,0.0,0,0.0,0,0.0,0
2012-10-17T09:15:21.500,2308.2,2938,2308.2,48,0.0,0,0.0,0,0.0,0,0.0,0,2308.4,21,0.0,0,0.0,0,0.0,0,0.0,0
2012-10-17T09:15:22.000,2308,3044,2308,2,0.0,0,0.0,0,0.0,0,0.0,0,2308.2,19,0.0,0,0.0,0,0.0,0,0.0,0
2012-10-17T09:15:22.500,2307.8,3081,2307.8,1,0.0,0,0.0,0,0.0,0,0.0,0,2308,26,0.0,0,0.0,0,0.0,0,0.0,0
2012-10-17T09:15:23.000,2307.6,3096,2307.6,29,0.0,0,0.0,0,0.0,0,0.0,0,2307.8,25,0.0,0,0.0,0,0.0,0,0.0,0
2012-10-17T09:15:23.500,2307.8,3135,2307.8,17,0.0,0,0.0,0,0.0,0,0.0,0,2308,26,0.0,0,0.0,0,0.0,0,0.0,0
2012-10-17T09:15:24.000,2307.8,3183,2307.6,8,0.0,0,0.0,0,0.0,0,0.0,0,2308,7,0.0,0,0.0,0,0.0,0,0.0,0
2012-10-17T09:15:24.500,2307.6,3205,2307.6,10,0.0,0,0.0,0,0.0,0,0.0,0,2307.8,37,0.0,0,0.0,0,0.0,0,0.0,0
2012-10-17T09:15:25.000,2307.6,3224,2307.6,8,0.0,0,0.0,0,0.0,0,0.0,0,2307.8,34,0.0,0,0.0,0,0.0,0,0.0,0
2012-10-17T09:15:25.500,2307.6,3242,2307.6,4,0.0,0,0.0,0,0.0,0,0.0,0,2307.8,23,0.0,0,0.0,0,0.0,0,0.0,0
2012-10-17T09:15:26.000,2307.2,3269,2307.2,50,0.0,0,0.0,0,0.0,0,0.0,0,2307.8,5,0.0,0,0.0,0,0.0,0,0.0,0
2012-10-17T09:15:26.500,2307.8,3299,2307.8,12,0.0,0,0.0,0,0.0,0,0.0,0,2308,9,0.0,0,0.0,0,0.0,0,0.0,0
2012-10-17T09:15:27.000,2307.4,3336,2307.8,5,0.0,0,0.0,0,0.0,0,0.0,0,2308,5,0.0,0,0.0,0,0.0,0,0.0,0
2012-10-17T09:15:27.500,2307.8,3346,2307.8,1,0.0,0,0.0,0,0.0,0,0.0,0,2308,7,0.0,0,0.0,0,0.0,0,0.0,0
2012-10-17T09:15:28.000,2307.4,3350,2307.4,9,0.0,0,0.0,0,0.0,0,0.0,0,2307.6,5,0.0,0,0.0,0,0.0,0,0.0,0
2012-10-17T09:15:28.500,2307.6,3352,2307.4,12,0.0,0,0.0,0,0.0,0,0.0,0,2307.6,3,0.0,0,0.0,0,0.0,0,0.0,0
2012-10-17T09:15:29.000,2307.6,3395,2307.6,38,0.0,0,0.0,0,0.0,0,0.0,0,2308.4,20,0.0,0,0.0,0,0.0,0,0.0,0
2012-10-17T09:15:29.500,2308,3409,2307.8,11,0.0,0,0.0,0,0.0,0,0.0,0,2308.2,7,0.0,0,0.0,0,0.0,0,0.0,0
2012-10-17T09:15:30.000,2308,3419,2307.8,5,0.0,0,0.0,0,0.0,0,0.0,0,2308,7,0.0,0,0.0,0,0.0,0,0.0,0
2012-10-17T09:15:30.500,2307.6,3501,2307.6,47,0.0,0,0.0,0,0.0,0,0.0,0,2308.4,22,0.0,0,0.0,0,0.0,0,0.0,0
2012-10-17T09:15:31.000,2307.8,3507,2307.8,9,0.0,0,0.0,0,0.0,0,0.0,0,2308,2,0.0,0,0.0,0,0.0,0,0.0,0
2012-10-17T09:15:31.500,2307.8,3517,2307.8,11,0.0,0,0.0,0,0.0,0,0.0,0,2308,6,0.0,0,0.0,0,0.0,0,0.0,0
2012-10-17T09:15:32.000,2308,3521,2307.8,8,0.0,0,0.0,0,0.0,0,0.0,0,2308,7,0.0,0,0.0,0,0.0,0,0.0,0
2012-10-17T09:15:32.500,2308,3532,2308,5,0.0,0,0.0,0,0.0,0,0.0,0,2308.2,15,0.0,0,0.0,0,0.0,0,0.0,0
2012-10-17T09:15:33.000,2307.8,3550,2307.6,57,0.0,0,0.0,0,0.0,0,0.0,0,2307.8,6,0.0,0,0.0,0,0.0,0,0.0,0
2012-10-17T09:15:33.500,2308,3567,2307.6,57,0.0,0,0.0,0,0.0,0,0.0,0,2307.8,7,0.0,0,0.0,0,0.0,0,0.0,0
2012-10-17T09:15:34.000,2308,3585,2308,66,0.0,0,0.0,0,0.0,0,0.0,0,2308.2,10,0.0,0,0.0,0,0.0,0,0.0,0
2012-10-17T09:15:34.500,2308.2,3607,2308,55,0.0,0,0.0,0,0.0,0,0.0,0,2308.4,29,0.0,0,0.0,0,0.0,0,0.0,0
2012-10-17T09:15:35.000,2308.4,3654,2308.4,4,0.0,0,0.0,0,0.0,0,0.0,0,2308.6,31,0.0,0,0.0,0,0.0,0,0.0,0
2012-10-17T09:15:35.500,2308.4,3727,2308,35,0.0,0,0.0,0,0.0,0,0.0,0,2308.4,2,0.0,0,0.0,0,0.0,0,0.0,0
2012-10-17T09:15:36.000,2308.4,3746,2308,24,0.0,0,0.0,0,0.0,0,0.0,0,2308.4,2,0.0,0,0.0,0,0.0,0,0.0,0
2012-10-17T09:15:36.500,2308,3760,2308,15,0.0,0,0.0,0,0.0,0,0.0,0,2308.4,17,0.0,0,0.0,0,0.0,0,0.0,0
2012-10-17T09:15:37.000,2308,3775,2308,7,0.0,0,0.0,0,0.0,0,0.0,0,2308.2,12,0.0,0,0.0,0,0.0,0,0.0,0
2012-10-17T09:15:37.500,2308.2,3789,2308,19,0.0,0,0.0,0,0.0,0,0.0,0,2308.2,7,0.0,0,0.0,0,0.0,0,0.0,0
2012-10-17T09:15:38.000,2308.2,3801,2308,16,0.0,0,0.0,0,0.0,0,0.0,0,2308.2,1,0.0,0,0.0,0,0.0,0,0.0,0
2012-10-17T09:15:38.500,2308.2,3842,2308.2,12,0.0,0,0.0,0,0.0,0,0.0,0,2308.6,21,0.0,0,0.0,0,0.0,0,0.0,0
2012-10-17T09:15:39.000,2308,3871,2308.2,31,0.0,0,0.0,0,0.0,0,0.0,0,2308.6,21,0.0,0,0.0,0,0.0,0,0.0,0
2012-10-17T09:15:39.500,2307.8,3941,2307.6,49,0.0,0,0.0,0,0.0,0,0.0,0,2307.8,31,0.0,0,0.0,0,0.0,0,0.0,0
2012-10-17T09:15:40.000,2307.8,3966,2307.6,49,0.0,0,0.0,0,0.0,0,0.0,0,2307.8,7,0.0,0,0.0,0,0.0,0,0.0,0
2012-10-17T09:15:40.500,2308.2,3991,2308,3,0.0,0,0.0,0,0.0,0,0.0,0,2308.2,27,0.0,0,0.0,0,0.0,0,0.0,0
2012-10-17T09:15:41.000,2308,3996,2307.8,7,0.0,0,0.0,0,0.0,0,0.0,0,2308.2,30,0.0,0,0.0,0,0.0,0,0.0,0
2012-10-17T09:15:41.500,2308,3998,2307.8,6,0.0,0,0.0,0,0.0,0,0.0,0,2308.2,31,0.0,0,0.0,0,0.0,0,0.0,0
2012-10-17T09:15:42.000,2307.8,4008,2307.8,7,0.0,0,0.0,0,0.0,0,0.0,0,2308.2,25,0.0,0,0.0,0,0.0,0,0.0,0
2012-10-17T09:15:42.500,2307.8,4014,2307.8,12,0.0,0,0.0,0,0.0,0,0.0,0,2308,2,0.0,0,0.0,0,0.0,0,0.0,0
2012-10-17T09:15:43.000,2308.2,4028,2308,3,0.0,0,0.0,0,0.0,0,0.0,0,2308.2,28,0.0,0,0.0,0,0.0,0,0.0,0
2012-10-17T09:15:43.500,2308.8,4100,2308,1,0.0,0,0.0,0,0.0,0,0.0,0,2308.8,115,0.0,0,0.0,0,0.0,0,0.0,0
2012-10-17T09:15:44.000,2308.2,4101,2308.2,16,0.0,0,0.0,0,0.0,0,0.0,0,2308.6,10,0.0,0,0.0,0,0.0,0,0.0,0
2012-10-17T09:15:44.500,2308.2,4105,2308.2,15,0.0,0,0.0,0,0.0,0,0.0,0,2308.4,2,0.0,0,0.0,0,0.0,0,0.0,0
2012-10-17T09:15:45.000,2308.4,4114,2308.4,8,0.0,0,0.0,0,0.0,0,0.0,0,2308.6,19,0.0,0,0.0,0,0.0,0,0.0,0
2012-10-17T09:15:45.500,2308.4,4121,2308.4,5,0.0,0,0.0,0,0.0,0,0.0,0,2308.6,21,0.0,0,0.0,0,0.0,0,0.0,0
2012-10-17T09:15:46.000,2308.6,4128,2308.4,4,0.0,0,0.0,0,0.0,0,0.0,0,2308.6,19,0.0,0,0.0,0,0.0,0,0.0,0
2012-10-17T09:15:46.500,2308.6,4151,2308.2,1,0.0,0,0.0,0,0.0,0,0.0,0,2308.4,1,0.0,0,0.0,0,0.0,0,0.0,0
2012-10-17T09:15:47.000,2308,4168,2308,66,0.0,0,0.0,0,0.0,0,0.0,0,2308.6,3,0.0,0,0.0,0,0.0,0,0.0,0
2012-10-17T09:15:47.500,2308.4,4178,2308.6,5,0.0,0,0.0,0,0.0,0,0.0,0,2308.8,118,0.0,0,0.0,0,0.0,0,0.0,0
2012-10-17T09:15:48.000,2308.6,4182,2308.6,1,0.0,0,0.0,0,0.0,0,0.0,0,2308.8,118,0.0,0,0.0,0,0.0,0,0.0,0
2012-10-17T09:15:48.500,2308.2,4195,2308.2,2,0.0,0,0.0,0,0.0,0,0.0,0,2308.4,7,0.0,0,0.0,0,0.0,0,0.0,0
2012-10-17T09:15:49.000,2308.4,4204,2308,64,0.0,0,0.0,0,0.0,0,0.0,0,2308.2,4,0.0,0,0.0,0,0.0,0,0.0,0
2012-10-17T09:15:49.500,2308.4,4214,2308.2,12,0.0,0,0.0,0,0.0,0,0.0,0,2308.4,3,0.0,0,0.0,0,0.0,0,0.0,0
2012-10-17T09:15:50.000,2308.2,4222,2308.2,6,0.0,0,0.0,0,0.0,0,0.0,0,2308.4,2,0.0,0,0.0,0,0.0,0,0.0,0
2012-10-17T09:15:50.500,2308,4330,2308.2,2,0.0,0,0.0,0,0.0,0,0.0,0,2308.4,3,0.0,0,0.0,0,0.0,0,0.0,0
2012-10-17T09:15:51.000,2308,4338,2308,63,0.0,0,0.0,0,0.0,0,0.0,0,2308.2,10,0.0,0,0.0,0,0.0,0,0.0,0
2012-10-17T09:15:51.500,2308.2,4339,2308,64,0.0,0,0.0,0,0.0,0,0.0,0,2308.2,12,0.0,0,0.0,0,0.0,0,0.0,0
2012-10-17T09:15:52.000,2308,4348,2308,60,0.0,0,0.0,0,0.0,0,0.0,0,2308.2,8,0.0,0,0.0,0,0.0,0,0.0,0
2012-10-17T09:15:52.500,2308.4,4382,2308.4,5,0.0,0,0.0,0,0.0,0,0.0,0,2308.6,2,0.0,0,0.0,0,0.0,0,0.0,0
2012-10-17T09:15:53.000,2308.4,4384,2308.4,3,0.0,0,0.0,0,0.0,0,0.0,0,2308.6,3,0.0,0,0.0,0,0.0,0,0.0,0
2012-10-17T09:15:53.500,2308.2,4399,2308,54,0.0,0,0.0,0,0.0,0,0.0,0,2308.4,3,0.0,0,0.0,0,0.0,0,0.0,0
2012-10-17T09:15:54.000,2308.4,4408,2308.4,4,0.0,0,0.0,0,0.0,0,0.0,0,2308.6,17,0.0,0,0.0,0,0.0,0,0.0,0
2012-10-17T09:15:54.500,2308.4,4412,2308.4,3,0.0,0,0.0,0,0.0,0,0.0,0,2308.6,20,0.0,0,0.0,0,0.0,0,0.0,0
2012-10-17T09:15:55.250,2308.4,4417,2308.2,8,0.0,0,0.0,0,0.0,0,0.0,0,2308.4,1,0.0,0,0.0,0,0.0,0,0.0,0
2012-10-17T09:15:56.000,2308.4,4420,2308.2,7,0.0,0,0.0,0,0.0,0,0.0,0,2308.4,1,0.0,0,0.0,0,0.0,0,0.0,0
2012-10-17T09:15:56.500,2308.4,4448,2308,72,0.0,0,0.0,0,0.0,0,0.0,0,2308.4,2,0.0,0,0.0,0,0.0,0,0.0,0
2012-10-17T09:15:57.000,2308,4451,2308,74,0.0,0,0.0,0,0.0,0,0.0,0,2308.2,1,0.0,0,0.0,0,0.0,0,0.0,0
2012-10-17T09:15:57.500,2308,4477,2308,56,0.0,0,0.0,0,0.0,0,0.0,0,2308.4,4,0.0,0,0.0,0,0.0,0,0.0,0
2012-10-17T09:15:58.000,2308.2,4486,2308.2,9,0.0,0,0.0,0,0.0,0,0.0,0,2308.4,1,0.0,0,0.0,0,0.0,0,0.0,0
2012-10-17T09:15:58.500,2308,4504,2308,48,0.0,0,0.0,0,0.0,0,0.0,0,2308.4,2,0.0,0,0.0,0,0.0,0,0.0,0
2012-10-17T09:15:59.000,2308.4,4507,2308,47,0.0,0,0.0,0,0.0,0,0.0,0,2308.6,39,0.0,0,0.0,0,0.0,0,0.0,0
2012-10-17T09:15:59.500,2308,4508,2308,48,0.0,0,0.0,0,0.0,0,0.0,0,2308.4,14,0.0,0,0.0,0,0.0,0,0.0,0
2012-10-17T09:16:00.000,2308,4521,2308,37,0.0,0,0.0,0,0.0,0,0.0,0,2308.2,1,0.0,0,0.0,0,0.0,0,0.0,0
2012-10-17T09:16:00.500,2308,4563,2308,30,0.0,0,0.0,0,0.0,0,0.0,0,2308.4,33,0.0,0,0.0,0,0.0,0,0.0,0
2012-10-17T09:16:01.000,2308.2,4580,2308,29,0.0,0,0.0,0,0.0,0,0.0,0,2308.4,24,0.0,0,0.0,0,0.0,0,0.0,0
2012-10-17T09:16:01.500,2308.4,4631,2308,6,0.0,0,0.0,0,0.0,0,0.0,0,2308.4,7,0.0,0,0.0,0,0.0,0,0.0,0
2012-10-17T09:16:02.000,2308.6,4659,2308,3,0.0,0,0.0,0,0.0,0,0.0,0,2308.6,20,0.0,0,0.0,0,0.0,0,0.0,0
2012-10-17T09:16:02.500,2308.4,4669,2308.2,7,0.0,0,0.0,0,0.0,0,0.0,0,2308.6,15,0.0,0,0.0,0,0.0,0,0.0,0
2012-10-17T09:16:03.000,2308.6,4673,2308.2,6,0.0,0,0.0,0,0.0,0,0.0,0,2308.6,13,0.0,0,0.0,0,0.0,0,0.0,0
2012-10-17T09:16:03.500,2308.2,4679,2308.2,18,0.0,0,0.0,0,0.0,0,0.0,0,2308.4,5,0.0,0,0.0,0,0.0,0,0.0,0
2012-10-17T09:16:04.000,2308.2,4694,2308.4,6,0.0,0,0.0,0,0.0,0,0.0,0,2308.6,11,0.0,0,0.0,0,0.0,0,0.0,0
2012-10-17T09:16:04.500,2308.6,4712,2308.2,4,0.0,0,0.0,0,0.0,0,0.0,0,2308.6,4,0.0,0,0.0,0,0.0,0,0.0,0
2012-10-17T09:16:05.000,2308.6,4749,2308.4,5,0.0,0,0.0,0,0.0,0,0.0,0,2308.6,3,0.0,0,0.0,0,0.0,0,0.0,0
2012-10-17T09:16:05.500,2308.4,4761,2308.4,2,0.0,0,0.0,0,0.0,0,0.0,0,2308.8,41,0.0,0,0.0,0,0.0,0,0.0,0
2012-10-17T09:16:06.000,2308.6,4767,2308.4,4,0.0,0,0.0,0,0.0,0,0.0,0,2308.6,5,0.0,0,0.0,0,0.0,0,0.0,0
2012-10-17T09:16:06.500,2308.4,4795,2308.4,3,0.0,0,0.0,0,0.0,0,0.0,0,2308.8,22,0.0,0,0.0,0,0.0,0,0.0,0
2012-10-17T09:16:07.000,2308.6,4818,2308.4,13,0.0,0,0.0,0,0.0,0,0.0,0,2308.8,7,0.0,0,0.0,0,0.0,0,0.0,0
2012-10-17T09:16:07.500,2308.4,4826,2308.6,25,0.0,0,0.0,0,0.0,0,0.0,0,2308.8,5,0.0,0,0.0,0,0.0,0,0.0,0
2012-10-17T09:16:08.000,2309,4863,2308.8,14,0.0,0,0.0,0,0.0,0,0.0,0,2309,88,0.0,0,0.0,0,0.0,0,0.0,0
2012-10-17T09:16:08.500,2308.8,4965,2308.6,6,0.0,0,0.0,0,0.0,0,0.0,0,2308.8,52,0.0,0,0.0,0,0.0,0,0.0,0
2012-10-17T09:16:09.000,2308.8,4970,2308.4,6,0.0,0,0.0,0,0.0,0,0.0,0,2308.6,2,0.0,0,0.0,0,0.0,0,0.0,0
2012-10-17T09:16:09.500,2308.6,5028,2308.4,6,0.0,0,0.0,0,0.0,0,0.0,0,2308.6,4,0.0,0,0.0,0,0.0,0,0.0,0
2012-10-17T09:16:10.000,2308.6,5038,2308.4,6,0.0,0,0.0,0,0.0,0,0.0,0,2308.6,8,0.0,0,0.0,0,0.0,0,0.0,0
2012-10-17T09:16:10.500,2308.6,5048,2308.4,6,0.0,0,0.0,0,0.0,0,0.0,0,2308.8,5,0.0,0,0.0,0,0.0,0,0.0,0
2012-10-17T09:16:11.000,2308.8,5059,2308.8,5,0.0,0,0.0,0,0.0,0,0.0,0,2309,49,0.0,0,0.0,0,0.0,0,0.0,0
2012-10-17T09:16:11.500,2308.6,5075,2308.6,1,0.0,0,0.0,0,0.0,0,0.0,0,2309,40,0.0,0,0.0,0,0.0,0,0.0,0
2012-10-17T09:16:12.000,2308.6,5079,2308.4,32,0.0,0,0.0,0,0.0,0,0.0,0,2309,39,0.0,0,0.0,0,0.0,0,0.0,0
2012-10-17T09:16:12.500,2309,5092,2308.6,7,0.0,0,0.0,0,0.0,0,0.0,0,2308.8,9,0.0,0,0.0,0,0.0,0,0.0,0
2012-10-17T09:16:13.000,2308.8,5100,2308.6,12,0.0,0,0.0,0,0.0,0,0.0,0,2308.8,3,0.0,0,0.0,0,0.0,0,0.0,0
2012-10-17T09:16:13.500,2308.8,5111,2308.8,1,0.0,0,0.0,0,0.0,0,0.0,0,2309,30,0.0,0,0.0,0,0.0,0,0.0,0
2012-10-17T09:16:14.000,2308.8,5121,2308.8,2,0.0,0,0.0,0,0.0,0,0.0,0,2309,38,0.0,0,0.0,0,0.0,0,0.0,0
2012-10-17T09:16:14.500,2308.8,5136,2308.8,5,0.0,0,0.0,0,0.0,0,0.0,0,2309,19,0.0,0,0.0,0,0.0,0,0.0,0
2012-10-17T09:16:15.000,2308.8,5140,2308.8,2,0.0,0,0.0,0,0.0,0,0.0,0,2309,18,0.0,0,0.0,0,0.0,0,0.0,0
2012-10-17T09:16:15.500,2309,5154,2308.8,2,0.0,0,0.0,0,0.0,0,0.0,0,2309,11,0.0,0,0.0,0,0.0,0,0.0,0
2012-10-17T09:16:16.000,2308.8,5162,2308.6,4,0.0,0,0.0,0,0.0,0,0.0,0,2308.8,1,0.0,0,0.0,0,0.0,0,0.0,0
2012-10-17T09:16:16.500,2308.8,5169,2308.6,5,0.0,0,0.0,0,0.0,0,0.0,0,2308.8,6,0.0,0,0.0,0,0.0,0,0.0,0
2012-10-17T09:16:17.000,2308.8,5172,2308.6,6,0.0,0,0.0,0,0.0,0,0.0,0,2308.8,18,0.0,0,0.0,0,0.0,0,0.0,0
2012-10-17T09:16:17.500,2308.8,5180,2308.6,3,0.0,0,0.0,0,0.0,0,0.0,0,2308.8,13,0.0,0,0.0,0,0.0,0,0.0,0
2012-10-17T09:16:18.000,2308.4,5201,2308.4,14,0.0,0,0.0,0,0.0,0,0.0,0,2308.6,17,0.0,0,0.0,0,0.0,0,0.0,0
2012-10-17T09:16:18.500,2308.4,5206,2308.4,11,0.0,0,0.0,0,0.0,0,0.0,0,2308.6,15,0.0,0,0.0,0,0.0,0,0.0,0
2012-10-17T09:16:19.250,2308.4,5222,2308.2,10,0.0,0,0.0,0,0.0,0,0.0,0,2308.4,28,0.0,0,0.0,0,0.0,0,0.0,0
2012-10-17T09:16:20.000,2308.2,5234,2308,49,0.0,0,0.0,0,0.0,0,0.0,0,2308.2,8,0.0,0,0.0,0,0.0,0,0.0,0
2012-10-17T09:16:20.500,2308,5236,2308,48,0.0,0,0.0,0,0.0,0,0.0,0,2308.2,11,0.0,0,0.0,0,0.0,0,0.0,0
2012-10-17T09:16:21.000,2308.2,5247,2308,43,0.0,0,0.0,0,0.0,0,0.0,0,2308.2,4,0.0,0,0.0,0,0.0,0,0.0,0
2012-10-17T09:16:21.500,2308,5284,2308,7,0.0,0,0.0,0,0.0,0,0.0,0,2308.2,4,0.0,0,0.0,0,0.0,0,0.0,0
2012-10-17T09:16:22.000,2308.2,5294,2308.2,1,0.0,0,0.0,0,0.0,0,0.0,0,2308.4,28,0.0,0,0.0,0,0.0,0,0.0,0
2012-10-17T09:16:22.500,2308,5306,2307.8,47,0.0,0,0.0,0,0.0,0,0.0,0,2308,13,0.0,0,0.0,0,0.0,0,0.0,0
2012-10-17T09:16:23.000,2308,5341,2308,1,0.0,0,0.0,0,0.0,0,0.0,0,2308.2,21,0.0,0,0.0,0,0.0,0,0.0,0
2012-10-17T09:16:23.500,2308,5345,2307.8,25,0.0,0,0.0,0,0.0,0,0.0,0,2308,3,0.0,0,0.0,0,0.0,0,0.0,0
2012-10-17T09:16:24.000,2308,5349,2307.8,24,0.0,0,0.0,0,0.0,0,0.0,0,2308,27,0.0,0,0.0,0,0.0,0,0.0,0
2012-10-17T09:16:24.500,2307.8,5353,2307.8,21,0.0,0,0.0,0,0.0,0,0.0,0,2308,27,0.0,0,0.0,0,0.0,0,0.0,0
2012-10-17T09:16:25.000,2307.6,5375,2307.6,57,0.0,0,0.0,0,0.0,0,0.0,0,2307.8,15,0.0,0,0.0,0,0.0,0,0.0,0
2012-10-17T09:16:25.500,2307.8,5395,2307.8,2,0.0,0,0.0,0,0.0,0,0.0,0,2308,46,0.0,0,0.0,0,0.0,0,0.0,0
2012-10-17T09:16:26.000,2307.6,5404,2307.6,52,0.0,0,0.0,0,0.0,0,0.0,0,2307.8,4,0.0,0,0.0,0,0.0,0,0.0,0
2012-10-17T09:16:26.500,2307.6,5414,2307.6,43,0.0,0,0.0,0,0.0,0,0.0,0,2307.8,7,0.0,0,0.0,0,0.0,0,0.0,0
2012-10-17T09:16:27.000,2307.8,5416,2307.6,42,0.0,0,0.0,0,0.0,0,0.0,0,2307.8,9,0.0,0,0.0,0,0.0,0,0.0,0
2012-10-17T09:16:27.500,2307.6,5424,2307.6,37,0.0,0,0.0,0,0.0,0,0.0,0,2307.8,7,0.0,0,0.0,0,0.0,0,0.0,0
2012-10-17T09:16:28.000,2307.6,5438,2307.6,29,0.0,0,0.0,0,0.0,0,0.0,0,2307.8,1,0.0,0,0.0,0,0.0,0,0.0,0
2012-10-17T09:16:28.500,2307.6,5459,2307.6,15,0.0,0,0.0,0,0.0,0,0.0,0,2308,46,0.0,0,0.0,0,0.0,0,0.0,0
2012-10-17T09:16:29.000,2307.6,5470,2307.6,6,0.0,0,0.0,0,0.0,0,0.0,0,2307.8,18,0.0,0,0.0,0,0.0,0,0.0,0
2012-10-17T09:16:29.500,2307.4,5482,2307.4,10,0.0,0,0.0,0,0.0,0,0.0,0,2307.6,2,0.0,0,0.0,0,0.0,0,0.0,0
2012-10-17T09:16:30.000,2307.6,5521,2307.6,3,0.0,0,0.0,0,0.0,0,0.0,0,2307.8,13,0.0,0,0.0,0,0.0,0,0.0,0
2012-10-17T09:16:30.500,2307.6,5539,2307.6,2,0.0,0,0.0,0,0.0,0,0.0,0,2307.8,10,0.0,0,0.0,0,0.0,0,0.0,0
2012-10-17T09:16:31.000,2307.6,5543,2307.4,2,0.0,0,0.0,0,0.0,0,0.0,0,2307.6,14,0.0,0,0.0,0,0.0,0,0.0,0
2012-10-17T09:16:31.500,2307.6,5549,2307.2,71,0.0,0,0.0,0,0.0,0,0.0,0,2307.6,18,0.0,0,0.0,0,0.0,0,0.0,0
2012-10-17T09:16:32.000,2307.4,5553,2307.2,73,0.0,0,0.0,0,0.0,0,0.0,0,2307.4,14,0.0,0,0.0,0,0.0,0,0.0,0
2012-10-17T09:16:32.500,2307.4,5570,2307.2,69,0.0,0,0.0,0,0.0,0,0.0,0,2307.4,1,0.0,0,0.0,0,0.0,0,0.0,0
2012-10-17T09:16:33.000,2307.6,5577,2307.2,68,0.0,0,0.0,0,0.0,0,0.0,0,2307.6,29,0.0,0,0.0,0,0.0,0,0.0,0
2012-10-17T09:16:33.500,2307.2,5583,2307.2,63,0.0,0,0.0,0,0.0,0,0.0,0,2307.6,29,0.0,0,0.0,0,0.0,0,0.0,0
2012-10-17T09:16:34.000,2307.2,5610,2307.2,49,0.0,0,0.0,0,0.0,0,0.0,0,2307.4,1,0.0,0,0.0,0,0.0,0,0.0,0
2012-10-17T09:16:34.500,2307.2,5635,2307.2,35,0.0,0,0.0,0,0.0,0,0.0,0,2307.6,24,0.0,0,0.0,0,0.0,0,0.0,0
2012-10-17T09:16:35.000,2307.4,5642,2307.2,49,0.0,0,0.0,0,0.0,0,0.0,0,2307.4,4,0.0,0,0.0,0,0.0,0,0.0,0
2012-10-17T09:16:35.500,2307.2,5655,2307.4,1,0.0,0,0.0,0,0.0,0,0.0,0,2307.6,27,0.0,0,0.0,0,0.0,0,0.0,0
2012-10-17T09:16:36.000,2307.4,5671,2307.2,32,0.0,0,0.0,0,0.0,0,0.0,0,2307.6,27,0.0,0,0.0,0,0.0,0,0.0,0
2012-10-17T09:16:36.500,2307.2,5690,2307.2,16,0.0,0,0.0,0,0.0,0,0.0,0,2307.6,31,0.0,0,0.0,0,0.0,0,0.0,0
2012-10-17T09:16:37.000,2307.2,5707,2307.2,1,0.0,0,0.0,0,0.0,0,0.0,0,2307.6,30,0.0,0,0.0,0,0.0,0,0.0,0
2012-10-17T09:16:37.500,2307.4,5711,2307,31,0.0,0,0.0,0,0.0,0,0.0,0,2307.2,13,0.0,0,0.0,0,0.0,0,0.0,0
2012-10-17T09:16:38.000,2307,5715,2307,27,0.0,0,0.0,0,0.0,0,0.0,0,2307.2,26,0.0,0,0.0,0,0.0,0,0.0,0
2012-10-17T09:16:38.500,2307,5725,2307,24,0.0,0,0.0,0,0.0,0,0.0,0,2307.2,44,0.0,0,0.0,0,0.0,0,0.0,0
2012-10-17T09:16:39.000,2307,5742,2307,20,0.0,0,0.0,0,0.0,0,0.0,0,2307.2,32,0.0,0,0.0,0,0.0,0,0.0,0
2012-10-17T09:16:39.500,2307,5757,2307,7,0.0,0,0.0,0,0.0,0,0.0,0,2307.2,29,0.0,0,0.0,0,0.0,0,0.0,0
2012-10-17T09:16:40.000,2306.8,5779,2306.8,3,0.0,0,0.0,0,0.0,0,0.0,0,2307,6,0.0,0,0.0,0,0.0,0,0.0,0
2012-10-17T09:16:40.500,2306.8,5784,2306.6,11,0.0,0,0.0,0,0.0,0,0.0,0,2306.8,10,0.0,0,0.0,0,0.0,0,0.0,0
2012-10-17T09:16:41.000,2306.8,5798,2306.8,13,0.0,0,0.0,0,0.0,0,0.0,0,2307,19,0.0,0,0.0,0,0.0,0,0.0,0
2012-10-17T09:16:41.500,2306.8,5824,2306.8,6,0.0,0,0.0,0,0.0,0,0.0,0,2307,13,0.0,0,0.0,0,0.0,0,0.0,0
2012-10-17T09:16:42.000,2306.6,5838,2306.6,16,0.0,0,0.0,0,0.0,0,0.0,0,2306.8,11,0.0,0,0.0,0,0.0,0,0.0,0
2012-10-17T09:16:42.500,2307,5867,2306.6,14,0.0,0,0.0,0,0.0,0,0.0,0,2306.8,8,0.0,0,0.0,0,0.0,0,0.0,0
2012-10-17T09:16:43.000,2306.8,5881,2306.8,6,0.0,0,0.0,0,0.0,0,0.0,0,2307,2,0.0,0,0.0,0,0.0,0,0.0,0
2012-10-17T09:16:43.500,2306.6,5930,2306.4,26,0.0,0,0.0,0,0.0,0,0.0,0,2306.6,2,0.0,0,0.0,0,0.0,0,0.0,0
2012-10-17T09:16:44.000,2306.8,5935,2306.6,56,0.0,0,0.0,0,0.0,0,0.0,0,2306.8,10,0.0,0,0.0,0,0.0,0,0.0,0
2012-10-17T09:16:44.500,2306.8,5960,2306.6,33,0.0,0,0.0,0,0.0,0,0.0,0,2307,3,0.0,0,0.0,0,0.0,0,0.0,0
2012-10-17T09:16:45.000,2306.8,6018,2306.6,1,0.0,0,0.0,0,0.0,0,0.0,0,2306.8,7,0.0,0,0.0,0,0.0,0,0.0,0
2012-10-17T09:16:45.500,2306.8,6035,2306.8,1,0.0,0,0.0,0,0.0,0,0.0,0,2307,8,0.0,0,0.0,0,0.0,0,0.0,0
2012-10-17T09:16:46.000,2306.8,6046,2306.8,10,0.0,0,0.0,0,0.0,0,0.0,0,2307,16,0.0,0,0.0,0,0.0,0,0.0,0
2012-10-17T09:16:46.500,2306.8,6056,2306.8,10,0.0,0,0.0,0,0.0,0,0.0,0,2307,14,0.0,0,0.0,0,0.0,0,0.0,0
2012-10-17T09:16:47.000,2306.8,6082,2306.8,12,0.0,0,0.0,0,0.0,0,0.0,0,2307,14,0.0,0,0.0,0,0.0,0,0.0,0
2012-10-17T09:16:47.500,2307,6092,2306.8,9,0.0,0,0.0,0,0.0,0,0.0,0,2307,11,0.0,0,0.0,0,0.0,0,0.0,0
2012-10-17T09:16:48.000,2306.8,6108,2306.8,2,0.0,0,0.0,0,0.0,0,0.0,0,2307,13,0.0,0,0.0,0,0.0,0,0.0,0
2012-10-17T09:16:48.500,2307,6120,2306.8,1,0.0,0,0.0,0,0.0,0,0.0,0,2307,9,0.0,0,0.0,0,0.0,0,0.0,0
2012-10-17T09:16:49.000,2306.6,6140,2306.6,1,0.0,0,0.0,0,0.0,0,0.0,0,2306.8,2,0.0,0,0.0,0,0.0,0,0.0,0
2012-10-17T09:16:49.500,2306.6,6154,2306.6,7,0.0,0,0.0,0,0.0,0,0.0,0,2307.2,13,0.0,0,0.0,0,0.0,0,0.0,0
2012-10-17T09:16:50.000,2307.2,6165,2306.6,6,0.0,0,0.0,0,0.0,0,0.0,0,2307.2,10,0.0,0,0.0,0,0.0,0,0.0,0
2012-10-17T09:16:50.500,2306.8,6168,2306.8,3,0.0,0,0.0,0,0.0,0,0.0,0,2307,19,0.0,0,0.0,0,0.0,0,0.0,0
2012-10-17T09:16:51.000,2307,6174,2306.8,1,0.0,0,0.0,0,0.0,0,0.0,0,2307,17,0.0,0,0.0,0,0.0,0,0.0,0
2012-10-17T09:16:51.500,2307,6189,2306.8,1,0.0,0,0.0,0,0.0,0,0.0,0,2307,20,0.0,0,0.0,0,0.0,0,0.0,0
2012-10-17T09:16:52.000,2307,6196,2306.4,27,0.0,0,0.0,0,0.0,0,0.0,0,2306.6,2,0.0,0,0.0,0,0.0,0,0.0,0
2012-10-17T09:16:52.500,2306.6,6210,2306.4,25,0.0,0,0.0,0,0.0,0,0.0,0,2306.6,1,0.0,0,0.0,0,0.0,0,0.0,0
2012-10-17T09:16:53.000,2306.6,6223,2306.4,15,0.0,0,0.0,0,0.0,0,0.0,0,2306.6,1,0.0,0,0.0,0,0.0,0,0.0,0
2012-10-17T09:16:53.500,2306.4,6236,2306.4,9,0.0,0,0.0,0,0.0,0,0.0,0,2306.8,4,0.0,0,0.0,0,0.0,0,0.0,0
2012-10-17T09:16:54.000,2306.4,6239,2306.6,1,0.0,0,0.0,0,0.0,0,0.0,0,2306.8,3,0.0,0,0.0,0,0.0,0,0.0,0
2012-10-17T09:16:54.500,2306.6,6249,2306.8,1,0.0,0,0.0,0,0.0,0,0.0,0,2307,18,0.0,0,0.0,0,0.0,0,0.0,0
2012-10-17T09:16:55.000,2306.8,6254,2306.8,10,0.0,0,0.0,0,0.0,0,0.0,0,2307,17,0.0,0,0.0,0,0.0,0,0.0,0
2012-10-17T09:16:55.500,2307,6258,2306.8,12,0.0,0,0.0,0,0.0,0,0.0,0,2307,17,0.0,0,0.0,0,0.0,0,0.0,0
2012-10-17T09:16:56.000,2306.4,6279,2306.4,7,0.0,0,0.0,0,0.0,0,0.0,0,2306.6,47,0.0,0,0.0,0,0.0,0,0.0,0
2012-10-17T09:16:56.500,2306.4,6288,2306.2,37,0.0,0,0.0,0,0.0,0,0.0,0,2306.4,7,0.0,0,0.0,0,0.0,0,0.0,0
2012-10-17T09:16:57.000,2306.4,6299,2306.4,1,0.0,0,0.0,0,0.0,0,0.0,0,2306.6,47,0.0,0,0.0,0,0.0,0,0.0,0
2012-10-17T09:16:57.500,2306.6,6300,2306.4,18,0.0,0,0.0,0,0.0,0,0.0,0,2306.6,51,0.0,0,0.0,0,0.0,0,0.0,0
2012-10-17T09:16:58.000,2306.4,6310,2306.4,12,0.0,0,0.0,0,0.0,0,0.0,0,2306.6,48,0.0,0,0.0,0,0.0,0,0.0,0
2012-10-17T09:16:58.500,2306.2,6328,2306.2,36,0.0,0,0.0,0,0.0,0,0.0,0,2306.6,43,0.0,0,0.0,0,0.0,0,0.0,0
2012-10-17T09:16:59.000,2306.6,6362,2306.2,37,0.0,0,0.0,0,0.0,0,0.0,0,2306.6,25,0.0,0,0.0,0,0.0,0,0.0,0
2012-10-17T09:16:59.500,2306.4,6373,2306.4,1,0.0,0,0.0,0,0.0,0,0.0,0,2306.6,24,0.0,0,0.0,0,0.0,0,0.0,0
2012-10-17T09:17:00.000,2306.4,6380,2306.4,3,0.0,0,0.0,0,0.0,0,0.0,0,2306.6,22,0.0,0,0.0,0,0.0,0,0.0,0
2012-10-17T09:17:00.500,2306.6,6398,2306.4,7,0.0,0,0.0,0,0.0,0,0.0,0,2306.6,34,0.0,0,0.0,0,0.0,0,0.0,0
2012-10-17T09:17:01.000,2306.4,6414,2306.4,7,0.0,0,0.0,0,0.0,0,0.0,0,2306.6,31,0.0,0,0.0,0,0.0,0,0.0,0
2012-10-17T09:17:01.500,2306.2,6434,2306.2,24,0.0,0,0.0,0,0.0,0,0.0,0,2306.4,3,0.0,0,0.0,0,0.0,0,0.0,0
2012-10-17T09:17:02.000,2306.6,6476,2306.4,14,0.0,0,0.0,0,0.0,0,0.0,0,2306.8,34,0.0,0,0.0,0,0.0,0,0.0,0
2012-10-17T09:17:02.500,2306.6,6481,2306.6,3,0.0,0,0.0,0,0.0,0,0.0,0,2306.8,32,0.0,0,0.0,0,0.0,0,0.0,0
2012-10-17T09:17:03.000,2306.6,6505,2306.6,17,0.0,0,0.0,0,0.0,0,0.0,0,2306.8,16,0.0,0,0.0,0,0.0,0,0.0,0
2012-10-17T09:17:03.500,2306.6,6541,2306.6,11,0.0,0,0.0,0,0.0,0,0.0,0,2306.8,1,0.0,0,0.0,0,0.0,0,0.0,0
2012-10-17T09:17:04.000,2307,6581,2307,15,0.0,0,0.0,0,0.0,0,0.0,0,2307.2,10,0.0,0,0.0,0,0.0,0,0.0,0
2012-10-17T09:17:04.500,2307.2,6595,2307,4,0.0,0,0.0,0,0.0,0,0.0,0,2307.2,8,0.0,0,0.0,0,0.0,0,0.0,0
2012-10-17T09:17:05.000,2307.2,6608,2307.2,2,0.0,0,0.0,0,0.0,0,0.0,0,2307.4,14,0.0,0,0.0,0,0.0,0,0.0,0
2012-10-17T09:17:05.500,2307,6618,2307,14,0.0,0,0.0,0,0.0,0,0.0,0,2307.2,12,0.0,0,0.0,0,0.0,0,0.0,0
2012-10-17T09:17:06.000,2307.2,6633,2307,16,0.0,0,0.0,0,0.0,0,0.0,0,2307.2,9,0.0,0,0.0,0,0.0,0,0.0,0
2012-10-17T09:17:06.500,2307,6657,2306.8,17,0.0,0,0.0,0,0.0,0,0.0,0,2307,1,0.0,0,0.0,0,0.0,0,0.0,0
2012-10-17T09:17:07.000,2307.4,6668,2307.2,1,0.0,0,0.0,0,0.0,0,0.0,0,2307.4,7,0.0,0,0.0,0,0.0,0,0.0,0
2012-10-17T09:17:07.500,2307,6673,2306.8,15,0.0,0,0.0,0,0.0,0,0.0,0,2307.4,8,0.0,0,0.0,0,0.0,0,0.0,0
2012-10-17T09:17:08.000,2307.4,6678,2306.8,14,0.0,0,0.0,0,0.0,0,0.0,0,2307.4,6,0.0,0,0.0,0,0.0,0,0.0,0
2012-10-17T09:17:08.500,2307.4,6687,2307.4,1,0.0,0,0.0,0,0.0,0,0.0,0,2307.6,15,0.0,0,0.0,0,0.0,0,0.0,0
2012-10-17T09:17:09.000,2307.4,6697,2307.2,2,0.0,0,0.0,0,0.0,0,0.0,0,2307.6,15,0.0,0,0.0,0,0.0,0,0.0,0
2012-10-17T09:17:09.500,2307.6,6714,2307.2,2,0.0,0,0.0,0,0.0,0,0.0,0,2307.6,4,0.0,0,0.0,0,0.0,0,0.0,0
2012-10-17T09:17:10.000,2307.2,6723,2307,14,0.0,0,0.0,0,0.0,0,0.0,0,2307.2,13,0.0,0,0.0,0,0.0,0,0.0,0
2012-10-17T09:17:10.500,2307.2,6733,2307,15,0.0,0,0.0,0,0.0,0,0.0,0,2307.2,6,0.0,0,0.0,0,0.0,0,0.0,0
2012-10-17T09:17:11.000,2307.4,6740,2307,14,0.0,0,0.0,0,0.0,0,0.0,0,2307.6,7,0.0,0,0.0,0,0.0,0,0.0,0
2012-10-17T09:17:11.500,2307,6741,2307.2,2,0.0,0,0.0,0,0.0,0,0.0,0,2307.6,10,0.0,0,0.0,0,0.0,0,0.0,0
2012-10-17T09:17:12.250,2307.4,6744,2307.2,23,0.0,0,0.0,0,0.0,0,0.0,0,2307.4,1,0.0,0,0.0,0,0.0,0,0.0,0
2012-10-17T09:17:13.000,2307.4,6757,2307.4,6,0.0,0,0.0,0,0.0,0,0.0,0,2307.6,15,0.0,0,0.0,0,0.0,0,0.0,0
2012-10-17T09:17:13.500,2307.6,6763,2307.4,3,0.0,0,0.0,0,0.0,0,0.0,0,2307.6,14,0.0,0,0.0,0,0.0,0,0.0,0
2012-10-17T09:17:14.000,2307.4,6765,2307.4,1,0.0,0,0.0,0,0.0,0,0.0,0,2307.6,14,0.0,0,0.0,0,0.0,0,0.0,0
2012-10-17T09:17:14.500,2307.6,6770,2307.4,3,0.0,0,0.0,0,0.0,0,0.0,0,2307.6,13,0.0,0,0.0,0,0.0,0,0.0,0
2012-10-17T09:17:15.000,2307.6,6771,2307.4,6,0.0,0,0.0,0,0.0,0,0.0,0,2307.6,12,0.0,0,0.0,0,0.0,0,0.0,0
2012-10-17T09:17:15.500,2307.6,6772,2307.4,7,0.0,0,0.0,0,0.0,0,0.0,0,2307.6,11,0.0,0,0.0,0,0.0,0,0.0,0
2012-10-17T09:17:16.000,2307.4,6784,2307.4,6,0.0,0,0.0,0,0.0,0,0.0,0,2307.6,1,0.0,0,0.0,0,0.0,0,0.0,0
2012-10-17T09:17:16.500,2307.4,6787,2307.4,6,0.0,0,0.0,0,0.0,0,0.0,0,2307.6,1,0.0,0,0.0,0,0.0,0,0.0,0
2012-10-17T09:17:17.000,2307.6,6796,2307.4,10,0.0,0,0.0,0,0.0,0,0.0,0,2307.6,7,0.0,0,0.0,0,0.0,0,0.0,0
2012-10-17T09:17:17.500,2307.6,6804,2307.6,10,0.0,0,0.0,0,0.0,0,0.0,0,2307.8,36,0.0,0,0.0,0,0.0,0,0.0,0
2012-10-17T09:17:18.000,2307.6,6806,2307.6,9,0.0,0,0.0,0,0.0,0,0.0,0,2307.8,36,0.0,0,0.0,0,0.0,0,0.0,0
2012-10-17T09:17:18.500,2307.6,6812,2307.6,7,0.0,0,0.0,0,0.0,0,0.0,0,2307.8,33,0.0,0,0.0,0,0.0,0,0.0,0
2012-10-17T09:17:19.000,2307.6,6828,2307.6,7,0.0,0,0.0,0,0.0,0,0.0,0,2307.8,18,0.0,0,0.0,0,0.0,0,0.0,0
2012-10-17T09:17:19.500,2307.8,6836,2307.6,2,0.0,0,0.0,0,0.0,0,0.0,0,2307.8,16,0.0,0,0.0,0,0.0,0,0.0,0
2012-10-17T09:17:20.000,2307.6,6847,2307.4,10,0.0,0,0.0,0,0.0,0,0.0,0,2307.6,89,0.0,0,0.0,0,0.0,0,0.0,0
2012-10-17T09:17:20.500,2307.6,6877,2307.2,8,0.0,0,0.0,0,0.0,0,0.0,0,2307.6,83,0.0,0,0.0,0,0.0,0,0.0,0
2012-10-17T09:17:21.000,2307.4,6885,2307.2,9,0.0,0,0.0,0,0.0,0,0.0,0,2307.4,5,0.0,0,0.0,0,0.0,0,0.0,0
2012-10-17T09:17:21.500,2307.4,6889,2307.2,7,0.0,0,0.0,0,0.0,0,0.0,0,2307.4,3,0.0,0,0.0,0,0.0,0,0.0,0
2012-10-17T09:17:22.000,2307.2,6891,2307.2,6,0.0,0,0.0,0,0.0,0,0.0,0,2307.4,2,0.0,0,0.0,0,0.0,0,0.0,0
2012-10-17T09:17:22.500,2307.6,6906,2307.4,12,0.0,0,0.0,0,0.0,0,0.0,0,2307.6,82,0.0,0,0.0,0,0.0,0,0.0,0
2012-10-17T09:17:23.000,2307.6,6909,2307.4,13,0.0,0,0.0,0,0.0,0,0.0,0,2307.6,91,0.0,0,0.0,0,0.0,0,0.0,0
2012-10-17T09:17:23.500,2307.4,6910,2307.4,14,0.0,0,0.0,0,0.0,0,0.0,0,2307.6,81,0.0,0,0.0,0,0.0,0,0.0,0
2012-10-17T09:17:24.000,2307.4,6920,2307.4,9,0.0,0,0.0,0,0.0,0,0.0,0,2307.6,81,0.0,0,0.0,0,0.0,0,0.0,0
2012-10-17T09:17:24.500,2307.6,6940,2307,28,0.0,0,0.0,0,0.0,0,0.0,0,2307.6,75,0.0,0,0.0,0,0.0,0,0.0,0
2012-10-17T09:17:25.000,2307.4,6946,2307.2,9,0.0,0,0.0,0,0.0,0,0.0,0,2307.4,24,0.0,0,0.0,0,0.0,0,0.0,0
2012-10-17T09:17:25.500,2307.2,6956,2307.2,3,0.0,0,0.0,0,0.0,0,0.0,0,2307.4,21,0.0,0,0.0,0,0.0,0,0.0,0
2012-10-17T09:17:26.000,2307.4,6984,2307.4,19,0.0,0,0.0,0,0.0,0,0.0,0,2307.6,78,0.0,0,0.0,0,0.0,0,0.0,0
2012-10-17T09:17:26.500,2307.4,6990,2307.4,14,0.0,0,0.0,0,0.0,0,0.0,0,2307.6,78,0.0,0,0.0,0,0.0,0,0.0,0
2012-10-17T09:17:27.000,2307.4,7008,2307.4,89,0.0,0,0.0,0,0.0,0,0.0,0,2307.6,65,0.0,0,0.0,0,0.0,0,0.0,0
2012-10-17T09:17:27.500,2307.6,7027,2307.4,86,0.0,0,0.0,0,0.0,0,0.0,0,2307.6,49,0.0,0,0.0,0,0.0,0,0.0,0
2012-10-17T09:17:28.000,2307.6,7064,2307.4,85,0.0,0,0.0,0,0.0,0,0.0,0,2307.6,12,0.0,0,0.0,0,0.0,0,0.0,0
2012-10-17T09:17:28.500,2307.4,7074,2307.4,83,0.0,0,0.0,0,0.0,0,0.0,0,2307.6,5,0.0,0,0.0,0,0.0,0,0.0,0
2012-10-17T09:17:29.000,2307.6,7108,2307.4,83,0.0,0,0.0,0,0.0,0,0.0,0,2307.6,1,0.0,0,0.0,0,0.0,0,0.0,0
2012-10-17T09:17:29.500,2307.6,7109,2307.6,13,0.0,0,0.0,0,0.0,0,0.0,0,2308,11,0.0,0,0.0,0,0.0,0,0.0,0
2012-10-17T09:17:30.000,2307.6,7113,2307.6,14,0.0,0,0.0,0,0.0,0,0.0,0,2308,10,0.0,0,0.0,0,0.0,0,0.0,0
2012-10-17T09:17:30.500,2308,7119,2307.6,9,0.0,0,0.0,0,0.0,0,0.0,0,2308,12,0.0,0,0.0,0,0.0,0,0.0,0
2012-10-17T09:17:31.000,2308,7124,2307.8,1,0.0,0,0.0,0,0.0,0,0.0,0,2308,7,0.0,0,0.0,0,0.0,0,0.0,0
2012-10-17T09:17:31.500,2308,7126,2307.6,14,0.0,0,0.0,0,0.0,0,0.0,0,2308,6,0.0,0,0.0,0,0.0,0,0.0,0
2012-10-17T09:17:32.000,2307.6,7128,2307.8,3,0.0,0,0.0,0,0.0,0,0.0,0,2308,6,0.0,0,0.0,0,0.0,0,0.0,0
2012-10-17T09:17:32.500,2308,7133,2307.8,3,0.0,0,0.0,0,0.0,0,0.0,0,2308,1,0.0,0,0.0,0,0.0,0,0.0,0
2012-10-17T09:17:33.000,2308,7135,2308,7,0.0,0,0.0,0,0.0,0,0.0,0,2308.2,44,0.0,0,0.0,0,0.0,0,0.0,0
2012-10-17T09:17:33.500,2308,7137,2308,6,0.0,0,0.0,0,0.0,0,0.0,0,2308.2,44,0.0,0,0.0,0,0.0,0,0.0,0
2012-10-17T09:17:34.000,2308,7143,2307.8,6,0.0,0,0.0,0,0.0,0,0.0,0,2308,6,0.0,0,0.0,0,0.0,0,0.0,0
2012-10-17T09:17:34.500,2307.8,7156,2307.8,5,0.0,0,0.0,0,0.0,0,0.0,0,2308.2,41,0.0,0,0.0,0,0.0,0,0.0,0
2012-10-17T09:17:35.000,2307.8,7169,2307.6,39,0.0,0,0.0,0,0.0,0,0.0,0,2307.8,90,0.0,0,0.0,0,0.0,0,0.0,0
2012-10-17T09:17:35.500,2307.6,7204,2307.6,4,0.0,0,0.0,0,0.0,0,0.0,0,2307.8,90,0.0,0,0.0,0,0.0,0,0.0,0
2012-10-17T09:17:36.000,2307.4,7212,2307.4,10,0.0,0,0.0,0,0.0,0,0.0,0,2307.6,12,0.0,0,0.0,0,0.0,0,0.0,0
2012-10-17T09:17:36.500,2307.4,7229,2307.2,13,0.0,0,0.0,0,0.0,0,0.0,0,2307.4,15,0.0,0,0.0,0,0.0,0,0.0,0
2012-10-17T09:17:37.000,2307.4,7238,2307.2,7,0.0,0,0.0,0,0.0,0,0.0,0,2307.4,14,0.0,0,0.0,0,0.0,0,0.0,0
2012-10-17T09:17:37.500,2307.2,7243,2307.2,3,0.0,0,0.0,0,0.0,0,0.0,0,2307.4,13,0.0,0,0.0,0,0.0,0,0.0,0
2012-10-17T09:17:38.000,2307.4,7259,2307,70,0.0,0,0.0,0,0.0,0,0.0,0,2307.6,18,0.0,0,0.0,0,0.0,0,0.0,0
2012-10-17T09:17:38.500,2307.2,7263,2307.2,13,0.0,0,0.0,0,0.0,0,0.0,0,2307.4,1,0.0,0,0.0,0,0.0,0,0.0,0
2012-10-17T09:17:39.000,2307.4,7264,2307.4,1,0.0,0,0.0,0,0.0,0,0.0,0,2307.6,15,0.0,0,0.0,0,0.0,0,0.0,0
2012-10-17T09:17:39.500,2307.4,7278,2307.2,2,0.0,0,0.0,0,0.0,0,0.0,0,2307.6,4,0.0,0,0.0,0,0.0,0,0.0,0
2012-10-17T09:17:40.250,2307.6,7282,2307.2,6,0.0,0,0.0,0,0.0,0,0.0,0,2307.6,7,0.0,0,0.0,0,0.0,0,0.0,0
2012-10-17T09:17:41.000,2307.2,7293,2307.4,8,0.0,0,0.0,0,0.0,0,0.0,0,2307.6,2,0.0,0,0.0,0,0.0,0,0.0,0
2012-10-17T09:17:41.500,2307.2,7295,2307.4,83,0.0,0,0.0,0,0.0,0,0.0,0,2307.6,2,0.0,0,0.0,0,0.0,0,0.0,0
2012-10-17T09:17:42.000,2307.4,7313,2307.4,82,0.0,0,0.0,0,0.0,0,0.0,0,2307.6,7,0.0,0,0.0,0,0.0,0,0.0,0
2012-10-17T09:17:42.500,2307.8,7342,2307.4,65,0.0,0,0.0,0,0.0,0,0.0,0,2307.8,79,0.0,0,0.0,0,0.0,0,0.0,0
2012-10-17T09:17:43.000,2307.8,7355,2307.6,1,0.0,0,0.0,0,0.0,0,0.0,0,2307.8,77,0.0,0,0.0,0,0.0,0,0.0,0
2012-10-17T09:17:43.500,2307.8,7358,2307.6,1,0.0,0,0.0,0,0.0,0,0.0,0,2307.8,74,0.0,0,0.0,0,0.0,0,0.0,0
2012-10-17T09:17:44.000,2307.8,7364,2307.4,47,0.0,0,0.0,0,0.0,0,0.0,0,2307.8,73,0.0,0,0.0,0,0.0,0,0.0,0
2012-10-17T09:17:44.500,2307.4,7366,2307.4,46,0.0,0,0.0,0,0.0,0,0.0,0,2307.8,76,0.0,0,0.0,0,0.0,0,0.0,0
2012-10-17T09:17:45.000,2307.4,7377,2307.4,36,0.0,0,0.0,0,0.0,0,0.0,0,2307.8,75,0.0,0,0.0,0,0.0,0,0.0,0
2012-10-17T09:17:45.500,2307.4,7382,2307.4,35,0.0,0,0.0,0,0.0,0,0.0,0,2307.6,24,0.0,0,0.0,0,0.0,0,0.0,0
2012-10-17T09:17:46.000,2307.4,7399,2307.4,18,0.0,0,0.0,0,0.0,0,0.0,0,2307.6,26,0.0,0,0.0,0,0.0,0,0.0,0
2012-10-17T09:17:46.500,2307.6,7402,2307.4,17,0.0,0,0.0,0,0.0,0,0.0,0,2307.6,30,0.0,0,0.0,0,0.0,0,0.0,0
2012-10-17T09:17:47.000,2307.4,7417,2307.4,10,0.0,0,0.0,0,0.0,0,0.0,0,2307.6,44,0.0,0,0.0,0,0.0,0,0.0,0
2012-10-17T09:17:47.500,2307.6,7430,2307.2,12,0.0,0,0.0,0,0.0,0,0.0,0,2307.6,45,0.0,0,0.0,0,0.0,0,0.0,0
2012-10-17T09:17:48.000,2307.6,7431,2307.2,13,0.0,0,0.0,0,0.0,0,0.0,0,2307.4,13,0.0,0,0.0,0,0.0,0,0.0,0
2012-10-17T09:17:48.500,2307.4,7434,2307.2,13,0.0,0,0.0,0,0.0,0,0.0,0,2307.4,38,0.0,0,0.0,0,0.0,0,0.0,0
2012-10-17T09:17:49.000,2307.2,7461,2307,65,0.0,0,0.0,0,0.0,0,0.0,0,2307.2,14,0.0,0,0.0,0,0.0,0,0.0,0
2012-10-17T09:17:49.500,2307.2,7487,2307,65,0.0,0,0.0,0,0.0,0,0.0,0,2307.2,4,0.0,0,0.0,0,0.0,0,0.0,0
2012-10-17T09:17:50.000,2307.2,7496,2307,59,0.0,0,0.0,0,0.0,0,0.0,0,2307.2,6,0.0,0,0.0,0,0.0,0,0.0,0
2012-10-17T09:17:50.500,2307.2,7504,2307,58,0.0,0,0.0,0,0.0,0,0.0,0,2307.2,2,0.0,0,0.0,0,0.0,0,0.0,0
2012-10-17T09:17:51.000,2307,7507,2307.2,1,0.0,0,0.0,0,0.0,0,0.0,0,2307.4,5,0.0,0,0.0,0,0.0,0,0.0,0
2012-10-17T09:17:51.500,2307.6,7518,2307.2,27,0.0,0,0.0,0,0.0,0,0.0,0,2307.6,17,0.0,0,0.0,0,0.0,0,0.0,0
2012-10-17T09:17:52.250,2307.2,7530,2307.2,25,0.0,0,0.0,0,0.0,0,0.0,0,2307.6,23,0.0,0,0.0,0,0.0,0,0.0,0
2012-10-17T09:17:53.000,2307.2,7531,2307.2,26,0.0,0,0.0,0,0.0,0,0.0,0,2307.6,39,0.0,0,0.0,0,0.0,0,0.0,0
2012-10-17T09:17:53.500,2307.4,7534,2307.4,12,0.0,0,0.0,0,0.0,0,0.0,0,2307.6,39,0.0,0,0.0,0,0.0,0,0.0,0
2012-10-17T09:17:54.250,2307.4,7543,2307.4,7,0.0,0,0.0,0,0.0,0,0.0,0,2307.6,36,0.0,0,0.0,0,0.0,0,0.0,0
2012-10-17T09:17:55.000,2307.4,7550,2307.2,13,0.0,0,0.0,0,0.0,0,0.0,0,2307.4,5,0.0,0,0.0,0,0.0,0,0.0,0
2012-10-17T09:17:55.500,2307.4,7557,2307.2,13,0.0,0,0.0,0,0.0,0,0.0,0,2307.4,19,0.0,0,0.0,0,0.0,0,0.0,0
2012-10-17T09:17:56.000,2307.4,7567,2307.2,10,0.0,0,0.0,0,0.0,0,0.0,0,2307.4,25,0.0,0,0.0,0,0.0,0,0.0,0
2012-10-17T09:17:56.500,2307.2,7568,2307.2,9,0.0,0,0.0,0,0.0,0,0.0,0,2307.4,25,0.0,0,0.0,0,0.0,0,0.0,0
2012-10-17T09:17:57.000,2307.2,7575,2307.2,3,0.0,0,0.0,0,0.0,0,0.0,0,2307.4,24,0.0,0,0.0,0,0.0,0,0.0,0
2012-10-17T09:17:57.500,2307.2,7578,2307.2,1,0.0,0,0.0,0,0.0,0,0.0,0,2307.4,23,0.0,0,0.0,0,0.0,0,0.0,0
2012-10-17T09:17:58.000,2307.2,7580,2307,62,0.0,0,0.0,0,0.0,0,0.0,0,2307.2,24,0.0,0,0.0,0,0.0,0,0.0,0
2012-10-17T09:17:58.500,2307,7583,2307,60,0.0,0,0.0,0,0.0,0,0.0,0,2307.2,25,0.0,0,0.0,0,0.0,0,0.0,0
2012-10-17T09:17:59.000,2307,7613,2307,31,0.0,0,0.0,0,0.0,0,0.0,0,2307.2,25,0.0,0,0.0,0,0.0,0,0.0,0
2012-10-17T09:17:59.500,2307.2,7617,2307,32,0.0,0,0.0,0,0.0,0,0.0,0,2307.2,22,0.0,0,0.0,0,0.0,0,0.0,0
2012-10-17T09:18:00.000,2307.2,7623,2307,31,0.0,0,0.0,0,0.0,0,0.0,0,2307.2,20,0.0,0,0.0,0,0.0,0,0.0,0
2012-10-17T09:18:00.500,2307.2,7630,2307,26,0.0,0,0.0,0,0.0,0,0.0,0,2307.2,18,0.0,0,0.0,0,0.0,0,0.0,0
2012-10-17T09:18:01.000,2307,7647,2307,12,0.0,0,0.0,0,0.0,0,0.0,0,2307.2,15,0.0,0,0.0,0,0.0,0,0.0,0
2012-10-17T09:18:01.500,2307.4,7681,2307.2,1,0.0,0,0.0,0,0.0,0,0.0,0,2307.4,1,0.0,0,0.0,0,0.0,0,0.0,0
2012-10-17T09:18:02.000,2307.4,7684,2307.4,5,0.0,0,0.0,0,0.0,0,0.0,0,2307.6,25,0.0,0,0.0,0,0.0,0,0.0,0
2012-10-17T09:18:02.500,2307.4,7688,2307.4,6,0.0,0,0.0,0,0.0,0,0.0,0,2307.6,23,0.0,0,0.0,0,0.0,0,0.0,0
2012-10-17T09:18:03.000,2307.2,7700,2307.2,1,0.0,0,0.0,0,0.0,0,0.0,0,2307.4,7,0.0,0,0.0,0,0.0,0,0.0,0
2012-10-17T09:18:03.500,2307,7702,2307,10,0.0,0,0.0,0,0.0,0,0.0,0,2307.2,5,0.0,0,0.0,0,0.0,0,0.0,0
2012-10-17T09:18:04.000,2307,7704,2307,9,0.0,0,0.0,0,0.0,0,0.0,0,2307.2,4,0.0,0,0.0,0,0.0,0,0.0,0
2012-10-17T09:18:04.500,2307.2,7707,2307,7,0.0,0,0.0,0,0.0,0,0.0,0,2307.2,3,0.0,0,0.0,0,0.0,0,0.0,0
2012-10-17T09:18:05.000,2307,7715,2306.8,42,0.0,0,0.0,0,0.0,0,0.0,0,2307,2,0.0,0,0.0,0,0.0,0,0.0,0
2012-10-17T09:18:05.500,2307.2,7719,2306.8,41,0.0,0,0.0,0,0.0,0,0.0,0,2307.2,3,0.0,0,0.0,0,0.0,0,0.0,0
2012-10-17T09:18:06.000,2307.2,7724,2307.2,2,0.0,0,0.0,0,0.0,0,0.0,0,2307.4,10,0.0,0,0.0,0,0.0,0,0.0,0
2012-10-17T09:18:06.500,2307.2,7726,2307.2,3,0.0,0,0.0,0,0.0,0,0.0,0,2307.4,10,0.0,0,0.0,0,0.0,0,0.0,0
2012-10-17T09:18:07.250,2307.2,7728,2307.2,3,0.0,0,0.0,0,0.0,0,0.0,0,2307.4,9,0.0,0,0.0,0,0.0,0,0.0,0
2012-10-17T09:18:08.000,2307,7733,2307,6,0.0,0,0.0,0,0.0,0,0.0,0,2307.2,15,0.0,0,0.0,0,0.0,0,0.0,0
2012-10-17T09:18:08.500,2307,7735,2307,4,0.0,0,0.0,0,0.0,0,0.0,0,2307.2,15,0.0,0,0.0,0,0.0,0,0.0,0
2012-10-17T09:18:09.000,2307,7738,2307,1,0.0,0,0.0,0,0.0,0,0.0,0,2307.2,17,0.0,0,0.0,0,0.0,0,0.0,0
2012-10-17T09:18:09.500,2307.2,7744,2306.8,41,0.0,0,0.0,0,0.0,0,0.0,0,2307.2,14,0.0,0,0.0,0,0.0,0,0.0,0
2012-10-17T09:18:10.250,2307,7749,2306.8,40,0.0,0,0.0,0,0.0,0,0.0,0,2307,17,0.0,0,0.0,0,0.0,0,0.0,0
2012-10-17T09:18:11.000,2306.8,7752,2306.8,37,0.0,0,0.0,0,0.0,0,0.0,0,2307,18,0.0,0,0.0,0,0.0,0,0.0,0
2012-10-17T09:18:11.500,2306.8,7769,2306.8,37,0.0,0,0.0,0,0.0,0,0.0,0,2307,6,0.0,0,0.0,0,0.0,0,0.0,0
2012-10-17T09:18:12.000,2307,7787,2307,28,0.0,0,0.0,0,0.0,0,0.0,0,2307.2,16,0.0,0,0.0,0,0.0,0,0.0,0
2012-10-17T09:18:12.500,2307,7800,2307,24,0.0,0,0.0,0,0.0,0,0.0,0,2307.2,10,0.0,0,0.0,0,0.0,0,0.0,0
2012-10-17T09:18:13.000,2307.2,7811,2307,19,0.0,0,0.0,0,0.0,0,0.0,0,2307.2,10,0.0,0,0.0,0,0.0,0,0.0,0
2012-10-17T09:18:13.500,2307.2,7817,2307,19,0.0,0,0.0,0,0.0,0,0.0,0,2307.2,6,0.0,0,0.0,0,0.0,0,0.0,0
2012-10-17T09:18:14.250,2307,7844,2307,17,0.0,0,0.0,0,0.0,0,0.0,0,2307.2,1,0.0,0,0.0,0,0.0,0,0.0,0
2012-10-17T09:18:15.000,2307,7855,2307.2,1,0.0,0,0.0,0,0.0,0,0.0,0,2307.4,26,0.0,0,0.0,0,0.0,0,0.0,0
2012-10-17T09:18:15.500,2307,7866,2307,6,0.0,0,0.0,0,0.0,0,0.0,0,2307.4,22,0.0,0,0.0,0,0.0,0,0.0,0
2012-10-17T09:18:16.250,2307.2,7868,2307,6,0.0,0,0.0,0,0.0,0,0.0,0,2307.2,8,0.0,0,0.0,0,0.0,0,0.0,0
2012-10-17T09:18:17.000,2307,7875,2306.8,25,0.0,0,0.0,0,0.0,0,0.0,0,2307,6,0.0,0,0.0,0,0.0,0,0.0,0
2012-10-17T09:18:17.500,2307,7893,2306.8,15,0.0,0,0.0,0,0.0,0,0.0,0,2307.2,8,0.0,0,0.0,0,0.0,0,0.0,0
2012-10-17T09:18:18.000,2306.8,7897,2306.8,13,0.0,0,0.0,0,0.0,0,0.0,0,2307.2,7,0.0,0,0.0,0,0.0,0,0.0,0
2012-10-17T09:18:18.500,2307,7901,2306.8,13,0.0,0,0.0,0,0.0,0,0.0,0,2307,11,0.0,0,0.0,0,0.0,0,0.0,0
2012-10-17T09:18:19.000,2306.6,7920,2306.6,30,0.0,0,0.0,0,0.0,0,0.0,0,2307,10,0.0,0,0.0,0,0.0,0,0.0,0
2012-10-17T09:18:19.500,2306.8,7924,2306.8,1,0.0,0,0.0,0,0.0,0,0.0,0,2307,11,0.0,0,0.0,0,0.0,0,0.0,0
2012-10-17T09:18:20.000,2307,7927,2306.6,30,0.0,0,0.0,0,0.0,0,0.0,0,2306.8,7,0.0,0,0.0,0,0.0,0,0.0,0
2012-10-17T09:18:20.500,2306.6,7928,2306.6,29,0.0,0,0.0,0,0.0,0,0.0,0,2306.8,22,0.0,0,0.0,0,0.0,0,0.0,0
2012-10-17T09:18:21.250,2306.8,7953,2306.6,20,0.0,0,0.0,0,0.0,0,0.0,0,2306.8,7,0.0,0,0.0,0,0.0,0,0.0,0
2012-10-17T09:18:22.000,2306.6,7984,2306.4,12,0.0,0,0.0,0,0.0,0,0.0,0,2306.6,2,0.0,0,0.0,0,0.0,0,0.0,0
2012-10-17T09:18:22.500,2306.4,7986,2306.4,11,0.0,0,0.0,0,0.0,0,0.0,0,2306.6,1,0.0,0,0.0,0,0.0,0,0.0,0
2012-10-17T09:18:23.000,2306.4,8005,2306.2,32,0.0,0,0.0,0,0.0,0,0.0,0,2306.4,10,0.0,0,0.0,0,0.0,0,0.0,0
2012-10-17T09:18:23.500,2306.4,8031,2306.2,17,0.0,0,0.0,0,0.0,0,0.0,0,2306.4,6,0.0,0,0.0,0,0.0,0,0.0,0
2012-10-17T09:18:24.000,2306.4,8038,2306.2,12,0.0,0,0.0,0,0.0,0,0.0,0,2306.4,10,0.0,0,0.0,0,0.0,0,0.0,0
2012-10-17T09:18:24.500,2306.2,8052,2306,108,0.0,0,0.0,0,0.0,0,0.0,0,2306.2,3,0.0,0,0.0,0,0.0,0,0.0,0
2012-10-17T09:18:25.000,2306.2,8062,2306.2,3,0.0,0,0.0,0,0.0,0,0.0,0,2306.4,11,0.0,0,0.0,0,0.0,0,0.0,0
2012-10-17T09:18:25.500,2306.2,8082,2306.2,30,0.0,0,0.0,0,0.0,0,0.0,0,2306.4,5,0.0,0,0.0,0,0.0,0,0.0,0
2012-10-17T09:18:26.000,2306.2,8106,2306.2,28,0.0,0,0.0,0,0.0,0,0.0,0,2306.4,2,0.0,0,0.0,0,0.0,0,0.0,0
2012-10-17T09:18:26.500,2306.4,8117,2306.4,4,0.0,0,0.0,0,0.0,0,0.0,0,2306.8,1,0.0,0,0.0,0,0.0,0,0.0,0
2012-10-17T09:18:27.000,2306.2,8133,2306.2,18,0.0,0,0.0,0,0.0,0,0.0,0,2306.6,2,0.0,0,0.0,0,0.0,0,0.0,0
2012-10-17T09:18:27.500,2306.2,8140,2306.4,3,0.0,0,0.0,0,0.0,0,0.0,0,2306.6,2,0.0,0,0.0,0,0.0,0,0.0,0
2012-10-17T09:18:28.000,2306.2,8154,2306.2,6,0.0,0,0.0,0,0.0,0,0.0,0,2306.8,5,0.0,0,0.0,0,0.0,0,0.0,0
2012-10-17T09:18:28.500,2306.2,8156,2306.2,6,0.0,0,0.0,0,0.0,0,0.0,0,2306.4,1,0.0,0,0.0,0,0.0,0,0.0,0
2012-10-17T09:18:29.000,2306.4,8163,2306.2,5,0.0,0,0.0,0,0.0,0,0.0,0,2306.4,2,0.0,0,0.0,0,0.0,0,0.0,0
2012-10-17T09:18:29.500,2306.2,8168,2306.2,3,0.0,0,0.0,0,0.0,0,0.0,0,2306.4,4,0.0,0,0.0,0,0.0,0,0.0,0
2012-10-17T09:18:30.000,2306.2,8177,2306,106,0.0,0,0.0,0,0.0,0,0.0,0,2306.2,10,0.0,0,0.0,0,0.0,0,0.0,0
2012-10-17T09:18:30.500,2306.6,8190,2306.2,13,0.0,0,0.0,0,0.0,0,0.0,0,2306.4,1,0.0,0,0.0,0,0.0,0,0.0,0
2012-10-17T09:18:31.000,2306.4,8196,2306.2,13,0.0,0,0.0,0,0.0,0,0.0,0,2306.6,3,0.0,0,0.0,0,0.0,0,0.0,0
2012-10-17T09:18:31.500,2306.2,8201,2306.2,9,0.0,0,0.0,0,0.0,0,0.0,0,2306.4,2,0.0,0,0.0,0,0.0,0,0.0,0
2012-10-17T09:18:32.000,2306.2,8203,2306.2,10,0.0,0,0.0,0,0.0,0,0.0,0,2306.4,3,0.0,0,0.0,0,0.0,0,0.0,0
2012-10-17T09:18:32.500,2306.2,8209,2306.2,6,0.0,0,0.0,0,0.0,0,0.0,0,2306.4,2,0.0,0,0.0,0,0.0,0,0.0,0
2012-10-17T09:18:33.250,2306.2,8221,2306.2,26,0.0,0,0.0,0,0.0,0,0.0,0,2306.4,1,0.0,0,0.0,0,0.0,0,0.0,0
2012-10-17T09:18:34.000,2306.2,8244,2306.2,15,0.0,0,0.0,0,0.0,0,0.0,0,2306.8,10,0.0,0,0.0,0,0.0,0,0.0,0
2012-10-17T09:18:34.500,2306.2,8255,2306.4,37,0.0,0,0.0,0,0.0,0,0.0,0,2306.8,7,0.0,0,0.0,0,0.0,0,0.0,0
2012-10-17T09:18:35.000,2306.2,8256,2306.4,36,0.0,0,0.0,0,0.0,0,0.0,0,2306.6,1,0.0,0,0.0,0,0.0,0,0.0,0
2012-10-17T09:18:35.500,2306.4,8275,2306.4,19,0.0,0,0.0,0,0.0,0,0.0,0,2306.6,5,0.0,0,0.0,0,0.0,0,0.0,0
2012-10-17T09:18:36.000,2306.4,8289,2306.4,8,0.0,0,0.0,0,0.0,0,0.0,0,2306.6,2,0.0,0,0.0,0,0.0,0,0.0,0
2012-10-17T09:18:36.500,2306.6,8293,2306.4,6,0.0,0,0.0,0,0.0,0,0.0,0,2306.6,7,0.0,0,0.0,0,0.0,0,0.0,0
2012-10-17T09:18:37.000,2306.6,8306,2306.6,3,0.0,0,0.0,0,0.0,0,0.0,0,2306.8,5,0.0,0,0.0,0,0.0,0,0.0,0
2012-10-17T09:18:37.500,2306.4,8317,2306.2,23,0.0,0,0.0,0,0.0,0,0.0,0,2306.4,3,0.0,0,0.0,0,0.0,0,0.0,0
2012-10-17T09:18:38.000,2306.4,8325,2306.4,9,0.0,0,0.0,0,0.0,0,0.0,0,2306.6,3,0.0,0,0.0,0,0.0,0,0.0,0
2012-10-17T09:18:38.500,2306.6,8329,2306.6,2,0.0,0,0.0,0,0.0,0,0.0,0,2306.8,7,0.0,0,0.0,0,0.0,0,0.0,0
2012-10-17T09:18:39.000,2306.8,8333,2306.6,4,0.0,0,0.0,0,0.0,0,0.0,0,2306.8,4,0.0,0,0.0,0,0.0,0,0.0,0
2012-10-17T09:18:39.500,2306.8,8335,2306.6,3,0.0,0,0.0,0,0.0,0,0.0,0,2306.8,2,0.0,0,0.0,0,0.0,0,0.0,0
2012-10-17T09:18:40.000,2306.6,8337,2306.6,3,0.0,0,0.0,0,0.0,0,0.0,0,2306.8,3,0.0,0,0.0,0,0.0,0,0.0,0
2012-10-17T09:18:40.500,2306.6,8340,2306.4,5,0.0,0,0.0,0,0.0,0,0.0,0,2306.6,2,0.0,0,0.0,0,0.0,0,0.0,0
2012-10-17T09:18:41.250,2306.6,8342,2306.4,7,0.0,0,0.0,0,0.0,0,0.0,0,2306.6,1,0.0,0,0.0,0,0.0,0,0.0,0
2012-10-17T09:18:42.000,2306.6,8356,2306.6,1,0.0,0,0.0,0,0.0,0,0.0,0,2306.8,4,0.0,0,0.0,0,0.0,0,0.0,0
2012-10-17T09:18:42.500,2306.8,8357,2306.6,2,0.0,0,0.0,0,0.0,0,0.0,0,2306.8,3,0.0,0,0.0,0,0.0,0,0.0,0
2012-10-17T09:18:43.000,2306.4,8364,2306.2,30,0.0,0,0.0,0,0.0,0,0.0,0,2306.4,11,0.0,0,0.0,0,0.0,0,0.0,0
2012-10-17T09:18:43.500,2306.4,8376,2306.4,4,0.0,0,0.0,0,0.0,0,0.0,0,2306.8,2,0.0,0,0.0,0,0.0,0,0.0,0
2012-10-17T09:18:44.000,2306.8,8379,2306.4,5,0.0,0,0.0,0,0.0,0,0.0,0,2306.8,1,0.0,0,0.0,0,0.0,0,0.0,0
2012-10-17T09:18:44.500,2306.8,8383,2306.8,32,0.0,0,0.0,0,0.0,0,0.0,0,2307,19,0.0,0,0.0,0,0.0,0,0.0,0
2012-10-17T09:18:45.000,2306.8,8384,2306.8,31,0.0,0,0.0,0,0.0,0,0.0,0,2307,20,0.0,0,0.0,0,0.0,0,0.0,0
2012-10-17T09:18:45.500,2306.8,8388,2306.8,31,0.0,0,0.0,0,0.0,0,0.0,0,2307,18,0.0,0,0.0,0,0.0,0,0.0,0
2012-10-17T09:18:46.000,2307,8389,2306.8,33,0.0,0,0.0,0,0.0,0,0.0,0,2307,20,0.0,0,0.0,0,0.0,0,0.0,0
2012-10-17T09:18:46.500,2306.8,8395,2306.8,29,0.0,0,0.0,0,0.0,0,0.0,0,2307,17,0.0,0,0.0,0,0.0,0,0.0,0
2012-10-17T09:18:47.000,2306.8,8399,2306.8,27,0.0,0,0.0,0,0.0,0,0.0,0,2307,16,0.0,0,0.0,0,0.0,0,0.0,0
2012-10-17T09:18:47.500,2307,8405,2306.8,28,0.0,0,0.0,0,0.0,0,0.0,0,2307,10,0.0,0,0.0,0,0.0,0,0.0,0
2012-10-17T09:18:48.250,2307,8410,2306.8,29,0.0,0,0.0,0,0.0,0,0.0,0,2307,9,0.0,0,0.0,0,0.0,0,0.0,0
2012-10-17T09:18:49.000,2307,8414,2306.8,27,0.0,0,0.0,0,0.0,0,0.0,0,2307,8,0.0,0,0.0,0,0.0,0,0.0,0
2012-10-17T09:18:49.500,2306.8,8418,2306.8,26,0.0,0,0.0,0,0.0,0,0.0,0,2307,6,0.0,0,0.0,0,0.0,0,0.0,0
2012-10-17T09:18:50.000,2307,8422,2306.8,26,0.0,0,0.0,0,0.0,0,0.0,0,2307,3,0.0,0,0.0,0,0.0,0,0.0,0
2012-10-17T09:18:50.500,2307,8426,2306.8,25,0.0,0,0.0,0,0.0,0,0.0,0,2307.2,22,0.0,0,0.0,0,0.0,0,0.0,0
2012-10-17T09:18:51.250,2307.2,8448,2306.8,14,0.0,0,0.0,0,0.0,0,0.0,0,2307.2,12,0.0,0,0.0,0,0.0,0,0.0,0
2012-10-17T09:18:52.000,2307,8450,2306.8,14,0.0,0,0.0,0,0.0,0,0.0,0,2307,3,0.0,0,0.0,0,0.0,0,0.0,0
2012-10-17T09:18:52.500,2307,8451,2306.8,14,0.0,0,0.0,0,0.0,0,0.0,0,2307,4,0.0,0,0.0,0,0.0,0,0.0,0
2012-10-17T09:18:53.000,2307.2,8463,2306.8,16,0.0,0,0.0,0,0.0,0,0.0,0,2307.2,3,0.0,0,0.0,0,0.0,0,0.0,0
2012-10-17T09:18:53.500,2307,8465,2307,13,0.0,0,0.0,0,0.0,0,0.0,0,2307.2,2,0.0,0,0.0,0,0.0,0,0.0,0
2012-10-17T09:18:54.250,2307.2,8471,2307.2,35,0.0,0,0.0,0,0.0,0,0.0,0,2307.4,19,0.0,0,0.0,0,0.0,0,0.0,0
2012-10-17T09:18:55.000,2307.4,8474,2307.2,35,0.0,0,0.0,0,0.0,0,0.0,0,2307.4,17,0.0,0,0.0,0,0.0,0,0.0,0
2012-10-17T09:18:55.500,2307.6,8500,2307.4,34,0.0,0,0.0,0,0.0,0,0.0,0,2307.6,29,0.0,0,0.0,0,0.0,0,0.0,0
2012-10-17T09:18:56.000,2307.6,8504,2307.4,32,0.0,0,0.0,0,0.0,0,0.0,0,2307.6,26,0.0,0,0.0,0,0.0,0,0.0,0
2012-10-17T09:18:56.500,2307.6,8515,2307.4,28,0.0,0,0.0,0,0.0,0,0.0,0,2307.6,19,0.0,0,0.0,0,0.0,0,0.0,0
2012-10-17T09:18:57.000,2307.4,8534,2307.4,28,0.0,0,0.0,0,0.0,0,0.0,0,2307.6,5,0.0,0,0.0,0,0.0,0,0.0,0
2012-10-17T09:18:57.500,2307.8,8544,2307.4,26,0.0,0,0.0,0,0.0,0,0.0,0,2307.8,91,0.0,0,0.0,0,0.0,0,0.0,0
2012-10-17T09:18:58.000,2307.8,8554,2307.4,24,0.0,0,0.0,0,0.0,0,0.0,0,2307.8,84,0.0,0,0.0,0,0.0,0,0.0,0
2012-10-17T09:18:58.500,2307.6,8571,2307.4,22,0.0,0,0.0,0,0.0,0,0.0,0,2307.6,9,0.0,0,0.0,0,0.0,0,0.0,0
2012-10-17T09:18:59.000,2307.6,8591,2307.4,21,0.0,0,0.0,0,0.0,0,0.0,0,2307.6,2,0.0,0,0.0,0,0.0,0,0.0,0
2012-10-17T09:18:59.500,2307.6,8602,2307.4,20,0.0,0,0.0,0,0.0,0,0.0,0,2307.6,9,0.0,0,0.0,0,0.0,0,0.0,0
2012-10-17T09:19:00.000,2307.6,8610,2307.4,21,0.0,0,0.0,0,0.0,0,0.0,0,2307.6,1,0.0,0,0.0,0,0.0,0,0.0,0
2012-10-17T09:19:00.500,2307.6,8612,2307.4,22,0.0,0,0.0,0,0.0,0,0.0,0,2307.6,1,0.0,0,0.0,0,0.0,0,0.0,0
2012-10-17T09:19:01.000,2307.6,8616,2307.6,3,0.0,0,0.0,0,0.0,0,0.0,0,2307.8,65,0.0,0,0.0,0,0.0,0,0.0,0
2012-10-17T09:19:01.500,2307.6,8623,2307.4,21,0.0,0,0.0,0,0.0,0,0.0,0,2307.6,3,0.0,0,0.0,0,0.0,0,0.0,0
2012-10-17T09:19:02.000,2307.8,8630,2307.4,26,0.0,0,0.0,0,0.0,0,0.0,0,2307.6,3,0.0,0,0.0,0,0.0,0,0.0,0
2012-10-17T09:19:02.500,2307.6,8634,2307.6,15,0.0,0,0.0,0,0.0,0,0.0,0,2307.8,62,0.0,0,0.0,0,0.0,0,0.0,0
2012-10-17T09:19:03.000,2307.6,8648,2307.6,15,0.0,0,0.0,0,0.0,0,0.0,0,2307.8,52,0.0,0,0.0,0,0.0,0,0.0,0
2012-10-17T09:19:03.500,2307.8,8667,2307.6,15,0.0,0,0.0,0,0.0,0,0.0,0,2307.8,36,0.0,0,0.0,0,0.0,0,0.0,0
2012-10-17T09:19:04.000,2307.8,8670,2307.6,15,0.0,0,0.0,0,0.0,0,0.0,0,2307.8,33,0.0,0,0.0,0,0.0,0,0.0,0
2012-10-17T09:19:04.500,2308,8713,2307.8,15,0.0,0,0.0,0,0.0,0,0.0,0,2308,40,0.0,0,0.0,0,0.0,0,0.0,0
2012-10-17T09:19:05.000,2307.8,8722,2307.8,12,0.0,0,0.0,0,0.0,0,0.0,0,2308,36,0.0,0,0.0,0,0.0,0,0.0,0
2012-10-17T09:19:05.500,2308,8755,2307.8,15,0.0,0,0.0,0,0.0,0,0.0,0,2308,14,0.0,0,0.0,0,0.0,0,0.0,0
2012-10-17T09:19:06.000,2308,8771,2308,3,0.0,0,0.0,0,0.0,0,0.0,0,2308.2,29,0.0,0,0.0,0,0.0,0,0.0,0
2012-10-17T09:19:06.500,2308,8803,2308,10,0.0,0,0.0,0,0.0,0,0.0,0,2308.2,9,0.0,0,0.0,0,0.0,0,0.0,0
2012-10-17T09:19:07.000,2308.2,8814,2308.2,12,0.0,0,0.0,0,0.0,0,0.0,0,2308.4,21,0.0,0,0.0,0,0.0,0,0.0,0
2012-10-17T09:19:07.500,2308.4,8824,2308.2,17,0.0,0,0.0,0,0.0,0,0.0,0,2308.4,16,0.0,0,0.0,0,0.0,0,0.0,0
2012-10-17T09:19:08.000,2308.4,8857,2308.2,4,0.0,0,0.0,0,0.0,0,0.0,0,2308.6,9,0.0,0,0.0,0,0.0,0,0.0,0
2012-10-17T09:19:08.500,2308.6,8871,2308.6,2,0.0,0,0.0,0,0.0,0,0.0,0,2308.8,20,0.0,0,0.0,0,0.0,0,0.0,0
2012-10-17T09:19:09.000,2308.6,8908,2308.6,3,0.0,0,0.0,0,0.0,0,0.0,0,2308.8,14,0.0,0,0.0,0,0.0,0,0.0,0
2012-10-17T09:19:09.500,2308.8,8996,2308.8,12,0.0,0,0.0,0,0.0,0,0.0,0,2309.6,15,0.0,0,0.0,0,0.0,0,0.0,0
2012-10-17T09:19:10.000,2309,9010,2309,15,0.0,0,0.0,0,0.0,0,0.0,0,2309.4,8,0.0,0,0.0,0,0.0,0,0.0,0
2012-10-17T09:19:10.500,2309.6,9034,2309.4,24,0.0,0,0.0,0,0.0,0,0.0,0,2309.6,13,0.0,0,0.0,0,0.0,0,0.0,0
2012-10-17T09:19:11.000,2309.8,9054,2309.6,33,0.0,0,0.0,0,0.0,0,0.0,0,2309.8,97,0.0,0,0.0,0,0.0,0,0.0,0
2012-10-17T09:19:11.500,2310,9166,2309.6,19,0.0,0,0.0,0,0.0,0,0.0,0,2310,11,0.0,0,0.0,0,0.0,0,0.0,0
2012-10-17T09:19:12.000,2309.8,9195,2310.2,5,0.0,0,0.0,0,0.0,0,0.0,0,2310.6,17,0.0,0,0.0,0,0.0,0,0.0,0
2012-10-17T09:19:12.500,2310.8,9216,2310.6,51,0.0,0,0.0,0,0.0,0,0.0,0,2310.8,7,0.0,0,0.0,0,0.0,0,0.0,0
2012-10-17T09:19:13.000,2310.6,9275,2310.6,47,0.0,0,0.0,0,0.0,0,0.0,0,2310.8,1,0.0,0,0.0,0,0.0,0,0.0,0
2012-10-17T09:19:13.500,2311.4,9305,2311,2,0.0,0,0.0,0,0.0,0,0.0,0,2311.4,13,0.0,0,0.0,0,0.0,0,0.0,0
2012-10-17T09:19:14.000,2310.8,9348,2310.8,51,0.0,0,0.0,0,0.0,0,0.0,0,2311.6,9,0.0,0,0.0,0,0.0,0,0.0,0
2012-10-17T09:19:14.500,2311.4,9389,2311.4,4,0.0,0,0.0,0,0.0,0,0.0,0,2311.8,5,0.0,0,0.0,0,0.0,0,0.0,0
2012-10-17T09:19:15.000,2311.6,9450,2311.6,5,0.0,0,0.0,0,0.0,0,0.0,0,2311.8,11,0.0,0,0.0,0,0.0,0,0.0,0
2012-10-17T09:19:15.500,2311.8,9503,2311,19,0.0,0,0.0,0,0.0,0,0.0,0,2311.6,5,0.0,0,0.0,0,0.0,0,0.0,0
2012-10-17T09:19:16.000,2311.6,9551,2311.8,1,0.0,0,0.0,0,0.0,0,0.0,0,2312,20,0.0,0,0.0,0,0.0,0,0.0,0
2012-10-17T09:19:16.500,2311.6,9637,2311,3,0.0,0,0.0,0,0.0,0,0.0,0,2311.8,10,0.0,0,0.0,0,0.0,0,0.0,0
2012-10-17T09:19:17.000,2311.2,9685,2311,30,0.0,0,0.0,0,0.0,0,0.0,0,2311.8,6,0.0,0,0.0,0,0.0,0,0.0,0
2012-10-17T09:19:17.500,2311.6,9754,2311.2,48,0.0,0,0.0,0,0.0,0,0.0,0,2311.6,4,0.0,0,0.0,0,0.0,0,0.0,0
2012-10-17T09:19:18.000,2312,9816,2311.6,1,0.0,0,0.0,0,0.0,0,0.0,0,2312,9,0.0,0,0.0,0,0.0,0,0.0,0
2012-10-17T09:19:18.500,2312.4,9870,2311.8,19,0.0,0,0.0,0,0.0,0,0.0,0,2312.4,4,0.0,0,0.0,0,0.0,0,0.0,0
2012-10-17T09:19:19.000,2312.4,9897,2312.4,11,0.0,0,0.0,0,0.0,0,0.0,0,2312.6,5,0.0,0,0.0,0,0.0,0,0.0,0
2012-10-17T09:19:19.500,2312.6,9974,2312.6,26,0.0,0,0.0,0,0.0,0,0.0,0,2312.8,11,0.0,0,0.0,0,0.0,0,0.0,0
2012-10-17T09:19:20.000,2312.8,10079,2312.8,17,0.0,0,0.0,0,0.0,0,0.0,0,2313,45,0.0,0,0.0,0,0.0,0,0.0,0
2012-10-17T09:19:20.500,2313,10121,2312.8,12,0.0,0,0.0,0,0.0,0,0.0,0,2313,30,0.0,0,0.0,0,0.0,0,0.0,0
2012-10-17T09:19:21.000,2313.2,10189,2313,24,0.0,0,0.0,0,0.0,0,0.0,0,2313.4,18,0.0,0,0.0,0,0.0,0,0.0,0
2012-10-17T09:19:21.500,2313,10253,2312.8,18,0.0,0,0.0,0,0.0,0,0.0,0,2313,4,0.0,0,0.0,0,0.0,0,0.0,0
2012-10-17T09:19:22.000,2313.2,10307,2313,3,0.0,0,0.0,0,0.0,0,0.0,0,2313.2,11,0.0,0,0.0,0,0.0,0,0.0,0
2012-10-17T09:19:22.500,2312.6,10338,2312.4,2,0.0,0,0.0,0,0.0,0,0.0,0,2313,108,0.0,0,0.0,0,0.0,0,0.0,0
2012-10-17T09:19:23.000,2312.4,10425,2312.2,12,0.0,0,0.0,0,0.0,0,0.0,0,2312.6,1,0.0,0,0.0,0,0.0,0,0.0,0
2012-10-17T09:19:23.500,2312,10502,2312,25,0.0,0,0.0,0,0.0,0,0.0,0,2312.4,21,0.0,0,0.0,0,0.0,0,0.0,0
2012-10-17T09:19:24.000,2312.2,10535,2312,24,0.0,0,0.0,0,0.0,0,0.0,0,2312.2,45,0.0,0,0.0,0,0.0,0,0.0,0
2012-10-17T09:19:24.500,2312.2,10579,2311.8,22,0.0,0,0.0,0,0.0,0,0.0,0,2312.2,31,0.0,0,0.0,0,0.0,0,0.0,0
2012-10-17T09:19:25.000,2312.4,10626,2312.2,1,0.0,0,0.0,0,0.0,0,0.0,0,2312.4,18,0.0,0,0.0,0,0.0,0,0.0,0
2012-10-17T09:19:25.500,2312.4,10665,2312.4,10,0.0,0,0.0,0,0.0,0,0.0,0,2312.6,5,0.0,0,0.0,0,0.0,0,0.0,0
2012-10-17T09:19:26.000,2312.6,10694,2312.6,5,0.0,0,0.0,0,0.0,0,0.0,0,2312.8,5,0.0,0,0.0,0,0.0,0,0.0,0
2012-10-17T09:19:26.500,2312.4,10724,2312.4,2,0.0,0,0.0,0,0.0,0,0.0,0,2312.6,9,0.0,0,0.0,0,0.0,0,0.0,0
2012-10-17T09:19:27.000,2312.6,10755,2312.6,5,0.0,0,0.0,0,0.0,0,0.0,0,2313,38,0.0,0,0.0,0,0.0,0,0.0,0
2012-10-17T09:19:27.500,2312.6,10761,2312.6,5,0.0,0,0.0,0,0.0,0,0.0,0,2312.8,12,0.0,0,0.0,0,0.0,0,0.0,0
2012-10-17T09:19:28.000,2313,10794,2312.6,5,0.0,0,0.0,0,0.0,0,0.0,0,2313,30,0.0,0,0.0,0,0.0,0,0.0,0
2012-10-17T09:19:28.500,2312.8,10835,2312.4,2,0.0,0,0.0,0,0.0,0,0.0,0,2312.6,1,0.0,0,0.0,0,0.0,0,0.0,0
2012-10-17T09:19:29.000,2313,10862,2312.8,1,0.0,0,0.0,0,0.0,0,0.0,0,2313,12,0.0,0,0.0,0,0.0,0,0.0,0
2012-10-17T09:19:29.500,2312.8,10876,2312.6,23,0.0,0,0.0,0,0.0,0,0.0,0,2312.8,2,0.0,0,0.0,0,0.0,0,0.0,0
2012-10-17T09:19:30.000,2312.8,10887,2312.8,10,0.0,0,0.0,0,0.0,0,0.0,0,2313,6,0.0,0,0.0,0,0.0,0,0.0,0
2012-10-17T09:19:30.500,2313.4,10908,2313.2,6,0.0,0,0.0,0,0.0,0,0.0,0,2313.4,21,0.0,0,0.0,0,0.0,0,0.0,0
2012-10-17T09:19:31.000,2313.4,10973,2313,19,0.0,0,0.0,0,0.0,0,0.0,0,2313.2,10,0.0,0,0.0,0,0.0,0,0.0,0
2012-10-17T09:19:31.500,2313.2,11025,2313,10,0.0,0,0.0,0,0.0,0,0.0,0,2313.2,7,0.0,0,0.0,0,0.0,0,0.0,0
2012-10-17T09:19:32.000,2313.2,11063,2313.2,21,0.0,0,0.0,0,0.0,0,0.0,0,2313.8,47,0.0,0,0.0,0,0.0,0,0.0,0
2012-10-17T09:19:32.500,2313.6,11079,2313.4,2,0.0,0,0.0,0,0.0,0,0.0,0,2313.6,4,0.0,0,0.0,0,0.0,0,0.0,0
2012-10-17T09:19:33.000,2313.6,11114,2313.6,11,0.0,0,0.0,0,0.0,0,0.0,0,2313.8,49,0.0,0,0.0,0,0.0,0,0.0,0
2012-10-17T09:19:33.500,2313.8,11125,2313.6,57,0.0,0,0.0,0,0.0,0,0.0,0,2313.8,48,0.0,0,0.0,0,0.0,0,0.0,0
2012-10-17T09:19:34.000,2314,11187,2313.8,36,0.0,0,0.0,0,0.0,0,0.0,0,2314,10,0.0,0,0.0,0,0.0,0,0.0,0
2012-10-17T09:19:34.500,2314.4,11234,2314,27,0.0,0,0.0,0,0.0,0,0.0,0,2314.4,6,0.0,0,0.0,0,0.0,0,0.0,0
2012-10-17T09:19:35.000,2314,11307,2314,4,0.0,0,0.0,0,0.0,0,0.0,0,2314.6,20,0.0,0,0.0,0,0.0,0,0.0,0
2012-10-17T09:19:35.500,2314,11352,2314,14,0.0,0,0.0,0,0.0,0,0.0,0,2314.4,9,0.0,0,0.0,0,0.0,0,0.0,0
2012-10-17T09:19:36.000,2314,11378,2313.8,67,0.0,0,0.0,0,0.0,0,0.0,0,2314,2,0.0,0,0.0,0,0.0,0,0.0,0
2012-10-17T09:19:36.500,2314,11449,2313.8,35,0.0,0,0.0,0,0.0,0,0.0,0,2314.2,38,0.0,0,0.0,0,0.0,0,0.0,0
2012-10-17T09:19:37.000,2313.6,11507,2313.6,60,0.0,0,0.0,0,0.0,0,0.0,0,2313.8,3,0.0,0,0.0,0,0.0,0,0.0,0
2012-10-17T09:19:37.500,2313.2,11586,2313.2,5,0.0,0,0.0,0,0.0,0,0.0,0,2313.4,11,0.0,0,0.0,0,0.0,0,0.0,0
2012-10-17T09:19:38.000,2313.4,11613,2313,1,0.0,0,0.0,0,0.0,0,0.0,0,2313.4,14,0.0,0,0.0,0,0.0,0,0.0,0
2012-10-17T09:19:38.500,2313,11632,2312.8,13,0.0,0,0.0,0,0.0,0,0.0,0,2313,17,0.0,0,0.0,0,0.0,0,0.0,0
2012-10-17T09:19:39.000,2313,11736,2313,10,0.0,0,0.0,0,0.0,0,0.0,0,2313.2,6,0.0,0,0.0,0,0.0,0,0.0,0
2012-10-17T09:19:39.500,2313,11770,2312.6,1,0.0,0,0.0,0,0.0,0,0.0,0,2313,17,0.0,0,0.0,0,0.0,0,0.0,0
2012-10-17T09:19:40.000,2312.6,11807,2312.4,6,0.0,0,0.0,0,0.0,0,0.0,0,2312.6,7,0.0,0,0.0,0,0.0,0,0.0,0
2012-10-17T09:19:40.500,2312.4,11819,2312.2,9,0.0,0,0.0,0,0.0,0,0.0,0,2312.4,18,0.0,0,0.0,0,0.0,0,0.0,0
2012-10-17T09:19:41.000,2312.2,11854,2312.2,6,0.0,0,0.0,0,0.0,0,0.0,0,2312.4,11,0.0,0,0.0,0,0.0,0,0.0,0
2012-10-17T09:19:41.500,2312.4,11882,2312,7,0.0,0,0.0,0,0.0,0,0.0,0,2312.2,2,0.0,0,0.0,0,0.0,0,0.0,0
2012-10-17T09:19:42.000,2312.2,11914,2312.2,41,0.0,0,0.0,0,0.0,0,0.0,0,2312.6,12,0.0,0,0.0,0,0.0,0,0.0,0
2012-10-17T09:19:42.500,2312.6,11939,2312.4,17,0.0,0,0.0,0,0.0,0,0.0,0,2312.6,9,0.0,0,0.0,0,0.0,0,0.0,0
2012-10-17T09:19:43.000,2312.6,11973,2312.6,4,0.0,0,0.0,0,0.0,0,0.0,0,2312.8,1,0.0,0,0.0,0,0.0,0,0.0,0
2012-10-17T09:19:43.500,2313,11985,2312.6,1,0.0,0,0.0,0,0.0,0,0.0,0,2313,2,0.0,0,0.0,0,0.0,0,0.0,0
2012-10-17T09:19:44.000,2312.8,12007,2312.8,28,0.0,0,0.0,0,0.0,0,0.0,0,2313,12,0.0,0,0.0,0,0.0,0,0.0,0
2012-10-17T09:19:44.500,2312.8,12017,2312.8,26,0.0,0,0.0,0,0.0,0,0.0,0,2313,5,0.0,0,0.0,0,0.0,0,0.0,0
2012-10-17T09:19:45.000,2313,12044,2312.8,15,0.0,0,0.0,0,0.0,0,0.0,0,2313,3,0.0,0,0.0,0,0.0,0,0.0,0
2012-10-17T09:19:45.500,2313.4,12055,2312.8,15,0.0,0,0.0,0,0.0,0,0.0,0,2313.4,12,0.0,0,0.0,0,0.0,0,0.0,0
2012-10-17T09:19:46.000,2313,12069,2313,12,0.0,0,0.0,0,0.0,0,0.0,0,2313.2,19,0.0,0,0.0,0,0.0,0,0.0,0
2012-10-17T09:19:46.500,2313.2,12106,2313,80,0.0,0,0.0,0,0.0,0,0.0,0,2313.2,17,0.0,0,0.0,0,0.0,0,0.0,0
2012-10-17T09:19:47.000,2313.4,12135,2313.4,8,0.0,0,0.0,0,0.0,0,0.0,0,2313.6,19,0.0,0,0.0,0,0.0,0,0.0,0
2012-10-17T09:19:47.500,2313.4,12170,2313.4,49,0.0,0,0.0,0,0.0,0,0.0,0,2313.8,23,0.0,0,0.0,0,0.0,0,0.0,0
2012-10-17T09:19:48.000,2313.6,12198,2313.8,7,0.0,0,0.0,0,0.0,0,0.0,0,2314,17,0.0,0,0.0,0,0.0,0,0.0,0
2012-10-17T09:19:48.500,2313.8,12271,2313.8,27,0.0,0,0.0,0,0.0,0,0.0,0,2314,12,0.0,0,0.0,0,0.0,0,0.0,0
2012-10-17T09:19:49.000,2313.8,12330,2313.8,10,0.0,0,0.0,0,0.0,0,0.0,0,2314.2,1,0.0,0,0.0,0,0.0,0,0.0,0
2012-10-17T09:19:49.500,2314,12363,2314.2,4,0.0,0,0.0,0,0.0,0,0.0,0,2314.4,5,0.0,0,0.0,0,0.0,0,0.0,0
2012-10-17T09:19:50.000,2314.2,12393,2313.8,1,0.0,0,0.0,0,0.0,0,0.0,0,2314.2,17,0.0,0,0.0,0,0.0,0,0.0,0
2012-10-17T09:19:50.500,2313.8,12407,2313.6,9,0.0,0,0.0,0,0.0,0,0.0,0,2313.8,11,0.0,0,0.0,0,0.0,0,0.0,0
2012-10-17T09:19:51.000,2313.6,12432,2313.6,4,0.0,0,0.0,0,0.0,0,0.0,0,2313.8,10,0.0,0,0.0,0,0.0,0,0.0,0
2012-10-17T09:19:51.500,2313.8,12444,2313.6,1,0.0,0,0.0,0,0.0,0,0.0,0,2313.8,2,0.0,0,0.0,0,0.0,0,0.0,0
2012-10-17T09:19:52.000,2313.4,12454,2313.4,5,0.0,0,0.0,0,0.0,0,0.0,0,2313.6,3,0.0,0,0.0,0,0.0,0,0.0,0
2012-10-17T09:19:52.500,2313.6,12467,2313.2,6,0.0,0,0.0,0,0.0,0,0.0,0,2313.4,5,0.0,0,0.0,0,0.0,0,0.0,0
2012-10-17T09:19:53.000,2313,12478,2313,70,0.0,0,0.0,0,0.0,0,0.0,0,2313.4,2,0.0,0,0.0,0,0.0,0,0.0,0
2012-10-17T09:19:53.500,2313.2,12485,2313.2,4,0.0,0,0.0,0,0.0,0,0.0,0,2313.4,3,0.0,0,0.0,0,0.0,0,0.0,0
2012-10-17T09:19:54.000,2313.6,12536,2313.6,16,0.0,0,0.0,0,0.0,0,0.0,0,2313.8,9,0.0,0,0.0,0,0.0,0,0.0,0
2012-10-17T09:19:54.500,2313.6,12543,2313.6,14,0.0,0,0.0,0,0.0,0,0.0,0,2313.8,10,0.0,0,0.0,0,0.0,0,0.0,0
2012-10-17T09:19:55.000,2313.4,12560,2313.2,2,0.0,0,0.0,0,0.0,0,0.0,0,2313.6,8,0.0,0,0.0,0,0.0,0,0.0,0
2012-10-17T09:19:55.500,2313.6,12600,2313,77,0.0,0,0.0,0,0.0,0,0.0,0,2313.6,9,0.0,0,0.0,0,0.0,0,0.0,0
2012-10-17T09:19:56.000,2313.6,12651,2313.6,60,0.0,0,0.0,0,0.0,0,0.0,0,2314,24,0.0,0,0.0,0,0.0,0,0.0,0
2012-10-17T09:19:56.500,2313.8,12665,2313.8,23,0.0,0,0.0,0,0.0,0,0.0,0,2314,23,0.0,0,0.0,0,0.0,0,0.0,0
2012-10-17T09:19:57.000,2314.4,12717,2314,9,0.0,0,0.0,0,0.0,0,0.0,0,2314.4,12,0.0,0,0.0,0,0.0,0,0.0,0
2012-10-17T09:19:57.500,2313.8,12744,2313.8,7,0.0,0,0.0,0,0.0,0,0.0,0,2314,1,0.0,0,0.0,0,0.0,0,0.0,0
2012-10-17T09:19:58.000,2314,12764,2313.6,70,0.0,0,0.0,0,0.0,0,0.0,0,2313.8,2,0.0,0,0.0,0,0.0,0,0.0,0
2012-10-17T09:19:58.500,2313.8,12791,2313.8,2,0.0,0,0.0,0,0.0,0,0.0,0,2314,23,0.0,0,0.0,0,0.0,0,0.0,0
2012-10-17T09:19:59.000,2313.8,12804,2313.6,70,0.0,0,0.0,0,0.0,0,0.0,0,2313.8,24,0.0,0,0.0,0,0.0,0,0.0,0
2012-10-17T09:19:59.500,2313.6,12839,2313.6,48,0.0,0,0.0,0,0.0,0,0.0,0,2313.8,77,0.0,0,0.0,0,0.0,0,0.0,0
2012-10-17T09:20:00.000,2313.2,12894,2313.2,3,0.0,0,0.0,0,0.0,0,0.0,0,2313.4,9,0.0,0,0.0,0,0.0,0,0.0,0
2012-10-17T09:20:00.500,2313.2,12950,2313,73,0.0,0,0.0,0,0.0,0,0.0,0,2313.2,27,0.0,0,0.0,0,0.0,0,0.0,0
2012-10-17T09:20:01.000,2313.6,13077,2313,12,0.0,0,0.0,0,0.0,0,0.0,0,2313.6,21,0.0,0,0.0,0,0.0,0,0.0,0
2012-10-17T09:20:01.500,2313,13126,2313,7,0.0,0,0.0,0,0.0,0,0.0,0,2313.6,13,0.0,0,0.0,0,0.0,0,0.0,0
2012-10-17T09:20:02.000,2313.4,13202,2313,10,0.0,0,0.0,0,0.0,0,0.0,0,2313.6,6,0.0,0,0.0,0,0.0,0,0.0,0
2012-10-17T09:20:02.500,2313.6,13250,2313.2,31,0.0,0,0.0,0,0.0,0,0.0,0,2313.6,15,0.0,0,0.0,0,0.0,0,0.0,0
2012-10-17T09:20:03.000,2313.6,13265,2313.4,12,0.0,0,0.0,0,0.0,0,0.0,0,2313.6,13,0.0,0,0.0,0,0.0,0,0.0,0
2012-10-17T09:20:03.500,2313.6,13316,2313.6,50,0.0,0,0.0,0,0.0,0,0.0,0,2313.8,39,0.0,0,0.0,0,0.0,0,0.0,0
2012-10-17T09:20:04.000,2313.6,13375,2313.8,7,0.0,0,0.0,0,0.0,0,0.0,0,2314,52,0.0,0,0.0,0,0.0,0,0.0,0
2012-10-17T09:20:04.500,2314,13440,2314,43,0.0,0,0.0,0,0.0,0,0.0,0,2314.2,1,0.0,0,0.0,0,0.0,0,0.0,0
2012-10-17T09:20:05.000,2314.2,13451,2314.2,53,0.0,0,0.0,0,0.0,0,0.0,0,2314.4,8,0.0,0,0.0,0,0.0,0,0.0,0
2012-10-17T09:20:05.500,2314.4,13489,2314.4,6,0.0,0,0.0,0,0.0,0,0.0,0,2314.8,98,0.0,0,0.0,0,0.0,0,0.0,0
2012-10-17T09:20:06.000,2314.8,13590,2314.6,7,0.0,0,0.0,0,0.0,0,0.0,0,2314.8,51,0.0,0,0.0,0,0.0,0,0.0,0
2012-10-17T09:20:06.500,2314.8,13621,2314.4,32,0.0,0,0.0,0,0.0,0,0.0,0,2314.8,45,0.0,0,0.0,0,0.0,0,0.0,0
2012-10-17T09:20:07.000,2314.6,13663,2314.6,4,0.0,0,0.0,0,0.0,0,0.0,0,2314.8,37,0.0,0,0.0,0,0.0,0,0.0,0
2012-10-17T09:20:07.500,2314.8,13714,2314.4,34,0.0,0,0.0,0,0.0,0,0.0,0,2314.6,19,0.0,0,0.0,0,0.0,0,0.0,0
2012-10-17T09:20:08.000,2314.6,13747,2314.4,26,0.0,0,0.0,0,0.0,0,0.0,0,2314.6,10,0.0,0,0.0,0,0.0,0,0.0,0
2012-10-17T09:20:08.500,2314.6,13799,2314.4,7,0.0,0,0.0,0,0.0,0,0.0,0,2314.6,3,0.0,0,0.0,0,0.0,0,0.0,0
2012-10-17T09:20:09.000,2314.8,13834,2314.6,32,0.0,0,0.0,0,0.0,0,0.0,0,2315,114,0.0,0,0.0,0,0.0,0,0.0,0
2012-10-17T09:20:09.500,2314.8,13849,2314.8,2,0.0,0,0.0,0,0.0,0,0.0,0,2315,120,0.0,0,0.0,0,0.0,0,0.0,0
2012-10-17T09:20:10.000,2315,13888,2314.8,14,0.0,0,0.0,0,0.0,0,0.0,0,2315,95,0.0,0,0.0,0,0.0,0,0.0,0
2012-10-17T09:20:10.500,2315.2,14028,2315.2,25,0.0,0,0.0,0,0.0,0,0.0,0,2315.4,5,0.0,0,0.0,0,0.0,0,0.0,0
2012-10-17T09:20:11.000,2315.6,14156,2315.4,6,0.0,0,0.0,0,0.0,0,0.0,0,2315.6,7,0.0,0,0.0,0,0.0,0,0.0,0
2012-10-17T09:20:11.500,2315.6,14210,2315.6,3,0.0,0,0.0,0,0.0,0,0.0,0,2316,17,0.0,0,0.0,0,0.0,0,0.0,0
2012-10-17T09:20:12.000,2315.4,14240,2315.2,5,0.0,0,0.0,0,0.0,0,0.0,0,2315.4,9,0.0,0,0.0,0,0.0,0,0.0,0
2012-10-17T09:20:12.500,2315.4,14318,2315.4,2,0.0,0,0.0,0,0.0,0,0.0,0,2315.8,4,0.0,0,0.0,0,0.0,0,0.0,0
2012-10-17T09:20:13.000,2315.4,14364,2315.4,1,0.0,0,0.0,0,0.0,0,0.0,0,2315.8,49,0.0,0,0.0,0,0.0,0,0.0,0
2012-10-17T09:20:13.500,2315.4,14419,2315.4,28,0.0,0,0.0,0,0.0,0,0.0,0,2315.6,53,0.0,0,0.0,0,0.0,0,0.0,0
2012-10-17T09:20:14.000,2315.2,14468,2315,1,0.0,0,0.0,0,0.0,0,0.0,0,2315.2,29,0.0,0,0.0,0,0.0,0,0.0,0
2012-10-17T09:20:14.500,2314.8,14491,2314.6,3,0.0,0,0.0,0,0.0,0,0.0,0,2314.8,28,0.0,0,0.0,0,0.0,0,0.0,0
2012-10-17T09:20:15.000,2314.8,14512,2314.4,2,0.0,0,0.0,0,0.0,0,0.0,0,2314.8,27,0.0,0,0.0,0,0.0,0,0.0,0
2012-10-17T09:20:15.500,2314.4,14526,2314.2,9,0.0,0,0.0,0,0.0,0,0.0,0,2314.4,2,0.0,0,0.0,0,0.0,0,0.0,0
2012-10-17T09:20:16.000,2314.2,14548,2314.2,15,0.0,0,0.0,0,0.0,0,0.0,0,2314.4,1,0.0,0,0.0,0,0.0,0,0.0,0
2012-10-17T09:20:16.500,2314.2,14566,2314.4,4,0.0,0,0.0,0,0.0,0,0.0,0,2314.6,2,0.0,0,0.0,0,0.0,0,0.0,0
2012-10-17T09:20:17.000,2314.8,14582,2314.4,1,0.0,0,0.0,0,0.0,0,0.0,0,2314.8,9,0.0,0,0.0,0,0.0,0,0.0,0
2012-10-17T09:20:17.500,2314.8,14593,2314.2,15,0.0,0,0.0,0,0.0,0,0.0,0,2314.8,5,0.0,0,0.0,0,0.0,0,0.0,0
2012-10-17T09:20:18.000,2314.2,14597,2314.2,21,0.0,0,0.0,0,0.0,0,0.0,0,2314.4,3,0.0,0,0.0,0,0.0,0,0.0,0
2012-10-17T09:20:18.500,2314.4,14611,2314.2,18,0.0,0,0.0,0,0.0,0,0.0,0,2314.4,5,0.0,0,0.0,0,0.0,0,0.0,0
2012-10-17T09:20:19.000,2314.2,14622,2314.2,11,0.0,0,0.0,0,0.0,0,0.0,0,2314.4,9,0.0,0,0.0,0,0.0,0,0.0,0
2012-10-17T09:20:19.500,2314.2,14636,2314.2,1,0.0,0,0.0,0,0.0,0,0.0,0,2314.6,1,0.0,0,0.0,0,0.0,0,0.0,0
2012-10-17T09:20:20.000,2314.2,14652,2314,15,0.0,0,0.0,0,0.0,0,0.0,0,2314.4,2,0.0,0,0.0,0,0.0,0,0.0,0
2012-10-17T09:20:20.500,2314,14671,2314,2,0.0,0,0.0,0,0.0,0,0.0,0,2314.2,2,0.0,0,0.0,0,0.0,0,0.0,0
2012-10-17T09:20:21.000,2314.2,14678,2313.8,8,0.0,0,0.0,0,0.0,0,0.0,0,2314.2,65,0.0,0,0.0,0,0.0,0,0.0,0
2012-10-17T09:20:21.500,2313.8,14687,2313.8,2,0.0,0,0.0,0,0.0,0,0.0,0,2314,20,0.0,0,0.0,0,0.0,0,0.0,0
2012-10-17T09:20:22.000,2313.8,14708,2313.6,11,0.0,0,0.0,0,0.0,0,0.0,0,2313.8,35,0.0,0,0.0,0,0.0,0,0.0,0
2012-10-17T09:20:22.500,2313.8,14718,2313.6,7,0.0,0,0.0,0,0.0,0,0.0,0,2313.8,44,0.0,0,0.0,0,0.0,0,0.0,0
2012-10-17T09:20:23.000,2313.6,14741,2313.4,4,0.0,0,0.0,0,0.0,0,0.0,0,2313.6,2,0.0,0,0.0,0,0.0,0,0.0,0
2012-10-17T09:20:23.500,2313.6,14746,2313.4,6,0.0,0,0.0,0,0.0,0,0.0,0,2313.6,12,0.0,0,0.0,0,0.0,0,0.0,0
2012-10-17T09:20:24.000,2313.4,14755,2313.2,32,0.0,0,0.0,0,0.0,0,0.0,0,2313.4,2,0.0,0,0.0,0,0.0,0,0.0,0
2012-10-17T09:20:24.500,2313.4,14789,2313.4,4,0.0,0,0.0,0,0.0,0,0.0,0,2313.6,8,0.0,0,0.0,0,0.0,0,0.0,0
2012-10-17T09:20:25.000,2313.6,14813,2313.2,2,0.0,0,0.0,0,0.0,0,0.0,0,2313.4,2,0.0,0,0.0,0,0.0,0,0.0,0
2012-10-17T09:20:25.500,2313.4,14831,2313,12,0.0,0,0.0,0,0.0,0,0.0,0,2313.4,1,0.0,0,0.0,0,0.0,0,0.0,0
2012-10-17T09:20:26.000,2313.4,14836,2313,18,0.0,0,0.0,0,0.0,0,0.0,0,2313.4,1,0.0,0,0.0,0,0.0,0,0.0,0
2012-10-17T09:20:26.500,2313.4,14842,2313.2,17,0.0,0,0.0,0,0.0,0,0.0,0,2313.4,3,0.0,0,0.0,0,0.0,0,0.0,0
2012-10-17T09:20:27.000,2313,14874,2312.8,28,0.0,0,0.0,0,0.0,0,0.0,0,2313.2,8,0.0,0,0.0,0,0.0,0,0.0,0
2012-10-17T09:20:27.500,2313,14888,2312.8,29,0.0,0,0.0,0,0.0,0,0.0,0,2313,24,0.0,0,0.0,0,0.0,0,0.0,0
2012-10-17T09:20:28.000,2313,14931,2312.8,2,0.0,0,0.0,0,0.0,0,0.0,0,2313,9,0.0,0,0.0,0,0.0,0,0.0,0
2012-10-17T09:20:28.500,2313,14949,2312.8,1,0.0,0,0.0,0,0.0,0,0.0,0,2313,4,0.0,0,0.0,0,0.0,0,0.0,0
2012-10-17T09:20:29.000,2313.2,14959,2313.2,4,0.0,0,0.0,0,0.0,0,0.0,0,2313.4,4,0.0,0,0.0,0,0.0,0,0.0,0
2012-10-17T09:20:29.500,2313,14980,2313,20,0.0,0,0.0,0,0.0,0,0.0,0,2313.2,4,0.0,0,0.0,0,0.0,0,0.0,0
2012-10-17T09:20:30.000,2313,14997,2313,16,0.0,0,0.0,0,0.0,0,0.0,0,2313.2,8,0.0,0,0.0,0,0.0,0,0.0,0
2012-10-17T09:20:30.500,2313.2,15009,2313,10,0.0,0,0.0,0,0.0,0,0.0,0,2313.2,5,0.0,0,0.0,0,0.0,0,0.0,0
2012-10-17T09:20:31.000,2312.8,15030,2312.8,14,0.0,0,0.0,0,0.0,0,0.0,0,2313,6,0.0,0,0.0,0,0.0,0,0.0,0
2012-10-17T09:20:31.500,2313,15044,2313,8,0.0,0,0.0,0,0.0,0,0.0,0,2313.2,4,0.0,0,0.0,0,0.0,0,0.0,0
2012-10-17T09:20:32.000,2313,15056,2312.8,10,0.0,0,0.0,0,0.0,0,0.0,0,2313,6,0.0,0,0.0,0,0.0,0,0.0,0
2012-10-17T09:20:32.500,2313,15069,2312.8,3,0.0,0,0.0,0,0.0,0,0.0,0,2313,37,0.0,0,0.0,0,0.0,0,0.0,0
2012-10-17T09:20:33.000,2312.8,15086,2312.6,4,0.0,0,0.0,0,0.0,0,0.0,0,2312.8,24,0.0,0,0.0,0,0.0,0,0.0,0
2012-10-17T09:20:33.500,2312.8,15092,2312.6,3,0.0,0,0.0,0,0.0,0,0.0,0,2312.8,27,0.0,0,0.0,0,0.0,0,0.0,0
2012-10-17T09:20:34.000,2312.6,15099,2312.4,19,0.0,0,0.0,0,0.0,0,0.0,0,2312.6,1,0.0,0,0.0,0,0.0,0,0.0,0
2012-10-17T09:20:34.500,2312.4,15115,2312.4,8,0.0,0,0.0,0,0.0,0,0.0,0,2312.6,7,0.0,0,0.0,0,0.0,0,0.0,0
2012-10-17T09:20:35.000,2312.4,15132,2312.4,9,0.0,0,0.0,0,0.0,0,0.0,0,2312.6,3,0.0,0,0.0,0,0.0,0,0.0,0
2012-10-17T09:20:35.500,2312.4,15148,2312.4,10,0.0,0,0.0,0,0.0,0,0.0,0,2312.6,7,0.0,0,0.0,0,0.0,0,0.0,0
2012-10-17T09:20:36.000,2312.4,15157,2312.4,6,0.0,0,0.0,0,0.0,0,0.0,0,2312.6,1,0.0,0,0.0,0,0.0,0,0.0,0
2012-10-17T09:20:36.500,2312.6,15184,2312.6,10,0.0,0,0.0,0,0.0,0,0.0,0,2312.8,1,0.0,0,0.0,0,0.0,0,0.0,0
2012-10-17T09:20:37.000,2312.4,15202,2312.4,4,0.0,0,0.0,0,0.0,0,0.0,0,2312.8,1,0.0,0,0.0,0,0.0,0,0.0,0
2012-10-17T09:20:37.500,2312.4,15208,2312.8,2,0.0,0,0.0,0,0.0,0,0.0,0,2313,31,0.0,0,0.0,0,0.0,0,0.0,0
2012-10-17T09:20:38.000,2312.8,15213,2312.8,4,0.0,0,0.0,0,0.0,0,0.0,0,2313,32,0.0,0,0.0,0,0.0,0,0.0,0
2012-10-17T09:20:38.500,2312.6,15222,2312.6,14,0.0,0,0.0,0,0.0,0,0.0,0,2312.8,12,0.0,0,0.0,0,0.0,0,0.0,0
2012-10-17T09:20:39.000,2312.8,15240,2312.6,3,0.0,0,0.0,0,0.0,0,0.0,0,2312.8,9,0.0,0,0.0,0,0.0,0,0.0,0
2012-10-17T09:20:39.500,2312.6,15257,2312.6,1,0.0,0,0.0,0,0.0,0,0.0,0,2312.8,8,0.0,0,0.0,0,0.0,0,0.0,0
2012-10-17T09:20:40.000,2313,15268,2312.8,1,0.0,0,0.0,0,0.0,0,0.0,0,2313,27,0.0,0,0.0,0,0.0,0,0.0,0
2012-10-17T09:20:40.500,2312.8,15304,2312.8,5,0.0,0,0.0,0,0.0,0,0.0,0,2313,13,0.0,0,0.0,0,0.0,0,0.0,0
2012-10-17T09:20:41.000,2313,15309,2312.8,5,0.0,0,0.0,0,0.0,0,0.0,0,2313,4,0.0,0,0.0,0,0.0,0,0.0,0
2012-10-17T09:20:41.500,2313,15316,2312.8,3,0.0,0,0.0,0,0.0,0,0.0,0,2313.2,22,0.0,0,0.0,0,0.0,0,0.0,0
2012-10-17T09:20:42.000,2312.8,15338,2312.8,2,0.0,0,0.0,0,0.0,0,0.0,0,2313.2,9,0.0,0,0.0,0,0.0,0,0.0,0
2012-10-17T09:20:42.500,2312.8,15354,2312.6,14,0.0,0,0.0,0,0.0,0,0.0,0,2312.8,3,0.0,0,0.0,0,0.0,0,0.0,0
2012-10-17T09:20:43.000,2313,15372,2312.6,2,0.0,0,0.0,0,0.0,0,0.0,0,2313,3,0.0,0,0.0,0,0.0,0,0.0,0
2012-10-17T09:20:43.500,2312.6,15377,2312.4,22,0.0,0,0.0,0,0.0,0,0.0,0,2312.6,9,0.0,0,0.0,0,0.0,0,0.0,0
2012-10-17T09:20:44.000,2313,15389,2313,9,0.0,0,0.0,0,0.0,0,0.0,0,2313.2,7,0.0,0,0.0,0,0.0,0,0.0,0
2012-10-17T09:20:44.500,2312.6,15408,2312.4,22,0.0,0,0.0,0,0.0,0,0.0,0,2312.6,2,0.0,0,0.0,0,0.0,0,0.0,0
2012-10-17T09:20:45.000,2313,15422,2312.6,2,0.0,0,0.0,0,0.0,0,0.0,0,2313,5,0.0,0,0.0,0,0.0,0,0.0,0
2012-10-17T09:20:45.500,2312.8,15434,2312.8,5,0.0,0,0.0,0,0.0,0,0.0,0,2313,5,0.0,0,0.0,0,0.0,0,0.0,0
2012-10-17T09:20:46.000,2313,15440,2313,3,0.0,0,0.0,0,0.0,0,0.0,0,2313.2,16,0.0,0,0.0,0,0.0,0,0.0,0
2012-10-17T09:20:46.500,2313,15451,2313,3,0.0,0,0.0,0,0.0,0,0.0,0,2313.2,15,0.0,0,0.0,0,0.0,0,0.0,0
2012-10-17T09:20:47.000,2313,15459,2313,30,0.0,0,0.0,0,0.0,0,0.0,0,2313.2,15,0.0,0,0.0,0,0.0,0,0.0,0
2012-10-17T09:20:47.500,2313,15465,2313,41,0.0,0,0.0,0,0.0,0,0.0,0,2313.2,15,0.0,0,0.0,0,0.0,0,0.0,0
2012-10-17T09:20:48.000,2313,15483,2313,16,0.0,0,0.0,0,0.0,0,0.0,0,2313.2,2,0.0,0,0.0,0,0.0,0,0.0,0
2012-10-17T09:20:48.500,2313.2,15488,2313.2,46,0.0,0,0.0,0,0.0,0,0.0,0,2313.4,12,0.0,0,0.0,0,0.0,0,0.0,0
2012-10-17T09:20:49.000,2313.4,15501,2313.2,56,0.0,0,0.0,0,0.0,0,0.0,0,2313.4,9,0.0,0,0.0,0,0.0,0,0.0,0
2012-10-17T09:20:49.500,2313.2,15515,2313.2,48,0.0,0,0.0,0,0.0,0,0.0,0,2313.4,9,0.0,0,0.0,0,0.0,0,0.0,0
2012-10-17T09:20:50.000,2313.2,15526,2313.2,41,0.0,0,0.0,0,0.0,0,0.0,0,2313.4,4,0.0,0,0.0,0,0.0,0,0.0,0
2012-10-17T09:20:50.500,2313.4,15536,2313.2,43,0.0,0,0.0,0,0.0,0,0.0,0,2313.4,6,0.0,0,0.0,0,0.0,0,0.0,0
2012-10-17T09:20:51.000,2313.2,15560,2313.2,34,0.0,0,0.0,0,0.0,0,0.0,0,2313.4,5,0.0,0,0.0,0,0.0,0,0.0,0
2012-10-17T09:20:51.500,2313.4,15595,2313.2,2,0.0,0,0.0,0,0.0,0,0.0,0,2313.4,2,0.0,0,0.0,0,0.0,0,0.0,0
2012-10-17T09:20:52.000,2313.4,15609,2313.4,6,0.0,0,0.0,0,0.0,0,0.0,0,2313.6,12,0.0,0,0.0,0,0.0,0,0.0,0
2012-10-17T09:20:52.500,2313,15620,2313,38,0.0,0,0.0,0,0.0,0,0.0,0,2313.2,6,0.0,0,0.0,0,0.0,0,0.0,0
2012-10-17T09:20:53.000,2313.2,15624,2313,39,0.0,0,0.0,0,0.0,0,0.0,0,2313.2,4,0.0,0,0.0,0,0.0,0,0.0,0
2012-10-17T09:20:53.500,2313.2,15629,2313.2,8,0.0,0,0.0,0,0.0,0,0.0,0,2313.4,5,0.0,0,0.0,0,0.0,0,0.0,0
2012-10-17T09:20:54.000,2313.2,15643,2313,41,0.0,0,0.0,0,0.0,0,0.0,0,2313.2,6,0.0,0,0.0,0,0.0,0,0.0,0
2012-10-17T09:20:54.500,2313,15644,2313,41,0.0,0,0.0,0,0.0,0,0.0,0,2313.2,6,0.0,0,0.0,0,0.0,0,0.0,0
2012-10-17T09:20:55.000,2313.2,15650,2313,41,0.0,0,0.0,0,0.0,0,0.0,0,2313.2,3,0.0,0,0.0,0,0.0,0,0.0,0
2012-10-17T09:20:55.500,2313.2,15652,2313,41,0.0,0,0.0,0,0.0,0,0.0,0,2313.2,1,0.0,0,0.0,0,0.0,0,0.0,0
2012-10-17T09:20:56.000,2313.2,15661,2313.2,1,0.0,0,0.0,0,0.0,0,0.0,0,2313.4,4,0.0,0,0.0,0,0.0,0,0.0,0
2012-10-17T09:20:56.500,2313.4,15662,2313.2,11,0.0,0,0.0,0,0.0,0,0.0,0,2313.4,3,0.0,0,0.0,0,0.0,0,0.0,0
2012-10-17T09:20:57.250,2313.2,15664,2313.2,11,0.0,0,0.0,0,0.0,0,0.0,0,2313.4,3,0.0,0,0.0,0,0.0,0,0.0,0
2012-10-17T09:20:58.000,2313.2,15669,2313.2,11,0.0,0,0.0,0,0.0,0,0.0,0,2313.4,2,0.0,0,0.0,0,0.0,0,0.0,0
2012-10-17T09:20:58.500,2313.4,15670,2313.2,11,0.0,0,0.0,0,0.0,0,0.0,0,2313.4,1,0.0,0,0.0,0,0.0,0,0.0,0
2012-10-17T09:20:59.250,2313.2,15685,2313.2,3,0.0,0,0.0,0,0.0,0,0.0,0,2313.4,50,0.0,0,0.0,0,0.0,0,0.0,0
2012-10-17T09:21:00.000,2313.2,15691,2313,46,0.0,0,0.0,0,0.0,0,0.0,0,2313.2,11,0.0,0,0.0,0,0.0,0,0.0,0
2012-10-17T09:21:00.500,2313,15718,2313,24,0.0,0,0.0,0,0.0,0,0.0,0,2313.2,6,0.0,0,0.0,0,0.0,0,0.0,0
2012-10-17T09:21:01.000,2313,15740,2313,7,0.0,0,0.0,0,0.0,0,0.0,0,2313.2,6,0.0,0,0.0,0,0.0,0,0.0,0
2012-10-17T09:21:01.500,2313,15752,2312.8,33,0.0,0,0.0,0,0.0,0,0.0,0,2313,5,0.0,0,0.0,0,0.0,0,0.0,0
2012-10-17T09:21:02.000,2312.8,15758,2312.8,40,0.0,0,0.0,0,0.0,0,0.0,0,2313,7,0.0,0,0.0,0,0.0,0,0.0,0
2012-10-17T09:21:02.500,2313,15768,2313,2,0.0,0,0.0,0,0.0,0,0.0,0,2313.2,20,0.0,0,0.0,0,0.0,0,0.0,0
2012-10-17T09:21:03.000,2313,15776,2312.8,34,0.0,0,0.0,0,0.0,0,0.0,0,2313,6,0.0,0,0.0,0,0.0,0,0.0,0
2012-10-17T09:21:03.500,2312.8,15786,2312.8,27,0.0,0,0.0,0,0.0,0,0.0,0,2313,4,0.0,0,0.0,0,0.0,0,0.0,0
2012-10-17T09:21:04.000,2312.8,15790,2312.8,25,0.0,0,0.0,0,0.0,0,0.0,0,2313,3,0.0,0,0.0,0,0.0,0,0.0,0
2012-10-17T09:21:04.500,2313,15794,2312.8,15,0.0,0,0.0,0,0.0,0,0.0,0,2313.2,19,0.0,0,0.0,0,0.0,0,0.0,0
2012-10-17T09:21:05.000,2313.2,15803,2312.8,16,0.0,0,0.0,0,0.0,0,0.0,0,2313,4,0.0,0,0.0,0,0.0,0,0.0,0
2012-10-17T09:21:05.500,2313,15806,2312.8,26,0.0,0,0.0,0,0.0,0,0.0,0,2313,8,0.0,0,0.0,0,0.0,0,0.0,0
2012-10-17T09:21:06.000,2313,15829,2313,11,0.0,0,0.0,0,0.0,0,0.0,0,2313.2,7,0.0,0,0.0,0,0.0,0,0.0,0
2012-10-17T09:21:06.500,2313,15830,2313,10,0.0,0,0.0,0,0.0,0,0.0,0,2313.2,7,0.0,0,0.0,0,0.0,0,0.0,0
2012-10-17T09:21:07.000,2313,15831,2313,18,0.0,0,0.0,0,0.0,0,0.0,0,2313.2,2,0.0,0,0.0,0,0.0,0,0.0,0
2012-10-17T09:21:07.500,2313.2,15838,2313,20,0.0,0,0.0,0,0.0,0,0.0,0,2313.2,2,0.0,0,0.0,0,0.0,0,0.0,0
2012-10-17T09:21:08.000,2313,15847,2313,14,0.0,0,0.0,0,0.0,0,0.0,0,2313.4,65,0.0,0,0.0,0,0.0,0,0.0,0
2012-10-17T09:21:08.500,2313,15853,2313,10,0.0,0,0.0,0,0.0,0,0.0,0,2313.4,65,0.0,0,0.0,0,0.0,0,0.0,0
2012-10-17T09:21:09.000,2313,15860,2313,3,0.0,0,0.0,0,0.0,0,0.0,0,2313.2,10,0.0,0,0.0,0,0.0,0,0.0,0
2012-10-17T09:21:09.500,2312.8,15870,2312.8,21,0.0,0,0.0,0,0.0,0,0.0,0,2313,12,0.0,0,0.0,0,0.0,0,0.0,0
2012-10-17T09:21:10.000,2312.8,15895,2312.6,59,0.0,0,0.0,0,0.0,0,0.0,0,2312.8,14,0.0,0,0.0,0,0.0,0,0.0,0
2012-10-17T09:21:10.500,2312.8,15950,2312.6,10,0.0,0,0.0,0,0.0,0,0.0,0,2312.8,11,0.0,0,0.0,0,0.0,0,0.0,0
2012-10-17T09:21:11.000,2313.2,15994,2313.2,1,0.0,0,0.0,0,0.0,0,0.0,0,2313.4,17,0.0,0,0.0,0,0.0,0,0.0,0
2012-10-17T09:21:11.500,2312.8,16003,2312.4,15,0.0,0,0.0,0,0.0,0,0.0,0,2312.8,4,0.0,0,0.0,0,0.0,0,0.0,0
2012-10-17T09:21:12.000,2312.6,16018,2312.6,24,0.0,0,0.0,0,0.0,0,0.0,0,2313,4,0.0,0,0.0,0,0.0,0,0.0,0
2012-10-17T09:21:12.500,2313,16027,2312.8,41,0.0,0,0.0,0,0.0,0,0.0,0,2313,2,0.0,0,0.0,0,0.0,0,0.0,0
2012-10-17T09:21:13.000,2313,16045,2313,7,0.0,0,0.0,0,0.0,0,0.0,0,2313.2,3,0.0,0,0.0,0,0.0,0,0.0,0
2012-10-17T09:21:13.500,2313,16048,2313,5,0.0,0,0.0,0,0.0,0,0.0,0,2313.2,5,0.0,0,0.0,0,0.0,0,0.0,0
2012-10-17T09:21:14.000,2313,16050,2313,6,0.0,0,0.0,0,0.0,0,0.0,0,2313.2,8,0.0,0,0.0,0,0.0,0,0.0,0
2012-10-17T09:21:14.500,2313.2,16058,2313,11,0.0,0,0.0,0,0.0,0,0.0,0,2313.2,3,0.0,0,0.0,0,0.0,0,0.0,0
2012-10-17T09:21:15.000,2313,16069,2313,1,0.0,0,0.0,0,0.0,0,0.0,0,2313.2,4,0.0,0,0.0,0,0.0,0,0.0,0
2012-10-17T09:21:15.500,2313.2,16074,2313.2,2,0.0,0,0.0,0,0.0,0,0.0,0,2313.4,23,0.0,0,0.0,0,0.0,0,0.0,0
2012-10-17T09:21:16.000,2313,16083,2312.8,52,0.0,0,0.0,0,0.0,0,0.0,0,2313,2,0.0,0,0.0,0,0.0,0,0.0,0
2012-10-17T09:21:16.500,2313,16096,2313,12,0.0,0,0.0,0,0.0,0,0.0,0,2313.4,22,0.0,0,0.0,0,0.0,0,0.0,0
2012-10-17T09:21:17.000,2313.2,16099,2313.2,6,0.0,0,0.0,0,0.0,0,0.0,0,2313.4,36,0.0,0,0.0,0,0.0,0,0.0,0
2012-10-17T09:21:17.500,2313.2,16109,2313.2,12,0.0,0,0.0,0,0.0,0,0.0,0,2313.4,25,0.0,0,0.0,0,0.0,0,0.0,0
2012-10-17T09:21:18.000,2313.4,16115,2313.2,10,0.0,0,0.0,0,0.0,0,0.0,0,2313.4,21,0.0,0,0.0,0,0.0,0,0.0,0
2012-10-17T09:21:18.500,2313.2,16126,2313.2,5,0.0,0,0.0,0,0.0,0,0.0,0,2313.4,18,0.0,0,0.0,0,0.0,0,0.0,0
2012-10-17T09:21:19.000,2313.2,16133,2313.2,6,0.0,0,0.0,0,0.0,0,0.0,0,2313.4,16,0.0,0,0.0,0,0.0,0,0.0,0
2012-10-17T09:21:19.500,2313.2,16153,2313,27,0.0,0,0.0,0,0.0,0,0.0,0,2313.2,1,0.0,0,0.0,0,0.0,0,0.0,0
2012-10-17T09:21:20.000,2313,16157,2313,23,0.0,0,0.0,0,0.0,0,0.0,0,2313.2,3,0.0,0,0.0,0,0.0,0,0.0,0
2012-10-17T09:21:20.500,2313,16162,2313,18,0.0,0,0.0,0,0.0,0,0.0,0,2313.2,3,0.0,0,0.0,0,0.0,0,0.0,0
2012-10-17T09:21:21.000,2313.2,16163,2313,17,0.0,0,0.0,0,0.0,0,0.0,0,2313.2,23,0.0,0,0.0,0,0.0,0,0.0,0
2012-10-17T09:21:21.500,2313,16169,2313,11,0.0,0,0.0,0,0.0,0,0.0,0,2313.2,23,0.0,0,0.0,0,0.0,0,0.0,0
2012-10-17T09:21:22.000,2313,16172,2313,8,0.0,0,0.0,0,0.0,0,0.0,0,2313.2,24,0.0,0,0.0,0,0.0,0,0.0,0
2012-10-17T09:21:22.500,2313,16174,2313,33,0.0,0,0.0,0,0.0,0,0.0,0,2313.2,25,0.0,0,0.0,0,0.0,0,0.0,0
2012-10-17T09:21:23.000,2313,16194,2313,20,0.0,0,0.0,0,0.0,0,0.0,0,2313.2,20,0.0,0,0.0,0,0.0,0,0.0,0
2012-10-17T09:21:23.500,2313,16196,2313,20,0.0,0,0.0,0,0.0,0,0.0,0,2313.2,23,0.0,0,0.0,0,0.0,0,0.0,0
2012-10-17T09:21:24.000,2313,16208,2313,11,0.0,0,0.0,0,0.0,0,0.0,0,2313.2,20,0.0,0,0.0,0,0.0,0,0.0,0
2012-10-17T09:21:24.500,2313,16218,2313,5,0.0,0,0.0,0,0.0,0,0.0,0,2313.2,17,0.0,0,0.0,0,0.0,0,0.0,0
2012-10-17T09:21:25.000,2312.8,16229,2312.8,5,0.0,0,0.0,0,0.0,0,0.0,0,2313,5,0.0,0,0.0,0,0.0,0,0.0,0
2012-10-17T09:21:25.500,2312.8,16235,2312.8,8,0.0,0,0.0,0,0.0,0,0.0,0,2313,3,0.0,0,0.0,0,0.0,0,0.0,0
2012-10-17T09:21:26.000,2313,16236,2312.8,17,0.0,0,0.0,0,0.0,0,0.0,0,2313,3,0.0,0,0.0,0,0.0,0,0.0,0
2012-10-17T09:21:26.500,2313,16241,2313,1,0.0,0,0.0,0,0.0,0,0.0,0,2313.2,18,0.0,0,0.0,0,0.0,0,0.0,0
2012-10-17T09:21:27.000,2312.8,16243,2312.8,17,0.0,0,0.0,0,0.0,0,0.0,0,2313,4,0.0,0,0.0,0,0.0,0,0.0,0
2012-10-17T09:21:27.500,2312.8,16260,2312.8,5,0.0,0,0.0,0,0.0,0,0.0,0,2313,1,0.0,0,0.0,0,0.0,0,0.0,0
2012-10-17T09:21:28.000,2313,16262,2312.8,5,0.0,0,0.0,0,0.0,0,0.0,0,2313,4,0.0,0,0.0,0,0.0,0,0.0,0
2012-10-17T09:21:28.500,2312.8,16265,2312.8,4,0.0,0,0.0,0,0.0,0,0.0,0,2313,4,0.0,0,0.0,0,0.0,0,0.0,0
2012-10-17T09:21:29.000,2313,16270,2312.8,5,0.0,0,0.0,0,0.0,0,0.0,0,2313.2,19,0.0,0,0.0,0,0.0,0,0.0,0
2012-10-17T09:21:29.500,2312.8,16279,2312.8,1,0.0,0,0.0,0,0.0,0,0.0,0,2313,2,0.0,0,0.0,0,0.0,0,0.0,0
2012-10-17T09:21:30.000,2312.8,16281,2312.6,27,0.0,0,0.0,0,0.0,0,0.0,0,2312.8,6,0.0,0,0.0,0,0.0,0,0.0,0
2012-10-17T09:21:30.500,2312.8,16284,2312.6,27,0.0,0,0.0,0,0.0,0,0.0,0,2312.8,4,0.0,0,0.0,0,0.0,0,0.0,0
2012-10-17T09:21:31.000,2312.8,16287,2312.6,26,0.0,0,0.0,0,0.0,0,0.0,0,2312.8,6,0.0,0,0.0,0,0.0,0,0.0,0
2012-10-17T09:21:31.500,2312.8,16289,2312.6,30,0.0,0,0.0,0,0.0,0,0.0,0,2312.8,5,0.0,0,0.0,0,0.0,0,0.0,0
2012-10-17T09:21:32.000,2312.8,16290,2312.6,30,0.0,0,0.0,0,0.0,0,0.0,0,2312.8,4,0.0,0,0.0,0,0.0,0,0.0,0
2012-10-17T09:21:32.500,2312.6,16297,2312.6,24,0.0,0,0.0,0,0.0,0,0.0,0,2312.8,3,0.0,0,0.0,0,0.0,0,0.0,0
2012-10-17T09:21:33.000,2312.6,16323,2312.4,22,0.0,0,0.0,0,0.0,0,0.0,0,2312.6,15,0.0,0,0.0,0,0.0,0,0.0,0
2012-10-17T09:21:33.500,2312.6,16333,2312.4,18,0.0,0,0.0,0,0.0,0,0.0,0,2312.6,9,0.0,0,0.0,0,0.0,0,0.0,0
2012-10-17T09:21:34.000,2312.4,16344,2312.4,13,0.0,0,0.0,0,0.0,0,0.0,0,2312.6,6,0.0,0,0.0,0,0.0,0,0.0,0
2012-10-17T09:21:34.500,2312.4,16359,2312.2,98,0.0,0,0.0,0,0.0,0,0.0,0,2312.4,2,0.0,0,0.0,0,0.0,0,0.0,0
2012-10-17T09:21:35.000,2312.4,16371,2312.4,23,0.0,0,0.0,0,0.0,0,0.0,0,2312.6,5,0.0,0,0.0,0,0.0,0,0.0,0
2012-10-17T09:21:35.500,2312.4,16390,2312.4,10,0.0,0,0.0,0,0.0,0,0.0,0,2312.6,5,0.0,0,0.0,0,0.0,0,0.0,0
2012-10-17T09:21:36.000,2312.8,16409,2312.8,20,0.0,0,0.0,0,0.0,0,0.0,0,2313,6,0.0,0,0.0,0,0.0,0,0.0,0
2012-10-17T09:21:36.500,2312.8,16422,2312.8,7,0.0,0,0.0,0,0.0,0,0.0,0,2313,6,0.0,0,0.0,0,0.0,0,0.0,0
2012-10-17T09:21:37.000,2312.8,16427,2312.8,3,0.0,0,0.0,0,0.0,0,0.0,0,2313,5,0.0,0,0.0,0,0.0,0,0.0,0
2012-10-17T09:21:37.500,2312.6,16431,2312.8,1,0.0,0,0.0,0,0.0,0,0.0,0,2313,6,0.0,0,0.0,0,0.0,0,0.0,0
2012-10-17T09:21:38.000,2313,16438,2312.8,1,0.0,0,0.0,0,0.0,0,0.0,0,2313,2,0.0,0,0.0,0,0.0,0,0.0,0
2012-10-17T09:21:38.500,2313,16442,2312.6,4,0.0,0,0.0,0,0.0,0,0.0,0,2312.8,1,0.0,0,0.0,0,0.0,0,0.0,0
2012-10-17T09:21:39.000,2312.8,16444,2312.6,5,0.0,0,0.0,0,0.0,0,0.0,0,2312.8,1,0.0,0,0.0,0,0.0,0,0.0,0
2012-10-17T09:21:39.500,2312.8,16447,2312.6,15,0.0,0,0.0,0,0.0,0,0.0,0,2313,1,0.0,0,0.0,0,0.0,0,0.0,0
2012-10-17T09:21:40.000,2312.6,16449,2312.6,15,0.0,0,0.0,0,0.0,0,0.0,0,2313.2,20,0.0,0,0.0,0,0.0,0,0.0,0
2012-10-17T09:21:40.500,2312.6,16450,2313,2,0.0,0,0.0,0,0.0,0,0.0,0,2313.2,20,0.0,0,0.0,0,0.0,0,0.0,0
2012-10-17T09:21:41.250,2313,16453,2312.8,1,0.0,0,0.0,0,0.0,0,0.0,0,2313,9,0.0,0,0.0,0,0.0,0,0.0,0
2012-10-17T09:21:42.000,2312.8,16455,2312.8,1,0.0,0,0.0,0,0.0,0,0.0,0,2313,8,0.0,0,0.0,0,0.0,0,0.0,0
2012-10-17T09:21:42.500,2313,16456,2312.8,5,0.0,0,0.0,0,0.0,0,0.0,0,2313,7,0.0,0,0.0,0,0.0,0,0.0,0
2012-10-17T09:21:43.000,2313,16465,2312.8,17,0.0,0,0.0,0,0.0,0,0.0,0,2313,2,0.0,0,0.0,0,0.0,0,0.0,0
2012-10-17T09:21:43.500,2313,16468,2313,15,0.0,0,0.0,0,0.0,0,0.0,0,2313.2,24,0.0,0,0.0,0,0.0,0,0.0,0
2012-10-17T09:21:44.000,2313.2,16481,2313,3,0.0,0,0.0,0,0.0,0,0.0,0,2313.2,23,0.0,0,0.0,0,0.0,0,0.0,0
2012-10-17T09:21:44.500,2313.2,16487,2313,2,0.0,0,0.0,0,0.0,0,0.0,0,2313.2,19,0.0,0,0.0,0,0.0,0,0.0,0
2012-10-17T09:21:45.000,2313.2,16490,2313,2,0.0,0,0.0,0,0.0,0,0.0,0,2313.2,17,0.0,0,0.0,0,0.0,0,0.0,0
2012-10-17T09:21:45.500,2313,16492,2313,10,0.0,0,0.0,0,0.0,0,0.0,0,2313.2,17,0.0,0,0.0,0,0.0,0,0.0,0
2012-10-17T09:21:46.000,2313.2,16493,2313,14,0.0,0,0.0,0,0.0,0,0.0,0,2313.2,19,0.0,0,0.0,0,0.0,0,0.0,0
2012-10-17T09:21:46.500,2313,16496,2313,11,0.0,0,0.0,0,0.0,0,0.0,0,2313.2,19,0.0,0,0.0,0,0.0,0,0.0,0
2012-10-17T09:21:47.000,2313,16505,2313,8,0.0,0,0.0,0,0.0,0,0.0,0,2313.2,37,0.0,0,0.0,0,0.0,0,0.0,0
2012-10-17T09:21:47.500,2313,16554,2313,6,0.0,0,0.0,0,0.0,0,0.0,0,2313.2,7,0.0,0,0.0,0,0.0,0,0.0,0
2012-10-17T09:21:48.000,2313,16558,2313,5,0.0,0,0.0,0,0.0,0,0.0,0,2313.2,8,0.0,0,0.0,0,0.0,0,0.0,0
2012-10-17T09:21:48.500,2313.2,16559,2313,5,0.0,0,0.0,0,0.0,0,0.0,0,2313.2,7,0.0,0,0.0,0,0.0,0,0.0,0
2012-10-17T09:21:49.250,2313,16562,2313,2,0.0,0,0.0,0,0.0,0,0.0,0,2313.2,14,0.0,0,0.0,0,0.0,0,0.0,0
2012-10-17T09:21:50.000,2313.2,16568,2313,4,0.0,0,0.0,0,0.0,0,0.0,0,2313.2,10,0.0,0,0.0,0,0.0,0,0.0,0
2012-10-17T09:21:50.500,2313,16576,2312.8,19,0.0,0,0.0,0,0.0,0,0.0,0,2313,19,0.0,0,0.0,0,0.0,0,0.0,0
2012-10-17T09:21:51.000,2313,16580,2312.8,19,0.0,0,0.0,0,0.0,0,0.0,0,2313,24,0.0,0,0.0,0,0.0,0,0.0,0
2012-10-17T09:21:51.500,2312.8,16590,2312.8,4,0.0,0,0.0,0,0.0,0,0.0,0,2313,14,0.0,0,0.0,0,0.0,0,0.0,0
2012-10-17T09:21:52.000,2312.8,16594,2312.8,3,0.0,0,0.0,0,0.0,0,0.0,0,2313,14,0.0,0,0.0,0,0.0,0,0.0,0
2012-10-17T09:21:52.500,2312.8,16597,2312.8,2,0.0,0,0.0,0,0.0,0,0.0,0,2313,12,0.0,0,0.0,0,0.0,0,0.0,0
2012-10-17T09:21:53.000,2313,16614,2313,38,0.0,0,0.0,0,0.0,0,0.0,0,2313.2,8,0.0,0,0.0,0,0.0,0,0.0,0
2012-10-17T09:21:53.500,2313,16617,2313,35,0.0,0,0.0,0,0.0,0,0.0,0,2313.2,8,0.0,0,0.0,0,0.0,0,0.0,0
2012-10-17T09:21:54.000,2313.2,16627,2313.2,4,0.0,0,0.0,0,0.0,0,0.0,0,2313.4,15,0.0,0,0.0,0,0.0,0,0.0,0
2012-10-17T09:21:54.500,2313.4,16630,2313.2,29,0.0,0,0.0,0,0.0,0,0.0,0,2313.4,14,0.0,0,0.0,0,0.0,0,0.0,0
2012-10-17T09:21:55.000,2313.4,16645,2313.4,39,0.0,0,0.0,0,0.0,0,0.0,0,2313.6,23,0.0,0,0.0,0,0.0,0,0.0,0
2012-10-17T09:21:55.500,2313.6,16676,2313.6,1,0.0,0,0.0,0,0.0,0,0.0,0,2313.8,19,0.0,0,0.0,0,0.0,0,0.0,0
2012-10-17T09:21:56.000,2313.6,16681,2313.6,1,0.0,0,0.0,0,0.0,0,0.0,0,2313.8,26,0.0,0,0.0,0,0.0,0,0.0,0
2012-10-17T09:21:56.500,2313.8,16694,2313.6,7,0.0,0,0.0,0,0.0,0,0.0,0,2313.8,7,0.0,0,0.0,0,0.0,0,0.0,0
2012-10-17T09:21:57.000,2313.6,16703,2313.6,5,0.0,0,0.0,0,0.0,0,0.0,0,2313.8,1,0.0,0,0.0,0,0.0,0,0.0,0
2012-10-17T09:21:57.500,2313.8,16716,2313.8,8,0.0,0,0.0,0,0.0,0,0.0,0,2314,32,0.0,0,0.0,0,0.0,0,0.0,0
2012-10-17T09:21:58.000,2314,16731,2313.8,3,0.0,0,0.0,0,0.0,0,0.0,0,2314,31,0.0,0,0.0,0,0.0,0,0.0,0
2012-10-17T09:21:58.500,2314,16740,2313.8,3,0.0,0,0.0,0,0.0,0,0.0,0,2314,24,0.0,0,0.0,0,0.0,0,0.0,0
2012-10-17T09:21:59.000,2313.8,16773,2314,13,0.0,0,0.0,0,0.0,0,0.0,0,2314.2,76,0.0,0,0.0,0,0.0,0,0.0,0
2012-10-17T09:21:59.500,2314.2,16799,2314,1,0.0,0,0.0,0,0.0,0,0.0,0,2314.2,73,0.0,0,0.0,0,0.0,0,0.0,0
2012-10-17T09:22:00.000,2314,16802,2313.8,2,0.0,0,0.0,0,0.0,0,0.0,0,2314,26,0.0,0,0.0,0,0.0,0,0.0,0
2012-10-17T09:22:00.500,2314,16826,2313.8,1,0.0,0,0.0,0,0.0,0,0.0,0,2314,16,0.0,0,0.0,0,0.0,0,0.0,0
2012-10-17T09:22:01.000,2313.8,16850,2313.8,9,0.0,0,0.0,0,0.0,0,0.0,0,2314,25,0.0,0,0.0,0,0.0,0,0.0,0
2012-10-17T09:22:01.500,2314,16861,2313.8,7,0.0,0,0.0,0,0.0,0,0.0,0,2314,22,0.0,0,0.0,0,0.0,0,0.0,0
2012-10-17T09:22:02.000,2313.8,16877,2313.4,43,0.0,0,0.0,0,0.0,0,0.0,0,2313.8,3,0.0,0,0.0,0,0.0,0,0.0,0
2012-10-17T09:22:02.500,2313.8,16886,2313.4,57,0.0,0,0.0,0,0.0,0,0.0,0,2313.8,9,0.0,0,0.0,0,0.0,0,0.0,0
2012-10-17T09:22:03.000,2313.8,16894,2313.4,35,0.0,0,0.0,0,0.0,0,0.0,0,2313.8,10,0.0,0,0.0,0,0.0,0,0.0,0
2012-10-17T09:22:03.500,2313.6,16895,2313.6,16,0.0,0,0.0,0,0.0,0,0.0,0,2313.8,15,0.0,0,0.0,0,0.0,0,0.0,0
2012-10-17T09:22:04.000,2313.8,16899,2313.6,15,0.0,0,0.0,0,0.0,0,0.0,0,2313.8,12,0.0,0,0.0,0,0.0,0,0.0,0
2012-10-17T09:22:04.500,2313.8,16903,2313.6,14,0.0,0,0.0,0,0.0,0,0.0,0,2313.8,29,0.0,0,0.0,0,0.0,0,0.0,0
2012-10-17T09:22:05.000,2313.8,16922,2313.6,4,0.0,0,0.0,0,0.0,0,0.0,0,2313.8,20,0.0,0,0.0,0,0.0,0,0.0,0
2012-10-17T09:22:05.500,2313.6,16930,2313.6,4,0.0,0,0.0,0,0.0,0,0.0,0,2313.8,21,0.0,0,0.0,0,0.0,0,0.0,0
2012-10-17T09:22:06.000,2313.4,16971,2313.4,12,0.0,0,0.0,0,0.0,0,0.0,0,2313.8,19,0.0,0,0.0,0,0.0,0,0.0,0
2012-10-17T09:22:06.500,2313.6,16977,2313.4,8,0.0,0,0.0,0,0.0,0,0.0,0,2313.6,9,0.0,0,0.0,0,0.0,0,0.0,0
2012-10-17T09:22:07.000,2313.4,16985,2313.4,8,0.0,0,0.0,0,0.0,0,0.0,0,2313.6,8,0.0,0,0.0,0,0.0,0,0.0,0
2012-10-17T09:22:07.500,2313.6,16994,2313.4,1,0.0,0,0.0,0,0.0,0,0.0,0,2313.6,14,0.0,0,0.0,0,0.0,0,0.0,0
2012-10-17T09:22:08.000,2313.2,16996,2313.2,50,0.0,0,0.0,0,0.0,0,0.0,0,2313.4,13,0.0,0,0.0,0,0.0,0,0.0,0
2012-10-17T09:22:08.500,2313.2,17006,2313.2,50,0.0,0,0.0,0,0.0,0,0.0,0,2313.4,45,0.0,0,0.0,0,0.0,0,0.0,0
2012-10-17T09:22:09.000,2313.4,17010,2313.2,45,0.0,0,0.0,0,0.0,0,0.0,0,2313.4,47,0.0,0,0.0,0,0.0,0,0.0,0
2012-10-17T09:22:09.500,2313.2,17061,2313,42,0.0,0,0.0,0,0.0,0,0.0,0,2313.2,4,0.0,0,0.0,0,0.0,0,0.0,0
2012-10-17T09:22:10.000,2313.2,17069,2313.2,1,0.0,0,0.0,0,0.0,0,0.0,0,2313.4,37,0.0,0,0.0,0,0.0,0,0.0,0
2012-10-17T09:22:10.500,2313.4,17094,2313.2,1,0.0,0,0.0,0,0.0,0,0.0,0,2313.4,27,0.0,0,0.0,0,0.0,0,0.0,0
2012-10-17T09:22:11.000,2313.4,17095,2313.2,14,0.0,0,0.0,0,0.0,0,0.0,0,2313.4,29,0.0,0,0.0,0,0.0,0,0.0,0
2012-10-17T09:22:11.500,2313.4,17097,2313.2,18,0.0,0,0.0,0,0.0,0,0.0,0,2313.4,28,0.0,0,0.0,0,0.0,0,0.0,0
2012-10-17T09:22:12.000,2313.4,17102,2313.2,16,0.0,0,0.0,0,0.0,0,0.0,0,2313.4,26,0.0,0,0.0,0,0.0,0,0.0,0
2012-10-17T09:22:12.500,2313.2,17109,2313.2,14,0.0,0,0.0,0,0.0,0,0.0,0,2313.4,25,0.0,0,0.0,0,0.0,0,0.0,0
2012-10-17T09:22:13.000,2313.2,17111,2313.2,13,0.0,0,0.0,0,0.0,0,0.0,0,2313.4,25,0.0,0,0.0,0,0.0,0,0.0,0
2012-10-17T09:22:13.500,2313.2,17125,2313.2,10,0.0,0,0.0,0,0.0,0,0.0,0,2313.4,14,0.0,0,0.0,0,0.0,0,0.0,0
2012-10-17T09:22:14.000,2313.2,17126,2313.2,9,0.0,0,0.0,0,0.0,0,0.0,0,2313.4,14,0.0,0,0.0,0,0.0,0,0.0,0
2012-10-17T09:22:14.500,2313.2,17136,2313,54,0.0,0,0.0,0,0.0,0,0.0,0,2313.2,22,0.0,0,0.0,0,0.0,0,0.0,0
2012-10-17T09:22:15.000,2313,17161,2313,51,0.0,0,0.0,0,0.0,0,0.0,0,2313.2,14,0.0,0,0.0,0,0.0,0,0.0,0
2012-10-17T09:22:15.500,2313.2,17168,2313,40,0.0,0,0.0,0,0.0,0,0.0,0,2313.2,12,0.0,0,0.0,0,0.0,0,0.0,0
2012-10-17T09:22:16.000,2313,17171,2313,38,0.0,0,0.0,0,0.0,0,0.0,0,2313.2,13,0.0,0,0.0,0,0.0,0,0.0,0
2012-10-17T09:22:16.500,2313,17182,2313,35,0.0,0,0.0,0,0.0,0,0.0,0,2313.2,8,0.0,0,0.0,0,0.0,0,0.0,0
2012-10-17T09:22:17.000,2313,17185,2313,35,0.0,0,0.0,0,0.0,0,0.0,0,2313.2,9,0.0,0,0.0,0,0.0,0,0.0,0
2012-10-17T09:22:17.500,2313.2,17192,2313,30,0.0,0,0.0,0,0.0,0,0.0,0,2313.2,8,0.0,0,0.0,0,0.0,0,0.0,0
2012-10-17T09:22:18.000,2313,17197,2313,27,0.0,0,0.0,0,0.0,0,0.0,0,2313.2,5,0.0,0,0.0,0,0.0,0,0.0,0
2012-10-17T09:22:18.500,2313,17216,2313,6,0.0,0,0.0,0,0.0,0,0.0,0,2313.2,5,0.0,0,0.0,0,0.0,0,0.0,0
2012-10-17T09:22:19.000,2313,17223,2312.8,21,0.0,0,0.0,0,0.0,0,0.0,0,2313,1,0.0,0,0.0,0,0.0,0,0.0,0
2012-10-17T09:22:19.500,2312.8,17237,2312.8,10,0.0,0,0.0,0,0.0,0,0.0,0,2313,4,0.0,0,0.0,0,0.0,0,0.0,0
2012-10-17T09:22:20.000,2312.8,17243,2312.8,4,0.0,0,0.0,0,0.0,0,0.0,0,2313,42,0.0,0,0.0,0,0.0,0,0.0,0
2012-10-17T09:22:20.500,2312.6,17255,2312.6,2,0.0,0,0.0,0,0.0,0,0.0,0,2312.8,1,0.0,0,0.0,0,0.0,0,0.0,0
2012-10-17T09:22:21.000,2312.6,17272,2312.6,28,0.0,0,0.0,0,0.0,0,0.0,0,2312.8,4,0.0,0,0.0,0,0.0,0,0.0,0
2012-10-17T09:22:21.500,2312.8,17286,2312.6,21,0.0,0,0.0,0,0.0,0,0.0,0,2312.8,15,0.0,0,0.0,0,0.0,0,0.0,0
2012-10-17T09:22:22.000,2312.8,17306,2312.6,4,0.0,0,0.0,0,0.0,0,0.0,0,2312.8,17,0.0,0,0.0,0,0.0,0,0.0,0
2012-10-17T09:22:22.500,2312.6,17310,2312.6,6,0.0,0,0.0,0,0.0,0,0.0,0,2312.8,17,0.0,0,0.0,0,0.0,0,0.0,0
2012-10-17T09:22:23.000,2312.6,17322,2312.6,3,0.0,0,0.0,0,0.0,0,0.0,0,2312.8,15,0.0,0,0.0,0,0.0,0,0.0,0
2012-10-17T09:22:23.500,2312.6,17329,2312.6,5,0.0,0,0.0,0,0.0,0,0.0,0,2312.8,15,0.0,0,0.0,0,0.0,0,0.0,0
2012-10-17T09:22:24.000,2312.6,17332,2312.6,5,0.0,0,0.0,0,0.0,0,0.0,0,2312.8,14,0.0,0,0.0,0,0.0,0,0.0,0
2012-10-17T09:22:24.500,2312.8,17346,2312.6,2,0.0,0,0.0,0,0.0,0,0.0,0,2312.8,14,0.0,0,0.0,0,0.0,0,0.0,0
2012-10-17T09:22:25.000,2312.8,17347,2312.6,3,0.0,0,0.0,0,0.0,0,0.0,0,2312.8,13,0.0,0,0.0,0,0.0,0,0.0,0
2012-10-17T09:22:25.500,2312.6,17349,2312.6,3,0.0,0,0.0,0,0.0,0,0.0,0,2312.8,13,0.0,0,0.0,0,0.0,0,0.0,0
2012-10-17T09:22:26.000,2312.6,17350,2312.6,8,0.0,0,0.0,0,0.0,0,0.0,0,2312.8,13,0.0,0,0.0,0,0.0,0,0.0,0
2012-10-17T09:22:26.500,2312.8,17354,2312.6,5,0.0,0,0.0,0,0.0,0,0.0,0,2312.8,12,0.0,0,0.0,0,0.0,0,0.0,0
2012-10-17T09:22:27.000,2312.6,17359,2312.4,13,0.0,0,0.0,0,0.0,0,0.0,0,2312.6,14,0.0,0,0.0,0,0.0,0,0.0,0
2012-10-17T09:22:27.500,2312.6,17361,2312.4,18,0.0,0,0.0,0,0.0,0,0.0,0,2312.6,20,0.0,0,0.0,0,0.0,0,0.0,0
2012-10-17T09:22:28.000,2312.4,17363,2312.4,13,0.0,0,0.0,0,0.0,0,0.0,0,2312.6,22,0.0,0,0.0,0,0.0,0,0.0,0
2012-10-17T09:22:28.500,2312.4,17365,2312.4,12,0.0,0,0.0,0,0.0,0,0.0,0,2312.6,25,0.0,0,0.0,0,0.0,0,0.0,0
2012-10-17T09:22:29.000,2312.6,17375,2312.4,12,0.0,0,0.0,0,0.0,0,0.0,0,2312.6,16,0.0,0,0.0,0,0.0,0,0.0,0
2012-10-17T09:22:29.500,2312.6,17386,2312.4,11,0.0,0,0.0,0,0.0,0,0.0,0,2312.6,7,0.0,0,0.0,0,0.0,0,0.0,0
2012-10-17T09:22:30.000,2312.4,17407,2312.2,86,0.0,0,0.0,0,0.0,0,0.0,0,2312.4,41,0.0,0,0.0,0,0.0,0,0.0,0
2012-10-17T09:22:30.500,2312.4,17414,2312.2,86,0.0,0,0.0,0,0.0,0,0.0,0,2312.4,35,0.0,0,0.0,0,0.0,0,0.0,0
2012-10-17T09:22:31.000,2312.4,17450,2312.2,86,0.0,0,0.0,0,0.0,0,0.0,0,2312.4,1,0.0,0,0.0,0,0.0,0,0.0,0
2012-10-17T09:22:31.500,2312.2,17464,2312.2,79,0.0,0,0.0,0,0.0,0,0.0,0,2312.6,5,0.0,0,0.0,0,0.0,0,0.0,0
2012-10-17T09:22:32.000,2312.6,17467,2312.4,11,0.0,0,0.0,0,0.0,0,0.0,0,2312.6,4,0.0,0,0.0,0,0.0,0,0.0,0
2012-10-17T09:22:32.500,2312.6,17471,2312.4,18,0.0,0,0.0,0,0.0,0,0.0,0,2312.6,6,0.0,0,0.0,0,0.0,0,0.0,0
2012-10-17T09:22:33.000,2312.6,17489,2312.6,40,0.0,0,0.0,0,0.0,0,0.0,0,2312.8,13,0.0,0,0.0,0,0.0,0,0.0,0
2012-10-17T09:22:33.500,2312.6,17498,2312.6,35,0.0,0,0.0,0,0.0,0,0.0,0,2312.8,11,0.0,0,0.0,0,0.0,0,0.0,0
2012-10-17T09:22:34.000,2312.8,17514,2312.6,30,0.0,0,0.0,0,0.0,0,0.0,0,2313,51,0.0,0,0.0,0,0.0,0,0.0,0
2012-10-17T09:22:34.500,2313,17517,2312.8,1,0.0,0,0.0,0,0.0,0,0.0,0,2313,47,0.0,0,0.0,0,0.0,0,0.0,0
2012-10-17T09:22:35.000,2313,17525,2312.6,24,0.0,0,0.0,0,0.0,0,0.0,0,2313,54,0.0,0,0.0,0,0.0,0,0.0,0
2012-10-17T09:22:35.500,2313,17528,2312.6,30,0.0,0,0.0,0,0.0,0,0.0,0,2313,43,0.0,0,0.0,0,0.0,0,0.0,0
2012-10-17T09:22:36.000,2312.6,17533,2312.6,39,0.0,0,0.0,0,0.0,0,0.0,0,2313,38,0.0,0,0.0,0,0.0,0,0.0,0
2012-10-17T09:22:36.500,2312.6,17535,2312.6,37,0.0,0,0.0,0,0.0,0,0.0,0,2313,38,0.0,0,0.0,0,0.0,0,0.0,0
2012-10-17T09:22:37.000,2312.6,17547,2312.6,27,0.0,0,0.0,0,0.0,0,0.0,0,2313,38,0.0,0,0.0,0,0.0,0,0.0,0
2012-10-17T09:22:37.500,2313,17551,2312.6,27,0.0,0,0.0,0,0.0,0,0.0,0,2313,36,0.0,0,0.0,0,0.0,0,0.0,0
2012-10-17T09:22:38.000,2313,17556,2312.6,25,0.0,0,0.0,0,0.0,0,0.0,0,2313,34,0.0,0,0.0,0,0.0,0,0.0,0
2012-10-17T09:22:38.500,2313,17561,2312.6,23,0.0,0,0.0,0,0.0,0,0.0,0,2313,31,0.0,0,0.0,0,0.0,0,0.0,0
2012-10-17T09:22:39.000,2312.6,17568,2312.6,25,0.0,0,0.0,0,0.0,0,0.0,0,2313,26,0.0,0,0.0,0,0.0,0,0.0,0
2012-10-17T09:22:39.500,2312.6,17571,2312.6,24,0.0,0,0.0,0,0.0,0,0.0,0,2313,25,0.0,0,0.0,0,0.0,0,0.0,0
2012-10-17T09:22:40.000,2313,17574,2312.6,23,0.0,0,0.0,0,0.0,0,0.0,0,2313,24,0.0,0,0.0,0,0.0,0,0.0,0
2012-10-17T09:22:40.500,2312.6,17581,2312.6,20,0.0,0,0.0,0,0.0,0,0.0,0,2312.8,2,0.0,0,0.0,0,0.0,0,0.0,0
2012-10-17T09:22:41.000,2312.8,17583,2312.8,1,0.0,0,0.0,0,0.0,0,0.0,0,2313,20,0.0,0,0.0,0,0.0,0,0.0,0
2012-10-17T09:22:41.500,2313,17588,2312.8,1,0.0,0,0.0,0,0.0,0,0.0,0,2313,25,0.0,0,0.0,0,0.0,0,0.0,0
2012-10-17T09:22:42.000,2313,17590,2312.6,20,0.0,0,0.0,0,0.0,0,0.0,0,2313,25,0.0,0,0.0,0,0.0,0,0.0,0
2012-10-17T09:22:42.500,2312.6,17591,2312.6,23,0.0,0,0.0,0,0.0,0,0.0,0,2312.8,3,0.0,0,0.0,0,0.0,0,0.0,0
2012-10-17T09:22:43.000,2312.6,17594,2312.6,21,0.0,0,0.0,0,0.0,0,0.0,0,2312.8,2,0.0,0,0.0,0,0.0,0,0.0,0
2012-10-17T09:22:43.500,2313,17599,2312.8,3,0.0,0,0.0,0,0.0,0,0.0,0,2313,25,0.0,0,0.0,0,0.0,0,0.0,0
2012-10-17T09:22:44.000,2312.8,17600,2312.8,2,0.0,0,0.0,0,0.0,0,0.0,0,2313,35,0.0,0,0.0,0,0.0,0,0.0,0
2012-10-17T09:22:44.500,2312.8,17611,2312.8,3,0.0,0,0.0,0,0.0,0,0.0,0,2313,27,0.0,0,0.0,0,0.0,0,0.0,0
2012-10-17T09:22:45.000,2313,17618,2312.6,35,0.0,0,0.0,0,0.0,0,0.0,0,2313,32,0.0,0,0.0,0,0.0,0,0.0,0
2012-10-17T09:22:45.500,2312.8,17633,2312.6,33,0.0,0,0.0,0,0.0,0,0.0,0,2313,13,0.0,0,0.0,0,0.0,0,0.0,0
2012-10-17T09:22:46.250,2313,17649,2312.8,1,0.0,0,0.0,0,0.0,0,0.0,0,2313.2,34,0.0,0,0.0,0,0.0,0,0.0,0
2012-10-17T09:22:47.000,2312.8,17656,2312.8,1,0.0,0,0.0,0,0.0,0,0.0,0,2313.2,41,0.0,0,0.0,0,0.0,0,0.0,0
2012-10-17T09:22:47.500,2313,17702,2313,7,0.0,0,0.0,0,0.0,0,0.0,0,2313.2,25,0.0,0,0.0,0,0.0,0,0.0,0
2012-10-17T09:22:48.000,2313,17715,2313,5,0.0,0,0.0,0,0.0,0,0.0,0,2313.2,16,0.0,0,0.0,0,0.0,0,0.0,0
2012-10-17T09:22:48.500,2313,17722,2312.8,1,0.0,0,0.0,0,0.0,0,0.0,0,2313,9,0.0,0,0.0,0,0.0,0,0.0,0
2012-10-17T09:22:49.000,2313,17743,2313,11,0.0,0,0.0,0,0.0,0,0.0,0,2313.2,4,0.0,0,0.0,0,0.0,0,0.0,0
2012-10-17T09:22:49.500,2313,17748,2313,7,0.0,0,0.0,0,0.0,0,0.0,0,2313.2,7,0.0,0,0.0,0,0.0,0,0.0,0
2012-10-17T09:22:50.000,2313.2,17763,2313.2,4,0.0,0,0.0,0,0.0,0,0.0,0,2313.4,14,0.0,0,0.0,0,0.0,0,0.0,0
2012-10-17T09:22:50.500,2313.2,17768,2313.2,3,0.0,0,0.0,0,0.0,0,0.0,0,2313.4,11,0.0,0,0.0,0,0.0,0,0.0,0
2012-10-17T09:22:51.000,2313.2,17777,2313,7,0.0,0,0.0,0,0.0,0,0.0,0,2313.2,3,0.0,0,0.0,0,0.0,0,0.0,0
2012-10-17T09:22:51.500,2313.2,17780,2313.2,7,0.0,0,0.0,0,0.0,0,0.0,0,2313.4,6,0.0,0,0.0,0,0.0,0,0.0,0
2012-10-17T09:22:52.000,2313.4,17785,2313.2,18,0.0,0,0.0,0,0.0,0,0.0,0,2313.4,7,0.0,0,0.0,0,0.0,0,0.0,0
2012-10-17T09:22:52.500,2313.2,17787,2313.2,20,0.0,0,0.0,0,0.0,0,0.0,0,2313.4,7,0.0,0,0.0,0,0.0,0,0.0,0
2012-10-17T09:22:53.000,2313.4,17794,2313.4,5,0.0,0,0.0,0,0.0,0,0.0,0,2313.6,30,0.0,0,0.0,0,0.0,0,0.0,0
2012-10-17T09:22:53.500,2313.6,17801,2313.4,7,0.0,0,0.0,0,0.0,0,0.0,0,2313.6,34,0.0,0,0.0,0,0.0,0,0.0,0
2012-10-17T09:22:54.250,2313.6,17810,2313.4,7,0.0,0,0.0,0,0.0,0,0.0,0,2313.6,24,0.0,0,0.0,0,0.0,0,0.0,0
2012-10-17T09:22:55.250,2313.4,17814,2313.4,8,0.0,0,0.0,0,0.0,0,0.0,0,2313.6,36,0.0,0,0.0,0,0.0,0,0.0,0
2012-10-17T09:22:56.000,2313.6,17855,2313.2,19,0.0,0,0.0,0,0.0,0,0.0,0,2313.6,7,0.0,0,0.0,0,0.0,0,0.0,0
2012-10-17T09:22:56.500,2313.4,17856,2313.4,2,0.0,0,0.0,0,0.0,0,0.0,0,2313.6,9,0.0,0,0.0,0,0.0,0,0.0,0
2012-10-17T09:22:57.000,2313.4,17863,2313.2,18,0.0,0,0.0,0,0.0,0,0.0,0,2313.4,59,0.0,0,0.0,0,0.0,0,0.0,0
2012-10-17T09:22:57.500,2313.4,17878,2313.2,4,0.0,0,0.0,0,0.0,0,0.0,0,2313.4,63,0.0,0,0.0,0,0.0,0,0.0,0
2012-10-17T09:22:58.000,2313.2,17893,2313,7,0.0,0,0.0,0,0.0,0,0.0,0,2313.2,18,0.0,0,0.0,0,0.0,0,0.0,0
2012-10-17T09:22:58.500,2313.2,17895,2313,7,0.0,0,0.0,0,0.0,0,0.0,0,2313.2,21,0.0,0,0.0,0,0.0,0,0.0,0
2012-10-17T09:22:59.000,2313.2,17902,2313,1,0.0,0,0.0,0,0.0,0,0.0,0,2313.2,30,0.0,0,0.0,0,0.0,0,0.0,0
2012-10-17T09:22:59.500,2313,17904,2312.8,3,0.0,0,0.0,0,0.0,0,0.0,0,2313,2,0.0,0,0.0,0,0.0,0,0.0,0
2012-10-17T09:23:00.000,2312.8,17908,2312.6,33,0.0,0,0.0,0,0.0,0,0.0,0,2312.8,2,0.0,0,0.0,0,0.0,0,0.0,0
2012-10-17T09:23:00.500,2312.8,17910,2312.6,33,0.0,0,0.0,0,0.0,0,0.0,0,2313,6,0.0,0,0.0,0,0.0,0,0.0,0
2012-10-17T09:23:01.000,2312.6,17911,2312.8,6,0.0,0,0.0,0,0.0,0,0.0,0,2313,6,0.0,0,0.0,0,0.0,0,0.0,0
2012-10-17T09:23:01.500,2313,17912,2312.8,6,0.0,0,0.0,0,0.0,0,0.0,0,2313,15,0.0,0,0.0,0,0.0,0,0.0,0
2012-10-17T09:23:02.000,2312.8,17913,2312.8,5,0.0,0,0.0,0,0.0,0,0.0,0,2313,15,0.0,0,0.0,0,0.0,0,0.0,0
2012-10-17T09:23:02.500,2312.8,17922,2312.8,1,0.0,0,0.0,0,0.0,0,0.0,0,2313,15,0.0,0,0.0,0,0.0,0,0.0,0
2012-10-17T09:23:03.250,2312.8,17925,2312.6,32,0.0,0,0.0,0,0.0,0,0.0,0,2312.8,5,0.0,0,0.0,0,0.0,0,0.0,0
2012-10-17T09:23:04.000,2312.8,17934,2312.6,32,0.0,0,0.0,0,0.0,0,0.0,0,2312.8,10,0.0,0,0.0,0,0.0,0,0.0,0
2012-10-17T09:23:04.500,2312.8,17939,2312.6,30,0.0,0,0.0,0,0.0,0,0.0,0,2312.8,7,0.0,0,0.0,0,0.0,0,0.0,0
2012-10-17T09:23:05.000,2312.4,17972,2312.4,10,0.0,0,0.0,0,0.0,0,0.0,0,2312.6,7,0.0,0,0.0,0,0.0,0,0.0,0
2012-10-17T09:23:05.500,2312.4,17983,2312.4,7,0.0,0,0.0,0,0.0,0,0.0,0,2312.8,8,0.0,0,0.0,0,0.0,0,0.0,0
2012-10-17T09:23:06.000,2312.6,17998,2312.4,2,0.0,0,0.0,0,0.0,0,0.0,0,2312.6,59,0.0,0,0.0,0,0.0,0,0.0,0
2012-10-17T09:23:06.500,2312.2,18009,2312.2,93,0.0,0,0.0,0,0.0,0,0.0,0,2312.4,14,0.0,0,0.0,0,0.0,0,0.0,0
2012-10-17T09:23:07.000,2312.4,18037,2312.2,78,0.0,0,0.0,0,0.0,0,0.0,0,2312.4,30,0.0,0,0.0,0,0.0,0,0.0,0
2012-10-17T09:23:07.500,2312.2,18058,2312.2,54,0.0,0,0.0,0,0.0,0,0.0,0,2312.4,12,0.0,0,0.0,0,0.0,0,0.0,0
2012-10-17T09:23:08.000,2312.2,18070,2312.2,44,0.0,0,0.0,0,0.0,0,0.0,0,2312.4,8,0.0,0,0.0,0,0.0,0,0.0,0
2012-10-17T09:23:08.500,2312.2,18078,2312.2,46,0.0,0,0.0,0,0.0,0,0.0,0,2312.4,1,0.0,0,0.0,0,0.0,0,0.0,0
2012-10-17T09:23:09.000,2312.2,18123,2312.2,15,0.0,0,0.0,0,0.0,0,0.0,0,2312.4,1,0.0,0,0.0,0,0.0,0,0.0,0
2012-10-17T09:23:09.500,2312.2,18142,2312,102,0.0,0,0.0,0,0.0,0,0.0,0,2312.2,43,0.0,0,0.0,0,0.0,0,0.0,0
2012-10-17T09:23:10.000,2312.2,18156,2312,106,0.0,0,0.0,0,0.0,0,0.0,0,2312.2,37,0.0,0,0.0,0,0.0,0,0.0,0
2012-10-17T09:23:10.500,2312.2,18200,2312,71,0.0,0,0.0,0,0.0,0,0.0,0,2312.2,22,0.0,0,0.0,0,0.0,0,0.0,0
2012-10-17T09:23:11.000,2312,18228,2312,44,0.0,0,0.0,0,0.0,0,0.0,0,2312.2,28,0.0,0,0.0,0,0.0,0,0.0,0
2012-10-17T09:23:11.500,2312,18258,2312,20,0.0,0,0.0,0,0.0,0,0.0,0,2312.2,30,0.0,0,0.0,0,0.0,0,0.0,0
2012-10-17T09:23:12.000,2312,18282,2311.8,44,0.0,0,0.0,0,0.0,0,0.0,0,2312,34,0.0,0,0.0,0,0.0,0,0.0,0
2012-10-17T09:23:12.500,2312,18290,2311.8,46,0.0,0,0.0,0,0.0,0,0.0,0,2312,36,0.0,0,0.0,0,0.0,0,0.0,0
2012-10-17T09:23:13.000,2311.8,18296,2311.8,37,0.0,0,0.0,0,0.0,0,0.0,0,2312,44,0.0,0,0.0,0,0.0,0,0.0,0
2012-10-17T09:23:13.500,2312,18309,2311.8,39,0.0,0,0.0,0,0.0,0,0.0,0,2312,42,0.0,0,0.0,0,0.0,0,0.0,0
2012-10-17T09:23:14.000,2312,18330,2311.8,25,0.0,0,0.0,0,0.0,0,0.0,0,2312,36,0.0,0,0.0,0,0.0,0,0.0,0
2012-10-17T09:23:14.500,2311.8,18341,2311.8,19,0.0,0,0.0,0,0.0,0,0.0,0,2312,38,0.0,0,0.0,0,0.0,0,0.0,0
2012-10-17T09:23:15.000,2312,18372,2311.8,10,0.0,0,0.0,0,0.0,0,0.0,0,2312,35,0.0,0,0.0,0,0.0,0,0.0,0
2012-10-17T09:23:15.500,2312,18387,2311.8,7,0.0,0,0.0,0,0.0,0,0.0,0,2312,29,0.0,0,0.0,0,0.0,0,0.0,0
2012-10-17T09:23:16.000,2311.8,18413,2311.8,5,0.0,0,0.0,0,0.0,0,0.0,0,2312,28,0.0,0,0.0,0,0.0,0,0.0,0
2012-10-17T09:23:16.500,2311.8,18435,2311.6,42,0.0,0,0.0,0,0.0,0,0.0,0,2311.8,10,0.0,0,0.0,0,0.0,0,0.0,0
2012-10-17T09:23:17.000,2311.6,18455,2311.6,41,0.0,0,0.0,0,0.0,0,0.0,0,2311.8,3,0.0,0,0.0,0,0.0,0,0.0,0
2012-10-17T09:23:17.500,2311.6,18471,2311.6,34,0.0,0,0.0,0,0.0,0,0.0,0,2311.8,18,0.0,0,0.0,0,0.0,0,0.0,0
2012-10-17T09:23:18.000,2311.6,18475,2311.6,32,0.0,0,0.0,0,0.0,0,0.0,0,2311.8,21,0.0,0,0.0,0,0.0,0,0.0,0
2012-10-17T09:23:18.500,2311.6,18490,2311.6,23,0.0,0,0.0,0,0.0,0,0.0,0,2311.8,15,0.0,0,0.0,0,0.0,0,0.0,0
2012-10-17T09:23:19.000,2311.8,18502,2311.6,13,0.0,0,0.0,0,0.0,0,0.0,0,2311.8,16,0.0,0,0.0,0,0.0,0,0.0,0
