date_time,last_px,total_volume,bid1_px,bid1_qty,bid2_px,bid2_qty,bid3_px,bid3_qty,bid4_px,bid4_qty,bid5_px,bid5_qty,ask1_px,ask1_qty,ask2_px,ask2_qty,ask3_px,ask3_qty,ask4_px,ask4_qty,ask5_px,ask5_qty
2012-10-10T09:14:00.250,2313.4,366,2313.2,37,0.0,0,0.0,0,0.0,0,0.0,0,2313.6,2,0.0,0,0.0,0,0.0,0,0.0,0
2012-10-10T09:15:00.250,2314.8,770,2313.4,46,0.0,0,0.0,0,0.0,0,0.0,0,2314.8,4,0.0,0,0.0,0,0.0,0,0.0,0
2012-10-10T09:15:01.000,2313.8,972,2313.8,3,0.0,0,0.0,0,0.0,0,0.0,0,2314.4,4,0.0,0,0.0,0,0.0,0,0.0,0
2012-10-10T09:15:01.500,2314.4,1064,2314.4,7,0.0,0,0.0,0,0.0,0,0.0,0,2315,35,0.0,0,0.0,0,0.0,0,0.0,0
2012-10-10T09:15:02.000,2314.4,1188,2314,52,0.0,0,0.0,0,0.0,0,0.0,0,2314.4,2,0.0,0,0.0,0,0.0,0,0.0,0
2012-10-10T09:15:02.500,2314.2,1345,2314,4,0.0,0,0.0,0,0.0,0,0.0,0,2314.2,10,0.0,0,0.0,0,0.0,0,0.0,0
2012-10-10T09:15:03.000,2313.8,1420,2313.6,64,0.0,0,0.0,0,0.0,0,0.0,0,2313.8,23,0.0,0,0.0,0,0.0,0,0.0,0
2012-10-10T09:15:03.500,2313.4,1546,2313.4,143,0.0,0,0.0,0,0.0,0,0.0,0,2313.6,38,0.0,0,0.0,0,0.0,0,0.0,0
2012-10-10T09:15:04.000,2313.8,1686,2313.4,50,0.0,0,0.0,0,0.0,0,0.0,0,2313.8,2,0.0,0,0.0,0,0.0,0,0.0,0
2012-10-10T09:15:04.500,2313.4,1778,2313.4,13,0.0,0,0.0,0,0.0,0,0.0,0,2314,3,0.0,0,0.0,0,0.0,0,0.0,0
2012-10-10T09:15:05.000,2313.6,1941,2313,7,0.0,0,0.0,0,0.0,0,0.0,0,2313.6,18,0.0,0,0.0,0,0.0,0,0.0,0
2012-10-10T09:15:05.500,2313.4,2114,2312.2,35,0.0,0,0.0,0,0.0,0,0.0,0,2313.4,4,0.0,0,0.0,0,0.0,0,0.0,0
2012-10-10T09:15:06.000,2313,2246,2312,125,0.0,0,0.0,0,0.0,0,0.0,0,2313,46,0.0,0,0.0,0,0.0,0,0.0,0
2012-10-10T09:15:06.500,2312.2,2317,2312.2,16,0.0,0,0.0,0,0.0,0,0.0,0,2312.4,1,0.0,0,0.0,0,0.0,0,0.0,0
2012-10-10T09:15:07.000,2312,2445,2312,102,0.0,0,0.0,0,0.0,0,0.0,0,2312.2,3,0.0,0,0.0,0,0.0,0,0.0,0
2012-10-10T09:15:07.500,2312,2548,2312.2,10,0.0,0,0.0,0,0.0,0,0.0,0,2313,44,0.0,0,0.0,0,0.0,0,0.0,0
2012-10-10T09:15:08.000,2312.2,2593,2312.6,5,0.0,0,0.0,0,0.0,0,0.0,0,2312.8,2,0.0,0,0.0,0,0.0,0,0.0,0
2012-10-10T09:15:08.500,2312.8,2680,2312.8,1,0.0,0,0.0,0,0.0,0,0.0,0,2313,38,0.0,0,0.0,0,0.0,0,0.0,0
2012-10-10T09:15:09.000,2313.2,2781,2313,3,0.0,0,0.0,0,0.0,0,0.0,0,2313.4,21,0.0,0,0.0,0,0.0,0,0.0,0
2012-10-10T09:15:09.500,2313.2,2847,2312.2,52,0.0,0,0.0,0,0.0,0,0.0,0,2313.2,4,0.0,0,0.0,0,0.0,0,0.0,0
2012-10-10T09:15:10.000,2313,2901,2312.6,12,0.0,0,0.0,0,0.0,0,0.0,0,2313,26,0.0,0,0.0,0,0.0,0,0.0,0
2012-10-10T09:15:10.500,2312.8,2941,2312.6,7,0.0,0,0.0,0,0.0,0,0.0,0,2312.8,6,0.0,0,0.0,0,0.0,0,0.0,0
2012-10-10T09:15:11.000,2312.6,2974,2312.6,1,0.0,0,0.0,0,0.0,0,0.0,0,2312.8,7,0.0,0,0.0,0,0.0,0,0.0,0
2012-10-10T09:15:11.500,2313.4,3008,2313.2,3,0.0,0,0.0,0,0.0,0,0.0,0,2313.6,11,0.0,0,0.0,0,0.0,0,0.0,0
2012-10-10T09:15:12.000,2313.2,3063,2313,9,0.0,0,0.0,0,0.0,0,0.0,0,2313.2,3,0.0,0,0.0,0,0.0,0,0.0,0
2012-10-10T09:15:12.500,2313.2,3086,2313.2,23,0.0,0,0.0,0,0.0,0,0.0,0,2313.8,3,0.0,0,0.0,0,0.0,0,0.0,0
2012-10-10T09:15:13.000,2313.6,3121,2313.4,7,0.0,0,0.0,0,0.0,0,0.0,0,2313.6,3,0.0,0,0.0,0,0.0,0,0.0,0
2012-10-10T09:15:13.500,2313.6,3177,2313.6,34,0.0,0,0.0,0,0.0,0,0.0,0,2313.8,3,0.0,0,0.0,0,0.0,0,0.0,0
2012-10-10T09:15:14.000,2313.6,3196,2313.8,52,0.0,0,0.0,0,0.0,0,0.0,0,2314,23,0.0,0,0.0,0,0.0,0,0.0,0
2012-10-10T09:15:14.500,2314,3285,2314,18,0.0,0,0.0,0,0.0,0,0.0,0,2315,67,0.0,0,0.0,0,0.0,0,0.0,0
2012-10-10T09:15:15.000,2315,3331,2314.4,14,0.0,0,0.0,0,0.0,0,0.0,0,2315,21,0.0,0,0.0,0,0.0,0,0.0,0
2012-10-10T09:15:15.500,2314.8,3386,2315,2,0.0,0,0.0,0,0.0,0,0.0,0,2315.4,23,0.0,0,0.0,0,0.0,0,0.0,0
2012-10-10T09:15:16.000,2315.2,3426,2315.2,21,0.0,0,0.0,0,0.0,0,0.0,0,2315.4,12,0.0,0,0.0,0,0.0,0,0.0,0
2012-10-10T09:15:16.500,2315.4,3480,2315.4,7,0.0,0,0.0,0,0.0,0,0.0,0,2315.6,12,0.0,0,0.0,0,0.0,0,0.0,0
2012-10-10T09:15:17.000,2315.6,3513,2315,2,0.0,0,0.0,0,0.0,0,0.0,0,2315.6,3,0.0,0,0.0,0,0.0,0,0.0,0
2012-10-10T09:15:17.500,2315.6,3592,2315.6,27,0.0,0,0.0,0,0.0,0,0.0,0,2315.8,26,0.0,0,0.0,0,0.0,0,0.0,0
2012-10-10T09:15:18.000,2315.8,3663,2315.6,1,0.0,0,0.0,0,0.0,0,0.0,0,2315.8,5,0.0,0,0.0,0,0.0,0,0.0,0
2012-10-10T09:15:18.500,2315.6,3710,2315.4,3,0.0,0,0.0,0,0.0,0,0.0,0,2315.6,1,0.0,0,0.0,0,0.0,0,0.0,0
2012-10-10T09:15:19.000,2315.6,3738,2315.8,1,0.0,0,0.0,0,0.0,0,0.0,0,2316,40,0.0,0,0.0,0,0.0,0,0.0,0
2012-10-10T09:15:19.500,2315.6,3782,2315.4,2,0.0,0,0.0,0,0.0,0,0.0,0,2315.6,20,0.0,0,0.0,0,0.0,0,0.0,0
2012-10-10T09:15:20.000,2315.8,3833,2315.6,113,0.0,0,0.0,0,0.0,0,0.0,0,2315.8,15,0.0,0,0.0,0,0.0,0,0.0,0
2012-10-10T09:15:20.500,2315.8,3886,2315.8,38,0.0,0,0.0,0,0.0,0,0.0,0,2316,26,0.0,0,0.0,0,0.0,0,0.0,0
2012-10-10T09:15:21.000,2316.6,3928,2316.2,84,0.0,0,0.0,0,0.0,0,0.0,0,2316.6,3,0.0,0,0.0,0,0.0,0,0.0,0
2012-10-10T09:15:21.500,2316.6,3996,2316.6,20,0.0,0,0.0,0,0.0,0,0.0,0,2316.8,3,0.0,0,0.0,0,0.0,0,0.0,0
2012-10-10T09:15:22.000,2317,4054,2317,7,0.0,0,0.0,0,0.0,0,0.0,0,2317.4,31,0.0,0,0.0,0,0.0,0,0.0,0
2012-10-10T09:15:22.500,2316.8,4095,2316.2,11,0.0,0,0.0,0,0.0,0,0.0,0,2317,9,0.0,0,0.0,0,0.0,0,0.0,0
2012-10-10T09:15:23.000,2316,4168,2316,39,0.0,0,0.0,0,0.0,0,0.0,0,2316.6,9,0.0,0,0.0,0,0.0,0,0.0,0
2012-10-10T09:15:23.500,2316.6,4235,2316.6,5,0.0,0,0.0,0,0.0,0,0.0,0,2316.8,56,0.0,0,0.0,0,0.0,0,0.0,0
2012-10-10T09:15:24.000,2316.6,4386,2316.2,10,0.0,0,0.0,0,0.0,0,0.0,0,2316.4,18,0.0,0,0.0,0,0.0,0,0.0,0
2012-10-10T09:15:24.500,2316.2,4433,2316,36,0.0,0,0.0,0,0.0,0,0.0,0,2316.2,2,0.0,0,0.0,0,0.0,0,0.0,0
2012-10-10T09:15:25.000,2316,4506,2315.8,21,0.0,0,0.0,0,0.0,0,0.0,0,2316,38,0.0,0,0.0,0,0.0,0,0.0,0
2012-10-10T09:15:25.500,2315.8,4559,2315.6,113,0.0,0,0.0,0,0.0,0,0.0,0,2315.8,7,0.0,0,0.0,0,0.0,0,0.0,0
2012-10-10T09:15:26.000,2315.8,4598,2315.8,4,0.0,0,0.0,0,0.0,0,0.0,0,2316,58,0.0,0,0.0,0,0.0,0,0.0,0
2012-10-10T09:15:26.500,2315.8,4690,2315.8,26,0.0,0,0.0,0,0.0,0,0.0,0,2316,26,0.0,0,0.0,0,0.0,0,0.0,0
2012-10-10T09:15:27.000,2316,4740,2316,3,0.0,0,0.0,0,0.0,0,0.0,0,2316.2,10,0.0,0,0.0,0,0.0,0,0.0,0
2012-10-10T09:15:27.500,2316.2,4772,2316.2,3,0.0,0,0.0,0,0.0,0,0.0,0,2316.4,5,0.0,0,0.0,0,0.0,0,0.0,0
2012-10-10T09:15:28.000,2316.4,4795,2316.4,2,0.0,0,0.0,0,0.0,0,0.0,0,2316.6,10,0.0,0,0.0,0,0.0,0,0.0,0
2012-10-10T09:15:28.500,2316.6,4829,2316.2,2,0.0,0,0.0,0,0.0,0,0.0,0,2316.6,1,0.0,0,0.0,0,0.0,0,0.0,0
2012-10-10T09:15:29.000,2316.4,4859,2316.2,2,0.0,0,0.0,0,0.0,0,0.0,0,2316.6,6,0.0,0,0.0,0,0.0,0,0.0,0
2012-10-10T09:15:29.500,2316,4876,2316,40,0.0,0,0.0,0,0.0,0,0.0,0,2316.4,5,0.0,0,0.0,0,0.0,0,0.0,0
2012-10-10T09:15:30.000,2316.4,4884,2316,38,0.0,0,0.0,0,0.0,0,0.0,0,2316.4,2,0.0,0,0.0,0,0.0,0,0.0,0
2012-10-10T09:15:30.500,2316.2,4923,2316,31,0.0,0,0.0,0,0.0,0,0.0,0,2316.4,19,0.0,0,0.0,0,0.0,0,0.0,0
2012-10-10T09:15:31.000,2316.2,4989,2316,1,0.0,0,0.0,0,0.0,0,0.0,0,2316.2,1,0.0,0,0.0,0,0.0,0,0.0,0
2012-10-10T09:15:31.500,2316,5003,2315.8,21,0.0,0,0.0,0,0.0,0,0.0,0,2316,20,0.0,0,0.0,0,0.0,0,0.0,0
2012-10-10T09:15:32.000,2315.8,5027,2315.8,18,0.0,0,0.0,0,0.0,0,0.0,0,2316,17,0.0,0,0.0,0,0.0,0,0.0,0
2012-10-10T09:15:32.500,2316.2,5066,2316,6,0.0,0,0.0,0,0.0,0,0.0,0,2316.2,3,0.0,0,0.0,0,0.0,0,0.0,0
2012-10-10T09:15:33.000,2316.2,5107,2315.8,15,0.0,0,0.0,0,0.0,0,0.0,0,2316.2,3,0.0,0,0.0,0,0.0,0,0.0,0
2012-10-10T09:15:33.500,2315.8,5117,2315.8,9,0.0,0,0.0,0,0.0,0,0.0,0,2316,2,0.0,0,0.0,0,0.0,0,0.0,0
2012-10-10T09:15:34.000,2316.2,5141,2316.2,2,0.0,0,0.0,0,0.0,0,0.0,0,2316.4,8,0.0,0,0.0,0,0.0,0,0.0,0
2012-10-10T09:15:34.500,2316,5176,2316.2,1,0.0,0,0.0,0,0.0,0,0.0,0,2316.4,6,0.0,0,0.0,0,0.0,0,0.0,0
2012-10-10T09:15:35.000,2316.4,5189,2316,23,0.0,0,0.0,0,0.0,0,0.0,0,2316.6,12,0.0,0,0.0,0,0.0,0,0.0,0
2012-10-10T09:15:35.500,2316.2,5223,2316.2,6,0.0,0,0.0,0,0.0,0,0.0,0,2316.4,20,0.0,0,0.0,0,0.0,0,0.0,0
2012-10-10T09:15:36.000,2316.2,5250,2316.2,7,0.0,0,0.0,0,0.0,0,0.0,0,2316.4,8,0.0,0,0.0,0,0.0,0,0.0,0
2012-10-10T09:15:36.500,2316.2,5268,2316.2,2,0.0,0,0.0,0,0.0,0,0.0,0,2316.6,7,0.0,0,0.0,0,0.0,0,0.0,0
2012-10-10T09:15:37.000,2316.4,5280,2316.4,1,0.0,0,0.0,0,0.0,0,0.0,0,2316.6,5,0.0,0,0.0,0,0.0,0,0.0,0
2012-10-10T09:15:37.500,2316.4,5342,2316.4,11,0.0,0,0.0,0,0.0,0,0.0,0,2316.6,4,0.0,0,0.0,0,0.0,0,0.0,0
2012-10-10T09:15:38.000,2316.6,5375,2316.6,33,0.0,0,0.0,0,0.0,0,0.0,0,2316.8,2,0.0,0,0.0,0,0.0,0,0.0,0
2012-10-10T09:15:38.500,2316.8,5385,2317,10,0.0,0,0.0,0,0.0,0,0.0,0,2317.4,21,0.0,0,0.0,0,0.0,0,0.0,0
2012-10-10T09:15:39.000,2317.2,5410,2317.2,8,0.0,0,0.0,0,0.0,0,0.0,0,2317.4,15,0.0,0,0.0,0,0.0,0,0.0,0
2012-10-10T09:15:39.500,2317,5425,2316.8,17,0.0,0,0.0,0,0.0,0,0.0,0,2317,28,0.0,0,0.0,0,0.0,0,0.0,0
2012-10-10T09:15:40.000,2316.8,5447,2316.8,5,0.0,0,0.0,0,0.0,0,0.0,0,2317,19,0.0,0,0.0,0,0.0,0,0.0,0
2012-10-10T09:15:40.500,2316.8,5463,2316.6,38,0.0,0,0.0,0,0.0,0,0.0,0,2316.8,22,0.0,0,0.0,0,0.0,0,0.0,0
2012-10-10T09:15:41.000,2316.4,5525,2316.4,1,0.0,0,0.0,0,0.0,0,0.0,0,2316.8,31,0.0,0,0.0,0,0.0,0,0.0,0
2012-10-10T09:15:41.500,2316.4,5542,2316.2,3,0.0,0,0.0,0,0.0,0,0.0,0,2316.6,10,0.0,0,0.0,0,0.0,0,0.0,0
2012-10-10T09:15:42.000,2316.4,5567,2316,39,0.0,0,0.0,0,0.0,0,0.0,0,2316.4,8,0.0,0,0.0,0,0.0,0,0.0,0
2012-10-10T09:15:42.500,2316.4,5585,2316.4,40,0.0,0,0.0,0,0.0,0,0.0,0,2316.6,33,0.0,0,0.0,0,0.0,0,0.0,0
2012-10-10T09:15:43.000,2316.4,5596,2316.4,43,0.0,0,0.0,0,0.0,0,0.0,0,2316.6,34,0.0,0,0.0,0,0.0,0,0.0,0
2012-10-10T09:15:43.500,2316.4,5613,2316.4,39,0.0,0,0.0,0,0.0,0,0.0,0,2316.6,14,0.0,0,0.0,0,0.0,0,0.0,0
2012-10-10T09:15:44.000,2316.4,5626,2316.4,32,0.0,0,0.0,0,0.0,0,0.0,0,2316.6,11,0.0,0,0.0,0,0.0,0,0.0,0
2012-10-10T09:15:44.500,2316.4,5659,2316.6,6,0.0,0,0.0,0,0.0,0,0.0,0,2316.8,2,0.0,0,0.0,0,0.0,0,0.0,0
2012-10-10T09:15:45.000,2316.8,5669,2316.8,4,0.0,0,0.0,0,0.0,0,0.0,0,2317,31,0.0,0,0.0,0,0.0,0,0.0,0
2012-10-10T09:15:45.500,2316.4,5682,2316.4,29,0.0,0,0.0,0,0.0,0,0.0,0,2316.6,1,0.0,0,0.0,0,0.0,0,0.0,0
2012-10-10T09:15:46.000,2316.4,5717,2316.6,1,0.0,0,0.0,0,0.0,0,0.0,0,2317,29,0.0,0,0.0,0,0.0,0,0.0,0
2012-10-10T09:15:46.500,2316.8,5737,2316.8,1,0.0,0,0.0,0,0.0,0,0.0,0,2317,25,0.0,0,0.0,0,0.0,0,0.0,0
2012-10-10T09:15:47.000,2317,5782,2316.6,4,0.0,0,0.0,0,0.0,0,0.0,0,2317,1,0.0,0,0.0,0,0.0,0,0.0,0
2012-10-10T09:15:47.500,2317,5783,2316.6,9,0.0,0,0.0,0,0.0,0,0.0,0,2317,6,0.0,0,0.0,0,0.0,0,0.0,0
2012-10-10T09:15:48.000,2317,5794,2316.6,17,0.0,0,0.0,0,0.0,0,0.0,0,2317,5,0.0,0,0.0,0,0.0,0,0.0,0
2012-10-10T09:15:48.500,2316.4,5829,2316.4,6,0.0,0,0.0,0,0.0,0,0.0,0,2316.6,1,0.0,0,0.0,0,0.0,0,0.0,0
2012-10-10T09:15:49.000,2317,5833,2316.4,7,0.0,0,0.0,0,0.0,0,0.0,0,2316.6,1,0.0,0,0.0,0,0.0,0,0.0,0
2012-10-10T09:15:49.500,2316.4,5838,2316.4,4,0.0,0,0.0,0,0.0,0,0.0,0,2316.6,19,0.0,0,0.0,0,0.0,0,0.0,0
2012-10-10T09:15:50.000,2316.6,5892,2316.2,22,0.0,0,0.0,0,0.0,0,0.0,0,2316.4,11,0.0,0,0.0,0,0.0,0,0.0,0
2012-10-10T09:15:50.500,2316.4,5923,2316.2,6,0.0,0,0.0,0,0.0,0,0.0,0,2316.4,19,0.0,0,0.0,0,0.0,0,0.0,0
2012-10-10T09:15:51.000,2316.2,5949,2316,60,0.0,0,0.0,0,0.0,0,0.0,0,2316.2,3,0.0,0,0.0,0,0.0,0,0.0,0
2012-10-10T09:15:51.500,2316.2,5984,2316.2,6,0.0,0,0.0,0,0.0,0,0.0,0,2316.4,7,0.0,0,0.0,0,0.0,0,0.0,0
2012-10-10T09:15:52.000,2316.2,6000,2316,42,0.0,0,0.0,0,0.0,0,0.0,0,2316.4,50,0.0,0,0.0,0,0.0,0,0.0,0
2012-10-10T09:15:52.500,2316.4,6044,2316.2,1,0.0,0,0.0,0,0.0,0,0.0,0,2316.4,37,0.0,0,0.0,0,0.0,0,0.0,0
2012-10-10T09:15:53.000,2316,6073,2316,52,0.0,0,0.0,0,0.0,0,0.0,0,2316.2,20,0.0,0,0.0,0,0.0,0,0.0,0
2012-10-10T09:15:53.500,2316,6098,2316,43,0.0,0,0.0,0,0.0,0,0.0,0,2316.2,10,0.0,0,0.0,0,0.0,0,0.0,0
2012-10-10T09:15:54.000,2316,6108,2316,52,0.0,0,0.0,0,0.0,0,0.0,0,2316.2,22,0.0,0,0.0,0,0.0,0,0.0,0
2012-10-10T09:15:54.500,2316.2,6154,2316,48,0.0,0,0.0,0,0.0,0,0.0,0,2316.2,5,0.0,0,0.0,0,0.0,0,0.0,0
2012-10-10T09:15:55.000,2316.2,6160,2316,49,0.0,0,0.0,0,0.0,0,0.0,0,2316.2,2,0.0,0,0.0,0,0.0,0,0.0,0
2012-10-10T09:15:55.500,2316.2,6167,2316.2,23,0.0,0,0.0,0,0.0,0,0.0,0,2316.4,22,0.0,0,0.0,0,0.0,0,0.0,0
2012-10-10T09:15:56.000,2316.4,6186,2316.2,20,0.0,0,0.0,0,0.0,0,0.0,0,2316.4,14,0.0,0,0.0,0,0.0,0,0.0,0
2012-10-10T09:15:56.500,2316.4,6219,2316.4,18,0.0,0,0.0,0,0.0,0,0.0,0,2316.8,19,0.0,0,0.0,0,0.0,0,0.0,0
2012-10-10T09:15:57.000,2316.6,6258,2316.4,20,0.0,0,0.0,0,0.0,0,0.0,0,2316.6,1,0.0,0,0.0,0,0.0,0,0.0,0
2012-10-10T09:15:57.500,2317,6271,2316.6,10,0.0,0,0.0,0,0.0,0,0.0,0,2317,7,0.0,0,0.0,0,0.0,0,0.0,0
2012-10-10T09:15:58.000,2317.2,6285,2316.8,3,0.0,0,0.0,0,0.0,0,0.0,0,2317.2,37,0.0,0,0.0,0,0.0,0,0.0,0
2012-10-10T09:15:58.500,2317.2,6296,2317,10,0.0,0,0.0,0,0.0,0,0.0,0,2317.2,27,0.0,0,0.0,0,0.0,0,0.0,0
2012-10-10T09:15:59.000,2317.2,6314,2317,6,0.0,0,0.0,0,0.0,0,0.0,0,2317.2,13,0.0,0,0.0,0,0.0,0,0.0,0
2012-10-10T09:15:59.500,2317.2,6343,2317.2,25,0.0,0,0.0,0,0.0,0,0.0,0,2317.4,22,0.0,0,0.0,0,0.0,0,0.0,0
2012-10-10T09:16:00.000,2317.2,6378,2317.2,2,0.0,0,0.0,0,0.0,0,0.0,0,2317.4,21,0.0,0,0.0,0,0.0,0,0.0,0
2012-10-10T09:16:00.500,2317.4,6448,2317,3,0.0,0,0.0,0,0.0,0,0.0,0,2317.4,22,0.0,0,0.0,0,0.0,0,0.0,0
2012-10-10T09:16:01.000,2317,6479,2316.8,3,0.0,0,0.0,0,0.0,0,0.0,0,2317.2,43,0.0,0,0.0,0,0.0,0,0.0,0
2012-10-10T09:16:01.500,2317,6495,2316.6,13,0.0,0,0.0,0,0.0,0,0.0,0,2317,47,0.0,0,0.0,0,0.0,0,0.0,0
2012-10-10T09:16:02.000,2316.6,6513,2316.6,13,0.0,0,0.0,0,0.0,0,0.0,0,2316.8,18,0.0,0,0.0,0,0.0,0,0.0,0
2012-10-10T09:16:02.500,2316.4,6562,2316.4,19,0.0,0,0.0,0,0.0,0,0.0,0,2316.6,3,0.0,0,0.0,0,0.0,0,0.0,0
2012-10-10T09:16:03.000,2316.8,6579,2316.6,12,0.0,0,0.0,0,0.0,0,0.0,0,2316.8,3,0.0,0,0.0,0,0.0,0,0.0,0
2012-10-10T09:16:03.500,2316.6,6584,2316.6,7,0.0,0,0.0,0,0.0,0,0.0,0,2316.8,3,0.0,0,0.0,0,0.0,0,0.0,0
2012-10-10T09:16:04.000,2316.4,6608,2316.4,34,0.0,0,0.0,0,0.0,0,0.0,0,2317,53,0.0,0,0.0,0,0.0,0,0.0,0
2012-10-10T09:16:04.500,2316.8,6626,2316.8,16,0.0,0,0.0,0,0.0,0,0.0,0,2317,46,0.0,0,0.0,0,0.0,0,0.0,0
2012-10-10T09:16:05.000,2317,6682,2316.8,1,0.0,0,0.0,0,0.0,0,0.0,0,2317,21,0.0,0,0.0,0,0.0,0,0.0,0
2012-10-10T09:16:05.500,2317.2,6720,2317,1,0.0,0,0.0,0,0.0,0,0.0,0,2317.2,36,0.0,0,0.0,0,0.0,0,0.0,0
2012-10-10T09:16:06.000,2317.2,6723,2317,16,0.0,0,0.0,0,0.0,0,0.0,0,2317.2,35,0.0,0,0.0,0,0.0,0,0.0,0
2012-10-10T09:16:06.500,2317,6751,2317,11,0.0,0,0.0,0,0.0,0,0.0,0,2317.2,16,0.0,0,0.0,0,0.0,0,0.0,0
2012-10-10T09:16:07.000,2317,6789,2316.8,19,0.0,0,0.0,0,0.0,0,0.0,0,2317,1,0.0,0,0.0,0,0.0,0,0.0,0
2012-10-10T09:16:07.500,2317,6813,2317,18,0.0,0,0.0,0,0.0,0,0.0,0,2317.2,9,0.0,0,0.0,0,0.0,0,0.0,0
2012-10-10T09:16:08.000,2317.2,6855,2317.2,11,0.0,0,0.0,0,0.0,0,0.0,0,2317.4,29,0.0,0,0.0,0,0.0,0,0.0,0
2012-10-10T09:16:08.500,2316.8,6873,2316.8,10,0.0,0,0.0,0,0.0,0,0.0,0,2317,52,0.0,0,0.0,0,0.0,0,0.0,0
2012-10-10T09:16:09.000,2317,6888,2316.8,11,0.0,0,0.0,0,0.0,0,0.0,0,2317,42,0.0,0,0.0,0,0.0,0,0.0,0
2012-10-10T09:16:09.500,2317,6968,2316.6,5,0.0,0,0.0,0,0.0,0,0.0,0,2316.8,8,0.0,0,0.0,0,0.0,0,0.0,0
2012-10-10T09:16:10.000,2317,6987,2316.6,4,0.0,0,0.0,0,0.0,0,0.0,0,2317,70,0.0,0,0.0,0,0.0,0,0.0,0
2012-10-10T09:16:10.500,2316.8,7007,2316.6,18,0.0,0,0.0,0,0.0,0,0.0,0,2316.8,10,0.0,0,0.0,0,0.0,0,0.0,0
2012-10-10T09:16:11.000,2316.6,7045,2316.6,3,0.0,0,0.0,0,0.0,0,0.0,0,2316.8,17,0.0,0,0.0,0,0.0,0,0.0,0
2012-10-10T09:16:11.500,2316.8,7080,2316.4,30,0.0,0,0.0,0,0.0,0,0.0,0,2316.6,3,0.0,0,0.0,0,0.0,0,0.0,0
2012-10-10T09:16:12.000,2316.6,7091,2316.8,5,0.0,0,0.0,0,0.0,0,0.0,0,2317,78,0.0,0,0.0,0,0.0,0,0.0,0
2012-10-10T09:16:12.500,2317,7109,2316.8,1,0.0,0,0.0,0,0.0,0,0.0,0,2317,68,0.0,0,0.0,0,0.0,0,0.0,0
2012-10-10T09:16:13.000,2316.6,7111,2316.6,15,0.0,0,0.0,0,0.0,0,0.0,0,2316.8,14,0.0,0,0.0,0,0.0,0,0.0,0
2012-10-10T09:16:13.500,2316.8,7117,2316.6,14,0.0,0,0.0,0,0.0,0,0.0,0,2316.8,12,0.0,0,0.0,0,0.0,0,0.0,0
2012-10-10T09:16:14.000,2316.8,7128,2316.6,28,0.0,0,0.0,0,0.0,0,0.0,0,2316.8,4,0.0,0,0.0,0,0.0,0,0.0,0
2012-10-10T09:16:14.500,2316.8,7132,2316.6,29,0.0,0,0.0,0,0.0,0,0.0,0,2316.8,1,0.0,0,0.0,0,0.0,0,0.0,0
2012-10-10T09:16:15.000,2317,7138,2316.8,27,0.0,0,0.0,0,0.0,0,0.0,0,2317,87,0.0,0,0.0,0,0.0,0,0.0,0
2012-10-10T09:16:15.500,2316.8,7164,2316.8,7,0.0,0,0.0,0,0.0,0,0.0,0,2317,101,0.0,0,0.0,0,0.0,0,0.0,0
2012-10-10T09:16:16.000,2316.8,7183,2316.8,11,0.0,0,0.0,0,0.0,0,0.0,0,2317,89,0.0,0,0.0,0,0.0,0,0.0,0
2012-10-10T09:16:16.500,2317,7221,2316.6,9,0.0,0,0.0,0,0.0,0,0.0,0,2317,85,0.0,0,0.0,0,0.0,0,0.0,0
2012-10-10T09:16:17.000,2316.8,7228,2316.6,5,0.0,0,0.0,0,0.0,0,0.0,0,2316.8,11,0.0,0,0.0,0,0.0,0,0.0,0
2012-10-10T09:16:17.500,2316.8,7236,2316.6,1,0.0,0,0.0,0,0.0,0,0.0,0,2316.8,10,0.0,0,0.0,0,0.0,0,0.0,0
2012-10-10T09:16:18.000,2316.8,7241,2316.6,26,0.0,0,0.0,0,0.0,0,0.0,0,2316.8,10,0.0,0,0.0,0,0.0,0,0.0,0
2012-10-10T09:16:18.500,2316.8,7265,2316.8,27,0.0,0,0.0,0,0.0,0,0.0,0,2317,94,0.0,0,0.0,0,0.0,0,0.0,0
2012-10-10T09:16:19.000,2316.8,7268,2316.8,30,0.0,0,0.0,0,0.0,0,0.0,0,2317,94,0.0,0,0.0,0,0.0,0,0.0,0
2012-10-10T09:16:19.500,2317,7290,2316.8,23,0.0,0,0.0,0,0.0,0,0.0,0,2317,83,0.0,0,0.0,0,0.0,0,0.0,0
2012-10-10T09:16:20.000,2316.8,7303,2316.8,18,0.0,0,0.0,0,0.0,0,0.0,0,2317,77,0.0,0,0.0,0,0.0,0,0.0,0
2012-10-10T09:16:20.500,2316.8,7331,2316.8,16,0.0,0,0.0,0,0.0,0,0.0,0,2317,54,0.0,0,0.0,0,0.0,0,0.0,0
2012-10-10T09:16:21.000,2316.8,7365,2316.8,9,0.0,0,0.0,0,0.0,0,0.0,0,2317,28,0.0,0,0.0,0,0.0,0,0.0,0
2012-10-10T09:16:21.500,2317,7397,2317,20,0.0,0,0.0,0,0.0,0,0.0,0,2317.2,41,0.0,0,0.0,0,0.0,0,0.0,0
2012-10-10T09:16:22.000,2317.2,7461,2317,1,0.0,0,0.0,0,0.0,0,0.0,0,2317.2,17,0.0,0,0.0,0,0.0,0,0.0,0
2012-10-10T09:16:22.500,2316.8,7476,2317,1,0.0,0,0.0,0,0.0,0,0.0,0,2317.2,9,0.0,0,0.0,0,0.0,0,0.0,0
2012-10-10T09:16:23.000,2317.4,7492,2317.2,31,0.0,0,0.0,0,0.0,0,0.0,0,2317.4,29,0.0,0,0.0,0,0.0,0,0.0,0
2012-10-10T09:16:23.500,2317.2,7496,2317.2,27,0.0,0,0.0,0,0.0,0,0.0,0,2317.4,29,0.0,0,0.0,0,0.0,0,0.0,0
2012-10-10T09:16:24.000,2317.6,7545,2317.4,108,0.0,0,0.0,0,0.0,0,0.0,0,2317.6,6,0.0,0,0.0,0,0.0,0,0.0,0
2012-10-10T09:16:24.500,2317.8,7567,2317.6,46,0.0,0,0.0,0,0.0,0,0.0,0,2317.8,5,0.0,0,0.0,0,0.0,0,0.0,0
2012-10-10T09:16:25.000,2318,7621,2317.8,22,0.0,0,0.0,0,0.0,0,0.0,0,2318,74,0.0,0,0.0,0,0.0,0,0.0,0
2012-10-10T09:16:25.500,2317.8,7694,2317.8,14,0.0,0,0.0,0,0.0,0,0.0,0,2318,22,0.0,0,0.0,0,0.0,0,0.0,0
2012-10-10T09:16:26.000,2318,7750,2317.6,4,0.0,0,0.0,0,0.0,0,0.0,0,2318,4,0.0,0,0.0,0,0.0,0,0.0,0
2012-10-10T09:16:26.500,2317.8,7760,2317.6,9,0.0,0,0.0,0,0.0,0,0.0,0,2317.8,9,0.0,0,0.0,0,0.0,0,0.0,0
2012-10-10T09:16:27.000,2318,7801,2317.4,101,0.0,0,0.0,0,0.0,0,0.0,0,2317.6,4,0.0,0,0.0,0,0.0,0,0.0,0
2012-10-10T09:16:27.500,2318,7828,2317.8,13,0.0,0,0.0,0,0.0,0,0.0,0,2318,13,0.0,0,0.0,0,0.0,0,0.0,0
2012-10-10T09:16:28.000,2318,7870,2317.8,10,0.0,0,0.0,0,0.0,0,0.0,0,2318,7,0.0,0,0.0,0,0.0,0,0.0,0
2012-10-10T09:16:28.500,2318,7883,2318,8,0.0,0,0.0,0,0.0,0,0.0,0,2318.2,16,0.0,0,0.0,0,0.0,0,0.0,0
2012-10-10T09:16:29.000,2318,7903,2317.8,4,0.0,0,0.0,0,0.0,0,0.0,0,2318,18,0.0,0,0.0,0,0.0,0,0.0,0
2012-10-10T09:16:29.500,2317.8,7928,2317.6,8,0.0,0,0.0,0,0.0,0,0.0,0,2317.8,4,0.0,0,0.0,0,0.0,0,0.0,0
2012-10-10T09:16:30.000,2318,7945,2318,5,0.0,0,0.0,0,0.0,0,0.0,0,2318.2,5,0.0,0,0.0,0,0.0,0,0.0,0
2012-10-10T09:16:30.500,2318,7961,2317.8,14,0.0,0,0.0,0,0.0,0,0.0,0,2318,2,0.0,0,0.0,0,0.0,0,0.0,0
2012-10-10T09:16:31.000,2318,7977,2318,20,0.0,0,0.0,0,0.0,0,0.0,0,2318.2,5,0.0,0,0.0,0,0.0,0,0.0,0
2012-10-10T09:16:31.500,2318,7997,2318,9,0.0,0,0.0,0,0.0,0,0.0,0,2318.4,14,0.0,0,0.0,0,0.0,0,0.0,0
2012-10-10T09:16:32.000,2318.4,8012,2318.4,14,0.0,0,0.0,0,0.0,0,0.0,0,2318.6,32,0.0,0,0.0,0,0.0,0,0.0,0
2012-10-10T09:16:32.500,2318.4,8039,2318.4,15,0.0,0,0.0,0,0.0,0,0.0,0,2318.6,20,0.0,0,0.0,0,0.0,0,0.0,0
2012-10-10T09:16:33.000,2318.6,8080,2318.4,12,0.0,0,0.0,0,0.0,0,0.0,0,2318.8,41,0.0,0,0.0,0,0.0,0,0.0,0
2012-10-10T09:16:33.500,2318,8172,2318,9,0.0,0,0.0,0,0.0,0,0.0,0,2318.6,30,0.0,0,0.0,0,0.0,0,0.0,0
2012-10-10T09:16:34.000,2318.6,8193,2318.2,1,0.0,0,0.0,0,0.0,0,0.0,0,2318.4,8,0.0,0,0.0,0,0.0,0,0.0,0
2012-10-10T09:16:34.500,2318.2,8206,2318,14,0.0,0,0.0,0,0.0,0,0.0,0,2318.4,17,0.0,0,0.0,0,0.0,0,0.0,0
2012-10-10T09:16:35.000,2318.4,8231,2318,17,0.0,0,0.0,0,0.0,0,0.0,0,2318.4,18,0.0,0,0.0,0,0.0,0,0.0,0
2012-10-10T09:16:35.500,2318,8247,2318,23,0.0,0,0.0,0,0.0,0,0.0,0,2318.2,24,0.0,0,0.0,0,0.0,0,0.0,0
2012-10-10T09:16:36.000,2318.2,8297,2317.8,21,0.0,0,0.0,0,0.0,0,0.0,0,2318,20,0.0,0,0.0,0,0.0,0,0.0,0
2012-10-10T09:16:36.500,2318,8312,2317.8,19,0.0,0,0.0,0,0.0,0,0.0,0,2318,9,0.0,0,0.0,0,0.0,0,0.0,0
2012-10-10T09:16:37.000,2317.8,8330,2317.8,8,0.0,0,0.0,0,0.0,0,0.0,0,2318,16,0.0,0,0.0,0,0.0,0,0.0,0
2012-10-10T09:16:37.500,2317.8,8343,2317.6,12,0.0,0,0.0,0,0.0,0,0.0,0,2317.8,4,0.0,0,0.0,0,0.0,0,0.0,0
2012-10-10T09:16:38.000,2317.6,8349,2317.6,11,0.0,0,0.0,0,0.0,0,0.0,0,2318,14,0.0,0,0.0,0,0.0,0,0.0,0
2012-10-10T09:16:38.500,2317.8,8354,2317.8,3,0.0,0,0.0,0,0.0,0,0.0,0,2318,12,0.0,0,0.0,0,0.0,0,0.0,0
2012-10-10T09:16:39.000,2318,8363,2317.8,20,0.0,0,0.0,0,0.0,0,0.0,0,2318,4,0.0,0,0.0,0,0.0,0,0.0,0
2012-10-10T09:16:39.500,2318,8365,2317.8,23,0.0,0,0.0,0,0.0,0,0.0,0,2318,3,0.0,0,0.0,0,0.0,0,0.0,0
2012-10-10T09:16:40.000,2317.8,8376,2317.8,5,0.0,0,0.0,0,0.0,0,0.0,0,2318,35,0.0,0,0.0,0,0.0,0,0.0,0
2012-10-10T09:16:40.500,2317.6,8398,2317.6,15,0.0,0,0.0,0,0.0,0,0.0,0,2317.8,10,0.0,0,0.0,0,0.0,0,0.0,0
2012-10-10T09:16:41.000,2318,8417,2317.6,15,0.0,0,0.0,0,0.0,0,0.0,0,2317.8,5,0.0,0,0.0,0,0.0,0,0.0,0
2012-10-10T09:16:41.500,2317.8,8435,2317.8,71,0.0,0,0.0,0,0.0,0,0.0,0,2318,25,0.0,0,0.0,0,0.0,0,0.0,0
2012-10-10T09:16:42.000,2317.8,8460,2317.8,75,0.0,0,0.0,0,0.0,0,0.0,0,2318,10,0.0,0,0.0,0,0.0,0,0.0,0
2012-10-10T09:16:42.500,2318,8481,2318,35,0.0,0,0.0,0,0.0,0,0.0,0,2318.2,4,0.0,0,0.0,0,0.0,0,0.0,0
2012-10-10T09:16:43.000,2318.2,8494,2318.2,5,0.0,0,0.0,0,0.0,0,0.0,0,2318.4,18,0.0,0,0.0,0,0.0,0,0.0,0
2012-10-10T09:16:43.500,2318.4,8515,2318.2,21,0.0,0,0.0,0,0.0,0,0.0,0,2318.4,17,0.0,0,0.0,0,0.0,0,0.0,0
2012-10-10T09:16:44.000,2318.4,8527,2318.2,28,0.0,0,0.0,0,0.0,0,0.0,0,2318.4,12,0.0,0,0.0,0,0.0,0,0.0,0
2012-10-10T09:16:44.500,2318.6,8543,2318.4,37,0.0,0,0.0,0,0.0,0,0.0,0,2318.6,19,0.0,0,0.0,0,0.0,0,0.0,0
2012-10-10T09:16:45.000,2318.4,8575,2318.4,58,0.0,0,0.0,0,0.0,0,0.0,0,2318.6,17,0.0,0,0.0,0,0.0,0,0.0,0
2012-10-10T09:16:45.500,2318.4,8593,2318.4,67,0.0,0,0.0,0,0.0,0,0.0,0,2318.6,8,0.0,0,0.0,0,0.0,0,0.0,0
2012-10-10T09:16:46.000,2318.6,8612,2318.6,4,0.0,0,0.0,0,0.0,0,0.0,0,2318.8,48,0.0,0,0.0,0,0.0,0,0.0,0
2012-10-10T09:16:46.500,2318.6,8616,2318.6,49,0.0,0,0.0,0,0.0,0,0.0,0,2318.8,47,0.0,0,0.0,0,0.0,0,0.0,0
2012-10-10T09:16:47.000,2318.8,8628,2318.6,42,0.0,0,0.0,0,0.0,0,0.0,0,2318.8,40,0.0,0,0.0,0,0.0,0,0.0,0
2012-10-10T09:16:47.500,2318.8,8669,2318.6,32,0.0,0,0.0,0,0.0,0,0.0,0,2318.8,15,0.0,0,0.0,0,0.0,0,0.0,0
2012-10-10T09:16:48.000,2318.8,8689,2318.8,6,0.0,0,0.0,0,0.0,0,0.0,0,2319,31,0.0,0,0.0,0,0.0,0,0.0,0
2012-10-10T09:16:48.500,2318.8,8718,2318.8,28,0.0,0,0.0,0,0.0,0,0.0,0,2319,20,0.0,0,0.0,0,0.0,0,0.0,0
2012-10-10T09:16:49.000,2318.8,8756,2319,11,0.0,0,0.0,0,0.0,0,0.0,0,2319.4,70,0.0,0,0.0,0,0.0,0,0.0,0
2012-10-10T09:16:49.500,2319.4,8796,2319.2,6,0.0,0,0.0,0,0.0,0,0.0,0,2319.4,39,0.0,0,0.0,0,0.0,0,0.0,0
2012-10-10T09:16:50.000,2319.2,8840,2319,3,0.0,0,0.0,0,0.0,0,0.0,0,2319.2,62,0.0,0,0.0,0,0.0,0,0.0,0
2012-10-10T09:16:50.500,2319,8859,2318.8,16,0.0,0,0.0,0,0.0,0,0.0,0,2319,54,0.0,0,0.0,0,0.0,0,0.0,0
2012-10-10T09:16:51.000,2318.8,8880,2318.6,30,0.0,0,0.0,0,0.0,0,0.0,0,2318.8,82,0.0,0,0.0,0,0.0,0,0.0,0
2012-10-10T09:16:51.500,2318.6,8933,2318.4,72,0.0,0,0.0,0,0.0,0,0.0,0,2318.6,24,0.0,0,0.0,0,0.0,0,0.0,0
2012-10-10T09:16:52.000,2318.6,8987,2318.4,46,0.0,0,0.0,0,0.0,0,0.0,0,2318.6,5,0.0,0,0.0,0,0.0,0,0.0,0
2012-10-10T09:16:52.500,2318.6,9044,2318.4,25,0.0,0,0.0,0,0.0,0,0.0,0,2318.6,9,0.0,0,0.0,0,0.0,0,0.0,0
2012-10-10T09:16:53.000,2318.4,9072,2318.6,9,0.0,0,0.0,0,0.0,0,0.0,0,2318.8,42,0.0,0,0.0,0,0.0,0,0.0,0
2012-10-10T09:16:53.500,2318.6,9084,2318.4,4,0.0,0,0.0,0,0.0,0,0.0,0,2318.6,9,0.0,0,0.0,0,0.0,0,0.0,0
2012-10-10T09:16:54.000,2318.6,9112,2318.6,27,0.0,0,0.0,0,0.0,0,0.0,0,2318.8,38,0.0,0,0.0,0,0.0,0,0.0,0
2012-10-10T09:16:54.500,2318.6,9133,2318.6,18,0.0,0,0.0,0,0.0,0,0.0,0,2318.8,40,0.0,0,0.0,0,0.0,0,0.0,0
2012-10-10T09:16:55.000,2318.6,9158,2318.4,18,0.0,0,0.0,0,0.0,0,0.0,0,2318.8,37,0.0,0,0.0,0,0.0,0,0.0,0
2012-10-10T09:16:55.500,2318.4,9166,2318.4,13,0.0,0,0.0,0,0.0,0,0.0,0,2318.6,9,0.0,0,0.0,0,0.0,0,0.0,0
2012-10-10T09:16:56.000,2318.4,9177,2318.4,26,0.0,0,0.0,0,0.0,0,0.0,0,2318.6,4,0.0,0,0.0,0,0.0,0,0.0,0
2012-10-10T09:16:56.500,2318.4,9183,2318.4,39,0.0,0,0.0,0,0.0,0,0.0,0,2318.6,26,0.0,0,0.0,0,0.0,0,0.0,0
2012-10-10T09:16:57.000,2318.4,9190,2318.4,37,0.0,0,0.0,0,0.0,0,0.0,0,2318.6,23,0.0,0,0.0,0,0.0,0,0.0,0
2012-10-10T09:16:57.500,2318.4,9208,2318.4,26,0.0,0,0.0,0,0.0,0,0.0,0,2318.6,20,0.0,0,0.0,0,0.0,0,0.0,0
2012-10-10T09:16:58.000,2318.6,9228,2318.4,22,0.0,0,0.0,0,0.0,0,0.0,0,2318.6,5,0.0,0,0.0,0,0.0,0,0.0,0
2012-10-10T09:16:58.500,2318.4,9257,2318.2,19,0.0,0,0.0,0,0.0,0,0.0,0,2318.4,1,0.0,0,0.0,0,0.0,0,0.0,0
2012-10-10T09:16:59.000,2318.6,9262,2318.2,19,0.0,0,0.0,0,0.0,0,0.0,0,2318.4,10,0.0,0,0.0,0,0.0,0,0.0,0
2012-10-10T09:16:59.500,2318.6,9298,2318.6,30,0.0,0,0.0,0,0.0,0,0.0,0,2318.8,41,0.0,0,0.0,0,0.0,0,0.0,0
2012-10-10T09:17:00.000,2318.6,9307,2318.6,23,0.0,0,0.0,0,0.0,0,0.0,0,2318.8,35,0.0,0,0.0,0,0.0,0,0.0,0
2012-10-10T09:17:00.500,2318.6,9317,2318.6,17,0.0,0,0.0,0,0.0,0,0.0,0,2318.8,38,0.0,0,0.0,0,0.0,0,0.0,0
2012-10-10T09:17:01.000,2318.6,9347,2318.4,6,0.0,0,0.0,0,0.0,0,0.0,0,2318.6,5,0.0,0,0.0,0,0.0,0,0.0,0
2012-10-10T09:17:01.500,2318.6,9358,2318.4,9,0.0,0,0.0,0,0.0,0,0.0,0,2318.6,8,0.0,0,0.0,0,0.0,0,0.0,0
2012-10-10T09:17:02.000,2318.2,9381,2318.2,38,0.0,0,0.0,0,0.0,0,0.0,0,2318.4,1,0.0,0,0.0,0,0.0,0,0.0,0
2012-10-10T09:17:02.500,2318.2,9411,2318.2,22,0.0,0,0.0,0,0.0,0,0.0,0,2318.4,8,0.0,0,0.0,0,0.0,0,0.0,0
2012-10-10T09:17:03.000,2318.2,9447,2318.2,13,0.0,0,0.0,0,0.0,0,0.0,0,2318.4,1,0.0,0,0.0,0,0.0,0,0.0,0
2012-10-10T09:17:03.500,2318.4,9460,2318.2,5,0.0,0,0.0,0,0.0,0,0.0,0,2318.4,19,0.0,0,0.0,0,0.0,0,0.0,0
2012-10-10T09:17:04.000,2318.2,9465,2318,116,0.0,0,0.0,0,0.0,0,0.0,0,2318.2,28,0.0,0,0.0,0,0.0,0,0.0,0
2012-10-10T09:17:04.500,2318,9525,2318,95,0.0,0,0.0,0,0.0,0,0.0,0,2318.4,19,0.0,0,0.0,0,0.0,0,0.0,0
2012-10-10T09:17:05.000,2318,9564,2318,65,0.0,0,0.0,0,0.0,0,0.0,0,2318.4,19,0.0,0,0.0,0,0.0,0,0.0,0
2012-10-10T09:17:05.500,2318.4,9599,2318.2,10,0.0,0,0.0,0,0.0,0,0.0,0,2318.6,37,0.0,0,0.0,0,0.0,0,0.0,0
2012-10-10T09:17:06.000,2318,9664,2318,4,0.0,0,0.0,0,0.0,0,0.0,0,2318.2,12,0.0,0,0.0,0,0.0,0,0.0,0
2012-10-10T09:17:06.500,2318,9684,2318,8,0.0,0,0.0,0,0.0,0,0.0,0,2318.2,21,0.0,0,0.0,0,0.0,0,0.0,0
2012-10-10T09:17:07.000,2318,9692,2317.8,80,0.0,0,0.0,0,0.0,0,0.0,0,2318,3,0.0,0,0.0,0,0.0,0,0.0,0
2012-10-10T09:17:07.500,2317.8,9748,2317.8,28,0.0,0,0.0,0,0.0,0,0.0,0,2318,62,0.0,0,0.0,0,0.0,0,0.0,0
2012-10-10T09:17:08.000,2317.8,9759,2317.8,24,0.0,0,0.0,0,0.0,0,0.0,0,2318,59,0.0,0,0.0,0,0.0,0,0.0,0
2012-10-10T09:17:08.500,2317.8,9783,2317.6,22,0.0,0,0.0,0,0.0,0,0.0,0,2317.8,10,0.0,0,0.0,0,0.0,0,0.0,0
2012-10-10T09:17:09.000,2317.6,9839,2317.8,1,0.0,0,0.0,0,0.0,0,0.0,0,2318,24,0.0,0,0.0,0,0.0,0,0.0,0
2012-10-10T09:17:09.500,2318,9841,2317.6,20,0.0,0,0.0,0,0.0,0,0.0,0,2318,28,0.0,0,0.0,0,0.0,0,0.0,0
2012-10-10T09:17:10.000,2318,9859,2317.8,23,0.0,0,0.0,0,0.0,0,0.0,0,2318,18,0.0,0,0.0,0,0.0,0,0.0,0
2012-10-10T09:17:10.500,2317.8,9866,2317.8,26,0.0,0,0.0,0,0.0,0,0.0,0,2318,29,0.0,0,0.0,0,0.0,0,0.0,0
2012-10-10T09:17:11.000,2317.8,9885,2317.8,20,0.0,0,0.0,0,0.0,0,0.0,0,2318,17,0.0,0,0.0,0,0.0,0,0.0,0
2012-10-10T09:17:11.500,2318,9907,2317.8,30,0.0,0,0.0,0,0.0,0,0.0,0,2318.2,14,0.0,0,0.0,0,0.0,0,0.0,0
2012-10-10T09:17:12.000,2318,9917,2318,15,0.0,0,0.0,0,0.0,0,0.0,0,2318.2,14,0.0,0,0.0,0,0.0,0,0.0,0
2012-10-10T09:17:12.500,2318.2,9934,2318.2,3,0.0,0,0.0,0,0.0,0,0.0,0,2318.4,20,0.0,0,0.0,0,0.0,0,0.0,0
2012-10-10T09:17:13.000,2318.2,9960,2318,12,0.0,0,0.0,0,0.0,0,0.0,0,2318.2,19,0.0,0,0.0,0,0.0,0,0.0,0
2012-10-10T09:17:13.500,2318,9961,2318,12,0.0,0,0.0,0,0.0,0,0.0,0,2318.2,28,0.0,0,0.0,0,0.0,0,0.0,0
2012-10-10T09:17:14.000,2318,9990,2318,10,0.0,0,0.0,0,0.0,0,0.0,0,2318.2,7,0.0,0,0.0,0,0.0,0,0.0,0
2012-10-10T09:17:14.500,2317.8,10004,2317.8,18,0.0,0,0.0,0,0.0,0,0.0,0,2318,12,0.0,0,0.0,0,0.0,0,0.0,0
2012-10-10T09:17:15.000,2318,10016,2317.8,18,0.0,0,0.0,0,0.0,0,0.0,0,2318,3,0.0,0,0.0,0,0.0,0,0.0,0
2012-10-10T09:17:15.500,2318,10023,2317.8,14,0.0,0,0.0,0,0.0,0,0.0,0,2318,12,0.0,0,0.0,0,0.0,0,0.0,0
2012-10-10T09:17:16.000,2317.8,10031,2317.8,7,0.0,0,0.0,0,0.0,0,0.0,0,2318,11,0.0,0,0.0,0,0.0,0,0.0,0
2012-10-10T09:17:16.500,2317.6,10045,2317.6,20,0.0,0,0.0,0,0.0,0,0.0,0,2317.8,2,0.0,0,0.0,0,0.0,0,0.0,0
2012-10-10T09:17:17.000,2317.6,10077,2317.4,5,0.0,0,0.0,0,0.0,0,0.0,0,2317.6,1,0.0,0,0.0,0,0.0,0,0.0,0
2012-10-10T09:17:17.500,2318,10088,2317.4,4,0.0,0,0.0,0,0.0,0,0.0,0,2318,14,0.0,0,0.0,0,0.0,0,0.0,0
2012-10-10T09:17:18.000,2318,10117,2317.4,9,0.0,0,0.0,0,0.0,0,0.0,0,2318,5,0.0,0,0.0,0,0.0,0,0.0,0
2012-10-10T09:17:18.500,2317.4,10121,2317.6,3,0.0,0,0.0,0,0.0,0,0.0,0,2318,4,0.0,0,0.0,0,0.0,0,0.0,0
2012-10-10T09:17:19.000,2317.6,10131,2317.6,6,0.0,0,0.0,0,0.0,0,0.0,0,2317.8,2,0.0,0,0.0,0,0.0,0,0.0,0
2012-10-10T09:17:19.500,2317.6,10143,2317.6,45,0.0,0,0.0,0,0.0,0,0.0,0,2317.8,2,0.0,0,0.0,0,0.0,0,0.0,0
2012-10-10T09:17:20.000,2317.8,10158,2317.8,12,0.0,0,0.0,0,0.0,0,0.0,0,2318,4,0.0,0,0.0,0,0.0,0,0.0,0
2012-10-10T09:17:20.500,2317.8,10165,2317.8,10,0.0,0,0.0,0,0.0,0,0.0,0,2318,6,0.0,0,0.0,0,0.0,0,0.0,0
2012-10-10T09:17:21.000,2317.8,10187,2317.8,11,0.0,0,0.0,0,0.0,0,0.0,0,2318,2,0.0,0,0.0,0,0.0,0,0.0,0
2012-10-10T09:17:21.500,2318.2,10194,2317.8,12,0.0,0,0.0,0,0.0,0,0.0,0,2318.2,14,0.0,0,0.0,0,0.0,0,0.0,0
2012-10-10T09:17:22.000,2317.8,10195,2317.8,13,0.0,0,0.0,0,0.0,0,0.0,0,2318,2,0.0,0,0.0,0,0.0,0,0.0,0
2012-10-10T09:17:22.500,2317.8,10198,2317.8,11,0.0,0,0.0,0,0.0,0,0.0,0,2318,2,0.0,0,0.0,0,0.0,0,0.0,0
2012-10-10T09:17:23.000,2317.8,10213,2317.8,11,0.0,0,0.0,0,0.0,0,0.0,0,2318,16,0.0,0,0.0,0,0.0,0,0.0,0
2012-10-10T09:17:23.500,2318,10230,2318,13,0.0,0,0.0,0,0.0,0,0.0,0,2318.2,8,0.0,0,0.0,0,0.0,0,0.0,0
2012-10-10T09:17:24.000,2318,10246,2318,13,0.0,0,0.0,0,0.0,0,0.0,0,2318.4,23,0.0,0,0.0,0,0.0,0,0.0,0
2012-10-10T09:17:24.500,2318,10250,2318,13,0.0,0,0.0,0,0.0,0,0.0,0,2318.4,23,0.0,0,0.0,0,0.0,0,0.0,0
2012-10-10T09:17:25.000,2318.2,10260,2318.2,15,0.0,0,0.0,0,0.0,0,0.0,0,2318.4,14,0.0,0,0.0,0,0.0,0,0.0,0
2012-10-10T09:17:25.500,2318.2,10276,2318.4,5,0.0,0,0.0,0,0.0,0,0.0,0,2318.6,32,0.0,0,0.0,0,0.0,0,0.0,0
2012-10-10T09:17:26.000,2318.4,10285,2318.4,2,0.0,0,0.0,0,0.0,0,0.0,0,2318.6,26,0.0,0,0.0,0,0.0,0,0.0,0
2012-10-10T09:17:26.500,2318.4,10300,2318.2,9,0.0,0,0.0,0,0.0,0,0.0,0,2318.4,9,0.0,0,0.0,0,0.0,0,0.0,0
2012-10-10T09:17:27.000,2318.4,10314,2318.2,1,0.0,0,0.0,0,0.0,0,0.0,0,2318.4,6,0.0,0,0.0,0,0.0,0,0.0,0
2012-10-10T09:17:27.500,2318.2,10317,2318,15,0.0,0,0.0,0,0.0,0,0.0,0,2318.4,10,0.0,0,0.0,0,0.0,0,0.0,0
2012-10-10T09:17:28.000,2318.4,10337,2318.4,8,0.0,0,0.0,0,0.0,0,0.0,0,2318.6,28,0.0,0,0.0,0,0.0,0,0.0,0
2012-10-10T09:17:28.500,2318.6,10360,2318,14,0.0,0,0.0,0,0.0,0,0.0,0,2318.4,1,0.0,0,0.0,0,0.0,0,0.0,0
2012-10-10T09:17:29.000,2318.2,10362,2318,13,0.0,0,0.0,0,0.0,0,0.0,0,2318.2,1,0.0,0,0.0,0,0.0,0,0.0,0
2012-10-10T09:17:29.500,2318.4,10369,2318.2,30,0.0,0,0.0,0,0.0,0,0.0,0,2318.6,21,0.0,0,0.0,0,0.0,0,0.0,0
2012-10-10T09:17:30.000,2318.4,10370,2318.2,31,0.0,0,0.0,0,0.0,0,0.0,0,2318.4,1,0.0,0,0.0,0,0.0,0,0.0,0
2012-10-10T09:17:30.500,2318.4,10374,2318.4,19,0.0,0,0.0,0,0.0,0,0.0,0,2318.6,21,0.0,0,0.0,0,0.0,0,0.0,0
2012-10-10T09:17:31.000,2318.4,10379,2318.4,25,0.0,0,0.0,0,0.0,0,0.0,0,2318.6,17,0.0,0,0.0,0,0.0,0,0.0,0
2012-10-10T09:17:31.500,2318.6,10399,2318.6,19,0.0,0,0.0,0,0.0,0,0.0,0,2318.8,56,0.0,0,0.0,0,0.0,0,0.0,0
2012-10-10T09:17:32.000,2318.8,10417,2318.6,37,0.0,0,0.0,0,0.0,0,0.0,0,2318.8,40,0.0,0,0.0,0,0.0,0,0.0,0
2012-10-10T09:17:32.500,2318.6,10434,2318.6,33,0.0,0,0.0,0,0.0,0,0.0,0,2318.8,27,0.0,0,0.0,0,0.0,0,0.0,0
2012-10-10T09:17:33.000,2318.8,10463,2318.8,17,0.0,0,0.0,0,0.0,0,0.0,0,2319,51,0.0,0,0.0,0,0.0,0,0.0,0
2012-10-10T09:17:33.500,2318.8,10468,2318.8,17,0.0,0,0.0,0,0.0,0,0.0,0,2319,52,0.0,0,0.0,0,0.0,0,0.0,0
2012-10-10T09:17:34.000,2318.8,10471,2318.8,21,0.0,0,0.0,0,0.0,0,0.0,0,2319,55,0.0,0,0.0,0,0.0,0,0.0,0
2012-10-10T09:17:34.500,2318.8,10538,2318.8,13,0.0,0,0.0,0,0.0,0,0.0,0,2319.2,32,0.0,0,0.0,0,0.0,0,0.0,0
2012-10-10T09:17:35.000,2319,10547,2318.8,18,0.0,0,0.0,0,0.0,0,0.0,0,2319.2,31,0.0,0,0.0,0,0.0,0,0.0,0
2012-10-10T09:17:35.500,2318.8,10560,2318.8,20,0.0,0,0.0,0,0.0,0,0.0,0,2319,27,0.0,0,0.0,0,0.0,0,0.0,0
2012-10-10T09:17:36.000,2319,10588,2318.8,19,0.0,0,0.0,0,0.0,0,0.0,0,2319,71,0.0,0,0.0,0,0.0,0,0.0,0
2012-10-10T09:17:36.500,2319,10609,2318.8,22,0.0,0,0.0,0,0.0,0,0.0,0,2319,66,0.0,0,0.0,0,0.0,0,0.0,0
2012-10-10T09:17:37.000,2318.8,10632,2318.6,30,0.0,0,0.0,0,0.0,0,0.0,0,2318.8,4,0.0,0,0.0,0,0.0,0,0.0,0
2012-10-10T09:17:37.500,2318.8,10644,2318.6,27,0.0,0,0.0,0,0.0,0,0.0,0,2318.8,8,0.0,0,0.0,0,0.0,0,0.0,0
2012-10-10T09:17:38.000,2318.8,10650,2318.6,37,0.0,0,0.0,0,0.0,0,0.0,0,2318.8,5,0.0,0,0.0,0,0.0,0,0.0,0
2012-10-10T09:17:38.500,2318.6,10666,2318.6,35,0.0,0,0.0,0,0.0,0,0.0,0,2318.8,2,0.0,0,0.0,0,0.0,0,0.0,0
2012-10-10T09:17:39.000,2318.8,10677,2318.6,34,0.0,0,0.0,0,0.0,0,0.0,0,2318.8,7,0.0,0,0.0,0,0.0,0,0.0,0
2012-10-10T09:17:39.500,2318.6,10680,2318.6,32,0.0,0,0.0,0,0.0,0,0.0,0,2318.8,6,0.0,0,0.0,0,0.0,0,0.0,0
2012-10-10T09:17:40.000,2318.8,10681,2318.6,32,0.0,0,0.0,0,0.0,0,0.0,0,2318.8,15,0.0,0,0.0,0,0.0,0,0.0,0
2012-10-10T09:17:40.500,2318.6,10684,2318.6,30,0.0,0,0.0,0,0.0,0,0.0,0,2318.8,17,0.0,0,0.0,0,0.0,0,0.0,0
2012-10-10T09:17:41.000,2318.8,10685,2318.6,30,0.0,0,0.0,0,0.0,0,0.0,0,2318.8,19,0.0,0,0.0,0,0.0,0,0.0,0
2012-10-10T09:17:41.500,2318.8,10740,2318.2,59,0.0,0,0.0,0,0.0,0,0.0,0,2318.8,16,0.0,0,0.0,0,0.0,0,0.0,0
2012-10-10T09:17:42.000,2318.8,10741,2318.2,59,0.0,0,0.0,0,0.0,0,0.0,0,2318.8,25,0.0,0,0.0,0,0.0,0,0.0,0
2012-10-10T09:17:42.500,2318.4,10746,2318.4,2,0.0,0,0.0,0,0.0,0,0.0,0,2318.8,25,0.0,0,0.0,0,0.0,0,0.0,0
2012-10-10T09:17:43.000,2318.6,10756,2318.4,1,0.0,0,0.0,0,0.0,0,0.0,0,2318.8,27,0.0,0,0.0,0,0.0,0,0.0,0
2012-10-10T09:17:43.500,2318.6,10758,2318.4,9,0.0,0,0.0,0,0.0,0,0.0,0,2318.6,20,0.0,0,0.0,0,0.0,0,0.0,0
2012-10-10T09:17:44.000,2318.4,10760,2318.2,59,0.0,0,0.0,0,0.0,0,0.0,0,2318.4,1,0.0,0,0.0,0,0.0,0,0.0,0
2012-10-10T09:17:44.500,2318.4,10766,2318.2,39,0.0,0,0.0,0,0.0,0,0.0,0,2318.4,3,0.0,0,0.0,0,0.0,0,0.0,0
2012-10-10T09:17:45.000,2318.4,10771,2318.4,3,0.0,0,0.0,0,0.0,0,0.0,0,2318.6,25,0.0,0,0.0,0,0.0,0,0.0,0
2012-10-10T09:17:45.500,2318.4,10774,2318.4,6,0.0,0,0.0,0,0.0,0,0.0,0,2318.6,25,0.0,0,0.0,0,0.0,0,0.0,0
2012-10-10T09:17:46.000,2318.4,10788,2318.4,4,0.0,0,0.0,0,0.0,0,0.0,0,2318.6,26,0.0,0,0.0,0,0.0,0,0.0,0
2012-10-10T09:17:46.500,2318.6,10793,2318.4,4,0.0,0,0.0,0,0.0,0,0.0,0,2318.6,21,0.0,0,0.0,0,0.0,0,0.0,0
2012-10-10T09:17:47.000,2318.4,10803,2318.4,2,0.0,0,0.0,0,0.0,0,0.0,0,2318.6,21,0.0,0,0.0,0,0.0,0,0.0,0
2012-10-10T09:17:47.500,2318.4,10817,2318.2,26,0.0,0,0.0,0,0.0,0,0.0,0,2318.4,4,0.0,0,0.0,0,0.0,0,0.0,0
2012-10-10T09:17:48.000,2318.4,10822,2318.2,33,0.0,0,0.0,0,0.0,0,0.0,0,2318.6,18,0.0,0,0.0,0,0.0,0,0.0,0
2012-10-10T09:17:48.500,2318.4,10823,2318.4,4,0.0,0,0.0,0,0.0,0,0.0,0,2318.6,18,0.0,0,0.0,0,0.0,0,0.0,0
2012-10-10T09:17:49.000,2318.6,10825,2318.4,23,0.0,0,0.0,0,0.0,0,0.0,0,2318.6,18,0.0,0,0.0,0,0.0,0,0.0,0
2012-10-10T09:17:49.500,2318.6,10837,2318.4,21,0.0,0,0.0,0,0.0,0,0.0,0,2318.6,8,0.0,0,0.0,0,0.0,0,0.0,0
2012-10-10T09:17:50.000,2318.6,10846,2318.6,2,0.0,0,0.0,0,0.0,0,0.0,0,2318.8,31,0.0,0,0.0,0,0.0,0,0.0,0
2012-10-10T09:17:50.500,2318.6,10850,2318.6,12,0.0,0,0.0,0,0.0,0,0.0,0,2318.8,31,0.0,0,0.0,0,0.0,0,0.0,0
2012-10-10T09:17:51.000,2318.8,10863,2318.6,11,0.0,0,0.0,0,0.0,0,0.0,0,2318.8,22,0.0,0,0.0,0,0.0,0,0.0,0
2012-10-10T09:17:51.500,2318.6,10875,2318.4,11,0.0,0,0.0,0,0.0,0,0.0,0,2318.6,11,0.0,0,0.0,0,0.0,0,0.0,0
2012-10-10T09:17:52.000,2318.4,10880,2318.4,11,0.0,0,0.0,0,0.0,0,0.0,0,2318.6,7,0.0,0,0.0,0,0.0,0,0.0,0
2012-10-10T09:17:52.500,2318.8,10900,2318.6,13,0.0,0,0.0,0,0.0,0,0.0,0,2318.8,16,0.0,0,0.0,0,0.0,0,0.0,0
2012-10-10T09:17:53.000,2318.4,10922,2318.4,4,0.0,0,0.0,0,0.0,0,0.0,0,2318.8,36,0.0,0,0.0,0,0.0,0,0.0,0
2012-10-10T09:17:53.500,2318.6,10924,2318.4,4,0.0,0,0.0,0,0.0,0,0.0,0,2318.8,37,0.0,0,0.0,0,0.0,0,0.0,0
2012-10-10T09:17:54.000,2318.4,10925,2318.4,3,0.0,0,0.0,0,0.0,0,0.0,0,2318.6,8,0.0,0,0.0,0,0.0,0,0.0,0
2012-10-10T09:17:54.500,2318.6,10932,2318.4,1,0.0,0,0.0,0,0.0,0,0.0,0,2318.6,7,0.0,0,0.0,0,0.0,0,0.0,0
2012-10-10T09:17:55.250,2318.6,10933,2318.4,3,0.0,0,0.0,0,0.0,0,0.0,0,2318.6,18,0.0,0,0.0,0,0.0,0,0.0,0
2012-10-10T09:17:56.000,2318.4,10939,2318.4,3,0.0,0,0.0,0,0.0,0,0.0,0,2318.6,16,0.0,0,0.0,0,0.0,0,0.0,0
2012-10-10T09:17:56.500,2318.4,10940,2318.4,2,0.0,0,0.0,0,0.0,0,0.0,0,2318.6,18,0.0,0,0.0,0,0.0,0,0.0,0
2012-10-10T09:17:57.000,2318.4,10948,2318.2,29,0.0,0,0.0,0,0.0,0,0.0,0,2318.4,7,0.0,0,0.0,0,0.0,0,0.0,0
2012-10-10T09:17:57.500,2318.4,10962,2318.2,16,0.0,0,0.0,0,0.0,0,0.0,0,2318.4,6,0.0,0,0.0,0,0.0,0,0.0,0
2012-10-10T09:17:58.250,2318.2,10986,2318,38,0.0,0,0.0,0,0.0,0,0.0,0,2318.2,71,0.0,0,0.0,0,0.0,0,0.0,0
2012-10-10T09:17:59.000,2318,10999,2318,27,0.0,0,0.0,0,0.0,0,0.0,0,2318.2,69,0.0,0,0.0,0,0.0,0,0.0,0
2012-10-10T09:17:59.500,2317.8,11061,2317.8,20,0.0,0,0.0,0,0.0,0,0.0,0,2318,2,0.0,0,0.0,0,0.0,0,0.0,0
2012-10-10T09:18:00.000,2318.2,11065,2317.8,25,0.0,0,0.0,0,0.0,0,0.0,0,2318.2,36,0.0,0,0.0,0,0.0,0,0.0,0
2012-10-10T09:18:00.500,2318.2,11081,2317.8,21,0.0,0,0.0,0,0.0,0,0.0,0,2318.2,28,0.0,0,0.0,0,0.0,0,0.0,0
2012-10-10T09:18:01.000,2317.8,11092,2317.8,21,0.0,0,0.0,0,0.0,0,0.0,0,2318,6,0.0,0,0.0,0,0.0,0,0.0,0
2012-10-10T09:18:01.500,2317.8,11101,2317.8,21,0.0,0,0.0,0,0.0,0,0.0,0,2318,4,0.0,0,0.0,0,0.0,0,0.0,0
2012-10-10T09:18:02.000,2318,11106,2317.8,21,0.0,0,0.0,0,0.0,0,0.0,0,2318,2,0.0,0,0.0,0,0.0,0,0.0,0
2012-10-10T09:18:02.500,2317.8,11114,2317.8,18,0.0,0,0.0,0,0.0,0,0.0,0,2318.2,23,0.0,0,0.0,0,0.0,0,0.0,0
2012-10-10T09:18:03.000,2317.8,11118,2317.8,18,0.0,0,0.0,0,0.0,0,0.0,0,2318.2,26,0.0,0,0.0,0,0.0,0,0.0,0
2012-10-10T09:18:03.500,2318,11125,2317.8,13,0.0,0,0.0,0,0.0,0,0.0,0,2318,1,0.0,0,0.0,0,0.0,0,0.0,0
2012-10-10T09:18:04.000,2317.8,11136,2317.8,10,0.0,0,0.0,0,0.0,0,0.0,0,2318,5,0.0,0,0.0,0,0.0,0,0.0,0
2012-10-10T09:18:04.500,2317.8,11138,2317.8,11,0.0,0,0.0,0,0.0,0,0.0,0,2318.2,28,0.0,0,0.0,0,0.0,0,0.0,0
2012-10-10T09:18:05.000,2318,11139,2317.8,15,0.0,0,0.0,0,0.0,0,0.0,0,2318.2,30,0.0,0,0.0,0,0.0,0,0.0,0
2012-10-10T09:18:05.500,2317.8,11149,2317.8,12,0.0,0,0.0,0,0.0,0,0.0,0,2318,20,0.0,0,0.0,0,0.0,0,0.0,0
2012-10-10T09:18:06.000,2317.8,11166,2317.6,66,0.0,0,0.0,0,0.0,0,0.0,0,2317.8,9,0.0,0,0.0,0,0.0,0,0.0,0
2012-10-10T09:18:06.500,2317.8,11170,2317.6,63,0.0,0,0.0,0,0.0,0,0.0,0,2317.8,9,0.0,0,0.0,0,0.0,0,0.0,0
2012-10-10T09:18:07.000,2317.8,11185,2317.8,3,0.0,0,0.0,0,0.0,0,0.0,0,2318,22,0.0,0,0.0,0,0.0,0,0.0,0
2012-10-10T09:18:07.500,2317.8,11198,2317.8,3,0.0,0,0.0,0,0.0,0,0.0,0,2318,20,0.0,0,0.0,0,0.0,0,0.0,0
2012-10-10T09:18:08.000,2318,11204,2317.8,4,0.0,0,0.0,0,0.0,0,0.0,0,2318,15,0.0,0,0.0,0,0.0,0,0.0,0
2012-10-10T09:18:08.500,2317.8,11215,2317.8,7,0.0,0,0.0,0,0.0,0,0.0,0,2318,13,0.0,0,0.0,0,0.0,0,0.0,0
2012-10-10T09:18:09.000,2317.8,11217,2317.8,6,0.0,0,0.0,0,0.0,0,0.0,0,2318,14,0.0,0,0.0,0,0.0,0,0.0,0
2012-10-10T09:18:09.500,2317.8,11219,2317.8,10,0.0,0,0.0,0,0.0,0,0.0,0,2318,14,0.0,0,0.0,0,0.0,0,0.0,0
2012-10-10T09:18:10.000,2317.6,11232,2317.6,53,0.0,0,0.0,0,0.0,0,0.0,0,2317.8,13,0.0,0,0.0,0,0.0,0,0.0,0
2012-10-10T09:18:10.500,2317.6,11238,2317.6,56,0.0,0,0.0,0,0.0,0,0.0,0,2317.8,11,0.0,0,0.0,0,0.0,0,0.0,0
2012-10-10T09:18:11.000,2317.8,11251,2317.6,63,0.0,0,0.0,0,0.0,0,0.0,0,2317.8,1,0.0,0,0.0,0,0.0,0,0.0,0
2012-10-10T09:18:11.500,2317.8,11277,2317.8,1,0.0,0,0.0,0,0.0,0,0.0,0,2318,18,0.0,0,0.0,0,0.0,0,0.0,0
2012-10-10T09:18:12.000,2317.6,11283,2317.6,36,0.0,0,0.0,0,0.0,0,0.0,0,2317.8,7,0.0,0,0.0,0,0.0,0,0.0,0
2012-10-10T09:18:12.500,2317.6,11292,2317.6,34,0.0,0,0.0,0,0.0,0,0.0,0,2317.8,3,0.0,0,0.0,0,0.0,0,0.0,0
2012-10-10T09:18:13.000,2317.8,11297,2317.6,34,0.0,0,0.0,0,0.0,0,0.0,0,2317.8,12,0.0,0,0.0,0,0.0,0,0.0,0
2012-10-10T09:18:13.500,2317.4,11334,2317.4,17,0.0,0,0.0,0,0.0,0,0.0,0,2317.6,26,0.0,0,0.0,0,0.0,0,0.0,0
2012-10-10T09:18:14.000,2317.4,11354,2317.2,62,0.0,0,0.0,0,0.0,0,0.0,0,2317.4,6,0.0,0,0.0,0,0.0,0,0.0,0
2012-10-10T09:18:14.500,2317.4,11358,2317.2,61,0.0,0,0.0,0,0.0,0,0.0,0,2317.4,34,0.0,0,0.0,0,0.0,0,0.0,0
2012-10-10T09:18:15.000,2317.2,11376,2317.2,49,0.0,0,0.0,0,0.0,0,0.0,0,2317.4,17,0.0,0,0.0,0,0.0,0,0.0,0
2012-10-10T09:18:15.500,2317.2,11404,2317.2,28,0.0,0,0.0,0,0.0,0,0.0,0,2317.4,10,0.0,0,0.0,0,0.0,0,0.0,0
2012-10-10T09:18:16.000,2317.4,11427,2317.2,12,0.0,0,0.0,0,0.0,0,0.0,0,2317.4,7,0.0,0,0.0,0,0.0,0,0.0,0
2012-10-10T09:18:16.500,2317.2,11447,2317.2,2,0.0,0,0.0,0,0.0,0,0.0,0,2317.4,7,0.0,0,0.0,0,0.0,0,0.0,0
2012-10-10T09:18:17.000,2317,11452,2317,60,0.0,0,0.0,0,0.0,0,0.0,0,2317.2,8,0.0,0,0.0,0,0.0,0,0.0,0
2012-10-10T09:18:17.500,2317,11478,2317,62,0.0,0,0.0,0,0.0,0,0.0,0,2317.4,5,0.0,0,0.0,0,0.0,0,0.0,0
2012-10-10T09:18:18.000,2317,11505,2317,58,0.0,0,0.0,0,0.0,0,0.0,0,2317.2,43,0.0,0,0.0,0,0.0,0,0.0,0
2012-10-10T09:18:18.500,2317,11540,2317,26,0.0,0,0.0,0,0.0,0,0.0,0,2317.2,43,0.0,0,0.0,0,0.0,0,0.0,0
2012-10-10T09:18:19.000,2317.2,11577,2317,5,0.0,0,0.0,0,0.0,0,0.0,0,2317.2,29,0.0,0,0.0,0,0.0,0,0.0,0
2012-10-10T09:18:19.500,2317.2,11598,2316.8,16,0.0,0,0.0,0,0.0,0,0.0,0,2317,2,0.0,0,0.0,0,0.0,0,0.0,0
2012-10-10T09:18:20.000,2317,11610,2316.8,28,0.0,0,0.0,0,0.0,0,0.0,0,2317,23,0.0,0,0.0,0,0.0,0,0.0,0
2012-10-10T09:18:20.500,2316.8,11623,2316.8,38,0.0,0,0.0,0,0.0,0,0.0,0,2317,28,0.0,0,0.0,0,0.0,0,0.0,0
2012-10-10T09:18:21.000,2317,11645,2316.8,18,0.0,0,0.0,0,0.0,0,0.0,0,2317,31,0.0,0,0.0,0,0.0,0,0.0,0
2012-10-10T09:18:21.500,2317,11707,2317,1,0.0,0,0.0,0,0.0,0,0.0,0,2317.2,17,0.0,0,0.0,0,0.0,0,0.0,0
2012-10-10T09:18:22.000,2317,11728,2317,46,0.0,0,0.0,0,0.0,0,0.0,0,2317.2,14,0.0,0,0.0,0,0.0,0,0.0,0
2012-10-10T09:18:22.500,2317.2,11760,2317.2,12,0.0,0,0.0,0,0.0,0,0.0,0,2317.4,2,0.0,0,0.0,0,0.0,0,0.0,0
2012-10-10T09:18:23.000,2317.4,11777,2317.4,9,0.0,0,0.0,0,0.0,0,0.0,0,2317.6,28,0.0,0,0.0,0,0.0,0,0.0,0
2012-10-10T09:18:23.500,2317.6,11781,2317.4,13,0.0,0,0.0,0,0.0,0,0.0,0,2317.6,27,0.0,0,0.0,0,0.0,0,0.0,0
2012-10-10T09:18:24.000,2317.6,11790,2317.4,12,0.0,0,0.0,0,0.0,0,0.0,0,2317.6,22,0.0,0,0.0,0,0.0,0,0.0,0
2012-10-10T09:18:24.500,2317.2,11814,2317.2,30,0.0,0,0.0,0,0.0,0,0.0,0,2317.6,24,0.0,0,0.0,0,0.0,0,0.0,0
2012-10-10T09:18:25.000,2317.4,11816,2317.4,2,0.0,0,0.0,0,0.0,0,0.0,0,2317.6,25,0.0,0,0.0,0,0.0,0,0.0,0
2012-10-10T09:18:25.500,2317.2,11831,2317.2,20,0.0,0,0.0,0,0.0,0,0.0,0,2317.4,17,0.0,0,0.0,0,0.0,0,0.0,0
2012-10-10T09:18:26.000,2317.6,11852,2317.2,20,0.0,0,0.0,0,0.0,0,0.0,0,2317.6,19,0.0,0,0.0,0,0.0,0,0.0,0
2012-10-10T09:18:26.500,2317.4,11865,2317.2,16,0.0,0,0.0,0,0.0,0,0.0,0,2317.4,2,0.0,0,0.0,0,0.0,0,0.0,0
2012-10-10T09:18:27.000,2317.2,11874,2317.2,10,0.0,0,0.0,0,0.0,0,0.0,0,2317.4,1,0.0,0,0.0,0,0.0,0,0.0,0
2012-10-10T09:18:27.500,2317.4,11884,2317.2,5,0.0,0,0.0,0,0.0,0,0.0,0,2317.4,7,0.0,0,0.0,0,0.0,0,0.0,0
2012-10-10T09:18:28.000,2317.2,11888,2317.2,4,0.0,0,0.0,0,0.0,0,0.0,0,2317.4,5,0.0,0,0.0,0,0.0,0,0.0,0
2012-10-10T09:18:28.500,2317.2,11895,2317,63,0.0,0,0.0,0,0.0,0,0.0,0,2317.2,6,0.0,0,0.0,0,0.0,0,0.0,0
2012-10-10T09:18:29.250,2317,11906,2317,57,0.0,0,0.0,0,0.0,0,0.0,0,2317.2,5,0.0,0,0.0,0,0.0,0,0.0,0
2012-10-10T09:18:30.000,2317.2,11951,2317.2,17,0.0,0,0.0,0,0.0,0,0.0,0,2317.4,13,0.0,0,0.0,0,0.0,0,0.0,0
2012-10-10T09:18:30.500,2317.2,11952,2317.2,16,0.0,0,0.0,0,0.0,0,0.0,0,2317.4,13,0.0,0,0.0,0,0.0,0,0.0,0
2012-10-10T09:18:31.000,2317.4,11953,2317.2,17,0.0,0,0.0,0,0.0,0,0.0,0,2317.4,12,0.0,0,0.0,0,0.0,0,0.0,0
2012-10-10T09:18:31.500,2317.2,11955,2317.2,30,0.0,0,0.0,0,0.0,0,0.0,0,2317.4,12,0.0,0,0.0,0,0.0,0,0.0,0
2012-10-10T09:18:32.000,2317.4,11959,2317.2,29,0.0,0,0.0,0,0.0,0,0.0,0,2317.4,9,0.0,0,0.0,0,0.0,0,0.0,0
2012-10-10T09:18:32.500,2317.4,11974,2317.2,27,0.0,0,0.0,0,0.0,0,0.0,0,2317.4,2,0.0,0,0.0,0,0.0,0,0.0,0
2012-10-10T09:18:33.000,2317.4,11979,2317.4,59,0.0,0,0.0,0,0.0,0,0.0,0,2317.6,13,0.0,0,0.0,0,0.0,0,0.0,0
2012-10-10T09:18:33.500,2317.4,11992,2317.4,50,0.0,0,0.0,0,0.0,0,0.0,0,2317.6,16,0.0,0,0.0,0,0.0,0,0.0,0
2012-10-10T09:18:34.000,2317.8,12015,2317.6,10,0.0,0,0.0,0,0.0,0,0.0,0,2317.8,8,0.0,0,0.0,0,0.0,0,0.0,0
2012-10-10T09:18:34.500,2317.8,12024,2317.8,12,0.0,0,0.0,0,0.0,0,0.0,0,2318,29,0.0,0,0.0,0,0.0,0,0.0,0
2012-10-10T09:18:35.000,2317.8,12039,2317.8,5,0.0,0,0.0,0,0.0,0,0.0,0,2318,23,0.0,0,0.0,0,0.0,0,0.0,0
2012-10-10T09:18:35.500,2318,12055,2317.6,28,0.0,0,0.0,0,0.0,0,0.0,0,2317.8,1,0.0,0,0.0,0,0.0,0,0.0,0
2012-10-10T09:18:36.000,2318,12059,2317.6,28,0.0,0,0.0,0,0.0,0,0.0,0,2317.8,1,0.0,0,0.0,0,0.0,0,0.0,0
2012-10-10T09:18:36.500,2317.8,12071,2317.6,18,0.0,0,0.0,0,0.0,0,0.0,0,2317.8,1,0.0,0,0.0,0,0.0,0,0.0,0
2012-10-10T09:18:37.000,2317.8,12075,2317.8,1,0.0,0,0.0,0,0.0,0,0.0,0,2318,9,0.0,0,0.0,0,0.0,0,0.0,0
2012-10-10T09:18:37.500,2318,12084,2317.6,19,0.0,0,0.0,0,0.0,0,0.0,0,2318,3,0.0,0,0.0,0,0.0,0,0.0,0
2012-10-10T09:18:38.000,2318.2,12094,2317.8,6,0.0,0,0.0,0,0.0,0,0.0,0,2318,1,0.0,0,0.0,0,0.0,0,0.0,0
2012-10-10T09:18:38.500,2318.2,12097,2318,6,0.0,0,0.0,0,0.0,0,0.0,0,2318.4,58,0.0,0,0.0,0,0.0,0,0.0,0
2012-10-10T09:18:40.000,2318,12115,2317.8,14,0.0,0,0.0,0,0.0,0,0.0,0,2318.4,55,0.0,0,0.0,0,0.0,0,0.0,0
2012-10-10T09:18:40.500,2318.2,12116,2317.8,17,0.0,0,0.0,0,0.0,0,0.0,0,2318,1,0.0,0,0.0,0,0.0,0,0.0,0
2012-10-10T09:18:41.000,2317.8,12119,2317.8,14,0.0,0,0.0,0,0.0,0,0.0,0,2318,1,0.0,0,0.0,0,0.0,0,0.0,0
2012-10-10T09:18:41.500,2318,12120,2317.8,14,0.0,0,0.0,0,0.0,0,0.0,0,2318.2,39,0.0,0,0.0,0,0.0,0,0.0,0
2012-10-10T09:18:42.250,2318,12121,2318,2,0.0,0,0.0,0,0.0,0,0.0,0,2318.2,40,0.0,0,0.0,0,0.0,0,0.0,0
2012-10-10T09:18:43.000,2318.2,12143,2318,3,0.0,0,0.0,0,0.0,0,0.0,0,2318.2,18,0.0,0,0.0,0,0.0,0,0.0,0
2012-10-10T09:18:43.500,2318.2,12159,2318,2,0.0,0,0.0,0,0.0,0,0.0,0,2318.2,5,0.0,0,0.0,0,0.0,0,0.0,0
2012-10-10T09:18:44.000,2318.2,12161,2318,2,0.0,0,0.0,0,0.0,0,0.0,0,2318.2,4,0.0,0,0.0,0,0.0,0,0.0,0
2012-10-10T09:18:44.500,2318.2,12164,2318,10,0.0,0,0.0,0,0.0,0,0.0,0,2318.2,2,0.0,0,0.0,0,0.0,0,0.0,0
2012-10-10T09:18:45.000,2318,12165,2318,9,0.0,0,0.0,0,0.0,0,0.0,0,2318.2,4,0.0,0,0.0,0,0.0,0,0.0,0
2012-10-10T09:18:45.500,2318,12171,2318,4,0.0,0,0.0,0,0.0,0,0.0,0,2318.2,3,0.0,0,0.0,0,0.0,0,0.0,0
2012-10-10T09:18:46.000,2318.2,12178,2318,4,0.0,0,0.0,0,0.0,0,0.0,0,2318.2,2,0.0,0,0.0,0,0.0,0,0.0,0
2012-10-10T09:18:46.500,2318,12179,2318,3,0.0,0,0.0,0,0.0,0,0.0,0,2318.2,4,0.0,0,0.0,0,0.0,0,0.0,0
2012-10-10T09:18:47.000,2318.2,12185,2317.8,20,0.0,0,0.0,0,0.0,0,0.0,0,2318.2,3,0.0,0,0.0,0,0.0,0,0.0,0
2012-10-10T09:18:47.500,2318,12188,2317.8,20,0.0,0,0.0,0,0.0,0,0.0,0,2318.2,3,0.0,0,0.0,0,0.0,0,0.0,0
2012-10-10T09:18:48.000,2317.8,12191,2317.8,19,0.0,0,0.0,0,0.0,0,0.0,0,2318,5,0.0,0,0.0,0,0.0,0,0.0,0
2012-10-10T09:18:48.500,2317.8,12192,2317.8,18,0.0,0,0.0,0,0.0,0,0.0,0,2318,8,0.0,0,0.0,0,0.0,0,0.0,0
2012-10-10T09:18:49.000,2318,12200,2318,1,0.0,0,0.0,0,0.0,0,0.0,0,2318.2,24,0.0,0,0.0,0,0.0,0,0.0,0
2012-10-10T09:18:49.500,2318.2,12201,2318,2,0.0,0,0.0,0,0.0,0,0.0,0,2318.2,23,0.0,0,0.0,0,0.0,0,0.0,0
2012-10-10T09:18:50.000,2318,12202,2318,1,0.0,0,0.0,0,0.0,0,0.0,0,2318.2,18,0.0,0,0.0,0,0.0,0,0.0,0
2012-10-10T09:18:50.500,2318,12211,2317.8,12,0.0,0,0.0,0,0.0,0,0.0,0,2318.2,18,0.0,0,0.0,0,0.0,0,0.0,0
2012-10-10T09:18:51.000,2318,12214,2317.8,12,0.0,0,0.0,0,0.0,0,0.0,0,2318,2,0.0,0,0.0,0,0.0,0,0.0,0
2012-10-10T09:18:51.500,2318,12220,2317.8,10,0.0,0,0.0,0,0.0,0,0.0,0,2318,2,0.0,0,0.0,0,0.0,0,0.0,0
2012-10-10T09:18:52.000,2318,12222,2317.8,9,0.0,0,0.0,0,0.0,0,0.0,0,2318,1,0.0,0,0.0,0,0.0,0,0.0,0
2012-10-10T09:18:52.500,2318.2,12226,2317.8,9,0.0,0,0.0,0,0.0,0,0.0,0,2318.2,8,0.0,0,0.0,0,0.0,0,0.0,0
2012-10-10T09:18:53.000,2318,12227,2317.8,9,0.0,0,0.0,0,0.0,0,0.0,0,2318.2,8,0.0,0,0.0,0,0.0,0,0.0,0
2012-10-10T09:18:53.500,2318,12233,2317.8,4,0.0,0,0.0,0,0.0,0,0.0,0,2318.2,8,0.0,0,0.0,0,0.0,0,0.0,0
2012-10-10T09:18:54.250,2318.2,12236,2318,21,0.0,0,0.0,0,0.0,0,0.0,0,2318.2,6,0.0,0,0.0,0,0.0,0,0.0,0
2012-10-10T09:18:55.000,2318,12249,2318,12,0.0,0,0.0,0,0.0,0,0.0,0,2318.2,5,0.0,0,0.0,0,0.0,0,0.0,0
2012-10-10T09:18:55.500,2318.2,12259,2318,9,0.0,0,0.0,0,0.0,0,0.0,0,2318.2,8,0.0,0,0.0,0,0.0,0,0.0,0
2012-10-10T09:18:56.000,2318.2,12260,2318,14,0.0,0,0.0,0,0.0,0,0.0,0,2318.2,7,0.0,0,0.0,0,0.0,0,0.0,0
2012-10-10T09:18:56.500,2318.2,12264,2318,16,0.0,0,0.0,0,0.0,0,0.0,0,2318.2,6,0.0,0,0.0,0,0.0,0,0.0,0
2012-10-10T09:18:57.000,2318.2,12271,2318,11,0.0,0,0.0,0,0.0,0,0.0,0,2318.2,4,0.0,0,0.0,0,0.0,0,0.0,0
2012-10-10T09:18:57.500,2318,12284,2318,4,0.0,0,0.0,0,0.0,0,0.0,0,2318.2,3,0.0,0,0.0,0,0.0,0,0.0,0
2012-10-10T09:18:58.000,2318.2,12289,2318.2,1,0.0,0,0.0,0,0.0,0,0.0,0,2318.4,61,0.0,0,0.0,0,0.0,0,0.0,0
2012-10-10T09:18:58.500,2318,12291,2318,7,0.0,0,0.0,0,0.0,0,0.0,0,2318.2,1,0.0,0,0.0,0,0.0,0,0.0,0
2012-10-10T09:18:59.000,2318,12292,2318,11,0.0,0,0.0,0,0.0,0,0.0,0,2318.2,8,0.0,0,0.0,0,0.0,0,0.0,0
2012-10-10T09:18:59.500,2318.2,12296,2318,12,0.0,0,0.0,0,0.0,0,0.0,0,2318.2,4,0.0,0,0.0,0,0.0,0,0.0,0
2012-10-10T09:19:00.000,2318.2,12297,2318,12,0.0,0,0.0,0,0.0,0,0.0,0,2318.2,7,0.0,0,0.0,0,0.0,0,0.0,0
2012-10-10T09:19:00.500,2318,12306,2318,4,0.0,0,0.0,0,0.0,0,0.0,0,2318.2,7,0.0,0,0.0,0,0.0,0,0.0,0
2012-10-10T09:19:01.000,2318.2,12312,2318,3,0.0,0,0.0,0,0.0,0,0.0,0,2318.2,2,0.0,0,0.0,0,0.0,0,0.0,0
2012-10-10T09:19:01.500,2318,12315,2317.8,12,0.0,0,0.0,0,0.0,0,0.0,0,2318.2,3,0.0,0,0.0,0,0.0,0,0.0,0
2012-10-10T09:19:02.000,2318.4,12320,2318.2,2,0.0,0,0.0,0,0.0,0,0.0,0,2318.4,62,0.0,0,0.0,0,0.0,0,0.0,0
2012-10-10T09:19:02.500,2318.2,12324,2317.8,12,0.0,0,0.0,0,0.0,0,0.0,0,2318.2,2,0.0,0,0.0,0,0.0,0,0.0,0
2012-10-10T09:19:03.000,2318.2,12326,2318,7,0.0,0,0.0,0,0.0,0,0.0,0,2318.2,2,0.0,0,0.0,0,0.0,0,0.0,0
2012-10-10T09:19:03.500,2318.2,12351,2318.2,13,0.0,0,0.0,0,0.0,0,0.0,0,2318.4,63,0.0,0,0.0,0,0.0,0,0.0,0
2012-10-10T09:19:04.000,2318.2,12353,2318.2,11,0.0,0,0.0,0,0.0,0,0.0,0,2318.4,63,0.0,0,0.0,0,0.0,0,0.0,0
2012-10-10T09:19:04.500,2318.2,12358,2318.2,8,0.0,0,0.0,0,0.0,0,0.0,0,2318.4,63,0.0,0,0.0,0,0.0,0,0.0,0
2012-10-10T09:19:05.000,2318.2,12369,2318,2,0.0,0,0.0,0,0.0,0,0.0,0,2318.2,18,0.0,0,0.0,0,0.0,0,0.0,0
2012-10-10T09:19:05.500,2318.2,12374,2318,9,0.0,0,0.0,0,0.0,0,0.0,0,2318.2,17,0.0,0,0.0,0,0.0,0,0.0,0
2012-10-10T09:19:06.000,2318,12382,2318,2,0.0,0,0.0,0,0.0,0,0.0,0,2318.2,19,0.0,0,0.0,0,0.0,0,0.0,0
2012-10-10T09:19:06.500,2318.2,12385,2318,11,0.0,0,0.0,0,0.0,0,0.0,0,2318.2,18,0.0,0,0.0,0,0.0,0,0.0,0
2012-10-10T09:19:07.000,2318.2,12391,2318,13,0.0,0,0.0,0,0.0,0,0.0,0,2318.2,12,0.0,0,0.0,0,0.0,0,0.0,0
2012-10-10T09:19:07.500,2318.2,12396,2318,13,0.0,0,0.0,0,0.0,0,0.0,0,2318.2,12,0.0,0,0.0,0,0.0,0,0.0,0
2012-10-10T09:19:08.000,2318,12410,2317.8,16,0.0,0,0.0,0,0.0,0,0.0,0,2318,16,0.0,0,0.0,0,0.0,0,0.0,0
2012-10-10T09:19:08.500,2318,12411,2317.8,16,0.0,0,0.0,0,0.0,0,0.0,0,2318,16,0.0,0,0.0,0,0.0,0,0.0,0
2012-10-10T09:19:09.000,2318,12412,2317.8,16,0.0,0,0.0,0,0.0,0,0.0,0,2318,15,0.0,0,0.0,0,0.0,0,0.0,0
2012-10-10T09:19:09.500,2318,12421,2317.8,9,0.0,0,0.0,0,0.0,0,0.0,0,2318,14,0.0,0,0.0,0,0.0,0,0.0,0
2012-10-10T09:19:10.000,2318,12422,2317.8,9,0.0,0,0.0,0,0.0,0,0.0,0,2318,12,0.0,0,0.0,0,0.0,0,0.0,0
2012-10-10T09:19:10.500,2317.8,12425,2317.8,8,0.0,0,0.0,0,0.0,0,0.0,0,2318,11,0.0,0,0.0,0,0.0,0,0.0,0
2012-10-10T09:19:11.000,2318,12436,2317.8,18,0.0,0,0.0,0,0.0,0,0.0,0,2318.2,16,0.0,0,0.0,0,0.0,0,0.0,0
2012-10-10T09:19:11.500,2317.8,12438,2318,5,0.0,0,0.0,0,0.0,0,0.0,0,2318.2,16,0.0,0,0.0,0,0.0,0,0.0,0
2012-10-10T09:19:12.000,2318,12441,2318,9,0.0,0,0.0,0,0.0,0,0.0,0,2318.2,16,0.0,0,0.0,0,0.0,0,0.0,0
2012-10-10T09:19:12.500,2318,12446,2318,4,0.0,0,0.0,0,0.0,0,0.0,0,2318.2,16,0.0,0,0.0,0,0.0,0,0.0,0
2012-10-10T09:19:13.000,2318,12450,2317.8,17,0.0,0,0.0,0,0.0,0,0.0,0,2318.2,16,0.0,0,0.0,0,0.0,0,0.0,0
2012-10-10T09:19:13.500,2317.8,12452,2317.8,19,0.0,0,0.0,0,0.0,0,0.0,0,2318,2,0.0,0,0.0,0,0.0,0,0.0,0
2012-10-10T09:19:14.000,2318,12453,2317.8,19,0.0,0,0.0,0,0.0,0,0.0,0,2318,12,0.0,0,0.0,0,0.0,0,0.0,0
2012-10-10T09:19:14.500,2317.8,12454,2317.8,19,0.0,0,0.0,0,0.0,0,0.0,0,2318,12,0.0,0,0.0,0,0.0,0,0.0,0
2012-10-10T09:19:15.000,2317.8,12472,2317.8,10,0.0,0,0.0,0,0.0,0,0.0,0,2318,4,0.0,0,0.0,0,0.0,0,0.0,0
2012-10-10T09:19:15.500,2317.8,12473,2317.8,15,0.0,0,0.0,0,0.0,0,0.0,0,2318,6,0.0,0,0.0,0,0.0,0,0.0,0
2012-10-10T09:19:16.000,2317.8,12479,2317.8,9,0.0,0,0.0,0,0.0,0,0.0,0,2318,6,0.0,0,0.0,0,0.0,0,0.0,0
2012-10-10T09:19:16.500,2318,12480,2317.8,11,0.0,0,0.0,0,0.0,0,0.0,0,2318,6,0.0,0,0.0,0,0.0,0,0.0,0
2012-10-10T09:19:17.000,2317.8,12486,2317.8,7,0.0,0,0.0,0,0.0,0,0.0,0,2318,4,0.0,0,0.0,0,0.0,0,0.0,0
2012-10-10T09:19:17.500,2317.8,12488,2317.8,5,0.0,0,0.0,0,0.0,0,0.0,0,2318,4,0.0,0,0.0,0,0.0,0,0.0,0
2012-10-10T09:19:18.000,2317.8,12494,2317.8,1,0.0,0,0.0,0,0.0,0,0.0,0,2318,3,0.0,0,0.0,0,0.0,0,0.0,0
2012-10-10T09:19:18.500,2318,12497,2317.6,28,0.0,0,0.0,0,0.0,0,0.0,0,2317.8,1,0.0,0,0.0,0,0.0,0,0.0,0
2012-10-10T09:19:19.000,2317.8,12499,2317.6,27,0.0,0,0.0,0,0.0,0,0.0,0,2317.8,1,0.0,0,0.0,0,0.0,0,0.0,0
2012-10-10T09:19:19.500,2317.6,12501,2317.6,25,0.0,0,0.0,0,0.0,0,0.0,0,2317.8,9,0.0,0,0.0,0,0.0,0,0.0,0
2012-10-10T09:19:20.000,2317.6,12503,2317.6,23,0.0,0,0.0,0,0.0,0,0.0,0,2317.8,10,0.0,0,0.0,0,0.0,0,0.0,0
2012-10-10T09:19:20.500,2317.6,12520,2317.6,16,0.0,0,0.0,0,0.0,0,0.0,0,2317.8,10,0.0,0,0.0,0,0.0,0,0.0,0
2012-10-10T09:19:21.000,2317.6,12535,2317.6,10,0.0,0,0.0,0,0.0,0,0.0,0,2317.8,8,0.0,0,0.0,0,0.0,0,0.0,0
2012-10-10T09:19:21.500,2317.6,12542,2317.6,3,0.0,0,0.0,0,0.0,0,0.0,0,2317.8,14,0.0,0,0.0,0,0.0,0,0.0,0
2012-10-10T09:19:22.000,2317.4,12547,2317.4,79,0.0,0,0.0,0,0.0,0,0.0,0,2317.8,17,0.0,0,0.0,0,0.0,0,0.0,0
2012-10-10T09:19:22.500,2317.6,12548,2317.4,77,0.0,0,0.0,0,0.0,0,0.0,0,2317.6,7,0.0,0,0.0,0,0.0,0,0.0,0
2012-10-10T09:19:23.000,2317.4,12551,2317.4,75,0.0,0,0.0,0,0.0,0,0.0,0,2317.6,8,0.0,0,0.0,0,0.0,0,0.0,0
2012-10-10T09:19:23.500,2317.4,12554,2317.4,72,0.0,0,0.0,0,0.0,0,0.0,0,2317.6,8,0.0,0,0.0,0,0.0,0,0.0,0
2012-10-10T09:19:24.000,2317.4,12557,2317.4,69,0.0,0,0.0,0,0.0,0,0.0,0,2317.6,11,0.0,0,0.0,0,0.0,0,0.0,0
2012-10-10T09:19:24.500,2317.4,12564,2317.4,63,0.0,0,0.0,0,0.0,0,0.0,0,2317.6,14,0.0,0,0.0,0,0.0,0,0.0,0
2012-10-10T09:19:25.000,2317.4,12581,2317.4,52,0.0,0,0.0,0,0.0,0,0.0,0,2317.6,12,0.0,0,0.0,0,0.0,0,0.0,0
2012-10-10T09:19:25.500,2317.4,12618,2317.4,30,0.0,0,0.0,0,0.0,0,0.0,0,2317.8,19,0.0,0,0.0,0,0.0,0,0.0,0
2012-10-10T09:19:26.000,2317.4,12619,2317.4,30,0.0,0,0.0,0,0.0,0,0.0,0,2317.8,21,0.0,0,0.0,0,0.0,0,0.0,0
2012-10-10T09:19:26.500,2317.4,12624,2317.4,25,0.0,0,0.0,0,0.0,0,0.0,0,2317.8,21,0.0,0,0.0,0,0.0,0,0.0,0
2012-10-10T09:19:27.000,2317.4,12630,2317.4,19,0.0,0,0.0,0,0.0,0,0.0,0,2317.6,9,0.0,0,0.0,0,0.0,0,0.0,0
2012-10-10T09:19:27.500,2317.4,12631,2317.4,18,0.0,0,0.0,0,0.0,0,0.0,0,2317.6,9,0.0,0,0.0,0,0.0,0,0.0,0
2012-10-10T09:19:28.000,2317.6,12661,2317.2,35,0.0,0,0.0,0,0.0,0,0.0,0,2317.4,1,0.0,0,0.0,0,0.0,0,0.0,0
2012-10-10T09:19:28.500,2317.4,12663,2317.2,35,0.0,0,0.0,0,0.0,0,0.0,0,2317.4,1,0.0,0,0.0,0,0.0,0,0.0,0
2012-10-10T09:19:29.000,2317.4,12666,2317.4,9,0.0,0,0.0,0,0.0,0,0.0,0,2317.6,9,0.0,0,0.0,0,0.0,0,0.0,0
2012-10-10T09:19:29.500,2317.4,12670,2317.4,7,0.0,0,0.0,0,0.0,0,0.0,0,2317.6,10,0.0,0,0.0,0,0.0,0,0.0,0
2012-10-10T09:19:30.000,2317.4,12687,2317.2,34,0.0,0,0.0,0,0.0,0,0.0,0,2317.4,17,0.0,0,0.0,0,0.0,0,0.0,0
2012-10-10T09:19:30.500,2317.4,12688,2317.2,34,0.0,0,0.0,0,0.0,0,0.0,0,2317.4,19,0.0,0,0.0,0,0.0,0,0.0,0
2012-10-10T09:19:31.000,2317.2,12692,2317.2,30,0.0,0,0.0,0,0.0,0,0.0,0,2317.4,21,0.0,0,0.0,0,0.0,0,0.0,0
2012-10-10T09:19:31.500,2317.4,12693,2317.2,29,0.0,0,0.0,0,0.0,0,0.0,0,2317.4,20,0.0,0,0.0,0,0.0,0,0.0,0
2012-10-10T09:19:32.000,2317.2,12715,2317.2,7,0.0,0,0.0,0,0.0,0,0.0,0,2317.4,21,0.0,0,0.0,0,0.0,0,0.0,0
2012-10-10T09:19:32.500,2317.4,12753,2317.4,20,0.0,0,0.0,0,0.0,0,0.0,0,2317.6,4,0.0,0,0.0,0,0.0,0,0.0,0
2012-10-10T09:19:33.000,2317.4,12757,2317.4,16,0.0,0,0.0,0,0.0,0,0.0,0,2317.6,7,0.0,0,0.0,0,0.0,0,0.0,0
2012-10-10T09:19:33.500,2317.4,12771,2317.4,3,0.0,0,0.0,0,0.0,0,0.0,0,2317.6,9,0.0,0,0.0,0,0.0,0,0.0,0
2012-10-10T09:19:34.250,2317.4,12773,2317.4,9,0.0,0,0.0,0,0.0,0,0.0,0,2317.6,13,0.0,0,0.0,0,0.0,0,0.0,0
2012-10-10T09:19:35.000,2317.4,12779,2317.4,9,0.0,0,0.0,0,0.0,0,0.0,0,2317.6,14,0.0,0,0.0,0,0.0,0,0.0,0
2012-10-10T09:19:35.500,2317.6,12780,2317.4,9,0.0,0,0.0,0,0.0,0,0.0,0,2317.6,9,0.0,0,0.0,0,0.0,0,0.0,0
2012-10-10T09:19:36.000,2317.4,12783,2317.4,7,0.0,0,0.0,0,0.0,0,0.0,0,2317.6,8,0.0,0,0.0,0,0.0,0,0.0,0
2012-10-10T09:19:36.500,2317.6,12785,2317.4,7,0.0,0,0.0,0,0.0,0,0.0,0,2317.6,8,0.0,0,0.0,0,0.0,0,0.0,0
2012-10-10T09:19:37.250,2317.2,12800,2317.2,4,0.0,0,0.0,0,0.0,0,0.0,0,2317.4,20,0.0,0,0.0,0,0.0,0,0.0,0
2012-10-10T09:19:38.000,2317.4,12812,2317.2,4,0.0,0,0.0,0,0.0,0,0.0,0,2317.4,8,0.0,0,0.0,0,0.0,0,0.0,0
2012-10-10T09:19:38.500,2317.2,12817,2317,92,0.0,0,0.0,0,0.0,0,0.0,0,2317.2,33,0.0,0,0.0,0,0.0,0,0.0,0
2012-10-10T09:19:39.000,2317.2,12840,2317,93,0.0,0,0.0,0,0.0,0,0.0,0,2317.2,10,0.0,0,0.0,0,0.0,0,0.0,0
2012-10-10T09:19:39.500,2317,12844,2317,90,0.0,0,0.0,0,0.0,0,0.0,0,2317.2,9,0.0,0,0.0,0,0.0,0,0.0,0
2012-10-10T09:19:40.000,2317,12846,2317,88,0.0,0,0.0,0,0.0,0,0.0,0,2317.2,9,0.0,0,0.0,0,0.0,0,0.0,0
2012-10-10T09:19:40.500,2317,12855,2317,80,0.0,0,0.0,0,0.0,0,0.0,0,2317.2,8,0.0,0,0.0,0,0.0,0,0.0,0
2012-10-10T09:19:41.000,2317,12885,2317,70,0.0,0,0.0,0,0.0,0,0.0,0,2317.4,3,0.0,0,0.0,0,0.0,0,0.0,0
2012-10-10T09:19:41.500,2317.2,12891,2317,72,0.0,0,0.0,0,0.0,0,0.0,0,2317.4,4,0.0,0,0.0,0,0.0,0,0.0,0
2012-10-10T09:19:42.000,2317.2,12895,2317.2,22,0.0,0,0.0,0,0.0,0,0.0,0,2317.4,13,0.0,0,0.0,0,0.0,0,0.0,0
2012-10-10T09:19:42.500,2317.4,12897,2317.2,25,0.0,0,0.0,0,0.0,0,0.0,0,2317.4,11,0.0,0,0.0,0,0.0,0,0.0,0
2012-10-10T09:19:43.000,2317.2,12911,2317.2,14,0.0,0,0.0,0,0.0,0,0.0,0,2317.4,2,0.0,0,0.0,0,0.0,0,0.0,0
2012-10-10T09:19:43.500,2317,12936,2317,59,0.0,0,0.0,0,0.0,0,0.0,0,2317.4,23,0.0,0,0.0,0,0.0,0,0.0,0
2012-10-10T09:19:44.000,2317.4,12939,2317,58,0.0,0,0.0,0,0.0,0,0.0,0,2317.4,22,0.0,0,0.0,0,0.0,0,0.0,0
2012-10-10T09:19:44.500,2317.2,12943,2317,58,0.0,0,0.0,0,0.0,0,0.0,0,2317.2,3,0.0,0,0.0,0,0.0,0,0.0,0
2012-10-10T09:19:45.000,2317,12944,2317,58,0.0,0,0.0,0,0.0,0,0.0,0,2317.2,7,0.0,0,0.0,0,0.0,0,0.0,0
2012-10-10T09:19:45.500,2317,12964,2317,41,0.0,0,0.0,0,0.0,0,0.0,0,2317.2,4,0.0,0,0.0,0,0.0,0,0.0,0
2012-10-10T09:19:46.000,2317.4,12976,2317,34,0.0,0,0.0,0,0.0,0,0.0,0,2317.2,9,0.0,0,0.0,0,0.0,0,0.0,0
2012-10-10T09:19:46.500,2317,12981,2317,30,0.0,0,0.0,0,0.0,0,0.0,0,2317.2,9,0.0,0,0.0,0,0.0,0,0.0,0
2012-10-10T09:19:47.000,2317,12985,2317,27,0.0,0,0.0,0,0.0,0,0.0,0,2317.2,38,0.0,0,0.0,0,0.0,0,0.0,0
2012-10-10T09:19:47.500,2317,12990,2317,34,0.0,0,0.0,0,0.0,0,0.0,0,2317.2,38,0.0,0,0.0,0,0.0,0,0.0,0
2012-10-10T09:19:48.000,2317,12998,2317,30,0.0,0,0.0,0,0.0,0,0.0,0,2317.2,34,0.0,0,0.0,0,0.0,0,0.0,0
2012-10-10T09:19:48.500,2317.2,13023,2317,26,0.0,0,0.0,0,0.0,0,0.0,0,2317.2,16,0.0,0,0.0,0,0.0,0,0.0,0
2012-10-10T09:19:49.000,2317.2,13035,2317,32,0.0,0,0.0,0,0.0,0,0.0,0,2317.2,11,0.0,0,0.0,0,0.0,0,0.0,0
2012-10-10T09:19:49.500,2317.2,13040,2317,30,0.0,0,0.0,0,0.0,0,0.0,0,2317.2,8,0.0,0,0.0,0,0.0,0,0.0,0
2012-10-10T09:19:50.000,2317.2,13045,2317,30,0.0,0,0.0,0,0.0,0,0.0,0,2317.2,3,0.0,0,0.0,0,0.0,0,0.0,0
2012-10-10T09:19:50.500,2317,13074,2317.2,9,0.0,0,0.0,0,0.0,0,0.0,0,2317.4,31,0.0,0,0.0,0,0.0,0,0.0,0
2012-10-10T09:19:51.000,2317.2,13078,2317.2,6,0.0,0,0.0,0,0.0,0,0.0,0,2317.4,30,0.0,0,0.0,0,0.0,0,0.0,0
2012-10-10T09:19:51.500,2317.2,13080,2317.2,14,0.0,0,0.0,0,0.0,0,0.0,0,2317.4,30,0.0,0,0.0,0,0.0,0,0.0,0
2012-10-10T09:19:52.250,2317.4,13083,2317.2,13,0.0,0,0.0,0,0.0,0,0.0,0,2317.4,28,0.0,0,0.0,0,0.0,0,0.0,0
2012-10-10T09:19:53.000,2317.2,13088,2317.2,9,0.0,0,0.0,0,0.0,0,0.0,0,2317.4,34,0.0,0,0.0,0,0.0,0,0.0,0
2012-10-10T09:19:53.500,2317.4,13094,2317.2,7,0.0,0,0.0,0,0.0,0,0.0,0,2317.4,33,0.0,0,0.0,0,0.0,0,0.0,0
2012-10-10T09:19:54.000,2317.2,13100,2317.2,7,0.0,0,0.0,0,0.0,0,0.0,0,2317.4,28,0.0,0,0.0,0,0.0,0,0.0,0
2012-10-10T09:19:54.500,2317.2,13105,2317.2,2,0.0,0,0.0,0,0.0,0,0.0,0,2317.4,29,0.0,0,0.0,0,0.0,0,0.0,0
2012-10-10T09:19:55.000,2317.2,13106,2317.2,2,0.0,0,0.0,0,0.0,0,0.0,0,2317.4,29,0.0,0,0.0,0,0.0,0,0.0,0
2012-10-10T09:19:55.500,2317.4,13131,2317,7,0.0,0,0.0,0,0.0,0,0.0,0,2317.4,25,0.0,0,0.0,0,0.0,0,0.0,0
2012-10-10T09:19:56.000,2317.4,13133,2317.2,1,0.0,0,0.0,0,0.0,0,0.0,0,2317.4,24,0.0,0,0.0,0,0.0,0,0.0,0
2012-10-10T09:19:56.500,2317.2,13134,2317,7,0.0,0,0.0,0,0.0,0,0.0,0,2317.4,24,0.0,0,0.0,0,0.0,0,0.0,0
2012-10-10T09:19:57.000,2317.4,13135,2317,8,0.0,0,0.0,0,0.0,0,0.0,0,2317.2,7,0.0,0,0.0,0,0.0,0,0.0,0
2012-10-10T09:19:57.500,2317.2,13136,2317,8,0.0,0,0.0,0,0.0,0,0.0,0,2317.2,7,0.0,0,0.0,0,0.0,0,0.0,0
2012-10-10T09:19:58.000,2317,13158,2316.8,35,0.0,0,0.0,0,0.0,0,0.0,0,2317,15,0.0,0,0.0,0,0.0,0,0.0,0
2012-10-10T09:19:58.500,2317,13159,2316.8,35,0.0,0,0.0,0,0.0,0,0.0,0,2317,17,0.0,0,0.0,0,0.0,0,0.0,0
2012-10-10T09:19:59.000,2317,13164,2316.8,34,0.0,0,0.0,0,0.0,0,0.0,0,2317,19,0.0,0,0.0,0,0.0,0,0.0,0
2012-10-10T09:19:59.500,2317,13172,2316.8,31,0.0,0,0.0,0,0.0,0,0.0,0,2317,16,0.0,0,0.0,0,0.0,0,0.0,0
2012-10-10T09:20:00.000,2316.8,13176,2316.8,28,0.0,0,0.0,0,0.0,0,0.0,0,2317,13,0.0,0,0.0,0,0.0,0,0.0,0
2012-10-10T09:20:00.500,2316.8,13275,2316.2,93,0.0,0,0.0,0,0.0,0,0.0,0,2316.8,65,0.0,0,0.0,0,0.0,0,0.0,0
2012-10-10T09:20:01.000,2316.2,13301,2316.2,56,0.0,0,0.0,0,0.0,0,0.0,0,2316.8,64,0.0,0,0.0,0,0.0,0,0.0,0
2012-10-10T09:20:01.500,2316.2,13335,2316.2,24,0.0,0,0.0,0,0.0,0,0.0,0,2316.6,10,0.0,0,0.0,0,0.0,0,0.0,0
2012-10-10T09:20:02.000,2316.2,13351,2316.2,9,0.0,0,0.0,0,0.0,0,0.0,0,2316.4,4,0.0,0,0.0,0,0.0,0,0.0,0
2012-10-10T09:20:02.500,2316,13406,2316,61,0.0,0,0.0,0,0.0,0,0.0,0,2316.2,19,0.0,0,0.0,0,0.0,0,0.0,0
2012-10-10T09:20:03.000,2316,13419,2316,57,0.0,0,0.0,0,0.0,0,0.0,0,2316.2,23,0.0,0,0.0,0,0.0,0,0.0,0
2012-10-10T09:20:03.500,2316.2,13443,2316,37,0.0,0,0.0,0,0.0,0,0.0,0,2316.2,47,0.0,0,0.0,0,0.0,0,0.0,0
2012-10-10T09:20:04.000,2316.2,13456,2316,35,0.0,0,0.0,0,0.0,0,0.0,0,2316.2,52,0.0,0,0.0,0,0.0,0,0.0,0
2012-10-10T09:20:04.500,2316,13525,2316,5,0.0,0,0.0,0,0.0,0,0.0,0,2316.2,15,0.0,0,0.0,0,0.0,0,0.0,0
2012-10-10T09:20:05.000,2316.2,13562,2316.2,2,0.0,0,0.0,0,0.0,0,0.0,0,2316.8,29,0.0,0,0.0,0,0.0,0,0.0,0
2012-10-10T09:20:05.500,2316.2,13579,2316.4,2,0.0,0,0.0,0,0.0,0,0.0,0,2316.6,8,0.0,0,0.0,0,0.0,0,0.0,0
2012-10-10T09:20:06.000,2316.6,13594,2316.6,1,0.0,0,0.0,0,0.0,0,0.0,0,2316.8,28,0.0,0,0.0,0,0.0,0,0.0,0
2012-10-10T09:20:06.500,2316.4,13611,2316.4,3,0.0,0,0.0,0,0.0,0,0.0,0,2316.6,16,0.0,0,0.0,0,0.0,0,0.0,0
2012-10-10T09:20:07.000,2316.4,13618,2316.4,4,0.0,0,0.0,0,0.0,0,0.0,0,2316.6,12,0.0,0,0.0,0,0.0,0,0.0,0
2012-10-10T09:20:07.500,2316.6,13629,2316.4,1,0.0,0,0.0,0,0.0,0,0.0,0,2316.6,15,0.0,0,0.0,0,0.0,0,0.0,0
2012-10-10T09:20:08.000,2316.4,13633,2316.2,14,0.0,0,0.0,0,0.0,0,0.0,0,2316.4,1,0.0,0,0.0,0,0.0,0,0.0,0
2012-10-10T09:20:08.500,2316.4,13652,2316.2,12,0.0,0,0.0,0,0.0,0,0.0,0,2316.4,1,0.0,0,0.0,0,0.0,0,0.0,0
2012-10-10T09:20:09.000,2316.2,13655,2316.2,11,0.0,0,0.0,0,0.0,0,0.0,0,2316.6,5,0.0,0,0.0,0,0.0,0,0.0,0
2012-10-10T09:20:09.500,2316.6,13660,2316.4,2,0.0,0,0.0,0,0.0,0,0.0,0,2316.6,3,0.0,0,0.0,0,0.0,0,0.0,0
2012-10-10T09:20:10.000,2316.4,13683,2316.2,12,0.0,0,0.0,0,0.0,0,0.0,0,2316.4,2,0.0,0,0.0,0,0.0,0,0.0,0
2012-10-10T09:20:10.500,2316.8,13693,2316.2,19,0.0,0,0.0,0,0.0,0,0.0,0,2316.8,21,0.0,0,0.0,0,0.0,0,0.0,0
2012-10-10T09:20:11.000,2316.4,13697,2316.2,22,0.0,0,0.0,0,0.0,0,0.0,0,2316.8,23,0.0,0,0.0,0,0.0,0,0.0,0
2012-10-10T09:20:11.500,2316.6,13701,2316.4,8,0.0,0,0.0,0,0.0,0,0.0,0,2316.6,1,0.0,0,0.0,0,0.0,0,0.0,0
2012-10-10T09:20:12.000,2316.4,13720,2316.4,7,0.0,0,0.0,0,0.0,0,0.0,0,2316.6,1,0.0,0,0.0,0,0.0,0,0.0,0
2012-10-10T09:20:12.500,2316.6,13740,2316.4,6,0.0,0,0.0,0,0.0,0,0.0,0,2316.8,3,0.0,0,0.0,0,0.0,0,0.0,0
2012-10-10T09:20:13.000,2317,13749,2316.8,4,0.0,0,0.0,0,0.0,0,0.0,0,2317,19,0.0,0,0.0,0,0.0,0,0.0,0
2012-10-10T09:20:13.500,2317,13757,2316.8,1,0.0,0,0.0,0,0.0,0,0.0,0,2317,17,0.0,0,0.0,0,0.0,0,0.0,0
2012-10-10T09:20:14.000,2317,13760,2316.8,2,0.0,0,0.0,0,0.0,0,0.0,0,2317,14,0.0,0,0.0,0,0.0,0,0.0,0
2012-10-10T09:20:14.500,2317,13766,2316.8,1,0.0,0,0.0,0,0.0,0,0.0,0,2317,9,0.0,0,0.0,0,0.0,0,0.0,0
2012-10-10T09:20:15.000,2317,13772,2316.8,4,0.0,0,0.0,0,0.0,0,0.0,0,2317,8,0.0,0,0.0,0,0.0,0,0.0,0
2012-10-10T09:20:15.500,2317,13780,2317,2,0.0,0,0.0,0,0.0,0,0.0,0,2317.2,8,0.0,0,0.0,0,0.0,0,0.0,0
2012-10-10T09:20:16.000,2317,13785,2317,3,0.0,0,0.0,0,0.0,0,0.0,0,2317.2,4,0.0,0,0.0,0,0.0,0,0.0,0
2012-10-10T09:20:16.500,2317,13797,2317,3,0.0,0,0.0,0,0.0,0,0.0,0,2317.4,16,0.0,0,0.0,0,0.0,0,0.0,0
2012-10-10T09:20:17.000,2317,13808,2316.8,5,0.0,0,0.0,0,0.0,0,0.0,0,2317.4,16,0.0,0,0.0,0,0.0,0,0.0,0
2012-10-10T09:20:17.500,2317,13810,2317.2,1,0.0,0,0.0,0,0.0,0,0.0,0,2317.4,16,0.0,0,0.0,0,0.0,0,0.0,0
2012-10-10T09:20:18.000,2317.4,13815,2317.2,7,0.0,0,0.0,0,0.0,0,0.0,0,2317.4,12,0.0,0,0.0,0,0.0,0,0.0,0
2012-10-10T09:20:18.500,2317,13827,2317,5,0.0,0,0.0,0,0.0,0,0.0,0,2317.4,16,0.0,0,0.0,0,0.0,0,0.0,0
2012-10-10T09:20:19.000,2317,13830,2317,13,0.0,0,0.0,0,0.0,0,0.0,0,2317.4,15,0.0,0,0.0,0,0.0,0,0.0,0
2012-10-10T09:20:19.500,2317.4,13831,2317,13,0.0,0,0.0,0,0.0,0,0.0,0,2317.2,1,0.0,0,0.0,0,0.0,0,0.0,0
2012-10-10T09:20:20.000,2317.2,13836,2317,9,0.0,0,0.0,0,0.0,0,0.0,0,2317.4,17,0.0,0,0.0,0,0.0,0,0.0,0
2012-10-10T09:20:20.500,2317.4,13860,2316.6,17,0.0,0,0.0,0,0.0,0,0.0,0,2317.4,17,0.0,0,0.0,0,0.0,0,0.0,0
2012-10-10T09:20:21.000,2317.4,13863,2316.8,4,0.0,0,0.0,0,0.0,0,0.0,0,2317.2,5,0.0,0,0.0,0,0.0,0,0.0,0
2012-10-10T09:20:21.500,2316.6,13873,2316.8,1,0.0,0,0.0,0,0.0,0,0.0,0,2317.2,6,0.0,0,0.0,0,0.0,0,0.0,0
2012-10-10T09:20:22.000,2317.2,13879,2316.8,6,0.0,0,0.0,0,0.0,0,0.0,0,2317,1,0.0,0,0.0,0,0.0,0,0.0,0
2012-10-10T09:20:22.500,2317.2,13881,2316.8,8,0.0,0,0.0,0,0.0,0,0.0,0,2317,3,0.0,0,0.0,0,0.0,0,0.0,0
2012-10-10T09:20:23.000,2317,13885,2316.8,8,0.0,0,0.0,0,0.0,0,0.0,0,2317.2,1,0.0,0,0.0,0,0.0,0,0.0,0
2012-10-10T09:20:23.500,2316.8,13890,2317,1,0.0,0,0.0,0,0.0,0,0.0,0,2317.2,1,0.0,0,0.0,0,0.0,0,0.0,0
2012-10-10T09:20:24.000,2317.2,13892,2317,1,0.0,0,0.0,0,0.0,0,0.0,0,2317.4,28,0.0,0,0.0,0,0.0,0,0.0,0
2012-10-10T09:20:24.500,2317.4,13896,2317.2,1,0.0,0,0.0,0,0.0,0,0.0,0,2317.4,30,0.0,0,0.0,0,0.0,0,0.0,0
2012-10-10T09:20:25.000,2317.2,13900,2317,13,0.0,0,0.0,0,0.0,0,0.0,0,2317.4,28,0.0,0,0.0,0,0.0,0,0.0,0
2012-10-10T09:20:25.500,2317,13908,2317,10,0.0,0,0.0,0,0.0,0,0.0,0,2317.4,25,0.0,0,0.0,0,0.0,0,0.0,0
2012-10-10T09:20:26.000,2316.8,13919,2316.8,24,0.0,0,0.0,0,0.0,0,0.0,0,2317.4,27,0.0,0,0.0,0,0.0,0,0.0,0
2012-10-10T09:20:26.500,2317.4,13923,2317,1,0.0,0,0.0,0,0.0,0,0.0,0,2317.4,24,0.0,0,0.0,0,0.0,0,0.0,0
2012-10-10T09:20:27.250,2317,13927,2316.8,25,0.0,0,0.0,0,0.0,0,0.0,0,2317,4,0.0,0,0.0,0,0.0,0,0.0,0
2012-10-10T09:20:28.000,2317,13930,2316.8,24,0.0,0,0.0,0,0.0,0,0.0,0,2317,4,0.0,0,0.0,0,0.0,0,0.0,0
2012-10-10T09:20:28.500,2316.8,13932,2316.8,22,0.0,0,0.0,0,0.0,0,0.0,0,2317,5,0.0,0,0.0,0,0.0,0,0.0,0
2012-10-10T09:20:29.000,2317.2,13942,2316.8,21,0.0,0,0.0,0,0.0,0,0.0,0,2317.2,2,0.0,0,0.0,0,0.0,0,0.0,0
2012-10-10T09:20:29.500,2317,13951,2316.8,16,0.0,0,0.0,0,0.0,0,0.0,0,2317,7,0.0,0,0.0,0,0.0,0,0.0,0
2012-10-10T09:20:30.250,2317,13960,2317,18,0.0,0,0.0,0,0.0,0,0.0,0,2317.2,1,0.0,0,0.0,0,0.0,0,0.0,0
2012-10-10T09:20:31.000,2317,13968,2317.2,7,0.0,0,0.0,0,0.0,0,0.0,0,2317.4,29,0.0,0,0.0,0,0.0,0,0.0,0
2012-10-10T09:20:31.500,2317,13969,2317.2,6,0.0,0,0.0,0,0.0,0,0.0,0,2317.4,29,0.0,0,0.0,0,0.0,0,0.0,0
2012-10-10T09:20:32.000,2317.2,13972,2317.2,4,0.0,0,0.0,0,0.0,0,0.0,0,2317.4,28,0.0,0,0.0,0,0.0,0,0.0,0
2012-10-10T09:20:32.500,2317.4,13974,2317.2,3,0.0,0,0.0,0,0.0,0,0.0,0,2317.4,27,0.0,0,0.0,0,0.0,0,0.0,0
2012-10-10T09:20:33.000,2317.4,13983,2317.2,3,0.0,0,0.0,0,0.0,0,0.0,0,2317.4,18,0.0,0,0.0,0,0.0,0,0.0,0
2012-10-10T09:20:33.500,2317.2,13987,2317,26,0.0,0,0.0,0,0.0,0,0.0,0,2317.4,21,0.0,0,0.0,0,0.0,0,0.0,0
2012-10-10T09:20:34.000,2317,13994,2317.2,1,0.0,0,0.0,0,0.0,0,0.0,0,2317.4,21,0.0,0,0.0,0,0.0,0,0.0,0
2012-10-10T09:20:34.500,2317.4,14003,2317.2,1,0.0,0,0.0,0,0.0,0,0.0,0,2317.4,19,0.0,0,0.0,0,0.0,0,0.0,0
2012-10-10T09:20:35.000,2317.2,14005,2317,28,0.0,0,0.0,0,0.0,0,0.0,0,2317.4,19,0.0,0,0.0,0,0.0,0,0.0,0
2012-10-10T09:20:35.500,2317.4,14008,2317,28,0.0,0,0.0,0,0.0,0,0.0,0,2317.4,16,0.0,0,0.0,0,0.0,0,0.0,0
2012-10-10T09:20:36.000,2317.2,14018,2317,28,0.0,0,0.0,0,0.0,0,0.0,0,2317.4,11,0.0,0,0.0,0,0.0,0,0.0,0
2012-10-10T09:20:36.500,2317,14023,2317,33,0.0,0,0.0,0,0.0,0,0.0,0,2317.2,4,0.0,0,0.0,0,0.0,0,0.0,0
2012-10-10T09:20:37.000,2317,14026,2317,32,0.0,0,0.0,0,0.0,0,0.0,0,2317.2,2,0.0,0,0.0,0,0.0,0,0.0,0
2012-10-10T09:20:37.500,2317.4,14040,2317.2,4,0.0,0,0.0,0,0.0,0,0.0,0,2317.6,18,0.0,0,0.0,0,0.0,0,0.0,0
2012-10-10T09:20:38.000,2317.2,14041,2317.2,8,0.0,0,0.0,0,0.0,0,0.0,0,2317.4,1,0.0,0,0.0,0,0.0,0,0.0,0
2012-10-10T09:20:38.500,2317.2,14042,2317.2,22,0.0,0,0.0,0,0.0,0,0.0,0,2317.4,1,0.0,0,0.0,0,0.0,0,0.0,0
2012-10-10T09:20:39.000,2317.4,14045,2317.2,25,0.0,0,0.0,0,0.0,0,0.0,0,2317.4,5,0.0,0,0.0,0,0.0,0,0.0,0
2012-10-10T09:20:39.500,2317.2,14049,2317.2,23,0.0,0,0.0,0,0.0,0,0.0,0,2317.4,4,0.0,0,0.0,0,0.0,0,0.0,0
2012-10-10T09:20:40.000,2317.4,14053,2317.2,10,0.0,0,0.0,0,0.0,0,0.0,0,2317.4,2,0.0,0,0.0,0,0.0,0,0.0,0
2012-10-10T09:20:40.500,2317.4,14055,2317.4,20,0.0,0,0.0,0,0.0,0,0.0,0,2317.6,25,0.0,0,0.0,0,0.0,0,0.0,0
2012-10-10T09:20:41.000,2317.6,14056,2317.4,22,0.0,0,0.0,0,0.0,0,0.0,0,2317.6,24,0.0,0,0.0,0,0.0,0,0.0,0
2012-10-10T09:20:41.500,2317.4,14059,2317.4,22,0.0,0,0.0,0,0.0,0,0.0,0,2317.6,22,0.0,0,0.0,0,0.0,0,0.0,0
2012-10-10T09:20:42.000,2317.6,14060,2317.4,24,0.0,0,0.0,0,0.0,0,0.0,0,2317.6,21,0.0,0,0.0,0,0.0,0,0.0,0
2012-10-10T09:20:42.500,2317.6,14066,2317.4,23,0.0,0,0.0,0,0.0,0,0.0,0,2317.6,10,0.0,0,0.0,0,0.0,0,0.0,0
2012-10-10T09:20:43.000,2317.4,14068,2317.4,22,0.0,0,0.0,0,0.0,0,0.0,0,2317.6,9,0.0,0,0.0,0,0.0,0,0.0,0
2012-10-10T09:20:43.500,2317.6,14072,2317.4,22,0.0,0,0.0,0,0.0,0,0.0,0,2317.6,6,0.0,0,0.0,0,0.0,0,0.0,0
2012-10-10T09:20:44.000,2317.6,14082,2317.6,6,0.0,0,0.0,0,0.0,0,0.0,0,2317.8,43,0.0,0,0.0,0,0.0,0,0.0,0
2012-10-10T09:20:44.500,2317.8,14097,2317.6,8,0.0,0,0.0,0,0.0,0,0.0,0,2317.8,28,0.0,0,0.0,0,0.0,0,0.0,0
2012-10-10T09:20:45.000,2317.6,14109,2317.6,7,0.0,0,0.0,0,0.0,0,0.0,0,2317.8,20,0.0,0,0.0,0,0.0,0,0.0,0
2012-10-10T09:20:45.500,2317.8,14115,2317.6,10,0.0,0,0.0,0,0.0,0,0.0,0,2317.8,16,0.0,0,0.0,0,0.0,0,0.0,0
2012-10-10T09:20:46.250,2317.8,14117,2317.6,13,0.0,0,0.0,0,0.0,0,0.0,0,2317.8,14,0.0,0,0.0,0,0.0,0,0.0,0
2012-10-10T09:20:47.000,2317.6,14133,2317.6,12,0.0,0,0.0,0,0.0,0,0.0,0,2317.8,4,0.0,0,0.0,0,0.0,0,0.0,0
2012-10-10T09:20:47.500,2317.8,14137,2317.8,3,0.0,0,0.0,0,0.0,0,0.0,0,2318,66,0.0,0,0.0,0,0.0,0,0.0,0
2012-10-10T09:20:48.000,2318,14139,2317.8,25,0.0,0,0.0,0,0.0,0,0.0,0,2318,65,0.0,0,0.0,0,0.0,0,0.0,0
2012-10-10T09:20:48.500,2318,14152,2317.8,19,0.0,0,0.0,0,0.0,0,0.0,0,2318,52,0.0,0,0.0,0,0.0,0,0.0,0
2012-10-10T09:20:49.000,2318,14167,2317.8,19,0.0,0,0.0,0,0.0,0,0.0,0,2318,41,0.0,0,0.0,0,0.0,0,0.0,0
2012-10-10T09:20:49.500,2318,14175,2317.8,24,0.0,0,0.0,0,0.0,0,0.0,0,2318,33,0.0,0,0.0,0,0.0,0,0.0,0
2012-10-10T09:20:50.000,2318,14177,2317.8,27,0.0,0,0.0,0,0.0,0,0.0,0,2318,31,0.0,0,0.0,0,0.0,0,0.0,0
2012-10-10T09:20:50.500,2318,14188,2317.8,24,0.0,0,0.0,0,0.0,0,0.0,0,2318,24,0.0,0,0.0,0,0.0,0,0.0,0
2012-10-10T09:20:51.000,2318,14216,2318,5,0.0,0,0.0,0,0.0,0,0.0,0,2318.2,33,0.0,0,0.0,0,0.0,0,0.0,0
2012-10-10T09:20:51.500,2318.2,14234,2318,1,0.0,0,0.0,0,0.0,0,0.0,0,2318.2,31,0.0,0,0.0,0,0.0,0,0.0,0
2012-10-10T09:20:52.000,2318.2,14238,2317.8,30,0.0,0,0.0,0,0.0,0,0.0,0,2318,1,0.0,0,0.0,0,0.0,0,0.0,0
2012-10-10T09:20:52.500,2318,14248,2317.8,24,0.0,0,0.0,0,0.0,0,0.0,0,2318.2,34,0.0,0,0.0,0,0.0,0,0.0,0
2012-10-10T09:20:53.000,2318.2,14254,2318,6,0.0,0,0.0,0,0.0,0,0.0,0,2318.2,28,0.0,0,0.0,0,0.0,0,0.0,0
2012-10-10T09:20:53.500,2318.2,14274,2318,6,0.0,0,0.0,0,0.0,0,0.0,0,2318.2,9,0.0,0,0.0,0,0.0,0,0.0,0
2012-10-10T09:20:54.000,2318.2,14286,2318.2,14,0.0,0,0.0,0,0.0,0,0.0,0,2318.4,29,0.0,0,0.0,0,0.0,0,0.0,0
2012-10-10T09:20:54.500,2318,14305,2318,10,0.0,0,0.0,0,0.0,0,0.0,0,2318.4,29,0.0,0,0.0,0,0.0,0,0.0,0
2012-10-10T09:20:55.000,2318.4,14312,2318,11,0.0,0,0.0,0,0.0,0,0.0,0,2318.4,24,0.0,0,0.0,0,0.0,0,0.0,0
2012-10-10T09:20:55.500,2318.4,14313,2318.2,1,0.0,0,0.0,0,0.0,0,0.0,0,2318.4,23,0.0,0,0.0,0,0.0,0,0.0,0
2012-10-10T09:20:56.000,2318.2,14329,2318,13,0.0,0,0.0,0,0.0,0,0.0,0,2318.2,1,0.0,0,0.0,0,0.0,0,0.0,0
2012-10-10T09:20:56.500,2318.4,14335,2318.2,1,0.0,0,0.0,0,0.0,0,0.0,0,2318.4,4,0.0,0,0.0,0,0.0,0,0.0,0
2012-10-10T09:20:57.000,2318.4,14340,2318.4,1,0.0,0,0.0,0,0.0,0,0.0,0,2318.6,34,0.0,0,0.0,0,0.0,0,0.0,0
2012-10-10T09:20:57.500,2318.6,14353,2318.4,2,0.0,0,0.0,0,0.0,0,0.0,0,2318.6,24,0.0,0,0.0,0,0.0,0,0.0,0
2012-10-10T09:20:58.000,2318.6,14357,2318.4,4,0.0,0,0.0,0,0.0,0,0.0,0,2318.6,20,0.0,0,0.0,0,0.0,0,0.0,0
2012-10-10T09:20:58.500,2318.6,14372,2318.4,1,0.0,0,0.0,0,0.0,0,0.0,0,2318.6,16,0.0,0,0.0,0,0.0,0,0.0,0
2012-10-10T09:20:59.000,2318.8,14395,2318.6,7,0.0,0,0.0,0,0.0,0,0.0,0,2318.8,62,0.0,0,0.0,0,0.0,0,0.0,0
2012-10-10T09:20:59.500,2318.6,14428,2318.4,2,0.0,0,0.0,0,0.0,0,0.0,0,2318.6,4,0.0,0,0.0,0,0.0,0,0.0,0
2012-10-10T09:21:00.000,2318.6,14444,2318.6,3,0.0,0,0.0,0,0.0,0,0.0,0,2318.8,37,0.0,0,0.0,0,0.0,0,0.0,0
2012-10-10T09:21:00.500,2318.6,14457,2318.6,10,0.0,0,0.0,0,0.0,0,0.0,0,2318.8,44,0.0,0,0.0,0,0.0,0,0.0,0
2012-10-10T09:21:01.000,2318.8,14490,2318.4,1,0.0,0,0.0,0,0.0,0,0.0,0,2318.8,25,0.0,0,0.0,0,0.0,0,0.0,0
2012-10-10T09:21:01.500,2318.6,14495,2318.6,16,0.0,0,0.0,0,0.0,0,0.0,0,2318.8,22,0.0,0,0.0,0,0.0,0,0.0,0
2012-10-10T09:21:02.000,2318.8,14510,2318.6,19,0.0,0,0.0,0,0.0,0,0.0,0,2318.8,12,0.0,0,0.0,0,0.0,0,0.0,0
2012-10-10T09:21:02.500,2318.6,14527,2318.6,15,0.0,0,0.0,0,0.0,0,0.0,0,2318.8,2,0.0,0,0.0,0,0.0,0,0.0,0
2012-10-10T09:21:03.000,2318.8,14541,2318.8,3,0.0,0,0.0,0,0.0,0,0.0,0,2319,58,0.0,0,0.0,0,0.0,0,0.0,0
2012-10-10T09:21:03.500,2318.8,14554,2318.6,22,0.0,0,0.0,0,0.0,0,0.0,0,2318.8,9,0.0,0,0.0,0,0.0,0,0.0,0
2012-10-10T09:21:04.000,2318.8,14564,2318.6,18,0.0,0,0.0,0,0.0,0,0.0,0,2318.8,14,0.0,0,0.0,0,0.0,0,0.0,0
2012-10-10T09:21:04.500,2318.8,14573,2318.6,14,0.0,0,0.0,0,0.0,0,0.0,0,2318.8,35,0.0,0,0.0,0,0.0,0,0.0,0
2012-10-10T09:21:05.000,2318.6,14595,2318.4,1,0.0,0,0.0,0,0.0,0,0.0,0,2318.6,19,0.0,0,0.0,0,0.0,0,0.0,0
2012-10-10T09:21:05.500,2318.4,14620,2318.4,1,0.0,0,0.0,0,0.0,0,0.0,0,2318.6,5,0.0,0,0.0,0,0.0,0,0.0,0
2012-10-10T09:21:06.000,2318.6,14626,2318.6,2,0.0,0,0.0,0,0.0,0,0.0,0,2318.8,41,0.0,0,0.0,0,0.0,0,0.0,0
2012-10-10T09:21:06.500,2318.6,14632,2318.6,17,0.0,0,0.0,0,0.0,0,0.0,0,2318.8,39,0.0,0,0.0,0,0.0,0,0.0,0
2012-10-10T09:21:07.000,2318.8,14644,2318.6,12,0.0,0,0.0,0,0.0,0,0.0,0,2318.8,23,0.0,0,0.0,0,0.0,0,0.0,0
2012-10-10T09:21:07.500,2318.8,14650,2318.6,18,0.0,0,0.0,0,0.0,0,0.0,0,2318.8,11,0.0,0,0.0,0,0.0,0,0.0,0
2012-10-10T09:21:08.000,2318.8,14682,2318.8,10,0.0,0,0.0,0,0.0,0,0.0,0,2319,61,0.0,0,0.0,0,0.0,0,0.0,0
2012-10-10T09:21:08.500,2318.8,14713,2318.8,19,0.0,0,0.0,0,0.0,0,0.0,0,2319,32,0.0,0,0.0,0,0.0,0,0.0,0
2012-10-10T09:21:09.000,2319,14726,2318.8,19,0.0,0,0.0,0,0.0,0,0.0,0,2319,24,0.0,0,0.0,0,0.0,0,0.0,0
2012-10-10T09:21:09.500,2319,14774,2319,45,0.0,0,0.0,0,0.0,0,0.0,0,2319.2,20,0.0,0,0.0,0,0.0,0,0.0,0
2012-10-10T09:21:10.000,2319.4,14806,2319.2,2,0.0,0,0.0,0,0.0,0,0.0,0,2319.4,25,0.0,0,0.0,0,0.0,0,0.0,0
2012-10-10T09:21:10.500,2319.4,14816,2319.2,14,0.0,0,0.0,0,0.0,0,0.0,0,2319.4,19,0.0,0,0.0,0,0.0,0,0.0,0
2012-10-10T09:21:11.000,2319.6,14849,2319.4,6,0.0,0,0.0,0,0.0,0,0.0,0,2319.6,13,0.0,0,0.0,0,0.0,0,0.0,0
2012-10-10T09:21:11.500,2319.6,14890,2319.4,1,0.0,0,0.0,0,0.0,0,0.0,0,2319.6,1,0.0,0,0.0,0,0.0,0,0.0,0
2012-10-10T09:21:12.000,2319.6,14898,2319.6,38,0.0,0,0.0,0,0.0,0,0.0,0,2319.8,33,0.0,0,0.0,0,0.0,0,0.0,0
2012-10-10T09:21:12.500,2319.8,14924,2319.6,29,0.0,0,0.0,0,0.0,0,0.0,0,2319.8,24,0.0,0,0.0,0,0.0,0,0.0,0
2012-10-10T09:21:13.000,2319.6,14969,2319.6,2,0.0,0,0.0,0,0.0,0,0.0,0,2319.8,6,0.0,0,0.0,0,0.0,0,0.0,0
2012-10-10T09:21:13.500,2319.8,15012,2319.8,6,0.0,0,0.0,0,0.0,0,0.0,0,2320,161,0.0,0,0.0,0,0.0,0,0.0,0
2012-10-10T09:21:14.000,2319.6,15033,2319.4,4,0.0,0,0.0,0,0.0,0,0.0,0,2319.6,9,0.0,0,0.0,0,0.0,0,0.0,0
2012-10-10T09:21:14.500,2319.4,15050,2319.2,1,0.0,0,0.0,0,0.0,0,0.0,0,2319.4,11,0.0,0,0.0,0,0.0,0,0.0,0
2012-10-10T09:21:15.000,2319.4,15088,2319.2,1,0.0,0,0.0,0,0.0,0,0.0,0,2319.4,5,0.0,0,0.0,0,0.0,0,0.0,0
2012-10-10T09:21:15.500,2319.2,15119,2319,30,0.0,0,0.0,0,0.0,0,0.0,0,2319.2,6,0.0,0,0.0,0,0.0,0,0.0,0
2012-10-10T09:21:16.000,2319.2,15131,2319,30,0.0,0,0.0,0,0.0,0,0.0,0,2319.2,28,0.0,0,0.0,0,0.0,0,0.0,0
2012-10-10T09:21:16.500,2319.2,15145,2319,22,0.0,0,0.0,0,0.0,0,0.0,0,2319.2,23,0.0,0,0.0,0,0.0,0,0.0,0
2012-10-10T09:21:17.000,2319,15158,2319,11,0.0,0,0.0,0,0.0,0,0.0,0,2319.2,23,0.0,0,0.0,0,0.0,0,0.0,0
2012-10-10T09:21:17.500,2318.8,15186,2318.6,21,0.0,0,0.0,0,0.0,0,0.0,0,2318.8,1,0.0,0,0.0,0,0.0,0,0.0,0
2012-10-10T09:21:18.000,2319,15197,2318.6,21,0.0,0,0.0,0,0.0,0,0.0,0,2319,1,0.0,0,0.0,0,0.0,0,0.0,0
2012-10-10T09:21:18.500,2319.2,15214,2318.8,11,0.0,0,0.0,0,0.0,0,0.0,0,2319,8,0.0,0,0.0,0,0.0,0,0.0,0
2012-10-10T09:21:19.000,2319,15221,2318.8,11,0.0,0,0.0,0,0.0,0,0.0,0,2319,5,0.0,0,0.0,0,0.0,0,0.0,0
2012-10-10T09:21:19.500,2319,15222,2318.8,21,0.0,0,0.0,0,0.0,0,0.0,0,2319,4,0.0,0,0.0,0,0.0,0,0.0,0
2012-10-10T09:21:20.000,2319,15227,2319,10,0.0,0,0.0,0,0.0,0,0.0,0,2319.2,5,0.0,0,0.0,0,0.0,0,0.0,0
2012-10-10T09:21:20.500,2319,15231,2319,9,0.0,0,0.0,0,0.0,0,0.0,0,2319.2,5,0.0,0,0.0,0,0.0,0,0.0,0
2012-10-10T09:21:21.000,2319,15237,2319,4,0.0,0,0.0,0,0.0,0,0.0,0,2319.2,5,0.0,0,0.0,0,0.0,0,0.0,0
2012-10-10T09:21:21.500,2319.2,15248,2318.8,22,0.0,0,0.0,0,0.0,0,0.0,0,2319,3,0.0,0,0.0,0,0.0,0,0.0,0
2012-10-10T09:21:22.000,2318.8,15253,2318.8,21,0.0,0,0.0,0,0.0,0,0.0,0,2319,4,0.0,0,0.0,0,0.0,0,0.0,0
2012-10-10T09:21:22.500,2319,15266,2318.8,21,0.0,0,0.0,0,0.0,0,0.0,0,2319,14,0.0,0,0.0,0,0.0,0,0.0,0
2012-10-10T09:21:23.000,2319,15268,2318.8,21,0.0,0,0.0,0,0.0,0,0.0,0,2319,13,0.0,0,0.0,0,0.0,0,0.0,0
2012-10-10T09:21:23.500,2319,15289,2319,9,0.0,0,0.0,0,0.0,0,0.0,0,2319.2,8,0.0,0,0.0,0,0.0,0,0.0,0
2012-10-10T09:21:24.000,2319.2,15303,2319,4,0.0,0,0.0,0,0.0,0,0.0,0,2319.2,5,0.0,0,0.0,0,0.0,0,0.0,0
2012-10-10T09:21:24.500,2319.2,15304,2319,14,0.0,0,0.0,0,0.0,0,0.0,0,2319.2,6,0.0,0,0.0,0,0.0,0,0.0,0
2012-10-10T09:21:25.000,2319.4,15316,2319.4,12,0.0,0,0.0,0,0.0,0,0.0,0,2319.6,12,0.0,0,0.0,0,0.0,0,0.0,0
2012-10-10T09:21:25.500,2319.4,15318,2319.4,10,0.0,0,0.0,0,0.0,0,0.0,0,2319.6,12,0.0,0,0.0,0,0.0,0,0.0,0
2012-10-10T09:21:26.000,2319.6,15331,2319.4,5,0.0,0,0.0,0,0.0,0,0.0,0,2319.6,10,0.0,0,0.0,0,0.0,0,0.0,0
2012-10-10T09:21:26.500,2319.6,15340,2319.4,3,0.0,0,0.0,0,0.0,0,0.0,0,2319.6,3,0.0,0,0.0,0,0.0,0,0.0,0
2012-10-10T09:21:27.000,2319.6,15343,2319.4,3,0.0,0,0.0,0,0.0,0,0.0,0,2319.6,2,0.0,0,0.0,0,0.0,0,0.0,0
2012-10-10T09:21:27.500,2319.6,15349,2319.6,12,0.0,0,0.0,0,0.0,0,0.0,0,2319.8,32,0.0,0,0.0,0,0.0,0,0.0,0
2012-10-10T09:21:28.000,2319.6,15360,2319.6,5,0.0,0,0.0,0,0.0,0,0.0,0,2319.8,29,0.0,0,0.0,0,0.0,0,0.0,0
2012-10-10T09:21:28.500,2319.6,15371,2319.4,3,0.0,0,0.0,0,0.0,0,0.0,0,2319.6,1,0.0,0,0.0,0,0.0,0,0.0,0
2012-10-10T09:21:29.000,2319.4,15394,2319.4,1,0.0,0,0.0,0,0.0,0,0.0,0,2319.6,6,0.0,0,0.0,0,0.0,0,0.0,0
2012-10-10T09:21:29.500,2319.2,15400,2319.2,8,0.0,0,0.0,0,0.0,0,0.0,0,2319.4,3,0.0,0,0.0,0,0.0,0,0.0,0
2012-10-10T09:21:30.250,2319.4,15403,2319.2,8,0.0,0,0.0,0,0.0,0,0.0,0,2319.4,10,0.0,0,0.0,0,0.0,0,0.0,0
2012-10-10T09:21:31.000,2319.6,15416,2319.4,1,0.0,0,0.0,0,0.0,0,0.0,0,2319.6,12,0.0,0,0.0,0,0.0,0,0.0,0
2012-10-10T09:21:31.500,2319.6,15431,2319.6,112,0.0,0,0.0,0,0.0,0,0.0,0,2319.8,18,0.0,0,0.0,0,0.0,0,0.0,0
2012-10-10T09:21:32.000,2319.6,15472,2319.8,1,0.0,0,0.0,0,0.0,0,0.0,0,2320,164,0.0,0,0.0,0,0.0,0,0.0,0
2012-10-10T09:21:32.500,2319.8,15620,2319.8,8,0.0,0,0.0,0,0.0,0,0.0,0,2320,55,0.0,0,0.0,0,0.0,0,0.0,0
2012-10-10T09:21:33.000,2320,15679,2320,4,0.0,0,0.0,0,0.0,0,0.0,0,2320.2,60,0.0,0,0.0,0,0.0,0,0.0,0
2012-10-10T09:21:33.500,2320.2,15720,2320,40,0.0,0,0.0,0,0.0,0,0.0,0,2320.2,37,0.0,0,0.0,0,0.0,0,0.0,0
2012-10-10T09:21:34.000,2320.2,15756,2320,27,0.0,0,0.0,0,0.0,0,0.0,0,2320.2,34,0.0,0,0.0,0,0.0,0,0.0,0
2012-10-10T09:21:34.500,2320,15815,2319.6,93,0.0,0,0.0,0,0.0,0,0.0,0,2320,3,0.0,0,0.0,0,0.0,0,0.0,0
2012-10-10T09:21:35.000,2319.8,15831,2319.6,88,0.0,0,0.0,0,0.0,0,0.0,0,2319.8,19,0.0,0,0.0,0,0.0,0,0.0,0
2012-10-10T09:21:35.500,2319.6,15854,2319.6,84,0.0,0,0.0,0,0.0,0,0.0,0,2319.8,37,0.0,0,0.0,0,0.0,0,0.0,0
2012-10-10T09:21:36.000,2319.8,15900,2319.6,53,0.0,0,0.0,0,0.0,0,0.0,0,2319.8,19,0.0,0,0.0,0,0.0,0,0.0,0
2012-10-10T09:21:36.500,2319.6,15919,2319.6,43,0.0,0,0.0,0,0.0,0,0.0,0,2319.8,23,0.0,0,0.0,0,0.0,0,0.0,0
2012-10-10T09:21:37.000,2319.6,15941,2319.6,26,0.0,0,0.0,0,0.0,0,0.0,0,2319.8,20,0.0,0,0.0,0,0.0,0,0.0,0
2012-10-10T09:21:37.500,2319.6,15954,2319.6,14,0.0,0,0.0,0,0.0,0,0.0,0,2319.8,19,0.0,0,0.0,0,0.0,0,0.0,0
2012-10-10T09:21:38.000,2319.6,15976,2319.4,3,0.0,0,0.0,0,0.0,0,0.0,0,2319.6,11,0.0,0,0.0,0,0.0,0,0.0,0
2012-10-10T09:21:38.500,2319.6,15984,2319.2,44,0.0,0,0.0,0,0.0,0,0.0,0,2319.4,2,0.0,0,0.0,0,0.0,0,0.0,0
2012-10-10T09:21:39.000,2319.4,15998,2319.2,44,0.0,0,0.0,0,0.0,0,0.0,0,2319.4,9,0.0,0,0.0,0,0.0,0,0.0,0
2012-10-10T09:21:39.500,2319.4,16009,2319.2,42,0.0,0,0.0,0,0.0,0,0.0,0,2319.4,3,0.0,0,0.0,0,0.0,0,0.0,0
2012-10-10T09:21:40.000,2319.6,16025,2319.6,7,0.0,0,0.0,0,0.0,0,0.0,0,2319.8,25,0.0,0,0.0,0,0.0,0,0.0,0
2012-10-10T09:21:40.500,2319.8,16062,2319.8,24,0.0,0,0.0,0,0.0,0,0.0,0,2320,13,0.0,0,0.0,0,0.0,0,0.0,0
2012-10-10T09:21:41.000,2320,16074,2319.8,24,0.0,0,0.0,0,0.0,0,0.0,0,2320,4,0.0,0,0.0,0,0.0,0,0.0,0
2012-10-10T09:21:41.500,2320,16087,2319.8,13,0.0,0,0.0,0,0.0,0,0.0,0,2320,6,0.0,0,0.0,0,0.0,0,0.0,0
2012-10-10T09:21:42.000,2320,16106,2320,11,0.0,0,0.0,0,0.0,0,0.0,0,2320.2,6,0.0,0,0.0,0,0.0,0,0.0,0
2012-10-10T09:21:42.500,2320,16121,2319.8,16,0.0,0,0.0,0,0.0,0,0.0,0,2320,28,0.0,0,0.0,0,0.0,0,0.0,0
2012-10-10T09:21:43.000,2320,16132,2319.8,6,0.0,0,0.0,0,0.0,0,0.0,0,2320,27,0.0,0,0.0,0,0.0,0,0.0,0
2012-10-10T09:21:43.500,2319.8,16144,2319.6,14,0.0,0,0.0,0,0.0,0,0.0,0,2319.8,11,0.0,0,0.0,0,0.0,0,0.0,0
2012-10-10T09:21:44.000,2319.6,16162,2319.6,16,0.0,0,0.0,0,0.0,0,0.0,0,2319.8,7,0.0,0,0.0,0,0.0,0,0.0,0
2012-10-10T09:21:44.500,2320,16190,2319.8,1,0.0,0,0.0,0,0.0,0,0.0,0,2320,23,0.0,0,0.0,0,0.0,0,0.0,0
2012-10-10T09:21:45.000,2319.8,16198,2319.6,11,0.0,0,0.0,0,0.0,0,0.0,0,2319.8,6,0.0,0,0.0,0,0.0,0,0.0,0
2012-10-10T09:21:45.500,2319.8,16204,2319.8,4,0.0,0,0.0,0,0.0,0,0.0,0,2320,24,0.0,0,0.0,0,0.0,0,0.0,0
2012-10-10T09:21:46.000,2319.8,16239,2319.8,3,0.0,0,0.0,0,0.0,0,0.0,0,2320,27,0.0,0,0.0,0,0.0,0,0.0,0
2012-10-10T09:21:46.500,2319.8,16240,2319.8,3,0.0,0,0.0,0,0.0,0,0.0,0,2320,27,0.0,0,0.0,0,0.0,0,0.0,0
2012-10-10T09:21:47.000,2319.8,16245,2319.8,1,0.0,0,0.0,0,0.0,0,0.0,0,2320,26,0.0,0,0.0,0,0.0,0,0.0,0
2012-10-10T09:21:47.500,2319.8,16251,2319.6,20,0.0,0,0.0,0,0.0,0,0.0,0,2319.8,3,0.0,0,0.0,0,0.0,0,0.0,0
2012-10-10T09:21:48.000,2319.8,16268,2319.6,5,0.0,0,0.0,0,0.0,0,0.0,0,2319.8,13,0.0,0,0.0,0,0.0,0,0.0,0
2012-10-10T09:21:48.500,2319.8,16274,2319.6,2,0.0,0,0.0,0,0.0,0,0.0,0,2319.8,17,0.0,0,0.0,0,0.0,0,0.0,0
2012-10-10T09:21:49.250,2320,16317,2319.4,22,0.0,0,0.0,0,0.0,0,0.0,0,2320,18,0.0,0,0.0,0,0.0,0,0.0,0
2012-10-10T09:21:50.000,2319.6,16332,2319.4,16,0.0,0,0.0,0,0.0,0,0.0,0,2319.8,1,0.0,0,0.0,0,0.0,0,0.0,0
2012-10-10T09:21:50.500,2319.8,16339,2319.4,21,0.0,0,0.0,0,0.0,0,0.0,0,2320,21,0.0,0,0.0,0,0.0,0,0.0,0
2012-10-10T09:21:51.000,2319.6,16341,2319.4,22,0.0,0,0.0,0,0.0,0,0.0,0,2319.8,4,0.0,0,0.0,0,0.0,0,0.0,0
2012-10-10T09:21:51.500,2319.8,16350,2319.6,6,0.0,0,0.0,0,0.0,0,0.0,0,2320,25,0.0,0,0.0,0,0.0,0,0.0,0
2012-10-10T09:21:52.000,2319.6,16365,2319.4,21,0.0,0,0.0,0,0.0,0,0.0,0,2319.6,1,0.0,0,0.0,0,0.0,0,0.0,0
2012-10-10T09:21:52.500,2319.4,16366,2319.4,21,0.0,0,0.0,0,0.0,0,0.0,0,2319.6,6,0.0,0,0.0,0,0.0,0,0.0,0
2012-10-10T09:21:53.000,2319.4,16368,2319.4,19,0.0,0,0.0,0,0.0,0,0.0,0,2319.6,7,0.0,0,0.0,0,0.0,0,0.0,0
2012-10-10T09:21:53.500,2319.6,16376,2319.4,12,0.0,0,0.0,0,0.0,0,0.0,0,2319.8,5,0.0,0,0.0,0,0.0,0,0.0,0
2012-10-10T09:21:54.000,2319.4,16379,2319.4,9,0.0,0,0.0,0,0.0,0,0.0,0,2319.8,5,0.0,0,0.0,0,0.0,0,0.0,0
2012-10-10T09:21:54.500,2319.4,16386,2319.4,3,0.0,0,0.0,0,0.0,0,0.0,0,2319.8,16,0.0,0,0.0,0,0.0,0,0.0,0
2012-10-10T09:21:55.000,2319.6,16392,2319.4,5,0.0,0,0.0,0,0.0,0,0.0,0,2319.6,1,0.0,0,0.0,0,0.0,0,0.0,0
2012-10-10T09:21:55.500,2319.6,16393,2319.4,5,0.0,0,0.0,0,0.0,0,0.0,0,2319.6,5,0.0,0,0.0,0,0.0,0,0.0,0
2012-10-10T09:21:56.000,2319.6,16413,2319.6,1,0.0,0,0.0,0,0.0,0,0.0,0,2319.8,13,0.0,0,0.0,0,0.0,0,0.0,0
2012-10-10T09:21:56.500,2319.6,16415,2319.6,26,0.0,0,0.0,0,0.0,0,0.0,0,2319.8,12,0.0,0,0.0,0,0.0,0,0.0,0
2012-10-10T09:21:57.000,2319.8,16439,2319.8,8,0.0,0,0.0,0,0.0,0,0.0,0,2320,33,0.0,0,0.0,0,0.0,0,0.0,0
2012-10-10T09:21:57.500,2319.6,16451,2319.6,15,0.0,0,0.0,0,0.0,0,0.0,0,2319.8,1,0.0,0,0.0,0,0.0,0,0.0,0
2012-10-10T09:21:58.000,2319.8,16470,2319.8,26,0.0,0,0.0,0,0.0,0,0.0,0,2320,31,0.0,0,0.0,0,0.0,0,0.0,0
2012-10-10T09:21:58.500,2320,16477,2319.8,24,0.0,0,0.0,0,0.0,0,0.0,0,2320,33,0.0,0,0.0,0,0.0,0,0.0,0
2012-10-10T09:21:59.000,2319.8,16479,2319.8,23,0.0,0,0.0,0,0.0,0,0.0,0,2320,33,0.0,0,0.0,0,0.0,0,0.0,0
2012-10-10T09:21:59.500,2319.8,16502,2319.8,24,0.0,0,0.0,0,0.0,0,0.0,0,2320,15,0.0,0,0.0,0,0.0,0,0.0,0
2012-10-10T09:22:00.250,2319.8,16511,2319.8,18,0.0,0,0.0,0,0.0,0,0.0,0,2320,16,0.0,0,0.0,0,0.0,0,0.0,0
2012-10-10T09:22:01.000,2319.8,16523,2319.8,16,0.0,0,0.0,0,0.0,0,0.0,0,2320,12,0.0,0,0.0,0,0.0,0,0.0,0
2012-10-10T09:22:01.500,2320,16546,2319.8,5,0.0,0,0.0,0,0.0,0,0.0,0,2320,1,0.0,0,0.0,0,0.0,0,0.0,0
2012-10-10T09:22:02.000,2319.8,16562,2319.8,1,0.0,0,0.0,0,0.0,0,0.0,0,2320,9,0.0,0,0.0,0,0.0,0,0.0,0
2012-10-10T09:22:02.500,2320,16609,2319.6,70,0.0,0,0.0,0,0.0,0,0.0,0,2320,5,0.0,0,0.0,0,0.0,0,0.0,0
2012-10-10T09:22:03.000,2319.8,16627,2320,1,0.0,0,0.0,0,0.0,0,0.0,0,2320.4,21,0.0,0,0.0,0,0.0,0,0.0,0
2012-10-10T09:22:03.500,2320.2,16638,2320.2,2,0.0,0,0.0,0,0.0,0,0.0,0,2320.4,14,0.0,0,0.0,0,0.0,0,0.0,0
2012-10-10T09:22:04.000,2320.2,16645,2320,3,0.0,0,0.0,0,0.0,0,0.0,0,2320.2,4,0.0,0,0.0,0,0.0,0,0.0,0
2012-10-10T09:22:04.500,2320,16655,2320,1,0.0,0,0.0,0,0.0,0,0.0,0,2320.2,5,0.0,0,0.0,0,0.0,0,0.0,0
2012-10-10T09:22:05.000,2320,16659,2320,4,0.0,0,0.0,0,0.0,0,0.0,0,2320.2,4,0.0,0,0.0,0,0.0,0,0.0,0
2012-10-10T09:22:05.500,2320.2,16677,2320.2,2,0.0,0,0.0,0,0.0,0,0.0,0,2320.4,22,0.0,0,0.0,0,0.0,0,0.0,0
2012-10-10T09:22:06.000,2320,16687,2319.8,3,0.0,0,0.0,0,0.0,0,0.0,0,2320,22,0.0,0,0.0,0,0.0,0,0.0,0
2012-10-10T09:22:06.500,2320,16716,2320,11,0.0,0,0.0,0,0.0,0,0.0,0,2320.2,7,0.0,0,0.0,0,0.0,0,0.0,0
2012-10-10T09:22:07.000,2320.2,16720,2320,31,0.0,0,0.0,0,0.0,0,0.0,0,2320.2,12,0.0,0,0.0,0,0.0,0,0.0,0
2012-10-10T09:22:07.500,2320.4,16745,2320.2,5,0.0,0,0.0,0,0.0,0,0.0,0,2320.4,21,0.0,0,0.0,0,0.0,0,0.0,0
2012-10-10T09:22:08.000,2320,16761,2320,27,0.0,0,0.0,0,0.0,0,0.0,0,2320.4,17,0.0,0,0.0,0,0.0,0,0.0,0
2012-10-10T09:22:08.500,2320.4,16781,2320.4,1,0.0,0,0.0,0,0.0,0,0.0,0,2320.6,57,0.0,0,0.0,0,0.0,0,0.0,0
2012-10-10T09:22:09.000,2320.6,16814,2320.4,1,0.0,0,0.0,0,0.0,0,0.0,0,2320.6,38,0.0,0,0.0,0,0.0,0,0.0,0
2012-10-10T09:22:09.500,2320.4,16822,2320.2,5,0.0,0,0.0,0,0.0,0,0.0,0,2320.6,34,0.0,0,0.0,0,0.0,0,0.0,0
2012-10-10T09:22:10.000,2320.4,16844,2320.4,5,0.0,0,0.0,0,0.0,0,0.0,0,2320.6,13,0.0,0,0.0,0,0.0,0,0.0,0
2012-10-10T09:22:10.500,2320.2,16852,2320.2,28,0.0,0,0.0,0,0.0,0,0.0,0,2320.4,10,0.0,0,0.0,0,0.0,0,0.0,0
2012-10-10T09:22:11.000,2320.4,16868,2320.4,8,0.0,0,0.0,0,0.0,0,0.0,0,2320.6,14,0.0,0,0.0,0,0.0,0,0.0,0
2012-10-10T09:22:11.500,2320.6,16885,2320.4,21,0.0,0,0.0,0,0.0,0,0.0,0,2320.6,2,0.0,0,0.0,0,0.0,0,0.0,0
2012-10-10T09:22:12.000,2320.4,16891,2320.6,14,0.0,0,0.0,0,0.0,0,0.0,0,2320.8,75,0.0,0,0.0,0,0.0,0,0.0,0
2012-10-10T09:22:12.500,2320.6,16901,2320.6,6,0.0,0,0.0,0,0.0,0,0.0,0,2320.8,74,0.0,0,0.0,0,0.0,0,0.0,0
2012-10-10T09:22:13.000,2320.6,16912,2320.6,9,0.0,0,0.0,0,0.0,0,0.0,0,2320.8,65,0.0,0,0.0,0,0.0,0,0.0,0
2012-10-10T09:22:13.500,2320.8,16924,2320.6,6,0.0,0,0.0,0,0.0,0,0.0,0,2320.8,66,0.0,0,0.0,0,0.0,0,0.0,0
2012-10-10T09:22:14.000,2320.8,16948,2320.6,1,0.0,0,0.0,0,0.0,0,0.0,0,2320.8,62,0.0,0,0.0,0,0.0,0,0.0,0
2012-10-10T09:22:14.500,2320.6,16973,2320.4,8,0.0,0,0.0,0,0.0,0,0.0,0,2320.6,1,0.0,0,0.0,0,0.0,0,0.0,0
2012-10-10T09:22:15.000,2320.6,16990,2320.4,8,0.0,0,0.0,0,0.0,0,0.0,0,2320.6,5,0.0,0,0.0,0,0.0,0,0.0,0
2012-10-10T09:22:15.500,2320.4,17014,2320.2,16,0.0,0,0.0,0,0.0,0,0.0,0,2320.4,17,0.0,0,0.0,0,0.0,0,0.0,0
2012-10-10T09:22:16.000,2320.6,17033,2320.4,1,0.0,0,0.0,0,0.0,0,0.0,0,2320.6,30,0.0,0,0.0,0,0.0,0,0.0,0
2012-10-10T09:22:16.500,2320,17044,2320,16,0.0,0,0.0,0,0.0,0,0.0,0,2320.4,5,0.0,0,0.0,0,0.0,0,0.0,0
2012-10-10T09:22:17.000,2320.4,17052,2320,16,0.0,0,0.0,0,0.0,0,0.0,0,2320.4,5,0.0,0,0.0,0,0.0,0,0.0,0
2012-10-10T09:22:17.500,2320,17074,2320,4,0.0,0,0.0,0,0.0,0,0.0,0,2320.4,28,0.0,0,0.0,0,0.0,0,0.0,0
2012-10-10T09:22:18.000,2320.4,17083,2320,2,0.0,0,0.0,0,0.0,0,0.0,0,2320.4,24,0.0,0,0.0,0,0.0,0,0.0,0
2012-10-10T09:22:18.500,2320,17093,2319.8,41,0.0,0,0.0,0,0.0,0,0.0,0,2320,33,0.0,0,0.0,0,0.0,0,0.0,0
2012-10-10T09:22:19.000,2320,17100,2319.8,39,0.0,0,0.0,0,0.0,0,0.0,0,2320,29,0.0,0,0.0,0,0.0,0,0.0,0
2012-10-10T09:22:19.500,2319.8,17126,2319.8,21,0.0,0,0.0,0,0.0,0,0.0,0,2320,58,0.0,0,0.0,0,0.0,0,0.0,0
2012-10-10T09:22:20.000,2319.8,17135,2319.8,16,0.0,0,0.0,0,0.0,0,0.0,0,2320,59,0.0,0,0.0,0,0.0,0,0.0,0
2012-10-10T09:22:20.500,2319.8,17143,2319.8,8,0.0,0,0.0,0,0.0,0,0.0,0,2320,62,0.0,0,0.0,0,0.0,0,0.0,0
2012-10-10T09:22:21.000,2320,17151,2319.8,10,0.0,0,0.0,0,0.0,0,0.0,0,2320,43,0.0,0,0.0,0,0.0,0,0.0,0
2012-10-10T09:22:21.500,2319.8,17153,2319.8,8,0.0,0,0.0,0,0.0,0,0.0,0,2320,43,0.0,0,0.0,0,0.0,0,0.0,0
2012-10-10T09:22:22.000,2320,17160,2319.8,19,0.0,0,0.0,0,0.0,0,0.0,0,2320,37,0.0,0,0.0,0,0.0,0,0.0,0
2012-10-10T09:22:22.500,2319.8,17169,2319.8,14,0.0,0,0.0,0,0.0,0,0.0,0,2320,35,0.0,0,0.0,0,0.0,0,0.0,0
2012-10-10T09:22:23.000,2319.8,17223,2320,25,0.0,0,0.0,0,0.0,0,0.0,0,2320.2,6,0.0,0,0.0,0,0.0,0,0.0,0
2012-10-10T09:22:23.500,2320.2,17228,2320,22,0.0,0,0.0,0,0.0,0,0.0,0,2320.2,5,0.0,0,0.0,0,0.0,0,0.0,0
2012-10-10T09:22:24.000,2320,17241,2320.2,5,0.0,0,0.0,0,0.0,0,0.0,0,2320.4,15,0.0,0,0.0,0,0.0,0,0.0,0
2012-10-10T09:22:24.500,2320.2,17242,2320.2,4,0.0,0,0.0,0,0.0,0,0.0,0,2320.4,16,0.0,0,0.0,0,0.0,0,0.0,0
2012-10-10T09:22:25.000,2320,17255,2320,10,0.0,0,0.0,0,0.0,0,0.0,0,2320.2,8,0.0,0,0.0,0,0.0,0,0.0,0
2012-10-10T09:22:25.500,2320,17262,2320,10,0.0,0,0.0,0,0.0,0,0.0,0,2320.2,8,0.0,0,0.0,0,0.0,0,0.0,0
2012-10-10T09:22:26.000,2320.2,17267,2320,10,0.0,0,0.0,0,0.0,0,0.0,0,2320.2,8,0.0,0,0.0,0,0.0,0,0.0,0
2012-10-10T09:22:26.500,2320.2,17275,2320,5,0.0,0,0.0,0,0.0,0,0.0,0,2320.2,6,0.0,0,0.0,0,0.0,0,0.0,0
2012-10-10T09:22:27.000,2320,17280,2320,3,0.0,0,0.0,0,0.0,0,0.0,0,2320.2,4,0.0,0,0.0,0,0.0,0,0.0,0
2012-10-10T09:22:27.500,2320,17292,2320,31,0.0,0,0.0,0,0.0,0,0.0,0,2320.4,10,0.0,0,0.0,0,0.0,0,0.0,0
2012-10-10T09:22:28.000,2320,17302,2320,29,0.0,0,0.0,0,0.0,0,0.0,0,2320.2,1,0.0,0,0.0,0,0.0,0,0.0,0
2012-10-10T09:22:28.500,2320.2,17306,2320.2,1,0.0,0,0.0,0,0.0,0,0.0,0,2320.4,10,0.0,0,0.0,0,0.0,0,0.0,0
2012-10-10T09:22:29.000,2320,17312,2320,28,0.0,0,0.0,0,0.0,0,0.0,0,2320.4,7,0.0,0,0.0,0,0.0,0,0.0,0
2012-10-10T09:22:29.500,2320.2,17322,2320,21,0.0,0,0.0,0,0.0,0,0.0,0,2320.2,4,0.0,0,0.0,0,0.0,0,0.0,0
2012-10-10T09:22:30.000,2320.4,17328,2320,22,0.0,0,0.0,0,0.0,0,0.0,0,2320.4,5,0.0,0,0.0,0,0.0,0,0.0,0
2012-10-10T09:22:30.500,2320.2,17330,2320,21,0.0,0,0.0,0,0.0,0,0.0,0,2320.2,2,0.0,0,0.0,0,0.0,0,0.0,0
2012-10-10T09:22:31.000,2320,17337,2320,16,0.0,0,0.0,0,0.0,0,0.0,0,2320.2,2,0.0,0,0.0,0,0.0,0,0.0,0
2012-10-10T09:22:31.500,2320,17340,2320.2,1,0.0,0,0.0,0,0.0,0,0.0,0,2320.4,7,0.0,0,0.0,0,0.0,0,0.0,0
2012-10-10T09:22:32.000,2320,17343,2320.2,8,0.0,0,0.0,0,0.0,0,0.0,0,2320.4,16,0.0,0,0.0,0,0.0,0,0.0,0
2012-10-10T09:22:32.500,2320.2,17348,2320.2,6,0.0,0,0.0,0,0.0,0,0.0,0,2320.4,14,0.0,0,0.0,0,0.0,0,0.0,0
2012-10-10T09:22:33.000,2320.2,17355,2320,19,0.0,0,0.0,0,0.0,0,0.0,0,2320.2,18,0.0,0,0.0,0,0.0,0,0.0,0
2012-10-10T09:22:33.500,2320.2,17361,2320,17,0.0,0,0.0,0,0.0,0,0.0,0,2320.2,15,0.0,0,0.0,0,0.0,0,0.0,0
2012-10-10T09:22:34.000,2320.2,17364,2320,16,0.0,0,0.0,0,0.0,0,0.0,0,2320.2,64,0.0,0,0.0,0,0.0,0,0.0,0
2012-10-10T09:22:34.500,2320,17382,2319.8,18,0.0,0,0.0,0,0.0,0,0.0,0,2320.2,64,0.0,0,0.0,0,0.0,0,0.0,0
2012-10-10T09:22:35.000,2320,17389,2319.8,17,0.0,0,0.0,0,0.0,0,0.0,0,2320,36,0.0,0,0.0,0,0.0,0,0.0,0
2012-10-10T09:22:35.500,2319.8,17398,2319.8,18,0.0,0,0.0,0,0.0,0,0.0,0,2320,33,0.0,0,0.0,0,0.0,0,0.0,0
2012-10-10T09:22:36.000,2320,17407,2319.8,12,0.0,0,0.0,0,0.0,0,0.0,0,2320,30,0.0,0,0.0,0,0.0,0,0.0,0
2012-10-10T09:22:36.500,2319.6,17425,2319.6,100,0.0,0,0.0,0,0.0,0,0.0,0,2320,24,0.0,0,0.0,0,0.0,0,0.0,0
2012-10-10T09:22:37.000,2319.6,17431,2319.6,98,0.0,0,0.0,0,0.0,0,0.0,0,2319.8,4,0.0,0,0.0,0,0.0,0,0.0,0
2012-10-10T09:22:37.500,2319.6,17437,2319.6,101,0.0,0,0.0,0,0.0,0,0.0,0,2319.8,3,0.0,0,0.0,0,0.0,0,0.0,0
2012-10-10T09:22:38.000,2320,17452,2319.8,5,0.0,0,0.0,0,0.0,0,0.0,0,2320,15,0.0,0,0.0,0,0.0,0,0.0,0
2012-10-10T09:22:38.500,2319.8,17453,2319.8,9,0.0,0,0.0,0,0.0,0,0.0,0,2320,8,0.0,0,0.0,0,0.0,0,0.0,0
2012-10-10T09:22:39.000,2320,17480,2320,8,0.0,0,0.0,0,0.0,0,0.0,0,2320.2,70,0.0,0,0.0,0,0.0,0,0.0,0
2012-10-10T09:22:39.500,2320,17490,2319.8,21,0.0,0,0.0,0,0.0,0,0.0,0,2320.2,69,0.0,0,0.0,0,0.0,0,0.0,0
2012-10-10T09:22:40.000,2319.8,17494,2319.8,19,0.0,0,0.0,0,0.0,0,0.0,0,2320,16,0.0,0,0.0,0,0.0,0,0.0,0
2012-10-10T09:22:40.500,2319.8,17496,2319.8,22,0.0,0,0.0,0,0.0,0,0.0,0,2320,16,0.0,0,0.0,0,0.0,0,0.0,0
2012-10-10T09:22:41.000,2319.8,17503,2319.8,23,0.0,0,0.0,0,0.0,0,0.0,0,2320,10,0.0,0,0.0,0,0.0,0,0.0,0
2012-10-10T09:22:41.500,2320,17509,2319.8,29,0.0,0,0.0,0,0.0,0,0.0,0,2320,6,0.0,0,0.0,0,0.0,0,0.0,0
2012-10-10T09:22:42.250,2319.8,17517,2319.8,27,0.0,0,0.0,0,0.0,0,0.0,0,2320.2,70,0.0,0,0.0,0,0.0,0,0.0,0
2012-10-10T09:22:43.250,2319.8,17529,2319.8,29,0.0,0,0.0,0,0.0,0,0.0,0,2320,6,0.0,0,0.0,0,0.0,0,0.0,0
2012-10-10T09:22:44.000,2319.8,17548,2319.8,28,0.0,0,0.0,0,0.0,0,0.0,0,2320,9,0.0,0,0.0,0,0.0,0,0.0,0
2012-10-10T09:22:44.500,2319.8,17553,2319.8,24,0.0,0,0.0,0,0.0,0,0.0,0,2320,11,0.0,0,0.0,0,0.0,0,0.0,0
2012-10-10T09:22:45.000,2319.8,17554,2319.8,23,0.0,0,0.0,0,0.0,0,0.0,0,2320,16,0.0,0,0.0,0,0.0,0,0.0,0
2012-10-10T09:22:45.500,2319.8,17556,2319.8,25,0.0,0,0.0,0,0.0,0,0.0,0,2320,17,0.0,0,0.0,0,0.0,0,0.0,0
2012-10-10T09:22:46.000,2320,17561,2319.8,25,0.0,0,0.0,0,0.0,0,0.0,0,2320,14,0.0,0,0.0,0,0.0,0,0.0,0
2012-10-10T09:22:46.500,2319.8,17566,2319.8,21,0.0,0,0.0,0,0.0,0,0.0,0,2320,13,0.0,0,0.0,0,0.0,0,0.0,0
2012-10-10T09:22:47.000,2319.8,17569,2319.8,15,0.0,0,0.0,0,0.0,0,0.0,0,2320,14,0.0,0,0.0,0,0.0,0,0.0,0
2012-10-10T09:22:47.500,2319.8,17575,2319.8,16,0.0,0,0.0,0,0.0,0,0.0,0,2320,19,0.0,0,0.0,0,0.0,0,0.0,0
2012-10-10T09:22:48.250,2319.8,17593,2319.6,92,0.0,0,0.0,0,0.0,0,0.0,0,2319.8,27,0.0,0,0.0,0,0.0,0,0.0,0
2012-10-10T09:22:49.250,2319.8,17595,2319.6,94,0.0,0,0.0,0,0.0,0,0.0,0,2319.8,34,0.0,0,0.0,0,0.0,0,0.0,0
2012-10-10T09:22:50.000,2319.8,17596,2319.6,93,0.0,0,0.0,0,0.0,0,0.0,0,2319.8,34,0.0,0,0.0,0,0.0,0,0.0,0
2012-10-10T09:22:50.500,2319.8,17605,2319.6,91,0.0,0,0.0,0,0.0,0,0.0,0,2319.8,27,0.0,0,0.0,0,0.0,0,0.0,0
2012-10-10T09:22:51.250,2319.6,17607,2319.6,89,0.0,0,0.0,0,0.0,0,0.0,0,2319.8,27,0.0,0,0.0,0,0.0,0,0.0,0
2012-10-10T09:22:52.000,2319.6,17613,2319.6,99,0.0,0,0.0,0,0.0,0,0.0,0,2319.8,42,0.0,0,0.0,0,0.0,0,0.0,0
2012-10-10T09:22:52.500,2319.6,17615,2319.6,97,0.0,0,0.0,0,0.0,0,0.0,0,2319.8,42,0.0,0,0.0,0,0.0,0,0.0,0
2012-10-10T09:22:53.000,2319.6,17629,2319.6,84,0.0,0,0.0,0,0.0,0,0.0,0,2319.8,25,0.0,0,0.0,0,0.0,0,0.0,0
2012-10-10T09:22:53.500,2319.6,17630,2319.6,85,0.0,0,0.0,0,0.0,0,0.0,0,2319.8,27,0.0,0,0.0,0,0.0,0,0.0,0
2012-10-10T09:22:54.000,2319.8,17632,2319.6,84,0.0,0,0.0,0,0.0,0,0.0,0,2319.8,27,0.0,0,0.0,0,0.0,0,0.0,0
2012-10-10T09:22:54.500,2319.6,17668,2319.6,48,0.0,0,0.0,0,0.0,0,0.0,0,2319.8,28,0.0,0,0.0,0,0.0,0,0.0,0
2012-10-10T09:22:55.000,2319.8,17676,2319.6,47,0.0,0,0.0,0,0.0,0,0.0,0,2319.8,22,0.0,0,0.0,0,0.0,0,0.0,0
2012-10-10T09:22:55.500,2319.6,17684,2319.6,39,0.0,0,0.0,0,0.0,0,0.0,0,2319.8,23,0.0,0,0.0,0,0.0,0,0.0,0
2012-10-10T09:22:56.000,2319.6,17697,2319.6,26,0.0,0,0.0,0,0.0,0,0.0,0,2319.8,25,0.0,0,0.0,0,0.0,0,0.0,0
2012-10-10T09:22:56.500,2319.6,17707,2319.6,18,0.0,0,0.0,0,0.0,0,0.0,0,2319.8,33,0.0,0,0.0,0,0.0,0,0.0,0
2012-10-10T09:22:57.000,2319.6,17726,2319.4,51,0.0,0,0.0,0,0.0,0,0.0,0,2319.6,1,0.0,0,0.0,0,0.0,0,0.0,0
2012-10-10T09:22:57.500,2319.6,17734,2319.6,6,0.0,0,0.0,0,0.0,0,0.0,0,2319.8,78,0.0,0,0.0,0,0.0,0,0.0,0
2012-10-10T09:22:58.000,2319.8,17739,2319.6,5,0.0,0,0.0,0,0.0,0,0.0,0,2319.8,80,0.0,0,0.0,0,0.0,0,0.0,0
2012-10-10T09:22:58.500,2319.6,17745,2319.4,49,0.0,0,0.0,0,0.0,0,0.0,0,2319.6,12,0.0,0,0.0,0,0.0,0,0.0,0
2012-10-10T09:22:59.000,2319.6,17762,2319.4,34,0.0,0,0.0,0,0.0,0,0.0,0,2319.6,29,0.0,0,0.0,0,0.0,0,0.0,0
2012-10-10T09:22:59.500,2319.6,17770,2319.4,43,0.0,0,0.0,0,0.0,0,0.0,0,2319.6,52,0.0,0,0.0,0,0.0,0,0.0,0
2012-10-10T09:23:00.000,2319.6,17774,2319.4,42,0.0,0,0.0,0,0.0,0,0.0,0,2319.6,54,0.0,0,0.0,0,0.0,0,0.0,0
2012-10-10T09:23:00.500,2319.6,17795,2319.4,32,0.0,0,0.0,0,0.0,0,0.0,0,2319.6,39,0.0,0,0.0,0,0.0,0,0.0,0
2012-10-10T09:23:01.000,2319.4,17801,2319.4,32,0.0,0,0.0,0,0.0,0,0.0,0,2319.6,36,0.0,0,0.0,0,0.0,0,0.0,0
2012-10-10T09:23:01.500,2319.4,17814,2319.4,23,0.0,0,0.0,0,0.0,0,0.0,0,2319.6,31,0.0,0,0.0,0,0.0,0,0.0,0
2012-10-10T09:23:02.000,2319.4,17818,2319.4,24,0.0,0,0.0,0,0.0,0,0.0,0,2319.6,33,0.0,0,0.0,0,0.0,0,0.0,0
2012-10-10T09:23:02.500,2319.6,17820,2319.4,23,0.0,0,0.0,0,0.0,0,0.0,0,2319.6,33,0.0,0,0.0,0,0.0,0,0.0,0
2012-10-10T09:23:03.000,2319.4,17823,2319.4,20,0.0,0,0.0,0,0.0,0,0.0,0,2319.6,23,0.0,0,0.0,0,0.0,0,0.0,0
2012-10-10T09:23:03.500,2319.4,17832,2319.4,16,0.0,0,0.0,0,0.0,0,0.0,0,2319.6,22,0.0,0,0.0,0,0.0,0,0.0,0
2012-10-10T09:23:04.000,2319.4,17839,2319.4,10,0.0,0,0.0,0,0.0,0,0.0,0,2319.6,21,0.0,0,0.0,0,0.0,0,0.0,0
2012-10-10T09:23:04.500,2319.4,17849,2319.2,32,0.0,0,0.0,0,0.0,0,0.0,0,2319.4,11,0.0,0,0.0,0,0.0,0,0.0,0
2012-10-10T09:23:05.000,2319.2,17853,2319.2,30,0.0,0,0.0,0,0.0,0,0.0,0,2319.4,10,0.0,0,0.0,0,0.0,0,0.0,0
2012-10-10T09:23:05.500,2319.4,17859,2319.2,26,0.0,0,0.0,0,0.0,0,0.0,0,2319.4,10,0.0,0,0.0,0,0.0,0,0.0,0
2012-10-10T09:23:06.000,2319.4,17867,2319.2,19,0.0,0,0.0,0,0.0,0,0.0,0,2319.4,11,0.0,0,0.0,0,0.0,0,0.0,0
2012-10-10T09:23:06.500,2319.4,17875,2319.2,12,0.0,0,0.0,0,0.0,0,0.0,0,2319.4,10,0.0,0,0.0,0,0.0,0,0.0,0
2012-10-10T09:23:07.000,2319.2,17883,2319.2,4,0.0,0,0.0,0,0.0,0,0.0,0,2319.4,11,0.0,0,0.0,0,0.0,0,0.0,0
2012-10-10T09:23:07.500,2319.2,17886,2319.2,3,0.0,0,0.0,0,0.0,0,0.0,0,2319.4,13,0.0,0,0.0,0,0.0,0,0.0,0
2012-10-10T09:23:08.000,2319.4,17889,2319.2,1,0.0,0,0.0,0,0.0,0,0.0,0,2319.4,13,0.0,0,0.0,0,0.0,0,0.0,0
2012-10-10T09:23:08.500,2319.2,17895,2319,56,0.0,0,0.0,0,0.0,0,0.0,0,2319.2,2,0.0,0,0.0,0,0.0,0,0.0,0
2012-10-10T09:23:09.000,2319.2,17903,2319.2,23,0.0,0,0.0,0,0.0,0,0.0,0,2319.4,13,0.0,0,0.0,0,0.0,0,0.0,0
2012-10-10T09:23:09.500,2319.4,17912,2319.2,21,0.0,0,0.0,0,0.0,0,0.0,0,2319.4,7,0.0,0,0.0,0,0.0,0,0.0,0
2012-10-10T09:23:10.000,2319.4,17918,2319.2,21,0.0,0,0.0,0,0.0,0,0.0,0,2319.4,6,0.0,0,0.0,0,0.0,0,0.0,0
2012-10-10T09:23:10.500,2319.4,17930,2319.4,3,0.0,0,0.0,0,0.0,0,0.0,0,2319.6,16,0.0,0,0.0,0,0.0,0,0.0,0
2012-10-10T09:23:11.000,2319.2,17941,2319.2,26,0.0,0,0.0,0,0.0,0,0.0,0,2319.6,16,0.0,0,0.0,0,0.0,0,0.0,0
2012-10-10T09:23:11.500,2319.2,17945,2319.2,22,0.0,0,0.0,0,0.0,0,0.0,0,2319.4,1,0.0,0,0.0,0,0.0,0,0.0,0
2012-10-10T09:23:12.000,2319.2,17951,2319.2,26,0.0,0,0.0,0,0.0,0,0.0,0,2319.6,25,0.0,0,0.0,0,0.0,0,0.0,0
2012-10-10T09:23:12.500,2319.4,17953,2319.4,2,0.0,0,0.0,0,0.0,0,0.0,0,2319.6,24,0.0,0,0.0,0,0.0,0,0.0,0
2012-10-10T09:23:13.000,2319.4,17958,2319.2,27,0.0,0,0.0,0,0.0,0,0.0,0,2319.4,1,0.0,0,0.0,0,0.0,0,0.0,0
2012-10-10T09:23:13.500,2319.2,17960,2319.2,26,0.0,0,0.0,0,0.0,0,0.0,0,2319.4,2,0.0,0,0.0,0,0.0,0,0.0,0
2012-10-10T09:23:14.000,2319.2,17962,2319.2,25,0.0,0,0.0,0,0.0,0,0.0,0,2319.4,2,0.0,0,0.0,0,0.0,0,0.0,0
2012-10-10T09:23:14.500,2319.4,17968,2319.2,21,0.0,0,0.0,0,0.0,0,0.0,0,2319.4,2,0.0,0,0.0,0,0.0,0,0.0,0
2012-10-10T09:23:15.250,2319.2,17969,2319.2,21,0.0,0,0.0,0,0.0,0,0.0,0,2319.4,2,0.0,0,0.0,0,0.0,0,0.0,0
2012-10-10T09:23:16.000,2319.4,17979,2319.2,43,0.0,0,0.0,0,0.0,0,0.0,0,2319.4,1,0.0,0,0.0,0,0.0,0,0.0,0
2012-10-10T09:23:16.500,2319.2,17983,2319.4,8,0.0,0,0.0,0,0.0,0,0.0,0,2319.6,28,0.0,0,0.0,0,0.0,0,0.0,0
