date_time,last_px,total_volume,bid1_px,bid1_qty,bid2_px,bid2_qty,bid3_px,bid3_qty,bid4_px,bid4_qty,bid5_px,bid5_qty,ask1_px,ask1_qty,ask2_px,ask2_qty,ask3_px,ask3_qty,ask4_px,ask4_qty,ask5_px,ask5_qty
2012-10-16T09:14:00.250,2305,240,2305,12,0.0,0,0.0,0,0.0,0,0.0,0,2305.4,2,0.0,0,0.0,0,0.0,0,0.0,0
2012-10-16T09:15:00.250,2306,358,2305.8,1,0.0,0,0.0,0,0.0,0,0.0,0,2306.2,3,0.0,0,0.0,0,0.0,0,0.0,0
2012-10-16T09:15:01.000,2306.6,546,2306.6,2,0.0,0,0.0,0,0.0,0,0.0,0,2307,19,0.0,0,0.0,0,0.0,0,0.0,0
2012-10-16T09:15:01.500,2307.6,763,2307.6,1,0.0,0,0.0,0,0.0,0,0.0,0,2307.8,23,0.0,0,0.0,0,0.0,0,0.0,0
2012-10-16T09:15:02.000,2307.6,860,2307.2,12,0.0,0,0.0,0,0.0,0,0.0,0,2307.6,20,0.0,0,0.0,0,0.0,0,0.0,0
2012-10-16T09:15:02.500,2307.2,908,2307.2,1,0.0,0,0.0,0,0.0,0,0.0,0,2307.6,1,0.0,0,0.0,0,0.0,0,0.0,0
2012-10-16T09:15:03.000,2307.4,1066,2307,36,0.0,0,0.0,0,0.0,0,0.0,0,2307.4,5,0.0,0,0.0,0,0.0,0,0.0,0
2012-10-16T09:15:03.500,2307.6,1131,2307.4,5,0.0,0,0.0,0,0.0,0,0.0,0,2308,1,0.0,0,0.0,0,0.0,0,0.0,0
2012-10-16T09:15:04.000,2308.6,1170,2308.4,3,0.0,0,0.0,0,0.0,0,0.0,0,2308.6,7,0.0,0,0.0,0,0.0,0,0.0,0
2012-10-16T09:15:04.500,2308.6,1238,2308.8,46,0.0,0,0.0,0,0.0,0,0.0,0,2309,35,0.0,0,0.0,0,0.0,0,0.0,0
2012-10-16T09:15:05.000,2309.2,1353,2309.2,3,0.0,0,0.0,0,0.0,0,0.0,0,2309.6,10,0.0,0,0.0,0,0.0,0,0.0,0
2012-10-16T09:15:05.500,2309.2,1500,2308.6,31,0.0,0,0.0,0,0.0,0,0.0,0,2309.2,18,0.0,0,0.0,0,0.0,0,0.0,0
2012-10-16T09:15:06.000,2308.6,1591,2308,12,0.0,0,0.0,0,0.0,0,0.0,0,2308.6,6,0.0,0,0.0,0,0.0,0,0.0,0
2012-10-16T09:15:06.500,2308.2,1709,2308,3,0.0,0,0.0,0,0.0,0,0.0,0,2308.2,40,0.0,0,0.0,0,0.0,0,0.0,0
2012-10-16T09:15:07.000,2308,1771,2307.6,44,0.0,0,0.0,0,0.0,0,0.0,0,2307.8,16,0.0,0,0.0,0,0.0,0,0.0,0
2012-10-16T09:15:07.500,2307.6,1861,2307.8,7,0.0,0,0.0,0,0.0,0,0.0,0,2308,12,0.0,0,0.0,0,0.0,0,0.0,0
2012-10-16T09:15:08.000,2307.6,1941,2307.4,36,0.0,0,0.0,0,0.0,0,0.0,0,2307.6,19,0.0,0,0.0,0,0.0,0,0.0,0
2012-10-16T09:15:08.500,2307.4,1994,2307,60,0.0,0,0.0,0,0.0,0,0.0,0,2307.2,5,0.0,0,0.0,0,0.0,0,0.0,0
2012-10-16T09:15:09.000,2307.2,2066,2307,33,0.0,0,0.0,0,0.0,0,0.0,0,2307.2,8,0.0,0,0.0,0,0.0,0,0.0,0
2012-10-16T09:15:09.500,2307,2115,2307,43,0.0,0,0.0,0,0.0,0,0.0,0,2307.4,28,0.0,0,0.0,0,0.0,0,0.0,0
2012-10-16T09:15:10.000,2307,2146,2307,22,0.0,0,0.0,0,0.0,0,0.0,0,2307.2,20,0.0,0,0.0,0,0.0,0,0.0,0
2012-10-16T09:15:10.500,2307,2197,2307,18,0.0,0,0.0,0,0.0,0,0.0,0,2307.2,5,0.0,0,0.0,0,0.0,0,0.0,0
2012-10-16T09:15:11.000,2307,2218,2307.2,15,0.0,0,0.0,0,0.0,0,0.0,0,2307.4,24,0.0,0,0.0,0,0.0,0,0.0,0
2012-10-16T09:15:11.500,2306.8,2293,2306.8,11,0.0,0,0.0,0,0.0,0,0.0,0,2307.6,2,0.0,0,0.0,0,0.0,0,0.0,0
2012-10-16T09:15:12.000,2307.2,2327,2307.2,4,0.0,0,0.0,0,0.0,0,0.0,0,2307.4,8,0.0,0,0.0,0,0.0,0,0.0,0
2012-10-16T09:15:12.500,2306.8,2348,2306.6,6,0.0,0,0.0,0,0.0,0,0.0,0,2306.8,41,0.0,0,0.0,0,0.0,0,0.0,0
2012-10-16T09:15:13.000,2306.4,2374,2306.2,14,0.0,0,0.0,0,0.0,0,0.0,0,2306.4,8,0.0,0,0.0,0,0.0,0,0.0,0
2012-10-16T09:15:13.500,2306.4,2426,2306,24,0.0,0,0.0,0,0.0,0,0.0,0,2306.4,7,0.0,0,0.0,0,0.0,0,0.0,0
2012-10-16T09:15:14.000,2306.4,2470,2306,11,0.0,0,0.0,0,0.0,0,0.0,0,2306.2,4,0.0,0,0.0,0,0.0,0,0.0,0
2012-10-16T09:15:14.500,2305.8,2527,2305.6,33,0.0,0,0.0,0,0.0,0,0.0,0,2305.8,1,0.0,0,0.0,0,0.0,0,0.0,0
2012-10-16T09:15:15.000,2306,2588,2305.8,21,0.0,0,0.0,0,0.0,0,0.0,0,2306,78,0.0,0,0.0,0,0.0,0,0.0,0
2012-10-16T09:15:15.500,2305.8,2681,2305.6,11,0.0,0,0.0,0,0.0,0,0.0,0,2305.8,15,0.0,0,0.0,0,0.0,0,0.0,0
2012-10-16T09:15:16.000,2305.4,2730,2305.4,85,0.0,0,0.0,0,0.0,0,0.0,0,2305.6,2,0.0,0,0.0,0,0.0,0,0.0,0
2012-10-16T09:15:16.500,2305.8,2769,2305.8,1,0.0,0,0.0,0,0.0,0,0.0,0,2306,1,0.0,0,0.0,0,0.0,0,0.0,0
2012-10-16T09:15:17.000,2306,2828,2306,10,0.0,0,0.0,0,0.0,0,0.0,0,2306.4,13,0.0,0,0.0,0,0.0,0,0.0,0
2012-10-16T09:15:17.500,2306.6,2861,2306,1,0.0,0,0.0,0,0.0,0,0.0,0,2306.6,8,0.0,0,0.0,0,0.0,0,0.0,0
2012-10-16T09:15:18.000,2306.6,2900,2306.2,7,0.0,0,0.0,0,0.0,0,0.0,0,2306.8,34,0.0,0,0.0,0,0.0,0,0.0,0
2012-10-16T09:15:18.500,2306.6,2948,2306.2,12,0.0,0,0.0,0,0.0,0,0.0,0,2306.6,5,0.0,0,0.0,0,0.0,0,0.0,0
2012-10-16T09:15:19.000,2306.2,3000,2306,55,0.0,0,0.0,0,0.0,0,0.0,0,2306.2,1,0.0,0,0.0,0,0.0,0,0.0,0
2012-10-16T09:15:19.500,2306.8,3020,2306.2,4,0.0,0,0.0,0,0.0,0,0.0,0,2306.8,43,0.0,0,0.0,0,0.0,0,0.0,0
2012-10-16T09:15:20.000,2306.8,3049,2306.6,20,0.0,0,0.0,0,0.0,0,0.0,0,2306.8,29,0.0,0,0.0,0,0.0,0,0.0,0
2012-10-16T09:15:20.500,2306.8,3084,2306.6,7,0.0,0,0.0,0,0.0,0,0.0,0,2306.8,16,0.0,0,0.0,0,0.0,0,0.0,0
2012-10-16T09:15:21.000,2306.4,3113,2306.4,13,0.0,0,0.0,0,0.0,0,0.0,0,2306.6,1,0.0,0,0.0,0,0.0,0,0.0,0
2012-10-16T09:15:21.500,2306.6,3154,2306.6,27,0.0,0,0.0,0,0.0,0,0.0,0,2306.8,3,0.0,0,0.0,0,0.0,0,0.0,0
2012-10-16T09:15:22.000,2306.8,3178,2306.6,19,0.0,0,0.0,0,0.0,0,0.0,0,2307,28,0.0,0,0.0,0,0.0,0,0.0,0
2012-10-16T09:15:22.500,2306.8,3198,2306.8,11,0.0,0,0.0,0,0.0,0,0.0,0,2307,13,0.0,0,0.0,0,0.0,0,0.0,0
2012-10-16T09:15:23.000,2307,3210,2306.8,4,0.0,0,0.0,0,0.0,0,0.0,0,2307,10,0.0,0,0.0,0,0.0,0,0.0,0
2012-10-16T09:15:23.500,2307,3224,2307,4,0.0,0,0.0,0,0.0,0,0.0,0,2307.2,13,0.0,0,0.0,0,0.0,0,0.0,0
2012-10-16T09:15:24.000,2306.8,3246,2306.6,21,0.0,0,0.0,0,0.0,0,0.0,0,2306.8,15,0.0,0,0.0,0,0.0,0,0.0,0
2012-10-16T09:15:24.500,2306.6,3276,2306.4,10,0.0,0,0.0,0,0.0,0,0.0,0,2306.6,37,0.0,0,0.0,0,0.0,0,0.0,0
2012-10-16T09:15:25.000,2306.6,3312,2306.4,7,0.0,0,0.0,0,0.0,0,0.0,0,2306.6,4,0.0,0,0.0,0,0.0,0,0.0,0
2012-10-16T09:15:25.500,2306.4,3346,2306.2,22,0.0,0,0.0,0,0.0,0,0.0,0,2306.4,1,0.0,0,0.0,0,0.0,0,0.0,0
2012-10-16T09:15:26.000,2306.4,3360,2306.4,6,0.0,0,0.0,0,0.0,0,0.0,0,2306.6,6,0.0,0,0.0,0,0.0,0,0.0,0
2012-10-16T09:15:26.500,2306.8,3387,2306.2,9,0.0,0,0.0,0,0.0,0,0.0,0,2306.6,8,0.0,0,0.0,0,0.0,0,0.0,0
2012-10-16T09:15:27.000,2306.6,3390,2306.2,8,0.0,0,0.0,0,0.0,0,0.0,0,2306.6,7,0.0,0,0.0,0,0.0,0,0.0,0
2012-10-16T09:15:27.500,2306.2,3423,2306.2,8,0.0,0,0.0,0,0.0,0,0.0,0,2306.4,7,0.0,0,0.0,0,0.0,0,0.0,0
2012-10-16T09:15:28.000,2306.6,3477,2306.4,12,0.0,0,0.0,0,0.0,0,0.0,0,2306.6,3,0.0,0,0.0,0,0.0,0,0.0,0
2012-10-16T09:15:28.500,2306.4,3495,2306.2,14,0.0,0,0.0,0,0.0,0,0.0,0,2306.4,10,0.0,0,0.0,0,0.0,0,0.0,0
2012-10-16T09:15:29.000,2306,3523,2306,72,0.0,0,0.0,0,0.0,0,0.0,0,2306.2,21,0.0,0,0.0,0,0.0,0,0.0,0
2012-10-16T09:15:29.500,2306.2,3541,2306,59,0.0,0,0.0,0,0.0,0,0.0,0,2306.2,20,0.0,0,0.0,0,0.0,0,0.0,0
2012-10-16T09:15:30.000,2306,3559,2306,45,0.0,0,0.0,0,0.0,0,0.0,0,2306.2,21,0.0,0,0.0,0,0.0,0,0.0,0
2012-10-16T09:15:30.500,2305.8,3631,2305.8,45,0.0,0,0.0,0,0.0,0,0.0,0,2306,7,0.0,0,0.0,0,0.0,0,0.0,0
2012-10-16T09:15:31.000,2305.6,3681,2305.6,11,0.0,0,0.0,0,0.0,0,0.0,0,2305.8,7,0.0,0,0.0,0,0.0,0,0.0,0
2012-10-16T09:15:31.500,2305.6,3701,2305.6,2,0.0,0,0.0,0,0.0,0,0.0,0,2305.8,13,0.0,0,0.0,0,0.0,0,0.0,0
2012-10-16T09:15:32.000,2305.6,3769,2305.4,26,0.0,0,0.0,0,0.0,0,0.0,0,2305.6,4,0.0,0,0.0,0,0.0,0,0.0,0
2012-10-16T09:15:32.500,2305.4,3803,2305.4,19,0.0,0,0.0,0,0.0,0,0.0,0,2305.8,9,0.0,0,0.0,0,0.0,0,0.0,0
2012-10-16T09:15:33.000,2305.6,3830,2305.2,50,0.0,0,0.0,0,0.0,0,0.0,0,2305.8,11,0.0,0,0.0,0,0.0,0,0.0,0
2012-10-16T09:15:33.500,2305.4,3843,2305.4,5,0.0,0,0.0,0,0.0,0,0.0,0,2305.8,10,0.0,0,0.0,0,0.0,0,0.0,0
2012-10-16T09:15:34.000,2305.4,3861,2305.4,1,0.0,0,0.0,0,0.0,0,0.0,0,2305.6,28,0.0,0,0.0,0,0.0,0,0.0,0
2012-10-16T09:15:34.500,2305.2,3864,2305.2,31,0.0,0,0.0,0,0.0,0,0.0,0,2305.4,59,0.0,0,0.0,0,0.0,0,0.0,0
2012-10-16T09:15:35.000,2305,3923,2305,61,0.0,0,0.0,0,0.0,0,0.0,0,2305.2,45,0.0,0,0.0,0,0.0,0,0.0,0
2012-10-16T09:15:35.500,2304.8,4059,2304,72,0.0,0,0.0,0,0.0,0,0.0,0,2304.8,45,0.0,0,0.0,0,0.0,0,0.0,0
2012-10-16T09:15:36.000,2303.8,4135,2303.8,10,0.0,0,0.0,0,0.0,0,0.0,0,2304,2,0.0,0,0.0,0,0.0,0,0.0,0
2012-10-16T09:15:36.500,2303.8,4170,2304,26,0.0,0,0.0,0,0.0,0,0.0,0,2304.4,24,0.0,0,0.0,0,0.0,0,0.0,0
2012-10-16T09:15:37.000,2304.2,4213,2304,33,0.0,0,0.0,0,0.0,0,0.0,0,2304.2,1,0.0,0,0.0,0,0.0,0,0.0,0
2012-10-16T09:15:37.500,2304.4,4263,2304.2,31,0.0,0,0.0,0,0.0,0,0.0,0,2304.6,6,0.0,0,0.0,0,0.0,0,0.0,0
2012-10-16T09:15:38.000,2304.2,4299,2304.4,2,0.0,0,0.0,0,0.0,0,0.0,0,2304.6,5,0.0,0,0.0,0,0.0,0,0.0,0
2012-10-16T09:15:38.500,2304.6,4325,2304.4,1,0.0,0,0.0,0,0.0,0,0.0,0,2304.6,11,0.0,0,0.0,0,0.0,0,0.0,0
2012-10-16T09:15:39.000,2304.4,4345,2304,53,0.0,0,0.0,0,0.0,0,0.0,0,2304.4,12,0.0,0,0.0,0,0.0,0,0.0,0
2012-10-16T09:15:39.500,2304.4,4354,2304.2,30,0.0,0,0.0,0,0.0,0,0.0,0,2304.4,56,0.0,0,0.0,0,0.0,0,0.0,0
2012-10-16T09:15:40.000,2304.2,4383,2304.2,5,0.0,0,0.0,0,0.0,0,0.0,0,2304.4,55,0.0,0,0.0,0,0.0,0,0.0,0
2012-10-16T09:15:40.500,2304.2,4398,2304,52,0.0,0,0.0,0,0.0,0,0.0,0,2304.2,7,0.0,0,0.0,0,0.0,0,0.0,0
2012-10-16T09:15:41.000,2304.4,4434,2304,26,0.0,0,0.0,0,0.0,0,0.0,0,2304.4,65,0.0,0,0.0,0,0.0,0,0.0,0
2012-10-16T09:15:41.500,2304.2,4449,2304.2,21,0.0,0,0.0,0,0.0,0,0.0,0,2304.4,64,0.0,0,0.0,0,0.0,0,0.0,0
2012-10-16T09:15:42.000,2304.2,4462,2304.2,14,0.0,0,0.0,0,0.0,0,0.0,0,2304.4,58,0.0,0,0.0,0,0.0,0,0.0,0
2012-10-16T09:15:42.500,2304.2,4498,2304.2,8,0.0,0,0.0,0,0.0,0,0.0,0,2304.4,48,0.0,0,0.0,0,0.0,0,0.0,0
2012-10-16T09:15:43.000,2304.2,4544,2304.2,7,0.0,0,0.0,0,0.0,0,0.0,0,2304.4,18,0.0,0,0.0,0,0.0,0,0.0,0
2012-10-16T09:15:43.500,2304.4,4570,2304.4,28,0.0,0,0.0,0,0.0,0,0.0,0,2304.6,7,0.0,0,0.0,0,0.0,0,0.0,0
2012-10-16T09:15:44.000,2304.6,4624,2304.6,31,0.0,0,0.0,0,0.0,0,0.0,0,2305,12,0.0,0,0.0,0,0.0,0,0.0,0
2012-10-16T09:15:44.500,2304.4,4665,2304.4,13,0.0,0,0.0,0,0.0,0,0.0,0,2304.8,4,0.0,0,0.0,0,0.0,0,0.0,0
2012-10-16T09:15:45.000,2304.8,4706,2304.8,37,0.0,0,0.0,0,0.0,0,0.0,0,2305,9,0.0,0,0.0,0,0.0,0,0.0,0
2012-10-16T09:15:45.500,2304.8,4728,2304.8,16,0.0,0,0.0,0,0.0,0,0.0,0,2305,25,0.0,0,0.0,0,0.0,0,0.0,0
2012-10-16T09:15:46.000,2304.8,4736,2304.8,10,0.0,0,0.0,0,0.0,0,0.0,0,2305,30,0.0,0,0.0,0,0.0,0,0.0,0
2012-10-16T09:15:46.500,2304.8,4755,2304.6,1,0.0,0,0.0,0,0.0,0,0.0,0,2304.8,32,0.0,0,0.0,0,0.0,0,0.0,0
2012-10-16T09:15:47.000,2304.4,4770,2304.4,5,0.0,0,0.0,0,0.0,0,0.0,0,2304.8,83,0.0,0,0.0,0,0.0,0,0.0,0
2012-10-16T09:15:47.500,2304.4,4792,2304.4,3,0.0,0,0.0,0,0.0,0,0.0,0,2304.6,10,0.0,0,0.0,0,0.0,0,0.0,0
2012-10-16T09:15:48.000,2304,4835,2303.8,20,0.0,0,0.0,0,0.0,0,0.0,0,2304,58,0.0,0,0.0,0,0.0,0,0.0,0
2012-10-16T09:15:48.500,2303.6,4889,2303.4,54,0.0,0,0.0,0,0.0,0,0.0,0,2303.6,11,0.0,0,0.0,0,0.0,0,0.0,0
2012-10-16T09:15:49.000,2303.4,4916,2303.4,35,0.0,0,0.0,0,0.0,0,0.0,0,2303.6,4,0.0,0,0.0,0,0.0,0,0.0,0
2012-10-16T09:15:49.500,2303.6,4957,2303.2,17,0.0,0,0.0,0,0.0,0,0.0,0,2303.6,10,0.0,0,0.0,0,0.0,0,0.0,0
2012-10-16T09:15:50.000,2303,4994,2302.8,60,0.0,0,0.0,0,0.0,0,0.0,0,2303,15,0.0,0,0.0,0,0.0,0,0.0,0
2012-10-16T09:15:50.500,2303,5024,2303,24,0.0,0,0.0,0,0.0,0,0.0,0,2303.2,12,0.0,0,0.0,0,0.0,0,0.0,0
2012-10-16T09:15:51.000,2303.2,5065,2303.2,15,0.0,0,0.0,0,0.0,0,0.0,0,2303.4,46,0.0,0,0.0,0,0.0,0,0.0,0
2012-10-16T09:15:51.500,2303,5135,2303,30,0.0,0,0.0,0,0.0,0,0.0,0,2303.6,12,0.0,0,0.0,0,0.0,0,0.0,0
2012-10-16T09:15:52.000,2303.2,5162,2303.2,8,0.0,0,0.0,0,0.0,0,0.0,0,2303.6,15,0.0,0,0.0,0,0.0,0,0.0,0
2012-10-16T09:15:52.500,2303.2,5216,2303,5,0.0,0,0.0,0,0.0,0,0.0,0,2303.2,4,0.0,0,0.0,0,0.0,0,0.0,0
2012-10-16T09:15:53.000,2303.4,5240,2303,3,0.0,0,0.0,0,0.0,0,0.0,0,2303.2,1,0.0,0,0.0,0,0.0,0,0.0,0
2012-10-16T09:15:53.500,2303.2,5258,2303,6,0.0,0,0.0,0,0.0,0,0.0,0,2303.2,6,0.0,0,0.0,0,0.0,0,0.0,0
2012-10-16T09:15:54.000,2303,5289,2302.8,57,0.0,0,0.0,0,0.0,0,0.0,0,2303,48,0.0,0,0.0,0,0.0,0,0.0,0
2012-10-16T09:15:54.500,2303,5328,2302.8,50,0.0,0,0.0,0,0.0,0,0.0,0,2303,22,0.0,0,0.0,0,0.0,0,0.0,0
2012-10-16T09:15:55.000,2302.8,5345,2302.8,42,0.0,0,0.0,0,0.0,0,0.0,0,2303,15,0.0,0,0.0,0,0.0,0,0.0,0
2012-10-16T09:15:55.500,2302.8,5360,2302.8,35,0.0,0,0.0,0,0.0,0,0.0,0,2303,11,0.0,0,0.0,0,0.0,0,0.0,0
2012-10-16T09:15:56.000,2303,5454,2303,17,0.0,0,0.0,0,0.0,0,0.0,0,2303.2,8,0.0,0,0.0,0,0.0,0,0.0,0
2012-10-16T09:15:56.500,2303.4,5485,2303.4,1,0.0,0,0.0,0,0.0,0,0.0,0,2303.6,5,0.0,0,0.0,0,0.0,0,0.0,0
2012-10-16T09:15:57.000,2303,5513,2303,19,0.0,0,0.0,0,0.0,0,0.0,0,2303.4,1,0.0,0,0.0,0,0.0,0,0.0,0
2012-10-16T09:15:57.500,2303.4,5533,2303.2,17,0.0,0,0.0,0,0.0,0,0.0,0,2303.4,16,0.0,0,0.0,0,0.0,0,0.0,0
2012-10-16T09:15:58.000,2302.8,5578,2302.4,5,0.0,0,0.0,0,0.0,0,0.0,0,2302.6,1,0.0,0,0.0,0,0.0,0,0.0,0
2012-10-16T09:15:58.500,2302.6,5587,2302.6,3,0.0,0,0.0,0,0.0,0,0.0,0,2302.8,59,0.0,0,0.0,0,0.0,0,0.0,0
2012-10-16T09:15:59.000,2302.6,5603,2302.4,6,0.0,0,0.0,0,0.0,0,0.0,0,2302.6,84,0.0,0,0.0,0,0.0,0,0.0,0
2012-10-16T09:15:59.500,2302.2,5654,2302,10,0.0,0,0.0,0,0.0,0,0.0,0,2302.2,12,0.0,0,0.0,0,0.0,0,0.0,0
2012-10-16T09:16:00.000,2302.2,5697,2301.8,40,0.0,0,0.0,0,0.0,0,0.0,0,2302,13,0.0,0,0.0,0,0.0,0,0.0,0
2012-10-16T09:16:00.500,2301.8,5740,2302,1,0.0,0,0.0,0,0.0,0,0.0,0,2302.2,40,0.0,0,0.0,0,0.0,0,0.0,0
2012-10-16T09:16:01.000,2302.2,5817,2302.2,1,0.0,0,0.0,0,0.0,0,0.0,0,2302.4,9,0.0,0,0.0,0,0.0,0,0.0,0
2012-10-16T09:16:01.500,2302.4,5876,2302.4,8,0.0,0,0.0,0,0.0,0,0.0,0,2302.6,18,0.0,0,0.0,0,0.0,0,0.0,0
2012-10-16T09:16:02.000,2302.6,5934,2302.6,1,0.0,0,0.0,0,0.0,0,0.0,0,2302.8,44,0.0,0,0.0,0,0.0,0,0.0,0
2012-10-16T09:16:02.500,2302.8,5970,2302.4,10,0.0,0,0.0,0,0.0,0,0.0,0,2302.8,21,0.0,0,0.0,0,0.0,0,0.0,0
2012-10-16T09:16:03.000,2302.6,5984,2302.4,26,0.0,0,0.0,0,0.0,0,0.0,0,2302.6,6,0.0,0,0.0,0,0.0,0,0.0,0
2012-10-16T09:16:03.500,2302.4,6011,2302.6,1,0.0,0,0.0,0,0.0,0,0.0,0,2302.8,9,0.0,0,0.0,0,0.0,0,0.0,0
2012-10-16T09:16:04.000,2302.8,6017,2302.6,8,0.0,0,0.0,0,0.0,0,0.0,0,2302.8,15,0.0,0,0.0,0,0.0,0,0.0,0
2012-10-16T09:16:04.500,2302.6,6033,2302.6,3,0.0,0,0.0,0,0.0,0,0.0,0,2302.8,16,0.0,0,0.0,0,0.0,0,0.0,0
2012-10-16T09:16:05.000,2302.8,6045,2302.6,11,0.0,0,0.0,0,0.0,0,0.0,0,2302.8,5,0.0,0,0.0,0,0.0,0,0.0,0
2012-10-16T09:16:05.500,2302.8,6058,2302.8,18,0.0,0,0.0,0,0.0,0,0.0,0,2303,41,0.0,0,0.0,0,0.0,0,0.0,0
2012-10-16T09:16:06.000,2303,6064,2302.8,22,0.0,0,0.0,0,0.0,0,0.0,0,2303,36,0.0,0,0.0,0,0.0,0,0.0,0
2012-10-16T09:16:06.500,2302.8,6077,2302.8,26,0.0,0,0.0,0,0.0,0,0.0,0,2303,27,0.0,0,0.0,0,0.0,0,0.0,0
2012-10-16T09:16:07.000,2303,6108,2303,8,0.0,0,0.0,0,0.0,0,0.0,0,2303.2,14,0.0,0,0.0,0,0.0,0,0.0,0
2012-10-16T09:16:07.500,2303.2,6160,2303,101,0.0,0,0.0,0,0.0,0,0.0,0,2303.2,8,0.0,0,0.0,0,0.0,0,0.0,0
2012-10-16T09:16:08.000,2303.2,6189,2303.2,10,0.0,0,0.0,0,0.0,0,0.0,0,2303.4,24,0.0,0,0.0,0,0.0,0,0.0,0
2012-10-16T09:16:08.500,2303.4,6212,2303.2,35,0.0,0,0.0,0,0.0,0,0.0,0,2303.4,1,0.0,0,0.0,0,0.0,0,0.0,0
2012-10-16T09:16:09.000,2303.4,6261,2303.4,1,0.0,0,0.0,0,0.0,0,0.0,0,2303.6,5,0.0,0,0.0,0,0.0,0,0.0,0
2012-10-16T09:16:09.500,2303.6,6274,2303.4,9,0.0,0,0.0,0,0.0,0,0.0,0,2303.6,1,0.0,0,0.0,0,0.0,0,0.0,0
2012-10-16T09:16:10.000,2303.6,6278,2303.4,11,0.0,0,0.0,0,0.0,0,0.0,0,2303.6,19,0.0,0,0.0,0,0.0,0,0.0,0
2012-10-16T09:16:10.500,2303.4,6302,2303.2,40,0.0,0,0.0,0,0.0,0,0.0,0,2303.4,52,0.0,0,0.0,0,0.0,0,0.0,0
2012-10-16T09:16:11.000,2303.2,6338,2303.2,34,0.0,0,0.0,0,0.0,0,0.0,0,2303.4,34,0.0,0,0.0,0,0.0,0,0.0,0
2012-10-16T09:16:11.500,2303.4,6369,2303.2,25,0.0,0,0.0,0,0.0,0,0.0,0,2303.4,30,0.0,0,0.0,0,0.0,0,0.0,0
2012-10-16T09:16:12.000,2303,6413,2303,118,0.0,0,0.0,0,0.0,0,0.0,0,2303.2,13,0.0,0,0.0,0,0.0,0,0.0,0
2012-10-16T09:16:12.500,2303.2,6428,2303,110,0.0,0,0.0,0,0.0,0,0.0,0,2303.2,7,0.0,0,0.0,0,0.0,0,0.0,0
2012-10-16T09:16:13.000,2303.2,6476,2303.2,13,0.0,0,0.0,0,0.0,0,0.0,0,2303.4,15,0.0,0,0.0,0,0.0,0,0.0,0
2012-10-16T09:16:13.500,2303.2,6487,2303.2,12,0.0,0,0.0,0,0.0,0,0.0,0,2303.4,22,0.0,0,0.0,0,0.0,0,0.0,0
2012-10-16T09:16:14.000,2303.2,6494,2303.2,22,0.0,0,0.0,0,0.0,0,0.0,0,2303.4,21,0.0,0,0.0,0,0.0,0,0.0,0
2012-10-16T09:16:14.500,2303.4,6503,2303.2,19,0.0,0,0.0,0,0.0,0,0.0,0,2303.4,33,0.0,0,0.0,0,0.0,0,0.0,0
2012-10-16T09:16:15.000,2303.4,6513,2303.2,15,0.0,0,0.0,0,0.0,0,0.0,0,2303.4,28,0.0,0,0.0,0,0.0,0,0.0,0
2012-10-16T09:16:15.500,2303.4,6522,2303.2,14,0.0,0,0.0,0,0.0,0,0.0,0,2303.4,22,0.0,0,0.0,0,0.0,0,0.0,0
2012-10-16T09:16:16.000,2303.4,6539,2303.2,6,0.0,0,0.0,0,0.0,0,0.0,0,2303.4,19,0.0,0,0.0,0,0.0,0,0.0,0
2012-10-16T09:16:16.500,2303.4,6547,2303.2,2,0.0,0,0.0,0,0.0,0,0.0,0,2303.4,15,0.0,0,0.0,0,0.0,0,0.0,0
2012-10-16T09:16:17.000,2303.2,6552,2303,102,0.0,0,0.0,0,0.0,0,0.0,0,2303.2,4,0.0,0,0.0,0,0.0,0,0.0,0
2012-10-16T09:16:17.500,2303.2,6560,2303,97,0.0,0,0.0,0,0.0,0,0.0,0,2303.2,1,0.0,0,0.0,0,0.0,0,0.0,0
2012-10-16T09:16:18.000,2303.4,6661,2303,6,0.0,0,0.0,0,0.0,0,0.0,0,2303.4,16,0.0,0,0.0,0,0.0,0,0.0,0
2012-10-16T09:16:18.500,2303.2,6671,2303,6,0.0,0,0.0,0,0.0,0,0.0,0,2303.2,28,0.0,0,0.0,0,0.0,0,0.0,0
2012-10-16T09:16:19.000,2302.8,6693,2302.6,35,0.0,0,0.0,0,0.0,0,0.0,0,2302.8,12,0.0,0,0.0,0,0.0,0,0.0,0
2012-10-16T09:16:19.500,2303,6733,2302.6,21,0.0,0,0.0,0,0.0,0,0.0,0,2303,48,0.0,0,0.0,0,0.0,0,0.0,0
2012-10-16T09:16:20.000,2302.8,6740,2302.6,27,0.0,0,0.0,0,0.0,0,0.0,0,2302.8,8,0.0,0,0.0,0,0.0,0,0.0,0
2012-10-16T09:16:20.500,2302.6,6755,2302.6,17,0.0,0,0.0,0,0.0,0,0.0,0,2302.8,6,0.0,0,0.0,0,0.0,0,0.0,0
2012-10-16T09:16:21.000,2302.6,6762,2302.6,12,0.0,0,0.0,0,0.0,0,0.0,0,2302.8,5,0.0,0,0.0,0,0.0,0,0.0,0
2012-10-16T09:16:21.500,2302.6,6764,2302.6,10,0.0,0,0.0,0,0.0,0,0.0,0,2302.8,6,0.0,0,0.0,0,0.0,0,0.0,0
2012-10-16T09:16:22.000,2302.8,6769,2302.6,11,0.0,0,0.0,0,0.0,0,0.0,0,2302.8,2,0.0,0,0.0,0,0.0,0,0.0,0
2012-10-16T09:16:22.500,2302.4,6788,2302.4,1,0.0,0,0.0,0,0.0,0,0.0,0,2302.6,30,0.0,0,0.0,0,0.0,0,0.0,0
2012-10-16T09:16:23.000,2302.6,6814,2302.4,1,0.0,0,0.0,0,0.0,0,0.0,0,2302.6,10,0.0,0,0.0,0,0.0,0,0.0,0
2012-10-16T09:16:23.500,2302.4,6818,2302.2,7,0.0,0,0.0,0,0.0,0,0.0,0,2302.4,2,0.0,0,0.0,0,0.0,0,0.0,0
2012-10-16T09:16:24.000,2302.2,6827,2302.4,1,0.0,0,0.0,0,0.0,0,0.0,0,2302.6,7,0.0,0,0.0,0,0.0,0,0.0,0
2012-10-16T09:16:24.500,2302.6,6831,2302.4,2,0.0,0,0.0,0,0.0,0,0.0,0,2302.6,6,0.0,0,0.0,0,0.0,0,0.0,0
2012-10-16T09:16:25.000,2302.6,6836,2302.4,1,0.0,0,0.0,0,0.0,0,0.0,0,2302.6,8,0.0,0,0.0,0,0.0,0,0.0,0
2012-10-16T09:16:25.500,2302.4,6845,2302.4,12,0.0,0,0.0,0,0.0,0,0.0,0,2302.6,5,0.0,0,0.0,0,0.0,0,0.0,0
2012-10-16T09:16:26.000,2302.4,6853,2302.4,9,0.0,0,0.0,0,0.0,0,0.0,0,2302.6,1,0.0,0,0.0,0,0.0,0,0.0,0
2012-10-16T09:16:26.500,2302.8,6857,2302.6,4,0.0,0,0.0,0,0.0,0,0.0,0,2303,21,0.0,0,0.0,0,0.0,0,0.0,0
2012-10-16T09:16:27.000,2302.2,6904,2302,35,0.0,0,0.0,0,0.0,0,0.0,0,2302.2,15,0.0,0,0.0,0,0.0,0,0.0,0
2012-10-16T09:16:27.500,2302.2,6952,2302.2,5,0.0,0,0.0,0,0.0,0,0.0,0,2302.4,6,0.0,0,0.0,0,0.0,0,0.0,0
2012-10-16T09:16:28.000,2302.4,6955,2302.2,2,0.0,0,0.0,0,0.0,0,0.0,0,2302.4,4,0.0,0,0.0,0,0.0,0,0.0,0
2012-10-16T09:16:28.500,2302.4,6962,2302.4,4,0.0,0,0.0,0,0.0,0,0.0,0,2302.6,9,0.0,0,0.0,0,0.0,0,0.0,0
2012-10-16T09:16:29.000,2302.4,6966,2302.4,1,0.0,0,0.0,0,0.0,0,0.0,0,2302.6,10,0.0,0,0.0,0,0.0,0,0.0,0
2012-10-16T09:16:29.500,2302.4,6970,2302.2,4,0.0,0,0.0,0,0.0,0,0.0,0,2302.4,4,0.0,0,0.0,0,0.0,0,0.0,0
2012-10-16T09:16:30.000,2302.4,6976,2302.2,4,0.0,0,0.0,0,0.0,0,0.0,0,2302.6,19,0.0,0,0.0,0,0.0,0,0.0,0
2012-10-16T09:16:30.500,2302.4,6986,2302.2,3,0.0,0,0.0,0,0.0,0,0.0,0,2302.4,7,0.0,0,0.0,0,0.0,0,0.0,0
2012-10-16T09:16:31.000,2302.4,6994,2302.2,3,0.0,0,0.0,0,0.0,0,0.0,0,2302.4,1,0.0,0,0.0,0,0.0,0,0.0,0
2012-10-16T09:16:31.500,2302.6,7007,2302.4,18,0.0,0,0.0,0,0.0,0,0.0,0,2302.6,10,0.0,0,0.0,0,0.0,0,0.0,0
2012-10-16T09:16:32.000,2302.2,7030,2302,65,0.0,0,0.0,0,0.0,0,0.0,0,2302.2,1,0.0,0,0.0,0,0.0,0,0.0,0
2012-10-16T09:16:32.500,2302.4,7037,2302.2,30,0.0,0,0.0,0,0.0,0,0.0,0,2302.4,2,0.0,0,0.0,0,0.0,0,0.0,0
2012-10-16T09:16:33.000,2302.2,7054,2302.4,6,0.0,0,0.0,0,0.0,0,0.0,0,2302.6,10,0.0,0,0.0,0,0.0,0,0.0,0
2012-10-16T09:16:33.500,2302.4,7059,2302.4,6,0.0,0,0.0,0,0.0,0,0.0,0,2302.6,10,0.0,0,0.0,0,0.0,0,0.0,0
2012-10-16T09:16:34.000,2302.4,7072,2302.2,22,0.0,0,0.0,0,0.0,0,0.0,0,2302.4,58,0.0,0,0.0,0,0.0,0,0.0,0
2012-10-16T09:16:34.500,2302.2,7087,2302.2,22,0.0,0,0.0,0,0.0,0,0.0,0,2302.4,55,0.0,0,0.0,0,0.0,0,0.0,0
2012-10-16T09:16:35.000,2302.2,7110,2302,66,0.0,0,0.0,0,0.0,0,0.0,0,2302.2,4,0.0,0,0.0,0,0.0,0,0.0,0
2012-10-16T09:16:35.500,2302.2,7123,2302.2,1,0.0,0,0.0,0,0.0,0,0.0,0,2302.4,56,0.0,0,0.0,0,0.0,0,0.0,0
2012-10-16T09:16:36.000,2302.2,7128,2302,65,0.0,0,0.0,0,0.0,0,0.0,0,2302.4,57,0.0,0,0.0,0,0.0,0,0.0,0
2012-10-16T09:16:36.500,2302.2,7137,2302,64,0.0,0,0.0,0,0.0,0,0.0,0,2302.2,1,0.0,0,0.0,0,0.0,0,0.0,0
2012-10-16T09:16:37.000,2302.2,7153,2302.2,18,0.0,0,0.0,0,0.0,0,0.0,0,2302.4,43,0.0,0,0.0,0,0.0,0,0.0,0
2012-10-16T09:16:37.500,2302.2,7162,2302.2,17,0.0,0,0.0,0,0.0,0,0.0,0,2302.4,41,0.0,0,0.0,0,0.0,0,0.0,0
2012-10-16T09:16:38.000,2302.4,7171,2302.2,20,0.0,0,0.0,0,0.0,0,0.0,0,2302.4,36,0.0,0,0.0,0,0.0,0,0.0,0
2012-10-16T09:16:38.500,2302.4,7206,2302.2,12,0.0,0,0.0,0,0.0,0,0.0,0,2302.4,17,0.0,0,0.0,0,0.0,0,0.0,0
2012-10-16T09:16:39.000,2302.2,7231,2302.4,12,0.0,0,0.0,0,0.0,0,0.0,0,2302.6,8,0.0,0,0.0,0,0.0,0,0.0,0
2012-10-16T09:16:39.500,2302.6,7243,2302.6,9,0.0,0,0.0,0,0.0,0,0.0,0,2302.8,7,0.0,0,0.0,0,0.0,0,0.0,0
2012-10-16T09:16:40.000,2302.4,7289,2302.2,15,0.0,0,0.0,0,0.0,0,0.0,0,2302.4,19,0.0,0,0.0,0,0.0,0,0.0,0
2012-10-16T09:16:40.500,2302.4,7293,2302.2,22,0.0,0,0.0,0,0.0,0,0.0,0,2302.4,15,0.0,0,0.0,0,0.0,0,0.0,0
2012-10-16T09:16:41.000,2302.2,7298,2302.2,32,0.0,0,0.0,0,0.0,0,0.0,0,2302.4,14,0.0,0,0.0,0,0.0,0,0.0,0
2012-10-16T09:16:41.500,2302.4,7304,2302.2,39,0.0,0,0.0,0,0.0,0,0.0,0,2302.4,10,0.0,0,0.0,0,0.0,0,0.0,0
2012-10-16T09:16:42.000,2302.4,7354,2302.2,35,0.0,0,0.0,0,0.0,0,0.0,0,2302.4,10,0.0,0,0.0,0,0.0,0,0.0,0
2012-10-16T09:16:42.500,2302.2,7363,2302.2,33,0.0,0,0.0,0,0.0,0,0.0,0,2302.4,9,0.0,0,0.0,0,0.0,0,0.0,0
2012-10-16T09:16:43.000,2302.6,7389,2302.4,7,0.0,0,0.0,0,0.0,0,0.0,0,2302.6,9,0.0,0,0.0,0,0.0,0,0.0,0
2012-10-16T09:16:43.500,2302.4,7396,2302.4,39,0.0,0,0.0,0,0.0,0,0.0,0,2302.6,8,0.0,0,0.0,0,0.0,0,0.0,0
2012-10-16T09:16:44.000,2302.6,7412,2302.4,46,0.0,0,0.0,0,0.0,0,0.0,0,2302.6,16,0.0,0,0.0,0,0.0,0,0.0,0
2012-10-16T09:16:44.500,2302.6,7422,2302.4,46,0.0,0,0.0,0,0.0,0,0.0,0,2302.6,6,0.0,0,0.0,0,0.0,0,0.0,0
2012-10-16T09:16:45.000,2302.6,7433,2302.6,8,0.0,0,0.0,0,0.0,0,0.0,0,2302.8,17,0.0,0,0.0,0,0.0,0,0.0,0
2012-10-16T09:16:45.500,2302.6,7442,2302.6,1,0.0,0,0.0,0,0.0,0,0.0,0,2302.8,16,0.0,0,0.0,0,0.0,0,0.0,0
2012-10-16T09:16:46.000,2302.6,7449,2302.6,11,0.0,0,0.0,0,0.0,0,0.0,0,2302.8,12,0.0,0,0.0,0,0.0,0,0.0,0
2012-10-16T09:16:46.500,2302.8,7452,2302.6,13,0.0,0,0.0,0,0.0,0,0.0,0,2302.8,12,0.0,0,0.0,0,0.0,0,0.0,0
2012-10-16T09:16:47.000,2302.8,7475,2302.6,11,0.0,0,0.0,0,0.0,0,0.0,0,2302.8,3,0.0,0,0.0,0,0.0,0,0.0,0
2012-10-16T09:16:47.500,2303,7530,2302.8,7,0.0,0,0.0,0,0.0,0,0.0,0,2303,28,0.0,0,0.0,0,0.0,0,0.0,0
2012-10-16T09:16:48.000,2303,7546,2302.4,1,0.0,0,0.0,0,0.0,0,0.0,0,2303,29,0.0,0,0.0,0,0.0,0,0.0,0
2012-10-16T09:16:48.500,2302.8,7551,2302.4,4,0.0,0,0.0,0,0.0,0,0.0,0,2302.8,15,0.0,0,0.0,0,0.0,0,0.0,0
2012-10-16T09:16:49.000,2302.8,7554,2302.6,21,0.0,0,0.0,0,0.0,0,0.0,0,2302.8,17,0.0,0,0.0,0,0.0,0,0.0,0
2012-10-16T09:16:49.500,2302.8,7563,2302.6,23,0.0,0,0.0,0,0.0,0,0.0,0,2302.8,4,0.0,0,0.0,0,0.0,0,0.0,0
2012-10-16T09:16:50.000,2302.8,7566,2302.6,23,0.0,0,0.0,0,0.0,0,0.0,0,2302.8,2,0.0,0,0.0,0,0.0,0,0.0,0
2012-10-16T09:16:50.500,2303,7570,2302.6,24,0.0,0,0.0,0,0.0,0,0.0,0,2303,24,0.0,0,0.0,0,0.0,0,0.0,0
2012-10-16T09:16:51.000,2303,7571,2302.8,3,0.0,0,0.0,0,0.0,0,0.0,0,2303,23,0.0,0,0.0,0,0.0,0,0.0,0
2012-10-16T09:16:51.500,2303,7587,2302.8,6,0.0,0,0.0,0,0.0,0,0.0,0,2303,7,0.0,0,0.0,0,0.0,0,0.0,0
2012-10-16T09:16:52.000,2303,7592,2302.8,9,0.0,0,0.0,0,0.0,0,0.0,0,2303,5,0.0,0,0.0,0,0.0,0,0.0,0
2012-10-16T09:16:52.500,2303,7597,2303,4,0.0,0,0.0,0,0.0,0,0.0,0,2303.2,15,0.0,0,0.0,0,0.0,0,0.0,0
2012-10-16T09:16:53.000,2303,7602,2302.8,20,0.0,0,0.0,0,0.0,0,0.0,0,2303,1,0.0,0,0.0,0,0.0,0,0.0,0
2012-10-16T09:16:53.500,2303,7607,2302.8,21,0.0,0,0.0,0,0.0,0,0.0,0,2303.2,14,0.0,0,0.0,0,0.0,0,0.0,0
2012-10-16T09:16:54.000,2303.2,7610,2303,2,0.0,0,0.0,0,0.0,0,0.0,0,2303.2,11,0.0,0,0.0,0,0.0,0,0.0,0
2012-10-16T09:16:54.500,2303.2,7616,2303,2,0.0,0,0.0,0,0.0,0,0.0,0,2303.2,5,0.0,0,0.0,0,0.0,0,0.0,0
2012-10-16T09:16:55.000,2303,7619,2302.8,23,0.0,0,0.0,0,0.0,0,0.0,0,2303,1,0.0,0,0.0,0,0.0,0,0.0,0
2012-10-16T09:16:55.500,2303,7631,2302.8,23,0.0,0,0.0,0,0.0,0,0.0,0,2303,30,0.0,0,0.0,0,0.0,0,0.0,0
2012-10-16T09:16:56.000,2303,7640,2302.8,10,0.0,0,0.0,0,0.0,0,0.0,0,2303,24,0.0,0,0.0,0,0.0,0,0.0,0
2012-10-16T09:16:56.500,2302.8,7661,2302.6,27,0.0,0,0.0,0,0.0,0,0.0,0,2302.8,8,0.0,0,0.0,0,0.0,0,0.0,0
2012-10-16T09:16:57.000,2302.8,7667,2302.6,30,0.0,0,0.0,0,0.0,0,0.0,0,2302.8,10,0.0,0,0.0,0,0.0,0,0.0,0
2012-10-16T09:16:57.500,2302.6,7669,2302.6,28,0.0,0,0.0,0,0.0,0,0.0,0,2302.8,13,0.0,0,0.0,0,0.0,0,0.0,0
2012-10-16T09:16:58.000,2302.8,7676,2302.6,30,0.0,0,0.0,0,0.0,0,0.0,0,2302.8,7,0.0,0,0.0,0,0.0,0,0.0,0
2012-10-16T09:16:58.500,2302.8,7679,2302.6,29,0.0,0,0.0,0,0.0,0,0.0,0,2302.8,6,0.0,0,0.0,0,0.0,0,0.0,0
2012-10-16T09:16:59.000,2302.8,7681,2302.6,29,0.0,0,0.0,0,0.0,0,0.0,0,2302.8,6,0.0,0,0.0,0,0.0,0,0.0,0
2012-10-16T09:16:59.500,2302.6,7719,2302.8,1,0.0,0,0.0,0,0.0,0,0.0,0,2303,43,0.0,0,0.0,0,0.0,0,0.0,0
2012-10-16T09:17:00.000,2302.8,7721,2302.8,2,0.0,0,0.0,0,0.0,0,0.0,0,2303,44,0.0,0,0.0,0,0.0,0,0.0,0
2012-10-16T09:17:00.500,2302.8,7726,2302.8,1,0.0,0,0.0,0,0.0,0,0.0,0,2303,42,0.0,0,0.0,0,0.0,0,0.0,0
2012-10-16T09:17:01.000,2303.2,7775,2303,6,0.0,0,0.0,0,0.0,0,0.0,0,2303.2,8,0.0,0,0.0,0,0.0,0,0.0,0
2012-10-16T09:17:01.500,2303.2,7784,2303.2,17,0.0,0,0.0,0,0.0,0,0.0,0,2303.4,13,0.0,0,0.0,0,0.0,0,0.0,0
2012-10-16T09:17:02.000,2303.4,7799,2303.4,4,0.0,0,0.0,0,0.0,0,0.0,0,2303.6,9,0.0,0,0.0,0,0.0,0,0.0,0
2012-10-16T09:17:02.500,2303.6,7802,2303.4,4,0.0,0,0.0,0,0.0,0,0.0,0,2303.6,8,0.0,0,0.0,0,0.0,0,0.0,0
2012-10-16T09:17:03.000,2303.6,7811,2303.6,1,0.0,0,0.0,0,0.0,0,0.0,0,2303.8,33,0.0,0,0.0,0,0.0,0,0.0,0
2012-10-16T09:17:03.500,2303.6,7838,2303.2,8,0.0,0,0.0,0,0.0,0,0.0,0,2303.6,7,0.0,0,0.0,0,0.0,0,0.0,0
2012-10-16T09:17:04.000,2303,7856,2302.8,5,0.0,0,0.0,0,0.0,0,0.0,0,2303.6,17,0.0,0,0.0,0,0.0,0,0.0,0
2012-10-16T09:17:04.500,2303,7865,2303,94,0.0,0,0.0,0,0.0,0,0.0,0,2303.2,2,0.0,0,0.0,0,0.0,0,0.0,0
2012-10-16T09:17:05.000,2303.6,7916,2303.6,2,0.0,0,0.0,0,0.0,0,0.0,0,2303.8,46,0.0,0,0.0,0,0.0,0,0.0,0
2012-10-16T09:17:05.500,2303.6,7946,2303.6,7,0.0,0,0.0,0,0.0,0,0.0,0,2303.8,20,0.0,0,0.0,0,0.0,0,0.0,0
2012-10-16T09:17:06.000,2303.6,7955,2303.2,10,0.0,0,0.0,0,0.0,0,0.0,0,2303.6,1,0.0,0,0.0,0,0.0,0,0.0,0
2012-10-16T09:17:06.500,2303.2,7983,2303,94,0.0,0,0.0,0,0.0,0,0.0,0,2303.2,29,0.0,0,0.0,0,0.0,0,0.0,0
2012-10-16T09:17:07.000,2303.2,7995,2303,95,0.0,0,0.0,0,0.0,0,0.0,0,2303.2,17,0.0,0,0.0,0,0.0,0,0.0,0
2012-10-16T09:17:07.500,2303.2,8001,2303,101,0.0,0,0.0,0,0.0,0,0.0,0,2303.2,15,0.0,0,0.0,0,0.0,0,0.0,0
2012-10-16T09:17:08.000,2303,8010,2303,95,0.0,0,0.0,0,0.0,0,0.0,0,2303.2,12,0.0,0,0.0,0,0.0,0,0.0,0
2012-10-16T09:17:08.500,2303.2,8013,2303,95,0.0,0,0.0,0,0.0,0,0.0,0,2303.2,13,0.0,0,0.0,0,0.0,0,0.0,0
2012-10-16T09:17:09.000,2303.2,8031,2303.2,22,0.0,0,0.0,0,0.0,0,0.0,0,2303.4,3,0.0,0,0.0,0,0.0,0,0.0,0
2012-10-16T09:17:09.500,2303,8131,2303.2,3,0.0,0,0.0,0,0.0,0,0.0,0,2303.4,3,0.0,0,0.0,0,0.0,0,0.0,0
2012-10-16T09:17:10.000,2303.2,8132,2303.2,5,0.0,0,0.0,0,0.0,0,0.0,0,2303.4,10,0.0,0,0.0,0,0.0,0,0.0,0
2012-10-16T09:17:10.500,2303.2,8140,2303,19,0.0,0,0.0,0,0.0,0,0.0,0,2303.2,35,0.0,0,0.0,0,0.0,0,0.0,0
2012-10-16T09:17:11.000,2303.2,8172,2303,4,0.0,0,0.0,0,0.0,0,0.0,0,2303.2,31,0.0,0,0.0,0,0.0,0,0.0,0
2012-10-16T09:17:11.500,2303,8185,2302.8,16,0.0,0,0.0,0,0.0,0,0.0,0,2303,17,0.0,0,0.0,0,0.0,0,0.0,0
2012-10-16T09:17:12.000,2303,8193,2302.8,16,0.0,0,0.0,0,0.0,0,0.0,0,2303,43,0.0,0,0.0,0,0.0,0,0.0,0
2012-10-16T09:17:12.500,2303,8206,2302.8,5,0.0,0,0.0,0,0.0,0,0.0,0,2303,44,0.0,0,0.0,0,0.0,0,0.0,0
2012-10-16T09:17:13.000,2302.8,8212,2302.6,4,0.0,0,0.0,0,0.0,0,0.0,0,2302.8,2,0.0,0,0.0,0,0.0,0,0.0,0
2012-10-16T09:17:13.500,2303,8235,2302.8,10,0.0,0,0.0,0,0.0,0,0.0,0,2303,16,0.0,0,0.0,0,0.0,0,0.0,0
2012-10-16T09:17:14.000,2303,8246,2302.8,3,0.0,0,0.0,0,0.0,0,0.0,0,2303,14,0.0,0,0.0,0,0.0,0,0.0,0
2012-10-16T09:17:14.500,2303,8250,2302.8,4,0.0,0,0.0,0,0.0,0,0.0,0,2303,14,0.0,0,0.0,0,0.0,0,0.0,0
2012-10-16T09:17:15.000,2302.6,8263,2302.6,6,0.0,0,0.0,0,0.0,0,0.0,0,2303,14,0.0,0,0.0,0,0.0,0,0.0,0
2012-10-16T09:17:15.500,2303,8278,2302.8,1,0.0,0,0.0,0,0.0,0,0.0,0,2303.2,30,0.0,0,0.0,0,0.0,0,0.0,0
2012-10-16T09:17:16.000,2302.6,8285,2303,3,0.0,0,0.0,0,0.0,0,0.0,0,2303.2,30,0.0,0,0.0,0,0.0,0,0.0,0
2012-10-16T09:17:16.500,2303.2,8345,2302.8,2,0.0,0,0.0,0,0.0,0,0.0,0,2303,1,0.0,0,0.0,0,0.0,0,0.0,0
2012-10-16T09:17:17.000,2303.4,8348,2303.2,1,0.0,0,0.0,0,0.0,0,0.0,0,2303.4,4,0.0,0,0.0,0,0.0,0,0.0,0
2012-10-16T09:17:17.500,2303.4,8352,2303.4,1,0.0,0,0.0,0,0.0,0,0.0,0,2303.6,6,0.0,0,0.0,0,0.0,0,0.0,0
2012-10-16T09:17:18.000,2303,8358,2303,9,0.0,0,0.0,0,0.0,0,0.0,0,2303.6,5,0.0,0,0.0,0,0.0,0,0.0,0
2012-10-16T09:17:18.500,2303,8365,2303.2,14,0.0,0,0.0,0,0.0,0,0.0,0,2303.6,6,0.0,0,0.0,0,0.0,0,0.0,0
2012-10-16T09:17:19.000,2303.6,8367,2303.2,13,0.0,0,0.0,0,0.0,0,0.0,0,2303.4,101,0.0,0,0.0,0,0.0,0,0.0,0
2012-10-16T09:17:19.500,2303,8397,2303,2,0.0,0,0.0,0,0.0,0,0.0,0,2303.2,23,0.0,0,0.0,0,0.0,0,0.0,0
2012-10-16T09:17:20.000,2303,8407,2302.8,3,0.0,0,0.0,0,0.0,0,0.0,0,2303,17,0.0,0,0.0,0,0.0,0,0.0,0
2012-10-16T09:17:20.500,2303.2,8442,2303.2,1,0.0,0,0.0,0,0.0,0,0.0,0,2303.4,102,0.0,0,0.0,0,0.0,0,0.0,0
2012-10-16T09:17:21.250,2303,8445,2303,5,0.0,0,0.0,0,0.0,0,0.0,0,2303.4,103,0.0,0,0.0,0,0.0,0,0.0,0
2012-10-16T09:17:22.000,2303,8459,2302.8,2,0.0,0,0.0,0,0.0,0,0.0,0,2303,15,0.0,0,0.0,0,0.0,0,0.0,0
2012-10-16T09:17:22.500,2302.8,8470,2302.6,8,0.0,0,0.0,0,0.0,0,0.0,0,2302.8,3,0.0,0,0.0,0,0.0,0,0.0,0
2012-10-16T09:17:23.000,2303,8480,2302.6,6,0.0,0,0.0,0,0.0,0,0.0,0,2303,12,0.0,0,0.0,0,0.0,0,0.0,0
2012-10-16T09:17:23.500,2302.8,8486,2302.6,10,0.0,0,0.0,0,0.0,0,0.0,0,2302.8,2,0.0,0,0.0,0,0.0,0,0.0,0
2012-10-16T09:17:24.000,2302.6,8504,2302.8,1,0.0,0,0.0,0,0.0,0,0.0,0,2303.2,17,0.0,0,0.0,0,0.0,0,0.0,0
2012-10-16T09:17:24.500,2302.6,8508,2302.6,7,0.0,0,0.0,0,0.0,0,0.0,0,2302.8,1,0.0,0,0.0,0,0.0,0,0.0,0
2012-10-16T09:17:25.000,2302.6,8516,2302.6,7,0.0,0,0.0,0,0.0,0,0.0,0,2302.8,1,0.0,0,0.0,0,0.0,0,0.0,0
2012-10-16T09:17:25.500,2302.8,8518,2302.8,1,0.0,0,0.0,0,0.0,0,0.0,0,2303,1,0.0,0,0.0,0,0.0,0,0.0,0
2012-10-16T09:17:26.000,2303,8524,2302.6,8,0.0,0,0.0,0,0.0,0,0.0,0,2303,5,0.0,0,0.0,0,0.0,0,0.0,0
2012-10-16T09:17:26.500,2302.6,8534,2302.6,8,0.0,0,0.0,0,0.0,0,0.0,0,2303.2,12,0.0,0,0.0,0,0.0,0,0.0,0
2012-10-16T09:17:27.000,2302.6,8535,2302.6,8,0.0,0,0.0,0,0.0,0,0.0,0,2302.8,1,0.0,0,0.0,0,0.0,0,0.0,0
2012-10-16T09:17:27.500,2303,8540,2302.8,11,0.0,0,0.0,0,0.0,0,0.0,0,2303,4,0.0,0,0.0,0,0.0,0,0.0,0
2012-10-16T09:17:28.000,2302.8,8548,2302.8,10,0.0,0,0.0,0,0.0,0,0.0,0,2303,2,0.0,0,0.0,0,0.0,0,0.0,0
2012-10-16T09:17:28.500,2303,8552,2303,5,0.0,0,0.0,0,0.0,0,0.0,0,2303.2,13,0.0,0,0.0,0,0.0,0,0.0,0
2012-10-16T09:17:29.000,2303.2,8559,2303,5,0.0,0,0.0,0,0.0,0,0.0,0,2303.2,8,0.0,0,0.0,0,0.0,0,0.0,0
2012-10-16T09:17:29.500,2303.2,8563,2303,1,0.0,0,0.0,0,0.0,0,0.0,0,2303.2,9,0.0,0,0.0,0,0.0,0,0.0,0
2012-10-16T09:17:30.000,2303,8565,2302.8,12,0.0,0,0.0,0,0.0,0,0.0,0,2303.2,9,0.0,0,0.0,0,0.0,0,0.0,0
2012-10-16T09:17:30.500,2302.8,8567,2302.8,14,0.0,0,0.0,0,0.0,0,0.0,0,2303,3,0.0,0,0.0,0,0.0,0,0.0,0
2012-10-16T09:17:31.000,2303.2,8571,2303,7,0.0,0,0.0,0,0.0,0,0.0,0,2303.2,8,0.0,0,0.0,0,0.0,0,0.0,0
2012-10-16T09:17:31.500,2303,8577,2303,1,0.0,0,0.0,0,0.0,0,0.0,0,2303.2,8,0.0,0,0.0,0,0.0,0,0.0,0
2012-10-16T09:17:32.000,2303,8578,2303,1,0.0,0,0.0,0,0.0,0,0.0,0,2303.2,12,0.0,0,0.0,0,0.0,0,0.0,0
2012-10-16T09:17:32.500,2303,8585,2303,1,0.0,0,0.0,0,0.0,0,0.0,0,2303.2,20,0.0,0,0.0,0,0.0,0,0.0,0
2012-10-16T09:17:33.250,2303.2,8590,2303,1,0.0,0,0.0,0,0.0,0,0.0,0,2303.2,16,0.0,0,0.0,0,0.0,0,0.0,0
2012-10-16T09:17:34.000,2303,8591,2302.8,26,0.0,0,0.0,0,0.0,0,0.0,0,2303,29,0.0,0,0.0,0,0.0,0,0.0,0
2012-10-16T09:17:34.500,2303,8595,2302.8,26,0.0,0,0.0,0,0.0,0,0.0,0,2303,31,0.0,0,0.0,0,0.0,0,0.0,0
2012-10-16T09:17:35.000,2303,8619,2302.8,6,0.0,0,0.0,0,0.0,0,0.0,0,2303,29,0.0,0,0.0,0,0.0,0,0.0,0
2012-10-16T09:17:35.500,2302.8,8621,2302.8,10,0.0,0,0.0,0,0.0,0,0.0,0,2303,29,0.0,0,0.0,0,0.0,0,0.0,0
2012-10-16T09:17:36.000,2302.8,8635,2302.6,12,0.0,0,0.0,0,0.0,0,0.0,0,2302.8,1,0.0,0,0.0,0,0.0,0,0.0,0
2012-10-16T09:17:36.500,2303,8640,2302.6,11,0.0,0,0.0,0,0.0,0,0.0,0,2303,25,0.0,0,0.0,0,0.0,0,0.0,0
2012-10-16T09:17:37.000,2302.8,8643,2302.6,11,0.0,0,0.0,0,0.0,0,0.0,0,2302.8,1,0.0,0,0.0,0,0.0,0,0.0,0
2012-10-16T09:17:37.500,2302.6,8647,2302.6,10,0.0,0,0.0,0,0.0,0,0.0,0,2303,24,0.0,0,0.0,0,0.0,0,0.0,0
2012-10-16T09:17:38.000,2302.8,8648,2302.6,10,0.0,0,0.0,0,0.0,0,0.0,0,2302.8,4,0.0,0,0.0,0,0.0,0,0.0,0
2012-10-16T09:17:38.500,2303,8654,2302.6,10,0.0,0,0.0,0,0.0,0,0.0,0,2303,119,0.0,0,0.0,0,0.0,0,0.0,0
2012-10-16T09:17:39.000,2302.6,8667,2302.4,9,0.0,0,0.0,0,0.0,0,0.0,0,2302.6,27,0.0,0,0.0,0,0.0,0,0.0,0
2012-10-16T09:17:39.500,2302.2,8701,2302.2,28,0.0,0,0.0,0,0.0,0,0.0,0,2302.4,6,0.0,0,0.0,0,0.0,0,0.0,0
2012-10-16T09:17:40.000,2302.2,8716,2302.2,17,0.0,0,0.0,0,0.0,0,0.0,0,2302.4,5,0.0,0,0.0,0,0.0,0,0.0,0
2012-10-16T09:17:40.500,2302,8770,2302,5,0.0,0,0.0,0,0.0,0,0.0,0,2302.2,3,0.0,0,0.0,0,0.0,0,0.0,0
2012-10-16T09:17:41.000,2301.6,8792,2301.6,3,0.0,0,0.0,0,0.0,0,0.0,0,2301.8,8,0.0,0,0.0,0,0.0,0,0.0,0
2012-10-16T09:17:41.500,2301.6,8809,2301.4,28,0.0,0,0.0,0,0.0,0,0.0,0,2301.6,30,0.0,0,0.0,0,0.0,0,0.0,0
2012-10-16T09:17:42.000,2301.4,8849,2301.4,52,0.0,0,0.0,0,0.0,0,0.0,0,2301.6,10,0.0,0,0.0,0,0.0,0,0.0,0
2012-10-16T09:17:42.500,2301.6,8869,2301.4,42,0.0,0,0.0,0,0.0,0,0.0,0,2301.8,2,0.0,0,0.0,0,0.0,0,0.0,0
2012-10-16T09:17:43.000,2301.6,8884,2301.6,48,0.0,0,0.0,0,0.0,0,0.0,0,2301.8,1,0.0,0,0.0,0,0.0,0,0.0,0
2012-10-16T09:17:43.500,2301.8,8895,2301.8,15,0.0,0,0.0,0,0.0,0,0.0,0,2302,10,0.0,0,0.0,0,0.0,0,0.0,0
2012-10-16T09:17:44.000,2301.8,8919,2302,1,0.0,0,0.0,0,0.0,0,0.0,0,2302.2,7,0.0,0,0.0,0,0.0,0,0.0,0
2012-10-16T09:17:44.500,2301.6,8951,2301.6,23,0.0,0,0.0,0,0.0,0,0.0,0,2301.8,1,0.0,0,0.0,0,0.0,0,0.0,0
2012-10-16T09:17:45.000,2302,8960,2301.6,20,0.0,0,0.0,0,0.0,0,0.0,0,2301.8,1,0.0,0,0.0,0,0.0,0,0.0,0
2012-10-16T09:17:45.500,2301.4,8991,2301.4,43,0.0,0,0.0,0,0.0,0,0.0,0,2301.6,22,0.0,0,0.0,0,0.0,0,0.0,0
2012-10-16T09:17:46.000,2301.4,8997,2301.4,38,0.0,0,0.0,0,0.0,0,0.0,0,2301.6,22,0.0,0,0.0,0,0.0,0,0.0,0
2012-10-16T09:17:46.500,2301.4,9005,2301.4,30,0.0,0,0.0,0,0.0,0,0.0,0,2301.6,24,0.0,0,0.0,0,0.0,0,0.0,0
2012-10-16T09:17:47.000,2301.4,9018,2301.4,19,0.0,0,0.0,0,0.0,0,0.0,0,2301.6,23,0.0,0,0.0,0,0.0,0,0.0,0
2012-10-16T09:17:47.500,2301.4,9036,2301.4,11,0.0,0,0.0,0,0.0,0,0.0,0,2301.6,15,0.0,0,0.0,0,0.0,0,0.0,0
2012-10-16T09:17:48.000,2301.4,9054,2301.4,5,0.0,0,0.0,0,0.0,0,0.0,0,2301.6,13,0.0,0,0.0,0,0.0,0,0.0,0
2012-10-16T09:17:48.500,2301.6,9056,2301.4,6,0.0,0,0.0,0,0.0,0,0.0,0,2301.6,12,0.0,0,0.0,0,0.0,0,0.0,0
2012-10-16T09:17:49.000,2301.4,9073,2301.2,34,0.0,0,0.0,0,0.0,0,0.0,0,2301.4,2,0.0,0,0.0,0,0.0,0,0.0,0
2012-10-16T09:17:49.500,2301.4,9091,2301.4,54,0.0,0,0.0,0,0.0,0,0.0,0,2301.6,9,0.0,0,0.0,0,0.0,0,0.0,0
2012-10-16T09:17:50.000,2301.6,9127,2301.6,4,0.0,0,0.0,0,0.0,0,0.0,0,2302,5,0.0,0,0.0,0,0.0,0,0.0,0
2012-10-16T09:17:50.500,2301.6,9137,2301.6,8,0.0,0,0.0,0,0.0,0,0.0,0,2302,8,0.0,0,0.0,0,0.0,0,0.0,0
2012-10-16T09:17:51.000,2301.8,9164,2301.8,2,0.0,0,0.0,0,0.0,0,0.0,0,2302,11,0.0,0,0.0,0,0.0,0,0.0,0
2012-10-16T09:17:51.500,2302,9173,2301.6,30,0.0,0,0.0,0,0.0,0,0.0,0,2301.8,1,0.0,0,0.0,0,0.0,0,0.0,0
2012-10-16T09:17:52.000,2302,9189,2302,37,0.0,0,0.0,0,0.0,0,0.0,0,2302.2,16,0.0,0,0.0,0,0.0,0,0.0,0
2012-10-16T09:17:52.500,2302.2,9192,2302,37,0.0,0,0.0,0,0.0,0,0.0,0,2302.2,14,0.0,0,0.0,0,0.0,0,0.0,0
2012-10-16T09:17:53.000,2302,9223,2302,8,0.0,0,0.0,0,0.0,0,0.0,0,2302.2,11,0.0,0,0.0,0,0.0,0,0.0,0
2012-10-16T09:17:53.500,2302,9230,2302,3,0.0,0,0.0,0,0.0,0,0.0,0,2302.2,12,0.0,0,0.0,0,0.0,0,0.0,0
2012-10-16T09:17:54.250,2301.8,9237,2301.6,24,0.0,0,0.0,0,0.0,0,0.0,0,2302,11,0.0,0,0.0,0,0.0,0,0.0,0
2012-10-16T09:17:55.000,2302,9240,2301.8,5,0.0,0,0.0,0,0.0,0,0.0,0,2302,12,0.0,0,0.0,0,0.0,0,0.0,0
2012-10-16T09:17:55.500,2302,9241,2301.8,6,0.0,0,0.0,0,0.0,0,0.0,0,2302,15,0.0,0,0.0,0,0.0,0,0.0,0
2012-10-16T09:17:56.000,2302,9243,2301.8,6,0.0,0,0.0,0,0.0,0,0.0,0,2302,125,0.0,0,0.0,0,0.0,0,0.0,0
2012-10-16T09:17:56.500,2301.6,9257,2301.6,23,0.0,0,0.0,0,0.0,0,0.0,0,2301.8,5,0.0,0,0.0,0,0.0,0,0.0,0
2012-10-16T09:17:57.000,2301.6,9283,2301.4,33,0.0,0,0.0,0,0.0,0,0.0,0,2301.6,41,0.0,0,0.0,0,0.0,0,0.0,0
2012-10-16T09:17:57.500,2301.4,9316,2301.4,1,0.0,0,0.0,0,0.0,0,0.0,0,2301.6,40,0.0,0,0.0,0,0.0,0,0.0,0
2012-10-16T09:17:58.000,2301.4,9331,2301.2,39,0.0,0,0.0,0,0.0,0,0.0,0,2301.4,21,0.0,0,0.0,0,0.0,0,0.0,0
2012-10-16T09:17:58.500,2301.4,9334,2301.2,35,0.0,0,0.0,0,0.0,0,0.0,0,2301.4,21,0.0,0,0.0,0,0.0,0,0.0,0
2012-10-16T09:17:59.000,2301.2,9342,2301.2,30,0.0,0,0.0,0,0.0,0,0.0,0,2301.4,19,0.0,0,0.0,0,0.0,0,0.0,0
2012-10-16T09:17:59.500,2301.2,9365,2301.2,23,0.0,0,0.0,0,0.0,0,0.0,0,2301.4,1,0.0,0,0.0,0,0.0,0,0.0,0
2012-10-16T09:18:00.000,2301.4,9388,2301.4,2,0.0,0,0.0,0,0.0,0,0.0,0,2301.6,15,0.0,0,0.0,0,0.0,0,0.0,0
2012-10-16T09:18:00.500,2301.2,9404,2301.2,1,0.0,0,0.0,0,0.0,0,0.0,0,2301.4,1,0.0,0,0.0,0,0.0,0,0.0,0
2012-10-16T09:18:01.000,2301.4,9419,2301.4,4,0.0,0,0.0,0,0.0,0,0.0,0,2301.6,10,0.0,0,0.0,0,0.0,0,0.0,0
2012-10-16T09:18:01.500,2301.4,9432,2301.4,5,0.0,0,0.0,0,0.0,0,0.0,0,2301.6,4,0.0,0,0.0,0,0.0,0,0.0,0
2012-10-16T09:18:02.000,2301.6,9470,2301.2,76,0.0,0,0.0,0,0.0,0,0.0,0,2301.6,2,0.0,0,0.0,0,0.0,0,0.0,0
2012-10-16T09:18:02.500,2301.4,9478,2301.4,11,0.0,0,0.0,0,0.0,0,0.0,0,2301.8,6,0.0,0,0.0,0,0.0,0,0.0,0
2012-10-16T09:18:03.000,2301.6,9491,2301.6,1,0.0,0,0.0,0,0.0,0,0.0,0,2301.8,6,0.0,0,0.0,0,0.0,0,0.0,0
2012-10-16T09:18:03.500,2301.8,9499,2301.4,19,0.0,0,0.0,0,0.0,0,0.0,0,2301.6,16,0.0,0,0.0,0,0.0,0,0.0,0
2012-10-16T09:18:04.000,2301.4,9511,2301.4,21,0.0,0,0.0,0,0.0,0,0.0,0,2301.6,15,0.0,0,0.0,0,0.0,0,0.0,0
2012-10-16T09:18:04.500,2301.6,9521,2301.4,16,0.0,0,0.0,0,0.0,0,0.0,0,2301.6,17,0.0,0,0.0,0,0.0,0,0.0,0
2012-10-16T09:18:05.000,2301.4,9529,2301.4,6,0.0,0,0.0,0,0.0,0,0.0,0,2301.6,23,0.0,0,0.0,0,0.0,0,0.0,0
2012-10-16T09:18:05.500,2301.4,9557,2301.2,97,0.0,0,0.0,0,0.0,0,0.0,0,2301.4,2,0.0,0,0.0,0,0.0,0,0.0,0
2012-10-16T09:18:06.000,2301.4,9559,2301.2,98,0.0,0,0.0,0,0.0,0,0.0,0,2301.6,12,0.0,0,0.0,0,0.0,0,0.0,0
2012-10-16T09:18:06.500,2301.2,9565,2301.2,93,0.0,0,0.0,0,0.0,0,0.0,0,2301.4,5,0.0,0,0.0,0,0.0,0,0.0,0
2012-10-16T09:18:07.000,2301.2,9569,2301.2,89,0.0,0,0.0,0,0.0,0,0.0,0,2301.4,7,0.0,0,0.0,0,0.0,0,0.0,0
2012-10-16T09:18:07.500,2301.2,9579,2301.2,86,0.0,0,0.0,0,0.0,0,0.0,0,2301.6,19,0.0,0,0.0,0,0.0,0,0.0,0
2012-10-16T09:18:08.000,2301.2,9586,2301.2,82,0.0,0,0.0,0,0.0,0,0.0,0,2301.6,20,0.0,0,0.0,0,0.0,0,0.0,0
2012-10-16T09:18:08.500,2301.2,9596,2301.2,80,0.0,0,0.0,0,0.0,0,0.0,0,2301.4,1,0.0,0,0.0,0,0.0,0,0.0,0
2012-10-16T09:18:09.000,2301.2,9600,2301.2,77,0.0,0,0.0,0,0.0,0,0.0,0,2301.6,14,0.0,0,0.0,0,0.0,0,0.0,0
2012-10-16T09:18:09.500,2301.2,9630,2301.4,5,0.0,0,0.0,0,0.0,0,0.0,0,2301.6,14,0.0,0,0.0,0,0.0,0,0.0,0
2012-10-16T09:18:10.000,2301.4,9646,2301.4,5,0.0,0,0.0,0,0.0,0,0.0,0,2301.6,13,0.0,0,0.0,0,0.0,0,0.0,0
2012-10-16T09:18:10.500,2301.4,9666,2301.4,2,0.0,0,0.0,0,0.0,0,0.0,0,2301.6,11,0.0,0,0.0,0,0.0,0,0.0,0
2012-10-16T09:18:11.000,2301.6,9683,2301.6,27,0.0,0,0.0,0,0.0,0,0.0,0,2301.8,14,0.0,0,0.0,0,0.0,0,0.0,0
2012-10-16T09:18:11.500,2301.8,9813,2301.8,5,0.0,0,0.0,0,0.0,0,0.0,0,2302,48,0.0,0,0.0,0,0.0,0,0.0,0
2012-10-16T09:18:12.000,2301.8,9818,2301.8,1,0.0,0,0.0,0,0.0,0,0.0,0,2302,52,0.0,0,0.0,0,0.0,0,0.0,0
2012-10-16T09:18:12.500,2301.8,9834,2301.4,13,0.0,0,0.0,0,0.0,0,0.0,0,2301.8,9,0.0,0,0.0,0,0.0,0,0.0,0
2012-10-16T09:18:13.000,2301.8,9839,2301.6,7,0.0,0,0.0,0,0.0,0,0.0,0,2301.8,9,0.0,0,0.0,0,0.0,0,0.0,0
2012-10-16T09:18:13.500,2301.6,9842,2301.6,6,0.0,0,0.0,0,0.0,0,0.0,0,2301.8,19,0.0,0,0.0,0,0.0,0,0.0,0
2012-10-16T09:18:14.250,2301.6,9847,2301.6,2,0.0,0,0.0,0,0.0,0,0.0,0,2301.8,21,0.0,0,0.0,0,0.0,0,0.0,0
2012-10-16T09:18:15.000,2301.6,9853,2301.4,11,0.0,0,0.0,0,0.0,0,0.0,0,2301.6,2,0.0,0,0.0,0,0.0,0,0.0,0
2012-10-16T09:18:15.500,2301.8,9861,2301.6,2,0.0,0,0.0,0,0.0,0,0.0,0,2301.8,19,0.0,0,0.0,0,0.0,0,0.0,0
2012-10-16T09:18:16.000,2301.4,9866,2301.6,1,0.0,0,0.0,0,0.0,0,0.0,0,2301.8,19,0.0,0,0.0,0,0.0,0,0.0,0
2012-10-16T09:18:16.500,2301.6,9876,2301.6,6,0.0,0,0.0,0,0.0,0,0.0,0,2301.8,19,0.0,0,0.0,0,0.0,0,0.0,0
2012-10-16T09:18:17.250,2301.8,9884,2301.6,2,0.0,0,0.0,0,0.0,0,0.0,0,2301.8,18,0.0,0,0.0,0,0.0,0,0.0,0
2012-10-16T09:18:18.000,2301.6,9885,2301.6,2,0.0,0,0.0,0,0.0,0,0.0,0,2301.8,18,0.0,0,0.0,0,0.0,0,0.0,0
2012-10-16T09:18:18.500,2301.6,9888,2301.2,3,0.0,0,0.0,0,0.0,0,0.0,0,2301.6,1,0.0,0,0.0,0,0.0,0,0.0,0
2012-10-16T09:18:19.000,2301.2,9889,2301.2,2,0.0,0,0.0,0,0.0,0,0.0,0,2301.6,3,0.0,0,0.0,0,0.0,0,0.0,0
2012-10-16T09:18:19.500,2301.2,9893,2301,91,0.0,0,0.0,0,0.0,0,0.0,0,2301.2,27,0.0,0,0.0,0,0.0,0,0.0,0
2012-10-16T09:18:20.000,2301.2,9894,2301,91,0.0,0,0.0,0,0.0,0,0.0,0,2301.2,34,0.0,0,0.0,0,0.0,0,0.0,0
2012-10-16T09:18:20.500,2301,9902,2301,85,0.0,0,0.0,0,0.0,0,0.0,0,2301.2,32,0.0,0,0.0,0,0.0,0,0.0,0
2012-10-16T09:18:21.000,2301,9930,2301,60,0.0,0,0.0,0,0.0,0,0.0,0,2301.2,29,0.0,0,0.0,0,0.0,0,0.0,0
2012-10-16T09:18:21.500,2301,9953,2301,36,0.0,0,0.0,0,0.0,0,0.0,0,2301.2,29,0.0,0,0.0,0,0.0,0,0.0,0
2012-10-16T09:18:22.000,2301,10003,2300.8,11,0.0,0,0.0,0,0.0,0,0.0,0,2301,8,0.0,0,0.0,0,0.0,0,0.0,0
2012-10-16T09:18:22.500,2301,10037,2300.6,54,0.0,0,0.0,0,0.0,0,0.0,0,2301,53,0.0,0,0.0,0,0.0,0,0.0,0
2012-10-16T09:18:23.000,2300.8,10055,2300.8,3,0.0,0,0.0,0,0.0,0,0.0,0,2301,89,0.0,0,0.0,0,0.0,0,0.0,0
2012-10-16T09:18:23.500,2300.6,10073,2300.6,43,0.0,0,0.0,0,0.0,0,0.0,0,2300.8,1,0.0,0,0.0,0,0.0,0,0.0,0
2012-10-16T09:18:24.000,2300.6,10077,2300.6,40,0.0,0,0.0,0,0.0,0,0.0,0,2300.8,22,0.0,0,0.0,0,0.0,0,0.0,0
2012-10-16T09:18:24.500,2300.6,10106,2300.6,15,0.0,0,0.0,0,0.0,0,0.0,0,2300.8,33,0.0,0,0.0,0,0.0,0,0.0,0
2012-10-16T09:18:25.000,2300.6,10136,2300.4,16,0.0,0,0.0,0,0.0,0,0.0,0,2300.6,61,0.0,0,0.0,0,0.0,0,0.0,0
2012-10-16T09:18:25.500,2300.4,10166,2300.4,14,0.0,0,0.0,0,0.0,0,0.0,0,2300.6,38,0.0,0,0.0,0,0.0,0,0.0,0
2012-10-16T09:18:26.000,2300.4,10186,2300.2,58,0.0,0,0.0,0,0.0,0,0.0,0,2300.4,12,0.0,0,0.0,0,0.0,0,0.0,0
2012-10-16T09:18:26.500,2300.6,10236,2300.4,42,0.0,0,0.0,0,0.0,0,0.0,0,2300.6,40,0.0,0,0.0,0,0.0,0,0.0,0
2012-10-16T09:18:27.000,2300.4,10279,2300.4,14,0.0,0,0.0,0,0.0,0,0.0,0,2300.6,32,0.0,0,0.0,0,0.0,0,0.0,0
2012-10-16T09:18:27.500,2300.4,10319,2300.2,53,0.0,0,0.0,0,0.0,0,0.0,0,2300.4,11,0.0,0,0.0,0,0.0,0,0.0,0
2012-10-16T09:18:28.000,2300.4,10333,2300.2,54,0.0,0,0.0,0,0.0,0,0.0,0,2300.4,27,0.0,0,0.0,0,0.0,0,0.0,0
2012-10-16T09:18:28.500,2300.4,10345,2300.2,53,0.0,0,0.0,0,0.0,0,0.0,0,2300.4,22,0.0,0,0.0,0,0.0,0,0.0,0
2012-10-16T09:18:29.000,2300.2,10396,2300.2,3,0.0,0,0.0,0,0.0,0,0.0,0,2300.4,18,0.0,0,0.0,0,0.0,0,0.0,0
2012-10-16T09:18:29.500,2300,10412,2300,115,0.0,0,0.0,0,0.0,0,0.0,0,2300.2,18,0.0,0,0.0,0,0.0,0,0.0,0
2012-10-16T09:18:30.000,2300.2,10442,2300,94,0.0,0,0.0,0,0.0,0,0.0,0,2300.2,22,0.0,0,0.0,0,0.0,0,0.0,0
2012-10-16T09:18:30.500,2300,10507,2300,51,0.0,0,0.0,0,0.0,0,0.0,0,2300.2,12,0.0,0,0.0,0,0.0,0,0.0,0
2012-10-16T09:18:31.000,2300,10533,2300,34,0.0,0,0.0,0,0.0,0,0.0,0,2300.2,6,0.0,0,0.0,0,0.0,0,0.0,0
2012-10-16T09:18:31.500,2300.2,10547,2300,22,0.0,0,0.0,0,0.0,0,0.0,0,2300.2,6,0.0,0,0.0,0,0.0,0,0.0,0
2012-10-16T09:18:32.000,2300,10589,2300.2,5,0.0,0,0.0,0,0.0,0,0.0,0,2300.4,25,0.0,0,0.0,0,0.0,0,0.0,0
2012-10-16T09:18:32.500,2300.4,10618,2300.2,14,0.0,0,0.0,0,0.0,0,0.0,0,2300.4,29,0.0,0,0.0,0,0.0,0,0.0,0
2012-10-16T09:18:33.000,2300.2,10661,2300.2,9,0.0,0,0.0,0,0.0,0,0.0,0,2300.4,30,0.0,0,0.0,0,0.0,0,0.0,0
2012-10-16T09:18:33.500,2300.2,10679,2300.2,15,0.0,0,0.0,0,0.0,0,0.0,0,2300.4,32,0.0,0,0.0,0,0.0,0,0.0,0
2012-10-16T09:18:34.000,2300.2,10703,2300,6,0.0,0,0.0,0,0.0,0,0.0,0,2300.2,4,0.0,0,0.0,0,0.0,0,0.0,0
2012-10-16T09:18:34.500,2300,10717,2300,4,0.0,0,0.0,0,0.0,0,0.0,0,2300.4,35,0.0,0,0.0,0,0.0,0,0.0,0
2012-10-16T09:18:35.000,2300.2,10756,2300,2,0.0,0,0.0,0,0.0,0,0.0,0,2300.2,13,0.0,0,0.0,0,0.0,0,0.0,0
2012-10-16T09:18:35.500,2299.8,10763,2299.8,53,0.0,0,0.0,0,0.0,0,0.0,0,2300,5,0.0,0,0.0,0,0.0,0,0.0,0
2012-10-16T09:18:36.000,2299.8,10776,2299.8,48,0.0,0,0.0,0,0.0,0,0.0,0,2300,2,0.0,0,0.0,0,0.0,0,0.0,0
2012-10-16T09:18:36.500,2299.8,10790,2299.8,44,0.0,0,0.0,0,0.0,0,0.0,0,2300,2,0.0,0,0.0,0,0.0,0,0.0,0
2012-10-16T09:18:37.000,2300.2,10833,2300.2,3,0.0,0,0.0,0,0.0,0,0.0,0,2300.4,13,0.0,0,0.0,0,0.0,0,0.0,0
2012-10-16T09:18:37.500,2300,10858,2299.8,29,0.0,0,0.0,0,0.0,0,0.0,0,2300,7,0.0,0,0.0,0,0.0,0,0.0,0
2012-10-16T09:18:38.000,2300.2,10873,2300,16,0.0,0,0.0,0,0.0,0,0.0,0,2300.2,27,0.0,0,0.0,0,0.0,0,0.0,0
2012-10-16T09:18:38.500,2300,10886,2300,12,0.0,0,0.0,0,0.0,0,0.0,0,2300.2,25,0.0,0,0.0,0,0.0,0,0.0,0
2012-10-16T09:18:39.000,2300,10896,2300,12,0.0,0,0.0,0,0.0,0,0.0,0,2300.2,45,0.0,0,0.0,0,0.0,0,0.0,0
2012-10-16T09:18:39.500,2300.2,10915,2300,15,0.0,0,0.0,0,0.0,0,0.0,0,2300.2,28,0.0,0,0.0,0,0.0,0,0.0,0
2012-10-16T09:18:40.000,2300.2,10932,2300,8,0.0,0,0.0,0,0.0,0,0.0,0,2300.2,19,0.0,0,0.0,0,0.0,0,0.0,0
2012-10-16T09:18:40.500,2300,10939,2300,13,0.0,0,0.0,0,0.0,0,0.0,0,2300.2,15,0.0,0,0.0,0,0.0,0,0.0,0
2012-10-16T09:18:41.000,2300.2,10950,2300,32,0.0,0,0.0,0,0.0,0,0.0,0,2300.2,9,0.0,0,0.0,0,0.0,0,0.0,0
2012-10-16T09:18:41.500,2300,11027,2299.8,35,0.0,0,0.0,0,0.0,0,0.0,0,2300,25,0.0,0,0.0,0,0.0,0,0.0,0
2012-10-16T09:18:42.000,2300,11045,2299.8,27,0.0,0,0.0,0,0.0,0,0.0,0,2300,15,0.0,0,0.0,0,0.0,0,0.0,0
2012-10-16T09:18:42.500,2300,11059,2299.8,25,0.0,0,0.0,0,0.0,0,0.0,0,2300,6,0.0,0,0.0,0,0.0,0,0.0,0
2012-10-16T09:18:43.000,2299.8,11073,2299.8,20,0.0,0,0.0,0,0.0,0,0.0,0,2300,5,0.0,0,0.0,0,0.0,0,0.0,0
2012-10-16T09:18:43.500,2299.8,11078,2299.8,17,0.0,0,0.0,0,0.0,0,0.0,0,2300,11,0.0,0,0.0,0,0.0,0,0.0,0
2012-10-16T09:18:44.000,2299.8,11084,2299.8,15,0.0,0,0.0,0,0.0,0,0.0,0,2300,9,0.0,0,0.0,0,0.0,0,0.0,0
2012-10-16T09:18:44.500,2300,11090,2299.8,15,0.0,0,0.0,0,0.0,0,0.0,0,2300,5,0.0,0,0.0,0,0.0,0,0.0,0
2012-10-16T09:18:45.000,2299.8,11103,2299.8,12,0.0,0,0.0,0,0.0,0,0.0,0,2300,1,0.0,0,0.0,0,0.0,0,0.0,0
2012-10-16T09:18:45.500,2300,11109,2300,2,0.0,0,0.0,0,0.0,0,0.0,0,2300.2,11,0.0,0,0.0,0,0.0,0,0.0,0
2012-10-16T09:18:46.000,2300,11113,2299.8,9,0.0,0,0.0,0,0.0,0,0.0,0,2300.2,11,0.0,0,0.0,0,0.0,0,0.0,0
2012-10-16T09:18:46.500,2300,11118,2299.8,8,0.0,0,0.0,0,0.0,0,0.0,0,2300,18,0.0,0,0.0,0,0.0,0,0.0,0
2012-10-16T09:18:47.000,2300,11125,2299.8,11,0.0,0,0.0,0,0.0,0,0.0,0,2300,24,0.0,0,0.0,0,0.0,0,0.0,0
2012-10-16T09:18:47.500,2300,11161,2299.6,18,0.0,0,0.0,0,0.0,0,0.0,0,2300,4,0.0,0,0.0,0,0.0,0,0.0,0
2012-10-16T09:18:48.000,2299.6,11165,2299.6,18,0.0,0,0.0,0,0.0,0,0.0,0,2300,7,0.0,0,0.0,0,0.0,0,0.0,0
2012-10-16T09:18:48.500,2300,11175,2299.6,16,0.0,0,0.0,0,0.0,0,0.0,0,2299.8,1,0.0,0,0.0,0,0.0,0,0.0,0
2012-10-16T09:18:49.000,2299.8,11183,2299.8,5,0.0,0,0.0,0,0.0,0,0.0,0,2300,2,0.0,0,0.0,0,0.0,0,0.0,0
2012-10-16T09:18:49.500,2299.6,11194,2299.6,14,0.0,0,0.0,0,0.0,0,0.0,0,2299.8,7,0.0,0,0.0,0,0.0,0,0.0,0
2012-10-16T09:18:50.000,2299.6,11198,2299.6,10,0.0,0,0.0,0,0.0,0,0.0,0,2299.8,11,0.0,0,0.0,0,0.0,0,0.0,0
2012-10-16T09:18:50.500,2299.6,11214,2299.4,9,0.0,0,0.0,0,0.0,0,0.0,0,2299.6,29,0.0,0,0.0,0,0.0,0,0.0,0
2012-10-16T09:18:51.000,2299.2,11240,2299.2,19,0.0,0,0.0,0,0.0,0,0.0,0,2299.4,21,0.0,0,0.0,0,0.0,0,0.0,0
2012-10-16T09:18:51.500,2299.2,11274,2299,12,0.0,0,0.0,0,0.0,0,0.0,0,2299.4,38,0.0,0,0.0,0,0.0,0,0.0,0
2012-10-16T09:18:52.000,2299.2,11306,2298.6,20,0.0,0,0.0,0,0.0,0,0.0,0,2299.2,2,0.0,0,0.0,0,0.0,0,0.0,0
2012-10-16T09:18:52.500,2298.6,11316,2298.6,14,0.0,0,0.0,0,0.0,0,0.0,0,2299,3,0.0,0,0.0,0,0.0,0,0.0,0
2012-10-16T09:18:53.000,2298.8,11342,2298.8,5,0.0,0,0.0,0,0.0,0,0.0,0,2299.2,17,0.0,0,0.0,0,0.0,0,0.0,0
2012-10-16T09:18:53.500,2299,11394,2299,6,0.0,0,0.0,0,0.0,0,0.0,0,2299.2,19,0.0,0,0.0,0,0.0,0,0.0,0
2012-10-16T09:18:54.000,2299,11406,2299,2,0.0,0,0.0,0,0.0,0,0.0,0,2299.2,15,0.0,0,0.0,0,0.0,0,0.0,0
2012-10-16T09:18:54.500,2299.2,11428,2299,23,0.0,0,0.0,0,0.0,0,0.0,0,2299.2,13,0.0,0,0.0,0,0.0,0,0.0,0
2012-10-16T09:18:55.000,2299,11460,2299,9,0.0,0,0.0,0,0.0,0,0.0,0,2299.2,4,0.0,0,0.0,0,0.0,0,0.0,0
2012-10-16T09:18:55.500,2299,11509,2298.8,1,0.0,0,0.0,0,0.0,0,0.0,0,2299.4,10,0.0,0,0.0,0,0.0,0,0.0,0
2012-10-16T09:18:56.000,2299,11541,2298.8,13,0.0,0,0.0,0,0.0,0,0.0,0,2299,2,0.0,0,0.0,0,0.0,0,0.0,0
2012-10-16T09:18:56.500,2299,11555,2299,2,0.0,0,0.0,0,0.0,0,0.0,0,2299.2,21,0.0,0,0.0,0,0.0,0,0.0,0
2012-10-16T09:18:57.000,2299.2,11558,2299,6,0.0,0,0.0,0,0.0,0,0.0,0,2299.2,18,0.0,0,0.0,0,0.0,0,0.0,0
2012-10-16T09:18:57.500,2299,11576,2298.8,19,0.0,0,0.0,0,0.0,0,0.0,0,2299,4,0.0,0,0.0,0,0.0,0,0.0,0
2012-10-16T09:18:58.000,2299,11595,2299,2,0.0,0,0.0,0,0.0,0,0.0,0,2299.2,19,0.0,0,0.0,0,0.0,0,0.0,0
2012-10-16T09:18:58.500,2299,11607,2299,1,0.0,0,0.0,0,0.0,0,0.0,0,2299.2,11,0.0,0,0.0,0,0.0,0,0.0,0
2012-10-16T09:18:59.000,2299,11612,2298.8,13,0.0,0,0.0,0,0.0,0,0.0,0,2299,29,0.0,0,0.0,0,0.0,0,0.0,0
2012-10-16T09:18:59.500,2299,11617,2298.8,10,0.0,0,0.0,0,0.0,0,0.0,0,2299,30,0.0,0,0.0,0,0.0,0,0.0,0
2012-10-16T09:19:00.000,2299,11629,2298.8,6,0.0,0,0.0,0,0.0,0,0.0,0,2299,22,0.0,0,0.0,0,0.0,0,0.0,0
2012-10-16T09:19:00.500,2298.6,11638,2298.6,16,0.0,0,0.0,0,0.0,0,0.0,0,2299,29,0.0,0,0.0,0,0.0,0,0.0,0
2012-10-16T09:19:01.000,2298.8,11669,2298.4,36,0.0,0,0.0,0,0.0,0,0.0,0,2299,50,0.0,0,0.0,0,0.0,0,0.0,0
2012-10-16T09:19:01.500,2298.4,11678,2298.6,5,0.0,0,0.0,0,0.0,0,0.0,0,2298.8,2,0.0,0,0.0,0,0.0,0,0.0,0
2012-10-16T09:19:02.000,2298.8,11707,2298.6,2,0.0,0,0.0,0,0.0,0,0.0,0,2298.8,10,0.0,0,0.0,0,0.0,0,0.0,0
2012-10-16T09:19:02.500,2298.6,11719,2298.6,24,0.0,0,0.0,0,0.0,0,0.0,0,2298.8,11,0.0,0,0.0,0,0.0,0,0.0,0
2012-10-16T09:19:03.000,2298.8,11738,2298.6,17,0.0,0,0.0,0,0.0,0,0.0,0,2298.8,1,0.0,0,0.0,0,0.0,0,0.0,0
2012-10-16T09:19:03.500,2299,11756,2298.8,62,0.0,0,0.0,0,0.0,0,0.0,0,2299,55,0.0,0,0.0,0,0.0,0,0.0,0
2012-10-16T09:19:04.000,2298.8,11792,2298.8,51,0.0,0,0.0,0,0.0,0,0.0,0,2299,43,0.0,0,0.0,0,0.0,0,0.0,0
2012-10-16T09:19:04.500,2299,11843,2299,26,0.0,0,0.0,0,0.0,0,0.0,0,2299.2,7,0.0,0,0.0,0,0.0,0,0.0,0
2012-10-16T09:19:05.000,2299.2,11861,2299.2,45,0.0,0,0.0,0,0.0,0,0.0,0,2299.4,22,0.0,0,0.0,0,0.0,0,0.0,0
2012-10-16T09:19:05.500,2299.2,11891,2299.2,39,0.0,0,0.0,0,0.0,0,0.0,0,2299.4,18,0.0,0,0.0,0,0.0,0,0.0,0
2012-10-16T09:19:06.000,2299.4,11930,2299.2,9,0.0,0,0.0,0,0.0,0,0.0,0,2299.4,10,0.0,0,0.0,0,0.0,0,0.0,0
2012-10-16T09:19:06.500,2299.4,11951,2299.2,6,0.0,0,0.0,0,0.0,0,0.0,0,2299.4,18,0.0,0,0.0,0,0.0,0,0.0,0
2012-10-16T09:19:07.000,2299,12006,2298.8,47,0.0,0,0.0,0,0.0,0,0.0,0,2299,56,0.0,0,0.0,0,0.0,0,0.0,0
2012-10-16T09:19:07.500,2299,12012,2298.8,45,0.0,0,0.0,0,0.0,0,0.0,0,2299,53,0.0,0,0.0,0,0.0,0,0.0,0
2012-10-16T09:19:08.000,2299,12032,2298.8,30,0.0,0,0.0,0,0.0,0,0.0,0,2299,49,0.0,0,0.0,0,0.0,0,0.0,0
2012-10-16T09:19:08.500,2298.6,12078,2298.4,41,0.0,0,0.0,0,0.0,0,0.0,0,2298.8,10,0.0,0,0.0,0,0.0,0,0.0,0
2012-10-16T09:19:09.000,2298.8,12084,2298.4,41,0.0,0,0.0,0,0.0,0,0.0,0,2298.8,8,0.0,0,0.0,0,0.0,0,0.0,0
2012-10-16T09:19:09.500,2298.8,12095,2298.6,1,0.0,0,0.0,0,0.0,0,0.0,0,2298.8,26,0.0,0,0.0,0,0.0,0,0.0,0
2012-10-16T09:19:10.000,2298.6,12106,2298.4,34,0.0,0,0.0,0,0.0,0,0.0,0,2298.6,12,0.0,0,0.0,0,0.0,0,0.0,0
2012-10-16T09:19:10.500,2298.6,12115,2298.4,28,0.0,0,0.0,0,0.0,0,0.0,0,2298.6,40,0.0,0,0.0,0,0.0,0,0.0,0
2012-10-16T09:19:11.000,2298.4,12135,2298.4,9,0.0,0,0.0,0,0.0,0,0.0,0,2298.6,44,0.0,0,0.0,0,0.0,0,0.0,0
2012-10-16T09:19:11.500,2298.4,12151,2298.2,31,0.0,0,0.0,0,0.0,0,0.0,0,2298.4,5,0.0,0,0.0,0,0.0,0,0.0,0
2012-10-16T09:19:12.000,2298.6,12177,2298.2,19,0.0,0,0.0,0,0.0,0,0.0,0,2298.4,1,0.0,0,0.0,0,0.0,0,0.0,0
2012-10-16T09:19:12.500,2298.4,12219,2298,36,0.0,0,0.0,0,0.0,0,0.0,0,2298.4,4,0.0,0,0.0,0,0.0,0,0.0,0
2012-10-16T09:19:13.000,2298.2,12252,2298,14,0.0,0,0.0,0,0.0,0,0.0,0,2298.2,25,0.0,0,0.0,0,0.0,0,0.0,0
2012-10-16T09:19:13.500,2298,12271,2298,4,0.0,0,0.0,0,0.0,0,0.0,0,2298.2,16,0.0,0,0.0,0,0.0,0,0.0,0
2012-10-16T09:19:14.000,2298,12281,2297.8,11,0.0,0,0.0,0,0.0,0,0.0,0,2298,39,0.0,0,0.0,0,0.0,0,0.0,0
2012-10-16T09:19:14.500,2297.8,12301,2297.6,23,0.0,0,0.0,0,0.0,0,0.0,0,2298,41,0.0,0,0.0,0,0.0,0,0.0,0
2012-10-16T09:19:15.000,2297.6,12349,2297.6,25,0.0,0,0.0,0,0.0,0,0.0,0,2297.8,22,0.0,0,0.0,0,0.0,0,0.0,0
2012-10-16T09:19:15.500,2297.6,12418,2298,2,0.0,0,0.0,0,0.0,0,0.0,0,2298.2,9,0.0,0,0.0,0,0.0,0,0.0,0
2012-10-16T09:19:16.000,2297.4,12446,2297.4,2,0.0,0,0.0,0,0.0,0,0.0,0,2297.6,6,0.0,0,0.0,0,0.0,0,0.0,0
2012-10-16T09:19:16.500,2298,12488,2297.6,15,0.0,0,0.0,0,0.0,0,0.0,0,2298,4,0.0,0,0.0,0,0.0,0,0.0,0
2012-10-16T09:19:17.000,2297.4,12528,2297.4,22,0.0,0,0.0,0,0.0,0,0.0,0,2297.6,1,0.0,0,0.0,0,0.0,0,0.0,0
2012-10-16T09:19:17.500,2297.4,12547,2297.8,1,0.0,0,0.0,0,0.0,0,0.0,0,2298,1,0.0,0,0.0,0,0.0,0,0.0,0
2012-10-16T09:19:18.000,2298,12577,2297.6,1,0.0,0,0.0,0,0.0,0,0.0,0,2298,17,0.0,0,0.0,0,0.0,0,0.0,0
2012-10-16T09:19:18.500,2297.4,12601,2297.6,1,0.0,0,0.0,0,0.0,0,0.0,0,2297.8,20,0.0,0,0.0,0,0.0,0,0.0,0
2012-10-16T09:19:19.000,2297.6,12606,2297.6,5,0.0,0,0.0,0,0.0,0,0.0,0,2297.8,20,0.0,0,0.0,0,0.0,0,0.0,0
2012-10-16T09:19:19.500,2297.4,12623,2297.4,3,0.0,0,0.0,0,0.0,0,0.0,0,2297.6,3,0.0,0,0.0,0,0.0,0,0.0,0
2012-10-16T09:19:20.000,2297.6,12633,2297.4,5,0.0,0,0.0,0,0.0,0,0.0,0,2297.6,8,0.0,0,0.0,0,0.0,0,0.0,0
2012-10-16T09:19:20.500,2297.6,12647,2297.4,14,0.0,0,0.0,0,0.0,0,0.0,0,2297.6,4,0.0,0,0.0,0,0.0,0,0.0,0
2012-10-16T09:19:21.000,2297.6,12661,2297.6,1,0.0,0,0.0,0,0.0,0,0.0,0,2297.8,11,0.0,0,0.0,0,0.0,0,0.0,0
2012-10-16T09:19:21.500,2298,12689,2297.4,5,0.0,0,0.0,0,0.0,0,0.0,0,2298,8,0.0,0,0.0,0,0.0,0,0.0,0
2012-10-16T09:19:22.000,2297.4,12694,2297.6,1,0.0,0,0.0,0,0.0,0,0.0,0,2298,9,0.0,0,0.0,0,0.0,0,0.0,0
2012-10-16T09:19:22.500,2297.8,12714,2297.8,10,0.0,0,0.0,0,0.0,0,0.0,0,2298.2,3,0.0,0,0.0,0,0.0,0,0.0,0
2012-10-16T09:19:23.000,2298,12725,2298.2,2,0.0,0,0.0,0,0.0,0,0.0,0,2298.4,34,0.0,0,0.0,0,0.0,0,0.0,0
2012-10-16T09:19:23.500,2298.2,12733,2298.2,5,0.0,0,0.0,0,0.0,0,0.0,0,2298.4,34,0.0,0,0.0,0,0.0,0,0.0,0
2012-10-16T09:19:24.000,2298.2,12742,2298,9,0.0,0,0.0,0,0.0,0,0.0,0,2298.2,15,0.0,0,0.0,0,0.0,0,0.0,0
2012-10-16T09:19:24.500,2298.2,12752,2298,3,0.0,0,0.0,0,0.0,0,0.0,0,2298.2,11,0.0,0,0.0,0,0.0,0,0.0,0
2012-10-16T09:19:25.000,2297.8,12763,2297.8,12,0.0,0,0.0,0,0.0,0,0.0,0,2298.2,9,0.0,0,0.0,0,0.0,0,0.0,0
2012-10-16T09:19:25.500,2298.2,12777,2298.2,1,0.0,0,0.0,0,0.0,0,0.0,0,2298.4,41,0.0,0,0.0,0,0.0,0,0.0,0
2012-10-16T09:19:26.000,2298.2,12781,2298.2,1,0.0,0,0.0,0,0.0,0,0.0,0,2298.4,45,0.0,0,0.0,0,0.0,0,0.0,0
2012-10-16T09:19:26.500,2298.2,12795,2297.8,11,0.0,0,0.0,0,0.0,0,0.0,0,2298.2,10,0.0,0,0.0,0,0.0,0,0.0,0
2012-10-16T09:19:27.000,2298.2,12799,2297.8,12,0.0,0,0.0,0,0.0,0,0.0,0,2298.2,9,0.0,0,0.0,0,0.0,0,0.0,0
2012-10-16T09:19:27.500,2298.2,12801,2297.8,12,0.0,0,0.0,0,0.0,0,0.0,0,2298.2,8,0.0,0,0.0,0,0.0,0,0.0,0
2012-10-16T09:19:28.000,2298.2,12802,2297.8,13,0.0,0,0.0,0,0.0,0,0.0,0,2298.2,16,0.0,0,0.0,0,0.0,0,0.0,0
2012-10-16T09:19:28.500,2298.2,12803,2298,1,0.0,0,0.0,0,0.0,0,0.0,0,2298.2,16,0.0,0,0.0,0,0.0,0,0.0,0
2012-10-16T09:19:29.000,2298.2,12807,2298,1,0.0,0,0.0,0,0.0,0,0.0,0,2298.2,12,0.0,0,0.0,0,0.0,0,0.0,0
2012-10-16T09:19:29.500,2298.2,12811,2298,6,0.0,0,0.0,0,0.0,0,0.0,0,2298.2,9,0.0,0,0.0,0,0.0,0,0.0,0
2012-10-16T09:19:30.000,2298.2,12823,2298.2,9,0.0,0,0.0,0,0.0,0,0.0,0,2298.4,35,0.0,0,0.0,0,0.0,0,0.0,0
2012-10-16T09:19:30.500,2298.2,12826,2298.2,8,0.0,0,0.0,0,0.0,0,0.0,0,2298.4,35,0.0,0,0.0,0,0.0,0,0.0,0
2012-10-16T09:19:31.250,2298.4,12843,2298.2,16,0.0,0,0.0,0,0.0,0,0.0,0,2298.4,18,0.0,0,0.0,0,0.0,0,0.0,0
2012-10-16T09:19:32.000,2298.4,12846,2298.2,18,0.0,0,0.0,0,0.0,0,0.0,0,2298.4,16,0.0,0,0.0,0,0.0,0,0.0,0
2012-10-16T09:19:32.500,2298.4,12882,2298.2,4,0.0,0,0.0,0,0.0,0,0.0,0,2298.4,9,0.0,0,0.0,0,0.0,0,0.0,0
2012-10-16T09:19:33.000,2298.6,12893,2298.2,38,0.0,0,0.0,0,0.0,0,0.0,0,2298.4,7,0.0,0,0.0,0,0.0,0,0.0,0
2012-10-16T09:19:33.500,2298.4,12900,2298.2,39,0.0,0,0.0,0,0.0,0,0.0,0,2298.4,1,0.0,0,0.0,0,0.0,0,0.0,0
2012-10-16T09:19:34.000,2298.4,12903,2298.4,25,0.0,0,0.0,0,0.0,0,0.0,0,2298.6,9,0.0,0,0.0,0,0.0,0,0.0,0
2012-10-16T09:19:34.500,2298.6,12906,2298.4,17,0.0,0,0.0,0,0.0,0,0.0,0,2298.6,8,0.0,0,0.0,0,0.0,0,0.0,0
2012-10-16T09:19:35.000,2298.6,12911,2298.4,17,0.0,0,0.0,0,0.0,0,0.0,0,2298.6,15,0.0,0,0.0,0,0.0,0,0.0,0
2012-10-16T09:19:35.500,2298.6,12918,2298.4,9,0.0,0,0.0,0,0.0,0,0.0,0,2298.6,20,0.0,0,0.0,0,0.0,0,0.0,0
2012-10-16T09:19:36.000,2298.6,12928,2298.4,8,0.0,0,0.0,0,0.0,0,0.0,0,2298.6,15,0.0,0,0.0,0,0.0,0,0.0,0
2012-10-16T09:19:36.500,2298.2,12942,2298.2,48,0.0,0,0.0,0,0.0,0,0.0,0,2298.4,6,0.0,0,0.0,0,0.0,0,0.0,0
2012-10-16T09:19:37.000,2298.4,12948,2298.4,1,0.0,0,0.0,0,0.0,0,0.0,0,2298.6,11,0.0,0,0.0,0,0.0,0,0.0,0
2012-10-16T09:19:37.500,2298.4,12951,2298.2,48,0.0,0,0.0,0,0.0,0,0.0,0,2298.4,6,0.0,0,0.0,0,0.0,0,0.0,0
2012-10-16T09:19:38.000,2298.4,12954,2298.2,48,0.0,0,0.0,0,0.0,0,0.0,0,2298.4,23,0.0,0,0.0,0,0.0,0,0.0,0
2012-10-16T09:19:38.500,2298.4,12961,2298.2,48,0.0,0,0.0,0,0.0,0,0.0,0,2298.4,17,0.0,0,0.0,0,0.0,0,0.0,0
2012-10-16T09:19:39.000,2298.4,12972,2298.2,49,0.0,0,0.0,0,0.0,0,0.0,0,2298.4,6,0.0,0,0.0,0,0.0,0,0.0,0
2012-10-16T09:19:39.500,2298.4,12974,2298.2,49,0.0,0,0.0,0,0.0,0,0.0,0,2298.4,5,0.0,0,0.0,0,0.0,0,0.0,0
2012-10-16T09:19:40.000,2298.2,12981,2298.4,2,0.0,0,0.0,0,0.0,0,0.0,0,2298.6,24,0.0,0,0.0,0,0.0,0,0.0,0
2012-10-16T09:19:40.500,2298.6,12989,2298.4,1,0.0,0,0.0,0,0.0,0,0.0,0,2298.6,17,0.0,0,0.0,0,0.0,0,0.0,0
2012-10-16T09:19:41.000,2298.6,12994,2298.4,4,0.0,0,0.0,0,0.0,0,0.0,0,2298.6,13,0.0,0,0.0,0,0.0,0,0.0,0
2012-10-16T09:19:41.500,2298.4,12998,2298.2,49,0.0,0,0.0,0,0.0,0,0.0,0,2298.4,6,0.0,0,0.0,0,0.0,0,0.0,0
2012-10-16T09:19:42.000,2298.4,13002,2298.2,50,0.0,0,0.0,0,0.0,0,0.0,0,2298.4,2,0.0,0,0.0,0,0.0,0,0.0,0
2012-10-16T09:19:42.500,2298.4,13006,2298.2,51,0.0,0,0.0,0,0.0,0,0.0,0,2298.6,13,0.0,0,0.0,0,0.0,0,0.0,0
2012-10-16T09:19:43.000,2298.6,13007,2298.4,3,0.0,0,0.0,0,0.0,0,0.0,0,2298.6,12,0.0,0,0.0,0,0.0,0,0.0,0
2012-10-16T09:19:43.500,2298.6,13011,2298.4,2,0.0,0,0.0,0,0.0,0,0.0,0,2298.6,11,0.0,0,0.0,0,0.0,0,0.0,0
2012-10-16T09:19:44.000,2298.4,13015,2298.4,9,0.0,0,0.0,0,0.0,0,0.0,0,2298.6,11,0.0,0,0.0,0,0.0,0,0.0,0
2012-10-16T09:19:44.500,2298.6,13024,2298.4,9,0.0,0,0.0,0,0.0,0,0.0,0,2298.6,3,0.0,0,0.0,0,0.0,0,0.0,0
2012-10-16T09:19:45.000,2298.8,13032,2298.4,14,0.0,0,0.0,0,0.0,0,0.0,0,2298.8,10,0.0,0,0.0,0,0.0,0,0.0,0
2012-10-16T09:19:45.500,2298.4,13033,2298.4,14,0.0,0,0.0,0,0.0,0,0.0,0,2298.8,13,0.0,0,0.0,0,0.0,0,0.0,0
2012-10-16T09:19:46.000,2298.8,13036,2298.6,1,0.0,0,0.0,0,0.0,0,0.0,0,2298.8,10,0.0,0,0.0,0,0.0,0,0.0,0
2012-10-16T09:19:46.500,2298.4,13049,2298.4,11,0.0,0,0.0,0,0.0,0,0.0,0,2298.8,6,0.0,0,0.0,0,0.0,0,0.0,0
2012-10-16T09:19:47.000,2298.8,13063,2298.6,23,0.0,0,0.0,0,0.0,0,0.0,0,2298.8,20,0.0,0,0.0,0,0.0,0,0.0,0
2012-10-16T09:19:47.500,2298.8,13066,2298.6,23,0.0,0,0.0,0,0.0,0,0.0,0,2298.8,17,0.0,0,0.0,0,0.0,0,0.0,0
2012-10-16T09:19:48.000,2298.8,13070,2298.6,23,0.0,0,0.0,0,0.0,0,0.0,0,2298.8,14,0.0,0,0.0,0,0.0,0,0.0,0
2012-10-16T09:19:48.500,2298.8,13077,2298.6,23,0.0,0,0.0,0,0.0,0,0.0,0,2298.8,8,0.0,0,0.0,0,0.0,0,0.0,0
2012-10-16T09:19:49.000,2298.8,13081,2298.6,22,0.0,0,0.0,0,0.0,0,0.0,0,2298.8,5,0.0,0,0.0,0,0.0,0,0.0,0
2012-10-16T09:19:49.500,2298.6,13094,2298.6,17,0.0,0,0.0,0,0.0,0,0.0,0,2299,60,0.0,0,0.0,0,0.0,0,0.0,0
2012-10-16T09:19:50.000,2299,13099,2298.8,2,0.0,0,0.0,0,0.0,0,0.0,0,2299,57,0.0,0,0.0,0,0.0,0,0.0,0
2012-10-16T09:19:50.500,2299,13102,2298.8,1,0.0,0,0.0,0,0.0,0,0.0,0,2299,55,0.0,0,0.0,0,0.0,0,0.0,0
2012-10-16T09:19:51.000,2298.8,13110,2298.8,1,0.0,0,0.0,0,0.0,0,0.0,0,2299,50,0.0,0,0.0,0,0.0,0,0.0,0
2012-10-16T09:19:51.500,2298.6,13117,2298.6,19,0.0,0,0.0,0,0.0,0,0.0,0,2298.8,1,0.0,0,0.0,0,0.0,0,0.0,0
2012-10-16T09:19:52.000,2299,13125,2298.6,20,0.0,0,0.0,0,0.0,0,0.0,0,2298.8,1,0.0,0,0.0,0,0.0,0,0.0,0
2012-10-16T09:19:52.500,2298.8,13127,2298.6,21,0.0,0,0.0,0,0.0,0,0.0,0,2298.8,12,0.0,0,0.0,0,0.0,0,0.0,0
2012-10-16T09:19:53.000,2298.8,13131,2298.6,20,0.0,0,0.0,0,0.0,0,0.0,0,2298.8,18,0.0,0,0.0,0,0.0,0,0.0,0
2012-10-16T09:19:53.500,2298.8,13139,2298.6,21,0.0,0,0.0,0,0.0,0,0.0,0,2298.8,23,0.0,0,0.0,0,0.0,0,0.0,0
2012-10-16T09:19:54.000,2298.6,13144,2298.6,17,0.0,0,0.0,0,0.0,0,0.0,0,2298.8,35,0.0,0,0.0,0,0.0,0,0.0,0
2012-10-16T09:19:54.500,2298.6,13167,2298.4,20,0.0,0,0.0,0,0.0,0,0.0,0,2298.6,24,0.0,0,0.0,0,0.0,0,0.0,0
2012-10-16T09:19:55.000,2298.6,13174,2298.4,20,0.0,0,0.0,0,0.0,0,0.0,0,2298.6,19,0.0,0,0.0,0,0.0,0,0.0,0
2012-10-16T09:19:55.500,2298.6,13182,2298.4,19,0.0,0,0.0,0,0.0,0,0.0,0,2298.6,25,0.0,0,0.0,0,0.0,0,0.0,0
2012-10-16T09:19:56.000,2298.6,13183,2298.4,27,0.0,0,0.0,0,0.0,0,0.0,0,2298.6,27,0.0,0,0.0,0,0.0,0,0.0,0
2012-10-16T09:19:56.500,2298.6,13190,2298.4,23,0.0,0,0.0,0,0.0,0,0.0,0,2298.6,30,0.0,0,0.0,0,0.0,0,0.0,0
2012-10-16T09:19:57.000,2298.6,13199,2298.4,43,0.0,0,0.0,0,0.0,0,0.0,0,2298.6,25,0.0,0,0.0,0,0.0,0,0.0,0
2012-10-16T09:19:57.500,2298.6,13236,2298.6,1,0.0,0,0.0,0,0.0,0,0.0,0,2298.8,23,0.0,0,0.0,0,0.0,0,0.0,0
2012-10-16T09:19:58.000,2298.8,13247,2298.6,5,0.0,0,0.0,0,0.0,0,0.0,0,2298.8,16,0.0,0,0.0,0,0.0,0,0.0,0
2012-10-16T09:19:58.500,2298.8,13248,2298.6,6,0.0,0,0.0,0,0.0,0,0.0,0,2298.8,14,0.0,0,0.0,0,0.0,0,0.0,0
2012-10-16T09:19:59.000,2298.6,13252,2298.6,8,0.0,0,0.0,0,0.0,0,0.0,0,2298.8,14,0.0,0,0.0,0,0.0,0,0.0,0
2012-10-16T09:19:59.500,2298.6,13253,2298.6,9,0.0,0,0.0,0,0.0,0,0.0,0,2298.8,14,0.0,0,0.0,0,0.0,0,0.0,0
2012-10-16T09:20:00.000,2298.8,13254,2298.6,5,0.0,0,0.0,0,0.0,0,0.0,0,2298.8,13,0.0,0,0.0,0,0.0,0,0.0,0
2012-10-16T09:20:00.500,2298.6,13289,2298.6,8,0.0,0,0.0,0,0.0,0,0.0,0,2299,55,0.0,0,0.0,0,0.0,0,0.0,0
2012-10-16T09:20:01.000,2298.8,13304,2298.8,10,0.0,0,0.0,0,0.0,0,0.0,0,2299,49,0.0,0,0.0,0,0.0,0,0.0,0
2012-10-16T09:20:01.500,2299,13327,2298.4,35,0.0,0,0.0,0,0.0,0,0.0,0,2298.6,2,0.0,0,0.0,0,0.0,0,0.0,0
2012-10-16T09:20:02.000,2298.4,13374,2298.4,20,0.0,0,0.0,0,0.0,0,0.0,0,2298.6,3,0.0,0,0.0,0,0.0,0,0.0,0
2012-10-16T09:20:02.500,2298.8,13391,2298.6,24,0.0,0,0.0,0,0.0,0,0.0,0,2298.8,17,0.0,0,0.0,0,0.0,0,0.0,0
2012-10-16T09:20:03.000,2298.8,13399,2298.6,49,0.0,0,0.0,0,0.0,0,0.0,0,2298.8,9,0.0,0,0.0,0,0.0,0,0.0,0
2012-10-16T09:20:03.500,2298.6,13401,2298.6,49,0.0,0,0.0,0,0.0,0,0.0,0,2298.8,9,0.0,0,0.0,0,0.0,0,0.0,0
2012-10-16T09:20:04.000,2298.8,13408,2298.6,52,0.0,0,0.0,0,0.0,0,0.0,0,2298.8,3,0.0,0,0.0,0,0.0,0,0.0,0
2012-10-16T09:20:04.500,2298.8,13414,2298.8,16,0.0,0,0.0,0,0.0,0,0.0,0,2299,33,0.0,0,0.0,0,0.0,0,0.0,0
2012-10-16T09:20:05.000,2299,13419,2298.8,13,0.0,0,0.0,0,0.0,0,0.0,0,2299,31,0.0,0,0.0,0,0.0,0,0.0,0
2012-10-16T09:20:05.500,2299,13425,2298.8,57,0.0,0,0.0,0,0.0,0,0.0,0,2299,25,0.0,0,0.0,0,0.0,0,0.0,0
2012-10-16T09:20:06.000,2299,13435,2298.8,58,0.0,0,0.0,0,0.0,0,0.0,0,2299,15,0.0,0,0.0,0,0.0,0,0.0,0
2012-10-16T09:20:06.500,2299.2,13458,2299,40,0.0,0,0.0,0,0.0,0,0.0,0,2299.2,15,0.0,0,0.0,0,0.0,0,0.0,0
2012-10-16T09:20:07.000,2299.2,13468,2299,52,0.0,0,0.0,0,0.0,0,0.0,0,2299.2,6,0.0,0,0.0,0,0.0,0,0.0,0
2012-10-16T09:20:07.500,2299.4,13477,2299.2,5,0.0,0,0.0,0,0.0,0,0.0,0,2299.4,8,0.0,0,0.0,0,0.0,0,0.0,0
2012-10-16T09:20:08.000,2299.4,13482,2299.2,6,0.0,0,0.0,0,0.0,0,0.0,0,2299.4,7,0.0,0,0.0,0,0.0,0,0.0,0
2012-10-16T09:20:08.500,2299.4,13503,2299.2,9,0.0,0,0.0,0,0.0,0,0.0,0,2299.4,19,0.0,0,0.0,0,0.0,0,0.0,0
2012-10-16T09:20:09.000,2299.4,13521,2299.2,4,0.0,0,0.0,0,0.0,0,0.0,0,2299.4,17,0.0,0,0.0,0,0.0,0,0.0,0
2012-10-16T09:20:09.500,2299.2,13533,2299,35,0.0,0,0.0,0,0.0,0,0.0,0,2299.2,1,0.0,0,0.0,0,0.0,0,0.0,0
2012-10-16T09:20:10.000,2299.4,13542,2299,36,0.0,0,0.0,0,0.0,0,0.0,0,2299.4,10,0.0,0,0.0,0,0.0,0,0.0,0
2012-10-16T09:20:10.500,2299.2,13564,2299,26,0.0,0,0.0,0,0.0,0,0.0,0,2299.2,11,0.0,0,0.0,0,0.0,0,0.0,0
2012-10-16T09:20:11.000,2299.6,13579,2299.4,11,0.0,0,0.0,0,0.0,0,0.0,0,2299.6,15,0.0,0,0.0,0,0.0,0,0.0,0
2012-10-16T09:20:11.500,2299.4,13586,2299.4,7,0.0,0,0.0,0,0.0,0,0.0,0,2299.6,12,0.0,0,0.0,0,0.0,0,0.0,0
2012-10-16T09:20:12.000,2299.6,13593,2299.4,8,0.0,0,0.0,0,0.0,0,0.0,0,2299.6,10,0.0,0,0.0,0,0.0,0,0.0,0
2012-10-16T09:20:12.500,2299.4,13604,2299.2,32,0.0,0,0.0,0,0.0,0,0.0,0,2299.4,1,0.0,0,0.0,0,0.0,0,0.0,0
2012-10-16T09:20:13.000,2299.6,13607,2299.4,5,0.0,0,0.0,0,0.0,0,0.0,0,2299.6,7,0.0,0,0.0,0,0.0,0,0.0,0
2012-10-16T09:20:13.500,2299.6,13619,2299.6,2,0.0,0,0.0,0,0.0,0,0.0,0,2299.8,21,0.0,0,0.0,0,0.0,0,0.0,0
2012-10-16T09:20:14.000,2299.6,13624,2299.6,6,0.0,0,0.0,0,0.0,0,0.0,0,2299.8,18,0.0,0,0.0,0,0.0,0,0.0,0
2012-10-16T09:20:14.500,2299.6,13638,2299.6,1,0.0,0,0.0,0,0.0,0,0.0,0,2299.8,12,0.0,0,0.0,0,0.0,0,0.0,0
2012-10-16T09:20:15.000,2299.8,13653,2299.6,2,0.0,0,0.0,0,0.0,0,0.0,0,2299.8,41,0.0,0,0.0,0,0.0,0,0.0,0
2012-10-16T09:20:15.500,2299.8,13656,2299.6,1,0.0,0,0.0,0,0.0,0,0.0,0,2299.8,45,0.0,0,0.0,0,0.0,0,0.0,0
2012-10-16T09:20:16.000,2299.6,13663,2299.4,20,0.0,0,0.0,0,0.0,0,0.0,0,2299.6,21,0.0,0,0.0,0,0.0,0,0.0,0
2012-10-16T09:20:16.500,2299.4,13680,2299.4,15,0.0,0,0.0,0,0.0,0,0.0,0,2299.6,10,0.0,0,0.0,0,0.0,0,0.0,0
2012-10-16T09:20:17.000,2299.6,13690,2299.4,15,0.0,0,0.0,0,0.0,0,0.0,0,2299.6,1,0.0,0,0.0,0,0.0,0,0.0,0
2012-10-16T09:20:17.500,2299.6,13699,2299.4,11,0.0,0,0.0,0,0.0,0,0.0,0,2299.6,1,0.0,0,0.0,0,0.0,0,0.0,0
2012-10-16T09:20:18.000,2299.6,13705,2299.6,4,0.0,0,0.0,0,0.0,0,0.0,0,2299.8,64,0.0,0,0.0,0,0.0,0,0.0,0
2012-10-16T09:20:18.500,2299.8,13755,2299.4,13,0.0,0,0.0,0,0.0,0,0.0,0,2299.8,25,0.0,0,0.0,0,0.0,0,0.0,0
2012-10-16T09:20:19.000,2299.6,13760,2299.6,2,0.0,0,0.0,0,0.0,0,0.0,0,2299.8,27,0.0,0,0.0,0,0.0,0,0.0,0
2012-10-16T09:20:19.500,2299.8,13768,2299.6,1,0.0,0,0.0,0,0.0,0,0.0,0,2299.8,21,0.0,0,0.0,0,0.0,0,0.0,0
2012-10-16T09:20:20.000,2299.8,13771,2299.6,1,0.0,0,0.0,0,0.0,0,0.0,0,2299.8,23,0.0,0,0.0,0,0.0,0,0.0,0
2012-10-16T09:20:20.500,2299.8,13774,2299.6,1,0.0,0,0.0,0,0.0,0,0.0,0,2299.8,30,0.0,0,0.0,0,0.0,0,0.0,0
2012-10-16T09:20:21.000,2299.8,13785,2299.4,16,0.0,0,0.0,0,0.0,0,0.0,0,2299.8,25,0.0,0,0.0,0,0.0,0,0.0,0
2012-10-16T09:20:21.500,2299.8,13791,2299.4,15,0.0,0,0.0,0,0.0,0,0.0,0,2299.8,24,0.0,0,0.0,0,0.0,0,0.0,0
2012-10-16T09:20:22.000,2299.8,13792,2299.4,16,0.0,0,0.0,0,0.0,0,0.0,0,2299.6,1,0.0,0,0.0,0,0.0,0,0.0,0
2012-10-16T09:20:22.500,2299.6,13798,2299.4,18,0.0,0,0.0,0,0.0,0,0.0,0,2299.6,3,0.0,0,0.0,0,0.0,0,0.0,0
2012-10-16T09:20:23.000,2299.6,13804,2299.4,18,0.0,0,0.0,0,0.0,0,0.0,0,2299.6,9,0.0,0,0.0,0,0.0,0,0.0,0
2012-10-16T09:20:23.500,2299.4,13806,2299.4,21,0.0,0,0.0,0,0.0,0,0.0,0,2299.6,10,0.0,0,0.0,0,0.0,0,0.0,0
2012-10-16T09:20:24.000,2299.6,13808,2299.4,21,0.0,0,0.0,0,0.0,0,0.0,0,2299.6,15,0.0,0,0.0,0,0.0,0,0.0,0
2012-10-16T09:20:24.500,2299.4,13809,2299.4,20,0.0,0,0.0,0,0.0,0,0.0,0,2299.6,16,0.0,0,0.0,0,0.0,0,0.0,0
2012-10-16T09:20:25.000,2299.6,13828,2299.4,10,0.0,0,0.0,0,0.0,0,0.0,0,2299.6,7,0.0,0,0.0,0,0.0,0,0.0,0
2012-10-16T09:20:25.500,2299.6,13830,2299.4,13,0.0,0,0.0,0,0.0,0,0.0,0,2299.8,27,0.0,0,0.0,0,0.0,0,0.0,0
2012-10-16T09:20:26.000,2299.4,13844,2299.2,20,0.0,0,0.0,0,0.0,0,0.0,0,2299.4,14,0.0,0,0.0,0,0.0,0,0.0,0
2012-10-16T09:20:26.500,2299.4,13859,2299.4,9,0.0,0,0.0,0,0.0,0,0.0,0,2299.6,20,0.0,0,0.0,0,0.0,0,0.0,0
2012-10-16T09:20:27.000,2299.4,13861,2299.4,7,0.0,0,0.0,0,0.0,0,0.0,0,2299.6,20,0.0,0,0.0,0,0.0,0,0.0,0
2012-10-16T09:20:27.500,2299.6,13864,2299.4,5,0.0,0,0.0,0,0.0,0,0.0,0,2299.6,19,0.0,0,0.0,0,0.0,0,0.0,0
2012-10-16T09:20:28.000,2299.4,13865,2299.4,5,0.0,0,0.0,0,0.0,0,0.0,0,2299.6,19,0.0,0,0.0,0,0.0,0,0.0,0
2012-10-16T09:20:28.500,2299.6,13868,2299.4,3,0.0,0,0.0,0,0.0,0,0.0,0,2299.6,20,0.0,0,0.0,0,0.0,0,0.0,0
2012-10-16T09:20:29.000,2299.4,13869,2299.4,2,0.0,0,0.0,0,0.0,0,0.0,0,2299.6,20,0.0,0,0.0,0,0.0,0,0.0,0
2012-10-16T09:20:29.500,2299.4,13872,2299.4,1,0.0,0,0.0,0,0.0,0,0.0,0,2299.6,20,0.0,0,0.0,0,0.0,0,0.0,0
2012-10-16T09:20:30.000,2299.4,13875,2299.2,27,0.0,0,0.0,0,0.0,0,0.0,0,2299.4,3,0.0,0,0.0,0,0.0,0,0.0,0
2012-10-16T09:20:30.500,2299.4,13878,2299.2,25,0.0,0,0.0,0,0.0,0,0.0,0,2299.4,2,0.0,0,0.0,0,0.0,0,0.0,0
2012-10-16T09:20:31.000,2299.4,13879,2299.2,25,0.0,0,0.0,0,0.0,0,0.0,0,2299.4,3,0.0,0,0.0,0,0.0,0,0.0,0
2012-10-16T09:20:31.500,2299.4,13887,2299.2,25,0.0,0,0.0,0,0.0,0,0.0,0,2299.4,3,0.0,0,0.0,0,0.0,0,0.0,0
2012-10-16T09:20:32.000,2299.4,13890,2299.4,4,0.0,0,0.0,0,0.0,0,0.0,0,2299.6,12,0.0,0,0.0,0,0.0,0,0.0,0
2012-10-16T09:20:32.500,2299.4,13891,2299.4,15,0.0,0,0.0,0,0.0,0,0.0,0,2299.6,12,0.0,0,0.0,0,0.0,0,0.0,0
2012-10-16T09:20:33.250,2299.4,13892,2299.4,14,0.0,0,0.0,0,0.0,0,0.0,0,2299.6,14,0.0,0,0.0,0,0.0,0,0.0,0
2012-10-16T09:20:34.000,2299.4,13894,2299.4,18,0.0,0,0.0,0,0.0,0,0.0,0,2299.6,12,0.0,0,0.0,0,0.0,0,0.0,0
2012-10-16T09:20:34.500,2299.6,13895,2299.4,19,0.0,0,0.0,0,0.0,0,0.0,0,2299.6,12,0.0,0,0.0,0,0.0,0,0.0,0
2012-10-16T09:20:35.000,2299.6,13896,2299.4,19,0.0,0,0.0,0,0.0,0,0.0,0,2299.6,12,0.0,0,0.0,0,0.0,0,0.0,0
2012-10-16T09:20:35.500,2299.6,13902,2299.4,14,0.0,0,0.0,0,0.0,0,0.0,0,2299.6,11,0.0,0,0.0,0,0.0,0,0.0,0
2012-10-16T09:20:36.000,2299.6,13914,2299.4,14,0.0,0,0.0,0,0.0,0,0.0,0,2299.8,40,0.0,0,0.0,0,0.0,0,0.0,0
2012-10-16T09:20:36.500,2299.6,13915,2299.4,13,0.0,0,0.0,0,0.0,0,0.0,0,2299.6,1,0.0,0,0.0,0,0.0,0,0.0,0
2012-10-16T09:20:37.000,2299.8,13937,2299.4,11,0.0,0,0.0,0,0.0,0,0.0,0,2299.6,3,0.0,0,0.0,0,0.0,0,0.0,0
2012-10-16T09:20:37.500,2299.8,13938,2299.4,11,0.0,0,0.0,0,0.0,0,0.0,0,2299.6,2,0.0,0,0.0,0,0.0,0,0.0,0
2012-10-16T09:20:38.000,2299.6,13943,2299.4,9,0.0,0,0.0,0,0.0,0,0.0,0,2299.6,5,0.0,0,0.0,0,0.0,0,0.0,0
2012-10-16T09:20:38.500,2299.6,13945,2299.4,9,0.0,0,0.0,0,0.0,0,0.0,0,2299.6,11,0.0,0,0.0,0,0.0,0,0.0,0
2012-10-16T09:20:39.000,2299.6,13946,2299.4,9,0.0,0,0.0,0,0.0,0,0.0,0,2299.6,12,0.0,0,0.0,0,0.0,0,0.0,0
2012-10-16T09:20:39.500,2299.4,13948,2299.4,8,0.0,0,0.0,0,0.0,0,0.0,0,2299.6,13,0.0,0,0.0,0,0.0,0,0.0,0
2012-10-16T09:20:40.000,2299.6,13951,2299.4,9,0.0,0,0.0,0,0.0,0,0.0,0,2299.6,12,0.0,0,0.0,0,0.0,0,0.0,0
2012-10-16T09:20:40.500,2299.4,13953,2299.4,9,0.0,0,0.0,0,0.0,0,0.0,0,2299.6,14,0.0,0,0.0,0,0.0,0,0.0,0
2012-10-16T09:20:41.000,2299.6,13956,2299.4,10,0.0,0,0.0,0,0.0,0,0.0,0,2299.6,13,0.0,0,0.0,0,0.0,0,0.0,0
2012-10-16T09:20:41.500,2299.4,13963,2299.4,4,0.0,0,0.0,0,0.0,0,0.0,0,2299.6,15,0.0,0,0.0,0,0.0,0,0.0,0
2012-10-16T09:20:42.000,2299.4,13965,2299.4,4,0.0,0,0.0,0,0.0,0,0.0,0,2299.6,14,0.0,0,0.0,0,0.0,0,0.0,0
2012-10-16T09:20:42.500,2299.6,13966,2299.4,4,0.0,0,0.0,0,0.0,0,0.0,0,2299.6,13,0.0,0,0.0,0,0.0,0,0.0,0
2012-10-16T09:20:43.000,2299.6,13979,2299.4,9,0.0,0,0.0,0,0.0,0,0.0,0,2299.6,1,0.0,0,0.0,0,0.0,0,0.0,0
2012-10-16T09:20:43.500,2299.6,13981,2299.4,11,0.0,0,0.0,0,0.0,0,0.0,0,2299.8,30,0.0,0,0.0,0,0.0,0,0.0,0
2012-10-16T09:20:44.000,2299.4,13986,2299.6,2,0.0,0,0.0,0,0.0,0,0.0,0,2299.8,31,0.0,0,0.0,0,0.0,0,0.0,0
2012-10-16T09:20:44.500,2299.6,13987,2299.6,1,0.0,0,0.0,0,0.0,0,0.0,0,2299.8,31,0.0,0,0.0,0,0.0,0,0.0,0
2012-10-16T09:20:45.000,2299.6,13988,2299.6,1,0.0,0,0.0,0,0.0,0,0.0,0,2299.8,31,0.0,0,0.0,0,0.0,0,0.0,0
2012-10-16T09:20:45.500,2299.8,13990,2299.6,1,0.0,0,0.0,0,0.0,0,0.0,0,2299.8,30,0.0,0,0.0,0,0.0,0,0.0,0
2012-10-16T09:20:46.000,2299.8,13993,2299.4,15,0.0,0,0.0,0,0.0,0,0.0,0,2299.6,1,0.0,0,0.0,0,0.0,0,0.0,0
2012-10-16T09:20:46.500,2299.8,13994,2299.6,19,0.0,0,0.0,0,0.0,0,0.0,0,2299.8,28,0.0,0,0.0,0,0.0,0,0.0,0
2012-10-16T09:20:47.250,2299.6,13995,2299.6,18,0.0,0,0.0,0,0.0,0,0.0,0,2299.8,28,0.0,0,0.0,0,0.0,0,0.0,0
2012-10-16T09:20:48.000,2299.6,14006,2299.6,43,0.0,0,0.0,0,0.0,0,0.0,0,2299.8,28,0.0,0,0.0,0,0.0,0,0.0,0
2012-10-16T09:20:48.500,2299.8,14010,2299.6,43,0.0,0,0.0,0,0.0,0,0.0,0,2299.8,25,0.0,0,0.0,0,0.0,0,0.0,0
2012-10-16T09:20:49.000,2299.8,14035,2299.8,1,0.0,0,0.0,0,0.0,0,0.0,0,2300,70,0.0,0,0.0,0,0.0,0,0.0,0
2012-10-16T09:20:49.500,2299.8,14036,2299.8,10,0.0,0,0.0,0,0.0,0,0.0,0,2300,69,0.0,0,0.0,0,0.0,0,0.0,0
2012-10-16T09:20:50.000,2300,14056,2299.8,1,0.0,0,0.0,0,0.0,0,0.0,0,2300,67,0.0,0,0.0,0,0.0,0,0.0,0
2012-10-16T09:20:50.500,2299.6,14058,2299.6,48,0.0,0,0.0,0,0.0,0,0.0,0,2299.8,2,0.0,0,0.0,0,0.0,0,0.0,0
2012-10-16T09:20:51.000,2299.8,14061,2299.6,47,0.0,0,0.0,0,0.0,0,0.0,0,2299.8,6,0.0,0,0.0,0,0.0,0,0.0,0
2012-10-16T09:20:51.500,2299.8,14064,2299.6,47,0.0,0,0.0,0,0.0,0,0.0,0,2299.8,9,0.0,0,0.0,0,0.0,0,0.0,0
2012-10-16T09:20:52.000,2299.8,14065,2299.6,47,0.0,0,0.0,0,0.0,0,0.0,0,2299.8,11,0.0,0,0.0,0,0.0,0,0.0,0
2012-10-16T09:20:52.500,2299.8,14068,2299.6,48,0.0,0,0.0,0,0.0,0,0.0,0,2299.8,9,0.0,0,0.0,0,0.0,0,0.0,0
2012-10-16T09:20:53.000,2299.6,14099,2299.6,18,0.0,0,0.0,0,0.0,0,0.0,0,2299.8,9,0.0,0,0.0,0,0.0,0,0.0,0
2012-10-16T09:20:53.500,2299.6,14141,2299.4,7,0.0,0,0.0,0,0.0,0,0.0,0,2299.6,14,0.0,0,0.0,0,0.0,0,0.0,0
2012-10-16T09:20:54.000,2299.6,14147,2299.4,5,0.0,0,0.0,0,0.0,0,0.0,0,2299.6,16,0.0,0,0.0,0,0.0,0,0.0,0
2012-10-16T09:20:54.500,2299.6,14148,2299.4,10,0.0,0,0.0,0,0.0,0,0.0,0,2299.6,19,0.0,0,0.0,0,0.0,0,0.0,0
2012-10-16T09:20:55.000,2299.4,14165,2299.2,22,0.0,0,0.0,0,0.0,0,0.0,0,2299.4,33,0.0,0,0.0,0,0.0,0,0.0,0
2012-10-16T09:20:55.500,2299.2,14168,2299.2,21,0.0,0,0.0,0,0.0,0,0.0,0,2299.4,32,0.0,0,0.0,0,0.0,0,0.0,0
2012-10-16T09:20:56.000,2299.4,14170,2299.2,21,0.0,0,0.0,0,0.0,0,0.0,0,2299.4,30,0.0,0,0.0,0,0.0,0,0.0,0
2012-10-16T09:20:56.500,2299.2,14192,2299,34,0.0,0,0.0,0,0.0,0,0.0,0,2299.2,29,0.0,0,0.0,0,0.0,0,0.0,0
2012-10-16T09:20:57.000,2299,14222,2298.8,57,0.0,0,0.0,0,0.0,0,0.0,0,2299,20,0.0,0,0.0,0,0.0,0,0.0,0
2012-10-16T09:20:57.500,2299,14229,2298.8,55,0.0,0,0.0,0,0.0,0,0.0,0,2299,22,0.0,0,0.0,0,0.0,0,0.0,0
2012-10-16T09:20:58.000,2298.8,14245,2298.8,46,0.0,0,0.0,0,0.0,0,0.0,0,2299,21,0.0,0,0.0,0,0.0,0,0.0,0
2012-10-16T09:20:58.500,2298.8,14264,2298.8,39,0.0,0,0.0,0,0.0,0,0.0,0,2299,6,0.0,0,0.0,0,0.0,0,0.0,0
2012-10-16T09:20:59.000,2299.2,14290,2298.8,25,0.0,0,0.0,0,0.0,0,0.0,0,2299.2,27,0.0,0,0.0,0,0.0,0,0.0,0
2012-10-16T09:20:59.500,2298.8,14305,2298.8,11,0.0,0,0.0,0,0.0,0,0.0,0,2299.2,27,0.0,0,0.0,0,0.0,0,0.0,0
2012-10-16T09:21:00.000,2299.2,14310,2298.8,10,0.0,0,0.0,0,0.0,0,0.0,0,2299.2,24,0.0,0,0.0,0,0.0,0,0.0,0
2012-10-16T09:21:00.500,2298.8,14321,2298.8,7,0.0,0,0.0,0,0.0,0,0.0,0,2299,4,0.0,0,0.0,0,0.0,0,0.0,0
2012-10-16T09:21:01.000,2298.6,14341,2298.6,34,0.0,0,0.0,0,0.0,0,0.0,0,2298.8,1,0.0,0,0.0,0,0.0,0,0.0,0
2012-10-16T09:21:01.500,2299,14358,2298.8,2,0.0,0,0.0,0,0.0,0,0.0,0,2299,20,0.0,0,0.0,0,0.0,0,0.0,0
2012-10-16T09:21:02.000,2298.8,14383,2298.6,31,0.0,0,0.0,0,0.0,0,0.0,0,2298.8,6,0.0,0,0.0,0,0.0,0,0.0,0
2012-10-16T09:21:02.500,2299,14397,2298.8,1,0.0,0,0.0,0,0.0,0,0.0,0,2299,3,0.0,0,0.0,0,0.0,0,0.0,0
2012-10-16T09:21:03.000,2299,14410,2299,19,0.0,0,0.0,0,0.0,0,0.0,0,2299.2,43,0.0,0,0.0,0,0.0,0,0.0,0
2012-10-16T09:21:03.500,2299,14413,2299,17,0.0,0,0.0,0,0.0,0,0.0,0,2299.2,42,0.0,0,0.0,0,0.0,0,0.0,0
2012-10-16T09:21:04.000,2299,14430,2298.8,3,0.0,0,0.0,0,0.0,0,0.0,0,2299.2,42,0.0,0,0.0,0,0.0,0,0.0,0
2012-10-16T09:21:04.500,2298.6,14464,2298.4,17,0.0,0,0.0,0,0.0,0,0.0,0,2298.6,9,0.0,0,0.0,0,0.0,0,0.0,0
2012-10-16T09:21:05.000,2299.2,14510,2298.4,9,0.0,0,0.0,0,0.0,0,0.0,0,2299.2,39,0.0,0,0.0,0,0.0,0,0.0,0
2012-10-16T09:21:05.500,2298.6,14513,2298.6,11,0.0,0,0.0,0,0.0,0,0.0,0,2299,15,0.0,0,0.0,0,0.0,0,0.0,0
2012-10-16T09:21:06.000,2298.8,14534,2298.4,2,0.0,0,0.0,0,0.0,0,0.0,0,2298.8,10,0.0,0,0.0,0,0.0,0,0.0,0
2012-10-16T09:21:06.500,2298.6,14541,2298.4,4,0.0,0,0.0,0,0.0,0,0.0,0,2298.6,1,0.0,0,0.0,0,0.0,0,0.0,0
2012-10-16T09:21:07.000,2298.4,14546,2298.2,25,0.0,0,0.0,0,0.0,0,0.0,0,2298.4,2,0.0,0,0.0,0,0.0,0,0.0,0
2012-10-16T09:21:07.500,2298.4,14551,2298.4,2,0.0,0,0.0,0,0.0,0,0.0,0,2298.6,2,0.0,0,0.0,0,0.0,0,0.0,0
2012-10-16T09:21:08.000,2298.4,14556,2298.2,22,0.0,0,0.0,0,0.0,0,0.0,0,2298.4,4,0.0,0,0.0,0,0.0,0,0.0,0
2012-10-16T09:21:08.500,2298.4,14563,2298.2,19,0.0,0,0.0,0,0.0,0,0.0,0,2298.4,10,0.0,0,0.0,0,0.0,0,0.0,0
2012-10-16T09:21:09.000,2298.2,14574,2298.2,8,0.0,0,0.0,0,0.0,0,0.0,0,2298.4,10,0.0,0,0.0,0,0.0,0,0.0,0
2012-10-16T09:21:09.500,2298.2,14598,2298,40,0.0,0,0.0,0,0.0,0,0.0,0,2298.2,24,0.0,0,0.0,0,0.0,0,0.0,0
2012-10-16T09:21:10.000,2298,14626,2298,14,0.0,0,0.0,0,0.0,0,0.0,0,2298.2,27,0.0,0,0.0,0,0.0,0,0.0,0
2012-10-16T09:21:10.500,2298,14642,2297.8,36,0.0,0,0.0,0,0.0,0,0.0,0,2298,8,0.0,0,0.0,0,0.0,0,0.0,0
2012-10-16T09:21:11.000,2298,14653,2297.8,30,0.0,0,0.0,0,0.0,0,0.0,0,2298,38,0.0,0,0.0,0,0.0,0,0.0,0
2012-10-16T09:21:11.500,2298,14664,2297.8,20,0.0,0,0.0,0,0.0,0,0.0,0,2298,44,0.0,0,0.0,0,0.0,0,0.0,0
2012-10-16T09:21:12.000,2297.8,14690,2297.8,1,0.0,0,0.0,0,0.0,0,0.0,0,2298,49,0.0,0,0.0,0,0.0,0,0.0,0
2012-10-16T09:21:12.500,2297.6,14697,2297.6,11,0.0,0,0.0,0,0.0,0,0.0,0,2297.8,23,0.0,0,0.0,0,0.0,0,0.0,0
2012-10-16T09:21:13.000,2297.6,14705,2297.6,9,0.0,0,0.0,0,0.0,0,0.0,0,2297.8,17,0.0,0,0.0,0,0.0,0,0.0,0
2012-10-16T09:21:13.500,2297.4,14727,2297.4,21,0.0,0,0.0,0,0.0,0,0.0,0,2297.6,2,0.0,0,0.0,0,0.0,0,0.0,0
2012-10-16T09:21:14.000,2297.6,14748,2297.6,7,0.0,0,0.0,0,0.0,0,0.0,0,2297.8,6,0.0,0,0.0,0,0.0,0,0.0,0
2012-10-16T09:21:14.500,2297.4,14763,2297.4,20,0.0,0,0.0,0,0.0,0,0.0,0,2297.6,4,0.0,0,0.0,0,0.0,0,0.0,0
2012-10-16T09:21:15.000,2297.4,14789,2297.2,46,0.0,0,0.0,0,0.0,0,0.0,0,2297.4,30,0.0,0,0.0,0,0.0,0,0.0,0
2012-10-16T09:21:15.500,2297.2,14855,2297.2,40,0.0,0,0.0,0,0.0,0,0.0,0,2297.4,1,0.0,0,0.0,0,0.0,0,0.0,0
2012-10-16T09:21:16.000,2297.4,14912,2297.4,1,0.0,0,0.0,0,0.0,0,0.0,0,2297.6,23,0.0,0,0.0,0,0.0,0,0.0,0
2012-10-16T09:21:16.500,2296.8,14955,2296.8,2,0.0,0,0.0,0,0.0,0,0.0,0,2297,2,0.0,0,0.0,0,0.0,0,0.0,0
2012-10-16T09:21:17.000,2296.8,14969,2296.8,14,0.0,0,0.0,0,0.0,0,0.0,0,2297.2,49,0.0,0,0.0,0,0.0,0,0.0,0
2012-10-16T09:21:17.500,2296.8,15011,2296.8,14,0.0,0,0.0,0,0.0,0,0.0,0,2297.2,53,0.0,0,0.0,0,0.0,0,0.0,0
2012-10-16T09:21:18.000,2297,15047,2296.8,16,0.0,0,0.0,0,0.0,0,0.0,0,2297,2,0.0,0,0.0,0,0.0,0,0.0,0
2012-10-16T09:21:18.500,2296.8,15070,2297,1,0.0,0,0.0,0,0.0,0,0.0,0,2297.2,49,0.0,0,0.0,0,0.0,0,0.0,0
2012-10-16T09:21:19.000,2297,15109,2296.6,102,0.0,0,0.0,0,0.0,0,0.0,0,2297,19,0.0,0,0.0,0,0.0,0,0.0,0
2012-10-16T09:21:19.500,2297,15123,2296.8,29,0.0,0,0.0,0,0.0,0,0.0,0,2297,22,0.0,0,0.0,0,0.0,0,0.0,0
2012-10-16T09:21:20.000,2297,15168,2297,9,0.0,0,0.0,0,0.0,0,0.0,0,2297.2,56,0.0,0,0.0,0,0.0,0,0.0,0
2012-10-16T09:21:20.500,2297.2,15184,2297,12,0.0,0,0.0,0,0.0,0,0.0,0,2297.2,45,0.0,0,0.0,0,0.0,0,0.0,0
2012-10-16T09:21:21.000,2297.2,15214,2297,5,0.0,0,0.0,0,0.0,0,0.0,0,2297.2,38,0.0,0,0.0,0,0.0,0,0.0,0
2012-10-16T09:21:21.500,2297.2,15252,2297,9,0.0,0,0.0,0,0.0,0,0.0,0,2297.2,14,0.0,0,0.0,0,0.0,0,0.0,0
2012-10-16T09:21:22.000,2297.2,15278,2297.2,33,0.0,0,0.0,0,0.0,0,0.0,0,2297.4,52,0.0,0,0.0,0,0.0,0,0.0,0
2012-10-16T09:21:22.500,2297.4,15288,2297.2,30,0.0,0,0.0,0,0.0,0,0.0,0,2297.4,49,0.0,0,0.0,0,0.0,0,0.0,0
2012-10-16T09:21:23.000,2297.2,15295,2297.2,33,0.0,0,0.0,0,0.0,0,0.0,0,2297.4,45,0.0,0,0.0,0,0.0,0,0.0,0
2012-10-16T09:21:23.500,2297.4,15309,2297.2,28,0.0,0,0.0,0,0.0,0,0.0,0,2297.4,29,0.0,0,0.0,0,0.0,0,0.0,0
2012-10-16T09:21:24.000,2297.2,15332,2297.2,12,0.0,0,0.0,0,0.0,0,0.0,0,2297.4,24,0.0,0,0.0,0,0.0,0,0.0,0
2012-10-16T09:21:24.500,2297.2,15339,2297.2,18,0.0,0,0.0,0,0.0,0,0.0,0,2297.4,22,0.0,0,0.0,0,0.0,0,0.0,0
2012-10-16T09:21:25.000,2297.2,15377,2297.2,1,0.0,0,0.0,0,0.0,0,0.0,0,2297.4,12,0.0,0,0.0,0,0.0,0,0.0,0
2012-10-16T09:21:25.500,2297.2,15389,2297,18,0.0,0,0.0,0,0.0,0,0.0,0,2297.2,5,0.0,0,0.0,0,0.0,0,0.0,0
2012-10-16T09:21:26.000,2297.2,15391,2297,18,0.0,0,0.0,0,0.0,0,0.0,0,2297.2,3,0.0,0,0.0,0,0.0,0,0.0,0
2012-10-16T09:21:26.500,2297.4,15402,2297.4,4,0.0,0,0.0,0,0.0,0,0.0,0,2297.6,47,0.0,0,0.0,0,0.0,0,0.0,0
2012-10-16T09:21:27.000,2297.6,15415,2297.2,5,0.0,0,0.0,0,0.0,0,0.0,0,2297.6,46,0.0,0,0.0,0,0.0,0,0.0,0
2012-10-16T09:21:27.500,2297.2,15419,2297.2,3,0.0,0,0.0,0,0.0,0,0.0,0,2297.4,1,0.0,0,0.0,0,0.0,0,0.0,0
2012-10-16T09:21:28.000,2297.4,15456,2297.2,7,0.0,0,0.0,0,0.0,0,0.0,0,2297.4,7,0.0,0,0.0,0,0.0,0,0.0,0
2012-10-16T09:21:28.500,2297.4,15462,2297.2,10,0.0,0,0.0,0,0.0,0,0.0,0,2297.4,2,0.0,0,0.0,0,0.0,0,0.0,0
2012-10-16T09:21:29.000,2297.2,15469,2297.2,16,0.0,0,0.0,0,0.0,0,0.0,0,2297.6,13,0.0,0,0.0,0,0.0,0,0.0,0
2012-10-16T09:21:29.500,2297.2,15478,2297.2,13,0.0,0,0.0,0,0.0,0,0.0,0,2297.4,1,0.0,0,0.0,0,0.0,0,0.0,0
2012-10-16T09:21:30.000,2297.2,15484,2297.4,18,0.0,0,0.0,0,0.0,0,0.0,0,2297.6,9,0.0,0,0.0,0,0.0,0,0.0,0
2012-10-16T09:21:30.500,2297.6,15494,2297.4,11,0.0,0,0.0,0,0.0,0,0.0,0,2297.6,7,0.0,0,0.0,0,0.0,0,0.0,0
2012-10-16T09:21:31.000,2297.4,15498,2297.2,21,0.0,0,0.0,0,0.0,0,0.0,0,2297.6,7,0.0,0,0.0,0,0.0,0,0.0,0
2012-10-16T09:21:31.500,2297.6,15509,2297.6,25,0.0,0,0.0,0,0.0,0,0.0,0,2297.8,10,0.0,0,0.0,0,0.0,0,0.0,0
2012-10-16T09:21:32.000,2297.8,15515,2297.6,21,0.0,0,0.0,0,0.0,0,0.0,0,2297.8,7,0.0,0,0.0,0,0.0,0,0.0,0
2012-10-16T09:21:32.500,2297.6,15539,2297.6,10,0.0,0,0.0,0,0.0,0,0.0,0,2297.8,4,0.0,0,0.0,0,0.0,0,0.0,0
2012-10-16T09:21:33.000,2298,15548,2297.8,4,0.0,0,0.0,0,0.0,0,0.0,0,2298,24,0.0,0,0.0,0,0.0,0,0.0,0
2012-10-16T09:21:33.500,2298,15565,2297.8,3,0.0,0,0.0,0,0.0,0,0.0,0,2298,24,0.0,0,0.0,0,0.0,0,0.0,0
2012-10-16T09:21:34.000,2298,15567,2297.8,4,0.0,0,0.0,0,0.0,0,0.0,0,2298,22,0.0,0,0.0,0,0.0,0,0.0,0
2012-10-16T09:21:34.500,2297.8,15570,2297.8,3,0.0,0,0.0,0,0.0,0,0.0,0,2298,21,0.0,0,0.0,0,0.0,0,0.0,0
2012-10-16T09:21:35.000,2298,15574,2297.8,8,0.0,0,0.0,0,0.0,0,0.0,0,2298,18,0.0,0,0.0,0,0.0,0,0.0,0
2012-10-16T09:21:35.500,2297.8,15586,2297.6,18,0.0,0,0.0,0,0.0,0,0.0,0,2298,16,0.0,0,0.0,0,0.0,0,0.0,0
2012-10-16T09:21:36.000,2298,15603,2298,7,0.0,0,0.0,0,0.0,0,0.0,0,2298.2,3,0.0,0,0.0,0,0.0,0,0.0,0
2012-10-16T09:21:36.500,2297.6,15630,2297.4,15,0.0,0,0.0,0,0.0,0,0.0,0,2297.6,3,0.0,0,0.0,0,0.0,0,0.0,0
2012-10-16T09:21:37.000,2297.4,15637,2297.4,13,0.0,0,0.0,0,0.0,0,0.0,0,2297.8,1,0.0,0,0.0,0,0.0,0,0.0,0
2012-10-16T09:21:37.500,2298,15640,2298,1,0.0,0,0.0,0,0.0,0,0.0,0,2298.2,14,0.0,0,0.0,0,0.0,0,0.0,0
2012-10-16T09:21:38.000,2297.8,15645,2297.6,6,0.0,0,0.0,0,0.0,0,0.0,0,2298,15,0.0,0,0.0,0,0.0,0,0.0,0
2012-10-16T09:21:38.500,2297.6,15647,2297.6,7,0.0,0,0.0,0,0.0,0,0.0,0,2297.8,1,0.0,0,0.0,0,0.0,0,0.0,0
2012-10-16T09:21:39.000,2297.8,15650,2297.8,5,0.0,0,0.0,0,0.0,0,0.0,0,2298,18,0.0,0,0.0,0,0.0,0,0.0,0
2012-10-16T09:21:39.500,2297.6,15656,2297.6,10,0.0,0,0.0,0,0.0,0,0.0,0,2297.8,3,0.0,0,0.0,0,0.0,0,0.0,0
2012-10-16T09:21:40.000,2297.8,15657,2297.6,11,0.0,0,0.0,0,0.0,0,0.0,0,2297.8,2,0.0,0,0.0,0,0.0,0,0.0,0
2012-10-16T09:21:40.500,2297.8,15659,2297.6,10,0.0,0,0.0,0,0.0,0,0.0,0,2297.8,1,0.0,0,0.0,0,0.0,0,0.0,0
2012-10-16T09:21:41.000,2297.8,15661,2297.8,4,0.0,0,0.0,0,0.0,0,0.0,0,2298,17,0.0,0,0.0,0,0.0,0,0.0,0
2012-10-16T09:21:41.500,2297.8,15680,2297.8,3,0.0,0,0.0,0,0.0,0,0.0,0,2298,1,0.0,0,0.0,0,0.0,0,0.0,0
2012-10-16T09:21:42.000,2297.6,15688,2298,1,0.0,0,0.0,0,0.0,0,0.0,0,2298.2,11,0.0,0,0.0,0,0.0,0,0.0,0
2012-10-16T09:21:42.500,2298,15689,2297.8,3,0.0,0,0.0,0,0.0,0,0.0,0,2298.2,11,0.0,0,0.0,0,0.0,0,0.0,0
2012-10-16T09:21:43.000,2297.8,15693,2297.8,1,0.0,0,0.0,0,0.0,0,0.0,0,2298.2,9,0.0,0,0.0,0,0.0,0,0.0,0
2012-10-16T09:21:43.500,2298.2,15695,2297.6,11,0.0,0,0.0,0,0.0,0,0.0,0,2298.2,8,0.0,0,0.0,0,0.0,0,0.0,0
2012-10-16T09:21:44.000,2298,15707,2297.8,1,0.0,0,0.0,0,0.0,0,0.0,0,2298,3,0.0,0,0.0,0,0.0,0,0.0,0
2012-10-16T09:21:44.500,2297.8,15711,2297.6,1,0.0,0,0.0,0,0.0,0,0.0,0,2297.8,10,0.0,0,0.0,0,0.0,0,0.0,0
2012-10-16T09:21:45.000,2297.4,15727,2297.4,37,0.0,0,0.0,0,0.0,0,0.0,0,2297.6,6,0.0,0,0.0,0,0.0,0,0.0,0
2012-10-16T09:21:45.500,2297.4,15746,2297.4,33,0.0,0,0.0,0,0.0,0,0.0,0,2297.6,1,0.0,0,0.0,0,0.0,0,0.0,0
2012-10-16T09:21:46.000,2297.6,15752,2297.6,4,0.0,0,0.0,0,0.0,0,0.0,0,2297.8,3,0.0,0,0.0,0,0.0,0,0.0,0
2012-10-16T09:21:46.500,2297.6,15756,2297.6,2,0.0,0,0.0,0,0.0,0,0.0,0,2297.8,5,0.0,0,0.0,0,0.0,0,0.0,0
2012-10-16T09:21:47.000,2297.6,15772,2297.6,1,0.0,0,0.0,0,0.0,0,0.0,0,2298,9,0.0,0,0.0,0,0.0,0,0.0,0
2012-10-16T09:21:47.500,2298,15774,2297.6,3,0.0,0,0.0,0,0.0,0,0.0,0,2298,7,0.0,0,0.0,0,0.0,0,0.0,0
2012-10-16T09:21:48.000,2297.8,15777,2297.8,5,0.0,0,0.0,0,0.0,0,0.0,0,2298,18,0.0,0,0.0,0,0.0,0,0.0,0
2012-10-16T09:21:48.500,2297.6,15787,2297.8,24,0.0,0,0.0,0,0.0,0,0.0,0,2298,21,0.0,0,0.0,0,0.0,0,0.0,0
2012-10-16T09:21:49.000,2298,15801,2297.8,23,0.0,0,0.0,0,0.0,0,0.0,0,2298,8,0.0,0,0.0,0,0.0,0,0.0,0
2012-10-16T09:21:49.500,2298,15810,2297.8,23,0.0,0,0.0,0,0.0,0,0.0,0,2298,1,0.0,0,0.0,0,0.0,0,0.0,0
2012-10-16T09:21:50.000,2298,15823,2297.8,14,0.0,0,0.0,0,0.0,0,0.0,0,2298,2,0.0,0,0.0,0,0.0,0,0.0,0
2012-10-16T09:21:50.500,2298,15837,2298,37,0.0,0,0.0,0,0.0,0,0.0,0,2298.2,12,0.0,0,0.0,0,0.0,0,0.0,0
2012-10-16T09:21:51.000,2298,15851,2298,25,0.0,0,0.0,0,0.0,0,0.0,0,2298.2,11,0.0,0,0.0,0,0.0,0,0.0,0
2012-10-16T09:21:51.500,2298.2,15857,2298,21,0.0,0,0.0,0,0.0,0,0.0,0,2298.2,9,0.0,0,0.0,0,0.0,0,0.0,0
2012-10-16T09:21:52.000,2298,15864,2298,14,0.0,0,0.0,0,0.0,0,0.0,0,2298.2,9,0.0,0,0.0,0,0.0,0,0.0,0
2012-10-16T09:21:52.500,2298,15869,2298,12,0.0,0,0.0,0,0.0,0,0.0,0,2298.2,7,0.0,0,0.0,0,0.0,0,0.0,0
2012-10-16T09:21:53.000,2298.2,15874,2298,11,0.0,0,0.0,0,0.0,0,0.0,0,2298.2,7,0.0,0,0.0,0,0.0,0,0.0,0
2012-10-16T09:21:53.500,2298.2,15876,2298,10,0.0,0,0.0,0,0.0,0,0.0,0,2298.2,9,0.0,0,0.0,0,0.0,0,0.0,0
2012-10-16T09:21:54.000,2298,15887,2297.8,25,0.0,0,0.0,0,0.0,0,0.0,0,2298,43,0.0,0,0.0,0,0.0,0,0.0,0
2012-10-16T09:21:54.500,2298,15890,2297.8,25,0.0,0,0.0,0,0.0,0,0.0,0,2298,40,0.0,0,0.0,0,0.0,0,0.0,0
2012-10-16T09:21:55.000,2298,15895,2297.8,23,0.0,0,0.0,0,0.0,0,0.0,0,2298,38,0.0,0,0.0,0,0.0,0,0.0,0
2012-10-16T09:21:55.500,2297.8,15924,2297.6,5,0.0,0,0.0,0,0.0,0,0.0,0,2298,40,0.0,0,0.0,0,0.0,0,0.0,0
2012-10-16T09:21:56.000,2298,15929,2297.6,5,0.0,0,0.0,0,0.0,0,0.0,0,2298,35,0.0,0,0.0,0,0.0,0,0.0,0
2012-10-16T09:21:56.500,2298,15934,2297.8,2,0.0,0,0.0,0,0.0,0,0.0,0,2298,34,0.0,0,0.0,0,0.0,0,0.0,0
2012-10-16T09:21:57.000,2297.8,15939,2297.8,1,0.0,0,0.0,0,0.0,0,0.0,0,2298,30,0.0,0,0.0,0,0.0,0,0.0,0
2012-10-16T09:21:57.500,2297.8,15940,2297.6,5,0.0,0,0.0,0,0.0,0,0.0,0,2297.8,30,0.0,0,0.0,0,0.0,0,0.0,0
2012-10-16T09:21:58.000,2297.6,15944,2297.6,10,0.0,0,0.0,0,0.0,0,0.0,0,2297.8,31,0.0,0,0.0,0,0.0,0,0.0,0
2012-10-16T09:21:58.500,2297.8,15949,2297.6,8,0.0,0,0.0,0,0.0,0,0.0,0,2297.8,27,0.0,0,0.0,0,0.0,0,0.0,0
2012-10-16T09:21:59.250,2297.6,15960,2297.6,6,0.0,0,0.0,0,0.0,0,0.0,0,2297.8,25,0.0,0,0.0,0,0.0,0,0.0,0
2012-10-16T09:22:00.000,2297.8,15962,2297.6,21,0.0,0,0.0,0,0.0,0,0.0,0,2297.8,24,0.0,0,0.0,0,0.0,0,0.0,0
2012-10-16T09:22:00.500,2297.8,15964,2297.6,17,0.0,0,0.0,0,0.0,0,0.0,0,2297.8,38,0.0,0,0.0,0,0.0,0,0.0,0
2012-10-16T09:22:01.000,2297.6,15992,2297.6,13,0.0,0,0.0,0,0.0,0,0.0,0,2297.8,25,0.0,0,0.0,0,0.0,0,0.0,0
2012-10-16T09:22:01.500,2297.4,16016,2297.4,33,0.0,0,0.0,0,0.0,0,0.0,0,2297.8,18,0.0,0,0.0,0,0.0,0,0.0,0
2012-10-16T09:22:02.000,2297.8,16024,2297.6,4,0.0,0,0.0,0,0.0,0,0.0,0,2297.8,17,0.0,0,0.0,0,0.0,0,0.0,0
2012-10-16T09:22:02.500,2297.8,16062,2297.6,20,0.0,0,0.0,0,0.0,0,0.0,0,2297.8,1,0.0,0,0.0,0,0.0,0,0.0,0
2012-10-16T09:22:03.000,2297.8,16065,2297.8,19,0.0,0,0.0,0,0.0,0,0.0,0,2298,32,0.0,0,0.0,0,0.0,0,0.0,0
2012-10-16T09:22:03.500,2298,16067,2297.8,25,0.0,0,0.0,0,0.0,0,0.0,0,2298,30,0.0,0,0.0,0,0.0,0,0.0,0
2012-10-16T09:22:04.000,2297.8,16069,2297.8,35,0.0,0,0.0,0,0.0,0,0.0,0,2298,33,0.0,0,0.0,0,0.0,0,0.0,0
2012-10-16T09:22:04.500,2298,16092,2297.8,38,0.0,0,0.0,0,0.0,0,0.0,0,2298,11,0.0,0,0.0,0,0.0,0,0.0,0
2012-10-16T09:22:05.000,2298,16108,2298,5,0.0,0,0.0,0,0.0,0,0.0,0,2298.2,19,0.0,0,0.0,0,0.0,0,0.0,0
2012-10-16T09:22:05.500,2298.2,16130,2298,1,0.0,0,0.0,0,0.0,0,0.0,0,2298.2,18,0.0,0,0.0,0,0.0,0,0.0,0
2012-10-16T09:22:06.000,2298,16134,2298,11,0.0,0,0.0,0,0.0,0,0.0,0,2298.2,16,0.0,0,0.0,0,0.0,0,0.0,0
2012-10-16T09:22:06.500,2298.2,16149,2298,12,0.0,0,0.0,0,0.0,0,0.0,0,2298.2,6,0.0,0,0.0,0,0.0,0,0.0,0
2012-10-16T09:22:07.000,2298.2,16153,2298,22,0.0,0,0.0,0,0.0,0,0.0,0,2298.2,2,0.0,0,0.0,0,0.0,0,0.0,0
2012-10-16T09:22:07.500,2298.2,16158,2298.2,2,0.0,0,0.0,0,0.0,0,0.0,0,2298.4,13,0.0,0,0.0,0,0.0,0,0.0,0
2012-10-16T09:22:08.000,2298.2,16166,2298.2,12,0.0,0,0.0,0,0.0,0,0.0,0,2298.4,9,0.0,0,0.0,0,0.0,0,0.0,0
2012-10-16T09:22:08.500,2298.4,16174,2298.2,7,0.0,0,0.0,0,0.0,0,0.0,0,2298.4,5,0.0,0,0.0,0,0.0,0,0.0,0
2012-10-16T09:22:09.000,2298.4,16184,2298.2,7,0.0,0,0.0,0,0.0,0,0.0,0,2298.4,2,0.0,0,0.0,0,0.0,0,0.0,0
2012-10-16T09:22:09.500,2298.4,16187,2298.2,21,0.0,0,0.0,0,0.0,0,0.0,0,2298.4,17,0.0,0,0.0,0,0.0,0,0.0,0
2012-10-16T09:22:10.000,2298.2,16193,2298.2,19,0.0,0,0.0,0,0.0,0,0.0,0,2298.4,18,0.0,0,0.0,0,0.0,0,0.0,0
2012-10-16T09:22:10.500,2298.4,16197,2298.2,19,0.0,0,0.0,0,0.0,0,0.0,0,2298.4,19,0.0,0,0.0,0,0.0,0,0.0,0
2012-10-16T09:22:11.000,2298.2,16202,2298.2,18,0.0,0,0.0,0,0.0,0,0.0,0,2298.4,19,0.0,0,0.0,0,0.0,0,0.0,0
2012-10-16T09:22:11.500,2298.2,16203,2298.2,17,0.0,0,0.0,0,0.0,0,0.0,0,2298.4,19,0.0,0,0.0,0,0.0,0,0.0,0
2012-10-16T09:22:12.000,2298.4,16218,2298.2,22,0.0,0,0.0,0,0.0,0,0.0,0,2298.4,4,0.0,0,0.0,0,0.0,0,0.0,0
2012-10-16T09:22:12.500,2298.4,16222,2298.4,4,0.0,0,0.0,0,0.0,0,0.0,0,2298.6,5,0.0,0,0.0,0,0.0,0,0.0,0
2012-10-16T09:22:13.000,2298.4,16232,2298.2,22,0.0,0,0.0,0,0.0,0,0.0,0,2298.4,2,0.0,0,0.0,0,0.0,0,0.0,0
2012-10-16T09:22:13.500,2298.6,16235,2298.4,3,0.0,0,0.0,0,0.0,0,0.0,0,2298.6,3,0.0,0,0.0,0,0.0,0,0.0,0
2012-10-16T09:22:14.000,2298.4,16237,2298.4,2,0.0,0,0.0,0,0.0,0,0.0,0,2298.6,3,0.0,0,0.0,0,0.0,0,0.0,0
2012-10-16T09:22:14.500,2298.4,16241,2298.2,22,0.0,0,0.0,0,0.0,0,0.0,0,2298.6,14,0.0,0,0.0,0,0.0,0,0.0,0
2012-10-16T09:22:15.000,2298.6,16243,2298.2,22,0.0,0,0.0,0,0.0,0,0.0,0,2298.6,17,0.0,0,0.0,0,0.0,0,0.0,0
2012-10-16T09:22:15.500,2298.4,16247,2298.2,22,0.0,0,0.0,0,0.0,0,0.0,0,2298.4,13,0.0,0,0.0,0,0.0,0,0.0,0
2012-10-16T09:22:16.000,2298.4,16252,2298.2,22,0.0,0,0.0,0,0.0,0,0.0,0,2298.4,8,0.0,0,0.0,0,0.0,0,0.0,0
2012-10-16T09:22:16.500,2298.2,16277,2298.2,2,0.0,0,0.0,0,0.0,0,0.0,0,2298.4,15,0.0,0,0.0,0,0.0,0,0.0,0
2012-10-16T09:22:17.000,2298.2,16281,2298,17,0.0,0,0.0,0,0.0,0,0.0,0,2298.2,18,0.0,0,0.0,0,0.0,0,0.0,0
2012-10-16T09:22:17.500,2298.2,16286,2298,20,0.0,0,0.0,0,0.0,0,0.0,0,2298.2,23,0.0,0,0.0,0,0.0,0,0.0,0
2012-10-16T09:22:18.000,2298,16312,2297.8,16,0.0,0,0.0,0,0.0,0,0.0,0,2298,15,0.0,0,0.0,0,0.0,0,0.0,0
2012-10-16T09:22:18.500,2298,16316,2297.8,15,0.0,0,0.0,0,0.0,0,0.0,0,2298,14,0.0,0,0.0,0,0.0,0,0.0,0
2012-10-16T09:22:19.000,2298,16318,2297.8,15,0.0,0,0.0,0,0.0,0,0.0,0,2298,12,0.0,0,0.0,0,0.0,0,0.0,0
2012-10-16T09:22:19.500,2297.8,16331,2298,1,0.0,0,0.0,0,0.0,0,0.0,0,2298.2,29,0.0,0,0.0,0,0.0,0,0.0,0
2012-10-16T09:22:20.000,2297.8,16336,2298,1,0.0,0,0.0,0,0.0,0,0.0,0,2298.2,28,0.0,0,0.0,0,0.0,0,0.0,0
2012-10-16T09:22:20.500,2298,16337,2298,2,0.0,0,0.0,0,0.0,0,0.0,0,2298.2,28,0.0,0,0.0,0,0.0,0,0.0,0
2012-10-16T09:22:21.000,2298.2,16338,2298,5,0.0,0,0.0,0,0.0,0,0.0,0,2298.2,27,0.0,0,0.0,0,0.0,0,0.0,0
2012-10-16T09:22:21.500,2298.2,16341,2298,4,0.0,0,0.0,0,0.0,0,0.0,0,2298.2,25,0.0,0,0.0,0,0.0,0,0.0,0
2012-10-16T09:22:22.000,2298.2,16342,2298,4,0.0,0,0.0,0,0.0,0,0.0,0,2298.2,24,0.0,0,0.0,0,0.0,0,0.0,0
2012-10-16T09:22:22.500,2298.2,16348,2298,4,0.0,0,0.0,0,0.0,0,0.0,0,2298.2,20,0.0,0,0.0,0,0.0,0,0.0,0
2012-10-16T09:22:23.250,2298,16357,2298,3,0.0,0,0.0,0,0.0,0,0.0,0,2298.2,15,0.0,0,0.0,0,0.0,0,0.0,0
2012-10-16T09:22:24.000,2298.2,16360,2298,3,0.0,0,0.0,0,0.0,0,0.0,0,2298.2,6,0.0,0,0.0,0,0.0,0,0.0,0
2012-10-16T09:22:24.500,2298.2,16361,2298,3,0.0,0,0.0,0,0.0,0,0.0,0,2298.2,5,0.0,0,0.0,0,0.0,0,0.0,0
2012-10-16T09:22:25.000,2298.2,16366,2298,6,0.0,0,0.0,0,0.0,0,0.0,0,2298.2,2,0.0,0,0.0,0,0.0,0,0.0,0
2012-10-16T09:22:25.500,2298.2,16368,2298.2,2,0.0,0,0.0,0,0.0,0,0.0,0,2298.4,7,0.0,0,0.0,0,0.0,0,0.0,0
2012-10-16T09:22:26.000,2298.2,16375,2298,5,0.0,0,0.0,0,0.0,0,0.0,0,2298.4,8,0.0,0,0.0,0,0.0,0,0.0,0
2012-10-16T09:22:26.500,2298.4,16376,2298,5,0.0,0,0.0,0,0.0,0,0.0,0,2298.4,14,0.0,0,0.0,0,0.0,0,0.0,0
2012-10-16T09:22:27.000,2298.2,16384,2298,12,0.0,0,0.0,0,0.0,0,0.0,0,2298.4,15,0.0,0,0.0,0,0.0,0,0.0,0
2012-10-16T09:22:27.500,2298.4,16385,2298.2,1,0.0,0,0.0,0,0.0,0,0.0,0,2298.4,14,0.0,0,0.0,0,0.0,0,0.0,0
2012-10-16T09:22:28.000,2298.4,16388,2298,16,0.0,0,0.0,0,0.0,0,0.0,0,2298.4,13,0.0,0,0.0,0,0.0,0,0.0,0
2012-10-16T09:22:28.500,2298.4,16390,2298,17,0.0,0,0.0,0,0.0,0,0.0,0,2298.2,8,0.0,0,0.0,0,0.0,0,0.0,0
2012-10-16T09:22:29.000,2298.2,16408,2298,3,0.0,0,0.0,0,0.0,0,0.0,0,2298.2,6,0.0,0,0.0,0,0.0,0,0.0,0
2012-10-16T09:22:29.500,2298.2,16416,2298,2,0.0,0,0.0,0,0.0,0,0.0,0,2298.4,12,0.0,0,0.0,0,0.0,0,0.0,0
2012-10-16T09:22:30.250,2298.2,16421,2298,7,0.0,0,0.0,0,0.0,0,0.0,0,2298.4,23,0.0,0,0.0,0,0.0,0,0.0,0
2012-10-16T09:22:31.000,2298.4,16427,2298,27,0.0,0,0.0,0,0.0,0,0.0,0,2298.4,24,0.0,0,0.0,0,0.0,0,0.0,0
2012-10-16T09:22:31.500,2298.2,16430,2298,27,0.0,0,0.0,0,0.0,0,0.0,0,2298.2,5,0.0,0,0.0,0,0.0,0,0.0,0
2012-10-16T09:22:33.250,2298.2,16445,2298,29,0.0,0,0.0,0,0.0,0,0.0,0,2298.2,3,0.0,0,0.0,0,0.0,0,0.0,0
2012-10-16T09:22:34.000,2298.2,16449,2298,28,0.0,0,0.0,0,0.0,0,0.0,0,2298.4,14,0.0,0,0.0,0,0.0,0,0.0,0
2012-10-16T09:22:34.500,2298,16450,2298,28,0.0,0,0.0,0,0.0,0,0.0,0,2298.4,14,0.0,0,0.0,0,0.0,0,0.0,0
2012-10-16T09:22:35.250,2298,16451,2298.2,5,0.0,0,0.0,0,0.0,0,0.0,0,2298.4,15,0.0,0,0.0,0,0.0,0,0.0,0
2012-10-16T09:22:36.250,2298.4,16459,2298.2,6,0.0,0,0.0,0,0.0,0,0.0,0,2298.4,10,0.0,0,0.0,0,0.0,0,0.0,0
2012-10-16T09:22:37.000,2298.4,16461,2298.2,5,0.0,0,0.0,0,0.0,0,0.0,0,2298.4,9,0.0,0,0.0,0,0.0,0,0.0,0
2012-10-16T09:22:37.500,2298.2,16467,2298,33,0.0,0,0.0,0,0.0,0,0.0,0,2298.2,24,0.0,0,0.0,0,0.0,0,0.0,0
2012-10-16T09:22:38.000,2298.2,16469,2298,33,0.0,0,0.0,0,0.0,0,0.0,0,2298.2,22,0.0,0,0.0,0,0.0,0,0.0,0
2012-10-16T09:22:38.500,2298.2,16471,2298,33,0.0,0,0.0,0,0.0,0,0.0,0,2298.2,22,0.0,0,0.0,0,0.0,0,0.0,0
2012-10-16T09:22:39.000,2298.2,16513,2297.8,9,0.0,0,0.0,0,0.0,0,0.0,0,2298.2,21,0.0,0,0.0,0,0.0,0,0.0,0
2012-10-16T09:22:39.500,2298.2,16514,2297.8,9,0.0,0,0.0,0,0.0,0,0.0,0,2298,2,0.0,0,0.0,0,0.0,0,0.0,0
2012-10-16T09:22:40.250,2298,16516,2297.8,9,0.0,0,0.0,0,0.0,0,0.0,0,2298,7,0.0,0,0.0,0,0.0,0,0.0,0
2012-10-16T09:22:41.000,2298,16519,2297.8,9,0.0,0,0.0,0,0.0,0,0.0,0,2298,5,0.0,0,0.0,0,0.0,0,0.0,0
2012-10-16T09:22:41.500,2298,16521,2297.8,8,0.0,0,0.0,0,0.0,0,0.0,0,2298,4,0.0,0,0.0,0,0.0,0,0.0,0
2012-10-16T09:22:42.000,2297.8,16522,2297.8,7,0.0,0,0.0,0,0.0,0,0.0,0,2298,4,0.0,0,0.0,0,0.0,0,0.0,0
2012-10-16T09:22:42.500,2298,16523,2297.8,7,0.0,0,0.0,0,0.0,0,0.0,0,2298,3,0.0,0,0.0,0,0.0,0,0.0,0
2012-10-16T09:22:43.250,2297.8,16530,2297.6,17,0.0,0,0.0,0,0.0,0,0.0,0,2297.8,7,0.0,0,0.0,0,0.0,0,0.0,0
2012-10-16T09:22:44.000,2298,16560,2298,7,0.0,0,0.0,0,0.0,0,0.0,0,2298.2,28,0.0,0,0.0,0,0.0,0,0.0,0
2012-10-16T09:22:44.500,2298,16567,2297.4,23,0.0,0,0.0,0,0.0,0,0.0,0,2298,1,0.0,0,0.0,0,0.0,0,0.0,0
2012-10-16T09:22:46.250,2297.8,16569,2297.6,14,0.0,0,0.0,0,0.0,0,0.0,0,2298,9,0.0,0,0.0,0,0.0,0,0.0,0
2012-10-16T09:22:47.000,2297.6,16571,2297.6,12,0.0,0,0.0,0,0.0,0,0.0,0,2298,10,0.0,0,0.0,0,0.0,0,0.0,0
2012-10-16T09:22:47.500,2297.6,16572,2297.6,20,0.0,0,0.0,0,0.0,0,0.0,0,2298,11,0.0,0,0.0,0,0.0,0,0.0,0
2012-10-16T09:22:48.250,2297.4,16590,2297.4,22,0.0,0,0.0,0,0.0,0,0.0,0,2297.6,36,0.0,0,0.0,0,0.0,0,0.0,0
2012-10-16T09:22:49.000,2297.6,16598,2297.4,22,0.0,0,0.0,0,0.0,0,0.0,0,2297.6,29,0.0,0,0.0,0,0.0,0,0.0,0
2012-10-16T09:22:49.500,2297.4,16606,2297.4,14,0.0,0,0.0,0,0.0,0,0.0,0,2297.6,29,0.0,0,0.0,0,0.0,0,0.0,0
2012-10-16T09:22:50.000,2297.4,16639,2297.2,40,0.0,0,0.0,0,0.0,0,0.0,0,2297.4,20,0.0,0,0.0,0,0.0,0,0.0,0
2012-10-16T09:22:50.500,2297.2,16663,2297.2,24,0.0,0,0.0,0,0.0,0,0.0,0,2297.4,16,0.0,0,0.0,0,0.0,0,0.0,0
2012-10-16T09:22:51.000,2297.2,16669,2297.2,19,0.0,0,0.0,0,0.0,0,0.0,0,2297.4,16,0.0,0,0.0,0,0.0,0,0.0,0
2012-10-16T09:22:51.500,2297.2,16681,2297.2,8,0.0,0,0.0,0,0.0,0,0.0,0,2297.4,17,0.0,0,0.0,0,0.0,0,0.0,0
2012-10-16T09:22:52.000,2297.4,16690,2297.2,1,0.0,0,0.0,0,0.0,0,0.0,0,2297.4,16,0.0,0,0.0,0,0.0,0,0.0,0
2012-10-16T09:22:52.500,2297.2,16692,2297,52,0.0,0,0.0,0,0.0,0,0.0,0,2297.2,3,0.0,0,0.0,0,0.0,0,0.0,0
2012-10-16T09:22:53.000,2297.2,16699,2297.2,3,0.0,0,0.0,0,0.0,0,0.0,0,2297.4,21,0.0,0,0.0,0,0.0,0,0.0,0
2012-10-16T09:22:53.500,2297.4,16701,2297.2,1,0.0,0,0.0,0,0.0,0,0.0,0,2297.4,19,0.0,0,0.0,0,0.0,0,0.0,0
2012-10-16T09:22:54.000,2297.4,16709,2297,50,0.0,0,0.0,0,0.0,0,0.0,0,2297.4,17,0.0,0,0.0,0,0.0,0,0.0,0
2012-10-16T09:22:54.500,2297,16711,2297,58,0.0,0,0.0,0,0.0,0,0.0,0,2297.2,16,0.0,0,0.0,0,0.0,0,0.0,0
2012-10-16T09:22:55.000,2297,16722,2297,54,0.0,0,0.0,0,0.0,0,0.0,0,2297.2,11,0.0,0,0.0,0,0.0,0,0.0,0
2012-10-16T09:22:55.500,2297.2,16724,2297,54,0.0,0,0.0,0,0.0,0,0.0,0,2297.2,19,0.0,0,0.0,0,0.0,0,0.0,0
2012-10-16T09:22:56.000,2297,16771,2297,11,0.0,0,0.0,0,0.0,0,0.0,0,2297.2,15,0.0,0,0.0,0,0.0,0,0.0,0
2012-10-16T09:22:56.500,2297,16796,2296.8,28,0.0,0,0.0,0,0.0,0,0.0,0,2297,1,0.0,0,0.0,0,0.0,0,0.0,0
2012-10-16T09:22:57.000,2297,16797,2296.8,28,0.0,0,0.0,0,0.0,0,0.0,0,2297,32,0.0,0,0.0,0,0.0,0,0.0,0
2012-10-16T09:22:57.500,2297,16800,2296.8,27,0.0,0,0.0,0,0.0,0,0.0,0,2297,30,0.0,0,0.0,0,0.0,0,0.0,0
2012-10-16T09:22:58.000,2296.8,16812,2296.8,23,0.0,0,0.0,0,0.0,0,0.0,0,2297,25,0.0,0,0.0,0,0.0,0,0.0,0
2012-10-16T09:22:58.500,2296.8,16821,2296.8,19,0.0,0,0.0,0,0.0,0,0.0,0,2297,23,0.0,0,0.0,0,0.0,0,0.0,0
2012-10-16T09:22:59.000,2297,16869,2296.8,9,0.0,0,0.0,0,0.0,0,0.0,0,2297,25,0.0,0,0.0,0,0.0,0,0.0,0
2012-10-16T09:22:59.500,2297,16878,2296.8,12,0.0,0,0.0,0,0.0,0,0.0,0,2297,19,0.0,0,0.0,0,0.0,0,0.0,0
2012-10-16T09:23:00.000,2296.8,16885,2296.8,11,0.0,0,0.0,0,0.0,0,0.0,0,2297,18,0.0,0,0.0,0,0.0,0,0.0,0
2012-10-16T09:23:00.500,2297,16909,2297,6,0.0,0,0.0,0,0.0,0,0.0,0,2297.2,2,0.0,0,0.0,0,0.0,0,0.0,0
2012-10-16T09:23:01.000,2297.2,16912,2297.2,1,0.0,0,0.0,0,0.0,0,0.0,0,2297.4,24,0.0,0,0.0,0,0.0,0,0.0,0
2012-10-16T09:23:01.500,2297.2,16926,2297.2,3,0.0,0,0.0,0,0.0,0,0.0,0,2297.4,21,0.0,0,0.0,0,0.0,0,0.0,0
2012-10-16T09:23:02.250,2297.4,16928,2297.2,29,0.0,0,0.0,0,0.0,0,0.0,0,2297.4,19,0.0,0,0.0,0,0.0,0,0.0,0
2012-10-16T09:23:03.000,2297.6,16948,2297.4,14,0.0,0,0.0,0,0.0,0,0.0,0,2297.6,12,0.0,0,0.0,0,0.0,0,0.0,0
2012-10-16T09:23:03.500,2297.4,16950,2297.4,21,0.0,0,0.0,0,0.0,0,0.0,0,2297.6,19,0.0,0,0.0,0,0.0,0,0.0,0
2012-10-16T09:23:04.000,2297.8,16970,2297.6,10,0.0,0,0.0,0,0.0,0,0.0,0,2297.8,1,0.0,0,0.0,0,0.0,0,0.0,0
2012-10-16T09:23:04.500,2297.6,16973,2297.6,18,0.0,0,0.0,0,0.0,0,0.0,0,2298,14,0.0,0,0.0,0,0.0,0,0.0,0
2012-10-16T09:23:05.000,2297.6,16974,2297.8,2,0.0,0,0.0,0,0.0,0,0.0,0,2298,18,0.0,0,0.0,0,0.0,0,0.0,0
2012-10-16T09:23:05.500,2298,16994,2297.6,14,0.0,0,0.0,0,0.0,0,0.0,0,2298,7,0.0,0,0.0,0,0.0,0,0.0,0
2012-10-16T09:23:06.000,2298,17002,2298,4,0.0,0,0.0,0,0.0,0,0.0,0,2298.2,32,0.0,0,0.0,0,0.0,0,0.0,0
2012-10-16T09:23:06.500,2298.2,17007,2298,1,0.0,0,0.0,0,0.0,0,0.0,0,2298.2,31,0.0,0,0.0,0,0.0,0,0.0,0
2012-10-16T09:23:07.000,2298,17015,2297.8,8,0.0,0,0.0,0,0.0,0,0.0,0,2298,3,0.0,0,0.0,0,0.0,0,0.0,0
2012-10-16T09:23:07.500,2298,17019,2297.8,7,0.0,0,0.0,0,0.0,0,0.0,0,2298,2,0.0,0,0.0,0,0.0,0,0.0,0
2012-10-16T09:23:08.000,2298,17020,2297.8,16,0.0,0,0.0,0,0.0,0,0.0,0,2298,5,0.0,0,0.0,0,0.0,0,0.0,0
2012-10-16T09:23:08.500,2298,17023,2297.8,15,0.0,0,0.0,0,0.0,0,0.0,0,2298,5,0.0,0,0.0,0,0.0,0,0.0,0
2012-10-16T09:23:09.000,2298,17026,2297.8,15,0.0,0,0.0,0,0.0,0,0.0,0,2298,4,0.0,0,0.0,0,0.0,0,0.0,0
2012-10-16T09:23:09.500,2298,17030,2297.8,15,0.0,0,0.0,0,0.0,0,0.0,0,2298,3,0.0,0,0.0,0,0.0,0,0.0,0
2012-10-16T09:23:10.000,2298,17032,2297.8,14,0.0,0,0.0,0,0.0,0,0.0,0,2298,3,0.0,0,0.0,0,0.0,0,0.0,0
2012-10-16T09:23:10.500,2298,17036,2298,1,0.0,0,0.0,0,0.0,0,0.0,0,2298.2,31,0.0,0,0.0,0,0.0,0,0.0,0
2012-10-16T09:23:11.000,2298.2,17045,2298,7,0.0,0,0.0,0,0.0,0,0.0,0,2298.2,27,0.0,0,0.0,0,0.0,0,0.0,0
2012-10-16T09:23:11.500,2298,17049,2298,4,0.0,0,0.0,0,0.0,0,0.0,0,2298.2,25,0.0,0,0.0,0,0.0,0,0.0,0
2012-10-16T09:23:12.000,2298,17052,2298,6,0.0,0,0.0,0,0.0,0,0.0,0,2298.2,26,0.0,0,0.0,0,0.0,0,0.0,0
2012-10-16T09:23:12.500,2298.2,17055,2298,6,0.0,0,0.0,0,0.0,0,0.0,0,2298.2,25,0.0,0,0.0,0,0.0,0,0.0,0
2012-10-16T09:23:13.000,2297.8,17062,2297.8,8,0.0,0,0.0,0,0.0,0,0.0,0,2298,4,0.0,0,0.0,0,0.0,0,0.0,0
2012-10-16T09:23:13.500,2297.8,17066,2297.8,9,0.0,0,0.0,0,0.0,0,0.0,0,2298,3,0.0,0,0.0,0,0.0,0,0.0,0
2012-10-16T09:23:14.000,2297.8,17069,2297.8,7,0.0,0,0.0,0,0.0,0,0.0,0,2298,6,0.0,0,0.0,0,0.0,0,0.0,0
2012-10-16T09:23:14.500,2297.8,17077,2297.6,15,0.0,0,0.0,0,0.0,0,0.0,0,2297.8,14,0.0,0,0.0,0,0.0,0,0.0,0
2012-10-16T09:23:15.000,2297.8,17078,2297.6,13,0.0,0,0.0,0,0.0,0,0.0,0,2297.8,14,0.0,0,0.0,0,0.0,0,0.0,0
2012-10-16T09:23:15.500,2297.6,17086,2297.6,12,0.0,0,0.0,0,0.0,0,0.0,0,2297.8,9,0.0,0,0.0,0,0.0,0,0.0,0
2012-10-16T09:23:16.250,2297.8,17088,2297.6,17,0.0,0,0.0,0,0.0,0,0.0,0,2297.8,7,0.0,0,0.0,0,0.0,0,0.0,0
2012-10-16T09:23:17.250,2297.8,17096,2297.8,1,0.0,0,0.0,0,0.0,0,0.0,0,2298,16,0.0,0,0.0,0,0.0,0,0.0,0
2012-10-16T09:23:19.000,2298,17097,2297.8,7,0.0,0,0.0,0,0.0,0,0.0,0,2298,18,0.0,0,0.0,0,0.0,0,0.0,0
2012-10-16T09:23:19.500,2298,17100,2297.8,9,0.0,0,0.0,0,0.0,0,0.0,0,2298,15,0.0,0,0.0,0,0.0,0,0.0,0
