date_time,last_px,total_volume,bid1_px,bid1_qty,bid2_px,bid2_qty,bid3_px,bid3_qty,bid4_px,bid4_qty,bid5_px,bid5_qty,ask1_px,ask1_qty,ask2_px,ask2_qty,ask3_px,ask3_qty,ask4_px,ask4_qty,ask5_px,ask5_qty
2012-10-23T09:14:00.250,2355,275,2354.8,4,0.0,0,0.0,0,0.0,0,0.0,0,2355,50,0.0,0,0.0,0,0.0,0,0.0,0
2012-10-23T09:15:00.250,2354.8,413,2354.2,16,0.0,0,0.0,0,0.0,0,0.0,0,2354.8,32,0.0,0,0.0,0,0.0,0,0.0,0
2012-10-23T09:15:01.000,2354.4,511,2354.4,4,0.0,0,0.0,0,0.0,0,0.0,0,2354.6,3,0.0,0,0.0,0,0.0,0,0.0,0
2012-10-23T09:15:01.500,2353.2,636,2353.2,46,0.0,0,0.0,0,0.0,0,0.0,0,2354.2,3,0.0,0,0.0,0,0.0,0,0.0,0
2012-10-23T09:15:02.000,2353.4,692,2353.4,67,0.0,0,0.0,0,0.0,0,0.0,0,2353.8,5,0.0,0,0.0,0,0.0,0,0.0,0
2012-10-23T09:15:02.500,2353.6,758,2353.6,2,0.0,0,0.0,0,0.0,0,0.0,0,2353.8,27,0.0,0,0.0,0,0.0,0,0.0,0
2012-10-23T09:15:03.000,2353.6,820,2353.6,4,0.0,0,0.0,0,0.0,0,0.0,0,2353.8,4,0.0,0,0.0,0,0.0,0,0.0,0
2012-10-23T09:15:03.500,2353.6,862,2353.2,40,0.0,0,0.0,0,0.0,0,0.0,0,2353.6,12,0.0,0,0.0,0,0.0,0,0.0,0
2012-10-23T09:15:04.000,2353.4,889,2353.4,5,0.0,0,0.0,0,0.0,0,0.0,0,2353.6,5,0.0,0,0.0,0,0.0,0,0.0,0
2012-10-23T09:15:04.500,2353.6,941,2353.6,9,0.0,0,0.0,0,0.0,0,0.0,0,2353.8,9,0.0,0,0.0,0,0.0,0,0.0,0
2012-10-23T09:15:05.000,2353.6,964,2353.8,4,0.0,0,0.0,0,0.0,0,0.0,0,2354,131,0.0,0,0.0,0,0.0,0,0.0,0
2012-10-23T09:15:05.500,2353.6,1035,2353.2,10,0.0,0,0.0,0,0.0,0,0.0,0,2353.8,6,0.0,0,0.0,0,0.0,0,0.0,0
2012-10-23T09:15:06.000,2353.8,1097,2353.4,7,0.0,0,0.0,0,0.0,0,0.0,0,2353.8,12,0.0,0,0.0,0,0.0,0,0.0,0
2012-10-23T09:15:06.500,2353.4,1131,2353,5,0.0,0,0.0,0,0.0,0,0.0,0,2353.4,2,0.0,0,0.0,0,0.0,0,0.0,0
2012-10-23T09:15:07.000,2353.2,1143,2353,23,0.0,0,0.0,0,0.0,0,0.0,0,2353.2,24,0.0,0,0.0,0,0.0,0,0.0,0
2012-10-23T09:15:07.500,2353.2,1242,2352.6,15,0.0,0,0.0,0,0.0,0,0.0,0,2353,18,0.0,0,0.0,0,0.0,0,0.0,0
2012-10-23T09:15:08.000,2352.6,1264,2352.6,10,0.0,0,0.0,0,0.0,0,0.0,0,2352.8,5,0.0,0,0.0,0,0.0,0,0.0,0
2012-10-23T09:15:08.500,2352.8,1303,2352.8,3,0.0,0,0.0,0,0.0,0,0.0,0,2353,14,0.0,0,0.0,0,0.0,0,0.0,0
2012-10-23T09:15:09.000,2353,1328,2352.4,24,0.0,0,0.0,0,0.0,0,0.0,0,2352.8,4,0.0,0,0.0,0,0.0,0,0.0,0
2012-10-23T09:15:09.500,2353.4,1359,2353,1,0.0,0,0.0,0,0.0,0,0.0,0,2353.4,10,0.0,0,0.0,0,0.0,0,0.0,0
2012-10-23T09:15:10.000,2353,1399,2352.8,1,0.0,0,0.0,0,0.0,0,0.0,0,2353,7,0.0,0,0.0,0,0.0,0,0.0,0
2012-10-23T09:15:10.500,2352.8,1414,2352.8,1,0.0,0,0.0,0,0.0,0,0.0,0,2353,1,0.0,0,0.0,0,0.0,0,0.0,0
2012-10-23T09:15:11.000,2353,1418,2353,40,0.0,0,0.0,0,0.0,0,0.0,0,2353.8,78,0.0,0,0.0,0,0.0,0,0.0,0
2012-10-23T09:15:11.500,2353.6,1448,2353.4,1,0.0,0,0.0,0,0.0,0,0.0,0,2353.6,19,0.0,0,0.0,0,0.0,0,0.0,0
2012-10-23T09:15:12.000,2353.6,1483,2353.6,53,0.0,0,0.0,0,0.0,0,0.0,0,2353.8,54,0.0,0,0.0,0,0.0,0,0.0,0
2012-10-23T09:15:12.500,2353.8,1496,2353.6,48,0.0,0,0.0,0,0.0,0,0.0,0,2353.8,52,0.0,0,0.0,0,0.0,0,0.0,0
2012-10-23T09:15:13.000,2354,1591,2353.8,21,0.0,0,0.0,0,0.0,0,0.0,0,2354,101,0.0,0,0.0,0,0.0,0,0.0,0
2012-10-23T09:15:13.500,2354,1631,2353.8,12,0.0,0,0.0,0,0.0,0,0.0,0,2354,65,0.0,0,0.0,0,0.0,0,0.0,0
2012-10-23T09:15:14.000,2354.4,1713,2354.2,2,0.0,0,0.0,0,0.0,0,0.0,0,2354.4,13,0.0,0,0.0,0,0.0,0,0.0,0
2012-10-23T09:15:14.500,2354,1735,2354.4,11,0.0,0,0.0,0,0.0,0,0.0,0,2354.6,6,0.0,0,0.0,0,0.0,0,0.0,0
2012-10-23T09:15:15.000,2354.6,1764,2354.6,15,0.0,0,0.0,0,0.0,0,0.0,0,2354.8,76,0.0,0,0.0,0,0.0,0,0.0,0
2012-10-23T09:15:15.500,2354.6,1833,2354.4,11,0.0,0,0.0,0,0.0,0,0.0,0,2354.8,26,0.0,0,0.0,0,0.0,0,0.0,0
2012-10-23T09:15:16.000,2354.6,1865,2354.2,7,0.0,0,0.0,0,0.0,0,0.0,0,2354.6,17,0.0,0,0.0,0,0.0,0,0.0,0
2012-10-23T09:15:16.500,2354.8,1901,2354.6,27,0.0,0,0.0,0,0.0,0,0.0,0,2354.8,18,0.0,0,0.0,0,0.0,0,0.0,0
2012-10-23T09:15:17.000,2354.8,1928,2354.6,17,0.0,0,0.0,0,0.0,0,0.0,0,2354.8,22,0.0,0,0.0,0,0.0,0,0.0,0
2012-10-23T09:15:17.500,2354.8,1945,2354.6,11,0.0,0,0.0,0,0.0,0,0.0,0,2354.8,12,0.0,0,0.0,0,0.0,0,0.0,0
2012-10-23T09:15:18.000,2354.8,1985,2354.8,6,0.0,0,0.0,0,0.0,0,0.0,0,2355,67,0.0,0,0.0,0,0.0,0,0.0,0
2012-10-23T09:15:18.500,2354.4,1996,2354.2,11,0.0,0,0.0,0,0.0,0,0.0,0,2354.4,10,0.0,0,0.0,0,0.0,0,0.0,0
2012-10-23T09:15:19.000,2354.4,2011,2354.4,1,0.0,0,0.0,0,0.0,0,0.0,0,2354.6,13,0.0,0,0.0,0,0.0,0,0.0,0
2012-10-23T09:15:19.500,2354.6,2039,2354.4,10,0.0,0,0.0,0,0.0,0,0.0,0,2354.6,1,0.0,0,0.0,0,0.0,0,0.0,0
2012-10-23T09:15:20.000,2354.4,2066,2354.4,5,0.0,0,0.0,0,0.0,0,0.0,0,2354.8,20,0.0,0,0.0,0,0.0,0,0.0,0
2012-10-23T09:15:20.500,2354.6,2114,2354.4,5,0.0,0,0.0,0,0.0,0,0.0,0,2354.8,29,0.0,0,0.0,0,0.0,0,0.0,0
2012-10-23T09:15:21.000,2354.6,2128,2354.4,17,0.0,0,0.0,0,0.0,0,0.0,0,2354.6,1,0.0,0,0.0,0,0.0,0,0.0,0
2012-10-23T09:15:21.500,2354.6,2135,2354.4,18,0.0,0,0.0,0,0.0,0,0.0,0,2354.6,8,0.0,0,0.0,0,0.0,0,0.0,0
2012-10-23T09:15:22.000,2354.6,2152,2354.6,33,0.0,0,0.0,0,0.0,0,0.0,0,2354.8,27,0.0,0,0.0,0,0.0,0,0.0,0
2012-10-23T09:15:22.500,2354.8,2161,2354.6,61,0.0,0,0.0,0,0.0,0,0.0,0,2354.8,27,0.0,0,0.0,0,0.0,0,0.0,0
2012-10-23T09:15:23.000,2354.8,2200,2354.8,36,0.0,0,0.0,0,0.0,0,0.0,0,2355,88,0.0,0,0.0,0,0.0,0,0.0,0
2012-10-23T09:15:23.500,2355.2,2305,2354.8,4,0.0,0,0.0,0,0.0,0,0.0,0,2355.2,27,0.0,0,0.0,0,0.0,0,0.0,0
2012-10-23T09:15:24.000,2355.2,2333,2355,21,0.0,0,0.0,0,0.0,0,0.0,0,2355.2,11,0.0,0,0.0,0,0.0,0,0.0,0
2012-10-23T09:15:24.500,2355.2,2349,2355,25,0.0,0,0.0,0,0.0,0,0.0,0,2355.2,2,0.0,0,0.0,0,0.0,0,0.0,0
2012-10-23T09:15:25.000,2355.6,2371,2355.4,2,0.0,0,0.0,0,0.0,0,0.0,0,2355.6,25,0.0,0,0.0,0,0.0,0,0.0,0
2012-10-23T09:15:25.500,2355.4,2421,2355.2,5,0.0,0,0.0,0,0.0,0,0.0,0,2355.4,7,0.0,0,0.0,0,0.0,0,0.0,0
2012-10-23T09:15:26.000,2355.6,2483,2355.4,59,0.0,0,0.0,0,0.0,0,0.0,0,2355.6,6,0.0,0,0.0,0,0.0,0,0.0,0
2012-10-23T09:15:26.500,2355.8,2505,2355.6,15,0.0,0,0.0,0,0.0,0,0.0,0,2355.8,21,0.0,0,0.0,0,0.0,0,0.0,0
2012-10-23T09:15:27.000,2355.6,2562,2355.4,85,0.0,0,0.0,0,0.0,0,0.0,0,2355.6,4,0.0,0,0.0,0,0.0,0,0.0,0
2012-10-23T09:15:27.500,2355.8,2590,2355.8,52,0.0,0,0.0,0,0.0,0,0.0,0,2356,41,0.0,0,0.0,0,0.0,0,0.0,0
2012-10-23T09:15:28.000,2356,2629,2355.8,52,0.0,0,0.0,0,0.0,0,0.0,0,2356,20,0.0,0,0.0,0,0.0,0,0.0,0
2012-10-23T09:15:28.500,2356,2669,2356,22,0.0,0,0.0,0,0.0,0,0.0,0,2356.4,34,0.0,0,0.0,0,0.0,0,0.0,0
2012-10-23T09:15:29.000,2356.4,2714,2356,20,0.0,0,0.0,0,0.0,0,0.0,0,2356.4,12,0.0,0,0.0,0,0.0,0,0.0,0
2012-10-23T09:15:29.500,2356.2,2759,2356,5,0.0,0,0.0,0,0.0,0,0.0,0,2356.2,17,0.0,0,0.0,0,0.0,0,0.0,0
2012-10-23T09:15:30.000,2356,2811,2355.8,56,0.0,0,0.0,0,0.0,0,0.0,0,2356,40,0.0,0,0.0,0,0.0,0,0.0,0
2012-10-23T09:15:30.500,2355.8,2873,2355.8,32,0.0,0,0.0,0,0.0,0,0.0,0,2356,24,0.0,0,0.0,0,0.0,0,0.0,0
2012-10-23T09:15:31.000,2356,2916,2355.6,47,0.0,0,0.0,0,0.0,0,0.0,0,2355.8,1,0.0,0,0.0,0,0.0,0,0.0,0
2012-10-23T09:15:31.500,2355.8,2976,2355.8,7,0.0,0,0.0,0,0.0,0,0.0,0,2356,53,0.0,0,0.0,0,0.0,0,0.0,0
2012-10-23T09:15:32.000,2355.6,3038,2355.6,24,0.0,0,0.0,0,0.0,0,0.0,0,2355.8,3,0.0,0,0.0,0,0.0,0,0.0,0
2012-10-23T09:15:32.500,2355.6,3060,2355.6,15,0.0,0,0.0,0,0.0,0,0.0,0,2355.8,61,0.0,0,0.0,0,0.0,0,0.0,0
2012-10-23T09:15:33.000,2355.6,3102,2355.4,73,0.0,0,0.0,0,0.0,0,0.0,0,2355.6,16,0.0,0,0.0,0,0.0,0,0.0,0
2012-10-23T09:15:33.500,2355.4,3127,2355.4,55,0.0,0,0.0,0,0.0,0,0.0,0,2355.6,30,0.0,0,0.0,0,0.0,0,0.0,0
2012-10-23T09:15:34.000,2355.6,3184,2355.4,42,0.0,0,0.0,0,0.0,0,0.0,0,2355.6,2,0.0,0,0.0,0,0.0,0,0.0,0
2012-10-23T09:15:34.500,2355.8,3195,2355.6,12,0.0,0,0.0,0,0.0,0,0.0,0,2355.8,32,0.0,0,0.0,0,0.0,0,0.0,0
2012-10-23T09:15:35.000,2355.6,3205,2355.6,8,0.0,0,0.0,0,0.0,0,0.0,0,2355.8,33,0.0,0,0.0,0,0.0,0,0.0,0
2012-10-23T09:15:35.500,2355.8,3221,2355.6,28,0.0,0,0.0,0,0.0,0,0.0,0,2355.8,19,0.0,0,0.0,0,0.0,0,0.0,0
2012-10-23T09:15:36.000,2355.4,3318,2355.2,24,0.0,0,0.0,0,0.0,0,0.0,0,2355.4,40,0.0,0,0.0,0,0.0,0,0.0,0
2012-10-23T09:15:36.500,2355.6,3365,2355.6,3,0.0,0,0.0,0,0.0,0,0.0,0,2355.8,19,0.0,0,0.0,0,0.0,0,0.0,0
2012-10-23T09:15:37.000,2355.8,3392,2355.8,80,0.0,0,0.0,0,0.0,0,0.0,0,2356,36,0.0,0,0.0,0,0.0,0,0.0,0
2012-10-23T09:15:37.500,2355.8,3421,2355.8,71,0.0,0,0.0,0,0.0,0,0.0,0,2356,19,0.0,0,0.0,0,0.0,0,0.0,0
2012-10-23T09:15:38.000,2356,3516,2356,6,0.0,0,0.0,0,0.0,0,0.0,0,2356.2,28,0.0,0,0.0,0,0.0,0,0.0,0
2012-10-23T09:15:38.500,2356,3537,2355.8,5,0.0,0,0.0,0,0.0,0,0.0,0,2356.2,42,0.0,0,0.0,0,0.0,0,0.0,0
2012-10-23T09:15:39.000,2356,3567,2355.8,13,0.0,0,0.0,0,0.0,0,0.0,0,2356,30,0.0,0,0.0,0,0.0,0,0.0,0
2012-10-23T09:15:39.500,2355.8,3592,2355.6,3,0.0,0,0.0,0,0.0,0,0.0,0,2355.8,20,0.0,0,0.0,0,0.0,0,0.0,0
2012-10-23T09:15:40.000,2355.8,3613,2355.4,14,0.0,0,0.0,0,0.0,0,0.0,0,2355.6,18,0.0,0,0.0,0,0.0,0,0.0,0
2012-10-23T09:15:40.500,2355.8,3636,2355.4,12,0.0,0,0.0,0,0.0,0,0.0,0,2355.8,12,0.0,0,0.0,0,0.0,0,0.0,0
2012-10-23T09:15:41.000,2355.6,3651,2355.6,9,0.0,0,0.0,0,0.0,0,0.0,0,2355.8,10,0.0,0,0.0,0,0.0,0,0.0,0
2012-10-23T09:15:41.500,2355.6,3669,2355.6,12,0.0,0,0.0,0,0.0,0,0.0,0,2356,43,0.0,0,0.0,0,0.0,0,0.0,0
2012-10-23T09:15:42.000,2355.8,3672,2355.6,10,0.0,0,0.0,0,0.0,0,0.0,0,2355.8,2,0.0,0,0.0,0,0.0,0,0.0,0
2012-10-23T09:15:42.500,2355.8,3676,2355.8,4,0.0,0,0.0,0,0.0,0,0.0,0,2356,69,0.0,0,0.0,0,0.0,0,0.0,0
2012-10-23T09:15:43.000,2355.6,3720,2355.4,18,0.0,0,0.0,0,0.0,0,0.0,0,2355.6,7,0.0,0,0.0,0,0.0,0,0.0,0
2012-10-23T09:15:43.500,2355.6,3722,2355.4,25,0.0,0,0.0,0,0.0,0,0.0,0,2355.6,13,0.0,0,0.0,0,0.0,0,0.0,0
2012-10-23T09:15:44.000,2355.6,3738,2355.4,25,0.0,0,0.0,0,0.0,0,0.0,0,2355.6,20,0.0,0,0.0,0,0.0,0,0.0,0
2012-10-23T09:15:44.500,2355.4,3745,2355.4,24,0.0,0,0.0,0,0.0,0,0.0,0,2355.6,19,0.0,0,0.0,0,0.0,0,0.0,0
2012-10-23T09:15:45.000,2355.4,3751,2355.4,30,0.0,0,0.0,0,0.0,0,0.0,0,2355.6,16,0.0,0,0.0,0,0.0,0,0.0,0
2012-10-23T09:15:45.500,2355.4,3793,2355.4,29,0.0,0,0.0,0,0.0,0,0.0,0,2355.6,1,0.0,0,0.0,0,0.0,0,0.0,0
2012-10-23T09:15:46.000,2355.4,3831,2355.2,32,0.0,0,0.0,0,0.0,0,0.0,0,2355.4,4,0.0,0,0.0,0,0.0,0,0.0,0
2012-10-23T09:15:46.500,2355.4,3833,2355.2,34,0.0,0,0.0,0,0.0,0,0.0,0,2355.4,5,0.0,0,0.0,0,0.0,0,0.0,0
2012-10-23T09:15:47.000,2355.4,3842,2355.4,4,0.0,0,0.0,0,0.0,0,0.0,0,2355.6,20,0.0,0,0.0,0,0.0,0,0.0,0
2012-10-23T09:15:47.500,2355.4,3844,2355.4,8,0.0,0,0.0,0,0.0,0,0.0,0,2355.6,46,0.0,0,0.0,0,0.0,0,0.0,0
2012-10-23T09:15:48.000,2355.4,3860,2355.2,28,0.0,0,0.0,0,0.0,0,0.0,0,2355.6,42,0.0,0,0.0,0,0.0,0,0.0,0
2012-10-23T09:15:48.500,2355.6,3879,2355.2,23,0.0,0,0.0,0,0.0,0,0.0,0,2355.4,1,0.0,0,0.0,0,0.0,0,0.0,0
2012-10-23T09:15:49.000,2355.4,3889,2355.2,23,0.0,0,0.0,0,0.0,0,0.0,0,2355.4,7,0.0,0,0.0,0,0.0,0,0.0,0
2012-10-23T09:15:49.500,2355.2,3893,2355.2,20,0.0,0,0.0,0,0.0,0,0.0,0,2355.4,18,0.0,0,0.0,0,0.0,0,0.0,0
2012-10-23T09:15:50.000,2355.2,3896,2355.2,19,0.0,0,0.0,0,0.0,0,0.0,0,2355.4,17,0.0,0,0.0,0,0.0,0,0.0,0
2012-10-23T09:15:50.500,2355.4,3930,2355.4,29,0.0,0,0.0,0,0.0,0,0.0,0,2355.6,37,0.0,0,0.0,0,0.0,0,0.0,0
2012-10-23T09:15:51.000,2355.4,3948,2355.4,12,0.0,0,0.0,0,0.0,0,0.0,0,2355.6,36,0.0,0,0.0,0,0.0,0,0.0,0
2012-10-23T09:15:51.500,2355.6,3949,2355.4,17,0.0,0,0.0,0,0.0,0,0.0,0,2355.6,40,0.0,0,0.0,0,0.0,0,0.0,0
2012-10-23T09:15:52.000,2355.4,3960,2355.4,16,0.0,0,0.0,0,0.0,0,0.0,0,2355.6,40,0.0,0,0.0,0,0.0,0,0.0,0
2012-10-23T09:15:52.500,2355.6,3987,2355.2,13,0.0,0,0.0,0,0.0,0,0.0,0,2355.6,41,0.0,0,0.0,0,0.0,0,0.0,0
2012-10-23T09:15:53.000,2355.2,3998,2355.2,5,0.0,0,0.0,0,0.0,0,0.0,0,2355.4,2,0.0,0,0.0,0,0.0,0,0.0,0
2012-10-23T09:15:53.500,2355.2,4021,2355,62,0.0,0,0.0,0,0.0,0,0.0,0,2355.2,14,0.0,0,0.0,0,0.0,0,0.0,0
2012-10-23T09:15:54.000,2355.2,4028,2355,63,0.0,0,0.0,0,0.0,0,0.0,0,2355.2,10,0.0,0,0.0,0,0.0,0,0.0,0
2012-10-23T09:15:54.500,2355.2,4051,2355.2,15,0.0,0,0.0,0,0.0,0,0.0,0,2355.4,7,0.0,0,0.0,0,0.0,0,0.0,0
2012-10-23T09:15:55.000,2355.2,4060,2355.2,6,0.0,0,0.0,0,0.0,0,0.0,0,2355.4,20,0.0,0,0.0,0,0.0,0,0.0,0
2012-10-23T09:15:55.500,2355.2,4090,2355,38,0.0,0,0.0,0,0.0,0,0.0,0,2355.2,6,0.0,0,0.0,0,0.0,0,0.0,0
2012-10-23T09:15:56.000,2355,4100,2355,35,0.0,0,0.0,0,0.0,0,0.0,0,2355.2,1,0.0,0,0.0,0,0.0,0,0.0,0
2012-10-23T09:15:56.500,2355,4125,2355,25,0.0,0,0.0,0,0.0,0,0.0,0,2355.2,1,0.0,0,0.0,0,0.0,0,0.0,0
2012-10-23T09:15:57.000,2355.2,4140,2355,16,0.0,0,0.0,0,0.0,0,0.0,0,2355.2,9,0.0,0,0.0,0,0.0,0,0.0,0
2012-10-23T09:15:57.500,2355,4157,2354.8,42,0.0,0,0.0,0,0.0,0,0.0,0,2355,1,0.0,0,0.0,0,0.0,0,0.0,0
2012-10-23T09:15:58.000,2354.8,4166,2354.8,34,0.0,0,0.0,0,0.0,0,0.0,0,2355,1,0.0,0,0.0,0,0.0,0,0.0,0
2012-10-23T09:15:58.500,2355,4168,2354.8,35,0.0,0,0.0,0,0.0,0,0.0,0,2355,7,0.0,0,0.0,0,0.0,0,0.0,0
2012-10-23T09:15:59.000,2354.6,4217,2354.6,48,0.0,0,0.0,0,0.0,0,0.0,0,2355,11,0.0,0,0.0,0,0.0,0,0.0,0
2012-10-23T09:15:59.500,2354.6,4219,2354.6,47,0.0,0,0.0,0,0.0,0,0.0,0,2354.8,2,0.0,0,0.0,0,0.0,0,0.0,0
2012-10-23T09:16:00.000,2354.6,4232,2354.6,36,0.0,0,0.0,0,0.0,0,0.0,0,2354.8,1,0.0,0,0.0,0,0.0,0,0.0,0
2012-10-23T09:16:00.500,2355,4250,2354.8,4,0.0,0,0.0,0,0.0,0,0.0,0,2355,111,0.0,0,0.0,0,0.0,0,0.0,0
2012-10-23T09:16:01.000,2354.8,4266,2354.6,36,0.0,0,0.0,0,0.0,0,0.0,0,2354.8,27,0.0,0,0.0,0,0.0,0,0.0,0
2012-10-23T09:16:01.500,2354.6,4283,2354.6,23,0.0,0,0.0,0,0.0,0,0.0,0,2354.8,35,0.0,0,0.0,0,0.0,0,0.0,0
2012-10-23T09:16:02.000,2354.6,4309,2354.6,4,0.0,0,0.0,0,0.0,0,0.0,0,2354.8,45,0.0,0,0.0,0,0.0,0,0.0,0
2012-10-23T09:16:02.500,2354.4,4323,2354.4,44,0.0,0,0.0,0,0.0,0,0.0,0,2354.6,6,0.0,0,0.0,0,0.0,0,0.0,0
2012-10-23T09:16:03.000,2354.4,4332,2354.4,38,0.0,0,0.0,0,0.0,0,0.0,0,2354.6,11,0.0,0,0.0,0,0.0,0,0.0,0
2012-10-23T09:16:03.500,2354.4,4336,2354.4,35,0.0,0,0.0,0,0.0,0,0.0,0,2354.6,14,0.0,0,0.0,0,0.0,0,0.0,0
2012-10-23T09:16:04.000,2354.6,4377,2354.2,13,0.0,0,0.0,0,0.0,0,0.0,0,2354.6,21,0.0,0,0.0,0,0.0,0,0.0,0
2012-10-23T09:16:04.500,2354.4,4388,2354.4,2,0.0,0,0.0,0,0.0,0,0.0,0,2354.6,27,0.0,0,0.0,0,0.0,0,0.0,0
2012-10-23T09:16:05.000,2354,4427,2354,16,0.0,0,0.0,0,0.0,0,0.0,0,2354.4,3,0.0,0,0.0,0,0.0,0,0.0,0
2012-10-23T09:16:05.500,2354,4443,2354.2,3,0.0,0,0.0,0,0.0,0,0.0,0,2354.4,1,0.0,0,0.0,0,0.0,0,0.0,0
2012-10-23T09:16:06.000,2354.2,4460,2354,9,0.0,0,0.0,0,0.0,0,0.0,0,2354.2,12,0.0,0,0.0,0,0.0,0,0.0,0
2012-10-23T09:16:06.500,2354.2,4467,2354,16,0.0,0,0.0,0,0.0,0,0.0,0,2354.2,7,0.0,0,0.0,0,0.0,0,0.0,0
2012-10-23T09:16:07.000,2354,4488,2354,48,0.0,0,0.0,0,0.0,0,0.0,0,2354.2,5,0.0,0,0.0,0,0.0,0,0.0,0
2012-10-23T09:16:07.500,2354.2,4515,2354.2,1,0.0,0,0.0,0,0.0,0,0.0,0,2354.4,4,0.0,0,0.0,0,0.0,0,0.0,0
2012-10-23T09:16:08.000,2354.4,4535,2354.4,2,0.0,0,0.0,0,0.0,0,0.0,0,2354.6,4,0.0,0,0.0,0,0.0,0,0.0,0
2012-10-23T09:16:08.500,2354.2,4546,2354,63,0.0,0,0.0,0,0.0,0,0.0,0,2354.2,3,0.0,0,0.0,0,0.0,0,0.0,0
2012-10-23T09:16:09.000,2354.2,4575,2354.2,11,0.0,0,0.0,0,0.0,0,0.0,0,2354.4,3,0.0,0,0.0,0,0.0,0,0.0,0
2012-10-23T09:16:09.500,2354.2,4577,2354.2,11,0.0,0,0.0,0,0.0,0,0.0,0,2354.4,3,0.0,0,0.0,0,0.0,0,0.0,0
2012-10-23T09:16:10.000,2354.4,4605,2354.4,3,0.0,0,0.0,0,0.0,0,0.0,0,2354.6,3,0.0,0,0.0,0,0.0,0,0.0,0
2012-10-23T09:16:10.500,2354.4,4608,2354.2,23,0.0,0,0.0,0,0.0,0,0.0,0,2354.4,2,0.0,0,0.0,0,0.0,0,0.0,0
2012-10-23T09:16:11.000,2354.6,4615,2354.4,1,0.0,0,0.0,0,0.0,0,0.0,0,2354.6,1,0.0,0,0.0,0,0.0,0,0.0,0
2012-10-23T09:16:11.500,2354.4,4658,2354.2,22,0.0,0,0.0,0,0.0,0,0.0,0,2354.6,10,0.0,0,0.0,0,0.0,0,0.0,0
2012-10-23T09:16:12.000,2354.4,4662,2354.4,1,0.0,0,0.0,0,0.0,0,0.0,0,2354.6,13,0.0,0,0.0,0,0.0,0,0.0,0
2012-10-23T09:16:12.500,2354.2,4666,2354.2,25,0.0,0,0.0,0,0.0,0,0.0,0,2354.6,13,0.0,0,0.0,0,0.0,0,0.0,0
2012-10-23T09:16:13.000,2354.6,4673,2354.4,7,0.0,0,0.0,0,0.0,0,0.0,0,2354.6,9,0.0,0,0.0,0,0.0,0,0.0,0
2012-10-23T09:16:13.500,2354.4,4687,2354.4,3,0.0,0,0.0,0,0.0,0,0.0,0,2354.6,8,0.0,0,0.0,0,0.0,0,0.0,0
2012-10-23T09:16:14.000,2354.6,4692,2354.4,1,0.0,0,0.0,0,0.0,0,0.0,0,2354.6,5,0.0,0,0.0,0,0.0,0,0.0,0
2012-10-23T09:16:14.500,2354.4,4693,2354.2,31,0.0,0,0.0,0,0.0,0,0.0,0,2354.4,4,0.0,0,0.0,0,0.0,0,0.0,0
2012-10-23T09:16:15.000,2354.2,4697,2354.2,29,0.0,0,0.0,0,0.0,0,0.0,0,2354.4,5,0.0,0,0.0,0,0.0,0,0.0,0
2012-10-23T09:16:15.500,2354.6,4706,2354.4,2,0.0,0,0.0,0,0.0,0,0.0,0,2354.6,5,0.0,0,0.0,0,0.0,0,0.0,0
2012-10-23T09:16:16.000,2354.4,4707,2354.4,1,0.0,0,0.0,0,0.0,0,0.0,0,2354.6,5,0.0,0,0.0,0,0.0,0,0.0,0
2012-10-23T09:16:16.500,2354.4,4711,2354.2,40,0.0,0,0.0,0,0.0,0,0.0,0,2354.4,3,0.0,0,0.0,0,0.0,0,0.0,0
2012-10-23T09:16:17.000,2354.2,4713,2354.2,42,0.0,0,0.0,0,0.0,0,0.0,0,2354.4,2,0.0,0,0.0,0,0.0,0,0.0,0
2012-10-23T09:16:17.500,2354.6,4717,2354.2,40,0.0,0,0.0,0,0.0,0,0.0,0,2354.6,4,0.0,0,0.0,0,0.0,0,0.0,0
2012-10-23T09:16:18.000,2354.4,4725,2354.4,12,0.0,0,0.0,0,0.0,0,0.0,0,2354.8,15,0.0,0,0.0,0,0.0,0,0.0,0
2012-10-23T09:16:18.500,2354.8,4737,2354.6,2,0.0,0,0.0,0,0.0,0,0.0,0,2354.8,14,0.0,0,0.0,0,0.0,0,0.0,0
2012-10-23T09:16:19.000,2354.6,4738,2354.6,1,0.0,0,0.0,0,0.0,0,0.0,0,2354.8,14,0.0,0,0.0,0,0.0,0,0.0,0
2012-10-23T09:16:19.500,2354.4,4743,2354.4,3,0.0,0,0.0,0,0.0,0,0.0,0,2354.6,1,0.0,0,0.0,0,0.0,0,0.0,0
2012-10-23T09:16:20.000,2354.8,4747,2354.6,1,0.0,0,0.0,0,0.0,0,0.0,0,2354.8,11,0.0,0,0.0,0,0.0,0,0.0,0
2012-10-23T09:16:20.500,2354.8,4749,2354.6,4,0.0,0,0.0,0,0.0,0,0.0,0,2354.8,14,0.0,0,0.0,0,0.0,0,0.0,0
2012-10-23T09:16:21.000,2354.6,4750,2354.6,3,0.0,0,0.0,0,0.0,0,0.0,0,2354.8,15,0.0,0,0.0,0,0.0,0,0.0,0
2012-10-23T09:16:21.500,2354.4,4754,2354.4,11,0.0,0,0.0,0,0.0,0,0.0,0,2354.6,7,0.0,0,0.0,0,0.0,0,0.0,0
2012-10-23T09:16:22.000,2354.6,4760,2354.4,11,0.0,0,0.0,0,0.0,0,0.0,0,2354.6,4,0.0,0,0.0,0,0.0,0,0.0,0
2012-10-23T09:16:22.500,2354.6,4768,2354.4,7,0.0,0,0.0,0,0.0,0,0.0,0,2354.6,7,0.0,0,0.0,0,0.0,0,0.0,0
2012-10-23T09:16:23.000,2354.6,4772,2354.4,7,0.0,0,0.0,0,0.0,0,0.0,0,2354.6,5,0.0,0,0.0,0,0.0,0,0.0,0
2012-10-23T09:16:23.500,2354.6,4774,2354.4,6,0.0,0,0.0,0,0.0,0,0.0,0,2354.6,7,0.0,0,0.0,0,0.0,0,0.0,0
2012-10-23T09:16:24.000,2354.4,4776,2354.4,5,0.0,0,0.0,0,0.0,0,0.0,0,2354.6,7,0.0,0,0.0,0,0.0,0,0.0,0
2012-10-23T09:16:24.500,2354.6,4787,2354.6,36,0.0,0,0.0,0,0.0,0,0.0,0,2354.8,18,0.0,0,0.0,0,0.0,0,0.0,0
2012-10-23T09:16:25.000,2354.6,4790,2354.6,36,0.0,0,0.0,0,0.0,0,0.0,0,2354.8,19,0.0,0,0.0,0,0.0,0,0.0,0
2012-10-23T09:16:25.500,2354.6,4792,2354.6,34,0.0,0,0.0,0,0.0,0,0.0,0,2354.8,19,0.0,0,0.0,0,0.0,0,0.0,0
2012-10-23T09:16:26.000,2354.6,4794,2354.6,34,0.0,0,0.0,0,0.0,0,0.0,0,2354.8,18,0.0,0,0.0,0,0.0,0,0.0,0
2012-10-23T09:16:26.500,2354.6,4797,2354.6,34,0.0,0,0.0,0,0.0,0,0.0,0,2354.8,18,0.0,0,0.0,0,0.0,0,0.0,0
2012-10-23T09:16:27.000,2354.6,4803,2354.6,28,0.0,0,0.0,0,0.0,0,0.0,0,2354.8,20,0.0,0,0.0,0,0.0,0,0.0,0
2012-10-23T09:16:27.500,2354.6,4805,2354.6,26,0.0,0,0.0,0,0.0,0,0.0,0,2354.8,21,0.0,0,0.0,0,0.0,0,0.0,0
2012-10-23T09:16:28.000,2354.8,4808,2354.6,26,0.0,0,0.0,0,0.0,0,0.0,0,2354.8,19,0.0,0,0.0,0,0.0,0,0.0,0
2012-10-23T09:16:28.500,2354.8,4814,2354.6,28,0.0,0,0.0,0,0.0,0,0.0,0,2354.8,15,0.0,0,0.0,0,0.0,0,0.0,0
2012-10-23T09:16:29.000,2354.6,4830,2354.6,16,0.0,0,0.0,0,0.0,0,0.0,0,2354.8,13,0.0,0,0.0,0,0.0,0,0.0,0
2012-10-23T09:16:29.500,2354.6,4833,2354.6,14,0.0,0,0.0,0,0.0,0,0.0,0,2354.8,12,0.0,0,0.0,0,0.0,0,0.0,0
2012-10-23T09:16:30.000,2354.6,4839,2354.6,16,0.0,0,0.0,0,0.0,0,0.0,0,2354.8,9,0.0,0,0.0,0,0.0,0,0.0,0
2012-10-23T09:16:30.500,2355,4857,2354.6,20,0.0,0,0.0,0,0.0,0,0.0,0,2355,210,0.0,0,0.0,0,0.0,0,0.0,0
2012-10-23T09:16:31.000,2355,4864,2354.6,21,0.0,0,0.0,0,0.0,0,0.0,0,2355,207,0.0,0,0.0,0,0.0,0,0.0,0
2012-10-23T09:16:31.500,2355,4865,2354.6,21,0.0,0,0.0,0,0.0,0,0.0,0,2354.8,1,0.0,0,0.0,0,0.0,0,0.0,0
2012-10-23T09:16:32.000,2354.6,4889,2354.4,66,0.0,0,0.0,0,0.0,0,0.0,0,2354.6,56,0.0,0,0.0,0,0.0,0,0.0,0
2012-10-23T09:16:32.500,2354.6,4897,2354.4,66,0.0,0,0.0,0,0.0,0,0.0,0,2354.6,49,0.0,0,0.0,0,0.0,0,0.0,0
2012-10-23T09:16:33.000,2354.4,4911,2354.4,66,0.0,0,0.0,0,0.0,0,0.0,0,2354.6,36,0.0,0,0.0,0,0.0,0,0.0,0
2012-10-23T09:16:33.500,2354.6,4918,2354.4,66,0.0,0,0.0,0,0.0,0,0.0,0,2354.6,33,0.0,0,0.0,0,0.0,0,0.0,0
2012-10-23T09:16:34.000,2354.6,4922,2354.4,66,0.0,0,0.0,0,0.0,0,0.0,0,2354.6,29,0.0,0,0.0,0,0.0,0,0.0,0
2012-10-23T09:16:34.500,2354.4,4924,2354.4,65,0.0,0,0.0,0,0.0,0,0.0,0,2354.6,29,0.0,0,0.0,0,0.0,0,0.0,0
2012-10-23T09:16:35.000,2354.6,4926,2354.4,67,0.0,0,0.0,0,0.0,0,0.0,0,2354.6,39,0.0,0,0.0,0,0.0,0,0.0,0
2012-10-23T09:16:35.500,2354.6,4943,2354.4,53,0.0,0,0.0,0,0.0,0,0.0,0,2354.6,38,0.0,0,0.0,0,0.0,0,0.0,0
2012-10-23T09:16:36.000,2354.6,4945,2354.4,54,0.0,0,0.0,0,0.0,0,0.0,0,2354.6,33,0.0,0,0.0,0,0.0,0,0.0,0
2012-10-23T09:16:36.500,2354.6,4946,2354.4,56,0.0,0,0.0,0,0.0,0,0.0,0,2354.6,32,0.0,0,0.0,0,0.0,0,0.0,0
2012-10-23T09:16:37.000,2354.6,4956,2354.4,57,0.0,0,0.0,0,0.0,0,0.0,0,2354.6,23,0.0,0,0.0,0,0.0,0,0.0,0
2012-10-23T09:16:37.500,2354.6,4961,2354.4,57,0.0,0,0.0,0,0.0,0,0.0,0,2354.6,24,0.0,0,0.0,0,0.0,0,0.0,0
2012-10-23T09:16:38.000,2354.6,4968,2354.4,51,0.0,0,0.0,0,0.0,0,0.0,0,2354.6,23,0.0,0,0.0,0,0.0,0,0.0,0
2012-10-23T09:16:38.500,2354.6,4993,2354.6,12,0.0,0,0.0,0,0.0,0,0.0,0,2354.8,28,0.0,0,0.0,0,0.0,0,0.0,0
2012-10-23T09:16:39.000,2354.6,4995,2354.6,10,0.0,0,0.0,0,0.0,0,0.0,0,2354.8,29,0.0,0,0.0,0,0.0,0,0.0,0
2012-10-23T09:16:39.500,2354.6,4997,2354.6,10,0.0,0,0.0,0,0.0,0,0.0,0,2354.8,29,0.0,0,0.0,0,0.0,0,0.0,0
2012-10-23T09:16:40.000,2354.8,4998,2354.6,15,0.0,0,0.0,0,0.0,0,0.0,0,2354.8,28,0.0,0,0.0,0,0.0,0,0.0,0
2012-10-23T09:16:40.500,2354.6,5009,2354.6,5,0.0,0,0.0,0,0.0,0,0.0,0,2354.8,29,0.0,0,0.0,0,0.0,0,0.0,0
2012-10-23T09:16:41.000,2354.8,5018,2354.4,53,0.0,0,0.0,0,0.0,0,0.0,0,2354.8,18,0.0,0,0.0,0,0.0,0,0.0,0
2012-10-23T09:16:41.500,2354.6,5019,2354.4,53,0.0,0,0.0,0,0.0,0,0.0,0,2354.8,19,0.0,0,0.0,0,0.0,0,0.0,0
2012-10-23T09:16:42.000,2354.4,5020,2354.4,53,0.0,0,0.0,0,0.0,0,0.0,0,2354.8,20,0.0,0,0.0,0,0.0,0,0.0,0
2012-10-23T09:16:42.500,2354.8,5022,2354.6,3,0.0,0,0.0,0,0.0,0,0.0,0,2354.8,20,0.0,0,0.0,0,0.0,0,0.0,0
2012-10-23T09:16:43.000,2354.8,5025,2354.6,2,0.0,0,0.0,0,0.0,0,0.0,0,2354.8,18,0.0,0,0.0,0,0.0,0,0.0,0
2012-10-23T09:16:43.500,2354.6,5027,2354.6,3,0.0,0,0.0,0,0.0,0,0.0,0,2354.8,18,0.0,0,0.0,0,0.0,0,0.0,0
2012-10-23T09:16:44.000,2354.6,5028,2354.6,7,0.0,0,0.0,0,0.0,0,0.0,0,2354.8,19,0.0,0,0.0,0,0.0,0,0.0,0
2012-10-23T09:16:44.500,2354.8,5029,2354.6,7,0.0,0,0.0,0,0.0,0,0.0,0,2354.8,19,0.0,0,0.0,0,0.0,0,0.0,0
2012-10-23T09:16:45.000,2354.8,5033,2354.6,7,0.0,0,0.0,0,0.0,0,0.0,0,2354.8,16,0.0,0,0.0,0,0.0,0,0.0,0
2012-10-23T09:16:45.500,2354.6,5039,2354.6,15,0.0,0,0.0,0,0.0,0,0.0,0,2354.8,26,0.0,0,0.0,0,0.0,0,0.0,0
2012-10-23T09:16:46.250,2354.6,5042,2354.6,17,0.0,0,0.0,0,0.0,0,0.0,0,2354.8,29,0.0,0,0.0,0,0.0,0,0.0,0
2012-10-23T09:16:47.000,2354.6,5048,2354.6,18,0.0,0,0.0,0,0.0,0,0.0,0,2354.8,29,0.0,0,0.0,0,0.0,0,0.0,0
2012-10-23T09:16:47.500,2354.8,5056,2354.6,18,0.0,0,0.0,0,0.0,0,0.0,0,2354.8,21,0.0,0,0.0,0,0.0,0,0.0,0
2012-10-23T09:16:48.000,2354.6,5057,2354.6,18,0.0,0,0.0,0,0.0,0,0.0,0,2354.8,22,0.0,0,0.0,0,0.0,0,0.0,0
2012-10-23T09:16:48.500,2354.6,5058,2354.6,20,0.0,0,0.0,0,0.0,0,0.0,0,2354.8,22,0.0,0,0.0,0,0.0,0,0.0,0
2012-10-23T09:16:49.000,2354.6,5059,2354.6,21,0.0,0,0.0,0,0.0,0,0.0,0,2354.8,22,0.0,0,0.0,0,0.0,0,0.0,0
2012-10-23T09:16:49.500,2354.6,5069,2354.6,11,0.0,0,0.0,0,0.0,0,0.0,0,2354.8,22,0.0,0,0.0,0,0.0,0,0.0,0
2012-10-23T09:16:50.000,2354.6,5074,2354.6,8,0.0,0,0.0,0,0.0,0,0.0,0,2354.8,21,0.0,0,0.0,0,0.0,0,0.0,0
2012-10-23T09:16:50.500,2354.6,5083,2354.4,83,0.0,0,0.0,0,0.0,0,0.0,0,2354.6,12,0.0,0,0.0,0,0.0,0,0.0,0
2012-10-23T09:16:51.000,2354.6,5085,2354.4,83,0.0,0,0.0,0,0.0,0,0.0,0,2354.6,18,0.0,0,0.0,0,0.0,0,0.0,0
2012-10-23T09:16:51.500,2354.6,5092,2354.4,83,0.0,0,0.0,0,0.0,0,0.0,0,2354.6,16,0.0,0,0.0,0,0.0,0,0.0,0
2012-10-23T09:16:52.000,2354.6,5094,2354.4,83,0.0,0,0.0,0,0.0,0,0.0,0,2354.6,14,0.0,0,0.0,0,0.0,0,0.0,0
2012-10-23T09:16:52.500,2354.8,5110,2354.6,20,0.0,0,0.0,0,0.0,0,0.0,0,2354.8,17,0.0,0,0.0,0,0.0,0,0.0,0
2012-10-23T09:16:53.250,2354.8,5111,2354.6,20,0.0,0,0.0,0,0.0,0,0.0,0,2354.8,17,0.0,0,0.0,0,0.0,0,0.0,0
2012-10-23T09:16:54.250,2354.8,5125,2354.6,65,0.0,0,0.0,0,0.0,0,0.0,0,2354.8,3,0.0,0,0.0,0,0.0,0,0.0,0
2012-10-23T09:16:55.000,2354.6,5154,2354.6,47,0.0,0,0.0,0,0.0,0,0.0,0,2355,216,0.0,0,0.0,0,0.0,0,0.0,0
2012-10-23T09:16:55.500,2355,5157,2354.8,5,0.0,0,0.0,0,0.0,0,0.0,0,2355,214,0.0,0,0.0,0,0.0,0,0.0,0
2012-10-23T09:16:56.000,2355,5160,2354.8,3,0.0,0,0.0,0,0.0,0,0.0,0,2355,213,0.0,0,0.0,0,0.0,0,0.0,0
2012-10-23T09:16:56.500,2354.8,5162,2354.8,7,0.0,0,0.0,0,0.0,0,0.0,0,2355,213,0.0,0,0.0,0,0.0,0,0.0,0
2012-10-23T09:16:57.250,2355,5166,2354.8,6,0.0,0,0.0,0,0.0,0,0.0,0,2355,210,0.0,0,0.0,0,0.0,0,0.0,0
2012-10-23T09:16:58.000,2355,5171,2354.8,5,0.0,0,0.0,0,0.0,0,0.0,0,2355,208,0.0,0,0.0,0,0.0,0,0.0,0
2012-10-23T09:16:58.500,2355,5181,2354.8,5,0.0,0,0.0,0,0.0,0,0.0,0,2355,199,0.0,0,0.0,0,0.0,0,0.0,0
2012-10-23T09:16:59.000,2355,5202,2354.8,5,0.0,0,0.0,0,0.0,0,0.0,0,2355,180,0.0,0,0.0,0,0.0,0,0.0,0
2012-10-23T09:16:59.500,2355,5206,2354.8,5,0.0,0,0.0,0,0.0,0,0.0,0,2355,176,0.0,0,0.0,0,0.0,0,0.0,0
2012-10-23T09:17:00.000,2355,5213,2354.8,10,0.0,0,0.0,0,0.0,0,0.0,0,2355,172,0.0,0,0.0,0,0.0,0,0.0,0
2012-10-23T09:17:00.500,2355,5215,2354.8,11,0.0,0,0.0,0,0.0,0,0.0,0,2355,172,0.0,0,0.0,0,0.0,0,0.0,0
2012-10-23T09:17:01.000,2355,5225,2354.8,13,0.0,0,0.0,0,0.0,0,0.0,0,2355,162,0.0,0,0.0,0,0.0,0,0.0,0
2012-10-23T09:17:01.500,2355,5231,2354.8,13,0.0,0,0.0,0,0.0,0,0.0,0,2355,158,0.0,0,0.0,0,0.0,0,0.0,0
2012-10-23T09:17:02.000,2355,5234,2354.8,14,0.0,0,0.0,0,0.0,0,0.0,0,2355,156,0.0,0,0.0,0,0.0,0,0.0,0
2012-10-23T09:17:02.500,2354.8,5235,2354.8,14,0.0,0,0.0,0,0.0,0,0.0,0,2355,157,0.0,0,0.0,0,0.0,0,0.0,0
2012-10-23T09:17:03.000,2354.8,5238,2354.8,13,0.0,0,0.0,0,0.0,0,0.0,0,2355,156,0.0,0,0.0,0,0.0,0,0.0,0
2012-10-23T09:17:03.500,2355,5246,2354.8,9,0.0,0,0.0,0,0.0,0,0.0,0,2355,154,0.0,0,0.0,0,0.0,0,0.0,0
2012-10-23T09:17:04.250,2354.8,5255,2354.8,7,0.0,0,0.0,0,0.0,0,0.0,0,2355,148,0.0,0,0.0,0,0.0,0,0.0,0
2012-10-23T09:17:05.000,2354.8,5257,2354.8,8,0.0,0,0.0,0,0.0,0,0.0,0,2355,147,0.0,0,0.0,0,0.0,0,0.0,0
2012-10-23T09:17:05.500,2354.8,5259,2354.8,7,0.0,0,0.0,0,0.0,0,0.0,0,2355,147,0.0,0,0.0,0,0.0,0,0.0,0
2012-10-23T09:17:06.000,2354.8,5269,2354.6,57,0.0,0,0.0,0,0.0,0,0.0,0,2354.8,1,0.0,0,0.0,0,0.0,0,0.0,0
2012-10-23T09:17:06.500,2354.6,5284,2354.6,42,0.0,0,0.0,0,0.0,0,0.0,0,2354.8,14,0.0,0,0.0,0,0.0,0,0.0,0
2012-10-23T09:17:07.250,2354.8,5314,2354.6,15,0.0,0,0.0,0,0.0,0,0.0,0,2354.8,12,0.0,0,0.0,0,0.0,0,0.0,0
2012-10-23T09:17:08.000,2354.8,5316,2354.6,22,0.0,0,0.0,0,0.0,0,0.0,0,2354.8,21,0.0,0,0.0,0,0.0,0,0.0,0
2012-10-23T09:17:08.500,2354.6,5328,2354.6,11,0.0,0,0.0,0,0.0,0,0.0,0,2354.8,21,0.0,0,0.0,0,0.0,0,0.0,0
2012-10-23T09:17:09.250,2354.4,5342,2354.4,126,0.0,0,0.0,0,0.0,0,0.0,0,2354.8,21,0.0,0,0.0,0,0.0,0,0.0,0
2012-10-23T09:17:10.000,2354.8,5345,2354.6,1,0.0,0,0.0,0,0.0,0,0.0,0,2354.8,20,0.0,0,0.0,0,0.0,0,0.0,0
2012-10-23T09:17:10.500,2354.6,5348,2354.6,4,0.0,0,0.0,0,0.0,0,0.0,0,2354.8,16,0.0,0,0.0,0,0.0,0,0.0,0
2012-10-23T09:17:11.000,2354.6,5354,2354.4,125,0.0,0,0.0,0,0.0,0,0.0,0,2354.6,8,0.0,0,0.0,0,0.0,0,0.0,0
2012-10-23T09:17:11.500,2354.6,5364,2354.6,11,0.0,0,0.0,0,0.0,0,0.0,0,2354.8,17,0.0,0,0.0,0,0.0,0,0.0,0
2012-10-23T09:17:12.000,2354.8,5383,2354.4,129,0.0,0,0.0,0,0.0,0,0.0,0,2354.6,1,0.0,0,0.0,0,0.0,0,0.0,0
2012-10-23T09:17:12.500,2354.6,5387,2354.4,146,0.0,0,0.0,0,0.0,0,0.0,0,2354.6,1,0.0,0,0.0,0,0.0,0,0.0,0
2012-10-23T09:17:13.000,2354.6,5390,2354.4,124,0.0,0,0.0,0,0.0,0,0.0,0,2354.8,14,0.0,0,0.0,0,0.0,0,0.0,0
2012-10-23T09:17:13.500,2354.4,5403,2354.4,119,0.0,0,0.0,0,0.0,0,0.0,0,2354.8,18,0.0,0,0.0,0,0.0,0,0.0,0
2012-10-23T09:17:14.000,2354.4,5409,2354.4,110,0.0,0,0.0,0,0.0,0,0.0,0,2354.6,1,0.0,0,0.0,0,0.0,0,0.0,0
2012-10-23T09:17:14.500,2354.4,5412,2354.4,107,0.0,0,0.0,0,0.0,0,0.0,0,2354.6,4,0.0,0,0.0,0,0.0,0,0.0,0
2012-10-23T09:17:15.250,2354.6,5418,2354.4,102,0.0,0,0.0,0,0.0,0,0.0,0,2354.6,4,0.0,0,0.0,0,0.0,0,0.0,0
2012-10-23T09:17:16.250,2354.6,5427,2354.6,23,0.0,0,0.0,0,0.0,0,0.0,0,2354.8,30,0.0,0,0.0,0,0.0,0,0.0,0
2012-10-23T09:17:17.000,2354.6,5441,2354.6,18,0.0,0,0.0,0,0.0,0,0.0,0,2354.8,29,0.0,0,0.0,0,0.0,0,0.0,0
2012-10-23T09:17:17.500,2354.6,5442,2354.6,18,0.0,0,0.0,0,0.0,0,0.0,0,2354.8,29,0.0,0,0.0,0,0.0,0,0.0,0
2012-10-23T09:17:18.250,2354.6,5454,2354.6,14,0.0,0,0.0,0,0.0,0,0.0,0,2354.8,28,0.0,0,0.0,0,0.0,0,0.0,0
2012-10-23T09:17:19.000,2354.4,5522,2354.6,1,0.0,0,0.0,0,0.0,0,0.0,0,2354.8,28,0.0,0,0.0,0,0.0,0,0.0,0
2012-10-23T09:17:19.500,2354.6,5523,2354.4,55,0.0,0,0.0,0,0.0,0,0.0,0,2354.8,28,0.0,0,0.0,0,0.0,0,0.0,0
2012-10-23T09:17:20.000,2354.8,5525,2354.4,56,0.0,0,0.0,0,0.0,0,0.0,0,2354.6,2,0.0,0,0.0,0,0.0,0,0.0,0
2012-10-23T09:17:20.500,2354.6,5526,2354.4,56,0.0,0,0.0,0,0.0,0,0.0,0,2354.6,12,0.0,0,0.0,0,0.0,0,0.0,0
2012-10-23T09:17:21.000,2354.4,5537,2354.4,49,0.0,0,0.0,0,0.0,0,0.0,0,2354.6,17,0.0,0,0.0,0,0.0,0,0.0,0
2012-10-23T09:17:21.500,2354.4,5559,2354.4,34,0.0,0,0.0,0,0.0,0,0.0,0,2354.6,15,0.0,0,0.0,0,0.0,0,0.0,0
2012-10-23T09:17:22.000,2354.4,5573,2354.4,21,0.0,0,0.0,0,0.0,0,0.0,0,2354.6,16,0.0,0,0.0,0,0.0,0,0.0,0
2012-10-23T09:17:22.500,2354.4,5595,2354.2,49,0.0,0,0.0,0,0.0,0,0.0,0,2354.4,14,0.0,0,0.0,0,0.0,0,0.0,0
2012-10-23T09:17:23.000,2354.2,5596,2354.2,48,0.0,0,0.0,0,0.0,0,0.0,0,2354.4,27,0.0,0,0.0,0,0.0,0,0.0,0
2012-10-23T09:17:23.500,2354.2,5601,2354.2,45,0.0,0,0.0,0,0.0,0,0.0,0,2354.4,26,0.0,0,0.0,0,0.0,0,0.0,0
2012-10-23T09:17:24.000,2354.2,5607,2354.2,39,0.0,0,0.0,0,0.0,0,0.0,0,2354.4,31,0.0,0,0.0,0,0.0,0,0.0,0
2012-10-23T09:17:24.500,2354.2,5632,2354.2,47,0.0,0,0.0,0,0.0,0,0.0,0,2354.4,31,0.0,0,0.0,0,0.0,0,0.0,0
2012-10-23T09:17:25.000,2354.2,5651,2354.2,28,0.0,0,0.0,0,0.0,0,0.0,0,2354.4,31,0.0,0,0.0,0,0.0,0,0.0,0
2012-10-23T09:17:25.500,2354.2,5659,2354.2,27,0.0,0,0.0,0,0.0,0,0.0,0,2354.4,32,0.0,0,0.0,0,0.0,0,0.0,0
2012-10-23T09:17:26.000,2354.2,5665,2354.2,21,0.0,0,0.0,0,0.0,0,0.0,0,2354.4,33,0.0,0,0.0,0,0.0,0,0.0,0
2012-10-23T09:17:26.500,2354.2,5667,2354.2,23,0.0,0,0.0,0,0.0,0,0.0,0,2354.4,33,0.0,0,0.0,0,0.0,0,0.0,0
2012-10-23T09:17:27.250,2354.2,5670,2354.2,20,0.0,0,0.0,0,0.0,0,0.0,0,2354.4,33,0.0,0,0.0,0,0.0,0,0.0,0
2012-10-23T09:17:28.000,2354,5696,2354,125,0.0,0,0.0,0,0.0,0,0.0,0,2354.2,39,0.0,0,0.0,0,0.0,0,0.0,0
2012-10-23T09:17:28.500,2354.2,5701,2354,124,0.0,0,0.0,0,0.0,0,0.0,0,2354.2,38,0.0,0,0.0,0,0.0,0,0.0,0
2012-10-23T09:17:29.000,2354,5720,2354,110,0.0,0,0.0,0,0.0,0,0.0,0,2354.2,36,0.0,0,0.0,0,0.0,0,0.0,0
2012-10-23T09:17:29.500,2354,5736,2354,93,0.0,0,0.0,0,0.0,0,0.0,0,2354.2,40,0.0,0,0.0,0,0.0,0,0.0,0
2012-10-23T09:17:30.000,2354,5782,2354,64,0.0,0,0.0,0,0.0,0,0.0,0,2354.2,25,0.0,0,0.0,0,0.0,0,0.0,0
2012-10-23T09:17:30.500,2354,5810,2354,36,0.0,0,0.0,0,0.0,0,0.0,0,2354.2,25,0.0,0,0.0,0,0.0,0,0.0,0
2012-10-23T09:17:31.000,2354,5837,2354,9,0.0,0,0.0,0,0.0,0,0.0,0,2354.2,26,0.0,0,0.0,0,0.0,0,0.0,0
2012-10-23T09:17:31.500,2354.2,5850,2354,4,0.0,0,0.0,0,0.0,0,0.0,0,2354.2,25,0.0,0,0.0,0,0.0,0,0.0,0
2012-10-23T09:17:32.000,2354,5859,2353.8,23,0.0,0,0.0,0,0.0,0,0.0,0,2354.2,21,0.0,0,0.0,0,0.0,0,0.0,0
2012-10-23T09:17:32.500,2353.8,5860,2353.8,53,0.0,0,0.0,0,0.0,0,0.0,0,2354,9,0.0,0,0.0,0,0.0,0,0.0,0
2012-10-23T09:17:33.000,2353.8,5890,2353.8,26,0.0,0,0.0,0,0.0,0,0.0,0,2354,9,0.0,0,0.0,0,0.0,0,0.0,0
2012-10-23T09:17:33.500,2353.8,5895,2353.8,26,0.0,0,0.0,0,0.0,0,0.0,0,2354,6,0.0,0,0.0,0,0.0,0,0.0,0
2012-10-23T09:17:34.000,2353.8,5900,2353.8,23,0.0,0,0.0,0,0.0,0,0.0,0,2354,10,0.0,0,0.0,0,0.0,0,0.0,0
2012-10-23T09:17:34.500,2354,5909,2353.8,16,0.0,0,0.0,0,0.0,0,0.0,0,2354,13,0.0,0,0.0,0,0.0,0,0.0,0
2012-10-23T09:17:35.000,2353.8,5923,2353.8,12,0.0,0,0.0,0,0.0,0,0.0,0,2354,13,0.0,0,0.0,0,0.0,0,0.0,0
2012-10-23T09:17:35.500,2354,5929,2353.8,7,0.0,0,0.0,0,0.0,0,0.0,0,2354,12,0.0,0,0.0,0,0.0,0,0.0,0
2012-10-23T09:17:36.000,2353.8,5938,2353.6,36,0.0,0,0.0,0,0.0,0,0.0,0,2353.8,57,0.0,0,0.0,0,0.0,0,0.0,0
2012-10-23T09:17:36.500,2353.6,5949,2353.6,26,0.0,0,0.0,0,0.0,0,0.0,0,2353.8,58,0.0,0,0.0,0,0.0,0,0.0,0
2012-10-23T09:17:37.000,2353.6,5956,2353.6,20,0.0,0,0.0,0,0.0,0,0.0,0,2353.8,57,0.0,0,0.0,0,0.0,0,0.0,0
2012-10-23T09:17:37.500,2353.6,5967,2353.6,20,0.0,0,0.0,0,0.0,0,0.0,0,2353.8,55,0.0,0,0.0,0,0.0,0,0.0,0
2012-10-23T09:17:38.000,2353.8,6008,2353.2,40,0.0,0,0.0,0,0.0,0,0.0,0,2353.8,47,0.0,0,0.0,0,0.0,0,0.0,0
2012-10-23T09:17:38.500,2353.8,6021,2353.6,14,0.0,0,0.0,0,0.0,0,0.0,0,2353.8,45,0.0,0,0.0,0,0.0,0,0.0,0
2012-10-23T09:17:39.000,2353.6,6041,2353.6,18,0.0,0,0.0,0,0.0,0,0.0,0,2353.8,47,0.0,0,0.0,0,0.0,0,0.0,0
2012-10-23T09:17:39.500,2353.8,6051,2353.6,18,0.0,0,0.0,0,0.0,0,0.0,0,2353.8,49,0.0,0,0.0,0,0.0,0,0.0,0
2012-10-23T09:17:40.000,2353.8,6055,2353.6,15,0.0,0,0.0,0,0.0,0,0.0,0,2353.8,50,0.0,0,0.0,0,0.0,0,0.0,0
2012-10-23T09:17:40.500,2353.6,6058,2353.6,14,0.0,0,0.0,0,0.0,0,0.0,0,2353.8,48,0.0,0,0.0,0,0.0,0,0.0,0
2012-10-23T09:17:41.000,2353.6,6073,2353.4,1,0.0,0,0.0,0,0.0,0,0.0,0,2353.6,4,0.0,0,0.0,0,0.0,0,0.0,0
2012-10-23T09:17:41.500,2353.4,6082,2353.4,1,0.0,0,0.0,0,0.0,0,0.0,0,2353.8,47,0.0,0,0.0,0,0.0,0,0.0,0
2012-10-23T09:17:42.000,2353.4,6086,2353.2,41,0.0,0,0.0,0,0.0,0,0.0,0,2353.4,1,0.0,0,0.0,0,0.0,0,0.0,0
2012-10-23T09:17:42.500,2353.2,6103,2353.4,1,0.0,0,0.0,0,0.0,0,0.0,0,2353.6,1,0.0,0,0.0,0,0.0,0,0.0,0
2012-10-23T09:17:43.000,2353.4,6108,2353.4,3,0.0,0,0.0,0,0.0,0,0.0,0,2353.6,7,0.0,0,0.0,0,0.0,0,0.0,0
2012-10-23T09:17:43.500,2353.4,6117,2353.2,39,0.0,0,0.0,0,0.0,0,0.0,0,2353.6,5,0.0,0,0.0,0,0.0,0,0.0,0
2012-10-23T09:17:44.000,2353.4,6118,2353.4,2,0.0,0,0.0,0,0.0,0,0.0,0,2353.6,7,0.0,0,0.0,0,0.0,0,0.0,0
2012-10-23T09:17:44.500,2353.6,6126,2353.4,1,0.0,0,0.0,0,0.0,0,0.0,0,2353.6,7,0.0,0,0.0,0,0.0,0,0.0,0
2012-10-23T09:17:45.000,2353.8,6143,2353.4,28,0.0,0,0.0,0,0.0,0,0.0,0,2353.8,48,0.0,0,0.0,0,0.0,0,0.0,0
2012-10-23T09:17:45.500,2353.6,6144,2353.4,34,0.0,0,0.0,0,0.0,0,0.0,0,2353.8,48,0.0,0,0.0,0,0.0,0,0.0,0
2012-10-23T09:17:46.250,2353.6,6148,2353.4,39,0.0,0,0.0,0,0.0,0,0.0,0,2353.6,8,0.0,0,0.0,0,0.0,0,0.0,0
2012-10-23T09:17:47.000,2353.6,6151,2353.4,41,0.0,0,0.0,0,0.0,0,0.0,0,2353.6,8,0.0,0,0.0,0,0.0,0,0.0,0
2012-10-23T09:17:47.500,2353.6,6157,2353.4,36,0.0,0,0.0,0,0.0,0,0.0,0,2353.6,8,0.0,0,0.0,0,0.0,0,0.0,0
2012-10-23T09:17:48.000,2353.4,6163,2353.4,31,0.0,0,0.0,0,0.0,0,0.0,0,2353.6,8,0.0,0,0.0,0,0.0,0,0.0,0
2012-10-23T09:17:48.500,2353.6,6182,2353.6,1,0.0,0,0.0,0,0.0,0,0.0,0,2353.8,45,0.0,0,0.0,0,0.0,0,0.0,0
2012-10-23T09:17:49.000,2353.6,6197,2353.4,30,0.0,0,0.0,0,0.0,0,0.0,0,2353.6,1,0.0,0,0.0,0,0.0,0,0.0,0
2012-10-23T09:17:49.500,2353.6,6199,2353.4,30,0.0,0,0.0,0,0.0,0,0.0,0,2353.6,5,0.0,0,0.0,0,0.0,0,0.0,0
2012-10-23T09:17:50.000,2353.4,6210,2353.4,20,0.0,0,0.0,0,0.0,0,0.0,0,2353.6,5,0.0,0,0.0,0,0.0,0,0.0,0
2012-10-23T09:17:50.500,2353.6,6211,2353.4,22,0.0,0,0.0,0,0.0,0,0.0,0,2353.6,5,0.0,0,0.0,0,0.0,0,0.0,0
2012-10-23T09:17:51.000,2353.6,6214,2353.4,17,0.0,0,0.0,0,0.0,0,0.0,0,2353.6,17,0.0,0,0.0,0,0.0,0,0.0,0
2012-10-23T09:17:51.500,2353.4,6223,2353.4,11,0.0,0,0.0,0,0.0,0,0.0,0,2353.6,15,0.0,0,0.0,0,0.0,0,0.0,0
2012-10-23T09:17:52.000,2353.4,6234,2353.2,35,0.0,0,0.0,0,0.0,0,0.0,0,2353.4,6,0.0,0,0.0,0,0.0,0,0.0,0
2012-10-23T09:17:52.500,2353.2,6237,2353.2,34,0.0,0,0.0,0,0.0,0,0.0,0,2353.4,4,0.0,0,0.0,0,0.0,0,0.0,0
2012-10-23T09:17:53.000,2353.2,6240,2353.2,34,0.0,0,0.0,0,0.0,0,0.0,0,2353.4,2,0.0,0,0.0,0,0.0,0,0.0,0
2012-10-23T09:17:53.500,2353.6,6243,2353.4,1,0.0,0,0.0,0,0.0,0,0.0,0,2353.6,26,0.0,0,0.0,0,0.0,0,0.0,0
2012-10-23T09:17:54.000,2353.2,6263,2353.4,7,0.0,0,0.0,0,0.0,0,0.0,0,2353.6,28,0.0,0,0.0,0,0.0,0,0.0,0
2012-10-23T09:17:54.500,2353.6,6264,2353.4,11,0.0,0,0.0,0,0.0,0,0.0,0,2353.6,19,0.0,0,0.0,0,0.0,0,0.0,0
2012-10-23T09:17:55.000,2353.6,6269,2353.4,12,0.0,0,0.0,0,0.0,0,0.0,0,2353.6,22,0.0,0,0.0,0,0.0,0,0.0,0
2012-10-23T09:17:55.500,2353.4,6273,2353.4,7,0.0,0,0.0,0,0.0,0,0.0,0,2353.6,27,0.0,0,0.0,0,0.0,0,0.0,0
2012-10-23T09:17:56.000,2353.6,6280,2353.4,4,0.0,0,0.0,0,0.0,0,0.0,0,2353.6,24,0.0,0,0.0,0,0.0,0,0.0,0
2012-10-23T09:17:56.500,2353.4,6287,2353.2,17,0.0,0,0.0,0,0.0,0,0.0,0,2353.4,7,0.0,0,0.0,0,0.0,0,0.0,0
2012-10-23T09:17:57.000,2353.4,6288,2353.2,18,0.0,0,0.0,0,0.0,0,0.0,0,2353.4,7,0.0,0,0.0,0,0.0,0,0.0,0
2012-10-23T09:17:57.500,2353.4,6289,2353.2,20,0.0,0,0.0,0,0.0,0,0.0,0,2353.4,7,0.0,0,0.0,0,0.0,0,0.0,0
2012-10-23T09:17:58.000,2353.4,6295,2353.2,20,0.0,0,0.0,0,0.0,0,0.0,0,2353.4,7,0.0,0,0.0,0,0.0,0,0.0,0
2012-10-23T09:17:58.500,2353.4,6298,2353.2,20,0.0,0,0.0,0,0.0,0,0.0,0,2353.4,11,0.0,0,0.0,0,0.0,0,0.0,0
2012-10-23T09:17:59.000,2353.2,6301,2353.2,19,0.0,0,0.0,0,0.0,0,0.0,0,2353.4,9,0.0,0,0.0,0,0.0,0,0.0,0
2012-10-23T09:17:59.500,2353.4,6311,2353.4,2,0.0,0,0.0,0,0.0,0,0.0,0,2353.6,31,0.0,0,0.0,0,0.0,0,0.0,0
2012-10-23T09:18:00.000,2353.2,6319,2353.4,4,0.0,0,0.0,0,0.0,0,0.0,0,2353.6,29,0.0,0,0.0,0,0.0,0,0.0,0
2012-10-23T09:18:00.500,2353.2,6329,2353.2,25,0.0,0,0.0,0,0.0,0,0.0,0,2353.4,12,0.0,0,0.0,0,0.0,0,0.0,0
2012-10-23T09:18:01.000,2353.4,6341,2353.2,26,0.0,0,0.0,0,0.0,0,0.0,0,2353.4,2,0.0,0,0.0,0,0.0,0,0.0,0
2012-10-23T09:18:01.500,2353.2,6350,2353.2,22,0.0,0,0.0,0,0.0,0,0.0,0,2353.4,6,0.0,0,0.0,0,0.0,0,0.0,0
2012-10-23T09:18:02.000,2353.4,6371,2353.2,11,0.0,0,0.0,0,0.0,0,0.0,0,2353.4,78,0.0,0,0.0,0,0.0,0,0.0,0
2012-10-23T09:18:02.500,2353.4,6392,2353,99,0.0,0,0.0,0,0.0,0,0.0,0,2353.2,1,0.0,0,0.0,0,0.0,0,0.0,0
2012-10-23T09:18:03.000,2353.2,6438,2353,67,0.0,0,0.0,0,0.0,0,0.0,0,2353.2,19,0.0,0,0.0,0,0.0,0,0.0,0
2012-10-23T09:18:03.500,2353,6459,2353,59,0.0,0,0.0,0,0.0,0,0.0,0,2353.2,6,0.0,0,0.0,0,0.0,0,0.0,0
2012-10-23T09:18:04.000,2353,6510,2353,11,0.0,0,0.0,0,0.0,0,0.0,0,2353.2,13,0.0,0,0.0,0,0.0,0,0.0,0
2012-10-23T09:18:04.500,2353.2,6538,2353.2,19,0.0,0,0.0,0,0.0,0,0.0,0,2353.4,73,0.0,0,0.0,0,0.0,0,0.0,0
2012-10-23T09:18:05.000,2353.2,6544,2353.2,15,0.0,0,0.0,0,0.0,0,0.0,0,2353.4,73,0.0,0,0.0,0,0.0,0,0.0,0
2012-10-23T09:18:05.500,2353.2,6548,2353.2,14,0.0,0,0.0,0,0.0,0,0.0,0,2353.4,74,0.0,0,0.0,0,0.0,0,0.0,0
2012-10-23T09:18:06.000,2353.4,6550,2353.2,13,0.0,0,0.0,0,0.0,0,0.0,0,2353.4,73,0.0,0,0.0,0,0.0,0,0.0,0
2012-10-23T09:18:06.500,2353.2,6558,2353.2,16,0.0,0,0.0,0,0.0,0,0.0,0,2353.4,75,0.0,0,0.0,0,0.0,0,0.0,0
2012-10-23T09:18:07.000,2353.4,6564,2353.2,11,0.0,0,0.0,0,0.0,0,0.0,0,2353.4,74,0.0,0,0.0,0,0.0,0,0.0,0
2012-10-23T09:18:07.500,2353.4,6570,2353.2,16,0.0,0,0.0,0,0.0,0,0.0,0,2353.4,75,0.0,0,0.0,0,0.0,0,0.0,0
2012-10-23T09:18:08.000,2353.4,6573,2353.2,17,0.0,0,0.0,0,0.0,0,0.0,0,2353.4,73,0.0,0,0.0,0,0.0,0,0.0,0
2012-10-23T09:18:08.500,2353.4,6577,2353.2,26,0.0,0,0.0,0,0.0,0,0.0,0,2353.4,70,0.0,0,0.0,0,0.0,0,0.0,0
2012-10-23T09:18:09.000,2353.4,6583,2353.2,31,0.0,0,0.0,0,0.0,0,0.0,0,2353.4,64,0.0,0,0.0,0,0.0,0,0.0,0
2012-10-23T09:18:09.500,2353.4,6585,2353.2,32,0.0,0,0.0,0,0.0,0,0.0,0,2353.4,62,0.0,0,0.0,0,0.0,0,0.0,0
2012-10-23T09:18:10.000,2353.4,6632,2353.2,32,0.0,0,0.0,0,0.0,0,0.0,0,2353.4,11,0.0,0,0.0,0,0.0,0,0.0,0
2012-10-23T09:18:10.500,2353.4,6646,2353.4,37,0.0,0,0.0,0,0.0,0,0.0,0,2353.6,101,0.0,0,0.0,0,0.0,0,0.0,0
2012-10-23T09:18:11.000,2353.6,6651,2353.4,43,0.0,0,0.0,0,0.0,0,0.0,0,2353.6,99,0.0,0,0.0,0,0.0,0,0.0,0
2012-10-23T09:18:11.500,2353.6,6653,2353.4,41,0.0,0,0.0,0,0.0,0,0.0,0,2353.6,97,0.0,0,0.0,0,0.0,0,0.0,0
2012-10-23T09:18:12.000,2353.6,6670,2353.4,29,0.0,0,0.0,0,0.0,0,0.0,0,2353.6,80,0.0,0,0.0,0,0.0,0,0.0,0
2012-10-23T09:18:12.500,2353.4,6671,2353.4,29,0.0,0,0.0,0,0.0,0,0.0,0,2353.6,80,0.0,0,0.0,0,0.0,0,0.0,0
2012-10-23T09:18:13.000,2353.6,6678,2353.4,29,0.0,0,0.0,0,0.0,0,0.0,0,2353.6,74,0.0,0,0.0,0,0.0,0,0.0,0
2012-10-23T09:18:13.500,2353.6,6732,2353.4,29,0.0,0,0.0,0,0.0,0,0.0,0,2353.6,20,0.0,0,0.0,0,0.0,0,0.0,0
2012-10-23T09:18:14.000,2353.6,6734,2353.4,29,0.0,0,0.0,0,0.0,0,0.0,0,2353.6,18,0.0,0,0.0,0,0.0,0,0.0,0
2012-10-23T09:18:14.500,2353.6,6745,2353.4,28,0.0,0,0.0,0,0.0,0,0.0,0,2353.6,7,0.0,0,0.0,0,0.0,0,0.0,0
2012-10-23T09:18:15.000,2353.4,6755,2353.6,2,0.0,0,0.0,0,0.0,0,0.0,0,2353.8,56,0.0,0,0.0,0,0.0,0,0.0,0
2012-10-23T09:18:15.500,2353.8,6757,2353.6,7,0.0,0,0.0,0,0.0,0,0.0,0,2353.8,54,0.0,0,0.0,0,0.0,0,0.0,0
2012-10-23T09:18:16.000,2353.6,6770,2353.6,2,0.0,0,0.0,0,0.0,0,0.0,0,2353.8,51,0.0,0,0.0,0,0.0,0,0.0,0
2012-10-23T09:18:16.500,2353.6,6771,2353.6,3,0.0,0,0.0,0,0.0,0,0.0,0,2353.8,55,0.0,0,0.0,0,0.0,0,0.0,0
2012-10-23T09:18:17.000,2353.8,6776,2353.6,6,0.0,0,0.0,0,0.0,0,0.0,0,2353.8,51,0.0,0,0.0,0,0.0,0,0.0,0
2012-10-23T09:18:17.500,2353.6,6786,2353.4,31,0.0,0,0.0,0,0.0,0,0.0,0,2353.6,2,0.0,0,0.0,0,0.0,0,0.0,0
2012-10-23T09:18:18.000,2353.8,6798,2353.6,1,0.0,0,0.0,0,0.0,0,0.0,0,2353.8,39,0.0,0,0.0,0,0.0,0,0.0,0
2012-10-23T09:18:18.500,2353.6,6801,2353.4,38,0.0,0,0.0,0,0.0,0,0.0,0,2353.8,37,0.0,0,0.0,0,0.0,0,0.0,0
2012-10-23T09:18:19.000,2353.8,6810,2353.4,36,0.0,0,0.0,0,0.0,0,0.0,0,2353.8,31,0.0,0,0.0,0,0.0,0,0.0,0
2012-10-23T09:18:19.500,2354,6888,2354,24,0.0,0,0.0,0,0.0,0,0.0,0,2354.2,12,0.0,0,0.0,0,0.0,0,0.0,0
2012-10-23T09:18:20.250,2354,6902,2354,11,0.0,0,0.0,0,0.0,0,0.0,0,2354.2,11,0.0,0,0.0,0,0.0,0,0.0,0
2012-10-23T09:18:21.000,2353.6,6927,2353.4,48,0.0,0,0.0,0,0.0,0,0.0,0,2353.6,13,0.0,0,0.0,0,0.0,0,0.0,0
2012-10-23T09:18:21.500,2353.6,6930,2353.4,52,0.0,0,0.0,0,0.0,0,0.0,0,2353.6,10,0.0,0,0.0,0,0.0,0,0.0,0
2012-10-23T09:18:22.000,2353.8,6947,2353.6,6,0.0,0,0.0,0,0.0,0,0.0,0,2353.8,4,0.0,0,0.0,0,0.0,0,0.0,0
2012-10-23T09:18:22.500,2354,6954,2353.8,9,0.0,0,0.0,0,0.0,0,0.0,0,2354,7,0.0,0,0.0,0,0.0,0,0.0,0
2012-10-23T09:18:23.000,2353.8,6958,2353.8,1,0.0,0,0.0,0,0.0,0,0.0,0,2354,7,0.0,0,0.0,0,0.0,0,0.0,0
2012-10-23T09:18:23.500,2354,6960,2353.6,21,0.0,0,0.0,0,0.0,0,0.0,0,2354,12,0.0,0,0.0,0,0.0,0,0.0,0
2012-10-23T09:18:24.000,2353.8,6961,2353.6,28,0.0,0,0.0,0,0.0,0,0.0,0,2353.8,1,0.0,0,0.0,0,0.0,0,0.0,0
2012-10-23T09:18:24.500,2353.6,6966,2353.6,28,0.0,0,0.0,0,0.0,0,0.0,0,2353.8,1,0.0,0,0.0,0,0.0,0,0.0,0
2012-10-23T09:18:25.000,2353.8,6968,2353.8,6,0.0,0,0.0,0,0.0,0,0.0,0,2354,9,0.0,0,0.0,0,0.0,0,0.0,0
2012-10-23T09:18:25.500,2354,6975,2353.8,6,0.0,0,0.0,0,0.0,0,0.0,0,2354,2,0.0,0,0.0,0,0.0,0,0.0,0
2012-10-23T09:18:26.000,2354,6980,2353.8,5,0.0,0,0.0,0,0.0,0,0.0,0,2354,5,0.0,0,0.0,0,0.0,0,0.0,0
2012-10-23T09:18:26.500,2354,6988,2353.8,4,0.0,0,0.0,0,0.0,0,0.0,0,2354,3,0.0,0,0.0,0,0.0,0,0.0,0
2012-10-23T09:18:27.000,2354,6989,2353.8,5,0.0,0,0.0,0,0.0,0,0.0,0,2354,3,0.0,0,0.0,0,0.0,0,0.0,0
2012-10-23T09:18:27.500,2353.8,6992,2353.8,2,0.0,0,0.0,0,0.0,0,0.0,0,2354,3,0.0,0,0.0,0,0.0,0,0.0,0
2012-10-23T09:18:28.000,2354,7005,2353.8,10,0.0,0,0.0,0,0.0,0,0.0,0,2354,4,0.0,0,0.0,0,0.0,0,0.0,0
2012-10-23T09:18:28.500,2353.8,7009,2353.8,11,0.0,0,0.0,0,0.0,0,0.0,0,2354,4,0.0,0,0.0,0,0.0,0,0.0,0
2012-10-23T09:18:29.000,2353.8,7010,2353.8,10,0.0,0,0.0,0,0.0,0,0.0,0,2354,4,0.0,0,0.0,0,0.0,0,0.0,0
2012-10-23T09:18:29.500,2353.8,7011,2353.8,10,0.0,0,0.0,0,0.0,0,0.0,0,2354,6,0.0,0,0.0,0,0.0,0,0.0,0
2012-10-23T09:18:30.250,2354,7012,2353.8,11,0.0,0,0.0,0,0.0,0,0.0,0,2354,5,0.0,0,0.0,0,0.0,0,0.0,0
2012-10-23T09:18:31.000,2354.2,7020,2353.8,16,0.0,0,0.0,0,0.0,0,0.0,0,2354.2,27,0.0,0,0.0,0,0.0,0,0.0,0
2012-10-23T09:18:31.500,2354.2,7021,2354,2,0.0,0,0.0,0,0.0,0,0.0,0,2354.2,27,0.0,0,0.0,0,0.0,0,0.0,0
2012-10-23T09:18:32.000,2353.8,7026,2354,1,0.0,0,0.0,0,0.0,0,0.0,0,2354.2,28,0.0,0,0.0,0,0.0,0,0.0,0
2012-10-23T09:18:32.500,2354,7027,2353.8,19,0.0,0,0.0,0,0.0,0,0.0,0,2354,7,0.0,0,0.0,0,0.0,0,0.0,0
2012-10-23T09:18:33.000,2354,7032,2353.8,19,0.0,0,0.0,0,0.0,0,0.0,0,2354,2,0.0,0,0.0,0,0.0,0,0.0,0
2012-10-23T09:18:33.500,2354,7035,2353.8,18,0.0,0,0.0,0,0.0,0,0.0,0,2354.2,29,0.0,0,0.0,0,0.0,0,0.0,0
2012-10-23T09:18:34.250,2354,7036,2353.8,18,0.0,0,0.0,0,0.0,0,0.0,0,2354.2,29,0.0,0,0.0,0,0.0,0,0.0,0
2012-10-23T09:18:35.000,2353.8,7038,2353.8,18,0.0,0,0.0,0,0.0,0,0.0,0,2354.2,30,0.0,0,0.0,0,0.0,0,0.0,0
2012-10-23T09:18:35.500,2354.2,7042,2354,2,0.0,0,0.0,0,0.0,0,0.0,0,2354.2,27,0.0,0,0.0,0,0.0,0,0.0,0
2012-10-23T09:18:36.250,2354,7047,2353.8,19,0.0,0,0.0,0,0.0,0,0.0,0,2354.2,27,0.0,0,0.0,0,0.0,0,0.0,0
2012-10-23T09:18:37.000,2353.8,7055,2353.8,26,0.0,0,0.0,0,0.0,0,0.0,0,2354,3,0.0,0,0.0,0,0.0,0,0.0,0
2012-10-23T09:18:37.500,2354,7058,2353.8,27,0.0,0,0.0,0,0.0,0,0.0,0,2354.2,37,0.0,0,0.0,0,0.0,0,0.0,0
2012-10-23T09:18:38.250,2354.2,7059,2354,36,0.0,0,0.0,0,0.0,0,0.0,0,2354.2,38,0.0,0,0.0,0,0.0,0,0.0,0
2012-10-23T09:18:39.000,2354.2,7062,2354,36,0.0,0,0.0,0,0.0,0,0.0,0,2354.2,36,0.0,0,0.0,0,0.0,0,0.0,0
2012-10-23T09:18:39.500,2354,7064,2354,35,0.0,0,0.0,0,0.0,0,0.0,0,2354.2,46,0.0,0,0.0,0,0.0,0,0.0,0
2012-10-23T09:18:40.000,2354,7067,2354,33,0.0,0,0.0,0,0.0,0,0.0,0,2354.2,45,0.0,0,0.0,0,0.0,0,0.0,0
2012-10-23T09:18:40.500,2354.2,7090,2354,37,0.0,0,0.0,0,0.0,0,0.0,0,2354.2,22,0.0,0,0.0,0,0.0,0,0.0,0
2012-10-23T09:18:41.250,2354.2,7096,2354,37,0.0,0,0.0,0,0.0,0,0.0,0,2354.2,16,0.0,0,0.0,0,0.0,0,0.0,0
2012-10-23T09:18:42.000,2354.2,7102,2354,38,0.0,0,0.0,0,0.0,0,0.0,0,2354.2,11,0.0,0,0.0,0,0.0,0,0.0,0
2012-10-23T09:18:42.500,2354,7121,2354,30,0.0,0,0.0,0,0.0,0,0.0,0,2354.4,49,0.0,0,0.0,0,0.0,0,0.0,0
2012-10-23T09:18:43.000,2354.2,7130,2354.2,2,0.0,0,0.0,0,0.0,0,0.0,0,2354.4,53,0.0,0,0.0,0,0.0,0,0.0,0
2012-10-23T09:18:43.500,2354.4,7133,2354,36,0.0,0,0.0,0,0.0,0,0.0,0,2354.4,52,0.0,0,0.0,0,0.0,0,0.0,0
2012-10-23T09:18:44.000,2354.4,7137,2354,36,0.0,0,0.0,0,0.0,0,0.0,0,2354.4,49,0.0,0,0.0,0,0.0,0,0.0,0
2012-10-23T09:18:44.500,2354.4,7176,2354,13,0.0,0,0.0,0,0.0,0,0.0,0,2354.4,35,0.0,0,0.0,0,0.0,0,0.0,0
2012-10-23T09:18:45.000,2354,7180,2354,11,0.0,0,0.0,0,0.0,0,0.0,0,2354.4,34,0.0,0,0.0,0,0.0,0,0.0,0
2012-10-23T09:18:45.500,2354.4,7185,2354,9,0.0,0,0.0,0,0.0,0,0.0,0,2354.4,32,0.0,0,0.0,0,0.0,0,0.0,0
2012-10-23T09:18:46.000,2354,7191,2354.2,7,0.0,0,0.0,0,0.0,0,0.0,0,2354.4,32,0.0,0,0.0,0,0.0,0,0.0,0
2012-10-23T09:18:46.500,2354.4,7194,2354.2,7,0.0,0,0.0,0,0.0,0,0.0,0,2354.4,29,0.0,0,0.0,0,0.0,0,0.0,0
2012-10-23T09:18:47.000,2354.4,7199,2354.2,6,0.0,0,0.0,0,0.0,0,0.0,0,2354.4,25,0.0,0,0.0,0,0.0,0,0.0,0
2012-10-23T09:18:47.500,2354.2,7207,2354,7,0.0,0,0.0,0,0.0,0,0.0,0,2354.2,1,0.0,0,0.0,0,0.0,0,0.0,0
2012-10-23T09:18:48.000,2354.2,7208,2354,7,0.0,0,0.0,0,0.0,0,0.0,0,2354.2,1,0.0,0,0.0,0,0.0,0,0.0,0
2012-10-23T09:18:48.500,2354.2,7210,2354,7,0.0,0,0.0,0,0.0,0,0.0,0,2354.2,1,0.0,0,0.0,0,0.0,0,0.0,0
2012-10-23T09:18:49.000,2354.2,7214,2354,8,0.0,0,0.0,0,0.0,0,0.0,0,2354.2,2,0.0,0,0.0,0,0.0,0,0.0,0
2012-10-23T09:18:49.500,2354.2,7218,2354,9,0.0,0,0.0,0,0.0,0,0.0,0,2354.4,24,0.0,0,0.0,0,0.0,0,0.0,0
2012-10-23T09:18:50.000,2354.2,7220,2354.2,1,0.0,0,0.0,0,0.0,0,0.0,0,2354.4,25,0.0,0,0.0,0,0.0,0,0.0,0
2012-10-23T09:18:50.500,2354.2,7233,2354,11,0.0,0,0.0,0,0.0,0,0.0,0,2354.2,1,0.0,0,0.0,0,0.0,0,0.0,0
2012-10-23T09:18:51.000,2354.2,7235,2354,11,0.0,0,0.0,0,0.0,0,0.0,0,2354.4,13,0.0,0,0.0,0,0.0,0,0.0,0
2012-10-23T09:18:51.500,2354.2,7236,2354,16,0.0,0,0.0,0,0.0,0,0.0,0,2354.2,1,0.0,0,0.0,0,0.0,0,0.0,0
2012-10-23T09:18:52.250,2354,7238,2354,15,0.0,0,0.0,0,0.0,0,0.0,0,2354.2,1,0.0,0,0.0,0,0.0,0,0.0,0
2012-10-23T09:18:54.000,2354.2,7241,2354,17,0.0,0,0.0,0,0.0,0,0.0,0,2354.2,10,0.0,0,0.0,0,0.0,0,0.0,0
2012-10-23T09:18:54.500,2354,7244,2354,17,0.0,0,0.0,0,0.0,0,0.0,0,2354.2,8,0.0,0,0.0,0,0.0,0,0.0,0
2012-10-23T09:18:55.250,2354.2,7252,2354.2,1,0.0,0,0.0,0,0.0,0,0.0,0,2354.4,15,0.0,0,0.0,0,0.0,0,0.0,0
2012-10-23T09:18:56.000,2354.2,7256,2354.2,1,0.0,0,0.0,0,0.0,0,0.0,0,2354.4,25,0.0,0,0.0,0,0.0,0,0.0,0
2012-10-23T09:18:56.500,2354.4,7258,2354.2,5,0.0,0,0.0,0,0.0,0,0.0,0,2354.4,24,0.0,0,0.0,0,0.0,0,0.0,0
2012-10-23T09:18:57.000,2354.2,7261,2354.2,4,0.0,0,0.0,0,0.0,0,0.0,0,2354.4,22,0.0,0,0.0,0,0.0,0,0.0,0
2012-10-23T09:18:57.500,2354.4,7293,2354.4,3,0.0,0,0.0,0,0.0,0,0.0,0,2354.6,35,0.0,0,0.0,0,0.0,0,0.0,0
2012-10-23T09:18:58.000,2354.4,7296,2354.2,1,0.0,0,0.0,0,0.0,0,0.0,0,2354.4,1,0.0,0,0.0,0,0.0,0,0.0,0
2012-10-23T09:18:58.500,2354.4,7297,2354.2,1,0.0,0,0.0,0,0.0,0,0.0,0,2354.4,1,0.0,0,0.0,0,0.0,0,0.0,0
2012-10-23T09:18:59.250,2354,7302,2354,28,0.0,0,0.0,0,0.0,0,0.0,0,2354.6,35,0.0,0,0.0,0,0.0,0,0.0,0
2012-10-23T09:19:00.000,2354,7306,2354.2,1,0.0,0,0.0,0,0.0,0,0.0,0,2354.6,35,0.0,0,0.0,0,0.0,0,0.0,0
2012-10-23T09:19:00.500,2354.6,7307,2354.2,5,0.0,0,0.0,0,0.0,0,0.0,0,2354.4,1,0.0,0,0.0,0,0.0,0,0.0,0
2012-10-23T09:19:01.000,2354.6,7313,2354.2,4,0.0,0,0.0,0,0.0,0,0.0,0,2354.4,1,0.0,0,0.0,0,0.0,0,0.0,0
2012-10-23T09:19:01.500,2354.4,7314,2354.2,4,0.0,0,0.0,0,0.0,0,0.0,0,2354.6,30,0.0,0,0.0,0,0.0,0,0.0,0
2012-10-23T09:19:02.000,2354.6,7324,2354.4,1,0.0,0,0.0,0,0.0,0,0.0,0,2354.6,20,0.0,0,0.0,0,0.0,0,0.0,0
2012-10-23T09:19:02.500,2354.4,7325,2354.4,1,0.0,0,0.0,0,0.0,0,0.0,0,2354.6,20,0.0,0,0.0,0,0.0,0,0.0,0
2012-10-23T09:19:03.000,2354.4,7326,2354.2,5,0.0,0,0.0,0,0.0,0,0.0,0,2354.6,20,0.0,0,0.0,0,0.0,0,0.0,0
2012-10-23T09:19:03.500,2354.6,7331,2354.2,3,0.0,0,0.0,0,0.0,0,0.0,0,2354.6,19,0.0,0,0.0,0,0.0,0,0.0,0
2012-10-23T09:19:04.250,2354.6,7339,2354.2,1,0.0,0,0.0,0,0.0,0,0.0,0,2354.6,14,0.0,0,0.0,0,0.0,0,0.0,0
2012-10-23T09:19:05.000,2354.6,7340,2354.2,27,0.0,0,0.0,0,0.0,0,0.0,0,2354.4,4,0.0,0,0.0,0,0.0,0,0.0,0
2012-10-23T09:19:05.500,2354.4,7344,2354.4,32,0.0,0,0.0,0,0.0,0,0.0,0,2354.6,16,0.0,0,0.0,0,0.0,0,0.0,0
2012-10-23T09:19:06.000,2354.6,7346,2354.4,33,0.0,0,0.0,0,0.0,0,0.0,0,2354.6,15,0.0,0,0.0,0,0.0,0,0.0,0
2012-10-23T09:19:06.500,2354.6,7361,2354.6,32,0.0,0,0.0,0,0.0,0,0.0,0,2354.8,76,0.0,0,0.0,0,0.0,0,0.0,0
2012-10-23T09:19:07.000,2354.8,7381,2354.6,33,0.0,0,0.0,0,0.0,0,0.0,0,2354.8,56,0.0,0,0.0,0,0.0,0,0.0,0
2012-10-23T09:19:07.500,2354.8,7390,2354.6,39,0.0,0,0.0,0,0.0,0,0.0,0,2354.8,48,0.0,0,0.0,0,0.0,0,0.0,0
2012-10-23T09:19:08.000,2354.6,7430,2354.6,33,0.0,0,0.0,0,0.0,0,0.0,0,2354.8,14,0.0,0,0.0,0,0.0,0,0.0,0
2012-10-23T09:19:08.500,2354.8,7439,2354.6,34,0.0,0,0.0,0,0.0,0,0.0,0,2354.8,6,0.0,0,0.0,0,0.0,0,0.0,0
2012-10-23T09:19:09.000,2354.8,7442,2354.6,33,0.0,0,0.0,0,0.0,0,0.0,0,2354.8,4,0.0,0,0.0,0,0.0,0,0.0,0
2012-10-23T09:19:09.500,2354.8,7446,2354.6,31,0.0,0,0.0,0,0.0,0,0.0,0,2354.8,1,0.0,0,0.0,0,0.0,0,0.0,0
2012-10-23T09:19:10.000,2354.8,7451,2354.6,17,0.0,0,0.0,0,0.0,0,0.0,0,2354.8,1,0.0,0,0.0,0,0.0,0,0.0,0
2012-10-23T09:19:10.500,2355,7455,2354.8,1,0.0,0,0.0,0,0.0,0,0.0,0,2355,92,0.0,0,0.0,0,0.0,0,0.0,0
2012-10-23T09:19:11.000,2354.8,7471,2354.8,7,0.0,0,0.0,0,0.0,0,0.0,0,2355,146,0.0,0,0.0,0,0.0,0,0.0,0
2012-10-23T09:19:11.500,2354.8,7475,2354.8,4,0.0,0,0.0,0,0.0,0,0.0,0,2355,146,0.0,0,0.0,0,0.0,0,0.0,0
2012-10-23T09:19:12.000,2354.8,7484,2354.8,3,0.0,0,0.0,0,0.0,0,0.0,0,2355,143,0.0,0,0.0,0,0.0,0,0.0,0
2012-10-23T09:19:12.500,2354.8,7498,2354.6,13,0.0,0,0.0,0,0.0,0,0.0,0,2354.8,2,0.0,0,0.0,0,0.0,0,0.0,0
2012-10-23T09:19:13.000,2355,7504,2354.6,14,0.0,0,0.0,0,0.0,0,0.0,0,2355,131,0.0,0,0.0,0,0.0,0,0.0,0
2012-10-23T09:19:13.500,2355,7510,2354.6,21,0.0,0,0.0,0,0.0,0,0.0,0,2354.8,5,0.0,0,0.0,0,0.0,0,0.0,0
2012-10-23T09:19:14.000,2354.8,7516,2354.6,27,0.0,0,0.0,0,0.0,0,0.0,0,2354.8,5,0.0,0,0.0,0,0.0,0,0.0,0
2012-10-23T09:19:14.500,2354.8,7519,2354.6,27,0.0,0,0.0,0,0.0,0,0.0,0,2354.8,2,0.0,0,0.0,0,0.0,0,0.0,0
2012-10-23T09:19:15.000,2355,7523,2354.8,70,0.0,0,0.0,0,0.0,0,0.0,0,2355,165,0.0,0,0.0,0,0.0,0,0.0,0
2012-10-23T09:19:15.500,2355,7525,2354.8,92,0.0,0,0.0,0,0.0,0,0.0,0,2355,164,0.0,0,0.0,0,0.0,0,0.0,0
2012-10-23T09:19:16.000,2355,7566,2354.8,92,0.0,0,0.0,0,0.0,0,0.0,0,2355,124,0.0,0,0.0,0,0.0,0,0.0,0
2012-10-23T09:19:16.500,2355,7591,2354.8,93,0.0,0,0.0,0,0.0,0,0.0,0,2355,70,0.0,0,0.0,0,0.0,0,0.0,0
2012-10-23T09:19:17.000,2355,7665,2355,21,0.0,0,0.0,0,0.0,0,0.0,0,2355.2,35,0.0,0,0.0,0,0.0,0,0.0,0
2012-10-23T09:19:17.500,2355,7686,2355,53,0.0,0,0.0,0,0.0,0,0.0,0,2355.2,21,0.0,0,0.0,0,0.0,0,0.0,0
2012-10-23T09:19:18.000,2355,7700,2355,61,0.0,0,0.0,0,0.0,0,0.0,0,2355.2,11,0.0,0,0.0,0,0.0,0,0.0,0
2012-10-23T09:19:18.500,2355.2,7717,2355.2,2,0.0,0,0.0,0,0.0,0,0.0,0,2355.4,18,0.0,0,0.0,0,0.0,0,0.0,0
2012-10-23T09:19:19.000,2355.4,7751,2355.4,37,0.0,0,0.0,0,0.0,0,0.0,0,2355.6,53,0.0,0,0.0,0,0.0,0,0.0,0
2012-10-23T09:19:19.500,2355.6,7755,2355.4,37,0.0,0,0.0,0,0.0,0,0.0,0,2355.6,49,0.0,0,0.0,0,0.0,0,0.0,0
2012-10-23T09:19:20.000,2355.4,7760,2355.4,37,0.0,0,0.0,0,0.0,0,0.0,0,2355.6,44,0.0,0,0.0,0,0.0,0,0.0,0
2012-10-23T09:19:20.500,2355.6,7768,2355.4,42,0.0,0,0.0,0,0.0,0,0.0,0,2355.6,39,0.0,0,0.0,0,0.0,0,0.0,0
2012-10-23T09:19:21.000,2355.6,7774,2355.4,43,0.0,0,0.0,0,0.0,0,0.0,0,2355.6,34,0.0,0,0.0,0,0.0,0,0.0,0
2012-10-23T09:19:21.500,2355.6,7797,2355.4,44,0.0,0,0.0,0,0.0,0,0.0,0,2355.6,14,0.0,0,0.0,0,0.0,0,0.0,0
2012-10-23T09:19:22.000,2355.6,7853,2355.2,25,0.0,0,0.0,0,0.0,0,0.0,0,2355.6,6,0.0,0,0.0,0,0.0,0,0.0,0
2012-10-23T09:19:22.500,2355.6,7862,2355.6,14,0.0,0,0.0,0,0.0,0,0.0,0,2355.8,24,0.0,0,0.0,0,0.0,0,0.0,0
2012-10-23T09:19:23.000,2355.6,7908,2355.6,23,0.0,0,0.0,0,0.0,0,0.0,0,2355.8,21,0.0,0,0.0,0,0.0,0,0.0,0
2012-10-23T09:19:23.500,2355.8,7912,2355.6,27,0.0,0,0.0,0,0.0,0,0.0,0,2355.8,22,0.0,0,0.0,0,0.0,0,0.0,0
2012-10-23T09:19:24.000,2355.8,7935,2355.8,13,0.0,0,0.0,0,0.0,0,0.0,0,2356,54,0.0,0,0.0,0,0.0,0,0.0,0
2012-10-23T09:19:24.500,2355.8,7951,2355.8,16,0.0,0,0.0,0,0.0,0,0.0,0,2356,49,0.0,0,0.0,0,0.0,0,0.0,0
2012-10-23T09:19:25.000,2356,7962,2355.8,19,0.0,0,0.0,0,0.0,0,0.0,0,2356,41,0.0,0,0.0,0,0.0,0,0.0,0
2012-10-23T09:19:25.500,2355.8,7994,2355.6,31,0.0,0,0.0,0,0.0,0,0.0,0,2355.8,6,0.0,0,0.0,0,0.0,0,0.0,0
2012-10-23T09:19:26.000,2355.8,8013,2355.8,2,0.0,0,0.0,0,0.0,0,0.0,0,2356,108,0.0,0,0.0,0,0.0,0,0.0,0
2012-10-23T09:19:26.500,2355.8,8015,2355.8,1,0.0,0,0.0,0,0.0,0,0.0,0,2356,107,0.0,0,0.0,0,0.0,0,0.0,0
2012-10-23T09:19:27.000,2355.8,8020,2355.6,36,0.0,0,0.0,0,0.0,0,0.0,0,2355.8,22,0.0,0,0.0,0,0.0,0,0.0,0
2012-10-23T09:19:27.500,2355.6,8043,2355.6,38,0.0,0,0.0,0,0.0,0,0.0,0,2355.8,20,0.0,0,0.0,0,0.0,0,0.0,0
2012-10-23T09:19:28.000,2355.6,8057,2355.6,31,0.0,0,0.0,0,0.0,0,0.0,0,2355.8,27,0.0,0,0.0,0,0.0,0,0.0,0
2012-10-23T09:19:28.500,2355.6,8064,2355.6,32,0.0,0,0.0,0,0.0,0,0.0,0,2355.8,34,0.0,0,0.0,0,0.0,0,0.0,0
2012-10-23T09:19:29.000,2355.8,8071,2355.6,42,0.0,0,0.0,0,0.0,0,0.0,0,2355.8,54,0.0,0,0.0,0,0.0,0,0.0,0
2012-10-23T09:19:29.500,2355.6,8094,2355.6,33,0.0,0,0.0,0,0.0,0,0.0,0,2355.8,42,0.0,0,0.0,0,0.0,0,0.0,0
2012-10-23T09:19:30.000,2355.8,8104,2355.6,31,0.0,0,0.0,0,0.0,0,0.0,0,2355.8,52,0.0,0,0.0,0,0.0,0,0.0,0
2012-10-23T09:19:30.500,2355.6,8115,2355.6,26,0.0,0,0.0,0,0.0,0,0.0,0,2355.8,76,0.0,0,0.0,0,0.0,0,0.0,0
2012-10-23T09:19:31.000,2355.6,8134,2355.6,9,0.0,0,0.0,0,0.0,0,0.0,0,2355.8,76,0.0,0,0.0,0,0.0,0,0.0,0
2012-10-23T09:19:31.500,2355.6,8153,2355.6,3,0.0,0,0.0,0,0.0,0,0.0,0,2355.8,64,0.0,0,0.0,0,0.0,0,0.0,0
2012-10-23T09:19:32.000,2355.6,8161,2355.6,1,0.0,0,0.0,0,0.0,0,0.0,0,2355.8,61,0.0,0,0.0,0,0.0,0,0.0,0
2012-10-23T09:19:32.500,2355.6,8167,2355.4,7,0.0,0,0.0,0,0.0,0,0.0,0,2355.6,6,0.0,0,0.0,0,0.0,0,0.0,0
2012-10-23T09:19:33.000,2355.4,8179,2355.4,38,0.0,0,0.0,0,0.0,0,0.0,0,2355.6,3,0.0,0,0.0,0,0.0,0,0.0,0
2012-10-23T09:19:33.500,2355.4,8182,2355.4,40,0.0,0,0.0,0,0.0,0,0.0,0,2355.6,12,0.0,0,0.0,0,0.0,0,0.0,0
2012-10-23T09:19:34.000,2355.4,8188,2355.4,8,0.0,0,0.0,0,0.0,0,0.0,0,2355.6,12,0.0,0,0.0,0,0.0,0,0.0,0
2012-10-23T09:19:34.500,2355.4,8216,2355.2,46,0.0,0,0.0,0,0.0,0,0.0,0,2355.4,4,0.0,0,0.0,0,0.0,0,0.0,0
2012-10-23T09:19:35.250,2355.4,8226,2355.4,1,0.0,0,0.0,0,0.0,0,0.0,0,2355.6,15,0.0,0,0.0,0,0.0,0,0.0,0
2012-10-23T09:19:36.000,2355.2,8230,2355.2,39,0.0,0,0.0,0,0.0,0,0.0,0,2355.4,3,0.0,0,0.0,0,0.0,0,0.0,0
2012-10-23T09:19:36.500,2355.2,8231,2355.2,38,0.0,0,0.0,0,0.0,0,0.0,0,2355.4,40,0.0,0,0.0,0,0.0,0,0.0,0
2012-10-23T09:19:37.000,2355.2,8233,2355.2,39,0.0,0,0.0,0,0.0,0,0.0,0,2355.4,39,0.0,0,0.0,0,0.0,0,0.0,0
2012-10-23T09:19:37.500,2355.2,8234,2355.2,38,0.0,0,0.0,0,0.0,0,0.0,0,2355.4,44,0.0,0,0.0,0,0.0,0,0.0,0
2012-10-23T09:19:38.000,2355.2,8249,2355.2,27,0.0,0,0.0,0,0.0,0,0.0,0,2355.4,41,0.0,0,0.0,0,0.0,0,0.0,0
2012-10-23T09:19:38.500,2355.4,8256,2355.2,35,0.0,0,0.0,0,0.0,0,0.0,0,2355.4,36,0.0,0,0.0,0,0.0,0,0.0,0
2012-10-23T09:19:39.000,2355.2,8258,2355.2,34,0.0,0,0.0,0,0.0,0,0.0,0,2355.4,37,0.0,0,0.0,0,0.0,0,0.0,0
2012-10-23T09:19:39.500,2355.4,8259,2355.2,34,0.0,0,0.0,0,0.0,0,0.0,0,2355.4,36,0.0,0,0.0,0,0.0,0,0.0,0
2012-10-23T09:19:40.000,2355.4,8266,2355.2,42,0.0,0,0.0,0,0.0,0,0.0,0,2355.4,35,0.0,0,0.0,0,0.0,0,0.0,0
2012-10-23T09:19:40.500,2355.2,8269,2355.2,39,0.0,0,0.0,0,0.0,0,0.0,0,2355.4,35,0.0,0,0.0,0,0.0,0,0.0,0
2012-10-23T09:19:41.000,2355.4,8273,2355.2,44,0.0,0,0.0,0,0.0,0,0.0,0,2355.4,35,0.0,0,0.0,0,0.0,0,0.0,0
2012-10-23T09:19:41.500,2355.4,8277,2355.2,47,0.0,0,0.0,0,0.0,0,0.0,0,2355.4,31,0.0,0,0.0,0,0.0,0,0.0,0
2012-10-23T09:19:42.000,2355.4,8279,2355.2,47,0.0,0,0.0,0,0.0,0,0.0,0,2355.4,31,0.0,0,0.0,0,0.0,0,0.0,0
2012-10-23T09:19:42.500,2355.4,8306,2355.2,47,0.0,0,0.0,0,0.0,0,0.0,0,2355.4,4,0.0,0,0.0,0,0.0,0,0.0,0
2012-10-23T09:19:43.000,2355.4,8312,2355.4,10,0.0,0,0.0,0,0.0,0,0.0,0,2355.6,34,0.0,0,0.0,0,0.0,0,0.0,0
2012-10-23T09:19:43.500,2355.4,8313,2355.4,12,0.0,0,0.0,0,0.0,0,0.0,0,2355.6,34,0.0,0,0.0,0,0.0,0,0.0,0
2012-10-23T09:19:44.000,2355.2,8333,2355.4,2,0.0,0,0.0,0,0.0,0,0.0,0,2355.6,34,0.0,0,0.0,0,0.0,0,0.0,0
2012-10-23T09:19:44.500,2355.6,8344,2355.4,3,0.0,0,0.0,0,0.0,0,0.0,0,2355.6,39,0.0,0,0.0,0,0.0,0,0.0,0
2012-10-23T09:19:45.000,2355.4,8346,2355.4,2,0.0,0,0.0,0,0.0,0,0.0,0,2355.6,38,0.0,0,0.0,0,0.0,0,0.0,0
2012-10-23T09:19:45.500,2355.6,8354,2355.2,36,0.0,0,0.0,0,0.0,0,0.0,0,2355.4,1,0.0,0,0.0,0,0.0,0,0.0,0
2012-10-23T09:19:46.000,2355.6,8361,2355.4,1,0.0,0,0.0,0,0.0,0,0.0,0,2355.6,34,0.0,0,0.0,0,0.0,0,0.0,0
2012-10-23T09:19:46.500,2355.4,8362,2355.2,35,0.0,0,0.0,0,0.0,0,0.0,0,2355.4,3,0.0,0,0.0,0,0.0,0,0.0,0
2012-10-23T09:19:47.250,2355.2,8364,2355.2,36,0.0,0,0.0,0,0.0,0,0.0,0,2355.4,7,0.0,0,0.0,0,0.0,0,0.0,0
2012-10-23T09:19:48.000,2355.4,8367,2355.2,35,0.0,0,0.0,0,0.0,0,0.0,0,2355.4,5,0.0,0,0.0,0,0.0,0,0.0,0
2012-10-23T09:19:48.500,2355.2,8369,2355.2,35,0.0,0,0.0,0,0.0,0,0.0,0,2355.4,5,0.0,0,0.0,0,0.0,0,0.0,0
2012-10-23T09:19:49.250,2355.4,8375,2355.4,1,0.0,0,0.0,0,0.0,0,0.0,0,2355.6,38,0.0,0,0.0,0,0.0,0,0.0,0
2012-10-23T09:19:50.000,2355.4,8378,2355.4,6,0.0,0,0.0,0,0.0,0,0.0,0,2355.6,40,0.0,0,0.0,0,0.0,0,0.0,0
2012-10-23T09:19:50.500,2355.2,8395,2355.2,23,0.0,0,0.0,0,0.0,0,0.0,0,2355.4,50,0.0,0,0.0,0,0.0,0,0.0,0
2012-10-23T09:19:51.000,2355.2,8407,2355.2,23,0.0,0,0.0,0,0.0,0,0.0,0,2355.4,47,0.0,0,0.0,0,0.0,0,0.0,0
2012-10-23T09:19:51.500,2355.4,8418,2355.2,14,0.0,0,0.0,0,0.0,0,0.0,0,2355.4,45,0.0,0,0.0,0,0.0,0,0.0,0
2012-10-23T09:19:52.000,2355.4,8431,2355.2,3,0.0,0,0.0,0,0.0,0,0.0,0,2355.4,45,0.0,0,0.0,0,0.0,0,0.0,0
2012-10-23T09:19:52.500,2355.2,8436,2355,87,0.0,0,0.0,0,0.0,0,0.0,0,2355.2,10,0.0,0,0.0,0,0.0,0,0.0,0
2012-10-23T09:19:53.000,2355.2,8442,2355,96,0.0,0,0.0,0,0.0,0,0.0,0,2355.2,4,0.0,0,0.0,0,0.0,0,0.0,0
2012-10-23T09:19:53.500,2355.4,8451,2355.2,3,0.0,0,0.0,0,0.0,0,0.0,0,2355.4,40,0.0,0,0.0,0,0.0,0,0.0,0
2012-10-23T09:19:54.000,2355.2,8455,2355.2,3,0.0,0,0.0,0,0.0,0,0.0,0,2355.4,38,0.0,0,0.0,0,0.0,0,0.0,0
2012-10-23T09:19:54.500,2355.2,8458,2355.2,9,0.0,0,0.0,0,0.0,0,0.0,0,2355.4,40,0.0,0,0.0,0,0.0,0,0.0,0
2012-10-23T09:19:55.000,2355.4,8459,2355.2,14,0.0,0,0.0,0,0.0,0,0.0,0,2355.4,39,0.0,0,0.0,0,0.0,0,0.0,0
2012-10-23T09:19:55.500,2355.4,8463,2355.2,14,0.0,0,0.0,0,0.0,0,0.0,0,2355.4,37,0.0,0,0.0,0,0.0,0,0.0,0
2012-10-23T09:19:56.250,2355.4,8468,2355.2,15,0.0,0,0.0,0,0.0,0,0.0,0,2355.4,32,0.0,0,0.0,0,0.0,0,0.0,0
2012-10-23T09:19:57.250,2355.2,8472,2355.2,23,0.0,0,0.0,0,0.0,0,0.0,0,2355.4,34,0.0,0,0.0,0,0.0,0,0.0,0
2012-10-23T09:19:58.250,2355.2,8473,2355.2,26,0.0,0,0.0,0,0.0,0,0.0,0,2355.4,36,0.0,0,0.0,0,0.0,0,0.0,0
2012-10-23T09:19:59.000,2355.2,8486,2355.2,14,0.0,0,0.0,0,0.0,0,0.0,0,2355.4,35,0.0,0,0.0,0,0.0,0,0.0,0
2012-10-23T09:19:59.500,2355.2,8490,2355.2,12,0.0,0,0.0,0,0.0,0,0.0,0,2355.4,35,0.0,0,0.0,0,0.0,0,0.0,0
2012-10-23T09:20:00.000,2355.4,8502,2355.2,9,0.0,0,0.0,0,0.0,0,0.0,0,2355.4,35,0.0,0,0.0,0,0.0,0,0.0,0
2012-10-23T09:20:00.500,2355.6,8553,2355.4,63,0.0,0,0.0,0,0.0,0,0.0,0,2355.6,25,0.0,0,0.0,0,0.0,0,0.0,0
2012-10-23T09:20:01.000,2355.4,8646,2355.6,1,0.0,0,0.0,0,0.0,0,0.0,0,2355.8,34,0.0,0,0.0,0,0.0,0,0.0,0
2012-10-23T09:20:01.500,2355.6,8653,2355.4,22,0.0,0,0.0,0,0.0,0,0.0,0,2355.8,27,0.0,0,0.0,0,0.0,0,0.0,0
2012-10-23T09:20:02.000,2355.6,8696,2355.6,10,0.0,0,0.0,0,0.0,0,0.0,0,2355.8,26,0.0,0,0.0,0,0.0,0,0.0,0
2012-10-23T09:20:02.500,2355.8,8700,2355.6,18,0.0,0,0.0,0,0.0,0,0.0,0,2355.8,22,0.0,0,0.0,0,0.0,0,0.0,0
2012-10-23T09:20:03.000,2355.4,8725,2355.2,16,0.0,0,0.0,0,0.0,0,0.0,0,2355.6,1,0.0,0,0.0,0,0.0,0,0.0,0
2012-10-23T09:20:03.500,2355.8,8728,2355.6,1,0.0,0,0.0,0,0.0,0,0.0,0,2355.8,21,0.0,0,0.0,0,0.0,0,0.0,0
2012-10-23T09:20:04.000,2355.2,8746,2355.2,4,0.0,0,0.0,0,0.0,0,0.0,0,2355.8,26,0.0,0,0.0,0,0.0,0,0.0,0
2012-10-23T09:20:04.500,2355.2,8750,2355.2,3,0.0,0,0.0,0,0.0,0,0.0,0,2355.6,17,0.0,0,0.0,0,0.0,0,0.0,0
2012-10-23T09:20:05.000,2355.6,8755,2355.2,3,0.0,0,0.0,0,0.0,0,0.0,0,2355.6,22,0.0,0,0.0,0,0.0,0,0.0,0
2012-10-23T09:20:05.500,2355.2,8757,2355.2,6,0.0,0,0.0,0,0.0,0,0.0,0,2355.6,22,0.0,0,0.0,0,0.0,0,0.0,0
2012-10-23T09:20:06.000,2355.2,8764,2355,111,0.0,0,0.0,0,0.0,0,0.0,0,2355.2,10,0.0,0,0.0,0,0.0,0,0.0,0
2012-10-23T09:20:06.500,2355.4,8786,2355.2,3,0.0,0,0.0,0,0.0,0,0.0,0,2355.6,31,0.0,0,0.0,0,0.0,0,0.0,0
2012-10-23T09:20:07.250,2355.6,8789,2355.2,3,0.0,0,0.0,0,0.0,0,0.0,0,2355.6,31,0.0,0,0.0,0,0.0,0,0.0,0
2012-10-23T09:20:08.000,2355.2,8802,2355,112,0.0,0,0.0,0,0.0,0,0.0,0,2355.4,50,0.0,0,0.0,0,0.0,0,0.0,0
2012-10-23T09:20:08.500,2355.4,8812,2355.2,26,0.0,0,0.0,0,0.0,0,0.0,0,2355.4,48,0.0,0,0.0,0,0.0,0,0.0,0
2012-10-23T09:20:09.000,2355.4,8819,2355.2,21,0.0,0,0.0,0,0.0,0,0.0,0,2355.4,48,0.0,0,0.0,0,0.0,0,0.0,0
2012-10-23T09:20:09.500,2355.4,8822,2355.2,19,0.0,0,0.0,0,0.0,0,0.0,0,2355.4,48,0.0,0,0.0,0,0.0,0,0.0,0
2012-10-23T09:20:10.000,2355.4,8823,2355.2,21,0.0,0,0.0,0,0.0,0,0.0,0,2355.4,47,0.0,0,0.0,0,0.0,0,0.0,0
2012-10-23T09:20:10.500,2355.4,8824,2355.2,23,0.0,0,0.0,0,0.0,0,0.0,0,2355.4,47,0.0,0,0.0,0,0.0,0,0.0,0
2012-10-23T09:20:11.000,2355.4,8835,2355.2,18,0.0,0,0.0,0,0.0,0,0.0,0,2355.4,46,0.0,0,0.0,0,0.0,0,0.0,0
2012-10-23T09:20:11.500,2355.4,8841,2355.2,16,0.0,0,0.0,0,0.0,0,0.0,0,2355.4,42,0.0,0,0.0,0,0.0,0,0.0,0
2012-10-23T09:20:12.000,2355.2,8851,2355.2,7,0.0,0,0.0,0,0.0,0,0.0,0,2355.4,41,0.0,0,0.0,0,0.0,0,0.0,0
2012-10-23T09:20:12.500,2355.4,8854,2355.2,7,0.0,0,0.0,0,0.0,0,0.0,0,2355.4,39,0.0,0,0.0,0,0.0,0,0.0,0
2012-10-23T09:20:13.250,2355.2,8856,2355.2,8,0.0,0,0.0,0,0.0,0,0.0,0,2355.4,39,0.0,0,0.0,0,0.0,0,0.0,0
2012-10-23T09:20:14.000,2355.2,8865,2355.2,11,0.0,0,0.0,0,0.0,0,0.0,0,2355.4,34,0.0,0,0.0,0,0.0,0,0.0,0
2012-10-23T09:20:14.500,2355.2,8886,2355,112,0.0,0,0.0,0,0.0,0,0.0,0,2355.2,10,0.0,0,0.0,0,0.0,0,0.0,0
2012-10-23T09:20:15.000,2355.2,8890,2355,112,0.0,0,0.0,0,0.0,0,0.0,0,2355.2,7,0.0,0,0.0,0,0.0,0,0.0,0
2012-10-23T09:20:15.500,2355.2,8891,2355,112,0.0,0,0.0,0,0.0,0,0.0,0,2355.2,6,0.0,0,0.0,0,0.0,0,0.0,0
2012-10-23T09:20:16.000,2355.2,8894,2355,113,0.0,0,0.0,0,0.0,0,0.0,0,2355.2,3,0.0,0,0.0,0,0.0,0,0.0,0
2012-10-23T09:20:16.500,2355,8898,2355,110,0.0,0,0.0,0,0.0,0,0.0,0,2355.2,2,0.0,0,0.0,0,0.0,0,0.0,0
2012-10-23T09:20:17.000,2355.2,8900,2355.2,1,0.0,0,0.0,0,0.0,0,0.0,0,2355.4,31,0.0,0,0.0,0,0.0,0,0.0,0
2012-10-23T09:20:17.500,2355.2,8901,2355.2,2,0.0,0,0.0,0,0.0,0,0.0,0,2355.4,31,0.0,0,0.0,0,0.0,0,0.0,0
2012-10-23T09:20:18.000,2355.4,8907,2355,108,0.0,0,0.0,0,0.0,0,0.0,0,2355.4,30,0.0,0,0.0,0,0.0,0,0.0,0
2012-10-23T09:20:18.500,2355,8914,2355,106,0.0,0,0.0,0,0.0,0,0.0,0,2355.4,33,0.0,0,0.0,0,0.0,0,0.0,0
2012-10-23T09:20:19.250,2355.4,8916,2355.2,1,0.0,0,0.0,0,0.0,0,0.0,0,2355.4,36,0.0,0,0.0,0,0.0,0,0.0,0
2012-10-23T09:20:20.250,2355.4,8919,2355.2,1,0.0,0,0.0,0,0.0,0,0.0,0,2355.4,33,0.0,0,0.0,0,0.0,0,0.0,0
2012-10-23T09:20:21.000,2355.4,8920,2355.2,2,0.0,0,0.0,0,0.0,0,0.0,0,2355.4,32,0.0,0,0.0,0,0.0,0,0.0,0
2012-10-23T09:20:21.500,2355.2,8923,2355.2,1,0.0,0,0.0,0,0.0,0,0.0,0,2355.4,52,0.0,0,0.0,0,0.0,0,0.0,0
2012-10-23T09:20:22.000,2355.2,8925,2355.2,1,0.0,0,0.0,0,0.0,0,0.0,0,2355.4,51,0.0,0,0.0,0,0.0,0,0.0,0
2012-10-23T09:20:22.500,2355.4,8930,2355.2,3,0.0,0,0.0,0,0.0,0,0.0,0,2355.4,48,0.0,0,0.0,0,0.0,0,0.0,0
2012-10-23T09:20:23.000,2355.2,8931,2355.2,2,0.0,0,0.0,0,0.0,0,0.0,0,2355.4,49,0.0,0,0.0,0,0.0,0,0.0,0
2012-10-23T09:20:23.500,2355.2,8979,2355.2,2,0.0,0,0.0,0,0.0,0,0.0,0,2355.4,2,0.0,0,0.0,0,0.0,0,0.0,0
2012-10-23T09:20:24.000,2355.4,8981,2355.4,3,0.0,0,0.0,0,0.0,0,0.0,0,2355.6,43,0.0,0,0.0,0,0.0,0,0.0,0
2012-10-23T09:20:24.500,2355.6,8990,2355.4,4,0.0,0,0.0,0,0.0,0,0.0,0,2355.6,34,0.0,0,0.0,0,0.0,0,0.0,0
2012-10-23T09:20:25.000,2355.4,9010,2355.2,3,0.0,0,0.0,0,0.0,0,0.0,0,2355.6,18,0.0,0,0.0,0,0.0,0,0.0,0
2012-10-23T09:20:25.500,2355.2,9011,2355.2,5,0.0,0,0.0,0,0.0,0,0.0,0,2355.6,18,0.0,0,0.0,0,0.0,0,0.0,0
2012-10-23T09:20:26.250,2355.6,9013,2355.2,14,0.0,0,0.0,0,0.0,0,0.0,0,2355.6,16,0.0,0,0.0,0,0.0,0,0.0,0
2012-10-23T09:20:27.000,2355.4,9016,2355.4,9,0.0,0,0.0,0,0.0,0,0.0,0,2355.6,17,0.0,0,0.0,0,0.0,0,0.0,0
2012-10-23T09:20:27.500,2355.4,9019,2355.4,8,0.0,0,0.0,0,0.0,0,0.0,0,2355.6,17,0.0,0,0.0,0,0.0,0,0.0,0
2012-10-23T09:20:28.000,2355.4,9021,2355.2,19,0.0,0,0.0,0,0.0,0,0.0,0,2355.6,19,0.0,0,0.0,0,0.0,0,0.0,0
2012-10-23T09:20:28.500,2355.2,9031,2355.2,14,0.0,0,0.0,0,0.0,0,0.0,0,2355.6,15,0.0,0,0.0,0,0.0,0,0.0,0
2012-10-23T09:20:29.000,2355.4,9032,2355.2,17,0.0,0,0.0,0,0.0,0,0.0,0,2355.6,16,0.0,0,0.0,0,0.0,0,0.0,0
2012-10-23T09:20:29.500,2355.6,9037,2355.2,16,0.0,0,0.0,0,0.0,0,0.0,0,2355.6,13,0.0,0,0.0,0,0.0,0,0.0,0
2012-10-23T09:20:32.000,2355.6,9042,2355.2,43,0.0,0,0.0,0,0.0,0,0.0,0,2355.6,21,0.0,0,0.0,0,0.0,0,0.0,0
2012-10-23T09:20:32.500,2355.6,9043,2355.2,44,0.0,0,0.0,0,0.0,0,0.0,0,2355.4,1,0.0,0,0.0,0,0.0,0,0.0,0
2012-10-23T09:20:33.000,2355.4,9045,2355.4,1,0.0,0,0.0,0,0.0,0,0.0,0,2355.6,23,0.0,0,0.0,0,0.0,0,0.0,0
2012-10-23T09:20:33.500,2355.4,9046,2355.4,14,0.0,0,0.0,0,0.0,0,0.0,0,2355.6,24,0.0,0,0.0,0,0.0,0,0.0,0
2012-10-23T09:20:34.000,2355.6,9057,2355.4,17,0.0,0,0.0,0,0.0,0,0.0,0,2355.6,13,0.0,0,0.0,0,0.0,0,0.0,0
2012-10-23T09:20:34.500,2355.4,9062,2355.4,12,0.0,0,0.0,0,0.0,0,0.0,0,2355.6,18,0.0,0,0.0,0,0.0,0,0.0,0
2012-10-23T09:20:35.000,2355.4,9064,2355.4,11,0.0,0,0.0,0,0.0,0,0.0,0,2355.6,17,0.0,0,0.0,0,0.0,0,0.0,0
2012-10-23T09:20:35.500,2355.6,9070,2355.4,11,0.0,0,0.0,0,0.0,0,0.0,0,2355.6,11,0.0,0,0.0,0,0.0,0,0.0,0
2012-10-23T09:20:36.000,2355.6,9085,2355.4,2,0.0,0,0.0,0,0.0,0,0.0,0,2355.6,8,0.0,0,0.0,0,0.0,0,0.0,0
2012-10-23T09:20:36.500,2355,9138,2355,123,0.0,0,0.0,0,0.0,0,0.0,0,2355.2,48,0.0,0,0.0,0,0.0,0,0.0,0
2012-10-23T09:20:37.000,2355.2,9140,2355,121,0.0,0,0.0,0,0.0,0,0.0,0,2355.2,47,0.0,0,0.0,0,0.0,0,0.0,0
2012-10-23T09:20:37.500,2355,9157,2355,121,0.0,0,0.0,0,0.0,0,0.0,0,2355.2,31,0.0,0,0.0,0,0.0,0,0.0,0
2012-10-23T09:20:38.250,2355.2,9159,2355,119,0.0,0,0.0,0,0.0,0,0.0,0,2355.2,30,0.0,0,0.0,0,0.0,0,0.0,0
2012-10-23T09:20:39.000,2355.2,9160,2355,121,0.0,0,0.0,0,0.0,0,0.0,0,2355.2,29,0.0,0,0.0,0,0.0,0,0.0,0
2012-10-23T09:20:39.500,2355.2,9164,2355,120,0.0,0,0.0,0,0.0,0,0.0,0,2355.2,26,0.0,0,0.0,0,0.0,0,0.0,0
2012-10-23T09:20:40.000,2355.2,9170,2355,120,0.0,0,0.0,0,0.0,0,0.0,0,2355.2,21,0.0,0,0.0,0,0.0,0,0.0,0
2012-10-23T09:20:40.500,2355,9173,2355,118,0.0,0,0.0,0,0.0,0,0.0,0,2355.2,20,0.0,0,0.0,0,0.0,0,0.0,0
2012-10-23T09:20:41.000,2355.2,9181,2355,117,0.0,0,0.0,0,0.0,0,0.0,0,2355.2,13,0.0,0,0.0,0,0.0,0,0.0,0
2012-10-23T09:20:41.500,2355,9189,2355,112,0.0,0,0.0,0,0.0,0,0.0,0,2355.2,11,0.0,0,0.0,0,0.0,0,0.0,0
2012-10-23T09:20:42.000,2355.2,9216,2355,88,0.0,0,0.0,0,0.0,0,0.0,0,2355.2,12,0.0,0,0.0,0,0.0,0,0.0,0
2012-10-23T09:20:42.500,2355,9267,2355,37,0.0,0,0.0,0,0.0,0,0.0,0,2355.2,12,0.0,0,0.0,0,0.0,0,0.0,0
2012-10-23T09:20:43.000,2355,9286,2355,22,0.0,0,0.0,0,0.0,0,0.0,0,2355.2,12,0.0,0,0.0,0,0.0,0,0.0,0
2012-10-23T09:20:43.500,2355,9311,2354.8,104,0.0,0,0.0,0,0.0,0,0.0,0,2355,15,0.0,0,0.0,0,0.0,0,0.0,0
2012-10-23T09:20:44.000,2354.8,9317,2354.8,105,0.0,0,0.0,0,0.0,0,0.0,0,2355,16,0.0,0,0.0,0,0.0,0,0.0,0
2012-10-23T09:20:44.500,2354.8,9320,2354.8,103,0.0,0,0.0,0,0.0,0,0.0,0,2355,18,0.0,0,0.0,0,0.0,0,0.0,0
2012-10-23T09:20:45.000,2355,9322,2354.8,101,0.0,0,0.0,0,0.0,0,0.0,0,2355,18,0.0,0,0.0,0,0.0,0,0.0,0
2012-10-23T09:20:45.500,2355.2,9345,2355,32,0.0,0,0.0,0,0.0,0,0.0,0,2355.2,18,0.0,0,0.0,0,0.0,0,0.0,0
2012-10-23T09:20:46.000,2355,9347,2355,30,0.0,0,0.0,0,0.0,0,0.0,0,2355.2,18,0.0,0,0.0,0,0.0,0,0.0,0
2012-10-23T09:20:46.500,2355,9359,2355,20,0.0,0,0.0,0,0.0,0,0.0,0,2355.2,19,0.0,0,0.0,0,0.0,0,0.0,0
2012-10-23T09:20:47.000,2355,9360,2355,31,0.0,0,0.0,0,0.0,0,0.0,0,2355.2,17,0.0,0,0.0,0,0.0,0,0.0,0
2012-10-23T09:20:47.500,2355,9378,2354.8,102,0.0,0,0.0,0,0.0,0,0.0,0,2355,34,0.0,0,0.0,0,0.0,0,0.0,0
2012-10-23T09:20:48.000,2355,9389,2354.8,102,0.0,0,0.0,0,0.0,0,0.0,0,2355,24,0.0,0,0.0,0,0.0,0,0.0,0
2012-10-23T09:20:48.500,2355,9390,2354.8,102,0.0,0,0.0,0,0.0,0,0.0,0,2355,24,0.0,0,0.0,0,0.0,0,0.0,0
2012-10-23T09:20:49.000,2354.8,9391,2354.8,101,0.0,0,0.0,0,0.0,0,0.0,0,2355,24,0.0,0,0.0,0,0.0,0,0.0,0
2012-10-23T09:20:49.500,2355,9392,2354.8,103,0.0,0,0.0,0,0.0,0,0.0,0,2355,27,0.0,0,0.0,0,0.0,0,0.0,0
2012-10-23T09:20:50.250,2354.8,9397,2354.8,106,0.0,0,0.0,0,0.0,0,0.0,0,2355,29,0.0,0,0.0,0,0.0,0,0.0,0
2012-10-23T09:20:51.000,2355,9405,2354.8,106,0.0,0,0.0,0,0.0,0,0.0,0,2355,22,0.0,0,0.0,0,0.0,0,0.0,0
2012-10-23T09:20:51.500,2355,9409,2354.8,104,0.0,0,0.0,0,0.0,0,0.0,0,2355,20,0.0,0,0.0,0,0.0,0,0.0,0
2012-10-23T09:20:52.250,2354.8,9431,2354.8,104,0.0,0,0.0,0,0.0,0,0.0,0,2355,5,0.0,0,0.0,0,0.0,0,0.0,0
2012-10-23T09:20:53.000,2354.8,9437,2354.8,103,0.0,0,0.0,0,0.0,0,0.0,0,2355.2,40,0.0,0,0.0,0,0.0,0,0.0,0
2012-10-23T09:20:53.500,2354.8,9440,2355,2,0.0,0,0.0,0,0.0,0,0.0,0,2355.2,40,0.0,0,0.0,0,0.0,0,0.0,0
2012-10-23T09:20:54.000,2354.8,9441,2355,2,0.0,0,0.0,0,0.0,0,0.0,0,2355.2,40,0.0,0,0.0,0,0.0,0,0.0,0
2012-10-23T09:20:54.500,2355.2,9443,2355,41,0.0,0,0.0,0,0.0,0,0.0,0,2355.2,39,0.0,0,0.0,0,0.0,0,0.0,0
2012-10-23T09:20:55.250,2355,9447,2355,44,0.0,0,0.0,0,0.0,0,0.0,0,2355.2,38,0.0,0,0.0,0,0.0,0,0.0,0
2012-10-23T09:20:56.000,2355,9454,2355,38,0.0,0,0.0,0,0.0,0,0.0,0,2355.2,38,0.0,0,0.0,0,0.0,0,0.0,0
2012-10-23T09:20:56.500,2355,9456,2355,36,0.0,0,0.0,0,0.0,0,0.0,0,2355.2,34,0.0,0,0.0,0,0.0,0,0.0,0
2012-10-23T09:20:57.000,2355,9493,2354.8,104,0.0,0,0.0,0,0.0,0,0.0,0,2355,22,0.0,0,0.0,0,0.0,0,0.0,0
2012-10-23T09:20:57.500,2354.8,9495,2354.8,102,0.0,0,0.0,0,0.0,0,0.0,0,2355,25,0.0,0,0.0,0,0.0,0,0.0,0
2012-10-23T09:20:58.000,2355,9501,2354.8,100,0.0,0,0.0,0,0.0,0,0.0,0,2355,22,0.0,0,0.0,0,0.0,0,0.0,0
2012-10-23T09:20:58.500,2354.8,9502,2354.8,99,0.0,0,0.0,0,0.0,0,0.0,0,2355,22,0.0,0,0.0,0,0.0,0,0.0,0
2012-10-23T09:20:59.000,2354.8,9510,2354.8,93,0.0,0,0.0,0,0.0,0,0.0,0,2355,20,0.0,0,0.0,0,0.0,0,0.0,0
2012-10-23T09:20:59.500,2355.2,9591,2354.8,83,0.0,0,0.0,0,0.0,0,0.0,0,2355.2,33,0.0,0,0.0,0,0.0,0,0.0,0
2012-10-23T09:21:00.000,2354.8,9592,2354.8,82,0.0,0,0.0,0,0.0,0,0.0,0,2355,4,0.0,0,0.0,0,0.0,0,0.0,0
2012-10-23T09:21:00.500,2355,9596,2354.8,81,0.0,0,0.0,0,0.0,0,0.0,0,2355,4,0.0,0,0.0,0,0.0,0,0.0,0
2012-10-23T09:21:01.000,2354.8,9598,2354.8,80,0.0,0,0.0,0,0.0,0,0.0,0,2355,5,0.0,0,0.0,0,0.0,0,0.0,0
2012-10-23T09:21:01.500,2355,9604,2354.8,79,0.0,0,0.0,0,0.0,0,0.0,0,2355,4,0.0,0,0.0,0,0.0,0,0.0,0
2012-10-23T09:21:02.000,2354.8,9606,2354.8,78,0.0,0,0.0,0,0.0,0,0.0,0,2355,3,0.0,0,0.0,0,0.0,0,0.0,0
2012-10-23T09:21:02.500,2355,9636,2355,70,0.0,0,0.0,0,0.0,0,0.0,0,2355.2,38,0.0,0,0.0,0,0.0,0,0.0,0
2012-10-23T09:21:03.000,2355,9643,2355,65,0.0,0,0.0,0,0.0,0,0.0,0,2355.2,38,0.0,0,0.0,0,0.0,0,0.0,0
2012-10-23T09:21:03.500,2355.2,9654,2355,64,0.0,0,0.0,0,0.0,0,0.0,0,2355.2,29,0.0,0,0.0,0,0.0,0,0.0,0
2012-10-23T09:21:04.000,2355,9659,2355,62,0.0,0,0.0,0,0.0,0,0.0,0,2355.2,33,0.0,0,0.0,0,0.0,0,0.0,0
2012-10-23T09:21:04.500,2355,9663,2355,60,0.0,0,0.0,0,0.0,0,0.0,0,2355.2,32,0.0,0,0.0,0,0.0,0,0.0,0
2012-10-23T09:21:05.250,2355,9676,2355,48,0.0,0,0.0,0,0.0,0,0.0,0,2355.2,34,0.0,0,0.0,0,0.0,0,0.0,0
2012-10-23T09:21:06.000,2355,9686,2355,38,0.0,0,0.0,0,0.0,0,0.0,0,2355.2,34,0.0,0,0.0,0,0.0,0,0.0,0
2012-10-23T09:21:06.500,2355,9714,2355,37,0.0,0,0.0,0,0.0,0,0.0,0,2355.2,7,0.0,0,0.0,0,0.0,0,0.0,0
2012-10-23T09:21:07.000,2355.2,9715,2355,38,0.0,0,0.0,0,0.0,0,0.0,0,2355.2,6,0.0,0,0.0,0,0.0,0,0.0,0
2012-10-23T09:21:07.500,2355.2,9720,2355,38,0.0,0,0.0,0,0.0,0,0.0,0,2355.2,1,0.0,0,0.0,0,0.0,0,0.0,0
2012-10-23T09:21:08.000,2355.2,9721,2355,38,0.0,0,0.0,0,0.0,0,0.0,0,2355.4,36,0.0,0,0.0,0,0.0,0,0.0,0
2012-10-23T09:21:08.500,2355,9722,2355.2,1,0.0,0,0.0,0,0.0,0,0.0,0,2355.4,36,0.0,0,0.0,0,0.0,0,0.0,0
2012-10-23T09:21:10.000,2355.4,9724,2355.2,4,0.0,0,0.0,0,0.0,0,0.0,0,2355.4,33,0.0,0,0.0,0,0.0,0,0.0,0
2012-10-23T09:21:10.500,2355,9730,2355,37,0.0,0,0.0,0,0.0,0,0.0,0,2355.2,22,0.0,0,0.0,0,0.0,0,0.0,0
2012-10-23T09:21:11.250,2355.2,9731,2355,36,0.0,0,0.0,0,0.0,0,0.0,0,2355.2,24,0.0,0,0.0,0,0.0,0,0.0,0
2012-10-23T09:21:12.000,2355.2,9733,2355,37,0.0,0,0.0,0,0.0,0,0.0,0,2355.2,23,0.0,0,0.0,0,0.0,0,0.0,0
2012-10-23T09:21:12.500,2355.2,9734,2355,37,0.0,0,0.0,0,0.0,0,0.0,0,2355.2,22,0.0,0,0.0,0,0.0,0,0.0,0
2012-10-23T09:21:13.250,2355,9735,2355,38,0.0,0,0.0,0,0.0,0,0.0,0,2355.2,23,0.0,0,0.0,0,0.0,0,0.0,0
2012-10-23T09:21:14.000,2355.2,9741,2355,39,0.0,0,0.0,0,0.0,0,0.0,0,2355.2,17,0.0,0,0.0,0,0.0,0,0.0,0
2012-10-23T09:21:14.500,2355.2,9745,2355,39,0.0,0,0.0,0,0.0,0,0.0,0,2355.2,14,0.0,0,0.0,0,0.0,0,0.0,0
2012-10-23T09:21:15.250,2355.2,9749,2355,40,0.0,0,0.0,0,0.0,0,0.0,0,2355.2,11,0.0,0,0.0,0,0.0,0,0.0,0
2012-10-23T09:21:16.250,2355.2,9760,2355,40,0.0,0,0.0,0,0.0,0,0.0,0,2355.4,35,0.0,0,0.0,0,0.0,0,0.0,0
2012-10-23T09:21:17.000,2355.2,9761,2355,45,0.0,0,0.0,0,0.0,0,0.0,0,2355.2,1,0.0,0,0.0,0,0.0,0,0.0,0
2012-10-23T09:21:17.500,2355.2,9762,2355.2,1,0.0,0,0.0,0,0.0,0,0.0,0,2355.4,37,0.0,0,0.0,0,0.0,0,0.0,0
2012-10-23T09:21:18.250,2355.4,9764,2355.2,11,0.0,0,0.0,0,0.0,0,0.0,0,2355.4,38,0.0,0,0.0,0,0.0,0,0.0,0
2012-10-23T09:21:19.250,2355,9814,2355.2,1,0.0,0,0.0,0,0.0,0,0.0,0,2355.4,39,0.0,0,0.0,0,0.0,0,0.0,0
2012-10-23T09:21:20.250,2355.2,9820,2355,14,0.0,0,0.0,0,0.0,0,0.0,0,2355.2,9,0.0,0,0.0,0,0.0,0,0.0,0
2012-10-23T09:21:21.000,2355.2,9821,2355,16,0.0,0,0.0,0,0.0,0,0.0,0,2355.2,14,0.0,0,0.0,0,0.0,0,0.0,0
2012-10-23T09:21:21.500,2355.2,9822,2355,19,0.0,0,0.0,0,0.0,0,0.0,0,2355.2,13,0.0,0,0.0,0,0.0,0,0.0,0
2012-10-23T09:21:22.000,2355.2,9824,2355,20,0.0,0,0.0,0,0.0,0,0.0,0,2355.2,12,0.0,0,0.0,0,0.0,0,0.0,0
2012-10-23T09:21:22.500,2355.2,9828,2355,24,0.0,0,0.0,0,0.0,0,0.0,0,2355.2,8,0.0,0,0.0,0,0.0,0,0.0,0
2012-10-23T09:21:23.250,2355.2,9835,2355,25,0.0,0,0.0,0,0.0,0,0.0,0,2355.4,40,0.0,0,0.0,0,0.0,0,0.0,0
2012-10-23T09:21:24.000,2355,9840,2355,22,0.0,0,0.0,0,0.0,0,0.0,0,2355.2,11,0.0,0,0.0,0,0.0,0,0.0,0
2012-10-23T09:21:24.500,2355.2,9841,2355,22,0.0,0,0.0,0,0.0,0,0.0,0,2355.2,10,0.0,0,0.0,0,0.0,0,0.0,0
2012-10-23T09:21:25.000,2355,9867,2354.8,93,0.0,0,0.0,0,0.0,0,0.0,0,2355,10,0.0,0,0.0,0,0.0,0,0.0,0
2012-10-23T09:21:25.500,2354.8,9871,2354.8,89,0.0,0,0.0,0,0.0,0,0.0,0,2355,10,0.0,0,0.0,0,0.0,0,0.0,0
2012-10-23T09:21:26.250,2354.8,9873,2354.8,87,0.0,0,0.0,0,0.0,0,0.0,0,2355,10,0.0,0,0.0,0,0.0,0,0.0,0
2012-10-23T09:21:27.000,2354.8,9875,2354.8,85,0.0,0,0.0,0,0.0,0,0.0,0,2355,16,0.0,0,0.0,0,0.0,0,0.0,0
2012-10-23T09:21:27.500,2354.8,9883,2354.8,82,0.0,0,0.0,0,0.0,0,0.0,0,2355,11,0.0,0,0.0,0,0.0,0,0.0,0
2012-10-23T09:21:28.250,2355,9896,2354.8,80,0.0,0,0.0,0,0.0,0,0.0,0,2355,1,0.0,0,0.0,0,0.0,0,0.0,0
2012-10-23T09:21:29.250,2355,9899,2355,1,0.0,0,0.0,0,0.0,0,0.0,0,2355.2,9,0.0,0,0.0,0,0.0,0,0.0,0
2012-10-23T09:21:30.250,2355.2,9929,2355,1,0.0,0,0.0,0,0.0,0,0.0,0,2355.4,41,0.0,0,0.0,0,0.0,0,0.0,0
2012-10-23T09:21:31.000,2355,9931,2355,69,0.0,0,0.0,0,0.0,0,0.0,0,2355.2,1,0.0,0,0.0,0,0.0,0,0.0,0
2012-10-23T09:21:31.500,2355.2,9932,2355.2,4,0.0,0,0.0,0,0.0,0,0.0,0,2355.4,41,0.0,0,0.0,0,0.0,0,0.0,0
2012-10-23T09:21:32.000,2355.2,9935,2355.2,5,0.0,0,0.0,0,0.0,0,0.0,0,2355.4,41,0.0,0,0.0,0,0.0,0,0.0,0
2012-10-23T09:21:32.500,2355.2,9943,2355.2,9,0.0,0,0.0,0,0.0,0,0.0,0,2355.4,37,0.0,0,0.0,0,0.0,0,0.0,0
2012-10-23T09:21:33.250,2355.4,9949,2355.2,5,0.0,0,0.0,0,0.0,0,0.0,0,2355.4,36,0.0,0,0.0,0,0.0,0,0.0,0
2012-10-23T09:21:34.000,2355.4,9951,2355.2,4,0.0,0,0.0,0,0.0,0,0.0,0,2355.4,36,0.0,0,0.0,0,0.0,0,0.0,0
2012-10-23T09:21:34.500,2355.2,9952,2355.2,3,0.0,0,0.0,0,0.0,0,0.0,0,2355.4,36,0.0,0,0.0,0,0.0,0,0.0,0
2012-10-23T09:21:35.000,2355.2,9961,2355.2,1,0.0,0,0.0,0,0.0,0,0.0,0,2355.4,29,0.0,0,0.0,0,0.0,0,0.0,0
2012-10-23T09:21:35.500,2355.4,9962,2355.2,1,0.0,0,0.0,0,0.0,0,0.0,0,2355.4,30,0.0,0,0.0,0,0.0,0,0.0,0
2012-10-23T09:21:36.000,2355.2,9963,2355.2,6,0.0,0,0.0,0,0.0,0,0.0,0,2355.4,30,0.0,0,0.0,0,0.0,0,0.0,0
2012-10-23T09:21:36.500,2355.2,9964,2355.2,5,0.0,0,0.0,0,0.0,0,0.0,0,2355.4,31,0.0,0,0.0,0,0.0,0,0.0,0
2012-10-23T09:21:37.000,2355.4,9965,2355.2,5,0.0,0,0.0,0,0.0,0,0.0,0,2355.4,30,0.0,0,0.0,0,0.0,0,0.0,0
2012-10-23T09:21:37.500,2355.2,9969,2355.2,1,0.0,0,0.0,0,0.0,0,0.0,0,2355.4,31,0.0,0,0.0,0,0.0,0,0.0,0
2012-10-23T09:21:38.000,2355.2,9986,2355.2,14,0.0,0,0.0,0,0.0,0,0.0,0,2355.4,28,0.0,0,0.0,0,0.0,0,0.0,0
2012-10-23T09:21:38.500,2355.4,9989,2355.2,13,0.0,0,0.0,0,0.0,0,0.0,0,2355.4,26,0.0,0,0.0,0,0.0,0,0.0,0
2012-10-23T09:21:39.000,2355.4,9994,2355.2,13,0.0,0,0.0,0,0.0,0,0.0,0,2355.4,22,0.0,0,0.0,0,0.0,0,0.0,0
2012-10-23T09:21:39.500,2355.4,10001,2355.2,14,0.0,0,0.0,0,0.0,0,0.0,0,2355.4,15,0.0,0,0.0,0,0.0,0,0.0,0
2012-10-23T09:21:40.000,2355.4,10010,2355.2,15,0.0,0,0.0,0,0.0,0,0.0,0,2355.4,6,0.0,0,0.0,0,0.0,0,0.0,0
2012-10-23T09:21:40.500,2355.4,10011,2355.2,15,0.0,0,0.0,0,0.0,0,0.0,0,2355.4,5,0.0,0,0.0,0,0.0,0,0.0,0
2012-10-23T09:21:41.000,2355.2,10017,2355.2,11,0.0,0,0.0,0,0.0,0,0.0,0,2355.4,4,0.0,0,0.0,0,0.0,0,0.0,0
2012-10-23T09:21:41.500,2355.4,10020,2355.2,10,0.0,0,0.0,0,0.0,0,0.0,0,2355.4,2,0.0,0,0.0,0,0.0,0,0.0,0
2012-10-23T09:21:42.000,2355.4,10023,2355.4,20,0.0,0,0.0,0,0.0,0,0.0,0,2355.6,37,0.0,0,0.0,0,0.0,0,0.0,0
2012-10-23T09:21:42.500,2355.4,10024,2355.4,20,0.0,0,0.0,0,0.0,0,0.0,0,2355.6,37,0.0,0,0.0,0,0.0,0,0.0,0
2012-10-23T09:21:43.000,2355.6,10025,2355.4,21,0.0,0,0.0,0,0.0,0,0.0,0,2355.6,36,0.0,0,0.0,0,0.0,0,0.0,0
2012-10-23T09:21:43.500,2355.4,10030,2355.4,19,0.0,0,0.0,0,0.0,0,0.0,0,2355.6,34,0.0,0,0.0,0,0.0,0,0.0,0
2012-10-23T09:21:44.000,2355.6,10032,2355.4,20,0.0,0,0.0,0,0.0,0,0.0,0,2355.6,32,0.0,0,0.0,0,0.0,0,0.0,0
2012-10-23T09:21:44.500,2355.6,10043,2355.4,17,0.0,0,0.0,0,0.0,0,0.0,0,2355.6,24,0.0,0,0.0,0,0.0,0,0.0,0
2012-10-23T09:21:45.000,2355.6,10048,2355.4,18,0.0,0,0.0,0,0.0,0,0.0,0,2355.6,19,0.0,0,0.0,0,0.0,0,0.0,0
2012-10-23T09:21:45.500,2355.6,10050,2355.4,36,0.0,0,0.0,0,0.0,0,0.0,0,2355.6,17,0.0,0,0.0,0,0.0,0,0.0,0
2012-10-23T09:21:46.000,2355.6,10056,2355.4,38,0.0,0,0.0,0,0.0,0,0.0,0,2355.6,11,0.0,0,0.0,0,0.0,0,0.0,0
2012-10-23T09:21:46.500,2355.6,10062,2355.4,37,0.0,0,0.0,0,0.0,0,0.0,0,2355.6,6,0.0,0,0.0,0,0.0,0,0.0,0
2012-10-23T09:21:47.000,2355.8,10073,2355.6,26,0.0,0,0.0,0,0.0,0,0.0,0,2355.8,54,0.0,0,0.0,0,0.0,0,0.0,0
2012-10-23T09:21:47.500,2355.8,10077,2355.6,27,0.0,0,0.0,0,0.0,0,0.0,0,2355.8,53,0.0,0,0.0,0,0.0,0,0.0,0
2012-10-23T09:21:48.000,2355.6,10080,2355.6,30,0.0,0,0.0,0,0.0,0,0.0,0,2355.8,52,0.0,0,0.0,0,0.0,0,0.0,0
2012-10-23T09:21:48.500,2355.8,10087,2355.6,27,0.0,0,0.0,0,0.0,0,0.0,0,2355.8,49,0.0,0,0.0,0,0.0,0,0.0,0
2012-10-23T09:21:49.000,2355.8,10091,2355.6,29,0.0,0,0.0,0,0.0,0,0.0,0,2355.8,45,0.0,0,0.0,0,0.0,0,0.0,0
2012-10-23T09:21:49.500,2355.8,10098,2355.6,28,0.0,0,0.0,0,0.0,0,0.0,0,2355.8,40,0.0,0,0.0,0,0.0,0,0.0,0
2012-10-23T09:21:50.000,2355.8,10111,2355.6,26,0.0,0,0.0,0,0.0,0,0.0,0,2355.8,34,0.0,0,0.0,0,0.0,0,0.0,0
2012-10-23T09:21:50.500,2355.8,10137,2355.6,25,0.0,0,0.0,0,0.0,0,0.0,0,2355.8,11,0.0,0,0.0,0,0.0,0,0.0,0
2012-10-23T09:21:51.000,2355.8,10148,2355.6,27,0.0,0,0.0,0,0.0,0,0.0,0,2356,144,0.0,0,0.0,0,0.0,0,0.0,0
2012-10-23T09:21:51.500,2355.6,10155,2355.8,1,0.0,0,0.0,0,0.0,0,0.0,0,2356,143,0.0,0,0.0,0,0.0,0,0.0,0
2012-10-23T09:21:52.000,2356,10168,2355.6,18,0.0,0,0.0,0,0.0,0,0.0,0,2356,140,0.0,0,0.0,0,0.0,0,0.0,0
2012-10-23T09:21:52.500,2356,10184,2355.6,16,0.0,0,0.0,0,0.0,0,0.0,0,2356,179,0.0,0,0.0,0,0.0,0,0.0,0
2012-10-23T09:21:53.000,2355.6,10204,2355.6,11,0.0,0,0.0,0,0.0,0,0.0,0,2356,177,0.0,0,0.0,0,0.0,0,0.0,0
2012-10-23T09:21:53.500,2355.8,10210,2355.6,11,0.0,0,0.0,0,0.0,0,0.0,0,2355.8,13,0.0,0,0.0,0,0.0,0,0.0,0
2012-10-23T09:21:54.000,2355.8,10223,2355.6,11,0.0,0,0.0,0,0.0,0,0.0,0,2355.8,1,0.0,0,0.0,0,0.0,0,0.0,0
2012-10-23T09:21:54.500,2355.6,10227,2355.6,9,0.0,0,0.0,0,0.0,0,0.0,0,2355.8,52,0.0,0,0.0,0,0.0,0,0.0,0
2012-10-23T09:21:55.000,2355.6,10238,2355.6,9,0.0,0,0.0,0,0.0,0,0.0,0,2355.8,52,0.0,0,0.0,0,0.0,0,0.0,0
2012-10-23T09:21:55.500,2355.8,10248,2355.6,8,0.0,0,0.0,0,0.0,0,0.0,0,2355.8,58,0.0,0,0.0,0,0.0,0,0.0,0
2012-10-23T09:21:56.000,2355.6,10253,2355.6,5,0.0,0,0.0,0,0.0,0,0.0,0,2355.8,58,0.0,0,0.0,0,0.0,0,0.0,0
2012-10-23T09:21:56.500,2355.8,10259,2355.6,4,0.0,0,0.0,0,0.0,0,0.0,0,2355.8,33,0.0,0,0.0,0,0.0,0,0.0,0
2012-10-23T09:21:57.000,2355.8,10270,2355.4,32,0.0,0,0.0,0,0.0,0,0.0,0,2355.8,33,0.0,0,0.0,0,0.0,0,0.0,0
2012-10-23T09:21:57.500,2355.8,10279,2355.6,1,0.0,0,0.0,0,0.0,0,0.0,0,2355.8,21,0.0,0,0.0,0,0.0,0,0.0,0
2012-10-23T09:21:58.250,2355.8,10286,2355.4,32,0.0,0,0.0,0,0.0,0,0.0,0,2355.8,36,0.0,0,0.0,0,0.0,0,0.0,0
2012-10-23T09:21:59.000,2355.6,10287,2355.6,1,0.0,0,0.0,0,0.0,0,0.0,0,2355.8,57,0.0,0,0.0,0,0.0,0,0.0,0
2012-10-23T09:21:59.500,2355.8,10291,2355.6,12,0.0,0,0.0,0,0.0,0,0.0,0,2355.8,54,0.0,0,0.0,0,0.0,0,0.0,0
2012-10-23T09:22:00.000,2355.6,10297,2355.6,7,0.0,0,0.0,0,0.0,0,0.0,0,2355.8,55,0.0,0,0.0,0,0.0,0,0.0,0
2012-10-23T09:22:00.500,2355.8,10303,2355.6,18,0.0,0,0.0,0,0.0,0,0.0,0,2355.8,49,0.0,0,0.0,0,0.0,0,0.0,0
2012-10-23T09:22:01.000,2355.8,10331,2355.6,10,0.0,0,0.0,0,0.0,0,0.0,0,2355.8,29,0.0,0,0.0,0,0.0,0,0.0,0
2012-10-23T09:22:01.500,2355.8,10353,2355.6,13,0.0,0,0.0,0,0.0,0,0.0,0,2355.8,8,0.0,0,0.0,0,0.0,0,0.0,0
2012-10-23T09:22:02.000,2356,10362,2355.8,20,0.0,0,0.0,0,0.0,0,0.0,0,2356,193,0.0,0,0.0,0,0.0,0,0.0,0
2012-10-23T09:22:02.500,2356,10367,2355.8,21,0.0,0,0.0,0,0.0,0,0.0,0,2356,189,0.0,0,0.0,0,0.0,0,0.0,0
2012-10-23T09:22:03.000,2356,10377,2355.8,20,0.0,0,0.0,0,0.0,0,0.0,0,2356,183,0.0,0,0.0,0,0.0,0,0.0,0
2012-10-23T09:22:03.500,2356,10383,2355.8,19,0.0,0,0.0,0,0.0,0,0.0,0,2356,181,0.0,0,0.0,0,0.0,0,0.0,0
2012-10-23T09:22:04.000,2356,10398,2355.8,10,0.0,0,0.0,0,0.0,0,0.0,0,2356,182,0.0,0,0.0,0,0.0,0,0.0,0
2012-10-23T09:22:04.500,2355.8,10400,2355.8,9,0.0,0,0.0,0,0.0,0,0.0,0,2356,183,0.0,0,0.0,0,0.0,0,0.0,0
2012-10-23T09:22:05.000,2356,10409,2355.8,9,0.0,0,0.0,0,0.0,0,0.0,0,2356,177,0.0,0,0.0,0,0.0,0,0.0,0
2012-10-23T09:22:05.500,2356,10444,2355.6,22,0.0,0,0.0,0,0.0,0,0.0,0,2355.8,25,0.0,0,0.0,0,0.0,0,0.0,0
2012-10-23T09:22:06.000,2355.8,10456,2355.6,22,0.0,0,0.0,0,0.0,0,0.0,0,2355.8,13,0.0,0,0.0,0,0.0,0,0.0,0
2012-10-23T09:22:06.500,2355.8,10459,2355.6,22,0.0,0,0.0,0,0.0,0,0.0,0,2355.8,17,0.0,0,0.0,0,0.0,0,0.0,0
2012-10-23T09:22:07.000,2355.8,10465,2355.6,21,0.0,0,0.0,0,0.0,0,0.0,0,2355.8,12,0.0,0,0.0,0,0.0,0,0.0,0
2012-10-23T09:22:07.500,2355.6,10480,2355.6,9,0.0,0,0.0,0,0.0,0,0.0,0,2355.8,12,0.0,0,0.0,0,0.0,0,0.0,0
2012-10-23T09:22:08.000,2356,10495,2355.6,10,0.0,0,0.0,0,0.0,0,0.0,0,2355.8,1,0.0,0,0.0,0,0.0,0,0.0,0
2012-10-23T09:22:08.500,2355.6,10501,2355.6,11,0.0,0,0.0,0,0.0,0,0.0,0,2356,176,0.0,0,0.0,0,0.0,0,0.0,0
2012-10-23T09:22:09.000,2355.8,10508,2355.6,9,0.0,0,0.0,0,0.0,0,0.0,0,2355.8,3,0.0,0,0.0,0,0.0,0,0.0,0
2012-10-23T09:22:09.500,2355.6,10514,2355.6,4,0.0,0,0.0,0,0.0,0,0.0,0,2355.8,4,0.0,0,0.0,0,0.0,0,0.0,0
2012-10-23T09:22:10.000,2355.8,10520,2355.6,3,0.0,0,0.0,0,0.0,0,0.0,0,2355.8,6,0.0,0,0.0,0,0.0,0,0.0,0
2012-10-23T09:22:10.500,2355.6,10524,2355.6,1,0.0,0,0.0,0,0.0,0,0.0,0,2355.8,10,0.0,0,0.0,0,0.0,0,0.0,0
2012-10-23T09:22:11.000,2355.8,10528,2355.6,2,0.0,0,0.0,0,0.0,0,0.0,0,2355.8,32,0.0,0,0.0,0,0.0,0,0.0,0
2012-10-23T09:22:11.500,2355.6,10530,2355.4,46,0.0,0,0.0,0,0.0,0,0.0,0,2355.8,34,0.0,0,0.0,0,0.0,0,0.0,0
2012-10-23T09:22:12.250,2355.6,10535,2355.4,47,0.0,0,0.0,0,0.0,0,0.0,0,2355.8,53,0.0,0,0.0,0,0.0,0,0.0,0
2012-10-23T09:22:13.000,2355.4,10540,2355.4,45,0.0,0,0.0,0,0.0,0,0.0,0,2355.8,53,0.0,0,0.0,0,0.0,0,0.0,0
2012-10-23T09:22:13.500,2355.8,10546,2355.4,45,0.0,0,0.0,0,0.0,0,0.0,0,2355.8,49,0.0,0,0.0,0,0.0,0,0.0,0
2012-10-23T09:22:14.000,2355.4,10549,2355.6,2,0.0,0,0.0,0,0.0,0,0.0,0,2355.8,50,0.0,0,0.0,0,0.0,0,0.0,0
2012-10-23T09:22:14.500,2355.8,10553,2355.4,41,0.0,0,0.0,0,0.0,0,0.0,0,2355.8,63,0.0,0,0.0,0,0.0,0,0.0,0
2012-10-23T09:22:15.000,2355.8,10554,2355.4,41,0.0,0,0.0,0,0.0,0,0.0,0,2355.8,61,0.0,0,0.0,0,0.0,0,0.0,0
2012-10-23T09:22:15.500,2355.4,10556,2355.4,41,0.0,0,0.0,0,0.0,0,0.0,0,2355.8,63,0.0,0,0.0,0,0.0,0,0.0,0
2012-10-23T09:22:16.000,2355.8,10575,2355.4,28,0.0,0,0.0,0,0.0,0,0.0,0,2355.8,57,0.0,0,0.0,0,0.0,0,0.0,0
2012-10-23T09:22:16.500,2355.4,10578,2355.4,27,0.0,0,0.0,0,0.0,0,0.0,0,2355.6,72,0.0,0,0.0,0,0.0,0,0.0,0
2012-10-23T09:22:17.000,2355.6,10579,2355.4,27,0.0,0,0.0,0,0.0,0,0.0,0,2355.6,72,0.0,0,0.0,0,0.0,0,0.0,0
2012-10-23T09:22:17.500,2355.4,10600,2355.4,5,0.0,0,0.0,0,0.0,0,0.0,0,2355.6,75,0.0,0,0.0,0,0.0,0,0.0,0
2012-10-23T09:22:18.000,2355.6,10607,2355.4,4,0.0,0,0.0,0,0.0,0,0.0,0,2355.6,72,0.0,0,0.0,0,0.0,0,0.0,0
2012-10-23T09:22:18.500,2355.4,10610,2355.4,3,0.0,0,0.0,0,0.0,0,0.0,0,2355.6,71,0.0,0,0.0,0,0.0,0,0.0,0
2012-10-23T09:22:19.000,2355.4,10616,2355.2,51,0.0,0,0.0,0,0.0,0,0.0,0,2355.4,11,0.0,0,0.0,0,0.0,0,0.0,0
2012-10-23T09:22:19.500,2355.2,10644,2355.2,46,0.0,0,0.0,0,0.0,0,0.0,0,2355.6,56,0.0,0,0.0,0,0.0,0,0.0,0
2012-10-23T09:22:20.250,2355.2,10650,2355.2,44,0.0,0,0.0,0,0.0,0,0.0,0,2355.6,58,0.0,0,0.0,0,0.0,0,0.0,0
2012-10-23T09:22:21.000,2355.2,10669,2355.2,26,0.0,0,0.0,0,0.0,0,0.0,0,2355.6,56,0.0,0,0.0,0,0.0,0,0.0,0
2012-10-23T09:22:21.500,2355.4,10670,2355.4,1,0.0,0,0.0,0,0.0,0,0.0,0,2355.6,57,0.0,0,0.0,0,0.0,0,0.0,0
2012-10-23T09:22:22.000,2355.2,10675,2355.2,22,0.0,0,0.0,0,0.0,0,0.0,0,2355.4,3,0.0,0,0.0,0,0.0,0,0.0,0
2012-10-23T09:22:22.500,2355.4,10681,2355.4,1,0.0,0,0.0,0,0.0,0,0.0,0,2355.6,58,0.0,0,0.0,0,0.0,0,0.0,0
2012-10-23T09:22:23.000,2355.4,10683,2355.2,20,0.0,0,0.0,0,0.0,0,0.0,0,2355.6,57,0.0,0,0.0,0,0.0,0,0.0,0
2012-10-23T09:22:23.500,2355.4,10684,2355.2,23,0.0,0,0.0,0,0.0,0,0.0,0,2355.4,2,0.0,0,0.0,0,0.0,0,0.0,0
2012-10-23T09:22:24.250,2355.2,10685,2355.2,28,0.0,0,0.0,0,0.0,0,0.0,0,2355.4,2,0.0,0,0.0,0,0.0,0,0.0,0
2012-10-23T09:22:25.250,2355.4,10688,2355.2,26,0.0,0,0.0,0,0.0,0,0.0,0,2355.4,2,0.0,0,0.0,0,0.0,0,0.0,0
2012-10-23T09:22:26.000,2355.2,10706,2355.2,8,0.0,0,0.0,0,0.0,0,0.0,0,2355.4,4,0.0,0,0.0,0,0.0,0,0.0,0
2012-10-23T09:22:26.500,2355.2,10707,2355.2,7,0.0,0,0.0,0,0.0,0,0.0,0,2355.4,7,0.0,0,0.0,0,0.0,0,0.0,0
2012-10-23T09:22:27.000,2355.2,10709,2355.2,7,0.0,0,0.0,0,0.0,0,0.0,0,2355.4,13,0.0,0,0.0,0,0.0,0,0.0,0
2012-10-23T09:22:27.500,2355.2,10711,2355.2,5,0.0,0,0.0,0,0.0,0,0.0,0,2355.4,29,0.0,0,0.0,0,0.0,0,0.0,0
2012-10-23T09:22:28.000,2355.2,10716,2355,65,0.0,0,0.0,0,0.0,0,0.0,0,2355.4,30,0.0,0,0.0,0,0.0,0,0.0,0
2012-10-23T09:22:28.500,2355.4,10720,2355,67,0.0,0,0.0,0,0.0,0,0.0,0,2355.4,31,0.0,0,0.0,0,0.0,0,0.0,0
2012-10-23T09:22:29.000,2355,10723,2355,65,0.0,0,0.0,0,0.0,0,0.0,0,2355.4,31,0.0,0,0.0,0,0.0,0,0.0,0
2012-10-23T09:22:29.500,2355,10745,2355,52,0.0,0,0.0,0,0.0,0,0.0,0,2355.4,23,0.0,0,0.0,0,0.0,0,0.0,0
2012-10-23T09:22:30.000,2355,10757,2355,46,0.0,0,0.0,0,0.0,0,0.0,0,2355.2,1,0.0,0,0.0,0,0.0,0,0.0,0
2012-10-23T09:22:30.500,2355,10761,2355,46,0.0,0,0.0,0,0.0,0,0.0,0,2355.2,2,0.0,0,0.0,0,0.0,0,0.0,0
2012-10-23T09:22:31.000,2355,10796,2355,14,0.0,0,0.0,0,0.0,0,0.0,0,2355.4,18,0.0,0,0.0,0,0.0,0,0.0,0
2012-10-23T09:22:31.500,2355.4,10805,2355,15,0.0,0,0.0,0,0.0,0,0.0,0,2355.2,1,0.0,0,0.0,0,0.0,0,0.0,0
2012-10-23T09:22:32.000,2355.2,10807,2355,37,0.0,0,0.0,0,0.0,0,0.0,0,2355.4,13,0.0,0,0.0,0,0.0,0,0.0,0
2012-10-23T09:22:32.500,2355.4,10811,2355.2,3,0.0,0,0.0,0,0.0,0,0.0,0,2355.4,12,0.0,0,0.0,0,0.0,0,0.0,0
2012-10-23T09:22:33.000,2355.2,10814,2355,36,0.0,0,0.0,0,0.0,0,0.0,0,2355.2,12,0.0,0,0.0,0,0.0,0,0.0,0
2012-10-23T09:22:33.500,2355.2,10822,2355,46,0.0,0,0.0,0,0.0,0,0.0,0,2355.2,4,0.0,0,0.0,0,0.0,0,0.0,0
2012-10-23T09:22:34.000,2355.2,10826,2355,46,0.0,0,0.0,0,0.0,0,0.0,0,2355.2,1,0.0,0,0.0,0,0.0,0,0.0,0
2012-10-23T09:22:34.500,2355.2,10827,2355.2,8,0.0,0,0.0,0,0.0,0,0.0,0,2355.4,13,0.0,0,0.0,0,0.0,0,0.0,0
2012-10-23T09:22:35.250,2355.2,10829,2355.2,8,0.0,0,0.0,0,0.0,0,0.0,0,2355.4,27,0.0,0,0.0,0,0.0,0,0.0,0
2012-10-23T09:22:36.000,2355.2,10831,2355.2,9,0.0,0,0.0,0,0.0,0,0.0,0,2355.4,27,0.0,0,0.0,0,0.0,0,0.0,0
2012-10-23T09:22:36.500,2355.4,10833,2355.2,10,0.0,0,0.0,0,0.0,0,0.0,0,2355.4,25,0.0,0,0.0,0,0.0,0,0.0,0
2012-10-23T09:22:37.000,2355.4,10847,2355.2,9,0.0,0,0.0,0,0.0,0,0.0,0,2355.4,13,0.0,0,0.0,0,0.0,0,0.0,0
2012-10-23T09:22:37.500,2355.4,10848,2355.2,9,0.0,0,0.0,0,0.0,0,0.0,0,2355.4,12,0.0,0,0.0,0,0.0,0,0.0,0
2012-10-23T09:22:38.000,2355.2,10852,2355.2,8,0.0,0,0.0,0,0.0,0,0.0,0,2355.4,13,0.0,0,0.0,0,0.0,0,0.0,0
2012-10-23T09:22:38.500,2355.2,10859,2355.2,4,0.0,0,0.0,0,0.0,0,0.0,0,2355.4,13,0.0,0,0.0,0,0.0,0,0.0,0
2012-10-23T09:22:39.000,2355.4,10869,2355,58,0.0,0,0.0,0,0.0,0,0.0,0,2355.4,8,0.0,0,0.0,0,0.0,0,0.0,0
2012-10-23T09:22:39.500,2355.4,10873,2355,60,0.0,0,0.0,0,0.0,0,0.0,0,2355.4,4,0.0,0,0.0,0,0.0,0,0.0,0
2012-10-23T09:22:40.250,2355.2,10890,2355.2,25,0.0,0,0.0,0,0.0,0,0.0,0,2355.4,4,0.0,0,0.0,0,0.0,0,0.0,0
2012-10-23T09:22:41.000,2355.4,10901,2355.4,4,0.0,0,0.0,0,0.0,0,0.0,0,2355.6,55,0.0,0,0.0,0,0.0,0,0.0,0
2012-10-23T09:22:41.500,2355.6,10933,2355.4,3,0.0,0,0.0,0,0.0,0,0.0,0,2355.6,23,0.0,0,0.0,0,0.0,0,0.0,0
2012-10-23T09:22:42.250,2355.6,10958,2355.6,6,0.0,0,0.0,0,0.0,0,0.0,0,2355.8,85,0.0,0,0.0,0,0.0,0,0.0,0
2012-10-23T09:22:43.000,2355.6,10960,2355.6,18,0.0,0,0.0,0,0.0,0,0.0,0,2355.8,84,0.0,0,0.0,0,0.0,0,0.0,0
2012-10-23T09:22:43.500,2355.8,10968,2355.6,12,0.0,0,0.0,0,0.0,0,0.0,0,2355.8,81,0.0,0,0.0,0,0.0,0,0.0,0
2012-10-23T09:22:44.000,2355.8,10969,2355.6,7,0.0,0,0.0,0,0.0,0,0.0,0,2355.8,80,0.0,0,0.0,0,0.0,0,0.0,0
2012-10-23T09:22:44.500,2355.8,10973,2355.6,7,0.0,0,0.0,0,0.0,0,0.0,0,2355.8,75,0.0,0,0.0,0,0.0,0,0.0,0
2012-10-23T09:22:45.000,2355.8,10985,2355.6,7,0.0,0,0.0,0,0.0,0,0.0,0,2355.8,66,0.0,0,0.0,0,0.0,0,0.0,0
2012-10-23T09:22:45.500,2355.8,10995,2355.6,7,0.0,0,0.0,0,0.0,0,0.0,0,2355.8,55,0.0,0,0.0,0,0.0,0,0.0,0
2012-10-23T09:22:46.000,2355.8,11032,2355.6,3,0.0,0,0.0,0,0.0,0,0.0,0,2355.8,24,0.0,0,0.0,0,0.0,0,0.0,0
2012-10-23T09:22:46.500,2355.8,11050,2355.6,3,0.0,0,0.0,0,0.0,0,0.0,0,2355.8,8,0.0,0,0.0,0,0.0,0,0.0,0
2012-10-23T09:22:47.000,2355.6,11079,2355.4,22,0.0,0,0.0,0,0.0,0,0.0,0,2355.8,1,0.0,0,0.0,0,0.0,0,0.0,0
2012-10-23T09:22:47.500,2355.8,11081,2355.8,34,0.0,0,0.0,0,0.0,0,0.0,0,2356,189,0.0,0,0.0,0,0.0,0,0.0,0
2012-10-23T09:22:48.250,2355.8,11086,2355.8,33,0.0,0,0.0,0,0.0,0,0.0,0,2356,188,0.0,0,0.0,0,0.0,0,0.0,0
2012-10-23T09:22:49.000,2355.8,11092,2355.8,28,0.0,0,0.0,0,0.0,0,0.0,0,2356,186,0.0,0,0.0,0,0.0,0,0.0,0
2012-10-23T09:22:49.500,2355.8,11100,2355.8,26,0.0,0,0.0,0,0.0,0,0.0,0,2356,181,0.0,0,0.0,0,0.0,0,0.0,0
2012-10-23T09:22:50.000,2356,11120,2355.8,26,0.0,0,0.0,0,0.0,0,0.0,0,2356,162,0.0,0,0.0,0,0.0,0,0.0,0
2012-10-23T09:22:50.500,2356,11130,2355.8,26,0.0,0,0.0,0,0.0,0,0.0,0,2356,152,0.0,0,0.0,0,0.0,0,0.0,0
2012-10-23T09:22:51.000,2356,11152,2355.8,26,0.0,0,0.0,0,0.0,0,0.0,0,2356,131,0.0,0,0.0,0,0.0,0,0.0,0
2012-10-23T09:22:51.500,2356,11167,2355.8,26,0.0,0,0.0,0,0.0,0,0.0,0,2356,117,0.0,0,0.0,0,0.0,0,0.0,0
2012-10-23T09:22:52.000,2356,11211,2355.8,23,0.0,0,0.0,0,0.0,0,0.0,0,2356,76,0.0,0,0.0,0,0.0,0,0.0,0
2012-10-23T09:22:52.500,2356,11250,2355.8,29,0.0,0,0.0,0,0.0,0,0.0,0,2356,39,0.0,0,0.0,0,0.0,0,0.0,0
2012-10-23T09:22:53.000,2356.2,11318,2356,74,0.0,0,0.0,0,0.0,0,0.0,0,2356.2,3,0.0,0,0.0,0,0.0,0,0.0,0
2012-10-23T09:22:53.500,2356.2,11354,2356.2,49,0.0,0,0.0,0,0.0,0,0.0,0,2356.4,3,0.0,0,0.0,0,0.0,0,0.0,0
2012-10-23T09:22:54.000,2356.4,11371,2356.4,11,0.0,0,0.0,0,0.0,0,0.0,0,2356.6,22,0.0,0,0.0,0,0.0,0,0.0,0
2012-10-23T09:22:54.500,2356.8,11398,2356.6,3,0.0,0,0.0,0,0.0,0,0.0,0,2356.8,39,0.0,0,0.0,0,0.0,0,0.0,0
2012-10-23T09:22:55.000,2356.8,11430,2356.4,9,0.0,0,0.0,0,0.0,0,0.0,0,2356.8,26,0.0,0,0.0,0,0.0,0,0.0,0
2012-10-23T09:22:55.500,2356.8,11463,2356.4,8,0.0,0,0.0,0,0.0,0,0.0,0,2356.6,9,0.0,0,0.0,0,0.0,0,0.0,0
2012-10-23T09:22:56.000,2356.4,11482,2356.2,33,0.0,0,0.0,0,0.0,0,0.0,0,2356.4,7,0.0,0,0.0,0,0.0,0,0.0,0
2012-10-23T09:22:56.500,2356.6,11502,2356.4,6,0.0,0,0.0,0,0.0,0,0.0,0,2356.6,12,0.0,0,0.0,0,0.0,0,0.0,0
2012-10-23T09:22:57.000,2356.4,11514,2356.4,1,0.0,0,0.0,0,0.0,0,0.0,0,2356.6,8,0.0,0,0.0,0,0.0,0,0.0,0
2012-10-23T09:22:57.500,2356.6,11526,2356.4,4,0.0,0,0.0,0,0.0,0,0.0,0,2356.6,3,0.0,0,0.0,0,0.0,0,0.0,0
2012-10-23T09:22:58.000,2356.2,11539,2356.2,34,0.0,0,0.0,0,0.0,0,0.0,0,2356.8,16,0.0,0,0.0,0,0.0,0,0.0,0
2012-10-23T09:22:58.500,2356.6,11548,2356.2,34,0.0,0,0.0,0,0.0,0,0.0,0,2356.4,1,0.0,0,0.0,0,0.0,0,0.0,0
2012-10-23T09:22:59.000,2356.6,11570,2356.6,1,0.0,0,0.0,0,0.0,0,0.0,0,2356.8,18,0.0,0,0.0,0,0.0,0,0.0,0
2012-10-23T09:22:59.500,2356.6,11578,2356.6,6,0.0,0,0.0,0,0.0,0,0.0,0,2356.8,16,0.0,0,0.0,0,0.0,0,0.0,0
2012-10-23T09:23:00.000,2356.6,11587,2356.6,2,0.0,0,0.0,0,0.0,0,0.0,0,2356.8,8,0.0,0,0.0,0,0.0,0,0.0,0
2012-10-23T09:23:00.500,2356.6,11601,2356.4,19,0.0,0,0.0,0,0.0,0,0.0,0,2356.6,4,0.0,0,0.0,0,0.0,0,0.0,0
2012-10-23T09:23:01.000,2356.4,11611,2356.4,14,0.0,0,0.0,0,0.0,0,0.0,0,2356.6,13,0.0,0,0.0,0,0.0,0,0.0,0
2012-10-23T09:23:01.500,2356.6,11620,2356.4,13,0.0,0,0.0,0,0.0,0,0.0,0,2356.6,17,0.0,0,0.0,0,0.0,0,0.0,0
2012-10-23T09:23:02.000,2356.4,11626,2356.4,9,0.0,0,0.0,0,0.0,0,0.0,0,2356.6,29,0.0,0,0.0,0,0.0,0,0.0,0
2012-10-23T09:23:02.500,2356.4,11640,2356.2,21,0.0,0,0.0,0,0.0,0,0.0,0,2356.6,29,0.0,0,0.0,0,0.0,0,0.0,0
2012-10-23T09:23:03.000,2356.4,11643,2356.2,21,0.0,0,0.0,0,0.0,0,0.0,0,2356.4,32,0.0,0,0.0,0,0.0,0,0.0,0
2012-10-23T09:23:03.500,2356.4,11665,2356,55,0.0,0,0.0,0,0.0,0,0.0,0,2356.2,1,0.0,0,0.0,0,0.0,0,0.0,0
2012-10-23T09:23:04.000,2356,11678,2356,50,0.0,0,0.0,0,0.0,0,0.0,0,2356.2,1,0.0,0,0.0,0,0.0,0,0.0,0
2012-10-23T09:23:04.500,2356.2,11682,2356.2,6,0.0,0,0.0,0,0.0,0,0.0,0,2356.4,12,0.0,0,0.0,0,0.0,0,0.0,0
2012-10-23T09:23:05.000,2356,11692,2356.2,2,0.0,0,0.0,0,0.0,0,0.0,0,2356.4,15,0.0,0,0.0,0,0.0,0,0.0,0
2012-10-23T09:23:05.500,2356.4,11695,2356.2,3,0.0,0,0.0,0,0.0,0,0.0,0,2356.4,13,0.0,0,0.0,0,0.0,0,0.0,0
2012-10-23T09:23:06.000,2356.4,11700,2356,38,0.0,0,0.0,0,0.0,0,0.0,0,2356.2,1,0.0,0,0.0,0,0.0,0,0.0,0
2012-10-23T09:23:06.500,2356.2,11719,2356,36,0.0,0,0.0,0,0.0,0,0.0,0,2356.2,8,0.0,0,0.0,0,0.0,0,0.0,0
2012-10-23T09:23:07.000,2356.2,11723,2356,32,0.0,0,0.0,0,0.0,0,0.0,0,2356.2,7,0.0,0,0.0,0,0.0,0,0.0,0
2012-10-23T09:23:07.500,2356,11725,2356,33,0.0,0,0.0,0,0.0,0,0.0,0,2356.2,17,0.0,0,0.0,0,0.0,0,0.0,0
2012-10-23T09:23:08.000,2356.2,11727,2356,34,0.0,0,0.0,0,0.0,0,0.0,0,2356.2,25,0.0,0,0.0,0,0.0,0,0.0,0
2012-10-23T09:23:08.500,2356,11728,2356,33,0.0,0,0.0,0,0.0,0,0.0,0,2356.2,25,0.0,0,0.0,0,0.0,0,0.0,0
2012-10-23T09:23:09.000,2356,11730,2356,37,0.0,0,0.0,0,0.0,0,0.0,0,2356.2,27,0.0,0,0.0,0,0.0,0,0.0,0
2012-10-23T09:23:09.500,2356.2,11738,2356,33,0.0,0,0.0,0,0.0,0,0.0,0,2356.2,22,0.0,0,0.0,0,0.0,0,0.0,0
2012-10-23T09:23:10.000,2356.2,11749,2356,26,0.0,0,0.0,0,0.0,0,0.0,0,2356.2,18,0.0,0,0.0,0,0.0,0,0.0,0
2012-10-23T09:23:10.500,2356,11751,2356,24,0.0,0,0.0,0,0.0,0,0.0,0,2356.2,23,0.0,0,0.0,0,0.0,0,0.0,0
2012-10-23T09:23:11.000,2356,11753,2356,23,0.0,0,0.0,0,0.0,0,0.0,0,2356.2,22,0.0,0,0.0,0,0.0,0,0.0,0
2012-10-23T09:23:11.500,2356,11766,2356,18,0.0,0,0.0,0,0.0,0,0.0,0,2356.2,17,0.0,0,0.0,0,0.0,0,0.0,0
2012-10-23T09:23:12.000,2356.2,11772,2356,13,0.0,0,0.0,0,0.0,0,0.0,0,2356.2,16,0.0,0,0.0,0,0.0,0,0.0,0
2012-10-23T09:23:12.500,2356,11775,2356,11,0.0,0,0.0,0,0.0,0,0.0,0,2356.2,16,0.0,0,0.0,0,0.0,0,0.0,0
2012-10-23T09:23:13.000,2356,11778,2356,8,0.0,0,0.0,0,0.0,0,0.0,0,2356.2,16,0.0,0,0.0,0,0.0,0,0.0,0
2012-10-23T09:23:13.500,2356.2,11789,2356,10,0.0,0,0.0,0,0.0,0,0.0,0,2356.2,14,0.0,0,0.0,0,0.0,0,0.0,0
2012-10-23T09:23:14.000,2356,11794,2356,11,0.0,0,0.0,0,0.0,0,0.0,0,2356.2,21,0.0,0,0.0,0,0.0,0,0.0,0
2012-10-23T09:23:14.500,2356,11804,2356,14,0.0,0,0.0,0,0.0,0,0.0,0,2356.2,15,0.0,0,0.0,0,0.0,0,0.0,0
2012-10-23T09:23:15.000,2356,11805,2356,13,0.0,0,0.0,0,0.0,0,0.0,0,2356.2,16,0.0,0,0.0,0,0.0,0,0.0,0
2012-10-23T09:23:15.500,2356,11810,2356,11,0.0,0,0.0,0,0.0,0,0.0,0,2356.2,15,0.0,0,0.0,0,0.0,0,0.0,0
2012-10-23T09:23:16.000,2356.2,11814,2356,14,0.0,0,0.0,0,0.0,0,0.0,0,2356.2,16,0.0,0,0.0,0,0.0,0,0.0,0
2012-10-23T09:23:16.500,2356,11817,2356,13,0.0,0,0.0,0,0.0,0,0.0,0,2356.2,25,0.0,0,0.0,0,0.0,0,0.0,0
2012-10-23T09:23:17.000,2356,11825,2356,12,0.0,0,0.0,0,0.0,0,0.0,0,2356.2,19,0.0,0,0.0,0,0.0,0,0.0,0
2012-10-23T09:23:17.500,2356,11845,2356,4,0.0,0,0.0,0,0.0,0,0.0,0,2356.2,10,0.0,0,0.0,0,0.0,0,0.0,0
2012-10-23T09:23:18.000,2356,11851,2355.8,21,0.0,0,0.0,0,0.0,0,0.0,0,2356,16,0.0,0,0.0,0,0.0,0,0.0,0
2012-10-23T09:23:18.500,2356,11858,2355.8,21,0.0,0,0.0,0,0.0,0,0.0,0,2356,12,0.0,0,0.0,0,0.0,0,0.0,0
2012-10-23T09:23:19.000,2356,11866,2355.8,19,0.0,0,0.0,0,0.0,0,0.0,0,2356,6,0.0,0,0.0,0,0.0,0,0.0,0
2012-10-23T09:23:19.500,2356,11883,2355.8,4,0.0,0,0.0,0,0.0,0,0.0,0,2356,4,0.0,0,0.0,0,0.0,0,0.0,0
2012-10-23T09:23:20.250,2356,11884,2355.8,12,0.0,0,0.0,0,0.0,0,0.0,0,2356,6,0.0,0,0.0,0,0.0,0,0.0,0
2012-10-23T09:23:21.250,2355.8,11893,2355.8,9,0.0,0,0.0,0,0.0,0,0.0,0,2356,2,0.0,0,0.0,0,0.0,0,0.0,0
2012-10-23T09:23:22.000,2355.8,11895,2355.8,9,0.0,0,0.0,0,0.0,0,0.0,0,2356,4,0.0,0,0.0,0,0.0,0,0.0,0
2012-10-23T09:23:22.500,2356,11896,2355.8,9,0.0,0,0.0,0,0.0,0,0.0,0,2356,4,0.0,0,0.0,0,0.0,0,0.0,0
2012-10-23T09:23:23.250,2356,11897,2355.8,9,0.0,0,0.0,0,0.0,0,0.0,0,2356,3,0.0,0,0.0,0,0.0,0,0.0,0
2012-10-23T09:23:24.000,2356,11901,2355.8,12,0.0,0,0.0,0,0.0,0,0.0,0,2356,7,0.0,0,0.0,0,0.0,0,0.0,0
2012-10-23T09:23:24.500,2356,11907,2355.8,12,0.0,0,0.0,0,0.0,0,0.0,0,2356,3,0.0,0,0.0,0,0.0,0,0.0,0
2012-10-23T09:23:25.250,2356,11908,2355.8,14,0.0,0,0.0,0,0.0,0,0.0,0,2356,4,0.0,0,0.0,0,0.0,0,0.0,0
2012-10-23T09:23:26.000,2356,11911,2355.8,14,0.0,0,0.0,0,0.0,0,0.0,0,2356,4,0.0,0,0.0,0,0.0,0,0.0,0
2012-10-23T09:23:26.500,2356,11912,2355.8,16,0.0,0,0.0,0,0.0,0,0.0,0,2356,4,0.0,0,0.0,0,0.0,0,0.0,0
2012-10-23T09:23:27.000,2356,11920,2355.8,15,0.0,0,0.0,0,0.0,0,0.0,0,2356.2,19,0.0,0,0.0,0,0.0,0,0.0,0
2012-10-23T09:23:27.500,2355.8,11921,2355.8,14,0.0,0,0.0,0,0.0,0,0.0,0,2356.2,22,0.0,0,0.0,0,0.0,0,0.0,0
2012-10-23T09:23:28.250,2355.8,11922,2355.8,13,0.0,0,0.0,0,0.0,0,0.0,0,2356.2,22,0.0,0,0.0,0,0.0,0,0.0,0
2012-10-23T09:23:29.250,2356.2,11925,2356,1,0.0,0,0.0,0,0.0,0,0.0,0,2356.2,22,0.0,0,0.0,0,0.0,0,0.0,0
2012-10-23T09:23:30.250,2355.8,11928,2355.8,15,0.0,0,0.0,0,0.0,0,0.0,0,2356,2,0.0,0,0.0,0,0.0,0,0.0,0
2012-10-23T09:23:31.000,2356,11932,2355.8,14,0.0,0,0.0,0,0.0,0,0.0,0,2356,2,0.0,0,0.0,0,0.0,0,0.0,0
2012-10-23T09:23:31.500,2356.2,11937,2356,12,0.0,0,0.0,0,0.0,0,0.0,0,2356.2,37,0.0,0,0.0,0,0.0,0,0.0,0
2012-10-23T09:23:32.000,2356,11939,2356,11,0.0,0,0.0,0,0.0,0,0.0,0,2356.2,36,0.0,0,0.0,0,0.0,0,0.0,0
2012-10-23T09:23:32.500,2356,11941,2356,9,0.0,0,0.0,0,0.0,0,0.0,0,2356.2,38,0.0,0,0.0,0,0.0,0,0.0,0
2012-10-23T09:23:33.250,2356.2,11942,2356,9,0.0,0,0.0,0,0.0,0,0.0,0,2356.2,37,0.0,0,0.0,0,0.0,0,0.0,0
2012-10-23T09:23:34.000,2356.2,11946,2356,9,0.0,0,0.0,0,0.0,0,0.0,0,2356.2,35,0.0,0,0.0,0,0.0,0,0.0,0
2012-10-23T09:23:34.500,2356.2,11947,2356,11,0.0,0,0.0,0,0.0,0,0.0,0,2356.2,37,0.0,0,0.0,0,0.0,0,0.0,0
2012-10-23T09:23:35.250,2356,11949,2356,9,0.0,0,0.0,0,0.0,0,0.0,0,2356.2,37,0.0,0,0.0,0,0.0,0,0.0,0
2012-10-23T09:23:36.000,2356.2,11950,2356,9,0.0,0,0.0,0,0.0,0,0.0,0,2356.2,38,0.0,0,0.0,0,0.0,0,0.0,0
2012-10-23T09:23:36.500,2356,11951,2356,7,0.0,0,0.0,0,0.0,0,0.0,0,2356.2,38,0.0,0,0.0,0,0.0,0,0.0,0
2012-10-23T09:23:37.000,2356,11955,2356,3,0.0,0,0.0,0,0.0,0,0.0,0,2356.2,38,0.0,0,0.0,0,0.0,0,0.0,0
2012-10-23T09:23:37.500,2356.2,11960,2356,8,0.0,0,0.0,0,0.0,0,0.0,0,2356.2,33,0.0,0,0.0,0,0.0,0,0.0,0
2012-10-23T09:23:38.000,2356.2,11962,2356,28,0.0,0,0.0,0,0.0,0,0.0,0,2356.2,31,0.0,0,0.0,0,0.0,0,0.0,0
2012-10-23T09:23:38.500,2356.2,11964,2356,30,0.0,0,0.0,0,0.0,0,0.0,0,2356.2,30,0.0,0,0.0,0,0.0,0,0.0,0
2012-10-23T09:23:39.000,2356,11969,2356,29,0.0,0,0.0,0,0.0,0,0.0,0,2356.2,27,0.0,0,0.0,0,0.0,0,0.0,0
2012-10-23T09:23:39.500,2356.2,11978,2356,38,0.0,0,0.0,0,0.0,0,0.0,0,2356.2,25,0.0,0,0.0,0,0.0,0,0.0,0
2012-10-23T09:23:40.000,2356.2,11993,2356,39,0.0,0,0.0,0,0.0,0,0.0,0,2356.2,15,0.0,0,0.0,0,0.0,0,0.0,0
2012-10-23T09:23:40.500,2356.2,12009,2356.2,15,0.0,0,0.0,0,0.0,0,0.0,0,2356.4,41,0.0,0,0.0,0,0.0,0,0.0,0
2012-10-23T09:23:41.000,2356.2,12010,2356.2,23,0.0,0,0.0,0,0.0,0,0.0,0,2356.4,42,0.0,0,0.0,0,0.0,0,0.0,0
2012-10-23T09:23:41.500,2356.4,12012,2356.2,32,0.0,0,0.0,0,0.0,0,0.0,0,2356.4,41,0.0,0,0.0,0,0.0,0,0.0,0
2012-10-23T09:23:42.000,2356.2,12013,2356.2,32,0.0,0,0.0,0,0.0,0,0.0,0,2356.4,43,0.0,0,0.0,0,0.0,0,0.0,0
2012-10-23T09:23:42.500,2356.2,12022,2356.2,35,0.0,0,0.0,0,0.0,0,0.0,0,2356.4,37,0.0,0,0.0,0,0.0,0,0.0,0
2012-10-23T09:23:43.000,2356.4,12025,2356.2,35,0.0,0,0.0,0,0.0,0,0.0,0,2356.4,34,0.0,0,0.0,0,0.0,0,0.0,0
2012-10-23T09:23:43.500,2356.4,12031,2356.2,34,0.0,0,0.0,0,0.0,0,0.0,0,2356.4,29,0.0,0,0.0,0,0.0,0,0.0,0
