date_time,last_px,total_volume,bid1_px,bid1_qty,bid2_px,bid2_qty,bid3_px,bid3_qty,bid4_px,bid4_qty,bid5_px,bid5_qty,ask1_px,ask1_qty,ask2_px,ask2_qty,ask3_px,ask3_qty,ask4_px,ask4_qty,ask5_px,ask5_qty
2012-10-24T09:14:00.250,2318,466,2318,96,0.0,0,0.0,0,0.0,0,0.0,0,2318.2,3,0.0,0,0.0,0,0.0,0,0.0,0
2012-10-24T09:15:00.250,2318,833,2317,64,0.0,0,0.0,0,0.0,0,0.0,0,2318,52,0.0,0,0.0,0,0.0,0,0.0,0
2012-10-24T09:15:01.000,2317,1145,2316.6,9,0.0,0,0.0,0,0.0,0,0.0,0,2316.8,1,0.0,0,0.0,0,0.0,0,0.0,0
2012-10-24T09:15:01.500,2316.6,1328,2316.2,1,0.0,0,0.0,0,0.0,0,0.0,0,2316.6,20,0.0,0,0.0,0,0.0,0,0.0,0
2012-10-24T09:15:02.000,2316.2,1540,2315.6,22,0.0,0,0.0,0,0.0,0,0.0,0,2316.2,19,0.0,0,0.0,0,0.0,0,0.0,0
2012-10-24T09:15:02.500,2316,1724,2315.8,9,0.0,0,0.0,0,0.0,0,0.0,0,2316,1,0.0,0,0.0,0,0.0,0,0.0,0
2012-10-24T09:15:03.000,2316,1913,2316,15,0.0,0,0.0,0,0.0,0,0.0,0,2316.2,4,0.0,0,0.0,0,0.0,0,0.0,0
2012-10-24T09:15:03.500,2317.2,2098,2316.4,6,0.0,0,0.0,0,0.0,0,0.0,0,2317.2,1,0.0,0,0.0,0,0.0,0,0.0,0
2012-10-24T09:15:04.000,2318,2283,2316.8,3,0.0,0,0.0,0,0.0,0,0.0,0,2318,269,0.0,0,0.0,0,0.0,0,0.0,0
2012-10-24T09:15:04.500,2317,2499,2317,20,0.0,0,0.0,0,0.0,0,0.0,0,2317.6,1,0.0,0,0.0,0,0.0,0,0.0,0
2012-10-24T09:15:05.000,2316.8,2585,2316.4,16,0.0,0,0.0,0,0.0,0,0.0,0,2316.8,4,0.0,0,0.0,0,0.0,0,0.0,0
2012-10-24T09:15:05.500,2317.2,2649,2316.8,1,0.0,0,0.0,0,0.0,0,0.0,0,2317.2,39,0.0,0,0.0,0,0.0,0,0.0,0
2012-10-24T09:15:06.000,2317,2727,2316.8,20,0.0,0,0.0,0,0.0,0,0.0,0,2317,16,0.0,0,0.0,0,0.0,0,0.0,0
2012-10-24T09:15:06.500,2316.8,2798,2316.4,1,0.0,0,0.0,0,0.0,0,0.0,0,2316.8,1,0.0,0,0.0,0,0.0,0,0.0,0
2012-10-24T09:15:07.000,2316.8,2855,2316.4,28,0.0,0,0.0,0,0.0,0,0.0,0,2316.8,11,0.0,0,0.0,0,0.0,0,0.0,0
2012-10-24T09:15:07.500,2316.8,2911,2316.8,2,0.0,0,0.0,0,0.0,0,0.0,0,2317,1,0.0,0,0.0,0,0.0,0,0.0,0
2012-10-24T09:15:08.000,2316.8,2964,2316.8,7,0.0,0,0.0,0,0.0,0,0.0,0,2317.2,6,0.0,0,0.0,0,0.0,0,0.0,0
2012-10-24T09:15:08.500,2317,3042,2317,15,0.0,0,0.0,0,0.0,0,0.0,0,2317.2,3,0.0,0,0.0,0,0.0,0,0.0,0
2012-10-24T09:15:09.000,2317,3100,2317,87,0.0,0,0.0,0,0.0,0,0.0,0,2317.2,5,0.0,0,0.0,0,0.0,0,0.0,0
2012-10-24T09:15:09.500,2317.2,3121,2317.2,20,0.0,0,0.0,0,0.0,0,0.0,0,2317.8,21,0.0,0,0.0,0,0.0,0,0.0,0
2012-10-24T09:15:10.000,2317.8,3184,2317.4,101,0.0,0,0.0,0,0.0,0,0.0,0,2317.8,23,0.0,0,0.0,0,0.0,0,0.0,0
2012-10-24T09:15:10.500,2317.8,3219,2317.8,14,0.0,0,0.0,0,0.0,0,0.0,0,2318,197,0.0,0,0.0,0,0.0,0,0.0,0
2012-10-24T09:15:11.000,2318,3400,2317.8,21,0.0,0,0.0,0,0.0,0,0.0,0,2318,52,0.0,0,0.0,0,0.0,0,0.0,0
2012-10-24T09:15:11.500,2318,3471,2318,51,0.0,0,0.0,0,0.0,0,0.0,0,2318.2,8,0.0,0,0.0,0,0.0,0,0.0,0
2012-10-24T09:15:12.000,2318.2,3555,2318.2,78,0.0,0,0.0,0,0.0,0,0.0,0,2318.8,2,0.0,0,0.0,0,0.0,0,0.0,0
2012-10-24T09:15:12.500,2318.8,3582,2318.8,7,0.0,0,0.0,0,0.0,0,0.0,0,2319,18,0.0,0,0.0,0,0.0,0,0.0,0
2012-10-24T09:15:13.000,2318.6,3641,2318.6,1,0.0,0,0.0,0,0.0,0,0.0,0,2318.8,10,0.0,0,0.0,0,0.0,0,0.0,0
2012-10-24T09:15:13.500,2319.4,3685,2318.8,43,0.0,0,0.0,0,0.0,0,0.0,0,2319.4,7,0.0,0,0.0,0,0.0,0,0.0,0
2012-10-24T09:15:14.000,2318.8,3769,2318.8,35,0.0,0,0.0,0,0.0,0,0.0,0,2319,4,0.0,0,0.0,0,0.0,0,0.0,0
2012-10-24T09:15:14.500,2319.4,3805,2319.2,1,0.0,0,0.0,0,0.0,0,0.0,0,2319.4,6,0.0,0,0.0,0,0.0,0,0.0,0
2012-10-24T09:15:15.000,2319.2,3860,2319.4,7,0.0,0,0.0,0,0.0,0,0.0,0,2319.8,60,0.0,0,0.0,0,0.0,0,0.0,0
2012-10-24T09:15:15.500,2319.6,3914,2319.4,3,0.0,0,0.0,0,0.0,0,0.0,0,2319.6,15,0.0,0,0.0,0,0.0,0,0.0,0
2012-10-24T09:15:16.000,2319,3933,2319,27,0.0,0,0.0,0,0.0,0,0.0,0,2319.4,2,0.0,0,0.0,0,0.0,0,0.0,0
2012-10-24T09:15:16.500,2319,3985,2319,22,0.0,0,0.0,0,0.0,0,0.0,0,2319.6,6,0.0,0,0.0,0,0.0,0,0.0,0
2012-10-24T09:15:17.000,2319.4,4054,2319.4,1,0.0,0,0.0,0,0.0,0,0.0,0,2319.6,2,0.0,0,0.0,0,0.0,0,0.0,0
2012-10-24T09:15:17.500,2319,4080,2319,29,0.0,0,0.0,0,0.0,0,0.0,0,2319.4,47,0.0,0,0.0,0,0.0,0,0.0,0
2012-10-24T09:15:18.000,2319,4098,2319,20,0.0,0,0.0,0,0.0,0,0.0,0,2319.4,43,0.0,0,0.0,0,0.0,0,0.0,0
2012-10-24T09:15:18.500,2319,4140,2318.8,43,0.0,0,0.0,0,0.0,0,0.0,0,2319,2,0.0,0,0.0,0,0.0,0,0.0,0
2012-10-24T09:15:19.000,2318.8,4180,2318.8,12,0.0,0,0.0,0,0.0,0,0.0,0,2319,117,0.0,0,0.0,0,0.0,0,0.0,0
2012-10-24T09:15:19.500,2319,4263,2318.4,4,0.0,0,0.0,0,0.0,0,0.0,0,2318.8,2,0.0,0,0.0,0,0.0,0,0.0,0
2012-10-24T09:15:20.000,2318.2,4291,2318.2,8,0.0,0,0.0,0,0.0,0,0.0,0,2318.4,6,0.0,0,0.0,0,0.0,0,0.0,0
2012-10-24T09:15:20.500,2318.4,4325,2318,36,0.0,0,0.0,0,0.0,0,0.0,0,2318.6,48,0.0,0,0.0,0,0.0,0,0.0,0
2012-10-24T09:15:21.000,2318.6,4343,2318.2,7,0.0,0,0.0,0,0.0,0,0.0,0,2318.6,19,0.0,0,0.0,0,0.0,0,0.0,0
2012-10-24T09:15:21.500,2318.6,4360,2318.2,5,0.0,0,0.0,0,0.0,0,0.0,0,2318.6,11,0.0,0,0.0,0,0.0,0,0.0,0
2012-10-24T09:15:22.000,2318.2,4368,2318.4,1,0.0,0,0.0,0,0.0,0,0.0,0,2318.6,1,0.0,0,0.0,0,0.0,0,0.0,0
2012-10-24T09:15:22.500,2318.4,4389,2318.4,3,0.0,0,0.0,0,0.0,0,0.0,0,2318.6,1,0.0,0,0.0,0,0.0,0,0.0,0
2012-10-24T09:15:23.000,2318.6,4402,2318.4,3,0.0,0,0.0,0,0.0,0,0.0,0,2318.6,19,0.0,0,0.0,0,0.0,0,0.0,0
2012-10-24T09:15:23.500,2318.4,4424,2318,37,0.0,0,0.0,0,0.0,0,0.0,0,2318.4,2,0.0,0,0.0,0,0.0,0,0.0,0
2012-10-24T09:15:24.000,2318.6,4437,2318.4,5,0.0,0,0.0,0,0.0,0,0.0,0,2318.6,4,0.0,0,0.0,0,0.0,0,0.0,0
2012-10-24T09:15:24.500,2318.6,4467,2318,31,0.0,0,0.0,0,0.0,0,0.0,0,2318.4,13,0.0,0,0.0,0,0.0,0,0.0,0
2012-10-24T09:15:25.000,2318.4,4479,2318,32,0.0,0,0.0,0,0.0,0,0.0,0,2318.4,6,0.0,0,0.0,0,0.0,0,0.0,0
2012-10-24T09:15:25.500,2318.2,4504,2318.4,4,0.0,0,0.0,0,0.0,0,0.0,0,2318.6,33,0.0,0,0.0,0,0.0,0,0.0,0
2012-10-24T09:15:26.000,2318.2,4514,2318,40,0.0,0,0.0,0,0.0,0,0.0,0,2318.4,12,0.0,0,0.0,0,0.0,0,0.0,0
2012-10-24T09:15:26.500,2318.8,4622,2318.2,10,0.0,0,0.0,0,0.0,0,0.0,0,2318.8,10,0.0,0,0.0,0,0.0,0,0.0,0
2012-10-24T09:15:27.000,2318.8,4637,2318.4,3,0.0,0,0.0,0,0.0,0,0.0,0,2318.8,15,0.0,0,0.0,0,0.0,0,0.0,0
2012-10-24T09:15:27.500,2318.4,4657,2318,48,0.0,0,0.0,0,0.0,0,0.0,0,2318.4,37,0.0,0,0.0,0,0.0,0,0.0,0
2012-10-24T09:15:28.000,2318.4,4667,2318,53,0.0,0,0.0,0,0.0,0,0.0,0,2318.4,29,0.0,0,0.0,0,0.0,0,0.0,0
2012-10-24T09:15:28.500,2318,4735,2317.8,17,0.0,0,0.0,0,0.0,0,0.0,0,2318,35,0.0,0,0.0,0,0.0,0,0.0,0
2012-10-24T09:15:29.000,2317.8,4772,2317.8,6,0.0,0,0.0,0,0.0,0,0.0,0,2318,12,0.0,0,0.0,0,0.0,0,0.0,0
2012-10-24T09:15:29.500,2318,4794,2317.6,20,0.0,0,0.0,0,0.0,0,0.0,0,2318,4,0.0,0,0.0,0,0.0,0,0.0,0
2012-10-24T09:15:30.000,2318.4,4898,2317.6,16,0.0,0,0.0,0,0.0,0,0.0,0,2318.2,1,0.0,0,0.0,0,0.0,0,0.0,0
2012-10-24T09:15:30.500,2318,4916,2317.8,12,0.0,0,0.0,0,0.0,0,0.0,0,2318.2,15,0.0,0,0.0,0,0.0,0,0.0,0
2012-10-24T09:15:31.000,2318,4929,2318,8,0.0,0,0.0,0,0.0,0,0.0,0,2318.2,18,0.0,0,0.0,0,0.0,0,0.0,0
2012-10-24T09:15:31.500,2318.2,4953,2318,3,0.0,0,0.0,0,0.0,0,0.0,0,2318.2,9,0.0,0,0.0,0,0.0,0,0.0,0
2012-10-24T09:15:32.000,2318,4969,2317.8,14,0.0,0,0.0,0,0.0,0,0.0,0,2318.2,3,0.0,0,0.0,0,0.0,0,0.0,0
2012-10-24T09:15:32.500,2317.8,4994,2318.2,1,0.0,0,0.0,0,0.0,0,0.0,0,2318.4,5,0.0,0,0.0,0,0.0,0,0.0,0
2012-10-24T09:15:33.000,2318.2,5001,2318.2,5,0.0,0,0.0,0,0.0,0,0.0,0,2318.4,4,0.0,0,0.0,0,0.0,0,0.0,0
2012-10-24T09:15:33.500,2318.2,5007,2318.2,25,0.0,0,0.0,0,0.0,0,0.0,0,2318.4,2,0.0,0,0.0,0,0.0,0,0.0,0
2012-10-24T09:15:34.000,2318.2,5035,2318.2,2,0.0,0,0.0,0,0.0,0,0.0,0,2318.6,9,0.0,0,0.0,0,0.0,0,0.0,0
2012-10-24T09:15:34.500,2318.2,5055,2318.2,2,0.0,0,0.0,0,0.0,0,0.0,0,2318.6,9,0.0,0,0.0,0,0.0,0,0.0,0
2012-10-24T09:15:35.000,2318.2,5059,2318.2,6,0.0,0,0.0,0,0.0,0,0.0,0,2318.6,32,0.0,0,0.0,0,0.0,0,0.0,0
2012-10-24T09:15:35.500,2318.4,5086,2318.4,3,0.0,0,0.0,0,0.0,0,0.0,0,2318.6,15,0.0,0,0.0,0,0.0,0,0.0,0
2012-10-24T09:15:36.000,2318.6,5119,2318.2,3,0.0,0,0.0,0,0.0,0,0.0,0,2318.6,4,0.0,0,0.0,0,0.0,0,0.0,0
2012-10-24T09:15:36.500,2318,5139,2317.8,11,0.0,0,0.0,0,0.0,0,0.0,0,2318,86,0.0,0,0.0,0,0.0,0,0.0,0
2012-10-24T09:15:37.000,2318,5168,2317.6,19,0.0,0,0.0,0,0.0,0,0.0,0,2318,78,0.0,0,0.0,0,0.0,0,0.0,0
2012-10-24T09:15:37.500,2317.8,5184,2317.6,19,0.0,0,0.0,0,0.0,0,0.0,0,2317.8,3,0.0,0,0.0,0,0.0,0,0.0,0
2012-10-24T09:15:38.000,2317.8,5203,2317.6,11,0.0,0,0.0,0,0.0,0,0.0,0,2317.8,2,0.0,0,0.0,0,0.0,0,0.0,0
2012-10-24T09:15:38.500,2318,5222,2317.6,14,0.0,0,0.0,0,0.0,0,0.0,0,2318,59,0.0,0,0.0,0,0.0,0,0.0,0
2012-10-24T09:15:39.000,2318,5274,2317.4,27,0.0,0,0.0,0,0.0,0,0.0,0,2317.6,1,0.0,0,0.0,0,0.0,0,0.0,0
2012-10-24T09:15:39.500,2318,5284,2317.8,21,0.0,0,0.0,0,0.0,0,0.0,0,2318,33,0.0,0,0.0,0,0.0,0,0.0,0
2012-10-24T09:15:40.000,2318,5291,2317.8,18,0.0,0,0.0,0,0.0,0,0.0,0,2318,34,0.0,0,0.0,0,0.0,0,0.0,0
2012-10-24T09:15:40.500,2317.8,5296,2317.8,14,0.0,0,0.0,0,0.0,0,0.0,0,2318,32,0.0,0,0.0,0,0.0,0,0.0,0
2012-10-24T09:15:41.000,2318,5304,2317.8,16,0.0,0,0.0,0,0.0,0,0.0,0,2318,28,0.0,0,0.0,0,0.0,0,0.0,0
2012-10-24T09:15:41.500,2318.2,5347,2317.8,15,0.0,0,0.0,0,0.0,0,0.0,0,2318.2,52,0.0,0,0.0,0,0.0,0,0.0,0
2012-10-24T09:15:42.000,2317.8,5387,2317.6,7,0.0,0,0.0,0,0.0,0,0.0,0,2317.8,17,0.0,0,0.0,0,0.0,0,0.0,0
2012-10-24T09:15:42.500,2318,5407,2318,17,0.0,0,0.0,0,0.0,0,0.0,0,2318.2,51,0.0,0,0.0,0,0.0,0,0.0,0
2012-10-24T09:15:43.000,2318.2,5422,2318,11,0.0,0,0.0,0,0.0,0,0.0,0,2318.2,44,0.0,0,0.0,0,0.0,0,0.0,0
2012-10-24T09:15:43.500,2318,5449,2317.8,6,0.0,0,0.0,0,0.0,0,0.0,0,2318,32,0.0,0,0.0,0,0.0,0,0.0,0
2012-10-24T09:15:44.000,2318,5457,2317.8,3,0.0,0,0.0,0,0.0,0,0.0,0,2318,49,0.0,0,0.0,0,0.0,0,0.0,0
2012-10-24T09:15:44.500,2317.8,5467,2317.6,22,0.0,0,0.0,0,0.0,0,0.0,0,2317.8,5,0.0,0,0.0,0,0.0,0,0.0,0
2012-10-24T09:15:45.000,2317.8,5469,2317.6,23,0.0,0,0.0,0,0.0,0,0.0,0,2317.8,3,0.0,0,0.0,0,0.0,0,0.0,0
2012-10-24T09:15:45.500,2317.8,5495,2317.6,17,0.0,0,0.0,0,0.0,0,0.0,0,2317.8,99,0.0,0,0.0,0,0.0,0,0.0,0
2012-10-24T09:15:46.000,2317.8,5499,2317.6,17,0.0,0,0.0,0,0.0,0,0.0,0,2317.8,97,0.0,0,0.0,0,0.0,0,0.0,0
2012-10-24T09:15:46.500,2317.6,5532,2317.4,16,0.0,0,0.0,0,0.0,0,0.0,0,2317.6,121,0.0,0,0.0,0,0.0,0,0.0,0
2012-10-24T09:15:47.000,2317.2,5600,2317.2,51,0.0,0,0.0,0,0.0,0,0.0,0,2317.4,29,0.0,0,0.0,0,0.0,0,0.0,0
2012-10-24T09:15:47.500,2317.4,5684,2317,103,0.0,0,0.0,0,0.0,0,0.0,0,2317.6,63,0.0,0,0.0,0,0.0,0,0.0,0
2012-10-24T09:15:48.000,2317.2,5702,2317,94,0.0,0,0.0,0,0.0,0,0.0,0,2317.2,1,0.0,0,0.0,0,0.0,0,0.0,0
2012-10-24T09:15:48.500,2317.2,5724,2317.2,9,0.0,0,0.0,0,0.0,0,0.0,0,2317.6,18,0.0,0,0.0,0,0.0,0,0.0,0
2012-10-24T09:15:49.000,2317.2,5752,2317.2,51,0.0,0,0.0,0,0.0,0,0.0,0,2317.4,1,0.0,0,0.0,0,0.0,0,0.0,0
2012-10-24T09:15:49.500,2317.4,5760,2317.4,49,0.0,0,0.0,0,0.0,0,0.0,0,2317.6,13,0.0,0,0.0,0,0.0,0,0.0,0
2012-10-24T09:15:50.000,2317.8,5778,2317.6,26,0.0,0,0.0,0,0.0,0,0.0,0,2317.8,106,0.0,0,0.0,0,0.0,0,0.0,0
2012-10-24T09:15:50.500,2317.6,5792,2317.6,26,0.0,0,0.0,0,0.0,0,0.0,0,2317.8,98,0.0,0,0.0,0,0.0,0,0.0,0
2012-10-24T09:15:51.000,2317.6,5799,2317.6,31,0.0,0,0.0,0,0.0,0,0.0,0,2317.8,96,0.0,0,0.0,0,0.0,0,0.0,0
2012-10-24T09:15:51.500,2317.8,5812,2317.6,35,0.0,0,0.0,0,0.0,0,0.0,0,2317.8,85,0.0,0,0.0,0,0.0,0,0.0,0
2012-10-24T09:15:52.000,2317.4,5871,2317.4,43,0.0,0,0.0,0,0.0,0,0.0,0,2317.8,65,0.0,0,0.0,0,0.0,0,0.0,0
2012-10-24T09:15:52.500,2317.8,5888,2317.6,2,0.0,0,0.0,0,0.0,0,0.0,0,2317.8,57,0.0,0,0.0,0,0.0,0,0.0,0
2012-10-24T09:15:53.000,2317.4,5899,2317.4,38,0.0,0,0.0,0,0.0,0,0.0,0,2317.6,10,0.0,0,0.0,0,0.0,0,0.0,0
2012-10-24T09:15:53.500,2317.4,5903,2317.4,36,0.0,0,0.0,0,0.0,0,0.0,0,2317.6,12,0.0,0,0.0,0,0.0,0,0.0,0
2012-10-24T09:15:54.000,2317.6,5925,2317.4,26,0.0,0,0.0,0,0.0,0,0.0,0,2317.6,8,0.0,0,0.0,0,0.0,0,0.0,0
2012-10-24T09:15:54.500,2317.6,5940,2317.4,28,0.0,0,0.0,0,0.0,0,0.0,0,2317.6,1,0.0,0,0.0,0,0.0,0,0.0,0
2012-10-24T09:15:55.000,2317.4,5949,2317.6,1,0.0,0,0.0,0,0.0,0,0.0,0,2317.8,56,0.0,0,0.0,0,0.0,0,0.0,0
2012-10-24T09:15:55.500,2317.6,5983,2317.2,58,0.0,0,0.0,0,0.0,0,0.0,0,2317.4,3,0.0,0,0.0,0,0.0,0,0.0,0
2012-10-24T09:15:56.000,2317.6,6074,2317.6,9,0.0,0,0.0,0,0.0,0,0.0,0,2317.8,2,0.0,0,0.0,0,0.0,0,0.0,0
2012-10-24T09:15:56.500,2318,6104,2317.8,2,0.0,0,0.0,0,0.0,0,0.0,0,2318,66,0.0,0,0.0,0,0.0,0,0.0,0
2012-10-24T09:15:57.000,2317.6,6117,2317.4,18,0.0,0,0.0,0,0.0,0,0.0,0,2317.6,5,0.0,0,0.0,0,0.0,0,0.0,0
2012-10-24T09:15:57.500,2317.6,6132,2317.6,33,0.0,0,0.0,0,0.0,0,0.0,0,2317.8,2,0.0,0,0.0,0,0.0,0,0.0,0
2012-10-24T09:15:58.000,2317.8,6145,2317.6,22,0.0,0,0.0,0,0.0,0,0.0,0,2318,67,0.0,0,0.0,0,0.0,0,0.0,0
2012-10-24T09:15:58.500,2317.8,6154,2317.8,84,0.0,0,0.0,0,0.0,0,0.0,0,2318,70,0.0,0,0.0,0,0.0,0,0.0,0
2012-10-24T09:15:59.000,2318,6183,2317.8,83,0.0,0,0.0,0,0.0,0,0.0,0,2318,51,0.0,0,0.0,0,0.0,0,0.0,0
2012-10-24T09:15:59.500,2318,6211,2317.8,84,0.0,0,0.0,0,0.0,0,0.0,0,2318,31,0.0,0,0.0,0,0.0,0,0.0,0
2012-10-24T09:16:00.000,2318,6231,2317.8,80,0.0,0,0.0,0,0.0,0,0.0,0,2318,17,0.0,0,0.0,0,0.0,0,0.0,0
2012-10-24T09:16:00.500,2318,6304,2318,1,0.0,0,0.0,0,0.0,0,0.0,0,2318.2,24,0.0,0,0.0,0,0.0,0,0.0,0
2012-10-24T09:16:01.000,2318,6321,2318,4,0.0,0,0.0,0,0.0,0,0.0,0,2318.2,21,0.0,0,0.0,0,0.0,0,0.0,0
2012-10-24T09:16:01.500,2318.2,6329,2317.8,53,0.0,0,0.0,0,0.0,0,0.0,0,2318.2,25,0.0,0,0.0,0,0.0,0,0.0,0
2012-10-24T09:16:02.000,2318,6364,2317.8,28,0.0,0,0.0,0,0.0,0,0.0,0,2318,19,0.0,0,0.0,0,0.0,0,0.0,0
2012-10-24T09:16:02.500,2317.8,6380,2317.8,28,0.0,0,0.0,0,0.0,0,0.0,0,2318,8,0.0,0,0.0,0,0.0,0,0.0,0
2012-10-24T09:16:03.000,2317.8,6422,2317.6,11,0.0,0,0.0,0,0.0,0,0.0,0,2317.8,2,0.0,0,0.0,0,0.0,0,0.0,0
2012-10-24T09:16:03.500,2318,6431,2317.8,2,0.0,0,0.0,0,0.0,0,0.0,0,2318,24,0.0,0,0.0,0,0.0,0,0.0,0
2012-10-24T09:16:04.000,2317.8,6438,2317.6,9,0.0,0,0.0,0,0.0,0,0.0,0,2317.8,2,0.0,0,0.0,0,0.0,0,0.0,0
2012-10-24T09:16:04.500,2317.6,6459,2317.6,2,0.0,0,0.0,0,0.0,0,0.0,0,2317.8,1,0.0,0,0.0,0,0.0,0,0.0,0
2012-10-24T09:16:05.000,2317.4,6472,2317.4,26,0.0,0,0.0,0,0.0,0,0.0,0,2317.6,9,0.0,0,0.0,0,0.0,0,0.0,0
2012-10-24T09:16:05.500,2317.8,6483,2317.4,27,0.0,0,0.0,0,0.0,0,0.0,0,2317.8,4,0.0,0,0.0,0,0.0,0,0.0,0
2012-10-24T09:16:06.000,2317.6,6495,2317.4,24,0.0,0,0.0,0,0.0,0,0.0,0,2317.6,1,0.0,0,0.0,0,0.0,0,0.0,0
2012-10-24T09:16:06.500,2317.6,6501,2317.4,21,0.0,0,0.0,0,0.0,0,0.0,0,2317.6,101,0.0,0,0.0,0,0.0,0,0.0,0
2012-10-24T09:16:07.000,2317.4,6535,2317.2,102,0.0,0,0.0,0,0.0,0,0.0,0,2317.4,9,0.0,0,0.0,0,0.0,0,0.0,0
2012-10-24T09:16:07.500,2317.2,6632,2317.2,18,0.0,0,0.0,0,0.0,0,0.0,0,2317.4,19,0.0,0,0.0,0,0.0,0,0.0,0
2012-10-24T09:16:08.000,2317.2,6657,2317.2,3,0.0,0,0.0,0,0.0,0,0.0,0,2317.4,9,0.0,0,0.0,0,0.0,0,0.0,0
2012-10-24T09:16:08.500,2317.2,6669,2317,100,0.0,0,0.0,0,0.0,0,0.0,0,2317.2,8,0.0,0,0.0,0,0.0,0,0.0,0
2012-10-24T09:16:09.000,2317.4,6682,2317.4,3,0.0,0,0.0,0,0.0,0,0.0,0,2317.6,93,0.0,0,0.0,0,0.0,0,0.0,0
2012-10-24T09:16:09.500,2317.2,6696,2317.2,6,0.0,0,0.0,0,0.0,0,0.0,0,2317.4,4,0.0,0,0.0,0,0.0,0,0.0,0
2012-10-24T09:16:10.000,2317.2,6708,2317.2,11,0.0,0,0.0,0,0.0,0,0.0,0,2317.4,2,0.0,0,0.0,0,0.0,0,0.0,0
2012-10-24T09:16:10.500,2317.2,6714,2317.2,7,0.0,0,0.0,0,0.0,0,0.0,0,2317.4,1,0.0,0,0.0,0,0.0,0,0.0,0
2012-10-24T09:16:11.000,2317.6,6724,2317.2,17,0.0,0,0.0,0,0.0,0,0.0,0,2317.6,88,0.0,0,0.0,0,0.0,0,0.0,0
2012-10-24T09:16:11.500,2317.6,6807,2317.4,1,0.0,0,0.0,0,0.0,0,0.0,0,2317.6,6,0.0,0,0.0,0,0.0,0,0.0,0
2012-10-24T09:16:12.000,2317.2,6867,2317.2,1,0.0,0,0.0,0,0.0,0,0.0,0,2318,16,0.0,0,0.0,0,0.0,0,0.0,0
2012-10-24T09:16:12.500,2317.8,6875,2317.4,7,0.0,0,0.0,0,0.0,0,0.0,0,2317.8,2,0.0,0,0.0,0,0.0,0,0.0,0
2012-10-24T09:16:13.000,2317.6,6940,2317.6,4,0.0,0,0.0,0,0.0,0,0.0,0,2317.8,20,0.0,0,0.0,0,0.0,0,0.0,0
2012-10-24T09:16:13.500,2317.8,6944,2317.6,3,0.0,0,0.0,0,0.0,0,0.0,0,2317.8,22,0.0,0,0.0,0,0.0,0,0.0,0
2012-10-24T09:16:14.000,2317.6,6948,2317.4,4,0.0,0,0.0,0,0.0,0,0.0,0,2317.8,23,0.0,0,0.0,0,0.0,0,0.0,0
2012-10-24T09:16:14.500,2317.8,6949,2317.6,5,0.0,0,0.0,0,0.0,0,0.0,0,2317.8,24,0.0,0,0.0,0,0.0,0,0.0,0
2012-10-24T09:16:15.000,2317.8,6951,2317.6,7,0.0,0,0.0,0,0.0,0,0.0,0,2317.8,23,0.0,0,0.0,0,0.0,0,0.0,0
2012-10-24T09:16:15.500,2317.6,6964,2317.4,11,0.0,0,0.0,0,0.0,0,0.0,0,2317.6,8,0.0,0,0.0,0,0.0,0,0.0,0
2012-10-24T09:16:16.000,2317.4,6973,2317.4,4,0.0,0,0.0,0,0.0,0,0.0,0,2317.6,10,0.0,0,0.0,0,0.0,0,0.0,0
2012-10-24T09:16:16.500,2317.2,6980,2317.2,14,0.0,0,0.0,0,0.0,0,0.0,0,2317.6,25,0.0,0,0.0,0,0.0,0,0.0,0
2012-10-24T09:16:17.000,2317.6,6988,2317.2,14,0.0,0,0.0,0,0.0,0,0.0,0,2317.6,24,0.0,0,0.0,0,0.0,0,0.0,0
2012-10-24T09:16:17.500,2317.2,6992,2317.2,13,0.0,0,0.0,0,0.0,0,0.0,0,2317.4,7,0.0,0,0.0,0,0.0,0,0.0,0
2012-10-24T09:16:18.000,2317.2,6996,2317.2,13,0.0,0,0.0,0,0.0,0,0.0,0,2317.4,6,0.0,0,0.0,0,0.0,0,0.0,0
2012-10-24T09:16:18.500,2317.6,7004,2317.4,2,0.0,0,0.0,0,0.0,0,0.0,0,2317.6,30,0.0,0,0.0,0,0.0,0,0.0,0
2012-10-24T09:16:19.000,2317.6,7010,2317.4,1,0.0,0,0.0,0,0.0,0,0.0,0,2317.6,24,0.0,0,0.0,0,0.0,0,0.0,0
2012-10-24T09:16:19.500,2317.6,7019,2317.2,13,0.0,0,0.0,0,0.0,0,0.0,0,2317.4,25,0.0,0,0.0,0,0.0,0,0.0,0
2012-10-24T09:16:20.000,2317.2,7029,2317.2,10,0.0,0,0.0,0,0.0,0,0.0,0,2317.4,22,0.0,0,0.0,0,0.0,0,0.0,0
2012-10-24T09:16:20.500,2317.4,7036,2317.2,20,0.0,0,0.0,0,0.0,0,0.0,0,2317.4,17,0.0,0,0.0,0,0.0,0,0.0,0
2012-10-24T09:16:21.000,2317.2,7042,2317.2,19,0.0,0,0.0,0,0.0,0,0.0,0,2317.4,33,0.0,0,0.0,0,0.0,0,0.0,0
2012-10-24T09:16:21.500,2317.2,7064,2317,116,0.0,0,0.0,0,0.0,0,0.0,0,2317.4,31,0.0,0,0.0,0,0.0,0,0.0,0
2012-10-24T09:16:22.000,2317.2,7069,2317,116,0.0,0,0.0,0,0.0,0,0.0,0,2317.2,20,0.0,0,0.0,0,0.0,0,0.0,0
2012-10-24T09:16:22.500,2317.2,7074,2317,126,0.0,0,0.0,0,0.0,0,0.0,0,2317.2,30,0.0,0,0.0,0,0.0,0,0.0,0
2012-10-24T09:16:23.000,2317,7078,2317,125,0.0,0,0.0,0,0.0,0,0.0,0,2317.2,30,0.0,0,0.0,0,0.0,0,0.0,0
2012-10-24T09:16:23.500,2317.2,7096,2317,116,0.0,0,0.0,0,0.0,0,0.0,0,2317.2,21,0.0,0,0.0,0,0.0,0,0.0,0
2012-10-24T09:16:24.000,2317,7111,2317,107,0.0,0,0.0,0,0.0,0,0.0,0,2317.2,11,0.0,0,0.0,0,0.0,0,0.0,0
2012-10-24T09:16:24.500,2317,7116,2317,104,0.0,0,0.0,0,0.0,0,0.0,0,2317.2,24,0.0,0,0.0,0,0.0,0,0.0,0
2012-10-24T09:16:25.000,2317,7134,2317,95,0.0,0,0.0,0,0.0,0,0.0,0,2317.2,16,0.0,0,0.0,0,0.0,0,0.0,0
2012-10-24T09:16:25.500,2317,7168,2317,88,0.0,0,0.0,0,0.0,0,0.0,0,2317.4,32,0.0,0,0.0,0,0.0,0,0.0,0
2012-10-24T09:16:26.000,2317,7172,2317,89,0.0,0,0.0,0,0.0,0,0.0,0,2317.2,1,0.0,0,0.0,0,0.0,0,0.0,0
2012-10-24T09:16:26.500,2317,7183,2317.2,1,0.0,0,0.0,0,0.0,0,0.0,0,2317.4,29,0.0,0,0.0,0,0.0,0,0.0,0
2012-10-24T09:16:27.000,2317.2,7201,2317.2,6,0.0,0,0.0,0,0.0,0,0.0,0,2317.4,16,0.0,0,0.0,0,0.0,0,0.0,0
2012-10-24T09:16:27.500,2317.2,7221,2317.2,26,0.0,0,0.0,0,0.0,0,0.0,0,2317.4,4,0.0,0,0.0,0,0.0,0,0.0,0
2012-10-24T09:16:28.000,2317.4,7252,2317.4,20,0.0,0,0.0,0,0.0,0,0.0,0,2317.6,41,0.0,0,0.0,0,0.0,0,0.0,0
2012-10-24T09:16:28.500,2317.6,7253,2317.4,21,0.0,0,0.0,0,0.0,0,0.0,0,2317.6,39,0.0,0,0.0,0,0.0,0,0.0,0
2012-10-24T09:16:29.000,2317.6,7264,2317.4,15,0.0,0,0.0,0,0.0,0,0.0,0,2317.6,37,0.0,0,0.0,0,0.0,0,0.0,0
2012-10-24T09:16:29.500,2317.4,7273,2317.4,10,0.0,0,0.0,0,0.0,0,0.0,0,2317.6,34,0.0,0,0.0,0,0.0,0,0.0,0
2012-10-24T09:16:30.000,2317.4,7280,2317.4,10,0.0,0,0.0,0,0.0,0,0.0,0,2317.6,28,0.0,0,0.0,0,0.0,0,0.0,0
2012-10-24T09:16:30.500,2317.4,7290,2317.4,3,0.0,0,0.0,0,0.0,0,0.0,0,2317.6,19,0.0,0,0.0,0,0.0,0,0.0,0
2012-10-24T09:16:31.000,2317.6,7293,2317.4,8,0.0,0,0.0,0,0.0,0,0.0,0,2317.6,13,0.0,0,0.0,0,0.0,0,0.0,0
2012-10-24T09:16:31.500,2317.4,7322,2317.6,1,0.0,0,0.0,0,0.0,0,0.0,0,2317.8,33,0.0,0,0.0,0,0.0,0,0.0,0
2012-10-24T09:16:32.000,2317.4,7324,2317.4,7,0.0,0,0.0,0,0.0,0,0.0,0,2317.8,33,0.0,0,0.0,0,0.0,0,0.0,0
2012-10-24T09:16:32.500,2317.4,7326,2317.4,8,0.0,0,0.0,0,0.0,0,0.0,0,2317.6,8,0.0,0,0.0,0,0.0,0,0.0,0
2012-10-24T09:16:33.000,2317.6,7336,2317.6,13,0.0,0,0.0,0,0.0,0,0.0,0,2317.8,33,0.0,0,0.0,0,0.0,0,0.0,0
2012-10-24T09:16:33.500,2317.8,7337,2317.6,14,0.0,0,0.0,0,0.0,0,0.0,0,2317.8,55,0.0,0,0.0,0,0.0,0,0.0,0
2012-10-24T09:16:34.000,2317.8,7347,2317.6,15,0.0,0,0.0,0,0.0,0,0.0,0,2317.8,45,0.0,0,0.0,0,0.0,0,0.0,0
2012-10-24T09:16:34.500,2317.6,7365,2317.6,14,0.0,0,0.0,0,0.0,0,0.0,0,2317.8,41,0.0,0,0.0,0,0.0,0,0.0,0
2012-10-24T09:16:35.000,2317.8,7379,2317.6,18,0.0,0,0.0,0,0.0,0,0.0,0,2317.8,27,0.0,0,0.0,0,0.0,0,0.0,0
2012-10-24T09:16:35.500,2317.6,7387,2317.6,11,0.0,0,0.0,0,0.0,0,0.0,0,2317.8,27,0.0,0,0.0,0,0.0,0,0.0,0
2012-10-24T09:16:36.000,2317.8,7390,2317.6,10,0.0,0,0.0,0,0.0,0,0.0,0,2317.8,25,0.0,0,0.0,0,0.0,0,0.0,0
2012-10-24T09:16:36.500,2317.6,7399,2317.6,16,0.0,0,0.0,0,0.0,0,0.0,0,2317.8,21,0.0,0,0.0,0,0.0,0,0.0,0
2012-10-24T09:16:37.000,2317.6,7403,2317.6,22,0.0,0,0.0,0,0.0,0,0.0,0,2317.8,19,0.0,0,0.0,0,0.0,0,0.0,0
2012-10-24T09:16:37.500,2317.6,7405,2317.6,26,0.0,0,0.0,0,0.0,0,0.0,0,2317.8,29,0.0,0,0.0,0,0.0,0,0.0,0
2012-10-24T09:16:38.000,2317.8,7435,2317.8,7,0.0,0,0.0,0,0.0,0,0.0,0,2318,127,0.0,0,0.0,0,0.0,0,0.0,0
2012-10-24T09:16:38.500,2318,7452,2317.8,1,0.0,0,0.0,0,0.0,0,0.0,0,2318,122,0.0,0,0.0,0,0.0,0,0.0,0
2012-10-24T09:16:39.000,2318,7477,2317.8,3,0.0,0,0.0,0,0.0,0,0.0,0,2318,91,0.0,0,0.0,0,0.0,0,0.0,0
2012-10-24T09:16:39.500,2317.8,7501,2317.8,2,0.0,0,0.0,0,0.0,0,0.0,0,2318,73,0.0,0,0.0,0,0.0,0,0.0,0
2012-10-24T09:16:40.000,2318,7516,2317.8,3,0.0,0,0.0,0,0.0,0,0.0,0,2318,60,0.0,0,0.0,0,0.0,0,0.0,0
2012-10-24T09:16:40.500,2317.8,7548,2317.6,28,0.0,0,0.0,0,0.0,0,0.0,0,2317.8,74,0.0,0,0.0,0,0.0,0,0.0,0
2012-10-24T09:16:41.000,2317.8,7593,2317.6,8,0.0,0,0.0,0,0.0,0,0.0,0,2317.8,51,0.0,0,0.0,0,0.0,0,0.0,0
2012-10-24T09:16:41.500,2317.8,7649,2317.6,12,0.0,0,0.0,0,0.0,0,0.0,0,2317.8,7,0.0,0,0.0,0,0.0,0,0.0,0
2012-10-24T09:16:42.000,2317.8,7667,2317.8,18,0.0,0,0.0,0,0.0,0,0.0,0,2318,57,0.0,0,0.0,0,0.0,0,0.0,0
2012-10-24T09:16:42.500,2317.8,7697,2317.8,1,0.0,0,0.0,0,0.0,0,0.0,0,2318,48,0.0,0,0.0,0,0.0,0,0.0,0
2012-10-24T09:16:43.000,2317.8,7701,2317.6,10,0.0,0,0.0,0,0.0,0,0.0,0,2317.8,1,0.0,0,0.0,0,0.0,0,0.0,0
2012-10-24T09:16:43.500,2318,7710,2317.8,1,0.0,0,0.0,0,0.0,0,0.0,0,2318,55,0.0,0,0.0,0,0.0,0,0.0,0
2012-10-24T09:16:44.000,2317.8,7711,2317.8,2,0.0,0,0.0,0,0.0,0,0.0,0,2318,81,0.0,0,0.0,0,0.0,0,0.0,0
2012-10-24T09:16:44.500,2318,7766,2317.6,11,0.0,0,0.0,0,0.0,0,0.0,0,2318,33,0.0,0,0.0,0,0.0,0,0.0,0
2012-10-24T09:16:45.000,2317.8,7768,2317.8,9,0.0,0,0.0,0,0.0,0,0.0,0,2318,33,0.0,0,0.0,0,0.0,0,0.0,0
2012-10-24T09:16:45.500,2318,7801,2317.8,17,0.0,0,0.0,0,0.0,0,0.0,0,2318.2,60,0.0,0,0.0,0,0.0,0,0.0,0
2012-10-24T09:16:46.000,2318.2,7806,2318,7,0.0,0,0.0,0,0.0,0,0.0,0,2318.2,56,0.0,0,0.0,0,0.0,0,0.0,0
2012-10-24T09:16:46.500,2318.2,7809,2318,17,0.0,0,0.0,0,0.0,0,0.0,0,2318.2,55,0.0,0,0.0,0,0.0,0,0.0,0
2012-10-24T09:16:47.000,2318.2,7838,2317.8,19,0.0,0,0.0,0,0.0,0,0.0,0,2318.2,50,0.0,0,0.0,0,0.0,0,0.0,0
2012-10-24T09:16:47.500,2317.8,7856,2317.8,5,0.0,0,0.0,0,0.0,0,0.0,0,2318,3,0.0,0,0.0,0,0.0,0,0.0,0
2012-10-24T09:16:48.000,2318.2,7864,2317.8,5,0.0,0,0.0,0,0.0,0,0.0,0,2318.2,49,0.0,0,0.0,0,0.0,0,0.0,0
2012-10-24T09:16:48.500,2318,7870,2318,1,0.0,0,0.0,0,0.0,0,0.0,0,2318.2,49,0.0,0,0.0,0,0.0,0,0.0,0
2012-10-24T09:16:49.000,2317.8,7885,2317.6,69,0.0,0,0.0,0,0.0,0,0.0,0,2317.8,18,0.0,0,0.0,0,0.0,0,0.0,0
2012-10-24T09:16:49.500,2317.8,7891,2317.6,70,0.0,0,0.0,0,0.0,0,0.0,0,2317.8,12,0.0,0,0.0,0,0.0,0,0.0,0
2012-10-24T09:16:50.000,2318.2,7953,2317.6,69,0.0,0,0.0,0,0.0,0,0.0,0,2318.2,30,0.0,0,0.0,0,0.0,0,0.0,0
2012-10-24T09:16:50.500,2318.2,7959,2317.8,19,0.0,0,0.0,0,0.0,0,0.0,0,2318.2,24,0.0,0,0.0,0,0.0,0,0.0,0
2012-10-24T09:16:51.000,2318.2,7964,2317.8,30,0.0,0,0.0,0,0.0,0,0.0,0,2318,1,0.0,0,0.0,0,0.0,0,0.0,0
2012-10-24T09:16:51.500,2317.8,7977,2318,9,0.0,0,0.0,0,0.0,0,0.0,0,2318.2,18,0.0,0,0.0,0,0.0,0,0.0,0
2012-10-24T09:16:52.000,2318,7994,2318,7,0.0,0,0.0,0,0.0,0,0.0,0,2318.2,3,0.0,0,0.0,0,0.0,0,0.0,0
2012-10-24T09:16:52.500,2318,7996,2318,7,0.0,0,0.0,0,0.0,0,0.0,0,2318.2,3,0.0,0,0.0,0,0.0,0,0.0,0
2012-10-24T09:16:53.000,2318.2,7997,2318,7,0.0,0,0.0,0,0.0,0,0.0,0,2318.2,2,0.0,0,0.0,0,0.0,0,0.0,0
2012-10-24T09:16:53.500,2318.2,8003,2318.2,1,0.0,0,0.0,0,0.0,0,0.0,0,2318.4,34,0.0,0,0.0,0,0.0,0,0.0,0
2012-10-24T09:16:54.000,2318.2,8004,2318.2,5,0.0,0,0.0,0,0.0,0,0.0,0,2318.4,34,0.0,0,0.0,0,0.0,0,0.0,0
2012-10-24T09:16:54.500,2318.4,8013,2318.2,1,0.0,0,0.0,0,0.0,0,0.0,0,2318.4,30,0.0,0,0.0,0,0.0,0,0.0,0
2012-10-24T09:16:55.000,2318.4,8016,2318.2,1,0.0,0,0.0,0,0.0,0,0.0,0,2318.4,29,0.0,0,0.0,0,0.0,0,0.0,0
2012-10-24T09:16:55.500,2318.4,8022,2318,23,0.0,0,0.0,0,0.0,0,0.0,0,2318.4,24,0.0,0,0.0,0,0.0,0,0.0,0
2012-10-24T09:16:56.000,2318.4,8025,2318,24,0.0,0,0.0,0,0.0,0,0.0,0,2318.2,2,0.0,0,0.0,0,0.0,0,0.0,0
2012-10-24T09:16:56.500,2318.4,8029,2318,24,0.0,0,0.0,0,0.0,0,0.0,0,2318.4,22,0.0,0,0.0,0,0.0,0,0.0,0
2012-10-24T09:16:57.000,2318.4,8040,2318,21,0.0,0,0.0,0,0.0,0,0.0,0,2318.4,19,0.0,0,0.0,0,0.0,0,0.0,0
2012-10-24T09:16:57.500,2318.4,8047,2318,27,0.0,0,0.0,0,0.0,0,0.0,0,2318.4,14,0.0,0,0.0,0,0.0,0,0.0,0
2012-10-24T09:16:58.000,2318.2,8073,2318,28,0.0,0,0.0,0,0.0,0,0.0,0,2318.6,68,0.0,0,0.0,0,0.0,0,0.0,0
2012-10-24T09:16:58.500,2318.2,8076,2318,27,0.0,0,0.0,0,0.0,0,0.0,0,2318.4,29,0.0,0,0.0,0,0.0,0,0.0,0
2012-10-24T09:16:59.000,2318.4,8080,2318.2,2,0.0,0,0.0,0,0.0,0,0.0,0,2318.4,25,0.0,0,0.0,0,0.0,0,0.0,0
2012-10-24T09:16:59.500,2318.2,8082,2318.2,2,0.0,0,0.0,0,0.0,0,0.0,0,2318.4,26,0.0,0,0.0,0,0.0,0,0.0,0
2012-10-24T09:17:00.000,2318.2,8092,2318.2,1,0.0,0,0.0,0,0.0,0,0.0,0,2318.4,24,0.0,0,0.0,0,0.0,0,0.0,0
2012-10-24T09:17:00.500,2318,8096,2318,33,0.0,0,0.0,0,0.0,0,0.0,0,2318.2,7,0.0,0,0.0,0,0.0,0,0.0,0
2012-10-24T09:17:01.000,2318,8110,2318,27,0.0,0,0.0,0,0.0,0,0.0,0,2318.2,1,0.0,0,0.0,0,0.0,0,0.0,0
2012-10-24T09:17:01.500,2318.2,8118,2318,31,0.0,0,0.0,0,0.0,0,0.0,0,2318.2,7,0.0,0,0.0,0,0.0,0,0.0,0
2012-10-24T09:17:02.000,2318.2,8122,2318,30,0.0,0,0.0,0,0.0,0,0.0,0,2318.2,10,0.0,0,0.0,0,0.0,0,0.0,0
2012-10-24T09:17:02.500,2318.2,8126,2318,31,0.0,0,0.0,0,0.0,0,0.0,0,2318.2,9,0.0,0,0.0,0,0.0,0,0.0,0
2012-10-24T09:17:03.000,2318.2,8127,2318,31,0.0,0,0.0,0,0.0,0,0.0,0,2318.2,9,0.0,0,0.0,0,0.0,0,0.0,0
2012-10-24T09:17:03.500,2318.2,8129,2318,35,0.0,0,0.0,0,0.0,0,0.0,0,2318.2,7,0.0,0,0.0,0,0.0,0,0.0,0
2012-10-24T09:17:04.250,2318,8130,2318,34,0.0,0,0.0,0,0.0,0,0.0,0,2318.2,7,0.0,0,0.0,0,0.0,0,0.0,0
2012-10-24T09:17:05.000,2318.2,8131,2318,36,0.0,0,0.0,0,0.0,0,0.0,0,2318.2,8,0.0,0,0.0,0,0.0,0,0.0,0
2012-10-24T09:17:05.500,2318,8142,2318,27,0.0,0,0.0,0,0.0,0,0.0,0,2318.2,9,0.0,0,0.0,0,0.0,0,0.0,0
2012-10-24T09:17:06.000,2318.2,8143,2318,27,0.0,0,0.0,0,0.0,0,0.0,0,2318.2,9,0.0,0,0.0,0,0.0,0,0.0,0
2012-10-24T09:17:06.500,2318.2,8154,2318,38,0.0,0,0.0,0,0.0,0,0.0,0,2318.4,53,0.0,0,0.0,0,0.0,0,0.0,0
2012-10-24T09:17:07.250,2318.2,8160,2318.2,5,0.0,0,0.0,0,0.0,0,0.0,0,2318.4,53,0.0,0,0.0,0,0.0,0,0.0,0
2012-10-24T09:17:08.000,2318.2,8163,2318.2,6,0.0,0,0.0,0,0.0,0,0.0,0,2318.4,58,0.0,0,0.0,0,0.0,0,0.0,0
2012-10-24T09:17:08.500,2318.4,8175,2318.2,2,0.0,0,0.0,0,0.0,0,0.0,0,2318.4,51,0.0,0,0.0,0,0.0,0,0.0,0
2012-10-24T09:17:09.000,2318.2,8183,2318,44,0.0,0,0.0,0,0.0,0,0.0,0,2318.2,1,0.0,0,0.0,0,0.0,0,0.0,0
2012-10-24T09:17:09.500,2318.4,8189,2318,44,0.0,0,0.0,0,0.0,0,0.0,0,2318.4,53,0.0,0,0.0,0,0.0,0,0.0,0
2012-10-24T09:17:10.250,2318.2,8213,2318,25,0.0,0,0.0,0,0.0,0,0.0,0,2318.2,1,0.0,0,0.0,0,0.0,0,0.0,0
2012-10-24T09:17:11.000,2318.2,8215,2318.2,4,0.0,0,0.0,0,0.0,0,0.0,0,2318.4,53,0.0,0,0.0,0,0.0,0,0.0,0
2012-10-24T09:17:11.500,2318.2,8222,2318,28,0.0,0,0.0,0,0.0,0,0.0,0,2318.2,59,0.0,0,0.0,0,0.0,0,0.0,0
2012-10-24T09:17:12.000,2318.2,8246,2318,11,0.0,0,0.0,0,0.0,0,0.0,0,2318.2,55,0.0,0,0.0,0,0.0,0,0.0,0
2012-10-24T09:17:12.500,2318,8317,2318,8,0.0,0,0.0,0,0.0,0,0.0,0,2318.2,20,0.0,0,0.0,0,0.0,0,0.0,0
2012-10-24T09:17:13.000,2318,8327,2317.8,112,0.0,0,0.0,0,0.0,0,0.0,0,2318,20,0.0,0,0.0,0,0.0,0,0.0,0
2012-10-24T09:17:13.500,2317.8,8334,2317.8,106,0.0,0,0.0,0,0.0,0,0.0,0,2318,20,0.0,0,0.0,0,0.0,0,0.0,0
2012-10-24T09:17:14.000,2317.8,8362,2317.8,102,0.0,0,0.0,0,0.0,0,0.0,0,2318.2,24,0.0,0,0.0,0,0.0,0,0.0,0
2012-10-24T09:17:14.500,2317.8,8364,2318,12,0.0,0,0.0,0,0.0,0,0.0,0,2318.2,23,0.0,0,0.0,0,0.0,0,0.0,0
2012-10-24T09:17:15.000,2318.2,8365,2318,13,0.0,0,0.0,0,0.0,0,0.0,0,2318.2,22,0.0,0,0.0,0,0.0,0,0.0,0
2012-10-24T09:17:15.500,2318,8366,2318,27,0.0,0,0.0,0,0.0,0,0.0,0,2318.2,26,0.0,0,0.0,0,0.0,0,0.0,0
2012-10-24T09:17:16.000,2318.2,8393,2318.2,5,0.0,0,0.0,0,0.0,0,0.0,0,2318.4,55,0.0,0,0.0,0,0.0,0,0.0,0
2012-10-24T09:17:16.500,2318.2,8395,2318.2,3,0.0,0,0.0,0,0.0,0,0.0,0,2318.4,60,0.0,0,0.0,0,0.0,0,0.0,0
2012-10-24T09:17:17.000,2318.2,8407,2318.2,14,0.0,0,0.0,0,0.0,0,0.0,0,2318.4,50,0.0,0,0.0,0,0.0,0,0.0,0
2012-10-24T09:17:17.500,2318.4,8409,2318.2,25,0.0,0,0.0,0,0.0,0,0.0,0,2318.4,48,0.0,0,0.0,0,0.0,0,0.0,0
2012-10-24T09:17:18.000,2318.4,8439,2318.2,24,0.0,0,0.0,0,0.0,0,0.0,0,2318.4,19,0.0,0,0.0,0,0.0,0,0.0,0
2012-10-24T09:17:18.500,2318.4,8460,2318.4,15,0.0,0,0.0,0,0.0,0,0.0,0,2318.6,84,0.0,0,0.0,0,0.0,0,0.0,0
2012-10-24T09:17:19.000,2318.6,8464,2318.4,23,0.0,0,0.0,0,0.0,0,0.0,0,2318.6,81,0.0,0,0.0,0,0.0,0,0.0,0
2012-10-24T09:17:19.500,2318.4,8479,2318.4,17,0.0,0,0.0,0,0.0,0,0.0,0,2318.6,77,0.0,0,0.0,0,0.0,0,0.0,0
2012-10-24T09:17:20.000,2318.4,8489,2318.4,15,0.0,0,0.0,0,0.0,0,0.0,0,2318.6,69,0.0,0,0.0,0,0.0,0,0.0,0
2012-10-24T09:17:20.500,2318.6,8491,2318.4,15,0.0,0,0.0,0,0.0,0,0.0,0,2318.6,67,0.0,0,0.0,0,0.0,0,0.0,0
2012-10-24T09:17:21.000,2318.6,8498,2318.4,14,0.0,0,0.0,0,0.0,0,0.0,0,2318.6,63,0.0,0,0.0,0,0.0,0,0.0,0
2012-10-24T09:17:21.500,2318.4,8504,2318.4,10,0.0,0,0.0,0,0.0,0,0.0,0,2318.6,63,0.0,0,0.0,0,0.0,0,0.0,0
2012-10-24T09:17:22.250,2318.6,8513,2318.4,8,0.0,0,0.0,0,0.0,0,0.0,0,2318.6,55,0.0,0,0.0,0,0.0,0,0.0,0
2012-10-24T09:17:23.000,2318.2,8533,2318.2,78,0.0,0,0.0,0,0.0,0,0.0,0,2318.6,54,0.0,0,0.0,0,0.0,0,0.0,0
2012-10-24T09:17:23.500,2318.6,8548,2318.4,1,0.0,0,0.0,0,0.0,0,0.0,0,2318.6,49,0.0,0,0.0,0,0.0,0,0.0,0
2012-10-24T09:17:24.000,2318.2,8578,2318.2,55,0.0,0,0.0,0,0.0,0,0.0,0,2318.6,57,0.0,0,0.0,0,0.0,0,0.0,0
2012-10-24T09:17:24.500,2318.6,8580,2318.2,55,0.0,0,0.0,0,0.0,0,0.0,0,2318.6,56,0.0,0,0.0,0,0.0,0,0.0,0
2012-10-24T09:17:25.000,2318.6,8582,2318.2,55,0.0,0,0.0,0,0.0,0,0.0,0,2318.6,55,0.0,0,0.0,0,0.0,0,0.0,0
2012-10-24T09:17:25.500,2318.4,8583,2318.4,2,0.0,0,0.0,0,0.0,0,0.0,0,2318.6,55,0.0,0,0.0,0,0.0,0,0.0,0
2012-10-24T09:17:26.000,2318.6,8586,2318.4,1,0.0,0,0.0,0,0.0,0,0.0,0,2318.6,54,0.0,0,0.0,0,0.0,0,0.0,0
2012-10-24T09:17:26.500,2318.4,8596,2318.2,63,0.0,0,0.0,0,0.0,0,0.0,0,2318.4,5,0.0,0,0.0,0,0.0,0,0.0,0
2012-10-24T09:17:27.000,2318.4,8599,2318.2,63,0.0,0,0.0,0,0.0,0,0.0,0,2318.4,2,0.0,0,0.0,0,0.0,0,0.0,0
2012-10-24T09:17:27.500,2318.4,8603,2318.2,63,0.0,0,0.0,0,0.0,0,0.0,0,2318.4,6,0.0,0,0.0,0,0.0,0,0.0,0
2012-10-24T09:17:28.000,2318.6,8611,2318.4,2,0.0,0,0.0,0,0.0,0,0.0,0,2318.6,59,0.0,0,0.0,0,0.0,0,0.0,0
2012-10-24T09:17:28.500,2318.6,8616,2318.4,1,0.0,0,0.0,0,0.0,0,0.0,0,2318.6,55,0.0,0,0.0,0,0.0,0,0.0,0
2012-10-24T09:17:29.000,2318.6,8625,2318.4,13,0.0,0,0.0,0,0.0,0,0.0,0,2318.6,55,0.0,0,0.0,0,0.0,0,0.0,0
2012-10-24T09:17:29.500,2318.4,8626,2318.4,12,0.0,0,0.0,0,0.0,0,0.0,0,2318.6,56,0.0,0,0.0,0,0.0,0,0.0,0
2012-10-24T09:17:30.000,2318.6,8631,2318.4,40,0.0,0,0.0,0,0.0,0,0.0,0,2318.6,52,0.0,0,0.0,0,0.0,0,0.0,0
2012-10-24T09:17:30.500,2318.4,8640,2318.4,35,0.0,0,0.0,0,0.0,0,0.0,0,2318.6,51,0.0,0,0.0,0,0.0,0,0.0,0
2012-10-24T09:17:31.000,2318.4,8658,2318.4,34,0.0,0,0.0,0,0.0,0,0.0,0,2318.6,34,0.0,0,0.0,0,0.0,0,0.0,0
2012-10-24T09:17:31.500,2318.6,8665,2318.4,36,0.0,0,0.0,0,0.0,0,0.0,0,2318.6,28,0.0,0,0.0,0,0.0,0,0.0,0
2012-10-24T09:17:32.000,2318.6,8680,2318.4,36,0.0,0,0.0,0,0.0,0,0.0,0,2318.6,15,0.0,0,0.0,0,0.0,0,0.0,0
2012-10-24T09:17:32.500,2318.6,8683,2318.4,38,0.0,0,0.0,0,0.0,0,0.0,0,2318.6,14,0.0,0,0.0,0,0.0,0,0.0,0
2012-10-24T09:17:33.000,2318.6,8686,2318.4,41,0.0,0,0.0,0,0.0,0,0.0,0,2318.6,11,0.0,0,0.0,0,0.0,0,0.0,0
2012-10-24T09:17:33.500,2318.6,8697,2318.4,43,0.0,0,0.0,0,0.0,0,0.0,0,2318.6,1,0.0,0,0.0,0,0.0,0,0.0,0
2012-10-24T09:17:34.000,2318.6,8700,2318.6,2,0.0,0,0.0,0,0.0,0,0.0,0,2318.8,71,0.0,0,0.0,0,0.0,0,0.0,0
2012-10-24T09:17:34.500,2318.6,8756,2318.2,76,0.0,0,0.0,0,0.0,0,0.0,0,2318.4,5,0.0,0,0.0,0,0.0,0,0.0,0
2012-10-24T09:17:35.000,2318.6,8765,2318.6,13,0.0,0,0.0,0,0.0,0,0.0,0,2318.8,69,0.0,0,0.0,0,0.0,0,0.0,0
2012-10-24T09:17:35.500,2318.6,8780,2318.4,1,0.0,0,0.0,0,0.0,0,0.0,0,2318.6,19,0.0,0,0.0,0,0.0,0,0.0,0
2012-10-24T09:17:36.000,2318.6,8786,2318.4,14,0.0,0,0.0,0,0.0,0,0.0,0,2318.6,13,0.0,0,0.0,0,0.0,0,0.0,0
2012-10-24T09:17:36.500,2318.6,8789,2318.4,14,0.0,0,0.0,0,0.0,0,0.0,0,2318.6,11,0.0,0,0.0,0,0.0,0,0.0,0
2012-10-24T09:17:37.000,2318.6,8799,2318.4,14,0.0,0,0.0,0,0.0,0,0.0,0,2318.6,5,0.0,0,0.0,0,0.0,0,0.0,0
2012-10-24T09:17:37.500,2318.6,8802,2318.4,20,0.0,0,0.0,0,0.0,0,0.0,0,2318.6,9,0.0,0,0.0,0,0.0,0,0.0,0
2012-10-24T09:17:38.250,2318.4,8816,2318.4,12,0.0,0,0.0,0,0.0,0,0.0,0,2318.6,8,0.0,0,0.0,0,0.0,0,0.0,0
2012-10-24T09:17:39.000,2318.6,8822,2318.4,10,0.0,0,0.0,0,0.0,0,0.0,0,2318.6,6,0.0,0,0.0,0,0.0,0,0.0,0
2012-10-24T09:17:39.500,2318.6,8824,2318.4,17,0.0,0,0.0,0,0.0,0,0.0,0,2318.6,5,0.0,0,0.0,0,0.0,0,0.0,0
2012-10-24T09:17:40.000,2318.6,8827,2318.4,18,0.0,0,0.0,0,0.0,0,0.0,0,2318.6,3,0.0,0,0.0,0,0.0,0,0.0,0
2012-10-24T09:17:40.500,2318.6,8828,2318.4,22,0.0,0,0.0,0,0.0,0,0.0,0,2318.6,2,0.0,0,0.0,0,0.0,0,0.0,0
2012-10-24T09:17:41.000,2318.6,8833,2318.4,22,0.0,0,0.0,0,0.0,0,0.0,0,2318.6,1,0.0,0,0.0,0,0.0,0,0.0,0
2012-10-24T09:17:41.500,2318.6,8836,2318.4,31,0.0,0,0.0,0,0.0,0,0.0,0,2318.6,2,0.0,0,0.0,0,0.0,0,0.0,0
2012-10-24T09:17:42.000,2318.6,8842,2318.6,3,0.0,0,0.0,0,0.0,0,0.0,0,2318.8,74,0.0,0,0.0,0,0.0,0,0.0,0
2012-10-24T09:17:42.500,2318.8,8843,2318.6,48,0.0,0,0.0,0,0.0,0,0.0,0,2318.8,88,0.0,0,0.0,0,0.0,0,0.0,0
2012-10-24T09:17:43.000,2318.6,8853,2318.6,39,0.0,0,0.0,0,0.0,0,0.0,0,2318.8,88,0.0,0,0.0,0,0.0,0,0.0,0
2012-10-24T09:17:43.500,2318.8,8881,2318.6,40,0.0,0,0.0,0,0.0,0,0.0,0,2318.8,64,0.0,0,0.0,0,0.0,0,0.0,0
2012-10-24T09:17:44.000,2318.6,8899,2318.6,38,0.0,0,0.0,0,0.0,0,0.0,0,2318.8,48,0.0,0,0.0,0,0.0,0,0.0,0
2012-10-24T09:17:44.500,2318.6,8925,2318.6,30,0.0,0,0.0,0,0.0,0,0.0,0,2318.8,44,0.0,0,0.0,0,0.0,0,0.0,0
2012-10-24T09:17:45.000,2318.6,8957,2318.6,2,0.0,0,0.0,0,0.0,0,0.0,0,2318.8,40,0.0,0,0.0,0,0.0,0,0.0,0
2012-10-24T09:17:45.500,2318.6,8968,2318.6,7,0.0,0,0.0,0,0.0,0,0.0,0,2318.8,31,0.0,0,0.0,0,0.0,0,0.0,0
2012-10-24T09:17:46.000,2318.6,8980,2318.6,5,0.0,0,0.0,0,0.0,0,0.0,0,2318.8,31,0.0,0,0.0,0,0.0,0,0.0,0
2012-10-24T09:17:46.500,2318.8,8982,2318.6,40,0.0,0,0.0,0,0.0,0,0.0,0,2318.8,29,0.0,0,0.0,0,0.0,0,0.0,0
2012-10-24T09:17:47.000,2318.8,8988,2318.6,44,0.0,0,0.0,0,0.0,0,0.0,0,2318.8,28,0.0,0,0.0,0,0.0,0,0.0,0
2012-10-24T09:17:47.500,2318.8,8990,2318.6,52,0.0,0,0.0,0,0.0,0,0.0,0,2318.8,29,0.0,0,0.0,0,0.0,0,0.0,0
2012-10-24T09:17:48.000,2318.8,8992,2318.6,64,0.0,0,0.0,0,0.0,0,0.0,0,2318.8,37,0.0,0,0.0,0,0.0,0,0.0,0
2012-10-24T09:17:48.500,2318.6,8997,2318.6,64,0.0,0,0.0,0,0.0,0,0.0,0,2318.8,33,0.0,0,0.0,0,0.0,0,0.0,0
2012-10-24T09:17:49.000,2318.8,9032,2318.8,63,0.0,0,0.0,0,0.0,0,0.0,0,2319,104,0.0,0,0.0,0,0.0,0,0.0,0
2012-10-24T09:17:49.500,2318.8,9039,2318.8,98,0.0,0,0.0,0,0.0,0,0.0,0,2319,103,0.0,0,0.0,0,0.0,0,0.0,0
2012-10-24T09:17:50.000,2319,9068,2318.8,75,0.0,0,0.0,0,0.0,0,0.0,0,2319,76,0.0,0,0.0,0,0.0,0,0.0,0
2012-10-24T09:17:50.500,2319,9153,2318.8,68,0.0,0,0.0,0,0.0,0,0.0,0,2319.2,12,0.0,0,0.0,0,0.0,0,0.0,0
2012-10-24T09:17:51.000,2319,9156,2319,20,0.0,0,0.0,0,0.0,0,0.0,0,2319.2,11,0.0,0,0.0,0,0.0,0,0.0,0
2012-10-24T09:17:51.500,2319,9184,2319,74,0.0,0,0.0,0,0.0,0,0.0,0,2319.4,15,0.0,0,0.0,0,0.0,0,0.0,0
2012-10-24T09:17:52.000,2319.4,9206,2319.2,1,0.0,0,0.0,0,0.0,0,0.0,0,2319.4,7,0.0,0,0.0,0,0.0,0,0.0,0
2012-10-24T09:17:52.500,2319.4,9241,2319.2,3,0.0,0,0.0,0,0.0,0,0.0,0,2319.4,37,0.0,0,0.0,0,0.0,0,0.0,0
2012-10-24T09:17:53.000,2319.2,9270,2319,44,0.0,0,0.0,0,0.0,0,0.0,0,2319.2,4,0.0,0,0.0,0,0.0,0,0.0,0
2012-10-24T09:17:53.500,2319,9289,2319,29,0.0,0,0.0,0,0.0,0,0.0,0,2319.2,15,0.0,0,0.0,0,0.0,0,0.0,0
2012-10-24T09:17:54.000,2319,9317,2319,17,0.0,0,0.0,0,0.0,0,0.0,0,2319.2,14,0.0,0,0.0,0,0.0,0,0.0,0
2012-10-24T09:17:54.500,2319.2,9338,2319,6,0.0,0,0.0,0,0.0,0,0.0,0,2319.2,19,0.0,0,0.0,0,0.0,0,0.0,0
2012-10-24T09:17:55.000,2319,9355,2319,5,0.0,0,0.0,0,0.0,0,0.0,0,2319.2,6,0.0,0,0.0,0,0.0,0,0.0,0
2012-10-24T09:17:55.500,2319.2,9358,2319,5,0.0,0,0.0,0,0.0,0,0.0,0,2319.2,6,0.0,0,0.0,0,0.0,0,0.0,0
2012-10-24T09:17:56.000,2319.2,9371,2318.8,58,0.0,0,0.0,0,0.0,0,0.0,0,2319.2,3,0.0,0,0.0,0,0.0,0,0.0,0
2012-10-24T09:17:56.500,2319.2,9373,2319,4,0.0,0,0.0,0,0.0,0,0.0,0,2319.2,4,0.0,0,0.0,0,0.0,0,0.0,0
2012-10-24T09:17:57.000,2318.8,9383,2318.8,55,0.0,0,0.0,0,0.0,0,0.0,0,2319,18,0.0,0,0.0,0,0.0,0,0.0,0
2012-10-24T09:17:57.500,2319,9402,2318.8,41,0.0,0,0.0,0,0.0,0,0.0,0,2319,25,0.0,0,0.0,0,0.0,0,0.0,0
2012-10-24T09:17:58.000,2319,9411,2318.8,37,0.0,0,0.0,0,0.0,0,0.0,0,2319,20,0.0,0,0.0,0,0.0,0,0.0,0
2012-10-24T09:17:58.500,2319,9414,2318.8,37,0.0,0,0.0,0,0.0,0,0.0,0,2319,20,0.0,0,0.0,0,0.0,0,0.0,0
2012-10-24T09:17:59.000,2318.8,9431,2318.8,35,0.0,0,0.0,0,0.0,0,0.0,0,2319,9,0.0,0,0.0,0,0.0,0,0.0,0
2012-10-24T09:17:59.500,2318.8,9439,2318.8,44,0.0,0,0.0,0,0.0,0,0.0,0,2319,7,0.0,0,0.0,0,0.0,0,0.0,0
2012-10-24T09:18:00.000,2319,9453,2318.8,44,0.0,0,0.0,0,0.0,0,0.0,0,2319,14,0.0,0,0.0,0,0.0,0,0.0,0
2012-10-24T09:18:00.500,2318.8,9466,2318.8,36,0.0,0,0.0,0,0.0,0,0.0,0,2319,17,0.0,0,0.0,0,0.0,0,0.0,0
2012-10-24T09:18:01.000,2318.8,9502,2318.8,18,0.0,0,0.0,0,0.0,0,0.0,0,2319,10,0.0,0,0.0,0,0.0,0,0.0,0
2012-10-24T09:18:01.500,2318.8,9522,2318.8,3,0.0,0,0.0,0,0.0,0,0.0,0,2319,6,0.0,0,0.0,0,0.0,0,0.0,0
2012-10-24T09:18:02.000,2318.6,9547,2318.6,47,0.0,0,0.0,0,0.0,0,0.0,0,2318.8,36,0.0,0,0.0,0,0.0,0,0.0,0
2012-10-24T09:18:02.500,2318.6,9558,2318.6,38,0.0,0,0.0,0,0.0,0,0.0,0,2318.8,36,0.0,0,0.0,0,0.0,0,0.0,0
2012-10-24T09:18:03.000,2318.6,9561,2318.6,35,0.0,0,0.0,0,0.0,0,0.0,0,2318.8,37,0.0,0,0.0,0,0.0,0,0.0,0
2012-10-24T09:18:03.500,2318.6,9576,2318.6,28,0.0,0,0.0,0,0.0,0,0.0,0,2318.8,49,0.0,0,0.0,0,0.0,0,0.0,0
2012-10-24T09:18:04.000,2318.6,9583,2318.6,22,0.0,0,0.0,0,0.0,0,0.0,0,2318.8,51,0.0,0,0.0,0,0.0,0,0.0,0
2012-10-24T09:18:04.500,2318.8,9592,2318.6,18,0.0,0,0.0,0,0.0,0,0.0,0,2318.8,48,0.0,0,0.0,0,0.0,0,0.0,0
2012-10-24T09:18:05.000,2318.6,9604,2318.6,7,0.0,0,0.0,0,0.0,0,0.0,0,2318.8,48,0.0,0,0.0,0,0.0,0,0.0,0
2012-10-24T09:18:05.500,2318.6,9613,2318.4,16,0.0,0,0.0,0,0.0,0,0.0,0,2318.6,52,0.0,0,0.0,0,0.0,0,0.0,0
2012-10-24T09:18:06.000,2318.6,9623,2318.4,6,0.0,0,0.0,0,0.0,0,0.0,0,2318.6,61,0.0,0,0.0,0,0.0,0,0.0,0
2012-10-24T09:18:06.500,2318.4,9634,2318.2,66,0.0,0,0.0,0,0.0,0,0.0,0,2318.4,2,0.0,0,0.0,0,0.0,0,0.0,0
2012-10-24T09:18:07.000,2318.4,9650,2318.4,43,0.0,0,0.0,0,0.0,0,0.0,0,2318.6,60,0.0,0,0.0,0,0.0,0,0.0,0
2012-10-24T09:18:07.500,2318.4,9651,2318.4,45,0.0,0,0.0,0,0.0,0,0.0,0,2318.6,60,0.0,0,0.0,0,0.0,0,0.0,0
2012-10-24T09:18:08.000,2318.4,9660,2318.4,40,0.0,0,0.0,0,0.0,0,0.0,0,2318.6,58,0.0,0,0.0,0,0.0,0,0.0,0
2012-10-24T09:18:08.500,2318.6,9667,2318.4,43,0.0,0,0.0,0,0.0,0,0.0,0,2318.6,58,0.0,0,0.0,0,0.0,0,0.0,0
2012-10-24T09:18:09.000,2318.4,9669,2318.4,43,0.0,0,0.0,0,0.0,0,0.0,0,2318.6,58,0.0,0,0.0,0,0.0,0,0.0,0
2012-10-24T09:18:09.500,2318.6,9673,2318.4,40,0.0,0,0.0,0,0.0,0,0.0,0,2318.6,57,0.0,0,0.0,0,0.0,0,0.0,0
2012-10-24T09:18:10.000,2318.6,9678,2318.4,40,0.0,0,0.0,0,0.0,0,0.0,0,2318.6,53,0.0,0,0.0,0,0.0,0,0.0,0
2012-10-24T09:18:10.500,2318.4,9680,2318.4,38,0.0,0,0.0,0,0.0,0,0.0,0,2318.6,53,0.0,0,0.0,0,0.0,0,0.0,0
2012-10-24T09:18:11.000,2318.4,9685,2318.4,33,0.0,0,0.0,0,0.0,0,0.0,0,2318.6,53,0.0,0,0.0,0,0.0,0,0.0,0
2012-10-24T09:18:11.500,2318.4,9687,2318.4,31,0.0,0,0.0,0,0.0,0,0.0,0,2318.6,54,0.0,0,0.0,0,0.0,0,0.0,0
2012-10-24T09:18:12.000,2318.6,9694,2318.4,27,0.0,0,0.0,0,0.0,0,0.0,0,2318.6,51,0.0,0,0.0,0,0.0,0,0.0,0
2012-10-24T09:18:12.500,2318.6,9701,2318.4,28,0.0,0,0.0,0,0.0,0,0.0,0,2318.6,45,0.0,0,0.0,0,0.0,0,0.0,0
2012-10-24T09:18:13.000,2318.6,9732,2318.4,27,0.0,0,0.0,0,0.0,0,0.0,0,2318.6,15,0.0,0,0.0,0,0.0,0,0.0,0
2012-10-24T09:18:13.500,2318.6,9737,2318.4,24,0.0,0,0.0,0,0.0,0,0.0,0,2318.6,13,0.0,0,0.0,0,0.0,0,0.0,0
2012-10-24T09:18:14.000,2318.6,9743,2318.4,32,0.0,0,0.0,0,0.0,0,0.0,0,2318.6,7,0.0,0,0.0,0,0.0,0,0.0,0
2012-10-24T09:18:14.500,2318.6,9751,2318.6,5,0.0,0,0.0,0,0.0,0,0.0,0,2318.8,56,0.0,0,0.0,0,0.0,0,0.0,0
2012-10-24T09:18:16.000,2318.6,9752,2318.6,12,0.0,0,0.0,0,0.0,0,0.0,0,2318.8,57,0.0,0,0.0,0,0.0,0,0.0,0
2012-10-24T09:18:16.500,2318.8,9754,2318.6,12,0.0,0,0.0,0,0.0,0,0.0,0,2318.8,55,0.0,0,0.0,0,0.0,0,0.0,0
2012-10-24T09:18:17.000,2318.8,9755,2318.6,13,0.0,0,0.0,0,0.0,0,0.0,0,2318.8,55,0.0,0,0.0,0,0.0,0,0.0,0
2012-10-24T09:18:17.500,2318.6,9767,2318.6,1,0.0,0,0.0,0,0.0,0,0.0,0,2318.8,55,0.0,0,0.0,0,0.0,0,0.0,0
2012-10-24T09:18:18.000,2318.8,9770,2318.4,21,0.0,0,0.0,0,0.0,0,0.0,0,2318.8,53,0.0,0,0.0,0,0.0,0,0.0,0
2012-10-24T09:18:18.500,2318.8,9771,2318.6,1,0.0,0,0.0,0,0.0,0,0.0,0,2318.8,52,0.0,0,0.0,0,0.0,0,0.0,0
2012-10-24T09:18:19.000,2318.8,9775,2318.6,5,0.0,0,0.0,0,0.0,0,0.0,0,2318.8,48,0.0,0,0.0,0,0.0,0,0.0,0
2012-10-24T09:18:19.500,2318.6,9781,2318.6,1,0.0,0,0.0,0,0.0,0,0.0,0,2318.8,45,0.0,0,0.0,0,0.0,0,0.0,0
2012-10-24T09:18:20.000,2318.8,9792,2318.6,3,0.0,0,0.0,0,0.0,0,0.0,0,2318.8,36,0.0,0,0.0,0,0.0,0,0.0,0
2012-10-24T09:18:20.500,2318.6,9794,2318.6,3,0.0,0,0.0,0,0.0,0,0.0,0,2318.8,35,0.0,0,0.0,0,0.0,0,0.0,0
2012-10-24T09:18:21.000,2318.6,9796,2318.6,22,0.0,0,0.0,0,0.0,0,0.0,0,2318.8,36,0.0,0,0.0,0,0.0,0,0.0,0
2012-10-24T09:18:21.500,2318.6,9802,2318.6,19,0.0,0,0.0,0,0.0,0,0.0,0,2318.8,35,0.0,0,0.0,0,0.0,0,0.0,0
2012-10-24T09:18:22.000,2318.6,9814,2318.6,17,0.0,0,0.0,0,0.0,0,0.0,0,2318.8,32,0.0,0,0.0,0,0.0,0,0.0,0
2012-10-24T09:18:22.500,2318.6,9816,2318.6,15,0.0,0,0.0,0,0.0,0,0.0,0,2318.8,32,0.0,0,0.0,0,0.0,0,0.0,0
2012-10-24T09:18:23.000,2318.8,9822,2318.6,10,0.0,0,0.0,0,0.0,0,0.0,0,2318.8,31,0.0,0,0.0,0,0.0,0,0.0,0
2012-10-24T09:18:23.500,2318.6,9826,2318.6,6,0.0,0,0.0,0,0.0,0,0.0,0,2318.8,33,0.0,0,0.0,0,0.0,0,0.0,0
2012-10-24T09:18:24.250,2318.6,9830,2318.6,6,0.0,0,0.0,0,0.0,0,0.0,0,2318.8,30,0.0,0,0.0,0,0.0,0,0.0,0
2012-10-24T09:18:25.250,2318.6,9831,2318.6,13,0.0,0,0.0,0,0.0,0,0.0,0,2318.8,32,0.0,0,0.0,0,0.0,0,0.0,0
2012-10-24T09:18:26.000,2318.6,9842,2318.6,12,0.0,0,0.0,0,0.0,0,0.0,0,2318.8,22,0.0,0,0.0,0,0.0,0,0.0,0
2012-10-24T09:18:26.500,2318.6,9848,2318.6,6,0.0,0,0.0,0,0.0,0,0.0,0,2318.8,45,0.0,0,0.0,0,0.0,0,0.0,0
2012-10-24T09:18:27.000,2318.6,9849,2318.6,5,0.0,0,0.0,0,0.0,0,0.0,0,2318.8,45,0.0,0,0.0,0,0.0,0,0.0,0
2012-10-24T09:18:27.500,2318.6,9857,2318.6,5,0.0,0,0.0,0,0.0,0,0.0,0,2318.8,44,0.0,0,0.0,0,0.0,0,0.0,0
2012-10-24T09:18:28.000,2318.8,9876,2318.4,30,0.0,0,0.0,0,0.0,0,0.0,0,2318.6,4,0.0,0,0.0,0,0.0,0,0.0,0
2012-10-24T09:18:28.500,2318.8,9878,2318.4,37,0.0,0,0.0,0,0.0,0,0.0,0,2318.6,8,0.0,0,0.0,0,0.0,0,0.0,0
2012-10-24T09:18:29.000,2318.4,9883,2318.4,36,0.0,0,0.0,0,0.0,0,0.0,0,2318.6,6,0.0,0,0.0,0,0.0,0,0.0,0
2012-10-24T09:18:29.500,2318.4,9894,2318.4,25,0.0,0,0.0,0,0.0,0,0.0,0,2318.6,8,0.0,0,0.0,0,0.0,0,0.0,0
2012-10-24T09:18:30.000,2318.6,9908,2318.6,5,0.0,0,0.0,0,0.0,0,0.0,0,2318.8,33,0.0,0,0.0,0,0.0,0,0.0,0
2012-10-24T09:18:30.500,2318.6,9914,2318.4,24,0.0,0,0.0,0,0.0,0,0.0,0,2318.6,19,0.0,0,0.0,0,0.0,0,0.0,0
2012-10-24T09:18:31.250,2318.6,9918,2318.4,24,0.0,0,0.0,0,0.0,0,0.0,0,2318.6,16,0.0,0,0.0,0,0.0,0,0.0,0
2012-10-24T09:18:32.000,2318.6,9921,2318.4,27,0.0,0,0.0,0,0.0,0,0.0,0,2318.6,23,0.0,0,0.0,0,0.0,0,0.0,0
2012-10-24T09:18:32.500,2318.6,9933,2318.4,17,0.0,0,0.0,0,0.0,0,0.0,0,2318.6,21,0.0,0,0.0,0,0.0,0,0.0,0
2012-10-24T09:18:33.000,2318.4,9936,2318.4,14,0.0,0,0.0,0,0.0,0,0.0,0,2318.6,21,0.0,0,0.0,0,0.0,0,0.0,0
2012-10-24T09:18:33.500,2318.4,9939,2318.4,13,0.0,0,0.0,0,0.0,0,0.0,0,2318.6,21,0.0,0,0.0,0,0.0,0,0.0,0
2012-10-24T09:18:34.250,2318.4,9953,2318.2,74,0.0,0,0.0,0,0.0,0,0.0,0,2318.4,46,0.0,0,0.0,0,0.0,0,0.0,0
2012-10-24T09:18:35.000,2318.2,9954,2318.2,73,0.0,0,0.0,0,0.0,0,0.0,0,2318.4,50,0.0,0,0.0,0,0.0,0,0.0,0
2012-10-24T09:18:35.500,2318.2,9958,2318.2,71,0.0,0,0.0,0,0.0,0,0.0,0,2318.4,49,0.0,0,0.0,0,0.0,0,0.0,0
2012-10-24T09:18:36.000,2318.2,9964,2318.2,67,0.0,0,0.0,0,0.0,0,0.0,0,2318.4,47,0.0,0,0.0,0,0.0,0,0.0,0
2012-10-24T09:18:36.500,2318.2,9965,2318.2,66,0.0,0,0.0,0,0.0,0,0.0,0,2318.4,47,0.0,0,0.0,0,0.0,0,0.0,0
2012-10-24T09:18:37.000,2318.2,9966,2318.2,64,0.0,0,0.0,0,0.0,0,0.0,0,2318.4,47,0.0,0,0.0,0,0.0,0,0.0,0
2012-10-24T09:18:37.500,2318.2,9968,2318.2,63,0.0,0,0.0,0,0.0,0,0.0,0,2318.4,47,0.0,0,0.0,0,0.0,0,0.0,0
2012-10-24T09:18:38.000,2318.4,9979,2318.2,60,0.0,0,0.0,0,0.0,0,0.0,0,2318.4,39,0.0,0,0.0,0,0.0,0,0.0,0
2012-10-24T09:18:38.500,2318.2,9989,2318.2,53,0.0,0,0.0,0,0.0,0,0.0,0,2318.4,36,0.0,0,0.0,0,0.0,0,0.0,0
2012-10-24T09:18:39.000,2318.2,9990,2318.2,53,0.0,0,0.0,0,0.0,0,0.0,0,2318.4,36,0.0,0,0.0,0,0.0,0,0.0,0
2012-10-24T09:18:39.500,2318.4,9991,2318.2,53,0.0,0,0.0,0,0.0,0,0.0,0,2318.4,35,0.0,0,0.0,0,0.0,0,0.0,0
2012-10-24T09:18:40.000,2318.2,9994,2318.2,51,0.0,0,0.0,0,0.0,0,0.0,0,2318.4,35,0.0,0,0.0,0,0.0,0,0.0,0
2012-10-24T09:18:40.500,2318.2,9996,2318.2,50,0.0,0,0.0,0,0.0,0,0.0,0,2318.4,35,0.0,0,0.0,0,0.0,0,0.0,0
2012-10-24T09:18:41.000,2318.2,9997,2318.2,51,0.0,0,0.0,0,0.0,0,0.0,0,2318.4,35,0.0,0,0.0,0,0.0,0,0.0,0
2012-10-24T09:18:41.500,2318.2,10002,2318.2,46,0.0,0,0.0,0,0.0,0,0.0,0,2318.4,35,0.0,0,0.0,0,0.0,0,0.0,0
2012-10-24T09:18:42.250,2318.2,10003,2318.2,46,0.0,0,0.0,0,0.0,0,0.0,0,2318.4,41,0.0,0,0.0,0,0.0,0,0.0,0
2012-10-24T09:18:43.000,2318.4,10010,2318.2,46,0.0,0,0.0,0,0.0,0,0.0,0,2318.4,44,0.0,0,0.0,0,0.0,0,0.0,0
2012-10-24T09:18:43.500,2318.2,10014,2318.2,42,0.0,0,0.0,0,0.0,0,0.0,0,2318.4,57,0.0,0,0.0,0,0.0,0,0.0,0
2012-10-24T09:18:44.000,2318.2,10015,2318.2,41,0.0,0,0.0,0,0.0,0,0.0,0,2318.4,57,0.0,0,0.0,0,0.0,0,0.0,0
2012-10-24T09:18:44.500,2318.4,10035,2318.2,86,0.0,0,0.0,0,0.0,0,0.0,0,2318.4,52,0.0,0,0.0,0,0.0,0,0.0,0
2012-10-24T09:18:45.000,2318.2,10061,2318.2,60,0.0,0,0.0,0,0.0,0,0.0,0,2318.4,52,0.0,0,0.0,0,0.0,0,0.0,0
2012-10-24T09:18:45.500,2318.4,10079,2318.2,44,0.0,0,0.0,0,0.0,0,0.0,0,2318.4,52,0.0,0,0.0,0,0.0,0,0.0,0
2012-10-24T09:18:46.000,2318.2,10080,2318.2,48,0.0,0,0.0,0,0.0,0,0.0,0,2318.4,52,0.0,0,0.0,0,0.0,0,0.0,0
2012-10-24T09:18:46.500,2318.4,10084,2318.2,45,0.0,0,0.0,0,0.0,0,0.0,0,2318.4,51,0.0,0,0.0,0,0.0,0,0.0,0
2012-10-24T09:18:47.000,2318.2,10086,2318.2,46,0.0,0,0.0,0,0.0,0,0.0,0,2318.4,53,0.0,0,0.0,0,0.0,0,0.0,0
2012-10-24T09:18:47.500,2318.4,10087,2318.2,46,0.0,0,0.0,0,0.0,0,0.0,0,2318.4,53,0.0,0,0.0,0,0.0,0,0.0,0
2012-10-24T09:18:48.000,2318.4,10090,2318.2,45,0.0,0,0.0,0,0.0,0,0.0,0,2318.4,51,0.0,0,0.0,0,0.0,0,0.0,0
2012-10-24T09:18:48.500,2318.2,10095,2318.2,41,0.0,0,0.0,0,0.0,0,0.0,0,2318.4,51,0.0,0,0.0,0,0.0,0,0.0,0
2012-10-24T09:18:49.000,2318.4,10096,2318.2,41,0.0,0,0.0,0,0.0,0,0.0,0,2318.4,50,0.0,0,0.0,0,0.0,0,0.0,0
2012-10-24T09:18:49.500,2318.2,10099,2318.2,40,0.0,0,0.0,0,0.0,0,0.0,0,2318.4,50,0.0,0,0.0,0,0.0,0,0.0,0
2012-10-24T09:18:50.250,2318.2,10110,2318.2,38,0.0,0,0.0,0,0.0,0,0.0,0,2318.4,49,0.0,0,0.0,0,0.0,0,0.0,0
2012-10-24T09:18:51.000,2318.2,10112,2318.2,37,0.0,0,0.0,0,0.0,0,0.0,0,2318.4,48,0.0,0,0.0,0,0.0,0,0.0,0
2012-10-24T09:18:51.500,2318.2,10113,2318.2,36,0.0,0,0.0,0,0.0,0,0.0,0,2318.4,48,0.0,0,0.0,0,0.0,0,0.0,0
2012-10-24T09:18:52.000,2318.2,10114,2318.2,35,0.0,0,0.0,0,0.0,0,0.0,0,2318.4,48,0.0,0,0.0,0,0.0,0,0.0,0
2012-10-24T09:18:52.500,2318.2,10126,2318.2,32,0.0,0,0.0,0,0.0,0,0.0,0,2318.4,40,0.0,0,0.0,0,0.0,0,0.0,0
2012-10-24T09:18:53.000,2318.2,10127,2318.2,31,0.0,0,0.0,0,0.0,0,0.0,0,2318.4,44,0.0,0,0.0,0,0.0,0,0.0,0
2012-10-24T09:18:53.500,2318.2,10158,2318,119,0.0,0,0.0,0,0.0,0,0.0,0,2318.2,1,0.0,0,0.0,0,0.0,0,0.0,0
2012-10-24T09:18:54.250,2318.2,10159,2318,119,0.0,0,0.0,0,0.0,0,0.0,0,2318.2,25,0.0,0,0.0,0,0.0,0,0.0,0
2012-10-24T09:18:55.000,2318.2,10160,2318,120,0.0,0,0.0,0,0.0,0,0.0,0,2318.2,25,0.0,0,0.0,0,0.0,0,0.0,0
2012-10-24T09:18:55.500,2318.2,10166,2318,117,0.0,0,0.0,0,0.0,0,0.0,0,2318.2,28,0.0,0,0.0,0,0.0,0,0.0,0
2012-10-24T09:18:56.000,2318,10167,2318,118,0.0,0,0.0,0,0.0,0,0.0,0,2318.2,39,0.0,0,0.0,0,0.0,0,0.0,0
2012-10-24T09:18:56.500,2318,10201,2318,86,0.0,0,0.0,0,0.0,0,0.0,0,2318.2,37,0.0,0,0.0,0,0.0,0,0.0,0
2012-10-24T09:18:57.000,2318.2,10207,2318,82,0.0,0,0.0,0,0.0,0,0.0,0,2318.2,39,0.0,0,0.0,0,0.0,0,0.0,0
2012-10-24T09:18:57.500,2318,10228,2318,66,0.0,0,0.0,0,0.0,0,0.0,0,2318.2,40,0.0,0,0.0,0,0.0,0,0.0,0
2012-10-24T09:18:58.000,2318,10289,2318,5,0.0,0,0.0,0,0.0,0,0.0,0,2318.2,40,0.0,0,0.0,0,0.0,0,0.0,0
2012-10-24T09:18:58.500,2317.8,10318,2317.8,9,0.0,0,0.0,0,0.0,0,0.0,0,2318,14,0.0,0,0.0,0,0.0,0,0.0,0
2012-10-24T09:18:59.000,2317.8,10329,2317.8,1,0.0,0,0.0,0,0.0,0,0.0,0,2318,15,0.0,0,0.0,0,0.0,0,0.0,0
2012-10-24T09:18:59.500,2317.8,10333,2317.6,50,0.0,0,0.0,0,0.0,0,0.0,0,2317.8,4,0.0,0,0.0,0,0.0,0,0.0,0
2012-10-24T09:19:00.000,2317.8,10334,2317.6,52,0.0,0,0.0,0,0.0,0,0.0,0,2317.8,7,0.0,0,0.0,0,0.0,0,0.0,0
2012-10-24T09:19:00.500,2317.8,10345,2317.6,46,0.0,0,0.0,0,0.0,0,0.0,0,2317.8,9,0.0,0,0.0,0,0.0,0,0.0,0
2012-10-24T09:19:01.000,2317.8,10368,2317.6,33,0.0,0,0.0,0,0.0,0,0.0,0,2318,81,0.0,0,0.0,0,0.0,0,0.0,0
2012-10-24T09:19:01.500,2317.6,10388,2317.6,26,0.0,0,0.0,0,0.0,0,0.0,0,2318,68,0.0,0,0.0,0,0.0,0,0.0,0
2012-10-24T09:19:02.000,2317.6,10416,2317.4,36,0.0,0,0.0,0,0.0,0,0.0,0,2317.6,7,0.0,0,0.0,0,0.0,0,0.0,0
2012-10-24T09:19:02.500,2317.4,10431,2317.4,34,0.0,0,0.0,0,0.0,0,0.0,0,2318,67,0.0,0,0.0,0,0.0,0,0.0,0
2012-10-24T09:19:03.000,2317.6,10458,2317.4,13,0.0,0,0.0,0,0.0,0,0.0,0,2317.6,1,0.0,0,0.0,0,0.0,0,0.0,0
2012-10-24T09:19:03.500,2317.4,10471,2317.2,121,0.0,0,0.0,0,0.0,0,0.0,0,2317.4,1,0.0,0,0.0,0,0.0,0,0.0,0
2012-10-24T09:19:04.000,2317.4,10478,2317.2,121,0.0,0,0.0,0,0.0,0,0.0,0,2317.4,6,0.0,0,0.0,0,0.0,0,0.0,0
2012-10-24T09:19:04.500,2317.4,10481,2317.2,119,0.0,0,0.0,0,0.0,0,0.0,0,2317.4,6,0.0,0,0.0,0,0.0,0,0.0,0
2012-10-24T09:19:05.000,2317.2,10490,2317.2,114,0.0,0,0.0,0,0.0,0,0.0,0,2317.4,5,0.0,0,0.0,0,0.0,0,0.0,0
2012-10-24T09:19:05.500,2317.4,10502,2317.4,2,0.0,0,0.0,0,0.0,0,0.0,0,2317.6,18,0.0,0,0.0,0,0.0,0,0.0,0
2012-10-24T09:19:06.000,2317.4,10505,2317.2,113,0.0,0,0.0,0,0.0,0,0.0,0,2317.6,18,0.0,0,0.0,0,0.0,0,0.0,0
2012-10-24T09:19:06.500,2317.6,10513,2317.4,12,0.0,0,0.0,0,0.0,0,0.0,0,2317.6,18,0.0,0,0.0,0,0.0,0,0.0,0
2012-10-24T09:19:07.000,2317.4,10521,2317.4,5,0.0,0,0.0,0,0.0,0,0.0,0,2317.6,19,0.0,0,0.0,0,0.0,0,0.0,0
2012-10-24T09:19:07.500,2317.4,10543,2317.2,118,0.0,0,0.0,0,0.0,0,0.0,0,2317.4,18,0.0,0,0.0,0,0.0,0,0.0,0
2012-10-24T09:19:08.000,2317.2,10555,2317.2,111,0.0,0,0.0,0,0.0,0,0.0,0,2317.4,17,0.0,0,0.0,0,0.0,0,0.0,0
2012-10-24T09:19:08.500,2317.2,10658,2317.2,14,0.0,0,0.0,0,0.0,0,0.0,0,2317.4,153,0.0,0,0.0,0,0.0,0,0.0,0
2012-10-24T09:19:09.000,2317.4,10692,2317,109,0.0,0,0.0,0,0.0,0,0.0,0,2317.2,7,0.0,0,0.0,0,0.0,0,0.0,0
2012-10-24T09:19:09.500,2317,10826,2316.8,54,0.0,0,0.0,0,0.0,0,0.0,0,2317,11,0.0,0,0.0,0,0.0,0,0.0,0
2012-10-24T09:19:10.000,2316.8,10853,2316.8,36,0.0,0,0.0,0,0.0,0,0.0,0,2317,15,0.0,0,0.0,0,0.0,0,0.0,0
2012-10-24T09:19:10.500,2316.8,10884,2316.8,22,0.0,0,0.0,0,0.0,0,0.0,0,2317,13,0.0,0,0.0,0,0.0,0,0.0,0
2012-10-24T09:19:11.000,2316.8,10899,2316.8,27,0.0,0,0.0,0,0.0,0,0.0,0,2317,3,0.0,0,0.0,0,0.0,0,0.0,0
2012-10-24T09:19:11.500,2317,10917,2317,15,0.0,0,0.0,0,0.0,0,0.0,0,2317.2,11,0.0,0,0.0,0,0.0,0,0.0,0
2012-10-24T09:19:12.000,2316.8,10939,2316.8,11,0.0,0,0.0,0,0.0,0,0.0,0,2317,12,0.0,0,0.0,0,0.0,0,0.0,0
2012-10-24T09:19:12.500,2316.8,10951,2316.8,3,0.0,0,0.0,0,0.0,0,0.0,0,2317,19,0.0,0,0.0,0,0.0,0,0.0,0
2012-10-24T09:19:13.000,2316.8,10962,2316.6,21,0.0,0,0.0,0,0.0,0,0.0,0,2316.8,10,0.0,0,0.0,0,0.0,0,0.0,0
2012-10-24T09:19:13.500,2316.6,10986,2316.6,15,0.0,0,0.0,0,0.0,0,0.0,0,2316.8,1,0.0,0,0.0,0,0.0,0,0.0,0
2012-10-24T09:19:14.000,2316.6,11004,2316.4,12,0.0,0,0.0,0,0.0,0,0.0,0,2316.8,6,0.0,0,0.0,0,0.0,0,0.0,0
2012-10-24T09:19:14.500,2316.6,11023,2316.4,8,0.0,0,0.0,0,0.0,0,0.0,0,2316.6,25,0.0,0,0.0,0,0.0,0,0.0,0
2012-10-24T09:19:15.000,2316.4,11074,2316.2,151,0.0,0,0.0,0,0.0,0,0.0,0,2316.4,11,0.0,0,0.0,0,0.0,0,0.0,0
2012-10-24T09:19:15.500,2316.2,11079,2316.2,163,0.0,0,0.0,0,0.0,0,0.0,0,2316.4,116,0.0,0,0.0,0,0.0,0,0.0,0
2012-10-24T09:19:16.000,2316.2,11109,2316.2,149,0.0,0,0.0,0,0.0,0,0.0,0,2316.4,99,0.0,0,0.0,0,0.0,0,0.0,0
2012-10-24T09:19:16.500,2316.2,11155,2316.2,124,0.0,0,0.0,0,0.0,0,0.0,0,2316.4,86,0.0,0,0.0,0,0.0,0,0.0,0
2012-10-24T09:19:17.000,2316.2,11176,2316.2,107,0.0,0,0.0,0,0.0,0,0.0,0,2316.4,83,0.0,0,0.0,0,0.0,0,0.0,0
2012-10-24T09:19:17.500,2316.2,11232,2316.2,97,0.0,0,0.0,0,0.0,0,0.0,0,2316.4,48,0.0,0,0.0,0,0.0,0,0.0,0
2012-10-24T09:19:18.000,2316.4,11273,2316.2,72,0.0,0,0.0,0,0.0,0,0.0,0,2316.4,37,0.0,0,0.0,0,0.0,0,0.0,0
2012-10-24T09:19:18.500,2316.2,11367,2316.2,33,0.0,0,0.0,0,0.0,0,0.0,0,2316.6,2,0.0,0,0.0,0,0.0,0,0.0,0
2012-10-24T09:19:19.000,2316.6,11401,2316.4,22,0.0,0,0.0,0,0.0,0,0.0,0,2316.8,11,0.0,0,0.0,0,0.0,0,0.0,0
2012-10-24T09:19:19.500,2316.6,11420,2316.6,17,0.0,0,0.0,0,0.0,0,0.0,0,2316.8,20,0.0,0,0.0,0,0.0,0,0.0,0
2012-10-24T09:19:20.000,2316.6,11434,2316.6,15,0.0,0,0.0,0,0.0,0,0.0,0,2316.8,21,0.0,0,0.0,0,0.0,0,0.0,0
2012-10-24T09:19:20.500,2316.8,11447,2316.6,42,0.0,0,0.0,0,0.0,0,0.0,0,2316.8,20,0.0,0,0.0,0,0.0,0,0.0,0
2012-10-24T09:19:21.000,2316.8,11455,2316.6,36,0.0,0,0.0,0,0.0,0,0.0,0,2316.8,22,0.0,0,0.0,0,0.0,0,0.0,0
2012-10-24T09:19:21.500,2316.6,11462,2316.6,35,0.0,0,0.0,0,0.0,0,0.0,0,2316.8,29,0.0,0,0.0,0,0.0,0,0.0,0
2012-10-24T09:19:22.000,2316.8,11490,2316.6,28,0.0,0,0.0,0,0.0,0,0.0,0,2316.8,12,0.0,0,0.0,0,0.0,0,0.0,0
2012-10-24T09:19:22.500,2316.6,11505,2316.8,4,0.0,0,0.0,0,0.0,0,0.0,0,2317,15,0.0,0,0.0,0,0.0,0,0.0,0
2012-10-24T09:19:23.000,2317,11517,2316.8,2,0.0,0,0.0,0,0.0,0,0.0,0,2317,14,0.0,0,0.0,0,0.0,0,0.0,0
2012-10-24T09:19:23.500,2316.8,11521,2316.8,7,0.0,0,0.0,0,0.0,0,0.0,0,2317,12,0.0,0,0.0,0,0.0,0,0.0,0
2012-10-24T09:19:24.000,2317,11528,2316.8,10,0.0,0,0.0,0,0.0,0,0.0,0,2317,9,0.0,0,0.0,0,0.0,0,0.0,0
2012-10-24T09:19:24.500,2316.8,11538,2316.8,16,0.0,0,0.0,0,0.0,0,0.0,0,2317,7,0.0,0,0.0,0,0.0,0,0.0,0
2012-10-24T09:19:25.000,2317,11553,2317,12,0.0,0,0.0,0,0.0,0,0.0,0,2317.2,17,0.0,0,0.0,0,0.0,0,0.0,0
2012-10-24T09:19:25.500,2317,11570,2317,6,0.0,0,0.0,0,0.0,0,0.0,0,2317.2,9,0.0,0,0.0,0,0.0,0,0.0,0
2012-10-24T09:19:26.000,2316.8,11586,2316.8,3,0.0,0,0.0,0,0.0,0,0.0,0,2317,2,0.0,0,0.0,0,0.0,0,0.0,0
2012-10-24T09:19:26.500,2317,11598,2317,22,0.0,0,0.0,0,0.0,0,0.0,0,2317.2,2,0.0,0,0.0,0,0.0,0,0.0,0
2012-10-24T09:19:27.000,2317,11605,2317,18,0.0,0,0.0,0,0.0,0,0.0,0,2317.2,9,0.0,0,0.0,0,0.0,0,0.0,0
2012-10-24T09:19:27.500,2317,11625,2317,9,0.0,0,0.0,0,0.0,0,0.0,0,2317.4,120,0.0,0,0.0,0,0.0,0,0.0,0
2012-10-24T09:19:28.000,2317.4,11629,2317,7,0.0,0,0.0,0,0.0,0,0.0,0,2317.2,32,0.0,0,0.0,0,0.0,0,0.0,0
2012-10-24T09:19:28.500,2317,11639,2316.8,31,0.0,0,0.0,0,0.0,0,0.0,0,2317,2,0.0,0,0.0,0,0.0,0,0.0,0
2012-10-24T09:19:29.000,2317,11644,2316.8,31,0.0,0,0.0,0,0.0,0,0.0,0,2317,1,0.0,0,0.0,0,0.0,0,0.0,0
2012-10-24T09:19:29.500,2317.2,11681,2316.8,42,0.0,0,0.0,0,0.0,0,0.0,0,2317.2,3,0.0,0,0.0,0,0.0,0,0.0,0
2012-10-24T09:19:30.000,2317.2,11694,2316.8,35,0.0,0,0.0,0,0.0,0,0.0,0,2317,1,0.0,0,0.0,0,0.0,0,0.0,0
2012-10-24T09:19:30.500,2317.2,11701,2317,7,0.0,0,0.0,0,0.0,0,0.0,0,2317.2,1,0.0,0,0.0,0,0.0,0,0.0,0
2012-10-24T09:19:31.000,2317.2,11702,2317,8,0.0,0,0.0,0,0.0,0,0.0,0,2317.2,1,0.0,0,0.0,0,0.0,0,0.0,0
2012-10-24T09:19:31.500,2317.2,11708,2317.2,2,0.0,0,0.0,0,0.0,0,0.0,0,2317.4,120,0.0,0,0.0,0,0.0,0,0.0,0
2012-10-24T09:19:32.000,2317.2,11712,2317,28,0.0,0,0.0,0,0.0,0,0.0,0,2317.2,2,0.0,0,0.0,0,0.0,0,0.0,0
2012-10-24T09:19:32.500,2317.2,11716,2317,28,0.0,0,0.0,0,0.0,0,0.0,0,2317.2,2,0.0,0,0.0,0,0.0,0,0.0,0
2012-10-24T09:19:33.000,2317.2,11722,2317,31,0.0,0,0.0,0,0.0,0,0.0,0,2317.4,122,0.0,0,0.0,0,0.0,0,0.0,0
2012-10-24T09:19:33.500,2317,11724,2317,34,0.0,0,0.0,0,0.0,0,0.0,0,2317.4,121,0.0,0,0.0,0,0.0,0,0.0,0
2012-10-24T09:19:34.000,2317.4,11730,2317.2,3,0.0,0,0.0,0,0.0,0,0.0,0,2317.4,117,0.0,0,0.0,0,0.0,0,0.0,0
2012-10-24T09:19:34.500,2317.2,11733,2317.2,1,0.0,0,0.0,0,0.0,0,0.0,0,2317.4,117,0.0,0,0.0,0,0.0,0,0.0,0
2012-10-24T09:19:35.000,2317.2,11735,2317,37,0.0,0,0.0,0,0.0,0,0.0,0,2317.2,2,0.0,0,0.0,0,0.0,0,0.0,0
2012-10-24T09:19:35.500,2317,11741,2317,35,0.0,0,0.0,0,0.0,0,0.0,0,2317.2,1,0.0,0,0.0,0,0.0,0,0.0,0
2012-10-24T09:19:36.000,2317.2,11745,2317,34,0.0,0,0.0,0,0.0,0,0.0,0,2317.2,1,0.0,0,0.0,0,0.0,0,0.0,0
2012-10-24T09:19:36.500,2317,11749,2317,32,0.0,0,0.0,0,0.0,0,0.0,0,2317.4,117,0.0,0,0.0,0,0.0,0,0.0,0
2012-10-24T09:19:37.000,2317,11751,2317.2,1,0.0,0,0.0,0,0.0,0,0.0,0,2317.4,117,0.0,0,0.0,0,0.0,0,0.0,0
2012-10-24T09:19:37.500,2317.2,11752,2317,34,0.0,0,0.0,0,0.0,0,0.0,0,2317.4,118,0.0,0,0.0,0,0.0,0,0.0,0
2012-10-24T09:19:38.000,2317.2,11753,2317,34,0.0,0,0.0,0,0.0,0,0.0,0,2317.4,118,0.0,0,0.0,0,0.0,0,0.0,0
2012-10-24T09:19:38.500,2317,11761,2317,28,0.0,0,0.0,0,0.0,0,0.0,0,2317.2,2,0.0,0,0.0,0,0.0,0,0.0,0
2012-10-24T09:19:39.000,2317,11762,2317,27,0.0,0,0.0,0,0.0,0,0.0,0,2317.2,2,0.0,0,0.0,0,0.0,0,0.0,0
2012-10-24T09:19:39.500,2317.2,11763,2317,27,0.0,0,0.0,0,0.0,0,0.0,0,2317.2,4,0.0,0,0.0,0,0.0,0,0.0,0
2012-10-24T09:19:40.000,2317,11765,2317,26,0.0,0,0.0,0,0.0,0,0.0,0,2317.2,3,0.0,0,0.0,0,0.0,0,0.0,0
2012-10-24T09:19:40.500,2317.2,11767,2317,28,0.0,0,0.0,0,0.0,0,0.0,0,2317.2,1,0.0,0,0.0,0,0.0,0,0.0,0
2012-10-24T09:19:41.000,2317.2,11776,2317,23,0.0,0,0.0,0,0.0,0,0.0,0,2317.2,1,0.0,0,0.0,0,0.0,0,0.0,0
2012-10-24T09:19:41.500,2317.2,11778,2317,23,0.0,0,0.0,0,0.0,0,0.0,0,2317.2,3,0.0,0,0.0,0,0.0,0,0.0,0
2012-10-24T09:19:42.000,2317,11780,2317,25,0.0,0,0.0,0,0.0,0,0.0,0,2317.2,3,0.0,0,0.0,0,0.0,0,0.0,0
2012-10-24T09:19:42.500,2317.2,11784,2317.2,2,0.0,0,0.0,0,0.0,0,0.0,0,2317.4,118,0.0,0,0.0,0,0.0,0,0.0,0
2012-10-24T09:19:43.000,2317.2,11785,2317.2,5,0.0,0,0.0,0,0.0,0,0.0,0,2317.4,118,0.0,0,0.0,0,0.0,0,0.0,0
2012-10-24T09:19:43.500,2317.2,11790,2317,33,0.0,0,0.0,0,0.0,0,0.0,0,2317.2,1,0.0,0,0.0,0,0.0,0,0.0,0
2012-10-24T09:19:44.000,2317,11794,2317,32,0.0,0,0.0,0,0.0,0,0.0,0,2317.4,117,0.0,0,0.0,0,0.0,0,0.0,0
2012-10-24T09:19:44.500,2317,11797,2317,31,0.0,0,0.0,0,0.0,0,0.0,0,2317.2,63,0.0,0,0.0,0,0.0,0,0.0,0
2012-10-24T09:19:45.000,2317.2,11798,2317,37,0.0,0,0.0,0,0.0,0,0.0,0,2317.2,62,0.0,0,0.0,0,0.0,0,0.0,0
2012-10-24T09:19:45.500,2317,11836,2316.8,29,0.0,0,0.0,0,0.0,0,0.0,0,2317,2,0.0,0,0.0,0,0.0,0,0.0,0
2012-10-24T09:19:46.000,2316.8,11842,2316.8,27,0.0,0,0.0,0,0.0,0,0.0,0,2317,21,0.0,0,0.0,0,0.0,0,0.0,0
2012-10-24T09:19:46.500,2317,11855,2316.8,15,0.0,0,0.0,0,0.0,0,0.0,0,2317,30,0.0,0,0.0,0,0.0,0,0.0,0
2012-10-24T09:19:47.000,2316.8,11858,2316.8,13,0.0,0,0.0,0,0.0,0,0.0,0,2317,33,0.0,0,0.0,0,0.0,0,0.0,0
2012-10-24T09:19:47.500,2316.8,11869,2316.8,3,0.0,0,0.0,0,0.0,0,0.0,0,2317,32,0.0,0,0.0,0,0.0,0,0.0,0
2012-10-24T09:19:48.000,2316.8,11872,2316.8,1,0.0,0,0.0,0,0.0,0,0.0,0,2317,33,0.0,0,0.0,0,0.0,0,0.0,0
2012-10-24T09:19:48.500,2317,11873,2316.8,1,0.0,0,0.0,0,0.0,0,0.0,0,2317,43,0.0,0,0.0,0,0.0,0,0.0,0
2012-10-24T09:19:49.000,2316.8,11879,2316.6,15,0.0,0,0.0,0,0.0,0,0.0,0,2316.8,1,0.0,0,0.0,0,0.0,0,0.0,0
2012-10-24T09:19:49.500,2316.6,11892,2316.6,9,0.0,0,0.0,0,0.0,0,0.0,0,2316.8,6,0.0,0,0.0,0,0.0,0,0.0,0
2012-10-24T09:19:50.000,2316.8,11904,2316.6,1,0.0,0,0.0,0,0.0,0,0.0,0,2316.8,15,0.0,0,0.0,0,0.0,0,0.0,0
2012-10-24T09:19:50.500,2316.8,11918,2316.6,1,0.0,0,0.0,0,0.0,0,0.0,0,2316.8,2,0.0,0,0.0,0,0.0,0,0.0,0
2012-10-24T09:19:51.000,2316.6,11923,2316.6,23,0.0,0,0.0,0,0.0,0,0.0,0,2316.8,42,0.0,0,0.0,0,0.0,0,0.0,0
2012-10-24T09:19:51.500,2316.6,11929,2316.6,19,0.0,0,0.0,0,0.0,0,0.0,0,2316.8,40,0.0,0,0.0,0,0.0,0,0.0,0
2012-10-24T09:19:52.000,2316.8,11941,2316.6,18,0.0,0,0.0,0,0.0,0,0.0,0,2316.8,32,0.0,0,0.0,0,0.0,0,0.0,0
2012-10-24T09:19:52.500,2316.6,11949,2316.6,14,0.0,0,0.0,0,0.0,0,0.0,0,2316.8,29,0.0,0,0.0,0,0.0,0,0.0,0
2012-10-24T09:19:53.000,2316.6,11978,2316.6,22,0.0,0,0.0,0,0.0,0,0.0,0,2316.8,2,0.0,0,0.0,0,0.0,0,0.0,0
2012-10-24T09:19:53.500,2316.6,11985,2316.6,22,0.0,0,0.0,0,0.0,0,0.0,0,2316.8,4,0.0,0,0.0,0,0.0,0,0.0,0
2012-10-24T09:19:54.000,2316.8,12001,2316.8,5,0.0,0,0.0,0,0.0,0,0.0,0,2317,34,0.0,0,0.0,0,0.0,0,0.0,0
2012-10-24T09:19:54.500,2317,12026,2316.8,7,0.0,0,0.0,0,0.0,0,0.0,0,2317,33,0.0,0,0.0,0,0.0,0,0.0,0
2012-10-24T09:19:55.000,2317,12039,2316.8,4,0.0,0,0.0,0,0.0,0,0.0,0,2317,25,0.0,0,0.0,0,0.0,0,0.0,0
2012-10-24T09:19:55.500,2316.6,12052,2316.6,5,0.0,0,0.0,0,0.0,0,0.0,0,2316.8,1,0.0,0,0.0,0,0.0,0,0.0,0
2012-10-24T09:19:56.000,2316.4,12076,2316.4,27,0.0,0,0.0,0,0.0,0,0.0,0,2316.8,18,0.0,0,0.0,0,0.0,0,0.0,0
2012-10-24T09:19:56.500,2316.6,12082,2316.4,23,0.0,0,0.0,0,0.0,0,0.0,0,2316.6,6,0.0,0,0.0,0,0.0,0,0.0,0
2012-10-24T09:19:57.000,2316.6,12086,2316.4,24,0.0,0,0.0,0,0.0,0,0.0,0,2316.6,7,0.0,0,0.0,0,0.0,0,0.0,0
2012-10-24T09:19:57.500,2316.4,12111,2316.2,70,0.0,0,0.0,0,0.0,0,0.0,0,2316.4,15,0.0,0,0.0,0,0.0,0,0.0,0
2012-10-24T09:19:58.000,2316.4,12117,2316.2,70,0.0,0,0.0,0,0.0,0,0.0,0,2316.4,9,0.0,0,0.0,0,0.0,0,0.0,0
2012-10-24T09:19:58.500,2316.4,12129,2316.2,61,0.0,0,0.0,0,0.0,0,0.0,0,2316.4,6,0.0,0,0.0,0,0.0,0,0.0,0
2012-10-24T09:19:59.000,2316.4,12157,2316.4,9,0.0,0,0.0,0,0.0,0,0.0,0,2316.8,21,0.0,0,0.0,0,0.0,0,0.0,0
2012-10-24T09:19:59.500,2316.8,12198,2316.8,17,0.0,0,0.0,0,0.0,0,0.0,0,2317,39,0.0,0,0.0,0,0.0,0,0.0,0
2012-10-24T09:20:00.000,2316.8,12210,2316.8,7,0.0,0,0.0,0,0.0,0,0.0,0,2317,38,0.0,0,0.0,0,0.0,0,0.0,0
2012-10-24T09:20:00.500,2316.8,12234,2316.2,52,0.0,0,0.0,0,0.0,0,0.0,0,2316.8,9,0.0,0,0.0,0,0.0,0,0.0,0
2012-10-24T09:20:01.000,2316.8,12263,2316.8,3,0.0,0,0.0,0,0.0,0,0.0,0,2317,28,0.0,0,0.0,0,0.0,0,0.0,0
2012-10-24T09:20:01.500,2316.8,12302,2316.6,1,0.0,0,0.0,0,0.0,0,0.0,0,2316.8,9,0.0,0,0.0,0,0.0,0,0.0,0
2012-10-24T09:20:02.000,2317,12321,2316.6,2,0.0,0,0.0,0,0.0,0,0.0,0,2317,7,0.0,0,0.0,0,0.0,0,0.0,0
2012-10-24T09:20:02.500,2316.8,12345,2316.4,9,0.0,0,0.0,0,0.0,0,0.0,0,2316.8,1,0.0,0,0.0,0,0.0,0,0.0,0
2012-10-24T09:20:03.000,2316.8,12352,2316.8,1,0.0,0,0.0,0,0.0,0,0.0,0,2317,1,0.0,0,0.0,0,0.0,0,0.0,0
2012-10-24T09:20:03.500,2316.8,12371,2316.4,17,0.0,0,0.0,0,0.0,0,0.0,0,2317.2,63,0.0,0,0.0,0,0.0,0,0.0,0
2012-10-24T09:20:04.000,2316.6,12382,2316.6,5,0.0,0,0.0,0,0.0,0,0.0,0,2317,22,0.0,0,0.0,0,0.0,0,0.0,0
2012-10-24T09:20:04.500,2316.6,12387,2316.6,13,0.0,0,0.0,0,0.0,0,0.0,0,2317,22,0.0,0,0.0,0,0.0,0,0.0,0
2012-10-24T09:20:05.000,2317,12393,2316.6,13,0.0,0,0.0,0,0.0,0,0.0,0,2317,16,0.0,0,0.0,0,0.0,0,0.0,0
2012-10-24T09:20:05.500,2316.6,12396,2316.6,12,0.0,0,0.0,0,0.0,0,0.0,0,2317,17,0.0,0,0.0,0,0.0,0,0.0,0
2012-10-24T09:20:06.000,2316.8,12401,2316.8,1,0.0,0,0.0,0,0.0,0,0.0,0,2317,19,0.0,0,0.0,0,0.0,0,0.0,0
2012-10-24T09:20:06.500,2317,12407,2316.8,1,0.0,0,0.0,0,0.0,0,0.0,0,2317,17,0.0,0,0.0,0,0.0,0,0.0,0
2012-10-24T09:20:07.000,2317,12419,2316.8,2,0.0,0,0.0,0,0.0,0,0.0,0,2317,7,0.0,0,0.0,0,0.0,0,0.0,0
2012-10-24T09:20:07.500,2316.8,12424,2316.8,2,0.0,0,0.0,0,0.0,0,0.0,0,2317,12,0.0,0,0.0,0,0.0,0,0.0,0
2012-10-24T09:20:08.000,2317,12434,2316.8,3,0.0,0,0.0,0,0.0,0,0.0,0,2317,5,0.0,0,0.0,0,0.0,0,0.0,0
2012-10-24T09:20:08.500,2317,12442,2316.6,12,0.0,0,0.0,0,0.0,0,0.0,0,2316.8,24,0.0,0,0.0,0,0.0,0,0.0,0
2012-10-24T09:20:09.000,2316.8,12455,2316.6,14,0.0,0,0.0,0,0.0,0,0.0,0,2316.8,11,0.0,0,0.0,0,0.0,0,0.0,0
2012-10-24T09:20:09.500,2316.8,12461,2316.6,13,0.0,0,0.0,0,0.0,0,0.0,0,2316.8,7,0.0,0,0.0,0,0.0,0,0.0,0
2012-10-24T09:20:10.000,2317,12477,2316.8,14,0.0,0,0.0,0,0.0,0,0.0,0,2317,8,0.0,0,0.0,0,0.0,0,0.0,0
2012-10-24T09:20:10.500,2316.8,12483,2316.8,8,0.0,0,0.0,0,0.0,0,0.0,0,2317,22,0.0,0,0.0,0,0.0,0,0.0,0
2012-10-24T09:20:11.000,2316.8,12487,2316.8,13,0.0,0,0.0,0,0.0,0,0.0,0,2317,20,0.0,0,0.0,0,0.0,0,0.0,0
2012-10-24T09:20:11.500,2316.8,12499,2316.8,9,0.0,0,0.0,0,0.0,0,0.0,0,2317,21,0.0,0,0.0,0,0.0,0,0.0,0
2012-10-24T09:20:12.000,2316.8,12514,2316.8,5,0.0,0,0.0,0,0.0,0,0.0,0,2317,15,0.0,0,0.0,0,0.0,0,0.0,0
2012-10-24T09:20:12.500,2316.6,12522,2316.6,15,0.0,0,0.0,0,0.0,0,0.0,0,2316.8,1,0.0,0,0.0,0,0.0,0,0.0,0
2012-10-24T09:20:13.000,2317,12525,2316.8,12,0.0,0,0.0,0,0.0,0,0.0,0,2317,14,0.0,0,0.0,0,0.0,0,0.0,0
2012-10-24T09:20:13.500,2316.8,12530,2316.8,8,0.0,0,0.0,0,0.0,0,0.0,0,2317,14,0.0,0,0.0,0,0.0,0,0.0,0
2012-10-24T09:20:14.000,2317,12534,2316.8,11,0.0,0,0.0,0,0.0,0,0.0,0,2317,33,0.0,0,0.0,0,0.0,0,0.0,0
2012-10-24T09:20:14.500,2316.8,12538,2316.8,11,0.0,0,0.0,0,0.0,0,0.0,0,2317,32,0.0,0,0.0,0,0.0,0,0.0,0
2012-10-24T09:20:15.000,2317,12552,2316.8,8,0.0,0,0.0,0,0.0,0,0.0,0,2317,28,0.0,0,0.0,0,0.0,0,0.0,0
2012-10-24T09:20:15.500,2316.8,12556,2316.8,8,0.0,0,0.0,0,0.0,0,0.0,0,2317,29,0.0,0,0.0,0,0.0,0,0.0,0
2012-10-24T09:20:16.000,2316.8,12568,2316.6,21,0.0,0,0.0,0,0.0,0,0.0,0,2317,27,0.0,0,0.0,0,0.0,0,0.0,0
2012-10-24T09:20:16.500,2316.6,12571,2316.6,19,0.0,0,0.0,0,0.0,0,0.0,0,2316.8,1,0.0,0,0.0,0,0.0,0,0.0,0
2012-10-24T09:20:17.000,2316.6,12581,2316.6,17,0.0,0,0.0,0,0.0,0,0.0,0,2317,23,0.0,0,0.0,0,0.0,0,0.0,0
2012-10-24T09:20:17.500,2316.8,12590,2316.6,47,0.0,0,0.0,0,0.0,0,0.0,0,2316.8,3,0.0,0,0.0,0,0.0,0,0.0,0
2012-10-24T09:20:18.000,2316.6,12596,2316.6,46,0.0,0,0.0,0,0.0,0,0.0,0,2316.8,1,0.0,0,0.0,0,0.0,0,0.0,0
2012-10-24T09:20:18.500,2316.8,12619,2316.6,28,0.0,0,0.0,0,0.0,0,0.0,0,2316.8,2,0.0,0,0.0,0,0.0,0,0.0,0
2012-10-24T09:20:19.000,2316.8,12623,2316.6,27,0.0,0,0.0,0,0.0,0,0.0,0,2316.8,11,0.0,0,0.0,0,0.0,0,0.0,0
2012-10-24T09:20:19.500,2316.6,12634,2316.6,16,0.0,0,0.0,0,0.0,0,0.0,0,2316.8,14,0.0,0,0.0,0,0.0,0,0.0,0
2012-10-24T09:20:20.000,2316.6,12649,2316.6,6,0.0,0,0.0,0,0.0,0,0.0,0,2316.8,13,0.0,0,0.0,0,0.0,0,0.0,0
2012-10-24T09:20:20.500,2316.6,12657,2316.6,3,0.0,0,0.0,0,0.0,0,0.0,0,2316.8,25,0.0,0,0.0,0,0.0,0,0.0,0
2012-10-24T09:20:21.000,2316.6,12663,2316.4,36,0.0,0,0.0,0,0.0,0,0.0,0,2316.6,5,0.0,0,0.0,0,0.0,0,0.0,0
2012-10-24T09:20:21.500,2316.6,12673,2316.4,34,0.0,0,0.0,0,0.0,0,0.0,0,2316.6,4,0.0,0,0.0,0,0.0,0,0.0,0
2012-10-24T09:20:22.000,2316.6,12678,2316.4,33,0.0,0,0.0,0,0.0,0,0.0,0,2316.8,23,0.0,0,0.0,0,0.0,0,0.0,0
2012-10-24T09:20:22.500,2316.4,12693,2316.4,31,0.0,0,0.0,0,0.0,0,0.0,0,2316.8,26,0.0,0,0.0,0,0.0,0,0.0,0
2012-10-24T09:20:23.000,2316.8,12697,2316.6,27,0.0,0,0.0,0,0.0,0,0.0,0,2316.8,22,0.0,0,0.0,0,0.0,0,0.0,0
2012-10-24T09:20:23.500,2316.6,12722,2316.6,2,0.0,0,0.0,0,0.0,0,0.0,0,2316.8,15,0.0,0,0.0,0,0.0,0,0.0,0
2012-10-24T09:20:24.000,2316.6,12727,2316.6,11,0.0,0,0.0,0,0.0,0,0.0,0,2316.8,9,0.0,0,0.0,0,0.0,0,0.0,0
2012-10-24T09:20:24.500,2316.6,12738,2316.4,35,0.0,0,0.0,0,0.0,0,0.0,0,2316.8,9,0.0,0,0.0,0,0.0,0,0.0,0
2012-10-24T09:20:25.000,2316.8,12742,2316.6,24,0.0,0,0.0,0,0.0,0,0.0,0,2316.8,7,0.0,0,0.0,0,0.0,0,0.0,0
2012-10-24T09:20:25.500,2316.8,12746,2316.6,22,0.0,0,0.0,0,0.0,0,0.0,0,2316.8,5,0.0,0,0.0,0,0.0,0,0.0,0
2012-10-24T09:20:26.000,2316.6,12749,2316.6,21,0.0,0,0.0,0,0.0,0,0.0,0,2316.8,5,0.0,0,0.0,0,0.0,0,0.0,0
2012-10-24T09:20:26.500,2316.8,12755,2316.6,20,0.0,0,0.0,0,0.0,0,0.0,0,2316.8,1,0.0,0,0.0,0,0.0,0,0.0,0
2012-10-24T09:20:27.000,2317,12763,2316.6,14,0.0,0,0.0,0,0.0,0,0.0,0,2317,33,0.0,0,0.0,0,0.0,0,0.0,0
2012-10-24T09:20:27.500,2316.6,12769,2316.6,8,0.0,0,0.0,0,0.0,0,0.0,0,2317,53,0.0,0,0.0,0,0.0,0,0.0,0
2012-10-24T09:20:28.000,2317,12772,2316.6,8,0.0,0,0.0,0,0.0,0,0.0,0,2317,51,0.0,0,0.0,0,0.0,0,0.0,0
2012-10-24T09:20:28.500,2316.6,12777,2316.8,1,0.0,0,0.0,0,0.0,0,0.0,0,2317,50,0.0,0,0.0,0,0.0,0,0.0,0
2012-10-24T09:20:29.000,2316.8,12781,2316.6,11,0.0,0,0.0,0,0.0,0,0.0,0,2317,47,0.0,0,0.0,0,0.0,0,0.0,0
2012-10-24T09:20:29.500,2316.6,12783,2316.6,11,0.0,0,0.0,0,0.0,0,0.0,0,2316.8,1,0.0,0,0.0,0,0.0,0,0.0,0
2012-10-24T09:20:30.000,2317,12786,2316.6,11,0.0,0,0.0,0,0.0,0,0.0,0,2317,45,0.0,0,0.0,0,0.0,0,0.0,0
2012-10-24T09:20:30.500,2317,12792,2316.6,8,0.0,0,0.0,0,0.0,0,0.0,0,2317,43,0.0,0,0.0,0,0.0,0,0.0,0
2012-10-24T09:20:31.000,2316.6,12804,2316.4,43,0.0,0,0.0,0,0.0,0,0.0,0,2316.6,2,0.0,0,0.0,0,0.0,0,0.0,0
2012-10-24T09:20:31.500,2316.6,12808,2316.4,41,0.0,0,0.0,0,0.0,0,0.0,0,2316.6,3,0.0,0,0.0,0,0.0,0,0.0,0
2012-10-24T09:20:32.000,2317,12814,2316.6,27,0.0,0,0.0,0,0.0,0,0.0,0,2317,40,0.0,0,0.0,0,0.0,0,0.0,0
2012-10-24T09:20:32.500,2316.6,12818,2316.6,40,0.0,0,0.0,0,0.0,0,0.0,0,2317,39,0.0,0,0.0,0,0.0,0,0.0,0
2012-10-24T09:20:33.000,2317,12826,2316.6,40,0.0,0,0.0,0,0.0,0,0.0,0,2317,33,0.0,0,0.0,0,0.0,0,0.0,0
2012-10-24T09:20:33.500,2316.6,12828,2316.8,16,0.0,0,0.0,0,0.0,0,0.0,0,2317,33,0.0,0,0.0,0,0.0,0,0.0,0
2012-10-24T09:20:34.000,2317,12833,2316.8,15,0.0,0,0.0,0,0.0,0,0.0,0,2317,29,0.0,0,0.0,0,0.0,0,0.0,0
2012-10-24T09:20:34.500,2316.8,12873,2317,27,0.0,0,0.0,0,0.0,0,0.0,0,2317.2,66,0.0,0,0.0,0,0.0,0,0.0,0
2012-10-24T09:20:35.000,2317,12877,2317,35,0.0,0,0.0,0,0.0,0,0.0,0,2317.2,64,0.0,0,0.0,0,0.0,0,0.0,0
2012-10-24T09:20:35.500,2317.2,12887,2317,31,0.0,0,0.0,0,0.0,0,0.0,0,2317.2,57,0.0,0,0.0,0,0.0,0,0.0,0
2012-10-24T09:20:36.000,2317,12898,2317,24,0.0,0,0.0,0,0.0,0,0.0,0,2317.2,53,0.0,0,0.0,0,0.0,0,0.0,0
2012-10-24T09:20:36.500,2317.2,12900,2317,18,0.0,0,0.0,0,0.0,0,0.0,0,2317.2,52,0.0,0,0.0,0,0.0,0,0.0,0
2012-10-24T09:20:37.000,2317,12904,2317,16,0.0,0,0.0,0,0.0,0,0.0,0,2317.2,51,0.0,0,0.0,0,0.0,0,0.0,0
2012-10-24T09:20:37.500,2317,12907,2317,15,0.0,0,0.0,0,0.0,0,0.0,0,2317.2,49,0.0,0,0.0,0,0.0,0,0.0,0
2012-10-24T09:20:38.000,2317.2,12910,2317,15,0.0,0,0.0,0,0.0,0,0.0,0,2317.2,47,0.0,0,0.0,0,0.0,0,0.0,0
2012-10-24T09:20:38.500,2317.2,12918,2317,15,0.0,0,0.0,0,0.0,0,0.0,0,2317.2,49,0.0,0,0.0,0,0.0,0,0.0,0
2012-10-24T09:20:39.000,2317.2,12941,2317,15,0.0,0,0.0,0,0.0,0,0.0,0,2317.2,28,0.0,0,0.0,0,0.0,0,0.0,0
2012-10-24T09:20:39.500,2317.2,12960,2317,14,0.0,0,0.0,0,0.0,0,0.0,0,2317.2,10,0.0,0,0.0,0,0.0,0,0.0,0
2012-10-24T09:20:40.000,2317,12969,2317,17,0.0,0,0.0,0,0.0,0,0.0,0,2317.2,8,0.0,0,0.0,0,0.0,0,0.0,0
2012-10-24T09:20:40.500,2317.2,12973,2317,24,0.0,0,0.0,0,0.0,0,0.0,0,2317.2,5,0.0,0,0.0,0,0.0,0,0.0,0
2012-10-24T09:20:41.000,2317.2,12984,2317,18,0.0,0,0.0,0,0.0,0,0.0,0,2317.2,1,0.0,0,0.0,0,0.0,0,0.0,0
2012-10-24T09:20:41.500,2317.2,12985,2317.2,6,0.0,0,0.0,0,0.0,0,0.0,0,2317.4,145,0.0,0,0.0,0,0.0,0,0.0,0
2012-10-24T09:20:42.000,2317.4,12994,2317,19,0.0,0,0.0,0,0.0,0,0.0,0,2317.4,144,0.0,0,0.0,0,0.0,0,0.0,0
2012-10-24T09:20:42.500,2317.4,12996,2317.2,8,0.0,0,0.0,0,0.0,0,0.0,0,2317.4,142,0.0,0,0.0,0,0.0,0,0.0,0
2012-10-24T09:20:43.000,2317.4,13001,2317.2,8,0.0,0,0.0,0,0.0,0,0.0,0,2317.4,137,0.0,0,0.0,0,0.0,0,0.0,0
2012-10-24T09:20:43.500,2317.4,13007,2317.2,8,0.0,0,0.0,0,0.0,0,0.0,0,2317.4,130,0.0,0,0.0,0,0.0,0,0.0,0
2012-10-24T09:20:44.000,2317.4,13022,2317.2,2,0.0,0,0.0,0,0.0,0,0.0,0,2317.4,122,0.0,0,0.0,0,0.0,0,0.0,0
2012-10-24T09:20:44.500,2317.4,13026,2317.2,3,0.0,0,0.0,0,0.0,0,0.0,0,2317.4,118,0.0,0,0.0,0,0.0,0,0.0,0
2012-10-24T09:20:45.000,2317.4,13033,2317.2,9,0.0,0,0.0,0,0.0,0,0.0,0,2317.4,111,0.0,0,0.0,0,0.0,0,0.0,0
2012-10-24T09:20:45.500,2317.4,13041,2317.2,8,0.0,0,0.0,0,0.0,0,0.0,0,2317.4,107,0.0,0,0.0,0,0.0,0,0.0,0
2012-10-24T09:20:46.000,2317.4,13045,2317.2,6,0.0,0,0.0,0,0.0,0,0.0,0,2317.4,106,0.0,0,0.0,0,0.0,0,0.0,0
2012-10-24T09:20:46.500,2317.4,13050,2317.2,6,0.0,0,0.0,0,0.0,0,0.0,0,2317.4,102,0.0,0,0.0,0,0.0,0,0.0,0
2012-10-24T09:20:47.000,2317.4,13052,2317.2,6,0.0,0,0.0,0,0.0,0,0.0,0,2317.4,100,0.0,0,0.0,0,0.0,0,0.0,0
2012-10-24T09:20:47.500,2317.4,13057,2317.2,6,0.0,0,0.0,0,0.0,0,0.0,0,2317.4,95,0.0,0,0.0,0,0.0,0,0.0,0
2012-10-24T09:20:48.000,2317.4,13063,2317.2,6,0.0,0,0.0,0,0.0,0,0.0,0,2317.4,89,0.0,0,0.0,0,0.0,0,0.0,0
2012-10-24T09:20:48.500,2317.2,13067,2317.2,3,0.0,0,0.0,0,0.0,0,0.0,0,2317.4,89,0.0,0,0.0,0,0.0,0,0.0,0
2012-10-24T09:20:49.000,2317.4,13068,2317.2,3,0.0,0,0.0,0,0.0,0,0.0,0,2317.4,88,0.0,0,0.0,0,0.0,0,0.0,0
2012-10-24T09:20:49.500,2317.2,13069,2317.2,4,0.0,0,0.0,0,0.0,0,0.0,0,2317.4,88,0.0,0,0.0,0,0.0,0,0.0,0
2012-10-24T09:20:50.000,2317.2,13077,2317,47,0.0,0,0.0,0,0.0,0,0.0,0,2317.2,2,0.0,0,0.0,0,0.0,0,0.0,0
2012-10-24T09:20:50.500,2317.2,13078,2317,48,0.0,0,0.0,0,0.0,0,0.0,0,2317.2,2,0.0,0,0.0,0,0.0,0,0.0,0
2012-10-24T09:20:51.000,2317.2,13081,2317,47,0.0,0,0.0,0,0.0,0,0.0,0,2317.4,87,0.0,0,0.0,0,0.0,0,0.0,0
2012-10-24T09:20:51.500,2317.2,13083,2317.2,5,0.0,0,0.0,0,0.0,0,0.0,0,2317.4,87,0.0,0,0.0,0,0.0,0,0.0,0
2012-10-24T09:20:52.250,2317.4,13086,2317.2,11,0.0,0,0.0,0,0.0,0,0.0,0,2317.4,73,0.0,0,0.0,0,0.0,0,0.0,0
2012-10-24T09:20:53.000,2317.4,13087,2317.2,11,0.0,0,0.0,0,0.0,0,0.0,0,2317.4,72,0.0,0,0.0,0,0.0,0,0.0,0
2012-10-24T09:20:53.500,2317.2,13090,2317.2,9,0.0,0,0.0,0,0.0,0,0.0,0,2317.4,71,0.0,0,0.0,0,0.0,0,0.0,0
2012-10-24T09:20:54.000,2317.4,13091,2317.2,15,0.0,0,0.0,0,0.0,0,0.0,0,2317.4,70,0.0,0,0.0,0,0.0,0,0.0,0
2012-10-24T09:20:54.500,2317.4,13113,2317.2,11,0.0,0,0.0,0,0.0,0,0.0,0,2317.4,52,0.0,0,0.0,0,0.0,0,0.0,0
2012-10-24T09:20:55.000,2317.4,13122,2317.2,11,0.0,0,0.0,0,0.0,0,0.0,0,2317.4,43,0.0,0,0.0,0,0.0,0,0.0,0
2012-10-24T09:20:55.500,2317.4,13139,2317.2,21,0.0,0,0.0,0,0.0,0,0.0,0,2317.4,26,0.0,0,0.0,0,0.0,0,0.0,0
2012-10-24T09:20:56.000,2317.4,13146,2317.2,20,0.0,0,0.0,0,0.0,0,0.0,0,2317.4,20,0.0,0,0.0,0,0.0,0,0.0,0
2012-10-24T09:20:56.500,2317.4,13151,2317.2,19,0.0,0,0.0,0,0.0,0,0.0,0,2317.4,17,0.0,0,0.0,0,0.0,0,0.0,0
2012-10-24T09:20:57.000,2317.4,13154,2317.2,22,0.0,0,0.0,0,0.0,0,0.0,0,2317.4,14,0.0,0,0.0,0,0.0,0,0.0,0
2012-10-24T09:20:57.500,2317.4,13155,2317.2,22,0.0,0,0.0,0,0.0,0,0.0,0,2317.4,13,0.0,0,0.0,0,0.0,0,0.0,0
2012-10-24T09:20:58.000,2317.4,13170,2317.4,2,0.0,0,0.0,0,0.0,0,0.0,0,2317.6,14,0.0,0,0.0,0,0.0,0,0.0,0
2012-10-24T09:20:58.500,2317.6,13172,2317.4,4,0.0,0,0.0,0,0.0,0,0.0,0,2317.6,12,0.0,0,0.0,0,0.0,0,0.0,0
2012-10-24T09:20:59.000,2317.6,13180,2317.4,6,0.0,0,0.0,0,0.0,0,0.0,0,2317.6,4,0.0,0,0.0,0,0.0,0,0.0,0
2012-10-24T09:20:59.500,2317.6,13184,2317.6,2,0.0,0,0.0,0,0.0,0,0.0,0,2317.8,23,0.0,0,0.0,0,0.0,0,0.0,0
2012-10-24T09:21:00.000,2317.8,13201,2317.4,3,0.0,0,0.0,0,0.0,0,0.0,0,2317.6,2,0.0,0,0.0,0,0.0,0,0.0,0
2012-10-24T09:21:00.500,2317.4,13207,2317.4,2,0.0,0,0.0,0,0.0,0,0.0,0,2317.8,25,0.0,0,0.0,0,0.0,0,0.0,0
2012-10-24T09:21:01.000,2317.8,13224,2317.2,25,0.0,0,0.0,0,0.0,0,0.0,0,2317.6,12,0.0,0,0.0,0,0.0,0,0.0,0
2012-10-24T09:21:01.500,2317.6,13230,2317.2,23,0.0,0,0.0,0,0.0,0,0.0,0,2317.6,9,0.0,0,0.0,0,0.0,0,0.0,0
2012-10-24T09:21:02.000,2317.2,13247,2317.2,21,0.0,0,0.0,0,0.0,0,0.0,0,2317.4,1,0.0,0,0.0,0,0.0,0,0.0,0
2012-10-24T09:21:02.500,2317.2,13258,2317.2,19,0.0,0,0.0,0,0.0,0,0.0,0,2317.4,1,0.0,0,0.0,0,0.0,0,0.0,0
2012-10-24T09:21:03.000,2317.2,13264,2317.4,1,0.0,0,0.0,0,0.0,0,0.0,0,2317.6,5,0.0,0,0.0,0,0.0,0,0.0,0
2012-10-24T09:21:03.500,2317.8,13280,2317.6,1,0.0,0,0.0,0,0.0,0,0.0,0,2318,48,0.0,0,0.0,0,0.0,0,0.0,0
2012-10-24T09:21:04.250,2317.6,13281,2317.4,6,0.0,0,0.0,0,0.0,0,0.0,0,2317.8,2,0.0,0,0.0,0,0.0,0,0.0,0
2012-10-24T09:21:05.000,2317.8,13283,2317.6,11,0.0,0,0.0,0,0.0,0,0.0,0,2317.8,3,0.0,0,0.0,0,0.0,0,0.0,0
2012-10-24T09:21:05.500,2317.8,13288,2317.6,7,0.0,0,0.0,0,0.0,0,0.0,0,2317.8,3,0.0,0,0.0,0,0.0,0,0.0,0
2012-10-24T09:21:06.000,2317.6,13305,2317.6,13,0.0,0,0.0,0,0.0,0,0.0,0,2317.8,1,0.0,0,0.0,0,0.0,0,0.0,0
2012-10-24T09:21:06.500,2317.6,13312,2317.6,9,0.0,0,0.0,0,0.0,0,0.0,0,2317.8,6,0.0,0,0.0,0,0.0,0,0.0,0
2012-10-24T09:21:07.000,2317.8,13313,2317.6,9,0.0,0,0.0,0,0.0,0,0.0,0,2317.8,5,0.0,0,0.0,0,0.0,0,0.0,0
2012-10-24T09:21:07.500,2317.8,13317,2317.6,9,0.0,0,0.0,0,0.0,0,0.0,0,2317.8,4,0.0,0,0.0,0,0.0,0,0.0,0
2012-10-24T09:21:08.000,2317.8,13321,2317.6,7,0.0,0,0.0,0,0.0,0,0.0,0,2317.8,2,0.0,0,0.0,0,0.0,0,0.0,0
2012-10-24T09:21:08.500,2317.8,13327,2317.6,8,0.0,0,0.0,0,0.0,0,0.0,0,2317.8,1,0.0,0,0.0,0,0.0,0,0.0,0
2012-10-24T09:21:09.000,2317.8,13330,2317.8,2,0.0,0,0.0,0,0.0,0,0.0,0,2318,48,0.0,0,0.0,0,0.0,0,0.0,0
2012-10-24T09:21:09.500,2317.8,13331,2317.8,6,0.0,0,0.0,0,0.0,0,0.0,0,2318,48,0.0,0,0.0,0,0.0,0,0.0,0
2012-10-24T09:21:10.000,2317.8,13334,2317.8,5,0.0,0,0.0,0,0.0,0,0.0,0,2318,47,0.0,0,0.0,0,0.0,0,0.0,0
2012-10-24T09:21:10.500,2318,13339,2317.8,10,0.0,0,0.0,0,0.0,0,0.0,0,2318,43,0.0,0,0.0,0,0.0,0,0.0,0
2012-10-24T09:21:11.000,2318,13363,2317.6,11,0.0,0,0.0,0,0.0,0,0.0,0,2318,29,0.0,0,0.0,0,0.0,0,0.0,0
2012-10-24T09:21:11.500,2317.8,13373,2317.6,11,0.0,0,0.0,0,0.0,0,0.0,0,2317.8,4,0.0,0,0.0,0,0.0,0,0.0,0
2012-10-24T09:21:12.000,2318,13385,2317.8,5,0.0,0,0.0,0,0.0,0,0.0,0,2318,15,0.0,0,0.0,0,0.0,0,0.0,0
2012-10-24T09:21:12.500,2318,13394,2317.8,3,0.0,0,0.0,0,0.0,0,0.0,0,2318,10,0.0,0,0.0,0,0.0,0,0.0,0
2012-10-24T09:21:13.000,2318,13396,2317.8,3,0.0,0,0.0,0,0.0,0,0.0,0,2318,8,0.0,0,0.0,0,0.0,0,0.0,0
2012-10-24T09:21:13.500,2318,13397,2317.8,4,0.0,0,0.0,0,0.0,0,0.0,0,2318,7,0.0,0,0.0,0,0.0,0,0.0,0
2012-10-24T09:21:14.000,2317.6,13411,2317.6,14,0.0,0,0.0,0,0.0,0,0.0,0,2318.2,23,0.0,0,0.0,0,0.0,0,0.0,0
2012-10-24T09:21:14.500,2318,13427,2317.6,14,0.0,0,0.0,0,0.0,0,0.0,0,2317.8,1,0.0,0,0.0,0,0.0,0,0.0,0
2012-10-24T09:21:15.000,2318,13428,2317.8,3,0.0,0,0.0,0,0.0,0,0.0,0,2318,2,0.0,0,0.0,0,0.0,0,0.0,0
2012-10-24T09:21:15.500,2318,13433,2317.8,6,0.0,0,0.0,0,0.0,0,0.0,0,2318.2,9,0.0,0,0.0,0,0.0,0,0.0,0
2012-10-24T09:21:16.000,2318,13434,2318,1,0.0,0,0.0,0,0.0,0,0.0,0,2318.2,9,0.0,0,0.0,0,0.0,0,0.0,0
2012-10-24T09:21:16.500,2318.2,13446,2318.2,3,0.0,0,0.0,0,0.0,0,0.0,0,2318.4,56,0.0,0,0.0,0,0.0,0,0.0,0
2012-10-24T09:21:17.000,2318.4,13472,2317.8,2,0.0,0,0.0,0,0.0,0,0.0,0,2318,1,0.0,0,0.0,0,0.0,0,0.0,0
2012-10-24T09:21:17.500,2318,13484,2318,17,0.0,0,0.0,0,0.0,0,0.0,0,2318.4,40,0.0,0,0.0,0,0.0,0,0.0,0
2012-10-24T09:21:18.000,2318.2,13499,2318.2,2,0.0,0,0.0,0,0.0,0,0.0,0,2318.4,47,0.0,0,0.0,0,0.0,0,0.0,0
2012-10-24T09:21:18.500,2318.4,13510,2318,17,0.0,0,0.0,0,0.0,0,0.0,0,2318.2,1,0.0,0,0.0,0,0.0,0,0.0,0
2012-10-24T09:21:19.000,2318.4,13515,2318.2,3,0.0,0,0.0,0,0.0,0,0.0,0,2318.4,41,0.0,0,0.0,0,0.0,0,0.0,0
2012-10-24T09:21:19.500,2318.4,13521,2318,35,0.0,0,0.0,0,0.0,0,0.0,0,2318.4,37,0.0,0,0.0,0,0.0,0,0.0,0
2012-10-24T09:21:20.000,2318.4,13564,2318.4,65,0.0,0,0.0,0,0.0,0,0.0,0,2318.6,26,0.0,0,0.0,0,0.0,0,0.0,0
2012-10-24T09:21:20.500,2318.8,13594,2318.6,22,0.0,0,0.0,0,0.0,0,0.0,0,2318.8,26,0.0,0,0.0,0,0.0,0,0.0,0
2012-10-24T09:21:21.000,2318.8,13605,2318.6,25,0.0,0,0.0,0,0.0,0,0.0,0,2318.8,17,0.0,0,0.0,0,0.0,0,0.0,0
2012-10-24T09:21:21.500,2318.6,13623,2318.6,24,0.0,0,0.0,0,0.0,0,0.0,0,2318.8,3,0.0,0,0.0,0,0.0,0,0.0,0
2012-10-24T09:21:22.000,2318.6,13630,2318.8,3,0.0,0,0.0,0,0.0,0,0.0,0,2319,63,0.0,0,0.0,0,0.0,0,0.0,0
2012-10-24T09:21:22.500,2318.8,13638,2318.6,20,0.0,0,0.0,0,0.0,0,0.0,0,2319,63,0.0,0,0.0,0,0.0,0,0.0,0
2012-10-24T09:21:23.000,2319,13651,2318.6,17,0.0,0,0.0,0,0.0,0,0.0,0,2319,55,0.0,0,0.0,0,0.0,0,0.0,0
2012-10-24T09:21:23.500,2319,13679,2318.6,11,0.0,0,0.0,0,0.0,0,0.0,0,2319,32,0.0,0,0.0,0,0.0,0,0.0,0
2012-10-24T09:21:24.000,2319,13694,2318.6,9,0.0,0,0.0,0,0.0,0,0.0,0,2319,22,0.0,0,0.0,0,0.0,0,0.0,0
2012-10-24T09:21:24.500,2319,13722,2318.6,4,0.0,0,0.0,0,0.0,0,0.0,0,2319,4,0.0,0,0.0,0,0.0,0,0.0,0
2012-10-24T09:21:25.000,2319.2,13732,2319,1,0.0,0,0.0,0,0.0,0,0.0,0,2319.2,13,0.0,0,0.0,0,0.0,0,0.0,0
2012-10-24T09:21:25.500,2319,13750,2319,10,0.0,0,0.0,0,0.0,0,0.0,0,2319.2,2,0.0,0,0.0,0,0.0,0,0.0,0
2012-10-24T09:21:26.000,2319.2,13752,2319,11,0.0,0,0.0,0,0.0,0,0.0,0,2319.2,2,0.0,0,0.0,0,0.0,0,0.0,0
2012-10-24T09:21:26.500,2319,13756,2319.2,9,0.0,0,0.0,0,0.0,0,0.0,0,2319.4,33,0.0,0,0.0,0,0.0,0,0.0,0
2012-10-24T09:21:27.000,2319.2,13772,2319.2,1,0.0,0,0.0,0,0.0,0,0.0,0,2319.4,39,0.0,0,0.0,0,0.0,0,0.0,0
2012-10-24T09:21:27.500,2319.2,13787,2319.2,13,0.0,0,0.0,0,0.0,0,0.0,0,2319.4,36,0.0,0,0.0,0,0.0,0,0.0,0
2012-10-24T09:21:28.000,2319.2,13820,2319,14,0.0,0,0.0,0,0.0,0,0.0,0,2319.2,16,0.0,0,0.0,0,0.0,0,0.0,0
2012-10-24T09:21:28.500,2319,13843,2319,12,0.0,0,0.0,0,0.0,0,0.0,0,2319.2,8,0.0,0,0.0,0,0.0,0,0.0,0
2012-10-24T09:21:29.000,2319.2,13864,2319.2,13,0.0,0,0.0,0,0.0,0,0.0,0,2319.4,6,0.0,0,0.0,0,0.0,0,0.0,0
2012-10-24T09:21:29.500,2319.2,13881,2319,13,0.0,0,0.0,0,0.0,0,0.0,0,2319.4,3,0.0,0,0.0,0,0.0,0,0.0,0
2012-10-24T09:21:30.000,2319.4,13892,2319.4,6,0.0,0,0.0,0,0.0,0,0.0,0,2319.6,64,0.0,0,0.0,0,0.0,0,0.0,0
2012-10-24T09:21:30.500,2319.4,13903,2319.2,9,0.0,0,0.0,0,0.0,0,0.0,0,2319.4,1,0.0,0,0.0,0,0.0,0,0.0,0
2012-10-24T09:21:31.000,2319.2,13920,2319.2,10,0.0,0,0.0,0,0.0,0,0.0,0,2319.4,5,0.0,0,0.0,0,0.0,0,0.0,0
2012-10-24T09:21:31.500,2319.4,13927,2319.4,18,0.0,0,0.0,0,0.0,0,0.0,0,2319.6,73,0.0,0,0.0,0,0.0,0,0.0,0
2012-10-24T09:21:32.000,2319.4,13937,2319.4,13,0.0,0,0.0,0,0.0,0,0.0,0,2319.6,79,0.0,0,0.0,0,0.0,0,0.0,0
2012-10-24T09:21:32.500,2319.6,14004,2319.2,44,0.0,0,0.0,0,0.0,0,0.0,0,2319.6,34,0.0,0,0.0,0,0.0,0,0.0,0
2012-10-24T09:21:33.000,2319.4,14047,2319.4,48,0.0,0,0.0,0,0.0,0,0.0,0,2319.8,47,0.0,0,0.0,0,0.0,0,0.0,0
2012-10-24T09:21:33.500,2319.6,14055,2319.6,35,0.0,0,0.0,0,0.0,0,0.0,0,2319.8,48,0.0,0,0.0,0,0.0,0,0.0,0
2012-10-24T09:21:34.000,2320,14127,2319.8,20,0.0,0,0.0,0,0.0,0,0.0,0,2320,38,0.0,0,0.0,0,0.0,0,0.0,0
2012-10-24T09:21:34.500,2320.4,14188,2320.2,34,0.0,0,0.0,0,0.0,0,0.0,0,2320.4,3,0.0,0,0.0,0,0.0,0,0.0,0
2012-10-24T09:21:35.000,2320.2,14287,2320.4,4,0.0,0,0.0,0,0.0,0,0.0,0,2320.6,32,0.0,0,0.0,0,0.0,0,0.0,0
2012-10-24T09:21:35.500,2320.4,14310,2320,38,0.0,0,0.0,0,0.0,0,0.0,0,2320.4,34,0.0,0,0.0,0,0.0,0,0.0,0
2012-10-24T09:21:36.000,2320,14343,2320,34,0.0,0,0.0,0,0.0,0,0.0,0,2320.2,53,0.0,0,0.0,0,0.0,0,0.0,0
2012-10-24T09:21:36.500,2320.2,14402,2320,26,0.0,0,0.0,0,0.0,0,0.0,0,2320.2,40,0.0,0,0.0,0,0.0,0,0.0,0
2012-10-24T09:21:37.000,2320,14448,2319.8,13,0.0,0,0.0,0,0.0,0,0.0,0,2320,45,0.0,0,0.0,0,0.0,0,0.0,0
2012-10-24T09:21:37.500,2319.6,14499,2319.6,17,0.0,0,0.0,0,0.0,0,0.0,0,2319.8,4,0.0,0,0.0,0,0.0,0,0.0,0
2012-10-24T09:21:38.000,2319.8,14529,2319.6,1,0.0,0,0.0,0,0.0,0,0.0,0,2320,55,0.0,0,0.0,0,0.0,0,0.0,0
2012-10-24T09:21:38.500,2320,14577,2319.6,3,0.0,0,0.0,0,0.0,0,0.0,0,2320,45,0.0,0,0.0,0,0.0,0,0.0,0
2012-10-24T09:21:39.000,2319.4,14594,2319.4,16,0.0,0,0.0,0,0.0,0,0.0,0,2319.8,6,0.0,0,0.0,0,0.0,0,0.0,0
2012-10-24T09:21:39.500,2319.8,14597,2319.4,16,0.0,0,0.0,0,0.0,0,0.0,0,2319.6,1,0.0,0,0.0,0,0.0,0,0.0,0
2012-10-24T09:21:40.000,2319.8,14602,2319.6,1,0.0,0,0.0,0,0.0,0,0.0,0,2319.8,4,0.0,0,0.0,0,0.0,0,0.0,0
2012-10-24T09:21:40.500,2319.8,14605,2319.6,1,0.0,0,0.0,0,0.0,0,0.0,0,2319.8,3,0.0,0,0.0,0,0.0,0,0.0,0
2012-10-24T09:21:41.000,2319.8,14608,2319.4,33,0.0,0,0.0,0,0.0,0,0.0,0,2319.6,1,0.0,0,0.0,0,0.0,0,0.0,0
2012-10-24T09:21:41.500,2319.4,14641,2319.4,7,0.0,0,0.0,0,0.0,0,0.0,0,2319.6,1,0.0,0,0.0,0,0.0,0,0.0,0
2012-10-24T09:21:42.000,2319.6,14666,2319.6,5,0.0,0,0.0,0,0.0,0,0.0,0,2319.8,24,0.0,0,0.0,0,0.0,0,0.0,0
2012-10-24T09:21:42.500,2319.4,14699,2319.4,5,0.0,0,0.0,0,0.0,0,0.0,0,2319.6,31,0.0,0,0.0,0,0.0,0,0.0,0
2012-10-24T09:21:43.000,2319.6,14733,2319.4,5,0.0,0,0.0,0,0.0,0,0.0,0,2319.8,23,0.0,0,0.0,0,0.0,0,0.0,0
2012-10-24T09:21:43.500,2319.6,14742,2319.6,3,0.0,0,0.0,0,0.0,0,0.0,0,2319.8,41,0.0,0,0.0,0,0.0,0,0.0,0
2012-10-24T09:21:44.000,2319.8,14768,2319.6,3,0.0,0,0.0,0,0.0,0,0.0,0,2319.8,28,0.0,0,0.0,0,0.0,0,0.0,0
2012-10-24T09:21:44.500,2319.4,14778,2319.4,21,0.0,0,0.0,0,0.0,0,0.0,0,2319.6,20,0.0,0,0.0,0,0.0,0,0.0,0
2012-10-24T09:21:45.000,2319.4,14791,2319.4,29,0.0,0,0.0,0,0.0,0,0.0,0,2319.6,12,0.0,0,0.0,0,0.0,0,0.0,0
2012-10-24T09:21:45.500,2319.6,14796,2319.4,27,0.0,0,0.0,0,0.0,0,0.0,0,2319.6,16,0.0,0,0.0,0,0.0,0,0.0,0
2012-10-24T09:21:46.000,2319.6,14842,2319.4,9,0.0,0,0.0,0,0.0,0,0.0,0,2319.6,2,0.0,0,0.0,0,0.0,0,0.0,0
2012-10-24T09:21:46.500,2319.4,14852,2319.4,1,0.0,0,0.0,0,0.0,0,0.0,0,2319.6,2,0.0,0,0.0,0,0.0,0,0.0,0
2012-10-24T09:21:47.000,2319.4,14865,2319.2,35,0.0,0,0.0,0,0.0,0,0.0,0,2319.6,5,0.0,0,0.0,0,0.0,0,0.0,0
2012-10-24T09:21:47.500,2319.6,14867,2319.2,35,0.0,0,0.0,0,0.0,0,0.0,0,2319.6,4,0.0,0,0.0,0,0.0,0,0.0,0
2012-10-24T09:21:48.000,2319.2,14868,2319.2,35,0.0,0,0.0,0,0.0,0,0.0,0,2319.4,1,0.0,0,0.0,0,0.0,0,0.0,0
2012-10-24T09:21:48.500,2319.2,14875,2319.2,35,0.0,0,0.0,0,0.0,0,0.0,0,2319.4,1,0.0,0,0.0,0,0.0,0,0.0,0
2012-10-24T09:21:49.000,2319.4,14877,2319.4,3,0.0,0,0.0,0,0.0,0,0.0,0,2319.6,24,0.0,0,0.0,0,0.0,0,0.0,0
2012-10-24T09:21:49.500,2319.4,14883,2319.4,4,0.0,0,0.0,0,0.0,0,0.0,0,2319.6,23,0.0,0,0.0,0,0.0,0,0.0,0
2012-10-24T09:21:50.000,2319.4,14884,2319.4,3,0.0,0,0.0,0,0.0,0,0.0,0,2319.6,45,0.0,0,0.0,0,0.0,0,0.0,0
2012-10-24T09:21:50.500,2319.4,14900,2319.2,36,0.0,0,0.0,0,0.0,0,0.0,0,2319.6,34,0.0,0,0.0,0,0.0,0,0.0,0
2012-10-24T09:21:51.000,2319.4,14902,2319.2,37,0.0,0,0.0,0,0.0,0,0.0,0,2319.4,2,0.0,0,0.0,0,0.0,0,0.0,0
2012-10-24T09:21:51.500,2319.2,14905,2319.2,36,0.0,0,0.0,0,0.0,0,0.0,0,2319.4,5,0.0,0,0.0,0,0.0,0,0.0,0
2012-10-24T09:21:52.000,2319.4,14907,2319.2,36,0.0,0,0.0,0,0.0,0,0.0,0,2319.4,4,0.0,0,0.0,0,0.0,0,0.0,0
2012-10-24T09:21:52.500,2319.2,14922,2319.2,32,0.0,0,0.0,0,0.0,0,0.0,0,2319.4,5,0.0,0,0.0,0,0.0,0,0.0,0
2012-10-24T09:21:53.000,2319.2,14939,2319.2,17,0.0,0,0.0,0,0.0,0,0.0,0,2319.4,5,0.0,0,0.0,0,0.0,0,0.0,0
2012-10-24T09:21:53.500,2319.4,14951,2319.2,17,0.0,0,0.0,0,0.0,0,0.0,0,2319.4,9,0.0,0,0.0,0,0.0,0,0.0,0
2012-10-24T09:21:54.000,2319.4,14962,2319.2,18,0.0,0,0.0,0,0.0,0,0.0,0,2319.6,44,0.0,0,0.0,0,0.0,0,0.0,0
2012-10-24T09:21:54.500,2319.2,14964,2319.2,17,0.0,0,0.0,0,0.0,0,0.0,0,2319.6,44,0.0,0,0.0,0,0.0,0,0.0,0
2012-10-24T09:21:55.000,2319.2,14967,2319.2,15,0.0,0,0.0,0,0.0,0,0.0,0,2319.4,26,0.0,0,0.0,0,0.0,0,0.0,0
2012-10-24T09:21:55.500,2319.2,14969,2319.2,33,0.0,0,0.0,0,0.0,0,0.0,0,2319.4,25,0.0,0,0.0,0,0.0,0,0.0,0
2012-10-24T09:21:56.000,2319.4,14996,2319.2,25,0.0,0,0.0,0,0.0,0,0.0,0,2319.4,24,0.0,0,0.0,0,0.0,0,0.0,0
2012-10-24T09:21:56.500,2319.4,14999,2319.2,24,0.0,0,0.0,0,0.0,0,0.0,0,2319.4,23,0.0,0,0.0,0,0.0,0,0.0,0
2012-10-24T09:21:57.000,2319.2,15000,2319.2,23,0.0,0,0.0,0,0.0,0,0.0,0,2319.4,25,0.0,0,0.0,0,0.0,0,0.0,0
2012-10-24T09:21:57.500,2319.4,15004,2319.2,24,0.0,0,0.0,0,0.0,0,0.0,0,2319.4,24,0.0,0,0.0,0,0.0,0,0.0,0
2012-10-24T09:21:58.000,2319.2,15008,2319.2,21,0.0,0,0.0,0,0.0,0,0.0,0,2319.4,24,0.0,0,0.0,0,0.0,0,0.0,0
2012-10-24T09:21:58.500,2319.4,15018,2319.2,20,0.0,0,0.0,0,0.0,0,0.0,0,2319.4,24,0.0,0,0.0,0,0.0,0,0.0,0
2012-10-24T09:21:59.000,2319.2,15027,2319.2,13,0.0,0,0.0,0,0.0,0,0.0,0,2319.4,27,0.0,0,0.0,0,0.0,0,0.0,0
2012-10-24T09:21:59.500,2319.2,15030,2319.2,13,0.0,0,0.0,0,0.0,0,0.0,0,2319.4,26,0.0,0,0.0,0,0.0,0,0.0,0
2012-10-24T09:22:00.000,2319.2,15048,2319,103,0.0,0,0.0,0,0.0,0,0.0,0,2319.2,12,0.0,0,0.0,0,0.0,0,0.0,0
2012-10-24T09:22:00.500,2319.2,15079,2319.2,4,0.0,0,0.0,0,0.0,0,0.0,0,2319.4,12,0.0,0,0.0,0,0.0,0,0.0,0
2012-10-24T09:22:01.000,2319,15093,2319.2,2,0.0,0,0.0,0,0.0,0,0.0,0,2319.4,5,0.0,0,0.0,0,0.0,0,0.0,0
2012-10-24T09:22:01.500,2319.6,15131,2319.2,12,0.0,0,0.0,0,0.0,0,0.0,0,2319.6,8,0.0,0,0.0,0,0.0,0,0.0,0
2012-10-24T09:22:02.000,2319.4,15148,2319.4,18,0.0,0,0.0,0,0.0,0,0.0,0,2319.6,2,0.0,0,0.0,0,0.0,0,0.0,0
2012-10-24T09:22:02.500,2319.4,15181,2319.4,7,0.0,0,0.0,0,0.0,0,0.0,0,2319.8,33,0.0,0,0.0,0,0.0,0,0.0,0
2012-10-24T09:22:03.000,2319.4,15190,2319.4,1,0.0,0,0.0,0,0.0,0,0.0,0,2319.8,30,0.0,0,0.0,0,0.0,0,0.0,0
2012-10-24T09:22:03.500,2319.6,15193,2319.4,1,0.0,0,0.0,0,0.0,0,0.0,0,2319.6,5,0.0,0,0.0,0,0.0,0,0.0,0
2012-10-24T09:22:04.000,2319.2,15201,2319.4,4,0.0,0,0.0,0,0.0,0,0.0,0,2319.6,21,0.0,0,0.0,0,0.0,0,0.0,0
2012-10-24T09:22:04.500,2319.6,15209,2319.2,31,0.0,0,0.0,0,0.0,0,0.0,0,2319.4,2,0.0,0,0.0,0,0.0,0,0.0,0
2012-10-24T09:22:05.000,2319.4,15211,2319.2,31,0.0,0,0.0,0,0.0,0,0.0,0,2319.4,9,0.0,0,0.0,0,0.0,0,0.0,0
2012-10-24T09:22:05.500,2319.4,15214,2319.2,30,0.0,0,0.0,0,0.0,0,0.0,0,2319.4,17,0.0,0,0.0,0,0.0,0,0.0,0
2012-10-24T09:22:06.000,2319.4,15221,2319.2,31,0.0,0,0.0,0,0.0,0,0.0,0,2319.4,10,0.0,0,0.0,0,0.0,0,0.0,0
2012-10-24T09:22:06.500,2319.2,15222,2319.2,30,0.0,0,0.0,0,0.0,0,0.0,0,2319.4,15,0.0,0,0.0,0,0.0,0,0.0,0
2012-10-24T09:22:07.000,2319.2,15240,2319.2,20,0.0,0,0.0,0,0.0,0,0.0,0,2319.4,17,0.0,0,0.0,0,0.0,0,0.0,0
2012-10-24T09:22:07.500,2319.2,15264,2319.2,3,0.0,0,0.0,0,0.0,0,0.0,0,2319.4,7,0.0,0,0.0,0,0.0,0,0.0,0
2012-10-24T09:22:08.000,2319,15277,2319,152,0.0,0,0.0,0,0.0,0,0.0,0,2319.2,1,0.0,0,0.0,0,0.0,0,0.0,0
2012-10-24T09:22:08.500,2319.2,15290,2319,142,0.0,0,0.0,0,0.0,0,0.0,0,2319.2,4,0.0,0,0.0,0,0.0,0,0.0,0
2012-10-24T09:22:09.000,2319.2,15293,2319,141,0.0,0,0.0,0,0.0,0,0.0,0,2319.2,3,0.0,0,0.0,0,0.0,0,0.0,0
2012-10-24T09:22:09.500,2319.2,15295,2319,141,0.0,0,0.0,0,0.0,0,0.0,0,2319.2,11,0.0,0,0.0,0,0.0,0,0.0,0
2012-10-24T09:22:10.000,2319,15297,2319,140,0.0,0,0.0,0,0.0,0,0.0,0,2319.2,11,0.0,0,0.0,0,0.0,0,0.0,0
2012-10-24T09:22:10.500,2319,15300,2319,169,0.0,0,0.0,0,0.0,0,0.0,0,2319.2,9,0.0,0,0.0,0,0.0,0,0.0,0
2012-10-24T09:22:11.000,2319.2,15301,2319,169,0.0,0,0.0,0,0.0,0,0.0,0,2319.2,8,0.0,0,0.0,0,0.0,0,0.0,0
2012-10-24T09:22:11.500,2319.2,15310,2319.2,19,0.0,0,0.0,0,0.0,0,0.0,0,2319.4,21,0.0,0,0.0,0,0.0,0,0.0,0
2012-10-24T09:22:12.000,2319.2,15312,2319.2,24,0.0,0,0.0,0,0.0,0,0.0,0,2319.4,16,0.0,0,0.0,0,0.0,0,0.0,0
2012-10-24T09:22:12.500,2319.2,15320,2319.2,18,0.0,0,0.0,0,0.0,0,0.0,0,2319.4,16,0.0,0,0.0,0,0.0,0,0.0,0
2012-10-24T09:22:13.000,2319.4,15333,2319.2,30,0.0,0,0.0,0,0.0,0,0.0,0,2319.4,4,0.0,0,0.0,0,0.0,0,0.0,0
2012-10-24T09:22:13.500,2319.2,15337,2319.2,30,0.0,0,0.0,0,0.0,0,0.0,0,2319.4,4,0.0,0,0.0,0,0.0,0,0.0,0
2012-10-24T09:22:14.000,2319.4,15347,2319.4,17,0.0,0,0.0,0,0.0,0,0.0,0,2319.6,27,0.0,0,0.0,0,0.0,0,0.0,0
2012-10-24T09:22:14.500,2319.4,15348,2319.4,16,0.0,0,0.0,0,0.0,0,0.0,0,2319.6,27,0.0,0,0.0,0,0.0,0,0.0,0
2012-10-24T09:22:15.000,2319.4,15371,2319.4,2,0.0,0,0.0,0,0.0,0,0.0,0,2319.6,21,0.0,0,0.0,0,0.0,0,0.0,0
2012-10-24T09:22:15.500,2319.4,15373,2319.2,33,0.0,0,0.0,0,0.0,0,0.0,0,2319.4,1,0.0,0,0.0,0,0.0,0,0.0,0
2012-10-24T09:22:16.000,2319.4,15384,2319.2,29,0.0,0,0.0,0,0.0,0,0.0,0,2319.6,20,0.0,0,0.0,0,0.0,0,0.0,0
2012-10-24T09:22:16.500,2319.4,15404,2319.2,11,0.0,0,0.0,0,0.0,0,0.0,0,2319.4,2,0.0,0,0.0,0,0.0,0,0.0,0
2012-10-24T09:22:17.000,2319.4,15416,2319.2,1,0.0,0,0.0,0,0.0,0,0.0,0,2319.4,1,0.0,0,0.0,0,0.0,0,0.0,0
2012-10-24T09:22:17.500,2319.2,15419,2319,181,0.0,0,0.0,0,0.0,0,0.0,0,2319.4,12,0.0,0,0.0,0,0.0,0,0.0,0
2012-10-24T09:22:18.000,2319.2,15430,2319.2,4,0.0,0,0.0,0,0.0,0,0.0,0,2319.4,17,0.0,0,0.0,0,0.0,0,0.0,0
2012-10-24T09:22:18.500,2319.2,15443,2319,182,0.0,0,0.0,0,0.0,0,0.0,0,2319.2,1,0.0,0,0.0,0,0.0,0,0.0,0
2012-10-24T09:22:19.000,2319.4,15446,2319,182,0.0,0,0.0,0,0.0,0,0.0,0,2319.4,22,0.0,0,0.0,0,0.0,0,0.0,0
2012-10-24T09:22:19.500,2319.4,15466,2319.2,6,0.0,0,0.0,0,0.0,0,0.0,0,2319.4,2,0.0,0,0.0,0,0.0,0,0.0,0
2012-10-24T09:22:20.250,2319.2,15470,2319.2,7,0.0,0,0.0,0,0.0,0,0.0,0,2319.4,6,0.0,0,0.0,0,0.0,0,0.0,0
2012-10-24T09:22:21.000,2319.2,15473,2319.2,21,0.0,0,0.0,0,0.0,0,0.0,0,2319.4,10,0.0,0,0.0,0,0.0,0,0.0,0
2012-10-24T09:22:21.500,2319.2,15479,2319.2,15,0.0,0,0.0,0,0.0,0,0.0,0,2319.4,14,0.0,0,0.0,0,0.0,0,0.0,0
2012-10-24T09:22:22.000,2319.4,15482,2319.2,28,0.0,0,0.0,0,0.0,0,0.0,0,2319.4,13,0.0,0,0.0,0,0.0,0,0.0,0
2012-10-24T09:22:22.500,2319.2,15486,2319.2,21,0.0,0,0.0,0,0.0,0,0.0,0,2319.4,14,0.0,0,0.0,0,0.0,0,0.0,0
2012-10-24T09:22:23.000,2319.2,15496,2319.2,11,0.0,0,0.0,0,0.0,0,0.0,0,2319.4,14,0.0,0,0.0,0,0.0,0,0.0,0
2012-10-24T09:22:23.500,2319,15511,2319,182,0.0,0,0.0,0,0.0,0,0.0,0,2319.2,1,0.0,0,0.0,0,0.0,0,0.0,0
2012-10-24T09:22:24.000,2319.2,15514,2319.2,18,0.0,0,0.0,0,0.0,0,0.0,0,2319.4,21,0.0,0,0.0,0,0.0,0,0.0,0
2012-10-24T09:22:24.500,2319.2,15520,2319.2,20,0.0,0,0.0,0,0.0,0,0.0,0,2319.4,26,0.0,0,0.0,0,0.0,0,0.0,0
2012-10-24T09:22:25.250,2319.2,15528,2319.2,12,0.0,0,0.0,0,0.0,0,0.0,0,2319.4,29,0.0,0,0.0,0,0.0,0,0.0,0
2012-10-24T09:22:26.000,2319.4,15530,2319.2,13,0.0,0,0.0,0,0.0,0,0.0,0,2319.4,29,0.0,0,0.0,0,0.0,0,0.0,0
2012-10-24T09:22:26.500,2319.2,15535,2319.2,14,0.0,0,0.0,0,0.0,0,0.0,0,2319.4,27,0.0,0,0.0,0,0.0,0,0.0,0
2012-10-24T09:22:27.000,2319.4,15537,2319.2,13,0.0,0,0.0,0,0.0,0,0.0,0,2319.4,31,0.0,0,0.0,0,0.0,0,0.0,0
2012-10-24T09:22:27.500,2319.2,15546,2319.2,6,0.0,0,0.0,0,0.0,0,0.0,0,2319.4,29,0.0,0,0.0,0,0.0,0,0.0,0
2012-10-24T09:22:28.000,2319.2,15547,2319.2,6,0.0,0,0.0,0,0.0,0,0.0,0,2319.4,29,0.0,0,0.0,0,0.0,0,0.0,0
2012-10-24T09:22:28.500,2319.2,15548,2319.2,6,0.0,0,0.0,0,0.0,0,0.0,0,2319.4,29,0.0,0,0.0,0,0.0,0,0.0,0
2012-10-24T09:22:29.000,2319,15561,2319,185,0.0,0,0.0,0,0.0,0,0.0,0,2319.4,28,0.0,0,0.0,0,0.0,0,0.0,0
2012-10-24T09:22:29.500,2319.4,15563,2319.2,6,0.0,0,0.0,0,0.0,0,0.0,0,2319.4,31,0.0,0,0.0,0,0.0,0,0.0,0
2012-10-24T09:22:30.000,2319.2,15567,2319.2,3,0.0,0,0.0,0,0.0,0,0.0,0,2319.4,31,0.0,0,0.0,0,0.0,0,0.0,0
2012-10-24T09:22:30.500,2319.4,15572,2319,184,0.0,0,0.0,0,0.0,0,0.0,0,2319.4,30,0.0,0,0.0,0,0.0,0,0.0,0
2012-10-24T09:22:31.000,2319,15573,2319,183,0.0,0,0.0,0,0.0,0,0.0,0,2319.2,2,0.0,0,0.0,0,0.0,0,0.0,0
2012-10-24T09:22:31.500,2319,15576,2319,180,0.0,0,0.0,0,0.0,0,0.0,0,2319.2,2,0.0,0,0.0,0,0.0,0,0.0,0
2012-10-24T09:22:32.000,2319,15578,2319,180,0.0,0,0.0,0,0.0,0,0.0,0,2319.2,4,0.0,0,0.0,0,0.0,0,0.0,0
2012-10-24T09:22:32.500,2319,15581,2319,178,0.0,0,0.0,0,0.0,0,0.0,0,2319.2,5,0.0,0,0.0,0,0.0,0,0.0,0
2012-10-24T09:22:33.250,2319.2,15583,2319,177,0.0,0,0.0,0,0.0,0,0.0,0,2319.2,4,0.0,0,0.0,0,0.0,0,0.0,0
2012-10-24T09:22:34.000,2319,15609,2319,152,0.0,0,0.0,0,0.0,0,0.0,0,2319.2,4,0.0,0,0.0,0,0.0,0,0.0,0
2012-10-24T09:22:34.500,2319.2,15633,2319,130,0.0,0,0.0,0,0.0,0,0.0,0,2319.2,3,0.0,0,0.0,0,0.0,0,0.0,0
2012-10-24T09:22:35.000,2319,15638,2319,126,0.0,0,0.0,0,0.0,0,0.0,0,2319.2,23,0.0,0,0.0,0,0.0,0,0.0,0
2012-10-24T09:22:35.500,2319,15642,2319,122,0.0,0,0.0,0,0.0,0,0.0,0,2319.2,26,0.0,0,0.0,0,0.0,0,0.0,0
2012-10-24T09:22:36.000,2319,15678,2319,87,0.0,0,0.0,0,0.0,0,0.0,0,2319.2,27,0.0,0,0.0,0,0.0,0,0.0,0
2012-10-24T09:22:36.500,2319,15702,2319,63,0.0,0,0.0,0,0.0,0,0.0,0,2319.2,36,0.0,0,0.0,0,0.0,0,0.0,0
2012-10-24T09:22:37.000,2319,15719,2319,51,0.0,0,0.0,0,0.0,0,0.0,0,2319.2,33,0.0,0,0.0,0,0.0,0,0.0,0
2012-10-24T09:22:37.500,2319,15722,2319,48,0.0,0,0.0,0,0.0,0,0.0,0,2319.2,34,0.0,0,0.0,0,0.0,0,0.0,0
2012-10-24T09:22:38.000,2319,15725,2319,45,0.0,0,0.0,0,0.0,0,0.0,0,2319.2,34,0.0,0,0.0,0,0.0,0,0.0,0
2012-10-24T09:22:38.500,2319.2,15727,2319,44,0.0,0,0.0,0,0.0,0,0.0,0,2319.2,23,0.0,0,0.0,0,0.0,0,0.0,0
2012-10-24T09:22:39.000,2319,15728,2319,93,0.0,0,0.0,0,0.0,0,0.0,0,2319.2,25,0.0,0,0.0,0,0.0,0,0.0,0
2012-10-24T09:22:39.500,2319.2,15732,2319,102,0.0,0,0.0,0,0.0,0,0.0,0,2319.2,16,0.0,0,0.0,0,0.0,0,0.0,0
2012-10-24T09:22:40.000,2319.2,15757,2319.2,18,0.0,0,0.0,0,0.0,0,0.0,0,2319.4,55,0.0,0,0.0,0,0.0,0,0.0,0
2012-10-24T09:22:40.500,2319.2,15759,2319.2,28,0.0,0,0.0,0,0.0,0,0.0,0,2319.4,55,0.0,0,0.0,0,0.0,0,0.0,0
2012-10-24T09:22:41.250,2319.2,15765,2319.2,39,0.0,0,0.0,0,0.0,0,0.0,0,2319.4,55,0.0,0,0.0,0,0.0,0,0.0,0
2012-10-24T09:22:42.000,2319.2,15766,2319.2,39,0.0,0,0.0,0,0.0,0,0.0,0,2319.4,56,0.0,0,0.0,0,0.0,0,0.0,0
2012-10-24T09:22:42.500,2319.4,15774,2319.2,29,0.0,0,0.0,0,0.0,0,0.0,0,2319.4,48,0.0,0,0.0,0,0.0,0,0.0,0
2012-10-24T09:22:43.000,2319.4,15805,2319.2,21,0.0,0,0.0,0,0.0,0,0.0,0,2319.4,18,0.0,0,0.0,0,0.0,0,0.0,0
2012-10-24T09:22:43.500,2319.2,15806,2319.2,20,0.0,0,0.0,0,0.0,0,0.0,0,2319.4,20,0.0,0,0.0,0,0.0,0,0.0,0
2012-10-24T09:22:44.000,2319.4,15811,2319.2,48,0.0,0,0.0,0,0.0,0,0.0,0,2319.4,19,0.0,0,0.0,0,0.0,0,0.0,0
2012-10-24T09:22:44.500,2319.4,15817,2319.2,45,0.0,0,0.0,0,0.0,0,0.0,0,2319.4,16,0.0,0,0.0,0,0.0,0,0.0,0
2012-10-24T09:22:45.000,2319.4,15822,2319.2,53,0.0,0,0.0,0,0.0,0,0.0,0,2319.4,11,0.0,0,0.0,0,0.0,0,0.0,0
2012-10-24T09:22:45.500,2319.4,15838,2319.4,1,0.0,0,0.0,0,0.0,0,0.0,0,2319.6,51,0.0,0,0.0,0,0.0,0,0.0,0
2012-10-24T09:22:46.000,2319.6,15841,2319.4,1,0.0,0,0.0,0,0.0,0,0.0,0,2319.6,46,0.0,0,0.0,0,0.0,0,0.0,0
2012-10-24T09:22:46.500,2319.6,15842,2319.4,7,0.0,0,0.0,0,0.0,0,0.0,0,2319.6,46,0.0,0,0.0,0,0.0,0,0.0,0
2012-10-24T09:22:47.000,2319.6,15846,2319.4,12,0.0,0,0.0,0,0.0,0,0.0,0,2319.6,42,0.0,0,0.0,0,0.0,0,0.0,0
2012-10-24T09:22:47.500,2319.4,15855,2319.4,9,0.0,0,0.0,0,0.0,0,0.0,0,2319.6,36,0.0,0,0.0,0,0.0,0,0.0,0
2012-10-24T09:22:48.250,2319.6,15860,2319.4,11,0.0,0,0.0,0,0.0,0,0.0,0,2319.6,31,0.0,0,0.0,0,0.0,0,0.0,0
2012-10-24T09:22:49.000,2319.6,15863,2319.4,12,0.0,0,0.0,0,0.0,0,0.0,0,2319.6,31,0.0,0,0.0,0,0.0,0,0.0,0
2012-10-24T09:22:49.500,2319.4,15866,2319.4,10,0.0,0,0.0,0,0.0,0,0.0,0,2319.6,33,0.0,0,0.0,0,0.0,0,0.0,0
2012-10-24T09:22:50.000,2319.6,15867,2319.4,11,0.0,0,0.0,0,0.0,0,0.0,0,2319.6,33,0.0,0,0.0,0,0.0,0,0.0,0
2012-10-24T09:22:50.500,2319.6,15871,2319.4,8,0.0,0,0.0,0,0.0,0,0.0,0,2319.6,33,0.0,0,0.0,0,0.0,0,0.0,0
2012-10-24T09:22:51.000,2319.4,15884,2319.4,5,0.0,0,0.0,0,0.0,0,0.0,0,2319.6,23,0.0,0,0.0,0,0.0,0,0.0,0
2012-10-24T09:22:51.500,2319.4,15892,2319.4,2,0.0,0,0.0,0,0.0,0,0.0,0,2319.6,22,0.0,0,0.0,0,0.0,0,0.0,0
2012-10-24T09:22:52.250,2319.4,15893,2319.4,8,0.0,0,0.0,0,0.0,0,0.0,0,2319.6,28,0.0,0,0.0,0,0.0,0,0.0,0
2012-10-24T09:22:53.000,2319.4,15894,2319.4,16,0.0,0,0.0,0,0.0,0,0.0,0,2319.6,28,0.0,0,0.0,0,0.0,0,0.0,0
2012-10-24T09:22:53.500,2319.4,15896,2319.4,24,0.0,0,0.0,0,0.0,0,0.0,0,2319.6,27,0.0,0,0.0,0,0.0,0,0.0,0
2012-10-24T09:22:54.000,2319.6,15899,2319.4,24,0.0,0,0.0,0,0.0,0,0.0,0,2319.6,25,0.0,0,0.0,0,0.0,0,0.0,0
2012-10-24T09:22:54.500,2319.6,15906,2319.4,24,0.0,0,0.0,0,0.0,0,0.0,0,2319.6,22,0.0,0,0.0,0,0.0,0,0.0,0
2012-10-24T09:22:55.000,2319.4,15907,2319.4,23,0.0,0,0.0,0,0.0,0,0.0,0,2319.6,22,0.0,0,0.0,0,0.0,0,0.0,0
2012-10-24T09:22:55.500,2319.6,15908,2319.4,24,0.0,0,0.0,0,0.0,0,0.0,0,2319.6,21,0.0,0,0.0,0,0.0,0,0.0,0
2012-10-24T09:22:56.000,2319.6,15912,2319.4,22,0.0,0,0.0,0,0.0,0,0.0,0,2319.6,20,0.0,0,0.0,0,0.0,0,0.0,0
2012-10-24T09:22:56.500,2319.6,15913,2319.4,24,0.0,0,0.0,0,0.0,0,0.0,0,2319.6,20,0.0,0,0.0,0,0.0,0,0.0,0
2012-10-24T09:22:57.000,2319.4,15935,2319.4,22,0.0,0,0.0,0,0.0,0,0.0,0,2319.6,2,0.0,0,0.0,0,0.0,0,0.0,0
2012-10-24T09:22:57.500,2319.4,15944,2319.4,22,0.0,0,0.0,0,0.0,0,0.0,0,2319.6,6,0.0,0,0.0,0,0.0,0,0.0,0
2012-10-24T09:22:58.000,2319.6,15951,2319.4,17,0.0,0,0.0,0,0.0,0,0.0,0,2319.6,4,0.0,0,0.0,0,0.0,0,0.0,0
2012-10-24T09:22:58.500,2319.6,15952,2319.4,18,0.0,0,0.0,0,0.0,0,0.0,0,2319.6,3,0.0,0,0.0,0,0.0,0,0.0,0
2012-10-24T09:22:59.000,2319.8,15956,2319.4,18,0.0,0,0.0,0,0.0,0,0.0,0,2319.8,62,0.0,0,0.0,0,0.0,0,0.0,0
2012-10-24T09:22:59.500,2319.6,15957,2319.4,17,0.0,0,0.0,0,0.0,0,0.0,0,2319.8,62,0.0,0,0.0,0,0.0,0,0.0,0
2012-10-24T09:23:00.000,2319.6,15970,2319.6,1,0.0,0,0.0,0,0.0,0,0.0,0,2319.8,64,0.0,0,0.0,0,0.0,0,0.0,0
2012-10-24T09:23:00.500,2319.8,15982,2319.6,9,0.0,0,0.0,0,0.0,0,0.0,0,2319.8,54,0.0,0,0.0,0,0.0,0,0.0,0
2012-10-24T09:23:01.000,2319.6,15989,2319.6,8,0.0,0,0.0,0,0.0,0,0.0,0,2319.8,49,0.0,0,0.0,0,0.0,0,0.0,0
2012-10-24T09:23:01.500,2319.6,16006,2319.6,1,0.0,0,0.0,0,0.0,0,0.0,0,2319.8,43,0.0,0,0.0,0,0.0,0,0.0,0
2012-10-24T09:23:02.000,2319.6,16011,2319.4,15,0.0,0,0.0,0,0.0,0,0.0,0,2319.8,43,0.0,0,0.0,0,0.0,0,0.0,0
2012-10-24T09:23:02.500,2319.4,16015,2319.6,1,0.0,0,0.0,0,0.0,0,0.0,0,2319.8,44,0.0,0,0.0,0,0.0,0,0.0,0
2012-10-24T09:23:03.000,2319.4,16017,2319.4,12,0.0,0,0.0,0,0.0,0,0.0,0,2319.8,52,0.0,0,0.0,0,0.0,0,0.0,0
2012-10-24T09:23:03.500,2319.4,16019,2319.4,10,0.0,0,0.0,0,0.0,0,0.0,0,2319.6,5,0.0,0,0.0,0,0.0,0,0.0,0
2012-10-24T09:23:04.000,2319.4,16022,2319.4,8,0.0,0,0.0,0,0.0,0,0.0,0,2319.6,11,0.0,0,0.0,0,0.0,0,0.0,0
2012-10-24T09:23:04.500,2319.4,16032,2319.2,28,0.0,0,0.0,0,0.0,0,0.0,0,2319.4,2,0.0,0,0.0,0,0.0,0,0.0,0
2012-10-24T09:23:05.000,2319.4,16034,2319.2,28,0.0,0,0.0,0,0.0,0,0.0,0,2319.4,6,0.0,0,0.0,0,0.0,0,0.0,0
2012-10-24T09:23:05.500,2319.2,16037,2319.2,25,0.0,0,0.0,0,0.0,0,0.0,0,2319.4,6,0.0,0,0.0,0,0.0,0,0.0,0
2012-10-24T09:23:06.000,2319.2,16038,2319.2,24,0.0,0,0.0,0,0.0,0,0.0,0,2319.4,6,0.0,0,0.0,0,0.0,0,0.0,0
2012-10-24T09:23:06.500,2319.4,16041,2319.2,22,0.0,0,0.0,0,0.0,0,0.0,0,2319.4,5,0.0,0,0.0,0,0.0,0,0.0,0
2012-10-24T09:23:07.000,2319.2,16074,2319,46,0.0,0,0.0,0,0.0,0,0.0,0,2319.6,27,0.0,0,0.0,0,0.0,0,0.0,0
2012-10-24T09:23:07.500,2319,16076,2319,34,0.0,0,0.0,0,0.0,0,0.0,0,2319.4,1,0.0,0,0.0,0,0.0,0,0.0,0
2012-10-24T09:23:08.000,2319,16094,2319,23,0.0,0,0.0,0,0.0,0,0.0,0,2319.4,9,0.0,0,0.0,0,0.0,0,0.0,0
2012-10-24T09:23:08.500,2319.2,16098,2319.2,1,0.0,0,0.0,0,0.0,0,0.0,0,2319.4,13,0.0,0,0.0,0,0.0,0,0.0,0
2012-10-24T09:23:09.000,2319,16100,2319,23,0.0,0,0.0,0,0.0,0,0.0,0,2319.2,4,0.0,0,0.0,0,0.0,0,0.0,0
2012-10-24T09:23:09.500,2319,16104,2319,22,0.0,0,0.0,0,0.0,0,0.0,0,2319.2,12,0.0,0,0.0,0,0.0,0,0.0,0
2012-10-24T09:23:10.000,2319.2,16110,2319,17,0.0,0,0.0,0,0.0,0,0.0,0,2319.2,11,0.0,0,0.0,0,0.0,0,0.0,0
2012-10-24T09:23:10.500,2319.2,16122,2319,6,0.0,0,0.0,0,0.0,0,0.0,0,2319.2,19,0.0,0,0.0,0,0.0,0,0.0,0
2012-10-24T09:23:11.000,2318.8,16133,2318.8,42,0.0,0,0.0,0,0.0,0,0.0,0,2319.2,20,0.0,0,0.0,0,0.0,0,0.0,0
2012-10-24T09:23:11.500,2319.2,16139,2319,7,0.0,0,0.0,0,0.0,0,0.0,0,2319.2,15,0.0,0,0.0,0,0.0,0,0.0,0
2012-10-24T09:23:12.000,2318.8,16159,2318.8,37,0.0,0,0.0,0,0.0,0,0.0,0,2319,2,0.0,0,0.0,0,0.0,0,0.0,0
2012-10-24T09:23:12.500,2319,16171,2318.8,28,0.0,0,0.0,0,0.0,0,0.0,0,2319,11,0.0,0,0.0,0,0.0,0,0.0,0
2012-10-24T09:23:13.000,2318.8,16186,2318.8,25,0.0,0,0.0,0,0.0,0,0.0,0,2319.2,19,0.0,0,0.0,0,0.0,0,0.0,0
2012-10-24T09:23:13.500,2319,16187,2318.8,25,0.0,0,0.0,0,0.0,0,0.0,0,2319.2,19,0.0,0,0.0,0,0.0,0,0.0,0
2012-10-24T09:23:14.000,2319.2,16193,2319,3,0.0,0,0.0,0,0.0,0,0.0,0,2319.2,19,0.0,0,0.0,0,0.0,0,0.0,0
2012-10-24T09:23:14.500,2319,16198,2319,4,0.0,0,0.0,0,0.0,0,0.0,0,2319.2,16,0.0,0,0.0,0,0.0,0,0.0,0
2012-10-24T09:23:15.250,2319,16205,2319,3,0.0,0,0.0,0,0.0,0,0.0,0,2319.2,12,0.0,0,0.0,0,0.0,0,0.0,0
