date_time,last_px,total_volume,bid1_px,bid1_qty,bid2_px,bid2_qty,bid3_px,bid3_qty,bid4_px,bid4_qty,bid5_px,bid5_qty,ask1_px,ask1_qty,ask2_px,ask2_qty,ask3_px,ask3_qty,ask4_px,ask4_qty,ask5_px,ask5_qty
2012-10-30T09:14:00.250,2245,232,2245,4,0.0,0,0.0,0,0.0,0,0.0,0,2245.2,5,0.0,0,0.0,0,0.0,0,0.0,0
2012-10-30T09:15:00.250,2246,394,2245.4,2,0.0,0,0.0,0,0.0,0,0.0,0,2246,6,0.0,0,0.0,0,0.0,0,0.0,0
2012-10-30T09:15:01.000,2246.2,452,2246,1,0.0,0,0.0,0,0.0,0,0.0,0,2246.2,43,0.0,0,0.0,0,0.0,0,0.0,0
2012-10-30T09:15:01.500,2246.2,555,2245.6,1,0.0,0,0.0,0,0.0,0,0.0,0,2246.6,3,0.0,0,0.0,0,0.0,0,0.0,0
2012-10-30T09:15:02.000,2246.2,644,2245.8,37,0.0,0,0.0,0,0.0,0,0.0,0,2246.2,11,0.0,0,0.0,0,0.0,0,0.0,0
2012-10-30T09:15:02.500,2246.2,705,2245.8,12,0.0,0,0.0,0,0.0,0,0.0,0,2246,4,0.0,0,0.0,0,0.0,0,0.0,0
2012-10-30T09:15:03.000,2246,767,2246,1,0.0,0,0.0,0,0.0,0,0.0,0,2246.2,4,0.0,0,0.0,0,0.0,0,0.0,0
2012-10-30T09:15:03.500,2245.8,801,2245.8,2,0.0,0,0.0,0,0.0,0,0.0,0,2246,5,0.0,0,0.0,0,0.0,0,0.0,0
2012-10-30T09:15:04.000,2246,829,2245.4,23,0.0,0,0.0,0,0.0,0,0.0,0,2246.4,5,0.0,0,0.0,0,0.0,0,0.0,0
2012-10-30T09:15:04.500,2245.8,857,2245.6,2,0.0,0,0.0,0,0.0,0,0.0,0,2245.8,2,0.0,0,0.0,0,0.0,0,0.0,0
2012-10-30T09:15:05.000,2246,883,2245.8,5,0.0,0,0.0,0,0.0,0,0.0,0,2246,1,0.0,0,0.0,0,0.0,0,0.0,0
2012-10-30T09:15:05.500,2245.6,899,2245.4,23,0.0,0,0.0,0,0.0,0,0.0,0,2245.8,1,0.0,0,0.0,0,0.0,0,0.0,0
2012-10-30T09:15:06.000,2245.8,917,2245.8,7,0.0,0,0.0,0,0.0,0,0.0,0,2246,23,0.0,0,0.0,0,0.0,0,0.0,0
2012-10-30T09:15:06.500,2245.6,951,2245.6,13,0.0,0,0.0,0,0.0,0,0.0,0,2246,9,0.0,0,0.0,0,0.0,0,0.0,0
2012-10-30T09:15:07.000,2245.4,975,2245.4,8,0.0,0,0.0,0,0.0,0,0.0,0,2245.6,18,0.0,0,0.0,0,0.0,0,0.0,0
2012-10-30T09:15:07.500,2245.4,1016,2245.4,4,0.0,0,0.0,0,0.0,0,0.0,0,2245.8,7,0.0,0,0.0,0,0.0,0,0.0,0
2012-10-30T09:15:08.000,2245.6,1040,2245.4,1,0.0,0,0.0,0,0.0,0,0.0,0,2245.6,16,0.0,0,0.0,0,0.0,0,0.0,0
2012-10-30T09:15:08.500,2245.2,1062,2245.2,101,0.0,0,0.0,0,0.0,0,0.0,0,2245.4,19,0.0,0,0.0,0,0.0,0,0.0,0
2012-10-30T09:15:09.000,2245.2,1099,2245.2,84,0.0,0,0.0,0,0.0,0,0.0,0,2245.4,2,0.0,0,0.0,0,0.0,0,0.0,0
2012-10-30T09:15:09.500,2245.4,1140,2245.2,62,0.0,0,0.0,0,0.0,0,0.0,0,2245.4,8,0.0,0,0.0,0,0.0,0,0.0,0
2012-10-30T09:15:10.000,2245.4,1200,2245.2,11,0.0,0,0.0,0,0.0,0,0.0,0,2245.4,5,0.0,0,0.0,0,0.0,0,0.0,0
2012-10-30T09:15:10.500,2245.4,1234,2245,111,0.0,0,0.0,0,0.0,0,0.0,0,2245.2,4,0.0,0,0.0,0,0.0,0,0.0,0
2012-10-30T09:15:11.000,2245,1254,2245,97,0.0,0,0.0,0,0.0,0,0.0,0,2245.2,9,0.0,0,0.0,0,0.0,0,0.0,0
2012-10-30T09:15:11.500,2245.2,1285,2245.2,2,0.0,0,0.0,0,0.0,0,0.0,0,2245.8,24,0.0,0,0.0,0,0.0,0,0.0,0
2012-10-30T09:15:12.000,2245.4,1320,2245.2,14,0.0,0,0.0,0,0.0,0,0.0,0,2245.4,5,0.0,0,0.0,0,0.0,0,0.0,0
2012-10-30T09:15:12.500,2245.4,1327,2245.2,27,0.0,0,0.0,0,0.0,0,0.0,0,2245.4,7,0.0,0,0.0,0,0.0,0,0.0,0
2012-10-30T09:15:13.000,2245.4,1377,2245.4,6,0.0,0,0.0,0,0.0,0,0.0,0,2245.6,26,0.0,0,0.0,0,0.0,0,0.0,0
2012-10-30T09:15:13.500,2245.4,1390,2245.4,1,0.0,0,0.0,0,0.0,0,0.0,0,2245.6,12,0.0,0,0.0,0,0.0,0,0.0,0
2012-10-30T09:15:14.000,2245.6,1416,2245,72,0.0,0,0.0,0,0.0,0,0.0,0,2245.6,7,0.0,0,0.0,0,0.0,0,0.0,0
2012-10-30T09:15:14.500,2245.4,1419,2245.2,31,0.0,0,0.0,0,0.0,0,0.0,0,2245.4,3,0.0,0,0.0,0,0.0,0,0.0,0
2012-10-30T09:15:15.000,2245.6,1467,2245,74,0.0,0,0.0,0,0.0,0,0.0,0,2245.4,1,0.0,0,0.0,0,0.0,0,0.0,0
2012-10-30T09:15:15.500,2245.8,1477,2245.6,3,0.0,0,0.0,0,0.0,0,0.0,0,2245.8,32,0.0,0,0.0,0,0.0,0,0.0,0
2012-10-30T09:15:16.000,2245.4,1606,2245.4,10,0.0,0,0.0,0,0.0,0,0.0,0,2245.8,14,0.0,0,0.0,0,0.0,0,0.0,0
2012-10-30T09:15:16.500,2245.4,1640,2245.4,4,0.0,0,0.0,0,0.0,0,0.0,0,2245.8,2,0.0,0,0.0,0,0.0,0,0.0,0
2012-10-30T09:15:17.000,2245.6,1691,2245.4,21,0.0,0,0.0,0,0.0,0,0.0,0,2246,9,0.0,0,0.0,0,0.0,0,0.0,0
2012-10-30T09:15:17.500,2246,1700,2246,7,0.0,0,0.0,0,0.0,0,0.0,0,2246.2,4,0.0,0,0.0,0,0.0,0,0.0,0
2012-10-30T09:15:18.000,2246.4,1709,2246.4,47,0.0,0,0.0,0,0.0,0,0.0,0,2246.6,2,0.0,0,0.0,0,0.0,0,0.0,0
2012-10-30T09:15:18.500,2246.6,1716,2246.6,59,0.0,0,0.0,0,0.0,0,0.0,0,2246.8,8,0.0,0,0.0,0,0.0,0,0.0,0
2012-10-30T09:15:19.000,2247,1753,2246.8,41,0.0,0,0.0,0,0.0,0,0.0,0,2247,30,0.0,0,0.0,0,0.0,0,0.0,0
2012-10-30T09:15:19.500,2247,1836,2247,2,0.0,0,0.0,0,0.0,0,0.0,0,2247.2,1,0.0,0,0.0,0,0.0,0,0.0,0
2012-10-30T09:15:20.000,2247.4,1848,2247.4,3,0.0,0,0.0,0,0.0,0,0.0,0,2247.8,29,0.0,0,0.0,0,0.0,0,0.0,0
2012-10-30T09:15:20.500,2247.2,1880,2247.2,9,0.0,0,0.0,0,0.0,0,0.0,0,2247.4,1,0.0,0,0.0,0,0.0,0,0.0,0
2012-10-30T09:15:21.000,2247,1972,2246.6,56,0.0,0,0.0,0,0.0,0,0.0,0,2247,3,0.0,0,0.0,0,0.0,0,0.0,0
2012-10-30T09:15:21.500,2246.8,1989,2246.6,52,0.0,0,0.0,0,0.0,0,0.0,0,2246.8,9,0.0,0,0.0,0,0.0,0,0.0,0
2012-10-30T09:15:22.000,2246.8,2034,2246.6,43,0.0,0,0.0,0,0.0,0,0.0,0,2246.8,2,0.0,0,0.0,0,0.0,0,0.0,0
2012-10-30T09:15:22.500,2246.6,2058,2246.6,39,0.0,0,0.0,0,0.0,0,0.0,0,2246.8,4,0.0,0,0.0,0,0.0,0,0.0,0
2012-10-30T09:15:23.000,2246.8,2094,2246.6,24,0.0,0,0.0,0,0.0,0,0.0,0,2246.8,14,0.0,0,0.0,0,0.0,0,0.0,0
2012-10-30T09:15:23.500,2246.8,2107,2246.6,16,0.0,0,0.0,0,0.0,0,0.0,0,2246.8,30,0.0,0,0.0,0,0.0,0,0.0,0
2012-10-30T09:15:24.000,2246.8,2136,2246.6,3,0.0,0,0.0,0,0.0,0,0.0,0,2246.8,15,0.0,0,0.0,0,0.0,0,0.0,0
2012-10-30T09:15:24.500,2246.8,2160,2246.8,15,0.0,0,0.0,0,0.0,0,0.0,0,2247,2,0.0,0,0.0,0,0.0,0,0.0,0
2012-10-30T09:15:25.000,2247,2184,2246.6,4,0.0,0,0.0,0,0.0,0,0.0,0,2247,1,0.0,0,0.0,0,0.0,0,0.0,0
2012-10-30T09:15:25.500,2247,2204,2246.8,4,0.0,0,0.0,0,0.0,0,0.0,0,2247,4,0.0,0,0.0,0,0.0,0,0.0,0
2012-10-30T09:15:26.000,2247,2216,2246.6,31,0.0,0,0.0,0,0.0,0,0.0,0,2247,3,0.0,0,0.0,0,0.0,0,0.0,0
2012-10-30T09:15:26.500,2246.6,2234,2246.6,39,0.0,0,0.0,0,0.0,0,0.0,0,2247,1,0.0,0,0.0,0,0.0,0,0.0,0
2012-10-30T09:15:27.000,2246.6,2244,2246.6,40,0.0,0,0.0,0,0.0,0,0.0,0,2247,23,0.0,0,0.0,0,0.0,0,0.0,0
2012-10-30T09:15:27.500,2246.8,2256,2246.6,43,0.0,0,0.0,0,0.0,0,0.0,0,2246.8,2,0.0,0,0.0,0,0.0,0,0.0,0
2012-10-30T09:15:28.000,2246.8,2270,2246.6,33,0.0,0,0.0,0,0.0,0,0.0,0,2247,85,0.0,0,0.0,0,0.0,0,0.0,0
2012-10-30T09:15:28.500,2246.6,2292,2246.6,19,0.0,0,0.0,0,0.0,0,0.0,0,2246.8,10,0.0,0,0.0,0,0.0,0,0.0,0
2012-10-30T09:15:29.000,2246.6,2311,2246.6,1,0.0,0,0.0,0,0.0,0,0.0,0,2246.8,9,0.0,0,0.0,0,0.0,0,0.0,0
2012-10-30T09:15:29.500,2246.2,2318,2246.2,15,0.0,0,0.0,0,0.0,0,0.0,0,2246.4,33,0.0,0,0.0,0,0.0,0,0.0,0
2012-10-30T09:15:30.000,2246.4,2367,2246.2,5,0.0,0,0.0,0,0.0,0,0.0,0,2246.4,33,0.0,0,0.0,0,0.0,0,0.0,0
2012-10-30T09:15:30.500,2246.2,2380,2246.2,5,0.0,0,0.0,0,0.0,0,0.0,0,2246.4,23,0.0,0,0.0,0,0.0,0,0.0,0
2012-10-30T09:15:31.000,2246.6,2463,2245.8,11,0.0,0,0.0,0,0.0,0,0.0,0,2246,7,0.0,0,0.0,0,0.0,0,0.0,0
2012-10-30T09:15:31.500,2245.4,2481,2245.4,24,0.0,0,0.0,0,0.0,0,0.0,0,2245.6,7,0.0,0,0.0,0,0.0,0,0.0,0
2012-10-30T09:15:32.000,2245.6,2509,2245.4,10,0.0,0,0.0,0,0.0,0,0.0,0,2245.6,12,0.0,0,0.0,0,0.0,0,0.0,0
2012-10-30T09:15:32.500,2245.6,2521,2245.4,17,0.0,0,0.0,0,0.0,0,0.0,0,2245.6,2,0.0,0,0.0,0,0.0,0,0.0,0
2012-10-30T09:15:33.000,2246,2574,2245.2,73,0.0,0,0.0,0,0.0,0,0.0,0,2245.4,1,0.0,0,0.0,0,0.0,0,0.0,0
2012-10-30T09:15:33.500,2245.4,2584,2245.4,3,0.0,0,0.0,0,0.0,0,0.0,0,2246,2,0.0,0,0.0,0,0.0,0,0.0,0
2012-10-30T09:15:34.000,2245.4,2605,2245.4,2,0.0,0,0.0,0,0.0,0,0.0,0,2245.8,5,0.0,0,0.0,0,0.0,0,0.0,0
2012-10-30T09:15:34.500,2245.6,2614,2245.6,5,0.0,0,0.0,0,0.0,0,0.0,0,2245.8,11,0.0,0,0.0,0,0.0,0,0.0,0
2012-10-30T09:15:35.000,2246,2636,2245.2,72,0.0,0,0.0,0,0.0,0,0.0,0,2246,8,0.0,0,0.0,0,0.0,0,0.0,0
2012-10-30T09:15:35.500,2245.6,2639,2245.4,3,0.0,0,0.0,0,0.0,0,0.0,0,2245.6,1,0.0,0,0.0,0,0.0,0,0.0,0
2012-10-30T09:15:36.000,2245.2,2643,2245.4,2,0.0,0,0.0,0,0.0,0,0.0,0,2245.6,5,0.0,0,0.0,0,0.0,0,0.0,0
2012-10-30T09:15:36.500,2245.4,2651,2245.4,4,0.0,0,0.0,0,0.0,0,0.0,0,2245.8,12,0.0,0,0.0,0,0.0,0,0.0,0
2012-10-30T09:15:37.000,2245.8,2663,2245.8,3,0.0,0,0.0,0,0.0,0,0.0,0,2246,11,0.0,0,0.0,0,0.0,0,0.0,0
2012-10-30T09:15:37.500,2245.8,2676,2245.6,2,0.0,0,0.0,0,0.0,0,0.0,0,2246,3,0.0,0,0.0,0,0.0,0,0.0,0
2012-10-30T09:15:38.000,2245.6,2692,2245.4,29,0.0,0,0.0,0,0.0,0,0.0,0,2245.6,1,0.0,0,0.0,0,0.0,0,0.0,0
2012-10-30T09:15:38.500,2246,2700,2245.8,1,0.0,0,0.0,0,0.0,0,0.0,0,2246,1,0.0,0,0.0,0,0.0,0,0.0,0
2012-10-30T09:15:39.000,2246,2703,2245.6,17,0.0,0,0.0,0,0.0,0,0.0,0,2246,3,0.0,0,0.0,0,0.0,0,0.0,0
2012-10-30T09:15:39.500,2245.8,2707,2245.8,4,0.0,0,0.0,0,0.0,0,0.0,0,2246,4,0.0,0,0.0,0,0.0,0,0.0,0
2012-10-30T09:15:40.000,2246,2715,2245.8,4,0.0,0,0.0,0,0.0,0,0.0,0,2246,2,0.0,0,0.0,0,0.0,0,0.0,0
2012-10-30T09:15:40.500,2246,2718,2245.8,3,0.0,0,0.0,0,0.0,0,0.0,0,2246,9,0.0,0,0.0,0,0.0,0,0.0,0
2012-10-30T09:15:41.000,2246,2719,2245.8,4,0.0,0,0.0,0,0.0,0,0.0,0,2246,8,0.0,0,0.0,0,0.0,0,0.0,0
2012-10-30T09:15:41.500,2246,2731,2246,5,0.0,0,0.0,0,0.0,0,0.0,0,2246.2,49,0.0,0,0.0,0,0.0,0,0.0,0
2012-10-30T09:15:42.000,2246,2735,2246,15,0.0,0,0.0,0,0.0,0,0.0,0,2246.2,48,0.0,0,0.0,0,0.0,0,0.0,0
2012-10-30T09:15:42.500,2246,2746,2246,16,0.0,0,0.0,0,0.0,0,0.0,0,2246.2,49,0.0,0,0.0,0,0.0,0,0.0,0
2012-10-30T09:15:43.000,2246,2751,2246,13,0.0,0,0.0,0,0.0,0,0.0,0,2246.2,48,0.0,0,0.0,0,0.0,0,0.0,0
2012-10-30T09:15:43.500,2246,2757,2246,13,0.0,0,0.0,0,0.0,0,0.0,0,2246.2,44,0.0,0,0.0,0,0.0,0,0.0,0
2012-10-30T09:15:44.000,2246,2758,2246,13,0.0,0,0.0,0,0.0,0,0.0,0,2246.2,44,0.0,0,0.0,0,0.0,0,0.0,0
2012-10-30T09:15:44.500,2245.8,2778,2245.8,1,0.0,0,0.0,0,0.0,0,0.0,0,2246.2,43,0.0,0,0.0,0,0.0,0,0.0,0
2012-10-30T09:15:45.000,2246,2784,2246,3,0.0,0,0.0,0,0.0,0,0.0,0,2246.2,38,0.0,0,0.0,0,0.0,0,0.0,0
2012-10-30T09:15:45.500,2246,2789,2245.8,1,0.0,0,0.0,0,0.0,0,0.0,0,2246,3,0.0,0,0.0,0,0.0,0,0.0,0
2012-10-30T09:15:46.000,2246,2798,2246,1,0.0,0,0.0,0,0.0,0,0.0,0,2246.2,39,0.0,0,0.0,0,0.0,0,0.0,0
2012-10-30T09:15:46.500,2246,2801,2245.6,18,0.0,0,0.0,0,0.0,0,0.0,0,2245.8,2,0.0,0,0.0,0,0.0,0,0.0,0
2012-10-30T09:15:47.000,2246,2815,2245.6,25,0.0,0,0.0,0,0.0,0,0.0,0,2246,61,0.0,0,0.0,0,0.0,0,0.0,0
2012-10-30T09:15:47.500,2246,2825,2245.8,10,0.0,0,0.0,0,0.0,0,0.0,0,2246,61,0.0,0,0.0,0,0.0,0,0.0,0
2012-10-30T09:15:48.000,2245.8,2848,2245.6,21,0.0,0,0.0,0,0.0,0,0.0,0,2245.8,16,0.0,0,0.0,0,0.0,0,0.0,0
2012-10-30T09:15:48.500,2245.8,2853,2245.6,23,0.0,0,0.0,0,0.0,0,0.0,0,2245.8,13,0.0,0,0.0,0,0.0,0,0.0,0
2012-10-30T09:15:49.000,2245.8,2868,2245.6,16,0.0,0,0.0,0,0.0,0,0.0,0,2245.8,14,0.0,0,0.0,0,0.0,0,0.0,0
2012-10-30T09:15:49.500,2245.6,2883,2245.6,5,0.0,0,0.0,0,0.0,0,0.0,0,2245.8,25,0.0,0,0.0,0,0.0,0,0.0,0
2012-10-30T09:15:50.000,2245.8,2888,2245.6,17,0.0,0,0.0,0,0.0,0,0.0,0,2245.8,20,0.0,0,0.0,0,0.0,0,0.0,0
2012-10-30T09:15:50.500,2245.6,2899,2245.6,5,0.0,0,0.0,0,0.0,0,0.0,0,2245.8,21,0.0,0,0.0,0,0.0,0,0.0,0
2012-10-30T09:15:51.000,2245.6,2919,2245.4,60,0.0,0,0.0,0,0.0,0,0.0,0,2245.6,3,0.0,0,0.0,0,0.0,0,0.0,0
2012-10-30T09:15:51.500,2245.6,2933,2245.6,2,0.0,0,0.0,0,0.0,0,0.0,0,2245.8,10,0.0,0,0.0,0,0.0,0,0.0,0
2012-10-30T09:15:52.000,2245.6,2937,2245.6,5,0.0,0,0.0,0,0.0,0,0.0,0,2245.8,5,0.0,0,0.0,0,0.0,0,0.0,0
2012-10-30T09:15:52.500,2245.6,2948,2245.6,4,0.0,0,0.0,0,0.0,0,0.0,0,2245.8,3,0.0,0,0.0,0,0.0,0,0.0,0
2012-10-30T09:15:53.000,2245.4,2956,2245.6,14,0.0,0,0.0,0,0.0,0,0.0,0,2245.8,6,0.0,0,0.0,0,0.0,0,0.0,0
2012-10-30T09:15:53.500,2245.6,2960,2245.6,26,0.0,0,0.0,0,0.0,0,0.0,0,2245.8,3,0.0,0,0.0,0,0.0,0,0.0,0
2012-10-30T09:15:54.000,2245.8,2965,2245.6,26,0.0,0,0.0,0,0.0,0,0.0,0,2246,64,0.0,0,0.0,0,0.0,0,0.0,0
2012-10-30T09:15:54.500,2245.6,2969,2245.6,23,0.0,0,0.0,0,0.0,0,0.0,0,2246,65,0.0,0,0.0,0,0.0,0,0.0,0
2012-10-30T09:15:55.000,2246,2972,2245.8,5,0.0,0,0.0,0,0.0,0,0.0,0,2246,61,0.0,0,0.0,0,0.0,0,0.0,0
2012-10-30T09:15:55.500,2245.8,2980,2245.8,3,0.0,0,0.0,0,0.0,0,0.0,0,2246,58,0.0,0,0.0,0,0.0,0,0.0,0
2012-10-30T09:15:56.000,2245.8,2991,2245.6,37,0.0,0,0.0,0,0.0,0,0.0,0,2245.8,1,0.0,0,0.0,0,0.0,0,0.0,0
2012-10-30T09:15:56.500,2245.6,3014,2245.6,18,0.0,0,0.0,0,0.0,0,0.0,0,2246,57,0.0,0,0.0,0,0.0,0,0.0,0
2012-10-30T09:15:57.000,2245.6,3017,2245.6,16,0.0,0,0.0,0,0.0,0,0.0,0,2245.8,1,0.0,0,0.0,0,0.0,0,0.0,0
2012-10-30T09:15:57.500,2245.8,3042,2245.6,13,0.0,0,0.0,0,0.0,0,0.0,0,2246,40,0.0,0,0.0,0,0.0,0,0.0,0
2012-10-30T09:15:58.000,2246,3048,2245.6,10,0.0,0,0.0,0,0.0,0,0.0,0,2245.8,5,0.0,0,0.0,0,0.0,0,0.0,0
2012-10-30T09:15:58.500,2245.6,3060,2245.4,48,0.0,0,0.0,0,0.0,0,0.0,0,2245.6,25,0.0,0,0.0,0,0.0,0,0.0,0
2012-10-30T09:15:59.000,2245.6,3061,2245.4,48,0.0,0,0.0,0,0.0,0,0.0,0,2245.6,25,0.0,0,0.0,0,0.0,0,0.0,0
2012-10-30T09:15:59.500,2245.6,3080,2245.4,41,0.0,0,0.0,0,0.0,0,0.0,0,2245.6,14,0.0,0,0.0,0,0.0,0,0.0,0
2012-10-30T09:16:00.000,2245.4,3126,2245.4,3,0.0,0,0.0,0,0.0,0,0.0,0,2245.6,9,0.0,0,0.0,0,0.0,0,0.0,0
2012-10-30T09:16:00.500,2245.2,3179,2245.2,82,0.0,0,0.0,0,0.0,0,0.0,0,2245.4,2,0.0,0,0.0,0,0.0,0,0.0,0
2012-10-30T09:16:01.000,2245.6,3199,2245.2,88,0.0,0,0.0,0,0.0,0,0.0,0,2245.8,89,0.0,0,0.0,0,0.0,0,0.0,0
2012-10-30T09:16:01.500,2245.8,3205,2245.4,9,0.0,0,0.0,0,0.0,0,0.0,0,2245.8,106,0.0,0,0.0,0,0.0,0,0.0,0
2012-10-30T09:16:02.000,2245.2,3224,2245.2,87,0.0,0,0.0,0,0.0,0,0.0,0,2245.4,1,0.0,0,0.0,0,0.0,0,0.0,0
2012-10-30T09:16:02.500,2245.6,3255,2245.2,77,0.0,0,0.0,0,0.0,0,0.0,0,2245.6,40,0.0,0,0.0,0,0.0,0,0.0,0
2012-10-30T09:16:03.000,2245.4,3265,2245.2,72,0.0,0,0.0,0,0.0,0,0.0,0,2245.4,3,0.0,0,0.0,0,0.0,0,0.0,0
2012-10-30T09:16:03.500,2245.2,3293,2245.2,52,0.0,0,0.0,0,0.0,0,0.0,0,2245.6,29,0.0,0,0.0,0,0.0,0,0.0,0
2012-10-30T09:16:04.000,2245.4,3297,2245.4,1,0.0,0,0.0,0,0.0,0,0.0,0,2245.6,42,0.0,0,0.0,0,0.0,0,0.0,0
2012-10-30T09:16:04.500,2245.2,3318,2245.2,33,0.0,0,0.0,0,0.0,0,0.0,0,2245.4,2,0.0,0,0.0,0,0.0,0,0.0,0
2012-10-30T09:16:05.000,2245.4,3329,2245.4,3,0.0,0,0.0,0,0.0,0,0.0,0,2245.6,31,0.0,0,0.0,0,0.0,0,0.0,0
2012-10-30T09:16:05.500,2245.4,3330,2245.4,7,0.0,0,0.0,0,0.0,0,0.0,0,2245.6,30,0.0,0,0.0,0,0.0,0,0.0,0
2012-10-30T09:16:06.000,2245.2,3343,2245.4,1,0.0,0,0.0,0,0.0,0,0.0,0,2245.6,29,0.0,0,0.0,0,0.0,0,0.0,0
2012-10-30T09:16:06.500,2245.6,3346,2245.2,47,0.0,0,0.0,0,0.0,0,0.0,0,2245.6,26,0.0,0,0.0,0,0.0,0,0.0,0
2012-10-30T09:16:07.000,2245.4,3350,2245.2,31,0.0,0,0.0,0,0.0,0,0.0,0,2245.4,3,0.0,0,0.0,0,0.0,0,0.0,0
2012-10-30T09:16:07.500,2245.4,3355,2245.4,1,0.0,0,0.0,0,0.0,0,0.0,0,2245.6,25,0.0,0,0.0,0,0.0,0,0.0,0
2012-10-30T09:16:08.000,2245.6,3366,2245.2,23,0.0,0,0.0,0,0.0,0,0.0,0,2245.6,22,0.0,0,0.0,0,0.0,0,0.0,0
2012-10-30T09:16:08.500,2245.2,3368,2245.2,25,0.0,0,0.0,0,0.0,0,0.0,0,2245.6,24,0.0,0,0.0,0,0.0,0,0.0,0
2012-10-30T09:16:09.000,2245.6,3383,2245.2,26,0.0,0,0.0,0,0.0,0,0.0,0,2245.6,11,0.0,0,0.0,0,0.0,0,0.0,0
2012-10-30T09:16:09.500,2245.2,3388,2245.2,28,0.0,0,0.0,0,0.0,0,0.0,0,2245.6,8,0.0,0,0.0,0,0.0,0,0.0,0
2012-10-30T09:16:10.000,2245.2,3395,2245.4,13,0.0,0,0.0,0,0.0,0,0.0,0,2245.6,11,0.0,0,0.0,0,0.0,0,0.0,0
2012-10-30T09:16:10.500,2245.4,3396,2245.4,15,0.0,0,0.0,0,0.0,0,0.0,0,2245.6,12,0.0,0,0.0,0,0.0,0,0.0,0
2012-10-30T09:16:11.000,2245.6,3401,2245.4,17,0.0,0,0.0,0,0.0,0,0.0,0,2245.6,13,0.0,0,0.0,0,0.0,0,0.0,0
2012-10-30T09:16:11.500,2245.4,3430,2245.4,5,0.0,0,0.0,0,0.0,0,0.0,0,2245.8,41,0.0,0,0.0,0,0.0,0,0.0,0
2012-10-30T09:16:12.000,2245.6,3464,2245.4,10,0.0,0,0.0,0,0.0,0,0.0,0,2245.6,5,0.0,0,0.0,0,0.0,0,0.0,0
2012-10-30T09:16:12.500,2245.6,3477,2245.4,14,0.0,0,0.0,0,0.0,0,0.0,0,2245.6,6,0.0,0,0.0,0,0.0,0,0.0,0
2012-10-30T09:16:13.000,2245.6,3485,2245.6,4,0.0,0,0.0,0,0.0,0,0.0,0,2245.8,11,0.0,0,0.0,0,0.0,0,0.0,0
2012-10-30T09:16:13.500,2245.8,3490,2245.6,17,0.0,0,0.0,0,0.0,0,0.0,0,2245.8,8,0.0,0,0.0,0,0.0,0,0.0,0
2012-10-30T09:16:14.000,2245.8,3504,2245.6,10,0.0,0,0.0,0,0.0,0,0.0,0,2245.8,3,0.0,0,0.0,0,0.0,0,0.0,0
2012-10-30T09:16:14.500,2245.8,3532,2245.8,4,0.0,0,0.0,0,0.0,0,0.0,0,2246,26,0.0,0,0.0,0,0.0,0,0.0,0
2012-10-30T09:16:15.000,2246,3538,2245.8,4,0.0,0,0.0,0,0.0,0,0.0,0,2246,26,0.0,0,0.0,0,0.0,0,0.0,0
2012-10-30T09:16:15.500,2246,3556,2245.8,2,0.0,0,0.0,0,0.0,0,0.0,0,2246,24,0.0,0,0.0,0,0.0,0,0.0,0
2012-10-30T09:16:16.000,2245.8,3563,2245.8,3,0.0,0,0.0,0,0.0,0,0.0,0,2246,22,0.0,0,0.0,0,0.0,0,0.0,0
2012-10-30T09:16:16.500,2246,3572,2245.8,2,0.0,0,0.0,0,0.0,0,0.0,0,2246,14,0.0,0,0.0,0,0.0,0,0.0,0
2012-10-30T09:16:17.000,2246,3583,2245.8,1,0.0,0,0.0,0,0.0,0,0.0,0,2246,5,0.0,0,0.0,0,0.0,0,0.0,0
2012-10-30T09:16:17.500,2246,3589,2245.8,1,0.0,0,0.0,0,0.0,0,0.0,0,2246,1,0.0,0,0.0,0,0.0,0,0.0,0
2012-10-30T09:16:18.000,2246,3591,2246,4,0.0,0,0.0,0,0.0,0,0.0,0,2246.2,34,0.0,0,0.0,0,0.0,0,0.0,0
2012-10-30T09:16:18.500,2246,3593,2246,9,0.0,0,0.0,0,0.0,0,0.0,0,2246.2,34,0.0,0,0.0,0,0.0,0,0.0,0
2012-10-30T09:16:19.000,2246.2,3597,2246,8,0.0,0,0.0,0,0.0,0,0.0,0,2246.2,33,0.0,0,0.0,0,0.0,0,0.0,0
2012-10-30T09:16:19.500,2246,3599,2246,8,0.0,0,0.0,0,0.0,0,0.0,0,2246.2,32,0.0,0,0.0,0,0.0,0,0.0,0
2012-10-30T09:16:20.000,2246.2,3606,2246,10,0.0,0,0.0,0,0.0,0,0.0,0,2246.2,26,0.0,0,0.0,0,0.0,0,0.0,0
2012-10-30T09:16:20.500,2246.2,3615,2246,6,0.0,0,0.0,0,0.0,0,0.0,0,2246.2,23,0.0,0,0.0,0,0.0,0,0.0,0
2012-10-30T09:16:21.000,2246.2,3621,2246,9,0.0,0,0.0,0,0.0,0,0.0,0,2246.2,18,0.0,0,0.0,0,0.0,0,0.0,0
2012-10-30T09:16:21.500,2246.2,3627,2246,10,0.0,0,0.0,0,0.0,0,0.0,0,2246.2,15,0.0,0,0.0,0,0.0,0,0.0,0
2012-10-30T09:16:22.000,2246.2,3645,2246,5,0.0,0,0.0,0,0.0,0,0.0,0,2246.2,5,0.0,0,0.0,0,0.0,0,0.0,0
2012-10-30T09:16:22.500,2246.2,3651,2246.2,1,0.0,0,0.0,0,0.0,0,0.0,0,2246.4,26,0.0,0,0.0,0,0.0,0,0.0,0
2012-10-30T09:16:23.000,2246,3654,2246,6,0.0,0,0.0,0,0.0,0,0.0,0,2246.4,27,0.0,0,0.0,0,0.0,0,0.0,0
2012-10-30T09:16:23.500,2246.4,3655,2246.2,4,0.0,0,0.0,0,0.0,0,0.0,0,2246.4,26,0.0,0,0.0,0,0.0,0,0.0,0
2012-10-30T09:16:24.000,2246.2,3658,2246.2,3,0.0,0,0.0,0,0.0,0,0.0,0,2246.4,27,0.0,0,0.0,0,0.0,0,0.0,0
2012-10-30T09:16:24.500,2246.2,3663,2246,8,0.0,0,0.0,0,0.0,0,0.0,0,2246.2,3,0.0,0,0.0,0,0.0,0,0.0,0
2012-10-30T09:16:25.000,2246.4,3670,2246.2,1,0.0,0,0.0,0,0.0,0,0.0,0,2246.4,21,0.0,0,0.0,0,0.0,0,0.0,0
2012-10-30T09:16:25.500,2246.4,3681,2246.2,4,0.0,0,0.0,0,0.0,0,0.0,0,2246.4,12,0.0,0,0.0,0,0.0,0,0.0,0
2012-10-30T09:16:26.250,2246.2,3695,2246.4,9,0.0,0,0.0,0,0.0,0,0.0,0,2246.6,8,0.0,0,0.0,0,0.0,0,0.0,0
2012-10-30T09:16:27.000,2246.6,3734,2246.6,14,0.0,0,0.0,0,0.0,0,0.0,0,2247,105,0.0,0,0.0,0,0.0,0,0.0,0
2012-10-30T09:16:27.500,2247,3740,2246.6,9,0.0,0,0.0,0,0.0,0,0.0,0,2247,105,0.0,0,0.0,0,0.0,0,0.0,0
2012-10-30T09:16:28.000,2247,3749,2246.8,1,0.0,0,0.0,0,0.0,0,0.0,0,2247,97,0.0,0,0.0,0,0.0,0,0.0,0
2012-10-30T09:16:28.500,2247,3787,2246.6,10,0.0,0,0.0,0,0.0,0,0.0,0,2247,77,0.0,0,0.0,0,0.0,0,0.0,0
2012-10-30T09:16:29.000,2247,3798,2246.6,10,0.0,0,0.0,0,0.0,0,0.0,0,2247,71,0.0,0,0.0,0,0.0,0,0.0,0
2012-10-30T09:16:29.500,2247,3801,2246.6,10,0.0,0,0.0,0,0.0,0,0.0,0,2247,70,0.0,0,0.0,0,0.0,0,0.0,0
2012-10-30T09:16:30.000,2247,3809,2246.6,7,0.0,0,0.0,0,0.0,0,0.0,0,2247,68,0.0,0,0.0,0,0.0,0,0.0,0
2012-10-30T09:16:30.500,2246.8,3818,2246.6,2,0.0,0,0.0,0,0.0,0,0.0,0,2246.8,5,0.0,0,0.0,0,0.0,0,0.0,0
2012-10-30T09:16:31.000,2246.8,3826,2246.6,2,0.0,0,0.0,0,0.0,0,0.0,0,2246.8,9,0.0,0,0.0,0,0.0,0,0.0,0
2012-10-30T09:16:31.500,2246.8,3833,2246.6,4,0.0,0,0.0,0,0.0,0,0.0,0,2246.8,5,0.0,0,0.0,0,0.0,0,0.0,0
2012-10-30T09:16:32.000,2246.8,3843,2246.4,11,0.0,0,0.0,0,0.0,0,0.0,0,2246.8,2,0.0,0,0.0,0,0.0,0,0.0,0
2012-10-30T09:16:32.500,2246.8,3848,2246.4,17,0.0,0,0.0,0,0.0,0,0.0,0,2246.8,13,0.0,0,0.0,0,0.0,0,0.0,0
2012-10-30T09:16:33.000,2246.8,3850,2246.4,17,0.0,0,0.0,0,0.0,0,0.0,0,2246.6,3,0.0,0,0.0,0,0.0,0,0.0,0
2012-10-30T09:16:33.500,2246.8,3856,2246.6,6,0.0,0,0.0,0,0.0,0,0.0,0,2246.8,36,0.0,0,0.0,0,0.0,0,0.0,0
2012-10-30T09:16:34.000,2246.6,3861,2246.6,6,0.0,0,0.0,0,0.0,0,0.0,0,2246.8,33,0.0,0,0.0,0,0.0,0,0.0,0
2012-10-30T09:16:34.500,2246.6,3864,2246.6,8,0.0,0,0.0,0,0.0,0,0.0,0,2246.8,31,0.0,0,0.0,0,0.0,0,0.0,0
2012-10-30T09:16:35.000,2246.8,3871,2246.6,3,0.0,0,0.0,0,0.0,0,0.0,0,2246.8,31,0.0,0,0.0,0,0.0,0,0.0,0
2012-10-30T09:16:35.500,2246.6,3883,2246.4,18,0.0,0,0.0,0,0.0,0,0.0,0,2246.6,3,0.0,0,0.0,0,0.0,0,0.0,0
2012-10-30T09:16:36.000,2246.4,3911,2246.4,8,0.0,0,0.0,0,0.0,0,0.0,0,2246.6,1,0.0,0,0.0,0,0.0,0,0.0,0
2012-10-30T09:16:36.500,2246.8,3919,2246.4,3,0.0,0,0.0,0,0.0,0,0.0,0,2246.8,24,0.0,0,0.0,0,0.0,0,0.0,0
2012-10-30T09:16:37.000,2246.8,3928,2246.2,8,0.0,0,0.0,0,0.0,0,0.0,0,2246.8,19,0.0,0,0.0,0,0.0,0,0.0,0
2012-10-30T09:16:37.500,2246.4,3942,2246,15,0.0,0,0.0,0,0.0,0,0.0,0,2246.8,30,0.0,0,0.0,0,0.0,0,0.0,0
2012-10-30T09:16:38.250,2246.4,3943,2246.4,1,0.0,0,0.0,0,0.0,0,0.0,0,2246.6,16,0.0,0,0.0,0,0.0,0,0.0,0
2012-10-30T09:16:39.250,2246.4,3946,2246.2,5,0.0,0,0.0,0,0.0,0,0.0,0,2246.4,2,0.0,0,0.0,0,0.0,0,0.0,0
2012-10-30T09:16:40.000,2246.4,3950,2246.4,1,0.0,0,0.0,0,0.0,0,0.0,0,2246.6,16,0.0,0,0.0,0,0.0,0,0.0,0
2012-10-30T09:16:40.500,2246.2,3954,2246.2,4,0.0,0,0.0,0,0.0,0,0.0,0,2246.4,1,0.0,0,0.0,0,0.0,0,0.0,0
2012-10-30T09:16:41.000,2246.4,3957,2246.4,2,0.0,0,0.0,0,0.0,0,0.0,0,2246.6,16,0.0,0,0.0,0,0.0,0,0.0,0
2012-10-30T09:16:41.500,2246.4,3964,2246.4,6,0.0,0,0.0,0,0.0,0,0.0,0,2246.6,11,0.0,0,0.0,0,0.0,0,0.0,0
2012-10-30T09:16:42.000,2246.6,3968,2246.4,17,0.0,0,0.0,0,0.0,0,0.0,0,2246.6,7,0.0,0,0.0,0,0.0,0,0.0,0
2012-10-30T09:16:42.500,2246.6,3976,2246.6,3,0.0,0,0.0,0,0.0,0,0.0,0,2246.8,29,0.0,0,0.0,0,0.0,0,0.0,0
2012-10-30T09:16:43.000,2246.8,3981,2246.6,3,0.0,0,0.0,0,0.0,0,0.0,0,2246.8,24,0.0,0,0.0,0,0.0,0,0.0,0
2012-10-30T09:16:43.500,2246.6,3983,2246.6,8,0.0,0,0.0,0,0.0,0,0.0,0,2246.8,25,0.0,0,0.0,0,0.0,0,0.0,0
2012-10-30T09:16:44.000,2246.4,4009,2246.4,22,0.0,0,0.0,0,0.0,0,0.0,0,2246.8,19,0.0,0,0.0,0,0.0,0,0.0,0
2012-10-30T09:16:44.500,2246.8,4049,2246.6,6,0.0,0,0.0,0,0.0,0,0.0,0,2246.8,6,0.0,0,0.0,0,0.0,0,0.0,0
2012-10-30T09:16:45.000,2246.6,4052,2246.6,6,0.0,0,0.0,0,0.0,0,0.0,0,2246.8,5,0.0,0,0.0,0,0.0,0,0.0,0
2012-10-30T09:16:45.500,2246.6,4063,2246.6,1,0.0,0,0.0,0,0.0,0,0.0,0,2246.8,6,0.0,0,0.0,0,0.0,0,0.0,0
2012-10-30T09:16:46.000,2246.8,4079,2246.8,3,0.0,0,0.0,0,0.0,0,0.0,0,2247,92,0.0,0,0.0,0,0.0,0,0.0,0
2012-10-30T09:16:46.500,2246.8,4086,2246.8,1,0.0,0,0.0,0,0.0,0,0.0,0,2247,93,0.0,0,0.0,0,0.0,0,0.0,0
2012-10-30T09:16:47.000,2246.8,4090,2246.6,4,0.0,0,0.0,0,0.0,0,0.0,0,2247,93,0.0,0,0.0,0,0.0,0,0.0,0
2012-10-30T09:16:47.500,2246.8,4094,2246.6,3,0.0,0,0.0,0,0.0,0,0.0,0,2247,93,0.0,0,0.0,0,0.0,0,0.0,0
2012-10-30T09:16:48.000,2246.8,4112,2246.6,2,0.0,0,0.0,0,0.0,0,0.0,0,2247,78,0.0,0,0.0,0,0.0,0,0.0,0
2012-10-30T09:16:48.500,2246.8,4133,2246.6,1,0.0,0,0.0,0,0.0,0,0.0,0,2246.8,1,0.0,0,0.0,0,0.0,0,0.0,0
2012-10-30T09:16:49.000,2246.8,4139,2246.6,1,0.0,0,0.0,0,0.0,0,0.0,0,2246.8,59,0.0,0,0.0,0,0.0,0,0.0,0
2012-10-30T09:16:49.500,2246.6,4142,2246.6,5,0.0,0,0.0,0,0.0,0,0.0,0,2246.8,59,0.0,0,0.0,0,0.0,0,0.0,0
2012-10-30T09:16:50.000,2246.8,4156,2246.4,16,0.0,0,0.0,0,0.0,0,0.0,0,2246.6,16,0.0,0,0.0,0,0.0,0,0.0,0
2012-10-30T09:16:50.500,2246.8,4159,2246.4,16,0.0,0,0.0,0,0.0,0,0.0,0,2246.6,3,0.0,0,0.0,0,0.0,0,0.0,0
2012-10-30T09:16:51.000,2246.6,4176,2246.4,7,0.0,0,0.0,0,0.0,0,0.0,0,2246.8,123,0.0,0,0.0,0,0.0,0,0.0,0
2012-10-30T09:16:51.500,2246.6,4192,2246.6,3,0.0,0,0.0,0,0.0,0,0.0,0,2246.8,114,0.0,0,0.0,0,0.0,0,0.0,0
2012-10-30T09:16:52.000,2246.8,4200,2246.4,5,0.0,0,0.0,0,0.0,0,0.0,0,2246.6,31,0.0,0,0.0,0,0.0,0,0.0,0
2012-10-30T09:16:52.500,2246.4,4203,2246.4,5,0.0,0,0.0,0,0.0,0,0.0,0,2246.6,38,0.0,0,0.0,0,0.0,0,0.0,0
2012-10-30T09:16:53.000,2246.6,4207,2246.4,5,0.0,0,0.0,0,0.0,0,0.0,0,2246.6,37,0.0,0,0.0,0,0.0,0,0.0,0
2012-10-30T09:16:53.500,2246.6,4216,2246.2,17,0.0,0,0.0,0,0.0,0,0.0,0,2246.6,39,0.0,0,0.0,0,0.0,0,0.0,0
2012-10-30T09:16:54.000,2246.2,4239,2246.4,4,0.0,0,0.0,0,0.0,0,0.0,0,2246.6,37,0.0,0,0.0,0,0.0,0,0.0,0
2012-10-30T09:16:54.500,2246.6,4243,2246.4,4,0.0,0,0.0,0,0.0,0,0.0,0,2246.6,35,0.0,0,0.0,0,0.0,0,0.0,0
2012-10-30T09:16:55.000,2246.6,4261,2246.4,3,0.0,0,0.0,0,0.0,0,0.0,0,2246.6,22,0.0,0,0.0,0,0.0,0,0.0,0
2012-10-30T09:16:55.500,2246.6,4268,2246.4,7,0.0,0,0.0,0,0.0,0,0.0,0,2246.6,21,0.0,0,0.0,0,0.0,0,0.0,0
2012-10-30T09:16:56.000,2246.4,4274,2246.4,19,0.0,0,0.0,0,0.0,0,0.0,0,2246.6,18,0.0,0,0.0,0,0.0,0,0.0,0
2012-10-30T09:16:56.500,2246.4,4292,2246.4,23,0.0,0,0.0,0,0.0,0,0.0,0,2246.6,2,0.0,0,0.0,0,0.0,0,0.0,0
2012-10-30T09:16:57.000,2246.6,4301,2246.6,6,0.0,0,0.0,0,0.0,0,0.0,0,2246.8,112,0.0,0,0.0,0,0.0,0,0.0,0
2012-10-30T09:16:57.500,2246.6,4305,2246.6,3,0.0,0,0.0,0,0.0,0,0.0,0,2246.8,112,0.0,0,0.0,0,0.0,0,0.0,0
2012-10-30T09:16:58.000,2246.6,4307,2246.6,1,0.0,0,0.0,0,0.0,0,0.0,0,2246.8,112,0.0,0,0.0,0,0.0,0,0.0,0
2012-10-30T09:16:58.500,2246.6,4313,2246.4,20,0.0,0,0.0,0,0.0,0,0.0,0,2246.6,8,0.0,0,0.0,0,0.0,0,0.0,0
2012-10-30T09:16:59.250,2246.6,4329,2246.4,10,0.0,0,0.0,0,0.0,0,0.0,0,2246.6,3,0.0,0,0.0,0,0.0,0,0.0,0
2012-10-30T09:17:00.000,2246,4352,2246,61,0.0,0,0.0,0,0.0,0,0.0,0,2246.4,4,0.0,0,0.0,0,0.0,0,0.0,0
2012-10-30T09:17:00.500,2246,4363,2246,64,0.0,0,0.0,0,0.0,0,0.0,0,2246.4,1,0.0,0,0.0,0,0.0,0,0.0,0
2012-10-30T09:17:01.000,2246.4,4364,2246,66,0.0,0,0.0,0,0.0,0,0.0,0,2246.6,10,0.0,0,0.0,0,0.0,0,0.0,0
2012-10-30T09:17:01.500,2246.6,4368,2246.4,1,0.0,0,0.0,0,0.0,0,0.0,0,2246.6,22,0.0,0,0.0,0,0.0,0,0.0,0
2012-10-30T09:17:02.000,2246.4,4389,2246.4,12,0.0,0,0.0,0,0.0,0,0.0,0,2246.6,7,0.0,0,0.0,0,0.0,0,0.0,0
2012-10-30T09:17:02.500,2246.4,4392,2246.4,14,0.0,0,0.0,0,0.0,0,0.0,0,2246.6,4,0.0,0,0.0,0,0.0,0,0.0,0
2012-10-30T09:17:03.000,2246.4,4399,2246.4,11,0.0,0,0.0,0,0.0,0,0.0,0,2246.6,4,0.0,0,0.0,0,0.0,0,0.0,0
2012-10-30T09:17:03.500,2246.8,4411,2246.6,9,0.0,0,0.0,0,0.0,0,0.0,0,2246.8,113,0.0,0,0.0,0,0.0,0,0.0,0
2012-10-30T09:17:04.250,2246.6,4416,2246.6,22,0.0,0,0.0,0,0.0,0,0.0,0,2246.8,113,0.0,0,0.0,0,0.0,0,0.0,0
2012-10-30T09:17:05.000,2246.6,4427,2246.6,30,0.0,0,0.0,0,0.0,0,0.0,0,2246.8,104,0.0,0,0.0,0,0.0,0,0.0,0
2012-10-30T09:17:05.500,2246.6,4436,2246.6,27,0.0,0,0.0,0,0.0,0,0.0,0,2246.8,101,0.0,0,0.0,0,0.0,0,0.0,0
2012-10-30T09:17:06.000,2246.6,4463,2246.6,19,0.0,0,0.0,0,0.0,0,0.0,0,2246.8,82,0.0,0,0.0,0,0.0,0,0.0,0
2012-10-30T09:17:06.500,2246.6,4485,2246.6,4,0.0,0,0.0,0,0.0,0,0.0,0,2246.8,77,0.0,0,0.0,0,0.0,0,0.0,0
2012-10-30T09:17:07.000,2246.6,4488,2246.6,5,0.0,0,0.0,0,0.0,0,0.0,0,2246.8,76,0.0,0,0.0,0,0.0,0,0.0,0
2012-10-30T09:17:07.500,2246.6,4494,2246.6,2,0.0,0,0.0,0,0.0,0,0.0,0,2246.8,77,0.0,0,0.0,0,0.0,0,0.0,0
2012-10-30T09:17:08.000,2246.4,4506,2246.4,5,0.0,0,0.0,0,0.0,0,0.0,0,2246.8,76,0.0,0,0.0,0,0.0,0,0.0,0
2012-10-30T09:17:08.500,2246.4,4515,2246.4,6,0.0,0,0.0,0,0.0,0,0.0,0,2246.8,73,0.0,0,0.0,0,0.0,0,0.0,0
2012-10-30T09:17:09.250,2246.4,4528,2246.4,4,0.0,0,0.0,0,0.0,0,0.0,0,2246.8,64,0.0,0,0.0,0,0.0,0,0.0,0
2012-10-30T09:17:10.000,2246.8,4538,2246.4,2,0.0,0,0.0,0,0.0,0,0.0,0,2246.8,65,0.0,0,0.0,0,0.0,0,0.0,0
2012-10-30T09:17:10.500,2246.8,4553,2246.4,5,0.0,0,0.0,0,0.0,0,0.0,0,2246.8,60,0.0,0,0.0,0,0.0,0,0.0,0
2012-10-30T09:17:11.000,2246.4,4556,2246.4,3,0.0,0,0.0,0,0.0,0,0.0,0,2246.8,59,0.0,0,0.0,0,0.0,0,0.0,0
2012-10-30T09:17:11.500,2246.8,4558,2246.4,3,0.0,0,0.0,0,0.0,0,0.0,0,2246.8,58,0.0,0,0.0,0,0.0,0,0.0,0
2012-10-30T09:17:12.000,2246.8,4563,2246.4,3,0.0,0,0.0,0,0.0,0,0.0,0,2246.6,4,0.0,0,0.0,0,0.0,0,0.0,0
2012-10-30T09:17:12.500,2246.8,4564,2246.4,3,0.0,0,0.0,0,0.0,0,0.0,0,2246.6,3,0.0,0,0.0,0,0.0,0,0.0,0
2012-10-30T09:17:13.000,2246.8,4582,2246.4,3,0.0,0,0.0,0,0.0,0,0.0,0,2246.6,16,0.0,0,0.0,0,0.0,0,0.0,0
2012-10-30T09:17:13.500,2246.6,4586,2246.4,5,0.0,0,0.0,0,0.0,0,0.0,0,2246.6,19,0.0,0,0.0,0,0.0,0,0.0,0
2012-10-30T09:17:14.000,2246.6,4587,2246.4,5,0.0,0,0.0,0,0.0,0,0.0,0,2246.6,19,0.0,0,0.0,0,0.0,0,0.0,0
2012-10-30T09:17:14.500,2246.6,4597,2246.6,34,0.0,0,0.0,0,0.0,0,0.0,0,2246.8,46,0.0,0,0.0,0,0.0,0,0.0,0
2012-10-30T09:17:15.000,2246.6,4600,2246.6,32,0.0,0,0.0,0,0.0,0,0.0,0,2246.8,46,0.0,0,0.0,0,0.0,0,0.0,0
2012-10-30T09:17:15.500,2246.8,4603,2246.6,40,0.0,0,0.0,0,0.0,0,0.0,0,2246.8,45,0.0,0,0.0,0,0.0,0,0.0,0
2012-10-30T09:17:16.000,2246.8,4604,2246.6,40,0.0,0,0.0,0,0.0,0,0.0,0,2246.8,44,0.0,0,0.0,0,0.0,0,0.0,0
2012-10-30T09:17:16.500,2246.6,4646,2246.6,43,0.0,0,0.0,0,0.0,0,0.0,0,2246.8,4,0.0,0,0.0,0,0.0,0,0.0,0
2012-10-30T09:17:17.000,2246.8,4672,2246.8,16,0.0,0,0.0,0,0.0,0,0.0,0,2247,85,0.0,0,0.0,0,0.0,0,0.0,0
2012-10-30T09:17:17.500,2247,4690,2246.8,17,0.0,0,0.0,0,0.0,0,0.0,0,2247,67,0.0,0,0.0,0,0.0,0,0.0,0
2012-10-30T09:17:18.000,2246.8,4706,2246.8,12,0.0,0,0.0,0,0.0,0,0.0,0,2247,58,0.0,0,0.0,0,0.0,0,0.0,0
2012-10-30T09:17:18.500,2247,4731,2246.8,17,0.0,0,0.0,0,0.0,0,0.0,0,2247,36,0.0,0,0.0,0,0.0,0,0.0,0
2012-10-30T09:17:19.000,2247,4738,2246.8,16,0.0,0,0.0,0,0.0,0,0.0,0,2247,32,0.0,0,0.0,0,0.0,0,0.0,0
2012-10-30T09:17:19.500,2246.8,4742,2246.8,19,0.0,0,0.0,0,0.0,0,0.0,0,2247,60,0.0,0,0.0,0,0.0,0,0.0,0
2012-10-30T09:17:20.000,2246.8,4748,2246.8,14,0.0,0,0.0,0,0.0,0,0.0,0,2247,57,0.0,0,0.0,0,0.0,0,0.0,0
2012-10-30T09:17:20.500,2247,4751,2246.8,17,0.0,0,0.0,0,0.0,0,0.0,0,2247,54,0.0,0,0.0,0,0.0,0,0.0,0
2012-10-30T09:17:21.000,2246.8,4796,2246.8,16,0.0,0,0.0,0,0.0,0,0.0,0,2247,10,0.0,0,0.0,0,0.0,0,0.0,0
2012-10-30T09:17:21.500,2246.8,4801,2246.8,13,0.0,0,0.0,0,0.0,0,0.0,0,2247,9,0.0,0,0.0,0,0.0,0,0.0,0
2012-10-30T09:17:22.000,2247.2,4813,2247,1,0.0,0,0.0,0,0.0,0,0.0,0,2247.2,33,0.0,0,0.0,0,0.0,0,0.0,0
2012-10-30T09:17:22.500,2247,4826,2247,1,0.0,0,0.0,0,0.0,0,0.0,0,2247.2,31,0.0,0,0.0,0,0.0,0,0.0,0
2012-10-30T09:17:23.000,2247,4865,2246.8,12,0.0,0,0.0,0,0.0,0,0.0,0,2247.2,13,0.0,0,0.0,0,0.0,0,0.0,0
2012-10-30T09:17:23.500,2247,4879,2246.8,12,0.0,0,0.0,0,0.0,0,0.0,0,2247.2,1,0.0,0,0.0,0,0.0,0,0.0,0
2012-10-30T09:17:24.000,2247.4,4885,2247,3,0.0,0,0.0,0,0.0,0,0.0,0,2247.4,36,0.0,0,0.0,0,0.0,0,0.0,0
2012-10-30T09:17:24.500,2247.2,4888,2247.2,2,0.0,0,0.0,0,0.0,0,0.0,0,2247.4,34,0.0,0,0.0,0,0.0,0,0.0,0
2012-10-30T09:17:25.000,2247.2,4895,2247.2,1,0.0,0,0.0,0,0.0,0,0.0,0,2247.4,32,0.0,0,0.0,0,0.0,0,0.0,0
2012-10-30T09:17:25.500,2247.2,4906,2247,28,0.0,0,0.0,0,0.0,0,0.0,0,2247.4,24,0.0,0,0.0,0,0.0,0,0.0,0
2012-10-30T09:17:26.000,2247.2,4949,2247.2,1,0.0,0,0.0,0,0.0,0,0.0,0,2247.4,24,0.0,0,0.0,0,0.0,0,0.0,0
2012-10-30T09:17:26.500,2247.2,4952,2247.2,11,0.0,0,0.0,0,0.0,0,0.0,0,2247.4,23,0.0,0,0.0,0,0.0,0,0.0,0
2012-10-30T09:17:27.000,2247.2,4961,2247.2,6,0.0,0,0.0,0,0.0,0,0.0,0,2247.4,19,0.0,0,0.0,0,0.0,0,0.0,0
2012-10-30T09:17:27.500,2247.4,4965,2247.2,14,0.0,0,0.0,0,0.0,0,0.0,0,2247.4,17,0.0,0,0.0,0,0.0,0,0.0,0
2012-10-30T09:17:28.000,2247.2,4978,2247.2,10,0.0,0,0.0,0,0.0,0,0.0,0,2247.4,8,0.0,0,0.0,0,0.0,0,0.0,0
2012-10-30T09:17:28.500,2247.4,4986,2247.4,2,0.0,0,0.0,0,0.0,0,0.0,0,2247.6,13,0.0,0,0.0,0,0.0,0,0.0,0
2012-10-30T09:17:29.000,2247.6,5005,2247.4,1,0.0,0,0.0,0,0.0,0,0.0,0,2247.6,11,0.0,0,0.0,0,0.0,0,0.0,0
2012-10-30T09:17:29.500,2247.8,5022,2247.6,4,0.0,0,0.0,0,0.0,0,0.0,0,2247.8,22,0.0,0,0.0,0,0.0,0,0.0,0
2012-10-30T09:17:30.000,2247.6,5034,2247.4,2,0.0,0,0.0,0,0.0,0,0.0,0,2247.6,7,0.0,0,0.0,0,0.0,0,0.0,0
2012-10-30T09:17:30.500,2247.6,5050,2247.2,2,0.0,0,0.0,0,0.0,0,0.0,0,2247.4,6,0.0,0,0.0,0,0.0,0,0.0,0
2012-10-30T09:17:31.000,2247.2,5054,2247,18,0.0,0,0.0,0,0.0,0,0.0,0,2247.2,8,0.0,0,0.0,0,0.0,0,0.0,0
2012-10-30T09:17:31.500,2247.2,5064,2247,10,0.0,0,0.0,0,0.0,0,0.0,0,2247.2,1,0.0,0,0.0,0,0.0,0,0.0,0
2012-10-30T09:17:32.000,2247.2,5068,2247,13,0.0,0,0.0,0,0.0,0,0.0,0,2247.2,1,0.0,0,0.0,0,0.0,0,0.0,0
2012-10-30T09:17:32.500,2247.4,5070,2247.2,1,0.0,0,0.0,0,0.0,0,0.0,0,2247.4,32,0.0,0,0.0,0,0.0,0,0.0,0
2012-10-30T09:17:33.000,2247,5074,2247,12,0.0,0,0.0,0,0.0,0,0.0,0,2247.2,11,0.0,0,0.0,0,0.0,0,0.0,0
2012-10-30T09:17:33.500,2247.2,5086,2247,10,0.0,0,0.0,0,0.0,0,0.0,0,2247.2,7,0.0,0,0.0,0,0.0,0,0.0,0
2012-10-30T09:17:34.000,2247,5089,2247,8,0.0,0,0.0,0,0.0,0,0.0,0,2247.2,10,0.0,0,0.0,0,0.0,0,0.0,0
2012-10-30T09:17:34.500,2247,5109,2246.8,24,0.0,0,0.0,0,0.0,0,0.0,0,2247,9,0.0,0,0.0,0,0.0,0,0.0,0
2012-10-30T09:17:35.000,2247,5117,2246.8,29,0.0,0,0.0,0,0.0,0,0.0,0,2247,2,0.0,0,0.0,0,0.0,0,0.0,0
2012-10-30T09:17:35.500,2246.8,5122,2246.8,28,0.0,0,0.0,0,0.0,0,0.0,0,2247,94,0.0,0,0.0,0,0.0,0,0.0,0
2012-10-30T09:17:36.000,2247,5138,2246.8,16,0.0,0,0.0,0,0.0,0,0.0,0,2247,91,0.0,0,0.0,0,0.0,0,0.0,0
2012-10-30T09:17:36.500,2246.8,5161,2246.6,66,0.0,0,0.0,0,0.0,0,0.0,0,2246.8,25,0.0,0,0.0,0,0.0,0,0.0,0
2012-10-30T09:17:37.000,2246.8,5165,2246.6,64,0.0,0,0.0,0,0.0,0,0.0,0,2246.8,22,0.0,0,0.0,0,0.0,0,0.0,0
2012-10-30T09:17:37.500,2246.8,5169,2246.6,62,0.0,0,0.0,0,0.0,0,0.0,0,2246.8,44,0.0,0,0.0,0,0.0,0,0.0,0
2012-10-30T09:17:38.000,2246.8,5192,2246.6,61,0.0,0,0.0,0,0.0,0,0.0,0,2246.8,25,0.0,0,0.0,0,0.0,0,0.0,0
2012-10-30T09:17:38.500,2246.6,5220,2246.6,36,0.0,0,0.0,0,0.0,0,0.0,0,2246.8,22,0.0,0,0.0,0,0.0,0,0.0,0
2012-10-30T09:17:39.000,2246.8,5245,2246.6,25,0.0,0,0.0,0,0.0,0,0.0,0,2246.8,16,0.0,0,0.0,0,0.0,0,0.0,0
2012-10-30T09:17:39.500,2246.6,5246,2246.6,22,0.0,0,0.0,0,0.0,0,0.0,0,2246.8,16,0.0,0,0.0,0,0.0,0,0.0,0
2012-10-30T09:17:40.000,2246.8,5264,2246.6,12,0.0,0,0.0,0,0.0,0,0.0,0,2246.8,10,0.0,0,0.0,0,0.0,0,0.0,0
2012-10-30T09:17:40.500,2246.8,5268,2246.6,12,0.0,0,0.0,0,0.0,0,0.0,0,2246.8,6,0.0,0,0.0,0,0.0,0,0.0,0
2012-10-30T09:17:41.000,2246.6,5271,2246.6,11,0.0,0,0.0,0,0.0,0,0.0,0,2246.8,6,0.0,0,0.0,0,0.0,0,0.0,0
2012-10-30T09:17:41.500,2246.6,5276,2246.6,7,0.0,0,0.0,0,0.0,0,0.0,0,2246.8,6,0.0,0,0.0,0,0.0,0,0.0,0
2012-10-30T09:17:42.000,2246.8,5285,2246.6,1,0.0,0,0.0,0,0.0,0,0.0,0,2246.8,5,0.0,0,0.0,0,0.0,0,0.0,0
2012-10-30T09:17:42.500,2246.8,5290,2246.6,12,0.0,0,0.0,0,0.0,0,0.0,0,2246.8,4,0.0,0,0.0,0,0.0,0,0.0,0
2012-10-30T09:17:43.000,2246.6,5294,2246.6,9,0.0,0,0.0,0,0.0,0,0.0,0,2246.8,4,0.0,0,0.0,0,0.0,0,0.0,0
2012-10-30T09:17:43.500,2246.8,5297,2246.6,12,0.0,0,0.0,0,0.0,0,0.0,0,2246.8,2,0.0,0,0.0,0,0.0,0,0.0,0
2012-10-30T09:17:44.000,2246.8,5298,2246.6,21,0.0,0,0.0,0,0.0,0,0.0,0,2246.8,2,0.0,0,0.0,0,0.0,0,0.0,0
2012-10-30T09:17:44.500,2246.8,5301,2246.6,21,0.0,0,0.0,0,0.0,0,0.0,0,2246.8,2,0.0,0,0.0,0,0.0,0,0.0,0
2012-10-30T09:17:45.000,2246.6,5304,2246.6,21,0.0,0,0.0,0,0.0,0,0.0,0,2246.8,1,0.0,0,0.0,0,0.0,0,0.0,0
2012-10-30T09:17:45.500,2246.8,5310,2246.8,10,0.0,0,0.0,0,0.0,0,0.0,0,2247,108,0.0,0,0.0,0,0.0,0,0.0,0
2012-10-30T09:17:46.000,2246.8,5320,2246.8,7,0.0,0,0.0,0,0.0,0,0.0,0,2247,129,0.0,0,0.0,0,0.0,0,0.0,0
2012-10-30T09:17:46.500,2246.8,5326,2246.8,9,0.0,0,0.0,0,0.0,0,0.0,0,2247,136,0.0,0,0.0,0,0.0,0,0.0,0
2012-10-30T09:17:47.000,2246.8,5427,2246.6,2,0.0,0,0.0,0,0.0,0,0.0,0,2246.8,15,0.0,0,0.0,0,0.0,0,0.0,0
2012-10-30T09:17:47.500,2246.8,5434,2246.6,1,0.0,0,0.0,0,0.0,0,0.0,0,2246.8,13,0.0,0,0.0,0,0.0,0,0.0,0
2012-10-30T09:17:48.000,2246.8,5436,2246.6,9,0.0,0,0.0,0,0.0,0,0.0,0,2246.8,31,0.0,0,0.0,0,0.0,0,0.0,0
2012-10-30T09:17:48.500,2246.8,5438,2246.6,12,0.0,0,0.0,0,0.0,0,0.0,0,2246.8,33,0.0,0,0.0,0,0.0,0,0.0,0
2012-10-30T09:17:49.000,2246.6,5442,2246.6,9,0.0,0,0.0,0,0.0,0,0.0,0,2246.8,39,0.0,0,0.0,0,0.0,0,0.0,0
2012-10-30T09:17:49.500,2246.6,5445,2246.6,6,0.0,0,0.0,0,0.0,0,0.0,0,2246.8,37,0.0,0,0.0,0,0.0,0,0.0,0
2012-10-30T09:17:50.250,2246.8,5468,2246.4,3,0.0,0,0.0,0,0.0,0,0.0,0,2246.8,31,0.0,0,0.0,0,0.0,0,0.0,0
2012-10-30T09:17:51.000,2246.6,5470,2246.4,2,0.0,0,0.0,0,0.0,0,0.0,0,2246.6,14,0.0,0,0.0,0,0.0,0,0.0,0
2012-10-30T09:17:51.500,2246.6,5472,2246.4,2,0.0,0,0.0,0,0.0,0,0.0,0,2246.6,12,0.0,0,0.0,0,0.0,0,0.0,0
2012-10-30T09:17:52.250,2246.6,5473,2246.4,5,0.0,0,0.0,0,0.0,0,0.0,0,2246.6,15,0.0,0,0.0,0,0.0,0,0.0,0
2012-10-30T09:17:53.000,2246.4,5478,2246.4,1,0.0,0,0.0,0,0.0,0,0.0,0,2246.6,14,0.0,0,0.0,0,0.0,0,0.0,0
2012-10-30T09:17:53.500,2246.6,5479,2246.4,1,0.0,0,0.0,0,0.0,0,0.0,0,2246.6,14,0.0,0,0.0,0,0.0,0,0.0,0
2012-10-30T09:17:54.000,2246.6,5481,2246.2,7,0.0,0,0.0,0,0.0,0,0.0,0,2246.6,13,0.0,0,0.0,0,0.0,0,0.0,0
2012-10-30T09:17:54.500,2246.6,5482,2246.2,7,0.0,0,0.0,0,0.0,0,0.0,0,2246.6,12,0.0,0,0.0,0,0.0,0,0.0,0
2012-10-30T09:17:55.250,2246.2,5486,2246.2,6,0.0,0,0.0,0,0.0,0,0.0,0,2246.6,9,0.0,0,0.0,0,0.0,0,0.0,0
2012-10-30T09:17:56.000,2246.4,5487,2246.2,16,0.0,0,0.0,0,0.0,0,0.0,0,2246.4,4,0.0,0,0.0,0,0.0,0,0.0,0
2012-10-30T09:17:56.500,2246.2,5492,2246.2,12,0.0,0,0.0,0,0.0,0,0.0,0,2246.4,5,0.0,0,0.0,0,0.0,0,0.0,0
2012-10-30T09:17:57.000,2246.2,5499,2246.2,9,0.0,0,0.0,0,0.0,0,0.0,0,2246.4,5,0.0,0,0.0,0,0.0,0,0.0,0
2012-10-30T09:17:57.500,2246.4,5503,2246.2,6,0.0,0,0.0,0,0.0,0,0.0,0,2246.4,5,0.0,0,0.0,0,0.0,0,0.0,0
2012-10-30T09:17:58.000,2246,5513,2246,64,0.0,0,0.0,0,0.0,0,0.0,0,2246.4,5,0.0,0,0.0,0,0.0,0,0.0,0
2012-10-30T09:17:58.500,2246,5519,2246,60,0.0,0,0.0,0,0.0,0,0.0,0,2246.2,9,0.0,0,0.0,0,0.0,0,0.0,0
2012-10-30T09:17:59.000,2245.8,5594,2245.8,15,0.0,0,0.0,0,0.0,0,0.0,0,2246,1,0.0,0,0.0,0,0.0,0,0.0,0
2012-10-30T09:17:59.500,2245.8,5597,2245.8,13,0.0,0,0.0,0,0.0,0,0.0,0,2246,4,0.0,0,0.0,0,0.0,0,0.0,0
2012-10-30T09:18:00.000,2245.8,5604,2245.8,9,0.0,0,0.0,0,0.0,0,0.0,0,2246,8,0.0,0,0.0,0,0.0,0,0.0,0
2012-10-30T09:18:00.500,2246.2,5624,2245.8,6,0.0,0,0.0,0,0.0,0,0.0,0,2246.2,4,0.0,0,0.0,0,0.0,0,0.0,0
2012-10-30T09:18:01.000,2246,5638,2246,1,0.0,0,0.0,0,0.0,0,0.0,0,2246.4,11,0.0,0,0.0,0,0.0,0,0.0,0
2012-10-30T09:18:01.500,2245.8,5673,2245.8,3,0.0,0,0.0,0,0.0,0,0.0,0,2246.6,19,0.0,0,0.0,0,0.0,0,0.0,0
2012-10-30T09:18:02.000,2246.6,5687,2246,13,0.0,0,0.0,0,0.0,0,0.0,0,2246.6,16,0.0,0,0.0,0,0.0,0,0.0,0
2012-10-30T09:18:02.500,2246,5695,2246,1,0.0,0,0.0,0,0.0,0,0.0,0,2246.4,3,0.0,0,0.0,0,0.0,0,0.0,0
2012-10-30T09:18:03.000,2246,5704,2245.8,14,0.0,0,0.0,0,0.0,0,0.0,0,2246,1,0.0,0,0.0,0,0.0,0,0.0,0
2012-10-30T09:18:03.500,2245.8,5714,2245.8,6,0.0,0,0.0,0,0.0,0,0.0,0,2246.4,15,0.0,0,0.0,0,0.0,0,0.0,0
2012-10-30T09:18:04.000,2245.8,5720,2246,10,0.0,0,0.0,0,0.0,0,0.0,0,2246.2,7,0.0,0,0.0,0,0.0,0,0.0,0
2012-10-30T09:18:04.500,2245.6,5734,2246,1,0.0,0,0.0,0,0.0,0,0.0,0,2246.2,7,0.0,0,0.0,0,0.0,0,0.0,0
2012-10-30T09:18:05.000,2245.8,5738,2245.8,1,0.0,0,0.0,0,0.0,0,0.0,0,2246,1,0.0,0,0.0,0,0.0,0,0.0,0
2012-10-30T09:18:05.500,2246.2,5741,2245.8,2,0.0,0,0.0,0,0.0,0,0.0,0,2246.2,19,0.0,0,0.0,0,0.0,0,0.0,0
2012-10-30T09:18:06.000,2245.8,5742,2246,12,0.0,0,0.0,0,0.0,0,0.0,0,2246.2,20,0.0,0,0.0,0,0.0,0,0.0,0
2012-10-30T09:18:06.500,2245.8,5782,2245.6,56,0.0,0,0.0,0,0.0,0,0.0,0,2245.8,10,0.0,0,0.0,0,0.0,0,0.0,0
2012-10-30T09:18:07.000,2245.6,5794,2245.6,44,0.0,0,0.0,0,0.0,0,0.0,0,2245.8,14,0.0,0,0.0,0,0.0,0,0.0,0
2012-10-30T09:18:07.500,2245.8,5801,2245.6,41,0.0,0,0.0,0,0.0,0,0.0,0,2245.8,8,0.0,0,0.0,0,0.0,0,0.0,0
2012-10-30T09:18:08.000,2245.6,5806,2245.6,36,0.0,0,0.0,0,0.0,0,0.0,0,2245.8,8,0.0,0,0.0,0,0.0,0,0.0,0
2012-10-30T09:18:08.500,2245.8,5815,2245.6,36,0.0,0,0.0,0,0.0,0,0.0,0,2245.8,5,0.0,0,0.0,0,0.0,0,0.0,0
2012-10-30T09:18:09.000,2245.6,5820,2245.6,34,0.0,0,0.0,0,0.0,0,0.0,0,2245.8,3,0.0,0,0.0,0,0.0,0,0.0,0
2012-10-30T09:18:09.500,2245.6,5834,2245.6,22,0.0,0,0.0,0,0.0,0,0.0,0,2245.8,2,0.0,0,0.0,0,0.0,0,0.0,0
2012-10-30T09:18:10.000,2245.6,5859,2245.8,1,0.0,0,0.0,0,0.0,0,0.0,0,2246,17,0.0,0,0.0,0,0.0,0,0.0,0
2012-10-30T09:18:10.500,2245.6,5860,2245.8,2,0.0,0,0.0,0,0.0,0,0.0,0,2246,19,0.0,0,0.0,0,0.0,0,0.0,0
2012-10-30T09:18:11.000,2245.8,5862,2245.8,52,0.0,0,0.0,0,0.0,0,0.0,0,2246,19,0.0,0,0.0,0,0.0,0,0.0,0
2012-10-30T09:18:11.500,2245.8,5865,2245.8,53,0.0,0,0.0,0,0.0,0,0.0,0,2246,19,0.0,0,0.0,0,0.0,0,0.0,0
2012-10-30T09:18:12.000,2246,5890,2246,6,0.0,0,0.0,0,0.0,0,0.0,0,2246.2,2,0.0,0,0.0,0,0.0,0,0.0,0
2012-10-30T09:18:12.500,2246.2,5897,2246,8,0.0,0,0.0,0,0.0,0,0.0,0,2246.2,1,0.0,0,0.0,0,0.0,0,0.0,0
2012-10-30T09:18:13.000,2246,5904,2246,3,0.0,0,0.0,0,0.0,0,0.0,0,2246.2,1,0.0,0,0.0,0,0.0,0,0.0,0
2012-10-30T09:18:13.500,2246,5909,2245.8,56,0.0,0,0.0,0,0.0,0,0.0,0,2246,57,0.0,0,0.0,0,0.0,0,0.0,0
2012-10-30T09:18:14.000,2246,5910,2245.8,56,0.0,0,0.0,0,0.0,0,0.0,0,2246,57,0.0,0,0.0,0,0.0,0,0.0,0
2012-10-30T09:18:14.500,2246,5914,2245.8,56,0.0,0,0.0,0,0.0,0,0.0,0,2246,55,0.0,0,0.0,0,0.0,0,0.0,0
2012-10-30T09:18:15.000,2246,5916,2245.8,56,0.0,0,0.0,0,0.0,0,0.0,0,2246,54,0.0,0,0.0,0,0.0,0,0.0,0
2012-10-30T09:18:15.500,2246,5919,2245.8,55,0.0,0,0.0,0,0.0,0,0.0,0,2246,55,0.0,0,0.0,0,0.0,0,0.0,0
2012-10-30T09:18:16.000,2246,5977,2245.8,2,0.0,0,0.0,0,0.0,0,0.0,0,2246,55,0.0,0,0.0,0,0.0,0,0.0,0
2012-10-30T09:18:16.500,2245.8,5980,2245.6,22,0.0,0,0.0,0,0.0,0,0.0,0,2245.8,20,0.0,0,0.0,0,0.0,0,0.0,0
2012-10-30T09:18:17.000,2245.8,5986,2245.6,22,0.0,0,0.0,0,0.0,0,0.0,0,2245.8,21,0.0,0,0.0,0,0.0,0,0.0,0
2012-10-30T09:18:17.500,2245.6,5988,2245.6,20,0.0,0,0.0,0,0.0,0,0.0,0,2245.8,28,0.0,0,0.0,0,0.0,0,0.0,0
2012-10-30T09:18:18.250,2245.8,5990,2245.6,19,0.0,0,0.0,0,0.0,0,0.0,0,2245.8,27,0.0,0,0.0,0,0.0,0,0.0,0
2012-10-30T09:18:19.000,2245.6,5995,2245.6,15,0.0,0,0.0,0,0.0,0,0.0,0,2245.8,27,0.0,0,0.0,0,0.0,0,0.0,0
2012-10-30T09:18:19.500,2245.6,6005,2245.6,5,0.0,0,0.0,0,0.0,0,0.0,0,2245.8,35,0.0,0,0.0,0,0.0,0,0.0,0
2012-10-30T09:18:20.000,2245.4,6011,2245.4,42,0.0,0,0.0,0,0.0,0,0.0,0,2245.8,41,0.0,0,0.0,0,0.0,0,0.0,0
2012-10-30T09:18:20.500,2245.6,6014,2245.6,1,0.0,0,0.0,0,0.0,0,0.0,0,2245.8,41,0.0,0,0.0,0,0.0,0,0.0,0
2012-10-30T09:18:21.000,2245.6,6015,2245.6,5,0.0,0,0.0,0,0.0,0,0.0,0,2245.8,41,0.0,0,0.0,0,0.0,0,0.0,0
2012-10-30T09:18:21.500,2245.6,6016,2245.6,8,0.0,0,0.0,0,0.0,0,0.0,0,2245.8,42,0.0,0,0.0,0,0.0,0,0.0,0
2012-10-30T09:18:22.000,2245.8,6022,2245.6,5,0.0,0,0.0,0,0.0,0,0.0,0,2245.8,39,0.0,0,0.0,0,0.0,0,0.0,0
2012-10-30T09:18:22.500,2245.6,6027,2245.6,2,0.0,0,0.0,0,0.0,0,0.0,0,2245.8,35,0.0,0,0.0,0,0.0,0,0.0,0
2012-10-30T09:18:23.000,2245.6,6032,2245.4,46,0.0,0,0.0,0,0.0,0,0.0,0,2245.6,3,0.0,0,0.0,0,0.0,0,0.0,0
2012-10-30T09:18:23.500,2245.4,6042,2245.4,43,0.0,0,0.0,0,0.0,0,0.0,0,2245.8,36,0.0,0,0.0,0,0.0,0,0.0,0
2012-10-30T09:18:24.250,2245.6,6053,2245.4,37,0.0,0,0.0,0,0.0,0,0.0,0,2245.8,36,0.0,0,0.0,0,0.0,0,0.0,0
2012-10-30T09:18:25.000,2245.4,6055,2245.4,35,0.0,0,0.0,0,0.0,0,0.0,0,2245.6,1,0.0,0,0.0,0,0.0,0,0.0,0
2012-10-30T09:18:25.500,2245.6,6057,2245.6,2,0.0,0,0.0,0,0.0,0,0.0,0,2245.8,26,0.0,0,0.0,0,0.0,0,0.0,0
2012-10-30T09:18:26.000,2245.6,6059,2245.4,36,0.0,0,0.0,0,0.0,0,0.0,0,2245.8,21,0.0,0,0.0,0,0.0,0,0.0,0
2012-10-30T09:18:26.500,2245.6,6067,2245.6,13,0.0,0,0.0,0,0.0,0,0.0,0,2245.8,22,0.0,0,0.0,0,0.0,0,0.0,0
2012-10-30T09:18:27.000,2245.6,6082,2245.4,67,0.0,0,0.0,0,0.0,0,0.0,0,2245.8,20,0.0,0,0.0,0,0.0,0,0.0,0
2012-10-30T09:18:27.500,2245.4,6090,2245.4,64,0.0,0,0.0,0,0.0,0,0.0,0,2245.6,5,0.0,0,0.0,0,0.0,0,0.0,0
2012-10-30T09:18:28.000,2245.6,6094,2245.4,62,0.0,0,0.0,0,0.0,0,0.0,0,2245.6,3,0.0,0,0.0,0,0.0,0,0.0,0
2012-10-30T09:18:28.500,2245.6,6099,2245.4,60,0.0,0,0.0,0,0.0,0,0.0,0,2245.6,7,0.0,0,0.0,0,0.0,0,0.0,0
2012-10-30T09:18:29.000,2245.6,6107,2245.4,55,0.0,0,0.0,0,0.0,0,0.0,0,2245.6,5,0.0,0,0.0,0,0.0,0,0.0,0
2012-10-30T09:18:29.500,2245.6,6112,2245.4,54,0.0,0,0.0,0,0.0,0,0.0,0,2245.6,3,0.0,0,0.0,0,0.0,0,0.0,0
2012-10-30T09:18:30.000,2245.4,6121,2245.6,2,0.0,0,0.0,0,0.0,0,0.0,0,2245.8,22,0.0,0,0.0,0,0.0,0,0.0,0
2012-10-30T09:18:30.500,2245.6,6124,2245.4,49,0.0,0,0.0,0,0.0,0,0.0,0,2245.6,13,0.0,0,0.0,0,0.0,0,0.0,0
2012-10-30T09:18:31.000,2245.6,6130,2245.4,51,0.0,0,0.0,0,0.0,0,0.0,0,2245.6,9,0.0,0,0.0,0,0.0,0,0.0,0
2012-10-30T09:18:31.500,2245.6,6131,2245.4,51,0.0,0,0.0,0,0.0,0,0.0,0,2245.6,10,0.0,0,0.0,0,0.0,0,0.0,0
2012-10-30T09:18:32.000,2245.6,6134,2245.4,49,0.0,0,0.0,0,0.0,0,0.0,0,2245.6,14,0.0,0,0.0,0,0.0,0,0.0,0
2012-10-30T09:18:32.500,2245.6,6152,2245.4,41,0.0,0,0.0,0,0.0,0,0.0,0,2245.6,4,0.0,0,0.0,0,0.0,0,0.0,0
2012-10-30T09:18:33.250,2245.6,6154,2245.4,42,0.0,0,0.0,0,0.0,0,0.0,0,2245.6,5,0.0,0,0.0,0,0.0,0,0.0,0
2012-10-30T09:18:34.000,2245.6,6164,2245.6,1,0.0,0,0.0,0,0.0,0,0.0,0,2245.8,26,0.0,0,0.0,0,0.0,0,0.0,0
2012-10-30T09:18:34.500,2245.6,6167,2245.6,6,0.0,0,0.0,0,0.0,0,0.0,0,2245.8,28,0.0,0,0.0,0,0.0,0,0.0,0
2012-10-30T09:18:35.000,2245.6,6170,2245.6,3,0.0,0,0.0,0,0.0,0,0.0,0,2245.8,28,0.0,0,0.0,0,0.0,0,0.0,0
2012-10-30T09:18:35.500,2245.6,6172,2245.6,1,0.0,0,0.0,0,0.0,0,0.0,0,2245.8,28,0.0,0,0.0,0,0.0,0,0.0,0
2012-10-30T09:18:36.000,2245.6,6179,2245.4,47,0.0,0,0.0,0,0.0,0,0.0,0,2245.6,1,0.0,0,0.0,0,0.0,0,0.0,0
2012-10-30T09:18:36.500,2245.6,6180,2245.6,1,0.0,0,0.0,0,0.0,0,0.0,0,2245.8,29,0.0,0,0.0,0,0.0,0,0.0,0
2012-10-30T09:18:37.250,2245.8,6182,2245.6,1,0.0,0,0.0,0,0.0,0,0.0,0,2245.8,27,0.0,0,0.0,0,0.0,0,0.0,0
2012-10-30T09:18:38.000,2245.6,6185,2245.4,48,0.0,0,0.0,0,0.0,0,0.0,0,2245.8,27,0.0,0,0.0,0,0.0,0,0.0,0
2012-10-30T09:18:38.500,2245.4,6189,2245.4,48,0.0,0,0.0,0,0.0,0,0.0,0,2245.6,1,0.0,0,0.0,0,0.0,0,0.0,0
2012-10-30T09:18:39.000,2245.4,6193,2245.4,46,0.0,0,0.0,0,0.0,0,0.0,0,2245.6,1,0.0,0,0.0,0,0.0,0,0.0,0
2012-10-30T09:18:39.500,2245.4,6198,2245.6,5,0.0,0,0.0,0,0.0,0,0.0,0,2245.8,28,0.0,0,0.0,0,0.0,0,0.0,0
2012-10-30T09:18:40.000,2245.4,6208,2245.4,41,0.0,0,0.0,0,0.0,0,0.0,0,2245.6,8,0.0,0,0.0,0,0.0,0,0.0,0
2012-10-30T09:18:40.500,2245.6,6211,2245.4,41,0.0,0,0.0,0,0.0,0,0.0,0,2245.6,6,0.0,0,0.0,0,0.0,0,0.0,0
2012-10-30T09:18:41.250,2245.6,6215,2245.4,39,0.0,0,0.0,0,0.0,0,0.0,0,2245.6,5,0.0,0,0.0,0,0.0,0,0.0,0
2012-10-30T09:18:42.000,2245.4,6219,2245.4,39,0.0,0,0.0,0,0.0,0,0.0,0,2245.6,17,0.0,0,0.0,0,0.0,0,0.0,0
2012-10-30T09:18:42.500,2245.4,6228,2245.4,32,0.0,0,0.0,0,0.0,0,0.0,0,2245.6,24,0.0,0,0.0,0,0.0,0,0.0,0
2012-10-30T09:18:43.250,2245.4,6230,2245.4,34,0.0,0,0.0,0,0.0,0,0.0,0,2245.6,35,0.0,0,0.0,0,0.0,0,0.0,0
2012-10-30T09:18:44.000,2245.4,6261,2245.4,5,0.0,0,0.0,0,0.0,0,0.0,0,2245.6,35,0.0,0,0.0,0,0.0,0,0.0,0
2012-10-30T09:18:44.500,2245.4,6267,2245.2,36,0.0,0,0.0,0,0.0,0,0.0,0,2245.4,17,0.0,0,0.0,0,0.0,0,0.0,0
2012-10-30T09:18:45.000,2245.2,6272,2245.2,33,0.0,0,0.0,0,0.0,0,0.0,0,2245.4,15,0.0,0,0.0,0,0.0,0,0.0,0
2012-10-30T09:18:45.500,2245.2,6284,2245.2,21,0.0,0,0.0,0,0.0,0,0.0,0,2245.4,15,0.0,0,0.0,0,0.0,0,0.0,0
2012-10-30T09:18:46.000,2245.2,6288,2245.2,18,0.0,0,0.0,0,0.0,0,0.0,0,2245.4,15,0.0,0,0.0,0,0.0,0,0.0,0
2012-10-30T09:18:46.500,2245.2,6308,2245,114,0.0,0,0.0,0,0.0,0,0.0,0,2245.4,15,0.0,0,0.0,0,0.0,0,0.0,0
2012-10-30T09:18:47.250,2245,6327,2245,94,0.0,0,0.0,0,0.0,0,0.0,0,2245.2,38,0.0,0,0.0,0,0.0,0,0.0,0
2012-10-30T09:18:48.000,2245,6350,2245,76,0.0,0,0.0,0,0.0,0,0.0,0,2245.2,38,0.0,0,0.0,0,0.0,0,0.0,0
2012-10-30T09:18:48.500,2245,6369,2245,58,0.0,0,0.0,0,0.0,0,0.0,0,2245.2,22,0.0,0,0.0,0,0.0,0,0.0,0
2012-10-30T09:18:49.000,2245,6391,2245,39,0.0,0,0.0,0,0.0,0,0.0,0,2245.2,22,0.0,0,0.0,0,0.0,0,0.0,0
2012-10-30T09:18:49.500,2245.2,6400,2245,31,0.0,0,0.0,0,0.0,0,0.0,0,2245.2,22,0.0,0,0.0,0,0.0,0,0.0,0
2012-10-30T09:18:50.000,2245,6421,2245,20,0.0,0,0.0,0,0.0,0,0.0,0,2245.2,27,0.0,0,0.0,0,0.0,0,0.0,0
2012-10-30T09:18:50.500,2245,6431,2245,21,0.0,0,0.0,0,0.0,0,0.0,0,2245.2,26,0.0,0,0.0,0,0.0,0,0.0,0
2012-10-30T09:18:51.000,2245.2,6435,2245,19,0.0,0,0.0,0,0.0,0,0.0,0,2245.2,24,0.0,0,0.0,0,0.0,0,0.0,0
2012-10-30T09:18:51.500,2245.2,6441,2245,24,0.0,0,0.0,0,0.0,0,0.0,0,2245.2,19,0.0,0,0.0,0,0.0,0,0.0,0
2012-10-30T09:18:52.000,2245,6462,2245,6,0.0,0,0.0,0,0.0,0,0.0,0,2245.2,23,0.0,0,0.0,0,0.0,0,0.0,0
2012-10-30T09:18:52.500,2245.2,6489,2245,5,0.0,0,0.0,0,0.0,0,0.0,0,2245.4,10,0.0,0,0.0,0,0.0,0,0.0,0
2012-10-30T09:18:53.000,2245,6498,2245,21,0.0,0,0.0,0,0.0,0,0.0,0,2245.4,9,0.0,0,0.0,0,0.0,0,0.0,0
2012-10-30T09:18:53.500,2245.4,6511,2245.2,34,0.0,0,0.0,0,0.0,0,0.0,0,2245.6,18,0.0,0,0.0,0,0.0,0,0.0,0
2012-10-30T09:18:54.000,2245.2,6518,2245.2,30,0.0,0,0.0,0,0.0,0,0.0,0,2245.6,19,0.0,0,0.0,0,0.0,0,0.0,0
2012-10-30T09:18:54.500,2245.2,6522,2245.2,32,0.0,0,0.0,0,0.0,0,0.0,0,2245.4,1,0.0,0,0.0,0,0.0,0,0.0,0
2012-10-30T09:18:55.000,2245.4,6526,2245.4,2,0.0,0,0.0,0,0.0,0,0.0,0,2245.6,18,0.0,0,0.0,0,0.0,0,0.0,0
2012-10-30T09:18:55.500,2245.6,6528,2245.4,1,0.0,0,0.0,0,0.0,0,0.0,0,2245.6,18,0.0,0,0.0,0,0.0,0,0.0,0
2012-10-30T09:18:56.000,2245.4,6529,2245.4,3,0.0,0,0.0,0,0.0,0,0.0,0,2245.6,19,0.0,0,0.0,0,0.0,0,0.0,0
2012-10-30T09:18:56.500,2245.2,6538,2245.2,29,0.0,0,0.0,0,0.0,0,0.0,0,2245.6,19,0.0,0,0.0,0,0.0,0,0.0,0
2012-10-30T09:18:57.000,2245.2,6539,2245.2,79,0.0,0,0.0,0,0.0,0,0.0,0,2245.4,1,0.0,0,0.0,0,0.0,0,0.0,0
2012-10-30T09:18:57.500,2245.2,6557,2245.2,78,0.0,0,0.0,0,0.0,0,0.0,0,2245.6,6,0.0,0,0.0,0,0.0,0,0.0,0
2012-10-30T09:18:58.000,2245.4,6563,2245.4,31,0.0,0,0.0,0,0.0,0,0.0,0,2245.6,6,0.0,0,0.0,0,0.0,0,0.0,0
2012-10-30T09:18:58.500,2245.6,6570,2245.4,26,0.0,0,0.0,0,0.0,0,0.0,0,2245.6,5,0.0,0,0.0,0,0.0,0,0.0,0
2012-10-30T09:18:59.000,2245.4,6573,2245.4,28,0.0,0,0.0,0,0.0,0,0.0,0,2245.6,3,0.0,0,0.0,0,0.0,0,0.0,0
2012-10-30T09:18:59.500,2245.4,6580,2245.4,25,0.0,0,0.0,0,0.0,0,0.0,0,2245.6,15,0.0,0,0.0,0,0.0,0,0.0,0
2012-10-30T09:19:00.000,2245.6,6595,2245.6,6,0.0,0,0.0,0,0.0,0,0.0,0,2245.8,32,0.0,0,0.0,0,0.0,0,0.0,0
2012-10-30T09:19:00.500,2245.6,6598,2245.6,6,0.0,0,0.0,0,0.0,0,0.0,0,2245.8,34,0.0,0,0.0,0,0.0,0,0.0,0
2012-10-30T09:19:01.000,2245.4,6609,2245.4,19,0.0,0,0.0,0,0.0,0,0.0,0,2245.8,34,0.0,0,0.0,0,0.0,0,0.0,0
2012-10-30T09:19:01.500,2245.8,6614,2245.4,18,0.0,0,0.0,0,0.0,0,0.0,0,2245.8,32,0.0,0,0.0,0,0.0,0,0.0,0
2012-10-30T09:19:02.000,2245.4,6620,2245.4,15,0.0,0,0.0,0,0.0,0,0.0,0,2245.6,1,0.0,0,0.0,0,0.0,0,0.0,0
2012-10-30T09:19:02.500,2245.8,6633,2245.4,13,0.0,0,0.0,0,0.0,0,0.0,0,2245.8,21,0.0,0,0.0,0,0.0,0,0.0,0
2012-10-30T09:19:03.250,2245.4,6635,2245.4,10,0.0,0,0.0,0,0.0,0,0.0,0,2245.8,22,0.0,0,0.0,0,0.0,0,0.0,0
2012-10-30T09:19:04.000,2245.4,6636,2245.6,1,0.0,0,0.0,0,0.0,0,0.0,0,2245.8,24,0.0,0,0.0,0,0.0,0,0.0,0
2012-10-30T09:19:04.500,2245.8,6644,2245.6,1,0.0,0,0.0,0,0.0,0,0.0,0,2245.8,16,0.0,0,0.0,0,0.0,0,0.0,0
2012-10-30T09:19:05.250,2245.8,6648,2245.6,4,0.0,0,0.0,0,0.0,0,0.0,0,2245.8,12,0.0,0,0.0,0,0.0,0,0.0,0
2012-10-30T09:19:06.000,2245.8,6663,2245.4,6,0.0,0,0.0,0,0.0,0,0.0,0,2245.8,6,0.0,0,0.0,0,0.0,0,0.0,0
2012-10-30T09:19:06.500,2245.8,6665,2245.4,11,0.0,0,0.0,0,0.0,0,0.0,0,2245.6,1,0.0,0,0.0,0,0.0,0,0.0,0
2012-10-30T09:19:07.000,2245.6,6672,2245.6,1,0.0,0,0.0,0,0.0,0,0.0,0,2245.8,9,0.0,0,0.0,0,0.0,0,0.0,0
2012-10-30T09:19:07.500,2245.8,6674,2245.6,1,0.0,0,0.0,0,0.0,0,0.0,0,2245.8,7,0.0,0,0.0,0,0.0,0,0.0,0
2012-10-30T09:19:08.000,2245.6,6676,2245.4,15,0.0,0,0.0,0,0.0,0,0.0,0,2245.6,3,0.0,0,0.0,0,0.0,0,0.0,0
2012-10-30T09:19:08.500,2245.6,6677,2245.4,18,0.0,0,0.0,0,0.0,0,0.0,0,2245.6,4,0.0,0,0.0,0,0.0,0,0.0,0
2012-10-30T09:19:09.000,2245.6,6688,2245.4,12,0.0,0,0.0,0,0.0,0,0.0,0,2245.6,5,0.0,0,0.0,0,0.0,0,0.0,0
2012-10-30T09:19:09.500,2245.6,6691,2245.4,16,0.0,0,0.0,0,0.0,0,0.0,0,2245.6,3,0.0,0,0.0,0,0.0,0,0.0,0
2012-10-30T09:19:10.000,2245.4,6697,2245.4,11,0.0,0,0.0,0,0.0,0,0.0,0,2245.6,2,0.0,0,0.0,0,0.0,0,0.0,0
2012-10-30T09:19:10.500,2245.4,6699,2245.4,10,0.0,0,0.0,0,0.0,0,0.0,0,2245.6,2,0.0,0,0.0,0,0.0,0,0.0,0
2012-10-30T09:19:11.000,2245.6,6706,2245.6,20,0.0,0,0.0,0,0.0,0,0.0,0,2245.8,16,0.0,0,0.0,0,0.0,0,0.0,0
2012-10-30T09:19:11.500,2245.6,6709,2245.6,17,0.0,0,0.0,0,0.0,0,0.0,0,2245.8,17,0.0,0,0.0,0,0.0,0,0.0,0
2012-10-30T09:19:12.250,2245.6,6716,2245.6,16,0.0,0,0.0,0,0.0,0,0.0,0,2245.8,17,0.0,0,0.0,0,0.0,0,0.0,0
2012-10-30T09:19:13.000,2245.8,6717,2245.6,22,0.0,0,0.0,0,0.0,0,0.0,0,2245.8,17,0.0,0,0.0,0,0.0,0,0.0,0
2012-10-30T09:19:13.500,2245.6,6719,2245.6,21,0.0,0,0.0,0,0.0,0,0.0,0,2245.8,17,0.0,0,0.0,0,0.0,0,0.0,0
2012-10-30T09:19:14.000,2246,6754,2245.6,7,0.0,0,0.0,0,0.0,0,0.0,0,2246,79,0.0,0,0.0,0,0.0,0,0.0,0
2012-10-30T09:19:14.500,2246,6756,2245.8,1,0.0,0,0.0,0,0.0,0,0.0,0,2246,77,0.0,0,0.0,0,0.0,0,0.0,0
2012-10-30T09:19:15.000,2246,6762,2245.8,1,0.0,0,0.0,0,0.0,0,0.0,0,2246,73,0.0,0,0.0,0,0.0,0,0.0,0
2012-10-30T09:19:15.500,2246,6766,2245.8,1,0.0,0,0.0,0,0.0,0,0.0,0,2246,70,0.0,0,0.0,0,0.0,0,0.0,0
2012-10-30T09:19:16.250,2246,6770,2245.6,12,0.0,0,0.0,0,0.0,0,0.0,0,2246,66,0.0,0,0.0,0,0.0,0,0.0,0
2012-10-30T09:19:17.250,2246,6788,2245.8,1,0.0,0,0.0,0,0.0,0,0.0,0,2246,48,0.0,0,0.0,0,0.0,0,0.0,0
2012-10-30T09:19:18.000,2245.8,6789,2245.8,3,0.0,0,0.0,0,0.0,0,0.0,0,2246,50,0.0,0,0.0,0,0.0,0,0.0,0
2012-10-30T09:19:18.500,2246,6791,2245.8,7,0.0,0,0.0,0,0.0,0,0.0,0,2246,49,0.0,0,0.0,0,0.0,0,0.0,0
2012-10-30T09:19:19.000,2245.8,6798,2245.8,3,0.0,0,0.0,0,0.0,0,0.0,0,2246,48,0.0,0,0.0,0,0.0,0,0.0,0
2012-10-30T09:19:19.500,2246,6802,2245.8,4,0.0,0,0.0,0,0.0,0,0.0,0,2246,44,0.0,0,0.0,0,0.0,0,0.0,0
2012-10-30T09:19:20.000,2245.6,6810,2245.6,19,0.0,0,0.0,0,0.0,0,0.0,0,2245.8,6,0.0,0,0.0,0,0.0,0,0.0,0
2012-10-30T09:19:20.500,2245.8,6813,2245.6,19,0.0,0,0.0,0,0.0,0,0.0,0,2245.8,4,0.0,0,0.0,0,0.0,0,0.0,0
2012-10-30T09:19:21.250,2245.8,6814,2245.6,19,0.0,0,0.0,0,0.0,0,0.0,0,2245.8,8,0.0,0,0.0,0,0.0,0,0.0,0
2012-10-30T09:19:23.250,2245.8,6815,2245.6,21,0.0,0,0.0,0,0.0,0,0.0,0,2245.8,18,0.0,0,0.0,0,0.0,0,0.0,0
2012-10-30T09:19:24.000,2245.8,6816,2245.6,21,0.0,0,0.0,0,0.0,0,0.0,0,2245.8,18,0.0,0,0.0,0,0.0,0,0.0,0
2012-10-30T09:19:24.500,2245.8,6819,2245.6,21,0.0,0,0.0,0,0.0,0,0.0,0,2245.8,15,0.0,0,0.0,0,0.0,0,0.0,0
2012-10-30T09:19:25.250,2245.8,6821,2245.6,21,0.0,0,0.0,0,0.0,0,0.0,0,2245.8,13,0.0,0,0.0,0,0.0,0,0.0,0
2012-10-30T09:19:26.000,2245.8,6823,2245.6,22,0.0,0,0.0,0,0.0,0,0.0,0,2245.8,14,0.0,0,0.0,0,0.0,0,0.0,0
2012-10-30T09:19:26.500,2245.8,6824,2245.6,22,0.0,0,0.0,0,0.0,0,0.0,0,2245.8,14,0.0,0,0.0,0,0.0,0,0.0,0
2012-10-30T09:19:27.250,2245.6,6834,2245.6,12,0.0,0,0.0,0,0.0,0,0.0,0,2245.8,16,0.0,0,0.0,0,0.0,0,0.0,0
2012-10-30T09:19:28.000,2245.6,6835,2245.6,14,0.0,0,0.0,0,0.0,0,0.0,0,2245.8,22,0.0,0,0.0,0,0.0,0,0.0,0
2012-10-30T09:19:28.500,2245.8,6840,2245.6,14,0.0,0,0.0,0,0.0,0,0.0,0,2245.8,20,0.0,0,0.0,0,0.0,0,0.0,0
2012-10-30T09:19:29.000,2245.6,6842,2245.6,16,0.0,0,0.0,0,0.0,0,0.0,0,2245.8,19,0.0,0,0.0,0,0.0,0,0.0,0
2012-10-30T09:19:29.500,2245.6,6843,2245.6,15,0.0,0,0.0,0,0.0,0,0.0,0,2245.8,19,0.0,0,0.0,0,0.0,0,0.0,0
2012-10-30T09:19:30.250,2245.8,6844,2245.6,15,0.0,0,0.0,0,0.0,0,0.0,0,2245.8,18,0.0,0,0.0,0,0.0,0,0.0,0
2012-10-30T09:19:31.000,2245.8,6847,2245.6,16,0.0,0,0.0,0,0.0,0,0.0,0,2245.8,16,0.0,0,0.0,0,0.0,0,0.0,0
2012-10-30T09:19:31.500,2245.8,6849,2245.6,17,0.0,0,0.0,0,0.0,0,0.0,0,2245.8,14,0.0,0,0.0,0,0.0,0,0.0,0
2012-10-30T09:19:32.000,2245.8,6850,2245.6,17,0.0,0,0.0,0,0.0,0,0.0,0,2245.8,13,0.0,0,0.0,0,0.0,0,0.0,0
2012-10-30T09:19:32.500,2245.6,6851,2245.6,16,0.0,0,0.0,0,0.0,0,0.0,0,2245.8,13,0.0,0,0.0,0,0.0,0,0.0,0
2012-10-30T09:19:33.250,2245.8,6879,2245.4,50,0.0,0,0.0,0,0.0,0,0.0,0,2245.8,7,0.0,0,0.0,0,0.0,0,0.0,0
2012-10-30T09:19:35.250,2245.8,6894,2245.8,5,0.0,0,0.0,0,0.0,0,0.0,0,2246,51,0.0,0,0.0,0,0.0,0,0.0,0
2012-10-30T09:19:36.250,2245.8,6895,2245.8,4,0.0,0,0.0,0,0.0,0,0.0,0,2246,51,0.0,0,0.0,0,0.0,0,0.0,0
2012-10-30T09:19:37.000,2246,6900,2245.8,4,0.0,0,0.0,0,0.0,0,0.0,0,2246,46,0.0,0,0.0,0,0.0,0,0.0,0
2012-10-30T09:19:37.500,2246,6904,2245.8,1,0.0,0,0.0,0,0.0,0,0.0,0,2246,45,0.0,0,0.0,0,0.0,0,0.0,0
2012-10-30T09:19:38.250,2246,6911,2245.8,2,0.0,0,0.0,0,0.0,0,0.0,0,2246,39,0.0,0,0.0,0,0.0,0,0.0,0
2012-10-30T09:19:39.250,2246,6915,2245.8,10,0.0,0,0.0,0,0.0,0,0.0,0,2246,35,0.0,0,0.0,0,0.0,0,0.0,0
2012-10-30T09:19:40.000,2246,6922,2245.8,12,0.0,0,0.0,0,0.0,0,0.0,0,2246,28,0.0,0,0.0,0,0.0,0,0.0,0
2012-10-30T09:19:40.500,2246,6938,2245.8,11,0.0,0,0.0,0,0.0,0,0.0,0,2246,15,0.0,0,0.0,0,0.0,0,0.0,0
2012-10-30T09:19:41.000,2246,6954,2246,26,0.0,0,0.0,0,0.0,0,0.0,0,2246.2,9,0.0,0,0.0,0,0.0,0,0.0,0
2012-10-30T09:19:41.500,2246.2,6966,2246,28,0.0,0,0.0,0,0.0,0,0.0,0,2246.2,8,0.0,0,0.0,0,0.0,0,0.0,0
2012-10-30T09:19:42.000,2246.2,6972,2246,29,0.0,0,0.0,0,0.0,0,0.0,0,2246.2,3,0.0,0,0.0,0,0.0,0,0.0,0
2012-10-30T09:19:42.500,2246.2,6977,2246.2,1,0.0,0,0.0,0,0.0,0,0.0,0,2246.4,26,0.0,0,0.0,0,0.0,0,0.0,0
2012-10-30T09:19:43.000,2246.4,6979,2246.2,4,0.0,0,0.0,0,0.0,0,0.0,0,2246.4,28,0.0,0,0.0,0,0.0,0,0.0,0
2012-10-30T09:19:43.500,2246.2,6981,2246.2,3,0.0,0,0.0,0,0.0,0,0.0,0,2246.4,27,0.0,0,0.0,0,0.0,0,0.0,0
2012-10-30T09:19:44.000,2246.4,6986,2246.2,3,0.0,0,0.0,0,0.0,0,0.0,0,2246.4,22,0.0,0,0.0,0,0.0,0,0.0,0
2012-10-30T09:19:44.500,2246.4,6988,2246.2,3,0.0,0,0.0,0,0.0,0,0.0,0,2246.4,20,0.0,0,0.0,0,0.0,0,0.0,0
2012-10-30T09:19:45.250,2246.4,6998,2246.2,2,0.0,0,0.0,0,0.0,0,0.0,0,2246.4,12,0.0,0,0.0,0,0.0,0,0.0,0
2012-10-30T09:19:46.000,2246.4,6999,2246.2,5,0.0,0,0.0,0,0.0,0,0.0,0,2246.4,13,0.0,0,0.0,0,0.0,0,0.0,0
2012-10-30T09:19:46.500,2246.2,7002,2246.2,8,0.0,0,0.0,0,0.0,0,0.0,0,2246.4,11,0.0,0,0.0,0,0.0,0,0.0,0
2012-10-30T09:19:47.000,2246.2,7008,2246.2,5,0.0,0,0.0,0,0.0,0,0.0,0,2246.4,11,0.0,0,0.0,0,0.0,0,0.0,0
2012-10-30T09:19:47.500,2246.4,7012,2246.2,9,0.0,0,0.0,0,0.0,0,0.0,0,2246.4,15,0.0,0,0.0,0,0.0,0,0.0,0
2012-10-30T09:19:48.000,2246.2,7013,2246.2,12,0.0,0,0.0,0,0.0,0,0.0,0,2246.4,15,0.0,0,0.0,0,0.0,0,0.0,0
2012-10-30T09:19:48.500,2246.2,7014,2246.2,12,0.0,0,0.0,0,0.0,0,0.0,0,2246.4,15,0.0,0,0.0,0,0.0,0,0.0,0
2012-10-30T09:19:49.000,2246.4,7015,2246.2,13,0.0,0,0.0,0,0.0,0,0.0,0,2246.4,14,0.0,0,0.0,0,0.0,0,0.0,0
2012-10-30T09:19:49.500,2246.4,7030,2246.4,7,0.0,0,0.0,0,0.0,0,0.0,0,2246.6,26,0.0,0,0.0,0,0.0,0,0.0,0
2012-10-30T09:19:50.000,2246.6,7031,2246.4,14,0.0,0,0.0,0,0.0,0,0.0,0,2246.6,26,0.0,0,0.0,0,0.0,0,0.0,0
2012-10-30T09:19:50.500,2246.6,7040,2246.4,15,0.0,0,0.0,0,0.0,0,0.0,0,2246.6,19,0.0,0,0.0,0,0.0,0,0.0,0
2012-10-30T09:19:51.000,2246.4,7042,2246.4,13,0.0,0,0.0,0,0.0,0,0.0,0,2246.6,23,0.0,0,0.0,0,0.0,0,0.0,0
2012-10-30T09:19:51.500,2246.6,7043,2246.4,14,0.0,0,0.0,0,0.0,0,0.0,0,2246.6,22,0.0,0,0.0,0,0.0,0,0.0,0
2012-10-30T09:19:52.250,2246.6,7047,2246.4,13,0.0,0,0.0,0,0.0,0,0.0,0,2246.6,19,0.0,0,0.0,0,0.0,0,0.0,0
2012-10-30T09:19:53.000,2246.6,7064,2246.4,45,0.0,0,0.0,0,0.0,0,0.0,0,2246.6,3,0.0,0,0.0,0,0.0,0,0.0,0
2012-10-30T09:19:53.500,2246.6,7067,2246.6,12,0.0,0,0.0,0,0.0,0,0.0,0,2246.8,25,0.0,0,0.0,0,0.0,0,0.0,0
2012-10-30T09:19:54.000,2246.8,7079,2246.6,12,0.0,0,0.0,0,0.0,0,0.0,0,2246.8,15,0.0,0,0.0,0,0.0,0,0.0,0
2012-10-30T09:19:54.500,2246.6,7089,2246.6,13,0.0,0,0.0,0,0.0,0,0.0,0,2246.8,7,0.0,0,0.0,0,0.0,0,0.0,0
2012-10-30T09:19:55.000,2246.8,7092,2246.6,15,0.0,0,0.0,0,0.0,0,0.0,0,2246.8,4,0.0,0,0.0,0,0.0,0,0.0,0
2012-10-30T09:19:55.500,2247,7105,2246.8,1,0.0,0,0.0,0,0.0,0,0.0,0,2247,118,0.0,0,0.0,0,0.0,0,0.0,0
2012-10-30T09:19:56.000,2247,7118,2246.8,3,0.0,0,0.0,0,0.0,0,0.0,0,2247,108,0.0,0,0.0,0,0.0,0,0.0,0
2012-10-30T09:19:56.500,2246.8,7135,2246.6,19,0.0,0,0.0,0,0.0,0,0.0,0,2247,98,0.0,0,0.0,0,0.0,0,0.0,0
2012-10-30T09:19:57.000,2247,7192,2246.6,19,0.0,0,0.0,0,0.0,0,0.0,0,2247,49,0.0,0,0.0,0,0.0,0,0.0,0
2012-10-30T09:19:57.500,2246.8,7197,2246.6,19,0.0,0,0.0,0,0.0,0,0.0,0,2246.8,4,0.0,0,0.0,0,0.0,0,0.0,0
2012-10-30T09:19:58.000,2247,7206,2246.8,1,0.0,0,0.0,0,0.0,0,0.0,0,2247,43,0.0,0,0.0,0,0.0,0,0.0,0
2012-10-30T09:19:58.500,2247,7225,2246.6,16,0.0,0,0.0,0,0.0,0,0.0,0,2247,31,0.0,0,0.0,0,0.0,0,0.0,0
2012-10-30T09:19:59.000,2247,7232,2246.8,1,0.0,0,0.0,0,0.0,0,0.0,0,2247,24,0.0,0,0.0,0,0.0,0,0.0,0
2012-10-30T09:19:59.500,2247,7264,2247,3,0.0,0,0.0,0,0.0,0,0.0,0,2247.2,13,0.0,0,0.0,0,0.0,0,0.0,0
2012-10-30T09:20:00.000,2247,7275,2247,3,0.0,0,0.0,0,0.0,0,0.0,0,2247.2,14,0.0,0,0.0,0,0.0,0,0.0,0
2012-10-30T09:20:00.500,2246.6,7302,2246.6,5,0.0,0,0.0,0,0.0,0,0.0,0,2247.2,6,0.0,0,0.0,0,0.0,0,0.0,0
2012-10-30T09:20:01.000,2247.2,7336,2246.8,2,0.0,0,0.0,0,0.0,0,0.0,0,2247,21,0.0,0,0.0,0,0.0,0,0.0,0
2012-10-30T09:20:01.500,2247,7353,2246.6,2,0.0,0,0.0,0,0.0,0,0.0,0,2247,16,0.0,0,0.0,0,0.0,0,0.0,0
2012-10-30T09:20:02.000,2246.8,7374,2246.4,28,0.0,0,0.0,0,0.0,0,0.0,0,2246.8,16,0.0,0,0.0,0,0.0,0,0.0,0
2012-10-30T09:20:02.500,2246.8,7376,2246.4,28,0.0,0,0.0,0,0.0,0,0.0,0,2246.8,15,0.0,0,0.0,0,0.0,0,0.0,0
2012-10-30T09:20:03.000,2246.6,7390,2246.6,1,0.0,0,0.0,0,0.0,0,0.0,0,2246.8,10,0.0,0,0.0,0,0.0,0,0.0,0
2012-10-30T09:20:03.500,2246.8,7392,2246.6,1,0.0,0,0.0,0,0.0,0,0.0,0,2246.8,13,0.0,0,0.0,0,0.0,0,0.0,0
2012-10-30T09:20:04.000,2246.6,7407,2246.4,28,0.0,0,0.0,0,0.0,0,0.0,0,2246.6,10,0.0,0,0.0,0,0.0,0,0.0,0
2012-10-30T09:20:04.500,2246.6,7418,2246.4,31,0.0,0,0.0,0,0.0,0,0.0,0,2246.6,1,0.0,0,0.0,0,0.0,0,0.0,0
2012-10-30T09:20:05.000,2246.6,7419,2246.6,11,0.0,0,0.0,0,0.0,0,0.0,0,2246.8,9,0.0,0,0.0,0,0.0,0,0.0,0
2012-10-30T09:20:05.500,2246.8,7431,2246.8,4,0.0,0,0.0,0,0.0,0,0.0,0,2247,27,0.0,0,0.0,0,0.0,0,0.0,0
2012-10-30T09:20:06.000,2246.8,7456,2246.6,12,0.0,0,0.0,0,0.0,0,0.0,0,2246.8,20,0.0,0,0.0,0,0.0,0,0.0,0
2012-10-30T09:20:06.500,2247,7478,2246.8,15,0.0,0,0.0,0,0.0,0,0.0,0,2247,12,0.0,0,0.0,0,0.0,0,0.0,0
2012-10-30T09:20:07.000,2247,7490,2246.8,23,0.0,0,0.0,0,0.0,0,0.0,0,2247,5,0.0,0,0.0,0,0.0,0,0.0,0
2012-10-30T09:20:07.500,2247,7498,2247,17,0.0,0,0.0,0,0.0,0,0.0,0,2247.2,17,0.0,0,0.0,0,0.0,0,0.0,0
2012-10-30T09:20:08.000,2247.2,7520,2247.2,8,0.0,0,0.0,0,0.0,0,0.0,0,2247.4,13,0.0,0,0.0,0,0.0,0,0.0,0
2012-10-30T09:20:08.500,2247.4,7560,2247.2,1,0.0,0,0.0,0,0.0,0,0.0,0,2247.4,2,0.0,0,0.0,0,0.0,0,0.0,0
2012-10-30T09:20:09.000,2247.2,7568,2247,14,0.0,0,0.0,0,0.0,0,0.0,0,2247.6,31,0.0,0,0.0,0,0.0,0,0.0,0
2012-10-30T09:20:09.500,2247.4,7600,2247.4,3,0.0,0,0.0,0,0.0,0,0.0,0,2247.6,7,0.0,0,0.0,0,0.0,0,0.0,0
2012-10-30T09:20:10.000,2247.2,7613,2247.2,7,0.0,0,0.0,0,0.0,0,0.0,0,2247.6,4,0.0,0,0.0,0,0.0,0,0.0,0
2012-10-30T09:20:10.500,2247.2,7628,2247,27,0.0,0,0.0,0,0.0,0,0.0,0,2247.2,6,0.0,0,0.0,0,0.0,0,0.0,0
2012-10-30T09:20:11.000,2247.2,7647,2247,15,0.0,0,0.0,0,0.0,0,0.0,0,2247.2,2,0.0,0,0.0,0,0.0,0,0.0,0
2012-10-30T09:20:11.500,2247.2,7663,2247.2,6,0.0,0,0.0,0,0.0,0,0.0,0,2247.4,6,0.0,0,0.0,0,0.0,0,0.0,0
2012-10-30T09:20:12.000,2247.4,7684,2247.2,2,0.0,0,0.0,0,0.0,0,0.0,0,2247.6,21,0.0,0,0.0,0,0.0,0,0.0,0
2012-10-30T09:20:12.500,2247.2,7704,2247,14,0.0,0,0.0,0,0.0,0,0.0,0,2247.2,5,0.0,0,0.0,0,0.0,0,0.0,0
2012-10-30T09:20:13.000,2247.2,7709,2247,15,0.0,0,0.0,0,0.0,0,0.0,0,2247.2,2,0.0,0,0.0,0,0.0,0,0.0,0
2012-10-30T09:20:13.500,2247.2,7716,2247.2,25,0.0,0,0.0,0,0.0,0,0.0,0,2247.4,4,0.0,0,0.0,0,0.0,0,0.0,0
2012-10-30T09:20:14.000,2247.4,7725,2247.4,12,0.0,0,0.0,0,0.0,0,0.0,0,2247.6,23,0.0,0,0.0,0,0.0,0,0.0,0
2012-10-30T09:20:14.500,2247.4,7748,2247.4,3,0.0,0,0.0,0,0.0,0,0.0,0,2247.6,23,0.0,0,0.0,0,0.0,0,0.0,0
2012-10-30T09:20:15.000,2247.4,7770,2247.4,1,0.0,0,0.0,0,0.0,0,0.0,0,2247.6,9,0.0,0,0.0,0,0.0,0,0.0,0
2012-10-30T09:20:15.500,2247.6,7781,2247.6,17,0.0,0,0.0,0,0.0,0,0.0,0,2247.8,32,0.0,0,0.0,0,0.0,0,0.0,0
2012-10-30T09:20:16.000,2247.8,7818,2247.6,25,0.0,0,0.0,0,0.0,0,0.0,0,2247.8,5,0.0,0,0.0,0,0.0,0,0.0,0
2012-10-30T09:20:16.500,2247.8,7840,2247.8,25,0.0,0,0.0,0,0.0,0,0.0,0,2248,101,0.0,0,0.0,0,0.0,0,0.0,0
2012-10-30T09:20:17.000,2248,7937,2247.8,18,0.0,0,0.0,0,0.0,0,0.0,0,2248,38,0.0,0,0.0,0,0.0,0,0.0,0
2012-10-30T09:20:17.500,2247.8,7972,2247.8,15,0.0,0,0.0,0,0.0,0,0.0,0,2248,19,0.0,0,0.0,0,0.0,0,0.0,0
2012-10-30T09:20:18.000,2248,8011,2248,3,0.0,0,0.0,0,0.0,0,0.0,0,2248.2,8,0.0,0,0.0,0,0.0,0,0.0,0
2012-10-30T09:20:18.500,2248,8048,2248.2,1,0.0,0,0.0,0,0.0,0,0.0,0,2248.4,10,0.0,0,0.0,0,0.0,0,0.0,0
2012-10-30T09:20:19.000,2248.2,8080,2248,8,0.0,0,0.0,0,0.0,0,0.0,0,2248.2,14,0.0,0,0.0,0,0.0,0,0.0,0
2012-10-30T09:20:19.500,2248.2,8131,2248.2,25,0.0,0,0.0,0,0.0,0,0.0,0,2248.4,5,0.0,0,0.0,0,0.0,0,0.0,0
2012-10-30T09:20:20.000,2248.4,8152,2248.2,27,0.0,0,0.0,0,0.0,0,0.0,0,2248.4,9,0.0,0,0.0,0,0.0,0,0.0,0
2012-10-30T09:20:20.500,2248.4,8167,2248.4,4,0.0,0,0.0,0,0.0,0,0.0,0,2248.6,70,0.0,0,0.0,0,0.0,0,0.0,0
2012-10-30T09:20:21.000,2248.2,8234,2248,40,0.0,0,0.0,0,0.0,0,0.0,0,2248.4,22,0.0,0,0.0,0,0.0,0,0.0,0
2012-10-30T09:20:21.500,2248.2,8256,2248,74,0.0,0,0.0,0,0.0,0,0.0,0,2248.2,15,0.0,0,0.0,0,0.0,0,0.0,0
2012-10-30T09:20:22.000,2248,8317,2248,38,0.0,0,0.0,0,0.0,0,0.0,0,2248.2,29,0.0,0,0.0,0,0.0,0,0.0,0
2012-10-30T09:20:22.500,2248,8370,2247.8,12,0.0,0,0.0,0,0.0,0,0.0,0,2248.2,20,0.0,0,0.0,0,0.0,0,0.0,0
2012-10-30T09:20:23.000,2247.8,8397,2247.8,5,0.0,0,0.0,0,0.0,0,0.0,0,2248,7,0.0,0,0.0,0,0.0,0,0.0,0
2012-10-30T09:20:23.500,2248.2,8420,2247.8,16,0.0,0,0.0,0,0.0,0,0.0,0,2248.2,6,0.0,0,0.0,0,0.0,0,0.0,0
2012-10-30T09:20:24.000,2247.8,8442,2247.8,23,0.0,0,0.0,0,0.0,0,0.0,0,2248,21,0.0,0,0.0,0,0.0,0,0.0,0
2012-10-30T09:20:24.500,2248.2,8475,2248,7,0.0,0,0.0,0,0.0,0,0.0,0,2248.2,1,0.0,0,0.0,0,0.0,0,0.0,0
2012-10-30T09:20:25.000,2248,8485,2248.2,13,0.0,0,0.0,0,0.0,0,0.0,0,2248.4,21,0.0,0,0.0,0,0.0,0,0.0,0
2012-10-30T09:20:25.500,2248.2,8511,2248.2,4,0.0,0,0.0,0,0.0,0,0.0,0,2248.4,9,0.0,0,0.0,0,0.0,0,0.0,0
2012-10-30T09:20:26.000,2248.2,8536,2248,14,0.0,0,0.0,0,0.0,0,0.0,0,2248.2,17,0.0,0,0.0,0,0.0,0,0.0,0
2012-10-30T09:20:26.500,2248.4,8563,2248.4,9,0.0,0,0.0,0,0.0,0,0.0,0,2248.6,105,0.0,0,0.0,0,0.0,0,0.0,0
2012-10-30T09:20:27.000,2248.4,8578,2248.2,7,0.0,0,0.0,0,0.0,0,0.0,0,2248.6,99,0.0,0,0.0,0,0.0,0,0.0,0
2012-10-30T09:20:27.500,2248,8594,2248,7,0.0,0,0.0,0,0.0,0,0.0,0,2248.6,122,0.0,0,0.0,0,0.0,0,0.0,0
2012-10-30T09:20:28.000,2248.2,8610,2248,12,0.0,0,0.0,0,0.0,0,0.0,0,2248.2,25,0.0,0,0.0,0,0.0,0,0.0,0
2012-10-30T09:20:28.500,2248,8643,2247.8,30,0.0,0,0.0,0,0.0,0,0.0,0,2248.2,23,0.0,0,0.0,0,0.0,0,0.0,0
2012-10-30T09:20:29.000,2248.2,8669,2247.8,26,0.0,0,0.0,0,0.0,0,0.0,0,2248.2,20,0.0,0,0.0,0,0.0,0,0.0,0
2012-10-30T09:20:29.500,2248.2,8686,2248,10,0.0,0,0.0,0,0.0,0,0.0,0,2248.2,11,0.0,0,0.0,0,0.0,0,0.0,0
2012-10-30T09:20:30.000,2248.2,8695,2248,8,0.0,0,0.0,0,0.0,0,0.0,0,2248.2,4,0.0,0,0.0,0,0.0,0,0.0,0
2012-10-30T09:20:30.500,2248.2,8699,2248,10,0.0,0,0.0,0,0.0,0,0.0,0,2248.2,7,0.0,0,0.0,0,0.0,0,0.0,0
2012-10-30T09:20:31.000,2247.8,8747,2247.6,44,0.0,0,0.0,0,0.0,0,0.0,0,2247.8,21,0.0,0,0.0,0,0.0,0,0.0,0
2012-10-30T09:20:31.500,2247.8,8760,2247.6,39,0.0,0,0.0,0,0.0,0,0.0,0,2247.8,13,0.0,0,0.0,0,0.0,0,0.0,0
2012-10-30T09:20:32.000,2248,8782,2247.8,15,0.0,0,0.0,0,0.0,0,0.0,0,2248.2,11,0.0,0,0.0,0,0.0,0,0.0,0
2012-10-30T09:20:32.500,2248,8795,2247.8,11,0.0,0,0.0,0,0.0,0,0.0,0,2248.2,10,0.0,0,0.0,0,0.0,0,0.0,0
2012-10-30T09:20:33.000,2248.2,8805,2247.8,9,0.0,0,0.0,0,0.0,0,0.0,0,2248.2,19,0.0,0,0.0,0,0.0,0,0.0,0
2012-10-30T09:20:33.500,2248.2,8812,2247.8,17,0.0,0,0.0,0,0.0,0,0.0,0,2248.2,18,0.0,0,0.0,0,0.0,0,0.0,0
2012-10-30T09:20:34.000,2248.2,8815,2248,1,0.0,0,0.0,0,0.0,0,0.0,0,2248.2,20,0.0,0,0.0,0,0.0,0,0.0,0
2012-10-30T09:20:34.500,2248.2,8826,2248,9,0.0,0,0.0,0,0.0,0,0.0,0,2248.2,9,0.0,0,0.0,0,0.0,0,0.0,0
2012-10-30T09:20:35.000,2248.2,8829,2248,23,0.0,0,0.0,0,0.0,0,0.0,0,2248.2,4,0.0,0,0.0,0,0.0,0,0.0,0
2012-10-30T09:20:35.500,2248,8836,2248,22,0.0,0,0.0,0,0.0,0,0.0,0,2248.2,2,0.0,0,0.0,0,0.0,0,0.0,0
2012-10-30T09:20:36.000,2248.2,8838,2248,21,0.0,0,0.0,0,0.0,0,0.0,0,2248.2,4,0.0,0,0.0,0,0.0,0,0.0,0
2012-10-30T09:20:36.500,2248,8841,2248,20,0.0,0,0.0,0,0.0,0,0.0,0,2248.2,3,0.0,0,0.0,0,0.0,0,0.0,0
2012-10-30T09:20:37.000,2248,8865,2247.8,16,0.0,0,0.0,0,0.0,0,0.0,0,2248,30,0.0,0,0.0,0,0.0,0,0.0,0
2012-10-30T09:20:37.500,2248,8875,2247.8,10,0.0,0,0.0,0,0.0,0,0.0,0,2248,30,0.0,0,0.0,0,0.0,0,0.0,0
2012-10-30T09:20:38.000,2248,8878,2247.8,11,0.0,0,0.0,0,0.0,0,0.0,0,2248,30,0.0,0,0.0,0,0.0,0,0.0,0
2012-10-30T09:20:38.500,2248,8891,2247.8,8,0.0,0,0.0,0,0.0,0,0.0,0,2248,21,0.0,0,0.0,0,0.0,0,0.0,0
2012-10-30T09:20:39.000,2247.8,8893,2247.8,10,0.0,0,0.0,0,0.0,0,0.0,0,2248,21,0.0,0,0.0,0,0.0,0,0.0,0
2012-10-30T09:20:39.500,2248,8900,2247.8,7,0.0,0,0.0,0,0.0,0,0.0,0,2248,17,0.0,0,0.0,0,0.0,0,0.0,0
2012-10-30T09:20:40.000,2248,8911,2247.6,30,0.0,0,0.0,0,0.0,0,0.0,0,2247.8,3,0.0,0,0.0,0,0.0,0,0.0,0
2012-10-30T09:20:40.500,2247.8,8914,2247.6,24,0.0,0,0.0,0,0.0,0,0.0,0,2247.8,1,0.0,0,0.0,0,0.0,0,0.0,0
2012-10-30T09:20:41.000,2247.8,8919,2247.8,4,0.0,0,0.0,0,0.0,0,0.0,0,2248,41,0.0,0,0.0,0,0.0,0,0.0,0
2012-10-30T09:20:41.500,2247.8,8953,2247.6,21,0.0,0,0.0,0,0.0,0,0.0,0,2248,32,0.0,0,0.0,0,0.0,0,0.0,0
2012-10-30T09:20:42.000,2247.8,8956,2247.6,26,0.0,0,0.0,0,0.0,0,0.0,0,2247.8,10,0.0,0,0.0,0,0.0,0,0.0,0
2012-10-30T09:20:42.500,2247.8,8962,2247.6,24,0.0,0,0.0,0,0.0,0,0.0,0,2247.8,7,0.0,0,0.0,0,0.0,0,0.0,0
2012-10-30T09:20:43.000,2247.8,8964,2247.6,27,0.0,0,0.0,0,0.0,0,0.0,0,2247.8,7,0.0,0,0.0,0,0.0,0,0.0,0
2012-10-30T09:20:43.500,2247.6,8967,2247.6,28,0.0,0,0.0,0,0.0,0,0.0,0,2247.8,11,0.0,0,0.0,0,0.0,0,0.0,0
2012-10-30T09:20:44.000,2247.6,8975,2247.6,39,0.0,0,0.0,0,0.0,0,0.0,0,2247.8,6,0.0,0,0.0,0,0.0,0,0.0,0
2012-10-30T09:20:44.500,2247.6,8999,2247.6,19,0.0,0,0.0,0,0.0,0,0.0,0,2247.8,5,0.0,0,0.0,0,0.0,0,0.0,0
2012-10-30T09:20:45.000,2247.6,9027,2247.6,2,0.0,0,0.0,0,0.0,0,0.0,0,2248,59,0.0,0,0.0,0,0.0,0,0.0,0
2012-10-30T09:20:45.500,2247.6,9029,2247.4,16,0.0,0,0.0,0,0.0,0,0.0,0,2247.6,12,0.0,0,0.0,0,0.0,0,0.0,0
2012-10-30T09:20:46.000,2247.6,9041,2247.4,18,0.0,0,0.0,0,0.0,0,0.0,0,2247.6,3,0.0,0,0.0,0,0.0,0,0.0,0
2012-10-30T09:20:46.500,2247.8,9055,2247.8,3,0.0,0,0.0,0,0.0,0,0.0,0,2248,60,0.0,0,0.0,0,0.0,0,0.0,0
2012-10-30T09:20:47.000,2247.6,9061,2247.4,24,0.0,0,0.0,0,0.0,0,0.0,0,2248,60,0.0,0,0.0,0,0.0,0,0.0,0
2012-10-30T09:20:47.500,2247.6,9062,2247.6,5,0.0,0,0.0,0,0.0,0,0.0,0,2247.8,2,0.0,0,0.0,0,0.0,0,0.0,0
2012-10-30T09:20:48.000,2247.8,9064,2247.6,6,0.0,0,0.0,0,0.0,0,0.0,0,2247.8,2,0.0,0,0.0,0,0.0,0,0.0,0
2012-10-30T09:20:48.500,2247.6,9065,2247.6,9,0.0,0,0.0,0,0.0,0,0.0,0,2247.8,3,0.0,0,0.0,0,0.0,0,0.0,0
2012-10-30T09:20:49.000,2247.8,9069,2247.6,10,0.0,0,0.0,0,0.0,0,0.0,0,2247.8,2,0.0,0,0.0,0,0.0,0,0.0,0
2012-10-30T09:20:49.500,2247.8,9071,2247.6,10,0.0,0,0.0,0,0.0,0,0.0,0,2247.8,11,0.0,0,0.0,0,0.0,0,0.0,0
2012-10-30T09:20:50.000,2247.6,9077,2247.6,8,0.0,0,0.0,0,0.0,0,0.0,0,2247.8,8,0.0,0,0.0,0,0.0,0,0.0,0
2012-10-30T09:20:50.500,2247.8,9080,2247.6,13,0.0,0,0.0,0,0.0,0,0.0,0,2247.8,7,0.0,0,0.0,0,0.0,0,0.0,0
2012-10-30T09:20:51.000,2247.8,9084,2247.6,12,0.0,0,0.0,0,0.0,0,0.0,0,2247.8,4,0.0,0,0.0,0,0.0,0,0.0,0
2012-10-30T09:20:51.500,2247.6,9096,2247.6,2,0.0,0,0.0,0,0.0,0,0.0,0,2247.8,6,0.0,0,0.0,0,0.0,0,0.0,0
2012-10-30T09:20:52.000,2247.6,9100,2247.4,27,0.0,0,0.0,0,0.0,0,0.0,0,2247.6,3,0.0,0,0.0,0,0.0,0,0.0,0
2012-10-30T09:20:52.500,2247.6,9103,2247.4,27,0.0,0,0.0,0,0.0,0,0.0,0,2247.8,6,0.0,0,0.0,0,0.0,0,0.0,0
2012-10-30T09:20:53.000,2247.8,9106,2247.4,28,0.0,0,0.0,0,0.0,0,0.0,0,2247.8,3,0.0,0,0.0,0,0.0,0,0.0,0
2012-10-30T09:20:53.500,2247.8,9110,2247.4,28,0.0,0,0.0,0,0.0,0,0.0,0,2247.6,1,0.0,0,0.0,0,0.0,0,0.0,0
2012-10-30T09:20:54.000,2247.6,9112,2247.4,29,0.0,0,0.0,0,0.0,0,0.0,0,2247.6,3,0.0,0,0.0,0,0.0,0,0.0,0
2012-10-30T09:20:54.500,2247.4,9116,2247.4,31,0.0,0,0.0,0,0.0,0,0.0,0,2247.8,16,0.0,0,0.0,0,0.0,0,0.0,0
2012-10-30T09:20:55.000,2247.8,9128,2247.4,31,0.0,0,0.0,0,0.0,0,0.0,0,2247.8,4,0.0,0,0.0,0,0.0,0,0.0,0
2012-10-30T09:20:55.500,2247.4,9137,2247.4,24,0.0,0,0.0,0,0.0,0,0.0,0,2247.6,2,0.0,0,0.0,0,0.0,0,0.0,0
2012-10-30T09:20:56.000,2247.8,9151,2247.4,17,0.0,0,0.0,0,0.0,0,0.0,0,2247.8,2,0.0,0,0.0,0,0.0,0,0.0,0
2012-10-30T09:20:56.500,2247.8,9152,2247.6,1,0.0,0,0.0,0,0.0,0,0.0,0,2247.8,2,0.0,0,0.0,0,0.0,0,0.0,0
2012-10-30T09:20:57.000,2247.6,9155,2247.4,18,0.0,0,0.0,0,0.0,0,0.0,0,2247.8,2,0.0,0,0.0,0,0.0,0,0.0,0
2012-10-30T09:20:57.500,2247.6,9160,2247.4,19,0.0,0,0.0,0,0.0,0,0.0,0,2248,89,0.0,0,0.0,0,0.0,0,0.0,0
2012-10-30T09:20:58.000,2247.8,9161,2247.6,1,0.0,0,0.0,0,0.0,0,0.0,0,2248,89,0.0,0,0.0,0,0.0,0,0.0,0
2012-10-30T09:20:58.500,2247.8,9163,2247.6,1,0.0,0,0.0,0,0.0,0,0.0,0,2247.8,11,0.0,0,0.0,0,0.0,0,0.0,0
2012-10-30T09:20:59.000,2247.8,9166,2247.6,1,0.0,0,0.0,0,0.0,0,0.0,0,2247.8,15,0.0,0,0.0,0,0.0,0,0.0,0
2012-10-30T09:20:59.500,2247.6,9167,2247.6,1,0.0,0,0.0,0,0.0,0,0.0,0,2247.8,30,0.0,0,0.0,0,0.0,0,0.0,0
2012-10-30T09:21:00.250,2247.8,9187,2247.4,27,0.0,0,0.0,0,0.0,0,0.0,0,2247.8,27,0.0,0,0.0,0,0.0,0,0.0,0
2012-10-30T09:21:01.000,2247.8,9201,2247.4,27,0.0,0,0.0,0,0.0,0,0.0,0,2247.8,23,0.0,0,0.0,0,0.0,0,0.0,0
2012-10-30T09:21:01.500,2247.8,9206,2247.6,14,0.0,0,0.0,0,0.0,0,0.0,0,2247.8,19,0.0,0,0.0,0,0.0,0,0.0,0
2012-10-30T09:21:02.000,2247.6,9214,2247.6,8,0.0,0,0.0,0,0.0,0,0.0,0,2247.8,18,0.0,0,0.0,0,0.0,0,0.0,0
2012-10-30T09:21:02.500,2247.6,9235,2247.6,8,0.0,0,0.0,0,0.0,0,0.0,0,2247.8,7,0.0,0,0.0,0,0.0,0,0.0,0
2012-10-30T09:21:03.000,2247.4,9256,2247.4,23,0.0,0,0.0,0,0.0,0,0.0,0,2247.6,1,0.0,0,0.0,0,0.0,0,0.0,0
2012-10-30T09:21:03.500,2247.8,9264,2247.4,22,0.0,0,0.0,0,0.0,0,0.0,0,2247.8,40,0.0,0,0.0,0,0.0,0,0.0,0
2012-10-30T09:21:04.000,2247.4,9274,2247.4,19,0.0,0,0.0,0,0.0,0,0.0,0,2247.6,2,0.0,0,0.0,0,0.0,0,0.0,0
2012-10-30T09:21:04.500,2247.4,9275,2247.4,22,0.0,0,0.0,0,0.0,0,0.0,0,2247.6,14,0.0,0,0.0,0,0.0,0,0.0,0
2012-10-30T09:21:05.000,2247.4,9293,2247.4,17,0.0,0,0.0,0,0.0,0,0.0,0,2247.6,6,0.0,0,0.0,0,0.0,0,0.0,0
2012-10-30T09:21:05.500,2247.6,9296,2247.4,19,0.0,0,0.0,0,0.0,0,0.0,0,2247.6,4,0.0,0,0.0,0,0.0,0,0.0,0
2012-10-30T09:21:06.000,2247.4,9319,2247.2,123,0.0,0,0.0,0,0.0,0,0.0,0,2247.4,19,0.0,0,0.0,0,0.0,0,0.0,0
2012-10-30T09:21:06.500,2247.4,9323,2247.2,126,0.0,0,0.0,0,0.0,0,0.0,0,2247.4,19,0.0,0,0.0,0,0.0,0,0.0,0
2012-10-30T09:21:07.000,2247.6,9345,2247.4,22,0.0,0,0.0,0,0.0,0,0.0,0,2247.6,15,0.0,0,0.0,0,0.0,0,0.0,0
2012-10-30T09:21:07.500,2247.6,9348,2247.4,20,0.0,0,0.0,0,0.0,0,0.0,0,2247.6,14,0.0,0,0.0,0,0.0,0,0.0,0
2012-10-30T09:21:08.250,2247.4,9355,2247.4,19,0.0,0,0.0,0,0.0,0,0.0,0,2247.6,1,0.0,0,0.0,0,0.0,0,0.0,0
2012-10-30T09:21:09.000,2247.4,9356,2247.4,23,0.0,0,0.0,0,0.0,0,0.0,0,2247.6,2,0.0,0,0.0,0,0.0,0,0.0,0
2012-10-30T09:21:09.500,2247.4,9364,2247.4,57,0.0,0,0.0,0,0.0,0,0.0,0,2247.6,1,0.0,0,0.0,0,0.0,0,0.0,0
2012-10-30T09:21:10.000,2247.8,9367,2247.4,59,0.0,0,0.0,0,0.0,0,0.0,0,2247.8,81,0.0,0,0.0,0,0.0,0,0.0,0
2012-10-30T09:21:10.500,2247.4,9448,2247.6,18,0.0,0,0.0,0,0.0,0,0.0,0,2247.8,83,0.0,0,0.0,0,0.0,0,0.0,0
2012-10-30T09:21:11.000,2247.6,9463,2247.6,6,0.0,0,0.0,0,0.0,0,0.0,0,2247.8,82,0.0,0,0.0,0,0.0,0,0.0,0
2012-10-30T09:21:11.500,2247.6,9473,2247.6,8,0.0,0,0.0,0,0.0,0,0.0,0,2247.8,58,0.0,0,0.0,0,0.0,0,0.0,0
2012-10-30T09:21:12.250,2247.4,9491,2247.2,110,0.0,0,0.0,0,0.0,0,0.0,0,2247.4,35,0.0,0,0.0,0,0.0,0,0.0,0
2012-10-30T09:21:13.000,2247.2,9505,2247.2,106,0.0,0,0.0,0,0.0,0,0.0,0,2247.4,27,0.0,0,0.0,0,0.0,0,0.0,0
2012-10-30T09:21:13.500,2247.4,9509,2247.2,105,0.0,0,0.0,0,0.0,0,0.0,0,2247.4,27,0.0,0,0.0,0,0.0,0,0.0,0
2012-10-30T09:21:14.000,2247.2,9513,2247.2,103,0.0,0,0.0,0,0.0,0,0.0,0,2247.4,26,0.0,0,0.0,0,0.0,0,0.0,0
2012-10-30T09:21:14.500,2247.2,9515,2247.2,102,0.0,0,0.0,0,0.0,0,0.0,0,2247.4,41,0.0,0,0.0,0,0.0,0,0.0,0
2012-10-30T09:21:15.000,2247.2,9516,2247.2,101,0.0,0,0.0,0,0.0,0,0.0,0,2247.4,41,0.0,0,0.0,0,0.0,0,0.0,0
2012-10-30T09:21:15.500,2247.2,9525,2247.2,92,0.0,0,0.0,0,0.0,0,0.0,0,2247.4,41,0.0,0,0.0,0,0.0,0,0.0,0
2012-10-30T09:21:16.000,2247.2,9542,2247.2,78,0.0,0,0.0,0,0.0,0,0.0,0,2247.4,38,0.0,0,0.0,0,0.0,0,0.0,0
2012-10-30T09:21:16.500,2247.2,9556,2247.2,66,0.0,0,0.0,0,0.0,0,0.0,0,2247.4,36,0.0,0,0.0,0,0.0,0,0.0,0
2012-10-30T09:21:17.000,2247.2,9559,2247.2,63,0.0,0,0.0,0,0.0,0,0.0,0,2247.4,36,0.0,0,0.0,0,0.0,0,0.0,0
2012-10-30T09:21:17.500,2247.2,9563,2247.2,60,0.0,0,0.0,0,0.0,0,0.0,0,2247.4,35,0.0,0,0.0,0,0.0,0,0.0,0
2012-10-30T09:21:18.000,2247.4,9612,2247.2,14,0.0,0,0.0,0,0.0,0,0.0,0,2247.4,33,0.0,0,0.0,0,0.0,0,0.0,0
2012-10-30T09:21:18.500,2247.2,9618,2247.2,8,0.0,0,0.0,0,0.0,0,0.0,0,2247.4,35,0.0,0,0.0,0,0.0,0,0.0,0
2012-10-30T09:21:19.000,2247.2,9625,2247.2,2,0.0,0,0.0,0,0.0,0,0.0,0,2247.4,35,0.0,0,0.0,0,0.0,0,0.0,0
2012-10-30T09:21:19.500,2247.2,9627,2247,57,0.0,0,0.0,0,0.0,0,0.0,0,2247.2,3,0.0,0,0.0,0,0.0,0,0.0,0
2012-10-30T09:21:20.000,2247,9631,2247,62,0.0,0,0.0,0,0.0,0,0.0,0,2247.2,4,0.0,0,0.0,0,0.0,0,0.0,0
2012-10-30T09:21:20.500,2247,9647,2247,47,0.0,0,0.0,0,0.0,0,0.0,0,2247.2,5,0.0,0,0.0,0,0.0,0,0.0,0
2012-10-30T09:21:21.000,2247,9654,2247,40,0.0,0,0.0,0,0.0,0,0.0,0,2247.2,7,0.0,0,0.0,0,0.0,0,0.0,0
2012-10-30T09:21:21.500,2247,9695,2246.8,16,0.0,0,0.0,0,0.0,0,0.0,0,2247,33,0.0,0,0.0,0,0.0,0,0.0,0
2012-10-30T09:21:22.000,2247,9698,2246.8,16,0.0,0,0.0,0,0.0,0,0.0,0,2247,30,0.0,0,0.0,0,0.0,0,0.0,0
2012-10-30T09:21:22.500,2246.8,9701,2246.8,14,0.0,0,0.0,0,0.0,0,0.0,0,2247,36,0.0,0,0.0,0,0.0,0,0.0,0
2012-10-30T09:21:23.000,2246.8,9705,2246.8,11,0.0,0,0.0,0,0.0,0,0.0,0,2247,35,0.0,0,0.0,0,0.0,0,0.0,0
2012-10-30T09:21:23.500,2246.8,9711,2246.8,7,0.0,0,0.0,0,0.0,0,0.0,0,2247,34,0.0,0,0.0,0,0.0,0,0.0,0
2012-10-30T09:21:24.000,2246.8,9720,2246.8,5,0.0,0,0.0,0,0.0,0,0.0,0,2247,28,0.0,0,0.0,0,0.0,0,0.0,0
2012-10-30T09:21:24.500,2246.8,9722,2246.8,6,0.0,0,0.0,0,0.0,0,0.0,0,2247,30,0.0,0,0.0,0,0.0,0,0.0,0
2012-10-30T09:21:25.000,2246.6,9733,2246.6,29,0.0,0,0.0,0,0.0,0,0.0,0,2247,27,0.0,0,0.0,0,0.0,0,0.0,0
2012-10-30T09:21:25.500,2247,9745,2246.8,9,0.0,0,0.0,0,0.0,0,0.0,0,2247,16,0.0,0,0.0,0,0.0,0,0.0,0
2012-10-30T09:21:26.000,2247,9748,2246.8,12,0.0,0,0.0,0,0.0,0,0.0,0,2247,14,0.0,0,0.0,0,0.0,0,0.0,0
2012-10-30T09:21:26.500,2247,9750,2246.8,11,0.0,0,0.0,0,0.0,0,0.0,0,2247,20,0.0,0,0.0,0,0.0,0,0.0,0
2012-10-30T09:21:27.000,2247,9764,2246.8,1,0.0,0,0.0,0,0.0,0,0.0,0,2247,17,0.0,0,0.0,0,0.0,0,0.0,0
2012-10-30T09:21:27.500,2246.6,9767,2246.6,29,0.0,0,0.0,0,0.0,0,0.0,0,2247,16,0.0,0,0.0,0,0.0,0,0.0,0
2012-10-30T09:21:28.000,2247,9768,2246.8,3,0.0,0,0.0,0,0.0,0,0.0,0,2247,16,0.0,0,0.0,0,0.0,0,0.0,0
2012-10-30T09:21:28.500,2246.8,9778,2246.8,1,0.0,0,0.0,0,0.0,0,0.0,0,2247,17,0.0,0,0.0,0,0.0,0,0.0,0
2012-10-30T09:21:29.000,2246.8,9783,2246.6,30,0.0,0,0.0,0,0.0,0,0.0,0,2246.8,1,0.0,0,0.0,0,0.0,0,0.0,0
2012-10-30T09:21:29.500,2246.8,9785,2246.6,26,0.0,0,0.0,0,0.0,0,0.0,0,2247,14,0.0,0,0.0,0,0.0,0,0.0,0
2012-10-30T09:21:30.000,2247,9796,2246.8,14,0.0,0,0.0,0,0.0,0,0.0,0,2247,6,0.0,0,0.0,0,0.0,0,0.0,0
2012-10-30T09:21:30.500,2246.8,9797,2246.8,13,0.0,0,0.0,0,0.0,0,0.0,0,2247,7,0.0,0,0.0,0,0.0,0,0.0,0
2012-10-30T09:21:31.000,2247,9800,2246.8,14,0.0,0,0.0,0,0.0,0,0.0,0,2247,5,0.0,0,0.0,0,0.0,0,0.0,0
2012-10-30T09:21:31.500,2247,9811,2247,5,0.0,0,0.0,0,0.0,0,0.0,0,2247.2,10,0.0,0,0.0,0,0.0,0,0.0,0
2012-10-30T09:21:32.000,2247,9812,2247,5,0.0,0,0.0,0,0.0,0,0.0,0,2247.2,10,0.0,0,0.0,0,0.0,0,0.0,0
2012-10-30T09:21:32.500,2246.8,9819,2246.8,29,0.0,0,0.0,0,0.0,0,0.0,0,2247,2,0.0,0,0.0,0,0.0,0,0.0,0
2012-10-30T09:21:33.250,2247,9821,2246.8,29,0.0,0,0.0,0,0.0,0,0.0,0,2247,2,0.0,0,0.0,0,0.0,0,0.0,0
2012-10-30T09:21:34.000,2247,9824,2247,1,0.0,0,0.0,0,0.0,0,0.0,0,2247.2,10,0.0,0,0.0,0,0.0,0,0.0,0
2012-10-30T09:21:34.500,2247,9825,2247,9,0.0,0,0.0,0,0.0,0,0.0,0,2247.2,11,0.0,0,0.0,0,0.0,0,0.0,0
2012-10-30T09:21:35.250,2247,9830,2247,5,0.0,0,0.0,0,0.0,0,0.0,0,2247.2,11,0.0,0,0.0,0,0.0,0,0.0,0
2012-10-30T09:21:36.000,2247,9835,2247,4,0.0,0,0.0,0,0.0,0,0.0,0,2247.2,10,0.0,0,0.0,0,0.0,0,0.0,0
2012-10-30T09:21:36.500,2247,9841,2247,2,0.0,0,0.0,0,0.0,0,0.0,0,2247.2,12,0.0,0,0.0,0,0.0,0,0.0,0
2012-10-30T09:21:37.000,2246.8,9851,2247,1,0.0,0,0.0,0,0.0,0,0.0,0,2247.2,23,0.0,0,0.0,0,0.0,0,0.0,0
2012-10-30T09:21:37.500,2247,9852,2246.8,43,0.0,0,0.0,0,0.0,0,0.0,0,2247,2,0.0,0,0.0,0,0.0,0,0.0,0
2012-10-30T09:21:38.250,2247,9855,2246.8,42,0.0,0,0.0,0,0.0,0,0.0,0,2247,1,0.0,0,0.0,0,0.0,0,0.0,0
2012-10-30T09:21:39.000,2247.2,9858,2246.8,43,0.0,0,0.0,0,0.0,0,0.0,0,2247.2,23,0.0,0,0.0,0,0.0,0,0.0,0
2012-10-30T09:21:39.500,2246.8,9863,2246.8,38,0.0,0,0.0,0,0.0,0,0.0,0,2247,1,0.0,0,0.0,0,0.0,0,0.0,0
2012-10-30T09:21:40.000,2247,9868,2246.8,38,0.0,0,0.0,0,0.0,0,0.0,0,2247,45,0.0,0,0.0,0,0.0,0,0.0,0
2012-10-30T09:21:40.500,2247,9872,2246.8,37,0.0,0,0.0,0,0.0,0,0.0,0,2247,43,0.0,0,0.0,0,0.0,0,0.0,0
2012-10-30T09:21:41.000,2246.8,9883,2246.8,29,0.0,0,0.0,0,0.0,0,0.0,0,2247,40,0.0,0,0.0,0,0.0,0,0.0,0
2012-10-30T09:21:41.500,2247,9927,2247,25,0.0,0,0.0,0,0.0,0,0.0,0,2247.2,26,0.0,0,0.0,0,0.0,0,0.0,0
2012-10-30T09:21:42.000,2247,9930,2247,25,0.0,0,0.0,0,0.0,0,0.0,0,2247.2,25,0.0,0,0.0,0,0.0,0,0.0,0
2012-10-30T09:21:42.500,2247,9937,2247,19,0.0,0,0.0,0,0.0,0,0.0,0,2247.2,26,0.0,0,0.0,0,0.0,0,0.0,0
2012-10-30T09:21:43.000,2247,9942,2247,22,0.0,0,0.0,0,0.0,0,0.0,0,2247.2,26,0.0,0,0.0,0,0.0,0,0.0,0
2012-10-30T09:21:43.500,2247,9945,2247,19,0.0,0,0.0,0,0.0,0,0.0,0,2247.2,27,0.0,0,0.0,0,0.0,0,0.0,0
2012-10-30T09:21:44.000,2247,9951,2247,13,0.0,0,0.0,0,0.0,0,0.0,0,2247.2,27,0.0,0,0.0,0,0.0,0,0.0,0
2012-10-30T09:21:44.500,2247,9967,2246.8,41,0.0,0,0.0,0,0.0,0,0.0,0,2247,18,0.0,0,0.0,0,0.0,0,0.0,0
2012-10-30T09:21:45.000,2247,9969,2246.8,41,0.0,0,0.0,0,0.0,0,0.0,0,2247,17,0.0,0,0.0,0,0.0,0,0.0,0
2012-10-30T09:21:45.500,2247,9974,2246.8,41,0.0,0,0.0,0,0.0,0,0.0,0,2247,13,0.0,0,0.0,0,0.0,0,0.0,0
2012-10-30T09:21:46.000,2246.8,9975,2246.8,40,0.0,0,0.0,0,0.0,0,0.0,0,2247,16,0.0,0,0.0,0,0.0,0,0.0,0
2012-10-30T09:21:46.500,2246.8,9976,2246.8,39,0.0,0,0.0,0,0.0,0,0.0,0,2247,16,0.0,0,0.0,0,0.0,0,0.0,0
2012-10-30T09:21:48.250,2247,9977,2246.8,57,0.0,0,0.0,0,0.0,0,0.0,0,2247,19,0.0,0,0.0,0,0.0,0,0.0,0
2012-10-30T09:21:49.000,2246.8,9978,2246.8,58,0.0,0,0.0,0,0.0,0,0.0,0,2247,19,0.0,0,0.0,0,0.0,0,0.0,0
2012-10-30T09:21:49.500,2247,9994,2246.8,58,0.0,0,0.0,0,0.0,0,0.0,0,2247,3,0.0,0,0.0,0,0.0,0,0.0,0
2012-10-30T09:21:50.000,2247,9997,2247,5,0.0,0,0.0,0,0.0,0,0.0,0,2247.2,29,0.0,0,0.0,0,0.0,0,0.0,0
2012-10-30T09:21:50.500,2247.2,10008,2247,16,0.0,0,0.0,0,0.0,0,0.0,0,2247.2,19,0.0,0,0.0,0,0.0,0,0.0,0
2012-10-30T09:21:51.250,2247,10009,2247,16,0.0,0,0.0,0,0.0,0,0.0,0,2247.2,20,0.0,0,0.0,0,0.0,0,0.0,0
2012-10-30T09:21:52.000,2247,10011,2247,20,0.0,0,0.0,0,0.0,0,0.0,0,2247.2,21,0.0,0,0.0,0,0.0,0,0.0,0
2012-10-30T09:21:52.500,2247,10039,2246.8,63,0.0,0,0.0,0,0.0,0,0.0,0,2247,22,0.0,0,0.0,0,0.0,0,0.0,0
2012-10-30T09:21:53.000,2247,10041,2246.8,63,0.0,0,0.0,0,0.0,0,0.0,0,2247,21,0.0,0,0.0,0,0.0,0,0.0,0
2012-10-30T09:21:53.500,2246.8,10061,2246.8,54,0.0,0,0.0,0,0.0,0,0.0,0,2247,11,0.0,0,0.0,0,0.0,0,0.0,0
2012-10-30T09:21:54.000,2247,10065,2246.8,53,0.0,0,0.0,0,0.0,0,0.0,0,2247,7,0.0,0,0.0,0,0.0,0,0.0,0
2012-10-30T09:21:54.500,2247,10070,2246.8,53,0.0,0,0.0,0,0.0,0,0.0,0,2247,9,0.0,0,0.0,0,0.0,0,0.0,0
2012-10-30T09:21:55.000,2247,10072,2246.8,54,0.0,0,0.0,0,0.0,0,0.0,0,2247,8,0.0,0,0.0,0,0.0,0,0.0,0
2012-10-30T09:21:55.500,2246.8,10087,2246.8,51,0.0,0,0.0,0,0.0,0,0.0,0,2247.2,18,0.0,0,0.0,0,0.0,0,0.0,0
2012-10-30T09:21:56.000,2246.8,10088,2246.8,50,0.0,0,0.0,0,0.0,0,0.0,0,2247.2,19,0.0,0,0.0,0,0.0,0,0.0,0
2012-10-30T09:21:56.500,2246.8,10089,2246.8,50,0.0,0,0.0,0,0.0,0,0.0,0,2247.2,20,0.0,0,0.0,0,0.0,0,0.0,0
2012-10-30T09:21:57.250,2247,10090,2247,2,0.0,0,0.0,0,0.0,0,0.0,0,2247.2,22,0.0,0,0.0,0,0.0,0,0.0,0
2012-10-30T09:21:58.250,2247,10091,2247,1,0.0,0,0.0,0,0.0,0,0.0,0,2247.2,22,0.0,0,0.0,0,0.0,0,0.0,0
2012-10-30T09:21:59.000,2247,10092,2247,5,0.0,0,0.0,0,0.0,0,0.0,0,2247.2,24,0.0,0,0.0,0,0.0,0,0.0,0
2012-10-30T09:21:59.500,2247.2,10098,2247,1,0.0,0,0.0,0,0.0,0,0.0,0,2247.2,23,0.0,0,0.0,0,0.0,0,0.0,0
2012-10-30T09:22:00.250,2247,10099,2246.8,51,0.0,0,0.0,0,0.0,0,0.0,0,2247,1,0.0,0,0.0,0,0.0,0,0.0,0
2012-10-30T09:22:01.000,2247,10105,2246.8,52,0.0,0,0.0,0,0.0,0,0.0,0,2247.2,36,0.0,0,0.0,0,0.0,0,0.0,0
2012-10-30T09:22:01.500,2247.2,10124,2246.8,50,0.0,0,0.0,0,0.0,0,0.0,0,2247.2,20,0.0,0,0.0,0,0.0,0,0.0,0
2012-10-30T09:22:02.000,2247.2,10130,2246.8,51,0.0,0,0.0,0,0.0,0,0.0,0,2247,1,0.0,0,0.0,0,0.0,0,0.0,0
2012-10-30T09:22:02.500,2247,10132,2246.8,52,0.0,0,0.0,0,0.0,0,0.0,0,2247.2,15,0.0,0,0.0,0,0.0,0,0.0,0
2012-10-30T09:22:03.000,2247.2,10138,2247,10,0.0,0,0.0,0,0.0,0,0.0,0,2247.2,11,0.0,0,0.0,0,0.0,0,0.0,0
2012-10-30T09:22:03.500,2247,10142,2247,9,0.0,0,0.0,0,0.0,0,0.0,0,2247.2,8,0.0,0,0.0,0,0.0,0,0.0,0
2012-10-30T09:22:04.000,2247.2,10147,2247,10,0.0,0,0.0,0,0.0,0,0.0,0,2247.2,3,0.0,0,0.0,0,0.0,0,0.0,0
2012-10-30T09:22:04.500,2247.2,10150,2247.2,4,0.0,0,0.0,0,0.0,0,0.0,0,2247.4,14,0.0,0,0.0,0,0.0,0,0.0,0
2012-10-30T09:22:05.000,2247.4,10157,2247.2,2,0.0,0,0.0,0,0.0,0,0.0,0,2247.4,9,0.0,0,0.0,0,0.0,0,0.0,0
2012-10-30T09:22:05.500,2247.4,10166,2247.4,2,0.0,0,0.0,0,0.0,0,0.0,0,2247.6,22,0.0,0,0.0,0,0.0,0,0.0,0
2012-10-30T09:22:06.000,2247.4,10170,2247.4,1,0.0,0,0.0,0,0.0,0,0.0,0,2247.6,19,0.0,0,0.0,0,0.0,0,0.0,0
2012-10-30T09:22:06.500,2247.4,10172,2247.4,1,0.0,0,0.0,0,0.0,0,0.0,0,2247.6,19,0.0,0,0.0,0,0.0,0,0.0,0
2012-10-30T09:22:07.000,2247.4,10176,2247.2,6,0.0,0,0.0,0,0.0,0,0.0,0,2247.4,11,0.0,0,0.0,0,0.0,0,0.0,0
2012-10-30T09:22:07.500,2247.2,10178,2247.2,5,0.0,0,0.0,0,0.0,0,0.0,0,2247.4,11,0.0,0,0.0,0,0.0,0,0.0,0
2012-10-30T09:22:08.250,2247.4,10181,2247.2,6,0.0,0,0.0,0,0.0,0,0.0,0,2247.4,13,0.0,0,0.0,0,0.0,0,0.0,0
2012-10-30T09:22:09.000,2247.2,10190,2247.2,6,0.0,0,0.0,0,0.0,0,0.0,0,2247.4,5,0.0,0,0.0,0,0.0,0,0.0,0
2012-10-30T09:22:09.500,2247.2,10194,2247.2,5,0.0,0,0.0,0,0.0,0,0.0,0,2247.4,8,0.0,0,0.0,0,0.0,0,0.0,0
2012-10-30T09:22:11.000,2247.4,10198,2247.2,3,0.0,0,0.0,0,0.0,0,0.0,0,2247.4,9,0.0,0,0.0,0,0.0,0,0.0,0
2012-10-30T09:22:11.500,2247.2,10202,2247.2,3,0.0,0,0.0,0,0.0,0,0.0,0,2247.4,6,0.0,0,0.0,0,0.0,0,0.0,0
2012-10-30T09:22:12.000,2247.2,10204,2247.2,9,0.0,0,0.0,0,0.0,0,0.0,0,2247.4,6,0.0,0,0.0,0,0.0,0,0.0,0
2012-10-30T09:22:12.500,2247.2,10205,2247.2,9,0.0,0,0.0,0,0.0,0,0.0,0,2247.4,7,0.0,0,0.0,0,0.0,0,0.0,0
2012-10-30T09:22:13.000,2247.2,10207,2247.2,8,0.0,0,0.0,0,0.0,0,0.0,0,2247.4,7,0.0,0,0.0,0,0.0,0,0.0,0
2012-10-30T09:22:13.500,2247.2,10209,2247.2,6,0.0,0,0.0,0,0.0,0,0.0,0,2247.4,7,0.0,0,0.0,0,0.0,0,0.0,0
2012-10-30T09:22:14.000,2247.2,10213,2247.2,4,0.0,0,0.0,0,0.0,0,0.0,0,2247.4,7,0.0,0,0.0,0,0.0,0,0.0,0
2012-10-30T09:22:14.500,2247.2,10216,2247.2,1,0.0,0,0.0,0,0.0,0,0.0,0,2247.4,9,0.0,0,0.0,0,0.0,0,0.0,0
2012-10-30T09:22:15.000,2247.2,10217,2247.2,1,0.0,0,0.0,0,0.0,0,0.0,0,2247.4,9,0.0,0,0.0,0,0.0,0,0.0,0
2012-10-30T09:22:15.500,2247.2,10218,2247,23,0.0,0,0.0,0,0.0,0,0.0,0,2247.4,10,0.0,0,0.0,0,0.0,0,0.0,0
2012-10-30T09:22:16.000,2247.2,10223,2247.2,15,0.0,0,0.0,0,0.0,0,0.0,0,2247.4,7,0.0,0,0.0,0,0.0,0,0.0,0
2012-10-30T09:22:16.500,2247.2,10225,2247.2,13,0.0,0,0.0,0,0.0,0,0.0,0,2247.4,8,0.0,0,0.0,0,0.0,0,0.0,0
2012-10-30T09:22:17.000,2247.4,10233,2247.4,3,0.0,0,0.0,0,0.0,0,0.0,0,2247.6,25,0.0,0,0.0,0,0.0,0,0.0,0
2012-10-30T09:22:17.500,2247.2,10238,2247.2,11,0.0,0,0.0,0,0.0,0,0.0,0,2247.6,26,0.0,0,0.0,0,0.0,0,0.0,0
2012-10-30T09:22:18.250,2247.2,10239,2247.2,11,0.0,0,0.0,0,0.0,0,0.0,0,2247.4,1,0.0,0,0.0,0,0.0,0,0.0,0
2012-10-30T09:22:19.000,2247.4,10240,2247.2,11,0.0,0,0.0,0,0.0,0,0.0,0,2247.6,26,0.0,0,0.0,0,0.0,0,0.0,0
2012-10-30T09:22:19.500,2247.6,10246,2247.2,12,0.0,0,0.0,0,0.0,0,0.0,0,2247.6,20,0.0,0,0.0,0,0.0,0,0.0,0
2012-10-30T09:22:20.000,2247.6,10247,2247.2,12,0.0,0,0.0,0,0.0,0,0.0,0,2247.6,19,0.0,0,0.0,0,0.0,0,0.0,0
2012-10-30T09:22:20.500,2247.4,10257,2247.4,5,0.0,0,0.0,0,0.0,0,0.0,0,2247.6,24,0.0,0,0.0,0,0.0,0,0.0,0
2012-10-30T09:22:21.000,2247.4,10263,2247.4,2,0.0,0,0.0,0,0.0,0,0.0,0,2247.6,22,0.0,0,0.0,0,0.0,0,0.0,0
2012-10-30T09:22:21.500,2247.6,10264,2247.4,5,0.0,0,0.0,0,0.0,0,0.0,0,2247.6,21,0.0,0,0.0,0,0.0,0,0.0,0
2012-10-30T09:22:22.000,2247.2,10271,2247.2,4,0.0,0,0.0,0,0.0,0,0.0,0,2247.6,21,0.0,0,0.0,0,0.0,0,0.0,0
2012-10-30T09:22:22.500,2247.6,10272,2247.2,4,0.0,0,0.0,0,0.0,0,0.0,0,2247.4,1,0.0,0,0.0,0,0.0,0,0.0,0
2012-10-30T09:22:23.000,2247.4,10274,2247.2,4,0.0,0,0.0,0,0.0,0,0.0,0,2247.6,22,0.0,0,0.0,0,0.0,0,0.0,0
2012-10-30T09:22:23.500,2247.2,10279,2247,67,0.0,0,0.0,0,0.0,0,0.0,0,2247.2,1,0.0,0,0.0,0,0.0,0,0.0,0
2012-10-30T09:22:24.000,2247.2,10280,2247,67,0.0,0,0.0,0,0.0,0,0.0,0,2247.4,3,0.0,0,0.0,0,0.0,0,0.0,0
2012-10-30T09:22:24.500,2247.4,10281,2247.2,1,0.0,0,0.0,0,0.0,0,0.0,0,2247.4,2,0.0,0,0.0,0,0.0,0,0.0,0
2012-10-30T09:22:25.000,2247.4,10291,2247.4,10,0.0,0,0.0,0,0.0,0,0.0,0,2247.6,20,0.0,0,0.0,0,0.0,0,0.0,0
2012-10-30T09:22:25.500,2247.2,10303,2247,70,0.0,0,0.0,0,0.0,0,0.0,0,2247.4,1,0.0,0,0.0,0,0.0,0,0.0,0
2012-10-30T09:22:26.250,2247,10304,2247.2,5,0.0,0,0.0,0,0.0,0,0.0,0,2247.4,2,0.0,0,0.0,0,0.0,0,0.0,0
2012-10-30T09:22:27.000,2247.4,10305,2247.2,15,0.0,0,0.0,0,0.0,0,0.0,0,2247.4,3,0.0,0,0.0,0,0.0,0,0.0,0
2012-10-30T09:22:27.500,2247.4,10308,2247.2,13,0.0,0,0.0,0,0.0,0,0.0,0,2247.4,2,0.0,0,0.0,0,0.0,0,0.0,0
2012-10-30T09:22:28.000,2247.4,10309,2247.2,13,0.0,0,0.0,0,0.0,0,0.0,0,2247.4,1,0.0,0,0.0,0,0.0,0,0.0,0
2012-10-30T09:22:28.500,2247.4,10310,2247.2,14,0.0,0,0.0,0,0.0,0,0.0,0,2247.4,1,0.0,0,0.0,0,0.0,0,0.0,0
2012-10-30T09:22:29.000,2247.4,10311,2247.2,7,0.0,0,0.0,0,0.0,0,0.0,0,2247.6,26,0.0,0,0.0,0,0.0,0,0.0,0
2012-10-30T09:22:29.500,2247.6,10312,2247.4,2,0.0,0,0.0,0,0.0,0,0.0,0,2247.6,25,0.0,0,0.0,0,0.0,0,0.0,0
2012-10-30T09:22:30.000,2247.4,10314,2247.2,7,0.0,0,0.0,0,0.0,0,0.0,0,2247.4,1,0.0,0,0.0,0,0.0,0,0.0,0
2012-10-30T09:22:30.500,2247.2,10316,2247.2,8,0.0,0,0.0,0,0.0,0,0.0,0,2247.6,27,0.0,0,0.0,0,0.0,0,0.0,0
2012-10-30T09:22:31.250,2247.4,10317,2247.2,8,0.0,0,0.0,0,0.0,0,0.0,0,2247.4,5,0.0,0,0.0,0,0.0,0,0.0,0
2012-10-30T09:22:32.000,2247.4,10318,2247.2,7,0.0,0,0.0,0,0.0,0,0.0,0,2247.4,8,0.0,0,0.0,0,0.0,0,0.0,0
2012-10-30T09:22:32.500,2247.2,10323,2247.2,4,0.0,0,0.0,0,0.0,0,0.0,0,2247.4,7,0.0,0,0.0,0,0.0,0,0.0,0
2012-10-30T09:22:33.000,2247.2,10329,2247.2,3,0.0,0,0.0,0,0.0,0,0.0,0,2247.4,5,0.0,0,0.0,0,0.0,0,0.0,0
2012-10-30T09:22:33.500,2247.2,10332,2247.2,1,0.0,0,0.0,0,0.0,0,0.0,0,2247.4,4,0.0,0,0.0,0,0.0,0,0.0,0
2012-10-30T09:22:34.000,2247.4,10333,2247.2,1,0.0,0,0.0,0,0.0,0,0.0,0,2247.4,5,0.0,0,0.0,0,0.0,0,0.0,0
2012-10-30T09:22:34.500,2247.2,10334,2247,57,0.0,0,0.0,0,0.0,0,0.0,0,2247.2,4,0.0,0,0.0,0,0.0,0,0.0,0
2012-10-30T09:22:35.000,2247.2,10338,2247,57,0.0,0,0.0,0,0.0,0,0.0,0,2247.2,3,0.0,0,0.0,0,0.0,0,0.0,0
2012-10-30T09:22:35.500,2247.4,10353,2247.2,1,0.0,0,0.0,0,0.0,0,0.0,0,2247.4,3,0.0,0,0.0,0,0.0,0,0.0,0
2012-10-30T09:22:36.000,2247.2,10355,2247,47,0.0,0,0.0,0,0.0,0,0.0,0,2247.2,8,0.0,0,0.0,0,0.0,0,0.0,0
2012-10-30T09:22:36.500,2247.2,10363,2247,47,0.0,0,0.0,0,0.0,0,0.0,0,2247.4,9,0.0,0,0.0,0,0.0,0,0.0,0
2012-10-30T09:22:37.250,2247.4,10364,2247.2,3,0.0,0,0.0,0,0.0,0,0.0,0,2247.4,10,0.0,0,0.0,0,0.0,0,0.0,0
2012-10-30T09:22:38.250,2247.2,10365,2247.2,2,0.0,0,0.0,0,0.0,0,0.0,0,2247.4,35,0.0,0,0.0,0,0.0,0,0.0,0
2012-10-30T09:22:39.000,2247.2,10367,2247,52,0.0,0,0.0,0,0.0,0,0.0,0,2247.2,1,0.0,0,0.0,0,0.0,0,0.0,0
2012-10-30T09:22:39.500,2247.4,10370,2247,52,0.0,0,0.0,0,0.0,0,0.0,0,2247.2,1,0.0,0,0.0,0,0.0,0,0.0,0
2012-10-30T09:22:40.250,2247,10371,2247,51,0.0,0,0.0,0,0.0,0,0.0,0,2247.2,34,0.0,0,0.0,0,0.0,0,0.0,0
2012-10-30T09:22:41.000,2247.2,10372,2247,51,0.0,0,0.0,0,0.0,0,0.0,0,2247.2,36,0.0,0,0.0,0,0.0,0,0.0,0
2012-10-30T09:22:41.500,2247.2,10374,2247,51,0.0,0,0.0,0,0.0,0,0.0,0,2247.2,37,0.0,0,0.0,0,0.0,0,0.0,0
2012-10-30T09:22:42.000,2247.2,10376,2247,56,0.0,0,0.0,0,0.0,0,0.0,0,2247.2,36,0.0,0,0.0,0,0.0,0,0.0,0
2012-10-30T09:22:42.500,2247,10381,2247,52,0.0,0,0.0,0,0.0,0,0.0,0,2247.2,34,0.0,0,0.0,0,0.0,0,0.0,0
2012-10-30T09:22:43.000,2247,10382,2247,51,0.0,0,0.0,0,0.0,0,0.0,0,2247.2,35,0.0,0,0.0,0,0.0,0,0.0,0
2012-10-30T09:22:43.500,2247,10398,2247,47,0.0,0,0.0,0,0.0,0,0.0,0,2247.2,24,0.0,0,0.0,0,0.0,0,0.0,0
2012-10-30T09:22:44.000,2247,10410,2247,37,0.0,0,0.0,0,0.0,0,0.0,0,2247.2,26,0.0,0,0.0,0,0.0,0,0.0,0
2012-10-30T09:22:44.500,2247.2,10416,2247,33,0.0,0,0.0,0,0.0,0,0.0,0,2247.2,25,0.0,0,0.0,0,0.0,0,0.0,0
2012-10-30T09:22:45.000,2247.2,10460,2246.8,42,0.0,0,0.0,0,0.0,0,0.0,0,2247,3,0.0,0,0.0,0,0.0,0,0.0,0
2012-10-30T09:22:45.500,2246.8,10464,2246.8,42,0.0,0,0.0,0,0.0,0,0.0,0,2247,1,0.0,0,0.0,0,0.0,0,0.0,0
2012-10-30T09:22:46.000,2247.2,10471,2247,10,0.0,0,0.0,0,0.0,0,0.0,0,2247.2,15,0.0,0,0.0,0,0.0,0,0.0,0
2012-10-30T09:22:46.500,2247,10480,2247,1,0.0,0,0.0,0,0.0,0,0.0,0,2247.2,15,0.0,0,0.0,0,0.0,0,0.0,0
2012-10-30T09:22:47.000,2246.8,10495,2246.8,27,0.0,0,0.0,0,0.0,0,0.0,0,2247,5,0.0,0,0.0,0,0.0,0,0.0,0
2012-10-30T09:22:47.500,2246.8,10511,2246.8,12,0.0,0,0.0,0,0.0,0,0.0,0,2247,6,0.0,0,0.0,0,0.0,0,0.0,0
2012-10-30T09:22:48.000,2247,10515,2246.8,12,0.0,0,0.0,0,0.0,0,0.0,0,2247,2,0.0,0,0.0,0,0.0,0,0.0,0
2012-10-30T09:22:48.500,2246.8,10537,2246.8,1,0.0,0,0.0,0,0.0,0,0.0,0,2247,8,0.0,0,0.0,0,0.0,0,0.0,0
2012-10-30T09:22:49.250,2246.8,10539,2246.6,65,0.0,0,0.0,0,0.0,0,0.0,0,2247,10,0.0,0,0.0,0,0.0,0,0.0,0
2012-10-30T09:22:50.000,2246.8,10545,2246.6,60,0.0,0,0.0,0,0.0,0,0.0,0,2247,10,0.0,0,0.0,0,0.0,0,0.0,0
2012-10-30T09:22:50.500,2247,10550,2246.6,57,0.0,0,0.0,0,0.0,0,0.0,0,2246.8,1,0.0,0,0.0,0,0.0,0,0.0,0
2012-10-30T09:22:51.000,2246.6,10562,2246.6,45,0.0,0,0.0,0,0.0,0,0.0,0,2246.8,1,0.0,0,0.0,0,0.0,0,0.0,0
2012-10-30T09:22:51.500,2246.8,10565,2246.8,8,0.0,0,0.0,0,0.0,0,0.0,0,2247,10,0.0,0,0.0,0,0.0,0,0.0,0
2012-10-30T09:22:52.000,2246.8,10570,2246.8,6,0.0,0,0.0,0,0.0,0,0.0,0,2247,9,0.0,0,0.0,0,0.0,0,0.0,0
2012-10-30T09:22:52.500,2246.8,10573,2246.8,6,0.0,0,0.0,0,0.0,0,0.0,0,2247,9,0.0,0,0.0,0,0.0,0,0.0,0
2012-10-30T09:22:53.250,2247,10585,2246.8,6,0.0,0,0.0,0,0.0,0,0.0,0,2247.2,16,0.0,0,0.0,0,0.0,0,0.0,0
2012-10-30T09:22:54.000,2246.8,10591,2246.8,13,0.0,0,0.0,0,0.0,0,0.0,0,2247,1,0.0,0,0.0,0,0.0,0,0.0,0
2012-10-30T09:22:54.500,2246.6,10613,2246.8,2,0.0,0,0.0,0,0.0,0,0.0,0,2247,2,0.0,0,0.0,0,0.0,0,0.0,0
2012-10-30T09:22:55.250,2246.8,10614,2246.8,4,0.0,0,0.0,0,0.0,0,0.0,0,2247,2,0.0,0,0.0,0,0.0,0,0.0,0
2012-10-30T09:22:56.000,2247,10622,2247,5,0.0,0,0.0,0,0.0,0,0.0,0,2247.2,20,0.0,0,0.0,0,0.0,0,0.0,0
2012-10-30T09:22:56.500,2247,10626,2247,2,0.0,0,0.0,0,0.0,0,0.0,0,2247.2,30,0.0,0,0.0,0,0.0,0,0.0,0
2012-10-30T09:22:57.000,2247,10628,2246.8,4,0.0,0,0.0,0,0.0,0,0.0,0,2247.2,30,0.0,0,0.0,0,0.0,0,0.0,0
2012-10-30T09:22:57.500,2246.6,10639,2246.8,1,0.0,0,0.0,0,0.0,0,0.0,0,2247.2,30,0.0,0,0.0,0,0.0,0,0.0,0
2012-10-30T09:22:58.250,2247,10641,2246.6,19,0.0,0,0.0,0,0.0,0,0.0,0,2247,1,0.0,0,0.0,0,0.0,0,0.0,0
2012-10-30T09:22:59.000,2247,10642,2247,1,0.0,0,0.0,0,0.0,0,0.0,0,2247.2,32,0.0,0,0.0,0,0.0,0,0.0,0
2012-10-30T09:22:59.500,2246.8,10646,2246.8,12,0.0,0,0.0,0,0.0,0,0.0,0,2247.2,32,0.0,0,0.0,0,0.0,0,0.0,0
2012-10-30T09:23:00.000,2246.8,10647,2246.8,11,0.0,0,0.0,0,0.0,0,0.0,0,2247,17,0.0,0,0.0,0,0.0,0,0.0,0
2012-10-30T09:23:00.500,2246.8,10656,2246.8,8,0.0,0,0.0,0,0.0,0,0.0,0,2247,17,0.0,0,0.0,0,0.0,0,0.0,0
2012-10-30T09:23:01.000,2247,10669,2246.8,2,0.0,0,0.0,0,0.0,0,0.0,0,2247,7,0.0,0,0.0,0,0.0,0,0.0,0
2012-10-30T09:23:01.500,2246.8,10673,2246.6,25,0.0,0,0.0,0,0.0,0,0.0,0,2246.8,4,0.0,0,0.0,0,0.0,0,0.0,0
2012-10-30T09:23:02.000,2246.6,10678,2246.6,23,0.0,0,0.0,0,0.0,0,0.0,0,2246.8,1,0.0,0,0.0,0,0.0,0,0.0,0
2012-10-30T09:23:02.500,2246.6,10683,2246.6,20,0.0,0,0.0,0,0.0,0,0.0,0,2247,11,0.0,0,0.0,0,0.0,0,0.0,0
2012-10-30T09:23:03.250,2246.8,10688,2246.8,6,0.0,0,0.0,0,0.0,0,0.0,0,2247,10,0.0,0,0.0,0,0.0,0,0.0,0
2012-10-30T09:23:04.250,2246.8,10689,2246.8,5,0.0,0,0.0,0,0.0,0,0.0,0,2247,10,0.0,0,0.0,0,0.0,0,0.0,0
2012-10-30T09:23:05.000,2246.8,10703,2246.8,5,0.0,0,0.0,0,0.0,0,0.0,0,2247,5,0.0,0,0.0,0,0.0,0,0.0,0
2012-10-30T09:23:05.500,2247,10704,2246.8,6,0.0,0,0.0,0,0.0,0,0.0,0,2247,6,0.0,0,0.0,0,0.0,0,0.0,0
2012-10-30T09:23:06.000,2246.8,10706,2246.8,6,0.0,0,0.0,0,0.0,0,0.0,0,2247,6,0.0,0,0.0,0,0.0,0,0.0,0
2012-10-30T09:23:06.500,2246.8,10708,2246.8,4,0.0,0,0.0,0,0.0,0,0.0,0,2247,8,0.0,0,0.0,0,0.0,0,0.0,0
2012-10-30T09:23:07.000,2247,10711,2246.8,10,0.0,0,0.0,0,0.0,0,0.0,0,2247,6,0.0,0,0.0,0,0.0,0,0.0,0
2012-10-30T09:23:07.500,2247,10712,2246.8,10,0.0,0,0.0,0,0.0,0,0.0,0,2247,6,0.0,0,0.0,0,0.0,0,0.0,0
2012-10-30T09:23:08.250,2247,10723,2246.8,14,0.0,0,0.0,0,0.0,0,0.0,0,2247,2,0.0,0,0.0,0,0.0,0,0.0,0
2012-10-30T09:23:09.250,2247,10726,2247,5,0.0,0,0.0,0,0.0,0,0.0,0,2247.2,42,0.0,0,0.0,0,0.0,0,0.0,0
2012-10-30T09:23:10.250,2247,10727,2247,11,0.0,0,0.0,0,0.0,0,0.0,0,2247.2,43,0.0,0,0.0,0,0.0,0,0.0,0
2012-10-30T09:23:12.250,2247,10728,2247,13,0.0,0,0.0,0,0.0,0,0.0,0,2247.2,45,0.0,0,0.0,0,0.0,0,0.0,0
2012-10-30T09:23:13.000,2247,10737,2247,4,0.0,0,0.0,0,0.0,0,0.0,0,2247.2,45,0.0,0,0.0,0,0.0,0,0.0,0
2012-10-30T09:23:13.500,2247,10740,2247,1,0.0,0,0.0,0,0.0,0,0.0,0,2247.2,45,0.0,0,0.0,0,0.0,0,0.0,0
2012-10-30T09:23:14.250,2247,10741,2246.8,20,0.0,0,0.0,0,0.0,0,0.0,0,2247.2,45,0.0,0,0.0,0,0.0,0,0.0,0
2012-10-30T09:23:15.000,2247,10742,2246.8,20,0.0,0,0.0,0,0.0,0,0.0,0,2247,1,0.0,0,0.0,0,0.0,0,0.0,0
2012-10-30T09:23:15.500,2247,10745,2246.8,20,0.0,0,0.0,0,0.0,0,0.0,0,2247.2,44,0.0,0,0.0,0,0.0,0,0.0,0
2012-10-30T09:23:17.250,2246.8,10748,2246.8,31,0.0,0,0.0,0,0.0,0,0.0,0,2247,30,0.0,0,0.0,0,0.0,0,0.0,0
2012-10-30T09:23:18.000,2247,10750,2246.8,31,0.0,0,0.0,0,0.0,0,0.0,0,2247,28,0.0,0,0.0,0,0.0,0,0.0,0
2012-10-30T09:23:18.500,2246.8,10763,2246.8,29,0.0,0,0.0,0,0.0,0,0.0,0,2247,18,0.0,0,0.0,0,0.0,0,0.0,0
2012-10-30T09:23:19.000,2247,10764,2246.8,29,0.0,0,0.0,0,0.0,0,0.0,0,2247,17,0.0,0,0.0,0,0.0,0,0.0,0
2012-10-30T09:23:19.500,2247,10766,2246.8,29,0.0,0,0.0,0,0.0,0,0.0,0,2247,19,0.0,0,0.0,0,0.0,0,0.0,0
2012-10-30T09:23:20.000,2246.8,10769,2246.8,28,0.0,0,0.0,0,0.0,0,0.0,0,2247,21,0.0,0,0.0,0,0.0,0,0.0,0
2012-10-30T09:23:20.500,2246.8,10771,2246.8,30,0.0,0,0.0,0,0.0,0,0.0,0,2247,21,0.0,0,0.0,0,0.0,0,0.0,0
2012-10-30T09:23:21.000,2247,10773,2246.8,30,0.0,0,0.0,0,0.0,0,0.0,0,2247,21,0.0,0,0.0,0,0.0,0,0.0,0
2012-10-30T09:23:21.500,2246.8,10785,2246.8,28,0.0,0,0.0,0,0.0,0,0.0,0,2247,13,0.0,0,0.0,0,0.0,0,0.0,0
2012-10-30T09:23:22.000,2246.8,10808,2246.8,5,0.0,0,0.0,0,0.0,0,0.0,0,2247,15,0.0,0,0.0,0,0.0,0,0.0,0
2012-10-30T09:23:22.500,2246.8,10813,2246.8,1,0.0,0,0.0,0,0.0,0,0.0,0,2247,16,0.0,0,0.0,0,0.0,0,0.0,0
2012-10-30T09:23:23.250,2247,10815,2246.6,39,0.0,0,0.0,0,0.0,0,0.0,0,2247,16,0.0,0,0.0,0,0.0,0,0.0,0
2012-10-30T09:23:24.000,2246.6,10823,2246.6,32,0.0,0,0.0,0,0.0,0,0.0,0,2246.8,1,0.0,0,0.0,0,0.0,0,0.0,0
2012-10-30T09:23:24.500,2247,10826,2246.6,31,0.0,0,0.0,0,0.0,0,0.0,0,2246.8,13,0.0,0,0.0,0,0.0,0,0.0,0
2012-10-30T09:23:25.000,2246.6,10839,2246.6,23,0.0,0,0.0,0,0.0,0,0.0,0,2246.8,9,0.0,0,0.0,0,0.0,0,0.0,0
2012-10-30T09:23:25.500,2246.6,10843,2246.6,21,0.0,0,0.0,0,0.0,0,0.0,0,2246.8,7,0.0,0,0.0,0,0.0,0,0.0,0
2012-10-30T09:23:26.250,2246.8,10845,2246.6,20,0.0,0,0.0,0,0.0,0,0.0,0,2246.8,7,0.0,0,0.0,0,0.0,0,0.0,0
2012-10-30T09:23:27.250,2246.6,10849,2246.6,21,0.0,0,0.0,0,0.0,0,0.0,0,2246.8,6,0.0,0,0.0,0,0.0,0,0.0,0
2012-10-30T09:23:28.250,2246.6,10850,2246.6,34,0.0,0,0.0,0,0.0,0,0.0,0,2246.8,10,0.0,0,0.0,0,0.0,0,0.0,0
2012-10-30T09:23:29.000,2246.6,10855,2246.6,25,0.0,0,0.0,0,0.0,0,0.0,0,2246.8,11,0.0,0,0.0,0,0.0,0,0.0,0
2012-10-30T09:23:29.500,2246.8,10868,2246.8,9,0.0,0,0.0,0,0.0,0,0.0,0,2247,40,0.0,0,0.0,0,0.0,0,0.0,0
2012-10-30T09:23:30.000,2246.8,10870,2246.8,14,0.0,0,0.0,0,0.0,0,0.0,0,2247,39,0.0,0,0.0,0,0.0,0,0.0,0
2012-10-30T09:23:30.500,2246.8,10874,2246.8,11,0.0,0,0.0,0,0.0,0,0.0,0,2247,39,0.0,0,0.0,0,0.0,0,0.0,0
2012-10-30T09:23:31.000,2246.8,10881,2246.8,16,0.0,0,0.0,0,0.0,0,0.0,0,2247,41,0.0,0,0.0,0,0.0,0,0.0,0
2012-10-30T09:23:31.500,2246.8,10882,2246.8,16,0.0,0,0.0,0,0.0,0,0.0,0,2247,42,0.0,0,0.0,0,0.0,0,0.0,0
2012-10-30T09:23:32.000,2246.8,10888,2246.8,13,0.0,0,0.0,0,0.0,0,0.0,0,2247,41,0.0,0,0.0,0,0.0,0,0.0,0
2012-10-30T09:23:32.500,2246.8,10890,2246.8,32,0.0,0,0.0,0,0.0,0,0.0,0,2247,41,0.0,0,0.0,0,0.0,0,0.0,0
2012-10-30T09:23:33.250,2247,10891,2246.8,33,0.0,0,0.0,0,0.0,0,0.0,0,2247,40,0.0,0,0.0,0,0.0,0,0.0,0
2012-10-30T09:23:35.250,2246.8,10893,2246.8,34,0.0,0,0.0,0,0.0,0,0.0,0,2247,42,0.0,0,0.0,0,0.0,0,0.0,0
2012-10-30T09:23:36.250,2247,10895,2246.8,40,0.0,0,0.0,0,0.0,0,0.0,0,2247,39,0.0,0,0.0,0,0.0,0,0.0,0
2012-10-30T09:23:37.000,2247,10898,2246.8,37,0.0,0,0.0,0,0.0,0,0.0,0,2247,38,0.0,0,0.0,0,0.0,0,0.0,0
2012-10-30T09:23:37.500,2246.8,10935,2246.6,50,0.0,0,0.0,0,0.0,0,0.0,0,2246.8,63,0.0,0,0.0,0,0.0,0,0.0,0
2012-10-30T09:23:39.000,2246.6,10983,2246.6,3,0.0,0,0.0,0,0.0,0,0.0,0,2246.8,62,0.0,0,0.0,0,0.0,0,0.0,0
2012-10-30T09:23:39.500,2246.6,10988,2246.4,40,0.0,0,0.0,0,0.0,0,0.0,0,2246.6,2,0.0,0,0.0,0,0.0,0,0.0,0
2012-10-30T09:23:40.000,2246.8,10991,2246.4,41,0.0,0,0.0,0,0.0,0,0.0,0,2246.8,63,0.0,0,0.0,0,0.0,0,0.0,0
2012-10-30T09:23:40.500,2246.4,11003,2246.4,29,0.0,0,0.0,0,0.0,0,0.0,0,2246.6,2,0.0,0,0.0,0,0.0,0,0.0,0
2012-10-30T09:23:41.000,2246.6,11006,2246.4,27,0.0,0,0.0,0,0.0,0,0.0,0,2246.6,2,0.0,0,0.0,0,0.0,0,0.0,0
2012-10-30T09:23:41.500,2246.6,11008,2246.6,8,0.0,0,0.0,0,0.0,0,0.0,0,2246.8,66,0.0,0,0.0,0,0.0,0,0.0,0
2012-10-30T09:23:42.000,2246.4,11026,2246.4,17,0.0,0,0.0,0,0.0,0,0.0,0,2246.8,66,0.0,0,0.0,0,0.0,0,0.0,0
2012-10-30T09:23:42.500,2246.6,11029,2246.6,7,0.0,0,0.0,0,0.0,0,0.0,0,2246.8,67,0.0,0,0.0,0,0.0,0,0.0,0
2012-10-30T09:23:43.000,2246.6,11033,2246.6,4,0.0,0,0.0,0,0.0,0,0.0,0,2246.8,67,0.0,0,0.0,0,0.0,0,0.0,0
2012-10-30T09:23:43.500,2246.6,11036,2246.6,2,0.0,0,0.0,0,0.0,0,0.0,0,2246.8,66,0.0,0,0.0,0,0.0,0,0.0,0
2012-10-30T09:23:44.000,2246.4,11046,2246.4,15,0.0,0,0.0,0,0.0,0,0.0,0,2246.6,1,0.0,0,0.0,0,0.0,0,0.0,0
2012-10-30T09:23:44.500,2246.4,11048,2246.4,14,0.0,0,0.0,0,0.0,0,0.0,0,2246.8,66,0.0,0,0.0,0,0.0,0,0.0,0
2012-10-30T09:23:45.000,2246.4,11055,2246.4,8,0.0,0,0.0,0,0.0,0,0.0,0,2246.6,1,0.0,0,0.0,0,0.0,0,0.0,0
2012-10-30T09:23:45.500,2246.4,11061,2246.4,9,0.0,0,0.0,0,0.0,0,0.0,0,2246.8,66,0.0,0,0.0,0,0.0,0,0.0,0
2012-10-30T09:23:46.000,2246.4,11064,2246.4,9,0.0,0,0.0,0,0.0,0,0.0,0,2246.8,65,0.0,0,0.0,0,0.0,0,0.0,0
2012-10-30T09:23:46.500,2246.4,11071,2246.4,4,0.0,0,0.0,0,0.0,0,0.0,0,2246.6,1,0.0,0,0.0,0,0.0,0,0.0,0
2012-10-30T09:23:47.000,2246.6,11073,2246.6,10,0.0,0,0.0,0,0.0,0,0.0,0,2246.8,67,0.0,0,0.0,0,0.0,0,0.0,0
2012-10-30T09:23:47.500,2246.6,11076,2246.6,10,0.0,0,0.0,0,0.0,0,0.0,0,2246.8,67,0.0,0,0.0,0,0.0,0,0.0,0
2012-10-30T09:23:48.000,2246.6,11086,2246.6,1,0.0,0,0.0,0,0.0,0,0.0,0,2246.8,67,0.0,0,0.0,0,0.0,0,0.0,0
2012-10-30T09:23:48.500,2246.6,11087,2246.4,18,0.0,0,0.0,0,0.0,0,0.0,0,2246.6,1,0.0,0,0.0,0,0.0,0,0.0,0
2012-10-30T09:23:50.000,2246.6,11090,2246.4,23,0.0,0,0.0,0,0.0,0,0.0,0,2246.6,5,0.0,0,0.0,0,0.0,0,0.0,0
2012-10-30T09:23:50.500,2246.4,11094,2246.4,21,0.0,0,0.0,0,0.0,0,0.0,0,2246.6,4,0.0,0,0.0,0,0.0,0,0.0,0
2012-10-30T09:23:51.000,2246.6,11101,2246.4,17,0.0,0,0.0,0,0.0,0,0.0,0,2246.6,7,0.0,0,0.0,0,0.0,0,0.0,0
2012-10-30T09:23:51.500,2246.4,11105,2246.4,16,0.0,0,0.0,0,0.0,0,0.0,0,2246.6,5,0.0,0,0.0,0,0.0,0,0.0,0
