date_time,last_px,total_volume,bid1_px,bid1_qty,bid2_px,bid2_qty,bid3_px,bid3_qty,bid4_px,bid4_qty,bid5_px,bid5_qty,ask1_px,ask1_qty,ask2_px,ask2_qty,ask3_px,ask3_qty,ask4_px,ask4_qty,ask5_px,ask5_qty
2012-11-05T09:14:00.250,2305.4,415,2305.4,10,0.0,0,0.0,0,0.0,0,0.0,0,2305.6,1,0.0,0,0.0,0,0.0,0,0.0,0
2012-11-05T09:15:00.250,2305.4,637,2305,2,0.0,0,0.0,0,0.0,0,0.0,0,2305.4,24,0.0,0,0.0,0,0.0,0,0.0,0
2012-11-05T09:15:01.000,2305,725,2304.8,5,0.0,0,0.0,0,0.0,0,0.0,0,2305,56,0.0,0,0.0,0,0.0,0,0.0,0
2012-11-05T09:15:01.500,2305,901,2305,4,0.0,0,0.0,0,0.0,0,0.0,0,2305.4,29,0.0,0,0.0,0,0.0,0,0.0,0
2012-11-05T09:15:02.000,2305,1015,2305,2,0.0,0,0.0,0,0.0,0,0.0,0,2305.4,32,0.0,0,0.0,0,0.0,0,0.0,0
2012-11-05T09:15:02.500,2305.4,1124,2305.4,99,0.0,0,0.0,0,0.0,0,0.0,0,2306,29,0.0,0,0.0,0,0.0,0,0.0,0
2012-11-05T09:15:03.000,2305.8,1180,2305.8,15,0.0,0,0.0,0,0.0,0,0.0,0,2306,16,0.0,0,0.0,0,0.0,0,0.0,0
2012-11-05T09:15:03.500,2306.2,1251,2306.2,8,0.0,0,0.0,0,0.0,0,0.0,0,2306.4,13,0.0,0,0.0,0,0.0,0,0.0,0
2012-11-05T09:15:04.000,2306.4,1331,2306.4,2,0.0,0,0.0,0,0.0,0,0.0,0,2306.6,5,0.0,0,0.0,0,0.0,0,0.0,0
2012-11-05T09:15:04.500,2306.8,1411,2306.8,14,0.0,0,0.0,0,0.0,0,0.0,0,2307,24,0.0,0,0.0,0,0.0,0,0.0,0
2012-11-05T09:15:05.000,2307,1511,2307,2,0.0,0,0.0,0,0.0,0,0.0,0,2307.2,11,0.0,0,0.0,0,0.0,0,0.0,0
2012-11-05T09:15:05.500,2307.2,1543,2307,39,0.0,0,0.0,0,0.0,0,0.0,0,2307.2,7,0.0,0,0.0,0,0.0,0,0.0,0
2012-11-05T09:15:06.000,2307.2,1643,2307,32,0.0,0,0.0,0,0.0,0,0.0,0,2307.4,35,0.0,0,0.0,0,0.0,0,0.0,0
2012-11-05T09:15:06.500,2307.4,1691,2307,17,0.0,0,0.0,0,0.0,0,0.0,0,2307.4,35,0.0,0,0.0,0,0.0,0,0.0,0
2012-11-05T09:15:07.000,2307,1754,2306.6,4,0.0,0,0.0,0,0.0,0,0.0,0,2307,32,0.0,0,0.0,0,0.0,0,0.0,0
2012-11-05T09:15:07.500,2306.8,1775,2306.6,1,0.0,0,0.0,0,0.0,0,0.0,0,2306.8,32,0.0,0,0.0,0,0.0,0,0.0,0
2012-11-05T09:15:08.000,2306.6,1800,2306.4,4,0.0,0,0.0,0,0.0,0,0.0,0,2306.6,41,0.0,0,0.0,0,0.0,0,0.0,0
2012-11-05T09:15:08.500,2306.4,1825,2306.4,2,0.0,0,0.0,0,0.0,0,0.0,0,2306.6,48,0.0,0,0.0,0,0.0,0,0.0,0
2012-11-05T09:15:09.000,2306.4,1849,2306,62,0.0,0,0.0,0,0.0,0,0.0,0,2306.4,36,0.0,0,0.0,0,0.0,0,0.0,0
2012-11-05T09:15:09.500,2306.4,1867,2306,58,0.0,0,0.0,0,0.0,0,0.0,0,2306.4,33,0.0,0,0.0,0,0.0,0,0.0,0
2012-11-05T09:15:10.000,2306,1906,2306,30,0.0,0,0.0,0,0.0,0,0.0,0,2306.4,30,0.0,0,0.0,0,0.0,0,0.0,0
2012-11-05T09:15:10.500,2306,1940,2306,14,0.0,0,0.0,0,0.0,0,0.0,0,2306.4,20,0.0,0,0.0,0,0.0,0,0.0,0
2012-11-05T09:15:11.000,2306,1972,2305.6,34,0.0,0,0.0,0,0.0,0,0.0,0,2306,16,0.0,0,0.0,0,0.0,0,0.0,0
2012-11-05T09:15:11.500,2306,1998,2305.6,21,0.0,0,0.0,0,0.0,0,0.0,0,2306,42,0.0,0,0.0,0,0.0,0,0.0,0
2012-11-05T09:15:12.000,2305.4,2049,2305.4,78,0.0,0,0.0,0,0.0,0,0.0,0,2305.8,4,0.0,0,0.0,0,0.0,0,0.0,0
2012-11-05T09:15:12.500,2305.4,2075,2305.4,76,0.0,0,0.0,0,0.0,0,0.0,0,2306,25,0.0,0,0.0,0,0.0,0,0.0,0
2012-11-05T09:15:13.000,2305.4,2128,2305.6,3,0.0,0,0.0,0,0.0,0,0.0,0,2305.8,8,0.0,0,0.0,0,0.0,0,0.0,0
2012-11-05T09:15:13.500,2305.6,2183,2305.6,3,0.0,0,0.0,0,0.0,0,0.0,0,2305.8,9,0.0,0,0.0,0,0.0,0,0.0,0
2012-11-05T09:15:14.000,2305.4,2203,2305.4,23,0.0,0,0.0,0,0.0,0,0.0,0,2305.6,2,0.0,0,0.0,0,0.0,0,0.0,0
2012-11-05T09:15:14.500,2305.6,2247,2305.2,7,0.0,0,0.0,0,0.0,0,0.0,0,2305.4,1,0.0,0,0.0,0,0.0,0,0.0,0
2012-11-05T09:15:15.000,2305.2,2269,2305,34,0.0,0,0.0,0,0.0,0,0.0,0,2305.2,13,0.0,0,0.0,0,0.0,0,0.0,0
2012-11-05T09:15:15.500,2305.2,2311,2305,6,0.0,0,0.0,0,0.0,0,0.0,0,2305.2,6,0.0,0,0.0,0,0.0,0,0.0,0
2012-11-05T09:15:16.000,2305,2359,2304.8,3,0.0,0,0.0,0,0.0,0,0.0,0,2305,6,0.0,0,0.0,0,0.0,0,0.0,0
2012-11-05T09:15:16.500,2305,2386,2304.8,3,0.0,0,0.0,0,0.0,0,0.0,0,2305,8,0.0,0,0.0,0,0.0,0,0.0,0
2012-11-05T09:15:17.000,2304.8,2398,2304.2,21,0.0,0,0.0,0,0.0,0,0.0,0,2304.8,11,0.0,0,0.0,0,0.0,0,0.0,0
2012-11-05T09:15:17.500,2304.4,2428,2304.4,28,0.0,0,0.0,0,0.0,0,0.0,0,2304.8,16,0.0,0,0.0,0,0.0,0,0.0,0
2012-11-05T09:15:18.000,2304.2,2493,2304.2,25,0.0,0,0.0,0,0.0,0,0.0,0,2304.4,2,0.0,0,0.0,0,0.0,0,0.0,0
2012-11-05T09:15:18.500,2304,2587,2303.8,1,0.0,0,0.0,0,0.0,0,0.0,0,2304,38,0.0,0,0.0,0,0.0,0,0.0,0
2012-11-05T09:15:19.000,2303.6,2661,2303.6,15,0.0,0,0.0,0,0.0,0,0.0,0,2303.8,41,0.0,0,0.0,0,0.0,0,0.0,0
2012-11-05T09:15:19.500,2303.6,2695,2303.4,52,0.0,0,0.0,0,0.0,0,0.0,0,2303.6,5,0.0,0,0.0,0,0.0,0,0.0,0
2012-11-05T09:15:20.000,2303.6,2720,2303.6,4,0.0,0,0.0,0,0.0,0,0.0,0,2303.8,18,0.0,0,0.0,0,0.0,0,0.0,0
2012-11-05T09:15:20.500,2303.6,2787,2303.8,10,0.0,0,0.0,0,0.0,0,0.0,0,2304.2,48,0.0,0,0.0,0,0.0,0,0.0,0
2012-11-05T09:15:21.000,2304,2842,2304,53,0.0,0,0.0,0,0.0,0,0.0,0,2304.2,20,0.0,0,0.0,0,0.0,0,0.0,0
2012-11-05T09:15:21.500,2304.2,2913,2304.2,23,0.0,0,0.0,0,0.0,0,0.0,0,2304.8,17,0.0,0,0.0,0,0.0,0,0.0,0
2012-11-05T09:15:22.000,2304.8,2932,2304.2,43,0.0,0,0.0,0,0.0,0,0.0,0,2304.8,26,0.0,0,0.0,0,0.0,0,0.0,0
2012-11-05T09:15:22.500,2304.8,2979,2304.8,17,0.0,0,0.0,0,0.0,0,0.0,0,2305,65,0.0,0,0.0,0,0.0,0,0.0,0
2012-11-05T09:15:23.000,2304.8,3002,2304.4,2,0.0,0,0.0,0,0.0,0,0.0,0,2304.6,3,0.0,0,0.0,0,0.0,0,0.0,0
2012-11-05T09:15:23.500,2305,3017,2304.8,3,0.0,0,0.0,0,0.0,0,0.0,0,2305,71,0.0,0,0.0,0,0.0,0,0.0,0
2012-11-05T09:15:24.000,2304.8,3038,2304.4,6,0.0,0,0.0,0,0.0,0,0.0,0,2304.8,2,0.0,0,0.0,0,0.0,0,0.0,0
2012-11-05T09:15:24.500,2304.4,3088,2304.4,12,0.0,0,0.0,0,0.0,0,0.0,0,2304.8,2,0.0,0,0.0,0,0.0,0,0.0,0
2012-11-05T09:15:25.000,2304.4,3093,2304.6,2,0.0,0,0.0,0,0.0,0,0.0,0,2304.8,10,0.0,0,0.0,0,0.0,0,0.0,0
2012-11-05T09:15:25.500,2304.6,3101,2304.6,2,0.0,0,0.0,0,0.0,0,0.0,0,2304.8,6,0.0,0,0.0,0,0.0,0,0.0,0
2012-11-05T09:15:26.000,2304.8,3110,2304.8,4,0.0,0,0.0,0,0.0,0,0.0,0,2305,25,0.0,0,0.0,0,0.0,0,0.0,0
2012-11-05T09:15:26.500,2304.4,3183,2304.2,21,0.0,0,0.0,0,0.0,0,0.0,0,2304.4,11,0.0,0,0.0,0,0.0,0,0.0,0
2012-11-05T09:15:27.000,2303.8,3303,2303.8,11,0.0,0,0.0,0,0.0,0,0.0,0,2304,3,0.0,0,0.0,0,0.0,0,0.0,0
2012-11-05T09:15:27.500,2303.8,3324,2303.8,5,0.0,0,0.0,0,0.0,0,0.0,0,2304,9,0.0,0,0.0,0,0.0,0,0.0,0
2012-11-05T09:15:28.000,2303.8,3354,2303.6,9,0.0,0,0.0,0,0.0,0,0.0,0,2303.8,6,0.0,0,0.0,0,0.0,0,0.0,0
2012-11-05T09:15:28.500,2304.6,3376,2303.8,3,0.0,0,0.0,0,0.0,0,0.0,0,2304.6,15,0.0,0,0.0,0,0.0,0,0.0,0
2012-11-05T09:15:29.000,2304.4,3397,2304.2,1,0.0,0,0.0,0,0.0,0,0.0,0,2304.4,19,0.0,0,0.0,0,0.0,0,0.0,0
2012-11-05T09:15:29.500,2304.6,3454,2304.4,4,0.0,0,0.0,0,0.0,0,0.0,0,2304.8,7,0.0,0,0.0,0,0.0,0,0.0,0
2012-11-05T09:15:30.000,2304.4,3461,2304.4,4,0.0,0,0.0,0,0.0,0,0.0,0,2304.8,8,0.0,0,0.0,0,0.0,0,0.0,0
2012-11-05T09:15:30.500,2304.2,3472,2304.6,30,0.0,0,0.0,0,0.0,0,0.0,0,2304.8,11,0.0,0,0.0,0,0.0,0,0.0,0
2012-11-05T09:15:31.000,2305,3515,2305,25,0.0,0,0.0,0,0.0,0,0.0,0,2305.2,3,0.0,0,0.0,0,0.0,0,0.0,0
2012-11-05T09:15:31.500,2305,3545,2305,4,0.0,0,0.0,0,0.0,0,0.0,0,2305.4,12,0.0,0,0.0,0,0.0,0,0.0,0
2012-11-05T09:15:32.000,2305.4,3568,2305.2,39,0.0,0,0.0,0,0.0,0,0.0,0,2305.4,1,0.0,0,0.0,0,0.0,0,0.0,0
2012-11-05T09:15:32.500,2305.2,3585,2305.2,25,0.0,0,0.0,0,0.0,0,0.0,0,2305.6,21,0.0,0,0.0,0,0.0,0,0.0,0
2012-11-05T09:15:33.000,2305.2,3603,2305.2,24,0.0,0,0.0,0,0.0,0,0.0,0,2305.6,19,0.0,0,0.0,0,0.0,0,0.0,0
2012-11-05T09:15:33.500,2305.2,3609,2305.2,20,0.0,0,0.0,0,0.0,0,0.0,0,2305.6,19,0.0,0,0.0,0,0.0,0,0.0,0
2012-11-05T09:15:34.000,2305.2,3619,2305.2,21,0.0,0,0.0,0,0.0,0,0.0,0,2305.4,7,0.0,0,0.0,0,0.0,0,0.0,0
2012-11-05T09:15:34.500,2305.2,3631,2305.2,18,0.0,0,0.0,0,0.0,0,0.0,0,2305.6,19,0.0,0,0.0,0,0.0,0,0.0,0
2012-11-05T09:15:35.000,2305.2,3636,2305.2,15,0.0,0,0.0,0,0.0,0,0.0,0,2305.6,19,0.0,0,0.0,0,0.0,0,0.0,0
2012-11-05T09:15:35.500,2305.2,3647,2305.2,5,0.0,0,0.0,0,0.0,0,0.0,0,2305.6,19,0.0,0,0.0,0,0.0,0,0.0,0
2012-11-05T09:15:36.000,2305.2,3680,2305,89,0.0,0,0.0,0,0.0,0,0.0,0,2305.2,1,0.0,0,0.0,0,0.0,0,0.0,0
2012-11-05T09:15:36.500,2305.2,3693,2305,89,0.0,0,0.0,0,0.0,0,0.0,0,2305.2,2,0.0,0,0.0,0,0.0,0,0.0,0
2012-11-05T09:15:37.000,2305.2,3710,2305.2,13,0.0,0,0.0,0,0.0,0,0.0,0,2305.4,21,0.0,0,0.0,0,0.0,0,0.0,0
2012-11-05T09:15:37.500,2305.2,3724,2305.2,17,0.0,0,0.0,0,0.0,0,0.0,0,2305.4,19,0.0,0,0.0,0,0.0,0,0.0,0
2012-11-05T09:15:38.000,2305.2,3739,2305.2,16,0.0,0,0.0,0,0.0,0,0.0,0,2305.4,15,0.0,0,0.0,0,0.0,0,0.0,0
2012-11-05T09:15:38.500,2305.4,3759,2305.4,2,0.0,0,0.0,0,0.0,0,0.0,0,2305.6,27,0.0,0,0.0,0,0.0,0,0.0,0
2012-11-05T09:15:39.000,2305.4,3764,2305.4,17,0.0,0,0.0,0,0.0,0,0.0,0,2305.6,30,0.0,0,0.0,0,0.0,0,0.0,0
2012-11-05T09:15:39.500,2305.4,3779,2305.4,7,0.0,0,0.0,0,0.0,0,0.0,0,2305.6,26,0.0,0,0.0,0,0.0,0,0.0,0
2012-11-05T09:15:40.000,2305.4,3792,2305.2,18,0.0,0,0.0,0,0.0,0,0.0,0,2305.4,6,0.0,0,0.0,0,0.0,0,0.0,0
2012-11-05T09:15:40.500,2305.4,3824,2305.2,39,0.0,0,0.0,0,0.0,0,0.0,0,2305.4,9,0.0,0,0.0,0,0.0,0,0.0,0
2012-11-05T09:15:41.000,2305.2,3840,2305.2,31,0.0,0,0.0,0,0.0,0,0.0,0,2305.4,17,0.0,0,0.0,0,0.0,0,0.0,0
2012-11-05T09:15:41.500,2305.4,3861,2305.2,27,0.0,0,0.0,0,0.0,0,0.0,0,2305.4,2,0.0,0,0.0,0,0.0,0,0.0,0
2012-11-05T09:15:42.000,2305.4,3868,2305.2,23,0.0,0,0.0,0,0.0,0,0.0,0,2305.4,5,0.0,0,0.0,0,0.0,0,0.0,0
2012-11-05T09:15:42.500,2305.6,3880,2305.4,64,0.0,0,0.0,0,0.0,0,0.0,0,2305.6,33,0.0,0,0.0,0,0.0,0,0.0,0
2012-11-05T09:15:43.000,2305.4,3885,2305.4,61,0.0,0,0.0,0,0.0,0,0.0,0,2305.6,34,0.0,0,0.0,0,0.0,0,0.0,0
2012-11-05T09:15:43.500,2305.4,3914,2305.4,46,0.0,0,0.0,0,0.0,0,0.0,0,2305.6,20,0.0,0,0.0,0,0.0,0,0.0,0
2012-11-05T09:15:44.000,2305.6,3929,2305.4,39,0.0,0,0.0,0,0.0,0,0.0,0,2305.6,14,0.0,0,0.0,0,0.0,0,0.0,0
2012-11-05T09:15:44.500,2305.6,3934,2305.4,41,0.0,0,0.0,0,0.0,0,0.0,0,2305.6,10,0.0,0,0.0,0,0.0,0,0.0,0
2012-11-05T09:15:45.000,2305.6,3978,2305.4,1,0.0,0,0.0,0,0.0,0,0.0,0,2305.6,11,0.0,0,0.0,0,0.0,0,0.0,0
2012-11-05T09:15:45.500,2305.6,4026,2305.2,21,0.0,0,0.0,0,0.0,0,0.0,0,2305.6,4,0.0,0,0.0,0,0.0,0,0.0,0
2012-11-05T09:15:46.000,2305.4,4043,2305.4,8,0.0,0,0.0,0,0.0,0,0.0,0,2305.6,9,0.0,0,0.0,0,0.0,0,0.0,0
2012-11-05T09:15:46.500,2305.4,4060,2305.4,6,0.0,0,0.0,0,0.0,0,0.0,0,2305.6,4,0.0,0,0.0,0,0.0,0,0.0,0
2012-11-05T09:15:47.000,2305.4,4071,2305.4,2,0.0,0,0.0,0,0.0,0,0.0,0,2305.6,13,0.0,0,0.0,0,0.0,0,0.0,0
2012-11-05T09:15:47.500,2305.4,4075,2305.2,20,0.0,0,0.0,0,0.0,0,0.0,0,2305.4,46,0.0,0,0.0,0,0.0,0,0.0,0
2012-11-05T09:15:48.000,2305.4,4076,2305.2,22,0.0,0,0.0,0,0.0,0,0.0,0,2305.4,82,0.0,0,0.0,0,0.0,0,0.0,0
2012-11-05T09:15:48.500,2305.2,4115,2305,109,0.0,0,0.0,0,0.0,0,0.0,0,2305.2,36,0.0,0,0.0,0,0.0,0,0.0,0
2012-11-05T09:15:49.000,2305,4169,2305,66,0.0,0,0.0,0,0.0,0,0.0,0,2305.2,62,0.0,0,0.0,0,0.0,0,0.0,0
2012-11-05T09:15:49.500,2305,4228,2305,12,0.0,0,0.0,0,0.0,0,0.0,0,2305.2,73,0.0,0,0.0,0,0.0,0,0.0,0
2012-11-05T09:15:50.000,2305.2,4305,2304.8,3,0.0,0,0.0,0,0.0,0,0.0,0,2305,1,0.0,0,0.0,0,0.0,0,0.0,0
2012-11-05T09:15:50.500,2304.8,4331,2304.8,9,0.0,0,0.0,0,0.0,0,0.0,0,2305,12,0.0,0,0.0,0,0.0,0,0.0,0
2012-11-05T09:15:51.000,2304.8,4348,2304.6,35,0.0,0,0.0,0,0.0,0,0.0,0,2304.8,38,0.0,0,0.0,0,0.0,0,0.0,0
2012-11-05T09:15:51.500,2304.6,4360,2304.6,34,0.0,0,0.0,0,0.0,0,0.0,0,2304.8,46,0.0,0,0.0,0,0.0,0,0.0,0
2012-11-05T09:15:52.000,2304.8,4392,2304.6,11,0.0,0,0.0,0,0.0,0,0.0,0,2304.8,38,0.0,0,0.0,0,0.0,0,0.0,0
2012-11-05T09:15:52.500,2304.8,4432,2304.6,6,0.0,0,0.0,0,0.0,0,0.0,0,2304.8,8,0.0,0,0.0,0,0.0,0,0.0,0
2012-11-05T09:15:53.000,2304.8,4453,2304.4,2,0.0,0,0.0,0,0.0,0,0.0,0,2304.6,1,0.0,0,0.0,0,0.0,0,0.0,0
2012-11-05T09:15:53.500,2304.6,4460,2304.6,2,0.0,0,0.0,0,0.0,0,0.0,0,2304.8,3,0.0,0,0.0,0,0.0,0,0.0,0
2012-11-05T09:15:54.000,2304.4,4469,2304.6,1,0.0,0,0.0,0,0.0,0,0.0,0,2304.8,3,0.0,0,0.0,0,0.0,0,0.0,0
2012-11-05T09:15:54.500,2304.4,4482,2304.4,9,0.0,0,0.0,0,0.0,0,0.0,0,2304.6,9,0.0,0,0.0,0,0.0,0,0.0,0
2012-11-05T09:15:55.000,2304.6,4488,2304.4,9,0.0,0,0.0,0,0.0,0,0.0,0,2304.6,7,0.0,0,0.0,0,0.0,0,0.0,0
2012-11-05T09:15:55.500,2304.6,4491,2304.4,8,0.0,0,0.0,0,0.0,0,0.0,0,2304.6,11,0.0,0,0.0,0,0.0,0,0.0,0
2012-11-05T09:15:56.000,2304.4,4494,2304.4,6,0.0,0,0.0,0,0.0,0,0.0,0,2304.6,12,0.0,0,0.0,0,0.0,0,0.0,0
2012-11-05T09:15:56.500,2304.8,4522,2304.4,3,0.0,0,0.0,0,0.0,0,0.0,0,2304.8,1,0.0,0,0.0,0,0.0,0,0.0,0
2012-11-05T09:15:57.000,2304,4562,2304,48,0.0,0,0.0,0,0.0,0,0.0,0,2304.4,29,0.0,0,0.0,0,0.0,0,0.0,0
2012-11-05T09:15:57.500,2304.4,4581,2304.2,3,0.0,0,0.0,0,0.0,0,0.0,0,2304.4,14,0.0,0,0.0,0,0.0,0,0.0,0
2012-11-05T09:15:58.000,2304.2,4588,2304.2,10,0.0,0,0.0,0,0.0,0,0.0,0,2304.4,9,0.0,0,0.0,0,0.0,0,0.0,0
2012-11-05T09:15:58.500,2304.2,4597,2304.2,3,0.0,0,0.0,0,0.0,0,0.0,0,2304.4,8,0.0,0,0.0,0,0.0,0,0.0,0
2012-11-05T09:15:59.000,2304.2,4599,2304.2,11,0.0,0,0.0,0,0.0,0,0.0,0,2304.4,16,0.0,0,0.0,0,0.0,0,0.0,0
2012-11-05T09:15:59.500,2304.4,4620,2304.4,5,0.0,0,0.0,0,0.0,0,0.0,0,2304.6,10,0.0,0,0.0,0,0.0,0,0.0,0
2012-11-05T09:16:00.000,2304.6,4645,2304.4,5,0.0,0,0.0,0,0.0,0,0.0,0,2304.8,1,0.0,0,0.0,0,0.0,0,0.0,0
2012-11-05T09:16:00.500,2304.8,4695,2304.6,1,0.0,0,0.0,0,0.0,0,0.0,0,2304.8,4,0.0,0,0.0,0,0.0,0,0.0,0
2012-11-05T09:16:01.000,2304.8,4732,2304.8,1,0.0,0,0.0,0,0.0,0,0.0,0,2305,16,0.0,0,0.0,0,0.0,0,0.0,0
2012-11-05T09:16:01.500,2304.4,4751,2304,67,0.0,0,0.0,0,0.0,0,0.0,0,2304.4,2,0.0,0,0.0,0,0.0,0,0.0,0
2012-11-05T09:16:02.000,2304.8,4761,2304.4,1,0.0,0,0.0,0,0.0,0,0.0,0,2304.8,28,0.0,0,0.0,0,0.0,0,0.0,0
2012-11-05T09:16:02.500,2304.4,4780,2304.4,6,0.0,0,0.0,0,0.0,0,0.0,0,2304.6,3,0.0,0,0.0,0,0.0,0,0.0,0
2012-11-05T09:16:03.000,2304.6,4839,2304.6,1,0.0,0,0.0,0,0.0,0,0.0,0,2304.8,22,0.0,0,0.0,0,0.0,0,0.0,0
2012-11-05T09:16:03.500,2304.4,4851,2304.2,33,0.0,0,0.0,0,0.0,0,0.0,0,2304.4,5,0.0,0,0.0,0,0.0,0,0.0,0
2012-11-05T09:16:04.000,2304.4,4856,2304.2,32,0.0,0,0.0,0,0.0,0,0.0,0,2304.4,2,0.0,0,0.0,0,0.0,0,0.0,0
2012-11-05T09:16:04.500,2304.4,4866,2304.4,3,0.0,0,0.0,0,0.0,0,0.0,0,2304.6,2,0.0,0,0.0,0,0.0,0,0.0,0
2012-11-05T09:16:05.000,2304.6,4889,2304.6,7,0.0,0,0.0,0,0.0,0,0.0,0,2304.8,18,0.0,0,0.0,0,0.0,0,0.0,0
2012-11-05T09:16:05.500,2304.8,4895,2304.6,7,0.0,0,0.0,0,0.0,0,0.0,0,2304.8,13,0.0,0,0.0,0,0.0,0,0.0,0
2012-11-05T09:16:06.000,2304.8,4899,2304.6,17,0.0,0,0.0,0,0.0,0,0.0,0,2304.8,17,0.0,0,0.0,0,0.0,0,0.0,0
2012-11-05T09:16:06.500,2304.6,4933,2304.4,7,0.0,0,0.0,0,0.0,0,0.0,0,2304.6,21,0.0,0,0.0,0,0.0,0,0.0,0
2012-11-05T09:16:07.000,2304.4,4960,2304.2,25,0.0,0,0.0,0,0.0,0,0.0,0,2304.4,9,0.0,0,0.0,0,0.0,0,0.0,0
2012-11-05T09:16:07.500,2304.4,4963,2304.2,25,0.0,0,0.0,0,0.0,0,0.0,0,2304.4,12,0.0,0,0.0,0,0.0,0,0.0,0
2012-11-05T09:16:08.000,2304.6,4985,2304.4,34,0.0,0,0.0,0,0.0,0,0.0,0,2304.6,2,0.0,0,0.0,0,0.0,0,0.0,0
2012-11-05T09:16:08.500,2304.8,5005,2304.6,2,0.0,0,0.0,0,0.0,0,0.0,0,2304.8,9,0.0,0,0.0,0,0.0,0,0.0,0
2012-11-05T09:16:09.000,2304.6,5009,2304.6,1,0.0,0,0.0,0,0.0,0,0.0,0,2304.8,10,0.0,0,0.0,0,0.0,0,0.0,0
2012-11-05T09:16:09.500,2304.8,5017,2304.6,3,0.0,0,0.0,0,0.0,0,0.0,0,2304.8,4,0.0,0,0.0,0,0.0,0,0.0,0
2012-11-05T09:16:10.000,2304.8,5020,2304.6,10,0.0,0,0.0,0,0.0,0,0.0,0,2304.8,4,0.0,0,0.0,0,0.0,0,0.0,0
2012-11-05T09:16:10.500,2304.8,5022,2304.6,9,0.0,0,0.0,0,0.0,0,0.0,0,2304.8,14,0.0,0,0.0,0,0.0,0,0.0,0
2012-11-05T09:16:11.000,2304.6,5033,2304.4,39,0.0,0,0.0,0,0.0,0,0.0,0,2304.6,7,0.0,0,0.0,0,0.0,0,0.0,0
2012-11-05T09:16:11.500,2304.6,5046,2304.6,12,0.0,0,0.0,0,0.0,0,0.0,0,2304.8,19,0.0,0,0.0,0,0.0,0,0.0,0
2012-11-05T09:16:12.000,2304.6,5047,2304.6,12,0.0,0,0.0,0,0.0,0,0.0,0,2304.8,26,0.0,0,0.0,0,0.0,0,0.0,0
2012-11-05T09:16:12.500,2304.4,5078,2304.6,1,0.0,0,0.0,0,0.0,0,0.0,0,2304.8,19,0.0,0,0.0,0,0.0,0,0.0,0
2012-11-05T09:16:13.000,2304.6,5080,2304.4,42,0.0,0,0.0,0,0.0,0,0.0,0,2304.6,1,0.0,0,0.0,0,0.0,0,0.0,0
2012-11-05T09:16:13.500,2304.8,5088,2304.4,57,0.0,0,0.0,0,0.0,0,0.0,0,2304.8,17,0.0,0,0.0,0,0.0,0,0.0,0
2012-11-05T09:16:14.000,2304.8,5104,2304.6,1,0.0,0,0.0,0,0.0,0,0.0,0,2304.8,12,0.0,0,0.0,0,0.0,0,0.0,0
2012-11-05T09:16:14.500,2304.6,5105,2304.6,11,0.0,0,0.0,0,0.0,0,0.0,0,2304.8,22,0.0,0,0.0,0,0.0,0,0.0,0
2012-11-05T09:16:15.000,2304.6,5121,2304.6,18,0.0,0,0.0,0,0.0,0,0.0,0,2304.8,15,0.0,0,0.0,0,0.0,0,0.0,0
2012-11-05T09:16:15.500,2304.6,5130,2304.6,17,0.0,0,0.0,0,0.0,0,0.0,0,2304.8,7,0.0,0,0.0,0,0.0,0,0.0,0
2012-11-05T09:16:16.000,2304.8,5138,2304.6,13,0.0,0,0.0,0,0.0,0,0.0,0,2304.8,3,0.0,0,0.0,0,0.0,0,0.0,0
2012-11-05T09:16:16.500,2304.6,5143,2304.6,10,0.0,0,0.0,0,0.0,0,0.0,0,2304.8,1,0.0,0,0.0,0,0.0,0,0.0,0
2012-11-05T09:16:17.000,2304.8,5144,2304.6,10,0.0,0,0.0,0,0.0,0,0.0,0,2304.8,3,0.0,0,0.0,0,0.0,0,0.0,0
2012-11-05T09:16:17.500,2304.6,5153,2304.6,4,0.0,0,0.0,0,0.0,0,0.0,0,2304.8,1,0.0,0,0.0,0,0.0,0,0.0,0
2012-11-05T09:16:18.000,2304.6,5155,2304.6,1,0.0,0,0.0,0,0.0,0,0.0,0,2304.8,2,0.0,0,0.0,0,0.0,0,0.0,0
2012-11-05T09:16:18.500,2304.8,5161,2304.4,56,0.0,0,0.0,0,0.0,0,0.0,0,2304.6,7,0.0,0,0.0,0,0.0,0,0.0,0
2012-11-05T09:16:19.000,2304.8,5194,2304.8,17,0.0,0,0.0,0,0.0,0,0.0,0,2305,40,0.0,0,0.0,0,0.0,0,0.0,0
2012-11-05T09:16:19.500,2304.8,5213,2304.4,57,0.0,0,0.0,0,0.0,0,0.0,0,2304.8,9,0.0,0,0.0,0,0.0,0,0.0,0
2012-11-05T09:16:20.000,2304.4,5227,2304.6,2,0.0,0,0.0,0,0.0,0,0.0,0,2304.8,8,0.0,0,0.0,0,0.0,0,0.0,0
2012-11-05T09:16:20.500,2304.6,5235,2304.4,55,0.0,0,0.0,0,0.0,0,0.0,0,2304.6,1,0.0,0,0.0,0,0.0,0,0.0,0
2012-11-05T09:16:21.000,2304.6,5238,2304.6,22,0.0,0,0.0,0,0.0,0,0.0,0,2304.8,4,0.0,0,0.0,0,0.0,0,0.0,0
2012-11-05T09:16:21.500,2304.6,5243,2304.6,20,0.0,0,0.0,0,0.0,0,0.0,0,2304.8,4,0.0,0,0.0,0,0.0,0,0.0,0
2012-11-05T09:16:22.000,2304.6,5246,2304.6,21,0.0,0,0.0,0,0.0,0,0.0,0,2304.8,5,0.0,0,0.0,0,0.0,0,0.0,0
2012-11-05T09:16:22.500,2304.8,5251,2304.6,21,0.0,0,0.0,0,0.0,0,0.0,0,2304.8,1,0.0,0,0.0,0,0.0,0,0.0,0
2012-11-05T09:16:23.000,2304.8,5253,2304.6,23,0.0,0,0.0,0,0.0,0,0.0,0,2305,43,0.0,0,0.0,0,0.0,0,0.0,0
2012-11-05T09:16:23.500,2304.6,5283,2304.4,62,0.0,0,0.0,0,0.0,0,0.0,0,2304.6,39,0.0,0,0.0,0,0.0,0,0.0,0
2012-11-05T09:16:24.000,2304.6,5290,2304.4,61,0.0,0,0.0,0,0.0,0,0.0,0,2304.6,34,0.0,0,0.0,0,0.0,0,0.0,0
2012-11-05T09:16:24.500,2304.6,5296,2304.4,59,0.0,0,0.0,0,0.0,0,0.0,0,2304.6,30,0.0,0,0.0,0,0.0,0,0.0,0
2012-11-05T09:16:25.000,2304.6,5321,2304.4,56,0.0,0,0.0,0,0.0,0,0.0,0,2304.6,9,0.0,0,0.0,0,0.0,0,0.0,0
2012-11-05T09:16:25.500,2304.6,5337,2304.4,49,0.0,0,0.0,0,0.0,0,0.0,0,2305,38,0.0,0,0.0,0,0.0,0,0.0,0
2012-11-05T09:16:26.000,2304.8,5357,2304.6,2,0.0,0,0.0,0,0.0,0,0.0,0,2304.8,6,0.0,0,0.0,0,0.0,0,0.0,0
2012-11-05T09:16:26.500,2304.6,5391,2304.6,1,0.0,0,0.0,0,0.0,0,0.0,0,2305,25,0.0,0,0.0,0,0.0,0,0.0,0
2012-11-05T09:16:27.000,2304.8,5394,2304.8,9,0.0,0,0.0,0,0.0,0,0.0,0,2305,27,0.0,0,0.0,0,0.0,0,0.0,0
2012-11-05T09:16:27.500,2305,5398,2304.8,9,0.0,0,0.0,0,0.0,0,0.0,0,2305,25,0.0,0,0.0,0,0.0,0,0.0,0
2012-11-05T09:16:28.000,2304.8,5410,2304.8,6,0.0,0,0.0,0,0.0,0,0.0,0,2305,17,0.0,0,0.0,0,0.0,0,0.0,0
2012-11-05T09:16:28.500,2305,5417,2304.8,8,0.0,0,0.0,0,0.0,0,0.0,0,2305,10,0.0,0,0.0,0,0.0,0,0.0,0
2012-11-05T09:16:29.000,2305,5428,2305,31,0.0,0,0.0,0,0.0,0,0.0,0,2305.2,64,0.0,0,0.0,0,0.0,0,0.0,0
2012-11-05T09:16:29.500,2305.2,5449,2305,13,0.0,0,0.0,0,0.0,0,0.0,0,2305.2,62,0.0,0,0.0,0,0.0,0,0.0,0
2012-11-05T09:16:30.000,2305.2,5454,2305,17,0.0,0,0.0,0,0.0,0,0.0,0,2305.2,57,0.0,0,0.0,0,0.0,0,0.0,0
2012-11-05T09:16:30.500,2305.2,5472,2305,18,0.0,0,0.0,0,0.0,0,0.0,0,2305.2,41,0.0,0,0.0,0,0.0,0,0.0,0
2012-11-05T09:16:31.000,2305.2,5475,2305,17,0.0,0,0.0,0,0.0,0,0.0,0,2305.2,39,0.0,0,0.0,0,0.0,0,0.0,0
2012-11-05T09:16:31.500,2305,5514,2305,10,0.0,0,0.0,0,0.0,0,0.0,0,2305.2,6,0.0,0,0.0,0,0.0,0,0.0,0
2012-11-05T09:16:32.000,2305.2,5551,2305.2,5,0.0,0,0.0,0,0.0,0,0.0,0,2305.4,51,0.0,0,0.0,0,0.0,0,0.0,0
2012-11-05T09:16:32.500,2305.2,5553,2305.2,6,0.0,0,0.0,0,0.0,0,0.0,0,2305.4,51,0.0,0,0.0,0,0.0,0,0.0,0
2012-11-05T09:16:33.000,2305.2,5557,2305.2,3,0.0,0,0.0,0,0.0,0,0.0,0,2305.4,52,0.0,0,0.0,0,0.0,0,0.0,0
2012-11-05T09:16:33.500,2305.4,5610,2305.4,17,0.0,0,0.0,0,0.0,0,0.0,0,2305.6,37,0.0,0,0.0,0,0.0,0,0.0,0
2012-11-05T09:16:34.000,2305.4,5614,2305.4,44,0.0,0,0.0,0,0.0,0,0.0,0,2305.6,36,0.0,0,0.0,0,0.0,0,0.0,0
2012-11-05T09:16:34.500,2305.4,5618,2305.4,43,0.0,0,0.0,0,0.0,0,0.0,0,2305.6,35,0.0,0,0.0,0,0.0,0,0.0,0
2012-11-05T09:16:35.000,2305.4,5688,2305.4,27,0.0,0,0.0,0,0.0,0,0.0,0,2305.6,1,0.0,0,0.0,0,0.0,0,0.0,0
2012-11-05T09:16:35.500,2305.6,5705,2305.6,37,0.0,0,0.0,0,0.0,0,0.0,0,2306,24,0.0,0,0.0,0,0.0,0,0.0,0
2012-11-05T09:16:36.000,2305.6,5711,2305.6,52,0.0,0,0.0,0,0.0,0,0.0,0,2306,24,0.0,0,0.0,0,0.0,0,0.0,0
2012-11-05T09:16:36.500,2306,5718,2305.8,2,0.0,0,0.0,0,0.0,0,0.0,0,2306,22,0.0,0,0.0,0,0.0,0,0.0,0
2012-11-05T09:16:37.000,2306,5740,2305.8,1,0.0,0,0.0,0,0.0,0,0.0,0,2306,4,0.0,0,0.0,0,0.0,0,0.0,0
2012-11-05T09:16:37.500,2305.8,5755,2305.6,66,0.0,0,0.0,0,0.0,0,0.0,0,2306,5,0.0,0,0.0,0,0.0,0,0.0,0
2012-11-05T09:16:38.000,2306.2,5769,2306,5,0.0,0,0.0,0,0.0,0,0.0,0,2306.2,7,0.0,0,0.0,0,0.0,0,0.0,0
2012-11-05T09:16:38.500,2305.8,5798,2305.6,66,0.0,0,0.0,0,0.0,0,0.0,0,2305.8,5,0.0,0,0.0,0,0.0,0,0.0,0
2012-11-05T09:16:39.000,2305.8,5806,2305.6,70,0.0,0,0.0,0,0.0,0,0.0,0,2305.8,49,0.0,0,0.0,0,0.0,0,0.0,0
2012-11-05T09:16:39.500,2305.8,5811,2305.6,67,0.0,0,0.0,0,0.0,0,0.0,0,2305.8,47,0.0,0,0.0,0,0.0,0,0.0,0
2012-11-05T09:16:40.000,2305.8,5826,2305.6,66,0.0,0,0.0,0,0.0,0,0.0,0,2305.8,46,0.0,0,0.0,0,0.0,0,0.0,0
2012-11-05T09:16:40.500,2306,5875,2305.8,7,0.0,0,0.0,0,0.0,0,0.0,0,2306,7,0.0,0,0.0,0,0.0,0,0.0,0
2012-11-05T09:16:41.000,2306,5880,2305.8,4,0.0,0,0.0,0,0.0,0,0.0,0,2306,8,0.0,0,0.0,0,0.0,0,0.0,0
2012-11-05T09:16:41.500,2306,5884,2305.8,7,0.0,0,0.0,0,0.0,0,0.0,0,2306,10,0.0,0,0.0,0,0.0,0,0.0,0
2012-11-05T09:16:42.000,2306,5892,2305.8,9,0.0,0,0.0,0,0.0,0,0.0,0,2306,6,0.0,0,0.0,0,0.0,0,0.0,0
2012-11-05T09:16:42.500,2306,5910,2306,8,0.0,0,0.0,0,0.0,0,0.0,0,2306.2,7,0.0,0,0.0,0,0.0,0,0.0,0
2012-11-05T09:16:43.000,2306.2,5913,2306,18,0.0,0,0.0,0,0.0,0,0.0,0,2306.2,5,0.0,0,0.0,0,0.0,0,0.0,0
2012-11-05T09:16:43.500,2306.2,5915,2306,29,0.0,0,0.0,0,0.0,0,0.0,0,2306.2,6,0.0,0,0.0,0,0.0,0,0.0,0
2012-11-05T09:16:44.000,2306.2,5922,2306.2,1,0.0,0,0.0,0,0.0,0,0.0,0,2306.4,12,0.0,0,0.0,0,0.0,0,0.0,0
2012-11-05T09:16:44.500,2306.2,5923,2306.2,4,0.0,0,0.0,0,0.0,0,0.0,0,2306.4,12,0.0,0,0.0,0,0.0,0,0.0,0
2012-11-05T09:16:45.000,2306.2,5931,2306,20,0.0,0,0.0,0,0.0,0,0.0,0,2306.2,2,0.0,0,0.0,0,0.0,0,0.0,0
2012-11-05T09:16:45.500,2306,5934,2306,21,0.0,0,0.0,0,0.0,0,0.0,0,2306.2,2,0.0,0,0.0,0,0.0,0,0.0,0
2012-11-05T09:16:46.000,2306.2,5948,2306.2,2,0.0,0,0.0,0,0.0,0,0.0,0,2306.4,1,0.0,0,0.0,0,0.0,0,0.0,0
2012-11-05T09:16:46.500,2306.6,5960,2306.4,7,0.0,0,0.0,0,0.0,0,0.0,0,2306.6,40,0.0,0,0.0,0,0.0,0,0.0,0
2012-11-05T09:16:47.000,2306.4,5974,2306.4,1,0.0,0,0.0,0,0.0,0,0.0,0,2306.6,40,0.0,0,0.0,0,0.0,0,0.0,0
2012-11-05T09:16:47.500,2306.4,5986,2306.4,3,0.0,0,0.0,0,0.0,0,0.0,0,2306.6,37,0.0,0,0.0,0,0.0,0,0.0,0
2012-11-05T09:16:48.000,2306.2,5994,2306,22,0.0,0,0.0,0,0.0,0,0.0,0,2306.6,36,0.0,0,0.0,0,0.0,0,0.0,0
2012-11-05T09:16:48.500,2306.6,6019,2306.4,2,0.0,0,0.0,0,0.0,0,0.0,0,2306.6,14,0.0,0,0.0,0,0.0,0,0.0,0
2012-11-05T09:16:49.000,2306.4,6022,2306.4,2,0.0,0,0.0,0,0.0,0,0.0,0,2306.6,13,0.0,0,0.0,0,0.0,0,0.0,0
2012-11-05T09:16:49.500,2306.6,6032,2306.4,4,0.0,0,0.0,0,0.0,0,0.0,0,2306.6,7,0.0,0,0.0,0,0.0,0,0.0,0
2012-11-05T09:16:50.000,2306.8,6091,2306.8,9,0.0,0,0.0,0,0.0,0,0.0,0,2307,36,0.0,0,0.0,0,0.0,0,0.0,0
2012-11-05T09:16:50.500,2306.8,6114,2306.8,47,0.0,0,0.0,0,0.0,0,0.0,0,2307,17,0.0,0,0.0,0,0.0,0,0.0,0
2012-11-05T09:16:51.000,2307.2,6138,2307,29,0.0,0,0.0,0,0.0,0,0.0,0,2307.2,12,0.0,0,0.0,0,0.0,0,0.0,0
2012-11-05T09:16:51.500,2307.2,6152,2307.2,7,0.0,0,0.0,0,0.0,0,0.0,0,2307.4,19,0.0,0,0.0,0,0.0,0,0.0,0
2012-11-05T09:16:52.000,2307.4,6167,2307.2,6,0.0,0,0.0,0,0.0,0,0.0,0,2307.4,16,0.0,0,0.0,0,0.0,0,0.0,0
2012-11-05T09:16:52.500,2307.4,6177,2307.2,3,0.0,0,0.0,0,0.0,0,0.0,0,2307.4,19,0.0,0,0.0,0,0.0,0,0.0,0
2012-11-05T09:16:53.000,2307.2,6186,2307,16,0.0,0,0.0,0,0.0,0,0.0,0,2307.2,58,0.0,0,0.0,0,0.0,0,0.0,0
2012-11-05T09:16:53.500,2307.2,6221,2306.8,38,0.0,0,0.0,0,0.0,0,0.0,0,2307,10,0.0,0,0.0,0,0.0,0,0.0,0
2012-11-05T09:16:54.000,2307,6240,2306.8,26,0.0,0,0.0,0,0.0,0,0.0,0,2307,17,0.0,0,0.0,0,0.0,0,0.0,0
2012-11-05T09:16:54.500,2307,6269,2306.8,13,0.0,0,0.0,0,0.0,0,0.0,0,2307,30,0.0,0,0.0,0,0.0,0,0.0,0
2012-11-05T09:16:55.000,2307,6282,2306.8,7,0.0,0,0.0,0,0.0,0,0.0,0,2307,33,0.0,0,0.0,0,0.0,0,0.0,0
2012-11-05T09:16:55.500,2306.6,6327,2306.4,3,0.0,0,0.0,0,0.0,0,0.0,0,2306.6,4,0.0,0,0.0,0,0.0,0,0.0,0
2012-11-05T09:16:56.000,2307,6336,2306.6,1,0.0,0,0.0,0,0.0,0,0.0,0,2306.8,6,0.0,0,0.0,0,0.0,0,0.0,0
2012-11-05T09:16:56.500,2306.8,6351,2306.6,2,0.0,0,0.0,0,0.0,0,0.0,0,2306.8,8,0.0,0,0.0,0,0.0,0,0.0,0
2012-11-05T09:16:57.000,2306.6,6354,2306.6,7,0.0,0,0.0,0,0.0,0,0.0,0,2306.8,9,0.0,0,0.0,0,0.0,0,0.0,0
2012-11-05T09:16:57.500,2306.8,6360,2306.6,7,0.0,0,0.0,0,0.0,0,0.0,0,2306.8,6,0.0,0,0.0,0,0.0,0,0.0,0
2012-11-05T09:16:58.000,2306.8,6364,2306.6,8,0.0,0,0.0,0,0.0,0,0.0,0,2306.8,3,0.0,0,0.0,0,0.0,0,0.0,0
2012-11-05T09:16:58.500,2306.6,6379,2306.6,3,0.0,0,0.0,0,0.0,0,0.0,0,2306.8,4,0.0,0,0.0,0,0.0,0,0.0,0
2012-11-05T09:16:59.000,2306.6,6383,2306.4,19,0.0,0,0.0,0,0.0,0,0.0,0,2306.8,5,0.0,0,0.0,0,0.0,0,0.0,0
2012-11-05T09:16:59.500,2306.8,6392,2306.8,6,0.0,0,0.0,0,0.0,0,0.0,0,2307,59,0.0,0,0.0,0,0.0,0,0.0,0
2012-11-05T09:17:00.250,2307,6409,2306.6,1,0.0,0,0.0,0,0.0,0,0.0,0,2307,57,0.0,0,0.0,0,0.0,0,0.0,0
2012-11-05T09:17:01.000,2306.6,6418,2306.4,51,0.0,0,0.0,0,0.0,0,0.0,0,2306.6,1,0.0,0,0.0,0,0.0,0,0.0,0
2012-11-05T09:17:01.500,2306.8,6459,2306.6,1,0.0,0,0.0,0,0.0,0,0.0,0,2306.8,4,0.0,0,0.0,0,0.0,0,0.0,0
2012-11-05T09:17:02.000,2306.6,6472,2306.6,7,0.0,0,0.0,0,0.0,0,0.0,0,2306.8,9,0.0,0,0.0,0,0.0,0,0.0,0
2012-11-05T09:17:02.500,2306.6,6479,2306.6,3,0.0,0,0.0,0,0.0,0,0.0,0,2306.8,9,0.0,0,0.0,0,0.0,0,0.0,0
2012-11-05T09:17:03.000,2306.6,6485,2306.6,3,0.0,0,0.0,0,0.0,0,0.0,0,2306.8,9,0.0,0,0.0,0,0.0,0,0.0,0
2012-11-05T09:17:03.500,2306.6,6489,2306.6,1,0.0,0,0.0,0,0.0,0,0.0,0,2306.8,7,0.0,0,0.0,0,0.0,0,0.0,0
2012-11-05T09:17:04.000,2306.6,6492,2306.6,1,0.0,0,0.0,0,0.0,0,0.0,0,2306.8,8,0.0,0,0.0,0,0.0,0,0.0,0
2012-11-05T09:17:04.500,2306.6,6497,2306.6,2,0.0,0,0.0,0,0.0,0,0.0,0,2306.8,7,0.0,0,0.0,0,0.0,0,0.0,0
2012-11-05T09:17:05.000,2306.6,6500,2306.4,51,0.0,0,0.0,0,0.0,0,0.0,0,2306.6,7,0.0,0,0.0,0,0.0,0,0.0,0
2012-11-05T09:17:05.500,2306.6,6510,2306.6,3,0.0,0,0.0,0,0.0,0,0.0,0,2306.8,6,0.0,0,0.0,0,0.0,0,0.0,0
2012-11-05T09:17:06.000,2307,6545,2306.6,1,0.0,0,0.0,0,0.0,0,0.0,0,2307,34,0.0,0,0.0,0,0.0,0,0.0,0
2012-11-05T09:17:06.500,2306.6,6568,2306.6,5,0.0,0,0.0,0,0.0,0,0.0,0,2306.8,2,0.0,0,0.0,0,0.0,0,0.0,0
2012-11-05T09:17:07.000,2306.6,6571,2306.6,9,0.0,0,0.0,0,0.0,0,0.0,0,2306.8,2,0.0,0,0.0,0,0.0,0,0.0,0
2012-11-05T09:17:07.500,2306.8,6586,2306.8,2,0.0,0,0.0,0,0.0,0,0.0,0,2307,26,0.0,0,0.0,0,0.0,0,0.0,0
2012-11-05T09:17:08.000,2307,6605,2306.8,1,0.0,0,0.0,0,0.0,0,0.0,0,2307,21,0.0,0,0.0,0,0.0,0,0.0,0
2012-11-05T09:17:08.500,2306.8,6611,2306.8,2,0.0,0,0.0,0,0.0,0,0.0,0,2307,22,0.0,0,0.0,0,0.0,0,0.0,0
2012-11-05T09:17:09.000,2306.8,6620,2306.8,13,0.0,0,0.0,0,0.0,0,0.0,0,2307,17,0.0,0,0.0,0,0.0,0,0.0,0
2012-11-05T09:17:09.500,2307,6660,2307,30,0.0,0,0.0,0,0.0,0,0.0,0,2307.2,14,0.0,0,0.0,0,0.0,0,0.0,0
2012-11-05T09:17:10.000,2307.2,6678,2307.2,5,0.0,0,0.0,0,0.0,0,0.0,0,2307.4,10,0.0,0,0.0,0,0.0,0,0.0,0
2012-11-05T09:17:10.500,2307.4,6687,2307.2,12,0.0,0,0.0,0,0.0,0,0.0,0,2307.4,1,0.0,0,0.0,0,0.0,0,0.0,0
2012-11-05T09:17:11.000,2307.4,6705,2307.4,5,0.0,0,0.0,0,0.0,0,0.0,0,2307.6,17,0.0,0,0.0,0,0.0,0,0.0,0
2012-11-05T09:17:11.500,2307.4,6731,2307.2,1,0.0,0,0.0,0,0.0,0,0.0,0,2307.4,6,0.0,0,0.0,0,0.0,0,0.0,0
2012-11-05T09:17:12.000,2307.2,6742,2307,12,0.0,0,0.0,0,0.0,0,0.0,0,2307.6,14,0.0,0,0.0,0,0.0,0,0.0,0
2012-11-05T09:17:12.500,2307.4,6752,2307,13,0.0,0,0.0,0,0.0,0,0.0,0,2307.2,4,0.0,0,0.0,0,0.0,0,0.0,0
2012-11-05T09:17:13.000,2307,6763,2307,9,0.0,0,0.0,0,0.0,0,0.0,0,2307.2,8,0.0,0,0.0,0,0.0,0,0.0,0
2012-11-05T09:17:13.500,2307.4,6784,2307.4,8,0.0,0,0.0,0,0.0,0,0.0,0,2307.6,38,0.0,0,0.0,0,0.0,0,0.0,0
2012-11-05T09:17:14.000,2307.6,6836,2307.2,4,0.0,0,0.0,0,0.0,0,0.0,0,2307.4,4,0.0,0,0.0,0,0.0,0,0.0,0
2012-11-05T09:17:14.500,2307.4,6839,2307.2,2,0.0,0,0.0,0,0.0,0,0.0,0,2307.4,5,0.0,0,0.0,0,0.0,0,0.0,0
2012-11-05T09:17:15.000,2307.4,6857,2307.2,7,0.0,0,0.0,0,0.0,0,0.0,0,2307.4,2,0.0,0,0.0,0,0.0,0,0.0,0
2012-11-05T09:17:15.500,2307.2,6868,2307.2,7,0.0,0,0.0,0,0.0,0,0.0,0,2307.4,3,0.0,0,0.0,0,0.0,0,0.0,0
2012-11-05T09:17:16.000,2307.6,6879,2307.2,8,0.0,0,0.0,0,0.0,0,0.0,0,2307.6,1,0.0,0,0.0,0,0.0,0,0.0,0
2012-11-05T09:17:16.500,2307.4,6882,2307.2,6,0.0,0,0.0,0,0.0,0,0.0,0,2307.4,1,0.0,0,0.0,0,0.0,0,0.0,0
2012-11-05T09:17:17.000,2307.4,6887,2307.4,18,0.0,0,0.0,0,0.0,0,0.0,0,2307.6,1,0.0,0,0.0,0,0.0,0,0.0,0
2012-11-05T09:17:17.500,2307.6,6901,2307.4,14,0.0,0,0.0,0,0.0,0,0.0,0,2307.8,28,0.0,0,0.0,0,0.0,0,0.0,0
2012-11-05T09:17:18.000,2307.4,6905,2307.4,12,0.0,0,0.0,0,0.0,0,0.0,0,2307.8,26,0.0,0,0.0,0,0.0,0,0.0,0
2012-11-05T09:17:18.500,2307.4,6908,2307.4,18,0.0,0,0.0,0,0.0,0,0.0,0,2307.6,5,0.0,0,0.0,0,0.0,0,0.0,0
2012-11-05T09:17:19.000,2307.6,6919,2307.6,18,0.0,0,0.0,0,0.0,0,0.0,0,2307.8,27,0.0,0,0.0,0,0.0,0,0.0,0
2012-11-05T09:17:19.500,2307.8,6946,2307.8,1,0.0,0,0.0,0,0.0,0,0.0,0,2308,122,0.0,0,0.0,0,0.0,0,0.0,0
2012-11-05T09:17:20.000,2308,6959,2307.6,33,0.0,0,0.0,0,0.0,0,0.0,0,2308,112,0.0,0,0.0,0,0.0,0,0.0,0
2012-11-05T09:17:20.500,2307.8,6976,2307.6,30,0.0,0,0.0,0,0.0,0,0.0,0,2307.8,1,0.0,0,0.0,0,0.0,0,0.0,0
2012-11-05T09:17:21.000,2307.8,6998,2307.8,2,0.0,0,0.0,0,0.0,0,0.0,0,2308,95,0.0,0,0.0,0,0.0,0,0.0,0
2012-11-05T09:17:21.500,2308,7043,2307.8,31,0.0,0,0.0,0,0.0,0,0.0,0,2308,77,0.0,0,0.0,0,0.0,0,0.0,0
2012-11-05T09:17:22.000,2308,7054,2307.8,64,0.0,0,0.0,0,0.0,0,0.0,0,2308,90,0.0,0,0.0,0,0.0,0,0.0,0
2012-11-05T09:17:22.500,2308,7104,2307.8,56,0.0,0,0.0,0,0.0,0,0.0,0,2308,49,0.0,0,0.0,0,0.0,0,0.0,0
2012-11-05T09:17:23.000,2308,7143,2307.8,56,0.0,0,0.0,0,0.0,0,0.0,0,2308,12,0.0,0,0.0,0,0.0,0,0.0,0
2012-11-05T09:17:23.500,2308.2,7166,2308,8,0.0,0,0.0,0,0.0,0,0.0,0,2308.2,2,0.0,0,0.0,0,0.0,0,0.0,0
2012-11-05T09:17:24.000,2308.2,7175,2308,3,0.0,0,0.0,0,0.0,0,0.0,0,2308.2,14,0.0,0,0.0,0,0.0,0,0.0,0
2012-11-05T09:17:24.500,2308.2,7196,2307.8,56,0.0,0,0.0,0,0.0,0,0.0,0,2308,1,0.0,0,0.0,0,0.0,0,0.0,0
2012-11-05T09:17:25.000,2308,7252,2307.8,12,0.0,0,0.0,0,0.0,0,0.0,0,2308,21,0.0,0,0.0,0,0.0,0,0.0,0
2012-11-05T09:17:25.500,2307.8,7282,2307.6,26,0.0,0,0.0,0,0.0,0,0.0,0,2307.8,53,0.0,0,0.0,0,0.0,0,0.0,0
2012-11-05T09:17:26.000,2307.4,7319,2307.4,27,0.0,0,0.0,0,0.0,0,0.0,0,2307.8,67,0.0,0,0.0,0,0.0,0,0.0,0
2012-11-05T09:17:26.500,2307.6,7335,2307.4,18,0.0,0,0.0,0,0.0,0,0.0,0,2307.6,19,0.0,0,0.0,0,0.0,0,0.0,0
2012-11-05T09:17:27.000,2307.4,7337,2307.4,23,0.0,0,0.0,0,0.0,0,0.0,0,2307.6,17,0.0,0,0.0,0,0.0,0,0.0,0
2012-11-05T09:17:27.500,2307.8,7368,2307.4,24,0.0,0,0.0,0,0.0,0,0.0,0,2307.6,9,0.0,0,0.0,0,0.0,0,0.0,0
2012-11-05T09:17:28.000,2307.4,7377,2307.4,17,0.0,0,0.0,0,0.0,0,0.0,0,2307.6,8,0.0,0,0.0,0,0.0,0,0.0,0
2012-11-05T09:17:28.500,2307.6,7409,2307.6,1,0.0,0,0.0,0,0.0,0,0.0,0,2307.8,37,0.0,0,0.0,0,0.0,0,0.0,0
2012-11-05T09:17:29.250,2307.8,7413,2307.6,6,0.0,0,0.0,0,0.0,0,0.0,0,2307.8,34,0.0,0,0.0,0,0.0,0,0.0,0
2012-11-05T09:17:30.000,2307.4,7433,2307.4,23,0.0,0,0.0,0,0.0,0,0.0,0,2307.8,14,0.0,0,0.0,0,0.0,0,0.0,0
2012-11-05T09:17:30.500,2307.6,7440,2307.4,24,0.0,0,0.0,0,0.0,0,0.0,0,2307.6,4,0.0,0,0.0,0,0.0,0,0.0,0
2012-11-05T09:17:31.000,2307.6,7448,2307.4,20,0.0,0,0.0,0,0.0,0,0.0,0,2307.6,1,0.0,0,0.0,0,0.0,0,0.0,0
2012-11-05T09:17:31.500,2307.4,7471,2307.2,15,0.0,0,0.0,0,0.0,0,0.0,0,2307.4,26,0.0,0,0.0,0,0.0,0,0.0,0
2012-11-05T09:17:32.000,2307.2,7475,2307.2,21,0.0,0,0.0,0,0.0,0,0.0,0,2307.4,31,0.0,0,0.0,0,0.0,0,0.0,0
2012-11-05T09:17:32.500,2307.2,7480,2307.2,17,0.0,0,0.0,0,0.0,0,0.0,0,2307.4,31,0.0,0,0.0,0,0.0,0,0.0,0
2012-11-05T09:17:33.000,2307.2,7487,2307.2,12,0.0,0,0.0,0,0.0,0,0.0,0,2307.4,32,0.0,0,0.0,0,0.0,0,0.0,0
2012-11-05T09:17:33.500,2307.2,7499,2307,18,0.0,0,0.0,0,0.0,0,0.0,0,2307.4,34,0.0,0,0.0,0,0.0,0,0.0,0
2012-11-05T09:17:34.000,2307,7521,2306.8,12,0.0,0,0.0,0,0.0,0,0.0,0,2307,30,0.0,0,0.0,0,0.0,0,0.0,0
2012-11-05T09:17:34.500,2307,7528,2306.8,10,0.0,0,0.0,0,0.0,0,0.0,0,2307,79,0.0,0,0.0,0,0.0,0,0.0,0
2012-11-05T09:17:35.000,2306.8,7561,2306.8,5,0.0,0,0.0,0,0.0,0,0.0,0,2307,58,0.0,0,0.0,0,0.0,0,0.0,0
2012-11-05T09:17:35.500,2306.8,7572,2306.6,26,0.0,0,0.0,0,0.0,0,0.0,0,2306.8,2,0.0,0,0.0,0,0.0,0,0.0,0
2012-11-05T09:17:36.000,2306.6,7577,2306.6,22,0.0,0,0.0,0,0.0,0,0.0,0,2306.8,2,0.0,0,0.0,0,0.0,0,0.0,0
2012-11-05T09:17:36.500,2307,7587,2306.8,13,0.0,0,0.0,0,0.0,0,0.0,0,2307,57,0.0,0,0.0,0,0.0,0,0.0,0
2012-11-05T09:17:37.000,2306.8,7641,2306.8,11,0.0,0,0.0,0,0.0,0,0.0,0,2307,13,0.0,0,0.0,0,0.0,0,0.0,0
2012-11-05T09:17:37.500,2307,7654,2306.8,25,0.0,0,0.0,0,0.0,0,0.0,0,2307,2,0.0,0,0.0,0,0.0,0,0.0,0
2012-11-05T09:17:38.000,2307,7658,2307,1,0.0,0,0.0,0,0.0,0,0.0,0,2307.2,1,0.0,0,0.0,0,0.0,0,0.0,0
2012-11-05T09:17:38.500,2307,7684,2306.8,2,0.0,0,0.0,0,0.0,0,0.0,0,2307,6,0.0,0,0.0,0,0.0,0,0.0,0
2012-11-05T09:17:39.000,2307,7694,2307,9,0.0,0,0.0,0,0.0,0,0.0,0,2307.2,2,0.0,0,0.0,0,0.0,0,0.0,0
2012-11-05T09:17:39.500,2307,7695,2307,9,0.0,0,0.0,0,0.0,0,0.0,0,2307.2,2,0.0,0,0.0,0,0.0,0,0.0,0
2012-11-05T09:17:40.000,2306.8,7705,2306.8,1,0.0,0,0.0,0,0.0,0,0.0,0,2307,8,0.0,0,0.0,0,0.0,0,0.0,0
2012-11-05T09:17:40.500,2307,7709,2306.8,1,0.0,0,0.0,0,0.0,0,0.0,0,2307,7,0.0,0,0.0,0,0.0,0,0.0,0
2012-11-05T09:17:41.000,2307.2,7722,2307.2,8,0.0,0,0.0,0,0.0,0,0.0,0,2307.4,37,0.0,0,0.0,0,0.0,0,0.0,0
2012-11-05T09:17:41.500,2307.2,7729,2307.2,4,0.0,0,0.0,0,0.0,0,0.0,0,2307.4,37,0.0,0,0.0,0,0.0,0,0.0,0
2012-11-05T09:17:42.000,2307.2,7735,2307,1,0.0,0,0.0,0,0.0,0,0.0,0,2307.2,9,0.0,0,0.0,0,0.0,0,0.0,0
2012-11-05T09:17:42.500,2307.2,7736,2307,1,0.0,0,0.0,0,0.0,0,0.0,0,2307.2,14,0.0,0,0.0,0,0.0,0,0.0,0
2012-11-05T09:17:43.000,2307.2,7740,2307,1,0.0,0,0.0,0,0.0,0,0.0,0,2307.2,11,0.0,0,0.0,0,0.0,0,0.0,0
2012-11-05T09:17:43.500,2307,7743,2306.8,6,0.0,0,0.0,0,0.0,0,0.0,0,2307.2,11,0.0,0,0.0,0,0.0,0,0.0,0
2012-11-05T09:17:44.250,2306.8,7764,2306.6,7,0.0,0,0.0,0,0.0,0,0.0,0,2306.8,18,0.0,0,0.0,0,0.0,0,0.0,0
2012-11-05T09:17:45.000,2306.8,7772,2306.6,2,0.0,0,0.0,0,0.0,0,0.0,0,2306.8,16,0.0,0,0.0,0,0.0,0,0.0,0
2012-11-05T09:17:45.500,2306.8,7783,2306.6,1,0.0,0,0.0,0,0.0,0,0.0,0,2306.8,9,0.0,0,0.0,0,0.0,0,0.0,0
2012-11-05T09:17:46.000,2307,7812,2307,14,0.0,0,0.0,0,0.0,0,0.0,0,2307.2,14,0.0,0,0.0,0,0.0,0,0.0,0
2012-11-05T09:17:46.500,2307,7821,2307,5,0.0,0,0.0,0,0.0,0,0.0,0,2307.2,15,0.0,0,0.0,0,0.0,0,0.0,0
2012-11-05T09:17:47.000,2307.2,7827,2307,5,0.0,0,0.0,0,0.0,0,0.0,0,2307.2,19,0.0,0,0.0,0,0.0,0,0.0,0
2012-11-05T09:17:47.500,2307,7830,2307,6,0.0,0,0.0,0,0.0,0,0.0,0,2307.2,20,0.0,0,0.0,0,0.0,0,0.0,0
2012-11-05T09:17:48.000,2307,7833,2307,8,0.0,0,0.0,0,0.0,0,0.0,0,2307.2,19,0.0,0,0.0,0,0.0,0,0.0,0
2012-11-05T09:17:48.500,2307,7846,2306.8,13,0.0,0,0.0,0,0.0,0,0.0,0,2307,3,0.0,0,0.0,0,0.0,0,0.0,0
2012-11-05T09:17:49.000,2306.8,7851,2306.8,9,0.0,0,0.0,0,0.0,0,0.0,0,2307,2,0.0,0,0.0,0,0.0,0,0.0,0
2012-11-05T09:17:49.500,2306.8,7854,2306.8,6,0.0,0,0.0,0,0.0,0,0.0,0,2307,3,0.0,0,0.0,0,0.0,0,0.0,0
2012-11-05T09:17:50.000,2306.8,7858,2306.8,4,0.0,0,0.0,0,0.0,0,0.0,0,2307,4,0.0,0,0.0,0,0.0,0,0.0,0
2012-11-05T09:17:50.500,2306.8,7862,2306.8,1,0.0,0,0.0,0,0.0,0,0.0,0,2307,7,0.0,0,0.0,0,0.0,0,0.0,0
2012-11-05T09:17:51.000,2307,7868,2306.6,2,0.0,0,0.0,0,0.0,0,0.0,0,2306.8,10,0.0,0,0.0,0,0.0,0,0.0,0
2012-11-05T09:17:51.500,2306.6,7872,2306.6,1,0.0,0,0.0,0,0.0,0,0.0,0,2306.8,9,0.0,0,0.0,0,0.0,0,0.0,0
2012-11-05T09:17:52.000,2306.8,7895,2306.4,31,0.0,0,0.0,0,0.0,0,0.0,0,2306.6,1,0.0,0,0.0,0,0.0,0,0.0,0
2012-11-05T09:17:52.500,2306.6,7898,2306.4,31,0.0,0,0.0,0,0.0,0,0.0,0,2306.6,1,0.0,0,0.0,0,0.0,0,0.0,0
2012-11-05T09:17:53.000,2306.6,7901,2306.6,18,0.0,0,0.0,0,0.0,0,0.0,0,2306.8,6,0.0,0,0.0,0,0.0,0,0.0,0
2012-11-05T09:17:53.500,2306.6,7907,2306.6,12,0.0,0,0.0,0,0.0,0,0.0,0,2306.8,6,0.0,0,0.0,0,0.0,0,0.0,0
2012-11-05T09:17:54.000,2306.8,7917,2306.6,46,0.0,0,0.0,0,0.0,0,0.0,0,2306.8,2,0.0,0,0.0,0,0.0,0,0.0,0
2012-11-05T09:17:54.500,2306.6,7920,2306.6,43,0.0,0,0.0,0,0.0,0,0.0,0,2306.8,2,0.0,0,0.0,0,0.0,0,0.0,0
2012-11-05T09:17:55.000,2306.6,7926,2306.6,42,0.0,0,0.0,0,0.0,0,0.0,0,2307,6,0.0,0,0.0,0,0.0,0,0.0,0
2012-11-05T09:17:55.500,2306.6,7929,2306.8,4,0.0,0,0.0,0,0.0,0,0.0,0,2307,8,0.0,0,0.0,0,0.0,0,0.0,0
2012-11-05T09:17:56.000,2306.6,7931,2306.8,23,0.0,0,0.0,0,0.0,0,0.0,0,2307,11,0.0,0,0.0,0,0.0,0,0.0,0
2012-11-05T09:17:56.500,2306.8,7940,2306.8,16,0.0,0,0.0,0,0.0,0,0.0,0,2307,12,0.0,0,0.0,0,0.0,0,0.0,0
2012-11-05T09:17:57.000,2306.8,7942,2306.8,15,0.0,0,0.0,0,0.0,0,0.0,0,2307,12,0.0,0,0.0,0,0.0,0,0.0,0
2012-11-05T09:17:57.500,2306.8,7949,2306.8,8,0.0,0,0.0,0,0.0,0,0.0,0,2307,13,0.0,0,0.0,0,0.0,0,0.0,0
2012-11-05T09:17:58.000,2306.8,7954,2306.8,6,0.0,0,0.0,0,0.0,0,0.0,0,2307,12,0.0,0,0.0,0,0.0,0,0.0,0
2012-11-05T09:17:58.500,2306.8,7960,2306.6,49,0.0,0,0.0,0,0.0,0,0.0,0,2306.8,1,0.0,0,0.0,0,0.0,0,0.0,0
2012-11-05T09:17:59.000,2306.6,7963,2306.6,47,0.0,0,0.0,0,0.0,0,0.0,0,2306.8,1,0.0,0,0.0,0,0.0,0,0.0,0
2012-11-05T09:17:59.500,2306.6,7965,2306.6,46,0.0,0,0.0,0,0.0,0,0.0,0,2307,23,0.0,0,0.0,0,0.0,0,0.0,0
2012-11-05T09:18:00.000,2307,7967,2306.6,47,0.0,0,0.0,0,0.0,0,0.0,0,2306.8,1,0.0,0,0.0,0,0.0,0,0.0,0
2012-11-05T09:18:00.500,2307,7972,2306.6,45,0.0,0,0.0,0,0.0,0,0.0,0,2307,21,0.0,0,0.0,0,0.0,0,0.0,0
2012-11-05T09:18:01.000,2307,7974,2306.6,45,0.0,0,0.0,0,0.0,0,0.0,0,2307,21,0.0,0,0.0,0,0.0,0,0.0,0
2012-11-05T09:18:01.500,2306.6,7979,2306.6,44,0.0,0,0.0,0,0.0,0,0.0,0,2307,18,0.0,0,0.0,0,0.0,0,0.0,0
2012-11-05T09:18:02.000,2306.6,7993,2306.6,35,0.0,0,0.0,0,0.0,0,0.0,0,2307,18,0.0,0,0.0,0,0.0,0,0.0,0
2012-11-05T09:18:02.500,2306.6,7994,2306.8,1,0.0,0,0.0,0,0.0,0,0.0,0,2307,18,0.0,0,0.0,0,0.0,0,0.0,0
2012-11-05T09:18:03.250,2307,8029,2306.6,15,0.0,0,0.0,0,0.0,0,0.0,0,2307,5,0.0,0,0.0,0,0.0,0,0.0,0
2012-11-05T09:18:04.000,2306.6,8032,2306.8,1,0.0,0,0.0,0,0.0,0,0.0,0,2307,26,0.0,0,0.0,0,0.0,0,0.0,0
2012-11-05T09:18:04.500,2306.8,8034,2306.6,17,0.0,0,0.0,0,0.0,0,0.0,0,2306.8,6,0.0,0,0.0,0,0.0,0,0.0,0
2012-11-05T09:18:05.250,2307,8065,2306.6,18,0.0,0,0.0,0,0.0,0,0.0,0,2307,2,0.0,0,0.0,0,0.0,0,0.0,0
2012-11-05T09:18:06.000,2306.6,8089,2306.4,39,0.0,0,0.0,0,0.0,0,0.0,0,2306.6,11,0.0,0,0.0,0,0.0,0,0.0,0
2012-11-05T09:18:06.500,2306.6,8099,2306.4,39,0.0,0,0.0,0,0.0,0,0.0,0,2306.6,2,0.0,0,0.0,0,0.0,0,0.0,0
2012-11-05T09:18:07.000,2306.8,8102,2306.4,39,0.0,0,0.0,0,0.0,0,0.0,0,2306.6,5,0.0,0,0.0,0,0.0,0,0.0,0
2012-11-05T09:18:07.500,2306.6,8109,2306.4,39,0.0,0,0.0,0,0.0,0,0.0,0,2306.6,3,0.0,0,0.0,0,0.0,0,0.0,0
2012-11-05T09:18:08.000,2306.6,8118,2306.6,5,0.0,0,0.0,0,0.0,0,0.0,0,2306.8,4,0.0,0,0.0,0,0.0,0,0.0,0
2012-11-05T09:18:08.500,2306.6,8123,2306.4,38,0.0,0,0.0,0,0.0,0,0.0,0,2306.6,3,0.0,0,0.0,0,0.0,0,0.0,0
2012-11-05T09:18:09.000,2306.8,8130,2306.4,38,0.0,0,0.0,0,0.0,0,0.0,0,2306.8,8,0.0,0,0.0,0,0.0,0,0.0,0
2012-11-05T09:18:09.500,2307,8133,2306.4,37,0.0,0,0.0,0,0.0,0,0.0,0,2307,15,0.0,0,0.0,0,0.0,0,0.0,0
2012-11-05T09:18:10.000,2306.4,8169,2306.6,3,0.0,0,0.0,0,0.0,0,0.0,0,2307,18,0.0,0,0.0,0,0.0,0,0.0,0
2012-11-05T09:18:10.500,2306.4,8175,2306.4,11,0.0,0,0.0,0,0.0,0,0.0,0,2306.6,1,0.0,0,0.0,0,0.0,0,0.0,0
2012-11-05T09:18:11.250,2306.8,8181,2306.4,10,0.0,0,0.0,0,0.0,0,0.0,0,2306.8,9,0.0,0,0.0,0,0.0,0,0.0,0
2012-11-05T09:18:12.000,2306.6,8184,2306.4,11,0.0,0,0.0,0,0.0,0,0.0,0,2306.6,21,0.0,0,0.0,0,0.0,0,0.0,0
2012-11-05T09:18:12.500,2306.4,8192,2306.4,4,0.0,0,0.0,0,0.0,0,0.0,0,2306.6,21,0.0,0,0.0,0,0.0,0,0.0,0
2012-11-05T09:18:13.000,2306.6,8194,2306.4,3,0.0,0,0.0,0,0.0,0,0.0,0,2306.6,19,0.0,0,0.0,0,0.0,0,0.0,0
2012-11-05T09:18:13.500,2306.6,8213,2306.6,1,0.0,0,0.0,0,0.0,0,0.0,0,2306.8,29,0.0,0,0.0,0,0.0,0,0.0,0
2012-11-05T09:18:14.000,2306.6,8214,2306.4,3,0.0,0,0.0,0,0.0,0,0.0,0,2306.8,30,0.0,0,0.0,0,0.0,0,0.0,0
2012-11-05T09:18:14.500,2306.6,8217,2306.4,6,0.0,0,0.0,0,0.0,0,0.0,0,2306.8,24,0.0,0,0.0,0,0.0,0,0.0,0
2012-11-05T09:18:15.000,2306.6,8218,2306.4,8,0.0,0,0.0,0,0.0,0,0.0,0,2306.8,24,0.0,0,0.0,0,0.0,0,0.0,0
2012-11-05T09:18:15.500,2306.4,8221,2306.4,9,0.0,0,0.0,0,0.0,0,0.0,0,2306.8,29,0.0,0,0.0,0,0.0,0,0.0,0
2012-11-05T09:18:16.000,2306.8,8242,2306.2,44,0.0,0,0.0,0,0.0,0,0.0,0,2306.8,18,0.0,0,0.0,0,0.0,0,0.0,0
2012-11-05T09:18:16.500,2306.4,8248,2306.4,4,0.0,0,0.0,0,0.0,0,0.0,0,2306.6,20,0.0,0,0.0,0,0.0,0,0.0,0
2012-11-05T09:18:17.000,2306.4,8295,2306.2,41,0.0,0,0.0,0,0.0,0,0.0,0,2306.4,16,0.0,0,0.0,0,0.0,0,0.0,0
2012-11-05T09:18:17.500,2306.2,8298,2306.2,38,0.0,0,0.0,0,0.0,0,0.0,0,2306.4,18,0.0,0,0.0,0,0.0,0,0.0,0
2012-11-05T09:18:18.250,2306.2,8302,2306.2,77,0.0,0,0.0,0,0.0,0,0.0,0,2306.4,15,0.0,0,0.0,0,0.0,0,0.0,0
2012-11-05T09:18:19.000,2306.4,8317,2306.4,4,0.0,0,0.0,0,0.0,0,0.0,0,2306.8,19,0.0,0,0.0,0,0.0,0,0.0,0
2012-11-05T09:18:19.500,2306.2,8328,2306.2,74,0.0,0,0.0,0,0.0,0,0.0,0,2306.8,18,0.0,0,0.0,0,0.0,0,0.0,0
2012-11-05T09:18:20.000,2306.4,8330,2306.4,5,0.0,0,0.0,0,0.0,0,0.0,0,2306.6,1,0.0,0,0.0,0,0.0,0,0.0,0
2012-11-05T09:18:20.500,2306.6,8331,2306.4,14,0.0,0,0.0,0,0.0,0,0.0,0,2306.8,20,0.0,0,0.0,0,0.0,0,0.0,0
2012-11-05T09:18:21.000,2306.4,8332,2306.4,32,0.0,0,0.0,0,0.0,0,0.0,0,2306.8,20,0.0,0,0.0,0,0.0,0,0.0,0
2012-11-05T09:18:21.500,2306.6,8333,2306.6,1,0.0,0,0.0,0,0.0,0,0.0,0,2306.8,20,0.0,0,0.0,0,0.0,0,0.0,0
2012-11-05T09:18:22.250,2306.8,8348,2306.4,39,0.0,0,0.0,0,0.0,0,0.0,0,2306.8,6,0.0,0,0.0,0,0.0,0,0.0,0
2012-11-05T09:18:23.000,2306.4,8357,2306.8,1,0.0,0,0.0,0,0.0,0,0.0,0,2307,16,0.0,0,0.0,0,0.0,0,0.0,0
2012-11-05T09:18:23.500,2307,8363,2306.6,22,0.0,0,0.0,0,0.0,0,0.0,0,2307,13,0.0,0,0.0,0,0.0,0,0.0,0
2012-11-05T09:18:24.250,2306.6,8367,2306.6,67,0.0,0,0.0,0,0.0,0,0.0,0,2307,12,0.0,0,0.0,0,0.0,0,0.0,0
2012-11-05T09:18:25.000,2306.8,8370,2306.8,7,0.0,0,0.0,0,0.0,0,0.0,0,2307,10,0.0,0,0.0,0,0.0,0,0.0,0
2012-11-05T09:18:25.500,2307,8373,2306.8,7,0.0,0,0.0,0,0.0,0,0.0,0,2307,8,0.0,0,0.0,0,0.0,0,0.0,0
2012-11-05T09:18:26.000,2307,8377,2306.8,7,0.0,0,0.0,0,0.0,0,0.0,0,2307,7,0.0,0,0.0,0,0.0,0,0.0,0
2012-11-05T09:18:26.500,2306.8,8380,2306.8,17,0.0,0,0.0,0,0.0,0,0.0,0,2307,7,0.0,0,0.0,0,0.0,0,0.0,0
2012-11-05T09:18:27.250,2306.8,8382,2306.8,16,0.0,0,0.0,0,0.0,0,0.0,0,2307,7,0.0,0,0.0,0,0.0,0,0.0,0
2012-11-05T09:18:28.000,2306.8,8388,2306.8,1,0.0,0,0.0,0,0.0,0,0.0,0,2307,10,0.0,0,0.0,0,0.0,0,0.0,0
2012-11-05T09:18:28.500,2306.8,8391,2306.8,2,0.0,0,0.0,0,0.0,0,0.0,0,2307,9,0.0,0,0.0,0,0.0,0,0.0,0
2012-11-05T09:18:29.000,2307,8405,2307,23,0.0,0,0.0,0,0.0,0,0.0,0,2307.2,15,0.0,0,0.0,0,0.0,0,0.0,0
2012-11-05T09:18:29.500,2307,8420,2307,11,0.0,0,0.0,0,0.0,0,0.0,0,2307.2,24,0.0,0,0.0,0,0.0,0,0.0,0
2012-11-05T09:18:30.000,2307,8431,2306.8,2,0.0,0,0.0,0,0.0,0,0.0,0,2307.2,24,0.0,0,0.0,0,0.0,0,0.0,0
2012-11-05T09:18:30.500,2307,8433,2306.8,3,0.0,0,0.0,0,0.0,0,0.0,0,2307,8,0.0,0,0.0,0,0.0,0,0.0,0
2012-11-05T09:18:31.000,2306.8,8435,2306.8,2,0.0,0,0.0,0,0.0,0,0.0,0,2307,7,0.0,0,0.0,0,0.0,0,0.0,0
2012-11-05T09:18:31.500,2307,8441,2306.8,1,0.0,0,0.0,0,0.0,0,0.0,0,2307,3,0.0,0,0.0,0,0.0,0,0.0,0
2012-11-05T09:18:32.250,2307,8444,2307,1,0.0,0,0.0,0,0.0,0,0.0,0,2307.2,28,0.0,0,0.0,0,0.0,0,0.0,0
2012-11-05T09:18:33.000,2307,8448,2306.8,3,0.0,0,0.0,0,0.0,0,0.0,0,2307.2,26,0.0,0,0.0,0,0.0,0,0.0,0
2012-11-05T09:18:33.500,2306.8,8449,2306.8,2,0.0,0,0.0,0,0.0,0,0.0,0,2307,3,0.0,0,0.0,0,0.0,0,0.0,0
2012-11-05T09:18:34.250,2306.8,8452,2306.8,10,0.0,0,0.0,0,0.0,0,0.0,0,2307,3,0.0,0,0.0,0,0.0,0,0.0,0
2012-11-05T09:18:35.250,2306.8,8458,2306.8,6,0.0,0,0.0,0,0.0,0,0.0,0,2307,31,0.0,0,0.0,0,0.0,0,0.0,0
2012-11-05T09:18:36.000,2306.8,8462,2306.8,4,0.0,0,0.0,0,0.0,0,0.0,0,2307,29,0.0,0,0.0,0,0.0,0,0.0,0
2012-11-05T09:18:36.500,2307,8464,2306.8,4,0.0,0,0.0,0,0.0,0,0.0,0,2307,28,0.0,0,0.0,0,0.0,0,0.0,0
2012-11-05T09:18:37.250,2307,8466,2306.8,3,0.0,0,0.0,0,0.0,0,0.0,0,2307,31,0.0,0,0.0,0,0.0,0,0.0,0
2012-11-05T09:18:38.000,2307,8476,2306.6,14,0.0,0,0.0,0,0.0,0,0.0,0,2307,27,0.0,0,0.0,0,0.0,0,0.0,0
2012-11-05T09:18:38.500,2307,8477,2306.6,15,0.0,0,0.0,0,0.0,0,0.0,0,2306.8,8,0.0,0,0.0,0,0.0,0,0.0,0
2012-11-05T09:18:39.000,2306.6,8478,2306.6,16,0.0,0,0.0,0,0.0,0,0.0,0,2306.8,9,0.0,0,0.0,0,0.0,0,0.0,0
2012-11-05T09:18:39.500,2306.8,8486,2306.6,21,0.0,0,0.0,0,0.0,0,0.0,0,2306.8,1,0.0,0,0.0,0,0.0,0,0.0,0
2012-11-05T09:18:40.000,2307,8488,2306.6,21,0.0,0,0.0,0,0.0,0,0.0,0,2307,27,0.0,0,0.0,0,0.0,0,0.0,0
2012-11-05T09:18:40.500,2307,8501,2306.6,10,0.0,0,0.0,0,0.0,0,0.0,0,2307,27,0.0,0,0.0,0,0.0,0,0.0,0
2012-11-05T09:18:41.250,2307,8502,2306.8,1,0.0,0,0.0,0,0.0,0,0.0,0,2307,26,0.0,0,0.0,0,0.0,0,0.0,0
2012-11-05T09:18:42.250,2307,8506,2306.8,4,0.0,0,0.0,0,0.0,0,0.0,0,2307,22,0.0,0,0.0,0,0.0,0,0.0,0
2012-11-05T09:18:43.250,2307,8508,2306.8,7,0.0,0,0.0,0,0.0,0,0.0,0,2307,21,0.0,0,0.0,0,0.0,0,0.0,0
2012-11-05T09:18:44.000,2306.8,8510,2306.8,5,0.0,0,0.0,0,0.0,0,0.0,0,2307,21,0.0,0,0.0,0,0.0,0,0.0,0
2012-11-05T09:18:44.500,2306.8,8511,2306.8,4,0.0,0,0.0,0,0.0,0,0.0,0,2307,26,0.0,0,0.0,0,0.0,0,0.0,0
2012-11-05T09:18:45.250,2306.8,8512,2306.8,5,0.0,0,0.0,0,0.0,0,0.0,0,2307,27,0.0,0,0.0,0,0.0,0,0.0,0
2012-11-05T09:18:46.000,2306.8,8516,2306.8,3,0.0,0,0.0,0,0.0,0,0.0,0,2307,25,0.0,0,0.0,0,0.0,0,0.0,0
2012-11-05T09:18:46.500,2307,8517,2306.8,3,0.0,0,0.0,0,0.0,0,0.0,0,2307,24,0.0,0,0.0,0,0.0,0,0.0,0
2012-11-05T09:18:47.000,2306.8,8521,2306.8,1,0.0,0,0.0,0,0.0,0,0.0,0,2307,22,0.0,0,0.0,0,0.0,0,0.0,0
2012-11-05T09:18:47.500,2307,8524,2306.8,1,0.0,0,0.0,0,0.0,0,0.0,0,2307,21,0.0,0,0.0,0,0.0,0,0.0,0
2012-11-05T09:18:48.000,2306.8,8525,2306.6,41,0.0,0,0.0,0,0.0,0,0.0,0,2307,21,0.0,0,0.0,0,0.0,0,0.0,0
2012-11-05T09:18:48.500,2307,8526,2306.6,40,0.0,0,0.0,0,0.0,0,0.0,0,2307,20,0.0,0,0.0,0,0.0,0,0.0,0
2012-11-05T09:18:49.250,2307,8527,2306.8,1,0.0,0,0.0,0,0.0,0,0.0,0,2307,29,0.0,0,0.0,0,0.0,0,0.0,0
2012-11-05T09:18:50.250,2307,8528,2306.8,3,0.0,0,0.0,0,0.0,0,0.0,0,2307,28,0.0,0,0.0,0,0.0,0,0.0,0
2012-11-05T09:18:51.000,2307,8531,2306.8,7,0.0,0,0.0,0,0.0,0,0.0,0,2307,25,0.0,0,0.0,0,0.0,0,0.0,0
2012-11-05T09:18:51.500,2307,8532,2306.8,7,0.0,0,0.0,0,0.0,0,0.0,0,2307,24,0.0,0,0.0,0,0.0,0,0.0,0
2012-11-05T09:18:52.000,2306.8,8533,2306.8,8,0.0,0,0.0,0,0.0,0,0.0,0,2307,14,0.0,0,0.0,0,0.0,0,0.0,0
2012-11-05T09:18:52.500,2307,8539,2306.8,8,0.0,0,0.0,0,0.0,0,0.0,0,2307,8,0.0,0,0.0,0,0.0,0,0.0,0
2012-11-05T09:18:53.250,2307,8546,2306.8,10,0.0,0,0.0,0,0.0,0,0.0,0,2307,3,0.0,0,0.0,0,0.0,0,0.0,0
2012-11-05T09:18:54.000,2306.8,8550,2306.8,27,0.0,0,0.0,0,0.0,0,0.0,0,2307,1,0.0,0,0.0,0,0.0,0,0.0,0
2012-11-05T09:18:54.500,2307,8554,2307,1,0.0,0,0.0,0,0.0,0,0.0,0,2307.2,26,0.0,0,0.0,0,0.0,0,0.0,0
2012-11-05T09:18:55.250,2307,8556,2307,5,0.0,0,0.0,0,0.0,0,0.0,0,2307.2,26,0.0,0,0.0,0,0.0,0,0.0,0
2012-11-05T09:18:56.000,2307,8557,2307,5,0.0,0,0.0,0,0.0,0,0.0,0,2307.2,26,0.0,0,0.0,0,0.0,0,0.0,0
2012-11-05T09:18:56.500,2307.2,8562,2307,3,0.0,0,0.0,0,0.0,0,0.0,0,2307.2,24,0.0,0,0.0,0,0.0,0,0.0,0
2012-11-05T09:18:57.250,2307,8563,2307,6,0.0,0,0.0,0,0.0,0,0.0,0,2307.2,24,0.0,0,0.0,0,0.0,0,0.0,0
2012-11-05T09:18:58.000,2307,8568,2307,7,0.0,0,0.0,0,0.0,0,0.0,0,2307.2,20,0.0,0,0.0,0,0.0,0,0.0,0
2012-11-05T09:18:58.500,2307,8573,2307,5,0.0,0,0.0,0,0.0,0,0.0,0,2307.2,18,0.0,0,0.0,0,0.0,0,0.0,0
2012-11-05T09:18:59.000,2307.2,8575,2307,4,0.0,0,0.0,0,0.0,0,0.0,0,2307.2,17,0.0,0,0.0,0,0.0,0,0.0,0
2012-11-05T09:18:59.500,2307.2,8577,2307,7,0.0,0,0.0,0,0.0,0,0.0,0,2307.2,15,0.0,0,0.0,0,0.0,0,0.0,0
2012-11-05T09:19:00.000,2307.2,8595,2307.2,1,0.0,0,0.0,0,0.0,0,0.0,0,2307.4,53,0.0,0,0.0,0,0.0,0,0.0,0
2012-11-05T09:19:00.500,2307.2,8596,2307,5,0.0,0,0.0,0,0.0,0,0.0,0,2307.4,53,0.0,0,0.0,0,0.0,0,0.0,0
2012-11-05T09:19:01.000,2307.4,8602,2307.2,1,0.0,0,0.0,0,0.0,0,0.0,0,2307.4,47,0.0,0,0.0,0,0.0,0,0.0,0
2012-11-05T09:19:01.500,2307,8615,2307,12,0.0,0,0.0,0,0.0,0,0.0,0,2307.4,39,0.0,0,0.0,0,0.0,0,0.0,0
2012-11-05T09:19:02.000,2307.4,8616,2307,12,0.0,0,0.0,0,0.0,0,0.0,0,2307.2,4,0.0,0,0.0,0,0.0,0,0.0,0
2012-11-05T09:19:02.500,2307.2,8620,2307.2,3,0.0,0,0.0,0,0.0,0,0.0,0,2307.4,38,0.0,0,0.0,0,0.0,0,0.0,0
2012-11-05T09:19:03.000,2307.4,8622,2307.2,5,0.0,0,0.0,0,0.0,0,0.0,0,2307.4,36,0.0,0,0.0,0,0.0,0,0.0,0
2012-11-05T09:19:03.500,2307.2,8624,2307.2,7,0.0,0,0.0,0,0.0,0,0.0,0,2307.4,36,0.0,0,0.0,0,0.0,0,0.0,0
2012-11-05T09:19:04.250,2307.4,8625,2307.2,8,0.0,0,0.0,0,0.0,0,0.0,0,2307.4,36,0.0,0,0.0,0,0.0,0,0.0,0
2012-11-05T09:19:05.250,2307.4,8661,2307.4,68,0.0,0,0.0,0,0.0,0,0.0,0,2307.6,27,0.0,0,0.0,0,0.0,0,0.0,0
2012-11-05T09:19:06.000,2307.8,8700,2307.6,22,0.0,0,0.0,0,0.0,0,0.0,0,2307.8,14,0.0,0,0.0,0,0.0,0,0.0,0
2012-11-05T09:19:06.500,2307.8,8715,2307.6,19,0.0,0,0.0,0,0.0,0,0.0,0,2308,35,0.0,0,0.0,0,0.0,0,0.0,0
2012-11-05T09:19:07.000,2308,8722,2307.8,4,0.0,0,0.0,0,0.0,0,0.0,0,2308,28,0.0,0,0.0,0,0.0,0,0.0,0
2012-11-05T09:19:07.500,2307.8,8731,2307.6,19,0.0,0,0.0,0,0.0,0,0.0,0,2307.8,31,0.0,0,0.0,0,0.0,0,0.0,0
2012-11-05T09:19:08.000,2307.8,8742,2307.6,19,0.0,0,0.0,0,0.0,0,0.0,0,2307.8,21,0.0,0,0.0,0,0.0,0,0.0,0
2012-11-05T09:19:08.500,2307.8,8752,2307.6,1,0.0,0,0.0,0,0.0,0,0.0,0,2307.8,13,0.0,0,0.0,0,0.0,0,0.0,0
2012-11-05T09:19:09.250,2307.4,8771,2307.4,62,0.0,0,0.0,0,0.0,0,0.0,0,2307.8,13,0.0,0,0.0,0,0.0,0,0.0,0
2012-11-05T09:19:10.000,2307.4,8775,2307.4,61,0.0,0,0.0,0,0.0,0,0.0,0,2307.6,10,0.0,0,0.0,0,0.0,0,0.0,0
2012-11-05T09:19:10.500,2307.6,8781,2307.4,61,0.0,0,0.0,0,0.0,0,0.0,0,2307.6,4,0.0,0,0.0,0,0.0,0,0.0,0
2012-11-05T09:19:11.000,2307.6,8785,2307.4,59,0.0,0,0.0,0,0.0,0,0.0,0,2307.6,5,0.0,0,0.0,0,0.0,0,0.0,0
2012-11-05T09:19:11.500,2307.4,8798,2307.4,53,0.0,0,0.0,0,0.0,0,0.0,0,2307.6,1,0.0,0,0.0,0,0.0,0,0.0,0
2012-11-05T09:19:12.000,2307.8,8807,2307.6,18,0.0,0,0.0,0,0.0,0,0.0,0,2307.8,10,0.0,0,0.0,0,0.0,0,0.0,0
2012-11-05T09:19:12.500,2307.6,8813,2307.6,15,0.0,0,0.0,0,0.0,0,0.0,0,2307.8,9,0.0,0,0.0,0,0.0,0,0.0,0
2012-11-05T09:19:13.000,2307.6,8831,2307.6,5,0.0,0,0.0,0,0.0,0,0.0,0,2307.8,14,0.0,0,0.0,0,0.0,0,0.0,0
2012-11-05T09:19:13.500,2307.6,8833,2307.6,11,0.0,0,0.0,0,0.0,0,0.0,0,2307.8,15,0.0,0,0.0,0,0.0,0,0.0,0
2012-11-05T09:19:14.000,2307.6,8837,2307.6,8,0.0,0,0.0,0,0.0,0,0.0,0,2307.8,15,0.0,0,0.0,0,0.0,0,0.0,0
2012-11-05T09:19:14.500,2307.6,8838,2307.6,27,0.0,0,0.0,0,0.0,0,0.0,0,2307.8,16,0.0,0,0.0,0,0.0,0,0.0,0
2012-11-05T09:19:15.000,2307.6,8840,2307.6,31,0.0,0,0.0,0,0.0,0,0.0,0,2307.8,16,0.0,0,0.0,0,0.0,0,0.0,0
2012-11-05T09:19:15.500,2307.8,8852,2307.6,28,0.0,0,0.0,0,0.0,0,0.0,0,2307.8,8,0.0,0,0.0,0,0.0,0,0.0,0
2012-11-05T09:19:16.000,2307.6,8855,2307.6,28,0.0,0,0.0,0,0.0,0,0.0,0,2307.8,26,0.0,0,0.0,0,0.0,0,0.0,0
2012-11-05T09:19:16.500,2307.6,8858,2307.6,25,0.0,0,0.0,0,0.0,0,0.0,0,2307.8,26,0.0,0,0.0,0,0.0,0,0.0,0
2012-11-05T09:19:17.000,2307.8,8881,2307.6,6,0.0,0,0.0,0,0.0,0,0.0,0,2307.8,24,0.0,0,0.0,0,0.0,0,0.0,0
2012-11-05T09:19:17.500,2307.8,8886,2307.6,3,0.0,0,0.0,0,0.0,0,0.0,0,2307.8,24,0.0,0,0.0,0,0.0,0,0.0,0
2012-11-05T09:19:18.000,2307.6,8889,2307.6,1,0.0,0,0.0,0,0.0,0,0.0,0,2307.8,24,0.0,0,0.0,0,0.0,0,0.0,0
2012-11-05T09:19:18.500,2307.6,8892,2307.6,3,0.0,0,0.0,0,0.0,0,0.0,0,2307.8,29,0.0,0,0.0,0,0.0,0,0.0,0
2012-11-05T09:19:19.000,2307.6,8899,2307.4,54,0.0,0,0.0,0,0.0,0,0.0,0,2307.6,14,0.0,0,0.0,0,0.0,0,0.0,0
2012-11-05T09:19:19.500,2307.6,8900,2307.4,54,0.0,0,0.0,0,0.0,0,0.0,0,2307.6,13,0.0,0,0.0,0,0.0,0,0.0,0
2012-11-05T09:19:20.000,2307.6,8947,2307.4,17,0.0,0,0.0,0,0.0,0,0.0,0,2307.6,3,0.0,0,0.0,0,0.0,0,0.0,0
2012-11-05T09:19:20.500,2307.4,8949,2307.4,16,0.0,0,0.0,0,0.0,0,0.0,0,2307.6,6,0.0,0,0.0,0,0.0,0,0.0,0
2012-11-05T09:19:21.000,2307.6,8961,2307.4,21,0.0,0,0.0,0,0.0,0,0.0,0,2307.6,27,0.0,0,0.0,0,0.0,0,0.0,0
2012-11-05T09:19:21.500,2307.4,8967,2307.4,20,0.0,0,0.0,0,0.0,0,0.0,0,2307.6,28,0.0,0,0.0,0,0.0,0,0.0,0
2012-11-05T09:19:22.250,2307.6,8972,2307.4,16,0.0,0,0.0,0,0.0,0,0.0,0,2307.6,23,0.0,0,0.0,0,0.0,0,0.0,0
2012-11-05T09:19:23.000,2307.6,8973,2307.4,15,0.0,0,0.0,0,0.0,0,0.0,0,2307.6,27,0.0,0,0.0,0,0.0,0,0.0,0
2012-11-05T09:19:23.500,2307.4,8984,2307.4,7,0.0,0,0.0,0,0.0,0,0.0,0,2307.6,29,0.0,0,0.0,0,0.0,0,0.0,0
2012-11-05T09:19:24.000,2307.6,8988,2307.4,6,0.0,0,0.0,0,0.0,0,0.0,0,2307.6,27,0.0,0,0.0,0,0.0,0,0.0,0
2012-11-05T09:19:24.500,2307.6,9011,2307.4,8,0.0,0,0.0,0,0.0,0,0.0,0,2307.6,5,0.0,0,0.0,0,0.0,0,0.0,0
2012-11-05T09:19:26.000,2307.6,9013,2307.4,7,0.0,0,0.0,0,0.0,0,0.0,0,2307.6,5,0.0,0,0.0,0,0.0,0,0.0,0
2012-11-05T09:19:26.500,2307.4,9017,2307.4,9,0.0,0,0.0,0,0.0,0,0.0,0,2307.6,2,0.0,0,0.0,0,0.0,0,0.0,0
2012-11-05T09:19:27.000,2307.6,9021,2307.6,1,0.0,0,0.0,0,0.0,0,0.0,0,2307.8,24,0.0,0,0.0,0,0.0,0,0.0,0
2012-11-05T09:19:27.500,2307.6,9024,2307.4,10,0.0,0,0.0,0,0.0,0,0.0,0,2307.8,27,0.0,0,0.0,0,0.0,0,0.0,0
2012-11-05T09:19:28.000,2307.6,9025,2307.6,1,0.0,0,0.0,0,0.0,0,0.0,0,2307.8,32,0.0,0,0.0,0,0.0,0,0.0,0
2012-11-05T09:19:28.500,2307.6,9028,2307.6,21,0.0,0,0.0,0,0.0,0,0.0,0,2307.8,34,0.0,0,0.0,0,0.0,0,0.0,0
2012-11-05T09:19:29.000,2307.8,9031,2307.6,21,0.0,0,0.0,0,0.0,0,0.0,0,2307.8,31,0.0,0,0.0,0,0.0,0,0.0,0
2012-11-05T09:19:29.500,2307.6,9051,2307.6,19,0.0,0,0.0,0,0.0,0,0.0,0,2307.8,13,0.0,0,0.0,0,0.0,0,0.0,0
2012-11-05T09:19:30.000,2307.8,9065,2307.6,17,0.0,0,0.0,0,0.0,0,0.0,0,2307.8,3,0.0,0,0.0,0,0.0,0,0.0,0
2012-11-05T09:19:30.500,2307.8,9069,2307.8,2,0.0,0,0.0,0,0.0,0,0.0,0,2308,89,0.0,0,0.0,0,0.0,0,0.0,0
2012-11-05T09:19:31.000,2307.4,9100,2307.8,1,0.0,0,0.0,0,0.0,0,0.0,0,2308,90,0.0,0,0.0,0,0.0,0,0.0,0
2012-11-05T09:19:31.500,2307.8,9109,2307.6,8,0.0,0,0.0,0,0.0,0,0.0,0,2307.8,12,0.0,0,0.0,0,0.0,0,0.0,0
2012-11-05T09:19:32.250,2307.8,9110,2307.6,9,0.0,0,0.0,0,0.0,0,0.0,0,2307.8,12,0.0,0,0.0,0,0.0,0,0.0,0
2012-11-05T09:19:33.250,2307.6,9120,2307.4,4,0.0,0,0.0,0,0.0,0,0.0,0,2307.6,5,0.0,0,0.0,0,0.0,0,0.0,0
2012-11-05T09:19:34.250,2307.6,9125,2307.4,3,0.0,0,0.0,0,0.0,0,0.0,0,2307.6,2,0.0,0,0.0,0,0.0,0,0.0,0
2012-11-05T09:19:35.000,2307.6,9126,2307.4,3,0.0,0,0.0,0,0.0,0,0.0,0,2307.6,1,0.0,0,0.0,0,0.0,0,0.0,0
2012-11-05T09:19:35.500,2307.6,9128,2307.4,3,0.0,0,0.0,0,0.0,0,0.0,0,2307.8,37,0.0,0,0.0,0,0.0,0,0.0,0
2012-11-05T09:19:36.000,2307.8,9129,2307.4,3,0.0,0,0.0,0,0.0,0,0.0,0,2307.6,7,0.0,0,0.0,0,0.0,0,0.0,0
2012-11-05T09:19:36.500,2307.4,9135,2307.2,24,0.0,0,0.0,0,0.0,0,0.0,0,2307.4,14,0.0,0,0.0,0,0.0,0,0.0,0
2012-11-05T09:19:37.000,2307.2,9141,2307.2,22,0.0,0,0.0,0,0.0,0,0.0,0,2307.4,19,0.0,0,0.0,0,0.0,0,0.0,0
2012-11-05T09:19:37.500,2307.4,9159,2307.2,23,0.0,0,0.0,0,0.0,0,0.0,0,2307.4,6,0.0,0,0.0,0,0.0,0,0.0,0
2012-11-05T09:19:38.000,2307.2,9194,2307.2,18,0.0,0,0.0,0,0.0,0,0.0,0,2307.4,1,0.0,0,0.0,0,0.0,0,0.0,0
2012-11-05T09:19:38.500,2307.4,9196,2307.2,19,0.0,0,0.0,0,0.0,0,0.0,0,2307.4,3,0.0,0,0.0,0,0.0,0,0.0,0
2012-11-05T09:19:39.000,2307.6,9200,2307.4,8,0.0,0,0.0,0,0.0,0,0.0,0,2307.6,12,0.0,0,0.0,0,0.0,0,0.0,0
2012-11-05T09:19:39.500,2307.4,9205,2307.4,4,0.0,0,0.0,0,0.0,0,0.0,0,2307.6,12,0.0,0,0.0,0,0.0,0,0.0,0
2012-11-05T09:19:40.000,2307.4,9208,2307.4,6,0.0,0,0.0,0,0.0,0,0.0,0,2307.6,12,0.0,0,0.0,0,0.0,0,0.0,0
2012-11-05T09:19:40.500,2307.6,9215,2307.4,1,0.0,0,0.0,0,0.0,0,0.0,0,2307.6,15,0.0,0,0.0,0,0.0,0,0.0,0
2012-11-05T09:19:41.250,2307.4,9217,2307.2,22,0.0,0,0.0,0,0.0,0,0.0,0,2307.6,17,0.0,0,0.0,0,0.0,0,0.0,0
2012-11-05T09:19:42.000,2307.6,9237,2307.2,22,0.0,0,0.0,0,0.0,0,0.0,0,2307.4,1,0.0,0,0.0,0,0.0,0,0.0,0
2012-11-05T09:19:42.500,2307.6,9238,2307.2,29,0.0,0,0.0,0,0.0,0,0.0,0,2307.6,2,0.0,0,0.0,0,0.0,0,0.0,0
2012-11-05T09:19:43.250,2307.6,9240,2307.2,29,0.0,0,0.0,0,0.0,0,0.0,0,2307.6,1,0.0,0,0.0,0,0.0,0,0.0,0
2012-11-05T09:19:44.250,2307.8,9245,2307.4,9,0.0,0,0.0,0,0.0,0,0.0,0,2307.8,61,0.0,0,0.0,0,0.0,0,0.0,0
2012-11-05T09:19:45.000,2307.4,9246,2307.6,1,0.0,0,0.0,0,0.0,0,0.0,0,2307.8,62,0.0,0,0.0,0,0.0,0,0.0,0
2012-11-05T09:19:45.500,2307.4,9250,2307.4,7,0.0,0,0.0,0,0.0,0,0.0,0,2307.6,2,0.0,0,0.0,0,0.0,0,0.0,0
2012-11-05T09:19:46.250,2307.4,9254,2307.4,11,0.0,0,0.0,0,0.0,0,0.0,0,2307.6,2,0.0,0,0.0,0,0.0,0,0.0,0
2012-11-05T09:19:47.000,2307.6,9258,2307.4,14,0.0,0,0.0,0,0.0,0,0.0,0,2307.8,63,0.0,0,0.0,0,0.0,0,0.0,0
2012-11-05T09:19:47.500,2307.4,9260,2307.4,14,0.0,0,0.0,0,0.0,0,0.0,0,2307.6,10,0.0,0,0.0,0,0.0,0,0.0,0
2012-11-05T09:19:48.250,2307.8,9273,2307.6,2,0.0,0,0.0,0,0.0,0,0.0,0,2307.8,59,0.0,0,0.0,0,0.0,0,0.0,0
2012-11-05T09:19:49.000,2307.6,9274,2307.6,1,0.0,0,0.0,0,0.0,0,0.0,0,2307.8,60,0.0,0,0.0,0,0.0,0,0.0,0
2012-11-05T09:19:49.500,2307.4,9280,2307.4,15,0.0,0,0.0,0,0.0,0,0.0,0,2307.6,1,0.0,0,0.0,0,0.0,0,0.0,0
2012-11-05T09:19:50.000,2307.4,9281,2307.4,15,0.0,0,0.0,0,0.0,0,0.0,0,2307.6,2,0.0,0,0.0,0,0.0,0,0.0,0
2012-11-05T09:19:50.500,2307.6,9285,2307.4,15,0.0,0,0.0,0,0.0,0,0.0,0,2307.8,59,0.0,0,0.0,0,0.0,0,0.0,0
2012-11-05T09:19:51.000,2307.8,9300,2307.4,5,0.0,0,0.0,0,0.0,0,0.0,0,2307.8,59,0.0,0,0.0,0,0.0,0,0.0,0
2012-11-05T09:19:51.500,2307.8,9301,2307.4,5,0.0,0,0.0,0,0.0,0,0.0,0,2307.6,3,0.0,0,0.0,0,0.0,0,0.0,0
2012-11-05T09:19:52.000,2307.8,9312,2307.4,5,0.0,0,0.0,0,0.0,0,0.0,0,2307.8,50,0.0,0,0.0,0,0.0,0,0.0,0
2012-11-05T09:19:52.500,2307.4,9320,2307.2,31,0.0,0,0.0,0,0.0,0,0.0,0,2307.4,12,0.0,0,0.0,0,0.0,0,0.0,0
2012-11-05T09:19:53.000,2307.2,9331,2307.2,30,0.0,0,0.0,0,0.0,0,0.0,0,2307.4,2,0.0,0,0.0,0,0.0,0,0.0,0
2012-11-05T09:19:53.500,2307.4,9332,2307.2,30,0.0,0,0.0,0,0.0,0,0.0,0,2307.4,1,0.0,0,0.0,0,0.0,0,0.0,0
2012-11-05T09:19:54.000,2307.8,9335,2307.2,29,0.0,0,0.0,0,0.0,0,0.0,0,2307.4,1,0.0,0,0.0,0,0.0,0,0.0,0
2012-11-05T09:19:54.500,2307.4,9339,2307.2,29,0.0,0,0.0,0,0.0,0,0.0,0,2307.6,1,0.0,0,0.0,0,0.0,0,0.0,0
2012-11-05T09:19:55.000,2307.2,9340,2307.4,3,0.0,0,0.0,0,0.0,0,0.0,0,2307.6,1,0.0,0,0.0,0,0.0,0,0.0,0
2012-11-05T09:19:55.500,2307.2,9343,2307.2,29,0.0,0,0.0,0,0.0,0,0.0,0,2307.4,1,0.0,0,0.0,0,0.0,0,0.0,0
2012-11-05T09:19:56.000,2307.2,9346,2307.4,1,0.0,0,0.0,0,0.0,0,0.0,0,2307.6,6,0.0,0,0.0,0,0.0,0,0.0,0
2012-11-05T09:19:56.500,2307.4,9354,2307.2,28,0.0,0,0.0,0,0.0,0,0.0,0,2307.6,9,0.0,0,0.0,0,0.0,0,0.0,0
2012-11-05T09:19:57.000,2307.2,9355,2307.2,27,0.0,0,0.0,0,0.0,0,0.0,0,2307.4,3,0.0,0,0.0,0,0.0,0,0.0,0
2012-11-05T09:19:57.500,2307.4,9356,2307.2,28,0.0,0,0.0,0,0.0,0,0.0,0,2307.4,2,0.0,0,0.0,0,0.0,0,0.0,0
2012-11-05T09:19:58.250,2307.2,9361,2307.2,25,0.0,0,0.0,0,0.0,0,0.0,0,2307.6,16,0.0,0,0.0,0,0.0,0,0.0,0
2012-11-05T09:19:59.250,2307.4,9362,2307.4,11,0.0,0,0.0,0,0.0,0,0.0,0,2307.6,16,0.0,0,0.0,0,0.0,0,0.0,0
2012-11-05T09:20:00.000,2307.4,9363,2307.4,10,0.0,0,0.0,0,0.0,0,0.0,0,2307.6,14,0.0,0,0.0,0,0.0,0,0.0,0
2012-11-05T09:20:00.500,2307.4,9369,2307.4,8,0.0,0,0.0,0,0.0,0,0.0,0,2307.6,11,0.0,0,0.0,0,0.0,0,0.0,0
2012-11-05T09:20:01.000,2307.2,9387,2307.2,19,0.0,0,0.0,0,0.0,0,0.0,0,2307.6,11,0.0,0,0.0,0,0.0,0,0.0,0
2012-11-05T09:20:01.500,2307.4,9405,2307.2,13,0.0,0,0.0,0,0.0,0,0.0,0,2307.4,2,0.0,0,0.0,0,0.0,0,0.0,0
2012-11-05T09:20:02.000,2307,9436,2307,34,0.0,0,0.0,0,0.0,0,0.0,0,2307.2,2,0.0,0,0.0,0,0.0,0,0.0,0
2012-11-05T09:20:02.500,2307,9447,2307,25,0.0,0,0.0,0,0.0,0,0.0,0,2307.2,2,0.0,0,0.0,0,0.0,0,0.0,0
2012-11-05T09:20:03.000,2307,9458,2307,14,0.0,0,0.0,0,0.0,0,0.0,0,2307.2,2,0.0,0,0.0,0,0.0,0,0.0,0
2012-11-05T09:20:03.500,2307,9463,2307,14,0.0,0,0.0,0,0.0,0,0.0,0,2307.2,2,0.0,0,0.0,0,0.0,0,0.0,0
2012-11-05T09:20:04.000,2307,9470,2307,8,0.0,0,0.0,0,0.0,0,0.0,0,2307.2,9,0.0,0,0.0,0,0.0,0,0.0,0
2012-11-05T09:20:04.500,2307,9476,2307,13,0.0,0,0.0,0,0.0,0,0.0,0,2307.2,7,0.0,0,0.0,0,0.0,0,0.0,0
2012-11-05T09:20:05.000,2306.8,9494,2306.8,32,0.0,0,0.0,0,0.0,0,0.0,0,2307,3,0.0,0,0.0,0,0.0,0,0.0,0
2012-11-05T09:20:05.500,2307,9503,2306.8,24,0.0,0,0.0,0,0.0,0,0.0,0,2307,4,0.0,0,0.0,0,0.0,0,0.0,0
2012-11-05T09:20:06.250,2307,9522,2306.8,7,0.0,0,0.0,0,0.0,0,0.0,0,2307,4,0.0,0,0.0,0,0.0,0,0.0,0
2012-11-05T09:20:07.250,2306.8,9523,2306.8,7,0.0,0,0.0,0,0.0,0,0.0,0,2307,10,0.0,0,0.0,0,0.0,0,0.0,0
2012-11-05T09:20:08.000,2306.6,9548,2306.6,14,0.0,0,0.0,0,0.0,0,0.0,0,2307,10,0.0,0,0.0,0,0.0,0,0.0,0
2012-11-05T09:20:08.500,2306.8,9553,2306.6,11,0.0,0,0.0,0,0.0,0,0.0,0,2307,10,0.0,0,0.0,0,0.0,0,0.0,0
2012-11-05T09:20:09.000,2307,9569,2307,18,0.0,0,0.0,0,0.0,0,0.0,0,2307.2,5,0.0,0,0.0,0,0.0,0,0.0,0
2012-11-05T09:20:09.500,2307,9577,2307,15,0.0,0,0.0,0,0.0,0,0.0,0,2307.2,5,0.0,0,0.0,0,0.0,0,0.0,0
2012-11-05T09:20:10.000,2307,9578,2307,14,0.0,0,0.0,0,0.0,0,0.0,0,2307.2,2,0.0,0,0.0,0,0.0,0,0.0,0
2012-11-05T09:20:10.500,2307.2,9614,2306.4,12,0.0,0,0.0,0,0.0,0,0.0,0,2307.2,1,0.0,0,0.0,0,0.0,0,0.0,0
2012-11-05T09:20:11.000,2307.2,9624,2306.8,3,0.0,0,0.0,0,0.0,0,0.0,0,2307.2,10,0.0,0,0.0,0,0.0,0,0.0,0
2012-11-05T09:20:11.500,2307,9625,2307,12,0.0,0,0.0,0,0.0,0,0.0,0,2307.2,13,0.0,0,0.0,0,0.0,0,0.0,0
2012-11-05T09:20:12.000,2307,9633,2307,4,0.0,0,0.0,0,0.0,0,0.0,0,2307.2,3,0.0,0,0.0,0,0.0,0,0.0,0
2012-11-05T09:20:12.500,2307,9634,2307,3,0.0,0,0.0,0,0.0,0,0.0,0,2307.2,5,0.0,0,0.0,0,0.0,0,0.0,0
2012-11-05T09:20:13.000,2307,9636,2307,2,0.0,0,0.0,0,0.0,0,0.0,0,2307.2,4,0.0,0,0.0,0,0.0,0,0.0,0
2012-11-05T09:20:13.500,2307.2,9638,2307,6,0.0,0,0.0,0,0.0,0,0.0,0,2307.2,3,0.0,0,0.0,0,0.0,0,0.0,0
2012-11-05T09:20:14.000,2307,9644,2306.8,8,0.0,0,0.0,0,0.0,0,0.0,0,2307,5,0.0,0,0.0,0,0.0,0,0.0,0
2012-11-05T09:20:14.500,2307,9645,2306.8,9,0.0,0,0.0,0,0.0,0,0.0,0,2307,4,0.0,0,0.0,0,0.0,0,0.0,0
2012-11-05T09:20:15.250,2307,9651,2306.8,6,0.0,0,0.0,0,0.0,0,0.0,0,2307,7,0.0,0,0.0,0,0.0,0,0.0,0
2012-11-05T09:20:16.000,2307,9658,2306.8,3,0.0,0,0.0,0,0.0,0,0.0,0,2307,6,0.0,0,0.0,0,0.0,0,0.0,0
2012-11-05T09:20:16.500,2307,9659,2306.8,3,0.0,0,0.0,0,0.0,0,0.0,0,2307,5,0.0,0,0.0,0,0.0,0,0.0,0
2012-11-05T09:20:17.250,2306.8,9660,2306.8,3,0.0,0,0.0,0,0.0,0,0.0,0,2307,6,0.0,0,0.0,0,0.0,0,0.0,0
2012-11-05T09:20:18.000,2306.6,9666,2306.6,11,0.0,0,0.0,0,0.0,0,0.0,0,2307,6,0.0,0,0.0,0,0.0,0,0.0,0
2012-11-05T09:20:18.500,2307,9667,2306.6,21,0.0,0,0.0,0,0.0,0,0.0,0,2306.8,3,0.0,0,0.0,0,0.0,0,0.0,0
2012-11-05T09:20:19.000,2306.6,9669,2306.6,19,0.0,0,0.0,0,0.0,0,0.0,0,2306.8,4,0.0,0,0.0,0,0.0,0,0.0,0
2012-11-05T09:20:19.500,2307,9679,2306.8,10,0.0,0,0.0,0,0.0,0,0.0,0,2307,6,0.0,0,0.0,0,0.0,0,0.0,0
2012-11-05T09:20:20.250,2307,9681,2306.8,10,0.0,0,0.0,0,0.0,0,0.0,0,2307,4,0.0,0,0.0,0,0.0,0,0.0,0
2012-11-05T09:20:21.250,2306.8,9682,2306.8,9,0.0,0,0.0,0,0.0,0,0.0,0,2307,5,0.0,0,0.0,0,0.0,0,0.0,0
2012-11-05T09:20:22.000,2307,9690,2307,32,0.0,0,0.0,0,0.0,0,0.0,0,2307.2,13,0.0,0,0.0,0,0.0,0,0.0,0
2012-11-05T09:20:22.500,2307,9706,2307,16,0.0,0,0.0,0,0.0,0,0.0,0,2307.2,13,0.0,0,0.0,0,0.0,0,0.0,0
2012-11-05T09:20:23.000,2307,9716,2307,15,0.0,0,0.0,0,0.0,0,0.0,0,2307.2,4,0.0,0,0.0,0,0.0,0,0.0,0
2012-11-05T09:20:23.500,2307,9720,2307,13,0.0,0,0.0,0,0.0,0,0.0,0,2307.2,3,0.0,0,0.0,0,0.0,0,0.0,0
2012-11-05T09:20:24.000,2307,9733,2307,1,0.0,0,0.0,0,0.0,0,0.0,0,2307.2,2,0.0,0,0.0,0,0.0,0,0.0,0
2012-11-05T09:20:24.500,2306.8,9735,2306.8,5,0.0,0,0.0,0,0.0,0,0.0,0,2307,22,0.0,0,0.0,0,0.0,0,0.0,0
2012-11-05T09:20:25.250,2307,9736,2306.8,5,0.0,0,0.0,0,0.0,0,0.0,0,2307,22,0.0,0,0.0,0,0.0,0,0.0,0
2012-11-05T09:20:26.250,2307,9737,2306.8,2,0.0,0,0.0,0,0.0,0,0.0,0,2307,22,0.0,0,0.0,0,0.0,0,0.0,0
2012-11-05T09:20:27.000,2307,9738,2306.8,5,0.0,0,0.0,0,0.0,0,0.0,0,2307,22,0.0,0,0.0,0,0.0,0,0.0,0
2012-11-05T09:20:27.500,2306.8,9739,2306.8,4,0.0,0,0.0,0,0.0,0,0.0,0,2307,22,0.0,0,0.0,0,0.0,0,0.0,0
2012-11-05T09:20:28.000,2306.8,9743,2306.8,4,0.0,0,0.0,0,0.0,0,0.0,0,2307,23,0.0,0,0.0,0,0.0,0,0.0,0
2012-11-05T09:20:28.500,2306.8,9744,2306.8,3,0.0,0,0.0,0,0.0,0,0.0,0,2307,26,0.0,0,0.0,0,0.0,0,0.0,0
2012-11-05T09:20:29.000,2306.8,9746,2306.8,2,0.0,0,0.0,0,0.0,0,0.0,0,2307,26,0.0,0,0.0,0,0.0,0,0.0,0
2012-11-05T09:20:29.500,2307,9750,2306.6,26,0.0,0,0.0,0,0.0,0,0.0,0,2307,25,0.0,0,0.0,0,0.0,0,0.0,0
2012-11-05T09:20:30.250,2306.6,9768,2306.6,19,0.0,0,0.0,0,0.0,0,0.0,0,2306.8,3,0.0,0,0.0,0,0.0,0,0.0,0
2012-11-05T09:20:32.000,2306.6,9771,2306.6,18,0.0,0,0.0,0,0.0,0,0.0,0,2306.8,22,0.0,0,0.0,0,0.0,0,0.0,0
2012-11-05T09:20:32.500,2306.8,9774,2306.6,16,0.0,0,0.0,0,0.0,0,0.0,0,2306.8,21,0.0,0,0.0,0,0.0,0,0.0,0
2012-11-05T09:20:33.250,2306.8,9777,2306.6,14,0.0,0,0.0,0,0.0,0,0.0,0,2306.8,21,0.0,0,0.0,0,0.0,0,0.0,0
2012-11-05T09:20:34.250,2306.8,9780,2306.6,13,0.0,0,0.0,0,0.0,0,0.0,0,2306.8,19,0.0,0,0.0,0,0.0,0,0.0,0
2012-11-05T09:20:35.000,2306.6,9781,2306.6,12,0.0,0,0.0,0,0.0,0,0.0,0,2306.8,20,0.0,0,0.0,0,0.0,0,0.0,0
2012-11-05T09:20:35.500,2306.6,9783,2306.6,10,0.0,0,0.0,0,0.0,0,0.0,0,2306.8,20,0.0,0,0.0,0,0.0,0,0.0,0
2012-11-05T09:20:36.000,2306.6,9785,2306.6,8,0.0,0,0.0,0,0.0,0,0.0,0,2306.8,20,0.0,0,0.0,0,0.0,0,0.0,0
2012-11-05T09:20:36.500,2306.8,9796,2306.6,7,0.0,0,0.0,0,0.0,0,0.0,0,2306.8,17,0.0,0,0.0,0,0.0,0,0.0,0
2012-11-05T09:20:37.000,2306.6,9798,2306.6,6,0.0,0,0.0,0,0.0,0,0.0,0,2306.8,16,0.0,0,0.0,0,0.0,0,0.0,0
2012-11-05T09:20:37.500,2306.6,9799,2306.6,5,0.0,0,0.0,0,0.0,0,0.0,0,2306.8,16,0.0,0,0.0,0,0.0,0,0.0,0
2012-11-05T09:20:38.250,2306.6,9800,2306.6,5,0.0,0,0.0,0,0.0,0,0.0,0,2306.8,16,0.0,0,0.0,0,0.0,0,0.0,0
2012-11-05T09:20:39.000,2306.6,9804,2306.6,10,0.0,0,0.0,0,0.0,0,0.0,0,2306.8,18,0.0,0,0.0,0,0.0,0,0.0,0
2012-11-05T09:20:39.500,2306.6,9807,2306.6,9,0.0,0,0.0,0,0.0,0,0.0,0,2306.8,19,0.0,0,0.0,0,0.0,0,0.0,0
2012-11-05T09:20:40.250,2306.6,9808,2306.6,8,0.0,0,0.0,0,0.0,0,0.0,0,2306.8,19,0.0,0,0.0,0,0.0,0,0.0,0
2012-11-05T09:20:41.250,2306.6,9811,2306.6,11,0.0,0,0.0,0,0.0,0,0.0,0,2306.8,20,0.0,0,0.0,0,0.0,0,0.0,0
2012-11-05T09:20:42.250,2306.6,9813,2306.6,10,0.0,0,0.0,0,0.0,0,0.0,0,2306.8,21,0.0,0,0.0,0,0.0,0,0.0,0
2012-11-05T09:20:43.000,2306.6,9815,2306.6,14,0.0,0,0.0,0,0.0,0,0.0,0,2306.8,20,0.0,0,0.0,0,0.0,0,0.0,0
2012-11-05T09:20:43.500,2306.6,9817,2306.6,13,0.0,0,0.0,0,0.0,0,0.0,0,2306.8,20,0.0,0,0.0,0,0.0,0,0.0,0
2012-11-05T09:20:46.250,2306.6,9818,2306.6,13,0.0,0,0.0,0,0.0,0,0.0,0,2306.8,25,0.0,0,0.0,0,0.0,0,0.0,0
2012-11-05T09:20:47.000,2306.8,9821,2306.6,15,0.0,0,0.0,0,0.0,0,0.0,0,2306.8,23,0.0,0,0.0,0,0.0,0,0.0,0
2012-11-05T09:20:47.500,2306.6,9823,2306.6,13,0.0,0,0.0,0,0.0,0,0.0,0,2306.8,23,0.0,0,0.0,0,0.0,0,0.0,0
2012-11-05T09:20:48.000,2306.6,9824,2306.6,13,0.0,0,0.0,0,0.0,0,0.0,0,2306.8,23,0.0,0,0.0,0,0.0,0,0.0,0
2012-11-05T09:20:48.500,2306.8,9826,2306.6,15,0.0,0,0.0,0,0.0,0,0.0,0,2306.8,23,0.0,0,0.0,0,0.0,0,0.0,0
2012-11-05T09:20:50.250,2306.8,9828,2306.6,21,0.0,0,0.0,0,0.0,0,0.0,0,2306.8,23,0.0,0,0.0,0,0.0,0,0.0,0
2012-11-05T09:20:51.250,2306.6,9829,2306.6,23,0.0,0,0.0,0,0.0,0,0.0,0,2306.8,22,0.0,0,0.0,0,0.0,0,0.0,0
2012-11-05T09:20:52.000,2306.8,9830,2306.6,26,0.0,0,0.0,0,0.0,0,0.0,0,2306.8,21,0.0,0,0.0,0,0.0,0,0.0,0
2012-11-05T09:20:52.500,2306.8,9831,2306.6,26,0.0,0,0.0,0,0.0,0,0.0,0,2306.8,21,0.0,0,0.0,0,0.0,0,0.0,0
2012-11-05T09:20:53.000,2306.6,9832,2306.6,25,0.0,0,0.0,0,0.0,0,0.0,0,2306.8,21,0.0,0,0.0,0,0.0,0,0.0,0
2012-11-05T09:20:53.500,2306.8,9844,2306.6,24,0.0,0,0.0,0,0.0,0,0.0,0,2306.8,10,0.0,0,0.0,0,0.0,0,0.0,0
2012-11-05T09:20:54.000,2306.8,9846,2306.6,24,0.0,0,0.0,0,0.0,0,0.0,0,2306.8,6,0.0,0,0.0,0,0.0,0,0.0,0
2012-11-05T09:20:54.500,2306.8,9852,2306.8,7,0.0,0,0.0,0,0.0,0,0.0,0,2307,47,0.0,0,0.0,0,0.0,0,0.0,0
2012-11-05T09:20:55.250,2306.8,9854,2306.8,14,0.0,0,0.0,0,0.0,0,0.0,0,2307,56,0.0,0,0.0,0,0.0,0,0.0,0
2012-11-05T09:20:56.000,2306.8,9859,2306.8,15,0.0,0,0.0,0,0.0,0,0.0,0,2307,55,0.0,0,0.0,0,0.0,0,0.0,0
2012-11-05T09:20:56.500,2306.8,9861,2306.8,13,0.0,0,0.0,0,0.0,0,0.0,0,2307,55,0.0,0,0.0,0,0.0,0,0.0,0
2012-11-05T09:20:57.000,2307,9864,2306.8,11,0.0,0,0.0,0,0.0,0,0.0,0,2307,52,0.0,0,0.0,0,0.0,0,0.0,0
2012-11-05T09:20:57.500,2307,9865,2306.8,11,0.0,0,0.0,0,0.0,0,0.0,0,2307,53,0.0,0,0.0,0,0.0,0,0.0,0
2012-11-05T09:20:58.000,2306.8,9877,2306.6,22,0.0,0,0.0,0,0.0,0,0.0,0,2306.8,3,0.0,0,0.0,0,0.0,0,0.0,0
2012-11-05T09:20:58.500,2306.8,9881,2306.6,23,0.0,0,0.0,0,0.0,0,0.0,0,2307,53,0.0,0,0.0,0,0.0,0,0.0,0
2012-11-05T09:20:59.000,2307,9882,2306.6,24,0.0,0,0.0,0,0.0,0,0.0,0,2306.8,1,0.0,0,0.0,0,0.0,0,0.0,0
2012-11-05T09:20:59.500,2306.8,9883,2306.6,24,0.0,0,0.0,0,0.0,0,0.0,0,2307,53,0.0,0,0.0,0,0.0,0,0.0,0
2012-11-05T09:21:00.250,2307,9903,2306.8,10,0.0,0,0.0,0,0.0,0,0.0,0,2307,33,0.0,0,0.0,0,0.0,0,0.0,0
2012-11-05T09:21:01.000,2307,9910,2306.8,9,0.0,0,0.0,0,0.0,0,0.0,0,2307,29,0.0,0,0.0,0,0.0,0,0.0,0
2012-11-05T09:21:01.500,2306.8,9915,2306.8,5,0.0,0,0.0,0,0.0,0,0.0,0,2307,26,0.0,0,0.0,0,0.0,0,0.0,0
2012-11-05T09:21:02.000,2306.6,9930,2306.6,14,0.0,0,0.0,0,0.0,0,0.0,0,2306.8,4,0.0,0,0.0,0,0.0,0,0.0,0
2012-11-05T09:21:02.500,2306.8,9937,2306.8,2,0.0,0,0.0,0,0.0,0,0.0,0,2307,26,0.0,0,0.0,0,0.0,0,0.0,0
2012-11-05T09:21:03.000,2306.8,9939,2306.8,20,0.0,0,0.0,0,0.0,0,0.0,0,2307,25,0.0,0,0.0,0,0.0,0,0.0,0
2012-11-05T09:21:03.500,2306.8,9942,2306.8,17,0.0,0,0.0,0,0.0,0,0.0,0,2307,25,0.0,0,0.0,0,0.0,0,0.0,0
2012-11-05T09:21:04.250,2306.8,9947,2306.8,13,0.0,0,0.0,0,0.0,0,0.0,0,2307,25,0.0,0,0.0,0,0.0,0,0.0,0
2012-11-05T09:21:05.000,2306.8,9949,2306.8,14,0.0,0,0.0,0,0.0,0,0.0,0,2307,26,0.0,0,0.0,0,0.0,0,0.0,0
2012-11-05T09:21:05.500,2307,9950,2306.8,14,0.0,0,0.0,0,0.0,0,0.0,0,2307,25,0.0,0,0.0,0,0.0,0,0.0,0
2012-11-05T09:21:06.250,2306.8,9951,2306.8,13,0.0,0,0.0,0,0.0,0,0.0,0,2307,25,0.0,0,0.0,0,0.0,0,0.0,0
2012-11-05T09:21:07.000,2306.8,9952,2306.8,13,0.0,0,0.0,0,0.0,0,0.0,0,2307,25,0.0,0,0.0,0,0.0,0,0.0,0
2012-11-05T09:21:07.500,2307,9955,2306.8,12,0.0,0,0.0,0,0.0,0,0.0,0,2307,24,0.0,0,0.0,0,0.0,0,0.0,0
2012-11-05T09:21:08.000,2306.8,9956,2306.8,11,0.0,0,0.0,0,0.0,0,0.0,0,2307,25,0.0,0,0.0,0,0.0,0,0.0,0
2012-11-05T09:21:08.500,2306.8,9957,2306.8,10,0.0,0,0.0,0,0.0,0,0.0,0,2307,25,0.0,0,0.0,0,0.0,0,0.0,0
2012-11-05T09:21:09.000,2307,9959,2306.8,11,0.0,0,0.0,0,0.0,0,0.0,0,2307,23,0.0,0,0.0,0,0.0,0,0.0,0
2012-11-05T09:21:09.500,2306.8,9961,2306.8,9,0.0,0,0.0,0,0.0,0,0.0,0,2307,23,0.0,0,0.0,0,0.0,0,0.0,0
2012-11-05T09:21:10.250,2307,9962,2306.8,9,0.0,0,0.0,0,0.0,0,0.0,0,2307,22,0.0,0,0.0,0,0.0,0,0.0,0
2012-11-05T09:21:11.000,2307,9965,2306.8,9,0.0,0,0.0,0,0.0,0,0.0,0,2307,20,0.0,0,0.0,0,0.0,0,0.0,0
2012-11-05T09:21:11.500,2307,9971,2306.8,8,0.0,0,0.0,0,0.0,0,0.0,0,2307,15,0.0,0,0.0,0,0.0,0,0.0,0
2012-11-05T09:21:12.250,2307,9972,2306.8,10,0.0,0,0.0,0,0.0,0,0.0,0,2307,14,0.0,0,0.0,0,0.0,0,0.0,0
2012-11-05T09:21:13.000,2307,9973,2306.8,13,0.0,0,0.0,0,0.0,0,0.0,0,2307,13,0.0,0,0.0,0,0.0,0,0.0,0
2012-11-05T09:21:13.500,2307,9984,2306.8,12,0.0,0,0.0,0,0.0,0,0.0,0,2307,3,0.0,0,0.0,0,0.0,0,0.0,0
2012-11-05T09:21:14.000,2307,9986,2306.8,12,0.0,0,0.0,0,0.0,0,0.0,0,2307,1,0.0,0,0.0,0,0.0,0,0.0,0
2012-11-05T09:21:14.500,2307,9987,2307,6,0.0,0,0.0,0,0.0,0,0.0,0,2307.2,6,0.0,0,0.0,0,0.0,0,0.0,0
2012-11-05T09:21:15.250,2307.2,9996,2306.8,12,0.0,0,0.0,0,0.0,0,0.0,0,2307.2,2,0.0,0,0.0,0,0.0,0,0.0,0
2012-11-05T09:21:16.250,2307.2,9997,2307,1,0.0,0,0.0,0,0.0,0,0.0,0,2307.2,11,0.0,0,0.0,0,0.0,0,0.0,0
2012-11-05T09:21:17.250,2307.2,9998,2307,2,0.0,0,0.0,0,0.0,0,0.0,0,2307.2,5,0.0,0,0.0,0,0.0,0,0.0,0
2012-11-05T09:21:18.000,2307.2,10003,2307.2,4,0.0,0,0.0,0,0.0,0,0.0,0,2307.4,13,0.0,0,0.0,0,0.0,0,0.0,0
2012-11-05T09:21:18.500,2307.2,10004,2307.2,5,0.0,0,0.0,0,0.0,0,0.0,0,2307.4,13,0.0,0,0.0,0,0.0,0,0.0,0
2012-11-05T09:21:19.000,2307.2,10008,2307.2,5,0.0,0,0.0,0,0.0,0,0.0,0,2307.4,13,0.0,0,0.0,0,0.0,0,0.0,0
2012-11-05T09:21:19.500,2307.4,10009,2307.2,6,0.0,0,0.0,0,0.0,0,0.0,0,2307.4,12,0.0,0,0.0,0,0.0,0,0.0,0
2012-11-05T09:21:20.250,2307.4,10011,2307.2,8,0.0,0,0.0,0,0.0,0,0.0,0,2307.4,10,0.0,0,0.0,0,0.0,0,0.0,0
2012-11-05T09:21:21.000,2307.4,10014,2307.2,8,0.0,0,0.0,0,0.0,0,0.0,0,2307.4,8,0.0,0,0.0,0,0.0,0,0.0,0
2012-11-05T09:21:21.500,2307.4,10017,2307.2,8,0.0,0,0.0,0,0.0,0,0.0,0,2307.4,5,0.0,0,0.0,0,0.0,0,0.0,0
2012-11-05T09:21:22.250,2307.6,10035,2307.4,4,0.0,0,0.0,0,0.0,0,0.0,0,2307.6,12,0.0,0,0.0,0,0.0,0,0.0,0
2012-11-05T09:21:23.250,2307.6,10038,2307.4,8,0.0,0,0.0,0,0.0,0,0.0,0,2307.6,10,0.0,0,0.0,0,0.0,0,0.0,0
2012-11-05T09:21:24.000,2307.6,10049,2307.4,8,0.0,0,0.0,0,0.0,0,0.0,0,2307.8,57,0.0,0,0.0,0,0.0,0,0.0,0
2012-11-05T09:21:24.500,2307.8,10050,2307.6,3,0.0,0,0.0,0,0.0,0,0.0,0,2307.8,58,0.0,0,0.0,0,0.0,0,0.0,0
2012-11-05T09:21:25.000,2307.8,10057,2307.6,5,0.0,0,0.0,0,0.0,0,0.0,0,2307.8,47,0.0,0,0.0,0,0.0,0,0.0,0
2012-11-05T09:21:25.500,2307.6,10066,2307.6,2,0.0,0,0.0,0,0.0,0,0.0,0,2307.8,42,0.0,0,0.0,0,0.0,0,0.0,0
2012-11-05T09:21:26.000,2307.8,10079,2307.6,2,0.0,0,0.0,0,0.0,0,0.0,0,2307.8,27,0.0,0,0.0,0,0.0,0,0.0,0
2012-11-05T09:21:26.500,2307.8,10094,2307.6,5,0.0,0,0.0,0,0.0,0,0.0,0,2307.8,13,0.0,0,0.0,0,0.0,0,0.0,0
2012-11-05T09:21:27.000,2307.8,10107,2307.8,3,0.0,0,0.0,0,0.0,0,0.0,0,2308,118,0.0,0,0.0,0,0.0,0,0.0,0
2012-11-05T09:21:27.500,2307.8,10109,2307.8,4,0.0,0,0.0,0,0.0,0,0.0,0,2308,107,0.0,0,0.0,0,0.0,0,0.0,0
2012-11-05T09:21:28.000,2308,10111,2307.8,9,0.0,0,0.0,0,0.0,0,0.0,0,2308,105,0.0,0,0.0,0,0.0,0,0.0,0
2012-11-05T09:21:28.500,2308,10116,2307.8,19,0.0,0,0.0,0,0.0,0,0.0,0,2308,101,0.0,0,0.0,0,0.0,0,0.0,0
2012-11-05T09:21:29.000,2308,10133,2307.8,7,0.0,0,0.0,0,0.0,0,0.0,0,2308,96,0.0,0,0.0,0,0.0,0,0.0,0
2012-11-05T09:21:29.500,2308,10135,2307.8,7,0.0,0,0.0,0,0.0,0,0.0,0,2308,94,0.0,0,0.0,0,0.0,0,0.0,0
2012-11-05T09:21:30.000,2308,10154,2307.8,7,0.0,0,0.0,0,0.0,0,0.0,0,2308,75,0.0,0,0.0,0,0.0,0,0.0,0
2012-11-05T09:21:30.500,2308,10163,2307.8,7,0.0,0,0.0,0,0.0,0,0.0,0,2308,65,0.0,0,0.0,0,0.0,0,0.0,0
2012-11-05T09:21:31.000,2308,10166,2307.8,7,0.0,0,0.0,0,0.0,0,0.0,0,2308,62,0.0,0,0.0,0,0.0,0,0.0,0
2012-11-05T09:21:31.500,2308,10172,2307.8,11,0.0,0,0.0,0,0.0,0,0.0,0,2308,57,0.0,0,0.0,0,0.0,0,0.0,0
2012-11-05T09:21:32.000,2308,10186,2307.8,1,0.0,0,0.0,0,0.0,0,0.0,0,2308,53,0.0,0,0.0,0,0.0,0,0.0,0
2012-11-05T09:21:32.500,2308,10189,2307.8,1,0.0,0,0.0,0,0.0,0,0.0,0,2308,51,0.0,0,0.0,0,0.0,0,0.0,0
2012-11-05T09:21:33.000,2307.8,10203,2307.6,11,0.0,0,0.0,0,0.0,0,0.0,0,2307.8,8,0.0,0,0.0,0,0.0,0,0.0,0
2012-11-05T09:21:33.500,2307.8,10225,2307.6,11,0.0,0,0.0,0,0.0,0,0.0,0,2308,38,0.0,0,0.0,0,0.0,0,0.0,0
2012-11-05T09:21:34.000,2308,10250,2307.6,11,0.0,0,0.0,0,0.0,0,0.0,0,2308,13,0.0,0,0.0,0,0.0,0,0.0,0
2012-11-05T09:21:34.500,2307.8,10257,2307.8,7,0.0,0,0.0,0,0.0,0,0.0,0,2308,11,0.0,0,0.0,0,0.0,0,0.0,0
2012-11-05T09:21:35.000,2308,10263,2307.8,11,0.0,0,0.0,0,0.0,0,0.0,0,2308,8,0.0,0,0.0,0,0.0,0,0.0,0
2012-11-05T09:21:35.500,2308,10282,2308,22,0.0,0,0.0,0,0.0,0,0.0,0,2308.2,28,0.0,0,0.0,0,0.0,0,0.0,0
2012-11-05T09:21:36.000,2308.2,10286,2308,19,0.0,0,0.0,0,0.0,0,0.0,0,2308.2,27,0.0,0,0.0,0,0.0,0,0.0,0
2012-11-05T09:21:36.500,2308,10306,2308,5,0.0,0,0.0,0,0.0,0,0.0,0,2308.2,22,0.0,0,0.0,0,0.0,0,0.0,0
2012-11-05T09:21:37.000,2308,10315,2307.8,8,0.0,0,0.0,0,0.0,0,0.0,0,2308,31,0.0,0,0.0,0,0.0,0,0.0,0
2012-11-05T09:21:37.500,2308,10331,2307.8,2,0.0,0,0.0,0,0.0,0,0.0,0,2308,24,0.0,0,0.0,0,0.0,0,0.0,0
2012-11-05T09:21:38.000,2308,10341,2307.8,3,0.0,0,0.0,0,0.0,0,0.0,0,2308,117,0.0,0,0.0,0,0.0,0,0.0,0
2012-11-05T09:21:38.500,2307.8,10372,2307.6,41,0.0,0,0.0,0,0.0,0,0.0,0,2307.8,33,0.0,0,0.0,0,0.0,0,0.0,0
2012-11-05T09:21:39.000,2307.6,10406,2307.6,12,0.0,0,0.0,0,0.0,0,0.0,0,2307.8,35,0.0,0,0.0,0,0.0,0,0.0,0
2012-11-05T09:21:39.500,2307.8,10436,2307.2,4,0.0,0,0.0,0,0.0,0,0.0,0,2307.6,9,0.0,0,0.0,0,0.0,0,0.0,0
2012-11-05T09:21:40.000,2307.8,10440,2307.2,4,0.0,0,0.0,0,0.0,0,0.0,0,2307.6,8,0.0,0,0.0,0,0.0,0,0.0,0
2012-11-05T09:21:40.500,2307.8,10441,2307.2,7,0.0,0,0.0,0,0.0,0,0.0,0,2307.6,27,0.0,0,0.0,0,0.0,0,0.0,0
2012-11-05T09:21:41.000,2307.6,10445,2307.4,2,0.0,0,0.0,0,0.0,0,0.0,0,2307.6,27,0.0,0,0.0,0,0.0,0,0.0,0
2012-11-05T09:21:41.500,2307.6,10448,2307.4,3,0.0,0,0.0,0,0.0,0,0.0,0,2307.6,25,0.0,0,0.0,0,0.0,0,0.0,0
2012-11-05T09:21:42.000,2307.4,10469,2307.4,2,0.0,0,0.0,0,0.0,0,0.0,0,2307.6,5,0.0,0,0.0,0,0.0,0,0.0,0
2012-11-05T09:21:42.500,2307.6,10471,2307.4,5,0.0,0,0.0,0,0.0,0,0.0,0,2307.6,3,0.0,0,0.0,0,0.0,0,0.0,0
2012-11-05T09:21:43.000,2307.4,10474,2307.4,4,0.0,0,0.0,0,0.0,0,0.0,0,2307.6,1,0.0,0,0.0,0,0.0,0,0.0,0
2012-11-05T09:21:43.500,2307.6,10476,2307.6,51,0.0,0,0.0,0,0.0,0,0.0,0,2307.8,23,0.0,0,0.0,0,0.0,0,0.0,0
2012-11-05T09:21:44.000,2307.8,10485,2307.6,51,0.0,0,0.0,0,0.0,0,0.0,0,2307.8,12,0.0,0,0.0,0,0.0,0,0.0,0
2012-11-05T09:21:44.500,2307.8,10501,2307.8,4,0.0,0,0.0,0,0.0,0,0.0,0,2308,133,0.0,0,0.0,0,0.0,0,0.0,0
2012-11-05T09:21:45.000,2307.8,10504,2307.8,3,0.0,0,0.0,0,0.0,0,0.0,0,2308,133,0.0,0,0.0,0,0.0,0,0.0,0
2012-11-05T09:21:45.500,2307.8,10508,2307.6,48,0.0,0,0.0,0,0.0,0,0.0,0,2308,133,0.0,0,0.0,0,0.0,0,0.0,0
2012-11-05T09:21:46.250,2308,10510,2307.6,51,0.0,0,0.0,0,0.0,0,0.0,0,2308,141,0.0,0,0.0,0,0.0,0,0.0,0
2012-11-05T09:21:47.000,2307.8,10513,2307.6,51,0.0,0,0.0,0,0.0,0,0.0,0,2307.8,1,0.0,0,0.0,0,0.0,0,0.0,0
2012-11-05T09:21:47.500,2307.8,10517,2307.6,49,0.0,0,0.0,0,0.0,0,0.0,0,2307.8,2,0.0,0,0.0,0,0.0,0,0.0,0
2012-11-05T09:21:48.000,2307.6,10520,2307.6,48,0.0,0,0.0,0,0.0,0,0.0,0,2308,140,0.0,0,0.0,0,0.0,0,0.0,0
2012-11-05T09:21:48.500,2307.8,10523,2307.6,49,0.0,0,0.0,0,0.0,0,0.0,0,2307.8,11,0.0,0,0.0,0,0.0,0,0.0,0
2012-11-05T09:21:49.250,2307.8,10532,2307.6,44,0.0,0,0.0,0,0.0,0,0.0,0,2307.8,11,0.0,0,0.0,0,0.0,0,0.0,0
2012-11-05T09:21:50.250,2307.6,10542,2307.6,34,0.0,0,0.0,0,0.0,0,0.0,0,2307.8,11,0.0,0,0.0,0,0.0,0,0.0,0
2012-11-05T09:21:51.000,2307.6,10544,2307.6,33,0.0,0,0.0,0,0.0,0,0.0,0,2307.8,15,0.0,0,0.0,0,0.0,0,0.0,0
2012-11-05T09:21:51.500,2307.8,10563,2307.8,141,0.0,0,0.0,0,0.0,0,0.0,0,2308,164,0.0,0,0.0,0,0.0,0,0.0,0
2012-11-05T09:21:52.000,2307.8,10591,2307.8,136,0.0,0,0.0,0,0.0,0,0.0,0,2308,142,0.0,0,0.0,0,0.0,0,0.0,0
2012-11-05T09:21:52.500,2308,10643,2307.8,136,0.0,0,0.0,0,0.0,0,0.0,0,2308,92,0.0,0,0.0,0,0.0,0,0.0,0
2012-11-05T09:21:53.000,2308,10738,2308,19,0.0,0,0.0,0,0.0,0,0.0,0,2308.2,14,0.0,0,0.0,0,0.0,0,0.0,0
2012-11-05T09:21:53.500,2308,10742,2308,18,0.0,0,0.0,0,0.0,0,0.0,0,2308.2,12,0.0,0,0.0,0,0.0,0,0.0,0
2012-11-05T09:21:54.000,2308.2,10749,2308,18,0.0,0,0.0,0,0.0,0,0.0,0,2308.2,17,0.0,0,0.0,0,0.0,0,0.0,0
2012-11-05T09:21:54.500,2308,10751,2308,17,0.0,0,0.0,0,0.0,0,0.0,0,2308.2,31,0.0,0,0.0,0,0.0,0,0.0,0
2012-11-05T09:21:55.000,2308,10757,2308,15,0.0,0,0.0,0,0.0,0,0.0,0,2308.2,27,0.0,0,0.0,0,0.0,0,0.0,0
2012-11-05T09:21:55.500,2308.2,10774,2308,4,0.0,0,0.0,0,0.0,0,0.0,0,2308.2,35,0.0,0,0.0,0,0.0,0,0.0,0
2012-11-05T09:21:56.000,2307.8,10785,2307.8,134,0.0,0,0.0,0,0.0,0,0.0,0,2308.2,35,0.0,0,0.0,0,0.0,0,0.0,0
2012-11-05T09:21:56.500,2307.8,10788,2307.8,134,0.0,0,0.0,0,0.0,0,0.0,0,2308,10,0.0,0,0.0,0,0.0,0,0.0,0
2012-11-05T09:21:57.000,2308,10792,2307.8,133,0.0,0,0.0,0,0.0,0,0.0,0,2308,9,0.0,0,0.0,0,0.0,0,0.0,0
2012-11-05T09:21:57.500,2308,10807,2308,1,0.0,0,0.0,0,0.0,0,0.0,0,2308.2,35,0.0,0,0.0,0,0.0,0,0.0,0
2012-11-05T09:21:58.000,2308.2,10817,2308,1,0.0,0,0.0,0,0.0,0,0.0,0,2308.2,29,0.0,0,0.0,0,0.0,0,0.0,0
2012-11-05T09:21:58.500,2308,10844,2308,6,0.0,0,0.0,0,0.0,0,0.0,0,2308.2,29,0.0,0,0.0,0,0.0,0,0.0,0
2012-11-05T09:21:59.000,2308.2,10862,2308,2,0.0,0,0.0,0,0.0,0,0.0,0,2308.2,25,0.0,0,0.0,0,0.0,0,0.0,0
2012-11-05T09:21:59.500,2308,10877,2308,16,0.0,0,0.0,0,0.0,0,0.0,0,2308.2,16,0.0,0,0.0,0,0.0,0,0.0,0
2012-11-05T09:22:00.000,2308,10880,2308,14,0.0,0,0.0,0,0.0,0,0.0,0,2308.2,16,0.0,0,0.0,0,0.0,0,0.0,0
2012-11-05T09:22:00.500,2308.2,10885,2308,12,0.0,0,0.0,0,0.0,0,0.0,0,2308.2,13,0.0,0,0.0,0,0.0,0,0.0,0
2012-11-05T09:22:01.000,2308.2,10926,2308.2,21,0.0,0,0.0,0,0.0,0,0.0,0,2308.4,21,0.0,0,0.0,0,0.0,0,0.0,0
2012-11-05T09:22:01.500,2308.2,10927,2308.2,21,0.0,0,0.0,0,0.0,0,0.0,0,2308.4,21,0.0,0,0.0,0,0.0,0,0.0,0
2012-11-05T09:22:02.000,2308.6,10986,2308.4,2,0.0,0,0.0,0,0.0,0,0.0,0,2308.6,11,0.0,0,0.0,0,0.0,0,0.0,0
2012-11-05T09:22:02.500,2308.4,11000,2308.4,28,0.0,0,0.0,0,0.0,0,0.0,0,2308.6,5,0.0,0,0.0,0,0.0,0,0.0,0
2012-11-05T09:22:03.000,2308.4,11018,2308.4,22,0.0,0,0.0,0,0.0,0,0.0,0,2308.6,1,0.0,0,0.0,0,0.0,0,0.0,0
2012-11-05T09:22:03.500,2308.6,11028,2308.6,8,0.0,0,0.0,0,0.0,0,0.0,0,2308.8,63,0.0,0,0.0,0,0.0,0,0.0,0
2012-11-05T09:22:04.000,2308.6,11039,2308.6,4,0.0,0,0.0,0,0.0,0,0.0,0,2308.8,62,0.0,0,0.0,0,0.0,0,0.0,0
2012-11-05T09:22:04.500,2308.6,11058,2308.4,22,0.0,0,0.0,0,0.0,0,0.0,0,2308.6,36,0.0,0,0.0,0,0.0,0,0.0,0
2012-11-05T09:22:05.000,2308.6,11077,2308.4,12,0.0,0,0.0,0,0.0,0,0.0,0,2308.6,29,0.0,0,0.0,0,0.0,0,0.0,0
2012-11-05T09:22:05.500,2308.4,11104,2308.2,2,0.0,0,0.0,0,0.0,0,0.0,0,2308.4,9,0.0,0,0.0,0,0.0,0,0.0,0
2012-11-05T09:22:06.000,2308.4,11111,2308,4,0.0,0,0.0,0,0.0,0,0.0,0,2308.2,12,0.0,0,0.0,0,0.0,0,0.0,0
2012-11-05T09:22:06.500,2308,11117,2307.8,58,0.0,0,0.0,0,0.0,0,0.0,0,2308,5,0.0,0,0.0,0,0.0,0,0.0,0
2012-11-05T09:22:07.000,2308,11122,2308,5,0.0,0,0.0,0,0.0,0,0.0,0,2308.2,16,0.0,0,0.0,0,0.0,0,0.0,0
2012-11-05T09:22:07.500,2308,11125,2308,5,0.0,0,0.0,0,0.0,0,0.0,0,2308.2,26,0.0,0,0.0,0,0.0,0,0.0,0
2012-11-05T09:22:08.000,2308,11135,2308,2,0.0,0,0.0,0,0.0,0,0.0,0,2308.2,26,0.0,0,0.0,0,0.0,0,0.0,0
2012-11-05T09:22:08.500,2308.2,11154,2308,4,0.0,0,0.0,0,0.0,0,0.0,0,2308.2,8,0.0,0,0.0,0,0.0,0,0.0,0
2012-11-05T09:22:09.000,2308.2,11165,2308.2,14,0.0,0,0.0,0,0.0,0,0.0,0,2308.4,12,0.0,0,0.0,0,0.0,0,0.0,0
2012-11-05T09:22:09.500,2308.2,11179,2308.2,1,0.0,0,0.0,0,0.0,0,0.0,0,2308.4,12,0.0,0,0.0,0,0.0,0,0.0,0
2012-11-05T09:22:10.250,2308.2,11191,2308,5,0.0,0,0.0,0,0.0,0,0.0,0,2308.2,3,0.0,0,0.0,0,0.0,0,0.0,0
2012-11-05T09:22:11.000,2308.2,11196,2308,12,0.0,0,0.0,0,0.0,0,0.0,0,2308.2,16,0.0,0,0.0,0,0.0,0,0.0,0
2012-11-05T09:22:11.500,2308,11206,2308,2,0.0,0,0.0,0,0.0,0,0.0,0,2308.2,22,0.0,0,0.0,0,0.0,0,0.0,0
2012-11-05T09:22:12.000,2308,11209,2307.8,59,0.0,0,0.0,0,0.0,0,0.0,0,2308,1,0.0,0,0.0,0,0.0,0,0.0,0
2012-11-05T09:22:12.500,2308,11210,2308,29,0.0,0,0.0,0,0.0,0,0.0,0,2308.2,23,0.0,0,0.0,0,0.0,0,0.0,0
2012-11-05T09:22:13.000,2308,11212,2308,27,0.0,0,0.0,0,0.0,0,0.0,0,2308.2,34,0.0,0,0.0,0,0.0,0,0.0,0
2012-11-05T09:22:13.500,2308.2,11226,2308,17,0.0,0,0.0,0,0.0,0,0.0,0,2308.2,32,0.0,0,0.0,0,0.0,0,0.0,0
2012-11-05T09:22:14.000,2308,11237,2308,6,0.0,0,0.0,0,0.0,0,0.0,0,2308.2,32,0.0,0,0.0,0,0.0,0,0.0,0
2012-11-05T09:22:14.500,2308,11238,2308,6,0.0,0,0.0,0,0.0,0,0.0,0,2308.2,32,0.0,0,0.0,0,0.0,0,0.0,0
2012-11-05T09:22:15.000,2308,11242,2308,2,0.0,0,0.0,0,0.0,0,0.0,0,2308.2,35,0.0,0,0.0,0,0.0,0,0.0,0
2012-11-05T09:22:15.500,2308,11246,2308,9,0.0,0,0.0,0,0.0,0,0.0,0,2308.2,39,0.0,0,0.0,0,0.0,0,0.0,0
2012-11-05T09:22:16.000,2307.8,11258,2307.8,59,0.0,0,0.0,0,0.0,0,0.0,0,2308.2,38,0.0,0,0.0,0,0.0,0,0.0,0
2012-11-05T09:22:16.500,2307.8,11265,2307.8,52,0.0,0,0.0,0,0.0,0,0.0,0,2308.2,38,0.0,0,0.0,0,0.0,0,0.0,0
2012-11-05T09:22:17.000,2308.2,11266,2307.8,52,0.0,0,0.0,0,0.0,0,0.0,0,2308,2,0.0,0,0.0,0,0.0,0,0.0,0
2012-11-05T09:22:17.500,2308,11267,2307.8,52,0.0,0,0.0,0,0.0,0,0.0,0,2308,1,0.0,0,0.0,0,0.0,0,0.0,0
2012-11-05T09:22:18.250,2307.8,11270,2307.8,49,0.0,0,0.0,0,0.0,0,0.0,0,2308,2,0.0,0,0.0,0,0.0,0,0.0,0
2012-11-05T09:22:19.000,2308,11286,2308,1,0.0,0,0.0,0,0.0,0,0.0,0,2308.2,37,0.0,0,0.0,0,0.0,0,0.0,0
2012-11-05T09:22:19.500,2308,11288,2308,17,0.0,0,0.0,0,0.0,0,0.0,0,2308.2,47,0.0,0,0.0,0,0.0,0,0.0,0
2012-11-05T09:22:20.000,2308,11292,2308,13,0.0,0,0.0,0,0.0,0,0.0,0,2308.2,38,0.0,0,0.0,0,0.0,0,0.0,0
2012-11-05T09:22:20.500,2308,11297,2308,10,0.0,0,0.0,0,0.0,0,0.0,0,2308.2,36,0.0,0,0.0,0,0.0,0,0.0,0
2012-11-05T09:22:21.000,2308.2,11302,2308,15,0.0,0,0.0,0,0.0,0,0.0,0,2308.2,31,0.0,0,0.0,0,0.0,0,0.0,0
2012-11-05T09:22:21.500,2308,11306,2308,14,0.0,0,0.0,0,0.0,0,0.0,0,2308.2,30,0.0,0,0.0,0,0.0,0,0.0,0
2012-11-05T09:22:22.000,2308.2,11316,2308,13,0.0,0,0.0,0,0.0,0,0.0,0,2308.2,21,0.0,0,0.0,0,0.0,0,0.0,0
2012-11-05T09:22:22.500,2308,11319,2308,10,0.0,0,0.0,0,0.0,0,0.0,0,2308.2,22,0.0,0,0.0,0,0.0,0,0.0,0
2012-11-05T09:22:23.000,2308,11335,2308,10,0.0,0,0.0,0,0.0,0,0.0,0,2308.2,7,0.0,0,0.0,0,0.0,0,0.0,0
2012-11-05T09:22:23.500,2308,11339,2308,8,0.0,0,0.0,0,0.0,0,0.0,0,2308.2,5,0.0,0,0.0,0,0.0,0,0.0,0
2012-11-05T09:22:24.000,2308.2,11347,2308.2,8,0.0,0,0.0,0,0.0,0,0.0,0,2308.4,24,0.0,0,0.0,0,0.0,0,0.0,0
2012-11-05T09:22:24.500,2308.4,11349,2308.2,7,0.0,0,0.0,0,0.0,0,0.0,0,2308.4,23,0.0,0,0.0,0,0.0,0,0.0,0
2012-11-05T09:22:25.000,2308.2,11350,2308.2,7,0.0,0,0.0,0,0.0,0,0.0,0,2308.4,26,0.0,0,0.0,0,0.0,0,0.0,0
2012-11-05T09:22:25.500,2308.2,11360,2308.2,1,0.0,0,0.0,0,0.0,0,0.0,0,2308.4,26,0.0,0,0.0,0,0.0,0,0.0,0
2012-11-05T09:22:26.000,2308.4,11364,2308.2,1,0.0,0,0.0,0,0.0,0,0.0,0,2308.4,23,0.0,0,0.0,0,0.0,0,0.0,0
2012-11-05T09:22:26.500,2308.4,11365,2308.2,1,0.0,0,0.0,0,0.0,0,0.0,0,2308.4,22,0.0,0,0.0,0,0.0,0,0.0,0
2012-11-05T09:22:27.250,2308.4,11368,2308,26,0.0,0,0.0,0,0.0,0,0.0,0,2308.4,21,0.0,0,0.0,0,0.0,0,0.0,0
2012-11-05T09:22:28.000,2308,11381,2308,25,0.0,0,0.0,0,0.0,0,0.0,0,2308.4,20,0.0,0,0.0,0,0.0,0,0.0,0
2012-11-05T09:22:28.500,2308.4,11383,2308.2,1,0.0,0,0.0,0,0.0,0,0.0,0,2308.4,19,0.0,0,0.0,0,0.0,0,0.0,0
2012-11-05T09:22:29.250,2308,11386,2308.2,1,0.0,0,0.0,0,0.0,0,0.0,0,2308.4,19,0.0,0,0.0,0,0.0,0,0.0,0
2012-11-05T09:22:30.000,2308.4,11396,2308.2,48,0.0,0,0.0,0,0.0,0,0.0,0,2308.4,12,0.0,0,0.0,0,0.0,0,0.0,0
2012-11-05T09:22:30.500,2308.4,11408,2308.4,2,0.0,0,0.0,0,0.0,0,0.0,0,2308.6,18,0.0,0,0.0,0,0.0,0,0.0,0
2012-11-05T09:22:31.000,2308.4,11413,2308.2,35,0.0,0,0.0,0,0.0,0,0.0,0,2308.4,19,0.0,0,0.0,0,0.0,0,0.0,0
2012-11-05T09:22:31.500,2308.4,11435,2308.2,19,0.0,0,0.0,0,0.0,0,0.0,0,2308.4,1,0.0,0,0.0,0,0.0,0,0.0,0
2012-11-05T09:22:32.000,2308.4,11442,2308.2,13,0.0,0,0.0,0,0.0,0,0.0,0,2308.4,5,0.0,0,0.0,0,0.0,0,0.0,0
2012-11-05T09:22:32.500,2308.4,11444,2308.2,13,0.0,0,0.0,0,0.0,0,0.0,0,2308.4,6,0.0,0,0.0,0,0.0,0,0.0,0
2012-11-05T09:22:33.000,2308.4,11451,2308.4,6,0.0,0,0.0,0,0.0,0,0.0,0,2308.6,19,0.0,0,0.0,0,0.0,0,0.0,0
2012-11-05T09:22:33.500,2308.6,11452,2308.4,8,0.0,0,0.0,0,0.0,0,0.0,0,2308.6,18,0.0,0,0.0,0,0.0,0,0.0,0
2012-11-05T09:22:34.000,2308.4,11455,2308.4,9,0.0,0,0.0,0,0.0,0,0.0,0,2308.6,16,0.0,0,0.0,0,0.0,0,0.0,0
2012-11-05T09:22:34.500,2308.4,11457,2308.4,8,0.0,0,0.0,0,0.0,0,0.0,0,2308.6,16,0.0,0,0.0,0,0.0,0,0.0,0
2012-11-05T09:22:35.250,2308.6,11458,2308.4,8,0.0,0,0.0,0,0.0,0,0.0,0,2308.6,15,0.0,0,0.0,0,0.0,0,0.0,0
2012-11-05T09:22:36.000,2308.6,11470,2308.4,8,0.0,0,0.0,0,0.0,0,0.0,0,2308.6,6,0.0,0,0.0,0,0.0,0,0.0,0
2012-11-05T09:22:36.500,2308.6,11472,2308.4,16,0.0,0,0.0,0,0.0,0,0.0,0,2308.6,4,0.0,0,0.0,0,0.0,0,0.0,0
2012-11-05T09:22:37.000,2308.4,11476,2308.4,19,0.0,0,0.0,0,0.0,0,0.0,0,2308.6,5,0.0,0,0.0,0,0.0,0,0.0,0
2012-11-05T09:22:37.500,2308.6,11480,2308.4,16,0.0,0,0.0,0,0.0,0,0.0,0,2308.6,7,0.0,0,0.0,0,0.0,0,0.0,0
2012-11-05T09:22:38.000,2308.6,11484,2308.4,16,0.0,0,0.0,0,0.0,0,0.0,0,2308.6,5,0.0,0,0.0,0,0.0,0,0.0,0
2012-11-05T09:22:38.500,2308.4,11487,2308.4,9,0.0,0,0.0,0,0.0,0,0.0,0,2308.6,5,0.0,0,0.0,0,0.0,0,0.0,0
2012-11-05T09:22:39.000,2308.2,11547,2308,29,0.0,0,0.0,0,0.0,0,0.0,0,2308.2,180,0.0,0,0.0,0,0.0,0,0.0,0
2012-11-05T09:22:39.500,2308,11601,2307.8,37,0.0,0,0.0,0,0.0,0,0.0,0,2308,26,0.0,0,0.0,0,0.0,0,0.0,0
2012-11-05T09:22:40.000,2308,11629,2307.8,15,0.0,0,0.0,0,0.0,0,0.0,0,2308,12,0.0,0,0.0,0,0.0,0,0.0,0
2012-11-05T09:22:40.500,2308,11637,2307.8,14,0.0,0,0.0,0,0.0,0,0.0,0,2308,19,0.0,0,0.0,0,0.0,0,0.0,0
2012-11-05T09:22:41.000,2307.8,11643,2307.8,11,0.0,0,0.0,0,0.0,0,0.0,0,2308,37,0.0,0,0.0,0,0.0,0,0.0,0
2012-11-05T09:22:41.500,2307.8,11660,2307.6,67,0.0,0,0.0,0,0.0,0,0.0,0,2307.8,4,0.0,0,0.0,0,0.0,0,0.0,0
2012-11-05T09:22:42.000,2307.8,11692,2307.6,46,0.0,0,0.0,0,0.0,0,0.0,0,2307.8,54,0.0,0,0.0,0,0.0,0,0.0,0
2012-11-05T09:22:42.500,2307.6,11736,2307.6,5,0.0,0,0.0,0,0.0,0,0.0,0,2307.8,64,0.0,0,0.0,0,0.0,0,0.0,0
2012-11-05T09:22:43.000,2307.6,11742,2307.4,16,0.0,0,0.0,0,0.0,0,0.0,0,2307.6,35,0.0,0,0.0,0,0.0,0,0.0,0
2012-11-05T09:22:43.500,2307.6,11755,2307.4,22,0.0,0,0.0,0,0.0,0,0.0,0,2307.6,39,0.0,0,0.0,0,0.0,0,0.0,0
2012-11-05T09:22:44.000,2307.6,11759,2307.4,26,0.0,0,0.0,0,0.0,0,0.0,0,2307.6,38,0.0,0,0.0,0,0.0,0,0.0,0
2012-11-05T09:22:44.500,2307.4,11789,2307.2,18,0.0,0,0.0,0,0.0,0,0.0,0,2307.4,19,0.0,0,0.0,0,0.0,0,0.0,0
2012-11-05T09:22:45.000,2307.4,11795,2307.2,15,0.0,0,0.0,0,0.0,0,0.0,0,2307.4,23,0.0,0,0.0,0,0.0,0,0.0,0
2012-11-05T09:22:45.500,2307.2,11816,2307,82,0.0,0,0.0,0,0.0,0,0.0,0,2307.2,14,0.0,0,0.0,0,0.0,0,0.0,0
2012-11-05T09:22:46.000,2307,11823,2307,77,0.0,0,0.0,0,0.0,0,0.0,0,2307.2,13,0.0,0,0.0,0,0.0,0,0.0,0
2012-11-05T09:22:46.500,2307.2,11831,2307,73,0.0,0,0.0,0,0.0,0,0.0,0,2307.2,13,0.0,0,0.0,0,0.0,0,0.0,0
2012-11-05T09:22:47.000,2307.2,11834,2307,69,0.0,0,0.0,0,0.0,0,0.0,0,2307.2,16,0.0,0,0.0,0,0.0,0,0.0,0
2012-11-05T09:22:47.500,2307,11855,2307,54,0.0,0,0.0,0,0.0,0,0.0,0,2307.2,16,0.0,0,0.0,0,0.0,0,0.0,0
2012-11-05T09:22:48.000,2307.2,11860,2307,56,0.0,0,0.0,0,0.0,0,0.0,0,2307.2,15,0.0,0,0.0,0,0.0,0,0.0,0
2012-11-05T09:22:48.500,2307,11873,2307,46,0.0,0,0.0,0,0.0,0,0.0,0,2307.2,11,0.0,0,0.0,0,0.0,0,0.0,0
2012-11-05T09:22:49.000,2307.2,11883,2307,45,0.0,0,0.0,0,0.0,0,0.0,0,2307.2,4,0.0,0,0.0,0,0.0,0,0.0,0
2012-11-05T09:22:49.500,2307,11904,2307,27,0.0,0,0.0,0,0.0,0,0.0,0,2307.2,5,0.0,0,0.0,0,0.0,0,0.0,0
2012-11-05T09:22:50.000,2307,11911,2307,21,0.0,0,0.0,0,0.0,0,0.0,0,2307.2,4,0.0,0,0.0,0,0.0,0,0.0,0
2012-11-05T09:22:50.500,2307.2,11915,2307,18,0.0,0,0.0,0,0.0,0,0.0,0,2307.2,3,0.0,0,0.0,0,0.0,0,0.0,0
2012-11-05T09:22:51.000,2307.2,11922,2307,18,0.0,0,0.0,0,0.0,0,0.0,0,2307.4,1,0.0,0,0.0,0,0.0,0,0.0,0
2012-11-05T09:22:51.500,2307,11949,2307.2,2,0.0,0,0.0,0,0.0,0,0.0,0,2307.6,2,0.0,0,0.0,0,0.0,0,0.0,0
2012-11-05T09:22:52.000,2307,11950,2307.2,24,0.0,0,0.0,0,0.0,0,0.0,0,2307.6,11,0.0,0,0.0,0,0.0,0,0.0,0
2012-11-05T09:22:52.500,2307.6,11952,2307.4,14,0.0,0,0.0,0,0.0,0,0.0,0,2307.6,9,0.0,0,0.0,0,0.0,0,0.0,0
2012-11-05T09:22:53.000,2307.4,11954,2307.4,12,0.0,0,0.0,0,0.0,0,0.0,0,2307.6,19,0.0,0,0.0,0,0.0,0,0.0,0
2012-11-05T09:22:53.500,2307.6,11956,2307.4,13,0.0,0,0.0,0,0.0,0,0.0,0,2307.6,18,0.0,0,0.0,0,0.0,0,0.0,0
2012-11-05T09:22:54.250,2307.4,11957,2307.4,14,0.0,0,0.0,0,0.0,0,0.0,0,2307.6,12,0.0,0,0.0,0,0.0,0,0.0,0
2012-11-05T09:22:55.000,2307.6,11960,2307.4,14,0.0,0,0.0,0,0.0,0,0.0,0,2307.6,10,0.0,0,0.0,0,0.0,0,0.0,0
2012-11-05T09:22:55.500,2307.4,11961,2307.4,13,0.0,0,0.0,0,0.0,0,0.0,0,2307.6,10,0.0,0,0.0,0,0.0,0,0.0,0
2012-11-05T09:22:56.000,2307.6,11962,2307.4,13,0.0,0,0.0,0,0.0,0,0.0,0,2307.6,9,0.0,0,0.0,0,0.0,0,0.0,0
2012-11-05T09:22:56.500,2307.4,11963,2307.4,13,0.0,0,0.0,0,0.0,0,0.0,0,2307.6,9,0.0,0,0.0,0,0.0,0,0.0,0
2012-11-05T09:22:57.250,2307.4,11965,2307.4,13,0.0,0,0.0,0,0.0,0,0.0,0,2307.6,9,0.0,0,0.0,0,0.0,0,0.0,0
2012-11-05T09:22:59.250,2307.6,11968,2307.4,13,0.0,0,0.0,0,0.0,0,0.0,0,2307.6,8,0.0,0,0.0,0,0.0,0,0.0,0
2012-11-05T09:23:00.000,2307.6,11972,2307.4,11,0.0,0,0.0,0,0.0,0,0.0,0,2307.6,15,0.0,0,0.0,0,0.0,0,0.0,0
2012-11-05T09:23:00.500,2307.4,11992,2307.4,3,0.0,0,0.0,0,0.0,0,0.0,0,2307.6,5,0.0,0,0.0,0,0.0,0,0.0,0
2012-11-05T09:23:01.250,2307.6,11998,2307.6,2,0.0,0,0.0,0,0.0,0,0.0,0,2307.8,15,0.0,0,0.0,0,0.0,0,0.0,0
2012-11-05T09:23:02.000,2307.6,12004,2307.6,13,0.0,0,0.0,0,0.0,0,0.0,0,2307.8,16,0.0,0,0.0,0,0.0,0,0.0,0
2012-11-05T09:23:02.500,2307.6,12005,2307.6,12,0.0,0,0.0,0,0.0,0,0.0,0,2307.8,17,0.0,0,0.0,0,0.0,0,0.0,0
2012-11-05T09:23:03.250,2307.6,12007,2307.6,15,0.0,0,0.0,0,0.0,0,0.0,0,2307.8,19,0.0,0,0.0,0,0.0,0,0.0,0
2012-11-05T09:23:04.000,2307.6,12008,2307.6,14,0.0,0,0.0,0,0.0,0,0.0,0,2307.8,20,0.0,0,0.0,0,0.0,0,0.0,0
2012-11-05T09:23:04.500,2307.8,12010,2307.6,16,0.0,0,0.0,0,0.0,0,0.0,0,2307.8,18,0.0,0,0.0,0,0.0,0,0.0,0
2012-11-05T09:23:05.000,2307.6,12013,2307.6,13,0.0,0,0.0,0,0.0,0,0.0,0,2307.8,19,0.0,0,0.0,0,0.0,0,0.0,0
2012-11-05T09:23:05.500,2307.8,12016,2307.6,13,0.0,0,0.0,0,0.0,0,0.0,0,2307.8,18,0.0,0,0.0,0,0.0,0,0.0,0
2012-11-05T09:23:06.000,2307.8,12017,2307.6,13,0.0,0,0.0,0,0.0,0,0.0,0,2307.8,17,0.0,0,0.0,0,0.0,0,0.0,0
2012-11-05T09:23:06.500,2307.6,12022,2307.6,12,0.0,0,0.0,0,0.0,0,0.0,0,2307.8,15,0.0,0,0.0,0,0.0,0,0.0,0
2012-11-05T09:23:07.000,2307.8,12027,2307.6,10,0.0,0,0.0,0,0.0,0,0.0,0,2307.8,12,0.0,0,0.0,0,0.0,0,0.0,0
2012-11-05T09:23:07.500,2307.8,12038,2307.6,10,0.0,0,0.0,0,0.0,0,0.0,0,2307.8,2,0.0,0,0.0,0,0.0,0,0.0,0
2012-11-05T09:23:08.000,2307.4,12055,2307.4,6,0.0,0,0.0,0,0.0,0,0.0,0,2307.8,1,0.0,0,0.0,0,0.0,0,0.0,0
2012-11-05T09:23:08.500,2307.8,12056,2307.6,1,0.0,0,0.0,0,0.0,0,0.0,0,2308,64,0.0,0,0.0,0,0.0,0,0.0,0
2012-11-05T09:23:09.000,2307.8,12058,2307.6,1,0.0,0,0.0,0,0.0,0,0.0,0,2307.8,9,0.0,0,0.0,0,0.0,0,0.0,0
2012-11-05T09:23:09.500,2307.8,12059,2307.6,2,0.0,0,0.0,0,0.0,0,0.0,0,2307.8,9,0.0,0,0.0,0,0.0,0,0.0,0
2012-11-05T09:23:10.250,2307.6,12063,2307.6,1,0.0,0,0.0,0,0.0,0,0.0,0,2307.8,8,0.0,0,0.0,0,0.0,0,0.0,0
2012-11-05T09:23:11.250,2307.6,12065,2307.6,7,0.0,0,0.0,0,0.0,0,0.0,0,2307.8,16,0.0,0,0.0,0,0.0,0,0.0,0
2012-11-05T09:23:12.250,2307.8,12071,2307.6,3,0.0,0,0.0,0,0.0,0,0.0,0,2307.8,20,0.0,0,0.0,0,0.0,0,0.0,0
2012-11-05T09:23:13.250,2307.6,12075,2307.4,10,0.0,0,0.0,0,0.0,0,0.0,0,2307.8,19,0.0,0,0.0,0,0.0,0,0.0,0
2012-11-05T09:23:15.250,2307.4,12077,2307.4,9,0.0,0,0.0,0,0.0,0,0.0,0,2307.6,5,0.0,0,0.0,0,0.0,0,0.0,0
2012-11-05T09:23:16.250,2307.6,12078,2307.4,27,0.0,0,0.0,0,0.0,0,0.0,0,2307.6,13,0.0,0,0.0,0,0.0,0,0.0,0
2012-11-05T09:23:17.000,2307.4,12079,2307.4,26,0.0,0,0.0,0,0.0,0,0.0,0,2307.6,13,0.0,0,0.0,0,0.0,0,0.0,0
2012-11-05T09:23:17.500,2307.4,12080,2307.4,25,0.0,0,0.0,0,0.0,0,0.0,0,2307.6,13,0.0,0,0.0,0,0.0,0,0.0,0
2012-11-05T09:23:18.250,2307.4,12081,2307.4,25,0.0,0,0.0,0,0.0,0,0.0,0,2307.6,13,0.0,0,0.0,0,0.0,0,0.0,0
2012-11-05T09:23:19.250,2307.6,12087,2307.4,25,0.0,0,0.0,0,0.0,0,0.0,0,2307.6,7,0.0,0,0.0,0,0.0,0,0.0,0
2012-11-05T09:23:20.000,2307.4,12088,2307.4,24,0.0,0,0.0,0,0.0,0,0.0,0,2307.6,7,0.0,0,0.0,0,0.0,0,0.0,0
2012-11-05T09:23:20.500,2307.6,12090,2307.4,23,0.0,0,0.0,0,0.0,0,0.0,0,2307.6,6,0.0,0,0.0,0,0.0,0,0.0,0
2012-11-05T09:23:21.000,2307.6,12096,2307.4,42,0.0,0,0.0,0,0.0,0,0.0,0,2307.6,1,0.0,0,0.0,0,0.0,0,0.0,0
2012-11-05T09:23:21.500,2307.6,12097,2307.4,42,0.0,0,0.0,0,0.0,0,0.0,0,2307.8,17,0.0,0,0.0,0,0.0,0,0.0,0
2012-11-05T09:23:22.000,2307.8,12098,2307.6,3,0.0,0,0.0,0,0.0,0,0.0,0,2307.8,16,0.0,0,0.0,0,0.0,0,0.0,0
2012-11-05T09:23:22.500,2307.8,12100,2307.6,4,0.0,0,0.0,0,0.0,0,0.0,0,2307.8,14,0.0,0,0.0,0,0.0,0,0.0,0
2012-11-05T09:23:23.000,2307.6,12104,2307.4,43,0.0,0,0.0,0,0.0,0,0.0,0,2307.6,6,0.0,0,0.0,0,0.0,0,0.0,0
2012-11-05T09:23:23.500,2307.6,12106,2307.4,42,0.0,0,0.0,0,0.0,0,0.0,0,2307.6,6,0.0,0,0.0,0,0.0,0,0.0,0
2012-11-05T09:23:24.000,2307.6,12108,2307.4,42,0.0,0,0.0,0,0.0,0,0.0,0,2307.6,4,0.0,0,0.0,0,0.0,0,0.0,0
2012-11-05T09:23:24.500,2307.4,12109,2307.4,41,0.0,0,0.0,0,0.0,0,0.0,0,2307.6,6,0.0,0,0.0,0,0.0,0,0.0,0
2012-11-05T09:23:25.250,2307.6,12111,2307.4,41,0.0,0,0.0,0,0.0,0,0.0,0,2307.6,4,0.0,0,0.0,0,0.0,0,0.0,0
2012-11-05T09:23:27.250,2307.6,12113,2307.4,41,0.0,0,0.0,0,0.0,0,0.0,0,2307.6,2,0.0,0,0.0,0,0.0,0,0.0,0
2012-11-05T09:23:29.000,2307.6,12115,2307.4,43,0.0,0,0.0,0,0.0,0,0.0,0,2307.6,3,0.0,0,0.0,0,0.0,0,0.0,0
2012-11-05T09:23:29.500,2307.6,12117,2307.4,43,0.0,0,0.0,0,0.0,0,0.0,0,2307.6,2,0.0,0,0.0,0,0.0,0,0.0,0
2012-11-05T09:23:30.000,2307.4,12118,2307.4,42,0.0,0,0.0,0,0.0,0,0.0,0,2307.6,2,0.0,0,0.0,0,0.0,0,0.0,0
2012-11-05T09:23:30.500,2307.6,12119,2307.4,42,0.0,0,0.0,0,0.0,0,0.0,0,2307.6,1,0.0,0,0.0,0,0.0,0,0.0,0
2012-11-05T09:23:31.250,2307.6,12120,2307.6,2,0.0,0,0.0,0,0.0,0,0.0,0,2307.8,8,0.0,0,0.0,0,0.0,0,0.0,0
2012-11-05T09:23:32.250,2307.6,12122,2307.4,44,0.0,0,0.0,0,0.0,0,0.0,0,2307.8,11,0.0,0,0.0,0,0.0,0,0.0,0
2012-11-05T09:23:33.250,2307.4,12123,2307.4,43,0.0,0,0.0,0,0.0,0,0.0,0,2307.6,1,0.0,0,0.0,0,0.0,0,0.0,0
2012-11-05T09:23:35.250,2307.6,12125,2307.4,45,0.0,0,0.0,0,0.0,0,0.0,0,2307.6,5,0.0,0,0.0,0,0.0,0,0.0,0
2012-11-05T09:23:36.250,2307.4,12130,2307.4,40,0.0,0,0.0,0,0.0,0,0.0,0,2307.6,5,0.0,0,0.0,0,0.0,0,0.0,0
2012-11-05T09:23:37.250,2307.4,12131,2307.4,38,0.0,0,0.0,0,0.0,0,0.0,0,2307.6,8,0.0,0,0.0,0,0.0,0,0.0,0
2012-11-05T09:23:38.250,2307.6,12132,2307.4,39,0.0,0,0.0,0,0.0,0,0.0,0,2307.6,11,0.0,0,0.0,0,0.0,0,0.0,0
2012-11-05T09:23:41.250,2307.6,12133,2307.4,62,0.0,0,0.0,0,0.0,0,0.0,0,2307.6,19,0.0,0,0.0,0,0.0,0,0.0,0
2012-11-05T09:23:42.250,2307.4,12134,2307.4,61,0.0,0,0.0,0,0.0,0,0.0,0,2307.6,20,0.0,0,0.0,0,0.0,0,0.0,0
2012-11-05T09:23:43.250,2307.6,12137,2307.4,61,0.0,0,0.0,0,0.0,0,0.0,0,2307.6,19,0.0,0,0.0,0,0.0,0,0.0,0
2012-11-05T09:23:44.250,2307.6,12138,2307.4,60,0.0,0,0.0,0,0.0,0,0.0,0,2307.6,17,0.0,0,0.0,0,0.0,0,0.0,0
2012-11-05T09:23:45.000,2307.4,12139,2307.4,59,0.0,0,0.0,0,0.0,0,0.0,0,2307.6,17,0.0,0,0.0,0,0.0,0,0.0,0
2012-11-05T09:23:45.500,2307.4,12143,2307.4,57,0.0,0,0.0,0,0.0,0,0.0,0,2307.6,16,0.0,0,0.0,0,0.0,0,0.0,0
2012-11-05T09:23:46.000,2307.6,12144,2307.4,57,0.0,0,0.0,0,0.0,0,0.0,0,2307.6,15,0.0,0,0.0,0,0.0,0,0.0,0
2012-11-05T09:23:46.500,2307.4,12146,2307.4,55,0.0,0,0.0,0,0.0,0,0.0,0,2307.6,15,0.0,0,0.0,0,0.0,0,0.0,0
2012-11-05T09:23:47.000,2307.4,12148,2307.4,53,0.0,0,0.0,0,0.0,0,0.0,0,2307.6,15,0.0,0,0.0,0,0.0,0,0.0,0
2012-11-05T09:23:47.500,2307.4,12149,2307.4,52,0.0,0,0.0,0,0.0,0,0.0,0,2307.6,15,0.0,0,0.0,0,0.0,0,0.0,0
2012-11-05T09:23:48.250,2307.6,12150,2307.4,52,0.0,0,0.0,0,0.0,0,0.0,0,2307.6,16,0.0,0,0.0,0,0.0,0,0.0,0
2012-11-05T09:23:49.250,2307.4,12151,2307.4,51,0.0,0,0.0,0,0.0,0,0.0,0,2307.6,16,0.0,0,0.0,0,0.0,0,0.0,0
2012-11-05T09:23:51.250,2307.4,12152,2307.4,51,0.0,0,0.0,0,0.0,0,0.0,0,2307.6,19,0.0,0,0.0,0,0.0,0,0.0,0
2012-11-05T09:23:52.250,2307.4,12154,2307.4,50,0.0,0,0.0,0,0.0,0,0.0,0,2307.6,18,0.0,0,0.0,0,0.0,0,0.0,0
2012-11-05T09:23:53.000,2307.6,12173,2307.6,10,0.0,0,0.0,0,0.0,0,0.0,0,2307.8,12,0.0,0,0.0,0,0.0,0,0.0,0
2012-11-05T09:23:53.500,2307.6,12176,2307.6,7,0.0,0,0.0,0,0.0,0,0.0,0,2307.8,12,0.0,0,0.0,0,0.0,0,0.0,0
2012-11-05T09:23:54.250,2307.6,12177,2307.6,6,0.0,0,0.0,0,0.0,0,0.0,0,2307.8,12,0.0,0,0.0,0,0.0,0,0.0,0
2012-11-05T09:23:55.250,2307.6,12180,2307.6,8,0.0,0,0.0,0,0.0,0,0.0,0,2307.8,12,0.0,0,0.0,0,0.0,0,0.0,0
2012-11-05T09:23:58.000,2307.6,12189,2307.6,1,0.0,0,0.0,0,0.0,0,0.0,0,2307.8,15,0.0,0,0.0,0,0.0,0,0.0,0
2012-11-05T09:23:58.500,2307.6,12190,2307.4,49,0.0,0,0.0,0,0.0,0,0.0,0,2307.8,15,0.0,0,0.0,0,0.0,0,0.0,0
2012-11-05T09:23:59.250,2307.8,12191,2307.6,2,0.0,0,0.0,0,0.0,0,0.0,0,2307.8,15,0.0,0,0.0,0,0.0,0,0.0,0
2012-11-05T09:24:00.250,2307.6,12192,2307.6,1,0.0,0,0.0,0,0.0,0,0.0,0,2307.8,15,0.0,0,0.0,0,0.0,0,0.0,0
2012-11-05T09:24:01.000,2307.8,12195,2307.6,20,0.0,0,0.0,0,0.0,0,0.0,0,2307.8,13,0.0,0,0.0,0,0.0,0,0.0,0
2012-11-05T09:24:01.500,2307.8,12210,2307.6,21,0.0,0,0.0,0,0.0,0,0.0,0,2307.8,1,0.0,0,0.0,0,0.0,0,0.0,0
2012-11-05T09:24:02.000,2307.6,12211,2307.8,36,0.0,0,0.0,0,0.0,0,0.0,0,2308,82,0.0,0,0.0,0,0.0,0,0.0,0
2012-11-05T09:24:02.500,2308,12214,2307.8,34,0.0,0,0.0,0,0.0,0,0.0,0,2308,81,0.0,0,0.0,0,0.0,0,0.0,0
2012-11-05T09:24:03.000,2307.8,12216,2307.8,33,0.0,0,0.0,0,0.0,0,0.0,0,2308,80,0.0,0,0.0,0,0.0,0,0.0,0
2012-11-05T09:24:03.500,2308,12242,2307.8,33,0.0,0,0.0,0,0.0,0,0.0,0,2308,52,0.0,0,0.0,0,0.0,0,0.0,0
2012-11-05T09:24:05.000,2307.8,12243,2307.8,32,0.0,0,0.0,0,0.0,0,0.0,0,2308,52,0.0,0,0.0,0,0.0,0,0.0,0
2012-11-05T09:24:05.500,2308,12244,2307.8,32,0.0,0,0.0,0,0.0,0,0.0,0,2308,51,0.0,0,0.0,0,0.0,0,0.0,0
2012-11-05T09:24:06.000,2308,12245,2307.8,32,0.0,0,0.0,0,0.0,0,0.0,0,2308,50,0.0,0,0.0,0,0.0,0,0.0,0
2012-11-05T09:24:06.500,2307.8,12246,2307.8,31,0.0,0,0.0,0,0.0,0,0.0,0,2308,50,0.0,0,0.0,0,0.0,0,0.0,0
2012-11-05T09:24:07.250,2307.8,12247,2307.8,30,0.0,0,0.0,0,0.0,0,0.0,0,2308,50,0.0,0,0.0,0,0.0,0,0.0,0
2012-11-05T09:24:08.250,2307.8,12251,2307.8,28,0.0,0,0.0,0,0.0,0,0.0,0,2308,48,0.0,0,0.0,0,0.0,0,0.0,0
2012-11-05T09:24:09.250,2308,12253,2307.8,28,0.0,0,0.0,0,0.0,0,0.0,0,2308,46,0.0,0,0.0,0,0.0,0,0.0,0
2012-11-05T09:24:10.250,2307.8,12254,2307.8,27,0.0,0,0.0,0,0.0,0,0.0,0,2308,45,0.0,0,0.0,0,0.0,0,0.0,0
2012-11-05T09:24:11.000,2307.8,12255,2307.8,54,0.0,0,0.0,0,0.0,0,0.0,0,2308,45,0.0,0,0.0,0,0.0,0,0.0,0
2012-11-05T09:24:11.500,2308,12256,2307.8,54,0.0,0,0.0,0,0.0,0,0.0,0,2308,44,0.0,0,0.0,0,0.0,0,0.0,0
2012-11-05T09:24:13.250,2308,12257,2307.8,57,0.0,0,0.0,0,0.0,0,0.0,0,2308,44,0.0,0,0.0,0,0.0,0,0.0,0
2012-11-05T09:24:14.250,2308,12259,2307.8,57,0.0,0,0.0,0,0.0,0,0.0,0,2308,42,0.0,0,0.0,0,0.0,0,0.0,0
2012-11-05T09:24:15.000,2308,12264,2307.8,57,0.0,0,0.0,0,0.0,0,0.0,0,2308,37,0.0,0,0.0,0,0.0,0,0.0,0
2012-11-05T09:24:15.500,2307.8,12281,2307.8,55,0.0,0,0.0,0,0.0,0,0.0,0,2308,23,0.0,0,0.0,0,0.0,0,0.0,0
2012-11-05T09:24:16.000,2308,12290,2307.8,85,0.0,0,0.0,0,0.0,0,0.0,0,2308,14,0.0,0,0.0,0,0.0,0,0.0,0
2012-11-05T09:24:16.500,2308,12305,2308,13,0.0,0,0.0,0,0.0,0,0.0,0,2308.2,17,0.0,0,0.0,0,0.0,0,0.0,0
2012-11-05T09:24:17.000,2308,12307,2308,11,0.0,0,0.0,0,0.0,0,0.0,0,2308.2,17,0.0,0,0.0,0,0.0,0,0.0,0
2012-11-05T09:24:17.500,2308,12319,2308,6,0.0,0,0.0,0,0.0,0,0.0,0,2308.2,21,0.0,0,0.0,0,0.0,0,0.0,0
2012-11-05T09:24:18.000,2308.2,12328,2308,7,0.0,0,0.0,0,0.0,0,0.0,0,2308.2,15,0.0,0,0.0,0,0.0,0,0.0,0
2012-11-05T09:24:18.500,2308,12333,2308,6,0.0,0,0.0,0,0.0,0,0.0,0,2308.2,13,0.0,0,0.0,0,0.0,0,0.0,0
2012-11-05T09:24:19.000,2308.2,12334,2308,7,0.0,0,0.0,0,0.0,0,0.0,0,2308.2,13,0.0,0,0.0,0,0.0,0,0.0,0
2012-11-05T09:24:19.500,2308,12340,2308,2,0.0,0,0.0,0,0.0,0,0.0,0,2308.2,12,0.0,0,0.0,0,0.0,0,0.0,0
2012-11-05T09:24:20.250,2308.2,12342,2308,6,0.0,0,0.0,0,0.0,0,0.0,0,2308.2,11,0.0,0,0.0,0,0.0,0,0.0,0
2012-11-05T09:24:21.250,2308.2,12349,2308,6,0.0,0,0.0,0,0.0,0,0.0,0,2308.2,7,0.0,0,0.0,0,0.0,0,0.0,0
2012-11-05T09:24:22.250,2308.2,12355,2308,14,0.0,0,0.0,0,0.0,0,0.0,0,2308.2,1,0.0,0,0.0,0,0.0,0,0.0,0
2012-11-05T09:24:23.000,2308.2,12357,2308,14,0.0,0,0.0,0,0.0,0,0.0,0,2308.2,1,0.0,0,0.0,0,0.0,0,0.0,0
2012-11-05T09:24:23.500,2308,12360,2308.2,1,0.0,0,0.0,0,0.0,0,0.0,0,2308.4,15,0.0,0,0.0,0,0.0,0,0.0,0
