date_time,last_px,total_volume,bid1_px,bid1_qty,bid2_px,bid2_qty,bid3_px,bid3_qty,bid4_px,bid4_qty,bid5_px,bid5_qty,ask1_px,ask1_qty,ask2_px,ask2_qty,ask3_px,ask3_qty,ask4_px,ask4_qty,ask5_px,ask5_qty
2012-11-23T09:14:00.250,2193,336,2192.8,1,0.0,0,0.0,0,0.0,0,0.0,0,2193,6,0.0,0,0.0,0,0.0,0,0.0,0
2012-11-23T09:15:00.250,2192.8,478,2192,84,0.0,0,0.0,0,0.0,0,0.0,0,2192.8,30,0.0,0,0.0,0,0.0,0,0.0,0
2012-11-23T09:15:01.000,2193.8,790,2192.2,30,0.0,0,0.0,0,0.0,0,0.0,0,2193.8,36,0.0,0,0.0,0,0.0,0,0.0,0
2012-11-23T09:15:01.500,2192.8,873,2192.6,29,0.0,0,0.0,0,0.0,0,0.0,0,2192.8,12,0.0,0,0.0,0,0.0,0,0.0,0
2012-11-23T09:15:02.000,2192,1104,2192,32,0.0,0,0.0,0,0.0,0,0.0,0,2192.2,1,0.0,0,0.0,0,0.0,0,0.0,0
2012-11-23T09:15:02.500,2191.4,1208,2191.4,11,0.0,0,0.0,0,0.0,0,0.0,0,2192,8,0.0,0,0.0,0,0.0,0,0.0,0
2012-11-23T09:15:03.000,2191.2,1261,2191.2,52,0.0,0,0.0,0,0.0,0,0.0,0,2191.4,9,0.0,0,0.0,0,0.0,0,0.0,0
2012-11-23T09:15:03.500,2191,1450,2191,15,0.0,0,0.0,0,0.0,0,0.0,0,2191.2,7,0.0,0,0.0,0,0.0,0,0.0,0
2012-11-23T09:15:04.000,2191,1480,2190.6,4,0.0,0,0.0,0,0.0,0,0.0,0,2191,17,0.0,0,0.0,0,0.0,0,0.0,0
2012-11-23T09:15:04.500,2191.2,1581,2190.2,64,0.0,0,0.0,0,0.0,0,0.0,0,2191.2,43,0.0,0,0.0,0,0.0,0,0.0,0
2012-11-23T09:15:05.000,2191,1662,2190.4,45,0.0,0,0.0,0,0.0,0,0.0,0,2191,24,0.0,0,0.0,0,0.0,0,0.0,0
2012-11-23T09:15:05.500,2190.6,1749,2191,1,0.0,0,0.0,0,0.0,0,0.0,0,2191.2,54,0.0,0,0.0,0,0.0,0,0.0,0
2012-11-23T09:15:06.000,2190.6,1810,2190.6,51,0.0,0,0.0,0,0.0,0,0.0,0,2191,6,0.0,0,0.0,0,0.0,0,0.0,0
2012-11-23T09:15:06.500,2190.6,1879,2190.6,7,0.0,0,0.0,0,0.0,0,0.0,0,2190.8,5,0.0,0,0.0,0,0.0,0,0.0,0
2012-11-23T09:15:07.000,2190.6,1943,2190.4,2,0.0,0,0.0,0,0.0,0,0.0,0,2190.6,4,0.0,0,0.0,0,0.0,0,0.0,0
2012-11-23T09:15:07.500,2190.6,1965,2190.2,61,0.0,0,0.0,0,0.0,0,0.0,0,2190.4,20,0.0,0,0.0,0,0.0,0,0.0,0
2012-11-23T09:15:08.000,2190.2,2043,2190,45,0.0,0,0.0,0,0.0,0,0.0,0,2190.2,2,0.0,0,0.0,0,0.0,0,0.0,0
2012-11-23T09:15:08.500,2189.8,2101,2189.6,9,0.0,0,0.0,0,0.0,0,0.0,0,2189.8,14,0.0,0,0.0,0,0.0,0,0.0,0
2012-11-23T09:15:09.000,2189.2,2161,2189,23,0.0,0,0.0,0,0.0,0,0.0,0,2189.2,29,0.0,0,0.0,0,0.0,0,0.0,0
2012-11-23T09:15:09.500,2189.2,2204,2188.8,21,0.0,0,0.0,0,0.0,0,0.0,0,2189.2,13,0.0,0,0.0,0,0.0,0,0.0,0
2012-11-23T09:15:10.000,2189,2291,2189,31,0.0,0,0.0,0,0.0,0,0.0,0,2189.4,3,0.0,0,0.0,0,0.0,0,0.0,0
2012-11-23T09:15:10.500,2189.2,2373,2189.4,11,0.0,0,0.0,0,0.0,0,0.0,0,2189.8,31,0.0,0,0.0,0,0.0,0,0.0,0
2012-11-23T09:15:11.000,2189.8,2440,2189.6,103,0.0,0,0.0,0,0.0,0,0.0,0,2189.8,2,0.0,0,0.0,0,0.0,0,0.0,0
2012-11-23T09:15:11.500,2189.8,2545,2189.8,24,0.0,0,0.0,0,0.0,0,0.0,0,2190,47,0.0,0,0.0,0,0.0,0,0.0,0
2012-11-23T09:15:12.000,2190,2637,2190,34,0.0,0,0.0,0,0.0,0,0.0,0,2190.2,92,0.0,0,0.0,0,0.0,0,0.0,0
2012-11-23T09:15:12.500,2190.2,2751,2190,106,0.0,0,0.0,0,0.0,0,0.0,0,2190.2,33,0.0,0,0.0,0,0.0,0,0.0,0
2012-11-23T09:15:13.000,2190.2,2880,2190,67,0.0,0,0.0,0,0.0,0,0.0,0,2190.2,6,0.0,0,0.0,0,0.0,0,0.0,0
2012-11-23T09:15:13.500,2190.4,2944,2190.2,61,0.0,0,0.0,0,0.0,0,0.0,0,2190.4,11,0.0,0,0.0,0,0.0,0,0.0,0
2012-11-23T09:15:14.000,2190.2,3007,2190.2,86,0.0,0,0.0,0,0.0,0,0.0,0,2190.6,28,0.0,0,0.0,0,0.0,0,0.0,0
2012-11-23T09:15:14.500,2190.6,3031,2190.4,10,0.0,0,0.0,0,0.0,0,0.0,0,2190.6,15,0.0,0,0.0,0,0.0,0,0.0,0
2012-11-23T09:15:15.000,2190.4,3165,2190.2,88,0.0,0,0.0,0,0.0,0,0.0,0,2190.4,1,0.0,0,0.0,0,0.0,0,0.0,0
2012-11-23T09:15:15.500,2190.2,3182,2190.4,1,0.0,0,0.0,0,0.0,0,0.0,0,2190.8,1,0.0,0,0.0,0,0.0,0,0.0,0
2012-11-23T09:15:16.000,2190.2,3284,2190.2,78,0.0,0,0.0,0,0.0,0,0.0,0,2190.8,1,0.0,0,0.0,0,0.0,0,0.0,0
2012-11-23T09:15:16.500,2190.2,3362,2190.2,59,0.0,0,0.0,0,0.0,0,0.0,0,2190.4,25,0.0,0,0.0,0,0.0,0,0.0,0
2012-11-23T09:15:17.000,2190.4,3395,2190.2,53,0.0,0,0.0,0,0.0,0,0.0,0,2190.4,6,0.0,0,0.0,0,0.0,0,0.0,0
2012-11-23T09:15:17.500,2190.2,3511,2190,52,0.0,0,0.0,0,0.0,0,0.0,0,2190.2,34,0.0,0,0.0,0,0.0,0,0.0,0
2012-11-23T09:15:18.000,2190,3565,2190,8,0.0,0,0.0,0,0.0,0,0.0,0,2190.2,31,0.0,0,0.0,0,0.0,0,0.0,0
2012-11-23T09:15:18.500,2190,3613,2189.8,45,0.0,0,0.0,0,0.0,0,0.0,0,2190,32,0.0,0,0.0,0,0.0,0,0.0,0
2012-11-23T09:15:19.000,2189.8,3678,2189.8,28,0.0,0,0.0,0,0.0,0,0.0,0,2190,1,0.0,0,0.0,0,0.0,0,0.0,0
2012-11-23T09:15:19.500,2190.2,3741,2190,19,0.0,0,0.0,0,0.0,0,0.0,0,2190.2,32,0.0,0,0.0,0,0.0,0,0.0,0
2012-11-23T09:15:20.000,2190.2,3787,2189.8,2,0.0,0,0.0,0,0.0,0,0.0,0,2190,1,0.0,0,0.0,0,0.0,0,0.0,0
2012-11-23T09:15:20.500,2190,3842,2190,12,0.0,0,0.0,0,0.0,0,0.0,0,2190.2,3,0.0,0,0.0,0,0.0,0,0.0,0
2012-11-23T09:15:21.000,2190,3854,2190.2,5,0.0,0,0.0,0,0.0,0,0.0,0,2190.4,37,0.0,0,0.0,0,0.0,0,0.0,0
2012-11-23T09:15:21.500,2189.8,3930,2189.4,2,0.0,0,0.0,0,0.0,0,0.0,0,2189.8,2,0.0,0,0.0,0,0.0,0,0.0,0
2012-11-23T09:15:22.000,2190,4007,2189.4,6,0.0,0,0.0,0,0.0,0,0.0,0,2190,31,0.0,0,0.0,0,0.0,0,0.0,0
2012-11-23T09:15:22.500,2189.4,4061,2189.2,75,0.0,0,0.0,0,0.0,0,0.0,0,2189.4,8,0.0,0,0.0,0,0.0,0,0.0,0
2012-11-23T09:15:23.000,2190,4103,2189.8,2,0.0,0,0.0,0,0.0,0,0.0,0,2190,39,0.0,0,0.0,0,0.0,0,0.0,0
2012-11-23T09:15:23.500,2189.4,4166,2189.4,2,0.0,0,0.0,0,0.0,0,0.0,0,2189.8,7,0.0,0,0.0,0,0.0,0,0.0,0
2012-11-23T09:15:24.000,2189.2,4257,2189.2,56,0.0,0,0.0,0,0.0,0,0.0,0,2189.4,6,0.0,0,0.0,0,0.0,0,0.0,0
2012-11-23T09:15:24.500,2189.2,4314,2189.2,11,0.0,0,0.0,0,0.0,0,0.0,0,2189.4,2,0.0,0,0.0,0,0.0,0,0.0,0
2012-11-23T09:15:25.000,2189.4,4353,2189.4,9,0.0,0,0.0,0,0.0,0,0.0,0,2190,2,0.0,0,0.0,0,0.0,0,0.0,0
2012-11-23T09:15:25.500,2189.6,4374,2189.6,10,0.0,0,0.0,0,0.0,0,0.0,0,2189.8,14,0.0,0,0.0,0,0.0,0,0.0,0
2012-11-23T09:15:26.000,2189.8,4420,2189.4,10,0.0,0,0.0,0,0.0,0,0.0,0,2189.6,3,0.0,0,0.0,0,0.0,0,0.0,0
2012-11-23T09:15:26.500,2189.6,4437,2189.6,3,0.0,0,0.0,0,0.0,0,0.0,0,2190,45,0.0,0,0.0,0,0.0,0,0.0,0
2012-11-23T09:15:27.000,2189.6,4447,2189.6,19,0.0,0,0.0,0,0.0,0,0.0,0,2190,53,0.0,0,0.0,0,0.0,0,0.0,0
2012-11-23T09:15:27.500,2189.6,4502,2189.6,20,0.0,0,0.0,0,0.0,0,0.0,0,2190,4,0.0,0,0.0,0,0.0,0,0.0,0
2012-11-23T09:15:28.000,2190,4511,2189.8,17,0.0,0,0.0,0,0.0,0,0.0,0,2190,2,0.0,0,0.0,0,0.0,0,0.0,0
2012-11-23T09:15:28.500,2189.8,4540,2189.8,5,0.0,0,0.0,0,0.0,0,0.0,0,2190.2,16,0.0,0,0.0,0,0.0,0,0.0,0
2012-11-23T09:15:29.000,2190,4595,2189.4,29,0.0,0,0.0,0,0.0,0,0.0,0,2189.6,1,0.0,0,0.0,0,0.0,0,0.0,0
2012-11-23T09:15:29.500,2190.2,4618,2190,13,0.0,0,0.0,0,0.0,0,0.0,0,2190.2,7,0.0,0,0.0,0,0.0,0,0.0,0
2012-11-23T09:15:30.000,2190,4650,2190,4,0.0,0,0.0,0,0.0,0,0.0,0,2190.4,13,0.0,0,0.0,0,0.0,0,0.0,0
2012-11-23T09:15:30.500,2190.2,4680,2190.2,1,0.0,0,0.0,0,0.0,0,0.0,0,2190.4,13,0.0,0,0.0,0,0.0,0,0.0,0
2012-11-23T09:15:31.000,2190,4711,2189.6,32,0.0,0,0.0,0,0.0,0,0.0,0,2190.4,3,0.0,0,0.0,0,0.0,0,0.0,0
2012-11-23T09:15:31.500,2189.8,4717,2189.8,18,0.0,0,0.0,0,0.0,0,0.0,0,2190,1,0.0,0,0.0,0,0.0,0,0.0,0
2012-11-23T09:15:32.000,2190.4,4728,2190.4,6,0.0,0,0.0,0,0.0,0,0.0,0,2190.6,53,0.0,0,0.0,0,0.0,0,0.0,0
2012-11-23T09:15:32.500,2190,4773,2190,1,0.0,0,0.0,0,0.0,0,0.0,0,2190.2,2,0.0,0,0.0,0,0.0,0,0.0,0
2012-11-23T09:15:33.000,2190,4781,2189.6,37,0.0,0,0.0,0,0.0,0,0.0,0,2190,4,0.0,0,0.0,0,0.0,0,0.0,0
2012-11-23T09:15:33.500,2190,4785,2189.6,37,0.0,0,0.0,0,0.0,0,0.0,0,2189.8,25,0.0,0,0.0,0,0.0,0,0.0,0
2012-11-23T09:15:34.000,2189.8,4792,2189.6,37,0.0,0,0.0,0,0.0,0,0.0,0,2189.8,20,0.0,0,0.0,0,0.0,0,0.0,0
2012-11-23T09:15:34.500,2189.8,4811,2189.6,48,0.0,0,0.0,0,0.0,0,0.0,0,2189.8,6,0.0,0,0.0,0,0.0,0,0.0,0
2012-11-23T09:15:35.000,2190,4832,2189.8,15,0.0,0,0.0,0,0.0,0,0.0,0,2190,3,0.0,0,0.0,0,0.0,0,0.0,0
2012-11-23T09:15:35.500,2190,4839,2189.8,18,0.0,0,0.0,0,0.0,0,0.0,0,2190,10,0.0,0,0.0,0,0.0,0,0.0,0
2012-11-23T09:15:36.000,2189.8,4852,2189.8,23,0.0,0,0.0,0,0.0,0,0.0,0,2190,19,0.0,0,0.0,0,0.0,0,0.0,0
2012-11-23T09:15:36.500,2189.8,4870,2189.8,39,0.0,0,0.0,0,0.0,0,0.0,0,2190,13,0.0,0,0.0,0,0.0,0,0.0,0
2012-11-23T09:15:37.000,2190,4892,2190,11,0.0,0,0.0,0,0.0,0,0.0,0,2190.2,19,0.0,0,0.0,0,0.0,0,0.0,0
2012-11-23T09:15:37.500,2190.2,4911,2190.2,82,0.0,0,0.0,0,0.0,0,0.0,0,2190.4,29,0.0,0,0.0,0,0.0,0,0.0,0
2012-11-23T09:15:38.000,2190.2,4971,2190.2,47,0.0,0,0.0,0,0.0,0,0.0,0,2190.4,5,0.0,0,0.0,0,0.0,0,0.0,0
2012-11-23T09:15:38.500,2190.4,5026,2190.2,28,0.0,0,0.0,0,0.0,0,0.0,0,2190.6,48,0.0,0,0.0,0,0.0,0,0.0,0
2012-11-23T09:15:39.000,2190.2,5051,2190.2,16,0.0,0,0.0,0,0.0,0,0.0,0,2190.6,47,0.0,0,0.0,0,0.0,0,0.0,0
2012-11-23T09:15:39.500,2190.2,5059,2190.2,9,0.0,0,0.0,0,0.0,0,0.0,0,2190.4,22,0.0,0,0.0,0,0.0,0,0.0,0
2012-11-23T09:15:40.000,2190.4,5070,2190,27,0.0,0,0.0,0,0.0,0,0.0,0,2190.4,20,0.0,0,0.0,0,0.0,0,0.0,0
2012-11-23T09:15:40.500,2190,5075,2190,32,0.0,0,0.0,0,0.0,0,0.0,0,2190.2,4,0.0,0,0.0,0,0.0,0,0.0,0
2012-11-23T09:15:41.000,2190.2,5104,2190,31,0.0,0,0.0,0,0.0,0,0.0,0,2190.2,18,0.0,0,0.0,0,0.0,0,0.0,0
2012-11-23T09:15:41.500,2190,5119,2190,23,0.0,0,0.0,0,0.0,0,0.0,0,2190.2,17,0.0,0,0.0,0,0.0,0,0.0,0
2012-11-23T09:15:42.000,2190.2,5158,2190,21,0.0,0,0.0,0,0.0,0,0.0,0,2190.2,4,0.0,0,0.0,0,0.0,0,0.0,0
2012-11-23T09:15:42.500,2190.2,5192,2190,14,0.0,0,0.0,0,0.0,0,0.0,0,2190.6,36,0.0,0,0.0,0,0.0,0,0.0,0
2012-11-23T09:15:43.000,2190.4,5201,2190.4,2,0.0,0,0.0,0,0.0,0,0.0,0,2190.6,33,0.0,0,0.0,0,0.0,0,0.0,0
2012-11-23T09:15:43.500,2190,5238,2190,32,0.0,0,0.0,0,0.0,0,0.0,0,2190.4,14,0.0,0,0.0,0,0.0,0,0.0,0
2012-11-23T09:15:44.000,2190.4,5274,2190,32,0.0,0,0.0,0,0.0,0,0.0,0,2190.4,19,0.0,0,0.0,0,0.0,0,0.0,0
2012-11-23T09:15:44.500,2190.2,5278,2190.2,4,0.0,0,0.0,0,0.0,0,0.0,0,2190.4,20,0.0,0,0.0,0,0.0,0,0.0,0
2012-11-23T09:15:45.000,2190.4,5297,2190.2,5,0.0,0,0.0,0,0.0,0,0.0,0,2190.4,3,0.0,0,0.0,0,0.0,0,0.0,0
2012-11-23T09:15:45.500,2190.2,5303,2190.2,16,0.0,0,0.0,0,0.0,0,0.0,0,2190.4,3,0.0,0,0.0,0,0.0,0,0.0,0
2012-11-23T09:15:46.000,2190.2,5329,2190,34,0.0,0,0.0,0,0.0,0,0.0,0,2190.2,10,0.0,0,0.0,0,0.0,0,0.0,0
2012-11-23T09:15:46.500,2190,5338,2190,30,0.0,0,0.0,0,0.0,0,0.0,0,2190.2,7,0.0,0,0.0,0,0.0,0,0.0,0
2012-11-23T09:15:47.000,2190.2,5358,2190,31,0.0,0,0.0,0,0.0,0,0.0,0,2190.2,4,0.0,0,0.0,0,0.0,0,0.0,0
2012-11-23T09:15:47.500,2190.2,5374,2190,20,0.0,0,0.0,0,0.0,0,0.0,0,2190.4,23,0.0,0,0.0,0,0.0,0,0.0,0
2012-11-23T09:15:48.000,2190.2,5393,2190.2,28,0.0,0,0.0,0,0.0,0,0.0,0,2190.4,25,0.0,0,0.0,0,0.0,0,0.0,0
2012-11-23T09:15:48.500,2190.2,5430,2189.8,53,0.0,0,0.0,0,0.0,0,0.0,0,2190.2,13,0.0,0,0.0,0,0.0,0,0.0,0
2012-11-23T09:15:49.000,2190.2,5462,2189.8,39,0.0,0,0.0,0,0.0,0,0.0,0,2190.2,2,0.0,0,0.0,0,0.0,0,0.0,0
2012-11-23T09:15:49.500,2190.2,5474,2190.2,4,0.0,0,0.0,0,0.0,0,0.0,0,2190.4,45,0.0,0,0.0,0,0.0,0,0.0,0
2012-11-23T09:15:50.250,2190.2,5485,2190,7,0.0,0,0.0,0,0.0,0,0.0,0,2190.2,22,0.0,0,0.0,0,0.0,0,0.0,0
2012-11-23T09:15:51.000,2190.2,5496,2190,11,0.0,0,0.0,0,0.0,0,0.0,0,2190.2,29,0.0,0,0.0,0,0.0,0,0.0,0
2012-11-23T09:15:51.500,2190,5498,2190,13,0.0,0,0.0,0,0.0,0,0.0,0,2190.2,30,0.0,0,0.0,0,0.0,0,0.0,0
2012-11-23T09:15:52.000,2190.2,5503,2190,13,0.0,0,0.0,0,0.0,0,0.0,0,2190.2,27,0.0,0,0.0,0,0.0,0,0.0,0
2012-11-23T09:15:52.500,2190,5512,2190,26,0.0,0,0.0,0,0.0,0,0.0,0,2190.2,25,0.0,0,0.0,0,0.0,0,0.0,0
2012-11-23T09:15:53.000,2190,5535,2189.8,44,0.0,0,0.0,0,0.0,0,0.0,0,2190.2,27,0.0,0,0.0,0,0.0,0,0.0,0
2012-11-23T09:15:53.500,2189.8,5537,2189.8,43,0.0,0,0.0,0,0.0,0,0.0,0,2190,12,0.0,0,0.0,0,0.0,0,0.0,0
2012-11-23T09:15:54.000,2190,5546,2189.8,39,0.0,0,0.0,0,0.0,0,0.0,0,2190,18,0.0,0,0.0,0,0.0,0,0.0,0
2012-11-23T09:15:54.500,2190,5568,2189.8,36,0.0,0,0.0,0,0.0,0,0.0,0,2190.2,29,0.0,0,0.0,0,0.0,0,0.0,0
2012-11-23T09:15:55.000,2190.2,5605,2189.8,31,0.0,0,0.0,0,0.0,0,0.0,0,2190.2,4,0.0,0,0.0,0,0.0,0,0.0,0
2012-11-23T09:15:55.500,2190.2,5606,2189.8,31,0.0,0,0.0,0,0.0,0,0.0,0,2190.2,3,0.0,0,0.0,0,0.0,0,0.0,0
2012-11-23T09:15:56.000,2190,5616,2190,15,0.0,0,0.0,0,0.0,0,0.0,0,2190.2,10,0.0,0,0.0,0,0.0,0,0.0,0
2012-11-23T09:15:56.500,2190.2,5642,2190,18,0.0,0,0.0,0,0.0,0,0.0,0,2190.2,7,0.0,0,0.0,0,0.0,0,0.0,0
2012-11-23T09:15:57.000,2190,5687,2189.8,14,0.0,0,0.0,0,0.0,0,0.0,0,2190,1,0.0,0,0.0,0,0.0,0,0.0,0
2012-11-23T09:15:57.500,2189.8,5694,2189.8,10,0.0,0,0.0,0,0.0,0,0.0,0,2190,3,0.0,0,0.0,0,0.0,0,0.0,0
2012-11-23T09:15:58.000,2189.8,5700,2190,17,0.0,0,0.0,0,0.0,0,0.0,0,2190.2,14,0.0,0,0.0,0,0.0,0,0.0,0
2012-11-23T09:15:58.500,2190,5726,2190,38,0.0,0,0.0,0,0.0,0,0.0,0,2190.2,16,0.0,0,0.0,0,0.0,0,0.0,0
2012-11-23T09:15:59.000,2190,5738,2190,40,0.0,0,0.0,0,0.0,0,0.0,0,2190.2,24,0.0,0,0.0,0,0.0,0,0.0,0
2012-11-23T09:15:59.500,2190,5743,2190,67,0.0,0,0.0,0,0.0,0,0.0,0,2190.2,25,0.0,0,0.0,0,0.0,0,0.0,0
2012-11-23T09:16:00.000,2190.2,5775,2190.2,48,0.0,0,0.0,0,0.0,0,0.0,0,2190.4,67,0.0,0,0.0,0,0.0,0,0.0,0
2012-11-23T09:16:00.500,2190.4,5819,2190.2,50,0.0,0,0.0,0,0.0,0,0.0,0,2190.4,43,0.0,0,0.0,0,0.0,0,0.0,0
2012-11-23T09:16:01.000,2190.2,5866,2190.2,26,0.0,0,0.0,0,0.0,0,0.0,0,2190.4,23,0.0,0,0.0,0,0.0,0,0.0,0
2012-11-23T09:16:01.500,2190.2,5890,2190.2,19,0.0,0,0.0,0,0.0,0,0.0,0,2190.4,12,0.0,0,0.0,0,0.0,0,0.0,0
2012-11-23T09:16:02.000,2190.2,5931,2190.2,2,0.0,0,0.0,0,0.0,0,0.0,0,2190.6,106,0.0,0,0.0,0,0.0,0,0.0,0
2012-11-23T09:16:02.500,2190.4,5951,2190.4,9,0.0,0,0.0,0,0.0,0,0.0,0,2190.6,104,0.0,0,0.0,0,0.0,0,0.0,0
2012-11-23T09:16:03.000,2190.4,5973,2190.4,4,0.0,0,0.0,0,0.0,0,0.0,0,2190.6,90,0.0,0,0.0,0,0.0,0,0.0,0
2012-11-23T09:16:03.500,2190.2,5985,2190.2,2,0.0,0,0.0,0,0.0,0,0.0,0,2190.4,10,0.0,0,0.0,0,0.0,0,0.0,0
2012-11-23T09:16:04.000,2190.4,5995,2190.2,8,0.0,0,0.0,0,0.0,0,0.0,0,2190.4,2,0.0,0,0.0,0,0.0,0,0.0,0
2012-11-23T09:16:04.500,2190.4,5997,2190.2,10,0.0,0,0.0,0,0.0,0,0.0,0,2190.6,91,0.0,0,0.0,0,0.0,0,0.0,0
2012-11-23T09:16:05.000,2190.6,6001,2190.4,2,0.0,0,0.0,0,0.0,0,0.0,0,2190.6,92,0.0,0,0.0,0,0.0,0,0.0,0
2012-11-23T09:16:05.500,2190.6,6002,2190.4,3,0.0,0,0.0,0,0.0,0,0.0,0,2190.6,102,0.0,0,0.0,0,0.0,0,0.0,0
2012-11-23T09:16:06.000,2190.6,6033,2190.2,18,0.0,0,0.0,0,0.0,0,0.0,0,2190.4,5,0.0,0,0.0,0,0.0,0,0.0,0
2012-11-23T09:16:06.500,2190.4,6036,2190.2,17,0.0,0,0.0,0,0.0,0,0.0,0,2190.4,21,0.0,0,0.0,0,0.0,0,0.0,0
2012-11-23T09:16:07.000,2190.2,6047,2190.2,15,0.0,0,0.0,0,0.0,0,0.0,0,2190.4,28,0.0,0,0.0,0,0.0,0,0.0,0
2012-11-23T09:16:07.500,2190.4,6069,2190.2,10,0.0,0,0.0,0,0.0,0,0.0,0,2190.4,55,0.0,0,0.0,0,0.0,0,0.0,0
2012-11-23T09:16:08.000,2190.2,6084,2190,92,0.0,0,0.0,0,0.0,0,0.0,0,2190.2,22,0.0,0,0.0,0,0.0,0,0.0,0
2012-11-23T09:16:08.500,2190,6093,2190,91,0.0,0,0.0,0,0.0,0,0.0,0,2190.2,22,0.0,0,0.0,0,0.0,0,0.0,0
2012-11-23T09:16:09.000,2190.2,6101,2190,91,0.0,0,0.0,0,0.0,0,0.0,0,2190.2,15,0.0,0,0.0,0,0.0,0,0.0,0
2012-11-23T09:16:09.500,2190,6118,2190,93,0.0,0,0.0,0,0.0,0,0.0,0,2190.2,28,0.0,0,0.0,0,0.0,0,0.0,0
2012-11-23T09:16:10.000,2190.2,6126,2190,91,0.0,0,0.0,0,0.0,0,0.0,0,2190.2,19,0.0,0,0.0,0,0.0,0,0.0,0
2012-11-23T09:16:10.500,2190,6156,2190,80,0.0,0,0.0,0,0.0,0,0.0,0,2190.2,3,0.0,0,0.0,0,0.0,0,0.0,0
2012-11-23T09:16:11.000,2190.2,6163,2190,77,0.0,0,0.0,0,0.0,0,0.0,0,2190.2,1,0.0,0,0.0,0,0.0,0,0.0,0
2012-11-23T09:16:11.500,2190,6167,2190,74,0.0,0,0.0,0,0.0,0,0.0,0,2190.2,1,0.0,0,0.0,0,0.0,0,0.0,0
2012-11-23T09:16:12.000,2190,6176,2190,69,0.0,0,0.0,0,0.0,0,0.0,0,2190.2,3,0.0,0,0.0,0,0.0,0,0.0,0
2012-11-23T09:16:12.500,2190,6199,2190,50,0.0,0,0.0,0,0.0,0,0.0,0,2190.2,3,0.0,0,0.0,0,0.0,0,0.0,0
2012-11-23T09:16:13.000,2190,6209,2190,44,0.0,0,0.0,0,0.0,0,0.0,0,2190.2,5,0.0,0,0.0,0,0.0,0,0.0,0
2012-11-23T09:16:13.500,2190,6232,2190,23,0.0,0,0.0,0,0.0,0,0.0,0,2190.2,28,0.0,0,0.0,0,0.0,0,0.0,0
2012-11-23T09:16:14.000,2190,6265,2189.8,29,0.0,0,0.0,0,0.0,0,0.0,0,2190,28,0.0,0,0.0,0,0.0,0,0.0,0
2012-11-23T09:16:14.500,2190,6328,2189.6,57,0.0,0,0.0,0,0.0,0,0.0,0,2189.8,2,0.0,0,0.0,0,0.0,0,0.0,0
2012-11-23T09:16:15.000,2190,6332,2189.8,1,0.0,0,0.0,0,0.0,0,0.0,0,2190,8,0.0,0,0.0,0,0.0,0,0.0,0
2012-11-23T09:16:15.500,2190,6340,2189.8,17,0.0,0,0.0,0,0.0,0,0.0,0,2190,14,0.0,0,0.0,0,0.0,0,0.0,0
2012-11-23T09:16:16.000,2189.8,6363,2189.6,55,0.0,0,0.0,0,0.0,0,0.0,0,2189.8,7,0.0,0,0.0,0,0.0,0,0.0,0
2012-11-23T09:16:16.500,2189.8,6368,2189.6,55,0.0,0,0.0,0,0.0,0,0.0,0,2189.8,3,0.0,0,0.0,0,0.0,0,0.0,0
2012-11-23T09:16:17.000,2189.6,6377,2189.6,53,0.0,0,0.0,0,0.0,0,0.0,0,2190,9,0.0,0,0.0,0,0.0,0,0.0,0
2012-11-23T09:16:17.500,2189.6,6442,2189.4,38,0.0,0,0.0,0,0.0,0,0.0,0,2189.8,1,0.0,0,0.0,0,0.0,0,0.0,0
2012-11-23T09:16:18.000,2189.8,6488,2189.8,7,0.0,0,0.0,0,0.0,0,0.0,0,2190,11,0.0,0,0.0,0,0.0,0,0.0,0
2012-11-23T09:16:18.500,2189.8,6499,2189.6,3,0.0,0,0.0,0,0.0,0,0.0,0,2189.8,6,0.0,0,0.0,0,0.0,0,0.0,0
2012-11-23T09:16:19.000,2189.6,6515,2189.6,13,0.0,0,0.0,0,0.0,0,0.0,0,2189.8,3,0.0,0,0.0,0,0.0,0,0.0,0
2012-11-23T09:16:19.500,2189.6,6532,2189.4,8,0.0,0,0.0,0,0.0,0,0.0,0,2189.6,2,0.0,0,0.0,0,0.0,0,0.0,0
2012-11-23T09:16:20.000,2189.8,6543,2189.4,8,0.0,0,0.0,0,0.0,0,0.0,0,2189.8,3,0.0,0,0.0,0,0.0,0,0.0,0
2012-11-23T09:16:20.500,2189.4,6559,2189.4,20,0.0,0,0.0,0,0.0,0,0.0,0,2189.8,10,0.0,0,0.0,0,0.0,0,0.0,0
2012-11-23T09:16:21.000,2189.4,6570,2189.4,15,0.0,0,0.0,0,0.0,0,0.0,0,2189.6,4,0.0,0,0.0,0,0.0,0,0.0,0
2012-11-23T09:16:21.500,2189.6,6576,2189.6,8,0.0,0,0.0,0,0.0,0,0.0,0,2189.8,6,0.0,0,0.0,0,0.0,0,0.0,0
2012-11-23T09:16:22.000,2189.4,6598,2189.4,12,0.0,0,0.0,0,0.0,0,0.0,0,2189.6,2,0.0,0,0.0,0,0.0,0,0.0,0
2012-11-23T09:16:22.500,2189.4,6609,2189.4,19,0.0,0,0.0,0,0.0,0,0.0,0,2189.6,2,0.0,0,0.0,0,0.0,0,0.0,0
2012-11-23T09:16:23.000,2189.4,6626,2189.6,3,0.0,0,0.0,0,0.0,0,0.0,0,2189.8,3,0.0,0,0.0,0,0.0,0,0.0,0
2012-11-23T09:16:23.500,2189.6,6650,2189.4,4,0.0,0,0.0,0,0.0,0,0.0,0,2189.8,1,0.0,0,0.0,0,0.0,0,0.0,0
2012-11-23T09:16:24.000,2189.6,6658,2189.4,7,0.0,0,0.0,0,0.0,0,0.0,0,2190,81,0.0,0,0.0,0,0.0,0,0.0,0
2012-11-23T09:16:24.500,2189.8,6661,2189.6,2,0.0,0,0.0,0,0.0,0,0.0,0,2189.8,26,0.0,0,0.0,0,0.0,0,0.0,0
2012-11-23T09:16:25.000,2189.6,6674,2189.4,2,0.0,0,0.0,0,0.0,0,0.0,0,2189.6,3,0.0,0,0.0,0,0.0,0,0.0,0
2012-11-23T09:16:25.500,2189.4,6684,2189.2,38,0.0,0,0.0,0,0.0,0,0.0,0,2189.4,37,0.0,0,0.0,0,0.0,0,0.0,0
2012-11-23T09:16:26.000,2189.2,6722,2189.2,4,0.0,0,0.0,0,0.0,0,0.0,0,2189.4,37,0.0,0,0.0,0,0.0,0,0.0,0
2012-11-23T09:16:26.500,2189.4,6732,2189,66,0.0,0,0.0,0,0.0,0,0.0,0,2189.2,5,0.0,0,0.0,0,0.0,0,0.0,0
2012-11-23T09:16:27.000,2189,6789,2189,30,0.0,0,0.0,0,0.0,0,0.0,0,2189.4,36,0.0,0,0.0,0,0.0,0,0.0,0
2012-11-23T09:16:27.500,2189,6797,2189,24,0.0,0,0.0,0,0.0,0,0.0,0,2189.2,9,0.0,0,0.0,0,0.0,0,0.0,0
2012-11-23T09:16:28.000,2189,6826,2189,2,0.0,0,0.0,0,0.0,0,0.0,0,2189.2,13,0.0,0,0.0,0,0.0,0,0.0,0
2012-11-23T09:16:28.500,2189,6842,2188.8,45,0.0,0,0.0,0,0.0,0,0.0,0,2189,12,0.0,0,0.0,0,0.0,0,0.0,0
2012-11-23T09:16:29.000,2189,6853,2188.8,45,0.0,0,0.0,0,0.0,0,0.0,0,2189,15,0.0,0,0.0,0,0.0,0,0.0,0
2012-11-23T09:16:29.500,2189,6868,2188.8,35,0.0,0,0.0,0,0.0,0,0.0,0,2189,7,0.0,0,0.0,0,0.0,0,0.0,0
2012-11-23T09:16:30.000,2189,6890,2189,2,0.0,0,0.0,0,0.0,0,0.0,0,2189.2,5,0.0,0,0.0,0,0.0,0,0.0,0
2012-11-23T09:16:30.500,2189.2,6906,2189.2,10,0.0,0,0.0,0,0.0,0,0.0,0,2189.4,40,0.0,0,0.0,0,0.0,0,0.0,0
2012-11-23T09:16:31.000,2189.4,6912,2189.2,12,0.0,0,0.0,0,0.0,0,0.0,0,2189.4,37,0.0,0,0.0,0,0.0,0,0.0,0
2012-11-23T09:16:31.500,2189.2,6930,2189.2,2,0.0,0,0.0,0,0.0,0,0.0,0,2189.4,31,0.0,0,0.0,0,0.0,0,0.0,0
2012-11-23T09:16:32.000,2189,6946,2189,38,0.0,0,0.0,0,0.0,0,0.0,0,2189.4,19,0.0,0,0.0,0,0.0,0,0.0,0
2012-11-23T09:16:32.500,2189,6960,2189,36,0.0,0,0.0,0,0.0,0,0.0,0,2189.2,2,0.0,0,0.0,0,0.0,0,0.0,0
2012-11-23T09:16:33.000,2189,7041,2188.8,20,0.0,0,0.0,0,0.0,0,0.0,0,2189,35,0.0,0,0.0,0,0.0,0,0.0,0
2012-11-23T09:16:33.500,2189,7055,2188.8,14,0.0,0,0.0,0,0.0,0,0.0,0,2189,32,0.0,0,0.0,0,0.0,0,0.0,0
2012-11-23T09:16:34.000,2188.8,7079,2188.6,11,0.0,0,0.0,0,0.0,0,0.0,0,2188.8,7,0.0,0,0.0,0,0.0,0,0.0,0
2012-11-23T09:16:34.500,2188.8,7093,2188.4,15,0.0,0,0.0,0,0.0,0,0.0,0,2188.8,7,0.0,0,0.0,0,0.0,0,0.0,0
2012-11-23T09:16:35.000,2188.6,7124,2188.4,10,0.0,0,0.0,0,0.0,0,0.0,0,2188.6,8,0.0,0,0.0,0,0.0,0,0.0,0
2012-11-23T09:16:35.500,2188.4,7147,2188.2,29,0.0,0,0.0,0,0.0,0,0.0,0,2188.4,16,0.0,0,0.0,0,0.0,0,0.0,0
2012-11-23T09:16:36.000,2188.4,7178,2188.4,16,0.0,0,0.0,0,0.0,0,0.0,0,2188.8,19,0.0,0,0.0,0,0.0,0,0.0,0
2012-11-23T09:16:36.500,2188.4,7213,2188.2,14,0.0,0,0.0,0,0.0,0,0.0,0,2188.4,7,0.0,0,0.0,0,0.0,0,0.0,0
2012-11-23T09:16:37.000,2188.4,7226,2188.4,15,0.0,0,0.0,0,0.0,0,0.0,0,2188.8,14,0.0,0,0.0,0,0.0,0,0.0,0
2012-11-23T09:16:37.500,2188.2,7255,2188.2,14,0.0,0,0.0,0,0.0,0,0.0,0,2188.8,13,0.0,0,0.0,0,0.0,0,0.0,0
2012-11-23T09:16:38.000,2188.4,7271,2188.4,2,0.0,0,0.0,0,0.0,0,0.0,0,2188.8,18,0.0,0,0.0,0,0.0,0,0.0,0
2012-11-23T09:16:38.500,2188.4,7279,2188.4,22,0.0,0,0.0,0,0.0,0,0.0,0,2188.8,20,0.0,0,0.0,0,0.0,0,0.0,0
2012-11-23T09:16:39.000,2188.4,7315,2188.2,8,0.0,0,0.0,0,0.0,0,0.0,0,2188.4,30,0.0,0,0.0,0,0.0,0,0.0,0
2012-11-23T09:16:39.500,2188.4,7341,2188.2,8,0.0,0,0.0,0,0.0,0,0.0,0,2188.4,14,0.0,0,0.0,0,0.0,0,0.0,0
2012-11-23T09:16:40.000,2188.2,7382,2188,54,0.0,0,0.0,0,0.0,0,0.0,0,2188.2,14,0.0,0,0.0,0,0.0,0,0.0,0
2012-11-23T09:16:40.500,2188.2,7401,2188.2,2,0.0,0,0.0,0,0.0,0,0.0,0,2188.4,9,0.0,0,0.0,0,0.0,0,0.0,0
2012-11-23T09:16:41.000,2188.2,7414,2188,51,0.0,0,0.0,0,0.0,0,0.0,0,2188.2,12,0.0,0,0.0,0,0.0,0,0.0,0
2012-11-23T09:16:41.500,2188.2,7432,2188,47,0.0,0,0.0,0,0.0,0,0.0,0,2188.2,4,0.0,0,0.0,0,0.0,0,0.0,0
2012-11-23T09:16:42.000,2188,7440,2188,46,0.0,0,0.0,0,0.0,0,0.0,0,2188.2,14,0.0,0,0.0,0,0.0,0,0.0,0
2012-11-23T09:16:42.500,2188,7474,2188,43,0.0,0,0.0,0,0.0,0,0.0,0,2188.4,41,0.0,0,0.0,0,0.0,0,0.0,0
2012-11-23T09:16:43.000,2188.2,7497,2188.2,4,0.0,0,0.0,0,0.0,0,0.0,0,2188.4,45,0.0,0,0.0,0,0.0,0,0.0,0
2012-11-23T09:16:43.500,2188.4,7520,2188,26,0.0,0,0.0,0,0.0,0,0.0,0,2188.4,39,0.0,0,0.0,0,0.0,0,0.0,0
2012-11-23T09:16:44.000,2188.4,7535,2188,21,0.0,0,0.0,0,0.0,0,0.0,0,2188.4,34,0.0,0,0.0,0,0.0,0,0.0,0
2012-11-23T09:16:44.500,2188,7552,2188,16,0.0,0,0.0,0,0.0,0,0.0,0,2188.2,1,0.0,0,0.0,0,0.0,0,0.0,0
2012-11-23T09:16:45.000,2188,7581,2188,9,0.0,0,0.0,0,0.0,0,0.0,0,2188.2,4,0.0,0,0.0,0,0.0,0,0.0,0
2012-11-23T09:16:45.500,2188.2,7598,2188.2,8,0.0,0,0.0,0,0.0,0,0.0,0,2188.4,5,0.0,0,0.0,0,0.0,0,0.0,0
2012-11-23T09:16:46.000,2188.4,7617,2188.2,2,0.0,0,0.0,0,0.0,0,0.0,0,2188.4,2,0.0,0,0.0,0,0.0,0,0.0,0
2012-11-23T09:16:46.500,2188.4,7630,2188.2,47,0.0,0,0.0,0,0.0,0,0.0,0,2188.4,6,0.0,0,0.0,0,0.0,0,0.0,0
2012-11-23T09:16:47.000,2188.4,7651,2188.4,25,0.0,0,0.0,0,0.0,0,0.0,0,2188.6,5,0.0,0,0.0,0,0.0,0,0.0,0
2012-11-23T09:16:47.500,2188.6,7657,2188.6,32,0.0,0,0.0,0,0.0,0,0.0,0,2188.8,24,0.0,0,0.0,0,0.0,0,0.0,0
2012-11-23T09:16:48.000,2188.8,7665,2188.6,29,0.0,0,0.0,0,0.0,0,0.0,0,2188.8,44,0.0,0,0.0,0,0.0,0,0.0,0
2012-11-23T09:16:48.500,2188.6,7686,2188.6,7,0.0,0,0.0,0,0.0,0,0.0,0,2188.8,34,0.0,0,0.0,0,0.0,0,0.0,0
2012-11-23T09:16:49.000,2188.8,7704,2188.4,93,0.0,0,0.0,0,0.0,0,0.0,0,2188.8,30,0.0,0,0.0,0,0.0,0,0.0,0
2012-11-23T09:16:49.500,2188.8,7719,2188.6,4,0.0,0,0.0,0,0.0,0,0.0,0,2188.8,20,0.0,0,0.0,0,0.0,0,0.0,0
2012-11-23T09:16:50.000,2188.8,7752,2188.6,38,0.0,0,0.0,0,0.0,0,0.0,0,2188.8,1,0.0,0,0.0,0,0.0,0,0.0,0
2012-11-23T09:16:50.500,2189,7756,2188.8,17,0.0,0,0.0,0,0.0,0,0.0,0,2189,46,0.0,0,0.0,0,0.0,0,0.0,0
2012-11-23T09:16:51.000,2188.8,7758,2188.8,19,0.0,0,0.0,0,0.0,0,0.0,0,2189,47,0.0,0,0.0,0,0.0,0,0.0,0
2012-11-23T09:16:51.500,2189,7764,2188.8,16,0.0,0,0.0,0,0.0,0,0.0,0,2189,45,0.0,0,0.0,0,0.0,0,0.0,0
2012-11-23T09:16:52.000,2189,7771,2188.8,19,0.0,0,0.0,0,0.0,0,0.0,0,2189,44,0.0,0,0.0,0,0.0,0,0.0,0
2012-11-23T09:16:52.500,2189,7812,2188.8,9,0.0,0,0.0,0,0.0,0,0.0,0,2189,17,0.0,0,0.0,0,0.0,0,0.0,0
2012-11-23T09:16:53.000,2189.2,7833,2189,3,0.0,0,0.0,0,0.0,0,0.0,0,2189.2,7,0.0,0,0.0,0,0.0,0,0.0,0
2012-11-23T09:16:53.500,2189.2,7842,2189,1,0.0,0,0.0,0,0.0,0,0.0,0,2189.2,1,0.0,0,0.0,0,0.0,0,0.0,0
2012-11-23T09:16:54.000,2189.2,7855,2189,1,0.0,0,0.0,0,0.0,0,0.0,0,2189.2,9,0.0,0,0.0,0,0.0,0,0.0,0
2012-11-23T09:16:54.500,2189,7863,2188.8,18,0.0,0,0.0,0,0.0,0,0.0,0,2189,6,0.0,0,0.0,0,0.0,0,0.0,0
2012-11-23T09:16:55.000,2189,7875,2188.8,17,0.0,0,0.0,0,0.0,0,0.0,0,2189,2,0.0,0,0.0,0,0.0,0,0.0,0
2012-11-23T09:16:55.500,2189,7877,2188.8,18,0.0,0,0.0,0,0.0,0,0.0,0,2189,2,0.0,0,0.0,0,0.0,0,0.0,0
2012-11-23T09:16:56.000,2189,7902,2188.8,1,0.0,0,0.0,0,0.0,0,0.0,0,2189,1,0.0,0,0.0,0,0.0,0,0.0,0
2012-11-23T09:16:56.500,2189,7906,2189,2,0.0,0,0.0,0,0.0,0,0.0,0,2189.2,10,0.0,0,0.0,0,0.0,0,0.0,0
2012-11-23T09:16:57.000,2189,7913,2189,9,0.0,0,0.0,0,0.0,0,0.0,0,2189.2,8,0.0,0,0.0,0,0.0,0,0.0,0
2012-11-23T09:16:57.500,2189,7936,2188.8,10,0.0,0,0.0,0,0.0,0,0.0,0,2189,6,0.0,0,0.0,0,0.0,0,0.0,0
2012-11-23T09:16:58.000,2188.8,7949,2188.6,47,0.0,0,0.0,0,0.0,0,0.0,0,2189,6,0.0,0,0.0,0,0.0,0,0.0,0
2012-11-23T09:16:58.500,2189,7956,2189,1,0.0,0,0.0,0,0.0,0,0.0,0,2189.2,13,0.0,0,0.0,0,0.0,0,0.0,0
2012-11-23T09:16:59.000,2189.2,7960,2189,10,0.0,0,0.0,0,0.0,0,0.0,0,2189.2,22,0.0,0,0.0,0,0.0,0,0.0,0
2012-11-23T09:16:59.500,2189,7964,2189,13,0.0,0,0.0,0,0.0,0,0.0,0,2189.2,19,0.0,0,0.0,0,0.0,0,0.0,0
2012-11-23T09:17:00.000,2188.6,7986,2188.6,48,0.0,0,0.0,0,0.0,0,0.0,0,2189,1,0.0,0,0.0,0,0.0,0,0.0,0
2012-11-23T09:17:00.500,2188.6,7995,2188.6,43,0.0,0,0.0,0,0.0,0,0.0,0,2189,3,0.0,0,0.0,0,0.0,0,0.0,0
2012-11-23T09:17:01.000,2189,8017,2188.8,12,0.0,0,0.0,0,0.0,0,0.0,0,2189,9,0.0,0,0.0,0,0.0,0,0.0,0
2012-11-23T09:17:01.500,2189,8031,2189,2,0.0,0,0.0,0,0.0,0,0.0,0,2189.2,18,0.0,0,0.0,0,0.0,0,0.0,0
2012-11-23T09:17:02.000,2189.2,8075,2189.2,4,0.0,0,0.0,0,0.0,0,0.0,0,2189.4,8,0.0,0,0.0,0,0.0,0,0.0,0
2012-11-23T09:17:02.500,2189.2,8085,2189,6,0.0,0,0.0,0,0.0,0,0.0,0,2189.2,1,0.0,0,0.0,0,0.0,0,0.0,0
2012-11-23T09:17:03.000,2189.4,8094,2189.2,3,0.0,0,0.0,0,0.0,0,0.0,0,2189.4,3,0.0,0,0.0,0,0.0,0,0.0,0
2012-11-23T09:17:03.500,2189,8108,2189,21,0.0,0,0.0,0,0.0,0,0.0,0,2189.4,3,0.0,0,0.0,0,0.0,0,0.0,0
2012-11-23T09:17:04.000,2189.4,8119,2189,10,0.0,0,0.0,0,0.0,0,0.0,0,2189.6,23,0.0,0,0.0,0,0.0,0,0.0,0
2012-11-23T09:17:04.500,2189.6,8133,2189.2,2,0.0,0,0.0,0,0.0,0,0.0,0,2189.6,14,0.0,0,0.0,0,0.0,0,0.0,0
2012-11-23T09:17:05.000,2189.6,8141,2189.4,1,0.0,0,0.0,0,0.0,0,0.0,0,2189.6,9,0.0,0,0.0,0,0.0,0,0.0,0
2012-11-23T09:17:05.500,2189.6,8151,2189.6,1,0.0,0,0.0,0,0.0,0,0.0,0,2189.8,30,0.0,0,0.0,0,0.0,0,0.0,0
2012-11-23T09:17:06.000,2189.8,8163,2189.6,1,0.0,0,0.0,0,0.0,0,0.0,0,2189.8,20,0.0,0,0.0,0,0.0,0,0.0,0
2012-11-23T09:17:06.500,2189.6,8170,2189.4,2,0.0,0,0.0,0,0.0,0,0.0,0,2189.6,4,0.0,0,0.0,0,0.0,0,0.0,0
2012-11-23T09:17:07.000,2189.8,8179,2189.6,5,0.0,0,0.0,0,0.0,0,0.0,0,2189.8,20,0.0,0,0.0,0,0.0,0,0.0,0
2012-11-23T09:17:07.500,2189.6,8191,2189.6,7,0.0,0,0.0,0,0.0,0,0.0,0,2189.8,11,0.0,0,0.0,0,0.0,0,0.0,0
2012-11-23T09:17:08.000,2189.8,8199,2189.6,7,0.0,0,0.0,0,0.0,0,0.0,0,2189.8,7,0.0,0,0.0,0,0.0,0,0.0,0
2012-11-23T09:17:08.500,2190,8209,2189.8,4,0.0,0,0.0,0,0.0,0,0.0,0,2190,33,0.0,0,0.0,0,0.0,0,0.0,0
2012-11-23T09:17:09.000,2190,8219,2189.8,9,0.0,0,0.0,0,0.0,0,0.0,0,2190,29,0.0,0,0.0,0,0.0,0,0.0,0
2012-11-23T09:17:09.500,2190,8237,2189.8,7,0.0,0,0.0,0,0.0,0,0.0,0,2190,22,0.0,0,0.0,0,0.0,0,0.0,0
2012-11-23T09:17:10.000,2190,8251,2189.8,8,0.0,0,0.0,0,0.0,0,0.0,0,2190,27,0.0,0,0.0,0,0.0,0,0.0,0
2012-11-23T09:17:10.500,2190,8254,2189.8,6,0.0,0,0.0,0,0.0,0,0.0,0,2190,28,0.0,0,0.0,0,0.0,0,0.0,0
2012-11-23T09:17:11.000,2190,8270,2189.6,7,0.0,0,0.0,0,0.0,0,0.0,0,2190,19,0.0,0,0.0,0,0.0,0,0.0,0
2012-11-23T09:17:11.500,2190,8290,2190,11,0.0,0,0.0,0,0.0,0,0.0,0,2190.2,21,0.0,0,0.0,0,0.0,0,0.0,0
2012-11-23T09:17:12.000,2190,8300,2190,8,0.0,0,0.0,0,0.0,0,0.0,0,2190.2,19,0.0,0,0.0,0,0.0,0,0.0,0
2012-11-23T09:17:12.500,2190.2,8301,2190,17,0.0,0,0.0,0,0.0,0,0.0,0,2190.2,24,0.0,0,0.0,0,0.0,0,0.0,0
2012-11-23T09:17:13.000,2190.2,8322,2190,2,0.0,0,0.0,0,0.0,0,0.0,0,2190.2,21,0.0,0,0.0,0,0.0,0,0.0,0
2012-11-23T09:17:13.500,2190,8330,2189.8,8,0.0,0,0.0,0,0.0,0,0.0,0,2190.2,28,0.0,0,0.0,0,0.0,0,0.0,0
2012-11-23T09:17:14.000,2190.2,8333,2189.8,8,0.0,0,0.0,0,0.0,0,0.0,0,2190.2,27,0.0,0,0.0,0,0.0,0,0.0,0
2012-11-23T09:17:14.500,2190.2,8388,2190.2,1,0.0,0,0.0,0,0.0,0,0.0,0,2190.4,52,0.0,0,0.0,0,0.0,0,0.0,0
2012-11-23T09:17:15.000,2190,8396,2189.8,14,0.0,0,0.0,0,0.0,0,0.0,0,2190,10,0.0,0,0.0,0,0.0,0,0.0,0
2012-11-23T09:17:15.500,2189.8,8403,2189.8,12,0.0,0,0.0,0,0.0,0,0.0,0,2190,5,0.0,0,0.0,0,0.0,0,0.0,0
2012-11-23T09:17:16.000,2190,8422,2190,2,0.0,0,0.0,0,0.0,0,0.0,0,2190.2,2,0.0,0,0.0,0,0.0,0,0.0,0
2012-11-23T09:17:16.500,2190,8426,2189.8,11,0.0,0,0.0,0,0.0,0,0.0,0,2190,1,0.0,0,0.0,0,0.0,0,0.0,0
2012-11-23T09:17:17.000,2190.2,8430,2190,5,0.0,0,0.0,0,0.0,0,0.0,0,2190.2,8,0.0,0,0.0,0,0.0,0,0.0,0
2012-11-23T09:17:17.500,2190.2,8457,2190.2,37,0.0,0,0.0,0,0.0,0,0.0,0,2190.4,52,0.0,0,0.0,0,0.0,0,0.0,0
2012-11-23T09:17:18.000,2190.4,8480,2190.2,37,0.0,0,0.0,0,0.0,0,0.0,0,2190.4,31,0.0,0,0.0,0,0.0,0,0.0,0
2012-11-23T09:17:18.500,2190.4,8485,2190.2,35,0.0,0,0.0,0,0.0,0,0.0,0,2190.4,29,0.0,0,0.0,0,0.0,0,0.0,0
2012-11-23T09:17:19.000,2190.4,8496,2190.2,36,0.0,0,0.0,0,0.0,0,0.0,0,2190.4,23,0.0,0,0.0,0,0.0,0,0.0,0
2012-11-23T09:17:19.500,2190.2,8519,2190.2,35,0.0,0,0.0,0,0.0,0,0.0,0,2190.4,3,0.0,0,0.0,0,0.0,0,0.0,0
2012-11-23T09:17:20.000,2190.4,8558,2190.4,5,0.0,0,0.0,0,0.0,0,0.0,0,2190.6,56,0.0,0,0.0,0,0.0,0,0.0,0
2012-11-23T09:17:20.500,2190.4,8576,2190.4,6,0.0,0,0.0,0,0.0,0,0.0,0,2190.6,43,0.0,0,0.0,0,0.0,0,0.0,0
2012-11-23T09:17:21.000,2190.6,8592,2190.2,23,0.0,0,0.0,0,0.0,0,0.0,0,2190.6,42,0.0,0,0.0,0,0.0,0,0.0,0
2012-11-23T09:17:21.500,2190.6,8636,2190.4,3,0.0,0,0.0,0,0.0,0,0.0,0,2190.6,1,0.0,0,0.0,0,0.0,0,0.0,0
2012-11-23T09:17:22.000,2190.6,8659,2190.4,4,0.0,0,0.0,0,0.0,0,0.0,0,2190.8,43,0.0,0,0.0,0,0.0,0,0.0,0
2012-11-23T09:17:22.500,2190.8,8675,2190.6,2,0.0,0,0.0,0,0.0,0,0.0,0,2190.8,34,0.0,0,0.0,0,0.0,0,0.0,0
2012-11-23T09:17:23.000,2190.8,8698,2190.6,12,0.0,0,0.0,0,0.0,0,0.0,0,2190.8,18,0.0,0,0.0,0,0.0,0,0.0,0
2012-11-23T09:17:23.500,2191,8727,2190.8,26,0.0,0,0.0,0,0.0,0,0.0,0,2191,79,0.0,0,0.0,0,0.0,0,0.0,0
2012-11-23T09:17:24.000,2191,8732,2190.8,35,0.0,0,0.0,0,0.0,0,0.0,0,2191,81,0.0,0,0.0,0,0.0,0,0.0,0
2012-11-23T09:17:24.500,2191,8763,2190.8,30,0.0,0,0.0,0,0.0,0,0.0,0,2191,53,0.0,0,0.0,0,0.0,0,0.0,0
2012-11-23T09:17:25.000,2190.6,8822,2190.6,8,0.0,0,0.0,0,0.0,0,0.0,0,2191,23,0.0,0,0.0,0,0.0,0,0.0,0
2012-11-23T09:17:25.500,2191,8852,2191,24,0.0,0,0.0,0,0.0,0,0.0,0,2191.2,16,0.0,0,0.0,0,0.0,0,0.0,0
2012-11-23T09:17:26.000,2191,8889,2191,1,0.0,0,0.0,0,0.0,0,0.0,0,2191.2,19,0.0,0,0.0,0,0.0,0,0.0,0
2012-11-23T09:17:26.500,2191,8904,2190.6,10,0.0,0,0.0,0,0.0,0,0.0,0,2191,27,0.0,0,0.0,0,0.0,0,0.0,0
2012-11-23T09:17:27.000,2190.8,8914,2190.6,7,0.0,0,0.0,0,0.0,0,0.0,0,2190.8,15,0.0,0,0.0,0,0.0,0,0.0,0
2012-11-23T09:17:27.500,2190.6,8940,2190.6,7,0.0,0,0.0,0,0.0,0,0.0,0,2190.8,21,0.0,0,0.0,0,0.0,0,0.0,0
2012-11-23T09:17:28.000,2190.8,8946,2190.6,5,0.0,0,0.0,0,0.0,0,0.0,0,2190.8,19,0.0,0,0.0,0,0.0,0,0.0,0
2012-11-23T09:17:28.500,2190.6,8955,2190.6,1,0.0,0,0.0,0,0.0,0,0.0,0,2190.8,19,0.0,0,0.0,0,0.0,0,0.0,0
2012-11-23T09:17:29.000,2190.4,8970,2190.4,13,0.0,0,0.0,0,0.0,0,0.0,0,2190.6,11,0.0,0,0.0,0,0.0,0,0.0,0
2012-11-23T09:17:29.500,2190.4,8993,2190.4,11,0.0,0,0.0,0,0.0,0,0.0,0,2190.8,18,0.0,0,0.0,0,0.0,0,0.0,0
2012-11-23T09:17:30.000,2190.6,9000,2190.6,4,0.0,0,0.0,0,0.0,0,0.0,0,2190.8,23,0.0,0,0.0,0,0.0,0,0.0,0
2012-11-23T09:17:30.500,2190.6,9002,2190.6,2,0.0,0,0.0,0,0.0,0,0.0,0,2190.8,30,0.0,0,0.0,0,0.0,0,0.0,0
2012-11-23T09:17:31.000,2190.4,9010,2190.4,10,0.0,0,0.0,0,0.0,0,0.0,0,2190.6,31,0.0,0,0.0,0,0.0,0,0.0,0
2012-11-23T09:17:31.500,2190.6,9026,2190.4,12,0.0,0,0.0,0,0.0,0,0.0,0,2190.6,15,0.0,0,0.0,0,0.0,0,0.0,0
2012-11-23T09:17:32.000,2190.6,9032,2190.4,14,0.0,0,0.0,0,0.0,0,0.0,0,2190.6,11,0.0,0,0.0,0,0.0,0,0.0,0
2012-11-23T09:17:32.500,2190.6,9045,2190.4,8,0.0,0,0.0,0,0.0,0,0.0,0,2190.6,10,0.0,0,0.0,0,0.0,0,0.0,0
2012-11-23T09:17:33.000,2190.6,9058,2190.4,6,0.0,0,0.0,0,0.0,0,0.0,0,2190.6,15,0.0,0,0.0,0,0.0,0,0.0,0
2012-11-23T09:17:33.500,2190.6,9072,2190.4,7,0.0,0,0.0,0,0.0,0,0.0,0,2190.6,15,0.0,0,0.0,0,0.0,0,0.0,0
2012-11-23T09:17:34.000,2190.6,9079,2190.4,6,0.0,0,0.0,0,0.0,0,0.0,0,2190.6,15,0.0,0,0.0,0,0.0,0,0.0,0
2012-11-23T09:17:34.500,2190.4,9090,2190.4,1,0.0,0,0.0,0,0.0,0,0.0,0,2190.6,13,0.0,0,0.0,0,0.0,0,0.0,0
2012-11-23T09:17:35.000,2190.4,9102,2190.2,34,0.0,0,0.0,0,0.0,0,0.0,0,2190.4,4,0.0,0,0.0,0,0.0,0,0.0,0
2012-11-23T09:17:35.500,2190.6,9109,2190.4,9,0.0,0,0.0,0,0.0,0,0.0,0,2190.6,6,0.0,0,0.0,0,0.0,0,0.0,0
2012-11-23T09:17:36.000,2190.8,9120,2190.4,10,0.0,0,0.0,0,0.0,0,0.0,0,2190.8,41,0.0,0,0.0,0,0.0,0,0.0,0
2012-11-23T09:17:36.500,2190.6,9122,2190.6,14,0.0,0,0.0,0,0.0,0,0.0,0,2190.8,42,0.0,0,0.0,0,0.0,0,0.0,0
2012-11-23T09:17:37.000,2190.6,9127,2190.6,23,0.0,0,0.0,0,0.0,0,0.0,0,2190.8,41,0.0,0,0.0,0,0.0,0,0.0,0
2012-11-23T09:17:37.500,2190.8,9141,2190.6,23,0.0,0,0.0,0,0.0,0,0.0,0,2190.8,29,0.0,0,0.0,0,0.0,0,0.0,0
2012-11-23T09:17:38.000,2190.6,9162,2190.6,19,0.0,0,0.0,0,0.0,0,0.0,0,2190.8,13,0.0,0,0.0,0,0.0,0,0.0,0
2012-11-23T09:17:38.500,2190.8,9166,2190.6,19,0.0,0,0.0,0,0.0,0,0.0,0,2190.8,20,0.0,0,0.0,0,0.0,0,0.0,0
2012-11-23T09:17:39.000,2190.8,9169,2190.6,20,0.0,0,0.0,0,0.0,0,0.0,0,2190.8,19,0.0,0,0.0,0,0.0,0,0.0,0
2012-11-23T09:17:39.500,2190.8,9177,2190.6,20,0.0,0,0.0,0,0.0,0,0.0,0,2190.8,11,0.0,0,0.0,0,0.0,0,0.0,0
2012-11-23T09:17:40.000,2190.8,9185,2190.6,13,0.0,0,0.0,0,0.0,0,0.0,0,2190.8,15,0.0,0,0.0,0,0.0,0,0.0,0
2012-11-23T09:17:40.500,2190.8,9189,2190.6,13,0.0,0,0.0,0,0.0,0,0.0,0,2190.8,17,0.0,0,0.0,0,0.0,0,0.0,0
2012-11-23T09:17:41.000,2190.6,9191,2190.6,12,0.0,0,0.0,0,0.0,0,0.0,0,2190.8,23,0.0,0,0.0,0,0.0,0,0.0,0
2012-11-23T09:17:41.500,2190.6,9201,2190.6,14,0.0,0,0.0,0,0.0,0,0.0,0,2190.8,15,0.0,0,0.0,0,0.0,0,0.0,0
2012-11-23T09:17:42.000,2190.6,9206,2190.6,10,0.0,0,0.0,0,0.0,0,0.0,0,2190.8,16,0.0,0,0.0,0,0.0,0,0.0,0
2012-11-23T09:17:42.500,2190.6,9226,2190.6,1,0.0,0,0.0,0,0.0,0,0.0,0,2190.8,13,0.0,0,0.0,0,0.0,0,0.0,0
2012-11-23T09:17:43.000,2190.6,9228,2190.4,20,0.0,0,0.0,0,0.0,0,0.0,0,2190.6,1,0.0,0,0.0,0,0.0,0,0.0,0
2012-11-23T09:17:43.500,2190.6,9251,2190.4,10,0.0,0,0.0,0,0.0,0,0.0,0,2190.6,1,0.0,0,0.0,0,0.0,0,0.0,0
2012-11-23T09:17:44.000,2190.6,9261,2190.6,2,0.0,0,0.0,0,0.0,0,0.0,0,2190.8,9,0.0,0,0.0,0,0.0,0,0.0,0
2012-11-23T09:17:44.500,2190.6,9266,2190.4,9,0.0,0,0.0,0,0.0,0,0.0,0,2190.6,8,0.0,0,0.0,0,0.0,0,0.0,0
2012-11-23T09:17:45.000,2190.6,9273,2190.4,6,0.0,0,0.0,0,0.0,0,0.0,0,2190.6,6,0.0,0,0.0,0,0.0,0,0.0,0
2012-11-23T09:17:45.500,2190.4,9279,2190.4,3,0.0,0,0.0,0,0.0,0,0.0,0,2190.6,4,0.0,0,0.0,0,0.0,0,0.0,0
2012-11-23T09:17:46.250,2190.4,9299,2190.4,12,0.0,0,0.0,0,0.0,0,0.0,0,2190.6,3,0.0,0,0.0,0,0.0,0,0.0,0
2012-11-23T09:17:47.000,2190.4,9306,2190.4,9,0.0,0,0.0,0,0.0,0,0.0,0,2190.6,5,0.0,0,0.0,0,0.0,0,0.0,0
2012-11-23T09:17:47.500,2190.6,9310,2190.4,7,0.0,0,0.0,0,0.0,0,0.0,0,2190.6,9,0.0,0,0.0,0,0.0,0,0.0,0
2012-11-23T09:17:48.250,2190.6,9316,2190.4,5,0.0,0,0.0,0,0.0,0,0.0,0,2190.6,12,0.0,0,0.0,0,0.0,0,0.0,0
2012-11-23T09:17:49.000,2190.4,9323,2190.2,31,0.0,0,0.0,0,0.0,0,0.0,0,2190.4,10,0.0,0,0.0,0,0.0,0,0.0,0
2012-11-23T09:17:49.500,2190.6,9337,2190.2,28,0.0,0,0.0,0,0.0,0,0.0,0,2190.6,14,0.0,0,0.0,0,0.0,0,0.0,0
2012-11-23T09:17:50.000,2190.6,9356,2190.6,1,0.0,0,0.0,0,0.0,0,0.0,0,2190.8,27,0.0,0,0.0,0,0.0,0,0.0,0
2012-11-23T09:17:50.500,2190.4,9367,2190.4,2,0.0,0,0.0,0,0.0,0,0.0,0,2190.6,1,0.0,0,0.0,0,0.0,0,0.0,0
2012-11-23T09:17:51.000,2190.6,9371,2190.4,1,0.0,0,0.0,0,0.0,0,0.0,0,2190.6,1,0.0,0,0.0,0,0.0,0,0.0,0
2012-11-23T09:17:51.500,2190.8,9375,2190.4,2,0.0,0,0.0,0,0.0,0,0.0,0,2190.8,85,0.0,0,0.0,0,0.0,0,0.0,0
2012-11-23T09:17:52.000,2190.4,9376,2190.4,2,0.0,0,0.0,0,0.0,0,0.0,0,2190.6,4,0.0,0,0.0,0,0.0,0,0.0,0
2012-11-23T09:17:52.500,2190.4,9383,2190.2,29,0.0,0,0.0,0,0.0,0,0.0,0,2190.4,10,0.0,0,0.0,0,0.0,0,0.0,0
2012-11-23T09:17:53.000,2190.2,9386,2190.2,28,0.0,0,0.0,0,0.0,0,0.0,0,2190.4,8,0.0,0,0.0,0,0.0,0,0.0,0
2012-11-23T09:17:53.500,2190.2,9392,2190.2,27,0.0,0,0.0,0,0.0,0,0.0,0,2190.4,35,0.0,0,0.0,0,0.0,0,0.0,0
2012-11-23T09:17:54.000,2190.2,9400,2190.2,20,0.0,0,0.0,0,0.0,0,0.0,0,2190.4,38,0.0,0,0.0,0,0.0,0,0.0,0
2012-11-23T09:17:54.500,2190.4,9401,2190.2,20,0.0,0,0.0,0,0.0,0,0.0,0,2190.4,39,0.0,0,0.0,0,0.0,0,0.0,0
2012-11-23T09:17:55.000,2190.4,9413,2190.2,20,0.0,0,0.0,0,0.0,0,0.0,0,2190.4,31,0.0,0,0.0,0,0.0,0,0.0,0
2012-11-23T09:17:55.500,2190.4,9436,2190,85,0.0,0,0.0,0,0.0,0,0.0,0,2190.4,28,0.0,0,0.0,0,0.0,0,0.0,0
2012-11-23T09:17:56.250,2190.2,9439,2190.2,1,0.0,0,0.0,0,0.0,0,0.0,0,2190.4,27,0.0,0,0.0,0,0.0,0,0.0,0
2012-11-23T09:17:57.000,2190.2,9444,2190,92,0.0,0,0.0,0,0.0,0,0.0,0,2190.2,1,0.0,0,0.0,0,0.0,0,0.0,0
2012-11-23T09:17:57.500,2190,9461,2190.2,1,0.0,0,0.0,0,0.0,0,0.0,0,2190.4,25,0.0,0,0.0,0,0.0,0,0.0,0
2012-11-23T09:17:58.250,2190.2,9467,2190,90,0.0,0,0.0,0,0.0,0,0.0,0,2190.2,6,0.0,0,0.0,0,0.0,0,0.0,0
2012-11-23T09:17:59.000,2190,9473,2190,89,0.0,0,0.0,0,0.0,0,0.0,0,2190.2,4,0.0,0,0.0,0,0.0,0,0.0,0
2012-11-23T09:17:59.500,2190.2,9480,2190,88,0.0,0,0.0,0,0.0,0,0.0,0,2190.4,24,0.0,0,0.0,0,0.0,0,0.0,0
2012-11-23T09:18:00.250,2190.4,9482,2190.2,7,0.0,0,0.0,0,0.0,0,0.0,0,2190.4,23,0.0,0,0.0,0,0.0,0,0.0,0
2012-11-23T09:18:01.000,2190.4,9511,2190.4,32,0.0,0,0.0,0,0.0,0,0.0,0,2190.6,56,0.0,0,0.0,0,0.0,0,0.0,0
2012-11-23T09:18:01.500,2190.4,9543,2190.4,3,0.0,0,0.0,0,0.0,0,0.0,0,2190.6,38,0.0,0,0.0,0,0.0,0,0.0,0
2012-11-23T09:18:02.000,2190.6,9576,2190.4,1,0.0,0,0.0,0,0.0,0,0.0,0,2190.6,9,0.0,0,0.0,0,0.0,0,0.0,0
2012-11-23T09:18:02.500,2190.4,9596,2190.4,7,0.0,0,0.0,0,0.0,0,0.0,0,2190.6,2,0.0,0,0.0,0,0.0,0,0.0,0
2012-11-23T09:18:03.000,2190.4,9601,2190.4,5,0.0,0,0.0,0,0.0,0,0.0,0,2190.6,1,0.0,0,0.0,0,0.0,0,0.0,0
2012-11-23T09:18:03.500,2190.8,9607,2190.4,7,0.0,0,0.0,0,0.0,0,0.0,0,2190.8,99,0.0,0,0.0,0,0.0,0,0.0,0
2012-11-23T09:18:04.000,2190.6,9614,2190.4,6,0.0,0,0.0,0,0.0,0,0.0,0,2190.6,6,0.0,0,0.0,0,0.0,0,0.0,0
2012-11-23T09:18:04.500,2190.6,9621,2190.4,3,0.0,0,0.0,0,0.0,0,0.0,0,2190.6,5,0.0,0,0.0,0,0.0,0,0.0,0
2012-11-23T09:18:05.000,2190.2,9629,2190.2,9,0.0,0,0.0,0,0.0,0,0.0,0,2190.6,29,0.0,0,0.0,0,0.0,0,0.0,0
2012-11-23T09:18:05.500,2190.6,9642,2190.2,5,0.0,0,0.0,0,0.0,0,0.0,0,2190.4,31,0.0,0,0.0,0,0.0,0,0.0,0
2012-11-23T09:18:06.000,2190.4,9655,2190.2,4,0.0,0,0.0,0,0.0,0,0.0,0,2190.4,23,0.0,0,0.0,0,0.0,0,0.0,0
2012-11-23T09:18:06.500,2190.2,9661,2190,88,0.0,0,0.0,0,0.0,0,0.0,0,2190.2,1,0.0,0,0.0,0,0.0,0,0.0,0
2012-11-23T09:18:07.000,2190.4,9663,2190.2,2,0.0,0,0.0,0,0.0,0,0.0,0,2190.4,25,0.0,0,0.0,0,0.0,0,0.0,0
2012-11-23T09:18:07.500,2190,9666,2190.2,13,0.0,0,0.0,0,0.0,0,0.0,0,2190.4,25,0.0,0,0.0,0,0.0,0,0.0,0
2012-11-23T09:18:08.000,2190.2,9682,2190,90,0.0,0,0.0,0,0.0,0,0.0,0,2190.2,4,0.0,0,0.0,0,0.0,0,0.0,0
2012-11-23T09:18:08.500,2190.2,9687,2190,91,0.0,0,0.0,0,0.0,0,0.0,0,2190.4,23,0.0,0,0.0,0,0.0,0,0.0,0
2012-11-23T09:18:09.000,2190.2,9692,2190.2,11,0.0,0,0.0,0,0.0,0,0.0,0,2190.4,22,0.0,0,0.0,0,0.0,0,0.0,0
2012-11-23T09:18:09.500,2190.2,9708,2190.2,13,0.0,0,0.0,0,0.0,0,0.0,0,2190.4,15,0.0,0,0.0,0,0.0,0,0.0,0
2012-11-23T09:18:10.000,2190.4,9718,2190.2,10,0.0,0,0.0,0,0.0,0,0.0,0,2190.4,8,0.0,0,0.0,0,0.0,0,0.0,0
2012-11-23T09:18:10.500,2190.2,9769,2190,70,0.0,0,0.0,0,0.0,0,0.0,0,2190.2,4,0.0,0,0.0,0,0.0,0,0.0,0
2012-11-23T09:18:11.000,2190,9780,2190,73,0.0,0,0.0,0,0.0,0,0.0,0,2190.4,11,0.0,0,0.0,0,0.0,0,0.0,0
2012-11-23T09:18:11.500,2190,9782,2190,73,0.0,0,0.0,0,0.0,0,0.0,0,2190.2,2,0.0,0,0.0,0,0.0,0,0.0,0
2012-11-23T09:18:12.000,2190,9785,2190,72,0.0,0,0.0,0,0.0,0,0.0,0,2190.2,2,0.0,0,0.0,0,0.0,0,0.0,0
2012-11-23T09:18:12.500,2190.2,9790,2190,70,0.0,0,0.0,0,0.0,0,0.0,0,2190.2,4,0.0,0,0.0,0,0.0,0,0.0,0
2012-11-23T09:18:13.000,2190.2,9796,2190,68,0.0,0,0.0,0,0.0,0,0.0,0,2190.2,11,0.0,0,0.0,0,0.0,0,0.0,0
2012-11-23T09:18:13.500,2190,9801,2190,66,0.0,0,0.0,0,0.0,0,0.0,0,2190.2,12,0.0,0,0.0,0,0.0,0,0.0,0
2012-11-23T09:18:14.000,2190.2,9875,2189.8,24,0.0,0,0.0,0,0.0,0,0.0,0,2190.2,12,0.0,0,0.0,0,0.0,0,0.0,0
2012-11-23T09:18:14.500,2189.8,9877,2189.8,23,0.0,0,0.0,0,0.0,0,0.0,0,2190.2,34,0.0,0,0.0,0,0.0,0,0.0,0
2012-11-23T09:18:15.000,2189.8,9883,2189.8,19,0.0,0,0.0,0,0.0,0,0.0,0,2190,8,0.0,0,0.0,0,0.0,0,0.0,0
2012-11-23T09:18:15.500,2189.8,9888,2189.8,14,0.0,0,0.0,0,0.0,0,0.0,0,2190,13,0.0,0,0.0,0,0.0,0,0.0,0
2012-11-23T09:18:16.000,2190,9907,2189.6,24,0.0,0,0.0,0,0.0,0,0.0,0,2189.8,1,0.0,0,0.0,0,0.0,0,0.0,0
2012-11-23T09:18:16.500,2189.8,9916,2189.6,24,0.0,0,0.0,0,0.0,0,0.0,0,2190,109,0.0,0,0.0,0,0.0,0,0.0,0
2012-11-23T09:18:17.000,2189.8,9952,2189.8,19,0.0,0,0.0,0,0.0,0,0.0,0,2190,115,0.0,0,0.0,0,0.0,0,0.0,0
2012-11-23T09:18:17.500,2189.8,9963,2189.8,8,0.0,0,0.0,0,0.0,0,0.0,0,2190,115,0.0,0,0.0,0,0.0,0,0.0,0
2012-11-23T09:18:18.000,2189.4,9973,2189.4,11,0.0,0,0.0,0,0.0,0,0.0,0,2189.6,1,0.0,0,0.0,0,0.0,0,0.0,0
2012-11-23T09:18:18.500,2189.4,9981,2189.4,10,0.0,0,0.0,0,0.0,0,0.0,0,2189.8,18,0.0,0,0.0,0,0.0,0,0.0,0
2012-11-23T09:18:19.000,2189.4,9996,2189.4,5,0.0,0,0.0,0,0.0,0,0.0,0,2189.8,31,0.0,0,0.0,0,0.0,0,0.0,0
2012-11-23T09:18:19.500,2189.4,9998,2189.4,5,0.0,0,0.0,0,0.0,0,0.0,0,2189.6,1,0.0,0,0.0,0,0.0,0,0.0,0
2012-11-23T09:18:20.000,2189.4,10005,2189.4,1,0.0,0,0.0,0,0.0,0,0.0,0,2189.8,38,0.0,0,0.0,0,0.0,0,0.0,0
2012-11-23T09:18:20.500,2189.4,10008,2189.2,22,0.0,0,0.0,0,0.0,0,0.0,0,2189.4,1,0.0,0,0.0,0,0.0,0,0.0,0
2012-11-23T09:18:21.000,2189.2,10018,2189.2,17,0.0,0,0.0,0,0.0,0,0.0,0,2189.8,37,0.0,0,0.0,0,0.0,0,0.0,0
2012-11-23T09:18:21.500,2189.2,10031,2189.2,18,0.0,0,0.0,0,0.0,0,0.0,0,2189.4,1,0.0,0,0.0,0,0.0,0,0.0,0
2012-11-23T09:18:22.000,2189.2,10044,2189.2,9,0.0,0,0.0,0,0.0,0,0.0,0,2189.4,4,0.0,0,0.0,0,0.0,0,0.0,0
2012-11-23T09:18:22.500,2189,10057,2189,59,0.0,0,0.0,0,0.0,0,0.0,0,2189.4,5,0.0,0,0.0,0,0.0,0,0.0,0
2012-11-23T09:18:23.000,2189.2,10063,2189,60,0.0,0,0.0,0,0.0,0,0.0,0,2189.2,1,0.0,0,0.0,0,0.0,0,0.0,0
2012-11-23T09:18:23.500,2189,10070,2189,55,0.0,0,0.0,0,0.0,0,0.0,0,2189.2,3,0.0,0,0.0,0,0.0,0,0.0,0
2012-11-23T09:18:24.250,2189,10086,2189,48,0.0,0,0.0,0,0.0,0,0.0,0,2189.2,4,0.0,0,0.0,0,0.0,0,0.0,0
2012-11-23T09:18:25.000,2189.2,10096,2189.2,27,0.0,0,0.0,0,0.0,0,0.0,0,2189.4,6,0.0,0,0.0,0,0.0,0,0.0,0
2012-11-23T09:18:25.500,2189.2,10107,2189.2,20,0.0,0,0.0,0,0.0,0,0.0,0,2189.4,5,0.0,0,0.0,0,0.0,0,0.0,0
2012-11-23T09:18:26.000,2189.2,10120,2189.2,19,0.0,0,0.0,0,0.0,0,0.0,0,2189.4,5,0.0,0,0.0,0,0.0,0,0.0,0
2012-11-23T09:18:26.500,2189.4,10145,2189,44,0.0,0,0.0,0,0.0,0,0.0,0,2189.4,5,0.0,0,0.0,0,0.0,0,0.0,0
2012-11-23T09:18:27.000,2189,10172,2189,21,0.0,0,0.0,0,0.0,0,0.0,0,2189.2,1,0.0,0,0.0,0,0.0,0,0.0,0
2012-11-23T09:18:27.500,2189.2,10175,2189,24,0.0,0,0.0,0,0.0,0,0.0,0,2189.2,4,0.0,0,0.0,0,0.0,0,0.0,0
2012-11-23T09:18:28.000,2189.2,10183,2189,20,0.0,0,0.0,0,0.0,0,0.0,0,2189.2,6,0.0,0,0.0,0,0.0,0,0.0,0
2012-11-23T09:18:28.500,2189.2,10188,2189,25,0.0,0,0.0,0,0.0,0,0.0,0,2189.2,4,0.0,0,0.0,0,0.0,0,0.0,0
2012-11-23T09:18:29.000,2189,10197,2189,20,0.0,0,0.0,0,0.0,0,0.0,0,2189.2,4,0.0,0,0.0,0,0.0,0,0.0,0
2012-11-23T09:18:29.500,2189.2,10207,2189.2,1,0.0,0,0.0,0,0.0,0,0.0,0,2189.4,2,0.0,0,0.0,0,0.0,0,0.0,0
2012-11-23T09:18:30.000,2189.2,10234,2189.2,6,0.0,0,0.0,0,0.0,0,0.0,0,2189.4,2,0.0,0,0.0,0,0.0,0,0.0,0
2012-11-23T09:18:30.500,2189.2,10251,2188.8,15,0.0,0,0.0,0,0.0,0,0.0,0,2189,1,0.0,0,0.0,0,0.0,0,0.0,0
2012-11-23T09:18:31.000,2189.2,10254,2188.8,17,0.0,0,0.0,0,0.0,0,0.0,0,2189,1,0.0,0,0.0,0,0.0,0,0.0,0
2012-11-23T09:18:31.500,2189,10256,2189,5,0.0,0,0.0,0,0.0,0,0.0,0,2189.2,25,0.0,0,0.0,0,0.0,0,0.0,0
2012-11-23T09:18:32.000,2189,10261,2189,3,0.0,0,0.0,0,0.0,0,0.0,0,2189.2,24,0.0,0,0.0,0,0.0,0,0.0,0
2012-11-23T09:18:32.500,2189.2,10265,2189,21,0.0,0,0.0,0,0.0,0,0.0,0,2189.2,22,0.0,0,0.0,0,0.0,0,0.0,0
2012-11-23T09:18:33.000,2189,10290,2188.8,44,0.0,0,0.0,0,0.0,0,0.0,0,2189,35,0.0,0,0.0,0,0.0,0,0.0,0
2012-11-23T09:18:33.500,2189,10321,2188.8,14,0.0,0,0.0,0,0.0,0,0.0,0,2189,35,0.0,0,0.0,0,0.0,0,0.0,0
2012-11-23T09:18:34.000,2188.8,10351,2188.6,15,0.0,0,0.0,0,0.0,0,0.0,0,2188.8,2,0.0,0,0.0,0,0.0,0,0.0,0
2012-11-23T09:18:34.500,2188.6,10368,2188.6,14,0.0,0,0.0,0,0.0,0,0.0,0,2189,12,0.0,0,0.0,0,0.0,0,0.0,0
2012-11-23T09:18:35.000,2188.6,10374,2188.6,11,0.0,0,0.0,0,0.0,0,0.0,0,2188.8,1,0.0,0,0.0,0,0.0,0,0.0,0
2012-11-23T09:18:35.500,2188.8,10388,2188.8,2,0.0,0,0.0,0,0.0,0,0.0,0,2189,9,0.0,0,0.0,0,0.0,0,0.0,0
2012-11-23T09:18:36.000,2188.8,10403,2188.8,2,0.0,0,0.0,0,0.0,0,0.0,0,2189,9,0.0,0,0.0,0,0.0,0,0.0,0
2012-11-23T09:18:36.500,2188.8,10410,2188.8,1,0.0,0,0.0,0,0.0,0,0.0,0,2189,16,0.0,0,0.0,0,0.0,0,0.0,0
2012-11-23T09:18:37.000,2188.6,10412,2188.6,6,0.0,0,0.0,0,0.0,0,0.0,0,2188.8,49,0.0,0,0.0,0,0.0,0,0.0,0
2012-11-23T09:18:37.500,2188.6,10416,2188.6,3,0.0,0,0.0,0,0.0,0,0.0,0,2188.8,56,0.0,0,0.0,0,0.0,0,0.0,0
2012-11-23T09:18:38.000,2188.4,10430,2188.4,38,0.0,0,0.0,0,0.0,0,0.0,0,2188.6,14,0.0,0,0.0,0,0.0,0,0.0,0
2012-11-23T09:18:38.500,2188.6,10437,2188.4,37,0.0,0,0.0,0,0.0,0,0.0,0,2188.6,8,0.0,0,0.0,0,0.0,0,0.0,0
2012-11-23T09:18:39.000,2188.6,10445,2188.4,34,0.0,0,0.0,0,0.0,0,0.0,0,2188.6,9,0.0,0,0.0,0,0.0,0,0.0,0
2012-11-23T09:18:39.500,2188.4,10457,2188.4,28,0.0,0,0.0,0,0.0,0,0.0,0,2188.6,6,0.0,0,0.0,0,0.0,0,0.0,0
2012-11-23T09:18:40.000,2188.6,10473,2188.4,15,0.0,0,0.0,0,0.0,0,0.0,0,2188.6,7,0.0,0,0.0,0,0.0,0,0.0,0
2012-11-23T09:18:40.500,2188.8,10503,2188.6,9,0.0,0,0.0,0,0.0,0,0.0,0,2188.8,43,0.0,0,0.0,0,0.0,0,0.0,0
2012-11-23T09:18:41.000,2188.4,10516,2188.4,7,0.0,0,0.0,0,0.0,0,0.0,0,2188.6,22,0.0,0,0.0,0,0.0,0,0.0,0
2012-11-23T09:18:41.500,2188.4,10536,2188.4,2,0.0,0,0.0,0,0.0,0,0.0,0,2188.6,8,0.0,0,0.0,0,0.0,0,0.0,0
2012-11-23T09:18:42.000,2188.4,10559,2188.2,58,0.0,0,0.0,0,0.0,0,0.0,0,2188.4,5,0.0,0,0.0,0,0.0,0,0.0,0
2012-11-23T09:18:42.500,2188.4,10615,2188.2,70,0.0,0,0.0,0,0.0,0,0.0,0,2188.4,4,0.0,0,0.0,0,0.0,0,0.0,0
2012-11-23T09:18:43.000,2188.6,10625,2188.6,7,0.0,0,0.0,0,0.0,0,0.0,0,2188.8,12,0.0,0,0.0,0,0.0,0,0.0,0
2012-11-23T09:18:43.500,2188.6,10667,2188.4,27,0.0,0,0.0,0,0.0,0,0.0,0,2188.6,35,0.0,0,0.0,0,0.0,0,0.0,0
2012-11-23T09:18:44.000,2188.6,10706,2188.6,17,0.0,0,0.0,0,0.0,0,0.0,0,2189,25,0.0,0,0.0,0,0.0,0,0.0,0
2012-11-23T09:18:44.500,2188.8,10715,2188.6,18,0.0,0,0.0,0,0.0,0,0.0,0,2189,26,0.0,0,0.0,0,0.0,0,0.0,0
2012-11-23T09:18:45.000,2188.8,10735,2188.8,1,0.0,0,0.0,0,0.0,0,0.0,0,2189,11,0.0,0,0.0,0,0.0,0,0.0,0
2012-11-23T09:18:45.500,2188.8,10752,2188.8,6,0.0,0,0.0,0,0.0,0,0.0,0,2189,3,0.0,0,0.0,0,0.0,0,0.0,0
2012-11-23T09:18:46.000,2188.8,10763,2189,3,0.0,0,0.0,0,0.0,0,0.0,0,2189.2,33,0.0,0,0.0,0,0.0,0,0.0,0
2012-11-23T09:18:46.500,2189,10768,2189,1,0.0,0,0.0,0,0.0,0,0.0,0,2189.2,31,0.0,0,0.0,0,0.0,0,0.0,0
2012-11-23T09:18:47.000,2189.2,10771,2188.8,11,0.0,0,0.0,0,0.0,0,0.0,0,2189.2,30,0.0,0,0.0,0,0.0,0,0.0,0
2012-11-23T09:18:47.500,2189.2,10773,2188.8,12,0.0,0,0.0,0,0.0,0,0.0,0,2189,1,0.0,0,0.0,0,0.0,0,0.0,0
2012-11-23T09:18:48.000,2189,10776,2189,5,0.0,0,0.0,0,0.0,0,0.0,0,2189.2,33,0.0,0,0.0,0,0.0,0,0.0,0
2012-11-23T09:18:48.500,2189,10783,2188.8,13,0.0,0,0.0,0,0.0,0,0.0,0,2189,1,0.0,0,0.0,0,0.0,0,0.0,0
2012-11-23T09:18:49.000,2188.8,10785,2188.8,12,0.0,0,0.0,0,0.0,0,0.0,0,2189,51,0.0,0,0.0,0,0.0,0,0.0,0
2012-11-23T09:18:49.500,2189,10800,2188.8,12,0.0,0,0.0,0,0.0,0,0.0,0,2189,39,0.0,0,0.0,0,0.0,0,0.0,0
2012-11-23T09:18:50.000,2189,10805,2188.8,10,0.0,0,0.0,0,0.0,0,0.0,0,2189,37,0.0,0,0.0,0,0.0,0,0.0,0
2012-11-23T09:18:50.500,2188.8,10806,2188.8,9,0.0,0,0.0,0,0.0,0,0.0,0,2189,38,0.0,0,0.0,0,0.0,0,0.0,0
2012-11-23T09:18:51.000,2189,10810,2188.8,8,0.0,0,0.0,0,0.0,0,0.0,0,2189,40,0.0,0,0.0,0,0.0,0,0.0,0
2012-11-23T09:18:51.500,2188.8,10848,2188.8,9,0.0,0,0.0,0,0.0,0,0.0,0,2189,5,0.0,0,0.0,0,0.0,0,0.0,0
2012-11-23T09:18:52.000,2188.8,10850,2188.8,12,0.0,0,0.0,0,0.0,0,0.0,0,2189,5,0.0,0,0.0,0,0.0,0,0.0,0
2012-11-23T09:18:52.500,2189,10856,2189,16,0.0,0,0.0,0,0.0,0,0.0,0,2189.2,34,0.0,0,0.0,0,0.0,0,0.0,0
2012-11-23T09:18:53.000,2189,10866,2189,13,0.0,0,0.0,0,0.0,0,0.0,0,2189.2,24,0.0,0,0.0,0,0.0,0,0.0,0
2012-11-23T09:18:53.500,2189,10869,2189,18,0.0,0,0.0,0,0.0,0,0.0,0,2189.2,24,0.0,0,0.0,0,0.0,0,0.0,0
2012-11-23T09:18:54.000,2189,10875,2189,13,0.0,0,0.0,0,0.0,0,0.0,0,2189.2,24,0.0,0,0.0,0,0.0,0,0.0,0
2012-11-23T09:18:54.500,2189.2,10880,2189,12,0.0,0,0.0,0,0.0,0,0.0,0,2189.2,22,0.0,0,0.0,0,0.0,0,0.0,0
2012-11-23T09:18:55.000,2189,10897,2189,9,0.0,0,0.0,0,0.0,0,0.0,0,2189.2,7,0.0,0,0.0,0,0.0,0,0.0,0
2012-11-23T09:18:55.500,2189,10902,2189,7,0.0,0,0.0,0,0.0,0,0.0,0,2189.2,7,0.0,0,0.0,0,0.0,0,0.0,0
2012-11-23T09:18:56.000,2189.2,10913,2189.2,4,0.0,0,0.0,0,0.0,0,0.0,0,2189.4,17,0.0,0,0.0,0,0.0,0,0.0,0
2012-11-23T09:18:56.500,2189,10950,2188.8,41,0.0,0,0.0,0,0.0,0,0.0,0,2189,13,0.0,0,0.0,0,0.0,0,0.0,0
2012-11-23T09:18:57.000,2189,10956,2188.8,43,0.0,0,0.0,0,0.0,0,0.0,0,2189,14,0.0,0,0.0,0,0.0,0,0.0,0
2012-11-23T09:18:57.500,2189,10972,2189,11,0.0,0,0.0,0,0.0,0,0.0,0,2189.4,16,0.0,0,0.0,0,0.0,0,0.0,0
2012-11-23T09:18:58.000,2189.2,10973,2189.2,1,0.0,0,0.0,0,0.0,0,0.0,0,2189.4,107,0.0,0,0.0,0,0.0,0,0.0,0
2012-11-23T09:18:58.500,2189,10980,2189,15,0.0,0,0.0,0,0.0,0,0.0,0,2189.2,6,0.0,0,0.0,0,0.0,0,0.0,0
2012-11-23T09:18:59.250,2189.2,10982,2189,25,0.0,0,0.0,0,0.0,0,0.0,0,2189.2,30,0.0,0,0.0,0,0.0,0,0.0,0
2012-11-23T09:19:00.000,2189.2,10986,2189,18,0.0,0,0.0,0,0.0,0,0.0,0,2189.2,30,0.0,0,0.0,0,0.0,0,0.0,0
2012-11-23T09:19:00.500,2189.2,10994,2189,18,0.0,0,0.0,0,0.0,0,0.0,0,2189.2,25,0.0,0,0.0,0,0.0,0,0.0,0
2012-11-23T09:19:01.000,2189,11005,2189,8,0.0,0,0.0,0,0.0,0,0.0,0,2189.2,26,0.0,0,0.0,0,0.0,0,0.0,0
2012-11-23T09:19:01.500,2189.2,11015,2189,1,0.0,0,0.0,0,0.0,0,0.0,0,2189.2,29,0.0,0,0.0,0,0.0,0,0.0,0
2012-11-23T09:19:02.000,2189.2,11030,2188.8,46,0.0,0,0.0,0,0.0,0,0.0,0,2189,1,0.0,0,0.0,0,0.0,0,0.0,0
2012-11-23T09:19:02.500,2188.8,11039,2188.8,38,0.0,0,0.0,0,0.0,0,0.0,0,2189,2,0.0,0,0.0,0,0.0,0,0.0,0
2012-11-23T09:19:03.000,2189,11048,2189,8,0.0,0,0.0,0,0.0,0,0.0,0,2189.2,26,0.0,0,0.0,0,0.0,0,0.0,0
2012-11-23T09:19:03.500,2189,11068,2188.8,38,0.0,0,0.0,0,0.0,0,0.0,0,2189,26,0.0,0,0.0,0,0.0,0,0.0,0
2012-11-23T09:19:04.000,2189,11069,2188.8,39,0.0,0,0.0,0,0.0,0,0.0,0,2189,26,0.0,0,0.0,0,0.0,0,0.0,0
2012-11-23T09:19:04.500,2189,11083,2188.8,37,0.0,0,0.0,0,0.0,0,0.0,0,2189,22,0.0,0,0.0,0,0.0,0,0.0,0
2012-11-23T09:19:05.000,2188.8,11087,2188.8,35,0.0,0,0.0,0,0.0,0,0.0,0,2189,21,0.0,0,0.0,0,0.0,0,0.0,0
2012-11-23T09:19:05.500,2188.8,11092,2188.8,50,0.0,0,0.0,0,0.0,0,0.0,0,2189,22,0.0,0,0.0,0,0.0,0,0.0,0
2012-11-23T09:19:06.000,2188.8,11095,2188.8,48,0.0,0,0.0,0,0.0,0,0.0,0,2189,22,0.0,0,0.0,0,0.0,0,0.0,0
2012-11-23T09:19:06.500,2189,11117,2188.8,48,0.0,0,0.0,0,0.0,0,0.0,0,2189,2,0.0,0,0.0,0,0.0,0,0.0,0
2012-11-23T09:19:07.000,2188.8,11128,2188.8,46,0.0,0,0.0,0,0.0,0,0.0,0,2189.2,135,0.0,0,0.0,0,0.0,0,0.0,0
2012-11-23T09:19:07.500,2189.2,11133,2189,1,0.0,0,0.0,0,0.0,0,0.0,0,2189.2,129,0.0,0,0.0,0,0.0,0,0.0,0
2012-11-23T09:19:08.000,2188.8,11138,2188.8,42,0.0,0,0.0,0,0.0,0,0.0,0,2189,38,0.0,0,0.0,0,0.0,0,0.0,0
2012-11-23T09:19:08.500,2189,11139,2188.8,42,0.0,0,0.0,0,0.0,0,0.0,0,2189,37,0.0,0,0.0,0,0.0,0,0.0,0
2012-11-23T09:19:09.000,2189,11145,2188.8,40,0.0,0,0.0,0,0.0,0,0.0,0,2189,33,0.0,0,0.0,0,0.0,0,0.0,0
2012-11-23T09:19:09.500,2189,11146,2188.8,40,0.0,0,0.0,0,0.0,0,0.0,0,2189,38,0.0,0,0.0,0,0.0,0,0.0,0
2012-11-23T09:19:10.250,2189,11152,2188.8,40,0.0,0,0.0,0,0.0,0,0.0,0,2189,36,0.0,0,0.0,0,0.0,0,0.0,0
2012-11-23T09:19:11.000,2188.8,11156,2188.8,39,0.0,0,0.0,0,0.0,0,0.0,0,2189,36,0.0,0,0.0,0,0.0,0,0.0,0
2012-11-23T09:19:11.500,2188.8,11158,2188.8,39,0.0,0,0.0,0,0.0,0,0.0,0,2189,37,0.0,0,0.0,0,0.0,0,0.0,0
2012-11-23T09:19:12.000,2189,11165,2188.8,36,0.0,0,0.0,0,0.0,0,0.0,0,2189,36,0.0,0,0.0,0,0.0,0,0.0,0
2012-11-23T09:19:12.500,2188.8,11168,2188.8,34,0.0,0,0.0,0,0.0,0,0.0,0,2189,36,0.0,0,0.0,0,0.0,0,0.0,0
2012-11-23T09:19:13.250,2188.8,11172,2188.8,31,0.0,0,0.0,0,0.0,0,0.0,0,2189,37,0.0,0,0.0,0,0.0,0,0.0,0
2012-11-23T09:19:14.000,2188.8,11210,2188.6,62,0.0,0,0.0,0,0.0,0,0.0,0,2188.8,13,0.0,0,0.0,0,0.0,0,0.0,0
2012-11-23T09:19:14.500,2188.6,11215,2188.6,61,0.0,0,0.0,0,0.0,0,0.0,0,2188.8,33,0.0,0,0.0,0,0.0,0,0.0,0
2012-11-23T09:19:15.000,2188.8,11242,2188.6,60,0.0,0,0.0,0,0.0,0,0.0,0,2188.8,12,0.0,0,0.0,0,0.0,0,0.0,0
2012-11-23T09:19:15.500,2188.6,11263,2188.6,39,0.0,0,0.0,0,0.0,0,0.0,0,2188.8,31,0.0,0,0.0,0,0.0,0,0.0,0
2012-11-23T09:19:16.000,2188.8,11266,2188.6,37,0.0,0,0.0,0,0.0,0,0.0,0,2188.8,31,0.0,0,0.0,0,0.0,0,0.0,0
2012-11-23T09:19:16.500,2188.8,11300,2188.6,6,0.0,0,0.0,0,0.0,0,0.0,0,2188.8,31,0.0,0,0.0,0,0.0,0,0.0,0
2012-11-23T09:19:17.000,2188.6,11310,2188.4,52,0.0,0,0.0,0,0.0,0,0.0,0,2188.6,37,0.0,0,0.0,0,0.0,0,0.0,0
2012-11-23T09:19:17.500,2188.6,11313,2188.4,52,0.0,0,0.0,0,0.0,0,0.0,0,2188.6,39,0.0,0,0.0,0,0.0,0,0.0,0
2012-11-23T09:19:18.000,2188.6,11315,2188.4,51,0.0,0,0.0,0,0.0,0,0.0,0,2188.6,39,0.0,0,0.0,0,0.0,0,0.0,0
2012-11-23T09:19:18.500,2188.4,11324,2188.4,42,0.0,0,0.0,0,0.0,0,0.0,0,2188.6,41,0.0,0,0.0,0,0.0,0,0.0,0
2012-11-23T09:19:19.000,2188.4,11329,2188.4,39,0.0,0,0.0,0,0.0,0,0.0,0,2188.6,42,0.0,0,0.0,0,0.0,0,0.0,0
2012-11-23T09:19:19.500,2188.4,11364,2188.4,4,0.0,0,0.0,0,0.0,0,0.0,0,2188.6,42,0.0,0,0.0,0,0.0,0,0.0,0
2012-11-23T09:19:20.000,2188.2,11372,2188.2,75,0.0,0,0.0,0,0.0,0,0.0,0,2188.4,2,0.0,0,0.0,0,0.0,0,0.0,0
2012-11-23T09:19:20.500,2188.2,11374,2188.2,74,0.0,0,0.0,0,0.0,0,0.0,0,2188.4,6,0.0,0,0.0,0,0.0,0,0.0,0
2012-11-23T09:19:21.000,2188.2,11388,2188.2,66,0.0,0,0.0,0,0.0,0,0.0,0,2188.4,1,0.0,0,0.0,0,0.0,0,0.0,0
2012-11-23T09:19:21.500,2188.2,11395,2188.2,64,0.0,0,0.0,0,0.0,0,0.0,0,2188.4,8,0.0,0,0.0,0,0.0,0,0.0,0
2012-11-23T09:19:22.000,2188.4,11400,2188.2,60,0.0,0,0.0,0,0.0,0,0.0,0,2188.4,8,0.0,0,0.0,0,0.0,0,0.0,0
2012-11-23T09:19:22.500,2188.2,11422,2188.2,38,0.0,0,0.0,0,0.0,0,0.0,0,2188.4,13,0.0,0,0.0,0,0.0,0,0.0,0
2012-11-23T09:19:23.000,2188.2,11456,2188.2,5,0.0,0,0.0,0,0.0,0,0.0,0,2188.4,13,0.0,0,0.0,0,0.0,0,0.0,0
2012-11-23T09:19:23.500,2188.2,11472,2188,167,0.0,0,0.0,0,0.0,0,0.0,0,2188.2,10,0.0,0,0.0,0,0.0,0,0.0,0
2012-11-23T09:19:24.000,2188.2,11482,2188,166,0.0,0,0.0,0,0.0,0,0.0,0,2188.2,10,0.0,0,0.0,0,0.0,0,0.0,0
2012-11-23T09:19:24.500,2188,11491,2188,163,0.0,0,0.0,0,0.0,0,0.0,0,2188.2,14,0.0,0,0.0,0,0.0,0,0.0,0
2012-11-23T09:19:25.000,2188.4,11528,2188.4,46,0.0,0,0.0,0,0.0,0,0.0,0,2188.6,15,0.0,0,0.0,0,0.0,0,0.0,0
2012-11-23T09:19:25.500,2188,11608,2188.4,3,0.0,0,0.0,0,0.0,0,0.0,0,2188.8,41,0.0,0,0.0,0,0.0,0,0.0,0
2012-11-23T09:19:26.000,2188.2,11615,2188,136,0.0,0,0.0,0,0.0,0,0.0,0,2188.2,2,0.0,0,0.0,0,0.0,0,0.0,0
2012-11-23T09:19:26.500,2188.2,11622,2188.2,17,0.0,0,0.0,0,0.0,0,0.0,0,2188.4,4,0.0,0,0.0,0,0.0,0,0.0,0
2012-11-23T09:19:27.000,2188.2,11627,2188.2,21,0.0,0,0.0,0,0.0,0,0.0,0,2188.4,3,0.0,0,0.0,0,0.0,0,0.0,0
2012-11-23T09:19:27.500,2188.4,11635,2188.2,27,0.0,0,0.0,0,0.0,0,0.0,0,2188.4,11,0.0,0,0.0,0,0.0,0,0.0,0
2012-11-23T09:19:28.000,2188.2,11637,2188.2,29,0.0,0,0.0,0,0.0,0,0.0,0,2188.4,16,0.0,0,0.0,0,0.0,0,0.0,0
2012-11-23T09:19:28.500,2188.2,11643,2188.2,29,0.0,0,0.0,0,0.0,0,0.0,0,2188.4,12,0.0,0,0.0,0,0.0,0,0.0,0
2012-11-23T09:19:29.000,2188.2,11648,2188.2,29,0.0,0,0.0,0,0.0,0,0.0,0,2188.4,13,0.0,0,0.0,0,0.0,0,0.0,0
2012-11-23T09:19:29.500,2188.4,11693,2188.4,6,0.0,0,0.0,0,0.0,0,0.0,0,2188.6,4,0.0,0,0.0,0,0.0,0,0.0,0
2012-11-23T09:19:30.000,2188.6,11704,2188.2,20,0.0,0,0.0,0,0.0,0,0.0,0,2188.6,2,0.0,0,0.0,0,0.0,0,0.0,0
2012-11-23T09:19:30.500,2188.4,11713,2188.4,14,0.0,0,0.0,0,0.0,0,0.0,0,2188.6,33,0.0,0,0.0,0,0.0,0,0.0,0
2012-11-23T09:19:31.000,2188.4,11726,2188.4,1,0.0,0,0.0,0,0.0,0,0.0,0,2188.6,36,0.0,0,0.0,0,0.0,0,0.0,0
2012-11-23T09:19:31.500,2188.4,11728,2188.4,2,0.0,0,0.0,0,0.0,0,0.0,0,2188.6,37,0.0,0,0.0,0,0.0,0,0.0,0
2012-11-23T09:19:32.000,2188.6,11731,2188.2,32,0.0,0,0.0,0,0.0,0,0.0,0,2188.4,5,0.0,0,0.0,0,0.0,0,0.0,0
2012-11-23T09:19:32.500,2188.6,11732,2188.2,49,0.0,0,0.0,0,0.0,0,0.0,0,2188.4,7,0.0,0,0.0,0,0.0,0,0.0,0
2012-11-23T09:19:33.000,2188.4,11735,2188.2,54,0.0,0,0.0,0,0.0,0,0.0,0,2188.4,7,0.0,0,0.0,0,0.0,0,0.0,0
2012-11-23T09:19:33.500,2188.2,11738,2188.2,52,0.0,0,0.0,0,0.0,0,0.0,0,2188.4,6,0.0,0,0.0,0,0.0,0,0.0,0
2012-11-23T09:19:34.000,2188.2,11745,2188.2,51,0.0,0,0.0,0,0.0,0,0.0,0,2188.4,4,0.0,0,0.0,0,0.0,0,0.0,0
2012-11-23T09:19:34.500,2188.2,11752,2188.2,55,0.0,0,0.0,0,0.0,0,0.0,0,2188.6,35,0.0,0,0.0,0,0.0,0,0.0,0
2012-11-23T09:19:35.000,2188.4,11754,2188.4,2,0.0,0,0.0,0,0.0,0,0.0,0,2188.6,34,0.0,0,0.0,0,0.0,0,0.0,0
2012-11-23T09:19:35.500,2188.6,11779,2188.2,55,0.0,0,0.0,0,0.0,0,0.0,0,2188.4,2,0.0,0,0.0,0,0.0,0,0.0,0
2012-11-23T09:19:36.000,2188.6,11801,2188.2,52,0.0,0,0.0,0,0.0,0,0.0,0,2188.6,15,0.0,0,0.0,0,0.0,0,0.0,0
2012-11-23T09:19:36.500,2188.4,11802,2188.4,1,0.0,0,0.0,0,0.0,0,0.0,0,2188.6,15,0.0,0,0.0,0,0.0,0,0.0,0
2012-11-23T09:19:37.000,2188.2,11805,2188.4,11,0.0,0,0.0,0,0.0,0,0.0,0,2188.6,16,0.0,0,0.0,0,0.0,0,0.0,0
2012-11-23T09:19:37.500,2188.4,11815,2188.4,25,0.0,0,0.0,0,0.0,0,0.0,0,2188.6,17,0.0,0,0.0,0,0.0,0,0.0,0
2012-11-23T09:19:38.000,2188.4,11820,2188.4,20,0.0,0,0.0,0,0.0,0,0.0,0,2188.6,17,0.0,0,0.0,0,0.0,0,0.0,0
2012-11-23T09:19:38.500,2188.6,11843,2188.6,6,0.0,0,0.0,0,0.0,0,0.0,0,2188.8,51,0.0,0,0.0,0,0.0,0,0.0,0
2012-11-23T09:19:39.000,2188.6,11850,2188.6,7,0.0,0,0.0,0,0.0,0,0.0,0,2188.8,51,0.0,0,0.0,0,0.0,0,0.0,0
2012-11-23T09:19:39.500,2188.8,11865,2188.4,24,0.0,0,0.0,0,0.0,0,0.0,0,2188.6,1,0.0,0,0.0,0,0.0,0,0.0,0
2012-11-23T09:19:40.000,2188.6,11867,2188.6,4,0.0,0,0.0,0,0.0,0,0.0,0,2188.8,48,0.0,0,0.0,0,0.0,0,0.0,0
2012-11-23T09:19:40.500,2188.6,11871,2188.4,26,0.0,0,0.0,0,0.0,0,0.0,0,2188.6,1,0.0,0,0.0,0,0.0,0,0.0,0
2012-11-23T09:19:41.000,2188.6,11874,2188.4,26,0.0,0,0.0,0,0.0,0,0.0,0,2188.6,8,0.0,0,0.0,0,0.0,0,0.0,0
2012-11-23T09:19:41.500,2188.6,11877,2188.4,27,0.0,0,0.0,0,0.0,0,0.0,0,2188.6,17,0.0,0,0.0,0,0.0,0,0.0,0
2012-11-23T09:19:42.000,2188.6,11880,2188.4,26,0.0,0,0.0,0,0.0,0,0.0,0,2188.6,15,0.0,0,0.0,0,0.0,0,0.0,0
2012-11-23T09:19:42.500,2188.6,11892,2188.4,10,0.0,0,0.0,0,0.0,0,0.0,0,2188.6,15,0.0,0,0.0,0,0.0,0,0.0,0
2012-11-23T09:19:43.000,2188.4,11901,2188.4,10,0.0,0,0.0,0,0.0,0,0.0,0,2188.6,14,0.0,0,0.0,0,0.0,0,0.0,0
2012-11-23T09:19:43.500,2188.6,11902,2188.4,11,0.0,0,0.0,0,0.0,0,0.0,0,2188.6,13,0.0,0,0.0,0,0.0,0,0.0,0
2012-11-23T09:19:44.250,2188.6,11906,2188.4,11,0.0,0,0.0,0,0.0,0,0.0,0,2188.6,13,0.0,0,0.0,0,0.0,0,0.0,0
2012-11-23T09:19:45.250,2188.6,11907,2188.4,17,0.0,0,0.0,0,0.0,0,0.0,0,2188.6,20,0.0,0,0.0,0,0.0,0,0.0,0
2012-11-23T09:19:46.000,2188.6,11918,2188.4,13,0.0,0,0.0,0,0.0,0,0.0,0,2188.6,13,0.0,0,0.0,0,0.0,0,0.0,0
2012-11-23T09:19:46.500,2188.6,11922,2188.4,13,0.0,0,0.0,0,0.0,0,0.0,0,2188.6,10,0.0,0,0.0,0,0.0,0,0.0,0
2012-11-23T09:19:47.250,2188.6,11925,2188.4,16,0.0,0,0.0,0,0.0,0,0.0,0,2188.6,20,0.0,0,0.0,0,0.0,0,0.0,0
2012-11-23T09:19:48.000,2188.4,11940,2188.4,5,0.0,0,0.0,0,0.0,0,0.0,0,2188.6,16,0.0,0,0.0,0,0.0,0,0.0,0
2012-11-23T09:19:48.500,2188.6,11944,2188.4,4,0.0,0,0.0,0,0.0,0,0.0,0,2188.6,13,0.0,0,0.0,0,0.0,0,0.0,0
2012-11-23T09:19:49.000,2188.6,11945,2188.4,15,0.0,0,0.0,0,0.0,0,0.0,0,2188.6,12,0.0,0,0.0,0,0.0,0,0.0,0
2012-11-23T09:19:49.500,2188.4,11947,2188.4,16,0.0,0,0.0,0,0.0,0,0.0,0,2188.6,13,0.0,0,0.0,0,0.0,0,0.0,0
2012-11-23T09:19:50.000,2188.6,11951,2188.4,14,0.0,0,0.0,0,0.0,0,0.0,0,2188.6,13,0.0,0,0.0,0,0.0,0,0.0,0
2012-11-23T09:19:50.500,2188.4,11972,2188.2,82,0.0,0,0.0,0,0.0,0,0.0,0,2188.4,71,0.0,0,0.0,0,0.0,0,0.0,0
2012-11-23T09:19:51.000,2188.2,11978,2188.2,82,0.0,0,0.0,0,0.0,0,0.0,0,2188.4,66,0.0,0,0.0,0,0.0,0,0.0,0
2012-11-23T09:19:51.500,2188.2,12029,2188.2,50,0.0,0,0.0,0,0.0,0,0.0,0,2188.4,49,0.0,0,0.0,0,0.0,0,0.0,0
2012-11-23T09:19:52.000,2188.2,12048,2188.2,31,0.0,0,0.0,0,0.0,0,0.0,0,2188.4,48,0.0,0,0.0,0,0.0,0,0.0,0
2012-11-23T09:19:52.500,2188.2,12130,2188.2,1,0.0,0,0.0,0,0.0,0,0.0,0,2188.6,12,0.0,0,0.0,0,0.0,0,0.0,0
2012-11-23T09:19:53.000,2188.2,12144,2188,168,0.0,0,0.0,0,0.0,0,0.0,0,2188.4,5,0.0,0,0.0,0,0.0,0,0.0,0
2012-11-23T09:19:53.500,2188.4,12147,2188.2,8,0.0,0,0.0,0,0.0,0,0.0,0,2188.4,4,0.0,0,0.0,0,0.0,0,0.0,0
2012-11-23T09:19:54.000,2188,12293,2188.2,12,0.0,0,0.0,0,0.0,0,0.0,0,2188.4,3,0.0,0,0.0,0,0.0,0,0.0,0
2012-11-23T09:19:54.500,2188.2,12320,2188,37,0.0,0,0.0,0,0.0,0,0.0,0,2188.2,25,0.0,0,0.0,0,0.0,0,0.0,0
2012-11-23T09:19:55.000,2188.2,12322,2188,42,0.0,0,0.0,0,0.0,0,0.0,0,2188.2,33,0.0,0,0.0,0,0.0,0,0.0,0
2012-11-23T09:19:55.500,2188,12361,2187.8,42,0.0,0,0.0,0,0.0,0,0.0,0,2188,40,0.0,0,0.0,0,0.0,0,0.0,0
2012-11-23T09:19:56.000,2188,12377,2187.8,42,0.0,0,0.0,0,0.0,0,0.0,0,2188,26,0.0,0,0.0,0,0.0,0,0.0,0
2012-11-23T09:19:56.500,2187.8,12434,2187.8,26,0.0,0,0.0,0,0.0,0,0.0,0,2188,45,0.0,0,0.0,0,0.0,0,0.0,0
2012-11-23T09:19:57.000,2187.6,12469,2187.6,48,0.0,0,0.0,0,0.0,0,0.0,0,2187.8,4,0.0,0,0.0,0,0.0,0,0.0,0
2012-11-23T09:19:57.500,2187.8,12533,2187.4,6,0.0,0,0.0,0,0.0,0,0.0,0,2187.8,5,0.0,0,0.0,0,0.0,0,0.0,0
2012-11-23T09:19:58.000,2187.8,12553,2187.4,10,0.0,0,0.0,0,0.0,0,0.0,0,2187.8,2,0.0,0,0.0,0,0.0,0,0.0,0
2012-11-23T09:19:58.500,2187.4,12633,2187.2,183,0.0,0,0.0,0,0.0,0,0.0,0,2187.4,30,0.0,0,0.0,0,0.0,0,0.0,0
2012-11-23T09:19:59.000,2187.2,12709,2187.2,174,0.0,0,0.0,0,0.0,0,0.0,0,2188,50,0.0,0,0.0,0,0.0,0,0.0,0
2012-11-23T09:19:59.500,2187.8,12727,2187.4,75,0.0,0,0.0,0,0.0,0,0.0,0,2187.8,7,0.0,0,0.0,0,0.0,0,0.0,0
2012-11-23T09:20:00.000,2187.6,12753,2187.6,8,0.0,0,0.0,0,0.0,0,0.0,0,2187.8,12,0.0,0,0.0,0,0.0,0,0.0,0
2012-11-23T09:20:00.500,2187.6,12786,2187.8,3,0.0,0,0.0,0,0.0,0,0.0,0,2188,49,0.0,0,0.0,0,0.0,0,0.0,0
2012-11-23T09:20:01.000,2187.6,12814,2187.6,21,0.0,0,0.0,0,0.0,0,0.0,0,2187.8,9,0.0,0,0.0,0,0.0,0,0.0,0
2012-11-23T09:20:01.500,2188,12871,2187.8,27,0.0,0,0.0,0,0.0,0,0.0,0,2188,45,0.0,0,0.0,0,0.0,0,0.0,0
2012-11-23T09:20:02.000,2187.8,12905,2187.8,5,0.0,0,0.0,0,0.0,0,0.0,0,2188,46,0.0,0,0.0,0,0.0,0,0.0,0
2012-11-23T09:20:02.500,2188,12912,2187.8,7,0.0,0,0.0,0,0.0,0,0.0,0,2188,45,0.0,0,0.0,0,0.0,0,0.0,0
2012-11-23T09:20:03.000,2187.6,12940,2187.4,33,0.0,0,0.0,0,0.0,0,0.0,0,2187.6,5,0.0,0,0.0,0,0.0,0,0.0,0
2012-11-23T09:20:03.500,2188,12977,2187.6,1,0.0,0,0.0,0,0.0,0,0.0,0,2188,42,0.0,0,0.0,0,0.0,0,0.0,0
2012-11-23T09:20:04.000,2187.8,12997,2187.4,7,0.0,0,0.0,0,0.0,0,0.0,0,2187.8,3,0.0,0,0.0,0,0.0,0,0.0,0
2012-11-23T09:20:04.500,2187.8,13012,2187.4,12,0.0,0,0.0,0,0.0,0,0.0,0,2187.8,22,0.0,0,0.0,0,0.0,0,0.0,0
2012-11-23T09:20:05.000,2187.8,13023,2187.4,57,0.0,0,0.0,0,0.0,0,0.0,0,2187.6,2,0.0,0,0.0,0,0.0,0,0.0,0
2012-11-23T09:20:05.500,2187.6,13035,2187.4,59,0.0,0,0.0,0,0.0,0,0.0,0,2187.8,28,0.0,0,0.0,0,0.0,0,0.0,0
2012-11-23T09:20:06.000,2187.8,13043,2187.6,4,0.0,0,0.0,0,0.0,0,0.0,0,2187.8,20,0.0,0,0.0,0,0.0,0,0.0,0
2012-11-23T09:20:06.500,2187.8,13077,2187.8,12,0.0,0,0.0,0,0.0,0,0.0,0,2188,118,0.0,0,0.0,0,0.0,0,0.0,0
2012-11-23T09:20:07.000,2187.8,13092,2187.8,13,0.0,0,0.0,0,0.0,0,0.0,0,2188,109,0.0,0,0.0,0,0.0,0,0.0,0
2012-11-23T09:20:07.500,2187.8,13130,2187.8,4,0.0,0,0.0,0,0.0,0,0.0,0,2188,88,0.0,0,0.0,0,0.0,0,0.0,0
2012-11-23T09:20:08.000,2187.6,13153,2187.6,59,0.0,0,0.0,0,0.0,0,0.0,0,2188,79,0.0,0,0.0,0,0.0,0,0.0,0
2012-11-23T09:20:08.500,2187.8,13157,2187.8,5,0.0,0,0.0,0,0.0,0,0.0,0,2188,81,0.0,0,0.0,0,0.0,0,0.0,0
2012-11-23T09:20:09.000,2188,13167,2187.8,3,0.0,0,0.0,0,0.0,0,0.0,0,2188,82,0.0,0,0.0,0,0.0,0,0.0,0
2012-11-23T09:20:09.500,2187.8,13172,2187.6,69,0.0,0,0.0,0,0.0,0,0.0,0,2188,82,0.0,0,0.0,0,0.0,0,0.0,0
2012-11-23T09:20:10.000,2187.8,13177,2187.6,69,0.0,0,0.0,0,0.0,0,0.0,0,2187.8,4,0.0,0,0.0,0,0.0,0,0.0,0
2012-11-23T09:20:10.500,2187.6,13210,2187.6,39,0.0,0,0.0,0,0.0,0,0.0,0,2187.8,6,0.0,0,0.0,0,0.0,0,0.0,0
2012-11-23T09:20:11.000,2187.8,13222,2187.6,28,0.0,0,0.0,0,0.0,0,0.0,0,2187.8,3,0.0,0,0.0,0,0.0,0,0.0,0
2012-11-23T09:20:11.500,2187.6,13234,2187.6,16,0.0,0,0.0,0,0.0,0,0.0,0,2187.8,15,0.0,0,0.0,0,0.0,0,0.0,0
2012-11-23T09:20:12.000,2187.6,13242,2187.6,10,0.0,0,0.0,0,0.0,0,0.0,0,2187.8,19,0.0,0,0.0,0,0.0,0,0.0,0
2012-11-23T09:20:12.500,2187.8,13272,2187.8,41,0.0,0,0.0,0,0.0,0,0.0,0,2188,86,0.0,0,0.0,0,0.0,0,0.0,0
2012-11-23T09:20:13.000,2187.8,13300,2187.8,17,0.0,0,0.0,0,0.0,0,0.0,0,2188,91,0.0,0,0.0,0,0.0,0,0.0,0
2012-11-23T09:20:13.500,2187.8,13319,2187.8,25,0.0,0,0.0,0,0.0,0,0.0,0,2188,91,0.0,0,0.0,0,0.0,0,0.0,0
2012-11-23T09:20:14.000,2187.8,13340,2187.8,17,0.0,0,0.0,0,0.0,0,0.0,0,2188,82,0.0,0,0.0,0,0.0,0,0.0,0
2012-11-23T09:20:14.500,2187.8,13348,2187.8,14,0.0,0,0.0,0,0.0,0,0.0,0,2188,79,0.0,0,0.0,0,0.0,0,0.0,0
2012-11-23T09:20:15.000,2187.8,13362,2187.8,14,0.0,0,0.0,0,0.0,0,0.0,0,2188,70,0.0,0,0.0,0,0.0,0,0.0,0
2012-11-23T09:20:15.500,2187.8,13364,2187.8,14,0.0,0,0.0,0,0.0,0,0.0,0,2188,74,0.0,0,0.0,0,0.0,0,0.0,0
2012-11-23T09:20:16.000,2187.8,13365,2187.8,13,0.0,0,0.0,0,0.0,0,0.0,0,2188,74,0.0,0,0.0,0,0.0,0,0.0,0
2012-11-23T09:20:16.500,2188,13367,2187.8,18,0.0,0,0.0,0,0.0,0,0.0,0,2188,73,0.0,0,0.0,0,0.0,0,0.0,0
2012-11-23T09:20:17.000,2188,13371,2187.8,17,0.0,0,0.0,0,0.0,0,0.0,0,2188,71,0.0,0,0.0,0,0.0,0,0.0,0
2012-11-23T09:20:17.500,2187.8,13377,2187.8,14,0.0,0,0.0,0,0.0,0,0.0,0,2188,73,0.0,0,0.0,0,0.0,0,0.0,0
2012-11-23T09:20:18.000,2187.8,13410,2187.8,27,0.0,0,0.0,0,0.0,0,0.0,0,2188,49,0.0,0,0.0,0,0.0,0,0.0,0
2012-11-23T09:20:18.500,2188,13420,2187.8,27,0.0,0,0.0,0,0.0,0,0.0,0,2188,43,0.0,0,0.0,0,0.0,0,0.0,0
2012-11-23T09:20:19.000,2187.8,13430,2187.8,26,0.0,0,0.0,0,0.0,0,0.0,0,2188,36,0.0,0,0.0,0,0.0,0,0.0,0
2012-11-23T09:20:19.500,2188,13437,2187.8,21,0.0,0,0.0,0,0.0,0,0.0,0,2188,48,0.0,0,0.0,0,0.0,0,0.0,0
2012-11-23T09:20:20.000,2188,13439,2187.8,22,0.0,0,0.0,0,0.0,0,0.0,0,2188,46,0.0,0,0.0,0,0.0,0,0.0,0
2012-11-23T09:20:20.500,2187.8,13448,2187.8,22,0.0,0,0.0,0,0.0,0,0.0,0,2188,38,0.0,0,0.0,0,0.0,0,0.0,0
2012-11-23T09:20:21.000,2188,13453,2187.8,22,0.0,0,0.0,0,0.0,0,0.0,0,2188,34,0.0,0,0.0,0,0.0,0,0.0,0
2012-11-23T09:20:21.500,2188,13456,2187.8,22,0.0,0,0.0,0,0.0,0,0.0,0,2188,32,0.0,0,0.0,0,0.0,0,0.0,0
2012-11-23T09:20:22.000,2188,13466,2187.8,20,0.0,0,0.0,0,0.0,0,0.0,0,2188,25,0.0,0,0.0,0,0.0,0,0.0,0
2012-11-23T09:20:22.500,2188,13472,2187.8,27,0.0,0,0.0,0,0.0,0,0.0,0,2188,19,0.0,0,0.0,0,0.0,0,0.0,0
2012-11-23T09:20:23.000,2188,13475,2187.8,27,0.0,0,0.0,0,0.0,0,0.0,0,2188,17,0.0,0,0.0,0,0.0,0,0.0,0
2012-11-23T09:20:23.500,2188.2,13494,2188,39,0.0,0,0.0,0,0.0,0,0.0,0,2188.2,40,0.0,0,0.0,0,0.0,0,0.0,0
2012-11-23T09:20:24.000,2188.2,13503,2188,44,0.0,0,0.0,0,0.0,0,0.0,0,2188.2,35,0.0,0,0.0,0,0.0,0,0.0,0
2012-11-23T09:20:24.500,2188.2,13511,2188,51,0.0,0,0.0,0,0.0,0,0.0,0,2188.2,29,0.0,0,0.0,0,0.0,0,0.0,0
2012-11-23T09:20:25.000,2188.2,13528,2188,50,0.0,0,0.0,0,0.0,0,0.0,0,2188.2,13,0.0,0,0.0,0,0.0,0,0.0,0
2012-11-23T09:20:25.500,2188.2,13541,2188,51,0.0,0,0.0,0,0.0,0,0.0,0,2188.4,34,0.0,0,0.0,0,0.0,0,0.0,0
2012-11-23T09:20:26.000,2188.4,13542,2188.2,15,0.0,0,0.0,0,0.0,0,0.0,0,2188.4,33,0.0,0,0.0,0,0.0,0,0.0,0
2012-11-23T09:20:26.500,2188.4,13566,2188.2,16,0.0,0,0.0,0,0.0,0,0.0,0,2188.4,13,0.0,0,0.0,0,0.0,0,0.0,0
2012-11-23T09:20:27.000,2188.4,13569,2188.2,16,0.0,0,0.0,0,0.0,0,0.0,0,2188.4,11,0.0,0,0.0,0,0.0,0,0.0,0
2012-11-23T09:20:27.500,2188.4,13580,2188.2,26,0.0,0,0.0,0,0.0,0,0.0,0,2188.6,18,0.0,0,0.0,0,0.0,0,0.0,0
2012-11-23T09:20:28.000,2188.4,13593,2188.2,24,0.0,0,0.0,0,0.0,0,0.0,0,2188.4,1,0.0,0,0.0,0,0.0,0,0.0,0
2012-11-23T09:20:28.500,2188.4,13599,2188.4,1,0.0,0,0.0,0,0.0,0,0.0,0,2188.6,21,0.0,0,0.0,0,0.0,0,0.0,0
2012-11-23T09:20:29.000,2188.4,13606,2188.4,33,0.0,0,0.0,0,0.0,0,0.0,0,2188.6,20,0.0,0,0.0,0,0.0,0,0.0,0
2012-11-23T09:20:29.500,2188.4,13609,2188.4,32,0.0,0,0.0,0,0.0,0,0.0,0,2188.6,19,0.0,0,0.0,0,0.0,0,0.0,0
2012-11-23T09:20:30.000,2188.6,13612,2188.4,32,0.0,0,0.0,0,0.0,0,0.0,0,2188.6,17,0.0,0,0.0,0,0.0,0,0.0,0
2012-11-23T09:20:30.500,2188.6,13616,2188.4,37,0.0,0,0.0,0,0.0,0,0.0,0,2188.6,15,0.0,0,0.0,0,0.0,0,0.0,0
2012-11-23T09:20:31.000,2188.4,13622,2188.4,34,0.0,0,0.0,0,0.0,0,0.0,0,2188.6,12,0.0,0,0.0,0,0.0,0,0.0,0
2012-11-23T09:20:31.500,2188.4,13632,2188.4,33,0.0,0,0.0,0,0.0,0,0.0,0,2188.6,4,0.0,0,0.0,0,0.0,0,0.0,0
2012-11-23T09:20:32.000,2188.4,13640,2188.4,32,0.0,0,0.0,0,0.0,0,0.0,0,2188.8,67,0.0,0,0.0,0,0.0,0,0.0,0
2012-11-23T09:20:32.500,2188.6,13645,2188.4,32,0.0,0,0.0,0,0.0,0,0.0,0,2188.6,14,0.0,0,0.0,0,0.0,0,0.0,0
2012-11-23T09:20:33.000,2188.6,13647,2188.4,32,0.0,0,0.0,0,0.0,0,0.0,0,2188.6,14,0.0,0,0.0,0,0.0,0,0.0,0
2012-11-23T09:20:33.500,2188.4,13648,2188.4,32,0.0,0,0.0,0,0.0,0,0.0,0,2188.6,27,0.0,0,0.0,0,0.0,0,0.0,0
2012-11-23T09:20:34.000,2188.4,13652,2188.4,31,0.0,0,0.0,0,0.0,0,0.0,0,2188.6,26,0.0,0,0.0,0,0.0,0,0.0,0
2012-11-23T09:20:34.500,2188.6,13656,2188.4,36,0.0,0,0.0,0,0.0,0,0.0,0,2188.6,28,0.0,0,0.0,0,0.0,0,0.0,0
2012-11-23T09:20:35.000,2188.4,13659,2188.4,37,0.0,0,0.0,0,0.0,0,0.0,0,2188.6,26,0.0,0,0.0,0,0.0,0,0.0,0
2012-11-23T09:20:35.500,2188.6,13661,2188.4,37,0.0,0,0.0,0,0.0,0,0.0,0,2188.6,35,0.0,0,0.0,0,0.0,0,0.0,0
2012-11-23T09:20:36.000,2188.6,13690,2188.4,20,0.0,0,0.0,0,0.0,0,0.0,0,2188.6,23,0.0,0,0.0,0,0.0,0,0.0,0
2012-11-23T09:20:36.500,2188.6,13709,2188.4,18,0.0,0,0.0,0,0.0,0,0.0,0,2188.6,15,0.0,0,0.0,0,0.0,0,0.0,0
2012-11-23T09:20:37.000,2188.4,13720,2188.4,11,0.0,0,0.0,0,0.0,0,0.0,0,2188.6,12,0.0,0,0.0,0,0.0,0,0.0,0
2012-11-23T09:20:37.500,2188.4,13743,2188.2,53,0.0,0,0.0,0,0.0,0,0.0,0,2188.4,39,0.0,0,0.0,0,0.0,0,0.0,0
2012-11-23T09:20:38.000,2188.4,13747,2188.2,55,0.0,0,0.0,0,0.0,0,0.0,0,2188.4,53,0.0,0,0.0,0,0.0,0,0.0,0
2012-11-23T09:20:38.500,2188.4,13750,2188.2,53,0.0,0,0.0,0,0.0,0,0.0,0,2188.4,51,0.0,0,0.0,0,0.0,0,0.0,0
2012-11-23T09:20:39.000,2188.2,13764,2188.2,47,0.0,0,0.0,0,0.0,0,0.0,0,2188.4,33,0.0,0,0.0,0,0.0,0,0.0,0
2012-11-23T09:20:39.500,2188.2,13766,2188.2,45,0.0,0,0.0,0,0.0,0,0.0,0,2188.4,33,0.0,0,0.0,0,0.0,0,0.0,0
2012-11-23T09:20:40.250,2188.4,13768,2188.2,46,0.0,0,0.0,0,0.0,0,0.0,0,2188.4,45,0.0,0,0.0,0,0.0,0,0.0,0
2012-11-23T09:20:41.000,2188.4,13770,2188.2,44,0.0,0,0.0,0,0.0,0,0.0,0,2188.4,45,0.0,0,0.0,0,0.0,0,0.0,0
2012-11-23T09:20:41.500,2188.2,13774,2188.2,43,0.0,0,0.0,0,0.0,0,0.0,0,2188.4,48,0.0,0,0.0,0,0.0,0,0.0,0
2012-11-23T09:20:42.250,2188.2,13785,2188.2,39,0.0,0,0.0,0,0.0,0,0.0,0,2188.4,41,0.0,0,0.0,0,0.0,0,0.0,0
2012-11-23T09:20:43.000,2188.4,13787,2188.2,44,0.0,0,0.0,0,0.0,0,0.0,0,2188.4,42,0.0,0,0.0,0,0.0,0,0.0,0
2012-11-23T09:20:43.500,2188.4,13800,2188.2,43,0.0,0,0.0,0,0.0,0,0.0,0,2188.4,27,0.0,0,0.0,0,0.0,0,0.0,0
2012-11-23T09:20:44.000,2188.2,13810,2188.2,33,0.0,0,0.0,0,0.0,0,0.0,0,2188.4,28,0.0,0,0.0,0,0.0,0,0.0,0
2012-11-23T09:20:44.500,2188.2,13819,2188.2,44,0.0,0,0.0,0,0.0,0,0.0,0,2188.4,28,0.0,0,0.0,0,0.0,0,0.0,0
2012-11-23T09:20:45.250,2188.4,13822,2188.2,58,0.0,0,0.0,0,0.0,0,0.0,0,2188.4,28,0.0,0,0.0,0,0.0,0,0.0,0
2012-11-23T09:20:46.000,2188.4,13838,2188.2,57,0.0,0,0.0,0,0.0,0,0.0,0,2188.4,13,0.0,0,0.0,0,0.0,0,0.0,0
2012-11-23T09:20:46.500,2188.2,13853,2188.2,56,0.0,0,0.0,0,0.0,0,0.0,0,2188.4,1,0.0,0,0.0,0,0.0,0,0.0,0
2012-11-23T09:20:47.250,2188.2,13859,2188.4,3,0.0,0,0.0,0,0.0,0,0.0,0,2188.6,35,0.0,0,0.0,0,0.0,0,0.0,0
2012-11-23T09:20:48.000,2188.6,13907,2188.4,103,0.0,0,0.0,0,0.0,0,0.0,0,2188.6,8,0.0,0,0.0,0,0.0,0,0.0,0
2012-11-23T09:20:48.500,2188.6,13917,2188.6,27,0.0,0,0.0,0,0.0,0,0.0,0,2188.8,95,0.0,0,0.0,0,0.0,0,0.0,0
2012-11-23T09:20:49.000,2188.6,13933,2188.6,38,0.0,0,0.0,0,0.0,0,0.0,0,2188.8,81,0.0,0,0.0,0,0.0,0,0.0,0
2012-11-23T09:20:49.500,2188.6,13936,2188.6,30,0.0,0,0.0,0,0.0,0,0.0,0,2188.8,81,0.0,0,0.0,0,0.0,0,0.0,0
2012-11-23T09:20:50.000,2188.8,13942,2188.6,32,0.0,0,0.0,0,0.0,0,0.0,0,2188.8,75,0.0,0,0.0,0,0.0,0,0.0,0
2012-11-23T09:20:50.500,2188.8,13957,2188.6,31,0.0,0,0.0,0,0.0,0,0.0,0,2188.8,62,0.0,0,0.0,0,0.0,0,0.0,0
2012-11-23T09:20:51.250,2188.6,13971,2188.6,26,0.0,0,0.0,0,0.0,0,0.0,0,2188.8,54,0.0,0,0.0,0,0.0,0,0.0,0
2012-11-23T09:20:52.000,2188.6,13975,2188.6,25,0.0,0,0.0,0,0.0,0,0.0,0,2188.8,52,0.0,0,0.0,0,0.0,0,0.0,0
2012-11-23T09:20:52.500,2188.8,14002,2188.6,20,0.0,0,0.0,0,0.0,0,0.0,0,2188.8,30,0.0,0,0.0,0,0.0,0,0.0,0
2012-11-23T09:20:53.000,2188.8,14014,2188.6,17,0.0,0,0.0,0,0.0,0,0.0,0,2188.8,22,0.0,0,0.0,0,0.0,0,0.0,0
2012-11-23T09:20:53.500,2188.8,14017,2188.6,18,0.0,0,0.0,0,0.0,0,0.0,0,2188.8,38,0.0,0,0.0,0,0.0,0,0.0,0
2012-11-23T09:20:54.000,2188.8,14020,2188.6,17,0.0,0,0.0,0,0.0,0,0.0,0,2188.8,36,0.0,0,0.0,0,0.0,0,0.0,0
2012-11-23T09:20:54.500,2188.8,14023,2188.6,17,0.0,0,0.0,0,0.0,0,0.0,0,2188.8,34,0.0,0,0.0,0,0.0,0,0.0,0
2012-11-23T09:20:55.000,2188.6,14029,2188.6,20,0.0,0,0.0,0,0.0,0,0.0,0,2188.8,31,0.0,0,0.0,0,0.0,0,0.0,0
2012-11-23T09:20:55.500,2188.6,14038,2188.6,11,0.0,0,0.0,0,0.0,0,0.0,0,2188.8,31,0.0,0,0.0,0,0.0,0,0.0,0
2012-11-23T09:20:56.000,2188.8,14073,2188.8,1,0.0,0,0.0,0,0.0,0,0.0,0,2189,56,0.0,0,0.0,0,0.0,0,0.0,0
2012-11-23T09:20:56.500,2188.8,14081,2188.6,11,0.0,0,0.0,0,0.0,0,0.0,0,2188.8,15,0.0,0,0.0,0,0.0,0,0.0,0
2012-11-23T09:20:57.000,2188.6,14089,2188.6,10,0.0,0,0.0,0,0.0,0,0.0,0,2188.8,13,0.0,0,0.0,0,0.0,0,0.0,0
2012-11-23T09:20:57.500,2188.8,14111,2188.8,92,0.0,0,0.0,0,0.0,0,0.0,0,2189,55,0.0,0,0.0,0,0.0,0,0.0,0
2012-11-23T09:20:58.000,2189,14140,2188.8,92,0.0,0,0.0,0,0.0,0,0.0,0,2189,26,0.0,0,0.0,0,0.0,0,0.0,0
2012-11-23T09:20:58.500,2188.8,14151,2188.8,82,0.0,0,0.0,0,0.0,0,0.0,0,2189,39,0.0,0,0.0,0,0.0,0,0.0,0
2012-11-23T09:20:59.000,2188.8,14154,2188.8,94,0.0,0,0.0,0,0.0,0,0.0,0,2189,35,0.0,0,0.0,0,0.0,0,0.0,0
2012-11-23T09:20:59.500,2189,14157,2188.8,95,0.0,0,0.0,0,0.0,0,0.0,0,2189,21,0.0,0,0.0,0,0.0,0,0.0,0
2012-11-23T09:21:00.000,2188.8,14159,2188.8,95,0.0,0,0.0,0,0.0,0,0.0,0,2189,20,0.0,0,0.0,0,0.0,0,0.0,0
2012-11-23T09:21:00.500,2189,14184,2188.8,84,0.0,0,0.0,0,0.0,0,0.0,0,2189,16,0.0,0,0.0,0,0.0,0,0.0,0
2012-11-23T09:21:01.000,2188.8,14199,2188.8,71,0.0,0,0.0,0,0.0,0,0.0,0,2189,17,0.0,0,0.0,0,0.0,0,0.0,0
2012-11-23T09:21:01.500,2189,14221,2188.8,51,0.0,0,0.0,0,0.0,0,0.0,0,2189,21,0.0,0,0.0,0,0.0,0,0.0,0
2012-11-23T09:21:02.000,2189,14273,2189,3,0.0,0,0.0,0,0.0,0,0.0,0,2189.2,25,0.0,0,0.0,0,0.0,0,0.0,0
2012-11-23T09:21:02.500,2189,14283,2188.8,32,0.0,0,0.0,0,0.0,0,0.0,0,2189,18,0.0,0,0.0,0,0.0,0,0.0,0
2012-11-23T09:21:03.000,2188.8,14302,2188.8,30,0.0,0,0.0,0,0.0,0,0.0,0,2189,8,0.0,0,0.0,0,0.0,0,0.0,0
2012-11-23T09:21:03.500,2189,14306,2188.8,29,0.0,0,0.0,0,0.0,0,0.0,0,2189,7,0.0,0,0.0,0,0.0,0,0.0,0
2012-11-23T09:21:04.000,2188.8,14309,2188.8,27,0.0,0,0.0,0,0.0,0,0.0,0,2189,9,0.0,0,0.0,0,0.0,0,0.0,0
2012-11-23T09:21:04.500,2189,14318,2189,40,0.0,0,0.0,0,0.0,0,0.0,0,2189.2,24,0.0,0,0.0,0,0.0,0,0.0,0
2012-11-23T09:21:05.000,2189,14325,2189,35,0.0,0,0.0,0,0.0,0,0.0,0,2189.2,27,0.0,0,0.0,0,0.0,0,0.0,0
2012-11-23T09:21:05.500,2189,14329,2189,31,0.0,0,0.0,0,0.0,0,0.0,0,2189.2,26,0.0,0,0.0,0,0.0,0,0.0,0
2012-11-23T09:21:06.000,2189,14339,2189,24,0.0,0,0.0,0,0.0,0,0.0,0,2189.2,25,0.0,0,0.0,0,0.0,0,0.0,0
2012-11-23T09:21:06.500,2189,14360,2189,5,0.0,0,0.0,0,0.0,0,0.0,0,2189.2,23,0.0,0,0.0,0,0.0,0,0.0,0
2012-11-23T09:21:07.000,2188.8,14395,2188.8,1,0.0,0,0.0,0,0.0,0,0.0,0,2189,19,0.0,0,0.0,0,0.0,0,0.0,0
2012-11-23T09:21:07.500,2189.2,14442,2189.2,59,0.0,0,0.0,0,0.0,0,0.0,0,2189.4,23,0.0,0,0.0,0,0.0,0,0.0,0
2012-11-23T09:21:08.000,2189.4,14495,2189.2,8,0.0,0,0.0,0,0.0,0,0.0,0,2189.4,25,0.0,0,0.0,0,0.0,0,0.0,0
2012-11-23T09:21:08.500,2189,14507,2189,7,0.0,0,0.0,0,0.0,0,0.0,0,2189.2,1,0.0,0,0.0,0,0.0,0,0.0,0
2012-11-23T09:21:09.000,2189.2,14522,2189,12,0.0,0,0.0,0,0.0,0,0.0,0,2189.2,2,0.0,0,0.0,0,0.0,0,0.0,0
2012-11-23T09:21:09.500,2189.2,14523,2189,11,0.0,0,0.0,0,0.0,0,0.0,0,2189.2,3,0.0,0,0.0,0,0.0,0,0.0,0
2012-11-23T09:21:10.000,2189,14531,2189,12,0.0,0,0.0,0,0.0,0,0.0,0,2189.2,9,0.0,0,0.0,0,0.0,0,0.0,0
2012-11-23T09:21:10.500,2189.2,14538,2189,8,0.0,0,0.0,0,0.0,0,0.0,0,2189.2,6,0.0,0,0.0,0,0.0,0,0.0,0
2012-11-23T09:21:11.000,2189.2,14540,2189,8,0.0,0,0.0,0,0.0,0,0.0,0,2189.2,4,0.0,0,0.0,0,0.0,0,0.0,0
2012-11-23T09:21:11.500,2189.2,14555,2189,3,0.0,0,0.0,0,0.0,0,0.0,0,2189.2,13,0.0,0,0.0,0,0.0,0,0.0,0
2012-11-23T09:21:12.000,2189,14563,2189,3,0.0,0,0.0,0,0.0,0,0.0,0,2189.2,6,0.0,0,0.0,0,0.0,0,0.0,0
2012-11-23T09:21:12.500,2189.2,14570,2189.2,1,0.0,0,0.0,0,0.0,0,0.0,0,2189.4,21,0.0,0,0.0,0,0.0,0,0.0,0
2012-11-23T09:21:13.000,2189,14574,2189,17,0.0,0,0.0,0,0.0,0,0.0,0,2189.2,1,0.0,0,0.0,0,0.0,0,0.0,0
2012-11-23T09:21:13.500,2189.2,14580,2189,16,0.0,0,0.0,0,0.0,0,0.0,0,2189.2,2,0.0,0,0.0,0,0.0,0,0.0,0
2012-11-23T09:21:14.000,2189,14584,2189,14,0.0,0,0.0,0,0.0,0,0.0,0,2189.4,21,0.0,0,0.0,0,0.0,0,0.0,0
2012-11-23T09:21:14.500,2189.2,14598,2189.2,2,0.0,0,0.0,0,0.0,0,0.0,0,2189.4,11,0.0,0,0.0,0,0.0,0,0.0,0
2012-11-23T09:21:15.000,2189,14622,2189,6,0.0,0,0.0,0,0.0,0,0.0,0,2189.2,13,0.0,0,0.0,0,0.0,0,0.0,0
2012-11-23T09:21:15.500,2189,14625,2189,4,0.0,0,0.0,0,0.0,0,0.0,0,2189.2,12,0.0,0,0.0,0,0.0,0,0.0,0
2012-11-23T09:21:16.250,2189.2,14641,2189.2,1,0.0,0,0.0,0,0.0,0,0.0,0,2189.4,17,0.0,0,0.0,0,0.0,0,0.0,0
2012-11-23T09:21:17.000,2189.6,14670,2189,5,0.0,0,0.0,0,0.0,0,0.0,0,2189.2,1,0.0,0,0.0,0,0.0,0,0.0,0
2012-11-23T09:21:17.500,2189.4,14677,2189.4,1,0.0,0,0.0,0,0.0,0,0.0,0,2189.6,20,0.0,0,0.0,0,0.0,0,0.0,0
2012-11-23T09:21:18.000,2189,14696,2188.8,6,0.0,0,0.0,0,0.0,0,0.0,0,2189,1,0.0,0,0.0,0,0.0,0,0.0,0
2012-11-23T09:21:18.500,2188.8,14722,2188.6,80,0.0,0,0.0,0,0.0,0,0.0,0,2188.8,6,0.0,0,0.0,0,0.0,0,0.0,0
2012-11-23T09:21:19.000,2188.8,14728,2188.8,13,0.0,0,0.0,0,0.0,0,0.0,0,2189.2,20,0.0,0,0.0,0,0.0,0,0.0,0
2012-11-23T09:21:19.500,2189.2,14731,2188.8,15,0.0,0,0.0,0,0.0,0,0.0,0,2189,5,0.0,0,0.0,0,0.0,0,0.0,0
2012-11-23T09:21:20.000,2189.2,14735,2188.8,35,0.0,0,0.0,0,0.0,0,0.0,0,2189,2,0.0,0,0.0,0,0.0,0,0.0,0
2012-11-23T09:21:20.500,2188.8,14740,2188.8,27,0.0,0,0.0,0,0.0,0,0.0,0,2189,1,0.0,0,0.0,0,0.0,0,0.0,0
2012-11-23T09:21:21.000,2188.8,14744,2188.8,24,0.0,0,0.0,0,0.0,0,0.0,0,2189,6,0.0,0,0.0,0,0.0,0,0.0,0
2012-11-23T09:21:21.500,2189.2,14751,2189,11,0.0,0,0.0,0,0.0,0,0.0,0,2189.2,26,0.0,0,0.0,0,0.0,0,0.0,0
2012-11-23T09:21:22.000,2189,14773,2188.8,19,0.0,0,0.0,0,0.0,0,0.0,0,2189.2,26,0.0,0,0.0,0,0.0,0,0.0,0
2012-11-23T09:21:22.500,2189,14779,2189,17,0.0,0,0.0,0,0.0,0,0.0,0,2189.2,26,0.0,0,0.0,0,0.0,0,0.0,0
2012-11-23T09:21:23.000,2189,14786,2189,11,0.0,0,0.0,0,0.0,0,0.0,0,2189.2,27,0.0,0,0.0,0,0.0,0,0.0,0
2012-11-23T09:21:23.500,2189.4,14821,2189.2,75,0.0,0,0.0,0,0.0,0,0.0,0,2189.4,10,0.0,0,0.0,0,0.0,0,0.0,0
2012-11-23T09:21:24.000,2189.2,14844,2189.2,81,0.0,0,0.0,0,0.0,0,0.0,0,2189.6,25,0.0,0,0.0,0,0.0,0,0.0,0
2012-11-23T09:21:24.500,2189.6,14858,2189.4,34,0.0,0,0.0,0,0.0,0,0.0,0,2189.6,12,0.0,0,0.0,0,0.0,0,0.0,0
2012-11-23T09:21:25.000,2189.6,14891,2189.4,19,0.0,0,0.0,0,0.0,0,0.0,0,2189.6,13,0.0,0,0.0,0,0.0,0,0.0,0
2012-11-23T09:21:25.500,2189.4,14910,2189.4,20,0.0,0,0.0,0,0.0,0,0.0,0,2189.6,3,0.0,0,0.0,0,0.0,0,0.0,0
2012-11-23T09:21:26.000,2189.6,14921,2189.6,36,0.0,0,0.0,0,0.0,0,0.0,0,2189.8,26,0.0,0,0.0,0,0.0,0,0.0,0
2012-11-23T09:21:26.500,2189.8,14931,2189.6,35,0.0,0,0.0,0,0.0,0,0.0,0,2189.8,19,0.0,0,0.0,0,0.0,0,0.0,0
2012-11-23T09:21:27.000,2189.6,15031,2189.2,79,0.0,0,0.0,0,0.0,0,0.0,0,2189.4,5,0.0,0,0.0,0,0.0,0,0.0,0
2012-11-23T09:21:27.500,2189.6,15039,2189.2,80,0.0,0,0.0,0,0.0,0,0.0,0,2189.6,9,0.0,0,0.0,0,0.0,0,0.0,0
2012-11-23T09:21:28.000,2189.6,15050,2189.4,19,0.0,0,0.0,0,0.0,0,0.0,0,2189.6,18,0.0,0,0.0,0,0.0,0,0.0,0
2012-11-23T09:21:28.500,2189.4,15084,2189.4,13,0.0,0,0.0,0,0.0,0,0.0,0,2189.6,1,0.0,0,0.0,0,0.0,0,0.0,0
2012-11-23T09:21:29.000,2189.6,15090,2189.4,22,0.0,0,0.0,0,0.0,0,0.0,0,2189.8,1,0.0,0,0.0,0,0.0,0,0.0,0
2012-11-23T09:21:29.500,2189.4,15092,2189.4,22,0.0,0,0.0,0,0.0,0,0.0,0,2189.6,1,0.0,0,0.0,0,0.0,0,0.0,0
2012-11-23T09:21:30.000,2189.6,15094,2189.4,21,0.0,0,0.0,0,0.0,0,0.0,0,2189.6,1,0.0,0,0.0,0,0.0,0,0.0,0
2012-11-23T09:21:30.500,2189.6,15097,2189.6,6,0.0,0,0.0,0,0.0,0,0.0,0,2189.8,2,0.0,0,0.0,0,0.0,0,0.0,0
2012-11-23T09:21:31.000,2189.6,15098,2189.6,13,0.0,0,0.0,0,0.0,0,0.0,0,2189.8,7,0.0,0,0.0,0,0.0,0,0.0,0
2012-11-23T09:21:31.500,2189.8,15109,2189.6,5,0.0,0,0.0,0,0.0,0,0.0,0,2189.8,10,0.0,0,0.0,0,0.0,0,0.0,0
2012-11-23T09:21:32.000,2190,15121,2189.8,49,0.0,0,0.0,0,0.0,0,0.0,0,2190,63,0.0,0,0.0,0,0.0,0,0.0,0
2012-11-23T09:21:32.500,2190,15128,2189.8,51,0.0,0,0.0,0,0.0,0,0.0,0,2190,69,0.0,0,0.0,0,0.0,0,0.0,0
2012-11-23T09:21:33.000,2190,15142,2189.8,51,0.0,0,0.0,0,0.0,0,0.0,0,2190,56,0.0,0,0.0,0,0.0,0,0.0,0
2012-11-23T09:21:33.500,2190,15174,2189.8,49,0.0,0,0.0,0,0.0,0,0.0,0,2190,36,0.0,0,0.0,0,0.0,0,0.0,0
2012-11-23T09:21:34.000,2190,15190,2189.8,68,0.0,0,0.0,0,0.0,0,0.0,0,2190,21,0.0,0,0.0,0,0.0,0,0.0,0
2012-11-23T09:21:34.500,2190,15233,2189.8,57,0.0,0,0.0,0,0.0,0,0.0,0,2190,1,0.0,0,0.0,0,0.0,0,0.0,0
2012-11-23T09:21:35.000,2190,15249,2190,15,0.0,0,0.0,0,0.0,0,0.0,0,2190.2,41,0.0,0,0.0,0,0.0,0,0.0,0
2012-11-23T09:21:35.500,2190,15259,2190,12,0.0,0,0.0,0,0.0,0,0.0,0,2190.2,36,0.0,0,0.0,0,0.0,0,0.0,0
2012-11-23T09:21:36.000,2190,15261,2190,15,0.0,0,0.0,0,0.0,0,0.0,0,2190.2,37,0.0,0,0.0,0,0.0,0,0.0,0
2012-11-23T09:21:36.500,2190.2,15270,2190,11,0.0,0,0.0,0,0.0,0,0.0,0,2190.2,34,0.0,0,0.0,0,0.0,0,0.0,0
2012-11-23T09:21:37.000,2190,15280,2190,7,0.0,0,0.0,0,0.0,0,0.0,0,2190.2,29,0.0,0,0.0,0,0.0,0,0.0,0
2012-11-23T09:21:37.500,2190,15326,2189.8,63,0.0,0,0.0,0,0.0,0,0.0,0,2190,7,0.0,0,0.0,0,0.0,0,0.0,0
2012-11-23T09:21:38.000,2190,15336,2189.8,63,0.0,0,0.0,0,0.0,0,0.0,0,2190,3,0.0,0,0.0,0,0.0,0,0.0,0
2012-11-23T09:21:38.500,2190,15340,2190.2,10,0.0,0,0.0,0,0.0,0,0.0,0,2190.4,44,0.0,0,0.0,0,0.0,0,0.0,0
2012-11-23T09:21:39.000,2190,15356,2190,4,0.0,0,0.0,0,0.0,0,0.0,0,2190.4,46,0.0,0,0.0,0,0.0,0,0.0,0
2012-11-23T09:21:39.500,2190,15362,2190,28,0.0,0,0.0,0,0.0,0,0.0,0,2190.2,21,0.0,0,0.0,0,0.0,0,0.0,0
2012-11-23T09:21:40.000,2190.2,15388,2190,29,0.0,0,0.0,0,0.0,0,0.0,0,2190.2,5,0.0,0,0.0,0,0.0,0,0.0,0
2012-11-23T09:21:40.500,2190.2,15391,2190,40,0.0,0,0.0,0,0.0,0,0.0,0,2190.2,12,0.0,0,0.0,0,0.0,0,0.0,0
2012-11-23T09:21:41.000,2190,15397,2190,37,0.0,0,0.0,0,0.0,0,0.0,0,2190.2,23,0.0,0,0.0,0,0.0,0,0.0,0
2012-11-23T09:21:41.500,2190.2,15401,2190,47,0.0,0,0.0,0,0.0,0,0.0,0,2190.2,20,0.0,0,0.0,0,0.0,0,0.0,0
2012-11-23T09:21:42.000,2190.2,15426,2190,40,0.0,0,0.0,0,0.0,0,0.0,0,2190.2,17,0.0,0,0.0,0,0.0,0,0.0,0
2012-11-23T09:21:42.500,2190,15438,2190,59,0.0,0,0.0,0,0.0,0,0.0,0,2190.2,14,0.0,0,0.0,0,0.0,0,0.0,0
2012-11-23T09:21:43.000,2190.2,15456,2190.2,21,0.0,0,0.0,0,0.0,0,0.0,0,2190.4,49,0.0,0,0.0,0,0.0,0,0.0,0
2012-11-23T09:21:43.500,2190.4,15466,2190.2,22,0.0,0,0.0,0,0.0,0,0.0,0,2190.4,43,0.0,0,0.0,0,0.0,0,0.0,0
2012-11-23T09:21:44.000,2190.2,15469,2190.2,23,0.0,0,0.0,0,0.0,0,0.0,0,2190.4,42,0.0,0,0.0,0,0.0,0,0.0,0
2012-11-23T09:21:44.500,2190.4,15519,2190.4,3,0.0,0,0.0,0,0.0,0,0.0,0,2190.6,21,0.0,0,0.0,0,0.0,0,0.0,0
2012-11-23T09:21:45.000,2190.6,15528,2190.4,7,0.0,0,0.0,0,0.0,0,0.0,0,2190.6,17,0.0,0,0.0,0,0.0,0,0.0,0
2012-11-23T09:21:45.500,2190.4,15542,2190.4,26,0.0,0,0.0,0,0.0,0,0.0,0,2190.6,5,0.0,0,0.0,0,0.0,0,0.0,0
2012-11-23T09:21:46.000,2190.6,15556,2190.6,3,0.0,0,0.0,0,0.0,0,0.0,0,2190.8,60,0.0,0,0.0,0,0.0,0,0.0,0
2012-11-23T09:21:46.500,2190.4,15567,2190.4,46,0.0,0,0.0,0,0.0,0,0.0,0,2190.8,58,0.0,0,0.0,0,0.0,0,0.0,0
2012-11-23T09:21:47.000,2190.8,15591,2190.4,47,0.0,0,0.0,0,0.0,0,0.0,0,2190.8,45,0.0,0,0.0,0,0.0,0,0.0,0
2012-11-23T09:21:47.500,2190.8,15624,2190.6,1,0.0,0,0.0,0,0.0,0,0.0,0,2190.8,40,0.0,0,0.0,0,0.0,0,0.0,0
2012-11-23T09:21:48.000,2191,15666,2190.8,11,0.0,0,0.0,0,0.0,0,0.0,0,2191,112,0.0,0,0.0,0,0.0,0,0.0,0
2012-11-23T09:21:48.500,2190.8,15699,2190.4,17,0.0,0,0.0,0,0.0,0,0.0,0,2190.8,5,0.0,0,0.0,0,0.0,0,0.0,0
2012-11-23T09:21:49.000,2190.6,15729,2190.6,3,0.0,0,0.0,0,0.0,0,0.0,0,2190.8,1,0.0,0,0.0,0,0.0,0,0.0,0
2012-11-23T09:21:49.500,2190.8,15754,2190.6,3,0.0,0,0.0,0,0.0,0,0.0,0,2190.8,7,0.0,0,0.0,0,0.0,0,0.0,0
2012-11-23T09:21:50.000,2190.6,15819,2190.6,11,0.0,0,0.0,0,0.0,0,0.0,0,2191,76,0.0,0,0.0,0,0.0,0,0.0,0
2012-11-23T09:21:50.500,2190.6,15824,2190.6,11,0.0,0,0.0,0,0.0,0,0.0,0,2190.8,6,0.0,0,0.0,0,0.0,0,0.0,0
2012-11-23T09:21:51.000,2190.6,15850,2190.8,8,0.0,0,0.0,0,0.0,0,0.0,0,2191,71,0.0,0,0.0,0,0.0,0,0.0,0
2012-11-23T09:21:51.500,2190.8,15857,2190.8,9,0.0,0,0.0,0,0.0,0,0.0,0,2191,74,0.0,0,0.0,0,0.0,0,0.0,0
2012-11-23T09:21:52.000,2190.8,15869,2190.8,15,0.0,0,0.0,0,0.0,0,0.0,0,2191,70,0.0,0,0.0,0,0.0,0,0.0,0
2012-11-23T09:21:52.500,2190.8,15870,2190.8,25,0.0,0,0.0,0,0.0,0,0.0,0,2191,71,0.0,0,0.0,0,0.0,0,0.0,0
2012-11-23T09:21:53.000,2191.2,15948,2190.8,29,0.0,0,0.0,0,0.0,0,0.0,0,2191.2,17,0.0,0,0.0,0,0.0,0,0.0,0
2012-11-23T09:21:53.500,2191,15980,2191,6,0.0,0,0.0,0,0.0,0,0.0,0,2191.4,94,0.0,0,0.0,0,0.0,0,0.0,0
2012-11-23T09:21:54.000,2190.8,16030,2190.6,9,0.0,0,0.0,0,0.0,0,0.0,0,2190.8,56,0.0,0,0.0,0,0.0,0,0.0,0
2012-11-23T09:21:54.500,2190.6,16060,2190.4,26,0.0,0,0.0,0,0.0,0,0.0,0,2190.6,7,0.0,0,0.0,0,0.0,0,0.0,0
2012-11-23T09:21:55.000,2190.6,16069,2190.4,26,0.0,0,0.0,0,0.0,0,0.0,0,2190.8,60,0.0,0,0.0,0,0.0,0,0.0,0
2012-11-23T09:21:55.500,2190.8,16098,2190.6,33,0.0,0,0.0,0,0.0,0,0.0,0,2190.8,52,0.0,0,0.0,0,0.0,0,0.0,0
2012-11-23T09:21:56.000,2190.8,16123,2190.6,22,0.0,0,0.0,0,0.0,0,0.0,0,2190.8,42,0.0,0,0.0,0,0.0,0,0.0,0
2012-11-23T09:21:56.500,2190.8,16153,2190.6,29,0.0,0,0.0,0,0.0,0,0.0,0,2190.8,13,0.0,0,0.0,0,0.0,0,0.0,0
2012-11-23T09:21:57.000,2190.8,16177,2190.8,25,0.0,0,0.0,0,0.0,0,0.0,0,2191,3,0.0,0,0.0,0,0.0,0,0.0,0
2012-11-23T09:21:57.500,2190.8,16187,2190.8,24,0.0,0,0.0,0,0.0,0,0.0,0,2191,11,0.0,0,0.0,0,0.0,0,0.0,0
2012-11-23T09:21:58.000,2190.8,16191,2190.8,29,0.0,0,0.0,0,0.0,0,0.0,0,2191,12,0.0,0,0.0,0,0.0,0,0.0,0
2012-11-23T09:21:58.500,2191,16201,2190.8,11,0.0,0,0.0,0,0.0,0,0.0,0,2191,13,0.0,0,0.0,0,0.0,0,0.0,0
2012-11-23T09:21:59.000,2190.8,16210,2190.8,20,0.0,0,0.0,0,0.0,0,0.0,0,2191,45,0.0,0,0.0,0,0.0,0,0.0,0
2012-11-23T09:21:59.500,2190.8,16235,2190.8,7,0.0,0,0.0,0,0.0,0,0.0,0,2191,78,0.0,0,0.0,0,0.0,0,0.0,0
2012-11-23T09:22:00.000,2190.8,16295,2190.6,43,0.0,0,0.0,0,0.0,0,0.0,0,2190.8,7,0.0,0,0.0,0,0.0,0,0.0,0
2012-11-23T09:22:00.500,2190.6,16319,2190.6,39,0.0,0,0.0,0,0.0,0,0.0,0,2190.8,12,0.0,0,0.0,0,0.0,0,0.0,0
2012-11-23T09:22:01.000,2190.6,16351,2190.6,25,0.0,0,0.0,0,0.0,0,0.0,0,2190.8,8,0.0,0,0.0,0,0.0,0,0.0,0
2012-11-23T09:22:01.500,2190.8,16367,2190.6,22,0.0,0,0.0,0,0.0,0,0.0,0,2190.8,18,0.0,0,0.0,0,0.0,0,0.0,0
2012-11-23T09:22:02.000,2190.6,16397,2190.6,12,0.0,0,0.0,0,0.0,0,0.0,0,2190.8,12,0.0,0,0.0,0,0.0,0,0.0,0
2012-11-23T09:22:02.500,2190.6,16430,2190.4,16,0.0,0,0.0,0,0.0,0,0.0,0,2190.6,11,0.0,0,0.0,0,0.0,0,0.0,0
2012-11-23T09:22:03.000,2190.6,16444,2190.4,7,0.0,0,0.0,0,0.0,0,0.0,0,2190.6,8,0.0,0,0.0,0,0.0,0,0.0,0
2012-11-23T09:22:03.500,2190.4,16465,2190.4,4,0.0,0,0.0,0,0.0,0,0.0,0,2190.6,13,0.0,0,0.0,0,0.0,0,0.0,0
2012-11-23T09:22:04.000,2190.4,16474,2190.4,3,0.0,0,0.0,0,0.0,0,0.0,0,2190.6,33,0.0,0,0.0,0,0.0,0,0.0,0
2012-11-23T09:22:04.500,2190.4,16490,2190.2,15,0.0,0,0.0,0,0.0,0,0.0,0,2190.4,5,0.0,0,0.0,0,0.0,0,0.0,0
2012-11-23T09:22:05.000,2190.2,16502,2190.2,18,0.0,0,0.0,0,0.0,0,0.0,0,2190.4,4,0.0,0,0.0,0,0.0,0,0.0,0
2012-11-23T09:22:05.500,2190.6,16565,2190.6,5,0.0,0,0.0,0,0.0,0,0.0,0,2190.8,30,0.0,0,0.0,0,0.0,0,0.0,0
2012-11-23T09:22:06.000,2190.4,16573,2190.2,15,0.0,0,0.0,0,0.0,0,0.0,0,2190.4,49,0.0,0,0.0,0,0.0,0,0.0,0
2012-11-23T09:22:06.500,2190.4,16592,2190.2,11,0.0,0,0.0,0,0.0,0,0.0,0,2190.4,41,0.0,0,0.0,0,0.0,0,0.0,0
2012-11-23T09:22:07.000,2190.2,16612,2190.2,1,0.0,0,0.0,0,0.0,0,0.0,0,2190.4,32,0.0,0,0.0,0,0.0,0,0.0,0
2012-11-23T09:22:07.500,2190.2,16618,2190,129,0.0,0,0.0,0,0.0,0,0.0,0,2190.2,9,0.0,0,0.0,0,0.0,0,0.0,0
2012-11-23T09:22:08.000,2190.4,16635,2190,126,0.0,0,0.0,0,0.0,0,0.0,0,2190.4,26,0.0,0,0.0,0,0.0,0,0.0,0
2012-11-23T09:22:08.500,2190.2,16650,2190.2,19,0.0,0,0.0,0,0.0,0,0.0,0,2190.4,24,0.0,0,0.0,0,0.0,0,0.0,0
2012-11-23T09:22:09.000,2190.4,16656,2190.2,21,0.0,0,0.0,0,0.0,0,0.0,0,2190.4,24,0.0,0,0.0,0,0.0,0,0.0,0
2012-11-23T09:22:09.500,2190.2,16665,2190.2,36,0.0,0,0.0,0,0.0,0,0.0,0,2190.4,24,0.0,0,0.0,0,0.0,0,0.0,0
2012-11-23T09:22:10.000,2190.2,16672,2190.2,37,0.0,0,0.0,0,0.0,0,0.0,0,2190.4,23,0.0,0,0.0,0,0.0,0,0.0,0
2012-11-23T09:22:10.500,2190.4,16690,2190.2,40,0.0,0,0.0,0,0.0,0,0.0,0,2190.4,10,0.0,0,0.0,0,0.0,0,0.0,0
2012-11-23T09:22:11.000,2190.2,16696,2190.2,38,0.0,0,0.0,0,0.0,0,0.0,0,2190.4,11,0.0,0,0.0,0,0.0,0,0.0,0
2012-11-23T09:22:11.500,2190.4,16701,2190.2,60,0.0,0,0.0,0,0.0,0,0.0,0,2190.4,14,0.0,0,0.0,0,0.0,0,0.0,0
2012-11-23T09:22:12.000,2190.4,16703,2190.2,68,0.0,0,0.0,0,0.0,0,0.0,0,2190.4,14,0.0,0,0.0,0,0.0,0,0.0,0
2012-11-23T09:22:12.500,2190.4,16740,2190.4,8,0.0,0,0.0,0,0.0,0,0.0,0,2190.6,22,0.0,0,0.0,0,0.0,0,0.0,0
2012-11-23T09:22:13.000,2190.4,16755,2190.4,6,0.0,0,0.0,0,0.0,0,0.0,0,2190.6,14,0.0,0,0.0,0,0.0,0,0.0,0
2012-11-23T09:22:13.500,2190.4,16760,2190.4,16,0.0,0,0.0,0,0.0,0,0.0,0,2190.6,14,0.0,0,0.0,0,0.0,0,0.0,0
2012-11-23T09:22:14.000,2190.6,16764,2190.4,31,0.0,0,0.0,0,0.0,0,0.0,0,2190.6,12,0.0,0,0.0,0,0.0,0,0.0,0
2012-11-23T09:22:14.500,2190.4,16780,2190.4,19,0.0,0,0.0,0,0.0,0,0.0,0,2190.6,3,0.0,0,0.0,0,0.0,0,0.0,0
2012-11-23T09:22:15.000,2190.6,16782,2190.4,20,0.0,0,0.0,0,0.0,0,0.0,0,2190.6,2,0.0,0,0.0,0,0.0,0,0.0,0
2012-11-23T09:22:15.500,2190.4,16805,2190.4,10,0.0,0,0.0,0,0.0,0,0.0,0,2190.8,20,0.0,0,0.0,0,0.0,0,0.0,0
2012-11-23T09:22:16.000,2190.8,16828,2190.4,15,0.0,0,0.0,0,0.0,0,0.0,0,2190.8,2,0.0,0,0.0,0,0.0,0,0.0,0
2012-11-23T09:22:16.500,2191,16835,2190.4,9,0.0,0,0.0,0,0.0,0,0.0,0,2191,106,0.0,0,0.0,0,0.0,0,0.0,0
2012-11-23T09:22:17.000,2190.8,16845,2190.4,14,0.0,0,0.0,0,0.0,0,0.0,0,2191,107,0.0,0,0.0,0,0.0,0,0.0,0
2012-11-23T09:22:17.500,2190.4,16846,2190.4,39,0.0,0,0.0,0,0.0,0,0.0,0,2190.6,1,0.0,0,0.0,0,0.0,0,0.0,0
2012-11-23T09:22:18.000,2190.8,16864,2190.6,2,0.0,0,0.0,0,0.0,0,0.0,0,2190.8,29,0.0,0,0.0,0,0.0,0,0.0,0
2012-11-23T09:22:18.500,2190.8,16869,2190.6,3,0.0,0,0.0,0,0.0,0,0.0,0,2190.8,26,0.0,0,0.0,0,0.0,0,0.0,0
2012-11-23T09:22:19.000,2190.6,16873,2190.6,8,0.0,0,0.0,0,0.0,0,0.0,0,2190.8,25,0.0,0,0.0,0,0.0,0,0.0,0
2012-11-23T09:22:19.500,2190.6,16879,2190.6,8,0.0,0,0.0,0,0.0,0,0.0,0,2190.8,25,0.0,0,0.0,0,0.0,0,0.0,0
2012-11-23T09:22:20.000,2190.6,16889,2190.6,4,0.0,0,0.0,0,0.0,0,0.0,0,2190.8,20,0.0,0,0.0,0,0.0,0,0.0,0
2012-11-23T09:22:20.500,2190.8,16906,2190.6,3,0.0,0,0.0,0,0.0,0,0.0,0,2190.8,8,0.0,0,0.0,0,0.0,0,0.0,0
2012-11-23T09:22:21.000,2190.8,16918,2190.6,6,0.0,0,0.0,0,0.0,0,0.0,0,2191,118,0.0,0,0.0,0,0.0,0,0.0,0
2012-11-23T09:22:21.500,2190.8,16922,2190.6,8,0.0,0,0.0,0,0.0,0,0.0,0,2191,118,0.0,0,0.0,0,0.0,0,0.0,0
2012-11-23T09:22:22.000,2190.8,16923,2190.6,13,0.0,0,0.0,0,0.0,0,0.0,0,2191,117,0.0,0,0.0,0,0.0,0,0.0,0
2012-11-23T09:22:22.500,2191,16934,2190.8,8,0.0,0,0.0,0,0.0,0,0.0,0,2191,107,0.0,0,0.0,0,0.0,0,0.0,0
2012-11-23T09:22:23.000,2190.8,16964,2190.8,6,0.0,0,0.0,0,0.0,0,0.0,0,2191,81,0.0,0,0.0,0,0.0,0,0.0,0
2012-11-23T09:22:23.500,2191,16969,2190.8,4,0.0,0,0.0,0,0.0,0,0.0,0,2191,79,0.0,0,0.0,0,0.0,0,0.0,0
2012-11-23T09:22:24.000,2190.8,17058,2190.8,23,0.0,0,0.0,0,0.0,0,0.0,0,2191,1,0.0,0,0.0,0,0.0,0,0.0,0
2012-11-23T09:22:24.500,2191,17067,2191,17,0.0,0,0.0,0,0.0,0,0.0,0,2191.2,36,0.0,0,0.0,0,0.0,0,0.0,0
2012-11-23T09:22:25.000,2191.2,17073,2191,24,0.0,0,0.0,0,0.0,0,0.0,0,2191.2,35,0.0,0,0.0,0,0.0,0,0.0,0
2012-11-23T09:22:25.500,2191.2,17078,2191,47,0.0,0,0.0,0,0.0,0,0.0,0,2191.2,35,0.0,0,0.0,0,0.0,0,0.0,0
2012-11-23T09:22:26.000,2191.2,17119,2191.2,1,0.0,0,0.0,0,0.0,0,0.0,0,2191.4,98,0.0,0,0.0,0,0.0,0,0.0,0
2012-11-23T09:22:26.500,2191.2,17132,2191,42,0.0,0,0.0,0,0.0,0,0.0,0,2191.2,3,0.0,0,0.0,0,0.0,0,0.0,0
2012-11-23T09:22:27.000,2191.4,17190,2191.2,8,0.0,0,0.0,0,0.0,0,0.0,0,2191.4,47,0.0,0,0.0,0,0.0,0,0.0,0
2012-11-23T09:22:27.500,2191.4,17201,2191.2,4,0.0,0,0.0,0,0.0,0,0.0,0,2191.4,50,0.0,0,0.0,0,0.0,0,0.0,0
2012-11-23T09:22:28.000,2191.2,17231,2191.2,92,0.0,0,0.0,0,0.0,0,0.0,0,2191.4,32,0.0,0,0.0,0,0.0,0,0.0,0
2012-11-23T09:22:28.500,2191.4,17268,2191.4,57,0.0,0,0.0,0,0.0,0,0.0,0,2191.6,43,0.0,0,0.0,0,0.0,0,0.0,0
2012-11-23T09:22:29.000,2191.8,17314,2191.6,8,0.0,0,0.0,0,0.0,0,0.0,0,2191.8,35,0.0,0,0.0,0,0.0,0,0.0,0
2012-11-23T09:22:29.500,2192,17392,2191.8,1,0.0,0,0.0,0,0.0,0,0.0,0,2192,101,0.0,0,0.0,0,0.0,0,0.0,0
2012-11-23T09:22:30.000,2192,17425,2191.8,4,0.0,0,0.0,0,0.0,0,0.0,0,2192,75,0.0,0,0.0,0,0.0,0,0.0,0
2012-11-23T09:22:30.500,2192,17520,2191.8,2,0.0,0,0.0,0,0.0,0,0.0,0,2192.2,3,0.0,0,0.0,0,0.0,0,0.0,0
2012-11-23T09:22:31.000,2192,17551,2192,7,0.0,0,0.0,0,0.0,0,0.0,0,2192.2,3,0.0,0,0.0,0,0.0,0,0.0,0
2012-11-23T09:22:31.500,2192,17571,2192,5,0.0,0,0.0,0,0.0,0,0.0,0,2192.2,4,0.0,0,0.0,0,0.0,0,0.0,0
2012-11-23T09:22:32.000,2192,17594,2192,15,0.0,0,0.0,0,0.0,0,0.0,0,2192.2,38,0.0,0,0.0,0,0.0,0,0.0,0
2012-11-23T09:22:32.500,2192,17621,2191.8,2,0.0,0,0.0,0,0.0,0,0.0,0,2192,4,0.0,0,0.0,0,0.0,0,0.0,0
2012-11-23T09:22:33.000,2191.8,17636,2191.4,79,0.0,0,0.0,0,0.0,0,0.0,0,2191.8,7,0.0,0,0.0,0,0.0,0,0.0,0
2012-11-23T09:22:33.500,2191.8,17659,2191.6,3,0.0,0,0.0,0,0.0,0,0.0,0,2191.8,2,0.0,0,0.0,0,0.0,0,0.0,0
2012-11-23T09:22:34.000,2191.6,17686,2191.6,2,0.0,0,0.0,0,0.0,0,0.0,0,2191.8,3,0.0,0,0.0,0,0.0,0,0.0,0
2012-11-23T09:22:34.500,2191.6,17698,2191.6,7,0.0,0,0.0,0,0.0,0,0.0,0,2192,15,0.0,0,0.0,0,0.0,0,0.0,0
2012-11-23T09:22:35.000,2191.8,17708,2191.8,84,0.0,0,0.0,0,0.0,0,0.0,0,2192,13,0.0,0,0.0,0,0.0,0,0.0,0
2012-11-23T09:22:35.500,2192,17730,2192,22,0.0,0,0.0,0,0.0,0,0.0,0,2192.2,34,0.0,0,0.0,0,0.0,0,0.0,0
2012-11-23T09:22:36.000,2192,17788,2191.8,80,0.0,0,0.0,0,0.0,0,0.0,0,2192,10,0.0,0,0.0,0,0.0,0,0.0,0
2012-11-23T09:22:36.500,2191.8,17817,2191.8,67,0.0,0,0.0,0,0.0,0,0.0,0,2192,21,0.0,0,0.0,0,0.0,0,0.0,0
2012-11-23T09:22:37.000,2192,17831,2191.8,66,0.0,0,0.0,0,0.0,0,0.0,0,2192,44,0.0,0,0.0,0,0.0,0,0.0,0
2012-11-23T09:22:37.500,2192,17927,2191.8,9,0.0,0,0.0,0,0.0,0,0.0,0,2192,9,0.0,0,0.0,0,0.0,0,0.0,0
2012-11-23T09:22:38.000,2191.8,17945,2191.6,8,0.0,0,0.0,0,0.0,0,0.0,0,2191.8,19,0.0,0,0.0,0,0.0,0,0.0,0
2012-11-23T09:22:38.500,2191.8,17968,2191.6,9,0.0,0,0.0,0,0.0,0,0.0,0,2191.8,9,0.0,0,0.0,0,0.0,0,0.0,0
2012-11-23T09:22:39.000,2191.8,17994,2191.8,8,0.0,0,0.0,0,0.0,0,0.0,0,2192,13,0.0,0,0.0,0,0.0,0,0.0,0
2012-11-23T09:22:39.500,2192,18003,2191.8,4,0.0,0,0.0,0,0.0,0,0.0,0,2192,13,0.0,0,0.0,0,0.0,0,0.0,0
2012-11-23T09:22:40.000,2192,18015,2191.8,11,0.0,0,0.0,0,0.0,0,0.0,0,2192,37,0.0,0,0.0,0,0.0,0,0.0,0
2012-11-23T09:22:40.500,2192,18025,2191.8,14,0.0,0,0.0,0,0.0,0,0.0,0,2192,37,0.0,0,0.0,0,0.0,0,0.0,0
2012-11-23T09:22:41.000,2192,18041,2191.8,6,0.0,0,0.0,0,0.0,0,0.0,0,2192,35,0.0,0,0.0,0,0.0,0,0.0,0
2012-11-23T09:22:41.500,2192,18065,2191.8,2,0.0,0,0.0,0,0.0,0,0.0,0,2192,23,0.0,0,0.0,0,0.0,0,0.0,0
2012-11-23T09:22:42.000,2192,18080,2191.6,26,0.0,0,0.0,0,0.0,0,0.0,0,2192,14,0.0,0,0.0,0,0.0,0,0.0,0
2012-11-23T09:22:42.500,2191.8,18087,2191.6,27,0.0,0,0.0,0,0.0,0,0.0,0,2192,29,0.0,0,0.0,0,0.0,0,0.0,0
2012-11-23T09:22:43.000,2192,18105,2191.8,10,0.0,0,0.0,0,0.0,0,0.0,0,2192,14,0.0,0,0.0,0,0.0,0,0.0,0
2012-11-23T09:22:43.500,2192,18129,2192,27,0.0,0,0.0,0,0.0,0,0.0,0,2192.2,35,0.0,0,0.0,0,0.0,0,0.0,0
2012-11-23T09:22:44.000,2192.2,18154,2192,23,0.0,0,0.0,0,0.0,0,0.0,0,2192.2,19,0.0,0,0.0,0,0.0,0,0.0,0
2012-11-23T09:22:44.500,2192.2,18171,2192,20,0.0,0,0.0,0,0.0,0,0.0,0,2192.2,6,0.0,0,0.0,0,0.0,0,0.0,0
2012-11-23T09:22:45.000,2192.4,18195,2192.2,29,0.0,0,0.0,0,0.0,0,0.0,0,2192.4,24,0.0,0,0.0,0,0.0,0,0.0,0
2012-11-23T09:22:45.500,2192.4,18231,2192.2,24,0.0,0,0.0,0,0.0,0,0.0,0,2192.4,21,0.0,0,0.0,0,0.0,0,0.0,0
2012-11-23T09:22:46.000,2192.2,18242,2192.2,21,0.0,0,0.0,0,0.0,0,0.0,0,2192.4,15,0.0,0,0.0,0,0.0,0,0.0,0
2012-11-23T09:22:46.500,2192.4,18257,2192.2,18,0.0,0,0.0,0,0.0,0,0.0,0,2192.4,7,0.0,0,0.0,0,0.0,0,0.0,0
2012-11-23T09:22:47.000,2192.4,18270,2192.2,48,0.0,0,0.0,0,0.0,0,0.0,0,2192.4,7,0.0,0,0.0,0,0.0,0,0.0,0
2012-11-23T09:22:47.500,2192.2,18284,2192.2,39,0.0,0,0.0,0,0.0,0,0.0,0,2192.4,35,0.0,0,0.0,0,0.0,0,0.0,0
2012-11-23T09:22:48.000,2192.4,18322,2192.4,1,0.0,0,0.0,0,0.0,0,0.0,0,2192.6,55,0.0,0,0.0,0,0.0,0,0.0,0
2012-11-23T09:22:48.500,2192.4,18358,2192.2,33,0.0,0,0.0,0,0.0,0,0.0,0,2192.4,8,0.0,0,0.0,0,0.0,0,0.0,0
2012-11-23T09:22:49.000,2192.4,18379,2192.2,27,0.0,0,0.0,0,0.0,0,0.0,0,2192.4,51,0.0,0,0.0,0,0.0,0,0.0,0
2012-11-23T09:22:49.500,2192.4,18395,2192.2,23,0.0,0,0.0,0,0.0,0,0.0,0,2192.4,49,0.0,0,0.0,0,0.0,0,0.0,0
2012-11-23T09:22:50.000,2192.2,18433,2192,40,0.0,0,0.0,0,0.0,0,0.0,0,2192.2,24,0.0,0,0.0,0,0.0,0,0.0,0
2012-11-23T09:22:50.500,2192.2,18476,2192,28,0.0,0,0.0,0,0.0,0,0.0,0,2192.2,13,0.0,0,0.0,0,0.0,0,0.0,0
2012-11-23T09:22:51.000,2192.2,18496,2192,21,0.0,0,0.0,0,0.0,0,0.0,0,2192.2,30,0.0,0,0.0,0,0.0,0,0.0,0
2012-11-23T09:22:51.500,2192,18532,2192,3,0.0,0,0.0,0,0.0,0,0.0,0,2192.2,33,0.0,0,0.0,0,0.0,0,0.0,0
2012-11-23T09:22:52.000,2192.2,18579,2191.8,12,0.0,0,0.0,0,0.0,0,0.0,0,2192,1,0.0,0,0.0,0,0.0,0,0.0,0
2012-11-23T09:22:52.500,2192,18582,2191.8,18,0.0,0,0.0,0,0.0,0,0.0,0,2192,9,0.0,0,0.0,0,0.0,0,0.0,0
2012-11-23T09:22:53.000,2192,18595,2192,22,0.0,0,0.0,0,0.0,0,0.0,0,2192.2,18,0.0,0,0.0,0,0.0,0,0.0,0
2012-11-23T09:22:53.500,2192,18621,2192,4,0.0,0,0.0,0,0.0,0,0.0,0,2192.2,14,0.0,0,0.0,0,0.0,0,0.0,0
2012-11-23T09:22:54.000,2191.8,18626,2191.8,24,0.0,0,0.0,0,0.0,0,0.0,0,2192.2,19,0.0,0,0.0,0,0.0,0,0.0,0
2012-11-23T09:22:54.500,2192,18630,2192,2,0.0,0,0.0,0,0.0,0,0.0,0,2192.2,20,0.0,0,0.0,0,0.0,0,0.0,0
2012-11-23T09:22:55.000,2192,18635,2192,1,0.0,0,0.0,0,0.0,0,0.0,0,2192.2,22,0.0,0,0.0,0,0.0,0,0.0,0
2012-11-23T09:22:55.500,2191.8,18637,2191.8,25,0.0,0,0.0,0,0.0,0,0.0,0,2192,10,0.0,0,0.0,0,0.0,0,0.0,0
2012-11-23T09:22:56.000,2192,18643,2191.8,24,0.0,0,0.0,0,0.0,0,0.0,0,2192,7,0.0,0,0.0,0,0.0,0,0.0,0
2012-11-23T09:22:56.500,2192,18649,2191.8,24,0.0,0,0.0,0,0.0,0,0.0,0,2192,9,0.0,0,0.0,0,0.0,0,0.0,0
2012-11-23T09:22:57.000,2191.8,18654,2191.8,21,0.0,0,0.0,0,0.0,0,0.0,0,2192,10,0.0,0,0.0,0,0.0,0,0.0,0
2012-11-23T09:22:57.500,2192,18662,2191.8,19,0.0,0,0.0,0,0.0,0,0.0,0,2192,22,0.0,0,0.0,0,0.0,0,0.0,0
2012-11-23T09:22:58.000,2192,18669,2191.8,18,0.0,0,0.0,0,0.0,0,0.0,0,2192,25,0.0,0,0.0,0,0.0,0,0.0,0
2012-11-23T09:22:58.500,2191.8,18693,2191.6,33,0.0,0,0.0,0,0.0,0,0.0,0,2191.8,11,0.0,0,0.0,0,0.0,0,0.0,0
2012-11-23T09:22:59.000,2191.6,18694,2191.6,32,0.0,0,0.0,0,0.0,0,0.0,0,2191.8,13,0.0,0,0.0,0,0.0,0,0.0,0
2012-11-23T09:22:59.500,2191.6,18706,2191.6,30,0.0,0,0.0,0,0.0,0,0.0,0,2191.8,5,0.0,0,0.0,0,0.0,0,0.0,0
2012-11-23T09:23:00.000,2191.8,18713,2191.6,27,0.0,0,0.0,0,0.0,0,0.0,0,2191.8,6,0.0,0,0.0,0,0.0,0,0.0,0
2012-11-23T09:23:00.500,2192,18722,2191.8,3,0.0,0,0.0,0,0.0,0,0.0,0,2192,68,0.0,0,0.0,0,0.0,0,0.0,0
2012-11-23T09:23:01.000,2191.8,18726,2191.8,2,0.0,0,0.0,0,0.0,0,0.0,0,2192,84,0.0,0,0.0,0,0.0,0,0.0,0
2012-11-23T09:23:01.500,2191.8,18731,2191.6,28,0.0,0,0.0,0,0.0,0,0.0,0,2191.8,28,0.0,0,0.0,0,0.0,0,0.0,0
2012-11-23T09:23:02.000,2191.6,18748,2191.6,22,0.0,0,0.0,0,0.0,0,0.0,0,2191.8,22,0.0,0,0.0,0,0.0,0,0.0,0
2012-11-23T09:23:02.500,2191.8,18881,2191.6,29,0.0,0,0.0,0,0.0,0,0.0,0,2191.8,13,0.0,0,0.0,0,0.0,0,0.0,0
2012-11-23T09:23:03.000,2191.6,18901,2191.6,24,0.0,0,0.0,0,0.0,0,0.0,0,2191.8,6,0.0,0,0.0,0,0.0,0,0.0,0
2012-11-23T09:23:03.500,2191.8,18910,2191.6,38,0.0,0,0.0,0,0.0,0,0.0,0,2191.8,10,0.0,0,0.0,0,0.0,0,0.0,0
2012-11-23T09:23:04.000,2191.8,18914,2191.6,36,0.0,0,0.0,0,0.0,0,0.0,0,2191.8,20,0.0,0,0.0,0,0.0,0,0.0,0
2012-11-23T09:23:04.500,2191.8,18930,2191.6,26,0.0,0,0.0,0,0.0,0,0.0,0,2191.8,15,0.0,0,0.0,0,0.0,0,0.0,0
2012-11-23T09:23:05.000,2191.6,18946,2191.6,14,0.0,0,0.0,0,0.0,0,0.0,0,2191.8,11,0.0,0,0.0,0,0.0,0,0.0,0
2012-11-23T09:23:05.500,2191.6,18952,2191.6,10,0.0,0,0.0,0,0.0,0,0.0,0,2191.8,13,0.0,0,0.0,0,0.0,0,0.0,0
2012-11-23T09:23:06.000,2191.6,18966,2191.6,2,0.0,0,0.0,0,0.0,0,0.0,0,2191.8,14,0.0,0,0.0,0,0.0,0,0.0,0
2012-11-23T09:23:06.500,2191.6,18971,2191.6,1,0.0,0,0.0,0,0.0,0,0.0,0,2191.8,21,0.0,0,0.0,0,0.0,0,0.0,0
2012-11-23T09:23:07.000,2191.8,18975,2191.6,1,0.0,0,0.0,0,0.0,0,0.0,0,2191.8,26,0.0,0,0.0,0,0.0,0,0.0,0
2012-11-23T09:23:07.500,2191.8,18984,2191.4,53,0.0,0,0.0,0,0.0,0,0.0,0,2191.6,2,0.0,0,0.0,0,0.0,0,0.0,0
2012-11-23T09:23:08.000,2191.6,18994,2191.4,34,0.0,0,0.0,0,0.0,0,0.0,0,2191.6,3,0.0,0,0.0,0,0.0,0,0.0,0
2012-11-23T09:23:08.500,2191.6,18996,2191.4,33,0.0,0,0.0,0,0.0,0,0.0,0,2191.6,4,0.0,0,0.0,0,0.0,0,0.0,0
2012-11-23T09:23:09.000,2191.4,19009,2191.4,29,0.0,0,0.0,0,0.0,0,0.0,0,2191.6,4,0.0,0,0.0,0,0.0,0,0.0,0
2012-11-23T09:23:09.500,2191.4,19017,2191.4,24,0.0,0,0.0,0,0.0,0,0.0,0,2191.6,2,0.0,0,0.0,0,0.0,0,0.0,0
2012-11-23T09:23:10.000,2191.6,19023,2191.4,21,0.0,0,0.0,0,0.0,0,0.0,0,2191.8,32,0.0,0,0.0,0,0.0,0,0.0,0
2012-11-23T09:23:10.500,2191.4,19030,2191.4,17,0.0,0,0.0,0,0.0,0,0.0,0,2191.6,1,0.0,0,0.0,0,0.0,0,0.0,0
2012-11-23T09:23:11.000,2191.4,19038,2191.4,21,0.0,0,0.0,0,0.0,0,0.0,0,2191.6,2,0.0,0,0.0,0,0.0,0,0.0,0
2012-11-23T09:23:11.500,2191.4,19050,2191.4,13,0.0,0,0.0,0,0.0,0,0.0,0,2191.6,18,0.0,0,0.0,0,0.0,0,0.0,0
2012-11-23T09:23:12.000,2191.4,19077,2191.2,37,0.0,0,0.0,0,0.0,0,0.0,0,2191.4,1,0.0,0,0.0,0,0.0,0,0.0,0
2012-11-23T09:23:12.500,2191.2,19081,2191.2,35,0.0,0,0.0,0,0.0,0,0.0,0,2191.4,3,0.0,0,0.0,0,0.0,0,0.0,0
2012-11-23T09:23:13.000,2191.2,19083,2191.2,33,0.0,0,0.0,0,0.0,0,0.0,0,2191.4,5,0.0,0,0.0,0,0.0,0,0.0,0
2012-11-23T09:23:13.500,2191.2,19086,2191.2,32,0.0,0,0.0,0,0.0,0,0.0,0,2191.4,10,0.0,0,0.0,0,0.0,0,0.0,0
2012-11-23T09:23:14.000,2191.2,19096,2191.2,28,0.0,0,0.0,0,0.0,0,0.0,0,2191.4,6,0.0,0,0.0,0,0.0,0,0.0,0
2012-11-23T09:23:14.500,2191.2,19099,2191.2,26,0.0,0,0.0,0,0.0,0,0.0,0,2191.4,7,0.0,0,0.0,0,0.0,0,0.0,0
2012-11-23T09:23:15.000,2191.6,19141,2191.2,41,0.0,0,0.0,0,0.0,0,0.0,0,2191.8,50,0.0,0,0.0,0,0.0,0,0.0,0
