date_time,last_px,total_volume,bid1_px,bid1_qty,bid2_px,bid2_qty,bid3_px,bid3_qty,bid4_px,bid4_qty,bid5_px,bid5_qty,ask1_px,ask1_qty,ask2_px,ask2_qty,ask3_px,ask3_qty,ask4_px,ask4_qty,ask5_px,ask5_qty
2012-10-15T09:14:00.250,2300,406,2299.2,2,0.0,0,0.0,0,0.0,0,0.0,0,2300,90,0.0,0,0.0,0,0.0,0,0.0,0
2012-10-15T09:15:00.250,2300,599,2298.2,1,0.0,0,0.0,0,0.0,0,0.0,0,2299.2,2,0.0,0,0.0,0,0.0,0,0.0,0
2012-10-15T09:15:01.000,2300,936,2299.6,4,0.0,0,0.0,0,0.0,0,0.0,0,2303,10,0.0,0,0.0,0,0.0,0,0.0,0
2012-10-15T09:15:01.500,2300,1084,2299.4,1,0.0,0,0.0,0,0.0,0,0.0,0,2300,14,0.0,0,0.0,0,0.0,0,0.0,0
2012-10-15T09:15:02.000,2299.8,1187,2301.4,1,0.0,0,0.0,0,0.0,0,0.0,0,2301.8,12,0.0,0,0.0,0,0.0,0,0.0,0
2012-10-15T09:15:02.500,2303.2,1339,2303,1,0.0,0,0.0,0,0.0,0,0.0,0,2303.8,6,0.0,0,0.0,0,0.0,0,0.0,0
2012-10-15T09:15:03.000,2303.6,1396,2303.2,9,0.0,0,0.0,0,0.0,0,0.0,0,2303.6,1,0.0,0,0.0,0,0.0,0,0.0,0
2012-10-15T09:15:03.500,2303.4,1488,2303.6,3,0.0,0,0.0,0,0.0,0,0.0,0,2303.8,1,0.0,0,0.0,0,0.0,0,0.0,0
2012-10-15T09:15:04.000,2303.4,1554,2303.2,7,0.0,0,0.0,0,0.0,0,0.0,0,2303.4,1,0.0,0,0.0,0,0.0,0,0.0,0
2012-10-15T09:15:04.500,2303.4,1625,2303.4,1,0.0,0,0.0,0,0.0,0,0.0,0,2304,10,0.0,0,0.0,0,0.0,0,0.0,0
2012-10-15T09:15:05.000,2303.4,1668,2303.4,23,0.0,0,0.0,0,0.0,0,0.0,0,2303.8,15,0.0,0,0.0,0,0.0,0,0.0,0
2012-10-15T09:15:05.500,2303.4,1744,2303.4,12,0.0,0,0.0,0,0.0,0,0.0,0,2303.8,23,0.0,0,0.0,0,0.0,0,0.0,0
2012-10-15T09:15:06.000,2303.8,1816,2302,4,0.0,0,0.0,0,0.0,0,0.0,0,2303.4,17,0.0,0,0.0,0,0.0,0,0.0,0
2012-10-15T09:15:06.500,2303,1849,2302.4,12,0.0,0,0.0,0,0.0,0,0.0,0,2303,40,0.0,0,0.0,0,0.0,0,0.0,0
2012-10-15T09:15:07.000,2302.8,1932,2302.4,3,0.0,0,0.0,0,0.0,0,0.0,0,2302.8,10,0.0,0,0.0,0,0.0,0,0.0,0
2012-10-15T09:15:07.500,2302.6,2080,2302.4,1,0.0,0,0.0,0,0.0,0,0.0,0,2302.6,29,0.0,0,0.0,0,0.0,0,0.0,0
2012-10-15T09:15:08.000,2302.6,2132,2301,11,0.0,0,0.0,0,0.0,0,0.0,0,2302.4,17,0.0,0,0.0,0,0.0,0,0.0,0
2012-10-15T09:15:08.500,2301.4,2163,2301.4,3,0.0,0,0.0,0,0.0,0,0.0,0,2302,34,0.0,0,0.0,0,0.0,0,0.0,0
2012-10-15T09:15:09.000,2301.8,2208,2301.6,5,0.0,0,0.0,0,0.0,0,0.0,0,2301.8,6,0.0,0,0.0,0,0.0,0,0.0,0
2012-10-15T09:15:09.500,2301.6,2245,2301.8,3,0.0,0,0.0,0,0.0,0,0.0,0,2302,4,0.0,0,0.0,0,0.0,0,0.0,0
2012-10-15T09:15:10.000,2303.2,2389,2302,6,0.0,0,0.0,0,0.0,0,0.0,0,2303.2,12,0.0,0,0.0,0,0.0,0,0.0,0
2012-10-15T09:15:10.500,2302.4,2431,2302.4,28,0.0,0,0.0,0,0.0,0,0.0,0,2302.6,1,0.0,0,0.0,0,0.0,0,0.0,0
2012-10-15T09:15:11.000,2302.6,2494,2302.8,46,0.0,0,0.0,0,0.0,0,0.0,0,2303.2,1,0.0,0,0.0,0,0.0,0,0.0,0
2012-10-15T09:15:11.500,2303,2532,2303,65,0.0,0,0.0,0,0.0,0,0.0,0,2303.4,9,0.0,0,0.0,0,0.0,0,0.0,0
2012-10-15T09:15:12.000,2303.6,2574,2303.4,30,0.0,0,0.0,0,0.0,0,0.0,0,2303.8,3,0.0,0,0.0,0,0.0,0,0.0,0
2012-10-15T09:15:12.500,2303.8,2619,2303.8,38,0.0,0,0.0,0,0.0,0,0.0,0,2304,37,0.0,0,0.0,0,0.0,0,0.0,0
2012-10-15T09:15:13.000,2304.2,2668,2304.2,1,0.0,0,0.0,0,0.0,0,0.0,0,2304.8,49,0.0,0,0.0,0,0.0,0,0.0,0
2012-10-15T09:15:13.500,2304.4,2742,2304.2,11,0.0,0,0.0,0,0.0,0,0.0,0,2304.4,10,0.0,0,0.0,0,0.0,0,0.0,0
2012-10-15T09:15:14.000,2304.6,2794,2304,4,0.0,0,0.0,0,0.0,0,0.0,0,2304.4,1,0.0,0,0.0,0,0.0,0,0.0,0
2012-10-15T09:15:14.500,2304.2,2838,2304.4,4,0.0,0,0.0,0,0.0,0,0.0,0,2304.8,16,0.0,0,0.0,0,0.0,0,0.0,0
2012-10-15T09:15:15.000,2304.2,2867,2304,12,0.0,0,0.0,0,0.0,0,0.0,0,2304.4,1,0.0,0,0.0,0,0.0,0,0.0,0
2012-10-15T09:15:15.500,2304.8,2910,2304.4,8,0.0,0,0.0,0,0.0,0,0.0,0,2304.8,3,0.0,0,0.0,0,0.0,0,0.0,0
2012-10-15T09:15:16.000,2304.8,2929,2304.8,5,0.0,0,0.0,0,0.0,0,0.0,0,2305,25,0.0,0,0.0,0,0.0,0,0.0,0
2012-10-15T09:15:16.500,2305.2,2968,2305,8,0.0,0,0.0,0,0.0,0,0.0,0,2305.2,4,0.0,0,0.0,0,0.0,0,0.0,0
2012-10-15T09:15:17.000,2305.2,2997,2305.4,2,0.0,0,0.0,0,0.0,0,0.0,0,2305.6,2,0.0,0,0.0,0,0.0,0,0.0,0
2012-10-15T09:15:17.500,2305.6,3022,2305.6,22,0.0,0,0.0,0,0.0,0,0.0,0,2306,7,0.0,0,0.0,0,0.0,0,0.0,0
2012-10-15T09:15:18.000,2306,3055,2305.8,2,0.0,0,0.0,0,0.0,0,0.0,0,2306.2,10,0.0,0,0.0,0,0.0,0,0.0,0
2012-10-15T09:15:18.500,2305.6,3124,2305.6,80,0.0,0,0.0,0,0.0,0,0.0,0,2306,7,0.0,0,0.0,0,0.0,0,0.0,0
2012-10-15T09:15:19.000,2305.8,3188,2305.6,72,0.0,0,0.0,0,0.0,0,0.0,0,2305.8,15,0.0,0,0.0,0,0.0,0,0.0,0
2012-10-15T09:15:19.500,2305.8,3254,2306,7,0.0,0,0.0,0,0.0,0,0.0,0,2306.4,5,0.0,0,0.0,0,0.0,0,0.0,0
2012-10-15T09:15:20.000,2306,3330,2306,9,0.0,0,0.0,0,0.0,0,0.0,0,2306.2,33,0.0,0,0.0,0,0.0,0,0.0,0
2012-10-15T09:15:20.500,2306,3365,2305.8,1,0.0,0,0.0,0,0.0,0,0.0,0,2306,17,0.0,0,0.0,0,0.0,0,0.0,0
2012-10-15T09:15:21.000,2305.8,3391,2305.4,12,0.0,0,0.0,0,0.0,0,0.0,0,2305.6,23,0.0,0,0.0,0,0.0,0,0.0,0
2012-10-15T09:15:21.500,2305.4,3482,2305,44,0.0,0,0.0,0,0.0,0,0.0,0,2305.4,21,0.0,0,0.0,0,0.0,0,0.0,0
2012-10-15T09:15:22.000,2305,3557,2305,43,0.0,0,0.0,0,0.0,0,0.0,0,2305.4,29,0.0,0,0.0,0,0.0,0,0.0,0
2012-10-15T09:15:22.500,2305.8,3643,2305.2,21,0.0,0,0.0,0,0.0,0,0.0,0,2305.8,14,0.0,0,0.0,0,0.0,0,0.0,0
2012-10-15T09:15:23.000,2306,3683,2305.8,23,0.0,0,0.0,0,0.0,0,0.0,0,2306,37,0.0,0,0.0,0,0.0,0,0.0,0
2012-10-15T09:15:23.500,2306.2,3744,2306.2,6,0.0,0,0.0,0,0.0,0,0.0,0,2306.4,6,0.0,0,0.0,0,0.0,0,0.0,0
2012-10-15T09:15:24.000,2306.6,3789,2306.6,34,0.0,0,0.0,0,0.0,0,0.0,0,2307,1,0.0,0,0.0,0,0.0,0,0.0,0
2012-10-15T09:15:24.500,2307,3809,2307,44,0.0,0,0.0,0,0.0,0,0.0,0,2307.2,16,0.0,0,0.0,0,0.0,0,0.0,0
2012-10-15T09:15:25.000,2307.4,3841,2307.4,3,0.0,0,0.0,0,0.0,0,0.0,0,2307.8,16,0.0,0,0.0,0,0.0,0,0.0,0
2012-10-15T09:15:25.500,2307.6,3865,2307.4,13,0.0,0,0.0,0,0.0,0,0.0,0,2307.8,1,0.0,0,0.0,0,0.0,0,0.0,0
2012-10-15T09:15:26.000,2307.4,3911,2307.2,9,0.0,0,0.0,0,0.0,0,0.0,0,2307.4,11,0.0,0,0.0,0,0.0,0,0.0,0
2012-10-15T09:15:26.500,2307,3964,2307,53,0.0,0,0.0,0,0.0,0,0.0,0,2307.2,15,0.0,0,0.0,0,0.0,0,0.0,0
2012-10-15T09:15:27.000,2306.8,4053,2306.6,4,0.0,0,0.0,0,0.0,0,0.0,0,2306.8,31,0.0,0,0.0,0,0.0,0,0.0,0
2012-10-15T09:15:27.500,2306.8,4129,2306.8,11,0.0,0,0.0,0,0.0,0,0.0,0,2307,29,0.0,0,0.0,0,0.0,0,0.0,0
2012-10-15T09:15:28.000,2307,4196,2307,19,0.0,0,0.0,0,0.0,0,0.0,0,2307.6,4,0.0,0,0.0,0,0.0,0,0.0,0
2012-10-15T09:15:28.500,2307.4,4216,2307.4,22,0.0,0,0.0,0,0.0,0,0.0,0,2307.6,13,0.0,0,0.0,0,0.0,0,0.0,0
2012-10-15T09:15:29.000,2307.6,4261,2307.8,25,0.0,0,0.0,0,0.0,0,0.0,0,2308,12,0.0,0,0.0,0,0.0,0,0.0,0
2012-10-15T09:15:29.500,2308.2,4307,2308.2,23,0.0,0,0.0,0,0.0,0,0.0,0,2308.6,10,0.0,0,0.0,0,0.0,0,0.0,0
2012-10-15T09:15:30.000,2308.8,4322,2308.8,8,0.0,0,0.0,0,0.0,0,0.0,0,2309,61,0.0,0,0.0,0,0.0,0,0.0,0
2012-10-15T09:15:30.500,2308.8,4386,2308.6,14,0.0,0,0.0,0,0.0,0,0.0,0,2308.8,9,0.0,0,0.0,0,0.0,0,0.0,0
2012-10-15T09:15:31.000,2308.8,4465,2308.8,15,0.0,0,0.0,0,0.0,0,0.0,0,2309,13,0.0,0,0.0,0,0.0,0,0.0,0
2012-10-15T09:15:31.500,2309,4556,2309,3,0.0,0,0.0,0,0.0,0,0.0,0,2309.4,3,0.0,0,0.0,0,0.0,0,0.0,0
2012-10-15T09:15:32.000,2309.6,4634,2309.6,11,0.0,0,0.0,0,0.0,0,0.0,0,2309.8,39,0.0,0,0.0,0,0.0,0,0.0,0
2012-10-15T09:15:32.500,2310,4694,2309.6,6,0.0,0,0.0,0,0.0,0,0.0,0,2310,19,0.0,0,0.0,0,0.0,0,0.0,0
2012-10-15T09:15:33.000,2310.2,4741,2310.2,15,0.0,0,0.0,0,0.0,0,0.0,0,2310.4,2,0.0,0,0.0,0,0.0,0,0.0,0
2012-10-15T09:15:33.500,2310.4,4761,2310.6,8,0.0,0,0.0,0,0.0,0,0.0,0,2310.8,1,0.0,0,0.0,0,0.0,0,0.0,0
2012-10-15T09:15:34.000,2310.4,4835,2310.4,7,0.0,0,0.0,0,0.0,0,0.0,0,2311.6,1,0.0,0,0.0,0,0.0,0,0.0,0
2012-10-15T09:15:34.500,2311.2,4875,2310.8,12,0.0,0,0.0,0,0.0,0,0.0,0,2311,10,0.0,0,0.0,0,0.0,0,0.0,0
2012-10-15T09:15:35.000,2311.2,4948,2310.4,28,0.0,0,0.0,0,0.0,0,0.0,0,2310.6,2,0.0,0,0.0,0,0.0,0,0.0,0
2012-10-15T09:15:35.500,2310,5021,2310,15,0.0,0,0.0,0,0.0,0,0.0,0,2310.2,22,0.0,0,0.0,0,0.0,0,0.0,0
2012-10-15T09:15:36.000,2309.8,5120,2309.8,32,0.0,0,0.0,0,0.0,0,0.0,0,2310,25,0.0,0,0.0,0,0.0,0,0.0,0
2012-10-15T09:15:36.500,2310,5217,2309.4,4,0.0,0,0.0,0,0.0,0,0.0,0,2309.6,3,0.0,0,0.0,0,0.0,0,0.0,0
2012-10-15T09:15:37.000,2309.8,5272,2309.6,2,0.0,0,0.0,0,0.0,0,0.0,0,2309.8,10,0.0,0,0.0,0,0.0,0,0.0,0
2012-10-15T09:15:37.500,2309.8,5302,2309.8,9,0.0,0,0.0,0,0.0,0,0.0,0,2310,2,0.0,0,0.0,0,0.0,0,0.0,0
2012-10-15T09:15:38.000,2310,5335,2310,32,0.0,0,0.0,0,0.0,0,0.0,0,2310.2,38,0.0,0,0.0,0,0.0,0,0.0,0
2012-10-15T09:15:38.500,2310.2,5417,2310.2,30,0.0,0,0.0,0,0.0,0,0.0,0,2310.4,13,0.0,0,0.0,0,0.0,0,0.0,0
2012-10-15T09:15:39.000,2310.6,5455,2310.6,23,0.0,0,0.0,0,0.0,0,0.0,0,2310.8,3,0.0,0,0.0,0,0.0,0,0.0,0
2012-10-15T09:15:39.500,2311,5491,2310.8,15,0.0,0,0.0,0,0.0,0,0.0,0,2311,6,0.0,0,0.0,0,0.0,0,0.0,0
2012-10-15T09:15:40.000,2311.2,5566,2311.2,6,0.0,0,0.0,0,0.0,0,0.0,0,2311.6,2,0.0,0,0.0,0,0.0,0,0.0,0
2012-10-15T09:15:40.500,2312,5597,2311.4,7,0.0,0,0.0,0,0.0,0,0.0,0,2312,1,0.0,0,0.0,0,0.0,0,0.0,0
2012-10-15T09:15:41.000,2312,5663,2311.6,12,0.0,0,0.0,0,0.0,0,0.0,0,2312,34,0.0,0,0.0,0,0.0,0,0.0,0
2012-10-15T09:15:41.500,2312,5693,2311.2,8,0.0,0,0.0,0,0.0,0,0.0,0,2311.6,3,0.0,0,0.0,0,0.0,0,0.0,0
2012-10-15T09:15:42.000,2311.4,5733,2310.8,29,0.0,0,0.0,0,0.0,0,0.0,0,2311.2,36,0.0,0,0.0,0,0.0,0,0.0,0
2012-10-15T09:15:42.500,2310.8,5794,2310.6,1,0.0,0,0.0,0,0.0,0,0.0,0,2310.8,2,0.0,0,0.0,0,0.0,0,0.0,0
2012-10-15T09:15:43.000,2310.2,5821,2310.2,2,0.0,0,0.0,0,0.0,0,0.0,0,2310.4,6,0.0,0,0.0,0,0.0,0,0.0,0
2012-10-15T09:15:43.500,2310.2,5861,2310,23,0.0,0,0.0,0,0.0,0,0.0,0,2310.2,9,0.0,0,0.0,0,0.0,0,0.0,0
2012-10-15T09:15:44.000,2309.8,5895,2309.8,11,0.0,0,0.0,0,0.0,0,0.0,0,2310,6,0.0,0,0.0,0,0.0,0,0.0,0
2012-10-15T09:15:44.500,2309.8,5935,2309.8,2,0.0,0,0.0,0,0.0,0,0.0,0,2310,7,0.0,0,0.0,0,0.0,0,0.0,0
2012-10-15T09:15:45.000,2309.6,5963,2309.6,2,0.0,0,0.0,0,0.0,0,0.0,0,2309.8,22,0.0,0,0.0,0,0.0,0,0.0,0
2012-10-15T09:15:45.500,2309.4,5975,2309.2,9,0.0,0,0.0,0,0.0,0,0.0,0,2309.4,2,0.0,0,0.0,0,0.0,0,0.0,0
2012-10-15T09:15:46.000,2309.8,6021,2309.6,18,0.0,0,0.0,0,0.0,0,0.0,0,2309.8,12,0.0,0,0.0,0,0.0,0,0.0,0
2012-10-15T09:15:46.500,2309.6,6046,2309.6,10,0.0,0,0.0,0,0.0,0,0.0,0,2309.8,9,0.0,0,0.0,0,0.0,0,0.0,0
2012-10-15T09:15:47.000,2309.6,6066,2309.4,12,0.0,0,0.0,0,0.0,0,0.0,0,2310.2,4,0.0,0,0.0,0,0.0,0,0.0,0
2012-10-15T09:15:47.500,2309.6,6091,2309.6,34,0.0,0,0.0,0,0.0,0,0.0,0,2310.2,5,0.0,0,0.0,0,0.0,0,0.0,0
2012-10-15T09:15:48.000,2310.2,6108,2310.2,1,0.0,0,0.0,0,0.0,0,0.0,0,2310.6,16,0.0,0,0.0,0,0.0,0,0.0,0
2012-10-15T09:15:48.500,2310.4,6147,2310.4,5,0.0,0,0.0,0,0.0,0,0.0,0,2310.8,11,0.0,0,0.0,0,0.0,0,0.0,0
2012-10-15T09:15:49.000,2310.8,6179,2310.6,18,0.0,0,0.0,0,0.0,0,0.0,0,2310.8,14,0.0,0,0.0,0,0.0,0,0.0,0
2012-10-15T09:15:49.500,2311,6206,2310.8,22,0.0,0,0.0,0,0.0,0,0.0,0,2311,11,0.0,0,0.0,0,0.0,0,0.0,0
2012-10-15T09:15:50.000,2311.2,6247,2311,23,0.0,0,0.0,0,0.0,0,0.0,0,2311.2,6,0.0,0,0.0,0,0.0,0,0.0,0
2012-10-15T09:15:50.500,2311.8,6283,2311.2,8,0.0,0,0.0,0,0.0,0,0.0,0,2311.8,3,0.0,0,0.0,0,0.0,0,0.0,0
2012-10-15T09:15:51.000,2311.8,6311,2311.8,2,0.0,0,0.0,0,0.0,0,0.0,0,2312,9,0.0,0,0.0,0,0.0,0,0.0,0
2012-10-15T09:15:51.500,2311.4,6354,2311.4,3,0.0,0,0.0,0,0.0,0,0.0,0,2311.8,8,0.0,0,0.0,0,0.0,0,0.0,0
2012-10-15T09:15:52.000,2312.2,6371,2312.2,3,0.0,0,0.0,0,0.0,0,0.0,0,2312.4,3,0.0,0,0.0,0,0.0,0,0.0,0
2012-10-15T09:15:52.500,2312,6440,2311.4,1,0.0,0,0.0,0,0.0,0,0.0,0,2312,7,0.0,0,0.0,0,0.0,0,0.0,0
2012-10-15T09:15:53.000,2311.6,6452,2311.6,4,0.0,0,0.0,0,0.0,0,0.0,0,2311.8,6,0.0,0,0.0,0,0.0,0,0.0,0
2012-10-15T09:15:53.500,2311.4,6484,2311.4,9,0.0,0,0.0,0,0.0,0,0.0,0,2311.6,19,0.0,0,0.0,0,0.0,0,0.0,0
2012-10-15T09:15:54.000,2311.2,6518,2311.2,2,0.0,0,0.0,0,0.0,0,0.0,0,2311.4,25,0.0,0,0.0,0,0.0,0,0.0,0
2012-10-15T09:15:54.500,2310.8,6539,2310.8,15,0.0,0,0.0,0,0.0,0,0.0,0,2311,9,0.0,0,0.0,0,0.0,0,0.0,0
2012-10-15T09:15:55.000,2310.8,6592,2310.8,1,0.0,0,0.0,0,0.0,0,0.0,0,2311.2,17,0.0,0,0.0,0,0.0,0,0.0,0
2012-10-15T09:15:55.500,2311,6602,2311,7,0.0,0,0.0,0,0.0,0,0.0,0,2311.2,15,0.0,0,0.0,0,0.0,0,0.0,0
2012-10-15T09:15:56.000,2311,6628,2310.8,4,0.0,0,0.0,0,0.0,0,0.0,0,2311,30,0.0,0,0.0,0,0.0,0,0.0,0
2012-10-15T09:15:56.500,2310.8,6662,2310.2,2,0.0,0,0.0,0,0.0,0,0.0,0,2310.8,11,0.0,0,0.0,0,0.0,0,0.0,0
2012-10-15T09:15:57.000,2310.6,6680,2310.4,11,0.0,0,0.0,0,0.0,0,0.0,0,2310.6,1,0.0,0,0.0,0,0.0,0,0.0,0
2012-10-15T09:15:57.500,2310.4,6685,2310.4,12,0.0,0,0.0,0,0.0,0,0.0,0,2310.6,2,0.0,0,0.0,0,0.0,0,0.0,0
2012-10-15T09:15:58.000,2310.8,6695,2310.4,8,0.0,0,0.0,0,0.0,0,0.0,0,2310.8,19,0.0,0,0.0,0,0.0,0,0.0,0
2012-10-15T09:15:58.500,2310.8,6713,2310.4,6,0.0,0,0.0,0,0.0,0,0.0,0,2310.6,5,0.0,0,0.0,0,0.0,0,0.0,0
2012-10-15T09:15:59.000,2310.8,6743,2310.6,4,0.0,0,0.0,0,0.0,0,0.0,0,2310.8,16,0.0,0,0.0,0,0.0,0,0.0,0
2012-10-15T09:15:59.500,2310.6,6781,2310.2,10,0.0,0,0.0,0,0.0,0,0.0,0,2310.6,17,0.0,0,0.0,0,0.0,0,0.0,0
2012-10-15T09:16:00.000,2310.4,6809,2310,8,0.0,0,0.0,0,0.0,0,0.0,0,2310.2,5,0.0,0,0.0,0,0.0,0,0.0,0
2012-10-15T09:16:00.500,2310.2,6891,2309.8,39,0.0,0,0.0,0,0.0,0,0.0,0,2310.2,1,0.0,0,0.0,0,0.0,0,0.0,0
2012-10-15T09:16:01.000,2309.8,6925,2309.8,34,0.0,0,0.0,0,0.0,0,0.0,0,2310,6,0.0,0,0.0,0,0.0,0,0.0,0
2012-10-15T09:16:01.500,2309.8,6976,2309.8,21,0.0,0,0.0,0,0.0,0,0.0,0,2310.6,4,0.0,0,0.0,0,0.0,0,0.0,0
2012-10-15T09:16:02.000,2310.4,7022,2310,17,0.0,0,0.0,0,0.0,0,0.0,0,2310.4,7,0.0,0,0.0,0,0.0,0,0.0,0
2012-10-15T09:16:02.500,2310,7067,2310.2,15,0.0,0,0.0,0,0.0,0,0.0,0,2310.6,16,0.0,0,0.0,0,0.0,0,0.0,0
2012-10-15T09:16:03.000,2310.8,7116,2310,72,0.0,0,0.0,0,0.0,0,0.0,0,2310.2,1,0.0,0,0.0,0,0.0,0,0.0,0
2012-10-15T09:16:03.500,2310.4,7132,2310.4,2,0.0,0,0.0,0,0.0,0,0.0,0,2310.8,7,0.0,0,0.0,0,0.0,0,0.0,0
2012-10-15T09:16:04.000,2310.8,7156,2310.8,30,0.0,0,0.0,0,0.0,0,0.0,0,2311,73,0.0,0,0.0,0,0.0,0,0.0,0
2012-10-15T09:16:04.500,2311,7231,2310.8,41,0.0,0,0.0,0,0.0,0,0.0,0,2311,9,0.0,0,0.0,0,0.0,0,0.0,0
2012-10-15T09:16:05.000,2311,7256,2311.2,4,0.0,0,0.0,0,0.0,0,0.0,0,2311.4,4,0.0,0,0.0,0,0.0,0,0.0,0
2012-10-15T09:16:05.500,2311.6,7312,2311.6,29,0.0,0,0.0,0,0.0,0,0.0,0,2311.8,23,0.0,0,0.0,0,0.0,0,0.0,0
2012-10-15T09:16:06.000,2312,7363,2311.8,7,0.0,0,0.0,0,0.0,0,0.0,0,2312,21,0.0,0,0.0,0,0.0,0,0.0,0
2012-10-15T09:16:06.500,2312.2,7409,2311.8,5,0.0,0,0.0,0,0.0,0,0.0,0,2312.2,25,0.0,0,0.0,0,0.0,0,0.0,0
2012-10-15T09:16:07.000,2312.2,7460,2312.2,18,0.0,0,0.0,0,0.0,0,0.0,0,2312.4,15,0.0,0,0.0,0,0.0,0,0.0,0
2012-10-15T09:16:07.500,2312.2,7496,2312.2,1,0.0,0,0.0,0,0.0,0,0.0,0,2312.4,4,0.0,0,0.0,0,0.0,0,0.0,0
2012-10-15T09:16:08.000,2312.4,7522,2312,3,0.0,0,0.0,0,0.0,0,0.0,0,2312.2,8,0.0,0,0.0,0,0.0,0,0.0,0
2012-10-15T09:16:08.500,2312,7571,2311.8,8,0.0,0,0.0,0,0.0,0,0.0,0,2312,5,0.0,0,0.0,0,0.0,0,0.0,0
2012-10-15T09:16:09.000,2311.8,7607,2311.4,14,0.0,0,0.0,0,0.0,0,0.0,0,2311.8,1,0.0,0,0.0,0,0.0,0,0.0,0
2012-10-15T09:16:09.500,2311.4,7632,2311.4,6,0.0,0,0.0,0,0.0,0,0.0,0,2312,3,0.0,0,0.0,0,0.0,0,0.0,0
2012-10-15T09:16:10.000,2312,7641,2311.6,37,0.0,0,0.0,0,0.0,0,0.0,0,2312,2,0.0,0,0.0,0,0.0,0,0.0,0
2012-10-15T09:16:10.500,2312,7657,2312,13,0.0,0,0.0,0,0.0,0,0.0,0,2312.2,17,0.0,0,0.0,0,0.0,0,0.0,0
2012-10-15T09:16:11.000,2312.4,7681,2312.4,26,0.0,0,0.0,0,0.0,0,0.0,0,2312.6,5,0.0,0,0.0,0,0.0,0,0.0,0
2012-10-15T09:16:11.500,2312.8,7718,2312.8,16,0.0,0,0.0,0,0.0,0,0.0,0,2313,20,0.0,0,0.0,0,0.0,0,0.0,0
2012-10-15T09:16:12.000,2312.8,7772,2313.2,9,0.0,0,0.0,0,0.0,0,0.0,0,2313.4,3,0.0,0,0.0,0,0.0,0,0.0,0
2012-10-15T09:16:12.500,2313.6,7807,2313.6,21,0.0,0,0.0,0,0.0,0,0.0,0,2313.8,7,0.0,0,0.0,0,0.0,0,0.0,0
2012-10-15T09:16:13.000,2313.6,7862,2313.6,10,0.0,0,0.0,0,0.0,0,0.0,0,2313.8,2,0.0,0,0.0,0,0.0,0,0.0,0
2012-10-15T09:16:13.500,2313.2,7947,2313,7,0.0,0,0.0,0,0.0,0,0.0,0,2313.2,40,0.0,0,0.0,0,0.0,0,0.0,0
2012-10-15T09:16:14.000,2312.8,7986,2312.6,23,0.0,0,0.0,0,0.0,0,0.0,0,2312.8,25,0.0,0,0.0,0,0.0,0,0.0,0
2012-10-15T09:16:14.500,2312.4,8075,2312.2,60,0.0,0,0.0,0,0.0,0,0.0,0,2312.4,5,0.0,0,0.0,0,0.0,0,0.0,0
2012-10-15T09:16:15.000,2313,8147,2312.4,22,0.0,0,0.0,0,0.0,0,0.0,0,2313,24,0.0,0,0.0,0,0.0,0,0.0,0
2012-10-15T09:16:15.500,2313,8167,2312.6,5,0.0,0,0.0,0,0.0,0,0.0,0,2313,19,0.0,0,0.0,0,0.0,0,0.0,0
2012-10-15T09:16:16.000,2313,8203,2313,1,0.0,0,0.0,0,0.0,0,0.0,0,2313.2,45,0.0,0,0.0,0,0.0,0,0.0,0
2012-10-15T09:16:16.500,2312.8,8245,2312.6,10,0.0,0,0.0,0,0.0,0,0.0,0,2312.8,17,0.0,0,0.0,0,0.0,0,0.0,0
2012-10-15T09:16:17.000,2312.6,8275,2312.8,2,0.0,0,0.0,0,0.0,0,0.0,0,2313.2,18,0.0,0,0.0,0,0.0,0,0.0,0
2012-10-15T09:16:17.500,2313.2,8287,2313,4,0.0,0,0.0,0,0.0,0,0.0,0,2313.2,9,0.0,0,0.0,0,0.0,0,0.0,0
2012-10-15T09:16:18.000,2313.2,8309,2313.2,6,0.0,0,0.0,0,0.0,0,0.0,0,2313.4,6,0.0,0,0.0,0,0.0,0,0.0,0
2012-10-15T09:16:18.500,2313.6,8355,2313.4,15,0.0,0,0.0,0,0.0,0,0.0,0,2313.6,27,0.0,0,0.0,0,0.0,0,0.0,0
2012-10-15T09:16:19.000,2313.6,8452,2314,22,0.0,0,0.0,0,0.0,0,0.0,0,2314.4,37,0.0,0,0.0,0,0.0,0,0.0,0
2012-10-15T09:16:19.500,2314.4,8478,2314.2,23,0.0,0,0.0,0,0.0,0,0.0,0,2314.4,13,0.0,0,0.0,0,0.0,0,0.0,0
2012-10-15T09:16:20.000,2314.6,8528,2314,18,0.0,0,0.0,0,0.0,0,0.0,0,2314.6,7,0.0,0,0.0,0,0.0,0,0.0,0
2012-10-15T09:16:20.500,2314.4,8574,2314,4,0.0,0,0.0,0,0.0,0,0.0,0,2314.8,5,0.0,0,0.0,0,0.0,0,0.0,0
2012-10-15T09:16:21.000,2314.4,8617,2314,35,0.0,0,0.0,0,0.0,0,0.0,0,2314.4,8,0.0,0,0.0,0,0.0,0,0.0,0
2012-10-15T09:16:21.500,2314,8691,2313.8,11,0.0,0,0.0,0,0.0,0,0.0,0,2314.2,14,0.0,0,0.0,0,0.0,0,0.0,0
2012-10-15T09:16:22.000,2313.8,8743,2313.8,2,0.0,0,0.0,0,0.0,0,0.0,0,2314.2,15,0.0,0,0.0,0,0.0,0,0.0,0
2012-10-15T09:16:22.500,2313.2,8810,2313.2,26,0.0,0,0.0,0,0.0,0,0.0,0,2313.8,5,0.0,0,0.0,0,0.0,0,0.0,0
2012-10-15T09:16:23.000,2314,8848,2313.6,1,0.0,0,0.0,0,0.0,0,0.0,0,2314,1,0.0,0,0.0,0,0.0,0,0.0,0
2012-10-15T09:16:23.500,2314,8875,2314,11,0.0,0,0.0,0,0.0,0,0.0,0,2314.2,2,0.0,0,0.0,0,0.0,0,0.0,0
2012-10-15T09:16:24.000,2313.8,8901,2314.2,9,0.0,0,0.0,0,0.0,0,0.0,0,2314.6,2,0.0,0,0.0,0,0.0,0,0.0,0
2012-10-15T09:16:24.500,2314.6,8925,2314.6,28,0.0,0,0.0,0,0.0,0,0.0,0,2315,39,0.0,0,0.0,0,0.0,0,0.0,0
2012-10-15T09:16:25.000,2315,9011,2314.8,23,0.0,0,0.0,0,0.0,0,0.0,0,2315.8,23,0.0,0,0.0,0,0.0,0,0.0,0
2012-10-15T09:16:25.500,2316,9039,2315.2,83,0.0,0,0.0,0,0.0,0,0.0,0,2315.4,13,0.0,0,0.0,0,0.0,0,0.0,0
2012-10-15T09:16:26.000,2315.8,9103,2315.8,9,0.0,0,0.0,0,0.0,0,0.0,0,2316,1,0.0,0,0.0,0,0.0,0,0.0,0
2012-10-15T09:16:26.500,2317,9153,2317,2,0.0,0,0.0,0,0.0,0,0.0,0,2317.2,2,0.0,0,0.0,0,0.0,0,0.0,0
2012-10-15T09:16:27.000,2317.4,9193,2317.4,36,0.0,0,0.0,0,0.0,0,0.0,0,2318,23,0.0,0,0.0,0,0.0,0,0.0,0
2012-10-15T09:16:27.500,2319,9289,2318,9,0.0,0,0.0,0,0.0,0,0.0,0,2319,56,0.0,0,0.0,0,0.0,0,0.0,0
2012-10-15T09:16:28.000,2318.6,9414,2318.4,9,0.0,0,0.0,0,0.0,0,0.0,0,2318.6,5,0.0,0,0.0,0,0.0,0,0.0,0
2012-10-15T09:16:28.500,2321,9509,2321,11,0.0,0,0.0,0,0.0,0,0.0,0,2322,1,0.0,0,0.0,0,0.0,0,0.0,0
2012-10-15T09:16:29.000,2321.8,9685,2321.4,10,0.0,0,0.0,0,0.0,0,0.0,0,2321.8,17,0.0,0,0.0,0,0.0,0,0.0,0
2012-10-15T09:16:29.500,2322,9822,2322,15,0.0,0,0.0,0,0.0,0,0.0,0,2323.6,3,0.0,0,0.0,0,0.0,0,0.0,0
2012-10-15T09:16:30.000,2323.6,9873,2323,2,0.0,0,0.0,0,0.0,0,0.0,0,2323.2,3,0.0,0,0.0,0,0.0,0,0.0,0
2012-10-15T09:16:30.500,2323.4,9983,2323.2,12,0.0,0,0.0,0,0.0,0,0.0,0,2324.6,2,0.0,0,0.0,0,0.0,0,0.0,0
2012-10-15T09:16:31.000,2323.6,10070,2323.6,13,0.0,0,0.0,0,0.0,0,0.0,0,2324.2,14,0.0,0,0.0,0,0.0,0,0.0,0
2012-10-15T09:16:31.500,2323.6,10172,2323.4,29,0.0,0,0.0,0,0.0,0,0.0,0,2323.6,6,0.0,0,0.0,0,0.0,0,0.0,0
2012-10-15T09:16:32.000,2323,10301,2322.4,21,0.0,0,0.0,0,0.0,0,0.0,0,2323,36,0.0,0,0.0,0,0.0,0,0.0,0
2012-10-15T09:16:32.500,2322,10354,2322,21,0.0,0,0.0,0,0.0,0,0.0,0,2322.6,41,0.0,0,0.0,0,0.0,0,0.0,0
2012-10-15T09:16:33.000,2322,10447,2321.8,22,0.0,0,0.0,0,0.0,0,0.0,0,2322,44,0.0,0,0.0,0,0.0,0,0.0,0
2012-10-15T09:16:33.500,2321.6,10550,2321,62,0.0,0,0.0,0,0.0,0,0.0,0,2321.6,9,0.0,0,0.0,0,0.0,0,0.0,0
2012-10-15T09:16:34.000,2321.4,10626,2321.2,8,0.0,0,0.0,0,0.0,0,0.0,0,2321.6,22,0.0,0,0.0,0,0.0,0,0.0,0
2012-10-15T09:16:34.500,2321.4,10716,2321.2,1,0.0,0,0.0,0,0.0,0,0.0,0,2321.6,13,0.0,0,0.0,0,0.0,0,0.0,0
2012-10-15T09:16:35.000,2321.4,10762,2321.4,10,0.0,0,0.0,0,0.0,0,0.0,0,2321.6,13,0.0,0,0.0,0,0.0,0,0.0,0
2012-10-15T09:16:35.500,2321,10809,2320.2,1,0.0,0,0.0,0,0.0,0,0.0,0,2321,9,0.0,0,0.0,0,0.0,0,0.0,0
2012-10-15T09:16:36.000,2320.4,10891,2320.4,5,0.0,0,0.0,0,0.0,0,0.0,0,2320.8,2,0.0,0,0.0,0,0.0,0,0.0,0
2012-10-15T09:16:36.500,2320.8,10969,2320.6,8,0.0,0,0.0,0,0.0,0,0.0,0,2320.8,7,0.0,0,0.0,0,0.0,0,0.0,0
2012-10-15T09:16:37.000,2320.4,10993,2320.2,2,0.0,0,0.0,0,0.0,0,0.0,0,2320.4,8,0.0,0,0.0,0,0.0,0,0.0,0
2012-10-15T09:16:37.500,2320.4,11013,2320,12,0.0,0,0.0,0,0.0,0,0.0,0,2320.2,1,0.0,0,0.0,0,0.0,0,0.0,0
2012-10-15T09:16:38.000,2320,11068,2319.4,12,0.0,0,0.0,0,0.0,0,0.0,0,2320,19,0.0,0,0.0,0,0.0,0,0.0,0
2012-10-15T09:16:38.500,2319.4,11076,2319.2,4,0.0,0,0.0,0,0.0,0,0.0,0,2319.4,1,0.0,0,0.0,0,0.0,0,0.0,0
2012-10-15T09:16:39.000,2319.2,11095,2319,5,0.0,0,0.0,0,0.0,0,0.0,0,2319.2,3,0.0,0,0.0,0,0.0,0,0.0,0
2012-10-15T09:16:39.500,2319,11118,2319,2,0.0,0,0.0,0,0.0,0,0.0,0,2319.4,26,0.0,0,0.0,0,0.0,0,0.0,0
2012-10-15T09:16:40.000,2319,11154,2318.8,11,0.0,0,0.0,0,0.0,0,0.0,0,2319,23,0.0,0,0.0,0,0.0,0,0.0,0
2012-10-15T09:16:40.500,2318.8,11192,2318.6,61,0.0,0,0.0,0,0.0,0,0.0,0,2318.8,9,0.0,0,0.0,0,0.0,0,0.0,0
2012-10-15T09:16:41.000,2318.6,11257,2318.6,54,0.0,0,0.0,0,0.0,0,0.0,0,2318.8,9,0.0,0,0.0,0,0.0,0,0.0,0
2012-10-15T09:16:41.500,2319,11305,2319,17,0.0,0,0.0,0,0.0,0,0.0,0,2319.2,1,0.0,0,0.0,0,0.0,0,0.0,0
2012-10-15T09:16:42.000,2319.8,11346,2319.6,2,0.0,0,0.0,0,0.0,0,0.0,0,2319.8,12,0.0,0,0.0,0,0.0,0,0.0,0
2012-10-15T09:16:42.500,2319.6,11409,2319.2,20,0.0,0,0.0,0,0.0,0,0.0,0,2319.6,20,0.0,0,0.0,0,0.0,0,0.0,0
2012-10-15T09:16:43.000,2319.8,11448,2319.6,22,0.0,0,0.0,0,0.0,0,0.0,0,2320,31,0.0,0,0.0,0,0.0,0,0.0,0
2012-10-15T09:16:43.500,2319.6,11492,2319.4,10,0.0,0,0.0,0,0.0,0,0.0,0,2319.6,13,0.0,0,0.0,0,0.0,0,0.0,0
2012-10-15T09:16:44.000,2319.2,11534,2319.2,20,0.0,0,0.0,0,0.0,0,0.0,0,2319.6,1,0.0,0,0.0,0,0.0,0,0.0,0
2012-10-15T09:16:44.500,2319.2,11569,2319,10,0.0,0,0.0,0,0.0,0,0.0,0,2319.2,23,0.0,0,0.0,0,0.0,0,0.0,0
2012-10-15T09:16:45.000,2319,11581,2319,5,0.0,0,0.0,0,0.0,0,0.0,0,2319.2,19,0.0,0,0.0,0,0.0,0,0.0,0
2012-10-15T09:16:45.500,2319.2,11643,2319.6,10,0.0,0,0.0,0,0.0,0,0.0,0,2320,26,0.0,0,0.0,0,0.0,0,0.0,0
2012-10-15T09:16:46.000,2319.2,11667,2319.2,13,0.0,0,0.0,0,0.0,0,0.0,0,2319.8,5,0.0,0,0.0,0,0.0,0,0.0,0
2012-10-15T09:16:46.500,2319.2,11705,2319.4,12,0.0,0,0.0,0,0.0,0,0.0,0,2319.6,5,0.0,0,0.0,0,0.0,0,0.0,0
2012-10-15T09:16:47.000,2319.4,11727,2319.4,10,0.0,0,0.0,0,0.0,0,0.0,0,2319.6,24,0.0,0,0.0,0,0.0,0,0.0,0
2012-10-15T09:16:47.500,2319,11771,2319,9,0.0,0,0.0,0,0.0,0,0.0,0,2319.2,4,0.0,0,0.0,0,0.0,0,0.0,0
2012-10-15T09:16:48.000,2319.4,11792,2319.4,4,0.0,0,0.0,0,0.0,0,0.0,0,2319.6,15,0.0,0,0.0,0,0.0,0,0.0,0
2012-10-15T09:16:48.500,2319.4,11804,2319.2,5,0.0,0,0.0,0,0.0,0,0.0,0,2319.4,19,0.0,0,0.0,0,0.0,0,0.0,0
2012-10-15T09:16:49.000,2319.2,11835,2319.2,2,0.0,0,0.0,0,0.0,0,0.0,0,2319.4,21,0.0,0,0.0,0,0.0,0,0.0,0
2012-10-15T09:16:49.500,2319.2,11841,2319,3,0.0,0,0.0,0,0.0,0,0.0,0,2319.2,2,0.0,0,0.0,0,0.0,0,0.0,0
2012-10-15T09:16:50.000,2319.2,11849,2319.2,5,0.0,0,0.0,0,0.0,0,0.0,0,2319.4,23,0.0,0,0.0,0,0.0,0,0.0,0
2012-10-15T09:16:50.500,2319.2,11869,2319,3,0.0,0,0.0,0,0.0,0,0.0,0,2319.2,2,0.0,0,0.0,0,0.0,0,0.0,0
2012-10-15T09:16:51.000,2319.4,11885,2319.2,1,0.0,0,0.0,0,0.0,0,0.0,0,2319.4,13,0.0,0,0.0,0,0.0,0,0.0,0
2012-10-15T09:16:51.500,2319.2,11900,2319.2,8,0.0,0,0.0,0,0.0,0,0.0,0,2319.4,3,0.0,0,0.0,0,0.0,0,0.0,0
2012-10-15T09:16:52.000,2318.8,11948,2318.8,15,0.0,0,0.0,0,0.0,0,0.0,0,2319,6,0.0,0,0.0,0,0.0,0,0.0,0
2012-10-15T09:16:52.500,2319.4,11961,2319,10,0.0,0,0.0,0,0.0,0,0.0,0,2319.2,3,0.0,0,0.0,0,0.0,0,0.0,0
2012-10-15T09:16:53.000,2319.2,11981,2318.8,15,0.0,0,0.0,0,0.0,0,0.0,0,2319.2,3,0.0,0,0.0,0,0.0,0,0.0,0
2012-10-15T09:16:53.500,2319.2,11995,2319,2,0.0,0,0.0,0,0.0,0,0.0,0,2319.4,1,0.0,0,0.0,0,0.0,0,0.0,0
2012-10-15T09:16:54.000,2319,12017,2318.8,16,0.0,0,0.0,0,0.0,0,0.0,0,2319,10,0.0,0,0.0,0,0.0,0,0.0,0
2012-10-15T09:16:54.500,2318.8,12039,2318.6,56,0.0,0,0.0,0,0.0,0,0.0,0,2318.8,6,0.0,0,0.0,0,0.0,0,0.0,0
2012-10-15T09:16:55.000,2318.6,12061,2318.6,52,0.0,0,0.0,0,0.0,0,0.0,0,2318.8,3,0.0,0,0.0,0,0.0,0,0.0,0
2012-10-15T09:16:55.500,2319.4,12097,2319.2,10,0.0,0,0.0,0,0.0,0,0.0,0,2319.4,7,0.0,0,0.0,0,0.0,0,0.0,0
2012-10-15T09:16:56.000,2319.4,12120,2319.4,1,0.0,0,0.0,0,0.0,0,0.0,0,2319.8,50,0.0,0,0.0,0,0.0,0,0.0,0
2012-10-15T09:16:56.500,2319,12140,2319,5,0.0,0,0.0,0,0.0,0,0.0,0,2319.4,1,0.0,0,0.0,0,0.0,0,0.0,0
2012-10-15T09:16:57.000,2318.8,12160,2318.8,29,0.0,0,0.0,0,0.0,0,0.0,0,2319,3,0.0,0,0.0,0,0.0,0,0.0,0
2012-10-15T09:16:57.500,2319.4,12201,2319.4,14,0.0,0,0.0,0,0.0,0,0.0,0,2319.6,7,0.0,0,0.0,0,0.0,0,0.0,0
2012-10-15T09:16:58.000,2319,12230,2319,11,0.0,0,0.0,0,0.0,0,0.0,0,2319.2,1,0.0,0,0.0,0,0.0,0,0.0,0
2012-10-15T09:16:58.500,2319,12238,2319,10,0.0,0,0.0,0,0.0,0,0.0,0,2319.4,14,0.0,0,0.0,0,0.0,0,0.0,0
2012-10-15T09:16:59.000,2318.8,12272,2318.8,47,0.0,0,0.0,0,0.0,0,0.0,0,2319,1,0.0,0,0.0,0,0.0,0,0.0,0
2012-10-15T09:16:59.500,2319,12283,2318.8,46,0.0,0,0.0,0,0.0,0,0.0,0,2319,9,0.0,0,0.0,0,0.0,0,0.0,0
2012-10-15T09:17:00.000,2319,12327,2318.8,31,0.0,0,0.0,0,0.0,0,0.0,0,2319.2,12,0.0,0,0.0,0,0.0,0,0.0,0
2012-10-15T09:17:00.500,2319,12374,2318.8,20,0.0,0,0.0,0,0.0,0,0.0,0,2319,1,0.0,0,0.0,0,0.0,0,0.0,0
2012-10-15T09:17:01.000,2318.6,12414,2318.6,51,0.0,0,0.0,0,0.0,0,0.0,0,2318.8,20,0.0,0,0.0,0,0.0,0,0.0,0
2012-10-15T09:17:01.500,2318.6,12483,2318.4,6,0.0,0,0.0,0,0.0,0,0.0,0,2318.6,8,0.0,0,0.0,0,0.0,0,0.0,0
2012-10-15T09:17:02.000,2318.4,12540,2318,13,0.0,0,0.0,0,0.0,0,0.0,0,2318.4,63,0.0,0,0.0,0,0.0,0,0.0,0
2012-10-15T09:17:02.500,2318.2,12568,2317.4,2,0.0,0,0.0,0,0.0,0,0.0,0,2318.2,55,0.0,0,0.0,0,0.0,0,0.0,0
2012-10-15T09:17:03.000,2317.2,12578,2317.2,4,0.0,0,0.0,0,0.0,0,0.0,0,2317.4,2,0.0,0,0.0,0,0.0,0,0.0,0
2012-10-15T09:17:03.500,2317.2,12612,2317.4,23,0.0,0,0.0,0,0.0,0,0.0,0,2317.6,20,0.0,0,0.0,0,0.0,0,0.0,0
2012-10-15T09:17:04.000,2317.6,12672,2317.6,14,0.0,0,0.0,0,0.0,0,0.0,0,2317.8,38,0.0,0,0.0,0,0.0,0,0.0,0
2012-10-15T09:17:04.500,2317.6,12731,2317.6,15,0.0,0,0.0,0,0.0,0,0.0,0,2318,9,0.0,0,0.0,0,0.0,0,0.0,0
2012-10-15T09:17:05.000,2317.8,12760,2317.8,4,0.0,0,0.0,0,0.0,0,0.0,0,2318,1,0.0,0,0.0,0,0.0,0,0.0,0
2012-10-15T09:17:05.500,2318,12823,2318,21,0.0,0,0.0,0,0.0,0,0.0,0,2318.4,36,0.0,0,0.0,0,0.0,0,0.0,0
2012-10-15T09:17:06.000,2318.2,12854,2318,66,0.0,0,0.0,0,0.0,0,0.0,0,2318.2,3,0.0,0,0.0,0,0.0,0,0.0,0
2012-10-15T09:17:06.500,2318.6,12897,2318.4,20,0.0,0,0.0,0,0.0,0,0.0,0,2318.6,5,0.0,0,0.0,0,0.0,0,0.0,0
2012-10-15T09:17:07.000,2318.8,12923,2318.8,67,0.0,0,0.0,0,0.0,0,0.0,0,2319,25,0.0,0,0.0,0,0.0,0,0.0,0
2012-10-15T09:17:07.500,2319.2,12971,2319.2,10,0.0,0,0.0,0,0.0,0,0.0,0,2319.4,27,0.0,0,0.0,0,0.0,0,0.0,0
2012-10-15T09:17:08.000,2319.8,13007,2319.6,8,0.0,0,0.0,0,0.0,0,0.0,0,2319.8,60,0.0,0,0.0,0,0.0,0,0.0,0
2012-10-15T09:17:08.500,2319.8,13044,2319.4,51,0.0,0,0.0,0,0.0,0,0.0,0,2319.8,40,0.0,0,0.0,0,0.0,0,0.0,0
2012-10-15T09:17:09.000,2319.8,13077,2319.6,3,0.0,0,0.0,0,0.0,0,0.0,0,2319.8,22,0.0,0,0.0,0,0.0,0,0.0,0
2012-10-15T09:17:09.500,2319.4,13098,2319.4,22,0.0,0,0.0,0,0.0,0,0.0,0,2319.6,1,0.0,0,0.0,0,0.0,0,0.0,0
2012-10-15T09:17:10.000,2319.6,13128,2319.4,17,0.0,0,0.0,0,0.0,0,0.0,0,2319.6,5,0.0,0,0.0,0,0.0,0,0.0,0
2012-10-15T09:17:10.500,2319.6,13158,2319.2,6,0.0,0,0.0,0,0.0,0,0.0,0,2319.4,1,0.0,0,0.0,0,0.0,0,0.0,0
2012-10-15T09:17:11.000,2319.8,13191,2319.8,21,0.0,0,0.0,0,0.0,0,0.0,0,2320,71,0.0,0,0.0,0,0.0,0,0.0,0
2012-10-15T09:17:11.500,2319.8,13209,2319.8,5,0.0,0,0.0,0,0.0,0,0.0,0,2320,72,0.0,0,0.0,0,0.0,0,0.0,0
2012-10-15T09:17:12.000,2319.8,13227,2319.2,5,0.0,0,0.0,0,0.0,0,0.0,0,2320,65,0.0,0,0.0,0,0.0,0,0.0,0
2012-10-15T09:17:12.500,2319.4,13260,2319.4,8,0.0,0,0.0,0,0.0,0,0.0,0,2319.8,30,0.0,0,0.0,0,0.0,0,0.0,0
2012-10-15T09:17:13.000,2319.6,13283,2319.4,13,0.0,0,0.0,0,0.0,0,0.0,0,2319.8,25,0.0,0,0.0,0,0.0,0,0.0,0
2012-10-15T09:17:13.500,2319.4,13287,2319.4,10,0.0,0,0.0,0,0.0,0,0.0,0,2319.8,24,0.0,0,0.0,0,0.0,0,0.0,0
2012-10-15T09:17:14.000,2319.6,13294,2319.4,5,0.0,0,0.0,0,0.0,0,0.0,0,2319.6,4,0.0,0,0.0,0,0.0,0,0.0,0
2012-10-15T09:17:14.500,2319.8,13308,2319.2,25,0.0,0,0.0,0,0.0,0,0.0,0,2319.8,14,0.0,0,0.0,0,0.0,0,0.0,0
2012-10-15T09:17:15.000,2319.4,13315,2319.2,25,0.0,0,0.0,0,0.0,0,0.0,0,2319.6,2,0.0,0,0.0,0,0.0,0,0.0,0
2012-10-15T09:17:15.500,2319.2,13323,2319.2,34,0.0,0,0.0,0,0.0,0,0.0,0,2319.4,22,0.0,0,0.0,0,0.0,0,0.0,0
2012-10-15T09:17:16.000,2319.4,13357,2319.2,11,0.0,0,0.0,0,0.0,0,0.0,0,2319.4,14,0.0,0,0.0,0,0.0,0,0.0,0
2012-10-15T09:17:16.500,2319,13374,2319,32,0.0,0,0.0,0,0.0,0,0.0,0,2319.2,24,0.0,0,0.0,0,0.0,0,0.0,0
2012-10-15T09:17:17.000,2319.2,13391,2319,22,0.0,0,0.0,0,0.0,0,0.0,0,2319.2,14,0.0,0,0.0,0,0.0,0,0.0,0
2012-10-15T09:17:17.500,2319,13396,2319,16,0.0,0,0.0,0,0.0,0,0.0,0,2319.2,19,0.0,0,0.0,0,0.0,0,0.0,0
2012-10-15T09:17:18.000,2319,13411,2319,20,0.0,0,0.0,0,0.0,0,0.0,0,2319.2,12,0.0,0,0.0,0,0.0,0,0.0,0
2012-10-15T09:17:18.500,2319,13417,2319,28,0.0,0,0.0,0,0.0,0,0.0,0,2319.2,12,0.0,0,0.0,0,0.0,0,0.0,0
2012-10-15T09:17:19.000,2319.2,13443,2319,14,0.0,0,0.0,0,0.0,0,0.0,0,2319.2,9,0.0,0,0.0,0,0.0,0,0.0,0
2012-10-15T09:17:19.500,2319,13485,2318.8,4,0.0,0,0.0,0,0.0,0,0.0,0,2319,19,0.0,0,0.0,0,0.0,0,0.0,0
2012-10-15T09:17:20.000,2318.8,13488,2318.8,2,0.0,0,0.0,0,0.0,0,0.0,0,2319,24,0.0,0,0.0,0,0.0,0,0.0,0
2012-10-15T09:17:20.500,2319,13493,2318.8,21,0.0,0,0.0,0,0.0,0,0.0,0,2319,21,0.0,0,0.0,0,0.0,0,0.0,0
2012-10-15T09:17:21.000,2318.8,13521,2318.6,16,0.0,0,0.0,0,0.0,0,0.0,0,2318.8,13,0.0,0,0.0,0,0.0,0,0.0,0
2012-10-15T09:17:21.500,2318.8,13523,2318.6,16,0.0,0,0.0,0,0.0,0,0.0,0,2318.8,20,0.0,0,0.0,0,0.0,0,0.0,0
2012-10-15T09:17:22.000,2318.6,13533,2318.6,9,0.0,0,0.0,0,0.0,0,0.0,0,2318.8,37,0.0,0,0.0,0,0.0,0,0.0,0
2012-10-15T09:17:22.500,2318.6,13545,2318.4,4,0.0,0,0.0,0,0.0,0,0.0,0,2318.6,11,0.0,0,0.0,0,0.0,0,0.0,0
2012-10-15T09:17:23.000,2318.4,13549,2318.4,3,0.0,0,0.0,0,0.0,0,0.0,0,2318.6,18,0.0,0,0.0,0,0.0,0,0.0,0
2012-10-15T09:17:23.500,2318.4,13556,2318.2,27,0.0,0,0.0,0,0.0,0,0.0,0,2318.4,17,0.0,0,0.0,0,0.0,0,0.0,0
2012-10-15T09:17:24.000,2318.2,13562,2318.2,24,0.0,0,0.0,0,0.0,0,0.0,0,2318.4,16,0.0,0,0.0,0,0.0,0,0.0,0
2012-10-15T09:17:24.500,2318.2,13564,2318.2,22,0.0,0,0.0,0,0.0,0,0.0,0,2318.4,16,0.0,0,0.0,0,0.0,0,0.0,0
2012-10-15T09:17:25.000,2318.4,13571,2318.2,16,0.0,0,0.0,0,0.0,0,0.0,0,2318.4,17,0.0,0,0.0,0,0.0,0,0.0,0
2012-10-15T09:17:25.500,2318.2,13589,2318,27,0.0,0,0.0,0,0.0,0,0.0,0,2318.2,5,0.0,0,0.0,0,0.0,0,0.0,0
2012-10-15T09:17:26.000,2318.4,13601,2318.2,12,0.0,0,0.0,0,0.0,0,0.0,0,2318.4,5,0.0,0,0.0,0,0.0,0,0.0,0
2012-10-15T09:17:26.500,2318.2,13613,2318.2,2,0.0,0,0.0,0,0.0,0,0.0,0,2318.4,5,0.0,0,0.0,0,0.0,0,0.0,0
2012-10-15T09:17:27.000,2318.4,13666,2318,28,0.0,0,0.0,0,0.0,0,0.0,0,2318.2,1,0.0,0,0.0,0,0.0,0,0.0,0
2012-10-15T09:17:27.500,2318.2,13685,2318.2,9,0.0,0,0.0,0,0.0,0,0.0,0,2318.8,19,0.0,0,0.0,0,0.0,0,0.0,0
2012-10-15T09:17:28.000,2318.2,13701,2318.4,1,0.0,0,0.0,0,0.0,0,0.0,0,2318.8,13,0.0,0,0.0,0,0.0,0,0.0,0
2012-10-15T09:17:28.500,2318.2,13719,2318.4,1,0.0,0,0.0,0,0.0,0,0.0,0,2318.8,8,0.0,0,0.0,0,0.0,0,0.0,0
2012-10-15T09:17:29.000,2318.4,13732,2318.4,15,0.0,0,0.0,0,0.0,0,0.0,0,2318.8,6,0.0,0,0.0,0,0.0,0,0.0,0
2012-10-15T09:17:29.500,2318.4,13748,2318.6,17,0.0,0,0.0,0,0.0,0,0.0,0,2319,35,0.0,0,0.0,0,0.0,0,0.0,0
2012-10-15T09:17:30.000,2319,13828,2319,8,0.0,0,0.0,0,0.0,0,0.0,0,2319.2,5,0.0,0,0.0,0,0.0,0,0.0,0
2012-10-15T09:17:30.500,2318.8,13844,2319,15,0.0,0,0.0,0,0.0,0,0.0,0,2319.4,4,0.0,0,0.0,0,0.0,0,0.0,0
2012-10-15T09:17:31.000,2319.8,13853,2319.4,4,0.0,0,0.0,0,0.0,0,0.0,0,2319.8,21,0.0,0,0.0,0,0.0,0,0.0,0
2012-10-15T09:17:31.500,2319.6,13884,2319.6,13,0.0,0,0.0,0,0.0,0,0.0,0,2319.8,9,0.0,0,0.0,0,0.0,0,0.0,0
2012-10-15T09:17:32.000,2319.6,13912,2319.6,6,0.0,0,0.0,0,0.0,0,0.0,0,2320,127,0.0,0,0.0,0,0.0,0,0.0,0
2012-10-15T09:17:32.500,2320,13925,2319.4,4,0.0,0,0.0,0,0.0,0,0.0,0,2320,126,0.0,0,0.0,0,0.0,0,0.0,0
2012-10-15T09:17:33.000,2319.6,13934,2319.2,9,0.0,0,0.0,0,0.0,0,0.0,0,2319.6,48,0.0,0,0.0,0,0.0,0,0.0,0
2012-10-15T09:17:33.500,2319.6,13941,2319.2,10,0.0,0,0.0,0,0.0,0,0.0,0,2319.4,12,0.0,0,0.0,0,0.0,0,0.0,0
2012-10-15T09:17:34.000,2319.2,13978,2319,1,0.0,0,0.0,0,0.0,0,0.0,0,2319.2,2,0.0,0,0.0,0,0.0,0,0.0,0
2012-10-15T09:17:34.500,2319,13992,2319,9,0.0,0,0.0,0,0.0,0,0.0,0,2319.2,19,0.0,0,0.0,0,0.0,0,0.0,0
2012-10-15T09:17:35.000,2319,14006,2318.8,10,0.0,0,0.0,0,0.0,0,0.0,0,2319,2,0.0,0,0.0,0,0.0,0,0.0,0
2012-10-15T09:17:35.500,2319.2,14027,2319,3,0.0,0,0.0,0,0.0,0,0.0,0,2319.4,9,0.0,0,0.0,0,0.0,0,0.0,0
2012-10-15T09:17:36.000,2319.4,14034,2318.8,8,0.0,0,0.0,0,0.0,0,0.0,0,2319.4,7,0.0,0,0.0,0,0.0,0,0.0,0
2012-10-15T09:17:36.500,2318.8,14041,2319,5,0.0,0,0.0,0,0.0,0,0.0,0,2319.4,7,0.0,0,0.0,0,0.0,0,0.0,0
2012-10-15T09:17:37.000,2319.4,14044,2319,4,0.0,0,0.0,0,0.0,0,0.0,0,2319.4,5,0.0,0,0.0,0,0.0,0,0.0,0
2012-10-15T09:17:37.500,2318.8,14054,2318.6,1,0.0,0,0.0,0,0.0,0,0.0,0,2319.4,4,0.0,0,0.0,0,0.0,0,0.0,0
2012-10-15T09:17:38.000,2318.8,14081,2318.4,8,0.0,0,0.0,0,0.0,0,0.0,0,2318.8,13,0.0,0,0.0,0,0.0,0,0.0,0
2012-10-15T09:17:38.500,2318.4,14093,2318.4,7,0.0,0,0.0,0,0.0,0,0.0,0,2318.6,3,0.0,0,0.0,0,0.0,0,0.0,0
2012-10-15T09:17:39.000,2318.6,14099,2318.4,3,0.0,0,0.0,0,0.0,0,0.0,0,2318.6,1,0.0,0,0.0,0,0.0,0,0.0,0
2012-10-15T09:17:39.500,2319.4,14119,2319.4,59,0.0,0,0.0,0,0.0,0,0.0,0,2319.6,55,0.0,0,0.0,0,0.0,0,0.0,0
2012-10-15T09:17:40.000,2319.6,14134,2319.4,49,0.0,0,0.0,0,0.0,0,0.0,0,2319.6,54,0.0,0,0.0,0,0.0,0,0.0,0
2012-10-15T09:17:40.500,2319.4,14155,2319.4,33,0.0,0,0.0,0,0.0,0,0.0,0,2319.6,50,0.0,0,0.0,0,0.0,0,0.0,0
2012-10-15T09:17:41.000,2319.4,14164,2319.4,29,0.0,0,0.0,0,0.0,0,0.0,0,2319.6,49,0.0,0,0.0,0,0.0,0,0.0,0
2012-10-15T09:17:41.500,2319.4,14193,2319.4,7,0.0,0,0.0,0,0.0,0,0.0,0,2319.6,42,0.0,0,0.0,0,0.0,0,0.0,0
2012-10-15T09:17:42.000,2319.4,14223,2319,1,0.0,0,0.0,0,0.0,0,0.0,0,2319.4,7,0.0,0,0.0,0,0.0,0,0.0,0
2012-10-15T09:17:42.500,2319,14284,2319,12,0.0,0,0.0,0,0.0,0,0.0,0,2319.2,1,0.0,0,0.0,0,0.0,0,0.0,0
2012-10-15T09:17:43.000,2319.2,14302,2319.2,1,0.0,0,0.0,0,0.0,0,0.0,0,2319.4,13,0.0,0,0.0,0,0.0,0,0.0,0
2012-10-15T09:17:43.500,2319.2,14306,2319.2,5,0.0,0,0.0,0,0.0,0,0.0,0,2319.4,14,0.0,0,0.0,0,0.0,0,0.0,0
2012-10-15T09:17:44.000,2319,14313,2319,5,0.0,0,0.0,0,0.0,0,0.0,0,2319.2,8,0.0,0,0.0,0,0.0,0,0.0,0
2012-10-15T09:17:44.500,2319,14332,2318.8,5,0.0,0,0.0,0,0.0,0,0.0,0,2319.2,1,0.0,0,0.0,0,0.0,0,0.0,0
2012-10-15T09:17:45.250,2319,14335,2318.8,5,0.0,0,0.0,0,0.0,0,0.0,0,2319,10,0.0,0,0.0,0,0.0,0,0.0,0
2012-10-15T09:17:46.000,2318.6,14343,2318.6,15,0.0,0,0.0,0,0.0,0,0.0,0,2319,12,0.0,0,0.0,0,0.0,0,0.0,0
2012-10-15T09:17:46.500,2319,14346,2318.6,15,0.0,0,0.0,0,0.0,0,0.0,0,2318.8,14,0.0,0,0.0,0,0.0,0,0.0,0
2012-10-15T09:17:47.000,2318.6,14355,2318.6,9,0.0,0,0.0,0,0.0,0,0.0,0,2318.8,15,0.0,0,0.0,0,0.0,0,0.0,0
2012-10-15T09:17:47.500,2318.6,14375,2318.4,15,0.0,0,0.0,0,0.0,0,0.0,0,2318.6,3,0.0,0,0.0,0,0.0,0,0.0,0
2012-10-15T09:17:48.000,2318.4,14387,2318.4,7,0.0,0,0.0,0,0.0,0,0.0,0,2318.6,16,0.0,0,0.0,0,0.0,0,0.0,0
2012-10-15T09:17:48.500,2318.6,14399,2318.4,2,0.0,0,0.0,0,0.0,0,0.0,0,2318.6,19,0.0,0,0.0,0,0.0,0,0.0,0
2012-10-15T09:17:49.000,2318.6,14442,2318.6,27,0.0,0,0.0,0,0.0,0,0.0,0,2318.8,3,0.0,0,0.0,0,0.0,0,0.0,0
2012-10-15T09:17:49.500,2318.6,14458,2318.6,20,0.0,0,0.0,0,0.0,0,0.0,0,2318.8,2,0.0,0,0.0,0,0.0,0,0.0,0
2012-10-15T09:17:50.000,2319,14473,2318.8,57,0.0,0,0.0,0,0.0,0,0.0,0,2319,24,0.0,0,0.0,0,0.0,0,0.0,0
2012-10-15T09:17:50.500,2319,14496,2318.8,48,0.0,0,0.0,0,0.0,0,0.0,0,2319,9,0.0,0,0.0,0,0.0,0,0.0,0
2012-10-15T09:17:51.000,2319,14509,2319,60,0.0,0,0.0,0,0.0,0,0.0,0,2319.2,26,0.0,0,0.0,0,0.0,0,0.0,0
2012-10-15T09:17:51.500,2319.2,14540,2319,41,0.0,0,0.0,0,0.0,0,0.0,0,2319.2,1,0.0,0,0.0,0,0.0,0,0.0,0
2012-10-15T09:17:52.000,2319.2,14543,2319.2,3,0.0,0,0.0,0,0.0,0,0.0,0,2319.4,33,0.0,0,0.0,0,0.0,0,0.0,0
2012-10-15T09:17:52.500,2319.6,14589,2319,44,0.0,0,0.0,0,0.0,0,0.0,0,2319.6,3,0.0,0,0.0,0,0.0,0,0.0,0
2012-10-15T09:17:53.000,2319.6,14601,2319.4,14,0.0,0,0.0,0,0.0,0,0.0,0,2319.6,5,0.0,0,0.0,0,0.0,0,0.0,0
2012-10-15T09:17:53.500,2319.4,14616,2319.4,8,0.0,0,0.0,0,0.0,0,0.0,0,2319.8,91,0.0,0,0.0,0,0.0,0,0.0,0
2012-10-15T09:17:54.000,2319,14627,2319,30,0.0,0,0.0,0,0.0,0,0.0,0,2319.6,6,0.0,0,0.0,0,0.0,0,0.0,0
2012-10-15T09:17:54.500,2319.4,14636,2319.2,3,0.0,0,0.0,0,0.0,0,0.0,0,2319.4,19,0.0,0,0.0,0,0.0,0,0.0,0
2012-10-15T09:17:55.000,2319.4,14675,2319.4,2,0.0,0,0.0,0,0.0,0,0.0,0,2319.6,4,0.0,0,0.0,0,0.0,0,0.0,0
2012-10-15T09:17:55.500,2319.6,14684,2319.2,4,0.0,0,0.0,0,0.0,0,0.0,0,2319.4,2,0.0,0,0.0,0,0.0,0,0.0,0
2012-10-15T09:17:56.000,2319.4,14690,2319.2,3,0.0,0,0.0,0,0.0,0,0.0,0,2319.4,4,0.0,0,0.0,0,0.0,0,0.0,0
2012-10-15T09:17:56.500,2319.4,14696,2319.4,12,0.0,0,0.0,0,0.0,0,0.0,0,2319.6,11,0.0,0,0.0,0,0.0,0,0.0,0
2012-10-15T09:17:57.000,2319.4,14716,2319.4,1,0.0,0,0.0,0,0.0,0,0.0,0,2319.6,7,0.0,0,0.0,0,0.0,0,0.0,0
2012-10-15T09:17:57.500,2319.4,14725,2319.2,1,0.0,0,0.0,0,0.0,0,0.0,0,2319.4,4,0.0,0,0.0,0,0.0,0,0.0,0
2012-10-15T09:17:58.000,2319.2,14729,2319,24,0.0,0,0.0,0,0.0,0,0.0,0,2319.2,1,0.0,0,0.0,0,0.0,0,0.0,0
2012-10-15T09:17:58.500,2319.2,14736,2319,23,0.0,0,0.0,0,0.0,0,0.0,0,2319.2,2,0.0,0,0.0,0,0.0,0,0.0,0
2012-10-15T09:17:59.000,2319,14746,2319,13,0.0,0,0.0,0,0.0,0,0.0,0,2319.2,8,0.0,0,0.0,0,0.0,0,0.0,0
2012-10-15T09:17:59.500,2319.2,14759,2319,12,0.0,0,0.0,0,0.0,0,0.0,0,2319.4,7,0.0,0,0.0,0,0.0,0,0.0,0
2012-10-15T09:18:00.000,2319.6,14776,2319,19,0.0,0,0.0,0,0.0,0,0.0,0,2319.6,14,0.0,0,0.0,0,0.0,0,0.0,0
2012-10-15T09:18:00.500,2319.4,14800,2319.2,9,0.0,0,0.0,0,0.0,0,0.0,0,2319.4,13,0.0,0,0.0,0,0.0,0,0.0,0
2012-10-15T09:18:01.000,2319.6,14814,2319.2,9,0.0,0,0.0,0,0.0,0,0.0,0,2319.6,21,0.0,0,0.0,0,0.0,0,0.0,0
2012-10-15T09:18:01.500,2319.6,14830,2319.2,8,0.0,0,0.0,0,0.0,0,0.0,0,2319.4,7,0.0,0,0.0,0,0.0,0,0.0,0
2012-10-15T09:18:02.000,2319.6,14859,2319.6,1,0.0,0,0.0,0,0.0,0,0.0,0,2319.8,134,0.0,0,0.0,0,0.0,0,0.0,0
2012-10-15T09:18:02.500,2319.6,14872,2319.6,5,0.0,0,0.0,0,0.0,0,0.0,0,2319.8,135,0.0,0,0.0,0,0.0,0,0.0,0
2012-10-15T09:18:03.000,2319.6,14897,2319,19,0.0,0,0.0,0,0.0,0,0.0,0,2319.6,33,0.0,0,0.0,0,0.0,0,0.0,0
2012-10-15T09:18:03.500,2319,14907,2319,22,0.0,0,0.0,0,0.0,0,0.0,0,2319.6,27,0.0,0,0.0,0,0.0,0,0.0,0
2012-10-15T09:18:04.000,2319.2,14918,2319.2,8,0.0,0,0.0,0,0.0,0,0.0,0,2319.4,1,0.0,0,0.0,0,0.0,0,0.0,0
2012-10-15T09:18:04.500,2319.2,14936,2319.2,3,0.0,0,0.0,0,0.0,0,0.0,0,2319.6,32,0.0,0,0.0,0,0.0,0,0.0,0
2012-10-15T09:18:05.000,2319.4,14947,2319.4,1,0.0,0,0.0,0,0.0,0,0.0,0,2319.6,25,0.0,0,0.0,0,0.0,0,0.0,0
2012-10-15T09:18:05.500,2319.2,14951,2319,19,0.0,0,0.0,0,0.0,0,0.0,0,2319.2,9,0.0,0,0.0,0,0.0,0,0.0,0
2012-10-15T09:18:06.000,2319.4,14964,2319.2,8,0.0,0,0.0,0,0.0,0,0.0,0,2319.4,2,0.0,0,0.0,0,0.0,0,0.0,0
2012-10-15T09:18:06.500,2319.2,14968,2319.2,12,0.0,0,0.0,0,0.0,0,0.0,0,2319.4,2,0.0,0,0.0,0,0.0,0,0.0,0
2012-10-15T09:18:07.000,2319.2,14975,2319.2,12,0.0,0,0.0,0,0.0,0,0.0,0,2319.4,3,0.0,0,0.0,0,0.0,0,0.0,0
2012-10-15T09:18:07.500,2319.2,14980,2319.2,7,0.0,0,0.0,0,0.0,0,0.0,0,2319.4,3,0.0,0,0.0,0,0.0,0,0.0,0
2012-10-15T09:18:08.000,2319.4,14985,2319.4,3,0.0,0,0.0,0,0.0,0,0.0,0,2319.6,11,0.0,0,0.0,0,0.0,0,0.0,0
2012-10-15T09:18:08.500,2319.4,14987,2319.4,1,0.0,0,0.0,0,0.0,0,0.0,0,2319.6,11,0.0,0,0.0,0,0.0,0,0.0,0
2012-10-15T09:18:09.000,2319.4,14993,2319.2,13,0.0,0,0.0,0,0.0,0,0.0,0,2319.4,8,0.0,0,0.0,0,0.0,0,0.0,0
2012-10-15T09:18:09.500,2319.4,15004,2319.4,9,0.0,0,0.0,0,0.0,0,0.0,0,2319.6,9,0.0,0,0.0,0,0.0,0,0.0,0
2012-10-15T09:18:10.000,2319.6,15020,2319.6,5,0.0,0,0.0,0,0.0,0,0.0,0,2319.8,131,0.0,0,0.0,0,0.0,0,0.0,0
2012-10-15T09:18:10.500,2319.6,15029,2319.6,4,0.0,0,0.0,0,0.0,0,0.0,0,2319.8,127,0.0,0,0.0,0,0.0,0,0.0,0
2012-10-15T09:18:11.000,2319.6,15047,2319.6,2,0.0,0,0.0,0,0.0,0,0.0,0,2319.8,116,0.0,0,0.0,0,0.0,0,0.0,0
2012-10-15T09:18:11.500,2319.8,15055,2319.6,2,0.0,0,0.0,0,0.0,0,0.0,0,2319.8,109,0.0,0,0.0,0,0.0,0,0.0,0
2012-10-15T09:18:12.000,2319.8,15092,2319.6,2,0.0,0,0.0,0,0.0,0,0.0,0,2319.8,74,0.0,0,0.0,0,0.0,0,0.0,0
2012-10-15T09:18:12.500,2320,15173,2319.8,5,0.0,0,0.0,0,0.0,0,0.0,0,2320,143,0.0,0,0.0,0,0.0,0,0.0,0
2012-10-15T09:18:13.000,2320,15237,2319.8,51,0.0,0,0.0,0,0.0,0,0.0,0,2320,86,0.0,0,0.0,0,0.0,0,0.0,0
2012-10-15T09:18:13.500,2320,15257,2319.8,49,0.0,0,0.0,0,0.0,0,0.0,0,2320,71,0.0,0,0.0,0,0.0,0,0.0,0
2012-10-15T09:18:14.000,2320.2,15341,2320,38,0.0,0,0.0,0,0.0,0,0.0,0,2320.2,16,0.0,0,0.0,0,0.0,0,0.0,0
2012-10-15T09:18:14.500,2319.8,15416,2319.8,32,0.0,0,0.0,0,0.0,0,0.0,0,2320,29,0.0,0,0.0,0,0.0,0,0.0,0
2012-10-15T09:18:15.000,2319.8,15493,2319.6,2,0.0,0,0.0,0,0.0,0,0.0,0,2319.8,17,0.0,0,0.0,0,0.0,0,0.0,0
2012-10-15T09:18:15.500,2319.4,15506,2319.4,6,0.0,0,0.0,0,0.0,0,0.0,0,2319.6,9,0.0,0,0.0,0,0.0,0,0.0,0
2012-10-15T09:18:16.000,2319.4,15514,2319.2,2,0.0,0,0.0,0,0.0,0,0.0,0,2319.4,7,0.0,0,0.0,0,0.0,0,0.0,0
2012-10-15T09:18:16.500,2319.6,15527,2319.2,2,0.0,0,0.0,0,0.0,0,0.0,0,2319.6,17,0.0,0,0.0,0,0.0,0,0.0,0
2012-10-15T09:18:17.000,2319.2,15538,2319,34,0.0,0,0.0,0,0.0,0,0.0,0,2319.4,10,0.0,0,0.0,0,0.0,0,0.0,0
2012-10-15T09:18:17.500,2319.4,15545,2319,36,0.0,0,0.0,0,0.0,0,0.0,0,2319.2,2,0.0,0,0.0,0,0.0,0,0.0,0
2012-10-15T09:18:18.000,2319.4,15567,2319,19,0.0,0,0.0,0,0.0,0,0.0,0,2319.2,3,0.0,0,0.0,0,0.0,0,0.0,0
2012-10-15T09:18:18.500,2319.2,15599,2319.2,1,0.0,0,0.0,0,0.0,0,0.0,0,2319.4,1,0.0,0,0.0,0,0.0,0,0.0,0
2012-10-15T09:18:19.000,2319.4,15608,2319.4,6,0.0,0,0.0,0,0.0,0,0.0,0,2319.8,22,0.0,0,0.0,0,0.0,0,0.0,0
2012-10-15T09:18:19.500,2319.4,15611,2319.4,10,0.0,0,0.0,0,0.0,0,0.0,0,2319.6,10,0.0,0,0.0,0,0.0,0,0.0,0
2012-10-15T09:18:20.000,2319.6,15623,2319.4,3,0.0,0,0.0,0,0.0,0,0.0,0,2319.6,2,0.0,0,0.0,0,0.0,0,0.0,0
2012-10-15T09:18:20.500,2319.4,15630,2319.2,2,0.0,0,0.0,0,0.0,0,0.0,0,2319.4,5,0.0,0,0.0,0,0.0,0,0.0,0
2012-10-15T09:18:21.000,2319.4,15634,2319.2,1,0.0,0,0.0,0,0.0,0,0.0,0,2319.4,2,0.0,0,0.0,0,0.0,0,0.0,0
2012-10-15T09:18:21.500,2319.4,15637,2319.2,6,0.0,0,0.0,0,0.0,0,0.0,0,2319.8,26,0.0,0,0.0,0,0.0,0,0.0,0
2012-10-15T09:18:22.000,2319.6,15646,2319,16,0.0,0,0.0,0,0.0,0,0.0,0,2319.2,1,0.0,0,0.0,0,0.0,0,0.0,0
2012-10-15T09:18:22.500,2319.2,15649,2319,15,0.0,0,0.0,0,0.0,0,0.0,0,2319.6,17,0.0,0,0.0,0,0.0,0,0.0,0
2012-10-15T09:18:23.000,2319,15652,2319,13,0.0,0,0.0,0,0.0,0,0.0,0,2319.2,1,0.0,0,0.0,0,0.0,0,0.0,0
2012-10-15T09:18:23.500,2319,15698,2319,14,0.0,0,0.0,0,0.0,0,0.0,0,2319.4,2,0.0,0,0.0,0,0.0,0,0.0,0
2012-10-15T09:18:24.000,2319,15710,2319,2,0.0,0,0.0,0,0.0,0,0.0,0,2319.2,8,0.0,0,0.0,0,0.0,0,0.0,0
2012-10-15T09:18:24.500,2319.4,15729,2318.8,4,0.0,0,0.0,0,0.0,0,0.0,0,2319,9,0.0,0,0.0,0,0.0,0,0.0,0
2012-10-15T09:18:25.000,2318.6,15742,2318.8,1,0.0,0,0.0,0,0.0,0,0.0,0,2319,7,0.0,0,0.0,0,0.0,0,0.0,0
2012-10-15T09:18:25.500,2318.6,15752,2318.6,2,0.0,0,0.0,0,0.0,0,0.0,0,2318.8,27,0.0,0,0.0,0,0.0,0,0.0,0
2012-10-15T09:18:26.000,2318.6,15759,2318.4,7,0.0,0,0.0,0,0.0,0,0.0,0,2318.6,5,0.0,0,0.0,0,0.0,0,0.0,0
2012-10-15T09:18:26.500,2318.4,15773,2318.4,7,0.0,0,0.0,0,0.0,0,0.0,0,2318.6,5,0.0,0,0.0,0,0.0,0,0.0,0
2012-10-15T09:18:27.000,2318.4,15790,2318.4,2,0.0,0,0.0,0,0.0,0,0.0,0,2318.8,23,0.0,0,0.0,0,0.0,0,0.0,0
2012-10-15T09:18:27.500,2318.2,15803,2318.2,13,0.0,0,0.0,0,0.0,0,0.0,0,2318.4,11,0.0,0,0.0,0,0.0,0,0.0,0
2012-10-15T09:18:28.000,2318.2,15813,2318.2,5,0.0,0,0.0,0,0.0,0,0.0,0,2318.4,13,0.0,0,0.0,0,0.0,0,0.0,0
2012-10-15T09:18:28.500,2318.2,15825,2318,48,0.0,0,0.0,0,0.0,0,0.0,0,2318.2,7,0.0,0,0.0,0,0.0,0,0.0,0
2012-10-15T09:18:29.000,2318.2,15868,2318,6,0.0,0,0.0,0,0.0,0,0.0,0,2318.2,8,0.0,0,0.0,0,0.0,0,0.0,0
2012-10-15T09:18:29.500,2318,15888,2317.8,6,0.0,0,0.0,0,0.0,0,0.0,0,2318,20,0.0,0,0.0,0,0.0,0,0.0,0
2012-10-15T09:18:30.000,2317.6,15908,2317.6,5,0.0,0,0.0,0,0.0,0,0.0,0,2317.8,1,0.0,0,0.0,0,0.0,0,0.0,0
2012-10-15T09:18:30.500,2317.6,15914,2317.4,5,0.0,0,0.0,0,0.0,0,0.0,0,2317.8,1,0.0,0,0.0,0,0.0,0,0.0,0
2012-10-15T09:18:31.000,2317.6,15934,2317.4,7,0.0,0,0.0,0,0.0,0,0.0,0,2317.6,1,0.0,0,0.0,0,0.0,0,0.0,0
2012-10-15T09:18:31.500,2317.6,16022,2316.6,14,0.0,0,0.0,0,0.0,0,0.0,0,2317.6,5,0.0,0,0.0,0,0.0,0,0.0,0
2012-10-15T09:18:32.000,2317.4,16036,2316.8,21,0.0,0,0.0,0,0.0,0,0.0,0,2317.4,18,0.0,0,0.0,0,0.0,0,0.0,0
2012-10-15T09:18:32.500,2317.2,16069,2317,15,0.0,0,0.0,0,0.0,0,0.0,0,2317.2,23,0.0,0,0.0,0,0.0,0,0.0,0
2012-10-15T09:18:33.000,2317,16098,2317,4,0.0,0,0.0,0,0.0,0,0.0,0,2317.2,35,0.0,0,0.0,0,0.0,0,0.0,0
2012-10-15T09:18:33.500,2317,16116,2316.8,9,0.0,0,0.0,0,0.0,0,0.0,0,2317,9,0.0,0,0.0,0,0.0,0,0.0,0
2012-10-15T09:18:34.000,2316.6,16147,2316.6,9,0.0,0,0.0,0,0.0,0,0.0,0,2316.8,9,0.0,0,0.0,0,0.0,0,0.0,0
2012-10-15T09:18:34.500,2316.4,16169,2316.4,7,0.0,0,0.0,0,0.0,0,0.0,0,2316.6,4,0.0,0,0.0,0,0.0,0,0.0,0
2012-10-15T09:18:35.000,2316.2,16183,2316.2,9,0.0,0,0.0,0,0.0,0,0.0,0,2316.6,4,0.0,0,0.0,0,0.0,0,0.0,0
2012-10-15T09:18:35.500,2316.4,16204,2316.2,1,0.0,0,0.0,0,0.0,0,0.0,0,2316.4,4,0.0,0,0.0,0,0.0,0,0.0,0
2012-10-15T09:18:36.000,2316,16219,2316,18,0.0,0,0.0,0,0.0,0,0.0,0,2316.4,4,0.0,0,0.0,0,0.0,0,0.0,0
2012-10-15T09:18:36.500,2316.4,16245,2316.4,49,0.0,0,0.0,0,0.0,0,0.0,0,2316.6,2,0.0,0,0.0,0,0.0,0,0.0,0
2012-10-15T09:18:37.000,2316.6,16259,2316.6,22,0.0,0,0.0,0,0.0,0,0.0,0,2316.8,6,0.0,0,0.0,0,0.0,0,0.0,0
2012-10-15T09:18:37.500,2316.4,16305,2316.8,32,0.0,0,0.0,0,0.0,0,0.0,0,2317,19,0.0,0,0.0,0,0.0,0,0.0,0
2012-10-15T09:18:38.000,2316.8,16388,2316.4,43,0.0,0,0.0,0,0.0,0,0.0,0,2316.8,1,0.0,0,0.0,0,0.0,0,0.0,0
2012-10-15T09:18:38.500,2316.4,16434,2316.4,31,0.0,0,0.0,0,0.0,0,0.0,0,2316.8,3,0.0,0,0.0,0,0.0,0,0.0,0
2012-10-15T09:18:39.000,2316.6,16451,2316.8,2,0.0,0,0.0,0,0.0,0,0.0,0,2317.6,13,0.0,0,0.0,0,0.0,0,0.0,0
2012-10-15T09:18:39.500,2317,16475,2317,7,0.0,0,0.0,0,0.0,0,0.0,0,2317.4,14,0.0,0,0.0,0,0.0,0,0.0,0
2012-10-15T09:18:40.000,2317.4,16520,2317,1,0.0,0,0.0,0,0.0,0,0.0,0,2317.4,5,0.0,0,0.0,0,0.0,0,0.0,0
2012-10-15T09:18:40.500,2317,16540,2316.8,3,0.0,0,0.0,0,0.0,0,0.0,0,2317,49,0.0,0,0.0,0,0.0,0,0.0,0
2012-10-15T09:18:41.000,2317,16577,2316.8,1,0.0,0,0.0,0,0.0,0,0.0,0,2317,30,0.0,0,0.0,0,0.0,0,0.0,0
2012-10-15T09:18:41.500,2316.8,16584,2316.6,4,0.0,0,0.0,0,0.0,0,0.0,0,2316.8,16,0.0,0,0.0,0,0.0,0,0.0,0
2012-10-15T09:18:42.000,2316.8,16602,2316.4,17,0.0,0,0.0,0,0.0,0,0.0,0,2316.8,15,0.0,0,0.0,0,0.0,0,0.0,0
2012-10-15T09:18:42.500,2316.4,16613,2316.4,11,0.0,0,0.0,0,0.0,0,0.0,0,2316.6,6,0.0,0,0.0,0,0.0,0,0.0,0
2012-10-15T09:18:43.000,2316.8,16629,2316.6,2,0.0,0,0.0,0,0.0,0,0.0,0,2316.8,24,0.0,0,0.0,0,0.0,0,0.0,0
2012-10-15T09:18:43.500,2316.8,16631,2316.6,4,0.0,0,0.0,0,0.0,0,0.0,0,2316.8,23,0.0,0,0.0,0,0.0,0,0.0,0
2012-10-15T09:18:44.000,2317,16669,2316.8,3,0.0,0,0.0,0,0.0,0,0.0,0,2317,31,0.0,0,0.0,0,0.0,0,0.0,0
2012-10-15T09:18:44.500,2317,16717,2317.2,1,0.0,0,0.0,0,0.0,0,0.0,0,2317.4,14,0.0,0,0.0,0,0.0,0,0.0,0
2012-10-15T09:18:45.000,2317.4,16728,2317.2,1,0.0,0,0.0,0,0.0,0,0.0,0,2317.4,8,0.0,0,0.0,0,0.0,0,0.0,0
2012-10-15T09:18:45.500,2317.6,16743,2317.6,29,0.0,0,0.0,0,0.0,0,0.0,0,2317.8,2,0.0,0,0.0,0,0.0,0,0.0,0
2012-10-15T09:18:46.000,2317.8,16758,2317.6,29,0.0,0,0.0,0,0.0,0,0.0,0,2317.8,3,0.0,0,0.0,0,0.0,0,0.0,0
2012-10-15T09:18:46.500,2318,16767,2317.8,3,0.0,0,0.0,0,0.0,0,0.0,0,2318,10,0.0,0,0.0,0,0.0,0,0.0,0
2012-10-15T09:18:47.000,2318.2,16784,2317.8,3,0.0,0,0.0,0,0.0,0,0.0,0,2318.2,6,0.0,0,0.0,0,0.0,0,0.0,0
2012-10-15T09:18:47.500,2318.2,16792,2317.8,7,0.0,0,0.0,0,0.0,0,0.0,0,2318.2,4,0.0,0,0.0,0,0.0,0,0.0,0
2012-10-15T09:18:48.000,2317.6,16809,2317.6,18,0.0,0,0.0,0,0.0,0,0.0,0,2317.8,3,0.0,0,0.0,0,0.0,0,0.0,0
2012-10-15T09:18:48.500,2318.6,16831,2318,1,0.0,0,0.0,0,0.0,0,0.0,0,2318.6,1,0.0,0,0.0,0,0.0,0,0.0,0
2012-10-15T09:18:49.000,2318.6,16848,2318.2,1,0.0,0,0.0,0,0.0,0,0.0,0,2318.6,3,0.0,0,0.0,0,0.0,0,0.0,0
2012-10-15T09:18:49.500,2318.4,16854,2318.2,2,0.0,0,0.0,0,0.0,0,0.0,0,2318.6,13,0.0,0,0.0,0,0.0,0,0.0,0
2012-10-15T09:18:50.000,2318,16857,2318,4,0.0,0,0.0,0,0.0,0,0.0,0,2318.4,5,0.0,0,0.0,0,0.0,0,0.0,0
2012-10-15T09:18:50.500,2318.6,16896,2318.6,23,0.0,0,0.0,0,0.0,0,0.0,0,2318.8,18,0.0,0,0.0,0,0.0,0,0.0,0
2012-10-15T09:18:51.000,2318.8,16898,2318.6,22,0.0,0,0.0,0,0.0,0,0.0,0,2318.8,17,0.0,0,0.0,0,0.0,0,0.0,0
2012-10-15T09:18:51.500,2318.6,16902,2318.6,22,0.0,0,0.0,0,0.0,0,0.0,0,2318.8,16,0.0,0,0.0,0,0.0,0,0.0,0
2012-10-15T09:18:52.000,2318.6,16937,2318.6,9,0.0,0,0.0,0,0.0,0,0.0,0,2318.8,3,0.0,0,0.0,0,0.0,0,0.0,0
2012-10-15T09:18:52.500,2318.8,16949,2318.8,1,0.0,0,0.0,0,0.0,0,0.0,0,2319,6,0.0,0,0.0,0,0.0,0,0.0,0
2012-10-15T09:18:53.000,2318.4,16971,2318.2,3,0.0,0,0.0,0,0.0,0,0.0,0,2318.4,6,0.0,0,0.0,0,0.0,0,0.0,0
2012-10-15T09:18:53.500,2318.2,16989,2318,1,0.0,0,0.0,0,0.0,0,0.0,0,2318.2,15,0.0,0,0.0,0,0.0,0,0.0,0
2012-10-15T09:18:54.000,2318.2,16998,2317.8,4,0.0,0,0.0,0,0.0,0,0.0,0,2318.2,1,0.0,0,0.0,0,0.0,0,0.0,0
2012-10-15T09:18:54.500,2318.6,17001,2317.8,3,0.0,0,0.0,0,0.0,0,0.0,0,2318.8,42,0.0,0,0.0,0,0.0,0,0.0,0
2012-10-15T09:18:55.250,2318.6,17005,2318.4,6,0.0,0,0.0,0,0.0,0,0.0,0,2318.6,30,0.0,0,0.0,0,0.0,0,0.0,0
2012-10-15T09:18:56.000,2318.4,17015,2318.2,9,0.0,0,0.0,0,0.0,0,0.0,0,2318.4,10,0.0,0,0.0,0,0.0,0,0.0,0
2012-10-15T09:18:56.500,2318.4,17021,2318.2,4,0.0,0,0.0,0,0.0,0,0.0,0,2318.4,11,0.0,0,0.0,0,0.0,0,0.0,0
2012-10-15T09:18:57.000,2318.2,17042,2318.2,2,0.0,0,0.0,0,0.0,0,0.0,0,2318.6,20,0.0,0,0.0,0,0.0,0,0.0,0
2012-10-15T09:18:57.500,2318.4,17046,2318.4,1,0.0,0,0.0,0,0.0,0,0.0,0,2318.6,18,0.0,0,0.0,0,0.0,0,0.0,0
2012-10-15T09:18:58.000,2318.2,17052,2318.2,10,0.0,0,0.0,0,0.0,0,0.0,0,2318.6,7,0.0,0,0.0,0,0.0,0,0.0,0
2012-10-15T09:18:58.500,2318.6,17061,2318.4,6,0.0,0,0.0,0,0.0,0,0.0,0,2318.6,4,0.0,0,0.0,0,0.0,0,0.0,0
2012-10-15T09:18:59.000,2318.4,17062,2318.4,5,0.0,0,0.0,0,0.0,0,0.0,0,2318.6,5,0.0,0,0.0,0,0.0,0,0.0,0
2012-10-15T09:18:59.500,2318.6,17068,2318.4,3,0.0,0,0.0,0,0.0,0,0.0,0,2318.6,1,0.0,0,0.0,0,0.0,0,0.0,0
2012-10-15T09:19:00.000,2318.2,17086,2318.2,8,0.0,0,0.0,0,0.0,0,0.0,0,2318.4,97,0.0,0,0.0,0,0.0,0,0.0,0
2012-10-15T09:19:00.500,2317.8,17130,2317.6,8,0.0,0,0.0,0,0.0,0,0.0,0,2318.2,27,0.0,0,0.0,0,0.0,0,0.0,0
2012-10-15T09:19:01.000,2318,17146,2317.6,6,0.0,0,0.0,0,0.0,0,0.0,0,2317.8,12,0.0,0,0.0,0,0.0,0,0.0,0
2012-10-15T09:19:01.500,2317.4,17177,2317.4,2,0.0,0,0.0,0,0.0,0,0.0,0,2317.6,3,0.0,0,0.0,0,0.0,0,0.0,0
2012-10-15T09:19:02.000,2317.4,17196,2317.4,5,0.0,0,0.0,0,0.0,0,0.0,0,2317.6,1,0.0,0,0.0,0,0.0,0,0.0,0
2012-10-15T09:19:02.500,2317.4,17199,2317.6,1,0.0,0,0.0,0,0.0,0,0.0,0,2317.8,4,0.0,0,0.0,0,0.0,0,0.0,0
2012-10-15T09:19:03.000,2317.2,17209,2317.2,2,0.0,0,0.0,0,0.0,0,0.0,0,2317.6,9,0.0,0,0.0,0,0.0,0,0.0,0
2012-10-15T09:19:03.500,2317.6,17212,2317.4,1,0.0,0,0.0,0,0.0,0,0.0,0,2317.6,9,0.0,0,0.0,0,0.0,0,0.0,0
2012-10-15T09:19:04.000,2317.2,17222,2317.2,15,0.0,0,0.0,0,0.0,0,0.0,0,2317.4,2,0.0,0,0.0,0,0.0,0,0.0,0
2012-10-15T09:19:04.500,2317.4,17225,2317.4,1,0.0,0,0.0,0,0.0,0,0.0,0,2317.6,7,0.0,0,0.0,0,0.0,0,0.0,0
2012-10-15T09:19:05.000,2317.6,17230,2317.4,1,0.0,0,0.0,0,0.0,0,0.0,0,2317.6,5,0.0,0,0.0,0,0.0,0,0.0,0
2012-10-15T09:19:05.500,2317.4,17234,2317.4,13,0.0,0,0.0,0,0.0,0,0.0,0,2317.6,2,0.0,0,0.0,0,0.0,0,0.0,0
2012-10-15T09:19:06.000,2317.8,17247,2317.4,10,0.0,0,0.0,0,0.0,0,0.0,0,2317.8,16,0.0,0,0.0,0,0.0,0,0.0,0
2012-10-15T09:19:06.500,2317.8,17264,2317.6,1,0.0,0,0.0,0,0.0,0,0.0,0,2318,49,0.0,0,0.0,0,0.0,0,0.0,0
2012-10-15T09:19:07.000,2318,17268,2317.6,1,0.0,0,0.0,0,0.0,0,0.0,0,2318,42,0.0,0,0.0,0,0.0,0,0.0,0
2012-10-15T09:19:07.500,2318,17279,2317.8,6,0.0,0,0.0,0,0.0,0,0.0,0,2318,32,0.0,0,0.0,0,0.0,0,0.0,0
2012-10-15T09:19:08.000,2318,17281,2318,6,0.0,0,0.0,0,0.0,0,0.0,0,2318.2,3,0.0,0,0.0,0,0.0,0,0.0,0
2012-10-15T09:19:08.500,2318.2,17288,2318.2,5,0.0,0,0.0,0,0.0,0,0.0,0,2318.4,100,0.0,0,0.0,0,0.0,0,0.0,0
2012-10-15T09:19:09.000,2318.4,17294,2318.2,34,0.0,0,0.0,0,0.0,0,0.0,0,2318.4,96,0.0,0,0.0,0,0.0,0,0.0,0
2012-10-15T09:19:09.500,2318.2,17347,2318.2,6,0.0,0,0.0,0,0.0,0,0.0,0,2318.6,10,0.0,0,0.0,0,0.0,0,0.0,0
2012-10-15T09:19:10.000,2318.2,17349,2318.4,36,0.0,0,0.0,0,0.0,0,0.0,0,2318.6,10,0.0,0,0.0,0,0.0,0,0.0,0
2012-10-15T09:19:10.500,2318.4,17413,2318.6,1,0.0,0,0.0,0,0.0,0,0.0,0,2318.8,58,0.0,0,0.0,0,0.0,0,0.0,0
2012-10-15T09:19:11.000,2318.6,17419,2318.4,22,0.0,0,0.0,0,0.0,0,0.0,0,2318.6,8,0.0,0,0.0,0,0.0,0,0.0,0
2012-10-15T09:19:11.500,2318.4,17429,2318.4,43,0.0,0,0.0,0,0.0,0,0.0,0,2318.6,1,0.0,0,0.0,0,0.0,0,0.0,0
2012-10-15T09:19:12.000,2318.4,17491,2318.4,11,0.0,0,0.0,0,0.0,0,0.0,0,2318.8,55,0.0,0,0.0,0,0.0,0,0.0,0
2012-10-15T09:19:12.500,2318.8,17493,2318.6,1,0.0,0,0.0,0,0.0,0,0.0,0,2318.8,53,0.0,0,0.0,0,0.0,0,0.0,0
2012-10-15T09:19:13.000,2318.6,17499,2318.4,8,0.0,0,0.0,0,0.0,0,0.0,0,2318.8,57,0.0,0,0.0,0,0.0,0,0.0,0
2012-10-15T09:19:13.500,2318.8,17504,2318.4,8,0.0,0,0.0,0,0.0,0,0.0,0,2318.6,11,0.0,0,0.0,0,0.0,0,0.0,0
2012-10-15T09:19:14.000,2318.2,17524,2318.2,8,0.0,0,0.0,0,0.0,0,0.0,0,2318.4,10,0.0,0,0.0,0,0.0,0,0.0,0
2012-10-15T09:19:14.500,2318.4,17543,2318.2,11,0.0,0,0.0,0,0.0,0,0.0,0,2318.6,5,0.0,0,0.0,0,0.0,0,0.0,0
2012-10-15T09:19:15.000,2318.6,17547,2318.4,5,0.0,0,0.0,0,0.0,0,0.0,0,2318.6,2,0.0,0,0.0,0,0.0,0,0.0,0
2012-10-15T09:19:15.500,2318.6,17550,2318.6,2,0.0,0,0.0,0,0.0,0,0.0,0,2318.8,64,0.0,0,0.0,0,0.0,0,0.0,0
2012-10-15T09:19:16.000,2318.8,17552,2318.6,10,0.0,0,0.0,0,0.0,0,0.0,0,2318.8,64,0.0,0,0.0,0,0.0,0,0.0,0
2012-10-15T09:19:16.500,2318.8,17568,2318.6,6,0.0,0,0.0,0,0.0,0,0.0,0,2318.8,55,0.0,0,0.0,0,0.0,0,0.0,0
2012-10-15T09:19:17.000,2318.8,17571,2318.6,6,0.0,0,0.0,0,0.0,0,0.0,0,2318.8,55,0.0,0,0.0,0,0.0,0,0.0,0
2012-10-15T09:19:17.500,2318.8,17591,2318.6,4,0.0,0,0.0,0,0.0,0,0.0,0,2318.8,40,0.0,0,0.0,0,0.0,0,0.0,0
2012-10-15T09:19:18.000,2318.6,17592,2318.6,3,0.0,0,0.0,0,0.0,0,0.0,0,2318.8,40,0.0,0,0.0,0,0.0,0,0.0,0
2012-10-15T09:19:18.500,2318.8,17623,2318.6,1,0.0,0,0.0,0,0.0,0,0.0,0,2318.8,12,0.0,0,0.0,0,0.0,0,0.0,0
2012-10-15T09:19:19.000,2318.8,17641,2318.4,2,0.0,0,0.0,0,0.0,0,0.0,0,2319,12,0.0,0,0.0,0,0.0,0,0.0,0
2012-10-15T09:19:19.500,2318.8,17651,2318.6,13,0.0,0,0.0,0,0.0,0,0.0,0,2318.8,1,0.0,0,0.0,0,0.0,0,0.0,0
2012-10-15T09:19:20.000,2318.4,17675,2318.2,7,0.0,0,0.0,0,0.0,0,0.0,0,2318.6,1,0.0,0,0.0,0,0.0,0,0.0,0
2012-10-15T09:19:20.500,2318.6,17681,2318.4,4,0.0,0,0.0,0,0.0,0,0.0,0,2318.6,3,0.0,0,0.0,0,0.0,0,0.0,0
2012-10-15T09:19:21.000,2318.6,17707,2318.6,7,0.0,0,0.0,0,0.0,0,0.0,0,2319,13,0.0,0,0.0,0,0.0,0,0.0,0
2012-10-15T09:19:21.500,2318.6,17714,2318.6,6,0.0,0,0.0,0,0.0,0,0.0,0,2318.8,2,0.0,0,0.0,0,0.0,0,0.0,0
2012-10-15T09:19:22.000,2319,17729,2319,6,0.0,0,0.0,0,0.0,0,0.0,0,2319.2,11,0.0,0,0.0,0,0.0,0,0.0,0
2012-10-15T09:19:22.500,2319,17732,2319,4,0.0,0,0.0,0,0.0,0,0.0,0,2319.2,15,0.0,0,0.0,0,0.0,0,0.0,0
2012-10-15T09:19:23.000,2318.6,17750,2318.6,3,0.0,0,0.0,0,0.0,0,0.0,0,2319.2,15,0.0,0,0.0,0,0.0,0,0.0,0
2012-10-15T09:19:23.500,2319,17758,2318.6,5,0.0,0,0.0,0,0.0,0,0.0,0,2319.2,14,0.0,0,0.0,0,0.0,0,0.0,0
2012-10-15T09:19:24.000,2318.8,17768,2318.8,1,0.0,0,0.0,0,0.0,0,0.0,0,2319,1,0.0,0,0.0,0,0.0,0,0.0,0
2012-10-15T09:19:24.500,2318.6,17770,2318.6,4,0.0,0,0.0,0,0.0,0,0.0,0,2319,3,0.0,0,0.0,0,0.0,0,0.0,0
2012-10-15T09:19:25.000,2319.2,17783,2318.6,11,0.0,0,0.0,0,0.0,0,0.0,0,2319,1,0.0,0,0.0,0,0.0,0,0.0,0
2012-10-15T09:19:25.500,2319,17797,2318.8,1,0.0,0,0.0,0,0.0,0,0.0,0,2319,3,0.0,0,0.0,0,0.0,0,0.0,0
2012-10-15T09:19:26.000,2319.4,17802,2319.2,7,0.0,0,0.0,0,0.0,0,0.0,0,2319.4,6,0.0,0,0.0,0,0.0,0,0.0,0
2012-10-15T09:19:26.500,2319.4,17806,2319.2,6,0.0,0,0.0,0,0.0,0,0.0,0,2319.4,4,0.0,0,0.0,0,0.0,0,0.0,0
2012-10-15T09:19:27.000,2319.4,17819,2319.4,1,0.0,0,0.0,0,0.0,0,0.0,0,2319.6,30,0.0,0,0.0,0,0.0,0,0.0,0
2012-10-15T09:19:27.500,2319.2,17828,2319.2,15,0.0,0,0.0,0,0.0,0,0.0,0,2319.6,29,0.0,0,0.0,0,0.0,0,0.0,0
2012-10-15T09:19:28.000,2319.2,17834,2319.2,12,0.0,0,0.0,0,0.0,0,0.0,0,2319.4,3,0.0,0,0.0,0,0.0,0,0.0,0
2012-10-15T09:19:28.500,2319.6,17857,2319.2,11,0.0,0,0.0,0,0.0,0,0.0,0,2319.6,7,0.0,0,0.0,0,0.0,0,0.0,0
2012-10-15T09:19:29.000,2319.4,17863,2319.2,11,0.0,0,0.0,0,0.0,0,0.0,0,2319.6,2,0.0,0,0.0,0,0.0,0,0.0,0
2012-10-15T09:19:29.500,2319.6,17867,2319.6,3,0.0,0,0.0,0,0.0,0,0.0,0,2319.8,41,0.0,0,0.0,0,0.0,0,0.0,0
2012-10-15T09:19:30.000,2319.6,17879,2319.6,5,0.0,0,0.0,0,0.0,0,0.0,0,2319.8,37,0.0,0,0.0,0,0.0,0,0.0,0
2012-10-15T09:19:30.500,2319.6,17897,2319.4,1,0.0,0,0.0,0,0.0,0,0.0,0,2319.6,30,0.0,0,0.0,0,0.0,0,0.0,0
2012-10-15T09:19:31.000,2319.6,17913,2319.4,1,0.0,0,0.0,0,0.0,0,0.0,0,2319.6,26,0.0,0,0.0,0,0.0,0,0.0,0
2012-10-15T09:19:31.500,2319.2,17935,2319,7,0.0,0,0.0,0,0.0,0,0.0,0,2319.2,1,0.0,0,0.0,0,0.0,0,0.0,0
2012-10-15T09:19:32.000,2319.2,17945,2319,5,0.0,0,0.0,0,0.0,0,0.0,0,2319.2,1,0.0,0,0.0,0,0.0,0,0.0,0
2012-10-15T09:19:32.500,2319.4,17955,2319,7,0.0,0,0.0,0,0.0,0,0.0,0,2319.4,15,0.0,0,0.0,0,0.0,0,0.0,0
2012-10-15T09:19:33.000,2319.2,17965,2319.2,6,0.0,0,0.0,0,0.0,0,0.0,0,2319.4,8,0.0,0,0.0,0,0.0,0,0.0,0
2012-10-15T09:19:33.500,2319.4,17967,2319.2,6,0.0,0,0.0,0,0.0,0,0.0,0,2319.4,8,0.0,0,0.0,0,0.0,0,0.0,0
2012-10-15T09:19:34.000,2319.2,17987,2319.2,25,0.0,0,0.0,0,0.0,0,0.0,0,2319.4,7,0.0,0,0.0,0,0.0,0,0.0,0
2012-10-15T09:19:34.500,2319.4,17995,2319.2,33,0.0,0,0.0,0,0.0,0,0.0,0,2319.4,7,0.0,0,0.0,0,0.0,0,0.0,0
2012-10-15T09:19:35.000,2319.4,18012,2319.2,31,0.0,0,0.0,0,0.0,0,0.0,0,2319.4,1,0.0,0,0.0,0,0.0,0,0.0,0
2012-10-15T09:19:35.500,2319.4,18020,2319.2,31,0.0,0,0.0,0,0.0,0,0.0,0,2319.6,2,0.0,0,0.0,0,0.0,0,0.0,0
2012-10-15T09:19:36.000,2319.6,18024,2319.4,12,0.0,0,0.0,0,0.0,0,0.0,0,2319.8,33,0.0,0,0.0,0,0.0,0,0.0,0
2012-10-15T09:19:36.500,2319.6,18026,2319.6,2,0.0,0,0.0,0,0.0,0,0.0,0,2319.8,33,0.0,0,0.0,0,0.0,0,0.0,0
2012-10-15T09:19:37.000,2319.8,18037,2319.6,8,0.0,0,0.0,0,0.0,0,0.0,0,2319.8,25,0.0,0,0.0,0,0.0,0,0.0,0
2012-10-15T09:19:37.500,2319.8,18044,2319.6,8,0.0,0,0.0,0,0.0,0,0.0,0,2319.8,20,0.0,0,0.0,0,0.0,0,0.0,0
2012-10-15T09:19:38.000,2319.8,18048,2319.6,10,0.0,0,0.0,0,0.0,0,0.0,0,2319.8,17,0.0,0,0.0,0,0.0,0,0.0,0
2012-10-15T09:19:38.500,2319.8,18067,2319.8,12,0.0,0,0.0,0,0.0,0,0.0,0,2320,61,0.0,0,0.0,0,0.0,0,0.0,0
2012-10-15T09:19:39.000,2319.8,18071,2319.8,15,0.0,0,0.0,0,0.0,0,0.0,0,2320,62,0.0,0,0.0,0,0.0,0,0.0,0
2012-10-15T09:19:39.500,2319.8,18094,2319.8,16,0.0,0,0.0,0,0.0,0,0.0,0,2320,45,0.0,0,0.0,0,0.0,0,0.0,0
2012-10-15T09:19:40.000,2319.8,18130,2319.6,6,0.0,0,0.0,0,0.0,0,0.0,0,2319.8,13,0.0,0,0.0,0,0.0,0,0.0,0
2012-10-15T09:19:40.500,2319.6,18148,2319.4,12,0.0,0,0.0,0,0.0,0,0.0,0,2319.6,4,0.0,0,0.0,0,0.0,0,0.0,0
2012-10-15T09:19:41.000,2319.6,18172,2319.4,2,0.0,0,0.0,0,0.0,0,0.0,0,2319.6,4,0.0,0,0.0,0,0.0,0,0.0,0
2012-10-15T09:19:41.500,2319.4,18225,2319.2,42,0.0,0,0.0,0,0.0,0,0.0,0,2319.4,15,0.0,0,0.0,0,0.0,0,0.0,0
2012-10-15T09:19:42.000,2319.4,18234,2319.2,41,0.0,0,0.0,0,0.0,0,0.0,0,2319.4,7,0.0,0,0.0,0,0.0,0,0.0,0
2012-10-15T09:19:42.500,2319.2,18248,2319.2,35,0.0,0,0.0,0,0.0,0,0.0,0,2319.6,1,0.0,0,0.0,0,0.0,0,0.0,0
2012-10-15T09:19:43.000,2319.2,18287,2319,20,0.0,0,0.0,0,0.0,0,0.0,0,2319.2,20,0.0,0,0.0,0,0.0,0,0.0,0
2012-10-15T09:19:43.500,2319.2,18322,2319,1,0.0,0,0.0,0,0.0,0,0.0,0,2319.2,11,0.0,0,0.0,0,0.0,0,0.0,0
2012-10-15T09:19:44.000,2319.2,18332,2318.6,11,0.0,0,0.0,0,0.0,0,0.0,0,2319,1,0.0,0,0.0,0,0.0,0,0.0,0
2012-10-15T09:19:44.500,2319,18351,2318.6,7,0.0,0,0.0,0,0.0,0,0.0,0,2319,7,0.0,0,0.0,0,0.0,0,0.0,0
2012-10-15T09:19:45.000,2319.2,18363,2319,10,0.0,0,0.0,0,0.0,0,0.0,0,2319.2,8,0.0,0,0.0,0,0.0,0,0.0,0
2012-10-15T09:19:45.500,2319.2,18370,2319,9,0.0,0,0.0,0,0.0,0,0.0,0,2319.2,4,0.0,0,0.0,0,0.0,0,0.0,0
2012-10-15T09:19:46.000,2319.2,18379,2319,7,0.0,0,0.0,0,0.0,0,0.0,0,2319.4,3,0.0,0,0.0,0,0.0,0,0.0,0
2012-10-15T09:19:46.500,2319,18387,2319.2,1,0.0,0,0.0,0,0.0,0,0.0,0,2319.4,3,0.0,0,0.0,0,0.0,0,0.0,0
2012-10-15T09:19:47.000,2319.2,18388,2319,11,0.0,0,0.0,0,0.0,0,0.0,0,2319.4,3,0.0,0,0.0,0,0.0,0,0.0,0
2012-10-15T09:19:47.500,2319.4,18408,2319,15,0.0,0,0.0,0,0.0,0,0.0,0,2319.4,1,0.0,0,0.0,0,0.0,0,0.0,0
2012-10-15T09:19:48.000,2319.4,18413,2319.4,5,0.0,0,0.0,0,0.0,0,0.0,0,2319.6,8,0.0,0,0.0,0,0.0,0,0.0,0
2012-10-15T09:19:48.500,2319.4,18414,2319.4,14,0.0,0,0.0,0,0.0,0,0.0,0,2319.6,11,0.0,0,0.0,0,0.0,0,0.0,0
2012-10-15T09:19:49.000,2319.4,18415,2319.4,13,0.0,0,0.0,0,0.0,0,0.0,0,2319.6,13,0.0,0,0.0,0,0.0,0,0.0,0
2012-10-15T09:19:49.500,2319.4,18432,2319.6,4,0.0,0,0.0,0,0.0,0,0.0,0,2319.8,71,0.0,0,0.0,0,0.0,0,0.0,0
2012-10-15T09:19:50.000,2319.8,18433,2319.6,5,0.0,0,0.0,0,0.0,0,0.0,0,2319.8,71,0.0,0,0.0,0,0.0,0,0.0,0
2012-10-15T09:19:50.500,2319.6,18498,2319.4,10,0.0,0,0.0,0,0.0,0,0.0,0,2319.6,15,0.0,0,0.0,0,0.0,0,0.0,0
2012-10-15T09:19:51.000,2319.6,18514,2319.4,10,0.0,0,0.0,0,0.0,0,0.0,0,2319.6,2,0.0,0,0.0,0,0.0,0,0.0,0
2012-10-15T09:19:51.500,2319.8,18526,2319.4,8,0.0,0,0.0,0,0.0,0,0.0,0,2319.8,76,0.0,0,0.0,0,0.0,0,0.0,0
2012-10-15T09:19:52.000,2319.8,18545,2319.6,19,0.0,0,0.0,0,0.0,0,0.0,0,2319.8,74,0.0,0,0.0,0,0.0,0,0.0,0
2012-10-15T09:19:52.500,2319.6,18547,2319.6,22,0.0,0,0.0,0,0.0,0,0.0,0,2319.8,80,0.0,0,0.0,0,0.0,0,0.0,0
2012-10-15T09:19:53.000,2319.8,18555,2319.6,24,0.0,0,0.0,0,0.0,0,0.0,0,2319.8,75,0.0,0,0.0,0,0.0,0,0.0,0
2012-10-15T09:19:53.500,2319.8,18582,2319.6,23,0.0,0,0.0,0,0.0,0,0.0,0,2319.8,50,0.0,0,0.0,0,0.0,0,0.0,0
2012-10-15T09:19:54.000,2319.8,18598,2319.6,21,0.0,0,0.0,0,0.0,0,0.0,0,2319.8,36,0.0,0,0.0,0,0.0,0,0.0,0
2012-10-15T09:19:54.500,2319.6,18638,2319.8,7,0.0,0,0.0,0,0.0,0,0.0,0,2320,25,0.0,0,0.0,0,0.0,0,0.0,0
2012-10-15T09:19:55.000,2320,18646,2319.8,13,0.0,0,0.0,0,0.0,0,0.0,0,2320,20,0.0,0,0.0,0,0.0,0,0.0,0
2012-10-15T09:19:55.500,2320,18670,2320,18,0.0,0,0.0,0,0.0,0,0.0,0,2320.2,6,0.0,0,0.0,0,0.0,0,0.0,0
2012-10-15T09:19:56.000,2320.2,18679,2320.2,6,0.0,0,0.0,0,0.0,0,0.0,0,2320.4,57,0.0,0,0.0,0,0.0,0,0.0,0
2012-10-15T09:19:56.500,2320.2,18687,2320,12,0.0,0,0.0,0,0.0,0,0.0,0,2320.2,11,0.0,0,0.0,0,0.0,0,0.0,0
2012-10-15T09:19:57.000,2320.2,18702,2320,9,0.0,0,0.0,0,0.0,0,0.0,0,2320.2,9,0.0,0,0.0,0,0.0,0,0.0,0
2012-10-15T09:19:57.500,2320,18723,2319.8,27,0.0,0,0.0,0,0.0,0,0.0,0,2320,3,0.0,0,0.0,0,0.0,0,0.0,0
2012-10-15T09:19:58.000,2319.8,18732,2320,1,0.0,0,0.0,0,0.0,0,0.0,0,2320.2,22,0.0,0,0.0,0,0.0,0,0.0,0
2012-10-15T09:19:58.500,2320.2,18766,2319.8,24,0.0,0,0.0,0,0.0,0,0.0,0,2320.2,2,0.0,0,0.0,0,0.0,0,0.0,0
2012-10-15T09:19:59.000,2320.4,18779,2319.8,23,0.0,0,0.0,0,0.0,0,0.0,0,2320.4,49,0.0,0,0.0,0,0.0,0,0.0,0
2012-10-15T09:19:59.500,2320.4,18793,2320.2,1,0.0,0,0.0,0,0.0,0,0.0,0,2320.4,38,0.0,0,0.0,0,0.0,0,0.0,0
2012-10-15T09:20:00.000,2320.6,18838,2320.4,12,0.0,0,0.0,0,0.0,0,0.0,0,2320.6,4,0.0,0,0.0,0,0.0,0,0.0,0
2012-10-15T09:20:00.500,2320.8,18881,2320.8,3,0.0,0,0.0,0,0.0,0,0.0,0,2321,34,0.0,0,0.0,0,0.0,0,0.0,0
2012-10-15T09:20:01.000,2321.2,18926,2321,1,0.0,0,0.0,0,0.0,0,0.0,0,2321.2,66,0.0,0,0.0,0,0.0,0,0.0,0
2012-10-15T09:20:01.500,2321,18959,2321,12,0.0,0,0.0,0,0.0,0,0.0,0,2321.2,42,0.0,0,0.0,0,0.0,0,0.0,0
2012-10-15T09:20:02.000,2321,19052,2321,43,0.0,0,0.0,0,0.0,0,0.0,0,2321.2,5,0.0,0,0.0,0,0.0,0,0.0,0
2012-10-15T09:20:02.500,2321.2,19089,2321.2,17,0.0,0,0.0,0,0.0,0,0.0,0,2321.4,1,0.0,0,0.0,0,0.0,0,0.0,0
2012-10-15T09:20:03.000,2321.4,19108,2321.4,11,0.0,0,0.0,0,0.0,0,0.0,0,2321.8,35,0.0,0,0.0,0,0.0,0,0.0,0
2012-10-15T09:20:03.500,2321.8,19154,2321.2,48,0.0,0,0.0,0,0.0,0,0.0,0,2321.8,17,0.0,0,0.0,0,0.0,0,0.0,0
2012-10-15T09:20:04.000,2322,19208,2321.8,15,0.0,0,0.0,0,0.0,0,0.0,0,2322,30,0.0,0,0.0,0,0.0,0,0.0,0
2012-10-15T09:20:04.500,2322.2,19271,2322.4,2,0.0,0,0.0,0,0.0,0,0.0,0,2322.8,35,0.0,0,0.0,0,0.0,0,0.0,0
2012-10-15T09:20:05.000,2322.8,19308,2322.8,13,0.0,0,0.0,0,0.0,0,0.0,0,2323,24,0.0,0,0.0,0,0.0,0,0.0,0
2012-10-15T09:20:05.500,2323.4,19377,2322.8,28,0.0,0,0.0,0,0.0,0,0.0,0,2323.4,14,0.0,0,0.0,0,0.0,0,0.0,0
2012-10-15T09:20:06.000,2323.4,19468,2323.2,4,0.0,0,0.0,0,0.0,0,0.0,0,2323.6,25,0.0,0,0.0,0,0.0,0,0.0,0
2012-10-15T09:20:06.500,2323.6,19521,2323,5,0.0,0,0.0,0,0.0,0,0.0,0,2323.2,15,0.0,0,0.0,0,0.0,0,0.0,0
2012-10-15T09:20:07.000,2322.8,19592,2322.2,11,0.0,0,0.0,0,0.0,0,0.0,0,2322.8,4,0.0,0,0.0,0,0.0,0,0.0,0
2012-10-15T09:20:07.500,2322.4,19736,2322,34,0.0,0,0.0,0,0.0,0,0.0,0,2322.4,13,0.0,0,0.0,0,0.0,0,0.0,0
2012-10-15T09:20:08.000,2322.4,19780,2322,18,0.0,0,0.0,0,0.0,0,0.0,0,2322.4,30,0.0,0,0.0,0,0.0,0,0.0,0
2012-10-15T09:20:08.500,2322,19830,2322,7,0.0,0,0.0,0,0.0,0,0.0,0,2322.2,1,0.0,0,0.0,0,0.0,0,0.0,0
2012-10-15T09:20:09.000,2322,19855,2321.8,48,0.0,0,0.0,0,0.0,0,0.0,0,2322,8,0.0,0,0.0,0,0.0,0,0.0,0
2012-10-15T09:20:09.500,2322,19888,2322,15,0.0,0,0.0,0,0.0,0,0.0,0,2322.2,6,0.0,0,0.0,0,0.0,0,0.0,0
2012-10-15T09:20:10.000,2321.8,19923,2321.8,37,0.0,0,0.0,0,0.0,0,0.0,0,2322,6,0.0,0,0.0,0,0.0,0,0.0,0
2012-10-15T09:20:10.500,2321.8,19941,2321.8,30,0.0,0,0.0,0,0.0,0,0.0,0,2322,15,0.0,0,0.0,0,0.0,0,0.0,0
2012-10-15T09:20:11.000,2321.6,19979,2321.4,15,0.0,0,0.0,0,0.0,0,0.0,0,2321.6,173,0.0,0,0.0,0,0.0,0,0.0,0
2012-10-15T09:20:11.500,2321.2,20053,2321,37,0.0,0,0.0,0,0.0,0,0.0,0,2321.2,1,0.0,0,0.0,0,0.0,0,0.0,0
2012-10-15T09:20:12.000,2320.6,20101,2320.6,43,0.0,0,0.0,0,0.0,0,0.0,0,2320.8,49,0.0,0,0.0,0,0.0,0,0.0,0
2012-10-15T09:20:12.500,2320.8,20175,2320.6,10,0.0,0,0.0,0,0.0,0,0.0,0,2320.8,47,0.0,0,0.0,0,0.0,0,0.0,0
2012-10-15T09:20:13.000,2320.6,20236,2320.4,5,0.0,0,0.0,0,0.0,0,0.0,0,2320.6,28,0.0,0,0.0,0,0.0,0,0.0,0
2012-10-15T09:20:13.500,2320.4,20283,2320.4,11,0.0,0,0.0,0,0.0,0,0.0,0,2320.6,18,0.0,0,0.0,0,0.0,0,0.0,0
2012-10-15T09:20:14.000,2320.4,20350,2320.2,14,0.0,0,0.0,0,0.0,0,0.0,0,2320.4,47,0.0,0,0.0,0,0.0,0,0.0,0
2012-10-15T09:20:14.500,2320.2,20371,2320.2,5,0.0,0,0.0,0,0.0,0,0.0,0,2320.4,53,0.0,0,0.0,0,0.0,0,0.0,0
2012-10-15T09:20:15.000,2320,20395,2320,4,0.0,0,0.0,0,0.0,0,0.0,0,2320.2,34,0.0,0,0.0,0,0.0,0,0.0,0
2012-10-15T09:20:15.500,2320,20424,2319.8,16,0.0,0,0.0,0,0.0,0,0.0,0,2320,12,0.0,0,0.0,0,0.0,0,0.0,0
2012-10-15T09:20:16.000,2319.8,20444,2319.8,5,0.0,0,0.0,0,0.0,0,0.0,0,2320,6,0.0,0,0.0,0,0.0,0,0.0,0
2012-10-15T09:20:16.500,2319.8,20462,2319.6,11,0.0,0,0.0,0,0.0,0,0.0,0,2319.8,3,0.0,0,0.0,0,0.0,0,0.0,0
2012-10-15T09:20:17.000,2319.6,20494,2319.4,10,0.0,0,0.0,0,0.0,0,0.0,0,2319.6,4,0.0,0,0.0,0,0.0,0,0.0,0
2012-10-15T09:20:17.500,2319.6,20501,2319.4,8,0.0,0,0.0,0,0.0,0,0.0,0,2319.8,88,0.0,0,0.0,0,0.0,0,0.0,0
2012-10-15T09:20:18.000,2319.4,20511,2319.2,4,0.0,0,0.0,0,0.0,0,0.0,0,2319.6,15,0.0,0,0.0,0,0.0,0,0.0,0
2012-10-15T09:20:18.500,2319.4,20538,2319,19,0.0,0,0.0,0,0.0,0,0.0,0,2319.2,9,0.0,0,0.0,0,0.0,0,0.0,0
2012-10-15T09:20:19.000,2319,20571,2318.8,1,0.0,0,0.0,0,0.0,0,0.0,0,2319,9,0.0,0,0.0,0,0.0,0,0.0,0
2012-10-15T09:20:19.500,2319,20604,2319,9,0.0,0,0.0,0,0.0,0,0.0,0,2319.2,11,0.0,0,0.0,0,0.0,0,0.0,0
2012-10-15T09:20:20.000,2319.2,20629,2319.2,9,0.0,0,0.0,0,0.0,0,0.0,0,2319.4,37,0.0,0,0.0,0,0.0,0,0.0,0
2012-10-15T09:20:20.500,2319.2,20651,2319.2,28,0.0,0,0.0,0,0.0,0,0.0,0,2319.4,21,0.0,0,0.0,0,0.0,0,0.0,0
2012-10-15T09:20:21.000,2319.6,20710,2319.4,65,0.0,0,0.0,0,0.0,0,0.0,0,2319.6,5,0.0,0,0.0,0,0.0,0,0.0,0
2012-10-15T09:20:21.500,2319.6,20763,2319.6,69,0.0,0,0.0,0,0.0,0,0.0,0,2319.8,48,0.0,0,0.0,0,0.0,0,0.0,0
2012-10-15T09:20:22.000,2319.8,20821,2319.6,47,0.0,0,0.0,0,0.0,0,0.0,0,2319.8,7,0.0,0,0.0,0,0.0,0,0.0,0
2012-10-15T09:20:22.500,2320,20832,2319.8,17,0.0,0,0.0,0,0.0,0,0.0,0,2320,10,0.0,0,0.0,0,0.0,0,0.0,0
2012-10-15T09:20:23.000,2319.8,20843,2319.8,17,0.0,0,0.0,0,0.0,0,0.0,0,2320,2,0.0,0,0.0,0,0.0,0,0.0,0
2012-10-15T09:20:23.500,2320,20873,2319.6,10,0.0,0,0.0,0,0.0,0,0.0,0,2320,2,0.0,0,0.0,0,0.0,0,0.0,0
2012-10-15T09:20:24.000,2319.8,20900,2319.8,3,0.0,0,0.0,0,0.0,0,0.0,0,2320.2,16,0.0,0,0.0,0,0.0,0,0.0,0
2012-10-15T09:20:24.500,2320,20908,2319.8,3,0.0,0,0.0,0,0.0,0,0.0,0,2320,8,0.0,0,0.0,0,0.0,0,0.0,0
2012-10-15T09:20:25.000,2320.2,20927,2320,13,0.0,0,0.0,0,0.0,0,0.0,0,2320.2,7,0.0,0,0.0,0,0.0,0,0.0,0
2012-10-15T09:20:25.500,2320,20940,2320,6,0.0,0,0.0,0,0.0,0,0.0,0,2320.4,13,0.0,0,0.0,0,0.0,0,0.0,0
2012-10-15T09:20:26.000,2320.4,20950,2320,2,0.0,0,0.0,0,0.0,0,0.0,0,2320.4,14,0.0,0,0.0,0,0.0,0,0.0,0
2012-10-15T09:20:26.500,2320.4,20962,2319.8,13,0.0,0,0.0,0,0.0,0,0.0,0,2320.4,5,0.0,0,0.0,0,0.0,0,0.0,0
2012-10-15T09:20:27.000,2319.8,20969,2319.8,22,0.0,0,0.0,0,0.0,0,0.0,0,2320,5,0.0,0,0.0,0,0.0,0,0.0,0
2012-10-15T09:20:27.500,2319.8,20972,2319.8,20,0.0,0,0.0,0,0.0,0,0.0,0,2320,6,0.0,0,0.0,0,0.0,0,0.0,0
2012-10-15T09:20:28.000,2319.8,20979,2319.8,25,0.0,0,0.0,0,0.0,0,0.0,0,2320,6,0.0,0,0.0,0,0.0,0,0.0,0
2012-10-15T09:20:28.500,2320,20988,2320,7,0.0,0,0.0,0,0.0,0,0.0,0,2320.2,13,0.0,0,0.0,0,0.0,0,0.0,0
2012-10-15T09:20:29.000,2320,20993,2320,5,0.0,0,0.0,0,0.0,0,0.0,0,2320.2,12,0.0,0,0.0,0,0.0,0,0.0,0
2012-10-15T09:20:29.500,2320.2,21003,2320,3,0.0,0,0.0,0,0.0,0,0.0,0,2320.2,10,0.0,0,0.0,0,0.0,0,0.0,0
2012-10-15T09:20:30.000,2320,21022,2319.8,25,0.0,0,0.0,0,0.0,0,0.0,0,2320,3,0.0,0,0.0,0,0.0,0,0.0,0
2012-10-15T09:20:30.500,2320,21026,2319.8,24,0.0,0,0.0,0,0.0,0,0.0,0,2320,1,0.0,0,0.0,0,0.0,0,0.0,0
2012-10-15T09:20:31.000,2320,21028,2319.8,22,0.0,0,0.0,0,0.0,0,0.0,0,2320,4,0.0,0,0.0,0,0.0,0,0.0,0
2012-10-15T09:20:31.500,2319.8,21034,2319.8,18,0.0,0,0.0,0,0.0,0,0.0,0,2320,4,0.0,0,0.0,0,0.0,0,0.0,0
2012-10-15T09:20:32.000,2319.8,21068,2319.4,8,0.0,0,0.0,0,0.0,0,0.0,0,2319.8,1,0.0,0,0.0,0,0.0,0,0.0,0
2012-10-15T09:20:32.500,2319.4,21083,2319.2,16,0.0,0,0.0,0,0.0,0,0.0,0,2319.4,4,0.0,0,0.0,0,0.0,0,0.0,0
2012-10-15T09:20:33.000,2319.2,21087,2319.2,13,0.0,0,0.0,0,0.0,0,0.0,0,2319.4,26,0.0,0,0.0,0,0.0,0,0.0,0
2012-10-15T09:20:33.500,2319.2,21105,2319,20,0.0,0,0.0,0,0.0,0,0.0,0,2319.2,11,0.0,0,0.0,0,0.0,0,0.0,0
2012-10-15T09:20:34.000,2319.4,21119,2319,19,0.0,0,0.0,0,0.0,0,0.0,0,2319.4,3,0.0,0,0.0,0,0.0,0,0.0,0
2012-10-15T09:20:34.500,2319.6,21147,2319,6,0.0,0,0.0,0,0.0,0,0.0,0,2319.8,15,0.0,0,0.0,0,0.0,0,0.0,0
2012-10-15T09:20:35.000,2319.2,21161,2319,9,0.0,0,0.0,0,0.0,0,0.0,0,2319.2,1,0.0,0,0.0,0,0.0,0,0.0,0
2012-10-15T09:20:35.500,2319.2,21165,2319.2,4,0.0,0,0.0,0,0.0,0,0.0,0,2319.6,13,0.0,0,0.0,0,0.0,0,0.0,0
2012-10-15T09:20:36.000,2319.6,21170,2319.2,7,0.0,0,0.0,0,0.0,0,0.0,0,2319.6,9,0.0,0,0.0,0,0.0,0,0.0,0
2012-10-15T09:20:36.500,2319.2,21177,2319.2,3,0.0,0,0.0,0,0.0,0,0.0,0,2319.6,9,0.0,0,0.0,0,0.0,0,0.0,0
2012-10-15T09:20:37.000,2319.6,21182,2319.2,3,0.0,0,0.0,0,0.0,0,0.0,0,2319.6,5,0.0,0,0.0,0,0.0,0,0.0,0
2012-10-15T09:20:37.500,2319.6,21183,2319.2,5,0.0,0,0.0,0,0.0,0,0.0,0,2319.6,5,0.0,0,0.0,0,0.0,0,0.0,0
2012-10-15T09:20:38.000,2319.2,21188,2319.2,3,0.0,0,0.0,0,0.0,0,0.0,0,2319.6,4,0.0,0,0.0,0,0.0,0,0.0,0
2012-10-15T09:20:38.500,2319.6,21193,2319.6,1,0.0,0,0.0,0,0.0,0,0.0,0,2319.8,20,0.0,0,0.0,0,0.0,0,0.0,0
2012-10-15T09:20:39.000,2319.2,21198,2319,14,0.0,0,0.0,0,0.0,0,0.0,0,2319.2,51,0.0,0,0.0,0,0.0,0,0.0,0
2012-10-15T09:20:39.500,2319.2,21219,2318.8,17,0.0,0,0.0,0,0.0,0,0.0,0,2319.2,45,0.0,0,0.0,0,0.0,0,0.0,0
2012-10-15T09:20:40.000,2319.2,21232,2318.8,13,0.0,0,0.0,0,0.0,0,0.0,0,2319.2,47,0.0,0,0.0,0,0.0,0,0.0,0
2012-10-15T09:20:40.500,2319.2,21253,2319,1,0.0,0,0.0,0,0.0,0,0.0,0,2319.2,42,0.0,0,0.0,0,0.0,0,0.0,0
2012-10-15T09:20:41.000,2319,21255,2319,5,0.0,0,0.0,0,0.0,0,0.0,0,2319.2,41,0.0,0,0.0,0,0.0,0,0.0,0
2012-10-15T09:20:41.500,2319,21266,2319,8,0.0,0,0.0,0,0.0,0,0.0,0,2319.2,42,0.0,0,0.0,0,0.0,0,0.0,0
2012-10-15T09:20:42.000,2319,21268,2319,17,0.0,0,0.0,0,0.0,0,0.0,0,2319.2,43,0.0,0,0.0,0,0.0,0,0.0,0
2012-10-15T09:20:42.500,2319.2,21318,2319.2,4,0.0,0,0.0,0,0.0,0,0.0,0,2319.4,2,0.0,0,0.0,0,0.0,0,0.0,0
2012-10-15T09:20:43.000,2319.4,21332,2319.4,2,0.0,0,0.0,0,0.0,0,0.0,0,2319.6,5,0.0,0,0.0,0,0.0,0,0.0,0
2012-10-15T09:20:43.500,2319.6,21340,2319.6,4,0.0,0,0.0,0,0.0,0,0.0,0,2319.8,45,0.0,0,0.0,0,0.0,0,0.0,0
2012-10-15T09:20:44.000,2319.6,21348,2319.6,6,0.0,0,0.0,0,0.0,0,0.0,0,2319.8,44,0.0,0,0.0,0,0.0,0,0.0,0
2012-10-15T09:20:44.500,2319.8,21350,2319.6,5,0.0,0,0.0,0,0.0,0,0.0,0,2319.8,43,0.0,0,0.0,0,0.0,0,0.0,0
2012-10-15T09:20:45.000,2319.6,21360,2319.4,2,0.0,0,0.0,0,0.0,0,0.0,0,2319.8,40,0.0,0,0.0,0,0.0,0,0.0,0
2012-10-15T09:20:45.500,2319.8,21372,2319.4,2,0.0,0,0.0,0,0.0,0,0.0,0,2319.6,1,0.0,0,0.0,0,0.0,0,0.0,0
2012-10-15T09:20:46.000,2319.6,21374,2319.4,2,0.0,0,0.0,0,0.0,0,0.0,0,2319.6,9,0.0,0,0.0,0,0.0,0,0.0,0
2012-10-15T09:20:46.500,2319.6,21375,2319.4,6,0.0,0,0.0,0,0.0,0,0.0,0,2319.6,11,0.0,0,0.0,0,0.0,0,0.0,0
2012-10-15T09:20:47.000,2319.8,21391,2319.4,3,0.0,0,0.0,0,0.0,0,0.0,0,2319.8,30,0.0,0,0.0,0,0.0,0,0.0,0
2012-10-15T09:20:47.500,2319.4,21396,2319.2,16,0.0,0,0.0,0,0.0,0,0.0,0,2319.4,22,0.0,0,0.0,0,0.0,0,0.0,0
2012-10-15T09:20:48.000,2319.4,21397,2319.2,16,0.0,0,0.0,0,0.0,0,0.0,0,2319.4,26,0.0,0,0.0,0,0.0,0,0.0,0
2012-10-15T09:20:48.500,2319.4,21404,2319.2,13,0.0,0,0.0,0,0.0,0,0.0,0,2319.4,19,0.0,0,0.0,0,0.0,0,0.0,0
2012-10-15T09:20:49.000,2319.4,21405,2319.2,14,0.0,0,0.0,0,0.0,0,0.0,0,2319.4,20,0.0,0,0.0,0,0.0,0,0.0,0
2012-10-15T09:20:49.500,2319.4,21417,2319.2,14,0.0,0,0.0,0,0.0,0,0.0,0,2319.4,11,0.0,0,0.0,0,0.0,0,0.0,0
2012-10-15T09:20:50.000,2319.2,21418,2319.2,13,0.0,0,0.0,0,0.0,0,0.0,0,2319.4,11,0.0,0,0.0,0,0.0,0,0.0,0
2012-10-15T09:20:50.500,2319.2,21424,2319.2,7,0.0,0,0.0,0,0.0,0,0.0,0,2319.4,15,0.0,0,0.0,0,0.0,0,0.0,0
2012-10-15T09:20:51.000,2319.2,21426,2319.2,6,0.0,0,0.0,0,0.0,0,0.0,0,2319.4,16,0.0,0,0.0,0,0.0,0,0.0,0
2012-10-15T09:20:51.500,2319.2,21427,2319.2,5,0.0,0,0.0,0,0.0,0,0.0,0,2319.4,17,0.0,0,0.0,0,0.0,0,0.0,0
2012-10-15T09:20:52.000,2319.2,21439,2319,27,0.0,0,0.0,0,0.0,0,0.0,0,2319.2,1,0.0,0,0.0,0,0.0,0,0.0,0
2012-10-15T09:20:52.500,2319,21441,2319,25,0.0,0,0.0,0,0.0,0,0.0,0,2319.2,12,0.0,0,0.0,0,0.0,0,0.0,0
2012-10-15T09:20:53.000,2319.2,21458,2319,15,0.0,0,0.0,0,0.0,0,0.0,0,2319.2,1,0.0,0,0.0,0,0.0,0,0.0,0
2012-10-15T09:20:53.500,2319,21468,2319,8,0.0,0,0.0,0,0.0,0,0.0,0,2319.4,11,0.0,0,0.0,0,0.0,0,0.0,0
2012-10-15T09:20:54.000,2319,21477,2319,2,0.0,0,0.0,0,0.0,0,0.0,0,2319.2,3,0.0,0,0.0,0,0.0,0,0.0,0
2012-10-15T09:20:54.500,2319,21482,2319.2,1,0.0,0,0.0,0,0.0,0,0.0,0,2319.4,9,0.0,0,0.0,0,0.0,0,0.0,0
2012-10-15T09:20:55.250,2319,21486,2318.8,7,0.0,0,0.0,0,0.0,0,0.0,0,2319,6,0.0,0,0.0,0,0.0,0,0.0,0
2012-10-15T09:20:56.000,2319,21495,2318.8,3,0.0,0,0.0,0,0.0,0,0.0,0,2319,7,0.0,0,0.0,0,0.0,0,0.0,0
2012-10-15T09:20:56.500,2318.8,21500,2318.6,11,0.0,0,0.0,0,0.0,0,0.0,0,2319,5,0.0,0,0.0,0,0.0,0,0.0,0
2012-10-15T09:20:57.000,2319,21503,2318.8,1,0.0,0,0.0,0,0.0,0,0.0,0,2319,6,0.0,0,0.0,0,0.0,0,0.0,0
2012-10-15T09:20:57.500,2319,21515,2319,2,0.0,0,0.0,0,0.0,0,0.0,0,2319.2,11,0.0,0,0.0,0,0.0,0,0.0,0
2012-10-15T09:20:58.000,2319,21517,2318.6,9,0.0,0,0.0,0,0.0,0,0.0,0,2319,2,0.0,0,0.0,0,0.0,0,0.0,0
2012-10-15T09:20:58.500,2318.6,21526,2318.6,3,0.0,0,0.0,0,0.0,0,0.0,0,2319,20,0.0,0,0.0,0,0.0,0,0.0,0
2012-10-15T09:20:59.000,2318.6,21529,2318.4,10,0.0,0,0.0,0,0.0,0,0.0,0,2318.6,8,0.0,0,0.0,0,0.0,0,0.0,0
2012-10-15T09:20:59.500,2318.6,21548,2318.2,33,0.0,0,0.0,0,0.0,0,0.0,0,2318.8,8,0.0,0,0.0,0,0.0,0,0.0,0
2012-10-15T09:21:00.000,2318.8,21559,2318.2,32,0.0,0,0.0,0,0.0,0,0.0,0,2318.8,14,0.0,0,0.0,0,0.0,0,0.0,0
2012-10-15T09:21:00.500,2318.8,21574,2318.4,5,0.0,0,0.0,0,0.0,0,0.0,0,2318.8,16,0.0,0,0.0,0,0.0,0,0.0,0
2012-10-15T09:21:01.000,2318.2,21582,2318.2,24,0.0,0,0.0,0,0.0,0,0.0,0,2318.4,1,0.0,0,0.0,0,0.0,0,0.0,0
2012-10-15T09:21:01.500,2318.4,21633,2318.2,9,0.0,0,0.0,0,0.0,0,0.0,0,2318.4,1,0.0,0,0.0,0,0.0,0,0.0,0
2012-10-15T09:21:02.000,2318.2,21666,2318,44,0.0,0,0.0,0,0.0,0,0.0,0,2318.2,24,0.0,0,0.0,0,0.0,0,0.0,0
2012-10-15T09:21:02.500,2318,21676,2318,35,0.0,0,0.0,0,0.0,0,0.0,0,2318.2,28,0.0,0,0.0,0,0.0,0,0.0,0
2012-10-15T09:21:03.000,2318,21715,2317.8,7,0.0,0,0.0,0,0.0,0,0.0,0,2318,1,0.0,0,0.0,0,0.0,0,0.0,0
2012-10-15T09:21:03.500,2317.8,21722,2317.6,14,0.0,0,0.0,0,0.0,0,0.0,0,2317.8,3,0.0,0,0.0,0,0.0,0,0.0,0
2012-10-15T09:21:04.000,2317.8,21731,2317.6,31,0.0,0,0.0,0,0.0,0,0.0,0,2317.8,25,0.0,0,0.0,0,0.0,0,0.0,0
2012-10-15T09:21:04.500,2317.6,21755,2317.6,9,0.0,0,0.0,0,0.0,0,0.0,0,2317.8,24,0.0,0,0.0,0,0.0,0,0.0,0
2012-10-15T09:21:05.000,2317.4,21771,2317.2,11,0.0,0,0.0,0,0.0,0,0.0,0,2317.4,2,0.0,0,0.0,0,0.0,0,0.0,0
2012-10-15T09:21:05.500,2317.2,21793,2317.4,2,0.0,0,0.0,0,0.0,0,0.0,0,2317.6,39,0.0,0,0.0,0,0.0,0,0.0,0
2012-10-15T09:21:06.000,2317,21829,2317,34,0.0,0,0.0,0,0.0,0,0.0,0,2317.2,4,0.0,0,0.0,0,0.0,0,0.0,0
2012-10-15T09:21:06.500,2317.2,21849,2317.2,5,0.0,0,0.0,0,0.0,0,0.0,0,2317.4,17,0.0,0,0.0,0,0.0,0,0.0,0
2012-10-15T09:21:07.000,2317,21874,2317,14,0.0,0,0.0,0,0.0,0,0.0,0,2317.2,2,0.0,0,0.0,0,0.0,0,0.0,0
2012-10-15T09:21:07.500,2316.8,21898,2316.8,18,0.0,0,0.0,0,0.0,0,0.0,0,2317,2,0.0,0,0.0,0,0.0,0,0.0,0
2012-10-15T09:21:08.000,2316.8,21931,2316.6,6,0.0,0,0.0,0,0.0,0,0.0,0,2317.2,11,0.0,0,0.0,0,0.0,0,0.0,0
2012-10-15T09:21:08.500,2316.6,21942,2316.4,25,0.0,0,0.0,0,0.0,0,0.0,0,2316.6,11,0.0,0,0.0,0,0.0,0,0.0,0
2012-10-15T09:21:09.000,2316.6,21972,2316.6,13,0.0,0,0.0,0,0.0,0,0.0,0,2316.8,7,0.0,0,0.0,0,0.0,0,0.0,0
2012-10-15T09:21:09.500,2316.6,21996,2316.6,2,0.0,0,0.0,0,0.0,0,0.0,0,2316.8,7,0.0,0,0.0,0,0.0,0,0.0,0
2012-10-15T09:21:10.000,2317.2,22054,2316.4,21,0.0,0,0.0,0,0.0,0,0.0,0,2317.2,4,0.0,0,0.0,0,0.0,0,0.0,0
2012-10-15T09:21:10.500,2317.2,22088,2317.2,11,0.0,0,0.0,0,0.0,0,0.0,0,2317.4,16,0.0,0,0.0,0,0.0,0,0.0,0
2012-10-15T09:21:11.000,2317.6,22132,2317.6,6,0.0,0,0.0,0,0.0,0,0.0,0,2317.8,39,0.0,0,0.0,0,0.0,0,0.0,0
2012-10-15T09:21:11.500,2317.4,22155,2317.4,7,0.0,0,0.0,0,0.0,0,0.0,0,2317.8,27,0.0,0,0.0,0,0.0,0,0.0,0
2012-10-15T09:21:12.000,2317.6,22172,2317.4,12,0.0,0,0.0,0,0.0,0,0.0,0,2317.6,12,0.0,0,0.0,0,0.0,0,0.0,0
2012-10-15T09:21:12.500,2317.6,22191,2317.4,3,0.0,0,0.0,0,0.0,0,0.0,0,2317.6,5,0.0,0,0.0,0,0.0,0,0.0,0
2012-10-15T09:21:13.000,2317.6,22195,2317.4,9,0.0,0,0.0,0,0.0,0,0.0,0,2317.6,2,0.0,0,0.0,0,0.0,0,0.0,0
2012-10-15T09:21:13.500,2317.6,22198,2317.6,1,0.0,0,0.0,0,0.0,0,0.0,0,2317.8,22,0.0,0,0.0,0,0.0,0,0.0,0
2012-10-15T09:21:14.000,2317.8,22201,2317.6,2,0.0,0,0.0,0,0.0,0,0.0,0,2317.8,20,0.0,0,0.0,0,0.0,0,0.0,0
2012-10-15T09:21:14.500,2317.4,22218,2317.4,10,0.0,0,0.0,0,0.0,0,0.0,0,2317.6,10,0.0,0,0.0,0,0.0,0,0.0,0
2012-10-15T09:21:15.000,2317.6,22234,2317.6,1,0.0,0,0.0,0,0.0,0,0.0,0,2317.8,9,0.0,0,0.0,0,0.0,0,0.0,0
2012-10-15T09:21:15.500,2317.4,22242,2317.6,5,0.0,0,0.0,0,0.0,0,0.0,0,2317.8,6,0.0,0,0.0,0,0.0,0,0.0,0
2012-10-15T09:21:16.000,2317.8,22248,2317.6,5,0.0,0,0.0,0,0.0,0,0.0,0,2317.8,2,0.0,0,0.0,0,0.0,0,0.0,0
2012-10-15T09:21:16.500,2317.6,22257,2317.4,3,0.0,0,0.0,0,0.0,0,0.0,0,2317.8,7,0.0,0,0.0,0,0.0,0,0.0,0
2012-10-15T09:21:17.000,2317.4,22265,2317.6,1,0.0,0,0.0,0,0.0,0,0.0,0,2317.8,10,0.0,0,0.0,0,0.0,0,0.0,0
2012-10-15T09:21:17.500,2317.6,22267,2317.2,6,0.0,0,0.0,0,0.0,0,0.0,0,2317.6,8,0.0,0,0.0,0,0.0,0,0.0,0
2012-10-15T09:21:18.000,2317.8,22280,2317.2,7,0.0,0,0.0,0,0.0,0,0.0,0,2317.8,6,0.0,0,0.0,0,0.0,0,0.0,0
2012-10-15T09:21:18.500,2317.6,22285,2317.2,10,0.0,0,0.0,0,0.0,0,0.0,0,2317.8,11,0.0,0,0.0,0,0.0,0,0.0,0
2012-10-15T09:21:19.000,2317.4,22296,2317.4,2,0.0,0,0.0,0,0.0,0,0.0,0,2317.8,17,0.0,0,0.0,0,0.0,0,0.0,0
2012-10-15T09:21:19.500,2317.2,22299,2317.2,14,0.0,0,0.0,0,0.0,0,0.0,0,2317.8,22,0.0,0,0.0,0,0.0,0,0.0,0
2012-10-15T09:21:20.000,2317.6,22303,2317.2,16,0.0,0,0.0,0,0.0,0,0.0,0,2317.4,5,0.0,0,0.0,0,0.0,0,0.0,0
2012-10-15T09:21:20.500,2317.8,22319,2317.2,16,0.0,0,0.0,0,0.0,0,0.0,0,2317.8,15,0.0,0,0.0,0,0.0,0,0.0,0
2012-10-15T09:21:21.000,2317.8,22325,2317.2,31,0.0,0,0.0,0,0.0,0,0.0,0,2317.4,2,0.0,0,0.0,0,0.0,0,0.0,0
2012-10-15T09:21:21.500,2317.8,22341,2317.4,5,0.0,0,0.0,0,0.0,0,0.0,0,2317.8,10,0.0,0,0.0,0,0.0,0,0.0,0
2012-10-15T09:21:22.000,2317.8,22351,2317.4,3,0.0,0,0.0,0,0.0,0,0.0,0,2317.8,7,0.0,0,0.0,0,0.0,0,0.0,0
2012-10-15T09:21:22.500,2317.8,22362,2317.8,8,0.0,0,0.0,0,0.0,0,0.0,0,2318,8,0.0,0,0.0,0,0.0,0,0.0,0
2012-10-15T09:21:23.000,2318,22371,2317.8,8,0.0,0,0.0,0,0.0,0,0.0,0,2318,4,0.0,0,0.0,0,0.0,0,0.0,0
2012-10-15T09:21:23.500,2318,22373,2317.8,7,0.0,0,0.0,0,0.0,0,0.0,0,2318,5,0.0,0,0.0,0,0.0,0,0.0,0
2012-10-15T09:21:24.000,2317.8,22380,2317.8,1,0.0,0,0.0,0,0.0,0,0.0,0,2318,5,0.0,0,0.0,0,0.0,0,0.0,0
2012-10-15T09:21:24.500,2318,22383,2317.8,1,0.0,0,0.0,0,0.0,0,0.0,0,2318,4,0.0,0,0.0,0,0.0,0,0.0,0
2012-10-15T09:21:25.000,2317.8,22391,2317.6,1,0.0,0,0.0,0,0.0,0,0.0,0,2318,4,0.0,0,0.0,0,0.0,0,0.0,0
2012-10-15T09:21:25.500,2318,22404,2318,3,0.0,0,0.0,0,0.0,0,0.0,0,2318.2,15,0.0,0,0.0,0,0.0,0,0.0,0
2012-10-15T09:21:26.000,2318,22409,2317.6,6,0.0,0,0.0,0,0.0,0,0.0,0,2317.8,1,0.0,0,0.0,0,0.0,0,0.0,0
2012-10-15T09:21:26.500,2317.6,22416,2317.6,2,0.0,0,0.0,0,0.0,0,0.0,0,2317.8,1,0.0,0,0.0,0,0.0,0,0.0,0
2012-10-15T09:21:27.000,2317.6,22418,2317.8,1,0.0,0,0.0,0,0.0,0,0.0,0,2318,9,0.0,0,0.0,0,0.0,0,0.0,0
2012-10-15T09:21:27.500,2318,22422,2317.8,4,0.0,0,0.0,0,0.0,0,0.0,0,2318,8,0.0,0,0.0,0,0.0,0,0.0,0
2012-10-15T09:21:28.000,2318,22426,2317.8,20,0.0,0,0.0,0,0.0,0,0.0,0,2318,6,0.0,0,0.0,0,0.0,0,0.0,0
2012-10-15T09:21:28.500,2317.8,22444,2317.8,15,0.0,0,0.0,0,0.0,0,0.0,0,2318.2,10,0.0,0,0.0,0,0.0,0,0.0,0
2012-10-15T09:21:29.000,2318,22469,2317.8,7,0.0,0,0.0,0,0.0,0,0.0,0,2318.2,9,0.0,0,0.0,0,0.0,0,0.0,0
2012-10-15T09:21:29.500,2318,22471,2317.8,9,0.0,0,0.0,0,0.0,0,0.0,0,2318.2,9,0.0,0,0.0,0,0.0,0,0.0,0
2012-10-15T09:21:30.000,2318.2,22472,2317.8,10,0.0,0,0.0,0,0.0,0,0.0,0,2318.2,9,0.0,0,0.0,0,0.0,0,0.0,0
2012-10-15T09:21:30.500,2317.8,22485,2317.6,3,0.0,0,0.0,0,0.0,0,0.0,0,2318,1,0.0,0,0.0,0,0.0,0,0.0,0
2012-10-15T09:21:31.000,2318.2,22492,2317.8,1,0.0,0,0.0,0,0.0,0,0.0,0,2318.4,7,0.0,0,0.0,0,0.0,0,0.0,0
2012-10-15T09:21:31.500,2318.2,22507,2317.6,1,0.0,0,0.0,0,0.0,0,0.0,0,2318.2,2,0.0,0,0.0,0,0.0,0,0.0,0
2012-10-15T09:21:32.000,2318,22513,2317.6,1,0.0,0,0.0,0,0.0,0,0.0,0,2318,4,0.0,0,0.0,0,0.0,0,0.0,0
2012-10-15T09:21:32.500,2318,22518,2317.8,1,0.0,0,0.0,0,0.0,0,0.0,0,2318.2,5,0.0,0,0.0,0,0.0,0,0.0,0
2012-10-15T09:21:33.000,2318.2,22527,2318,10,0.0,0,0.0,0,0.0,0,0.0,0,2318.2,4,0.0,0,0.0,0,0.0,0,0.0,0
2012-10-15T09:21:33.500,2318.2,22530,2318,10,0.0,0,0.0,0,0.0,0,0.0,0,2318.4,9,0.0,0,0.0,0,0.0,0,0.0,0
2012-10-15T09:21:34.000,2318,22531,2318.2,1,0.0,0,0.0,0,0.0,0,0.0,0,2318.4,14,0.0,0,0.0,0,0.0,0,0.0,0
2012-10-15T09:21:34.500,2318.2,22532,2318.2,2,0.0,0,0.0,0,0.0,0,0.0,0,2318.4,14,0.0,0,0.0,0,0.0,0,0.0,0
2012-10-15T09:21:35.000,2318.4,22536,2318.2,2,0.0,0,0.0,0,0.0,0,0.0,0,2318.4,11,0.0,0,0.0,0,0.0,0,0.0,0
2012-10-15T09:21:35.500,2318.4,22540,2318.2,2,0.0,0,0.0,0,0.0,0,0.0,0,2318.4,9,0.0,0,0.0,0,0.0,0,0.0,0
2012-10-15T09:21:36.250,2318.4,22549,2318.2,3,0.0,0,0.0,0,0.0,0,0.0,0,2318.4,1,0.0,0,0.0,0,0.0,0,0.0,0
2012-10-15T09:21:37.000,2318.4,22554,2318.2,4,0.0,0,0.0,0,0.0,0,0.0,0,2318.6,47,0.0,0,0.0,0,0.0,0,0.0,0
2012-10-15T09:21:37.500,2318.2,22568,2318.2,3,0.0,0,0.0,0,0.0,0,0.0,0,2318.6,40,0.0,0,0.0,0,0.0,0,0.0,0
2012-10-15T09:21:38.000,2318.2,22570,2318.2,11,0.0,0,0.0,0,0.0,0,0.0,0,2318.4,3,0.0,0,0.0,0,0.0,0,0.0,0
2012-10-15T09:21:38.500,2318.2,22591,2318.2,6,0.0,0,0.0,0,0.0,0,0.0,0,2318.4,1,0.0,0,0.0,0,0.0,0,0.0,0
2012-10-15T09:21:39.000,2318,22603,2318,5,0.0,0,0.0,0,0.0,0,0.0,0,2318.2,42,0.0,0,0.0,0,0.0,0,0.0,0
2012-10-15T09:21:39.500,2318.2,22615,2317.8,12,0.0,0,0.0,0,0.0,0,0.0,0,2318,1,0.0,0,0.0,0,0.0,0,0.0,0
2012-10-15T09:21:40.000,2317.8,22619,2317.8,9,0.0,0,0.0,0,0.0,0,0.0,0,2318,5,0.0,0,0.0,0,0.0,0,0.0,0
2012-10-15T09:21:40.500,2318.2,22629,2317.8,9,0.0,0,0.0,0,0.0,0,0.0,0,2318.2,37,0.0,0,0.0,0,0.0,0,0.0,0
2012-10-15T09:21:41.000,2317.8,22640,2317.6,10,0.0,0,0.0,0,0.0,0,0.0,0,2317.8,1,0.0,0,0.0,0,0.0,0,0.0,0
2012-10-15T09:21:41.500,2318.2,22653,2317.6,2,0.0,0,0.0,0,0.0,0,0.0,0,2318,1,0.0,0,0.0,0,0.0,0,0.0,0
2012-10-15T09:21:42.000,2318.2,22662,2317.6,6,0.0,0,0.0,0,0.0,0,0.0,0,2318.2,30,0.0,0,0.0,0,0.0,0,0.0,0
2012-10-15T09:21:42.500,2318,22684,2317.6,3,0.0,0,0.0,0,0.0,0,0.0,0,2318.2,19,0.0,0,0.0,0,0.0,0,0.0,0
2012-10-15T09:21:43.000,2317.6,22685,2317.6,2,0.0,0,0.0,0,0.0,0,0.0,0,2317.8,3,0.0,0,0.0,0,0.0,0,0.0,0
2012-10-15T09:21:43.500,2318.2,22689,2318,4,0.0,0,0.0,0,0.0,0,0.0,0,2318.2,18,0.0,0,0.0,0,0.0,0,0.0,0
2012-10-15T09:21:44.000,2317.6,22715,2317.6,3,0.0,0,0.0,0,0.0,0,0.0,0,2318.2,18,0.0,0,0.0,0,0.0,0,0.0,0
2012-10-15T09:21:44.500,2318.2,22722,2317.6,2,0.0,0,0.0,0,0.0,0,0.0,0,2318,1,0.0,0,0.0,0,0.0,0,0.0,0
2012-10-15T09:21:45.000,2317.6,22740,2318,6,0.0,0,0.0,0,0.0,0,0.0,0,2318.2,6,0.0,0,0.0,0,0.0,0,0.0,0
2012-10-15T09:21:45.500,2318,22741,2318,6,0.0,0,0.0,0,0.0,0,0.0,0,2318.2,7,0.0,0,0.0,0,0.0,0,0.0,0
2012-10-15T09:21:46.000,2318.2,22749,2318.2,5,0.0,0,0.0,0,0.0,0,0.0,0,2318.4,17,0.0,0,0.0,0,0.0,0,0.0,0
2012-10-15T09:21:46.500,2318,22760,2318,2,0.0,0,0.0,0,0.0,0,0.0,0,2318.4,17,0.0,0,0.0,0,0.0,0,0.0,0
2012-10-15T09:21:47.000,2318.4,22767,2318,3,0.0,0,0.0,0,0.0,0,0.0,0,2318.4,15,0.0,0,0.0,0,0.0,0,0.0,0
2012-10-15T09:21:47.500,2318,22769,2318,2,0.0,0,0.0,0,0.0,0,0.0,0,2318.4,14,0.0,0,0.0,0,0.0,0,0.0,0
2012-10-15T09:21:48.000,2318,22771,2317.8,3,0.0,0,0.0,0,0.0,0,0.0,0,2318,5,0.0,0,0.0,0,0.0,0,0.0,0
2012-10-15T09:21:48.500,2318.4,22782,2318.2,1,0.0,0,0.0,0,0.0,0,0.0,0,2318.4,11,0.0,0,0.0,0,0.0,0,0.0,0
2012-10-15T09:21:49.250,2318.4,22797,2318.4,5,0.0,0,0.0,0,0.0,0,0.0,0,2318.6,38,0.0,0,0.0,0,0.0,0,0.0,0
2012-10-15T09:21:50.000,2318.4,22804,2318.4,2,0.0,0,0.0,0,0.0,0,0.0,0,2318.6,35,0.0,0,0.0,0,0.0,0,0.0,0
2012-10-15T09:21:50.500,2318,22820,2318,1,0.0,0,0.0,0,0.0,0,0.0,0,2318.6,25,0.0,0,0.0,0,0.0,0,0.0,0
2012-10-15T09:21:51.000,2318.6,22841,2318.4,1,0.0,0,0.0,0,0.0,0,0.0,0,2318.6,13,0.0,0,0.0,0,0.0,0,0.0,0
2012-10-15T09:21:51.500,2318.4,22852,2318.4,3,0.0,0,0.0,0,0.0,0,0.0,0,2318.6,3,0.0,0,0.0,0,0.0,0,0.0,0
2012-10-15T09:21:52.000,2318.6,22856,2318.6,3,0.0,0,0.0,0,0.0,0,0.0,0,2318.8,7,0.0,0,0.0,0,0.0,0,0.0,0
2012-10-15T09:21:52.500,2318.6,22864,2318.6,2,0.0,0,0.0,0,0.0,0,0.0,0,2318.8,2,0.0,0,0.0,0,0.0,0,0.0,0
2012-10-15T09:21:53.000,2318.6,22870,2318.4,12,0.0,0,0.0,0,0.0,0,0.0,0,2318.6,1,0.0,0,0.0,0,0.0,0,0.0,0
2012-10-15T09:21:53.500,2318.6,22875,2318.4,3,0.0,0,0.0,0,0.0,0,0.0,0,2318.6,2,0.0,0,0.0,0,0.0,0,0.0,0
2012-10-15T09:21:54.000,2318.6,22881,2318.2,7,0.0,0,0.0,0,0.0,0,0.0,0,2318.6,1,0.0,0,0.0,0,0.0,0,0.0,0
2012-10-15T09:21:54.500,2318.6,22883,2318.2,9,0.0,0,0.0,0,0.0,0,0.0,0,2318.6,1,0.0,0,0.0,0,0.0,0,0.0,0
2012-10-15T09:21:55.000,2318.6,22886,2318.2,10,0.0,0,0.0,0,0.0,0,0.0,0,2318.8,15,0.0,0,0.0,0,0.0,0,0.0,0
2012-10-15T09:21:55.500,2318.6,22887,2318.2,24,0.0,0,0.0,0,0.0,0,0.0,0,2318.6,1,0.0,0,0.0,0,0.0,0,0.0,0
2012-10-15T09:21:56.000,2318.4,22889,2318.4,3,0.0,0,0.0,0,0.0,0,0.0,0,2318.6,2,0.0,0,0.0,0,0.0,0,0.0,0
2012-10-15T09:21:56.500,2318.6,22892,2318.6,14,0.0,0,0.0,0,0.0,0,0.0,0,2318.8,15,0.0,0,0.0,0,0.0,0,0.0,0
2012-10-15T09:21:57.250,2318.6,22898,2318.6,12,0.0,0,0.0,0,0.0,0,0.0,0,2318.8,13,0.0,0,0.0,0,0.0,0,0.0,0
2012-10-15T09:21:58.000,2318.8,22899,2318.6,12,0.0,0,0.0,0,0.0,0,0.0,0,2318.8,12,0.0,0,0.0,0,0.0,0,0.0,0
2012-10-15T09:21:58.500,2318.8,22904,2318.6,9,0.0,0,0.0,0,0.0,0,0.0,0,2318.8,11,0.0,0,0.0,0,0.0,0,0.0,0
2012-10-15T09:21:59.000,2318.6,22917,2318.4,3,0.0,0,0.0,0,0.0,0,0.0,0,2318.6,1,0.0,0,0.0,0,0.0,0,0.0,0
2012-10-15T09:21:59.500,2318.6,22919,2318.4,5,0.0,0,0.0,0,0.0,0,0.0,0,2318.6,4,0.0,0,0.0,0,0.0,0,0.0,0
2012-10-15T09:22:00.000,2318.6,22931,2318.2,32,0.0,0,0.0,0,0.0,0,0.0,0,2318.6,2,0.0,0,0.0,0,0.0,0,0.0,0
2012-10-15T09:22:00.500,2318.6,22940,2318.6,4,0.0,0,0.0,0,0.0,0,0.0,0,2318.8,11,0.0,0,0.0,0,0.0,0,0.0,0
2012-10-15T09:22:01.000,2318.8,22946,2318.4,14,0.0,0,0.0,0,0.0,0,0.0,0,2318.8,9,0.0,0,0.0,0,0.0,0,0.0,0
2012-10-15T09:22:01.500,2318.4,22949,2318.4,39,0.0,0,0.0,0,0.0,0,0.0,0,2318.6,2,0.0,0,0.0,0,0.0,0,0.0,0
2012-10-15T09:22:02.000,2318.4,22964,2318.6,1,0.0,0,0.0,0,0.0,0,0.0,0,2318.8,8,0.0,0,0.0,0,0.0,0,0.0,0
2012-10-15T09:22:02.500,2318.6,22981,2318.8,1,0.0,0,0.0,0,0.0,0,0.0,0,2319,8,0.0,0,0.0,0,0.0,0,0.0,0
2012-10-15T09:22:03.000,2318.8,22989,2318.6,1,0.0,0,0.0,0,0.0,0,0.0,0,2318.8,99,0.0,0,0.0,0,0.0,0,0.0,0
2012-10-15T09:22:03.500,2318.6,22994,2318.4,115,0.0,0,0.0,0,0.0,0,0.0,0,2318.6,20,0.0,0,0.0,0,0.0,0,0.0,0
2012-10-15T09:22:04.000,2318.4,23097,2318.4,43,0.0,0,0.0,0,0.0,0,0.0,0,2318.6,7,0.0,0,0.0,0,0.0,0,0.0,0
2012-10-15T09:22:04.500,2318.4,23146,2318.2,34,0.0,0,0.0,0,0.0,0,0.0,0,2318.4,1,0.0,0,0.0,0,0.0,0,0.0,0
2012-10-15T09:22:05.000,2318.2,23175,2318.2,10,0.0,0,0.0,0,0.0,0,0.0,0,2318.4,25,0.0,0,0.0,0,0.0,0,0.0,0
2012-10-15T09:22:05.500,2318.2,23217,2318,10,0.0,0,0.0,0,0.0,0,0.0,0,2318.2,12,0.0,0,0.0,0,0.0,0,0.0,0
2012-10-15T09:22:06.000,2318,23231,2317.8,6,0.0,0,0.0,0,0.0,0,0.0,0,2318,28,0.0,0,0.0,0,0.0,0,0.0,0
2012-10-15T09:22:06.500,2318,23237,2317.8,8,0.0,0,0.0,0,0.0,0,0.0,0,2318,27,0.0,0,0.0,0,0.0,0,0.0,0
2012-10-15T09:22:07.000,2317.8,23247,2317.8,1,0.0,0,0.0,0,0.0,0,0.0,0,2318,27,0.0,0,0.0,0,0.0,0,0.0,0
2012-10-15T09:22:07.500,2317.8,23256,2317.8,11,0.0,0,0.0,0,0.0,0,0.0,0,2318,27,0.0,0,0.0,0,0.0,0,0.0,0
2012-10-15T09:22:08.000,2317.8,23291,2317.8,5,0.0,0,0.0,0,0.0,0,0.0,0,2318.2,10,0.0,0,0.0,0,0.0,0,0.0,0
2012-10-15T09:22:08.500,2318.2,23306,2318.2,1,0.0,0,0.0,0,0.0,0,0.0,0,2318.4,1,0.0,0,0.0,0,0.0,0,0.0,0
2012-10-15T09:22:09.000,2318.4,23322,2318.4,1,0.0,0,0.0,0,0.0,0,0.0,0,2318.6,2,0.0,0,0.0,0,0.0,0,0.0,0
2012-10-15T09:22:09.500,2318.4,23329,2317.6,11,0.0,0,0.0,0,0.0,0,0.0,0,2318.4,2,0.0,0,0.0,0,0.0,0,0.0,0
2012-10-15T09:22:10.000,2318.4,23334,2318,3,0.0,0,0.0,0,0.0,0,0.0,0,2318.4,17,0.0,0,0.0,0,0.0,0,0.0,0
2012-10-15T09:22:10.500,2318.4,23336,2318.2,1,0.0,0,0.0,0,0.0,0,0.0,0,2318.4,16,0.0,0,0.0,0,0.0,0,0.0,0
2012-10-15T09:22:11.000,2318.4,23338,2318,5,0.0,0,0.0,0,0.0,0,0.0,0,2318.4,2,0.0,0,0.0,0,0.0,0,0.0,0
2012-10-15T09:22:11.500,2318,23339,2318,4,0.0,0,0.0,0,0.0,0,0.0,0,2318.4,2,0.0,0,0.0,0,0.0,0,0.0,0
2012-10-15T09:22:12.000,2318.4,23340,2318,4,0.0,0,0.0,0,0.0,0,0.0,0,2318.4,3,0.0,0,0.0,0,0.0,0,0.0,0
2012-10-15T09:22:12.500,2318,23349,2317.8,3,0.0,0,0.0,0,0.0,0,0.0,0,2318,1,0.0,0,0.0,0,0.0,0,0.0,0
2012-10-15T09:22:13.250,2317.8,23350,2317.6,11,0.0,0,0.0,0,0.0,0,0.0,0,2318,3,0.0,0,0.0,0,0.0,0,0.0,0
2012-10-15T09:22:14.000,2317.6,23352,2317.6,10,0.0,0,0.0,0,0.0,0,0.0,0,2318,3,0.0,0,0.0,0,0.0,0,0.0,0
2012-10-15T09:22:14.500,2318,23354,2317.6,10,0.0,0,0.0,0,0.0,0,0.0,0,2317.8,1,0.0,0,0.0,0,0.0,0,0.0,0
2012-10-15T09:22:15.000,2317.8,23359,2317.6,29,0.0,0,0.0,0,0.0,0,0.0,0,2317.8,1,0.0,0,0.0,0,0.0,0,0.0,0
2012-10-15T09:22:15.500,2318,23365,2317.6,26,0.0,0,0.0,0,0.0,0,0.0,0,2318.2,1,0.0,0,0.0,0,0.0,0,0.0,0
2012-10-15T09:22:16.000,2317.6,23420,2317.4,13,0.0,0,0.0,0,0.0,0,0.0,0,2317.6,3,0.0,0,0.0,0,0.0,0,0.0,0
2012-10-15T09:22:16.500,2317.6,23426,2317.4,9,0.0,0,0.0,0,0.0,0,0.0,0,2317.6,3,0.0,0,0.0,0,0.0,0,0.0,0
2012-10-15T09:22:17.000,2317.4,23434,2317.4,5,0.0,0,0.0,0,0.0,0,0.0,0,2317.6,3,0.0,0,0.0,0,0.0,0,0.0,0
2012-10-15T09:22:17.500,2317.2,23446,2317.2,51,0.0,0,0.0,0,0.0,0,0.0,0,2317.4,3,0.0,0,0.0,0,0.0,0,0.0,0
2012-10-15T09:22:18.000,2317.4,23470,2317.2,34,0.0,0,0.0,0,0.0,0,0.0,0,2317.4,1,0.0,0,0.0,0,0.0,0,0.0,0
2012-10-15T09:22:18.500,2317.2,23484,2317.2,25,0.0,0,0.0,0,0.0,0,0.0,0,2317.6,8,0.0,0,0.0,0,0.0,0,0.0,0
2012-10-15T09:22:19.000,2317.4,23493,2317.2,34,0.0,0,0.0,0,0.0,0,0.0,0,2317.4,23,0.0,0,0.0,0,0.0,0,0.0,0
2012-10-15T09:22:19.500,2317.2,23529,2317,26,0.0,0,0.0,0,0.0,0,0.0,0,2317.2,4,0.0,0,0.0,0,0.0,0,0.0,0
2012-10-15T09:22:20.000,2316.8,23585,2316.8,8,0.0,0,0.0,0,0.0,0,0.0,0,2317,3,0.0,0,0.0,0,0.0,0,0.0,0
2012-10-15T09:22:20.500,2316.6,23602,2316.6,67,0.0,0,0.0,0,0.0,0,0.0,0,2317,14,0.0,0,0.0,0,0.0,0,0.0,0
2012-10-15T09:22:21.000,2316.8,23617,2316.8,6,0.0,0,0.0,0,0.0,0,0.0,0,2317,12,0.0,0,0.0,0,0.0,0,0.0,0
2012-10-15T09:22:21.500,2316.6,23657,2316.6,38,0.0,0,0.0,0,0.0,0,0.0,0,2316.8,11,0.0,0,0.0,0,0.0,0,0.0,0
2012-10-15T09:22:22.000,2316.8,23677,2316.6,34,0.0,0,0.0,0,0.0,0,0.0,0,2316.8,27,0.0,0,0.0,0,0.0,0,0.0,0
2012-10-15T09:22:22.500,2316.8,23718,2316.6,32,0.0,0,0.0,0,0.0,0,0.0,0,2317,4,0.0,0,0.0,0,0.0,0,0.0,0
2012-10-15T09:22:23.000,2316.6,23730,2316.6,30,0.0,0,0.0,0,0.0,0,0.0,0,2316.8,10,0.0,0,0.0,0,0.0,0,0.0,0
2012-10-15T09:22:23.500,2316.8,23745,2316.6,21,0.0,0,0.0,0,0.0,0,0.0,0,2316.8,6,0.0,0,0.0,0,0.0,0,0.0,0
2012-10-15T09:22:24.000,2316.8,23759,2316.8,4,0.0,0,0.0,0,0.0,0,0.0,0,2317,3,0.0,0,0.0,0,0.0,0,0.0,0
2012-10-15T09:22:24.500,2317.2,23795,2316.8,12,0.0,0,0.0,0,0.0,0,0.0,0,2317.2,9,0.0,0,0.0,0,0.0,0,0.0,0
2012-10-15T09:22:25.000,2316.8,23829,2316.6,22,0.0,0,0.0,0,0.0,0,0.0,0,2316.8,8,0.0,0,0.0,0,0.0,0,0.0,0
2012-10-15T09:22:25.500,2316.6,23841,2316.6,22,0.0,0,0.0,0,0.0,0,0.0,0,2316.8,1,0.0,0,0.0,0,0.0,0,0.0,0
2012-10-15T09:22:26.000,2316.8,23853,2316.8,19,0.0,0,0.0,0,0.0,0,0.0,0,2317.2,4,0.0,0,0.0,0,0.0,0,0.0,0
2012-10-15T09:22:26.500,2316.8,23858,2316.8,55,0.0,0,0.0,0,0.0,0,0.0,0,2317.2,12,0.0,0,0.0,0,0.0,0,0.0,0
2012-10-15T09:22:27.000,2317,23876,2317,2,0.0,0,0.0,0,0.0,0,0.0,0,2317.4,13,0.0,0,0.0,0,0.0,0,0.0,0
2012-10-15T09:22:27.500,2317.2,23884,2317.2,48,0.0,0,0.0,0,0.0,0,0.0,0,2317.4,11,0.0,0,0.0,0,0.0,0,0.0,0
2012-10-15T09:22:28.000,2317.4,23899,2317.4,22,0.0,0,0.0,0,0.0,0,0.0,0,2317.6,12,0.0,0,0.0,0,0.0,0,0.0,0
2012-10-15T09:22:28.500,2317.6,23933,2317.6,25,0.0,0,0.0,0,0.0,0,0.0,0,2318,74,0.0,0,0.0,0,0.0,0,0.0,0
2012-10-15T09:22:29.000,2318,23934,2317.6,29,0.0,0,0.0,0,0.0,0,0.0,0,2318,75,0.0,0,0.0,0,0.0,0,0.0,0
2012-10-15T09:22:29.500,2317.8,23951,2317.6,18,0.0,0,0.0,0,0.0,0,0.0,0,2317.8,1,0.0,0,0.0,0,0.0,0,0.0,0
2012-10-15T09:22:30.000,2317.6,23958,2317.6,12,0.0,0,0.0,0,0.0,0,0.0,0,2317.8,2,0.0,0,0.0,0,0.0,0,0.0,0
2012-10-15T09:22:30.500,2317.4,23969,2317.4,2,0.0,0,0.0,0,0.0,0,0.0,0,2317.8,4,0.0,0,0.0,0,0.0,0,0.0,0
2012-10-15T09:22:31.000,2317.6,23976,2317.4,3,0.0,0,0.0,0,0.0,0,0.0,0,2317.8,10,0.0,0,0.0,0,0.0,0,0.0,0
2012-10-15T09:22:31.500,2317.2,23982,2317.2,5,0.0,0,0.0,0,0.0,0,0.0,0,2317.8,10,0.0,0,0.0,0,0.0,0,0.0,0
2012-10-15T09:22:32.250,2317.8,23988,2317.2,8,0.0,0,0.0,0,0.0,0,0.0,0,2317.8,9,0.0,0,0.0,0,0.0,0,0.0,0
2012-10-15T09:22:33.000,2317.8,23989,2317.2,10,0.0,0,0.0,0,0.0,0,0.0,0,2317.6,2,0.0,0,0.0,0,0.0,0,0.0,0
2012-10-15T09:22:33.500,2317.2,23994,2317.2,9,0.0,0,0.0,0,0.0,0,0.0,0,2317.4,10,0.0,0,0.0,0,0.0,0,0.0,0
2012-10-15T09:22:34.000,2317.4,23998,2317.2,9,0.0,0,0.0,0,0.0,0,0.0,0,2317.4,7,0.0,0,0.0,0,0.0,0,0.0,0
2012-10-15T09:22:34.500,2317.2,24003,2317.2,2,0.0,0,0.0,0,0.0,0,0.0,0,2317.4,14,0.0,0,0.0,0,0.0,0,0.0,0
2012-10-15T09:22:35.000,2317.4,24004,2317.2,3,0.0,0,0.0,0,0.0,0,0.0,0,2317.4,14,0.0,0,0.0,0,0.0,0,0.0,0
2012-10-15T09:22:35.500,2317.2,24022,2317,1,0.0,0,0.0,0,0.0,0,0.0,0,2317.4,12,0.0,0,0.0,0,0.0,0,0.0,0
2012-10-15T09:22:36.000,2317.4,24024,2317,1,0.0,0,0.0,0,0.0,0,0.0,0,2317.2,2,0.0,0,0.0,0,0.0,0,0.0,0
2012-10-15T09:22:36.500,2317.4,24037,2317,19,0.0,0,0.0,0,0.0,0,0.0,0,2317.2,1,0.0,0,0.0,0,0.0,0,0.0,0
2012-10-15T09:22:37.000,2317.4,24042,2317.2,15,0.0,0,0.0,0,0.0,0,0.0,0,2317.4,4,0.0,0,0.0,0,0.0,0,0.0,0
2012-10-15T09:22:37.500,2317.4,24044,2317.2,15,0.0,0,0.0,0,0.0,0,0.0,0,2317.4,3,0.0,0,0.0,0,0.0,0,0.0,0
2012-10-15T09:22:38.000,2317.4,24047,2317.4,2,0.0,0,0.0,0,0.0,0,0.0,0,2317.6,15,0.0,0,0.0,0,0.0,0,0.0,0
2012-10-15T09:22:38.500,2317.4,24048,2317.4,3,0.0,0,0.0,0,0.0,0,0.0,0,2317.6,15,0.0,0,0.0,0,0.0,0,0.0,0
2012-10-15T09:22:39.000,2317.2,24060,2317.2,15,0.0,0,0.0,0,0.0,0,0.0,0,2317.4,1,0.0,0,0.0,0,0.0,0,0.0,0
2012-10-15T09:22:39.500,2317.2,24062,2317.2,13,0.0,0,0.0,0,0.0,0,0.0,0,2317.4,1,0.0,0,0.0,0,0.0,0,0.0,0
2012-10-15T09:22:40.000,2317.8,24095,2317.2,12,0.0,0,0.0,0,0.0,0,0.0,0,2317.8,10,0.0,0,0.0,0,0.0,0,0.0,0
2012-10-15T09:22:40.500,2317.4,24097,2317.2,12,0.0,0,0.0,0,0.0,0,0.0,0,2317.4,3,0.0,0,0.0,0,0.0,0,0.0,0
2012-10-15T09:22:41.250,2317.2,24104,2317.4,7,0.0,0,0.0,0,0.0,0,0.0,0,2317.6,1,0.0,0,0.0,0,0.0,0,0.0,0
2012-10-15T09:22:42.000,2317.6,24112,2317.6,3,0.0,0,0.0,0,0.0,0,0.0,0,2317.8,12,0.0,0,0.0,0,0.0,0,0.0,0
2012-10-15T09:22:42.500,2317.6,24116,2317.4,11,0.0,0,0.0,0,0.0,0,0.0,0,2317.6,3,0.0,0,0.0,0,0.0,0,0.0,0
2012-10-15T09:22:43.250,2317.4,24118,2317.4,9,0.0,0,0.0,0,0.0,0,0.0,0,2317.6,4,0.0,0,0.0,0,0.0,0,0.0,0
2012-10-15T09:22:44.000,2317.4,24131,2317.4,7,0.0,0,0.0,0,0.0,0,0.0,0,2317.6,1,0.0,0,0.0,0,0.0,0,0.0,0
2012-10-15T09:22:44.500,2317.4,24140,2317.2,15,0.0,0,0.0,0,0.0,0,0.0,0,2317.4,23,0.0,0,0.0,0,0.0,0,0.0,0
2012-10-15T09:22:45.000,2317.4,24161,2317.2,1,0.0,0,0.0,0,0.0,0,0.0,0,2317.4,22,0.0,0,0.0,0,0.0,0,0.0,0
2012-10-15T09:22:45.500,2317.2,24162,2317,21,0.0,0,0.0,0,0.0,0,0.0,0,2317.2,11,0.0,0,0.0,0,0.0,0,0.0,0
2012-10-15T09:22:46.250,2317.2,24168,2317,21,0.0,0,0.0,0,0.0,0,0.0,0,2317.2,7,0.0,0,0.0,0,0.0,0,0.0,0
2012-10-15T09:22:47.000,2317,24172,2317,18,0.0,0,0.0,0,0.0,0,0.0,0,2317.2,4,0.0,0,0.0,0,0.0,0,0.0,0
2012-10-15T09:22:47.500,2317,24176,2317,14,0.0,0,0.0,0,0.0,0,0.0,0,2317.2,7,0.0,0,0.0,0,0.0,0,0.0,0
2012-10-15T09:22:48.000,2317,24177,2317,13,0.0,0,0.0,0,0.0,0,0.0,0,2317.2,7,0.0,0,0.0,0,0.0,0,0.0,0
2012-10-15T09:22:48.500,2317.2,24193,2317.2,7,0.0,0,0.0,0,0.0,0,0.0,0,2317.4,19,0.0,0,0.0,0,0.0,0,0.0,0
2012-10-15T09:22:49.000,2317.4,24195,2317.2,8,0.0,0,0.0,0,0.0,0,0.0,0,2317.4,20,0.0,0,0.0,0,0.0,0,0.0,0
2012-10-15T09:22:49.500,2317.2,24196,2317.2,7,0.0,0,0.0,0,0.0,0,0.0,0,2317.4,22,0.0,0,0.0,0,0.0,0,0.0,0
2012-10-15T09:22:50.000,2317.4,24198,2317.2,9,0.0,0,0.0,0,0.0,0,0.0,0,2317.4,20,0.0,0,0.0,0,0.0,0,0.0,0
2012-10-15T09:22:50.500,2317.2,24207,2317.2,5,0.0,0,0.0,0,0.0,0,0.0,0,2317.4,17,0.0,0,0.0,0,0.0,0,0.0,0
2012-10-15T09:22:51.000,2317.4,24208,2317.2,7,0.0,0,0.0,0,0.0,0,0.0,0,2317.4,16,0.0,0,0.0,0,0.0,0,0.0,0
2012-10-15T09:22:51.500,2317.4,24210,2317.2,6,0.0,0,0.0,0,0.0,0,0.0,0,2317.4,15,0.0,0,0.0,0,0.0,0,0.0,0
2012-10-15T09:22:52.000,2317.2,24212,2317.2,5,0.0,0,0.0,0,0.0,0,0.0,0,2317.4,14,0.0,0,0.0,0,0.0,0,0.0,0
2012-10-15T09:22:52.500,2317.4,24217,2317.2,5,0.0,0,0.0,0,0.0,0,0.0,0,2317.4,11,0.0,0,0.0,0,0.0,0,0.0,0
2012-10-15T09:22:53.000,2317,24235,2316.8,51,0.0,0,0.0,0,0.0,0,0.0,0,2317,22,0.0,0,0.0,0,0.0,0,0.0,0
2012-10-15T09:22:53.500,2317,24251,2316.8,49,0.0,0,0.0,0,0.0,0,0.0,0,2317,8,0.0,0,0.0,0,0.0,0,0.0,0
2012-10-15T09:22:54.000,2317,24253,2316.8,51,0.0,0,0.0,0,0.0,0,0.0,0,2317,6,0.0,0,0.0,0,0.0,0,0.0,0
2012-10-15T09:22:54.500,2317,24259,2317,14,0.0,0,0.0,0,0.0,0,0.0,0,2317.2,2,0.0,0,0.0,0,0.0,0,0.0,0
2012-10-15T09:22:55.000,2317.2,24260,2317,15,0.0,0,0.0,0,0.0,0,0.0,0,2317.2,2,0.0,0,0.0,0,0.0,0,0.0,0
2012-10-15T09:22:55.500,2317,24270,2317.2,2,0.0,0,0.0,0,0.0,0,0.0,0,2317.4,14,0.0,0,0.0,0,0.0,0,0.0,0
2012-10-15T09:22:56.000,2317.4,24273,2317.2,4,0.0,0,0.0,0,0.0,0,0.0,0,2317.4,13,0.0,0,0.0,0,0.0,0,0.0,0
2012-10-15T09:22:56.500,2317.2,24275,2317.2,3,0.0,0,0.0,0,0.0,0,0.0,0,2317.4,12,0.0,0,0.0,0,0.0,0,0.0,0
2012-10-15T09:22:58.000,2317.4,24280,2317.2,5,0.0,0,0.0,0,0.0,0,0.0,0,2317.4,7,0.0,0,0.0,0,0.0,0,0.0,0
2012-10-15T09:22:58.500,2317.4,24289,2317.2,4,0.0,0,0.0,0,0.0,0,0.0,0,2317.4,2,0.0,0,0.0,0,0.0,0,0.0,0
2012-10-15T09:22:59.000,2317.2,24290,2317.2,8,0.0,0,0.0,0,0.0,0,0.0,0,2317.4,2,0.0,0,0.0,0,0.0,0,0.0,0
2012-10-15T09:22:59.500,2317.2,24300,2317,22,0.0,0,0.0,0,0.0,0,0.0,0,2317.2,2,0.0,0,0.0,0,0.0,0,0.0,0
2012-10-15T09:23:00.000,2317.2,24303,2317.2,5,0.0,0,0.0,0,0.0,0,0.0,0,2317.4,1,0.0,0,0.0,0,0.0,0,0.0,0
2012-10-15T09:23:00.500,2317.4,24306,2317.2,7,0.0,0,0.0,0,0.0,0,0.0,0,2317.6,5,0.0,0,0.0,0,0.0,0,0.0,0
2012-10-15T09:23:01.000,2317.2,24319,2317.2,2,0.0,0,0.0,0,0.0,0,0.0,0,2317.4,8,0.0,0,0.0,0,0.0,0,0.0,0
2012-10-15T09:23:01.500,2317.2,24323,2317.2,2,0.0,0,0.0,0,0.0,0,0.0,0,2317.4,10,0.0,0,0.0,0,0.0,0,0.0,0
2012-10-15T09:23:02.000,2317.4,24327,2317.2,4,0.0,0,0.0,0,0.0,0,0.0,0,2317.4,7,0.0,0,0.0,0,0.0,0,0.0,0
2012-10-15T09:23:02.500,2317.4,24328,2317.2,7,0.0,0,0.0,0,0.0,0,0.0,0,2317.4,8,0.0,0,0.0,0,0.0,0,0.0,0
2012-10-15T09:23:03.000,2317.4,24329,2317.2,9,0.0,0,0.0,0,0.0,0,0.0,0,2317.4,10,0.0,0,0.0,0,0.0,0,0.0,0
2012-10-15T09:23:03.500,2317.4,24332,2317.2,11,0.0,0,0.0,0,0.0,0,0.0,0,2317.4,7,0.0,0,0.0,0,0.0,0,0.0,0
2012-10-15T09:23:04.000,2317.2,24333,2317.2,10,0.0,0,0.0,0,0.0,0,0.0,0,2317.4,7,0.0,0,0.0,0,0.0,0,0.0,0
2012-10-15T09:23:04.500,2317.4,24341,2317.4,2,0.0,0,0.0,0,0.0,0,0.0,0,2317.6,7,0.0,0,0.0,0,0.0,0,0.0,0
2012-10-15T09:23:05.000,2317.2,24344,2317.4,1,0.0,0,0.0,0,0.0,0,0.0,0,2317.6,4,0.0,0,0.0,0,0.0,0,0.0,0
2012-10-15T09:23:05.500,2317.6,24346,2317.4,1,0.0,0,0.0,0,0.0,0,0.0,0,2317.6,7,0.0,0,0.0,0,0.0,0,0.0,0
2012-10-15T09:23:06.000,2317.6,24351,2317.4,3,0.0,0,0.0,0,0.0,0,0.0,0,2317.6,2,0.0,0,0.0,0,0.0,0,0.0,0
2012-10-15T09:23:06.500,2317.4,24354,2317.4,1,0.0,0,0.0,0,0.0,0,0.0,0,2317.6,1,0.0,0,0.0,0,0.0,0,0.0,0
2012-10-15T09:23:07.000,2317.6,24355,2317.4,1,0.0,0,0.0,0,0.0,0,0.0,0,2317.8,22,0.0,0,0.0,0,0.0,0,0.0,0
2012-10-15T09:23:07.500,2317.6,24358,2317.2,13,0.0,0,0.0,0,0.0,0,0.0,0,2317.8,22,0.0,0,0.0,0,0.0,0,0.0,0
2012-10-15T09:23:08.000,2317.2,24365,2317.2,8,0.0,0,0.0,0,0.0,0,0.0,0,2317.8,22,0.0,0,0.0,0,0.0,0,0.0,0
2012-10-15T09:23:08.500,2317.8,24406,2317.4,1,0.0,0,0.0,0,0.0,0,0.0,0,2317.6,13,0.0,0,0.0,0,0.0,0,0.0,0
2012-10-15T09:23:09.000,2317.4,24412,2317.4,3,0.0,0,0.0,0,0.0,0,0.0,0,2317.6,9,0.0,0,0.0,0,0.0,0,0.0,0
2012-10-15T09:23:09.500,2317.4,24416,2317.2,9,0.0,0,0.0,0,0.0,0,0.0,0,2317.4,6,0.0,0,0.0,0,0.0,0,0.0,0
2012-10-15T09:23:10.250,2317.6,24428,2317.2,9,0.0,0,0.0,0,0.0,0,0.0,0,2317.4,2,0.0,0,0.0,0,0.0,0,0.0,0
2012-10-15T09:23:11.000,2317.2,24429,2317.2,10,0.0,0,0.0,0,0.0,0,0.0,0,2317.4,2,0.0,0,0.0,0,0.0,0,0.0,0
2012-10-15T09:23:11.500,2317.4,24431,2317.4,1,0.0,0,0.0,0,0.0,0,0.0,0,2317.6,19,0.0,0,0.0,0,0.0,0,0.0,0
2012-10-15T09:23:12.000,2317.4,24432,2317.4,4,0.0,0,0.0,0,0.0,0,0.0,0,2317.6,19,0.0,0,0.0,0,0.0,0,0.0,0
2012-10-15T09:23:12.500,2317.6,24433,2317.4,4,0.0,0,0.0,0,0.0,0,0.0,0,2317.6,18,0.0,0,0.0,0,0.0,0,0.0,0
