date_time,last_px,total_volume,bid1_px,bid1_qty,bid2_px,bid2_qty,bid3_px,bid3_qty,bid4_px,bid4_qty,bid5_px,bid5_qty,ask1_px,ask1_qty,ask2_px,ask2_qty,ask3_px,ask3_qty,ask4_px,ask4_qty,ask5_px,ask5_qty
2012-11-15T09:14:00.250,2206,274,2205.2,4,0.0,0,0.0,0,0.0,0,0.0,0,2206,70,0.0,0,0.0,0,0.0,0,0.0,0
2012-11-15T09:15:00.250,2207.8,371,2207.8,17,0.0,0,0.0,0,0.0,0,0.0,0,2208,2,0.0,0,0.0,0,0.0,0,0.0,0
2012-11-15T09:15:01.000,2208,481,2208,120,0.0,0,0.0,0,0.0,0,0.0,0,2210,7,0.0,0,0.0,0,0.0,0,0.0,0
2012-11-15T09:15:01.500,2210.2,512,2210.2,13,0.0,0,0.0,0,0.0,0,0.0,0,2210.4,6,0.0,0,0.0,0,0.0,0,0.0,0
2012-11-15T09:15:02.000,2210,626,2210,5,0.0,0,0.0,0,0.0,0,0.0,0,2210.2,45,0.0,0,0.0,0,0.0,0,0.0,0
2012-11-15T09:15:02.500,2210,738,2210.4,3,0.0,0,0.0,0,0.0,0,0.0,0,2210.8,8,0.0,0,0.0,0,0.0,0,0.0,0
2012-11-15T09:15:03.000,2210.6,790,2210.2,38,0.0,0,0.0,0,0.0,0,0.0,0,2210.6,3,0.0,0,0.0,0,0.0,0,0.0,0
2012-11-15T09:15:03.500,2210.8,866,2210.8,18,0.0,0,0.0,0,0.0,0,0.0,0,2211.4,7,0.0,0,0.0,0,0.0,0,0.0,0
2012-11-15T09:15:04.000,2211.2,880,2210.8,43,0.0,0,0.0,0,0.0,0,0.0,0,2211,2,0.0,0,0.0,0,0.0,0,0.0,0
2012-11-15T09:15:04.500,2210.8,895,2211.4,1,0.0,0,0.0,0,0.0,0,0.0,0,2211.6,1,0.0,0,0.0,0,0.0,0,0.0,0
2012-11-15T09:15:05.000,2211.6,930,2211.6,46,0.0,0,0.0,0,0.0,0,0.0,0,2211.8,4,0.0,0,0.0,0,0.0,0,0.0,0
2012-11-15T09:15:05.500,2211,995,2211,9,0.0,0,0.0,0,0.0,0,0.0,0,2211.4,41,0.0,0,0.0,0,0.0,0,0.0,0
2012-11-15T09:15:06.000,2211,1010,2210.8,46,0.0,0,0.0,0,0.0,0,0.0,0,2211,18,0.0,0,0.0,0,0.0,0,0.0,0
2012-11-15T09:15:06.500,2211,1044,2211,8,0.0,0,0.0,0,0.0,0,0.0,0,2211.4,33,0.0,0,0.0,0,0.0,0,0.0,0
2012-11-15T09:15:07.000,2211.4,1080,2210.8,42,0.0,0,0.0,0,0.0,0,0.0,0,2211.4,25,0.0,0,0.0,0,0.0,0,0.0,0
2012-11-15T09:15:07.500,2210.8,1086,2210.8,31,0.0,0,0.0,0,0.0,0,0.0,0,2211.2,1,0.0,0,0.0,0,0.0,0,0.0,0
2012-11-15T09:15:08.000,2210.8,1111,2210.8,25,0.0,0,0.0,0,0.0,0,0.0,0,2211.2,4,0.0,0,0.0,0,0.0,0,0.0,0
2012-11-15T09:15:08.500,2210.8,1120,2210.8,11,0.0,0,0.0,0,0.0,0,0.0,0,2211,7,0.0,0,0.0,0,0.0,0,0.0,0
2012-11-15T09:15:09.000,2210.8,1138,2210.6,9,0.0,0,0.0,0,0.0,0,0.0,0,2210.8,7,0.0,0,0.0,0,0.0,0,0.0,0
2012-11-15T09:15:09.500,2210.8,1161,2210.6,4,0.0,0,0.0,0,0.0,0,0.0,0,2211,9,0.0,0,0.0,0,0.0,0,0.0,0
2012-11-15T09:15:10.000,2210.6,1250,2208,26,0.0,0,0.0,0,0.0,0,0.0,0,2210.6,2,0.0,0,0.0,0,0.0,0,0.0,0
2012-11-15T09:15:10.500,2210.4,1257,2209.8,8,0.0,0,0.0,0,0.0,0,0.0,0,2210.4,5,0.0,0,0.0,0,0.0,0,0.0,0
2012-11-15T09:15:11.000,2210.2,1272,2210,3,0.0,0,0.0,0,0.0,0,0.0,0,2210.2,1,0.0,0,0.0,0,0.0,0,0.0,0
2012-11-15T09:15:11.500,2210.2,1284,2210.2,3,0.0,0,0.0,0,0.0,0,0.0,0,2210.6,5,0.0,0,0.0,0,0.0,0,0.0,0
2012-11-15T09:15:12.000,2210.6,1290,2210.2,3,0.0,0,0.0,0,0.0,0,0.0,0,2210.6,3,0.0,0,0.0,0,0.0,0,0.0,0
2012-11-15T09:15:12.500,2210,1303,2209.8,12,0.0,0,0.0,0,0.0,0,0.0,0,2210.2,3,0.0,0,0.0,0,0.0,0,0.0,0
2012-11-15T09:15:13.000,2210.4,1310,2210,12,0.0,0,0.0,0,0.0,0,0.0,0,2210.4,8,0.0,0,0.0,0,0.0,0,0.0,0
2012-11-15T09:15:13.500,2210.2,1328,2209.8,8,0.0,0,0.0,0,0.0,0,0.0,0,2210.4,8,0.0,0,0.0,0,0.0,0,0.0,0
2012-11-15T09:15:14.000,2209.8,1363,2209.6,8,0.0,0,0.0,0,0.0,0,0.0,0,2210.4,2,0.0,0,0.0,0,0.0,0,0.0,0
2012-11-15T09:15:14.500,2209.8,1392,2209.4,6,0.0,0,0.0,0,0.0,0,0.0,0,2210,14,0.0,0,0.0,0,0.0,0,0.0,0
2012-11-15T09:15:15.000,2209.6,1397,2209.2,6,0.0,0,0.0,0,0.0,0,0.0,0,2209.6,1,0.0,0,0.0,0,0.0,0,0.0,0
2012-11-15T09:15:15.500,2209,1402,2209,6,0.0,0,0.0,0,0.0,0,0.0,0,2209.2,1,0.0,0,0.0,0,0.0,0,0.0,0
2012-11-15T09:15:16.000,2209.2,1407,2208.6,1,0.0,0,0.0,0,0.0,0,0.0,0,2209,2,0.0,0,0.0,0,0.0,0,0.0,0
2012-11-15T09:15:16.500,2208.6,1415,2208.6,6,0.0,0,0.0,0,0.0,0,0.0,0,2209,11,0.0,0,0.0,0,0.0,0,0.0,0
2012-11-15T09:15:17.000,2208.8,1423,2208.8,9,0.0,0,0.0,0,0.0,0,0.0,0,2209,9,0.0,0,0.0,0,0.0,0,0.0,0
2012-11-15T09:15:17.500,2209,1433,2209,1,0.0,0,0.0,0,0.0,0,0.0,0,2209.2,5,0.0,0,0.0,0,0.0,0,0.0,0
2012-11-15T09:15:18.000,2208.8,1468,2208.4,6,0.0,0,0.0,0,0.0,0,0.0,0,2209.4,2,0.0,0,0.0,0,0.0,0,0.0,0
2012-11-15T09:15:18.500,2208.6,1490,2208.8,5,0.0,0,0.0,0,0.0,0,0.0,0,2209.2,14,0.0,0,0.0,0,0.0,0,0.0,0
2012-11-15T09:15:19.000,2208.2,1509,2208.2,6,0.0,0,0.0,0,0.0,0,0.0,0,2208.8,14,0.0,0,0.0,0,0.0,0,0.0,0
2012-11-15T09:15:19.500,2208.2,1516,2208,14,0.0,0,0.0,0,0.0,0,0.0,0,2208.4,10,0.0,0,0.0,0,0.0,0,0.0,0
2012-11-15T09:15:20.000,2208.2,1556,2208,4,0.0,0,0.0,0,0.0,0,0.0,0,2208.2,2,0.0,0,0.0,0,0.0,0,0.0,0
2012-11-15T09:15:20.500,2207.6,1594,2207.6,105,0.0,0,0.0,0,0.0,0,0.0,0,2208,1,0.0,0,0.0,0,0.0,0,0.0,0
2012-11-15T09:15:21.000,2208,1605,2207.6,109,0.0,0,0.0,0,0.0,0,0.0,0,2208,1,0.0,0,0.0,0,0.0,0,0.0,0
2012-11-15T09:15:21.500,2208.6,1607,2208.4,17,0.0,0,0.0,0,0.0,0,0.0,0,2208.8,1,0.0,0,0.0,0,0.0,0,0.0,0
2012-11-15T09:15:22.000,2208.8,1615,2208.4,11,0.0,0,0.0,0,0.0,0,0.0,0,2208.8,6,0.0,0,0.0,0,0.0,0,0.0,0
2012-11-15T09:15:22.500,2208.8,1622,2208.6,1,0.0,0,0.0,0,0.0,0,0.0,0,2209,1,0.0,0,0.0,0,0.0,0,0.0,0
2012-11-15T09:15:23.000,2209,1634,2208.6,16,0.0,0,0.0,0,0.0,0,0.0,0,2209,4,0.0,0,0.0,0,0.0,0,0.0,0
2012-11-15T09:15:23.500,2208.6,1656,2208.4,15,0.0,0,0.0,0,0.0,0,0.0,0,2208.6,7,0.0,0,0.0,0,0.0,0,0.0,0
2012-11-15T09:15:24.000,2208.6,1674,2208.2,21,0.0,0,0.0,0,0.0,0,0.0,0,2208.4,26,0.0,0,0.0,0,0.0,0,0.0,0
2012-11-15T09:15:24.500,2208.4,1685,2208.2,15,0.0,0,0.0,0,0.0,0,0.0,0,2208.4,29,0.0,0,0.0,0,0.0,0,0.0,0
2012-11-15T09:15:25.000,2208.6,1722,2208.2,14,0.0,0,0.0,0,0.0,0,0.0,0,2208.4,1,0.0,0,0.0,0,0.0,0,0.0,0
2012-11-15T09:15:25.500,2208.2,1728,2208.4,6,0.0,0,0.0,0,0.0,0,0.0,0,2208.8,7,0.0,0,0.0,0,0.0,0,0.0,0
2012-11-15T09:15:26.000,2208.6,1734,2208.6,26,0.0,0,0.0,0,0.0,0,0.0,0,2208.8,22,0.0,0,0.0,0,0.0,0,0.0,0
2012-11-15T09:15:26.500,2208.8,1753,2208.6,16,0.0,0,0.0,0,0.0,0,0.0,0,2208.8,7,0.0,0,0.0,0,0.0,0,0.0,0
2012-11-15T09:15:27.000,2208.6,1788,2208.4,11,0.0,0,0.0,0,0.0,0,0.0,0,2208.6,15,0.0,0,0.0,0,0.0,0,0.0,0
2012-11-15T09:15:27.500,2208.4,1794,2208.4,11,0.0,0,0.0,0,0.0,0,0.0,0,2208.6,7,0.0,0,0.0,0,0.0,0,0.0,0
2012-11-15T09:15:28.000,2208.6,1799,2208.4,14,0.0,0,0.0,0,0.0,0,0.0,0,2208.6,4,0.0,0,0.0,0,0.0,0,0.0,0
2012-11-15T09:15:28.500,2208.6,1806,2208.4,19,0.0,0,0.0,0,0.0,0,0.0,0,2208.6,1,0.0,0,0.0,0,0.0,0,0.0,0
2012-11-15T09:15:29.000,2208.8,1808,2208.6,5,0.0,0,0.0,0,0.0,0,0.0,0,2209,5,0.0,0,0.0,0,0.0,0,0.0,0
2012-11-15T09:15:29.500,2208.8,1810,2208.8,4,0.0,0,0.0,0,0.0,0,0.0,0,2209,2,0.0,0,0.0,0,0.0,0,0.0,0
2012-11-15T09:15:30.000,2209,1823,2208.6,20,0.0,0,0.0,0,0.0,0,0.0,0,2209.2,15,0.0,0,0.0,0,0.0,0,0.0,0
2012-11-15T09:15:30.500,2209,1830,2208.8,10,0.0,0,0.0,0,0.0,0,0.0,0,2209.2,5,0.0,0,0.0,0,0.0,0,0.0,0
2012-11-15T09:15:31.000,2208.6,1844,2208.6,14,0.0,0,0.0,0,0.0,0,0.0,0,2208.8,10,0.0,0,0.0,0,0.0,0,0.0,0
2012-11-15T09:15:31.500,2208.8,1853,2208.6,21,0.0,0,0.0,0,0.0,0,0.0,0,2208.8,1,0.0,0,0.0,0,0.0,0,0.0,0
2012-11-15T09:15:32.000,2209.2,1857,2208.8,24,0.0,0,0.0,0,0.0,0,0.0,0,2209.2,2,0.0,0,0.0,0,0.0,0,0.0,0
2012-11-15T09:15:32.500,2208.8,1863,2208.8,18,0.0,0,0.0,0,0.0,0,0.0,0,2209,1,0.0,0,0.0,0,0.0,0,0.0,0
2012-11-15T09:15:33.000,2209,1879,2209,5,0.0,0,0.0,0,0.0,0,0.0,0,2209.2,9,0.0,0,0.0,0,0.0,0,0.0,0
2012-11-15T09:15:33.500,2209.2,1885,2209.2,9,0.0,0,0.0,0,0.0,0,0.0,0,2209.4,15,0.0,0,0.0,0,0.0,0,0.0,0
2012-11-15T09:15:34.000,2209,1898,2209.2,3,0.0,0,0.0,0,0.0,0,0.0,0,2209.4,15,0.0,0,0.0,0,0.0,0,0.0,0
2012-11-15T09:15:34.500,2209.4,1902,2209.2,2,0.0,0,0.0,0,0.0,0,0.0,0,2209.4,6,0.0,0,0.0,0,0.0,0,0.0,0
2012-11-15T09:15:35.000,2209.4,1910,2209.4,22,0.0,0,0.0,0,0.0,0,0.0,0,2209.6,7,0.0,0,0.0,0,0.0,0,0.0,0
2012-11-15T09:15:35.500,2209.6,1912,2209.4,28,0.0,0,0.0,0,0.0,0,0.0,0,2209.6,2,0.0,0,0.0,0,0.0,0,0.0,0
2012-11-15T09:15:36.000,2209.6,1933,2209.6,14,0.0,0,0.0,0,0.0,0,0.0,0,2209.8,19,0.0,0,0.0,0,0.0,0,0.0,0
2012-11-15T09:15:36.500,2209.4,1955,2209.4,22,0.0,0,0.0,0,0.0,0,0.0,0,2209.6,35,0.0,0,0.0,0,0.0,0,0.0,0
2012-11-15T09:15:37.000,2209.4,1966,2209.4,20,0.0,0,0.0,0,0.0,0,0.0,0,2209.6,13,0.0,0,0.0,0,0.0,0,0.0,0
2012-11-15T09:15:37.500,2209.6,1994,2209.6,9,0.0,0,0.0,0,0.0,0,0.0,0,2209.8,15,0.0,0,0.0,0,0.0,0,0.0,0
2012-11-15T09:15:38.000,2209.6,2000,2209.6,5,0.0,0,0.0,0,0.0,0,0.0,0,2209.8,19,0.0,0,0.0,0,0.0,0,0.0,0
2012-11-15T09:15:38.500,2209.6,2013,2209.6,5,0.0,0,0.0,0,0.0,0,0.0,0,2210,16,0.0,0,0.0,0,0.0,0,0.0,0
2012-11-15T09:15:39.000,2210,2016,2209.8,2,0.0,0,0.0,0,0.0,0,0.0,0,2210,32,0.0,0,0.0,0,0.0,0,0.0,0
2012-11-15T09:15:39.500,2209.4,2034,2209.2,30,0.0,0,0.0,0,0.0,0,0.0,0,2209.4,10,0.0,0,0.0,0,0.0,0,0.0,0
2012-11-15T09:15:40.000,2209.4,2058,2209.4,15,0.0,0,0.0,0,0.0,0,0.0,0,2209.6,1,0.0,0,0.0,0,0.0,0,0.0,0
2012-11-15T09:15:40.500,2209.6,2059,2209.6,4,0.0,0,0.0,0,0.0,0,0.0,0,2210,21,0.0,0,0.0,0,0.0,0,0.0,0
2012-11-15T09:15:41.000,2209.4,2070,2209.4,1,0.0,0,0.0,0,0.0,0,0.0,0,2209.6,1,0.0,0,0.0,0,0.0,0,0.0,0
2012-11-15T09:15:41.500,2209.6,2079,2209.6,1,0.0,0,0.0,0,0.0,0,0.0,0,2209.8,1,0.0,0,0.0,0,0.0,0,0.0,0
2012-11-15T09:15:42.000,2209.8,2082,2209.2,30,0.0,0,0.0,0,0.0,0,0.0,0,2209.8,9,0.0,0,0.0,0,0.0,0,0.0,0
2012-11-15T09:15:42.500,2209.8,2084,2209.6,1,0.0,0,0.0,0,0.0,0,0.0,0,2209.8,4,0.0,0,0.0,0,0.0,0,0.0,0
2012-11-15T09:15:43.000,2209.6,2086,2209.6,4,0.0,0,0.0,0,0.0,0,0.0,0,2209.8,9,0.0,0,0.0,0,0.0,0,0.0,0
2012-11-15T09:15:43.500,2209.6,2098,2209.2,34,0.0,0,0.0,0,0.0,0,0.0,0,2209.6,1,0.0,0,0.0,0,0.0,0,0.0,0
2012-11-15T09:15:44.000,2209.6,2102,2209.2,26,0.0,0,0.0,0,0.0,0,0.0,0,2209.6,6,0.0,0,0.0,0,0.0,0,0.0,0
2012-11-15T09:15:44.500,2209.8,2109,2209.4,10,0.0,0,0.0,0,0.0,0,0.0,0,2209.6,7,0.0,0,0.0,0,0.0,0,0.0,0
2012-11-15T09:15:45.000,2209.8,2118,2209.4,9,0.0,0,0.0,0,0.0,0,0.0,0,2209.8,11,0.0,0,0.0,0,0.0,0,0.0,0
2012-11-15T09:15:45.500,2209.4,2123,2209.4,9,0.0,0,0.0,0,0.0,0,0.0,0,2209.6,1,0.0,0,0.0,0,0.0,0,0.0,0
2012-11-15T09:15:46.000,2209.4,2128,2209.4,7,0.0,0,0.0,0,0.0,0,0.0,0,2209.8,11,0.0,0,0.0,0,0.0,0,0.0,0
2012-11-15T09:15:46.500,2209.6,2129,2209.6,1,0.0,0,0.0,0,0.0,0,0.0,0,2209.8,5,0.0,0,0.0,0,0.0,0,0.0,0
2012-11-15T09:15:47.000,2209.8,2137,2209.8,25,0.0,0,0.0,0,0.0,0,0.0,0,2210,20,0.0,0,0.0,0,0.0,0,0.0,0
2012-11-15T09:15:47.500,2210,2145,2209.8,19,0.0,0,0.0,0,0.0,0,0.0,0,2210,22,0.0,0,0.0,0,0.0,0,0.0,0
2012-11-15T09:15:48.000,2210,2147,2209.8,20,0.0,0,0.0,0,0.0,0,0.0,0,2210,10,0.0,0,0.0,0,0.0,0,0.0,0
2012-11-15T09:15:48.500,2210,2161,2210,8,0.0,0,0.0,0,0.0,0,0.0,0,2210.2,8,0.0,0,0.0,0,0.0,0,0.0,0
2012-11-15T09:15:49.000,2210.2,2174,2209.8,24,0.0,0,0.0,0,0.0,0,0.0,0,2210.2,21,0.0,0,0.0,0,0.0,0,0.0,0
2012-11-15T09:15:49.500,2210.2,2181,2210,1,0.0,0,0.0,0,0.0,0,0.0,0,2210.2,2,0.0,0,0.0,0,0.0,0,0.0,0
2012-11-15T09:15:50.000,2210.2,2185,2210,9,0.0,0,0.0,0,0.0,0,0.0,0,2210.4,3,0.0,0,0.0,0,0.0,0,0.0,0
2012-11-15T09:15:50.500,2210,2195,2210,5,0.0,0,0.0,0,0.0,0,0.0,0,2210.4,2,0.0,0,0.0,0,0.0,0,0.0,0
2012-11-15T09:15:51.000,2210.4,2202,2210.4,5,0.0,0,0.0,0,0.0,0,0.0,0,2210.6,13,0.0,0,0.0,0,0.0,0,0.0,0
2012-11-15T09:15:51.500,2210,2215,2210,3,0.0,0,0.0,0,0.0,0,0.0,0,2210.2,12,0.0,0,0.0,0,0.0,0,0.0,0
2012-11-15T09:15:52.000,2210.2,2232,2210,7,0.0,0,0.0,0,0.0,0,0.0,0,2210.2,15,0.0,0,0.0,0,0.0,0,0.0,0
2012-11-15T09:15:52.500,2210,2238,2209.8,25,0.0,0,0.0,0,0.0,0,0.0,0,2210,32,0.0,0,0.0,0,0.0,0,0.0,0
2012-11-15T09:15:53.000,2210,2256,2209.8,19,0.0,0,0.0,0,0.0,0,0.0,0,2210,25,0.0,0,0.0,0,0.0,0,0.0,0
2012-11-15T09:15:53.500,2209.8,2302,2209.8,12,0.0,0,0.0,0,0.0,0,0.0,0,2210.4,36,0.0,0,0.0,0,0.0,0,0.0,0
2012-11-15T09:15:54.000,2209.8,2307,2210,1,0.0,0,0.0,0,0.0,0,0.0,0,2210.2,1,0.0,0,0.0,0,0.0,0,0.0,0
2012-11-15T09:15:54.500,2210.2,2341,2210.2,2,0.0,0,0.0,0,0.0,0,0.0,0,2210.4,34,0.0,0,0.0,0,0.0,0,0.0,0
2012-11-15T09:15:55.000,2209.8,2344,2209.8,6,0.0,0,0.0,0,0.0,0,0.0,0,2210,1,0.0,0,0.0,0,0.0,0,0.0,0
2012-11-15T09:15:55.500,2210,2350,2209.8,7,0.0,0,0.0,0,0.0,0,0.0,0,2210.2,19,0.0,0,0.0,0,0.0,0,0.0,0
2012-11-15T09:15:56.250,2209.8,2358,2209.8,1,0.0,0,0.0,0,0.0,0,0.0,0,2210.2,19,0.0,0,0.0,0,0.0,0,0.0,0
2012-11-15T09:15:57.000,2210.2,2370,2210,14,0.0,0,0.0,0,0.0,0,0.0,0,2210.2,14,0.0,0,0.0,0,0.0,0,0.0,0
2012-11-15T09:15:57.500,2210,2387,2210,12,0.0,0,0.0,0,0.0,0,0.0,0,2210.4,38,0.0,0,0.0,0,0.0,0,0.0,0
2012-11-15T09:15:58.000,2210.2,2415,2210,7,0.0,0,0.0,0,0.0,0,0.0,0,2210.2,4,0.0,0,0.0,0,0.0,0,0.0,0
2012-11-15T09:15:58.500,2209.6,2435,2209.8,6,0.0,0,0.0,0,0.0,0,0.0,0,2210.2,6,0.0,0,0.0,0,0.0,0,0.0,0
2012-11-15T09:15:59.000,2210.2,2438,2210,1,0.0,0,0.0,0,0.0,0,0.0,0,2210.2,4,0.0,0,0.0,0,0.0,0,0.0,0
2012-11-15T09:15:59.500,2210,2439,2209.8,7,0.0,0,0.0,0,0.0,0,0.0,0,2210.2,4,0.0,0,0.0,0,0.0,0,0.0,0
2012-11-15T09:16:00.000,2210.2,2442,2209.8,7,0.0,0,0.0,0,0.0,0,0.0,0,2210.2,2,0.0,0,0.0,0,0.0,0,0.0,0
2012-11-15T09:16:00.500,2209.8,2453,2210,1,0.0,0,0.0,0,0.0,0,0.0,0,2210.2,7,0.0,0,0.0,0,0.0,0,0.0,0
2012-11-15T09:16:01.000,2210.2,2469,2209.8,3,0.0,0,0.0,0,0.0,0,0.0,0,2210.4,29,0.0,0,0.0,0,0.0,0,0.0,0
2012-11-15T09:16:01.500,2209.8,2477,2209.8,3,0.0,0,0.0,0,0.0,0,0.0,0,2210.2,4,0.0,0,0.0,0,0.0,0,0.0,0
2012-11-15T09:16:02.000,2209.8,2479,2209.6,68,0.0,0,0.0,0,0.0,0,0.0,0,2209.8,3,0.0,0,0.0,0,0.0,0,0.0,0
2012-11-15T09:16:02.500,2210,2504,2210,29,0.0,0,0.0,0,0.0,0,0.0,0,2210.2,16,0.0,0,0.0,0,0.0,0,0.0,0
2012-11-15T09:16:03.000,2210,2518,2210,15,0.0,0,0.0,0,0.0,0,0.0,0,2210.2,11,0.0,0,0.0,0,0.0,0,0.0,0
2012-11-15T09:16:03.500,2209.8,2544,2209.6,64,0.0,0,0.0,0,0.0,0,0.0,0,2210.2,7,0.0,0,0.0,0,0.0,0,0.0,0
2012-11-15T09:16:04.000,2209.8,2549,2209.8,5,0.0,0,0.0,0,0.0,0,0.0,0,2210.2,20,0.0,0,0.0,0,0.0,0,0.0,0
2012-11-15T09:16:04.500,2209.6,2569,2209.6,50,0.0,0,0.0,0,0.0,0,0.0,0,2209.8,1,0.0,0,0.0,0,0.0,0,0.0,0
2012-11-15T09:16:05.000,2209.6,2575,2209.6,52,0.0,0,0.0,0,0.0,0,0.0,0,2209.8,9,0.0,0,0.0,0,0.0,0,0.0,0
2012-11-15T09:16:05.500,2209.8,2579,2209.6,46,0.0,0,0.0,0,0.0,0,0.0,0,2209.8,7,0.0,0,0.0,0,0.0,0,0.0,0
2012-11-15T09:16:06.000,2209.6,2590,2209.6,41,0.0,0,0.0,0,0.0,0,0.0,0,2209.8,1,0.0,0,0.0,0,0.0,0,0.0,0
2012-11-15T09:16:06.500,2209.6,2597,2209.6,37,0.0,0,0.0,0,0.0,0,0.0,0,2210,23,0.0,0,0.0,0,0.0,0,0.0,0
2012-11-15T09:16:07.000,2209.6,2603,2209.6,37,0.0,0,0.0,0,0.0,0,0.0,0,2210,20,0.0,0,0.0,0,0.0,0,0.0,0
2012-11-15T09:16:07.500,2209.6,2609,2209.8,1,0.0,0,0.0,0,0.0,0,0.0,0,2210,17,0.0,0,0.0,0,0.0,0,0.0,0
2012-11-15T09:16:08.000,2209.6,2615,2209.6,24,0.0,0,0.0,0,0.0,0,0.0,0,2209.8,2,0.0,0,0.0,0,0.0,0,0.0,0
2012-11-15T09:16:08.500,2209.6,2625,2209.6,20,0.0,0,0.0,0,0.0,0,0.0,0,2209.8,4,0.0,0,0.0,0,0.0,0,0.0,0
2012-11-15T09:16:09.000,2209.6,2630,2209.6,15,0.0,0,0.0,0,0.0,0,0.0,0,2209.8,13,0.0,0,0.0,0,0.0,0,0.0,0
2012-11-15T09:16:09.500,2209.6,2670,2209.4,21,0.0,0,0.0,0,0.0,0,0.0,0,2209.6,15,0.0,0,0.0,0,0.0,0,0.0,0
2012-11-15T09:16:10.000,2209.6,2678,2209.4,21,0.0,0,0.0,0,0.0,0,0.0,0,2209.6,10,0.0,0,0.0,0,0.0,0,0.0,0
2012-11-15T09:16:10.500,2209.6,2681,2209.4,13,0.0,0,0.0,0,0.0,0,0.0,0,2209.6,11,0.0,0,0.0,0,0.0,0,0.0,0
2012-11-15T09:16:11.000,2209.4,2702,2209.2,43,0.0,0,0.0,0,0.0,0,0.0,0,2209.4,21,0.0,0,0.0,0,0.0,0,0.0,0
2012-11-15T09:16:11.500,2209.4,2703,2209.2,43,0.0,0,0.0,0,0.0,0,0.0,0,2209.4,26,0.0,0,0.0,0,0.0,0,0.0,0
2012-11-15T09:16:12.000,2209.4,2729,2209.2,32,0.0,0,0.0,0,0.0,0,0.0,0,2209.4,12,0.0,0,0.0,0,0.0,0,0.0,0
2012-11-15T09:16:12.500,2209,2765,2209,37,0.0,0,0.0,0,0.0,0,0.0,0,2209.2,18,0.0,0,0.0,0,0.0,0,0.0,0
2012-11-15T09:16:13.000,2209,2777,2209,26,0.0,0,0.0,0,0.0,0,0.0,0,2209.2,6,0.0,0,0.0,0,0.0,0,0.0,0
2012-11-15T09:16:13.500,2209,2793,2209,12,0.0,0,0.0,0,0.0,0,0.0,0,2209.2,26,0.0,0,0.0,0,0.0,0,0.0,0
2012-11-15T09:16:14.000,2209,2808,2208.8,32,0.0,0,0.0,0,0.0,0,0.0,0,2209,13,0.0,0,0.0,0,0.0,0,0.0,0
2012-11-15T09:16:14.500,2209,2815,2208.8,30,0.0,0,0.0,0,0.0,0,0.0,0,2209,31,0.0,0,0.0,0,0.0,0,0.0,0
2012-11-15T09:16:15.000,2208.8,2817,2208.8,28,0.0,0,0.0,0,0.0,0,0.0,0,2209,31,0.0,0,0.0,0,0.0,0,0.0,0
2012-11-15T09:16:15.500,2208.8,2849,2208.6,33,0.0,0,0.0,0,0.0,0,0.0,0,2208.8,49,0.0,0,0.0,0,0.0,0,0.0,0
2012-11-15T09:16:16.000,2208.8,2856,2208.6,32,0.0,0,0.0,0,0.0,0,0.0,0,2208.8,36,0.0,0,0.0,0,0.0,0,0.0,0
2012-11-15T09:16:16.500,2208.6,2861,2208.6,27,0.0,0,0.0,0,0.0,0,0.0,0,2208.8,13,0.0,0,0.0,0,0.0,0,0.0,0
2012-11-15T09:16:17.000,2208.8,2862,2208.6,36,0.0,0,0.0,0,0.0,0,0.0,0,2208.8,10,0.0,0,0.0,0,0.0,0,0.0,0
2012-11-15T09:16:17.500,2208.6,2871,2208.6,30,0.0,0,0.0,0,0.0,0,0.0,0,2208.8,7,0.0,0,0.0,0,0.0,0,0.0,0
2012-11-15T09:16:18.000,2208.6,2886,2208.8,4,0.0,0,0.0,0,0.0,0,0.0,0,2209,8,0.0,0,0.0,0,0.0,0,0.0,0
2012-11-15T09:16:18.500,2208.6,2902,2208.6,16,0.0,0,0.0,0,0.0,0,0.0,0,2208.8,3,0.0,0,0.0,0,0.0,0,0.0,0
2012-11-15T09:16:19.000,2208.6,2904,2208.6,15,0.0,0,0.0,0,0.0,0,0.0,0,2208.8,5,0.0,0,0.0,0,0.0,0,0.0,0
2012-11-15T09:16:19.500,2208.6,2914,2208.8,3,0.0,0,0.0,0,0.0,0,0.0,0,2209,7,0.0,0,0.0,0,0.0,0,0.0,0
2012-11-15T09:16:20.000,2208.6,2923,2208.6,9,0.0,0,0.0,0,0.0,0,0.0,0,2209,8,0.0,0,0.0,0,0.0,0,0.0,0
2012-11-15T09:16:20.500,2209,2929,2208.8,1,0.0,0,0.0,0,0.0,0,0.0,0,2209,3,0.0,0,0.0,0,0.0,0,0.0,0
2012-11-15T09:16:21.000,2208.8,2934,2208.6,18,0.0,0,0.0,0,0.0,0,0.0,0,2209,4,0.0,0,0.0,0,0.0,0,0.0,0
2012-11-15T09:16:21.500,2208.8,2940,2208.8,6,0.0,0,0.0,0,0.0,0,0.0,0,2209.2,3,0.0,0,0.0,0,0.0,0,0.0,0
2012-11-15T09:16:22.250,2208.8,2943,2208.6,22,0.0,0,0.0,0,0.0,0,0.0,0,2208.8,48,0.0,0,0.0,0,0.0,0,0.0,0
2012-11-15T09:16:23.000,2208.8,2997,2208.8,1,0.0,0,0.0,0,0.0,0,0.0,0,2209,1,0.0,0,0.0,0,0.0,0,0.0,0
2012-11-15T09:16:23.500,2208.6,3002,2208.8,3,0.0,0,0.0,0,0.0,0,0.0,0,2209,2,0.0,0,0.0,0,0.0,0,0.0,0
2012-11-15T09:16:24.000,2208.6,3010,2208.6,12,0.0,0,0.0,0,0.0,0,0.0,0,2209,4,0.0,0,0.0,0,0.0,0,0.0,0
2012-11-15T09:16:24.500,2209,3012,2209,10,0.0,0,0.0,0,0.0,0,0.0,0,2209.2,5,0.0,0,0.0,0,0.0,0,0.0,0
2012-11-15T09:16:25.000,2208.8,3039,2208.6,2,0.0,0,0.0,0,0.0,0,0.0,0,2208.8,2,0.0,0,0.0,0,0.0,0,0.0,0
2012-11-15T09:16:25.500,2208.6,3074,2208.8,4,0.0,0,0.0,0,0.0,0,0.0,0,2209.2,16,0.0,0,0.0,0,0.0,0,0.0,0
2012-11-15T09:16:26.000,2208.8,3076,2208.8,15,0.0,0,0.0,0,0.0,0,0.0,0,2209,5,0.0,0,0.0,0,0.0,0,0.0,0
2012-11-15T09:16:26.500,2209.2,3092,2208.8,9,0.0,0,0.0,0,0.0,0,0.0,0,2209.2,8,0.0,0,0.0,0,0.0,0,0.0,0
2012-11-15T09:16:27.250,2209.2,3095,2209,5,0.0,0,0.0,0,0.0,0,0.0,0,2209.4,11,0.0,0,0.0,0,0.0,0,0.0,0
2012-11-15T09:16:28.000,2209.2,3103,2209.2,5,0.0,0,0.0,0,0.0,0,0.0,0,2209.4,5,0.0,0,0.0,0,0.0,0,0.0,0
2012-11-15T09:16:28.500,2209.4,3108,2209.4,9,0.0,0,0.0,0,0.0,0,0.0,0,2209.6,7,0.0,0,0.0,0,0.0,0,0.0,0
2012-11-15T09:16:29.000,2209.4,3109,2209.2,22,0.0,0,0.0,0,0.0,0,0.0,0,2209.4,1,0.0,0,0.0,0,0.0,0,0.0,0
2012-11-15T09:16:29.500,2209.4,3112,2209.4,2,0.0,0,0.0,0,0.0,0,0.0,0,2209.6,8,0.0,0,0.0,0,0.0,0,0.0,0
2012-11-15T09:16:30.000,2209.4,3113,2209.4,2,0.0,0,0.0,0,0.0,0,0.0,0,2209.6,8,0.0,0,0.0,0,0.0,0,0.0,0
2012-11-15T09:16:30.500,2209.4,3115,2209.4,1,0.0,0,0.0,0,0.0,0,0.0,0,2209.6,9,0.0,0,0.0,0,0.0,0,0.0,0
2012-11-15T09:16:31.000,2209.6,3117,2209.4,1,0.0,0,0.0,0,0.0,0,0.0,0,2209.6,7,0.0,0,0.0,0,0.0,0,0.0,0
2012-11-15T09:16:31.500,2209.2,3119,2209.2,10,0.0,0,0.0,0,0.0,0,0.0,0,2209.4,2,0.0,0,0.0,0,0.0,0,0.0,0
2012-11-15T09:16:32.000,2209.6,3124,2209.4,25,0.0,0,0.0,0,0.0,0,0.0,0,2209.6,5,0.0,0,0.0,0,0.0,0,0.0,0
2012-11-15T09:16:32.500,2209.6,3130,2209.6,7,0.0,0,0.0,0,0.0,0,0.0,0,2209.8,10,0.0,0,0.0,0,0.0,0,0.0,0
2012-11-15T09:16:33.000,2209.6,3134,2209.6,5,0.0,0,0.0,0,0.0,0,0.0,0,2209.8,9,0.0,0,0.0,0,0.0,0,0.0,0
2012-11-15T09:16:33.500,2209.8,3136,2209.6,4,0.0,0,0.0,0,0.0,0,0.0,0,2209.8,8,0.0,0,0.0,0,0.0,0,0.0,0
2012-11-15T09:16:34.000,2209.8,3140,2209.6,8,0.0,0,0.0,0,0.0,0,0.0,0,2209.8,4,0.0,0,0.0,0,0.0,0,0.0,0
2012-11-15T09:16:34.500,2209.8,3142,2209.6,8,0.0,0,0.0,0,0.0,0,0.0,0,2209.8,2,0.0,0,0.0,0,0.0,0,0.0,0
2012-11-15T09:16:35.000,2209.8,3148,2209.8,6,0.0,0,0.0,0,0.0,0,0.0,0,2210,22,0.0,0,0.0,0,0.0,0,0.0,0
2012-11-15T09:16:35.500,2209.8,3159,2209.6,10,0.0,0,0.0,0,0.0,0,0.0,0,2209.8,3,0.0,0,0.0,0,0.0,0,0.0,0
2012-11-15T09:16:36.000,2209.8,3166,2209.8,17,0.0,0,0.0,0,0.0,0,0.0,0,2210,33,0.0,0,0.0,0,0.0,0,0.0,0
2012-11-15T09:16:36.500,2209.8,3186,2209.8,49,0.0,0,0.0,0,0.0,0,0.0,0,2210,33,0.0,0,0.0,0,0.0,0,0.0,0
2012-11-15T09:16:37.000,2210,3189,2209.8,49,0.0,0,0.0,0,0.0,0,0.0,0,2210,31,0.0,0,0.0,0,0.0,0,0.0,0
2012-11-15T09:16:37.500,2210,3190,2209.8,49,0.0,0,0.0,0,0.0,0,0.0,0,2210,30,0.0,0,0.0,0,0.0,0,0.0,0
2012-11-15T09:16:38.000,2209.8,3195,2209.8,46,0.0,0,0.0,0,0.0,0,0.0,0,2210,27,0.0,0,0.0,0,0.0,0,0.0,0
2012-11-15T09:16:38.500,2209.8,3200,2209.8,49,0.0,0,0.0,0,0.0,0,0.0,0,2210,24,0.0,0,0.0,0,0.0,0,0.0,0
2012-11-15T09:16:39.000,2209.8,3219,2209.8,47,0.0,0,0.0,0,0.0,0,0.0,0,2210,1,0.0,0,0.0,0,0.0,0,0.0,0
2012-11-15T09:16:39.500,2209.8,3227,2209.8,39,0.0,0,0.0,0,0.0,0,0.0,0,2210,1,0.0,0,0.0,0,0.0,0,0.0,0
2012-11-15T09:16:40.000,2210,3234,2210,38,0.0,0,0.0,0,0.0,0,0.0,0,2210.2,41,0.0,0,0.0,0,0.0,0,0.0,0
2012-11-15T09:16:40.500,2210,3236,2210,37,0.0,0,0.0,0,0.0,0,0.0,0,2210.2,38,0.0,0,0.0,0,0.0,0,0.0,0
2012-11-15T09:16:41.000,2210,3270,2210,5,0.0,0,0.0,0,0.0,0,0.0,0,2210.2,38,0.0,0,0.0,0,0.0,0,0.0,0
2012-11-15T09:16:41.500,2210.2,3278,2210,4,0.0,0,0.0,0,0.0,0,0.0,0,2210.2,32,0.0,0,0.0,0,0.0,0,0.0,0
2012-11-15T09:16:42.000,2210,3279,2210,3,0.0,0,0.0,0,0.0,0,0.0,0,2210.2,32,0.0,0,0.0,0,0.0,0,0.0,0
2012-11-15T09:16:42.500,2210,3282,2209.8,45,0.0,0,0.0,0,0.0,0,0.0,0,2210,2,0.0,0,0.0,0,0.0,0,0.0,0
2012-11-15T09:16:43.000,2210,3286,2210,1,0.0,0,0.0,0,0.0,0,0.0,0,2210.2,25,0.0,0,0.0,0,0.0,0,0.0,0
2012-11-15T09:16:43.500,2210,3287,2209.8,45,0.0,0,0.0,0,0.0,0,0.0,0,2210,2,0.0,0,0.0,0,0.0,0,0.0,0
2012-11-15T09:16:44.000,2210.2,3293,2209.8,45,0.0,0,0.0,0,0.0,0,0.0,0,2210.2,23,0.0,0,0.0,0,0.0,0,0.0,0
2012-11-15T09:16:44.500,2210,3295,2209.8,45,0.0,0,0.0,0,0.0,0,0.0,0,2210,1,0.0,0,0.0,0,0.0,0,0.0,0
2012-11-15T09:16:45.250,2210,3297,2209.8,46,0.0,0,0.0,0,0.0,0,0.0,0,2210.2,23,0.0,0,0.0,0,0.0,0,0.0,0
2012-11-15T09:16:46.000,2210,3299,2209.8,41,0.0,0,0.0,0,0.0,0,0.0,0,2210.2,23,0.0,0,0.0,0,0.0,0,0.0,0
2012-11-15T09:16:46.500,2209.8,3302,2209.8,38,0.0,0,0.0,0,0.0,0,0.0,0,2210.2,24,0.0,0,0.0,0,0.0,0,0.0,0
2012-11-15T09:16:47.000,2209.8,3304,2209.8,37,0.0,0,0.0,0,0.0,0,0.0,0,2210.2,27,0.0,0,0.0,0,0.0,0,0.0,0
2012-11-15T09:16:47.500,2209.8,3307,2209.8,34,0.0,0,0.0,0,0.0,0,0.0,0,2210.2,27,0.0,0,0.0,0,0.0,0,0.0,0
2012-11-15T09:16:48.250,2209.8,3311,2209.8,32,0.0,0,0.0,0,0.0,0,0.0,0,2210.2,27,0.0,0,0.0,0,0.0,0,0.0,0
2012-11-15T09:16:49.000,2210,3317,2210,24,0.0,0,0.0,0,0.0,0,0.0,0,2210.2,27,0.0,0,0.0,0,0.0,0,0.0,0
2012-11-15T09:16:49.500,2210.2,3320,2210,28,0.0,0,0.0,0,0.0,0,0.0,0,2210.2,31,0.0,0,0.0,0,0.0,0,0.0,0
2012-11-15T09:16:50.000,2210,3329,2210,19,0.0,0,0.0,0,0.0,0,0.0,0,2210.2,33,0.0,0,0.0,0,0.0,0,0.0,0
2012-11-15T09:16:50.500,2210,3330,2210,18,0.0,0,0.0,0,0.0,0,0.0,0,2210.2,33,0.0,0,0.0,0,0.0,0,0.0,0
2012-11-15T09:16:51.000,2210.2,3336,2210,13,0.0,0,0.0,0,0.0,0,0.0,0,2210.2,32,0.0,0,0.0,0,0.0,0,0.0,0
2012-11-15T09:16:51.500,2210,3343,2210,9,0.0,0,0.0,0,0.0,0,0.0,0,2210.2,32,0.0,0,0.0,0,0.0,0,0.0,0
2012-11-15T09:16:52.000,2210.2,3354,2209.8,26,0.0,0,0.0,0,0.0,0,0.0,0,2210.2,31,0.0,0,0.0,0,0.0,0,0.0,0
2012-11-15T09:16:52.500,2210.2,3355,2209.8,26,0.0,0,0.0,0,0.0,0,0.0,0,2210,11,0.0,0,0.0,0,0.0,0,0.0,0
2012-11-15T09:16:53.000,2210,3357,2209.8,26,0.0,0,0.0,0,0.0,0,0.0,0,2210,11,0.0,0,0.0,0,0.0,0,0.0,0
2012-11-15T09:16:53.500,2210,3361,2209.8,26,0.0,0,0.0,0,0.0,0,0.0,0,2210,4,0.0,0,0.0,0,0.0,0,0.0,0
2012-11-15T09:16:54.000,2210,3364,2209.8,26,0.0,0,0.0,0,0.0,0,0.0,0,2210,3,0.0,0,0.0,0,0.0,0,0.0,0
2012-11-15T09:16:54.500,2210,3370,2210,28,0.0,0,0.0,0,0.0,0,0.0,0,2210.2,48,0.0,0,0.0,0,0.0,0,0.0,0
2012-11-15T09:16:55.000,2210.2,3399,2209.8,23,0.0,0,0.0,0,0.0,0,0.0,0,2210,6,0.0,0,0.0,0,0.0,0,0.0,0
2012-11-15T09:16:55.500,2210,3405,2209.8,29,0.0,0,0.0,0,0.0,0,0.0,0,2210,26,0.0,0,0.0,0,0.0,0,0.0,0
2012-11-15T09:16:56.000,2210,3415,2210,95,0.0,0,0.0,0,0.0,0,0.0,0,2210.2,39,0.0,0,0.0,0,0.0,0,0.0,0
2012-11-15T09:16:56.500,2210.2,3440,2210,92,0.0,0,0.0,0,0.0,0,0.0,0,2210.2,37,0.0,0,0.0,0,0.0,0,0.0,0
2012-11-15T09:16:57.000,2210.2,3443,2210,102,0.0,0,0.0,0,0.0,0,0.0,0,2210.2,33,0.0,0,0.0,0,0.0,0,0.0,0
2012-11-15T09:16:57.500,2210.2,3445,2210,102,0.0,0,0.0,0,0.0,0,0.0,0,2210.2,32,0.0,0,0.0,0,0.0,0,0.0,0
2012-11-15T09:16:58.000,2210.2,3453,2210,104,0.0,0,0.0,0,0.0,0,0.0,0,2210.2,26,0.0,0,0.0,0,0.0,0,0.0,0
2012-11-15T09:16:58.500,2210,3461,2210,104,0.0,0,0.0,0,0.0,0,0.0,0,2210.2,17,0.0,0,0.0,0,0.0,0,0.0,0
2012-11-15T09:16:59.000,2210.2,3481,2210.2,13,0.0,0,0.0,0,0.0,0,0.0,0,2210.4,50,0.0,0,0.0,0,0.0,0,0.0,0
2012-11-15T09:16:59.500,2210.2,3483,2210.2,102,0.0,0,0.0,0,0.0,0,0.0,0,2210.4,72,0.0,0,0.0,0,0.0,0,0.0,0
2012-11-15T09:17:00.000,2210.2,3485,2210.2,100,0.0,0,0.0,0,0.0,0,0.0,0,2210.4,72,0.0,0,0.0,0,0.0,0,0.0,0
2012-11-15T09:17:00.500,2210.2,3494,2210.2,92,0.0,0,0.0,0,0.0,0,0.0,0,2210.4,71,0.0,0,0.0,0,0.0,0,0.0,0
2012-11-15T09:17:01.000,2210.2,3498,2210.2,93,0.0,0,0.0,0,0.0,0,0.0,0,2210.4,69,0.0,0,0.0,0,0.0,0,0.0,0
2012-11-15T09:17:01.500,2210.2,3506,2210.2,95,0.0,0,0.0,0,0.0,0,0.0,0,2210.4,41,0.0,0,0.0,0,0.0,0,0.0,0
2012-11-15T09:17:02.250,2210.2,3522,2210.2,79,0.0,0,0.0,0,0.0,0,0.0,0,2210.4,42,0.0,0,0.0,0,0.0,0,0.0,0
2012-11-15T09:17:03.250,2210.2,3532,2210.2,69,0.0,0,0.0,0,0.0,0,0.0,0,2210.4,44,0.0,0,0.0,0,0.0,0,0.0,0
2012-11-15T09:17:04.000,2210.4,3543,2210.2,70,0.0,0,0.0,0,0.0,0,0.0,0,2210.4,34,0.0,0,0.0,0,0.0,0,0.0,0
2012-11-15T09:17:04.500,2210.2,3549,2210.2,69,0.0,0,0.0,0,0.0,0,0.0,0,2210.4,29,0.0,0,0.0,0,0.0,0,0.0,0
2012-11-15T09:17:05.000,2210.2,3551,2210.2,68,0.0,0,0.0,0,0.0,0,0.0,0,2210.4,29,0.0,0,0.0,0,0.0,0,0.0,0
2012-11-15T09:17:05.500,2210.2,3554,2210.2,67,0.0,0,0.0,0,0.0,0,0.0,0,2210.4,28,0.0,0,0.0,0,0.0,0,0.0,0
2012-11-15T09:17:06.000,2210.4,3556,2210.2,68,0.0,0,0.0,0,0.0,0,0.0,0,2210.4,26,0.0,0,0.0,0,0.0,0,0.0,0
2012-11-15T09:17:06.500,2210.2,3561,2210.2,64,0.0,0,0.0,0,0.0,0,0.0,0,2210.4,26,0.0,0,0.0,0,0.0,0,0.0,0
2012-11-15T09:17:07.000,2210.2,3562,2210.2,63,0.0,0,0.0,0,0.0,0,0.0,0,2210.4,26,0.0,0,0.0,0,0.0,0,0.0,0
2012-11-15T09:17:07.500,2210.4,3567,2210.2,62,0.0,0,0.0,0,0.0,0,0.0,0,2210.4,23,0.0,0,0.0,0,0.0,0,0.0,0
2012-11-15T09:17:08.250,2210.4,3570,2210.2,56,0.0,0,0.0,0,0.0,0,0.0,0,2210.4,20,0.0,0,0.0,0,0.0,0,0.0,0
2012-11-15T09:17:09.000,2210.4,3576,2210.2,57,0.0,0,0.0,0,0.0,0,0.0,0,2210.4,15,0.0,0,0.0,0,0.0,0,0.0,0
2012-11-15T09:17:09.500,2210.4,3578,2210.2,57,0.0,0,0.0,0,0.0,0,0.0,0,2210.4,13,0.0,0,0.0,0,0.0,0,0.0,0
2012-11-15T09:17:10.000,2210.4,3585,2210.2,60,0.0,0,0.0,0,0.0,0,0.0,0,2210.4,10,0.0,0,0.0,0,0.0,0,0.0,0
2012-11-15T09:17:10.500,2210.2,3588,2210.2,56,0.0,0,0.0,0,0.0,0,0.0,0,2210.4,9,0.0,0,0.0,0,0.0,0,0.0,0
2012-11-15T09:17:11.000,2210.4,3596,2210.4,1,0.0,0,0.0,0,0.0,0,0.0,0,2210.6,35,0.0,0,0.0,0,0.0,0,0.0,0
2012-11-15T09:17:11.500,2210.4,3628,2210.2,57,0.0,0,0.0,0,0.0,0,0.0,0,2210.6,4,0.0,0,0.0,0,0.0,0,0.0,0
2012-11-15T09:17:12.000,2210.4,3629,2210.2,58,0.0,0,0.0,0,0.0,0,0.0,0,2210.4,3,0.0,0,0.0,0,0.0,0,0.0,0
2012-11-15T09:17:12.500,2210.2,3634,2210.2,57,0.0,0,0.0,0,0.0,0,0.0,0,2210.6,4,0.0,0,0.0,0,0.0,0,0.0,0
2012-11-15T09:17:13.000,2210.6,3636,2210.4,9,0.0,0,0.0,0,0.0,0,0.0,0,2210.6,2,0.0,0,0.0,0,0.0,0,0.0,0
2012-11-15T09:17:13.500,2210.6,3637,2210.4,9,0.0,0,0.0,0,0.0,0,0.0,0,2210.6,1,0.0,0,0.0,0,0.0,0,0.0,0
2012-11-15T09:17:14.000,2210.4,3639,2210.4,8,0.0,0,0.0,0,0.0,0,0.0,0,2210.6,1,0.0,0,0.0,0,0.0,0,0.0,0
2012-11-15T09:17:14.500,2210.4,3641,2210.4,6,0.0,0,0.0,0,0.0,0,0.0,0,2210.6,2,0.0,0,0.0,0,0.0,0,0.0,0
2012-11-15T09:17:15.000,2210.6,3644,2210.6,5,0.0,0,0.0,0,0.0,0,0.0,0,2210.8,31,0.0,0,0.0,0,0.0,0,0.0,0
2012-11-15T09:17:15.500,2210.6,3648,2210.6,3,0.0,0,0.0,0,0.0,0,0.0,0,2210.8,31,0.0,0,0.0,0,0.0,0,0.0,0
2012-11-15T09:17:16.000,2210.8,3663,2210.6,8,0.0,0,0.0,0,0.0,0,0.0,0,2210.8,23,0.0,0,0.0,0,0.0,0,0.0,0
2012-11-15T09:17:16.500,2210.6,3678,2210.6,2,0.0,0,0.0,0,0.0,0,0.0,0,2210.8,36,0.0,0,0.0,0,0.0,0,0.0,0
2012-11-15T09:17:17.000,2210.4,3682,2210.2,57,0.0,0,0.0,0,0.0,0,0.0,0,2210.6,2,0.0,0,0.0,0,0.0,0,0.0,0
2012-11-15T09:17:17.500,2210.4,3685,2210.4,3,0.0,0,0.0,0,0.0,0,0.0,0,2210.6,3,0.0,0,0.0,0,0.0,0,0.0,0
2012-11-15T09:17:18.250,2210.6,3686,2210.4,4,0.0,0,0.0,0,0.0,0,0.0,0,2210.6,4,0.0,0,0.0,0,0.0,0,0.0,0
2012-11-15T09:17:19.000,2210.6,3690,2210.4,2,0.0,0,0.0,0,0.0,0,0.0,0,2210.6,4,0.0,0,0.0,0,0.0,0,0.0,0
2012-11-15T09:17:19.500,2210.6,3692,2210.4,2,0.0,0,0.0,0,0.0,0,0.0,0,2210.6,2,0.0,0,0.0,0,0.0,0,0.0,0
2012-11-15T09:17:20.250,2210.6,3698,2210.6,47,0.0,0,0.0,0,0.0,0,0.0,0,2210.8,13,0.0,0,0.0,0,0.0,0,0.0,0
2012-11-15T09:17:21.250,2210.6,3702,2210.6,47,0.0,0,0.0,0,0.0,0,0.0,0,2210.8,11,0.0,0,0.0,0,0.0,0,0.0,0
2012-11-15T09:17:22.000,2210.6,3704,2210.6,46,0.0,0,0.0,0,0.0,0,0.0,0,2210.8,11,0.0,0,0.0,0,0.0,0,0.0,0
2012-11-15T09:17:22.500,2210.8,3705,2210.6,46,0.0,0,0.0,0,0.0,0,0.0,0,2210.8,10,0.0,0,0.0,0,0.0,0,0.0,0
2012-11-15T09:17:23.000,2210.8,3712,2210.6,46,0.0,0,0.0,0,0.0,0,0.0,0,2210.8,3,0.0,0,0.0,0,0.0,0,0.0,0
2012-11-15T09:17:23.500,2210.8,3715,2210.6,97,0.0,0,0.0,0,0.0,0,0.0,0,2211,63,0.0,0,0.0,0,0.0,0,0.0,0
2012-11-15T09:17:24.000,2210.6,3717,2210.6,96,0.0,0,0.0,0,0.0,0,0.0,0,2211,78,0.0,0,0.0,0,0.0,0,0.0,0
2012-11-15T09:17:24.500,2211,3733,2210.6,95,0.0,0,0.0,0,0.0,0,0.0,0,2211,63,0.0,0,0.0,0,0.0,0,0.0,0
2012-11-15T09:17:25.000,2211,3740,2210.6,95,0.0,0,0.0,0,0.0,0,0.0,0,2211,45,0.0,0,0.0,0,0.0,0,0.0,0
2012-11-15T09:17:25.500,2211,3741,2210.6,98,0.0,0,0.0,0,0.0,0,0.0,0,2211,44,0.0,0,0.0,0,0.0,0,0.0,0
2012-11-15T09:17:26.000,2211,3748,2210.6,92,0.0,0,0.0,0,0.0,0,0.0,0,2211,40,0.0,0,0.0,0,0.0,0,0.0,0
2012-11-15T09:17:26.500,2211,3751,2210.6,95,0.0,0,0.0,0,0.0,0,0.0,0,2211,37,0.0,0,0.0,0,0.0,0,0.0,0
2012-11-15T09:17:27.000,2211,3760,2210.6,104,0.0,0,0.0,0,0.0,0,0.0,0,2211,6,0.0,0,0.0,0,0.0,0,0.0,0
2012-11-15T09:17:27.500,2211,3761,2210.8,8,0.0,0,0.0,0,0.0,0,0.0,0,2211,6,0.0,0,0.0,0,0.0,0,0.0,0
2012-11-15T09:17:28.000,2211,3767,2211,1,0.0,0,0.0,0,0.0,0,0.0,0,2211.2,15,0.0,0,0.0,0,0.0,0,0.0,0
2012-11-15T09:17:28.500,2211,3768,2211,2,0.0,0,0.0,0,0.0,0,0.0,0,2211.2,5,0.0,0,0.0,0,0.0,0,0.0,0
2012-11-15T09:17:29.000,2211,3771,2211,6,0.0,0,0.0,0,0.0,0,0.0,0,2211.2,3,0.0,0,0.0,0,0.0,0,0.0,0
2012-11-15T09:17:29.500,2211.2,3774,2211,7,0.0,0,0.0,0,0.0,0,0.0,0,2211.2,14,0.0,0,0.0,0,0.0,0,0.0,0
2012-11-15T09:17:30.000,2211,3779,2211,3,0.0,0,0.0,0,0.0,0,0.0,0,2211.2,15,0.0,0,0.0,0,0.0,0,0.0,0
2012-11-15T09:17:30.500,2211,3781,2211,1,0.0,0,0.0,0,0.0,0,0.0,0,2211.2,41,0.0,0,0.0,0,0.0,0,0.0,0
2012-11-15T09:17:31.000,2211.2,3784,2211,1,0.0,0,0.0,0,0.0,0,0.0,0,2211.2,40,0.0,0,0.0,0,0.0,0,0.0,0
2012-11-15T09:17:31.500,2211,3788,2210.8,16,0.0,0,0.0,0,0.0,0,0.0,0,2211,1,0.0,0,0.0,0,0.0,0,0.0,0
2012-11-15T09:17:32.000,2211,3789,2210.8,10,0.0,0,0.0,0,0.0,0,0.0,0,2211,4,0.0,0,0.0,0,0.0,0,0.0,0
2012-11-15T09:17:32.500,2211,3792,2210.8,16,0.0,0,0.0,0,0.0,0,0.0,0,2211,3,0.0,0,0.0,0,0.0,0,0.0,0
2012-11-15T09:17:33.000,2211,3797,2211,8,0.0,0,0.0,0,0.0,0,0.0,0,2211.2,15,0.0,0,0.0,0,0.0,0,0.0,0
2012-11-15T09:17:33.500,2211,3800,2211,5,0.0,0,0.0,0,0.0,0,0.0,0,2211.2,40,0.0,0,0.0,0,0.0,0,0.0,0
2012-11-15T09:17:34.250,2211,3809,2210.8,8,0.0,0,0.0,0,0.0,0,0.0,0,2211,2,0.0,0,0.0,0,0.0,0,0.0,0
2012-11-15T09:17:35.000,2211,3811,2211,28,0.0,0,0.0,0,0.0,0,0.0,0,2211.2,14,0.0,0,0.0,0,0.0,0,0.0,0
2012-11-15T09:17:35.500,2211.2,3813,2211,38,0.0,0,0.0,0,0.0,0,0.0,0,2211.2,13,0.0,0,0.0,0,0.0,0,0.0,0
2012-11-15T09:17:36.000,2211,3817,2211,37,0.0,0,0.0,0,0.0,0,0.0,0,2211.2,41,0.0,0,0.0,0,0.0,0,0.0,0
2012-11-15T09:17:36.500,2211,3825,2211,36,0.0,0,0.0,0,0.0,0,0.0,0,2211.2,8,0.0,0,0.0,0,0.0,0,0.0,0
2012-11-15T09:17:37.000,2211.2,3830,2211,36,0.0,0,0.0,0,0.0,0,0.0,0,2211.2,3,0.0,0,0.0,0,0.0,0,0.0,0
2012-11-15T09:17:37.500,2211,3831,2211,35,0.0,0,0.0,0,0.0,0,0.0,0,2211.2,30,0.0,0,0.0,0,0.0,0,0.0,0
2012-11-15T09:17:38.000,2211.2,3832,2211,35,0.0,0,0.0,0,0.0,0,0.0,0,2211.2,31,0.0,0,0.0,0,0.0,0,0.0,0
2012-11-15T09:17:38.500,2211.2,3865,2211,34,0.0,0,0.0,0,0.0,0,0.0,0,2211.2,1,0.0,0,0.0,0,0.0,0,0.0,0
2012-11-15T09:17:39.000,2211,3869,2211,31,0.0,0,0.0,0,0.0,0,0.0,0,2211.2,10,0.0,0,0.0,0,0.0,0,0.0,0
2012-11-15T09:17:39.500,2211,3871,2211,31,0.0,0,0.0,0,0.0,0,0.0,0,2211.4,35,0.0,0,0.0,0,0.0,0,0.0,0
2012-11-15T09:17:40.000,2211,3884,2211,19,0.0,0,0.0,0,0.0,0,0.0,0,2211.4,44,0.0,0,0.0,0,0.0,0,0.0,0
2012-11-15T09:17:40.500,2210.8,3904,2210.8,18,0.0,0,0.0,0,0.0,0,0.0,0,2211,8,0.0,0,0.0,0,0.0,0,0.0,0
2012-11-15T09:17:41.000,2211,3920,2210.8,30,0.0,0,0.0,0,0.0,0,0.0,0,2211,14,0.0,0,0.0,0,0.0,0,0.0,0
2012-11-15T09:17:41.500,2211,3935,2210.8,17,0.0,0,0.0,0,0.0,0,0.0,0,2211.2,3,0.0,0,0.0,0,0.0,0,0.0,0
2012-11-15T09:17:42.000,2211.2,3937,2210.8,16,0.0,0,0.0,0,0.0,0,0.0,0,2211.2,9,0.0,0,0.0,0,0.0,0,0.0,0
2012-11-15T09:17:42.500,2211.2,3938,2210.8,16,0.0,0,0.0,0,0.0,0,0.0,0,2211.2,3,0.0,0,0.0,0,0.0,0,0.0,0
2012-11-15T09:17:43.000,2211.2,3944,2211,5,0.0,0,0.0,0,0.0,0,0.0,0,2211.2,9,0.0,0,0.0,0,0.0,0,0.0,0
2012-11-15T09:17:43.500,2211,3951,2211,2,0.0,0,0.0,0,0.0,0,0.0,0,2211.2,6,0.0,0,0.0,0,0.0,0,0.0,0
2012-11-15T09:17:44.250,2211,3953,2211,1,0.0,0,0.0,0,0.0,0,0.0,0,2211.2,8,0.0,0,0.0,0,0.0,0,0.0,0
2012-11-15T09:17:45.000,2211,3955,2211,4,0.0,0,0.0,0,0.0,0,0.0,0,2211.2,12,0.0,0,0.0,0,0.0,0,0.0,0
2012-11-15T09:17:45.500,2211.2,3960,2211,11,0.0,0,0.0,0,0.0,0,0.0,0,2211.2,7,0.0,0,0.0,0,0.0,0,0.0,0
2012-11-15T09:17:46.000,2211,3966,2211,7,0.0,0,0.0,0,0.0,0,0.0,0,2211.2,11,0.0,0,0.0,0,0.0,0,0.0,0
2012-11-15T09:17:46.500,2211,3967,2211,16,0.0,0,0.0,0,0.0,0,0.0,0,2211.2,12,0.0,0,0.0,0,0.0,0,0.0,0
2012-11-15T09:17:47.000,2211.2,3969,2211,17,0.0,0,0.0,0,0.0,0,0.0,0,2211.2,4,0.0,0,0.0,0,0.0,0,0.0,0
2012-11-15T09:17:47.500,2211,3971,2211,19,0.0,0,0.0,0,0.0,0,0.0,0,2211.2,4,0.0,0,0.0,0,0.0,0,0.0,0
2012-11-15T09:17:48.000,2211,3972,2211,18,0.0,0,0.0,0,0.0,0,0.0,0,2211.2,10,0.0,0,0.0,0,0.0,0,0.0,0
2012-11-15T09:17:48.500,2211,3974,2211,18,0.0,0,0.0,0,0.0,0,0.0,0,2211.2,10,0.0,0,0.0,0,0.0,0,0.0,0
2012-11-15T09:17:49.000,2211,3976,2211,17,0.0,0,0.0,0,0.0,0,0.0,0,2211.2,10,0.0,0,0.0,0,0.0,0,0.0,0
2012-11-15T09:17:49.500,2211.2,3988,2211.2,90,0.0,0,0.0,0,0.0,0,0.0,0,2211.4,60,0.0,0,0.0,0,0.0,0,0.0,0
2012-11-15T09:17:50.000,2211.2,3990,2211.2,101,0.0,0,0.0,0,0.0,0,0.0,0,2211.4,68,0.0,0,0.0,0,0.0,0,0.0,0
2012-11-15T09:17:50.500,2211.2,4012,2211.2,80,0.0,0,0.0,0,0.0,0,0.0,0,2211.4,36,0.0,0,0.0,0,0.0,0,0.0,0
2012-11-15T09:17:51.000,2211.4,4018,2211.2,77,0.0,0,0.0,0,0.0,0,0.0,0,2211.4,36,0.0,0,0.0,0,0.0,0,0.0,0
2012-11-15T09:17:51.500,2211.4,4021,2211.2,77,0.0,0,0.0,0,0.0,0,0.0,0,2211.4,45,0.0,0,0.0,0,0.0,0,0.0,0
2012-11-15T09:17:52.000,2211.4,4023,2211.2,76,0.0,0,0.0,0,0.0,0,0.0,0,2211.4,44,0.0,0,0.0,0,0.0,0,0.0,0
2012-11-15T09:17:52.500,2211.4,4024,2211.2,76,0.0,0,0.0,0,0.0,0,0.0,0,2211.4,43,0.0,0,0.0,0,0.0,0,0.0,0
2012-11-15T09:17:54.000,2211.4,4026,2211.2,77,0.0,0,0.0,0,0.0,0,0.0,0,2211.4,42,0.0,0,0.0,0,0.0,0,0.0,0
2012-11-15T09:17:54.500,2211.4,4036,2211.2,77,0.0,0,0.0,0,0.0,0,0.0,0,2211.4,34,0.0,0,0.0,0,0.0,0,0.0,0
2012-11-15T09:17:55.000,2211.4,4038,2211.2,83,0.0,0,0.0,0,0.0,0,0.0,0,2211.4,19,0.0,0,0.0,0,0.0,0,0.0,0
2012-11-15T09:17:55.500,2211.4,4044,2211.2,73,0.0,0,0.0,0,0.0,0,0.0,0,2211.4,29,0.0,0,0.0,0,0.0,0,0.0,0
2012-11-15T09:17:56.000,2211.2,4050,2211.2,78,0.0,0,0.0,0,0.0,0,0.0,0,2211.4,28,0.0,0,0.0,0,0.0,0,0.0,0
2012-11-15T09:17:56.500,2211.4,4082,2211.4,70,0.0,0,0.0,0,0.0,0,0.0,0,2211.6,24,0.0,0,0.0,0,0.0,0,0.0,0
2012-11-15T09:17:57.250,2211.4,4105,2211.4,67,0.0,0,0.0,0,0.0,0,0.0,0,2211.6,1,0.0,0,0.0,0,0.0,0,0.0,0
2012-11-15T09:17:58.000,2211.6,4108,2211.6,4,0.0,0,0.0,0,0.0,0,0.0,0,2211.8,38,0.0,0,0.0,0,0.0,0,0.0,0
2012-11-15T09:17:58.500,2211.4,4117,2211.4,67,0.0,0,0.0,0,0.0,0,0.0,0,2211.8,47,0.0,0,0.0,0,0.0,0,0.0,0
2012-11-15T09:17:59.000,2211.6,4119,2211.4,70,0.0,0,0.0,0,0.0,0,0.0,0,2211.6,2,0.0,0,0.0,0,0.0,0,0.0,0
2012-11-15T09:17:59.500,2211.4,4123,2211.4,68,0.0,0,0.0,0,0.0,0,0.0,0,2211.6,18,0.0,0,0.0,0,0.0,0,0.0,0
2012-11-15T09:18:00.000,2211.6,4124,2211.4,67,0.0,0,0.0,0,0.0,0,0.0,0,2211.6,21,0.0,0,0.0,0,0.0,0,0.0,0
2012-11-15T09:18:00.500,2211.4,4128,2211.4,76,0.0,0,0.0,0,0.0,0,0.0,0,2211.6,21,0.0,0,0.0,0,0.0,0,0.0,0
2012-11-15T09:18:01.000,2211.6,4137,2211.4,75,0.0,0,0.0,0,0.0,0,0.0,0,2211.6,15,0.0,0,0.0,0,0.0,0,0.0,0
2012-11-15T09:18:01.500,2211.6,4157,2211.4,60,0.0,0,0.0,0,0.0,0,0.0,0,2211.6,22,0.0,0,0.0,0,0.0,0,0.0,0
2012-11-15T09:18:02.000,2211.6,4181,2211.4,38,0.0,0,0.0,0,0.0,0,0.0,0,2211.6,11,0.0,0,0.0,0,0.0,0,0.0,0
2012-11-15T09:18:02.500,2211.4,4188,2211.4,32,0.0,0,0.0,0,0.0,0,0.0,0,2211.6,11,0.0,0,0.0,0,0.0,0,0.0,0
2012-11-15T09:18:03.000,2211.4,4201,2211.4,22,0.0,0,0.0,0,0.0,0,0.0,0,2211.6,29,0.0,0,0.0,0,0.0,0,0.0,0
2012-11-15T09:18:03.500,2211.4,4228,2211.2,86,0.0,0,0.0,0,0.0,0,0.0,0,2211.4,7,0.0,0,0.0,0,0.0,0,0.0,0
2012-11-15T09:18:04.000,2211.4,4229,2211.2,86,0.0,0,0.0,0,0.0,0,0.0,0,2211.4,5,0.0,0,0.0,0,0.0,0,0.0,0
2012-11-15T09:18:04.500,2211.6,4281,2211.2,84,0.0,0,0.0,0,0.0,0,0.0,0,2211.6,4,0.0,0,0.0,0,0.0,0,0.0,0
2012-11-15T09:18:05.000,2211.4,4283,2211.2,83,0.0,0,0.0,0,0.0,0,0.0,0,2211.4,6,0.0,0,0.0,0,0.0,0,0.0,0
2012-11-15T09:18:05.500,2211.4,4286,2211.2,81,0.0,0,0.0,0,0.0,0,0.0,0,2211.4,7,0.0,0,0.0,0,0.0,0,0.0,0
2012-11-15T09:18:06.000,2211.4,4288,2211.2,81,0.0,0,0.0,0,0.0,0,0.0,0,2211.4,6,0.0,0,0.0,0,0.0,0,0.0,0
2012-11-15T09:18:06.500,2211.2,4291,2211.2,72,0.0,0,0.0,0,0.0,0,0.0,0,2211.4,16,0.0,0,0.0,0,0.0,0,0.0,0
2012-11-15T09:18:07.000,2211.2,4300,2211.2,63,0.0,0,0.0,0,0.0,0,0.0,0,2211.4,20,0.0,0,0.0,0,0.0,0,0.0,0
2012-11-15T09:18:07.500,2211.2,4309,2211.2,54,0.0,0,0.0,0,0.0,0,0.0,0,2211.4,25,0.0,0,0.0,0,0.0,0,0.0,0
2012-11-15T09:18:08.000,2211.2,4317,2211.2,46,0.0,0,0.0,0,0.0,0,0.0,0,2211.4,28,0.0,0,0.0,0,0.0,0,0.0,0
2012-11-15T09:18:08.500,2211.2,4332,2211.2,32,0.0,0,0.0,0,0.0,0,0.0,0,2211.4,30,0.0,0,0.0,0,0.0,0,0.0,0
2012-11-15T09:18:09.000,2211.2,4339,2211.2,25,0.0,0,0.0,0,0.0,0,0.0,0,2211.4,32,0.0,0,0.0,0,0.0,0,0.0,0
2012-11-15T09:18:09.500,2211.2,4349,2211.2,15,0.0,0,0.0,0,0.0,0,0.0,0,2211.4,30,0.0,0,0.0,0,0.0,0,0.0,0
2012-11-15T09:18:10.250,2211.2,4353,2211.2,11,0.0,0,0.0,0,0.0,0,0.0,0,2211.4,24,0.0,0,0.0,0,0.0,0,0.0,0
2012-11-15T09:18:11.000,2211.2,4354,2211.2,10,0.0,0,0.0,0,0.0,0,0.0,0,2211.4,31,0.0,0,0.0,0,0.0,0,0.0,0
2012-11-15T09:18:11.500,2211,4365,2211,21,0.0,0,0.0,0,0.0,0,0.0,0,2211.2,6,0.0,0,0.0,0,0.0,0,0.0,0
2012-11-15T09:18:12.000,2211.2,4366,2211,15,0.0,0,0.0,0,0.0,0,0.0,0,2211.2,14,0.0,0,0.0,0,0.0,0,0.0,0
2012-11-15T09:18:12.500,2210.8,4458,2210.8,14,0.0,0,0.0,0,0.0,0,0.0,0,2211,33,0.0,0,0.0,0,0.0,0,0.0,0
2012-11-15T09:18:13.000,2211,4472,2210.8,20,0.0,0,0.0,0,0.0,0,0.0,0,2211,25,0.0,0,0.0,0,0.0,0,0.0,0
2012-11-15T09:18:13.500,2210.8,4490,2210.6,64,0.0,0,0.0,0,0.0,0,0.0,0,2211,8,0.0,0,0.0,0,0.0,0,0.0,0
2012-11-15T09:18:14.000,2210.8,4491,2210.6,64,0.0,0,0.0,0,0.0,0,0.0,0,2211,8,0.0,0,0.0,0,0.0,0,0.0,0
2012-11-15T09:18:14.500,2210.6,4495,2210.6,62,0.0,0,0.0,0,0.0,0,0.0,0,2210.8,5,0.0,0,0.0,0,0.0,0,0.0,0
2012-11-15T09:18:15.000,2210.8,4500,2210.6,63,0.0,0,0.0,0,0.0,0,0.0,0,2210.8,7,0.0,0,0.0,0,0.0,0,0.0,0
2012-11-15T09:18:15.500,2210.6,4501,2210.6,62,0.0,0,0.0,0,0.0,0,0.0,0,2210.8,8,0.0,0,0.0,0,0.0,0,0.0,0
2012-11-15T09:18:16.000,2210.8,4511,2210.6,58,0.0,0,0.0,0,0.0,0,0.0,0,2210.8,15,0.0,0,0.0,0,0.0,0,0.0,0
2012-11-15T09:18:16.500,2210.8,4517,2210.6,51,0.0,0,0.0,0,0.0,0,0.0,0,2210.8,14,0.0,0,0.0,0,0.0,0,0.0,0
2012-11-15T09:18:17.000,2210.6,4519,2210.6,49,0.0,0,0.0,0,0.0,0,0.0,0,2210.8,14,0.0,0,0.0,0,0.0,0,0.0,0
2012-11-15T09:18:17.500,2210.8,4529,2210.6,47,0.0,0,0.0,0,0.0,0,0.0,0,2210.8,6,0.0,0,0.0,0,0.0,0,0.0,0
2012-11-15T09:18:18.000,2210.6,4560,2210.6,10,0.0,0,0.0,0,0.0,0,0.0,0,2210.8,6,0.0,0,0.0,0,0.0,0,0.0,0
2012-11-15T09:18:18.500,2210.8,4568,2210.8,3,0.0,0,0.0,0,0.0,0,0.0,0,2211,14,0.0,0,0.0,0,0.0,0,0.0,0
2012-11-15T09:18:19.250,2210.6,4577,2210.6,3,0.0,0,0.0,0,0.0,0,0.0,0,2210.8,1,0.0,0,0.0,0,0.0,0,0.0,0
2012-11-15T09:18:20.000,2210.6,4590,2210.4,10,0.0,0,0.0,0,0.0,0,0.0,0,2210.8,2,0.0,0,0.0,0,0.0,0,0.0,0
2012-11-15T09:18:20.500,2210.8,4591,2210.4,10,0.0,0,0.0,0,0.0,0,0.0,0,2210.6,1,0.0,0,0.0,0,0.0,0,0.0,0
2012-11-15T09:18:21.000,2210.6,4593,2210.4,3,0.0,0,0.0,0,0.0,0,0.0,0,2210.6,2,0.0,0,0.0,0,0.0,0,0.0,0
2012-11-15T09:18:21.500,2210.6,4596,2210.4,4,0.0,0,0.0,0,0.0,0,0.0,0,2210.6,6,0.0,0,0.0,0,0.0,0,0.0,0
2012-11-15T09:18:22.000,2210.6,4599,2210.4,4,0.0,0,0.0,0,0.0,0,0.0,0,2210.6,7,0.0,0,0.0,0,0.0,0,0.0,0
2012-11-15T09:18:22.500,2210.4,4603,2210.4,6,0.0,0,0.0,0,0.0,0,0.0,0,2210.6,6,0.0,0,0.0,0,0.0,0,0.0,0
2012-11-15T09:18:23.000,2210.4,4604,2210.2,27,0.0,0,0.0,0,0.0,0,0.0,0,2210.4,3,0.0,0,0.0,0,0.0,0,0.0,0
2012-11-15T09:18:23.500,2210.4,4610,2210.4,4,0.0,0,0.0,0,0.0,0,0.0,0,2210.6,1,0.0,0,0.0,0,0.0,0,0.0,0
2012-11-15T09:18:24.000,2210.2,4643,2210.2,5,0.0,0,0.0,0,0.0,0,0.0,0,2210.6,7,0.0,0,0.0,0,0.0,0,0.0,0
2012-11-15T09:18:24.500,2210.6,4651,2210.6,2,0.0,0,0.0,0,0.0,0,0.0,0,2210.8,14,0.0,0,0.0,0,0.0,0,0.0,0
2012-11-15T09:18:25.000,2210.6,4658,2210.6,7,0.0,0,0.0,0,0.0,0,0.0,0,2210.8,16,0.0,0,0.0,0,0.0,0,0.0,0
2012-11-15T09:18:25.500,2210.6,4659,2210.6,6,0.0,0,0.0,0,0.0,0,0.0,0,2210.8,10,0.0,0,0.0,0,0.0,0,0.0,0
2012-11-15T09:18:26.250,2210.6,4660,2210.6,7,0.0,0,0.0,0,0.0,0,0.0,0,2210.8,8,0.0,0,0.0,0,0.0,0,0.0,0
2012-11-15T09:18:28.000,2210.8,4667,2210.6,35,0.0,0,0.0,0,0.0,0,0.0,0,2210.8,12,0.0,0,0.0,0,0.0,0,0.0,0
2012-11-15T09:18:28.500,2210.6,4677,2210.6,25,0.0,0,0.0,0,0.0,0,0.0,0,2210.8,12,0.0,0,0.0,0,0.0,0,0.0,0
2012-11-15T09:18:29.000,2210.6,4681,2210.6,22,0.0,0,0.0,0,0.0,0,0.0,0,2210.8,11,0.0,0,0.0,0,0.0,0,0.0,0
2012-11-15T09:18:29.500,2210.8,4682,2210.6,22,0.0,0,0.0,0,0.0,0,0.0,0,2210.8,10,0.0,0,0.0,0,0.0,0,0.0,0
2012-11-15T09:18:30.250,2210.6,4683,2210.6,21,0.0,0,0.0,0,0.0,0,0.0,0,2210.8,3,0.0,0,0.0,0,0.0,0,0.0,0
2012-11-15T09:18:31.250,2210.8,4684,2210.6,72,0.0,0,0.0,0,0.0,0,0.0,0,2210.8,4,0.0,0,0.0,0,0.0,0,0.0,0
2012-11-15T09:18:32.000,2210.8,4686,2210.6,71,0.0,0,0.0,0,0.0,0,0.0,0,2210.8,3,0.0,0,0.0,0,0.0,0,0.0,0
2012-11-15T09:18:32.500,2210.6,4688,2210.6,70,0.0,0,0.0,0,0.0,0,0.0,0,2210.8,2,0.0,0,0.0,0,0.0,0,0.0,0
2012-11-15T09:18:33.250,2210.6,4697,2210.6,61,0.0,0,0.0,0,0.0,0,0.0,0,2210.8,1,0.0,0,0.0,0,0.0,0,0.0,0
2012-11-15T09:18:34.250,2210.8,4702,2210.6,61,0.0,0,0.0,0,0.0,0,0.0,0,2210.8,6,0.0,0,0.0,0,0.0,0,0.0,0
2012-11-15T09:18:35.250,2210.6,4703,2210.6,61,0.0,0,0.0,0,0.0,0,0.0,0,2210.8,6,0.0,0,0.0,0,0.0,0,0.0,0
2012-11-15T09:18:36.000,2210.6,4704,2210.6,61,0.0,0,0.0,0,0.0,0,0.0,0,2210.8,1,0.0,0,0.0,0,0.0,0,0.0,0
2012-11-15T09:18:36.500,2210.6,4705,2210.6,60,0.0,0,0.0,0,0.0,0,0.0,0,2210.8,1,0.0,0,0.0,0,0.0,0,0.0,0
2012-11-15T09:18:37.000,2210.6,4708,2210.6,57,0.0,0,0.0,0,0.0,0,0.0,0,2210.8,7,0.0,0,0.0,0,0.0,0,0.0,0
2012-11-15T09:18:37.500,2210.6,4712,2210.6,54,0.0,0,0.0,0,0.0,0,0.0,0,2210.8,5,0.0,0,0.0,0,0.0,0,0.0,0
2012-11-15T09:18:38.000,2210.6,4714,2210.6,51,0.0,0,0.0,0,0.0,0,0.0,0,2210.8,6,0.0,0,0.0,0,0.0,0,0.0,0
2012-11-15T09:18:38.500,2210.6,4718,2210.6,53,0.0,0,0.0,0,0.0,0,0.0,0,2210.8,2,0.0,0,0.0,0,0.0,0,0.0,0
2012-11-15T09:18:39.000,2210.8,4719,2210.6,47,0.0,0,0.0,0,0.0,0,0.0,0,2211,32,0.0,0,0.0,0,0.0,0,0.0,0
2012-11-15T09:18:39.500,2210.8,4727,2210.8,17,0.0,0,0.0,0,0.0,0,0.0,0,2211,40,0.0,0,0.0,0,0.0,0,0.0,0
2012-11-15T09:18:40.000,2210.8,4737,2210.8,18,0.0,0,0.0,0,0.0,0,0.0,0,2211,24,0.0,0,0.0,0,0.0,0,0.0,0
2012-11-15T09:18:40.500,2210.6,4760,2210.8,1,0.0,0,0.0,0,0.0,0,0.0,0,2211,24,0.0,0,0.0,0,0.0,0,0.0,0
2012-11-15T09:18:41.250,2210.8,4761,2210.8,2,0.0,0,0.0,0,0.0,0,0.0,0,2211,24,0.0,0,0.0,0,0.0,0,0.0,0
2012-11-15T09:18:42.000,2211,4766,2210.8,2,0.0,0,0.0,0,0.0,0,0.0,0,2211,18,0.0,0,0.0,0,0.0,0,0.0,0
2012-11-15T09:18:42.500,2210.8,4768,2210.8,1,0.0,0,0.0,0,0.0,0,0.0,0,2211,18,0.0,0,0.0,0,0.0,0,0.0,0
2012-11-15T09:18:43.000,2210.8,4770,2210.6,53,0.0,0,0.0,0,0.0,0,0.0,0,2210.8,2,0.0,0,0.0,0,0.0,0,0.0,0
2012-11-15T09:18:43.500,2211,4773,2210.6,54,0.0,0,0.0,0,0.0,0,0.0,0,2211,23,0.0,0,0.0,0,0.0,0,0.0,0
2012-11-15T09:18:44.250,2210.6,4775,2210.8,6,0.0,0,0.0,0,0.0,0,0.0,0,2211,22,0.0,0,0.0,0,0.0,0,0.0,0
2012-11-15T09:18:45.000,2211,4776,2210.8,6,0.0,0,0.0,0,0.0,0,0.0,0,2211,22,0.0,0,0.0,0,0.0,0,0.0,0
2012-11-15T09:18:45.500,2211,4780,2210.8,16,0.0,0,0.0,0,0.0,0,0.0,0,2211,19,0.0,0,0.0,0,0.0,0,0.0,0
2012-11-15T09:18:46.000,2210.8,4787,2210.8,9,0.0,0,0.0,0,0.0,0,0.0,0,2211,29,0.0,0,0.0,0,0.0,0,0.0,0
2012-11-15T09:18:46.500,2210.8,4789,2210.8,7,0.0,0,0.0,0,0.0,0,0.0,0,2211,30,0.0,0,0.0,0,0.0,0,0.0,0
2012-11-15T09:18:47.250,2210.8,4791,2210.8,6,0.0,0,0.0,0,0.0,0,0.0,0,2211,30,0.0,0,0.0,0,0.0,0,0.0,0
2012-11-15T09:18:48.000,2210.6,4800,2210.6,41,0.0,0,0.0,0,0.0,0,0.0,0,2210.8,18,0.0,0,0.0,0,0.0,0,0.0,0
2012-11-15T09:18:48.500,2210.8,4811,2210.6,40,0.0,0,0.0,0,0.0,0,0.0,0,2210.8,11,0.0,0,0.0,0,0.0,0,0.0,0
2012-11-15T09:18:49.000,2210.8,4817,2210.6,41,0.0,0,0.0,0,0.0,0,0.0,0,2210.8,5,0.0,0,0.0,0,0.0,0,0.0,0
2012-11-15T09:18:49.500,2210.8,4818,2210.6,40,0.0,0,0.0,0,0.0,0,0.0,0,2210.8,8,0.0,0,0.0,0,0.0,0,0.0,0
2012-11-15T09:18:50.000,2210.8,4819,2210.6,40,0.0,0,0.0,0,0.0,0,0.0,0,2210.8,6,0.0,0,0.0,0,0.0,0,0.0,0
2012-11-15T09:18:50.500,2210.8,4820,2210.6,42,0.0,0,0.0,0,0.0,0,0.0,0,2210.8,5,0.0,0,0.0,0,0.0,0,0.0,0
2012-11-15T09:18:51.250,2211,4822,2210.6,47,0.0,0,0.0,0,0.0,0,0.0,0,2211,30,0.0,0,0.0,0,0.0,0,0.0,0
2012-11-15T09:18:52.250,2210.8,4823,2210.6,47,0.0,0,0.0,0,0.0,0,0.0,0,2211,30,0.0,0,0.0,0,0.0,0,0.0,0
2012-11-15T09:18:53.000,2210.8,4853,2210.6,48,0.0,0,0.0,0,0.0,0,0.0,0,2211,1,0.0,0,0.0,0,0.0,0,0.0,0
2012-11-15T09:18:53.500,2211,4854,2210.6,48,0.0,0,0.0,0,0.0,0,0.0,0,2211.2,22,0.0,0,0.0,0,0.0,0,0.0,0
2012-11-15T09:18:54.000,2210.6,4856,2210.6,47,0.0,0,0.0,0,0.0,0,0.0,0,2211,2,0.0,0,0.0,0,0.0,0,0.0,0
2012-11-15T09:18:54.500,2211,4857,2210.6,48,0.0,0,0.0,0,0.0,0,0.0,0,2211,1,0.0,0,0.0,0,0.0,0,0.0,0
2012-11-15T09:18:55.000,2211,4866,2210.8,1,0.0,0,0.0,0,0.0,0,0.0,0,2211.2,19,0.0,0,0.0,0,0.0,0,0.0,0
2012-11-15T09:18:55.500,2210.8,4868,2210.8,1,0.0,0,0.0,0,0.0,0,0.0,0,2211.2,16,0.0,0,0.0,0,0.0,0,0.0,0
2012-11-15T09:18:56.250,2210.8,4869,2210.6,58,0.0,0,0.0,0,0.0,0,0.0,0,2211.2,17,0.0,0,0.0,0,0.0,0,0.0,0
2012-11-15T09:18:57.250,2211.2,4870,2211,31,0.0,0,0.0,0,0.0,0,0.0,0,2211.2,16,0.0,0,0.0,0,0.0,0,0.0,0
2012-11-15T09:18:58.250,2211,4879,2211,26,0.0,0,0.0,0,0.0,0,0.0,0,2211.2,14,0.0,0,0.0,0,0.0,0,0.0,0
2012-11-15T09:18:59.250,2211,4887,2211,25,0.0,0,0.0,0,0.0,0,0.0,0,2211.2,7,0.0,0,0.0,0,0.0,0,0.0,0
2012-11-15T09:19:00.250,2211,4912,2210.8,1,0.0,0,0.0,0,0.0,0,0.0,0,2211,1,0.0,0,0.0,0,0.0,0,0.0,0
2012-11-15T09:19:01.250,2210.6,4914,2210.6,56,0.0,0,0.0,0,0.0,0,0.0,0,2211,2,0.0,0,0.0,0,0.0,0,0.0,0
2012-11-15T09:19:02.250,2211,4916,2210.6,56,0.0,0,0.0,0,0.0,0,0.0,0,2211,2,0.0,0,0.0,0,0.0,0,0.0,0
2012-11-15T09:19:03.000,2210.6,4917,2210.6,55,0.0,0,0.0,0,0.0,0,0.0,0,2211,5,0.0,0,0.0,0,0.0,0,0.0,0
2012-11-15T09:19:03.500,2211,4918,2210.6,55,0.0,0,0.0,0,0.0,0,0.0,0,2211,5,0.0,0,0.0,0,0.0,0,0.0,0
2012-11-15T09:19:04.250,2210.6,4919,2210.6,54,0.0,0,0.0,0,0.0,0,0.0,0,2211,6,0.0,0,0.0,0,0.0,0,0.0,0
2012-11-15T09:19:05.250,2211,4920,2210.6,50,0.0,0,0.0,0,0.0,0,0.0,0,2211,9,0.0,0,0.0,0,0.0,0,0.0,0
2012-11-15T09:19:06.250,2210.6,4921,2210.8,2,0.0,0,0.0,0,0.0,0,0.0,0,2211,9,0.0,0,0.0,0,0.0,0,0.0,0
2012-11-15T09:19:08.000,2210.8,4925,2210.8,6,0.0,0,0.0,0,0.0,0,0.0,0,2211,10,0.0,0,0.0,0,0.0,0,0.0,0
2012-11-15T09:19:08.500,2210.8,4926,2210.8,5,0.0,0,0.0,0,0.0,0,0.0,0,2211,10,0.0,0,0.0,0,0.0,0,0.0,0
2012-11-15T09:19:09.000,2211,4927,2210.8,5,0.0,0,0.0,0,0.0,0,0.0,0,2211,9,0.0,0,0.0,0,0.0,0,0.0,0
2012-11-15T09:19:09.500,2210.8,4931,2210.8,1,0.0,0,0.0,0,0.0,0,0.0,0,2211,11,0.0,0,0.0,0,0.0,0,0.0,0
2012-11-15T09:19:11.250,2211,4934,2210.8,11,0.0,0,0.0,0,0.0,0,0.0,0,2211,12,0.0,0,0.0,0,0.0,0,0.0,0
2012-11-15T09:19:12.000,2211,4946,2211,20,0.0,0,0.0,0,0.0,0,0.0,0,2211.2,7,0.0,0,0.0,0,0.0,0,0.0,0
2012-11-15T09:19:12.500,2211,4951,2211,5,0.0,0,0.0,0,0.0,0,0.0,0,2211.2,5,0.0,0,0.0,0,0.0,0,0.0,0
2012-11-15T09:19:13.000,2211.2,4953,2211,5,0.0,0,0.0,0,0.0,0,0.0,0,2211.2,3,0.0,0,0.0,0,0.0,0,0.0,0
2012-11-15T09:19:13.500,2211,4955,2211,2,0.0,0,0.0,0,0.0,0,0.0,0,2211.2,3,0.0,0,0.0,0,0.0,0,0.0,0
2012-11-15T09:19:14.250,2211.2,4956,2211,5,0.0,0,0.0,0,0.0,0,0.0,0,2211.2,2,0.0,0,0.0,0,0.0,0,0.0,0
2012-11-15T09:19:16.250,2211,4958,2210.8,10,0.0,0,0.0,0,0.0,0,0.0,0,2211.2,10,0.0,0,0.0,0,0.0,0,0.0,0
2012-11-15T09:19:17.250,2211,4959,2211,1,0.0,0,0.0,0,0.0,0,0.0,0,2211.2,9,0.0,0,0.0,0,0.0,0,0.0,0
2012-11-15T09:19:18.250,2210.8,4974,2210.6,65,0.0,0,0.0,0,0.0,0,0.0,0,2210.8,7,0.0,0,0.0,0,0.0,0,0.0,0
2012-11-15T09:19:19.250,2210.8,4981,2210.8,16,0.0,0,0.0,0,0.0,0,0.0,0,2211,10,0.0,0,0.0,0,0.0,0,0.0,0
2012-11-15T09:19:21.250,2211,4982,2210.8,12,0.0,0,0.0,0,0.0,0,0.0,0,2211,23,0.0,0,0.0,0,0.0,0,0.0,0
2012-11-15T09:19:22.250,2211,4985,2210.8,13,0.0,0,0.0,0,0.0,0,0.0,0,2211,26,0.0,0,0.0,0,0.0,0,0.0,0
2012-11-15T09:19:23.000,2211,4986,2210.8,13,0.0,0,0.0,0,0.0,0,0.0,0,2211,13,0.0,0,0.0,0,0.0,0,0.0,0
2012-11-15T09:19:23.500,2210.8,4994,2210.8,12,0.0,0,0.0,0,0.0,0,0.0,0,2211,6,0.0,0,0.0,0,0.0,0,0.0,0
2012-11-15T09:19:24.250,2211,4995,2210.8,12,0.0,0,0.0,0,0.0,0,0.0,0,2211,5,0.0,0,0.0,0,0.0,0,0.0,0
2012-11-15T09:19:26.250,2211,4996,2210.8,14,0.0,0,0.0,0,0.0,0,0.0,0,2211,10,0.0,0,0.0,0,0.0,0,0.0,0
2012-11-15T09:19:27.250,2211,4998,2210.8,15,0.0,0,0.0,0,0.0,0,0.0,0,2211,4,0.0,0,0.0,0,0.0,0,0.0,0
2012-11-15T09:19:28.250,2211,4999,2210.8,15,0.0,0,0.0,0,0.0,0,0.0,0,2211,4,0.0,0,0.0,0,0.0,0,0.0,0
2012-11-15T09:19:29.000,2211,5000,2210.8,14,0.0,0,0.0,0,0.0,0,0.0,0,2211,9,0.0,0,0.0,0,0.0,0,0.0,0
2012-11-15T09:19:29.500,2210.8,5001,2210.8,13,0.0,0,0.0,0,0.0,0,0.0,0,2211,9,0.0,0,0.0,0,0.0,0,0.0,0
2012-11-15T09:19:30.000,2210.8,5003,2210.8,11,0.0,0,0.0,0,0.0,0,0.0,0,2211,11,0.0,0,0.0,0,0.0,0,0.0,0
2012-11-15T09:19:30.500,2210.8,5005,2210.8,9,0.0,0,0.0,0,0.0,0,0.0,0,2211,13,0.0,0,0.0,0,0.0,0,0.0,0
2012-11-15T09:19:31.250,2210.8,5007,2210.8,7,0.0,0,0.0,0,0.0,0,0.0,0,2211,13,0.0,0,0.0,0,0.0,0,0.0,0
2012-11-15T09:19:32.250,2210.8,5008,2210.8,5,0.0,0,0.0,0,0.0,0,0.0,0,2211,14,0.0,0,0.0,0,0.0,0,0.0,0
2012-11-15T09:19:33.000,2211,5016,2211,34,0.0,0,0.0,0,0.0,0,0.0,0,2211.2,20,0.0,0,0.0,0,0.0,0,0.0,0
2012-11-15T09:19:33.500,2211,5019,2211,31,0.0,0,0.0,0,0.0,0,0.0,0,2211.2,20,0.0,0,0.0,0,0.0,0,0.0,0
2012-11-15T09:19:34.250,2211.2,5024,2211,31,0.0,0,0.0,0,0.0,0,0.0,0,2211.2,18,0.0,0,0.0,0,0.0,0,0.0,0
2012-11-15T09:19:35.250,2211.2,5025,2211,32,0.0,0,0.0,0,0.0,0,0.0,0,2211.2,17,0.0,0,0.0,0,0.0,0,0.0,0
2012-11-15T09:19:36.000,2211,5033,2211,32,0.0,0,0.0,0,0.0,0,0.0,0,2211.2,10,0.0,0,0.0,0,0.0,0,0.0,0
2012-11-15T09:19:36.500,2211.2,5035,2211,31,0.0,0,0.0,0,0.0,0,0.0,0,2211.2,9,0.0,0,0.0,0,0.0,0,0.0,0
2012-11-15T09:19:37.250,2211,5036,2211,30,0.0,0,0.0,0,0.0,0,0.0,0,2211.2,9,0.0,0,0.0,0,0.0,0,0.0,0
2012-11-15T09:19:38.250,2211.2,5037,2211,30,0.0,0,0.0,0,0.0,0,0.0,0,2211.2,9,0.0,0,0.0,0,0.0,0,0.0,0
2012-11-15T09:19:39.000,2211.2,5038,2211,30,0.0,0,0.0,0,0.0,0,0.0,0,2211.2,8,0.0,0,0.0,0,0.0,0,0.0,0
2012-11-15T09:19:39.500,2211.2,5041,2211,31,0.0,0,0.0,0,0.0,0,0.0,0,2211.2,6,0.0,0,0.0,0,0.0,0,0.0,0
2012-11-15T09:19:40.250,2211,5045,2211,29,0.0,0,0.0,0,0.0,0,0.0,0,2211.2,6,0.0,0,0.0,0,0.0,0,0.0,0
2012-11-15T09:19:41.000,2211.2,5050,2211,31,0.0,0,0.0,0,0.0,0,0.0,0,2211.2,5,0.0,0,0.0,0,0.0,0,0.0,0
2012-11-15T09:19:41.500,2211,5052,2211,30,0.0,0,0.0,0,0.0,0,0.0,0,2211.2,4,0.0,0,0.0,0,0.0,0,0.0,0
2012-11-15T09:19:42.250,2211.2,5053,2211,31,0.0,0,0.0,0,0.0,0,0.0,0,2211.2,3,0.0,0,0.0,0,0.0,0,0.0,0
2012-11-15T09:19:43.250,2211.2,5055,2211,31,0.0,0,0.0,0,0.0,0,0.0,0,2211.2,1,0.0,0,0.0,0,0.0,0,0.0,0
2012-11-15T09:19:44.250,2211.2,5056,2211,31,0.0,0,0.0,0,0.0,0,0.0,0,2211.4,40,0.0,0,0.0,0,0.0,0,0.0,0
2012-11-15T09:19:45.250,2211,5057,2211,30,0.0,0,0.0,0,0.0,0,0.0,0,2211.2,6,0.0,0,0.0,0,0.0,0,0.0,0
2012-11-15T09:19:46.000,2211,5059,2211,29,0.0,0,0.0,0,0.0,0,0.0,0,2211.2,5,0.0,0,0.0,0,0.0,0,0.0,0
2012-11-15T09:19:46.500,2211.2,5062,2211,29,0.0,0,0.0,0,0.0,0,0.0,0,2211.2,2,0.0,0,0.0,0,0.0,0,0.0,0
2012-11-15T09:19:47.250,2211,5065,2211,27,0.0,0,0.0,0,0.0,0,0.0,0,2211.2,1,0.0,0,0.0,0,0.0,0,0.0,0
2012-11-15T09:19:49.250,2211,5066,2211,26,0.0,0,0.0,0,0.0,0,0.0,0,2211.2,3,0.0,0,0.0,0,0.0,0,0.0,0
2012-11-15T09:19:50.000,2211.2,5067,2211,26,0.0,0,0.0,0,0.0,0,0.0,0,2211.2,2,0.0,0,0.0,0,0.0,0,0.0,0
2012-11-15T09:19:50.500,2211.4,5071,2211.2,9,0.0,0,0.0,0,0.0,0,0.0,0,2211.4,32,0.0,0,0.0,0,0.0,0,0.0,0
2012-11-15T09:19:51.000,2211.4,5079,2211.2,12,0.0,0,0.0,0,0.0,0,0.0,0,2211.4,24,0.0,0,0.0,0,0.0,0,0.0,0
2012-11-15T09:19:51.500,2211.4,5100,2211.2,24,0.0,0,0.0,0,0.0,0,0.0,0,2211.4,4,0.0,0,0.0,0,0.0,0,0.0,0
2012-11-15T09:19:52.000,2211.2,5105,2211.2,22,0.0,0,0.0,0,0.0,0,0.0,0,2211.4,2,0.0,0,0.0,0,0.0,0,0.0,0
2012-11-15T09:19:52.500,2211.4,5107,2211.2,22,0.0,0,0.0,0,0.0,0,0.0,0,2211.4,1,0.0,0,0.0,0,0.0,0,0.0,0
2012-11-15T09:19:53.250,2211.4,5109,2211.4,3,0.0,0,0.0,0,0.0,0,0.0,0,2211.6,15,0.0,0,0.0,0,0.0,0,0.0,0
2012-11-15T09:19:54.000,2211.4,5111,2211.4,1,0.0,0,0.0,0,0.0,0,0.0,0,2211.6,15,0.0,0,0.0,0,0.0,0,0.0,0
2012-11-15T09:19:54.500,2211.4,5112,2211.2,2,0.0,0,0.0,0,0.0,0,0.0,0,2211.4,4,0.0,0,0.0,0,0.0,0,0.0,0
2012-11-15T09:19:55.000,2211.6,5117,2211.2,2,0.0,0,0.0,0,0.0,0,0.0,0,2211.6,20,0.0,0,0.0,0,0.0,0,0.0,0
2012-11-15T09:19:55.500,2211.4,5119,2211.4,3,0.0,0,0.0,0,0.0,0,0.0,0,2211.6,13,0.0,0,0.0,0,0.0,0,0.0,0
2012-11-15T09:19:56.250,2211.4,5121,2211.4,3,0.0,0,0.0,0,0.0,0,0.0,0,2211.6,12,0.0,0,0.0,0,0.0,0,0.0,0
2012-11-15T09:19:57.000,2211.6,5122,2211.4,3,0.0,0,0.0,0,0.0,0,0.0,0,2211.6,11,0.0,0,0.0,0,0.0,0,0.0,0
2012-11-15T09:19:57.500,2211.6,5132,2211.4,4,0.0,0,0.0,0,0.0,0,0.0,0,2211.6,1,0.0,0,0.0,0,0.0,0,0.0,0
2012-11-15T09:19:58.000,2211.6,5133,2211.4,4,0.0,0,0.0,0,0.0,0,0.0,0,2211.8,34,0.0,0,0.0,0,0.0,0,0.0,0
2012-11-15T09:19:58.500,2211.8,5140,2211.4,5,0.0,0,0.0,0,0.0,0,0.0,0,2211.8,27,0.0,0,0.0,0,0.0,0,0.0,0
2012-11-15T09:19:59.000,2211.8,5142,2211.6,2,0.0,0,0.0,0,0.0,0,0.0,0,2211.8,25,0.0,0,0.0,0,0.0,0,0.0,0
2012-11-15T09:19:59.500,2211.6,5148,2211.4,5,0.0,0,0.0,0,0.0,0,0.0,0,2211.6,2,0.0,0,0.0,0,0.0,0,0.0,0
2012-11-15T09:20:00.000,2211.8,5155,2211.4,2,0.0,0,0.0,0,0.0,0,0.0,0,2211.8,21,0.0,0,0.0,0,0.0,0,0.0,0
2012-11-15T09:20:00.500,2211.8,5195,2211.6,2,0.0,0,0.0,0,0.0,0,0.0,0,2211.8,1,0.0,0,0.0,0,0.0,0,0.0,0
2012-11-15T09:20:01.000,2212,5202,2211.8,2,0.0,0,0.0,0,0.0,0,0.0,0,2212,31,0.0,0,0.0,0,0.0,0,0.0,0
2012-11-15T09:20:01.500,2212,5212,2211.4,1,0.0,0,0.0,0,0.0,0,0.0,0,2212,32,0.0,0,0.0,0,0.0,0,0.0,0
2012-11-15T09:20:02.000,2211.8,5225,2211,23,0.0,0,0.0,0,0.0,0,0.0,0,2211.8,5,0.0,0,0.0,0,0.0,0,0.0,0
2012-11-15T09:20:02.500,2212,5284,2211.2,9,0.0,0,0.0,0,0.0,0,0.0,0,2212,6,0.0,0,0.0,0,0.0,0,0.0,0
2012-11-15T09:20:03.000,2211.4,5291,2211.4,2,0.0,0,0.0,0,0.0,0,0.0,0,2211.8,1,0.0,0,0.0,0,0.0,0,0.0,0
2012-11-15T09:20:03.500,2211.8,5294,2211.6,2,0.0,0,0.0,0,0.0,0,0.0,0,2211.8,5,0.0,0,0.0,0,0.0,0,0.0,0
2012-11-15T09:20:04.000,2211.6,5296,2211.4,5,0.0,0,0.0,0,0.0,0,0.0,0,2211.6,6,0.0,0,0.0,0,0.0,0,0.0,0
2012-11-15T09:20:04.500,2212,5300,2211.4,4,0.0,0,0.0,0,0.0,0,0.0,0,2212,17,0.0,0,0.0,0,0.0,0,0.0,0
2012-11-15T09:20:05.250,2211.4,5311,2211.2,1,0.0,0,0.0,0,0.0,0,0.0,0,2211.4,6,0.0,0,0.0,0,0.0,0,0.0,0
2012-11-15T09:20:06.000,2211.4,5314,2211.2,1,0.0,0,0.0,0,0.0,0,0.0,0,2211.4,5,0.0,0,0.0,0,0.0,0,0.0,0
2012-11-15T09:20:06.500,2211.4,5315,2211.2,2,0.0,0,0.0,0,0.0,0,0.0,0,2211.4,4,0.0,0,0.0,0,0.0,0,0.0,0
2012-11-15T09:20:07.000,2211.4,5316,2211.2,2,0.0,0,0.0,0,0.0,0,0.0,0,2211.4,3,0.0,0,0.0,0,0.0,0,0.0,0
2012-11-15T09:20:07.500,2211.4,5318,2211.2,7,0.0,0,0.0,0,0.0,0,0.0,0,2211.4,1,0.0,0,0.0,0,0.0,0,0.0,0
2012-11-15T09:20:08.000,2211.4,5322,2211.2,12,0.0,0,0.0,0,0.0,0,0.0,0,2211.6,2,0.0,0,0.0,0,0.0,0,0.0,0
2012-11-15T09:20:08.500,2211.6,5324,2211.6,2,0.0,0,0.0,0,0.0,0,0.0,0,2211.8,3,0.0,0,0.0,0,0.0,0,0.0,0
2012-11-15T09:20:09.000,2211.4,5327,2211.4,4,0.0,0,0.0,0,0.0,0,0.0,0,2211.8,4,0.0,0,0.0,0,0.0,0,0.0,0
2012-11-15T09:20:09.500,2211.4,5328,2211.4,3,0.0,0,0.0,0,0.0,0,0.0,0,2211.8,6,0.0,0,0.0,0,0.0,0,0.0,0
2012-11-15T09:20:10.000,2211.4,5329,2211.4,2,0.0,0,0.0,0,0.0,0,0.0,0,2211.6,1,0.0,0,0.0,0,0.0,0,0.0,0
2012-11-15T09:20:10.500,2211.4,5332,2211.2,6,0.0,0,0.0,0,0.0,0,0.0,0,2211.4,1,0.0,0,0.0,0,0.0,0,0.0,0
2012-11-15T09:20:14.000,2211.2,5333,2211.2,6,0.0,0,0.0,0,0.0,0,0.0,0,2211.4,8,0.0,0,0.0,0,0.0,0,0.0,0
2012-11-15T09:20:14.500,2211.2,5335,2211.2,4,0.0,0,0.0,0,0.0,0,0.0,0,2211.4,8,0.0,0,0.0,0,0.0,0,0.0,0
2012-11-15T09:20:15.000,2211.2,5337,2211.2,2,0.0,0,0.0,0,0.0,0,0.0,0,2211.4,16,0.0,0,0.0,0,0.0,0,0.0,0
2012-11-15T09:20:15.500,2211.2,5341,2211.2,1,0.0,0,0.0,0,0.0,0,0.0,0,2211.4,6,0.0,0,0.0,0,0.0,0,0.0,0
2012-11-15T09:20:16.250,2211.2,5342,2211,14,0.0,0,0.0,0,0.0,0,0.0,0,2211.2,2,0.0,0,0.0,0,0.0,0,0.0,0
2012-11-15T09:20:19.000,2211.2,5343,2211,10,0.0,0,0.0,0,0.0,0,0.0,0,2211.2,18,0.0,0,0.0,0,0.0,0,0.0,0
2012-11-15T09:20:19.500,2211,5346,2211,8,0.0,0,0.0,0,0.0,0,0.0,0,2211.2,17,0.0,0,0.0,0,0.0,0,0.0,0
2012-11-15T09:20:20.000,2211,5350,2211,5,0.0,0,0.0,0,0.0,0,0.0,0,2211.2,16,0.0,0,0.0,0,0.0,0,0.0,0
2012-11-15T09:20:20.500,2211,5352,2211,4,0.0,0,0.0,0,0.0,0,0.0,0,2211.2,15,0.0,0,0.0,0,0.0,0,0.0,0
2012-11-15T09:20:21.250,2211,5355,2211,2,0.0,0,0.0,0,0.0,0,0.0,0,2211.2,15,0.0,0,0.0,0,0.0,0,0.0,0
2012-11-15T09:20:22.250,2211,5362,2211,1,0.0,0,0.0,0,0.0,0,0.0,0,2211.2,17,0.0,0,0.0,0,0.0,0,0.0,0
2012-11-15T09:20:23.000,2211,5363,2210.8,23,0.0,0,0.0,0,0.0,0,0.0,0,2211,18,0.0,0,0.0,0,0.0,0,0.0,0
2012-11-15T09:20:23.500,2211.2,5386,2211,1,0.0,0,0.0,0,0.0,0,0.0,0,2211.2,15,0.0,0,0.0,0,0.0,0,0.0,0
2012-11-15T09:20:24.000,2210.8,5387,2210.8,26,0.0,0,0.0,0,0.0,0,0.0,0,2211,1,0.0,0,0.0,0,0.0,0,0.0,0
2012-11-15T09:20:24.500,2210.8,5403,2210.8,14,0.0,0,0.0,0,0.0,0,0.0,0,2211,1,0.0,0,0.0,0,0.0,0,0.0,0
2012-11-15T09:20:25.000,2210.8,5404,2210.8,19,0.0,0,0.0,0,0.0,0,0.0,0,2211,1,0.0,0,0.0,0,0.0,0,0.0,0
2012-11-15T09:20:25.500,2210.8,5406,2210.8,4,0.0,0,0.0,0,0.0,0,0.0,0,2211,2,0.0,0,0.0,0,0.0,0,0.0,0
2012-11-15T09:20:26.250,2210.8,5410,2210.8,3,0.0,0,0.0,0,0.0,0,0.0,0,2211,9,0.0,0,0.0,0,0.0,0,0.0,0
2012-11-15T09:20:27.250,2210.8,5413,2210.6,57,0.0,0,0.0,0,0.0,0,0.0,0,2210.8,1,0.0,0,0.0,0,0.0,0,0.0,0
2012-11-15T09:20:28.250,2210.8,5414,2210.8,23,0.0,0,0.0,0,0.0,0,0.0,0,2211,8,0.0,0,0.0,0,0.0,0,0.0,0
2012-11-15T09:20:29.000,2210.8,5420,2210.8,15,0.0,0,0.0,0,0.0,0,0.0,0,2211,6,0.0,0,0.0,0,0.0,0,0.0,0
2012-11-15T09:20:29.500,2210.8,5425,2210.8,13,0.0,0,0.0,0,0.0,0,0.0,0,2211,5,0.0,0,0.0,0,0.0,0,0.0,0
2012-11-15T09:20:30.250,2211,5426,2210.8,12,0.0,0,0.0,0,0.0,0,0.0,0,2211,6,0.0,0,0.0,0,0.0,0,0.0,0
2012-11-15T09:20:31.250,2210.6,5470,2210.6,55,0.0,0,0.0,0,0.0,0,0.0,0,2211,6,0.0,0,0.0,0,0.0,0,0.0,0
2012-11-15T09:20:32.250,2211,5475,2210.6,21,0.0,0,0.0,0,0.0,0,0.0,0,2211,8,0.0,0,0.0,0,0.0,0,0.0,0
2012-11-15T09:20:33.250,2211,5479,2210.6,23,0.0,0,0.0,0,0.0,0,0.0,0,2211,8,0.0,0,0.0,0,0.0,0,0.0,0
2012-11-15T09:20:34.000,2211,5480,2210.6,23,0.0,0,0.0,0,0.0,0,0.0,0,2210.8,3,0.0,0,0.0,0,0.0,0,0.0,0
2012-11-15T09:20:34.500,2211,5482,2210.6,22,0.0,0,0.0,0,0.0,0,0.0,0,2210.8,1,0.0,0,0.0,0,0.0,0,0.0,0
2012-11-15T09:20:35.000,2210.6,5483,2210.6,21,0.0,0,0.0,0,0.0,0,0.0,0,2210.8,1,0.0,0,0.0,0,0.0,0,0.0,0
2012-11-15T09:20:35.500,2210.8,5484,2210.8,4,0.0,0,0.0,0,0.0,0,0.0,0,2211,9,0.0,0,0.0,0,0.0,0,0.0,0
2012-11-15T09:20:36.250,2210.8,5491,2210.8,1,0.0,0,0.0,0,0.0,0,0.0,0,2211,6,0.0,0,0.0,0,0.0,0,0.0,0
2012-11-15T09:20:37.250,2210.8,5492,2210.6,27,0.0,0,0.0,0,0.0,0,0.0,0,2211,12,0.0,0,0.0,0,0.0,0,0.0,0
2012-11-15T09:20:38.250,2210.6,5497,2210.6,22,0.0,0,0.0,0,0.0,0,0.0,0,2211,13,0.0,0,0.0,0,0.0,0,0.0,0
2012-11-15T09:20:40.250,2210.8,5501,2210.6,23,0.0,0,0.0,0,0.0,0,0.0,0,2211,12,0.0,0,0.0,0,0.0,0,0.0,0
2012-11-15T09:20:41.250,2210.6,5502,2210.6,23,0.0,0,0.0,0,0.0,0,0.0,0,2211,14,0.0,0,0.0,0,0.0,0,0.0,0
2012-11-15T09:20:42.000,2210.8,5505,2210.6,13,0.0,0,0.0,0,0.0,0,0.0,0,2210.8,3,0.0,0,0.0,0,0.0,0,0.0,0
2012-11-15T09:20:42.500,2210.6,5509,2210.6,10,0.0,0,0.0,0,0.0,0,0.0,0,2210.8,3,0.0,0,0.0,0,0.0,0,0.0,0
2012-11-15T09:20:43.000,2210.6,5512,2210.6,7,0.0,0,0.0,0,0.0,0,0.0,0,2210.8,3,0.0,0,0.0,0,0.0,0,0.0,0
2012-11-15T09:20:43.500,2210.6,5519,2210.6,4,0.0,0,0.0,0,0.0,0,0.0,0,2210.8,2,0.0,0,0.0,0,0.0,0,0.0,0
2012-11-15T09:20:44.000,2210.4,5531,2210.4,12,0.0,0,0.0,0,0.0,0,0.0,0,2210.6,2,0.0,0,0.0,0,0.0,0,0.0,0
2012-11-15T09:20:44.500,2210.2,5546,2210.2,27,0.0,0,0.0,0,0.0,0,0.0,0,2210.6,2,0.0,0,0.0,0,0.0,0,0.0,0
2012-11-15T09:20:45.000,2210.2,5553,2210.2,47,0.0,0,0.0,0,0.0,0,0.0,0,2210.4,4,0.0,0,0.0,0,0.0,0,0.0,0
2012-11-15T09:20:45.500,2210.4,5562,2210.4,13,0.0,0,0.0,0,0.0,0,0.0,0,2210.6,3,0.0,0,0.0,0,0.0,0,0.0,0
2012-11-15T09:20:46.000,2210.4,5564,2210.4,3,0.0,0,0.0,0,0.0,0,0.0,0,2210.6,2,0.0,0,0.0,0,0.0,0,0.0,0
2012-11-15T09:20:46.500,2210.8,5571,2210.4,4,0.0,0,0.0,0,0.0,0,0.0,0,2210.8,8,0.0,0,0.0,0,0.0,0,0.0,0
2012-11-15T09:20:47.000,2210.6,5575,2210.4,4,0.0,0,0.0,0,0.0,0,0.0,0,2210.8,6,0.0,0,0.0,0,0.0,0,0.0,0
2012-11-15T09:20:47.500,2210.4,5578,2210.4,3,0.0,0,0.0,0,0.0,0,0.0,0,2210.8,5,0.0,0,0.0,0,0.0,0,0.0,0
2012-11-15T09:20:48.000,2210.4,5579,2210.4,2,0.0,0,0.0,0,0.0,0,0.0,0,2210.8,5,0.0,0,0.0,0,0.0,0,0.0,0
2012-11-15T09:20:48.500,2210.2,5589,2210.2,48,0.0,0,0.0,0,0.0,0,0.0,0,2210.8,5,0.0,0,0.0,0,0.0,0,0.0,0
2012-11-15T09:20:49.250,2210.4,5591,2210.4,4,0.0,0,0.0,0,0.0,0,0.0,0,2210.8,5,0.0,0,0.0,0,0.0,0,0.0,0
2012-11-15T09:20:50.000,2210.6,5593,2210.2,48,0.0,0,0.0,0,0.0,0,0.0,0,2210.8,5,0.0,0,0.0,0,0.0,0,0.0,0
2012-11-15T09:20:50.500,2210.2,5594,2210.2,49,0.0,0,0.0,0,0.0,0,0.0,0,2210.8,5,0.0,0,0.0,0,0.0,0,0.0,0
2012-11-15T09:20:51.250,2210.2,5596,2210.2,46,0.0,0,0.0,0,0.0,0,0.0,0,2210.6,1,0.0,0,0.0,0,0.0,0,0.0,0
2012-11-15T09:20:52.000,2210.2,5597,2210.2,46,0.0,0,0.0,0,0.0,0,0.0,0,2210.6,1,0.0,0,0.0,0,0.0,0,0.0,0
2012-11-15T09:20:52.500,2210.6,5599,2210.2,49,0.0,0,0.0,0,0.0,0,0.0,0,2210.8,10,0.0,0,0.0,0,0.0,0,0.0,0
2012-11-15T09:20:53.000,2210.4,5601,2210.6,1,0.0,0,0.0,0,0.0,0,0.0,0,2210.8,14,0.0,0,0.0,0,0.0,0,0.0,0
2012-11-15T09:20:53.500,2210.4,5602,2210.2,32,0.0,0,0.0,0,0.0,0,0.0,0,2210.6,1,0.0,0,0.0,0,0.0,0,0.0,0
2012-11-15T09:20:54.000,2210.6,5603,2210.4,1,0.0,0,0.0,0,0.0,0,0.0,0,2210.6,1,0.0,0,0.0,0,0.0,0,0.0,0
2012-11-15T09:20:54.500,2210.6,5606,2210.2,49,0.0,0,0.0,0,0.0,0,0.0,0,2210.6,1,0.0,0,0.0,0,0.0,0,0.0,0
2012-11-15T09:20:55.250,2210.2,5611,2210.2,47,0.0,0,0.0,0,0.0,0,0.0,0,2210.6,1,0.0,0,0.0,0,0.0,0,0.0,0
2012-11-15T09:20:56.000,2210.6,5613,2210.6,1,0.0,0,0.0,0,0.0,0,0.0,0,2210.8,15,0.0,0,0.0,0,0.0,0,0.0,0
2012-11-15T09:20:56.500,2210.8,5615,2210.4,6,0.0,0,0.0,0,0.0,0,0.0,0,2210.8,14,0.0,0,0.0,0,0.0,0,0.0,0
2012-11-15T09:20:57.250,2210.8,5617,2210.4,6,0.0,0,0.0,0,0.0,0,0.0,0,2210.8,13,0.0,0,0.0,0,0.0,0,0.0,0
2012-11-15T09:20:58.250,2210.4,5618,2210.4,7,0.0,0,0.0,0,0.0,0,0.0,0,2210.6,6,0.0,0,0.0,0,0.0,0,0.0,0
2012-11-15T09:20:59.250,2210.4,5621,2210.4,4,0.0,0,0.0,0,0.0,0,0.0,0,2210.6,3,0.0,0,0.0,0,0.0,0,0.0,0
2012-11-15T09:21:00.000,2210.8,5640,2210.4,4,0.0,0,0.0,0,0.0,0,0.0,0,2210.8,4,0.0,0,0.0,0,0.0,0,0.0,0
2012-11-15T09:21:00.500,2210.4,5641,2210.4,3,0.0,0,0.0,0,0.0,0,0.0,0,2210.6,7,0.0,0,0.0,0,0.0,0,0.0,0
2012-11-15T09:21:01.000,2210.4,5644,2210.2,22,0.0,0,0.0,0,0.0,0,0.0,0,2210.6,1,0.0,0,0.0,0,0.0,0,0.0,0
2012-11-15T09:21:01.500,2210.6,5647,2210.2,23,0.0,0,0.0,0,0.0,0,0.0,0,2210.4,1,0.0,0,0.0,0,0.0,0,0.0,0
2012-11-15T09:21:02.000,2210.2,5652,2210.2,22,0.0,0,0.0,0,0.0,0,0.0,0,2210.8,11,0.0,0,0.0,0,0.0,0,0.0,0
2012-11-15T09:21:02.500,2210.2,5678,2210.2,1,0.0,0,0.0,0,0.0,0,0.0,0,2210.4,1,0.0,0,0.0,0,0.0,0,0.0,0
2012-11-15T09:21:03.000,2210.2,5680,2210.2,7,0.0,0,0.0,0,0.0,0,0.0,0,2210.4,5,0.0,0,0.0,0,0.0,0,0.0,0
2012-11-15T09:21:03.500,2210.2,5688,2210,46,0.0,0,0.0,0,0.0,0,0.0,0,2210.2,14,0.0,0,0.0,0,0.0,0,0.0,0
2012-11-15T09:21:04.000,2210,5705,2210.2,3,0.0,0,0.0,0,0.0,0,0.0,0,2210.4,3,0.0,0,0.0,0,0.0,0,0.0,0
2012-11-15T09:21:04.500,2209.2,5797,2209.8,2,0.0,0,0.0,0,0.0,0,0.0,0,2210,6,0.0,0,0.0,0,0.0,0,0.0,0
2012-11-15T09:21:05.000,2209.8,5824,2209.8,23,0.0,0,0.0,0,0.0,0,0.0,0,2210,80,0.0,0,0.0,0,0.0,0,0.0,0
2012-11-15T09:21:05.500,2209.8,5834,2209.8,24,0.0,0,0.0,0,0.0,0,0.0,0,2210,81,0.0,0,0.0,0,0.0,0,0.0,0
2012-11-15T09:21:06.000,2209.6,5837,2209.6,2,0.0,0,0.0,0,0.0,0,0.0,0,2209.8,13,0.0,0,0.0,0,0.0,0,0.0,0
2012-11-15T09:21:06.500,2209.6,5840,2209.6,14,0.0,0,0.0,0,0.0,0,0.0,0,2209.8,11,0.0,0,0.0,0,0.0,0,0.0,0
2012-11-15T09:21:07.000,2209.6,5843,2209.6,12,0.0,0,0.0,0,0.0,0,0.0,0,2209.8,12,0.0,0,0.0,0,0.0,0,0.0,0
2012-11-15T09:21:07.500,2209.6,5845,2209.6,11,0.0,0,0.0,0,0.0,0,0.0,0,2209.8,11,0.0,0,0.0,0,0.0,0,0.0,0
2012-11-15T09:21:08.000,2209.8,5846,2209.6,11,0.0,0,0.0,0,0.0,0,0.0,0,2209.8,13,0.0,0,0.0,0,0.0,0,0.0,0
2012-11-15T09:21:08.500,2209.8,5853,2209.6,8,0.0,0,0.0,0,0.0,0,0.0,0,2209.8,8,0.0,0,0.0,0,0.0,0,0.0,0
2012-11-15T09:21:09.000,2209.8,5861,2209.6,11,0.0,0,0.0,0,0.0,0,0.0,0,2209.8,4,0.0,0,0.0,0,0.0,0,0.0,0
2012-11-15T09:21:09.500,2209.8,5865,2209.6,13,0.0,0,0.0,0,0.0,0,0.0,0,2209.8,1,0.0,0,0.0,0,0.0,0,0.0,0
2012-11-15T09:21:10.000,2209.6,5871,2209.6,11,0.0,0,0.0,0,0.0,0,0.0,0,2209.8,2,0.0,0,0.0,0,0.0,0,0.0,0
2012-11-15T09:21:10.500,2209.8,5875,2209.6,15,0.0,0,0.0,0,0.0,0,0.0,0,2210,87,0.0,0,0.0,0,0.0,0,0.0,0
2012-11-15T09:21:11.000,2209.6,5880,2209.6,11,0.0,0,0.0,0,0.0,0,0.0,0,2210,87,0.0,0,0.0,0,0.0,0,0.0,0
2012-11-15T09:21:11.500,2209.6,5888,2209.6,3,0.0,0,0.0,0,0.0,0,0.0,0,2210,88,0.0,0,0.0,0,0.0,0,0.0,0
2012-11-15T09:21:12.000,2209.8,5890,2209.4,22,0.0,0,0.0,0,0.0,0,0.0,0,2210,88,0.0,0,0.0,0,0.0,0,0.0,0
2012-11-15T09:21:12.500,2209.4,5897,2209.4,27,0.0,0,0.0,0,0.0,0,0.0,0,2210,87,0.0,0,0.0,0,0.0,0,0.0,0
2012-11-15T09:21:13.000,2209.8,5899,2209.8,4,0.0,0,0.0,0,0.0,0,0.0,0,2210,88,0.0,0,0.0,0,0.0,0,0.0,0
2012-11-15T09:21:13.500,2209.6,5904,2209.6,1,0.0,0,0.0,0,0.0,0,0.0,0,2209.8,9,0.0,0,0.0,0,0.0,0,0.0,0
2012-11-15T09:21:14.000,2209.4,5912,2209.4,13,0.0,0,0.0,0,0.0,0,0.0,0,2209.6,1,0.0,0,0.0,0,0.0,0,0.0,0
2012-11-15T09:21:14.500,2209.4,5922,2209.4,5,0.0,0,0.0,0,0.0,0,0.0,0,2209.6,10,0.0,0,0.0,0,0.0,0,0.0,0
2012-11-15T09:21:15.000,2209.4,5926,2209.4,2,0.0,0,0.0,0,0.0,0,0.0,0,2209.6,9,0.0,0,0.0,0,0.0,0,0.0,0
2012-11-15T09:21:15.500,2209.4,5928,2209.2,17,0.0,0,0.0,0,0.0,0,0.0,0,2209.6,4,0.0,0,0.0,0,0.0,0,0.0,0
2012-11-15T09:21:16.000,2209.2,5932,2209.4,3,0.0,0,0.0,0,0.0,0,0.0,0,2209.6,4,0.0,0,0.0,0,0.0,0,0.0,0
2012-11-15T09:21:16.500,2209.4,5936,2209.4,4,0.0,0,0.0,0,0.0,0,0.0,0,2209.6,2,0.0,0,0.0,0,0.0,0,0.0,0
2012-11-15T09:21:17.000,2209.4,5938,2209.4,12,0.0,0,0.0,0,0.0,0,0.0,0,2209.6,9,0.0,0,0.0,0,0.0,0,0.0,0
2012-11-15T09:21:17.500,2209.6,5945,2209.4,10,0.0,0,0.0,0,0.0,0,0.0,0,2209.6,5,0.0,0,0.0,0,0.0,0,0.0,0
2012-11-15T09:21:18.000,2209.6,5956,2209.4,1,0.0,0,0.0,0,0.0,0,0.0,0,2209.6,1,0.0,0,0.0,0,0.0,0,0.0,0
2012-11-15T09:21:18.500,2209.4,5960,2209.2,15,0.0,0,0.0,0,0.0,0,0.0,0,2209.4,10,0.0,0,0.0,0,0.0,0,0.0,0
2012-11-15T09:21:19.000,2209.2,5972,2209.2,8,0.0,0,0.0,0,0.0,0,0.0,0,2209.4,7,0.0,0,0.0,0,0.0,0,0.0,0
2012-11-15T09:21:19.500,2209.2,5983,2209,26,0.0,0,0.0,0,0.0,0,0.0,0,2209.2,1,0.0,0,0.0,0,0.0,0,0.0,0
2012-11-15T09:21:20.000,2209.2,5988,2209,19,0.0,0,0.0,0,0.0,0,0.0,0,2209.2,12,0.0,0,0.0,0,0.0,0,0.0,0
2012-11-15T09:21:20.500,2209,6014,2208.8,6,0.0,0,0.0,0,0.0,0,0.0,0,2209,5,0.0,0,0.0,0,0.0,0,0.0,0
2012-11-15T09:21:21.000,2209.2,6030,2208.8,4,0.0,0,0.0,0,0.0,0,0.0,0,2209.2,10,0.0,0,0.0,0,0.0,0,0.0,0
2012-11-15T09:21:21.500,2208.8,6040,2208.8,1,0.0,0,0.0,0,0.0,0,0.0,0,2209.2,10,0.0,0,0.0,0,0.0,0,0.0,0
2012-11-15T09:21:22.000,2208.8,6041,2208.6,23,0.0,0,0.0,0,0.0,0,0.0,0,2208.8,1,0.0,0,0.0,0,0.0,0,0.0,0
2012-11-15T09:21:22.500,2208.6,6055,2208.8,13,0.0,0,0.0,0,0.0,0,0.0,0,2209,5,0.0,0,0.0,0,0.0,0,0.0,0
2012-11-15T09:21:23.000,2208.8,6061,2208.8,11,0.0,0,0.0,0,0.0,0,0.0,0,2209,5,0.0,0,0.0,0,0.0,0,0.0,0
2012-11-15T09:21:23.500,2208.8,6069,2208.8,13,0.0,0,0.0,0,0.0,0,0.0,0,2209,3,0.0,0,0.0,0,0.0,0,0.0,0
2012-11-15T09:21:24.000,2209.2,6075,2209,9,0.0,0,0.0,0,0.0,0,0.0,0,2209.2,6,0.0,0,0.0,0,0.0,0,0.0,0
2012-11-15T09:21:24.500,2209,6078,2209,5,0.0,0,0.0,0,0.0,0,0.0,0,2209.2,6,0.0,0,0.0,0,0.0,0,0.0,0
2012-11-15T09:21:25.250,2208.8,6089,2208.8,6,0.0,0,0.0,0,0.0,0,0.0,0,2209.2,10,0.0,0,0.0,0,0.0,0,0.0,0
2012-11-15T09:21:26.000,2209,6106,2208.8,8,0.0,0,0.0,0,0.0,0,0.0,0,2209,7,0.0,0,0.0,0,0.0,0,0.0,0
2012-11-15T09:21:26.500,2209.2,6114,2209,18,0.0,0,0.0,0,0.0,0,0.0,0,2209.2,9,0.0,0,0.0,0,0.0,0,0.0,0
2012-11-15T09:21:27.000,2209,6119,2209,14,0.0,0,0.0,0,0.0,0,0.0,0,2209.2,10,0.0,0,0.0,0,0.0,0,0.0,0
2012-11-15T09:21:27.500,2209.2,6122,2209,14,0.0,0,0.0,0,0.0,0,0.0,0,2209.2,4,0.0,0,0.0,0,0.0,0,0.0,0
2012-11-15T09:21:28.000,2209,6127,2209,10,0.0,0,0.0,0,0.0,0,0.0,0,2209.2,5,0.0,0,0.0,0,0.0,0,0.0,0
2012-11-15T09:21:28.500,2209.2,6132,2209,20,0.0,0,0.0,0,0.0,0,0.0,0,2209.2,3,0.0,0,0.0,0,0.0,0,0.0,0
2012-11-15T09:21:29.000,2209.2,6135,2209.2,2,0.0,0,0.0,0,0.0,0,0.0,0,2209.4,24,0.0,0,0.0,0,0.0,0,0.0,0
2012-11-15T09:21:29.500,2209,6148,2209,7,0.0,0,0.0,0,0.0,0,0.0,0,2209.2,1,0.0,0,0.0,0,0.0,0,0.0,0
2012-11-15T09:21:30.000,2209.2,6151,2209.2,1,0.0,0,0.0,0,0.0,0,0.0,0,2209.4,30,0.0,0,0.0,0,0.0,0,0.0,0
2012-11-15T09:21:30.500,2209.2,6153,2209,16,0.0,0,0.0,0,0.0,0,0.0,0,2209.2,20,0.0,0,0.0,0,0.0,0,0.0,0
2012-11-15T09:21:31.250,2209.2,6181,2209.2,14,0.0,0,0.0,0,0.0,0,0.0,0,2209.4,22,0.0,0,0.0,0,0.0,0,0.0,0
2012-11-15T09:21:32.000,2209.2,6186,2209,18,0.0,0,0.0,0,0.0,0,0.0,0,2209.4,25,0.0,0,0.0,0,0.0,0,0.0,0
2012-11-15T09:21:32.500,2209,6189,2209,19,0.0,0,0.0,0,0.0,0,0.0,0,2209.4,25,0.0,0,0.0,0,0.0,0,0.0,0
2012-11-15T09:21:33.250,2209.4,6192,2209.2,13,0.0,0,0.0,0,0.0,0,0.0,0,2209.4,16,0.0,0,0.0,0,0.0,0,0.0,0
2012-11-15T09:21:34.250,2209.4,6201,2209.2,6,0.0,0,0.0,0,0.0,0,0.0,0,2209.4,15,0.0,0,0.0,0,0.0,0,0.0,0
2012-11-15T09:21:35.250,2209.4,6204,2209.2,3,0.0,0,0.0,0,0.0,0,0.0,0,2209.4,18,0.0,0,0.0,0,0.0,0,0.0,0
2012-11-15T09:21:36.250,2209.2,6205,2209.2,3,0.0,0,0.0,0,0.0,0,0.0,0,2209.4,13,0.0,0,0.0,0,0.0,0,0.0,0
2012-11-15T09:21:37.000,2209.4,6210,2209.2,4,0.0,0,0.0,0,0.0,0,0.0,0,2209.4,9,0.0,0,0.0,0,0.0,0,0.0,0
2012-11-15T09:21:37.500,2209.4,6220,2209.2,31,0.0,0,0.0,0,0.0,0,0.0,0,2209.6,8,0.0,0,0.0,0,0.0,0,0.0,0
2012-11-15T09:21:38.000,2209.4,6221,2209.4,9,0.0,0,0.0,0,0.0,0,0.0,0,2209.6,14,0.0,0,0.0,0,0.0,0,0.0,0
2012-11-15T09:21:38.500,2209.6,6222,2209.4,14,0.0,0,0.0,0,0.0,0,0.0,0,2209.6,7,0.0,0,0.0,0,0.0,0,0.0,0
2012-11-15T09:21:39.250,2209.4,6223,2209.4,15,0.0,0,0.0,0,0.0,0,0.0,0,2209.6,7,0.0,0,0.0,0,0.0,0,0.0,0
2012-11-15T09:21:40.000,2209.6,6230,2209.4,11,0.0,0,0.0,0,0.0,0,0.0,0,2209.6,2,0.0,0,0.0,0,0.0,0,0.0,0
2012-11-15T09:21:40.500,2209.4,6241,2209.4,29,0.0,0,0.0,0,0.0,0,0.0,0,2209.8,5,0.0,0,0.0,0,0.0,0,0.0,0
2012-11-15T09:21:41.250,2209.8,6243,2209.6,4,0.0,0,0.0,0,0.0,0,0.0,0,2209.8,3,0.0,0,0.0,0,0.0,0,0.0,0
2012-11-15T09:21:42.000,2209.8,6244,2209.6,11,0.0,0,0.0,0,0.0,0,0.0,0,2209.8,2,0.0,0,0.0,0,0.0,0,0.0,0
2012-11-15T09:21:42.500,2209.8,6246,2209.6,8,0.0,0,0.0,0,0.0,0,0.0,0,2210,89,0.0,0,0.0,0,0.0,0,0.0,0
2012-11-15T09:21:43.000,2209.6,6250,2209.4,7,0.0,0,0.0,0,0.0,0,0.0,0,2209.6,6,0.0,0,0.0,0,0.0,0,0.0,0
2012-11-15T09:21:43.500,2209.6,6255,2209.4,30,0.0,0,0.0,0,0.0,0,0.0,0,2209.6,20,0.0,0,0.0,0,0.0,0,0.0,0
2012-11-15T09:21:44.000,2209.6,6261,2209.4,9,0.0,0,0.0,0,0.0,0,0.0,0,2209.6,14,0.0,0,0.0,0,0.0,0,0.0,0
2012-11-15T09:21:44.500,2209.6,6271,2209.4,2,0.0,0,0.0,0,0.0,0,0.0,0,2209.6,15,0.0,0,0.0,0,0.0,0,0.0,0
2012-11-15T09:21:45.250,2209.6,6272,2209.4,1,0.0,0,0.0,0,0.0,0,0.0,0,2209.6,14,0.0,0,0.0,0,0.0,0,0.0,0
2012-11-15T09:21:46.000,2209.4,6273,2209.2,13,0.0,0,0.0,0,0.0,0,0.0,0,2209.4,4,0.0,0,0.0,0,0.0,0,0.0,0
2012-11-15T09:21:46.500,2209.4,6279,2209.2,7,0.0,0,0.0,0,0.0,0,0.0,0,2209.4,3,0.0,0,0.0,0,0.0,0,0.0,0
2012-11-15T09:21:47.000,2209.4,6280,2209.2,7,0.0,0,0.0,0,0.0,0,0.0,0,2209.4,2,0.0,0,0.0,0,0.0,0,0.0,0
2012-11-15T09:21:47.500,2209.6,6283,2209.4,1,0.0,0,0.0,0,0.0,0,0.0,0,2209.6,7,0.0,0,0.0,0,0.0,0,0.0,0
2012-11-15T09:21:48.000,2209.4,6284,2209.2,29,0.0,0,0.0,0,0.0,0,0.0,0,2209.4,3,0.0,0,0.0,0,0.0,0,0.0,0
2012-11-15T09:21:48.500,2209.4,6285,2209.2,13,0.0,0,0.0,0,0.0,0,0.0,0,2209.4,2,0.0,0,0.0,0,0.0,0,0.0,0
2012-11-15T09:21:49.000,2209.4,6288,2209.4,3,0.0,0,0.0,0,0.0,0,0.0,0,2209.6,13,0.0,0,0.0,0,0.0,0,0.0,0
2012-11-15T09:21:49.500,2209.4,6289,2209.4,3,0.0,0,0.0,0,0.0,0,0.0,0,2209.6,14,0.0,0,0.0,0,0.0,0,0.0,0
2012-11-15T09:21:50.250,2209.4,6292,2209.2,12,0.0,0,0.0,0,0.0,0,0.0,0,2209.4,3,0.0,0,0.0,0,0.0,0,0.0,0
2012-11-15T09:21:51.000,2209.4,6299,2209.4,57,0.0,0,0.0,0,0.0,0,0.0,0,2209.6,7,0.0,0,0.0,0,0.0,0,0.0,0
2012-11-15T09:21:51.500,2209.6,6304,2209.4,4,0.0,0,0.0,0,0.0,0,0.0,0,2209.6,2,0.0,0,0.0,0,0.0,0,0.0,0
2012-11-15T09:21:52.000,2209.4,6311,2209.4,14,0.0,0,0.0,0,0.0,0,0.0,0,2209.8,5,0.0,0,0.0,0,0.0,0,0.0,0
2012-11-15T09:21:52.500,2209.4,6312,2209.4,22,0.0,0,0.0,0,0.0,0,0.0,0,2209.8,11,0.0,0,0.0,0,0.0,0,0.0,0
2012-11-15T09:21:53.000,2209.4,6313,2209.4,22,0.0,0,0.0,0,0.0,0,0.0,0,2209.8,14,0.0,0,0.0,0,0.0,0,0.0,0
2012-11-15T09:21:53.500,2209.6,6314,2209.6,2,0.0,0,0.0,0,0.0,0,0.0,0,2209.8,15,0.0,0,0.0,0,0.0,0,0.0,0
2012-11-15T09:21:54.000,2209.6,6315,2209.6,1,0.0,0,0.0,0,0.0,0,0.0,0,2209.8,15,0.0,0,0.0,0,0.0,0,0.0,0
2012-11-15T09:21:54.500,2209.6,6317,2209.4,17,0.0,0,0.0,0,0.0,0,0.0,0,2209.8,14,0.0,0,0.0,0,0.0,0,0.0,0
2012-11-15T09:21:55.000,2209.2,6348,2209.4,6,0.0,0,0.0,0,0.0,0,0.0,0,2209.6,7,0.0,0,0.0,0,0.0,0,0.0,0
2012-11-15T09:21:55.500,2209.4,6353,2209.2,7,0.0,0,0.0,0,0.0,0,0.0,0,2209.6,10,0.0,0,0.0,0,0.0,0,0.0,0
2012-11-15T09:21:56.000,2209.4,6364,2209.4,4,0.0,0,0.0,0,0.0,0,0.0,0,2209.6,1,0.0,0,0.0,0,0.0,0,0.0,0
2012-11-15T09:21:56.500,2209.4,6365,2209.4,2,0.0,0,0.0,0,0.0,0,0.0,0,2209.6,7,0.0,0,0.0,0,0.0,0,0.0,0
2012-11-15T09:21:57.000,2209.4,6367,2209.2,10,0.0,0,0.0,0,0.0,0,0.0,0,2209.4,16,0.0,0,0.0,0,0.0,0,0.0,0
2012-11-15T09:21:57.500,2209.4,6372,2209.2,13,0.0,0,0.0,0,0.0,0,0.0,0,2209.4,14,0.0,0,0.0,0,0.0,0,0.0,0
2012-11-15T09:21:58.000,2209.4,6377,2209.2,10,0.0,0,0.0,0,0.0,0,0.0,0,2209.4,11,0.0,0,0.0,0,0.0,0,0.0,0
2012-11-15T09:21:58.500,2209.4,6405,2209.2,22,0.0,0,0.0,0,0.0,0,0.0,0,2209.6,6,0.0,0,0.0,0,0.0,0,0.0,0
2012-11-15T09:22:00.250,2209.6,6406,2209.4,2,0.0,0,0.0,0,0.0,0,0.0,0,2209.6,11,0.0,0,0.0,0,0.0,0,0.0,0
2012-11-15T09:22:01.250,2209.6,6407,2209.4,3,0.0,0,0.0,0,0.0,0,0.0,0,2209.6,4,0.0,0,0.0,0,0.0,0,0.0,0
2012-11-15T09:22:02.000,2209.6,6414,2209.6,1,0.0,0,0.0,0,0.0,0,0.0,0,2209.8,18,0.0,0,0.0,0,0.0,0,0.0,0
2012-11-15T09:22:02.500,2209.6,6434,2209.6,1,0.0,0,0.0,0,0.0,0,0.0,0,2209.8,18,0.0,0,0.0,0,0.0,0,0.0,0
2012-11-15T09:22:03.000,2209.6,6437,2209.2,8,0.0,0,0.0,0,0.0,0,0.0,0,2209.8,18,0.0,0,0.0,0,0.0,0,0.0,0
2012-11-15T09:22:03.500,2209.2,6438,2209.2,18,0.0,0,0.0,0,0.0,0,0.0,0,2209.4,1,0.0,0,0.0,0,0.0,0,0.0,0
2012-11-15T09:22:04.000,2209.4,6440,2209.4,7,0.0,0,0.0,0,0.0,0,0.0,0,2209.6,1,0.0,0,0.0,0,0.0,0,0.0,0
2012-11-15T09:22:04.500,2209.4,6443,2209.4,2,0.0,0,0.0,0,0.0,0,0.0,0,2209.6,9,0.0,0,0.0,0,0.0,0,0.0,0
2012-11-15T09:22:05.000,2209.6,6444,2209.4,2,0.0,0,0.0,0,0.0,0,0.0,0,2209.6,2,0.0,0,0.0,0,0.0,0,0.0,0
2012-11-15T09:22:05.500,2209.4,6445,2209.4,2,0.0,0,0.0,0,0.0,0,0.0,0,2209.6,2,0.0,0,0.0,0,0.0,0,0.0,0
2012-11-15T09:22:06.250,2209.6,6447,2209.6,1,0.0,0,0.0,0,0.0,0,0.0,0,2209.8,13,0.0,0,0.0,0,0.0,0,0.0,0
2012-11-15T09:22:07.250,2209.6,6456,2209.6,2,0.0,0,0.0,0,0.0,0,0.0,0,2209.8,5,0.0,0,0.0,0,0.0,0,0.0,0
2012-11-15T09:22:08.250,2209.4,6459,2209.4,9,0.0,0,0.0,0,0.0,0,0.0,0,2209.8,6,0.0,0,0.0,0,0.0,0,0.0,0
2012-11-15T09:22:09.250,2209.8,6465,2209.4,6,0.0,0,0.0,0,0.0,0,0.0,0,2209.8,8,0.0,0,0.0,0,0.0,0,0.0,0
2012-11-15T09:22:10.000,2209.4,6468,2209.4,4,0.0,0,0.0,0,0.0,0,0.0,0,2209.8,7,0.0,0,0.0,0,0.0,0,0.0,0
2012-11-15T09:22:10.500,2209.4,6470,2209.4,3,0.0,0,0.0,0,0.0,0,0.0,0,2209.6,8,0.0,0,0.0,0,0.0,0,0.0,0
2012-11-15T09:22:11.250,2209.4,6472,2209.2,11,0.0,0,0.0,0,0.0,0,0.0,0,2209.6,9,0.0,0,0.0,0,0.0,0,0.0,0
2012-11-15T09:22:12.250,2209.6,6473,2209.2,11,0.0,0,0.0,0,0.0,0,0.0,0,2209.6,14,0.0,0,0.0,0,0.0,0,0.0,0
2012-11-15T09:22:14.000,2209.4,6475,2209.4,1,0.0,0,0.0,0,0.0,0,0.0,0,2209.6,17,0.0,0,0.0,0,0.0,0,0.0,0
2012-11-15T09:22:14.500,2209.6,6476,2209.4,1,0.0,0,0.0,0,0.0,0,0.0,0,2209.6,17,0.0,0,0.0,0,0.0,0,0.0,0
2012-11-15T09:22:15.000,2209.6,6477,2209.4,3,0.0,0,0.0,0,0.0,0,0.0,0,2209.6,16,0.0,0,0.0,0,0.0,0,0.0,0
2012-11-15T09:22:15.500,2209.4,6478,2209.4,3,0.0,0,0.0,0,0.0,0,0.0,0,2209.6,16,0.0,0,0.0,0,0.0,0,0.0,0
2012-11-15T09:22:16.000,2209.6,6479,2209.4,3,0.0,0,0.0,0,0.0,0,0.0,0,2209.6,15,0.0,0,0.0,0,0.0,0,0.0,0
2012-11-15T09:22:16.500,2209.4,6480,2209.4,2,0.0,0,0.0,0,0.0,0,0.0,0,2209.6,14,0.0,0,0.0,0,0.0,0,0.0,0
2012-11-15T09:22:17.000,2209.4,6482,2209.2,14,0.0,0,0.0,0,0.0,0,0.0,0,2209.6,14,0.0,0,0.0,0,0.0,0,0.0,0
2012-11-15T09:22:17.500,2209.6,6483,2209.2,14,0.0,0,0.0,0,0.0,0,0.0,0,2209.6,13,0.0,0,0.0,0,0.0,0,0.0,0
2012-11-15T09:22:20.250,2209.2,6491,2209.2,12,0.0,0,0.0,0,0.0,0,0.0,0,2209.4,10,0.0,0,0.0,0,0.0,0,0.0,0
2012-11-15T09:22:21.250,2209.4,6492,2209.2,13,0.0,0,0.0,0,0.0,0,0.0,0,2209.4,9,0.0,0,0.0,0,0.0,0,0.0,0
2012-11-15T09:22:22.000,2209.2,6493,2209.2,17,0.0,0,0.0,0,0.0,0,0.0,0,2209.4,16,0.0,0,0.0,0,0.0,0,0.0,0
2012-11-15T09:22:22.500,2209.4,6496,2209.2,17,0.0,0,0.0,0,0.0,0,0.0,0,2209.4,13,0.0,0,0.0,0,0.0,0,0.0,0
2012-11-15T09:22:24.250,2209.2,6497,2209.2,16,0.0,0,0.0,0,0.0,0,0.0,0,2209.4,15,0.0,0,0.0,0,0.0,0,0.0,0
2012-11-15T09:22:25.250,2209.2,6510,2209,50,0.0,0,0.0,0,0.0,0,0.0,0,2209.2,2,0.0,0,0.0,0,0.0,0,0.0,0
2012-11-15T09:22:26.250,2209,6513,2209,49,0.0,0,0.0,0,0.0,0,0.0,0,2209.2,1,0.0,0,0.0,0,0.0,0,0.0,0
2012-11-15T09:22:27.000,2209.2,6515,2209.2,1,0.0,0,0.0,0,0.0,0,0.0,0,2209.4,15,0.0,0,0.0,0,0.0,0,0.0,0
2012-11-15T09:22:27.500,2209,6517,2209,46,0.0,0,0.0,0,0.0,0,0.0,0,2209.4,15,0.0,0,0.0,0,0.0,0,0.0,0
2012-11-15T09:22:29.250,2209.2,6519,2209,46,0.0,0,0.0,0,0.0,0,0.0,0,2209.2,1,0.0,0,0.0,0,0.0,0,0.0,0
2012-11-15T09:22:30.250,2209,6520,2209,46,0.0,0,0.0,0,0.0,0,0.0,0,2209.2,1,0.0,0,0.0,0,0.0,0,0.0,0
2012-11-15T09:22:31.250,2209.2,6521,2209.2,1,0.0,0,0.0,0,0.0,0,0.0,0,2209.4,15,0.0,0,0.0,0,0.0,0,0.0,0
2012-11-15T09:22:32.250,2209.2,6525,2209,46,0.0,0,0.0,0,0.0,0,0.0,0,2209.2,1,0.0,0,0.0,0,0.0,0,0.0,0
2012-11-15T09:22:33.000,2209,6532,2209,42,0.0,0,0.0,0,0.0,0,0.0,0,2209.4,18,0.0,0,0.0,0,0.0,0,0.0,0
2012-11-15T09:22:33.500,2209.4,6534,2209,43,0.0,0,0.0,0,0.0,0,0.0,0,2209.4,16,0.0,0,0.0,0,0.0,0,0.0,0
2012-11-15T09:22:34.000,2209,6542,2209,37,0.0,0,0.0,0,0.0,0,0.0,0,2209.2,11,0.0,0,0.0,0,0.0,0,0.0,0
2012-11-15T09:22:34.500,2209,6546,2209,33,0.0,0,0.0,0,0.0,0,0.0,0,2209.2,11,0.0,0,0.0,0,0.0,0,0.0,0
2012-11-15T09:22:35.000,2209,6550,2209,30,0.0,0,0.0,0,0.0,0,0.0,0,2209.2,10,0.0,0,0.0,0,0.0,0,0.0,0
2012-11-15T09:22:35.500,2209.2,6554,2209,27,0.0,0,0.0,0,0.0,0,0.0,0,2209.2,9,0.0,0,0.0,0,0.0,0,0.0,0
2012-11-15T09:22:36.250,2209,6556,2209,26,0.0,0,0.0,0,0.0,0,0.0,0,2209.2,10,0.0,0,0.0,0,0.0,0,0.0,0
2012-11-15T09:22:37.250,2209.2,6558,2209,28,0.0,0,0.0,0,0.0,0,0.0,0,2209.2,9,0.0,0,0.0,0,0.0,0,0.0,0
2012-11-15T09:22:38.000,2209,6559,2209,33,0.0,0,0.0,0,0.0,0,0.0,0,2209.2,3,0.0,0,0.0,0,0.0,0,0.0,0
2012-11-15T09:22:38.500,2209.2,6561,2209,29,0.0,0,0.0,0,0.0,0,0.0,0,2209.2,7,0.0,0,0.0,0,0.0,0,0.0,0
2012-11-15T09:22:39.000,2209,6562,2209,40,0.0,0,0.0,0,0.0,0,0.0,0,2209.2,1,0.0,0,0.0,0,0.0,0,0.0,0
2012-11-15T09:22:39.500,2209.2,6569,2209,35,0.0,0,0.0,0,0.0,0,0.0,0,2209.4,21,0.0,0,0.0,0,0.0,0,0.0,0
2012-11-15T09:22:40.250,2209,6574,2209,30,0.0,0,0.0,0,0.0,0,0.0,0,2209.2,1,0.0,0,0.0,0,0.0,0,0.0,0
2012-11-15T09:22:41.250,2209,6575,2209,26,0.0,0,0.0,0,0.0,0,0.0,0,2209.2,5,0.0,0,0.0,0,0.0,0,0.0,0
2012-11-15T09:22:42.250,2209,6578,2209,32,0.0,0,0.0,0,0.0,0,0.0,0,2209.2,11,0.0,0,0.0,0,0.0,0,0.0,0
2012-11-15T09:22:44.250,2209.2,6580,2209,34,0.0,0,0.0,0,0.0,0,0.0,0,2209.2,9,0.0,0,0.0,0,0.0,0,0.0,0
2012-11-15T09:22:46.000,2209.2,6582,2209,40,0.0,0,0.0,0,0.0,0,0.0,0,2209.2,14,0.0,0,0.0,0,0.0,0,0.0,0
2012-11-15T09:22:46.500,2209,6592,2209,35,0.0,0,0.0,0,0.0,0,0.0,0,2209.2,9,0.0,0,0.0,0,0.0,0,0.0,0
2012-11-15T09:22:47.000,2209,6594,2209,33,0.0,0,0.0,0,0.0,0,0.0,0,2209.2,10,0.0,0,0.0,0,0.0,0,0.0,0
2012-11-15T09:22:47.500,2209.2,6596,2209,33,0.0,0,0.0,0,0.0,0,0.0,0,2209.2,8,0.0,0,0.0,0,0.0,0,0.0,0
2012-11-15T09:22:49.250,2209,6598,2209,33,0.0,0,0.0,0,0.0,0,0.0,0,2209.2,15,0.0,0,0.0,0,0.0,0,0.0,0
2012-11-15T09:22:50.000,2209.2,6614,2209.2,34,0.0,0,0.0,0,0.0,0,0.0,0,2209.4,23,0.0,0,0.0,0,0.0,0,0.0,0
2012-11-15T09:22:50.500,2209.2,6648,2209,36,0.0,0,0.0,0,0.0,0,0.0,0,2209.2,28,0.0,0,0.0,0,0.0,0,0.0,0
2012-11-15T09:22:51.000,2209.2,6652,2209,37,0.0,0,0.0,0,0.0,0,0.0,0,2209.2,26,0.0,0,0.0,0,0.0,0,0.0,0
2012-11-15T09:22:51.500,2209,6653,2209,37,0.0,0,0.0,0,0.0,0,0.0,0,2209.2,27,0.0,0,0.0,0,0.0,0,0.0,0
2012-11-15T09:22:52.000,2209,6656,2209,36,0.0,0,0.0,0,0.0,0,0.0,0,2209.2,46,0.0,0,0.0,0,0.0,0,0.0,0
2012-11-15T09:22:52.500,2209.2,6657,2209,36,0.0,0,0.0,0,0.0,0,0.0,0,2209.2,45,0.0,0,0.0,0,0.0,0,0.0,0
2012-11-15T09:22:53.000,2209.2,6661,2209,36,0.0,0,0.0,0,0.0,0,0.0,0,2209.2,41,0.0,0,0.0,0,0.0,0,0.0,0
2012-11-15T09:22:53.500,2209.2,6663,2209,38,0.0,0,0.0,0,0.0,0,0.0,0,2209.2,39,0.0,0,0.0,0,0.0,0,0.0,0
2012-11-15T09:22:55.000,2209.2,6665,2209,38,0.0,0,0.0,0,0.0,0,0.0,0,2209.2,40,0.0,0,0.0,0,0.0,0,0.0,0
2012-11-15T09:22:55.500,2209,6673,2209,30,0.0,0,0.0,0,0.0,0,0.0,0,2209.2,41,0.0,0,0.0,0,0.0,0,0.0,0
2012-11-15T09:22:56.250,2209,6675,2209,25,0.0,0,0.0,0,0.0,0,0.0,0,2209.2,40,0.0,0,0.0,0,0.0,0,0.0,0
2012-11-15T09:22:57.000,2209,6676,2209,25,0.0,0,0.0,0,0.0,0,0.0,0,2209.2,41,0.0,0,0.0,0,0.0,0,0.0,0
2012-11-15T09:22:57.500,2209,6679,2209,22,0.0,0,0.0,0,0.0,0,0.0,0,2209.2,42,0.0,0,0.0,0,0.0,0,0.0,0
2012-11-15T09:22:58.000,2209,6703,2208.8,44,0.0,0,0.0,0,0.0,0,0.0,0,2209,30,0.0,0,0.0,0,0.0,0,0.0,0
2012-11-15T09:22:58.500,2209,6704,2208.8,50,0.0,0,0.0,0,0.0,0,0.0,0,2209,11,0.0,0,0.0,0,0.0,0,0.0,0
2012-11-15T09:22:59.000,2208.8,6709,2208.8,45,0.0,0,0.0,0,0.0,0,0.0,0,2209,12,0.0,0,0.0,0,0.0,0,0.0,0
2012-11-15T09:22:59.500,2209,6711,2208.8,38,0.0,0,0.0,0,0.0,0,0.0,0,2209,5,0.0,0,0.0,0,0.0,0,0.0,0
2012-11-15T09:23:00.000,2209,6722,2209,6,0.0,0,0.0,0,0.0,0,0.0,0,2209.2,21,0.0,0,0.0,0,0.0,0,0.0,0
2012-11-15T09:23:00.500,2208.8,6735,2208.8,34,0.0,0,0.0,0,0.0,0,0.0,0,2209.2,18,0.0,0,0.0,0,0.0,0,0.0,0
2012-11-15T09:23:01.250,2208.8,6751,2208.8,24,0.0,0,0.0,0,0.0,0,0.0,0,2209.2,18,0.0,0,0.0,0,0.0,0,0.0,0
2012-11-15T09:23:02.250,2209,6752,2208.8,26,0.0,0,0.0,0,0.0,0,0.0,0,2209.2,18,0.0,0,0.0,0,0.0,0,0.0,0
2012-11-15T09:23:03.000,2209.2,6760,2209,6,0.0,0,0.0,0,0.0,0,0.0,0,2209.2,11,0.0,0,0.0,0,0.0,0,0.0,0
2012-11-15T09:23:03.500,2208.8,6762,2208.8,26,0.0,0,0.0,0,0.0,0,0.0,0,2209.2,12,0.0,0,0.0,0,0.0,0,0.0,0
2012-11-15T09:23:04.000,2208.8,6771,2208.8,20,0.0,0,0.0,0,0.0,0,0.0,0,2209.2,10,0.0,0,0.0,0,0.0,0,0.0,0
2012-11-15T09:23:04.500,2209.2,6772,2209,6,0.0,0,0.0,0,0.0,0,0.0,0,2209.2,9,0.0,0,0.0,0,0.0,0,0.0,0
2012-11-15T09:23:06.250,2209,6774,2209,7,0.0,0,0.0,0,0.0,0,0.0,0,2209.2,14,0.0,0,0.0,0,0.0,0,0.0,0
2012-11-15T09:23:07.000,2209,6775,2209,9,0.0,0,0.0,0,0.0,0,0.0,0,2209.2,14,0.0,0,0.0,0,0.0,0,0.0,0
2012-11-15T09:23:07.500,2209.2,6777,2209,8,0.0,0,0.0,0,0.0,0,0.0,0,2209.2,11,0.0,0,0.0,0,0.0,0,0.0,0
2012-11-15T09:23:08.250,2209.2,6788,2209.2,61,0.0,0,0.0,0,0.0,0,0.0,0,2209.4,10,0.0,0,0.0,0,0.0,0,0.0,0
2012-11-15T09:23:09.000,2209.4,6792,2209.2,44,0.0,0,0.0,0,0.0,0,0.0,0,2209.4,7,0.0,0,0.0,0,0.0,0,0.0,0
2012-11-15T09:23:09.500,2209.2,6797,2209.2,19,0.0,0,0.0,0,0.0,0,0.0,0,2209.4,5,0.0,0,0.0,0,0.0,0,0.0,0
2012-11-15T09:23:10.000,2209.4,6802,2209.4,8,0.0,0,0.0,0,0.0,0,0.0,0,2209.6,10,0.0,0,0.0,0,0.0,0,0.0,0
2012-11-15T09:23:10.500,2209.4,6824,2209.4,8,0.0,0,0.0,0,0.0,0,0.0,0,2209.8,27,0.0,0,0.0,0,0.0,0,0.0,0
2012-11-15T09:23:11.000,2209.8,6826,2209.6,1,0.0,0,0.0,0,0.0,0,0.0,0,2209.8,26,0.0,0,0.0,0,0.0,0,0.0,0
2012-11-15T09:23:11.500,2209.6,6838,2209.4,11,0.0,0,0.0,0,0.0,0,0.0,0,2209.8,16,0.0,0,0.0,0,0.0,0,0.0,0
2012-11-15T09:23:12.000,2209.8,6841,2209.6,1,0.0,0,0.0,0,0.0,0,0.0,0,2209.8,13,0.0,0,0.0,0,0.0,0,0.0,0
2012-11-15T09:23:12.500,2209.8,6850,2209.4,11,0.0,0,0.0,0,0.0,0,0.0,0,2209.6,1,0.0,0,0.0,0,0.0,0,0.0,0
2012-11-15T09:23:13.000,2209.6,6851,2209.4,12,0.0,0,0.0,0,0.0,0,0.0,0,2209.6,1,0.0,0,0.0,0,0.0,0,0.0,0
2012-11-15T09:23:13.500,2209.8,6853,2209.4,13,0.0,0,0.0,0,0.0,0,0.0,0,2209.8,9,0.0,0,0.0,0,0.0,0,0.0,0
2012-11-15T09:23:15.000,2209.8,6859,2209.6,3,0.0,0,0.0,0,0.0,0,0.0,0,2209.8,4,0.0,0,0.0,0,0.0,0,0.0,0
2012-11-15T09:23:15.500,2209.6,6862,2209.4,10,0.0,0,0.0,0,0.0,0,0.0,0,2209.8,4,0.0,0,0.0,0,0.0,0,0.0,0
2012-11-15T09:23:16.000,2209.8,6865,2209.4,16,0.0,0,0.0,0,0.0,0,0.0,0,2209.8,1,0.0,0,0.0,0,0.0,0,0.0,0
2012-11-15T09:23:16.500,2209.8,6866,2209.8,1,0.0,0,0.0,0,0.0,0,0.0,0,2210,124,0.0,0,0.0,0,0.0,0,0.0,0
2012-11-15T09:23:17.000,2209.8,6867,2209.4,10,0.0,0,0.0,0,0.0,0,0.0,0,2209.6,1,0.0,0,0.0,0,0.0,0,0.0,0
2012-11-15T09:23:17.500,2209.6,6869,2209.4,8,0.0,0,0.0,0,0.0,0,0.0,0,2209.6,1,0.0,0,0.0,0,0.0,0,0.0,0
2012-11-15T09:23:18.250,2209.6,6870,2209.4,13,0.0,0,0.0,0,0.0,0,0.0,0,2209.8,3,0.0,0,0.0,0,0.0,0,0.0,0
2012-11-15T09:23:19.000,2209.6,6871,2209.6,1,0.0,0,0.0,0,0.0,0,0.0,0,2209.8,2,0.0,0,0.0,0,0.0,0,0.0,0
2012-11-15T09:23:19.500,2209.8,6873,2209.4,13,0.0,0,0.0,0,0.0,0,0.0,0,2209.8,3,0.0,0,0.0,0,0.0,0,0.0,0
2012-11-15T09:23:21.000,2209.4,6881,2209.4,3,0.0,0,0.0,0,0.0,0,0.0,0,2209.8,3,0.0,0,0.0,0,0.0,0,0.0,0
2012-11-15T09:23:21.500,2209.8,6883,2209.4,3,0.0,0,0.0,0,0.0,0,0.0,0,2209.8,27,0.0,0,0.0,0,0.0,0,0.0,0
2012-11-15T09:23:22.250,2209.4,6885,2209.4,3,0.0,0,0.0,0,0.0,0,0.0,0,2209.8,27,0.0,0,0.0,0,0.0,0,0.0,0
2012-11-15T09:23:23.250,2209.8,6889,2209.4,3,0.0,0,0.0,0,0.0,0,0.0,0,2209.8,28,0.0,0,0.0,0,0.0,0,0.0,0
2012-11-15T09:23:24.250,2209.4,6891,2209.4,4,0.0,0,0.0,0,0.0,0,0.0,0,2209.6,25,0.0,0,0.0,0,0.0,0,0.0,0
2012-11-15T09:23:25.000,2209.6,6892,2209.4,4,0.0,0,0.0,0,0.0,0,0.0,0,2209.6,24,0.0,0,0.0,0,0.0,0,0.0,0
2012-11-15T09:23:25.500,2209.6,6898,2209.2,25,0.0,0,0.0,0,0.0,0,0.0,0,2209.4,1,0.0,0,0.0,0,0.0,0,0.0,0
2012-11-15T09:23:26.250,2209.6,6901,2209.2,32,0.0,0,0.0,0,0.0,0,0.0,0,2209.6,20,0.0,0,0.0,0,0.0,0,0.0,0
2012-11-15T09:23:27.000,2209.4,6903,2209.2,25,0.0,0,0.0,0,0.0,0,0.0,0,2209.4,25,0.0,0,0.0,0,0.0,0,0.0,0
2012-11-15T09:23:27.500,2209.4,6904,2209.2,25,0.0,0,0.0,0,0.0,0,0.0,0,2209.4,26,0.0,0,0.0,0,0.0,0,0.0,0
2012-11-15T09:23:28.000,2209.4,6905,2209.2,27,0.0,0,0.0,0,0.0,0,0.0,0,2209.4,27,0.0,0,0.0,0,0.0,0,0.0,0
2012-11-15T09:23:28.500,2209.4,6909,2209.2,26,0.0,0,0.0,0,0.0,0,0.0,0,2209.4,23,0.0,0,0.0,0,0.0,0,0.0,0
2012-11-15T09:23:29.250,2209.4,6914,2209.2,25,0.0,0,0.0,0,0.0,0,0.0,0,2209.6,14,0.0,0,0.0,0,0.0,0,0.0,0
2012-11-15T09:23:31.250,2209.4,6915,2209.4,2,0.0,0,0.0,0,0.0,0,0.0,0,2209.6,21,0.0,0,0.0,0,0.0,0,0.0,0
2012-11-15T09:23:32.000,2209.4,6920,2209.4,1,0.0,0,0.0,0,0.0,0,0.0,0,2209.6,19,0.0,0,0.0,0,0.0,0,0.0,0
2012-11-15T09:23:32.500,2209.6,6924,2209.2,34,0.0,0,0.0,0,0.0,0,0.0,0,2209.6,20,0.0,0,0.0,0,0.0,0,0.0,0
2012-11-15T09:23:33.250,2209.4,6925,2209.4,3,0.0,0,0.0,0,0.0,0,0.0,0,2209.6,21,0.0,0,0.0,0,0.0,0,0.0,0
2012-11-15T09:23:34.000,2209.4,6928,2209.2,31,0.0,0,0.0,0,0.0,0,0.0,0,2209.4,30,0.0,0,0.0,0,0.0,0,0.0,0
2012-11-15T09:23:34.500,2209.4,6931,2209.2,33,0.0,0,0.0,0,0.0,0,0.0,0,2209.4,26,0.0,0,0.0,0,0.0,0,0.0,0
2012-11-15T09:23:35.250,2209.2,6935,2209.2,28,0.0,0,0.0,0,0.0,0,0.0,0,2209.4,27,0.0,0,0.0,0,0.0,0,0.0,0
2012-11-15T09:23:36.250,2209.2,6958,2209.2,5,0.0,0,0.0,0,0.0,0,0.0,0,2209.4,51,0.0,0,0.0,0,0.0,0,0.0,0
2012-11-15T09:23:37.250,2209.2,6963,2209,22,0.0,0,0.0,0,0.0,0,0.0,0,2209.2,3,0.0,0,0.0,0,0.0,0,0.0,0
2012-11-15T09:23:38.000,2209.2,6965,2209,21,0.0,0,0.0,0,0.0,0,0.0,0,2209.2,5,0.0,0,0.0,0,0.0,0,0.0,0
2012-11-15T09:23:38.500,2209.2,6966,2209,21,0.0,0,0.0,0,0.0,0,0.0,0,2209.2,4,0.0,0,0.0,0,0.0,0,0.0,0
2012-11-15T09:23:39.250,2209,6988,2208.8,50,0.0,0,0.0,0,0.0,0,0.0,0,2209,3,0.0,0,0.0,0,0.0,0,0.0,0
2012-11-15T09:23:41.000,2208.8,6989,2208.8,24,0.0,0,0.0,0,0.0,0,0.0,0,2209,4,0.0,0,0.0,0,0.0,0,0.0,0
2012-11-15T09:23:41.500,2209,6992,2208.8,24,0.0,0,0.0,0,0.0,0,0.0,0,2209,1,0.0,0,0.0,0,0.0,0,0.0,0
2012-11-15T09:23:43.250,2209,6994,2209,6,0.0,0,0.0,0,0.0,0,0.0,0,2209.2,10,0.0,0,0.0,0,0.0,0,0.0,0
2012-11-15T09:23:44.250,2209,6998,2209,12,0.0,0,0.0,0,0.0,0,0.0,0,2209.2,6,0.0,0,0.0,0,0.0,0,0.0,0
2012-11-15T09:23:45.000,2209,7000,2209,10,0.0,0,0.0,0,0.0,0,0.0,0,2209.2,6,0.0,0,0.0,0,0.0,0,0.0,0
2012-11-15T09:23:45.500,2209.2,7006,2209.2,8,0.0,0,0.0,0,0.0,0,0.0,0,2209.4,9,0.0,0,0.0,0,0.0,0,0.0,0
2012-11-15T09:23:46.250,2209.2,7009,2209.2,1,0.0,0,0.0,0,0.0,0,0.0,0,2209.4,9,0.0,0,0.0,0,0.0,0,0.0,0
2012-11-15T09:23:47.250,2209.2,7010,2209,11,0.0,0,0.0,0,0.0,0,0.0,0,2209.2,1,0.0,0,0.0,0,0.0,0,0.0,0
2012-11-15T09:23:48.000,2209,7016,2209,8,0.0,0,0.0,0,0.0,0,0.0,0,2209.4,9,0.0,0,0.0,0,0.0,0,0.0,0
2012-11-15T09:23:48.500,2209,7017,2209,8,0.0,0,0.0,0,0.0,0,0.0,0,2209.4,9,0.0,0,0.0,0,0.0,0,0.0,0
2012-11-15T09:23:49.250,2209.4,7019,2209,8,0.0,0,0.0,0,0.0,0,0.0,0,2209.4,7,0.0,0,0.0,0,0.0,0,0.0,0
2012-11-15T09:23:50.000,2209.4,7020,2209,20,0.0,0,0.0,0,0.0,0,0.0,0,2209.4,7,0.0,0,0.0,0,0.0,0,0.0,0
2012-11-15T09:23:50.500,2209.4,7021,2209,20,0.0,0,0.0,0,0.0,0,0.0,0,2209.4,6,0.0,0,0.0,0,0.0,0,0.0,0
2012-11-15T09:23:52.250,2209,7022,2209,7,0.0,0,0.0,0,0.0,0,0.0,0,2209.4,14,0.0,0,0.0,0,0.0,0,0.0,0
2012-11-15T09:23:53.250,2209.4,7024,2209,8,0.0,0,0.0,0,0.0,0,0.0,0,2209.4,16,0.0,0,0.0,0,0.0,0,0.0,0
2012-11-15T09:23:54.250,2209,7026,2209,6,0.0,0,0.0,0,0.0,0,0.0,0,2209.4,16,0.0,0,0.0,0,0.0,0,0.0,0
2012-11-15T09:23:55.250,2209.2,7027,2209,6,0.0,0,0.0,0,0.0,0,0.0,0,2209.2,9,0.0,0,0.0,0,0.0,0,0.0,0
2012-11-15T09:23:56.250,2209,7032,2209,2,0.0,0,0.0,0,0.0,0,0.0,0,2209.2,9,0.0,0,0.0,0,0.0,0,0.0,0
2012-11-15T09:23:57.000,2209.2,7033,2209,3,0.0,0,0.0,0,0.0,0,0.0,0,2209.2,8,0.0,0,0.0,0,0.0,0,0.0,0
2012-11-15T09:23:57.500,2209.2,7039,2209,3,0.0,0,0.0,0,0.0,0,0.0,0,2209.2,2,0.0,0,0.0,0,0.0,0,0.0,0
2012-11-15T09:23:58.250,2209,7041,2209,2,0.0,0,0.0,0,0.0,0,0.0,0,2209.2,2,0.0,0,0.0,0,0.0,0,0.0,0
2012-11-15T09:23:59.250,2209,7042,2209,2,0.0,0,0.0,0,0.0,0,0.0,0,2209.2,4,0.0,0,0.0,0,0.0,0,0.0,0
2012-11-15T09:24:00.250,2209.2,7047,2208.8,35,0.0,0,0.0,0,0.0,0,0.0,0,2209.2,1,0.0,0,0.0,0,0.0,0,0.0,0
2012-11-15T09:24:01.250,2209,7052,2208.8,28,0.0,0,0.0,0,0.0,0,0.0,0,2209.2,10,0.0,0,0.0,0,0.0,0,0.0,0
2012-11-15T09:24:02.250,2208.8,7053,2208.8,27,0.0,0,0.0,0,0.0,0,0.0,0,2209.2,19,0.0,0,0.0,0,0.0,0,0.0,0
2012-11-15T09:24:03.250,2209,7054,2209,2,0.0,0,0.0,0,0.0,0,0.0,0,2209.2,23,0.0,0,0.0,0,0.0,0,0.0,0
2012-11-15T09:24:04.000,2208.8,7057,2208.8,25,0.0,0,0.0,0,0.0,0,0.0,0,2209,21,0.0,0,0.0,0,0.0,0,0.0,0
2012-11-15T09:24:04.500,2209,7061,2208.8,25,0.0,0,0.0,0,0.0,0,0.0,0,2209,19,0.0,0,0.0,0,0.0,0,0.0,0
2012-11-15T09:24:05.000,2208.8,7086,2208.6,46,0.0,0,0.0,0,0.0,0,0.0,0,2208.8,30,0.0,0,0.0,0,0.0,0,0.0,0
2012-11-15T09:24:05.500,2208.6,7090,2208.6,43,0.0,0,0.0,0,0.0,0,0.0,0,2208.8,59,0.0,0,0.0,0,0.0,0,0.0,0
2012-11-15T09:24:06.000,2208.4,7143,2208.4,62,0.0,0,0.0,0,0.0,0,0.0,0,2208.6,43,0.0,0,0.0,0,0.0,0,0.0,0
2012-11-15T09:24:06.500,2208.4,7154,2208.4,52,0.0,0,0.0,0,0.0,0,0.0,0,2208.6,17,0.0,0,0.0,0,0.0,0,0.0,0
2012-11-15T09:24:07.000,2208.4,7168,2208.4,38,0.0,0,0.0,0,0.0,0,0.0,0,2208.6,55,0.0,0,0.0,0,0.0,0,0.0,0
2012-11-15T09:24:07.500,2208.4,7186,2208.4,28,0.0,0,0.0,0,0.0,0,0.0,0,2208.6,15,0.0,0,0.0,0,0.0,0,0.0,0
2012-11-15T09:24:08.000,2208.6,7203,2208.4,29,0.0,0,0.0,0,0.0,0,0.0,0,2208.6,1,0.0,0,0.0,0,0.0,0,0.0,0
2012-11-15T09:24:08.500,2208.6,7208,2208.6,15,0.0,0,0.0,0,0.0,0,0.0,0,2208.8,28,0.0,0,0.0,0,0.0,0,0.0,0
2012-11-15T09:24:09.000,2208.6,7213,2208.6,13,0.0,0,0.0,0,0.0,0,0.0,0,2208.8,25,0.0,0,0.0,0,0.0,0,0.0,0
2012-11-15T09:24:09.500,2208.8,7215,2208.6,14,0.0,0,0.0,0,0.0,0,0.0,0,2208.8,24,0.0,0,0.0,0,0.0,0,0.0,0
2012-11-15T09:24:10.250,2208.4,7240,2208.2,45,0.0,0,0.0,0,0.0,0,0.0,0,2208.4,4,0.0,0,0.0,0,0.0,0,0.0,0
2012-11-15T09:24:11.000,2208.4,7243,2208.2,45,0.0,0,0.0,0,0.0,0,0.0,0,2208.4,3,0.0,0,0.0,0,0.0,0,0.0,0
2012-11-15T09:24:11.500,2208.4,7261,2208.2,30,0.0,0,0.0,0,0.0,0,0.0,0,2208.4,1,0.0,0,0.0,0,0.0,0,0.0,0
2012-11-15T09:24:12.000,2208.2,7267,2208.2,26,0.0,0,0.0,0,0.0,0,0.0,0,2208.6,9,0.0,0,0.0,0,0.0,0,0.0,0
2012-11-15T09:24:12.500,2208.2,7268,2208.4,5,0.0,0,0.0,0,0.0,0,0.0,0,2208.6,63,0.0,0,0.0,0,0.0,0,0.0,0
2012-11-15T09:24:13.000,2208.4,7277,2208.4,1,0.0,0,0.0,0,0.0,0,0.0,0,2208.6,61,0.0,0,0.0,0,0.0,0,0.0,0
2012-11-15T09:24:13.500,2208.2,7287,2208.2,15,0.0,0,0.0,0,0.0,0,0.0,0,2208.4,6,0.0,0,0.0,0,0.0,0,0.0,0
2012-11-15T09:24:14.000,2208.2,7296,2208.2,6,0.0,0,0.0,0,0.0,0,0.0,0,2208.4,35,0.0,0,0.0,0,0.0,0,0.0,0
2012-11-15T09:24:14.500,2208,7305,2208,34,0.0,0,0.0,0,0.0,0,0.0,0,2208.2,51,0.0,0,0.0,0,0.0,0,0.0,0
2012-11-15T09:24:15.000,2208,7341,2207.8,5,0.0,0,0.0,0,0.0,0,0.0,0,2208,4,0.0,0,0.0,0,0.0,0,0.0,0
2012-11-15T09:24:15.500,2207.8,7352,2207.6,26,0.0,0,0.0,0,0.0,0,0.0,0,2207.8,2,0.0,0,0.0,0,0.0,0,0.0,0
2012-11-15T09:24:16.000,2207.6,7364,2207.6,25,0.0,0,0.0,0,0.0,0,0.0,0,2207.8,1,0.0,0,0.0,0,0.0,0,0.0,0
2012-11-15T09:24:16.500,2207.6,7426,2207.2,37,0.0,0,0.0,0,0.0,0,0.0,0,2207.8,31,0.0,0,0.0,0,0.0,0,0.0,0
2012-11-15T09:24:17.000,2207.2,7443,2207.2,50,0.0,0,0.0,0,0.0,0,0.0,0,2207.8,17,0.0,0,0.0,0,0.0,0,0.0,0
2012-11-15T09:24:17.500,2207.4,7461,2207.4,29,0.0,0,0.0,0,0.0,0,0.0,0,2208,18,0.0,0,0.0,0,0.0,0,0.0,0
2012-11-15T09:24:18.000,2207.2,7479,2207.2,45,0.0,0,0.0,0,0.0,0,0.0,0,2207.6,1,0.0,0,0.0,0,0.0,0,0.0,0
2012-11-15T09:24:18.500,2207.4,7485,2207.2,63,0.0,0,0.0,0,0.0,0,0.0,0,2207.8,6,0.0,0,0.0,0,0.0,0,0.0,0
2012-11-15T09:24:19.000,2208,7507,2207.6,1,0.0,0,0.0,0,0.0,0,0.0,0,2208,13,0.0,0,0.0,0,0.0,0,0.0,0
2012-11-15T09:24:19.500,2208,7517,2207.6,13,0.0,0,0.0,0,0.0,0,0.0,0,2208,28,0.0,0,0.0,0,0.0,0,0.0,0
2012-11-15T09:24:20.250,2207.6,7528,2207.6,16,0.0,0,0.0,0,0.0,0,0.0,0,2208,14,0.0,0,0.0,0,0.0,0,0.0,0
2012-11-15T09:24:21.000,2207.6,7530,2207.6,35,0.0,0,0.0,0,0.0,0,0.0,0,2208,7,0.0,0,0.0,0,0.0,0,0.0,0
2012-11-15T09:24:21.500,2208,7531,2207.8,1,0.0,0,0.0,0,0.0,0,0.0,0,2208,7,0.0,0,0.0,0,0.0,0,0.0,0
2012-11-15T09:24:22.000,2207.6,7533,2207.6,13,0.0,0,0.0,0,0.0,0,0.0,0,2207.8,6,0.0,0,0.0,0,0.0,0,0.0,0
2012-11-15T09:24:22.500,2207.6,7536,2207.6,9,0.0,0,0.0,0,0.0,0,0.0,0,2208,36,0.0,0,0.0,0,0.0,0,0.0,0
2012-11-15T09:24:23.000,2207.4,7554,2207.4,12,0.0,0,0.0,0,0.0,0,0.0,0,2207.6,13,0.0,0,0.0,0,0.0,0,0.0,0
2012-11-15T09:24:23.500,2207.6,7577,2207.6,14,0.0,0,0.0,0,0.0,0,0.0,0,2207.8,2,0.0,0,0.0,0,0.0,0,0.0,0
2012-11-15T09:24:24.000,2207.8,7579,2207.4,4,0.0,0,0.0,0,0.0,0,0.0,0,2207.8,1,0.0,0,0.0,0,0.0,0,0.0,0
2012-11-15T09:24:24.500,2207.8,7580,2207.4,4,0.0,0,0.0,0,0.0,0,0.0,0,2207.6,2,0.0,0,0.0,0,0.0,0,0.0,0
2012-11-15T09:24:25.000,2207.4,7585,2207.4,3,0.0,0,0.0,0,0.0,0,0.0,0,2207.6,1,0.0,0,0.0,0,0.0,0,0.0,0
2012-11-15T09:24:25.500,2207.6,7587,2207.4,6,0.0,0,0.0,0,0.0,0,0.0,0,2207.6,1,0.0,0,0.0,0,0.0,0,0.0,0
2012-11-15T09:24:26.000,2207.4,7588,2207.4,6,0.0,0,0.0,0,0.0,0,0.0,0,2207.6,2,0.0,0,0.0,0,0.0,0,0.0,0
2012-11-15T09:24:26.500,2207.6,7591,2207.6,3,0.0,0,0.0,0,0.0,0,0.0,0,2208,20,0.0,0,0.0,0,0.0,0,0.0,0
2012-11-15T09:24:27.250,2207.6,7593,2207.8,1,0.0,0,0.0,0,0.0,0,0.0,0,2208,18,0.0,0,0.0,0,0.0,0,0.0,0
2012-11-15T09:24:28.000,2207.6,7595,2207.6,4,0.0,0,0.0,0,0.0,0,0.0,0,2207.8,11,0.0,0,0.0,0,0.0,0,0.0,0
2012-11-15T09:24:28.500,2207.6,7604,2207.4,22,0.0,0,0.0,0,0.0,0,0.0,0,2207.6,2,0.0,0,0.0,0,0.0,0,0.0,0
2012-11-15T09:24:29.000,2207.6,7615,2207.4,21,0.0,0,0.0,0,0.0,0,0.0,0,2207.6,11,0.0,0,0.0,0,0.0,0,0.0,0
2012-11-15T09:24:29.500,2207.4,7618,2207.4,16,0.0,0,0.0,0,0.0,0,0.0,0,2207.6,11,0.0,0,0.0,0,0.0,0,0.0,0
2012-11-15T09:24:30.000,2207.4,7621,2207.4,15,0.0,0,0.0,0,0.0,0,0.0,0,2207.6,10,0.0,0,0.0,0,0.0,0,0.0,0
2012-11-15T09:24:30.500,2207.4,7629,2207.4,13,0.0,0,0.0,0,0.0,0,0.0,0,2207.6,3,0.0,0,0.0,0,0.0,0,0.0,0
2012-11-15T09:24:31.000,2207.6,7632,2207.4,15,0.0,0,0.0,0,0.0,0,0.0,0,2207.8,9,0.0,0,0.0,0,0.0,0,0.0,0
2012-11-15T09:24:31.500,2207.4,7637,2207.4,12,0.0,0,0.0,0,0.0,0,0.0,0,2207.6,34,0.0,0,0.0,0,0.0,0,0.0,0
2012-11-15T09:24:32.000,2207.6,7639,2207.4,16,0.0,0,0.0,0,0.0,0,0.0,0,2207.6,33,0.0,0,0.0,0,0.0,0,0.0,0
2012-11-15T09:24:32.500,2207.6,7642,2207.4,12,0.0,0,0.0,0,0.0,0,0.0,0,2207.6,29,0.0,0,0.0,0,0.0,0,0.0,0
2012-11-15T09:24:33.000,2207.4,7644,2207.4,12,0.0,0,0.0,0,0.0,0,0.0,0,2207.8,13,0.0,0,0.0,0,0.0,0,0.0,0
2012-11-15T09:24:33.500,2207.8,7645,2207.6,6,0.0,0,0.0,0,0.0,0,0.0,0,2207.8,35,0.0,0,0.0,0,0.0,0,0.0,0
2012-11-15T09:24:34.000,2207.4,7666,2207.2,38,0.0,0,0.0,0,0.0,0,0.0,0,2207.4,7,0.0,0,0.0,0,0.0,0,0.0,0
2012-11-15T09:24:34.500,2207.4,7668,2207.2,37,0.0,0,0.0,0,0.0,0,0.0,0,2207.4,5,0.0,0,0.0,0,0.0,0,0.0,0
2012-11-15T09:24:35.000,2207.4,7670,2207.2,37,0.0,0,0.0,0,0.0,0,0.0,0,2207.4,3,0.0,0,0.0,0,0.0,0,0.0,0
2012-11-15T09:24:35.500,2207.4,7675,2207.2,37,0.0,0,0.0,0,0.0,0,0.0,0,2207.4,3,0.0,0,0.0,0,0.0,0,0.0,0
2012-11-15T09:24:36.000,2207.6,7679,2207.2,39,0.0,0,0.0,0,0.0,0,0.0,0,2207.6,5,0.0,0,0.0,0,0.0,0,0.0,0
2012-11-15T09:24:36.500,2207.2,7688,2207.4,1,0.0,0,0.0,0,0.0,0,0.0,0,2207.6,6,0.0,0,0.0,0,0.0,0,0.0,0
2012-11-15T09:24:37.000,2207.4,7692,2207.2,28,0.0,0,0.0,0,0.0,0,0.0,0,2207.6,6,0.0,0,0.0,0,0.0,0,0.0,0
2012-11-15T09:24:37.500,2207.4,7699,2207.2,31,0.0,0,0.0,0,0.0,0,0.0,0,2207.6,1,0.0,0,0.0,0,0.0,0,0.0,0
2012-11-15T09:24:38.000,2207.4,7702,2207.2,40,0.0,0,0.0,0,0.0,0,0.0,0,2207.4,2,0.0,0,0.0,0,0.0,0,0.0,0
2012-11-15T09:24:38.500,2207.4,7704,2207.4,2,0.0,0,0.0,0,0.0,0,0.0,0,2207.8,48,0.0,0,0.0,0,0.0,0,0.0,0
2012-11-15T09:24:39.000,2207.4,7705,2207.2,44,0.0,0,0.0,0,0.0,0,0.0,0,2207.4,5,0.0,0,0.0,0,0.0,0,0.0,0
2012-11-15T09:24:39.500,2207.4,7712,2207.4,12,0.0,0,0.0,0,0.0,0,0.0,0,2207.8,36,0.0,0,0.0,0,0.0,0,0.0,0
2012-11-15T09:24:40.000,2207.6,7717,2207.6,1,0.0,0,0.0,0,0.0,0,0.0,0,2207.8,30,0.0,0,0.0,0,0.0,0,0.0,0
2012-11-15T09:24:40.500,2207.6,7718,2207.4,32,0.0,0,0.0,0,0.0,0,0.0,0,2207.8,29,0.0,0,0.0,0,0.0,0,0.0,0
2012-11-15T09:24:41.000,2207.4,7720,2207.4,5,0.0,0,0.0,0,0.0,0,0.0,0,2207.6,7,0.0,0,0.0,0,0.0,0,0.0,0
2012-11-15T09:24:41.500,2207.6,7723,2207.4,8,0.0,0,0.0,0,0.0,0,0.0,0,2207.6,4,0.0,0,0.0,0,0.0,0,0.0,0
2012-11-15T09:24:42.000,2207.6,7724,2207.4,4,0.0,0,0.0,0,0.0,0,0.0,0,2207.6,3,0.0,0,0.0,0,0.0,0,0.0,0
2012-11-15T09:24:42.500,2207.6,7725,2207.4,4,0.0,0,0.0,0,0.0,0,0.0,0,2207.6,4,0.0,0,0.0,0,0.0,0,0.0,0
2012-11-15T09:24:43.000,2207.6,7728,2207.4,2,0.0,0,0.0,0,0.0,0,0.0,0,2207.6,1,0.0,0,0.0,0,0.0,0,0.0,0
2012-11-15T09:24:43.500,2207.6,7729,2207.6,4,0.0,0,0.0,0,0.0,0,0.0,0,2207.8,47,0.0,0,0.0,0,0.0,0,0.0,0
2012-11-15T09:24:44.250,2207.6,7731,2207.6,4,0.0,0,0.0,0,0.0,0,0.0,0,2207.8,48,0.0,0,0.0,0,0.0,0,0.0,0
2012-11-15T09:24:45.000,2207.6,7733,2207.6,4,0.0,0,0.0,0,0.0,0,0.0,0,2207.8,48,0.0,0,0.0,0,0.0,0,0.0,0
2012-11-15T09:24:45.500,2207.8,7734,2207.6,8,0.0,0,0.0,0,0.0,0,0.0,0,2207.8,47,0.0,0,0.0,0,0.0,0,0.0,0
2012-11-15T09:24:46.250,2207.8,7736,2207.6,7,0.0,0,0.0,0,0.0,0,0.0,0,2207.8,39,0.0,0,0.0,0,0.0,0,0.0,0
2012-11-15T09:24:47.000,2207.6,7738,2207.6,7,0.0,0,0.0,0,0.0,0,0.0,0,2207.8,38,0.0,0,0.0,0,0.0,0,0.0,0
2012-11-15T09:24:47.500,2207.8,7741,2207.6,8,0.0,0,0.0,0,0.0,0,0.0,0,2207.8,36,0.0,0,0.0,0,0.0,0,0.0,0
2012-11-15T09:24:48.250,2207.8,7744,2207.6,8,0.0,0,0.0,0,0.0,0,0.0,0,2207.8,34,0.0,0,0.0,0,0.0,0,0.0,0
2012-11-15T09:24:49.250,2207.8,7746,2207.6,11,0.0,0,0.0,0,0.0,0,0.0,0,2207.8,32,0.0,0,0.0,0,0.0,0,0.0,0
2012-11-15T09:24:50.250,2207.8,7762,2207.6,43,0.0,0,0.0,0,0.0,0,0.0,0,2207.8,16,0.0,0,0.0,0,0.0,0,0.0,0
2012-11-15T09:24:51.000,2207.8,7773,2207.6,42,0.0,0,0.0,0,0.0,0,0.0,0,2207.8,6,0.0,0,0.0,0,0.0,0,0.0,0
2012-11-15T09:24:51.500,2207.8,7801,2207.6,19,0.0,0,0.0,0,0.0,0,0.0,0,2207.8,2,0.0,0,0.0,0,0.0,0,0.0,0
2012-11-15T09:24:52.000,2208,7806,2207.8,1,0.0,0,0.0,0,0.0,0,0.0,0,2208,16,0.0,0,0.0,0,0.0,0,0.0,0
2012-11-15T09:24:52.500,2207.8,7816,2207.6,15,0.0,0,0.0,0,0.0,0,0.0,0,2207.8,1,0.0,0,0.0,0,0.0,0,0.0,0
2012-11-15T09:24:53.000,2207.8,7817,2207.8,1,0.0,0,0.0,0,0.0,0,0.0,0,2208,22,0.0,0,0.0,0,0.0,0,0.0,0
2012-11-15T09:24:53.500,2207.8,7818,2207.6,17,0.0,0,0.0,0,0.0,0,0.0,0,2208,22,0.0,0,0.0,0,0.0,0,0.0,0
2012-11-15T09:24:54.000,2207.6,7826,2207.6,16,0.0,0,0.0,0,0.0,0,0.0,0,2208,15,0.0,0,0.0,0,0.0,0,0.0,0
2012-11-15T09:24:54.500,2208,7827,2207.6,16,0.0,0,0.0,0,0.0,0,0.0,0,2208,14,0.0,0,0.0,0,0.0,0,0.0,0
2012-11-15T09:24:55.250,2207.6,7846,2207.8,3,0.0,0,0.0,0,0.0,0,0.0,0,2208,7,0.0,0,0.0,0,0.0,0,0.0,0
2012-11-15T09:24:56.000,2207.6,7857,2207.6,43,0.0,0,0.0,0,0.0,0,0.0,0,2207.8,13,0.0,0,0.0,0,0.0,0,0.0,0
2012-11-15T09:24:56.500,2207.8,7874,2207.8,15,0.0,0,0.0,0,0.0,0,0.0,0,2208,2,0.0,0,0.0,0,0.0,0,0.0,0
2012-11-15T09:24:57.250,2207.8,7879,2207.6,5,0.0,0,0.0,0,0.0,0,0.0,0,2207.8,10,0.0,0,0.0,0,0.0,0,0.0,0
2012-11-15T09:24:58.250,2207.8,7881,2207.6,5,0.0,0,0.0,0,0.0,0,0.0,0,2207.8,1,0.0,0,0.0,0,0.0,0,0.0,0
2012-11-15T09:24:59.250,2207.6,7886,2207.6,9,0.0,0,0.0,0,0.0,0,0.0,0,2208,14,0.0,0,0.0,0,0.0,0,0.0,0
2012-11-15T09:25:00.000,2208,7891,2207.6,4,0.0,0,0.0,0,0.0,0,0.0,0,2208,13,0.0,0,0.0,0,0.0,0,0.0,0
2012-11-15T09:25:00.500,2207.8,7893,2207.6,5,0.0,0,0.0,0,0.0,0,0.0,0,2208,14,0.0,0,0.0,0,0.0,0,0.0,0
2012-11-15T09:25:01.000,2207.4,7906,2207.4,6,0.0,0,0.0,0,0.0,0,0.0,0,2207.6,6,0.0,0,0.0,0,0.0,0,0.0,0
2012-11-15T09:25:01.500,2207.4,7914,2207.4,4,0.0,0,0.0,0,0.0,0,0.0,0,2207.6,1,0.0,0,0.0,0,0.0,0,0.0,0
2012-11-15T09:25:02.000,2207.6,7916,2207.6,10,0.0,0,0.0,0,0.0,0,0.0,0,2207.8,11,0.0,0,0.0,0,0.0,0,0.0,0
2012-11-15T09:25:02.500,2207.6,7927,2207.6,2,0.0,0,0.0,0,0.0,0,0.0,0,2207.8,1,0.0,0,0.0,0,0.0,0,0.0,0
