date_time,last_px,total_volume,bid1_px,bid1_qty,bid2_px,bid2_qty,bid3_px,bid3_qty,bid4_px,bid4_qty,bid5_px,bid5_qty,ask1_px,ask1_qty,ask2_px,ask2_qty,ask3_px,ask3_qty,ask4_px,ask4_qty,ask5_px,ask5_qty
2012-11-30T09:14:00.250,2123.8,294,2123.4,1,0.0,0,0.0,0,0.0,0,0.0,0,2123.8,42,0.0,0,0.0,0,0.0,0,0.0,0
2012-11-30T09:15:00.250,2123,445,2123,3,0.0,0,0.0,0,0.0,0,0.0,0,2123.2,2,0.0,0,0.0,0,0.0,0,0.0,0
2012-11-30T09:15:01.000,2121.8,841,2121.8,1,0.0,0,0.0,0,0.0,0,0.0,0,2123,9,0.0,0,0.0,0,0.0,0,0.0,0
2012-11-30T09:15:01.500,2121.6,965,2121,2,0.0,0,0.0,0,0.0,0,0.0,0,2122.6,20,0.0,0,0.0,0,0.0,0,0.0,0
2012-11-30T09:15:02.000,2122,1094,2122,8,0.0,0,0.0,0,0.0,0,0.0,0,2122.8,31,0.0,0,0.0,0,0.0,0,0.0,0
2012-11-30T09:15:02.500,2122.4,1197,2122.4,3,0.0,0,0.0,0,0.0,0,0.0,0,2122.6,6,0.0,0,0.0,0,0.0,0,0.0,0
2012-11-30T09:15:03.000,2122.8,1244,2122.8,23,0.0,0,0.0,0,0.0,0,0.0,0,2123,12,0.0,0,0.0,0,0.0,0,0.0,0
2012-11-30T09:15:03.500,2123.2,1341,2123,40,0.0,0,0.0,0,0.0,0,0.0,0,2123.4,112,0.0,0,0.0,0,0.0,0,0.0,0
2012-11-30T09:15:04.000,2123.2,1461,2123.2,19,0.0,0,0.0,0,0.0,0,0.0,0,2123.4,9,0.0,0,0.0,0,0.0,0,0.0,0
2012-11-30T09:15:04.500,2123.6,1519,2123.4,12,0.0,0,0.0,0,0.0,0,0.0,0,2123.6,15,0.0,0,0.0,0,0.0,0,0.0,0
2012-11-30T09:15:05.000,2123.6,1544,2123.6,19,0.0,0,0.0,0,0.0,0,0.0,0,2123.8,97,0.0,0,0.0,0,0.0,0,0.0,0
2012-11-30T09:15:05.500,2123.8,1627,2123.6,28,0.0,0,0.0,0,0.0,0,0.0,0,2123.8,61,0.0,0,0.0,0,0.0,0,0.0,0
2012-11-30T09:15:06.000,2123.8,1733,2123.8,3,0.0,0,0.0,0,0.0,0,0.0,0,2124,47,0.0,0,0.0,0,0.0,0,0.0,0
2012-11-30T09:15:06.500,2124,1755,2123.8,18,0.0,0,0.0,0,0.0,0,0.0,0,2124,40,0.0,0,0.0,0,0.0,0,0.0,0
2012-11-30T09:15:07.000,2124,1806,2123.8,41,0.0,0,0.0,0,0.0,0,0.0,0,2124,25,0.0,0,0.0,0,0.0,0,0.0,0
2012-11-30T09:15:07.500,2123.8,1901,2123.6,8,0.0,0,0.0,0,0.0,0,0.0,0,2124,13,0.0,0,0.0,0,0.0,0,0.0,0
2012-11-30T09:15:08.000,2123.8,1951,2123.6,8,0.0,0,0.0,0,0.0,0,0.0,0,2123.8,2,0.0,0,0.0,0,0.0,0,0.0,0
2012-11-30T09:15:08.500,2123.6,2023,2123.4,53,0.0,0,0.0,0,0.0,0,0.0,0,2124.4,5,0.0,0,0.0,0,0.0,0,0.0,0
2012-11-30T09:15:09.000,2123.6,2044,2123.6,20,0.0,0,0.0,0,0.0,0,0.0,0,2124.2,4,0.0,0,0.0,0,0.0,0,0.0,0
2012-11-30T09:15:09.500,2123.8,2083,2123.8,9,0.0,0,0.0,0,0.0,0,0.0,0,2124.6,10,0.0,0,0.0,0,0.0,0,0.0,0
2012-11-30T09:15:10.000,2124.2,2099,2124.2,5,0.0,0,0.0,0,0.0,0,0.0,0,2124.4,14,0.0,0,0.0,0,0.0,0,0.0,0
2012-11-30T09:15:10.500,2123.8,2123,2123.8,16,0.0,0,0.0,0,0.0,0,0.0,0,2124.4,13,0.0,0,0.0,0,0.0,0,0.0,0
2012-11-30T09:15:11.000,2124,2151,2123.8,18,0.0,0,0.0,0,0.0,0,0.0,0,2124,7,0.0,0,0.0,0,0.0,0,0.0,0
2012-11-30T09:15:11.500,2123.6,2185,2123.6,15,0.0,0,0.0,0,0.0,0,0.0,0,2123.8,9,0.0,0,0.0,0,0.0,0,0.0,0
2012-11-30T09:15:12.000,2123.6,2208,2123.6,7,0.0,0,0.0,0,0.0,0,0.0,0,2123.8,49,0.0,0,0.0,0,0.0,0,0.0,0
2012-11-30T09:15:12.500,2123.6,2228,2123.4,42,0.0,0,0.0,0,0.0,0,0.0,0,2123.6,8,0.0,0,0.0,0,0.0,0,0.0,0
2012-11-30T09:15:13.000,2123.2,2305,2123.2,4,0.0,0,0.0,0,0.0,0,0.0,0,2123.4,19,0.0,0,0.0,0,0.0,0,0.0,0
2012-11-30T09:15:13.500,2123.2,2326,2123,20,0.0,0,0.0,0,0.0,0,0.0,0,2123.2,2,0.0,0,0.0,0,0.0,0,0.0,0
2012-11-30T09:15:14.000,2122.8,2375,2123,10,0.0,0,0.0,0,0.0,0,0.0,0,2123.2,2,0.0,0,0.0,0,0.0,0,0.0,0
2012-11-30T09:15:14.500,2123,2395,2123,14,0.0,0,0.0,0,0.0,0,0.0,0,2123.6,11,0.0,0,0.0,0,0.0,0,0.0,0
2012-11-30T09:15:15.000,2123,2428,2122.8,15,0.0,0,0.0,0,0.0,0,0.0,0,2123.6,8,0.0,0,0.0,0,0.0,0,0.0,0
2012-11-30T09:15:15.500,2123.4,2457,2123,26,0.0,0,0.0,0,0.0,0,0.0,0,2123.4,10,0.0,0,0.0,0,0.0,0,0.0,0
2012-11-30T09:15:16.000,2123,2477,2123,45,0.0,0,0.0,0,0.0,0,0.0,0,2123.4,3,0.0,0,0.0,0,0.0,0,0.0,0
2012-11-30T09:15:16.500,2123.2,2506,2123.2,14,0.0,0,0.0,0,0.0,0,0.0,0,2123.6,13,0.0,0,0.0,0,0.0,0,0.0,0
2012-11-30T09:15:17.000,2123.2,2516,2123.4,1,0.0,0,0.0,0,0.0,0,0.0,0,2123.6,12,0.0,0,0.0,0,0.0,0,0.0,0
2012-11-30T09:15:17.500,2123.6,2519,2123.4,9,0.0,0,0.0,0,0.0,0,0.0,0,2123.6,10,0.0,0,0.0,0,0.0,0,0.0,0
2012-11-30T09:15:18.000,2123.4,2541,2123.4,11,0.0,0,0.0,0,0.0,0,0.0,0,2123.6,11,0.0,0,0.0,0,0.0,0,0.0,0
2012-11-30T09:15:18.500,2123.2,2563,2123.2,30,0.0,0,0.0,0,0.0,0,0.0,0,2123.4,15,0.0,0,0.0,0,0.0,0,0.0,0
2012-11-30T09:15:19.000,2123.4,2576,2123.2,28,0.0,0,0.0,0,0.0,0,0.0,0,2123.4,57,0.0,0,0.0,0,0.0,0,0.0,0
2012-11-30T09:15:19.500,2123.2,2620,2123.2,2,0.0,0,0.0,0,0.0,0,0.0,0,2123.4,34,0.0,0,0.0,0,0.0,0,0.0,0
2012-11-30T09:15:20.000,2123,2650,2123,42,0.0,0,0.0,0,0.0,0,0.0,0,2123.2,23,0.0,0,0.0,0,0.0,0,0.0,0
2012-11-30T09:15:20.500,2123.2,2692,2123,48,0.0,0,0.0,0,0.0,0,0.0,0,2123.2,10,0.0,0,0.0,0,0.0,0,0.0,0
2012-11-30T09:15:21.000,2123.2,2724,2123,29,0.0,0,0.0,0,0.0,0,0.0,0,2123.2,5,0.0,0,0.0,0,0.0,0,0.0,0
2012-11-30T09:15:21.500,2123.2,2750,2123.2,4,0.0,0,0.0,0,0.0,0,0.0,0,2123.4,46,0.0,0,0.0,0,0.0,0,0.0,0
2012-11-30T09:15:22.000,2123.2,2779,2123.2,3,0.0,0,0.0,0,0.0,0,0.0,0,2123.4,47,0.0,0,0.0,0,0.0,0,0.0,0
2012-11-30T09:15:22.500,2123.2,2789,2123,28,0.0,0,0.0,0,0.0,0,0.0,0,2123.2,4,0.0,0,0.0,0,0.0,0,0.0,0
2012-11-30T09:15:23.000,2123.2,2795,2123,32,0.0,0,0.0,0,0.0,0,0.0,0,2123.2,3,0.0,0,0.0,0,0.0,0,0.0,0
2012-11-30T09:15:23.500,2123.6,2888,2123,6,0.0,0,0.0,0,0.0,0,0.0,0,2123.6,4,0.0,0,0.0,0,0.0,0,0.0,0
2012-11-30T09:15:24.000,2123.2,2901,2123.2,11,0.0,0,0.0,0,0.0,0,0.0,0,2123.6,10,0.0,0,0.0,0,0.0,0,0.0,0
2012-11-30T09:15:24.500,2123.4,2917,2123.4,7,0.0,0,0.0,0,0.0,0,0.0,0,2123.6,2,0.0,0,0.0,0,0.0,0,0.0,0
2012-11-30T09:15:25.000,2123.4,2952,2123.4,5,0.0,0,0.0,0,0.0,0,0.0,0,2123.6,1,0.0,0,0.0,0,0.0,0,0.0,0
2012-11-30T09:15:25.500,2123.6,2953,2123.4,6,0.0,0,0.0,0,0.0,0,0.0,0,2123.8,46,0.0,0,0.0,0,0.0,0,0.0,0
2012-11-30T09:15:26.000,2123.6,2991,2123.6,10,0.0,0,0.0,0,0.0,0,0.0,0,2123.8,45,0.0,0,0.0,0,0.0,0,0.0,0
2012-11-30T09:15:26.500,2123.8,3005,2123.6,10,0.0,0,0.0,0,0.0,0,0.0,0,2123.8,33,0.0,0,0.0,0,0.0,0,0.0,0
2012-11-30T09:15:27.000,2123.6,3013,2123.6,5,0.0,0,0.0,0,0.0,0,0.0,0,2123.8,36,0.0,0,0.0,0,0.0,0,0.0,0
2012-11-30T09:15:27.500,2123.8,3059,2123.8,8,0.0,0,0.0,0,0.0,0,0.0,0,2124,18,0.0,0,0.0,0,0.0,0,0.0,0
2012-11-30T09:15:28.000,2123.8,3066,2123.8,9,0.0,0,0.0,0,0.0,0,0.0,0,2124,19,0.0,0,0.0,0,0.0,0,0.0,0
2012-11-30T09:15:28.500,2124,3068,2123.8,18,0.0,0,0.0,0,0.0,0,0.0,0,2124,19,0.0,0,0.0,0,0.0,0,0.0,0
2012-11-30T09:15:29.000,2124,3089,2124,14,0.0,0,0.0,0,0.0,0,0.0,0,2124.2,25,0.0,0,0.0,0,0.0,0,0.0,0
2012-11-30T09:15:29.500,2124.2,3122,2124,13,0.0,0,0.0,0,0.0,0,0.0,0,2124.2,9,0.0,0,0.0,0,0.0,0,0.0,0
2012-11-30T09:15:30.000,2124.2,3134,2124.2,17,0.0,0,0.0,0,0.0,0,0.0,0,2124.4,3,0.0,0,0.0,0,0.0,0,0.0,0
2012-11-30T09:15:30.500,2124.4,3146,2124.2,15,0.0,0,0.0,0,0.0,0,0.0,0,2124.6,19,0.0,0,0.0,0,0.0,0,0.0,0
2012-11-30T09:15:31.000,2124.4,3151,2124.4,1,0.0,0,0.0,0,0.0,0,0.0,0,2124.6,19,0.0,0,0.0,0,0.0,0,0.0,0
2012-11-30T09:15:31.500,2124.6,3164,2124.2,20,0.0,0,0.0,0,0.0,0,0.0,0,2124.6,15,0.0,0,0.0,0,0.0,0,0.0,0
2012-11-30T09:15:32.000,2124.2,3229,2124,23,0.0,0,0.0,0,0.0,0,0.0,0,2124.2,28,0.0,0,0.0,0,0.0,0,0.0,0
2012-11-30T09:15:32.500,2124.2,3241,2124,19,0.0,0,0.0,0,0.0,0,0.0,0,2124.2,17,0.0,0,0.0,0,0.0,0,0.0,0
2012-11-30T09:15:33.000,2124.6,3273,2124.6,29,0.0,0,0.0,0,0.0,0,0.0,0,2124.8,7,0.0,0,0.0,0,0.0,0,0.0,0
2012-11-30T09:15:33.500,2124.6,3295,2124.6,19,0.0,0,0.0,0,0.0,0,0.0,0,2125,68,0.0,0,0.0,0,0.0,0,0.0,0
2012-11-30T09:15:34.000,2124.6,3310,2124.8,1,0.0,0,0.0,0,0.0,0,0.0,0,2125,69,0.0,0,0.0,0,0.0,0,0.0,0
2012-11-30T09:15:34.500,2125,3348,2124.6,11,0.0,0,0.0,0,0.0,0,0.0,0,2124.8,1,0.0,0,0.0,0,0.0,0,0.0,0
2012-11-30T09:15:35.000,2124.6,3367,2124.4,4,0.0,0,0.0,0,0.0,0,0.0,0,2124.6,17,0.0,0,0.0,0,0.0,0,0.0,0
2012-11-30T09:15:35.500,2124.6,3391,2124.4,5,0.0,0,0.0,0,0.0,0,0.0,0,2124.6,9,0.0,0,0.0,0,0.0,0,0.0,0
2012-11-30T09:15:36.000,2124.6,3409,2124.4,2,0.0,0,0.0,0,0.0,0,0.0,0,2124.6,3,0.0,0,0.0,0,0.0,0,0.0,0
2012-11-30T09:15:36.500,2124.4,3445,2124.4,1,0.0,0,0.0,0,0.0,0,0.0,0,2124.6,9,0.0,0,0.0,0,0.0,0,0.0,0
2012-11-30T09:15:37.000,2124.4,3466,2124.4,15,0.0,0,0.0,0,0.0,0,0.0,0,2124.6,2,0.0,0,0.0,0,0.0,0,0.0,0
2012-11-30T09:15:37.500,2124.6,3523,2124.6,7,0.0,0,0.0,0,0.0,0,0.0,0,2125,24,0.0,0,0.0,0,0.0,0,0.0,0
2012-11-30T09:15:38.000,2124.6,3534,2124.4,15,0.0,0,0.0,0,0.0,0,0.0,0,2124.6,5,0.0,0,0.0,0,0.0,0,0.0,0
2012-11-30T09:15:38.500,2125,3563,2124.6,10,0.0,0,0.0,0,0.0,0,0.0,0,2125,16,0.0,0,0.0,0,0.0,0,0.0,0
2012-11-30T09:15:39.000,2125,3628,2124.6,4,0.0,0,0.0,0,0.0,0,0.0,0,2124.8,30,0.0,0,0.0,0,0.0,0,0.0,0
2012-11-30T09:15:39.500,2124.8,3632,2124.6,9,0.0,0,0.0,0,0.0,0,0.0,0,2124.8,38,0.0,0,0.0,0,0.0,0,0.0,0
2012-11-30T09:15:40.000,2124.8,3660,2124.6,33,0.0,0,0.0,0,0.0,0,0.0,0,2124.8,35,0.0,0,0.0,0,0.0,0,0.0,0
2012-11-30T09:15:40.500,2124.6,3686,2124.6,20,0.0,0,0.0,0,0.0,0,0.0,0,2124.8,24,0.0,0,0.0,0,0.0,0,0.0,0
2012-11-30T09:15:41.000,2124.4,3721,2124.2,2,0.0,0,0.0,0,0.0,0,0.0,0,2124.4,12,0.0,0,0.0,0,0.0,0,0.0,0
2012-11-30T09:15:41.500,2124.8,3747,2124.4,9,0.0,0,0.0,0,0.0,0,0.0,0,2124.8,22,0.0,0,0.0,0,0.0,0,0.0,0
2012-11-30T09:15:42.000,2124,3772,2124,39,0.0,0,0.0,0,0.0,0,0.0,0,2124.4,4,0.0,0,0.0,0,0.0,0,0.0,0
2012-11-30T09:15:42.500,2124.2,3825,2124,41,0.0,0,0.0,0,0.0,0,0.0,0,2124.2,3,0.0,0,0.0,0,0.0,0,0.0,0
2012-11-30T09:15:43.000,2124.4,3851,2124,32,0.0,0,0.0,0,0.0,0,0.0,0,2124.4,8,0.0,0,0.0,0,0.0,0,0.0,0
2012-11-30T09:15:43.500,2124.2,3857,2124.2,1,0.0,0,0.0,0,0.0,0,0.0,0,2124.4,17,0.0,0,0.0,0,0.0,0,0.0,0
2012-11-30T09:15:44.000,2124.4,3863,2124,36,0.0,0,0.0,0,0.0,0,0.0,0,2124.4,21,0.0,0,0.0,0,0.0,0,0.0,0
2012-11-30T09:15:44.500,2124.8,3890,2124.6,1,0.0,0,0.0,0,0.0,0,0.0,0,2124.8,1,0.0,0,0.0,0,0.0,0,0.0,0
2012-11-30T09:15:45.000,2124.6,3926,2124.8,5,0.0,0,0.0,0,0.0,0,0.0,0,2125,5,0.0,0,0.0,0,0.0,0,0.0,0
2012-11-30T09:15:45.500,2124.8,3934,2124.2,10,0.0,0,0.0,0,0.0,0,0.0,0,2124.8,1,0.0,0,0.0,0,0.0,0,0.0,0
2012-11-30T09:15:46.000,2124.2,3967,2124.2,17,0.0,0,0.0,0,0.0,0,0.0,0,2124.6,3,0.0,0,0.0,0,0.0,0,0.0,0
2012-11-30T09:15:46.500,2124.8,3993,2124.4,19,0.0,0,0.0,0,0.0,0,0.0,0,2124.6,2,0.0,0,0.0,0,0.0,0,0.0,0
2012-11-30T09:15:47.000,2124.8,4018,2124.8,11,0.0,0,0.0,0,0.0,0,0.0,0,2125,16,0.0,0,0.0,0,0.0,0,0.0,0
2012-11-30T09:15:47.500,2124.8,4040,2124.8,2,0.0,0,0.0,0,0.0,0,0.0,0,2125,13,0.0,0,0.0,0,0.0,0,0.0,0
2012-11-30T09:15:48.000,2124.8,4043,2124.8,4,0.0,0,0.0,0,0.0,0,0.0,0,2125,14,0.0,0,0.0,0,0.0,0,0.0,0
2012-11-30T09:15:48.500,2125.2,4106,2125.2,5,0.0,0,0.0,0,0.0,0,0.0,0,2125.4,38,0.0,0,0.0,0,0.0,0,0.0,0
2012-11-30T09:15:49.000,2124.6,4120,2124.6,35,0.0,0,0.0,0,0.0,0,0.0,0,2125,28,0.0,0,0.0,0,0.0,0,0.0,0
2012-11-30T09:15:49.500,2125,4145,2124.8,5,0.0,0,0.0,0,0.0,0,0.0,0,2125,18,0.0,0,0.0,0,0.0,0,0.0,0
2012-11-30T09:15:50.000,2124.8,4163,2124.6,33,0.0,0,0.0,0,0.0,0,0.0,0,2124.8,13,0.0,0,0.0,0,0.0,0,0.0,0
2012-11-30T09:15:50.500,2124.6,4180,2124.6,30,0.0,0,0.0,0,0.0,0,0.0,0,2124.8,1,0.0,0,0.0,0,0.0,0,0.0,0
2012-11-30T09:15:51.000,2125,4187,2124.8,2,0.0,0,0.0,0,0.0,0,0.0,0,2125,21,0.0,0,0.0,0,0.0,0,0.0,0
2012-11-30T09:15:51.500,2124.8,4214,2124.6,32,0.0,0,0.0,0,0.0,0,0.0,0,2124.8,1,0.0,0,0.0,0,0.0,0,0.0,0
2012-11-30T09:15:52.000,2124.6,4242,2124.6,4,0.0,0,0.0,0,0.0,0,0.0,0,2124.8,1,0.0,0,0.0,0,0.0,0,0.0,0
2012-11-30T09:15:52.500,2124.6,4250,2124.6,5,0.0,0,0.0,0,0.0,0,0.0,0,2124.8,32,0.0,0,0.0,0,0.0,0,0.0,0
2012-11-30T09:15:53.000,2124.4,4279,2124.4,16,0.0,0,0.0,0,0.0,0,0.0,0,2124.6,2,0.0,0,0.0,0,0.0,0,0.0,0
2012-11-30T09:15:53.500,2124.8,4300,2124.6,11,0.0,0,0.0,0,0.0,0,0.0,0,2124.8,18,0.0,0,0.0,0,0.0,0,0.0,0
2012-11-30T09:15:54.000,2124.2,4329,2124.2,37,0.0,0,0.0,0,0.0,0,0.0,0,2124.4,19,0.0,0,0.0,0,0.0,0,0.0,0
2012-11-30T09:15:54.500,2124.2,4336,2124.2,37,0.0,0,0.0,0,0.0,0,0.0,0,2124.4,18,0.0,0,0.0,0,0.0,0,0.0,0
2012-11-30T09:15:55.000,2124.4,4368,2124.2,25,0.0,0,0.0,0,0.0,0,0.0,0,2124.4,8,0.0,0,0.0,0,0.0,0,0.0,0
2012-11-30T09:15:55.500,2124.4,4370,2124.2,28,0.0,0,0.0,0,0.0,0,0.0,0,2124.4,5,0.0,0,0.0,0,0.0,0,0.0,0
2012-11-30T09:15:56.000,2124.2,4404,2124.2,10,0.0,0,0.0,0,0.0,0,0.0,0,2124.8,11,0.0,0,0.0,0,0.0,0,0.0,0
2012-11-30T09:15:56.500,2124.8,4411,2124.4,11,0.0,0,0.0,0,0.0,0,0.0,0,2124.6,2,0.0,0,0.0,0,0.0,0,0.0,0
2012-11-30T09:15:57.000,2124.4,4432,2124.2,1,0.0,0,0.0,0,0.0,0,0.0,0,2124.4,2,0.0,0,0.0,0,0.0,0,0.0,0
2012-11-30T09:15:57.500,2124.2,4455,2124.2,1,0.0,0,0.0,0,0.0,0,0.0,0,2124.4,1,0.0,0,0.0,0,0.0,0,0.0,0
2012-11-30T09:15:58.000,2124.4,4456,2124.4,3,0.0,0,0.0,0,0.0,0,0.0,0,2124.6,11,0.0,0,0.0,0,0.0,0,0.0,0
2012-11-30T09:15:58.500,2124.6,4459,2124.4,2,0.0,0,0.0,0,0.0,0,0.0,0,2124.6,10,0.0,0,0.0,0,0.0,0,0.0,0
2012-11-30T09:15:59.000,2124.4,4472,2124.4,1,0.0,0,0.0,0,0.0,0,0.0,0,2124.6,35,0.0,0,0.0,0,0.0,0,0.0,0
2012-11-30T09:15:59.500,2124.6,4479,2124.4,27,0.0,0,0.0,0,0.0,0,0.0,0,2124.6,32,0.0,0,0.0,0,0.0,0,0.0,0
2012-11-30T09:16:00.000,2124.6,4487,2124.4,24,0.0,0,0.0,0,0.0,0,0.0,0,2124.6,30,0.0,0,0.0,0,0.0,0,0.0,0
2012-11-30T09:16:00.500,2124.4,4497,2124.4,23,0.0,0,0.0,0,0.0,0,0.0,0,2124.6,31,0.0,0,0.0,0,0.0,0,0.0,0
2012-11-30T09:16:01.000,2124.6,4547,2124.2,4,0.0,0,0.0,0,0.0,0,0.0,0,2124.4,1,0.0,0,0.0,0,0.0,0,0.0,0
2012-11-30T09:16:01.500,2124.4,4577,2124,69,0.0,0,0.0,0,0.0,0,0.0,0,2124.4,17,0.0,0,0.0,0,0.0,0,0.0,0
2012-11-30T09:16:02.000,2124,4600,2124,68,0.0,0,0.0,0,0.0,0,0.0,0,2124.2,1,0.0,0,0.0,0,0.0,0,0.0,0
2012-11-30T09:16:02.500,2124.4,4608,2124.2,12,0.0,0,0.0,0,0.0,0,0.0,0,2124.4,15,0.0,0,0.0,0,0.0,0,0.0,0
2012-11-30T09:16:03.000,2124,4625,2124,82,0.0,0,0.0,0,0.0,0,0.0,0,2124.2,12,0.0,0,0.0,0,0.0,0,0.0,0
2012-11-30T09:16:03.500,2124.4,4641,2124,82,0.0,0,0.0,0,0.0,0,0.0,0,2124.4,14,0.0,0,0.0,0,0.0,0,0.0,0
2012-11-30T09:16:04.000,2124,4650,2124.2,1,0.0,0,0.0,0,0.0,0,0.0,0,2124.4,17,0.0,0,0.0,0,0.0,0,0.0,0
2012-11-30T09:16:04.500,2124.4,4653,2124.2,5,0.0,0,0.0,0,0.0,0,0.0,0,2124.4,15,0.0,0,0.0,0,0.0,0,0.0,0
2012-11-30T09:16:05.000,2124.2,4662,2124,75,0.0,0,0.0,0,0.0,0,0.0,0,2124.2,11,0.0,0,0.0,0,0.0,0,0.0,0
2012-11-30T09:16:05.500,2124,4668,2124,74,0.0,0,0.0,0,0.0,0,0.0,0,2124.2,8,0.0,0,0.0,0,0.0,0,0.0,0
2012-11-30T09:16:06.000,2124.4,4683,2124.2,13,0.0,0,0.0,0,0.0,0,0.0,0,2124.4,11,0.0,0,0.0,0,0.0,0,0.0,0
2012-11-30T09:16:06.500,2124.4,4694,2124.2,18,0.0,0,0.0,0,0.0,0,0.0,0,2124.4,4,0.0,0,0.0,0,0.0,0,0.0,0
2012-11-30T09:16:07.000,2124.4,4706,2124.4,13,0.0,0,0.0,0,0.0,0,0.0,0,2124.6,35,0.0,0,0.0,0,0.0,0,0.0,0
2012-11-30T09:16:07.500,2124.2,4725,2124.2,10,0.0,0,0.0,0,0.0,0,0.0,0,2124.6,35,0.0,0,0.0,0,0.0,0,0.0,0
2012-11-30T09:16:08.000,2124.2,4730,2124.4,5,0.0,0,0.0,0,0.0,0,0.0,0,2124.6,33,0.0,0,0.0,0,0.0,0,0.0,0
2012-11-30T09:16:08.500,2124.4,4736,2124.4,3,0.0,0,0.0,0,0.0,0,0.0,0,2124.6,32,0.0,0,0.0,0,0.0,0,0.0,0
2012-11-30T09:16:09.000,2124.4,4743,2124.2,16,0.0,0,0.0,0,0.0,0,0.0,0,2124.4,5,0.0,0,0.0,0,0.0,0,0.0,0
2012-11-30T09:16:09.500,2124.4,4751,2124.2,13,0.0,0,0.0,0,0.0,0,0.0,0,2124.4,2,0.0,0,0.0,0,0.0,0,0.0,0
2012-11-30T09:16:10.000,2124.6,4765,2124.2,21,0.0,0,0.0,0,0.0,0,0.0,0,2124.6,23,0.0,0,0.0,0,0.0,0,0.0,0
2012-11-30T09:16:10.500,2124.2,4772,2124.2,15,0.0,0,0.0,0,0.0,0,0.0,0,2124.4,13,0.0,0,0.0,0,0.0,0,0.0,0
2012-11-30T09:16:11.000,2124.4,4788,2124.4,7,0.0,0,0.0,0,0.0,0,0.0,0,2124.6,23,0.0,0,0.0,0,0.0,0,0.0,0
2012-11-30T09:16:11.500,2124.6,4791,2124.4,8,0.0,0,0.0,0,0.0,0,0.0,0,2124.6,21,0.0,0,0.0,0,0.0,0,0.0,0
2012-11-30T09:16:12.250,2124.4,4795,2124.4,20,0.0,0,0.0,0,0.0,0,0.0,0,2124.6,22,0.0,0,0.0,0,0.0,0,0.0,0
2012-11-30T09:16:13.000,2124.6,4806,2124.4,26,0.0,0,0.0,0,0.0,0,0.0,0,2124.6,21,0.0,0,0.0,0,0.0,0,0.0,0
2012-11-30T09:16:13.500,2124.6,4824,2124.4,21,0.0,0,0.0,0,0.0,0,0.0,0,2124.6,9,0.0,0,0.0,0,0.0,0,0.0,0
2012-11-30T09:16:14.000,2124.6,4836,2124.6,12,0.0,0,0.0,0,0.0,0,0.0,0,2124.8,31,0.0,0,0.0,0,0.0,0,0.0,0
2012-11-30T09:16:14.500,2124.6,4857,2124.6,14,0.0,0,0.0,0,0.0,0,0.0,0,2124.8,17,0.0,0,0.0,0,0.0,0,0.0,0
2012-11-30T09:16:15.000,2124.6,4881,2124.4,26,0.0,0,0.0,0,0.0,0,0.0,0,2124.6,15,0.0,0,0.0,0,0.0,0,0.0,0
2012-11-30T09:16:15.500,2124.6,4886,2124.4,29,0.0,0,0.0,0,0.0,0,0.0,0,2124.6,10,0.0,0,0.0,0,0.0,0,0.0,0
2012-11-30T09:16:16.000,2124.6,4897,2124.4,22,0.0,0,0.0,0,0.0,0,0.0,0,2124.6,13,0.0,0,0.0,0,0.0,0,0.0,0
2012-11-30T09:16:16.500,2124.4,4908,2124.4,21,0.0,0,0.0,0,0.0,0,0.0,0,2124.6,17,0.0,0,0.0,0,0.0,0,0.0,0
2012-11-30T09:16:17.000,2124.4,4914,2124.4,15,0.0,0,0.0,0,0.0,0,0.0,0,2124.6,18,0.0,0,0.0,0,0.0,0,0.0,0
2012-11-30T09:16:17.500,2124.4,4921,2124.4,5,0.0,0,0.0,0,0.0,0,0.0,0,2124.6,19,0.0,0,0.0,0,0.0,0,0.0,0
2012-11-30T09:16:18.000,2124.4,4927,2124.2,26,0.0,0,0.0,0,0.0,0,0.0,0,2124.4,32,0.0,0,0.0,0,0.0,0,0.0,0
2012-11-30T09:16:18.500,2124.4,4929,2124.2,27,0.0,0,0.0,0,0.0,0,0.0,0,2124.4,37,0.0,0,0.0,0,0.0,0,0.0,0
2012-11-30T09:16:19.000,2124.4,4939,2124.2,24,0.0,0,0.0,0,0.0,0,0.0,0,2124.4,28,0.0,0,0.0,0,0.0,0,0.0,0
2012-11-30T09:16:19.500,2124.2,4944,2124.2,23,0.0,0,0.0,0,0.0,0,0.0,0,2124.4,27,0.0,0,0.0,0,0.0,0,0.0,0
2012-11-30T09:16:20.000,2124.2,4946,2124.2,21,0.0,0,0.0,0,0.0,0,0.0,0,2124.4,26,0.0,0,0.0,0,0.0,0,0.0,0
2012-11-30T09:16:20.500,2124.2,4973,2124,113,0.0,0,0.0,0,0.0,0,0.0,0,2124.2,1,0.0,0,0.0,0,0.0,0,0.0,0
2012-11-30T09:16:21.000,2124,4981,2124,112,0.0,0,0.0,0,0.0,0,0.0,0,2124.4,23,0.0,0,0.0,0,0.0,0,0.0,0
2012-11-30T09:16:21.500,2124,4982,2124,110,0.0,0,0.0,0,0.0,0,0.0,0,2124.2,2,0.0,0,0.0,0,0.0,0,0.0,0
2012-11-30T09:16:22.000,2124,4987,2124,107,0.0,0,0.0,0,0.0,0,0.0,0,2124.2,14,0.0,0,0.0,0,0.0,0,0.0,0
2012-11-30T09:16:22.500,2124.2,4999,2124,97,0.0,0,0.0,0,0.0,0,0.0,0,2124.2,43,0.0,0,0.0,0,0.0,0,0.0,0
2012-11-30T09:16:23.000,2124,5033,2124,78,0.0,0,0.0,0,0.0,0,0.0,0,2124.2,35,0.0,0,0.0,0,0.0,0,0.0,0
2012-11-30T09:16:23.500,2124,5117,2124,7,0.0,0,0.0,0,0.0,0,0.0,0,2124.2,36,0.0,0,0.0,0,0.0,0,0.0,0
2012-11-30T09:16:24.000,2124,5129,2123.8,63,0.0,0,0.0,0,0.0,0,0.0,0,2124,18,0.0,0,0.0,0,0.0,0,0.0,0
2012-11-30T09:16:24.500,2124,5134,2123.8,59,0.0,0,0.0,0,0.0,0,0.0,0,2124,22,0.0,0,0.0,0,0.0,0,0.0,0
2012-11-30T09:16:25.000,2124,5165,2123.8,45,0.0,0,0.0,0,0.0,0,0.0,0,2124,10,0.0,0,0.0,0,0.0,0,0.0,0
2012-11-30T09:16:25.500,2124,5169,2123.8,44,0.0,0,0.0,0,0.0,0,0.0,0,2124,14,0.0,0,0.0,0,0.0,0,0.0,0
2012-11-30T09:16:26.000,2123.8,5212,2123.8,14,0.0,0,0.0,0,0.0,0,0.0,0,2124,27,0.0,0,0.0,0,0.0,0,0.0,0
2012-11-30T09:16:26.500,2124,5220,2123.8,10,0.0,0,0.0,0,0.0,0,0.0,0,2124,23,0.0,0,0.0,0,0.0,0,0.0,0
2012-11-30T09:16:27.000,2124,5222,2123.8,12,0.0,0,0.0,0,0.0,0,0.0,0,2124,22,0.0,0,0.0,0,0.0,0,0.0,0
2012-11-30T09:16:27.500,2123.8,5239,2123.8,2,0.0,0,0.0,0,0.0,0,0.0,0,2124,18,0.0,0,0.0,0,0.0,0,0.0,0
2012-11-30T09:16:28.000,2124,5240,2123.8,16,0.0,0,0.0,0,0.0,0,0.0,0,2124,18,0.0,0,0.0,0,0.0,0,0.0,0
2012-11-30T09:16:28.500,2123.8,5242,2123.8,17,0.0,0,0.0,0,0.0,0,0.0,0,2124,23,0.0,0,0.0,0,0.0,0,0.0,0
2012-11-30T09:16:29.000,2123.8,5246,2123.8,17,0.0,0,0.0,0,0.0,0,0.0,0,2124,20,0.0,0,0.0,0,0.0,0,0.0,0
2012-11-30T09:16:29.500,2123.8,5252,2123.8,14,0.0,0,0.0,0,0.0,0,0.0,0,2124,20,0.0,0,0.0,0,0.0,0,0.0,0
2012-11-30T09:16:30.000,2123.8,5266,2123.8,21,0.0,0,0.0,0,0.0,0,0.0,0,2124,12,0.0,0,0.0,0,0.0,0,0.0,0
2012-11-30T09:16:30.500,2124,5270,2123.8,20,0.0,0,0.0,0,0.0,0,0.0,0,2124,11,0.0,0,0.0,0,0.0,0,0.0,0
2012-11-30T09:16:31.000,2123.8,5275,2123.8,15,0.0,0,0.0,0,0.0,0,0.0,0,2124,13,0.0,0,0.0,0,0.0,0,0.0,0
2012-11-30T09:16:31.500,2123.8,5283,2123.8,16,0.0,0,0.0,0,0.0,0,0.0,0,2124,8,0.0,0,0.0,0,0.0,0,0.0,0
2012-11-30T09:16:32.000,2124,5291,2123.8,14,0.0,0,0.0,0,0.0,0,0.0,0,2124,5,0.0,0,0.0,0,0.0,0,0.0,0
2012-11-30T09:16:32.500,2123.8,5297,2123.8,16,0.0,0,0.0,0,0.0,0,0.0,0,2124,2,0.0,0,0.0,0,0.0,0,0.0,0
2012-11-30T09:16:33.000,2123.8,5302,2123.8,22,0.0,0,0.0,0,0.0,0,0.0,0,2124,2,0.0,0,0.0,0,0.0,0,0.0,0
2012-11-30T09:16:33.500,2123.8,5309,2123.8,17,0.0,0,0.0,0,0.0,0,0.0,0,2124,2,0.0,0,0.0,0,0.0,0,0.0,0
2012-11-30T09:16:34.000,2124,5326,2124,8,0.0,0,0.0,0,0.0,0,0.0,0,2124.2,32,0.0,0,0.0,0,0.0,0,0.0,0
2012-11-30T09:16:34.500,2124,5344,2124,21,0.0,0,0.0,0,0.0,0,0.0,0,2124.2,30,0.0,0,0.0,0,0.0,0,0.0,0
2012-11-30T09:16:35.000,2124,5365,2123.8,12,0.0,0,0.0,0,0.0,0,0.0,0,2124,16,0.0,0,0.0,0,0.0,0,0.0,0
2012-11-30T09:16:35.500,2124,5370,2123.8,13,0.0,0,0.0,0,0.0,0,0.0,0,2124,13,0.0,0,0.0,0,0.0,0,0.0,0
2012-11-30T09:16:36.000,2124,5371,2123.8,21,0.0,0,0.0,0,0.0,0,0.0,0,2124,13,0.0,0,0.0,0,0.0,0,0.0,0
2012-11-30T09:16:36.500,2123.8,5388,2123.8,5,0.0,0,0.0,0,0.0,0,0.0,0,2124,13,0.0,0,0.0,0,0.0,0,0.0,0
2012-11-30T09:16:37.000,2124,5392,2123.8,4,0.0,0,0.0,0,0.0,0,0.0,0,2124,14,0.0,0,0.0,0,0.0,0,0.0,0
2012-11-30T09:16:37.500,2123.8,5395,2123.8,1,0.0,0,0.0,0,0.0,0,0.0,0,2124,14,0.0,0,0.0,0,0.0,0,0.0,0
2012-11-30T09:16:38.000,2123.8,5396,2123.8,1,0.0,0,0.0,0,0.0,0,0.0,0,2124,16,0.0,0,0.0,0,0.0,0,0.0,0
2012-11-30T09:16:38.500,2124,5417,2123.8,3,0.0,0,0.0,0,0.0,0,0.0,0,2124,1,0.0,0,0.0,0,0.0,0,0.0,0
2012-11-30T09:16:39.000,2124,5418,2123.8,4,0.0,0,0.0,0,0.0,0,0.0,0,2124.2,34,0.0,0,0.0,0,0.0,0,0.0,0
2012-11-30T09:16:39.500,2123.8,5419,2124,1,0.0,0,0.0,0,0.0,0,0.0,0,2124.2,34,0.0,0,0.0,0,0.0,0,0.0,0
2012-11-30T09:16:40.000,2124,5423,2124,5,0.0,0,0.0,0,0.0,0,0.0,0,2124.2,35,0.0,0,0.0,0,0.0,0,0.0,0
2012-11-30T09:16:40.500,2124,5428,2123.8,19,0.0,0,0.0,0,0.0,0,0.0,0,2124,16,0.0,0,0.0,0,0.0,0,0.0,0
2012-11-30T09:16:41.000,2123.8,5430,2123.8,19,0.0,0,0.0,0,0.0,0,0.0,0,2124,15,0.0,0,0.0,0,0.0,0,0.0,0
2012-11-30T09:16:41.500,2123.6,5492,2123.6,34,0.0,0,0.0,0,0.0,0,0.0,0,2123.8,57,0.0,0,0.0,0,0.0,0,0.0,0
2012-11-30T09:16:42.000,2123.8,5502,2123.6,28,0.0,0,0.0,0,0.0,0,0.0,0,2123.8,54,0.0,0,0.0,0,0.0,0,0.0,0
2012-11-30T09:16:42.500,2123.8,5515,2123.6,17,0.0,0,0.0,0,0.0,0,0.0,0,2123.8,52,0.0,0,0.0,0,0.0,0,0.0,0
2012-11-30T09:16:43.000,2123.4,5538,2123.6,2,0.0,0,0.0,0,0.0,0,0.0,0,2123.8,53,0.0,0,0.0,0,0.0,0,0.0,0
2012-11-30T09:16:43.500,2123.6,5544,2123.4,13,0.0,0,0.0,0,0.0,0,0.0,0,2123.6,1,0.0,0,0.0,0,0.0,0,0.0,0
2012-11-30T09:16:44.000,2123.4,5577,2123.2,51,0.0,0,0.0,0,0.0,0,0.0,0,2123.4,45,0.0,0,0.0,0,0.0,0,0.0,0
2012-11-30T09:16:44.500,2123.2,5582,2123.2,47,0.0,0,0.0,0,0.0,0,0.0,0,2123.4,44,0.0,0,0.0,0,0.0,0,0.0,0
2012-11-30T09:16:45.000,2123.2,5599,2123.2,44,0.0,0,0.0,0,0.0,0,0.0,0,2123.4,42,0.0,0,0.0,0,0.0,0,0.0,0
2012-11-30T09:16:45.500,2123.2,5631,2123.2,36,0.0,0,0.0,0,0.0,0,0.0,0,2123.4,37,0.0,0,0.0,0,0.0,0,0.0,0
2012-11-30T09:16:46.000,2123.4,5708,2123,66,0.0,0,0.0,0,0.0,0,0.0,0,2123.4,21,0.0,0,0.0,0,0.0,0,0.0,0
2012-11-30T09:16:46.500,2122.6,5814,2123,2,0.0,0,0.0,0,0.0,0,0.0,0,2123.4,21,0.0,0,0.0,0,0.0,0,0.0,0
2012-11-30T09:16:47.000,2123,5923,2122,17,0.0,0,0.0,0,0.0,0,0.0,0,2123.2,23,0.0,0,0.0,0,0.0,0,0.0,0
2012-11-30T09:16:47.500,2122.2,5952,2122,14,0.0,0,0.0,0,0.0,0,0.0,0,2122.8,28,0.0,0,0.0,0,0.0,0,0.0,0
2012-11-30T09:16:48.000,2122.6,6002,2122.2,17,0.0,0,0.0,0,0.0,0,0.0,0,2122.6,32,0.0,0,0.0,0,0.0,0,0.0,0
2012-11-30T09:16:48.500,2122.4,6011,2122.2,19,0.0,0,0.0,0,0.0,0,0.0,0,2122.4,8,0.0,0,0.0,0,0.0,0,0.0,0
2012-11-30T09:16:49.000,2122.2,6029,2122.4,2,0.0,0,0.0,0,0.0,0,0.0,0,2122.6,2,0.0,0,0.0,0,0.0,0,0.0,0
2012-11-30T09:16:49.500,2122.2,6043,2122.2,20,0.0,0,0.0,0,0.0,0,0.0,0,2123,34,0.0,0,0.0,0,0.0,0,0.0,0
2012-11-30T09:16:50.000,2122.2,6078,2122.2,44,0.0,0,0.0,0,0.0,0,0.0,0,2122.4,6,0.0,0,0.0,0,0.0,0,0.0,0
2012-11-30T09:16:50.500,2122.4,6092,2122.2,40,0.0,0,0.0,0,0.0,0,0.0,0,2122.8,4,0.0,0,0.0,0,0.0,0,0.0,0
2012-11-30T09:16:51.000,2122.8,6103,2122.6,1,0.0,0,0.0,0,0.0,0,0.0,0,2122.8,4,0.0,0,0.0,0,0.0,0,0.0,0
2012-11-30T09:16:51.500,2122.4,6119,2122.4,10,0.0,0,0.0,0,0.0,0,0.0,0,2122.8,1,0.0,0,0.0,0,0.0,0,0.0,0
2012-11-30T09:16:52.000,2122.4,6139,2122.4,22,0.0,0,0.0,0,0.0,0,0.0,0,2123,29,0.0,0,0.0,0,0.0,0,0.0,0
2012-11-30T09:16:52.500,2122.4,6149,2122.4,15,0.0,0,0.0,0,0.0,0,0.0,0,2122.8,23,0.0,0,0.0,0,0.0,0,0.0,0
2012-11-30T09:16:53.000,2122.4,6152,2122.4,25,0.0,0,0.0,0,0.0,0,0.0,0,2122.6,2,0.0,0,0.0,0,0.0,0,0.0,0
2012-11-30T09:16:53.500,2122.6,6163,2122.4,24,0.0,0,0.0,0,0.0,0,0.0,0,2122.6,7,0.0,0,0.0,0,0.0,0,0.0,0
2012-11-30T09:16:54.000,2122.6,6178,2122.4,22,0.0,0,0.0,0,0.0,0,0.0,0,2122.8,17,0.0,0,0.0,0,0.0,0,0.0,0
2012-11-30T09:16:54.500,2122.6,6190,2122.4,19,0.0,0,0.0,0,0.0,0,0.0,0,2122.6,7,0.0,0,0.0,0,0.0,0,0.0,0
2012-11-30T09:16:55.000,2123,6212,2122.8,26,0.0,0,0.0,0,0.0,0,0.0,0,2123,31,0.0,0,0.0,0,0.0,0,0.0,0
2012-11-30T09:16:55.500,2122.8,6247,2122.6,4,0.0,0,0.0,0,0.0,0,0.0,0,2122.8,39,0.0,0,0.0,0,0.0,0,0.0,0
2012-11-30T09:16:56.000,2122.4,6280,2122.6,2,0.0,0,0.0,0,0.0,0,0.0,0,2122.8,40,0.0,0,0.0,0,0.0,0,0.0,0
2012-11-30T09:16:56.500,2122.8,6305,2122.4,2,0.0,0,0.0,0,0.0,0,0.0,0,2122.8,42,0.0,0,0.0,0,0.0,0,0.0,0
2012-11-30T09:16:57.000,2122.2,6311,2122.6,1,0.0,0,0.0,0,0.0,0,0.0,0,2122.8,41,0.0,0,0.0,0,0.0,0,0.0,0
2012-11-30T09:16:57.500,2122.4,6317,2122.2,67,0.0,0,0.0,0,0.0,0,0.0,0,2122.6,8,0.0,0,0.0,0,0.0,0,0.0,0
2012-11-30T09:16:58.000,2122.4,6325,2122.4,1,0.0,0,0.0,0,0.0,0,0.0,0,2122.6,8,0.0,0,0.0,0,0.0,0,0.0,0
2012-11-30T09:16:58.500,2122.2,6337,2122.2,68,0.0,0,0.0,0,0.0,0,0.0,0,2122.4,1,0.0,0,0.0,0,0.0,0,0.0,0
2012-11-30T09:16:59.000,2122.4,6348,2122.4,2,0.0,0,0.0,0,0.0,0,0.0,0,2122.8,39,0.0,0,0.0,0,0.0,0,0.0,0
2012-11-30T09:16:59.500,2122.8,6385,2122.6,3,0.0,0,0.0,0,0.0,0,0.0,0,2122.8,19,0.0,0,0.0,0,0.0,0,0.0,0
2012-11-30T09:17:00.000,2122.6,6391,2122.4,7,0.0,0,0.0,0,0.0,0,0.0,0,2122.6,5,0.0,0,0.0,0,0.0,0,0.0,0
2012-11-30T09:17:00.500,2122.4,6404,2122.4,2,0.0,0,0.0,0,0.0,0,0.0,0,2122.6,4,0.0,0,0.0,0,0.0,0,0.0,0
2012-11-30T09:17:01.000,2122.4,6421,2122.6,4,0.0,0,0.0,0,0.0,0,0.0,0,2122.8,15,0.0,0,0.0,0,0.0,0,0.0,0
2012-11-30T09:17:01.500,2122.2,6454,2122.2,76,0.0,0,0.0,0,0.0,0,0.0,0,2122.4,24,0.0,0,0.0,0,0.0,0,0.0,0
2012-11-30T09:17:02.000,2122.4,6474,2122.2,69,0.0,0,0.0,0,0.0,0,0.0,0,2122.4,21,0.0,0,0.0,0,0.0,0,0.0,0
2012-11-30T09:17:02.500,2122.2,6481,2122.2,68,0.0,0,0.0,0,0.0,0,0.0,0,2122.4,19,0.0,0,0.0,0,0.0,0,0.0,0
2012-11-30T09:17:03.000,2122.4,6494,2122.2,65,0.0,0,0.0,0,0.0,0,0.0,0,2122.4,16,0.0,0,0.0,0,0.0,0,0.0,0
2012-11-30T09:17:03.500,2122.2,6503,2122.2,59,0.0,0,0.0,0,0.0,0,0.0,0,2122.4,15,0.0,0,0.0,0,0.0,0,0.0,0
2012-11-30T09:17:04.000,2122.2,6536,2122.2,31,0.0,0,0.0,0,0.0,0,0.0,0,2122.4,12,0.0,0,0.0,0,0.0,0,0.0,0
2012-11-30T09:17:04.500,2122.4,6584,2122.2,16,0.0,0,0.0,0,0.0,0,0.0,0,2122.4,1,0.0,0,0.0,0,0.0,0,0.0,0
2012-11-30T09:17:05.000,2122.2,6611,2122,38,0.0,0,0.0,0,0.0,0,0.0,0,2122.2,15,0.0,0,0.0,0,0.0,0,0.0,0
2012-11-30T09:17:05.500,2122,6654,2122,10,0.0,0,0.0,0,0.0,0,0.0,0,2122.2,7,0.0,0,0.0,0,0.0,0,0.0,0
2012-11-30T09:17:06.000,2122.2,6719,2121.6,8,0.0,0,0.0,0,0.0,0,0.0,0,2122,15,0.0,0,0.0,0,0.0,0,0.0,0
2012-11-30T09:17:06.500,2121.6,6751,2121.6,5,0.0,0,0.0,0,0.0,0,0.0,0,2121.8,16,0.0,0,0.0,0,0.0,0,0.0,0
2012-11-30T09:17:07.000,2121.8,6791,2121.6,18,0.0,0,0.0,0,0.0,0,0.0,0,2121.8,7,0.0,0,0.0,0,0.0,0,0.0,0
2012-11-30T09:17:07.500,2121.6,6818,2121.8,18,0.0,0,0.0,0,0.0,0,0.0,0,2122,8,0.0,0,0.0,0,0.0,0,0.0,0
2012-11-30T09:17:08.000,2121.8,6862,2121.8,1,0.0,0,0.0,0,0.0,0,0.0,0,2122,3,0.0,0,0.0,0,0.0,0,0.0,0
2012-11-30T09:17:08.500,2121.8,6876,2122,3,0.0,0,0.0,0,0.0,0,0.0,0,2122.2,56,0.0,0,0.0,0,0.0,0,0.0,0
2012-11-30T09:17:09.000,2122.2,6883,2122,3,0.0,0,0.0,0,0.0,0,0.0,0,2122.2,54,0.0,0,0.0,0,0.0,0,0.0,0
2012-11-30T09:17:09.500,2122,6896,2121.8,23,0.0,0,0.0,0,0.0,0,0.0,0,2122,1,0.0,0,0.0,0,0.0,0,0.0,0
2012-11-30T09:17:10.000,2122,6906,2121.8,19,0.0,0,0.0,0,0.0,0,0.0,0,2122.2,48,0.0,0,0.0,0,0.0,0,0.0,0
2012-11-30T09:17:10.500,2122.2,6925,2121.8,10,0.0,0,0.0,0,0.0,0,0.0,0,2122.2,45,0.0,0,0.0,0,0.0,0,0.0,0
2012-11-30T09:17:11.000,2122,6961,2121.8,12,0.0,0,0.0,0,0.0,0,0.0,0,2122,25,0.0,0,0.0,0,0.0,0,0.0,0
2012-11-30T09:17:11.500,2121.8,6968,2121.8,19,0.0,0,0.0,0,0.0,0,0.0,0,2122,22,0.0,0,0.0,0,0.0,0,0.0,0
2012-11-30T09:17:12.000,2122,6978,2121.8,17,0.0,0,0.0,0,0.0,0,0.0,0,2122,15,0.0,0,0.0,0,0.0,0,0.0,0
2012-11-30T09:17:12.500,2122,6983,2121.8,16,0.0,0,0.0,0,0.0,0,0.0,0,2122,12,0.0,0,0.0,0,0.0,0,0.0,0
2012-11-30T09:17:13.000,2122,6991,2121.8,13,0.0,0,0.0,0,0.0,0,0.0,0,2122,9,0.0,0,0.0,0,0.0,0,0.0,0
2012-11-30T09:17:13.500,2121.8,7015,2121.8,2,0.0,0,0.0,0,0.0,0,0.0,0,2122,2,0.0,0,0.0,0,0.0,0,0.0,0
2012-11-30T09:17:14.000,2122,7025,2121.8,8,0.0,0,0.0,0,0.0,0,0.0,0,2122,10,0.0,0,0.0,0,0.0,0,0.0,0
2012-11-30T09:17:14.500,2121.8,7048,2121.8,3,0.0,0,0.0,0,0.0,0,0.0,0,2122.2,39,0.0,0,0.0,0,0.0,0,0.0,0
2012-11-30T09:17:15.000,2121.8,7054,2121.6,5,0.0,0,0.0,0,0.0,0,0.0,0,2121.8,7,0.0,0,0.0,0,0.0,0,0.0,0
2012-11-30T09:17:15.500,2121.6,7060,2121.6,5,0.0,0,0.0,0,0.0,0,0.0,0,2121.8,8,0.0,0,0.0,0,0.0,0,0.0,0
2012-11-30T09:17:16.000,2121.8,7078,2121.6,9,0.0,0,0.0,0,0.0,0,0.0,0,2121.8,6,0.0,0,0.0,0,0.0,0,0.0,0
2012-11-30T09:17:16.500,2121.6,7102,2122,1,0.0,0,0.0,0,0.0,0,0.0,0,2122.2,38,0.0,0,0.0,0,0.0,0,0.0,0
2012-11-30T09:17:17.000,2121.6,7123,2121.8,2,0.0,0,0.0,0,0.0,0,0.0,0,2122,2,0.0,0,0.0,0,0.0,0,0.0,0
2012-11-30T09:17:17.500,2121.6,7127,2121.6,5,0.0,0,0.0,0,0.0,0,0.0,0,2121.8,3,0.0,0,0.0,0,0.0,0,0.0,0
2012-11-30T09:17:18.000,2121.6,7139,2121.6,6,0.0,0,0.0,0,0.0,0,0.0,0,2121.8,6,0.0,0,0.0,0,0.0,0,0.0,0
2012-11-30T09:17:18.500,2121.8,7163,2121.6,2,0.0,0,0.0,0,0.0,0,0.0,0,2121.8,2,0.0,0,0.0,0,0.0,0,0.0,0
2012-11-30T09:17:19.000,2121.4,7172,2121.6,9,0.0,0,0.0,0,0.0,0,0.0,0,2121.8,4,0.0,0,0.0,0,0.0,0,0.0,0
2012-11-30T09:17:19.500,2121.6,7185,2121.6,3,0.0,0,0.0,0,0.0,0,0.0,0,2121.8,1,0.0,0,0.0,0,0.0,0,0.0,0
2012-11-30T09:17:20.000,2121.6,7189,2121.4,6,0.0,0,0.0,0,0.0,0,0.0,0,2121.8,2,0.0,0,0.0,0,0.0,0,0.0,0
2012-11-30T09:17:20.500,2121.8,7199,2121.4,3,0.0,0,0.0,0,0.0,0,0.0,0,2121.8,17,0.0,0,0.0,0,0.0,0,0.0,0
2012-11-30T09:17:21.000,2121.6,7215,2121.2,46,0.0,0,0.0,0,0.0,0,0.0,0,2121.6,19,0.0,0,0.0,0,0.0,0,0.0,0
2012-11-30T09:17:21.500,2121.4,7221,2121.4,4,0.0,0,0.0,0,0.0,0,0.0,0,2121.6,25,0.0,0,0.0,0,0.0,0,0.0,0
2012-11-30T09:17:22.000,2121.6,7235,2121.4,1,0.0,0,0.0,0,0.0,0,0.0,0,2121.6,16,0.0,0,0.0,0,0.0,0,0.0,0
2012-11-30T09:17:22.500,2121.4,7244,2121.2,41,0.0,0,0.0,0,0.0,0,0.0,0,2121.6,10,0.0,0,0.0,0,0.0,0,0.0,0
2012-11-30T09:17:23.000,2121.6,7264,2121.4,6,0.0,0,0.0,0,0.0,0,0.0,0,2121.6,1,0.0,0,0.0,0,0.0,0,0.0,0
2012-11-30T09:17:23.500,2121.4,7272,2121.6,10,0.0,0,0.0,0,0.0,0,0.0,0,2121.8,2,0.0,0,0.0,0,0.0,0,0.0,0
2012-11-30T09:17:24.000,2121.8,7285,2121.6,31,0.0,0,0.0,0,0.0,0,0.0,0,2121.8,2,0.0,0,0.0,0,0.0,0,0.0,0
2012-11-30T09:17:24.500,2121.6,7302,2121.6,29,0.0,0,0.0,0,0.0,0,0.0,0,2121.8,33,0.0,0,0.0,0,0.0,0,0.0,0
2012-11-30T09:17:25.000,2121.6,7320,2121.6,21,0.0,0,0.0,0,0.0,0,0.0,0,2121.8,28,0.0,0,0.0,0,0.0,0,0.0,0
2012-11-30T09:17:25.500,2122,7357,2121.8,65,0.0,0,0.0,0,0.0,0,0.0,0,2122,26,0.0,0,0.0,0,0.0,0,0.0,0
2012-11-30T09:17:26.000,2121.8,7377,2121.8,57,0.0,0,0.0,0,0.0,0,0.0,0,2122,14,0.0,0,0.0,0,0.0,0,0.0,0
2012-11-30T09:17:26.500,2122,7416,2122,71,0.0,0,0.0,0,0.0,0,0.0,0,2122.2,60,0.0,0,0.0,0,0.0,0,0.0,0
2012-11-30T09:17:27.000,2122,7435,2122,101,0.0,0,0.0,0,0.0,0,0.0,0,2122.2,53,0.0,0,0.0,0,0.0,0,0.0,0
2012-11-30T09:17:27.500,2122.4,7490,2122.2,51,0.0,0,0.0,0,0.0,0,0.0,0,2122.4,6,0.0,0,0.0,0,0.0,0,0.0,0
2012-11-30T09:17:28.000,2122.6,7498,2122.4,31,0.0,0,0.0,0,0.0,0,0.0,0,2122.6,16,0.0,0,0.0,0,0.0,0,0.0,0
2012-11-30T09:17:28.500,2122.4,7521,2122.4,31,0.0,0,0.0,0,0.0,0,0.0,0,2122.8,16,0.0,0,0.0,0,0.0,0,0.0,0
2012-11-30T09:17:29.000,2122.8,7550,2122.8,23,0.0,0,0.0,0,0.0,0,0.0,0,2123,18,0.0,0,0.0,0,0.0,0,0.0,0
2012-11-30T09:17:29.500,2122.8,7566,2122.8,13,0.0,0,0.0,0,0.0,0,0.0,0,2123,14,0.0,0,0.0,0,0.0,0,0.0,0
2012-11-30T09:17:30.000,2123,7570,2122.8,17,0.0,0,0.0,0,0.0,0,0.0,0,2123,10,0.0,0,0.0,0,0.0,0,0.0,0
2012-11-30T09:17:30.500,2122.8,7574,2122.8,14,0.0,0,0.0,0,0.0,0,0.0,0,2123,35,0.0,0,0.0,0,0.0,0,0.0,0
2012-11-30T09:17:31.000,2122.8,7582,2122.8,9,0.0,0,0.0,0,0.0,0,0.0,0,2123,42,0.0,0,0.0,0,0.0,0,0.0,0
2012-11-30T09:17:31.500,2122.8,7595,2122.6,3,0.0,0,0.0,0,0.0,0,0.0,0,2122.8,6,0.0,0,0.0,0,0.0,0,0.0,0
2012-11-30T09:17:32.000,2122.8,7618,2122.4,21,0.0,0,0.0,0,0.0,0,0.0,0,2122.8,6,0.0,0,0.0,0,0.0,0,0.0,0
2012-11-30T09:17:32.500,2122.6,7630,2122.4,15,0.0,0,0.0,0,0.0,0,0.0,0,2122.6,7,0.0,0,0.0,0,0.0,0,0.0,0
2012-11-30T09:17:33.000,2122.6,7640,2122.2,24,0.0,0,0.0,0,0.0,0,0.0,0,2122.6,13,0.0,0,0.0,0,0.0,0,0.0,0
2012-11-30T09:17:33.500,2122.2,7655,2122.2,18,0.0,0,0.0,0,0.0,0,0.0,0,2122.6,12,0.0,0,0.0,0,0.0,0,0.0,0
2012-11-30T09:17:34.000,2122.2,7662,2122.2,17,0.0,0,0.0,0,0.0,0,0.0,0,2122.4,6,0.0,0,0.0,0,0.0,0,0.0,0
2012-11-30T09:17:34.500,2122.4,7673,2122.4,26,0.0,0,0.0,0,0.0,0,0.0,0,2122.6,13,0.0,0,0.0,0,0.0,0,0.0,0
2012-11-30T09:17:35.000,2122.6,7677,2122.4,27,0.0,0,0.0,0,0.0,0,0.0,0,2122.6,11,0.0,0,0.0,0,0.0,0,0.0,0
2012-11-30T09:17:35.500,2122.4,7681,2122.4,25,0.0,0,0.0,0,0.0,0,0.0,0,2122.6,11,0.0,0,0.0,0,0.0,0,0.0,0
2012-11-30T09:17:36.000,2122.4,7698,2122.4,8,0.0,0,0.0,0,0.0,0,0.0,0,2122.6,14,0.0,0,0.0,0,0.0,0,0.0,0
2012-11-30T09:17:36.500,2122.4,7703,2122.4,6,0.0,0,0.0,0,0.0,0,0.0,0,2122.6,13,0.0,0,0.0,0,0.0,0,0.0,0
2012-11-30T09:17:37.000,2122.6,7717,2122.6,19,0.0,0,0.0,0,0.0,0,0.0,0,2122.8,25,0.0,0,0.0,0,0.0,0,0.0,0
2012-11-30T09:17:37.500,2122.6,7720,2122.6,16,0.0,0,0.0,0,0.0,0,0.0,0,2122.8,26,0.0,0,0.0,0,0.0,0,0.0,0
2012-11-30T09:17:38.000,2122.6,7731,2122.6,6,0.0,0,0.0,0,0.0,0,0.0,0,2122.8,25,0.0,0,0.0,0,0.0,0,0.0,0
2012-11-30T09:17:38.500,2122.6,7736,2122.6,2,0.0,0,0.0,0,0.0,0,0.0,0,2122.8,35,0.0,0,0.0,0,0.0,0,0.0,0
2012-11-30T09:17:39.000,2122.4,7741,2122.4,20,0.0,0,0.0,0,0.0,0,0.0,0,2122.8,36,0.0,0,0.0,0,0.0,0,0.0,0
2012-11-30T09:17:39.500,2122.6,7777,2122.4,21,0.0,0,0.0,0,0.0,0,0.0,0,2122.8,1,0.0,0,0.0,0,0.0,0,0.0,0
2012-11-30T09:17:40.000,2122.6,7784,2122.4,23,0.0,0,0.0,0,0.0,0,0.0,0,2122.6,8,0.0,0,0.0,0,0.0,0,0.0,0
2012-11-30T09:17:40.500,2122.6,7789,2122.4,19,0.0,0,0.0,0,0.0,0,0.0,0,2122.8,1,0.0,0,0.0,0,0.0,0,0.0,0
2012-11-30T09:17:41.250,2122.6,7797,2122.6,2,0.0,0,0.0,0,0.0,0,0.0,0,2122.8,3,0.0,0,0.0,0,0.0,0,0.0,0
2012-11-30T09:17:42.000,2122.6,7801,2122.6,1,0.0,0,0.0,0,0.0,0,0.0,0,2122.8,6,0.0,0,0.0,0,0.0,0,0.0,0
2012-11-30T09:17:42.500,2122.8,7807,2122.6,4,0.0,0,0.0,0,0.0,0,0.0,0,2122.8,15,0.0,0,0.0,0,0.0,0,0.0,0
2012-11-30T09:17:43.000,2122.8,7811,2122.6,4,0.0,0,0.0,0,0.0,0,0.0,0,2122.8,20,0.0,0,0.0,0,0.0,0,0.0,0
2012-11-30T09:17:43.500,2122.8,7823,2122.6,2,0.0,0,0.0,0,0.0,0,0.0,0,2122.8,12,0.0,0,0.0,0,0.0,0,0.0,0
2012-11-30T09:17:44.000,2122.8,7830,2122.6,3,0.0,0,0.0,0,0.0,0,0.0,0,2122.8,13,0.0,0,0.0,0,0.0,0,0.0,0
2012-11-30T09:17:44.500,2122.8,7831,2122.6,20,0.0,0,0.0,0,0.0,0,0.0,0,2122.8,12,0.0,0,0.0,0,0.0,0,0.0,0
2012-11-30T09:17:45.000,2122.6,7846,2122.6,6,0.0,0,0.0,0,0.0,0,0.0,0,2122.8,12,0.0,0,0.0,0,0.0,0,0.0,0
2012-11-30T09:17:45.500,2122.6,7871,2122.4,14,0.0,0,0.0,0,0.0,0,0.0,0,2122.8,5,0.0,0,0.0,0,0.0,0,0.0,0
2012-11-30T09:17:46.000,2122.8,7873,2122.4,14,0.0,0,0.0,0,0.0,0,0.0,0,2122.8,8,0.0,0,0.0,0,0.0,0,0.0,0
2012-11-30T09:17:46.500,2122.8,7886,2122.8,10,0.0,0,0.0,0,0.0,0,0.0,0,2123,54,0.0,0,0.0,0,0.0,0,0.0,0
2012-11-30T09:17:47.000,2122.8,7901,2122.8,1,0.0,0,0.0,0,0.0,0,0.0,0,2123,55,0.0,0,0.0,0,0.0,0,0.0,0
2012-11-30T09:17:47.500,2122.8,7950,2122.8,2,0.0,0,0.0,0,0.0,0,0.0,0,2123,9,0.0,0,0.0,0,0.0,0,0.0,0
2012-11-30T09:17:48.000,2122.8,7954,2122.8,2,0.0,0,0.0,0,0.0,0,0.0,0,2123,8,0.0,0,0.0,0,0.0,0,0.0,0
2012-11-30T09:17:48.500,2123,7958,2122.8,6,0.0,0,0.0,0,0.0,0,0.0,0,2123,6,0.0,0,0.0,0,0.0,0,0.0,0
2012-11-30T09:17:49.000,2123,7960,2122.8,22,0.0,0,0.0,0,0.0,0,0.0,0,2123,5,0.0,0,0.0,0,0.0,0,0.0,0
2012-11-30T09:17:49.500,2122.8,7968,2122.8,30,0.0,0,0.0,0,0.0,0,0.0,0,2123,2,0.0,0,0.0,0,0.0,0,0.0,0
2012-11-30T09:17:50.250,2123,7973,2123,1,0.0,0,0.0,0,0.0,0,0.0,0,2123.2,21,0.0,0,0.0,0,0.0,0,0.0,0
2012-11-30T09:17:51.000,2123,7975,2123,2,0.0,0,0.0,0,0.0,0,0.0,0,2123.2,24,0.0,0,0.0,0,0.0,0,0.0,0
2012-11-30T09:17:51.500,2123,7979,2122.8,19,0.0,0,0.0,0,0.0,0,0.0,0,2123,9,0.0,0,0.0,0,0.0,0,0.0,0
2012-11-30T09:17:52.000,2123.2,7994,2122.8,18,0.0,0,0.0,0,0.0,0,0.0,0,2123,2,0.0,0,0.0,0,0.0,0,0.0,0
2012-11-30T09:17:52.500,2123,7996,2123,10,0.0,0,0.0,0,0.0,0,0.0,0,2123.2,20,0.0,0,0.0,0,0.0,0,0.0,0
2012-11-30T09:17:53.000,2123.2,8018,2123.2,29,0.0,0,0.0,0,0.0,0,0.0,0,2123.4,42,0.0,0,0.0,0,0.0,0,0.0,0
2012-11-30T09:17:53.500,2123.2,8025,2123.2,24,0.0,0,0.0,0,0.0,0,0.0,0,2123.4,44,0.0,0,0.0,0,0.0,0,0.0,0
2012-11-30T09:17:54.000,2123.4,8032,2123.2,20,0.0,0,0.0,0,0.0,0,0.0,0,2123.4,40,0.0,0,0.0,0,0.0,0,0.0,0
2012-11-30T09:17:54.500,2123.4,8035,2123.2,20,0.0,0,0.0,0,0.0,0,0.0,0,2123.4,38,0.0,0,0.0,0,0.0,0,0.0,0
2012-11-30T09:17:55.000,2123.4,8042,2123.2,19,0.0,0,0.0,0,0.0,0,0.0,0,2123.4,33,0.0,0,0.0,0,0.0,0,0.0,0
2012-11-30T09:17:55.500,2123.4,8056,2123.2,18,0.0,0,0.0,0,0.0,0,0.0,0,2123.4,20,0.0,0,0.0,0,0.0,0,0.0,0
2012-11-30T09:17:56.000,2123,8111,2123,3,0.0,0,0.0,0,0.0,0,0.0,0,2123.4,15,0.0,0,0.0,0,0.0,0,0.0,0
2012-11-30T09:17:56.500,2123.2,8115,2123,10,0.0,0,0.0,0,0.0,0,0.0,0,2123.4,26,0.0,0,0.0,0,0.0,0,0.0,0
2012-11-30T09:17:57.250,2123.4,8122,2123.2,9,0.0,0,0.0,0,0.0,0,0.0,0,2123.4,35,0.0,0,0.0,0,0.0,0,0.0,0
2012-11-30T09:17:58.000,2123,8145,2122.8,21,0.0,0,0.0,0,0.0,0,0.0,0,2123,3,0.0,0,0.0,0,0.0,0,0.0,0
2012-11-30T09:17:58.500,2123.4,8154,2122.8,16,0.0,0,0.0,0,0.0,0,0.0,0,2123.4,27,0.0,0,0.0,0,0.0,0,0.0,0
2012-11-30T09:17:59.000,2123.4,8157,2123,4,0.0,0,0.0,0,0.0,0,0.0,0,2123.4,26,0.0,0,0.0,0,0.0,0,0.0,0
2012-11-30T09:17:59.500,2123,8170,2123,7,0.0,0,0.0,0,0.0,0,0.0,0,2123.2,6,0.0,0,0.0,0,0.0,0,0.0,0
2012-11-30T09:18:00.000,2123,8176,2123,7,0.0,0,0.0,0,0.0,0,0.0,0,2123.2,3,0.0,0,0.0,0,0.0,0,0.0,0
2012-11-30T09:18:00.500,2123,8184,2122.8,25,0.0,0,0.0,0,0.0,0,0.0,0,2123,1,0.0,0,0.0,0,0.0,0,0.0,0
2012-11-30T09:18:01.000,2123.4,8194,2123.2,4,0.0,0,0.0,0,0.0,0,0.0,0,2123.4,20,0.0,0,0.0,0,0.0,0,0.0,0
2012-11-30T09:18:01.500,2123,8207,2123,12,0.0,0,0.0,0,0.0,0,0.0,0,2123.2,1,0.0,0,0.0,0,0.0,0,0.0,0
2012-11-30T09:18:02.000,2123,8225,2123,6,0.0,0,0.0,0,0.0,0,0.0,0,2123.2,6,0.0,0,0.0,0,0.0,0,0.0,0
2012-11-30T09:18:02.500,2123,8233,2123,3,0.0,0,0.0,0,0.0,0,0.0,0,2123.2,3,0.0,0,0.0,0,0.0,0,0.0,0
2012-11-30T09:18:03.000,2123,8236,2122.8,31,0.0,0,0.0,0,0.0,0,0.0,0,2123,2,0.0,0,0.0,0,0.0,0,0.0,0
2012-11-30T09:18:03.500,2123.2,8239,2123,3,0.0,0,0.0,0,0.0,0,0.0,0,2123.2,21,0.0,0,0.0,0,0.0,0,0.0,0
2012-11-30T09:18:04.000,2123,8247,2123,13,0.0,0,0.0,0,0.0,0,0.0,0,2123.2,44,0.0,0,0.0,0,0.0,0,0.0,0
2012-11-30T09:18:04.500,2123,8249,2123,11,0.0,0,0.0,0,0.0,0,0.0,0,2123.2,46,0.0,0,0.0,0,0.0,0,0.0,0
2012-11-30T09:18:05.000,2123,8259,2123,10,0.0,0,0.0,0,0.0,0,0.0,0,2123.2,38,0.0,0,0.0,0,0.0,0,0.0,0
2012-11-30T09:18:05.500,2123,8272,2122.8,31,0.0,0,0.0,0,0.0,0,0.0,0,2123,33,0.0,0,0.0,0,0.0,0,0.0,0
2012-11-30T09:18:06.000,2122.8,8291,2122.8,29,0.0,0,0.0,0,0.0,0,0.0,0,2123,24,0.0,0,0.0,0,0.0,0,0.0,0
2012-11-30T09:18:06.500,2123,8311,2122.8,19,0.0,0,0.0,0,0.0,0,0.0,0,2123,21,0.0,0,0.0,0,0.0,0,0.0,0
2012-11-30T09:18:07.000,2123,8318,2122.8,14,0.0,0,0.0,0,0.0,0,0.0,0,2123,21,0.0,0,0.0,0,0.0,0,0.0,0
2012-11-30T09:18:07.500,2123,8322,2122.8,12,0.0,0,0.0,0,0.0,0,0.0,0,2123,19,0.0,0,0.0,0,0.0,0,0.0,0
2012-11-30T09:18:08.000,2122.8,8336,2122.8,8,0.0,0,0.0,0,0.0,0,0.0,0,2123,14,0.0,0,0.0,0,0.0,0,0.0,0
2012-11-30T09:18:08.500,2122.8,8337,2122.8,7,0.0,0,0.0,0,0.0,0,0.0,0,2123,14,0.0,0,0.0,0,0.0,0,0.0,0
2012-11-30T09:18:09.000,2123,8342,2122.8,4,0.0,0,0.0,0,0.0,0,0.0,0,2123,12,0.0,0,0.0,0,0.0,0,0.0,0
2012-11-30T09:18:09.500,2123,8354,2122.8,4,0.0,0,0.0,0,0.0,0,0.0,0,2123.2,43,0.0,0,0.0,0,0.0,0,0.0,0
2012-11-30T09:18:10.000,2122.8,8356,2122.8,2,0.0,0,0.0,0,0.0,0,0.0,0,2123.2,43,0.0,0,0.0,0,0.0,0,0.0,0
2012-11-30T09:18:10.500,2122.8,8361,2122.6,18,0.0,0,0.0,0,0.0,0,0.0,0,2123,2,0.0,0,0.0,0,0.0,0,0.0,0
2012-11-30T09:18:11.000,2123,8369,2123,15,0.0,0,0.0,0,0.0,0,0.0,0,2123.2,44,0.0,0,0.0,0,0.0,0,0.0,0
2012-11-30T09:18:11.500,2123,8373,2123,19,0.0,0,0.0,0,0.0,0,0.0,0,2123.2,44,0.0,0,0.0,0,0.0,0,0.0,0
2012-11-30T09:18:12.000,2123.2,8381,2123,20,0.0,0,0.0,0,0.0,0,0.0,0,2123.2,37,0.0,0,0.0,0,0.0,0,0.0,0
2012-11-30T09:18:12.500,2123,8386,2123,19,0.0,0,0.0,0,0.0,0,0.0,0,2123.2,36,0.0,0,0.0,0,0.0,0,0.0,0
2012-11-30T09:18:13.250,2123,8405,2122.8,13,0.0,0,0.0,0,0.0,0,0.0,0,2123,5,0.0,0,0.0,0,0.0,0,0.0,0
2012-11-30T09:18:14.000,2122.6,8421,2122.8,1,0.0,0,0.0,0,0.0,0,0.0,0,2123,7,0.0,0,0.0,0,0.0,0,0.0,0
2012-11-30T09:18:14.500,2122.8,8427,2122.8,10,0.0,0,0.0,0,0.0,0,0.0,0,2123,4,0.0,0,0.0,0,0.0,0,0.0,0
2012-11-30T09:18:15.250,2123,8428,2122.8,10,0.0,0,0.0,0,0.0,0,0.0,0,2123,16,0.0,0,0.0,0,0.0,0,0.0,0
2012-11-30T09:18:16.000,2122.8,8439,2122.8,10,0.0,0,0.0,0,0.0,0,0.0,0,2123,37,0.0,0,0.0,0,0.0,0,0.0,0
2012-11-30T09:18:16.500,2122.6,8455,2122.6,18,0.0,0,0.0,0,0.0,0,0.0,0,2122.8,12,0.0,0,0.0,0,0.0,0,0.0,0
2012-11-30T09:18:17.000,2122.6,8465,2122.6,8,0.0,0,0.0,0,0.0,0,0.0,0,2122.8,37,0.0,0,0.0,0,0.0,0,0.0,0
2012-11-30T09:18:17.500,2122.6,8475,2122.4,21,0.0,0,0.0,0,0.0,0,0.0,0,2122.6,2,0.0,0,0.0,0,0.0,0,0.0,0
2012-11-30T09:18:18.000,2122.4,8478,2122.4,24,0.0,0,0.0,0,0.0,0,0.0,0,2122.6,15,0.0,0,0.0,0,0.0,0,0.0,0
2012-11-30T09:18:18.500,2122.4,8481,2122.4,22,0.0,0,0.0,0,0.0,0,0.0,0,2122.6,24,0.0,0,0.0,0,0.0,0,0.0,0
2012-11-30T09:18:19.000,2122.4,8483,2122.4,21,0.0,0,0.0,0,0.0,0,0.0,0,2122.6,23,0.0,0,0.0,0,0.0,0,0.0,0
2012-11-30T09:18:19.500,2122.6,8489,2122.4,18,0.0,0,0.0,0,0.0,0,0.0,0,2122.6,20,0.0,0,0.0,0,0.0,0,0.0,0
2012-11-30T09:18:20.000,2122.4,8493,2122.4,20,0.0,0,0.0,0,0.0,0,0.0,0,2122.6,18,0.0,0,0.0,0,0.0,0,0.0,0
2012-11-30T09:18:20.500,2122.6,8495,2122.4,20,0.0,0,0.0,0,0.0,0,0.0,0,2122.6,16,0.0,0,0.0,0,0.0,0,0.0,0
2012-11-30T09:18:21.000,2122.6,8496,2122.4,21,0.0,0,0.0,0,0.0,0,0.0,0,2122.6,9,0.0,0,0.0,0,0.0,0,0.0,0
2012-11-30T09:18:21.500,2122.6,8513,2122.6,19,0.0,0,0.0,0,0.0,0,0.0,0,2122.8,6,0.0,0,0.0,0,0.0,0,0.0,0
2012-11-30T09:18:22.000,2122.6,8518,2122.6,18,0.0,0,0.0,0,0.0,0,0.0,0,2122.8,8,0.0,0,0.0,0,0.0,0,0.0,0
2012-11-30T09:18:22.500,2122.6,8524,2122.6,24,0.0,0,0.0,0,0.0,0,0.0,0,2122.8,5,0.0,0,0.0,0,0.0,0,0.0,0
2012-11-30T09:18:23.000,2122.4,8567,2122.2,36,0.0,0,0.0,0,0.0,0,0.0,0,2122.4,48,0.0,0,0.0,0,0.0,0,0.0,0
2012-11-30T09:18:23.500,2122.4,8571,2122.2,36,0.0,0,0.0,0,0.0,0,0.0,0,2122.4,44,0.0,0,0.0,0,0.0,0,0.0,0
2012-11-30T09:18:24.000,2122.4,8579,2122.2,34,0.0,0,0.0,0,0.0,0,0.0,0,2122.4,43,0.0,0,0.0,0,0.0,0,0.0,0
2012-11-30T09:18:24.500,2122.2,8583,2122.2,31,0.0,0,0.0,0,0.0,0,0.0,0,2122.4,41,0.0,0,0.0,0,0.0,0,0.0,0
2012-11-30T09:18:25.000,2122.2,8590,2122.2,27,0.0,0,0.0,0,0.0,0,0.0,0,2122.4,39,0.0,0,0.0,0,0.0,0,0.0,0
2012-11-30T09:18:25.500,2122.2,8593,2122.2,25,0.0,0,0.0,0,0.0,0,0.0,0,2122.4,38,0.0,0,0.0,0,0.0,0,0.0,0
2012-11-30T09:18:26.000,2122.4,8602,2122.2,18,0.0,0,0.0,0,0.0,0,0.0,0,2122.4,38,0.0,0,0.0,0,0.0,0,0.0,0
2012-11-30T09:18:26.500,2122.2,8604,2122.2,17,0.0,0,0.0,0,0.0,0,0.0,0,2122.4,38,0.0,0,0.0,0,0.0,0,0.0,0
2012-11-30T09:18:27.000,2122.4,8610,2122.2,13,0.0,0,0.0,0,0.0,0,0.0,0,2122.4,36,0.0,0,0.0,0,0.0,0,0.0,0
2012-11-30T09:18:27.500,2122.4,8615,2122.2,11,0.0,0,0.0,0,0.0,0,0.0,0,2122.4,33,0.0,0,0.0,0,0.0,0,0.0,0
2012-11-30T09:18:28.000,2122.4,8621,2122.2,12,0.0,0,0.0,0,0.0,0,0.0,0,2122.4,28,0.0,0,0.0,0,0.0,0,0.0,0
2012-11-30T09:18:28.500,2122.4,8623,2122.2,11,0.0,0,0.0,0,0.0,0,0.0,0,2122.4,27,0.0,0,0.0,0,0.0,0,0.0,0
2012-11-30T09:18:29.000,2122.4,8635,2122.2,3,0.0,0,0.0,0,0.0,0,0.0,0,2122.4,26,0.0,0,0.0,0,0.0,0,0.0,0
2012-11-30T09:18:29.500,2122.2,8636,2122.2,3,0.0,0,0.0,0,0.0,0,0.0,0,2122.4,27,0.0,0,0.0,0,0.0,0,0.0,0
2012-11-30T09:18:30.000,2122.2,8638,2122.2,4,0.0,0,0.0,0,0.0,0,0.0,0,2122.4,26,0.0,0,0.0,0,0.0,0,0.0,0
2012-11-30T09:18:30.500,2122.2,8640,2122.2,2,0.0,0,0.0,0,0.0,0,0.0,0,2122.4,26,0.0,0,0.0,0,0.0,0,0.0,0
2012-11-30T09:18:31.000,2122.4,8647,2122.2,5,0.0,0,0.0,0,0.0,0,0.0,0,2122.4,22,0.0,0,0.0,0,0.0,0,0.0,0
2012-11-30T09:18:31.500,2122.2,8660,2122,43,0.0,0,0.0,0,0.0,0,0.0,0,2122.2,18,0.0,0,0.0,0,0.0,0,0.0,0
2012-11-30T09:18:32.000,2122.2,8664,2122,46,0.0,0,0.0,0,0.0,0,0.0,0,2122.2,15,0.0,0,0.0,0,0.0,0,0.0,0
2012-11-30T09:18:32.500,2122,8665,2122,42,0.0,0,0.0,0,0.0,0,0.0,0,2122.2,16,0.0,0,0.0,0,0.0,0,0.0,0
2012-11-30T09:18:33.000,2122,8673,2122,41,0.0,0,0.0,0,0.0,0,0.0,0,2122.2,16,0.0,0,0.0,0,0.0,0,0.0,0
2012-11-30T09:18:33.500,2122,8682,2122,37,0.0,0,0.0,0,0.0,0,0.0,0,2122.2,13,0.0,0,0.0,0,0.0,0,0.0,0
2012-11-30T09:18:34.000,2122.2,8688,2122,37,0.0,0,0.0,0,0.0,0,0.0,0,2122.2,9,0.0,0,0.0,0,0.0,0,0.0,0
2012-11-30T09:18:34.500,2122.2,8691,2122,38,0.0,0,0.0,0,0.0,0,0.0,0,2122.2,7,0.0,0,0.0,0,0.0,0,0.0,0
2012-11-30T09:18:35.000,2122.2,8700,2122,32,0.0,0,0.0,0,0.0,0,0.0,0,2122.2,4,0.0,0,0.0,0,0.0,0,0.0,0
2012-11-30T09:18:35.500,2122,8701,2122,31,0.0,0,0.0,0,0.0,0,0.0,0,2122.2,4,0.0,0,0.0,0,0.0,0,0.0,0
2012-11-30T09:18:36.000,2122,8705,2122,29,0.0,0,0.0,0,0.0,0,0.0,0,2122.2,4,0.0,0,0.0,0,0.0,0,0.0,0
2012-11-30T09:18:36.500,2122.4,8728,2122,30,0.0,0,0.0,0,0.0,0,0.0,0,2122.4,12,0.0,0,0.0,0,0.0,0,0.0,0
2012-11-30T09:18:37.000,2122,8734,2122,24,0.0,0,0.0,0,0.0,0,0.0,0,2122.2,1,0.0,0,0.0,0,0.0,0,0.0,0
2012-11-30T09:18:37.500,2122,8739,2122,20,0.0,0,0.0,0,0.0,0,0.0,0,2122.4,13,0.0,0,0.0,0,0.0,0,0.0,0
2012-11-30T09:18:38.000,2122,8741,2122,18,0.0,0,0.0,0,0.0,0,0.0,0,2122.4,13,0.0,0,0.0,0,0.0,0,0.0,0
2012-11-30T09:18:38.500,2122.4,8742,2122.2,1,0.0,0,0.0,0,0.0,0,0.0,0,2122.4,13,0.0,0,0.0,0,0.0,0,0.0,0
2012-11-30T09:18:39.000,2122.2,8745,2122,22,0.0,0,0.0,0,0.0,0,0.0,0,2122.2,2,0.0,0,0.0,0,0.0,0,0.0,0
2012-11-30T09:18:39.500,2122.4,8793,2122.4,4,0.0,0,0.0,0,0.0,0,0.0,0,2122.6,10,0.0,0,0.0,0,0.0,0,0.0,0
2012-11-30T09:18:40.000,2122.6,8798,2122.4,2,0.0,0,0.0,0,0.0,0,0.0,0,2122.6,7,0.0,0,0.0,0,0.0,0,0.0,0
2012-11-30T09:18:40.500,2122.6,8801,2122.4,2,0.0,0,0.0,0,0.0,0,0.0,0,2122.6,5,0.0,0,0.0,0,0.0,0,0.0,0
2012-11-30T09:18:41.000,2122.2,8812,2122,4,0.0,0,0.0,0,0.0,0,0.0,0,2122.2,36,0.0,0,0.0,0,0.0,0,0.0,0
2012-11-30T09:18:41.500,2122.2,8824,2122,7,0.0,0,0.0,0,0.0,0,0.0,0,2122.2,31,0.0,0,0.0,0,0.0,0,0.0,0
2012-11-30T09:18:42.000,2122,8827,2122,14,0.0,0,0.0,0,0.0,0,0.0,0,2122.2,29,0.0,0,0.0,0,0.0,0,0.0,0
2012-11-30T09:18:42.500,2122,8831,2122,15,0.0,0,0.0,0,0.0,0,0.0,0,2122.2,27,0.0,0,0.0,0,0.0,0,0.0,0
2012-11-30T09:18:43.000,2122.2,8843,2122,14,0.0,0,0.0,0,0.0,0,0.0,0,2122.2,23,0.0,0,0.0,0,0.0,0,0.0,0
2012-11-30T09:18:43.500,2122.2,8867,2122.2,12,0.0,0,0.0,0,0.0,0,0.0,0,2122.4,10,0.0,0,0.0,0,0.0,0,0.0,0
2012-11-30T09:18:44.000,2122.2,8870,2122.2,16,0.0,0,0.0,0,0.0,0,0.0,0,2122.4,10,0.0,0,0.0,0,0.0,0,0.0,0
2012-11-30T09:18:44.500,2122.4,8873,2122.2,27,0.0,0,0.0,0,0.0,0,0.0,0,2122.4,12,0.0,0,0.0,0,0.0,0,0.0,0
2012-11-30T09:18:45.000,2122.4,8875,2122.2,27,0.0,0,0.0,0,0.0,0,0.0,0,2122.4,12,0.0,0,0.0,0,0.0,0,0.0,0
2012-11-30T09:18:45.500,2122.4,8881,2122.2,31,0.0,0,0.0,0,0.0,0,0.0,0,2122.4,8,0.0,0,0.0,0,0.0,0,0.0,0
2012-11-30T09:18:46.000,2122.4,8898,2122.2,17,0.0,0,0.0,0,0.0,0,0.0,0,2122.4,1,0.0,0,0.0,0,0.0,0,0.0,0
2012-11-30T09:18:46.500,2122.4,8903,2122.4,10,0.0,0,0.0,0,0.0,0,0.0,0,2122.6,10,0.0,0,0.0,0,0.0,0,0.0,0
2012-11-30T09:18:47.000,2122.4,8907,2122.4,7,0.0,0,0.0,0,0.0,0,0.0,0,2122.6,9,0.0,0,0.0,0,0.0,0,0.0,0
2012-11-30T09:18:47.500,2122.6,8914,2122.4,1,0.0,0,0.0,0,0.0,0,0.0,0,2122.6,13,0.0,0,0.0,0,0.0,0,0.0,0
2012-11-30T09:18:48.000,2122.4,8924,2122.4,2,0.0,0,0.0,0,0.0,0,0.0,0,2122.6,5,0.0,0,0.0,0,0.0,0,0.0,0
2012-11-30T09:18:48.500,2122.8,8931,2122.4,2,0.0,0,0.0,0,0.0,0,0.0,0,2122.8,34,0.0,0,0.0,0,0.0,0,0.0,0
2012-11-30T09:18:49.000,2122.4,8934,2122.4,4,0.0,0,0.0,0,0.0,0,0.0,0,2122.8,35,0.0,0,0.0,0,0.0,0,0.0,0
2012-11-30T09:18:49.500,2122.6,8936,2122.4,17,0.0,0,0.0,0,0.0,0,0.0,0,2122.6,1,0.0,0,0.0,0,0.0,0,0.0,0
2012-11-30T09:18:50.000,2122.6,8938,2122.4,17,0.0,0,0.0,0,0.0,0,0.0,0,2122.6,6,0.0,0,0.0,0,0.0,0,0.0,0
2012-11-30T09:18:50.500,2122.6,8944,2122.6,9,0.0,0,0.0,0,0.0,0,0.0,0,2122.8,42,0.0,0,0.0,0,0.0,0,0.0,0
2012-11-30T09:18:51.000,2122.8,8945,2122.6,11,0.0,0,0.0,0,0.0,0,0.0,0,2122.8,41,0.0,0,0.0,0,0.0,0,0.0,0
2012-11-30T09:18:51.500,2122.6,8949,2122.6,7,0.0,0,0.0,0,0.0,0,0.0,0,2122.8,41,0.0,0,0.0,0,0.0,0,0.0,0
2012-11-30T09:18:52.000,2122.6,8957,2122.4,18,0.0,0,0.0,0,0.0,0,0.0,0,2122.6,7,0.0,0,0.0,0,0.0,0,0.0,0
2012-11-30T09:18:52.500,2122.6,8959,2122.4,17,0.0,0,0.0,0,0.0,0,0.0,0,2122.6,7,0.0,0,0.0,0,0.0,0,0.0,0
2012-11-30T09:18:53.000,2122.6,8960,2122.4,17,0.0,0,0.0,0,0.0,0,0.0,0,2122.6,6,0.0,0,0.0,0,0.0,0,0.0,0
2012-11-30T09:18:53.500,2122.6,8961,2122.4,19,0.0,0,0.0,0,0.0,0,0.0,0,2122.6,6,0.0,0,0.0,0,0.0,0,0.0,0
2012-11-30T09:18:54.000,2122.6,8964,2122.4,19,0.0,0,0.0,0,0.0,0,0.0,0,2122.6,4,0.0,0,0.0,0,0.0,0,0.0,0
2012-11-30T09:18:54.500,2122.4,8971,2122.4,19,0.0,0,0.0,0,0.0,0,0.0,0,2122.8,43,0.0,0,0.0,0,0.0,0,0.0,0
2012-11-30T09:18:55.000,2122.4,8994,2122.4,17,0.0,0,0.0,0,0.0,0,0.0,0,2122.6,9,0.0,0,0.0,0,0.0,0,0.0,0
2012-11-30T09:18:55.500,2122.4,9011,2122.2,30,0.0,0,0.0,0,0.0,0,0.0,0,2122.4,1,0.0,0,0.0,0,0.0,0,0.0,0
2012-11-30T09:18:56.000,2122.6,9014,2122.2,30,0.0,0,0.0,0,0.0,0,0.0,0,2122.6,9,0.0,0,0.0,0,0.0,0,0.0,0
2012-11-30T09:18:56.500,2122.6,9015,2122.4,1,0.0,0,0.0,0,0.0,0,0.0,0,2122.6,10,0.0,0,0.0,0,0.0,0,0.0,0
2012-11-30T09:18:57.000,2122.4,9018,2122.2,30,0.0,0,0.0,0,0.0,0,0.0,0,2122.4,9,0.0,0,0.0,0,0.0,0,0.0,0
2012-11-30T09:18:57.500,2122.4,9020,2122.2,31,0.0,0,0.0,0,0.0,0,0.0,0,2122.4,7,0.0,0,0.0,0,0.0,0,0.0,0
2012-11-30T09:18:58.250,2122.4,9025,2122.2,32,0.0,0,0.0,0,0.0,0,0.0,0,2122.4,3,0.0,0,0.0,0,0.0,0,0.0,0
2012-11-30T09:18:59.250,2122.2,9028,2122.2,29,0.0,0,0.0,0,0.0,0,0.0,0,2122.4,2,0.0,0,0.0,0,0.0,0,0.0,0
2012-11-30T09:19:00.000,2122.4,9029,2122.2,31,0.0,0,0.0,0,0.0,0,0.0,0,2122.4,1,0.0,0,0.0,0,0.0,0,0.0,0
2012-11-30T09:19:00.500,2122.4,9039,2122.2,23,0.0,0,0.0,0,0.0,0,0.0,0,2122.6,22,0.0,0,0.0,0,0.0,0,0.0,0
2012-11-30T09:19:01.000,2122.2,9075,2122,34,0.0,0,0.0,0,0.0,0,0.0,0,2122.2,3,0.0,0,0.0,0,0.0,0,0.0,0
2012-11-30T09:19:01.500,2122,9095,2122,18,0.0,0,0.0,0,0.0,0,0.0,0,2122.2,1,0.0,0,0.0,0,0.0,0,0.0,0
2012-11-30T09:19:02.000,2122.2,9118,2122,19,0.0,0,0.0,0,0.0,0,0.0,0,2122.2,3,0.0,0,0.0,0,0.0,0,0.0,0
2012-11-30T09:19:02.500,2122.8,9159,2122.8,9,0.0,0,0.0,0,0.0,0,0.0,0,2123,57,0.0,0,0.0,0,0.0,0,0.0,0
2012-11-30T09:19:03.000,2122.8,9172,2122.6,1,0.0,0,0.0,0,0.0,0,0.0,0,2123,57,0.0,0,0.0,0,0.0,0,0.0,0
2012-11-30T09:19:03.500,2123,9178,2122.4,4,0.0,0,0.0,0,0.0,0,0.0,0,2122.8,2,0.0,0,0.0,0,0.0,0,0.0,0
2012-11-30T09:19:04.000,2122,9194,2122.4,5,0.0,0,0.0,0,0.0,0,0.0,0,2122.6,1,0.0,0,0.0,0,0.0,0,0.0,0
2012-11-30T09:19:04.500,2122.8,9198,2122.6,7,0.0,0,0.0,0,0.0,0,0.0,0,2122.8,19,0.0,0,0.0,0,0.0,0,0.0,0
2012-11-30T09:19:05.250,2122.8,9200,2122.6,9,0.0,0,0.0,0,0.0,0,0.0,0,2122.8,8,0.0,0,0.0,0,0.0,0,0.0,0
2012-11-30T09:19:06.000,2122.8,9202,2122.6,10,0.0,0,0.0,0,0.0,0,0.0,0,2122.8,7,0.0,0,0.0,0,0.0,0,0.0,0
2012-11-30T09:19:06.500,2123,9203,2122.6,9,0.0,0,0.0,0,0.0,0,0.0,0,2122.8,1,0.0,0,0.0,0,0.0,0,0.0,0
2012-11-30T09:19:07.250,2122.6,9204,2122.6,13,0.0,0,0.0,0,0.0,0,0.0,0,2122.8,2,0.0,0,0.0,0,0.0,0,0.0,0
2012-11-30T09:19:08.000,2122.8,9214,2122.6,13,0.0,0,0.0,0,0.0,0,0.0,0,2123,59,0.0,0,0.0,0,0.0,0,0.0,0
2012-11-30T09:19:08.500,2122.8,9215,2122.6,13,0.0,0,0.0,0,0.0,0,0.0,0,2123,59,0.0,0,0.0,0,0.0,0,0.0,0
2012-11-30T09:19:09.000,2122.6,9221,2122.6,9,0.0,0,0.0,0,0.0,0,0.0,0,2123,59,0.0,0,0.0,0,0.0,0,0.0,0
2012-11-30T09:19:09.500,2123,9222,2122.6,9,0.0,0,0.0,0,0.0,0,0.0,0,2123,58,0.0,0,0.0,0,0.0,0,0.0,0
2012-11-30T09:19:10.000,2123,9244,2122.8,4,0.0,0,0.0,0,0.0,0,0.0,0,2123,57,0.0,0,0.0,0,0.0,0,0.0,0
2012-11-30T09:19:10.500,2122.8,9248,2122.4,4,0.0,0,0.0,0,0.0,0,0.0,0,2122.8,2,0.0,0,0.0,0,0.0,0,0.0,0
2012-11-30T09:19:11.000,2122.8,9251,2122.6,4,0.0,0,0.0,0,0.0,0,0.0,0,2122.8,2,0.0,0,0.0,0,0.0,0,0.0,0
2012-11-30T09:19:11.500,2122.8,9252,2122.6,5,0.0,0,0.0,0,0.0,0,0.0,0,2122.8,11,0.0,0,0.0,0,0.0,0,0.0,0
2012-11-30T09:19:12.000,2122.8,9255,2122.6,3,0.0,0,0.0,0,0.0,0,0.0,0,2122.8,11,0.0,0,0.0,0,0.0,0,0.0,0
2012-11-30T09:19:12.500,2122.8,9256,2122.6,5,0.0,0,0.0,0,0.0,0,0.0,0,2122.8,10,0.0,0,0.0,0,0.0,0,0.0,0
2012-11-30T09:19:13.250,2122.8,9262,2122.6,4,0.0,0,0.0,0,0.0,0,0.0,0,2122.8,5,0.0,0,0.0,0,0.0,0,0.0,0
2012-11-30T09:19:14.000,2122.6,9267,2122.4,11,0.0,0,0.0,0,0.0,0,0.0,0,2122.6,4,0.0,0,0.0,0,0.0,0,0.0,0
2012-11-30T09:19:14.500,2122.6,9268,2122.4,18,0.0,0,0.0,0,0.0,0,0.0,0,2122.6,6,0.0,0,0.0,0,0.0,0,0.0,0
2012-11-30T09:19:15.000,2122.6,9275,2122.4,18,0.0,0,0.0,0,0.0,0,0.0,0,2122.6,19,0.0,0,0.0,0,0.0,0,0.0,0
2012-11-30T09:19:15.500,2122.6,9284,2122.4,18,0.0,0,0.0,0,0.0,0,0.0,0,2122.6,16,0.0,0,0.0,0,0.0,0,0.0,0
2012-11-30T09:19:16.000,2122.6,9297,2122.4,17,0.0,0,0.0,0,0.0,0,0.0,0,2122.6,5,0.0,0,0.0,0,0.0,0,0.0,0
2012-11-30T09:19:16.500,2122.6,9298,2122.4,17,0.0,0,0.0,0,0.0,0,0.0,0,2122.6,2,0.0,0,0.0,0,0.0,0,0.0,0
2012-11-30T09:19:17.250,2122.6,9300,2122.6,1,0.0,0,0.0,0,0.0,0,0.0,0,2122.8,27,0.0,0,0.0,0,0.0,0,0.0,0
2012-11-30T09:19:18.250,2122.6,9312,2122.6,2,0.0,0,0.0,0,0.0,0,0.0,0,2122.8,16,0.0,0,0.0,0,0.0,0,0.0,0
2012-11-30T09:19:19.000,2122.8,9313,2122.6,7,0.0,0,0.0,0,0.0,0,0.0,0,2122.8,17,0.0,0,0.0,0,0.0,0,0.0,0
2012-11-30T09:19:19.500,2122.6,9317,2122.6,5,0.0,0,0.0,0,0.0,0,0.0,0,2122.8,16,0.0,0,0.0,0,0.0,0,0.0,0
2012-11-30T09:19:20.000,2122.6,9319,2122.6,5,0.0,0,0.0,0,0.0,0,0.0,0,2122.8,18,0.0,0,0.0,0,0.0,0,0.0,0
2012-11-30T09:19:20.500,2122.8,9332,2122.6,8,0.0,0,0.0,0,0.0,0,0.0,0,2122.8,7,0.0,0,0.0,0,0.0,0,0.0,0
2012-11-30T09:19:21.250,2122.8,9338,2122.6,16,0.0,0,0.0,0,0.0,0,0.0,0,2122.8,1,0.0,0,0.0,0,0.0,0,0.0,0
2012-11-30T09:19:22.000,2122.8,9340,2122.8,4,0.0,0,0.0,0,0.0,0,0.0,0,2123,94,0.0,0,0.0,0,0.0,0,0.0,0
2012-11-30T09:19:22.500,2122.8,9343,2122.8,4,0.0,0,0.0,0,0.0,0,0.0,0,2123,95,0.0,0,0.0,0,0.0,0,0.0,0
2012-11-30T09:19:23.000,2122.8,9346,2122.8,12,0.0,0,0.0,0,0.0,0,0.0,0,2123,95,0.0,0,0.0,0,0.0,0,0.0,0
2012-11-30T09:19:23.500,2123,9353,2122.8,14,0.0,0,0.0,0,0.0,0,0.0,0,2123,116,0.0,0,0.0,0,0.0,0,0.0,0
2012-11-30T09:19:24.000,2122.8,9457,2122.8,13,0.0,0,0.0,0,0.0,0,0.0,0,2123,17,0.0,0,0.0,0,0.0,0,0.0,0
2012-11-30T09:19:24.500,2123,9467,2122.8,12,0.0,0,0.0,0,0.0,0,0.0,0,2123,10,0.0,0,0.0,0,0.0,0,0.0,0
2012-11-30T09:19:25.000,2123,9478,2123,45,0.0,0,0.0,0,0.0,0,0.0,0,2123.2,23,0.0,0,0.0,0,0.0,0,0.0,0
2012-11-30T09:19:25.500,2123,9492,2123,43,0.0,0,0.0,0,0.0,0,0.0,0,2123.2,12,0.0,0,0.0,0,0.0,0,0.0,0
2012-11-30T09:19:26.000,2123.2,9502,2123,42,0.0,0,0.0,0,0.0,0,0.0,0,2123.2,3,0.0,0,0.0,0,0.0,0,0.0,0
2012-11-30T09:19:26.500,2123.4,9508,2123.2,2,0.0,0,0.0,0,0.0,0,0.0,0,2123.4,59,0.0,0,0.0,0,0.0,0,0.0,0
2012-11-30T09:19:27.000,2123.4,9509,2123.2,8,0.0,0,0.0,0,0.0,0,0.0,0,2123.4,59,0.0,0,0.0,0,0.0,0,0.0,0
2012-11-30T09:19:27.500,2123.4,9545,2123.2,6,0.0,0,0.0,0,0.0,0,0.0,0,2123.4,25,0.0,0,0.0,0,0.0,0,0.0,0
2012-11-30T09:19:28.000,2123.4,9563,2123.2,8,0.0,0,0.0,0,0.0,0,0.0,0,2123.4,7,0.0,0,0.0,0,0.0,0,0.0,0
2012-11-30T09:19:28.500,2123.4,9571,2123.2,9,0.0,0,0.0,0,0.0,0,0.0,0,2123.6,73,0.0,0,0.0,0,0.0,0,0.0,0
2012-11-30T09:19:29.000,2123.6,9575,2123.2,10,0.0,0,0.0,0,0.0,0,0.0,0,2123.6,71,0.0,0,0.0,0,0.0,0,0.0,0
2012-11-30T09:19:29.500,2123.2,9583,2123.2,11,0.0,0,0.0,0,0.0,0,0.0,0,2123.6,69,0.0,0,0.0,0,0.0,0,0.0,0
2012-11-30T09:19:30.000,2123.2,9595,2123.2,5,0.0,0,0.0,0,0.0,0,0.0,0,2123.6,65,0.0,0,0.0,0,0.0,0,0.0,0
2012-11-30T09:19:30.500,2123.6,9596,2123.2,5,0.0,0,0.0,0,0.0,0,0.0,0,2123.6,64,0.0,0,0.0,0,0.0,0,0.0,0
2012-11-30T09:19:31.000,2123.2,9599,2123.2,5,0.0,0,0.0,0,0.0,0,0.0,0,2123.4,6,0.0,0,0.0,0,0.0,0,0.0,0
2012-11-30T09:19:31.500,2123.2,9612,2123.2,25,0.0,0,0.0,0,0.0,0,0.0,0,2123.4,7,0.0,0,0.0,0,0.0,0,0.0,0
2012-11-30T09:19:32.000,2123.4,9615,2123.2,26,0.0,0,0.0,0,0.0,0,0.0,0,2123.4,4,0.0,0,0.0,0,0.0,0,0.0,0
2012-11-30T09:19:32.500,2123.4,9618,2123.2,33,0.0,0,0.0,0,0.0,0,0.0,0,2123.4,7,0.0,0,0.0,0,0.0,0,0.0,0
2012-11-30T09:19:33.000,2123.4,9638,2123.4,2,0.0,0,0.0,0,0.0,0,0.0,0,2123.6,48,0.0,0,0.0,0,0.0,0,0.0,0
2012-11-30T09:19:33.500,2123.6,9647,2123.2,32,0.0,0,0.0,0,0.0,0,0.0,0,2123.4,1,0.0,0,0.0,0,0.0,0,0.0,0
2012-11-30T09:19:34.000,2123.6,9648,2123.4,1,0.0,0,0.0,0,0.0,0,0.0,0,2123.6,45,0.0,0,0.0,0,0.0,0,0.0,0
2012-11-30T09:19:34.500,2123.6,9667,2123.4,1,0.0,0,0.0,0,0.0,0,0.0,0,2123.6,29,0.0,0,0.0,0,0.0,0,0.0,0
2012-11-30T09:19:35.000,2123.6,9692,2123.4,3,0.0,0,0.0,0,0.0,0,0.0,0,2123.6,7,0.0,0,0.0,0,0.0,0,0.0,0
2012-11-30T09:19:35.500,2123.8,9704,2123.6,20,0.0,0,0.0,0,0.0,0,0.0,0,2123.8,49,0.0,0,0.0,0,0.0,0,0.0,0
2012-11-30T09:19:36.000,2123.8,9715,2123.6,18,0.0,0,0.0,0,0.0,0,0.0,0,2123.8,44,0.0,0,0.0,0,0.0,0,0.0,0
2012-11-30T09:19:36.500,2123.8,9721,2123.6,14,0.0,0,0.0,0,0.0,0,0.0,0,2123.8,42,0.0,0,0.0,0,0.0,0,0.0,0
2012-11-30T09:19:37.000,2123.4,9731,2123.6,1,0.0,0,0.0,0,0.0,0,0.0,0,2123.8,38,0.0,0,0.0,0,0.0,0,0.0,0
2012-11-30T09:19:37.500,2123.8,9748,2123.4,6,0.0,0,0.0,0,0.0,0,0.0,0,2123.6,1,0.0,0,0.0,0,0.0,0,0.0,0
2012-11-30T09:19:38.000,2123.6,9753,2123.4,4,0.0,0,0.0,0,0.0,0,0.0,0,2123.6,7,0.0,0,0.0,0,0.0,0,0.0,0
2012-11-30T09:19:38.500,2123.4,9763,2123.4,2,0.0,0,0.0,0,0.0,0,0.0,0,2123.6,10,0.0,0,0.0,0,0.0,0,0.0,0
2012-11-30T09:19:39.000,2123.6,9772,2123.4,1,0.0,0,0.0,0,0.0,0,0.0,0,2123.6,8,0.0,0,0.0,0,0.0,0,0.0,0
2012-11-30T09:19:39.500,2123.2,9779,2123.2,37,0.0,0,0.0,0,0.0,0,0.0,0,2123.4,2,0.0,0,0.0,0,0.0,0,0.0,0
2012-11-30T09:19:40.000,2123.6,9784,2123.2,38,0.0,0,0.0,0,0.0,0,0.0,0,2123.6,8,0.0,0,0.0,0,0.0,0,0.0,0
2012-11-30T09:19:40.500,2123.2,9790,2123.2,35,0.0,0,0.0,0,0.0,0,0.0,0,2123.6,6,0.0,0,0.0,0,0.0,0,0.0,0
2012-11-30T09:19:41.000,2123.6,9807,2123.6,1,0.0,0,0.0,0,0.0,0,0.0,0,2123.8,39,0.0,0,0.0,0,0.0,0,0.0,0
2012-11-30T09:19:41.500,2123.2,9810,2123.2,35,0.0,0,0.0,0,0.0,0,0.0,0,2123.6,2,0.0,0,0.0,0,0.0,0,0.0,0
2012-11-30T09:19:42.000,2123.8,9819,2123.6,9,0.0,0,0.0,0,0.0,0,0.0,0,2123.8,32,0.0,0,0.0,0,0.0,0,0.0,0
2012-11-30T09:19:42.500,2123.8,9840,2123.6,3,0.0,0,0.0,0,0.0,0,0.0,0,2123.8,22,0.0,0,0.0,0,0.0,0,0.0,0
2012-11-30T09:19:43.000,2123.8,9842,2123.6,4,0.0,0,0.0,0,0.0,0,0.0,0,2123.8,20,0.0,0,0.0,0,0.0,0,0.0,0
2012-11-30T09:19:43.500,2123.6,9847,2123.6,3,0.0,0,0.0,0,0.0,0,0.0,0,2123.8,20,0.0,0,0.0,0,0.0,0,0.0,0
2012-11-30T09:19:44.000,2123.8,9876,2123.8,5,0.0,0,0.0,0,0.0,0,0.0,0,2124,59,0.0,0,0.0,0,0.0,0,0.0,0
2012-11-30T09:19:44.500,2123.4,9882,2123.8,1,0.0,0,0.0,0,0.0,0,0.0,0,2124,59,0.0,0,0.0,0,0.0,0,0.0,0
2012-11-30T09:19:45.000,2124,9886,2123.6,1,0.0,0,0.0,0,0.0,0,0.0,0,2123.8,1,0.0,0,0.0,0,0.0,0,0.0,0
2012-11-30T09:19:45.500,2124,9943,2123.6,1,0.0,0,0.0,0,0.0,0,0.0,0,2123.8,1,0.0,0,0.0,0,0.0,0,0.0,0
2012-11-30T09:19:46.000,2123.8,9950,2123.8,21,0.0,0,0.0,0,0.0,0,0.0,0,2124,12,0.0,0,0.0,0,0.0,0,0.0,0
2012-11-30T09:19:46.500,2124,9964,2123.8,33,0.0,0,0.0,0,0.0,0,0.0,0,2124,12,0.0,0,0.0,0,0.0,0,0.0,0
2012-11-30T09:19:47.000,2123.8,9980,2123.8,33,0.0,0,0.0,0,0.0,0,0.0,0,2124.2,24,0.0,0,0.0,0,0.0,0,0.0,0
2012-11-30T09:19:47.500,2124.2,9988,2124,8,0.0,0,0.0,0,0.0,0,0.0,0,2124.2,22,0.0,0,0.0,0,0.0,0,0.0,0
2012-11-30T09:19:48.000,2124,9996,2124,10,0.0,0,0.0,0,0.0,0,0.0,0,2124.2,17,0.0,0,0.0,0,0.0,0,0.0,0
2012-11-30T09:19:48.500,2124.2,10016,2124.2,18,0.0,0,0.0,0,0.0,0,0.0,0,2124.4,36,0.0,0,0.0,0,0.0,0,0.0,0
2012-11-30T09:19:49.000,2124.2,10022,2124.2,14,0.0,0,0.0,0,0.0,0,0.0,0,2124.4,35,0.0,0,0.0,0,0.0,0,0.0,0
2012-11-30T09:19:49.500,2124.2,10029,2124.2,10,0.0,0,0.0,0,0.0,0,0.0,0,2124.4,46,0.0,0,0.0,0,0.0,0,0.0,0
2012-11-30T09:19:50.000,2124.2,10034,2124.2,9,0.0,0,0.0,0,0.0,0,0.0,0,2124.4,42,0.0,0,0.0,0,0.0,0,0.0,0
2012-11-30T09:19:50.500,2124.2,10054,2124,17,0.0,0,0.0,0,0.0,0,0.0,0,2124.2,12,0.0,0,0.0,0,0.0,0,0.0,0
2012-11-30T09:19:51.000,2124.2,10059,2124,18,0.0,0,0.0,0,0.0,0,0.0,0,2124.2,14,0.0,0,0.0,0,0.0,0,0.0,0
2012-11-30T09:19:51.500,2124.2,10066,2124,16,0.0,0,0.0,0,0.0,0,0.0,0,2124.2,26,0.0,0,0.0,0,0.0,0,0.0,0
2012-11-30T09:19:52.000,2124.2,10070,2124,17,0.0,0,0.0,0,0.0,0,0.0,0,2124.2,24,0.0,0,0.0,0,0.0,0,0.0,0
2012-11-30T09:19:52.500,2124,10088,2124,15,0.0,0,0.0,0,0.0,0,0.0,0,2124.2,16,0.0,0,0.0,0,0.0,0,0.0,0
2012-11-30T09:19:53.000,2124.2,10098,2124,15,0.0,0,0.0,0,0.0,0,0.0,0,2124.2,11,0.0,0,0.0,0,0.0,0,0.0,0
2012-11-30T09:19:53.500,2124.2,10102,2124,19,0.0,0,0.0,0,0.0,0,0.0,0,2124.2,10,0.0,0,0.0,0,0.0,0,0.0,0
2012-11-30T09:19:54.000,2124,10109,2124,18,0.0,0,0.0,0,0.0,0,0.0,0,2124.2,11,0.0,0,0.0,0,0.0,0,0.0,0
2012-11-30T09:19:54.500,2124.2,10122,2124,11,0.0,0,0.0,0,0.0,0,0.0,0,2124.2,10,0.0,0,0.0,0,0.0,0,0.0,0
2012-11-30T09:19:55.000,2124.2,10126,2124,11,0.0,0,0.0,0,0.0,0,0.0,0,2124.2,9,0.0,0,0.0,0,0.0,0,0.0,0
2012-11-30T09:19:55.500,2124.2,10141,2124,1,0.0,0,0.0,0,0.0,0,0.0,0,2124.2,7,0.0,0,0.0,0,0.0,0,0.0,0
2012-11-30T09:19:56.000,2124.2,10150,2124,2,0.0,0,0.0,0,0.0,0,0.0,0,2124.2,11,0.0,0,0.0,0,0.0,0,0.0,0
2012-11-30T09:19:56.500,2124,10159,2124,1,0.0,0,0.0,0,0.0,0,0.0,0,2124.2,6,0.0,0,0.0,0,0.0,0,0.0,0
2012-11-30T09:19:57.000,2124.4,10177,2123.8,33,0.0,0,0.0,0,0.0,0,0.0,0,2124,1,0.0,0,0.0,0,0.0,0,0.0,0
2012-11-30T09:19:57.500,2123.8,10180,2123.8,32,0.0,0,0.0,0,0.0,0,0.0,0,2124,1,0.0,0,0.0,0,0.0,0,0.0,0
2012-11-30T09:19:58.000,2124,10183,2124,6,0.0,0,0.0,0,0.0,0,0.0,0,2124.2,1,0.0,0,0.0,0,0.0,0,0.0,0
2012-11-30T09:19:58.500,2124.2,10188,2124.2,5,0.0,0,0.0,0,0.0,0,0.0,0,2124.4,53,0.0,0,0.0,0,0.0,0,0.0,0
2012-11-30T09:19:59.000,2124.2,10193,2124,15,0.0,0,0.0,0,0.0,0,0.0,0,2124.4,56,0.0,0,0.0,0,0.0,0,0.0,0
2012-11-30T09:19:59.500,2124,10200,2124.2,1,0.0,0,0.0,0,0.0,0,0.0,0,2124.4,55,0.0,0,0.0,0,0.0,0,0.0,0
2012-11-30T09:20:00.000,2124.4,10209,2124.2,2,0.0,0,0.0,0,0.0,0,0.0,0,2124.4,54,0.0,0,0.0,0,0.0,0,0.0,0
2012-11-30T09:20:00.500,2124,10231,2124,11,0.0,0,0.0,0,0.0,0,0.0,0,2124.4,50,0.0,0,0.0,0,0.0,0,0.0,0
2012-11-30T09:20:01.000,2123.8,10251,2123.8,51,0.0,0,0.0,0,0.0,0,0.0,0,2124.2,1,0.0,0,0.0,0,0.0,0,0.0,0
2012-11-30T09:20:01.500,2123.8,10275,2123.8,46,0.0,0,0.0,0,0.0,0,0.0,0,2124,17,0.0,0,0.0,0,0.0,0,0.0,0
2012-11-30T09:20:02.000,2124,10318,2123.8,13,0.0,0,0.0,0,0.0,0,0.0,0,2124,24,0.0,0,0.0,0,0.0,0,0.0,0
2012-11-30T09:20:02.500,2124,10329,2123.8,6,0.0,0,0.0,0,0.0,0,0.0,0,2124,29,0.0,0,0.0,0,0.0,0,0.0,0
2012-11-30T09:20:03.000,2123.8,10341,2123.6,5,0.0,0,0.0,0,0.0,0,0.0,0,2123.8,22,0.0,0,0.0,0,0.0,0,0.0,0
2012-11-30T09:20:03.500,2123.6,10346,2123.6,5,0.0,0,0.0,0,0.0,0,0.0,0,2123.8,20,0.0,0,0.0,0,0.0,0,0.0,0
2012-11-30T09:20:04.000,2123.6,10394,2123.6,5,0.0,0,0.0,0,0.0,0,0.0,0,2124,1,0.0,0,0.0,0,0.0,0,0.0,0
2012-11-30T09:20:04.500,2124,10398,2124,11,0.0,0,0.0,0,0.0,0,0.0,0,2124.2,11,0.0,0,0.0,0,0.0,0,0.0,0
2012-11-30T09:20:05.000,2124.2,10406,2124,11,0.0,0,0.0,0,0.0,0,0.0,0,2124.2,5,0.0,0,0.0,0,0.0,0,0.0,0
2012-11-30T09:20:05.500,2124,10417,2124,6,0.0,0,0.0,0,0.0,0,0.0,0,2124.2,15,0.0,0,0.0,0,0.0,0,0.0,0
2012-11-30T09:20:06.000,2124,10425,2123.8,8,0.0,0,0.0,0,0.0,0,0.0,0,2124,11,0.0,0,0.0,0,0.0,0,0.0,0
2012-11-30T09:20:06.500,2124,10427,2123.8,12,0.0,0,0.0,0,0.0,0,0.0,0,2124,11,0.0,0,0.0,0,0.0,0,0.0,0
2012-11-30T09:20:07.000,2124,10433,2123.8,11,0.0,0,0.0,0,0.0,0,0.0,0,2124,7,0.0,0,0.0,0,0.0,0,0.0,0
2012-11-30T09:20:07.500,2123.8,10437,2123.8,7,0.0,0,0.0,0,0.0,0,0.0,0,2124,7,0.0,0,0.0,0,0.0,0,0.0,0
2012-11-30T09:20:08.000,2123.8,10439,2123.8,8,0.0,0,0.0,0,0.0,0,0.0,0,2124,7,0.0,0,0.0,0,0.0,0,0.0,0
2012-11-30T09:20:08.500,2123.8,10441,2123.8,9,0.0,0,0.0,0,0.0,0,0.0,0,2124,14,0.0,0,0.0,0,0.0,0,0.0,0
2012-11-30T09:20:09.000,2123.8,10445,2123.8,19,0.0,0,0.0,0,0.0,0,0.0,0,2124,15,0.0,0,0.0,0,0.0,0,0.0,0
2012-11-30T09:20:09.500,2123.8,10453,2123.8,11,0.0,0,0.0,0,0.0,0,0.0,0,2124,17,0.0,0,0.0,0,0.0,0,0.0,0
2012-11-30T09:20:10.000,2123.8,10457,2123.8,11,0.0,0,0.0,0,0.0,0,0.0,0,2124,11,0.0,0,0.0,0,0.0,0,0.0,0
2012-11-30T09:20:10.500,2124,10459,2123.8,11,0.0,0,0.0,0,0.0,0,0.0,0,2124,11,0.0,0,0.0,0,0.0,0,0.0,0
2012-11-30T09:20:11.000,2123.8,10461,2123.8,11,0.0,0,0.0,0,0.0,0,0.0,0,2124,10,0.0,0,0.0,0,0.0,0,0.0,0
2012-11-30T09:20:11.500,2124,10472,2123.8,11,0.0,0,0.0,0,0.0,0,0.0,0,2124,2,0.0,0,0.0,0,0.0,0,0.0,0
2012-11-30T09:20:12.000,2124.2,10476,2124,7,0.0,0,0.0,0,0.0,0,0.0,0,2124.2,35,0.0,0,0.0,0,0.0,0,0.0,0
2012-11-30T09:20:12.500,2124.2,10479,2124,6,0.0,0,0.0,0,0.0,0,0.0,0,2124.2,35,0.0,0,0.0,0,0.0,0,0.0,0
2012-11-30T09:20:13.000,2124.2,10481,2124,8,0.0,0,0.0,0,0.0,0,0.0,0,2124.2,33,0.0,0,0.0,0,0.0,0,0.0,0
2012-11-30T09:20:13.500,2124,10484,2124,5,0.0,0,0.0,0,0.0,0,0.0,0,2124.2,33,0.0,0,0.0,0,0.0,0,0.0,0
2012-11-30T09:20:14.000,2124,10510,2123.8,15,0.0,0,0.0,0,0.0,0,0.0,0,2124,9,0.0,0,0.0,0,0.0,0,0.0,0
2012-11-30T09:20:14.500,2124.2,10531,2123.8,18,0.0,0,0.0,0,0.0,0,0.0,0,2124.2,16,0.0,0,0.0,0,0.0,0,0.0,0
2012-11-30T09:20:15.000,2124.2,10536,2124,2,0.0,0,0.0,0,0.0,0,0.0,0,2124.2,13,0.0,0,0.0,0,0.0,0,0.0,0
2012-11-30T09:20:15.500,2124,10540,2124,17,0.0,0,0.0,0,0.0,0,0.0,0,2124.2,13,0.0,0,0.0,0,0.0,0,0.0,0
2012-11-30T09:20:16.000,2124.2,10575,2123.8,24,0.0,0,0.0,0,0.0,0,0.0,0,2124.2,11,0.0,0,0.0,0,0.0,0,0.0,0
2012-11-30T09:20:16.500,2124.2,10586,2124,20,0.0,0,0.0,0,0.0,0,0.0,0,2124.2,15,0.0,0,0.0,0,0.0,0,0.0,0
2012-11-30T09:20:17.000,2124.2,10604,2124.2,10,0.0,0,0.0,0,0.0,0,0.0,0,2124.4,55,0.0,0,0.0,0,0.0,0,0.0,0
2012-11-30T09:20:17.500,2124.2,10650,2124.2,9,0.0,0,0.0,0,0.0,0,0.0,0,2124.4,13,0.0,0,0.0,0,0.0,0,0.0,0
2012-11-30T09:20:18.000,2124.4,10656,2124.2,27,0.0,0,0.0,0,0.0,0,0.0,0,2124.4,7,0.0,0,0.0,0,0.0,0,0.0,0
2012-11-30T09:20:18.500,2124.4,10666,2124.4,45,0.0,0,0.0,0,0.0,0,0.0,0,2124.6,65,0.0,0,0.0,0,0.0,0,0.0,0
2012-11-30T09:20:19.000,2124.4,10686,2124.4,36,0.0,0,0.0,0,0.0,0,0.0,0,2124.6,65,0.0,0,0.0,0,0.0,0,0.0,0
2012-11-30T09:20:19.500,2124.6,10699,2124.4,38,0.0,0,0.0,0,0.0,0,0.0,0,2124.6,52,0.0,0,0.0,0,0.0,0,0.0,0
2012-11-30T09:20:20.000,2124.4,10705,2124.4,51,0.0,0,0.0,0,0.0,0,0.0,0,2124.6,52,0.0,0,0.0,0,0.0,0,0.0,0
2012-11-30T09:20:20.500,2124.6,10711,2124.4,52,0.0,0,0.0,0,0.0,0,0.0,0,2124.6,46,0.0,0,0.0,0,0.0,0,0.0,0
2012-11-30T09:20:21.000,2124.4,10719,2124.4,51,0.0,0,0.0,0,0.0,0,0.0,0,2124.6,40,0.0,0,0.0,0,0.0,0,0.0,0
2012-11-30T09:20:21.500,2124.6,10729,2124.4,47,0.0,0,0.0,0,0.0,0,0.0,0,2124.6,33,0.0,0,0.0,0,0.0,0,0.0,0
2012-11-30T09:20:22.000,2124.6,10735,2124.4,43,0.0,0,0.0,0,0.0,0,0.0,0,2124.6,32,0.0,0,0.0,0,0.0,0,0.0,0
2012-11-30T09:20:22.500,2124.4,10751,2124.4,30,0.0,0,0.0,0,0.0,0,0.0,0,2124.6,31,0.0,0,0.0,0,0.0,0,0.0,0
2012-11-30T09:20:23.000,2124.4,10759,2124.4,26,0.0,0,0.0,0,0.0,0,0.0,0,2124.6,31,0.0,0,0.0,0,0.0,0,0.0,0
2012-11-30T09:20:23.500,2124.4,10764,2124.4,23,0.0,0,0.0,0,0.0,0,0.0,0,2124.6,31,0.0,0,0.0,0,0.0,0,0.0,0
2012-11-30T09:20:24.000,2124.6,10767,2124.4,24,0.0,0,0.0,0,0.0,0,0.0,0,2124.6,31,0.0,0,0.0,0,0.0,0,0.0,0
2012-11-30T09:20:24.500,2124.4,10777,2124.4,23,0.0,0,0.0,0,0.0,0,0.0,0,2124.6,23,0.0,0,0.0,0,0.0,0,0.0,0
2012-11-30T09:20:25.000,2124.4,10785,2124.4,15,0.0,0,0.0,0,0.0,0,0.0,0,2124.6,23,0.0,0,0.0,0,0.0,0,0.0,0
2012-11-30T09:20:25.500,2124.6,10786,2124.4,15,0.0,0,0.0,0,0.0,0,0.0,0,2124.6,22,0.0,0,0.0,0,0.0,0,0.0,0
2012-11-30T09:20:26.000,2124.6,10801,2124.4,13,0.0,0,0.0,0,0.0,0,0.0,0,2124.6,10,0.0,0,0.0,0,0.0,0,0.0,0
2012-11-30T09:20:26.500,2124.4,10811,2124.4,9,0.0,0,0.0,0,0.0,0,0.0,0,2124.6,4,0.0,0,0.0,0,0.0,0,0.0,0
2012-11-30T09:20:27.000,2124.6,10821,2124.4,3,0.0,0,0.0,0,0.0,0,0.0,0,2124.8,49,0.0,0,0.0,0,0.0,0,0.0,0
2012-11-30T09:20:27.500,2124.8,10824,2124.4,5,0.0,0,0.0,0,0.0,0,0.0,0,2124.8,46,0.0,0,0.0,0,0.0,0,0.0,0
2012-11-30T09:20:28.000,2124.8,10825,2124.4,9,0.0,0,0.0,0,0.0,0,0.0,0,2124.6,17,0.0,0,0.0,0,0.0,0,0.0,0
2012-11-30T09:20:28.500,2124.4,10836,2124.4,39,0.0,0,0.0,0,0.0,0,0.0,0,2124.6,16,0.0,0,0.0,0,0.0,0,0.0,0
2012-11-30T09:20:29.000,2124.6,10854,2124.4,39,0.0,0,0.0,0,0.0,0,0.0,0,2124.6,29,0.0,0,0.0,0,0.0,0,0.0,0
2012-11-30T09:20:29.500,2124.4,10856,2124.4,40,0.0,0,0.0,0,0.0,0,0.0,0,2124.6,29,0.0,0,0.0,0,0.0,0,0.0,0
2012-11-30T09:20:30.000,2124.6,10868,2124.4,38,0.0,0,0.0,0,0.0,0,0.0,0,2124.6,18,0.0,0,0.0,0,0.0,0,0.0,0
2012-11-30T09:20:30.500,2124.4,10872,2124.4,37,0.0,0,0.0,0,0.0,0,0.0,0,2124.6,17,0.0,0,0.0,0,0.0,0,0.0,0
2012-11-30T09:20:31.000,2124.6,10896,2124.4,23,0.0,0,0.0,0,0.0,0,0.0,0,2124.6,8,0.0,0,0.0,0,0.0,0,0.0,0
2012-11-30T09:20:31.500,2124.6,10899,2124.4,22,0.0,0,0.0,0,0.0,0,0.0,0,2124.6,8,0.0,0,0.0,0,0.0,0,0.0,0
2012-11-30T09:20:32.000,2124.6,10902,2124.4,24,0.0,0,0.0,0,0.0,0,0.0,0,2124.6,7,0.0,0,0.0,0,0.0,0,0.0,0
2012-11-30T09:20:32.500,2124.4,10904,2124.4,29,0.0,0,0.0,0,0.0,0,0.0,0,2124.6,11,0.0,0,0.0,0,0.0,0,0.0,0
2012-11-30T09:20:33.000,2124.6,10905,2124.4,29,0.0,0,0.0,0,0.0,0,0.0,0,2124.6,20,0.0,0,0.0,0,0.0,0,0.0,0
2012-11-30T09:20:33.500,2124.4,10906,2124.4,28,0.0,0,0.0,0,0.0,0,0.0,0,2124.6,23,0.0,0,0.0,0,0.0,0,0.0,0
2012-11-30T09:20:34.000,2124.6,10910,2124.4,23,0.0,0,0.0,0,0.0,0,0.0,0,2124.6,43,0.0,0,0.0,0,0.0,0,0.0,0
2012-11-30T09:20:34.500,2124.6,10913,2124.4,18,0.0,0,0.0,0,0.0,0,0.0,0,2124.6,47,0.0,0,0.0,0,0.0,0,0.0,0
2012-11-30T09:20:35.000,2124.6,10926,2124.4,8,0.0,0,0.0,0,0.0,0,0.0,0,2124.6,56,0.0,0,0.0,0,0.0,0,0.0,0
2012-11-30T09:20:35.500,2124.4,10930,2124.4,4,0.0,0,0.0,0,0.0,0,0.0,0,2124.6,57,0.0,0,0.0,0,0.0,0,0.0,0
2012-11-30T09:20:36.000,2124.2,10939,2124.2,29,0.0,0,0.0,0,0.0,0,0.0,0,2124.4,12,0.0,0,0.0,0,0.0,0,0.0,0
2012-11-30T09:20:36.500,2124.4,10942,2124.2,29,0.0,0,0.0,0,0.0,0,0.0,0,2124.4,17,0.0,0,0.0,0,0.0,0,0.0,0
2012-11-30T09:20:37.000,2124.4,10946,2124.2,42,0.0,0,0.0,0,0.0,0,0.0,0,2124.4,14,0.0,0,0.0,0,0.0,0,0.0,0
2012-11-30T09:20:37.500,2124.4,10963,2124.4,7,0.0,0,0.0,0,0.0,0,0.0,0,2124.6,63,0.0,0,0.0,0,0.0,0,0.0,0
2012-11-30T09:20:38.000,2124.6,10964,2124.4,17,0.0,0,0.0,0,0.0,0,0.0,0,2124.6,62,0.0,0,0.0,0,0.0,0,0.0,0
2012-11-30T09:20:38.500,2124.4,10971,2124.4,13,0.0,0,0.0,0,0.0,0,0.0,0,2124.6,65,0.0,0,0.0,0,0.0,0,0.0,0
2012-11-30T09:20:39.000,2124.6,10974,2124.4,12,0.0,0,0.0,0,0.0,0,0.0,0,2124.6,64,0.0,0,0.0,0,0.0,0,0.0,0
2012-11-30T09:20:39.500,2124.2,10988,2124.2,41,0.0,0,0.0,0,0.0,0,0.0,0,2124.4,3,0.0,0,0.0,0,0.0,0,0.0,0
2012-11-30T09:20:40.250,2124.4,10989,2124.2,43,0.0,0,0.0,0,0.0,0,0.0,0,2124.4,9,0.0,0,0.0,0,0.0,0,0.0,0
2012-11-30T09:20:41.000,2124.2,10992,2124.2,41,0.0,0,0.0,0,0.0,0,0.0,0,2124.4,24,0.0,0,0.0,0,0.0,0,0.0,0
2012-11-30T09:20:41.500,2124.4,11001,2124.2,40,0.0,0,0.0,0,0.0,0,0.0,0,2124.4,21,0.0,0,0.0,0,0.0,0,0.0,0
2012-11-30T09:20:42.250,2124.4,11008,2124.2,35,0.0,0,0.0,0,0.0,0,0.0,0,2124.4,19,0.0,0,0.0,0,0.0,0,0.0,0
2012-11-30T09:20:43.000,2124.4,11009,2124.2,37,0.0,0,0.0,0,0.0,0,0.0,0,2124.4,20,0.0,0,0.0,0,0.0,0,0.0,0
2012-11-30T09:20:43.500,2124.2,11012,2124.2,36,0.0,0,0.0,0,0.0,0,0.0,0,2124.4,19,0.0,0,0.0,0,0.0,0,0.0,0
2012-11-30T09:20:44.000,2124.4,11021,2124.2,34,0.0,0,0.0,0,0.0,0,0.0,0,2124.4,12,0.0,0,0.0,0,0.0,0,0.0,0
2012-11-30T09:20:44.500,2124.4,11023,2124.2,34,0.0,0,0.0,0,0.0,0,0.0,0,2124.4,13,0.0,0,0.0,0,0.0,0,0.0,0
2012-11-30T09:20:45.000,2124.2,11029,2124.2,34,0.0,0,0.0,0,0.0,0,0.0,0,2124.4,14,0.0,0,0.0,0,0.0,0,0.0,0
2012-11-30T09:20:45.500,2124.4,11031,2124.2,44,0.0,0,0.0,0,0.0,0,0.0,0,2124.4,13,0.0,0,0.0,0,0.0,0,0.0,0
2012-11-30T09:20:46.000,2124.4,11035,2124.2,44,0.0,0,0.0,0,0.0,0,0.0,0,2124.4,10,0.0,0,0.0,0,0.0,0,0.0,0
2012-11-30T09:20:46.500,2124.2,11037,2124.2,42,0.0,0,0.0,0,0.0,0,0.0,0,2124.4,10,0.0,0,0.0,0,0.0,0,0.0,0
2012-11-30T09:20:47.000,2124.4,11039,2124.2,43,0.0,0,0.0,0,0.0,0,0.0,0,2124.4,9,0.0,0,0.0,0,0.0,0,0.0,0
2012-11-30T09:20:47.500,2124.4,11042,2124.2,46,0.0,0,0.0,0,0.0,0,0.0,0,2124.4,8,0.0,0,0.0,0,0.0,0,0.0,0
2012-11-30T09:20:48.000,2124.2,11054,2124.2,36,0.0,0,0.0,0,0.0,0,0.0,0,2124.4,7,0.0,0,0.0,0,0.0,0,0.0,0
2012-11-30T09:20:48.500,2124.4,11055,2124.2,38,0.0,0,0.0,0,0.0,0,0.0,0,2124.4,7,0.0,0,0.0,0,0.0,0,0.0,0
2012-11-30T09:20:49.000,2124.2,11059,2124.2,36,0.0,0,0.0,0,0.0,0,0.0,0,2124.4,6,0.0,0,0.0,0,0.0,0,0.0,0
2012-11-30T09:20:49.500,2124.2,11062,2124.2,34,0.0,0,0.0,0,0.0,0,0.0,0,2124.4,5,0.0,0,0.0,0,0.0,0,0.0,0
2012-11-30T09:20:50.000,2124.2,11064,2124.2,34,0.0,0,0.0,0,0.0,0,0.0,0,2124.4,6,0.0,0,0.0,0,0.0,0,0.0,0
2012-11-30T09:20:50.500,2124.4,11069,2124.2,34,0.0,0,0.0,0,0.0,0,0.0,0,2124.4,2,0.0,0,0.0,0,0.0,0,0.0,0
2012-11-30T09:20:51.000,2124.4,11077,2124.4,2,0.0,0,0.0,0,0.0,0,0.0,0,2124.6,85,0.0,0,0.0,0,0.0,0,0.0,0
2012-11-30T09:20:51.500,2124.4,11080,2124.4,7,0.0,0,0.0,0,0.0,0,0.0,0,2124.6,85,0.0,0,0.0,0,0.0,0,0.0,0
2012-11-30T09:20:53.000,2124.4,11090,2124.4,10,0.0,0,0.0,0,0.0,0,0.0,0,2124.6,85,0.0,0,0.0,0,0.0,0,0.0,0
2012-11-30T09:20:53.500,2124.4,11095,2124.4,10,0.0,0,0.0,0,0.0,0,0.0,0,2124.6,85,0.0,0,0.0,0,0.0,0,0.0,0
2012-11-30T09:20:54.000,2124.6,11099,2124.4,9,0.0,0,0.0,0,0.0,0,0.0,0,2124.6,84,0.0,0,0.0,0,0.0,0,0.0,0
2012-11-30T09:20:54.500,2124.4,11102,2124.4,7,0.0,0,0.0,0,0.0,0,0.0,0,2124.6,84,0.0,0,0.0,0,0.0,0,0.0,0
2012-11-30T09:20:55.250,2124.6,11164,2124.2,47,0.0,0,0.0,0,0.0,0,0.0,0,2124.6,35,0.0,0,0.0,0,0.0,0,0.0,0
2012-11-30T09:20:56.000,2124.4,11165,2124.4,1,0.0,0,0.0,0,0.0,0,0.0,0,2124.6,39,0.0,0,0.0,0,0.0,0,0.0,0
2012-11-30T09:20:56.500,2124.4,11171,2124.2,54,0.0,0,0.0,0,0.0,0,0.0,0,2124.4,2,0.0,0,0.0,0,0.0,0,0.0,0
2012-11-30T09:20:57.000,2124.4,11173,2124.2,54,0.0,0,0.0,0,0.0,0,0.0,0,2124.4,1,0.0,0,0.0,0,0.0,0,0.0,0
2012-11-30T09:20:57.500,2124.6,11178,2124.2,50,0.0,0,0.0,0,0.0,0,0.0,0,2124.6,35,0.0,0,0.0,0,0.0,0,0.0,0
2012-11-30T09:20:58.000,2124.2,11204,2124.2,26,0.0,0,0.0,0,0.0,0,0.0,0,2124.6,34,0.0,0,0.0,0,0.0,0,0.0,0
2012-11-30T09:20:58.500,2124.2,11209,2124.2,21,0.0,0,0.0,0,0.0,0,0.0,0,2124.6,35,0.0,0,0.0,0,0.0,0,0.0,0
2012-11-30T09:20:59.250,2124.4,11220,2124.4,1,0.0,0,0.0,0,0.0,0,0.0,0,2124.6,36,0.0,0,0.0,0,0.0,0,0.0,0
2012-11-30T09:21:00.000,2124.4,11221,2124.2,15,0.0,0,0.0,0,0.0,0,0.0,0,2124.4,3,0.0,0,0.0,0,0.0,0,0.0,0
2012-11-30T09:21:00.500,2124.6,11228,2124.2,15,0.0,0,0.0,0,0.0,0,0.0,0,2124.6,32,0.0,0,0.0,0,0.0,0,0.0,0
2012-11-30T09:21:01.000,2124.6,11237,2124.2,14,0.0,0,0.0,0,0.0,0,0.0,0,2124.6,27,0.0,0,0.0,0,0.0,0,0.0,0
2012-11-30T09:21:01.500,2124.6,11246,2124.2,12,0.0,0,0.0,0,0.0,0,0.0,0,2124.6,25,0.0,0,0.0,0,0.0,0,0.0,0
2012-11-30T09:21:02.250,2124.2,11252,2124.2,11,0.0,0,0.0,0,0.0,0,0.0,0,2124.6,28,0.0,0,0.0,0,0.0,0,0.0,0
2012-11-30T09:21:03.250,2124.4,11253,2124.2,34,0.0,0,0.0,0,0.0,0,0.0,0,2124.4,9,0.0,0,0.0,0,0.0,0,0.0,0
2012-11-30T09:21:04.000,2124.2,11270,2124.2,22,0.0,0,0.0,0,0.0,0,0.0,0,2124.4,28,0.0,0,0.0,0,0.0,0,0.0,0
2012-11-30T09:21:04.500,2124.4,11305,2124.4,13,0.0,0,0.0,0,0.0,0,0.0,0,2124.6,29,0.0,0,0.0,0,0.0,0,0.0,0
2012-11-30T09:21:05.000,2124.4,11310,2124.4,19,0.0,0,0.0,0,0.0,0,0.0,0,2124.6,28,0.0,0,0.0,0,0.0,0,0.0,0
2012-11-30T09:21:05.500,2124.6,11330,2124.4,25,0.0,0,0.0,0,0.0,0,0.0,0,2124.6,9,0.0,0,0.0,0,0.0,0,0.0,0
2012-11-30T09:21:06.000,2124.6,11333,2124.4,25,0.0,0,0.0,0,0.0,0,0.0,0,2124.6,7,0.0,0,0.0,0,0.0,0,0.0,0
2012-11-30T09:21:06.500,2124.6,11344,2124.4,32,0.0,0,0.0,0,0.0,0,0.0,0,2124.6,2,0.0,0,0.0,0,0.0,0,0.0,0
2012-11-30T09:21:07.000,2124.4,11347,2124.4,29,0.0,0,0.0,0,0.0,0,0.0,0,2124.6,4,0.0,0,0.0,0,0.0,0,0.0,0
2012-11-30T09:21:07.500,2124.6,11358,2124.6,14,0.0,0,0.0,0,0.0,0,0.0,0,2124.8,98,0.0,0,0.0,0,0.0,0,0.0,0
2012-11-30T09:21:08.000,2124.6,11365,2124.6,10,0.0,0,0.0,0,0.0,0,0.0,0,2124.8,96,0.0,0,0.0,0,0.0,0,0.0,0
2012-11-30T09:21:08.500,2124.6,11369,2124.6,8,0.0,0,0.0,0,0.0,0,0.0,0,2124.8,96,0.0,0,0.0,0,0.0,0,0.0,0
2012-11-30T09:21:09.000,2124.6,11376,2124.6,35,0.0,0,0.0,0,0.0,0,0.0,0,2124.8,96,0.0,0,0.0,0,0.0,0,0.0,0
2012-11-30T09:21:09.500,2124.6,11380,2124.6,35,0.0,0,0.0,0,0.0,0,0.0,0,2124.8,92,0.0,0,0.0,0,0.0,0,0.0,0
2012-11-30T09:21:10.000,2124.8,11381,2124.6,36,0.0,0,0.0,0,0.0,0,0.0,0,2124.8,91,0.0,0,0.0,0,0.0,0,0.0,0
2012-11-30T09:21:10.500,2124.8,11399,2124.6,37,0.0,0,0.0,0,0.0,0,0.0,0,2124.8,73,0.0,0,0.0,0,0.0,0,0.0,0
2012-11-30T09:21:11.000,2124.6,11442,2124.6,26,0.0,0,0.0,0,0.0,0,0.0,0,2124.8,42,0.0,0,0.0,0,0.0,0,0.0,0
2012-11-30T09:21:11.500,2124.8,11493,2124.8,8,0.0,0,0.0,0,0.0,0,0.0,0,2125,163,0.0,0,0.0,0,0.0,0,0.0,0
2012-11-30T09:21:12.000,2125,11500,2124.8,16,0.0,0,0.0,0,0.0,0,0.0,0,2125,157,0.0,0,0.0,0,0.0,0,0.0,0
2012-11-30T09:21:12.500,2125,11519,2124.8,37,0.0,0,0.0,0,0.0,0,0.0,0,2125,140,0.0,0,0.0,0,0.0,0,0.0,0
2012-11-30T09:21:13.000,2125,11548,2124.8,30,0.0,0,0.0,0,0.0,0,0.0,0,2125,120,0.0,0,0.0,0,0.0,0,0.0,0
2012-11-30T09:21:13.500,2124.8,11557,2124.8,28,0.0,0,0.0,0,0.0,0,0.0,0,2125,116,0.0,0,0.0,0,0.0,0,0.0,0
2012-11-30T09:21:14.000,2125,11571,2124.8,44,0.0,0,0.0,0,0.0,0,0.0,0,2125,105,0.0,0,0.0,0,0.0,0,0.0,0
2012-11-30T09:21:14.500,2125,11580,2124.8,44,0.0,0,0.0,0,0.0,0,0.0,0,2125,96,0.0,0,0.0,0,0.0,0,0.0,0
2012-11-30T09:21:15.000,2125,11584,2124.8,43,0.0,0,0.0,0,0.0,0,0.0,0,2125,96,0.0,0,0.0,0,0.0,0,0.0,0
2012-11-30T09:21:15.500,2125,11645,2124.6,21,0.0,0,0.0,0,0.0,0,0.0,0,2125,86,0.0,0,0.0,0,0.0,0,0.0,0
2012-11-30T09:21:16.000,2124.8,11651,2124.6,21,0.0,0,0.0,0,0.0,0,0.0,0,2124.8,4,0.0,0,0.0,0,0.0,0,0.0,0
2012-11-30T09:21:16.500,2124.8,11656,2124.6,21,0.0,0,0.0,0,0.0,0,0.0,0,2124.8,33,0.0,0,0.0,0,0.0,0,0.0,0
2012-11-30T09:21:17.000,2124.8,11660,2124.6,23,0.0,0,0.0,0,0.0,0,0.0,0,2124.8,43,0.0,0,0.0,0,0.0,0,0.0,0
2012-11-30T09:21:17.500,2124.8,11692,2124.6,23,0.0,0,0.0,0,0.0,0,0.0,0,2124.8,30,0.0,0,0.0,0,0.0,0,0.0,0
2012-11-30T09:21:18.000,2124.6,11713,2124.6,17,0.0,0,0.0,0,0.0,0,0.0,0,2124.8,15,0.0,0,0.0,0,0.0,0,0.0,0
2012-11-30T09:21:18.500,2124.6,11719,2124.6,34,0.0,0,0.0,0,0.0,0,0.0,0,2124.8,14,0.0,0,0.0,0,0.0,0,0.0,0
2012-11-30T09:21:19.000,2124.8,11722,2124.6,34,0.0,0,0.0,0,0.0,0,0.0,0,2124.8,15,0.0,0,0.0,0,0.0,0,0.0,0
2012-11-30T09:21:19.500,2124.6,11724,2124.6,32,0.0,0,0.0,0,0.0,0,0.0,0,2124.8,20,0.0,0,0.0,0,0.0,0,0.0,0
2012-11-30T09:21:20.000,2124.8,11746,2124.8,5,0.0,0,0.0,0,0.0,0,0.0,0,2125,93,0.0,0,0.0,0,0.0,0,0.0,0
2012-11-30T09:21:20.500,2124.6,11754,2124.6,31,0.0,0,0.0,0,0.0,0,0.0,0,2124.8,1,0.0,0,0.0,0,0.0,0,0.0,0
2012-11-30T09:21:21.250,2125,11763,2124.8,1,0.0,0,0.0,0,0.0,0,0.0,0,2125,90,0.0,0,0.0,0,0.0,0,0.0,0
2012-11-30T09:21:22.000,2124.8,11776,2124.6,32,0.0,0,0.0,0,0.0,0,0.0,0,2124.8,21,0.0,0,0.0,0,0.0,0,0.0,0
2012-11-30T09:21:22.500,2124.6,11794,2124.6,47,0.0,0,0.0,0,0.0,0,0.0,0,2124.8,4,0.0,0,0.0,0,0.0,0,0.0,0
2012-11-30T09:21:23.000,2125,11800,2124.8,26,0.0,0,0.0,0,0.0,0,0.0,0,2125,100,0.0,0,0.0,0,0.0,0,0.0,0
2012-11-30T09:21:23.500,2124.8,11801,2124.8,25,0.0,0,0.0,0,0.0,0,0.0,0,2125,101,0.0,0,0.0,0,0.0,0,0.0,0
2012-11-30T09:21:24.000,2125,11808,2124.8,24,0.0,0,0.0,0,0.0,0,0.0,0,2125,99,0.0,0,0.0,0,0.0,0,0.0,0
2012-11-30T09:21:24.500,2124.8,11830,2124.8,28,0.0,0,0.0,0,0.0,0,0.0,0,2125,103,0.0,0,0.0,0,0.0,0,0.0,0
2012-11-30T09:21:25.000,2125,11831,2124.8,29,0.0,0,0.0,0,0.0,0,0.0,0,2125,115,0.0,0,0.0,0,0.0,0,0.0,0
2012-11-30T09:21:25.500,2125,11849,2124.8,40,0.0,0,0.0,0,0.0,0,0.0,0,2125,99,0.0,0,0.0,0,0.0,0,0.0,0
2012-11-30T09:21:26.000,2125,11867,2124.8,39,0.0,0,0.0,0,0.0,0,0.0,0,2125,83,0.0,0,0.0,0,0.0,0,0.0,0
2012-11-30T09:21:26.500,2125,11871,2124.8,47,0.0,0,0.0,0,0.0,0,0.0,0,2125,79,0.0,0,0.0,0,0.0,0,0.0,0
2012-11-30T09:21:27.000,2125,11882,2124.8,51,0.0,0,0.0,0,0.0,0,0.0,0,2125,67,0.0,0,0.0,0,0.0,0,0.0,0
2012-11-30T09:21:27.500,2125,11885,2124.8,56,0.0,0,0.0,0,0.0,0,0.0,0,2125,68,0.0,0,0.0,0,0.0,0,0.0,0
2012-11-30T09:21:28.000,2125,11893,2124.8,55,0.0,0,0.0,0,0.0,0,0.0,0,2125,62,0.0,0,0.0,0,0.0,0,0.0,0
2012-11-30T09:21:28.500,2125,11957,2125,56,0.0,0,0.0,0,0.0,0,0.0,0,2125.2,98,0.0,0,0.0,0,0.0,0,0.0,0
2012-11-30T09:21:29.000,2125.2,11959,2125,62,0.0,0,0.0,0,0.0,0,0.0,0,2125.2,97,0.0,0,0.0,0,0.0,0,0.0,0
2012-11-30T09:21:29.500,2125.2,11973,2125,68,0.0,0,0.0,0,0.0,0,0.0,0,2125.2,87,0.0,0,0.0,0,0.0,0,0.0,0
2012-11-30T09:21:30.000,2125.2,11989,2125,66,0.0,0,0.0,0,0.0,0,0.0,0,2125.2,76,0.0,0,0.0,0,0.0,0,0.0,0
2012-11-30T09:21:30.500,2125.2,12006,2125,83,0.0,0,0.0,0,0.0,0,0.0,0,2125.2,69,0.0,0,0.0,0,0.0,0,0.0,0
2012-11-30T09:21:31.000,2125.2,12010,2125,84,0.0,0,0.0,0,0.0,0,0.0,0,2125.2,68,0.0,0,0.0,0,0.0,0,0.0,0
2012-11-30T09:21:31.500,2125.2,12025,2125,79,0.0,0,0.0,0,0.0,0,0.0,0,2125.2,53,0.0,0,0.0,0,0.0,0,0.0,0
2012-11-30T09:21:32.000,2125.2,12074,2125,79,0.0,0,0.0,0,0.0,0,0.0,0,2125.2,5,0.0,0,0.0,0,0.0,0,0.0,0
2012-11-30T09:21:32.500,2125.4,12114,2125.4,18,0.0,0,0.0,0,0.0,0,0.0,0,2125.6,77,0.0,0,0.0,0,0.0,0,0.0,0
2012-11-30T09:21:33.000,2125.6,12129,2125.4,19,0.0,0,0.0,0,0.0,0,0.0,0,2125.6,75,0.0,0,0.0,0,0.0,0,0.0,0
2012-11-30T09:21:33.500,2125.6,12206,2125.2,22,0.0,0,0.0,0,0.0,0,0.0,0,2125.6,34,0.0,0,0.0,0,0.0,0,0.0,0
2012-11-30T09:21:34.000,2125.2,12243,2125.2,15,0.0,0,0.0,0,0.0,0,0.0,0,2125.4,2,0.0,0,0.0,0,0.0,0,0.0,0
2012-11-30T09:21:34.500,2125.2,12292,2125.2,11,0.0,0,0.0,0,0.0,0,0.0,0,2125.4,2,0.0,0,0.0,0,0.0,0,0.0,0
2012-11-30T09:21:35.000,2125.2,12307,2125,93,0.0,0,0.0,0,0.0,0,0.0,0,2125.2,10,0.0,0,0.0,0,0.0,0,0.0,0
2012-11-30T09:21:35.500,2125.2,12316,2125,91,0.0,0,0.0,0,0.0,0,0.0,0,2125.2,7,0.0,0,0.0,0,0.0,0,0.0,0
2012-11-30T09:21:36.000,2125.4,12325,2125.2,1,0.0,0,0.0,0,0.0,0,0.0,0,2125.4,45,0.0,0,0.0,0,0.0,0,0.0,0
2012-11-30T09:21:36.500,2125.2,12330,2125,91,0.0,0,0.0,0,0.0,0,0.0,0,2125.2,2,0.0,0,0.0,0,0.0,0,0.0,0
2012-11-30T09:21:37.000,2125,12334,2125,90,0.0,0,0.0,0,0.0,0,0.0,0,2125.2,12,0.0,0,0.0,0,0.0,0,0.0,0
2012-11-30T09:21:37.500,2125,12338,2125,93,0.0,0,0.0,0,0.0,0,0.0,0,2125.2,19,0.0,0,0.0,0,0.0,0,0.0,0
2012-11-30T09:21:38.000,2125.2,12371,2125,71,0.0,0,0.0,0,0.0,0,0.0,0,2125.2,15,0.0,0,0.0,0,0.0,0,0.0,0
2012-11-30T09:21:38.500,2125.4,12388,2125,72,0.0,0,0.0,0,0.0,0,0.0,0,2125.4,30,0.0,0,0.0,0,0.0,0,0.0,0
2012-11-30T09:21:39.000,2125.4,12393,2125,72,0.0,0,0.0,0,0.0,0,0.0,0,2125.4,30,0.0,0,0.0,0,0.0,0,0.0,0
2012-11-30T09:21:39.500,2125,12426,2125,48,0.0,0,0.0,0,0.0,0,0.0,0,2125.4,29,0.0,0,0.0,0,0.0,0,0.0,0
2012-11-30T09:21:40.000,2125.4,12433,2125,42,0.0,0,0.0,0,0.0,0,0.0,0,2125.2,2,0.0,0,0.0,0,0.0,0,0.0,0
2012-11-30T09:21:40.500,2125,12454,2125,27,0.0,0,0.0,0,0.0,0,0.0,0,2125.4,22,0.0,0,0.0,0,0.0,0,0.0,0
2012-11-30T09:21:41.000,2125.4,12465,2125,27,0.0,0,0.0,0,0.0,0,0.0,0,2125.2,2,0.0,0,0.0,0,0.0,0,0.0,0
2012-11-30T09:21:41.500,2125.2,12470,2125.2,6,0.0,0,0.0,0,0.0,0,0.0,0,2125.4,12,0.0,0,0.0,0,0.0,0,0.0,0
2012-11-30T09:21:42.000,2125.4,12480,2125.2,7,0.0,0,0.0,0,0.0,0,0.0,0,2125.4,6,0.0,0,0.0,0,0.0,0,0.0,0
2012-11-30T09:21:42.500,2125.2,12493,2125,69,0.0,0,0.0,0,0.0,0,0.0,0,2125.2,25,0.0,0,0.0,0,0.0,0,0.0,0
2012-11-30T09:21:43.000,2125.2,12533,2125,83,0.0,0,0.0,0,0.0,0,0.0,0,2125.2,5,0.0,0,0.0,0,0.0,0,0.0,0
2012-11-30T09:21:43.500,2125.2,12538,2125.2,11,0.0,0,0.0,0,0.0,0,0.0,0,2125.4,12,0.0,0,0.0,0,0.0,0,0.0,0
2012-11-30T09:21:44.000,2125.2,12542,2125.2,30,0.0,0,0.0,0,0.0,0,0.0,0,2125.4,12,0.0,0,0.0,0,0.0,0,0.0,0
2012-11-30T09:21:44.500,2125.2,12564,2125.2,28,0.0,0,0.0,0,0.0,0,0.0,0,2125.4,44,0.0,0,0.0,0,0.0,0,0.0,0
2012-11-30T09:21:45.000,2125.2,12573,2125.2,25,0.0,0,0.0,0,0.0,0,0.0,0,2125.4,41,0.0,0,0.0,0,0.0,0,0.0,0
2012-11-30T09:21:45.500,2125.4,12587,2125.2,22,0.0,0,0.0,0,0.0,0,0.0,0,2125.4,36,0.0,0,0.0,0,0.0,0,0.0,0
2012-11-30T09:21:46.000,2125.2,12590,2125.2,21,0.0,0,0.0,0,0.0,0,0.0,0,2125.4,37,0.0,0,0.0,0,0.0,0,0.0,0
2012-11-30T09:21:46.500,2125.4,12600,2125.2,25,0.0,0,0.0,0,0.0,0,0.0,0,2125.4,34,0.0,0,0.0,0,0.0,0,0.0,0
2012-11-30T09:21:47.000,2125.4,12707,2125,1,0.0,0,0.0,0,0.0,0,0.0,0,2125.4,35,0.0,0,0.0,0,0.0,0,0.0,0
2012-11-30T09:21:47.500,2125.4,12731,2124.8,29,0.0,0,0.0,0,0.0,0,0.0,0,2125.4,29,0.0,0,0.0,0,0.0,0,0.0,0
2012-11-30T09:21:48.000,2125.2,12737,2125,2,0.0,0,0.0,0,0.0,0,0.0,0,2125.2,20,0.0,0,0.0,0,0.0,0,0.0,0
2012-11-30T09:21:48.500,2125,12739,2125,4,0.0,0,0.0,0,0.0,0,0.0,0,2125.2,22,0.0,0,0.0,0,0.0,0,0.0,0
2012-11-30T09:21:49.000,2125.2,12743,2125,4,0.0,0,0.0,0,0.0,0,0.0,0,2125.2,30,0.0,0,0.0,0,0.0,0,0.0,0
2012-11-30T09:21:49.500,2125,12756,2124.8,31,0.0,0,0.0,0,0.0,0,0.0,0,2125,18,0.0,0,0.0,0,0.0,0,0.0,0
2012-11-30T09:21:50.000,2125,12758,2124.8,32,0.0,0,0.0,0,0.0,0,0.0,0,2125,42,0.0,0,0.0,0,0.0,0,0.0,0
2012-11-30T09:21:50.500,2125,12776,2124.8,38,0.0,0,0.0,0,0.0,0,0.0,0,2125,25,0.0,0,0.0,0,0.0,0,0.0,0
2012-11-30T09:21:51.000,2125,12782,2124.8,39,0.0,0,0.0,0,0.0,0,0.0,0,2125,19,0.0,0,0.0,0,0.0,0,0.0,0
2012-11-30T09:21:51.500,2125,12805,2125,37,0.0,0,0.0,0,0.0,0,0.0,0,2125.2,33,0.0,0,0.0,0,0.0,0,0.0,0
2012-11-30T09:21:52.000,2125,12807,2125,38,0.0,0,0.0,0,0.0,0,0.0,0,2125.2,31,0.0,0,0.0,0,0.0,0,0.0,0
2012-11-30T09:21:52.500,2125,12809,2125,45,0.0,0,0.0,0,0.0,0,0.0,0,2125.2,21,0.0,0,0.0,0,0.0,0,0.0,0
2012-11-30T09:21:53.000,2125,12817,2125,40,0.0,0,0.0,0,0.0,0,0.0,0,2125.2,9,0.0,0,0.0,0,0.0,0,0.0,0
2012-11-30T09:21:53.500,2125,12824,2125,40,0.0,0,0.0,0,0.0,0,0.0,0,2125.2,5,0.0,0,0.0,0,0.0,0,0.0,0
2012-11-30T09:21:54.000,2125,12826,2125,39,0.0,0,0.0,0,0.0,0,0.0,0,2125.2,5,0.0,0,0.0,0,0.0,0,0.0,0
2012-11-30T09:21:54.500,2125.2,12829,2125,39,0.0,0,0.0,0,0.0,0,0.0,0,2125.2,4,0.0,0,0.0,0,0.0,0,0.0,0
2012-11-30T09:21:55.000,2125,12835,2125,36,0.0,0,0.0,0,0.0,0,0.0,0,2125.2,3,0.0,0,0.0,0,0.0,0,0.0,0
2012-11-30T09:21:55.500,2125.2,12848,2125,34,0.0,0,0.0,0,0.0,0,0.0,0,2125.4,45,0.0,0,0.0,0,0.0,0,0.0,0
2012-11-30T09:21:56.000,2125,12849,2125,33,0.0,0,0.0,0,0.0,0,0.0,0,2125.2,3,0.0,0,0.0,0,0.0,0,0.0,0
2012-11-30T09:21:56.500,2125,12875,2125,8,0.0,0,0.0,0,0.0,0,0.0,0,2125.2,3,0.0,0,0.0,0,0.0,0,0.0,0
2012-11-30T09:21:57.000,2125.2,12876,2125,9,0.0,0,0.0,0,0.0,0,0.0,0,2125.2,5,0.0,0,0.0,0,0.0,0,0.0,0
2012-11-30T09:21:57.500,2125,12880,2125,10,0.0,0,0.0,0,0.0,0,0.0,0,2125.2,50,0.0,0,0.0,0,0.0,0,0.0,0
2012-11-30T09:21:58.000,2125,12882,2125,11,0.0,0,0.0,0,0.0,0,0.0,0,2125.2,55,0.0,0,0.0,0,0.0,0,0.0,0
2012-11-30T09:21:58.500,2125,12885,2125,8,0.0,0,0.0,0,0.0,0,0.0,0,2125.2,59,0.0,0,0.0,0,0.0,0,0.0,0
2012-11-30T09:21:59.000,2124.8,12898,2125,21,0.0,0,0.0,0,0.0,0,0.0,0,2125.2,46,0.0,0,0.0,0,0.0,0,0.0,0
2012-11-30T09:21:59.500,2125.2,12917,2125,8,0.0,0,0.0,0,0.0,0,0.0,0,2125.2,40,0.0,0,0.0,0,0.0,0,0.0,0
2012-11-30T09:22:00.000,2125.2,12918,2125,9,0.0,0,0.0,0,0.0,0,0.0,0,2125.2,40,0.0,0,0.0,0,0.0,0,0.0,0
2012-11-30T09:22:00.500,2125,12921,2125,11,0.0,0,0.0,0,0.0,0,0.0,0,2125.2,36,0.0,0,0.0,0,0.0,0,0.0,0
2012-11-30T09:22:01.000,2125.2,12973,2124.8,37,0.0,0,0.0,0,0.0,0,0.0,0,2125,8,0.0,0,0.0,0,0.0,0,0.0,0
2012-11-30T09:22:01.500,2124.8,12979,2124.8,33,0.0,0,0.0,0,0.0,0,0.0,0,2125,18,0.0,0,0.0,0,0.0,0,0.0,0
2012-11-30T09:22:02.000,2124.8,12983,2124.8,30,0.0,0,0.0,0,0.0,0,0.0,0,2125,17,0.0,0,0.0,0,0.0,0,0.0,0
2012-11-30T09:22:02.500,2124.8,12992,2124.8,26,0.0,0,0.0,0,0.0,0,0.0,0,2125,17,0.0,0,0.0,0,0.0,0,0.0,0
2012-11-30T09:22:03.000,2124.8,13023,2124.6,39,0.0,0,0.0,0,0.0,0,0.0,0,2124.8,7,0.0,0,0.0,0,0.0,0,0.0,0
2012-11-30T09:22:03.500,2124.8,13067,2124.6,1,0.0,0,0.0,0,0.0,0,0.0,0,2124.8,2,0.0,0,0.0,0,0.0,0,0.0,0
2012-11-30T09:22:04.000,2124.6,13071,2124.6,9,0.0,0,0.0,0,0.0,0,0.0,0,2124.8,12,0.0,0,0.0,0,0.0,0,0.0,0
2012-11-30T09:22:04.500,2124.6,13081,2124.4,26,0.0,0,0.0,0,0.0,0,0.0,0,2124.8,13,0.0,0,0.0,0,0.0,0,0.0,0
2012-11-30T09:22:05.000,2124.8,13102,2124.6,1,0.0,0,0.0,0,0.0,0,0.0,0,2124.8,3,0.0,0,0.0,0,0.0,0,0.0,0
2012-11-30T09:22:05.500,2124.8,13107,2124.8,4,0.0,0,0.0,0,0.0,0,0.0,0,2125,33,0.0,0,0.0,0,0.0,0,0.0,0
2012-11-30T09:22:06.000,2124.6,13122,2124.4,18,0.0,0,0.0,0,0.0,0,0.0,0,2124.6,15,0.0,0,0.0,0,0.0,0,0.0,0
2012-11-30T09:22:06.500,2124.6,13139,2124.4,13,0.0,0,0.0,0,0.0,0,0.0,0,2124.6,10,0.0,0,0.0,0,0.0,0,0.0,0
2012-11-30T09:22:07.000,2124.4,13147,2124.4,7,0.0,0,0.0,0,0.0,0,0.0,0,2124.6,6,0.0,0,0.0,0,0.0,0,0.0,0
2012-11-30T09:22:07.500,2124.4,13153,2124.4,5,0.0,0,0.0,0,0.0,0,0.0,0,2124.6,2,0.0,0,0.0,0,0.0,0,0.0,0
2012-11-30T09:22:08.000,2124.4,13157,2124.4,4,0.0,0,0.0,0,0.0,0,0.0,0,2124.8,7,0.0,0,0.0,0,0.0,0,0.0,0
2012-11-30T09:22:08.500,2124.4,13160,2124.4,3,0.0,0,0.0,0,0.0,0,0.0,0,2124.8,11,0.0,0,0.0,0,0.0,0,0.0,0
2012-11-30T09:22:09.000,2124.6,13164,2124.6,2,0.0,0,0.0,0,0.0,0,0.0,0,2124.8,22,0.0,0,0.0,0,0.0,0,0.0,0
2012-11-30T09:22:09.500,2124.6,13165,2124.6,2,0.0,0,0.0,0,0.0,0,0.0,0,2124.8,22,0.0,0,0.0,0,0.0,0,0.0,0
2012-11-30T09:22:10.000,2124.4,13169,2124.4,37,0.0,0,0.0,0,0.0,0,0.0,0,2124.6,1,0.0,0,0.0,0,0.0,0,0.0,0
2012-11-30T09:22:10.500,2124.6,13176,2124.6,47,0.0,0,0.0,0,0.0,0,0.0,0,2124.8,21,0.0,0,0.0,0,0.0,0,0.0,0
2012-11-30T09:22:11.000,2124.6,13179,2124.6,45,0.0,0,0.0,0,0.0,0,0.0,0,2124.8,31,0.0,0,0.0,0,0.0,0,0.0,0
2012-11-30T09:22:11.500,2124.6,13182,2124.6,46,0.0,0,0.0,0,0.0,0,0.0,0,2124.8,24,0.0,0,0.0,0,0.0,0,0.0,0
2012-11-30T09:22:12.000,2124.6,13188,2124.6,42,0.0,0,0.0,0,0.0,0,0.0,0,2124.8,22,0.0,0,0.0,0,0.0,0,0.0,0
2012-11-30T09:22:12.500,2124.6,13204,2124.6,29,0.0,0,0.0,0,0.0,0,0.0,0,2124.8,25,0.0,0,0.0,0,0.0,0,0.0,0
2012-11-30T09:22:13.000,2124.6,13208,2124.6,25,0.0,0,0.0,0,0.0,0,0.0,0,2124.8,25,0.0,0,0.0,0,0.0,0,0.0,0
2012-11-30T09:22:13.500,2124.6,13219,2124.6,14,0.0,0,0.0,0,0.0,0,0.0,0,2124.8,25,0.0,0,0.0,0,0.0,0,0.0,0
2012-11-30T09:22:14.000,2124.6,13222,2124.6,11,0.0,0,0.0,0,0.0,0,0.0,0,2124.8,26,0.0,0,0.0,0,0.0,0,0.0,0
2012-11-30T09:22:14.500,2124.8,13224,2124.6,12,0.0,0,0.0,0,0.0,0,0.0,0,2124.8,29,0.0,0,0.0,0,0.0,0,0.0,0
2012-11-30T09:22:15.250,2124.6,13226,2124.6,11,0.0,0,0.0,0,0.0,0,0.0,0,2124.8,31,0.0,0,0.0,0,0.0,0,0.0,0
2012-11-30T09:22:16.000,2124.8,13243,2124.4,58,0.0,0,0.0,0,0.0,0,0.0,0,2124.8,33,0.0,0,0.0,0,0.0,0,0.0,0
2012-11-30T09:22:16.500,2124.8,13244,2124.4,58,0.0,0,0.0,0,0.0,0,0.0,0,2124.8,32,0.0,0,0.0,0,0.0,0,0.0,0
2012-11-30T09:22:18.000,2124.8,13245,2124.6,1,0.0,0,0.0,0,0.0,0,0.0,0,2124.8,34,0.0,0,0.0,0,0.0,0,0.0,0
2012-11-30T09:22:18.500,2124.4,13248,2124.4,62,0.0,0,0.0,0,0.0,0,0.0,0,2124.8,34,0.0,0,0.0,0,0.0,0,0.0,0
2012-11-30T09:22:19.000,2124.4,13249,2124.4,62,0.0,0,0.0,0,0.0,0,0.0,0,2124.6,2,0.0,0,0.0,0,0.0,0,0.0,0
2012-11-30T09:22:19.500,2124.4,13252,2124.4,66,0.0,0,0.0,0,0.0,0,0.0,0,2124.6,2,0.0,0,0.0,0,0.0,0,0.0,0
2012-11-30T09:22:20.000,2124.6,13256,2124.4,67,0.0,0,0.0,0,0.0,0,0.0,0,2124.8,38,0.0,0,0.0,0,0.0,0,0.0,0
2012-11-30T09:22:20.500,2124.4,13259,2124.4,66,0.0,0,0.0,0,0.0,0,0.0,0,2124.8,40,0.0,0,0.0,0,0.0,0,0.0,0
2012-11-30T09:22:21.000,2124.8,13262,2124.4,64,0.0,0,0.0,0,0.0,0,0.0,0,2124.6,1,0.0,0,0.0,0,0.0,0,0.0,0
2012-11-30T09:22:21.500,2124.6,13264,2124.4,67,0.0,0,0.0,0,0.0,0,0.0,0,2124.6,5,0.0,0,0.0,0,0.0,0,0.0,0
2012-11-30T09:22:22.000,2124.4,13266,2124.4,66,0.0,0,0.0,0,0.0,0,0.0,0,2124.6,4,0.0,0,0.0,0,0.0,0,0.0,0
2012-11-30T09:22:22.500,2124.4,13287,2124.4,60,0.0,0,0.0,0,0.0,0,0.0,0,2124.6,4,0.0,0,0.0,0,0.0,0,0.0,0
2012-11-30T09:22:23.250,2124.4,13393,2124.2,119,0.0,0,0.0,0,0.0,0,0.0,0,2124.4,2,0.0,0,0.0,0,0.0,0,0.0,0
2012-11-30T09:22:24.250,2124.4,13394,2124.2,120,0.0,0,0.0,0,0.0,0,0.0,0,2124.4,7,0.0,0,0.0,0,0.0,0,0.0,0
2012-11-30T09:22:25.000,2124.4,13396,2124.2,119,0.0,0,0.0,0,0.0,0,0.0,0,2124.4,5,0.0,0,0.0,0,0.0,0,0.0,0
2012-11-30T09:22:25.500,2124.4,13399,2124.2,120,0.0,0,0.0,0,0.0,0,0.0,0,2124.4,2,0.0,0,0.0,0,0.0,0,0.0,0
2012-11-30T09:22:26.000,2124.4,13401,2124.2,121,0.0,0,0.0,0,0.0,0,0.0,0,2124.6,12,0.0,0,0.0,0,0.0,0,0.0,0
2012-11-30T09:22:26.500,2124.4,13402,2124.4,11,0.0,0,0.0,0,0.0,0,0.0,0,2124.6,12,0.0,0,0.0,0,0.0,0,0.0,0
2012-11-30T09:22:27.000,2124.6,13408,2124.4,9,0.0,0,0.0,0,0.0,0,0.0,0,2124.6,10,0.0,0,0.0,0,0.0,0,0.0,0
2012-11-30T09:22:27.500,2124.4,13411,2124.4,6,0.0,0,0.0,0,0.0,0,0.0,0,2124.6,10,0.0,0,0.0,0,0.0,0,0.0,0
2012-11-30T09:22:28.250,2124.4,13413,2124.4,8,0.0,0,0.0,0,0.0,0,0.0,0,2124.6,11,0.0,0,0.0,0,0.0,0,0.0,0
2012-11-30T09:22:29.000,2124.6,13414,2124.4,11,0.0,0,0.0,0,0.0,0,0.0,0,2124.6,10,0.0,0,0.0,0,0.0,0,0.0,0
2012-11-30T09:22:29.500,2124.4,13419,2124.4,9,0.0,0,0.0,0,0.0,0,0.0,0,2124.6,11,0.0,0,0.0,0,0.0,0,0.0,0
2012-11-30T09:22:30.000,2124.4,13421,2124.4,8,0.0,0,0.0,0,0.0,0,0.0,0,2124.6,11,0.0,0,0.0,0,0.0,0,0.0,0
2012-11-30T09:22:30.500,2124.6,13424,2124.4,7,0.0,0,0.0,0,0.0,0,0.0,0,2124.6,12,0.0,0,0.0,0,0.0,0,0.0,0
2012-11-30T09:22:31.250,2124.4,13430,2124.4,2,0.0,0,0.0,0,0.0,0,0.0,0,2124.6,23,0.0,0,0.0,0,0.0,0,0.0,0
2012-11-30T09:22:32.000,2124.6,13435,2124.2,127,0.0,0,0.0,0,0.0,0,0.0,0,2124.4,5,0.0,0,0.0,0,0.0,0,0.0,0
2012-11-30T09:22:32.500,2124.4,13436,2124.2,127,0.0,0,0.0,0,0.0,0,0.0,0,2124.4,5,0.0,0,0.0,0,0.0,0,0.0,0
2012-11-30T09:22:33.000,2124.4,13442,2124.4,3,0.0,0,0.0,0,0.0,0,0.0,0,2124.6,29,0.0,0,0.0,0,0.0,0,0.0,0
2012-11-30T09:22:33.500,2124.4,13445,2124.2,128,0.0,0,0.0,0,0.0,0,0.0,0,2124.4,13,0.0,0,0.0,0,0.0,0,0.0,0
2012-11-30T09:22:34.000,2124.2,13453,2124.2,126,0.0,0,0.0,0,0.0,0,0.0,0,2124.4,6,0.0,0,0.0,0,0.0,0,0.0,0
2012-11-30T09:22:34.500,2124.2,13456,2124.2,124,0.0,0,0.0,0,0.0,0,0.0,0,2124.4,6,0.0,0,0.0,0,0.0,0,0.0,0
2012-11-30T09:22:35.000,2124.4,13459,2124.2,124,0.0,0,0.0,0,0.0,0,0.0,0,2124.4,3,0.0,0,0.0,0,0.0,0,0.0,0
2012-11-30T09:22:35.500,2124.4,13460,2124.2,124,0.0,0,0.0,0,0.0,0,0.0,0,2124.4,2,0.0,0,0.0,0,0.0,0,0.0,0
2012-11-30T09:22:36.000,2124.2,13461,2124.2,124,0.0,0,0.0,0,0.0,0,0.0,0,2124.4,2,0.0,0,0.0,0,0.0,0,0.0,0
2012-11-30T09:22:36.500,2124.4,13463,2124.4,1,0.0,0,0.0,0,0.0,0,0.0,0,2124.6,32,0.0,0,0.0,0,0.0,0,0.0,0
2012-11-30T09:22:37.000,2124.4,13465,2124.4,1,0.0,0,0.0,0,0.0,0,0.0,0,2124.6,31,0.0,0,0.0,0,0.0,0,0.0,0
2012-11-30T09:22:37.500,2124.6,13481,2124.4,9,0.0,0,0.0,0,0.0,0,0.0,0,2124.6,17,0.0,0,0.0,0,0.0,0,0.0,0
2012-11-30T09:22:38.000,2124.4,13485,2124.4,6,0.0,0,0.0,0,0.0,0,0.0,0,2124.6,21,0.0,0,0.0,0,0.0,0,0.0,0
2012-11-30T09:22:38.500,2124.4,13487,2124.4,22,0.0,0,0.0,0,0.0,0,0.0,0,2124.6,22,0.0,0,0.0,0,0.0,0,0.0,0
2012-11-30T09:22:39.000,2124.6,13491,2124.4,34,0.0,0,0.0,0,0.0,0,0.0,0,2124.6,20,0.0,0,0.0,0,0.0,0,0.0,0
2012-11-30T09:22:39.500,2124.4,13494,2124.4,31,0.0,0,0.0,0,0.0,0,0.0,0,2124.6,20,0.0,0,0.0,0,0.0,0,0.0,0
2012-11-30T09:22:40.000,2124.4,13496,2124.4,29,0.0,0,0.0,0,0.0,0,0.0,0,2124.6,20,0.0,0,0.0,0,0.0,0,0.0,0
2012-11-30T09:22:40.500,2124.6,13522,2124.6,25,0.0,0,0.0,0,0.0,0,0.0,0,2124.8,92,0.0,0,0.0,0,0.0,0,0.0,0
2012-11-30T09:22:41.000,2124.8,13539,2124.6,23,0.0,0,0.0,0,0.0,0,0.0,0,2124.8,77,0.0,0,0.0,0,0.0,0,0.0,0
2012-11-30T09:22:41.500,2124.8,13542,2124.6,23,0.0,0,0.0,0,0.0,0,0.0,0,2124.8,76,0.0,0,0.0,0,0.0,0,0.0,0
2012-11-30T09:22:42.000,2124.8,13558,2124.6,23,0.0,0,0.0,0,0.0,0,0.0,0,2124.8,60,0.0,0,0.0,0,0.0,0,0.0,0
2012-11-30T09:22:42.500,2124.8,13583,2124.6,23,0.0,0,0.0,0,0.0,0,0.0,0,2124.8,36,0.0,0,0.0,0,0.0,0,0.0,0
2012-11-30T09:22:43.000,2124.8,13589,2124.6,23,0.0,0,0.0,0,0.0,0,0.0,0,2124.8,30,0.0,0,0.0,0,0.0,0,0.0,0
2012-11-30T09:22:43.500,2124.8,13605,2124.6,25,0.0,0,0.0,0,0.0,0,0.0,0,2124.8,15,0.0,0,0.0,0,0.0,0,0.0,0
2012-11-30T09:22:44.250,2124.8,13606,2124.6,25,0.0,0,0.0,0,0.0,0,0.0,0,2124.8,15,0.0,0,0.0,0,0.0,0,0.0,0
2012-11-30T09:22:45.000,2124.6,13608,2124.6,23,0.0,0,0.0,0,0.0,0,0.0,0,2124.8,15,0.0,0,0.0,0,0.0,0,0.0,0
2012-11-30T09:22:45.500,2124.6,13611,2124.6,20,0.0,0,0.0,0,0.0,0,0.0,0,2124.8,15,0.0,0,0.0,0,0.0,0,0.0,0
2012-11-30T09:22:46.250,2124.6,13614,2124.6,18,0.0,0,0.0,0,0.0,0,0.0,0,2124.8,15,0.0,0,0.0,0,0.0,0,0.0,0
2012-11-30T09:22:47.000,2124.6,13617,2124.6,15,0.0,0,0.0,0,0.0,0,0.0,0,2124.8,15,0.0,0,0.0,0,0.0,0,0.0,0
2012-11-30T09:22:47.500,2124.8,13618,2124.6,16,0.0,0,0.0,0,0.0,0,0.0,0,2124.8,15,0.0,0,0.0,0,0.0,0,0.0,0
2012-11-30T09:22:48.000,2124.6,13644,2124.6,2,0.0,0,0.0,0,0.0,0,0.0,0,2124.8,3,0.0,0,0.0,0,0.0,0,0.0,0
2012-11-30T09:22:48.500,2125,13654,2124.6,1,0.0,0,0.0,0,0.0,0,0.0,0,2125,48,0.0,0,0.0,0,0.0,0,0.0,0
2012-11-30T09:22:49.000,2124.8,13656,2124.8,5,0.0,0,0.0,0,0.0,0,0.0,0,2125,48,0.0,0,0.0,0,0.0,0,0.0,0
2012-11-30T09:22:49.500,2124.8,13660,2124.8,1,0.0,0,0.0,0,0.0,0,0.0,0,2125,46,0.0,0,0.0,0,0.0,0,0.0,0
2012-11-30T09:22:50.000,2125.2,13710,2124.8,1,0.0,0,0.0,0,0.0,0,0.0,0,2125.2,8,0.0,0,0.0,0,0.0,0,0.0,0
2012-11-30T09:22:50.500,2124.8,13711,2124.6,2,0.0,0,0.0,0,0.0,0,0.0,0,2124.8,2,0.0,0,0.0,0,0.0,0,0.0,0
2012-11-30T09:22:51.000,2124.8,13715,2124.8,6,0.0,0,0.0,0,0.0,0,0.0,0,2125.2,11,0.0,0,0.0,0,0.0,0,0.0,0
2012-11-30T09:22:51.500,2125.2,13717,2124.8,7,0.0,0,0.0,0,0.0,0,0.0,0,2125.2,11,0.0,0,0.0,0,0.0,0,0.0,0
2012-11-30T09:22:52.250,2125.2,13720,2124.8,19,0.0,0,0.0,0,0.0,0,0.0,0,2125,1,0.0,0,0.0,0,0.0,0,0.0,0
2012-11-30T09:22:53.250,2125,13723,2125,13,0.0,0,0.0,0,0.0,0,0.0,0,2125.2,9,0.0,0,0.0,0,0.0,0,0.0,0
2012-11-30T09:22:54.250,2125.2,13724,2125,21,0.0,0,0.0,0,0.0,0,0.0,0,2125.2,8,0.0,0,0.0,0,0.0,0,0.0,0
2012-11-30T09:22:55.000,2125.2,13731,2125,21,0.0,0,0.0,0,0.0,0,0.0,0,2125.2,22,0.0,0,0.0,0,0.0,0,0.0,0
2012-11-30T09:22:55.500,2125,13735,2125,17,0.0,0,0.0,0,0.0,0,0.0,0,2125.2,23,0.0,0,0.0,0,0.0,0,0.0,0
2012-11-30T09:22:56.000,2125.2,13738,2125,16,0.0,0,0.0,0,0.0,0,0.0,0,2125.2,26,0.0,0,0.0,0,0.0,0,0.0,0
2012-11-30T09:22:56.500,2125,13746,2125,10,0.0,0,0.0,0,0.0,0,0.0,0,2125.2,24,0.0,0,0.0,0,0.0,0,0.0,0
2012-11-30T09:22:57.000,2125,13752,2125,5,0.0,0,0.0,0,0.0,0,0.0,0,2125.2,23,0.0,0,0.0,0,0.0,0,0.0,0
2012-11-30T09:22:57.500,2125.2,13754,2125,4,0.0,0,0.0,0,0.0,0,0.0,0,2125.2,23,0.0,0,0.0,0,0.0,0,0.0,0
2012-11-30T09:22:58.000,2125,13757,2125,3,0.0,0,0.0,0,0.0,0,0.0,0,2125.2,22,0.0,0,0.0,0,0.0,0,0.0,0
2012-11-30T09:22:58.500,2125.2,13761,2125,4,0.0,0,0.0,0,0.0,0,0.0,0,2125.2,23,0.0,0,0.0,0,0.0,0,0.0,0
2012-11-30T09:22:59.000,2125.2,13764,2125,4,0.0,0,0.0,0,0.0,0,0.0,0,2125.2,27,0.0,0,0.0,0,0.0,0,0.0,0
2012-11-30T09:22:59.500,2125.2,13766,2125,3,0.0,0,0.0,0,0.0,0,0.0,0,2125.2,26,0.0,0,0.0,0,0.0,0,0.0,0
2012-11-30T09:23:00.000,2125,13770,2124.8,15,0.0,0,0.0,0,0.0,0,0.0,0,2125,21,0.0,0,0.0,0,0.0,0,0.0,0
2012-11-30T09:23:00.500,2125,13772,2124.8,15,0.0,0,0.0,0,0.0,0,0.0,0,2125,19,0.0,0,0.0,0,0.0,0,0.0,0
2012-11-30T09:23:01.000,2125,13776,2124.8,15,0.0,0,0.0,0,0.0,0,0.0,0,2125,65,0.0,0,0.0,0,0.0,0,0.0,0
2012-11-30T09:23:01.500,2124.6,13800,2124.6,17,0.0,0,0.0,0,0.0,0,0.0,0,2125,67,0.0,0,0.0,0,0.0,0,0.0,0
2012-11-30T09:23:02.000,2124.6,13821,2124.4,27,0.0,0,0.0,0,0.0,0,0.0,0,2124.6,1,0.0,0,0.0,0,0.0,0,0.0,0
2012-11-30T09:23:02.500,2124.8,13840,2124.4,12,0.0,0,0.0,0,0.0,0,0.0,0,2124.8,5,0.0,0,0.0,0,0.0,0,0.0,0
2012-11-30T09:23:03.250,2124.6,13842,2124.4,12,0.0,0,0.0,0,0.0,0,0.0,0,2124.6,1,0.0,0,0.0,0,0.0,0,0.0,0
2012-11-30T09:23:04.000,2124.4,13853,2124.4,11,0.0,0,0.0,0,0.0,0,0.0,0,2124.8,14,0.0,0,0.0,0,0.0,0,0.0,0
2012-11-30T09:23:04.500,2124.4,13855,2124.6,1,0.0,0,0.0,0,0.0,0,0.0,0,2124.8,14,0.0,0,0.0,0,0.0,0,0.0,0
2012-11-30T09:23:05.250,2124.2,13877,2124.2,66,0.0,0,0.0,0,0.0,0,0.0,0,2124.4,3,0.0,0,0.0,0,0.0,0,0.0,0
2012-11-30T09:23:06.250,2124.4,13881,2124.4,6,0.0,0,0.0,0,0.0,0,0.0,0,2124.6,1,0.0,0,0.0,0,0.0,0,0.0,0
2012-11-30T09:23:07.000,2124.4,13882,2124.4,23,0.0,0,0.0,0,0.0,0,0.0,0,2124.6,4,0.0,0,0.0,0,0.0,0,0.0,0
2012-11-30T09:23:07.500,2124.6,13884,2124.4,28,0.0,0,0.0,0,0.0,0,0.0,0,2124.6,2,0.0,0,0.0,0,0.0,0,0.0,0
2012-11-30T09:23:08.250,2124.4,13886,2124.4,28,0.0,0,0.0,0,0.0,0,0.0,0,2124.6,4,0.0,0,0.0,0,0.0,0,0.0,0
2012-11-30T09:23:09.250,2124.6,13889,2124.4,28,0.0,0,0.0,0,0.0,0,0.0,0,2124.6,1,0.0,0,0.0,0,0.0,0,0.0,0
2012-11-30T09:23:10.000,2124.8,13899,2124.4,29,0.0,0,0.0,0,0.0,0,0.0,0,2124.6,1,0.0,0,0.0,0,0.0,0,0.0,0
2012-11-30T09:23:10.500,2124.6,13900,2124.4,30,0.0,0,0.0,0,0.0,0,0.0,0,2124.8,15,0.0,0,0.0,0,0.0,0,0.0,0
2012-11-30T09:23:11.250,2124.4,13901,2124.4,31,0.0,0,0.0,0,0.0,0,0.0,0,2124.8,16,0.0,0,0.0,0,0.0,0,0.0,0
2012-11-30T09:23:13.250,2124.4,13919,2124.6,1,0.0,0,0.0,0,0.0,0,0.0,0,2124.8,19,0.0,0,0.0,0,0.0,0,0.0,0
2012-11-30T09:23:14.000,2124.8,13921,2124.4,14,0.0,0,0.0,0,0.0,0,0.0,0,2124.6,1,0.0,0,0.0,0,0.0,0,0.0,0
2012-11-30T09:23:14.500,2124.8,13926,2124.4,14,0.0,0,0.0,0,0.0,0,0.0,0,2124.8,17,0.0,0,0.0,0,0.0,0,0.0,0
2012-11-30T09:23:15.000,2124.4,13932,2124.6,2,0.0,0,0.0,0,0.0,0,0.0,0,2124.8,13,0.0,0,0.0,0,0.0,0,0.0,0
2012-11-30T09:23:15.500,2124.4,13933,2124.6,1,0.0,0,0.0,0,0.0,0,0.0,0,2124.8,13,0.0,0,0.0,0,0.0,0,0.0,0
2012-11-30T09:23:16.000,2124.8,13935,2124.6,1,0.0,0,0.0,0,0.0,0,0.0,0,2124.8,12,0.0,0,0.0,0,0.0,0,0.0,0
2012-11-30T09:23:16.500,2124.6,13936,2124.4,20,0.0,0,0.0,0,0.0,0,0.0,0,2124.8,16,0.0,0,0.0,0,0.0,0,0.0,0
2012-11-30T09:23:17.000,2124.8,13937,2124.4,20,0.0,0,0.0,0,0.0,0,0.0,0,2124.8,20,0.0,0,0.0,0,0.0,0,0.0,0
2012-11-30T09:23:17.500,2124.8,13938,2124.4,26,0.0,0,0.0,0,0.0,0,0.0,0,2124.6,1,0.0,0,0.0,0,0.0,0,0.0,0
2012-11-30T09:23:18.000,2124.6,13939,2124.4,26,0.0,0,0.0,0,0.0,0,0.0,0,2124.8,40,0.0,0,0.0,0,0.0,0,0.0,0
2012-11-30T09:23:18.500,2124.4,13948,2124.4,17,0.0,0,0.0,0,0.0,0,0.0,0,2124.8,41,0.0,0,0.0,0,0.0,0,0.0,0
2012-11-30T09:23:19.250,2124.4,13952,2124.4,26,0.0,0,0.0,0,0.0,0,0.0,0,2124.6,5,0.0,0,0.0,0,0.0,0,0.0,0
2012-11-30T09:23:20.000,2124.4,13953,2124.4,25,0.0,0,0.0,0,0.0,0,0.0,0,2124.6,6,0.0,0,0.0,0,0.0,0,0.0,0
2012-11-30T09:23:20.500,2124.4,13957,2124.4,23,0.0,0,0.0,0,0.0,0,0.0,0,2124.6,6,0.0,0,0.0,0,0.0,0,0.0,0
2012-11-30T09:23:21.000,2124.4,13960,2124.4,21,0.0,0,0.0,0,0.0,0,0.0,0,2124.6,5,0.0,0,0.0,0,0.0,0,0.0,0
2012-11-30T09:23:21.500,2124.4,13963,2124.4,19,0.0,0,0.0,0,0.0,0,0.0,0,2124.6,4,0.0,0,0.0,0,0.0,0,0.0,0
2012-11-30T09:23:22.000,2124.6,13972,2124.4,19,0.0,0,0.0,0,0.0,0,0.0,0,2124.6,2,0.0,0,0.0,0,0.0,0,0.0,0
2012-11-30T09:23:22.500,2124.6,13980,2124.6,2,0.0,0,0.0,0,0.0,0,0.0,0,2124.8,38,0.0,0,0.0,0,0.0,0,0.0,0
2012-11-30T09:23:23.250,2124.6,13982,2124.4,18,0.0,0,0.0,0,0.0,0,0.0,0,2124.8,40,0.0,0,0.0,0,0.0,0,0.0,0
2012-11-30T09:23:25.000,2124.6,13985,2124.4,18,0.0,0,0.0,0,0.0,0,0.0,0,2124.6,1,0.0,0,0.0,0,0.0,0,0.0,0
2012-11-30T09:23:25.500,2124.6,13987,2124.4,19,0.0,0,0.0,0,0.0,0,0.0,0,2124.8,43,0.0,0,0.0,0,0.0,0,0.0,0
2012-11-30T09:23:26.000,2124.4,13997,2124.4,10,0.0,0,0.0,0,0.0,0,0.0,0,2124.8,43,0.0,0,0.0,0,0.0,0,0.0,0
2012-11-30T09:23:26.500,2124.4,13998,2124.4,10,0.0,0,0.0,0,0.0,0,0.0,0,2124.8,44,0.0,0,0.0,0,0.0,0,0.0,0
2012-11-30T09:23:27.000,2124.4,14000,2124.4,9,0.0,0,0.0,0,0.0,0,0.0,0,2124.8,44,0.0,0,0.0,0,0.0,0,0.0,0
2012-11-30T09:23:27.500,2124.4,14005,2124.4,12,0.0,0,0.0,0,0.0,0,0.0,0,2124.6,2,0.0,0,0.0,0,0.0,0,0.0,0
2012-11-30T09:23:28.000,2124.4,14007,2124.4,10,0.0,0,0.0,0,0.0,0,0.0,0,2124.6,7,0.0,0,0.0,0,0.0,0,0.0,0
2012-11-30T09:23:28.500,2124.6,14008,2124.4,10,0.0,0,0.0,0,0.0,0,0.0,0,2124.6,6,0.0,0,0.0,0,0.0,0,0.0,0
2012-11-30T09:23:29.250,2124.6,14016,2124.6,10,0.0,0,0.0,0,0.0,0,0.0,0,2124.8,53,0.0,0,0.0,0,0.0,0,0.0,0
