date_time,last_px,total_volume,bid1_px,bid1_qty,bid2_px,bid2_qty,bid3_px,bid3_qty,bid4_px,bid4_qty,bid5_px,bid5_qty,ask1_px,ask1_qty,ask2_px,ask2_qty,ask3_px,ask3_qty,ask4_px,ask4_qty,ask5_px,ask5_qty
2012-10-31T09:14:00.250,2252,314,2251.2,1,0.0,0,0.0,0,0.0,0,0.0,0,2252,1,0.0,0,0.0,0,0.0,0,0.0,0
2012-10-31T09:15:00.250,2252,426,2250.4,3,0.0,0,0.0,0,0.0,0,0.0,0,2251.2,10,0.0,0,0.0,0,0.0,0,0.0,0
2012-10-31T09:15:01.000,2250.8,514,2250.6,13,0.0,0,0.0,0,0.0,0,0.0,0,2250.8,6,0.0,0,0.0,0,0.0,0,0.0,0
2012-10-31T09:15:01.500,2250,598,2250,24,0.0,0,0.0,0,0.0,0,0.0,0,2250.4,2,0.0,0,0.0,0,0.0,0,0.0,0
2012-10-31T09:15:02.000,2250.6,672,2249.8,1,0.0,0,0.0,0,0.0,0,0.0,0,2250.6,4,0.0,0,0.0,0,0.0,0,0.0,0
2012-10-31T09:15:02.500,2250,743,2249.6,1,0.0,0,0.0,0,0.0,0,0.0,0,2249.8,2,0.0,0,0.0,0,0.0,0,0.0,0
2012-10-31T09:15:03.000,2249.2,766,2249.2,3,0.0,0,0.0,0,0.0,0,0.0,0,2249.4,6,0.0,0,0.0,0,0.0,0,0.0,0
2012-10-31T09:15:03.500,2249.2,809,2249,39,0.0,0,0.0,0,0.0,0,0.0,0,2249.2,9,0.0,0,0.0,0,0.0,0,0.0,0
2012-10-31T09:15:04.000,2249.2,847,2249,24,0.0,0,0.0,0,0.0,0,0.0,0,2249.2,7,0.0,0,0.0,0,0.0,0,0.0,0
2012-10-31T09:15:04.500,2249.2,895,2249.2,4,0.0,0,0.0,0,0.0,0,0.0,0,2249.4,5,0.0,0,0.0,0,0.0,0,0.0,0
2012-10-31T09:15:05.000,2249.2,967,2248.8,1,0.0,0,0.0,0,0.0,0,0.0,0,2249.2,32,0.0,0,0.0,0,0.0,0,0.0,0
2012-10-31T09:15:05.500,2249.2,1024,2248.2,19,0.0,0,0.0,0,0.0,0,0.0,0,2249,1,0.0,0,0.0,0,0.0,0,0.0,0
2012-10-31T09:15:06.000,2248.8,1072,2248.2,6,0.0,0,0.0,0,0.0,0,0.0,0,2248.8,19,0.0,0,0.0,0,0.0,0,0.0,0
2012-10-31T09:15:06.500,2248.4,1103,2248.4,5,0.0,0,0.0,0,0.0,0,0.0,0,2248.6,28,0.0,0,0.0,0,0.0,0,0.0,0
2012-10-31T09:15:07.000,2248.2,1133,2248.2,11,0.0,0,0.0,0,0.0,0,0.0,0,2248.6,22,0.0,0,0.0,0,0.0,0,0.0,0
2012-10-31T09:15:07.500,2248.4,1266,2246.4,17,0.0,0,0.0,0,0.0,0,0.0,0,2248.2,1,0.0,0,0.0,0,0.0,0,0.0,0
2012-10-31T09:15:08.000,2246.2,1329,2246.6,14,0.0,0,0.0,0,0.0,0,0.0,0,2247.6,8,0.0,0,0.0,0,0.0,0,0.0,0
2012-10-31T09:15:08.500,2247.2,1402,2246.6,1,0.0,0,0.0,0,0.0,0,0.0,0,2247.2,32,0.0,0,0.0,0,0.0,0,0.0,0
2012-10-31T09:15:09.000,2247,1480,2246.8,4,0.0,0,0.0,0,0.0,0,0.0,0,2247,8,0.0,0,0.0,0,0.0,0,0.0,0
2012-10-31T09:15:09.500,2247.2,1535,2247,14,0.0,0,0.0,0,0.0,0,0.0,0,2247.2,2,0.0,0,0.0,0,0.0,0,0.0,0
2012-10-31T09:15:10.000,2247.4,1555,2247.4,4,0.0,0,0.0,0,0.0,0,0.0,0,2248,5,0.0,0,0.0,0,0.0,0,0.0,0
2012-10-31T09:15:10.500,2248,1580,2247.6,40,0.0,0,0.0,0,0.0,0,0.0,0,2248,8,0.0,0,0.0,0,0.0,0,0.0,0
2012-10-31T09:15:11.000,2248.2,1603,2248,54,0.0,0,0.0,0,0.0,0,0.0,0,2248.2,48,0.0,0,0.0,0,0.0,0,0.0,0
2012-10-31T09:15:11.500,2248.2,1656,2248,48,0.0,0,0.0,0,0.0,0,0.0,0,2248.2,12,0.0,0,0.0,0,0.0,0,0.0,0
2012-10-31T09:15:12.000,2248.4,1698,2248.2,6,0.0,0,0.0,0,0.0,0,0.0,0,2248.4,73,0.0,0,0.0,0,0.0,0,0.0,0
2012-10-31T09:15:12.500,2248.2,1745,2248,50,0.0,0,0.0,0,0.0,0,0.0,0,2248.2,17,0.0,0,0.0,0,0.0,0,0.0,0
2012-10-31T09:15:13.000,2248.2,1758,2248,47,0.0,0,0.0,0,0.0,0,0.0,0,2248.2,18,0.0,0,0.0,0,0.0,0,0.0,0
2012-10-31T09:15:13.500,2248,1795,2248,47,0.0,0,0.0,0,0.0,0,0.0,0,2248.4,55,0.0,0,0.0,0,0.0,0,0.0,0
2012-10-31T09:15:14.000,2248,1822,2248,28,0.0,0,0.0,0,0.0,0,0.0,0,2248.4,53,0.0,0,0.0,0,0.0,0,0.0,0
2012-10-31T09:15:14.500,2248,1864,2248,21,0.0,0,0.0,0,0.0,0,0.0,0,2248.4,41,0.0,0,0.0,0,0.0,0,0.0,0
2012-10-31T09:15:15.000,2248.2,1893,2248.2,12,0.0,0,0.0,0,0.0,0,0.0,0,2248.4,36,0.0,0,0.0,0,0.0,0,0.0,0
2012-10-31T09:15:15.500,2248.2,1903,2248.2,13,0.0,0,0.0,0,0.0,0,0.0,0,2248.4,45,0.0,0,0.0,0,0.0,0,0.0,0
2012-10-31T09:15:16.000,2248.4,1907,2248.2,12,0.0,0,0.0,0,0.0,0,0.0,0,2248.4,44,0.0,0,0.0,0,0.0,0,0.0,0
2012-10-31T09:15:16.500,2248.4,1940,2248.2,9,0.0,0,0.0,0,0.0,0,0.0,0,2248.4,15,0.0,0,0.0,0,0.0,0,0.0,0
2012-10-31T09:15:17.000,2248.4,1955,2248.2,6,0.0,0,0.0,0,0.0,0,0.0,0,2248.4,4,0.0,0,0.0,0,0.0,0,0.0,0
2012-10-31T09:15:17.500,2248.2,1971,2248.4,26,0.0,0,0.0,0,0.0,0,0.0,0,2248.6,9,0.0,0,0.0,0,0.0,0,0.0,0
2012-10-31T09:15:18.000,2248.6,1978,2248.4,38,0.0,0,0.0,0,0.0,0,0.0,0,2248.6,2,0.0,0,0.0,0,0.0,0,0.0,0
2012-10-31T09:15:18.500,2248.6,2000,2248.6,27,0.0,0,0.0,0,0.0,0,0.0,0,2248.8,25,0.0,0,0.0,0,0.0,0,0.0,0
2012-10-31T09:15:19.000,2248.6,2029,2248.6,26,0.0,0,0.0,0,0.0,0,0.0,0,2248.8,31,0.0,0,0.0,0,0.0,0,0.0,0
2012-10-31T09:15:19.500,2248.2,2120,2248,46,0.0,0,0.0,0,0.0,0,0.0,0,2248.2,31,0.0,0,0.0,0,0.0,0,0.0,0
2012-10-31T09:15:20.000,2248.2,2144,2248,48,0.0,0,0.0,0,0.0,0,0.0,0,2248.2,15,0.0,0,0.0,0,0.0,0,0.0,0
2012-10-31T09:15:20.500,2248.2,2164,2248,39,0.0,0,0.0,0,0.0,0,0.0,0,2248.2,12,0.0,0,0.0,0,0.0,0,0.0,0
2012-10-31T09:15:21.000,2248,2201,2248,11,0.0,0,0.0,0,0.0,0,0.0,0,2248.2,8,0.0,0,0.0,0,0.0,0,0.0,0
2012-10-31T09:15:21.500,2248.4,2229,2248.4,14,0.0,0,0.0,0,0.0,0,0.0,0,2248.6,54,0.0,0,0.0,0,0.0,0,0.0,0
2012-10-31T09:15:22.000,2248.2,2254,2248.2,6,0.0,0,0.0,0,0.0,0,0.0,0,2248.4,29,0.0,0,0.0,0,0.0,0,0.0,0
2012-10-31T09:15:22.500,2248.2,2273,2248,13,0.0,0,0.0,0,0.0,0,0.0,0,2248.2,34,0.0,0,0.0,0,0.0,0,0.0,0
2012-10-31T09:15:23.000,2248,2305,2247.8,1,0.0,0,0.0,0,0.0,0,0.0,0,2248,18,0.0,0,0.0,0,0.0,0,0.0,0
2012-10-31T09:15:23.500,2247.8,2325,2247.4,7,0.0,0,0.0,0,0.0,0,0.0,0,2247.8,14,0.0,0,0.0,0,0.0,0,0.0,0
2012-10-31T09:15:24.000,2247.4,2350,2247.2,32,0.0,0,0.0,0,0.0,0,0.0,0,2247.4,10,0.0,0,0.0,0,0.0,0,0.0,0
2012-10-31T09:15:24.500,2247.8,2377,2247.4,5,0.0,0,0.0,0,0.0,0,0.0,0,2247.8,36,0.0,0,0.0,0,0.0,0,0.0,0
2012-10-31T09:15:25.000,2247.4,2392,2247.4,3,0.0,0,0.0,0,0.0,0,0.0,0,2247.6,4,0.0,0,0.0,0,0.0,0,0.0,0
2012-10-31T09:15:25.500,2247.4,2401,2247.2,22,0.0,0,0.0,0,0.0,0,0.0,0,2247.4,1,0.0,0,0.0,0,0.0,0,0.0,0
2012-10-31T09:15:26.000,2247.2,2429,2247.2,14,0.0,0,0.0,0,0.0,0,0.0,0,2247.8,10,0.0,0,0.0,0,0.0,0,0.0,0
2012-10-31T09:15:26.500,2247.2,2442,2247.2,20,0.0,0,0.0,0,0.0,0,0.0,0,2247.8,9,0.0,0,0.0,0,0.0,0,0.0,0
2012-10-31T09:15:27.000,2247.2,2462,2247.2,7,0.0,0,0.0,0,0.0,0,0.0,0,2248,65,0.0,0,0.0,0,0.0,0,0.0,0
2012-10-31T09:15:27.500,2247.8,2473,2247.4,18,0.0,0,0.0,0,0.0,0,0.0,0,2247.8,13,0.0,0,0.0,0,0.0,0,0.0,0
2012-10-31T09:15:28.000,2248,2493,2247.8,6,0.0,0,0.0,0,0.0,0,0.0,0,2248,61,0.0,0,0.0,0,0.0,0,0.0,0
2012-10-31T09:15:28.500,2247.8,2527,2247.4,3,0.0,0,0.0,0,0.0,0,0.0,0,2247.8,9,0.0,0,0.0,0,0.0,0,0.0,0
2012-10-31T09:15:29.000,2248,2544,2247.4,1,0.0,0,0.0,0,0.0,0,0.0,0,2248,50,0.0,0,0.0,0,0.0,0,0.0,0
2012-10-31T09:15:29.500,2248,2572,2247.4,21,0.0,0,0.0,0,0.0,0,0.0,0,2247.8,3,0.0,0,0.0,0,0.0,0,0.0,0
2012-10-31T09:15:30.000,2247.8,2581,2247.8,3,0.0,0,0.0,0,0.0,0,0.0,0,2248,27,0.0,0,0.0,0,0.0,0,0.0,0
2012-10-31T09:15:30.500,2247.8,2598,2247.6,1,0.0,0,0.0,0,0.0,0,0.0,0,2247.8,7,0.0,0,0.0,0,0.0,0,0.0,0
2012-10-31T09:15:31.000,2247.8,2602,2247.6,6,0.0,0,0.0,0,0.0,0,0.0,0,2247.8,5,0.0,0,0.0,0,0.0,0,0.0,0
2012-10-31T09:15:31.500,2248,2611,2247.6,7,0.0,0,0.0,0,0.0,0,0.0,0,2247.8,7,0.0,0,0.0,0,0.0,0,0.0,0
2012-10-31T09:15:32.000,2247.6,2642,2247.4,8,0.0,0,0.0,0,0.0,0,0.0,0,2247.6,1,0.0,0,0.0,0,0.0,0,0.0,0
2012-10-31T09:15:32.500,2247.2,2664,2247.2,18,0.0,0,0.0,0,0.0,0,0.0,0,2248,15,0.0,0,0.0,0,0.0,0,0.0,0
2012-10-31T09:15:33.000,2247.4,2671,2247.4,8,0.0,0,0.0,0,0.0,0,0.0,0,2247.6,1,0.0,0,0.0,0,0.0,0,0.0,0
2012-10-31T09:15:33.500,2247.8,2677,2247.6,9,0.0,0,0.0,0,0.0,0,0.0,0,2247.8,21,0.0,0,0.0,0,0.0,0,0.0,0
2012-10-31T09:15:34.000,2247.6,2707,2247.4,15,0.0,0,0.0,0,0.0,0,0.0,0,2247.8,20,0.0,0,0.0,0,0.0,0,0.0,0
2012-10-31T09:15:34.500,2247.6,2712,2247.4,16,0.0,0,0.0,0,0.0,0,0.0,0,2247.6,3,0.0,0,0.0,0,0.0,0,0.0,0
2012-10-31T09:15:35.000,2247.8,2718,2247.6,1,0.0,0,0.0,0,0.0,0,0.0,0,2247.8,18,0.0,0,0.0,0,0.0,0,0.0,0
2012-10-31T09:15:35.500,2247.8,2725,2247.4,19,0.0,0,0.0,0,0.0,0,0.0,0,2247.6,1,0.0,0,0.0,0,0.0,0,0.0,0
2012-10-31T09:15:36.000,2247.8,2729,2247.4,18,0.0,0,0.0,0,0.0,0,0.0,0,2247.8,6,0.0,0,0.0,0,0.0,0,0.0,0
2012-10-31T09:15:36.500,2247.6,2746,2247.4,30,0.0,0,0.0,0,0.0,0,0.0,0,2247.6,2,0.0,0,0.0,0,0.0,0,0.0,0
2012-10-31T09:15:37.000,2247.6,2775,2247.4,13,0.0,0,0.0,0,0.0,0,0.0,0,2247.6,1,0.0,0,0.0,0,0.0,0,0.0,0
2012-10-31T09:15:37.500,2247.6,2800,2247.4,3,0.0,0,0.0,0,0.0,0,0.0,0,2247.8,5,0.0,0,0.0,0,0.0,0,0.0,0
2012-10-31T09:15:38.000,2247.4,2806,2247.2,39,0.0,0,0.0,0,0.0,0,0.0,0,2247.4,4,0.0,0,0.0,0,0.0,0,0.0,0
2012-10-31T09:15:38.500,2247.6,2830,2247.2,25,0.0,0,0.0,0,0.0,0,0.0,0,2247.6,1,0.0,0,0.0,0,0.0,0,0.0,0
2012-10-31T09:15:39.000,2247.6,2849,2247.6,3,0.0,0,0.0,0,0.0,0,0.0,0,2248,61,0.0,0,0.0,0,0.0,0,0.0,0
2012-10-31T09:15:39.500,2247.2,2859,2247.2,21,0.0,0,0.0,0,0.0,0,0.0,0,2247.4,3,0.0,0,0.0,0,0.0,0,0.0,0
2012-10-31T09:15:40.000,2247.6,2864,2247.4,4,0.0,0,0.0,0,0.0,0,0.0,0,2247.6,1,0.0,0,0.0,0,0.0,0,0.0,0
2012-10-31T09:15:40.500,2247.2,2877,2247.2,19,0.0,0,0.0,0,0.0,0,0.0,0,2247.4,4,0.0,0,0.0,0,0.0,0,0.0,0
2012-10-31T09:15:41.000,2247.6,2892,2247.4,11,0.0,0,0.0,0,0.0,0,0.0,0,2247.6,7,0.0,0,0.0,0,0.0,0,0.0,0
2012-10-31T09:15:41.500,2247.2,2938,2247,107,0.0,0,0.0,0,0.0,0,0.0,0,2247.2,8,0.0,0,0.0,0,0.0,0,0.0,0
2012-10-31T09:15:42.000,2247.2,2944,2247,108,0.0,0,0.0,0,0.0,0,0.0,0,2247.2,3,0.0,0,0.0,0,0.0,0,0.0,0
2012-10-31T09:15:42.500,2247.6,2960,2247.2,1,0.0,0,0.0,0,0.0,0,0.0,0,2247.6,12,0.0,0,0.0,0,0.0,0,0.0,0
2012-10-31T09:15:43.000,2247.2,2970,2247,98,0.0,0,0.0,0,0.0,0,0.0,0,2247.6,8,0.0,0,0.0,0,0.0,0,0.0,0
2012-10-31T09:15:43.500,2247.6,2999,2247,94,0.0,0,0.0,0,0.0,0,0.0,0,2247.6,13,0.0,0,0.0,0,0.0,0,0.0,0
2012-10-31T09:15:44.000,2247.6,3003,2247.2,11,0.0,0,0.0,0,0.0,0,0.0,0,2247.6,10,0.0,0,0.0,0,0.0,0,0.0,0
2012-10-31T09:15:44.500,2247.2,3008,2247.2,6,0.0,0,0.0,0,0.0,0,0.0,0,2247.6,13,0.0,0,0.0,0,0.0,0,0.0,0
2012-10-31T09:15:45.000,2247.2,3014,2247.2,2,0.0,0,0.0,0,0.0,0,0.0,0,2247.6,13,0.0,0,0.0,0,0.0,0,0.0,0
2012-10-31T09:15:45.500,2247.4,3017,2247.2,3,0.0,0,0.0,0,0.0,0,0.0,0,2247.4,4,0.0,0,0.0,0,0.0,0,0.0,0
2012-10-31T09:15:46.000,2247.2,3027,2247.2,8,0.0,0,0.0,0,0.0,0,0.0,0,2247.6,9,0.0,0,0.0,0,0.0,0,0.0,0
2012-10-31T09:15:46.500,2247.6,3033,2247.2,15,0.0,0,0.0,0,0.0,0,0.0,0,2247.6,6,0.0,0,0.0,0,0.0,0,0.0,0
2012-10-31T09:15:47.000,2247.4,3042,2247.4,8,0.0,0,0.0,0,0.0,0,0.0,0,2247.6,5,0.0,0,0.0,0,0.0,0,0.0,0
2012-10-31T09:15:47.500,2247.6,3053,2247.4,22,0.0,0,0.0,0,0.0,0,0.0,0,2247.6,11,0.0,0,0.0,0,0.0,0,0.0,0
2012-10-31T09:15:48.000,2247.4,3070,2247.4,10,0.0,0,0.0,0,0.0,0,0.0,0,2247.6,10,0.0,0,0.0,0,0.0,0,0.0,0
2012-10-31T09:15:48.500,2247.6,3081,2247.4,9,0.0,0,0.0,0,0.0,0,0.0,0,2247.6,2,0.0,0,0.0,0,0.0,0,0.0,0
2012-10-31T09:15:49.000,2247.6,3083,2247.4,10,0.0,0,0.0,0,0.0,0,0.0,0,2247.6,2,0.0,0,0.0,0,0.0,0,0.0,0
2012-10-31T09:15:49.500,2247.4,3086,2247.4,11,0.0,0,0.0,0,0.0,0,0.0,0,2247.6,11,0.0,0,0.0,0,0.0,0,0.0,0
2012-10-31T09:15:50.000,2247.4,3089,2247.4,18,0.0,0,0.0,0,0.0,0,0.0,0,2247.6,9,0.0,0,0.0,0,0.0,0,0.0,0
2012-10-31T09:15:50.500,2247.4,3104,2247.4,11,0.0,0,0.0,0,0.0,0,0.0,0,2247.6,8,0.0,0,0.0,0,0.0,0,0.0,0
2012-10-31T09:15:51.000,2247.6,3106,2247.4,15,0.0,0,0.0,0,0.0,0,0.0,0,2247.6,7,0.0,0,0.0,0,0.0,0,0.0,0
2012-10-31T09:15:51.500,2247.6,3111,2247.4,14,0.0,0,0.0,0,0.0,0,0.0,0,2247.6,5,0.0,0,0.0,0,0.0,0,0.0,0
2012-10-31T09:15:52.000,2247.2,3131,2247.2,29,0.0,0,0.0,0,0.0,0,0.0,0,2247.6,6,0.0,0,0.0,0,0.0,0,0.0,0
2012-10-31T09:15:52.500,2247.6,3140,2247.4,8,0.0,0,0.0,0,0.0,0,0.0,0,2247.8,37,0.0,0,0.0,0,0.0,0,0.0,0
2012-10-31T09:15:53.000,2247.8,3143,2247.6,1,0.0,0,0.0,0,0.0,0,0.0,0,2247.8,36,0.0,0,0.0,0,0.0,0,0.0,0
2012-10-31T09:15:53.500,2247.8,3148,2247.4,8,0.0,0,0.0,0,0.0,0,0.0,0,2247.8,32,0.0,0,0.0,0,0.0,0,0.0,0
2012-10-31T09:15:54.000,2247.8,3211,2247.6,2,0.0,0,0.0,0,0.0,0,0.0,0,2248,50,0.0,0,0.0,0,0.0,0,0.0,0
2012-10-31T09:15:54.500,2247.6,3228,2247.8,15,0.0,0,0.0,0,0.0,0,0.0,0,2248,50,0.0,0,0.0,0,0.0,0,0.0,0
2012-10-31T09:15:55.000,2248,3241,2247.8,15,0.0,0,0.0,0,0.0,0,0.0,0,2248,39,0.0,0,0.0,0,0.0,0,0.0,0
2012-10-31T09:15:55.500,2248,3248,2247.8,15,0.0,0,0.0,0,0.0,0,0.0,0,2248,34,0.0,0,0.0,0,0.0,0,0.0,0
2012-10-31T09:15:56.000,2248,3268,2247.8,3,0.0,0,0.0,0,0.0,0,0.0,0,2248,28,0.0,0,0.0,0,0.0,0,0.0,0
2012-10-31T09:15:56.500,2247.8,3272,2247.6,6,0.0,0,0.0,0,0.0,0,0.0,0,2248,27,0.0,0,0.0,0,0.0,0,0.0,0
2012-10-31T09:15:57.000,2248,3278,2247.6,7,0.0,0,0.0,0,0.0,0,0.0,0,2247.8,2,0.0,0,0.0,0,0.0,0,0.0,0
2012-10-31T09:15:57.500,2248,3290,2247.6,7,0.0,0,0.0,0,0.0,0,0.0,0,2247.8,1,0.0,0,0.0,0,0.0,0,0.0,0
2012-10-31T09:15:58.000,2248,3321,2248,25,0.0,0,0.0,0,0.0,0,0.0,0,2248.2,24,0.0,0,0.0,0,0.0,0,0.0,0
2012-10-31T09:15:58.500,2248,3323,2248,26,0.0,0,0.0,0,0.0,0,0.0,0,2248.2,26,0.0,0,0.0,0,0.0,0,0.0,0
2012-10-31T09:15:59.000,2248.2,3351,2248.2,8,0.0,0,0.0,0,0.0,0,0.0,0,2248.4,28,0.0,0,0.0,0,0.0,0,0.0,0
2012-10-31T09:15:59.500,2248.2,3357,2248.2,7,0.0,0,0.0,0,0.0,0,0.0,0,2248.4,28,0.0,0,0.0,0,0.0,0,0.0,0
2012-10-31T09:16:00.000,2248,3382,2248,31,0.0,0,0.0,0,0.0,0,0.0,0,2248.4,14,0.0,0,0.0,0,0.0,0,0.0,0
2012-10-31T09:16:00.500,2248.4,3419,2248.4,2,0.0,0,0.0,0,0.0,0,0.0,0,2248.6,22,0.0,0,0.0,0,0.0,0,0.0,0
2012-10-31T09:16:01.000,2248.4,3466,2248.4,3,0.0,0,0.0,0,0.0,0,0.0,0,2248.6,21,0.0,0,0.0,0,0.0,0,0.0,0
2012-10-31T09:16:01.500,2248.6,3491,2248.4,8,0.0,0,0.0,0,0.0,0,0.0,0,2248.6,18,0.0,0,0.0,0,0.0,0,0.0,0
2012-10-31T09:16:02.000,2248.4,3520,2248.4,7,0.0,0,0.0,0,0.0,0,0.0,0,2248.6,5,0.0,0,0.0,0,0.0,0,0.0,0
2012-10-31T09:16:02.500,2248.4,3545,2248,8,0.0,0,0.0,0,0.0,0,0.0,0,2248.4,33,0.0,0,0.0,0,0.0,0,0.0,0
2012-10-31T09:16:03.000,2248.4,3558,2248,5,0.0,0,0.0,0,0.0,0,0.0,0,2248.4,28,0.0,0,0.0,0,0.0,0,0.0,0
2012-10-31T09:16:03.500,2248.4,3573,2248,4,0.0,0,0.0,0,0.0,0,0.0,0,2248.2,2,0.0,0,0.0,0,0.0,0,0.0,0
2012-10-31T09:16:04.000,2248,3574,2248,3,0.0,0,0.0,0,0.0,0,0.0,0,2248.2,48,0.0,0,0.0,0,0.0,0,0.0,0
2012-10-31T09:16:04.500,2247.8,3579,2247.6,22,0.0,0,0.0,0,0.0,0,0.0,0,2248,8,0.0,0,0.0,0,0.0,0,0.0,0
2012-10-31T09:16:05.000,2248,3586,2247.6,21,0.0,0,0.0,0,0.0,0,0.0,0,2248,9,0.0,0,0.0,0,0.0,0,0.0,0
2012-10-31T09:16:05.500,2248,3596,2247.6,20,0.0,0,0.0,0,0.0,0,0.0,0,2248,16,0.0,0,0.0,0,0.0,0,0.0,0
2012-10-31T09:16:06.000,2248,3605,2247.6,19,0.0,0,0.0,0,0.0,0,0.0,0,2247.8,2,0.0,0,0.0,0,0.0,0,0.0,0
2012-10-31T09:16:06.500,2247.8,3611,2247.6,19,0.0,0,0.0,0,0.0,0,0.0,0,2248,10,0.0,0,0.0,0,0.0,0,0.0,0
2012-10-31T09:16:07.000,2248,3622,2247.8,2,0.0,0,0.0,0,0.0,0,0.0,0,2248,3,0.0,0,0.0,0,0.0,0,0.0,0
2012-10-31T09:16:07.500,2248,3629,2247.8,1,0.0,0,0.0,0,0.0,0,0.0,0,2248.2,50,0.0,0,0.0,0,0.0,0,0.0,0
2012-10-31T09:16:08.000,2247.6,3632,2247.6,18,0.0,0,0.0,0,0.0,0,0.0,0,2248,1,0.0,0,0.0,0,0.0,0,0.0,0
2012-10-31T09:16:08.500,2248.2,3639,2248,3,0.0,0,0.0,0,0.0,0,0.0,0,2248.2,48,0.0,0,0.0,0,0.0,0,0.0,0
2012-10-31T09:16:09.000,2248,3643,2247.8,1,0.0,0,0.0,0,0.0,0,0.0,0,2248.2,48,0.0,0,0.0,0,0.0,0,0.0,0
2012-10-31T09:16:09.500,2248,3645,2247.8,1,0.0,0,0.0,0,0.0,0,0.0,0,2248,2,0.0,0,0.0,0,0.0,0,0.0,0
2012-10-31T09:16:10.000,2248,3649,2247.8,3,0.0,0,0.0,0,0.0,0,0.0,0,2248,11,0.0,0,0.0,0,0.0,0,0.0,0
2012-10-31T09:16:10.500,2248,3659,2247.8,3,0.0,0,0.0,0,0.0,0,0.0,0,2248,2,0.0,0,0.0,0,0.0,0,0.0,0
2012-10-31T09:16:11.000,2248,3660,2247.8,3,0.0,0,0.0,0,0.0,0,0.0,0,2248,6,0.0,0,0.0,0,0.0,0,0.0,0
2012-10-31T09:16:11.500,2247.8,3668,2247.8,1,0.0,0,0.0,0,0.0,0,0.0,0,2248,4,0.0,0,0.0,0,0.0,0,0.0,0
2012-10-31T09:16:12.000,2247.8,3672,2247.8,7,0.0,0,0.0,0,0.0,0,0.0,0,2248,4,0.0,0,0.0,0,0.0,0,0.0,0
2012-10-31T09:16:12.500,2248,3696,2248,7,0.0,0,0.0,0,0.0,0,0.0,0,2248.2,5,0.0,0,0.0,0,0.0,0,0.0,0
2012-10-31T09:16:13.000,2248,3709,2247.6,23,0.0,0,0.0,0,0.0,0,0.0,0,2248,3,0.0,0,0.0,0,0.0,0,0.0,0
2012-10-31T09:16:13.500,2248,3713,2247.8,2,0.0,0,0.0,0,0.0,0,0.0,0,2248.2,7,0.0,0,0.0,0,0.0,0,0.0,0
2012-10-31T09:16:14.000,2247.8,3716,2247.6,26,0.0,0,0.0,0,0.0,0,0.0,0,2248,10,0.0,0,0.0,0,0.0,0,0.0,0
2012-10-31T09:16:14.500,2247.6,3725,2247.6,24,0.0,0,0.0,0,0.0,0,0.0,0,2248,6,0.0,0,0.0,0,0.0,0,0.0,0
2012-10-31T09:16:15.000,2247.6,3726,2247.6,23,0.0,0,0.0,0,0.0,0,0.0,0,2248,6,0.0,0,0.0,0,0.0,0,0.0,0
2012-10-31T09:16:15.500,2247.6,3751,2247.4,44,0.0,0,0.0,0,0.0,0,0.0,0,2247.6,17,0.0,0,0.0,0,0.0,0,0.0,0
2012-10-31T09:16:16.000,2247.6,3752,2247.4,44,0.0,0,0.0,0,0.0,0,0.0,0,2247.6,24,0.0,0,0.0,0,0.0,0,0.0,0
2012-10-31T09:16:16.500,2247.6,3757,2247.4,42,0.0,0,0.0,0,0.0,0,0.0,0,2247.6,22,0.0,0,0.0,0,0.0,0,0.0,0
2012-10-31T09:16:17.250,2247.4,3777,2247.4,36,0.0,0,0.0,0,0.0,0,0.0,0,2247.6,9,0.0,0,0.0,0,0.0,0,0.0,0
2012-10-31T09:16:18.000,2247.6,3794,2247.6,22,0.0,0,0.0,0,0.0,0,0.0,0,2247.8,6,0.0,0,0.0,0,0.0,0,0.0,0
2012-10-31T09:16:18.500,2248,3807,2247.6,19,0.0,0,0.0,0,0.0,0,0.0,0,2248,16,0.0,0,0.0,0,0.0,0,0.0,0
2012-10-31T09:16:19.000,2248,3809,2247.8,6,0.0,0,0.0,0,0.0,0,0.0,0,2248,16,0.0,0,0.0,0,0.0,0,0.0,0
2012-10-31T09:16:19.500,2247.8,3812,2247.8,7,0.0,0,0.0,0,0.0,0,0.0,0,2248,15,0.0,0,0.0,0,0.0,0,0.0,0
2012-10-31T09:16:20.000,2247.6,3823,2247.6,25,0.0,0,0.0,0,0.0,0,0.0,0,2248,14,0.0,0,0.0,0,0.0,0,0.0,0
2012-10-31T09:16:20.500,2247.6,3825,2247.8,1,0.0,0,0.0,0,0.0,0,0.0,0,2248,12,0.0,0,0.0,0,0.0,0,0.0,0
2012-10-31T09:16:21.000,2247.8,3831,2247.6,25,0.0,0,0.0,0,0.0,0,0.0,0,2247.8,1,0.0,0,0.0,0,0.0,0,0.0,0
2012-10-31T09:16:21.500,2247.6,3832,2247.6,24,0.0,0,0.0,0,0.0,0,0.0,0,2247.8,1,0.0,0,0.0,0,0.0,0,0.0,0
2012-10-31T09:16:22.000,2247.8,3834,2247.6,25,0.0,0,0.0,0,0.0,0,0.0,0,2248,12,0.0,0,0.0,0,0.0,0,0.0,0
2012-10-31T09:16:22.500,2247.8,3837,2247.6,27,0.0,0,0.0,0,0.0,0,0.0,0,2247.8,3,0.0,0,0.0,0,0.0,0,0.0,0
2012-10-31T09:16:23.000,2247.8,3838,2247.6,27,0.0,0,0.0,0,0.0,0,0.0,0,2247.8,2,0.0,0,0.0,0,0.0,0,0.0,0
2012-10-31T09:16:23.500,2247.6,3847,2247.6,28,0.0,0,0.0,0,0.0,0,0.0,0,2247.8,2,0.0,0,0.0,0,0.0,0,0.0,0
2012-10-31T09:16:24.250,2247.8,3849,2247.6,28,0.0,0,0.0,0,0.0,0,0.0,0,2248,23,0.0,0,0.0,0,0.0,0,0.0,0
2012-10-31T09:16:25.000,2247.6,3858,2247.6,28,0.0,0,0.0,0,0.0,0,0.0,0,2248,23,0.0,0,0.0,0,0.0,0,0.0,0
2012-10-31T09:16:25.500,2247.8,3860,2247.6,30,0.0,0,0.0,0,0.0,0,0.0,0,2248,23,0.0,0,0.0,0,0.0,0,0.0,0
2012-10-31T09:16:26.000,2248,3870,2247.6,31,0.0,0,0.0,0,0.0,0,0.0,0,2248,14,0.0,0,0.0,0,0.0,0,0.0,0
2012-10-31T09:16:26.500,2248,3883,2247.8,2,0.0,0,0.0,0,0.0,0,0.0,0,2248,4,0.0,0,0.0,0,0.0,0,0.0,0
2012-10-31T09:16:27.000,2247.8,3891,2247.8,23,0.0,0,0.0,0,0.0,0,0.0,0,2248.2,36,0.0,0,0.0,0,0.0,0,0.0,0
2012-10-31T09:16:27.500,2248,3892,2248,6,0.0,0,0.0,0,0.0,0,0.0,0,2248.2,36,0.0,0,0.0,0,0.0,0,0.0,0
2012-10-31T09:16:28.000,2248,3900,2248,1,0.0,0,0.0,0,0.0,0,0.0,0,2248.2,32,0.0,0,0.0,0,0.0,0,0.0,0
2012-10-31T09:16:28.500,2248,3903,2247.8,25,0.0,0,0.0,0,0.0,0,0.0,0,2248,12,0.0,0,0.0,0,0.0,0,0.0,0
2012-10-31T09:16:29.000,2248,3912,2247.8,26,0.0,0,0.0,0,0.0,0,0.0,0,2248,8,0.0,0,0.0,0,0.0,0,0.0,0
2012-10-31T09:16:29.500,2248.2,3925,2247.8,26,0.0,0,0.0,0,0.0,0,0.0,0,2248.2,28,0.0,0,0.0,0,0.0,0,0.0,0
2012-10-31T09:16:30.000,2248,3927,2247.8,25,0.0,0,0.0,0,0.0,0,0.0,0,2248,1,0.0,0,0.0,0,0.0,0,0.0,0
2012-10-31T09:16:30.500,2247.8,3954,2247.6,36,0.0,0,0.0,0,0.0,0,0.0,0,2247.8,1,0.0,0,0.0,0,0.0,0,0.0,0
2012-10-31T09:16:31.000,2247.8,3962,2247.8,7,0.0,0,0.0,0,0.0,0,0.0,0,2248,4,0.0,0,0.0,0,0.0,0,0.0,0
2012-10-31T09:16:31.500,2248,3963,2247.8,7,0.0,0,0.0,0,0.0,0,0.0,0,2248,9,0.0,0,0.0,0,0.0,0,0.0,0
2012-10-31T09:16:32.000,2247.8,3971,2247.8,6,0.0,0,0.0,0,0.0,0,0.0,0,2248,11,0.0,0,0.0,0,0.0,0,0.0,0
2012-10-31T09:16:32.500,2248,3975,2247.8,5,0.0,0,0.0,0,0.0,0,0.0,0,2248,13,0.0,0,0.0,0,0.0,0,0.0,0
2012-10-31T09:16:33.000,2248,3978,2247.8,4,0.0,0,0.0,0,0.0,0,0.0,0,2248,11,0.0,0,0.0,0,0.0,0,0.0,0
2012-10-31T09:16:33.500,2247.8,3979,2247.8,3,0.0,0,0.0,0,0.0,0,0.0,0,2248,11,0.0,0,0.0,0,0.0,0,0.0,0
2012-10-31T09:16:34.000,2248,3992,2248,10,0.0,0,0.0,0,0.0,0,0.0,0,2248.2,37,0.0,0,0.0,0,0.0,0,0.0,0
2012-10-31T09:16:34.500,2248,3995,2248,8,0.0,0,0.0,0,0.0,0,0.0,0,2248.2,37,0.0,0,0.0,0,0.0,0,0.0,0
2012-10-31T09:16:35.000,2248,3996,2248,13,0.0,0,0.0,0,0.0,0,0.0,0,2248.2,38,0.0,0,0.0,0,0.0,0,0.0,0
2012-10-31T09:16:35.500,2248,4007,2248,6,0.0,0,0.0,0,0.0,0,0.0,0,2248.2,38,0.0,0,0.0,0,0.0,0,0.0,0
2012-10-31T09:16:36.000,2248,4009,2248,5,0.0,0,0.0,0,0.0,0,0.0,0,2248.2,38,0.0,0,0.0,0,0.0,0,0.0,0
2012-10-31T09:16:36.500,2248,4021,2248,2,0.0,0,0.0,0,0.0,0,0.0,0,2248.2,40,0.0,0,0.0,0,0.0,0,0.0,0
2012-10-31T09:16:37.000,2248.2,4025,2247.8,16,0.0,0,0.0,0,0.0,0,0.0,0,2248.2,39,0.0,0,0.0,0,0.0,0,0.0,0
2012-10-31T09:16:37.500,2248.2,4069,2248.2,6,0.0,0,0.0,0,0.0,0,0.0,0,2248.4,71,0.0,0,0.0,0,0.0,0,0.0,0
2012-10-31T09:16:38.000,2248,4076,2247.8,16,0.0,0,0.0,0,0.0,0,0.0,0,2248.2,14,0.0,0,0.0,0,0.0,0,0.0,0
2012-10-31T09:16:38.500,2248.2,4081,2248,3,0.0,0,0.0,0,0.0,0,0.0,0,2248.2,15,0.0,0,0.0,0,0.0,0,0.0,0
2012-10-31T09:16:39.000,2248.2,4085,2248,8,0.0,0,0.0,0,0.0,0,0.0,0,2248.2,12,0.0,0,0.0,0,0.0,0,0.0,0
2012-10-31T09:16:39.500,2248.2,4090,2248,14,0.0,0,0.0,0,0.0,0,0.0,0,2248.2,28,0.0,0,0.0,0,0.0,0,0.0,0
2012-10-31T09:16:40.000,2248.2,4105,2248,6,0.0,0,0.0,0,0.0,0,0.0,0,2248.2,36,0.0,0,0.0,0,0.0,0,0.0,0
2012-10-31T09:16:40.500,2248.2,4110,2248,6,0.0,0,0.0,0,0.0,0,0.0,0,2248.2,33,0.0,0,0.0,0,0.0,0,0.0,0
2012-10-31T09:16:41.000,2248,4117,2247.8,15,0.0,0,0.0,0,0.0,0,0.0,0,2248,14,0.0,0,0.0,0,0.0,0,0.0,0
2012-10-31T09:16:41.500,2247.8,4122,2247.8,12,0.0,0,0.0,0,0.0,0,0.0,0,2248,14,0.0,0,0.0,0,0.0,0,0.0,0
2012-10-31T09:16:42.000,2248,4129,2247.8,22,0.0,0,0.0,0,0.0,0,0.0,0,2248,7,0.0,0,0.0,0,0.0,0,0.0,0
2012-10-31T09:16:42.500,2247.8,4150,2247.8,21,0.0,0,0.0,0,0.0,0,0.0,0,2248,2,0.0,0,0.0,0,0.0,0,0.0,0
2012-10-31T09:16:43.000,2247.8,4157,2247.8,20,0.0,0,0.0,0,0.0,0,0.0,0,2248,1,0.0,0,0.0,0,0.0,0,0.0,0
2012-10-31T09:16:43.500,2248,4170,2248,6,0.0,0,0.0,0,0.0,0,0.0,0,2248.2,28,0.0,0,0.0,0,0.0,0,0.0,0
2012-10-31T09:16:44.000,2248.2,4192,2248,8,0.0,0,0.0,0,0.0,0,0.0,0,2248.2,9,0.0,0,0.0,0,0.0,0,0.0,0
2012-10-31T09:16:44.500,2248,4195,2248,5,0.0,0,0.0,0,0.0,0,0.0,0,2248.2,3,0.0,0,0.0,0,0.0,0,0.0,0
2012-10-31T09:16:45.000,2248.2,4199,2248.2,20,0.0,0,0.0,0,0.0,0,0.0,0,2248.4,86,0.0,0,0.0,0,0.0,0,0.0,0
2012-10-31T09:16:45.500,2248.2,4206,2248.2,15,0.0,0,0.0,0,0.0,0,0.0,0,2248.4,87,0.0,0,0.0,0,0.0,0,0.0,0
2012-10-31T09:16:46.000,2248.2,4208,2248.2,14,0.0,0,0.0,0,0.0,0,0.0,0,2248.4,86,0.0,0,0.0,0,0.0,0,0.0,0
2012-10-31T09:16:46.500,2248.4,4218,2248.2,10,0.0,0,0.0,0,0.0,0,0.0,0,2248.4,87,0.0,0,0.0,0,0.0,0,0.0,0
2012-10-31T09:16:47.000,2248.2,4223,2248.2,5,0.0,0,0.0,0,0.0,0,0.0,0,2248.4,88,0.0,0,0.0,0,0.0,0,0.0,0
2012-10-31T09:16:47.500,2248.4,4224,2248.2,6,0.0,0,0.0,0,0.0,0,0.0,0,2248.4,90,0.0,0,0.0,0,0.0,0,0.0,0
2012-10-31T09:16:48.250,2248,4236,2248,27,0.0,0,0.0,0,0.0,0,0.0,0,2248.2,12,0.0,0,0.0,0,0.0,0,0.0,0
2012-10-31T09:16:49.000,2248,4240,2248,25,0.0,0,0.0,0,0.0,0,0.0,0,2248.2,30,0.0,0,0.0,0,0.0,0,0.0,0
2012-10-31T09:16:49.500,2248.2,4243,2248,24,0.0,0,0.0,0,0.0,0,0.0,0,2248.2,28,0.0,0,0.0,0,0.0,0,0.0,0
2012-10-31T09:16:50.000,2248.2,4247,2248,24,0.0,0,0.0,0,0.0,0,0.0,0,2248.2,24,0.0,0,0.0,0,0.0,0,0.0,0
2012-10-31T09:16:50.500,2248,4250,2248,23,0.0,0,0.0,0,0.0,0,0.0,0,2248.2,34,0.0,0,0.0,0,0.0,0,0.0,0
2012-10-31T09:16:51.000,2248.2,4254,2248,24,0.0,0,0.0,0,0.0,0,0.0,0,2248.2,30,0.0,0,0.0,0,0.0,0,0.0,0
2012-10-31T09:16:51.500,2248.2,4261,2248,19,0.0,0,0.0,0,0.0,0,0.0,0,2248.2,33,0.0,0,0.0,0,0.0,0,0.0,0
2012-10-31T09:16:52.000,2248,4266,2248,16,0.0,0,0.0,0,0.0,0,0.0,0,2248.2,32,0.0,0,0.0,0,0.0,0,0.0,0
2012-10-31T09:16:52.500,2248.2,4269,2248,16,0.0,0,0.0,0,0.0,0,0.0,0,2248.2,29,0.0,0,0.0,0,0.0,0,0.0,0
2012-10-31T09:16:53.000,2248,4274,2248,18,0.0,0,0.0,0,0.0,0,0.0,0,2248.2,26,0.0,0,0.0,0,0.0,0,0.0,0
2012-10-31T09:16:53.500,2248.2,4286,2248,18,0.0,0,0.0,0,0.0,0,0.0,0,2248.2,15,0.0,0,0.0,0,0.0,0,0.0,0
2012-10-31T09:16:54.000,2248.2,4307,2248,5,0.0,0,0.0,0,0.0,0,0.0,0,2248.2,10,0.0,0,0.0,0,0.0,0,0.0,0
2012-10-31T09:16:54.500,2248.2,4309,2248,6,0.0,0,0.0,0,0.0,0,0.0,0,2248.2,8,0.0,0,0.0,0,0.0,0,0.0,0
2012-10-31T09:16:55.000,2248.2,4315,2248,6,0.0,0,0.0,0,0.0,0,0.0,0,2248.2,5,0.0,0,0.0,0,0.0,0,0.0,0
2012-10-31T09:16:55.500,2248,4318,2248,5,0.0,0,0.0,0,0.0,0,0.0,0,2248.2,5,0.0,0,0.0,0,0.0,0,0.0,0
2012-10-31T09:16:56.000,2248,4320,2248,14,0.0,0,0.0,0,0.0,0,0.0,0,2248.2,4,0.0,0,0.0,0,0.0,0,0.0,0
2012-10-31T09:16:56.500,2248.2,4324,2248,24,0.0,0,0.0,0,0.0,0,0.0,0,2248.4,90,0.0,0,0.0,0,0.0,0,0.0,0
2012-10-31T09:16:57.000,2248,4348,2248.2,1,0.0,0,0.0,0,0.0,0,0.0,0,2248.4,90,0.0,0,0.0,0,0.0,0,0.0,0
2012-10-31T09:16:57.500,2248.2,4352,2248.2,1,0.0,0,0.0,0,0.0,0,0.0,0,2248.4,86,0.0,0,0.0,0,0.0,0,0.0,0
2012-10-31T09:16:58.000,2248.4,4367,2247.8,54,0.0,0,0.0,0,0.0,0,0.0,0,2248.4,78,0.0,0,0.0,0,0.0,0,0.0,0
2012-10-31T09:16:58.500,2248.4,4368,2248,8,0.0,0,0.0,0,0.0,0,0.0,0,2248.2,11,0.0,0,0.0,0,0.0,0,0.0,0
2012-10-31T09:16:59.000,2248.2,4369,2248,9,0.0,0,0.0,0,0.0,0,0.0,0,2248.2,11,0.0,0,0.0,0,0.0,0,0.0,0
2012-10-31T09:16:59.500,2248.2,4371,2248,14,0.0,0,0.0,0,0.0,0,0.0,0,2248.2,9,0.0,0,0.0,0,0.0,0,0.0,0
2012-10-31T09:17:00.000,2247.8,4409,2247.8,32,0.0,0,0.0,0,0.0,0,0.0,0,2248.2,9,0.0,0,0.0,0,0.0,0,0.0,0
2012-10-31T09:17:00.500,2248.2,4417,2248,1,0.0,0,0.0,0,0.0,0,0.0,0,2248.2,3,0.0,0,0.0,0,0.0,0,0.0,0
2012-10-31T09:17:01.000,2248.2,4422,2248,9,0.0,0,0.0,0,0.0,0,0.0,0,2248.2,1,0.0,0,0.0,0,0.0,0,0.0,0
2012-10-31T09:17:01.500,2248.4,4428,2248.2,5,0.0,0,0.0,0,0.0,0,0.0,0,2248.4,80,0.0,0,0.0,0,0.0,0,0.0,0
2012-10-31T09:17:02.000,2248.4,4447,2248.2,3,0.0,0,0.0,0,0.0,0,0.0,0,2248.4,64,0.0,0,0.0,0,0.0,0,0.0,0
2012-10-31T09:17:02.500,2248.4,4461,2248,9,0.0,0,0.0,0,0.0,0,0.0,0,2248.4,53,0.0,0,0.0,0,0.0,0,0.0,0
2012-10-31T09:17:03.000,2248.4,4464,2248.2,8,0.0,0,0.0,0,0.0,0,0.0,0,2248.4,57,0.0,0,0.0,0,0.0,0,0.0,0
2012-10-31T09:17:03.500,2248.4,4475,2248.2,9,0.0,0,0.0,0,0.0,0,0.0,0,2248.4,46,0.0,0,0.0,0,0.0,0,0.0,0
2012-10-31T09:17:04.000,2248.4,4541,2247.8,39,0.0,0,0.0,0,0.0,0,0.0,0,2248.4,20,0.0,0,0.0,0,0.0,0,0.0,0
2012-10-31T09:17:04.500,2248.4,4563,2248.4,3,0.0,0,0.0,0,0.0,0,0.0,0,2248.6,23,0.0,0,0.0,0,0.0,0,0.0,0
2012-10-31T09:17:05.000,2248.6,4591,2247.8,25,0.0,0,0.0,0,0.0,0,0.0,0,2248.6,20,0.0,0,0.0,0,0.0,0,0.0,0
2012-10-31T09:17:05.500,2248.4,4603,2248,16,0.0,0,0.0,0,0.0,0,0.0,0,2248.4,42,0.0,0,0.0,0,0.0,0,0.0,0
2012-10-31T09:17:06.000,2248.2,4614,2248.2,6,0.0,0,0.0,0,0.0,0,0.0,0,2248.4,31,0.0,0,0.0,0,0.0,0,0.0,0
2012-10-31T09:17:06.500,2248.2,4633,2248,14,0.0,0,0.0,0,0.0,0,0.0,0,2248.2,2,0.0,0,0.0,0,0.0,0,0.0,0
2012-10-31T09:17:07.000,2248.2,4635,2248,16,0.0,0,0.0,0,0.0,0,0.0,0,2248.2,11,0.0,0,0.0,0,0.0,0,0.0,0
2012-10-31T09:17:07.500,2248,4636,2248,22,0.0,0,0.0,0,0.0,0,0.0,0,2248.2,14,0.0,0,0.0,0,0.0,0,0.0,0
2012-10-31T09:17:08.000,2248,4668,2247.8,38,0.0,0,0.0,0,0.0,0,0.0,0,2248,3,0.0,0,0.0,0,0.0,0,0.0,0
2012-10-31T09:17:08.500,2248,4687,2247.8,19,0.0,0,0.0,0,0.0,0,0.0,0,2248,3,0.0,0,0.0,0,0.0,0,0.0,0
2012-10-31T09:17:09.000,2248.2,4700,2248,3,0.0,0,0.0,0,0.0,0,0.0,0,2248.2,8,0.0,0,0.0,0,0.0,0,0.0,0
2012-10-31T09:17:09.500,2248.2,4703,2248,3,0.0,0,0.0,0,0.0,0,0.0,0,2248.2,17,0.0,0,0.0,0,0.0,0,0.0,0
2012-10-31T09:17:10.000,2248.2,4706,2248,33,0.0,0,0.0,0,0.0,0,0.0,0,2248.2,22,0.0,0,0.0,0,0.0,0,0.0,0
2012-10-31T09:17:10.500,2248.2,4710,2248,33,0.0,0,0.0,0,0.0,0,0.0,0,2248.2,23,0.0,0,0.0,0,0.0,0,0.0,0
2012-10-31T09:17:11.000,2248.2,4720,2248,27,0.0,0,0.0,0,0.0,0,0.0,0,2248.2,19,0.0,0,0.0,0,0.0,0,0.0,0
2012-10-31T09:17:11.500,2248.2,4727,2248,25,0.0,0,0.0,0,0.0,0,0.0,0,2248.2,2,0.0,0,0.0,0,0.0,0,0.0,0
2012-10-31T09:17:12.000,2248.2,4730,2248,26,0.0,0,0.0,0,0.0,0,0.0,0,2248.2,4,0.0,0,0.0,0,0.0,0,0.0,0
2012-10-31T09:17:12.500,2248.4,4735,2248.2,1,0.0,0,0.0,0,0.0,0,0.0,0,2248.4,31,0.0,0,0.0,0,0.0,0,0.0,0
2012-10-31T09:17:13.000,2248.2,4736,2248,30,0.0,0,0.0,0,0.0,0,0.0,0,2248.4,31,0.0,0,0.0,0,0.0,0,0.0,0
2012-10-31T09:17:13.500,2248.2,4737,2248,32,0.0,0,0.0,0,0.0,0,0.0,0,2248.4,32,0.0,0,0.0,0,0.0,0,0.0,0
2012-10-31T09:17:14.000,2248,4748,2248,27,0.0,0,0.0,0,0.0,0,0.0,0,2248.4,26,0.0,0,0.0,0,0.0,0,0.0,0
2012-10-31T09:17:14.500,2248,4756,2248,19,0.0,0,0.0,0,0.0,0,0.0,0,2248.2,10,0.0,0,0.0,0,0.0,0,0.0,0
2012-10-31T09:17:15.000,2248.2,4764,2248,19,0.0,0,0.0,0,0.0,0,0.0,0,2248.2,2,0.0,0,0.0,0,0.0,0,0.0,0
2012-10-31T09:17:15.500,2248.2,4769,2248,19,0.0,0,0.0,0,0.0,0,0.0,0,2248.2,16,0.0,0,0.0,0,0.0,0,0.0,0
2012-10-31T09:17:16.000,2248,4773,2248,17,0.0,0,0.0,0,0.0,0,0.0,0,2248.2,15,0.0,0,0.0,0,0.0,0,0.0,0
2012-10-31T09:17:16.500,2248,4777,2248,17,0.0,0,0.0,0,0.0,0,0.0,0,2248.2,3,0.0,0,0.0,0,0.0,0,0.0,0
2012-10-31T09:17:17.000,2248.2,4779,2248,17,0.0,0,0.0,0,0.0,0,0.0,0,2248.2,1,0.0,0,0.0,0,0.0,0,0.0,0
2012-10-31T09:17:17.500,2248.4,4785,2248,18,0.0,0,0.0,0,0.0,0,0.0,0,2248.4,34,0.0,0,0.0,0,0.0,0,0.0,0
2012-10-31T09:17:18.250,2248.2,4788,2248,17,0.0,0,0.0,0,0.0,0,0.0,0,2248.2,4,0.0,0,0.0,0,0.0,0,0.0,0
2012-10-31T09:17:20.000,2248.2,4789,2248,19,0.0,0,0.0,0,0.0,0,0.0,0,2248.2,4,0.0,0,0.0,0,0.0,0,0.0,0
2012-10-31T09:17:20.500,2248,4802,2248,9,0.0,0,0.0,0,0.0,0,0.0,0,2248.2,2,0.0,0,0.0,0,0.0,0,0.0,0
2012-10-31T09:17:21.000,2248.2,4810,2248.2,7,0.0,0,0.0,0,0.0,0,0.0,0,2248.4,39,0.0,0,0.0,0,0.0,0,0.0,0
2012-10-31T09:17:21.500,2248.2,4813,2248.2,8,0.0,0,0.0,0,0.0,0,0.0,0,2248.4,39,0.0,0,0.0,0,0.0,0,0.0,0
2012-10-31T09:17:22.000,2248.4,4822,2248.2,16,0.0,0,0.0,0,0.0,0,0.0,0,2248.4,33,0.0,0,0.0,0,0.0,0,0.0,0
2012-10-31T09:17:22.500,2248.2,4823,2248.2,15,0.0,0,0.0,0,0.0,0,0.0,0,2248.4,33,0.0,0,0.0,0,0.0,0,0.0,0
2012-10-31T09:17:23.000,2248.2,4837,2248.2,2,0.0,0,0.0,0,0.0,0,0.0,0,2248.4,32,0.0,0,0.0,0,0.0,0,0.0,0
2012-10-31T09:17:23.500,2248.2,4838,2248.2,1,0.0,0,0.0,0,0.0,0,0.0,0,2248.4,32,0.0,0,0.0,0,0.0,0,0.0,0
2012-10-31T09:17:24.250,2248.2,4840,2248.2,1,0.0,0,0.0,0,0.0,0,0.0,0,2248.4,33,0.0,0,0.0,0,0.0,0,0.0,0
2012-10-31T09:17:25.000,2248.4,4872,2248.2,2,0.0,0,0.0,0,0.0,0,0.0,0,2248.4,4,0.0,0,0.0,0,0.0,0,0.0,0
2012-10-31T09:17:25.500,2248.4,4877,2248.4,10,0.0,0,0.0,0,0.0,0,0.0,0,2248.6,60,0.0,0,0.0,0,0.0,0,0.0,0
2012-10-31T09:17:26.250,2248.4,4880,2248.4,16,0.0,0,0.0,0,0.0,0,0.0,0,2248.6,59,0.0,0,0.0,0,0.0,0,0.0,0
2012-10-31T09:17:27.000,2248.6,4881,2248.4,17,0.0,0,0.0,0,0.0,0,0.0,0,2248.6,58,0.0,0,0.0,0,0.0,0,0.0,0
2012-10-31T09:17:27.500,2248.4,4885,2248.4,13,0.0,0,0.0,0,0.0,0,0.0,0,2248.6,58,0.0,0,0.0,0,0.0,0,0.0,0
2012-10-31T09:17:29.000,2248.6,4895,2248.4,24,0.0,0,0.0,0,0.0,0,0.0,0,2248.6,49,0.0,0,0.0,0,0.0,0,0.0,0
2012-10-31T09:17:29.500,2248.6,4898,2248.4,22,0.0,0,0.0,0,0.0,0,0.0,0,2248.6,48,0.0,0,0.0,0,0.0,0,0.0,0
2012-10-31T09:17:30.000,2248.6,4911,2248.4,21,0.0,0,0.0,0,0.0,0,0.0,0,2248.6,36,0.0,0,0.0,0,0.0,0,0.0,0
2012-10-31T09:17:30.500,2248.4,4914,2248.4,19,0.0,0,0.0,0,0.0,0,0.0,0,2248.6,35,0.0,0,0.0,0,0.0,0,0.0,0
2012-10-31T09:17:31.000,2248.6,4924,2248.4,14,0.0,0,0.0,0,0.0,0,0.0,0,2248.6,32,0.0,0,0.0,0,0.0,0,0.0,0
2012-10-31T09:17:31.500,2248.6,4925,2248.4,14,0.0,0,0.0,0,0.0,0,0.0,0,2248.6,31,0.0,0,0.0,0,0.0,0,0.0,0
2012-10-31T09:17:32.000,2248.6,4931,2248.4,11,0.0,0,0.0,0,0.0,0,0.0,0,2248.6,28,0.0,0,0.0,0,0.0,0,0.0,0
2012-10-31T09:17:32.500,2248.4,4939,2248.4,5,0.0,0,0.0,0,0.0,0,0.0,0,2248.6,26,0.0,0,0.0,0,0.0,0,0.0,0
2012-10-31T09:17:33.000,2248.4,4969,2248.2,17,0.0,0,0.0,0,0.0,0,0.0,0,2248.4,1,0.0,0,0.0,0,0.0,0,0.0,0
2012-10-31T09:17:33.500,2248.6,4972,2248.4,11,0.0,0,0.0,0,0.0,0,0.0,0,2248.6,13,0.0,0,0.0,0,0.0,0,0.0,0
2012-10-31T09:17:34.000,2248.6,4977,2248.4,9,0.0,0,0.0,0,0.0,0,0.0,0,2248.6,11,0.0,0,0.0,0,0.0,0,0.0,0
2012-10-31T09:17:34.500,2248.4,4988,2248.4,1,0.0,0,0.0,0,0.0,0,0.0,0,2248.6,18,0.0,0,0.0,0,0.0,0,0.0,0
2012-10-31T09:17:35.250,2248.4,4995,2248.2,11,0.0,0,0.0,0,0.0,0,0.0,0,2248.6,14,0.0,0,0.0,0,0.0,0,0.0,0
2012-10-31T09:17:36.000,2248.4,4997,2248.4,1,0.0,0,0.0,0,0.0,0,0.0,0,2248.6,35,0.0,0,0.0,0,0.0,0,0.0,0
2012-10-31T09:17:36.500,2248.6,4999,2248.4,2,0.0,0,0.0,0,0.0,0,0.0,0,2248.6,34,0.0,0,0.0,0,0.0,0,0.0,0
2012-10-31T09:17:37.000,2248.6,5000,2248.4,2,0.0,0,0.0,0,0.0,0,0.0,0,2248.6,33,0.0,0,0.0,0,0.0,0,0.0,0
2012-10-31T09:17:37.500,2248.4,5001,2248.4,1,0.0,0,0.0,0,0.0,0,0.0,0,2248.6,34,0.0,0,0.0,0,0.0,0,0.0,0
2012-10-31T09:17:38.000,2248.6,5003,2248.2,13,0.0,0,0.0,0,0.0,0,0.0,0,2248.4,1,0.0,0,0.0,0,0.0,0,0.0,0
2012-10-31T09:17:38.500,2248.4,5006,2248.4,3,0.0,0,0.0,0,0.0,0,0.0,0,2248.6,39,0.0,0,0.0,0,0.0,0,0.0,0
2012-10-31T09:17:39.000,2248.2,5010,2248.2,12,0.0,0,0.0,0,0.0,0,0.0,0,2248.6,39,0.0,0,0.0,0,0.0,0,0.0,0
2012-10-31T09:17:39.500,2248.2,5012,2248.2,11,0.0,0,0.0,0,0.0,0,0.0,0,2248.6,39,0.0,0,0.0,0,0.0,0,0.0,0
2012-10-31T09:17:40.000,2248.6,5016,2248.2,8,0.0,0,0.0,0,0.0,0,0.0,0,2248.6,38,0.0,0,0.0,0,0.0,0,0.0,0
2012-10-31T09:17:40.500,2248.6,5020,2248.2,7,0.0,0,0.0,0,0.0,0,0.0,0,2248.6,37,0.0,0,0.0,0,0.0,0,0.0,0
2012-10-31T09:17:41.000,2248.6,5021,2248.2,7,0.0,0,0.0,0,0.0,0,0.0,0,2248.4,5,0.0,0,0.0,0,0.0,0,0.0,0
2012-10-31T09:17:41.500,2248.4,5038,2248.2,7,0.0,0,0.0,0,0.0,0,0.0,0,2248.4,2,0.0,0,0.0,0,0.0,0,0.0,0
2012-10-31T09:17:42.000,2248.4,5055,2248.4,3,0.0,0,0.0,0,0.0,0,0.0,0,2248.6,51,0.0,0,0.0,0,0.0,0,0.0,0
2012-10-31T09:17:42.500,2248.4,5058,2248.2,7,0.0,0,0.0,0,0.0,0,0.0,0,2248.6,51,0.0,0,0.0,0,0.0,0,0.0,0
2012-10-31T09:17:43.250,2248.4,5059,2248.2,7,0.0,0,0.0,0,0.0,0,0.0,0,2248.4,4,0.0,0,0.0,0,0.0,0,0.0,0
2012-10-31T09:17:44.250,2248.4,5060,2248.2,7,0.0,0,0.0,0,0.0,0,0.0,0,2248.4,17,0.0,0,0.0,0,0.0,0,0.0,0
2012-10-31T09:17:45.250,2248.4,5066,2248.2,7,0.0,0,0.0,0,0.0,0,0.0,0,2248.4,20,0.0,0,0.0,0,0.0,0,0.0,0
2012-10-31T09:17:46.000,2248.4,5075,2248,83,0.0,0,0.0,0,0.0,0,0.0,0,2248.2,1,0.0,0,0.0,0,0.0,0,0.0,0
2012-10-31T09:17:46.500,2248.2,5079,2248,83,0.0,0,0.0,0,0.0,0,0.0,0,2248.2,2,0.0,0,0.0,0,0.0,0,0.0,0
2012-10-31T09:17:47.250,2248.2,5100,2248,63,0.0,0,0.0,0,0.0,0,0.0,0,2248.2,4,0.0,0,0.0,0,0.0,0,0.0,0
2012-10-31T09:17:48.000,2248.2,5104,2248,62,0.0,0,0.0,0,0.0,0,0.0,0,2248.2,3,0.0,0,0.0,0,0.0,0,0.0,0
2012-10-31T09:17:48.500,2248.2,5106,2248,61,0.0,0,0.0,0,0.0,0,0.0,0,2248.2,4,0.0,0,0.0,0,0.0,0,0.0,0
2012-10-31T09:17:49.250,2248,5110,2248,60,0.0,0,0.0,0,0.0,0,0.0,0,2248.2,3,0.0,0,0.0,0,0.0,0,0.0,0
2012-10-31T09:17:50.000,2248,5111,2248,63,0.0,0,0.0,0,0.0,0,0.0,0,2248.2,7,0.0,0,0.0,0,0.0,0,0.0,0
2012-10-31T09:17:50.500,2248.2,5112,2248,65,0.0,0,0.0,0,0.0,0,0.0,0,2248.2,12,0.0,0,0.0,0,0.0,0,0.0,0
2012-10-31T09:17:51.000,2248.2,5114,2248,64,0.0,0,0.0,0,0.0,0,0.0,0,2248.2,12,0.0,0,0.0,0,0.0,0,0.0,0
2012-10-31T09:17:51.500,2248,5117,2248,61,0.0,0,0.0,0,0.0,0,0.0,0,2248.2,12,0.0,0,0.0,0,0.0,0,0.0,0
2012-10-31T09:17:52.000,2248,5121,2248,58,0.0,0,0.0,0,0.0,0,0.0,0,2248.2,14,0.0,0,0.0,0,0.0,0,0.0,0
2012-10-31T09:17:52.500,2248,5127,2248,52,0.0,0,0.0,0,0.0,0,0.0,0,2248.2,14,0.0,0,0.0,0,0.0,0,0.0,0
2012-10-31T09:17:53.000,2248,5134,2248,49,0.0,0,0.0,0,0.0,0,0.0,0,2248.2,18,0.0,0,0.0,0,0.0,0,0.0,0
2012-10-31T09:17:53.500,2248,5145,2248,49,0.0,0,0.0,0,0.0,0,0.0,0,2248.2,17,0.0,0,0.0,0,0.0,0,0.0,0
2012-10-31T09:17:54.000,2248.2,5174,2248.2,85,0.0,0,0.0,0,0.0,0,0.0,0,2248.4,9,0.0,0,0.0,0,0.0,0,0.0,0
2012-10-31T09:17:54.500,2248.4,5198,2248.4,23,0.0,0,0.0,0,0.0,0,0.0,0,2248.6,32,0.0,0,0.0,0,0.0,0,0.0,0
2012-10-31T09:17:55.000,2248.6,5210,2248.4,8,0.0,0,0.0,0,0.0,0,0.0,0,2248.6,22,0.0,0,0.0,0,0.0,0,0.0,0
2012-10-31T09:17:55.500,2248.4,5217,2248.4,16,0.0,0,0.0,0,0.0,0,0.0,0,2248.6,21,0.0,0,0.0,0,0.0,0,0.0,0
2012-10-31T09:17:56.000,2248.4,5218,2248.4,18,0.0,0,0.0,0,0.0,0,0.0,0,2248.6,21,0.0,0,0.0,0,0.0,0,0.0,0
2012-10-31T09:17:56.500,2248.4,5222,2248.4,14,0.0,0,0.0,0,0.0,0,0.0,0,2248.6,21,0.0,0,0.0,0,0.0,0,0.0,0
2012-10-31T09:17:57.000,2248.6,5245,2248.6,1,0.0,0,0.0,0,0.0,0,0.0,0,2248.8,98,0.0,0,0.0,0,0.0,0,0.0,0
2012-10-31T09:17:57.500,2248.6,5246,2248.6,1,0.0,0,0.0,0,0.0,0,0.0,0,2248.8,98,0.0,0,0.0,0,0.0,0,0.0,0
2012-10-31T09:17:58.000,2248.6,5248,2248.6,8,0.0,0,0.0,0,0.0,0,0.0,0,2248.8,98,0.0,0,0.0,0,0.0,0,0.0,0
2012-10-31T09:17:58.500,2248.6,5249,2248.6,8,0.0,0,0.0,0,0.0,0,0.0,0,2248.8,98,0.0,0,0.0,0,0.0,0,0.0,0
2012-10-31T09:17:59.000,2248.8,5253,2248.6,10,0.0,0,0.0,0,0.0,0,0.0,0,2248.8,94,0.0,0,0.0,0,0.0,0,0.0,0
2012-10-31T09:17:59.500,2248.6,5256,2248.6,14,0.0,0,0.0,0,0.0,0,0.0,0,2248.8,94,0.0,0,0.0,0,0.0,0,0.0,0
2012-10-31T09:18:00.000,2248.8,5262,2248.6,11,0.0,0,0.0,0,0.0,0,0.0,0,2248.8,92,0.0,0,0.0,0,0.0,0,0.0,0
2012-10-31T09:18:00.500,2248.8,5269,2248.6,9,0.0,0,0.0,0,0.0,0,0.0,0,2248.8,91,0.0,0,0.0,0,0.0,0,0.0,0
2012-10-31T09:18:01.000,2248.8,5283,2248.6,7,0.0,0,0.0,0,0.0,0,0.0,0,2248.8,80,0.0,0,0.0,0,0.0,0,0.0,0
2012-10-31T09:18:01.500,2248.6,5289,2248.6,3,0.0,0,0.0,0,0.0,0,0.0,0,2248.8,79,0.0,0,0.0,0,0.0,0,0.0,0
2012-10-31T09:18:02.000,2248.8,5348,2248.6,3,0.0,0,0.0,0,0.0,0,0.0,0,2248.8,46,0.0,0,0.0,0,0.0,0,0.0,0
2012-10-31T09:18:02.500,2248.6,5353,2248.6,2,0.0,0,0.0,0,0.0,0,0.0,0,2248.8,45,0.0,0,0.0,0,0.0,0,0.0,0
2012-10-31T09:18:03.000,2248.6,5375,2248.6,8,0.0,0,0.0,0,0.0,0,0.0,0,2248.8,27,0.0,0,0.0,0,0.0,0,0.0,0
2012-10-31T09:18:03.500,2248.6,5381,2248.6,6,0.0,0,0.0,0,0.0,0,0.0,0,2248.8,25,0.0,0,0.0,0,0.0,0,0.0,0
2012-10-31T09:18:04.250,2248.8,5394,2248.6,13,0.0,0,0.0,0,0.0,0,0.0,0,2248.8,13,0.0,0,0.0,0,0.0,0,0.0,0
2012-10-31T09:18:05.000,2248.6,5395,2248.6,13,0.0,0,0.0,0,0.0,0,0.0,0,2248.8,17,0.0,0,0.0,0,0.0,0,0.0,0
2012-10-31T09:18:05.500,2248.6,5399,2248.6,11,0.0,0,0.0,0,0.0,0,0.0,0,2248.8,14,0.0,0,0.0,0,0.0,0,0.0,0
2012-10-31T09:18:06.000,2248.6,5401,2248.6,9,0.0,0,0.0,0,0.0,0,0.0,0,2248.8,14,0.0,0,0.0,0,0.0,0,0.0,0
2012-10-31T09:18:06.500,2248.8,5402,2248.6,9,0.0,0,0.0,0,0.0,0,0.0,0,2248.8,14,0.0,0,0.0,0,0.0,0,0.0,0
2012-10-31T09:18:07.250,2248.8,5405,2248.6,3,0.0,0,0.0,0,0.0,0,0.0,0,2248.8,25,0.0,0,0.0,0,0.0,0,0.0,0
2012-10-31T09:18:08.250,2248.6,5406,2248.6,4,0.0,0,0.0,0,0.0,0,0.0,0,2248.8,27,0.0,0,0.0,0,0.0,0,0.0,0
2012-10-31T09:18:09.000,2248.6,5408,2248.6,2,0.0,0,0.0,0,0.0,0,0.0,0,2248.8,27,0.0,0,0.0,0,0.0,0,0.0,0
2012-10-31T09:18:09.500,2248.8,5413,2248.6,1,0.0,0,0.0,0,0.0,0,0.0,0,2248.8,24,0.0,0,0.0,0,0.0,0,0.0,0
2012-10-31T09:18:10.250,2248.4,5416,2248.4,6,0.0,0,0.0,0,0.0,0,0.0,0,2248.6,2,0.0,0,0.0,0,0.0,0,0.0,0
2012-10-31T09:18:11.000,2248.4,5419,2248.4,4,0.0,0,0.0,0,0.0,0,0.0,0,2248.8,24,0.0,0,0.0,0,0.0,0,0.0,0
2012-10-31T09:18:11.500,2248.4,5421,2248.4,3,0.0,0,0.0,0,0.0,0,0.0,0,2248.8,25,0.0,0,0.0,0,0.0,0,0.0,0
2012-10-31T09:18:12.000,2248.4,5422,2248.4,2,0.0,0,0.0,0,0.0,0,0.0,0,2248.6,15,0.0,0,0.0,0,0.0,0,0.0,0
2012-10-31T09:18:12.500,2248.4,5423,2248.4,1,0.0,0,0.0,0,0.0,0,0.0,0,2248.6,15,0.0,0,0.0,0,0.0,0,0.0,0
2012-10-31T09:18:13.000,2248.6,5432,2248.2,158,0.0,0,0.0,0,0.0,0,0.0,0,2248.6,24,0.0,0,0.0,0,0.0,0,0.0,0
2012-10-31T09:18:13.500,2248.2,5433,2248.2,157,0.0,0,0.0,0,0.0,0,0.0,0,2248.4,2,0.0,0,0.0,0,0.0,0,0.0,0
2012-10-31T09:18:14.000,2248.4,5436,2248.4,20,0.0,0,0.0,0,0.0,0,0.0,0,2248.6,14,0.0,0,0.0,0,0.0,0,0.0,0
2012-10-31T09:18:14.500,2248.4,5437,2248.4,35,0.0,0,0.0,0,0.0,0,0.0,0,2248.6,14,0.0,0,0.0,0,0.0,0,0.0,0
2012-10-31T09:18:15.000,2248.6,5440,2248.4,39,0.0,0,0.0,0,0.0,0,0.0,0,2248.6,17,0.0,0,0.0,0,0.0,0,0.0,0
2012-10-31T09:18:15.500,2248.4,5446,2248.4,33,0.0,0,0.0,0,0.0,0,0.0,0,2248.6,17,0.0,0,0.0,0,0.0,0,0.0,0
2012-10-31T09:18:16.250,2248.4,5461,2248.4,33,0.0,0,0.0,0,0.0,0,0.0,0,2248.6,6,0.0,0,0.0,0,0.0,0,0.0,0
2012-10-31T09:18:17.000,2248.6,5466,2248.4,26,0.0,0,0.0,0,0.0,0,0.0,0,2248.6,5,0.0,0,0.0,0,0.0,0,0.0,0
2012-10-31T09:18:17.500,2248.4,5469,2248.4,23,0.0,0,0.0,0,0.0,0,0.0,0,2248.6,9,0.0,0,0.0,0,0.0,0,0.0,0
2012-10-31T09:18:19.250,2248.4,5475,2248.4,17,0.0,0,0.0,0,0.0,0,0.0,0,2248.6,23,0.0,0,0.0,0,0.0,0,0.0,0
2012-10-31T09:18:20.250,2248.4,5477,2248.4,5,0.0,0,0.0,0,0.0,0,0.0,0,2248.6,30,0.0,0,0.0,0,0.0,0,0.0,0
2012-10-31T09:18:21.250,2248.6,5485,2248.2,162,0.0,0,0.0,0,0.0,0,0.0,0,2248.6,34,0.0,0,0.0,0,0.0,0,0.0,0
2012-10-31T09:18:22.000,2248.6,5486,2248.2,162,0.0,0,0.0,0,0.0,0,0.0,0,2248.4,4,0.0,0,0.0,0,0.0,0,0.0,0
2012-10-31T09:18:22.500,2248.2,5487,2248.2,161,0.0,0,0.0,0,0.0,0,0.0,0,2248.4,5,0.0,0,0.0,0,0.0,0,0.0,0
2012-10-31T09:18:23.250,2248.4,5490,2248.2,162,0.0,0,0.0,0,0.0,0,0.0,0,2248.4,3,0.0,0,0.0,0,0.0,0,0.0,0
2012-10-31T09:18:24.000,2248.6,5502,2248.2,162,0.0,0,0.0,0,0.0,0,0.0,0,2248.6,40,0.0,0,0.0,0,0.0,0,0.0,0
2012-10-31T09:18:24.500,2248.6,5506,2248.2,159,0.0,0,0.0,0,0.0,0,0.0,0,2248.6,39,0.0,0,0.0,0,0.0,0,0.0,0
2012-10-31T09:18:25.250,2248.6,5539,2248.2,157,0.0,0,0.0,0,0.0,0,0.0,0,2248.6,11,0.0,0,0.0,0,0.0,0,0.0,0
2012-10-31T09:18:26.000,2248.2,5550,2248.2,153,0.0,0,0.0,0,0.0,0,0.0,0,2248.6,12,0.0,0,0.0,0,0.0,0,0.0,0
2012-10-31T09:18:26.500,2248.6,5564,2248.6,2,0.0,0,0.0,0,0.0,0,0.0,0,2248.8,42,0.0,0,0.0,0,0.0,0,0.0,0
2012-10-31T09:18:27.250,2248.4,5569,2248.4,7,0.0,0,0.0,0,0.0,0,0.0,0,2248.6,2,0.0,0,0.0,0,0.0,0,0.0,0
2012-10-31T09:18:28.000,2248.4,5571,2248.4,21,0.0,0,0.0,0,0.0,0,0.0,0,2248.6,2,0.0,0,0.0,0,0.0,0,0.0,0
2012-10-31T09:18:28.500,2248.6,5574,2248.6,7,0.0,0,0.0,0,0.0,0,0.0,0,2248.8,44,0.0,0,0.0,0,0.0,0,0.0,0
2012-10-31T09:18:29.000,2248.6,5576,2248.6,8,0.0,0,0.0,0,0.0,0,0.0,0,2248.8,44,0.0,0,0.0,0,0.0,0,0.0,0
2012-10-31T09:18:29.500,2248.6,5583,2248.6,1,0.0,0,0.0,0,0.0,0,0.0,0,2248.8,44,0.0,0,0.0,0,0.0,0,0.0,0
2012-10-31T09:18:30.000,2248.8,5594,2248.6,10,0.0,0,0.0,0,0.0,0,0.0,0,2248.8,35,0.0,0,0.0,0,0.0,0,0.0,0
2012-10-31T09:18:30.500,2248.8,5598,2248.6,9,0.0,0,0.0,0,0.0,0,0.0,0,2248.8,34,0.0,0,0.0,0,0.0,0,0.0,0
2012-10-31T09:18:31.250,2248.6,5613,2248.6,4,0.0,0,0.0,0,0.0,0,0.0,0,2248.8,24,0.0,0,0.0,0,0.0,0,0.0,0
2012-10-31T09:18:32.000,2248.8,5617,2248.6,4,0.0,0,0.0,0,0.0,0,0.0,0,2248.8,20,0.0,0,0.0,0,0.0,0,0.0,0
2012-10-31T09:18:32.500,2248.8,5629,2248.6,8,0.0,0,0.0,0,0.0,0,0.0,0,2248.8,9,0.0,0,0.0,0,0.0,0,0.0,0
2012-10-31T09:18:33.000,2249,5640,2248.8,9,0.0,0,0.0,0,0.0,0,0.0,0,2249,32,0.0,0,0.0,0,0.0,0,0.0,0
2012-10-31T09:18:33.500,2249,5646,2248.8,10,0.0,0,0.0,0,0.0,0,0.0,0,2249,27,0.0,0,0.0,0,0.0,0,0.0,0
2012-10-31T09:18:34.000,2249,5657,2248.8,3,0.0,0,0.0,0,0.0,0,0.0,0,2249,18,0.0,0,0.0,0,0.0,0,0.0,0
2012-10-31T09:18:34.500,2248.8,5659,2248.8,3,0.0,0,0.0,0,0.0,0,0.0,0,2249,19,0.0,0,0.0,0,0.0,0,0.0,0
2012-10-31T09:18:35.000,2249,5673,2248.8,3,0.0,0,0.0,0,0.0,0,0.0,0,2249,5,0.0,0,0.0,0,0.0,0,0.0,0
2012-10-31T09:18:35.500,2249,5679,2249,2,0.0,0,0.0,0,0.0,0,0.0,0,2249.2,51,0.0,0,0.0,0,0.0,0,0.0,0
2012-10-31T09:18:36.000,2248.8,5682,2249,1,0.0,0,0.0,0,0.0,0,0.0,0,2249.2,51,0.0,0,0.0,0,0.0,0,0.0,0
2012-10-31T09:18:36.500,2249,5684,2249,3,0.0,0,0.0,0,0.0,0,0.0,0,2249.2,51,0.0,0,0.0,0,0.0,0,0.0,0
2012-10-31T09:18:37.000,2249.2,5686,2249,4,0.0,0,0.0,0,0.0,0,0.0,0,2249.2,50,0.0,0,0.0,0,0.0,0,0.0,0
2012-10-31T09:18:37.500,2249.2,5725,2249,3,0.0,0,0.0,0,0.0,0,0.0,0,2249.2,12,0.0,0,0.0,0,0.0,0,0.0,0
2012-10-31T09:18:38.000,2249.2,5737,2248.8,2,0.0,0,0.0,0,0.0,0,0.0,0,2249.2,7,0.0,0,0.0,0,0.0,0,0.0,0
2012-10-31T09:18:38.500,2249.2,5745,2249.2,7,0.0,0,0.0,0,0.0,0,0.0,0,2249.4,40,0.0,0,0.0,0,0.0,0,0.0,0
2012-10-31T09:18:39.000,2249.2,5759,2249,1,0.0,0,0.0,0,0.0,0,0.0,0,2249.2,14,0.0,0,0.0,0,0.0,0,0.0,0
2012-10-31T09:18:39.500,2249.2,5760,2249,1,0.0,0,0.0,0,0.0,0,0.0,0,2249.2,23,0.0,0,0.0,0,0.0,0,0.0,0
2012-10-31T09:18:40.000,2249,5767,2248.8,4,0.0,0,0.0,0,0.0,0,0.0,0,2249,2,0.0,0,0.0,0,0.0,0,0.0,0
2012-10-31T09:18:40.500,2248.8,5774,2248.8,1,0.0,0,0.0,0,0.0,0,0.0,0,2249,6,0.0,0,0.0,0,0.0,0,0.0,0
2012-10-31T09:18:41.000,2249,5787,2248.8,2,0.0,0,0.0,0,0.0,0,0.0,0,2249,12,0.0,0,0.0,0,0.0,0,0.0,0
2012-10-31T09:18:41.500,2249,5791,2248.8,7,0.0,0,0.0,0,0.0,0,0.0,0,2249,8,0.0,0,0.0,0,0.0,0,0.0,0
2012-10-31T09:18:42.250,2249,5807,2248.8,3,0.0,0,0.0,0,0.0,0,0.0,0,2249,1,0.0,0,0.0,0,0.0,0,0.0,0
2012-10-31T09:18:43.000,2249,5814,2249,1,0.0,0,0.0,0,0.0,0,0.0,0,2249.2,43,0.0,0,0.0,0,0.0,0,0.0,0
2012-10-31T09:18:43.500,2249,5815,2248.8,7,0.0,0,0.0,0,0.0,0,0.0,0,2249,2,0.0,0,0.0,0,0.0,0,0.0,0
2012-10-31T09:18:44.250,2249,5822,2248.8,7,0.0,0,0.0,0,0.0,0,0.0,0,2249,26,0.0,0,0.0,0,0.0,0,0.0,0
2012-10-31T09:18:45.000,2249,5824,2248.8,7,0.0,0,0.0,0,0.0,0,0.0,0,2249,25,0.0,0,0.0,0,0.0,0,0.0,0
2012-10-31T09:18:45.500,2249,5828,2248.8,8,0.0,0,0.0,0,0.0,0,0.0,0,2249,23,0.0,0,0.0,0,0.0,0,0.0,0
2012-10-31T09:18:46.000,2249,5851,2249,68,0.0,0,0.0,0,0.0,0,0.0,0,2249.2,36,0.0,0,0.0,0,0.0,0,0.0,0
2012-10-31T09:18:46.500,2249,5861,2249,100,0.0,0,0.0,0,0.0,0,0.0,0,2249.2,28,0.0,0,0.0,0,0.0,0,0.0,0
2012-10-31T09:18:47.000,2249,5885,2249,97,0.0,0,0.0,0,0.0,0,0.0,0,2249.4,48,0.0,0,0.0,0,0.0,0,0.0,0
2012-10-31T09:18:47.500,2249.2,5892,2249.2,2,0.0,0,0.0,0,0.0,0,0.0,0,2249.4,47,0.0,0,0.0,0,0.0,0,0.0,0
2012-10-31T09:18:48.000,2249.4,5895,2249.2,4,0.0,0,0.0,0,0.0,0,0.0,0,2249.4,44,0.0,0,0.0,0,0.0,0,0.0,0
2012-10-31T09:18:48.500,2249.4,5899,2249,114,0.0,0,0.0,0,0.0,0,0.0,0,2249.4,42,0.0,0,0.0,0,0.0,0,0.0,0
2012-10-31T09:18:49.000,2249.4,5907,2249,109,0.0,0,0.0,0,0.0,0,0.0,0,2249.4,41,0.0,0,0.0,0,0.0,0,0.0,0
2012-10-31T09:18:49.500,2249.4,5923,2249,109,0.0,0,0.0,0,0.0,0,0.0,0,2249.4,28,0.0,0,0.0,0,0.0,0,0.0,0
2012-10-31T09:18:50.000,2249.4,5926,2249.2,1,0.0,0,0.0,0,0.0,0,0.0,0,2249.4,26,0.0,0,0.0,0,0.0,0,0.0,0
2012-10-31T09:18:50.500,2249,5932,2249.2,1,0.0,0,0.0,0,0.0,0,0.0,0,2249.4,22,0.0,0,0.0,0,0.0,0,0.0,0
2012-10-31T09:18:51.000,2249.2,5938,2249.2,18,0.0,0,0.0,0,0.0,0,0.0,0,2249.4,19,0.0,0,0.0,0,0.0,0,0.0,0
2012-10-31T09:18:51.500,2249.4,5944,2249.2,18,0.0,0,0.0,0,0.0,0,0.0,0,2249.4,13,0.0,0,0.0,0,0.0,0,0.0,0
2012-10-31T09:18:52.000,2249.4,5951,2249.2,14,0.0,0,0.0,0,0.0,0,0.0,0,2249.4,7,0.0,0,0.0,0,0.0,0,0.0,0
2012-10-31T09:18:52.500,2249.4,5957,2249.2,14,0.0,0,0.0,0,0.0,0,0.0,0,2249.4,3,0.0,0,0.0,0,0.0,0,0.0,0
2012-10-31T09:18:53.000,2249.4,5958,2249.2,15,0.0,0,0.0,0,0.0,0,0.0,0,2249.4,3,0.0,0,0.0,0,0.0,0,0.0,0
2012-10-31T09:18:53.500,2249.4,5962,2249.2,15,0.0,0,0.0,0,0.0,0,0.0,0,2249.4,6,0.0,0,0.0,0,0.0,0,0.0,0
2012-10-31T09:18:54.000,2249.2,5965,2249.2,15,0.0,0,0.0,0,0.0,0,0.0,0,2249.4,4,0.0,0,0.0,0,0.0,0,0.0,0
2012-10-31T09:18:54.500,2249.4,5968,2249.2,24,0.0,0,0.0,0,0.0,0,0.0,0,2249.4,5,0.0,0,0.0,0,0.0,0,0.0,0
2012-10-31T09:18:55.000,2249.2,5969,2249.2,23,0.0,0,0.0,0,0.0,0,0.0,0,2249.4,9,0.0,0,0.0,0,0.0,0,0.0,0
2012-10-31T09:18:55.500,2249.2,5972,2249.2,21,0.0,0,0.0,0,0.0,0,0.0,0,2249.4,9,0.0,0,0.0,0,0.0,0,0.0,0
2012-10-31T09:18:56.000,2249.4,5973,2249.2,21,0.0,0,0.0,0,0.0,0,0.0,0,2249.4,8,0.0,0,0.0,0,0.0,0,0.0,0
2012-10-31T09:18:56.500,2249.4,5977,2249.2,22,0.0,0,0.0,0,0.0,0,0.0,0,2249.4,4,0.0,0,0.0,0,0.0,0,0.0,0
2012-10-31T09:18:57.000,2249.4,5982,2249.2,20,0.0,0,0.0,0,0.0,0,0.0,0,2249.4,5,0.0,0,0.0,0,0.0,0,0.0,0
2012-10-31T09:18:57.500,2249.4,5988,2249.4,25,0.0,0,0.0,0,0.0,0,0.0,0,2249.6,70,0.0,0,0.0,0,0.0,0,0.0,0
2012-10-31T09:18:58.250,2249.4,5993,2249.4,37,0.0,0,0.0,0,0.0,0,0.0,0,2249.6,72,0.0,0,0.0,0,0.0,0,0.0,0
2012-10-31T09:18:59.000,2249.6,5999,2249.4,33,0.0,0,0.0,0,0.0,0,0.0,0,2249.6,67,0.0,0,0.0,0,0.0,0,0.0,0
2012-10-31T09:18:59.500,2249.6,6018,2249.4,15,0.0,0,0.0,0,0.0,0,0.0,0,2249.6,82,0.0,0,0.0,0,0.0,0,0.0,0
2012-10-31T09:19:00.000,2249.4,6056,2249.4,14,0.0,0,0.0,0,0.0,0,0.0,0,2249.6,48,0.0,0,0.0,0,0.0,0,0.0,0
2012-10-31T09:19:00.500,2249.6,6096,2249.4,4,0.0,0,0.0,0,0.0,0,0.0,0,2249.6,19,0.0,0,0.0,0,0.0,0,0.0,0
2012-10-31T09:19:01.000,2249.6,6117,2249.6,14,0.0,0,0.0,0,0.0,0,0.0,0,2249.8,122,0.0,0,0.0,0,0.0,0,0.0,0
2012-10-31T09:19:01.500,2249.6,6120,2249.6,14,0.0,0,0.0,0,0.0,0,0.0,0,2249.8,121,0.0,0,0.0,0,0.0,0,0.0,0
2012-10-31T09:19:02.000,2249.8,6137,2249.6,4,0.0,0,0.0,0,0.0,0,0.0,0,2249.8,117,0.0,0,0.0,0,0.0,0,0.0,0
2012-10-31T09:19:02.500,2249.8,6168,2249.4,9,0.0,0,0.0,0,0.0,0,0.0,0,2249.8,100,0.0,0,0.0,0,0.0,0,0.0,0
2012-10-31T09:19:03.000,2249.6,6172,2249.4,8,0.0,0,0.0,0,0.0,0,0.0,0,2249.6,7,0.0,0,0.0,0,0.0,0,0.0,0
2012-10-31T09:19:03.500,2249.8,6209,2249.4,6,0.0,0,0.0,0,0.0,0,0.0,0,2249.6,20,0.0,0,0.0,0,0.0,0,0.0,0
2012-10-31T09:19:04.000,2249.6,6213,2249.4,15,0.0,0,0.0,0,0.0,0,0.0,0,2249.6,22,0.0,0,0.0,0,0.0,0,0.0,0
2012-10-31T09:19:04.500,2249.4,6224,2249.4,19,0.0,0,0.0,0,0.0,0,0.0,0,2249.6,26,0.0,0,0.0,0,0.0,0,0.0,0
2012-10-31T09:19:05.000,2249.6,6225,2249.4,19,0.0,0,0.0,0,0.0,0,0.0,0,2249.6,27,0.0,0,0.0,0,0.0,0,0.0,0
2012-10-31T09:19:05.500,2249.6,6250,2249.4,18,0.0,0,0.0,0,0.0,0,0.0,0,2249.6,8,0.0,0,0.0,0,0.0,0,0.0,0
2012-10-31T09:19:06.000,2249.6,6271,2249.6,7,0.0,0,0.0,0,0.0,0,0.0,0,2249.8,74,0.0,0,0.0,0,0.0,0,0.0,0
2012-10-31T09:19:06.500,2249.6,6274,2249.6,5,0.0,0,0.0,0,0.0,0,0.0,0,2249.8,74,0.0,0,0.0,0,0.0,0,0.0,0
2012-10-31T09:19:07.000,2249.4,6282,2249.4,18,0.0,0,0.0,0,0.0,0,0.0,0,2249.6,5,0.0,0,0.0,0,0.0,0,0.0,0
2012-10-31T09:19:07.500,2249.4,6292,2249.4,9,0.0,0,0.0,0,0.0,0,0.0,0,2249.6,7,0.0,0,0.0,0,0.0,0,0.0,0
2012-10-31T09:19:08.000,2249.6,6296,2249.4,6,0.0,0,0.0,0,0.0,0,0.0,0,2249.6,9,0.0,0,0.0,0,0.0,0,0.0,0
2012-10-31T09:19:08.500,2249.6,6312,2249.4,6,0.0,0,0.0,0,0.0,0,0.0,0,2249.8,113,0.0,0,0.0,0,0.0,0,0.0,0
2012-10-31T09:19:09.000,2249.4,6320,2249.2,33,0.0,0,0.0,0,0.0,0,0.0,0,2249.4,35,0.0,0,0.0,0,0.0,0,0.0,0
2012-10-31T09:19:09.500,2249.4,6332,2249.2,23,0.0,0,0.0,0,0.0,0,0.0,0,2249.4,36,0.0,0,0.0,0,0.0,0,0.0,0
2012-10-31T09:19:10.000,2249.2,6337,2249.2,23,0.0,0,0.0,0,0.0,0,0.0,0,2249.4,32,0.0,0,0.0,0,0.0,0,0.0,0
2012-10-31T09:19:10.500,2249.2,6341,2249.2,31,0.0,0,0.0,0,0.0,0,0.0,0,2249.4,35,0.0,0,0.0,0,0.0,0,0.0,0
2012-10-31T09:19:11.250,2249.2,6362,2249.2,10,0.0,0,0.0,0,0.0,0,0.0,0,2249.4,37,0.0,0,0.0,0,0.0,0,0.0,0
2012-10-31T09:19:12.250,2249.4,6400,2249.2,21,0.0,0,0.0,0,0.0,0,0.0,0,2249.4,10,0.0,0,0.0,0,0.0,0,0.0,0
2012-10-31T09:19:13.000,2249.4,6418,2249.2,18,0.0,0,0.0,0,0.0,0,0.0,0,2249.4,2,0.0,0,0.0,0,0.0,0,0.0,0
2012-10-31T09:19:13.500,2249.2,6436,2249,132,0.0,0,0.0,0,0.0,0,0.0,0,2249.2,23,0.0,0,0.0,0,0.0,0,0.0,0
2012-10-31T09:19:14.000,2249,6439,2249,130,0.0,0,0.0,0,0.0,0,0.0,0,2249.2,28,0.0,0,0.0,0,0.0,0,0.0,0
2012-10-31T09:19:14.500,2249.2,6444,2249,131,0.0,0,0.0,0,0.0,0,0.0,0,2249.2,25,0.0,0,0.0,0,0.0,0,0.0,0
2012-10-31T09:19:15.000,2249,6452,2249,125,0.0,0,0.0,0,0.0,0,0.0,0,2249.2,24,0.0,0,0.0,0,0.0,0,0.0,0
2012-10-31T09:19:15.500,2249,6466,2249,112,0.0,0,0.0,0,0.0,0,0.0,0,2249.2,23,0.0,0,0.0,0,0.0,0,0.0,0
2012-10-31T09:19:16.000,2249,6468,2249,110,0.0,0,0.0,0,0.0,0,0.0,0,2249.2,23,0.0,0,0.0,0,0.0,0,0.0,0
2012-10-31T09:19:16.500,2249,6488,2249,93,0.0,0,0.0,0,0.0,0,0.0,0,2249.2,20,0.0,0,0.0,0,0.0,0,0.0,0
2012-10-31T09:19:17.000,2249,6493,2249,89,0.0,0,0.0,0,0.0,0,0.0,0,2249.2,19,0.0,0,0.0,0,0.0,0,0.0,0
2012-10-31T09:19:17.500,2249,6496,2249,86,0.0,0,0.0,0,0.0,0,0.0,0,2249.2,21,0.0,0,0.0,0,0.0,0,0.0,0
2012-10-31T09:19:18.000,2249,6526,2249,57,0.0,0,0.0,0,0.0,0,0.0,0,2249.2,21,0.0,0,0.0,0,0.0,0,0.0,0
2012-10-31T09:19:18.500,2249,6535,2249,48,0.0,0,0.0,0,0.0,0,0.0,0,2249.2,21,0.0,0,0.0,0,0.0,0,0.0,0
2012-10-31T09:19:19.000,2249,6550,2249,34,0.0,0,0.0,0,0.0,0,0.0,0,2249.2,21,0.0,0,0.0,0,0.0,0,0.0,0
2012-10-31T09:19:19.500,2249,6554,2249,30,0.0,0,0.0,0,0.0,0,0.0,0,2249.2,19,0.0,0,0.0,0,0.0,0,0.0,0
2012-10-31T09:19:20.000,2249,6562,2249,22,0.0,0,0.0,0,0.0,0,0.0,0,2249.2,19,0.0,0,0.0,0,0.0,0,0.0,0
2012-10-31T09:19:20.500,2248.8,6595,2248.8,14,0.0,0,0.0,0,0.0,0,0.0,0,2249,1,0.0,0,0.0,0,0.0,0,0.0,0
2012-10-31T09:19:21.000,2248.8,6609,2248.6,5,0.0,0,0.0,0,0.0,0,0.0,0,2248.8,11,0.0,0,0.0,0,0.0,0,0.0,0
2012-10-31T09:19:21.500,2248.4,6623,2248.4,10,0.0,0,0.0,0,0.0,0,0.0,0,2248.6,38,0.0,0,0.0,0,0.0,0,0.0,0
2012-10-31T09:19:22.000,2248.2,6644,2248.2,159,0.0,0,0.0,0,0.0,0,0.0,0,2248.4,11,0.0,0,0.0,0,0.0,0,0.0,0
2012-10-31T09:19:22.500,2248.6,6661,2248.2,157,0.0,0,0.0,0,0.0,0,0.0,0,2248.6,26,0.0,0,0.0,0,0.0,0,0.0,0
2012-10-31T09:19:23.000,2248.4,6671,2248.4,18,0.0,0,0.0,0,0.0,0,0.0,0,2248.6,26,0.0,0,0.0,0,0.0,0,0.0,0
2012-10-31T09:19:23.500,2248.4,6675,2248.4,29,0.0,0,0.0,0,0.0,0,0.0,0,2248.6,27,0.0,0,0.0,0,0.0,0,0.0,0
2012-10-31T09:19:24.000,2248.4,6678,2248.4,29,0.0,0,0.0,0,0.0,0,0.0,0,2248.6,27,0.0,0,0.0,0,0.0,0,0.0,0
2012-10-31T09:19:24.500,2248.4,6689,2248.4,36,0.0,0,0.0,0,0.0,0,0.0,0,2248.6,30,0.0,0,0.0,0,0.0,0,0.0,0
2012-10-31T09:19:25.000,2248.4,6696,2248.4,24,0.0,0,0.0,0,0.0,0,0.0,0,2248.6,36,0.0,0,0.0,0,0.0,0,0.0,0
2012-10-31T09:19:25.500,2248.6,6700,2248.4,21,0.0,0,0.0,0,0.0,0,0.0,0,2248.6,40,0.0,0,0.0,0,0.0,0,0.0,0
2012-10-31T09:19:26.000,2248.4,6712,2248.4,29,0.0,0,0.0,0,0.0,0,0.0,0,2248.6,33,0.0,0,0.0,0,0.0,0,0.0,0
2012-10-31T09:19:26.500,2248.6,6749,2248.6,7,0.0,0,0.0,0,0.0,0,0.0,0,2248.8,12,0.0,0,0.0,0,0.0,0,0.0,0
2012-10-31T09:19:27.000,2248.6,6750,2248.6,12,0.0,0,0.0,0,0.0,0,0.0,0,2248.8,14,0.0,0,0.0,0,0.0,0,0.0,0
2012-10-31T09:19:27.500,2248.6,6755,2248.8,2,0.0,0,0.0,0,0.0,0,0.0,0,2249,26,0.0,0,0.0,0,0.0,0,0.0,0
2012-10-31T09:19:28.000,2248.6,6769,2248.4,29,0.0,0,0.0,0,0.0,0,0.0,0,2248.6,14,0.0,0,0.0,0,0.0,0,0.0,0
2012-10-31T09:19:28.500,2248.4,6781,2248.4,17,0.0,0,0.0,0,0.0,0,0.0,0,2248.6,15,0.0,0,0.0,0,0.0,0,0.0,0
2012-10-31T09:19:29.000,2248.4,6786,2248.4,15,0.0,0,0.0,0,0.0,0,0.0,0,2248.6,12,0.0,0,0.0,0,0.0,0,0.0,0
2012-10-31T09:19:29.500,2248.6,6796,2248.4,16,0.0,0,0.0,0,0.0,0,0.0,0,2248.6,2,0.0,0,0.0,0,0.0,0,0.0,0
2012-10-31T09:19:30.000,2248.8,6800,2248.6,3,0.0,0,0.0,0,0.0,0,0.0,0,2248.8,1,0.0,0,0.0,0,0.0,0,0.0,0
2012-10-31T09:19:30.500,2248.6,6802,2248.6,2,0.0,0,0.0,0,0.0,0,0.0,0,2248.8,1,0.0,0,0.0,0,0.0,0,0.0,0
2012-10-31T09:19:31.000,2248.6,6803,2248.6,1,0.0,0,0.0,0,0.0,0,0.0,0,2248.8,1,0.0,0,0.0,0,0.0,0,0.0,0
2012-10-31T09:19:31.500,2248.8,6804,2248.6,2,0.0,0,0.0,0,0.0,0,0.0,0,2248.8,2,0.0,0,0.0,0,0.0,0,0.0,0
2012-10-31T09:19:32.250,2248.6,6806,2248.4,21,0.0,0,0.0,0,0.0,0,0.0,0,2248.6,14,0.0,0,0.0,0,0.0,0,0.0,0
2012-10-31T09:19:33.000,2248.6,6808,2248.4,22,0.0,0,0.0,0,0.0,0,0.0,0,2248.6,13,0.0,0,0.0,0,0.0,0,0.0,0
2012-10-31T09:19:33.500,2248.6,6809,2248.4,24,0.0,0,0.0,0,0.0,0,0.0,0,2248.6,12,0.0,0,0.0,0,0.0,0,0.0,0
2012-10-31T09:19:34.000,2248.6,6811,2248.4,24,0.0,0,0.0,0,0.0,0,0.0,0,2248.6,10,0.0,0,0.0,0,0.0,0,0.0,0
2012-10-31T09:19:34.500,2248.6,6813,2248.4,25,0.0,0,0.0,0,0.0,0,0.0,0,2248.6,10,0.0,0,0.0,0,0.0,0,0.0,0
2012-10-31T09:19:35.000,2248.6,6826,2248.6,1,0.0,0,0.0,0,0.0,0,0.0,0,2248.8,4,0.0,0,0.0,0,0.0,0,0.0,0
2012-10-31T09:19:35.500,2248.6,6827,2248.4,25,0.0,0,0.0,0,0.0,0,0.0,0,2248.8,4,0.0,0,0.0,0,0.0,0,0.0,0
2012-10-31T09:19:36.000,2248.6,6832,2248.6,3,0.0,0,0.0,0,0.0,0,0.0,0,2248.8,5,0.0,0,0.0,0,0.0,0,0.0,0
2012-10-31T09:19:36.500,2248.6,6833,2248.6,3,0.0,0,0.0,0,0.0,0,0.0,0,2248.8,5,0.0,0,0.0,0,0.0,0,0.0,0
2012-10-31T09:19:37.000,2248.8,6834,2248.6,6,0.0,0,0.0,0,0.0,0,0.0,0,2248.8,4,0.0,0,0.0,0,0.0,0,0.0,0
2012-10-31T09:19:37.500,2248.6,6838,2248.6,2,0.0,0,0.0,0,0.0,0,0.0,0,2248.8,4,0.0,0,0.0,0,0.0,0,0.0,0
2012-10-31T09:19:38.250,2248.6,6839,2248.6,3,0.0,0,0.0,0,0.0,0,0.0,0,2248.8,6,0.0,0,0.0,0,0.0,0,0.0,0
2012-10-31T09:19:39.000,2248.8,6840,2248.6,4,0.0,0,0.0,0,0.0,0,0.0,0,2248.8,6,0.0,0,0.0,0,0.0,0,0.0,0
2012-10-31T09:19:39.500,2248.8,6847,2248.8,25,0.0,0,0.0,0,0.0,0,0.0,0,2249,38,0.0,0,0.0,0,0.0,0,0.0,0
2012-10-31T09:19:40.000,2248.8,6849,2248.8,25,0.0,0,0.0,0,0.0,0,0.0,0,2249,38,0.0,0,0.0,0,0.0,0,0.0,0
2012-10-31T09:19:40.500,2249,6851,2248.8,25,0.0,0,0.0,0,0.0,0,0.0,0,2249,37,0.0,0,0.0,0,0.0,0,0.0,0
2012-10-31T09:19:41.000,2248.8,6859,2248.8,29,0.0,0,0.0,0,0.0,0,0.0,0,2249,39,0.0,0,0.0,0,0.0,0,0.0,0
2012-10-31T09:19:41.500,2249,6860,2248.8,29,0.0,0,0.0,0,0.0,0,0.0,0,2249,35,0.0,0,0.0,0,0.0,0,0.0,0
2012-10-31T09:19:42.250,2249,6861,2248.8,29,0.0,0,0.0,0,0.0,0,0.0,0,2249,34,0.0,0,0.0,0,0.0,0,0.0,0
2012-10-31T09:19:43.000,2248.8,6862,2248.8,32,0.0,0,0.0,0,0.0,0,0.0,0,2249,34,0.0,0,0.0,0,0.0,0,0.0,0
2012-10-31T09:19:43.500,2249,6872,2248.8,32,0.0,0,0.0,0,0.0,0,0.0,0,2249,24,0.0,0,0.0,0,0.0,0,0.0,0
2012-10-31T09:19:44.000,2248.8,6874,2248.8,30,0.0,0,0.0,0,0.0,0,0.0,0,2249,24,0.0,0,0.0,0,0.0,0,0.0,0
2012-10-31T09:19:44.500,2249,6897,2248.8,29,0.0,0,0.0,0,0.0,0,0.0,0,2249,2,0.0,0,0.0,0,0.0,0,0.0,0
2012-10-31T09:19:45.250,2249,6901,2248.8,19,0.0,0,0.0,0,0.0,0,0.0,0,2249,2,0.0,0,0.0,0,0.0,0,0.0,0
2012-10-31T09:19:46.250,2249,6904,2248.8,21,0.0,0,0.0,0,0.0,0,0.0,0,2249,10,0.0,0,0.0,0,0.0,0,0.0,0
2012-10-31T09:19:47.000,2248.8,6905,2248.8,29,0.0,0,0.0,0,0.0,0,0.0,0,2249,10,0.0,0,0.0,0,0.0,0,0.0,0
2012-10-31T09:19:47.500,2249,6906,2248.8,29,0.0,0,0.0,0,0.0,0,0.0,0,2249,10,0.0,0,0.0,0,0.0,0,0.0,0
2012-10-31T09:19:49.000,2248.8,6909,2248.8,28,0.0,0,0.0,0,0.0,0,0.0,0,2249,13,0.0,0,0.0,0,0.0,0,0.0,0
2012-10-31T09:19:49.500,2249,6914,2248.8,24,0.0,0,0.0,0,0.0,0,0.0,0,2249,7,0.0,0,0.0,0,0.0,0,0.0,0
2012-10-31T09:19:50.000,2249,6927,2248.8,12,0.0,0,0.0,0,0.0,0,0.0,0,2249,6,0.0,0,0.0,0,0.0,0,0.0,0
2012-10-31T09:19:50.500,2248.8,6934,2248.8,5,0.0,0,0.0,0,0.0,0,0.0,0,2249,6,0.0,0,0.0,0,0.0,0,0.0,0
2012-10-31T09:19:51.000,2248.8,6935,2248.8,4,0.0,0,0.0,0,0.0,0,0.0,0,2249,6,0.0,0,0.0,0,0.0,0,0.0,0
2012-10-31T09:19:51.500,2249,6940,2248.8,4,0.0,0,0.0,0,0.0,0,0.0,0,2249,2,0.0,0,0.0,0,0.0,0,0.0,0
2012-10-31T09:19:52.250,2248.8,6945,2248.6,23,0.0,0,0.0,0,0.0,0,0.0,0,2249,1,0.0,0,0.0,0,0.0,0,0.0,0
2012-10-31T09:19:53.250,2248.8,6946,2248.8,7,0.0,0,0.0,0,0.0,0,0.0,0,2249,15,0.0,0,0.0,0,0.0,0,0.0,0
2012-10-31T09:19:54.000,2249,6947,2248.8,7,0.0,0,0.0,0,0.0,0,0.0,0,2249,17,0.0,0,0.0,0,0.0,0,0.0,0
2012-10-31T09:19:54.500,2248.8,6948,2248.8,6,0.0,0,0.0,0,0.0,0,0.0,0,2249,17,0.0,0,0.0,0,0.0,0,0.0,0
2012-10-31T09:19:55.250,2248.8,6950,2248.8,6,0.0,0,0.0,0,0.0,0,0.0,0,2249,16,0.0,0,0.0,0,0.0,0,0.0,0
2012-10-31T09:19:56.250,2248.8,6956,2248.6,25,0.0,0,0.0,0,0.0,0,0.0,0,2248.8,6,0.0,0,0.0,0,0.0,0,0.0,0
2012-10-31T09:19:57.000,2248.8,6960,2248.6,26,0.0,0,0.0,0,0.0,0,0.0,0,2248.8,6,0.0,0,0.0,0,0.0,0,0.0,0
2012-10-31T09:19:57.500,2248.6,6961,2248.6,26,0.0,0,0.0,0,0.0,0,0.0,0,2248.8,11,0.0,0,0.0,0,0.0,0,0.0,0
2012-10-31T09:19:58.250,2248.6,6963,2248.6,25,0.0,0,0.0,0,0.0,0,0.0,0,2248.8,10,0.0,0,0.0,0,0.0,0,0.0,0
2012-10-31T09:19:59.000,2248.6,6977,2248.6,13,0.0,0,0.0,0,0.0,0,0.0,0,2248.8,9,0.0,0,0.0,0,0.0,0,0.0,0
2012-10-31T09:19:59.500,2248.8,6987,2248.6,13,0.0,0,0.0,0,0.0,0,0.0,0,2249,25,0.0,0,0.0,0,0.0,0,0.0,0
2012-10-31T09:20:00.000,2248.6,6988,2248.6,23,0.0,0,0.0,0,0.0,0,0.0,0,2249,25,0.0,0,0.0,0,0.0,0,0.0,0
2012-10-31T09:20:00.500,2248.6,7006,2248.6,17,0.0,0,0.0,0,0.0,0,0.0,0,2248.8,10,0.0,0,0.0,0,0.0,0,0.0,0
2012-10-31T09:20:01.000,2249,7021,2248.6,15,0.0,0,0.0,0,0.0,0,0.0,0,2249,18,0.0,0,0.0,0,0.0,0,0.0,0
2012-10-31T09:20:01.500,2249,7047,2248.8,1,0.0,0,0.0,0,0.0,0,0.0,0,2249,5,0.0,0,0.0,0,0.0,0,0.0,0
2012-10-31T09:20:02.000,2248.8,7050,2248.8,1,0.0,0,0.0,0,0.0,0,0.0,0,2249,5,0.0,0,0.0,0,0.0,0,0.0,0
2012-10-31T09:20:02.500,2249.2,7075,2248.8,3,0.0,0,0.0,0,0.0,0,0.0,0,2249.2,16,0.0,0,0.0,0,0.0,0,0.0,0
2012-10-31T09:20:03.000,2249.2,7088,2248.6,1,0.0,0,0.0,0,0.0,0,0.0,0,2248.8,13,0.0,0,0.0,0,0.0,0,0.0,0
2012-10-31T09:20:03.500,2248.8,7106,2248.8,33,0.0,0,0.0,0,0.0,0,0.0,0,2249.2,6,0.0,0,0.0,0,0.0,0,0.0,0
2012-10-31T09:20:04.000,2249.2,7132,2249.2,10,0.0,0,0.0,0,0.0,0,0.0,0,2249.4,15,0.0,0,0.0,0,0.0,0,0.0,0
2012-10-31T09:20:04.500,2249.2,7142,2248.8,35,0.0,0,0.0,0,0.0,0,0.0,0,2249,1,0.0,0,0.0,0,0.0,0,0.0,0
2012-10-31T09:20:05.000,2249,7146,2248.8,35,0.0,0,0.0,0,0.0,0,0.0,0,2249,1,0.0,0,0.0,0,0.0,0,0.0,0
2012-10-31T09:20:05.500,2249,7150,2249,5,0.0,0,0.0,0,0.0,0,0.0,0,2249.4,16,0.0,0,0.0,0,0.0,0,0.0,0
2012-10-31T09:20:06.000,2249.4,7156,2249,5,0.0,0,0.0,0,0.0,0,0.0,0,2249.4,13,0.0,0,0.0,0,0.0,0,0.0,0
2012-10-31T09:20:06.500,2249.4,7175,2249.4,10,0.0,0,0.0,0,0.0,0,0.0,0,2249.6,55,0.0,0,0.0,0,0.0,0,0.0,0
2012-10-31T09:20:07.000,2249.4,7177,2249.4,9,0.0,0,0.0,0,0.0,0,0.0,0,2249.6,63,0.0,0,0.0,0,0.0,0,0.0,0
2012-10-31T09:20:07.500,2249.4,7186,2249.4,2,0.0,0,0.0,0,0.0,0,0.0,0,2249.6,62,0.0,0,0.0,0,0.0,0,0.0,0
2012-10-31T09:20:08.000,2249.4,7187,2249.4,1,0.0,0,0.0,0,0.0,0,0.0,0,2249.6,63,0.0,0,0.0,0,0.0,0,0.0,0
2012-10-31T09:20:08.500,2249.6,7199,2249,25,0.0,0,0.0,0,0.0,0,0.0,0,2249.6,56,0.0,0,0.0,0,0.0,0,0.0,0
2012-10-31T09:20:09.000,2249,7219,2249,4,0.0,0,0.0,0,0.0,0,0.0,0,2249.4,22,0.0,0,0.0,0,0.0,0,0.0,0
2012-10-31T09:20:09.500,2249.4,7269,2249,7,0.0,0,0.0,0,0.0,0,0.0,0,2249.2,5,0.0,0,0.0,0,0.0,0,0.0,0
2012-10-31T09:20:10.000,2249,7288,2248.8,3,0.0,0,0.0,0,0.0,0,0.0,0,2249,3,0.0,0,0.0,0,0.0,0,0.0,0
2012-10-31T09:20:10.500,2249.2,7292,2249,8,0.0,0,0.0,0,0.0,0,0.0,0,2249.2,1,0.0,0,0.0,0,0.0,0,0.0,0
2012-10-31T09:20:11.000,2249.2,7296,2249.2,45,0.0,0,0.0,0,0.0,0,0.0,0,2249.4,13,0.0,0,0.0,0,0.0,0,0.0,0
2012-10-31T09:20:11.500,2249.4,7310,2249.4,7,0.0,0,0.0,0,0.0,0,0.0,0,2249.6,62,0.0,0,0.0,0,0.0,0,0.0,0
2012-10-31T09:20:12.000,2249.6,7321,2249.4,6,0.0,0,0.0,0,0.0,0,0.0,0,2249.6,53,0.0,0,0.0,0,0.0,0,0.0,0
2012-10-31T09:20:12.500,2249.2,7329,2249.2,49,0.0,0,0.0,0,0.0,0,0.0,0,2249.4,14,0.0,0,0.0,0,0.0,0,0.0,0
2012-10-31T09:20:13.000,2249.4,7345,2249.4,85,0.0,0,0.0,0,0.0,0,0.0,0,2249.6,54,0.0,0,0.0,0,0.0,0,0.0,0
2012-10-31T09:20:13.500,2249.6,7349,2249.4,87,0.0,0,0.0,0,0.0,0,0.0,0,2249.6,53,0.0,0,0.0,0,0.0,0,0.0,0
2012-10-31T09:20:14.000,2249.8,7414,2249.4,79,0.0,0,0.0,0,0.0,0,0.0,0,2249.8,71,0.0,0,0.0,0,0.0,0,0.0,0
2012-10-31T09:20:14.500,2249.8,7421,2249.4,75,0.0,0,0.0,0,0.0,0,0.0,0,2249.8,69,0.0,0,0.0,0,0.0,0,0.0,0
2012-10-31T09:20:15.000,2250,7526,2249.4,76,0.0,0,0.0,0,0.0,0,0.0,0,2250,38,0.0,0,0.0,0,0.0,0,0.0,0
2012-10-31T09:20:15.500,2250,7537,2249.8,14,0.0,0,0.0,0,0.0,0,0.0,0,2250,32,0.0,0,0.0,0,0.0,0,0.0,0
2012-10-31T09:20:16.000,2249.8,7544,2249.8,11,0.0,0,0.0,0,0.0,0,0.0,0,2250,28,0.0,0,0.0,0,0.0,0,0.0,0
2012-10-31T09:20:16.500,2250.2,7575,2250.2,1,0.0,0,0.0,0,0.0,0,0.0,0,2250.4,11,0.0,0,0.0,0,0.0,0,0.0,0
2012-10-31T09:20:17.000,2250.4,7580,2250.2,1,0.0,0,0.0,0,0.0,0,0.0,0,2250.4,45,0.0,0,0.0,0,0.0,0,0.0,0
2012-10-31T09:20:17.500,2250.4,7613,2250,23,0.0,0,0.0,0,0.0,0,0.0,0,2250.2,3,0.0,0,0.0,0,0.0,0,0.0,0
2012-10-31T09:20:18.000,2250,7633,2250,12,0.0,0,0.0,0,0.0,0,0.0,0,2250.2,62,0.0,0,0.0,0,0.0,0,0.0,0
2012-10-31T09:20:18.500,2250,7654,2249.8,27,0.0,0,0.0,0,0.0,0,0.0,0,2250,11,0.0,0,0.0,0,0.0,0,0.0,0
2012-10-31T09:20:19.000,2249.8,7670,2249.8,25,0.0,0,0.0,0,0.0,0,0.0,0,2250,6,0.0,0,0.0,0,0.0,0,0.0,0
2012-10-31T09:20:19.500,2250,7682,2249.8,21,0.0,0,0.0,0,0.0,0,0.0,0,2250,6,0.0,0,0.0,0,0.0,0,0.0,0
2012-10-31T09:20:20.000,2249.8,7691,2249.8,19,0.0,0,0.0,0,0.0,0,0.0,0,2250,3,0.0,0,0.0,0,0.0,0,0.0,0
2012-10-31T09:20:20.500,2249.8,7707,2249.8,2,0.0,0,0.0,0,0.0,0,0.0,0,2250,16,0.0,0,0.0,0,0.0,0,0.0,0
2012-10-31T09:20:21.000,2250,7714,2249.8,2,0.0,0,0.0,0,0.0,0,0.0,0,2250,24,0.0,0,0.0,0,0.0,0,0.0,0
2012-10-31T09:20:21.500,2249.6,7721,2249.6,3,0.0,0,0.0,0,0.0,0,0.0,0,2249.8,1,0.0,0,0.0,0,0.0,0,0.0,0
2012-10-31T09:20:22.000,2250,7725,2249.8,1,0.0,0,0.0,0,0.0,0,0.0,0,2250,28,0.0,0,0.0,0,0.0,0,0.0,0
2012-10-31T09:20:22.500,2249.8,7728,2249.6,3,0.0,0,0.0,0,0.0,0,0.0,0,2249.8,12,0.0,0,0.0,0,0.0,0,0.0,0
2012-10-31T09:20:23.000,2249.8,7730,2249.6,3,0.0,0,0.0,0,0.0,0,0.0,0,2249.8,13,0.0,0,0.0,0,0.0,0,0.0,0
2012-10-31T09:20:23.500,2249.2,7752,2249.2,33,0.0,0,0.0,0,0.0,0,0.0,0,2249.8,11,0.0,0,0.0,0,0.0,0,0.0,0
2012-10-31T09:20:24.000,2249.8,7757,2249.2,36,0.0,0,0.0,0,0.0,0,0.0,0,2249.8,11,0.0,0,0.0,0,0.0,0,0.0,0
2012-10-31T09:20:24.500,2249.6,7785,2249.2,34,0.0,0,0.0,0,0.0,0,0.0,0,2249.6,7,0.0,0,0.0,0,0.0,0,0.0,0
2012-10-31T09:20:25.250,2249.6,7788,2249.4,5,0.0,0,0.0,0,0.0,0,0.0,0,2249.6,6,0.0,0,0.0,0,0.0,0,0.0,0
2012-10-31T09:20:26.000,2249.6,7792,2249.4,6,0.0,0,0.0,0,0.0,0,0.0,0,2249.6,4,0.0,0,0.0,0,0.0,0,0.0,0
2012-10-31T09:20:26.500,2249.4,7795,2249.4,4,0.0,0,0.0,0,0.0,0,0.0,0,2249.6,5,0.0,0,0.0,0,0.0,0,0.0,0
2012-10-31T09:20:27.250,2249.6,7808,2249.4,3,0.0,0,0.0,0,0.0,0,0.0,0,2249.8,6,0.0,0,0.0,0,0.0,0,0.0,0
2012-10-31T09:20:28.250,2249.6,7809,2249.4,5,0.0,0,0.0,0,0.0,0,0.0,0,2249.6,1,0.0,0,0.0,0,0.0,0,0.0,0
2012-10-31T09:20:29.000,2249.8,7813,2249.4,4,0.0,0,0.0,0,0.0,0,0.0,0,2249.8,5,0.0,0,0.0,0,0.0,0,0.0,0
2012-10-31T09:20:29.500,2249.8,7814,2249.4,5,0.0,0,0.0,0,0.0,0,0.0,0,2249.8,6,0.0,0,0.0,0,0.0,0,0.0,0
2012-10-31T09:20:30.000,2249.4,7817,2249.4,2,0.0,0,0.0,0,0.0,0,0.0,0,2249.8,10,0.0,0,0.0,0,0.0,0,0.0,0
2012-10-31T09:20:30.500,2249.8,7819,2249.6,2,0.0,0,0.0,0,0.0,0,0.0,0,2249.8,9,0.0,0,0.0,0,0.0,0,0.0,0
2012-10-31T09:20:32.000,2249.4,7826,2249.4,2,0.0,0,0.0,0,0.0,0,0.0,0,2249.8,21,0.0,0,0.0,0,0.0,0,0.0,0
2012-10-31T09:20:32.500,2249.8,7828,2249.6,1,0.0,0,0.0,0,0.0,0,0.0,0,2249.8,20,0.0,0,0.0,0,0.0,0,0.0,0
2012-10-31T09:20:33.000,2249.6,7832,2249.6,1,0.0,0,0.0,0,0.0,0,0.0,0,2249.8,18,0.0,0,0.0,0,0.0,0,0.0,0
2012-10-31T09:20:33.500,2249.8,7834,2249.4,2,0.0,0,0.0,0,0.0,0,0.0,0,2249.8,18,0.0,0,0.0,0,0.0,0,0.0,0
2012-10-31T09:20:34.000,2249.8,7839,2249.4,2,0.0,0,0.0,0,0.0,0,0.0,0,2249.8,14,0.0,0,0.0,0,0.0,0,0.0,0
2012-10-31T09:20:34.500,2249.6,7841,2249.6,5,0.0,0,0.0,0,0.0,0,0.0,0,2249.8,16,0.0,0,0.0,0,0.0,0,0.0,0
2012-10-31T09:20:35.000,2249.8,7843,2249.6,5,0.0,0,0.0,0,0.0,0,0.0,0,2249.8,15,0.0,0,0.0,0,0.0,0,0.0,0
2012-10-31T09:20:35.500,2249.6,7850,2249.6,1,0.0,0,0.0,0,0.0,0,0.0,0,2249.8,19,0.0,0,0.0,0,0.0,0,0.0,0
2012-10-31T09:20:36.000,2249.8,7852,2249.6,2,0.0,0,0.0,0,0.0,0,0.0,0,2249.8,18,0.0,0,0.0,0,0.0,0,0.0,0
2012-10-31T09:20:36.500,2249.6,7853,2249.6,1,0.0,0,0.0,0,0.0,0,0.0,0,2249.8,19,0.0,0,0.0,0,0.0,0,0.0,0
2012-10-31T09:20:37.000,2249.6,7854,2249.4,13,0.0,0,0.0,0,0.0,0,0.0,0,2249.8,19,0.0,0,0.0,0,0.0,0,0.0,0
2012-10-31T09:20:37.500,2249.6,7856,2249.6,2,0.0,0,0.0,0,0.0,0,0.0,0,2249.8,22,0.0,0,0.0,0,0.0,0,0.0,0
2012-10-31T09:20:38.000,2249.8,7857,2249.6,6,0.0,0,0.0,0,0.0,0,0.0,0,2249.8,21,0.0,0,0.0,0,0.0,0,0.0,0
2012-10-31T09:20:38.500,2249.4,7866,2249.4,13,0.0,0,0.0,0,0.0,0,0.0,0,2249.6,16,0.0,0,0.0,0,0.0,0,0.0,0
2012-10-31T09:20:39.000,2249.4,7874,2249.4,7,0.0,0,0.0,0,0.0,0,0.0,0,2249.6,17,0.0,0,0.0,0,0.0,0,0.0,0
2012-10-31T09:20:39.500,2249.4,7876,2249.4,16,0.0,0,0.0,0,0.0,0,0.0,0,2249.6,17,0.0,0,0.0,0,0.0,0,0.0,0
2012-10-31T09:20:40.000,2249.6,7880,2249.4,15,0.0,0,0.0,0,0.0,0,0.0,0,2249.6,14,0.0,0,0.0,0,0.0,0,0.0,0
2012-10-31T09:20:40.500,2249.6,7891,2249.4,15,0.0,0,0.0,0,0.0,0,0.0,0,2249.6,3,0.0,0,0.0,0,0.0,0,0.0,0
2012-10-31T09:20:41.250,2249.6,7893,2249.4,16,0.0,0,0.0,0,0.0,0,0.0,0,2249.6,3,0.0,0,0.0,0,0.0,0,0.0,0
2012-10-31T09:20:42.000,2249.6,7896,2249.4,16,0.0,0,0.0,0,0.0,0,0.0,0,2249.8,22,0.0,0,0.0,0,0.0,0,0.0,0
2012-10-31T09:20:42.500,2249.4,7898,2249.4,15,0.0,0,0.0,0,0.0,0,0.0,0,2249.8,22,0.0,0,0.0,0,0.0,0,0.0,0
2012-10-31T09:20:43.250,2249.8,7899,2249.4,17,0.0,0,0.0,0,0.0,0,0.0,0,2249.8,25,0.0,0,0.0,0,0.0,0,0.0,0
2012-10-31T09:20:44.000,2249.8,7903,2249.4,17,0.0,0,0.0,0,0.0,0,0.0,0,2249.8,25,0.0,0,0.0,0,0.0,0,0.0,0
2012-10-31T09:20:44.500,2249.6,7910,2249.4,18,0.0,0,0.0,0,0.0,0,0.0,0,2249.8,24,0.0,0,0.0,0,0.0,0,0.0,0
2012-10-31T09:20:45.000,2249.8,7915,2249.4,20,0.0,0,0.0,0,0.0,0,0.0,0,2249.8,25,0.0,0,0.0,0,0.0,0,0.0,0
2012-10-31T09:20:45.500,2249.4,7918,2249.4,17,0.0,0,0.0,0,0.0,0,0.0,0,2249.8,26,0.0,0,0.0,0,0.0,0,0.0,0
2012-10-31T09:20:46.000,2249.4,7922,2249.4,20,0.0,0,0.0,0,0.0,0,0.0,0,2249.6,1,0.0,0,0.0,0,0.0,0,0.0,0
2012-10-31T09:20:46.500,2249.4,7923,2249.4,19,0.0,0,0.0,0,0.0,0,0.0,0,2249.6,1,0.0,0,0.0,0,0.0,0,0.0,0
2012-10-31T09:20:47.250,2249.4,7926,2249.4,18,0.0,0,0.0,0,0.0,0,0.0,0,2249.6,1,0.0,0,0.0,0,0.0,0,0.0,0
2012-10-31T09:20:49.250,2249.4,7927,2249.4,20,0.0,0,0.0,0,0.0,0,0.0,0,2249.6,4,0.0,0,0.0,0,0.0,0,0.0,0
2012-10-31T09:20:50.000,2249.4,7928,2249.4,19,0.0,0,0.0,0,0.0,0,0.0,0,2249.6,6,0.0,0,0.0,0,0.0,0,0.0,0
2012-10-31T09:20:50.500,2249.4,7930,2249.4,17,0.0,0,0.0,0,0.0,0,0.0,0,2249.6,6,0.0,0,0.0,0,0.0,0,0.0,0
2012-10-31T09:20:52.000,2249.6,7931,2249.4,18,0.0,0,0.0,0,0.0,0,0.0,0,2249.6,6,0.0,0,0.0,0,0.0,0,0.0,0
2012-10-31T09:20:52.500,2249.4,7932,2249.4,18,0.0,0,0.0,0,0.0,0,0.0,0,2249.6,6,0.0,0,0.0,0,0.0,0,0.0,0
2012-10-31T09:20:53.000,2249.4,7934,2249.4,16,0.0,0,0.0,0,0.0,0,0.0,0,2249.6,9,0.0,0,0.0,0,0.0,0,0.0,0
2012-10-31T09:20:53.500,2249.6,7943,2249.6,4,0.0,0,0.0,0,0.0,0,0.0,0,2249.8,29,0.0,0,0.0,0,0.0,0,0.0,0
2012-10-31T09:20:54.000,2249.6,7947,2249.6,1,0.0,0,0.0,0,0.0,0,0.0,0,2249.8,29,0.0,0,0.0,0,0.0,0,0.0,0
2012-10-31T09:20:54.500,2249.6,7948,2249.4,20,0.0,0,0.0,0,0.0,0,0.0,0,2249.8,29,0.0,0,0.0,0,0.0,0,0.0,0
2012-10-31T09:20:55.000,2249.4,7949,2249.4,19,0.0,0,0.0,0,0.0,0,0.0,0,2249.6,1,0.0,0,0.0,0,0.0,0,0.0,0
2012-10-31T09:20:55.500,2249.4,7961,2249.4,9,0.0,0,0.0,0,0.0,0,0.0,0,2249.8,29,0.0,0,0.0,0,0.0,0,0.0,0
2012-10-31T09:20:57.250,2249.6,7962,2249.4,10,0.0,0,0.0,0,0.0,0,0.0,0,2249.8,31,0.0,0,0.0,0,0.0,0,0.0,0
2012-10-31T09:20:58.250,2249.4,7964,2249.4,10,0.0,0,0.0,0,0.0,0,0.0,0,2249.6,3,0.0,0,0.0,0,0.0,0,0.0,0
2012-10-31T09:20:59.250,2249.4,7966,2249.4,11,0.0,0,0.0,0,0.0,0,0.0,0,2249.6,2,0.0,0,0.0,0,0.0,0,0.0,0
2012-10-31T09:21:00.000,2249.6,7968,2249.4,11,0.0,0,0.0,0,0.0,0,0.0,0,2249.6,2,0.0,0,0.0,0,0.0,0,0.0,0
2012-10-31T09:21:00.500,2249.6,7976,2249.4,6,0.0,0,0.0,0,0.0,0,0.0,0,2249.6,10,0.0,0,0.0,0,0.0,0,0.0,0
2012-10-31T09:21:01.000,2249.6,7983,2249.4,6,0.0,0,0.0,0,0.0,0,0.0,0,2249.6,9,0.0,0,0.0,0,0.0,0,0.0,0
2012-10-31T09:21:01.500,2249.4,7988,2249.4,9,0.0,0,0.0,0,0.0,0,0.0,0,2249.6,12,0.0,0,0.0,0,0.0,0,0.0,0
2012-10-31T09:21:02.000,2249.4,7991,2249.4,9,0.0,0,0.0,0,0.0,0,0.0,0,2249.6,13,0.0,0,0.0,0,0.0,0,0.0,0
2012-10-31T09:21:02.500,2249.4,8008,2249.2,41,0.0,0,0.0,0,0.0,0,0.0,0,2249.4,16,0.0,0,0.0,0,0.0,0,0.0,0
2012-10-31T09:21:03.250,2249.2,8018,2249.2,31,0.0,0,0.0,0,0.0,0,0.0,0,2249.4,20,0.0,0,0.0,0,0.0,0,0.0,0
2012-10-31T09:21:04.000,2249.4,8023,2249.2,30,0.0,0,0.0,0,0.0,0,0.0,0,2249.4,22,0.0,0,0.0,0,0.0,0,0.0,0
2012-10-31T09:21:04.500,2249,8059,2249,76,0.0,0,0.0,0,0.0,0,0.0,0,2249.2,6,0.0,0,0.0,0,0.0,0,0.0,0
2012-10-31T09:21:05.000,2249,8098,2249,37,0.0,0,0.0,0,0.0,0,0.0,0,2249.2,11,0.0,0,0.0,0,0.0,0,0.0,0
2012-10-31T09:21:05.500,2249,8115,2249,20,0.0,0,0.0,0,0.0,0,0.0,0,2249.2,23,0.0,0,0.0,0,0.0,0,0.0,0
2012-10-31T09:21:06.000,2249,8138,2248.8,9,0.0,0,0.0,0,0.0,0,0.0,0,2249,79,0.0,0,0.0,0,0.0,0,0.0,0
2012-10-31T09:21:06.500,2248.8,8170,2248.4,29,0.0,0,0.0,0,0.0,0,0.0,0,2248.8,30,0.0,0,0.0,0,0.0,0,0.0,0
2012-10-31T09:21:07.000,2248.8,8176,2248.4,30,0.0,0,0.0,0,0.0,0,0.0,0,2248.8,31,0.0,0,0.0,0,0.0,0,0.0,0
2012-10-31T09:21:07.500,2248.4,8190,2248.4,33,0.0,0,0.0,0,0.0,0,0.0,0,2248.8,34,0.0,0,0.0,0,0.0,0,0.0,0
2012-10-31T09:21:08.000,2248.8,8196,2248.4,33,0.0,0,0.0,0,0.0,0,0.0,0,2248.6,5,0.0,0,0.0,0,0.0,0,0.0,0
2012-10-31T09:21:08.500,2248.4,8215,2248.4,29,0.0,0,0.0,0,0.0,0,0.0,0,2248.6,2,0.0,0,0.0,0,0.0,0,0.0,0
2012-10-31T09:21:09.000,2248.4,8232,2248.4,13,0.0,0,0.0,0,0.0,0,0.0,0,2248.6,1,0.0,0,0.0,0,0.0,0,0.0,0
2012-10-31T09:21:09.500,2248.4,8239,2248.4,8,0.0,0,0.0,0,0.0,0,0.0,0,2248.6,8,0.0,0,0.0,0,0.0,0,0.0,0
2012-10-31T09:21:10.000,2248.4,8244,2248.4,6,0.0,0,0.0,0,0.0,0,0.0,0,2248.6,6,0.0,0,0.0,0,0.0,0,0.0,0
2012-10-31T09:21:10.500,2248.4,8250,2248.4,2,0.0,0,0.0,0,0.0,0,0.0,0,2248.6,6,0.0,0,0.0,0,0.0,0,0.0,0
2012-10-31T09:21:11.000,2248.4,8257,2248.2,144,0.0,0,0.0,0,0.0,0,0.0,0,2248.4,2,0.0,0,0.0,0,0.0,0,0.0,0
2012-10-31T09:21:11.500,2248.2,8272,2248.2,141,0.0,0,0.0,0,0.0,0,0.0,0,2248.4,1,0.0,0,0.0,0,0.0,0,0.0,0
2012-10-31T09:21:12.000,2248.2,8283,2248.4,3,0.0,0,0.0,0,0.0,0,0.0,0,2248.6,7,0.0,0,0.0,0,0.0,0,0.0,0
2012-10-31T09:21:12.500,2248.4,8287,2248.4,5,0.0,0,0.0,0,0.0,0,0.0,0,2248.6,6,0.0,0,0.0,0,0.0,0,0.0,0
2012-10-31T09:21:13.000,2248.2,8296,2248.2,132,0.0,0,0.0,0,0.0,0,0.0,0,2248.6,9,0.0,0,0.0,0,0.0,0,0.0,0
2012-10-31T09:21:13.500,2248.6,8308,2248.6,43,0.0,0,0.0,0,0.0,0,0.0,0,2248.8,6,0.0,0,0.0,0,0.0,0,0.0,0
2012-10-31T09:21:14.000,2248.6,8329,2248.6,45,0.0,0,0.0,0,0.0,0,0.0,0,2248.8,5,0.0,0,0.0,0,0.0,0,0.0,0
2012-10-31T09:21:14.500,2248.6,8330,2248.6,47,0.0,0,0.0,0,0.0,0,0.0,0,2248.8,7,0.0,0,0.0,0,0.0,0,0.0,0
2012-10-31T09:21:15.000,2248.6,8371,2248.6,6,0.0,0,0.0,0,0.0,0,0.0,0,2248.8,2,0.0,0,0.0,0,0.0,0,0.0,0
2012-10-31T09:21:15.500,2248.6,8377,2248.4,12,0.0,0,0.0,0,0.0,0,0.0,0,2248.6,2,0.0,0,0.0,0,0.0,0,0.0,0
2012-10-31T09:21:16.000,2248.8,8381,2248.6,1,0.0,0,0.0,0,0.0,0,0.0,0,2248.8,3,0.0,0,0.0,0,0.0,0,0.0,0
2012-10-31T09:21:16.500,2248.6,8386,2248.4,16,0.0,0,0.0,0,0.0,0,0.0,0,2248.8,4,0.0,0,0.0,0,0.0,0,0.0,0
2012-10-31T09:21:17.000,2248.8,8396,2248.8,9,0.0,0,0.0,0,0.0,0,0.0,0,2249,31,0.0,0,0.0,0,0.0,0,0.0,0
2012-10-31T09:21:17.500,2248.8,8402,2248.8,4,0.0,0,0.0,0,0.0,0,0.0,0,2249,30,0.0,0,0.0,0,0.0,0,0.0,0
2012-10-31T09:21:18.000,2248.8,8405,2248.8,11,0.0,0,0.0,0,0.0,0,0.0,0,2249,29,0.0,0,0.0,0,0.0,0,0.0,0
2012-10-31T09:21:18.500,2249,8409,2248.8,11,0.0,0,0.0,0,0.0,0,0.0,0,2249,26,0.0,0,0.0,0,0.0,0,0.0,0
2012-10-31T09:21:19.000,2248.8,8413,2248.8,8,0.0,0,0.0,0,0.0,0,0.0,0,2249,28,0.0,0,0.0,0,0.0,0,0.0,0
2012-10-31T09:21:19.500,2249,8415,2248.8,7,0.0,0,0.0,0,0.0,0,0.0,0,2249,27,0.0,0,0.0,0,0.0,0,0.0,0
2012-10-31T09:21:20.250,2248.8,8420,2248.8,6,0.0,0,0.0,0,0.0,0,0.0,0,2249,24,0.0,0,0.0,0,0.0,0,0.0,0
2012-10-31T09:21:21.000,2249,8425,2248.8,6,0.0,0,0.0,0,0.0,0,0.0,0,2249,20,0.0,0,0.0,0,0.0,0,0.0,0
2012-10-31T09:21:21.500,2248.8,8439,2248.8,1,0.0,0,0.0,0,0.0,0,0.0,0,2249,7,0.0,0,0.0,0,0.0,0,0.0,0
2012-10-31T09:21:22.000,2248.8,8440,2248.6,6,0.0,0,0.0,0,0.0,0,0.0,0,2249,7,0.0,0,0.0,0,0.0,0,0.0,0
2012-10-31T09:21:22.500,2249,8442,2248.8,22,0.0,0,0.0,0,0.0,0,0.0,0,2249,7,0.0,0,0.0,0,0.0,0,0.0,0
2012-10-31T09:21:23.000,2248.6,8470,2248.4,55,0.0,0,0.0,0,0.0,0,0.0,0,2248.6,34,0.0,0,0.0,0,0.0,0,0.0,0
2012-10-31T09:21:23.500,2248.4,8471,2248.4,55,0.0,0,0.0,0,0.0,0,0.0,0,2248.6,34,0.0,0,0.0,0,0.0,0,0.0,0
2012-10-31T09:21:24.000,2248.4,8475,2248.4,52,0.0,0,0.0,0,0.0,0,0.0,0,2248.6,35,0.0,0,0.0,0,0.0,0,0.0,0
2012-10-31T09:21:24.500,2248.6,8479,2248.4,51,0.0,0,0.0,0,0.0,0,0.0,0,2248.6,32,0.0,0,0.0,0,0.0,0,0.0,0
2012-10-31T09:21:25.000,2248.4,8483,2248.4,54,0.0,0,0.0,0,0.0,0,0.0,0,2248.6,31,0.0,0,0.0,0,0.0,0,0.0,0
2012-10-31T09:21:25.500,2248.6,8494,2248.4,54,0.0,0,0.0,0,0.0,0,0.0,0,2248.6,20,0.0,0,0.0,0,0.0,0,0.0,0
2012-10-31T09:21:26.000,2248.4,8519,2248.4,53,0.0,0,0.0,0,0.0,0,0.0,0,2248.8,3,0.0,0,0.0,0,0.0,0,0.0,0
2012-10-31T09:21:26.500,2248.8,8527,2248.8,3,0.0,0,0.0,0,0.0,0,0.0,0,2249,13,0.0,0,0.0,0,0.0,0,0.0,0
2012-10-31T09:21:27.000,2248.8,8541,2248.8,1,0.0,0,0.0,0,0.0,0,0.0,0,2249,3,0.0,0,0.0,0,0.0,0,0.0,0
2012-10-31T09:21:27.500,2248.8,8543,2248.6,1,0.0,0,0.0,0,0.0,0,0.0,0,2249,8,0.0,0,0.0,0,0.0,0,0.0,0
2012-10-31T09:21:28.000,2248.4,8580,2248.8,2,0.0,0,0.0,0,0.0,0,0.0,0,2249,8,0.0,0,0.0,0,0.0,0,0.0,0
2012-10-31T09:21:28.500,2248.8,8582,2248.8,3,0.0,0,0.0,0,0.0,0,0.0,0,2249,8,0.0,0,0.0,0,0.0,0,0.0,0
2012-10-31T09:21:29.250,2249,8583,2248.8,1,0.0,0,0.0,0,0.0,0,0.0,0,2249,8,0.0,0,0.0,0,0.0,0,0.0,0
2012-10-31T09:21:30.000,2249,8595,2248.6,12,0.0,0,0.0,0,0.0,0,0.0,0,2249,6,0.0,0,0.0,0,0.0,0,0.0,0
2012-10-31T09:21:30.500,2248.8,8601,2248.6,9,0.0,0,0.0,0,0.0,0,0.0,0,2248.8,8,0.0,0,0.0,0,0.0,0,0.0,0
2012-10-31T09:21:31.000,2248.6,8604,2248.6,8,0.0,0,0.0,0,0.0,0,0.0,0,2248.8,8,0.0,0,0.0,0,0.0,0,0.0,0
2012-10-31T09:21:31.500,2248.6,8605,2248.6,7,0.0,0,0.0,0,0.0,0,0.0,0,2248.8,11,0.0,0,0.0,0,0.0,0,0.0,0
2012-10-31T09:21:32.000,2248.6,8606,2248.6,7,0.0,0,0.0,0,0.0,0,0.0,0,2248.8,11,0.0,0,0.0,0,0.0,0,0.0,0
2012-10-31T09:21:32.500,2248.8,8607,2248.6,10,0.0,0,0.0,0,0.0,0,0.0,0,2248.8,17,0.0,0,0.0,0,0.0,0,0.0,0
2012-10-31T09:21:33.000,2248.6,8609,2248.6,8,0.0,0,0.0,0,0.0,0,0.0,0,2248.8,17,0.0,0,0.0,0,0.0,0,0.0,0
2012-10-31T09:21:33.500,2248.8,8626,2248.6,7,0.0,0,0.0,0,0.0,0,0.0,0,2248.8,2,0.0,0,0.0,0,0.0,0,0.0,0
2012-10-31T09:21:34.000,2248.6,8627,2248.6,6,0.0,0,0.0,0,0.0,0,0.0,0,2248.8,43,0.0,0,0.0,0,0.0,0,0.0,0
2012-10-31T09:21:34.500,2248.6,8636,2248.4,41,0.0,0,0.0,0,0.0,0,0.0,0,2248.6,2,0.0,0,0.0,0,0.0,0,0.0,0
2012-10-31T09:21:35.000,2248.6,8637,2248.4,41,0.0,0,0.0,0,0.0,0,0.0,0,2248.6,2,0.0,0,0.0,0,0.0,0,0.0,0
2012-10-31T09:21:35.500,2248.6,8639,2248.4,42,0.0,0,0.0,0,0.0,0,0.0,0,2248.6,1,0.0,0,0.0,0,0.0,0,0.0,0
2012-10-31T09:21:36.000,2248.6,8642,2248.6,1,0.0,0,0.0,0,0.0,0,0.0,0,2248.8,40,0.0,0,0.0,0,0.0,0,0.0,0
2012-10-31T09:21:36.500,2248.4,8649,2248.4,38,0.0,0,0.0,0,0.0,0,0.0,0,2248.6,25,0.0,0,0.0,0,0.0,0,0.0,0
2012-10-31T09:21:37.000,2248.4,8654,2248.4,36,0.0,0,0.0,0,0.0,0,0.0,0,2248.6,24,0.0,0,0.0,0,0.0,0,0.0,0
2012-10-31T09:21:37.500,2248.4,8657,2248.4,35,0.0,0,0.0,0,0.0,0,0.0,0,2248.6,25,0.0,0,0.0,0,0.0,0,0.0,0
2012-10-31T09:21:38.250,2248.4,8659,2248.4,33,0.0,0,0.0,0,0.0,0,0.0,0,2248.6,26,0.0,0,0.0,0,0.0,0,0.0,0
2012-10-31T09:21:39.000,2248.6,8752,2248.2,92,0.0,0,0.0,0,0.0,0,0.0,0,2248.6,28,0.0,0,0.0,0,0.0,0,0.0,0
2012-10-31T09:21:39.500,2248.6,8753,2248.2,92,0.0,0,0.0,0,0.0,0,0.0,0,2248.6,27,0.0,0,0.0,0,0.0,0,0.0,0
2012-10-31T09:21:40.000,2248.6,8754,2248.2,92,0.0,0,0.0,0,0.0,0,0.0,0,2248.6,37,0.0,0,0.0,0,0.0,0,0.0,0
2012-10-31T09:21:40.500,2248.2,8758,2248.2,91,0.0,0,0.0,0,0.0,0,0.0,0,2248.4,7,0.0,0,0.0,0,0.0,0,0.0,0
2012-10-31T09:21:41.000,2248.2,8761,2248.2,91,0.0,0,0.0,0,0.0,0,0.0,0,2248.4,5,0.0,0,0.0,0,0.0,0,0.0,0
2012-10-31T09:21:41.500,2248.6,8799,2248.4,23,0.0,0,0.0,0,0.0,0,0.0,0,2248.6,36,0.0,0,0.0,0,0.0,0,0.0,0
2012-10-31T09:21:42.000,2248.6,8804,2248.4,23,0.0,0,0.0,0,0.0,0,0.0,0,2248.6,33,0.0,0,0.0,0,0.0,0,0.0,0
2012-10-31T09:21:42.500,2248.4,8807,2248.4,22,0.0,0,0.0,0,0.0,0,0.0,0,2248.6,32,0.0,0,0.0,0,0.0,0,0.0,0
2012-10-31T09:21:43.000,2248.4,8821,2248.4,8,0.0,0,0.0,0,0.0,0,0.0,0,2248.6,32,0.0,0,0.0,0,0.0,0,0.0,0
2012-10-31T09:21:43.500,2248.4,8828,2248.4,8,0.0,0,0.0,0,0.0,0,0.0,0,2248.6,27,0.0,0,0.0,0,0.0,0,0.0,0
2012-10-31T09:21:44.000,2248.4,8830,2248.4,6,0.0,0,0.0,0,0.0,0,0.0,0,2248.6,26,0.0,0,0.0,0,0.0,0,0.0,0
2012-10-31T09:21:44.500,2248.4,8831,2248.4,8,0.0,0,0.0,0,0.0,0,0.0,0,2248.6,26,0.0,0,0.0,0,0.0,0,0.0,0
2012-10-31T09:21:45.000,2248.4,8832,2248.4,10,0.0,0,0.0,0,0.0,0,0.0,0,2248.6,27,0.0,0,0.0,0,0.0,0,0.0,0
2012-10-31T09:21:45.500,2248.6,8836,2248.4,8,0.0,0,0.0,0,0.0,0,0.0,0,2248.6,26,0.0,0,0.0,0,0.0,0,0.0,0
2012-10-31T09:21:46.000,2248.4,8839,2248.4,8,0.0,0,0.0,0,0.0,0,0.0,0,2248.6,26,0.0,0,0.0,0,0.0,0,0.0,0
2012-10-31T09:21:46.500,2248.4,8844,2248.4,4,0.0,0,0.0,0,0.0,0,0.0,0,2248.6,25,0.0,0,0.0,0,0.0,0,0.0,0
2012-10-31T09:21:47.000,2248.4,8848,2248.2,67,0.0,0,0.0,0,0.0,0,0.0,0,2248.4,3,0.0,0,0.0,0,0.0,0,0.0,0
2012-10-31T09:21:47.500,2248.2,8850,2248.2,64,0.0,0,0.0,0,0.0,0,0.0,0,2248.4,2,0.0,0,0.0,0,0.0,0,0.0,0
2012-10-31T09:21:48.000,2248.4,8851,2248.2,65,0.0,0,0.0,0,0.0,0,0.0,0,2248.4,2,0.0,0,0.0,0,0.0,0,0.0,0
2012-10-31T09:21:48.500,2248.4,8858,2248.2,64,0.0,0,0.0,0,0.0,0,0.0,0,2248.6,22,0.0,0,0.0,0,0.0,0,0.0,0
2012-10-31T09:21:49.000,2248.2,8884,2248.2,38,0.0,0,0.0,0,0.0,0,0.0,0,2248.4,14,0.0,0,0.0,0,0.0,0,0.0,0
2012-10-31T09:21:49.500,2248.4,8886,2248.2,37,0.0,0,0.0,0,0.0,0,0.0,0,2248.4,13,0.0,0,0.0,0,0.0,0,0.0,0
2012-10-31T09:21:50.000,2248.2,8903,2248.2,24,0.0,0,0.0,0,0.0,0,0.0,0,2248.4,12,0.0,0,0.0,0,0.0,0,0.0,0
2012-10-31T09:21:50.500,2248.2,8930,2248,195,0.0,0,0.0,0,0.0,0,0.0,0,2248.2,22,0.0,0,0.0,0,0.0,0,0.0,0
2012-10-31T09:21:51.000,2248,8961,2248,194,0.0,0,0.0,0,0.0,0,0.0,0,2248.4,3,0.0,0,0.0,0,0.0,0,0.0,0
2012-10-31T09:21:51.500,2248,8979,2248,177,0.0,0,0.0,0,0.0,0,0.0,0,2248.4,5,0.0,0,0.0,0,0.0,0,0.0,0
2012-10-31T09:21:52.000,2248,8989,2248,173,0.0,0,0.0,0,0.0,0,0.0,0,2248.4,5,0.0,0,0.0,0,0.0,0,0.0,0
2012-10-31T09:21:52.500,2248.4,8991,2248.2,31,0.0,0,0.0,0,0.0,0,0.0,0,2248.4,5,0.0,0,0.0,0,0.0,0,0.0,0
2012-10-31T09:21:53.000,2248.2,8993,2248.2,37,0.0,0,0.0,0,0.0,0,0.0,0,2248.4,9,0.0,0,0.0,0,0.0,0,0.0,0
2012-10-31T09:21:53.500,2248.2,9002,2248.2,29,0.0,0,0.0,0,0.0,0,0.0,0,2248.4,18,0.0,0,0.0,0,0.0,0,0.0,0
2012-10-31T09:21:54.000,2248.2,9007,2248.2,33,0.0,0,0.0,0,0.0,0,0.0,0,2248.4,37,0.0,0,0.0,0,0.0,0,0.0,0
2012-10-31T09:21:54.500,2248.2,9010,2248.2,28,0.0,0,0.0,0,0.0,0,0.0,0,2248.4,38,0.0,0,0.0,0,0.0,0,0.0,0
2012-10-31T09:21:55.000,2248.2,9015,2248.2,26,0.0,0,0.0,0,0.0,0,0.0,0,2248.4,35,0.0,0,0.0,0,0.0,0,0.0,0
2012-10-31T09:21:55.500,2248.4,9016,2248.2,26,0.0,0,0.0,0,0.0,0,0.0,0,2248.4,34,0.0,0,0.0,0,0.0,0,0.0,0
2012-10-31T09:21:56.000,2248.2,9023,2248.2,19,0.0,0,0.0,0,0.0,0,0.0,0,2248.4,35,0.0,0,0.0,0,0.0,0,0.0,0
2012-10-31T09:21:56.500,2248.4,9026,2248.2,18,0.0,0,0.0,0,0.0,0,0.0,0,2248.4,34,0.0,0,0.0,0,0.0,0,0.0,0
2012-10-31T09:21:57.000,2248.2,9034,2248.2,18,0.0,0,0.0,0,0.0,0,0.0,0,2248.4,34,0.0,0,0.0,0,0.0,0,0.0,0
2012-10-31T09:21:57.500,2248.2,9038,2248.2,14,0.0,0,0.0,0,0.0,0,0.0,0,2248.4,42,0.0,0,0.0,0,0.0,0,0.0,0
2012-10-31T09:21:58.000,2248,9066,2248,163,0.0,0,0.0,0,0.0,0,0.0,0,2248.2,2,0.0,0,0.0,0,0.0,0,0.0,0
2012-10-31T09:21:58.500,2248.2,9069,2248,164,0.0,0,0.0,0,0.0,0,0.0,0,2248.4,42,0.0,0,0.0,0,0.0,0,0.0,0
2012-10-31T09:21:59.000,2248,9070,2248,163,0.0,0,0.0,0,0.0,0,0.0,0,2248.4,42,0.0,0,0.0,0,0.0,0,0.0,0
2012-10-31T09:21:59.500,2248,9072,2248.2,1,0.0,0,0.0,0,0.0,0,0.0,0,2248.4,43,0.0,0,0.0,0,0.0,0,0.0,0
2012-10-31T09:22:00.000,2248.2,9073,2248,165,0.0,0,0.0,0,0.0,0,0.0,0,2248.2,13,0.0,0,0.0,0,0.0,0,0.0,0
2012-10-31T09:22:00.500,2248,9086,2248,156,0.0,0,0.0,0,0.0,0,0.0,0,2248.2,10,0.0,0,0.0,0,0.0,0,0.0,0
2012-10-31T09:22:01.000,2248,9100,2248,151,0.0,0,0.0,0,0.0,0,0.0,0,2248.2,8,0.0,0,0.0,0,0.0,0,0.0,0
2012-10-31T09:22:01.500,2248.2,9109,2248.2,1,0.0,0,0.0,0,0.0,0,0.0,0,2248.4,55,0.0,0,0.0,0,0.0,0,0.0,0
2012-10-31T09:22:02.000,2248.2,9112,2248.2,1,0.0,0,0.0,0,0.0,0,0.0,0,2248.4,35,0.0,0,0.0,0,0.0,0,0.0,0
2012-10-31T09:22:02.500,2248.2,9132,2248,145,0.0,0,0.0,0,0.0,0,0.0,0,2248.2,23,0.0,0,0.0,0,0.0,0,0.0,0
2012-10-31T09:22:03.000,2248.2,9162,2248.2,10,0.0,0,0.0,0,0.0,0,0.0,0,2248.4,35,0.0,0,0.0,0,0.0,0,0.0,0
2012-10-31T09:22:03.500,2248.2,9167,2248.2,6,0.0,0,0.0,0,0.0,0,0.0,0,2248.4,26,0.0,0,0.0,0,0.0,0,0.0,0
2012-10-31T09:22:04.000,2248,9236,2248,81,0.0,0,0.0,0,0.0,0,0.0,0,2248.4,26,0.0,0,0.0,0,0.0,0,0.0,0
2012-10-31T09:22:04.500,2248.4,9239,2248.2,2,0.0,0,0.0,0,0.0,0,0.0,0,2248.4,32,0.0,0,0.0,0,0.0,0,0.0,0
2012-10-31T09:22:05.000,2248.2,9262,2248.2,6,0.0,0,0.0,0,0.0,0,0.0,0,2248.4,11,0.0,0,0.0,0,0.0,0,0.0,0
2012-10-31T09:22:05.500,2248.4,9284,2248.4,2,0.0,0,0.0,0,0.0,0,0.0,0,2248.6,31,0.0,0,0.0,0,0.0,0,0.0,0
2012-10-31T09:22:06.000,2248,9292,2248.2,1,0.0,0,0.0,0,0.0,0,0.0,0,2248.4,1,0.0,0,0.0,0,0.0,0,0.0,0
2012-10-31T09:22:06.500,2248.2,9293,2248.2,2,0.0,0,0.0,0,0.0,0,0.0,0,2248.4,2,0.0,0,0.0,0,0.0,0,0.0,0
2012-10-31T09:22:07.250,2248,9300,2248.2,3,0.0,0,0.0,0,0.0,0,0.0,0,2248.4,7,0.0,0,0.0,0,0.0,0,0.0,0
2012-10-31T09:22:08.000,2248.2,9301,2248.2,4,0.0,0,0.0,0,0.0,0,0.0,0,2248.4,12,0.0,0,0.0,0,0.0,0,0.0,0
2012-10-31T09:22:08.500,2248.2,9306,2248,69,0.0,0,0.0,0,0.0,0,0.0,0,2248.4,11,0.0,0,0.0,0,0.0,0,0.0,0
2012-10-31T09:22:09.000,2248.4,9309,2248,69,0.0,0,0.0,0,0.0,0,0.0,0,2248.4,19,0.0,0,0.0,0,0.0,0,0.0,0
2012-10-31T09:22:09.500,2248,9312,2248,67,0.0,0,0.0,0,0.0,0,0.0,0,2248.2,7,0.0,0,0.0,0,0.0,0,0.0,0
2012-10-31T09:22:10.250,2248,9313,2248,65,0.0,0,0.0,0,0.0,0,0.0,0,2248.2,9,0.0,0,0.0,0,0.0,0,0.0,0
2012-10-31T09:22:11.000,2248,9316,2248,63,0.0,0,0.0,0,0.0,0,0.0,0,2248.2,10,0.0,0,0.0,0,0.0,0,0.0,0
2012-10-31T09:22:11.500,2248,9317,2248,63,0.0,0,0.0,0,0.0,0,0.0,0,2248.2,10,0.0,0,0.0,0,0.0,0,0.0,0
2012-10-31T09:22:12.000,2248,9383,2248,3,0.0,0,0.0,0,0.0,0,0.0,0,2248.2,7,0.0,0,0.0,0,0.0,0,0.0,0
2012-10-31T09:22:12.500,2248,9390,2247.8,69,0.0,0,0.0,0,0.0,0,0.0,0,2248,23,0.0,0,0.0,0,0.0,0,0.0,0
2012-10-31T09:22:13.250,2248,9393,2247.8,69,0.0,0,0.0,0,0.0,0,0.0,0,2248,43,0.0,0,0.0,0,0.0,0,0.0,0
2012-10-31T09:22:14.000,2248,9395,2247.8,69,0.0,0,0.0,0,0.0,0,0.0,0,2248,48,0.0,0,0.0,0,0.0,0,0.0,0
2012-10-31T09:22:14.500,2247.8,9405,2247.8,61,0.0,0,0.0,0,0.0,0,0.0,0,2248,58,0.0,0,0.0,0,0.0,0,0.0,0
2012-10-31T09:22:15.000,2247.8,9418,2247.8,59,0.0,0,0.0,0,0.0,0,0.0,0,2248,53,0.0,0,0.0,0,0.0,0,0.0,0
2012-10-31T09:22:15.500,2247.8,9420,2247.8,57,0.0,0,0.0,0,0.0,0,0.0,0,2248,53,0.0,0,0.0,0,0.0,0,0.0,0
2012-10-31T09:22:16.000,2247.8,9473,2247.8,6,0.0,0,0.0,0,0.0,0,0.0,0,2248,51,0.0,0,0.0,0,0.0,0,0.0,0
2012-10-31T09:22:16.500,2247.8,9512,2247.8,1,0.0,0,0.0,0,0.0,0,0.0,0,2248,19,0.0,0,0.0,0,0.0,0,0.0,0
2012-10-31T09:22:17.000,2247.6,9525,2247.6,34,0.0,0,0.0,0,0.0,0,0.0,0,2247.8,1,0.0,0,0.0,0,0.0,0,0.0,0
2012-10-31T09:22:17.500,2247.6,9543,2247.6,31,0.0,0,0.0,0,0.0,0,0.0,0,2248,15,0.0,0,0.0,0,0.0,0,0.0,0
2012-10-31T09:22:18.000,2248,9559,2247.6,69,0.0,0,0.0,0,0.0,0,0.0,0,2247.8,2,0.0,0,0.0,0,0.0,0,0.0,0
2012-10-31T09:22:18.500,2247.6,9565,2247.6,66,0.0,0,0.0,0,0.0,0,0.0,0,2247.8,1,0.0,0,0.0,0,0.0,0,0.0,0
2012-10-31T09:22:19.000,2247.8,9580,2247.8,11,0.0,0,0.0,0,0.0,0,0.0,0,2248,12,0.0,0,0.0,0,0.0,0,0.0,0
2012-10-31T09:22:19.500,2247.8,9600,2247.8,9,0.0,0,0.0,0,0.0,0,0.0,0,2248,1,0.0,0,0.0,0,0.0,0,0.0,0
2012-10-31T09:22:20.000,2247.8,9606,2247.8,7,0.0,0,0.0,0,0.0,0,0.0,0,2248,1,0.0,0,0.0,0,0.0,0,0.0,0
2012-10-31T09:22:20.500,2247.8,9607,2247.8,15,0.0,0,0.0,0,0.0,0,0.0,0,2248,7,0.0,0,0.0,0,0.0,0,0.0,0
2012-10-31T09:22:21.000,2248,9620,2247.8,14,0.0,0,0.0,0,0.0,0,0.0,0,2248,12,0.0,0,0.0,0,0.0,0,0.0,0
2012-10-31T09:22:21.500,2247.8,9629,2247.8,13,0.0,0,0.0,0,0.0,0,0.0,0,2248,13,0.0,0,0.0,0,0.0,0,0.0,0
2012-10-31T09:22:22.000,2248,9630,2247.8,11,0.0,0,0.0,0,0.0,0,0.0,0,2248,21,0.0,0,0.0,0,0.0,0,0.0,0
2012-10-31T09:22:22.500,2248,9632,2247.8,13,0.0,0,0.0,0,0.0,0,0.0,0,2248,31,0.0,0,0.0,0,0.0,0,0.0,0
2012-10-31T09:22:23.250,2248,9633,2247.8,35,0.0,0,0.0,0,0.0,0,0.0,0,2248,30,0.0,0,0.0,0,0.0,0,0.0,0
2012-10-31T09:22:24.000,2247.8,9659,2247.8,35,0.0,0,0.0,0,0.0,0,0.0,0,2248,5,0.0,0,0.0,0,0.0,0,0.0,0
2012-10-31T09:22:24.500,2248.2,9680,2248,5,0.0,0,0.0,0,0.0,0,0.0,0,2248.2,3,0.0,0,0.0,0,0.0,0,0.0,0
2012-10-31T09:22:25.000,2248.2,9682,2248,21,0.0,0,0.0,0,0.0,0,0.0,0,2248.2,3,0.0,0,0.0,0,0.0,0,0.0,0
2012-10-31T09:22:25.500,2248,9688,2248,21,0.0,0,0.0,0,0.0,0,0.0,0,2248.2,4,0.0,0,0.0,0,0.0,0,0.0,0
2012-10-31T09:22:26.000,2248,9690,2248,20,0.0,0,0.0,0,0.0,0,0.0,0,2248.2,5,0.0,0,0.0,0,0.0,0,0.0,0
2012-10-31T09:22:26.500,2248.2,9706,2248,7,0.0,0,0.0,0,0.0,0,0.0,0,2248.2,3,0.0,0,0.0,0,0.0,0,0.0,0
2012-10-31T09:22:28.000,2248,9717,2248,8,0.0,0,0.0,0,0.0,0,0.0,0,2248.4,22,0.0,0,0.0,0,0.0,0,0.0,0
2012-10-31T09:22:28.500,2248.4,9723,2248,11,0.0,0,0.0,0,0.0,0,0.0,0,2248.4,17,0.0,0,0.0,0,0.0,0,0.0,0
2012-10-31T09:22:29.000,2248.4,9725,2248,11,0.0,0,0.0,0,0.0,0,0.0,0,2248.4,16,0.0,0,0.0,0,0.0,0,0.0,0
2012-10-31T09:22:29.500,2248,9732,2248,4,0.0,0,0.0,0,0.0,0,0.0,0,2248.4,16,0.0,0,0.0,0,0.0,0,0.0,0
2012-10-31T09:22:30.000,2248.4,9733,2248,7,0.0,0,0.0,0,0.0,0,0.0,0,2248.4,17,0.0,0,0.0,0,0.0,0,0.0,0
2012-10-31T09:22:30.500,2248.4,9743,2248.2,1,0.0,0,0.0,0,0.0,0,0.0,0,2248.4,7,0.0,0,0.0,0,0.0,0,0.0,0
2012-10-31T09:22:32.000,2248.4,9756,2248,27,0.0,0,0.0,0,0.0,0,0.0,0,2248.4,6,0.0,0,0.0,0,0.0,0,0.0,0
2012-10-31T09:22:32.500,2248.4,9757,2248,27,0.0,0,0.0,0,0.0,0,0.0,0,2248.4,9,0.0,0,0.0,0,0.0,0,0.0,0
2012-10-31T09:22:33.000,2248,9762,2248,26,0.0,0,0.0,0,0.0,0,0.0,0,2248.4,10,0.0,0,0.0,0,0.0,0,0.0,0
2012-10-31T09:22:33.500,2248.4,9765,2248,28,0.0,0,0.0,0,0.0,0,0.0,0,2248.4,8,0.0,0,0.0,0,0.0,0,0.0,0
2012-10-31T09:22:34.000,2248,9768,2248,27,0.0,0,0.0,0,0.0,0,0.0,0,2248.2,1,0.0,0,0.0,0,0.0,0,0.0,0
2012-10-31T09:22:34.500,2248.2,9769,2248.2,2,0.0,0,0.0,0,0.0,0,0.0,0,2248.4,11,0.0,0,0.0,0,0.0,0,0.0,0
2012-10-31T09:22:35.000,2248.2,9771,2248.2,1,0.0,0,0.0,0,0.0,0,0.0,0,2248.4,10,0.0,0,0.0,0,0.0,0,0.0,0
2012-10-31T09:22:35.500,2248,9776,2248,29,0.0,0,0.0,0,0.0,0,0.0,0,2248.4,12,0.0,0,0.0,0,0.0,0,0.0,0
2012-10-31T09:22:37.000,2248,9787,2248.2,3,0.0,0,0.0,0,0.0,0,0.0,0,2248.4,7,0.0,0,0.0,0,0.0,0,0.0,0
2012-10-31T09:22:37.500,2248,9788,2248.2,2,0.0,0,0.0,0,0.0,0,0.0,0,2248.4,7,0.0,0,0.0,0,0.0,0,0.0,0
2012-10-31T09:22:38.000,2248.4,9791,2248.2,1,0.0,0,0.0,0,0.0,0,0.0,0,2248.4,5,0.0,0,0.0,0,0.0,0,0.0,0
2012-10-31T09:22:38.500,2248,9793,2248,31,0.0,0,0.0,0,0.0,0,0.0,0,2248.4,5,0.0,0,0.0,0,0.0,0,0.0,0
2012-10-31T09:22:39.000,2248.4,9794,2248,31,0.0,0,0.0,0,0.0,0,0.0,0,2248.4,5,0.0,0,0.0,0,0.0,0,0.0,0
2012-10-31T09:22:39.500,2248.4,9795,2248.2,3,0.0,0,0.0,0,0.0,0,0.0,0,2248.4,5,0.0,0,0.0,0,0.0,0,0.0,0
2012-10-31T09:22:40.000,2248.2,9796,2248.2,2,0.0,0,0.0,0,0.0,0,0.0,0,2248.4,5,0.0,0,0.0,0,0.0,0,0.0,0
2012-10-31T09:22:40.500,2248.4,9812,2248.4,7,0.0,0,0.0,0,0.0,0,0.0,0,2248.6,10,0.0,0,0.0,0,0.0,0,0.0,0
2012-10-31T09:22:41.250,2248.6,9815,2248.4,7,0.0,0,0.0,0,0.0,0,0.0,0,2248.6,8,0.0,0,0.0,0,0.0,0,0.0,0
2012-10-31T09:22:42.000,2248.4,9822,2248.2,2,0.0,0,0.0,0,0.0,0,0.0,0,2248.4,13,0.0,0,0.0,0,0.0,0,0.0,0
2012-10-31T09:22:42.500,2248.4,9826,2248.2,6,0.0,0,0.0,0,0.0,0,0.0,0,2248.4,9,0.0,0,0.0,0,0.0,0,0.0,0
2012-10-31T09:22:43.000,2248.4,9828,2248.2,6,0.0,0,0.0,0,0.0,0,0.0,0,2248.4,9,0.0,0,0.0,0,0.0,0,0.0,0
2012-10-31T09:22:43.500,2248.4,9834,2248.2,9,0.0,0,0.0,0,0.0,0,0.0,0,2248.4,3,0.0,0,0.0,0,0.0,0,0.0,0
2012-10-31T09:22:44.250,2248.4,9835,2248.2,9,0.0,0,0.0,0,0.0,0,0.0,0,2248.4,4,0.0,0,0.0,0,0.0,0,0.0,0
2012-10-31T09:22:46.250,2248.2,9836,2248.2,10,0.0,0,0.0,0,0.0,0,0.0,0,2248.4,5,0.0,0,0.0,0,0.0,0,0.0,0
2012-10-31T09:22:47.250,2248.2,9842,2248.2,7,0.0,0,0.0,0,0.0,0,0.0,0,2248.4,5,0.0,0,0.0,0,0.0,0,0.0,0
2012-10-31T09:22:48.250,2248.4,9843,2248.2,9,0.0,0,0.0,0,0.0,0,0.0,0,2248.4,5,0.0,0,0.0,0,0.0,0,0.0,0
2012-10-31T09:22:49.250,2248.2,9844,2248.2,8,0.0,0,0.0,0,0.0,0,0.0,0,2248.4,7,0.0,0,0.0,0,0.0,0,0.0,0
2012-10-31T09:22:50.000,2248.2,9849,2248.2,5,0.0,0,0.0,0,0.0,0,0.0,0,2248.4,5,0.0,0,0.0,0,0.0,0,0.0,0
2012-10-31T09:22:50.500,2248.4,9850,2248.2,5,0.0,0,0.0,0,0.0,0,0.0,0,2248.4,4,0.0,0,0.0,0,0.0,0,0.0,0
2012-10-31T09:22:51.000,2248.4,9852,2248.2,14,0.0,0,0.0,0,0.0,0,0.0,0,2248.4,3,0.0,0,0.0,0,0.0,0,0.0,0
2012-10-31T09:22:51.500,2248.4,9858,2248.2,10,0.0,0,0.0,0,0.0,0,0.0,0,2248.4,2,0.0,0,0.0,0,0.0,0,0.0,0
2012-10-31T09:22:52.000,2248.4,9859,2248.2,10,0.0,0,0.0,0,0.0,0,0.0,0,2248.4,1,0.0,0,0.0,0,0.0,0,0.0,0
2012-10-31T09:22:52.500,2248.2,9860,2248.2,9,0.0,0,0.0,0,0.0,0,0.0,0,2248.4,1,0.0,0,0.0,0,0.0,0,0.0,0
2012-10-31T09:22:53.250,2248.4,9861,2248.2,9,0.0,0,0.0,0,0.0,0,0.0,0,2248.6,14,0.0,0,0.0,0,0.0,0,0.0,0
2012-10-31T09:22:54.250,2248.2,9870,2248,51,0.0,0,0.0,0,0.0,0,0.0,0,2248.2,2,0.0,0,0.0,0,0.0,0,0.0,0
2012-10-31T09:22:58.000,2248,9874,2248,61,0.0,0,0.0,0,0.0,0,0.0,0,2248.2,2,0.0,0,0.0,0,0.0,0,0.0,0
2012-10-31T09:22:58.500,2248.2,9876,2248,63,0.0,0,0.0,0,0.0,0,0.0,0,2248.2,1,0.0,0,0.0,0,0.0,0,0.0,0
2012-10-31T09:22:59.000,2248.2,9877,2248.2,1,0.0,0,0.0,0,0.0,0,0.0,0,2248.4,9,0.0,0,0.0,0,0.0,0,0.0,0
2012-10-31T09:22:59.500,2248,9880,2248,61,0.0,0,0.0,0,0.0,0,0.0,0,2248.4,10,0.0,0,0.0,0,0.0,0,0.0,0
2012-10-31T09:23:00.000,2248,9881,2248,60,0.0,0,0.0,0,0.0,0,0.0,0,2248.4,10,0.0,0,0.0,0,0.0,0,0.0,0
2012-10-31T09:23:00.500,2248.4,9882,2248,60,0.0,0,0.0,0,0.0,0,0.0,0,2248.4,9,0.0,0,0.0,0,0.0,0,0.0,0
2012-10-31T09:23:01.000,2248.2,9883,2248.2,14,0.0,0,0.0,0,0.0,0,0.0,0,2248.4,9,0.0,0,0.0,0,0.0,0,0.0,0
2012-10-31T09:23:01.500,2248.2,9885,2248.2,13,0.0,0,0.0,0,0.0,0,0.0,0,2248.4,9,0.0,0,0.0,0,0.0,0,0.0,0
2012-10-31T09:23:02.250,2248.2,9887,2248.2,12,0.0,0,0.0,0,0.0,0,0.0,0,2248.4,11,0.0,0,0.0,0,0.0,0,0.0,0
2012-10-31T09:23:03.000,2248.2,9889,2248.2,11,0.0,0,0.0,0,0.0,0,0.0,0,2248.4,10,0.0,0,0.0,0,0.0,0,0.0,0
2012-10-31T09:23:03.500,2248.2,9890,2248.2,17,0.0,0,0.0,0,0.0,0,0.0,0,2248.4,17,0.0,0,0.0,0,0.0,0,0.0,0
2012-10-31T09:23:04.000,2248.2,9892,2248.2,15,0.0,0,0.0,0,0.0,0,0.0,0,2248.4,17,0.0,0,0.0,0,0.0,0,0.0,0
2012-10-31T09:23:04.500,2248.4,9905,2248.2,4,0.0,0,0.0,0,0.0,0,0.0,0,2248.4,15,0.0,0,0.0,0,0.0,0,0.0,0
2012-10-31T09:23:05.250,2248.4,9908,2248.2,5,0.0,0,0.0,0,0.0,0,0.0,0,2248.4,14,0.0,0,0.0,0,0.0,0,0.0,0
2012-10-31T09:23:06.000,2248.2,9912,2248.2,3,0.0,0,0.0,0,0.0,0,0.0,0,2248.4,15,0.0,0,0.0,0,0.0,0,0.0,0
2012-10-31T09:23:06.500,2248.2,9914,2248.2,26,0.0,0,0.0,0,0.0,0,0.0,0,2248.4,15,0.0,0,0.0,0,0.0,0,0.0,0
2012-10-31T09:23:07.250,2248.4,9918,2248.2,26,0.0,0,0.0,0,0.0,0,0.0,0,2248.4,17,0.0,0,0.0,0,0.0,0,0.0,0
2012-10-31T09:23:08.000,2248.4,9925,2248.2,26,0.0,0,0.0,0,0.0,0,0.0,0,2248.4,10,0.0,0,0.0,0,0.0,0,0.0,0
2012-10-31T09:23:08.500,2248.4,9935,2248.4,5,0.0,0,0.0,0,0.0,0,0.0,0,2248.6,28,0.0,0,0.0,0,0.0,0,0.0,0
2012-10-31T09:23:09.000,2248.6,9940,2248.4,5,0.0,0,0.0,0,0.0,0,0.0,0,2248.6,23,0.0,0,0.0,0,0.0,0,0.0,0
2012-10-31T09:23:09.500,2248.4,9942,2248.4,3,0.0,0,0.0,0,0.0,0,0.0,0,2248.6,23,0.0,0,0.0,0,0.0,0,0.0,0
2012-10-31T09:23:10.000,2248.6,9945,2248.4,2,0.0,0,0.0,0,0.0,0,0.0,0,2248.6,21,0.0,0,0.0,0,0.0,0,0.0,0
2012-10-31T09:23:10.500,2248.6,9965,2248.4,2,0.0,0,0.0,0,0.0,0,0.0,0,2248.6,2,0.0,0,0.0,0,0.0,0,0.0,0
2012-10-31T09:23:11.000,2248.6,9967,2248.6,14,0.0,0,0.0,0,0.0,0,0.0,0,2248.8,42,0.0,0,0.0,0,0.0,0,0.0,0
2012-10-31T09:23:11.500,2248.8,9969,2248.6,15,0.0,0,0.0,0,0.0,0,0.0,0,2248.8,41,0.0,0,0.0,0,0.0,0,0.0,0
2012-10-31T09:23:12.000,2248.8,9970,2248.6,16,0.0,0,0.0,0,0.0,0,0.0,0,2248.8,36,0.0,0,0.0,0,0.0,0,0.0,0
2012-10-31T09:23:12.500,2248.8,9976,2248.6,14,0.0,0,0.0,0,0.0,0,0.0,0,2248.8,32,0.0,0,0.0,0,0.0,0,0.0,0
2012-10-31T09:23:13.000,2248.8,9977,2248.6,14,0.0,0,0.0,0,0.0,0,0.0,0,2248.8,31,0.0,0,0.0,0,0.0,0,0.0,0
2012-10-31T09:23:13.500,2248.8,9979,2248.6,13,0.0,0,0.0,0,0.0,0,0.0,0,2248.8,30,0.0,0,0.0,0,0.0,0,0.0,0
2012-10-31T09:23:14.250,2248.8,9981,2248.6,13,0.0,0,0.0,0,0.0,0,0.0,0,2248.8,28,0.0,0,0.0,0,0.0,0,0.0,0
2012-10-31T09:23:15.250,2248.8,9987,2248.6,10,0.0,0,0.0,0,0.0,0,0.0,0,2248.8,37,0.0,0,0.0,0,0.0,0,0.0,0
2012-10-31T09:23:16.000,2248.8,9988,2248.6,10,0.0,0,0.0,0,0.0,0,0.0,0,2248.8,36,0.0,0,0.0,0,0.0,0,0.0,0
2012-10-31T09:23:16.500,2248.8,9989,2248.6,10,0.0,0,0.0,0,0.0,0,0.0,0,2248.8,35,0.0,0,0.0,0,0.0,0,0.0,0
2012-10-31T09:23:17.000,2248.8,9995,2248.6,11,0.0,0,0.0,0,0.0,0,0.0,0,2248.8,30,0.0,0,0.0,0,0.0,0,0.0,0
2012-10-31T09:23:17.500,2248.8,9996,2248.6,11,0.0,0,0.0,0,0.0,0,0.0,0,2248.8,29,0.0,0,0.0,0,0.0,0,0.0,0
2012-10-31T09:23:18.000,2248.6,9997,2248.6,10,0.0,0,0.0,0,0.0,0,0.0,0,2248.8,30,0.0,0,0.0,0,0.0,0,0.0,0
2012-10-31T09:23:18.500,2248.8,9998,2248.6,9,0.0,0,0.0,0,0.0,0,0.0,0,2248.8,29,0.0,0,0.0,0,0.0,0,0.0,0
2012-10-31T09:23:19.250,2248.6,9999,2248.6,8,0.0,0,0.0,0,0.0,0,0.0,0,2248.8,30,0.0,0,0.0,0,0.0,0,0.0,0
2012-10-31T09:23:20.000,2248.6,10007,2248.4,24,0.0,0,0.0,0,0.0,0,0.0,0,2248.6,3,0.0,0,0.0,0,0.0,0,0.0,0
2012-10-31T09:23:20.500,2248.6,10010,2248.6,71,0.0,0,0.0,0,0.0,0,0.0,0,2248.8,31,0.0,0,0.0,0,0.0,0,0.0,0
2012-10-31T09:23:21.000,2248.6,10013,2248.6,70,0.0,0,0.0,0,0.0,0,0.0,0,2248.8,45,0.0,0,0.0,0,0.0,0,0.0,0
2012-10-31T09:23:21.500,2248.8,10031,2248.6,72,0.0,0,0.0,0,0.0,0,0.0,0,2248.8,18,0.0,0,0.0,0,0.0,0,0.0,0
2012-10-31T09:23:22.250,2248.8,10035,2248.6,70,0.0,0,0.0,0,0.0,0,0.0,0,2248.8,16,0.0,0,0.0,0,0.0,0,0.0,0
2012-10-31T09:23:23.000,2248.6,10038,2248.6,4,0.0,0,0.0,0,0.0,0,0.0,0,2248.8,14,0.0,0,0.0,0,0.0,0,0.0,0
2012-10-31T09:23:23.500,2248.6,10041,2248.6,3,0.0,0,0.0,0,0.0,0,0.0,0,2248.8,12,0.0,0,0.0,0,0.0,0,0.0,0
2012-10-31T09:23:24.000,2248.6,10043,2248.6,1,0.0,0,0.0,0,0.0,0,0.0,0,2248.8,14,0.0,0,0.0,0,0.0,0,0.0,0
2012-10-31T09:23:24.500,2248.6,10044,2248.4,25,0.0,0,0.0,0,0.0,0,0.0,0,2248.6,14,0.0,0,0.0,0,0.0,0,0.0,0
2012-10-31T09:23:25.000,2248.8,10073,2248.8,38,0.0,0,0.0,0,0.0,0,0.0,0,2249,54,0.0,0,0.0,0,0.0,0,0.0,0
2012-10-31T09:23:25.500,2249,10076,2248.8,39,0.0,0,0.0,0,0.0,0,0.0,0,2249,51,0.0,0,0.0,0,0.0,0,0.0,0
2012-10-31T09:23:26.000,2248.8,10078,2248.8,39,0.0,0,0.0,0,0.0,0,0.0,0,2249,52,0.0,0,0.0,0,0.0,0,0.0,0
2012-10-31T09:23:26.500,2248.8,10079,2248.8,38,0.0,0,0.0,0,0.0,0,0.0,0,2249,53,0.0,0,0.0,0,0.0,0,0.0,0
2012-10-31T09:23:27.000,2249,10081,2248.8,38,0.0,0,0.0,0,0.0,0,0.0,0,2249,52,0.0,0,0.0,0,0.0,0,0.0,0
2012-10-31T09:23:27.500,2249,10084,2248.8,38,0.0,0,0.0,0,0.0,0,0.0,0,2249,50,0.0,0,0.0,0,0.0,0,0.0,0
2012-10-31T09:23:28.000,2249,10088,2248.8,37,0.0,0,0.0,0,0.0,0,0.0,0,2249,46,0.0,0,0.0,0,0.0,0,0.0,0
2012-10-31T09:23:28.500,2249,10089,2248.8,37,0.0,0,0.0,0,0.0,0,0.0,0,2249,46,0.0,0,0.0,0,0.0,0,0.0,0
2012-10-31T09:23:29.000,2249,10094,2248.8,37,0.0,0,0.0,0,0.0,0,0.0,0,2249,41,0.0,0,0.0,0,0.0,0,0.0,0
2012-10-31T09:23:29.500,2248.8,10105,2248.8,27,0.0,0,0.0,0,0.0,0,0.0,0,2249,40,0.0,0,0.0,0,0.0,0,0.0,0
2012-10-31T09:23:30.000,2249,10111,2248.8,25,0.0,0,0.0,0,0.0,0,0.0,0,2249,37,0.0,0,0.0,0,0.0,0,0.0,0
2012-10-31T09:23:30.500,2249,10112,2248.8,25,0.0,0,0.0,0,0.0,0,0.0,0,2249,36,0.0,0,0.0,0,0.0,0,0.0,0
2012-10-31T09:23:31.000,2248.8,10114,2248.8,25,0.0,0,0.0,0,0.0,0,0.0,0,2249,36,0.0,0,0.0,0,0.0,0,0.0,0
2012-10-31T09:23:31.500,2249,10118,2248.8,25,0.0,0,0.0,0,0.0,0,0.0,0,2249,32,0.0,0,0.0,0,0.0,0,0.0,0
2012-10-31T09:23:32.250,2248.8,10122,2248.8,24,0.0,0,0.0,0,0.0,0,0.0,0,2249,34,0.0,0,0.0,0,0.0,0,0.0,0
2012-10-31T09:23:33.000,2248.8,10125,2248.8,23,0.0,0,0.0,0,0.0,0,0.0,0,2249,33,0.0,0,0.0,0,0.0,0,0.0,0
2012-10-31T09:23:33.500,2249,10128,2248.8,23,0.0,0,0.0,0,0.0,0,0.0,0,2249,30,0.0,0,0.0,0,0.0,0,0.0,0
2012-10-31T09:23:34.250,2249,10129,2248.8,23,0.0,0,0.0,0,0.0,0,0.0,0,2249,29,0.0,0,0.0,0,0.0,0,0.0,0
2012-10-31T09:23:36.250,2248.8,10131,2248.8,24,0.0,0,0.0,0,0.0,0,0.0,0,2249,31,0.0,0,0.0,0,0.0,0,0.0,0
2012-10-31T09:23:37.000,2249,10134,2248.8,24,0.0,0,0.0,0,0.0,0,0.0,0,2249,32,0.0,0,0.0,0,0.0,0,0.0,0
2012-10-31T09:23:37.500,2249,10157,2248.8,24,0.0,0,0.0,0,0.0,0,0.0,0,2249,10,0.0,0,0.0,0,0.0,0,0.0,0
2012-10-31T09:23:38.250,2249,10163,2248.8,23,0.0,0,0.0,0,0.0,0,0.0,0,2249,6,0.0,0,0.0,0,0.0,0,0.0,0
2012-10-31T09:23:39.250,2249,10168,2248.8,25,0.0,0,0.0,0,0.0,0,0.0,0,2249,1,0.0,0,0.0,0,0.0,0,0.0,0
2012-10-31T09:23:40.000,2248.8,10171,2248.8,23,0.0,0,0.0,0,0.0,0,0.0,0,2249,5,0.0,0,0.0,0,0.0,0,0.0,0
2012-10-31T09:23:40.500,2249,10173,2248.8,23,0.0,0,0.0,0,0.0,0,0.0,0,2249,3,0.0,0,0.0,0,0.0,0,0.0,0
2012-10-31T09:23:41.000,2249,10177,2248.8,23,0.0,0,0.0,0,0.0,0,0.0,0,2249,8,0.0,0,0.0,0,0.0,0,0.0,0
2012-10-31T09:23:41.500,2249,10180,2248.8,24,0.0,0,0.0,0,0.0,0,0.0,0,2249,6,0.0,0,0.0,0,0.0,0,0.0,0
2012-10-31T09:23:42.250,2248.8,10181,2248.8,11,0.0,0,0.0,0,0.0,0,0.0,0,2249,7,0.0,0,0.0,0,0.0,0,0.0,0
2012-10-31T09:23:43.000,2249,10182,2248.8,12,0.0,0,0.0,0,0.0,0,0.0,0,2249,7,0.0,0,0.0,0,0.0,0,0.0,0
2012-10-31T09:23:43.500,2249,10183,2248.8,11,0.0,0,0.0,0,0.0,0,0.0,0,2249,10,0.0,0,0.0,0,0.0,0,0.0,0
2012-10-31T09:23:44.000,2249,10184,2248.8,11,0.0,0,0.0,0,0.0,0,0.0,0,2249,12,0.0,0,0.0,0,0.0,0,0.0,0
2012-10-31T09:23:44.500,2248.8,10190,2248.8,9,0.0,0,0.0,0,0.0,0,0.0,0,2249,8,0.0,0,0.0,0,0.0,0,0.0,0
2012-10-31T09:23:45.250,2248.8,10191,2248.8,8,0.0,0,0.0,0,0.0,0,0.0,0,2249,11,0.0,0,0.0,0,0.0,0,0.0,0
2012-10-31T09:23:46.250,2248.8,10192,2248.8,9,0.0,0,0.0,0,0.0,0,0.0,0,2249,12,0.0,0,0.0,0,0.0,0,0.0,0
2012-10-31T09:23:47.000,2249,10193,2248.8,9,0.0,0,0.0,0,0.0,0,0.0,0,2249,14,0.0,0,0.0,0,0.0,0,0.0,0
2012-10-31T09:23:47.500,2248.8,10204,2248.6,31,0.0,0,0.0,0,0.0,0,0.0,0,2249,15,0.0,0,0.0,0,0.0,0,0.0,0
2012-10-31T09:23:48.250,2248.8,10205,2248.6,31,0.0,0,0.0,0,0.0,0,0.0,0,2249,18,0.0,0,0.0,0,0.0,0,0.0,0
2012-10-31T09:23:49.000,2248.6,10208,2248.6,28,0.0,0,0.0,0,0.0,0,0.0,0,2249,20,0.0,0,0.0,0,0.0,0,0.0,0
2012-10-31T09:23:49.500,2248.6,10209,2248.6,27,0.0,0,0.0,0,0.0,0,0.0,0,2249,22,0.0,0,0.0,0,0.0,0,0.0,0
2012-10-31T09:23:50.000,2248.6,10210,2248.6,26,0.0,0,0.0,0,0.0,0,0.0,0,2249,24,0.0,0,0.0,0,0.0,0,0.0,0
2012-10-31T09:23:50.500,2248.6,10212,2248.6,24,0.0,0,0.0,0,0.0,0,0.0,0,2249,30,0.0,0,0.0,0,0.0,0,0.0,0
2012-10-31T09:23:51.000,2248.6,10217,2248.6,19,0.0,0,0.0,0,0.0,0,0.0,0,2248.8,1,0.0,0,0.0,0,0.0,0,0.0,0
2012-10-31T09:23:51.500,2248.8,10218,2248.6,19,0.0,0,0.0,0,0.0,0,0.0,0,2248.8,9,0.0,0,0.0,0,0.0,0,0.0,0
2012-10-31T09:23:52.000,2248.6,10237,2248.4,42,0.0,0,0.0,0,0.0,0,0.0,0,2248.6,4,0.0,0,0.0,0,0.0,0,0.0,0
2012-10-31T09:23:52.500,2248.4,10242,2248.4,37,0.0,0,0.0,0,0.0,0,0.0,0,2248.6,2,0.0,0,0.0,0,0.0,0,0.0,0
2012-10-31T09:23:53.000,2248.4,10243,2248.4,35,0.0,0,0.0,0,0.0,0,0.0,0,2248.6,1,0.0,0,0.0,0,0.0,0,0.0,0
2012-10-31T09:23:53.500,2248.4,10244,2248.4,34,0.0,0,0.0,0,0.0,0,0.0,0,2248.6,17,0.0,0,0.0,0,0.0,0,0.0,0
2012-10-31T09:23:54.250,2248.6,10245,2248.4,34,0.0,0,0.0,0,0.0,0,0.0,0,2248.6,16,0.0,0,0.0,0,0.0,0,0.0,0
2012-10-31T09:23:55.000,2248.4,10246,2248.4,33,0.0,0,0.0,0,0.0,0,0.0,0,2248.6,16,0.0,0,0.0,0,0.0,0,0.0,0
2012-10-31T09:23:55.500,2248.4,10257,2248.4,31,0.0,0,0.0,0,0.0,0,0.0,0,2248.6,8,0.0,0,0.0,0,0.0,0,0.0,0
2012-10-31T09:23:56.000,2248.4,10259,2248.4,29,0.0,0,0.0,0,0.0,0,0.0,0,2248.6,8,0.0,0,0.0,0,0.0,0,0.0,0
2012-10-31T09:23:56.500,2248.4,10261,2248.4,27,0.0,0,0.0,0,0.0,0,0.0,0,2248.6,8,0.0,0,0.0,0,0.0,0,0.0,0
2012-10-31T09:23:57.000,2248.4,10262,2248.4,27,0.0,0,0.0,0,0.0,0,0.0,0,2248.6,8,0.0,0,0.0,0,0.0,0,0.0,0
2012-10-31T09:23:57.500,2248.6,10269,2248.4,28,0.0,0,0.0,0,0.0,0,0.0,0,2248.6,2,0.0,0,0.0,0,0.0,0,0.0,0
2012-10-31T09:23:58.000,2248.4,10277,2248.4,26,0.0,0,0.0,0,0.0,0,0.0,0,2248.8,3,0.0,0,0.0,0,0.0,0,0.0,0
2012-10-31T09:23:58.500,2248.6,10284,2248.4,25,0.0,0,0.0,0,0.0,0,0.0,0,2249,42,0.0,0,0.0,0,0.0,0,0.0,0
2012-10-31T09:24:00.250,2248.6,10285,2248.6,4,0.0,0,0.0,0,0.0,0,0.0,0,2249,41,0.0,0,0.0,0,0.0,0,0.0,0
2012-10-31T09:24:01.000,2249,10295,2248.4,24,0.0,0,0.0,0,0.0,0,0.0,0,2249,39,0.0,0,0.0,0,0.0,0,0.0,0
2012-10-31T09:24:01.500,2248.4,10299,2248.4,26,0.0,0,0.0,0,0.0,0,0.0,0,2248.6,1,0.0,0,0.0,0,0.0,0,0.0,0
2012-10-31T09:24:02.000,2248.6,10302,2248.4,29,0.0,0,0.0,0,0.0,0,0.0,0,2248.8,6,0.0,0,0.0,0,0.0,0,0.0,0
2012-10-31T09:24:02.500,2248.4,10304,2248.4,27,0.0,0,0.0,0,0.0,0,0.0,0,2248.8,9,0.0,0,0.0,0,0.0,0,0.0,0
2012-10-31T09:24:03.000,2248.4,10305,2248.6,30,0.0,0,0.0,0,0.0,0,0.0,0,2248.8,13,0.0,0,0.0,0,0.0,0,0.0,0
2012-10-31T09:24:03.500,2248.4,10306,2248.6,29,0.0,0,0.0,0,0.0,0,0.0,0,2248.8,14,0.0,0,0.0,0,0.0,0,0.0,0
2012-10-31T09:24:04.250,2248.8,10307,2248.6,30,0.0,0,0.0,0,0.0,0,0.0,0,2248.8,10,0.0,0,0.0,0,0.0,0,0.0,0
2012-10-31T09:24:05.000,2248.6,10316,2248.6,21,0.0,0,0.0,0,0.0,0,0.0,0,2248.8,9,0.0,0,0.0,0,0.0,0,0.0,0
2012-10-31T09:24:05.500,2248.6,10318,2248.6,19,0.0,0,0.0,0,0.0,0,0.0,0,2248.8,10,0.0,0,0.0,0,0.0,0,0.0,0
2012-10-31T09:24:06.000,2248.6,10320,2248.6,24,0.0,0,0.0,0,0.0,0,0.0,0,2248.8,12,0.0,0,0.0,0,0.0,0,0.0,0
2012-10-31T09:24:06.500,2248.6,10321,2248.6,25,0.0,0,0.0,0,0.0,0,0.0,0,2248.8,13,0.0,0,0.0,0,0.0,0,0.0,0
2012-10-31T09:24:07.000,2248.8,10325,2248.6,22,0.0,0,0.0,0,0.0,0,0.0,0,2248.8,12,0.0,0,0.0,0,0.0,0,0.0,0
