date_time,last_px,total_volume,bid1_px,bid1_qty,bid2_px,bid2_qty,bid3_px,bid3_qty,bid4_px,bid4_qty,bid5_px,bid5_qty,ask1_px,ask1_qty,ask2_px,ask2_qty,ask3_px,ask3_qty,ask4_px,ask4_qty,ask5_px,ask5_qty
2012-11-01T09:14:00.250,2257.4,204,2257.4,11,0.0,0,0.0,0,0.0,0,0.0,0,2257.6,3,0.0,0,0.0,0,0.0,0,0.0,0
2012-11-01T09:15:00.250,2257.6,334,2257.6,32,0.0,0,0.0,0,0.0,0,0.0,0,2258.4,23,0.0,0,0.0,0,0.0,0,0.0,0
2012-11-01T09:15:01.000,2258,521,2257.8,6,0.0,0,0.0,0,0.0,0,0.0,0,2258,1,0.0,0,0.0,0,0.0,0,0.0,0
2012-11-01T09:15:01.500,2257.8,629,2258,5,0.0,0,0.0,0,0.0,0,0.0,0,2258.4,31,0.0,0,0.0,0,0.0,0,0.0,0
2012-11-01T09:15:02.000,2258.6,744,2258.4,29,0.0,0,0.0,0,0.0,0,0.0,0,2258.6,51,0.0,0,0.0,0,0.0,0,0.0,0
2012-11-01T09:15:02.500,2258.4,876,2257.6,12,0.0,0,0.0,0,0.0,0,0.0,0,2258.4,32,0.0,0,0.0,0,0.0,0,0.0,0
2012-11-01T09:15:03.000,2257.8,952,2257.8,10,0.0,0,0.0,0,0.0,0,0.0,0,2258,7,0.0,0,0.0,0,0.0,0,0.0,0
2012-11-01T09:15:03.500,2257.8,1013,2257.6,45,0.0,0,0.0,0,0.0,0,0.0,0,2257.8,12,0.0,0,0.0,0,0.0,0,0.0,0
2012-11-01T09:15:04.000,2257.6,1107,2257.6,3,0.0,0,0.0,0,0.0,0,0.0,0,2257.8,1,0.0,0,0.0,0,0.0,0,0.0,0
2012-11-01T09:15:04.500,2257.6,1167,2257.4,61,0.0,0,0.0,0,0.0,0,0.0,0,2257.6,96,0.0,0,0.0,0,0.0,0,0.0,0
2012-11-01T09:15:05.000,2257.4,1240,2257.2,22,0.0,0,0.0,0,0.0,0,0.0,0,2257.4,96,0.0,0,0.0,0,0.0,0,0.0,0
2012-11-01T09:15:05.500,2257,1329,2256.6,37,0.0,0,0.0,0,0.0,0,0.0,0,2257,14,0.0,0,0.0,0,0.0,0,0.0,0
2012-11-01T09:15:06.000,2256.4,1402,2256.2,14,0.0,0,0.0,0,0.0,0,0.0,0,2256.4,22,0.0,0,0.0,0,0.0,0,0.0,0
2012-11-01T09:15:06.500,2256.4,1469,2256.2,3,0.0,0,0.0,0,0.0,0,0.0,0,2256.4,13,0.0,0,0.0,0,0.0,0,0.0,0
2012-11-01T09:15:07.000,2255.8,1512,2255.8,4,0.0,0,0.0,0,0.0,0,0.0,0,2256,39,0.0,0,0.0,0,0.0,0,0.0,0
2012-11-01T09:15:07.500,2256,1567,2256,1,0.0,0,0.0,0,0.0,0,0.0,0,2256.2,18,0.0,0,0.0,0,0.0,0,0.0,0
2012-11-01T09:15:08.000,2256.2,1622,2256.2,15,0.0,0,0.0,0,0.0,0,0.0,0,2256.4,12,0.0,0,0.0,0,0.0,0,0.0,0
2012-11-01T09:15:08.500,2256.2,1662,2255.8,2,0.0,0,0.0,0,0.0,0,0.0,0,2256.2,12,0.0,0,0.0,0,0.0,0,0.0,0
2012-11-01T09:15:09.000,2256,1716,2255.6,20,0.0,0,0.0,0,0.0,0,0.0,0,2256.2,1,0.0,0,0.0,0,0.0,0,0.0,0
2012-11-01T09:15:09.500,2256.4,1780,2256.4,1,0.0,0,0.0,0,0.0,0,0.0,0,2256.6,6,0.0,0,0.0,0,0.0,0,0.0,0
2012-11-01T09:15:10.000,2256.4,1790,2256.2,23,0.0,0,0.0,0,0.0,0,0.0,0,2256.4,23,0.0,0,0.0,0,0.0,0,0.0,0
2012-11-01T09:15:10.500,2256,1829,2255.8,8,0.0,0,0.0,0,0.0,0,0.0,0,2256,24,0.0,0,0.0,0,0.0,0,0.0,0
2012-11-01T09:15:11.000,2255.6,1917,2255.4,35,0.0,0,0.0,0,0.0,0,0.0,0,2255.6,10,0.0,0,0.0,0,0.0,0,0.0,0
2012-11-01T09:15:11.500,2255.4,1988,2255.4,14,0.0,0,0.0,0,0.0,0,0.0,0,2256.4,1,0.0,0,0.0,0,0.0,0,0.0,0
2012-11-01T09:15:12.000,2256.2,2023,2256,5,0.0,0,0.0,0,0.0,0,0.0,0,2256.2,7,0.0,0,0.0,0,0.0,0,0.0,0
2012-11-01T09:15:12.500,2256.8,2061,2256,12,0.0,0,0.0,0,0.0,0,0.0,0,2256.2,1,0.0,0,0.0,0,0.0,0,0.0,0
2012-11-01T09:15:13.000,2256,2072,2256.2,2,0.0,0,0.0,0,0.0,0,0.0,0,2256.4,3,0.0,0,0.0,0,0.0,0,0.0,0
2012-11-01T09:15:13.500,2256.4,2084,2256.6,12,0.0,0,0.0,0,0.0,0,0.0,0,2256.8,1,0.0,0,0.0,0,0.0,0,0.0,0
2012-11-01T09:15:14.000,2256.4,2108,2256.4,8,0.0,0,0.0,0,0.0,0,0.0,0,2256.6,3,0.0,0,0.0,0,0.0,0,0.0,0
2012-11-01T09:15:14.500,2256.8,2130,2256.8,10,0.0,0,0.0,0,0.0,0,0.0,0,2257,7,0.0,0,0.0,0,0.0,0,0.0,0
2012-11-01T09:15:15.000,2256,2185,2256,20,0.0,0,0.0,0,0.0,0,0.0,0,2256.8,2,0.0,0,0.0,0,0.0,0,0.0,0
2012-11-01T09:15:15.500,2256.8,2206,2256.4,1,0.0,0,0.0,0,0.0,0,0.0,0,2256.8,15,0.0,0,0.0,0,0.0,0,0.0,0
2012-11-01T09:15:16.000,2256.8,2229,2256.6,7,0.0,0,0.0,0,0.0,0,0.0,0,2256.8,5,0.0,0,0.0,0,0.0,0,0.0,0
2012-11-01T09:15:16.500,2257,2247,2257,3,0.0,0,0.0,0,0.0,0,0.0,0,2257.2,10,0.0,0,0.0,0,0.0,0,0.0,0
2012-11-01T09:15:17.000,2256.8,2258,2256.6,1,0.0,0,0.0,0,0.0,0,0.0,0,2257,3,0.0,0,0.0,0,0.0,0,0.0,0
2012-11-01T09:15:17.500,2256.8,2268,2256.4,2,0.0,0,0.0,0,0.0,0,0.0,0,2256.8,2,0.0,0,0.0,0,0.0,0,0.0,0
2012-11-01T09:15:18.000,2257.2,2288,2257,5,0.0,0,0.0,0,0.0,0,0.0,0,2257.2,10,0.0,0,0.0,0,0.0,0,0.0,0
2012-11-01T09:15:18.500,2257.4,2302,2257.2,2,0.0,0,0.0,0,0.0,0,0.0,0,2257.4,27,0.0,0,0.0,0,0.0,0,0.0,0
2012-11-01T09:15:19.000,2257.4,2381,2257.4,13,0.0,0,0.0,0,0.0,0,0.0,0,2257.6,105,0.0,0,0.0,0,0.0,0,0.0,0
2012-11-01T09:15:19.500,2257.4,2388,2257.4,9,0.0,0,0.0,0,0.0,0,0.0,0,2257.6,104,0.0,0,0.0,0,0.0,0,0.0,0
2012-11-01T09:15:20.000,2257.6,2428,2257.2,3,0.0,0,0.0,0,0.0,0,0.0,0,2257.6,88,0.0,0,0.0,0,0.0,0,0.0,0
2012-11-01T09:15:20.500,2257.6,2452,2256.8,11,0.0,0,0.0,0,0.0,0,0.0,0,2257.6,68,0.0,0,0.0,0,0.0,0,0.0,0
2012-11-01T09:15:21.000,2257,2549,2256.8,10,0.0,0,0.0,0,0.0,0,0.0,0,2257,9,0.0,0,0.0,0,0.0,0,0.0,0
2012-11-01T09:15:21.500,2257,2590,2257,5,0.0,0,0.0,0,0.0,0,0.0,0,2257.4,7,0.0,0,0.0,0,0.0,0,0.0,0
2012-11-01T09:15:22.000,2257.4,2596,2257.2,1,0.0,0,0.0,0,0.0,0,0.0,0,2257.4,25,0.0,0,0.0,0,0.0,0,0.0,0
2012-11-01T09:15:22.500,2257.4,2627,2257,47,0.0,0,0.0,0,0.0,0,0.0,0,2257.2,1,0.0,0,0.0,0,0.0,0,0.0,0
2012-11-01T09:15:23.000,2257.4,2660,2257,38,0.0,0,0.0,0,0.0,0,0.0,0,2257.4,20,0.0,0,0.0,0,0.0,0,0.0,0
2012-11-01T09:15:23.500,2257.4,2680,2257,23,0.0,0,0.0,0,0.0,0,0.0,0,2257.4,15,0.0,0,0.0,0,0.0,0,0.0,0
2012-11-01T09:15:24.000,2257.4,2683,2257.2,3,0.0,0,0.0,0,0.0,0,0.0,0,2257.4,3,0.0,0,0.0,0,0.0,0,0.0,0
2012-11-01T09:15:24.500,2257.4,2691,2257.4,31,0.0,0,0.0,0,0.0,0,0.0,0,2257.6,71,0.0,0,0.0,0,0.0,0,0.0,0
2012-11-01T09:15:25.000,2257.4,2707,2257.4,21,0.0,0,0.0,0,0.0,0,0.0,0,2257.6,70,0.0,0,0.0,0,0.0,0,0.0,0
2012-11-01T09:15:25.500,2257,2814,2256.8,18,0.0,0,0.0,0,0.0,0,0.0,0,2257,37,0.0,0,0.0,0,0.0,0,0.0,0
2012-11-01T09:15:26.000,2256.8,2921,2257,20,0.0,0,0.0,0,0.0,0,0.0,0,2257.4,1,0.0,0,0.0,0,0.0,0,0.0,0
2012-11-01T09:15:26.500,2257.6,2965,2257.6,13,0.0,0,0.0,0,0.0,0,0.0,0,2257.8,19,0.0,0,0.0,0,0.0,0,0.0,0
2012-11-01T09:15:27.000,2257,3015,2257,17,0.0,0,0.0,0,0.0,0,0.0,0,2258,13,0.0,0,0.0,0,0.0,0,0.0,0
2012-11-01T09:15:27.500,2257.4,3024,2257.2,73,0.0,0,0.0,0,0.0,0,0.0,0,2257.4,1,0.0,0,0.0,0,0.0,0,0.0,0
2012-11-01T09:15:28.000,2257.4,3033,2257.4,35,0.0,0,0.0,0,0.0,0,0.0,0,2257.6,5,0.0,0,0.0,0,0.0,0,0.0,0
2012-11-01T09:15:28.500,2257.6,3041,2257.6,68,0.0,0,0.0,0,0.0,0,0.0,0,2257.8,18,0.0,0,0.0,0,0.0,0,0.0,0
2012-11-01T09:15:29.000,2257.8,3060,2257.8,2,0.0,0,0.0,0,0.0,0,0.0,0,2258,40,0.0,0,0.0,0,0.0,0,0.0,0
2012-11-01T09:15:29.500,2257.8,3075,2257.8,1,0.0,0,0.0,0,0.0,0,0.0,0,2258,36,0.0,0,0.0,0,0.0,0,0.0,0
2012-11-01T09:15:30.000,2258,3093,2257.6,68,0.0,0,0.0,0,0.0,0,0.0,0,2258,24,0.0,0,0.0,0,0.0,0,0.0,0
2012-11-01T09:15:30.500,2258,3125,2258,62,0.0,0,0.0,0,0.0,0,0.0,0,2258.2,7,0.0,0,0.0,0,0.0,0,0.0,0
2012-11-01T09:15:31.000,2258,3151,2258.2,13,0.0,0,0.0,0,0.0,0,0.0,0,2258.4,8,0.0,0,0.0,0,0.0,0,0.0,0
2012-11-01T09:15:31.500,2258.4,3164,2258.4,13,0.0,0,0.0,0,0.0,0,0.0,0,2258.6,51,0.0,0,0.0,0,0.0,0,0.0,0
2012-11-01T09:15:32.000,2258.6,3184,2258.4,1,0.0,0,0.0,0,0.0,0,0.0,0,2258.6,45,0.0,0,0.0,0,0.0,0,0.0,0
2012-11-01T09:15:32.500,2258.6,3245,2258.2,16,0.0,0,0.0,0,0.0,0,0.0,0,2258.6,16,0.0,0,0.0,0,0.0,0,0.0,0
2012-11-01T09:15:33.000,2258.6,3270,2258.6,5,0.0,0,0.0,0,0.0,0,0.0,0,2258.8,30,0.0,0,0.0,0,0.0,0,0.0,0
2012-11-01T09:15:33.500,2258.8,3285,2258.6,20,0.0,0,0.0,0,0.0,0,0.0,0,2258.8,24,0.0,0,0.0,0,0.0,0,0.0,0
2012-11-01T09:15:34.000,2258.2,3360,2258,61,0.0,0,0.0,0,0.0,0,0.0,0,2258.6,16,0.0,0,0.0,0,0.0,0,0.0,0
2012-11-01T09:15:34.500,2258.6,3443,2258.6,12,0.0,0,0.0,0,0.0,0,0.0,0,2258.8,12,0.0,0,0.0,0,0.0,0,0.0,0
2012-11-01T09:15:35.000,2258.6,3474,2258.6,21,0.0,0,0.0,0,0.0,0,0.0,0,2258.8,3,0.0,0,0.0,0,0.0,0,0.0,0
2012-11-01T09:15:35.500,2258.6,3506,2258.4,3,0.0,0,0.0,0,0.0,0,0.0,0,2258.6,8,0.0,0,0.0,0,0.0,0,0.0,0
2012-11-01T09:15:36.000,2258.6,3560,2258.2,37,0.0,0,0.0,0,0.0,0,0.0,0,2258.6,5,0.0,0,0.0,0,0.0,0,0.0,0
2012-11-01T09:15:36.500,2258.6,3581,2258.2,39,0.0,0,0.0,0,0.0,0,0.0,0,2258.4,1,0.0,0,0.0,0,0.0,0,0.0,0
2012-11-01T09:15:37.000,2258.6,3604,2258.4,4,0.0,0,0.0,0,0.0,0,0.0,0,2258.6,18,0.0,0,0.0,0,0.0,0,0.0,0
2012-11-01T09:15:37.500,2258.4,3618,2258.4,3,0.0,0,0.0,0,0.0,0,0.0,0,2258.6,13,0.0,0,0.0,0,0.0,0,0.0,0
2012-11-01T09:15:38.000,2258.4,3639,2258.2,22,0.0,0,0.0,0,0.0,0,0.0,0,2258.4,3,0.0,0,0.0,0,0.0,0,0.0,0
2012-11-01T09:15:38.500,2258.4,3668,2258.2,9,0.0,0,0.0,0,0.0,0,0.0,0,2258.4,2,0.0,0,0.0,0,0.0,0,0.0,0
2012-11-01T09:15:39.000,2258.2,3694,2258,23,0.0,0,0.0,0,0.0,0,0.0,0,2258.4,25,0.0,0,0.0,0,0.0,0,0.0,0
2012-11-01T09:15:39.500,2258,3706,2258,23,0.0,0,0.0,0,0.0,0,0.0,0,2258.4,39,0.0,0,0.0,0,0.0,0,0.0,0
2012-11-01T09:15:40.000,2258,3724,2258,25,0.0,0,0.0,0,0.0,0,0.0,0,2258.2,15,0.0,0,0.0,0,0.0,0,0.0,0
2012-11-01T09:15:40.500,2258.2,3766,2258.2,60,0.0,0,0.0,0,0.0,0,0.0,0,2258.4,36,0.0,0,0.0,0,0.0,0,0.0,0
2012-11-01T09:15:41.000,2258.4,3816,2258.2,42,0.0,0,0.0,0,0.0,0,0.0,0,2258.4,10,0.0,0,0.0,0,0.0,0,0.0,0
2012-11-01T09:15:41.500,2258.4,3832,2258.4,5,0.0,0,0.0,0,0.0,0,0.0,0,2258.6,16,0.0,0,0.0,0,0.0,0,0.0,0
2012-11-01T09:15:42.000,2258.4,3859,2258.4,32,0.0,0,0.0,0,0.0,0,0.0,0,2258.6,3,0.0,0,0.0,0,0.0,0,0.0,0
2012-11-01T09:15:42.500,2258.6,3924,2258.6,12,0.0,0,0.0,0,0.0,0,0.0,0,2258.8,52,0.0,0,0.0,0,0.0,0,0.0,0
2012-11-01T09:15:43.000,2258.8,3932,2258.6,14,0.0,0,0.0,0,0.0,0,0.0,0,2258.8,49,0.0,0,0.0,0,0.0,0,0.0,0
2012-11-01T09:15:43.500,2258.8,3978,2258.6,10,0.0,0,0.0,0,0.0,0,0.0,0,2258.8,44,0.0,0,0.0,0,0.0,0,0.0,0
2012-11-01T09:15:44.000,2258.6,3990,2258.2,32,0.0,0,0.0,0,0.0,0,0.0,0,2258.6,4,0.0,0,0.0,0,0.0,0,0.0,0
2012-11-01T09:15:44.500,2258.8,4043,2258.8,2,0.0,0,0.0,0,0.0,0,0.0,0,2259,46,0.0,0,0.0,0,0.0,0,0.0,0
2012-11-01T09:15:45.000,2258.6,4075,2258.6,1,0.0,0,0.0,0,0.0,0,0.0,0,2258.8,22,0.0,0,0.0,0,0.0,0,0.0,0
2012-11-01T09:15:45.500,2258.8,4088,2258.6,2,0.0,0,0.0,0,0.0,0,0.0,0,2258.8,11,0.0,0,0.0,0,0.0,0,0.0,0
2012-11-01T09:15:46.000,2258.8,4101,2258.4,5,0.0,0,0.0,0,0.0,0,0.0,0,2258.8,4,0.0,0,0.0,0,0.0,0,0.0,0
2012-11-01T09:15:46.500,2258.8,4112,2258.8,5,0.0,0,0.0,0,0.0,0,0.0,0,2259,36,0.0,0,0.0,0,0.0,0,0.0,0
2012-11-01T09:15:47.000,2258.8,4128,2258.8,13,0.0,0,0.0,0,0.0,0,0.0,0,2259,27,0.0,0,0.0,0,0.0,0,0.0,0
2012-11-01T09:15:47.500,2258.8,4150,2258.6,3,0.0,0,0.0,0,0.0,0,0.0,0,2259,27,0.0,0,0.0,0,0.0,0,0.0,0
2012-11-01T09:15:48.000,2259,4162,2258.8,1,0.0,0,0.0,0,0.0,0,0.0,0,2259,21,0.0,0,0.0,0,0.0,0,0.0,0
2012-11-01T09:15:48.500,2258.8,4172,2258.8,3,0.0,0,0.0,0,0.0,0,0.0,0,2259,16,0.0,0,0.0,0,0.0,0,0.0,0
2012-11-01T09:15:49.000,2259,4182,2258.6,1,0.0,0,0.0,0,0.0,0,0.0,0,2259,19,0.0,0,0.0,0,0.0,0,0.0,0
2012-11-01T09:15:49.500,2258.8,4193,2258.6,4,0.0,0,0.0,0,0.0,0,0.0,0,2258.8,4,0.0,0,0.0,0,0.0,0,0.0,0
2012-11-01T09:15:50.000,2258.4,4227,2258.4,19,0.0,0,0.0,0,0.0,0,0.0,0,2258.8,1,0.0,0,0.0,0,0.0,0,0.0,0
2012-11-01T09:15:50.500,2258.8,4249,2258.8,20,0.0,0,0.0,0,0.0,0,0.0,0,2259,16,0.0,0,0.0,0,0.0,0,0.0,0
2012-11-01T09:15:51.000,2258.8,4274,2258.8,15,0.0,0,0.0,0,0.0,0,0.0,0,2259.2,59,0.0,0,0.0,0,0.0,0,0.0,0
2012-11-01T09:15:51.500,2258.8,4282,2258.8,63,0.0,0,0.0,0,0.0,0,0.0,0,2259,2,0.0,0,0.0,0,0.0,0,0.0,0
2012-11-01T09:15:52.000,2259.2,4322,2259,4,0.0,0,0.0,0,0.0,0,0.0,0,2259.2,50,0.0,0,0.0,0,0.0,0,0.0,0
2012-11-01T09:15:52.500,2259,4367,2259,9,0.0,0,0.0,0,0.0,0,0.0,0,2259.2,10,0.0,0,0.0,0,0.0,0,0.0,0
2012-11-01T09:15:53.000,2259.2,4387,2259.2,42,0.0,0,0.0,0,0.0,0,0.0,0,2259.4,44,0.0,0,0.0,0,0.0,0,0.0,0
2012-11-01T09:15:53.500,2259.4,4407,2259.2,39,0.0,0,0.0,0,0.0,0,0.0,0,2259.4,38,0.0,0,0.0,0,0.0,0,0.0,0
2012-11-01T09:15:54.000,2259.2,4464,2259,17,0.0,0,0.0,0,0.0,0,0.0,0,2259.2,12,0.0,0,0.0,0,0.0,0,0.0,0
2012-11-01T09:15:54.500,2259,4507,2259.2,2,0.0,0,0.0,0,0.0,0,0.0,0,2259.4,21,0.0,0,0.0,0,0.0,0,0.0,0
2012-11-01T09:15:55.000,2259,4544,2259,7,0.0,0,0.0,0,0.0,0,0.0,0,2259.2,10,0.0,0,0.0,0,0.0,0,0.0,0
2012-11-01T09:15:55.500,2259,4564,2258.8,64,0.0,0,0.0,0,0.0,0,0.0,0,2259,15,0.0,0,0.0,0,0.0,0,0.0,0
2012-11-01T09:15:56.000,2258.8,4619,2258.8,24,0.0,0,0.0,0,0.0,0,0.0,0,2259,42,0.0,0,0.0,0,0.0,0,0.0,0
2012-11-01T09:15:56.500,2259,4638,2258.8,21,0.0,0,0.0,0,0.0,0,0.0,0,2259,37,0.0,0,0.0,0,0.0,0,0.0,0
2012-11-01T09:15:57.000,2258.6,4703,2258.4,34,0.0,0,0.0,0,0.0,0,0.0,0,2258.6,10,0.0,0,0.0,0,0.0,0,0.0,0
2012-11-01T09:15:57.500,2258.8,4728,2258.4,32,0.0,0,0.0,0,0.0,0,0.0,0,2258.8,26,0.0,0,0.0,0,0.0,0,0.0,0
2012-11-01T09:15:58.000,2258.4,4750,2258.4,24,0.0,0,0.0,0,0.0,0,0.0,0,2258.8,20,0.0,0,0.0,0,0.0,0,0.0,0
2012-11-01T09:15:58.500,2258.8,4773,2258.6,1,0.0,0,0.0,0,0.0,0,0.0,0,2258.8,7,0.0,0,0.0,0,0.0,0,0.0,0
2012-11-01T09:15:59.000,2258.4,4789,2258.4,19,0.0,0,0.0,0,0.0,0,0.0,0,2259,13,0.0,0,0.0,0,0.0,0,0.0,0
2012-11-01T09:15:59.500,2258.4,4802,2258.4,17,0.0,0,0.0,0,0.0,0,0.0,0,2258.8,1,0.0,0,0.0,0,0.0,0,0.0,0
2012-11-01T09:16:00.000,2258.8,4807,2258.8,24,0.0,0,0.0,0,0.0,0,0.0,0,2259,14,0.0,0,0.0,0,0.0,0,0.0,0
2012-11-01T09:16:00.500,2259,4827,2258.8,21,0.0,0,0.0,0,0.0,0,0.0,0,2259,20,0.0,0,0.0,0,0.0,0,0.0,0
2012-11-01T09:16:01.000,2259,4863,2258.8,15,0.0,0,0.0,0,0.0,0,0.0,0,2259,2,0.0,0,0.0,0,0.0,0,0.0,0
2012-11-01T09:16:01.500,2258.8,4871,2258.8,12,0.0,0,0.0,0,0.0,0,0.0,0,2259,27,0.0,0,0.0,0,0.0,0,0.0,0
2012-11-01T09:16:02.000,2259,4905,2258.8,11,0.0,0,0.0,0,0.0,0,0.0,0,2259,16,0.0,0,0.0,0,0.0,0,0.0,0
2012-11-01T09:16:02.500,2258.8,4922,2258.6,15,0.0,0,0.0,0,0.0,0,0.0,0,2258.8,22,0.0,0,0.0,0,0.0,0,0.0,0
2012-11-01T09:16:03.000,2258.6,4944,2258.4,17,0.0,0,0.0,0,0.0,0,0.0,0,2258.6,2,0.0,0,0.0,0,0.0,0,0.0,0
2012-11-01T09:16:03.500,2258.6,4961,2258.6,1,0.0,0,0.0,0,0.0,0,0.0,0,2258.8,31,0.0,0,0.0,0,0.0,0,0.0,0
2012-11-01T09:16:04.000,2258.6,4972,2258.4,10,0.0,0,0.0,0,0.0,0,0.0,0,2258.6,5,0.0,0,0.0,0,0.0,0,0.0,0
2012-11-01T09:16:04.500,2258.6,4979,2258.4,17,0.0,0,0.0,0,0.0,0,0.0,0,2258.6,15,0.0,0,0.0,0,0.0,0,0.0,0
2012-11-01T09:16:05.000,2258.6,4987,2258.4,16,0.0,0,0.0,0,0.0,0,0.0,0,2258.6,17,0.0,0,0.0,0,0.0,0,0.0,0
2012-11-01T09:16:05.500,2258.4,5007,2258.2,54,0.0,0,0.0,0,0.0,0,0.0,0,2258.4,15,0.0,0,0.0,0,0.0,0,0.0,0
2012-11-01T09:16:06.000,2258.6,5068,2258.6,2,0.0,0,0.0,0,0.0,0,0.0,0,2258.8,25,0.0,0,0.0,0,0.0,0,0.0,0
2012-11-01T09:16:06.500,2258.2,5074,2258.2,46,0.0,0,0.0,0,0.0,0,0.0,0,2258.4,13,0.0,0,0.0,0,0.0,0,0.0,0
2012-11-01T09:16:07.000,2258.4,5098,2258.4,28,0.0,0,0.0,0,0.0,0,0.0,0,2258.6,47,0.0,0,0.0,0,0.0,0,0.0,0
2012-11-01T09:16:07.500,2258.6,5108,2258.4,21,0.0,0,0.0,0,0.0,0,0.0,0,2258.6,44,0.0,0,0.0,0,0.0,0,0.0,0
2012-11-01T09:16:08.000,2258.6,5136,2258.4,10,0.0,0,0.0,0,0.0,0,0.0,0,2258.6,42,0.0,0,0.0,0,0.0,0,0.0,0
2012-11-01T09:16:08.500,2258.4,5139,2258.4,8,0.0,0,0.0,0,0.0,0,0.0,0,2258.6,42,0.0,0,0.0,0,0.0,0,0.0,0
2012-11-01T09:16:09.000,2258.4,5147,2258.2,45,0.0,0,0.0,0,0.0,0,0.0,0,2258.4,12,0.0,0,0.0,0,0.0,0,0.0,0
2012-11-01T09:16:09.500,2258.2,5164,2258.2,35,0.0,0,0.0,0,0.0,0,0.0,0,2258.4,6,0.0,0,0.0,0,0.0,0,0.0,0
2012-11-01T09:16:10.000,2258.4,5168,2258.2,33,0.0,0,0.0,0,0.0,0,0.0,0,2258.4,14,0.0,0,0.0,0,0.0,0,0.0,0
2012-11-01T09:16:10.500,2258.2,5194,2258.2,11,0.0,0,0.0,0,0.0,0,0.0,0,2258.4,12,0.0,0,0.0,0,0.0,0,0.0,0
2012-11-01T09:16:11.000,2258.2,5196,2258.2,9,0.0,0,0.0,0,0.0,0,0.0,0,2258.4,19,0.0,0,0.0,0,0.0,0,0.0,0
2012-11-01T09:16:11.500,2258.2,5205,2258.2,2,0.0,0,0.0,0,0.0,0,0.0,0,2258.4,17,0.0,0,0.0,0,0.0,0,0.0,0
2012-11-01T09:16:12.000,2258,5244,2258,66,0.0,0,0.0,0,0.0,0,0.0,0,2258.2,2,0.0,0,0.0,0,0.0,0,0.0,0
2012-11-01T09:16:12.500,2258,5259,2258,66,0.0,0,0.0,0,0.0,0,0.0,0,2258.2,2,0.0,0,0.0,0,0.0,0,0.0,0
2012-11-01T09:16:13.000,2258.2,5301,2258,33,0.0,0,0.0,0,0.0,0,0.0,0,2258.2,1,0.0,0,0.0,0,0.0,0,0.0,0
2012-11-01T09:16:13.500,2258,5310,2258,27,0.0,0,0.0,0,0.0,0,0.0,0,2258.2,1,0.0,0,0.0,0,0.0,0,0.0,0
2012-11-01T09:16:14.000,2258,5318,2258,22,0.0,0,0.0,0,0.0,0,0.0,0,2258.2,5,0.0,0,0.0,0,0.0,0,0.0,0
2012-11-01T09:16:14.500,2258,5343,2257.8,24,0.0,0,0.0,0,0.0,0,0.0,0,2258.4,4,0.0,0,0.0,0,0.0,0,0.0,0
2012-11-01T09:16:15.000,2258,5360,2258,10,0.0,0,0.0,0,0.0,0,0.0,0,2258.4,6,0.0,0,0.0,0,0.0,0,0.0,0
2012-11-01T09:16:15.500,2258,5387,2257.8,23,0.0,0,0.0,0,0.0,0,0.0,0,2258,38,0.0,0,0.0,0,0.0,0,0.0,0
2012-11-01T09:16:16.000,2257.8,5403,2257.8,20,0.0,0,0.0,0,0.0,0,0.0,0,2258,76,0.0,0,0.0,0,0.0,0,0.0,0
2012-11-01T09:16:16.500,2258,5441,2257.6,69,0.0,0,0.0,0,0.0,0,0.0,0,2258,72,0.0,0,0.0,0,0.0,0,0.0,0
2012-11-01T09:16:17.000,2257.6,5442,2257.6,68,0.0,0,0.0,0,0.0,0,0.0,0,2257.8,10,0.0,0,0.0,0,0.0,0,0.0,0
2012-11-01T09:16:17.500,2257.8,5446,2257.6,76,0.0,0,0.0,0,0.0,0,0.0,0,2257.8,8,0.0,0,0.0,0,0.0,0,0.0,0
2012-11-01T09:16:18.000,2257.6,5499,2257.8,1,0.0,0,0.0,0,0.0,0,0.0,0,2258,78,0.0,0,0.0,0,0.0,0,0.0,0
2012-11-01T09:16:18.500,2258,5508,2257.8,5,0.0,0,0.0,0,0.0,0,0.0,0,2258,80,0.0,0,0.0,0,0.0,0,0.0,0
2012-11-01T09:16:19.000,2257.8,5530,2257.6,20,0.0,0,0.0,0,0.0,0,0.0,0,2258,78,0.0,0,0.0,0,0.0,0,0.0,0
2012-11-01T09:16:19.500,2257.8,5535,2257.8,2,0.0,0,0.0,0,0.0,0,0.0,0,2258,82,0.0,0,0.0,0,0.0,0,0.0,0
2012-11-01T09:16:20.000,2257.8,5538,2257.8,7,0.0,0,0.0,0,0.0,0,0.0,0,2258,83,0.0,0,0.0,0,0.0,0,0.0,0
2012-11-01T09:16:20.500,2257.8,5541,2257.8,7,0.0,0,0.0,0,0.0,0,0.0,0,2258,83,0.0,0,0.0,0,0.0,0,0.0,0
2012-11-01T09:16:21.000,2257.8,5548,2257.8,3,0.0,0,0.0,0,0.0,0,0.0,0,2258,83,0.0,0,0.0,0,0.0,0,0.0,0
2012-11-01T09:16:21.500,2258,5555,2257.6,22,0.0,0,0.0,0,0.0,0,0.0,0,2258,81,0.0,0,0.0,0,0.0,0,0.0,0
2012-11-01T09:16:22.000,2258,5559,2257.6,22,0.0,0,0.0,0,0.0,0,0.0,0,2257.8,5,0.0,0,0.0,0,0.0,0,0.0,0
2012-11-01T09:16:22.500,2257.6,5572,2257.6,15,0.0,0,0.0,0,0.0,0,0.0,0,2257.8,1,0.0,0,0.0,0,0.0,0,0.0,0
2012-11-01T09:16:23.000,2257.6,5582,2257.8,2,0.0,0,0.0,0,0.0,0,0.0,0,2258,71,0.0,0,0.0,0,0.0,0,0.0,0
2012-11-01T09:16:23.500,2257.8,5592,2257.8,9,0.0,0,0.0,0,0.0,0,0.0,0,2258,73,0.0,0,0.0,0,0.0,0,0.0,0
2012-11-01T09:16:24.000,2258,5605,2257.6,5,0.0,0,0.0,0,0.0,0,0.0,0,2258,69,0.0,0,0.0,0,0.0,0,0.0,0
2012-11-01T09:16:24.500,2257.8,5618,2257.8,48,0.0,0,0.0,0,0.0,0,0.0,0,2258,59,0.0,0,0.0,0,0.0,0,0.0,0
2012-11-01T09:16:25.000,2257.8,5620,2257.8,49,0.0,0,0.0,0,0.0,0,0.0,0,2258,59,0.0,0,0.0,0,0.0,0,0.0,0
2012-11-01T09:16:25.500,2258,5628,2257.8,54,0.0,0,0.0,0,0.0,0,0.0,0,2258,54,0.0,0,0.0,0,0.0,0,0.0,0
2012-11-01T09:16:26.000,2258,5649,2257.8,53,0.0,0,0.0,0,0.0,0,0.0,0,2258,45,0.0,0,0.0,0,0.0,0,0.0,0
2012-11-01T09:16:26.500,2258,5678,2257.8,57,0.0,0,0.0,0,0.0,0,0.0,0,2258,22,0.0,0,0.0,0,0.0,0,0.0,0
2012-11-01T09:16:27.000,2258,5705,2258,21,0.0,0,0.0,0,0.0,0,0.0,0,2258.2,15,0.0,0,0.0,0,0.0,0,0.0,0
2012-11-01T09:16:27.500,2258,5706,2258,25,0.0,0,0.0,0,0.0,0,0.0,0,2258.2,15,0.0,0,0.0,0,0.0,0,0.0,0
2012-11-01T09:16:28.000,2258,5715,2258,26,0.0,0,0.0,0,0.0,0,0.0,0,2258.2,10,0.0,0,0.0,0,0.0,0,0.0,0
2012-11-01T09:16:28.500,2258,5733,2258,17,0.0,0,0.0,0,0.0,0,0.0,0,2258.2,7,0.0,0,0.0,0,0.0,0,0.0,0
2012-11-01T09:16:29.000,2258,5737,2258,18,0.0,0,0.0,0,0.0,0,0.0,0,2258.2,4,0.0,0,0.0,0,0.0,0,0.0,0
2012-11-01T09:16:29.500,2258,5739,2258,43,0.0,0,0.0,0,0.0,0,0.0,0,2258.2,5,0.0,0,0.0,0,0.0,0,0.0,0
2012-11-01T09:16:30.000,2258,5741,2258,44,0.0,0,0.0,0,0.0,0,0.0,0,2258.2,9,0.0,0,0.0,0,0.0,0,0.0,0
2012-11-01T09:16:30.500,2258.2,5743,2258,45,0.0,0,0.0,0,0.0,0,0.0,0,2258.2,7,0.0,0,0.0,0,0.0,0,0.0,0
2012-11-01T09:16:31.000,2258,5746,2258,42,0.0,0,0.0,0,0.0,0,0.0,0,2258.2,7,0.0,0,0.0,0,0.0,0,0.0,0
2012-11-01T09:16:31.500,2258,5747,2258,41,0.0,0,0.0,0,0.0,0,0.0,0,2258.2,8,0.0,0,0.0,0,0.0,0,0.0,0
2012-11-01T09:16:32.000,2258,5754,2258,39,0.0,0,0.0,0,0.0,0,0.0,0,2258.2,4,0.0,0,0.0,0,0.0,0,0.0,0
2012-11-01T09:16:32.500,2258,5756,2258,39,0.0,0,0.0,0,0.0,0,0.0,0,2258.2,6,0.0,0,0.0,0,0.0,0,0.0,0
2012-11-01T09:16:33.000,2258,5760,2258,37,0.0,0,0.0,0,0.0,0,0.0,0,2258.2,14,0.0,0,0.0,0,0.0,0,0.0,0
2012-11-01T09:16:33.500,2258.2,5767,2258,40,0.0,0,0.0,0,0.0,0,0.0,0,2258.2,22,0.0,0,0.0,0,0.0,0,0.0,0
2012-11-01T09:16:34.000,2258,5771,2258,38,0.0,0,0.0,0,0.0,0,0.0,0,2258.2,21,0.0,0,0.0,0,0.0,0,0.0,0
2012-11-01T09:16:34.500,2258.2,5777,2258,37,0.0,0,0.0,0,0.0,0,0.0,0,2258.2,17,0.0,0,0.0,0,0.0,0,0.0,0
2012-11-01T09:16:35.000,2258,5779,2258,36,0.0,0,0.0,0,0.0,0,0.0,0,2258.2,18,0.0,0,0.0,0,0.0,0,0.0,0
2012-11-01T09:16:35.500,2258.2,5780,2258,36,0.0,0,0.0,0,0.0,0,0.0,0,2258.2,22,0.0,0,0.0,0,0.0,0,0.0,0
2012-11-01T09:16:36.000,2258,5787,2258,30,0.0,0,0.0,0,0.0,0,0.0,0,2258.2,21,0.0,0,0.0,0,0.0,0,0.0,0
2012-11-01T09:16:36.500,2258.2,5802,2258,21,0.0,0,0.0,0,0.0,0,0.0,0,2258.2,18,0.0,0,0.0,0,0.0,0,0.0,0
2012-11-01T09:16:37.000,2258,5828,2258,5,0.0,0,0.0,0,0.0,0,0.0,0,2258.2,14,0.0,0,0.0,0,0.0,0,0.0,0
2012-11-01T09:16:37.500,2258,5835,2257.8,51,0.0,0,0.0,0,0.0,0,0.0,0,2258,8,0.0,0,0.0,0,0.0,0,0.0,0
2012-11-01T09:16:38.000,2258,5842,2257.8,51,0.0,0,0.0,0,0.0,0,0.0,0,2258,1,0.0,0,0.0,0,0.0,0,0.0,0
2012-11-01T09:16:38.500,2258,5843,2258,30,0.0,0,0.0,0,0.0,0,0.0,0,2258.2,17,0.0,0,0.0,0,0.0,0,0.0,0
2012-11-01T09:16:39.000,2258.2,5869,2258.2,34,0.0,0,0.0,0,0.0,0,0.0,0,2258.4,27,0.0,0,0.0,0,0.0,0,0.0,0
2012-11-01T09:16:39.500,2258.2,5901,2258.2,2,0.0,0,0.0,0,0.0,0,0.0,0,2258.4,28,0.0,0,0.0,0,0.0,0,0.0,0
2012-11-01T09:16:40.000,2258,5952,2257.8,53,0.0,0,0.0,0,0.0,0,0.0,0,2258,6,0.0,0,0.0,0,0.0,0,0.0,0
2012-11-01T09:16:40.500,2257.8,5970,2257.8,49,0.0,0,0.0,0,0.0,0,0.0,0,2258,5,0.0,0,0.0,0,0.0,0,0.0,0
2012-11-01T09:16:41.000,2258.6,6000,2258,8,0.0,0,0.0,0,0.0,0,0.0,0,2258.6,20,0.0,0,0.0,0,0.0,0,0.0,0
2012-11-01T09:16:41.500,2258.2,6005,2258,11,0.0,0,0.0,0,0.0,0,0.0,0,2258.2,1,0.0,0,0.0,0,0.0,0,0.0,0
2012-11-01T09:16:42.000,2258.2,6007,2258.2,44,0.0,0,0.0,0,0.0,0,0.0,0,2258.4,2,0.0,0,0.0,0,0.0,0,0.0,0
2012-11-01T09:16:42.500,2258.2,6020,2258.2,44,0.0,0,0.0,0,0.0,0,0.0,0,2258.4,41,0.0,0,0.0,0,0.0,0,0.0,0
2012-11-01T09:16:43.000,2258.4,6021,2258.2,47,0.0,0,0.0,0,0.0,0,0.0,0,2258.4,40,0.0,0,0.0,0,0.0,0,0.0,0
2012-11-01T09:16:43.500,2258.4,6028,2258.2,18,0.0,0,0.0,0,0.0,0,0.0,0,2258.4,40,0.0,0,0.0,0,0.0,0,0.0,0
2012-11-01T09:16:44.000,2258.2,6030,2258.2,17,0.0,0,0.0,0,0.0,0,0.0,0,2258.4,39,0.0,0,0.0,0,0.0,0,0.0,0
2012-11-01T09:16:44.500,2258.4,6039,2258.2,14,0.0,0,0.0,0,0.0,0,0.0,0,2258.4,36,0.0,0,0.0,0,0.0,0,0.0,0
2012-11-01T09:16:45.000,2258,6059,2258,22,0.0,0,0.0,0,0.0,0,0.0,0,2258.4,36,0.0,0,0.0,0,0.0,0,0.0,0
2012-11-01T09:16:45.500,2258.4,6061,2258,23,0.0,0,0.0,0,0.0,0,0.0,0,2258.2,7,0.0,0,0.0,0,0.0,0,0.0,0
2012-11-01T09:16:46.000,2258.2,6075,2258,26,0.0,0,0.0,0,0.0,0,0.0,0,2258.2,2,0.0,0,0.0,0,0.0,0,0.0,0
2012-11-01T09:16:46.500,2258.2,6084,2258.2,2,0.0,0,0.0,0,0.0,0,0.0,0,2258.4,32,0.0,0,0.0,0,0.0,0,0.0,0
2012-11-01T09:16:47.250,2258.4,6088,2258.2,11,0.0,0,0.0,0,0.0,0,0.0,0,2258.4,33,0.0,0,0.0,0,0.0,0,0.0,0
2012-11-01T09:16:48.000,2258.2,6100,2258.2,9,0.0,0,0.0,0,0.0,0,0.0,0,2258.4,25,0.0,0,0.0,0,0.0,0,0.0,0
2012-11-01T09:16:48.500,2258.2,6105,2258.2,9,0.0,0,0.0,0,0.0,0,0.0,0,2258.4,23,0.0,0,0.0,0,0.0,0,0.0,0
2012-11-01T09:16:49.000,2258.2,6122,2258.2,3,0.0,0,0.0,0,0.0,0,0.0,0,2258.4,13,0.0,0,0.0,0,0.0,0,0.0,0
2012-11-01T09:16:49.500,2258.4,6128,2258.2,17,0.0,0,0.0,0,0.0,0,0.0,0,2258.4,9,0.0,0,0.0,0,0.0,0,0.0,0
2012-11-01T09:16:50.000,2258.4,6132,2258.2,29,0.0,0,0.0,0,0.0,0,0.0,0,2258.4,8,0.0,0,0.0,0,0.0,0,0.0,0
2012-11-01T09:16:50.500,2258.4,6142,2258.4,15,0.0,0,0.0,0,0.0,0,0.0,0,2258.6,21,0.0,0,0.0,0,0.0,0,0.0,0
2012-11-01T09:16:51.000,2258.4,6145,2258.2,31,0.0,0,0.0,0,0.0,0,0.0,0,2258.4,1,0.0,0,0.0,0,0.0,0,0.0,0
2012-11-01T09:16:51.500,2258.4,6150,2258.4,29,0.0,0,0.0,0,0.0,0,0.0,0,2258.6,18,0.0,0,0.0,0,0.0,0,0.0,0
2012-11-01T09:16:52.000,2258.6,6151,2258.4,32,0.0,0,0.0,0,0.0,0,0.0,0,2258.6,17,0.0,0,0.0,0,0.0,0,0.0,0
2012-11-01T09:16:52.500,2258.6,6154,2258.4,31,0.0,0,0.0,0,0.0,0,0.0,0,2258.6,15,0.0,0,0.0,0,0.0,0,0.0,0
2012-11-01T09:16:53.250,2258.6,6170,2258.6,26,0.0,0,0.0,0,0.0,0,0.0,0,2258.8,35,0.0,0,0.0,0,0.0,0,0.0,0
2012-11-01T09:16:54.000,2258.6,6173,2258.6,24,0.0,0,0.0,0,0.0,0,0.0,0,2258.8,34,0.0,0,0.0,0,0.0,0,0.0,0
2012-11-01T09:16:54.500,2258.6,6180,2258.6,23,0.0,0,0.0,0,0.0,0,0.0,0,2258.8,33,0.0,0,0.0,0,0.0,0,0.0,0
2012-11-01T09:16:55.000,2258.8,6185,2258.6,23,0.0,0,0.0,0,0.0,0,0.0,0,2258.8,29,0.0,0,0.0,0,0.0,0,0.0,0
2012-11-01T09:16:55.500,2258.8,6187,2258.6,23,0.0,0,0.0,0,0.0,0,0.0,0,2258.8,28,0.0,0,0.0,0,0.0,0,0.0,0
2012-11-01T09:16:56.000,2258.8,6206,2258.6,23,0.0,0,0.0,0,0.0,0,0.0,0,2258.8,11,0.0,0,0.0,0,0.0,0,0.0,0
2012-11-01T09:16:56.500,2258.8,6212,2258.6,22,0.0,0,0.0,0,0.0,0,0.0,0,2258.8,6,0.0,0,0.0,0,0.0,0,0.0,0
2012-11-01T09:16:57.000,2258.6,6220,2258.6,16,0.0,0,0.0,0,0.0,0,0.0,0,2258.8,5,0.0,0,0.0,0,0.0,0,0.0,0
2012-11-01T09:16:57.500,2259,6242,2258.8,13,0.0,0,0.0,0,0.0,0,0.0,0,2259,35,0.0,0,0.0,0,0.0,0,0.0,0
2012-11-01T09:16:58.000,2258.8,6268,2258.8,124,0.0,0,0.0,0,0.0,0,0.0,0,2259,21,0.0,0,0.0,0,0.0,0,0.0,0
2012-11-01T09:16:58.500,2259.2,6302,2259,77,0.0,0,0.0,0,0.0,0,0.0,0,2259.2,31,0.0,0,0.0,0,0.0,0,0.0,0
2012-11-01T09:16:59.000,2259.4,6351,2259.2,51,0.0,0,0.0,0,0.0,0,0.0,0,2259.4,8,0.0,0,0.0,0,0.0,0,0.0,0
2012-11-01T09:16:59.500,2259.4,6366,2259.4,9,0.0,0,0.0,0,0.0,0,0.0,0,2259.6,104,0.0,0,0.0,0,0.0,0,0.0,0
2012-11-01T09:17:00.000,2259.6,6411,2259.4,5,0.0,0,0.0,0,0.0,0,0.0,0,2259.6,85,0.0,0,0.0,0,0.0,0,0.0,0
2012-11-01T09:17:00.500,2259.6,6424,2259.2,6,0.0,0,0.0,0,0.0,0,0.0,0,2259.6,78,0.0,0,0.0,0,0.0,0,0.0,0
2012-11-01T09:17:01.000,2259.4,6463,2259.2,1,0.0,0,0.0,0,0.0,0,0.0,0,2259.4,17,0.0,0,0.0,0,0.0,0,0.0,0
2012-11-01T09:17:01.500,2259.4,6507,2259.4,1,0.0,0,0.0,0,0.0,0,0.0,0,2259.6,65,0.0,0,0.0,0,0.0,0,0.0,0
2012-11-01T09:17:02.000,2259.6,6521,2259,58,0.0,0,0.0,0,0.0,0,0.0,0,2259.4,2,0.0,0,0.0,0,0.0,0,0.0,0
2012-11-01T09:17:02.500,2259.6,6527,2259.4,2,0.0,0,0.0,0,0.0,0,0.0,0,2259.6,67,0.0,0,0.0,0,0.0,0,0.0,0
2012-11-01T09:17:03.000,2259.4,6541,2259,55,0.0,0,0.0,0,0.0,0,0.0,0,2259.4,36,0.0,0,0.0,0,0.0,0,0.0,0
2012-11-01T09:17:03.500,2259,6557,2259.2,9,0.0,0,0.0,0,0.0,0,0.0,0,2259.4,39,0.0,0,0.0,0,0.0,0,0.0,0
2012-11-01T09:17:04.000,2259.2,6585,2259.2,7,0.0,0,0.0,0,0.0,0,0.0,0,2259.4,30,0.0,0,0.0,0,0.0,0,0.0,0
2012-11-01T09:17:04.500,2259.4,6594,2259.2,6,0.0,0,0.0,0,0.0,0,0.0,0,2259.4,24,0.0,0,0.0,0,0.0,0,0.0,0
2012-11-01T09:17:05.000,2259.2,6602,2259.2,19,0.0,0,0.0,0,0.0,0,0.0,0,2259.4,24,0.0,0,0.0,0,0.0,0,0.0,0
2012-11-01T09:17:05.500,2259.2,6627,2259.2,1,0.0,0,0.0,0,0.0,0,0.0,0,2259.4,14,0.0,0,0.0,0,0.0,0,0.0,0
2012-11-01T09:17:06.000,2259.4,6639,2259.2,2,0.0,0,0.0,0,0.0,0,0.0,0,2259.4,4,0.0,0,0.0,0,0.0,0,0.0,0
2012-11-01T09:17:06.500,2259,6653,2259.4,5,0.0,0,0.0,0,0.0,0,0.0,0,2259.6,62,0.0,0,0.0,0,0.0,0,0.0,0
2012-11-01T09:17:07.000,2259.4,6663,2259.4,10,0.0,0,0.0,0,0.0,0,0.0,0,2259.6,63,0.0,0,0.0,0,0.0,0,0.0,0
2012-11-01T09:17:07.500,2259.4,6668,2259.4,5,0.0,0,0.0,0,0.0,0,0.0,0,2259.6,64,0.0,0,0.0,0,0.0,0,0.0,0
2012-11-01T09:17:08.000,2259.4,6704,2259,53,0.0,0,0.0,0,0.0,0,0.0,0,2259.4,17,0.0,0,0.0,0,0.0,0,0.0,0
2012-11-01T09:17:08.500,2259.4,6709,2259,51,0.0,0,0.0,0,0.0,0,0.0,0,2259.4,20,0.0,0,0.0,0,0.0,0,0.0,0
2012-11-01T09:17:09.000,2259,6744,2259,36,0.0,0,0.0,0,0.0,0,0.0,0,2259.4,21,0.0,0,0.0,0,0.0,0,0.0,0
2012-11-01T09:17:09.500,2259,6762,2259,29,0.0,0,0.0,0,0.0,0,0.0,0,2259.2,12,0.0,0,0.0,0,0.0,0,0.0,0
2012-11-01T09:17:10.000,2259.2,6798,2259.2,1,0.0,0,0.0,0,0.0,0,0.0,0,2259.4,67,0.0,0,0.0,0,0.0,0,0.0,0
2012-11-01T09:17:10.500,2259,6815,2259,3,0.0,0,0.0,0,0.0,0,0.0,0,2259.2,9,0.0,0,0.0,0,0.0,0,0.0,0
2012-11-01T09:17:11.000,2259,6816,2259,4,0.0,0,0.0,0,0.0,0,0.0,0,2259.2,19,0.0,0,0.0,0,0.0,0,0.0,0
2012-11-01T09:17:11.500,2259.2,6853,2259,2,0.0,0,0.0,0,0.0,0,0.0,0,2259.2,6,0.0,0,0.0,0,0.0,0,0.0,0
2012-11-01T09:17:12.250,2259,6861,2259,14,0.0,0,0.0,0,0.0,0,0.0,0,2259.4,60,0.0,0,0.0,0,0.0,0,0.0,0
2012-11-01T09:17:13.000,2259,6873,2259,25,0.0,0,0.0,0,0.0,0,0.0,0,2259.2,3,0.0,0,0.0,0,0.0,0,0.0,0
2012-11-01T09:17:13.500,2259,6880,2259,21,0.0,0,0.0,0,0.0,0,0.0,0,2259.2,7,0.0,0,0.0,0,0.0,0,0.0,0
2012-11-01T09:17:14.000,2259.2,6897,2259,11,0.0,0,0.0,0,0.0,0,0.0,0,2259.2,2,0.0,0,0.0,0,0.0,0,0.0,0
2012-11-01T09:17:14.500,2259.2,6915,2259,5,0.0,0,0.0,0,0.0,0,0.0,0,2259.2,3,0.0,0,0.0,0,0.0,0,0.0,0
2012-11-01T09:17:15.000,2259,6933,2259,6,0.0,0,0.0,0,0.0,0,0.0,0,2259.4,54,0.0,0,0.0,0,0.0,0,0.0,0
2012-11-01T09:17:15.500,2259,6936,2259,17,0.0,0,0.0,0,0.0,0,0.0,0,2259.2,5,0.0,0,0.0,0,0.0,0,0.0,0
2012-11-01T09:17:16.000,2259,6938,2259,16,0.0,0,0.0,0,0.0,0,0.0,0,2259.2,7,0.0,0,0.0,0,0.0,0,0.0,0
2012-11-01T09:17:16.500,2259.2,6940,2259,16,0.0,0,0.0,0,0.0,0,0.0,0,2259.2,5,0.0,0,0.0,0,0.0,0,0.0,0
2012-11-01T09:17:17.000,2259.2,6946,2259,17,0.0,0,0.0,0,0.0,0,0.0,0,2259.2,4,0.0,0,0.0,0,0.0,0,0.0,0
2012-11-01T09:17:17.500,2259,6959,2259,18,0.0,0,0.0,0,0.0,0,0.0,0,2259.4,54,0.0,0,0.0,0,0.0,0,0.0,0
2012-11-01T09:17:18.000,2259,6962,2259,15,0.0,0,0.0,0,0.0,0,0.0,0,2259.4,59,0.0,0,0.0,0,0.0,0,0.0,0
2012-11-01T09:17:18.500,2259.2,6970,2259,12,0.0,0,0.0,0,0.0,0,0.0,0,2259.2,1,0.0,0,0.0,0,0.0,0,0.0,0
2012-11-01T09:17:19.000,2259.2,6978,2259.2,3,0.0,0,0.0,0,0.0,0,0.0,0,2259.4,58,0.0,0,0.0,0,0.0,0,0.0,0
2012-11-01T09:17:19.500,2259.2,6981,2259.2,1,0.0,0,0.0,0,0.0,0,0.0,0,2259.4,77,0.0,0,0.0,0,0.0,0,0.0,0
2012-11-01T09:17:20.000,2259,6995,2258.8,65,0.0,0,0.0,0,0.0,0,0.0,0,2259,44,0.0,0,0.0,0,0.0,0,0.0,0
2012-11-01T09:17:20.500,2258.8,7056,2258.8,45,0.0,0,0.0,0,0.0,0,0.0,0,2259,8,0.0,0,0.0,0,0.0,0,0.0,0
2012-11-01T09:17:21.000,2259,7085,2259,14,0.0,0,0.0,0,0.0,0,0.0,0,2259.2,12,0.0,0,0.0,0,0.0,0,0.0,0
2012-11-01T09:17:21.500,2259,7099,2259,5,0.0,0,0.0,0,0.0,0,0.0,0,2259.2,9,0.0,0,0.0,0,0.0,0,0.0,0
2012-11-01T09:17:22.000,2258.8,7110,2258.8,43,0.0,0,0.0,0,0.0,0,0.0,0,2259.2,10,0.0,0,0.0,0,0.0,0,0.0,0
2012-11-01T09:17:22.500,2259.2,7121,2259,2,0.0,0,0.0,0,0.0,0,0.0,0,2259.2,3,0.0,0,0.0,0,0.0,0,0.0,0
2012-11-01T09:17:23.000,2259,7122,2259,1,0.0,0,0.0,0,0.0,0,0.0,0,2259.2,4,0.0,0,0.0,0,0.0,0,0.0,0
2012-11-01T09:17:23.500,2259,7125,2259,3,0.0,0,0.0,0,0.0,0,0.0,0,2259.2,6,0.0,0,0.0,0,0.0,0,0.0,0
2012-11-01T09:17:24.000,2259,7126,2259,3,0.0,0,0.0,0,0.0,0,0.0,0,2259.2,25,0.0,0,0.0,0,0.0,0,0.0,0
2012-11-01T09:17:24.500,2259,7131,2258.8,43,0.0,0,0.0,0,0.0,0,0.0,0,2259,38,0.0,0,0.0,0,0.0,0,0.0,0
2012-11-01T09:17:25.000,2258.8,7169,2258.8,28,0.0,0,0.0,0,0.0,0,0.0,0,2259,25,0.0,0,0.0,0,0.0,0,0.0,0
2012-11-01T09:17:25.500,2258.8,7174,2258.8,26,0.0,0,0.0,0,0.0,0,0.0,0,2259,29,0.0,0,0.0,0,0.0,0,0.0,0
2012-11-01T09:17:26.000,2258.8,7186,2258.8,16,0.0,0,0.0,0,0.0,0,0.0,0,2259,30,0.0,0,0.0,0,0.0,0,0.0,0
2012-11-01T09:17:26.500,2259,7197,2258.8,16,0.0,0,0.0,0,0.0,0,0.0,0,2259,29,0.0,0,0.0,0,0.0,0,0.0,0
2012-11-01T09:17:27.000,2258.8,7217,2258.8,3,0.0,0,0.0,0,0.0,0,0.0,0,2259,24,0.0,0,0.0,0,0.0,0,0.0,0
2012-11-01T09:17:27.500,2258.8,7225,2258.6,7,0.0,0,0.0,0,0.0,0,0.0,0,2258.8,2,0.0,0,0.0,0,0.0,0,0.0,0
2012-11-01T09:17:28.000,2258.8,7233,2258.6,11,0.0,0,0.0,0,0.0,0,0.0,0,2259,25,0.0,0,0.0,0,0.0,0,0.0,0
2012-11-01T09:17:28.500,2259,7236,2258.8,3,0.0,0,0.0,0,0.0,0,0.0,0,2259,25,0.0,0,0.0,0,0.0,0,0.0,0
2012-11-01T09:17:29.000,2259,7244,2258.6,18,0.0,0,0.0,0,0.0,0,0.0,0,2258.8,1,0.0,0,0.0,0,0.0,0,0.0,0
2012-11-01T09:17:29.500,2259,7252,2258.6,13,0.0,0,0.0,0,0.0,0,0.0,0,2259,20,0.0,0,0.0,0,0.0,0,0.0,0
2012-11-01T09:17:30.000,2258.6,7272,2258.6,5,0.0,0,0.0,0,0.0,0,0.0,0,2259,9,0.0,0,0.0,0,0.0,0,0.0,0
2012-11-01T09:17:30.500,2258.8,7275,2258.6,5,0.0,0,0.0,0,0.0,0,0.0,0,2258.8,2,0.0,0,0.0,0,0.0,0,0.0,0
2012-11-01T09:17:31.000,2258.6,7290,2258.6,5,0.0,0,0.0,0,0.0,0,0.0,0,2259.2,35,0.0,0,0.0,0,0.0,0,0.0,0
2012-11-01T09:17:31.500,2259,7293,2258.6,21,0.0,0,0.0,0,0.0,0,0.0,0,2259.2,35,0.0,0,0.0,0,0.0,0,0.0,0
2012-11-01T09:17:32.000,2258.6,7309,2258.6,34,0.0,0,0.0,0,0.0,0,0.0,0,2259,7,0.0,0,0.0,0,0.0,0,0.0,0
2012-11-01T09:17:32.500,2259,7312,2258.6,40,0.0,0,0.0,0,0.0,0,0.0,0,2258.8,1,0.0,0,0.0,0,0.0,0,0.0,0
2012-11-01T09:17:33.250,2258.8,7314,2258.6,40,0.0,0,0.0,0,0.0,0,0.0,0,2259,7,0.0,0,0.0,0,0.0,0,0.0,0
2012-11-01T09:17:34.000,2259,7316,2258.8,7,0.0,0,0.0,0,0.0,0,0.0,0,2259,7,0.0,0,0.0,0,0.0,0,0.0,0
2012-11-01T09:17:34.500,2259,7325,2259,4,0.0,0,0.0,0,0.0,0,0.0,0,2259.2,35,0.0,0,0.0,0,0.0,0,0.0,0
2012-11-01T09:17:35.000,2259,7331,2258.8,12,0.0,0,0.0,0,0.0,0,0.0,0,2259,8,0.0,0,0.0,0,0.0,0,0.0,0
2012-11-01T09:17:35.500,2259,7341,2258.8,5,0.0,0,0.0,0,0.0,0,0.0,0,2259,7,0.0,0,0.0,0,0.0,0,0.0,0
2012-11-01T09:17:36.000,2259,7348,2258.6,63,0.0,0,0.0,0,0.0,0,0.0,0,2259,3,0.0,0,0.0,0,0.0,0,0.0,0
2012-11-01T09:17:36.500,2258.8,7356,2258.8,1,0.0,0,0.0,0,0.0,0,0.0,0,2259,3,0.0,0,0.0,0,0.0,0,0.0,0
2012-11-01T09:17:37.000,2259,7362,2259,8,0.0,0,0.0,0,0.0,0,0.0,0,2259.2,53,0.0,0,0.0,0,0.0,0,0.0,0
2012-11-01T09:17:37.500,2259.2,7363,2259,9,0.0,0,0.0,0,0.0,0,0.0,0,2259.2,51,0.0,0,0.0,0,0.0,0,0.0,0
2012-11-01T09:17:38.000,2259.2,7373,2259,7,0.0,0,0.0,0,0.0,0,0.0,0,2259.2,45,0.0,0,0.0,0,0.0,0,0.0,0
2012-11-01T09:17:38.500,2259,7380,2258.8,19,0.0,0,0.0,0,0.0,0,0.0,0,2259,2,0.0,0,0.0,0,0.0,0,0.0,0
2012-11-01T09:17:39.000,2259,7382,2258.8,23,0.0,0,0.0,0,0.0,0,0.0,0,2259,1,0.0,0,0.0,0,0.0,0,0.0,0
2012-11-01T09:17:39.500,2259.2,7387,2259,7,0.0,0,0.0,0,0.0,0,0.0,0,2259.2,54,0.0,0,0.0,0,0.0,0,0.0,0
2012-11-01T09:17:40.000,2259,7391,2259,5,0.0,0,0.0,0,0.0,0,0.0,0,2259.2,73,0.0,0,0.0,0,0.0,0,0.0,0
2012-11-01T09:17:40.500,2259,7394,2259,4,0.0,0,0.0,0,0.0,0,0.0,0,2259.2,75,0.0,0,0.0,0,0.0,0,0.0,0
2012-11-01T09:17:41.000,2259,7397,2259,29,0.0,0,0.0,0,0.0,0,0.0,0,2259.2,74,0.0,0,0.0,0,0.0,0,0.0,0
2012-11-01T09:17:41.500,2259,7402,2259,26,0.0,0,0.0,0,0.0,0,0.0,0,2259.2,73,0.0,0,0.0,0,0.0,0,0.0,0
2012-11-01T09:17:42.000,2258.8,7432,2258.8,17,0.0,0,0.0,0,0.0,0,0.0,0,2259.2,75,0.0,0,0.0,0,0.0,0,0.0,0
2012-11-01T09:17:42.500,2259,7434,2258.8,20,0.0,0,0.0,0,0.0,0,0.0,0,2259,1,0.0,0,0.0,0,0.0,0,0.0,0
2012-11-01T09:17:43.000,2258.8,7442,2258.8,12,0.0,0,0.0,0,0.0,0,0.0,0,2259,12,0.0,0,0.0,0,0.0,0,0.0,0
2012-11-01T09:17:43.500,2259,7453,2258.8,4,0.0,0,0.0,0,0.0,0,0.0,0,2259,16,0.0,0,0.0,0,0.0,0,0.0,0
2012-11-01T09:17:44.000,2258.6,7467,2258.6,35,0.0,0,0.0,0,0.0,0,0.0,0,2258.8,9,0.0,0,0.0,0,0.0,0,0.0,0
2012-11-01T09:17:44.500,2258.8,7471,2258.6,33,0.0,0,0.0,0,0.0,0,0.0,0,2258.8,8,0.0,0,0.0,0,0.0,0,0.0,0
2012-11-01T09:17:45.250,2258.8,7477,2258.6,33,0.0,0,0.0,0,0.0,0,0.0,0,2258.8,10,0.0,0,0.0,0,0.0,0,0.0,0
2012-11-01T09:17:46.000,2258.8,7486,2258.6,35,0.0,0,0.0,0,0.0,0,0.0,0,2258.8,2,0.0,0,0.0,0,0.0,0,0.0,0
2012-11-01T09:17:46.500,2258.6,7496,2258.6,26,0.0,0,0.0,0,0.0,0,0.0,0,2258.8,1,0.0,0,0.0,0,0.0,0,0.0,0
2012-11-01T09:17:47.000,2258.8,7497,2258.6,29,0.0,0,0.0,0,0.0,0,0.0,0,2259,19,0.0,0,0.0,0,0.0,0,0.0,0
2012-11-01T09:17:47.500,2258.8,7508,2258.8,1,0.0,0,0.0,0,0.0,0,0.0,0,2259,9,0.0,0,0.0,0,0.0,0,0.0,0
2012-11-01T09:17:48.000,2258.8,7520,2258.6,26,0.0,0,0.0,0,0.0,0,0.0,0,2258.8,10,0.0,0,0.0,0,0.0,0,0.0,0
2012-11-01T09:17:48.500,2258.8,7531,2258.6,24,0.0,0,0.0,0,0.0,0,0.0,0,2258.8,5,0.0,0,0.0,0,0.0,0,0.0,0
2012-11-01T09:17:49.250,2258.6,7539,2258.6,19,0.0,0,0.0,0,0.0,0,0.0,0,2258.8,7,0.0,0,0.0,0,0.0,0,0.0,0
2012-11-01T09:17:50.000,2258.8,7541,2258.6,19,0.0,0,0.0,0,0.0,0,0.0,0,2258.8,6,0.0,0,0.0,0,0.0,0,0.0,0
2012-11-01T09:17:50.500,2258.6,7544,2258.6,24,0.0,0,0.0,0,0.0,0,0.0,0,2258.8,5,0.0,0,0.0,0,0.0,0,0.0,0
2012-11-01T09:17:51.000,2258.8,7550,2258.8,2,0.0,0,0.0,0,0.0,0,0.0,0,2259,8,0.0,0,0.0,0,0.0,0,0.0,0
2012-11-01T09:17:51.500,2259,7555,2258.8,12,0.0,0,0.0,0,0.0,0,0.0,0,2259,3,0.0,0,0.0,0,0.0,0,0.0,0
2012-11-01T09:17:52.000,2259,7557,2258.8,13,0.0,0,0.0,0,0.0,0,0.0,0,2259,2,0.0,0,0.0,0,0.0,0,0.0,0
2012-11-01T09:17:52.500,2259,7559,2258.8,14,0.0,0,0.0,0,0.0,0,0.0,0,2259,1,0.0,0,0.0,0,0.0,0,0.0,0
2012-11-01T09:17:54.000,2258.8,7560,2258.8,18,0.0,0,0.0,0,0.0,0,0.0,0,2259,7,0.0,0,0.0,0,0.0,0,0.0,0
2012-11-01T09:17:54.500,2259,7575,2258.8,5,0.0,0,0.0,0,0.0,0,0.0,0,2259,6,0.0,0,0.0,0,0.0,0,0.0,0
2012-11-01T09:17:55.000,2258.8,7581,2258.6,23,0.0,0,0.0,0,0.0,0,0.0,0,2258.8,6,0.0,0,0.0,0,0.0,0,0.0,0
2012-11-01T09:17:55.500,2258.8,7583,2258.6,26,0.0,0,0.0,0,0.0,0,0.0,0,2258.8,9,0.0,0,0.0,0,0.0,0,0.0,0
2012-11-01T09:17:56.000,2258.6,7587,2258.6,23,0.0,0,0.0,0,0.0,0,0.0,0,2258.8,12,0.0,0,0.0,0,0.0,0,0.0,0
2012-11-01T09:17:56.500,2258.8,7591,2258.6,23,0.0,0,0.0,0,0.0,0,0.0,0,2258.8,8,0.0,0,0.0,0,0.0,0,0.0,0
2012-11-01T09:17:57.000,2258.8,7596,2258.6,22,0.0,0,0.0,0,0.0,0,0.0,0,2258.8,6,0.0,0,0.0,0,0.0,0,0.0,0
2012-11-01T09:17:57.500,2258.8,7603,2258.6,19,0.0,0,0.0,0,0.0,0,0.0,0,2258.8,4,0.0,0,0.0,0,0.0,0,0.0,0
2012-11-01T09:17:58.000,2258.8,7608,2258.6,19,0.0,0,0.0,0,0.0,0,0.0,0,2258.8,1,0.0,0,0.0,0,0.0,0,0.0,0
2012-11-01T09:17:58.500,2258.6,7611,2258.6,19,0.0,0,0.0,0,0.0,0,0.0,0,2258.8,1,0.0,0,0.0,0,0.0,0,0.0,0
2012-11-01T09:17:59.000,2258.8,7614,2258.6,19,0.0,0,0.0,0,0.0,0,0.0,0,2258.8,2,0.0,0,0.0,0,0.0,0,0.0,0
2012-11-01T09:17:59.500,2258.8,7616,2258.6,23,0.0,0,0.0,0,0.0,0,0.0,0,2259,37,0.0,0,0.0,0,0.0,0,0.0,0
2012-11-01T09:18:00.000,2258.8,7617,2258.6,25,0.0,0,0.0,0,0.0,0,0.0,0,2259,37,0.0,0,0.0,0,0.0,0,0.0,0
2012-11-01T09:18:00.500,2258.8,7638,2258.8,3,0.0,0,0.0,0,0.0,0,0.0,0,2259,17,0.0,0,0.0,0,0.0,0,0.0,0
2012-11-01T09:18:01.000,2258.8,7642,2258.8,3,0.0,0,0.0,0,0.0,0,0.0,0,2259,16,0.0,0,0.0,0,0.0,0,0.0,0
2012-11-01T09:18:01.500,2258.8,7651,2258.6,22,0.0,0,0.0,0,0.0,0,0.0,0,2259,12,0.0,0,0.0,0,0.0,0,0.0,0
2012-11-01T09:18:02.000,2259,7661,2258.8,4,0.0,0,0.0,0,0.0,0,0.0,0,2259,4,0.0,0,0.0,0,0.0,0,0.0,0
2012-11-01T09:18:02.500,2259,7665,2258.8,24,0.0,0,0.0,0,0.0,0,0.0,0,2259,4,0.0,0,0.0,0,0.0,0,0.0,0
2012-11-01T09:18:03.000,2258.8,7670,2258.8,21,0.0,0,0.0,0,0.0,0,0.0,0,2259,2,0.0,0,0.0,0,0.0,0,0.0,0
2012-11-01T09:18:03.500,2259,7673,2259,5,0.0,0,0.0,0,0.0,0,0.0,0,2259.2,86,0.0,0,0.0,0,0.0,0,0.0,0
2012-11-01T09:18:04.250,2259,7676,2259,26,0.0,0,0.0,0,0.0,0,0.0,0,2259.2,84,0.0,0,0.0,0,0.0,0,0.0,0
2012-11-01T09:18:05.000,2259,7680,2259,26,0.0,0,0.0,0,0.0,0,0.0,0,2259.2,84,0.0,0,0.0,0,0.0,0,0.0,0
2012-11-01T09:18:05.500,2259.2,7698,2259,14,0.0,0,0.0,0,0.0,0,0.0,0,2259.2,79,0.0,0,0.0,0,0.0,0,0.0,0
2012-11-01T09:18:06.000,2259.2,7724,2259,12,0.0,0,0.0,0,0.0,0,0.0,0,2259.2,55,0.0,0,0.0,0,0.0,0,0.0,0
2012-11-01T09:18:06.500,2259,7727,2259,10,0.0,0,0.0,0,0.0,0,0.0,0,2259.2,54,0.0,0,0.0,0,0.0,0,0.0,0
2012-11-01T09:18:07.000,2259.2,7754,2259,5,0.0,0,0.0,0,0.0,0,0.0,0,2259.2,42,0.0,0,0.0,0,0.0,0,0.0,0
2012-11-01T09:18:07.500,2259.2,7757,2259,10,0.0,0,0.0,0,0.0,0,0.0,0,2259.2,39,0.0,0,0.0,0,0.0,0,0.0,0
2012-11-01T09:18:08.000,2259.2,7758,2259,10,0.0,0,0.0,0,0.0,0,0.0,0,2259.2,38,0.0,0,0.0,0,0.0,0,0.0,0
2012-11-01T09:18:08.500,2259,7779,2259,10,0.0,0,0.0,0,0.0,0,0.0,0,2259.2,18,0.0,0,0.0,0,0.0,0,0.0,0
2012-11-01T09:18:09.000,2259.2,7798,2259.2,4,0.0,0,0.0,0,0.0,0,0.0,0,2259.4,109,0.0,0,0.0,0,0.0,0,0.0,0
2012-11-01T09:18:09.500,2259.4,7802,2259.2,2,0.0,0,0.0,0,0.0,0,0.0,0,2259.4,108,0.0,0,0.0,0,0.0,0,0.0,0
2012-11-01T09:18:10.000,2259.2,7818,2259,6,0.0,0,0.0,0,0.0,0,0.0,0,2259.4,106,0.0,0,0.0,0,0.0,0,0.0,0
2012-11-01T09:18:10.500,2259.2,7819,2259.2,2,0.0,0,0.0,0,0.0,0,0.0,0,2259.4,106,0.0,0,0.0,0,0.0,0,0.0,0
2012-11-01T09:18:11.000,2259.4,7843,2259,4,0.0,0,0.0,0,0.0,0,0.0,0,2259.4,96,0.0,0,0.0,0,0.0,0,0.0,0
2012-11-01T09:18:11.500,2259,7844,2259,6,0.0,0,0.0,0,0.0,0,0.0,0,2259.2,1,0.0,0,0.0,0,0.0,0,0.0,0
2012-11-01T09:18:12.000,2259.4,7853,2259,11,0.0,0,0.0,0,0.0,0,0.0,0,2259.4,94,0.0,0,0.0,0,0.0,0,0.0,0
2012-11-01T09:18:12.500,2259.4,7858,2259.2,11,0.0,0,0.0,0,0.0,0,0.0,0,2259.4,92,0.0,0,0.0,0,0.0,0,0.0,0
2012-11-01T09:18:13.000,2259.4,7872,2259.2,10,0.0,0,0.0,0,0.0,0,0.0,0,2259.4,81,0.0,0,0.0,0,0.0,0,0.0,0
2012-11-01T09:18:13.500,2259.4,7891,2259.2,4,0.0,0,0.0,0,0.0,0,0.0,0,2259.4,69,0.0,0,0.0,0,0.0,0,0.0,0
2012-11-01T09:18:14.000,2259.4,7957,2259.2,18,0.0,0,0.0,0,0.0,0,0.0,0,2259.4,6,0.0,0,0.0,0,0.0,0,0.0,0
2012-11-01T09:18:14.500,2259.4,7985,2259,26,0.0,0,0.0,0,0.0,0,0.0,0,2259.6,74,0.0,0,0.0,0,0.0,0,0.0,0
2012-11-01T09:18:15.000,2259.6,7988,2259.4,74,0.0,0,0.0,0,0.0,0,0.0,0,2259.6,73,0.0,0,0.0,0,0.0,0,0.0,0
2012-11-01T09:18:15.500,2259.6,8000,2259.4,67,0.0,0,0.0,0,0.0,0,0.0,0,2259.6,63,0.0,0,0.0,0,0.0,0,0.0,0
2012-11-01T09:18:16.000,2259.4,8025,2259.4,48,0.0,0,0.0,0,0.0,0,0.0,0,2259.6,60,0.0,0,0.0,0,0.0,0,0.0,0
2012-11-01T09:18:16.500,2259.6,8048,2259.4,48,0.0,0,0.0,0,0.0,0,0.0,0,2259.6,38,0.0,0,0.0,0,0.0,0,0.0,0
2012-11-01T09:18:17.000,2259.6,8093,2259.6,30,0.0,0,0.0,0,0.0,0,0.0,0,2259.8,101,0.0,0,0.0,0,0.0,0,0.0,0
2012-11-01T09:18:17.500,2259.4,8152,2259.4,39,0.0,0,0.0,0,0.0,0,0.0,0,2259.8,79,0.0,0,0.0,0,0.0,0,0.0,0
2012-11-01T09:18:18.000,2259.6,8180,2259.4,42,0.0,0,0.0,0,0.0,0,0.0,0,2259.8,53,0.0,0,0.0,0,0.0,0,0.0,0
2012-11-01T09:18:18.500,2259.4,8188,2259.4,42,0.0,0,0.0,0,0.0,0,0.0,0,2259.8,46,0.0,0,0.0,0,0.0,0,0.0,0
2012-11-01T09:18:19.000,2259.8,8197,2259.4,43,0.0,0,0.0,0,0.0,0,0.0,0,2259.8,44,0.0,0,0.0,0,0.0,0,0.0,0
2012-11-01T09:18:19.500,2259.4,8209,2259.4,49,0.0,0,0.0,0,0.0,0,0.0,0,2259.8,35,0.0,0,0.0,0,0.0,0,0.0,0
2012-11-01T09:18:20.000,2259.8,8211,2259.6,1,0.0,0,0.0,0,0.0,0,0.0,0,2259.8,34,0.0,0,0.0,0,0.0,0,0.0,0
2012-11-01T09:18:20.500,2259.8,8248,2259.8,4,0.0,0,0.0,0,0.0,0,0.0,0,2260,196,0.0,0,0.0,0,0.0,0,0.0,0
2012-11-01T09:18:21.000,2260,8277,2259.8,7,0.0,0,0.0,0,0.0,0,0.0,0,2260,175,0.0,0,0.0,0,0.0,0,0.0,0
2012-11-01T09:18:21.500,2260,8308,2259.8,4,0.0,0,0.0,0,0.0,0,0.0,0,2260,158,0.0,0,0.0,0,0.0,0,0.0,0
2012-11-01T09:18:22.000,2260,8399,2259.8,5,0.0,0,0.0,0,0.0,0,0.0,0,2260,70,0.0,0,0.0,0,0.0,0,0.0,0
2012-11-01T09:18:22.500,2260,8432,2259.8,41,0.0,0,0.0,0,0.0,0,0.0,0,2260,41,0.0,0,0.0,0,0.0,0,0.0,0
2012-11-01T09:18:23.000,2260,8476,2259.8,40,0.0,0,0.0,0,0.0,0,0.0,0,2260,1,0.0,0,0.0,0,0.0,0,0.0,0
2012-11-01T09:18:23.500,2260.2,8481,2260,18,0.0,0,0.0,0,0.0,0,0.0,0,2260.2,17,0.0,0,0.0,0,0.0,0,0.0,0
2012-11-01T09:18:24.000,2260,8495,2260,32,0.0,0,0.0,0,0.0,0,0.0,0,2260.2,16,0.0,0,0.0,0,0.0,0,0.0,0
2012-11-01T09:18:24.500,2260,8526,2260,9,0.0,0,0.0,0,0.0,0,0.0,0,2260.2,10,0.0,0,0.0,0,0.0,0,0.0,0
2012-11-01T09:18:25.000,2260.2,8564,2260.2,4,0.0,0,0.0,0,0.0,0,0.0,0,2260.4,23,0.0,0,0.0,0,0.0,0,0.0,0
2012-11-01T09:18:25.500,2260.2,8601,2260,8,0.0,0,0.0,0,0.0,0,0.0,0,2260.2,47,0.0,0,0.0,0,0.0,0,0.0,0
2012-11-01T09:18:26.000,2260.2,8610,2260,6,0.0,0,0.0,0,0.0,0,0.0,0,2260.2,46,0.0,0,0.0,0,0.0,0,0.0,0
2012-11-01T09:18:26.500,2260,8626,2259.8,47,0.0,0,0.0,0,0.0,0,0.0,0,2260,43,0.0,0,0.0,0,0.0,0,0.0,0
2012-11-01T09:18:27.000,2260,8647,2259.8,51,0.0,0,0.0,0,0.0,0,0.0,0,2260,29,0.0,0,0.0,0,0.0,0,0.0,0
2012-11-01T09:18:27.500,2260,8666,2259.8,49,0.0,0,0.0,0,0.0,0,0.0,0,2260,19,0.0,0,0.0,0,0.0,0,0.0,0
2012-11-01T09:18:28.000,2260.2,8710,2259.8,39,0.0,0,0.0,0,0.0,0,0.0,0,2260.2,54,0.0,0,0.0,0,0.0,0,0.0,0
2012-11-01T09:18:28.500,2260,8724,2260,5,0.0,0,0.0,0,0.0,0,0.0,0,2260.2,52,0.0,0,0.0,0,0.0,0,0.0,0
2012-11-01T09:18:29.000,2259.8,8774,2259.8,25,0.0,0,0.0,0,0.0,0,0.0,0,2260,3,0.0,0,0.0,0,0.0,0,0.0,0
2012-11-01T09:18:29.500,2260,8779,2260,1,0.0,0,0.0,0,0.0,0,0.0,0,2260.2,20,0.0,0,0.0,0,0.0,0,0.0,0
2012-11-01T09:18:30.000,2260.2,8789,2260,4,0.0,0,0.0,0,0.0,0,0.0,0,2260.2,27,0.0,0,0.0,0,0.0,0,0.0,0
2012-11-01T09:18:30.500,2260,8807,2260,24,0.0,0,0.0,0,0.0,0,0.0,0,2260.2,26,0.0,0,0.0,0,0.0,0,0.0,0
2012-11-01T09:18:31.000,2260.2,8825,2260,52,0.0,0,0.0,0,0.0,0,0.0,0,2260.2,14,0.0,0,0.0,0,0.0,0,0.0,0
2012-11-01T09:18:31.500,2260.2,8834,2260,90,0.0,0,0.0,0,0.0,0,0.0,0,2260.2,8,0.0,0,0.0,0,0.0,0,0.0,0
2012-11-01T09:18:32.000,2260.2,8863,2260.2,33,0.0,0,0.0,0,0.0,0,0.0,0,2260.4,16,0.0,0,0.0,0,0.0,0,0.0,0
2012-11-01T09:18:32.500,2260.4,8884,2260.4,6,0.0,0,0.0,0,0.0,0,0.0,0,2260.6,27,0.0,0,0.0,0,0.0,0,0.0,0
2012-11-01T09:18:33.000,2260.4,8918,2260.4,1,0.0,0,0.0,0,0.0,0,0.0,0,2260.6,3,0.0,0,0.0,0,0.0,0,0.0,0
2012-11-01T09:18:33.500,2260.4,8952,2260.2,19,0.0,0,0.0,0,0.0,0,0.0,0,2260.4,7,0.0,0,0.0,0,0.0,0,0.0,0
2012-11-01T09:18:34.000,2260.8,8997,2260.4,9,0.0,0,0.0,0,0.0,0,0.0,0,2260.8,8,0.0,0,0.0,0,0.0,0,0.0,0
2012-11-01T09:18:34.500,2260.6,9029,2260.4,12,0.0,0,0.0,0,0.0,0,0.0,0,2260.6,1,0.0,0,0.0,0,0.0,0,0.0,0
2012-11-01T09:18:35.000,2260.6,9052,2260.6,19,0.0,0,0.0,0,0.0,0,0.0,0,2260.8,1,0.0,0,0.0,0,0.0,0,0.0,0
2012-11-01T09:18:35.500,2260.8,9070,2260.8,1,0.0,0,0.0,0,0.0,0,0.0,0,2261,29,0.0,0,0.0,0,0.0,0,0.0,0
2012-11-01T09:18:36.000,2261,9085,2260.6,2,0.0,0,0.0,0,0.0,0,0.0,0,2260.8,1,0.0,0,0.0,0,0.0,0,0.0,0
2012-11-01T09:18:36.500,2260.8,9248,2260.8,24,0.0,0,0.0,0,0.0,0,0.0,0,2261.8,3,0.0,0,0.0,0,0.0,0,0.0,0
2012-11-01T09:18:37.000,2261,9283,2261,84,0.0,0,0.0,0,0.0,0,0.0,0,2261.6,7,0.0,0,0.0,0,0.0,0,0.0,0
2012-11-01T09:18:37.500,2261.4,9300,2261.8,8,0.0,0,0.0,0,0.0,0,0.0,0,2262,12,0.0,0,0.0,0,0.0,0,0.0,0
2012-11-01T09:18:38.000,2262,9358,2262,21,0.0,0,0.0,0,0.0,0,0.0,0,2262.4,11,0.0,0,0.0,0,0.0,0,0.0,0
2012-11-01T09:18:38.500,2262.4,9457,2262,3,0.0,0,0.0,0,0.0,0,0.0,0,2262.4,2,0.0,0,0.0,0,0.0,0,0.0,0
2012-11-01T09:18:39.000,2262.2,9501,2262,18,0.0,0,0.0,0,0.0,0,0.0,0,2262.2,2,0.0,0,0.0,0,0.0,0,0.0,0
2012-11-01T09:18:39.500,2262,9576,2261.6,2,0.0,0,0.0,0,0.0,0,0.0,0,2261.8,11,0.0,0,0.0,0,0.0,0,0.0,0
2012-11-01T09:18:40.000,2261.4,9597,2261,23,0.0,0,0.0,0,0.0,0,0.0,0,2261.4,6,0.0,0,0.0,0,0.0,0,0.0,0
2012-11-01T09:18:40.500,2261.4,9629,2261.2,10,0.0,0,0.0,0,0.0,0,0.0,0,2261.4,1,0.0,0,0.0,0,0.0,0,0.0,0
2012-11-01T09:18:41.000,2261.6,9657,2261.4,13,0.0,0,0.0,0,0.0,0,0.0,0,2261.6,46,0.0,0,0.0,0,0.0,0,0.0,0
2012-11-01T09:18:41.500,2261.4,9704,2261.4,10,0.0,0,0.0,0,0.0,0,0.0,0,2261.6,17,0.0,0,0.0,0,0.0,0,0.0,0
2012-11-01T09:18:42.000,2261.4,9722,2261.4,7,0.0,0,0.0,0,0.0,0,0.0,0,2261.6,7,0.0,0,0.0,0,0.0,0,0.0,0
2012-11-01T09:18:42.500,2261.4,9738,2261.2,29,0.0,0,0.0,0,0.0,0,0.0,0,2261.6,5,0.0,0,0.0,0,0.0,0,0.0,0
2012-11-01T09:18:43.000,2261.4,9764,2261.4,1,0.0,0,0.0,0,0.0,0,0.0,0,2261.6,5,0.0,0,0.0,0,0.0,0,0.0,0
2012-11-01T09:18:43.500,2261.2,9779,2261.2,24,0.0,0,0.0,0,0.0,0,0.0,0,2261.4,1,0.0,0,0.0,0,0.0,0,0.0,0
2012-11-01T09:18:44.000,2261.2,9817,2261.2,12,0.0,0,0.0,0,0.0,0,0.0,0,2261.6,1,0.0,0,0.0,0,0.0,0,0.0,0
2012-11-01T09:18:44.500,2261.2,9840,2261,15,0.0,0,0.0,0,0.0,0,0.0,0,2261.2,2,0.0,0,0.0,0,0.0,0,0.0,0
2012-11-01T09:18:45.000,2261,9865,2260.8,35,0.0,0,0.0,0,0.0,0,0.0,0,2261.4,2,0.0,0,0.0,0,0.0,0,0.0,0
2012-11-01T09:18:45.500,2261.4,9872,2261,8,0.0,0,0.0,0,0.0,0,0.0,0,2261.4,5,0.0,0,0.0,0,0.0,0,0.0,0
2012-11-01T09:18:46.000,2261.2,9922,2260.8,9,0.0,0,0.0,0,0.0,0,0.0,0,2261.4,17,0.0,0,0.0,0,0.0,0,0.0,0
2012-11-01T09:18:46.500,2261.2,9931,2261,2,0.0,0,0.0,0,0.0,0,0.0,0,2261.2,3,0.0,0,0.0,0,0.0,0,0.0,0
2012-11-01T09:18:47.000,2261,9941,2260.8,12,0.0,0,0.0,0,0.0,0,0.0,0,2261.2,6,0.0,0,0.0,0,0.0,0,0.0,0
2012-11-01T09:18:47.500,2261,9979,2260.8,2,0.0,0,0.0,0,0.0,0,0.0,0,2261,4,0.0,0,0.0,0,0.0,0,0.0,0
2012-11-01T09:18:48.000,2261.6,10000,2261,3,0.0,0,0.0,0,0.0,0,0.0,0,2261.6,23,0.0,0,0.0,0,0.0,0,0.0,0
2012-11-01T09:18:48.500,2261.2,10032,2261.2,3,0.0,0,0.0,0,0.0,0,0.0,0,2261.4,16,0.0,0,0.0,0,0.0,0,0.0,0
2012-11-01T09:18:49.000,2261.2,10040,2261.2,39,0.0,0,0.0,0,0.0,0,0.0,0,2261.4,15,0.0,0,0.0,0,0.0,0,0.0,0
2012-11-01T09:18:49.500,2261.6,10061,2261.2,43,0.0,0,0.0,0,0.0,0,0.0,0,2261.6,25,0.0,0,0.0,0,0.0,0,0.0,0
2012-11-01T09:18:50.000,2261.6,10065,2261.4,14,0.0,0,0.0,0,0.0,0,0.0,0,2261.6,23,0.0,0,0.0,0,0.0,0,0.0,0
2012-11-01T09:18:50.500,2261.4,10078,2261.4,7,0.0,0,0.0,0,0.0,0,0.0,0,2261.6,18,0.0,0,0.0,0,0.0,0,0.0,0
2012-11-01T09:18:51.000,2261.2,10092,2261.2,34,0.0,0,0.0,0,0.0,0,0.0,0,2261.4,10,0.0,0,0.0,0,0.0,0,0.0,0
2012-11-01T09:18:51.500,2261.6,10136,2261.2,43,0.0,0,0.0,0,0.0,0,0.0,0,2261.4,2,0.0,0,0.0,0,0.0,0,0.0,0
2012-11-01T09:18:52.000,2261.2,10164,2261.2,30,0.0,0,0.0,0,0.0,0,0.0,0,2261.4,1,0.0,0,0.0,0,0.0,0,0.0,0
2012-11-01T09:18:52.500,2261.4,10188,2261.2,27,0.0,0,0.0,0,0.0,0,0.0,0,2261.4,2,0.0,0,0.0,0,0.0,0,0.0,0
2012-11-01T09:18:53.000,2261.2,10193,2261.2,23,0.0,0,0.0,0,0.0,0,0.0,0,2261.4,6,0.0,0,0.0,0,0.0,0,0.0,0
2012-11-01T09:18:53.500,2261.2,10225,2261,10,0.0,0,0.0,0,0.0,0,0.0,0,2261.2,3,0.0,0,0.0,0,0.0,0,0.0,0
2012-11-01T09:18:54.000,2261,10231,2261,9,0.0,0,0.0,0,0.0,0,0.0,0,2261.2,3,0.0,0,0.0,0,0.0,0,0.0,0
2012-11-01T09:18:54.500,2261,10243,2260.8,25,0.0,0,0.0,0,0.0,0,0.0,0,2261,14,0.0,0,0.0,0,0.0,0,0.0,0
2012-11-01T09:18:55.000,2260.8,10249,2260.8,22,0.0,0,0.0,0,0.0,0,0.0,0,2261,102,0.0,0,0.0,0,0.0,0,0.0,0
2012-11-01T09:18:55.500,2260.8,10285,2260.6,63,0.0,0,0.0,0,0.0,0,0.0,0,2260.8,10,0.0,0,0.0,0,0.0,0,0.0,0
2012-11-01T09:18:56.000,2260.6,10351,2260.4,73,0.0,0,0.0,0,0.0,0,0.0,0,2260.6,13,0.0,0,0.0,0,0.0,0,0.0,0
2012-11-01T09:18:56.500,2260.4,10364,2260.4,31,0.0,0,0.0,0,0.0,0,0.0,0,2260.6,28,0.0,0,0.0,0,0.0,0,0.0,0
2012-11-01T09:18:57.000,2260.6,10367,2260.4,36,0.0,0,0.0,0,0.0,0,0.0,0,2260.6,4,0.0,0,0.0,0,0.0,0,0.0,0
2012-11-01T09:18:57.500,2260.6,10378,2260.4,42,0.0,0,0.0,0,0.0,0,0.0,0,2260.6,1,0.0,0,0.0,0,0.0,0,0.0,0
2012-11-01T09:18:58.000,2260.4,10399,2260.6,4,0.0,0,0.0,0,0.0,0,0.0,0,2260.8,13,0.0,0,0.0,0,0.0,0,0.0,0
2012-11-01T09:18:58.500,2260.8,10420,2260.6,9,0.0,0,0.0,0,0.0,0,0.0,0,2260.8,2,0.0,0,0.0,0,0.0,0,0.0,0
2012-11-01T09:18:59.000,2260.8,10424,2260.6,40,0.0,0,0.0,0,0.0,0,0.0,0,2260.8,1,0.0,0,0.0,0,0.0,0,0.0,0
2012-11-01T09:18:59.500,2261,10459,2260.8,3,0.0,0,0.0,0,0.0,0,0.0,0,2261,74,0.0,0,0.0,0,0.0,0,0.0,0
2012-11-01T09:19:00.000,2260.8,10464,2260.8,1,0.0,0,0.0,0,0.0,0,0.0,0,2261,79,0.0,0,0.0,0,0.0,0,0.0,0
2012-11-01T09:19:00.500,2260.8,10474,2260.6,51,0.0,0,0.0,0,0.0,0,0.0,0,2260.8,11,0.0,0,0.0,0,0.0,0,0.0,0
2012-11-01T09:19:01.000,2260.8,10487,2260.6,46,0.0,0,0.0,0,0.0,0,0.0,0,2260.8,15,0.0,0,0.0,0,0.0,0,0.0,0
2012-11-01T09:19:01.500,2260.6,10511,2260.6,25,0.0,0,0.0,0,0.0,0,0.0,0,2260.8,1,0.0,0,0.0,0,0.0,0,0.0,0
2012-11-01T09:19:02.000,2260.8,10532,2260.6,19,0.0,0,0.0,0,0.0,0,0.0,0,2261,83,0.0,0,0.0,0,0.0,0,0.0,0
2012-11-01T09:19:02.500,2260.8,10538,2260.6,15,0.0,0,0.0,0,0.0,0,0.0,0,2260.8,4,0.0,0,0.0,0,0.0,0,0.0,0
2012-11-01T09:19:03.000,2260.8,10544,2260.8,10,0.0,0,0.0,0,0.0,0,0.0,0,2261,86,0.0,0,0.0,0,0.0,0,0.0,0
2012-11-01T09:19:03.500,2260.8,10559,2260.8,12,0.0,0,0.0,0,0.0,0,0.0,0,2261,81,0.0,0,0.0,0,0.0,0,0.0,0
2012-11-01T09:19:04.000,2261,10580,2260.6,13,0.0,0,0.0,0,0.0,0,0.0,0,2261,82,0.0,0,0.0,0,0.0,0,0.0,0
2012-11-01T09:19:04.500,2260.6,10584,2260.6,10,0.0,0,0.0,0,0.0,0,0.0,0,2260.8,5,0.0,0,0.0,0,0.0,0,0.0,0
2012-11-01T09:19:05.250,2260.6,10607,2260.6,10,0.0,0,0.0,0,0.0,0,0.0,0,2260.8,8,0.0,0,0.0,0,0.0,0,0.0,0
2012-11-01T09:19:06.000,2260.8,10623,2260.8,43,0.0,0,0.0,0,0.0,0,0.0,0,2261,81,0.0,0,0.0,0,0.0,0,0.0,0
2012-11-01T09:19:06.500,2260.8,10624,2260.8,45,0.0,0,0.0,0,0.0,0,0.0,0,2261,89,0.0,0,0.0,0,0.0,0,0.0,0
2012-11-01T09:19:07.000,2261,10630,2260.8,44,0.0,0,0.0,0,0.0,0,0.0,0,2261,86,0.0,0,0.0,0,0.0,0,0.0,0
2012-11-01T09:19:07.500,2261,10661,2260.8,40,0.0,0,0.0,0,0.0,0,0.0,0,2261,69,0.0,0,0.0,0,0.0,0,0.0,0
2012-11-01T09:19:08.000,2260.8,10667,2260.8,35,0.0,0,0.0,0,0.0,0,0.0,0,2261,71,0.0,0,0.0,0,0.0,0,0.0,0
2012-11-01T09:19:08.500,2261,10694,2260.8,29,0.0,0,0.0,0,0.0,0,0.0,0,2261,53,0.0,0,0.0,0,0.0,0,0.0,0
2012-11-01T09:19:09.000,2260.8,10733,2260.8,23,0.0,0,0.0,0,0.0,0,0.0,0,2261,26,0.0,0,0.0,0,0.0,0,0.0,0
2012-11-01T09:19:09.500,2261,10765,2261,84,0.0,0,0.0,0,0.0,0,0.0,0,2261.2,24,0.0,0,0.0,0,0.0,0,0.0,0
2012-11-01T09:19:10.000,2261.4,10809,2261.2,30,0.0,0,0.0,0,0.0,0,0.0,0,2261.4,25,0.0,0,0.0,0,0.0,0,0.0,0
2012-11-01T09:19:10.500,2261.4,10814,2261.2,39,0.0,0,0.0,0,0.0,0,0.0,0,2261.4,23,0.0,0,0.0,0,0.0,0,0.0,0
2012-11-01T09:19:11.000,2261.4,10829,2261.2,38,0.0,0,0.0,0,0.0,0,0.0,0,2261.4,20,0.0,0,0.0,0,0.0,0,0.0,0
2012-11-01T09:19:11.500,2261.2,10832,2261.2,35,0.0,0,0.0,0,0.0,0,0.0,0,2261.4,20,0.0,0,0.0,0,0.0,0,0.0,0
2012-11-01T09:19:12.000,2261.4,10861,2261.4,5,0.0,0,0.0,0,0.0,0,0.0,0,2261.6,100,0.0,0,0.0,0,0.0,0,0.0,0
2012-11-01T09:19:12.500,2261.4,10876,2261.4,15,0.0,0,0.0,0,0.0,0,0.0,0,2261.6,96,0.0,0,0.0,0,0.0,0,0.0,0
2012-11-01T09:19:13.000,2261.2,10895,2261.2,20,0.0,0,0.0,0,0.0,0,0.0,0,2261.4,7,0.0,0,0.0,0,0.0,0,0.0,0
2012-11-01T09:19:13.500,2261.2,10916,2261,89,0.0,0,0.0,0,0.0,0,0.0,0,2261.2,6,0.0,0,0.0,0,0.0,0,0.0,0
2012-11-01T09:19:14.000,2261,10961,2261,76,0.0,0,0.0,0,0.0,0,0.0,0,2261.2,1,0.0,0,0.0,0,0.0,0,0.0,0
2012-11-01T09:19:14.500,2261.2,10966,2261.2,2,0.0,0,0.0,0,0.0,0,0.0,0,2261.4,35,0.0,0,0.0,0,0.0,0,0.0,0
2012-11-01T09:19:15.000,2261.2,10974,2261,73,0.0,0,0.0,0,0.0,0,0.0,0,2261.2,5,0.0,0,0.0,0,0.0,0,0.0,0
2012-11-01T09:19:15.500,2261,10981,2261,68,0.0,0,0.0,0,0.0,0,0.0,0,2261.2,8,0.0,0,0.0,0,0.0,0,0.0,0
2012-11-01T09:19:16.000,2261,10986,2261,69,0.0,0,0.0,0,0.0,0,0.0,0,2261.2,11,0.0,0,0.0,0,0.0,0,0.0,0
2012-11-01T09:19:16.500,2261.2,11000,2261,68,0.0,0,0.0,0,0.0,0,0.0,0,2261.2,15,0.0,0,0.0,0,0.0,0,0.0,0
2012-11-01T09:19:17.000,2261.2,11005,2261,67,0.0,0,0.0,0,0.0,0,0.0,0,2261.2,17,0.0,0,0.0,0,0.0,0,0.0,0
2012-11-01T09:19:17.500,2261,11062,2261,13,0.0,0,0.0,0,0.0,0,0.0,0,2261.2,17,0.0,0,0.0,0,0.0,0,0.0,0
2012-11-01T09:19:18.000,2260.8,11088,2260.8,22,0.0,0,0.0,0,0.0,0,0.0,0,2261,7,0.0,0,0.0,0,0.0,0,0.0,0
2012-11-01T09:19:18.500,2261.2,11172,2261.2,40,0.0,0,0.0,0,0.0,0,0.0,0,2261.4,61,0.0,0,0.0,0,0.0,0,0.0,0
2012-11-01T09:19:19.000,2261.2,11185,2261.2,27,0.0,0,0.0,0,0.0,0,0.0,0,2261.4,61,0.0,0,0.0,0,0.0,0,0.0,0
2012-11-01T09:19:19.500,2261.2,11203,2261.2,25,0.0,0,0.0,0,0.0,0,0.0,0,2261.4,63,0.0,0,0.0,0,0.0,0,0.0,0
2012-11-01T09:19:20.000,2261.2,11212,2261.2,17,0.0,0,0.0,0,0.0,0,0.0,0,2261.4,64,0.0,0,0.0,0,0.0,0,0.0,0
2012-11-01T09:19:20.500,2261.2,11220,2261.2,11,0.0,0,0.0,0,0.0,0,0.0,0,2261.4,67,0.0,0,0.0,0,0.0,0,0.0,0
2012-11-01T09:19:21.000,2261.2,11253,2261.2,4,0.0,0,0.0,0,0.0,0,0.0,0,2261.4,47,0.0,0,0.0,0,0.0,0,0.0,0
2012-11-01T09:19:21.500,2261,11259,2261,22,0.0,0,0.0,0,0.0,0,0.0,0,2261.4,50,0.0,0,0.0,0,0.0,0,0.0,0
2012-11-01T09:19:22.000,2261.2,11262,2261,21,0.0,0,0.0,0,0.0,0,0.0,0,2261.2,23,0.0,0,0.0,0,0.0,0,0.0,0
2012-11-01T09:19:22.500,2261,11263,2261,21,0.0,0,0.0,0,0.0,0,0.0,0,2261.2,24,0.0,0,0.0,0,0.0,0,0.0,0
2012-11-01T09:19:23.000,2261,11278,2261,18,0.0,0,0.0,0,0.0,0,0.0,0,2261.2,29,0.0,0,0.0,0,0.0,0,0.0,0
2012-11-01T09:19:23.500,2261,11279,2261,18,0.0,0,0.0,0,0.0,0,0.0,0,2261.2,33,0.0,0,0.0,0,0.0,0,0.0,0
2012-11-01T09:19:24.000,2261,11284,2261,17,0.0,0,0.0,0,0.0,0,0.0,0,2261.2,65,0.0,0,0.0,0,0.0,0,0.0,0
2012-11-01T09:19:24.500,2261.2,11295,2261,16,0.0,0,0.0,0,0.0,0,0.0,0,2261.2,55,0.0,0,0.0,0,0.0,0,0.0,0
2012-11-01T09:19:25.000,2261,11305,2261,6,0.0,0,0.0,0,0.0,0,0.0,0,2261.2,76,0.0,0,0.0,0,0.0,0,0.0,0
2012-11-01T09:19:25.500,2261,11316,2261,2,0.0,0,0.0,0,0.0,0,0.0,0,2261.2,70,0.0,0,0.0,0,0.0,0,0.0,0
2012-11-01T09:19:26.000,2261,11320,2260.8,6,0.0,0,0.0,0,0.0,0,0.0,0,2261,52,0.0,0,0.0,0,0.0,0,0.0,0
2012-11-01T09:19:26.500,2261,11347,2260.6,58,0.0,0,0.0,0,0.0,0,0.0,0,2260.8,70,0.0,0,0.0,0,0.0,0,0.0,0
2012-11-01T09:19:27.000,2260.8,11353,2260.6,57,0.0,0,0.0,0,0.0,0,0.0,0,2260.8,66,0.0,0,0.0,0,0.0,0,0.0,0
2012-11-01T09:19:27.500,2260.8,11398,2260.6,27,0.0,0,0.0,0,0.0,0,0.0,0,2260.8,52,0.0,0,0.0,0,0.0,0,0.0,0
2012-11-01T09:19:28.000,2260.8,11403,2260.6,26,0.0,0,0.0,0,0.0,0,0.0,0,2260.8,50,0.0,0,0.0,0,0.0,0,0.0,0
2012-11-01T09:19:28.500,2260.6,11408,2260.6,13,0.0,0,0.0,0,0.0,0,0.0,0,2260.8,53,0.0,0,0.0,0,0.0,0,0.0,0
2012-11-01T09:19:29.000,2260.8,11411,2260.6,13,0.0,0,0.0,0,0.0,0,0.0,0,2260.8,50,0.0,0,0.0,0,0.0,0,0.0,0
2012-11-01T09:19:29.500,2260.6,11421,2260.6,6,0.0,0,0.0,0,0.0,0,0.0,0,2260.8,48,0.0,0,0.0,0,0.0,0,0.0,0
2012-11-01T09:19:30.000,2260.6,11426,2260.6,1,0.0,0,0.0,0,0.0,0,0.0,0,2260.8,48,0.0,0,0.0,0,0.0,0,0.0,0
2012-11-01T09:19:30.500,2260.6,11427,2260.6,5,0.0,0,0.0,0,0.0,0,0.0,0,2260.8,49,0.0,0,0.0,0,0.0,0,0.0,0
2012-11-01T09:19:31.000,2260.6,11439,2260.4,59,0.0,0,0.0,0,0.0,0,0.0,0,2260.6,16,0.0,0,0.0,0,0.0,0,0.0,0
2012-11-01T09:19:31.500,2260.8,11463,2260.6,27,0.0,0,0.0,0,0.0,0,0.0,0,2260.8,48,0.0,0,0.0,0,0.0,0,0.0,0
2012-11-01T09:19:32.000,2260.8,11467,2260.6,48,0.0,0,0.0,0,0.0,0,0.0,0,2260.8,46,0.0,0,0.0,0,0.0,0,0.0,0
2012-11-01T09:19:32.500,2260.6,11471,2260.6,54,0.0,0,0.0,0,0.0,0,0.0,0,2260.8,47,0.0,0,0.0,0,0.0,0,0.0,0
2012-11-01T09:19:33.000,2260.8,11482,2260.6,53,0.0,0,0.0,0,0.0,0,0.0,0,2260.8,43,0.0,0,0.0,0,0.0,0,0.0,0
2012-11-01T09:19:33.500,2260.6,11529,2260.6,50,0.0,0,0.0,0,0.0,0,0.0,0,2260.8,2,0.0,0,0.0,0,0.0,0,0.0,0
2012-11-01T09:19:34.000,2260.6,11538,2260.6,47,0.0,0,0.0,0,0.0,0,0.0,0,2261,45,0.0,0,0.0,0,0.0,0,0.0,0
2012-11-01T09:19:34.500,2260.6,11542,2260.8,2,0.0,0,0.0,0,0.0,0,0.0,0,2261,43,0.0,0,0.0,0,0.0,0,0.0,0
2012-11-01T09:19:35.000,2260.6,11599,2260.4,59,0.0,0,0.0,0,0.0,0,0.0,0,2260.6,21,0.0,0,0.0,0,0.0,0,0.0,0
2012-11-01T09:19:35.500,2260.6,11610,2260.4,61,0.0,0,0.0,0,0.0,0,0.0,0,2260.6,12,0.0,0,0.0,0,0.0,0,0.0,0
2012-11-01T09:19:36.000,2260.6,11618,2260.4,59,0.0,0,0.0,0,0.0,0,0.0,0,2260.6,8,0.0,0,0.0,0,0.0,0,0.0,0
2012-11-01T09:19:36.500,2260.6,11626,2260.4,59,0.0,0,0.0,0,0.0,0,0.0,0,2260.6,3,0.0,0,0.0,0,0.0,0,0.0,0
2012-11-01T09:19:37.000,2260.6,11638,2260.4,49,0.0,0,0.0,0,0.0,0,0.0,0,2260.6,1,0.0,0,0.0,0,0.0,0,0.0,0
2012-11-01T09:19:37.500,2260.6,11639,2260.6,104,0.0,0,0.0,0,0.0,0,0.0,0,2260.8,3,0.0,0,0.0,0,0.0,0,0.0,0
2012-11-01T09:19:38.000,2260.8,11657,2260.8,16,0.0,0,0.0,0,0.0,0,0.0,0,2261,50,0.0,0,0.0,0,0.0,0,0.0,0
2012-11-01T09:19:38.500,2260.8,11666,2260.8,25,0.0,0,0.0,0,0.0,0,0.0,0,2261,43,0.0,0,0.0,0,0.0,0,0.0,0
2012-11-01T09:19:39.000,2260.8,11668,2260.8,38,0.0,0,0.0,0,0.0,0,0.0,0,2261,43,0.0,0,0.0,0,0.0,0,0.0,0
2012-11-01T09:19:39.500,2260.8,11672,2260.8,39,0.0,0,0.0,0,0.0,0,0.0,0,2261,46,0.0,0,0.0,0,0.0,0,0.0,0
2012-11-01T09:19:40.250,2260.8,11675,2260.8,41,0.0,0,0.0,0,0.0,0,0.0,0,2261,53,0.0,0,0.0,0,0.0,0,0.0,0
2012-11-01T09:19:41.000,2260.8,11677,2260.8,42,0.0,0,0.0,0,0.0,0,0.0,0,2261,53,0.0,0,0.0,0,0.0,0,0.0,0
2012-11-01T09:19:41.500,2260.8,11678,2260.8,43,0.0,0,0.0,0,0.0,0,0.0,0,2261,55,0.0,0,0.0,0,0.0,0,0.0,0
2012-11-01T09:19:42.250,2261,11691,2260.8,47,0.0,0,0.0,0,0.0,0,0.0,0,2261,50,0.0,0,0.0,0,0.0,0,0.0,0
2012-11-01T09:19:43.250,2261,11693,2260.8,54,0.0,0,0.0,0,0.0,0,0.0,0,2261,54,0.0,0,0.0,0,0.0,0,0.0,0
2012-11-01T09:19:44.000,2261,11699,2260.8,64,0.0,0,0.0,0,0.0,0,0.0,0,2261,52,0.0,0,0.0,0,0.0,0,0.0,0
2012-11-01T09:19:44.500,2261,11751,2260.8,53,0.0,0,0.0,0,0.0,0,0.0,0,2261,13,0.0,0,0.0,0,0.0,0,0.0,0
2012-11-01T09:19:45.000,2261,11767,2261,57,0.0,0,0.0,0,0.0,0,0.0,0,2261.2,68,0.0,0,0.0,0,0.0,0,0.0,0
2012-11-01T09:19:45.500,2261,11768,2261,60,0.0,0,0.0,0,0.0,0,0.0,0,2261.2,68,0.0,0,0.0,0,0.0,0,0.0,0
2012-11-01T09:19:46.000,2261.2,11769,2261,65,0.0,0,0.0,0,0.0,0,0.0,0,2261.2,67,0.0,0,0.0,0,0.0,0,0.0,0
2012-11-01T09:19:46.500,2261,11771,2261,63,0.0,0,0.0,0,0.0,0,0.0,0,2261.2,67,0.0,0,0.0,0,0.0,0,0.0,0
2012-11-01T09:19:47.000,2261,11778,2261,57,0.0,0,0.0,0,0.0,0,0.0,0,2261.2,66,0.0,0,0.0,0,0.0,0,0.0,0
2012-11-01T09:19:47.500,2261.2,11783,2261,54,0.0,0,0.0,0,0.0,0,0.0,0,2261.2,62,0.0,0,0.0,0,0.0,0,0.0,0
2012-11-01T09:19:48.000,2261,11785,2261,54,0.0,0,0.0,0,0.0,0,0.0,0,2261.2,61,0.0,0,0.0,0,0.0,0,0.0,0
2012-11-01T09:19:48.500,2261.2,11789,2261,54,0.0,0,0.0,0,0.0,0,0.0,0,2261.2,64,0.0,0,0.0,0,0.0,0,0.0,0
2012-11-01T09:19:49.000,2261,11800,2261,44,0.0,0,0.0,0,0.0,0,0.0,0,2261.2,63,0.0,0,0.0,0,0.0,0,0.0,0
2012-11-01T09:19:49.500,2261.2,11835,2261,13,0.0,0,0.0,0,0.0,0,0.0,0,2261.2,59,0.0,0,0.0,0,0.0,0,0.0,0
2012-11-01T09:19:50.000,2261,11853,2261,2,0.0,0,0.0,0,0.0,0,0.0,0,2261.2,57,0.0,0,0.0,0,0.0,0,0.0,0
2012-11-01T09:19:50.500,2261.2,11913,2261.2,5,0.0,0,0.0,0,0.0,0,0.0,0,2261.4,49,0.0,0,0.0,0,0.0,0,0.0,0
2012-11-01T09:19:51.000,2261.2,11917,2261.2,1,0.0,0,0.0,0,0.0,0,0.0,0,2261.4,49,0.0,0,0.0,0,0.0,0,0.0,0
2012-11-01T09:19:51.500,2261.2,11920,2261,4,0.0,0,0.0,0,0.0,0,0.0,0,2261.2,2,0.0,0,0.0,0,0.0,0,0.0,0
2012-11-01T09:19:52.000,2261.2,11929,2261,4,0.0,0,0.0,0,0.0,0,0.0,0,2261.2,11,0.0,0,0.0,0,0.0,0,0.0,0
2012-11-01T09:19:52.500,2261.2,11935,2261,2,0.0,0,0.0,0,0.0,0,0.0,0,2261.2,9,0.0,0,0.0,0,0.0,0,0.0,0
2012-11-01T09:19:53.000,2261,11945,2261,15,0.0,0,0.0,0,0.0,0,0.0,0,2261.2,2,0.0,0,0.0,0,0.0,0,0.0,0
2012-11-01T09:19:53.500,2261.2,11964,2261.2,10,0.0,0,0.0,0,0.0,0,0.0,0,2261.4,39,0.0,0,0.0,0,0.0,0,0.0,0
2012-11-01T09:19:54.250,2261.4,11968,2261.2,9,0.0,0,0.0,0,0.0,0,0.0,0,2261.4,37,0.0,0,0.0,0,0.0,0,0.0,0
2012-11-01T09:19:55.000,2261.4,11970,2261.2,12,0.0,0,0.0,0,0.0,0,0.0,0,2261.4,35,0.0,0,0.0,0,0.0,0,0.0,0
2012-11-01T09:19:55.500,2261.4,11975,2261.2,12,0.0,0,0.0,0,0.0,0,0.0,0,2261.4,32,0.0,0,0.0,0,0.0,0,0.0,0
2012-11-01T09:19:56.000,2261.4,12001,2261.2,11,0.0,0,0.0,0,0.0,0,0.0,0,2261.4,11,0.0,0,0.0,0,0.0,0,0.0,0
2012-11-01T09:19:56.500,2261.4,12006,2261.2,12,0.0,0,0.0,0,0.0,0,0.0,0,2261.4,7,0.0,0,0.0,0,0.0,0,0.0,0
2012-11-01T09:19:57.000,2261.2,12015,2261.2,14,0.0,0,0.0,0,0.0,0,0.0,0,2261.4,1,0.0,0,0.0,0,0.0,0,0.0,0
2012-11-01T09:19:57.500,2261.4,12020,2261.4,4,0.0,0,0.0,0,0.0,0,0.0,0,2261.6,79,0.0,0,0.0,0,0.0,0,0.0,0
2012-11-01T09:19:58.000,2261.6,12067,2261.4,11,0.0,0,0.0,0,0.0,0,0.0,0,2261.6,32,0.0,0,0.0,0,0.0,0,0.0,0
2012-11-01T09:19:58.500,2261.6,12076,2261.4,52,0.0,0,0.0,0,0.0,0,0.0,0,2261.6,25,0.0,0,0.0,0,0.0,0,0.0,0
2012-11-01T09:19:59.000,2261.6,12108,2261.6,20,0.0,0,0.0,0,0.0,0,0.0,0,2261.8,91,0.0,0,0.0,0,0.0,0,0.0,0
2012-11-01T09:19:59.500,2261.8,12131,2261.6,34,0.0,0,0.0,0,0.0,0,0.0,0,2261.8,68,0.0,0,0.0,0,0.0,0,0.0,0
2012-11-01T09:20:00.000,2261.8,12138,2261.6,31,0.0,0,0.0,0,0.0,0,0.0,0,2261.8,65,0.0,0,0.0,0,0.0,0,0.0,0
2012-11-01T09:20:00.500,2261.8,12207,2261.8,47,0.0,0,0.0,0,0.0,0,0.0,0,2262,57,0.0,0,0.0,0,0.0,0,0.0,0
2012-11-01T09:20:01.000,2261.8,12263,2261.6,22,0.0,0,0.0,0,0.0,0,0.0,0,2261.8,1,0.0,0,0.0,0,0.0,0,0.0,0
2012-11-01T09:20:01.500,2262,12295,2261.6,42,0.0,0,0.0,0,0.0,0,0.0,0,2261.8,1,0.0,0,0.0,0,0.0,0,0.0,0
2012-11-01T09:20:02.000,2261.6,12325,2261.6,41,0.0,0,0.0,0,0.0,0,0.0,0,2261.8,13,0.0,0,0.0,0,0.0,0,0.0,0
2012-11-01T09:20:02.500,2261.6,12353,2261.6,22,0.0,0,0.0,0,0.0,0,0.0,0,2261.8,27,0.0,0,0.0,0,0.0,0,0.0,0
2012-11-01T09:20:03.000,2261.6,12379,2261.6,23,0.0,0,0.0,0,0.0,0,0.0,0,2261.8,35,0.0,0,0.0,0,0.0,0,0.0,0
2012-11-01T09:20:03.500,2261.6,12397,2261.6,15,0.0,0,0.0,0,0.0,0,0.0,0,2261.8,22,0.0,0,0.0,0,0.0,0,0.0,0
2012-11-01T09:20:04.000,2261.6,12410,2261.6,11,0.0,0,0.0,0,0.0,0,0.0,0,2261.8,13,0.0,0,0.0,0,0.0,0,0.0,0
2012-11-01T09:20:04.500,2261.8,12417,2261.6,6,0.0,0,0.0,0,0.0,0,0.0,0,2261.8,18,0.0,0,0.0,0,0.0,0,0.0,0
2012-11-01T09:20:05.000,2261.6,12426,2261.4,50,0.0,0,0.0,0,0.0,0,0.0,0,2261.6,20,0.0,0,0.0,0,0.0,0,0.0,0
2012-11-01T09:20:05.500,2261.4,12431,2261.4,48,0.0,0,0.0,0,0.0,0,0.0,0,2261.6,21,0.0,0,0.0,0,0.0,0,0.0,0
2012-11-01T09:20:06.000,2261.4,12436,2261.4,47,0.0,0,0.0,0,0.0,0,0.0,0,2261.6,18,0.0,0,0.0,0,0.0,0,0.0,0
2012-11-01T09:20:06.500,2261.4,12437,2261.4,46,0.0,0,0.0,0,0.0,0,0.0,0,2261.6,31,0.0,0,0.0,0,0.0,0,0.0,0
2012-11-01T09:20:07.000,2261.4,12444,2261.4,39,0.0,0,0.0,0,0.0,0,0.0,0,2261.6,38,0.0,0,0.0,0,0.0,0,0.0,0
2012-11-01T09:20:07.500,2261.4,12452,2261.4,32,0.0,0,0.0,0,0.0,0,0.0,0,2261.6,42,0.0,0,0.0,0,0.0,0,0.0,0
2012-11-01T09:20:08.000,2261.4,12480,2261.4,12,0.0,0,0.0,0,0.0,0,0.0,0,2261.6,41,0.0,0,0.0,0,0.0,0,0.0,0
2012-11-01T09:20:08.500,2261.4,12492,2261.2,22,0.0,0,0.0,0,0.0,0,0.0,0,2261.4,7,0.0,0,0.0,0,0.0,0,0.0,0
2012-11-01T09:20:09.000,2261.2,12495,2261.2,26,0.0,0,0.0,0,0.0,0,0.0,0,2261.4,14,0.0,0,0.0,0,0.0,0,0.0,0
2012-11-01T09:20:09.500,2261.2,12497,2261.2,24,0.0,0,0.0,0,0.0,0,0.0,0,2261.4,22,0.0,0,0.0,0,0.0,0,0.0,0
2012-11-01T09:20:10.000,2261.2,12500,2261.2,23,0.0,0,0.0,0,0.0,0,0.0,0,2261.4,30,0.0,0,0.0,0,0.0,0,0.0,0
2012-11-01T09:20:10.500,2261.2,12505,2261.2,18,0.0,0,0.0,0,0.0,0,0.0,0,2261.4,30,0.0,0,0.0,0,0.0,0,0.0,0
2012-11-01T09:20:11.000,2261.2,12514,2261.2,9,0.0,0,0.0,0,0.0,0,0.0,0,2261.4,37,0.0,0,0.0,0,0.0,0,0.0,0
2012-11-01T09:20:11.500,2261,12567,2261,37,0.0,0,0.0,0,0.0,0,0.0,0,2261.2,1,0.0,0,0.0,0,0.0,0,0.0,0
2012-11-01T09:20:12.000,2261,12569,2261,39,0.0,0,0.0,0,0.0,0,0.0,0,2261.2,21,0.0,0,0.0,0,0.0,0,0.0,0
2012-11-01T09:20:12.500,2261,12594,2261,16,0.0,0,0.0,0,0.0,0,0.0,0,2261.2,22,0.0,0,0.0,0,0.0,0,0.0,0
2012-11-01T09:20:13.000,2261,12610,2260.8,33,0.0,0,0.0,0,0.0,0,0.0,0,2261,1,0.0,0,0.0,0,0.0,0,0.0,0
2012-11-01T09:20:13.500,2260.8,12618,2260.8,27,0.0,0,0.0,0,0.0,0,0.0,0,2261,3,0.0,0,0.0,0,0.0,0,0.0,0
2012-11-01T09:20:14.000,2260.8,12619,2260.8,27,0.0,0,0.0,0,0.0,0,0.0,0,2261,39,0.0,0,0.0,0,0.0,0,0.0,0
2012-11-01T09:20:14.500,2260.8,12623,2260.8,24,0.0,0,0.0,0,0.0,0,0.0,0,2261,38,0.0,0,0.0,0,0.0,0,0.0,0
2012-11-01T09:20:15.000,2260.8,12629,2260.8,19,0.0,0,0.0,0,0.0,0,0.0,0,2261,37,0.0,0,0.0,0,0.0,0,0.0,0
2012-11-01T09:20:15.500,2260.8,12644,2260.8,4,0.0,0,0.0,0,0.0,0,0.0,0,2261,39,0.0,0,0.0,0,0.0,0,0.0,0
2012-11-01T09:20:16.000,2260.8,12646,2260.8,2,0.0,0,0.0,0,0.0,0,0.0,0,2261,43,0.0,0,0.0,0,0.0,0,0.0,0
2012-11-01T09:20:16.500,2260.8,12649,2260.6,32,0.0,0,0.0,0,0.0,0,0.0,0,2260.8,16,0.0,0,0.0,0,0.0,0,0.0,0
2012-11-01T09:20:17.000,2260.8,12650,2260.6,39,0.0,0,0.0,0,0.0,0,0.0,0,2260.8,16,0.0,0,0.0,0,0.0,0,0.0,0
2012-11-01T09:20:17.500,2260.8,12652,2260.6,40,0.0,0,0.0,0,0.0,0,0.0,0,2260.8,15,0.0,0,0.0,0,0.0,0,0.0,0
2012-11-01T09:20:18.000,2260.6,12655,2260.6,42,0.0,0,0.0,0,0.0,0,0.0,0,2260.8,16,0.0,0,0.0,0,0.0,0,0.0,0
2012-11-01T09:20:18.500,2260.8,12659,2260.6,42,0.0,0,0.0,0,0.0,0,0.0,0,2260.8,7,0.0,0,0.0,0,0.0,0,0.0,0
2012-11-01T09:20:19.000,2260.8,12677,2260.8,10,0.0,0,0.0,0,0.0,0,0.0,0,2261,50,0.0,0,0.0,0,0.0,0,0.0,0
2012-11-01T09:20:19.500,2260.8,12679,2260.8,11,0.0,0,0.0,0,0.0,0,0.0,0,2261,49,0.0,0,0.0,0,0.0,0,0.0,0
2012-11-01T09:20:20.000,2260.8,12681,2260.8,19,0.0,0,0.0,0,0.0,0,0.0,0,2261,36,0.0,0,0.0,0,0.0,0,0.0,0
2012-11-01T09:20:20.500,2260.8,12686,2260.8,19,0.0,0,0.0,0,0.0,0,0.0,0,2261,35,0.0,0,0.0,0,0.0,0,0.0,0
2012-11-01T09:20:21.000,2261,12689,2260.8,17,0.0,0,0.0,0,0.0,0,0.0,0,2261,36,0.0,0,0.0,0,0.0,0,0.0,0
2012-11-01T09:20:21.500,2260.8,12701,2260.8,9,0.0,0,0.0,0,0.0,0,0.0,0,2261,34,0.0,0,0.0,0,0.0,0,0.0,0
2012-11-01T09:20:22.000,2260.8,12726,2260.6,52,0.0,0,0.0,0,0.0,0,0.0,0,2261,22,0.0,0,0.0,0,0.0,0,0.0,0
2012-11-01T09:20:22.500,2260.8,12728,2260.6,56,0.0,0,0.0,0,0.0,0,0.0,0,2261,24,0.0,0,0.0,0,0.0,0,0.0,0
2012-11-01T09:20:23.000,2260.8,12735,2260.8,7,0.0,0,0.0,0,0.0,0,0.0,0,2261,23,0.0,0,0.0,0,0.0,0,0.0,0
2012-11-01T09:20:23.500,2261,12759,2261,77,0.0,0,0.0,0,0.0,0,0.0,0,2261.2,36,0.0,0,0.0,0,0.0,0,0.0,0
2012-11-01T09:20:24.000,2261,12792,2261,66,0.0,0,0.0,0,0.0,0,0.0,0,2261.2,16,0.0,0,0.0,0,0.0,0,0.0,0
2012-11-01T09:20:24.500,2261.2,12794,2261,76,0.0,0,0.0,0,0.0,0,0.0,0,2261.2,15,0.0,0,0.0,0,0.0,0,0.0,0
2012-11-01T09:20:25.000,2261.2,12846,2261.2,18,0.0,0,0.0,0,0.0,0,0.0,0,2261.4,35,0.0,0,0.0,0,0.0,0,0.0,0
2012-11-01T09:20:25.500,2261.2,12854,2261.2,10,0.0,0,0.0,0,0.0,0,0.0,0,2261.4,34,0.0,0,0.0,0,0.0,0,0.0,0
2012-11-01T09:20:26.000,2261.2,12862,2261.2,9,0.0,0,0.0,0,0.0,0,0.0,0,2261.4,34,0.0,0,0.0,0,0.0,0,0.0,0
2012-11-01T09:20:26.500,2261.2,12863,2261.2,8,0.0,0,0.0,0,0.0,0,0.0,0,2261.4,35,0.0,0,0.0,0,0.0,0,0.0,0
2012-11-01T09:20:27.000,2261.2,12872,2261,43,0.0,0,0.0,0,0.0,0,0.0,0,2261.2,3,0.0,0,0.0,0,0.0,0,0.0,0
2012-11-01T09:20:27.500,2261.2,12873,2261,43,0.0,0,0.0,0,0.0,0,0.0,0,2261.2,3,0.0,0,0.0,0,0.0,0,0.0,0
2012-11-01T09:20:28.000,2261.2,12876,2261,43,0.0,0,0.0,0,0.0,0,0.0,0,2261.2,6,0.0,0,0.0,0,0.0,0,0.0,0
2012-11-01T09:20:28.500,2261,12877,2261,46,0.0,0,0.0,0,0.0,0,0.0,0,2261.2,7,0.0,0,0.0,0,0.0,0,0.0,0
2012-11-01T09:20:29.000,2260.8,12924,2260.8,7,0.0,0,0.0,0,0.0,0,0.0,0,2261,4,0.0,0,0.0,0,0.0,0,0.0,0
2012-11-01T09:20:29.500,2260.6,12934,2260.6,74,0.0,0,0.0,0,0.0,0,0.0,0,2261,24,0.0,0,0.0,0,0.0,0,0.0,0
2012-11-01T09:20:30.000,2261,12955,2260.6,57,0.0,0,0.0,0,0.0,0,0.0,0,2261,22,0.0,0,0.0,0,0.0,0,0.0,0
2012-11-01T09:20:30.500,2260.6,12970,2260.6,55,0.0,0,0.0,0,0.0,0,0.0,0,2261,13,0.0,0,0.0,0,0.0,0,0.0,0
2012-11-01T09:20:31.250,2260.6,12986,2260.6,43,0.0,0,0.0,0,0.0,0,0.0,0,2261,11,0.0,0,0.0,0,0.0,0,0.0,0
2012-11-01T09:20:32.000,2260.6,12996,2260.6,37,0.0,0,0.0,0,0.0,0,0.0,0,2261,16,0.0,0,0.0,0,0.0,0,0.0,0
2012-11-01T09:20:32.500,2261,12999,2260.6,40,0.0,0,0.0,0,0.0,0,0.0,0,2261,14,0.0,0,0.0,0,0.0,0,0.0,0
2012-11-01T09:20:33.000,2260.6,13008,2260.6,36,0.0,0,0.0,0,0.0,0,0.0,0,2261,9,0.0,0,0.0,0,0.0,0,0.0,0
2012-11-01T09:20:33.500,2260.6,13016,2260.6,30,0.0,0,0.0,0,0.0,0,0.0,0,2261,9,0.0,0,0.0,0,0.0,0,0.0,0
2012-11-01T09:20:34.000,2261.2,13035,2261,2,0.0,0,0.0,0,0.0,0,0.0,0,2261.2,12,0.0,0,0.0,0,0.0,0,0.0,0
2012-11-01T09:20:34.500,2261,13038,2260.8,1,0.0,0,0.0,0,0.0,0,0.0,0,2261,2,0.0,0,0.0,0,0.0,0,0.0,0
2012-11-01T09:20:35.000,2260.6,13041,2260.6,36,0.0,0,0.0,0,0.0,0,0.0,0,2260.8,4,0.0,0,0.0,0,0.0,0,0.0,0
2012-11-01T09:20:35.500,2260.6,13050,2260.6,31,0.0,0,0.0,0,0.0,0,0.0,0,2260.8,1,0.0,0,0.0,0,0.0,0,0.0,0
2012-11-01T09:20:36.000,2260.8,13051,2260.8,1,0.0,0,0.0,0,0.0,0,0.0,0,2261,7,0.0,0,0.0,0,0.0,0,0.0,0
2012-11-01T09:20:36.500,2260.8,13053,2260.6,36,0.0,0,0.0,0,0.0,0,0.0,0,2260.8,1,0.0,0,0.0,0,0.0,0,0.0,0
2012-11-01T09:20:37.000,2261,13056,2260.6,36,0.0,0,0.0,0,0.0,0,0.0,0,2261,6,0.0,0,0.0,0,0.0,0,0.0,0
2012-11-01T09:20:37.500,2260.6,13060,2260.6,41,0.0,0,0.0,0,0.0,0,0.0,0,2261,6,0.0,0,0.0,0,0.0,0,0.0,0
2012-11-01T09:20:38.000,2260.8,13061,2260.8,39,0.0,0,0.0,0,0.0,0,0.0,0,2261,7,0.0,0,0.0,0,0.0,0,0.0,0
2012-11-01T09:20:38.500,2261,13063,2260.8,40,0.0,0,0.0,0,0.0,0,0.0,0,2261,10,0.0,0,0.0,0,0.0,0,0.0,0
2012-11-01T09:20:39.000,2260.8,13073,2260.8,30,0.0,0,0.0,0,0.0,0,0.0,0,2261,11,0.0,0,0.0,0,0.0,0,0.0,0
2012-11-01T09:20:39.500,2260.8,13076,2260.8,27,0.0,0,0.0,0,0.0,0,0.0,0,2261,11,0.0,0,0.0,0,0.0,0,0.0,0
2012-11-01T09:20:40.000,2260.8,13080,2260.8,24,0.0,0,0.0,0,0.0,0,0.0,0,2261,11,0.0,0,0.0,0,0.0,0,0.0,0
2012-11-01T09:20:40.500,2260.8,13081,2260.8,24,0.0,0,0.0,0,0.0,0,0.0,0,2261,15,0.0,0,0.0,0,0.0,0,0.0,0
2012-11-01T09:20:41.000,2261,13084,2260.8,22,0.0,0,0.0,0,0.0,0,0.0,0,2261,14,0.0,0,0.0,0,0.0,0,0.0,0
2012-11-01T09:20:41.500,2260.8,13085,2260.8,21,0.0,0,0.0,0,0.0,0,0.0,0,2261,17,0.0,0,0.0,0,0.0,0,0.0,0
2012-11-01T09:20:42.000,2261,13091,2260.8,16,0.0,0,0.0,0,0.0,0,0.0,0,2261,21,0.0,0,0.0,0,0.0,0,0.0,0
2012-11-01T09:20:42.500,2260.6,13111,2260.6,42,0.0,0,0.0,0,0.0,0,0.0,0,2261,22,0.0,0,0.0,0,0.0,0,0.0,0
2012-11-01T09:20:43.000,2260.6,13115,2260.6,42,0.0,0,0.0,0,0.0,0,0.0,0,2260.8,1,0.0,0,0.0,0,0.0,0,0.0,0
2012-11-01T09:20:43.500,2260.8,13118,2260.6,42,0.0,0,0.0,0,0.0,0,0.0,0,2260.8,3,0.0,0,0.0,0,0.0,0,0.0,0
2012-11-01T09:20:44.000,2260.6,13129,2260.6,33,0.0,0,0.0,0,0.0,0,0.0,0,2260.8,3,0.0,0,0.0,0,0.0,0,0.0,0
2012-11-01T09:20:44.500,2260.6,13137,2260.6,29,0.0,0,0.0,0,0.0,0,0.0,0,2260.8,1,0.0,0,0.0,0,0.0,0,0.0,0
2012-11-01T09:20:45.000,2260.8,13139,2260.6,33,0.0,0,0.0,0,0.0,0,0.0,0,2260.8,4,0.0,0,0.0,0,0.0,0,0.0,0
2012-11-01T09:20:45.500,2260.8,13142,2260.6,33,0.0,0,0.0,0,0.0,0,0.0,0,2260.8,4,0.0,0,0.0,0,0.0,0,0.0,0
2012-11-01T09:20:46.000,2260.6,13143,2260.6,32,0.0,0,0.0,0,0.0,0,0.0,0,2260.8,10,0.0,0,0.0,0,0.0,0,0.0,0
2012-11-01T09:20:46.500,2260.6,13148,2260.6,29,0.0,0,0.0,0,0.0,0,0.0,0,2260.8,12,0.0,0,0.0,0,0.0,0,0.0,0
2012-11-01T09:20:47.000,2260.8,13168,2260.6,11,0.0,0,0.0,0,0.0,0,0.0,0,2260.8,16,0.0,0,0.0,0,0.0,0,0.0,0
2012-11-01T09:20:47.500,2260.8,13180,2260.6,11,0.0,0,0.0,0,0.0,0,0.0,0,2260.8,7,0.0,0,0.0,0,0.0,0,0.0,0
2012-11-01T09:20:48.000,2260.8,13182,2260.6,11,0.0,0,0.0,0,0.0,0,0.0,0,2260.8,6,0.0,0,0.0,0,0.0,0,0.0,0
2012-11-01T09:20:48.500,2260.8,13187,2260.6,8,0.0,0,0.0,0,0.0,0,0.0,0,2260.8,4,0.0,0,0.0,0,0.0,0,0.0,0
2012-11-01T09:20:49.000,2260.6,13190,2260.6,8,0.0,0,0.0,0,0.0,0,0.0,0,2260.8,5,0.0,0,0.0,0,0.0,0,0.0,0
2012-11-01T09:20:49.500,2260.6,13191,2260.6,7,0.0,0,0.0,0,0.0,0,0.0,0,2260.8,6,0.0,0,0.0,0,0.0,0,0.0,0
2012-11-01T09:20:50.000,2260.6,13192,2260.6,31,0.0,0,0.0,0,0.0,0,0.0,0,2260.8,6,0.0,0,0.0,0,0.0,0,0.0,0
2012-11-01T09:20:50.500,2260.8,13199,2260.8,1,0.0,0,0.0,0,0.0,0,0.0,0,2261,40,0.0,0,0.0,0,0.0,0,0.0,0
2012-11-01T09:20:51.000,2260.8,13202,2260.8,5,0.0,0,0.0,0,0.0,0,0.0,0,2261,40,0.0,0,0.0,0,0.0,0,0.0,0
2012-11-01T09:20:51.500,2260.8,13216,2260.8,11,0.0,0,0.0,0,0.0,0,0.0,0,2261,29,0.0,0,0.0,0,0.0,0,0.0,0
2012-11-01T09:20:52.000,2261,13221,2260.8,12,0.0,0,0.0,0,0.0,0,0.0,0,2261,25,0.0,0,0.0,0,0.0,0,0.0,0
2012-11-01T09:20:52.500,2261,13224,2260.8,23,0.0,0,0.0,0,0.0,0,0.0,0,2261,23,0.0,0,0.0,0,0.0,0,0.0,0
2012-11-01T09:20:53.000,2260.8,13233,2260.8,23,0.0,0,0.0,0,0.0,0,0.0,0,2261,15,0.0,0,0.0,0,0.0,0,0.0,0
2012-11-01T09:20:53.500,2261,13249,2261,31,0.0,0,0.0,0,0.0,0,0.0,0,2261.2,33,0.0,0,0.0,0,0.0,0,0.0,0
2012-11-01T09:20:54.000,2261.2,13260,2261,25,0.0,0,0.0,0,0.0,0,0.0,0,2261.2,28,0.0,0,0.0,0,0.0,0,0.0,0
2012-11-01T09:20:54.500,2261,13264,2261,22,0.0,0,0.0,0,0.0,0,0.0,0,2261.2,29,0.0,0,0.0,0,0.0,0,0.0,0
2012-11-01T09:20:55.000,2261,13267,2261,19,0.0,0,0.0,0,0.0,0,0.0,0,2261.2,29,0.0,0,0.0,0,0.0,0,0.0,0
2012-11-01T09:20:55.500,2261,13282,2261,9,0.0,0,0.0,0,0.0,0,0.0,0,2261.2,25,0.0,0,0.0,0,0.0,0,0.0,0
2012-11-01T09:20:56.000,2261.2,13285,2261,5,0.0,0,0.0,0,0.0,0,0.0,0,2261.2,22,0.0,0,0.0,0,0.0,0,0.0,0
2012-11-01T09:20:56.500,2261,13287,2261,4,0.0,0,0.0,0,0.0,0,0.0,0,2261.2,22,0.0,0,0.0,0,0.0,0,0.0,0
2012-11-01T09:20:57.000,2261,13290,2261,2,0.0,0,0.0,0,0.0,0,0.0,0,2261.2,22,0.0,0,0.0,0,0.0,0,0.0,0
2012-11-01T09:20:57.500,2261.2,13295,2260.8,10,0.0,0,0.0,0,0.0,0,0.0,0,2261.2,20,0.0,0,0.0,0,0.0,0,0.0,0
2012-11-01T09:20:58.000,2261,13297,2260.8,10,0.0,0,0.0,0,0.0,0,0.0,0,2261,9,0.0,0,0.0,0,0.0,0,0.0,0
2012-11-01T09:20:58.500,2260.8,13298,2260.8,9,0.0,0,0.0,0,0.0,0,0.0,0,2261,11,0.0,0,0.0,0,0.0,0,0.0,0
2012-11-01T09:20:59.250,2261,13300,2260.8,10,0.0,0,0.0,0,0.0,0,0.0,0,2261,15,0.0,0,0.0,0,0.0,0,0.0,0
2012-11-01T09:21:00.000,2260.8,13313,2260.6,14,0.0,0,0.0,0,0.0,0,0.0,0,2260.8,12,0.0,0,0.0,0,0.0,0,0.0,0
2012-11-01T09:21:00.500,2260.8,13320,2260.6,14,0.0,0,0.0,0,0.0,0,0.0,0,2260.8,7,0.0,0,0.0,0,0.0,0,0.0,0
2012-11-01T09:21:01.000,2260.8,13327,2260.8,17,0.0,0,0.0,0,0.0,0,0.0,0,2261,75,0.0,0,0.0,0,0.0,0,0.0,0
2012-11-01T09:21:01.500,2261,13339,2260.8,29,0.0,0,0.0,0,0.0,0,0.0,0,2261,75,0.0,0,0.0,0,0.0,0,0.0,0
2012-11-01T09:21:02.000,2260.8,13377,2260.8,2,0.0,0,0.0,0,0.0,0,0.0,0,2261,70,0.0,0,0.0,0,0.0,0,0.0,0
2012-11-01T09:21:02.500,2261,13387,2260.6,15,0.0,0,0.0,0,0.0,0,0.0,0,2261,52,0.0,0,0.0,0,0.0,0,0.0,0
2012-11-01T09:21:03.000,2260.8,13410,2260.6,16,0.0,0,0.0,0,0.0,0,0.0,0,2260.8,2,0.0,0,0.0,0,0.0,0,0.0,0
2012-11-01T09:21:03.500,2261,13419,2260.6,16,0.0,0,0.0,0,0.0,0,0.0,0,2260.8,8,0.0,0,0.0,0,0.0,0,0.0,0
2012-11-01T09:21:04.000,2261,13435,2260.6,16,0.0,0,0.0,0,0.0,0,0.0,0,2260.8,2,0.0,0,0.0,0,0.0,0,0.0,0
2012-11-01T09:21:04.500,2260.8,13443,2260.8,22,0.0,0,0.0,0,0.0,0,0.0,0,2261,33,0.0,0,0.0,0,0.0,0,0.0,0
2012-11-01T09:21:05.000,2260.8,13446,2260.8,23,0.0,0,0.0,0,0.0,0,0.0,0,2261,33,0.0,0,0.0,0,0.0,0,0.0,0
2012-11-01T09:21:05.500,2260.8,13451,2260.8,19,0.0,0,0.0,0,0.0,0,0.0,0,2261,32,0.0,0,0.0,0,0.0,0,0.0,0
2012-11-01T09:21:06.250,2260.8,13455,2260.8,28,0.0,0,0.0,0,0.0,0,0.0,0,2261,31,0.0,0,0.0,0,0.0,0,0.0,0
2012-11-01T09:21:07.000,2260.8,13484,2260.8,30,0.0,0,0.0,0,0.0,0,0.0,0,2261,4,0.0,0,0.0,0,0.0,0,0.0,0
2012-11-01T09:21:07.500,2260.8,13494,2261,15,0.0,0,0.0,0,0.0,0,0.0,0,2261.2,34,0.0,0,0.0,0,0.0,0,0.0,0
2012-11-01T09:21:08.000,2261,13504,2261,18,0.0,0,0.0,0,0.0,0,0.0,0,2261.2,26,0.0,0,0.0,0,0.0,0,0.0,0
2012-11-01T09:21:08.500,2261,13507,2261,15,0.0,0,0.0,0,0.0,0,0.0,0,2261.2,26,0.0,0,0.0,0,0.0,0,0.0,0
2012-11-01T09:21:09.000,2261,13509,2261,15,0.0,0,0.0,0,0.0,0,0.0,0,2261.2,15,0.0,0,0.0,0,0.0,0,0.0,0
2012-11-01T09:21:09.500,2261.2,13511,2261,5,0.0,0,0.0,0,0.0,0,0.0,0,2261.2,9,0.0,0,0.0,0,0.0,0,0.0,0
2012-11-01T09:21:10.000,2261,13515,2261,1,0.0,0,0.0,0,0.0,0,0.0,0,2261.2,11,0.0,0,0.0,0,0.0,0,0.0,0
2012-11-01T09:21:10.500,2261.2,13523,2260.8,20,0.0,0,0.0,0,0.0,0,0.0,0,2261,8,0.0,0,0.0,0,0.0,0,0.0,0
2012-11-01T09:21:11.000,2261.2,13539,2261.2,14,0.0,0,0.0,0,0.0,0,0.0,0,2261.4,36,0.0,0,0.0,0,0.0,0,0.0,0
2012-11-01T09:21:11.500,2261.2,13544,2261.2,9,0.0,0,0.0,0,0.0,0,0.0,0,2261.4,36,0.0,0,0.0,0,0.0,0,0.0,0
2012-11-01T09:21:12.000,2261.2,13551,2261.2,2,0.0,0,0.0,0,0.0,0,0.0,0,2261.4,36,0.0,0,0.0,0,0.0,0,0.0,0
2012-11-01T09:21:12.500,2261.4,13562,2261.2,1,0.0,0,0.0,0,0.0,0,0.0,0,2261.4,26,0.0,0,0.0,0,0.0,0,0.0,0
2012-11-01T09:21:13.000,2261.4,13574,2261,7,0.0,0,0.0,0,0.0,0,0.0,0,2261.4,16,0.0,0,0.0,0,0.0,0,0.0,0
2012-11-01T09:21:13.500,2261.4,13587,2261,8,0.0,0,0.0,0,0.0,0,0.0,0,2261.4,5,0.0,0,0.0,0,0.0,0,0.0,0
2012-11-01T09:21:14.000,2261.4,13598,2261.4,11,0.0,0,0.0,0,0.0,0,0.0,0,2261.6,44,0.0,0,0.0,0,0.0,0,0.0,0
2012-11-01T09:21:14.500,2261.6,13606,2261.4,20,0.0,0,0.0,0,0.0,0,0.0,0,2261.6,40,0.0,0,0.0,0,0.0,0,0.0,0
2012-11-01T09:21:15.000,2261.6,13629,2261.4,19,0.0,0,0.0,0,0.0,0,0.0,0,2261.6,19,0.0,0,0.0,0,0.0,0,0.0,0
2012-11-01T09:21:15.500,2261.8,13678,2261.6,9,0.0,0,0.0,0,0.0,0,0.0,0,2261.8,8,0.0,0,0.0,0,0.0,0,0.0,0
2012-11-01T09:21:16.000,2261.6,13682,2261.6,29,0.0,0,0.0,0,0.0,0,0.0,0,2261.8,7,0.0,0,0.0,0,0.0,0,0.0,0
2012-11-01T09:21:16.500,2262,13698,2261.8,37,0.0,0,0.0,0,0.0,0,0.0,0,2262,94,0.0,0,0.0,0,0.0,0,0.0,0
2012-11-01T09:21:17.000,2262,13710,2261.8,50,0.0,0,0.0,0,0.0,0,0.0,0,2262,82,0.0,0,0.0,0,0.0,0,0.0,0
2012-11-01T09:21:17.500,2262,13715,2261.8,49,0.0,0,0.0,0,0.0,0,0.0,0,2262,81,0.0,0,0.0,0,0.0,0,0.0,0
2012-11-01T09:21:18.000,2262,13746,2261.8,41,0.0,0,0.0,0,0.0,0,0.0,0,2262,54,0.0,0,0.0,0,0.0,0,0.0,0
2012-11-01T09:21:18.500,2262,13772,2261.8,43,0.0,0,0.0,0,0.0,0,0.0,0,2262,32,0.0,0,0.0,0,0.0,0,0.0,0
2012-11-01T09:21:19.000,2261.8,13787,2261.8,41,0.0,0,0.0,0,0.0,0,0.0,0,2262,21,0.0,0,0.0,0,0.0,0,0.0,0
2012-11-01T09:21:19.500,2261.8,13837,2261.8,2,0.0,0,0.0,0,0.0,0,0.0,0,2262,10,0.0,0,0.0,0,0.0,0,0.0,0
2012-11-01T09:21:20.000,2262,13849,2262,8,0.0,0,0.0,0,0.0,0,0.0,0,2262.2,39,0.0,0,0.0,0,0.0,0,0.0,0
2012-11-01T09:21:20.500,2261.8,13865,2261.6,22,0.0,0,0.0,0,0.0,0,0.0,0,2262,1,0.0,0,0.0,0,0.0,0,0.0,0
2012-11-01T09:21:21.000,2262,13891,2261.6,1,0.0,0,0.0,0,0.0,0,0.0,0,2261.8,2,0.0,0,0.0,0,0.0,0,0.0,0
2012-11-01T09:21:21.500,2261.8,13896,2261.6,2,0.0,0,0.0,0,0.0,0,0.0,0,2261.8,3,0.0,0,0.0,0,0.0,0,0.0,0
2012-11-01T09:21:22.000,2261.4,13905,2261.4,21,0.0,0,0.0,0,0.0,0,0.0,0,2261.8,3,0.0,0,0.0,0,0.0,0,0.0,0
2012-11-01T09:21:22.500,2261.8,13918,2261.8,3,0.0,0,0.0,0,0.0,0,0.0,0,2262,29,0.0,0,0.0,0,0.0,0,0.0,0
2012-11-01T09:21:23.000,2261.8,13977,2261.6,1,0.0,0,0.0,0,0.0,0,0.0,0,2261.8,14,0.0,0,0.0,0,0.0,0,0.0,0
2012-11-01T09:21:23.500,2262,14008,2262,1,0.0,0,0.0,0,0.0,0,0.0,0,2262.2,67,0.0,0,0.0,0,0.0,0,0.0,0
2012-11-01T09:21:24.000,2261.8,14010,2261.4,11,0.0,0,0.0,0,0.0,0,0.0,0,2262,20,0.0,0,0.0,0,0.0,0,0.0,0
2012-11-01T09:21:24.500,2261.4,14043,2261.6,1,0.0,0,0.0,0,0.0,0,0.0,0,2261.8,1,0.0,0,0.0,0,0.0,0,0.0,0
2012-11-01T09:21:25.000,2261.8,14059,2261.8,1,0.0,0,0.0,0,0.0,0,0.0,0,2262.2,69,0.0,0,0.0,0,0.0,0,0.0,0
2012-11-01T09:21:25.500,2262.2,14071,2261.8,10,0.0,0,0.0,0,0.0,0,0.0,0,2262.2,63,0.0,0,0.0,0,0.0,0,0.0,0
2012-11-01T09:21:26.000,2262.2,14094,2261.8,10,0.0,0,0.0,0,0.0,0,0.0,0,2262.2,42,0.0,0,0.0,0,0.0,0,0.0,0
2012-11-01T09:21:26.500,2262,14103,2262,1,0.0,0,0.0,0,0.0,0,0.0,0,2262.2,41,0.0,0,0.0,0,0.0,0,0.0,0
2012-11-01T09:21:27.000,2262.2,14120,2262,25,0.0,0,0.0,0,0.0,0,0.0,0,2262.2,31,0.0,0,0.0,0,0.0,0,0.0,0
2012-11-01T09:21:27.500,2262.2,14157,2262,2,0.0,0,0.0,0,0.0,0,0.0,0,2262.2,16,0.0,0,0.0,0,0.0,0,0.0,0
2012-11-01T09:21:28.000,2262.2,14203,2262.2,23,0.0,0,0.0,0,0.0,0,0.0,0,2262.4,3,0.0,0,0.0,0,0.0,0,0.0,0
2012-11-01T09:21:28.500,2262.2,14258,2262.4,15,0.0,0,0.0,0,0.0,0,0.0,0,2262.6,9,0.0,0,0.0,0,0.0,0,0.0,0
2012-11-01T09:21:29.000,2262.4,14264,2262.4,11,0.0,0,0.0,0,0.0,0,0.0,0,2262.6,8,0.0,0,0.0,0,0.0,0,0.0,0
2012-11-01T09:21:29.500,2262.4,14286,2262.2,13,0.0,0,0.0,0,0.0,0,0.0,0,2262.4,6,0.0,0,0.0,0,0.0,0,0.0,0
2012-11-01T09:21:30.000,2262.4,14314,2262.2,14,0.0,0,0.0,0,0.0,0,0.0,0,2262.4,26,0.0,0,0.0,0,0.0,0,0.0,0
2012-11-01T09:21:30.500,2262.2,14373,2261.8,12,0.0,0,0.0,0,0.0,0,0.0,0,2262.2,35,0.0,0,0.0,0,0.0,0,0.0,0
2012-11-01T09:21:31.000,2261.6,14422,2261.6,5,0.0,0,0.0,0,0.0,0,0.0,0,2261.8,3,0.0,0,0.0,0,0.0,0,0.0,0
2012-11-01T09:21:31.500,2262,14452,2261.6,6,0.0,0,0.0,0,0.0,0,0.0,0,2261.8,2,0.0,0,0.0,0,0.0,0,0.0,0
2012-11-01T09:21:32.000,2262,14464,2261.8,1,0.0,0,0.0,0,0.0,0,0.0,0,2262,5,0.0,0,0.0,0,0.0,0,0.0,0
2012-11-01T09:21:32.500,2262,14470,2262,3,0.0,0,0.0,0,0.0,0,0.0,0,2262.2,24,0.0,0,0.0,0,0.0,0,0.0,0
2012-11-01T09:21:33.000,2262,14511,2261.8,18,0.0,0,0.0,0,0.0,0,0.0,0,2262,13,0.0,0,0.0,0,0.0,0,0.0,0
2012-11-01T09:21:33.500,2262.2,14530,2262.2,3,0.0,0,0.0,0,0.0,0,0.0,0,2262.4,17,0.0,0,0.0,0,0.0,0,0.0,0
2012-11-01T09:21:34.000,2262.4,14536,2262.2,3,0.0,0,0.0,0,0.0,0,0.0,0,2262.4,11,0.0,0,0.0,0,0.0,0,0.0,0
2012-11-01T09:21:34.500,2262.4,14553,2262.2,5,0.0,0,0.0,0,0.0,0,0.0,0,2262.4,3,0.0,0,0.0,0,0.0,0,0.0,0
2012-11-01T09:21:35.000,2262.6,14594,2262.2,1,0.0,0,0.0,0,0.0,0,0.0,0,2262.6,15,0.0,0,0.0,0,0.0,0,0.0,0
2012-11-01T09:21:35.500,2262.6,14622,2262.6,10,0.0,0,0.0,0,0.0,0,0.0,0,2262.8,43,0.0,0,0.0,0,0.0,0,0.0,0
2012-11-01T09:21:36.000,2262.8,14672,2262.8,1,0.0,0,0.0,0,0.0,0,0.0,0,2263,59,0.0,0,0.0,0,0.0,0,0.0,0
2012-11-01T09:21:36.500,2263,14712,2262.6,33,0.0,0,0.0,0,0.0,0,0.0,0,2263,35,0.0,0,0.0,0,0.0,0,0.0,0
2012-11-01T09:21:37.000,2262.6,14754,2262.6,33,0.0,0,0.0,0,0.0,0,0.0,0,2262.8,7,0.0,0,0.0,0,0.0,0,0.0,0
2012-11-01T09:21:37.500,2262.6,14785,2262.6,31,0.0,0,0.0,0,0.0,0,0.0,0,2262.8,3,0.0,0,0.0,0,0.0,0,0.0,0
2012-11-01T09:21:38.000,2262.6,14841,2262.6,30,0.0,0,0.0,0,0.0,0,0.0,0,2262.8,8,0.0,0,0.0,0,0.0,0,0.0,0
2012-11-01T09:21:38.500,2263,14899,2262.8,1,0.0,0,0.0,0,0.0,0,0.0,0,2263,18,0.0,0,0.0,0,0.0,0,0.0,0
2012-11-01T09:21:39.000,2263,14912,2262.8,27,0.0,0,0.0,0,0.0,0,0.0,0,2263,15,0.0,0,0.0,0,0.0,0,0.0,0
2012-11-01T09:21:39.500,2262.6,14969,2262.6,11,0.0,0,0.0,0,0.0,0,0.0,0,2263,3,0.0,0,0.0,0,0.0,0,0.0,0
2012-11-01T09:21:40.000,2262.8,15015,2262.4,4,0.0,0,0.0,0,0.0,0,0.0,0,2262.8,2,0.0,0,0.0,0,0.0,0,0.0,0
2012-11-01T09:21:40.500,2262.8,15040,2262.4,14,0.0,0,0.0,0,0.0,0,0.0,0,2262.8,10,0.0,0,0.0,0,0.0,0,0.0,0
2012-11-01T09:21:41.000,2262.4,15058,2262.4,16,0.0,0,0.0,0,0.0,0,0.0,0,2262.8,10,0.0,0,0.0,0,0.0,0,0.0,0
2012-11-01T09:21:41.500,2262.6,15080,2262.6,3,0.0,0,0.0,0,0.0,0,0.0,0,2262.8,7,0.0,0,0.0,0,0.0,0,0.0,0
2012-11-01T09:21:42.000,2262.6,15096,2262.4,9,0.0,0,0.0,0,0.0,0,0.0,0,2262.6,4,0.0,0,0.0,0,0.0,0,0.0,0
2012-11-01T09:21:42.500,2262.6,15108,2262.6,2,0.0,0,0.0,0,0.0,0,0.0,0,2262.8,4,0.0,0,0.0,0,0.0,0,0.0,0
2012-11-01T09:21:43.000,2262.8,15115,2262.6,3,0.0,0,0.0,0,0.0,0,0.0,0,2262.8,3,0.0,0,0.0,0,0.0,0,0.0,0
2012-11-01T09:21:43.500,2262.6,15121,2262.6,1,0.0,0,0.0,0,0.0,0,0.0,0,2262.8,9,0.0,0,0.0,0,0.0,0,0.0,0
2012-11-01T09:21:44.000,2262.6,15125,2262.4,11,0.0,0,0.0,0,0.0,0,0.0,0,2262.6,31,0.0,0,0.0,0,0.0,0,0.0,0
2012-11-01T09:21:44.500,2262.4,15154,2262.2,6,0.0,0,0.0,0,0.0,0,0.0,0,2262.4,44,0.0,0,0.0,0,0.0,0,0.0,0
2012-11-01T09:21:45.000,2262.4,15194,2262,29,0.0,0,0.0,0,0.0,0,0.0,0,2262.4,34,0.0,0,0.0,0,0.0,0,0.0,0
2012-11-01T09:21:45.500,2262.4,15224,2262,17,0.0,0,0.0,0,0.0,0,0.0,0,2262.4,23,0.0,0,0.0,0,0.0,0,0.0,0
2012-11-01T09:21:46.000,2262,15234,2262,13,0.0,0,0.0,0,0.0,0,0.0,0,2262.4,33,0.0,0,0.0,0,0.0,0,0.0,0
2012-11-01T09:21:46.500,2262,15272,2261.8,12,0.0,0,0.0,0,0.0,0,0.0,0,2262,3,0.0,0,0.0,0,0.0,0,0.0,0
2012-11-01T09:21:47.000,2261.8,15278,2261.8,9,0.0,0,0.0,0,0.0,0,0.0,0,2262,12,0.0,0,0.0,0,0.0,0,0.0,0
2012-11-01T09:21:47.500,2262,15294,2261.8,9,0.0,0,0.0,0,0.0,0,0.0,0,2262.2,4,0.0,0,0.0,0,0.0,0,0.0,0
2012-11-01T09:21:48.000,2261.8,15308,2261.8,10,0.0,0,0.0,0,0.0,0,0.0,0,2262,1,0.0,0,0.0,0,0.0,0,0.0,0
2012-11-01T09:21:48.500,2261.8,15331,2261.8,8,0.0,0,0.0,0,0.0,0,0.0,0,2262.2,3,0.0,0,0.0,0,0.0,0,0.0,0
2012-11-01T09:21:49.000,2262,15358,2262,2,0.0,0,0.0,0,0.0,0,0.0,0,2262.2,7,0.0,0,0.0,0,0.0,0,0.0,0
2012-11-01T09:21:49.500,2262,15379,2262,1,0.0,0,0.0,0,0.0,0,0.0,0,2262.4,20,0.0,0,0.0,0,0.0,0,0.0,0
2012-11-01T09:21:50.000,2262.2,15381,2262,2,0.0,0,0.0,0,0.0,0,0.0,0,2262.4,21,0.0,0,0.0,0,0.0,0,0.0,0
2012-11-01T09:21:50.500,2261.8,15396,2261.8,1,0.0,0,0.0,0,0.0,0,0.0,0,2262.4,20,0.0,0,0.0,0,0.0,0,0.0,0
2012-11-01T09:21:51.250,2262.2,15407,2261.8,12,0.0,0,0.0,0,0.0,0,0.0,0,2262,10,0.0,0,0.0,0,0.0,0,0.0,0
2012-11-01T09:21:52.250,2262,15412,2261.8,11,0.0,0,0.0,0,0.0,0,0.0,0,2262,22,0.0,0,0.0,0,0.0,0,0.0,0
2012-11-01T09:21:53.000,2261.8,15414,2261.8,9,0.0,0,0.0,0,0.0,0,0.0,0,2262,23,0.0,0,0.0,0,0.0,0,0.0,0
2012-11-01T09:21:53.500,2262,15416,2261.8,13,0.0,0,0.0,0,0.0,0,0.0,0,2262,23,0.0,0,0.0,0,0.0,0,0.0,0
2012-11-01T09:21:54.000,2261.8,15418,2261.8,11,0.0,0,0.0,0,0.0,0,0.0,0,2262,25,0.0,0,0.0,0,0.0,0,0.0,0
2012-11-01T09:21:54.500,2261.8,15420,2261.8,9,0.0,0,0.0,0,0.0,0,0.0,0,2262,25,0.0,0,0.0,0,0.0,0,0.0,0
2012-11-01T09:21:55.000,2262,15426,2261.8,7,0.0,0,0.0,0,0.0,0,0.0,0,2262,35,0.0,0,0.0,0,0.0,0,0.0,0
2012-11-01T09:21:55.500,2261.8,15433,2261.8,4,0.0,0,0.0,0,0.0,0,0.0,0,2262,35,0.0,0,0.0,0,0.0,0,0.0,0
2012-11-01T09:21:56.000,2261.8,15452,2261.6,4,0.0,0,0.0,0,0.0,0,0.0,0,2262,34,0.0,0,0.0,0,0.0,0,0.0,0
2012-11-01T09:21:56.500,2262,15475,2261.6,16,0.0,0,0.0,0,0.0,0,0.0,0,2262,18,0.0,0,0.0,0,0.0,0,0.0,0
2012-11-01T09:21:57.000,2261.6,15476,2261.6,15,0.0,0,0.0,0,0.0,0,0.0,0,2261.8,5,0.0,0,0.0,0,0.0,0,0.0,0
2012-11-01T09:21:57.500,2261.8,15483,2261.8,15,0.0,0,0.0,0,0.0,0,0.0,0,2262,18,0.0,0,0.0,0,0.0,0,0.0,0
2012-11-01T09:21:58.000,2261.8,15496,2261.8,5,0.0,0,0.0,0,0.0,0,0.0,0,2262,17,0.0,0,0.0,0,0.0,0,0.0,0
2012-11-01T09:21:58.500,2261.6,15505,2261.6,10,0.0,0,0.0,0,0.0,0,0.0,0,2261.8,20,0.0,0,0.0,0,0.0,0,0.0,0
2012-11-01T09:21:59.000,2261.4,15522,2261.4,11,0.0,0,0.0,0,0.0,0,0.0,0,2261.6,1,0.0,0,0.0,0,0.0,0,0.0,0
2012-11-01T09:21:59.500,2261.4,15533,2261.4,6,0.0,0,0.0,0,0.0,0,0.0,0,2261.6,2,0.0,0,0.0,0,0.0,0,0.0,0
2012-11-01T09:22:00.000,2261.4,15541,2261.4,5,0.0,0,0.0,0,0.0,0,0.0,0,2261.8,25,0.0,0,0.0,0,0.0,0,0.0,0
2012-11-01T09:22:00.500,2261.4,15563,2261.2,21,0.0,0,0.0,0,0.0,0,0.0,0,2261.6,3,0.0,0,0.0,0,0.0,0,0.0,0
2012-11-01T09:22:01.000,2261.4,15574,2261.2,11,0.0,0,0.0,0,0.0,0,0.0,0,2261.6,16,0.0,0,0.0,0,0.0,0,0.0,0
2012-11-01T09:22:01.500,2261.6,15579,2261.2,9,0.0,0,0.0,0,0.0,0,0.0,0,2261.4,1,0.0,0,0.0,0,0.0,0,0.0,0
2012-11-01T09:22:02.000,2261.6,15592,2261.4,7,0.0,0,0.0,0,0.0,0,0.0,0,2261.6,33,0.0,0,0.0,0,0.0,0,0.0,0
2012-11-01T09:22:02.500,2261.6,15621,2261.4,2,0.0,0,0.0,0,0.0,0,0.0,0,2261.6,34,0.0,0,0.0,0,0.0,0,0.0,0
2012-11-01T09:22:03.000,2261.4,15622,2261.4,16,0.0,0,0.0,0,0.0,0,0.0,0,2261.6,24,0.0,0,0.0,0,0.0,0,0.0,0
2012-11-01T09:22:03.500,2261.6,15624,2261.4,32,0.0,0,0.0,0,0.0,0,0.0,0,2261.6,20,0.0,0,0.0,0,0.0,0,0.0,0
2012-11-01T09:22:04.000,2261.6,15657,2261.4,16,0.0,0,0.0,0,0.0,0,0.0,0,2261.6,7,0.0,0,0.0,0,0.0,0,0.0,0
2012-11-01T09:22:04.500,2261.6,15667,2261.4,11,0.0,0,0.0,0,0.0,0,0.0,0,2261.6,2,0.0,0,0.0,0,0.0,0,0.0,0
2012-11-01T09:22:05.000,2261.6,15670,2261.6,2,0.0,0,0.0,0,0.0,0,0.0,0,2261.8,22,0.0,0,0.0,0,0.0,0,0.0,0
2012-11-01T09:22:05.500,2261.8,15675,2261.6,1,0.0,0,0.0,0,0.0,0,0.0,0,2261.8,19,0.0,0,0.0,0,0.0,0,0.0,0
2012-11-01T09:22:06.000,2261.6,15677,2261.4,13,0.0,0,0.0,0,0.0,0,0.0,0,2261.8,18,0.0,0,0.0,0,0.0,0,0.0,0
2012-11-01T09:22:06.500,2261.6,15680,2261.4,17,0.0,0,0.0,0,0.0,0,0.0,0,2261.8,23,0.0,0,0.0,0,0.0,0,0.0,0
2012-11-01T09:22:07.250,2261.8,15697,2261.4,24,0.0,0,0.0,0,0.0,0,0.0,0,2261.8,12,0.0,0,0.0,0,0.0,0,0.0,0
2012-11-01T09:22:08.000,2261.4,15701,2261.4,23,0.0,0,0.0,0,0.0,0,0.0,0,2261.8,10,0.0,0,0.0,0,0.0,0,0.0,0
2012-11-01T09:22:08.500,2261.8,15708,2261.4,23,0.0,0,0.0,0,0.0,0,0.0,0,2261.8,3,0.0,0,0.0,0,0.0,0,0.0,0
2012-11-01T09:22:09.000,2261.4,15709,2261.4,22,0.0,0,0.0,0,0.0,0,0.0,0,2261.8,4,0.0,0,0.0,0,0.0,0,0.0,0
2012-11-01T09:22:09.500,2261.8,15716,2261.6,7,0.0,0,0.0,0,0.0,0,0.0,0,2262,24,0.0,0,0.0,0,0.0,0,0.0,0
2012-11-01T09:22:10.250,2261.8,15719,2261.6,13,0.0,0,0.0,0,0.0,0,0.0,0,2261.8,1,0.0,0,0.0,0,0.0,0,0.0,0
2012-11-01T09:22:11.000,2261.6,15721,2261.6,12,0.0,0,0.0,0,0.0,0,0.0,0,2261.8,2,0.0,0,0.0,0,0.0,0,0.0,0
2012-11-01T09:22:11.500,2261.6,15724,2261.6,10,0.0,0,0.0,0,0.0,0,0.0,0,2261.8,1,0.0,0,0.0,0,0.0,0,0.0,0
2012-11-01T09:22:12.000,2261.6,15726,2261.6,9,0.0,0,0.0,0,0.0,0,0.0,0,2261.8,8,0.0,0,0.0,0,0.0,0,0.0,0
2012-11-01T09:22:12.500,2261.6,15737,2261.4,38,0.0,0,0.0,0,0.0,0,0.0,0,2261.6,5,0.0,0,0.0,0,0.0,0,0.0,0
2012-11-01T09:22:13.000,2261.4,15772,2261.4,35,0.0,0,0.0,0,0.0,0,0.0,0,2262,29,0.0,0,0.0,0,0.0,0,0.0,0
2012-11-01T09:22:13.500,2261.6,15774,2261.4,37,0.0,0,0.0,0,0.0,0,0.0,0,2261.6,1,0.0,0,0.0,0,0.0,0,0.0,0
2012-11-01T09:22:14.000,2261.6,15777,2261.4,37,0.0,0,0.0,0,0.0,0,0.0,0,2261.8,8,0.0,0,0.0,0,0.0,0,0.0,0
2012-11-01T09:22:14.500,2261.6,15780,2261.6,3,0.0,0,0.0,0,0.0,0,0.0,0,2261.8,8,0.0,0,0.0,0,0.0,0,0.0,0
2012-11-01T09:22:15.250,2261.6,15783,2261.6,2,0.0,0,0.0,0,0.0,0,0.0,0,2261.8,8,0.0,0,0.0,0,0.0,0,0.0,0
2012-11-01T09:22:16.000,2261.6,15785,2261.4,40,0.0,0,0.0,0,0.0,0,0.0,0,2261.8,12,0.0,0,0.0,0,0.0,0,0.0,0
2012-11-01T09:22:16.500,2261.6,15786,2261.4,34,0.0,0,0.0,0,0.0,0,0.0,0,2261.6,10,0.0,0,0.0,0,0.0,0,0.0,0
2012-11-01T09:22:17.000,2261.6,15788,2261.4,35,0.0,0,0.0,0,0.0,0,0.0,0,2261.6,11,0.0,0,0.0,0,0.0,0,0.0,0
2012-11-01T09:22:17.500,2261.4,15795,2261.4,28,0.0,0,0.0,0,0.0,0,0.0,0,2261.6,12,0.0,0,0.0,0,0.0,0,0.0,0
2012-11-01T09:22:18.000,2261.4,15806,2261.4,17,0.0,0,0.0,0,0.0,0,0.0,0,2261.6,12,0.0,0,0.0,0,0.0,0,0.0,0
2012-11-01T09:22:18.500,2261.4,15824,2261.2,51,0.0,0,0.0,0,0.0,0,0.0,0,2261.4,1,0.0,0,0.0,0,0.0,0,0.0,0
2012-11-01T09:22:19.250,2261.4,15829,2261.2,52,0.0,0,0.0,0,0.0,0,0.0,0,2261.4,3,0.0,0,0.0,0,0.0,0,0.0,0
2012-11-01T09:22:20.000,2261.4,15832,2261.2,53,0.0,0,0.0,0,0.0,0,0.0,0,2261.4,8,0.0,0,0.0,0,0.0,0,0.0,0
2012-11-01T09:22:20.500,2261.2,15845,2261.2,44,0.0,0,0.0,0,0.0,0,0.0,0,2261.4,5,0.0,0,0.0,0,0.0,0,0.0,0
2012-11-01T09:22:21.000,2261.2,15851,2261.2,42,0.0,0,0.0,0,0.0,0,0.0,0,2261.4,10,0.0,0,0.0,0,0.0,0,0.0,0
2012-11-01T09:22:21.500,2261.2,15860,2261.2,37,0.0,0,0.0,0,0.0,0,0.0,0,2261.4,17,0.0,0,0.0,0,0.0,0,0.0,0
2012-11-01T09:22:22.000,2261.4,15869,2261.2,32,0.0,0,0.0,0,0.0,0,0.0,0,2261.4,20,0.0,0,0.0,0,0.0,0,0.0,0
2012-11-01T09:22:22.500,2261.2,15896,2261.2,9,0.0,0,0.0,0,0.0,0,0.0,0,2261.4,21,0.0,0,0.0,0,0.0,0,0.0,0
2012-11-01T09:22:23.000,2261.2,15897,2261.2,8,0.0,0,0.0,0,0.0,0,0.0,0,2261.4,21,0.0,0,0.0,0,0.0,0,0.0,0
2012-11-01T09:22:23.500,2261.2,15898,2261.2,7,0.0,0,0.0,0,0.0,0,0.0,0,2261.4,22,0.0,0,0.0,0,0.0,0,0.0,0
2012-11-01T09:22:24.000,2261.2,15903,2261.2,3,0.0,0,0.0,0,0.0,0,0.0,0,2261.4,24,0.0,0,0.0,0,0.0,0,0.0,0
2012-11-01T09:22:24.500,2261,15908,2261,68,0.0,0,0.0,0,0.0,0,0.0,0,2261.2,6,0.0,0,0.0,0,0.0,0,0.0,0
2012-11-01T09:22:25.000,2261.2,15968,2261.2,16,0.0,0,0.0,0,0.0,0,0.0,0,2261.4,24,0.0,0,0.0,0,0.0,0,0.0,0
2012-11-01T09:22:25.500,2261.2,15975,2261.2,27,0.0,0,0.0,0,0.0,0,0.0,0,2261.4,25,0.0,0,0.0,0,0.0,0,0.0,0
2012-11-01T09:22:26.000,2261.2,16015,2261,19,0.0,0,0.0,0,0.0,0,0.0,0,2261.2,73,0.0,0,0.0,0,0.0,0,0.0,0
2012-11-01T09:22:26.500,2261,16053,2260.8,62,0.0,0,0.0,0,0.0,0,0.0,0,2261,20,0.0,0,0.0,0,0.0,0,0.0,0
2012-11-01T09:22:27.000,2260.8,16062,2260.8,79,0.0,0,0.0,0,0.0,0,0.0,0,2261,18,0.0,0,0.0,0,0.0,0,0.0,0
2012-11-01T09:22:27.500,2260.8,16093,2260.8,49,0.0,0,0.0,0,0.0,0,0.0,0,2261,40,0.0,0,0.0,0,0.0,0,0.0,0
2012-11-01T09:22:28.000,2260.8,16101,2260.8,44,0.0,0,0.0,0,0.0,0,0.0,0,2261,38,0.0,0,0.0,0,0.0,0,0.0,0
2012-11-01T09:22:28.500,2260.8,16107,2260.8,38,0.0,0,0.0,0,0.0,0,0.0,0,2261,38,0.0,0,0.0,0,0.0,0,0.0,0
2012-11-01T09:22:29.000,2260.8,16111,2260.8,35,0.0,0,0.0,0,0.0,0,0.0,0,2261,38,0.0,0,0.0,0,0.0,0,0.0,0
2012-11-01T09:22:29.500,2260.8,16156,2260.6,57,0.0,0,0.0,0,0.0,0,0.0,0,2260.8,17,0.0,0,0.0,0,0.0,0,0.0,0
2012-11-01T09:22:30.000,2260.8,16158,2260.6,56,0.0,0,0.0,0,0.0,0,0.0,0,2260.8,27,0.0,0,0.0,0,0.0,0,0.0,0
2012-11-01T09:22:30.500,2260.6,16161,2260.6,53,0.0,0,0.0,0,0.0,0,0.0,0,2260.8,29,0.0,0,0.0,0,0.0,0,0.0,0
2012-11-01T09:22:31.000,2260.8,16166,2260.6,53,0.0,0,0.0,0,0.0,0,0.0,0,2260.8,25,0.0,0,0.0,0,0.0,0,0.0,0
2012-11-01T09:22:31.500,2260.6,16181,2260.6,40,0.0,0,0.0,0,0.0,0,0.0,0,2260.8,25,0.0,0,0.0,0,0.0,0,0.0,0
2012-11-01T09:22:32.000,2260.6,16223,2260.6,8,0.0,0,0.0,0,0.0,0,0.0,0,2260.8,16,0.0,0,0.0,0,0.0,0,0.0,0
2012-11-01T09:22:32.500,2260.6,16226,2260.6,7,0.0,0,0.0,0,0.0,0,0.0,0,2260.8,15,0.0,0,0.0,0,0.0,0,0.0,0
2012-11-01T09:22:33.000,2260.6,16239,2260.4,64,0.0,0,0.0,0,0.0,0,0.0,0,2260.6,3,0.0,0,0.0,0,0.0,0,0.0,0
2012-11-01T09:22:33.500,2260.6,16257,2260.4,66,0.0,0,0.0,0,0.0,0,0.0,0,2260.6,5,0.0,0,0.0,0,0.0,0,0.0,0
2012-11-01T09:22:34.000,2260.6,16280,2260.6,2,0.0,0,0.0,0,0.0,0,0.0,0,2260.8,5,0.0,0,0.0,0,0.0,0,0.0,0
2012-11-01T09:22:34.500,2260.8,16286,2260.6,4,0.0,0,0.0,0,0.0,0,0.0,0,2260.8,3,0.0,0,0.0,0,0.0,0,0.0,0
2012-11-01T09:22:35.000,2260.6,16289,2260.6,15,0.0,0,0.0,0,0.0,0,0.0,0,2260.8,2,0.0,0,0.0,0,0.0,0,0.0,0
2012-11-01T09:22:35.500,2260.8,16300,2260.6,27,0.0,0,0.0,0,0.0,0,0.0,0,2260.8,1,0.0,0,0.0,0,0.0,0,0.0,0
2012-11-01T09:22:36.000,2260.8,16316,2260.8,8,0.0,0,0.0,0,0.0,0,0.0,0,2261,27,0.0,0,0.0,0,0.0,0,0.0,0
2012-11-01T09:22:36.500,2260.8,16337,2260.8,10,0.0,0,0.0,0,0.0,0,0.0,0,2261,27,0.0,0,0.0,0,0.0,0,0.0,0
2012-11-01T09:22:37.000,2260.8,16344,2260.8,5,0.0,0,0.0,0,0.0,0,0.0,0,2261,26,0.0,0,0.0,0,0.0,0,0.0,0
2012-11-01T09:22:37.500,2261,16348,2260.8,3,0.0,0,0.0,0,0.0,0,0.0,0,2261,26,0.0,0,0.0,0,0.0,0,0.0,0
2012-11-01T09:22:38.000,2260.8,16356,2260.8,9,0.0,0,0.0,0,0.0,0,0.0,0,2261,26,0.0,0,0.0,0,0.0,0,0.0,0
2012-11-01T09:22:38.500,2260.6,16374,2260.6,18,0.0,0,0.0,0,0.0,0,0.0,0,2260.8,8,0.0,0,0.0,0,0.0,0,0.0,0
2012-11-01T09:22:39.000,2260.8,16379,2260.6,20,0.0,0,0.0,0,0.0,0,0.0,0,2260.8,7,0.0,0,0.0,0,0.0,0,0.0,0
2012-11-01T09:22:39.500,2260.8,16393,2260.8,11,0.0,0,0.0,0,0.0,0,0.0,0,2261,19,0.0,0,0.0,0,0.0,0,0.0,0
2012-11-01T09:22:40.000,2261,16409,2260.8,8,0.0,0,0.0,0,0.0,0,0.0,0,2261,15,0.0,0,0.0,0,0.0,0,0.0,0
2012-11-01T09:22:40.500,2260.8,16411,2260.8,6,0.0,0,0.0,0,0.0,0,0.0,0,2261,14,0.0,0,0.0,0,0.0,0,0.0,0
2012-11-01T09:22:41.000,2260.6,16437,2260.6,13,0.0,0,0.0,0,0.0,0,0.0,0,2260.8,1,0.0,0,0.0,0,0.0,0,0.0,0
2012-11-01T09:22:41.500,2261,16449,2260.6,14,0.0,0,0.0,0,0.0,0,0.0,0,2261,9,0.0,0,0.0,0,0.0,0,0.0,0
2012-11-01T09:22:42.000,2260.6,16461,2260.6,7,0.0,0,0.0,0,0.0,0,0.0,0,2260.8,3,0.0,0,0.0,0,0.0,0,0.0,0
2012-11-01T09:22:42.500,2260.6,16463,2260.6,10,0.0,0,0.0,0,0.0,0,0.0,0,2260.8,2,0.0,0,0.0,0,0.0,0,0.0,0
2012-11-01T09:22:43.000,2260.6,16477,2260.4,67,0.0,0,0.0,0,0.0,0,0.0,0,2260.6,7,0.0,0,0.0,0,0.0,0,0.0,0
2012-11-01T09:22:43.500,2261,16498,2260.4,79,0.0,0,0.0,0,0.0,0,0.0,0,2261,6,0.0,0,0.0,0,0.0,0,0.0,0
2012-11-01T09:22:44.000,2260.8,16505,2260.8,39,0.0,0,0.0,0,0.0,0,0.0,0,2261,9,0.0,0,0.0,0,0.0,0,0.0,0
2012-11-01T09:22:44.500,2260.8,16529,2261,7,0.0,0,0.0,0,0.0,0,0.0,0,2261.2,9,0.0,0,0.0,0,0.0,0,0.0,0
2012-11-01T09:22:45.250,2261,16531,2261,6,0.0,0,0.0,0,0.0,0,0.0,0,2261.2,18,0.0,0,0.0,0,0.0,0,0.0,0
2012-11-01T09:22:46.000,2261,16534,2261,3,0.0,0,0.0,0,0.0,0,0.0,0,2261.2,9,0.0,0,0.0,0,0.0,0,0.0,0
2012-11-01T09:22:46.500,2261,16538,2261,1,0.0,0,0.0,0,0.0,0,0.0,0,2261.2,10,0.0,0,0.0,0,0.0,0,0.0,0
2012-11-01T09:22:47.000,2261.2,16541,2261,1,0.0,0,0.0,0,0.0,0,0.0,0,2261.2,8,0.0,0,0.0,0,0.0,0,0.0,0
2012-11-01T09:22:47.500,2260.8,16544,2260.8,36,0.0,0,0.0,0,0.0,0,0.0,0,2261,1,0.0,0,0.0,0,0.0,0,0.0,0
2012-11-01T09:22:48.000,2261,16545,2261,1,0.0,0,0.0,0,0.0,0,0.0,0,2261.2,8,0.0,0,0.0,0,0.0,0,0.0,0
2012-11-01T09:22:48.500,2260.8,16547,2260.8,36,0.0,0,0.0,0,0.0,0,0.0,0,2261,30,0.0,0,0.0,0,0.0,0,0.0,0
2012-11-01T09:22:49.000,2261,16562,2260.8,36,0.0,0,0.0,0,0.0,0,0.0,0,2261,16,0.0,0,0.0,0,0.0,0,0.0,0
2012-11-01T09:22:49.500,2261,16566,2260.8,33,0.0,0,0.0,0,0.0,0,0.0,0,2261,17,0.0,0,0.0,0,0.0,0,0.0,0
2012-11-01T09:22:50.000,2260.8,16567,2260.8,32,0.0,0,0.0,0,0.0,0,0.0,0,2261,19,0.0,0,0.0,0,0.0,0,0.0,0
2012-11-01T09:22:50.500,2261,16590,2261,4,0.0,0,0.0,0,0.0,0,0.0,0,2261.2,14,0.0,0,0.0,0,0.0,0,0.0,0
2012-11-01T09:22:51.000,2261,16593,2261,5,0.0,0,0.0,0,0.0,0,0.0,0,2261.2,14,0.0,0,0.0,0,0.0,0,0.0,0
2012-11-01T09:22:51.500,2261,16596,2261,5,0.0,0,0.0,0,0.0,0,0.0,0,2261.2,16,0.0,0,0.0,0,0.0,0,0.0,0
2012-11-01T09:22:52.000,2261,16597,2261,4,0.0,0,0.0,0,0.0,0,0.0,0,2261.2,16,0.0,0,0.0,0,0.0,0,0.0,0
2012-11-01T09:22:52.500,2260.8,16602,2260.8,30,0.0,0,0.0,0,0.0,0,0.0,0,2261,2,0.0,0,0.0,0,0.0,0,0.0,0
2012-11-01T09:22:53.000,2261,16605,2260.8,30,0.0,0,0.0,0,0.0,0,0.0,0,2261,1,0.0,0,0.0,0,0.0,0,0.0,0
2012-11-01T09:22:53.500,2261,16607,2261,4,0.0,0,0.0,0,0.0,0,0.0,0,2261.2,19,0.0,0,0.0,0,0.0,0,0.0,0
2012-11-01T09:22:54.000,2260.8,16615,2260.8,26,0.0,0,0.0,0,0.0,0,0.0,0,2261,2,0.0,0,0.0,0,0.0,0,0.0,0
2012-11-01T09:22:54.500,2261,16616,2260.8,27,0.0,0,0.0,0,0.0,0,0.0,0,2261,2,0.0,0,0.0,0,0.0,0,0.0,0
2012-11-01T09:22:55.000,2261,16617,2260.8,29,0.0,0,0.0,0,0.0,0,0.0,0,2261,22,0.0,0,0.0,0,0.0,0,0.0,0
2012-11-01T09:22:55.500,2260.8,16621,2260.8,25,0.0,0,0.0,0,0.0,0,0.0,0,2261,23,0.0,0,0.0,0,0.0,0,0.0,0
2012-11-01T09:22:56.000,2261,16622,2260.8,38,0.0,0,0.0,0,0.0,0,0.0,0,2261,22,0.0,0,0.0,0,0.0,0,0.0,0
2012-11-01T09:22:56.500,2260.8,16665,2260.6,92,0.0,0,0.0,0,0.0,0,0.0,0,2260.8,21,0.0,0,0.0,0,0.0,0,0.0,0
2012-11-01T09:22:57.000,2260.8,16666,2260.6,93,0.0,0,0.0,0,0.0,0,0.0,0,2260.8,21,0.0,0,0.0,0,0.0,0,0.0,0
2012-11-01T09:22:57.500,2260.8,16667,2260.6,94,0.0,0,0.0,0,0.0,0,0.0,0,2260.8,20,0.0,0,0.0,0,0.0,0,0.0,0
2012-11-01T09:22:58.000,2260.8,16677,2260.6,91,0.0,0,0.0,0,0.0,0,0.0,0,2260.8,13,0.0,0,0.0,0,0.0,0,0.0,0
2012-11-01T09:22:58.500,2260.6,16681,2260.6,90,0.0,0,0.0,0,0.0,0,0.0,0,2260.8,10,0.0,0,0.0,0,0.0,0,0.0,0
2012-11-01T09:22:59.000,2260.8,16691,2260.8,9,0.0,0,0.0,0,0.0,0,0.0,0,2261,25,0.0,0,0.0,0,0.0,0,0.0,0
2012-11-01T09:22:59.500,2260.8,16699,2260.8,8,0.0,0,0.0,0,0.0,0,0.0,0,2261,18,0.0,0,0.0,0,0.0,0,0.0,0
2012-11-01T09:23:00.000,2260.8,16701,2260.8,52,0.0,0,0.0,0,0.0,0,0.0,0,2261,17,0.0,0,0.0,0,0.0,0,0.0,0
2012-11-01T09:23:00.500,2260.8,16704,2260.8,62,0.0,0,0.0,0,0.0,0,0.0,0,2261,16,0.0,0,0.0,0,0.0,0,0.0,0
2012-11-01T09:23:01.000,2261,16724,2261,4,0.0,0,0.0,0,0.0,0,0.0,0,2261.2,31,0.0,0,0.0,0,0.0,0,0.0,0
2012-11-01T09:23:01.500,2261.2,16727,2261,4,0.0,0,0.0,0,0.0,0,0.0,0,2261.2,30,0.0,0,0.0,0,0.0,0,0.0,0
2012-11-01T09:23:02.000,2261,16730,2261,11,0.0,0,0.0,0,0.0,0,0.0,0,2261.2,33,0.0,0,0.0,0,0.0,0,0.0,0
2012-11-01T09:23:02.500,2261,16735,2261,19,0.0,0,0.0,0,0.0,0,0.0,0,2261.2,31,0.0,0,0.0,0,0.0,0,0.0,0
2012-11-01T09:23:03.000,2261,16737,2261,21,0.0,0,0.0,0,0.0,0,0.0,0,2261.2,32,0.0,0,0.0,0,0.0,0,0.0,0
2012-11-01T09:23:03.500,2261,16745,2261,15,0.0,0,0.0,0,0.0,0,0.0,0,2261.2,30,0.0,0,0.0,0,0.0,0,0.0,0
2012-11-01T09:23:04.250,2261,16754,2261,14,0.0,0,0.0,0,0.0,0,0.0,0,2261.2,36,0.0,0,0.0,0,0.0,0,0.0,0
2012-11-01T09:23:05.000,2261.2,16755,2261,15,0.0,0,0.0,0,0.0,0,0.0,0,2261.2,35,0.0,0,0.0,0,0.0,0,0.0,0
2012-11-01T09:23:05.500,2261.2,16756,2261,25,0.0,0,0.0,0,0.0,0,0.0,0,2261.2,34,0.0,0,0.0,0,0.0,0,0.0,0
2012-11-01T09:23:06.000,2261,16759,2261,23,0.0,0,0.0,0,0.0,0,0.0,0,2261.2,34,0.0,0,0.0,0,0.0,0,0.0,0
2012-11-01T09:23:06.500,2261,16761,2261,21,0.0,0,0.0,0,0.0,0,0.0,0,2261.2,35,0.0,0,0.0,0,0.0,0,0.0,0
2012-11-01T09:23:07.250,2261,16768,2261,19,0.0,0,0.0,0,0.0,0,0.0,0,2261.2,30,0.0,0,0.0,0,0.0,0,0.0,0
2012-11-01T09:23:08.250,2261,16801,2260.8,12,0.0,0,0.0,0,0.0,0,0.0,0,2261,1,0.0,0,0.0,0,0.0,0,0.0,0
2012-11-01T09:23:09.000,2260.8,16802,2260.8,11,0.0,0,0.0,0,0.0,0,0.0,0,2261,5,0.0,0,0.0,0,0.0,0,0.0,0
2012-11-01T09:23:09.500,2260.8,16806,2260.8,11,0.0,0,0.0,0,0.0,0,0.0,0,2261,23,0.0,0,0.0,0,0.0,0,0.0,0
2012-11-01T09:23:10.000,2261,16840,2261,6,0.0,0,0.0,0,0.0,0,0.0,0,2261.2,35,0.0,0,0.0,0,0.0,0,0.0,0
2012-11-01T09:23:10.500,2261,16846,2261,3,0.0,0,0.0,0,0.0,0,0.0,0,2261.2,35,0.0,0,0.0,0,0.0,0,0.0,0
2012-11-01T09:23:11.000,2261,16871,2261,45,0.0,0,0.0,0,0.0,0,0.0,0,2261.2,36,0.0,0,0.0,0,0.0,0,0.0,0
2012-11-01T09:23:11.500,2261.2,16884,2261,33,0.0,0,0.0,0,0.0,0,0.0,0,2261.2,36,0.0,0,0.0,0,0.0,0,0.0,0
2012-11-01T09:23:12.000,2261,16890,2261,32,0.0,0,0.0,0,0.0,0,0.0,0,2261.2,32,0.0,0,0.0,0,0.0,0,0.0,0
2012-11-01T09:23:12.500,2261,16922,2260.8,13,0.0,0,0.0,0,0.0,0,0.0,0,2261,6,0.0,0,0.0,0,0.0,0,0.0,0
2012-11-01T09:23:13.000,2261,16923,2260.8,14,0.0,0,0.0,0,0.0,0,0.0,0,2261,7,0.0,0,0.0,0,0.0,0,0.0,0
2012-11-01T09:23:13.500,2261,16926,2260.8,15,0.0,0,0.0,0,0.0,0,0.0,0,2261,5,0.0,0,0.0,0,0.0,0,0.0,0
2012-11-01T09:23:14.250,2261,16927,2260.8,15,0.0,0,0.0,0,0.0,0,0.0,0,2261,5,0.0,0,0.0,0,0.0,0,0.0,0
2012-11-01T09:23:15.000,2261,16929,2260.8,16,0.0,0,0.0,0,0.0,0,0.0,0,2261,3,0.0,0,0.0,0,0.0,0,0.0,0
2012-11-01T09:23:15.500,2261,16933,2260.8,14,0.0,0,0.0,0,0.0,0,0.0,0,2261,12,0.0,0,0.0,0,0.0,0,0.0,0
2012-11-01T09:23:16.000,2261,16936,2260.8,33,0.0,0,0.0,0,0.0,0,0.0,0,2261,10,0.0,0,0.0,0,0.0,0,0.0,0
2012-11-01T09:23:16.500,2260.8,16941,2260.8,29,0.0,0,0.0,0,0.0,0,0.0,0,2261,9,0.0,0,0.0,0,0.0,0,0.0,0
2012-11-01T09:23:17.000,2260.8,16949,2260.8,29,0.0,0,0.0,0,0.0,0,0.0,0,2261,16,0.0,0,0.0,0,0.0,0,0.0,0
2012-11-01T09:23:17.500,2260.8,16955,2260.8,24,0.0,0,0.0,0,0.0,0,0.0,0,2261,16,0.0,0,0.0,0,0.0,0,0.0,0
2012-11-01T09:23:18.000,2260.8,16959,2260.8,21,0.0,0,0.0,0,0.0,0,0.0,0,2261,21,0.0,0,0.0,0,0.0,0,0.0,0
2012-11-01T09:23:18.500,2260.8,16966,2260.8,16,0.0,0,0.0,0,0.0,0,0.0,0,2261,21,0.0,0,0.0,0,0.0,0,0.0,0
2012-11-01T09:23:19.000,2260.8,16976,2260.8,6,0.0,0,0.0,0,0.0,0,0.0,0,2261,22,0.0,0,0.0,0,0.0,0,0.0,0
2012-11-01T09:23:19.500,2260.8,16985,2260.6,94,0.0,0,0.0,0,0.0,0,0.0,0,2260.8,22,0.0,0,0.0,0,0.0,0,0.0,0
2012-11-01T09:23:20.000,2260.6,16988,2260.6,92,0.0,0,0.0,0,0.0,0,0.0,0,2260.8,27,0.0,0,0.0,0,0.0,0,0.0,0
2012-11-01T09:23:20.500,2260.8,16993,2260.6,92,0.0,0,0.0,0,0.0,0,0.0,0,2260.8,25,0.0,0,0.0,0,0.0,0,0.0,0
2012-11-01T09:23:21.250,2260.6,17015,2260.6,91,0.0,0,0.0,0,0.0,0,0.0,0,2260.8,5,0.0,0,0.0,0,0.0,0,0.0,0
