date_time,last_px,total_volume,bid1_px,bid1_qty,bid2_px,bid2_qty,bid3_px,bid3_qty,bid4_px,bid4_qty,bid5_px,bid5_qty,ask1_px,ask1_qty,ask2_px,ask2_qty,ask3_px,ask3_qty,ask4_px,ask4_qty,ask5_px,ask5_qty
2012-11-14T09:14:00.250,2215.2,107,2215,14,0.0,0,0.0,0,0.0,0,0.0,0,2215.2,61,0.0,0,0.0,0,0.0,0,0.0,0
2012-11-14T09:15:00.250,2215.2,243,2215,2,0.0,0,0.0,0,0.0,0,0.0,0,2215.6,11,0.0,0,0.0,0,0.0,0,0.0,0
2012-11-14T09:15:01.000,2215.4,290,2215.4,15,0.0,0,0.0,0,0.0,0,0.0,0,2216,3,0.0,0,0.0,0,0.0,0,0.0,0
2012-11-14T09:15:01.500,2216.4,344,2216.6,4,0.0,0,0.0,0,0.0,0,0.0,0,2216.8,8,0.0,0,0.0,0,0.0,0,0.0,0
2012-11-14T09:15:02.000,2216.4,387,2216,68,0.0,0,0.0,0,0.0,0,0.0,0,2217.6,3,0.0,0,0.0,0,0.0,0,0.0,0
2012-11-14T09:15:02.500,2217.6,448,2217.6,6,0.0,0,0.0,0,0.0,0,0.0,0,2218.8,8,0.0,0,0.0,0,0.0,0,0.0,0
2012-11-14T09:15:03.000,2218.6,521,2218,7,0.0,0,0.0,0,0.0,0,0.0,0,2218.6,58,0.0,0,0.0,0,0.0,0,0.0,0
2012-11-14T09:15:03.500,2217.6,571,2217,2,0.0,0,0.0,0,0.0,0,0.0,0,2217.6,37,0.0,0,0.0,0,0.0,0,0.0,0
2012-11-14T09:15:04.000,2217.2,649,2216.8,21,0.0,0,0.0,0,0.0,0,0.0,0,2217.2,57,0.0,0,0.0,0,0.0,0,0.0,0
2012-11-14T09:15:04.500,2216.8,678,2216.8,10,0.0,0,0.0,0,0.0,0,0.0,0,2217,36,0.0,0,0.0,0,0.0,0,0.0,0
2012-11-14T09:15:05.000,2216.8,710,2216.2,3,0.0,0,0.0,0,0.0,0,0.0,0,2216.8,86,0.0,0,0.0,0,0.0,0,0.0,0
2012-11-14T09:15:05.500,2216.6,801,2216.2,2,0.0,0,0.0,0,0.0,0,0.0,0,2216.6,18,0.0,0,0.0,0,0.0,0,0.0,0
2012-11-14T09:15:06.000,2216,849,2216.2,2,0.0,0,0.0,0,0.0,0,0.0,0,2216.4,5,0.0,0,0.0,0,0.0,0,0.0,0
2012-11-14T09:15:06.500,2216.2,877,2216.2,2,0.0,0,0.0,0,0.0,0,0.0,0,2216.8,82,0.0,0,0.0,0,0.0,0,0.0,0
2012-11-14T09:15:07.000,2216,920,2216.4,12,0.0,0,0.0,0,0.0,0,0.0,0,2216.6,11,0.0,0,0.0,0,0.0,0,0.0,0
2012-11-14T09:15:07.500,2216.6,945,2216.6,1,0.0,0,0.0,0,0.0,0,0.0,0,2216.8,78,0.0,0,0.0,0,0.0,0,0.0,0
2012-11-14T09:15:08.000,2216.8,964,2216.4,3,0.0,0,0.0,0,0.0,0,0.0,0,2216.8,67,0.0,0,0.0,0,0.0,0,0.0,0
2012-11-14T09:15:08.500,2216.8,976,2216.4,10,0.0,0,0.0,0,0.0,0,0.0,0,2216.6,1,0.0,0,0.0,0,0.0,0,0.0,0
2012-11-14T09:15:09.000,2216.6,1031,2216.6,7,0.0,0,0.0,0,0.0,0,0.0,0,2216.8,6,0.0,0,0.0,0,0.0,0,0.0,0
2012-11-14T09:15:09.500,2216.8,1049,2216.8,1,0.0,0,0.0,0,0.0,0,0.0,0,2217,98,0.0,0,0.0,0,0.0,0,0.0,0
2012-11-14T09:15:10.000,2216.8,1094,2216.8,11,0.0,0,0.0,0,0.0,0,0.0,0,2217,74,0.0,0,0.0,0,0.0,0,0.0,0
2012-11-14T09:15:10.500,2216.4,1120,2216.4,11,0.0,0,0.0,0,0.0,0,0.0,0,2217,73,0.0,0,0.0,0,0.0,0,0.0,0
2012-11-14T09:15:11.000,2216.8,1131,2216.4,16,0.0,0,0.0,0,0.0,0,0.0,0,2217,73,0.0,0,0.0,0,0.0,0,0.0,0
2012-11-14T09:15:11.500,2216.8,1135,2216.4,14,0.0,0,0.0,0,0.0,0,0.0,0,2216.8,26,0.0,0,0.0,0,0.0,0,0.0,0
2012-11-14T09:15:12.000,2216.8,1165,2216.4,12,0.0,0,0.0,0,0.0,0,0.0,0,2216.6,2,0.0,0,0.0,0,0.0,0,0.0,0
2012-11-14T09:15:12.500,2216.4,1191,2216.2,4,0.0,0,0.0,0,0.0,0,0.0,0,2216.4,8,0.0,0,0.0,0,0.0,0,0.0,0
2012-11-14T09:15:13.000,2216.2,1204,2216,6,0.0,0,0.0,0,0.0,0,0.0,0,2216.2,4,0.0,0,0.0,0,0.0,0,0.0,0
2012-11-14T09:15:13.500,2216.2,1223,2216,5,0.0,0,0.0,0,0.0,0,0.0,0,2216.4,35,0.0,0,0.0,0,0.0,0,0.0,0
2012-11-14T09:15:14.000,2216,1229,2216,2,0.0,0,0.0,0,0.0,0,0.0,0,2216.4,38,0.0,0,0.0,0,0.0,0,0.0,0
2012-11-14T09:15:14.500,2215.6,1275,2215.6,11,0.0,0,0.0,0,0.0,0,0.0,0,2216,5,0.0,0,0.0,0,0.0,0,0.0,0
2012-11-14T09:15:15.000,2216,1321,2216.4,1,0.0,0,0.0,0,0.0,0,0.0,0,2216.6,3,0.0,0,0.0,0,0.0,0,0.0,0
2012-11-14T09:15:15.500,2216.6,1329,2216.6,4,0.0,0,0.0,0,0.0,0,0.0,0,2216.8,29,0.0,0,0.0,0,0.0,0,0.0,0
2012-11-14T09:15:16.000,2216.6,1351,2216.4,1,0.0,0,0.0,0,0.0,0,0.0,0,2216.6,1,0.0,0,0.0,0,0.0,0,0.0,0
2012-11-14T09:15:16.500,2216.8,1358,2216.4,1,0.0,0,0.0,0,0.0,0,0.0,0,2216.6,6,0.0,0,0.0,0,0.0,0,0.0,0
2012-11-14T09:15:17.000,2216.6,1368,2216.6,2,0.0,0,0.0,0,0.0,0,0.0,0,2216.8,21,0.0,0,0.0,0,0.0,0,0.0,0
2012-11-14T09:15:17.500,2216.2,1440,2216,15,0.0,0,0.0,0,0.0,0,0.0,0,2216.2,40,0.0,0,0.0,0,0.0,0,0.0,0
2012-11-14T09:15:18.000,2216.2,1459,2215.8,6,0.0,0,0.0,0,0.0,0,0.0,0,2216.2,35,0.0,0,0.0,0,0.0,0,0.0,0
2012-11-14T09:15:18.500,2215.8,1472,2215.8,10,0.0,0,0.0,0,0.0,0,0.0,0,2216,1,0.0,0,0.0,0,0.0,0,0.0,0
2012-11-14T09:15:19.000,2216,1481,2216,10,0.0,0,0.0,0,0.0,0,0.0,0,2216.2,37,0.0,0,0.0,0,0.0,0,0.0,0
2012-11-14T09:15:19.500,2215.8,1507,2216,1,0.0,0,0.0,0,0.0,0,0.0,0,2216.2,23,0.0,0,0.0,0,0.0,0,0.0,0
2012-11-14T09:15:20.000,2216,1509,2215.8,7,0.0,0,0.0,0,0.0,0,0.0,0,2216,4,0.0,0,0.0,0,0.0,0,0.0,0
2012-11-14T09:15:20.500,2216.2,1522,2215.8,16,0.0,0,0.0,0,0.0,0,0.0,0,2216,1,0.0,0,0.0,0,0.0,0,0.0,0
2012-11-14T09:15:21.000,2216.2,1525,2216,5,0.0,0,0.0,0,0.0,0,0.0,0,2216.2,24,0.0,0,0.0,0,0.0,0,0.0,0
2012-11-14T09:15:21.500,2215.8,1578,2215.6,16,0.0,0,0.0,0,0.0,0,0.0,0,2215.8,55,0.0,0,0.0,0,0.0,0,0.0,0
2012-11-14T09:15:22.000,2215.6,1602,2215.4,6,0.0,0,0.0,0,0.0,0,0.0,0,2215.6,24,0.0,0,0.0,0,0.0,0,0.0,0
2012-11-14T09:15:22.500,2215.4,1613,2215.2,27,0.0,0,0.0,0,0.0,0,0.0,0,2215.4,42,0.0,0,0.0,0,0.0,0,0.0,0
2012-11-14T09:15:23.000,2215.2,1646,2215.2,15,0.0,0,0.0,0,0.0,0,0.0,0,2215.4,27,0.0,0,0.0,0,0.0,0,0.0,0
2012-11-14T09:15:23.500,2215.4,1659,2215.2,11,0.0,0,0.0,0,0.0,0,0.0,0,2215.4,18,0.0,0,0.0,0,0.0,0,0.0,0
2012-11-14T09:15:24.000,2215.2,1683,2215,66,0.0,0,0.0,0,0.0,0,0.0,0,2215.2,57,0.0,0,0.0,0,0.0,0,0.0,0
2012-11-14T09:15:24.500,2215.2,1701,2215,64,0.0,0,0.0,0,0.0,0,0.0,0,2215.2,42,0.0,0,0.0,0,0.0,0,0.0,0
2012-11-14T09:15:25.000,2215,1713,2215,60,0.0,0,0.0,0,0.0,0,0.0,0,2215.2,37,0.0,0,0.0,0,0.0,0,0.0,0
2012-11-14T09:15:25.500,2215.2,1751,2215.2,19,0.0,0,0.0,0,0.0,0,0.0,0,2215.4,10,0.0,0,0.0,0,0.0,0,0.0,0
2012-11-14T09:15:26.000,2215.4,1755,2215.2,22,0.0,0,0.0,0,0.0,0,0.0,0,2215.4,9,0.0,0,0.0,0,0.0,0,0.0,0
2012-11-14T09:15:26.500,2215.4,1766,2215.4,3,0.0,0,0.0,0,0.0,0,0.0,0,2215.6,27,0.0,0,0.0,0,0.0,0,0.0,0
2012-11-14T09:15:27.000,2215.6,1771,2215.4,8,0.0,0,0.0,0,0.0,0,0.0,0,2215.6,22,0.0,0,0.0,0,0.0,0,0.0,0
2012-11-14T09:15:27.500,2215.4,1773,2215.4,8,0.0,0,0.0,0,0.0,0,0.0,0,2215.6,21,0.0,0,0.0,0,0.0,0,0.0,0
2012-11-14T09:15:28.000,2215.6,1775,2215.4,8,0.0,0,0.0,0,0.0,0,0.0,0,2215.6,19,0.0,0,0.0,0,0.0,0,0.0,0
2012-11-14T09:15:28.500,2215.4,1783,2215.4,3,0.0,0,0.0,0,0.0,0,0.0,0,2215.6,16,0.0,0,0.0,0,0.0,0,0.0,0
2012-11-14T09:15:29.000,2215.6,1806,2215.6,28,0.0,0,0.0,0,0.0,0,0.0,0,2215.8,55,0.0,0,0.0,0,0.0,0,0.0,0
2012-11-14T09:15:29.500,2215.8,1808,2215.6,27,0.0,0,0.0,0,0.0,0,0.0,0,2215.8,54,0.0,0,0.0,0,0.0,0,0.0,0
2012-11-14T09:15:30.000,2215.6,1826,2215.6,18,0.0,0,0.0,0,0.0,0,0.0,0,2215.8,52,0.0,0,0.0,0,0.0,0,0.0,0
2012-11-14T09:15:30.500,2215.8,1830,2215.6,19,0.0,0,0.0,0,0.0,0,0.0,0,2215.8,48,0.0,0,0.0,0,0.0,0,0.0,0
2012-11-14T09:15:31.000,2215.8,1831,2215.6,17,0.0,0,0.0,0,0.0,0,0.0,0,2215.8,47,0.0,0,0.0,0,0.0,0,0.0,0
2012-11-14T09:15:31.500,2215.6,1835,2215.6,15,0.0,0,0.0,0,0.0,0,0.0,0,2215.8,48,0.0,0,0.0,0,0.0,0,0.0,0
2012-11-14T09:15:32.250,2215.8,1870,2215.6,11,0.0,0,0.0,0,0.0,0,0.0,0,2215.8,17,0.0,0,0.0,0,0.0,0,0.0,0
2012-11-14T09:15:33.000,2215.6,1895,2215.6,9,0.0,0,0.0,0,0.0,0,0.0,0,2216,40,0.0,0,0.0,0,0.0,0,0.0,0
2012-11-14T09:15:33.500,2215.6,1927,2215.6,8,0.0,0,0.0,0,0.0,0,0.0,0,2216,10,0.0,0,0.0,0,0.0,0,0.0,0
2012-11-14T09:15:34.000,2215.8,1930,2215.8,5,0.0,0,0.0,0,0.0,0,0.0,0,2216,10,0.0,0,0.0,0,0.0,0,0.0,0
2012-11-14T09:15:34.500,2216,1941,2215.8,13,0.0,0,0.0,0,0.0,0,0.0,0,2216,7,0.0,0,0.0,0,0.0,0,0.0,0
2012-11-14T09:15:35.000,2215.8,1971,2215.6,11,0.0,0,0.0,0,0.0,0,0.0,0,2215.8,17,0.0,0,0.0,0,0.0,0,0.0,0
2012-11-14T09:15:35.500,2215.8,1979,2215.6,15,0.0,0,0.0,0,0.0,0,0.0,0,2215.8,11,0.0,0,0.0,0,0.0,0,0.0,0
2012-11-14T09:15:36.000,2215.8,1984,2215.6,22,0.0,0,0.0,0,0.0,0,0.0,0,2215.8,6,0.0,0,0.0,0,0.0,0,0.0,0
2012-11-14T09:15:36.500,2215.8,1997,2215.8,8,0.0,0,0.0,0,0.0,0,0.0,0,2216,2,0.0,0,0.0,0,0.0,0,0.0,0
2012-11-14T09:15:37.000,2215.8,1999,2215.8,9,0.0,0,0.0,0,0.0,0,0.0,0,2216,4,0.0,0,0.0,0,0.0,0,0.0,0
2012-11-14T09:15:37.500,2215.8,2000,2215.8,9,0.0,0,0.0,0,0.0,0,0.0,0,2216,11,0.0,0,0.0,0,0.0,0,0.0,0
2012-11-14T09:15:38.000,2215.8,2004,2215.8,5,0.0,0,0.0,0,0.0,0,0.0,0,2216,17,0.0,0,0.0,0,0.0,0,0.0,0
2012-11-14T09:15:38.500,2216,2015,2215.8,8,0.0,0,0.0,0,0.0,0,0.0,0,2216,8,0.0,0,0.0,0,0.0,0,0.0,0
2012-11-14T09:15:39.000,2216,2023,2215.8,3,0.0,0,0.0,0,0.0,0,0.0,0,2216,9,0.0,0,0.0,0,0.0,0,0.0,0
2012-11-14T09:15:39.500,2215.8,2024,2215.8,4,0.0,0,0.0,0,0.0,0,0.0,0,2216,15,0.0,0,0.0,0,0.0,0,0.0,0
2012-11-14T09:15:40.000,2216,2032,2215.8,5,0.0,0,0.0,0,0.0,0,0.0,0,2216,7,0.0,0,0.0,0,0.0,0,0.0,0
2012-11-14T09:15:40.500,2216,2043,2215.6,23,0.0,0,0.0,0,0.0,0,0.0,0,2216,3,0.0,0,0.0,0,0.0,0,0.0,0
2012-11-14T09:15:41.000,2215.8,2052,2216,1,0.0,0,0.0,0,0.0,0,0.0,0,2216.2,23,0.0,0,0.0,0,0.0,0,0.0,0
2012-11-14T09:15:41.500,2216.2,2059,2216,20,0.0,0,0.0,0,0.0,0,0.0,0,2216.2,19,0.0,0,0.0,0,0.0,0,0.0,0
2012-11-14T09:15:42.000,2216.2,2069,2216,13,0.0,0,0.0,0,0.0,0,0.0,0,2216.2,21,0.0,0,0.0,0,0.0,0,0.0,0
2012-11-14T09:15:42.500,2216.2,2072,2216,15,0.0,0,0.0,0,0.0,0,0.0,0,2216.2,19,0.0,0,0.0,0,0.0,0,0.0,0
2012-11-14T09:15:43.000,2216.2,2076,2216,34,0.0,0,0.0,0,0.0,0,0.0,0,2216.2,17,0.0,0,0.0,0,0.0,0,0.0,0
2012-11-14T09:15:43.500,2216.2,2079,2216,35,0.0,0,0.0,0,0.0,0,0.0,0,2216.2,16,0.0,0,0.0,0,0.0,0,0.0,0
2012-11-14T09:15:44.000,2216,2090,2216,36,0.0,0,0.0,0,0.0,0,0.0,0,2216.2,6,0.0,0,0.0,0,0.0,0,0.0,0
2012-11-14T09:15:44.500,2216.2,2094,2216,36,0.0,0,0.0,0,0.0,0,0.0,0,2216.2,5,0.0,0,0.0,0,0.0,0,0.0,0
2012-11-14T09:15:45.000,2216.2,2101,2216,37,0.0,0,0.0,0,0.0,0,0.0,0,2216.2,1,0.0,0,0.0,0,0.0,0,0.0,0
2012-11-14T09:15:45.500,2216.2,2103,2216.2,10,0.0,0,0.0,0,0.0,0,0.0,0,2216.4,16,0.0,0,0.0,0,0.0,0,0.0,0
2012-11-14T09:15:46.000,2216.4,2135,2216.2,5,0.0,0,0.0,0,0.0,0,0.0,0,2216.4,14,0.0,0,0.0,0,0.0,0,0.0,0
2012-11-14T09:15:46.500,2216.2,2143,2216,22,0.0,0,0.0,0,0.0,0,0.0,0,2216.4,15,0.0,0,0.0,0,0.0,0,0.0,0
2012-11-14T09:15:47.000,2216,2147,2216,23,0.0,0,0.0,0,0.0,0,0.0,0,2216.2,2,0.0,0,0.0,0,0.0,0,0.0,0
2012-11-14T09:15:47.500,2216.4,2158,2216.2,2,0.0,0,0.0,0,0.0,0,0.0,0,2216.4,23,0.0,0,0.0,0,0.0,0,0.0,0
2012-11-14T09:15:48.000,2216,2183,2215.6,27,0.0,0,0.0,0,0.0,0,0.0,0,2216,90,0.0,0,0.0,0,0.0,0,0.0,0
2012-11-14T09:15:48.500,2215.6,2187,2215.6,24,0.0,0,0.0,0,0.0,0,0.0,0,2215.8,29,0.0,0,0.0,0,0.0,0,0.0,0
2012-11-14T09:15:49.000,2215.6,2218,2215.4,8,0.0,0,0.0,0,0.0,0,0.0,0,2215.8,50,0.0,0,0.0,0,0.0,0,0.0,0
2012-11-14T09:15:49.500,2215.8,2232,2215.4,23,0.0,0,0.0,0,0.0,0,0.0,0,2215.8,44,0.0,0,0.0,0,0.0,0,0.0,0
2012-11-14T09:15:50.000,2215.8,2248,2215.4,12,0.0,0,0.0,0,0.0,0,0.0,0,2215.8,41,0.0,0,0.0,0,0.0,0,0.0,0
2012-11-14T09:15:50.500,2215.6,2252,2215.6,24,0.0,0,0.0,0,0.0,0,0.0,0,2215.8,50,0.0,0,0.0,0,0.0,0,0.0,0
2012-11-14T09:15:51.250,2215.6,2270,2215.6,7,0.0,0,0.0,0,0.0,0,0.0,0,2215.8,40,0.0,0,0.0,0,0.0,0,0.0,0
2012-11-14T09:15:52.000,2215.8,2275,2215.6,5,0.0,0,0.0,0,0.0,0,0.0,0,2215.8,33,0.0,0,0.0,0,0.0,0,0.0,0
2012-11-14T09:15:52.500,2215.6,2282,2215.4,20,0.0,0,0.0,0,0.0,0,0.0,0,2215.6,3,0.0,0,0.0,0,0.0,0,0.0,0
2012-11-14T09:15:53.000,2215.6,2283,2215.4,21,0.0,0,0.0,0,0.0,0,0.0,0,2215.6,20,0.0,0,0.0,0,0.0,0,0.0,0
2012-11-14T09:15:53.500,2215.6,2313,2215.6,21,0.0,0,0.0,0,0.0,0,0.0,0,2215.8,21,0.0,0,0.0,0,0.0,0,0.0,0
2012-11-14T09:15:54.000,2215.6,2332,2215.6,4,0.0,0,0.0,0,0.0,0,0.0,0,2215.8,15,0.0,0,0.0,0,0.0,0,0.0,0
2012-11-14T09:15:54.500,2215.8,2335,2215.6,4,0.0,0,0.0,0,0.0,0,0.0,0,2215.8,12,0.0,0,0.0,0,0.0,0,0.0,0
2012-11-14T09:15:55.000,2215.8,2341,2215.6,2,0.0,0,0.0,0,0.0,0,0.0,0,2215.8,9,0.0,0,0.0,0,0.0,0,0.0,0
2012-11-14T09:15:55.500,2215.6,2345,2215.4,20,0.0,0,0.0,0,0.0,0,0.0,0,2215.8,11,0.0,0,0.0,0,0.0,0,0.0,0
2012-11-14T09:15:56.000,2215.8,2350,2215.6,1,0.0,0,0.0,0,0.0,0,0.0,0,2215.8,8,0.0,0,0.0,0,0.0,0,0.0,0
2012-11-14T09:15:56.500,2215.4,2368,2215.4,4,0.0,0,0.0,0,0.0,0,0.0,0,2215.8,9,0.0,0,0.0,0,0.0,0,0.0,0
2012-11-14T09:15:57.000,2215.2,2376,2215.4,3,0.0,0,0.0,0,0.0,0,0.0,0,2215.6,1,0.0,0,0.0,0,0.0,0,0.0,0
2012-11-14T09:15:57.500,2215.6,2382,2215.2,83,0.0,0,0.0,0,0.0,0,0.0,0,2215.4,3,0.0,0,0.0,0,0.0,0,0.0,0
2012-11-14T09:15:58.000,2215.2,2388,2215.2,81,0.0,0,0.0,0,0.0,0,0.0,0,2215.4,6,0.0,0,0.0,0,0.0,0,0.0,0
2012-11-14T09:15:58.500,2215.4,2397,2215.4,2,0.0,0,0.0,0,0.0,0,0.0,0,2215.6,4,0.0,0,0.0,0,0.0,0,0.0,0
2012-11-14T09:15:59.000,2215.6,2402,2215.6,1,0.0,0,0.0,0,0.0,0,0.0,0,2215.8,7,0.0,0,0.0,0,0.0,0,0.0,0
2012-11-14T09:15:59.500,2215.6,2404,2215.6,6,0.0,0,0.0,0,0.0,0,0.0,0,2215.8,8,0.0,0,0.0,0,0.0,0,0.0,0
2012-11-14T09:16:00.000,2216,2459,2215.6,5,0.0,0,0.0,0,0.0,0,0.0,0,2216,76,0.0,0,0.0,0,0.0,0,0.0,0
2012-11-14T09:16:00.500,2215.8,2463,2215.6,4,0.0,0,0.0,0,0.0,0,0.0,0,2216,76,0.0,0,0.0,0,0.0,0,0.0,0
2012-11-14T09:16:01.000,2216,2489,2215.4,2,0.0,0,0.0,0,0.0,0,0.0,0,2216,73,0.0,0,0.0,0,0.0,0,0.0,0
2012-11-14T09:16:01.500,2215.8,2497,2215.6,6,0.0,0,0.0,0,0.0,0,0.0,0,2215.8,25,0.0,0,0.0,0,0.0,0,0.0,0
2012-11-14T09:16:02.000,2215.6,2509,2215.4,20,0.0,0,0.0,0,0.0,0,0.0,0,2215.6,4,0.0,0,0.0,0,0.0,0,0.0,0
2012-11-14T09:16:02.500,2215.4,2513,2215.4,18,0.0,0,0.0,0,0.0,0,0.0,0,2215.6,5,0.0,0,0.0,0,0.0,0,0.0,0
2012-11-14T09:16:03.000,2215.4,2530,2215.4,8,0.0,0,0.0,0,0.0,0,0.0,0,2215.6,9,0.0,0,0.0,0,0.0,0,0.0,0
2012-11-14T09:16:03.500,2215.6,2538,2215.4,6,0.0,0,0.0,0,0.0,0,0.0,0,2215.6,20,0.0,0,0.0,0,0.0,0,0.0,0
2012-11-14T09:16:04.000,2215.6,2547,2215.4,5,0.0,0,0.0,0,0.0,0,0.0,0,2215.6,20,0.0,0,0.0,0,0.0,0,0.0,0
2012-11-14T09:16:04.500,2215.6,2552,2215.4,5,0.0,0,0.0,0,0.0,0,0.0,0,2215.6,16,0.0,0,0.0,0,0.0,0,0.0,0
2012-11-14T09:16:05.000,2215.6,2556,2215.4,4,0.0,0,0.0,0,0.0,0,0.0,0,2215.6,3,0.0,0,0.0,0,0.0,0,0.0,0
2012-11-14T09:16:05.500,2215.4,2558,2215.4,9,0.0,0,0.0,0,0.0,0,0.0,0,2215.6,2,0.0,0,0.0,0,0.0,0,0.0,0
2012-11-14T09:16:06.000,2215.8,2561,2215.6,27,0.0,0,0.0,0,0.0,0,0.0,0,2215.8,22,0.0,0,0.0,0,0.0,0,0.0,0
2012-11-14T09:16:06.500,2215.6,2578,2215.6,10,0.0,0,0.0,0,0.0,0,0.0,0,2215.8,23,0.0,0,0.0,0,0.0,0,0.0,0
2012-11-14T09:16:07.000,2215.8,2591,2215.4,9,0.0,0,0.0,0,0.0,0,0.0,0,2215.8,20,0.0,0,0.0,0,0.0,0,0.0,0
2012-11-14T09:16:07.500,2215.8,2593,2215.6,3,0.0,0,0.0,0,0.0,0,0.0,0,2215.8,18,0.0,0,0.0,0,0.0,0,0.0,0
2012-11-14T09:16:08.000,2215.8,2641,2215.2,89,0.0,0,0.0,0,0.0,0,0.0,0,2215.8,16,0.0,0,0.0,0,0.0,0,0.0,0
2012-11-14T09:16:08.500,2215.6,2647,2215.4,1,0.0,0,0.0,0,0.0,0,0.0,0,2215.6,4,0.0,0,0.0,0,0.0,0,0.0,0
2012-11-14T09:16:09.000,2215.2,2649,2215.4,1,0.0,0,0.0,0,0.0,0,0.0,0,2215.6,4,0.0,0,0.0,0,0.0,0,0.0,0
2012-11-14T09:16:09.500,2215.6,2651,2215.4,5,0.0,0,0.0,0,0.0,0,0.0,0,2215.6,3,0.0,0,0.0,0,0.0,0,0.0,0
2012-11-14T09:16:10.250,2215.4,2653,2215.4,6,0.0,0,0.0,0,0.0,0,0.0,0,2215.6,2,0.0,0,0.0,0,0.0,0,0.0,0
2012-11-14T09:16:11.000,2215.6,2671,2215.6,7,0.0,0,0.0,0,0.0,0,0.0,0,2215.8,14,0.0,0,0.0,0,0.0,0,0.0,0
2012-11-14T09:16:11.500,2215.8,2680,2215.6,5,0.0,0,0.0,0,0.0,0,0.0,0,2215.8,17,0.0,0,0.0,0,0.0,0,0.0,0
2012-11-14T09:16:12.000,2215.6,2685,2215.4,30,0.0,0,0.0,0,0.0,0,0.0,0,2215.6,18,0.0,0,0.0,0,0.0,0,0.0,0
2012-11-14T09:16:12.500,2215.6,2694,2215.4,30,0.0,0,0.0,0,0.0,0,0.0,0,2215.6,9,0.0,0,0.0,0,0.0,0,0.0,0
2012-11-14T09:16:13.250,2215.6,2696,2215.4,30,0.0,0,0.0,0,0.0,0,0.0,0,2215.6,8,0.0,0,0.0,0,0.0,0,0.0,0
2012-11-14T09:16:14.000,2215.6,2709,2215.6,11,0.0,0,0.0,0,0.0,0,0.0,0,2215.8,20,0.0,0,0.0,0,0.0,0,0.0,0
2012-11-14T09:16:14.500,2215.6,2710,2215.6,10,0.0,0,0.0,0,0.0,0,0.0,0,2215.8,20,0.0,0,0.0,0,0.0,0,0.0,0
2012-11-14T09:16:15.250,2215.8,2711,2215.6,17,0.0,0,0.0,0,0.0,0,0.0,0,2215.8,24,0.0,0,0.0,0,0.0,0,0.0,0
2012-11-14T09:16:16.250,2215.8,2715,2215.6,17,0.0,0,0.0,0,0.0,0,0.0,0,2215.8,20,0.0,0,0.0,0,0.0,0,0.0,0
2012-11-14T09:16:17.250,2215.6,2716,2215.6,16,0.0,0,0.0,0,0.0,0,0.0,0,2215.8,20,0.0,0,0.0,0,0.0,0,0.0,0
2012-11-14T09:16:18.000,2215.8,2721,2215.6,17,0.0,0,0.0,0,0.0,0,0.0,0,2215.8,16,0.0,0,0.0,0,0.0,0,0.0,0
2012-11-14T09:16:18.500,2215.8,2726,2215.6,15,0.0,0,0.0,0,0.0,0,0.0,0,2215.8,14,0.0,0,0.0,0,0.0,0,0.0,0
2012-11-14T09:16:19.000,2215.8,2739,2215.6,15,0.0,0,0.0,0,0.0,0,0.0,0,2215.8,6,0.0,0,0.0,0,0.0,0,0.0,0
2012-11-14T09:16:19.500,2215.6,2756,2215.4,36,0.0,0,0.0,0,0.0,0,0.0,0,2215.6,59,0.0,0,0.0,0,0.0,0,0.0,0
2012-11-14T09:16:20.000,2215.4,2759,2215.4,34,0.0,0,0.0,0,0.0,0,0.0,0,2215.6,60,0.0,0,0.0,0,0.0,0,0.0,0
2012-11-14T09:16:20.500,2215.6,2765,2215.4,31,0.0,0,0.0,0,0.0,0,0.0,0,2215.6,58,0.0,0,0.0,0,0.0,0,0.0,0
2012-11-14T09:16:21.000,2215.4,2779,2215.4,18,0.0,0,0.0,0,0.0,0,0.0,0,2215.6,57,0.0,0,0.0,0,0.0,0,0.0,0
2012-11-14T09:16:21.500,2215.4,2802,2215.2,109,0.0,0,0.0,0,0.0,0,0.0,0,2215.4,23,0.0,0,0.0,0,0.0,0,0.0,0
2012-11-14T09:16:22.000,2215.4,2824,2215.2,89,0.0,0,0.0,0,0.0,0,0.0,0,2215.4,30,0.0,0,0.0,0,0.0,0,0.0,0
2012-11-14T09:16:22.500,2215.2,2883,2215.2,36,0.0,0,0.0,0,0.0,0,0.0,0,2215.4,23,0.0,0,0.0,0,0.0,0,0.0,0
2012-11-14T09:16:23.000,2215.2,2918,2215,38,0.0,0,0.0,0,0.0,0,0.0,0,2215.2,13,0.0,0,0.0,0,0.0,0,0.0,0
2012-11-14T09:16:23.500,2215,2953,2215,4,0.0,0,0.0,0,0.0,0,0.0,0,2215.2,17,0.0,0,0.0,0,0.0,0,0.0,0
2012-11-14T09:16:24.000,2215,2968,2214.8,2,0.0,0,0.0,0,0.0,0,0.0,0,2215,22,0.0,0,0.0,0,0.0,0,0.0,0
2012-11-14T09:16:24.500,2214.8,2975,2214.8,9,0.0,0,0.0,0,0.0,0,0.0,0,2215,30,0.0,0,0.0,0,0.0,0,0.0,0
2012-11-14T09:16:25.000,2214.6,2988,2214.6,18,0.0,0,0.0,0,0.0,0,0.0,0,2215,44,0.0,0,0.0,0,0.0,0,0.0,0
2012-11-14T09:16:25.500,2215,2997,2214.8,21,0.0,0,0.0,0,0.0,0,0.0,0,2215,43,0.0,0,0.0,0,0.0,0,0.0,0
2012-11-14T09:16:26.000,2215,3028,2214.8,12,0.0,0,0.0,0,0.0,0,0.0,0,2215,24,0.0,0,0.0,0,0.0,0,0.0,0
2012-11-14T09:16:26.500,2214.8,3041,2214.8,20,0.0,0,0.0,0,0.0,0,0.0,0,2215,15,0.0,0,0.0,0,0.0,0,0.0,0
2012-11-14T09:16:27.000,2215.2,3060,2215,56,0.0,0,0.0,0,0.0,0,0.0,0,2215.2,3,0.0,0,0.0,0,0.0,0,0.0,0
2012-11-14T09:16:27.500,2215,3089,2215,33,0.0,0,0.0,0,0.0,0,0.0,0,2215.2,1,0.0,0,0.0,0,0.0,0,0.0,0
2012-11-14T09:16:28.000,2215,3118,2215,13,0.0,0,0.0,0,0.0,0,0.0,0,2215.4,13,0.0,0,0.0,0,0.0,0,0.0,0
2012-11-14T09:16:28.500,2215,3127,2215,6,0.0,0,0.0,0,0.0,0,0.0,0,2215.2,2,0.0,0,0.0,0,0.0,0,0.0,0
2012-11-14T09:16:29.000,2215,3134,2214.8,23,0.0,0,0.0,0,0.0,0,0.0,0,2215,9,0.0,0,0.0,0,0.0,0,0.0,0
2012-11-14T09:16:29.500,2214.8,3144,2214.8,21,0.0,0,0.0,0,0.0,0,0.0,0,2215,7,0.0,0,0.0,0,0.0,0,0.0,0
2012-11-14T09:16:30.000,2214.8,3145,2214.8,21,0.0,0,0.0,0,0.0,0,0.0,0,2215,7,0.0,0,0.0,0,0.0,0,0.0,0
2012-11-14T09:16:30.500,2215,3150,2214.8,21,0.0,0,0.0,0,0.0,0,0.0,0,2215,13,0.0,0,0.0,0,0.0,0,0.0,0
2012-11-14T09:16:31.000,2214.8,3159,2214.8,19,0.0,0,0.0,0,0.0,0,0.0,0,2215,9,0.0,0,0.0,0,0.0,0,0.0,0
2012-11-14T09:16:31.500,2214.8,3163,2214.8,16,0.0,0,0.0,0,0.0,0,0.0,0,2215,25,0.0,0,0.0,0,0.0,0,0.0,0
2012-11-14T09:16:32.000,2215,3181,2214.8,15,0.0,0,0.0,0,0.0,0,0.0,0,2215,8,0.0,0,0.0,0,0.0,0,0.0,0
2012-11-14T09:16:32.500,2214.8,3185,2214.8,13,0.0,0,0.0,0,0.0,0,0.0,0,2215,9,0.0,0,0.0,0,0.0,0,0.0,0
2012-11-14T09:16:33.250,2214.8,3198,2214.6,17,0.0,0,0.0,0,0.0,0,0.0,0,2214.8,4,0.0,0,0.0,0,0.0,0,0.0,0
2012-11-14T09:16:34.000,2214.8,3207,2214.8,12,0.0,0,0.0,0,0.0,0,0.0,0,2215,10,0.0,0,0.0,0,0.0,0,0.0,0
2012-11-14T09:16:34.500,2214.8,3210,2214.8,10,0.0,0,0.0,0,0.0,0,0.0,0,2215,9,0.0,0,0.0,0,0.0,0,0.0,0
2012-11-14T09:16:35.000,2214.8,3217,2214.8,3,0.0,0,0.0,0,0.0,0,0.0,0,2215,10,0.0,0,0.0,0,0.0,0,0.0,0
2012-11-14T09:16:35.500,2214.8,3224,2214.6,15,0.0,0,0.0,0,0.0,0,0.0,0,2214.8,3,0.0,0,0.0,0,0.0,0,0.0,0
2012-11-14T09:16:36.000,2215,3234,2214.8,4,0.0,0,0.0,0,0.0,0,0.0,0,2215,6,0.0,0,0.0,0,0.0,0,0.0,0
2012-11-14T09:16:36.500,2215,3239,2214.6,16,0.0,0,0.0,0,0.0,0,0.0,0,2215,5,0.0,0,0.0,0,0.0,0,0.0,0
2012-11-14T09:16:37.250,2214.6,3241,2214.6,17,0.0,0,0.0,0,0.0,0,0.0,0,2214.8,1,0.0,0,0.0,0,0.0,0,0.0,0
2012-11-14T09:16:38.000,2214.6,3247,2214.6,12,0.0,0,0.0,0,0.0,0,0.0,0,2214.8,3,0.0,0,0.0,0,0.0,0,0.0,0
2012-11-14T09:16:38.500,2214.6,3259,2214.6,1,0.0,0,0.0,0,0.0,0,0.0,0,2214.8,4,0.0,0,0.0,0,0.0,0,0.0,0
2012-11-14T09:16:39.000,2214.6,3265,2214.6,3,0.0,0,0.0,0,0.0,0,0.0,0,2214.8,5,0.0,0,0.0,0,0.0,0,0.0,0
2012-11-14T09:16:39.500,2214.6,3270,2214.4,30,0.0,0,0.0,0,0.0,0,0.0,0,2214.6,1,0.0,0,0.0,0,0.0,0,0.0,0
2012-11-14T09:16:40.000,2214.6,3278,2214.6,5,0.0,0,0.0,0,0.0,0,0.0,0,2214.8,18,0.0,0,0.0,0,0.0,0,0.0,0
2012-11-14T09:16:40.500,2214.8,3286,2214.4,28,0.0,0,0.0,0,0.0,0,0.0,0,2214.8,17,0.0,0,0.0,0,0.0,0,0.0,0
2012-11-14T09:16:41.250,2214.4,3294,2214.4,24,0.0,0,0.0,0,0.0,0,0.0,0,2214.6,12,0.0,0,0.0,0,0.0,0,0.0,0
2012-11-14T09:16:42.000,2214.4,3306,2214.4,14,0.0,0,0.0,0,0.0,0,0.0,0,2214.6,16,0.0,0,0.0,0,0.0,0,0.0,0
2012-11-14T09:16:42.500,2214.6,3348,2214.6,2,0.0,0,0.0,0,0.0,0,0.0,0,2214.8,1,0.0,0,0.0,0,0.0,0,0.0,0
2012-11-14T09:16:43.000,2214.4,3359,2214.2,35,0.0,0,0.0,0,0.0,0,0.0,0,2214.4,9,0.0,0,0.0,0,0.0,0,0.0,0
2012-11-14T09:16:43.500,2214.4,3373,2214.2,31,0.0,0,0.0,0,0.0,0,0.0,0,2214.4,8,0.0,0,0.0,0,0.0,0,0.0,0
2012-11-14T09:16:44.000,2214.4,3385,2214.2,29,0.0,0,0.0,0,0.0,0,0.0,0,2214.4,10,0.0,0,0.0,0,0.0,0,0.0,0
2012-11-14T09:16:44.500,2214.2,3389,2214.2,26,0.0,0,0.0,0,0.0,0,0.0,0,2214.4,12,0.0,0,0.0,0,0.0,0,0.0,0
2012-11-14T09:16:45.000,2214.4,3418,2214.2,26,0.0,0,0.0,0,0.0,0,0.0,0,2214.4,3,0.0,0,0.0,0,0.0,0,0.0,0
2012-11-14T09:16:45.500,2214.2,3427,2214.2,17,0.0,0,0.0,0,0.0,0,0.0,0,2214.4,11,0.0,0,0.0,0,0.0,0,0.0,0
2012-11-14T09:16:46.000,2214.4,3452,2214.4,15,0.0,0,0.0,0,0.0,0,0.0,0,2214.6,5,0.0,0,0.0,0,0.0,0,0.0,0
2012-11-14T09:16:46.500,2214.4,3458,2214.4,9,0.0,0,0.0,0,0.0,0,0.0,0,2214.6,16,0.0,0,0.0,0,0.0,0,0.0,0
2012-11-14T09:16:47.000,2214.4,3462,2214.4,8,0.0,0,0.0,0,0.0,0,0.0,0,2214.6,24,0.0,0,0.0,0,0.0,0,0.0,0
2012-11-14T09:16:47.500,2214.4,3478,2214.2,7,0.0,0,0.0,0,0.0,0,0.0,0,2214.4,11,0.0,0,0.0,0,0.0,0,0.0,0
2012-11-14T09:16:48.000,2214.4,3490,2214.2,2,0.0,0,0.0,0,0.0,0,0.0,0,2214.4,28,0.0,0,0.0,0,0.0,0,0.0,0
2012-11-14T09:16:48.500,2214.2,3492,2214,21,0.0,0,0.0,0,0.0,0,0.0,0,2214.2,24,0.0,0,0.0,0,0.0,0,0.0,0
2012-11-14T09:16:49.000,2214.2,3526,2214,17,0.0,0,0.0,0,0.0,0,0.0,0,2214.2,18,0.0,0,0.0,0,0.0,0,0.0,0
2012-11-14T09:16:49.500,2214,3543,2213.8,23,0.0,0,0.0,0,0.0,0,0.0,0,2214.2,25,0.0,0,0.0,0,0.0,0,0.0,0
2012-11-14T09:16:50.000,2214,3546,2214,7,0.0,0,0.0,0,0.0,0,0.0,0,2214.2,28,0.0,0,0.0,0,0.0,0,0.0,0
2012-11-14T09:16:50.500,2214,3550,2214,7,0.0,0,0.0,0,0.0,0,0.0,0,2214.2,29,0.0,0,0.0,0,0.0,0,0.0,0
2012-11-14T09:16:51.000,2214.4,3586,2214.2,2,0.0,0,0.0,0,0.0,0,0.0,0,2214.4,24,0.0,0,0.0,0,0.0,0,0.0,0
2012-11-14T09:16:51.500,2214.2,3595,2213.8,53,0.0,0,0.0,0,0.0,0,0.0,0,2214.4,21,0.0,0,0.0,0,0.0,0,0.0,0
2012-11-14T09:16:52.000,2214.4,3599,2214,7,0.0,0,0.0,0,0.0,0,0.0,0,2214.4,20,0.0,0,0.0,0,0.0,0,0.0,0
2012-11-14T09:16:52.500,2214,3603,2214,10,0.0,0,0.0,0,0.0,0,0.0,0,2214.4,19,0.0,0,0.0,0,0.0,0,0.0,0
2012-11-14T09:16:53.000,2214.4,3605,2214,42,0.0,0,0.0,0,0.0,0,0.0,0,2214.4,22,0.0,0,0.0,0,0.0,0,0.0,0
2012-11-14T09:16:53.500,2214.4,3609,2214,47,0.0,0,0.0,0,0.0,0,0.0,0,2214.4,20,0.0,0,0.0,0,0.0,0,0.0,0
2012-11-14T09:16:54.000,2214.2,3614,2214.2,4,0.0,0,0.0,0,0.0,0,0.0,0,2214.4,19,0.0,0,0.0,0,0.0,0,0.0,0
2012-11-14T09:16:54.500,2214.2,3616,2214.2,3,0.0,0,0.0,0,0.0,0,0.0,0,2214.4,18,0.0,0,0.0,0,0.0,0,0.0,0
2012-11-14T09:16:55.000,2214.2,3630,2214,51,0.0,0,0.0,0,0.0,0,0.0,0,2214.2,6,0.0,0,0.0,0,0.0,0,0.0,0
2012-11-14T09:16:55.500,2214,3633,2214,49,0.0,0,0.0,0,0.0,0,0.0,0,2214.2,8,0.0,0,0.0,0,0.0,0,0.0,0
2012-11-14T09:16:56.000,2214.2,3638,2214,46,0.0,0,0.0,0,0.0,0,0.0,0,2214.2,2,0.0,0,0.0,0,0.0,0,0.0,0
2012-11-14T09:16:56.500,2214,3639,2214,45,0.0,0,0.0,0,0.0,0,0.0,0,2214.2,4,0.0,0,0.0,0,0.0,0,0.0,0
2012-11-14T09:16:57.000,2214,3642,2214,32,0.0,0,0.0,0,0.0,0,0.0,0,2214.2,3,0.0,0,0.0,0,0.0,0,0.0,0
2012-11-14T09:16:57.500,2214,3643,2214,31,0.0,0,0.0,0,0.0,0,0.0,0,2214.2,3,0.0,0,0.0,0,0.0,0,0.0,0
2012-11-14T09:16:58.000,2214,3646,2214,25,0.0,0,0.0,0,0.0,0,0.0,0,2214.2,8,0.0,0,0.0,0,0.0,0,0.0,0
2012-11-14T09:16:58.500,2214,3650,2214,25,0.0,0,0.0,0,0.0,0,0.0,0,2214.2,12,0.0,0,0.0,0,0.0,0,0.0,0
2012-11-14T09:16:59.000,2214.2,3695,2214,10,0.0,0,0.0,0,0.0,0,0.0,0,2214.2,5,0.0,0,0.0,0,0.0,0,0.0,0
2012-11-14T09:16:59.500,2214,3702,2214,33,0.0,0,0.0,0,0.0,0,0.0,0,2214.2,5,0.0,0,0.0,0,0.0,0,0.0,0
2012-11-14T09:17:00.000,2214,3730,2214,30,0.0,0,0.0,0,0.0,0,0.0,0,2214.2,9,0.0,0,0.0,0,0.0,0,0.0,0
2012-11-14T09:17:00.500,2214.2,3731,2214,32,0.0,0,0.0,0,0.0,0,0.0,0,2214.2,8,0.0,0,0.0,0,0.0,0,0.0,0
2012-11-14T09:17:01.000,2214,3741,2214,36,0.0,0,0.0,0,0.0,0,0.0,0,2214.2,4,0.0,0,0.0,0,0.0,0,0.0,0
2012-11-14T09:17:01.500,2214,3751,2214,26,0.0,0,0.0,0,0.0,0,0.0,0,2214.2,3,0.0,0,0.0,0,0.0,0,0.0,0
2012-11-14T09:17:02.000,2214,3759,2214,20,0.0,0,0.0,0,0.0,0,0.0,0,2214.2,1,0.0,0,0.0,0,0.0,0,0.0,0
2012-11-14T09:17:02.500,2214.2,3760,2214,17,0.0,0,0.0,0,0.0,0,0.0,0,2214.4,34,0.0,0,0.0,0,0.0,0,0.0,0
2012-11-14T09:17:03.000,2214,3766,2214.2,1,0.0,0,0.0,0,0.0,0,0.0,0,2214.4,33,0.0,0,0.0,0,0.0,0,0.0,0
2012-11-14T09:17:03.500,2214.2,3776,2214.2,1,0.0,0,0.0,0,0.0,0,0.0,0,2214.4,33,0.0,0,0.0,0,0.0,0,0.0,0
2012-11-14T09:17:04.000,2214.4,3779,2214.2,1,0.0,0,0.0,0,0.0,0,0.0,0,2214.4,40,0.0,0,0.0,0,0.0,0,0.0,0
2012-11-14T09:17:04.500,2214.4,3782,2214.2,4,0.0,0,0.0,0,0.0,0,0.0,0,2214.4,38,0.0,0,0.0,0,0.0,0,0.0,0
2012-11-14T09:17:05.000,2214.4,3784,2214.2,8,0.0,0,0.0,0,0.0,0,0.0,0,2214.4,36,0.0,0,0.0,0,0.0,0,0.0,0
2012-11-14T09:17:05.500,2214.4,3792,2214.2,11,0.0,0,0.0,0,0.0,0,0.0,0,2214.4,30,0.0,0,0.0,0,0.0,0,0.0,0
2012-11-14T09:17:06.000,2214.4,3798,2214.2,12,0.0,0,0.0,0,0.0,0,0.0,0,2214.4,24,0.0,0,0.0,0,0.0,0,0.0,0
2012-11-14T09:17:06.500,2214.4,3806,2214.2,14,0.0,0,0.0,0,0.0,0,0.0,0,2214.4,16,0.0,0,0.0,0,0.0,0,0.0,0
2012-11-14T09:17:07.000,2214.4,3819,2214.2,16,0.0,0,0.0,0,0.0,0,0.0,0,2214.4,6,0.0,0,0.0,0,0.0,0,0.0,0
2012-11-14T09:17:07.500,2214.4,3828,2214.4,39,0.0,0,0.0,0,0.0,0,0.0,0,2214.6,25,0.0,0,0.0,0,0.0,0,0.0,0
2012-11-14T09:17:08.000,2214.6,3836,2214.4,39,0.0,0,0.0,0,0.0,0,0.0,0,2214.6,20,0.0,0,0.0,0,0.0,0,0.0,0
2012-11-14T09:17:08.500,2214.6,3839,2214.4,40,0.0,0,0.0,0,0.0,0,0.0,0,2214.6,17,0.0,0,0.0,0,0.0,0,0.0,0
2012-11-14T09:17:09.000,2214.6,3843,2214.4,73,0.0,0,0.0,0,0.0,0,0.0,0,2214.6,13,0.0,0,0.0,0,0.0,0,0.0,0
2012-11-14T09:17:09.500,2214.6,3855,2214.4,74,0.0,0,0.0,0,0.0,0,0.0,0,2214.6,4,0.0,0,0.0,0,0.0,0,0.0,0
2012-11-14T09:17:10.000,2214.6,3860,2214.6,11,0.0,0,0.0,0,0.0,0,0.0,0,2214.8,35,0.0,0,0.0,0,0.0,0,0.0,0
2012-11-14T09:17:10.500,2214.8,3861,2214.6,14,0.0,0,0.0,0,0.0,0,0.0,0,2214.8,34,0.0,0,0.0,0,0.0,0,0.0,0
2012-11-14T09:17:11.000,2214.6,3867,2214.6,8,0.0,0,0.0,0,0.0,0,0.0,0,2214.8,34,0.0,0,0.0,0,0.0,0,0.0,0
2012-11-14T09:17:11.500,2214.8,3871,2214.6,8,0.0,0,0.0,0,0.0,0,0.0,0,2214.8,34,0.0,0,0.0,0,0.0,0,0.0,0
2012-11-14T09:17:12.000,2214.8,3873,2214.6,9,0.0,0,0.0,0,0.0,0,0.0,0,2214.8,32,0.0,0,0.0,0,0.0,0,0.0,0
2012-11-14T09:17:12.500,2214.8,3874,2214.6,4,0.0,0,0.0,0,0.0,0,0.0,0,2214.8,22,0.0,0,0.0,0,0.0,0,0.0,0
2012-11-14T09:17:13.000,2214.6,3885,2214.4,104,0.0,0,0.0,0,0.0,0,0.0,0,2214.6,2,0.0,0,0.0,0,0.0,0,0.0,0
2012-11-14T09:17:13.500,2214.8,3891,2214.4,106,0.0,0,0.0,0,0.0,0,0.0,0,2214.8,18,0.0,0,0.0,0,0.0,0,0.0,0
2012-11-14T09:17:14.250,2214.6,3892,2214.4,104,0.0,0,0.0,0,0.0,0,0.0,0,2214.8,18,0.0,0,0.0,0,0.0,0,0.0,0
2012-11-14T09:17:15.000,2214.8,3893,2214.6,1,0.0,0,0.0,0,0.0,0,0.0,0,2214.8,23,0.0,0,0.0,0,0.0,0,0.0,0
2012-11-14T09:17:15.500,2214.8,3895,2214.6,35,0.0,0,0.0,0,0.0,0,0.0,0,2214.8,21,0.0,0,0.0,0,0.0,0,0.0,0
2012-11-14T09:17:16.000,2214.6,3897,2214.6,34,0.0,0,0.0,0,0.0,0,0.0,0,2214.8,20,0.0,0,0.0,0,0.0,0,0.0,0
2012-11-14T09:17:16.500,2214.8,3898,2214.6,35,0.0,0,0.0,0,0.0,0,0.0,0,2214.8,23,0.0,0,0.0,0,0.0,0,0.0,0
2012-11-14T09:17:17.250,2214.8,3921,2214.8,13,0.0,0,0.0,0,0.0,0,0.0,0,2215,42,0.0,0,0.0,0,0.0,0,0.0,0
2012-11-14T09:17:18.000,2214.8,3923,2214.8,13,0.0,0,0.0,0,0.0,0,0.0,0,2215,39,0.0,0,0.0,0,0.0,0,0.0,0
2012-11-14T09:17:18.500,2214.8,3926,2214.8,13,0.0,0,0.0,0,0.0,0,0.0,0,2215,35,0.0,0,0.0,0,0.0,0,0.0,0
2012-11-14T09:17:19.250,2214.8,3927,2214.8,12,0.0,0,0.0,0,0.0,0,0.0,0,2215,36,0.0,0,0.0,0,0.0,0,0.0,0
2012-11-14T09:17:20.000,2214.8,3929,2214.8,10,0.0,0,0.0,0,0.0,0,0.0,0,2215,34,0.0,0,0.0,0,0.0,0,0.0,0
2012-11-14T09:17:20.500,2214.8,3932,2214.8,7,0.0,0,0.0,0,0.0,0,0.0,0,2215,34,0.0,0,0.0,0,0.0,0,0.0,0
2012-11-14T09:17:21.000,2215,3934,2214.8,6,0.0,0,0.0,0,0.0,0,0.0,0,2215,33,0.0,0,0.0,0,0.0,0,0.0,0
2012-11-14T09:17:21.500,2214.8,3936,2214.8,4,0.0,0,0.0,0,0.0,0,0.0,0,2215,37,0.0,0,0.0,0,0.0,0,0.0,0
2012-11-14T09:17:22.000,2214.8,3940,2214.6,39,0.0,0,0.0,0,0.0,0,0.0,0,2214.8,8,0.0,0,0.0,0,0.0,0,0.0,0
2012-11-14T09:17:22.500,2214.8,3941,2214.6,39,0.0,0,0.0,0,0.0,0,0.0,0,2214.8,8,0.0,0,0.0,0,0.0,0,0.0,0
2012-11-14T09:17:23.250,2214.8,3942,2214.6,39,0.0,0,0.0,0,0.0,0,0.0,0,2214.8,9,0.0,0,0.0,0,0.0,0,0.0,0
2012-11-14T09:17:24.000,2214.6,3943,2214.6,40,0.0,0,0.0,0,0.0,0,0.0,0,2214.8,9,0.0,0,0.0,0,0.0,0,0.0,0
2012-11-14T09:17:24.500,2214.8,3952,2214.6,11,0.0,0,0.0,0,0.0,0,0.0,0,2214.8,5,0.0,0,0.0,0,0.0,0,0.0,0
2012-11-14T09:17:25.000,2214.6,3956,2214.6,8,0.0,0,0.0,0,0.0,0,0.0,0,2214.8,10,0.0,0,0.0,0,0.0,0,0.0,0
2012-11-14T09:17:25.500,2214.6,3958,2214.6,6,0.0,0,0.0,0,0.0,0,0.0,0,2214.8,16,0.0,0,0.0,0,0.0,0,0.0,0
2012-11-14T09:17:26.000,2214.6,3963,2214.6,1,0.0,0,0.0,0,0.0,0,0.0,0,2214.8,33,0.0,0,0.0,0,0.0,0,0.0,0
2012-11-14T09:17:26.500,2214.6,3968,2214.4,69,0.0,0,0.0,0,0.0,0,0.0,0,2214.8,70,0.0,0,0.0,0,0.0,0,0.0,0
2012-11-14T09:17:27.000,2214.6,3969,2214.4,68,0.0,0,0.0,0,0.0,0,0.0,0,2214.6,4,0.0,0,0.0,0,0.0,0,0.0,0
2012-11-14T09:17:27.500,2214.6,3971,2214.4,67,0.0,0,0.0,0,0.0,0,0.0,0,2214.6,10,0.0,0,0.0,0,0.0,0,0.0,0
2012-11-14T09:17:28.000,2214.6,3972,2214.4,64,0.0,0,0.0,0,0.0,0,0.0,0,2214.6,15,0.0,0,0.0,0,0.0,0,0.0,0
2012-11-14T09:17:28.500,2214.6,3977,2214.4,64,0.0,0,0.0,0,0.0,0,0.0,0,2214.6,11,0.0,0,0.0,0,0.0,0,0.0,0
2012-11-14T09:17:29.000,2214.6,3979,2214.4,63,0.0,0,0.0,0,0.0,0,0.0,0,2214.6,11,0.0,0,0.0,0,0.0,0,0.0,0
2012-11-14T09:17:29.500,2214.6,3980,2214.4,63,0.0,0,0.0,0,0.0,0,0.0,0,2214.6,26,0.0,0,0.0,0,0.0,0,0.0,0
2012-11-14T09:17:30.000,2214.6,3982,2214.4,63,0.0,0,0.0,0,0.0,0,0.0,0,2214.6,23,0.0,0,0.0,0,0.0,0,0.0,0
2012-11-14T09:17:30.500,2214.4,3983,2214.4,64,0.0,0,0.0,0,0.0,0,0.0,0,2214.6,23,0.0,0,0.0,0,0.0,0,0.0,0
2012-11-14T09:17:31.000,2214.6,3989,2214.4,62,0.0,0,0.0,0,0.0,0,0.0,0,2214.6,21,0.0,0,0.0,0,0.0,0,0.0,0
2012-11-14T09:17:31.500,2214.6,3994,2214.4,61,0.0,0,0.0,0,0.0,0,0.0,0,2214.6,17,0.0,0,0.0,0,0.0,0,0.0,0
2012-11-14T09:17:32.250,2214.4,3995,2214.4,60,0.0,0,0.0,0,0.0,0,0.0,0,2214.6,17,0.0,0,0.0,0,0.0,0,0.0,0
2012-11-14T09:17:33.250,2214.4,4025,2214.4,32,0.0,0,0.0,0,0.0,0,0.0,0,2214.6,17,0.0,0,0.0,0,0.0,0,0.0,0
2012-11-14T09:17:34.250,2214.4,4037,2214.4,22,0.0,0,0.0,0,0.0,0,0.0,0,2214.6,16,0.0,0,0.0,0,0.0,0,0.0,0
2012-11-14T09:17:35.000,2214.6,4038,2214.4,22,0.0,0,0.0,0,0.0,0,0.0,0,2214.6,15,0.0,0,0.0,0,0.0,0,0.0,0
2012-11-14T09:17:35.500,2214.6,4045,2214.4,22,0.0,0,0.0,0,0.0,0,0.0,0,2214.6,8,0.0,0,0.0,0,0.0,0,0.0,0
2012-11-14T09:17:38.250,2214.6,4050,2214.4,24,0.0,0,0.0,0,0.0,0,0.0,0,2214.6,11,0.0,0,0.0,0,0.0,0,0.0,0
2012-11-14T09:17:39.000,2214.4,4059,2214.4,15,0.0,0,0.0,0,0.0,0,0.0,0,2214.6,12,0.0,0,0.0,0,0.0,0,0.0,0
2012-11-14T09:17:39.500,2214.4,4062,2214.4,12,0.0,0,0.0,0,0.0,0,0.0,0,2214.6,12,0.0,0,0.0,0,0.0,0,0.0,0
2012-11-14T09:17:40.000,2214.4,4071,2214.4,3,0.0,0,0.0,0,0.0,0,0.0,0,2214.6,12,0.0,0,0.0,0,0.0,0,0.0,0
2012-11-14T09:17:40.500,2214.2,4086,2214.2,52,0.0,0,0.0,0,0.0,0,0.0,0,2214.6,12,0.0,0,0.0,0,0.0,0,0.0,0
2012-11-14T09:17:41.000,2214.2,4090,2214.2,49,0.0,0,0.0,0,0.0,0,0.0,0,2214.6,14,0.0,0,0.0,0,0.0,0,0.0,0
2012-11-14T09:17:41.500,2214.2,4098,2214.2,39,0.0,0,0.0,0,0.0,0,0.0,0,2214.6,17,0.0,0,0.0,0,0.0,0,0.0,0
2012-11-14T09:17:42.250,2214.2,4110,2214.2,35,0.0,0,0.0,0,0.0,0,0.0,0,2214.4,1,0.0,0,0.0,0,0.0,0,0.0,0
2012-11-14T09:17:43.000,2214.4,4117,2214.2,29,0.0,0,0.0,0,0.0,0,0.0,0,2214.4,6,0.0,0,0.0,0,0.0,0,0.0,0
2012-11-14T09:17:43.500,2214.4,4120,2214.2,29,0.0,0,0.0,0,0.0,0,0.0,0,2214.4,5,0.0,0,0.0,0,0.0,0,0.0,0
2012-11-14T09:17:44.000,2214.2,4126,2214.2,25,0.0,0,0.0,0,0.0,0,0.0,0,2214.4,6,0.0,0,0.0,0,0.0,0,0.0,0
2012-11-14T09:17:44.500,2214.2,4151,2214,25,0.0,0,0.0,0,0.0,0,0.0,0,2214.2,17,0.0,0,0.0,0,0.0,0,0.0,0
2012-11-14T09:17:45.000,2214,4168,2214,24,0.0,0,0.0,0,0.0,0,0.0,0,2214.2,4,0.0,0,0.0,0,0.0,0,0.0,0
2012-11-14T09:17:45.500,2214,4173,2214,20,0.0,0,0.0,0,0.0,0,0.0,0,2214.2,2,0.0,0,0.0,0,0.0,0,0.0,0
2012-11-14T09:17:46.000,2214.4,4183,2214.2,12,0.0,0,0.0,0,0.0,0,0.0,0,2214.4,4,0.0,0,0.0,0,0.0,0,0.0,0
2012-11-14T09:17:46.500,2214.2,4184,2214.2,18,0.0,0,0.0,0,0.0,0,0.0,0,2214.4,5,0.0,0,0.0,0,0.0,0,0.0,0
2012-11-14T09:17:47.000,2214.4,4186,2214.2,20,0.0,0,0.0,0,0.0,0,0.0,0,2214.4,3,0.0,0,0.0,0,0.0,0,0.0,0
2012-11-14T09:17:47.500,2214.2,4189,2214.2,18,0.0,0,0.0,0,0.0,0,0.0,0,2214.4,1,0.0,0,0.0,0,0.0,0,0.0,0
2012-11-14T09:17:48.000,2214.2,4196,2214.2,11,0.0,0,0.0,0,0.0,0,0.0,0,2214.6,10,0.0,0,0.0,0,0.0,0,0.0,0
2012-11-14T09:17:48.500,2214.2,4198,2214.4,1,0.0,0,0.0,0,0.0,0,0.0,0,2214.6,11,0.0,0,0.0,0,0.0,0,0.0,0
2012-11-14T09:17:49.000,2214.2,4201,2214.2,12,0.0,0,0.0,0,0.0,0,0.0,0,2214.6,11,0.0,0,0.0,0,0.0,0,0.0,0
2012-11-14T09:17:49.500,2214.2,4202,2214.2,11,0.0,0,0.0,0,0.0,0,0.0,0,2214.4,1,0.0,0,0.0,0,0.0,0,0.0,0
2012-11-14T09:17:50.000,2214.2,4211,2214.2,4,0.0,0,0.0,0,0.0,0,0.0,0,2214.6,11,0.0,0,0.0,0,0.0,0,0.0,0
2012-11-14T09:17:50.500,2214.6,4213,2214.2,4,0.0,0,0.0,0,0.0,0,0.0,0,2214.6,10,0.0,0,0.0,0,0.0,0,0.0,0
2012-11-14T09:17:51.250,2214.6,4215,2214.4,14,0.0,0,0.0,0,0.0,0,0.0,0,2214.6,18,0.0,0,0.0,0,0.0,0,0.0,0
2012-11-14T09:17:52.000,2214.4,4217,2214.4,14,0.0,0,0.0,0,0.0,0,0.0,0,2214.6,9,0.0,0,0.0,0,0.0,0,0.0,0
2012-11-14T09:17:52.500,2214.4,4218,2214.4,13,0.0,0,0.0,0,0.0,0,0.0,0,2214.6,7,0.0,0,0.0,0,0.0,0,0.0,0
2012-11-14T09:17:53.250,2214.4,4233,2214.2,7,0.0,0,0.0,0,0.0,0,0.0,0,2214.4,5,0.0,0,0.0,0,0.0,0,0.0,0
2012-11-14T09:17:54.250,2214.4,4234,2214.2,7,0.0,0,0.0,0,0.0,0,0.0,0,2214.4,6,0.0,0,0.0,0,0.0,0,0.0,0
2012-11-14T09:17:55.000,2214.2,4236,2214.2,5,0.0,0,0.0,0,0.0,0,0.0,0,2214.4,7,0.0,0,0.0,0,0.0,0,0.0,0
2012-11-14T09:17:55.500,2214.4,4241,2214.2,5,0.0,0,0.0,0,0.0,0,0.0,0,2214.4,2,0.0,0,0.0,0,0.0,0,0.0,0
2012-11-14T09:17:56.000,2214.4,4242,2214.2,5,0.0,0,0.0,0,0.0,0,0.0,0,2214.4,5,0.0,0,0.0,0,0.0,0,0.0,0
2012-11-14T09:17:56.500,2214.2,4245,2214.2,2,0.0,0,0.0,0,0.0,0,0.0,0,2214.4,5,0.0,0,0.0,0,0.0,0,0.0,0
2012-11-14T09:17:57.000,2214.2,4247,2214,21,0.0,0,0.0,0,0.0,0,0.0,0,2214.2,1,0.0,0,0.0,0,0.0,0,0.0,0
2012-11-14T09:17:57.500,2215,4347,2214.2,1,0.0,0,0.0,0,0.0,0,0.0,0,2214.4,1,0.0,0,0.0,0,0.0,0,0.0,0
2012-11-14T09:17:58.000,2215,4348,2214.2,1,0.0,0,0.0,0,0.0,0,0.0,0,2214.4,9,0.0,0,0.0,0,0.0,0,0.0,0
2012-11-14T09:17:58.500,2214,4350,2214,33,0.0,0,0.0,0,0.0,0,0.0,0,2214.4,10,0.0,0,0.0,0,0.0,0,0.0,0
2012-11-14T09:18:00.000,2214.2,4351,2214.2,1,0.0,0,0.0,0,0.0,0,0.0,0,2214.4,11,0.0,0,0.0,0,0.0,0,0.0,0
2012-11-14T09:18:00.500,2214.2,4359,2214.2,5,0.0,0,0.0,0,0.0,0,0.0,0,2214.4,4,0.0,0,0.0,0,0.0,0,0.0,0
2012-11-14T09:18:01.250,2214,4375,2214.2,8,0.0,0,0.0,0,0.0,0,0.0,0,2214.4,1,0.0,0,0.0,0,0.0,0,0.0,0
2012-11-14T09:18:03.000,2214.4,4382,2214.2,9,0.0,0,0.0,0,0.0,0,0.0,0,2214.4,1,0.0,0,0.0,0,0.0,0,0.0,0
2012-11-14T09:18:03.500,2214.2,4387,2214.2,4,0.0,0,0.0,0,0.0,0,0.0,0,2214.4,1,0.0,0,0.0,0,0.0,0,0.0,0
2012-11-14T09:18:04.000,2214.2,4388,2214.2,3,0.0,0,0.0,0,0.0,0,0.0,0,2214.4,2,0.0,0,0.0,0,0.0,0,0.0,0
2012-11-14T09:18:04.500,2214.4,4392,2214.2,2,0.0,0,0.0,0,0.0,0,0.0,0,2214.4,4,0.0,0,0.0,0,0.0,0,0.0,0
2012-11-14T09:18:05.000,2214.4,4395,2214.2,1,0.0,0,0.0,0,0.0,0,0.0,0,2214.4,2,0.0,0,0.0,0,0.0,0,0.0,0
2012-11-14T09:18:05.500,2214.4,4396,2214.2,1,0.0,0,0.0,0,0.0,0,0.0,0,2214.4,5,0.0,0,0.0,0,0.0,0,0.0,0
2012-11-14T09:18:06.000,2214.2,4398,2214,13,0.0,0,0.0,0,0.0,0,0.0,0,2214.4,4,0.0,0,0.0,0,0.0,0,0.0,0
2012-11-14T09:18:06.500,2214,4399,2214,13,0.0,0,0.0,0,0.0,0,0.0,0,2214.2,2,0.0,0,0.0,0,0.0,0,0.0,0
2012-11-14T09:18:07.000,2214,4400,2214,12,0.0,0,0.0,0,0.0,0,0.0,0,2214.2,7,0.0,0,0.0,0,0.0,0,0.0,0
2012-11-14T09:18:07.500,2214.2,4401,2214,12,0.0,0,0.0,0,0.0,0,0.0,0,2214.2,7,0.0,0,0.0,0,0.0,0,0.0,0
2012-11-14T09:18:08.000,2214.2,4402,2214,12,0.0,0,0.0,0,0.0,0,0.0,0,2214.2,6,0.0,0,0.0,0,0.0,0,0.0,0
2012-11-14T09:18:08.500,2214,4403,2214,14,0.0,0,0.0,0,0.0,0,0.0,0,2214.2,9,0.0,0,0.0,0,0.0,0,0.0,0
2012-11-14T09:18:09.000,2214,4406,2214,13,0.0,0,0.0,0,0.0,0,0.0,0,2214.2,7,0.0,0,0.0,0,0.0,0,0.0,0
2012-11-14T09:18:09.500,2214,4407,2214,12,0.0,0,0.0,0,0.0,0,0.0,0,2214.2,7,0.0,0,0.0,0,0.0,0,0.0,0
2012-11-14T09:18:10.000,2214,4409,2214,11,0.0,0,0.0,0,0.0,0,0.0,0,2214.2,6,0.0,0,0.0,0,0.0,0,0.0,0
2012-11-14T09:18:10.500,2214,4411,2214,9,0.0,0,0.0,0,0.0,0,0.0,0,2214.2,7,0.0,0,0.0,0,0.0,0,0.0,0
2012-11-14T09:18:11.000,2214.2,4421,2213.8,44,0.0,0,0.0,0,0.0,0,0.0,0,2214.2,6,0.0,0,0.0,0,0.0,0,0.0,0
2012-11-14T09:18:11.500,2213.8,4422,2213.8,43,0.0,0,0.0,0,0.0,0,0.0,0,2214.2,8,0.0,0,0.0,0,0.0,0,0.0,0
2012-11-14T09:18:12.000,2213.8,4427,2213.8,40,0.0,0,0.0,0,0.0,0,0.0,0,2214,2,0.0,0,0.0,0,0.0,0,0.0,0
2012-11-14T09:18:12.500,2213.8,4431,2213.8,37,0.0,0,0.0,0,0.0,0,0.0,0,2214,2,0.0,0,0.0,0,0.0,0,0.0,0
2012-11-14T09:18:13.000,2213.8,4443,2213.8,27,0.0,0,0.0,0,0.0,0,0.0,0,2214.2,23,0.0,0,0.0,0,0.0,0,0.0,0
2012-11-14T09:18:13.500,2213.8,4451,2213.8,20,0.0,0,0.0,0,0.0,0,0.0,0,2214,2,0.0,0,0.0,0,0.0,0,0.0,0
2012-11-14T09:18:14.000,2214,4456,2214,28,0.0,0,0.0,0,0.0,0,0.0,0,2214.2,23,0.0,0,0.0,0,0.0,0,0.0,0
2012-11-14T09:18:14.500,2214,4462,2214,22,0.0,0,0.0,0,0.0,0,0.0,0,2214.2,23,0.0,0,0.0,0,0.0,0,0.0,0
2012-11-14T09:18:15.000,2214,4469,2214,16,0.0,0,0.0,0,0.0,0,0.0,0,2214.2,21,0.0,0,0.0,0,0.0,0,0.0,0
2012-11-14T09:18:15.500,2214,4471,2214,14,0.0,0,0.0,0,0.0,0,0.0,0,2214.2,17,0.0,0,0.0,0,0.0,0,0.0,0
2012-11-14T09:18:16.250,2214,4472,2214,14,0.0,0,0.0,0,0.0,0,0.0,0,2214.2,17,0.0,0,0.0,0,0.0,0,0.0,0
2012-11-14T09:18:18.000,2214.2,4473,2214,14,0.0,0,0.0,0,0.0,0,0.0,0,2214.2,16,0.0,0,0.0,0,0.0,0,0.0,0
2012-11-14T09:18:18.500,2214,4474,2214,18,0.0,0,0.0,0,0.0,0,0.0,0,2214.2,16,0.0,0,0.0,0,0.0,0,0.0,0
2012-11-14T09:18:19.000,2214,4477,2214,15,0.0,0,0.0,0,0.0,0,0.0,0,2214.2,16,0.0,0,0.0,0,0.0,0,0.0,0
2012-11-14T09:18:19.500,2214.2,4479,2214,15,0.0,0,0.0,0,0.0,0,0.0,0,2214.2,14,0.0,0,0.0,0,0.0,0,0.0,0
2012-11-14T09:18:20.250,2214,4481,2214,13,0.0,0,0.0,0,0.0,0,0.0,0,2214.2,15,0.0,0,0.0,0,0.0,0,0.0,0
2012-11-14T09:18:21.250,2214.2,4491,2214,14,0.0,0,0.0,0,0.0,0,0.0,0,2214.2,6,0.0,0,0.0,0,0.0,0,0.0,0
2012-11-14T09:18:22.000,2214.2,4497,2214.2,3,0.0,0,0.0,0,0.0,0,0.0,0,2214.4,12,0.0,0,0.0,0,0.0,0,0.0,0
2012-11-14T09:18:22.500,2214,4507,2214.2,1,0.0,0,0.0,0,0.0,0,0.0,0,2214.4,12,0.0,0,0.0,0,0.0,0,0.0,0
2012-11-14T09:18:24.250,2214.2,4511,2214,9,0.0,0,0.0,0,0.0,0,0.0,0,2214.2,10,0.0,0,0.0,0,0.0,0,0.0,0
2012-11-14T09:18:25.000,2214.2,4525,2214,7,0.0,0,0.0,0,0.0,0,0.0,0,2214.2,1,0.0,0,0.0,0,0.0,0,0.0,0
2012-11-14T09:18:25.500,2214.2,4526,2214,8,0.0,0,0.0,0,0.0,0,0.0,0,2214.2,4,0.0,0,0.0,0,0.0,0,0.0,0
2012-11-14T09:18:26.000,2214.2,4527,2214,8,0.0,0,0.0,0,0.0,0,0.0,0,2214.2,3,0.0,0,0.0,0,0.0,0,0.0,0
2012-11-14T09:18:26.500,2214.2,4530,2214,7,0.0,0,0.0,0,0.0,0,0.0,0,2214.2,2,0.0,0,0.0,0,0.0,0,0.0,0
2012-11-14T09:18:27.000,2214.2,4533,2214.2,18,0.0,0,0.0,0,0.0,0,0.0,0,2214.4,12,0.0,0,0.0,0,0.0,0,0.0,0
2012-11-14T09:18:27.500,2214.4,4534,2214.2,19,0.0,0,0.0,0,0.0,0,0.0,0,2214.4,11,0.0,0,0.0,0,0.0,0,0.0,0
2012-11-14T09:18:28.000,2214.4,4539,2214.2,17,0.0,0,0.0,0,0.0,0,0.0,0,2214.4,8,0.0,0,0.0,0,0.0,0,0.0,0
2012-11-14T09:18:28.500,2214.4,4549,2214.4,30,0.0,0,0.0,0,0.0,0,0.0,0,2214.6,12,0.0,0,0.0,0,0.0,0,0.0,0
2012-11-14T09:18:29.000,2214.4,4559,2214.4,20,0.0,0,0.0,0,0.0,0,0.0,0,2214.6,12,0.0,0,0.0,0,0.0,0,0.0,0
2012-11-14T09:18:29.500,2214.6,4561,2214.4,19,0.0,0,0.0,0,0.0,0,0.0,0,2214.6,10,0.0,0,0.0,0,0.0,0,0.0,0
2012-11-14T09:18:30.000,2214.4,4564,2214.4,19,0.0,0,0.0,0,0.0,0,0.0,0,2214.6,10,0.0,0,0.0,0,0.0,0,0.0,0
2012-11-14T09:18:30.500,2214.6,4569,2214.4,20,0.0,0,0.0,0,0.0,0,0.0,0,2214.6,5,0.0,0,0.0,0,0.0,0,0.0,0
2012-11-14T09:18:31.000,2214.6,4570,2214.4,20,0.0,0,0.0,0,0.0,0,0.0,0,2214.6,4,0.0,0,0.0,0,0.0,0,0.0,0
2012-11-14T09:18:31.500,2214.6,4571,2214.4,20,0.0,0,0.0,0,0.0,0,0.0,0,2214.6,3,0.0,0,0.0,0,0.0,0,0.0,0
2012-11-14T09:18:32.000,2214.8,4575,2214.6,48,0.0,0,0.0,0,0.0,0,0.0,0,2214.8,28,0.0,0,0.0,0,0.0,0,0.0,0
2012-11-14T09:18:32.500,2214.8,4577,2214.6,48,0.0,0,0.0,0,0.0,0,0.0,0,2214.8,27,0.0,0,0.0,0,0.0,0,0.0,0
2012-11-14T09:18:33.000,2214.8,4583,2214.6,48,0.0,0,0.0,0,0.0,0,0.0,0,2214.8,22,0.0,0,0.0,0,0.0,0,0.0,0
2012-11-14T09:18:33.500,2214.8,4605,2214.8,58,0.0,0,0.0,0,0.0,0,0.0,0,2215,16,0.0,0,0.0,0,0.0,0,0.0,0
2012-11-14T09:18:34.000,2214.8,4626,2214.8,42,0.0,0,0.0,0,0.0,0,0.0,0,2215,12,0.0,0,0.0,0,0.0,0,0.0,0
2012-11-14T09:18:34.500,2215,4633,2214.8,44,0.0,0,0.0,0,0.0,0,0.0,0,2215,5,0.0,0,0.0,0,0.0,0,0.0,0
2012-11-14T09:18:35.000,2215,4639,2214.8,44,0.0,0,0.0,0,0.0,0,0.0,0,2215.2,15,0.0,0,0.0,0,0.0,0,0.0,0
2012-11-14T09:18:35.500,2215.2,4643,2215,7,0.0,0,0.0,0,0.0,0,0.0,0,2215.2,13,0.0,0,0.0,0,0.0,0,0.0,0
2012-11-14T09:18:36.000,2215,4660,2214.8,43,0.0,0,0.0,0,0.0,0,0.0,0,2215,51,0.0,0,0.0,0,0.0,0,0.0,0
2012-11-14T09:18:36.500,2214.8,4692,2214.8,16,0.0,0,0.0,0,0.0,0,0.0,0,2215,21,0.0,0,0.0,0,0.0,0,0.0,0
2012-11-14T09:18:37.000,2215,4700,2214.8,15,0.0,0,0.0,0,0.0,0,0.0,0,2215,14,0.0,0,0.0,0,0.0,0,0.0,0
2012-11-14T09:18:37.500,2215,4714,2215,7,0.0,0,0.0,0,0.0,0,0.0,0,2215.2,9,0.0,0,0.0,0,0.0,0,0.0,0
2012-11-14T09:18:38.000,2215,4721,2215,6,0.0,0,0.0,0,0.0,0,0.0,0,2215.2,5,0.0,0,0.0,0,0.0,0,0.0,0
2012-11-14T09:18:38.500,2215.2,4726,2215.2,1,0.0,0,0.0,0,0.0,0,0.0,0,2215.4,16,0.0,0,0.0,0,0.0,0,0.0,0
2012-11-14T09:18:39.000,2215.2,4731,2215,20,0.0,0,0.0,0,0.0,0,0.0,0,2215.2,12,0.0,0,0.0,0,0.0,0,0.0,0
2012-11-14T09:18:39.500,2215.2,4752,2215.2,2,0.0,0,0.0,0,0.0,0,0.0,0,2215.4,10,0.0,0,0.0,0,0.0,0,0.0,0
2012-11-14T09:18:40.000,2215.2,4762,2215,12,0.0,0,0.0,0,0.0,0,0.0,0,2215.2,10,0.0,0,0.0,0,0.0,0,0.0,0
2012-11-14T09:18:40.500,2215.2,4767,2215,8,0.0,0,0.0,0,0.0,0,0.0,0,2215.2,6,0.0,0,0.0,0,0.0,0,0.0,0
2012-11-14T09:18:41.000,2214.8,4783,2214.8,17,0.0,0,0.0,0,0.0,0,0.0,0,2215.2,4,0.0,0,0.0,0,0.0,0,0.0,0
2012-11-14T09:18:41.500,2215.2,4784,2215,1,0.0,0,0.0,0,0.0,0,0.0,0,2215.2,6,0.0,0,0.0,0,0.0,0,0.0,0
2012-11-14T09:18:42.000,2215,4787,2214.8,17,0.0,0,0.0,0,0.0,0,0.0,0,2215,5,0.0,0,0.0,0,0.0,0,0.0,0
2012-11-14T09:18:42.500,2215,4792,2215,1,0.0,0,0.0,0,0.0,0,0.0,0,2215.2,6,0.0,0,0.0,0,0.0,0,0.0,0
2012-11-14T09:18:43.000,2215.2,4798,2215,1,0.0,0,0.0,0,0.0,0,0.0,0,2215.2,2,0.0,0,0.0,0,0.0,0,0.0,0
2012-11-14T09:18:43.500,2215,4801,2214.8,18,0.0,0,0.0,0,0.0,0,0.0,0,2215.4,7,0.0,0,0.0,0,0.0,0,0.0,0
2012-11-14T09:18:44.000,2215,4803,2214.8,18,0.0,0,0.0,0,0.0,0,0.0,0,2215.4,8,0.0,0,0.0,0,0.0,0,0.0,0
2012-11-14T09:18:44.500,2215,4804,2215,6,0.0,0,0.0,0,0.0,0,0.0,0,2215.2,7,0.0,0,0.0,0,0.0,0,0.0,0
2012-11-14T09:18:45.000,2215,4807,2215,17,0.0,0,0.0,0,0.0,0,0.0,0,2215.2,7,0.0,0,0.0,0,0.0,0,0.0,0
2012-11-14T09:18:45.500,2215,4823,2215,14,0.0,0,0.0,0,0.0,0,0.0,0,2215.2,23,0.0,0,0.0,0,0.0,0,0.0,0
2012-11-14T09:18:46.000,2215.2,4825,2215,15,0.0,0,0.0,0,0.0,0,0.0,0,2215.2,25,0.0,0,0.0,0,0.0,0,0.0,0
2012-11-14T09:18:46.500,2215.2,4832,2215,14,0.0,0,0.0,0,0.0,0,0.0,0,2215.2,19,0.0,0,0.0,0,0.0,0,0.0,0
2012-11-14T09:18:47.000,2215,4837,2215,10,0.0,0,0.0,0,0.0,0,0.0,0,2215.2,19,0.0,0,0.0,0,0.0,0,0.0,0
2012-11-14T09:18:47.500,2215,4840,2215,7,0.0,0,0.0,0,0.0,0,0.0,0,2215.2,20,0.0,0,0.0,0,0.0,0,0.0,0
2012-11-14T09:18:48.250,2215,4845,2215,9,0.0,0,0.0,0,0.0,0,0.0,0,2215.2,21,0.0,0,0.0,0,0.0,0,0.0,0
2012-11-14T09:18:49.000,2215.2,4857,2215,4,0.0,0,0.0,0,0.0,0,0.0,0,2215.2,14,0.0,0,0.0,0,0.0,0,0.0,0
2012-11-14T09:18:49.500,2215,4860,2215,1,0.0,0,0.0,0,0.0,0,0.0,0,2215.2,15,0.0,0,0.0,0,0.0,0,0.0,0
2012-11-14T09:18:50.000,2215.2,4862,2215,1,0.0,0,0.0,0,0.0,0,0.0,0,2215.2,13,0.0,0,0.0,0,0.0,0,0.0,0
2012-11-14T09:18:50.500,2215,4867,2215,1,0.0,0,0.0,0,0.0,0,0.0,0,2215.2,10,0.0,0,0.0,0,0.0,0,0.0,0
2012-11-14T09:18:51.000,2215.2,4879,2215.2,3,0.0,0,0.0,0,0.0,0,0.0,0,2215.4,21,0.0,0,0.0,0,0.0,0,0.0,0
2012-11-14T09:18:51.500,2215,4890,2214.8,12,0.0,0,0.0,0,0.0,0,0.0,0,2215,7,0.0,0,0.0,0,0.0,0,0.0,0
2012-11-14T09:18:52.000,2215,4894,2214.8,13,0.0,0,0.0,0,0.0,0,0.0,0,2215,6,0.0,0,0.0,0,0.0,0,0.0,0
2012-11-14T09:18:52.500,2215,4895,2214.8,13,0.0,0,0.0,0,0.0,0,0.0,0,2215,5,0.0,0,0.0,0,0.0,0,0.0,0
2012-11-14T09:18:53.250,2215,4896,2214.8,13,0.0,0,0.0,0,0.0,0,0.0,0,2215,4,0.0,0,0.0,0,0.0,0,0.0,0
2012-11-14T09:18:54.000,2215,4897,2214.8,13,0.0,0,0.0,0,0.0,0,0.0,0,2215,4,0.0,0,0.0,0,0.0,0,0.0,0
2012-11-14T09:18:54.500,2214.8,4898,2214.8,12,0.0,0,0.0,0,0.0,0,0.0,0,2215,4,0.0,0,0.0,0,0.0,0,0.0,0
2012-11-14T09:18:55.250,2215.2,4906,2215,1,0.0,0,0.0,0,0.0,0,0.0,0,2215.2,2,0.0,0,0.0,0,0.0,0,0.0,0
2012-11-14T09:18:56.250,2215.2,4907,2215,12,0.0,0,0.0,0,0.0,0,0.0,0,2215.2,11,0.0,0,0.0,0,0.0,0,0.0,0
2012-11-14T09:18:57.000,2215,4910,2215,10,0.0,0,0.0,0,0.0,0,0.0,0,2215.2,11,0.0,0,0.0,0,0.0,0,0.0,0
2012-11-14T09:18:57.500,2215.2,4912,2215,10,0.0,0,0.0,0,0.0,0,0.0,0,2215.2,12,0.0,0,0.0,0,0.0,0,0.0,0
2012-11-14T09:18:58.000,2215,4914,2215,10,0.0,0,0.0,0,0.0,0,0.0,0,2215.2,12,0.0,0,0.0,0,0.0,0,0.0,0
2012-11-14T09:18:58.500,2215,4919,2215,6,0.0,0,0.0,0,0.0,0,0.0,0,2215.2,12,0.0,0,0.0,0,0.0,0,0.0,0
2012-11-14T09:18:59.000,2214.8,4932,2215,1,0.0,0,0.0,0,0.0,0,0.0,0,2215.2,12,0.0,0,0.0,0,0.0,0,0.0,0
2012-11-14T09:18:59.500,2215,4933,2214.8,3,0.0,0,0.0,0,0.0,0,0.0,0,2215,4,0.0,0,0.0,0,0.0,0,0.0,0
2012-11-14T09:19:00.000,2215,4935,2214.8,3,0.0,0,0.0,0,0.0,0,0.0,0,2215,2,0.0,0,0.0,0,0.0,0,0.0,0
2012-11-14T09:19:00.500,2215,4938,2215,1,0.0,0,0.0,0,0.0,0,0.0,0,2215.2,13,0.0,0,0.0,0,0.0,0,0.0,0
2012-11-14T09:19:01.000,2215.2,4949,2215,1,0.0,0,0.0,0,0.0,0,0.0,0,2215.2,2,0.0,0,0.0,0,0.0,0,0.0,0
2012-11-14T09:19:01.500,2215,4951,2215,4,0.0,0,0.0,0,0.0,0,0.0,0,2215.2,2,0.0,0,0.0,0,0.0,0,0.0,0
2012-11-14T09:19:02.000,2215.2,4952,2215,4,0.0,0,0.0,0,0.0,0,0.0,0,2215.2,1,0.0,0,0.0,0,0.0,0,0.0,0
2012-11-14T09:19:02.500,2215.2,4955,2215,2,0.0,0,0.0,0,0.0,0,0.0,0,2215.4,19,0.0,0,0.0,0,0.0,0,0.0,0
2012-11-14T09:19:03.250,2215.2,4958,2215,13,0.0,0,0.0,0,0.0,0,0.0,0,2215.2,2,0.0,0,0.0,0,0.0,0,0.0,0
2012-11-14T09:19:04.000,2215.2,4960,2215.2,2,0.0,0,0.0,0,0.0,0,0.0,0,2215.4,19,0.0,0,0.0,0,0.0,0,0.0,0
2012-11-14T09:19:04.500,2215.2,4961,2215.2,3,0.0,0,0.0,0,0.0,0,0.0,0,2215.4,19,0.0,0,0.0,0,0.0,0,0.0,0
2012-11-14T09:19:05.000,2215.2,4964,2215,13,0.0,0,0.0,0,0.0,0,0.0,0,2215.2,5,0.0,0,0.0,0,0.0,0,0.0,0
2012-11-14T09:19:05.500,2215,4968,2215,15,0.0,0,0.0,0,0.0,0,0.0,0,2215.2,4,0.0,0,0.0,0,0.0,0,0.0,0
2012-11-14T09:19:06.250,2215.2,4971,2215,14,0.0,0,0.0,0,0.0,0,0.0,0,2215.2,3,0.0,0,0.0,0,0.0,0,0.0,0
2012-11-14T09:19:07.000,2215.2,4973,2215,14,0.0,0,0.0,0,0.0,0,0.0,0,2215.2,2,0.0,0,0.0,0,0.0,0,0.0,0
2012-11-14T09:19:07.500,2215.2,4975,2215,14,0.0,0,0.0,0,0.0,0,0.0,0,2215.4,24,0.0,0,0.0,0,0.0,0,0.0,0
2012-11-14T09:19:08.250,2215.2,4987,2215,15,0.0,0,0.0,0,0.0,0,0.0,0,2215.2,9,0.0,0,0.0,0,0.0,0,0.0,0
2012-11-14T09:19:09.000,2215.2,4991,2215,16,0.0,0,0.0,0,0.0,0,0.0,0,2215.2,8,0.0,0,0.0,0,0.0,0,0.0,0
2012-11-14T09:19:09.500,2215,5009,2214.8,9,0.0,0,0.0,0,0.0,0,0.0,0,2215,3,0.0,0,0.0,0,0.0,0,0.0,0
2012-11-14T09:19:10.000,2214.8,5013,2214.8,5,0.0,0,0.0,0,0.0,0,0.0,0,2215.2,8,0.0,0,0.0,0,0.0,0,0.0,0
2012-11-14T09:19:10.500,2215.2,5018,2214.8,5,0.0,0,0.0,0,0.0,0,0.0,0,2215.2,7,0.0,0,0.0,0,0.0,0,0.0,0
2012-11-14T09:19:11.250,2215.2,5020,2214.8,6,0.0,0,0.0,0,0.0,0,0.0,0,2215,1,0.0,0,0.0,0,0.0,0,0.0,0
2012-11-14T09:19:13.000,2214.8,5021,2214.8,16,0.0,0,0.0,0,0.0,0,0.0,0,2215,3,0.0,0,0.0,0,0.0,0,0.0,0
2012-11-14T09:19:13.500,2215,5024,2215,30,0.0,0,0.0,0,0.0,0,0.0,0,2215.2,8,0.0,0,0.0,0,0.0,0,0.0,0
2012-11-14T09:19:14.250,2215.2,5031,2215.2,9,0.0,0,0.0,0,0.0,0,0.0,0,2215.4,26,0.0,0,0.0,0,0.0,0,0.0,0
2012-11-14T09:19:15.250,2215.2,5032,2215.2,16,0.0,0,0.0,0,0.0,0,0.0,0,2215.4,25,0.0,0,0.0,0,0.0,0,0.0,0
2012-11-14T09:19:16.000,2215.2,5035,2215.2,14,0.0,0,0.0,0,0.0,0,0.0,0,2215.4,24,0.0,0,0.0,0,0.0,0,0.0,0
2012-11-14T09:19:16.500,2215.2,5037,2215.2,12,0.0,0,0.0,0,0.0,0,0.0,0,2215.4,24,0.0,0,0.0,0,0.0,0,0.0,0
2012-11-14T09:19:17.000,2215.2,5044,2215.2,6,0.0,0,0.0,0,0.0,0,0.0,0,2215.4,23,0.0,0,0.0,0,0.0,0,0.0,0
2012-11-14T09:19:17.500,2215.4,5045,2215.2,4,0.0,0,0.0,0,0.0,0,0.0,0,2215.4,21,0.0,0,0.0,0,0.0,0,0.0,0
2012-11-14T09:19:18.000,2215.4,5048,2215.2,5,0.0,0,0.0,0,0.0,0,0.0,0,2215.4,18,0.0,0,0.0,0,0.0,0,0.0,0
2012-11-14T09:19:18.500,2215.2,5054,2215.2,4,0.0,0,0.0,0,0.0,0,0.0,0,2215.4,13,0.0,0,0.0,0,0.0,0,0.0,0
2012-11-14T09:19:19.000,2215.4,5055,2215.2,5,0.0,0,0.0,0,0.0,0,0.0,0,2215.4,15,0.0,0,0.0,0,0.0,0,0.0,0
2012-11-14T09:19:19.500,2215.4,5063,2215.2,6,0.0,0,0.0,0,0.0,0,0.0,0,2215.4,7,0.0,0,0.0,0,0.0,0,0.0,0
2012-11-14T09:19:20.000,2215.4,5064,2215.2,16,0.0,0,0.0,0,0.0,0,0.0,0,2215.4,7,0.0,0,0.0,0,0.0,0,0.0,0
2012-11-14T09:19:20.500,2215.4,5069,2215.2,14,0.0,0,0.0,0,0.0,0,0.0,0,2215.4,7,0.0,0,0.0,0,0.0,0,0.0,0
2012-11-14T09:19:21.000,2215.4,5077,2215.4,4,0.0,0,0.0,0,0.0,0,0.0,0,2215.6,81,0.0,0,0.0,0,0.0,0,0.0,0
2012-11-14T09:19:21.500,2215.4,5084,2215.2,15,0.0,0,0.0,0,0.0,0,0.0,0,2215.4,2,0.0,0,0.0,0,0.0,0,0.0,0
2012-11-14T09:19:22.000,2215.4,5091,2215.4,5,0.0,0,0.0,0,0.0,0,0.0,0,2215.6,76,0.0,0,0.0,0,0.0,0,0.0,0
2012-11-14T09:19:22.500,2215.4,5096,2215.2,13,0.0,0,0.0,0,0.0,0,0.0,0,2215.4,3,0.0,0,0.0,0,0.0,0,0.0,0
2012-11-14T09:19:23.000,2215.6,5102,2215.2,9,0.0,0,0.0,0,0.0,0,0.0,0,2215.6,74,0.0,0,0.0,0,0.0,0,0.0,0
2012-11-14T09:19:23.500,2215.6,5105,2215.2,9,0.0,0,0.0,0,0.0,0,0.0,0,2215.6,72,0.0,0,0.0,0,0.0,0,0.0,0
2012-11-14T09:19:24.000,2215.6,5107,2215.2,10,0.0,0,0.0,0,0.0,0,0.0,0,2215.4,15,0.0,0,0.0,0,0.0,0,0.0,0
2012-11-14T09:19:24.500,2215.4,5115,2215.2,8,0.0,0,0.0,0,0.0,0,0.0,0,2215.4,9,0.0,0,0.0,0,0.0,0,0.0,0
2012-11-14T09:19:25.000,2215.4,5116,2215.2,2,0.0,0,0.0,0,0.0,0,0.0,0,2215.4,2,0.0,0,0.0,0,0.0,0,0.0,0
2012-11-14T09:19:25.500,2215.4,5118,2215.4,1,0.0,0,0.0,0,0.0,0,0.0,0,2215.6,69,0.0,0,0.0,0,0.0,0,0.0,0
2012-11-14T09:19:26.250,2215.6,5127,2215.2,6,0.0,0,0.0,0,0.0,0,0.0,0,2215.6,67,0.0,0,0.0,0,0.0,0,0.0,0
2012-11-14T09:19:27.000,2215.4,5129,2215.2,8,0.0,0,0.0,0,0.0,0,0.0,0,2215.6,69,0.0,0,0.0,0,0.0,0,0.0,0
2012-11-14T09:19:27.500,2215.6,5132,2215.2,9,0.0,0,0.0,0,0.0,0,0.0,0,2215.6,67,0.0,0,0.0,0,0.0,0,0.0,0
2012-11-14T09:19:28.000,2215.6,5133,2215.2,9,0.0,0,0.0,0,0.0,0,0.0,0,2215.6,68,0.0,0,0.0,0,0.0,0,0.0,0
2012-11-14T09:19:28.500,2215.2,5137,2215.2,8,0.0,0,0.0,0,0.0,0,0.0,0,2215.6,63,0.0,0,0.0,0,0.0,0,0.0,0
2012-11-14T09:19:29.000,2215.6,5140,2215.2,17,0.0,0,0.0,0,0.0,0,0.0,0,2215.6,60,0.0,0,0.0,0,0.0,0,0.0,0
2012-11-14T09:19:29.500,2215.6,5143,2215.2,17,0.0,0,0.0,0,0.0,0,0.0,0,2215.6,58,0.0,0,0.0,0,0.0,0,0.0,0
2012-11-14T09:19:30.000,2215.6,5171,2215.2,22,0.0,0,0.0,0,0.0,0,0.0,0,2215.6,30,0.0,0,0.0,0,0.0,0,0.0,0
2012-11-14T09:19:30.500,2215.6,5175,2215.4,8,0.0,0,0.0,0,0.0,0,0.0,0,2215.6,28,0.0,0,0.0,0,0.0,0,0.0,0
2012-11-14T09:19:31.000,2215.6,5176,2215.4,12,0.0,0,0.0,0,0.0,0,0.0,0,2215.6,28,0.0,0,0.0,0,0.0,0,0.0,0
2012-11-14T09:19:31.500,2215.6,5184,2215.4,11,0.0,0,0.0,0,0.0,0,0.0,0,2215.6,25,0.0,0,0.0,0,0.0,0,0.0,0
2012-11-14T09:19:32.000,2215.6,5209,2215.6,3,0.0,0,0.0,0,0.0,0,0.0,0,2215.8,22,0.0,0,0.0,0,0.0,0,0.0,0
2012-11-14T09:19:32.500,2215.8,5214,2215.6,1,0.0,0,0.0,0,0.0,0,0.0,0,2215.8,20,0.0,0,0.0,0,0.0,0,0.0,0
2012-11-14T09:19:33.000,2215.8,5232,2215.6,13,0.0,0,0.0,0,0.0,0,0.0,0,2215.8,3,0.0,0,0.0,0,0.0,0,0.0,0
2012-11-14T09:19:33.500,2215.8,5264,2215.8,3,0.0,0,0.0,0,0.0,0,0.0,0,2216,124,0.0,0,0.0,0,0.0,0,0.0,0
2012-11-14T09:19:34.000,2215.8,5275,2215.6,4,0.0,0,0.0,0,0.0,0,0.0,0,2215.8,2,0.0,0,0.0,0,0.0,0,0.0,0
2012-11-14T09:19:34.500,2215.8,5278,2215.8,1,0.0,0,0.0,0,0.0,0,0.0,0,2216,122,0.0,0,0.0,0,0.0,0,0.0,0
2012-11-14T09:19:35.000,2215.8,5281,2215.6,8,0.0,0,0.0,0,0.0,0,0.0,0,2215.8,3,0.0,0,0.0,0,0.0,0,0.0,0
2012-11-14T09:19:35.500,2215.6,5291,2215.6,7,0.0,0,0.0,0,0.0,0,0.0,0,2215.8,8,0.0,0,0.0,0,0.0,0,0.0,0
2012-11-14T09:19:36.000,2215.8,5295,2215.6,7,0.0,0,0.0,0,0.0,0,0.0,0,2215.8,15,0.0,0,0.0,0,0.0,0,0.0,0
2012-11-14T09:19:36.500,2215.8,5308,2215.6,4,0.0,0,0.0,0,0.0,0,0.0,0,2215.8,7,0.0,0,0.0,0,0.0,0,0.0,0
2012-11-14T09:19:37.000,2215.8,5309,2215.6,4,0.0,0,0.0,0,0.0,0,0.0,0,2215.8,3,0.0,0,0.0,0,0.0,0,0.0,0
2012-11-14T09:19:37.500,2215.8,5311,2215.6,9,0.0,0,0.0,0,0.0,0,0.0,0,2215.8,5,0.0,0,0.0,0,0.0,0,0.0,0
2012-11-14T09:19:38.000,2215.8,5317,2215.8,3,0.0,0,0.0,0,0.0,0,0.0,0,2216,139,0.0,0,0.0,0,0.0,0,0.0,0
2012-11-14T09:19:38.500,2215.8,5319,2215.8,1,0.0,0,0.0,0,0.0,0,0.0,0,2216,139,0.0,0,0.0,0,0.0,0,0.0,0
2012-11-14T09:19:39.000,2216,5321,2215.8,1,0.0,0,0.0,0,0.0,0,0.0,0,2216,137,0.0,0,0.0,0,0.0,0,0.0,0
2012-11-14T09:19:39.500,2215.6,5323,2215.6,12,0.0,0,0.0,0,0.0,0,0.0,0,2216,138,0.0,0,0.0,0,0.0,0,0.0,0
2012-11-14T09:19:40.000,2216,5335,2215.6,12,0.0,0,0.0,0,0.0,0,0.0,0,2216,127,0.0,0,0.0,0,0.0,0,0.0,0
2012-11-14T09:19:40.500,2216,5346,2215.6,15,0.0,0,0.0,0,0.0,0,0.0,0,2216,118,0.0,0,0.0,0,0.0,0,0.0,0
2012-11-14T09:19:41.000,2216,5352,2215.8,20,0.0,0,0.0,0,0.0,0,0.0,0,2216,115,0.0,0,0.0,0,0.0,0,0.0,0
2012-11-14T09:19:41.500,2216,5357,2215.8,26,0.0,0,0.0,0,0.0,0,0.0,0,2216,112,0.0,0,0.0,0,0.0,0,0.0,0
2012-11-14T09:19:42.000,2216,5364,2215.8,24,0.0,0,0.0,0,0.0,0,0.0,0,2216,109,0.0,0,0.0,0,0.0,0,0.0,0
2012-11-14T09:19:42.500,2216,5414,2215.8,27,0.0,0,0.0,0,0.0,0,0.0,0,2216,61,0.0,0,0.0,0,0.0,0,0.0,0
2012-11-14T09:19:43.000,2216,5424,2215.8,22,0.0,0,0.0,0,0.0,0,0.0,0,2216,56,0.0,0,0.0,0,0.0,0,0.0,0
2012-11-14T09:19:43.500,2216,5447,2215.8,21,0.0,0,0.0,0,0.0,0,0.0,0,2216,33,0.0,0,0.0,0,0.0,0,0.0,0
2012-11-14T09:19:44.000,2216,5465,2215.8,21,0.0,0,0.0,0,0.0,0,0.0,0,2216,16,0.0,0,0.0,0,0.0,0,0.0,0
2012-11-14T09:19:44.500,2216,5471,2215.8,21,0.0,0,0.0,0,0.0,0,0.0,0,2216,13,0.0,0,0.0,0,0.0,0,0.0,0
2012-11-14T09:19:45.000,2215.8,5476,2215.8,21,0.0,0,0.0,0,0.0,0,0.0,0,2216,12,0.0,0,0.0,0,0.0,0,0.0,0
2012-11-14T09:19:45.500,2215.8,5486,2215.8,21,0.0,0,0.0,0,0.0,0,0.0,0,2216,3,0.0,0,0.0,0,0.0,0,0.0,0
2012-11-14T09:19:46.000,2216,5491,2215.8,21,0.0,0,0.0,0,0.0,0,0.0,0,2216,7,0.0,0,0.0,0,0.0,0,0.0,0
2012-11-14T09:19:46.500,2216.2,5503,2216,1,0.0,0,0.0,0,0.0,0,0.0,0,2216.2,20,0.0,0,0.0,0,0.0,0,0.0,0
2012-11-14T09:19:47.000,2216,5504,2216,10,0.0,0,0.0,0,0.0,0,0.0,0,2216.2,23,0.0,0,0.0,0,0.0,0,0.0,0
2012-11-14T09:19:47.500,2216.2,5518,2216,1,0.0,0,0.0,0,0.0,0,0.0,0,2216.2,19,0.0,0,0.0,0,0.0,0,0.0,0
2012-11-14T09:19:48.000,2216,5523,2216,2,0.0,0,0.0,0,0.0,0,0.0,0,2216.2,19,0.0,0,0.0,0,0.0,0,0.0,0
2012-11-14T09:19:48.500,2216.2,5528,2216,3,0.0,0,0.0,0,0.0,0,0.0,0,2216.2,16,0.0,0,0.0,0,0.0,0,0.0,0
2012-11-14T09:19:49.000,2216.2,5536,2215.8,10,0.0,0,0.0,0,0.0,0,0.0,0,2216.2,11,0.0,0,0.0,0,0.0,0,0.0,0
2012-11-14T09:19:49.500,2216.2,5540,2215.8,10,0.0,0,0.0,0,0.0,0,0.0,0,2216.2,16,0.0,0,0.0,0,0.0,0,0.0,0
2012-11-14T09:19:50.000,2216,5544,2216,3,0.0,0,0.0,0,0.0,0,0.0,0,2216.2,22,0.0,0,0.0,0,0.0,0,0.0,0
2012-11-14T09:19:50.500,2216,5550,2216,3,0.0,0,0.0,0,0.0,0,0.0,0,2216.2,21,0.0,0,0.0,0,0.0,0,0.0,0
2012-11-14T09:19:51.000,2216,5554,2215.8,10,0.0,0,0.0,0,0.0,0,0.0,0,2216.2,21,0.0,0,0.0,0,0.0,0,0.0,0
2012-11-14T09:19:51.500,2216,5562,2215.8,4,0.0,0,0.0,0,0.0,0,0.0,0,2216,1,0.0,0,0.0,0,0.0,0,0.0,0
2012-11-14T09:19:52.000,2216,5563,2216,1,0.0,0,0.0,0,0.0,0,0.0,0,2216.2,24,0.0,0,0.0,0,0.0,0,0.0,0
2012-11-14T09:19:52.500,2216,5569,2215.8,4,0.0,0,0.0,0,0.0,0,0.0,0,2216,25,0.0,0,0.0,0,0.0,0,0.0,0
2012-11-14T09:19:53.000,2215.8,5583,2215.8,1,0.0,0,0.0,0,0.0,0,0.0,0,2216,18,0.0,0,0.0,0,0.0,0,0.0,0
2012-11-14T09:19:53.500,2216,5584,2215.8,1,0.0,0,0.0,0,0.0,0,0.0,0,2216,18,0.0,0,0.0,0,0.0,0,0.0,0
2012-11-14T09:19:54.000,2215.8,5587,2215.6,20,0.0,0,0.0,0,0.0,0,0.0,0,2215.8,1,0.0,0,0.0,0,0.0,0,0.0,0
2012-11-14T09:19:54.500,2215.8,5588,2215.8,1,0.0,0,0.0,0,0.0,0,0.0,0,2216,43,0.0,0,0.0,0,0.0,0,0.0,0
2012-11-14T09:19:55.000,2216,5590,2215.8,3,0.0,0,0.0,0,0.0,0,0.0,0,2216,47,0.0,0,0.0,0,0.0,0,0.0,0
2012-11-14T09:19:55.500,2216,5593,2215.8,2,0.0,0,0.0,0,0.0,0,0.0,0,2216,45,0.0,0,0.0,0,0.0,0,0.0,0
2012-11-14T09:19:56.000,2216,5594,2215.8,2,0.0,0,0.0,0,0.0,0,0.0,0,2216,42,0.0,0,0.0,0,0.0,0,0.0,0
2012-11-14T09:19:56.500,2215.8,5599,2215.6,20,0.0,0,0.0,0,0.0,0,0.0,0,2216,43,0.0,0,0.0,0,0.0,0,0.0,0
2012-11-14T09:19:57.000,2216,5600,2215.6,20,0.0,0,0.0,0,0.0,0,0.0,0,2216,43,0.0,0,0.0,0,0.0,0,0.0,0
2012-11-14T09:19:57.500,2216,5605,2215.6,20,0.0,0,0.0,0,0.0,0,0.0,0,2216,42,0.0,0,0.0,0,0.0,0,0.0,0
2012-11-14T09:19:58.000,2216,5606,2215.6,21,0.0,0,0.0,0,0.0,0,0.0,0,2216,42,0.0,0,0.0,0,0.0,0,0.0,0
2012-11-14T09:19:58.500,2215.8,5612,2215.6,16,0.0,0,0.0,0,0.0,0,0.0,0,2215.8,9,0.0,0,0.0,0,0.0,0,0.0,0
2012-11-14T09:19:59.000,2215.8,5613,2215.6,17,0.0,0,0.0,0,0.0,0,0.0,0,2215.8,8,0.0,0,0.0,0,0.0,0,0.0,0
2012-11-14T09:19:59.500,2215.6,5614,2215.6,16,0.0,0,0.0,0,0.0,0,0.0,0,2215.8,21,0.0,0,0.0,0,0.0,0,0.0,0
2012-11-14T09:20:00.000,2215.8,5638,2215.8,22,0.0,0,0.0,0,0.0,0,0.0,0,2216,31,0.0,0,0.0,0,0.0,0,0.0,0
2012-11-14T09:20:00.500,2216,5662,2215.8,6,0.0,0,0.0,0,0.0,0,0.0,0,2216,28,0.0,0,0.0,0,0.0,0,0.0,0
2012-11-14T09:20:01.000,2215.8,5672,2215.6,20,0.0,0,0.0,0,0.0,0,0.0,0,2216,25,0.0,0,0.0,0,0.0,0,0.0,0
2012-11-14T09:20:01.500,2215.8,5679,2215.6,27,0.0,0,0.0,0,0.0,0,0.0,0,2215.8,8,0.0,0,0.0,0,0.0,0,0.0,0
2012-11-14T09:20:02.000,2215.6,5702,2215.6,15,0.0,0,0.0,0,0.0,0,0.0,0,2215.8,4,0.0,0,0.0,0,0.0,0,0.0,0
2012-11-14T09:20:02.500,2215.6,5708,2215.6,7,0.0,0,0.0,0,0.0,0,0.0,0,2215.8,7,0.0,0,0.0,0,0.0,0,0.0,0
2012-11-14T09:20:03.000,2215.8,5709,2215.6,9,0.0,0,0.0,0,0.0,0,0.0,0,2215.8,22,0.0,0,0.0,0,0.0,0,0.0,0
2012-11-14T09:20:03.500,2215.8,5721,2215.6,1,0.0,0,0.0,0,0.0,0,0.0,0,2215.8,22,0.0,0,0.0,0,0.0,0,0.0,0
2012-11-14T09:20:04.000,2215.6,5723,2215.6,3,0.0,0,0.0,0,0.0,0,0.0,0,2215.8,22,0.0,0,0.0,0,0.0,0,0.0,0
2012-11-14T09:20:04.500,2215.4,5728,2215.4,5,0.0,0,0.0,0,0.0,0,0.0,0,2215.6,2,0.0,0,0.0,0,0.0,0,0.0,0
2012-11-14T09:20:05.000,2215.8,5739,2215.6,3,0.0,0,0.0,0,0.0,0,0.0,0,2215.8,19,0.0,0,0.0,0,0.0,0,0.0,0
2012-11-14T09:20:05.500,2215.4,5744,2215.4,3,0.0,0,0.0,0,0.0,0,0.0,0,2215.8,22,0.0,0,0.0,0,0.0,0,0.0,0
2012-11-14T09:20:06.000,2215.8,5746,2215.6,10,0.0,0,0.0,0,0.0,0,0.0,0,2215.8,25,0.0,0,0.0,0,0.0,0,0.0,0
2012-11-14T09:20:06.500,2215.6,5751,2215.6,7,0.0,0,0.0,0,0.0,0,0.0,0,2215.8,25,0.0,0,0.0,0,0.0,0,0.0,0
2012-11-14T09:20:07.000,2215.6,5753,2215.6,5,0.0,0,0.0,0,0.0,0,0.0,0,2215.8,24,0.0,0,0.0,0,0.0,0,0.0,0
2012-11-14T09:20:07.500,2215.6,5759,2215.4,2,0.0,0,0.0,0,0.0,0,0.0,0,2215.6,1,0.0,0,0.0,0,0.0,0,0.0,0
2012-11-14T09:20:08.250,2215.4,5760,2215.4,1,0.0,0,0.0,0,0.0,0,0.0,0,2215.6,1,0.0,0,0.0,0,0.0,0,0.0,0
2012-11-14T09:20:09.000,2215.6,5764,2215.6,32,0.0,0,0.0,0,0.0,0,0.0,0,2215.8,22,0.0,0,0.0,0,0.0,0,0.0,0
2012-11-14T09:20:09.500,2215.8,5767,2215.6,30,0.0,0,0.0,0,0.0,0,0.0,0,2215.8,18,0.0,0,0.0,0,0.0,0,0.0,0
2012-11-14T09:20:10.000,2215.8,5772,2215.6,28,0.0,0,0.0,0,0.0,0,0.0,0,2215.8,10,0.0,0,0.0,0,0.0,0,0.0,0
2012-11-14T09:20:10.500,2215.6,5776,2215.6,24,0.0,0,0.0,0,0.0,0,0.0,0,2215.8,11,0.0,0,0.0,0,0.0,0,0.0,0
2012-11-14T09:20:11.000,2215.8,5778,2215.6,23,0.0,0,0.0,0,0.0,0,0.0,0,2215.8,12,0.0,0,0.0,0,0.0,0,0.0,0
2012-11-14T09:20:11.500,2215.8,5782,2215.6,21,0.0,0,0.0,0,0.0,0,0.0,0,2215.8,10,0.0,0,0.0,0,0.0,0,0.0,0
2012-11-14T09:20:12.000,2215.8,5783,2215.6,21,0.0,0,0.0,0,0.0,0,0.0,0,2215.8,9,0.0,0,0.0,0,0.0,0,0.0,0
2012-11-14T09:20:12.500,2215.8,5786,2215.6,20,0.0,0,0.0,0,0.0,0,0.0,0,2215.8,8,0.0,0,0.0,0,0.0,0,0.0,0
2012-11-14T09:20:13.000,2215.6,5789,2215.6,22,0.0,0,0.0,0,0.0,0,0.0,0,2215.8,7,0.0,0,0.0,0,0.0,0,0.0,0
2012-11-14T09:20:13.500,2215.8,5790,2215.6,22,0.0,0,0.0,0,0.0,0,0.0,0,2215.8,10,0.0,0,0.0,0,0.0,0,0.0,0
2012-11-14T09:20:14.000,2215.6,5791,2215.6,21,0.0,0,0.0,0,0.0,0,0.0,0,2215.8,10,0.0,0,0.0,0,0.0,0,0.0,0
2012-11-14T09:20:14.500,2215.6,5793,2215.6,19,0.0,0,0.0,0,0.0,0,0.0,0,2215.8,11,0.0,0,0.0,0,0.0,0,0.0,0
2012-11-14T09:20:15.250,2215.8,5795,2215.6,19,0.0,0,0.0,0,0.0,0,0.0,0,2215.8,10,0.0,0,0.0,0,0.0,0,0.0,0
2012-11-14T09:20:16.000,2215.8,5798,2215.6,17,0.0,0,0.0,0,0.0,0,0.0,0,2215.8,11,0.0,0,0.0,0,0.0,0,0.0,0
2012-11-14T09:20:16.500,2215.6,5800,2215.6,17,0.0,0,0.0,0,0.0,0,0.0,0,2215.8,11,0.0,0,0.0,0,0.0,0,0.0,0
2012-11-14T09:20:17.000,2215.8,5801,2215.6,17,0.0,0,0.0,0,0.0,0,0.0,0,2215.8,10,0.0,0,0.0,0,0.0,0,0.0,0
2012-11-14T09:20:17.500,2215.6,5803,2215.6,15,0.0,0,0.0,0,0.0,0,0.0,0,2215.8,10,0.0,0,0.0,0,0.0,0,0.0,0
2012-11-14T09:20:18.250,2215.8,5805,2215.6,15,0.0,0,0.0,0,0.0,0,0.0,0,2215.8,10,0.0,0,0.0,0,0.0,0,0.0,0
2012-11-14T09:20:19.000,2215.8,5810,2215.6,11,0.0,0,0.0,0,0.0,0,0.0,0,2215.8,9,0.0,0,0.0,0,0.0,0,0.0,0
2012-11-14T09:20:19.500,2215.6,5812,2215.6,9,0.0,0,0.0,0,0.0,0,0.0,0,2215.8,9,0.0,0,0.0,0,0.0,0,0.0,0
2012-11-14T09:20:20.000,2215.8,5813,2215.6,10,0.0,0,0.0,0,0.0,0,0.0,0,2215.8,9,0.0,0,0.0,0,0.0,0,0.0,0
2012-11-14T09:20:20.500,2215.8,5822,2215.8,4,0.0,0,0.0,0,0.0,0,0.0,0,2216,61,0.0,0,0.0,0,0.0,0,0.0,0
2012-11-14T09:20:22.000,2216,5823,2215.8,4,0.0,0,0.0,0,0.0,0,0.0,0,2216,60,0.0,0,0.0,0,0.0,0,0.0,0
2012-11-14T09:20:22.500,2216,5824,2215.8,5,0.0,0,0.0,0,0.0,0,0.0,0,2216,60,0.0,0,0.0,0,0.0,0,0.0,0
2012-11-14T09:20:23.000,2216,5828,2215.8,3,0.0,0,0.0,0,0.0,0,0.0,0,2216,59,0.0,0,0.0,0,0.0,0,0.0,0
2012-11-14T09:20:23.500,2215.8,5829,2215.8,3,0.0,0,0.0,0,0.0,0,0.0,0,2216,60,0.0,0,0.0,0,0.0,0,0.0,0
2012-11-14T09:20:24.000,2215.8,5833,2215.8,16,0.0,0,0.0,0,0.0,0,0.0,0,2216,58,0.0,0,0.0,0,0.0,0,0.0,0
2012-11-14T09:20:24.500,2216,5837,2215.8,26,0.0,0,0.0,0,0.0,0,0.0,0,2216,57,0.0,0,0.0,0,0.0,0,0.0,0
2012-11-14T09:20:25.000,2216,5841,2215.8,27,0.0,0,0.0,0,0.0,0,0.0,0,2216,54,0.0,0,0.0,0,0.0,0,0.0,0
2012-11-14T09:20:25.500,2216,5843,2215.8,27,0.0,0,0.0,0,0.0,0,0.0,0,2216,52,0.0,0,0.0,0,0.0,0,0.0,0
2012-11-14T09:20:26.000,2216,5844,2215.8,27,0.0,0,0.0,0,0.0,0,0.0,0,2216,52,0.0,0,0.0,0,0.0,0,0.0,0
2012-11-14T09:20:26.500,2216,5850,2215.8,27,0.0,0,0.0,0,0.0,0,0.0,0,2216,46,0.0,0,0.0,0,0.0,0,0.0,0
2012-11-14T09:20:27.000,2215.8,5858,2215.8,21,0.0,0,0.0,0,0.0,0,0.0,0,2216,44,0.0,0,0.0,0,0.0,0,0.0,0
2012-11-14T09:20:27.500,2215.8,5859,2215.8,20,0.0,0,0.0,0,0.0,0,0.0,0,2216,44,0.0,0,0.0,0,0.0,0,0.0,0
2012-11-14T09:20:28.000,2215.8,5865,2215.8,21,0.0,0,0.0,0,0.0,0,0.0,0,2216,39,0.0,0,0.0,0,0.0,0,0.0,0
2012-11-14T09:20:28.500,2216,5878,2215.8,10,0.0,0,0.0,0,0.0,0,0.0,0,2216,37,0.0,0,0.0,0,0.0,0,0.0,0
2012-11-14T09:20:29.250,2215.8,5879,2215.8,9,0.0,0,0.0,0,0.0,0,0.0,0,2216,37,0.0,0,0.0,0,0.0,0,0.0,0
2012-11-14T09:20:30.000,2216,5880,2215.8,19,0.0,0,0.0,0,0.0,0,0.0,0,2216,36,0.0,0,0.0,0,0.0,0,0.0,0
2012-11-14T09:20:30.500,2216,5884,2215.8,18,0.0,0,0.0,0,0.0,0,0.0,0,2216,33,0.0,0,0.0,0,0.0,0,0.0,0
2012-11-14T09:20:31.000,2215.8,5885,2215.8,17,0.0,0,0.0,0,0.0,0,0.0,0,2216,33,0.0,0,0.0,0,0.0,0,0.0,0
2012-11-14T09:20:31.500,2215.8,5887,2215.8,16,0.0,0,0.0,0,0.0,0,0.0,0,2216,31,0.0,0,0.0,0,0.0,0,0.0,0
2012-11-14T09:20:32.000,2216,5892,2215.8,16,0.0,0,0.0,0,0.0,0,0.0,0,2216,27,0.0,0,0.0,0,0.0,0,0.0,0
2012-11-14T09:20:32.500,2216,5901,2215.8,16,0.0,0,0.0,0,0.0,0,0.0,0,2216,21,0.0,0,0.0,0,0.0,0,0.0,0
2012-11-14T09:20:33.000,2216,5902,2215.8,7,0.0,0,0.0,0,0.0,0,0.0,0,2216,20,0.0,0,0.0,0,0.0,0,0.0,0
2012-11-14T09:20:33.500,2215.8,5903,2215.8,6,0.0,0,0.0,0,0.0,0,0.0,0,2216,20,0.0,0,0.0,0,0.0,0,0.0,0
2012-11-14T09:20:34.250,2216,5907,2215.8,7,0.0,0,0.0,0,0.0,0,0.0,0,2216,16,0.0,0,0.0,0,0.0,0,0.0,0
2012-11-14T09:20:35.250,2216,5908,2215.8,18,0.0,0,0.0,0,0.0,0,0.0,0,2216,17,0.0,0,0.0,0,0.0,0,0.0,0
2012-11-14T09:20:36.000,2216,5910,2215.8,18,0.0,0,0.0,0,0.0,0,0.0,0,2216,19,0.0,0,0.0,0,0.0,0,0.0,0
2012-11-14T09:20:36.500,2216,5933,2216,23,0.0,0,0.0,0,0.0,0,0.0,0,2216.2,34,0.0,0,0.0,0,0.0,0,0.0,0
2012-11-14T09:20:37.250,2215.8,5964,2215.8,11,0.0,0,0.0,0,0.0,0,0.0,0,2216,78,0.0,0,0.0,0,0.0,0,0.0,0
2012-11-14T09:20:38.000,2215.8,5985,2215.6,18,0.0,0,0.0,0,0.0,0,0.0,0,2215.8,2,0.0,0,0.0,0,0.0,0,0.0,0
2012-11-14T09:20:38.500,2215.8,5997,2215.8,2,0.0,0,0.0,0,0.0,0,0.0,0,2216,78,0.0,0,0.0,0,0.0,0,0.0,0
2012-11-14T09:20:39.000,2215.6,6000,2215.6,10,0.0,0,0.0,0,0.0,0,0.0,0,2215.8,1,0.0,0,0.0,0,0.0,0,0.0,0
2012-11-14T09:20:39.500,2215.8,6001,2215.6,10,0.0,0,0.0,0,0.0,0,0.0,0,2215.8,1,0.0,0,0.0,0,0.0,0,0.0,0
2012-11-14T09:20:40.250,2216,6003,2215.6,10,0.0,0,0.0,0,0.0,0,0.0,0,2216,80,0.0,0,0.0,0,0.0,0,0.0,0
2012-11-14T09:20:41.000,2215.6,6005,2215.6,12,0.0,0,0.0,0,0.0,0,0.0,0,2216,82,0.0,0,0.0,0,0.0,0,0.0,0
2012-11-14T09:20:41.500,2215.6,6007,2215.6,17,0.0,0,0.0,0,0.0,0,0.0,0,2216,82,0.0,0,0.0,0,0.0,0,0.0,0
2012-11-14T09:20:42.250,2215.6,6008,2215.6,19,0.0,0,0.0,0,0.0,0,0.0,0,2215.8,9,0.0,0,0.0,0,0.0,0,0.0,0
2012-11-14T09:20:43.000,2215.6,6009,2215.6,20,0.0,0,0.0,0,0.0,0,0.0,0,2215.8,26,0.0,0,0.0,0,0.0,0,0.0,0
2012-11-14T09:20:43.500,2215.8,6010,2215.6,16,0.0,0,0.0,0,0.0,0,0.0,0,2215.8,29,0.0,0,0.0,0,0.0,0,0.0,0
2012-11-14T09:20:44.000,2215.8,6011,2215.6,17,0.0,0,0.0,0,0.0,0,0.0,0,2215.8,28,0.0,0,0.0,0,0.0,0,0.0,0
2012-11-14T09:20:44.500,2215.6,6013,2215.6,18,0.0,0,0.0,0,0.0,0,0.0,0,2215.8,30,0.0,0,0.0,0,0.0,0,0.0,0
2012-11-14T09:20:45.250,2215.8,6017,2215.6,16,0.0,0,0.0,0,0.0,0,0.0,0,2215.8,30,0.0,0,0.0,0,0.0,0,0.0,0
2012-11-14T09:20:46.250,2215.6,6022,2215.6,14,0.0,0,0.0,0,0.0,0,0.0,0,2215.8,30,0.0,0,0.0,0,0.0,0,0.0,0
2012-11-14T09:20:47.000,2215.8,6025,2215.6,15,0.0,0,0.0,0,0.0,0,0.0,0,2215.8,29,0.0,0,0.0,0,0.0,0,0.0,0
2012-11-14T09:20:47.500,2215.8,6034,2215.6,23,0.0,0,0.0,0,0.0,0,0.0,0,2215.8,20,0.0,0,0.0,0,0.0,0,0.0,0
2012-11-14T09:20:48.000,2215.8,6054,2215.6,27,0.0,0,0.0,0,0.0,0,0.0,0,2216,94,0.0,0,0.0,0,0.0,0,0.0,0
2012-11-14T09:20:48.500,2215.6,6055,2215.6,26,0.0,0,0.0,0,0.0,0,0.0,0,2215.8,5,0.0,0,0.0,0,0.0,0,0.0,0
2012-11-14T09:20:49.250,2215.6,6057,2215.6,24,0.0,0,0.0,0,0.0,0,0.0,0,2215.8,6,0.0,0,0.0,0,0.0,0,0.0,0
2012-11-14T09:20:52.000,2215.8,6067,2215.6,35,0.0,0,0.0,0,0.0,0,0.0,0,2216,95,0.0,0,0.0,0,0.0,0,0.0,0
2012-11-14T09:20:52.500,2215.6,6068,2215.8,1,0.0,0,0.0,0,0.0,0,0.0,0,2216,95,0.0,0,0.0,0,0.0,0,0.0,0
2012-11-14T09:20:53.000,2215.8,6069,2215.6,36,0.0,0,0.0,0,0.0,0,0.0,0,2215.8,2,0.0,0,0.0,0,0.0,0,0.0,0
2012-11-14T09:20:53.500,2215.8,6076,2215.8,1,0.0,0,0.0,0,0.0,0,0.0,0,2216,95,0.0,0,0.0,0,0.0,0,0.0,0
2012-11-14T09:20:54.000,2215.8,6077,2215.8,1,0.0,0,0.0,0,0.0,0,0.0,0,2216,95,0.0,0,0.0,0,0.0,0,0.0,0
2012-11-14T09:20:54.500,2216,6079,2215.6,36,0.0,0,0.0,0,0.0,0,0.0,0,2215.8,3,0.0,0,0.0,0,0.0,0,0.0,0
2012-11-14T09:20:55.250,2215.8,6081,2215.6,36,0.0,0,0.0,0,0.0,0,0.0,0,2215.8,3,0.0,0,0.0,0,0.0,0,0.0,0
2012-11-14T09:20:56.250,2215.8,6083,2215.6,36,0.0,0,0.0,0,0.0,0,0.0,0,2215.8,11,0.0,0,0.0,0,0.0,0,0.0,0
2012-11-14T09:20:57.250,2215.8,6084,2215.6,36,0.0,0,0.0,0,0.0,0,0.0,0,2215.8,25,0.0,0,0.0,0,0.0,0,0.0,0
2012-11-14T09:20:58.000,2215.8,6085,2215.6,35,0.0,0,0.0,0,0.0,0,0.0,0,2215.8,26,0.0,0,0.0,0,0.0,0,0.0,0
2012-11-14T09:20:58.500,2215.6,6088,2215.6,32,0.0,0,0.0,0,0.0,0,0.0,0,2215.8,26,0.0,0,0.0,0,0.0,0,0.0,0
2012-11-14T09:20:59.000,2215.8,6093,2215.6,32,0.0,0,0.0,0,0.0,0,0.0,0,2215.8,23,0.0,0,0.0,0,0.0,0,0.0,0
2012-11-14T09:20:59.500,2215.8,6094,2215.6,32,0.0,0,0.0,0,0.0,0,0.0,0,2215.8,22,0.0,0,0.0,0,0.0,0,0.0,0
2012-11-14T09:21:01.250,2215.6,6095,2215.6,32,0.0,0,0.0,0,0.0,0,0.0,0,2215.8,25,0.0,0,0.0,0,0.0,0,0.0,0
2012-11-14T09:21:02.000,2215.8,6096,2215.6,32,0.0,0,0.0,0,0.0,0,0.0,0,2215.8,32,0.0,0,0.0,0,0.0,0,0.0,0
2012-11-14T09:21:02.500,2215.8,6097,2215.6,32,0.0,0,0.0,0,0.0,0,0.0,0,2215.8,31,0.0,0,0.0,0,0.0,0,0.0,0
2012-11-14T09:21:03.250,2215.6,6101,2215.6,28,0.0,0,0.0,0,0.0,0,0.0,0,2215.8,31,0.0,0,0.0,0,0.0,0,0.0,0
2012-11-14T09:21:04.000,2215.6,6102,2215.6,27,0.0,0,0.0,0,0.0,0,0.0,0,2215.8,31,0.0,0,0.0,0,0.0,0,0.0,0
2012-11-14T09:21:04.500,2215.6,6103,2215.6,26,0.0,0,0.0,0,0.0,0,0.0,0,2215.8,31,0.0,0,0.0,0,0.0,0,0.0,0
2012-11-14T09:21:05.000,2215.6,6204,2215.6,25,0.0,0,0.0,0,0.0,0,0.0,0,2215.8,9,0.0,0,0.0,0,0.0,0,0.0,0
2012-11-14T09:21:05.500,2215.6,6206,2215.6,23,0.0,0,0.0,0,0.0,0,0.0,0,2215.8,9,0.0,0,0.0,0,0.0,0,0.0,0
2012-11-14T09:21:06.000,2215.8,6211,2215.6,30,0.0,0,0.0,0,0.0,0,0.0,0,2215.8,4,0.0,0,0.0,0,0.0,0,0.0,0
2012-11-14T09:21:06.500,2216,6219,2215.6,36,0.0,0,0.0,0,0.0,0,0.0,0,2216,45,0.0,0,0.0,0,0.0,0,0.0,0
2012-11-14T09:21:07.000,2215.6,6220,2215.6,36,0.0,0,0.0,0,0.0,0,0.0,0,2216,45,0.0,0,0.0,0,0.0,0,0.0,0
2012-11-14T09:21:07.500,2215.6,6221,2215.8,2,0.0,0,0.0,0,0.0,0,0.0,0,2216,46,0.0,0,0.0,0,0.0,0,0.0,0
2012-11-14T09:21:08.250,2215.8,6224,2215.6,32,0.0,0,0.0,0,0.0,0,0.0,0,2216,45,0.0,0,0.0,0,0.0,0,0.0,0
2012-11-14T09:21:09.250,2215.8,6225,2215.6,46,0.0,0,0.0,0,0.0,0,0.0,0,2215.8,14,0.0,0,0.0,0,0.0,0,0.0,0
2012-11-14T09:21:11.250,2215.8,6226,2215.6,46,0.0,0,0.0,0,0.0,0,0.0,0,2215.8,14,0.0,0,0.0,0,0.0,0,0.0,0
2012-11-14T09:21:12.000,2215.8,6227,2215.6,47,0.0,0,0.0,0,0.0,0,0.0,0,2215.8,13,0.0,0,0.0,0,0.0,0,0.0,0
2012-11-14T09:21:12.500,2215.6,6231,2215.6,43,0.0,0,0.0,0,0.0,0,0.0,0,2215.8,13,0.0,0,0.0,0,0.0,0,0.0,0
2012-11-14T09:21:13.250,2215.6,6232,2215.6,39,0.0,0,0.0,0,0.0,0,0.0,0,2215.8,13,0.0,0,0.0,0,0.0,0,0.0,0
2012-11-14T09:21:14.000,2215.6,6233,2215.6,38,0.0,0,0.0,0,0.0,0,0.0,0,2215.8,15,0.0,0,0.0,0,0.0,0,0.0,0
2012-11-14T09:21:14.500,2215.6,6236,2215.6,36,0.0,0,0.0,0,0.0,0,0.0,0,2215.8,15,0.0,0,0.0,0,0.0,0,0.0,0
2012-11-14T09:21:15.000,2215.6,6237,2215.6,35,0.0,0,0.0,0,0.0,0,0.0,0,2215.8,16,0.0,0,0.0,0,0.0,0,0.0,0
2012-11-14T09:21:15.500,2215.8,6253,2215.6,34,0.0,0,0.0,0,0.0,0,0.0,0,2215.8,1,0.0,0,0.0,0,0.0,0,0.0,0
2012-11-14T09:21:16.250,2215.6,6254,2215.6,33,0.0,0,0.0,0,0.0,0,0.0,0,2215.8,2,0.0,0,0.0,0,0.0,0,0.0,0
2012-11-14T09:21:17.000,2215.8,6257,2215.8,4,0.0,0,0.0,0,0.0,0,0.0,0,2216,60,0.0,0,0.0,0,0.0,0,0.0,0
2012-11-14T09:21:17.500,2215.8,6258,2215.8,3,0.0,0,0.0,0,0.0,0,0.0,0,2216,60,0.0,0,0.0,0,0.0,0,0.0,0
2012-11-14T09:21:18.000,2215.8,6259,2215.8,2,0.0,0,0.0,0,0.0,0,0.0,0,2216,60,0.0,0,0.0,0,0.0,0,0.0,0
2012-11-14T09:21:18.500,2215.6,6272,2215.6,22,0.0,0,0.0,0,0.0,0,0.0,0,2216,60,0.0,0,0.0,0,0.0,0,0.0,0
2012-11-14T09:21:19.250,2215.8,6273,2215.6,43,0.0,0,0.0,0,0.0,0,0.0,0,2216,59,0.0,0,0.0,0,0.0,0,0.0,0
2012-11-14T09:21:21.250,2215.8,6274,2215.6,42,0.0,0,0.0,0,0.0,0,0.0,0,2215.8,1,0.0,0,0.0,0,0.0,0,0.0,0
2012-11-14T09:21:22.000,2215.8,6276,2215.8,1,0.0,0,0.0,0,0.0,0,0.0,0,2216,59,0.0,0,0.0,0,0.0,0,0.0,0
2012-11-14T09:21:22.500,2215.8,6277,2215.6,42,0.0,0,0.0,0,0.0,0,0.0,0,2216,59,0.0,0,0.0,0,0.0,0,0.0,0
2012-11-14T09:21:23.250,2215.8,6278,2215.6,42,0.0,0,0.0,0,0.0,0,0.0,0,2215.8,1,0.0,0,0.0,0,0.0,0,0.0,0
2012-11-14T09:21:24.250,2215.8,6282,2215.8,17,0.0,0,0.0,0,0.0,0,0.0,0,2216,59,0.0,0,0.0,0,0.0,0,0.0,0
2012-11-14T09:21:26.250,2216,6292,2215.8,26,0.0,0,0.0,0,0.0,0,0.0,0,2216,151,0.0,0,0.0,0,0.0,0,0.0,0
2012-11-14T09:21:27.000,2216,6310,2215.8,9,0.0,0,0.0,0,0.0,0,0.0,0,2216,143,0.0,0,0.0,0,0.0,0,0.0,0
2012-11-14T09:21:27.500,2215.8,6312,2215.8,7,0.0,0,0.0,0,0.0,0,0.0,0,2216,143,0.0,0,0.0,0,0.0,0,0.0,0
2012-11-14T09:21:28.000,2215.8,6315,2215.8,5,0.0,0,0.0,0,0.0,0,0.0,0,2216,145,0.0,0,0.0,0,0.0,0,0.0,0
2012-11-14T09:21:28.500,2215.6,6323,2215.6,42,0.0,0,0.0,0,0.0,0,0.0,0,2215.8,5,0.0,0,0.0,0,0.0,0,0.0,0
2012-11-14T09:21:29.000,2215.6,6324,2215.6,41,0.0,0,0.0,0,0.0,0,0.0,0,2215.8,1,0.0,0,0.0,0,0.0,0,0.0,0
2012-11-14T09:21:29.500,2215.8,6329,2215.8,6,0.0,0,0.0,0,0.0,0,0.0,0,2216,145,0.0,0,0.0,0,0.0,0,0.0,0
2012-11-14T09:21:30.000,2215.8,6337,2215.6,41,0.0,0,0.0,0,0.0,0,0.0,0,2215.8,3,0.0,0,0.0,0,0.0,0,0.0,0
2012-11-14T09:21:30.500,2215.6,6340,2215.6,38,0.0,0,0.0,0,0.0,0,0.0,0,2216,147,0.0,0,0.0,0,0.0,0,0.0,0
2012-11-14T09:21:31.000,2215.6,6343,2215.6,35,0.0,0,0.0,0,0.0,0,0.0,0,2216,47,0.0,0,0.0,0,0.0,0,0.0,0
2012-11-14T09:21:31.500,2215.8,6349,2215.8,7,0.0,0,0.0,0,0.0,0,0.0,0,2216,45,0.0,0,0.0,0,0.0,0,0.0,0
2012-11-14T09:21:32.000,2215.8,6361,2215.8,5,0.0,0,0.0,0,0.0,0,0.0,0,2216,41,0.0,0,0.0,0,0.0,0,0.0,0
2012-11-14T09:21:32.500,2215.8,6362,2215.8,7,0.0,0,0.0,0,0.0,0,0.0,0,2216,41,0.0,0,0.0,0,0.0,0,0.0,0
2012-11-14T09:21:33.000,2215.8,6370,2215.6,32,0.0,0,0.0,0,0.0,0,0.0,0,2216,40,0.0,0,0.0,0,0.0,0,0.0,0
2012-11-14T09:21:33.500,2216,6398,2215.6,32,0.0,0,0.0,0,0.0,0,0.0,0,2216,13,0.0,0,0.0,0,0.0,0,0.0,0
2012-11-14T09:21:34.250,2216,6401,2215.8,1,0.0,0,0.0,0,0.0,0,0.0,0,2216,13,0.0,0,0.0,0,0.0,0,0.0,0
2012-11-14T09:21:35.000,2215.8,6402,2215.8,10,0.0,0,0.0,0,0.0,0,0.0,0,2216,13,0.0,0,0.0,0,0.0,0,0.0,0
2012-11-14T09:21:35.500,2215.8,6403,2215.8,15,0.0,0,0.0,0,0.0,0,0.0,0,2216,14,0.0,0,0.0,0,0.0,0,0.0,0
2012-11-14T09:21:36.250,2216,6406,2215.8,14,0.0,0,0.0,0,0.0,0,0.0,0,2216,12,0.0,0,0.0,0,0.0,0,0.0,0
2012-11-14T09:21:37.000,2216,6408,2215.8,14,0.0,0,0.0,0,0.0,0,0.0,0,2216,10,0.0,0,0.0,0,0.0,0,0.0,0
2012-11-14T09:21:37.500,2216,6410,2215.8,13,0.0,0,0.0,0,0.0,0,0.0,0,2216,9,0.0,0,0.0,0,0.0,0,0.0,0
2012-11-14T09:21:38.250,2216,6420,2216,1,0.0,0,0.0,0,0.0,0,0.0,0,2216.2,32,0.0,0,0.0,0,0.0,0,0.0,0
2012-11-14T09:21:39.000,2216,6421,2216,4,0.0,0,0.0,0,0.0,0,0.0,0,2216.2,38,0.0,0,0.0,0,0.0,0,0.0,0
2012-11-14T09:21:39.500,2216.2,6424,2216,2,0.0,0,0.0,0,0.0,0,0.0,0,2216.2,37,0.0,0,0.0,0,0.0,0,0.0,0
2012-11-14T09:21:40.000,2216.2,6425,2216,11,0.0,0,0.0,0,0.0,0,0.0,0,2216.2,36,0.0,0,0.0,0,0.0,0,0.0,0
2012-11-14T09:21:40.500,2216.2,6442,2216,7,0.0,0,0.0,0,0.0,0,0.0,0,2216.2,24,0.0,0,0.0,0,0.0,0,0.0,0
2012-11-14T09:21:41.000,2216.2,6444,2216,7,0.0,0,0.0,0,0.0,0,0.0,0,2216.2,22,0.0,0,0.0,0,0.0,0,0.0,0
2012-11-14T09:21:41.500,2216.2,6450,2216,9,0.0,0,0.0,0,0.0,0,0.0,0,2216.2,12,0.0,0,0.0,0,0.0,0,0.0,0
2012-11-14T09:21:42.000,2216.2,6453,2216,8,0.0,0,0.0,0,0.0,0,0.0,0,2216.2,11,0.0,0,0.0,0,0.0,0,0.0,0
2012-11-14T09:21:42.500,2216.2,6462,2216,5,0.0,0,0.0,0,0.0,0,0.0,0,2216.2,5,0.0,0,0.0,0,0.0,0,0.0,0
2012-11-14T09:21:43.000,2216.2,6471,2216.2,24,0.0,0,0.0,0,0.0,0,0.0,0,2216.4,27,0.0,0,0.0,0,0.0,0,0.0,0
2012-11-14T09:21:43.500,2216.2,6474,2216.2,75,0.0,0,0.0,0,0.0,0,0.0,0,2216.4,30,0.0,0,0.0,0,0.0,0,0.0,0
2012-11-14T09:21:44.000,2216.4,6500,2216.4,4,0.0,0,0.0,0,0.0,0,0.0,0,2216.6,29,0.0,0,0.0,0,0.0,0,0.0,0
2012-11-14T09:21:44.500,2216.6,6506,2216.4,13,0.0,0,0.0,0,0.0,0,0.0,0,2216.6,32,0.0,0,0.0,0,0.0,0,0.0,0
2012-11-14T09:21:45.000,2216.6,6518,2216.4,13,0.0,0,0.0,0,0.0,0,0.0,0,2216.6,29,0.0,0,0.0,0,0.0,0,0.0,0
2012-11-14T09:21:45.500,2216.6,6554,2216.6,2,0.0,0,0.0,0,0.0,0,0.0,0,2216.8,66,0.0,0,0.0,0,0.0,0,0.0,0
2012-11-14T09:21:46.000,2216.6,6572,2216.6,31,0.0,0,0.0,0,0.0,0,0.0,0,2216.8,51,0.0,0,0.0,0,0.0,0,0.0,0
2012-11-14T09:21:46.500,2216.8,6580,2216.6,34,0.0,0,0.0,0,0.0,0,0.0,0,2216.8,50,0.0,0,0.0,0,0.0,0,0.0,0
2012-11-14T09:21:47.000,2216.8,6595,2216.6,36,0.0,0,0.0,0,0.0,0,0.0,0,2216.8,35,0.0,0,0.0,0,0.0,0,0.0,0
2012-11-14T09:21:47.500,2216.8,6607,2216.6,35,0.0,0,0.0,0,0.0,0,0.0,0,2216.8,28,0.0,0,0.0,0,0.0,0,0.0,0
2012-11-14T09:21:48.000,2216.8,6622,2216.6,82,0.0,0,0.0,0,0.0,0,0.0,0,2216.8,22,0.0,0,0.0,0,0.0,0,0.0,0
2012-11-14T09:21:48.500,2216.8,6633,2216.6,83,0.0,0,0.0,0,0.0,0,0.0,0,2216.8,13,0.0,0,0.0,0,0.0,0,0.0,0
2012-11-14T09:21:49.000,2217,6658,2216.8,9,0.0,0,0.0,0,0.0,0,0.0,0,2217,18,0.0,0,0.0,0,0.0,0,0.0,0
2012-11-14T09:21:49.500,2217,6692,2216.8,2,0.0,0,0.0,0,0.0,0,0.0,0,2217,15,0.0,0,0.0,0,0.0,0,0.0,0
2012-11-14T09:21:50.000,2216.8,6711,2216.8,8,0.0,0,0.0,0,0.0,0,0.0,0,2217,8,0.0,0,0.0,0,0.0,0,0.0,0
2012-11-14T09:21:50.500,2216.8,6727,2216.6,9,0.0,0,0.0,0,0.0,0,0.0,0,2216.8,1,0.0,0,0.0,0,0.0,0,0.0,0
2012-11-14T09:21:51.000,2216.8,6733,2216.6,9,0.0,0,0.0,0,0.0,0,0.0,0,2216.8,9,0.0,0,0.0,0,0.0,0,0.0,0
2012-11-14T09:21:51.500,2217,6753,2216.6,8,0.0,0,0.0,0,0.0,0,0.0,0,2216.8,19,0.0,0,0.0,0,0.0,0,0.0,0
2012-11-14T09:21:52.000,2216.8,6758,2216.6,8,0.0,0,0.0,0,0.0,0,0.0,0,2216.8,27,0.0,0,0.0,0,0.0,0,0.0,0
2012-11-14T09:21:52.500,2216.6,6762,2216.6,8,0.0,0,0.0,0,0.0,0,0.0,0,2216.8,28,0.0,0,0.0,0,0.0,0,0.0,0
2012-11-14T09:21:53.000,2216.8,6787,2216.6,6,0.0,0,0.0,0,0.0,0,0.0,0,2216.8,5,0.0,0,0.0,0,0.0,0,0.0,0
2012-11-14T09:21:53.500,2216.8,6801,2216.8,42,0.0,0,0.0,0,0.0,0,0.0,0,2217,11,0.0,0,0.0,0,0.0,0,0.0,0
2012-11-14T09:21:54.000,2216.8,6818,2216.8,67,0.0,0,0.0,0,0.0,0,0.0,0,2217,10,0.0,0,0.0,0,0.0,0,0.0,0
2012-11-14T09:21:54.500,2216.8,6832,2216.8,64,0.0,0,0.0,0,0.0,0,0.0,0,2217.2,20,0.0,0,0.0,0,0.0,0,0.0,0
2012-11-14T09:21:55.000,2217,6837,2217,19,0.0,0,0.0,0,0.0,0,0.0,0,2217.2,20,0.0,0,0.0,0,0.0,0,0.0,0
2012-11-14T09:21:55.500,2217,6844,2217,19,0.0,0,0.0,0,0.0,0,0.0,0,2217.2,21,0.0,0,0.0,0,0.0,0,0.0,0
2012-11-14T09:21:56.000,2217,6863,2217,1,0.0,0,0.0,0,0.0,0,0.0,0,2217.2,21,0.0,0,0.0,0,0.0,0,0.0,0
2012-11-14T09:21:56.500,2217,6867,2216.8,30,0.0,0,0.0,0,0.0,0,0.0,0,2217.2,21,0.0,0,0.0,0,0.0,0,0.0,0
2012-11-14T09:21:57.000,2217.2,6904,2217.2,5,0.0,0,0.0,0,0.0,0,0.0,0,2217.4,8,0.0,0,0.0,0,0.0,0,0.0,0
2012-11-14T09:21:57.500,2217,6913,2217,1,0.0,0,0.0,0,0.0,0,0.0,0,2217.2,12,0.0,0,0.0,0,0.0,0,0.0,0
2012-11-14T09:21:58.000,2217.2,6929,2217,5,0.0,0,0.0,0,0.0,0,0.0,0,2217.2,4,0.0,0,0.0,0,0.0,0,0.0,0
2012-11-14T09:21:58.500,2217.2,6951,2217,7,0.0,0,0.0,0,0.0,0,0.0,0,2217.2,3,0.0,0,0.0,0,0.0,0,0.0,0
2012-11-14T09:21:59.000,2217,6958,2217,12,0.0,0,0.0,0,0.0,0,0.0,0,2217.2,19,0.0,0,0.0,0,0.0,0,0.0,0
2012-11-14T09:21:59.500,2217,6981,2217,18,0.0,0,0.0,0,0.0,0,0.0,0,2217.2,3,0.0,0,0.0,0,0.0,0,0.0,0
2012-11-14T09:22:00.000,2217.2,6987,2217.2,5,0.0,0,0.0,0,0.0,0,0.0,0,2217.4,9,0.0,0,0.0,0,0.0,0,0.0,0
2012-11-14T09:22:00.500,2217.2,7003,2217.2,14,0.0,0,0.0,0,0.0,0,0.0,0,2217.4,9,0.0,0,0.0,0,0.0,0,0.0,0
2012-11-14T09:22:01.000,2217.2,7037,2217.2,1,0.0,0,0.0,0,0.0,0,0.0,0,2217.4,9,0.0,0,0.0,0,0.0,0,0.0,0
2012-11-14T09:22:01.500,2217.4,7043,2217.2,1,0.0,0,0.0,0,0.0,0,0.0,0,2217.4,9,0.0,0,0.0,0,0.0,0,0.0,0
2012-11-14T09:22:02.000,2217.2,7057,2217,44,0.0,0,0.0,0,0.0,0,0.0,0,2217.2,17,0.0,0,0.0,0,0.0,0,0.0,0
2012-11-14T09:22:02.500,2217.2,7066,2217,44,0.0,0,0.0,0,0.0,0,0.0,0,2217.2,25,0.0,0,0.0,0,0.0,0,0.0,0
2012-11-14T09:22:03.000,2217,7082,2217,31,0.0,0,0.0,0,0.0,0,0.0,0,2217.2,31,0.0,0,0.0,0,0.0,0,0.0,0
2012-11-14T09:22:03.500,2217,7096,2217,17,0.0,0,0.0,0,0.0,0,0.0,0,2217.2,34,0.0,0,0.0,0,0.0,0,0.0,0
2012-11-14T09:22:04.000,2217,7119,2216.8,16,0.0,0,0.0,0,0.0,0,0.0,0,2217,15,0.0,0,0.0,0,0.0,0,0.0,0
2012-11-14T09:22:04.500,2217,7129,2216.8,37,0.0,0,0.0,0,0.0,0,0.0,0,2217,21,0.0,0,0.0,0,0.0,0,0.0,0
2012-11-14T09:22:05.000,2216.8,7137,2216.8,36,0.0,0,0.0,0,0.0,0,0.0,0,2217,40,0.0,0,0.0,0,0.0,0,0.0,0
2012-11-14T09:22:05.500,2216.8,7138,2216.8,37,0.0,0,0.0,0,0.0,0,0.0,0,2217,40,0.0,0,0.0,0,0.0,0,0.0,0
2012-11-14T09:22:06.000,2216.8,7143,2216.8,37,0.0,0,0.0,0,0.0,0,0.0,0,2217,27,0.0,0,0.0,0,0.0,0,0.0,0
2012-11-14T09:22:06.500,2216.8,7167,2216.8,16,0.0,0,0.0,0,0.0,0,0.0,0,2217,21,0.0,0,0.0,0,0.0,0,0.0,0
2012-11-14T09:22:07.250,2216.8,7175,2216.8,6,0.0,0,0.0,0,0.0,0,0.0,0,2217,21,0.0,0,0.0,0,0.0,0,0.0,0
2012-11-14T09:22:08.000,2216.8,7184,2216.8,7,0.0,0,0.0,0,0.0,0,0.0,0,2217,23,0.0,0,0.0,0,0.0,0,0.0,0
2012-11-14T09:22:08.500,2216.8,7189,2216.8,4,0.0,0,0.0,0,0.0,0,0.0,0,2217,22,0.0,0,0.0,0,0.0,0,0.0,0
2012-11-14T09:22:09.000,2216.8,7194,2216.8,13,0.0,0,0.0,0,0.0,0,0.0,0,2217,22,0.0,0,0.0,0,0.0,0,0.0,0
2012-11-14T09:22:09.500,2216.8,7201,2216.8,6,0.0,0,0.0,0,0.0,0,0.0,0,2217,23,0.0,0,0.0,0,0.0,0,0.0,0
2012-11-14T09:22:10.000,2216.8,7207,2216.8,10,0.0,0,0.0,0,0.0,0,0.0,0,2217,24,0.0,0,0.0,0,0.0,0,0.0,0
2012-11-14T09:22:10.500,2216.8,7210,2216.8,7,0.0,0,0.0,0,0.0,0,0.0,0,2217,25,0.0,0,0.0,0,0.0,0,0.0,0
2012-11-14T09:22:11.000,2216.8,7212,2216.8,6,0.0,0,0.0,0,0.0,0,0.0,0,2217,26,0.0,0,0.0,0,0.0,0,0.0,0
2012-11-14T09:22:11.500,2216.8,7218,2216.6,13,0.0,0,0.0,0,0.0,0,0.0,0,2216.8,2,0.0,0,0.0,0,0.0,0,0.0,0
2012-11-14T09:22:12.000,2216.8,7220,2216.6,13,0.0,0,0.0,0,0.0,0,0.0,0,2216.8,4,0.0,0,0.0,0,0.0,0,0.0,0
2012-11-14T09:22:12.500,2216.6,7221,2216.6,12,0.0,0,0.0,0,0.0,0,0.0,0,2216.8,5,0.0,0,0.0,0,0.0,0,0.0,0
2012-11-14T09:22:13.000,2216.6,7226,2216.6,20,0.0,0,0.0,0,0.0,0,0.0,0,2216.8,4,0.0,0,0.0,0,0.0,0,0.0,0
2012-11-14T09:22:13.500,2216.8,7230,2216.6,18,0.0,0,0.0,0,0.0,0,0.0,0,2216.8,4,0.0,0,0.0,0,0.0,0,0.0,0
2012-11-14T09:22:14.000,2216.6,7231,2216.6,19,0.0,0,0.0,0,0.0,0,0.0,0,2216.8,4,0.0,0,0.0,0,0.0,0,0.0,0
2012-11-14T09:22:14.500,2217,7238,2216.6,17,0.0,0,0.0,0,0.0,0,0.0,0,2217,43,0.0,0,0.0,0,0.0,0,0.0,0
2012-11-14T09:22:15.000,2216.6,7245,2216.6,15,0.0,0,0.0,0,0.0,0,0.0,0,2217,45,0.0,0,0.0,0,0.0,0,0.0,0
2012-11-14T09:22:15.500,2216.6,7248,2216.8,1,0.0,0,0.0,0,0.0,0,0.0,0,2217,45,0.0,0,0.0,0,0.0,0,0.0,0
2012-11-14T09:22:16.000,2216.6,7249,2216.6,13,0.0,0,0.0,0,0.0,0,0.0,0,2216.8,1,0.0,0,0.0,0,0.0,0,0.0,0
2012-11-14T09:22:16.500,2216.8,7250,2216.6,14,0.0,0,0.0,0,0.0,0,0.0,0,2216.8,5,0.0,0,0.0,0,0.0,0,0.0,0
2012-11-14T09:22:17.000,2216.6,7259,2216.6,6,0.0,0,0.0,0,0.0,0,0.0,0,2216.8,8,0.0,0,0.0,0,0.0,0,0.0,0
2012-11-14T09:22:17.500,2216.6,7266,2216.6,4,0.0,0,0.0,0,0.0,0,0.0,0,2216.8,3,0.0,0,0.0,0,0.0,0,0.0,0
2012-11-14T09:22:18.000,2216.8,7267,2216.6,4,0.0,0,0.0,0,0.0,0,0.0,0,2216.8,10,0.0,0,0.0,0,0.0,0,0.0,0
2012-11-14T09:22:18.500,2216.6,7273,2216.6,4,0.0,0,0.0,0,0.0,0,0.0,0,2216.8,9,0.0,0,0.0,0,0.0,0,0.0,0
2012-11-14T09:22:19.000,2216.8,7280,2216.6,3,0.0,0,0.0,0,0.0,0,0.0,0,2216.8,4,0.0,0,0.0,0,0.0,0,0.0,0
2012-11-14T09:22:19.500,2216.8,7283,2216.6,3,0.0,0,0.0,0,0.0,0,0.0,0,2216.8,14,0.0,0,0.0,0,0.0,0,0.0,0
2012-11-14T09:22:20.000,2216.6,7285,2216.6,1,0.0,0,0.0,0,0.0,0,0.0,0,2216.8,15,0.0,0,0.0,0,0.0,0,0.0,0
2012-11-14T09:22:20.500,2216.6,7286,2216.6,1,0.0,0,0.0,0,0.0,0,0.0,0,2216.8,15,0.0,0,0.0,0,0.0,0,0.0,0
2012-11-14T09:22:21.000,2216.6,7287,2216.4,16,0.0,0,0.0,0,0.0,0,0.0,0,2216.6,1,0.0,0,0.0,0,0.0,0,0.0,0
2012-11-14T09:22:21.500,2216.8,7289,2216.6,11,0.0,0,0.0,0,0.0,0,0.0,0,2216.8,14,0.0,0,0.0,0,0.0,0,0.0,0
2012-11-14T09:22:22.000,2216.8,7293,2216.6,18,0.0,0,0.0,0,0.0,0,0.0,0,2216.8,18,0.0,0,0.0,0,0.0,0,0.0,0
2012-11-14T09:22:22.500,2216.6,7294,2216.6,19,0.0,0,0.0,0,0.0,0,0.0,0,2216.8,18,0.0,0,0.0,0,0.0,0,0.0,0
2012-11-14T09:22:23.000,2216.6,7302,2216.6,11,0.0,0,0.0,0,0.0,0,0.0,0,2216.8,20,0.0,0,0.0,0,0.0,0,0.0,0
2012-11-14T09:22:23.500,2216.8,7306,2216.6,9,0.0,0,0.0,0,0.0,0,0.0,0,2216.8,18,0.0,0,0.0,0,0.0,0,0.0,0
2012-11-14T09:22:24.000,2216.6,7309,2216.6,8,0.0,0,0.0,0,0.0,0,0.0,0,2216.8,17,0.0,0,0.0,0,0.0,0,0.0,0
2012-11-14T09:22:24.500,2216.6,7314,2216.6,6,0.0,0,0.0,0,0.0,0,0.0,0,2216.8,18,0.0,0,0.0,0,0.0,0,0.0,0
2012-11-14T09:22:25.000,2216.6,7315,2216.6,5,0.0,0,0.0,0,0.0,0,0.0,0,2216.8,20,0.0,0,0.0,0,0.0,0,0.0,0
2012-11-14T09:22:25.500,2216.6,7317,2216.6,4,0.0,0,0.0,0,0.0,0,0.0,0,2216.8,20,0.0,0,0.0,0,0.0,0,0.0,0
2012-11-14T09:22:26.000,2216.6,7321,2216.4,15,0.0,0,0.0,0,0.0,0,0.0,0,2216.6,100,0.0,0,0.0,0,0.0,0,0.0,0
2012-11-14T09:22:26.500,2216.4,7345,2216.2,20,0.0,0,0.0,0,0.0,0,0.0,0,2216.4,7,0.0,0,0.0,0,0.0,0,0.0,0
2012-11-14T09:22:27.000,2216.4,7347,2216.2,21,0.0,0,0.0,0,0.0,0,0.0,0,2216.6,100,0.0,0,0.0,0,0.0,0,0.0,0
2012-11-14T09:22:27.500,2216.4,7353,2216.2,18,0.0,0,0.0,0,0.0,0,0.0,0,2216.4,13,0.0,0,0.0,0,0.0,0,0.0,0
2012-11-14T09:22:28.000,2216.2,7367,2216.2,15,0.0,0,0.0,0,0.0,0,0.0,0,2216.4,12,0.0,0,0.0,0,0.0,0,0.0,0
2012-11-14T09:22:28.500,2216.4,7381,2216.2,24,0.0,0,0.0,0,0.0,0,0.0,0,2216.4,10,0.0,0,0.0,0,0.0,0,0.0,0
2012-11-14T09:22:29.000,2216.4,7384,2216.2,26,0.0,0,0.0,0,0.0,0,0.0,0,2216.4,2,0.0,0,0.0,0,0.0,0,0.0,0
2012-11-14T09:22:29.500,2216.4,7385,2216.2,27,0.0,0,0.0,0,0.0,0,0.0,0,2216.6,99,0.0,0,0.0,0,0.0,0,0.0,0
2012-11-14T09:22:30.000,2216.2,7390,2216.2,28,0.0,0,0.0,0,0.0,0,0.0,0,2216.6,95,0.0,0,0.0,0,0.0,0,0.0,0
2012-11-14T09:22:30.500,2216.2,7392,2216.2,28,0.0,0,0.0,0,0.0,0,0.0,0,2216.6,95,0.0,0,0.0,0,0.0,0,0.0,0
2012-11-14T09:22:31.250,2216.2,7395,2216.2,26,0.0,0,0.0,0,0.0,0,0.0,0,2216.6,94,0.0,0,0.0,0,0.0,0,0.0,0
2012-11-14T09:22:32.250,2216.4,7397,2216.2,26,0.0,0,0.0,0,0.0,0,0.0,0,2216.6,97,0.0,0,0.0,0,0.0,0,0.0,0
2012-11-14T09:22:33.000,2216.6,7405,2216.2,24,0.0,0,0.0,0,0.0,0,0.0,0,2216.6,102,0.0,0,0.0,0,0.0,0,0.0,0
2012-11-14T09:22:33.500,2216.4,7408,2216.2,25,0.0,0,0.0,0,0.0,0,0.0,0,2216.6,102,0.0,0,0.0,0,0.0,0,0.0,0
2012-11-14T09:22:34.000,2216.6,7409,2216.2,26,0.0,0,0.0,0,0.0,0,0.0,0,2216.6,109,0.0,0,0.0,0,0.0,0,0.0,0
2012-11-14T09:22:34.500,2216.6,7410,2216.2,28,0.0,0,0.0,0,0.0,0,0.0,0,2216.6,114,0.0,0,0.0,0,0.0,0,0.0,0
2012-11-14T09:22:35.000,2216.2,7414,2216.2,24,0.0,0,0.0,0,0.0,0,0.0,0,2216.6,114,0.0,0,0.0,0,0.0,0,0.0,0
2012-11-14T09:22:35.500,2216.2,7415,2216.2,23,0.0,0,0.0,0,0.0,0,0.0,0,2216.6,114,0.0,0,0.0,0,0.0,0,0.0,0
2012-11-14T09:22:36.000,2216.4,7416,2216.4,1,0.0,0,0.0,0,0.0,0,0.0,0,2216.6,114,0.0,0,0.0,0,0.0,0,0.0,0
2012-11-14T09:22:36.500,2216.4,7419,2216.2,23,0.0,0,0.0,0,0.0,0,0.0,0,2216.6,114,0.0,0,0.0,0,0.0,0,0.0,0
2012-11-14T09:22:37.000,2216.6,7420,2216.2,24,0.0,0,0.0,0,0.0,0,0.0,0,2216.4,1,0.0,0,0.0,0,0.0,0,0.0,0
2012-11-14T09:22:37.500,2216.4,7422,2216.2,25,0.0,0,0.0,0,0.0,0,0.0,0,2216.6,114,0.0,0,0.0,0,0.0,0,0.0,0
2012-11-14T09:22:38.250,2216.2,7424,2216.2,25,0.0,0,0.0,0,0.0,0,0.0,0,2216.4,2,0.0,0,0.0,0,0.0,0,0.0,0
2012-11-14T09:22:39.000,2216.4,7426,2216.2,25,0.0,0,0.0,0,0.0,0,0.0,0,2216.4,2,0.0,0,0.0,0,0.0,0,0.0,0
2012-11-14T09:22:39.500,2216.2,7435,2216.2,16,0.0,0,0.0,0,0.0,0,0.0,0,2216.4,2,0.0,0,0.0,0,0.0,0,0.0,0
2012-11-14T09:22:40.250,2216.2,7436,2216.2,22,0.0,0,0.0,0,0.0,0,0.0,0,2216.4,4,0.0,0,0.0,0,0.0,0,0.0,0
2012-11-14T09:22:41.000,2216.2,7437,2216.2,30,0.0,0,0.0,0,0.0,0,0.0,0,2216.4,10,0.0,0,0.0,0,0.0,0,0.0,0
2012-11-14T09:22:41.500,2216.2,7440,2216.2,27,0.0,0,0.0,0,0.0,0,0.0,0,2216.4,10,0.0,0,0.0,0,0.0,0,0.0,0
2012-11-14T09:22:42.000,2216.4,7444,2216.2,26,0.0,0,0.0,0,0.0,0,0.0,0,2216.4,7,0.0,0,0.0,0,0.0,0,0.0,0
2012-11-14T09:22:42.500,2216.2,7449,2216.2,22,0.0,0,0.0,0,0.0,0,0.0,0,2216.4,7,0.0,0,0.0,0,0.0,0,0.0,0
2012-11-14T09:22:43.000,2216.4,7454,2216.2,20,0.0,0,0.0,0,0.0,0,0.0,0,2216.4,10,0.0,0,0.0,0,0.0,0,0.0,0
2012-11-14T09:22:43.500,2216.2,7456,2216.2,23,0.0,0,0.0,0,0.0,0,0.0,0,2216.4,10,0.0,0,0.0,0,0.0,0,0.0,0
2012-11-14T09:22:44.250,2216.2,7458,2216.2,22,0.0,0,0.0,0,0.0,0,0.0,0,2216.4,10,0.0,0,0.0,0,0.0,0,0.0,0
2012-11-14T09:22:45.250,2216.2,7460,2216.2,22,0.0,0,0.0,0,0.0,0,0.0,0,2216.4,11,0.0,0,0.0,0,0.0,0,0.0,0
2012-11-14T09:22:46.000,2216.4,7465,2216.2,19,0.0,0,0.0,0,0.0,0,0.0,0,2216.4,10,0.0,0,0.0,0,0.0,0,0.0,0
2012-11-14T09:22:46.500,2216.4,7472,2216.2,20,0.0,0,0.0,0,0.0,0,0.0,0,2216.4,4,0.0,0,0.0,0,0.0,0,0.0,0
2012-11-14T09:22:47.250,2216.2,7475,2216.2,17,0.0,0,0.0,0,0.0,0,0.0,0,2216.4,6,0.0,0,0.0,0,0.0,0,0.0,0
2012-11-14T09:22:48.000,2216.4,7480,2216.4,15,0.0,0,0.0,0,0.0,0,0.0,0,2216.6,103,0.0,0,0.0,0,0.0,0,0.0,0
2012-11-14T09:22:48.500,2216.4,7483,2216.4,15,0.0,0,0.0,0,0.0,0,0.0,0,2216.6,103,0.0,0,0.0,0,0.0,0,0.0,0
2012-11-14T09:22:49.000,2216.4,7486,2216.4,14,0.0,0,0.0,0,0.0,0,0.0,0,2216.6,101,0.0,0,0.0,0,0.0,0,0.0,0
2012-11-14T09:22:49.500,2216.6,7488,2216.4,15,0.0,0,0.0,0,0.0,0,0.0,0,2216.6,100,0.0,0,0.0,0,0.0,0,0.0,0
2012-11-14T09:22:50.000,2216.4,7492,2216.4,13,0.0,0,0.0,0,0.0,0,0.0,0,2216.6,100,0.0,0,0.0,0,0.0,0,0.0,0
2012-11-14T09:22:50.500,2216.6,7495,2216.4,11,0.0,0,0.0,0,0.0,0,0.0,0,2216.6,100,0.0,0,0.0,0,0.0,0,0.0,0
2012-11-14T09:22:51.000,2216.4,7496,2216.4,12,0.0,0,0.0,0,0.0,0,0.0,0,2216.6,100,0.0,0,0.0,0,0.0,0,0.0,0
2012-11-14T09:22:51.500,2216.6,7498,2216.4,14,0.0,0,0.0,0,0.0,0,0.0,0,2216.6,99,0.0,0,0.0,0,0.0,0,0.0,0
2012-11-14T09:22:52.000,2216.4,7500,2216.4,12,0.0,0,0.0,0,0.0,0,0.0,0,2216.6,99,0.0,0,0.0,0,0.0,0,0.0,0
2012-11-14T09:22:52.500,2216.6,7502,2216.4,16,0.0,0,0.0,0,0.0,0,0.0,0,2216.6,98,0.0,0,0.0,0,0.0,0,0.0,0
2012-11-14T09:22:53.000,2216.6,7503,2216.4,16,0.0,0,0.0,0,0.0,0,0.0,0,2216.6,98,0.0,0,0.0,0,0.0,0,0.0,0
2012-11-14T09:22:53.500,2216.4,7511,2216.4,11,0.0,0,0.0,0,0.0,0,0.0,0,2216.6,98,0.0,0,0.0,0,0.0,0,0.0,0
2012-11-14T09:22:54.250,2216.6,7514,2216.4,10,0.0,0,0.0,0,0.0,0,0.0,0,2216.6,96,0.0,0,0.0,0,0.0,0,0.0,0
2012-11-14T09:22:55.000,2216.6,7515,2216.4,10,0.0,0,0.0,0,0.0,0,0.0,0,2216.6,98,0.0,0,0.0,0,0.0,0,0.0,0
2012-11-14T09:22:55.500,2216.4,7521,2216.4,4,0.0,0,0.0,0,0.0,0,0.0,0,2216.6,98,0.0,0,0.0,0,0.0,0,0.0,0
2012-11-14T09:22:56.250,2216.4,7524,2216.4,7,0.0,0,0.0,0,0.0,0,0.0,0,2216.6,97,0.0,0,0.0,0,0.0,0,0.0,0
2012-11-14T09:22:57.250,2216.6,7525,2216.4,9,0.0,0,0.0,0,0.0,0,0.0,0,2216.6,99,0.0,0,0.0,0,0.0,0,0.0,0
2012-11-14T09:22:58.000,2216.6,7527,2216.4,9,0.0,0,0.0,0,0.0,0,0.0,0,2216.6,97,0.0,0,0.0,0,0.0,0,0.0,0
2012-11-14T09:22:58.500,2216.4,7532,2216.4,9,0.0,0,0.0,0,0.0,0,0.0,0,2216.6,93,0.0,0,0.0,0,0.0,0,0.0,0
2012-11-14T09:22:59.250,2216.6,7533,2216.4,10,0.0,0,0.0,0,0.0,0,0.0,0,2216.6,92,0.0,0,0.0,0,0.0,0,0.0,0
2012-11-14T09:23:00.000,2216.6,7537,2216.4,8,0.0,0,0.0,0,0.0,0,0.0,0,2216.6,90,0.0,0,0.0,0,0.0,0,0.0,0
2012-11-14T09:23:00.500,2216.6,7538,2216.4,8,0.0,0,0.0,0,0.0,0,0.0,0,2216.6,86,0.0,0,0.0,0,0.0,0,0.0,0
2012-11-14T09:23:01.250,2216.6,7548,2216.4,12,0.0,0,0.0,0,0.0,0,0.0,0,2216.6,17,0.0,0,0.0,0,0.0,0,0.0,0
2012-11-14T09:23:02.000,2216.6,7581,2216.6,11,0.0,0,0.0,0,0.0,0,0.0,0,2216.8,22,0.0,0,0.0,0,0.0,0,0.0,0
2012-11-14T09:23:02.500,2217,7614,2216.8,17,0.0,0,0.0,0,0.0,0,0.0,0,2217,48,0.0,0,0.0,0,0.0,0,0.0,0
2012-11-14T09:23:03.250,2216.8,7620,2216.8,14,0.0,0,0.0,0,0.0,0,0.0,0,2217,45,0.0,0,0.0,0,0.0,0,0.0,0
2012-11-14T09:23:04.000,2217,7632,2216.8,10,0.0,0,0.0,0,0.0,0,0.0,0,2217,40,0.0,0,0.0,0,0.0,0,0.0,0
2012-11-14T09:23:04.500,2217,7633,2216.8,10,0.0,0,0.0,0,0.0,0,0.0,0,2217,39,0.0,0,0.0,0,0.0,0,0.0,0
2012-11-14T09:23:05.000,2217,7636,2216.8,10,0.0,0,0.0,0,0.0,0,0.0,0,2217,40,0.0,0,0.0,0,0.0,0,0.0,0
2012-11-14T09:23:05.500,2217,7644,2216.8,9,0.0,0,0.0,0,0.0,0,0.0,0,2217,33,0.0,0,0.0,0,0.0,0,0.0,0
2012-11-14T09:23:06.000,2217,7649,2216.8,8,0.0,0,0.0,0,0.0,0,0.0,0,2217,29,0.0,0,0.0,0,0.0,0,0.0,0
2012-11-14T09:23:06.500,2216.8,7651,2216.8,7,0.0,0,0.0,0,0.0,0,0.0,0,2217,28,0.0,0,0.0,0,0.0,0,0.0,0
2012-11-14T09:23:07.000,2217,7654,2216.8,7,0.0,0,0.0,0,0.0,0,0.0,0,2217,24,0.0,0,0.0,0,0.0,0,0.0,0
2012-11-14T09:23:07.500,2216.8,7655,2216.8,6,0.0,0,0.0,0,0.0,0,0.0,0,2217,24,0.0,0,0.0,0,0.0,0,0.0,0
2012-11-14T09:23:08.000,2216.8,7661,2216.6,11,0.0,0,0.0,0,0.0,0,0.0,0,2217,25,0.0,0,0.0,0,0.0,0,0.0,0
2012-11-14T09:23:08.500,2217,7664,2216.6,5,0.0,0,0.0,0,0.0,0,0.0,0,2217,24,0.0,0,0.0,0,0.0,0,0.0,0
2012-11-14T09:23:09.000,2217,7668,2216.6,5,0.0,0,0.0,0,0.0,0,0.0,0,2217,20,0.0,0,0.0,0,0.0,0,0.0,0
2012-11-14T09:23:09.500,2216.8,7673,2216.8,5,0.0,0,0.0,0,0.0,0,0.0,0,2217,20,0.0,0,0.0,0,0.0,0,0.0,0
2012-11-14T09:23:10.000,2216.6,7680,2216.6,4,0.0,0,0.0,0,0.0,0,0.0,0,2216.8,1,0.0,0,0.0,0,0.0,0,0.0,0
2012-11-14T09:23:10.500,2217,7683,2216.6,6,0.0,0,0.0,0,0.0,0,0.0,0,2217,20,0.0,0,0.0,0,0.0,0,0.0,0
2012-11-14T09:23:11.000,2217,7685,2216.6,6,0.0,0,0.0,0,0.0,0,0.0,0,2217,19,0.0,0,0.0,0,0.0,0,0.0,0
2012-11-14T09:23:11.500,2217,7687,2216.6,7,0.0,0,0.0,0,0.0,0,0.0,0,2217,19,0.0,0,0.0,0,0.0,0,0.0,0
2012-11-14T09:23:12.000,2216.6,7693,2216.6,1,0.0,0,0.0,0,0.0,0,0.0,0,2216.8,2,0.0,0,0.0,0,0.0,0,0.0,0
2012-11-14T09:23:12.500,2216.8,7697,2216.4,19,0.0,0,0.0,0,0.0,0,0.0,0,2217,22,0.0,0,0.0,0,0.0,0,0.0,0
2012-11-14T09:23:13.000,2217,7719,2217,1,0.0,0,0.0,0,0.0,0,0.0,0,2217.2,19,0.0,0,0.0,0,0.0,0,0.0,0
2012-11-14T09:23:13.500,2216.6,7721,2216.4,19,0.0,0,0.0,0,0.0,0,0.0,0,2217,8,0.0,0,0.0,0,0.0,0,0.0,0
2012-11-14T09:23:14.000,2217,7726,2216.4,36,0.0,0,0.0,0,0.0,0,0.0,0,2217,9,0.0,0,0.0,0,0.0,0,0.0,0
2012-11-14T09:23:14.500,2217,7728,2216.6,3,0.0,0,0.0,0,0.0,0,0.0,0,2217,12,0.0,0,0.0,0,0.0,0,0.0,0
2012-11-14T09:23:15.000,2216.8,7731,2216.8,2,0.0,0,0.0,0,0.0,0,0.0,0,2217,12,0.0,0,0.0,0,0.0,0,0.0,0
2012-11-14T09:23:15.500,2217,7735,2216.6,8,0.0,0,0.0,0,0.0,0,0.0,0,2217,10,0.0,0,0.0,0,0.0,0,0.0,0
2012-11-14T09:23:16.000,2217,7737,2216.8,1,0.0,0,0.0,0,0.0,0,0.0,0,2217,8,0.0,0,0.0,0,0.0,0,0.0,0
2012-11-14T09:23:16.500,2217,7740,2216.6,21,0.0,0,0.0,0,0.0,0,0.0,0,2217,11,0.0,0,0.0,0,0.0,0,0.0,0
2012-11-14T09:23:17.000,2216.8,7742,2216.6,22,0.0,0,0.0,0,0.0,0,0.0,0,2217,12,0.0,0,0.0,0,0.0,0,0.0,0
2012-11-14T09:23:17.500,2216.6,7743,2216.6,21,0.0,0,0.0,0,0.0,0,0.0,0,2217,13,0.0,0,0.0,0,0.0,0,0.0,0
2012-11-14T09:23:18.000,2216.8,7748,2216.6,28,0.0,0,0.0,0,0.0,0,0.0,0,2217,11,0.0,0,0.0,0,0.0,0,0.0,0
2012-11-14T09:23:18.500,2216.6,7760,2216.6,18,0.0,0,0.0,0,0.0,0,0.0,0,2217,13,0.0,0,0.0,0,0.0,0,0.0,0
2012-11-14T09:23:19.250,2217,7762,2216.6,18,0.0,0,0.0,0,0.0,0,0.0,0,2217,15,0.0,0,0.0,0,0.0,0,0.0,0
2012-11-14T09:23:20.000,2217,7764,2216.6,27,0.0,0,0.0,0,0.0,0,0.0,0,2216.8,6,0.0,0,0.0,0,0.0,0,0.0,0
2012-11-14T09:23:20.500,2216.6,7777,2216.6,29,0.0,0,0.0,0,0.0,0,0.0,0,2217,19,0.0,0,0.0,0,0.0,0,0.0,0
2012-11-14T09:23:21.000,2216.6,7779,2216.6,28,0.0,0,0.0,0,0.0,0,0.0,0,2217,19,0.0,0,0.0,0,0.0,0,0.0,0
2012-11-14T09:23:21.500,2217,7783,2216.6,27,0.0,0,0.0,0,0.0,0,0.0,0,2217,18,0.0,0,0.0,0,0.0,0,0.0,0
2012-11-14T09:23:23.250,2216.6,7785,2216.6,27,0.0,0,0.0,0,0.0,0,0.0,0,2217,24,0.0,0,0.0,0,0.0,0,0.0,0
2012-11-14T09:23:24.000,2217,7795,2216.6,27,0.0,0,0.0,0,0.0,0,0.0,0,2217,14,0.0,0,0.0,0,0.0,0,0.0,0
2012-11-14T09:23:24.500,2216.6,7796,2216.6,27,0.0,0,0.0,0,0.0,0,0.0,0,2217,15,0.0,0,0.0,0,0.0,0,0.0,0
2012-11-14T09:23:25.250,2217,7799,2216.8,7,0.0,0,0.0,0,0.0,0,0.0,0,2217,13,0.0,0,0.0,0,0.0,0,0.0,0
2012-11-14T09:23:26.000,2216.8,7805,2216.8,7,0.0,0,0.0,0,0.0,0,0.0,0,2217,15,0.0,0,0.0,0,0.0,0,0.0,0
2012-11-14T09:23:26.500,2216.8,7815,2216.8,7,0.0,0,0.0,0,0.0,0,0.0,0,2217,6,0.0,0,0.0,0,0.0,0,0.0,0
2012-11-14T09:23:27.250,2216.8,7816,2216.8,9,0.0,0,0.0,0,0.0,0,0.0,0,2217,8,0.0,0,0.0,0,0.0,0,0.0,0
2012-11-14T09:23:28.000,2217,7818,2216.8,9,0.0,0,0.0,0,0.0,0,0.0,0,2217,8,0.0,0,0.0,0,0.0,0,0.0,0
2012-11-14T09:23:28.500,2217,7828,2217,2,0.0,0,0.0,0,0.0,0,0.0,0,2217.2,27,0.0,0,0.0,0,0.0,0,0.0,0
2012-11-14T09:23:29.000,2216.8,7831,2216.8,1,0.0,0,0.0,0,0.0,0,0.0,0,2217,4,0.0,0,0.0,0,0.0,0,0.0,0
2012-11-14T09:23:29.500,2217.2,7857,2216.6,31,0.0,0,0.0,0,0.0,0,0.0,0,2217.2,16,0.0,0,0.0,0,0.0,0,0.0,0
2012-11-14T09:23:30.000,2216.8,7860,2216.6,29,0.0,0,0.0,0,0.0,0,0.0,0,2216.8,1,0.0,0,0.0,0,0.0,0,0.0,0
2012-11-14T09:23:30.500,2216.8,7861,2216.8,1,0.0,0,0.0,0,0.0,0,0.0,0,2217,1,0.0,0,0.0,0,0.0,0,0.0,0
2012-11-14T09:23:31.000,2216.8,7862,2216.8,6,0.0,0,0.0,0,0.0,0,0.0,0,2217,5,0.0,0,0.0,0,0.0,0,0.0,0
2012-11-14T09:23:31.500,2217,7873,2217,1,0.0,0,0.0,0,0.0,0,0.0,0,2217.2,17,0.0,0,0.0,0,0.0,0,0.0,0
2012-11-14T09:23:32.250,2217,7874,2217,2,0.0,0,0.0,0,0.0,0,0.0,0,2217.2,19,0.0,0,0.0,0,0.0,0,0.0,0
2012-11-14T09:23:33.250,2217,7877,2216.8,15,0.0,0,0.0,0,0.0,0,0.0,0,2217,8,0.0,0,0.0,0,0.0,0,0.0,0
2012-11-14T09:23:34.000,2217.2,7906,2217,1,0.0,0,0.0,0,0.0,0,0.0,0,2217.2,1,0.0,0,0.0,0,0.0,0,0.0,0
2012-11-14T09:23:34.500,2217,7908,2216.8,21,0.0,0,0.0,0,0.0,0,0.0,0,2217,8,0.0,0,0.0,0,0.0,0,0.0,0
2012-11-14T09:23:35.000,2216.8,7910,2216.8,19,0.0,0,0.0,0,0.0,0,0.0,0,2217,14,0.0,0,0.0,0,0.0,0,0.0,0
2012-11-14T09:23:35.500,2217,7915,2216.8,19,0.0,0,0.0,0,0.0,0,0.0,0,2217,10,0.0,0,0.0,0,0.0,0,0.0,0
2012-11-14T09:23:36.250,2217,7921,2216.8,16,0.0,0,0.0,0,0.0,0,0.0,0,2217,8,0.0,0,0.0,0,0.0,0,0.0,0
2012-11-14T09:23:37.250,2216.8,7926,2216.8,15,0.0,0,0.0,0,0.0,0,0.0,0,2217,6,0.0,0,0.0,0,0.0,0,0.0,0
2012-11-14T09:23:38.000,2217,7927,2216.8,15,0.0,0,0.0,0,0.0,0,0.0,0,2217,6,0.0,0,0.0,0,0.0,0,0.0,0
2012-11-14T09:23:38.500,2217,7928,2216.8,15,0.0,0,0.0,0,0.0,0,0.0,0,2217,5,0.0,0,0.0,0,0.0,0,0.0,0
2012-11-14T09:23:39.000,2217,7933,2217,12,0.0,0,0.0,0,0.0,0,0.0,0,2217.2,9,0.0,0,0.0,0,0.0,0,0.0,0
2012-11-14T09:23:39.500,2217,7934,2217,11,0.0,0,0.0,0,0.0,0,0.0,0,2217.2,9,0.0,0,0.0,0,0.0,0,0.0,0
2012-11-14T09:23:40.250,2217.2,7940,2217,13,0.0,0,0.0,0,0.0,0,0.0,0,2217.2,4,0.0,0,0.0,0,0.0,0,0.0,0
2012-11-14T09:23:41.000,2217,7941,2217,17,0.0,0,0.0,0,0.0,0,0.0,0,2217.2,10,0.0,0,0.0,0,0.0,0,0.0,0
2012-11-14T09:23:41.500,2217,7943,2217,15,0.0,0,0.0,0,0.0,0,0.0,0,2217.2,10,0.0,0,0.0,0,0.0,0,0.0,0
2012-11-14T09:23:42.000,2217.2,7949,2217,10,0.0,0,0.0,0,0.0,0,0.0,0,2217.2,9,0.0,0,0.0,0,0.0,0,0.0,0
2012-11-14T09:23:42.500,2217,7951,2217,12,0.0,0,0.0,0,0.0,0,0.0,0,2217.2,9,0.0,0,0.0,0,0.0,0,0.0,0
2012-11-14T09:23:43.000,2217.2,7952,2217,12,0.0,0,0.0,0,0.0,0,0.0,0,2217.2,9,0.0,0,0.0,0,0.0,0,0.0,0
2012-11-14T09:23:43.500,2217.2,7963,2217.2,28,0.0,0,0.0,0,0.0,0,0.0,0,2217.4,18,0.0,0,0.0,0,0.0,0,0.0,0
2012-11-14T09:23:44.000,2217.2,7986,2217.2,8,0.0,0,0.0,0,0.0,0,0.0,0,2217.4,15,0.0,0,0.0,0,0.0,0,0.0,0
2012-11-14T09:23:44.500,2217.2,7987,2217.2,8,0.0,0,0.0,0,0.0,0,0.0,0,2217.4,15,0.0,0,0.0,0,0.0,0,0.0,0
2012-11-14T09:23:45.000,2217.2,7993,2217.2,18,0.0,0,0.0,0,0.0,0,0.0,0,2217.4,19,0.0,0,0.0,0,0.0,0,0.0,0
2012-11-14T09:23:45.500,2217.4,7998,2217.2,22,0.0,0,0.0,0,0.0,0,0.0,0,2217.4,16,0.0,0,0.0,0,0.0,0,0.0,0
2012-11-14T09:23:46.000,2217.4,8004,2217.2,20,0.0,0,0.0,0,0.0,0,0.0,0,2217.4,12,0.0,0,0.0,0,0.0,0,0.0,0
2012-11-14T09:23:46.500,2217.4,8014,2217.2,19,0.0,0,0.0,0,0.0,0,0.0,0,2217.4,4,0.0,0,0.0,0,0.0,0,0.0,0
2012-11-14T09:23:47.000,2217.4,8021,2217.4,4,0.0,0,0.0,0,0.0,0,0.0,0,2217.6,47,0.0,0,0.0,0,0.0,0,0.0,0
2012-11-14T09:23:47.500,2217.4,8025,2217.2,18,0.0,0,0.0,0,0.0,0,0.0,0,2217.4,13,0.0,0,0.0,0,0.0,0,0.0,0
2012-11-14T09:23:48.000,2217.4,8039,2217.2,8,0.0,0,0.0,0,0.0,0,0.0,0,2217.6,45,0.0,0,0.0,0,0.0,0,0.0,0
2012-11-14T09:23:48.500,2217.6,8046,2217.4,15,0.0,0,0.0,0,0.0,0,0.0,0,2217.6,40,0.0,0,0.0,0,0.0,0,0.0,0
2012-11-14T09:23:49.000,2217.4,8056,2217.4,15,0.0,0,0.0,0,0.0,0,0.0,0,2217.6,32,0.0,0,0.0,0,0.0,0,0.0,0
2012-11-14T09:23:49.500,2217.6,8058,2217.4,17,0.0,0,0.0,0,0.0,0,0.0,0,2217.6,31,0.0,0,0.0,0,0.0,0,0.0,0
2012-11-14T09:23:50.000,2217.6,8085,2217.4,3,0.0,0,0.0,0,0.0,0,0.0,0,2217.6,22,0.0,0,0.0,0,0.0,0,0.0,0
2012-11-14T09:23:50.500,2217.8,8145,2217.6,13,0.0,0,0.0,0,0.0,0,0.0,0,2217.8,5,0.0,0,0.0,0,0.0,0,0.0,0
2012-11-14T09:23:51.000,2217.6,8180,2217.2,4,0.0,0,0.0,0,0.0,0,0.0,0,2217.6,9,0.0,0,0.0,0,0.0,0,0.0,0
2012-11-14T09:23:51.500,2217.6,8186,2217.2,4,0.0,0,0.0,0,0.0,0,0.0,0,2217.6,7,0.0,0,0.0,0,0.0,0,0.0,0
2012-11-14T09:23:52.000,2217.4,8192,2217.2,11,0.0,0,0.0,0,0.0,0,0.0,0,2217.6,8,0.0,0,0.0,0,0.0,0,0.0,0
2012-11-14T09:23:52.500,2217.6,8194,2217.2,13,0.0,0,0.0,0,0.0,0,0.0,0,2217.6,16,0.0,0,0.0,0,0.0,0,0.0,0
2012-11-14T09:23:53.000,2217.2,8203,2217.2,14,0.0,0,0.0,0,0.0,0,0.0,0,2217.6,9,0.0,0,0.0,0,0.0,0,0.0,0
2012-11-14T09:23:53.500,2217.2,8211,2217.2,9,0.0,0,0.0,0,0.0,0,0.0,0,2217.8,8,0.0,0,0.0,0,0.0,0,0.0,0
2012-11-14T09:23:54.250,2217.4,8214,2217.2,13,0.0,0,0.0,0,0.0,0,0.0,0,2217.8,19,0.0,0,0.0,0,0.0,0,0.0,0
2012-11-14T09:23:55.000,2217.6,8241,2217.4,8,0.0,0,0.0,0,0.0,0,0.0,0,2217.6,2,0.0,0,0.0,0,0.0,0,0.0,0
2012-11-14T09:23:55.500,2217.4,8253,2217.4,4,0.0,0,0.0,0,0.0,0,0.0,0,2217.6,6,0.0,0,0.0,0,0.0,0,0.0,0
2012-11-14T09:23:56.000,2217.8,8265,2217.4,15,0.0,0,0.0,0,0.0,0,0.0,0,2218,63,0.0,0,0.0,0,0.0,0,0.0,0
2012-11-14T09:23:56.500,2217.6,8268,2217.6,13,0.0,0,0.0,0,0.0,0,0.0,0,2218,64,0.0,0,0.0,0,0.0,0,0.0,0
2012-11-14T09:23:57.000,2217.6,8270,2217.6,14,0.0,0,0.0,0,0.0,0,0.0,0,2217.8,3,0.0,0,0.0,0,0.0,0,0.0,0
2012-11-14T09:23:57.500,2217.8,8275,2217.8,2,0.0,0,0.0,0,0.0,0,0.0,0,2218,66,0.0,0,0.0,0,0.0,0,0.0,0
2012-11-14T09:23:58.000,2217.8,8278,2217.6,16,0.0,0,0.0,0,0.0,0,0.0,0,2217.8,9,0.0,0,0.0,0,0.0,0,0.0,0
2012-11-14T09:23:58.500,2217.8,8318,2217.8,2,0.0,0,0.0,0,0.0,0,0.0,0,2218,40,0.0,0,0.0,0,0.0,0,0.0,0
2012-11-14T09:23:59.000,2217.8,8320,2217.6,10,0.0,0,0.0,0,0.0,0,0.0,0,2217.8,13,0.0,0,0.0,0,0.0,0,0.0,0
2012-11-14T09:23:59.500,2217.6,8326,2217.6,5,0.0,0,0.0,0,0.0,0,0.0,0,2217.8,15,0.0,0,0.0,0,0.0,0,0.0,0
2012-11-14T09:24:00.000,2218,8349,2217.6,4,0.0,0,0.0,0,0.0,0,0.0,0,2217.8,3,0.0,0,0.0,0,0.0,0,0.0,0
2012-11-14T09:24:00.500,2217.8,8370,2217.8,47,0.0,0,0.0,0,0.0,0,0.0,0,2218,26,0.0,0,0.0,0,0.0,0,0.0,0
2012-11-14T09:24:01.000,2218,8383,2217.8,45,0.0,0,0.0,0,0.0,0,0.0,0,2218,17,0.0,0,0.0,0,0.0,0,0.0,0
2012-11-14T09:24:01.500,2217.8,8411,2217.8,49,0.0,0,0.0,0,0.0,0,0.0,0,2218,11,0.0,0,0.0,0,0.0,0,0.0,0
2012-11-14T09:24:02.000,2217.8,8429,2217.8,45,0.0,0,0.0,0,0.0,0,0.0,0,2218,2,0.0,0,0.0,0,0.0,0,0.0,0
2012-11-14T09:24:02.500,2218.2,8449,2218.2,39,0.0,0,0.0,0,0.0,0,0.0,0,2218.4,22,0.0,0,0.0,0,0.0,0,0.0,0
2012-11-14T09:24:03.000,2218.2,8500,2218,17,0.0,0,0.0,0,0.0,0,0.0,0,2218.4,17,0.0,0,0.0,0,0.0,0,0.0,0
2012-11-14T09:24:03.500,2218.4,8517,2218.2,1,0.0,0,0.0,0,0.0,0,0.0,0,2218.4,20,0.0,0,0.0,0,0.0,0,0.0,0
2012-11-14T09:24:04.000,2218.2,8546,2218,16,0.0,0,0.0,0,0.0,0,0.0,0,2218.2,24,0.0,0,0.0,0,0.0,0,0.0,0
2012-11-14T09:24:04.500,2218,8567,2217.8,51,0.0,0,0.0,0,0.0,0,0.0,0,2218,6,0.0,0,0.0,0,0.0,0,0.0,0
2012-11-14T09:24:05.000,2218.2,8578,2218,5,0.0,0,0.0,0,0.0,0,0.0,0,2218.2,25,0.0,0,0.0,0,0.0,0,0.0,0
2012-11-14T09:24:05.500,2218.2,8587,2218,6,0.0,0,0.0,0,0.0,0,0.0,0,2218.2,21,0.0,0,0.0,0,0.0,0,0.0,0
2012-11-14T09:24:06.000,2218,8600,2218,9,0.0,0,0.0,0,0.0,0,0.0,0,2218.2,24,0.0,0,0.0,0,0.0,0,0.0,0
2012-11-14T09:24:06.500,2218.2,8602,2218,12,0.0,0,0.0,0,0.0,0,0.0,0,2218.2,13,0.0,0,0.0,0,0.0,0,0.0,0
2012-11-14T09:24:07.000,2218.2,8616,2218,4,0.0,0,0.0,0,0.0,0,0.0,0,2218.2,10,0.0,0,0.0,0,0.0,0,0.0,0
2012-11-14T09:24:07.500,2218.2,8635,2217.8,48,0.0,0,0.0,0,0.0,0,0.0,0,2218.2,8,0.0,0,0.0,0,0.0,0,0.0,0
2012-11-14T09:24:08.000,2218,8649,2217.8,47,0.0,0,0.0,0,0.0,0,0.0,0,2218,14,0.0,0,0.0,0,0.0,0,0.0,0
2012-11-14T09:24:08.500,2218,8666,2217.8,46,0.0,0,0.0,0,0.0,0,0.0,0,2218,27,0.0,0,0.0,0,0.0,0,0.0,0
2012-11-14T09:24:09.000,2218,8679,2217.8,44,0.0,0,0.0,0,0.0,0,0.0,0,2218,16,0.0,0,0.0,0,0.0,0,0.0,0
2012-11-14T09:24:09.500,2218,8685,2217.8,40,0.0,0,0.0,0,0.0,0,0.0,0,2218,16,0.0,0,0.0,0,0.0,0,0.0,0
