9:14:00,2318.2,2318.2,2318.6,202,20,1
9:15:00,2318.6,2318.6,2319.4,136,155,1
9:15:01,2319.8,2319,2319.8,106,61,4
9:15:01,2319.6,2319.4,2319.6,123,63,10
9:15:02,2319.8,2319.8,2320,108,6,22
9:15:02,2320,2320,2320.6,101,16,4
9:15:03,2320.6,2320.6,2321.2,115,7,9
9:15:03,2320.6,2320.6,2321.2,62,25,16
9:15:04,2321.2,2321.2,2321.8,62,19,8
9:15:04,2321.6,2321.2,2321.4,99,76,2
9:15:05,2321.6,2321.4,2321.8,97,15,29
9:15:05,2321.6,2321.4,2321.6,47,14,2
9:15:06,2322,2321.6,2322,91,6,26
9:15:06,2321.8,2321.6,2321.8,24,6,3
9:15:07,2321.6,2321.8,2322,67,3,19
9:15:07,2322,2321.8,2322,46,13,7
9:15:08,2321.8,2322,2322.2,54,2,3
9:15:08,2322.2,2322.2,2322.4,20,38,12
9:15:09,2322,2321.8,2322,93,4,22
9:15:09,2321.8,2321.2,2321.8,75,32,11
9:15:10,2321.4,2321.2,2321.4,125,20,8
9:15:10,2321,2320.8,2321.2,45,8,17
9:15:11,2321,2320.8,2321,86,16,28
9:15:11,2321,2320.6,2321,80,26,104
9:15:12,2320.8,2320.6,2320.8,46,2,20
9:15:12,2320.4,2320.4,2320.6,50,4,34
9:15:13,2320.4,2320,2320.4,26,49,20
9:15:13,2320.4,2320.2,2320.4,35,5,27
9:15:14,2320,2320,2320.4,35,8,45
9:15:14,2320,2319.8,2320,43,6,30
9:15:15,2319.8,2319.8,2320,78,3,2
9:15:15,2320,2319.4,2320,51,44,26
9:15:16,2319.6,2319.6,2319.8,58,11,20
9:15:16,2319.8,2319.6,2319.8,42,1,56
9:15:17,2319.6,2319.2,2319.6,15,5,7
9:15:17,2319.6,2319.2,2319.6,7,5,18
9:15:18,2319.6,2319.2,2319.6,40,1,4
9:15:18,2319.2,2319,2319.2,43,31,30
9:15:19,2319.2,2319,2319.2,27,15,26
9:15:19,2319,2319,2319.2,23,8,42
9:15:20,2318.8,2318.8,2319.2,21,65,36
9:15:20,2318.8,2319.2,2319.4,47,1,3
9:15:21,2318.8,2318.8,2319.2,29,63,24
9:15:21,2318.8,2319,2319.2,35,25,20
9:15:22,2319,2319,2319.2,23,9,25
9:15:22,2319,2319,2319.2,28,10,16
9:15:23,2319.2,2319.2,2319.6,59,1,25
9:15:23,2319.2,2319.2,2319.6,14,22,21
9:15:24,2319.4,2319.4,2319.6,22,22,17
9:15:24,2319.6,2319.4,2319.6,16,18,13
9:15:25,2319.6,2319.6,2319.8,41,1,41
9:15:25,2319.2,2319.2,2319.6,34,14,28
9:15:26,2319.6,2319.4,2319.6,13,1,19
9:15:26,2319.6,2319.2,2319.4,12,18,8
9:15:27,2319.2,2319.2,2319.4,11,12,11
9:15:27,2319.4,2319.2,2319.4,22,6,2
9:15:28,2319.4,2319.4,2319.6,21,3,17
9:15:28,2319.2,2319.2,2319.6,5,11,17
9:15:29,2319.8,2319.6,2319.8,20,32,15
9:15:29,2319.8,2319.8,2320,35,7,37
9:15:30,2319.8,2319.8,2320,21,11,25
9:15:30,2320,2320,2320.2,26,10,4
9:15:31,2320.2,2320,2320.2,14,20,9
9:15:31,2320.2,2320,2320.2,18,92,10
9:15:32,2320,2320,2320.4,34,83,6
9:15:32,2320.4,2320.2,2320.4,4,29,4
9:15:33,2320.2,2320.2,2320.4,2,42,4
9:15:33,2320.4,2320.4,2320.6,7,8,28
9:15:34,2320.2,2320.2,2320.6,13,47,27
9:15:34,2320.2,2320.2,2320.4,13,31,30
9:15:35,2320.4,2320.2,2320.4,13,25,26
9:15:35,2320.2,2320,2320.2,37,113,4
9:15:36,2320.2,2320,2320.2,56,76,9
9:15:36,2320,2320,2320.2,59,24,5
9:15:37,2320,2319.6,2320,37,33,9
9:15:37,2319.8,2319.6,2319.8,15,33,1
9:15:38,2320,2319.8,2320,17,21,4
9:15:38,2320,2320,2320.2,9,10,36
9:15:39,2320,2320,2320.2,10,11,25
9:15:39,2320,2320,2320.2,7,5,18
9:15:40,2319.8,2319.8,2320,22,16,9
9:15:40,2319.8,2319.8,2320,21,1,17
9:15:41,2319.8,2319.6,2319.8,11,37,21
9:15:41,2319.8,2319.6,2319.8,19,28,16
9:15:42,2319.6,2319.6,2319.8,38,5,3
9:15:42,2320,2320,2320.2,42,21,14
9:15:43,2320,2320,2320.2,16,5,24
9:15:43,2320,2319.8,2320.2,12,7,14
9:15:44,2319.8,2319.8,2320,7,5,6
9:15:44,2320.2,2320,2320.2,16,9,11
9:15:45,2320,2319.8,2320.2,28,6,11
9:15:45,2319.8,2319.8,2320.2,13,9,11
9:15:46,2320.2,2319.8,2320,10,16,1
9:15:46,2320,2320,2320.2,31,21,1
9:15:47,2320.2,2320,2320.2,12,24,99
9:15:47,2320.2,2320,2320.2,21,18,95
9:15:48,2320,2319.8,2320,29,8,41
9:15:48,2319.8,2319.6,2319.8,18,18,16
9:15:49,2319.8,2319.8,2320,36,13,50
9:15:49,2320,2319.8,2320,4,23,76
9:15:50,2320,2319.8,2320,17,30,65
9:15:50,2320,2319.8,2320,16,28,51
9:15:51,2320,2319.8,2320,13,21,46
9:15:51,2320,2319.8,2320,15,20,43
9:15:52,2320,2319.8,2320,17,10,38
9:15:52,2319.8,2319.8,2320,10,6,32
9:15:53,2320,2320,2320.2,61,13,111
9:15:53,2320,2319.6,2319.8,16,22,1
9:15:54,2320,2319.6,2320.2,7,22,111
9:15:54,2319.6,2319.6,2319.8,6,20,1
9:15:55,2319.6,2319.6,2320,12,15,9
9:15:55,2319.6,2319.6,2319.8,11,11,28
9:15:56,2319.8,2319.6,2319.8,7,12,24
9:15:56,2319.4,2319.4,2319.6,23,15,19
9:15:57,2319.6,2319.4,2319.6,21,5,11
9:15:57,2319.6,2319.4,2319.6,5,4,14
9:15:58,2319.4,2319.2,2319.4,7,58,6
9:15:58,2319.4,2319.4,2319.6,13,22,13
9:15:59,2319.4,2319.6,2319.8,34,14,16
9:15:59,2319.6,2319.6,2319.8,2,13,16
9:16:00,2319.6,2319.6,2319.8,13,16,5
9:16:00,2319.6,2319.4,2319.6,35,21,3
9:16:01,2319.4,2319.4,2319.6,12,16,4
9:16:01,2319.8,2319.6,2319.8,34,7,4
9:16:02,2319.4,2319.4,2319.6,19,4,4
9:16:02,2319.6,2319.2,2319.6,9,55,5
9:16:03,2319.6,2319.4,2319.6,5,3,5
9:16:03,2319.6,2319.2,2319.6,13,56,7
9:16:04,2319.2,2319.2,2319.8,17,60,12
9:16:04,2319.6,2319.6,2319.8,4,40,15
9:16:05,2319.6,2319.6,2319.8,6,39,11
9:16:05,2319.8,2319.6,2319.8,18,32,5
9:16:06,2319.8,2319.6,2319.8,15,21,2
9:16:06,2319.6,2319.4,2319.6,29,21,10
9:16:07,2319.8,2319.4,2319.6,12,20,1
9:16:07,2319.6,2319.4,2319.6,10,29,4
9:16:08,2319.8,2319.4,2320,16,36,53
9:16:08,2319.6,2319.6,2319.8,3,6,12
9:16:09,2319.6,2319.6,2319.8,5,18,9
9:16:09,2319.8,2319.6,2319.8,19,20,7
9:16:10,2319.8,2319.6,2319.8,3,30,5
9:16:10,2319.6,2319.6,2319.8,20,23,1
9:16:11,2319.8,2319.8,2320,1,1,59
9:16:11,2320,2319.8,2320,2,2,57
9:16:12,2319.6,2319.4,2319.6,36,30,1
9:16:12,2319.6,2319.6,2319.8,5,45,1
9:16:13,2319.8,2319.6,2319.8,2,48,6
9:16:13,2320,2319.8,2320,11,3,53
9:16:14,2320,2319.8,2320,8,3,52
9:16:14,2319.8,2319.8,2320,11,13,52
9:16:15,2320,2319.8,2320,30,18,23
9:16:15,2320.2,2320,2320.2,25,23,119
9:16:16,2320.2,2320,2320.2,16,20,106
9:16:16,2320.2,2320,2320.2,10,27,100
9:16:17,2320.2,2320,2320.2,50,20,66
9:16:17,2320.2,2320,2320.2,41,19,28
9:16:18,2320.4,2320.2,2320.4,46,5,1
9:16:18,2320.4,2320.2,2320.4,15,7,14
9:16:19,2320.2,2320.2,2320.4,3,11,23
9:16:19,2320.4,2320.2,2320.4,24,12,3
9:16:20,2320.6,2320.2,2320.6,15,11,16
9:16:20,2320.4,2320.2,2320.4,6,11,10
9:16:21,2320.4,2320.2,2320.4,10,10,2
9:16:21,2320.2,2320.4,2320.6,4,22,12
9:16:22,2320.2,2320.4,2320.6,13,30,12
9:16:22,2320.4,2320.4,2320.6,4,28,11
9:16:23,2320.6,2320.4,2320.6,2,34,10
9:16:23,2320.4,2320.4,2320.6,10,30,13
9:16:24,2320.6,2320.6,2320.8,17,32,13
9:16:24,2320.6,2320.6,2320.8,3,34,13
9:16:25,2320.6,2320.6,2320.8,9,30,13
9:16:25,2320.8,2320.8,2321,21,28,25
9:16:26,2321,2320.8,2321,6,30,22
9:16:26,2321,2321,2321.2,24,26,15
9:16:27,2321,2321,2321.2,18,22,3
9:16:27,2321.2,2321.2,2321.4,17,9,2
9:16:28,2321.6,2321.2,2321.8,15,2,38
9:16:28,2321.4,2321.4,2321.6,4,18,1
9:16:29,2321.4,2321.4,2321.6,16,11,20
9:16:29,2321.6,2321.4,2321.6,6,11,15
9:16:30,2321.6,2321.6,2321.8,26,3,36
9:16:30,2321.6,2321.6,2321.8,15,2,26
9:16:31,2321.8,2321.6,2321.8,12,7,15
9:16:31,2321.8,2321.6,2321.8,22,2,13
9:16:32,2321.8,2321.8,2322,53,22,6
9:16:32,2321.8,2321.8,2322,20,11,1
9:16:33,2322,2322,2322.2,21,52,12
9:16:33,2322.2,2322.2,2322.4,19,2,4
9:16:34,2322.6,2322.6,2322.8,44,3,28
9:16:34,2322.8,2322.4,2322.6,70,1,4
9:16:35,2322.6,2322.2,2322.6,62,1,5
9:16:35,2322.6,2322.2,2322.8,52,13,18
9:16:36,2322.2,2322.2,2322.4,25,8,1
9:16:36,2322.2,2322,2322.4,27,48,2
9:16:37,2322.4,2322.4,2322.6,24,3,6
9:16:37,2322.4,2322.2,2322.4,27,2,1
9:16:38,2322.2,2322,2322.2,14,47,90
9:16:38,2322,2322,2322.2,115,3,25
9:16:39,2322,2321.8,2322,17,20,40
9:16:39,2322,2321.8,2322,54,5,44
9:16:40,2321.8,2321.6,2321.8,35,12,1
9:16:40,2321.6,2321.8,2322,20,2,45
9:16:41,2321.6,2321.6,2321.8,54,10,3
9:16:41,2321.6,2321.6,2322,12,9,27
9:16:42,2321.6,2321.4,2321.6,17,14,13
9:16:42,2321.6,2321.4,2321.6,12,14,31
9:16:43,2321.6,2321.4,2321.6,26,4,22
9:16:43,2321.4,2321.2,2321.6,6,12,20
9:16:44,2321.2,2321.2,2321.4,5,11,2
9:16:44,2321.6,2321.2,2321.4,39,1,1
9:16:45,2321.4,2321.4,2321.6,32,29,4
9:16:45,2321.4,2321.4,2321.8,11,28,15
9:16:46,2321.4,2321.4,2321.8,16,22,19
9:16:46,2321.6,2321.4,2321.6,9,27,4
9:16:47,2321.6,2321.4,2321.8,12,28,12
9:16:47,2321.6,2321.8,2322,20,1,33
9:16:48,2322,2321.8,2322,25,1,21
9:16:48,2321.8,2321.8,2322,10,6,15
9:16:49,2321.8,2321.8,2322,9,11,10
9:16:49,2321.8,2322,2322.2,11,6,39
9:16:50,2322,2321.8,2322.2,11,12,34
9:16:50,2322.2,2321.8,2322.2,24,9,13
9:16:51,2322.2,2321.8,2322,5,15,3
9:16:51,2321.8,2321.8,2322,7,11,19
9:16:52,2321.8,2321.8,2322,13,7,12
9:16:52,2322,2321.6,2322,17,8,9
9:16:53,2321.6,2321.6,2321.8,19,1,10
9:16:53,2322,2321.8,2322,16,3,5
9:16:54,2321.6,2321.6,2322,7,2,11
9:16:54,2321.6,2321.6,2322,5,17,26
9:16:55,2321.6,2321.6,2321.8,18,1,13
9:16:55,2321.8,2321.6,2321.8,5,2,9
9:16:56,2321.8,2321.6,2321.8,7,2,4
9:16:56,2321.6,2321.4,2321.6,3,39,9
9:16:57,2321.4,2321.4,2321.6,11,37,14
9:16:57,2321.6,2321.4,2321.6,2,37,52
9:16:58,2321.4,2321.4,2321.6,12,26,56
9:16:58,2321.4,2321.2,2321.4,30,11,13
9:16:59,2321.2,2321.2,2321.4,13,1,20
9:16:59,2321.2,2321,2321.2,6,53,1
9:17:00,2321,2321,2321.2,8,50,3
9:17:00,2321.4,2321.2,2321.4,17,2,11
9:17:01,2321.2,2321.2,2321.4,16,6,10
9:17:01,2321.2,2321,2321.2,23,42,3
9:17:02,2321.4,2321.2,2321.4,36,10,1
9:17:02,2321.6,2321.4,2321.6,20,1,36
9:17:03,2321.4,2321.2,2321.6,8,14,34
9:17:03,2321.6,2321.4,2321.6,19,10,16
9:17:04,2321.6,2321.4,2321.6,4,9,13
9:17:04,2321.6,2321.6,2321.8,21,4,14
9:17:05,2321.6,2321.6,2321.8,6,7,14
9:17:05,2321.8,2321.6,2321.8,2,17,13
9:17:06,2321.6,2321.6,2321.8,13,11,11
9:17:06,2321.8,2321.8,2322,13,2,67
9:17:07,2321.8,2321.8,2322,6,1,62
9:17:07,2321.6,2321.6,2321.8,2,60,4
9:17:08,2321.8,2321.6,2321.8,6,64,5
9:17:08,2321.6,2321.6,2321.8,14,62,8
9:17:09,2321.6,2321.6,2321.8,6,59,5
9:17:09,2321.8,2321.8,2322,15,2,57
9:17:10,2321.8,2321.8,2322,2,2,57
9:17:10,2321.6,2321.6,2321.8,34,35,5
9:17:11,2321.8,2321.6,2321.8,13,30,5
9:17:11,2321.8,2321.6,2321.8,15,30,6
9:17:12,2321.8,2321.6,2321.8,23,18,9
9:17:12,2321.8,2321.6,2321.8,3,19,6
9:17:13,2321.4,2321.4,2321.8,29,13,22
9:17:13,2321.8,2321.4,2321.6,6,11,12
9:17:14,2321.4,2321.4,2321.6,4,7,20
9:17:14,2321.4,2321.4,2321.6,11,6,19
9:17:15,2321.6,2321.2,2321.4,13,22,1
9:17:15,2321.6,2321.4,2321.6,2,18,13
9:17:16,2321.4,2321.4,2321.6,1,20,14
9:17:16,2321.6,2321.6,2321.8,9,1,15
9:17:17,2321.4,2321.4,2321.8,8,29,13
9:17:17,2321.4,2321.6,2321.8,13,8,13
9:17:18,2321.4,2321.6,2321.8,2,12,13
9:17:18,2321.6,2321.6,2321.8,6,23,12
9:17:19,2321.8,2321.6,2321.8,10,22,5
9:17:19,2322,2321.6,2322,13,20,61
9:17:20,2321.6,2321.6,2322,40,16,27
9:17:20,2321.6,2321.6,2321.8,18,16,3
9:17:21,2322,2321.8,2322,24,11,2
9:17:21,2321.8,2321.8,2322,4,9,6
9:17:22,2322.2,2322,2322.2,22,7,12
9:17:22,2322,2322,2322.2,3,12,11
9:17:23,2322,2322,2322.2,2,10,12
9:17:23,2322.2,2322,2322.2,9,11,4
9:17:24,2322,2322,2322.2,3,9,3
9:17:24,2322.2,2322.2,2322.4,12,18,53
9:17:25,2322.2,2322.2,2322.4,13,12,48
9:17:25,2322.2,2322.2,2322.4,22,3,38
9:17:26,2322.2,2322.2,2322.4,17,2,24
9:17:26,2322.4,2322.2,2322.4,24,1,14
9:17:27,2322,2322,2322.2,6,14,1
9:17:27,2322.4,2322.2,2322.4,6,11,7
9:17:28,2322.4,2322.2,2322.4,12,10,2
9:17:28,2322.4,2322.4,2322.6,9,1,19
9:17:29,2322.4,2322.2,2322.4,7,15,10
9:17:29,2322.4,2322.4,2322.6,20,4,20
9:17:30,2322.4,2322.4,2322.6,10,1,19
9:17:30,2322.4,2322.4,2322.6,11,1,17
9:17:31,2322.6,2322.4,2322.6,7,3,11
9:17:31,2322.6,2322.4,2322.6,5,4,12
9:17:32,2322.4,2322.2,2322.4,14,9,11
9:17:32,2322.4,2322.2,2322.4,11,9,2
9:17:33,2322.4,2322.2,2322.4,5,9,4
9:17:33,2322.4,2322.4,2322.6,31,1,8
9:17:34,2322.2,2322,2322.2,5,30,1
9:17:34,2322,2322,2322.2,2,29,1
9:17:35,2322.4,2322.2,2322.4,14,1,18
9:17:35,2322.2,2322.2,2322.4,5,6,15
9:17:36,2322.2,2322.2,2322.4,23,4,15
9:17:36,2322.2,2322.2,2322.4,6,2,16
9:17:37,2322.2,2322,2322.2,22,8,3
9:17:37,2322.2,2322,2322.2,4,9,21
9:17:38,2322.2,2322,2322.2,24,12,8
9:17:38,2321.8,2321.8,2322.2,26,19,9
9:17:39,2322,2322,2322.2,2,4,17
9:17:39,2322,2321.8,2322,8,30,1
9:17:40,2322.4,2321.8,2322.4,32,19,18
9:17:40,2322,2322,2322.4,1,1,21
9:17:41,2322.6,2322.4,2322.6,25,12,17
9:17:41,2322.4,2322.4,2322.6,6,6,22
9:17:42,2322,2322.4,2322.6,9,5,22
9:17:42,2322.4,2322.4,2322.6,6,5,23
9:17:43,2322.6,2322.4,2322.6,10,3,16
9:17:43,2322,2322,2322.2,4,24,1
9:17:44,2322,2322,2322.2,2,20,1
9:17:44,2322.4,2322.2,2322.4,5,5,1
9:17:45,2322.4,2322.4,2322.6,2,3,20
9:17:46,2322.2,2322,2322.2,20,17,15
9:17:46,2322.2,2322,2322.2,6,17,9
9:17:47,2322,2322,2322.2,6,20,4
9:17:47,2322.2,2322,2322.4,24,20,15
9:17:48,2322,2322,2322.4,21,4,22
9:17:49,2322.2,2322,2322.2,1,8,9
9:17:49,2322.2,2322,2322.2,7,5,6
9:17:50,2322,2322,2322.2,5,8,5
9:17:50,2322,2321.8,2322,10,26,3
9:17:51,2321.8,2321.8,2322.2,5,25,7
9:17:51,2322.2,2321.8,2322,8,23,4
9:17:52,2321.8,2321.8,2322,2,23,4
9:17:52,2321.8,2321.8,2322,3,32,6
9:17:53,2322,2321.8,2322.2,6,32,4
9:17:53,2321.8,2321.8,2322.2,12,21,4
9:17:54,2322.2,2322,2322.2,15,10,8
9:17:54,2322,2322,2322.4,1,10,26
9:17:55,2322.2,2322,2322.2,11,7,7
9:17:55,2322.2,2322,2322.2,6,7,2
9:17:56,2322,2322,2322.4,17,3,24
9:17:56,2322.2,2322.2,2322.4,8,13,25
9:17:57,2322.4,2322.2,2322.4,1,13,25
9:17:57,2322.4,2322.2,2322.4,5,17,21
9:17:58,2322.4,2322.2,2322.4,20,16,2
9:17:58,2322.4,2322.4,2322.6,4,81,28
9:17:59,2322.6,2322.6,2322.8,32,38,59
9:17:59,2322.8,2322.8,2323,80,2,183
9:18:00,2322.8,2322.8,2323,62,32,144
9:18:00,2322.8,2322.8,2323,113,27,60
9:18:01,2323.2,2323,2323.2,69,36,8
9:18:01,2323.6,2323.2,2323.6,38,11,23
9:18:02,2323.6,2323.6,2323.8,87,2,57
9:18:02,2323.6,2323.2,2323.6,35,9,10
9:18:03,2323.6,2323.2,2323.4,33,7,46
9:18:03,2323.2,2323,2323.2,17,60,23
9:18:04,2323,2323,2323.2,14,54,43
9:18:04,2323.4,2323.2,2323.4,71,5,23
9:18:05,2323.2,2323.2,2323.4,29,3,12
9:18:05,2323.4,2323.4,2323.6,43,3,25
9:18:06,2323.4,2323.4,2323.6,7,5,26
9:18:06,2323.6,2323.6,2323.8,31,4,51
9:18:07,2323.8,2323.2,2323.8,15,9,52
9:18:07,2323.2,2323.2,2323.8,31,23,34
9:18:08,2324,2323.8,2324,49,23,25
9:18:08,2323.6,2323.6,2323.8,64,1,6
9:18:09,2324,2323.8,2324.2,36,28,3
9:18:09,2324,2323.8,2324.4,39,35,24
9:18:10,2324,2323.8,2324,29,31,24
9:18:10,2323.8,2323.4,2323.8,63,2,5
9:18:11,2323.8,2323.4,2323.8,25,11,29
9:18:11,2323.6,2323.4,2323.6,32,15,6
9:18:12,2323.8,2323.6,2323.8,30,1,15
9:18:12,2323.8,2323.6,2324,23,1,44
9:18:13,2323.6,2323.6,2324,6,7,37
9:18:13,2323.8,2323.8,2324,20,6,24
9:18:14,2323.8,2323.8,2324.4,32,4,26
9:18:14,2324,2324,2324.2,7,41,2
9:18:15,2324.2,2324.2,2324.4,40,14,17
9:18:15,2324.4,2324.4,2324.6,41,7,18
9:18:16,2324.4,2324.4,2324.6,22,8,11
9:18:16,2324.8,2324.6,2324.8,36,6,27
9:18:17,2324.8,2324.8,2325,93,6,162
9:18:17,2324.8,2324.6,2324.8,59,21,2
9:18:18,2324.8,2324.6,2324.8,18,18,18
9:18:18,2324.8,2324.4,2324.8,39,9,12
9:18:19,2324.4,2324.4,2324.6,39,19,16
9:18:19,2324.4,2324.4,2324.6,27,12,14
9:18:20,2324.6,2324.6,2324.8,40,4,42
9:18:20,2324,2324,2324.8,15,30,35
9:18:21,2324.4,2324.4,2324.6,15,2,15
9:18:21,2324.4,2324.2,2324.4,36,30,35
9:18:22,2324.4,2324.2,2324.4,9,28,38
9:18:22,2324.2,2324.2,2324.4,24,15,36
9:18:23,2324.2,2324,2324.2,27,37,20
9:18:23,2324,2324,2324.2,25,29,10
9:18:24,2324,2324,2324.2,7,30,9
9:18:24,2324,2324,2324.2,38,25,2
9:18:25,2324,2324,2324.2,12,19,3
9:18:25,2324.2,2324.2,2324.4,9,20,34
9:18:26,2324.4,2324.2,2324.4,17,16,23
9:18:26,2324.4,2324.2,2324.4,13,72,24
9:18:27,2324.2,2324.2,2324.4,18,78,21
9:18:27,2324.4,2324.4,2324.6,17,22,35
9:18:28,2324.4,2324.4,2324.6,18,6,36
9:18:28,2324.6,2324.4,2324.6,7,8,30
9:18:29,2324.4,2324.2,2324.4,16,84,8
9:18:29,2324.4,2324.4,2324.6,15,1,25
9:18:30,2324.4,2324.2,2324.4,6,81,2
9:18:30,2324.4,2324.2,2324.6,11,73,26
9:18:31,2324.4,2324.2,2324.4,10,73,1
9:18:31,2324.4,2324.2,2324.4,2,74,13
9:18:32,2324.4,2324.4,2324.6,19,5,28
9:18:32,2324.2,2324.2,2324.4,6,72,5
9:18:33,2324.4,2324.2,2324.4,12,64,13
9:18:33,2324.2,2324.2,2324.4,21,55,12
9:18:34,2324.2,2324.2,2324.4,23,39,52
9:18:34,2324.2,2324,2324.2,55,56,36
9:18:35,2324,2324,2324.2,36,23,55
9:18:35,2324,2323.8,2324.2,45,19,50
9:18:36,2323.8,2323.8,2324.2,8,22,45
9:18:36,2324,2324,2324.2,23,11,29
9:18:37,2324,2324,2324.2,26,1,27
9:18:37,2324,2324,2324.2,5,9,27
9:18:38,2324.2,2324,2324.2,7,19,25
9:18:38,2324,2324,2324.2,6,17,25
9:18:39,2324,2324,2324.2,17,17,16
9:18:39,2324,2324,2324.2,21,6,14
9:18:40,2324,2324,2324.2,7,11,10
9:18:40,2324,2324,2324.2,7,8,6
9:18:41,2324,2323.8,2324,16,42,13
9:18:41,2324,2323.8,2324,9,40,29
9:18:42,2324,2324,2324.2,41,19,4
9:18:42,2324,2324,2324.2,7,14,5
9:18:43,2324,2324,2324.2,7,8,4
9:18:43,2324,2324,2324.2,9,12,1
9:18:44,2324.2,2324,2324.4,21,17,51
9:18:44,2324,2324,2324.2,1,19,5
9:18:45,2324,2324,2324.4,14,12,49
9:18:45,2324,2324,2324.4,1,28,50
9:18:46,2324,2324.2,2324.4,29,3,38
9:18:46,2324.2,2324.2,2324.4,1,9,38
9:18:47,2324.2,2324.2,2324.4,3,17,39
9:18:47,2324.2,2324.2,2324.4,11,13,34
9:18:48,2324.4,2324.2,2324.4,13,12,23
9:18:48,2324.2,2324,2324.2,14,20,8
9:18:49,2324.4,2324.2,2324.4,11,16,21
9:18:49,2324.2,2324.2,2324.4,6,12,20
9:18:50,2324.2,2324.2,2324.4,2,14,21
9:18:50,2324.2,2324.2,2324.4,22,15,2
9:18:51,2324.2,2324.2,2324.4,10,5,2
9:18:51,2324.2,2324.2,2324.4,3,4,4
9:18:52,2324.4,2324.2,2324.4,5,15,7
9:18:52,2324.4,2324.2,2324.4,22,13,10
9:18:53,2324.2,2324.2,2324.4,2,14,20
9:18:53,2324.4,2324.2,2324.4,11,15,20
9:18:54,2324.2,2324,2324.2,17,37,9
9:18:54,2324.2,2324,2324.2,2,37,10
9:18:55,2324,2324,2324.2,9,35,16
9:18:55,2324,2324,2324.2,22,22,14
9:18:56,2324,2324,2324.2,13,12,20
9:18:56,2324,2323.8,2324,18,40,8
9:18:57,2324,2323.8,2324,12,32,13
9:18:57,2323.8,2323.8,2324,4,30,16
9:18:58,2323.8,2323.8,2324,6,28,14
9:18:58,2324,2323.8,2324,6,26,13
9:18:59,2324,2323.8,2324,27,3,10
9:18:59,2323.8,2323.8,2324,20,3,9
9:19:00,2323.8,2323.6,2324,5,28,9
9:19:00,2324,2323.8,2324,6,3,6
9:19:01,2323.8,2323.6,2323.8,7,28,1
9:19:01,2324.2,2323.8,2324.2,18,1,46
9:19:02,2324,2323.6,2324,8,29,5
9:19:02,2324,2323.8,2324,3,3,24
9:19:03,2324,2323.6,2324,19,21,19
9:19:03,2324,2323.6,2324,11,19,26
9:19:04,2323.6,2323.6,2323.8,10,18,1
9:19:04,2323.6,2323.4,2323.6,27,14,3
9:19:05,2323.6,2323.4,2323.6,8,19,6
9:19:05,2323.4,2323.2,2323.4,29,13,19
9:19:06,2323.4,2323.2,2323.4,26,10,8
9:19:06,2323.4,2323.2,2323.4,16,4,2
9:19:07,2323.2,2323,2323.2,29,46,36
9:19:07,2323.2,2323,2323.2,12,54,37
9:19:08,2323,2323,2323.2,15,42,47
9:19:08,2323,2323,2323.2,35,17,40
9:19:09,2323,2322.8,2323,34,13,70
9:19:09,2322.8,2322.6,2322.8,41,45,5
9:19:10,2323,2322.6,2323,30,43,64
9:19:10,2322.8,2322.8,2323,9,3,68
9:19:11,2323,2322.6,2322.8,40,47,1
9:19:11,2322.8,2322.8,2323,12,2,56
9:19:12,2323,2322.8,2323,16,10,48
9:19:12,2322.8,2322.6,2322.8,35,58,23
9:19:13,2322.6,2322.8,2323,38,2,41
9:19:13,2322.8,2322.6,2322.8,72,69,6
9:19:14,2322.8,2322.6,2322.8,23,53,5
9:19:14,2322.8,2322.8,2323.2,10,20,30
9:19:15,2323,2323,2323.2,34,6,8
9:19:15,2323,2323,2323.2,14,1,7
9:19:16,2323,2322.8,2323.2,13,43,15
9:19:16,2322.8,2322.8,2323.2,6,43,17
9:19:17,2323.2,2323,2323.2,17,6,15
9:19:17,2323,2323,2323.2,6,9,12
9:19:18,2323,2323,2323.2,19,26,4
9:19:18,2323.2,2323.2,2323.4,10,35,17
9:19:19,2323.4,2323.2,2323.4,15,21,11
9:19:19,2323.2,2323.2,2323.4,4,51,9
9:19:20,2323.2,2323.2,2323.4,8,51,15
9:19:20,2323.2,2323.2,2323.4,12,41,14
9:19:21,2323.2,2323.2,2323.4,2,39,15
9:19:21,2323.4,2323.2,2323.4,11,43,17
9:19:22,2323.4,2323.2,2323.4,9,39,33
9:19:22,2323.4,2323.2,2323.4,33,7,32
9:19:23,2323.2,2323.2,2323.4,2,5,32
9:19:23,2323.2,2323,2323.2,45,60,8
9:19:24,2323.2,2323.2,2323.6,11,2,5
9:19:24,2323.6,2323.6,2323.8,6,4,8
9:19:25,2323.6,2323.4,2323.6,14,15,1
9:19:25,2323.6,2323.6,2324,12,5,31
9:19:26,2323.6,2323.4,2324,5,28,44
9:19:26,2323.6,2323.6,2323.8,21,1,1
9:19:27,2323.6,2323.8,2324,4,5,27
9:19:28,2324,2323.6,2324,10,11,30
9:19:28,2323.6,2323.8,2324,3,10,31
9:19:29,2324,2323.8,2324,15,16,17
9:19:29,2324,2323.8,2324,5,19,12
9:19:30,2324,2323.8,2324,11,24,3
9:19:30,2323.8,2324,2324.2,6,2,18
9:19:31,2324.2,2324,2324.2,6,9,13
9:19:31,2324,2324,2324.2,6,15,14
9:19:32,2324,2324,2324.2,6,16,13
9:19:32,2324,2324,2324.2,5,14,10
9:19:33,2324,2324,2324.4,15,15,19
9:19:33,2324,2324,2324.4,2,26,18
9:19:34,2324,2324.2,2324.4,2,3,18
9:19:34,2324.4,2324.2,2324.4,4,27,38
9:19:35,2324.2,2324.2,2324.4,13,24,34
9:19:35,2324.4,2324.2,2324.4,3,25,34
9:19:36,2324.4,2324.2,2324.4,5,24,32
9:19:36,2324.4,2324.2,2324.4,22,24,10
9:19:37,2324.4,2324.4,2324.6,28,1,41
9:19:37,2324.6,2324.4,2324.6,13,5,31
9:19:38,2324.6,2324.4,2324.6,17,5,18
9:19:38,2324.6,2324.4,2324.6,18,7,6
9:19:39,2324.6,2324.6,2324.8,7,6,55
9:19:39,2324.8,2324.6,2324.8,7,10,54
9:19:40,2324.6,2324.4,2324.6,35,17,1
9:19:40,2324.8,2324.6,2324.8,8,1,29
9:19:41,2324.8,2324.6,2324.8,12,2,26
9:19:41,2324.8,2324.8,2325,28,28,208
9:19:42,2324.8,2324.8,2325,33,25,200
9:19:42,2325,2324.8,2325,27,20,179
9:19:43,2325,2324.8,2325,96,10,117
9:19:43,2325,2324.8,2325,48,10,70
9:19:44,2325,2324.8,2325,62,7,14
9:19:44,2325,2325,2325.2,30,18,17
9:19:45,2325,2325,2325.2,36,33,24
9:19:45,2325.2,2325,2325.2,14,33,28
9:19:46,2325.2,2325,2325.2,13,35,20
9:19:46,2325,2325,2325.2,22,39,5
9:19:47,2325,2325,2325.2,42,6,2
9:19:47,2325.2,2325.2,2325.4,27,20,12
9:19:48,2325.4,2325.4,2325.6,30,5,28
9:19:48,2325.4,2325.4,2325.6,28,5,10
9:19:49,2325.4,2325.2,2325.4,14,24,10
9:19:49,2325.4,2325.2,2325.4,19,25,2
9:19:50,2325.8,2325.6,2325.8,18,9,51
9:19:50,2325.6,2325.4,2325.6,32,12,11
9:19:51,2325.6,2325.4,2325.6,13,19,25
9:19:51,2325.6,2325.6,2325.8,38,11,46
9:19:52,2325.6,2325.6,2325.8,16,4,41
9:19:52,2325.6,2325.4,2325.8,14,159,35
9:19:53,2325.6,2325.6,2325.8,11,37,32
9:19:53,2325.8,2325.8,2326,136,20,85
9:19:54,2325.8,2325.6,2326,67,13,41
9:19:54,2326,2326,2326.2,51,15,3
9:19:55,2326,2326,2326.2,64,39,7
9:19:55,2326.6,2326.2,2326.6,37,2,7
9:19:56,2326.6,2326.2,2326.4,44,17,10
9:19:56,2326.4,2326,2326.2,44,22,1
9:19:57,2326,2326,2326.2,40,8,5
9:19:57,2326,2325.8,2326.2,32,8,30
9:19:58,2325.6,2325.8,2326,67,1,52
9:19:58,2325.8,2325.6,2325.8,21,2,28
9:19:59,2325.6,2325.6,2325.8,20,9,20
9:19:59,2325.8,2325.4,2326,53,112,55
9:20:00,2325.6,2325.4,2325.6,30,108,18
9:20:00,2326,2325.8,2326,45,1,26
9:20:01,2326,2325.6,2326,60,35,3
9:20:01,2326,2325.8,2326,47,1,7
9:20:02,2325.6,2325.6,2325.8,50,17,13
9:20:02,2325.4,2325.4,2325.6,40,99,10
9:20:03,2325.6,2325.4,2325.6,24,86,26
9:20:03,2325.4,2325.4,2325.6,29,79,5
9:20:04,2325.4,2325.4,2325.6,50,35,9
9:20:04,2325.4,2325.6,2325.8,49,3,12
9:20:05,2325.4,2325.2,2325.4,17,21,9
9:20:05,2325.2,2325.2,2325.4,21,1,10
9:20:06,2325,2325,2325.2,26,35,9
9:20:06,2325.2,2325.2,2325.4,18,14,14
9:20:07,2325,2325,2325.2,23,26,8
9:20:07,2325.2,2325,2325.2,28,35,25
9:20:08,2325,2325,2325.2,23,28,16
9:20:08,2325,2325,2325.2,29,2,14
9:20:09,2325.2,2325.2,2325.4,25,4,12
9:20:09,2325,2324.8,2325,28,14,24
9:20:10,2325,2325,2325.2,40,7,5
9:20:10,2325,2325.2,2325.4,15,16,10
9:20:11,2325.4,2325.4,2325.6,38,6,38
9:20:11,2325.4,2325,2325.6,18,29,38
9:20:12,2325,2325.2,2325.4,25,15,4
9:20:12,2325.2,2325.2,2325.4,11,20,1
9:20:13,2325.4,2325.2,2325.4,36,29,8
9:20:13,2325.2,2325.2,2325.4,8,23,8
9:20:14,2325.4,2325.2,2325.4,3,23,7
9:20:14,2325.2,2325.2,2325.4,15,10,3
9:20:15,2325.4,2325.4,2325.6,15,1,12
9:20:15,2325.2,2325.2,2325.4,4,6,3
9:20:16,2325.4,2325.2,2325.4,6,7,7
9:20:16,2325.2,2325.2,2325.4,6,3,7
9:20:17,2325.2,2325,2325.2,6,47,1
9:20:17,2325,2325,2325.2,3,46,3
9:20:18,2325.2,2325.2,2325.4,7,14,16
9:20:18,2325.4,2325.2,2325.4,9,7,19
9:20:19,2325.2,2325,2325.2,9,48,3
9:20:19,2325,2325,2325.4,6,45,19
9:20:20,2325.4,2325,2325.4,5,45,17
9:20:20,2325.2,2325,2325.4,42,8,16
9:20:21,2325,2325,2325.4,7,3,16
9:20:21,2325,2324.8,2325,9,16,2
9:20:22,2325.2,2325,2325.2,4,7,35
9:20:22,2325.2,2324.8,2325,35,8,5
9:20:23,2324.8,2324.8,2325,7,10,4
9:20:23,2325,2324.8,2325,6,9,9
9:20:24,2324.8,2324.8,2325,6,4,10
9:20:24,2324.8,2324.8,2325,3,1,12
9:20:25,2324.8,2324.6,2324.8,3,37,16
9:20:25,2324.6,2324.8,2325,31,1,8
9:20:26,2324.8,2324.6,2324.8,3,28,21
9:20:26,2324.6,2324.6,2324.8,5,25,23
9:20:27,2324.6,2324.6,2324.8,9,19,26
9:20:27,2324.6,2324.6,2324.8,17,9,22
9:20:28,2324.6,2324.4,2324.6,9,14,7
9:20:28,2324.4,2324.2,2324.8,24,29,21
9:20:29,2324.6,2324.2,2324.4,2,32,1
9:20:29,2324.2,2324.4,2324.8,9,1,21
9:20:30,2324.2,2324.2,2324.4,12,19,1
9:20:30,2324.4,2324.2,2324.6,8,34,11
9:20:31,2324.6,2324.4,2324.6,7,1,9
9:20:31,2324.2,2324.2,2324.4,17,21,5
9:20:32,2324.4,2324.4,2324.6,13,6,10
9:20:32,2324.6,2324.4,2324.6,15,4,1
9:20:33,2324.6,2324.6,2324.8,2,14,20
9:20:33,2324.6,2324.6,2324.8,6,12,19
9:20:34,2324.8,2324.6,2325,22,15,33
9:20:34,2324.6,2324.6,2325,3,15,33
9:20:35,2324.6,2324.4,2324.6,19,16,4
9:20:35,2324.6,2324.4,2324.8,8,13,1
9:20:36,2324.6,2324.4,2324.8,2,13,1
9:20:36,2324.8,2324.8,2325,6,1,29
9:20:37,2324.8,2324.6,2324.8,6,8,12
9:20:37,2324.6,2324.6,2324.8,9,6,6
9:20:38,2324.6,2324.4,2324.8,2,14,7
9:20:38,2324.4,2324.2,2324.6,18,17,1
9:20:39,2324.6,2324.4,2324.8,1,1,10
9:20:39,2324.6,2324.4,2324.6,9,4,13
9:20:40,2324.4,2324.2,2324.4,5,17,3
9:20:40,2324.4,2324.2,2324.4,2,18,2
9:20:41,2324.6,2324.4,2324.6,5,1,11
9:20:41,2324.2,2324.2,2324.4,12,15,1
9:20:42,2324.4,2324.2,2324.6,2,15,3
9:20:42,2324.6,2324.2,2324.8,7,13,8
9:20:43,2324.4,2324.2,2324.6,4,16,6
9:20:43,2324.6,2324.4,2324.6,3,1,5
9:20:44,2324.6,2324.6,2324.8,10,19,15
9:20:44,2324.6,2324.6,2324.8,6,14,19
9:20:45,2324.8,2324.6,2324.8,9,17,12
9:20:46,2324.6,2324.6,2324.8,13,14,9
9:20:46,2324.6,2324.6,2324.8,11,10,4
9:20:47,2324.6,2324.6,2324.8,4,9,1
9:20:47,2324.8,2324.6,2325,8,9,36
9:20:48,2324.6,2324.6,2325,7,7,32
9:20:48,2325,2324.8,2325,15,9,22
9:20:49,2325,2324.8,2325,6,12,17
9:20:49,2324.8,2324.8,2325,21,11,18
9:20:50,2325,2324.8,2325,6,19,15
9:20:50,2324.8,2324.8,2325,8,5,13
9:20:51,2325,2324.8,2325,2,5,13
9:20:51,2325,2325,2325.2,18,121,31
9:20:52,2325,2325.2,2325.4,36,14,30
9:20:52,2325.4,2325.4,2325.6,40,17,41
9:20:53,2325.6,2325.4,2325.6,12,12,40
9:20:53,2325.4,2325.4,2325.6,11,9,37
9:20:54,2325.6,2325.4,2325.6,7,6,37
9:20:54,2325.6,2325.4,2325.6,7,13,35
9:20:55,2325.4,2325.4,2325.6,24,8,22
9:20:55,2325.6,2325.6,2325.8,23,8,37
9:20:56,2325.6,2325.6,2325.8,14,4,38
9:20:56,2325.6,2325.6,2325.8,2,8,38
9:20:57,2325.8,2325.6,2325.8,8,10,38
9:20:57,2325.6,2325.6,2325.8,6,11,33
9:20:58,2325.8,2325.6,2325.8,17,16,27
9:20:58,2325.8,2325.6,2325.8,16,12,17
9:20:59,2325.8,2325.6,2325.8,11,11,11
9:20:59,2325.8,2325.6,2325.8,8,10,4
9:21:00,2325.6,2325.4,2325.8,16,9,14
9:21:00,2325.6,2325.6,2325.8,15,49,4
9:21:01,2326,2325.6,2326,22,49,48
9:21:01,2326,2325.8,2326,11,2,45
9:21:02,2326,2325.8,2326,40,1,11
9:21:02,2326,2325.8,2326,10,3,10
9:21:03,2326.2,2326,2326.2,11,22,12
9:21:03,2326.2,2326,2326.2,13,20,7
9:21:04,2326.2,2326.2,2326.4,8,1,8
9:21:04,2326.4,2326,2326.4,11,39,1
9:21:05,2326.6,2326.4,2326.6,9,1,29
9:21:05,2326.2,2326.2,2326.4,51,2,1
9:21:06,2326.8,2326.4,2326.8,34,2,45
9:21:06,2326.6,2326.4,2326.6,39,3,6
9:21:07,2326.4,2326,2326.4,37,41,4
9:21:07,2326.6,2326.4,2326.6,18,1,1
9:21:08,2326.6,2326.4,2326.6,9,11,2
9:21:08,2326,2326,2326.6,27,36,8
9:21:09,2326.6,2326.6,2326.8,20,5,16
9:21:09,2326.6,2326.2,2326.4,22,1,1
9:21:10,2326.4,2326.4,2326.6,18,1,5
9:21:10,2326.6,2326.6,2326.8,13,13,31
9:21:11,2326.8,2326.6,2326.8,16,11,24
9:21:11,2326.6,2326.6,2326.8,18,12,8
9:21:12,2326.8,2326.8,2327,19,1,44
9:21:12,2326.6,2326.4,2326.8,17,10,9
9:21:13,2326.8,2326.4,2326.8,9,13,4
9:21:13,2326.6,2326.4,2326.8,8,9,36
9:21:14,2326.4,2326.2,2326.4,26,6,2
9:21:14,2326,2326,2326.2,12,37,1
9:21:15,2326.4,2326,2326.2,7,36,5
9:21:15,2326,2325.8,2326,34,13,4
9:21:16,2326,2325.8,2326,21,5,56
9:21:16,2325.8,2325.6,2325.8,32,62,12
9:21:17,2325.8,2325.6,2325.8,10,57,24
9:21:17,2325.6,2325.6,2325.8,55,42,1
9:21:18,2325.6,2325.6,2326,13,34,33
9:21:18,2325.6,2325.6,2325.8,24,21,3
9:21:19,2325.6,2325.6,2325.8,26,5,4
9:21:19,2325.6,2325.4,2325.6,13,9,5
9:21:20,2325.4,2325.4,2325.6,6,17,17
9:21:20,2325.4,2325.4,2325.6,14,4,19
9:21:21,2325.4,2325.2,2325.4,10,12,10
9:21:21,2325.2,2325,2325.2,25,116,8
9:21:22,2325,2325,2325.2,7,112,11
9:21:22,2325,2325,2325.2,64,54,11
9:21:23,2325,2324.8,2325,77,9,6
9:21:23,2324.8,2324.6,2324.8,6,17,6
9:21:24,2324.6,2324.6,2324.8,6,11,17
9:21:24,2324.8,2324.6,2324.8,13,3,13
9:21:25,2324.6,2324.4,2324.6,20,7,8
9:21:25,2324.4,2324.4,2324.6,7,9,11
9:21:26,2324.4,2324.2,2324.4,16,26,4
9:21:26,2324.4,2324.2,2324.6,15,18,20
9:21:27,2324.2,2324.2,2324.4,10,16,1
9:21:27,2324.2,2324.2,2324.4,18,1,2
9:21:28,2324.2,2324,2324.2,2,48,6
9:21:28,2324.4,2324.4,2324.6,32,5,6
9:21:29,2324.6,2324.6,2324.8,21,8,15
9:21:29,2324.8,2324.8,2325,22,3,70
9:21:30,2325,2324.6,2325,9,4,68
9:21:30,2325,2324.6,2325,5,8,71
9:21:31,2324.6,2324.6,2324.8,9,3,3
9:21:31,2324.8,2324.8,2325,3,3,65
9:21:32,2325,2324.4,2324.8,18,4,1
9:21:32,2324.4,2324.4,2325,5,8,58
9:21:33,2324.4,2324.4,2324.6,11,15,3
9:21:33,2324.6,2324.4,2324.6,13,14,33
9:21:34,2324.6,2324.4,2324.6,5,14,30
9:21:34,2324.4,2324.4,2324.6,26,12,7
9:21:35,2324.4,2324.4,2324.6,2,11,7
9:21:35,2324.4,2324.4,2324.6,4,8,6
9:21:36,2324.4,2324.2,2324.4,23,27,1
9:21:36,2324.4,2324.6,2324.8,2,7,14
9:21:37,2324.4,2324.6,2324.8,2,27,14
9:21:37,2324.8,2324.8,2325,21,30,40
9:21:38,2324.8,2324.8,2325,2,28,40
9:21:38,2325,2324.8,2325,15,16,38
9:21:39,2325,2324.8,2325,6,16,33
9:21:39,2324.8,2324.8,2325,5,13,32
9:21:40,2324.8,2324.8,2325,4,10,31
9:21:40,2325,2324.8,2325,24,9,12
9:21:41,2324.8,2324.8,2325,5,4,13
9:21:41,2325,2324.8,2325,1,4,14
9:21:42,2325,2324.8,2325,3,4,12
9:21:42,2325,2324.8,2325,1,4,11
9:21:43,2324.8,2324.6,2325,5,59,11
9:21:43,2324.8,2324.6,2325,2,67,11
9:21:44,2324.6,2324.8,2325,3,3,10
9:21:45,2325,2324.8,2325,1,12,12
9:21:45,2325,2324.8,2325,14,9,9
9:21:46,2324.8,2324.8,2325,16,3,4
9:21:46,2325,2324.8,2325,3,2,2
9:21:47,2324.8,2324.6,2325,3,62,3
9:21:47,2325,2324.6,2325,2,64,2
9:21:48,2324.8,2324.6,2324.8,12,60,8
9:21:48,2324.8,2324.6,2324.8,2,60,6
9:21:49,2324.6,2324.6,2324.8,2,58,12
9:21:49,2324.8,2324.6,2324.8,5,58,8
9:21:50,2324.6,2324.6,2324.8,4,55,10
9:21:50,2324.8,2324.6,2324.8,2,56,9
9:21:51,2324.8,2324.8,2325,11,11,22
9:21:51,2324.8,2324.8,2325,10,4,22
9:21:52,2324.8,2324.8,2325,4,1,22
9:21:52,2324.6,2324.6,2324.8,11,46,3
9:21:53,2324.8,2324.6,2324.8,1,47,2
9:21:54,2324.6,2324.6,2324.8,4,45,8
9:21:54,2324.8,2324.6,2324.8,1,45,8
9:21:55,2324.6,2324.6,2324.8,7,44,5
9:21:55,2324.8,2324.6,2324.8,4,45,4
9:21:56,2324.8,2324.6,2324.8,1,45,7
9:21:56,2324.8,2324.8,2325,17,14,27
9:21:57,2325,2324.8,2325,3,13,25
9:21:58,2325,2324.8,2325,20,24,6
9:21:58,2325,2325,2325.2,12,12,26
9:21:59,2325,2325,2325.2,10,12,26
9:21:59,2325.4,2325,2325.4,37,9,23
9:22:00,2325.4,2325.2,2325.4,1,2,22
9:22:00,2325.4,2324.8,2325,14,27,1
9:22:01,2325,2325,2325.2,5,3,1
9:22:01,2325.4,2324.8,2325.2,11,25,19
9:22:02,2324.8,2324.8,2325,5,23,5
9:22:02,2325,2325,2325.2,9,6,28
9:22:03,2325,2325,2325.2,7,2,28
9:22:03,2324.8,2324.8,2325,5,20,4
9:22:04,2325,2324.8,2325,10,18,8
9:22:04,2325,2324.8,2325,5,18,7
9:22:05,2324.8,2324.8,2325,1,17,6
9:22:05,2324.8,2324.8,2325,2,15,17
9:22:06,2324.8,2324.6,2324.8,15,44,9
9:22:06,2324.8,2324.6,2324.8,1,44,15
9:22:07,2324.8,2324.6,2324.8,5,42,14
9:22:07,2324.6,2324.6,2324.8,7,35,30
9:22:08,2324.6,2324.6,2324.8,18,20,29
9:22:08,2324.6,2324.6,2324.8,30,1,18
9:22:09,2324.6,2324.4,2324.8,7,26,20
9:22:09,2324.4,2324.4,2324.6,2,25,1
9:22:10,2324.6,2324.6,2324.8,18,13,21
9:22:10,2324.2,2324.2,2324.6,37,29,2
9:22:11,2324.2,2324.2,2324.8,9,35,20
9:22:11,2324.6,2324.4,2324.6,6,23,5
9:22:12,2324.4,2324.2,2324.4,24,31,7
9:22:12,2324.6,2324.2,2324.6,20,19,5
9:22:13,2324.2,2324.2,2324.6,10,9,14
9:22:14,2324.2,2324.2,2324.4,3,11,6
9:22:14,2324,2324,2324.2,13,116,1
9:22:15,2324.2,2324,2324.2,32,91,14
9:22:15,2324.2,2324,2324.2,18,79,15
9:22:16,2324,2324,2324.2,28,57,11
9:22:16,2324,2324,2324.4,51,27,30
9:22:17,2324,2323.8,2324,31,38,30
9:22:17,2324,2323.8,2324,17,34,26
9:22:18,2323.8,2323.8,2324,13,32,28
9:22:18,2323.8,2323.8,2324,12,20,27
9:22:19,2324,2323.8,2324,27,10,26
9:22:19,2324,2323.6,2323.8,12,46,2
9:22:20,2323.8,2323.6,2324,21,44,14
9:22:20,2323.8,2323.8,2324,9,2,13
9:22:21,2324,2323.8,2324,16,9,15
9:22:21,2324,2324,2324.2,23,5,7
9:22:22,2324,2324,2324.2,3,10,14
9:22:22,2324,2324,2324.2,14,2,23
9:22:23,2324,2324,2324.2,3,5,22
9:22:23,2324,2323.8,2324,6,10,14
9:22:24,2323.8,2323.8,2324,5,14,15
9:22:24,2323.8,2323.8,2324,1,17,15
9:22:25,2324,2323.8,2324,6,19,21
9:22:25,2323.8,2323.8,2324,11,20,17
9:22:26,2324,2323.8,2324,30,4,11
9:22:26,2323.8,2323.6,2324,6,79,12
9:22:27,2324,2323.8,2324,6,3,17
9:22:27,2324,2323.8,2324,8,13,10
9:22:28,2324,2323.8,2324,24,28,8
9:22:28,2323.8,2323.8,2324,13,22,7
9:22:29,2324,2323.8,2324,28,2,4
9:22:29,2324,2323.8,2324,9,2,1
9:22:30,2324,2323.8,2324,8,2,3
9:22:30,2324,2323.6,2323.8,12,82,4
9:22:31,2324.2,2323.6,2324.2,13,89,16
9:22:31,2323.8,2323.8,2324.2,9,11,13
9:22:32,2324,2323.8,2324,12,13,1
9:22:32,2324,2323.8,2324.2,3,65,13
9:22:33,2324.2,2323.8,2324.2,6,64,8
9:22:33,2324.2,2324,2324.2,7,1,6
9:22:34,2324.2,2324,2324.2,8,8,1
9:22:34,2324.2,2324,2324.4,1,18,8
9:22:35,2324,2324,2324.4,1,27,8
9:22:35,2324.4,2324.2,2324.4,1,2,7
9:22:36,2324.2,2324,2324.4,3,31,8
9:22:36,2324,2324,2324.4,11,21,7
9:22:37,2324,2323.8,2324,23,50,9
9:22:38,2323.8,2323.8,2324,9,49,2
9:22:38,2324,2323.8,2324.4,23,40,17
9:22:39,2324.4,2324,2324.4,3,9,22
9:22:39,2323.8,2323.8,2324.2,20,30,11
9:22:40,2324.2,2323.8,2324.2,34,4,13
9:22:40,2323.8,2324,2324.2,21,9,14
9:22:41,2324,2324,2324.2,12,8,8
9:22:41,2323.8,2323.6,2323.8,19,93,1
9:22:42,2324,2323.6,2323.8,16,115,16
9:22:42,2323.8,2323.6,2323.8,5,116,11
9:22:43,2323.8,2323.6,2323.8,29,95,6
9:22:43,2323.6,2323.6,2323.8,23,75,5
9:22:44,2323.8,2323.8,2324,18,2,5
9:22:44,2323.6,2323.6,2323.8,25,46,1
9:22:45,2323.8,2323.6,2323.8,24,28,10
9:22:46,2323.8,2323.6,2323.8,18,25,12
9:22:46,2323.6,2323.6,2323.8,14,13,12
9:22:47,2323.6,2323.4,2323.6,14,27,1
9:22:47,2323.8,2323.6,2323.8,3,2,6
9:22:48,2323.6,2323.4,2323.6,7,35,23
9:22:48,2323.4,2323.4,2323.6,6,33,21
9:22:49,2323.4,2323.4,2323.6,36,2,20
9:22:49,2323.6,2323.4,2323.6,4,1,21
9:22:50,2323.6,2323.2,2323.6,3,100,21
9:22:50,2323.6,2323.4,2323.6,5,2,14
9:22:51,2323.6,2323.4,2323.6,10,32,7
9:22:51,2323.6,2323.6,2323.8,8,14,11
9:22:52,2323.6,2323.6,2323.8,7,13,6
9:22:52,2323.6,2323.6,2323.8,2,28,7
9:22:53,2324,2323.6,2324,12,28,21
9:22:53,2323.8,2323.6,2323.8,9,24,4
9:22:54,2323.8,2323.8,2324,6,4,21
9:22:54,2323.8,2323.8,2324,3,5,21
9:22:55,2323.8,2323.8,2324,4,1,39
9:22:55,2323.6,2323.6,2324,5,23,40
9:22:56,2324,2323.6,2323.8,2,54,1
9:22:56,2324,2323.6,2324,7,54,33
9:22:57,2324,2323.8,2324,6,3,30
9:22:57,2323.8,2323.8,2324,6,2,26
9:22:58,2324,2323.8,2324,5,39,54
9:22:58,2324,2323.8,2324,2,56,53
9:22:59,2324,2323.8,2324,41,83,15
9:22:59,2324,2324,2324.2,15,93,14
9:23:00,2324.2,2324,2324.4,24,248,23
9:23:00,2324.4,2324.2,2324.4,14,23,22
9:23:01,2324.4,2324.2,2324.4,72,11,5
9:23:01,2324.4,2324.4,2324.6,6,17,14
9:23:02,2324.4,2324.4,2324.6,5,18,21
9:23:02,2324.8,2324.8,2325,41,3,30
9:23:03,2324.8,2324.6,2324.8,6,27,1
9:23:03,2324.6,2324.8,2325,7,1,32
9:23:04,2325,2324.8,2325,4,16,28
9:23:04,2324.6,2324.6,2325,37,21,19
9:23:05,2325,2324.8,2325,3,15,19
9:23:05,2324.6,2324.6,2325,40,13,2
9:23:06,2324.6,2324.6,2325.2,14,2,7
9:23:06,2325,2324.6,2325,32,7,19
9:23:07,2325,2324.6,2325,13,6,19
9:23:07,2325,2324.4,2324.8,28,10,10
9:23:08,2324.8,2324.6,2324.8,3,9,12
9:23:08,2325,2324.6,2324.8,20,3,3
9:23:09,2324.4,2324.2,2324.4,15,20,7
9:23:09,2325,2324.8,2325,15,84,7
9:23:10,2325,2325,2325.2,14,13,18
9:23:10,2325,2325,2325.2,33,6,6
9:23:11,2325,2324.8,2325,22,68,7
9:23:11,2325,2324.8,2325,4,69,5
9:23:12,2325.2,2324.8,2325.2,14,69,2
9:23:12,2325,2325,2325.2,5,2,1
9:23:13,2324.8,2325.2,2325.4,21,4,19
9:23:13,2325.2,2324.8,2325.2,17,65,1
9:23:14,2325.2,2324.8,2325.2,5,65,2
9:23:14,2324.8,2325.2,2325.4,27,1,22
9:23:15,2325.4,2325.2,2325.4,14,12,20
9:23:15,2325.2,2325.2,2325.4,5,10,20
9:23:16,2325.2,2325,2325.2,15,3,7
9:23:16,2325.4,2325.2,2325.4,24,1,1
9:23:17,2325.2,2325.2,2325.6,2,1,22
9:23:17,2325.2,2325,2325.2,16,2,13
9:23:18,2325.2,2325,2325.2,5,15,15
9:23:18,2325.2,2325,2325.2,13,5,4
9:23:19,2324.8,2324.8,2325,11,48,1
9:23:19,2324.8,2324.8,2325.4,5,33,28
9:23:20,2324.8,2324.8,2325.2,2,33,3
9:23:20,2325.4,2325.4,2325.6,51,10,30
9:23:21,2325.4,2325.4,2325.6,10,3,28
9:23:21,2325,2324.8,2325,19,33,3
9:23:22,2325,2324.8,2325,9,36,1
9:23:22,2325.2,2325,2325.2,2,2,1
9:23:23,2325.2,2325,2325.2,14,1,3
9:23:23,2325,2325,2325.2,4,11,1
9:23:24,2325.4,2325,2325.4,8,19,10
9:23:24,2325.4,2325,2325.4,3,22,9
9:23:25,2325.2,2325.2,2325.4,8,1,8
9:23:25,2325.2,2325,2325.4,14,35,1
9:23:26,2325.4,2325,2325.4,13,29,1
9:23:26,2325.2,2325.2,2325.4,12,11,13
9:23:27,2325.4,2325.2,2325.4,6,12,9
9:23:27,2325.4,2325.2,2325.4,3,14,7
9:23:28,2325.4,2325.2,2325.4,12,16,3
9:23:28,2325.2,2325.4,2325.6,9,1,20
9:23:29,2325.4,2325.2,2325.6,18,13,10
9:23:29,2325.4,2325.4,2325.6,23,3,10
9:23:30,2325.4,2325.2,2325.4,7,5,5
9:23:30,2325.4,2325.4,2325.6,6,5,9
9:23:31,2325.4,2325.4,2325.6,2,7,9
9:23:31,2325.2,2325.2,2325.4,17,4,29
9:23:32,2325.4,2325,2325.4,18,42,22
9:23:32,2325.4,2325,2325.4,7,42,27
9:23:33,2325.2,2325,2325.2,3,41,3
9:23:33,2325.2,2325,2325.2,2,44,1
9:23:34,2325,2325,2325.2,20,45,1
9:23:34,2325.4,2325.2,2325.4,7,18,33
9:23:35,2325,2325,2325.4,6,21,34
9:23:35,2325,2325,2325.2,14,10,1
9:23:36,2325,2325,2325.2,6,5,7
9:23:37,2325,2325,2325.2,13,1,12
9:23:37,2325.2,2324.8,2325,2,59,2
9:23:38,2325,2324.8,2325,8,59,10
9:23:38,2325,2324.8,2325,28,35,7
9:23:39,2325,2324.8,2325,1,35,7
9:23:39,2324.8,2324.8,2325,10,26,7
9:23:40,2325,2324.8,2325,1,26,18
9:23:40,2324.8,2324.8,2325,15,13,16
9:23:41,2324.8,2324.6,2325,16,4,3
9:23:41,2324.6,2324.6,2324.8,3,3,1
9:23:42,2324.6,2324.4,2324.6,5,6,2
9:23:42,2324.4,2324.4,2324.6,13,2,1
9:23:43,2324.4,2324.4,2324.6,3,16,1
9:23:43,2324.4,2324.4,2324.8,8,21,6
9:23:44,2324.6,2324.4,2324.6,3,29,1
9:23:44,2324.4,2324.4,2324.6,6,23,1
9:23:45,2324.4,2324.4,2324.8,4,12,2
9:23:45,2324.4,2324.4,2324.8,2,10,11
9:23:46,2324.4,2324.4,2324.6,3,8,5
9:23:46,2324.4,2324.4,2324.6,3,7,3
9:23:47,2324.4,2324.2,2324.4,7,36,3
9:23:47,2324.2,2324.2,2324.4,4,32,6
9:23:48,2324.4,2324.2,2324.4,3,33,4
9:23:48,2324.2,2324.2,2324.4,3,31,4
9:23:49,2324.2,2324.2,2324.4,5,26,4
9:23:49,2324.4,2324.4,2324.6,9,2,14
9:23:50,2324.2,2324.2,2324.4,8,19,1
9:23:50,2324.4,2324.2,2324.6,4,17,14
9:23:51,2324.6,2324.6,2324.8,15,23,4
9:23:52,2324.8,2324.6,2324.8,2,22,3
9:23:53,2324.6,2324.6,2324.8,2,20,3
9:23:53,2324.8,2324.6,2324.8,2,20,1
9:23:54,2324.6,2324.6,2324.8,2,18,2
9:23:54,2324.6,2324.6,2324.8,1,17,2
9:23:55,2324.8,2324.8,2325,5,2,7
9:23:55,2325,2324.8,2325,2,2,7
9:23:57,2325,2324.8,2325,11,5,10
9:23:58,2324.8,2324.8,2325,1,4,10
9:23:58,2325,2324.6,2325,11,19,3
9:23:59,2325,2324.6,2325,3,20,1
9:23:59,2324.6,2324.8,2325,5,11,1
9:24:00,2325,2325,2325.2,20,10,26
9:24:00,2325,2325,2325.2,12,9,24
9:24:01,2325,2324.8,2325,11,1,3
9:24:01,2325,2324.6,2325.2,5,16,21
9:24:02,2325,2324.6,2325,8,12,2
9:24:02,2325.2,2324.6,2325,5,11,11
9:24:03,2325,2324.6,2325,3,10,10
9:24:03,2325,2324.6,2325,1,11,11
9:24:04,2325,2324.6,2325,6,8,13
9:24:04,2325,2324.6,2325,1,8,16
9:24:05,2325,2324.8,2325,1,3,16
9:24:06,2324.8,2324.6,2325,6,9,17
9:24:06,2324.4,2324.4,2325,11,7,18
9:24:07,2324.4,2324.4,2325,8,19,19
9:24:07,2324.4,2324.4,2324.8,6,16,1
9:24:08,2324.8,2324.4,2324.8,4,14,1
9:24:08,2324.8,2324.8,2325,7,3,24
9:24:09,2324.4,2324.4,2324.6,4,14,3
9:24:09,2324.6,2324.4,2324.8,2,13,2
9:24:10,2324.4,2324.6,2324.8,2,1,2
9:24:10,2324.4,2324.4,2324.8,4,9,3
9:24:11,2324.4,2324.2,2324.4,10,28,42
9:24:11,2324.4,2324.2,2324.4,5,27,47
9:24:12,2324.4,2324.2,2324.4,15,15,45
9:24:12,2324.2,2324.2,2324.4,9,9,41
9:24:13,2324.2,2324,2324.2,9,62,3
9:24:14,2324.4,2324,2324.2,21,52,1
9:24:14,2324,2324,2324.2,3,49,7
9:24:15,2324,2324,2324.2,6,45,7
9:24:15,2324,2324,2324.2,3,43,7
9:24:16,2324.2,2324,2324.2,27,21,2
9:24:16,2324,2324,2324.4,6,24,30
9:24:17,2324,2324,2324.4,12,14,31
9:24:17,2324.2,2324,2324.2,7,11,3
9:24:18,2324.2,2324,2324.4,5,24,32
9:24:18,2324,2324,2324.4,9,20,33
9:24:19,2324,2324,2324.4,10,19,28
9:24:19,2324,2324,2324.2,8,34,3
9:24:20,2324.2,2324,2324.4,12,25,28
9:24:20,2324.2,2324,2324.4,2,25,28
9:24:22,2324,2324,2324.4,2,25,28
9:24:22,2324,2324,2324.4,2,26,29
9:24:23,2324.4,2324,2324.4,4,23,28
9:24:23,2324,2324,2324.2,16,13,1
9:24:24,2324,2324,2324.2,7,6,1
9:24:24,2324,2324,2324.2,2,4,1
9:24:25,2324,2324,2324.2,6,1,2
9:24:25,2324,2323.8,2324,3,20,9
9:24:26,2323.8,2323.8,2324,15,15,2
9:24:26,2323.8,2323.8,2324,2,15,2
9:24:27,2323.8,2323.8,2324,5,11,10
9:24:27,2324,2323.8,2324,5,10,8
9:24:28,2323.8,2323.6,2323.8,14,32,3
9:24:28,2323.8,2323.6,2323.8,2,33,11
9:24:29,2323.6,2323.6,2323.8,6,29,9
9:24:29,2323.6,2323.4,2323.6,32,21,1
9:24:30,2323.8,2323.8,2324,17,8,9
9:24:30,2323.4,2323.8,2324,38,2,10
9:24:31,2323.4,2323.4,2323.6,32,5,32
9:24:31,2323.4,2323.2,2323.4,13,102,3
9:24:32,2323.4,2323.2,2323.4,12,103,20
9:24:32,2323.4,2323.2,2323.4,20,101,5
9:24:33,2323.2,2323.2,2323.4,34,69,3
9:24:33,2323.4,2323.4,2323.6,29,4,31
9:24:34,2323.4,2323.4,2323.6,10,6,31
9:24:34,2323.4,2323.4,2323.6,11,5,27
9:24:35,2323.4,2323.2,2323.6,13,57,27
9:24:35,2323.2,2323.2,2323.4,4,57,6
9:24:36,2323.4,2323.2,2323.4,11,74,2
9:24:36,2323.2,2323.2,2323.4,15,69,4
9:24:37,2323.4,2323.4,2323.6,53,5,18
9:24:37,2323.4,2323.2,2323.4,13,22,2
9:24:38,2323.4,2323.2,2323.4,9,31,1
9:24:38,2323.2,2323,2323.2,27,145,1
9:24:39,2323.6,2323.6,2323.8,28,4,17
9:24:39,2323.4,2323.4,2323.6,6,4,8
9:24:40,2323.4,2323.2,2323.4,6,7,5
9:24:40,2323.2,2323.2,2323.4,23,3,24
9:24:41,2323.4,2323.2,2323.4,12,10,16
9:24:41,2323.2,2323,2323.2,7,148,1
9:24:42,2323,2323,2323.2,3,147,9
9:24:42,2323,2323,2323.2,9,142,13
9:24:43,2323,2323,2323.2,21,125,9
9:24:43,2323.2,2323,2323.2,7,121,6
9:24:44,2323.2,2323.2,2323.4,9,27,18
9:24:44,2323.2,2323.2,2323.4,17,15,18
9:24:45,2323.2,2323.2,2323.4,4,20,17
9:24:45,2323.4,2323.2,2323.4,11,18,15
9:24:46,2323.2,2323.2,2323.4,5,14,23
9:24:46,2323.2,2323.2,2323.4,6,11,21
9:24:47,2323.2,2323,2323.2,14,120,7
9:24:47,2323,2323,2323.2,18,111,31
9:24:48,2323.2,2323,2323.2,6,112,29
9:24:48,2323.2,2323,2323.2,36,86,27
9:24:49,2323,2323,2323.2,51,37,26
9:24:49,2323,2322.8,2323,42,24,27
9:24:50,2322.8,2322.8,2323,7,30,30
9:24:50,2322.8,2322.8,2323,9,24,27
9:24:51,2322.8,2322.8,2323,25,21,25
9:24:51,2323,2322.8,2323,17,14,20
9:24:52,2322.8,2322.8,2323,24,68,19
9:24:52,2322.8,2322.6,2322.8,100,47,12
9:24:53,2322.6,2322.6,2323,23,44,6
9:24:53,2322.8,2322.6,2322.8,15,35,1
9:24:54,2323,2322.6,2323,16,24,4
9:24:54,2323,2322.8,2323,3,10,35
9:24:55,2322.8,2322.8,2323,3,83,34
9:24:55,2322.8,2322.8,2323,16,98,33
9:24:56,2323,2322.8,2323.2,41,100,19
9:24:56,2323,2323,2323.2,17,17,9
9:24:57,2323.2,2323.2,2323.4,12,28,28
9:24:57,2323.2,2323.2,2323.4,21,54,51
9:24:58,2323.4,2323.2,2323.4,44,39,23
9:24:58,2323.4,2323.4,2323.6,29,6,21
9:24:59,2323.4,2323.4,2323.6,5,3,20
9:24:59,2323.4,2323.2,2323.4,27,19,11
9:25:00,2323.6,2323.4,2323.6,17,1,11
9:25:00,2323.4,2323.2,2323.6,21,13,2
9:25:01,2323.6,2323.6,2323.8,15,33,16
9:25:01,2323.8,2323.6,2323.8,47,8,9
9:25:02,2324,2323.6,2324,17,6,5
9:25:02,2324,2324.2,2324.4,40,2,11
9:25:03,2323.8,2323.4,2324.4,23,1,2
9:25:03,2324,2323.6,2324,25,9,6
9:25:04,2324,2323.6,2324,12,16,10
9:25:04,2323.4,2323.6,2323.8,24,6,1
9:25:05,2323.8,2323.6,2323.8,2,6,8
9:25:05,2323.4,2323.2,2323.4,20,27,7
9:25:06,2323.4,2323.2,2323.4,5,27,2
9:25:06,2323.4,2323.4,2323.6,25,7,3
9:25:07,2323.6,2323.6,2323.8,28,2,2
9:25:07,2323.6,2323.6,2323.8,2,1,11
9:25:08,2323.4,2323.2,2323.4,7,6,14
9:25:08,2323.4,2323.2,2323.4,6,6,8
9:25:09,2323.4,2323.4,2323.6,8,3,1
9:25:09,2323.6,2323.4,2323.8,22,59,14
9:25:10,2323.6,2323.6,2323.8,4,8,10
9:25:10,2323.8,2323.6,2323.8,4,10,6
9:25:11,2323.6,2323.6,2323.8,3,10,5
9:25:11,2324,2323.8,2324,8,1,4
9:25:12,2323.8,2323.6,2324,4,8,2
9:25:12,2324,2324,2324.2,5,17,9
9:25:13,2324.2,2324,2324.2,3,16,8
9:25:13,2324.2,2324,2324.2,10,11,3
9:25:14,2324,2324,2324.2,12,2,1
9:25:14,2324.2,2324.2,2324.4,2,8,16
9:25:15,2324.2,2324.2,2324.4,9,10,16
9:25:15,2324.2,2324.2,2324.4,20,10,7
9:25:16,2324.4,2324,2324.4,18,2,3
9:25:16,2324.4,2323.8,2324.4,5,7,4
9:25:17,2324.4,2324,2324.6,13,4,2
9:25:17,2323.8,2323.8,2324.4,12,8,9
9:25:18,2324.4,2324.4,2324.8,20,2,13
9:25:18,2325,2324.8,2325,18,27,61
9:25:19,2325,2324.8,2325,2,29,81
9:25:19,2325,2324.8,2325,22,24,64
9:25:20,2324.8,2324.8,2325,34,1,53
9:25:20,2324.8,2324.4,2324.8,4,16,23
9:25:21,2324.8,2324.4,2324.6,37,15,7
9:25:21,2324.6,2324.4,2324.6,6,15,3
9:25:22,2324.6,2324.4,2324.6,15,5,1
9:25:23,2324.4,2324.4,2324.8,5,4,23
9:25:23,2324.6,2324.4,2324.6,12,3,2
9:25:24,2324.6,2324.4,2324.6,2,3,1
9:25:24,2324.6,2324.4,2324.8,2,3,16
9:25:25,2324.8,2324.6,2324.8,7,62,11
9:25:25,2324.8,2324.8,2325,17,3,103
9:25:26,2324.8,2324.6,2324.8,15,62,7
9:25:26,2324.8,2324.8,2325,11,45,103
9:25:27,2324.8,2324.8,2325,7,47,100
9:25:27,2325,2324.8,2325,3,47,97
9:25:28,2325,2324.8,2325,39,29,60
9:25:28,2325,2324.8,2325,33,31,27
9:25:29,2325,2324.8,2325,16,31,13
9:25:29,2325,2324.8,2325,9,32,4
9:25:30,2325,2324.8,2325.2,5,31,32
9:25:30,2325.2,2324.8,2325.4,55,30,13
9:25:31,2325.2,2325,2325.4,2,11,15
9:25:31,2325.2,2325,2325.2,8,14,3
9:25:32,2325.4,2325,2325.4,9,30,9
9:25:32,2325.2,2325.2,2325.4,8,4,5
9:25:33,2325.6,2325.4,2325.6,12,9,68
9:25:33,2325.6,2325.4,2325.6,11,18,60
9:25:34,2325.4,2325.4,2325.8,84,12,43
9:25:34,2325.8,2325.6,2325.8,5,23,40
9:25:35,2325.6,2325.6,2325.8,17,11,38
9:25:35,2325.8,2325.4,2325.6,34,1,1
9:25:36,2325.8,2325.4,2325.8,9,8,30
9:25:36,2325.8,2325.6,2325.8,24,1,23
9:25:37,2325.8,2325.6,2325.8,20,1,9
9:25:37,2325.8,2325.6,2326,21,3,64
9:25:38,2325.4,2325.2,2325.4,24,8,7
9:25:38,2325.8,2325.8,2326,13,4,60
9:25:39,2325.8,2325.4,2325.8,8,4,6
9:25:39,2325.4,2325.4,2325.8,9,4,7
9:25:40,2325.8,2325.8,2326,21,2,62
9:25:40,2325.8,2325.8,2326,15,5,60
9:25:41,2325.6,2325.6,2325.8,18,14,11
9:25:41,2325.8,2325.6,2325.8,21,14,22
9:25:42,2325.8,2325.6,2325.8,17,13,17
9:25:42,2325.6,2325.6,2325.8,6,12,13
9:25:43,2325.8,2325.6,2325.8,13,11,2
9:25:43,2325.8,2325.8,2326,64,7,6
9:25:44,2326,2326,2326.2,7,5,19
9:25:44,2326.2,2326.2,2326.4,34,1,8
9:25:45,2326.2,2326,2326.2,9,12,1
9:25:45,2326.4,2326.4,2326.6,12,8,30
9:25:46,2326.4,2326.2,2326.4,40,36,10
9:25:46,2326.4,2326.4,2326.6,22,4,1
9:25:47,2326.4,2326.6,2326.8,24,3,13
9:25:47,2326.8,2326.8,2327,29,3,59
9:25:48,2327,2326.8,2327,12,17,49
9:25:48,2327,2327,2327.4,85,29,6
9:25:49,2327.4,2327.4,2327.8,121,35,14
9:25:49,2328,2327.8,2328,84,5,30
9:25:50,2328.6,2328.2,2328.6,108,4,31
9:25:50,2328.4,2328,2328.4,102,39,1
9:25:51,2328.4,2328.4,2329,165,8,22
9:25:51,2328.4,2328.4,2328.6,111,34,3
9:25:52,2328.8,2328.6,2328.8,177,1,11
9:25:52,2328.6,2328.8,2329,77,1,1
9:25:53,2329,2329,2329.2,41,37,12
9:25:53,2329.4,2329.2,2329.4,64,36,3
9:25:54,2329.4,2329.4,2329.6,33,22,32
9:25:54,2329.4,2329.6,2329.8,66,50,40
9:25:55,2329.8,2329.8,2330,149,10,57
9:25:55,2329.6,2329.6,2329.8,203,1,6
9:25:56,2329.8,2329.2,2329.6,49,35,3
9:25:56,2329.2,2329.2,2329.4,107,17,50
9:25:57,2329,2329,2329.2,94,20,29
9:25:57,2329,2328.6,2328.8,92,11,1
9:25:58,2328.6,2328.6,2329,48,14,46
9:25:58,2328.8,2328.6,2329,49,31,36
9:25:59,2329,2328.6,2329,50,13,34
9:25:59,2328.6,2328.4,2328.6,68,15,7
9:26:00,2328.4,2328.4,2328.6,30,8,9
9:26:00,2329,2328.6,2329,31,10,31
9:26:01,2328.6,2328.4,2328.6,46,13,1
9:26:01,2328.4,2328.2,2328.4,44,4,27
9:26:02,2328.2,2328,2328.2,17,17,7
9:26:02,2328,2327.8,2328,87,11,57
9:26:03,2327.8,2327.6,2327.8,47,2,8
9:26:03,2327.6,2327.4,2327.8,14,37,4
9:26:04,2327.8,2327.6,2328,45,82,33
9:26:04,2327.8,2327.8,2328,18,47,41
9:26:05,2328,2328,2328.2,65,64,22
9:26:05,2328.4,2328.2,2328.4,33,33,23
9:26:06,2328.6,2328.4,2328.6,52,5,16
9:26:06,2328.8,2328.8,2329,41,7,68
9:26:07,2328.8,2328.6,2328.8,25,69,7
9:26:07,2329,2328.8,2329,32,23,54
9:26:08,2329,2329,2329.2,75,19,9
9:26:08,2329.2,2329.2,2329.4,38,94,4
9:26:09,2329.6,2329.6,2329.8,41,1,31
9:26:09,2329.8,2329.8,2330,65,68,33
9:26:10,2330.4,2330.2,2330.4,75,3,6
9:26:10,2331,2330.4,2331,98,8,155
9:26:11,2330.6,2330.4,2330.6,112,1,59
9:26:11,2330.4,2330.2,2330.4,71,3,44
9:26:12,2330,2330,2330.2,102,2,86
9:26:12,2330,2329.8,2330,69,18,22
9:26:13,2329.8,2329.4,2329.8,43,12,54
9:26:13,2329.6,2329.4,2329.8,57,2,54
9:26:14,2329.6,2329.2,2329.6,10,22,5
9:26:14,2329.2,2329.2,2329.6,29,11,8
9:26:15,2329.8,2329.6,2329.8,30,9,40
9:26:15,2329.8,2329.6,2329.8,23,5,25
9:26:16,2329.6,2329.2,2329.4,31,4,1
9:26:16,2330,2329.6,2330,50,2,68
9:26:17,2329.8,2329.4,2329.6,22,2,1
9:26:17,2329.6,2329.6,2329.8,16,1,1
9:26:18,2329.6,2329.4,2329.6,18,1,19
9:26:18,2329.6,2329.2,2329.6,21,11,13
9:26:19,2329.2,2329,2329.2,29,23,1
9:26:19,2329.6,2329,2329.6,13,26,11
9:26:20,2329.2,2329,2329.2,11,25,1
9:26:20,2329.4,2329,2329.4,26,29,14
9:26:21,2329.4,2329.2,2329.4,24,2,5
9:26:21,2329.2,2329.2,2329.6,20,5,19
9:26:22,2329.4,2329.4,2329.6,11,2,11
9:26:22,2329.4,2329.4,2329.6,10,2,7
9:26:23,2329.2,2329.4,2329.6,25,1,7
9:26:23,2329.2,2329.2,2329.6,16,3,2
9:26:24,2329.4,2329,2329.2,10,19,1
9:26:24,2329.8,2329,2329.8,23,18,37
9:26:25,2329.4,2329.2,2329.4,27,39,1
9:26:25,2329.6,2329.2,2329.6,16,36,5
9:26:26,2329.6,2329.6,2329.8,9,33,36
9:26:26,2329.8,2329.6,2329.8,31,17,21
9:26:27,2329.6,2329.4,2329.6,25,17,1
9:26:27,2329.6,2329.6,2329.8,9,51,10
9:26:28,2330,2329.8,2330,34,8,103
9:26:28,2330,2329.8,2330,61,62,44
9:26:29,2330,2329.8,2330,34,82,12
9:26:29,2330,2330,2330.2,32,27,8
9:26:30,2330,2330,2330.4,20,20,23
9:26:30,2330.2,2330,2330.2,90,5,13
9:26:31,2330,2330,2330.2,10,1,12
9:26:31,2330,2329.8,2330,15,95,64
9:26:32,2329.8,2329.8,2330,36,78,55
9:26:32,2330,2329.8,2330,52,35,59
9:26:33,2329.8,2329.6,2329.8,48,86,2
9:26:33,2329.8,2329.6,2329.8,16,83,6
9:26:34,2329.6,2329.6,2329.8,15,84,9
9:26:34,2329.8,2329.6,2329.8,23,65,56
9:26:35,2329.6,2329.6,2329.8,19,51,54
9:26:35,2329.6,2329.6,2329.8,42,10,54
9:26:36,2329.6,2329.4,2329.8,22,34,53
9:26:36,2329.8,2329.4,2329.8,55,52,3
9:26:37,2329.6,2329.6,2329.8,9,9,1
9:26:37,2329.6,2329.6,2329.8,7,35,7
9:26:38,2329.8,2329.8,2330,20,23,44
9:26:38,2330,2329.8,2330,25,13,35
9:26:39,2329.8,2329.8,2330,7,8,39
9:26:39,2329.8,2329.8,2330,43,7,3
9:26:40,2330,2330,2330.2,12,19,19
9:26:40,2330,2330,2330.2,21,13,5
9:26:41,2329.8,2329.8,2330.2,26,6,2
9:26:41,2329.8,2329.6,2329.8,10,8,27
9:26:42,2329.6,2329.4,2329.6,28,31,11
9:26:42,2329.6,2329.4,2329.6,5,41,7
9:26:43,2329.4,2329.4,2329.6,7,40,14
9:26:43,2329.4,2329.4,2329.6,12,35,8
9:26:44,2329.4,2329.4,2329.6,14,28,1
9:26:44,2329.4,2329.4,2329.8,7,36,23
9:26:45,2329.8,2329.4,2329.6,13,32,5
9:26:45,2329.6,2329.6,2329.8,7,30,22
9:26:46,2329.6,2329.6,2329.8,3,28,26
9:26:46,2329.6,2329.6,2329.8,4,26,28
9:26:47,2329.8,2329.6,2329.8,11,26,29
9:26:47,2329.8,2329.6,2329.8,5,29,24
9:26:48,2329.6,2329.6,2329.8,10,26,21
9:26:48,2329.8,2329.6,2329.8,9,25,15
9:26:49,2329.8,2329.8,2330,16,1,61
9:26:49,2330,2329.8,2330,2,7,61
9:26:50,2330,2329.8,2330,10,2,58
9:26:50,2329.8,2329.6,2329.8,15,10,13
9:26:51,2329.8,2329.8,2330,19,25,58
9:26:51,2330,2329.8,2330,8,21,56
9:26:52,2330,2329.8,2330,13,14,54
9:26:52,2329.8,2329.8,2330,2,13,56
9:26:53,2329.8,2329.8,2330,7,56,61
9:26:53,2330,2329.8,2330,9,49,60
9:26:54,2329.8,2329.8,2330,26,47,40
9:26:54,2329.8,2329.8,2330,15,44,45
9:26:55,2329.8,2329.8,2330,17,37,35
9:26:55,2330,2329.8,2330,15,32,31
9:26:56,2330,2329.8,2330,8,27,36
9:26:56,2329.8,2329.8,2330,7,26,32
9:26:57,2329.8,2329.8,2330,37,22,1
9:26:57,2329.8,2329.8,2330,8,19,2
9:26:58,2330,2329.8,2330,12,20,10
9:26:58,2329.8,2329.6,2329.8,27,13,3
9:26:59,2329.8,2329.6,2329.8,9,10,24
9:26:59,2329.8,2329.4,2329.6,17,33,56
9:27:00,2329.4,2329.2,2329.4,45,29,6
9:27:00,2329.2,2329.2,2329.4,55,2,4
9:27:01,2329.2,2329,2329.2,80,59,10
9:27:01,2329.6,2329.6,2329.8,37,2,3
9:27:02,2329.8,2329.6,2329.8,37,20,6
9:27:02,2329.8,2329.8,2330,34,10,11
9:27:03,2329.8,2329.8,2330,13,21,8
9:27:03,2329.8,2329.8,2330,21,4,5
9:27:04,2329.6,2329.4,2329.6,43,45,3
9:27:04,2329.8,2329.6,2329.8,27,10,15
9:27:05,2329.6,2329.4,2329.6,27,44,9
9:27:05,2329.4,2329.4,2329.6,10,43,6
9:27:06,2329.4,2329.4,2329.6,6,26,2
9:27:06,2329.4,2329.6,2329.8,8,1,17
9:27:07,2329.4,2329.4,2329.8,16,21,14
9:27:07,2329.4,2329.4,2329.6,22,21,1
9:27:08,2329.4,2329.4,2329.6,11,16,1
9:27:08,2329.6,2329.4,2329.6,6,10,1
9:27:09,2329.8,2329.8,2330,5,1,53
9:27:09,2329.4,2329.2,2329.4,23,8,24
9:27:10,2329.4,2329.4,2329.6,25,15,3
9:27:10,2329.6,2329.4,2329.6,15,20,10
9:27:11,2329.6,2329.4,2329.6,9,24,2
9:27:11,2329.6,2329.6,2329.8,29,30,5
9:27:12,2329.6,2329.6,2330,30,9,76
9:27:12,2329.8,2329.8,2330,57,35,42
9:27:13,2330,2329.8,2330,29,30,22
9:27:13,2330.2,2330,2330.2,35,43,7
9:27:14,2330.2,2330.2,2330.4,7,32,31
9:27:14,2330.4,2330.2,2330.4,31,39,4
9:27:15,2330.4,2330.4,2330.6,26,32,90
9:27:15,2330.6,2330.4,2330.6,22,59,70
9:27:16,2330.4,2330.4,2330.6,23,67,52
9:27:16,2330.6,2330.4,2330.6,21,53,37
9:27:17,2330.4,2330.4,2330.6,19,42,37
9:27:17,2330.4,2330.4,2330.6,33,30,10
9:27:18,2330.8,2330.6,2330.8,65,4,34
9:27:18,2330.6,2330.6,2330.8,21,35,43
9:27:19,2330.8,2330.6,2330.8,32,29,22
9:27:19,2330.6,2330.4,2330.6,48,22,28
9:27:20,2330.6,2330.4,2330.6,15,24,28
9:27:20,2330.6,2330.4,2330.6,13,24,54
9:27:21,2330.4,2330.2,2330.4,30,11,4
9:27:21,2330.2,2330,2330.2,18,39,11
9:27:22,2330.2,2330,2330.2,8,33,17
9:27:22,2330.4,2330,2330.6,108,30,1
9:27:23,2330.4,2330.2,2330.6,14,13,14
9:27:23,2330.4,2330.4,2330.6,1,4,17
9:27:24,2330.6,2330.4,2330.6,5,6,13
9:27:24,2330.6,2330.4,2330.6,5,18,10
9:27:25,2330.6,2330.4,2330.6,13,16,5
9:27:25,2330.4,2330.2,2330.4,31,12,10
9:27:26,2330.4,2330.2,2330.4,3,13,7
9:27:26,2330.2,2330.2,2330.4,8,5,12
9:27:27,2330.2,2330.2,2330.4,8,2,8
9:27:27,2330.4,2330,2330.2,7,48,1
9:27:28,2330.6,2330.6,2330.8,35,69,25
9:27:28,2330.6,2330.8,2331,39,11,186
9:27:29,2331,2330.6,2331,50,51,162
9:27:29,2331,2330.8,2331,78,4,94
9:27:30,2331,2330.8,2331,24,1,77
9:27:30,2331,2330.8,2331,81,10,2
9:27:31,2330.8,2331,2331.2,18,5,26
9:27:31,2331,2331,2331.2,47,12,6
9:27:32,2331.2,2331,2331.4,16,26,7
9:27:32,2331,2331,2331.2,9,26,11
9:27:33,2331,2330.8,2331,35,27,5
9:27:33,2331,2330.8,2331,19,21,5
9:27:34,2331,2330.8,2331,30,1,49
9:27:34,2330.8,2330.6,2330.8,13,57,27
9:27:35,2330.8,2330.6,2330.8,73,5,22
9:27:35,2330.6,2330.4,2330.6,30,3,66
9:27:36,2330.4,2330.2,2330.4,21,40,12
9:27:36,2330.2,2330.2,2330.4,10,39,9
9:27:37,2330.2,2330.2,2330.4,10,31,17
9:27:37,2330.2,2330.2,2330.4,38,24,1
9:27:38,2330.2,2330.2,2330.4,24,8,5
9:27:38,2330,2330,2330.2,14,68,16
9:27:39,2330,2330,2330.2,4,65,20
9:27:39,2330,2330,2330.2,11,59,17
9:27:40,2330,2330,2330.2,36,44,7
9:27:40,2330.2,2330.2,2330.4,15,5,8
9:27:41,2330.4,2330.4,2330.6,13,5,55
9:27:41,2330,2330,2330.2,34,32,3
9:27:42,2330.2,2330.2,2330.4,3,4,9
9:27:42,2330.2,2330,2330.4,7,35,16
9:27:43,2330.4,2330,2330.4,7,31,24
9:27:43,2330.4,2330,2330.4,27,11,39
9:27:44,2330.2,2330,2330.2,17,13,13
9:27:44,2330,2330,2330.4,35,2,37
9:27:45,2330,2329.8,2330,9,28,2
9:27:45,2330,2329.6,2330.2,44,26,10
9:27:46,2330,2329.6,2330,7,26,3
9:27:46,2330,2329.8,2330.2,19,23,17
9:27:47,2329.8,2329.8,2330.2,5,20,18
9:27:47,2330.2,2329.8,2330.2,6,17,16
9:27:48,2330,2329.8,2330.2,23,1,15
9:27:48,2330,2330,2330.2,5,1,16
9:27:49,2330,2329.6,2329.8,2,31,29
9:27:49,2329.8,2329.6,2329.8,5,30,25
9:27:50,2329.6,2329.6,2329.8,3,30,24
9:27:50,2329.6,2329.6,2329.8,4,29,26
9:27:51,2329.6,2329.6,2329.8,11,20,26
9:27:51,2329.6,2329.6,2329.8,11,12,24
9:27:52,2329.6,2329.6,2329.8,11,15,24
9:27:52,2329.6,2329.6,2329.8,14,4,22
9:27:53,2329.8,2329.4,2329.8,7,18,17
9:27:53,2329.4,2329.4,2329.6,4,15,9
9:27:54,2329.4,2329.4,2329.6,21,4,10
9:27:54,2329.4,2329.2,2329.4,26,35,1
9:27:55,2329.2,2329.2,2329.4,4,30,28
9:27:55,2329.2,2329.2,2329.4,13,29,19
9:27:56,2329.4,2329.2,2329.4,11,22,16
9:27:56,2329.2,2329.2,2329.4,11,23,15
9:27:57,2329.2,2329.2,2329.4,25,9,4
9:27:57,2329.4,2329.2,2329.6,11,4,25
9:27:58,2329.2,2329,2329.2,6,69,10
9:27:58,2329.2,2329.2,2329.4,24,7,3
9:27:59,2329.2,2329,2329.4,17,74,5
9:27:59,2329,2329,2329.2,10,92,2
9:28:00,2329.2,2329.2,2329.4,6,7,11
9:28:00,2329.2,2329,2329.2,18,85,25
9:28:01,2329,2329,2329.2,20,84,17
9:28:01,2329.2,2329,2329.6,58,83,12
9:28:02,2329,2329.2,2329.4,46,6,36
9:28:02,2329,2329,2329.2,28,53,3
9:28:03,2329,2329,2329.2,38,18,12
9:28:03,2329,2328.8,2329,60,35,3
9:28:04,2329,2328.8,2329,55,4,1
9:28:04,2328.8,2328.6,2328.8,16,29,1
9:28:05,2328.8,2328.8,2329,8,50,4
9:28:05,2329,2329,2329.2,13,4,11
9:28:06,2329,2329,2329.2,11,2,9
9:28:06,2329,2329,2329.2,7,28,11
9:28:07,2329.2,2329.2,2329.4,23,3,3
9:28:07,2329.6,2329.2,2329.6,29,19,33
9:28:08,2329.2,2329.2,2329.6,11,41,47
9:28:08,2329.6,2329.2,2329.6,5,41,45
9:28:09,2329.6,2329.4,2329.6,36,24,12
9:28:09,2329.6,2329.4,2329.6,9,22,5
9:28:10,2329.4,2329.4,2329.8,29,25,14
9:28:10,2329.6,2329.6,2329.8,7,12,13
9:28:11,2329.8,2329.6,2330,18,13,86
9:28:11,2330,2329.6,2330,24,19,80
9:28:12,2329.8,2329.8,2330,20,4,71
9:28:12,2330,2329.8,2330,8,3,45
9:28:13,2329.8,2329.8,2330,4,4,42
9:28:13,2330,2329.8,2330,8,7,35
9:28:14,2330,2329.8,2330,6,5,31
9:28:14,2330,2329.8,2330,8,4,25
9:28:15,2330,2329.8,2330,6,4,20
9:28:15,2330.2,2330.2,2330.4,32,29,15
9:28:16,2330.4,2330.2,2330.4,4,28,12
9:28:16,2330.6,2330.4,2330.6,19,5,25
9:28:17,2330.8,2330.6,2330.8,39,26,5
9:28:17,2330.8,2330.8,2331,7,2,91
9:28:18,2330.8,2330.8,2331,18,12,75
9:28:18,2330.8,2330.8,2331,34,11,46
9:28:19,2331,2331,2331.2,56,3,14
9:28:19,2331.4,2331,2331.4,23,6,2
9:28:20,2331.4,2331.4,2331.6,26,12,25
9:28:20,2331.6,2331.4,2331.6,49,16,8
9:28:21,2331.8,2331.6,2331.8,14,6,24
9:28:21,2331.4,2331.4,2331.6,41,26,2
9:28:22,2332,2331.8,2332,36,10,40
9:28:22,2332,2331.8,2332,36,5,35
9:28:23,2332,2331.6,2331.8,78,6,39
9:28:23,2331.8,2331.6,2331.8,47,1,38
9:28:24,2331.6,2331.2,2331.4,24,35,1
9:28:24,2331.4,2331.2,2331.4,32,28,7
9:28:25,2331.6,2331.2,2331.6,36,20,39
9:28:25,2331.4,2331.2,2331.6,21,17,49
9:28:26,2331.2,2331.2,2331.4,18,17,5
9:28:26,2331.2,2331.2,2331.6,19,6,56
9:28:27,2331.2,2331.4,2331.6,8,1,46
9:28:27,2331.2,2331,2331.2,13,7,9
9:28:28,2331,2331,2331.2,18,13,1
9:28:28,2331.2,2331,2331.6,56,2,9
9:28:29,2331,2331,2331.4,9,9,3
9:28:29,2331.4,2331.2,2331.4,9,11,18
9:28:30,2331.4,2331.4,2331.6,22,11,16
9:28:30,2331.6,2331.4,2331.6,34,2,4
9:28:31,2331.4,2331.4,2331.8,28,23,53
9:28:31,2331.4,2331.2,2331.4,26,7,9
9:28:32,2331.8,2331.6,2331.8,26,3,42
9:28:32,2331.6,2331.4,2331.6,13,4,12
9:28:33,2331.6,2331.2,2331.6,12,15,12
9:28:33,2331.6,2331.2,2331.6,13,12,4
9:28:34,2331.8,2331.6,2331.8,24,1,38
9:28:34,2331.8,2331.2,2331.6,34,3,2
9:28:35,2331.2,2331,2331.4,6,28,2
9:28:35,2331.2,2331,2331.6,10,30,5
9:28:36,2331.4,2331,2331.4,3,31,5
9:28:36,2331,2331,2331.4,20,25,2
9:28:37,2331.4,2331,2331.2,53,19,5
9:28:37,2331.6,2331.6,2331.8,37,2,24
9:28:38,2331.6,2331.4,2331.6,12,3,29
9:28:38,2331.4,2331.2,2331.6,17,47,24
9:28:39,2331.6,2331.4,2331.6,3,5,23
9:28:39,2331.6,2331.6,2331.8,43,2,27
9:28:40,2331.8,2331.8,2332,44,52,29
9:28:40,2332,2332,2332.4,82,69,33
9:28:41,2332.4,2332.2,2332.4,39,25,11
9:28:41,2332.6,2332.4,2332.6,31,14,34
9:28:42,2332.4,2332.4,2332.6,92,1,5
9:28:42,2332.4,2332.2,2332.4,34,7,5
9:28:43,2332.4,2332.4,2332.8,56,9,52
9:28:43,2332.6,2332.4,2332.6,31,22,35
9:28:44,2332.6,2332,2332.4,45,17,1
9:28:44,2332.4,2332,2332.6,44,2,24
9:28:45,2332,2332,2332.4,39,22,18
9:28:45,2332,2331.8,2332,29,46,18
9:28:46,2332,2332,2332.4,27,6,28
9:28:46,2332,2332,2332.4,23,22,33
9:28:47,2332.2,2332.2,2332.4,39,6,1
9:28:47,2332.4,2332.4,2332.6,32,13,54
9:28:48,2332.4,2332.4,2332.6,17,3,51
9:28:48,2332.6,2332,2332.6,16,8,48
9:28:49,2332,2332,2332.6,44,6,36
9:28:49,2332,2331.8,2332,12,40,7
9:28:50,2332.2,2331.8,2332.4,13,43,85
9:28:50,2332,2332,2332.2,9,4,35
9:28:51,2332,2331.8,2332,15,49,101
9:28:51,2331.8,2331.8,2332,25,32,117
9:28:52,2331.8,2331.6,2331.8,45,26,125
9:28:52,2331.6,2331.4,2331.6,39,9,11
9:28:53,2331.4,2331.2,2331.6,38,3,47
9:28:53,2331.6,2331.2,2331.6,38,28,32
9:28:54,2331.2,2331.2,2331.4,25,16,1
9:28:54,2331.2,2331.2,2331.8,46,13,44
9:28:55,2331.4,2331.2,2331.8,4,14,47
9:28:55,2331.2,2331.4,2331.6,9,15,1
9:28:56,2331.4,2331.4,2331.8,16,9,18
9:28:56,2331.6,2331.6,2331.8,12,2,11
9:28:57,2331.8,2331.6,2331.8,4,24,9
9:28:57,2331.6,2331.6,2331.8,10,19,21
9:28:58,2331.8,2331.6,2331.8,19,2,19
9:28:58,2331.6,2331.4,2331.6,7,3,16
9:28:59,2331.6,2331.4,2331.6,12,3,16
9:28:59,2331.4,2331.2,2331.4,15,14,4
9:29:00,2331.2,2331.2,2331.6,11,2,13
9:29:00,2331.4,2331.2,2331.4,40,31,39
9:29:01,2331.4,2331.2,2331.4,25,12,35
9:29:01,2331.2,2331,2331.2,25,18,14
9:29:02,2331,2330.8,2331,29,17,1
9:29:02,2331.2,2330.8,2331.2,10,15,19
9:29:03,2330.8,2330.6,2330.8,16,15,6
9:29:03,2330.8,2330.6,2330.8,37,18,6
9:29:04,2330.8,2330.6,2330.8,15,11,4
9:29:04,2330.8,2330.8,2331.2,26,16,13
9:29:05,2330.8,2330.8,2331.2,6,17,13
9:29:05,2330.8,2331,2331.2,27,11,13
9:29:06,2331.2,2331,2331.2,12,2,12
9:29:06,2330.8,2330.8,2331.2,5,33,10
9:29:07,2331,2331,2331.2,7,5,6
9:29:07,2331,2330.8,2331,30,32,4
9:29:08,2331,2331.2,2331.4,23,1,30
9:29:08,2331.4,2331,2331.4,30,17,7
9:29:09,2331.2,2331,2331.4,4,19,5
9:29:09,2331.2,2331.2,2331.4,4,4,4
9:29:10,2331.2,2331,2331.2,14,11,4
9:29:10,2331,2331,2331.2,2,11,38
9:29:11,2331,2330.8,2331,17,15,1
9:29:11,2331,2330.6,2331,17,42,9
9:29:12,2330.8,2330.6,2330.8,5,42,3
9:29:12,2330.6,2330.6,2331,4,42,13
9:29:13,2331,2331,2331.2,11,30,46
9:29:13,2331,2331,2331.2,13,17,47
9:29:14,2331,2330.8,2331.2,21,4,47
9:29:14,2330.8,2330.8,2331,11,3,3
9:29:15,2330.8,2330.8,2331,3,2,13
9:29:15,2330.8,2330.8,2331.2,27,1,51
9:29:16,2330.6,2330.6,2331,4,43,2
9:29:16,2331,2331,2331.2,10,11,50
9:29:17,2331,2331,2331.2,9,3,52
9:29:17,2331.2,2330.8,2331.2,18,8,42
9:29:18,2330.8,2330.8,2331,3,8,5
9:29:18,2330.8,2330.8,2331.2,18,6,44
9:29:19,2331.2,2330.8,2331.2,6,3,45
9:29:19,2331,2330.8,2331,4,10,3
9:29:20,2330.8,2330.8,2331,12,3,5
9:29:20,2330.8,2330.6,2330.8,9,47,2
9:29:21,2330.8,2330.6,2331,4,47,7
9:29:21,2330.6,2330.6,2331,4,45,9
9:29:22,2330.6,2330.6,2331,1,45,14
9:29:22,2330.8,2330.6,2331,6,40,16
9:29:23,2330.8,2330.8,2331,8,5,16
9:29:23,2330.8,2330.8,2331,6,2,14
9:29:24,2331,2330.8,2331,8,2,16
9:29:24,2330.6,2330.6,2330.8,5,35,13
9:29:25,2330.6,2330.6,2330.8,13,27,15
9:29:25,2330.6,2330.6,2330.8,12,16,15
9:29:26,2330.6,2330.4,2330.6,25,12,4
9:29:26,2330.6,2330.4,2330.6,1,12,10
9:29:27,2330.6,2330.4,2330.6,9,4,10
9:29:27,2330.2,2330.2,2330.4,6,85,2
9:29:28,2330.2,2330.2,2330.6,12,83,3
9:29:28,2330.6,2330.4,2330.8,12,23,14
9:29:29,2330.4,2330.4,2330.6,5,18,3
9:29:29,2330.4,2330.4,2330.6,4,23,4
9:29:30,2330.4,2330.4,2330.6,3,20,6
9:29:30,2330.6,2330.4,2330.6,10,19,3
9:29:31,2330.4,2330.4,2330.6,9,11,1
9:29:31,2330.6,2330.2,2330.8,15,83,71
9:29:32,2330.4,2330.2,2330.4,34,73,9
9:29:33,2330.2,2330.2,2330.4,15,64,6
9:29:33,2330.2,2330.2,2330.6,20,51,6
9:29:34,2330.2,2330.2,2330.4,15,41,11
9:29:34,2330.4,2330.4,2330.6,30,3,12
9:29:35,2330.2,2330.2,2330.6,13,29,12
9:29:35,2330.2,2330.2,2330.6,14,23,8
9:29:36,2330.4,2330.4,2330.6,7,7,6
9:29:36,2330.4,2330.2,2330.6,6,30,16
9:29:37,2330.2,2330.2,2330.6,22,13,17
9:29:37,2330.6,2330.4,2330.6,3,1,17
9:29:38,2330.4,2330.2,2330.6,1,13,17
9:29:38,2330.2,2330.4,2330.6,1,11,17
9:29:39,2330.6,2330.4,2330.6,15,8,4
9:29:39,2330.2,2330,2330.2,57,67,3
9:29:40,2330.4,2330,2330.4,12,70,5
9:29:40,2330,2330,2330.4,4,75,16
9:29:41,2330,2330,2330.2,3,72,8
9:29:41,2330,2330,2330.2,17,57,7
9:29:42,2330.2,2330.2,2330.4,17,5,10
9:29:42,2330.2,2330,2330.2,5,56,2
9:29:43,2330,2330,2330.2,3,53,3
9:29:43,2330.4,2330.2,2330.4,10,5,7
9:29:44,2330.2,2330.2,2330.4,10,22,5
9:29:44,2330,2330,2330.2,29,43,31
9:29:45,2330,2330,2330.2,13,46,27
9:29:45,2330.2,2330,2330.2,15,37,21
9:29:46,2330,2330,2330.2,11,48,29
9:29:46,2330,2330,2330.2,3,46,91
9:29:47,2330,2330,2330.2,43,26,84
9:29:47,2330,2330,2330.2,27,2,82
9:29:48,2330,2329.8,2330,14,54,9
9:29:48,2329.8,2329.8,2330,17,52,18
9:29:49,2329.8,2329.8,2330,20,40,1
9:29:49,2330,2330,2330.2,7,1,61
9:29:50,2330.2,2329.8,2330,6,41,1
9:29:50,2330,2329.8,2330,8,41,30
9:29:51,2330,2329.8,2330,4,40,34
9:29:51,2330,2329.8,2330,19,40,29
9:29:52,2330,2329.8,2330,46,17,23
9:29:52,2329.8,2329.8,2330,16,3,22
9:29:53,2329.8,2329.6,2330,10,64,25
9:29:53,2330,2329.6,2329.8,2,65,2
9:29:54,2329.8,2329.6,2329.8,18,71,5
9:29:54,2329.6,2329.6,2330,14,66,15
9:29:55,2329.6,2329.8,2330,43,10,15
9:29:55,2330.2,2330,2330.2,32,6,55
9:29:56,2330,2330,2330.2,4,11,53
9:29:56,2330,2330,2330.2,10,7,47
9:29:57,2330.2,2330,2330.2,3,6,45
9:29:57,2330,2330,2330.2,3,7,45
9:29:58,2330,2329.8,2330,29,19,2
9:29:58,2330.2,2329.8,2330.2,6,29,30
9:29:59,2330,2329.8,2330,4,32,2
9:29:59,2330.2,2329.8,2330.2,21,41,34
9:30:00,2330,2329.8,2330,7,35,1
9:30:00,2330.8,2330,2330.8,197,18,22
9:30:01,2330.8,2330.2,2330.8,39,36,4
9:30:01,2331,2330.4,2330.6,67,24,1
9:30:02,2330.8,2330.6,2330.8,36,1,2
9:30:02,2331,2331,2331.2,48,3,12
9:30:03,2330.6,2330.6,2331.2,25,3,7
9:30:03,2331,2330.4,2331.2,10,2,25
9:30:04,2330.2,2330.2,2330.4,24,6,7
9:30:04,2330.2,2330.4,2330.8,64,6,1
9:30:05,2330.6,2330.4,2330.6,7,4,4
9:30:05,2330.6,2330,2330.6,10,30,9
9:30:06,2330.6,2330.6,2330.8,4,1,9
9:30:06,2331,2330.6,2330.8,17,6,4
9:30:07,2330.2,2330,2330.4,11,28,2
9:30:07,2330.2,2330.2,2331,14,5,6
9:30:08,2330.6,2330.4,2330.8,10,5,9
9:30:08,2330.4,2330.4,2330.6,6,16,4
9:30:09,2330.6,2330.4,2330.6,9,11,1
9:30:09,2330.4,2330.4,2330.6,2,1,1
9:30:10,2330.2,2330.2,2330.6,7,5,2
9:30:10,2330.2,2330.2,2330.4,1,4,1
9:30:11,2330.4,2330,2330.2,8,31,2
9:30:11,2330.4,2330,2330.8,9,31,20
9:30:12,2330.2,2330.2,2330.6,8,6,7
9:30:12,2330.6,2330.4,2330.6,3,5,16
9:30:13,2330.6,2330.4,2330.6,16,2,4
9:30:13,2330.4,2330,2330.4,24,29,1
9:30:14,2330,2330.2,2330.6,3,10,4
9:30:14,2330.8,2330.4,2330.8,7,11,25
9:30:15,2330.6,2330.6,2330.8,3,1,25
9:30:15,2330.8,2330.4,2330.8,15,10,21
9:30:16,2330.8,2330.6,2330.8,12,7,9
9:30:16,2331,2331,2331.2,24,7,11
9:30:17,2331.2,2331,2331.2,3,9,8
9:30:17,2331.6,2331,2331.6,77,2,3
9:30:18,2332,2331.6,2332,70,4,38
9:30:18,2331.8,2331.6,2331.8,25,9,19
9:30:19,2332,2331.8,2332,36,7,15
9:30:19,2332,2332,2332.2,24,2,6
9:30:20,2332.2,2332.2,2332.4,13,5,18
9:30:20,2332.2,2332,2332.2,42,12,20
9:30:21,2332.2,2332,2332.2,17,12,10
9:30:21,2332.2,2331.8,2332,34,3,2
9:30:22,2332,2332,2332.4,30,1,7
9:30:22,2332.2,2332,2332.4,12,10,8
9:30:23,2332.4,2332.2,2332.6,33,25,25
9:30:23,2332.4,2332.4,2332.6,41,36,17
9:30:24,2332.6,2332.6,2332.8,45,15,33
9:30:24,2332.8,2332.6,2332.8,43,4,4
9:30:25,2332.2,2332,2332.2,66,15,57
9:30:25,2332,2331.6,2332,91,13,31
9:30:26,2332,2331.6,2331.8,55,12,1
9:30:26,2332.2,2331.6,2331.8,18,7,1
9:30:27,2332.6,2331.8,2332.6,45,1,1
9:30:27,2332,2332,2332.4,19,13,9
9:30:28,2332.4,2332.4,2332.6,30,3,4
9:30:28,2332.6,2332.6,2332.8,13,1,85
9:30:29,2332.8,2332.2,2332.6,18,14,1
9:30:29,2332.4,2332,2332.4,30,15,5
9:30:30,2332.4,2332,2332.4,29,5,9
9:30:30,2332.4,2332.4,2332.6,39,19,20
9:30:31,2332.6,2332.4,2332.6,35,5,2
9:30:31,2332.6,2332.6,2332.8,19,1,87
9:30:32,2332.8,2332,2332.8,15,1,85
9:30:32,2332.6,2332.4,2332.6,37,3,7
9:30:33,2332.6,2332.2,2332.6,23,11,17
9:30:33,2332.6,2332.6,2333,129,8,31
9:30:34,2332.8,2332.8,2333,23,9,24
9:30:34,2332.8,2333,2333.2,82,8,26
9:30:35,2333,2332.2,2333,69,5,1
9:30:35,2332.2,2332.2,2332.4,59,2,44
9:30:36,2332.4,2332,2332.2,56,8,1
9:30:36,2333,2332,2332.2,68,13,2
9:30:37,2332.2,2332,2332.2,53,4,5
9:30:37,2333.4,2332.2,2333.4,50,10,9
9:30:38,2333.4,2332.6,2333,49,14,1
9:30:38,2333,2333,2333.6,48,20,12
9:30:39,2333.2,2333.2,2333.4,87,5,1
9:30:39,2333.8,2333.6,2333.8,36,2,3
9:30:40,2334,2333.8,2334,50,1,9
9:30:40,2333.4,2333.2,2333.4,84,5,10
9:30:41,2333.4,2334,2334.2,60,1,2
9:30:41,2334,2333.4,2334,59,26,25
9:30:42,2333.8,2333.4,2333.8,113,16,2
9:30:42,2333.4,2333.2,2333.4,67,3,2
9:30:43,2334.2,2334.2,2334.6,33,3,19
9:30:43,2334.2,2334.2,2334.4,59,18,2
9:30:44,2334.4,2334.4,2334.6,62,7,6
9:30:44,2334.4,2334.6,2334.8,68,1,41
9:30:45,2334.6,2334.4,2334.6,69,10,22
9:30:45,2334.6,2334.4,2335,92,7,306
9:30:46,2334.4,2334.2,2334.4,81,10,2
9:30:46,2334.4,2334,2334.2,93,4,7
9:30:47,2334.2,2333.8,2334.6,69,54,22
9:30:47,2334.2,2334,2334.4,70,65,8
9:30:48,2334.2,2334.2,2334.6,52,26,6
9:30:48,2334.4,2334.4,2334.8,28,2,7
9:30:49,2334.8,2334.8,2335,30,21,307
9:30:49,2334.4,2334.4,2334.8,100,29,81
9:30:50,2334.6,2334.4,2334.8,38,33,75
9:30:50,2334.6,2334.4,2334.6,69,32,29
9:30:51,2334.4,2334.4,2334.6,36,21,20
9:30:51,2334.6,2334.4,2334.6,33,12,12
9:30:52,2334.6,2334.6,2334.8,70,36,49
9:30:52,2334.6,2334.6,2334.8,44,29,52
9:30:53,2334.8,2334.6,2334.8,57,25,2
9:30:53,2335,2334.8,2335,55,5,237
9:30:54,2334.8,2334.6,2334.8,68,14,8
9:30:54,2334.6,2334.4,2334.6,105,17,5
9:30:55,2334.8,2334.8,2335,21,11,151
9:30:55,2334.6,2334.6,2334.8,60,44,6
9:30:56,2334.6,2334.6,2334.8,35,37,1
9:30:56,2334.8,2334.8,2335,46,20,118
9:30:57,2334.8,2334.8,2335,33,8,105
9:30:57,2335,2334.6,2334.8,94,41,1
9:30:58,2334.6,2334.8,2335,34,1,26
9:30:58,2334.8,2334.8,2335,15,12,20
9:30:59,2335,2335,2335.2,43,12,9
9:30:59,2334.8,2334.6,2334.8,110,21,2
9:31:00,2334.8,2334.8,2335.2,53,9,1
9:31:00,2334.8,2334.8,2335,161,19,7
9:31:01,2334.8,2334.6,2334.8,100,15,105
9:31:01,2334.4,2334.4,2334.6,161,32,85
9:31:02,2334,2334,2334.2,113,21,3
9:31:02,2334,2333.8,2334,166,17,8
9:31:03,2333.4,2333.4,2334,129,17,10
9:31:03,2333.8,2333.6,2333.8,38,62,14
9:31:04,2333.8,2333.8,2334,54,14,27
9:31:04,2334,2334,2334.2,51,8,1
9:31:05,2334,2333.8,2334,65,52,11
9:31:05,2334,2333.8,2334,51,29,15
9:31:06,2334,2334,2334.4,41,19,52
9:31:06,2334,2334,2334.4,36,5,47
9:31:07,2334,2333.8,2334.2,11,23,1
9:31:07,2334,2333.8,2334,13,18,1
9:31:08,2334,2334,2334.2,14,19,4
9:31:08,2334,2334,2334.2,17,6,4
9:31:09,2334,2333.8,2334,9,17,2
9:31:09,2334.2,2334,2334.2,16,55,1
9:31:10,2334,2334.2,2334.4,16,35,48
9:31:10,2334.4,2334.4,2334.8,100,23,44
9:31:11,2334.8,2334.4,2334.8,57,21,23
9:31:11,2334.4,2334.4,2335.8,191,4,55
9:31:12,2335.4,2334.8,2335.4,114,4,5
9:31:12,2335.4,2335,2335.2,33,59,1
9:31:13,2335.4,2335.2,2335.4,37,53,6
9:31:13,2335.6,2335.6,2335.8,33,5,2
9:31:14,2335.6,2335.4,2335.6,38,65,2
9:31:14,2336,2335.8,2336,27,7,79
9:31:15,2335.8,2335.8,2336,47,6,45
9:31:15,2335.8,2335.4,2335.8,46,85,10
9:31:16,2335.8,2335.8,2336,67,3,41
9:31:16,2335.6,2335.4,2335.8,61,67,3
9:31:17,2335.8,2335.4,2335.8,14,66,13
9:31:17,2335.4,2335.4,2335.6,38,41,44
9:31:18,2335.4,2335.4,2335.6,65,16,18
9:31:18,2335.2,2335,2335.2,43,3,25
9:31:19,2335,2334.8,2335,36,3,3
9:31:19,2334.8,2334.8,2335.2,27,7,23
9:31:20,2335.2,2334.8,2335.2,23,4,17
9:31:20,2334.4,2334.4,2334.8,18,8,10
9:31:21,2334.4,2334.4,2334.8,13,1,14
9:31:21,2334.6,2334.6,2334.8,23,1,10
9:31:22,2334.8,2334.6,2334.8,46,4,42
9:31:22,2334.4,2334.2,2334.6,11,21,2
9:31:23,2334.2,2334,2334.2,27,19,21
9:31:24,2334,2333.8,2334,25,4,7
9:31:24,2334,2334,2334.2,16,25,26
9:31:25,2334.2,2334,2334.2,21,14,23
9:31:25,2334,2333.6,2334,22,11,2
9:31:26,2334,2333.6,2334,4,13,3
9:31:26,2334.2,2333.6,2334.2,35,5,10
9:31:27,2334,2334,2334.2,21,31,3
9:31:27,2334,2334,2334.4,12,29,9
9:31:28,2334,2334.2,2334.4,23,5,8
9:31:28,2334.4,2334,2334.4,12,18,6
9:31:29,2334,2333.8,2334,21,6,41
9:31:29,2334,2333.6,2333.8,15,45,1
9:31:30,2334,2333.6,2334,11,43,42
9:31:30,2334,2333.8,2334,39,1,35
9:31:31,2334,2333.6,2333.8,38,9,1
9:31:31,2333.8,2333.6,2333.8,6,8,5
9:31:32,2334,2333.6,2333.8,35,11,1
9:31:32,2333.6,2333.6,2333.8,14,12,12
9:31:33,2333.6,2333.6,2333.8,9,5,10
9:31:33,2333.6,2333.4,2333.6,22,10,24
9:31:34,2333.4,2333.2,2333.4,14,29,10
9:31:34,2333.4,2333.2,2333.4,27,9,6
9:31:35,2333.2,2333,2333.2,51,30,4
9:31:35,2333.2,2333,2333.4,14,22,16
9:31:36,2333,2333,2333.2,14,13,3
9:31:36,2333,2332.8,2333,19,9,1
9:31:37,2333.2,2332.8,2333,20,17,30
9:31:37,2333,2332.8,2333,33,6,11
9:31:38,2332.8,2332.6,2332.8,14,2,3
9:31:38,2332.6,2332.6,2332.8,12,12,9
9:31:39,2332.8,2332.8,2333,19,19,7
9:31:39,2333,2333,2333.4,32,7,24
9:31:40,2333.2,2333,2333.2,44,6,1
9:31:40,2333.4,2333.4,2333.6,13,4,36
9:31:41,2333.6,2333,2333.4,24,21,39
9:31:41,2333.4,2333.2,2333.4,22,5,28
9:31:42,2333.4,2333,2333.2,11,26,10
9:31:42,2333,2333,2333.2,14,17,5
9:31:43,2333,2333,2333.4,9,14,43
9:31:43,2333.4,2333,2333.4,14,8,37
9:31:44,2333.4,2333,2333.2,14,4,23
9:31:44,2333.2,2333,2333.2,7,12,24
9:31:45,2333,2332.8,2333,19,16,9
9:31:45,2333,2332.8,2333,8,12,19
9:31:46,2332.8,2332.8,2333,19,11,19
9:31:46,2333,2333,2333.2,35,2,21
9:31:47,2333,2333,2333.2,35,38,11
9:31:47,2333.2,2333.2,2333.4,31,6,28
9:31:48,2333.2,2333.2,2333.4,24,1,19
9:31:48,2333.2,2333.2,2333.4,5,1,21
9:31:49,2333,2333,2333.4,18,29,19
9:31:49,2333.4,2333.2,2333.4,11,1,26
9:31:50,2333.4,2333,2333.2,12,73,10
9:31:50,2333.2,2333,2333.2,15,72,10
9:31:51,2333.2,2333.2,2333.4,23,9,10
9:31:51,2333.2,2333,2333.2,16,69,2
9:31:52,2333,2333,2333.2,10,67,7
9:31:52,2333,2333,2333.4,22,59,15
9:31:53,2333,2333.2,2333.4,4,10,16
9:31:53,2333.2,2333,2333.4,32,39,19
9:31:54,2333.4,2333.4,2333.6,34,26,13
9:31:54,2333.4,2333.4,2333.6,15,12,13
9:31:55,2333,2333,2333.6,17,29,18
9:31:55,2333.2,2333,2333.2,17,19,6
9:31:56,2333.6,2333.4,2333.6,39,2,6
9:31:56,2333.4,2333.2,2333.4,13,1,7
9:31:57,2333.4,2333,2333.4,20,17,1
9:31:57,2333,2333,2333.4,3,18,11
9:31:58,2333,2333,2333.4,17,20,16
9:31:58,2333.2,2333.2,2333.4,12,3,18
9:31:59,2333.2,2333.2,2333.4,3,4,18
9:31:59,2333.2,2333,2333.4,20,7,11
9:32:00,2333.2,2333,2333.4,11,2,8
9:32:00,2333.6,2333.4,2333.6,41,10,7
9:32:01,2334,2333.4,2334.2,57,14,24
9:32:01,2333.6,2333.6,2334,12,18,9
9:32:02,2334,2333.8,2334,15,15,13
9:32:02,2333.8,2333.6,2333.8,37,22,2
9:32:03,2334.2,2333.6,2334.2,13,21,18
9:32:03,2334,2333.8,2334,24,6,40
9:32:04,2333.8,2333.6,2333.8,23,12,8
9:32:04,2333.8,2333.4,2333.8,49,4,11
9:32:05,2333.4,2333.4,2333.6,32,4,31
9:32:05,2333.6,2333.2,2333.4,15,16,5
9:32:06,2333.4,2333.2,2333.4,16,17,3
9:32:06,2333.4,2333.4,2333.6,26,11,9
9:32:07,2333.8,2333.6,2333.8,21,6,6
9:32:07,2333.8,2333.8,2334,18,1,40
9:32:08,2333.8,2333.8,2334,12,12,34
9:32:08,2333.8,2333.8,2334,6,15,33
9:32:09,2333.8,2333.8,2334,30,1,20
9:32:09,2333.8,2333.6,2334,7,12,21
9:32:10,2333.6,2333.6,2334,21,3,17
9:32:10,2334,2334,2334.2,17,6,11
9:32:11,2334,2333.6,2333.8,20,4,1
9:32:11,2334,2333.8,2334,8,1,15
9:32:12,2334,2333.8,2334,7,4,10
9:32:12,2333.8,2333.8,2334,7,2,8
9:32:13,2334,2333.8,2334,10,2,1
9:32:13,2333.8,2333.6,2333.8,8,15,7
9:32:14,2333.8,2333.8,2334,10,28,9
9:32:14,2334,2333.8,2334,5,29,6
9:32:15,2334,2334,2334.2,11,29,5
9:32:15,2334.2,2334,2334.2,8,24,3
9:32:16,2334.2,2334.2,2334.4,10,32,40
9:32:16,2334.2,2334.2,2334.4,12,23,37
9:32:17,2334.4,2334.2,2334.4,6,25,31
9:32:17,2334.4,2334.2,2334.4,10,24,26
9:32:18,2334.4,2334.2,2334.4,9,21,21
9:32:18,2334.4,2334.2,2334.4,36,25,2
9:32:19,2334.6,2334.4,2334.6,17,8,30
9:32:19,2334.4,2334.4,2334.6,4,7,29
9:32:20,2334.4,2334.2,2334.4,10,12,3
9:32:20,2334.2,2334.2,2334.4,15,6,3
9:32:21,2334.4,2334.4,2334.6,31,26,16
9:32:21,2334.4,2334.4,2334.6,23,14,17
9:32:22,2334.6,2334.4,2334.6,22,1,10
9:32:22,2334.6,2334.2,2334.4,12,1,6
9:32:23,2334.6,2334.4,2334.6,7,1,8
9:32:23,2334.4,2334.4,2334.6,3,3,10
9:32:24,2334.2,2334.2,2334.4,16,1,1
9:32:24,2334.4,2334.2,2334.4,10,1,2
9:32:25,2334.6,2334,2334.6,16,5,2
9:32:25,2334.4,2334.2,2334.4,16,3,3
9:32:26,2334.2,2334,2334.2,8,1,5
9:32:26,2334.2,2333.8,2334.2,9,6,6
9:32:27,2334,2334,2334.2,2,2,10
9:32:27,2334,2333.8,2334,6,7,1
9:32:28,2334,2333.8,2334,3,6,9
9:32:28,2333.6,2333.6,2334,15,11,18
9:32:29,2334,2333.6,2334,7,11,24
9:32:29,2333.6,2333.6,2333.8,11,9,6
9:32:30,2333.6,2333.6,2333.8,8,12,12
9:32:30,2333.6,2333.6,2334,45,3,19
9:32:31,2334,2333.6,2333.8,17,8,2
9:32:31,2334,2333.6,2334,19,6,14
9:32:32,2333.6,2333.6,2334,5,6,14
9:32:32,2333.6,2333.8,2334,3,5,16
9:32:33,2333.8,2333.8,2334,4,3,16
9:32:33,2333.8,2333.6,2333.8,3,27,5
9:32:34,2333.6,2333.6,2333.8,27,7,19
9:32:34,2333.6,2333.2,2333.6,11,12,1
9:32:35,2333.2,2333.2,2333.8,11,11,21
9:32:35,2333.2,2333,2333.2,18,38,9
9:32:36,2333.2,2333,2333.2,15,36,59
9:32:36,2332.6,2332.6,2333,81,11,19
9:32:37,2333,2332.2,2333,67,23,11
9:32:37,2332.6,2332.4,2332.6,36,6,10
9:32:38,2332.4,2332,2332.2,14,54,1
9:32:38,2332,2332,2332.4,49,18,57
9:32:39,2332,2331.8,2332,23,14,3
9:32:39,2331.6,2331.6,2331.8,20,33,13
9:32:40,2331.8,2331.6,2331.8,21,28,5
9:32:40,2332,2331.6,2332,38,7,10
9:32:41,2332,2331.8,2332.2,35,14,8
9:32:41,2332.2,2331.8,2332.2,18,6,1
9:32:42,2331.8,2332,2332.4,30,1,60
9:32:42,2332,2332,2332.2,42,5,20
9:32:43,2332.2,2332,2332.2,34,1,6
9:32:43,2332.2,2332,2332.2,6,11,7
9:32:44,2332,2331.8,2332,27,1,4
9:32:44,2332.4,2332.2,2332.4,12,9,41
9:32:45,2332.2,2332,2332.2,15,54,7
9:32:45,2332,2332.2,2332.4,21,22,35
9:32:46,2332.4,2332.4,2332.6,44,5,17
9:32:46,2332.6,2332.4,2332.6,13,7,17
9:32:47,2332.6,2332.2,2332.6,6,17,23
9:32:47,2332.4,2332.2,2332.6,1,17,25
9:32:48,2332.2,2332.2,2332.6,5,18,35
9:32:48,2332.4,2332.2,2332.4,16,12,3
9:32:49,2332.2,2332,2332.2,37,63,9
9:32:49,2332,2332,2332.2,39,27,21
9:32:50,2332,2332,2332.2,6,22,17
9:32:50,2331.8,2331.8,2332,39,5,5
9:32:51,2331.8,2331.8,2332,13,16,14
9:32:51,2331.8,2331.8,2332,33,2,9
9:32:52,2331.8,2331.6,2331.8,4,16,20
9:32:52,2331.6,2331.6,2331.8,38,13,12
9:32:53,2331.6,2331.4,2331.6,33,41,5
9:32:53,2331.8,2331.6,2331.8,14,3,1
9:32:54,2331.8,2331.8,2332,12,61,11
9:32:54,2332,2332,2332.2,77,3,11
9:32:55,2332.4,2332.2,2332.4,22,18,5
9:32:55,2332.2,2332,2332.2,27,15,6
9:32:56,2332.6,2332.2,2332.6,13,3,13
9:32:56,2332,2332,2332.4,12,8,11
9:32:57,2332.2,2332,2332.2,9,3,5
9:32:57,2332.2,2332,2332.2,9,3,11
9:32:58,2332.2,2332,2332.2,20,11,1
9:32:58,2332,2331.8,2332.2,25,44,4
9:32:59,2332,2331.8,2332,35,19,2
9:32:59,2332,2332,2332.2,5,14,6
9:33:00,2332.2,2332.2,2332.4,24,3,3
9:33:00,2332.2,2332,2332.2,17,7,3
9:33:01,2332.2,2332.4,2332.6,26,1,16
9:33:01,2332.6,2332,2332.6,23,31,9
9:33:02,2332,2332,2332.4,47,47,10
9:33:02,2332.2,2332.2,2333,24,8,13
9:33:03,2332.8,2332.4,2332.8,2,20,3
9:33:03,2332.6,2332.6,2332.8,21,21,9
9:33:04,2332.8,2332.8,2333,16,39,18
9:33:04,2332.8,2332.8,2333,7,38,16
9:33:05,2332.8,2332.8,2333.2,19,36,5
9:33:05,2333,2333,2333.2,5,4,5
9:33:06,2332.8,2332.8,2333.4,18,30,2
9:33:06,2332.8,2332.8,2333.2,29,17,16
9:33:07,2332.8,2332.8,2333,4,15,18
9:33:07,2332.8,2332.6,2332.8,20,11,7
9:33:08,2332.6,2332.6,2332.8,14,9,2
9:33:08,2332.6,2332.4,2332.6,24,6,7
9:33:09,2332.4,2332.4,2332.6,4,5,8
9:33:09,2332.4,2332.4,2332.6,11,6,20
9:33:10,2332.4,2332.2,2332.4,20,15,9
9:33:10,2332.4,2332,2332.4,9,29,12
9:33:11,2332,2331.8,2332,37,26,18
9:33:11,2331.8,2331.8,2332,5,23,32
9:33:12,2331.8,2331.6,2331.8,34,24,9
9:33:12,2331.6,2331.6,2331.8,13,17,31
9:33:13,2331.6,2331.4,2331.6,59,45,2
9:33:13,2331.6,2331.4,2331.8,5,44,32
9:33:14,2331.6,2331.6,2331.8,23,3,25
9:33:14,2331.6,2331.6,2331.8,25,3,8
9:33:15,2331.6,2331.6,2331.8,12,27,2
9:33:15,2331.8,2331.8,2332,9,6,27
9:33:16,2331.8,2331.8,2332,32,26,14
9:33:16,2332,2331.8,2332,9,18,10
9:33:17,2332,2331.8,2332.2,11,18,3
9:33:17,2331.8,2331.8,2332.2,17,5,27
9:33:18,2332,2331.8,2332,15,16,5
9:33:18,2332,2331.8,2332,11,13,31
9:33:19,2332,2331.8,2332,9,6,29
9:33:19,2331.6,2331.6,2331.8,34,23,21
9:33:20,2331.6,2331.6,2331.8,34,2,19
9:33:20,2331.6,2331.4,2331.8,5,51,27
9:33:21,2331.4,2331.4,2331.6,4,50,10
9:33:21,2331.6,2331.4,2331.6,38,21,4
9:33:22,2331.6,2331.4,2331.6,44,22,9
9:33:22,2331.4,2331.4,2331.8,26,13,36
9:33:23,2331.6,2331.4,2331.6,20,7,3
9:33:23,2331.4,2331.2,2331.4,11,85,2
9:33:24,2331.4,2331.2,2331.4,20,82,4
9:33:24,2331.2,2331.2,2331.4,26,65,6
9:33:25,2331.2,2331.2,2331.4,8,60,4
9:33:25,2331.2,2331.2,2331.8,43,53,11
9:33:26,2331.2,2331.2,2331.8,19,50,5
9:33:26,2331.2,2331.2,2331.6,21,39,5
9:33:27,2331.4,2331.4,2331.6,33,26,3
9:33:27,2331.8,2331.4,2331.8,12,28,8
9:33:28,2331.4,2331.6,2331.8,10,16,11
9:33:28,2331.6,2331.6,2331.8,4,14,15
9:33:29,2331.8,2331.6,2331.8,2,32,21
9:33:29,2331.8,2331.6,2331.8,3,31,19
9:33:30,2331.8,2331.6,2331.8,6,27,18
9:33:30,2331.8,2331.6,2331.8,6,26,13
9:33:31,2331.6,2331.6,2331.8,5,10,9
9:33:31,2331.8,2331.8,2332,9,3,24
9:33:32,2332,2331.8,2332,2,3,23
9:33:32,2331.8,2331.8,2332,8,8,21
9:33:33,2331.8,2331.8,2332,5,9,20
9:33:33,2332,2331.8,2332,4,18,17
9:33:34,2331.8,2331.8,2332,9,18,9
9:33:34,2332,2332,2332.2,11,7,19
9:33:35,2331.8,2331.8,2332,13,10,4
9:33:35,2332.2,2331.8,2332,28,13,1
9:33:36,2331.8,2331.8,2332,4,21,11
9:33:36,2331.8,2331.8,2332,9,19,15
9:33:37,2332,2331.8,2332,11,27,5
9:33:37,2332,2331.8,2332,9,27,2
9:33:38,2332.2,2332,2332.2,17,1,15
9:33:38,2332.2,2332.2,2332.4,17,9,9
9:33:39,2332.2,2332.2,2332.4,10,2,6
9:33:39,2332.4,2332.2,2332.4,5,16,18
9:33:40,2332.4,2332.2,2332.4,8,12,28
9:33:40,2332.2,2332,2332.2,17,33,29
9:33:41,2332,2332,2332.4,56,9,28
9:33:41,2332,2332,2332.4,6,6,28
9:33:42,2332,2332,2332.2,4,8,11
9:33:42,2332.2,2332,2332.2,4,35,9
9:33:43,2332,2332,2332.2,30,13,2
9:33:43,2332.2,2332,2332.2,2,28,2
9:33:44,2332.4,2332,2332.4,4,30,14
9:33:44,2332.2,2332.2,2332.4,1,9,16
9:33:45,2332.4,2332.2,2332.4,6,8,11
9:33:45,2332.4,2332.2,2332.4,11,7,1
9:33:46,2332.4,2332.4,2332.6,10,14,21
9:33:46,2332.4,2332.4,2332.6,7,4,15
9:33:47,2332.4,2332.4,2332.6,4,1,14
9:33:48,2332.4,2332.2,2332.4,4,13,4
9:33:48,2332.4,2332.2,2332.4,1,13,26
9:33:49,2332.2,2332,2332.2,16,57,1
9:33:49,2332,2332,2332.2,17,33,3
9:33:50,2332.4,2332,2332.4,8,32,34
9:33:50,2332,2332,2332.2,31,4,8
9:33:51,2332,2331.8,2332,10,109,6
9:33:51,2331.8,2331.8,2332,6,108,5
9:33:52,2332,2332,2332.2,8,12,8
9:33:52,2332,2332,2332.2,2,33,13
9:33:53,2332.2,2332.2,2332.4,58,2,26
9:33:53,2332.2,2332,2332.4,6,8,26
9:33:54,2332,2332,2332.2,4,26,2
9:33:54,2332,2332,2332.2,4,24,9
9:33:55,2332.2,2332,2332.2,9,32,13
9:33:55,2332.2,2332.2,2332.4,18,50,22
9:33:56,2332.2,2332.2,2332.4,4,48,21
9:33:56,2332.4,2332.2,2332.4,24,42,3
9:33:57,2332.4,2332.4,2332.6,19,1,17
9:33:57,2332.2,2332.4,2332.6,2,5,17
9:33:58,2332.2,2332.4,2332.6,21,4,2
9:33:58,2332.4,2332.4,2332.6,2,4,1
9:33:59,2332.6,2332.6,2332.8,6,10,20
9:33:59,2332.6,2332.6,2332.8,3,7,31
9:34:00,2332.6,2332.6,2332.8,5,6,28
9:34:00,2332.6,2332.6,2332.8,14,4,20
9:34:01,2332.6,2332.6,2332.8,9,5,14
9:34:01,2332.8,2332.6,2332.8,7,5,7
9:34:02,2332.6,2332.6,2333,12,1,32
9:34:02,2333,2332.8,2333,20,6,13
9:34:03,2333,2332.8,2333,5,8,20
9:34:03,2332.6,2332.6,2333,40,5,7
9:34:04,2332.6,2332.8,2333,22,1,4
9:34:04,2332.8,2333,2333.2,33,1,1
9:34:05,2333,2332.6,2332.8,13,1,27
9:34:05,2332.6,2332.4,2332.6,27,9,4
9:34:06,2332.6,2332.6,2332.8,9,11,12
9:34:06,2333.2,2332.8,2333.2,36,17,1
9:34:07,2332.8,2332.8,2333.2,28,6,3
9:34:07,2333,2333,2333.2,35,3,7
9:34:08,2333.2,2333.2,2333.4,16,7,17
9:34:08,2333.2,2333,2333.2,34,1,25
9:34:09,2333.2,2333,2333.2,7,3,40
9:34:09,2333.8,2332.8,2333.8,69,9,30
9:34:10,2333.2,2333.2,2333.6,55,7,4
9:34:10,2333.6,2333.6,2333.8,66,1,5
9:34:11,2334,2333.8,2334,25,3,4
9:34:11,2334,2334,2334.4,61,2,4
9:34:12,2334,2334,2334.8,32,10,31
9:34:12,2334.6,2334.2,2334.6,48,7,52
9:34:13,2334.4,2334.2,2334.4,8,7,8
9:34:13,2334,2334,2334.2,38,2,6
9:34:14,2334,2333.8,2334,24,3,6
9:34:14,2333.6,2333.6,2333.8,31,27,1
9:34:15,2333.6,2333.8,2334,20,1,33
9:34:15,2334,2333.6,2334,20,16,26
9:34:16,2333.6,2333.6,2333.8,18,12,12
9:34:16,2333.2,2333.2,2333.6,30,120,31
9:34:17,2333.6,2333.4,2333.6,10,1,48
9:34:17,2333.6,2333.4,2333.6,85,4,4
9:34:18,2333.6,2333.4,2333.6,39,1,6
9:34:18,2333.6,2333.4,2333.6,37,2,4
9:34:19,2333.4,2333.2,2333.4,47,87,12
9:34:19,2333.8,2333.4,2333.6,30,35,3
9:34:20,2333.6,2333.6,2334,18,2,34
9:34:20,2334,2333.4,2333.6,40,10,1
9:34:21,2333.4,2333.2,2333.4,41,81,9
9:34:21,2333.6,2333.4,2333.6,32,2,10
9:34:22,2333.4,2333.2,2333.4,45,66,8
9:34:22,2333.4,2333.2,2333.4,11,63,4
9:34:23,2333.2,2333.2,2333.4,26,47,6
9:34:23,2333.2,2333.2,2333.4,9,41,17
9:34:24,2333.2,2333.2,2333.4,38,13,4
9:34:24,2333,2333,2333.2,33,8,4
9:34:25,2333.4,2333.4,2333.6,31,9,14
9:34:25,2333.4,2333.2,2333.4,17,23,4
9:34:26,2333.2,2333.4,2333.6,14,5,7
9:34:26,2333.4,2333.4,2333.6,5,9,5
9:34:27,2333.2,2333,2333.2,40,40,1
9:34:27,2333,2333,2333.4,5,38,4
9:34:28,2333.4,2333,2333.4,15,41,1
9:34:28,2333,2332.8,2333,55,18,5
9:34:29,2333,2332.8,2333,17,6,11
9:34:29,2332.8,2332.6,2332.8,16,7,32
9:34:30,2332.6,2332,2332.6,58,58,4
9:34:30,2332.4,2332.2,2332.4,26,1,5
9:34:31,2332,2332,2332.2,28,29,10
9:34:31,2332.2,2332,2332.2,34,7,1
9:34:32,2332,2332,2332.2,9,1,8
9:34:32,2331.8,2331.8,2332.2,25,67,13
9:34:33,2331.8,2331.8,2332,21,62,17
9:34:33,2331.8,2331.8,2332,27,40,65
9:34:34,2332,2331.8,2332,26,19,65
9:34:34,2331.8,2331.6,2331.8,57,38,70
9:34:35,2331.6,2331.4,2331.6,39,27,4
9:34:35,2331.4,2331.4,2331.6,27,7,11
9:34:36,2331.2,2331.2,2331.4,9,44,10
9:34:36,2331.4,2331.2,2331.4,19,38,31
9:34:37,2331,2331,2331.2,52,77,5
9:34:37,2331.2,2331,2331.2,43,43,15
9:34:38,2331,2331,2331.2,60,5,1
9:34:38,2331,2330.8,2331,15,15,1
9:34:39,2331,2331,2331.2,30,15,33
9:34:39,2331,2331,2331.2,46,17,8
9:34:40,2331,2330.8,2331,53,1,15
9:34:40,2331,2330.8,2331,23,7,9
9:34:41,2331,2330.8,2331,23,4,2
9:34:41,2331,2330.8,2331,20,5,2
9:34:42,2330.8,2330.8,2331,4,5,1
9:34:42,2330.8,2330.6,2330.8,10,13,14
9:34:43,2330.6,2330.4,2330.6,32,40,2
9:34:43,2330.8,2330.4,2330.8,28,34,11
9:34:44,2330.4,2330.4,2330.6,24,34,1
9:34:44,2330.4,2330.4,2331,64,7,18
9:34:45,2330.4,2330.2,2330.4,25,71,13
9:34:45,2330.2,2330.6,2330.8,33,1,1
9:34:46,2330.6,2330.4,2330.8,23,13,5
9:34:46,2330.6,2330.4,2330.8,13,27,5
9:34:47,2330.4,2330.4,2330.6,14,45,1
9:34:47,2330.6,2330.6,2330.8,19,6,2
9:34:48,2330.6,2330.6,2330.8,33,15,5
9:34:48,2331,2330.6,2331,79,23,1
9:34:49,2330.6,2330.6,2331,20,15,11
9:34:49,2331,2330.8,2331,34,23,4
9:34:50,2331,2330.8,2331,21,9,14
9:34:50,2330.8,2330.6,2330.8,14,12,8
9:34:51,2330.4,2330.4,2330.6,18,23,5
9:34:51,2330.6,2330.4,2330.6,31,10,16
9:34:52,2330.4,2330.2,2330.6,19,87,26
9:34:52,2330.4,2330.2,2330.4,13,84,9
9:34:53,2330.4,2330.4,2330.6,13,2,24
9:34:53,2330.4,2330.4,2330.6,3,8,17
9:34:54,2330.4,2330.2,2330.4,25,89,27
9:34:54,2330.2,2330.2,2330.4,31,66,25
9:34:55,2330.4,2330.2,2330.4,24,63,7
9:34:55,2330.8,2330.6,2330.8,26,3,2
9:34:56,2330.6,2330.6,2330.8,17,2,8
9:34:56,2330.2,2330.2,2330.6,11,68,1
9:34:57,2330.4,2330.4,2330.6,14,27,1
9:34:57,2330.8,2330.6,2330.8,8,19,5
9:34:58,2330.4,2330.4,2330.8,38,26,7
9:34:58,2330.8,2330.4,2330.8,8,25,13
9:34:59,2330.8,2330.6,2330.8,4,22,44
9:34:59,2330.8,2330.4,2330.8,37,33,39
9:35:00,2330.8,2330.4,2330.8,42,19,29
9:35:00,2330.4,2330.4,2330.6,45,25,1
9:35:01,2331,2330.8,2331.4,81,6,2
9:35:01,2331,2331,2331.4,49,6,2
9:35:02,2331.4,2331.4,2332,53,4,61
9:35:02,2331.8,2331.4,2331.8,12,21,22
9:35:03,2331.4,2331.4,2331.6,9,18,13
9:35:03,2331.6,2331.4,2331.6,6,10,7
9:35:04,2331.4,2331.4,2331.6,8,15,18
9:35:04,2331.4,2331,2331.4,29,1,37
9:35:05,2331.2,2331,2331.2,8,3,34
9:35:05,2330.8,2330.8,2331,7,15,4
9:35:06,2330.8,2330.6,2330.8,17,9,1
9:35:06,2331,2330.6,2331.2,29,6,25
9:35:07,2331.2,2330.6,2330.8,5,7,1
9:35:07,2330.6,2330.4,2330.6,14,28,11
9:35:08,2330.6,2330.4,2330.6,7,26,5
9:35:08,2330.6,2330.4,2330.6,43,16,2
9:35:09,2330.6,2330.6,2331,3,5,25
9:35:09,2330.6,2330.6,2331,2,14,27
9:35:10,2331,2330.6,2330.8,13,42,4
9:35:10,2330.6,2330.6,2330.8,7,41,1
9:35:11,2330.8,2330.8,2331,2,5,56
9:35:11,2331,2330.8,2331,21,1,40
9:35:12,2330.8,2330.6,2330.8,6,41,2
9:35:12,2331,2330.8,2331,18,6,30
9:35:13,2331,2330.8,2331,20,5,11
9:35:13,2331.4,2331,2331.4,27,2,16
9:35:14,2330.8,2330.8,2331,8,9,3
9:35:14,2331.2,2331.2,2331.4,22,9,16
9:35:15,2331.2,2331.2,2331.4,9,4,14
9:35:15,2331.2,2331,2331.4,7,13,8
9:35:16,2331.4,2331,2331.4,6,12,11
9:35:16,2331.2,2331.2,2331.4,4,1,10
9:35:17,2331.4,2331.4,2331.6,17,2,18
9:35:17,2331.6,2331,2331.2,21,9,1
9:35:18,2331.4,2331,2331.6,13,12,12
9:35:18,2331,2331,2331.2,7,10,1
9:35:19,2331.4,2331,2331.4,4,11,9
9:35:19,2331.4,2331,2331.2,7,10,5
9:35:20,2331,2331,2331.2,1,5,5
9:35:20,2331.2,2331,2331.2,11,1,4
9:35:21,2331.2,2331,2331.2,7,4,3
9:35:21,2331.2,2331,2331.2,5,3,2
9:35:22,2331,2331,2331.2,3,6,2
9:35:22,2331.2,2331,2331.4,3,8,7
9:35:23,2331.4,2331.2,2331.4,2,5,8
9:35:24,2331.2,2331.2,2331.4,5,5,5
9:35:24,2331.4,2331.2,2331.6,5,108,17
9:35:25,2331.8,2331.8,2332,24,7,28
9:35:25,2331.4,2332,2332.4,64,1,3
9:35:26,2332.8,2332.6,2332.8,33,9,15
9:35:26,2332.6,2332.2,2332.6,17,9,10
9:35:27,2332.4,2332.2,2332.4,16,7,5
9:35:27,2332.2,2332.2,2332.4,6,1,16
9:35:28,2332.2,2332.2,2332.4,1,3,20
9:35:28,2332.2,2332,2332.2,6,4,3
9:35:29,2332.2,2332.2,2332.4,6,4,15
9:35:29,2332.6,2332.2,2332.6,18,4,9
9:35:30,2332,2331.6,2332.6,8,1,5
9:35:30,2332.4,2331.8,2332.2,2,1,3
9:35:31,2332.2,2331.8,2332,3,3,11
9:35:31,2332,2331.6,2332,5,9,19
9:35:32,2332,2331.6,2332,6,6,19
9:35:32,2331.6,2331.4,2331.6,29,28,14
9:35:33,2332.2,2331.4,2331.6,20,30,1
9:35:33,2331.6,2332,2332.2,45,1,17
9:35:34,2332.4,2331.8,2332,23,3,4
9:35:34,2331.8,2331.6,2331.8,26,9,1
9:35:35,2331.6,2331.6,2332,4,9,1
9:35:35,2331.6,2331.6,2331.8,26,9,1
9:35:36,2332,2332,2332.2,2,2,12
9:35:36,2332,2332,2332.2,2,11,15
9:35:37,2332,2332,2332.2,7,5,10
9:35:37,2332,2332,2332.2,8,1,6
9:35:38,2332,2331.8,2332,5,10,9
9:35:38,2332.2,2331.8,2332.2,11,10,6
9:35:39,2332,2331.8,2332,3,10,16
9:35:39,2332,2331.8,2332,18,8,1
9:35:40,2332.2,2331.8,2332.2,7,6,6
9:35:40,2332.2,2332,2332.2,1,1,5
9:35:41,2331.8,2331.8,2332,5,12,18
9:35:41,2331.8,2331.8,2332,15,1,19
9:35:42,2331.6,2331.6,2331.8,2,12,43
9:35:42,2331.6,2331.4,2331.6,17,31,6
9:35:43,2331.6,2331.4,2331.6,22,7,12
9:35:43,2331.4,2331.2,2331.4,25,121,10
9:35:44,2331.4,2331.2,2331.4,1,124,40
9:35:44,2331.4,2331.2,2331.4,11,121,33
9:35:45,2331.4,2331.2,2331.4,4,122,37
9:35:45,2331.2,2331.2,2331.4,2,120,38
9:35:46,2331.4,2331.4,2331.6,31,5,1
9:35:46,2331.6,2331.6,2331.8,2,5,3
9:35:47,2331.6,2331.6,2331.8,22,3,4
9:35:47,2331.6,2331.6,2331.8,8,15,9
9:35:48,2331.6,2331.6,2331.8,5,12,9
9:35:48,2331.6,2331.6,2331.8,17,2,16
9:35:49,2331.8,2331.6,2331.8,4,2,16
9:35:49,2331.6,2331.4,2331.6,19,26,7
9:35:50,2331.6,2331.4,2331.6,1,26,11
9:35:50,2331.6,2331.4,2331.6,1,51,10
9:35:51,2331.6,2331.4,2331.6,2,46,19
9:35:51,2331.4,2331.4,2331.6,4,45,10
9:35:52,2331.6,2331.6,2331.8,21,4,5
9:35:52,2331.6,2331.6,2331.8,6,1,4
9:35:53,2331.4,2331.4,2331.6,5,36,1
9:35:53,2331.6,2331.4,2331.6,3,35,1
9:35:54,2331.6,2331.6,2331.8,10,9,15
9:35:54,2331.6,2331.6,2331.8,2,7,15
9:35:55,2331.4,2331.4,2331.6,4,32,20
9:35:55,2331.4,2331.4,2331.6,1,32,20
9:35:56,2331.4,2331.4,2331.6,7,31,21
9:35:56,2331.4,2331.4,2331.6,4,28,25
9:35:57,2331.6,2331.4,2331.6,7,23,23
9:35:57,2331.4,2331.4,2331.6,2,21,23
9:35:58,2331.2,2331.2,2331.4,24,123,1
9:35:59,2331.2,2331.2,2331.4,7,120,7
9:35:59,2331.2,2331.2,2331.4,5,114,7
9:36:00,2331.2,2331.2,2331.4,3,111,9
9:36:00,2331.4,2331.2,2331.4,110,10,4
9:36:01,2331,2331,2331.2,26,79,1
9:36:01,2331,2331,2331.2,56,34,4
9:36:02,2331,2330.8,2331,65,8,31
9:36:02,2330.8,2330.6,2330.8,18,56,20
9:36:03,2330.8,2330.6,2330.8,14,43,43
9:36:03,2330.6,2330.6,2330.8,43,33,27
9:36:04,2330.6,2330.6,2330.8,57,12,23
9:36:04,2330.6,2330.4,2330.8,19,33,28
9:36:05,2330.8,2330.6,2330.8,17,11,33
9:36:05,2330.8,2330.6,2330.8,7,15,32
9:36:06,2330.8,2330.6,2330.8,15,12,33
9:36:06,2330.8,2330.6,2330.8,15,12,28
9:36:07,2330.6,2330.6,2330.8,21,4,21
9:36:07,2330.8,2330.4,2330.8,12,40,17
9:36:08,2330.8,2330.6,2330.8,15,1,6
9:36:08,2330.4,2330.4,2330.6,24,25,3
9:36:09,2330.6,2330.6,2330.8,17,16,1
9:36:09,2330.6,2330.6,2330.8,14,3,1
9:36:10,2330.6,2330.4,2330.6,8,25,3
9:36:10,2330.4,2330.4,2330.6,10,19,4
9:36:11,2330.8,2330.6,2330.8,21,14,5
9:36:11,2330.6,2330.6,2331,17,9,31
9:36:12,2330.6,2330.6,2331,21,3,27
9:36:12,2330.4,2330.4,2330.6,20,9,1
9:36:13,2330.6,2330.6,2331,12,17,32
9:36:13,2330.6,2330.6,2330.8,14,4,12
9:36:14,2330.8,2330.6,2330.8,12,1,21
9:36:14,2330.4,2330.4,2330.6,7,24,4
9:36:15,2330.4,2330.4,2330.6,6,23,12
9:36:15,2330.4,2330.4,2330.6,14,18,19
9:36:16,2330.4,2330.2,2330.4,31,76,10
9:36:16,2330.4,2330.2,2330.4,27,55,29
9:36:17,2330,2330,2330.2,94,209,18
9:36:17,2330,2330,2330.2,107,113,22
9:36:18,2330,2330,2330.2,59,56,20
9:36:18,2329.8,2329.6,2329.8,100,54,10
9:36:19,2329.6,2329.6,2330,24,44,9
9:36:19,2329.6,2329.8,2330,55,69,5
9:36:20,2330,2330,2330.4,41,89,5
9:36:20,2330.2,2330.2,2330.6,32,28,7
9:36:21,2330.6,2330.2,2330.6,21,39,4
9:36:21,2330.6,2330.2,2330.6,21,36,8
9:36:22,2330.4,2330.2,2330.6,8,62,4
9:36:22,2330.2,2330.2,2330.4,8,60,4
9:36:23,2330.2,2330.4,2330.6,12,34,10
9:36:23,2330.4,2330.4,2330.6,3,31,10
9:36:24,2330.4,2330.4,2330.6,9,42,9
9:36:24,2330.4,2330.4,2330.6,12,31,8
9:36:25,2330.6,2330.6,2330.8,13,4,15
9:36:25,2330.6,2330.6,2330.8,11,4,11
9:36:26,2330.6,2330.6,2330.8,4,13,9
9:36:26,2330.8,2330.6,2330.8,3,14,8
9:36:27,2330.6,2330.6,2330.8,16,10,7
9:36:27,2331,2330.8,2331,16,1,19
9:36:28,2330.8,2330.8,2331,6,1,18
9:36:28,2330.6,2330.6,2330.8,6,3,3
9:36:29,2331,2330.6,2331,10,5,11
9:36:29,2330.6,2330.6,2331,5,11,11
9:36:30,2331,2330.6,2330.8,4,14,2
9:36:30,2331.6,2330.6,2331.6,32,14,1
9:36:31,2331.6,2331.6,2331.8,7,8,18
9:36:31,2331.8,2331.8,2332,43,2,34
9:36:32,2332,2331,2331.8,31,1,7
9:36:32,2331.6,2331.4,2331.6,16,28,6
9:36:33,2331.6,2331.6,2331.8,8,1,12
9:36:33,2331.6,2331.6,2331.8,25,3,3
9:36:34,2331.8,2331.8,2332,17,1,5
9:36:34,2331.8,2331.8,2332,13,5,3
9:36:35,2332,2331.8,2332,4,3,3
9:36:35,2332.6,2332,2332.6,31,2,17
9:36:36,2332.4,2331.8,2332.4,37,14,2
9:36:36,2331.8,2331.8,2332.8,45,16,15
9:36:37,2332.4,2332,2332.4,26,18,2
9:36:37,2332.8,2332.6,2332.8,27,3,3
9:36:38,2332.8,2332.6,2332.8,25,5,1
9:36:38,2332.8,2332.8,2333,37,14,29
9:36:39,2333,2332.8,2333,29,30,12
9:36:39,2333.2,2333.2,2333.4,27,9,3
9:36:40,2333.6,2333.6,2333.8,17,3,17
9:36:40,2333.6,2333.4,2333.6,83,19,15
9:36:41,2333.6,2333.4,2333.6,54,1,2
9:36:41,2333.4,2333.2,2333.4,24,2,2
9:36:42,2333.6,2333.6,2334,24,13,1
9:36:42,2333.8,2333.8,2334.2,14,21,1
9:36:43,2334.6,2333.8,2334.6,41,1,8
9:36:43,2334.6,2334,2334.6,136,3,17
9:36:44,2334.4,2334,2334.4,61,10,6
9:36:44,2334.8,2334.6,2335,82,1,77
9:36:45,2334.8,2334.4,2334.8,28,14,1
9:36:45,2334.4,2334.4,2334.8,42,3,3
9:36:46,2334.8,2334.4,2334.6,52,7,3
9:36:46,2334.2,2333.8,2334.2,17,4,9
9:36:47,2334.2,2333.6,2334.2,27,62,9
9:36:47,2334,2333.6,2334,57,57,9
9:36:48,2334.2,2334.2,2334.4,98,9,4
9:36:48,2334.4,2334.4,2334.6,20,7,10
9:36:49,2334.2,2334,2334.2,47,1,2
9:36:49,2334.2,2334.2,2334.4,31,10,10
9:36:50,2334.2,2334.2,2334.4,19,4,3
9:36:50,2334,2334,2334.2,14,53,3
9:36:51,2334,2334,2334.2,28,48,5
9:36:51,2334.6,2334.2,2334.6,26,4,41
9:36:52,2334.6,2334,2334.2,25,44,1
9:36:52,2334.2,2333.8,2334,64,13,1
9:36:53,2333.8,2333.8,2334.2,35,9,16
9:36:53,2333.8,2333.6,2333.8,12,36,6
9:36:54,2333.6,2333.6,2333.8,21,21,6
9:36:54,2333.6,2333.6,2333.8,22,13,18
9:36:55,2333.8,2333.4,2333.6,38,83,2
9:36:55,2333.4,2333.6,2333.8,10,7,9
9:36:56,2333.6,2333.6,2334,12,14,54
9:36:56,2334,2333.6,2334,6,49,52
9:36:57,2333.8,2333.8,2334,13,19,42
9:36:57,2334,2334,2334.2,46,117,32
9:36:58,2334.4,2334.4,2334.6,42,22,46
9:36:58,2334.6,2334.6,2335,97,62,170
9:36:59,2334.6,2334.6,2335,37,49,166
9:36:59,2335,2334.8,2335,81,4,96
9:37:00,2334.6,2334.6,2334.8,51,5,39
9:37:00,2334.6,2334.2,2334.6,45,6,7
9:37:01,2334.6,2334.2,2334.6,78,11,13
9:37:01,2334.4,2334.2,2334.4,31,5,9
9:37:02,2334.8,2334,2334.8,78,74,11
9:37:02,2334.6,2334.4,2334.6,32,1,5
9:37:03,2334.8,2334.6,2334.8,39,25,10
9:37:03,2334.6,2334.6,2334.8,12,31,32
9:37:04,2334.8,2334.8,2335,56,20,105
9:37:04,2335,2334.8,2335,72,6,67
9:37:05,2335.2,2335.2,2335.4,129,19,39
9:37:05,2335.4,2335.4,2335.6,79,7,15
9:37:06,2335.4,2335.6,2335.8,75,3,28
9:37:06,2335.6,2335.4,2335.6,72,29,37
9:37:07,2335.6,2335.2,2335.4,95,25,17
9:37:07,2335.2,2335,2335.2,74,22,4
9:37:08,2334.8,2334.8,2335,64,6,17
9:37:08,2335.2,2335,2335.2,61,12,8
9:37:09,2335.2,2335.2,2335.4,46,10,10
9:37:09,2335.4,2335.4,2335.6,35,7,31
9:37:10,2335.8,2335.8,2336,37,1,148
9:37:10,2336,2335.6,2336,73,3,136
9:37:11,2336,2336,2336.2,162,141,9
9:37:11,2336.2,2336.2,2336.8,84,41,20
9:37:12,2336.8,2336.8,2337,69,32,50
9:37:12,2337.2,2337.2,2337.4,140,2,18
9:37:13,2337.2,2337,2337.2,117,37,9
9:37:13,2337.4,2337.4,2337.6,129,13,4
9:37:14,2337.4,2337.2,2337.4,97,54,1
9:37:14,2338,2337.4,2337.8,176,9,10
9:37:15,2337.6,2337.4,2337.6,63,14,14
9:37:15,2337.6,2337.6,2338,86,1,104
9:37:16,2337.4,2337.4,2337.6,67,36,4
9:37:16,2337.4,2337.2,2337.4,75,2,6
9:37:17,2337.2,2337,2337.2,52,4,6
9:37:17,2337,2336.8,2337,17,20,41
9:37:18,2336.8,2336.8,2337,48,13,18
9:37:18,2336.4,2336.2,2336.6,32,30,27
9:37:19,2337,2337,2337.2,78,11,34
9:37:19,2336.8,2336.2,2336.8,53,23,1
9:37:20,2336.4,2336.4,2336.8,20,12,8
9:37:20,2336.4,2336.4,2337,33,5,22
9:37:21,2336.8,2336.6,2337,29,3,1
9:37:21,2337,2337,2337.2,52,49,36
9:37:22,2337,2337,2337.4,89,28,74
9:37:22,2337.4,2337.4,2337.6,99,59,66
9:37:23,2337.6,2337.2,2337.6,86,59,43
9:37:23,2337.8,2337.8,2338,79,20,134
9:37:24,2337.8,2337.6,2337.8,101,15,4
9:37:24,2337.8,2337.8,2338,36,7,74
9:37:25,2337.8,2337.8,2338,59,8,27
9:37:25,2338,2338,2338.2,58,15,13
9:37:26,2338.2,2338.2,2338.6,90,24,5
9:37:26,2338.8,2338.6,2338.8,56,6,10
9:37:27,2338.8,2338.8,2339,75,6,30
9:37:27,2338.8,2338.6,2338.8,77,1,9
9:37:28,2338.8,2338.8,2339.6,99,21,122
9:37:28,2339,2339,2339.4,107,34,51
9:37:29,2339,2338.8,2339,113,21,14
9:37:29,2339,2339,2339.4,146,11,4
9:37:30,2339.4,2339.2,2339.4,27,9,4
9:37:30,2339.4,2339.4,2339.8,162,8,134
9:37:31,2339.6,2339.6,2339.8,52,4,131
9:37:31,2339.6,2339.6,2339.8,82,1,84
9:37:32,2339.6,2339.6,2339.8,87,26,34
9:37:32,2340,2339.8,2340,47,3,121
9:37:33,2339.4,2339.4,2340,176,60,18
9:37:33,2339.8,2339.8,2340,71,16,3
9:37:34,2339.6,2339.4,2339.8,50,60,10
9:37:34,2339.4,2339.4,2339.6,108,3,32
9:37:35,2339.2,2339,2339.2,55,66,6
9:37:35,2339.2,2338.8,2339.2,93,23,26
9:37:36,2338.6,2338.6,2338.8,49,12,13
9:37:36,2338.6,2338.2,2338.6,60,19,29
9:37:37,2338.8,2338.6,2338.8,73,18,6
9:37:37,2338.8,2338.8,2339,59,17,4
9:37:38,2339,2338.6,2339,71,1,4
9:37:38,2339,2339,2339.4,67,54,47
9:37:39,2339.2,2339.2,2339.4,28,33,29
9:37:39,2339.4,2339.2,2339.4,32,15,24
9:37:40,2339.4,2339,2339.6,69,44,15
9:37:40,2339.2,2339,2339.2,72,28,5
9:37:41,2339.6,2339,2339.8,44,21,75
9:37:41,2339,2339,2339.2,45,23,27
9:37:42,2339.2,2339.2,2339.6,41,1,41
9:37:42,2339.2,2339.2,2339.4,69,26,22
9:37:43,2339.6,2338.8,2339,82,22,1
9:37:43,2339,2339,2339.2,35,6,22
9:37:44,2339,2339,2339.2,37,2,23
9:37:44,2339,2338.8,2339.2,21,15,13
9:37:45,2339,2339,2339.2,49,4,10
9:37:45,2338.6,2338.6,2338.8,19,28,25
9:37:46,2339,2338.6,2338.8,34,29,6
9:37:46,2339,2338.6,2339,16,29,9
9:37:47,2339,2338.8,2339,30,3,25
9:37:47,2338.6,2338.8,2339,24,7,27
9:37:48,2338.8,2338.4,2338.8,30,13,14
9:37:48,2338.4,2338.2,2338.4,42,16,7
9:37:49,2338,2338,2338.4,40,63,12
9:37:49,2338.2,2338.2,2338.6,56,1,5
9:37:50,2338.2,2338,2338.2,46,39,11
9:37:50,2338,2338,2338.2,25,35,4
9:37:51,2338,2338,2338.2,19,31,1
9:37:51,2338.6,2338.2,2338.6,45,17,23
9:37:52,2338.2,2338.2,2338.8,58,39,14
9:37:52,2338.8,2338.4,2338.8,44,24,5
9:37:53,2338.4,2338.8,2339,27,1,23
9:37:53,2339,2338.8,2339,23,1,9
9:37:54,2339,2339,2339.2,21,20,57
9:37:54,2339,2339,2339.2,47,14,19
9:37:55,2339.2,2339.2,2339.4,30,2,30
9:37:55,2339,2339,2339.2,16,2,11
9:37:56,2339.4,2339.4,2339.6,51,23,5
9:37:56,2339.6,2339.6,2339.8,29,2,74
9:37:57,2339.8,2339.6,2339.8,76,15,13
9:37:57,2339.6,2339.8,2340,84,13,132
9:37:58,2339.6,2339.4,2340,99,1,61
9:37:58,2339.8,2339.6,2339.8,52,3,4
9:37:59,2339.8,2339.8,2340,91,31,53
9:37:59,2339.4,2339.4,2339.8,45,15,3
