9:14:00,2177,2177,2177.2,280,3,24
9:15:00,2178,2177.8,2178,255,4,18
9:15:01,2178.2,2177.4,2177.8,168,1,4
9:15:01,2177.4,2178.2,2178.6,154,3,5
9:15:02,2178.4,2178,2178.2,85,3,1
9:15:02,2177.8,2177.4,2177.8,109,6,1
9:15:03,2177,2177,2177.4,90,7,2
9:15:03,2177,2177,2177.2,91,13,33
9:15:04,2177.8,2177.8,2178.2,136,3,5
9:15:04,2177.6,2177.4,2177.6,71,10,17
9:15:05,2177.8,2178,2178.2,63,2,7
9:15:05,2178.2,2178.2,2178.6,26,12,1
9:15:06,2178.4,2178.4,2178.8,51,16,22
9:15:06,2179,2178.6,2179.2,107,48,14
9:15:07,2178.8,2178.8,2179,19,38,12
9:15:07,2179.2,2179.2,2179.4,41,15,10
9:15:08,2179.2,2179,2179.2,127,7,23
9:15:08,2178.8,2178.6,2178.8,80,16,6
9:15:09,2179,2178.8,2179,59,2,14
9:15:09,2178.4,2178.4,2178.8,60,11,1
9:15:10,2178.6,2178.6,2178.8,24,2,1
9:15:10,2178.8,2178.8,2179,28,17,63
9:15:11,2178.4,2178.4,2178.8,31,9,46
9:15:11,2178.8,2178.2,2178.4,35,37,4
9:15:12,2178.2,2178,2178.2,70,99,1
9:15:12,2178.2,2178,2178.6,47,64,12
9:15:13,2178,2177.8,2178,93,8,42
9:15:13,2177.8,2177.6,2177.8,21,5,21
9:15:14,2177.6,2177.4,2177.6,10,38,22
9:15:14,2177.6,2177.2,2177.6,76,43,33
9:15:15,2177.2,2177.2,2177.4,61,5,4
9:15:15,2177.2,2177,2177.2,23,22,5
9:15:16,2176.8,2176.6,2176.8,45,36,59
9:15:16,2176.6,2176.4,2176.6,69,6,4
9:15:17,2176.8,2176.6,2176.8,24,24,75
9:15:17,2176.6,2176.2,2176.6,64,40,4
9:15:18,2176.4,2176.4,2176.6,37,13,15
9:15:18,2176.6,2176.6,2176.8,79,9,30
9:15:19,2176.4,2176.4,2176.6,33,2,8
9:15:19,2176.6,2176.6,2176.8,28,29,24
9:15:20,2176.8,2176.8,2177,49,76,63
9:15:20,2177,2176.8,2177,49,68,24
9:15:21,2177,2177,2177.2,80,32,17
9:15:21,2176.8,2176.8,2177.2,37,56,6
9:15:22,2177,2176.8,2177,17,52,7
9:15:22,2177,2177,2177.2,42,2,3
9:15:23,2177,2177,2177.2,13,2,1
9:15:23,2177,2177.2,2177.4,18,3,12
9:15:24,2176.8,2177,2177.2,23,10,2
9:15:24,2177,2177,2177.2,13,1,8
9:15:25,2177.2,2177,2177.4,23,4,8
9:15:25,2177,2176.8,2177,21,48,3
9:15:26,2177,2177,2177.2,25,18,3
9:15:26,2177,2177,2177.2,38,1,7
9:15:27,2177,2176.8,2177,4,40,3
9:15:27,2177,2176.8,2177,26,38,86
9:15:28,2176.8,2176.6,2176.8,62,57,8
9:15:28,2176.6,2176.6,2176.8,51,19,5
9:15:29,2176.8,2176.6,2176.8,28,19,18
9:15:29,2176.6,2176.4,2176.6,56,17,28
9:15:30,2176.4,2176.2,2176.4,25,32,22
9:15:30,2176.2,2176.2,2176.8,127,30,12
9:15:31,2176.6,2176.4,2176.6,21,2,12
9:15:31,2176.4,2176.4,2176.8,75,12,18
9:15:32,2177,2176.4,2177,75,1,68
9:15:32,2176.8,2176.6,2176.8,15,2,10
9:15:33,2176.2,2176,2176.2,26,69,4
9:15:33,2176.6,2176,2176.6,19,75,2
9:15:34,2176.4,2176.2,2176.6,35,98,23
9:15:34,2176.4,2176.4,2176.6,38,11,22
9:15:35,2176.6,2176.4,2176.6,23,37,11
9:15:35,2176.8,2176.6,2176.8,17,3,6
9:15:36,2176.8,2176.6,2176.8,19,16,5
9:15:36,2176.6,2176.6,2176.8,24,4,4
9:15:37,2176.8,2176.8,2177,9,4,84
9:15:37,2177,2176.8,2177,13,2,83
9:15:38,2177,2176.8,2177,7,1,92
9:15:38,2177,2176.8,2177,5,7,92
9:15:39,2176.8,2176.8,2177,5,8,92
9:15:39,2177,2176.8,2177,9,4,89
9:15:40,2176.8,2176.8,2177,3,9,86
9:15:40,2177,2176.8,2177,12,5,82
9:15:41,2176.8,2176.8,2177,3,6,80
9:15:41,2176.8,2176.8,2177,7,6,79
9:15:42,2177,2176.8,2177,13,8,75
9:15:42,2176.8,2176.8,2177,12,2,85
9:15:43,2177,2176.6,2177,31,14,70
9:15:43,2177,2176.6,2177,6,13,67
9:15:44,2176.6,2176.6,2176.8,42,15,99
9:15:44,2176.6,2176.4,2176.6,32,27,5
9:15:45,2176.4,2176.4,2176.6,11,19,31
9:15:45,2176.6,2176.4,2176.6,11,12,32
9:15:46,2176.2,2176.2,2176.4,43,68,10
9:15:46,2176.2,2176.2,2176.6,104,60,5
9:15:47,2176.4,2176.4,2176.8,37,1,154
9:15:47,2176.6,2176.4,2176.6,6,23,6
9:15:48,2176.4,2176.2,2176.4,33,50,23
9:15:48,2176.8,2176.6,2176.8,49,28,159
9:15:49,2176.6,2176.6,2176.8,23,15,160
9:15:49,2176.6,2176.4,2176.6,25,33,8
9:15:50,2176.4,2176.4,2176.6,11,43,7
9:15:50,2176.6,2176.4,2176.6,1,35,7
9:15:51,2176.4,2176.4,2176.6,9,30,6
9:15:51,2176.4,2176.4,2176.8,19,20,160
9:15:52,2176.4,2176.4,2176.6,22,2,9
9:15:52,2176.4,2176.2,2176.4,8,92,5
9:15:53,2176.2,2176.4,2176.6,16,3,61
9:15:53,2176.4,2176.4,2176.6,3,2,64
9:15:54,2176.6,2176.2,2176.4,13,88,1
9:15:54,2176.2,2176.2,2176.4,9,82,1
9:15:55,2176.2,2176.4,2176.6,25,28,51
9:15:55,2176.6,2176.4,2176.6,47,5,27
9:15:56,2176.4,2176.4,2176.6,7,6,25
9:15:56,2176.4,2176.4,2176.6,6,16,21
9:15:57,2176.6,2176.2,2176.6,37,55,19
9:15:57,2176.4,2176.4,2176.6,12,27,14
9:15:58,2176.4,2176.4,2176.6,9,24,12
9:15:58,2176.8,2176.4,2176.8,38,23,157
9:15:59,2176.4,2176.2,2176.8,32,89,156
9:15:59,2176.8,2176.4,2176.8,2,28,146
9:16:00,2176.4,2176.4,2176.6,16,25,20
9:16:00,2176.4,2176.4,2176.6,43,3,3
9:16:01,2176.6,2176.2,2176.4,42,69,4
9:16:01,2176.8,2176.2,2176.8,24,66,144
9:16:02,2176.4,2176.2,2176.4,26,71,21
9:16:02,2176.2,2176.2,2176.4,16,66,13
9:16:03,2176.6,2176.2,2176.6,21,64,2
9:16:03,2176.4,2176.4,2176.6,6,5,21
9:16:04,2176.4,2176.4,2176.6,1,7,21
9:16:04,2176.4,2176.4,2176.6,45,10,1
9:16:05,2176.8,2176.6,2176.8,6,1,181
9:16:05,2176.6,2176.4,2176.6,5,9,10
9:16:06,2176.4,2176.4,2176.6,7,20,17
9:16:06,2176.6,2176.4,2176.6,12,12,16
9:16:07,2176.6,2176.4,2176.6,10,10,11
9:16:07,2176.4,2176.4,2176.6,7,7,10
9:16:08,2176.6,2176.4,2176.6,12,7,4
9:16:08,2176.4,2176.4,2176.8,11,20,187
9:16:09,2176.6,2176.4,2176.6,9,18,4
9:16:09,2176.8,2176.4,2176.8,13,19,188
9:16:10,2176.4,2176.6,2176.8,14,8,188
9:16:10,2176.6,2176.6,2176.8,14,4,178
9:16:11,2176.8,2176.6,2176.8,9,2,174
9:16:11,2176.8,2176.4,2176.8,18,38,159
9:16:12,2176.6,2176.4,2176.6,5,43,5
9:16:12,2176.6,2176.6,2176.8,6,1,157
9:16:13,2176.6,2176.4,2176.6,6,56,7
9:16:13,2176.6,2176.6,2176.8,9,18,148
9:16:14,2176.6,2176.6,2176.8,4,19,152
9:16:14,2176.6,2176.6,2176.8,6,19,150
9:16:15,2176.6,2176.6,2176.8,3,25,148
9:16:15,2176.8,2176.6,2176.8,27,22,126
9:16:16,2176.8,2176.6,2176.8,96,20,36
9:16:16,2177,2176.8,2177,69,29,76
9:16:17,2177,2176.8,2177,24,59,59
9:16:17,2177,2176.8,2177,50,43,10
9:16:18,2177.2,2177,2177.2,13,106,19
9:16:18,2177.2,2177.2,2177.4,43,33,2
9:16:19,2177.4,2177.4,2177.8,48,28,6
9:16:19,2177.8,2177.4,2177.8,19,24,17
9:16:20,2177.8,2177.4,2177.8,9,24,9
9:16:20,2177.6,2177.4,2177.8,58,9,16
9:16:21,2177.8,2177.4,2177.8,15,11,11
9:16:21,2177.8,2177.4,2177.8,10,13,38
9:16:22,2178,2177.8,2178,52,4,22
9:16:22,2178,2177.8,2178,6,17,16
9:16:23,2178,2177.8,2178,14,16,11
9:16:23,2177.8,2177.8,2178,15,9,8
9:16:24,2178,2178,2178.2,12,29,6
9:16:24,2178.2,2178,2178.2,33,8,2
9:16:25,2178,2178,2178.2,11,4,15
9:16:25,2178,2177.8,2178,26,18,13
9:16:26,2178,2178,2178.2,49,2,9
9:16:26,2178,2178,2178.2,25,1,9
9:16:27,2178.2,2178,2178.2,14,2,3
9:16:27,2178.2,2178,2178.2,11,10,7
9:16:28,2178.2,2178.2,2178.4,12,9,9
9:16:28,2178.2,2178.2,2178.4,7,7,8
9:16:29,2178.2,2178.2,2178.4,24,9,5
9:16:29,2178.2,2178.2,2178.4,11,15,2
9:16:30,2178.4,2178.4,2178.6,8,24,26
9:16:30,2178.4,2178.4,2178.6,27,17,26
9:16:31,2178.4,2178.4,2178.6,15,11,26
9:16:31,2178.6,2178.4,2178.6,15,12,17
9:16:32,2178.4,2178.6,2178.8,23,4,15
9:16:32,2178.6,2178.4,2178.6,9,20,23
9:16:33,2178.6,2178.4,2178.6,13,15,18
9:16:33,2178.6,2178.4,2178.6,16,12,6
9:16:34,2178.4,2178.4,2178.6,27,7,9
9:16:34,2178.6,2178.6,2178.8,15,28,28
9:16:35,2178.6,2178.6,2178.8,15,17,29
9:16:35,2178.8,2178.6,2178.8,10,12,30
9:16:36,2178.8,2178.6,2178.8,22,7,14
9:16:36,2178.8,2178.6,2178.8,35,1,5
9:16:37,2178.6,2178.4,2178.6,11,19,7
9:16:37,2178.4,2178.2,2178.4,45,26,6
9:16:38,2178.4,2178.2,2178.4,24,26,29
9:16:38,2178.2,2178.2,2178.4,10,19,28
9:16:39,2178.4,2178.2,2178.4,4,16,28
9:16:39,2178.2,2178.2,2178.4,12,10,24
9:16:40,2178,2178,2178.2,27,44,11
9:16:40,2178,2178,2178.2,15,30,10
9:16:41,2178.2,2178,2178.2,23,8,13
9:16:41,2177.8,2177.8,2178,17,22,21
9:16:42,2178,2177.8,2178,25,13,50
9:16:42,2178,2177.6,2178,17,7,49
9:16:43,2178,2177.4,2178,41,4,72
9:16:43,2177.8,2177.4,2177.8,9,10,13
9:16:44,2177.6,2177.4,2177.8,21,1,17
9:16:44,2177.4,2177.2,2177.8,5,20,16
9:16:45,2177.4,2177.4,2177.6,4,2,1
9:16:45,2177.2,2177.2,2177.4,7,21,2
9:16:46,2177.2,2177.2,2177.6,13,39,17
9:16:46,2177.2,2177.2,2177.6,2,38,16
9:16:47,2177.2,2177.2,2177.6,2,39,23
9:16:47,2177.2,2177.2,2177.6,3,42,23
9:16:48,2177.2,2177.2,2177.6,3,45,22
9:16:48,2177.2,2177.2,2177.6,26,22,22
9:16:49,2177.6,2177.4,2177.6,4,2,21
9:16:49,2177.4,2177.4,2177.6,8,1,22
9:16:50,2177.6,2177.4,2177.6,9,2,21
9:16:50,2177.4,2177.4,2177.6,11,3,16
9:16:51,2177.4,2177.4,2177.6,2,3,15
9:16:51,2177.4,2177.4,2177.6,5,2,15
9:16:52,2177.4,2177.2,2177.6,3,18,15
9:16:52,2177.6,2177.2,2177.6,6,19,11
9:16:53,2177.2,2177.2,2177.4,3,33,1
9:16:53,2177.6,2177.2,2177.6,24,20,6
9:16:54,2177.4,2177.4,2177.6,2,5,6
9:16:54,2177.2,2177.2,2177.4,17,13,1
9:16:55,2177.2,2177.2,2177.6,11,11,1
9:16:55,2177.4,2177.2,2177.4,10,11,3
9:16:56,2177.2,2177.2,2177.4,5,9,3
9:16:56,2177.4,2177.2,2177.4,3,8,3
9:16:57,2177.4,2177.2,2177.4,2,42,6
9:16:57,2177.2,2177.2,2177.4,3,41,4
9:16:58,2177.4,2177.2,2177.4,24,19,4
9:16:58,2177.4,2177.2,2177.4,9,23,2
9:16:59,2177.4,2177.2,2177.4,7,22,1
9:16:59,2177.4,2177.2,2177.6,22,5,27
9:17:00,2177,2177,2177.6,9,166,27
9:17:00,2177.2,2177.2,2177.4,8,19,1
9:17:01,2177.4,2177.2,2177.6,7,38,28
9:17:01,2177.4,2177.2,2177.4,6,42,3
9:17:02,2177.4,2177.2,2177.4,22,36,2
9:17:02,2177.4,2177.2,2177.4,2,41,1
9:17:03,2177.4,2177.2,2177.4,26,28,1
9:17:03,2177.4,2177.2,2177.6,4,27,30
9:17:04,2177.6,2177.2,2177.6,1,27,31
9:17:04,2177.6,2177.4,2177.6,4,2,29
9:17:05,2177.6,2177.4,2177.6,11,1,26
9:17:05,2177.6,2177.4,2177.6,3,6,23
9:17:06,2177.6,2177.4,2177.6,3,17,20
9:17:06,2177.6,2177.4,2177.6,14,14,13
9:17:07,2177.6,2177.4,2177.8,27,2,22
9:17:07,2177.8,2177.6,2177.8,2,3,20
9:17:08,2177.4,2177.2,2177.4,18,48,61
9:17:08,2177.4,2177.2,2177.4,12,60,50
9:17:09,2177.4,2177.2,2177.4,10,58,57
9:17:09,2177.2,2177.2,2177.4,7,60,51
9:17:10,2177.4,2177.2,2177.4,1,77,50
9:17:10,2177.2,2177.2,2177.4,39,78,12
9:17:11,2177.2,2177.2,2177.6,20,80,1
9:17:11,2177.4,2177.4,2177.6,2,26,2
9:17:12,2177.6,2177.4,2177.6,3,28,1
9:17:12,2177.4,2177.4,2177.6,1,28,1
9:17:13,2177.6,2177.6,2177.8,12,2,9
9:17:13,2177.6,2177.4,2177.6,24,9,18
9:17:14,2177.6,2177.4,2177.6,10,4,13
9:17:14,2177.8,2177.8,2178,17,25,28
9:17:15,2177.8,2177.8,2178,3,23,28
9:17:15,2177.8,2177.8,2178,13,15,22
9:17:16,2177.4,2177.2,2177.4,27,80,19
9:17:16,2177.4,2177.2,2177.4,1,81,18
9:17:17,2177.8,2177.4,2177.8,19,24,1
9:17:17,2177.4,2177.4,2177.8,1,27,19
9:17:18,2177.8,2177.6,2177.8,1,2,27
9:17:19,2177.8,2177.6,2177.8,2,6,25
9:17:19,2177.8,2177.4,2177.6,12,30,3
9:17:21,2177.6,2177.4,2177.8,6,33,27
9:17:21,2177.8,2177.6,2177.8,3,11,24
9:17:22,2177.6,2177.6,2177.8,7,7,24
9:17:22,2177.6,2177.6,2177.8,5,8,20
9:17:23,2177.4,2177.6,2177.8,35,1,22
9:17:23,2177.6,2177.4,2177.6,4,14,3
9:17:24,2177.6,2177.6,2177.8,5,1,21
9:17:25,2177.6,2177.6,2177.8,9,1,14
9:17:25,2177.6,2177.4,2177.6,4,23,1
9:17:26,2177.6,2177.6,2177.8,1,1,16
9:17:27,2177.8,2177.6,2177.8,2,3,15
9:17:27,2177.8,2177.4,2177.8,6,24,12
9:17:28,2177.6,2177.4,2177.8,3,26,10
9:17:29,2177.8,2177.6,2177.8,6,6,4
9:17:29,2177.6,2177.6,2177.8,3,5,3
9:17:30,2177.8,2177.8,2178,9,7,37
9:17:30,2177.8,2177.8,2178,11,8,31
9:17:31,2177.8,2177.8,2178,3,6,30
9:17:31,2178,2178,2178.2,30,78,23
9:17:32,2178.2,2178.2,2178.4,29,9,42
9:17:32,2178.4,2178.2,2178.4,19,6,27
9:17:33,2178.4,2178.2,2178.4,1,6,27
9:17:33,2178.4,2178.2,2178.4,3,6,26
9:17:34,2178.2,2178.2,2178.4,12,3,17
9:17:34,2178.2,2178.2,2178.4,6,2,15
9:17:35,2178.4,2178.2,2178.4,7,1,15
9:17:35,2178.2,2178,2178.4,9,3,11
9:17:36,2178,2178,2178.2,2,2,22
9:17:36,2178.2,2178,2178.2,3,5,20
9:17:37,2178,2178,2178.2,15,3,19
9:17:37,2178,2177.8,2178,8,18,19
9:17:38,2178.2,2177.8,2178,22,21,3
9:17:38,2178.2,2178,2178.2,6,1,2
9:17:39,2178.2,2178.2,2178.4,6,3,22
9:17:39,2178.2,2178.2,2178.4,6,1,32
9:17:40,2178.4,2178,2178.2,5,10,1
9:17:40,2178,2178,2178.2,3,10,10
9:17:41,2178.2,2178,2178.2,4,10,12
9:17:41,2178.2,2178,2178.2,2,11,16
9:17:42,2178.2,2178,2178.2,10,11,8
9:17:42,2178,2178,2178.2,18,7,1
9:17:43,2178.2,2177.8,2178.4,19,45,31
9:17:43,2177.8,2177.8,2178.4,13,33,32
9:17:44,2178.4,2178.2,2178.4,5,3,28
9:17:44,2178.2,2178,2178.4,5,1,26
9:17:45,2178,2177.8,2178,8,34,2
9:17:45,2178.4,2177.8,2178.4,12,34,15
9:17:46,2178,2178,2178.2,5,2,3
9:17:46,2178.2,2178,2178.2,2,2,6
9:17:47,2178.2,2177.8,2178.2,5,34,4
9:17:47,2178.2,2178,2178.2,3,2,2
9:17:48,2178.4,2178.2,2178.4,4,2,14
9:17:48,2178.2,2178,2178.4,3,2,15
9:17:49,2178.4,2178,2178.4,17,4,12
9:17:49,2178.4,2178,2178.4,4,4,11
9:17:50,2178,2177.8,2178,4,25,17
9:17:50,2178,2177.8,2178,9,25,10
9:17:51,2178.4,2177.8,2178.4,14,25,18
9:17:51,2178.4,2178,2178.4,3,1,17
9:17:52,2178.4,2178,2178.4,8,3,11
9:17:53,2178.4,2178,2178.4,9,9,6
9:17:54,2178.4,2178.2,2178.4,15,12,5
9:17:54,2178.2,2178.2,2178.4,15,5,3
9:17:55,2178.2,2178.2,2178.4,3,4,2
9:17:55,2178.4,2178.4,2178.6,3,1,30
9:17:56,2178.4,2178.2,2178.4,6,12,11
9:17:56,2178.4,2178.2,2178.4,10,10,4
9:17:57,2178.6,2178.2,2178.4,14,6,1
9:17:57,2178.4,2178.2,2178.4,3,7,1
9:17:58,2178.4,2178,2178.4,13,43,1
9:17:58,2178.4,2178.4,2178.6,3,18,29
9:17:59,2178.4,2178.2,2178.6,18,1,33
9:17:59,2178.2,2178.2,2178.4,2,13,3
9:18:00,2178.4,2178.2,2178.4,3,13,1
9:18:00,2178.6,2178.4,2178.6,6,3,29
9:18:01,2178.4,2178.4,2178.6,10,1,22
9:18:01,2178.6,2178.2,2178.6,16,9,10
9:18:02,2178.4,2178.2,2178.4,59,10,1
9:18:02,2178.4,2178.2,2178.4,8,7,1
9:18:03,2178.4,2178.2,2178.4,7,7,6
9:18:03,2178.4,2178,2178.4,14,41,8
9:18:04,2178.4,2178,2178.4,11,36,6
9:18:04,2178.2,2178.2,2178.4,53,5,18
9:18:05,2178.4,2178.2,2178.4,6,3,4
9:18:05,2178.2,2178,2178.4,4,39,4
9:18:06,2178.4,2178,2178.2,6,39,5
9:18:06,2178,2178,2178.2,3,39,3
9:18:07,2178.4,2178,2178.4,13,45,5
9:18:07,2178,2178.2,2178.4,14,1,4
9:18:08,2178.2,2178.2,2178.4,11,2,8
9:18:08,2178.2,2178.2,2178.4,6,18,7
9:18:09,2178,2178,2178.2,20,36,42
9:18:09,2178,2178,2178.2,6,33,50
9:18:10,2178,2178,2178.2,9,31,51
9:18:10,2178,2178,2178.2,21,15,53
9:18:11,2178,2178,2178.2,12,3,60
9:18:11,2178,2177.8,2178,3,43,8
9:18:12,2178,2177.8,2178,32,16,37
9:18:12,2177.8,2177.8,2178,16,4,37
9:18:13,2177.8,2177.6,2177.8,6,48,3
9:18:13,2177.6,2177.6,2177.8,6,48,7
9:18:14,2177.8,2177.8,2178,23,14,25
9:18:14,2177.8,2177.8,2178,9,8,23
9:18:15,2177.8,2177.6,2177.8,20,37,29
9:18:15,2177.8,2177.6,2177.8,11,36,20
9:18:16,2177.8,2177.6,2177.8,23,38,3
9:18:16,2177.6,2177.6,2178,9,33,19
9:18:17,2177.8,2177.6,2177.8,3,32,1
9:18:17,2177.6,2177.6,2177.8,8,29,2
9:18:18,2177.6,2177.6,2177.8,3,28,2
9:18:18,2177.8,2177.6,2177.8,16,14,1
9:18:19,2177.8,2177.6,2177.8,2,16,16
9:18:19,2177.6,2177.6,2177.8,2,15,15
9:18:20,2177.6,2177.6,2177.8,9,8,14
9:18:20,2177.6,2177.6,2177.8,2,7,13
9:18:21,2177.6,2177.6,2177.8,6,3,11
9:18:21,2177.6,2177.4,2177.6,6,53,3
9:18:22,2177.6,2177.4,2177.6,40,16,11
9:18:22,2177.4,2177.4,2177.6,13,5,10
9:18:23,2177.4,2177.4,2177.6,4,4,7
9:18:23,2177.4,2177.4,2177.6,2,5,6
9:18:24,2177.4,2177.4,2177.6,26,3,5
9:18:24,2177.2,2177.2,2177.6,5,61,5
9:18:25,2177.4,2177.2,2177.4,17,50,5
9:18:25,2177.2,2177.2,2177.4,24,38,1
9:18:26,2177.2,2177.2,2177.6,4,35,2
9:18:26,2177.4,2177.4,2177.6,7,9,3
9:18:27,2177.2,2177.2,2177.6,39,5,4
9:18:27,2177.4,2177.2,2177.4,4,9,6
9:18:28,2177.2,2177.2,2177.4,6,10,5
9:18:28,2177.2,2177.2,2177.6,11,6,7
9:18:29,2177.2,2177,2177.2,16,255,1
9:18:29,2177.4,2177.4,2177.6,8,9,9
9:18:30,2177.4,2177.4,2177.6,37,6,17
9:18:30,2177.4,2177.4,2177.6,6,3,18
9:18:31,2177.6,2177.4,2177.6,1,3,20
9:18:32,2177.4,2177.4,2177.6,2,3,18
9:18:32,2177.4,2177.2,2177.4,4,22,7
9:18:33,2177.2,2177.2,2177.4,4,26,4
9:18:33,2177.4,2177.2,2177.6,8,27,18
9:18:34,2177.4,2177.2,2177.6,3,30,17
9:18:34,2177.2,2177.2,2177.6,3,36,16
9:18:35,2177.4,2177.2,2177.4,4,35,1
9:18:35,2177.6,2177.4,2177.6,4,5,15
9:18:36,2177.6,2177.4,2177.6,9,4,59
9:18:36,2177.6,2177.4,2177.6,2,20,58
9:18:37,2177.4,2177.2,2177.4,22,47,2
9:18:38,2177.2,2177.2,2177.4,11,44,24
9:18:38,2177.4,2177.2,2177.4,10,37,28
9:18:39,2177.2,2177.2,2177.4,11,32,26
9:18:39,2177.2,2177,2177.2,28,244,78
9:18:40,2177.2,2177,2177.2,13,240,99
9:18:40,2177,2177,2177.2,43,198,98
9:18:41,2177,2177,2177.2,16,183,99
9:18:41,2177.2,2177,2177.2,51,137,95
9:18:42,2177,2177,2177.2,101,37,94
9:18:42,2177,2176.8,2177,42,43,2
9:18:43,2176.8,2176.8,2177,18,31,38
9:18:43,2176.8,2176.8,2177,7,26,39
9:18:44,2177,2176.8,2177,50,7,29
9:18:44,2177,2176.8,2177,2,22,36
9:18:45,2176.8,2176.8,2177,6,37,33
9:18:45,2176.8,2176.8,2177,5,33,33
9:18:46,2177,2176.8,2177,12,28,28
9:18:46,2177,2176.8,2177,19,38,22
9:18:47,2176.8,2176.8,2177,9,33,22
9:18:47,2177,2176.8,2177,21,29,9
9:18:48,2177,2176.8,2177,9,25,5
9:18:48,2177,2176.8,2177,1,25,7
9:18:49,2177,2176.8,2177,6,24,3
9:18:49,2177,2177,2177.2,14,4,62
9:18:50,2177,2177,2177.2,20,3,46
9:18:50,2177.2,2177,2177.2,5,2,44
9:18:51,2176.8,2176.8,2177,7,42,46
9:18:51,2177,2176.8,2177,2,42,45
9:18:52,2177,2176.8,2177,8,42,42
9:18:52,2177,2176.8,2177,6,42,37
9:18:53,2177,2176.8,2177,7,42,36
9:18:53,2177,2176.8,2177,4,44,32
9:18:54,2177,2176.8,2177,21,46,11
9:18:54,2177,2176.8,2177,9,45,7
9:18:55,2177,2177,2177.2,21,14,75
9:18:55,2177.2,2177,2177.2,15,7,69
9:18:56,2177,2177,2177.2,3,6,69
9:18:56,2177,2177,2177.2,6,4,66
9:18:57,2177.2,2177,2177.2,12,12,55
9:18:57,2177,2176.8,2177,26,48,2
9:18:58,2177.2,2177,2177.2,5,1,43
9:18:58,2177,2177,2177.2,4,19,41
9:18:59,2177,2177,2177.2,3,24,39
9:18:59,2177.2,2177,2177.2,11,38,28
9:19:00,2177.2,2177,2177.2,22,67,7
9:19:00,2177.2,2177.2,2177.4,11,12,33
9:19:01,2177.2,2177.2,2177.4,6,11,31
9:19:01,2177.4,2177.2,2177.4,4,15,27
9:19:02,2177.2,2177.2,2177.4,13,10,24
9:19:02,2177.4,2177.2,2177.4,5,8,21
9:19:03,2177.2,2177.2,2177.4,4,5,20
9:19:03,2177.4,2177.2,2177.4,2,5,19
9:19:04,2177.2,2177.2,2177.4,3,2,20
9:19:04,2177.2,2177.2,2177.4,17,31,9
9:19:05,2177.4,2177.2,2177.4,3,44,9
9:19:06,2177.4,2177.2,2177.4,4,43,6
9:19:07,2177.4,2177.2,2177.4,12,52,6
9:19:08,2177.4,2177.2,2177.6,8,53,19
9:19:08,2177.6,2177.4,2177.6,4,1,16
9:19:09,2177.6,2177.4,2177.6,2,3,15
9:19:09,2177.4,2177.4,2177.6,3,2,16
9:19:10,2177.4,2177.4,2177.6,2,10,16
9:19:10,2177.6,2177.4,2177.6,4,11,13
9:19:11,2177.6,2177.4,2177.6,11,13,10
9:19:11,2177.4,2177.4,2177.6,1,23,10
9:19:12,2177.6,2177.4,2177.6,3,25,9
9:19:13,2177.6,2177.4,2177.6,1,26,8
9:19:13,2177.8,2177.6,2177.8,9,3,12
9:19:14,2177.6,2177.6,2177.8,2,2,12
9:19:14,2177.6,2177.6,2177.8,1,1,12
9:19:15,2177.8,2177.6,2178,12,4,53
9:19:15,2177.6,2177.4,2177.6,8,29,22
9:19:16,2177.4,2177.4,2177.6,3,29,20
9:19:17,2177.8,2177.8,2178,22,5,53
9:19:17,2177.8,2177.8,2178,6,1,52
9:19:18,2177.4,2177.6,2178,10,11,51
9:19:18,2178,2177.6,2178,2,11,49
9:19:19,2178,2177.6,2178,7,12,42
9:19:19,2178,2177.6,2178,2,13,40
9:19:20,2178,2177.6,2178,1,15,40
9:19:21,2178,2177.6,2178,2,17,39
9:19:21,2177.6,2177.6,2178,8,16,38
9:19:22,2177.6,2177.6,2178,3,15,38
9:19:22,2177.6,2177.6,2178,1,14,38
9:19:23,2178,2177.6,2178,3,13,35
9:19:24,2177.6,2177.6,2178,1,12,38
9:19:24,2177.8,2177.6,2178,1,12,39
9:19:25,2177.6,2177.6,2177.8,1,18,3
9:19:26,2177.6,2177.6,2177.8,1,16,4
9:19:26,2177.6,2177.6,2177.8,3,14,37
9:19:27,2177.6,2177.6,2177.8,4,13,35
9:19:27,2177.6,2177.4,2177.6,14,41,5
9:19:28,2177.4,2177.4,2177.6,2,40,4
9:19:28,2177.4,2177.4,2177.6,2,39,4
9:19:29,2177.4,2177.4,2177.6,4,38,2
9:19:30,2177.4,2177.4,2177.6,1,38,4
9:19:30,2177.6,2177.4,2177.6,4,38,1
9:19:31,2177.4,2177.4,2177.6,2,36,1
9:19:32,2177.6,2177.6,2177.8,3,24,39
9:19:32,2177.6,2177.6,2177.8,1,29,39
9:19:33,2177.8,2177.6,2177.8,6,27,35
9:19:34,2177.8,2177.6,2177.8,13,29,22
9:19:34,2177.6,2177.6,2177.8,7,23,21
9:19:35,2177.8,2177.6,2177.8,3,23,18
9:19:35,2177.8,2177.6,2177.8,1,24,17
9:19:36,2177.8,2177.6,2177.8,1,24,15
9:19:36,2177.8,2177.6,2177.8,1,26,16
9:19:37,2177.8,2177.6,2177.8,3,26,13
9:19:37,2177.8,2177.6,2177.8,2,26,12
9:19:38,2177.6,2177.6,2177.8,3,27,12
9:19:38,2177.6,2177.6,2177.8,1,27,12
9:19:39,2177.6,2177.6,2177.8,1,26,12
9:19:39,2177.6,2177.6,2177.8,2,24,13
9:19:40,2177.8,2177.6,2177.8,13,16,40
9:19:40,2177.8,2177.6,2177.8,15,15,26
9:19:41,2177.8,2177.6,2177.8,3,19,26
9:19:42,2177.8,2177.6,2177.8,27,2,28
9:19:42,2177.6,2177.6,2177.8,6,3,25
9:19:43,2177.6,2177.4,2177.6,3,30,8
9:19:43,2177.4,2177.4,2177.6,9,24,6
9:19:44,2177.6,2177.4,2177.8,7,23,26
9:19:44,2177.4,2177.4,2177.6,11,11,2
9:19:45,2177.4,2177.2,2177.4,11,76,10
9:19:45,2177.4,2177.2,2177.4,5,75,16
9:19:46,2177.4,2177.2,2177.4,6,74,11
9:19:46,2177.4,2177.2,2177.4,17,71,10
9:19:47,2177.2,2177.2,2177.4,3,70,9
9:19:47,2177.4,2177.2,2177.4,8,67,5
9:19:48,2177.2,2177.2,2177.4,36,36,2
9:19:48,2177.2,2177.2,2177.4,2,34,8
9:19:49,2177.4,2177.2,2177.4,3,32,10
9:19:49,2177.4,2177.2,2177.4,3,32,10
9:19:50,2177.4,2177.2,2177.4,13,24,10
9:19:50,2177.4,2177.2,2177.4,3,22,7
9:19:51,2177.2,2177.2,2177.4,4,18,12
9:19:52,2177.2,2177.2,2177.4,2,26,13
9:19:52,2177.2,2177.2,2177.4,7,23,10
9:19:53,2177.2,2177.2,2177.4,4,21,8
9:19:53,2177.2,2177.2,2177.4,2,20,7
9:19:54,2177.2,2177.2,2177.4,19,3,7
9:19:54,2177.2,2177.2,2177.4,6,8,7
9:19:55,2177.2,2177.2,2177.4,8,5,5
9:19:56,2177.4,2177.2,2177.4,3,4,4
9:19:56,2177.2,2177.2,2177.4,1,8,54
9:19:57,2177.4,2177.2,2177.4,3,6,53
9:19:57,2177.2,2177,2177.2,2,147,2
9:19:58,2177.2,2177,2177.2,2,146,1
9:19:58,2177,2177,2177.4,4,143,53
9:19:59,2177.2,2177.2,2177.4,2,1,53
9:19:59,2177,2177,2177.2,3,142,1
9:20:00,2177.2,2177.2,2177.4,5,1,53
9:20:00,2177.2,2177.2,2177.4,25,3,49
9:20:01,2177,2177,2177.4,7,132,47
9:20:01,2177.4,2177,2177.4,39,131,22
9:20:02,2177.2,2177,2177.2,20,129,12
9:20:02,2177,2177,2177.4,15,127,12
9:20:03,2177.4,2177.4,2177.6,19,3,16
9:20:03,2177.6,2177,2177.6,9,125,11
9:20:04,2177.4,2177.2,2177.6,3,8,10
9:20:04,2177.6,2177.2,2177.6,4,19,9
9:20:05,2177.2,2177.2,2177.6,1,26,9
9:20:06,2177.6,2177.2,2177.6,1,33,40
9:20:06,2177.6,2177.2,2177.6,4,30,37
9:20:07,2177.2,2177.2,2177.6,1,29,37
9:20:07,2177.2,2177.2,2177.6,13,17,38
9:20:08,2177.2,2177.2,2177.4,7,13,3
9:20:08,2177.6,2177.2,2177.6,14,6,36
9:20:09,2177.2,2177.2,2177.4,3,5,3
9:20:09,2177.4,2177.2,2177.4,5,7,1
9:20:10,2177.4,2177.2,2177.4,4,12,3
9:20:10,2177.4,2177.2,2177.4,3,12,7
9:20:11,2177.4,2177.2,2177.4,4,14,6
9:20:11,2177.4,2177.2,2177.6,7,21,34
9:20:12,2177.6,2177.2,2177.4,4,21,1
9:20:12,2177.4,2177.4,2177.6,3,10,29
9:20:13,2177.4,2177.2,2177.4,16,23,34
9:20:13,2177.4,2177.2,2177.4,11,23,23
9:20:14,2177.4,2177.2,2177.4,4,75,20
9:20:14,2177.4,2177.2,2177.4,5,28,37
9:20:15,2177.4,2177.2,2177.4,12,39,25
9:20:15,2177.4,2177.2,2177.4,32,10,27
9:20:16,2177.2,2177.2,2177.4,3,9,25
9:20:16,2177.4,2177.2,2177.4,2,9,23
9:20:17,2177.2,2177.2,2177.4,10,6,20
9:20:17,2177.4,2177.2,2177.4,3,7,17
9:20:18,2177.2,2177,2177.4,10,147,17
9:20:19,2177,2177,2177.4,3,146,17
9:20:19,2177,2177,2177.2,5,141,1
9:20:20,2177.4,2177,2177.4,7,137,16
9:20:20,2177.2,2177.2,2177.4,3,1,14
9:20:21,2177,2177,2177.2,12,137,5
9:20:22,2177,2177,2177.2,3,137,6
9:20:22,2177.2,2177.2,2177.4,8,9,13
9:20:23,2177.2,2177.2,2177.4,1,11,44
9:20:23,2177.2,2177.2,2177.4,2,13,44
9:20:24,2177,2177,2177.2,45,104,18
9:20:24,2177,2177,2177.2,12,102,10
9:20:25,2177,2177,2177.2,1,101,16
9:20:25,2177.2,2177,2177.2,8,96,22
9:20:26,2177,2177,2177.2,26,71,26
9:20:26,2177,2177,2177.2,28,44,28
9:20:27,2177,2177,2177.2,24,21,24
9:20:27,2177,2177,2177.2,15,6,26
9:20:28,2177.2,2176.8,2177.2,16,105,22
9:20:28,2177,2177,2177.2,26,1,22
9:20:29,2177,2177,2177.2,11,21,21
9:20:29,2177,2177,2177.2,2,22,23
9:20:30,2177,2177,2177.2,4,21,25
9:20:30,2176.8,2176.8,2177.2,23,108,24
9:20:31,2176.8,2177,2177.2,1,4,24
9:20:31,2177,2176.8,2177,5,107,2
9:20:32,2177,2176.8,2177,4,105,10
9:20:32,2176.8,2176.8,2177,11,95,6
9:20:33,2177,2176.8,2177.2,19,90,25
9:20:33,2177.2,2177,2177.2,3,1,26
9:20:34,2176.8,2176.8,2177,13,81,2
9:20:34,2177,2176.8,2177,11,73,4
9:20:35,2176.8,2176.8,2177,5,72,1
9:20:35,2177,2176.8,2177,4,69,3
9:20:36,2177,2177,2177.2,11,1,25
9:20:36,2177,2177,2177.2,3,1,24
9:20:37,2177,2177,2177.2,5,2,23
9:20:37,2177,2176.8,2177,4,69,9
9:20:38,2177,2176.8,2177,1,72,8
9:20:38,2176.8,2176.8,2177,4,70,8
9:20:39,2177,2176.8,2177,2,69,8
9:20:39,2177,2176.8,2177,4,68,6
9:20:40,2177,2176.8,2177,4,105,4
9:20:40,2177,2176.8,2177,6,102,3
9:20:41,2177.2,2177,2177.2,5,9,25
9:20:41,2177.2,2177,2177.2,6,26,22
9:20:42,2177,2177,2177.4,40,22,21
9:20:42,2177.4,2177,2177.4,2,27,24
9:20:43,2177.4,2177,2177.4,5,43,24
9:20:43,2177.4,2177,2177.4,6,40,23
9:20:44,2177.4,2177.2,2177.4,2,3,21
9:20:44,2177.4,2177.2,2177.4,5,10,21
9:20:45,2177.2,2177.2,2177.4,2,22,21
9:20:45,2177.4,2177.2,2177.4,1,24,20
9:20:46,2177.4,2177.2,2177.4,1,25,49
9:20:46,2177.2,2177.2,2177.4,2,24,48
9:20:47,2177.2,2177.2,2177.4,5,23,44
9:20:47,2177.2,2177.2,2177.4,3,21,43
9:20:48,2177.4,2177.2,2177.4,1,21,42
9:20:48,2177.4,2177.2,2177.4,2,21,40
9:20:49,2177.2,2177,2177.2,22,62,9
9:20:49,2177.4,2177.2,2177.4,10,3,38
9:20:50,2177.4,2177.2,2177.4,1,3,37
9:20:50,2177.2,2177.2,2177.4,1,3,47
9:20:51,2177.2,2177.2,2177.4,1,2,48
9:20:51,2177.2,2177,2177.2,13,64,2
9:20:52,2177.2,2177,2177.2,2,61,11
9:20:52,2177.2,2177,2177.2,2,61,10
9:20:53,2177.2,2177,2177.2,6,65,5
9:20:54,2177,2177,2177.2,20,46,6
9:20:55,2177.2,2177,2177.2,7,47,3
9:20:55,2177,2176.8,2177,50,101,21
9:20:56,2177,2176.8,2177,4,100,18
9:20:56,2177,2176.8,2177,8,99,11
9:20:57,2176.8,2176.8,2177,4,96,10
9:20:57,2176.8,2176.8,2177,1,94,10
9:20:58,2177,2176.8,2177,4,92,8
9:20:58,2176.8,2176.8,2177,27,63,8
9:20:59,2176.8,2176.8,2177,13,52,6
9:20:59,2177,2176.8,2177,8,51,3
9:21:00,2176.8,2176.8,2177,33,18,19
9:21:00,2176.8,2176.8,2177,10,18,17
9:21:01,2177,2176.8,2177,13,15,3
9:21:01,2177.2,2177,2177.2,33,7,13
9:21:02,2177,2177,2177.2,10,12,5
9:21:02,2177,2177,2177.2,1,17,6
9:21:03,2177.4,2177,2177.4,18,15,48
9:21:03,2177.2,2177,2177.4,9,18,48
9:21:04,2177.2,2177,2177.2,2,20,1
9:21:04,2177,2177,2177.2,2,20,2
9:21:05,2177,2177,2177.2,7,14,10
9:21:05,2177.2,2177,2177.2,4,15,6
9:21:06,2177.2,2177,2177.2,4,16,2
9:21:06,2177,2176.8,2177,45,15,1
9:21:07,2176.8,2176.8,2177.2,7,13,2
9:21:07,2176.8,2177,2177.2,1,1,5
9:21:08,2177.2,2176.8,2177.2,10,13,6
9:21:08,2176.8,2176.8,2177,1,14,1
9:21:09,2177,2177,2177.2,3,4,8
9:21:09,2177,2176.8,2177,5,14,9
9:21:10,2177,2176.8,2177,5,15,34
9:21:10,2176.8,2176.6,2176.8,17,152,3
9:21:11,2176.8,2176.6,2176.8,3,151,3
9:21:11,2176.8,2176.6,2176.8,2,150,7
9:21:12,2176.8,2176.6,2176.8,6,148,7
9:21:12,2176.6,2176.6,2176.8,3,146,8
9:21:13,2176.6,2176.6,2176.8,57,94,8
9:21:13,2176.6,2176.6,2176.8,39,59,15
9:21:14,2176.6,2176.6,2176.8,16,47,11
9:21:14,2176.6,2176.6,2176.8,12,38,9
9:21:15,2176.6,2176.6,2176.8,19,20,15
9:21:15,2176.6,2176.6,2176.8,13,8,16
9:21:16,2176.4,2176.4,2176.6,12,86,8
9:21:16,2176.6,2176.4,2176.6,6,84,10
9:21:17,2176.6,2176.4,2176.6,11,74,10
9:21:17,2176.6,2176.4,2176.6,9,62,21
9:21:18,2176.4,2176.4,2176.6,13,55,17
9:21:18,2176.4,2176.4,2176.6,29,26,20
9:21:19,2176.4,2176.4,2176.6,16,16,25
9:21:19,2176.4,2176.2,2176.4,20,78,28
9:21:20,2176.4,2176.2,2176.4,30,78,6
9:21:20,2176.2,2176.2,2176.4,34,46,10
9:21:21,2176.2,2176.2,2176.4,37,11,17
9:21:21,2176.4,2176,2176.2,15,142,1
9:21:22,2176.2,2176,2176.2,11,139,25
9:21:22,2176.2,2176,2176.2,23,117,29
9:21:23,2176.2,2176,2176.2,10,112,24
9:21:23,2176,2176,2176.2,51,73,27
9:21:24,2176,2176,2176.2,44,36,21
9:21:24,2175.8,2175.8,2176,68,18,29
9:21:25,2176,2175.8,2176,18,8,40
9:21:25,2175.6,2175.6,2175.8,31,112,4
9:21:26,2176,2175.8,2176,69,34,53
9:21:26,2175.8,2175.8,2176,20,36,53
9:21:27,2175.8,2175.8,2176,40,20,55
9:21:27,2175.8,2175.8,2176,37,6,51
9:21:28,2175.8,2175.8,2176,18,13,66
9:21:28,2175.8,2175.6,2175.8,33,92,10
9:21:29,2175.8,2175.6,2175.8,15,97,13
9:21:29,2176,2175.6,2176,21,89,115
9:21:30,2175.6,2175.6,2176,10,84,120
9:21:30,2176,2175.6,2176,18,76,116
9:21:31,2176,2175.8,2176,9,6,113
9:21:31,2175.8,2175.8,2176,18,11,101
9:21:32,2175.6,2175.6,2175.8,26,89,9
9:21:32,2175.8,2175.8,2176,20,3,102
9:21:33,2176,2175.8,2176,14,2,97
9:21:33,2175.8,2175.8,2176,18,2,104
9:21:34,2175.6,2175.6,2176,15,86,102
9:21:34,2175.6,2175.6,2175.8,2,85,2
9:21:35,2175.8,2175.8,2176,5,1,106
9:21:35,2175.8,2175.6,2175.8,16,76,14
9:21:36,2175.8,2175.8,2176,15,26,109
9:21:36,2176,2175.8,2176,12,16,112
9:21:37,2175.8,2175.8,2176,13,12,111
9:21:37,2175.8,2175.8,2176,7,6,114
9:21:38,2175.8,2175.6,2175.8,11,97,11
9:21:38,2175.8,2175.6,2175.8,5,99,17
9:21:39,2176,2175.6,2176,33,95,120
9:21:39,2175.8,2175.6,2175.8,7,95,1
9:21:40,2175.8,2175.8,2176,4,8,134
9:21:40,2176,2175.8,2176,18,3,144
9:21:41,2175.8,2175.6,2175.8,9,96,29
9:21:41,2175.8,2175.6,2175.8,6,100,29
9:21:42,2175.6,2175.6,2175.8,2,102,31
9:21:42,2175.8,2175.6,2175.8,15,101,18
9:21:43,2175.8,2175.6,2175.8,17,91,12
9:21:43,2175.6,2175.6,2175.8,9,89,7
9:21:44,2175.6,2175.6,2175.8,7,100,6
9:21:44,2175.8,2175.6,2175.8,5,86,7
9:21:45,2175.8,2175.6,2175.8,10,83,1
9:21:45,2175.6,2175.6,2175.8,9,96,7
9:21:46,2175.8,2175.8,2176,18,1,193
9:21:46,2175.8,2175.8,2176,4,22,192
9:21:47,2175.8,2175.8,2176,13,8,192
9:21:47,2175.8,2175.6,2175.8,15,83,3
9:21:48,2175.8,2175.8,2176,11,11,188
9:21:48,2176,2175.6,2175.8,24,77,11
9:21:49,2175.8,2175.6,2175.8,7,75,8
9:21:49,2175.8,2175.6,2175.8,9,76,6
9:21:50,2175.6,2175.6,2175.8,44,36,4
9:21:50,2175.8,2175.6,2175.8,3,37,4
9:21:51,2175.6,2175.6,2175.8,28,34,10
9:21:51,2175.6,2175.6,2175.8,4,41,11
9:21:52,2175.6,2175.6,2175.8,34,15,17
9:21:52,2175.8,2175.6,2175.8,16,13,11
9:21:53,2175.6,2175.6,2175.8,5,12,9
9:21:53,2175.6,2175.4,2175.6,19,69,16
9:21:54,2175.6,2175.4,2175.6,40,37,19
9:21:54,2175.6,2175.4,2175.6,17,39,25
9:21:55,2175.6,2175.4,2175.6,2,38,30
9:21:55,2175.4,2175.2,2175.4,39,116,7
9:21:56,2175.4,2175.2,2175.4,12,111,2
9:21:56,2175.4,2175.2,2175.6,5,108,39
9:21:57,2175.6,2175.4,2175.6,18,3,32
9:21:57,2175.6,2175.4,2175.6,44,17,5
9:21:58,2175.4,2175.4,2175.6,6,22,4
9:21:58,2175.6,2175.6,2175.8,9,4,25
9:21:59,2175.8,2175.6,2175.8,6,6,23
9:21:59,2175.6,2175.6,2175.8,19,16,16
9:22:00,2175.6,2175.6,2175.8,10,47,9
9:22:00,2175.8,2175.6,2175.8,14,43,8
9:22:01,2175.8,2175.4,2175.8,74,39,13
9:22:01,2175.8,2175.4,2175.6,28,32,1
9:22:02,2175.6,2175.4,2175.6,29,18,3
9:22:02,2175.6,2175.6,2176,25,10,166
9:22:03,2175.6,2175.6,2175.8,13,6,13
9:22:03,2175.8,2175.6,2175.8,4,8,20
9:22:04,2175.4,2175.4,2175.8,33,19,14
9:22:04,2175.4,2175.4,2175.6,13,20,1
9:22:05,2175.4,2175.4,2175.6,4,18,1
9:22:05,2175.8,2175.6,2175.8,10,5,9
9:22:06,2175.8,2175.6,2175.8,5,6,9
9:22:07,2175.8,2175.6,2175.8,6,4,22
9:22:07,2175.8,2175.4,2175.8,22,34,5
9:22:08,2175.8,2175.6,2175.8,1,11,4
9:22:08,2175.6,2175.6,2175.8,2,10,4
9:22:09,2175.8,2175.6,2175.8,5,10,1
9:22:09,2175.8,2175.8,2176,5,5,168
9:22:10,2175.8,2175.8,2176,6,2,170
9:22:10,2175.6,2175.6,2175.8,4,14,6
9:22:11,2175.6,2175.6,2175.8,12,5,5
9:22:11,2175.8,2175.4,2175.8,12,38,17
9:22:12,2175.4,2175.6,2175.8,2,3,20
9:22:12,2175.6,2175.6,2175.8,5,2,47
9:22:13,2175.6,2175.4,2175.8,26,63,16
9:22:13,2175.6,2175.6,2175.8,3,8,17
9:22:14,2175.8,2175.6,2175.8,9,7,19
9:22:15,2175.6,2175.4,2175.8,7,62,26
9:22:15,2175.8,2175.6,2175.8,2,2,24
9:22:16,2175.8,2175.6,2175.8,5,3,20
9:22:16,2175.6,2175.6,2175.8,1,2,20
9:22:17,2175.6,2175.4,2175.6,8,68,4
9:22:17,2175.8,2175.4,2175.8,15,58,20
9:22:18,2175.8,2175.6,2175.8,3,2,18
9:22:18,2175.6,2175.4,2175.8,4,61,19
9:22:19,2175.4,2175.4,2175.8,1,62,20
9:22:19,2175.8,2175.6,2175.8,14,9,19
9:22:20,2175.6,2175.6,2175.8,3,6,24
9:22:20,2175.6,2175.6,2175.8,6,8,20
9:22:21,2175.6,2175.6,2175.8,1,8,20
9:22:21,2175.6,2175.6,2175.8,1,8,21
9:22:22,2175.8,2175.6,2175.8,12,9,19
9:22:22,2175.6,2175.6,2175.8,4,7,20
9:22:23,2175.6,2175.6,2175.8,4,30,19
9:22:23,2175.6,2175.6,2175.8,9,40,19
9:22:24,2176,2175.8,2176,22,16,165
9:22:24,2176,2175.8,2176,17,16,152
9:22:25,2176,2175.8,2176,28,15,129
9:22:25,2175.8,2175.8,2176,19,23,112
9:22:26,2176,2175.8,2176,7,22,106
9:22:26,2176,2175.8,2176,28,21,80
9:22:27,2176,2175.8,2176,38,25,44
9:22:27,2176,2175.8,2176,5,26,39
9:22:28,2176,2175.8,2176,22,31,18
9:22:28,2176.2,2176,2176.2,21,12,9
9:22:29,2176.2,2176,2176.2,22,9,6
9:22:29,2176.2,2176,2176.2,11,9,12
9:22:30,2176.2,2176,2176.2,17,11,7
9:22:30,2176.2,2176,2176.4,7,12,24
9:22:31,2176.4,2176.2,2176.4,3,2,25
9:22:31,2176.2,2176.2,2176.4,26,1,1
9:22:32,2176.6,2176.4,2176.6,6,11,25
9:22:32,2176.6,2176.4,2176.6,16,7,15
9:22:33,2176.8,2176,2176.4,25,20,1
9:22:33,2176.8,2176.4,2176.8,4,1,26
9:22:34,2176.6,2176.4,2176.6,9,1,16
9:22:34,2176.4,2176.4,2176.6,3,2,17
9:22:35,2176.6,2176.4,2176.6,12,5,9
9:22:35,2176.6,2176.4,2176.6,5,4,6
9:22:36,2176.4,2176.4,2176.6,8,1,3
9:22:36,2176.6,2176.4,2176.6,5,3,3
9:22:37,2176.4,2176.2,2176.8,6,1,28
9:22:37,2176.2,2176,2176.4,4,21,2
9:22:38,2176.4,2176.2,2176.6,2,4,19
9:22:38,2176.4,2176.2,2176.4,4,5,1
9:22:39,2176.6,2176.2,2176.4,16,2,2
9:22:39,2176.6,2176.2,2176.6,2,2,17
9:22:40,2176.2,2176.2,2176.6,2,1,27
9:22:40,2176.6,2176.2,2176.6,1,2,26
9:22:41,2176.4,2176,2176.6,5,29,27
9:22:42,2176.4,2176,2176.6,1,35,27
9:22:42,2176,2176,2176.6,7,30,27
9:22:43,2176,2176,2176.2,5,37,1
9:22:43,2176.2,2176,2176.4,3,38,2
9:22:44,2176.4,2176,2176.4,1,39,1
9:22:46,2176,2176,2176.4,6,37,11
9:22:47,2176,2176,2176.4,38,10,11
9:22:47,2176.2,2176,2176.4,2,11,11
9:22:48,2176.2,2176,2176.2,2,11,3
9:22:49,2176,2175.8,2176,15,23,33
9:22:49,2175.8,2175.6,2175.8,40,67,7
9:22:50,2175.6,2175.6,2175.8,1,64,18
9:22:50,2175.8,2175.6,2175.8,15,54,17
9:22:51,2175.6,2175.6,2175.8,8,56,13
9:22:51,2175.8,2175.6,2175.8,3,58,14
9:22:52,2175.6,2175.6,2175.8,3,55,13
9:22:52,2175.6,2175.6,2175.8,5,64,10
9:22:53,2175.6,2175.6,2175.8,3,62,10
9:22:53,2175.6,2175.6,2175.8,15,59,1
9:22:54,2175.6,2175.8,2176,5,1,32
9:22:54,2175.6,2175.8,2176,5,2,31
9:22:55,2175.6,2175.6,2175.8,3,50,6
9:22:55,2175.6,2175.6,2175.8,4,47,18
9:22:56,2175.6,2175.6,2175.8,12,43,11
9:22:56,2175.6,2175.6,2175.8,23,20,29
9:22:57,2175.4,2175.4,2175.6,26,87,28
9:22:57,2175.4,2175.4,2175.6,8,84,26
9:22:58,2175.4,2175.4,2175.6,24,63,26
9:22:58,2175.4,2175.4,2175.6,7,58,25
9:22:59,2175.6,2175.4,2175.6,6,56,20
9:22:59,2175.4,2175.4,2175.6,7,49,20
9:23:00,2175.6,2175.4,2175.6,26,35,9
9:23:00,2175.4,2175.4,2175.6,33,2,19
9:23:01,2175.4,2175.2,2175.4,7,142,2
9:23:01,2175.6,2175.4,2175.8,52,35,8
9:23:02,2175.4,2175.4,2175.8,42,10,5
9:23:02,2175.6,2175.4,2175.6,7,15,1
9:23:03,2175.4,2175.4,2175.6,16,1,3
9:23:03,2175.4,2175.2,2175.4,6,139,9
9:23:04,2175.2,2175.2,2175.8,14,136,18
9:23:04,2175.2,2175.2,2175.4,10,138,6
9:23:05,2175.2,2175.2,2175.4,21,122,5
9:23:05,2175.8,2175.4,2175.8,12,6,28
9:23:06,2175.2,2175.2,2175.6,88,46,2
9:23:06,2175.2,2175.2,2175.4,16,42,1
9:23:07,2175.4,2175.2,2175.4,7,37,2
9:23:07,2175.2,2175.2,2175.4,4,33,13
9:23:08,2175.4,2175.2,2175.4,11,29,8
9:23:08,2175.2,2175,2175.2,35,156,2
9:23:09,2175.6,2175.4,2175.8,14,1,80
9:23:09,2175.4,2175,2175.6,13,147,1
9:23:10,2175.2,2175.2,2175.6,14,4,18
9:23:10,2175.2,2175.2,2175.4,6,7,4
9:23:11,2175.2,2175,2175.2,16,149,1
9:23:11,2175.2,2175.2,2175.4,4,1,1
9:23:12,2175.2,2175,2175.4,6,151,2
9:23:12,2175,2175,2175.2,1,202,2
9:23:13,2175.2,2175,2175.4,18,190,11
9:23:13,2175,2175,2175.6,26,177,24
9:23:14,2175,2175.2,2175.6,23,2,24
9:23:14,2175.2,2175,2175.2,11,173,5
9:23:15,2175,2175,2175.2,8,170,7
9:23:15,2175.2,2175,2175.2,3,169,13
9:23:16,2175,2175,2175.2,18,163,1
9:23:16,2175.2,2175,2175.2,8,159,1
9:23:17,2175,2175,2175.2,9,157,2
9:23:17,2175,2175,2175.2,6,151,2
9:23:18,2175,2175,2175.2,3,149,1
9:23:18,2175,2175,2175.2,25,130,3
9:23:19,2175,2175,2175.4,11,126,12
9:23:19,2175,2175.2,2175.4,14,1,13
9:23:20,2175.2,2175,2175.2,3,116,2
9:23:20,2175,2175,2175.2,18,99,3
9:23:21,2175.2,2175,2175.2,8,94,5
9:23:21,2175,2175,2175.2,4,95,8
9:23:22,2175.2,2175,2175.2,46,53,6
9:23:22,2175,2175,2175.2,18,38,5
9:23:23,2175,2174.8,2175,41,49,4
9:23:23,2174.8,2174.8,2175,5,49,16
9:23:24,2174.8,2174.8,2175,29,22,21
9:23:24,2174.6,2174.6,2174.8,27,72,29
9:23:25,2174.8,2174.6,2174.8,10,66,31
9:23:25,2174.8,2174.6,2174.8,15,56,31
9:23:26,2174.8,2174.6,2174.8,16,45,27
9:23:26,2174.6,2174.6,2174.8,5,53,28
9:23:27,2174.8,2174.6,2174.8,10,49,29
9:23:27,2174.8,2174.6,2174.8,11,45,24
9:23:28,2174.6,2174.6,2174.8,9,40,24
9:23:28,2174.6,2174.6,2174.8,5,39,23
9:23:29,2174.6,2174.6,2174.8,6,35,22
9:23:29,2174.8,2174.6,2174.8,4,36,21
9:23:30,2174.8,2174.6,2174.8,6,32,19
9:23:31,2174.6,2174.6,2174.8,8,39,20
9:23:31,2174.8,2174.6,2174.8,3,40,18
9:23:32,2174.8,2174.8,2175,19,6,52
9:23:32,2175,2174.8,2175,35,1,29
9:23:33,2174.8,2174.8,2175,18,10,14
9:23:33,2174.8,2174.8,2175,7,34,17
9:23:34,2175,2174.8,2175,8,37,10
9:23:34,2174.8,2174.8,2175,23,17,8
9:23:35,2175,2174.8,2175,11,6,8
9:23:35,2175,2175,2175.2,20,31,12
9:23:36,2175,2175,2175.2,5,80,11
9:23:36,2175,2175,2175.4,81,52,28
9:23:37,2175.2,2175.2,2175.4,8,9,27
9:23:37,2175.4,2175.2,2175.4,22,5,30
9:23:38,2175.4,2175.2,2175.4,6,10,26
9:23:38,2175.2,2175,2175.2,15,52,8
9:23:39,2175.2,2175,2175.2,2,52,7
9:23:39,2175.2,2175,2175.2,43,11,5
9:23:40,2175.2,2175,2175.2,12,3,5
9:23:40,2175,2175,2175.2,9,53,10
9:23:41,2175,2175,2175.2,18,35,11
9:23:41,2175.4,2175,2175.4,35,13,27
9:23:42,2175.2,2175,2175.2,1,13,1
9:23:42,2175.2,2175,2175.2,2,14,3
9:23:43,2175.2,2175.2,2175.4,6,4,34
9:23:44,2175,2175,2175.4,8,28,34
9:23:44,2175,2175,2175.4,11,19,35
9:23:45,2175.2,2175,2175.4,3,20,38
9:23:45,2175,2175,2175.2,5,17,3
9:23:46,2175.2,2175,2175.2,1,18,3
9:23:46,2175,2175,2175.2,3,19,4
9:23:47,2175.2,2175,2175.2,6,18,1
9:23:47,2175.2,2175.2,2175.4,6,27,40
9:23:48,2175.2,2175.2,2175.4,15,12,39
9:23:48,2175.2,2175.2,2175.4,2,10,39
9:23:49,2175.2,2175.2,2175.4,3,11,38
9:23:49,2175.4,2175.2,2175.4,3,9,37
9:23:50,2175.4,2175.2,2175.4,13,19,35
9:23:50,2175.2,2175.2,2175.4,13,7,41
9:23:51,2175.4,2175.2,2175.4,5,6,37
9:23:51,2175.4,2175.4,2175.6,39,14,43
9:23:52,2175.6,2175.4,2175.6,14,37,39
9:23:52,2175.4,2175.4,2175.6,3,37,38
9:23:53,2175.6,2175.6,2175.8,39,1,34
9:23:53,2175.8,2175.6,2175.8,4,2,31
9:23:54,2175.8,2175.4,2175.8,6,40,27
9:23:54,2175.4,2175.4,2175.6,6,39,2
9:23:55,2175.8,2175.6,2175.8,5,1,37
9:23:55,2175.8,2175.6,2175.8,3,2,35
9:23:56,2175.6,2175.6,2175.8,11,1,27
9:23:56,2175.4,2175.4,2175.8,5,40,24
9:23:57,2175.4,2175.4,2175.6,2,43,1
9:23:57,2175.6,2175.4,2175.6,1,43,1
9:23:58,2175.8,2175.4,2175.8,14,44,10
9:23:58,2175.8,2175.4,2175.6,1,53,1
9:23:59,2175.8,2175.4,2175.8,2,53,9
9:23:59,2175.8,2175.6,2175.8,3,14,8
9:24:00,2175.4,2175.6,2175.8,35,3,8
9:24:00,2175.4,2175.4,2175.8,4,37,30
9:24:01,2175.4,2175.4,2175.8,9,31,40
9:24:01,2175.4,2175.4,2175.6,9,27,1
9:24:02,2175.6,2175.4,2175.8,7,25,39
9:24:02,2175.4,2175.4,2175.6,2,24,3
9:24:03,2175.4,2175.4,2175.6,3,22,2
9:24:03,2175.6,2175.4,2175.6,8,21,11
9:24:04,2175.4,2175.4,2175.6,2,20,11
9:24:04,2175.6,2175.4,2175.6,1,22,10
9:24:05,2175.4,2175.4,2175.6,11,16,5
9:24:05,2175.6,2175.6,2175.8,7,10,27
9:24:06,2175.6,2175.6,2175.8,4,7,28
9:24:06,2175.8,2175.6,2175.8,8,4,26
9:24:07,2175.8,2175.6,2175.8,3,3,25
9:24:07,2175.8,2175.6,2175.8,8,3,17
9:24:08,2175.8,2175.6,2175.8,4,6,13
9:24:08,2175.8,2175.6,2175.8,3,8,11
9:24:09,2175.8,2175.8,2176,19,1,52
9:24:09,2175.6,2175.6,2175.8,4,28,1
9:24:10,2175.6,2175.6,2175.8,5,33,12
9:24:10,2175.8,2175.6,2175.8,9,11,9
9:24:11,2175.8,2175.6,2175.8,5,8,5
9:24:11,2175.6,2175.6,2175.8,7,5,5
9:24:12,2175.6,2175.6,2175.8,2,6,5
9:24:12,2175.8,2175.6,2175.8,1,6,4
9:24:13,2175.6,2175.6,2175.8,5,4,1
9:24:13,2175.4,2175.6,2175.8,9,1,2
9:24:14,2175.8,2175.6,2175.8,2,1,4
9:24:14,2175.8,2175.6,2175.8,1,17,7
9:24:15,2175.6,2175.6,2175.8,4,13,10
9:24:15,2175.8,2175.4,2175.8,7,13,4
9:24:16,2175.8,2175.4,2175.8,1,15,53
9:24:16,2175.6,2175.4,2175.6,3,15,20
9:24:17,2175.4,2175.4,2175.6,4,15,20
9:24:18,2175.4,2175.4,2175.6,12,4,19
9:24:18,2175.4,2175.2,2175.6,4,38,19
9:24:19,2175.4,2175.2,2175.4,8,37,5
9:24:19,2175.4,2175.2,2175.4,2,36,6
9:24:20,2175.4,2175.2,2175.4,4,36,4
9:24:20,2175.2,2175.2,2175.6,23,34,2
9:24:21,2175.6,2175.4,2175.6,8,1,4
9:24:21,2175.4,2175.2,2175.4,4,37,10
9:24:22,2175.4,2175.2,2175.4,1,37,9
9:24:22,2175.4,2175.2,2175.4,1,48,10
9:24:23,2175.2,2175.2,2175.4,22,32,5
9:24:23,2175.4,2175.2,2175.4,1,38,4
9:24:24,2175.2,2175.2,2175.4,6,33,4
9:24:24,2175.4,2175.2,2175.4,16,20,3
9:24:25,2175.2,2175,2175.2,20,54,1
9:24:25,2175.2,2175,2175.2,1,54,2
9:24:26,2175,2175,2175.2,29,27,22
9:24:26,2175,2175,2175.2,3,24,24
9:24:27,2175,2175,2175.2,8,16,25
9:24:27,2175,2174.8,2175,17,69,51
9:24:28,2175,2174.8,2175,5,66,52
9:24:28,2175,2174.8,2175,3,64,71
9:24:29,2174.8,2174.8,2175,6,59,72
9:24:29,2174.8,2174.8,2175,42,18,71
9:24:30,2174.8,2174.8,2175,25,44,80
9:24:30,2174.8,2174.8,2175,22,22,108
9:24:31,2175,2174.6,2175,90,66,64
9:24:31,2174.8,2174.6,2174.8,2,65,29
9:24:32,2174.6,2174.6,2174.8,4,61,29
9:24:32,2174.6,2174.6,2174.8,10,73,33
9:24:33,2174.6,2174.6,2174.8,9,67,33
9:24:33,2174.8,2174.6,2174.8,9,65,33
9:24:34,2174.6,2174.6,2174.8,8,80,30
9:24:34,2174.6,2174.6,2174.8,8,77,25
9:24:35,2174.8,2174.6,2174.8,10,70,21
9:24:35,2174.6,2174.6,2174.8,16,59,17
9:24:36,2174.8,2174.6,2174.8,13,53,18
9:24:36,2174.8,2174.6,2174.8,4,55,17
9:24:37,2174.8,2174.6,2174.8,19,46,9
9:24:37,2174.8,2174.6,2174.8,7,58,5
9:24:38,2174.8,2174.6,2174.8,14,46,4
9:24:38,2174.8,2174.8,2175,20,2,103
9:24:39,2175,2174.8,2175,30,24,102
9:24:39,2174.8,2174.8,2175,1,24,104
9:24:40,2175,2174.8,2175,7,28,119
9:24:40,2174.8,2174.8,2175,4,25,118
9:24:41,2175,2174.8,2175,1,25,116
9:24:41,2174.8,2174.8,2175,2,24,116
9:24:42,2175,2174.8,2175,52,23,65
9:24:42,2175,2174.6,2175,36,38,58
9:24:43,2174.8,2174.8,2175,5,23,57
9:24:43,2174.8,2174.8,2175,7,4,55
9:24:44,2175,2174.8,2175,1,21,57
9:24:45,2175,2174.8,2175,22,3,59
9:24:45,2174.8,2174.8,2175,1,4,63
9:24:46,2175,2174.8,2175,2,8,62
9:24:46,2175,2174.8,2175,1,9,61
9:24:47,2174.8,2174.8,2175,3,7,63
9:24:47,2174.8,2174.8,2175,3,9,65
9:24:48,2175,2174.8,2175,2,10,64
9:24:48,2174.8,2174.8,2175,6,6,65
9:24:49,2174.8,2174.8,2175,2,14,65
9:24:49,2175,2174.8,2175,2,14,64
9:24:50,2175,2174.8,2175,3,13,62
9:24:50,2174.8,2174.8,2175,9,11,59
9:24:51,2175,2174.8,2175,1,11,58
9:24:51,2175,2174.8,2175,4,17,57
9:24:52,2175,2174.8,2175,9,10,55
9:24:52,2175,2174.8,2175,54,21,5
9:24:53,2174.8,2174.6,2174.8,26,49,7
9:24:53,2174.8,2174.6,2174.8,6,49,2
9:24:54,2174.8,2174.8,2175,2,3,10
9:24:54,2174.8,2174.6,2175,9,69,6
9:24:55,2174.6,2174.6,2175,2,69,11
9:24:56,2174.8,2174.8,2175,2,22,11
9:24:56,2174.8,2174.8,2175,6,17,11
9:24:57,2174.8,2174.8,2175,3,19,17
9:24:57,2174.8,2174.8,2175,4,16,18
9:24:58,2174.8,2174.8,2175,2,17,17
9:24:58,2174.8,2174.8,2175,1,18,18
9:24:59,2174.8,2174.8,2175,1,22,18
9:24:59,2174.8,2174.8,2175,5,32,16
9:25:00,2174.8,2174.8,2175,1,33,13
9:25:00,2174.8,2174.8,2175,9,25,14
9:25:01,2174.8,2174.8,2175,16,11,28
9:25:01,2174.8,2174.8,2175,21,9,28
9:25:02,2174.6,2174.6,2174.8,18,111,8
9:25:02,2174.6,2174.6,2174.8,10,104,23
9:25:03,2174.6,2174.6,2174.8,5,103,23
9:25:03,2174.6,2174.6,2174.8,4,90,25
9:25:04,2174.6,2174.6,2174.8,2,88,33
9:25:04,2174.8,2174.6,2174.8,15,83,23
9:25:05,2174.6,2174.6,2174.8,56,31,20
9:25:05,2174.6,2174.6,2174.8,13,19,18
9:25:06,2174.6,2174.4,2174.6,25,93,19
9:25:06,2174.6,2174.4,2174.6,2,93,23
9:25:07,2174.6,2174.4,2174.6,5,91,24
9:25:07,2174.6,2174.6,2174.8,43,16,23
9:25:08,2174.6,2174.4,2174.8,16,86,24
9:25:08,2174.4,2174.6,2174.8,2,22,26
9:25:09,2174.6,2174.6,2174.8,17,11,25
9:25:09,2174.6,2174.6,2174.8,3,24,26
9:25:10,2174.6,2174.6,2174.8,15,19,23
9:25:10,2174.6,2174.6,2174.8,5,17,32
9:25:11,2174.6,2174.6,2174.8,4,14,32
9:25:11,2174.6,2174.6,2174.8,3,9,32
9:25:12,2174.6,2174.6,2174.8,2,10,33
9:25:12,2174.6,2174.6,2174.8,9,2,32
9:25:13,2174.6,2174.6,2174.8,2,1,45
9:25:13,2174.8,2174.8,2175,47,10,61
9:25:14,2174.8,2174.8,2175,6,6,60
9:25:14,2175,2174.8,2175,1,8,59
9:25:15,2174.8,2174.6,2175,12,18,58
9:25:15,2174.8,2174.8,2175,5,9,54
9:25:16,2175,2174.8,2175,8,15,48
9:25:16,2175,2174.8,2175,1,19,48
9:25:17,2175,2174.8,2175,4,100,44
9:25:17,2175,2175,2175.2,44,58,17
9:25:18,2175.4,2175.2,2175.4,18,19,58
9:25:18,2175.4,2175.2,2175.4,27,10,30
9:25:19,2175.4,2175.2,2175.4,20,7,10
9:25:19,2175.2,2175.2,2175.4,8,9,6
9:25:20,2175.4,2175.2,2175.4,4,9,2
9:25:20,2175.4,2175.2,2175.4,6,9,3
9:25:21,2175.4,2175.4,2175.6,5,55,34
9:25:21,2175.4,2175.4,2175.6,36,26,44
9:25:22,2175.6,2175.4,2175.6,49,16,6
9:25:22,2175.4,2175.4,2175.6,3,14,32
9:25:23,2175.4,2175.4,2175.6,29,2,9
9:25:23,2175.4,2175.2,2175.4,5,22,2
9:25:24,2175.6,2175.2,2175.6,5,23,10
9:25:24,2175.6,2175.4,2175.6,12,1,2
9:25:25,2175.6,2175.2,2175.8,8,22,71
9:25:25,2175.6,2175.6,2175.8,5,11,72
9:25:26,2175.6,2175.6,2175.8,9,6,68
9:25:26,2175.8,2175.4,2175.8,35,4,44
9:25:27,2175.8,2175.4,2175.8,6,4,38
9:25:27,2175.8,2175.4,2175.8,15,17,23
9:25:28,2175.8,2175.6,2175.8,10,49,16
9:25:28,2175.8,2175.6,2175.8,12,50,19
9:25:29,2175.8,2175.6,2175.8,12,47,14
9:25:29,2175.8,2175.6,2175.8,7,44,12
9:25:30,2175.6,2175.6,2175.8,38,12,4
9:25:30,2175.8,2175.6,2175.8,1,12,4
9:25:31,2175.6,2175.6,2175.8,2,11,15
9:25:31,2175.6,2175.4,2175.6,26,19,24
9:25:32,2175.6,2175.4,2175.6,5,16,20
9:25:33,2175.6,2175.4,2175.6,1,17,23
9:25:33,2175.6,2175.4,2175.6,4,17,44
9:25:34,2175.6,2175.4,2175.6,1,17,44
9:25:34,2175.4,2175.4,2175.6,29,12,19
9:25:35,2175.6,2175.4,2175.6,7,12,12
9:25:35,2175.6,2175.4,2175.6,7,13,6
9:25:36,2175.6,2175.4,2175.6,5,9,5
9:25:36,2175.8,2175.4,2175.8,7,10,72
9:25:37,2175.8,2175.4,2175.6,1,11,2
9:25:37,2175.8,2175.4,2175.6,5,11,1
9:25:38,2175.8,2175.6,2175.8,8,1,69
9:25:38,2175.8,2175.4,2175.8,19,35,53
9:25:39,2175.6,2175.4,2175.6,2,39,1
9:25:39,2175.8,2175.6,2175.8,12,30,48
9:25:40,2175.8,2175.6,2175.8,1,35,48
9:25:40,2175.8,2175.6,2175.8,7,35,43
9:25:41,2175.6,2175.6,2175.8,4,35,41
9:25:41,2175.8,2175.6,2175.8,5,41,36
9:25:42,2175.6,2175.6,2175.8,32,40,5
9:25:42,2175.8,2175.8,2176,6,3,73
9:25:43,2176,2175.8,2176,23,7,52
9:25:43,2176,2175.8,2176,5,8,48
9:25:44,2176,2175.8,2176,18,28,31
9:25:44,2176,2175.8,2176,8,29,26
9:25:45,2176,2175.8,2176,4,30,24
9:25:45,2176,2175.8,2176,16,30,10
9:25:46,2176,2176,2176.2,10,24,23
9:25:46,2176.2,2176,2176.2,7,24,19
9:25:47,2176,2176,2176.2,10,23,15
9:25:47,2176,2176,2176.2,14,12,15
9:25:48,2176,2176,2176.2,23,2,6
9:25:48,2176.2,2176,2176.2,3,1,21
9:25:49,2175.8,2175.8,2176,27,26,3
9:25:49,2176,2175.8,2176,13,21,4
9:25:50,2176,2176,2176.2,4,2,43
9:25:50,2176.2,2175.8,2176.2,5,21,41
9:25:51,2176,2176,2176.2,7,2,39
9:25:51,2176.2,2176,2176.2,29,15,12
9:25:52,2176.2,2176,2176.2,9,12,8
9:25:52,2176.2,2176,2176.2,4,16,5
9:25:53,2176.2,2176.2,2176.4,10,10,33
9:25:53,2176.2,2176.2,2176.4,8,11,31
9:25:54,2176.2,2176.2,2176.4,4,9,30
9:25:54,2176.2,2176,2176.2,14,17,1
9:25:55,2176.2,2176,2176.2,2,17,17
9:25:55,2176.2,2176,2176.2,3,20,32
9:25:56,2176.2,2176,2176.2,10,12,51
9:25:56,2176,2176,2176.2,7,7,51
9:25:57,2176,2176,2176.2,4,3,51
9:25:57,2176.2,2176,2176.2,1,36,51
9:25:58,2176,2176,2176.2,8,31,48
9:25:58,2176.2,2176,2176.2,14,21,52
9:25:59,2176.2,2176,2176.2,20,21,33
9:25:59,2176,2176,2176.2,16,10,35
9:26:00,2176.2,2176,2176.2,5,21,22
9:26:00,2176,2176,2176.2,4,23,21
9:26:01,2176,2176,2176.2,3,31,22
9:26:01,2176.2,2176,2176.2,4,43,19
9:26:02,2176.2,2176.2,2176.4,22,13,44
9:26:02,2176.4,2176.2,2176.4,3,16,43
9:26:03,2176.2,2176,2176.2,19,42,5
9:26:03,2176.2,2176,2176.2,43,40,7
9:26:04,2176.2,2176,2176.2,1,41,9
9:26:04,2176,2176,2176.2,3,43,9
9:26:05,2176,2176,2176.2,2,41,9
9:26:05,2176,2176,2176.2,5,37,10
9:26:06,2176,2176,2176.2,2,38,24
9:26:06,2176,2176,2176.2,5,37,22
9:26:07,2176,2176,2176.2,1,33,23
9:26:07,2176,2176,2176.2,2,33,23
9:26:08,2176.2,2176,2176.2,15,19,24
9:26:08,2176,2176,2176.2,4,15,29
9:26:09,2176,2176,2176.2,5,10,34
9:26:09,2176,2176,2176.2,6,10,33
9:26:10,2176.2,2176,2176.2,8,6,31
9:26:10,2176,2176,2176.2,1,10,38
9:26:11,2176,2175.8,2176,11,62,1
9:26:11,2176,2175.8,2176.2,22,62,39
9:26:12,2176,2176,2176.2,2,6,41
9:26:12,2176,2176,2176.2,5,5,43
9:26:13,2176,2175.8,2176,7,60,14
9:26:13,2176,2175.8,2176,3,57,16
9:26:14,2176,2175.8,2176,1,57,15
9:26:14,2176,2175.8,2176,6,56,10
9:26:15,2176,2175.8,2176,4,56,9
9:26:15,2175.8,2175.8,2176,5,49,13
9:26:16,2175.8,2175.8,2176,2,47,18
9:26:16,2175.8,2175.8,2176,4,44,19
9:26:17,2175.8,2175.8,2176,1,44,23
9:26:17,2176,2175.8,2176,5,46,20
9:26:18,2175.8,2175.8,2176,5,41,37
9:26:18,2175.8,2175.8,2176,1,41,39
9:26:19,2175.8,2175.8,2176,5,37,41
9:26:20,2175.8,2175.8,2176,1,32,42
9:26:20,2175.8,2175.8,2176,3,30,45
9:26:21,2175.8,2175.8,2176,11,21,44
9:26:21,2175.8,2175.8,2176,2,19,47
9:26:22,2175.8,2175.8,2176,14,5,48
9:26:22,2175.6,2175.6,2175.8,6,34,27
9:26:23,2175.6,2175.6,2175.8,22,12,29
9:26:23,2175.4,2175.4,2175.6,13,66,1
9:26:24,2175.6,2175.6,2175.8,3,26,33
9:26:24,2175.6,2175.6,2175.8,22,5,34
9:26:25,2175.6,2175.6,2175.8,11,6,29
9:26:25,2175.4,2175.4,2175.6,8,69,3
9:26:26,2175.4,2175.4,2175.6,2,68,4
9:26:26,2175.4,2175.4,2175.8,6,66,29
9:26:27,2175.4,2175.6,2175.8,4,2,29
9:26:27,2175.6,2175.4,2175.8,10,65,25
9:26:28,2175.4,2175.4,2175.6,1,65,2
9:26:29,2175.6,2175.4,2175.6,1,67,2
9:26:29,2175.6,2175.4,2175.6,9,41,6
9:26:30,2175.4,2175.4,2175.6,1,40,6
9:26:30,2175.6,2175.4,2175.6,3,40,27
9:26:31,2175.6,2175.4,2175.6,12,30,26
9:26:31,2175.6,2175.4,2175.6,6,36,21
9:26:32,2175.4,2175.2,2175.4,40,44,7
9:26:32,2175.4,2175.2,2175.4,5,43,4
9:26:33,2175.4,2175.2,2175.4,6,41,2
9:26:33,2175.6,2175.4,2175.6,8,2,19
9:26:34,2175.2,2175.4,2175.6,9,2,19
9:26:35,2175.4,2175.4,2175.6,3,2,59
9:26:35,2175.2,2175.2,2175.6,14,32,58
9:26:36,2175.4,2175.2,2175.6,12,43,50
9:26:36,2175.2,2175.2,2175.6,1,43,51
9:26:37,2175.2,2175.2,2175.6,15,38,51
9:26:37,2175.2,2175.2,2175.6,5,35,51
9:26:38,2175.2,2175.2,2175.4,1,34,1
9:26:38,2175.6,2175.2,2175.4,3,35,1
9:26:39,2175.2,2175.2,2175.4,2,55,3
9:26:40,2175.2,2175.2,2175.4,6,49,4
9:26:40,2175.4,2175.2,2175.6,8,50,51
9:26:41,2175.2,2175.2,2175.6,20,33,50
9:26:41,2175.2,2175.2,2175.4,5,31,2
9:26:42,2175.4,2175.2,2175.6,2,32,50
9:26:42,2175.2,2175,2175.2,33,81,17
9:26:43,2175,2175,2175.2,16,70,12
9:26:43,2175.2,2175,2175.2,5,70,7
9:26:44,2175,2175,2175.2,15,56,7
9:26:44,2175.2,2175,2175.2,3,55,6
9:26:45,2175,2175,2175.2,3,52,6
9:26:45,2175.2,2175,2175.2,5,52,5
9:26:46,2175.2,2175,2175.2,3,52,4
9:26:46,2175.2,2175,2175.2,7,49,2
9:26:47,2175,2175,2175.2,4,50,1
9:26:47,2175,2175,2175.4,5,47,61
9:26:48,2175,2175,2175.4,2,51,61
9:26:48,2175.4,2175.2,2175.4,6,1,58
9:26:49,2175,2175.2,2175.4,11,8,57
9:26:49,2175.4,2175.2,2175.4,13,1,46
9:26:50,2175.4,2175.2,2175.4,4,16,45
9:26:50,2175.4,2175.2,2175.4,4,17,40
9:26:51,2175.4,2175.2,2175.4,1,17,41
9:26:52,2175.4,2175.2,2175.4,1,35,41
9:26:53,2175.4,2175.2,2175.4,1,38,41
9:26:53,2175.4,2175.2,2175.4,8,41,29
9:26:54,2175.4,2175.4,2175.6,30,2,56
9:26:54,2175.6,2175.4,2175.6,4,18,55
9:26:55,2175.6,2175.4,2175.6,7,28,48
9:26:55,2175.6,2175.4,2175.6,18,30,30
9:26:56,2175.8,2175.6,2175.8,31,35,27
9:26:56,2175.8,2175.6,2175.8,1,6,26
9:26:57,2175.8,2175.6,2175.8,2,6,24
9:26:57,2175.8,2175.6,2175.8,3,11,20
9:26:58,2175.6,2175.6,2175.8,3,9,19
9:26:58,2175.6,2175.6,2175.8,9,11,16
9:26:59,2175.8,2175.6,2175.8,5,8,15
9:26:59,2175.6,2175.6,2175.8,7,3,13
9:27:00,2175.6,2175.6,2175.8,1,3,13
9:27:00,2175.6,2175.4,2175.6,5,22,6
9:27:01,2175.2,2175.2,2175.6,41,22,2
9:27:02,2175,2175,2175.2,33,53,11
9:27:02,2175,2175,2175.2,2,52,35
9:27:03,2175,2175,2175.2,29,24,34
9:27:03,2175,2175,2175.2,11,15,32
9:27:04,2175,2175,2175.2,11,8,30
9:27:04,2175.2,2175,2175.2,43,1,6
9:27:05,2175.2,2174.8,2175,4,45,1
9:27:05,2175.2,2175,2175.2,4,16,5
9:27:06,2175.2,2175,2175.2,4,14,3
9:27:06,2175.2,2175.2,2175.4,5,10,5
9:27:07,2175.2,2175.2,2175.4,2,8,6
9:27:08,2175.2,2175.2,2175.4,1,12,11
9:27:08,2175.2,2175.2,2175.4,2,22,11
9:27:09,2175.2,2175.2,2175.4,2,57,14
9:27:10,2175.4,2175.2,2175.4,3,56,12
9:27:10,2175.4,2175.2,2175.4,4,53,4
9:27:11,2175.2,2175.2,2175.6,6,53,4
9:27:12,2175.4,2175.4,2175.6,6,7,11
9:27:13,2175.4,2175.4,2175.6,2,5,12
9:27:13,2175.4,2175.4,2175.6,3,2,12
9:27:14,2175.6,2175.2,2175.6,3,63,11
9:27:14,2175.2,2175.4,2175.6,1,1,12
9:27:15,2175.6,2175.2,2175.4,9,62,1
9:27:15,2175.4,2175.2,2175.4,8,61,9
9:27:16,2175.2,2175.2,2175.4,3,57,13
9:27:16,2175.2,2175.2,2175.4,3,57,11
9:27:17,2175.2,2175.2,2175.4,29,30,11
9:27:17,2175.4,2175.2,2175.4,3,28,10
9:27:18,2175.4,2175.2,2175.4,10,21,7
9:27:18,2175.4,2175.2,2175.4,4,20,7
9:27:19,2175.4,2175.2,2175.4,4,20,5
9:27:19,2175.4,2175.2,2175.4,1,21,4
9:27:20,2175.4,2175.2,2175.4,4,20,5
9:27:20,2175.4,2175.4,2175.6,6,8,10
9:27:21,2175.6,2175.4,2175.6,8,3,7
9:27:22,2175.4,2175.4,2175.6,3,5,24
9:27:22,2175.6,2175.4,2175.6,4,5,21
9:27:23,2175.6,2175.4,2175.6,1,5,40
9:27:23,2175.6,2175.4,2175.6,1,5,39
9:27:24,2175.4,2175.4,2175.6,2,4,38
9:27:24,2175.6,2175.4,2175.6,11,1,30
9:27:25,2175.6,2175.2,2175.6,4,39,31
9:27:25,2175.4,2175.4,2175.6,2,1,30
9:27:26,2175.6,2175.4,2175.6,1,1,29
9:27:26,2175.6,2175.2,2175.6,3,40,27
9:27:27,2175.6,2175.4,2175.6,2,20,26
9:27:27,2175.6,2175.4,2175.6,2,23,25
9:27:28,2175.4,2175.4,2175.6,3,24,23
9:27:28,2175.6,2175.4,2175.6,4,24,20
9:27:29,2175.6,2175.4,2175.6,14,26,6
9:27:29,2175.8,2175.6,2175.8,7,7,27
9:27:30,2175.6,2175.6,2175.8,2,56,26
9:27:30,2175.8,2175.6,2175.8,7,56,19
9:27:31,2175.8,2175.6,2175.8,7,56,12
9:27:31,2175.8,2175.6,2175.8,2,57,10
9:27:32,2175.8,2175.6,2175.8,3,57,8
9:27:32,2175.8,2175.8,2176,10,37,115
9:27:33,2176,2175.8,2176,6,37,111
9:27:33,2176,2175.8,2176,5,37,107
9:27:34,2175.8,2175.8,2176,13,30,102
9:27:34,2175.8,2175.8,2176,9,27,95
9:27:35,2176,2175.8,2176,4,27,90
9:27:35,2176,2175.8,2176,13,26,79
9:27:36,2176,2175.8,2176,12,25,70
9:27:36,2176,2175.8,2176,18,25,52
9:27:37,2176,2175.8,2176,3,25,51
9:27:37,2176,2175.8,2176,43,26,8
9:27:38,2176,2176,2176.2,9,3,40
9:27:38,2176,2176,2176.2,2,12,39
9:27:39,2176.2,2176,2176.2,5,11,35
9:27:39,2176.2,2176,2176.2,7,14,28
9:27:40,2176.2,2176,2176.2,4,44,26
9:27:40,2176.2,2176,2176.2,23,43,4
9:27:41,2176.2,2176,2176.4,6,43,116
9:27:41,2176.4,2176.2,2176.4,38,3,80
9:27:42,2176.4,2176.2,2176.4,2,4,78
9:27:42,2176.2,2176.2,2176.4,20,1,62
9:27:43,2176.4,2176.2,2176.4,29,2,43
9:27:43,2176.4,2176.2,2176.4,20,1,24
9:27:44,2176.4,2176.2,2176.4,19,22,9
9:27:44,2176.4,2176.4,2176.6,11,1,51
9:27:45,2176.4,2176.4,2176.6,7,2,50
9:27:45,2176.4,2176.2,2176.4,13,18,20
9:27:46,2176.4,2176.2,2176.4,8,18,12
9:27:46,2176.4,2176.2,2176.4,13,21,5
9:27:47,2176.6,2176.4,2176.6,21,5,44
9:27:47,2176.6,2176.4,2176.6,2,6,43
9:27:48,2176.6,2176.4,2176.6,12,2,36
9:27:48,2176.6,2176.6,2176.8,53,2,76
9:27:49,2176.8,2176.4,2176.6,20,8,1
9:27:49,2176.8,2176.6,2176.8,6,5,67
9:27:50,2176.6,2176.6,2176.8,10,12,69
9:27:50,2176.8,2176.6,2176.8,50,10,24
9:27:51,2176.8,2176.6,2176.8,25,12,12
9:27:51,2176.8,2176.8,2177,28,16,97
9:27:52,2177,2176.8,2177,6,54,92
9:27:52,2176.8,2176.8,2177,22,46,83
9:27:53,2176.8,2176.8,2177,11,44,77
9:27:53,2177,2176.8,2177,8,46,70
9:27:54,2176.8,2176.8,2177,12,45,64
9:27:54,2177,2176.8,2177,19,45,47
9:27:55,2177,2176.8,2177,15,44,35
9:27:55,2177,2176.8,2177,49,32,12
9:27:56,2177,2176.8,2177,12,33,7
9:27:56,2177,2177,2177.2,9,84,60
9:27:57,2177,2177,2177.2,34,66,60
9:27:57,2177,2177,2177.2,22,51,58
9:27:58,2177,2177,2177.2,2,55,58
9:27:58,2177.2,2177,2177.2,17,44,56
9:27:59,2177,2177,2177.2,28,25,51
9:27:59,2177,2176.8,2177,43,23,31
9:28:00,2176.8,2176.6,2176.8,36,3,13
9:28:00,2176.6,2176.4,2176.6,16,15,14
9:28:01,2176.6,2176.4,2176.6,22,18,31
9:28:01,2176.6,2176.4,2176.6,26,2,28
9:28:02,2176.4,2176.4,2176.6,15,4,26
9:28:02,2176.2,2176.2,2176.4,12,14,16
9:28:03,2176.4,2176,2176.4,30,57,5
9:28:03,2176,2176,2176.6,11,53,23
9:28:04,2176,2176,2176.4,2,58,2
9:28:04,2176.6,2176,2176.6,7,55,35
9:28:05,2176,2176.4,2176.6,23,1,27
9:28:05,2176.4,2176.2,2176.4,6,3,1
9:28:06,2176.2,2176.2,2176.6,24,23,11
9:28:06,2176.2,2176.4,2176.6,1,1,11
9:28:07,2176.2,2176.2,2176.6,2,23,11
9:28:07,2176.4,2176.2,2176.4,5,25,3
9:28:08,2176.2,2176.2,2176.4,4,21,6
9:28:08,2176.4,2176.4,2176.6,12,1,13
9:28:09,2176.4,2176.4,2176.6,1,1,14
9:28:09,2176.2,2176.2,2176.4,4,25,1
9:28:10,2176.4,2176.2,2176.4,4,24,2
9:28:10,2176.4,2176.2,2176.4,3,25,1
9:28:11,2176.4,2176.4,2176.6,1,1,19
9:28:11,2176.4,2176.2,2176.4,2,32,6
9:28:12,2176.2,2176.2,2176.4,8,24,6
9:28:12,2176.4,2176.2,2176.4,3,15,10
9:28:13,2176.4,2176.2,2176.4,12,15,3
9:28:13,2176.6,2176.4,2176.6,6,1,57
9:28:14,2176.4,2176.2,2176.4,4,12,1
9:28:14,2176.4,2176.4,2176.6,8,12,58
9:28:15,2176.6,2176.4,2176.6,5,14,56
9:28:15,2176.4,2176.4,2176.6,10,10,53
9:28:16,2176.4,2176.4,2176.6,4,11,53
9:28:16,2176.4,2176.4,2176.6,7,6,53
9:28:17,2176.6,2176.4,2176.6,38,4,17
9:28:17,2176.4,2176.4,2176.6,8,1,17
9:28:18,2176.4,2176.4,2176.6,10,1,12
9:28:18,2176.6,2176.4,2176.6,5,2,11
9:28:19,2176.6,2176.4,2176.6,6,3,10
9:28:19,2176.6,2176.4,2176.8,11,3,42
9:28:20,2176.4,2176.4,2176.8,5,7,43
9:28:21,2176.8,2176.4,2176.8,4,8,44
9:28:21,2176.4,2176.6,2176.8,2,3,46
9:28:22,2176.8,2176.6,2176.8,6,2,40
9:28:22,2176.6,2176.6,2176.8,1,1,41
9:28:23,2176.6,2176.6,2176.8,2,1,41
9:28:23,2176.6,2176.4,2176.6,2,11,16
9:28:24,2176.6,2176.4,2176.6,1,12,17
9:28:24,2176.4,2176.4,2176.6,2,12,16
9:28:25,2176.2,2176.2,2176.6,19,25,18
9:28:25,2176.6,2176.2,2176.4,2,25,1
9:28:26,2176.4,2176.2,2176.6,2,24,18
9:28:26,2176.2,2176.2,2176.6,6,19,19
9:28:27,2176.2,2176.2,2176.4,11,11,2
9:28:27,2176.2,2176.2,2176.4,2,9,3
9:28:28,2176.4,2176.2,2176.4,2,8,24
9:28:28,2176.4,2176.2,2176.4,2,7,23
9:28:29,2176.2,2176,2176.2,12,75,1
9:28:29,2176,2176,2176.2,12,69,2
9:28:30,2176,2176,2176.2,12,58,2
9:28:30,2176.2,2176,2176.2,38,21,13
9:28:31,2176,2176,2176.2,1,20,13
9:28:31,2176,2176,2176.2,2,18,13
9:28:32,2176,2175.8,2176,20,22,20
9:28:32,2176,2175.8,2176,2,22,35
9:28:33,2175.8,2175.8,2176,2,21,35
9:28:33,2175.8,2175.8,2176,9,17,31
9:28:34,2175.8,2175.8,2176,7,13,28
9:28:34,2176,2175.8,2176,4,11,26
9:28:35,2175.8,2175.8,2176,4,8,25
9:28:35,2176,2175.8,2176,11,10,17
9:28:36,2175.8,2175.8,2176,2,8,17
9:28:36,2176,2175.8,2176,5,7,13
9:28:37,2176,2175.8,2176,2,6,11
9:28:37,2175.8,2175.8,2176,1,6,11
9:28:38,2176,2175.8,2176,4,8,9
9:28:39,2176,2175.8,2176,11,2,5
9:28:39,2175.6,2175.6,2176,7,32,2
9:28:40,2175.6,2175.8,2176,4,1,3
9:28:40,2175.6,2175.8,2176,2,1,5
9:28:41,2176,2175.8,2176,5,4,10
9:28:41,2176,2175.8,2176,6,3,7
9:28:42,2175.8,2175.8,2176,4,2,7
9:28:42,2175.8,2175.8,2176,2,4,9
9:28:43,2176,2175.8,2176,6,4,5
9:28:43,2175.8,2175.8,2176,1,3,5
9:28:44,2175.8,2175.6,2175.8,5,36,11
9:28:44,2175.8,2175.6,2175.8,3,35,12
9:28:45,2175.8,2175.6,2175.8,2,34,12
9:28:45,2175.6,2175.6,2175.8,5,32,10
9:28:46,2175.6,2175.6,2175.8,2,30,11
9:28:47,2175.8,2175.6,2175.8,6,29,11
9:28:47,2175.6,2175.6,2175.8,5,26,10
9:28:48,2175.8,2175.6,2175.8,2,44,9
9:28:48,2175.6,2175.6,2175.8,1,46,9
9:28:49,2175.6,2175.6,2175.8,2,44,9
9:28:49,2175.6,2175.6,2175.8,4,43,8
9:28:50,2175.8,2175.6,2175.8,7,50,3
9:28:50,2175.6,2175.6,2175.8,2,49,2
9:28:51,2175.8,2175.6,2175.8,2,48,1
9:28:51,2175.6,2175.6,2175.8,1,47,1
9:28:52,2175.6,2175.6,2176,24,30,67
9:28:52,2175.8,2175.8,2176,2,1,67
9:28:53,2175.6,2175.6,2175.8,2,30,6
9:28:54,2175.6,2175.6,2175.8,5,28,11
9:28:54,2175.8,2175.6,2175.8,4,28,17
9:28:55,2175.6,2175.6,2175.8,12,17,7
9:28:55,2175.8,2175.6,2175.8,7,11,6
9:28:56,2175.8,2175.6,2175.8,3,12,4
9:28:56,2175.6,2175.6,2175.8,3,9,4
9:28:58,2175.6,2175.6,2175.8,23,4,6
9:28:59,2175.8,2175.6,2175.8,2,4,5
9:29:00,2175.6,2175.6,2175.8,2,5,5
9:29:00,2175.6,2175.6,2175.8,2,3,5
9:29:01,2175.8,2175.6,2175.8,1,9,13
9:29:02,2175.6,2175.6,2175.8,1,8,13
9:29:02,2175.6,2175.6,2175.8,3,7,11
9:29:03,2175.8,2175.6,2175.8,1,7,10
9:29:03,2175.6,2175.6,2175.8,8,2,7
9:29:04,2175.8,2175.6,2175.8,4,3,3
9:29:04,2175.8,2175.6,2175.8,5,5,1
9:29:05,2175.8,2175.8,2176,1,1,95
9:29:05,2175.6,2175.8,2176,6,11,65
9:29:06,2175.8,2175.8,2176,2,9,65
9:29:06,2176,2175.8,2176,2,10,63
9:29:07,2176,2175.8,2176,4,10,59
9:29:07,2176,2175.8,2176,1,10,61
9:29:08,2176,2175.8,2176,30,10,31
9:29:08,2176,2175.8,2176,1,11,30
9:29:09,2176.2,2175.8,2176.2,32,11,4
9:29:09,2176.2,2176,2176.2,2,17,2
9:29:10,2176.4,2176.2,2176.4,3,2,19
9:29:10,2176.2,2176,2176.4,5,21,10
9:29:11,2176.6,2176.4,2176.6,27,3,5
9:29:11,2176.6,2176.4,2176.6,4,7,1
9:29:12,2176.6,2176.4,2176.6,1,7,2
9:29:12,2176.4,2176.4,2176.8,3,6,50
9:29:13,2176.4,2176.2,2176.4,13,7,3
9:29:13,2176.4,2176.2,2176.8,3,9,48
9:29:14,2176.2,2176.6,2176.8,2,1,49
9:29:14,2176.6,2176.4,2176.6,2,1,11
9:29:15,2176.4,2176.2,2176.6,7,13,10
9:29:15,2176.6,2176.2,2176.6,3,12,8
9:29:16,2176.2,2176.2,2176.4,9,7,2
9:29:16,2176.2,2176.2,2176.4,3,2,3
9:29:17,2176.4,2176.2,2176.4,1,1,4
9:29:17,2176.4,2176.2,2176.4,1,2,3
9:29:18,2176.4,2176.2,2176.4,1,2,6
9:29:19,2176.4,2176.2,2176.4,1,2,6
9:29:20,2176.4,2176.2,2176.4,2,4,7
9:29:21,2176.4,2176.2,2176.4,1,5,12
9:29:22,2176.2,2176.2,2176.4,5,1,13
9:29:22,2176.2,2176,2176.4,1,13,16
9:29:23,2176.2,2176,2176.4,6,13,12
9:29:23,2176.4,2176.2,2176.4,1,1,14
9:29:24,2176.2,2176,2176.4,1,16,17
9:29:24,2176.4,2176,2176.4,1,18,16
9:29:26,2176,2176,2176.4,6,12,17
9:29:27,2176,2176,2176.2,2,7,1
9:29:27,2176,2176,2176.2,5,3,3
9:29:28,2176,2176,2176.2,2,2,3
9:29:29,2176,2175.8,2176.2,4,27,10
9:29:29,2175.8,2175.8,2176,2,26,3
9:29:30,2175.8,2175.8,2176,1,25,4
9:29:30,2175.8,2175.6,2175.8,26,53,1
9:29:31,2176,2175.8,2176,3,10,20
9:29:31,2175.8,2175.8,2176,1,9,20
9:29:32,2175.8,2175.8,2176,9,4,22
9:29:32,2175.8,2175.6,2176,4,53,22
9:29:33,2175.6,2175.6,2175.8,1,60,1
9:29:33,2175.6,2175.6,2175.8,1,58,1
9:29:34,2175.6,2175.6,2176,14,55,8
9:29:34,2175.6,2175.6,2176,7,49,9
9:29:35,2175.6,2175.8,2176,5,2,7
9:29:35,2175.6,2175.8,2176,3,1,9
9:29:36,2175.8,2175.8,2176,2,1,11
9:29:36,2175.6,2175.6,2176,6,42,10
9:29:37,2175.6,2175.6,2175.8,8,39,1
9:29:37,2175.6,2175.6,2175.8,4,45,1
9:29:38,2175.6,2175.6,2175.8,11,34,6
9:29:38,2175.8,2175.6,2175.8,1,35,5
9:29:39,2175.8,2175.6,2175.8,3,33,8
9:29:39,2175.6,2175.6,2175.8,3,35,12
9:29:40,2175.6,2175.6,2175.8,1,65,13
9:29:40,2175.8,2175.6,2175.8,1,65,14
9:29:41,2175.6,2175.6,2175.8,17,50,10
9:29:42,2175.8,2175.6,2175.8,4,47,17
9:29:43,2175.6,2175.6,2175.8,1,47,19
9:29:43,2175.6,2175.6,2175.8,3,44,57
9:29:44,2175.8,2175.6,2175.8,2,45,57
9:29:44,2175.6,2175.6,2175.8,15,31,60
9:29:45,2175.6,2175.4,2175.6,31,95,34
9:29:46,2175.6,2175.4,2175.6,2,95,61
9:29:47,2175.4,2175.4,2175.6,1,94,62
9:29:47,2175.6,2175.4,2175.6,21,111,45
9:29:48,2175.6,2175.4,2175.6,12,102,44
9:29:48,2175.4,2175.4,2175.6,1,101,43
9:29:49,2175.4,2175.4,2175.6,4,99,42
9:29:49,2175.4,2175.4,2175.6,5,93,21
9:29:50,2175.4,2175.4,2175.6,4,90,21
9:29:50,2175.4,2175.4,2175.6,4,87,22
9:29:51,2175.4,2175.4,2175.6,7,82,21
9:29:51,2175.4,2175.4,2175.6,8,79,16
9:29:52,2175.4,2175.4,2175.6,20,77,1
9:29:53,2175.6,2175.4,2175.8,2,77,37
9:29:53,2175.6,2175.6,2175.8,3,2,38
9:29:54,2175.6,2175.6,2175.8,1,3,9
9:29:54,2175.8,2175.8,2176,10,21,18
9:29:55,2175.8,2175.8,2176,2,20,11
9:29:55,2175.8,2175.8,2176,3,18,11
9:29:56,2176,2175.8,2176,2,19,10
9:29:56,2175.8,2175.8,2176,3,17,9
9:29:57,2176,2175.8,2176,2,17,8
9:29:57,2175.8,2175.8,2176,4,19,7
9:29:58,2175.8,2175.8,2176,3,17,6
9:29:58,2176,2175.8,2176,2,17,5
9:29:59,2176,2175.8,2176,4,17,1
9:29:59,2175.8,2175.8,2176,6,14,1
9:30:00,2176,2175.8,2176,1,14,2
9:30:00,2175.8,2175.8,2176.2,39,5,8
9:30:01,2176,2176,2176.2,4,18,6
9:30:01,2176,2176,2176.2,11,9,5
9:30:02,2176.6,2175.8,2176.6,43,4,16
9:30:02,2176,2176,2176.4,8,7,6
9:30:03,2176.4,2176,2176.4,5,7,2
9:30:03,2176.4,2176.2,2176.4,7,1,1
9:30:04,2175.8,2175.6,2175.8,34,32,8
9:30:04,2175.8,2176,2176.2,10,1,2
9:30:05,2175.8,2175.8,2176.2,5,16,4
9:30:05,2175.8,2175.8,2176,2,28,1
9:30:06,2176.2,2176.2,2176.8,26,1,64
9:30:06,2176.6,2176.2,2176.8,4,13,65
9:30:07,2176.6,2176.2,2176.6,2,13,6
9:30:08,2176.6,2176.2,2176.6,5,23,9
9:30:08,2176.6,2176.4,2176.6,7,4,10
9:30:09,2176.6,2176.4,2176.6,24,3,6
9:30:09,2176.6,2176.6,2176.8,23,4,55
9:30:10,2176.6,2176.2,2176.6,16,4,17
9:30:10,2176.2,2176.2,2176.4,18,2,9
9:30:11,2176.2,2176.2,2176.8,25,1,52
9:30:11,2176.6,2176.2,2176.6,4,17,2
9:30:12,2176.6,2176.2,2176.6,5,15,9
9:30:12,2176.8,2176.6,2176.8,15,3,49
9:30:13,2176.8,2176.4,2176.8,18,4,37
9:30:13,2176.8,2176.6,2176.8,5,4,31
9:30:14,2176.6,2176.6,2176.8,8,3,26
9:30:14,2176.4,2176.6,2176.8,6,2,27
9:30:15,2176.2,2176.2,2176.8,19,3,26
9:30:15,2176.6,2176.2,2176.6,21,16,5
9:30:16,2176.8,2176.8,2177,37,13,96
9:30:16,2176.2,2176.2,2176.8,18,37,1
9:30:17,2176.8,2176.4,2176.8,16,33,6
9:30:17,2176.8,2176.4,2176.8,15,24,2
9:30:18,2176.6,2176.6,2176.8,14,3,10
9:30:18,2177,2176.8,2177,12,10,80
9:30:19,2177,2176.8,2177,53,1,41
9:30:19,2176.8,2176.6,2176.8,9,1,8
9:30:20,2176.8,2176.6,2177,9,1,50
9:30:20,2176.8,2176.8,2177,10,1,51
9:30:21,2177,2176.8,2177,7,2,46
9:30:21,2177,2176.8,2177,5,2,45
9:30:22,2176.6,2176.6,2176.8,8,9,2
9:30:22,2176.8,2176.6,2176.8,7,4,33
9:30:23,2176.6,2176.4,2176.8,17,37,27
9:30:23,2176.8,2176.4,2176.6,8,31,5
9:30:24,2176.4,2176.4,2176.8,15,26,35
9:30:24,2176.8,2176.4,2176.8,6,25,35
9:30:25,2176.8,2176.4,2176.8,8,25,28
9:30:25,2176.8,2176.4,2176.6,6,25,62
9:30:26,2176.4,2176.4,2176.6,3,24,60
9:30:26,2176.4,2176.4,2176.6,20,9,56
9:30:27,2176.4,2176.2,2176.4,18,28,2
9:30:27,2176.2,2176.2,2176.4,2,26,9
9:30:28,2176.4,2176.2,2176.4,7,22,4
9:30:28,2176.4,2176.2,2176.4,7,19,2
9:30:29,2176.4,2176.4,2176.6,4,2,52
9:30:29,2176.6,2176.4,2176.6,6,47,49
9:30:30,2176.4,2176.4,2176.6,4,45,47
9:30:30,2176.4,2176.4,2176.6,3,46,45
9:30:31,2176.4,2176.4,2176.6,4,45,44
9:30:31,2176.4,2176.4,2176.6,1,4,44
9:30:32,2176.6,2176.4,2176.6,8,5,38
9:30:32,2176.4,2176.4,2176.6,7,8,34
9:30:33,2176.4,2176.4,2176.6,1,8,35
9:30:33,2176.4,2176.4,2176.6,4,7,33
9:30:34,2176.6,2176.4,2176.6,4,14,32
9:30:35,2176.6,2176.4,2176.6,10,5,32
9:30:35,2176.4,2176.4,2176.6,2,4,32
9:30:36,2176.6,2176.4,2176.6,4,3,29
9:30:36,2176.6,2176.4,2176.6,20,4,10
9:30:37,2176.6,2176.6,2176.8,10,21,57
9:30:37,2176.8,2176.6,2176.8,4,26,55
9:30:38,2176.8,2176.6,2176.8,4,27,51
9:30:38,2176.8,2176.6,2176.8,2,28,48
9:30:39,2176.8,2176.8,2177,60,2,101
9:30:39,2177,2176.8,2177,3,6,99
9:30:40,2176.6,2176.6,2177,21,17,93
9:30:40,2176.8,2176.8,2177,6,2,93
9:30:41,2176.8,2176.6,2177,33,12,68
9:30:41,2177,2176.6,2177,38,16,45
9:30:42,2177.2,2177,2177.2,56,2,57
9:30:42,2177.2,2177,2177.2,8,1,53
9:30:43,2177.2,2177,2177.2,29,35,45
9:30:43,2177.2,2177,2177.2,14,48,31
9:30:44,2177.2,2177,2177.2,34,37,11
9:30:44,2177.2,2177.2,2177.4,41,28,22
9:30:45,2177.2,2177.2,2177.4,17,77,21
9:30:45,2177.4,2177.4,2177.6,29,2,50
9:30:46,2177.4,2177.4,2177.6,38,3,17
9:30:46,2177.6,2177.6,2177.8,36,44,55
9:30:47,2177.6,2177.6,2177.8,61,6,40
9:30:47,2177.8,2177.4,2177.8,15,6,31
9:30:48,2177.8,2177.4,2177.6,29,9,15
9:30:48,2177.8,2177.8,2178,43,3,50
9:30:49,2177.6,2177.4,2177.6,31,9,14
9:30:49,2177.6,2177.4,2177.6,22,3,8
9:30:50,2177.4,2177.2,2177.6,13,93,1
9:30:50,2177.6,2177.6,2177.8,29,4,61
9:30:51,2177.6,2177.4,2177.6,17,1,5
9:30:51,2177.6,2177.4,2177.6,25,11,4
9:30:52,2177.4,2177.4,2177.6,14,9,18
9:30:52,2177.6,2177.4,2177.6,10,12,14
9:30:53,2177.6,2177.4,2177.6,18,9,50
9:30:53,2177.4,2177.4,2177.6,11,13,48
9:30:54,2177.2,2177.2,2177.4,31,75,3
9:30:54,2177.2,2177.2,2177.6,25,57,79
9:30:55,2177.2,2177.2,2177.4,4,55,1
9:30:55,2177.6,2177.2,2177.4,43,21,1
9:30:56,2177.4,2177.2,2177.4,4,22,5
9:30:56,2177.4,2177.2,2177.4,7,22,5
9:30:57,2177.2,2177.2,2177.4,21,3,13
9:30:57,2177.2,2177,2177.2,8,75,3
9:30:58,2177.4,2177.2,2177.4,22,8,8
9:30:58,2177.4,2177.2,2177.4,3,12,7
9:30:59,2177.4,2177.2,2177.4,6,17,14
9:30:59,2177.2,2177.2,2177.4,15,11,13
9:31:00,2177.2,2177.2,2177.4,12,3,11
9:31:00,2177.4,2177.4,2177.6,14,1,56
9:31:01,2177.4,2177.2,2177.4,5,7,50
9:31:01,2177.4,2177.2,2177.4,57,3,4
9:31:02,2177.4,2177.4,2177.6,27,44,56
9:31:02,2177.6,2177.4,2177.6,8,43,50
9:31:03,2177.4,2177.4,2177.6,27,21,41
9:31:03,2177.4,2177.2,2177.4,116,11,8
9:31:04,2177,2177,2177.2,25,79,20
9:31:04,2177,2177,2177.2,23,83,11
9:31:05,2177.2,2177,2177.2,18,72,8
9:31:05,2177.4,2177.2,2177.4,20,5,7
9:31:06,2177.2,2177.2,2177.4,10,2,5
9:31:06,2177.4,2177,2177.2,11,58,6
9:31:07,2177.4,2177.2,2177.4,21,26,10
9:31:08,2177.4,2177.2,2177.6,11,29,6
9:31:08,2177.4,2177.4,2177.6,17,3,6
9:31:09,2177.2,2177.4,2177.6,18,8,7
9:31:09,2177.6,2177.4,2177.6,4,19,7
9:31:10,2177.4,2177.4,2177.6,19,9,33
9:31:10,2177.6,2177.4,2177.6,3,8,32
9:31:11,2177.4,2177.4,2177.6,7,6,32
9:31:11,2177.2,2177.2,2177.4,16,34,20
9:31:12,2177.4,2177.2,2177.4,8,37,27
9:31:12,2177.2,2177.2,2177.4,5,37,32
9:31:13,2177.4,2177.2,2177.4,2,38,59
9:31:13,2177.2,2177.2,2177.4,5,36,57
9:31:14,2177.2,2177.2,2177.4,5,32,56
9:31:14,2177.4,2177.2,2177.4,2,32,54
9:31:15,2177.2,2177.2,2177.4,6,27,54
9:31:15,2177.2,2177.2,2177.4,5,24,52
9:31:16,2177.4,2177.2,2177.4,5,25,51
9:31:16,2177.2,2177.2,2177.4,14,11,50
9:31:17,2177.2,2177.2,2177.4,3,9,50
9:31:17,2177.2,2177,2177.2,11,91,52
9:31:18,2177,2177,2177.2,19,83,58
9:31:18,2177.2,2177,2177.2,21,74,47
9:31:19,2177.2,2177,2177.2,5,77,45
9:31:19,2177,2177,2177.2,2,76,45
9:31:20,2177.2,2177,2177.2,11,74,36
9:31:20,2177,2177,2177.2,4,74,35
9:31:21,2177.2,2177,2177.2,13,73,25
9:31:21,2177,2177,2177.2,27,47,25
9:31:22,2177,2177,2177.2,16,44,12
9:31:22,2177,2177,2177.2,11,35,12
9:31:23,2177.2,2177,2177.2,8,32,11
9:31:23,2177.2,2177.2,2177.4,17,1,53
9:31:24,2177,2176.8,2177,34,35,19
9:31:24,2176.8,2176.8,2177,20,16,19
9:31:25,2177,2176.8,2177,17,2,17
9:31:25,2176.6,2176.6,2176.8,8,41,1
9:31:26,2176.8,2176.6,2177,3,42,22
9:31:26,2176.8,2176.6,2177,2,43,28
9:31:27,2177,2176.6,2177,5,42,27
9:31:27,2176.6,2176.6,2177,6,40,27
9:31:28,2177,2176.6,2177,3,40,27
9:31:28,2177,2176.8,2177,2,1,25
9:31:29,2176.6,2176.6,2176.8,7,37,4
9:31:29,2176.8,2176.8,2177,17,12,26
9:31:30,2177,2176.6,2177,16,31,27
9:31:30,2176.6,2176.6,2177,15,17,28
9:31:31,2177,2176.8,2177,4,1,29
9:31:31,2177.4,2176.8,2177,76,1,2
9:31:32,2177,2176.8,2177.4,7,3,38
9:31:32,2177.4,2176.8,2177.4,17,30,36
9:31:33,2176.8,2176.8,2177,10,35,2
9:31:33,2177,2177,2177.2,4,5,4
9:31:34,2177,2177,2177.2,2,26,3
9:31:34,2177,2177.2,2177.4,17,1,15
9:31:35,2177.2,2177,2177.2,4,48,1
9:31:35,2177.4,2177.2,2177.4,26,1,3
9:31:36,2177,2177.2,2177.4,5,13,3
9:31:36,2177.2,2177.2,2177.4,16,2,7
9:31:37,2177.2,2177,2177.2,25,30,1
9:31:37,2177.2,2177,2177.4,5,25,21
9:31:38,2177.4,2177,2177.4,13,33,12
9:31:38,2177,2177,2177.4,2,29,64
9:31:39,2177,2177,2177.4,3,28,63
9:31:39,2177.2,2177,2177.2,8,79,5
9:31:40,2177.2,2177,2177.2,6,79,3
9:31:40,2177.2,2177,2177.2,1,79,12
9:31:41,2177.2,2177,2177.2,3,93,11
9:31:41,2177,2177,2177.2,18,68,7
9:31:42,2177.2,2177,2177.2,15,62,4
9:31:42,2177,2177,2177.2,4,78,2
9:31:43,2177,2177,2177.2,3,64,1
9:31:43,2177.2,2177,2177.2,1,78,1
9:31:44,2177,2177,2177.4,16,53,67
9:31:44,2177.4,2177,2177.4,8,51,68
9:31:45,2177.2,2177.2,2177.4,2,9,70
9:31:45,2177.4,2177.2,2177.4,3,8,69
9:31:46,2177.4,2177.2,2177.4,6,6,71
9:31:46,2177.4,2177.2,2177.4,8,5,64
9:31:47,2177.4,2177.2,2177.4,2,17,62
9:31:47,2177.4,2177.2,2177.4,34,11,35
9:31:48,2177.4,2177.4,2177.6,39,32,61
9:31:48,2177.6,2177.4,2177.6,31,3,32
9:31:49,2177.6,2177.4,2177.6,12,5,20
9:31:49,2177.6,2177.4,2177.6,11,4,11
9:31:50,2177.4,2177.4,2177.6,4,14,11
9:31:50,2177.6,2177.4,2177.6,12,20,3
9:31:51,2177.6,2177.6,2177.8,4,4,54
9:31:51,2177.8,2177.6,2177.8,4,5,53
9:31:52,2177.8,2177.6,2177.8,6,1,51
9:31:52,2177.8,2177.4,2177.6,7,27,10
9:31:53,2177.4,2177.4,2177.6,19,28,2
9:31:53,2177.6,2177.4,2177.6,6,26,1
9:31:54,2177.6,2177.6,2177.8,7,4,38
9:31:54,2177.6,2177.6,2177.8,3,11,38
9:31:55,2177.6,2177.6,2177.8,8,5,39
9:31:55,2177.6,2177.6,2177.8,3,6,38
9:31:56,2177.8,2177.6,2177.8,3,8,36
9:31:56,2177.6,2177.6,2177.8,7,4,33
9:31:57,2177.6,2177.6,2177.8,26,13,28
9:31:57,2177.6,2177.6,2177.8,36,6,29
9:31:58,2177.6,2177.4,2178,31,17,79
9:31:58,2178,2177.6,2178,12,17,71
9:31:59,2178,2177.6,2177.8,18,16,2
9:31:59,2178,2177.8,2178,11,5,64
9:32:00,2177.8,2177.8,2178,23,52,57
9:32:00,2178,2177.8,2178,25,57,33
9:32:01,2178,2178,2178.2,38,18,68
9:32:01,2178.2,2178,2178.2,71,26,12
9:32:02,2178.2,2178.2,2178.4,26,19,47
9:32:02,2178.2,2178,2178.2,31,46,1
9:32:03,2178,2178,2178.2,46,35,5
9:32:03,2178.2,2178,2178.2,39,36,27
9:32:04,2178,2178,2178.2,39,6,44
9:32:04,2177.8,2177.8,2178,34,38,15
9:32:05,2178,2177.8,2178,13,59,20
9:32:05,2178,2177.8,2178,64,33,3
9:32:06,2178,2178,2178.2,26,9,29
9:32:06,2178.2,2178,2178.2,8,12,19
9:32:07,2178.2,2178,2178.2,27,15,7
9:32:07,2178,2178,2178.4,23,6,33
9:32:08,2178.6,2178.4,2178.6,41,6,40
9:32:08,2178.6,2178.4,2178.6,13,13,31
9:32:09,2178.6,2178.4,2178.6,32,12,12
9:32:09,2178.8,2178.6,2178.8,38,40,43
9:32:10,2178.8,2178.8,2179,53,7,29
9:32:10,2179,2178.8,2179,17,8,18
9:32:11,2179,2179,2179.2,42,6,35
9:32:11,2179,2179,2179.2,158,23,6
9:32:12,2179.2,2179.2,2179.8,32,17,34
9:32:12,2179.8,2179.4,2179.6,26,1,20
9:32:13,2179.6,2179.6,2180,48,11,77
9:32:13,2179.6,2179.6,2180,92,14,67
9:32:14,2179.8,2179.6,2179.8,94,2,27
9:32:14,2179.6,2179.2,2179.6,48,32,11
9:32:15,2179.6,2179.2,2179.4,61,24,1
9:32:15,2179.4,2179.4,2179.6,35,3,63
9:32:16,2179.6,2179.2,2179.4,31,29,4
9:32:16,2179.4,2179,2179.2,54,80,2
9:32:17,2179.2,2179.2,2179.4,24,6,32
9:32:17,2179.4,2179.2,2179.4,54,10,15
9:32:18,2179.2,2179,2179.4,28,48,7
9:32:18,2179.4,2179.4,2179.6,35,14,14
9:32:19,2179.6,2179.6,2179.8,31,1,8
9:32:19,2180,2179.8,2180,34,27,4
9:32:20,2180,2180.2,2180.4,44,1,7
9:32:20,2181,2180.6,2181,122,8,33
9:32:21,2181.4,2181,2181.4,97,34,44
9:32:21,2181.2,2181,2181.4,128,87,3
9:32:22,2181.2,2181,2181.2,132,28,12
9:32:22,2181,2180.4,2180.6,140,8,1
9:32:23,2180.4,2180.2,2180.4,56,1,67
9:32:23,2180.4,2180,2180.4,82,30,45
9:32:24,2180,2180,2180.4,64,4,13
9:32:24,2180,2180,2180.4,40,39,11
9:32:25,2180,2180,2180.4,43,27,1
9:32:25,2180.2,2180.4,2180.8,29,2,27
9:32:26,2181,2180.2,2180.8,73,33,2
9:32:26,2180.8,2180.8,2181,19,4,39
9:32:27,2181.2,2181.2,2181.4,55,1,6
9:32:27,2181.4,2181.4,2181.6,30,11,28
9:32:28,2181.6,2181.6,2181.8,50,6,20
9:32:28,2181.8,2181.8,2182,62,25,36
9:32:29,2181.8,2181.8,2182,52,22,18
9:32:29,2182,2182,2182.8,120,26,1
9:32:30,2182.6,2182.2,2182.6,158,77,27
9:32:30,2182.6,2182.6,2183.6,198,2,15
9:32:31,2183.4,2182.8,2183.4,104,72,19
9:32:31,2183.2,2183.6,2184,98,16,16
9:32:32,2183.8,2184,2184.4,96,2,12
9:32:32,2184.4,2184.4,2184.8,145,9,7
9:32:33,2184.4,2183.8,2184.4,154,4,62
9:32:33,2184,2183.6,2184,103,19,30
9:32:34,2183.8,2183.4,2183.6,124,22,5
9:32:34,2183.4,2183.2,2183.4,89,16,9
9:32:35,2183.6,2183.4,2183.6,142,15,11
9:32:35,2183.2,2182.8,2183.2,59,1,1
9:32:36,2183,2183,2183.2,46,31,21
9:32:36,2183.4,2183,2183.4,44,15,83
9:32:37,2183,2182.6,2183,85,5,9
9:32:37,2182.6,2182.4,2183,129,5,1
9:32:38,2183,2182.4,2183,133,17,82
9:32:38,2182.6,2182.6,2182.8,112,6,3
9:32:39,2182.4,2182.4,2182.6,33,8,2
9:32:39,2182.4,2182.2,2182.4,56,33,2
9:32:40,2182.6,2182.2,2182.6,64,28,8
9:32:40,2182.4,2182.2,2183,67,25,92
9:32:41,2182.4,2182.4,2182.6,59,27,36
9:32:41,2182.2,2182.2,2182.4,96,26,15
9:32:42,2182.2,2182,2182.2,45,91,6
9:32:42,2182,2182.2,2182.8,34,14,40
9:32:43,2182.2,2182.2,2182.6,17,4,8
9:32:43,2182.2,2182.2,2182.6,54,18,13
9:32:44,2182.4,2182.4,2182.6,39,3,2
9:32:44,2182.4,2182.2,2182.4,43,6,3
9:32:45,2182.4,2182.2,2182.4,56,2,2
9:32:45,2182.2,2182,2182.2,12,65,28
9:32:46,2182,2182,2182.4,38,60,8
9:32:46,2182,2182,2182.2,54,45,25
9:32:47,2182.2,2182,2182.2,40,30,15
9:32:47,2182,2181.8,2182,74,12,77
9:32:48,2181.8,2181.6,2181.8,35,12,58
9:32:48,2181.8,2181.4,2181.6,32,33,9
9:32:49,2181.4,2181.4,2181.6,25,22,6
9:32:49,2181.6,2181.4,2181.6,51,3,9
9:32:50,2181.4,2181.4,2181.8,51,6,49
9:32:50,2181.6,2181.4,2181.8,40,28,22
9:32:51,2181.8,2181.8,2182,43,6,143
9:32:51,2181.8,2181.6,2181.8,68,8,3
9:32:52,2181.6,2181.4,2181.6,45,38,16
9:32:52,2181.4,2181.4,2181.6,46,53,20
9:32:53,2181.6,2181.6,2181.8,63,16,36
9:32:53,2181.6,2181.6,2181.8,30,6,26
9:32:54,2181.8,2181.6,2181.8,16,3,23
9:32:54,2181.4,2181.4,2181.6,26,35,2
9:32:55,2181.8,2181.8,2182,22,23,159
9:32:55,2181.8,2181.8,2182,22,34,156
9:32:56,2181.8,2181.8,2182,21,50,153
9:32:56,2181.8,2181.8,2182,67,37,104
9:32:57,2181.8,2181.8,2182,87,21,38
9:32:57,2181.8,2181.8,2182,42,17,2
9:32:58,2182,2182,2182.2,18,42,62
9:32:58,2182.2,2182,2182.2,50,35,24
9:32:59,2182.2,2182,2182.2,36,27,6
9:32:59,2182.2,2182,2182.2,26,33,3
9:33:00,2182.2,2182,2182.2,25,39,6
9:33:00,2182,2182,2182.2,73,21,13
9:33:01,2182,2181.8,2182,64,25,36
9:33:01,2181.8,2181.6,2181.8,73,74,14
9:33:02,2181.8,2181.8,2182.2,109,1,9
9:33:02,2182.4,2181.8,2182.4,76,24,11
9:33:03,2181.8,2181.8,2182.2,79,11,1
9:33:03,2181.6,2181.6,2182.2,26,36,1
9:33:04,2182.2,2182,2182.2,29,5,33
9:33:04,2182,2181.8,2182,31,4,9
9:33:05,2181.6,2181.6,2181.8,40,29,17
9:33:05,2181.6,2181.6,2181.8,14,22,13
9:33:06,2181.8,2181.6,2181.8,19,15,11
9:33:06,2181.6,2181.4,2181.6,45,70,45
9:33:07,2181.6,2181.4,2181.6,55,69,34
9:33:07,2181.6,2181.4,2181.6,33,52,19
9:33:08,2181.4,2181.2,2181.4,71,65,17
9:33:08,2181.4,2181.4,2181.6,39,5,13
9:33:09,2181.6,2181.6,2181.8,32,22,6
9:33:09,2181.6,2181.8,2182,44,14,31
9:33:10,2181.8,2181.8,2182.2,72,13,89
9:33:10,2181.8,2181.8,2182,54,3,2
9:33:11,2181.8,2181.6,2181.8,12,6,11
9:33:11,2181.8,2181.6,2181.8,31,9,4
9:33:12,2181.8,2181.6,2181.8,14,21,6
9:33:12,2182.2,2181.6,2182.2,85,27,27
9:33:13,2181.8,2181.8,2182.2,16,4,24
9:33:13,2181.8,2181.8,2182,10,4,1
9:33:14,2182.2,2181.8,2182.4,47,10,17
9:33:14,2182.4,2181.8,2182.4,18,7,14
9:33:15,2182,2182,2182.2,15,29,1
9:33:15,2182.6,2182.2,2182.6,26,11,34
9:33:16,2182.2,2182.2,2182.6,8,15,33
9:33:16,2182.6,2182.4,2182.6,25,8,26
9:33:17,2182.6,2182.4,2182.6,19,5,14
9:33:17,2182.6,2182.6,2182.8,22,2,189
9:33:18,2182.4,2182.2,2182.6,22,30,6
9:33:18,2182.2,2182.2,2182.4,24,16,5
9:33:19,2182.6,2182.6,2182.8,41,13,203
9:33:19,2182.6,2182.4,2182.6,24,1,1
9:33:20,2182.4,2182.2,2182.4,18,5,31
9:33:20,2182.4,2182.2,2182.4,49,7,4
9:33:21,2182.4,2182.2,2182.4,10,8,16
9:33:21,2182.4,2182.4,2182.6,24,5,28
9:33:22,2182.4,2182.4,2182.6,11,24,31
9:33:22,2182.4,2182.4,2182.6,5,22,32
9:33:23,2182.6,2182.4,2182.6,50,25,3
9:33:23,2182.6,2182.6,2182.8,17,12,199
9:33:24,2182.6,2182.6,2182.8,23,30,186
9:33:24,2182.6,2182.6,2182.8,8,25,182
9:33:25,2182.6,2182.6,2182.8,73,16,120
9:33:25,2182.8,2182.8,2183,127,14,96
9:33:26,2183,2182.8,2183,56,8,60
9:33:26,2183,2182.8,2183,35,7,31
9:33:27,2182.8,2182.6,2182.8,41,24,27
9:33:27,2183,2182.8,2183.2,69,31,13
9:33:28,2182.8,2182.6,2182.8,58,18,3
9:33:28,2182.8,2182.6,2183,14,13,17
9:33:29,2183,2182.4,2183,38,55,10
9:33:29,2182.8,2182.6,2183,10,15,16
9:33:30,2183,2182.8,2183,20,3,2
9:33:30,2183,2183,2183.2,5,52,13
9:33:31,2183.2,2183.2,2183.4,44,6,40
9:33:31,2183.4,2183.2,2183.4,37,42,13
9:33:32,2183.4,2183.4,2183.6,104,31,37
9:33:32,2183.8,2183.6,2183.8,50,10,34
9:33:33,2183.8,2183.8,2184,94,43,33
9:33:33,2184,2183.8,2184,41,46,4
9:33:34,2184,2184,2184.2,89,9,13
9:33:34,2184,2183.8,2184,28,6,53
9:33:35,2183.8,2183.6,2183.8,44,23,35
9:33:35,2183.4,2183.4,2183.6,48,28,32
9:33:36,2183.8,2183.4,2183.8,71,5,87
9:33:36,2183.4,2183.2,2183.4,25,12,18
9:33:37,2183.2,2183,2183.2,37,131,3
9:33:37,2183,2183,2183.2,50,107,5
9:33:38,2183.2,2183.2,2183.8,55,20,44
9:33:38,2183.4,2183.2,2183.4,22,4,18
9:33:39,2183.4,2183,2183.4,37,100,4
9:33:39,2183.2,2183.2,2183.4,20,3,2
9:33:40,2183.2,2183,2183.2,30,101,4
9:33:40,2183.2,2183.2,2183.4,15,15,13
9:33:41,2183.2,2183.2,2183.4,41,5,6
9:33:41,2183.4,2183.4,2183.6,36,2,23
9:33:42,2183.6,2183.2,2183.6,19,2,22
9:33:42,2183.6,2183.2,2183.6,13,5,16
9:33:43,2183.4,2183,2183.4,40,120,52
9:33:43,2183.4,2183,2183.4,39,99,56
9:33:44,2183.2,2183,2183.2,18,101,38
9:33:44,2183,2183,2183.2,50,71,18
9:33:45,2182.8,2182.8,2183,95,61,20
9:33:45,2182.8,2182.8,2183,66,17,11
9:33:46,2183,2182.8,2183,24,10,3
9:33:46,2182.8,2182.8,2183,26,28,3
9:33:47,2183,2183,2183.2,14,11,26
9:33:47,2183,2183,2183.2,7,14,20
9:33:48,2183,2183,2183.2,18,12,19
9:33:48,2183.2,2183,2183.2,22,9,14
9:33:49,2183,2183,2183.2,7,20,16
9:33:49,2183,2183,2183.2,8,19,16
9:33:50,2183,2182.6,2183,57,87,2
9:33:50,2182.8,2182.8,2183.4,23,18,64
9:33:51,2183,2183,2183.2,11,17,2
9:33:51,2183,2183,2183.2,14,6,3
9:33:52,2183,2182.8,2183,8,16,12
9:33:52,2183.2,2182.8,2183.2,32,39,5
9:33:53,2183.4,2183.4,2183.6,82,22,21
9:33:53,2183.4,2183.4,2183.6,17,20,41
9:33:54,2183,2182.8,2183.4,49,22,4
9:33:54,2183.4,2183,2183.2,21,8,1
9:33:55,2183.6,2183.2,2183.6,17,4,16
9:33:55,2183.4,2183.4,2183.6,9,61,15
9:33:56,2183.6,2183.6,2183.8,53,20,39
9:33:56,2183.8,2183.8,2184,68,56,69
9:33:57,2184,2183.8,2184,47,50,42
9:33:57,2183.8,2183.8,2184,34,39,18
9:33:58,2184,2184,2184.4,58,41,34
9:33:58,2184.6,2184,2184.6,58,50,52
9:33:59,2184.8,2184.6,2184.8,116,28,54
9:33:59,2184.6,2184.4,2184.6,82,7,9
9:34:00,2184.6,2184.6,2185,161,25,259
9:34:00,2184.8,2184.6,2184.8,198,20,2
9:34:01,2184.8,2184,2184.8,152,17,1
9:34:01,2184.4,2184.2,2184.4,106,9,25
9:34:02,2184.2,2184,2184.2,94,11,2
9:34:02,2183.8,2183.8,2184.2,39,21,17
9:34:03,2183.8,2183.6,2183.8,65,8,1
9:34:03,2184.6,2184.6,2184.8,75,2,4
9:34:04,2183.8,2183.8,2184.6,39,20,17
9:34:04,2184,2184,2184.2,39,52,1
9:34:05,2184.4,2184.4,2184.6,38,1,24
9:34:05,2184.8,2184.6,2184.8,60,7,12
9:34:06,2184,2184,2184.4,94,2,1
9:34:06,2184.4,2184.4,2184.6,51,34,24
9:34:07,2184.4,2184.4,2184.6,21,36,24
9:34:07,2184.4,2184.4,2184.8,38,28,4
9:34:08,2184.8,2184.8,2185,15,1,146
9:34:08,2185,2184.2,2185,139,11,114
9:34:09,2185,2184.6,2185,125,3,77
9:34:09,2184.8,2184.8,2185,61,16,44
9:34:10,2185,2185,2185.2,74,41,9
9:34:10,2185.2,2185.2,2185.4,43,10,11
9:34:11,2185.2,2185.2,2185.4,63,25,2
9:34:11,2185.8,2185.6,2185.8,75,4,25
9:34:12,2185,2185,2185.4,214,57,7
9:34:12,2185.4,2185.4,2185.6,86,10,91
9:34:13,2185.4,2185,2185.4,73,58,91
9:34:13,2185,2185,2185.2,89,28,11
9:34:14,2185,2184.8,2185,101,37,42
9:34:14,2185,2184.8,2185,65,9,39
9:34:15,2184.8,2184.4,2184.8,75,1,17
9:34:15,2184.6,2184.6,2184.8,30,10,6
9:34:16,2184.6,2184.6,2184.8,24,18,5
9:34:16,2184.4,2184.4,2185,61,24,43
9:34:17,2184.4,2184.4,2184.6,19,15,3
9:34:17,2184.4,2184.4,2184.6,18,4,9
9:34:18,2184.6,2184.6,2184.8,55,3,24
9:34:18,2184.2,2184.4,2184.8,15,1,23
9:34:19,2184.8,2184.2,2184.4,9,1,1
9:34:19,2184.2,2184.2,2184.4,11,1,6
9:34:20,2184.2,2184.2,2184.4,24,2,3
9:34:20,2184.2,2184,2184.2,13,97,19
9:34:21,2184.2,2184.2,2184.4,28,6,2
9:34:21,2184.2,2184,2184.6,40,68,36
9:34:22,2184,2184,2184.4,34,55,4
9:34:22,2184.4,2184,2184.4,52,13,17
9:34:23,2184,2183.8,2184,26,27,12
9:34:23,2183.8,2183.8,2184,9,7,18
9:34:24,2184,2183.8,2184,23,23,7
9:34:24,2183.8,2183.8,2184,28,17,6
9:34:25,2184,2183.8,2184,24,5,7
9:34:25,2184,2184,2184.2,33,9,35
9:34:26,2183.8,2183.8,2184,16,7,16
9:34:26,2184,2183.8,2184,20,3,10
9:34:27,2183.6,2183.6,2183.8,11,12,1
9:34:27,2183.8,2183.6,2184,15,5,11
9:34:28,2183.8,2183.4,2183.8,13,26,2
9:34:28,2183.4,2183.4,2183.8,7,28,3
9:34:29,2184,2183.4,2184,11,27,28
9:34:29,2183.4,2183.4,2183.8,21,16,56
9:34:30,2183.4,2183.4,2183.6,44,2,3
9:34:30,2183.4,2183.2,2183.4,71,37,19
9:34:31,2183.2,2183.2,2183.4,14,35,50
9:34:31,2183.2,2183.2,2183.4,45,23,33
9:34:32,2183.2,2183.2,2183.4,38,32,18
9:34:32,2183.4,2183.4,2183.6,29,2,24
9:34:33,2183.4,2183.4,2183.6,19,1,20
9:34:33,2183.4,2183.2,2183.4,8,37,4
9:34:34,2183.6,2183.4,2183.6,35,10,7
9:34:34,2183.4,2183.4,2183.6,9,11,4
9:34:35,2183.6,2183.6,2183.8,13,8,53
9:34:35,2183.6,2183.6,2183.8,5,5,51
9:34:36,2183.4,2183.4,2183.6,10,19,3
9:34:36,2183.6,2183.4,2183.6,6,19,6
9:34:37,2183.4,2183.4,2183.6,10,22,3
9:34:37,2183.4,2183.4,2183.6,7,22,13
9:34:38,2183.4,2183.4,2183.6,21,4,12
9:34:38,2183.2,2183.2,2183.4,24,20,3
9:34:39,2183.2,2183.2,2183.4,27,5,3
9:34:39,2183,2183,2183.2,31,178,2
9:34:40,2183,2183,2183.4,45,157,5
9:34:40,2183,2183,2183.2,14,153,1
9:34:41,2183,2183.4,2183.6,37,8,14
9:34:41,2183,2183,2183.4,20,125,1
9:34:42,2183,2183.2,2183.4,45,2,4
9:34:42,2183.2,2183.2,2183.4,38,2,4
9:34:43,2183.2,2183,2183.2,16,73,5
9:34:43,2183.2,2183.2,2183.4,8,1,7
9:34:44,2183,2183,2183.2,38,67,3
9:34:44,2183,2183,2183.2,13,67,8
9:34:45,2183,2183.2,2183.4,12,2,24
9:34:45,2183.2,2183.4,2183.6,37,10,19
9:34:46,2183.4,2183.2,2183.4,37,48,45
9:34:46,2183.2,2183.2,2183.4,15,49,54
9:34:47,2183.4,2183.2,2183.4,6,50,52
9:34:47,2183.2,2183.2,2183.4,5,51,53
9:34:48,2183.4,2183.2,2183.4,27,38,45
9:34:48,2183.4,2183.2,2183.4,30,13,40
9:34:49,2183.2,2183,2183.2,22,128,9
9:34:49,2183,2183,2183.2,7,130,10
9:34:50,2183.4,2183,2183.4,17,129,34
9:34:50,2183.2,2183,2183.4,12,130,30
9:34:51,2183,2183,2183.4,22,175,27
9:34:51,2183.2,2183.2,2183.4,9,1,26
9:34:52,2183.4,2183.2,2183.4,3,45,23
9:34:52,2183.4,2183.2,2183.4,18,46,11
9:34:53,2183.4,2183.4,2183.6,31,10,9
9:34:53,2183.4,2183.4,2183.6,31,6,1
9:34:54,2183.4,2183.4,2183.6,11,19,1
9:34:54,2183.6,2183.4,2183.6,13,11,3
9:34:55,2183.8,2183.4,2183.8,36,1,11
9:34:55,2183.8,2183.2,2183.8,25,2,7
9:34:56,2183.6,2183.2,2183.8,19,40,11
9:34:56,2183.2,2183.2,2183.6,28,39,2
9:34:57,2183.4,2183.2,2183.4,10,38,5
9:34:57,2183.6,2183.6,2183.8,19,1,3
9:34:58,2183.8,2183.8,2184,15,1,37
9:34:58,2183.8,2183.8,2184,8,3,37
9:34:59,2183.4,2183.4,2183.8,14,67,2
9:34:59,2183.6,2183.4,2183.6,25,58,20
9:35:00,2183.4,2183.4,2184,62,67,39
9:35:00,2184.4,2184,2184.4,121,2,14
9:35:01,2184.6,2184.6,2185,80,5,106
9:35:01,2184,2184,2184.6,36,1,18
9:35:02,2184,2183.6,2184,44,42,12
9:35:02,2184.4,2183.8,2184.4,45,1,9
9:35:03,2184.6,2184.6,2184.8,61,1,7
9:35:03,2183.6,2183.6,2184.6,19,32,3
9:35:04,2184,2184,2184.4,17,16,42
9:35:04,2184,2184,2184.4,45,6,8
9:35:05,2184.2,2184,2184.4,15,3,4
9:35:05,2184,2184,2184.4,14,1,2
9:35:06,2184,2184,2184.4,16,5,5
9:35:06,2184,2184,2184.2,10,15,1
9:35:07,2184.6,2184.2,2184.6,22,11,17
9:35:07,2184.4,2184.4,2184.6,15,1,11
9:35:08,2184,2184,2184.2,7,20,6
9:35:08,2184.2,2184.2,2184.4,24,38,2
9:35:09,2184.4,2184.4,2184.6,21,30,2
9:35:09,2184.6,2184.6,2184.8,17,53,20
9:35:10,2184.6,2184.6,2185,37,24,60
9:35:10,2185,2184.8,2185,52,19,23
9:35:11,2185.2,2185.2,2185.6,79,4,2
9:35:11,2185.6,2185.6,2185.8,107,25,10
9:35:12,2186.4,2186,2186.4,124,18,47
9:35:12,2186.8,2186.4,2186.8,132,8,23
9:35:13,2187.2,2186.8,2187.2,120,18,22
9:35:13,2187.4,2187.2,2187.4,111,2,18
9:35:14,2187,2186.8,2187,197,67,13
9:35:14,2186.8,2186.4,2186.6,153,29,14
9:35:15,2186.8,2186.4,2186.8,97,10,68
9:35:15,2185.8,2185.8,2186.4,118,15,1
9:35:16,2186.2,2186,2186.2,42,26,5
9:35:16,2186.2,2186.2,2186.4,60,7,2
9:35:17,2186.4,2186.4,2186.6,26,24,12
9:35:17,2186.8,2186.6,2186.8,97,7,7
9:35:18,2187,2187,2187.2,73,37,10
9:35:18,2187.8,2187.4,2187.8,83,13,57
9:35:19,2187.6,2187.6,2188,100,1,150
9:35:19,2187.6,2187,2187.2,225,11,1
9:35:20,2187,2186.8,2187,120,39,17
9:35:20,2186.8,2186.6,2186.8,94,78,16
9:35:21,2186.8,2186.6,2187.6,111,42,1
9:35:21,2187.4,2187,2187.4,40,4,34
9:35:22,2187,2186.8,2187,55,34,38
9:35:22,2186.8,2186.8,2187,132,9,11
9:35:23,2187,2187,2187.4,60,40,29
9:35:23,2187,2186.8,2187,59,18,18
9:35:24,2187,2187,2187.8,103,4,34
9:35:24,2187,2186.6,2187,111,2,57
9:35:25,2187,2186.6,2187,123,23,44
9:35:25,2186.6,2186.4,2186.6,83,3,19
9:35:26,2186,2186,2186.4,71,43,4
9:35:26,2186,2186,2186.2,25,30,21
9:35:27,2187,2186,2186.6,131,27,12
9:35:27,2186,2186,2186.6,35,14,42
9:35:28,2186.4,2186.2,2186.4,32,4,22
9:35:28,2186,2185.8,2186.4,18,20,18
9:35:29,2186,2185.6,2185.8,68,68,2
9:35:29,2185.6,2185.6,2185.8,25,74,1
9:35:30,2185.6,2185.8,2186,59,8,20
9:35:30,2186,2185.8,2186,8,10,14
9:35:31,2186,2186,2186.4,40,14,55
9:35:31,2186.4,2186,2186.4,49,2,45
9:35:32,2185.8,2185.8,2186,47,16,44
9:35:32,2186,2185.8,2186,28,18,21
9:35:33,2186,2186,2186.4,23,38,23
9:35:33,2186.2,2186.2,2186.4,33,6,14
9:35:34,2186.4,2186,2186.4,23,51,18
9:35:34,2186.4,2186.4,2186.6,44,29,21
9:35:35,2186.6,2186.6,2186.8,24,4,22
9:35:35,2186.6,2186.4,2186.6,23,57,24
9:35:36,2186.6,2186.4,2186.6,10,56,28
9:35:36,2186.8,2186.8,2187,79,3,99
9:35:37,2186.8,2186.6,2187,34,2,84
9:35:37,2186.8,2186.4,2186.8,22,24,4
9:35:38,2187,2186.8,2187,41,27,67
9:35:38,2186.8,2186.8,2187,14,22,60
9:35:39,2187,2186.8,2187,50,10,13
9:35:39,2187,2187,2187.2,22,22,9
9:35:40,2187,2187,2187.2,30,31,1
9:35:40,2187.2,2187.2,2187.4,21,14,5
9:35:41,2187.2,2187,2187.2,27,32,27
9:35:41,2187,2187,2187.2,33,20,34
9:35:42,2186.8,2186.6,2187,77,22,99
9:35:42,2187,2186.6,2186.8,68,14,13
9:35:43,2186.2,2186.2,2186.6,49,8,52
9:35:43,2186.4,2186.2,2186.4,38,28,27
9:35:44,2186.2,2186.2,2186.4,48,11,14
9:35:44,2186.6,2186.2,2186.6,46,9,9
9:35:45,2186.6,2186.2,2186.6,17,31,9
9:35:45,2186.8,2186.4,2186.8,40,16,9
9:35:46,2186.4,2186.4,2186.8,54,25,8
9:35:46,2186.8,2186.8,2187,21,26,56
9:35:47,2186.8,2186.8,2187,35,32,41
9:35:47,2186.8,2186.8,2187,44,41,1
9:35:48,2187,2187,2187.2,45,28,16
9:35:48,2187,2187,2187.4,43,66,4
9:35:49,2187.4,2187.2,2187.6,87,10,37
9:35:49,2187.6,2187.6,2187.8,44,6,76
9:35:50,2187.6,2187.6,2187.8,54,1,51
9:35:50,2187.8,2187.4,2187.8,20,13,43
9:35:51,2187.6,2187.6,2187.8,45,18,7
9:35:51,2187.6,2187.6,2187.8,34,5,5
9:35:52,2187.6,2187.8,2188,27,7,95
9:35:52,2187.8,2187.4,2187.8,30,8,22
9:35:53,2187.6,2187.4,2187.6,16,6,16
9:35:53,2187.4,2187.2,2187.4,57,14,15
9:35:54,2187.6,2187.2,2187.6,34,2,20
9:35:54,2187.4,2187.2,2187.4,87,1,11
9:35:55,2187.2,2187.2,2187.4,42,8,3
9:35:55,2187.6,2187.6,2187.8,45,14,29
9:35:56,2187.4,2187.4,2187.6,26,16,10
9:35:56,2187.4,2187.2,2187.4,41,13,15
9:35:57,2187.4,2187.4,2187.6,46,2,2
9:35:57,2187.6,2187.6,2187.8,56,5,29
9:35:58,2187.4,2187.2,2187.4,15,1,1
9:35:58,2187.6,2187.6,2187.8,75,12,8
9:35:59,2187.8,2187.4,2188,39,54,107
9:35:59,2188,2187.8,2188,56,11,62
9:36:00,2188.4,2188.2,2188.4,107,1,24
9:36:00,2189,2188.8,2189,248,25,56
9:36:01,2188.8,2188.6,2188.8,202,39,1
9:36:01,2189.8,2189.2,2189.8,245,4,187
9:36:02,2189.2,2189,2189.4,172,40,91
9:36:02,2189,2188.8,2189,152,45,27
9:36:03,2189.4,2188.4,2189.4,182,97,23
9:36:03,2189.2,2189,2189.2,70,2,10
9:36:04,2189.2,2189,2189.4,86,1,16
9:36:04,2189,2188.6,2189,45,11,6
9:36:05,2188.8,2188.8,2189.4,144,11,6
9:36:05,2189.2,2189,2189.2,62,18,9
9:36:06,2188.4,2188.4,2188.8,52,12,15
9:36:06,2189,2188.8,2189,64,9,22
9:36:07,2189,2189,2189.2,64,2,3
9:36:07,2188.8,2188.4,2188.8,35,1,55
9:36:08,2188.6,2188.4,2188.6,127,4,17
9:36:08,2188.8,2188.2,2188.4,67,5,13
9:36:09,2188.2,2188,2188.2,121,11,33
9:36:09,2188.2,2188.2,2188.4,113,2,1
9:36:10,2187.8,2187.6,2187.8,29,8,21
9:36:10,2187.8,2187.8,2188,101,3,7
9:36:11,2188,2188,2188.2,78,4,21
9:36:11,2187.8,2187.4,2188,31,59,2
9:36:12,2188,2187.8,2188,78,1,30
9:36:12,2187.8,2187.8,2188,20,1,31
9:36:13,2188,2188,2188.2,51,7,19
9:36:13,2187.6,2187.6,2187.8,47,11,18
9:36:14,2187.8,2187.4,2187.8,41,16,65
9:36:14,2187.4,2187.4,2187.8,69,13,3
9:36:15,2187.4,2187.2,2187.4,25,19,46
9:36:15,2187.2,2187.2,2187.4,42,39,29
9:36:16,2187.4,2187,2187.2,84,14,3
9:36:16,2187,2186.8,2187,30,19,4
9:36:17,2186.8,2186.6,2186.8,29,12,41
9:36:17,2186.8,2186.8,2187,59,2,114
9:36:18,2186.8,2186.6,2186.8,23,4,55
9:36:18,2186.8,2186.6,2186.8,23,7,65
9:36:19,2186.6,2186.4,2186.6,74,15,12
9:36:19,2186.6,2186.4,2186.6,18,15,12
9:36:20,2186.6,2186.2,2186.8,99,15,1
9:36:20,2186.8,2186.6,2186.8,35,9,3
9:36:21,2186.6,2186.6,2187,49,13,96
9:36:21,2187,2186.8,2187,17,50,89
9:36:22,2187,2186.8,2187,74,2,76
9:36:22,2187.2,2187.2,2187.4,126,3,46
9:36:23,2187,2187,2187.2,56,34,2
9:36:23,2187,2187,2187.4,59,23,18
9:36:24,2187,2186.8,2187,45,58,19
9:36:24,2186.8,2186.8,2187.2,48,32,13
9:36:25,2187.2,2187,2187.2,16,50,8
9:36:25,2187,2187,2187.4,12,94,7
9:36:26,2187.2,2187.2,2187.6,21,61,20
9:36:26,2187.6,2187.4,2187.6,22,41,18
9:36:27,2187.6,2187.6,2187.8,34,3,12
9:36:27,2188,2187.8,2188,44,3,56
9:36:28,2188,2187.6,2188,34,2,31
9:36:28,2188,2188,2188.2,54,6,18
9:36:29,2188,2187.6,2188,27,50,1
9:36:29,2187.6,2187.6,2187.8,58,48,5
9:36:30,2188,2188,2188.2,21,9,13
9:36:30,2188.2,2188,2188.2,17,6,1
9:36:31,2188.2,2188.2,2188.4,31,10,11
9:36:31,2188.4,2188.2,2188.4,14,5,3
9:36:32,2188.4,2188.4,2188.6,10,2,8
9:36:32,2188.4,2188.2,2188.4,16,4,8
9:36:33,2188.4,2188.4,2188.6,26,1,8
9:36:33,2188.4,2188.6,2188.8,17,1,22
9:36:34,2188.6,2188.6,2188.8,19,2,30
9:36:34,2188.8,2188,2188.6,35,11,1
9:36:35,2188.6,2188.2,2188.6,34,59,10
9:36:35,2189,2188.8,2189,63,1,44
9:36:36,2189,2188.8,2189,49,4,1
9:36:36,2189.2,2189.2,2189.4,49,2,24
9:36:37,2189.6,2189.6,2189.8,60,16,170
9:36:37,2189.8,2189.4,2189.6,132,41,10
9:36:38,2189.4,2189.4,2189.6,124,31,4
9:36:38,2189.6,2189.6,2190,67,42,163
9:36:39,2190,2189.6,2190,33,47,152
9:36:39,2190.2,2190,2190.2,172,30,15
9:36:40,2190.4,2190.4,2190.6,49,28,17
9:36:40,2190.8,2190.4,2190.8,75,5,2
9:36:41,2190.4,2190.2,2190.4,100,53,55
9:36:41,2190,2190,2190.2,150,98,31
9:36:42,2190.4,2190.4,2190.6,182,33,136
9:36:42,2189.6,2189.6,2190.2,114,48,10
9:36:43,2190,2189.8,2190.4,114,59,70
9:36:43,2190.4,2190,2190.2,73,11,2
9:36:44,2190,2190,2190.2,36,12,1
9:36:44,2190.2,2190.2,2190.4,21,58,30
9:36:45,2190.2,2190.4,2190.6,62,1,8
9:36:45,2191,2190.8,2191,53,8,103
9:36:46,2190.8,2191.2,2191.4,154,10,9
9:36:46,2191.4,2191.4,2191.6,82,14,4
9:36:47,2191.4,2191.6,2191.8,80,10,11
9:36:47,2191.4,2191.2,2191.4,160,35,20
9:36:48,2191,2190.6,2191,175,63,11
9:36:48,2190.8,2190.6,2191,55,55,2
9:36:49,2191.2,2191,2191.2,47,20,20
9:36:49,2191,2190.8,2191,84,27,10
9:36:50,2191.4,2191.4,2191.6,79,10,86
9:36:50,2191.2,2191.2,2191.4,22,19,1
9:36:51,2191.4,2191.4,2191.6,61,20,76
9:36:51,2191.6,2191.4,2191.6,97,6,30
9:36:52,2191.6,2191.2,2191.8,65,11,17
9:36:52,2191.6,2191.6,2192,48,72,49
9:36:53,2192.2,2192,2192.2,59,43,8
9:36:53,2193,2192.4,2193,149,5,1
9:36:54,2192.6,2192.6,2192.8,93,17,6
9:36:54,2192.6,2192.4,2192.6,118,29,32
9:36:55,2192.2,2192.2,2192.4,152,27,48
9:36:55,2191.8,2191.8,2192.4,197,26,14
9:36:56,2192.2,2192,2192.2,68,32,86
9:36:56,2192,2191.6,2191.8,131,79,1
9:36:57,2191.8,2191.8,2192.2,64,6,55
9:36:57,2192,2192,2192.2,61,3,34
9:36:58,2192,2192.2,2192.4,97,5,24
9:36:58,2192.4,2192.8,2193.2,100,26,1
9:36:59,2193.6,2193.2,2193.6,58,22,9
9:36:59,2193.6,2193.6,2194.2,193,12,21
9:37:00,2194.2,2193.6,2194.4,75,74,19
9:37:00,2194,2193.8,2194,140,26,7
9:37:01,2193.6,2193.6,2193.8,272,20,25
9:37:01,2193.2,2192.4,2193.2,167,36,51
9:37:02,2192.8,2192.2,2192.4,245,1,1
9:37:02,2192.2,2192.2,2192.4,160,3,18
9:37:03,2193,2192,2193,131,1,17
9:37:03,2192.2,2192.2,2192.4,76,9,1
9:37:04,2193,2193,2193.2,113,26,6
9:37:04,2193.2,2193.2,2193.4,102,9,6
9:37:05,2193,2193,2193.2,102,19,4
9:37:05,2193.6,2193.2,2193.6,63,33,35
9:37:06,2193.2,2193,2193.4,49,23,8
9:37:06,2193.6,2193.4,2193.6,117,33,22
9:37:07,2193.2,2193.2,2193.6,58,73,4
9:37:07,2193.4,2193.6,2193.8,55,22,19
9:37:08,2194.2,2194.2,2194.4,75,30,2
9:37:08,2194.8,2194.6,2194.8,62,32,9
9:37:09,2194.8,2194.8,2195,119,9,202
9:37:09,2194.4,2194.4,2194.6,192,42,9
9:37:10,2195,2194.4,2195,125,4,102
9:37:10,2194,2193.8,2194.4,125,8,5
9:37:11,2194.2,2194,2194.2,110,1,14
9:37:11,2193.8,2193.6,2193.8,48,27,4
9:37:12,2194,2193.8,2194,47,16,16
9:37:12,2193.4,2193.4,2193.8,99,21,3
9:37:13,2193.8,2193.8,2194,29,1,4
9:37:13,2193.8,2193.8,2194,28,58,1
9:37:14,2194,2194.2,2194.6,54,1,2
9:37:14,2195,2194.6,2195,140,3,74
9:37:15,2195,2195,2195.2,145,2,17
9:37:15,2195.2,2195.2,2195.8,139,94,33
9:37:16,2195.4,2195.8,2196,97,3,36
9:37:16,2195.8,2195.2,2195.8,81,85,9
9:37:17,2195.8,2195.4,2195.8,103,9,13
9:37:17,2195.4,2195.2,2195.4,104,52,12
9:37:18,2195.6,2195,2195.6,115,38,32
9:37:18,2195,2194.4,2195,91,1,29
9:37:19,2194.8,2194.6,2194.8,41,4,76
9:37:19,2194.6,2194,2194.4,55,8,2
9:37:20,2194.2,2193.8,2194,38,159,1
9:37:20,2194.4,2194.4,2194.6,43,7,43
9:37:21,2194.6,2194,2194.6,44,25,30
9:37:21,2194.4,2194.2,2194.6,63,11,42
9:37:22,2194.4,2194,2194.2,50,3,17
9:37:22,2194.2,2193.8,2194.2,25,145,11
9:37:23,2194,2193.8,2194.2,145,85,32
9:37:23,2193.8,2193.6,2193.8,51,6,26
9:37:24,2193.4,2193.2,2193.4,129,32,5
9:37:24,2193.2,2193.2,2193.4,84,5,3
9:37:25,2193.2,2193.2,2193.4,48,8,1
9:37:25,2193.4,2193.4,2193.6,36,21,124
9:37:26,2193.2,2193.2,2193.4,52,14,42
9:37:26,2193.2,2192.8,2193,77,14,1
9:37:27,2192.8,2192.8,2193,15,41,7
9:37:27,2192.8,2192.8,2193.2,37,20,73
9:37:28,2192.4,2192.4,2192.8,80,46,13
9:37:28,2192.4,2192.4,2192.8,51,31,19
9:37:29,2192.8,2192.4,2192.8,31,32,32
9:37:29,2192.8,2192.4,2192.8,39,10,39
9:37:30,2192.8,2192.2,2192.8,39,21,22
9:37:30,2192.4,2192.4,2193,86,5,52
9:37:31,2192.4,2192.4,2192.8,45,12,16
9:37:31,2192.4,2192.4,2192.8,43,2,14
9:37:32,2192.6,2192.6,2192.8,20,8,8
9:37:32,2192.8,2192.2,2192.8,34,71,8
9:37:33,2192.2,2192.2,2192.6,105,71,4
9:37:33,2193,2192.4,2193,46,10,14
9:37:34,2192.8,2192.8,2193,19,1,16
9:37:34,2192.4,2192.4,2192.8,33,11,27
9:37:35,2192.6,2192.6,2192.8,30,10,22
9:37:35,2192.4,2192.2,2192.4,35,82,13
9:37:36,2192.4,2192.2,2192.4,16,83,1
9:37:36,2192.4,2192.4,2192.6,22,1,42
9:37:37,2192.4,2192.2,2192.4,68,87,2
9:37:37,2193,2193,2193.2,68,35,74
9:37:38,2193,2193,2193.2,73,6,31
9:37:38,2193,2192.6,2193,18,2,5
9:37:39,2192.6,2192.4,2192.6,38,17,10
9:37:39,2192.6,2192.4,2192.6,31,17,10
9:37:40,2193,2193,2193.2,55,62,32
9:37:40,2193,2193,2193.4,41,54,52
9:37:41,2193,2193,2193.4,25,49,35
9:37:41,2192.8,2192.6,2192.8,67,28,1
9:37:42,2192.8,2192.8,2193,30,61,3
9:37:42,2193,2193,2193.4,39,1,47
9:37:43,2193,2193,2193.4,16,24,49
9:37:43,2193.2,2193,2193.4,19,7,50
9:37:44,2193,2192.8,2193,14,67,1
9:37:44,2193,2193,2193.2,9,1,1
9:37:45,2193,2193,2193.2,6,3,1
9:37:45,2193.2,2192.8,2193,13,69,12
9:37:46,2193,2192.8,2193,17,65,6
9:37:46,2193,2193,2193.2,22,7,4
9:37:47,2192.8,2192.8,2193.2,13,65,5
9:37:47,2193.2,2193.2,2193.4,30,13,38
9:37:48,2193,2193,2193.2,19,50,45
9:37:48,2193.2,2193.2,2193.4,58,2,42
9:37:49,2193,2193,2193.2,43,14,5
9:37:49,2193,2193,2193.2,20,8,19
9:37:50,2192.8,2192.8,2193,12,70,2
9:37:50,2192.8,2192.8,2193,20,58,4
9:37:51,2193,2192.8,2193,30,49,6
9:37:51,2193,2192.8,2193,19,36,16
9:37:52,2192.8,2192.8,2193,20,31,24
9:37:52,2193,2192.6,2192.8,81,181,17
9:37:53,2192.6,2192.6,2192.8,66,126,25
9:37:53,2192.6,2192.8,2193,89,10,39
9:37:54,2192.6,2192.6,2192.8,96,18,19
9:37:54,2192.8,2192.6,2192.8,13,16,13
9:37:55,2192.8,2192.8,2193,63,8,36
9:37:55,2192.8,2192.4,2192.6,13,50,9
9:37:56,2192.6,2192.6,2192.8,63,7,8
9:37:56,2192.8,2192.6,2192.8,15,17,1
9:37:57,2192.6,2192.4,2192.6,23,38,13
9:37:57,2192.4,2192.4,2192.6,30,18,12
9:37:58,2192.8,2192.6,2192.8,24,11,18
9:37:58,2192.6,2192.4,2192.6,19,14,6
9:37:59,2192.4,2192.4,2192.6,19,18,2
9:37:59,2192.4,2192.2,2192.4,31,105,3
9:38:00,2192.8,2192.4,2192.6,77,14,3
9:38:00,2192.6,2192.6,2192.8,79,103,26
9:38:01,2192.8,2192.8,2193,72,28,48
9:38:01,2193,2192.8,2193,53,55,13
9:38:02,2192.6,2192.6,2192.8,115,106,7
9:38:02,2193.2,2192.8,2193.2,44,24,13
9:38:03,2192.8,2192.8,2193,28,25,19
9:38:03,2193,2192.8,2193,25,22,23
9:38:04,2193,2192.6,2192.8,40,115,40
9:38:04,2192.6,2192.6,2192.8,35,98,39
9:38:05,2192.6,2192.4,2192.6,116,58,26
9:38:05,2192.4,2192.2,2192.4,90,101,29
9:38:06,2192.4,2192.2,2192.4,114,32,2
9:38:06,2192.4,2192.4,2192.6,33,27,45
9:38:07,2192.4,2192.2,2192.4,45,2,79
9:38:07,2192.2,2192,2192.2,20,198,152
9:38:08,2192,2192,2192.2,127,113,126
9:38:08,2192,2192,2192.2,90,28,128
9:38:09,2191.8,2191.6,2191.8,103,6,3
9:38:09,2191.8,2191.8,2192,34,15,124
9:38:10,2191.8,2191.8,2192,79,4,96
9:38:10,2191.8,2191.6,2191.8,56,7,73
9:38:11,2191.8,2191.6,2191.8,84,16,81
9:38:11,2191.6,2191.4,2191.6,57,1,9
9:38:12,2191.4,2191.4,2191.6,50,7,60
9:38:12,2191.6,2191.2,2191.4,23,3,4
9:38:13,2191,2191,2191.2,21,31,19
9:38:13,2190.8,2190.8,2191,68,11,1
9:38:14,2190.8,2190.6,2190.8,61,40,30
9:38:14,2190.6,2190.6,2190.8,80,15,11
9:38:15,2190.4,2190.4,2190.6,63,59,41
9:38:15,2190.4,2190.4,2190.8,145,18,1
9:38:16,2191,2190.6,2191,99,19,21
9:38:16,2191,2191,2191.2,92,9,29
9:38:17,2190.8,2190.8,2191,67,7,1
