9:14:00,2177.2,2177,2177.2,353,3,22
9:15:00,2176.6,2176.6,2176.8,279,32,1
9:15:01,2176.6,2176.6,2177,98,7,145
9:15:01,2176.4,2176,2176.4,79,4,4
9:15:02,2175.8,2175.4,2175.8,56,7,11
9:15:02,2175.2,2175.2,2175.4,54,20,34
9:15:03,2175,2175,2175.2,49,22,37
9:15:03,2175.2,2174.2,2174.8,72,15,3
9:15:04,2174.8,2174.4,2174.8,42,6,12
9:15:04,2174.8,2174.6,2175,62,16,54
9:15:05,2174.8,2174.8,2175,101,1,64
9:15:05,2173.8,2173.6,2174.2,62,16,8
9:15:06,2173.6,2171.2,2173.6,204,2,21
9:15:06,2173.2,2171.4,2173.2,132,28,38
9:15:07,2171.4,2171.8,2172.6,144,1,3
9:15:07,2171.8,2172,2172.2,196,2,9
9:15:08,2172,2172.6,2172.8,77,1,8
9:15:08,2172.8,2172.8,2173,103,4,18
9:15:09,2172.6,2172.4,2172.6,80,11,21
9:15:09,2172.6,2172.2,2172.6,86,3,11
9:15:10,2172.6,2172.2,2172.6,35,10,2
9:15:10,2173,2172.8,2173,52,6,4
9:15:11,2173.4,2173,2173.6,45,1,12
9:15:11,2173.4,2173,2173.4,19,13,49
9:15:12,2173.2,2172.8,2173.4,42,2,43
9:15:12,2173.4,2173.2,2173.4,64,1,24
9:15:13,2173.2,2173,2173.2,38,11,4
9:15:13,2173.6,2173.6,2173.8,36,1,4
9:15:14,2173.4,2173.2,2173.4,37,15,9
9:15:14,2174.4,2173.8,2174.4,39,35,1
9:15:15,2174.4,2174.2,2174.4,43,5,15
9:15:15,2174,2174,2174.2,52,21,1
9:15:16,2174.2,2174,2174.2,34,3,23
9:15:16,2174,2173.8,2174,30,28,4
9:15:17,2174.2,2173.6,2173.8,42,8,22
9:15:17,2173.6,2173.4,2173.6,47,32,5
9:15:18,2173.4,2173.6,2174,38,1,20
9:15:18,2173.6,2173.4,2173.6,14,34,7
9:15:19,2173.4,2173.4,2173.6,31,17,16
9:15:19,2173.4,2173.4,2174,20,17,22
9:15:20,2173.8,2173.6,2173.8,30,3,7
9:15:20,2173.2,2173.2,2173.4,30,10,8
9:15:21,2173.4,2173.2,2173.4,4,10,6
9:15:21,2173.4,2173.4,2173.6,28,1,8
9:15:22,2173.6,2173.2,2173.6,15,12,50
9:15:22,2173.6,2173.2,2173.4,17,13,14
9:15:23,2173.4,2173,2173.2,40,45,9
9:15:23,2173,2173,2173.4,21,59,20
9:15:24,2173.2,2173,2173.2,14,61,6
9:15:24,2173.4,2173.2,2173.4,83,4,24
9:15:25,2173.4,2173.2,2173.4,23,3,16
9:15:25,2173.4,2173.2,2173.4,17,2,15
9:15:26,2173,2173.2,2173.4,33,1,2
9:15:26,2173.2,2173.4,2173.6,15,2,35
9:15:27,2173.4,2173.4,2173.6,14,48,47
9:15:27,2173.6,2173.6,2173.8,55,2,13
9:15:28,2173.8,2173.8,2174,28,8,25
9:15:28,2174,2173.8,2174,22,33,6
9:15:29,2173.8,2173.8,2174,23,32,5
9:15:29,2173.8,2173.8,2174,14,27,19
9:15:30,2173.8,2173.8,2174,7,27,37
9:15:30,2173.8,2173.8,2174,29,5,37
9:15:31,2174,2173.6,2173.8,15,10,14
9:15:31,2173.8,2173.6,2173.8,11,7,21
9:15:32,2173.4,2173.4,2173.6,15,77,5
9:15:32,2173.6,2173.4,2173.6,10,66,1
9:15:33,2173.4,2173.4,2173.6,8,60,22
9:15:33,2173.4,2173.4,2173.6,24,54,12
9:15:34,2173.4,2173.4,2173.6,14,41,12
9:15:34,2173.4,2173.4,2173.6,17,35,7
9:15:35,2173.6,2173.6,2173.8,11,32,28
9:15:35,2173.6,2173.6,2173.8,10,30,29
9:15:36,2173.6,2173.6,2173.8,5,27,30
9:15:36,2173.8,2173.6,2173.8,4,37,29
9:15:37,2173.6,2173.6,2173.8,5,41,31
9:15:37,2173.8,2173.6,2173.8,10,38,26
9:15:38,2173.8,2173.6,2173.8,9,29,25
9:15:38,2173.8,2173.6,2173.8,19,29,6
9:15:39,2173.8,2173.8,2174,10,4,70
9:15:39,2173.8,2173.8,2174,15,1,61
9:15:40,2173.6,2173.6,2174,7,24,50
9:15:40,2174,2173.6,2174,14,27,48
9:15:41,2173.6,2173.6,2173.8,1,27,1
9:15:41,2173.8,2173.6,2173.8,16,27,21
9:15:42,2173.6,2173.6,2173.8,37,6,16
9:15:42,2173.8,2173.4,2173.6,31,66,1
9:15:43,2173.4,2173.4,2173.8,57,23,3
9:15:43,2173.6,2173.6,2173.8,7,36,6
9:15:44,2173.4,2173.4,2173.8,46,20,8
9:15:44,2173.8,2173.6,2173.8,13,9,4
9:15:45,2173.8,2173.4,2173.8,29,5,3
9:15:45,2173.4,2173.4,2173.6,5,6,15
9:15:46,2173.4,2173.2,2173.4,8,46,4
9:15:46,2173.6,2173.2,2173.6,38,30,16
9:15:47,2173.2,2173.2,2173.6,9,28,16
9:15:47,2173.6,2173.2,2173.8,22,29,38
9:15:48,2173.4,2173,2173.2,49,80,5
9:15:48,2173.4,2173.4,2173.6,20,6,1
9:15:49,2173.4,2173.2,2173.4,8,18,15
9:15:49,2173.4,2173.2,2173.4,13,13,35
9:15:50,2173.2,2173,2173.2,21,84,17
9:15:50,2173.2,2173.2,2173.4,48,1,29
9:15:51,2173,2173,2173.2,11,75,10
9:15:51,2173,2173,2173.2,5,73,39
9:15:52,2173,2173,2173.2,75,18,30
9:15:52,2173,2172.8,2173,30,71,63
9:15:53,2172.8,2172.8,2173,21,63,64
9:15:53,2173,2172.8,2173,27,51,54
9:15:54,2172.8,2172.8,2173,40,47,29
9:15:54,2172.8,2172.8,2173,40,12,31
9:15:55,2173,2173,2173.2,43,7,43
9:15:55,2172.8,2172.8,2173,32,4,2
9:15:56,2172.8,2172.8,2173,22,1,5
9:15:56,2172.8,2172.6,2172.8,5,48,7
9:15:57,2172.8,2172.6,2173,7,69,9
9:15:57,2172.8,2172.8,2173,15,7,10
9:15:58,2173,2173,2173.2,28,4,37
9:15:58,2173,2173,2173.2,21,4,37
9:15:59,2173.2,2173,2173.2,12,8,30
9:15:59,2173,2173,2173.2,7,7,33
9:16:00,2173,2173,2173.2,26,10,38
9:16:00,2173,2173,2173.2,30,17,39
9:16:01,2172.8,2172.8,2173.2,45,17,32
9:16:01,2173,2173,2173.2,17,7,22
9:16:02,2173,2172.8,2173,30,18,1
9:16:02,2173,2173,2173.2,24,5,14
9:16:03,2173,2172.8,2173.2,25,24,9
9:16:03,2173.2,2173,2173.2,4,33,12
9:16:04,2173.2,2173.2,2173.4,22,14,64
9:16:04,2173,2173.2,2173.4,33,1,66
9:16:05,2173,2173,2173.2,49,21,1
9:16:05,2173.2,2173.2,2173.4,14,41,37
9:16:06,2173.2,2173.2,2173.4,20,30,38
9:16:06,2173.2,2173.2,2173.4,34,35,15
9:16:07,2173.4,2173.4,2173.6,32,27,24
9:16:07,2173.6,2173.4,2173.6,19,17,17
9:16:08,2173.4,2173.4,2173.6,21,3,11
9:16:08,2173.2,2173.2,2173.6,18,26,7
9:16:09,2173.4,2173.4,2173.6,5,3,18
9:16:09,2173.2,2173.2,2173.6,20,23,10
9:16:10,2173.6,2173.2,2173.4,9,23,7
9:16:10,2173.4,2173.4,2173.6,32,27,14
9:16:11,2173.4,2173.4,2173.6,7,23,16
9:16:11,2173.6,2173.4,2173.6,3,23,13
9:16:12,2173.6,2173.4,2173.6,11,17,10
9:16:12,2173.6,2173.6,2173.8,13,11,63
9:16:13,2173.6,2173.6,2173.8,3,10,65
9:16:13,2173.6,2173.6,2173.8,14,21,63
9:16:14,2173.6,2173.4,2173.6,25,16,4
9:16:14,2173.6,2173.4,2173.6,1,21,7
9:16:15,2173.4,2173.4,2173.6,10,14,9
9:16:15,2173.8,2173.4,2173.6,17,15,1
9:16:16,2173.6,2173.4,2173.6,30,13,8
9:16:16,2173.4,2173.2,2173.4,16,50,1
9:16:17,2173.6,2173.2,2173.8,55,20,38
9:16:17,2173.8,2173.4,2173.6,3,1,31
9:16:18,2173.4,2173.2,2173.6,4,22,51
9:16:18,2173.4,2173.2,2173.4,5,21,1
9:16:19,2173.6,2173.4,2173.6,7,2,49
9:16:19,2173.4,2173.2,2173.4,27,20,18
9:16:20,2173.4,2173.2,2173.4,20,17,3
9:16:20,2173.2,2173.4,2173.6,12,2,27
9:16:21,2173.2,2173.2,2173.6,5,9,26
9:16:21,2173.4,2173.2,2173.4,7,5,31
9:16:22,2173.4,2173.2,2173.4,8,1,27
9:16:22,2173.2,2173,2173.2,9,82,10
9:16:23,2173,2173,2173.2,7,82,21
9:16:23,2173.2,2173,2173.2,4,81,23
9:16:24,2173.2,2173,2173.2,15,72,18
9:16:25,2173.2,2173,2173.2,3,74,17
9:16:25,2173.2,2173,2173.2,9,73,10
9:16:26,2173,2173,2173.2,5,70,9
9:16:26,2173.2,2173,2173.2,2,70,9
9:16:27,2173.2,2173,2173.2,10,77,3
9:16:27,2173,2173,2173.2,12,66,5
9:16:28,2173.2,2173,2173.2,5,65,3
9:16:28,2173.2,2173.2,2173.4,4,25,10
9:16:29,2173.2,2173.2,2173.4,3,25,10
9:16:29,2173.2,2173.2,2173.4,11,22,10
9:16:30,2173.2,2173.2,2173.4,4,24,11
9:16:30,2173.2,2173.2,2173.4,11,27,1
9:16:31,2173.4,2173.4,2173.6,3,30,16
9:16:31,2173.6,2173.4,2173.6,29,4,15
9:16:32,2173.4,2173.4,2173.6,11,3,16
9:16:32,2173.4,2173.2,2173.6,6,29,27
9:16:33,2173.2,2173.2,2173.6,11,18,27
9:16:33,2173.6,2173.2,2173.4,1,19,1
9:16:34,2173.6,2173.2,2173.4,9,15,1
9:16:34,2173.2,2173.2,2173.6,12,13,31
9:16:35,2173.6,2173.2,2173.6,3,13,29
9:16:35,2173.4,2173.2,2173.4,14,5,7
9:16:36,2173.4,2173.2,2173.4,11,5,4
9:16:36,2173.4,2173.2,2173.4,21,5,9
9:16:37,2173.2,2173.2,2173.4,3,11,7
9:16:38,2173.2,2173.2,2173.4,4,9,12
9:16:38,2173.2,2173.2,2173.4,12,1,11
9:16:39,2173.4,2173.4,2173.6,12,2,41
9:16:39,2173.2,2173,2173.2,8,89,16
9:16:40,2173,2173,2173.2,5,89,12
9:16:40,2173.4,2173,2173.2,21,92,2
9:16:41,2173,2173,2173.2,9,88,1
9:16:41,2173.2,2173.2,2173.4,8,1,26
9:16:42,2173.4,2173.2,2173.4,7,14,24
9:16:42,2173.4,2173.2,2173.4,8,19,20
9:16:43,2173.2,2173.2,2173.4,13,8,18
9:16:43,2173.2,2173.2,2173.4,6,4,18
9:16:44,2173.2,2173.2,2173.4,5,11,19
9:16:44,2173.2,2173.2,2173.4,14,7,12
9:16:45,2173.2,2173.2,2173.4,4,4,13
9:16:45,2173.2,2173.2,2173.4,3,20,13
9:16:46,2173.2,2173.2,2173.4,15,16,3
9:16:46,2173.4,2173.2,2173.4,4,20,3
9:16:47,2173.2,2173.2,2173.4,7,26,1
9:16:47,2173.4,2173.4,2173.6,5,3,64
9:16:48,2173.2,2173.4,2173.6,13,1,64
9:16:48,2173.4,2173.4,2173.6,15,3,64
9:16:49,2173.4,2173.4,2173.6,6,4,64
9:16:49,2173.2,2173.2,2173.4,7,34,1
9:16:50,2173.4,2173.2,2173.4,4,32,5
9:16:50,2173.4,2173.2,2173.4,4,30,5
9:16:51,2173.4,2173.2,2173.4,1,29,7
9:16:51,2173.4,2173.2,2173.4,11,25,36
9:16:52,2173.2,2173,2173.2,26,92,9
9:16:52,2173.2,2173,2173.2,13,85,21
9:16:53,2173.2,2173,2173.2,7,79,23
9:16:53,2173.2,2173,2173.2,2,79,23
9:16:54,2173,2173,2173.2,9,72,22
9:16:54,2173.2,2173,2173.2,30,48,17
9:16:55,2173,2173,2173.2,24,29,15
9:16:55,2173,2173,2173.2,8,22,26
9:16:56,2173,2172.8,2173,23,51,40
9:16:56,2172.8,2172.8,2173,11,46,55
9:16:57,2172.8,2172.8,2173,6,43,59
9:16:57,2172.8,2172.8,2173,13,32,65
9:16:58,2173,2172.6,2173,69,62,52
9:16:58,2172.6,2172.6,2172.8,8,54,8
9:16:59,2172.6,2172.6,2172.8,2,63,20
9:16:59,2172.6,2172.6,2172.8,11,54,31
9:17:00,2172.6,2172.6,2172.8,19,45,23
9:17:00,2172.6,2172.4,2172.6,51,19,4
9:17:01,2172.4,2172.4,2172.6,14,7,8
9:17:01,2172.4,2172.4,2172.6,24,6,14
9:17:02,2172.6,2172.6,2172.8,51,5,18
9:17:02,2172.6,2172.4,2172.8,16,20,17
9:17:03,2172.6,2172.6,2172.8,39,10,12
9:17:03,2172.6,2172.6,2172.8,10,20,14
9:17:04,2172.6,2172.6,2172.8,22,8,8
9:17:04,2172.8,2172.6,2173,16,13,35
9:17:05,2172.8,2172,2172.8,61,101,3
9:17:05,2172.4,2172.4,2172.6,7,2,1
9:17:06,2172.4,2172.2,2172.4,13,16,1
9:17:06,2172.2,2172.2,2172.4,10,14,29
9:17:07,2172.2,2172.2,2172.4,24,1,16
9:17:07,2172.2,2172,2172.4,7,103,16
9:17:08,2172,2172,2172.4,55,57,21
9:17:08,2172.4,2172,2172.4,21,45,23
9:17:09,2171.8,2171.8,2172,54,7,13
9:17:09,2172,2171.4,2172,40,15,39
9:17:10,2171.8,2171.6,2171.8,17,1,32
9:17:10,2171.6,2171.2,2171.4,31,45,2
9:17:11,2172,2171.8,2172,39,1,116
9:17:11,2171.4,2171.4,2171.6,12,1,27
9:17:12,2171.4,2171.2,2171.4,63,31,3
9:17:12,2171.8,2171.6,2171.8,30,2,7
9:17:13,2171.6,2171.4,2171.6,27,14,1
9:17:13,2171.4,2171.4,2171.8,27,19,29
9:17:14,2171.6,2171.6,2171.8,23,1,30
9:17:14,2171.6,2171.4,2171.6,6,11,3
9:17:15,2171.6,2171.4,2171.6,21,5,9
9:17:15,2171.4,2171.2,2171.6,25,46,6
9:17:16,2171.4,2171.4,2171.6,8,1,29
9:17:16,2171.4,2171.2,2171.4,23,47,13
9:17:17,2171.4,2171.2,2171.4,49,22,6
9:17:17,2171.2,2171.2,2171.4,24,7,1
9:17:18,2171.2,2171,2171.2,37,47,10
9:17:18,2171,2171,2171.2,59,30,2
9:17:19,2171,2171,2171.2,83,6,3
9:17:19,2171,2170.6,2171,67,9,3
9:17:20,2171.2,2171.2,2171.4,34,27,10
9:17:20,2171.4,2171.2,2171.4,35,8,2
9:17:21,2171.4,2171.2,2171.4,33,13,3
9:17:21,2171.2,2171.4,2171.6,41,3,28
9:17:22,2171.4,2171.4,2171.6,14,7,29
9:17:22,2171.4,2171.4,2171.6,38,4,3
9:17:23,2171.4,2171.4,2171.8,12,14,30
9:17:23,2171.4,2171.4,2171.6,17,6,2
9:17:24,2171.6,2171.6,2171.8,12,2,29
9:17:24,2171.6,2171.6,2171.8,2,12,34
9:17:25,2171.6,2171.6,2171.8,17,3,27
9:17:25,2171.6,2171.6,2171.8,9,1,21
9:17:26,2171.8,2171.4,2171.8,10,10,14
9:17:26,2171.6,2171.4,2171.6,8,10,15
9:17:27,2171.4,2171.4,2171.6,14,31,6
9:17:27,2171.6,2171.4,2171.6,14,16,8
9:17:28,2171.6,2171.6,2171.8,30,28,14
9:17:28,2171.6,2171.6,2171.8,15,20,17
9:17:29,2171.8,2171.6,2171.8,3,24,16
9:17:29,2171.8,2171.6,2171.8,5,24,18
9:17:30,2171.6,2171.6,2171.8,12,16,19
9:17:30,2171.8,2171.8,2172,21,3,22
9:17:31,2171.6,2171.6,2171.8,6,17,3
9:17:31,2171.8,2171.8,2172,4,9,25
9:17:32,2171.8,2171.8,2172,6,4,25
9:17:32,2171.8,2171.6,2171.8,19,16,29
9:17:33,2171.8,2171.8,2172,42,9,22
9:17:33,2172,2171.8,2172,9,14,21
9:17:34,2171.8,2171.8,2172,13,11,21
9:17:34,2172,2171.8,2172,5,9,27
9:17:35,2172,2171.8,2172,9,9,33
9:17:35,2171.8,2171.8,2172,10,10,26
9:17:36,2171.8,2171.8,2172,9,8,20
9:17:36,2172,2171.8,2172,5,8,17
9:17:37,2172,2171.8,2172,18,22,3
9:17:37,2172,2172,2172.2,3,28,54
9:17:38,2172,2172,2172.2,48,8,54
9:17:38,2171.8,2171.8,2172,11,19,7
9:17:39,2172,2171.8,2172,8,8,3
9:17:39,2172,2171.8,2172,5,7,7
9:17:40,2172,2171.8,2172,11,2,8
9:17:40,2171.8,2171.8,2172,1,1,12
9:17:41,2172,2171.8,2172,2,3,12
9:17:41,2172,2171.8,2172,6,1,14
9:17:42,2172,2171.6,2171.8,5,40,1
9:17:42,2171.8,2171.6,2171.8,7,39,2
9:17:43,2171.8,2171.8,2172,5,12,15
9:17:43,2171.8,2171.8,2172,4,9,22
9:17:44,2171.8,2171.6,2171.8,14,40,6
9:17:44,2172,2171.6,2172,10,40,20
9:17:45,2171.8,2171.8,2172,1,1,20
9:17:46,2171.8,2171.8,2172,2,2,24
9:17:46,2171.8,2171.8,2172,3,7,25
9:17:47,2171.8,2171.8,2172,3,6,27
9:17:47,2172,2171.8,2172,3,17,25
9:17:48,2171.8,2171.6,2171.8,44,50,5
9:17:49,2171.8,2171.8,2172,7,1,24
9:17:49,2171.8,2171.8,2172,5,4,32
9:17:50,2171.8,2171.6,2171.8,4,50,7
9:17:50,2171.8,2171.8,2172,7,2,43
9:17:51,2171.8,2171.6,2171.8,10,61,1
9:17:51,2171.8,2171.8,2172,3,2,40
9:17:52,2172,2171.8,2172,3,4,38
9:17:52,2172,2171.8,2172,4,12,59
9:17:53,2172,2171.8,2172,16,11,44
9:17:54,2171.8,2171.8,2172,1,37,49
9:17:54,2172,2171.8,2172,11,28,48
9:17:55,2172,2171.8,2172,40,37,8
9:17:55,2172,2172,2172.2,11,10,40
9:17:56,2172,2172,2172.2,4,17,39
9:17:56,2172,2172,2172.2,15,8,39
9:17:57,2172,2172,2172.2,34,4,38
9:17:57,2171.8,2172,2172.2,12,1,60
9:17:58,2172,2171.8,2172,2,14,3
9:17:58,2171.8,2171.8,2172,8,11,6
9:17:59,2171.8,2171.8,2172,3,10,9
9:17:59,2172,2171.6,2172,16,59,10
9:18:00,2172,2172,2172.2,18,12,65
9:18:00,2172,2172,2172.2,16,2,115
9:18:01,2171.8,2171.8,2172,6,3,12
9:18:01,2171.6,2171.6,2171.8,14,58,2
9:18:02,2171.8,2171.6,2171.8,14,52,24
9:18:02,2171.8,2171.6,2171.8,8,54,13
9:18:03,2171.8,2171.6,2171.8,55,10,7
9:18:03,2171.8,2171.8,2172,8,5,41
9:18:04,2171.8,2171.4,2171.8,18,23,28
9:18:04,2171.8,2171.6,2171.8,2,2,27
9:18:05,2171.6,2171.4,2171.8,8,28,30
9:18:05,2171.4,2171.4,2171.6,12,17,20
9:18:06,2171.4,2171.2,2171.4,30,81,11
9:18:06,2171.4,2171.2,2171.4,15,68,14
9:18:07,2171.4,2171.2,2171.4,21,51,11
9:18:07,2171.2,2171.2,2171.4,8,45,9
9:18:08,2171.2,2171.2,2171.4,16,36,2
9:18:08,2171.4,2171.4,2171.6,13,3,42
9:18:09,2171.2,2171.4,2171.6,11,7,43
9:18:09,2171.2,2171.2,2171.4,13,32,2
9:18:10,2171.4,2171.4,2171.6,13,7,41
9:18:10,2171.4,2171.4,2171.6,23,6,41
9:18:11,2171.4,2171.4,2171.6,7,5,40
9:18:11,2171.4,2171.4,2171.6,6,11,37
9:18:12,2171.6,2171.4,2171.6,3,25,47
9:18:12,2171.6,2171.4,2171.6,14,20,42
9:18:13,2171.4,2171.4,2171.6,48,14,7
9:18:13,2171.6,2171.6,2171.8,21,2,18
9:18:14,2171.6,2171.6,2171.8,4,8,31
9:18:14,2171.6,2171.6,2171.8,37,11,5
9:18:15,2171.6,2171.6,2171.8,1,13,6
9:18:15,2171.8,2171.6,2171.8,14,1,5
9:18:16,2171.4,2171.6,2171.8,6,1,10
9:18:16,2171.4,2171.4,2171.6,13,5,26
9:18:17,2171.6,2171.4,2171.6,4,3,26
9:18:17,2171.4,2171.4,2171.6,5,1,29
9:18:18,2171.4,2171.2,2171.4,6,61,5
9:18:18,2171.4,2171.2,2171.4,5,60,2
9:18:19,2171.4,2171.2,2171.4,5,59,19
9:18:19,2171.2,2171.2,2171.4,6,54,20
9:18:20,2171.4,2171.2,2171.4,47,13,29
9:18:20,2171.2,2171,2171.2,15,129,25
9:18:21,2171.2,2171,2171.2,35,97,27
9:18:21,2171,2171,2171.2,4,96,28
9:18:22,2171,2171,2171.2,69,30,26
9:18:22,2171,2170.8,2171,38,21,21
9:18:23,2170.8,2170.8,2171,18,22,23
9:18:23,2170.8,2170.6,2170.8,29,27,4
9:18:24,2170.6,2170.6,2170.8,23,96,1
9:18:24,2170.6,2170.6,2170.8,47,61,1
9:18:25,2170.6,2170.6,2171,73,38,33
9:18:25,2170.6,2170.8,2171,16,3,29
9:18:26,2170.6,2170.6,2170.8,13,29,1
9:18:26,2170.6,2170.8,2171,14,2,22
9:18:27,2171,2170.8,2171,10,3,18
9:18:27,2171,2170.8,2171.4,29,18,26
9:18:28,2171.4,2170.8,2171,4,19,20
9:18:28,2171,2170.8,2171,20,21,2
9:18:29,2170.8,2171,2171.4,15,1,21
9:18:29,2171.4,2171,2171.2,2,22,1
9:18:30,2171.4,2171.2,2171.4,12,1,27
9:18:30,2171,2171,2171.4,4,20,27
9:18:31,2171,2171,2171.4,17,26,38
9:18:31,2170.8,2170.8,2171.4,42,8,37
9:18:32,2171.4,2171,2171.4,10,13,36
9:18:32,2171.4,2171,2171.2,2,13,19
9:18:33,2171,2171,2171.2,10,5,18
9:18:33,2171,2170.8,2171,9,9,20
9:18:34,2171,2170.8,2171,6,22,20
9:18:34,2170.8,2170.8,2171,8,15,27
9:18:35,2171,2170.8,2171,9,14,24
9:18:35,2171,2170.8,2171,3,16,33
9:18:36,2171,2170.8,2171,7,16,28
9:18:36,2171,2170.8,2171,15,11,20
9:18:37,2171,2170.8,2171,18,6,8
9:18:37,2171.2,2171,2171.2,15,7,5
9:18:38,2171.2,2171.2,2171.4,7,13,40
9:18:38,2171.2,2171.2,2171.4,4,11,40
9:18:39,2171,2171,2171.4,26,17,28
9:18:39,2171.2,2171,2171.2,2,16,9
9:18:40,2171.4,2171,2171.4,21,20,19
9:18:40,2171,2171,2171.4,6,17,20
9:18:41,2171,2171,2171.2,5,13,9
9:18:41,2171,2171,2171.2,15,2,9
9:18:42,2171.2,2171,2171.2,2,3,10
9:18:42,2171,2171,2171.2,5,4,10
9:18:43,2171,2171,2171.2,2,26,8
9:18:43,2171,2171,2171.2,2,28,11
9:18:44,2171,2170.8,2171,31,30,1
9:18:44,2170.8,2171,2171.2,5,1,10
9:18:45,2171.2,2171.2,2171.4,16,17,28
9:18:45,2171.2,2171.2,2171.4,11,11,29
9:18:46,2171.4,2171.2,2171.4,1,11,48
9:18:46,2171.2,2171.2,2171.4,4,7,49
9:18:47,2171,2171,2171.2,19,6,9
9:18:47,2171,2171,2171.2,4,3,10
9:18:48,2171,2171,2171.2,5,4,13
9:18:48,2171.2,2170.8,2171,16,47,13
9:18:49,2171,2170.8,2171,9,51,5
9:18:49,2171,2170.8,2171.2,5,51,14
9:18:50,2170.8,2171,2171.2,2,1,14
9:18:50,2171.2,2171,2171.2,5,26,15
9:18:51,2171,2171,2171.2,8,36,23
9:18:51,2171,2171,2171.2,8,31,21
9:18:52,2171,2171,2171.2,5,28,19
9:18:52,2171,2171,2171.2,2,27,21
9:18:53,2171.2,2171,2171.2,10,14,16
9:18:53,2171,2171,2171.2,6,10,15
9:18:54,2171.2,2171,2171.2,6,10,12
9:18:55,2171.2,2171,2171.2,3,10,13
9:18:55,2171.2,2171.2,2171.4,18,3,58
9:18:56,2171,2171,2171.2,6,15,17
9:18:56,2171,2171,2171.2,2,14,20
9:18:57,2171.2,2171,2171.2,6,14,14
9:18:57,2171.2,2171,2171.2,8,13,8
9:18:58,2171.2,2171,2171.2,1,14,8
9:18:58,2171.2,2171,2171.2,17,2,4
9:18:59,2171,2171,2171.2,3,2,4
9:19:00,2171.2,2171,2171.2,7,3,9
9:19:00,2171,2171,2171.2,14,3,11
9:19:01,2170.8,2170.8,2171.2,7,59,10
9:19:01,2171,2170.8,2171,14,61,4
9:19:02,2171,2170.8,2171,5,88,14
9:19:02,2170.8,2170.8,2171,11,85,58
9:19:03,2170.8,2170.8,2171,38,81,30
9:19:03,2171,2170.8,2171,12,73,31
9:19:04,2171,2170.8,2171,85,20,1
9:19:04,2170.8,2171,2171.2,34,11,22
9:19:05,2171,2171,2171.2,35,19,1
9:19:05,2170.8,2170.6,2170.8,27,77,3
9:19:06,2171,2170.8,2171,6,9,3
9:19:06,2171,2170.8,2171,9,16,9
9:19:07,2171,2170.8,2171,1,47,10
9:19:07,2171,2170.8,2171,2,79,10
9:19:08,2171,2171,2171.2,11,19,12
9:19:08,2171.2,2171,2171.2,20,11,1
9:19:09,2171,2171.2,2171.4,3,2,75
9:19:09,2171.2,2171.2,2171.4,6,1,71
9:19:10,2171.2,2171,2171.2,9,46,26
9:19:10,2171,2171,2171.2,16,44,22
9:19:11,2171.2,2171,2171.2,12,19,17
9:19:11,2171,2171,2171.2,11,22,12
9:19:12,2171,2171,2171.2,2,10,12
9:19:12,2171.2,2171.2,2171.4,15,6,69
9:19:13,2171.2,2171.2,2171.4,5,3,69
9:19:13,2171.2,2171,2171.2,37,24,4
9:19:14,2171.2,2171,2171.2,3,24,1
9:19:14,2171.2,2171.2,2171.4,6,2,68
9:19:15,2171.4,2171.2,2171.4,1,5,67
9:19:15,2171.4,2171.2,2171.4,12,14,55
9:19:16,2171.4,2171.2,2171.4,22,17,39
9:19:16,2171.4,2171.2,2171.4,32,47,7
9:19:17,2171.6,2171.4,2171.6,10,31,17
9:19:17,2171.8,2171.4,2171.6,47,36,1
9:19:18,2171.4,2171.6,2171.8,25,1,10
9:19:18,2171.8,2171.6,2171.8,8,3,2
9:19:19,2171.8,2171.6,2171.8,14,4,5
9:19:19,2171.8,2171.8,2172,7,6,91
9:19:20,2171.8,2171.8,2172,7,7,95
9:19:20,2171.8,2171.8,2172,5,10,96
9:19:21,2172,2171.8,2172,18,15,93
9:19:21,2171.8,2171.8,2172,8,13,88
9:19:22,2172,2171.8,2172,11,13,72
9:19:22,2172,2171.8,2172,10,12,63
9:19:23,2171.8,2171.8,2172,14,6,55
9:19:23,2172,2171.8,2172,9,3,49
9:19:24,2171.8,2171.6,2171.8,11,14,4
9:19:24,2172,2171.8,2172,10,1,50
9:19:25,2171.8,2171.6,2171.8,15,13,7
9:19:25,2171.8,2171.6,2171.8,10,11,3
9:19:26,2172,2171.8,2172,28,1,44
9:19:26,2171.8,2171.8,2172,6,3,45
9:19:27,2172,2171.8,2172,4,13,43
9:19:27,2172,2171.8,2172,3,15,38
9:19:28,2172,2171.8,2172,4,15,36
9:19:28,2172,2171.8,2172,1,21,35
9:19:29,2172,2171.8,2172,13,22,23
9:19:30,2172,2171.8,2172,18,26,15
9:19:30,2171.8,2171.8,2172,5,26,11
9:19:31,2172.2,2171.8,2172.2,14,26,41
9:19:31,2171.8,2171.8,2172,3,27,3
9:19:32,2172,2171.8,2172.2,7,25,43
9:19:32,2172,2172,2172.2,1,6,43
9:19:33,2172.2,2172,2172.2,1,8,45
9:19:33,2172,2172,2172.2,3,6,46
9:19:34,2172.2,2172,2172.2,10,6,38
9:19:34,2172.2,2172,2172.2,1,6,38
9:19:35,2172.2,2172,2172.2,7,6,34
9:19:35,2172,2171.8,2172,8,41,5
9:19:36,2171.8,2171.8,2172,4,39,5
9:19:36,2172,2171.8,2172,7,39,8
9:19:37,2171.8,2171.8,2172,8,37,9
9:19:37,2172,2171.8,2172,8,32,9
9:19:38,2172,2171.8,2172,9,29,9
9:19:38,2172,2171.8,2172,22,30,23
9:19:39,2172,2171.8,2172,2,32,51
9:19:39,2172,2171.8,2172,39,2,59
9:19:40,2171.6,2171.6,2171.8,7,15,8
9:19:40,2171.6,2171.4,2171.6,16,21,41
9:19:41,2171.6,2171.4,2171.6,17,13,32
9:19:41,2171.6,2171.4,2171.6,6,13,26
9:19:42,2171.6,2171.4,2171.6,3,28,25
9:19:42,2171.4,2171.4,2171.6,2,26,25
9:19:43,2171.6,2171.4,2171.6,9,26,16
9:19:43,2171.6,2171.4,2171.6,4,26,12
9:19:44,2171.6,2171.4,2171.6,6,26,8
9:19:44,2171.6,2171.4,2171.6,1,26,7
9:19:45,2171.4,2171.4,2171.6,1,25,7
9:19:45,2171.4,2171.4,2171.6,1,29,7
9:19:46,2171.6,2171.4,2171.6,2,31,5
9:19:46,2171.4,2171.4,2171.6,6,25,5
9:19:47,2171.4,2171.4,2171.6,22,7,2
9:19:47,2171.4,2171.4,2171.6,1,7,14
9:19:48,2171.6,2171.4,2171.6,11,6,8
9:19:48,2171.4,2171.4,2171.6,4,2,11
9:19:49,2171.6,2171.6,2171.8,11,6,20
9:19:49,2171.6,2171.6,2171.8,2,6,19
9:19:50,2171.8,2171.4,2171.8,10,3,17
9:19:50,2171.6,2171.6,2171.8,1,1,18
9:19:51,2171.8,2171.6,2171.8,10,1,18
9:19:51,2171.4,2171.2,2171.8,3,59,19
9:19:52,2171.6,2171.2,2171.6,2,59,3
9:19:52,2171.6,2171.4,2171.6,1,2,22
9:19:53,2171.6,2171.4,2171.6,1,5,21
9:19:53,2171.6,2171.4,2171.6,3,6,19
9:19:54,2171.6,2171.4,2171.6,2,5,19
9:19:55,2171.4,2171.4,2171.6,5,1,22
9:19:55,2171.4,2171.2,2171.4,3,60,1
9:19:56,2171.4,2171.2,2171.4,5,59,1
9:19:56,2171.2,2171.2,2171.6,9,53,22
9:19:57,2171.2,2171.2,2171.4,7,53,1
9:19:57,2171.4,2171.2,2171.6,3,51,16
9:19:58,2171.6,2171.4,2171.6,8,2,16
9:19:59,2171.4,2171.4,2171.6,2,6,15
9:19:59,2171.6,2171.4,2171.6,7,4,11
9:20:00,2171.4,2171.4,2171.6,5,1,13
9:20:00,2171.4,2171.4,2171.6,16,11,10
9:20:01,2171.2,2171.2,2171.4,63,21,6
9:20:01,2171.4,2171.2,2171.4,11,18,19
9:20:02,2171,2171,2171.4,20,100,19
9:20:02,2171,2171,2171.2,10,94,28
9:20:03,2171.2,2171,2171.2,28,69,26
9:20:03,2171,2171,2171.2,46,61,5
9:20:04,2171,2171,2171.4,36,24,21
9:20:04,2171,2171,2171.4,4,22,21
9:20:05,2171,2171,2171.2,7,15,15
9:20:05,2171,2170.8,2171,18,136,31
9:20:06,2170.8,2170.8,2171,6,135,33
9:20:06,2170.8,2170.8,2171,28,110,31
9:20:07,2170.8,2170.8,2171,35,95,15
9:20:07,2170.8,2170.8,2171,21,68,18
9:20:08,2171,2170.8,2171,4,66,24
9:20:08,2170.8,2170.8,2171,10,60,22
9:20:09,2170.8,2170.8,2171,12,52,25
9:20:09,2170.8,2170.8,2171,5,47,26
9:20:10,2170.8,2170.8,2171,10,39,25
9:20:10,2171,2170.8,2171,23,17,26
9:20:11,2171,2170.8,2171,11,11,19
9:20:11,2170.8,2170.8,2171,8,26,21
9:20:12,2170.8,2170.8,2171,10,16,22
9:20:12,2170.8,2170.8,2171,10,7,34
9:20:13,2171,2170.6,2171,8,86,33
9:20:13,2170.6,2170.6,2170.8,21,73,8
9:20:14,2170.6,2170.6,2171,26,63,38
9:20:14,2170.8,2170.6,2170.8,37,27,4
9:20:15,2170.8,2170.6,2170.8,50,16,30
9:20:15,2170.6,2170.6,2170.8,40,8,48
9:20:16,2170.6,2170.4,2170.6,23,50,42
9:20:16,2170.4,2170.4,2170.6,43,17,35
9:20:17,2170.4,2170.2,2170.6,40,124,37
9:20:17,2170.6,2170.2,2170.6,35,104,38
9:20:18,2170.2,2170.2,2170.6,46,111,31
9:20:18,2170.6,2170.4,2170.6,50,3,27
9:20:19,2170.2,2170.2,2170.6,26,95,13
9:20:19,2170.2,2170.4,2170.6,22,47,8
9:20:20,2170.6,2170.4,2170.6,35,70,9
9:20:20,2170.6,2170.6,2170.8,20,92,16
9:20:21,2170.8,2170.8,2171,46,13,79
9:20:21,2170.8,2170.8,2171,23,9,71
9:20:22,2170.8,2170.8,2171,12,32,70
9:20:22,2170.8,2170.8,2171,9,13,70
9:20:23,2170.8,2170.8,2171,3,12,76
9:20:23,2170.8,2170.8,2171,14,9,65
9:20:24,2171,2170.6,2170.8,15,30,3
9:20:24,2171,2170.6,2170.8,1,35,2
9:20:25,2170.8,2170.8,2171,27,58,58
9:20:25,2170.8,2170.8,2171,7,53,65
9:20:26,2171,2170.8,2171,1,53,65
9:20:26,2170.8,2170.8,2171,24,55,48
9:20:27,2171,2170.8,2171,4,67,48
9:20:27,2170.8,2170.8,2171,16,65,34
9:20:28,2171,2170.8,2171,36,63,3
9:20:28,2171,2170.8,2171,5,61,1
9:20:29,2171,2170.8,2171,5,59,28
9:20:29,2171,2170.8,2171,3,59,26
9:20:30,2171,2170.8,2171,5,44,28
9:20:30,2171,2170.8,2171,30,41,1
9:20:31,2171,2171,2171.2,1,6,14
9:20:31,2171.2,2171,2171.2,2,8,12
9:20:32,2171.2,2171,2171.2,4,6,10
9:20:32,2171.2,2171,2171.2,6,7,5
9:20:33,2171.2,2171,2171.2,1,11,4
9:20:33,2171.2,2171,2171.2,2,14,5
9:20:34,2171.2,2171,2171.2,5,12,4
9:20:35,2171.2,2171,2171.2,11,4,24
9:20:35,2171,2171,2171.2,1,8,24
9:20:36,2171.2,2171,2171.2,25,3,4
9:20:36,2171,2170.8,2171,5,34,1
9:20:37,2171.2,2170.8,2171,4,34,1
9:20:37,2171.2,2171,2171.2,4,24,2
9:20:38,2171,2171,2171.2,2,25,3
9:20:38,2171,2171,2171.2,5,21,3
9:20:39,2171,2171,2171.4,5,21,42
9:20:39,2171.4,2171,2171.4,5,24,40
9:20:40,2171,2171,2171.2,2,23,3
9:20:40,2171,2171,2171.2,8,15,3
9:20:41,2171.2,2171,2171.2,3,14,19
9:20:41,2171.2,2171,2171.2,3,14,16
9:20:42,2171.2,2171,2171.2,11,24,14
9:20:42,2171.2,2171,2171.2,4,24,10
9:20:43,2171.2,2171,2171.2,12,24,2
9:20:43,2171,2171,2171.2,1,25,2
9:20:44,2171.2,2171,2171.2,1,27,4
9:20:45,2171,2171,2171.2,5,26,3
9:20:45,2171.2,2171,2171.2,7,31,6
9:20:46,2171.2,2171,2171.2,1,31,5
9:20:46,2171.2,2171,2171.2,1,36,4
9:20:47,2171,2171,2171.4,15,34,45
9:20:47,2171.4,2171.2,2171.4,3,1,43
9:20:48,2171.2,2171.2,2171.4,2,2,43
9:20:48,2171.2,2171.2,2171.4,9,34,37
9:20:49,2171.4,2171.2,2171.4,11,57,31
9:20:49,2171.4,2171.2,2171.4,7,53,34
9:20:50,2171.2,2171.2,2171.4,15,52,20
9:20:50,2171.4,2171.2,2171.4,13,51,9
9:20:51,2171.4,2171.2,2171.4,5,51,4
9:20:51,2171.4,2171.4,2171.6,7,9,31
9:20:52,2171.4,2171.4,2171.6,1,12,38
9:20:52,2171.6,2171.4,2171.6,1,14,37
9:20:53,2171.6,2171.4,2171.6,4,14,34
9:20:53,2171.4,2171.4,2171.6,13,8,32
9:20:54,2171.6,2171.4,2171.6,4,10,30
9:20:54,2171.4,2171.4,2171.6,5,6,30
9:20:55,2171.6,2171.4,2171.6,8,7,22
9:20:55,2171.6,2171.4,2171.6,6,6,23
9:20:56,2171.6,2171.4,2171.6,4,6,24
9:20:56,2171.6,2171.4,2171.6,3,6,22
9:20:57,2171.4,2171.4,2171.6,2,7,21
9:20:57,2171.6,2171.4,2171.6,7,11,15
9:20:58,2171.6,2171.4,2171.6,3,11,12
9:20:58,2171.6,2171.4,2171.6,1,11,18
9:20:59,2171.6,2171.4,2171.6,1,11,17
9:20:59,2171.6,2171.4,2171.6,7,14,22
9:21:00,2171.6,2171.4,2171.6,12,13,13
9:21:00,2171.4,2171.4,2171.6,5,9,12
9:21:01,2171.4,2171.4,2171.6,2,13,17
9:21:01,2171.6,2171.4,2171.6,9,7,27
9:21:02,2171.4,2171.2,2171.4,30,40,1
9:21:02,2171.2,2171.4,2171.6,4,3,19
9:21:03,2171.6,2171.4,2171.6,4,2,22
9:21:03,2171.4,2171.2,2171.6,4,42,22
9:21:04,2171.6,2171.4,2171.6,9,2,15
9:21:04,2171.6,2171.4,2171.6,3,2,12
9:21:05,2171.6,2171.4,2171.6,4,36,11
9:21:05,2171.6,2171.4,2171.6,3,44,10
9:21:06,2171.6,2171.6,2171.8,22,32,49
9:21:06,2171.6,2171.6,2171.8,2,34,49
9:21:07,2171.6,2171.6,2171.8,19,31,33
9:21:07,2171.6,2171.6,2171.8,14,12,31
9:21:08,2171.6,2171.4,2171.6,15,18,7
9:21:08,2171.6,2171.4,2171.6,5,18,2
9:21:09,2171.4,2171.4,2171.6,3,5,16
9:21:09,2171.4,2171.2,2171.4,14,40,1
9:21:10,2171.4,2171.2,2171.6,4,41,34
9:21:10,2171.4,2171.4,2171.6,5,5,41
9:21:11,2171.6,2171.4,2171.6,4,5,40
9:21:11,2171.4,2171.4,2171.6,3,3,40
9:21:12,2171.4,2171.4,2171.6,3,2,40
9:21:12,2171.4,2171.4,2171.6,1,1,40
9:21:13,2171.6,2171.4,2171.6,6,28,37
9:21:14,2171.4,2171.2,2171.4,41,43,1
9:21:14,2171.2,2171.2,2171.4,1,44,1
9:21:15,2171.4,2171.2,2171.4,3,43,1
9:21:15,2171.2,2171.2,2171.6,5,39,34
9:21:16,2171.4,2171.4,2171.6,1,1,34
9:21:16,2171.2,2171.4,2171.6,5,1,37
9:21:17,2171.4,2171.4,2171.6,4,4,39
9:21:17,2171.4,2171.4,2171.6,1,4,40
9:21:18,2171.4,2171.2,2171.6,7,38,38
9:21:21,2171.4,2171.2,2171.4,1,43,16
9:21:22,2171.2,2171.2,2171.4,4,40,16
9:21:22,2171.4,2171.2,2171.4,5,38,14
9:21:23,2171.4,2171.2,2171.4,10,38,4
9:21:23,2171.2,2171.2,2171.4,3,37,4
9:21:24,2171.2,2171.2,2171.4,22,17,3
9:21:24,2171.2,2171.2,2171.4,4,13,3
9:21:25,2171.2,2171.2,2171.4,5,10,38
9:21:25,2171.2,2171.2,2171.4,1,9,44
9:21:26,2171.2,2171,2171.2,9,53,40
9:21:26,2171.2,2171,2171.2,10,46,55
9:21:27,2171,2171,2171.2,10,35,56
9:21:27,2171,2171,2171.2,2,35,56
9:21:28,2171,2171,2171.2,10,24,56
9:21:28,2171,2171,2171.2,1,23,56
9:21:29,2171,2171,2171.2,2,21,31
9:21:29,2171.2,2171,2171.2,5,19,31
9:21:30,2171,2171,2171.2,14,6,30
9:21:31,2171,2171,2171.2,3,8,29
9:21:31,2171,2171,2171.2,7,2,28
9:21:32,2171.2,2171,2171.2,3,12,26
9:21:32,2171,2171,2171.2,11,5,26
9:21:33,2171,2171,2171.2,1,16,28
9:21:33,2171,2171,2171.2,2,36,27
9:21:34,2171,2171,2171.2,2,37,28
9:21:35,2171,2171,2171.2,2,35,21
9:21:35,2171,2171,2171.2,17,34,9
9:21:36,2171,2171,2171.2,1,34,9
9:21:37,2171,2171,2171.2,9,31,3
9:21:38,2171,2171,2171.2,6,28,4
9:21:38,2171,2171,2171.2,2,26,4
9:21:39,2171,2171,2171.2,10,16,4
9:21:39,2171.2,2171,2171.2,7,10,7
9:21:40,2171,2171,2171.2,1,9,7
9:21:40,2171.2,2171,2171.2,2,9,11
9:21:41,2171,2170.8,2171,11,53,1
9:21:41,2171,2170.8,2171,1,54,10
9:21:42,2171,2170.8,2171,2,60,13
9:21:42,2170.8,2170.8,2171,4,59,22
9:21:43,2170.8,2170.8,2171,4,55,28
9:21:43,2170.8,2170.8,2171,57,4,22
9:21:44,2170.8,2170.8,2171,2,3,23
9:21:44,2170.8,2170.6,2170.8,6,82,2
9:21:45,2170.6,2170.6,2170.8,4,80,2
9:21:45,2170.8,2170.8,2171,17,5,8
9:21:46,2170.8,2170.8,2171,1,5,9
9:21:46,2170.8,2170.8,2171,2,15,9
9:21:47,2170.8,2170.8,2171,6,15,8
9:21:47,2170.8,2170.8,2171,1,17,9
9:21:48,2170.8,2170.8,2171,22,5,1
9:21:48,2170.6,2170.6,2171,8,82,2
9:21:49,2171,2170.6,2171,1,82,7
9:21:49,2170.8,2170.6,2170.8,3,81,1
9:21:50,2170.8,2170.8,2171,3,1,11
9:21:50,2170.6,2170.6,2171,5,79,12
9:21:51,2171,2170.8,2171.2,21,1,9
9:21:52,2171,2170.8,2171,6,2,1
9:21:52,2170.6,2170.8,2171,16,3,2
9:21:53,2170.6,2170.6,2170.8,6,72,3
9:21:53,2170.8,2170.8,2171,8,14,2
9:21:54,2170.8,2170.8,2171.2,15,22,9
9:21:54,2170.8,2170.8,2171,6,16,6
9:21:55,2171,2171,2171.2,9,13,9
9:21:55,2170.8,2170.8,2171.2,18,9,8
9:21:56,2170.8,2170.8,2171,2,7,2
9:21:56,2171,2170.8,2171,4,4,1
9:21:57,2171,2170.8,2171.2,6,2,9
9:21:57,2171.2,2170.8,2171.2,3,2,7
9:21:58,2171.2,2170.8,2171.2,1,3,8
9:21:58,2170.8,2170.8,2171,1,5,13
9:21:59,2171,2170.8,2171,2,17,12
9:21:59,2170.8,2170.8,2171,5,15,12
9:22:00,2170.8,2170.8,2171,11,10,10
9:22:00,2170.8,2170.8,2171,9,8,14
9:22:01,2171,2170.6,2171,19,97,9
9:22:01,2171,2170.6,2171,12,90,7
9:22:02,2171,2171,2171.2,15,2,13
9:22:02,2171,2171,2171.2,5,5,10
9:22:03,2171,2171,2171.2,5,2,10
9:22:03,2171,2170.8,2171,5,18,7
9:22:04,2171,2170.8,2171,5,20,3
9:22:04,2170.8,2171,2171.2,25,6,19
9:22:05,2171.2,2171,2171.2,1,9,19
9:22:05,2171,2171,2171.2,2,8,19
9:22:06,2171,2170.8,2171,16,10,3
9:22:07,2171.2,2170.8,2171.2,13,10,10
9:22:07,2170.8,2170.8,2171.2,4,8,9
9:22:08,2171.2,2171,2171.2,2,22,8
9:22:08,2171.2,2171,2171.2,5,19,6
9:22:09,2171,2171,2171.2,4,17,6
9:22:10,2171.2,2171,2171.2,1,21,7
9:22:10,2171,2171,2171.2,4,24,6
9:22:11,2171,2171,2171.2,2,26,5
9:22:11,2171.2,2171.2,2171.4,5,1,34
9:22:12,2171,2170.8,2171,31,20,14
9:22:12,2170.8,2170.8,2171,6,21,9
9:22:13,2171.2,2171.2,2171.4,11,5,47
9:22:13,2171.2,2171,2171.4,7,1,47
9:22:14,2171,2170.8,2171.2,4,21,4
9:22:14,2171,2170.8,2171.2,1,21,4
9:22:15,2171,2170.8,2171.2,1,30,23
9:22:16,2171,2170.8,2171.2,1,30,26
9:22:17,2171,2170.8,2171,23,32,8
9:22:17,2171,2170.8,2171,2,31,26
9:22:18,2170.8,2170.8,2171,7,26,29
9:22:18,2170.8,2170.8,2171,6,25,24
9:22:19,2170.8,2170.8,2171,2,26,23
9:22:19,2170.8,2170.6,2170.8,28,111,9
9:22:20,2171,2170.8,2171,11,1,21
9:22:20,2170.8,2170.6,2170.8,7,111,2
9:22:21,2170.8,2170.6,2170.8,24,89,1
9:22:22,2170.6,2170.6,2170.8,17,75,23
9:22:22,2170.6,2170.6,2170.8,67,9,28
9:22:23,2170.4,2170.4,2170.6,23,62,85
9:22:23,2170.4,2170.4,2170.6,37,29,80
9:22:24,2170.4,2170.2,2170.4,56,93,55
9:22:24,2170.2,2170.2,2170.4,53,68,44
9:22:25,2170.2,2170.2,2170.4,34,57,25
9:22:25,2170.2,2170.2,2170.4,8,65,29
9:22:26,2170.2,2170.2,2170.4,11,58,26
9:22:26,2170.4,2170.2,2170.4,17,58,13
9:22:27,2170.4,2170.4,2170.6,15,10,16
9:22:27,2170.6,2170.6,2170.8,35,5,2
9:22:28,2170.4,2170.4,2170.8,8,19,3
9:22:28,2170.8,2170.6,2170.8,9,10,1
9:22:29,2170.6,2170.6,2170.8,5,9,1
9:22:29,2170.6,2170.6,2170.8,4,14,8
9:22:30,2170.6,2170.6,2170.8,4,12,8
9:22:30,2170.6,2170.6,2170.8,2,10,8
9:22:31,2170.6,2170.6,2170.8,11,2,8
9:22:32,2171,2170.8,2171,20,10,5
9:22:32,2170.8,2170.8,2171,10,1,6
9:22:33,2170.8,2170.6,2170.8,2,9,4
9:22:33,2170.8,2170.6,2170.8,4,9,1
9:22:34,2170.6,2170.6,2170.8,2,7,2
9:22:34,2170.8,2170.8,2171,8,1,9
9:22:35,2170.8,2170.6,2171,1,2,9
9:22:36,2170.6,2170.8,2171,1,1,11
9:22:36,2171,2170.8,2171,10,1,10
9:22:37,2171,2170.8,2171,5,2,6
9:22:37,2171,2170.8,2171,4,3,4
9:22:38,2171.2,2171,2171.2,15,1,13
9:22:38,2171,2170.8,2171,3,6,6
9:22:39,2171,2170.8,2171,2,10,5
9:22:40,2171,2171,2171.2,5,4,11
9:22:41,2171.2,2171.2,2171.4,14,6,52
9:22:42,2171.4,2171.2,2171.4,4,15,48
9:22:42,2171.4,2171.2,2171.4,4,24,46
9:22:43,2171.4,2171.2,2171.4,1,22,44
9:22:43,2171.2,2171.2,2171.4,5,20,43
9:22:44,2171.4,2171.2,2171.4,27,20,16
9:22:44,2171.6,2171.2,2171.6,35,19,32
9:22:45,2171.6,2171.4,2171.6,52,1,4
9:22:45,2171.8,2171.4,2171.8,7,13,68
9:22:46,2171.4,2171.4,2171.8,8,13,67
9:22:46,2171.8,2171.4,2171.6,32,13,2
9:22:47,2171.6,2171.6,2171.8,3,1,42
9:22:47,2171.6,2171.4,2171.6,5,13,5
9:22:48,2171.6,2171.4,2171.6,2,24,3
9:22:48,2171.8,2171.6,2171.8,8,1,44
9:22:49,2171.8,2171.6,2171.8,11,4,33
9:22:49,2171.6,2171.6,2171.8,24,15,24
9:22:50,2171.8,2171.6,2171.8,16,12,34
9:22:50,2171.8,2171.6,2171.8,21,14,20
9:22:51,2171.8,2171.8,2172,22,7,74
9:22:51,2171.8,2171.8,2172,6,9,70
9:22:52,2171.8,2171.8,2172,5,21,68
9:22:52,2172,2171.8,2172,8,20,66
9:22:53,2172,2171.8,2172,2,19,66
9:22:53,2172,2171.8,2172,15,20,51
9:22:54,2172,2171.8,2172,13,15,43
9:22:54,2172,2171.8,2172,7,14,43
9:22:55,2171.8,2171.8,2172,18,8,37
9:22:55,2171.8,2171.6,2171.8,16,9,18
9:22:56,2171.8,2171.6,2171.8,2,9,25
9:22:56,2171.8,2171.6,2171.8,4,9,24
9:22:57,2171.8,2171.6,2171.8,6,9,18
9:22:57,2171.8,2171.6,2171.8,1,9,18
9:22:58,2171.8,2171.6,2171.8,4,8,17
9:22:58,2171.8,2171.6,2171.8,8,7,10
9:22:59,2171.6,2171.6,2171.8,4,5,8
9:22:59,2171.8,2171.6,2171.8,2,5,6
9:23:00,2171.8,2171.6,2171.8,2,6,6
9:23:00,2171.6,2171.6,2171.8,4,4,7
9:23:01,2171.4,2171.4,2171.6,5,16,1
9:23:01,2171.8,2171.4,2171.8,5,17,21
9:23:02,2171.4,2171.4,2171.8,2,17,44
9:23:02,2171.4,2171.4,2171.6,3,16,2
9:23:03,2171.6,2171.6,2171.8,4,39,49
9:23:03,2171.6,2171.6,2171.8,1,38,51
9:23:04,2171.6,2171.6,2171.8,2,40,52
9:23:04,2171.6,2171.6,2171.8,4,38,52
9:23:05,2171.6,2171.6,2171.8,5,36,50
9:23:05,2171.6,2171.6,2171.8,7,32,48
9:23:06,2171.6,2171.6,2171.8,2,30,48
9:23:06,2171.8,2171.6,2171.8,6,30,43
9:23:07,2171.6,2171.6,2171.8,4,27,43
9:23:07,2171.8,2171.6,2171.8,4,38,40
9:23:08,2171.8,2171.6,2171.8,10,30,40
9:23:08,2171.8,2171.6,2171.8,6,25,46
9:23:09,2171.8,2171.6,2171.8,11,25,37
9:23:09,2171.8,2171.6,2171.8,9,22,33
9:23:10,2171.8,2171.6,2171.8,7,25,29
9:23:10,2171.8,2171.6,2171.8,1,41,29
9:23:11,2171.6,2171.4,2171.6,47,13,3
9:23:11,2171.6,2171.6,2171.8,4,10,32
9:23:12,2171.8,2171.6,2171.8,1,9,31
9:23:13,2171.4,2171.2,2171.4,29,14,21
9:23:13,2171.4,2171.2,2171.4,5,14,16
9:23:14,2171.2,2171.2,2171.4,3,15,16
9:23:14,2171.4,2171.2,2171.4,5,16,11
9:23:15,2171.2,2171.2,2171.4,1,16,11
9:23:15,2171.2,2171.2,2171.4,2,15,12
9:23:16,2171.2,2171.2,2171.4,7,14,6
9:23:16,2171.4,2171.2,2171.4,6,12,2
9:23:17,2171.2,2171.2,2171.4,1,11,2
9:23:17,2171.2,2171.2,2171.4,1,10,1
9:23:18,2171.2,2171.2,2171.4,1,11,3
9:23:19,2171.4,2171.2,2171.4,6,12,1
9:23:19,2171.2,2171.2,2171.6,3,10,13
9:23:20,2171.2,2171.2,2171.4,1,19,19
9:23:21,2171.2,2171.2,2171.4,2,19,22
9:23:21,2171.4,2171.2,2171.4,6,19,16
9:23:22,2171.4,2171.2,2171.4,2,18,24
9:23:22,2171.4,2171.2,2171.4,2,17,23
9:23:23,2171.2,2171.2,2171.4,3,17,24
9:23:23,2171.2,2171.2,2171.4,1,16,24
9:23:24,2171.2,2171.2,2171.4,3,13,24
9:23:24,2171.2,2171.2,2171.4,7,9,19
9:23:25,2171.2,2171.2,2171.4,10,6,18
9:23:26,2171.4,2171.2,2171.4,1,6,17
9:23:26,2171.2,2171.2,2171.4,11,1,11
9:23:27,2171.2,2171,2171.4,1,34,11
9:23:27,2171.2,2171,2171.4,7,34,5
9:23:28,2171,2171,2171.4,1,33,5
9:23:29,2171,2171,2171.4,1,33,9
9:23:29,2171.2,2171,2171.4,4,32,10
9:23:30,2171,2171,2171.2,5,27,1
9:23:30,2171,2171,2171.4,3,25,10
9:23:31,2171.4,2171,2171.4,5,23,7
9:23:31,2171,2171,2171.4,5,18,8
9:23:32,2171,2171,2171.4,7,11,10
9:23:32,2171.4,2171,2171.4,3,10,9
9:23:33,2171,2171,2171.4,9,2,9
9:23:33,2171.2,2171,2171.2,10,6,13
9:23:34,2171,2171,2171.2,10,3,26
9:23:35,2171,2171,2171.2,1,2,26
9:23:36,2171,2170.8,2171,3,21,2
9:23:36,2171,2170.8,2171,6,21,2
9:23:37,2170.8,2170.8,2171,2,24,4
9:23:38,2170.8,2170.8,2171,7,19,4
9:23:39,2170.8,2170.8,2171,3,18,5
9:23:39,2170.8,2170.8,2171,3,15,5
9:23:40,2171,2170.8,2171,5,14,8
9:23:41,2170.8,2170.8,2171,5,9,9
9:23:41,2170.8,2170.8,2171,1,9,13
9:23:42,2171,2170.8,2171,2,8,19
9:23:44,2170.8,2170.8,2171,27,24,3
9:23:44,2171,2170.8,2171,21,8,1
9:23:45,2171,2171,2171.2,2,1,23
9:23:45,2170.8,2171,2171.2,2,6,17
9:23:46,2171.2,2171,2171.2,1,18,16
9:23:48,2171.2,2171,2171.2,2,36,9
9:23:48,2171.2,2171.2,2171.4,11,6,26
9:23:49,2171.2,2171.2,2171.4,4,2,26
9:23:49,2171.2,2171.2,2171.4,2,2,28
9:23:50,2171.4,2171.2,2171.4,2,1,27
9:23:51,2171.2,2171,2171.4,2,35,31
9:23:51,2171,2171,2171.4,2,33,31
9:23:52,2171,2171,2171.2,1,33,1
9:23:52,2171.2,2171,2171.4,2,34,31
9:23:53,2171.2,2171,2171.2,2,34,10
9:23:53,2171.2,2171,2171.2,1,34,9
9:23:54,2171,2171,2171.2,5,33,5
9:23:55,2171.2,2171,2171.2,3,25,9
9:23:55,2171,2171,2171.2,1,24,20
9:23:56,2171,2171,2171.2,10,14,21
9:23:56,2171,2170.8,2171,24,26,18
9:23:57,2171,2170.8,2171,1,28,17
9:23:57,2170.8,2170.8,2171,6,24,16
9:23:58,2170.8,2170.8,2171,2,22,15
9:23:58,2171,2170.8,2171,20,21,3
9:23:59,2170.8,2170.8,2171,2,20,3
9:23:59,2170.8,2170.8,2171,5,18,3
9:24:00,2171,2171,2171.2,5,7,11
9:24:00,2171.2,2171,2171.2,9,2,10
9:24:01,2171.2,2170.8,2171.2,10,38,8
9:24:01,2170.8,2170.8,2171,11,41,3
9:24:02,2170.8,2170.8,2171,8,34,8
9:24:02,2171,2171,2171.2,11,10,10
9:24:03,2171.2,2171,2171.2,4,7,10
9:24:03,2171,2170.8,2171.2,11,25,7
9:24:04,2170.8,2170.8,2171.2,6,36,7
9:24:04,2170.8,2171,2171.2,11,2,6
9:24:05,2171.2,2171,2171.2,2,39,24
9:24:05,2171,2171,2171.2,6,38,28
9:24:06,2171.2,2171,2171.2,16,37,6
9:24:06,2171.2,2171.2,2171.4,9,7,37
9:24:07,2171.2,2171.2,2171.4,7,3,36
9:24:07,2171.2,2171.2,2171.4,2,1,37
9:24:08,2171.4,2171.2,2171.4,10,1,32
9:24:09,2171,2171,2171.2,2,41,2
9:24:10,2171.2,2171,2171.2,1,42,2
9:24:11,2171.4,2171,2171.4,4,50,44
9:24:12,2171.4,2171.2,2171.4,10,3,30
9:24:13,2171.4,2171.2,2171.4,2,4,28
9:24:13,2171.4,2171.2,2171.4,13,8,15
9:24:14,2171.4,2171.2,2171.4,11,11,7
9:24:14,2171.4,2171.2,2171.6,9,14,25
9:24:15,2171.2,2171.2,2171.4,16,38,5
9:24:15,2171.4,2171.2,2171.4,5,39,2
9:24:16,2171.6,2171.4,2171.6,3,2,13
9:24:16,2171.6,2171.4,2171.6,10,2,3
9:24:17,2171.6,2171.6,2171.8,6,18,73
9:24:17,2171.6,2171.6,2171.8,5,14,72
9:24:18,2171.8,2171.6,2171.8,2,15,70
9:24:18,2171.8,2171.6,2171.8,4,15,67
9:24:19,2171.6,2171.6,2171.8,7,13,62
9:24:19,2171.8,2171.6,2171.8,8,14,54
9:24:20,2171.8,2171.6,2171.8,7,13,50
9:24:20,2171.8,2171.6,2171.8,32,13,18
9:24:21,2171.8,2171.6,2171.8,1,14,18
9:24:21,2171.6,2171.6,2171.8,9,17,14
9:24:22,2171.8,2171.6,2171.8,3,17,11
9:24:22,2171.8,2171.6,2171.8,9,17,19
9:24:23,2171.8,2171.6,2171.8,9,10,12
9:24:24,2171.6,2171.6,2171.8,1,10,16
9:24:24,2171.8,2171.6,2171.8,12,9,14
9:24:25,2171.6,2171.6,2171.8,1,8,14
9:24:25,2171.6,2171.4,2171.6,13,10,4
9:24:26,2171.6,2171.4,2171.6,2,10,2
9:24:26,2171.8,2171.6,2171.8,13,1,14
9:24:27,2171.8,2171.6,2171.8,1,1,13
9:24:27,2171.8,2171.6,2171.8,3,2,11
9:24:28,2171.8,2171.8,2172,18,87,72
9:24:28,2171.8,2171.8,2172,31,84,53
9:24:29,2172,2171.8,2172,75,60,3
9:24:29,2172.2,2171.8,2172,11,59,2
9:24:30,2172.2,2172,2172.2,11,1,46
9:24:30,2172.2,2171.8,2172.2,22,58,32
9:24:31,2172.2,2171.8,2172,13,55,6
9:24:31,2172.2,2171.8,2172.2,14,51,21
9:24:32,2172,2171.8,2172,4,50,3
9:24:32,2172.2,2172,2172.2,17,3,24
9:24:33,2171.8,2171.8,2172,4,39,11
9:24:33,2172,2171.8,2172,7,36,20
9:24:34,2172,2171.8,2172,9,36,39
9:24:34,2171.8,2171.8,2172,34,5,56
9:24:35,2171.8,2171.6,2171.8,8,60,59
9:24:35,2171.8,2171.6,2171.8,8,58,64
9:24:36,2171.6,2171.6,2171.8,3,55,66
9:24:36,2171.6,2171.6,2171.8,24,42,88
9:24:37,2171.8,2171.6,2171.8,22,21,87
9:24:37,2171.6,2171.4,2171.6,24,13,20
9:24:38,2171.4,2171.4,2171.6,5,12,20
9:24:38,2171.6,2171.4,2171.6,3,12,19
9:24:39,2171.6,2171.4,2171.6,4,9,18
9:24:39,2171.4,2171.2,2171.4,13,11,1
9:24:40,2171.4,2171.2,2171.6,1,11,16
9:24:41,2171.4,2171.4,2171.6,1,3,18
9:24:42,2171.6,2171.4,2171.6,3,3,15
9:24:42,2171.4,2171.4,2171.6,1,3,16
9:24:43,2171.6,2171.4,2171.6,2,3,20
9:24:43,2171.6,2171.4,2171.6,6,8,15
9:24:45,2171.4,2171.2,2171.4,12,44,5
9:24:46,2171.2,2171.2,2171.4,1,43,6
9:24:47,2171.4,2171.2,2171.4,7,44,1
9:24:47,2171.4,2171.2,2171.4,1,44,1
9:24:48,2171.4,2171.2,2171.4,5,48,1
9:24:49,2171.4,2171.2,2171.4,1,49,3
9:24:49,2171.4,2171.2,2171.6,3,50,25
9:24:50,2171.6,2171.4,2171.6,1,4,24
9:24:51,2171.2,2171.2,2171.4,5,52,13
9:24:52,2171.4,2171.2,2171.4,1,54,13
9:24:52,2171.4,2171.2,2171.4,2,58,16
9:24:53,2171.4,2171.2,2171.4,6,63,30
9:24:53,2171.4,2171.2,2171.4,6,63,28
9:24:54,2171.2,2171.2,2171.4,12,53,27
9:24:54,2171.4,2171.2,2171.4,20,40,21
9:24:55,2171.4,2171.4,2171.6,21,6,26
9:24:55,2171.2,2171.2,2171.4,11,35,16
9:24:56,2171.2,2171.2,2171.4,2,33,16
9:24:56,2171.4,2171.2,2171.4,5,33,11
9:24:57,2171.2,2171.2,2171.4,6,36,11
9:24:57,2171.2,2171.2,2171.4,11,27,50
9:24:58,2171.2,2171.2,2171.4,5,23,80
9:24:58,2171.2,2171,2171.2,25,72,32
9:24:59,2171,2171,2171.2,17,58,39
9:24:59,2171,2171,2171.2,23,36,39
9:25:00,2171,2171,2171.2,51,14,30
9:25:00,2170.8,2170.8,2171,33,51,30
9:25:01,2170.8,2170.8,2171,12,48,74
9:25:01,2170.8,2170.8,2171,23,46,67
9:25:02,2170.8,2170.8,2171,44,14,60
9:25:02,2170.8,2170.6,2170.8,19,111,3
9:25:03,2170.6,2170.6,2170.8,9,104,5
9:25:03,2171,2170.6,2171,17,110,58
9:25:04,2170.6,2170.6,2170.8,17,94,1
9:25:04,2170.6,2170.6,2170.8,14,82,20
9:25:05,2170.6,2170.6,2170.8,34,49,25
9:25:05,2170.6,2170.6,2170.8,17,34,21
9:25:06,2170.6,2170.6,2170.8,37,1,21
9:25:06,2170.6,2170.4,2170.6,6,74,1
9:25:07,2170.4,2170.4,2170.6,5,71,7
9:25:07,2170.4,2170.6,2170.8,15,1,18
9:25:08,2170.6,2170.4,2170.6,12,72,2
9:25:08,2170.6,2170.6,2170.8,9,10,26
9:25:09,2170.4,2170.4,2170.6,24,57,17
9:25:09,2170.6,2170.4,2170.6,10,66,15
9:25:10,2170.4,2170.4,2170.6,10,63,12
9:25:10,2170.6,2170.4,2170.6,8,49,10
9:25:11,2170.4,2170.4,2170.6,27,30,10
9:25:11,2170.4,2170.2,2170.4,35,99,44
9:25:12,2170.2,2170.2,2170.4,31,77,38
9:25:12,2170.2,2170.2,2170.4,46,33,42
9:25:13,2170.2,2170.2,2170.4,42,2,38
9:25:13,2170.2,2170,2170.2,14,270,27
9:25:14,2170.2,2170,2170.2,28,257,27
9:25:14,2170,2170,2170.2,18,240,28
9:25:15,2170,2170,2170.2,60,187,27
9:25:15,2170,2170,2170.2,65,124,23
9:25:16,2170,2170,2170.2,77,54,24
9:25:16,2170,2169.8,2170,74,29,5
9:25:17,2169.8,2169.8,2170,41,4,22
9:25:17,2169.4,2169.4,2169.6,24,55,3
9:25:18,2169.4,2169.4,2169.8,78,40,35
9:25:18,2169.6,2169.2,2169.4,76,22,8
9:25:19,2169.4,2169.4,2169.8,54,10,49
9:25:19,2169.4,2169.4,2169.8,15,14,47
9:25:20,2169.4,2169.4,2169.8,37,42,37
9:25:20,2169.8,2169.8,2170,55,20,60
9:25:21,2170,2169.8,2170,29,17,62
9:25:21,2170,2169.8,2170,101,3,20
9:25:22,2170.2,2170,2170.2,32,8,12
9:25:22,2170,2170,2170.2,52,17,14
9:25:23,2170.2,2170,2170.2,8,17,16
9:25:23,2170.2,2170,2170.2,27,13,2
9:25:24,2170.2,2170.2,2170.4,6,12,32
9:25:24,2170.2,2170.2,2170.4,6,8,32
9:25:25,2170.2,2170.2,2170.4,13,9,21
9:25:25,2170.4,2170.2,2170.4,5,8,17
9:25:26,2170.4,2170.2,2170.4,10,1,14
9:25:26,2170.4,2170,2170.2,5,11,1
9:25:27,2170.4,2170.2,2170.4,7,2,27
9:25:27,2170.2,2170,2170.2,5,15,4
9:25:28,2170.2,2170,2170.4,17,4,26
9:25:28,2170,2170,2170.2,12,8,9
9:25:29,2170.2,2170,2170.2,2,7,14
9:25:29,2170,2170,2170.2,2,5,15
9:25:30,2170,2169.8,2170,14,30,4
9:25:30,2170,2170,2170.2,21,18,30
9:25:31,2170,2170,2170.2,5,17,29
9:25:31,2170,2170,2170.2,7,11,29
9:25:32,2170,2170,2170.2,12,10,25
9:25:32,2170,2170,2170.2,14,8,19
9:25:33,2170,2170,2170.2,6,3,39
9:25:33,2170,2169.8,2170.2,5,20,55
9:25:34,2170,2170,2170.2,7,14,53
9:25:34,2170,2170,2170.2,7,9,51
9:25:35,2170.2,2169.8,2170.2,18,37,46
9:25:35,2170.2,2170,2170.2,4,3,43
9:25:36,2170,2170,2170.2,7,18,44
9:25:36,2170,2170,2170.2,5,17,43
9:25:37,2170.2,2170,2170.2,18,40,25
9:25:37,2170.2,2170.2,2170.4,28,3,38
9:25:38,2170.4,2170.2,2170.4,34,7,16
9:25:38,2170.4,2170.2,2170.4,14,10,6
9:25:39,2170.2,2170,2170.2,25,62,3
9:25:39,2170.4,2170.4,2170.6,6,19,56
9:25:40,2170.4,2170.4,2170.6,10,15,58
9:25:40,2170.6,2170.4,2170.6,3,15,57
9:25:41,2170.4,2170.4,2170.6,1,14,64
9:25:41,2170.6,2170.4,2170.6,7,14,58
9:25:42,2170.4,2170.2,2170.4,17,12,22
9:25:42,2170.4,2170.2,2170.4,8,12,23
9:25:43,2170.4,2170.2,2170.4,3,12,31
9:25:43,2170.2,2170.2,2170.4,4,10,29
9:25:44,2170.4,2170.2,2170.4,2,9,34
9:25:44,2170.2,2170.2,2170.4,8,4,31
9:25:45,2170.2,2170,2170.2,7,41,2
9:25:45,2170.2,2170,2170.2,3,41,35
9:25:46,2170.2,2170,2170.2,20,33,26
9:25:46,2170.2,2170,2170.2,8,30,21
9:25:47,2170,2170,2170.2,12,28,16
9:25:48,2170.2,2170,2170.2,22,10,16
9:25:48,2170.2,2170,2170.2,7,8,18
9:25:49,2170,2170,2170.2,1,10,18
9:25:49,2170,2170,2170.2,2,8,19
9:25:50,2170,2170,2170.2,13,7,10
9:25:50,2170,2169.8,2170,8,50,5
9:25:51,2169.8,2169.8,2170,12,53,13
9:25:51,2169.8,2169.8,2170,8,50,6
9:25:52,2169.8,2169.8,2170,9,51,6
9:25:52,2170,2169.8,2170,4,49,5
9:25:53,2170,2170,2170.2,6,5,10
9:25:53,2170,2169.8,2170.2,7,49,10
9:25:54,2170.2,2170,2170.2,2,2,8
9:25:54,2170,2170,2170.2,17,15,8
9:25:55,2170,2170,2170.2,5,49,12
9:25:55,2170.2,2170,2170.2,3,50,11
9:25:56,2170,2170,2170.2,25,38,1
9:25:56,2170.2,2170,2170.2,22,39,3
9:25:57,2170,2170,2170.2,2,39,11
9:25:57,2170,2170,2170.2,5,38,10
9:25:58,2170,2170,2170.2,7,32,9
9:25:58,2170,2170,2170.2,1,36,10
9:25:59,2170.2,2170,2170.2,4,16,6
9:25:59,2170.2,2170,2170.2,3,15,5
9:26:00,2170,2170,2170.4,40,9,11
9:26:00,2169.8,2169.8,2170,31,30,35
9:26:01,2169.6,2169.6,2169.8,54,25,9
9:26:01,2169.8,2169.6,2169.8,17,11,7
9:26:02,2169.8,2169.6,2169.8,10,12,9
9:26:02,2169.8,2169.6,2169.8,4,17,10
9:26:03,2169.8,2169.8,2170,11,34,18
9:26:03,2170,2169.8,2170,9,31,18
9:26:04,2169.8,2169.8,2170,29,51,1
9:26:04,2170,2170,2170.2,8,22,15
9:26:05,2170,2170,2170.2,12,65,15
9:26:05,2170,2170,2170.2,6,85,10
9:26:06,2170.2,2170,2170.2,23,35,23
9:26:06,2170.2,2170.2,2170.4,42,30,7
9:26:07,2170.2,2170.2,2170.4,8,22,32
9:26:07,2170.2,2170,2170.4,10,12,51
9:26:08,2170.2,2170,2170.2,31,16,15
9:26:08,2170,2170,2170.2,7,12,48
9:26:09,2170.2,2170,2170.2,10,3,60
9:26:09,2170,2169.8,2170,5,43,63
9:26:10,2170,2169.8,2170,7,40,59
9:26:10,2170,2169.8,2170,4,38,63
9:26:11,2170,2169.8,2170,21,23,55
9:26:11,2170,2169.8,2170,7,24,44
9:26:12,2170,2169.8,2170,24,21,21
9:26:12,2170,2169.8,2170,3,28,15
9:26:13,2169.8,2169.8,2170,1,32,14
9:26:13,2170,2170,2170.2,15,17,41
9:26:14,2170.2,2170,2170.2,13,15,30
9:26:14,2170.2,2170,2170.2,5,15,27
9:26:15,2170,2170,2170.2,7,18,24
9:26:15,2170.2,2170,2170.2,4,34,24
9:26:16,2170.2,2170,2170.2,10,33,15
9:26:16,2170.2,2170,2170.2,2,32,14
9:26:17,2170.2,2170,2170.2,13,47,2
9:26:17,2170.2,2170,2170.4,5,32,21
9:26:18,2170.4,2170.2,2170.4,2,9,24
9:26:18,2170.4,2170.2,2170.4,3,9,21
9:26:19,2170.2,2170.2,2170.4,5,7,20
9:26:19,2170.4,2170,2170.4,13,38,18
9:26:20,2170.4,2170.2,2170.4,3,5,16
9:26:20,2170.4,2170.2,2170.4,5,6,12
9:26:21,2170.4,2170.2,2170.4,2,8,10
9:26:21,2170.4,2170.2,2170.4,7,25,5
9:26:22,2170.4,2170.2,2170.4,5,49,3
9:26:22,2170.6,2170.2,2170.6,5,48,49
9:26:23,2170.4,2170.2,2170.4,3,49,2
9:26:23,2170.6,2170.2,2170.6,7,48,45
9:26:24,2170.4,2170.4,2170.6,4,2,43
9:26:24,2170.6,2170.4,2170.6,3,2,44
9:26:25,2170.4,2170.2,2170.4,8,39,16
9:26:25,2170.4,2170.2,2170.4,6,25,14
9:26:26,2170.4,2170.2,2170.4,2,24,16
9:26:26,2170.2,2170.2,2170.4,10,9,15
9:26:27,2170.4,2170.4,2170.6,29,18,49
9:26:27,2170.4,2170.4,2170.6,4,18,57
9:26:28,2170.4,2170.4,2170.6,6,14,56
9:26:28,2170.6,2170.4,2170.6,2,14,55
9:26:29,2170.4,2170.4,2170.6,1,13,55
9:26:30,2170.4,2170.4,2170.6,1,14,55
9:26:30,2170.6,2170.4,2170.6,8,42,50
9:26:31,2170.6,2170.4,2170.6,9,35,46
9:26:31,2170.6,2170.4,2170.6,10,35,33
9:26:32,2170.6,2170.4,2170.6,22,35,9
9:26:32,2170.6,2170.4,2170.6,5,32,3
9:26:33,2170.6,2170.6,2170.8,7,37,30
9:26:33,2170.6,2170.6,2170.8,1,37,30
9:26:34,2170.8,2170.6,2170.8,2,37,28
9:26:34,2170.6,2170.6,2170.8,1,37,29
9:26:35,2170.8,2170.6,2170.8,4,39,24
9:26:35,2170.6,2170.6,2170.8,1,39,24
9:26:36,2170.8,2170.6,2170.8,5,39,21
9:26:36,2170.8,2170.6,2170.8,5,37,19
9:26:37,2170.8,2170.6,2170.8,15,38,6
9:26:37,2170.8,2170.8,2171,10,16,74
9:26:38,2171,2170.8,2171,3,16,73
9:26:38,2170.8,2170.8,2171,7,53,71
9:26:39,2170.8,2170.8,2171,8,52,81
9:26:39,2171,2170.8,2171,5,53,78
9:26:40,2171,2170.8,2171,20,55,75
9:26:40,2171,2170.8,2171,34,53,42
9:26:41,2171,2170.8,2171,10,53,36
9:26:41,2171,2170.8,2171,26,53,10
9:26:42,2171,2170.8,2171,15,51,2
9:26:42,2171,2170.8,2171,2,52,4
9:26:43,2171,2170.8,2171,4,50,6
9:26:43,2170.8,2170.8,2171,6,51,19
9:26:44,2170.8,2170.8,2171,3,52,29
9:26:44,2170.8,2170.8,2171,3,52,37
9:26:45,2171,2170.8,2171,13,49,34
9:26:45,2171,2170.8,2171,6,47,34
9:26:46,2170.8,2170.8,2171,1,51,40
9:26:46,2171,2170.8,2171,6,51,40
9:26:47,2170.8,2170.8,2171,19,45,42
9:26:47,2171,2170.8,2171,3,45,41
9:26:48,2170.8,2170.8,2171,8,44,39
9:26:48,2171,2170.8,2171,1,46,38
9:26:49,2171,2170.8,2171,8,41,38
9:26:49,2170.8,2170.8,2171,2,40,39
9:26:50,2171,2170.8,2171,3,41,71
9:26:50,2171,2170.8,2171,23,32,65
9:26:51,2170.8,2170.8,2171,28,5,69
9:26:51,2170.8,2170.6,2170.8,8,47,3
9:26:52,2170.8,2170.6,2170.8,2,47,3
9:26:52,2170.8,2170.6,2170.8,1,47,3
9:26:53,2170.8,2170.6,2171,6,48,69
9:26:53,2171,2170.8,2171,4,1,68
9:26:54,2170.8,2170.6,2170.8,4,47,4
9:26:55,2170.8,2170.6,2170.8,3,67,4
9:26:56,2170.8,2170.6,2170.8,4,68,1
9:26:56,2170.8,2170.6,2170.8,4,68,12
9:26:57,2170.6,2170.6,2171,1,67,75
9:26:58,2171,2170.8,2171,5,6,78
9:26:59,2171,2170.8,2171,6,14,73
9:27:00,2171,2170.8,2171,5,43,71
9:27:00,2171,2170.8,2171,16,33,66
9:27:01,2171,2170.8,2171,37,34,32
9:27:01,2171,2170.8,2171,23,35,13
9:27:02,2171,2170.8,2171,33,20,2
9:27:02,2170.8,2170.8,2171,2,21,4
9:27:03,2170.8,2170.8,2171,8,16,3
9:27:03,2171,2170.8,2171,6,13,3
9:27:04,2171,2170.8,2171,15,4,9
9:27:05,2170.8,2170.8,2171.2,12,2,26
9:27:05,2171,2170.8,2171,2,10,3
9:27:06,2170.8,2170.8,2171,7,3,3
9:27:06,2171,2170.8,2171,1,5,3
9:27:07,2171,2170.8,2171.2,6,9,29
9:27:07,2170.8,2170.8,2171,3,7,1
9:27:08,2170.8,2170.8,2171,6,6,1
9:27:08,2171,2171,2171.2,4,2,29
9:27:09,2171.2,2171,2171.2,3,1,27
9:27:09,2171.2,2171,2171.2,26,1,3
9:27:10,2171.4,2171.2,2171.4,27,5,11
9:27:10,2171.2,2171.2,2171.6,53,2,25
9:27:11,2171.6,2171.4,2171.6,8,1,36
9:27:11,2171,2171,2171.4,24,5,19
9:27:12,2171.4,2171,2171.4,18,6,12
9:27:12,2171.4,2170.8,2171.4,9,17,24
9:27:13,2171.2,2171,2171.2,19,23,14
9:27:13,2171.2,2171,2171.2,4,25,11
9:27:14,2171.2,2171,2171.2,6,25,5
9:27:14,2171.2,2171,2171.2,2,25,10
9:27:15,2171.2,2171,2171.2,8,25,16
9:27:15,2171.2,2171,2171.2,9,22,12
9:27:16,2171.2,2171,2171.2,1,22,11
9:27:16,2171.2,2171,2171.2,4,21,8
9:27:17,2171.4,2171.2,2171.4,16,1,47
9:27:17,2171.2,2171,2171.2,1,20,1
9:27:18,2171.2,2171,2171.2,2,21,1
9:27:18,2171,2171,2171.2,2,21,6
9:27:19,2171.2,2171,2171.2,1,21,5
9:27:19,2171.2,2171,2171.2,4,21,17
9:27:20,2171.2,2171,2171.2,3,23,16
9:27:20,2171,2171,2171.2,1,23,21
9:27:21,2171.2,2171,2171.2,9,23,16
9:27:21,2171,2170.8,2171,28,38,4
9:27:22,2171.2,2170.8,2171.2,6,38,16
9:27:23,2171,2170.8,2171,5,38,26
9:27:23,2171,2170.8,2171,6,45,27
9:27:24,2171,2170.8,2171,1,45,26
9:27:24,2170.8,2170.8,2171,1,44,26
9:27:25,2171,2170.8,2171,1,47,57
9:27:26,2170.8,2170.8,2171,3,42,56
9:27:27,2171,2170.8,2171,4,42,58
9:27:28,2170.8,2170.8,2171,1,41,59
9:27:28,2170.8,2170.8,2171,4,37,60
9:27:29,2170.8,2170.8,2171,2,36,59
9:27:29,2170.8,2170.8,2171,7,34,54
9:27:30,2170.8,2170.8,2171,8,26,54
9:27:30,2170.8,2170.8,2171,4,23,53
9:27:31,2171,2170.8,2171,3,23,52
9:27:32,2170.8,2170.8,2171,3,40,52
9:27:32,2171,2170.8,2171,1,41,51
9:27:33,2170.8,2170.8,2171,2,43,55
9:27:33,2171,2170.8,2171,1,43,54
9:27:34,2171,2170.8,2171,2,43,52
9:27:34,2170.8,2170.8,2171,4,44,50
9:27:35,2170.8,2170.8,2171,3,44,50
9:27:35,2170.8,2170.8,2171,2,44,66
9:27:36,2170.8,2170.8,2171,1,44,66
9:27:36,2171,2170.8,2171,1,46,65
9:27:37,2170.8,2170.8,2171,1,46,65
9:27:37,2171,2170.8,2171,2,45,65
9:27:38,2170.8,2170.8,2171,1,44,65
9:27:38,2171,2170.8,2171,4,44,61
9:27:39,2170.8,2170.8,2171,2,49,60
9:27:40,2171,2170.8,2171,1,51,59
9:27:40,2170.8,2170.8,2171,1,59,60
9:27:41,2171,2170.8,2171,2,68,59
9:27:41,2171,2170.8,2171,1,68,59
9:27:42,2171,2170.8,2171,3,66,58
9:27:42,2171,2170.8,2171,3,65,56
9:27:43,2170.8,2170.8,2171,2,65,56
9:27:43,2170.8,2170.8,2171,22,43,56
9:27:44,2171,2170.8,2171,1,45,54
9:27:45,2170.8,2170.8,2171,20,26,56
9:27:46,2170.8,2170.8,2171,18,9,57
9:27:46,2170.8,2170.6,2170.8,10,76,9
9:27:47,2170.8,2170.6,2171,2,76,57
9:27:47,2170.6,2170.6,2171,1,75,58
9:27:48,2170.6,2170.6,2170.8,1,75,10
9:27:48,2170.6,2170.6,2170.8,1,74,1
9:27:49,2170.8,2170.6,2170.8,1,75,1
9:27:49,2170.8,2170.6,2170.8,2,75,2
9:27:50,2170.8,2170.6,2170.8,1,75,13
9:27:51,2170.8,2170.6,2170.8,3,77,16
9:27:52,2170.8,2170.6,2170.8,34,46,18
9:27:52,2170.8,2170.6,2170.8,17,46,2
9:27:53,2170.8,2170.6,2170.8,1,47,2
9:27:53,2170.6,2170.6,2170.8,5,42,2
9:27:54,2170.6,2170.6,2170.8,3,40,4
9:27:55,2170.6,2170.6,2170.8,4,38,4
9:27:55,2170.6,2170.6,2170.8,1,37,5
9:27:56,2170.6,2170.6,2170.8,2,36,20
9:27:57,2170.6,2170.6,2170.8,23,13,20
9:27:57,2170.6,2170.4,2170.6,14,29,2
9:27:59,2170.6,2170.4,2170.6,2,38,6
9:28:00,2170.6,2170.6,2170.8,7,42,31
9:28:00,2170.6,2170.6,2170.8,1,46,32
9:28:01,2170.6,2170.6,2170.8,4,51,28
9:28:01,2170.8,2170.6,2170.8,9,42,20
9:28:02,2170.8,2170.6,2170.8,1,43,10
9:28:03,2170.8,2170.6,2170.8,3,43,7
9:28:04,2170.6,2170.6,2170.8,7,37,6
9:28:04,2170.8,2170.6,2170.8,2,39,9
9:28:05,2170.8,2170.6,2170.8,3,40,7
9:28:05,2170.8,2170.6,2170.8,2,55,6
9:28:06,2170.8,2170.6,2170.8,6,54,3
9:28:06,2170.6,2170.6,2170.8,2,53,2
9:28:07,2170.8,2170.6,2170.8,2,54,1
9:28:07,2171,2170.8,2171,2,8,75
9:28:08,2170.8,2170.8,2171,3,8,73
9:28:08,2170.8,2170.8,2171,3,6,72
9:28:09,2170.8,2170.8,2171,1,6,72
9:28:10,2171,2170.8,2171,18,8,56
9:28:10,2170.8,2170.8,2171,2,7,54
9:28:11,2170.8,2170.8,2171,1,9,54
9:28:12,2171,2170.8,2171,3,9,54
9:28:13,2171,2170.8,2171,1,15,52
9:28:13,2171,2170.8,2171,6,10,51
9:28:14,2171,2170.8,2171,3,9,50
9:28:14,2171,2170.8,2171,1,9,49
9:28:15,2171,2170.8,2171,3,12,48
9:28:15,2171,2170.8,2171,2,13,47
9:28:16,2170.8,2170.6,2171,13,48,48
9:28:16,2171,2170.8,2171,7,1,41
9:28:17,2171,2170.8,2171,18,1,23
9:28:17,2171,2170.8,2171,1,1,23
9:28:18,2171,2170.8,2171,22,4,1
9:28:18,2171,2171,2171.2,1,28,45
9:28:19,2171,2171,2171.2,3,27,45
9:28:20,2171,2171,2171.2,11,17,41
9:28:20,2171.2,2171,2171.2,5,16,37
9:28:21,2171,2171,2171.2,2,14,35
9:28:21,2171.2,2171,2171.2,25,9,15
9:28:22,2171,2171,2171.2,4,8,14
9:28:22,2171.2,2171,2171.2,11,31,4
9:28:23,2171.2,2171,2171.2,13,24,1
9:28:23,2171.2,2171.2,2171.4,1,6,30
9:28:24,2171.2,2171.2,2171.4,1,13,30
9:28:24,2171.2,2171.2,2171.4,6,14,29
9:28:25,2171.4,2171.2,2171.4,3,15,27
9:28:26,2171.2,2171.2,2171.4,13,6,25
9:28:26,2171.4,2171.2,2171.4,1,7,24
9:28:27,2171.2,2171.2,2171.4,3,18,24
9:28:27,2171.4,2171.2,2171.4,5,17,21
9:28:28,2171.6,2171.4,2171.6,50,11,4
9:28:28,2171.6,2171.4,2171.6,3,14,2
9:28:29,2171.6,2171.6,2171.8,3,8,79
9:28:29,2171.6,2171.6,2171.8,5,7,77
9:28:30,2171.6,2171.6,2171.8,4,6,75
9:28:30,2171.6,2171.6,2171.8,10,4,68
9:28:31,2171.6,2171.4,2171.8,67,28,6
9:28:31,2171.6,2171.6,2171.8,3,1,5
9:28:32,2171.6,2171.4,2171.6,10,15,18
9:28:32,2171.8,2171.6,2172,34,1,149
9:28:33,2171.6,2171.4,2171.8,4,14,4
9:28:33,2171.8,2171.6,2171.8,13,2,6
9:28:34,2171.8,2171.6,2171.8,4,1,67
9:28:34,2171.8,2171.4,2171.6,16,15,1
9:28:35,2171.6,2171.4,2171.6,5,15,1
9:28:35,2171.6,2171.6,2171.8,8,14,71
9:28:36,2171.8,2171.6,2171.8,12,12,68
9:28:36,2171.8,2171.6,2171.8,1,12,64
9:28:37,2171.6,2171.6,2171.8,18,5,54
9:28:37,2171.8,2171.6,2171.8,11,23,45
9:28:38,2171.6,2171.6,2171.8,5,21,42
9:28:38,2171.6,2171.6,2171.8,3,23,41
9:28:39,2171.8,2171.6,2171.8,24,20,25
9:28:39,2171.8,2171.6,2171.8,20,2,25
9:28:40,2171.8,2171.6,2171.8,13,12,24
9:28:40,2171.8,2171.6,2171.8,9,13,22
9:28:41,2171.8,2171.6,2171.8,5,14,50
9:28:41,2171.8,2171.6,2171.8,2,16,48
9:28:42,2171.6,2171.6,2171.8,15,12,44
9:28:42,2171.6,2171.4,2171.6,14,4,7
9:28:43,2171.6,2171.4,2171.6,3,18,4
9:28:43,2171.6,2171.4,2171.6,11,19,7
9:28:44,2171.6,2171.4,2171.6,2,19,7
9:28:44,2171.4,2171.4,2171.6,3,18,6
9:28:45,2171.6,2171.4,2171.6,3,19,4
9:28:45,2171.6,2171.4,2171.6,3,22,12
9:28:46,2171.6,2171.4,2171.6,4,25,13
9:28:47,2171.4,2171.4,2171.6,7,18,15
9:28:47,2171.6,2171.4,2171.6,3,26,40
9:28:48,2171.4,2171.4,2171.6,19,11,36
9:28:49,2171.6,2171.4,2171.6,15,1,43
9:28:49,2171.4,2171.2,2171.4,8,29,1
9:28:50,2171.4,2171.4,2171.6,3,3,44
9:28:50,2171.6,2171.4,2171.6,2,3,43
9:28:51,2171.4,2171.4,2171.6,3,1,43
9:28:51,2171.4,2171.2,2171.4,4,31,21
9:28:52,2171.4,2171.2,2171.4,1,28,22
9:28:52,2171.2,2171.2,2171.4,12,23,15
9:28:53,2171.4,2171.2,2171.4,3,24,14
9:28:53,2171.4,2171.2,2171.4,2,24,12
9:28:54,2171.4,2171.2,2171.4,13,21,1
9:28:54,2171.6,2171.2,2171.4,3,20,1
9:28:55,2171.4,2171.2,2171.4,3,22,2
9:28:56,2171.2,2171.2,2171.6,5,20,50
9:28:56,2171.6,2171.4,2171.6,2,3,50
9:28:57,2171.6,2171.4,2171.6,11,2,45
9:28:58,2171.6,2171.4,2171.6,3,1,44
9:28:58,2171.2,2171.2,2171.4,3,28,3
9:28:59,2171.4,2171.2,2171.4,1,28,2
9:29:00,2171.4,2171.2,2171.4,1,29,4
9:29:01,2171.2,2171.2,2171.4,4,27,2
9:29:01,2171.2,2171.2,2171.4,2,26,2
9:29:02,2171.2,2171.2,2171.4,3,25,1
9:29:02,2171.2,2171.4,2171.6,7,3,59
9:29:03,2171.4,2171.4,2171.6,3,2,66
9:29:03,2171.6,2171.4,2171.6,2,1,68
9:29:04,2171.4,2171.2,2171.6,2,35,68
9:29:04,2171.2,2171.2,2171.4,1,34,2
9:29:05,2171.2,2171.2,2171.4,3,31,17
9:29:05,2171.4,2171.2,2171.4,2,32,18
9:29:06,2171.4,2171.2,2171.4,2,32,25
9:29:06,2171.2,2171.2,2171.4,1,31,25
9:29:07,2171.4,2171.2,2171.4,1,31,25
9:29:08,2171.4,2171.2,2171.4,1,30,24
9:29:08,2171.4,2171.2,2171.4,4,30,24
9:29:09,2171.4,2171.2,2171.4,2,30,24
9:29:09,2171.2,2171.2,2171.4,4,25,24
9:29:10,2171.4,2171.2,2171.4,1,24,23
9:29:11,2171.2,2171.2,2171.4,1,25,27
9:29:11,2171.4,2171.2,2171.4,1,26,26
9:29:12,2171.4,2171.4,2171.6,30,20,78
9:29:12,2171.4,2171.4,2171.6,2,18,78
9:29:13,2171.4,2171.4,2171.6,1,18,78
9:29:13,2171.4,2171.4,2171.6,3,15,77
9:29:14,2171.4,2171.4,2171.6,2,13,77
9:29:14,2171.6,2171.4,2171.6,1,12,76
9:29:15,2171.6,2171.4,2171.6,4,22,76
9:29:15,2171.4,2171.4,2171.6,1,21,78
9:29:16,2171.4,2171.4,2171.6,2,22,79
9:29:16,2171.4,2171.4,2171.6,1,21,79
9:29:17,2171.6,2171.4,2171.6,5,21,76
9:29:17,2171.6,2171.4,2171.6,9,19,70
9:29:18,2171.6,2171.4,2171.6,1,19,69
9:29:18,2171.4,2171.4,2171.6,4,15,68
9:29:19,2171.6,2171.4,2171.6,1,15,70
9:29:20,2171.4,2171.4,2171.6,1,17,71
9:29:21,2171.6,2171.4,2171.6,6,67,66
9:29:21,2171.6,2171.6,2171.8,67,29,114
9:29:22,2171.8,2171.6,2171.8,22,60,91
9:29:22,2171.8,2171.6,2171.8,42,104,48
9:29:23,2171.8,2171.8,2172,51,20,261
9:29:23,2172,2171.8,2172,47,24,215
9:29:24,2172,2171.8,2172,78,13,148
9:29:24,2171.8,2171.8,2172,73,21,85
9:29:25,2172,2171.8,2172,21,16,68
9:29:25,2171.8,2171.8,2172,18,2,65
9:29:26,2172,2171.8,2172,7,1,64
9:29:26,2172,2171.6,2172,32,91,44
9:29:27,2171.8,2171.6,2172,29,90,29
9:29:27,2172,2171.6,2172,8,90,37
9:29:28,2172,2171.6,2172,4,91,36
9:29:28,2172,2171.6,2172,5,90,38
9:29:29,2172,2171.6,2172,6,90,37
9:29:29,2171.6,2171.6,2172,7,88,45
9:29:30,2172,2171.6,2172,1,88,45
9:29:30,2172,2171.6,2172,15,83,50
9:29:31,2172,2171.6,2172,4,88,51
9:29:32,2172,2171.6,2172,10,89,48
9:29:32,2171.6,2171.6,2172,6,89,47
9:29:33,2172,2171.6,2172,8,85,49
9:29:34,2172,2171.6,2172,4,83,63
9:29:34,2171.8,2171.6,2171.8,7,77,6
9:29:35,2171.8,2171.6,2171.8,4,78,6
9:29:35,2171.8,2171.6,2171.8,1,79,23
9:29:36,2171.8,2171.6,2171.8,9,76,21
9:29:36,2171.8,2171.6,2171.8,1,77,32
9:29:37,2171.6,2171.6,2171.8,16,76,17
9:29:37,2171.8,2171.6,2171.8,2,74,16
9:29:38,2171.8,2171.6,2171.8,2,74,6
9:29:39,2171.8,2171.6,2172,7,74,69
9:29:39,2171.8,2171.6,2171.8,1,74,19
9:29:40,2171.8,2171.6,2171.8,10,75,9
9:29:40,2171.8,2171.8,2172,10,1,75
9:29:41,2172,2171.8,2172,2,3,83
9:29:41,2171.8,2171.8,2172,3,4,83
9:29:42,2172,2171.8,2172,4,1,82
9:29:42,2171.8,2171.8,2172,3,5,86
9:29:43,2171.8,2171.8,2172,3,2,87
9:29:43,2171.8,2171.6,2171.8,4,82,4
9:29:44,2171.6,2171.6,2171.8,3,91,13
9:29:44,2171.8,2171.6,2171.8,2,92,14
9:29:45,2171.8,2171.6,2171.8,11,92,11
9:29:45,2171.6,2171.6,2171.8,5,89,45
9:29:46,2171.8,2171.6,2171.8,10,82,48
9:29:46,2171.8,2171.6,2171.8,5,77,57
9:29:47,2171.6,2171.6,2171.8,34,47,58
9:29:47,2171.6,2171.6,2171.8,33,27,60
9:29:48,2171.6,2171.6,2171.8,22,9,61
9:29:48,2171.6,2171.4,2171.6,28,138,18
9:29:49,2171.4,2171.4,2171.6,3,136,11
9:29:49,2171.4,2171.4,2171.6,10,135,1
9:29:50,2171.6,2171.4,2171.6,1,137,21
9:29:51,2171.4,2171.4,2171.6,7,131,22
9:29:51,2171.4,2171.4,2171.6,1,130,22
9:29:52,2171.4,2171.4,2171.6,2,127,22
9:29:52,2171.4,2171.4,2171.6,2,131,21
9:29:53,2171.6,2171.4,2171.6,8,125,33
9:29:54,2171.4,2171.4,2171.6,2,124,33
9:29:55,2171.6,2171.4,2171.6,2,124,39
9:29:55,2171.6,2171.4,2171.6,11,116,36
9:29:56,2171.6,2171.4,2171.6,4,116,34
9:29:57,2171.6,2171.4,2171.6,11,114,29
9:29:57,2171.4,2171.4,2171.6,21,113,9
9:29:58,2171.4,2171.4,2171.8,11,109,39
9:29:58,2171.4,2171.4,2171.8,2,108,40
9:29:59,2171.4,2171.4,2171.8,2,113,44
9:29:59,2171.6,2171.6,2171.8,2,1,44
9:30:00,2171.8,2171.4,2171.6,8,112,5
9:30:00,2171.6,2171.4,2171.6,36,110,9
9:30:01,2171.4,2171.4,2171.6,16,100,16
9:30:01,2171.6,2171.4,2171.6,7,95,15
9:30:02,2171.4,2171.4,2171.6,24,88,42
9:30:02,2171.4,2171.4,2171.6,35,77,21
9:30:03,2171.4,2171.4,2171.6,35,68,6
9:30:03,2171.6,2171.6,2171.8,9,2,24
9:30:04,2171.4,2171.4,2171.8,6,66,36
9:30:04,2171.4,2171.4,2171.6,1,65,1
9:30:05,2171.6,2171.4,2171.8,4,62,37
9:30:05,2171.6,2171.4,2171.8,2,61,37
9:30:06,2171.4,2171.4,2171.8,8,55,37
9:30:06,2171.4,2171.4,2171.8,2,55,38
9:30:07,2171.8,2171.4,2171.8,5,53,39
9:30:07,2171.4,2171.4,2171.8,3,50,42
9:30:08,2171.4,2171.4,2171.6,3,48,1
9:30:09,2171.4,2171.4,2171.6,2,46,2
9:30:09,2171.6,2171.4,2171.6,1,47,9
9:30:10,2171.4,2171.4,2171.6,2,46,9
9:30:10,2171.4,2171.4,2171.6,1,45,31
9:30:11,2171.6,2171.4,2171.6,2,46,30
9:30:11,2171.6,2171.4,2171.6,2,46,35
9:30:12,2171.6,2171.4,2171.6,1,46,16
9:30:12,2171.6,2171.4,2171.6,2,46,14
9:30:13,2171.6,2171.4,2171.6,4,54,13
9:30:13,2171.6,2171.4,2171.6,5,54,8
9:30:14,2171.4,2171.6,2171.8,22,6,61
9:30:14,2171.4,2171.6,2171.8,2,49,65
9:30:15,2171.6,2171.6,2171.8,4,50,64
9:30:15,2171.8,2171.6,2171.8,60,37,18
9:30:16,2171.8,2171.8,2172,20,13,109
9:30:16,2172,2171.8,2172,10,15,104
9:30:17,2172,2171.8,2172,21,13,88
9:30:17,2171.8,2171.8,2172,7,11,84
9:30:18,2172,2171.6,2172,18,35,81
9:30:18,2172,2171.8,2172,2,3,79
9:30:19,2171.8,2171.8,2172,7,25,76
9:30:20,2171.8,2171.8,2172,69,22,12
9:30:20,2171.8,2172,2172.2,18,8,60
9:30:21,2172.2,2172,2172.2,19,13,42
9:30:21,2172,2172,2172.2,27,44,18
9:30:22,2172.2,2172,2172.2,23,48,6
9:30:22,2172.4,2172.2,2172.4,12,12,76
9:30:23,2172.4,2172,2172.4,44,27,55
9:30:23,2172.2,2172,2172.2,37,17,9
9:30:24,2172.2,2172,2172.2,11,17,1
9:30:24,2172.4,2172.2,2172.4,13,4,36
9:30:25,2172.4,2172.2,2172.4,14,13,32
9:30:25,2172.2,2172.2,2172.4,12,17,36
9:30:26,2172.2,2172.2,2172.4,41,3,10
9:30:26,2172.2,2172,2172.2,8,23,165
9:30:27,2172,2171.6,2172,39,55,35
9:30:27,2172,2171.6,2172,59,44,21
9:30:28,2172,2171.6,2172,12,46,39
9:30:28,2172,2171.6,2172,7,48,39
9:30:29,2171.6,2171.6,2172,9,64,52
9:30:29,2171.8,2171.6,2171.8,7,65,4
9:30:30,2172,2171.8,2172,12,2,50
9:30:30,2171.8,2171.6,2172,4,65,58
9:30:31,2171.8,2171.8,2172,5,3,54
9:30:31,2172,2171.8,2172,1,5,54
9:30:32,2171.8,2171.6,2171.8,9,62,3
9:30:32,2171.8,2171.8,2172,4,3,53
9:30:33,2171.8,2171.8,2172,2,2,53
9:30:33,2172,2171.8,2172,1,2,38
9:30:34,2172,2171.6,2171.8,12,61,3
9:30:34,2172,2171.6,2172,12,60,21
9:30:35,2171.8,2171.8,2172,2,20,24
9:30:35,2171.8,2171.8,2172,3,18,48
9:30:36,2171.8,2171.8,2172,10,9,49
9:30:36,2172,2171.8,2172,13,32,39
9:30:37,2171.8,2171.8,2172,2,30,41
9:30:37,2172,2171.8,2172,13,34,30
9:30:38,2171.8,2171.8,2172,5,32,31
9:30:39,2172,2171.8,2172,2,34,36
9:30:40,2171.8,2171.8,2172,3,31,41
9:30:40,2171.8,2171.8,2172,2,29,41
9:30:41,2172,2171.8,2172,1,29,40
9:30:41,2171.8,2171.8,2172,4,28,38
9:30:42,2171.8,2171.8,2172,3,27,38
9:30:42,2172,2171.8,2172,8,28,32
9:30:43,2172,2171.8,2172,7,28,26
9:30:44,2172,2171.8,2172,2,28,24
9:30:45,2171.8,2171.8,2172,3,25,27
9:30:45,2172,2171.8,2172,1,25,28
9:30:46,2172,2171.8,2172,5,25,30
9:30:46,2171.8,2171.8,2172,3,24,30
9:30:47,2172,2171.8,2172,1,24,32
9:30:48,2172,2171.8,2172,5,22,36
9:30:48,2172,2171.8,2172,12,13,37
9:30:49,2172,2171.6,2171.8,14,55,1
9:30:49,2171.6,2171.6,2171.8,2,53,1
9:30:50,2171.8,2171.6,2171.8,10,53,4
9:30:50,2171.6,2171.6,2171.8,4,50,9
9:30:51,2171.6,2171.6,2171.8,5,47,11
9:30:51,2171.6,2171.6,2171.8,9,40,16
9:30:52,2171.6,2171.6,2171.8,4,38,17
9:30:52,2171.8,2171.6,2171.8,2,37,17
9:30:53,2171.6,2171.6,2171.8,4,33,17
9:30:53,2171.8,2171.6,2171.8,19,25,29
9:30:54,2171.6,2171.6,2171.8,2,23,32
9:30:54,2171.6,2171.6,2171.8,2,20,38
9:30:55,2171.8,2171.6,2171.8,1,20,37
9:30:55,2171.6,2171.6,2171.8,1,20,38
9:30:56,2171.6,2171.6,2171.8,1,19,40
9:30:56,2171.6,2171.4,2171.6,20,51,12
9:30:57,2171.4,2171.4,2171.6,6,42,13
9:30:57,2171.4,2171.4,2171.6,4,39,12
9:30:58,2171.4,2171.4,2171.6,3,36,14
9:30:58,2171.4,2171.4,2171.6,2,34,17
9:30:59,2171.4,2171.4,2171.6,4,31,17
9:30:59,2171.4,2171.4,2171.6,2,32,18
9:31:00,2171.4,2171.4,2171.6,5,28,17
9:31:00,2171.4,2171.4,2171.6,10,19,17
9:31:01,2171.6,2171.4,2171.6,26,19,9
9:31:01,2171.4,2171.4,2171.6,15,8,14
9:31:02,2171.6,2171.4,2171.6,11,3,20
9:31:02,2171.4,2171.4,2171.6,6,3,19
9:31:03,2171.2,2171.2,2171.4,5,43,9
9:31:03,2171.6,2171.4,2171.6,14,5,19
9:31:04,2171.4,2171.4,2171.6,8,5,25
9:31:04,2171.2,2171.2,2171.4,9,40,17
9:31:05,2171.4,2171.2,2171.4,5,40,17
9:31:05,2171.2,2171.2,2171.4,9,37,14
9:31:06,2171.2,2171.2,2171.4,7,31,16
9:31:06,2171.2,2171.2,2171.4,13,19,18
9:31:07,2171.2,2171.2,2171.4,11,9,26
9:31:07,2171.2,2171,2171.2,10,70,8
9:31:08,2171.2,2171,2171.2,11,61,7
9:31:08,2171.2,2171,2171.2,10,52,8
9:31:09,2171.2,2171,2171.2,33,19,13
9:31:09,2170.8,2170.8,2171,24,18,38
9:31:10,2170.8,2170.8,2171,22,14,38
9:31:10,2170.8,2170.8,2171,29,5,20
9:31:11,2170.8,2170.6,2170.8,8,101,3
9:31:11,2171,2170.6,2171,15,98,18
9:31:12,2170.8,2170.8,2171,8,7,18
9:31:12,2171,2170.6,2171,16,96,17
9:31:13,2170.6,2170.6,2170.8,10,89,2
9:31:13,2170.6,2170.6,2171,27,79,8
9:31:14,2170.6,2170.6,2170.8,17,70,5
9:31:14,2170.6,2170.6,2170.8,26,47,3
9:31:15,2170.6,2170.6,2170.8,15,38,4
9:31:15,2170.6,2170.6,2170.8,6,33,3
9:31:16,2170.8,2170.8,2171,8,17,8
9:31:16,2170.8,2170.8,2171,16,20,7
9:31:17,2170.8,2170.8,2171,7,19,8
9:31:17,2171,2170.8,2171,10,28,9
9:31:18,2170.8,2170.8,2171,5,32,20
9:31:18,2170.8,2170.8,2171,13,22,17
9:31:19,2170.8,2170.8,2171,6,16,15
9:31:19,2170.8,2170.8,2171,2,15,19
9:31:20,2171,2170.8,2171,7,37,15
9:31:20,2170.8,2170.8,2171,12,26,25
9:31:21,2171,2170.8,2171,5,22,24
9:31:21,2170.8,2170.8,2171,7,18,21
9:31:22,2170.8,2170.8,2171,15,14,11
9:31:22,2170.8,2170.8,2171,11,13,3
9:31:23,2170.8,2170.8,2171,4,10,4
9:31:23,2171.2,2171,2171.2,10,7,13
9:31:24,2171,2171,2171.2,13,26,3
9:31:24,2171.2,2171.2,2171.4,6,6,24
9:31:25,2171.4,2171.2,2171.4,7,7,18
9:31:25,2171.4,2171.2,2171.4,4,20,18
9:31:26,2171.2,2171.2,2171.4,11,22,19
9:31:26,2171.4,2171.2,2171.4,19,23,1
9:31:27,2171.2,2171.2,2171.6,15,15,23
9:31:27,2171.2,2171.4,2171.6,4,10,20
9:31:28,2171.4,2171.4,2171.6,7,3,20
9:31:28,2171.4,2171.2,2171.6,3,22,19
9:31:29,2171.6,2171.2,2171.6,6,24,14
9:31:29,2171.2,2171.2,2171.6,9,16,28
9:31:30,2171.6,2171.2,2171.6,5,14,25
9:31:30,2171.4,2171.4,2171.6,2,1,25
9:31:31,2171.6,2171.2,2171.4,6,13,3
9:31:31,2171.2,2171.2,2171.4,10,10,1
9:31:33,2171.2,2171.2,2171.4,14,12,22
9:31:33,2171.2,2171.2,2171.4,10,4,23
9:31:34,2171.4,2171,2171.2,30,49,1
9:31:34,2171,2171,2171.2,6,43,3
9:31:35,2171,2171,2171.2,2,41,3
9:31:35,2171.2,2171,2171.2,3,39,3
9:31:36,2171.2,2171,2171.2,3,37,2
9:31:36,2171.2,2171,2171.4,11,30,19
9:31:37,2171.2,2171.2,2171.4,2,1,19
9:31:37,2171.2,2171,2171.4,1,30,20
9:31:38,2171,2171,2171.4,5,26,20
9:31:38,2171.2,2171,2171.4,2,26,22
9:31:39,2171,2171,2171.4,12,15,23
9:31:39,2171.2,2171,2171.4,3,14,22
9:31:40,2171,2171,2171.4,4,14,22
9:31:40,2171.4,2171,2171.4,9,13,3
9:31:41,2171.2,2171.2,2171.4,14,1,5
9:31:42,2171.6,2171.4,2171.6,7,4,40
9:31:43,2171.4,2171.4,2171.6,4,4,38
9:31:43,2171.6,2171.2,2171.6,26,4,19
9:31:44,2171.4,2171.4,2171.6,13,1,8
9:31:44,2171.6,2171.4,2171.6,2,4,6
9:31:45,2171.6,2171.4,2171.6,1,11,6
9:31:45,2171.4,2171.4,2171.6,4,11,3
9:31:46,2171.6,2171.4,2171.8,5,15,14
9:31:46,2171.8,2171.4,2171.8,2,16,13
9:31:47,2171.4,2171.6,2171.8,3,5,13
9:31:47,2171.8,2171.6,2171.8,7,5,7
9:31:48,2171.8,2171.6,2171.8,6,6,3
9:31:48,2171.8,2171.6,2171.8,2,12,1
9:31:49,2171.6,2171.6,2171.8,2,11,5
9:31:49,2171.8,2171.8,2172,6,5,78
9:31:50,2171.8,2171.8,2172,3,4,76
9:31:50,2171.8,2171.6,2171.8,9,14,1
9:31:51,2171.8,2171.8,2172,4,1,72
9:31:51,2171.8,2171.8,2172,4,53,69
9:31:52,2171.8,2171.8,2172,2,53,70
9:31:52,2172,2171.8,2172,15,55,57
9:31:53,2171.8,2171.8,2172,14,62,47
9:31:53,2172,2171.8,2172,15,54,38
9:31:54,2172,2171.8,2172,25,57,15
9:31:54,2172,2172,2172.2,16,7,167
9:31:55,2172.2,2172,2172.2,7,12,164
9:31:55,2172,2171.8,2172.2,66,60,112
9:31:56,2172.2,2171.8,2172.2,6,59,110
9:31:56,2172.2,2172,2172.2,40,1,100
9:31:57,2172.2,2171.8,2172.2,33,33,81
9:31:57,2172.2,2171.8,2172.2,7,33,80
9:31:58,2172.2,2171.8,2172.2,6,30,78
9:31:58,2172.2,2172,2172.2,8,14,81
9:31:59,2172.2,2172,2172.2,9,8,78
9:31:59,2172,2171.8,2172,14,31,42
9:32:00,2171.8,2171.8,2172,12,20,45
9:32:00,2172,2171.8,2172,55,5,16
9:32:01,2172,2171.6,2171.8,31,4,1
9:32:01,2171.6,2171.6,2171.8,6,1,1
9:32:02,2171.8,2171.8,2172,6,2,12
9:32:02,2171.8,2171.8,2172,1,1,12
9:32:03,2171.8,2171.6,2172,1,1,13
9:32:04,2171.6,2171.4,2171.8,2,5,4
9:32:04,2171.8,2171.4,2171.8,4,5,10
9:32:05,2171.6,2171.6,2171.8,2,1,15
9:32:05,2171.8,2171.4,2171.8,10,5,9
9:32:06,2171.8,2171.8,2172,12,1,52
9:32:06,2171.8,2171.6,2171.8,1,1,10
9:32:07,2171.6,2171.6,2171.8,8,2,12
9:32:08,2171.6,2171.6,2171.8,7,6,31
9:32:08,2171.6,2171.4,2171.6,7,9,1
9:32:09,2171.8,2171.4,2171.8,2,10,30
9:32:10,2171.6,2171.6,2171.8,2,5,36
9:32:10,2171.6,2171.4,2171.6,6,10,5
9:32:11,2171.8,2171.4,2171.8,11,14,33
9:32:11,2171.4,2171.4,2171.8,1,15,38
9:32:12,2171.8,2171.6,2171.8,1,1,61
9:32:13,2171.6,2171.4,2171.6,7,13,1
9:32:13,2171.6,2171.4,2171.6,3,11,2
9:32:14,2171.4,2171.4,2171.6,3,11,4
9:32:14,2171.6,2171.6,2171.8,11,11,68
9:32:15,2171.6,2171.6,2171.8,1,12,68
9:32:15,2171.6,2171.6,2171.8,2,14,66
9:32:16,2171.6,2171.6,2171.8,2,15,65
9:32:16,2171.6,2171.6,2171.8,23,15,46
9:32:17,2171.6,2171.6,2171.8,1,16,46
9:32:17,2171.8,2171.6,2171.8,1,20,45
9:32:18,2171.6,2171.6,2171.8,3,18,45
9:32:18,2171.6,2171.6,2171.8,4,26,48
9:32:19,2171.6,2171.6,2171.8,6,24,49
9:32:19,2171.4,2171.2,2171.4,37,21,8
9:32:20,2171.2,2171.2,2171.4,2,20,7
9:32:20,2171.4,2171.2,2171.4,5,18,5
9:32:21,2171.4,2171.4,2171.6,14,2,10
9:32:21,2171.2,2171.2,2171.6,4,13,12
9:32:22,2171.2,2171.2,2171.6,1,13,12
9:32:22,2171.4,2171.2,2171.6,1,12,17
9:32:23,2171.2,2171.2,2171.6,2,11,19
9:32:24,2171.2,2171.2,2171.6,5,8,19
9:32:24,2171.4,2171.4,2171.6,2,2,20
9:32:25,2171.4,2171.4,2171.6,1,5,20
9:32:25,2171.4,2171.4,2171.6,2,4,22
9:32:26,2171.6,2171.4,2171.6,8,1,16
9:32:26,2171.2,2171.2,2171.4,2,9,13
9:32:27,2171.2,2171.2,2171.4,6,3,16
9:32:27,2171.2,2171.2,2171.4,3,2,41
9:32:28,2171.4,2171.2,2171.4,10,2,35
9:32:28,2171,2171,2171.4,9,38,33
9:32:29,2171,2171,2171.2,6,35,2
9:32:29,2171,2171,2171.2,32,5,1
9:32:30,2170.8,2170.8,2171,8,47,6
9:32:30,2171,2171,2171.2,17,1,4
9:32:31,2170.8,2170.8,2171,2,38,4
9:32:31,2170.8,2170.8,2171,10,33,25
9:32:32,2171,2171,2171.2,37,4,14
9:32:32,2170.8,2170.8,2171,9,27,16
9:32:33,2170.8,2170.8,2171,4,27,16
9:32:33,2170.8,2170.8,2171,36,1,52
9:32:34,2170.8,2170.6,2170.8,4,81,30
9:32:34,2170.6,2170.6,2170.8,43,43,33
9:32:35,2170.6,2170.6,2170.8,13,36,26
9:32:35,2170.8,2170.6,2170.8,25,14,24
9:32:36,2170.6,2170.6,2170.8,20,7,22
9:32:36,2170.8,2170.4,2170.8,28,108,5
9:32:37,2170.6,2170.6,2170.8,9,4,1
9:32:37,2170.6,2170.6,2170.8,3,12,3
9:32:38,2170.8,2170.8,2171,8,1,84
9:32:38,2170.6,2170.8,2171,11,5,81
9:32:39,2170.8,2170.6,2170.8,13,21,4
9:32:39,2170.8,2170.8,2171,22,43,80
9:32:40,2170.8,2170.8,2171,22,39,67
9:32:40,2171,2170.8,2171,58,31,18
9:32:41,2171,2170.8,2171,13,35,13
9:32:41,2170.8,2170.8,2171,12,26,9
9:32:42,2170.8,2170.8,2171,27,3,16
9:32:42,2170.8,2170.8,2171,8,15,13
9:32:43,2170.8,2170.6,2170.8,21,29,12
9:32:43,2170.8,2170.6,2170.8,12,29,2
9:32:44,2171,2170.8,2171,14,1,17
9:32:44,2170.8,2170.6,2170.8,4,30,2
9:32:45,2171,2170.6,2171,4,30,17
9:32:45,2170.6,2170.6,2171,4,26,17
9:32:46,2171,2170.8,2171,6,3,13
9:32:46,2170.8,2170.6,2170.8,4,28,1
9:32:47,2170.6,2170.8,2171,11,12,8
9:32:47,2171,2170.8,2171,6,13,4
9:32:48,2170.8,2170.8,2171,4,14,5
9:32:48,2170.8,2170.8,2171,20,12,12
9:32:49,2171,2170.8,2171,2,11,13
9:32:49,2170.8,2170.6,2170.8,14,35,6
9:32:50,2170.8,2170.6,2170.8,3,37,8
9:32:50,2170.6,2170.6,2170.8,20,21,2
9:32:51,2170.6,2170.6,2170.8,4,19,9
9:32:51,2170.6,2170.6,2170.8,6,17,8
9:32:52,2170.6,2170.6,2170.8,13,8,7
9:32:52,2170.6,2170.6,2170.8,3,11,7
9:32:53,2170.6,2170.6,2170.8,14,5,4
9:32:53,2170.8,2170.8,2171,5,5,14
9:32:54,2170.6,2170.6,2170.8,10,11,12
9:32:54,2170.8,2170.8,2171,16,29,13
9:32:55,2170.8,2170.8,2171,4,25,13
9:32:55,2171,2171,2171.2,33,1,25
9:32:56,2170.8,2170.8,2171.2,6,27,25
9:32:56,2171,2170.8,2171,3,27,1
9:32:57,2170.8,2170.8,2171.2,13,18,25
9:32:57,2170.8,2170.6,2170.8,23,14,1
9:32:58,2170.6,2170.6,2171,4,19,2
9:32:58,2170.6,2170.4,2170.6,26,117,1
9:32:59,2171.2,2170.6,2171.2,17,4,20
9:32:59,2171,2170.6,2171.2,17,9,8
9:33:00,2171,2170.6,2171,25,4,8
9:33:00,2170.4,2170.4,2170.6,36,86,10
9:33:01,2170.6,2170.4,2170.6,17,72,5
9:33:01,2170.4,2170.4,2170.6,11,65,1
9:33:02,2170.6,2170.4,2170.6,7,77,16
9:33:02,2170.4,2170.4,2170.6,33,32,15
9:33:03,2170.2,2170.2,2170.6,48,72,15
9:33:03,2170.2,2170.2,2170.4,30,51,2
9:33:04,2170.6,2170.2,2170.6,31,26,17
9:33:04,2170.2,2170.2,2170.4,8,17,3
9:33:05,2170.2,2170.2,2170.4,5,15,13
9:33:05,2170.4,2170.2,2170.4,16,4,16
9:33:06,2170.2,2170.2,2170.4,15,41,11
9:33:06,2170.4,2170.4,2170.6,21,4,38
9:33:07,2170.4,2170.4,2170.6,40,8,11
9:33:07,2170.2,2170.4,2170.6,23,18,9
9:33:08,2170.6,2170.6,2170.8,24,5,14
9:33:08,2170.4,2170.4,2170.8,17,47,2
9:33:09,2170.4,2170.4,2170.6,8,41,8
9:33:09,2170.4,2170.4,2171,61,4,11
9:33:10,2170.6,2170.4,2170.8,3,16,1
9:33:10,2171,2170.6,2170.8,5,4,5
9:33:11,2170.8,2170.6,2170.8,3,4,9
9:33:11,2170.8,2170.6,2170.8,4,4,9
9:33:12,2170.8,2170.8,2171,24,8,31
9:33:12,2170.8,2170.8,2171,4,6,30
9:33:13,2171,2170.4,2171,24,19,20
9:33:13,2171,2170.6,2171,5,2,19
9:33:14,2171,2170.6,2171,5,3,21
9:33:14,2170.8,2170.6,2171,4,11,20
9:33:15,2171,2170.6,2171,7,10,17
9:33:15,2170.6,2170.6,2170.8,22,3,23
9:33:16,2170.4,2170.4,2170.6,22,11,4
9:33:17,2170.6,2170.6,2170.8,28,1,4
9:33:17,2170.6,2170.4,2170.6,8,10,31
9:33:18,2170.4,2170.2,2170.4,40,49,26
9:33:18,2170.2,2170,2170.2,64,182,10
9:33:19,2170,2170,2170.2,84,103,14
9:33:19,2170.2,2170,2170.2,9,99,18
9:33:20,2170,2170,2170.2,80,25,22
9:33:20,2170,2169.8,2170,28,24,29
9:33:21,2169.8,2169.6,2170,75,35,10
9:33:21,2169.6,2169.4,2169.6,50,41,2
9:33:22,2169.4,2169.4,2169.8,30,53,14
9:33:22,2169.8,2169.4,2169.8,29,38,9
9:33:23,2169.6,2169.6,2169.8,35,6,11
9:33:23,2169.6,2169.4,2169.6,24,38,12
9:33:24,2169.4,2169.4,2169.6,32,25,7
9:33:24,2169.8,2169.4,2169.6,22,16,1
9:33:25,2169.4,2169.2,2169.4,39,78,3
9:33:25,2169.8,2169.4,2169.6,64,1,1
9:33:26,2169.6,2169.6,2170,17,1,27
9:33:26,2169.2,2169.2,2169.4,39,17,1
9:33:27,2169,2169.2,2169.4,25,2,9
9:33:27,2169.2,2169,2169.2,61,156,46
9:33:28,2169.2,2169,2169.2,88,96,58
9:33:28,2169,2169,2169.2,63,39,29
9:33:29,2169.2,2169.2,2169.4,71,16,13
9:33:29,2169.2,2169,2169.2,40,7,11
9:33:30,2169.2,2169.2,2169.4,61,5,8
9:33:30,2169,2168.8,2169.4,39,11,3
9:33:31,2169.2,2169,2169.2,28,25,26
9:33:31,2169,2169,2169.2,30,8,32
9:33:32,2168.8,2168.8,2169,25,18,7
9:33:32,2169,2168.6,2169,91,43,3
9:33:33,2168.6,2168.6,2168.8,47,2,18
9:33:33,2168.8,2168.2,2168.4,128,94,1
9:33:34,2168.4,2168.4,2168.6,90,1,42
9:33:34,2168.4,2168,2168.4,74,62,18
9:33:35,2168.4,2168,2168.4,46,66,11
9:33:35,2168.4,2168.4,2168.6,70,2,68
9:33:36,2168.4,2168,2168.4,30,46,3
9:33:36,2168.4,2168.4,2168.6,35,25,66
9:33:37,2168.6,2168.4,2168.6,26,15,60
9:33:37,2168.6,2168.4,2168.6,105,1,19
9:33:38,2168.6,2168.2,2168.6,14,4,12
9:33:38,2168.6,2168.4,2168.6,28,16,4
9:33:39,2168.4,2168.4,2169,47,19,51
9:33:39,2169,2168.6,2168.8,45,3,12
9:33:40,2168.8,2168.8,2169.2,72,16,33
9:33:40,2169.2,2168.8,2169.2,31,8,30
9:33:41,2168.6,2168.6,2168.8,44,6,1
9:33:41,2169.4,2169.4,2169.6,28,34,45
9:33:42,2169.6,2169.4,2169.6,39,4,38
9:33:42,2169.8,2169.6,2169.8,74,16,4
9:33:43,2169.6,2169.2,2169.6,31,3,24
9:33:43,2169.6,2169.6,2169.8,40,25,3
9:33:44,2169.8,2169.8,2170,33,11,41
9:33:44,2170,2169.8,2170,25,19,32
9:33:45,2169.8,2169.8,2170,28,2,22
9:33:45,2170,2170,2170.2,35,15,4
9:33:46,2170.2,2170.2,2170.4,15,13,5
9:33:46,2170.4,2170.2,2170.4,27,19,2
9:33:47,2170.6,2170.4,2170.6,22,59,2
9:33:47,2170.8,2170.6,2170.8,38,13,2
9:33:48,2170.8,2170.8,2171,24,13,4
9:33:48,2170.4,2171,2171.2,33,3,1
9:33:49,2171.2,2171.2,2171.4,20,14,13
9:33:49,2171,2170.8,2171,29,15,10
9:33:50,2170.6,2170.6,2170.8,23,13,12
9:33:50,2170.8,2170.6,2170.8,17,16,14
9:33:51,2170.6,2170.6,2170.8,15,9,21
9:33:51,2170.6,2170.6,2170.8,9,3,13
9:33:52,2170.8,2170.6,2170.8,11,2,23
9:33:52,2170.8,2170.4,2170.6,8,52,3
9:33:53,2170.6,2170.6,2170.8,12,6,6
9:33:53,2171,2170.8,2171,9,5,15
9:33:54,2170.8,2170.8,2171,16,9,16
9:33:54,2171.2,2171,2171.2,57,9,12
9:33:55,2171.2,2171,2171.4,60,25,25
9:33:55,2171.2,2171.2,2171.4,38,21,27
9:33:56,2171.4,2171.4,2171.6,56,13,44
9:33:56,2171.2,2170.8,2171.2,42,3,1
9:33:57,2171.4,2171.2,2171.4,13,14,15
9:33:57,2171.2,2171.2,2171.4,82,21,3
9:33:58,2171.2,2171,2171.4,46,3,1
9:33:58,2171.4,2171.4,2171.6,26,132,5
9:33:59,2171.4,2171.6,2171.8,199,18,1
9:33:59,2172,2171.8,2172,41,68,94
9:34:00,2172,2171.8,2172,84,57,40
9:34:00,2172,2172,2172.2,102,7,25
9:34:01,2172.2,2172.2,2172.4,46,19,39
9:34:01,2172.2,2172,2172.2,88,19,19
9:34:02,2172.4,2172.2,2172.4,50,9,12
9:34:02,2172.4,2172.4,2172.6,110,7,86
9:34:03,2171.8,2171.8,2172.4,102,16,6
9:34:03,2172.4,2172,2172.4,73,20,53
9:34:04,2172.2,2172,2172.2,35,16,16
9:34:04,2172,2172.2,2172.4,53,1,70
9:34:05,2171.6,2171.6,2172,36,21,5
9:34:05,2171.8,2171.8,2172,41,2,1
9:34:06,2172,2171.8,2172,24,12,4
9:34:06,2172,2172,2172.4,130,31,15
9:34:07,2172,2172,2172.4,12,50,13
9:34:07,2172.2,2172.2,2172.4,7,21,13
9:34:08,2172.2,2172,2172.4,44,65,2
9:34:08,2172.2,2172.2,2172.4,15,10,3
9:34:09,2172.2,2172.2,2172.4,36,19,6
9:34:09,2172.4,2172.2,2172.4,12,24,1
9:34:10,2172.4,2172.2,2172.6,31,10,36
9:34:10,2172.6,2172.4,2172.6,42,24,28
9:34:11,2172.6,2172.6,2172.8,43,2,54
9:34:11,2173,2172.8,2173,80,3,129
9:34:12,2172.8,2172.8,2173,51,19,87
9:34:12,2172.8,2172.6,2172.8,157,28,52
9:34:13,2173,2173,2173.4,63,12,33
9:34:13,2173,2173,2173.2,25,15,30
9:34:14,2173.2,2173.2,2173.4,69,1,38
9:34:14,2173.4,2173.2,2173.6,55,10,55
9:34:15,2173.6,2173.4,2173.6,55,36,44
9:34:15,2173.8,2173.6,2173.8,72,18,68
9:34:16,2173.8,2173.6,2173.8,58,22,33
9:34:16,2174,2173.6,2174,92,7,97
9:34:17,2174,2173.8,2174,51,14,65
9:34:17,2173.6,2173.4,2173.6,65,21,3
9:34:18,2173.6,2173.4,2173.6,37,20,12
9:34:18,2173.4,2173.2,2173.4,63,25,30
9:34:19,2173,2173,2173.2,94,145,5
9:34:19,2173.2,2173,2173.2,36,144,60
9:34:20,2173,2173,2173.2,42,117,54
9:34:20,2173,2173,2173.2,64,89,22
9:34:21,2173.2,2173,2173.2,37,54,6
9:34:21,2173,2172.8,2173,64,22,15
9:34:22,2172.8,2172.6,2172.8,67,23,1
9:34:22,2172.6,2172.4,2172.6,34,28,1
9:34:23,2172.8,2172.4,2173,34,17,25
9:34:23,2172.4,2172.6,2172.8,3,41,4
9:34:24,2172.6,2172.4,2172.6,67,10,2
9:34:24,2172.4,2172.4,2172.6,13,6,1
9:34:25,2172.6,2172.4,2172.8,10,5,1
9:34:25,2172.8,2172.6,2172.8,4,1,3
9:34:26,2172.8,2172.6,2172.8,43,11,8
9:34:26,2172.8,2172.8,2173,14,21,76
9:34:27,2172.8,2172.8,2173,10,14,87
9:34:27,2172.8,2172.8,2173,16,2,84
9:34:28,2172.8,2172.6,2172.8,3,12,4
9:34:28,2172.6,2172.6,2172.8,6,12,18
9:34:29,2172.8,2172.6,2172.8,5,12,49
9:34:29,2172.8,2172.6,2172.8,6,10,58
9:34:30,2172.8,2172.6,2172.8,7,31,59
9:34:30,2172.8,2172.6,2172.8,23,23,54
9:34:31,2172.6,2172.6,2172.8,5,19,45
9:34:31,2172.8,2172.4,2172.6,35,49,5
9:34:32,2172.6,2172.4,2172.6,3,74,13
9:34:32,2172.6,2172.4,2172.6,7,74,9
9:34:33,2172.6,2172.4,2172.6,9,69,12
9:34:33,2172.6,2172.6,2172.8,18,38,75
9:34:34,2172.6,2172.6,2172.8,17,25,76
9:34:34,2172.6,2172.6,2172.8,6,36,72
9:34:35,2172.6,2172.6,2172.8,11,32,75
9:34:35,2172.8,2172.6,2172.8,48,9,50
9:34:36,2172.6,2172.4,2172.6,36,71,9
9:34:36,2172.6,2172.4,2172.6,7,71,6
9:34:37,2172.8,2172.6,2172.8,18,11,19
9:34:37,2172.6,2172.4,2172.8,16,77,53
9:34:38,2172.6,2172.4,2172.6,9,81,2
9:34:38,2172.8,2172.6,2172.8,23,21,41
9:34:39,2172.6,2172.6,2172.8,6,19,55
9:34:39,2172.8,2172.6,2172.8,16,28,56
9:34:40,2172.8,2172.6,2172.8,14,22,53
9:34:40,2172.8,2172.6,2172.8,8,26,52
9:34:41,2172.8,2172.6,2172.8,39,36,27
9:34:41,2172.6,2172.6,2172.8,13,30,68
9:34:42,2172.6,2172.6,2172.8,5,46,68
9:34:42,2172.8,2172.6,2172.8,39,58,42
9:34:43,2172.6,2172.6,2172.8,6,59,43
9:34:43,2172.6,2172.6,2172.8,18,66,50
9:34:44,2172.8,2172.6,2172.8,5,92,48
9:34:44,2172.8,2172.8,2173,49,4,161
9:34:45,2173,2172.8,2173,20,29,155
9:34:45,2173,2172.8,2173,1,64,155
9:34:46,2173,2172.8,2173,30,66,134
9:34:46,2173,2172.8,2173,27,49,108
9:34:47,2173,2172.8,2173,53,7,99
9:34:47,2172.8,2172.8,2173,18,8,90
9:34:48,2172.8,2172.8,2173,14,19,78
9:34:48,2172.8,2172.6,2172.8,23,50,29
9:34:49,2172.8,2172.6,2172.8,3,54,80
9:34:49,2172.6,2172.6,2172.8,59,40,39
9:34:50,2172.4,2172.4,2172.8,53,86,37
9:34:50,2172.4,2172.4,2172.8,2,84,39
9:34:51,2172.6,2172.6,2172.8,10,2,47
9:34:52,2172.8,2172.6,2172.8,4,2,44
9:34:52,2172.8,2172.4,2172.8,14,103,42
9:34:53,2172.8,2172.4,2172.8,25,103,20
9:34:53,2172.8,2172.4,2172.6,3,104,2
9:34:54,2172.8,2172.6,2172.8,5,3,11
9:34:54,2172.8,2172.6,2172.8,6,17,6
9:34:55,2172.8,2172.6,2172.8,4,17,12
9:34:55,2172.6,2172.6,2172.8,5,18,12
9:34:56,2172.8,2172.6,2172.8,2,18,10
9:34:56,2172.8,2172.6,2172.8,18,16,3
9:34:57,2173,2172.8,2173,29,55,93
9:34:57,2173,2172.8,2173,24,38,77
9:34:58,2173,2172.8,2173,49,11,36
9:34:58,2172.8,2172.8,2173,37,9,4
9:34:59,2173,2173,2173.2,18,8,40
9:34:59,2172.8,2172.8,2173,16,6,7
9:35:00,2172.8,2172.8,2173,24,3,1
9:35:00,2173.2,2173,2173.2,40,4,26
9:35:01,2172.8,2172.8,2173,56,13,10
9:35:01,2173.2,2172.8,2173,26,12,4
9:35:02,2172.8,2172.6,2172.8,47,4,1
9:35:02,2173,2172.4,2173,33,63,7
9:35:03,2173,2172.8,2173,32,4,14
9:35:03,2173,2172.8,2173,13,4,17
9:35:04,2172.6,2172.6,2173,14,11,58
9:35:04,2172.6,2172.6,2172.8,2,33,8
9:35:05,2172.8,2172.6,2172.8,2,37,27
9:35:05,2172.8,2172.6,2172.8,31,34,2
9:35:06,2172.6,2172.6,2172.8,35,4,14
9:35:06,2172.6,2172.4,2172.8,9,59,19
9:35:07,2172.6,2172.4,2172.6,1,60,1
9:35:07,2172.8,2172.6,2172.8,8,2,20
9:35:08,2172.6,2172.6,2172.8,5,1,33
9:35:08,2172.6,2172.4,2172.6,1,60,2
9:35:09,2172.4,2172.4,2172.8,13,55,20
9:35:09,2172.6,2172.6,2172.8,3,3,40
9:35:10,2172.4,2172.4,2172.8,9,49,27
9:35:10,2172.6,2172.6,2172.8,6,7,28
9:35:11,2172.6,2172.4,2172.6,17,49,6
9:35:11,2172.6,2172.4,2172.6,8,77,11
9:35:12,2172.4,2172.4,2172.6,9,73,12
9:35:12,2172.6,2172.4,2172.6,11,74,6
9:35:13,2172.4,2172.4,2172.6,26,50,4
9:35:13,2172.6,2172.6,2172.8,6,31,28
9:35:14,2172.6,2172.6,2172.8,27,4,29
9:35:14,2172.6,2172.4,2172.6,13,51,1
9:35:15,2172.6,2172.4,2172.6,5,50,1
9:35:15,2172.6,2172.4,2172.8,5,56,30
9:35:16,2172.8,2172.4,2172.8,30,44,15
9:35:16,2172.4,2172.4,2172.6,4,41,1
9:35:17,2172.8,2172.4,2172.8,28,41,5
9:35:17,2172.6,2172.6,2172.8,2,16,5
9:35:18,2172.6,2172.6,2172.8,2,14,5
9:35:18,2172.6,2172.6,2172.8,11,21,3
9:35:19,2172.6,2172.8,2173,8,4,37
9:35:19,2172.8,2172.8,2173,3,4,38
9:35:20,2172.8,2172.6,2172.8,8,24,14
9:35:20,2173,2172.8,2173,16,17,39
9:35:21,2172.8,2172.8,2173,13,6,41
9:35:21,2173,2172.8,2173,9,1,40
9:35:22,2172.6,2172.6,2173,6,20,38
9:35:22,2172.8,2172.8,2173,2,1,38
9:35:23,2172.6,2172.6,2173,5,27,37
9:35:23,2173,2172.8,2173,49,4,6
9:35:24,2172.8,2172.8,2173,7,2,14
9:35:24,2173,2172.8,2173,16,8,8
9:35:25,2172.8,2172.8,2173,6,3,10
9:35:25,2172.8,2172.8,2173.2,16,10,46
9:35:26,2173,2172.8,2173.2,3,6,47
9:35:26,2173,2172.8,2173,19,8,2
9:35:27,2172.8,2172.8,2173,17,3,27
9:35:28,2172.8,2172.8,2173,3,2,32
9:35:28,2173,2172.8,2173,3,2,36
9:35:29,2172.8,2172.8,2173,5,1,33
9:35:29,2173,2172.6,2173,3,38,34
9:35:30,2172.6,2172.6,2172.8,2,37,3
9:35:30,2173,2172.6,2173,24,35,18
9:35:31,2172.8,2172.6,2172.8,1,37,1
9:35:31,2172.6,2172.6,2172.8,10,33,1
9:35:32,2172.6,2172.6,2172.8,6,29,1
9:35:32,2172.6,2172.6,2172.8,4,26,1
9:35:33,2173,2172.6,2173,3,26,23
9:35:33,2173,2172.8,2173,3,2,22
9:35:34,2172.6,2172.6,2173,11,17,28
9:35:34,2172.6,2172.6,2173,3,14,34
9:35:35,2173,2172.6,2173,1,14,38
9:35:36,2172.6,2172.6,2172.8,13,3,3
9:35:36,2172.6,2172.4,2172.6,5,66,6
9:35:37,2172.8,2172.4,2172.8,12,66,2
9:35:37,2172.6,2172.6,2172.8,1,5,3
9:35:38,2172.8,2172.6,2172.8,3,6,1
9:35:38,2172.8,2172.6,2173,3,14,68
9:35:39,2172.8,2172.6,2173,26,14,56
9:35:39,2172.8,2172.6,2173,5,15,59
9:35:40,2172.8,2172.8,2173,1,10,60
9:35:40,2172.8,2172.8,2173,2,9,63
9:35:41,2172.8,2172.8,2173,12,4,68
9:35:41,2172.8,2172.8,2173,4,3,70
9:35:42,2172.8,2172.8,2173,1,2,76
9:35:42,2172.6,2172.6,2173,4,15,77
9:35:43,2172.6,2172.6,2173,4,11,79
9:35:43,2172.6,2172.6,2172.8,1,11,6
9:35:44,2172.6,2172.6,2172.8,1,15,7
9:35:44,2172.6,2172.6,2172.8,3,13,17
9:35:45,2172.8,2172.6,2172.8,1,14,23
9:35:45,2172.8,2172.6,2172.8,14,1,29
9:35:46,2172.6,2172.4,2172.6,5,77,26
9:35:46,2172.6,2172.4,2172.6,6,72,32
9:35:47,2172.4,2172.4,2172.6,4,67,33
9:35:47,2172.4,2172.4,2172.6,2,67,32
9:35:48,2172.6,2172.4,2172.6,3,67,35
9:35:48,2172.6,2172.4,2172.6,6,69,31
9:35:49,2172.4,2172.4,2172.6,3,66,33
9:35:49,2172.4,2172.4,2172.6,4,65,32
9:35:50,2172.4,2172.4,2172.6,1,63,27
9:35:50,2172.6,2172.4,2172.6,5,60,31
9:35:51,2172.4,2172.4,2172.6,5,55,31
9:35:51,2172.4,2172.4,2172.6,1,53,31
9:35:52,2172.6,2172.4,2172.6,8,47,31
9:35:53,2172.4,2172.4,2172.6,2,58,40
9:35:53,2172.4,2172.4,2172.6,12,46,43
9:35:54,2172.4,2172.4,2172.6,4,42,43
9:35:54,2172.4,2172.4,2172.6,1,46,44
9:35:55,2172.4,2172.4,2172.6,4,43,44
9:35:55,2172.4,2172.4,2172.6,2,41,59
9:35:56,2172.4,2172.4,2172.6,1,53,46
9:35:56,2172.6,2172.4,2172.6,3,53,44
9:35:57,2172.4,2172.4,2172.6,11,43,46
9:35:57,2172.6,2172.4,2172.6,4,54,45
9:35:58,2172.4,2172.4,2172.6,3,38,38
9:35:58,2172.6,2172.4,2172.6,4,37,36
9:35:59,2172.4,2172.4,2172.6,26,12,37
9:35:59,2172.4,2172.4,2172.6,8,6,37
9:36:00,2172.4,2172.4,2172.6,3,4,36
9:36:00,2172.6,2172.4,2172.6,15,21,27
9:36:01,2172.6,2172.4,2172.6,7,21,31
9:36:01,2172.6,2172.4,2172.6,10,50,24
9:36:02,2172.6,2172.4,2172.6,9,52,20
9:36:02,2172.6,2172.4,2172.6,17,53,7
9:36:03,2172.6,2172.6,2172.8,8,25,41
9:36:03,2172.6,2172.6,2172.8,2,24,40
9:36:04,2172.8,2172.6,2172.8,2,36,38
9:36:04,2172.6,2172.6,2172.8,5,35,34
9:36:05,2172.8,2172.6,2172.8,9,58,29
9:36:05,2172.8,2172.6,2172.8,18,55,14
9:36:06,2173,2172.8,2173,16,22,125
9:36:06,2173,2172.8,2173,78,22,48
9:36:07,2173,2172.8,2173,34,22,19
9:36:07,2173,2173,2173.2,21,15,50
9:36:08,2173,2173,2173.2,1,15,63
9:36:08,2173,2173,2173.2,7,14,62
9:36:09,2173.2,2173,2173.2,23,1,53
9:36:09,2172.8,2172.8,2173,10,43,4
9:36:10,2173,2172.8,2173,6,44,1
9:36:10,2173.2,2172.8,2173.2,26,23,45
9:36:11,2173,2173,2173.2,3,2,44
9:36:11,2173,2173,2173.2,3,2,47
9:36:12,2173.2,2173,2173.2,13,5,42
9:36:12,2173,2172.8,2173,11,3,53
9:36:13,2172.6,2172.6,2173,18,15,48
9:36:13,2172.8,2172.6,2172.8,7,38,8
9:36:14,2172.8,2172.6,2172.8,3,39,12
9:36:14,2172.6,2172.6,2172.8,12,29,12
9:36:15,2172.8,2172.6,2172.8,5,29,7
9:36:15,2172.8,2172.6,2172.8,5,27,4
9:36:17,2172.8,2172.6,2172.8,6,28,18
9:36:17,2172.8,2172.6,2172.8,2,34,16
9:36:18,2172.6,2172.6,2172.8,4,38,15
9:36:18,2172.8,2172.6,2173,2,39,66
9:36:19,2172.8,2172.6,2173,23,70,55
9:36:20,2172.8,2172.8,2173,2,3,57
9:36:20,2172.8,2172.8,2173,1,6,58
9:36:21,2173,2172.8,2173,3,7,55
9:36:21,2173,2172.8,2173,1,7,55
9:36:22,2173,2172.8,2173,8,7,49
9:36:22,2173,2172.6,2173,32,85,28
9:36:23,2173,2172.8,2173,4,2,37
9:36:24,2173,2172.8,2173,7,22,31
9:36:24,2172.8,2172.6,2172.8,26,91,15
9:36:25,2172.8,2172.8,2173,20,2,30
9:36:25,2173,2172.8,2173,1,38,29
9:36:26,2173,2172.8,2173,3,38,29
9:36:26,2172.8,2172.8,2173,1,39,31
9:36:27,2173,2172.8,2173,22,41,11
9:36:27,2173,2172.8,2173,7,40,7
9:36:28,2173,2173,2173.2,9,2,53
9:36:29,2173.2,2173,2173.2,1,6,51
9:36:29,2173,2173,2173.2,1,4,51
9:36:30,2173,2173,2173.2,2,4,53
9:36:30,2173,2172.8,2173,19,60,18
9:36:31,2173,2172.8,2173,11,63,11
9:36:31,2173,2172.8,2173,3,63,9
9:36:32,2173,2172.8,2173,5,64,17
9:36:32,2173,2172.8,2173,7,64,38
9:36:33,2172.8,2172.8,2173,3,68,36
9:36:33,2172.8,2172.8,2173,17,63,28
9:36:34,2173,2172.8,2173,2,62,28
9:36:34,2172.8,2172.8,2173,12,60,26
9:36:35,2173,2172.8,2173,1,60,26
9:36:35,2173,2172.8,2173,8,52,29
9:36:36,2172.8,2172.8,2173,16,51,15
9:36:36,2173,2172.8,2173,4,52,12
9:36:37,2173,2172.8,2173,5,65,8
9:36:37,2173,2173,2173.2,9,24,58
9:36:38,2173,2173,2173.2,7,18,58
9:36:38,2173,2173,2173.2,3,15,59
9:36:39,2173,2173,2173.2,4,12,60
9:36:39,2173,2173,2173.2,7,7,59
9:36:40,2173,2173,2173.2,1,6,63
9:36:40,2172.8,2172.8,2173,9,66,3
9:36:41,2173.2,2173,2173.2,24,7,43
9:36:41,2173,2173,2173.2,2,6,44
9:36:42,2173.2,2173,2173.2,21,13,26
9:36:42,2173.2,2173,2173.2,3,20,25
9:36:43,2173.2,2173,2173.2,4,44,22
9:36:43,2173.2,2173,2173.2,12,44,12
9:36:44,2173,2173,2173.2,3,45,11
9:36:44,2173.2,2173.2,2173.4,12,6,67
9:36:45,2173.4,2173.2,2173.4,8,10,112
9:36:45,2173.2,2173.2,2173.4,6,12,110
9:36:46,2173.4,2173.2,2173.4,18,4,109
9:36:46,2173.2,2173,2173.2,11,53,41
9:36:47,2173.2,2173,2173.2,15,53,27
9:36:47,2173.2,2173,2173.2,42,21,15
9:36:48,2173.2,2173,2173.2,15,12,14
9:36:48,2173.2,2173,2173.2,2,14,12
9:36:49,2173.2,2173,2173.2,3,14,11
9:36:49,2173,2173,2173.2,7,10,10
9:36:50,2173.2,2173,2173.2,16,4,1
9:36:50,2173,2173,2173.4,2,8,97
9:36:51,2173.2,2173,2173.2,9,9,6
9:36:51,2173.2,2173,2173.2,3,12,4
9:36:52,2173,2173,2173.2,8,11,3
9:36:52,2173.2,2173,2173.2,4,10,3
9:36:53,2173.2,2173,2173.2,2,18,4
9:36:53,2173,2173,2173.2,5,13,9
9:36:54,2173.2,2173,2173.2,3,13,45
9:36:54,2173,2173,2173.2,5,11,48
9:36:55,2173,2172.8,2173,13,72,38
9:36:55,2172.8,2172.8,2173,3,70,37
9:36:56,2173,2172.8,2173,22,51,35
9:36:56,2173,2172.8,2173,13,48,27
9:36:57,2172.8,2172.8,2173,4,45,30
9:36:57,2173,2172.8,2173,8,47,26
9:36:58,2173,2172.8,2173,5,45,24
9:36:58,2173,2172.8,2173,4,42,25
9:36:59,2173,2172.8,2173,3,41,27
9:36:59,2172.8,2172.8,2173,13,29,30
9:37:00,2173,2172.8,2173,4,28,31
9:37:00,2173,2172.8,2173,11,21,30
9:37:01,2172.8,2172.8,2173,10,11,30
9:37:01,2173,2172.8,2173,1,11,30
9:37:02,2172.8,2172.8,2173,2,9,32
9:37:02,2173,2172.6,2173,18,97,28
9:37:03,2172.8,2172.6,2173,7,96,25
9:37:03,2173,2172.8,2173,6,3,22
9:37:04,2172.6,2172.6,2173,4,92,24
9:37:04,2172.6,2172.6,2173,14,80,23
9:37:05,2173,2172.6,2172.8,13,69,2
9:37:05,2172.6,2172.6,2172.8,11,58,2
9:37:06,2172.6,2172.6,2172.8,5,53,9
9:37:06,2172.6,2172.6,2172.8,6,50,10
9:37:07,2172.6,2172.6,2172.8,4,47,17
9:37:07,2172.6,2172.6,2172.8,2,46,16
9:37:08,2172.8,2172.6,2172.8,6,44,13
9:37:08,2172.6,2172.6,2172.8,13,44,3
9:37:09,2172.6,2172.6,2172.8,2,43,3
9:37:09,2172.6,2172.6,2172.8,1,41,3
9:37:10,2172.8,2172.8,2173,11,23,66
9:37:10,2172.8,2172.8,2173,19,11,66
9:37:11,2172.8,2172.8,2173,5,37,67
9:37:12,2172.8,2172.8,2173,4,34,74
9:37:12,2172.8,2172.6,2172.8,50,42,32
9:37:13,2172.8,2172.6,2172.8,13,40,24
9:37:13,2172.6,2172.6,2172.8,1,40,30
9:37:14,2172.8,2172.6,2172.8,13,31,30
9:37:14,2172.8,2172.6,2172.8,2,33,29
9:37:15,2172.8,2172.6,2172.8,4,33,26
9:37:15,2172.6,2172.6,2172.8,3,31,26
9:37:16,2172.6,2172.6,2172.8,2,31,26
9:37:16,2172.6,2172.6,2172.8,4,27,27
9:37:17,2172.6,2172.6,2172.8,7,23,25
9:37:17,2172.6,2172.6,2172.8,5,20,24
9:37:18,2172.6,2172.6,2172.8,14,6,26
9:37:18,2172.6,2172.4,2172.6,8,64,20
9:37:19,2172.4,2172.4,2172.6,14,50,36
9:37:19,2172.4,2172.4,2172.6,15,35,37
9:37:20,2172.4,2172.4,2172.6,33,5,43
9:37:20,2172.4,2172.2,2172.4,10,88,7
9:37:21,2172.4,2172.2,2172.4,3,86,5
9:37:21,2172.4,2172.2,2172.4,8,81,2
9:37:22,2172.4,2172.2,2172.6,20,66,43
9:37:22,2172.2,2172.4,2172.6,10,3,37
9:37:23,2172.4,2172.2,2172.6,12,56,37
9:37:23,2172.2,2172.2,2172.4,22,40,2
9:37:24,2172.2,2172.2,2172.4,2,40,2
9:37:24,2172.4,2172.2,2172.4,2,40,6
9:37:25,2172.2,2172.2,2172.4,5,31,5
9:37:25,2172.2,2172.2,2172.4,2,30,4
9:37:26,2172.2,2172.2,2172.4,10,22,9
9:37:26,2172.2,2172.2,2172.4,21,2,11
9:37:27,2172,2172,2172.2,8,103,7
9:37:27,2172,2172,2172.2,2,101,11
9:37:28,2172,2172,2172.2,4,99,16
9:37:28,2172.2,2172,2172.2,33,70,7
9:37:29,2172,2172,2172.2,35,36,10
9:37:29,2172,2171.8,2172,37,22,13
9:37:30,2171.8,2171.8,2172,13,12,17
9:37:30,2171.8,2171.8,2172,9,8,13
9:37:31,2171.8,2171.6,2171.8,34,49,25
9:37:31,2171.6,2171.6,2171.8,34,46,2
9:37:32,2171.6,2171.8,2172,8,2,19
9:37:32,2171.8,2171.6,2171.8,17,36,3
9:37:33,2171.8,2171.8,2172,18,4,20
9:37:33,2171.8,2171.6,2171.8,29,48,20
9:37:34,2171.8,2171.6,2171.8,10,47,16
9:37:34,2171.8,2171.8,2172,24,12,38
9:37:35,2171.8,2171.6,2171.8,46,36,8
9:37:35,2171.8,2171.6,2171.8,3,37,7
9:37:36,2171.6,2171.6,2171.8,8,32,6
9:37:36,2171.8,2171.6,2171.8,3,31,5
9:37:37,2171.6,2171.6,2171.8,14,22,5
9:37:37,2171.6,2171.8,2172,12,1,40
9:37:38,2172,2171.8,2172,18,1,33
9:37:38,2171.8,2171.8,2172,39,1,8
9:37:39,2171.8,2171.8,2172,7,18,9
9:37:39,2171.8,2171.8,2172,16,14,11
9:37:40,2171.8,2171.8,2172,16,18,9
9:37:40,2172,2172,2172.2,19,18,23
9:37:41,2172,2172,2172.2,5,19,25
9:37:42,2172,2172,2172.2,1,18,26
9:37:42,2172,2172,2172.2,5,18,29
9:37:43,2172,2172,2172.2,1,19,29
9:37:43,2172,2172,2172.2,4,16,28
9:37:44,2172,2172,2172.2,6,17,31
9:37:45,2172.2,2172,2172.2,3,18,32
9:37:45,2172,2172,2172.2,4,16,34
9:37:46,2172,2172,2172.2,2,16,35
9:37:46,2172.2,2172,2172.2,3,22,31
9:37:47,2172,2172,2172.2,2,20,32
9:37:47,2172.2,2172,2172.2,1,21,31
9:37:48,2172,2172,2172.2,17,14,21
9:37:48,2172,2172,2172.2,5,12,19
9:37:49,2172.2,2172,2172.2,3,10,18
9:37:49,2172,2172,2172.2,2,9,19
9:37:50,2172,2171.8,2172,11,27,11
9:37:50,2172,2171.8,2172,4,27,30
9:37:51,2172,2171.8,2172,8,26,24
9:37:51,2172,2171.8,2172,22,14,18
9:37:52,2172,2171.8,2172,8,8,18
9:37:52,2172,2171.8,2172,2,8,19
9:37:53,2172,2171.8,2172,5,5,18
9:37:53,2171.8,2171.8,2172,5,3,16
9:37:54,2171.8,2171.8,2172,4,8,15
9:37:54,2171.8,2171.8,2172,9,13,15
9:37:55,2171.8,2171.8,2172,4,14,20
9:37:55,2171.8,2171.8,2172,1,13,21
9:37:56,2171.8,2171.8,2172,12,16,10
9:37:56,2171.8,2171.8,2172,5,15,15
9:37:57,2171.8,2171.8,2172,2,14,15
9:37:57,2172,2171.8,2172,3,16,13
9:37:58,2172,2171.8,2172,12,15,6
9:37:58,2172,2171.8,2172,3,14,13
9:37:59,2171.8,2171.8,2172,4,17,16
9:37:59,2172,2171.8,2172,12,18,7
9:38:00,2171.8,2171.8,2172,15,14,2
9:38:00,2171.8,2171.8,2172,13,16,1
9:38:01,2171.8,2171.8,2172,12,5,1
9:38:01,2171.8,2171.6,2171.8,16,105,9
9:38:02,2172,2171.6,2172.2,16,103,28
9:38:02,2172,2171.6,2172.2,6,102,28
9:38:03,2171.8,2171.8,2172,1,17,4
9:38:03,2171.8,2171.8,2172,3,15,4
9:38:04,2172,2171.8,2172,6,19,3
9:38:05,2172,2172,2172.2,4,32,29
9:38:05,2172,2172,2172.2,9,31,21
9:38:06,2172,2171.8,2172,32,11,2
9:38:06,2172,2171.8,2172,1,14,2
9:38:07,2172,2171.8,2172,1,16,7
9:38:07,2171.8,2171.8,2172,1,18,11
9:38:08,2171.8,2171.8,2172,12,6,13
9:38:08,2172,2171.8,2172,3,6,20
9:38:09,2172,2171.8,2172,6,12,17
9:38:09,2172,2171.8,2172,3,17,25
9:38:10,2172,2171.8,2172,2,25,23
9:38:10,2171.8,2171.8,2172,31,38,21
9:38:11,2172,2171.8,2172,5,37,24
9:38:11,2171.8,2171.8,2172,5,48,23
9:38:12,2171.8,2171.8,2172,45,16,16
9:38:12,2171.8,2171.8,2172,3,14,17
9:38:13,2172,2171.8,2172,1,16,19
9:38:13,2171.8,2171.8,2172,1,24,22
9:38:14,2172,2171.8,2172,4,24,20
9:38:14,2171.8,2171.8,2172,3,25,18
9:38:15,2172,2171.8,2172,5,24,15
9:38:15,2172,2171.8,2172,1,39,18
9:38:16,2172,2171.8,2172,1,40,18
9:38:16,2172,2171.8,2172,8,40,10
9:38:17,2171.8,2171.8,2172,4,39,9
9:38:17,2172,2172,2172.2,10,15,25
9:38:18,2172,2172,2172.2,5,10,25
9:38:18,2172.2,2172,2172.2,4,11,21
9:38:19,2172,2172,2172.2,3,10,21
9:38:20,2172.2,2172.2,2172.4,26,11,28
9:38:20,2172.2,2172.2,2172.4,5,14,27
9:38:21,2172.2,2172.2,2172.4,3,11,27
9:38:21,2172.4,2172.2,2172.4,2,10,26
9:38:22,2172.2,2172,2172.2,10,12,49
9:38:22,2172,2172,2172.2,15,3,43
9:38:23,2172.2,2172,2172.2,19,4,26
9:38:24,2172.2,2172,2172.2,1,8,27
9:38:24,2172,2172,2172.2,1,15,28
9:38:25,2172,2172,2172.2,3,13,32
9:38:25,2172.2,2172,2172.2,3,16,30
9:38:26,2172.2,2172,2172.2,1,31,29
9:38:26,2172.2,2172,2172.2,3,30,28
9:38:27,2172.2,2172,2172.2,1,31,29
9:38:27,2172.2,2172,2172.2,1,32,30
9:38:28,2172.2,2172,2172.2,1,35,30
9:38:28,2172,2172,2172.2,2,34,29
9:38:29,2172,2172,2172.2,5,33,28
9:38:30,2172,2172,2172.2,1,33,30
9:38:30,2172,2172,2172.2,3,31,30
9:38:31,2172,2172,2172.2,1,31,33
9:38:31,2172.2,2172,2172.2,14,30,20
9:38:32,2172,2172,2172.2,27,3,20
9:38:32,2172,2172,2172.2,2,1,21
9:38:33,2172,2171.8,2172,1,48,1
9:38:33,2171.8,2171.8,2172,1,47,1
9:38:34,2172,2172,2172.2,13,11,23
9:38:35,2172.2,2172,2172.2,1,13,26
9:38:35,2172,2172,2172.2,3,11,36
9:38:36,2172.2,2172,2172.2,1,12,35
9:38:36,2172,2172,2172.2,4,21,34
9:38:37,2172,2172,2172.2,2,19,34
9:38:37,2172,2172,2172.2,11,47,34
9:38:38,2172.2,2172,2172.2,1,48,35
9:38:39,2172.2,2172,2172.2,33,45,13
9:38:39,2172.2,2172,2172.2,6,46,7
9:38:40,2172,2172,2172.2,4,43,7
9:38:40,2172,2172,2172.2,1,44,9
9:38:41,2172.2,2172,2172.2,3,44,7
9:38:42,2172,2172,2172.2,1,45,11
9:38:42,2172,2172,2172.2,2,44,11
9:38:43,2172.2,2172,2172.2,4,43,10
9:38:43,2172.2,2172,2172.2,1,43,10
9:38:45,2172,2172,2172.2,9,46,3
9:38:45,2172.2,2172,2172.2,2,49,1
9:38:46,2172,2172,2172.2,13,37,1
9:38:46,2172,2172,2172.2,21,20,1
9:38:47,2172,2172,2172.2,8,15,8
9:38:48,2172,2172,2172.2,20,1,13
9:38:48,2171.8,2171.8,2172.2,3,56,12
9:38:49,2171.8,2172,2172.2,2,1,13
9:38:49,2172,2171.8,2172,1,55,1
9:38:50,2171.8,2171.8,2172,25,51,1
9:38:50,2172,2172,2172.2,9,8,17
9:38:51,2172.2,2172,2172.2,4,5,16
9:38:51,2171.8,2171.8,2172,6,53,1
9:38:52,2171.8,2171.8,2172,1,52,3
9:38:52,2172,2171.8,2172,1,52,19
9:38:53,2172,2171.8,2172,1,52,45
9:38:54,2171.8,2171.8,2172,7,54,47
9:38:54,2171.6,2171.6,2171.8,56,98,9
9:38:55,2171.6,2171.6,2171.8,1,98,11
9:38:55,2171.6,2171.6,2171.8,15,84,22
9:38:56,2171.6,2171.6,2171.8,2,83,22
9:38:56,2171.8,2171.6,2171.8,4,82,20
9:38:57,2171.8,2171.6,2171.8,52,34,16
9:38:57,2171.6,2171.6,2171.8,3,31,14
9:38:58,2171.4,2171.6,2171.8,36,1,12
9:38:58,2171.6,2171.4,2171.6,14,56,24
9:38:59,2171.4,2171.4,2171.6,27,43,75
9:38:59,2171.4,2171.4,2171.6,13,37,75
9:39:00,2171.6,2171.2,2171.4,28,48,1
9:39:00,2171.2,2171.2,2171.4,35,20,7
9:39:01,2171,2171,2171.2,30,82,9
9:39:01,2171.2,2171,2171.2,24,69,28
9:39:02,2171,2171,2171.2,66,30,10
9:39:02,2171,2171,2171.2,25,12,6
9:39:03,2171,2170.8,2171,34,6,1
9:39:03,2170.8,2170.8,2171,14,1,21
9:39:04,2170.8,2170.6,2171,14,49,19
9:39:04,2171,2171,2171.2,30,54,24
9:39:05,2171,2171,2171.4,36,52,13
9:39:05,2171.4,2171.4,2171.6,22,11,27
9:39:06,2171,2171,2171.2,38,27,1
9:39:06,2171.4,2171.2,2171.6,20,12,25
9:39:07,2171.2,2171.2,2171.6,7,16,38
9:39:07,2171.2,2171.2,2171.6,9,14,22
