9:14:00,2320.4,2320.4,2320.8,332,2,2
9:15:00,2320,2319.2,2319.8,78,6,4
9:15:01,2319.6,2319,2319.8,128,5,3
9:15:01,2319.2,2318,2319,142,1,1
9:15:02,2318.4,2318.4,2318.8,77,7,14
9:15:02,2318.4,2317.6,2318.4,101,1,52
9:15:03,2317.2,2317.2,2317.4,109,21,2
9:15:03,2317.6,2317.2,2317.6,53,14,3
9:15:04,2317.2,2316.4,2317.2,102,1,58
9:15:04,2317,2316.6,2317,47,21,17
9:15:05,2317,2316.6,2317.2,78,1,81
9:15:05,2316.8,2316.8,2317.2,109,32,33
9:15:06,2317,2317,2317.2,65,55,22
9:15:06,2317.4,2317.4,2317.6,81,22,7
9:15:07,2317.8,2317.8,2318.2,51,4,1
9:15:07,2318.2,2318.2,2318.4,73,11,71
9:15:08,2318.2,2317.8,2318.2,96,11,20
9:15:08,2318,2317.6,2318,56,15,3
9:15:09,2318,2317.6,2318,107,22,1
9:15:09,2318,2317.4,2317.6,97,18,2
9:15:10,2317.8,2317.6,2318,21,8,4
9:15:10,2317.6,2317.4,2317.6,55,10,3
9:15:11,2318,2317.6,2318.2,39,5,4
9:15:11,2318.2,2317.6,2318.2,20,15,5
9:15:12,2318,2317.8,2318,18,13,9
9:15:12,2317.8,2317.6,2318.2,28,6,21
9:15:13,2318.2,2318,2318.2,7,3,19
9:15:13,2318.2,2318,2318.2,18,2,20
9:15:14,2317.6,2317.4,2317.6,27,70,12
9:15:14,2318,2317.6,2318,32,13,93
9:15:15,2317.8,2317.6,2317.8,30,13,1
9:15:15,2317.6,2317.4,2317.6,36,71,19
9:15:16,2317.4,2317.4,2317.8,137,30,2
9:15:16,2317.4,2317.6,2317.8,28,1,5
9:15:17,2317.8,2317.8,2318,41,5,60
9:15:17,2317.8,2317.8,2318,49,4,34
9:15:18,2318,2317.8,2318,39,8,6
9:15:18,2318,2318,2318.2,31,98,21
9:15:19,2318.2,2318.2,2318.4,80,106,10
9:15:19,2318.4,2318.6,2318.8,23,9,25
9:15:20,2319.8,2318.8,2319,89,31,1
9:15:20,2319.8,2319.4,2320,46,1,29
9:15:21,2319.6,2319.4,2319.6,61,21,5
9:15:21,2319.4,2319.2,2319.4,82,13,4
9:15:22,2319.2,2319.2,2319.4,11,8,1
9:15:22,2319.4,2319,2319.4,14,57,1
9:15:23,2319.8,2319.2,2319.6,35,5,1
9:15:23,2319.6,2319.6,2319.8,16,42,5
9:15:24,2320,2320,2320.4,23,11,124
9:15:24,2319.8,2319.8,2320.4,36,17,123
9:15:25,2320.4,2319.8,2320.2,47,18,22
9:15:25,2320,2319.8,2320.2,35,14,20
9:15:26,2320.2,2320,2320.2,24,3,1
9:15:26,2320.2,2320.2,2320.4,21,34,106
9:15:27,2320.4,2320.2,2320.4,57,18,75
9:15:27,2320.4,2320.2,2320.4,43,14,40
9:15:28,2320.4,2320.4,2320.6,110,34,4
9:15:28,2320.4,2319.4,2320.2,87,16,1
9:15:29,2320,2319.8,2320,54,1,11
9:15:29,2319.6,2319.4,2319.8,37,16,17
9:15:30,2319.8,2319.4,2319.6,17,8,1
9:15:30,2319.4,2319.2,2319.4,11,2,4
9:15:31,2319.2,2318.8,2319.2,57,22,16
9:15:31,2318.8,2318.8,2319,13,20,2
9:15:32,2318.8,2319,2319.2,22,2,21
9:15:32,2318.8,2318.6,2319,27,17,2
9:15:33,2319,2318.8,2319,14,3,4
9:15:33,2318.8,2318.6,2318.8,14,8,4
9:15:34,2318.8,2318.8,2319.2,17,2,18
9:15:34,2318.8,2318.8,2319,4,1,13
9:15:35,2319,2318.6,2318.8,5,9,1
9:15:35,2318.8,2318.8,2319,9,10,9
9:15:36,2319,2319,2319.2,20,19,18
9:15:36,2319,2319,2319.2,19,7,18
9:15:37,2319.2,2318.8,2319.2,23,10,13
9:15:37,2319.2,2318.8,2319.2,11,9,11
9:15:38,2318.8,2319,2319.2,4,1,10
9:15:38,2319.2,2318.8,2319.2,6,8,7
9:15:39,2319.2,2318.6,2319.2,32,1,8
9:15:39,2319,2318.6,2318.8,35,14,15
9:15:40,2318.8,2318.6,2319,20,9,9
9:15:40,2318.8,2318.6,2318.8,14,8,1
9:15:41,2319,2318.6,2319,10,5,7
9:15:41,2318.6,2318.4,2318.6,5,17,2
9:15:42,2318.6,2318.6,2319,15,9,11
9:15:42,2319,2318.8,2319,28,2,9
9:15:43,2319,2318.6,2319,48,5,7
9:15:43,2319,2318.6,2319,2,5,10
9:15:44,2319,2318.8,2319.2,18,1,19
9:15:44,2319,2319,2319.2,15,13,15
9:15:45,2319.2,2319,2319.2,12,13,6
9:15:45,2319.2,2319.2,2319.4,16,10,2
9:15:46,2319.4,2319.4,2319.6,4,5,15
9:15:46,2319.6,2319.4,2319.6,8,14,18
9:15:47,2319,2319,2319.2,47,8,24
9:15:47,2319.2,2319,2319.2,22,2,22
9:15:48,2319.2,2319,2319.2,27,3,9
9:15:48,2319.2,2319,2319.4,9,3,9
9:15:49,2319,2319,2319.2,5,3,3
9:15:49,2319.4,2319,2319.4,10,1,7
9:15:50,2319,2318.6,2319,34,10,35
9:15:50,2319,2318.6,2319,2,10,36
9:15:51,2319,2318.6,2319,1,12,37
9:15:51,2319,2318.6,2319,3,12,39
9:15:52,2318.6,2318.6,2319,12,2,44
9:15:52,2318.6,2318.6,2318.8,2,2,5
9:15:53,2318.8,2318.4,2318.6,11,16,1
9:15:53,2318.4,2318.6,2319,19,5,28
9:15:54,2318.4,2318.4,2319,15,4,28
9:15:54,2318.4,2318.2,2318.4,18,31,15
9:15:55,2318.4,2318.2,2318.4,32,1,23
9:15:55,2318.2,2318.2,2318.4,1,2,23
9:15:56,2318.2,2318.2,2318.4,5,3,23
9:15:56,2318.2,2318,2318.2,16,40,18
9:15:57,2318.2,2318,2318.2,10,35,15
9:15:57,2318.2,2318,2318.2,19,28,8
9:15:58,2318,2317.6,2318,41,34,73
9:15:58,2317.8,2317.6,2317.8,18,32,20
9:15:59,2317.4,2317.4,2317.6,48,19,3
9:15:59,2317.4,2317.2,2317.6,34,33,5
9:16:00,2317.6,2317.6,2317.8,21,9,17
9:16:00,2317.8,2317.6,2317.8,65,7,6
9:16:01,2317.8,2317.8,2318,40,2,51
9:16:01,2317.8,2317.6,2317.8,14,17,18
9:16:02,2317.6,2317.6,2318,83,8,12
9:16:02,2318,2317.8,2318,23,6,5
9:16:03,2318,2318,2318.2,20,12,4
9:16:03,2318,2318.2,2318.4,20,9,24
9:16:04,2318.4,2318.2,2318.4,9,10,19
9:16:04,2318.2,2318.2,2318.4,7,4,14
9:16:05,2318.2,2318,2318.4,15,8,5
9:16:05,2318.4,2318.4,2318.6,20,8,10
9:16:06,2318.4,2318,2318.4,25,7,5
9:16:06,2318.2,2318,2318.4,4,7,6
9:16:07,2318.4,2318.2,2318.6,13,2,14
9:16:07,2317.8,2317.8,2318.2,19,18,2
9:16:08,2317.8,2317.8,2318.2,13,8,6
9:16:08,2318,2317.8,2318,12,8,8
9:16:09,2318,2317.8,2318,3,7,8
9:16:09,2317.8,2317.8,2318,14,1,6
9:16:10,2318.2,2318,2318.4,10,1,13
9:16:10,2317.8,2317.6,2317.8,6,21,1
9:16:11,2317.8,2317.8,2318.2,6,1,2
9:16:11,2318.2,2318,2318.4,2,7,13
9:16:12,2318.2,2318.2,2318.4,6,5,10
9:16:12,2318.4,2318.2,2318.4,6,10,6
9:16:13,2318.2,2318.6,2318.8,20,7,3
9:16:13,2319,2318.6,2319,11,12,17
9:16:14,2319,2318.8,2319,17,8,5
9:16:14,2319,2319,2319.2,13,8,9
9:16:15,2319.2,2319.2,2319.4,24,3,25
9:16:15,2319.2,2318.6,2319.2,11,9,6
9:16:16,2319.2,2319,2319.2,7,2,8
9:16:16,2319,2318.6,2319,9,11,8
9:16:17,2319,2318.8,2319,6,1,3
9:16:17,2318.8,2318.6,2318.8,18,9,1
9:16:18,2318.6,2318.6,2319,3,7,4
9:16:18,2319,2318.6,2319,3,6,3
9:16:19,2319,2318.6,2319,17,6,6
9:16:19,2319,2318.8,2319,4,1,8
9:16:20,2319,2318.8,2319,1,1,8
9:16:20,2318.8,2318.6,2318.8,5,5,8
9:16:21,2318.8,2318.6,2318.8,2,6,10
9:16:21,2318.6,2318.6,2318.8,9,23,4
9:16:22,2318.8,2318.6,2318.8,2,23,3
9:16:22,2318.6,2318.6,2318.8,7,22,1
9:16:23,2318.8,2318.6,2318.8,2,21,1
9:16:23,2318.8,2318.8,2319,2,3,9
9:16:24,2318.8,2318.8,2319,4,2,10
9:16:24,2319,2318.8,2319.2,10,22,4
9:16:25,2319,2319,2319.2,14,2,4
9:16:26,2319.2,2319,2319.2,4,2,1
9:16:26,2319.2,2319.2,2319.4,5,6,37
9:16:27,2319.4,2319.2,2319.4,2,6,35
9:16:27,2319.4,2318.8,2319.4,23,37,25
9:16:28,2319.4,2319,2319.2,17,2,2
9:16:28,2319,2319,2319.4,5,2,17
9:16:29,2319.4,2319.2,2319.4,11,14,8
9:16:29,2319.4,2319.4,2319.6,14,6,37
9:16:30,2319.6,2319.4,2319.6,13,6,29
9:16:30,2319.6,2319.4,2319.6,9,2,25
9:16:31,2319.6,2319.4,2319.6,9,1,23
9:16:31,2319.6,2319.2,2319.6,16,15,13
9:16:32,2319.6,2319.2,2319.6,20,11,2
9:16:32,2319.8,2319.2,2319.4,14,10,5
9:16:33,2319.4,2319.2,2319.4,7,7,2
9:16:33,2319.6,2319.6,2319.8,8,6,33
9:16:34,2319.6,2319.4,2319.8,32,7,40
9:16:34,2319.4,2319.4,2319.6,34,4,10
9:16:35,2319.6,2319.4,2319.6,6,1,7
9:16:35,2319.4,2319.4,2319.8,34,5,15
9:16:36,2319.8,2319.2,2319.8,17,9,5
9:16:36,2319.6,2319.6,2319.8,21,3,1
9:16:37,2319.4,2319.6,2319.8,23,13,1
9:16:37,2319.8,2319.8,2320,4,1,77
9:16:38,2319.6,2319.8,2320,6,49,77
9:16:38,2320,2319.8,2320,11,46,73
9:16:39,2320,2319.8,2320,43,48,32
9:16:39,2320,2319.8,2320,17,41,23
9:16:40,2320,2319.8,2320,11,37,19
9:16:40,2320,2319.8,2320,18,26,13
9:16:41,2320,2319.8,2320,4,25,15
9:16:41,2319.8,2319.6,2319.8,37,18,25
9:16:42,2319.6,2319.6,2319.8,6,15,36
9:16:42,2319.6,2319.4,2319.6,18,7,4
9:16:43,2319.6,2319.4,2319.6,3,5,6
9:16:43,2319.6,2319.4,2319.6,5,1,13
9:16:44,2319.6,2319.2,2319.6,8,13,8
9:16:44,2319.6,2319.2,2319.6,5,13,14
9:16:45,2319.2,2319.4,2319.6,15,5,6
9:16:45,2319.4,2319.4,2319.6,2,6,13
9:16:46,2319.4,2319.4,2319.6,8,10,10
9:16:46,2319.6,2319.4,2319.6,15,2,6
9:16:47,2319.6,2319.4,2319.6,4,12,10
9:16:47,2319.6,2319.4,2319.6,9,11,3
9:16:48,2319.2,2319.2,2319.6,15,9,2
9:16:48,2319,2318.8,2319,86,54,14
9:16:49,2319,2318.8,2319,2,45,12
9:16:49,2319,2318.8,2319,10,39,7
9:16:50,2319,2318.8,2319.4,13,40,1
9:16:51,2319.2,2319,2319.2,5,26,1
9:16:51,2319.4,2319,2319.6,12,56,11
9:16:52,2319.6,2319.2,2319.6,4,5,7
9:16:52,2319.4,2319.4,2319.6,1,9,11
9:16:53,2319.6,2319.4,2319.6,3,16,11
9:16:53,2319.6,2319.4,2319.6,1,16,11
9:16:54,2319.4,2319.4,2319.6,6,7,13
9:16:54,2319.6,2319.4,2319.6,7,3,10
9:16:55,2319.4,2319.2,2319.6,3,7,12
9:16:55,2319.6,2319,2319.2,10,49,1
9:16:56,2319.2,2319,2319.2,8,49,1
9:16:56,2319.4,2319.2,2319.4,5,1,2
9:16:57,2319.6,2319.2,2319.6,4,1,12
9:16:57,2319.4,2319.4,2319.6,1,6,12
9:16:58,2319.6,2319.4,2319.6,4,6,14
9:16:58,2319.4,2319.4,2319.6,2,5,16
9:16:59,2319.4,2319.2,2319.4,10,7,9
9:16:59,2319.4,2319.2,2319.4,8,7,3
9:17:00,2319.2,2319.2,2319.4,8,2,4
9:17:00,2319.2,2319,2319.2,12,47,1
9:17:01,2319.2,2319,2319.4,11,44,4
9:17:01,2319,2319,2319.4,5,40,19
9:17:02,2319,2319.2,2319.4,2,2,22
9:17:02,2319.4,2319,2319.4,5,38,21
9:17:03,2319.2,2319,2319.2,3,38,19
9:17:03,2319.2,2319,2319.2,15,34,8
9:17:04,2319,2319,2319.2,13,24,15
9:17:04,2319,2319,2319.2,5,23,25
9:17:05,2319,2319,2319.2,19,7,28
9:17:05,2319.2,2319,2319.2,4,5,27
9:17:06,2319,2319,2319.2,5,3,22
9:17:06,2319,2318.8,2319,4,39,4
9:17:07,2319,2318.8,2319,9,33,1
9:17:08,2319,2319,2319.2,5,17,13
9:17:08,2319,2319,2319.2,13,17,3
9:17:09,2319.2,2319.2,2319.4,6,1,28
9:17:09,2319,2319,2319.2,18,6,1
9:17:10,2319.2,2319,2319.2,1,6,1
9:17:10,2319,2319,2319.2,3,2,1
9:17:11,2319.2,2319.2,2319.4,4,2,27
9:17:11,2319.2,2319,2319.2,9,1,1
9:17:12,2319.2,2319.2,2319.4,1,9,27
9:17:13,2319.2,2319.2,2319.4,4,11,24
9:17:13,2319.4,2319.2,2319.4,26,8,1
9:17:14,2319.4,2319.4,2319.6,2,31,23
9:17:14,2319.6,2319.4,2319.6,13,30,14
9:17:15,2319.8,2319.6,2319.8,46,2,24
9:17:15,2319.8,2319.8,2320,31,35,31
9:17:16,2320,2319.8,2320,2,41,29
9:17:16,2319.8,2319.8,2320,4,39,25
9:17:17,2320,2319.8,2320,12,34,13
9:17:17,2320,2319.8,2320.2,24,31,25
9:17:18,2320,2319.8,2320,4,31,39
9:17:18,2319.8,2319.8,2320,25,26,20
9:17:19,2319.8,2319.8,2320,8,20,18
9:17:19,2319.4,2319.4,2320,38,2,6
9:17:20,2319.8,2319.4,2319.8,20,7,2
9:17:20,2319.8,2319.6,2319.8,12,1,4
9:17:21,2319.8,2319.6,2319.8,2,7,2
9:17:21,2320,2319.8,2320,5,1,3
9:17:22,2320,2319.6,2320,4,9,1
9:17:22,2320,2319.6,2320,3,12,1
9:17:23,2320,2320,2320.2,5,5,31
9:17:23,2320,2320,2320.2,16,1,30
9:17:24,2319.6,2319.6,2320.2,17,13,29
9:17:24,2320.2,2319.6,2320,10,17,7
9:17:25,2319.6,2319.6,2320.2,12,16,23
9:17:25,2320.2,2320,2320.2,3,1,42
9:17:26,2320,2320,2320.2,7,10,37
9:17:26,2320.2,2320,2320.2,4,11,33
9:17:27,2320.2,2320,2320.2,7,12,28
9:17:27,2320.2,2320,2320.2,15,1,28
9:17:28,2320.2,2319.8,2320,13,4,2
9:17:28,2320.2,2319.8,2320,8,5,2
9:17:29,2320,2319.8,2320,8,5,1
9:17:29,2320.2,2320.2,2320.4,27,15,31
9:17:30,2320.2,2320.2,2320.4,2,13,31
9:17:30,2320.4,2320.2,2320.4,17,14,17
9:17:31,2320.2,2320.2,2320.6,21,11,22
9:17:31,2320.2,2320.4,2320.6,17,24,22
9:17:32,2320.8,2320.6,2320.8,36,19,21
9:17:32,2320.8,2320.6,2320.8,18,25,4
9:17:33,2320.8,2320.8,2321,7,16,68
9:17:33,2320.8,2320.8,2321,32,10,55
9:17:34,2321,2320.6,2321,31,29,38
9:17:34,2320.6,2320.6,2320.8,38,2,3
9:17:35,2321,2320.8,2321,20,3,27
9:17:35,2320.8,2320.4,2320.8,19,18,1
9:17:36,2320.8,2320.4,2320.8,20,12,17
9:17:36,2320.6,2320.4,2321,38,18,7
9:17:37,2320.6,2320.6,2320.8,13,1,7
9:17:37,2320.4,2320.4,2320.8,5,46,13
9:17:38,2320.8,2320.4,2320.6,6,52,1
9:17:38,2320.6,2320.6,2320.8,6,5,8
9:17:39,2320.8,2320.6,2320.8,8,7,2
9:17:39,2320.8,2320.8,2321,6,17,22
9:17:40,2320.8,2320.8,2321,2,15,22
9:17:40,2321,2320.8,2321,24,16,12
9:17:41,2321,2320.8,2321,20,6,3
9:17:41,2321,2320.8,2321,13,1,1
9:17:42,2321.2,2321,2321.2,7,6,10
9:17:42,2321,2320.8,2321,23,2,8
9:17:43,2320.8,2320.6,2320.8,8,29,4
9:17:43,2321,2321,2321.2,19,39,4
9:17:44,2321,2321,2321.4,18,33,16
9:17:44,2321.2,2321.2,2321.4,32,3,13
9:17:45,2321.2,2321,2321.2,19,7,8
9:17:45,2321.6,2321.4,2321.6,44,1,7
9:17:46,2321.4,2321.4,2321.6,7,3,34
9:17:46,2321.4,2321.2,2321.4,27,2,4
9:17:47,2321.4,2321,2321.2,12,24,2
9:17:47,2321.2,2321,2321.2,12,21,1
9:17:48,2321.2,2321,2321.2,3,19,5
9:17:48,2321.2,2321,2321.4,34,13,3
9:17:49,2321.2,2321,2321.4,39,13,1
9:17:49,2321,2320.8,2321,21,11,1
9:17:50,2321,2320.8,2321,4,12,4
9:17:50,2321,2321,2321.4,14,17,8
9:17:51,2321.2,2321,2321.4,7,20,7
9:17:51,2321.4,2321.4,2321.6,32,1,13
9:17:52,2321.4,2321.4,2321.6,2,20,13
9:17:52,2321.6,2321.4,2321.6,9,18,10
9:17:53,2321.6,2321.4,2321.6,12,19,1
9:17:53,2321.6,2321.6,2321.8,1,1,42
9:17:54,2321.6,2321.4,2321.6,46,22,5
9:17:54,2321.4,2321.4,2321.6,11,14,6
9:17:55,2321.6,2321.4,2321.6,5,21,9
9:17:55,2321.6,2321.4,2321.6,15,17,39
9:17:56,2321.4,2321.2,2321.4,28,14,5
9:17:56,2321.4,2321.2,2321.4,19,4,32
9:17:57,2321.2,2321,2321.2,9,14,2
9:17:57,2321.2,2321.2,2321.4,9,1,36
9:17:58,2321.2,2321,2321.2,14,17,6
9:17:58,2321.2,2321,2321.2,7,20,3
9:17:59,2321.4,2321.2,2321.4,12,1,35
9:17:59,2321.4,2321.2,2321.4,7,2,31
9:18:00,2321,2321,2321.4,14,17,10
9:18:00,2321,2321,2321.2,24,15,7
9:18:01,2321.2,2321,2321.4,10,12,5
9:18:01,2321.2,2321.2,2321.4,28,6,6
9:18:02,2321.4,2321.2,2321.4,11,6,5
9:18:02,2321.2,2321.2,2321.4,8,3,5
9:18:03,2321.2,2321.2,2321.6,11,5,33
9:18:03,2321.4,2321.2,2321.4,8,1,15
9:18:04,2321.4,2321.2,2321.4,17,9,6
9:18:04,2321.2,2321.2,2321.4,12,12,7
9:18:05,2321.4,2321.2,2321.4,12,3,4
9:18:05,2321.2,2321.2,2321.4,5,5,4
9:18:06,2321.4,2321.2,2321.4,5,5,6
9:18:06,2321.2,2321.2,2321.6,17,7,33
9:18:07,2321.6,2321.2,2321.6,7,18,32
9:18:07,2321.6,2321.2,2321.6,6,19,30
9:18:08,2321.2,2321.2,2321.6,5,23,32
9:18:08,2321.4,2321.4,2321.6,3,1,32
9:18:09,2321.2,2321.2,2321.6,6,21,31
9:18:09,2321.6,2321.4,2321.6,3,13,30
9:18:10,2321.6,2321.4,2321.6,12,11,20
9:18:10,2321.6,2321.4,2321.6,7,13,17
9:18:11,2321.4,2321.4,2321.6,10,14,9
9:18:11,2321.6,2321.6,2321.8,11,1,27
9:18:12,2321.6,2321.6,2321.8,4,1,26
9:18:12,2321.8,2321.4,2321.8,8,18,20
9:18:13,2321.8,2321.8,2322,25,54,45
9:18:13,2322,2321.8,2322,6,57,41
9:18:14,2322,2322,2322.2,53,40,25
9:18:14,2322.2,2322,2322.2,19,43,9
9:18:15,2322.2,2322.2,2322.4,20,3,4
9:18:15,2322.4,2322.4,2322.6,16,4,12
9:18:16,2322.4,2322.2,2322.4,21,24,8
9:18:16,2322.4,2322.4,2322.6,18,1,12
9:18:17,2322.6,2322.4,2322.6,12,12,12
9:18:17,2322.4,2322.4,2322.6,22,2,7
9:18:18,2322.6,2322.4,2322.6,9,5,6
9:18:18,2322.4,2322.2,2322.4,26,11,7
9:18:19,2322,2322,2322.2,26,14,9
9:18:19,2322,2322,2322.2,19,1,3
9:18:20,2322,2321.8,2322,8,83,3
9:18:20,2322,2322,2322.2,23,3,4
9:18:21,2322.4,2322,2322.4,12,3,18
9:18:21,2322,2322,2322.2,9,13,1
9:18:22,2322,2322,2322.2,2,19,2
9:18:22,2322.4,2322.2,2322.4,5,18,3
9:18:23,2322.4,2322.2,2322.4,5,54,12
9:18:23,2322.4,2322.2,2322.4,13,45,10
9:18:24,2322.4,2322.4,2322.6,24,24,12
9:18:24,2322.4,2322.2,2322.6,19,38,14
9:18:25,2322.6,2322.2,2322.6,13,40,14
9:18:25,2322.2,2322,2322.2,48,26,4
9:18:26,2322,2322,2322.2,23,10,21
9:18:26,2322,2322,2322.2,10,5,31
9:18:27,2322.2,2321.8,2322,38,67,9
9:18:27,2321.8,2321.8,2322,7,64,7
9:18:28,2322,2321.8,2322,25,44,17
9:18:28,2321.8,2321.8,2322,4,43,20
9:18:29,2321.8,2321.8,2322,15,32,19
9:18:29,2322,2321.8,2322,11,19,26
9:18:30,2321.8,2321.8,2322,3,16,26
9:18:30,2322,2321.8,2322,14,10,18
9:18:31,2322,2322,2322.2,21,3,8
9:18:31,2322,2322,2322.2,4,20,7
9:18:32,2322.2,2322.2,2322.4,5,13,15
9:18:32,2322.2,2322.2,2322.4,4,18,21
9:18:33,2322.2,2322.2,2322.4,12,7,21
9:18:33,2322,2322,2322.4,8,34,20
9:18:34,2322.2,2322,2322.4,5,34,21
9:18:34,2322,2322,2322.2,9,29,1
9:18:35,2322,2322,2322.2,5,25,2
9:18:35,2322.2,2322.2,2322.4,13,7,25
9:18:36,2322.2,2322.2,2322.4,2,5,26
9:18:36,2322.4,2322,2322.2,6,46,2
9:18:37,2322.2,2322,2322.2,4,47,3
9:18:37,2322.4,2322,2322.4,14,44,20
9:18:38,2322,2322,2322.4,10,40,20
9:18:38,2322.4,2322.2,2322.4,6,3,19
9:18:39,2322,2322,2322.2,6,38,5
9:18:39,2322.2,2322,2322.2,1,39,5
9:18:40,2322.4,2322.4,2322.6,35,1,22
9:18:40,2322.2,2322.2,2322.6,3,7,24
9:18:41,2322.2,2322.4,2322.6,3,4,24
9:18:41,2322.6,2322.4,2322.6,9,12,17
9:18:42,2322.4,2322.4,2322.6,4,10,16
9:18:42,2322.4,2322.4,2322.6,5,10,16
9:18:43,2322.6,2322.4,2322.6,8,7,24
9:18:43,2322.4,2322.4,2322.6,7,5,19
9:18:44,2322.4,2322.4,2322.6,16,1,15
9:18:44,2322.6,2322.2,2322.6,2,11,15
9:18:45,2322.6,2322.4,2322.6,4,1,19
9:18:45,2322.2,2322.2,2322.6,6,9,20
9:18:46,2322.6,2322,2322.4,40,41,1
9:18:46,2322.2,2322.2,2322.8,17,13,51
9:18:47,2322.4,2322.2,2322.4,15,7,1
9:18:47,2322.4,2322.2,2322.6,11,1,10
9:18:48,2322.4,2322.2,2322.4,1,2,5
9:18:48,2322.4,2322.2,2322.4,2,8,10
9:18:49,2322.2,2322.2,2322.4,10,1,1
9:18:49,2322.4,2322.4,2322.6,6,6,22
9:18:50,2322.4,2322.4,2322.6,8,2,32
9:18:50,2322.4,2322.4,2322.6,8,9,27
9:18:51,2322.4,2322.4,2322.6,9,1,26
9:18:51,2322.4,2322.4,2322.8,52,3,23
9:18:52,2322.4,2322.2,2322.8,3,30,26
9:18:52,2322.4,2322.4,2322.6,37,5,4
9:18:53,2322.4,2322.4,2322.6,6,5,2
9:18:53,2322.4,2322.4,2322.6,3,6,17
9:18:54,2322.4,2322.4,2322.6,11,5,12
9:18:54,2322.4,2322.2,2322.4,7,35,3
9:18:55,2322.4,2322.2,2322.4,6,35,3
9:18:55,2322.6,2322.4,2322.6,13,3,2
9:18:56,2322.2,2322.2,2322.8,13,41,2
9:18:56,2322.4,2322.4,2322.6,5,1,6
9:18:57,2322.6,2322.4,2322.6,4,2,7
9:18:57,2322.4,2322.4,2322.6,2,9,7
9:18:58,2322.6,2322.4,2322.6,2,4,7
9:18:58,2322.4,2322.4,2322.6,3,1,13
9:18:59,2322.4,2322.4,2322.6,15,9,23
9:18:59,2322.4,2322.4,2322.6,7,2,28
9:19:00,2322.4,2322.2,2322.4,6,51,19
9:19:00,2322.4,2322.2,2322.4,12,46,43
9:19:01,2322.2,2322.2,2322.4,49,31,22
9:19:01,2322.2,2322,2322.4,34,78,31
9:19:02,2322.4,2322,2322.4,27,60,28
9:19:02,2322,2322,2322.4,24,47,36
9:19:03,2322.4,2322,2322.4,19,45,29
9:19:03,2322.4,2322,2322.4,13,40,27
9:19:04,2322,2322,2322.4,10,32,26
9:19:04,2322,2322,2322.2,20,12,1
9:19:05,2322.2,2322.2,2322.4,11,6,21
9:19:05,2322.2,2322.2,2322.4,5,7,21
9:19:06,2322.2,2322,2322.2,8,10,7
9:19:06,2322,2322,2322.2,2,14,10
9:19:07,2322.2,2322,2322.2,2,8,15
9:19:08,2322,2321.8,2322,10,57,3
9:19:08,2322.2,2322,2322.2,8,30,13
9:19:09,2322.2,2322,2322.2,7,30,12
9:19:09,2322,2322,2322.2,12,24,11
9:19:10,2322,2322,2322.2,14,37,6
9:19:10,2322.2,2322,2322.4,20,23,19
9:19:11,2322.2,2322.2,2322.4,4,3,19
9:19:11,2322.2,2322.2,2322.4,5,10,22
9:19:12,2322.2,2322.2,2322.4,5,13,21
9:19:12,2322.2,2322.2,2322.4,4,9,21
9:19:13,2322.2,2322.2,2322.4,7,7,22
9:19:14,2322.2,2322.2,2322.4,1,7,22
9:19:14,2322.2,2322.2,2322.4,8,3,20
9:19:15,2322,2322,2322.2,4,40,3
9:19:15,2322.2,2322,2322.2,2,40,6
9:19:16,2322,2322,2322.2,4,36,10
9:19:16,2322,2322,2322.2,2,39,12
9:19:17,2322,2322,2322.2,5,34,19
9:19:17,2322.2,2322,2322.2,8,28,19
9:19:18,2322.2,2322,2322.2,6,23,19
9:19:18,2322,2322,2322.2,4,20,19
9:19:19,2322,2322,2322.2,1,19,28
9:19:19,2322,2322,2322.2,4,15,29
9:19:20,2322,2322,2322.2,12,6,26
9:19:20,2322,2321.8,2322,6,43,16
9:19:21,2322,2321.8,2322,5,33,16
9:19:21,2321.8,2321.8,2322,1,56,22
9:19:22,2321.8,2321.8,2322,7,54,20
9:19:22,2322,2321.8,2322,35,26,17
9:19:23,2321.8,2321.6,2322,27,24,21
9:19:23,2321.6,2321.6,2321.8,12,12,1
9:19:24,2321.8,2321.6,2322,10,3,27
9:19:24,2321.6,2321.4,2321.6,3,18,52
9:19:25,2321.4,2321.4,2321.6,16,3,51
9:19:25,2321.4,2321.4,2321.6,38,12,50
9:19:26,2321.4,2321.4,2321.6,13,1,49
9:19:26,2321.4,2321.2,2321.4,6,34,3
9:19:27,2321.4,2321.2,2321.4,3,34,4
9:19:27,2321.6,2321.4,2321.6,12,3,46
9:19:28,2321.4,2321.2,2321.4,40,40,8
9:19:28,2321.2,2321.2,2321.4,3,52,9
9:19:29,2321.2,2321.2,2321.4,12,44,8
9:19:29,2321.2,2321.2,2321.4,5,42,13
9:19:30,2321.4,2321.2,2321.4,7,40,12
9:19:30,2321.2,2321.2,2321.4,7,37,9
9:19:31,2321.2,2321.2,2321.4,6,31,11
9:19:31,2321.2,2321.2,2321.4,9,31,6
9:19:32,2321.4,2321.2,2321.4,8,26,6
9:19:32,2321.2,2321.2,2321.4,6,26,4
9:19:33,2321.2,2321.2,2321.4,4,26,1
9:19:33,2321.4,2321.2,2321.6,7,26,10
9:19:34,2321.2,2321.2,2321.6,11,17,16
9:19:34,2321.2,2321,2321.2,24,58,1
9:19:35,2321.2,2321,2321.2,6,59,1
9:19:35,2321.2,2321.2,2321.4,3,2,1
9:19:36,2321,2321,2321.2,3,60,9
9:19:36,2321.2,2321,2321.2,2,73,9
9:19:37,2321,2321,2321.2,28,51,7
9:19:37,2321.2,2321,2321.2,8,40,7
9:19:38,2321,2321,2321.2,8,32,10
9:19:38,2321.2,2321,2321.4,28,7,5
9:19:39,2321,2320.8,2321.2,11,25,1
9:19:39,2320.8,2321,2321.2,10,7,8
9:19:40,2321,2320.8,2321.2,10,17,8
9:19:40,2321.2,2321,2321.2,4,3,5
9:19:41,2321,2320.8,2321,3,21,47
9:19:41,2321,2320.8,2321,7,61,43
9:19:42,2321,2320.8,2321,7,53,46
9:19:42,2321,2320.8,2321,24,54,26
9:19:43,2321,2320.8,2321,14,52,14
9:19:43,2321,2320.8,2321,18,44,7
9:19:44,2321,2321,2321.2,15,25,6
9:19:44,2321.2,2321,2321.2,10,28,17
9:19:45,2321,2321,2321.2,17,12,16
9:19:45,2321.2,2321,2321.2,2,41,15
9:19:46,2321.2,2321,2321.2,4,41,15
9:19:46,2321.2,2321,2321.2,2,45,14
9:19:47,2321.2,2321,2321.2,2,48,12
9:19:47,2321.4,2321,2321.4,19,44,5
9:19:48,2321.4,2321.2,2321.4,1,23,5
9:19:48,2321.4,2321.2,2321.4,4,26,16
9:19:49,2321.2,2321.4,2321.6,33,1,3
9:19:49,2321.6,2321.6,2321.8,3,4,21
9:19:50,2321.6,2321.6,2321.8,2,13,22
9:19:51,2321.6,2321.6,2321.8,2,12,32
9:19:51,2321.6,2321.6,2321.8,13,1,31
9:19:52,2321.6,2321.4,2321.8,1,22,31
9:19:52,2321.6,2321.6,2321.8,2,4,30
9:19:53,2321.8,2321.6,2321.8,3,2,29
9:19:53,2321.6,2321.6,2321.8,3,1,27
9:19:54,2321.6,2321.4,2321.8,3,17,25
9:19:55,2321.6,2321.4,2321.6,1,11,3
9:19:55,2321.6,2321.6,2321.8,4,4,25
9:19:56,2321.8,2321.6,2321.8,1,5,24
9:19:56,2321.8,2321.6,2321.8,2,11,22
9:19:57,2321.8,2321.6,2321.8,6,13,19
9:19:57,2321.8,2321.6,2321.8,3,13,16
9:19:58,2321.8,2321.2,2321.8,54,12,14
9:19:59,2321.6,2321.6,2321.8,10,3,14
9:19:59,2321.6,2321.4,2321.6,5,2,4
9:20:00,2321.6,2321.4,2321.6,2,9,3
9:20:00,2321.6,2321.6,2321.8,16,3,16
9:20:01,2321.6,2321.2,2321.6,17,10,5
9:20:01,2322,2321.6,2322,42,1,83
9:20:02,2321.8,2321.8,2322,15,12,83
9:20:02,2321.6,2321.4,2321.6,24,4,1
9:20:03,2321.6,2321.6,2321.8,11,4,13
9:20:03,2321.8,2321.6,2321.8,3,10,14
9:20:04,2321.6,2321.6,2321.8,4,12,17
9:20:04,2321.6,2321.4,2321.6,59,13,1
9:20:05,2321.4,2321.4,2322,9,10,87
9:20:06,2321.6,2321.4,2321.8,1,10,8
9:20:06,2321.8,2321.6,2321.8,1,2,12
9:20:07,2321.8,2321.6,2321.8,1,23,13
9:20:07,2321.6,2321.6,2321.8,1,23,13
9:20:08,2321.6,2321.6,2321.8,6,19,11
9:20:08,2321.8,2321.6,2321.8,3,18,12
9:20:09,2321.8,2321.6,2321.8,22,14,2
9:20:10,2321.8,2321.6,2321.8,3,14,4
9:20:10,2321.6,2321.4,2321.6,15,12,36
9:20:11,2321.6,2321.4,2321.6,38,4,6
9:20:11,2321.4,2321.2,2321.4,8,11,15
9:20:12,2321.4,2321.2,2321.4,12,11,4
9:20:12,2321.8,2321.8,2322,21,39,96
9:20:13,2322,2321.8,2322,3,41,94
9:20:13,2322,2321.8,2322,53,35,50
9:20:14,2322,2321.8,2322,17,33,35
9:20:14,2322,2321.8,2322,37,31,2
9:20:15,2322,2322,2322.2,5,3,21
9:20:15,2321.8,2321.8,2322.2,7,30,18
9:20:16,2322.2,2322,2322.2,2,5,27
9:20:16,2322.2,2322,2322.2,11,6,22
9:20:17,2322,2322,2322.2,13,3,13
9:20:17,2322.2,2322,2322.2,11,3,3
9:20:18,2322.2,2322,2322.4,5,9,18
9:20:18,2322.2,2322.2,2322.4,1,2,15
9:20:19,2322.4,2322,2322.4,11,8,8
9:20:19,2322.2,2322.2,2322.4,6,1,5
9:20:20,2322.2,2322,2322.2,2,7,1
9:20:20,2322.4,2322.4,2322.6,8,8,21
9:20:21,2322.4,2322.4,2322.6,1,14,22
9:20:22,2322.6,2322.4,2322.6,7,13,18
9:20:22,2322.6,2322.4,2322.6,7,9,20
9:20:23,2322.6,2322.4,2322.6,17,3,9
9:20:23,2322.4,2322.4,2322.6,9,3,3
9:20:24,2322.8,2322.6,2322.8,16,4,20
9:20:24,2322.8,2322.6,2322.8,18,6,9
9:20:25,2322.8,2322.6,2322.8,6,5,4
9:20:25,2322.6,2322.8,2323,11,12,125
9:20:26,2322.8,2322.8,2323,7,13,120
9:20:26,2322.8,2322.8,2323,31,2,104
9:20:27,2322.8,2322.6,2322.8,10,4,2
9:20:27,2322.8,2322.6,2322.8,7,5,1
9:20:28,2322.8,2322.6,2322.8,13,3,2
9:20:28,2323,2322.8,2323,7,2,90
9:20:29,2322.8,2322.8,2323,7,1,99
9:20:29,2323,2322.6,2322.8,2,9,2
9:20:30,2322.8,2322.8,2323,13,14,95
9:20:30,2323,2322.8,2323,48,20,50
9:20:31,2322.8,2322.8,2323,36,17,18
9:20:31,2323,2323,2323.2,20,15,17
9:20:32,2323.2,2323,2323.2,19,10,4
9:20:32,2323,2323,2323.4,13,3,11
9:20:33,2323.2,2323,2323.2,12,3,4
9:20:33,2323.2,2323,2323.4,15,1,15
9:20:34,2323.4,2323.2,2323.4,7,13,14
9:20:34,2323.4,2323.4,2323.6,29,4,44
9:20:35,2323.6,2323.4,2323.6,9,6,36
9:20:35,2323.4,2323.2,2323.4,22,2,3
9:20:36,2323.2,2323,2323.2,6,11,1
9:20:36,2323.6,2323.4,2323.6,17,11,30
9:20:37,2323.6,2323.4,2323.6,13,8,40
9:20:37,2323.4,2323.2,2323.4,11,23,3
9:20:38,2323.4,2323.4,2323.6,13,37,35
9:20:38,2323.4,2323.4,2323.6,21,25,35
9:20:39,2323.2,2323.2,2323.6,65,5,21
9:20:39,2323.4,2323.2,2323.4,8,10,2
9:20:40,2323.2,2323.2,2323.4,8,4,9
9:20:40,2323.2,2323.2,2323.4,4,2,11
9:20:41,2323.2,2323,2323.2,4,25,7
9:20:41,2323.2,2323,2323.2,8,26,6
9:20:42,2323,2323,2323.2,8,26,5
9:20:42,2323,2322.8,2323,29,25,1
9:20:43,2323,2322.8,2323,5,24,4
9:20:43,2322.8,2322.8,2323,3,23,4
9:20:44,2322.8,2322.8,2323,19,8,8
9:20:44,2322.8,2322.6,2322.8,14,9,11
9:20:45,2322.8,2322.6,2322.8,2,7,10
9:20:45,2322.6,2322.4,2322.6,19,12,45
9:20:46,2322.4,2322.4,2322.6,6,29,43
9:20:46,2322.6,2322.4,2322.6,20,11,42
9:20:47,2322.4,2322.4,2322.6,4,10,40
9:20:47,2322.6,2322.4,2322.6,5,6,39
9:20:48,2322.4,2322.4,2322.6,2,10,39
9:20:48,2322.6,2322.4,2322.6,4,22,38
9:20:49,2322.6,2322.4,2322.6,11,18,31
9:20:49,2322.6,2322.4,2322.6,12,17,20
9:20:50,2322.6,2322.4,2322.6,4,17,18
9:20:50,2322.4,2322.4,2322.6,6,16,14
9:20:51,2322.4,2322.4,2322.6,6,14,12
9:20:51,2322.4,2322.4,2322.6,2,14,11
9:20:52,2322.6,2322.4,2322.6,4,16,8
9:20:52,2322.6,2322.4,2322.6,1,19,7
9:20:53,2322.4,2322.4,2322.6,2,19,8
9:20:53,2322.4,2322.4,2322.6,5,20,7
9:20:54,2322.4,2322.4,2322.6,2,22,7
9:20:54,2322.6,2322.4,2322.6,1,21,6
9:20:55,2322.6,2322.4,2322.6,4,19,4
9:20:55,2322.4,2322.4,2322.6,4,20,1
9:20:56,2322.6,2322.4,2322.6,1,20,21
9:20:57,2322.4,2322.2,2322.4,24,23,6
9:20:57,2322.2,2322.2,2322.4,1,22,6
9:20:58,2322.2,2322.2,2322.4,7,17,12
9:20:58,2322.4,2322.2,2322.4,8,17,9
9:20:59,2322.2,2322.2,2322.4,17,2,8
9:20:59,2322,2322,2322.4,7,18,8
9:21:00,2322.4,2322,2322.4,1,18,8
9:21:00,2322.2,2322.2,2322.4,8,2,5
9:21:01,2322.2,2322,2322.2,7,16,3
9:21:01,2322,2322,2322.4,18,17,5
9:21:02,2322.4,2322,2322.6,10,13,27
9:21:02,2322.2,2322,2322.6,8,10,28
9:21:03,2322.2,2322,2322.4,5,12,49
9:21:03,2322,2322,2322.4,6,7,49
9:21:04,2322.2,2322,2322.4,9,11,46
9:21:04,2322.4,2322,2322.4,15,4,41
9:21:05,2322,2322,2322.2,12,6,5
9:21:05,2322,2322,2322.2,8,3,1
9:21:06,2322,2322.2,2322.4,3,1,31
9:21:06,2322,2321.8,2322,7,32,3
9:21:07,2322,2322,2322.2,4,1,2
9:21:07,2322.2,2322,2322.2,2,5,3
9:21:08,2322,2322,2322.4,4,14,23
9:21:08,2322.2,2322,2322.4,2,17,28
9:21:09,2322,2322,2322.4,1,17,28
9:21:09,2322,2322,2322.2,4,13,1
9:21:10,2322,2322,2322.2,3,10,1
9:21:10,2322.2,2322.2,2322.4,3,9,28
9:21:11,2322.2,2322.2,2322.4,5,4,36
9:21:11,2322.4,2322.2,2322.4,1,4,37
9:21:12,2322.2,2322.2,2322.4,3,2,26
9:21:12,2322.4,2322.2,2322.4,3,1,24
9:21:13,2322.4,2322.2,2322.4,1,1,24
9:21:13,2322.2,2322,2322.4,1,14,24
9:21:14,2322.2,2322,2322.4,2,16,23
9:21:14,2322.2,2322,2322.2,2,16,1
9:21:15,2322,2322,2322.2,8,10,1
9:21:15,2322.2,2322,2322.2,1,10,9
9:21:16,2322,2322,2322.2,2,12,20
9:21:16,2322,2321.8,2322,12,40,10
9:21:17,2321.8,2321.8,2322,23,17,18
9:21:17,2322,2321.8,2322,8,15,17
9:21:18,2321.8,2321.6,2321.8,17,9,3
9:21:18,2321.6,2321.6,2321.8,5,6,5
9:21:19,2321.6,2321.6,2321.8,3,5,13
9:21:19,2321.6,2321.6,2321.8,4,2,20
9:21:20,2321.6,2321.4,2321.6,3,13,21
9:21:21,2321.4,2321.4,2321.6,2,11,23
9:21:21,2321.4,2321.4,2321.6,5,17,23
9:21:22,2321.4,2321.4,2321.6,6,14,23
9:21:22,2321.4,2321.4,2321.6,4,12,23
9:21:23,2321.4,2321.4,2321.6,14,1,21
9:21:23,2321.4,2321.2,2321.4,1,17,2
9:21:24,2321.4,2321.2,2321.4,1,17,7
9:21:24,2321.4,2321.2,2321.4,5,16,14
9:21:25,2321.2,2321.2,2321.4,3,14,14
9:21:25,2321.2,2321.2,2321.4,9,6,14
9:21:26,2321.2,2321.2,2321.4,7,5,12
9:21:26,2321.2,2321,2321.2,88,47,12
9:21:27,2321,2321,2321.2,5,43,16
9:21:27,2321,2321,2321.2,5,41,21
9:21:28,2321,2321,2321.2,14,26,19
9:21:28,2321,2321,2321.2,7,19,20
9:21:29,2321,2321,2321.2,9,13,15
9:21:29,2321,2321,2321.2,9,7,14
9:21:30,2321,2320.8,2321,15,38,3
9:21:30,2320.8,2320.8,2321,4,37,7
9:21:31,2320.8,2320.8,2321.2,14,33,14
9:21:31,2321,2320.8,2321.2,7,32,12
9:21:32,2320.8,2320.8,2321.2,22,13,11
9:21:32,2320.8,2320.8,2321.2,11,2,11
9:21:33,2321,2320.8,2321.2,5,3,8
9:21:33,2321.2,2320.8,2321.2,4,3,5
9:21:34,2320.6,2320.8,2321,6,1,1
9:21:34,2320.6,2320.6,2321.2,10,25,5
9:21:35,2320.8,2320.8,2321.2,5,19,6
9:21:35,2321,2320.8,2321.2,12,19,4
9:21:36,2321,2320.8,2321,6,26,1
9:21:36,2321,2320.8,2321.2,10,21,4
9:21:37,2321,2321,2321.4,14,7,8
9:21:37,2321,2321,2321.4,9,1,5
9:21:38,2321,2321,2321.4,7,16,1
9:21:38,2321,2321,2321.4,4,19,1
9:21:39,2321,2321,2321.2,4,18,5
9:21:39,2321.2,2321.2,2321.6,16,6,5
9:21:40,2321.8,2321.2,2321.6,14,3,5
9:21:40,2321.2,2321.2,2321.4,5,1,6
9:21:41,2321.2,2321.2,2321.4,5,3,4
9:21:41,2321.2,2321.2,2321.4,2,1,4
9:21:42,2321.2,2321,2321.4,1,10,4
9:21:43,2321.2,2321.2,2321.4,1,1,5
9:21:43,2321.4,2321.4,2321.6,5,16,11
9:21:44,2321.2,2321,2321.2,21,9,27
9:21:45,2321.2,2321,2321.2,4,13,23
9:21:46,2321.2,2321,2321.2,19,13,6
9:21:46,2321,2321,2321.2,3,14,6
9:21:47,2321,2321,2321.2,4,17,7
9:21:47,2321.2,2321,2321.2,2,16,6
9:21:48,2321,2321,2321.2,6,14,2
9:21:48,2321,2321,2321.2,1,14,2
9:21:49,2321,2321,2321.2,1,13,3
9:21:49,2321.2,2321.2,2321.4,3,2,2
9:21:50,2321.2,2321.2,2321.4,1,1,2
9:21:50,2321,2321,2321.4,9,9,2
9:21:51,2321.4,2321,2321.2,2,10,3
9:21:51,2321.2,2321,2321.2,2,9,10
9:21:52,2321.2,2321,2321.2,2,9,9
9:21:52,2321,2321,2321.2,7,15,6
9:21:53,2321.2,2321,2321.2,3,15,4
9:21:54,2321.2,2321,2321.2,1,16,3
9:21:54,2321.2,2321,2321.2,1,16,2
9:21:55,2321.2,2321,2321.2,1,16,1
9:21:55,2321.2,2321.2,2321.4,2,4,3
9:21:56,2321.2,2321.2,2321.4,4,1,3
9:21:57,2321.6,2321.2,2321.6,6,1,11
9:21:57,2321.2,2321,2321.2,3,17,17
9:21:58,2321.2,2321,2321.2,11,11,34
9:21:58,2321.2,2321,2321.2,1,11,34
9:21:59,2320.8,2320.8,2321.2,12,26,34
9:21:59,2321,2320.8,2321.2,3,25,33
9:22:00,2321,2320.8,2321,4,25,1
9:22:00,2320.8,2320.8,2321.2,12,16,32
9:22:01,2320.8,2320.8,2321.2,14,7,28
9:22:01,2320.6,2320.4,2321,51,54,5
9:22:02,2320.6,2320.4,2320.6,20,42,1
9:22:02,2320.6,2320.4,2320.6,34,13,1
9:22:03,2321,2320.6,2321,11,1,6
9:22:03,2320.6,2320.4,2320.6,5,11,2
9:22:04,2320.4,2320.2,2320.4,12,64,30
9:22:04,2320.4,2320.2,2320.4,6,62,31
9:22:05,2320.4,2320.2,2320.4,8,58,27
9:22:05,2320.2,2320.2,2320.4,7,54,30
9:22:06,2320.4,2320.4,2320.6,53,12,4
9:22:06,2320.4,2320.4,2320.6,3,9,4
9:22:07,2320.8,2320.4,2320.8,18,8,6
9:22:07,2320.4,2320.6,2320.8,7,1,9
9:22:08,2320.4,2320.4,2320.8,6,12,14
9:22:08,2320.4,2320.4,2320.6,5,16,16
9:22:09,2320.6,2320.4,2320.6,1,17,15
9:22:09,2320.4,2320.4,2320.6,10,8,15
9:22:10,2320.4,2320.4,2320.6,4,4,21
9:22:11,2320.6,2320.2,2320.8,31,70,7
9:22:11,2320.6,2320.4,2320.6,12,8,5
9:22:12,2320.4,2320.4,2320.8,10,8,6
9:22:12,2320.6,2320.4,2320.8,4,26,5
9:22:13,2320.8,2320.6,2320.8,2,1,4
9:22:13,2320.8,2320.8,2321,6,10,22
9:22:14,2320.8,2320.8,2321,5,6,27
9:22:14,2320.8,2320.8,2321,1,8,27
9:22:15,2321,2320.8,2321,1,12,31
9:22:16,2321,2320.8,2321,10,8,26
9:22:16,2320.8,2320.8,2321,21,5,9
9:22:17,2321,2321,2321.2,13,4,32
9:22:18,2321,2321,2321.2,2,3,32
9:22:19,2321.2,2321,2321.2,21,5,12
9:22:19,2321.2,2321,2321.2,5,4,11
9:22:20,2321.2,2321,2321.2,4,5,8
9:22:20,2321.4,2321.2,2321.4,10,9,5
9:22:21,2321.4,2321.4,2321.6,7,3,5
9:22:21,2321.4,2321.4,2321.6,4,5,5
9:22:22,2321.6,2321.4,2321.6,2,6,9
9:22:22,2322,2321.6,2322,55,1,8
9:22:23,2321.6,2322,2322.2,13,1,25
9:22:23,2322.2,2322,2322.2,1,2,30
9:22:24,2322.2,2321.6,2322.2,11,3,19
9:22:24,2322.2,2321.6,2322.2,9,5,15
9:22:25,2321.6,2321.4,2321.6,11,11,37
9:22:25,2321.4,2321.4,2321.6,19,2,37
9:22:26,2321.4,2321.2,2321.6,7,12,37
9:22:26,2321.6,2321.2,2321.6,2,11,37
9:22:27,2321.6,2321.4,2321.6,6,5,35
9:22:28,2321.6,2321.4,2321.6,1,5,34
9:22:28,2321.6,2321.4,2321.6,6,4,29
9:22:29,2321.6,2321.4,2321.6,6,3,24
9:22:29,2321.4,2321.2,2321.4,6,9,2
9:22:30,2321.4,2321.2,2321.6,3,9,23
9:22:30,2321.2,2321.2,2321.6,1,8,23
9:22:31,2321.2,2321.2,2321.4,10,6,1
9:22:31,2321.4,2321.2,2321.6,1,6,14
9:22:32,2321.6,2321.2,2321.6,3,6,12
9:22:32,2321.6,2321.4,2321.6,2,2,14
9:22:33,2321.6,2321.4,2321.6,2,1,18
9:22:33,2321.4,2321.2,2321.4,2,11,1
9:22:34,2321.4,2321.2,2321.6,3,13,19
9:22:35,2321.6,2321.4,2321.6,3,1,16
9:22:35,2321.4,2321.2,2321.6,4,15,15
9:22:36,2321.6,2321.4,2321.6,2,1,18
9:22:37,2321.4,2321.2,2321.4,1,21,1
9:22:37,2321.6,2321.2,2321.6,3,20,18
9:22:38,2321.6,2321.2,2321.6,8,17,13
9:22:38,2321.2,2321.2,2321.6,1,20,13
9:22:39,2321.6,2321.2,2321.6,2,20,11
9:22:39,2321.6,2321.4,2321.6,2,6,9
9:22:40,2321.6,2321.6,2321.8,14,3,2
9:22:41,2321.6,2321.6,2321.8,1,3,4
9:22:41,2321.6,2321.6,2321.8,1,2,4
9:22:42,2321.8,2321.8,2322,4,1,51
9:22:42,2321.8,2321.6,2322,1,2,52
9:22:43,2322,2321.6,2322,1,2,51
9:22:43,2321.8,2321.6,2322,2,2,51
9:22:45,2321.6,2321.6,2321.8,1,9,1
9:22:47,2321.8,2321.6,2321.8,2,9,3
9:22:49,2321.8,2321.6,2321.8,1,12,6
9:22:49,2321.8,2321.8,2322,7,3,70
9:22:50,2322,2321.8,2322,1,3,74
9:22:51,2322,2321.8,2322,6,1,70
9:22:51,2321.8,2321.6,2321.8,2,13,1
9:22:52,2322,2321.6,2321.8,2,13,1
9:22:52,2322,2321.8,2322,18,3,60
9:22:53,2321.8,2321.6,2322,3,13,60
9:22:53,2321.8,2321.6,2322,1,13,61
9:22:54,2322,2321.8,2322,15,1,46
9:22:54,2322,2321.8,2322,22,2,24
9:22:55,2322,2321.8,2322,10,3,14
9:22:55,2322,2321.8,2322,5,21,10
9:22:56,2322,2322,2322.2,10,1,37
9:22:56,2322,2321.8,2322,2,22,9
9:22:57,2321.8,2321.8,2322,4,20,8
9:22:57,2321.8,2321.8,2322,15,5,8
9:22:58,2321.8,2321.8,2322,4,2,9
9:22:58,2321.8,2321.6,2322,4,15,16
9:23:00,2321.8,2321.6,2321.8,1,16,36
9:23:01,2321.8,2321.6,2321.8,12,5,32
9:23:01,2321.6,2321.4,2321.6,19,17,25
9:23:02,2321.6,2321.4,2321.6,13,17,12
9:23:02,2321.4,2321.4,2321.6,3,15,11
9:23:03,2321.4,2321.4,2321.6,1,14,11
9:23:03,2321.4,2321.4,2321.6,6,9,12
9:23:04,2321.4,2321.4,2321.6,7,2,12
9:23:04,2321.4,2321.2,2321.4,3,17,2
9:23:05,2321.6,2321.2,2321.4,5,17,2
9:23:05,2321.2,2321.2,2321.4,2,14,3
9:23:06,2321.4,2321.2,2321.4,6,13,1
9:23:07,2321.2,2321.2,2321.4,2,11,3
9:23:07,2321.2,2321.2,2321.4,4,13,3
9:23:08,2321.2,2321.2,2321.4,3,10,7
9:23:08,2321.2,2321,2321.2,11,29,176
9:23:09,2321.2,2320.8,2321,36,1,6
9:23:09,2320.8,2320.6,2320.8,5,14,45
9:23:10,2320.6,2320.6,2320.8,7,7,51
9:23:10,2320.6,2320.6,2320.8,5,3,30
9:23:11,2320.6,2320.4,2320.6,5,18,2
9:23:11,2320.4,2320.4,2320.6,3,15,4
9:23:12,2320.4,2320.4,2320.6,5,13,1
9:23:12,2320.8,2320.6,2320.8,5,10,29
9:23:13,2320.4,2320.2,2320.8,32,34,24
9:23:13,2320.8,2320.2,2320.6,23,36,3
9:23:14,2320.4,2320.4,2320.8,8,1,11
9:23:14,2320.6,2320.2,2320.6,13,35,1
9:23:15,2320.2,2320.2,2320.4,3,38,2
9:23:15,2320.4,2320.4,2320.6,13,4,18
9:23:16,2320.4,2320.4,2320.6,3,2,19
9:23:16,2320.4,2320.2,2320.4,17,34,4
9:23:17,2320.4,2320.2,2320.4,6,29,9
9:23:17,2320.4,2320.4,2320.6,16,12,11
9:23:18,2320.2,2320.2,2320.4,15,27,1
9:23:18,2320.2,2320.2,2320.4,4,23,2
9:23:19,2320.2,2320.6,2320.8,28,1,4
9:23:19,2320.8,2320.4,2320.8,7,1,2
9:23:20,2320.4,2320.2,2320.6,2,28,7
9:23:20,2320.6,2320.4,2320.6,9,1,2
9:23:21,2320.6,2320.6,2320.8,6,12,15
9:23:21,2320.8,2320.6,2320.8,7,9,13
9:23:22,2320.6,2320.6,2320.8,3,12,12
9:23:22,2320.6,2320.6,2320.8,4,12,9
9:23:23,2320.6,2320.6,2320.8,9,5,8
9:23:23,2320.6,2320.6,2320.8,10,1,5
9:23:24,2320.8,2320.8,2321,5,7,40
9:23:24,2320.8,2320.8,2321,1,6,40
9:23:25,2320.8,2320.8,2321,2,6,40
9:23:25,2321,2320.8,2321,12,1,35
9:23:26,2320.8,2320.8,2321,1,1,35
9:23:27,2320.8,2320.8,2321,2,6,36
9:23:27,2321,2320.8,2321,1,6,35
9:23:28,2320.8,2320.8,2321,3,5,33
9:23:28,2320.6,2320.6,2321,7,2,33
9:23:29,2321,2320.4,2321,3,11,31
9:23:29,2320.8,2320.4,2321,1,10,32
9:23:30,2320.4,2320.6,2321,1,11,35
9:23:31,2321,2320.6,2320.8,4,12,2
9:23:31,2321,2320.6,2320.8,8,13,3
9:23:33,2320.6,2320.6,2320.8,5,10,12
9:23:34,2320.6,2320.6,2320.8,1,12,12
9:23:35,2320.6,2320.6,2320.8,2,11,13
9:23:35,2320.6,2320.6,2320.8,2,9,13
9:23:36,2320.6,2320.6,2320.8,7,2,13
9:23:36,2320.4,2320.4,2320.6,4,10,1
9:23:37,2320.4,2320.4,2320.6,3,10,4
9:23:37,2320.6,2320.4,2320.6,1,10,3
9:23:38,2320.6,2320.6,2320.8,3,17,13
9:23:38,2320.6,2320.6,2320.8,6,11,14
9:23:39,2320.6,2320.6,2320.8,1,10,12
9:23:39,2320.6,2320.6,2320.8,10,3,10
9:23:40,2320.8,2320.6,2320.8,2,3,9
9:23:40,2320.8,2320.6,2320.8,7,3,2
9:23:41,2320.8,2320.6,2321,4,1,46
9:23:41,2320.6,2320.8,2321,1,1,46
9:23:42,2320.8,2320.6,2321,2,1,45
9:23:42,2320.6,2320.4,2320.8,1,16,1
9:23:43,2320.4,2320.6,2321,8,4,45
9:23:44,2320.6,2320.6,2320.8,2,5,1
9:23:44,2320.8,2320.8,2321,2,2,45
9:23:45,2320.8,2320.6,2321,3,5,45
9:23:46,2321,2320.6,2320.8,23,6,4
9:23:47,2321,2320.6,2321,7,7,27
9:23:48,2321,2320.6,2321,2,30,28
9:23:48,2320.8,2320.8,2321,3,42,44
9:23:49,2321,2320.8,2321,15,28,29
9:23:49,2321,2320.8,2321,15,34,15
9:23:50,2321,2320.8,2321,9,30,8
9:23:50,2320.8,2320.8,2321,5,30,4
9:23:51,2320.8,2320.8,2321,4,29,1
9:23:52,2321,2321,2321.2,3,2,291
9:23:53,2321,2320.8,2321.2,2,20,292
9:23:53,2320.8,2320.8,2321,5,16,7
9:23:54,2321,2320.8,2321,1,16,15
9:23:55,2320.8,2320.8,2321,1,16,32
9:23:55,2320.8,2320.8,2321,12,14,23
9:23:57,2320.8,2320.8,2321,1,18,21
9:23:58,2321,2320.8,2321,3,18,4
9:23:58,2321,2321,2321.2,6,25,293
9:23:59,2321,2321,2321.2,4,21,293
9:23:59,2321.2,2321,2321.2,2,22,291
9:24:00,2321,2321,2321.2,5,17,291
9:24:00,2321.2,2321,2321.2,13,10,286
9:24:01,2321,2321,2321.2,1,9,290
9:24:01,2321.2,2320.8,2321.2,11,18,288
9:24:02,2321.2,2320.8,2321.2,2,18,287
9:24:03,2321.2,2321,2321.2,7,4,285
9:24:03,2321.2,2321,2321.2,5,5,280
9:24:04,2321.2,2321,2321.2,2,11,278
9:24:04,2321,2321,2321.2,2,9,278
9:24:05,2321,2320.8,2321,12,33,2
9:24:05,2321,2320.8,2321,1,33,1
9:24:06,2321,2320.8,2321.2,1,34,275
9:24:07,2320.8,2320.8,2321,4,36,3
9:24:07,2321,2320.8,2321,1,37,2
9:24:08,2320.8,2320.8,2321,3,34,4
9:24:08,2320.8,2320.8,2321,1,29,5
9:24:09,2321,2320.8,2321,6,25,3
9:24:09,2320.8,2320.8,2321,9,17,7
9:24:10,2321,2320.8,2321,12,6,11
9:24:10,2320.8,2320.8,2321,3,4,25
9:24:11,2320.6,2320.6,2320.8,16,12,6
9:24:11,2320.6,2320.6,2320.8,3,12,6
9:24:12,2320.8,2320.6,2320.8,4,10,3
9:24:12,2320.6,2320.6,2320.8,1,9,3
9:24:13,2320.6,2320.4,2320.6,14,27,21
9:24:13,2320.6,2320.4,2320.6,6,25,19
9:24:14,2320.6,2320.4,2320.6,6,25,15
9:24:14,2320.4,2320.4,2320.6,3,23,14
9:24:15,2320.4,2320.4,2320.6,7,20,10
9:24:15,2320.4,2320.4,2320.6,1,19,10
9:24:16,2320.4,2320.4,2320.6,1,18,10
9:24:16,2320.6,2320.4,2320.6,8,16,8
9:24:17,2320.4,2320.4,2320.6,9,11,6
9:24:17,2320.6,2320.4,2320.8,6,13,3
9:24:18,2320.4,2320.6,2320.8,2,1,3
9:24:18,2320.4,2320.6,2320.8,1,10,3
9:24:19,2320.6,2320.6,2320.8,5,8,4
9:24:19,2320.6,2320.4,2320.8,10,14,4
9:24:20,2320.6,2320.6,2321,5,1,24
9:24:20,2320.6,2320.8,2321,1,1,23
9:24:21,2320.8,2320.6,2320.8,1,2,17
9:24:21,2320.6,2320.6,2320.8,2,1,18
9:24:22,2320.2,2320.2,2320.8,31,46,18
9:24:22,2320.2,2320.2,2320.4,17,29,1
9:24:23,2320.4,2320.2,2320.4,7,27,6
9:24:23,2320.2,2320.2,2320.4,3,25,10
9:24:24,2320.2,2320.2,2320.4,15,10,10
9:24:24,2320.2,2320,2320.4,10,183,10
9:24:25,2320,2320,2320.2,6,183,5
9:24:26,2320,2320,2320.4,22,168,8
9:24:26,2320,2320,2320.8,23,166,7
9:24:27,2320.2,2320.2,2320.6,18,23,16
9:24:27,2320.4,2320.2,2320.4,59,3,1
9:24:28,2320.2,2320.2,2320.4,17,1,1
9:24:28,2320,2320,2320.2,11,131,13
9:24:29,2320.2,2320,2320.2,5,128,11
9:24:29,2320,2320,2320.2,2,126,15
9:24:30,2320,2320,2320.2,17,112,13
9:24:30,2320,2320,2320.2,4,111,12
9:24:31,2320.2,2320,2320.2,3,109,11
9:24:31,2320,2320,2320.2,30,80,12
9:24:32,2320,2320,2320.2,54,30,11
9:24:32,2320,2320,2320.2,18,12,10
9:24:33,2320,2319.8,2320,13,20,2
9:24:33,2319.8,2319.8,2320,5,27,13
9:24:34,2320,2319.8,2320,5,44,11
9:24:34,2319.8,2319.8,2320,19,24,15
9:24:35,2320,2319.8,2320,8,20,16
9:24:35,2319.8,2319.8,2320,17,11,11
9:24:36,2319.8,2319.8,2320,6,7,10
9:24:36,2319.8,2319.6,2320,11,19,9
9:24:37,2319.6,2319.8,2320,12,3,3
9:24:37,2319.8,2319.8,2320,5,5,6
9:24:38,2319.8,2319.8,2320,14,3,4
9:24:38,2319.8,2319.6,2319.8,23,3,8
9:24:39,2319.4,2319.4,2319.6,10,13,1
9:24:39,2319.6,2319.4,2319.6,8,10,2
9:24:40,2319.4,2319.2,2319.4,15,40,4
9:24:40,2319.4,2319.2,2319.4,10,34,3
9:24:41,2319.4,2319.2,2319.6,10,33,4
9:24:41,2319.2,2319.2,2319.8,29,10,41
9:24:42,2319.8,2319.2,2319.6,8,6,3
9:24:42,2319.4,2319.2,2319.6,13,6,7
9:24:43,2319.2,2319.2,2319.6,5,3,6
9:24:43,2319.6,2319.2,2319.6,10,19,3
9:24:44,2319.4,2319.2,2319.8,16,32,24
9:24:44,2319.6,2319.4,2319.6,15,7,9
9:24:45,2319.2,2319.4,2319.6,11,3,10
9:24:45,2319.4,2319.4,2319.6,5,11,9
9:24:46,2319.4,2319.4,2319.8,14,8,20
9:24:46,2319.6,2319.4,2319.8,1,12,19
9:24:47,2319.8,2319.4,2319.8,8,27,22
9:24:47,2319.4,2319.6,2319.8,3,7,22
9:24:48,2319.6,2319.6,2319.8,10,6,14
9:24:48,2319.6,2319.6,2319.8,1,6,15
9:24:49,2319.6,2319.6,2319.8,4,4,13
9:24:49,2319.6,2319.4,2319.6,7,26,3
9:24:50,2319.6,2319.6,2319.8,8,2,13
9:24:50,2319.4,2319.4,2319.6,5,13,4
9:24:51,2319.4,2319.4,2319.6,5,8,5
9:24:51,2319.6,2319.4,2319.6,8,3,2
9:24:52,2319.4,2319.4,2319.6,6,1,9
9:24:52,2319.6,2319.2,2319.4,6,24,1
9:24:53,2319.4,2319.2,2319.4,2,33,1
9:24:53,2319.4,2319.2,2319.4,36,4,1
9:24:54,2319.4,2319.2,2319.4,13,5,2
9:24:54,2319.6,2319.6,2319.8,18,12,7
9:24:55,2319.6,2319.6,2319.8,12,6,6
9:24:55,2319.6,2319.6,2319.8,1,5,9
9:24:56,2319.6,2319.6,2319.8,1,4,15
9:24:56,2319.4,2319.4,2319.6,10,21,1
9:24:57,2319.6,2319.4,2319.6,5,32,2
9:24:57,2319.6,2319.4,2319.6,14,20,6
9:24:58,2319.6,2319.4,2319.6,6,19,1
9:24:58,2319.6,2319.4,2319.6,34,12,1
9:24:59,2319.6,2319.4,2320,1,13,33
9:24:59,2319.6,2319.4,2319.6,9,17,1
9:25:00,2319.6,2319.6,2319.8,5,13,2
9:25:01,2319.8,2319.8,2320,19,13,36
9:25:01,2319.6,2319.6,2319.8,20,1,4
9:25:02,2319.4,2319.4,2319.6,17,19,18
9:25:02,2319.2,2319.2,2319.6,56,18,11
9:25:03,2319.6,2319.2,2319.4,23,17,1
9:25:03,2319.8,2319.2,2319.8,16,12,4
9:25:04,2319.6,2319.4,2319.6,3,2,4
9:25:04,2319.4,2319.4,2319.6,3,1,14
9:25:05,2319.2,2319.4,2319.6,7,1,7
9:25:05,2319.2,2319.2,2319.6,5,15,15
9:25:06,2319.4,2319.2,2319.4,11,12,2
9:25:06,2319.2,2319.2,2319.4,10,7,7
9:25:07,2319.2,2319,2319.2,9,87,4
9:25:07,2319,2319,2319.2,4,86,20
9:25:08,2319.2,2319,2319.2,33,59,21
9:25:08,2319,2319,2319.2,11,51,32
9:25:09,2319.2,2318.8,2319.2,62,32,41
9:25:09,2318.8,2318.8,2319,7,28,16
9:25:10,2319,2318.8,2319,17,14,14
9:25:10,2319,2318.8,2319,11,5,46
9:25:11,2318.8,2318.6,2318.8,9,16,8
9:25:11,2318.8,2318.6,2318.8,3,16,31
9:25:12,2318.6,2318.6,2318.8,12,6,30
9:25:12,2318.6,2318.4,2318.8,21,27,30
9:25:13,2318.6,2318.4,2318.6,19,20,9
9:25:13,2318.6,2318.4,2318.6,17,12,4
9:25:14,2318.6,2318.6,2318.8,34,16,19
9:25:14,2318.2,2318.2,2318.4,19,34,4
9:25:15,2318.2,2318.2,2318.6,16,32,11
9:25:15,2318.6,2318.4,2318.6,23,1,8
9:25:16,2318.2,2318.2,2318.4,25,7,1
9:25:16,2318.4,2318.2,2318.4,15,4,2
9:25:17,2318.2,2318,2318.2,8,63,273
9:25:17,2318,2317.8,2318,84,12,18
9:25:18,2317.4,2317.4,2317.6,38,9,2
9:25:18,2317.2,2317.2,2317.4,21,51,4
9:25:19,2317.4,2317.2,2317.4,33,33,3
9:25:19,2317.2,2317,2317.2,63,52,16
9:25:20,2317,2317,2317.2,25,49,9
9:25:20,2317.2,2317,2317.2,36,40,5
9:25:21,2317.2,2317,2317.4,35,31,8
9:25:21,2317.2,2317.2,2317.4,38,3,6
9:25:22,2317.2,2317.4,2317.6,58,1,1
9:25:22,2317.6,2317.2,2317.6,25,2,4
9:25:23,2317.6,2317.2,2317.6,16,11,29
9:25:23,2317.2,2317.2,2317.6,9,5,26
9:25:24,2317.4,2317.2,2317.4,12,2,15
9:25:24,2317.2,2317,2317.4,9,3,18
9:25:25,2317,2316.8,2317,9,33,2
9:25:25,2316.8,2316.6,2317,53,98,2
9:25:26,2317.4,2316.6,2317.4,19,93,12
9:25:26,2316.6,2316.8,2317,73,5,45
9:25:27,2316.6,2316.8,2317,50,9,45
9:25:27,2316.6,2316.6,2316.8,26,45,24
9:25:28,2316.6,2316.6,2316.8,18,38,19
9:25:28,2316.6,2316.6,2316.8,48,3,9
9:25:29,2316.6,2316.4,2316.6,28,13,11
9:25:29,2316.6,2316.4,2316.6,14,6,7
9:25:30,2316.4,2316.2,2316.4,10,9,28
9:25:30,2316.2,2316,2316.4,28,35,32
9:25:31,2315.8,2315.8,2316,45,28,5
9:25:31,2315.6,2315.6,2315.8,86,31,16
9:25:32,2315.6,2315.6,2315.8,59,1,30
9:25:32,2315.6,2315.4,2315.6,36,19,32
9:25:33,2315.8,2315.6,2315.8,52,3,33
9:25:33,2315.8,2315.6,2315.8,31,11,13
9:25:34,2316,2315.8,2316,60,65,8
9:25:34,2316,2316,2316.2,45,111,35
9:25:35,2316.2,2316.2,2316.4,73,2,30
9:25:35,2316,2316,2316.4,78,60,2
9:25:36,2316.2,2316.2,2316.4,8,10,7
9:25:36,2316.4,2316.2,2316.4,22,5,43
9:25:37,2316.4,2316,2316.2,21,73,7
9:25:37,2316.2,2316.2,2316.4,12,2,37
9:25:38,2316,2316,2316.4,23,70,43
9:25:38,2316.4,2316,2316.4,37,68,22
9:25:39,2316.2,2316.2,2316.4,9,1,20
9:25:39,2316.4,2316,2316.2,15,42,1
9:25:40,2316.2,2316,2316.2,16,72,7
9:25:40,2316.2,2316.2,2316.4,24,5,2
9:25:41,2316.2,2316.2,2316.4,20,11,2
9:25:41,2316.6,2316.4,2316.6,7,2,17
9:25:42,2316.4,2316.2,2316.6,10,22,20
9:25:42,2316.2,2316,2316.2,44,69,7
9:25:43,2316.2,2316,2316.2,8,69,3
9:25:43,2316,2316,2316.4,39,42,39
9:25:44,2316.4,2316.2,2316.4,41,1,57
9:25:44,2316.2,2315.8,2316.2,26,38,36
9:25:45,2315.8,2315.8,2316,26,23,6
9:25:45,2315.8,2315.8,2316,13,29,16
9:25:46,2315.6,2315.6,2315.8,43,20,220
9:25:46,2315.6,2315.2,2315.6,63,19,31
9:25:47,2315.2,2315.2,2315.4,22,7,34
9:25:47,2315,2315,2315.2,63,164,8
9:25:48,2315.4,2315.2,2315.4,82,1,3
9:25:48,2315.2,2315.2,2315.4,41,2,6
9:25:49,2315.2,2315.4,2315.6,15,4,32
9:25:49,2315.4,2315.2,2315.4,44,17,3
9:25:50,2315.4,2315.2,2315.4,7,26,12
9:25:50,2315.2,2315.2,2315.4,18,23,3
9:25:51,2315.2,2315.2,2315.4,12,25,1
9:25:51,2315.2,2315.2,2315.6,16,15,31
9:25:52,2315.2,2315,2315.2,31,109,12
9:25:52,2315.2,2315,2315.2,26,179,2
9:25:53,2315,2315,2315.2,15,179,5
9:25:53,2315.2,2315.2,2315.4,23,11,9
9:25:54,2315.4,2315.2,2315.4,19,45,7
9:25:54,2315.2,2315.4,2315.6,34,42,27
9:25:55,2315.6,2315.6,2315.8,37,1,240
9:25:55,2315.6,2315.6,2315.8,32,33,224
9:25:56,2315.6,2315.4,2315.8,49,33,197
9:25:56,2315.8,2315.6,2315.8,25,5,174
9:25:57,2315.6,2315.6,2315.8,10,3,170
9:25:57,2315.8,2315.4,2315.6,11,34,21
9:25:58,2315.6,2315.4,2315.6,14,33,20
9:25:58,2315.6,2315.4,2315.6,14,33,8
9:25:59,2315.6,2315.4,2315.6,20,19,7
9:25:59,2315.4,2315.4,2315.8,20,15,153
9:26:00,2315.8,2315.4,2315.6,7,19,3
9:26:00,2315.6,2315.4,2315.6,30,13,18
9:26:01,2315.6,2315.6,2315.8,45,7,166
9:26:01,2315.6,2315.6,2315.8,10,3,164
9:26:02,2315.2,2315.2,2315.8,83,13,136
9:26:02,2315.8,2315.4,2315.8,59,41,126
9:26:03,2315.4,2315.4,2315.8,10,41,121
9:26:03,2315.6,2315.6,2315.8,24,48,120
9:26:04,2315.6,2315.6,2315.8,21,42,108
9:26:04,2315.8,2315.6,2315.8,55,32,61
9:26:05,2315.8,2315.8,2316,88,31,12
9:26:05,2316,2316,2316.2,24,5,2
9:26:06,2315.8,2315.8,2316,19,16,4
9:26:06,2316,2315.8,2316,16,11,48
9:26:07,2315.8,2315.2,2315.8,50,24,37
9:26:07,2315.6,2315.4,2315.6,63,1,14
9:26:08,2315.4,2315.4,2315.8,62,1,11
9:26:08,2315.6,2315.2,2315.6,18,25,15
9:26:09,2315.4,2315.4,2315.6,13,5,30
9:26:09,2315.4,2315.4,2315.6,13,5,18
9:26:10,2315.6,2315.4,2315.6,14,1,9
9:26:10,2315.4,2315.2,2315.4,21,31,8
9:26:11,2315.4,2315.4,2315.8,22,13,26
9:26:11,2315.8,2315.4,2315.8,9,20,24
9:26:12,2315.4,2315.2,2315.4,28,33,19
9:26:12,2315.4,2315.2,2315.4,17,39,8
9:26:13,2315.6,2315.4,2315.6,14,3,7
9:26:13,2315.6,2315.4,2315.6,3,4,5
9:26:14,2315.6,2315.4,2315.6,9,3,2
9:26:14,2315.4,2315.6,2315.8,4,1,36
9:26:15,2315.8,2315.4,2315.6,9,25,1
9:26:15,2315.6,2315.6,2315.8,7,2,29
9:26:16,2315.6,2315.6,2315.8,13,7,29
9:26:16,2315.4,2315.6,2315.8,12,5,27
9:26:17,2315.8,2315.6,2315.8,2,4,32
9:26:17,2315.8,2315.6,2315.8,15,25,20
9:26:18,2315.8,2315.6,2315.8,15,19,12
9:26:18,2315.8,2315.6,2315.8,8,28,5
9:26:19,2315.8,2315.6,2316,7,27,35
9:26:19,2315.8,2315.8,2316,4,4,33
9:26:20,2315.6,2315.6,2315.8,5,33,1
9:26:20,2316,2315.8,2316,13,1,27
9:26:21,2315.8,2315.6,2315.8,5,40,28
9:26:21,2315.8,2315.6,2315.8,7,37,24
9:26:22,2315.8,2315.6,2315.8,8,26,27
9:26:22,2315.8,2315.6,2315.8,16,18,41
9:26:23,2315.6,2315.4,2315.6,20,36,26
9:26:23,2315.4,2315.4,2315.6,52,4,12
9:26:24,2315.2,2315.2,2315.4,51,27,11
9:26:24,2315.2,2315.2,2315.4,5,27,21
9:26:25,2315.2,2315.2,2315.4,24,18,7
9:26:25,2315.2,2315,2315.4,21,238,6
9:26:26,2315.4,2315.4,2315.6,24,1,7
9:26:26,2315.4,2315,2315.4,29,239,5
9:26:27,2315.2,2315.2,2315.4,11,15,41
9:26:27,2315.2,2315.2,2315.4,13,8,38
9:26:28,2315.4,2315.2,2315.4,56,2,3
9:26:28,2315.2,2315.2,2315.4,15,3,4
9:26:29,2315.4,2315.4,2315.6,17,12,2
9:26:29,2315.4,2315.4,2315.8,9,31,17
9:26:30,2315.4,2315.4,2315.6,2,30,1
9:26:30,2315.6,2315.4,2315.6,12,20,14
9:26:31,2315.4,2315.4,2315.6,3,21,20
9:26:31,2315.6,2315.4,2315.6,9,18,15
9:26:32,2315.6,2315.4,2315.6,18,2,13
9:26:33,2315.4,2315.2,2315.4,19,41,5
9:26:33,2315.2,2315.2,2315.4,3,43,12
9:26:34,2315.4,2315.2,2315.4,5,43,9
9:26:34,2315.4,2315.4,2315.6,13,2,18
9:26:35,2315.6,2315.2,2315.6,14,43,12
9:26:35,2315.2,2315.4,2315.6,3,1,12
9:26:36,2315.4,2315.4,2315.6,14,3,13
9:26:36,2315.4,2315.2,2315.4,10,39,4
9:26:37,2315.2,2315.2,2315.4,6,38,11
9:26:37,2315.2,2315.2,2315.4,3,37,11
9:26:38,2315.2,2315.2,2315.4,4,34,13
9:26:38,2315.4,2315.2,2315.4,7,35,13
9:26:39,2315.4,2315.2,2315.4,3,34,15
9:26:39,2315.2,2315.2,2315.4,10,25,14
9:26:40,2315.4,2315.2,2315.4,7,24,7
9:26:40,2315.4,2315.2,2315.4,26,3,3
9:26:41,2315.2,2315,2315.2,34,238,6
9:26:41,2315.2,2315,2315.2,63,190,1
9:26:42,2315,2315,2315.2,14,176,15
9:26:42,2315,2315,2315.2,68,119,11
9:26:43,2315,2315,2315.2,102,23,43
9:26:43,2315,2314.8,2315,39,22,43
9:26:44,2314.8,2314.6,2314.8,34,27,6
9:26:44,2314.6,2314.6,2314.8,32,3,26
9:26:45,2314.4,2314.4,2314.6,22,5,93
9:26:45,2314,2314,2314.4,111,5,44
9:26:46,2314.2,2313.6,2314.2,32,46,6
9:26:46,2313.6,2313.8,2314,41,11,7
9:26:47,2313.8,2314,2314.2,54,1,13
9:26:47,2314,2314.2,2314.4,38,7,56
9:26:48,2314,2314,2314.4,71,127,34
9:26:48,2314.4,2314.2,2314.4,57,39,24
9:26:49,2314.4,2314.4,2314.6,32,16,153
9:26:49,2314.4,2314.4,2314.6,58,5,122
9:26:50,2314.2,2314.2,2314.4,48,51,2
9:26:50,2314.2,2314.2,2314.4,3,50,30
9:26:51,2314.2,2314.2,2314.4,18,37,35
9:26:51,2314.4,2314.2,2314.4,34,19,29
9:26:52,2314.2,2314.2,2314.4,22,12,23
9:26:52,2314.4,2314.2,2314.4,14,11,32
9:26:53,2314.2,2314.2,2314.4,9,10,28
9:26:53,2314.4,2314.2,2314.4,5,6,47
9:26:54,2314.2,2314,2314.2,11,133,1
9:26:54,2314,2314,2314.2,8,134,48
9:26:55,2314,2314,2314.2,49,114,9
9:26:55,2314.2,2314,2314.2,62,62,7
9:26:56,2314.2,2314.2,2314.4,21,11,16
9:26:56,2314,2314,2314.4,21,57,15
9:26:57,2314.2,2314.2,2314.4,17,19,18
9:26:57,2314.4,2314.2,2314.4,10,25,29
9:26:58,2314.2,2314.2,2314.4,20,24,20
9:26:58,2314.4,2314.2,2314.4,21,18,23
9:26:59,2314.2,2314.2,2314.4,22,15,16
9:26:59,2314.4,2314.4,2314.6,33,2,69
9:27:00,2314.4,2314.4,2314.6,5,3,64
9:27:00,2314.4,2314.4,2314.6,47,62,49
9:27:01,2314.6,2314.4,2314.6,68,41,14
9:27:01,2314.8,2314.6,2314.8,30,14,33
9:27:02,2314.6,2314.6,2314.8,56,3,30
9:27:02,2314.8,2314.6,2315,61,5,51
9:27:03,2314.8,2314.8,2315,42,19,29
9:27:03,2315,2314.8,2315,44,2,18
9:27:04,2314.6,2314.6,2315,10,4,24
9:27:04,2314.8,2314.8,2315,26,13,16
9:27:05,2315,2314.8,2315,23,4,8
9:27:05,2315,2314.8,2315,27,1,1
9:27:06,2315.2,2315,2315.2,8,8,14
9:27:06,2314.8,2314.6,2314.8,21,4,8
9:27:07,2314.8,2314.8,2315,23,9,34
9:27:07,2314.8,2314.6,2314.8,25,4,10
9:27:08,2314.8,2314.6,2314.8,7,2,16
9:27:08,2314.6,2314.4,2314.6,9,21,1
9:27:09,2314.8,2314.4,2314.8,14,19,8
9:27:09,2314.6,2314.4,2314.6,13,14,19
9:27:10,2314.6,2314.4,2314.6,15,7,26
9:27:10,2314.4,2314.2,2314.4,17,17,27
9:27:11,2314.4,2314.2,2314.4,14,9,24
9:27:11,2314.2,2314,2314.4,12,126,21
9:27:12,2314.2,2314,2314.4,8,122,20
9:27:12,2314.4,2314.4,2314.6,28,1,13
9:27:13,2314.4,2314.4,2314.6,10,6,11
9:27:13,2314.4,2314.4,2314.6,5,2,11
9:27:14,2314.4,2314.4,2314.6,3,5,7
9:27:14,2314.4,2314.4,2314.6,7,3,5
9:27:15,2314.4,2314.4,2314.6,2,1,5
9:27:15,2314.4,2314.2,2314.6,10,3,9
9:27:16,2314.6,2314.4,2314.6,3,6,10
9:27:16,2314.4,2314.2,2314.6,8,13,18
9:27:17,2314.4,2314.2,2314.4,1,15,9
9:27:17,2314.4,2314.2,2314.4,8,27,5
9:27:18,2314.4,2314.4,2314.6,12,6,11
9:27:19,2314.6,2314.4,2314.6,3,10,8
9:27:19,2314.6,2314.4,2314.6,4,13,4
9:27:20,2314.8,2314.6,2314.8,10,3,24
9:27:20,2314.6,2314.4,2314.6,3,16,87
9:27:21,2314.6,2314.4,2314.6,5,16,83
9:27:21,2314.4,2314.2,2314.4,50,56,44
9:27:22,2314.4,2314.2,2314.4,23,55,26
9:27:22,2314.2,2314.2,2314.4,8,45,19
9:27:23,2314.4,2314.2,2314.4,14,43,15
9:27:23,2314.4,2314.2,2314.4,6,43,61
9:27:24,2314.4,2314.2,2314.4,11,40,55
9:27:24,2314.2,2314.2,2314.4,6,41,53
9:27:25,2314.4,2314.2,2314.4,5,42,48
9:27:25,2314.4,2314.2,2314.4,5,42,45
9:27:26,2314.4,2314.2,2314.4,4,42,42
9:27:26,2314.4,2314.2,2314.4,11,37,37
9:27:27,2314.4,2314.2,2314.4,1,39,36
9:27:27,2314.2,2314.2,2314.4,16,35,25
9:27:28,2314.4,2314.2,2314.4,2,34,24
9:27:28,2314.4,2314.2,2314.4,26,20,12
9:27:29,2314.2,2314,2314.2,31,138,3
9:27:29,2314.2,2314,2314.4,4,147,13
9:27:30,2314.2,2314,2314.2,10,145,2
9:27:30,2314,2314,2314.2,9,142,15
9:27:31,2314,2314,2314.2,13,136,10
9:27:31,2314.2,2314,2314.2,37,101,12
9:27:32,2314,2314,2314.2,17,88,12
9:27:32,2314,2314,2314.2,50,38,15
9:27:33,2314,2314,2314.2,25,14,14
9:27:33,2314,2313.8,2314,15,189,4
9:27:34,2314,2313.8,2314,16,177,11
9:27:34,2314,2314,2314.2,25,20,14
9:27:35,2314,2314,2314.2,12,17,14
9:27:35,2314,2314,2314.2,8,28,15
9:27:36,2314,2314,2314.2,17,26,15
9:27:36,2314.2,2314,2314.2,4,20,13
9:27:37,2314,2314,2314.2,11,12,15
9:27:37,2314,2313.8,2314,22,173,84
9:27:38,2314,2313.8,2314,10,173,76
9:27:38,2313.8,2313.8,2314,14,166,74
9:27:39,2314,2313.8,2314,17,161,64
9:27:39,2313.8,2313.8,2314,6,169,59
9:27:40,2314,2313.8,2314,8,166,66
9:27:40,2314,2313.8,2314,33,135,76
9:27:41,2314,2313.8,2314,10,134,67
9:27:41,2314,2313.8,2314,4,132,66
9:27:42,2314,2313.8,2314,101,61,37
9:27:42,2313.8,2313.6,2313.8,68,17,35
9:27:43,2313.6,2313.4,2313.6,27,24,3
9:27:43,2313.6,2313.4,2313.6,21,8,22
9:27:44,2313.2,2313.2,2313.4,23,44,76
9:27:44,2313.2,2313,2313.2,84,128,5
9:27:45,2313.2,2313.2,2313.4,21,2,75
9:27:45,2313.2,2313,2313.4,38,120,80
9:27:46,2313.2,2313,2313.2,11,110,6
9:27:46,2313.2,2313.2,2313.4,17,2,74
9:27:47,2313.2,2313.2,2313.4,10,6,74
9:27:47,2313.4,2313.2,2313.4,20,13,59
9:27:48,2313.2,2313.2,2313.4,28,21,44
9:27:48,2313.4,2313.2,2313.4,48,21,34
9:27:49,2313.2,2313.2,2313.4,21,19,27
9:27:49,2313.2,2313.2,2313.4,8,16,37
9:27:50,2313.4,2313.2,2313.4,6,11,31
9:27:50,2313.4,2313.2,2313.4,5,9,32
9:27:51,2313.4,2313.2,2313.4,14,2,27
9:27:51,2313.4,2313,2313.2,15,120,1
9:27:52,2313.2,2313,2313.4,17,116,15
9:27:52,2313.2,2313,2313.4,103,24,25
9:27:53,2312.8,2312.8,2313,28,30,3
9:27:53,2312.8,2312.6,2312.8,45,10,3
9:27:54,2312.6,2312.4,2312.6,20,30,56
9:27:54,2312.6,2312.2,2312.4,60,70,6
9:27:55,2312.2,2312.2,2312.4,16,62,5
9:27:55,2312.6,2312.2,2312.6,48,31,16
9:27:56,2312.4,2312.4,2312.6,18,26,12
9:27:56,2312.6,2312.6,2312.8,28,10,15
9:27:57,2312.8,2312.8,2313,45,6,44
9:27:57,2313,2312.6,2312.8,84,2,3
9:27:58,2312.6,2312.6,2312.8,25,14,5
9:27:58,2312.8,2312.6,2312.8,39,2,4
9:27:59,2312.6,2312.6,2312.8,10,8,5
9:27:59,2312.8,2312.6,2312.8,7,7,1
9:28:00,2312.6,2312.4,2312.6,11,10,46
9:28:00,2312.6,2312.4,2312.6,39,16,32
9:28:01,2312.6,2312.6,2312.8,78,1,2
9:28:01,2312.8,2312.8,2313.4,58,5,5
9:28:02,2313.4,2313.4,2313.6,26,4,8
9:28:02,2313.4,2313,2313.4,33,42,6
9:28:03,2313.4,2313.2,2313.4,10,14,14
9:28:03,2313.4,2313.2,2313.4,12,19,4
9:28:04,2313.2,2313.2,2313.4,24,4,36
9:28:04,2313.4,2313,2313.2,22,2,12
9:28:05,2313,2312.8,2313,9,16,3
9:28:05,2313.2,2313,2313.2,15,1,16
9:28:06,2313,2313,2313.2,9,7,15
9:28:06,2313,2313,2313.2,12,2,20
9:28:07,2313,2312.8,2313,6,18,8
9:28:07,2313,2313,2313.2,15,7,24
9:28:08,2313.2,2313,2313.2,16,1,21
9:28:08,2313,2313,2313.2,12,5,20
9:28:09,2313,2313,2313.2,4,1,20
9:28:09,2313,2312.8,2313.2,6,22,20
9:28:10,2312.8,2312.8,2313.2,14,19,8
9:28:10,2313.2,2312.8,2313.2,9,20,3
9:28:11,2312.8,2312.6,2312.8,39,46,50
9:28:11,2312.8,2312.6,2312.8,22,36,39
9:28:12,2312.8,2312.6,2312.8,30,12,33
9:28:12,2312.6,2312.4,2312.6,42,15,4
9:28:13,2312.6,2312.6,2312.8,20,5,30
9:28:13,2312.8,2312.4,2312.8,28,1,23
9:28:14,2312.6,2312.6,2312.8,12,2,15
9:28:14,2312.6,2312.4,2312.6,6,29,14
9:28:15,2312.6,2312.4,2312.6,3,29,11
9:28:15,2312.6,2312.4,2312.6,8,29,7
9:28:16,2312.6,2312.6,2312.8,9,8,10
9:28:16,2312.8,2312.8,2313,11,12,10
9:28:17,2313,2312.8,2313,14,10,4
9:28:17,2312.8,2312.8,2313,4,7,3
9:28:18,2312.8,2312.8,2313,4,5,12
9:28:18,2312.6,2312.6,2312.8,24,27,11
9:28:19,2312.8,2312.6,2313,12,27,36
9:28:19,2313,2312.8,2313,12,1,33
9:28:20,2312.8,2312.6,2312.8,12,23,1
9:28:20,2313,2312.6,2313,9,20,23
9:28:21,2313,2312.6,2313,22,21,7
9:28:21,2313,2312.8,2313.2,21,1,8
9:28:22,2313,2312.8,2313.2,5,1,10
9:28:22,2313,2313.2,2313.4,19,1,42
9:28:23,2313.4,2313.2,2313.4,5,13,40
9:28:23,2313.4,2313.2,2313.4,9,10,34
9:28:24,2313.4,2313.2,2313.4,4,17,32
9:28:24,2313.4,2313.2,2313.4,3,16,31
9:28:25,2313.4,2313.2,2313.4,9,14,27
9:28:25,2313.4,2313.4,2313.6,29,85,16
9:28:26,2313.8,2313.6,2313.8,22,15,35
9:28:26,2313.8,2313.6,2313.8,21,14,27
9:28:27,2313.8,2313.6,2313.8,20,2,23
9:28:27,2313.8,2313.6,2313.8,16,5,21
9:28:28,2313.6,2313.4,2313.6,12,103,10
9:28:28,2313.6,2313.4,2313.6,12,101,4
9:28:29,2313.4,2313.4,2313.8,13,96,12
9:28:29,2313.4,2313.4,2313.8,12,92,6
9:28:30,2313.4,2313.8,2314,29,1,19
9:28:30,2313.8,2313.8,2314,8,1,18
9:28:31,2314,2313.8,2314,4,1,24
9:28:31,2313.8,2313.6,2314,8,52,23
9:28:32,2314,2313.8,2314,9,1,21
9:28:32,2314.2,2314,2314.2,26,12,10
9:28:33,2314.2,2314,2314.2,5,33,8
9:28:33,2314.4,2314.2,2314.4,14,7,19
9:28:34,2314.2,2314,2314.2,35,23,11
9:28:34,2314,2313.6,2314.4,42,57,13
9:28:35,2314.2,2314,2314.2,14,1,46
9:28:35,2314,2313.6,2314,29,53,11
9:28:36,2314,2313.6,2313.8,4,60,6
9:28:36,2313.6,2313.6,2313.8,28,37,1
9:28:37,2314,2313.6,2314,15,34,20
9:28:37,2314,2313.4,2313.8,48,71,3
9:28:38,2313.8,2313.6,2313.8,2,2,1
9:28:38,2314,2313.6,2313.8,8,1,2
9:28:39,2313.8,2313.6,2313.8,2,2,18
9:28:39,2313.8,2313.6,2313.8,6,1,16
9:28:40,2313.6,2313.4,2313.6,16,77,6
9:28:40,2313.6,2313.4,2313.6,8,71,2
9:28:41,2313.8,2313.6,2313.8,15,5,24
9:28:41,2313.8,2313.6,2313.8,4,4,22
9:28:42,2313.8,2313.6,2313.8,4,3,19
9:28:42,2313.6,2313.4,2313.8,7,67,5
9:28:43,2313.8,2313.4,2313.8,2,66,4
9:28:43,2313.6,2313.4,2313.8,1,66,4
9:28:44,2313.8,2313.4,2313.8,4,66,1
9:28:44,2313.8,2313.6,2313.8,12,1,12
9:28:45,2313.4,2313.4,2313.6,4,55,1
9:28:45,2313.4,2313.6,2313.8,4,1,11
9:28:46,2313.6,2313.6,2313.8,1,1,13
9:28:46,2313.6,2313.6,2313.8,6,2,13
9:28:47,2313.6,2313.4,2313.6,5,54,3
9:28:47,2313.6,2313.4,2313.6,3,54,10
9:28:48,2313.6,2313.4,2313.6,20,53,5
9:28:49,2313.4,2313.4,2313.6,13,45,3
9:28:49,2313.4,2313.4,2313.6,9,36,4
9:28:50,2313.4,2313.4,2313.6,39,11,2
9:28:50,2313.4,2313.4,2313.6,3,8,4
9:28:51,2313.4,2313.4,2313.6,7,1,19
9:28:51,2313.4,2313.2,2313.4,3,14,16
9:28:52,2313.4,2313,2313.4,20,49,11
9:28:52,2313.2,2313.2,2313.4,1,2,12
9:28:53,2313.2,2313,2313.2,52,1,1
9:28:53,2313.4,2312.8,2313.4,8,16,7
9:28:54,2313.4,2313,2313.4,2,3,4
9:28:54,2313,2313,2313.2,2,1,1
9:28:55,2313.2,2313.2,2313.4,2,1,5
9:28:55,2313,2313,2313.2,5,3,1
9:28:56,2313.2,2313,2313.2,6,29,30
9:28:56,2313.2,2313,2313.2,6,28,26
9:28:57,2313.2,2313,2313.2,3,39,23
9:28:57,2313.2,2313,2313.2,7,36,19
9:28:58,2313.2,2313,2313.2,15,28,14
9:28:58,2313.2,2313,2313.2,9,30,7
9:28:59,2313.4,2313.2,2313.4,21,7,4
9:28:59,2313,2313.2,2313.4,12,2,4
9:29:00,2313.4,2313.4,2313.6,6,2,2
9:29:00,2313.2,2313.2,2313.6,7,7,2
9:29:01,2313.6,2313.4,2313.8,14,4,14
9:29:01,2313.6,2313.6,2313.8,10,2,11
9:29:02,2313.6,2313.6,2313.8,10,3,11
9:29:02,2313.4,2313.8,2314,15,3,25
9:29:03,2313.6,2313.8,2314,2,5,25
9:29:03,2314,2313.8,2314,5,7,20
9:29:04,2314,2313.8,2314,17,1,13
9:29:04,2314,2314,2314.2,14,5,64
9:29:05,2314.2,2314,2314.2,3,4,64
9:29:05,2314.2,2314,2314.2,11,1,57
9:29:06,2314.2,2314,2314.2,11,2,50
9:29:06,2313.8,2313.8,2314,12,1,9
9:29:07,2314,2313.6,2314,5,7,7
9:29:07,2314,2313.6,2314,10,8,2
9:29:08,2314,2313.6,2314,3,8,38
9:29:08,2313.4,2313.4,2313.6,16,13,9
9:29:09,2313.6,2313.4,2313.6,15,1,11
9:29:09,2313.4,2313.2,2313.4,6,9,1
9:29:10,2313.6,2313.2,2313.6,5,9,9
9:29:10,2313.4,2313.2,2313.4,2,10,3
9:29:11,2313.4,2313.2,2313.4,2,10,2
9:29:11,2313.6,2313.2,2313.6,4,20,8
9:29:12,2313.2,2313.4,2313.6,3,4,7
9:29:12,2313.4,2313.4,2313.6,12,16,1
9:29:13,2313.6,2313.4,2313.6,4,24,2
9:29:13,2313.4,2313.4,2313.6,4,22,1
9:29:14,2313.6,2313.6,2313.8,2,10,8
9:29:15,2313.6,2313.6,2313.8,12,6,9
9:29:15,2313.8,2313.6,2313.8,1,6,8
9:29:16,2313.6,2313.4,2313.6,15,28,7
9:29:16,2313.6,2313.4,2313.6,3,27,5
9:29:17,2313.6,2313.4,2313.6,13,19,1
9:29:17,2313.6,2313.4,2313.6,9,19,3
9:29:18,2313.6,2313.4,2314,4,19,18
9:29:18,2313.6,2313.6,2314,8,1,20
9:29:19,2314,2313.6,2313.8,3,3,3
9:29:19,2313.6,2313.6,2313.8,2,6,3
9:29:20,2313.8,2313.6,2313.8,2,6,2
9:29:20,2314,2313.8,2314,4,3,19
9:29:21,2313.8,2313.8,2314,8,4,17
9:29:21,2314,2313.8,2314,2,11,17
9:29:22,2314,2313.8,2314,1,19,16
9:29:22,2314,2313.8,2314,18,13,3
9:29:23,2314,2314,2314.2,13,5,57
9:29:23,2314,2314,2314.2,5,4,54
9:29:24,2313.8,2313.6,2313.8,14,10,21
9:29:24,2313.8,2313.6,2313.8,4,10,17
9:29:25,2313.6,2313.6,2314,33,4,3
9:29:25,2313.8,2313.6,2313.8,6,7,26
9:29:26,2313.8,2313.6,2313.8,37,9,13
9:29:26,2313.8,2313.6,2313.8,9,10,10
9:29:27,2313.6,2313.6,2313.8,2,9,10
9:29:27,2313.6,2313.6,2313.8,5,8,3
9:29:28,2313.6,2313.6,2313.8,2,7,4
9:29:28,2313.8,2313.6,2313.8,2,8,2
9:29:29,2313.6,2313.6,2313.8,3,6,1
9:29:29,2313.6,2313.6,2314,8,5,12
9:29:30,2314,2313.6,2314,7,7,8
9:29:30,2313.6,2313.6,2314,1,14,10
9:29:31,2314,2313.8,2314,3,6,10
9:29:31,2314,2313.8,2314,4,5,13
9:29:32,2313.8,2313.8,2314,3,4,13
9:29:32,2314,2313.8,2314,2,4,13
9:29:33,2313.8,2313.8,2314,3,3,32
9:29:33,2314,2313.8,2314,17,4,17
9:29:34,2314,2313.8,2314,1,4,21
9:29:34,2313.6,2313.6,2313.8,6,28,1
9:29:35,2313.6,2313.6,2314,23,13,18
9:29:35,2313.6,2313.6,2314,4,11,19
9:29:36,2313.6,2313.6,2314,5,9,16
9:29:36,2313.6,2313.6,2314,4,7,16
9:29:37,2313.6,2313.6,2313.8,5,2,5
9:29:37,2313.4,2313.4,2313.6,8,37,3
9:29:38,2313.4,2313.4,2313.6,6,34,3
9:29:38,2313.4,2313.4,2313.6,10,28,2
9:29:39,2313.6,2313.6,2313.8,8,3,12
9:29:39,2313.4,2313.4,2313.6,22,8,26
9:29:40,2313.4,2313.4,2313.6,7,4,42
9:29:40,2313.4,2313.2,2313.4,15,70,36
9:29:41,2313.2,2313.2,2313.4,34,52,42
9:29:41,2313.2,2313.2,2313.4,40,12,45
9:29:42,2313.2,2313,2313.2,12,42,10
9:29:42,2313,2312.8,2313,40,20,1
9:29:43,2312.8,2312.6,2312.8,43,119,1
9:29:43,2312.6,2312.8,2313,43,8,5
9:29:44,2312.8,2312.8,2313.2,37,8,16
9:29:44,2312.8,2312.8,2313,24,31,2
9:29:45,2312.8,2312.6,2312.8,33,105,1
9:29:45,2312.8,2312.6,2312.8,7,114,25
9:29:46,2312.6,2312.6,2312.8,29,86,28
9:29:46,2312.6,2312.6,2312.8,89,1,33
9:29:47,2312.6,2312.4,2312.6,17,13,48
9:29:47,2312.4,2312.2,2312.4,25,116,6
9:29:48,2312.2,2312.2,2312.4,25,104,5
9:29:48,2312.6,2312.4,2312.6,34,34,43
9:29:49,2312.4,2312.4,2312.6,48,16,34
9:29:49,2312.6,2312.4,2312.6,38,2,16
9:29:50,2312.4,2312.2,2312.4,25,89,10
9:29:50,2312.6,2312.6,2312.8,32,6,30
9:29:51,2312.6,2312.6,2312.8,32,9,5
9:29:51,2312.6,2312.8,2313,16,1,6
9:29:52,2312.6,2312.6,2312.8,11,10,2
9:29:52,2312.8,2312.6,2312.8,6,5,5
9:29:53,2312.8,2312.8,2313,15,12,8
9:29:53,2312.8,2312.8,2313,3,9,18
9:29:54,2312.8,2312.8,2313,3,6,20
9:29:54,2312.6,2312.4,2312.6,25,34,1
9:29:55,2312.8,2312.8,2313,6,19,24
9:29:55,2312.8,2312.8,2313,5,15,23
9:29:56,2312.6,2312.4,2312.6,24,37,27
9:29:56,2312.6,2312.4,2312.6,5,37,23
9:29:57,2312.6,2312.4,2312.6,22,33,6
9:29:57,2312.6,2312.4,2312.6,4,33,3
9:29:58,2312.4,2312.4,2312.8,10,33,6
9:29:58,2312.8,2312.4,2312.8,11,31,5
9:29:59,2312.6,2312.4,2312.8,8,19,4
9:29:59,2312.4,2312.6,2313,12,3,23
9:30:00,2312.2,2312.2,2312.6,31,91,2
9:30:00,2312.2,2312.2,2313,73,60,1
9:30:01,2312.4,2312.4,2312.8,28,39,10
9:30:01,2312.4,2312.4,2312.8,83,12,8
9:30:02,2312.6,2312.2,2312.6,57,46,1
9:30:02,2312.4,2312.4,2312.6,19,4,1
9:30:03,2312.6,2312.4,2312.6,17,8,8
9:30:03,2312.4,2312.4,2312.6,18,4,21
9:30:04,2312.4,2312.2,2312.4,16,36,7
9:30:04,2312.4,2312.4,2312.6,34,1,8
9:30:05,2312.8,2312.6,2312.8,31,2,1
9:30:05,2312.4,2312.2,2312.4,9,29,2
9:30:06,2312.6,2312.4,2312.8,7,42,1
9:30:06,2312.8,2312.6,2312.8,7,1,2
9:30:07,2312.8,2312.8,2313,3,22,24
9:30:07,2312.8,2312.8,2313,11,11,24
9:30:08,2312.8,2312.8,2313,19,9,13
9:30:08,2313,2312.8,2313,14,4,5
9:30:09,2313,2313,2313.2,8,1,26
9:30:09,2313.2,2313,2313.2,10,3,18
9:30:10,2313.2,2313,2313.2,10,6,13
9:30:10,2313.2,2313,2313.2,11,3,6
9:30:11,2313.2,2313,2313.2,7,12,1
9:30:11,2313.2,2313.2,2313.4,4,6,10
9:30:12,2313.2,2313.2,2313.4,25,22,19
9:30:12,2312.8,2312.6,2312.8,69,41,4
9:30:13,2313.4,2313,2313.6,13,16,7
9:30:13,2313.4,2313.2,2313.4,14,8,15
9:30:14,2313.2,2313.2,2313.4,12,5,9
9:30:14,2313.4,2313.2,2313.4,5,4,13
9:30:15,2313.4,2313,2313.4,8,21,9
9:30:15,2313.4,2313,2313.4,9,21,2
9:30:16,2313.6,2313,2313.2,14,17,2
9:30:16,2313,2313.4,2313.6,18,5,21
9:30:17,2313.8,2313.4,2313.8,24,8,7
9:30:17,2314,2313.4,2314,14,4,8
9:30:18,2313.6,2313.8,2314,2,2,19
9:30:18,2314,2313.8,2314,14,2,8
9:30:19,2314,2313.8,2314,11,6,26
9:30:19,2314,2313.4,2314,13,9,31
9:30:20,2313.8,2313.4,2313.8,6,12,11
9:30:20,2314,2313.4,2314,29,1,32
9:30:21,2314,2313.8,2314,29,7,23
9:30:21,2314,2313.8,2314,5,11,26
9:30:22,2314,2313.6,2314,19,3,17
9:30:22,2313.8,2313.8,2314,5,6,16
9:30:23,2314,2313.8,2314,8,6,11
9:30:23,2314,2314,2314.2,16,3,57
9:30:24,2314,2313.4,2314.2,31,16,43
9:30:24,2313.6,2313.6,2314,8,6,11
9:30:25,2313.8,2313.6,2313.8,11,5,8
9:30:25,2314,2313.8,2314,15,3,37
9:30:26,2314,2313.8,2314,13,3,30
9:30:26,2314,2313.6,2314,6,5,36
9:30:27,2314,2313.6,2314,2,8,35
9:30:27,2313.6,2313.6,2314,11,1,31
9:30:28,2314,2314,2314.2,35,9,44
9:30:28,2314.2,2314,2314.2,18,1,40
9:30:29,2314,2313.6,2314,6,6,33
9:30:29,2314,2313.6,2313.8,6,11,1
9:30:30,2314,2313.8,2314,5,6,33
9:30:30,2313.8,2313.8,2314,10,5,28
9:30:31,2313.8,2313.6,2313.8,7,15,5
9:30:31,2313.8,2313.6,2313.8,4,13,3
9:30:32,2314,2313.8,2314,25,2,9
9:30:32,2314,2313.8,2314,2,3,8
9:30:33,2314,2313.8,2314,1,4,7
9:30:33,2314.2,2313.8,2314.2,12,5,69
9:30:34,2314.2,2314,2314.2,2,2,69
9:30:34,2313.8,2313.8,2314.2,7,5,67
9:30:35,2313.8,2313.8,2314.2,5,12,67
9:30:35,2314.2,2313.8,2314.2,9,12,62
9:30:36,2314,2313.8,2314.2,16,9,53
9:30:36,2314,2314,2314.2,19,7,49
9:30:37,2314,2314,2314.2,6,2,48
9:30:37,2314,2314,2314.2,7,7,49
9:30:38,2314.2,2314,2314.2,40,2,14
9:30:38,2314,2313.8,2314,38,10,5
9:30:39,2314,2314.2,2314.4,13,1,48
9:30:39,2314,2314,2314.2,13,3,1
9:30:40,2314,2313.8,2314.2,3,10,47
9:30:40,2314.2,2314,2314.2,2,1,54
9:30:41,2314,2313.8,2314,6,11,9
9:30:41,2313.8,2313.6,2313.8,18,24,14
9:30:42,2313.8,2313.6,2313.8,26,19,2
9:30:42,2313.8,2313.6,2313.8,8,16,14
9:30:43,2313.8,2313.6,2313.8,3,23,11
9:30:43,2313.6,2313.6,2313.8,10,18,9
9:30:44,2313.8,2313.6,2313.8,4,16,11
9:30:44,2313.6,2313.6,2313.8,10,8,10
9:30:45,2313.8,2313.6,2313.8,17,9,1
9:30:46,2313.8,2313.8,2314,8,6,13
9:30:46,2314,2313.8,2314,2,8,12
9:30:47,2313.8,2313.8,2314,1,8,7
9:30:47,2314,2313.8,2314,5,8,5
9:30:48,2314,2313.8,2314,4,8,5
9:30:48,2313.8,2313.8,2314,6,3,5
9:30:49,2313.8,2313.6,2313.8,8,18,7
9:30:49,2313.8,2313.6,2314,7,18,15
9:30:50,2314,2313.6,2314,4,18,12
9:30:50,2314,2313.6,2314,3,18,10
9:30:51,2314,2313.6,2314,1,18,11
9:30:51,2314,2313.8,2314,10,1,2
9:30:52,2314.2,2314,2314.2,5,1,46
9:30:52,2314.2,2314,2314.2,1,10,45
9:30:53,2314.2,2314,2314.2,2,16,44
9:30:53,2314.2,2314,2314.2,16,6,33
9:30:54,2314,2314,2314.2,6,9,31
9:30:54,2314.2,2314,2314.2,17,4,19
9:30:55,2314.2,2313.8,2314.2,17,9,7
9:30:55,2314.2,2313.8,2314.2,5,9,4
9:30:56,2314.2,2313.8,2314.2,1,9,4
9:30:56,2314,2313.8,2314,2,9,2
9:30:57,2313.8,2313.8,2314.4,14,1,61
9:30:57,2313.8,2313.8,2314.2,3,7,2
9:30:58,2314,2314,2314.2,4,5,11
9:30:59,2314.2,2314,2314.2,1,5,12
9:30:59,2314,2314,2314.2,6,2,13
9:31:00,2314.2,2313.8,2314.2,6,9,12
9:31:00,2314,2314,2314.2,2,1,14
9:31:01,2313.8,2313.8,2314,9,4,1
9:31:01,2314,2313.8,2314,9,7,3
9:31:02,2313.8,2313.8,2314,12,3,2
9:31:02,2313.8,2313.6,2313.8,7,27,7
9:31:03,2313.6,2313.6,2313.8,5,26,3
9:31:03,2313.6,2313.6,2313.8,6,23,2
9:31:04,2313.8,2313.8,2314,3,6,8
9:31:04,2313.8,2313.8,2314,7,12,7
9:31:05,2314,2314,2314.2,10,12,30
9:31:05,2314,2314,2314.2,2,11,26
9:31:06,2314,2314,2314.2,33,6,3
9:31:06,2314,2314,2314.2,4,3,3
9:31:07,2314,2314,2314.2,2,5,8
9:31:07,2314.2,2314,2314.2,7,3,8
9:31:08,2314,2313.8,2314,55,25,1
9:31:08,2314,2313.8,2314.4,10,21,46
9:31:09,2314,2314,2314.4,4,2,50
9:31:09,2314.2,2313.8,2314.2,4,21,1
9:31:10,2313.8,2314,2314.2,2,1,2
9:31:10,2314.2,2314.2,2314.4,6,25,55
9:31:11,2314.2,2314.2,2314.4,3,25,54
9:31:11,2314.4,2314.2,2314.4,9,28,46
9:31:12,2314.4,2314.2,2314.4,4,33,43
9:31:12,2314.4,2314.2,2314.4,37,20,19
9:31:13,2314.4,2314.4,2314.6,22,25,132
9:31:13,2314.2,2314.4,2314.6,37,1,127
9:31:14,2314.4,2314.2,2314.4,55,13,24
9:31:14,2314.4,2314.2,2314.4,8,5,30
9:31:15,2314.4,2314.2,2314.4,11,4,22
9:31:15,2313.8,2313.8,2314,24,33,6
9:31:16,2314,2313.8,2314,13,21,8
9:31:16,2314,2313.8,2314.2,11,21,4
9:31:17,2314.2,2314,2314.2,1,2,3
9:31:17,2314,2313.8,2314.2,16,14,24
9:31:18,2314.2,2314,2314.2,9,10,41
9:31:19,2314,2314,2314.2,5,7,40
9:31:19,2314,2313.8,2314.2,8,16,40
9:31:20,2314,2313.8,2314,1,17,2
9:31:20,2314,2314,2314.2,5,1,41
9:31:21,2314,2313.8,2314,10,32,13
9:31:21,2314,2313.8,2314,1,32,13
9:31:22,2314,2313.8,2314,2,34,28
9:31:23,2313.8,2313.8,2314,3,33,26
9:31:23,2314,2313.8,2314,29,3,26
9:31:24,2313.8,2313.6,2313.8,7,32,29
9:31:24,2313.8,2313.6,2313.8,32,7,28
9:31:25,2313.8,2313.6,2313.8,1,7,27
9:31:25,2313.8,2313.6,2313.8,6,8,29
9:31:26,2313.6,2313.6,2313.8,4,6,28
9:31:26,2313.8,2313.6,2313.8,18,6,9
9:31:27,2313.6,2313.6,2313.8,8,2,6
9:31:27,2313.6,2313.6,2313.8,1,4,6
9:31:28,2313.8,2313.8,2314,16,6,33
9:31:28,2313.6,2313.4,2313.6,9,17,1
9:31:29,2313.6,2313.6,2314,2,13,35
9:31:29,2313.6,2313.6,2314,6,10,37
9:31:30,2314,2313.8,2314,17,2,26
9:31:30,2313.8,2313.8,2314,1,6,27
9:31:31,2314,2313.8,2314,17,5,13
9:31:31,2314,2313.8,2314,4,12,12
9:31:32,2314,2313.8,2314,3,17,11
9:31:33,2314,2313.8,2314.2,12,17,23
9:31:33,2314.2,2314,2314.2,14,2,21
9:31:34,2314,2314,2314.2,3,6,20
9:31:34,2314,2314,2314.2,7,1,17
9:31:35,2314,2314,2314.2,3,4,28
9:31:35,2314,2313.8,2314.2,4,6,28
9:31:36,2314,2313.8,2314,8,29,3
9:31:36,2313.8,2313.8,2314,15,16,1
9:31:37,2313.8,2313.8,2314,12,4,11
9:31:37,2313.8,2313.6,2313.8,4,29,2
9:31:38,2313.8,2313.6,2314,5,27,27
9:31:38,2313.8,2313.6,2313.8,3,27,3
9:31:39,2313.6,2313.6,2314,27,20,31
9:31:39,2313.6,2313.6,2314,2,17,31
9:31:40,2313.8,2313.6,2314,5,17,29
9:31:40,2313.6,2313.6,2313.8,1,17,16
9:31:41,2313.6,2313.6,2313.8,5,12,19
9:31:41,2313.8,2313.4,2313.8,24,19,10
9:31:42,2313.4,2313.4,2313.6,11,10,1
9:31:42,2313.4,2313.2,2313.4,12,21,1
9:31:43,2313.4,2313.2,2313.4,5,19,4
9:31:43,2313,2313,2313.4,24,49,1
9:31:44,2313,2313,2313.2,12,38,4
9:31:44,2313,2313,2313.2,12,34,2
9:31:45,2313,2313,2313.4,14,23,2
9:31:45,2313.2,2313,2313.4,6,28,2
9:31:46,2313,2313,2313.4,19,7,6
9:31:46,2313.4,2313,2313.6,15,5,17
9:31:47,2313,2312.8,2313.4,14,24,1
9:31:47,2313.4,2313,2313.4,10,23,2
9:31:48,2313.4,2313.2,2313.6,11,1,22
9:31:48,2313.4,2313,2313.4,12,23,4
9:31:49,2313.4,2313.2,2313.4,3,1,3
9:31:50,2313.6,2313.4,2313.6,4,6,20
9:31:50,2313.4,2313.4,2313.6,7,3,17
9:31:51,2313.6,2313.4,2313.6,2,3,18
9:31:51,2314.2,2313.4,2314.2,63,6,34
9:31:52,2314,2313.6,2314,10,6,7
9:31:52,2314,2314,2314.2,10,1,33
9:31:53,2314.2,2314,2314.2,2,3,41
9:31:53,2314.2,2313.8,2314,4,3,10
9:31:54,2314,2313.8,2314,5,1,8
9:31:54,2313.8,2313.6,2313.8,2,4,8
9:31:55,2313.8,2313.6,2313.8,2,4,6
9:31:55,2313.8,2313.6,2313.8,2,8,6
9:31:56,2313.8,2313.6,2313.8,2,9,6
9:31:56,2313.8,2313.8,2314,6,5,18
9:31:57,2313.8,2313.8,2314,6,4,28
9:31:58,2313.8,2313.8,2314,10,4,17
9:31:58,2313.8,2313.8,2314,1,6,21
9:31:59,2313.8,2313.8,2314,5,1,22
9:31:59,2313.6,2313.6,2313.8,3,15,9
9:32:00,2313.8,2313.6,2313.8,6,15,4
9:32:00,2313.2,2313.2,2313.4,24,29,2
9:32:01,2313,2313,2313.2,39,40,1
9:32:01,2313.6,2313,2313.6,13,37,1
9:32:02,2313.4,2313.2,2313.6,16,9,12
9:32:02,2313,2313.2,2313.4,22,1,2
9:32:03,2313,2313,2313.4,11,34,1
9:32:03,2313,2313,2313.2,21,20,5
9:32:04,2313.2,2313,2313.2,10,36,5
9:32:04,2313.4,2313,2313.4,8,37,1
9:32:05,2313,2313,2313.6,5,37,26
9:32:05,2313.2,2313,2313.6,2,37,26
9:32:06,2313.6,2313.2,2313.6,11,1,26
9:32:06,2313,2313,2313.4,8,32,19
9:32:07,2313,2313,2313.4,10,24,19
9:32:08,2313.2,2313,2313.2,10,26,4
9:32:08,2313.4,2313,2313.2,19,28,1
9:32:09,2313,2313,2313.4,3,30,2
9:32:09,2313,2313,2313.2,4,28,1
9:32:10,2313,2313.2,2313.4,8,1,4
9:32:10,2313.2,2313,2313.4,14,39,36
9:32:11,2313.2,2313.2,2313.4,2,2,36
9:32:11,2313.2,2313,2313.2,3,65,8
9:32:12,2313.2,2313,2313.2,6,62,15
9:32:12,2313.2,2313,2313.2,14,60,4
9:32:13,2313.2,2313.2,2313.4,13,2,36
9:32:13,2313.2,2313,2313.2,3,57,8
9:32:14,2313,2313,2313.2,9,54,4
9:32:14,2313.2,2313,2313.4,10,48,35
9:32:15,2313.2,2313,2313.2,3,49,2
9:32:15,2313.2,2313.2,2313.4,19,3,35
9:32:16,2313.2,2313.2,2313.4,15,11,35
9:32:16,2313.2,2313.2,2313.4,11,2,35
9:32:17,2313.4,2313.2,2313.4,3,1,34
9:32:17,2313.2,2313,2313.2,8,38,5
9:32:18,2313,2313,2313.2,3,35,5
9:32:18,2313.2,2313,2313.2,9,29,2
9:32:19,2313.2,2313,2313.2,30,4,9
9:32:19,2313,2313,2313.2,7,17,8
9:32:20,2313,2313,2313.2,9,12,8
9:32:20,2313,2313,2313.2,3,9,8
9:32:21,2313,2313,2313.2,12,8,7
9:32:21,2312.8,2312.8,2313,33,14,15
9:32:22,2312.8,2312.8,2313,5,10,14
9:32:22,2313,2312.8,2313,20,2,7
9:32:23,2312.6,2312.6,2312.8,8,110,7
9:32:23,2312.8,2312.8,2313,22,27,9
9:32:24,2312.8,2312.6,2312.8,50,92,73
9:32:24,2312.6,2312.6,2312.8,9,87,73
9:32:25,2312.6,2312.6,2312.8,97,21,46
9:32:25,2312.6,2312.6,2312.8,11,14,42
9:32:26,2312.6,2312.4,2312.8,36,26,37
9:32:26,2312.4,2312.4,2312.6,14,29,14
9:32:27,2312.4,2312.4,2312.6,4,55,16
9:32:27,2312.4,2312.6,2312.8,46,19,27
9:32:28,2312.6,2312.6,2312.8,44,16,18
9:32:28,2312.6,2312.6,2312.8,51,6,3
9:32:29,2312.6,2312.4,2312.6,16,12,5
9:32:29,2312.4,2312.2,2312.8,23,101,1
9:32:30,2312.6,2312.4,2312.6,4,14,2
9:32:30,2312.6,2312.4,2312.6,12,26,10
9:32:31,2312.4,2312.4,2312.6,16,11,22
9:32:31,2312.6,2312.4,2312.6,19,8,10
9:32:32,2312.6,2312.2,2312.4,22,111,13
9:32:32,2312.2,2312.2,2312.4,6,110,11
9:32:33,2312.4,2312.2,2312.4,16,99,8
9:32:33,2312.2,2312.2,2312.4,28,83,15
9:32:34,2312.2,2312.2,2312.4,44,47,9
9:32:34,2312.2,2312.2,2312.4,25,26,5
9:32:35,2312,2312,2312.4,30,158,5
9:32:35,2312,2312,2312.2,51,128,6
9:32:36,2312,2312,2312.2,71,64,8
9:32:36,2312,2311.8,2312,96,21,13
9:32:37,2311.8,2311.8,2312,49,2,7
9:32:37,2312,2312,2312.2,63,11,8
9:32:38,2311.4,2311.4,2311.6,115,22,1
9:32:38,2311.6,2311.6,2311.8,49,44,2
9:32:39,2311.8,2311.8,2312,66,16,46
9:32:39,2311.8,2311.8,2312,47,4,41
9:32:40,2311.8,2311.6,2311.8,17,43,9
9:32:40,2312,2311.8,2312,19,1,34
9:32:41,2312,2311.6,2312,23,55,33
9:32:41,2311.8,2311.8,2312,22,2,29
9:32:42,2312,2311.8,2312,20,4,29
9:32:42,2311.8,2311.6,2311.8,12,31,2
9:32:43,2311.6,2311.8,2312,34,1,33
9:32:43,2311.6,2311.4,2311.6,40,12,43
9:32:44,2311.4,2311.2,2311.4,26,84,2
9:32:44,2311.4,2311.2,2311.4,32,60,5
9:32:45,2311.2,2311.4,2311.6,24,23,29
9:32:45,2311.2,2311.2,2311.4,62,19,3
9:32:46,2311.2,2311,2311.2,39,120,3
9:32:46,2311,2311,2311.2,76,48,10
9:32:47,2311,2310.6,2311,135,59,8
9:32:47,2310.8,2310.6,2310.8,82,9,2
9:32:48,2310.4,2310.4,2311,92,11,26
9:32:48,2310.2,2310.4,2310.6,87,5,3
9:32:49,2310.4,2310.2,2310.4,146,21,16
9:32:49,2310.2,2310,2310.2,90,182,7
9:32:50,2310,2310.2,2311,87,2,47
9:32:50,2310,2310.2,2310.4,122,5,9
9:32:51,2310.4,2310.4,2310.6,79,20,5
9:32:51,2310.6,2310.6,2310.8,92,2,7
9:32:52,2310.2,2310,2310.2,79,82,10
9:32:52,2310.4,2310.4,2310.6,49,3,4
9:32:53,2310.6,2310.6,2310.8,57,19,7
9:32:53,2310.6,2310.2,2310.8,44,79,22
9:32:54,2310.8,2310.4,2310.8,53,6,5
9:32:54,2310.8,2310.6,2310.8,36,2,1
9:32:55,2310.8,2310.4,2310.8,38,32,7
9:32:55,2310.4,2310.4,2310.8,24,26,11
9:32:56,2310.4,2310.4,2311,60,17,53
9:32:56,2310.8,2310.8,2311,42,4,34
9:32:57,2310.4,2310.4,2310.8,16,11,23
9:32:57,2310.8,2310.6,2310.8,10,3,40
9:32:58,2310.8,2310.2,2310.6,30,86,5
9:32:58,2310.4,2310.2,2310.8,21,80,26
9:32:59,2310.6,2310.4,2310.6,17,24,3
9:32:59,2310.4,2310.4,2310.6,20,36,24
9:33:00,2310.6,2310.4,2310.6,17,42,21
9:33:00,2310.6,2310.2,2310.4,87,90,2
9:33:01,2310.2,2310.2,2310.8,77,50,42
9:33:01,2310,2310,2310.4,75,91,2
9:33:02,2310,2310,2310.4,72,27,6
9:33:02,2309.8,2309.6,2309.8,68,11,13
9:33:03,2309.6,2309.2,2309.6,68,20,4
9:33:03,2309.2,2309.2,2309.4,75,4,1
9:33:04,2309.6,2309.4,2309.6,120,41,2
9:33:04,2309.6,2309.8,2310,52,6,53
9:33:05,2310.2,2310.2,2310.4,55,4,23
9:33:05,2310,2310,2310.2,59,3,10
9:33:06,2309.8,2309.8,2310,24,8,8
9:33:06,2309.8,2309.6,2309.8,22,30,24
9:33:07,2309.6,2309.4,2309.6,28,22,39
9:33:07,2309.4,2309.2,2309.4,58,3,10
9:33:08,2309,2308.8,2309.2,40,7,33
9:33:08,2308.8,2308.6,2308.8,57,20,1
9:33:09,2308.6,2308.4,2309.2,43,14,6
9:33:09,2308.4,2308.2,2308.4,147,30,59
9:33:10,2308.2,2308,2308.4,84,44,24
9:33:10,2308.2,2308,2308.4,60,32,67
9:33:11,2308,2308,2308.4,31,23,60
9:33:11,2308.2,2308,2308.2,62,4,15
9:33:12,2308.2,2308.2,2308.4,46,15,53
9:33:12,2308.4,2308.4,2308.6,67,13,16
9:33:13,2308.6,2308.6,2308.8,57,5,17
9:33:13,2308.4,2308.4,2308.8,38,55,14
9:33:14,2308.8,2308.6,2308.8,35,13,2
9:33:14,2308.6,2308.4,2308.8,96,27,6
9:33:15,2308.6,2308.4,2308.8,68,27,5
9:33:15,2308.4,2308.2,2308.4,75,36,16
9:33:16,2308.4,2308.2,2308.4,15,22,9
9:33:16,2308.2,2308,2308.2,52,13,8
9:33:17,2308.2,2307.8,2308,57,2,2
9:33:17,2307.8,2307.6,2307.8,32,13,9
9:33:18,2308,2307.8,2308.2,48,9,8
9:33:18,2307.8,2308,2308.4,63,4,19
9:33:19,2308.2,2308.2,2308.4,50,5,16
9:33:19,2308.4,2308.4,2308.6,41,8,45
9:33:20,2308.6,2308.4,2308.6,23,10,43
9:33:20,2308,2308.2,2308.6,21,1,37
9:33:21,2308.2,2308.2,2308.4,10,9,5
9:33:21,2308,2307.8,2308,75,12,2
9:33:22,2308,2308,2308.2,22,10,5
9:33:22,2308.2,2308,2308.2,19,20,1
9:33:23,2308,2308,2308.2,23,41,3
9:33:23,2308.2,2308.2,2308.4,29,38,60
9:33:24,2308.4,2308.2,2308.4,47,30,46
9:33:24,2308.4,2308.2,2308.4,41,20,23
9:33:25,2308.2,2308.2,2308.4,29,10,10
9:33:25,2308.2,2308.2,2308.6,25,5,35
9:33:26,2308.6,2308.4,2308.6,2,1,43
9:33:26,2308.4,2308.2,2308.4,21,9,8
9:33:27,2308.6,2308.4,2308.6,28,14,12
9:33:27,2308.6,2308.4,2308.6,4,17,22
9:33:28,2308.6,2308.4,2308.6,17,23,12
9:33:28,2308.4,2308.4,2308.6,22,10,4
9:33:29,2308.8,2308.6,2308.8,21,6,7
9:33:29,2308.8,2308.6,2308.8,12,6,22
9:33:30,2308.8,2308.4,2308.8,23,15,9
9:33:30,2308.8,2308.8,2309,19,10,11
9:33:31,2308.8,2308.6,2308.8,14,12,4
9:33:31,2309,2308.8,2309,10,6,10
9:33:32,2309,2309,2309.2,24,1,9
9:33:32,2309,2308.8,2309.2,17,1,3
9:33:33,2309,2308.8,2309,12,11,3
9:33:33,2309,2309,2309.2,34,2,1
9:33:34,2309.2,2309,2309.2,20,1,2
9:33:34,2309.2,2309.2,2309.4,14,9,5
9:33:35,2309.4,2309.2,2309.4,14,2,1
9:33:35,2309.4,2309.4,2309.6,19,2,26
9:33:36,2309.4,2309.2,2309.4,48,17,8
9:33:36,2309.4,2309.4,2309.6,29,5,18
9:33:37,2309.6,2309.4,2309.6,13,3,18
9:33:37,2309.4,2309.2,2309.4,9,11,5
9:33:38,2309.4,2309.2,2309.4,3,12,21
9:33:38,2309.2,2309.2,2309.4,15,8,27
9:33:39,2309.2,2309,2309.4,16,62,20
9:33:39,2309.2,2309,2309.2,36,62,16
9:33:40,2309.2,2309,2309.2,10,63,5
9:33:40,2309,2309,2309.4,20,52,4
9:33:41,2309.4,2309.2,2309.4,9,10,1
9:33:41,2309,2309,2309.4,12,53,1
9:33:42,2309.4,2309.4,2309.6,22,37,25
9:33:42,2309.4,2309.4,2309.6,35,4,23
9:33:43,2309.2,2309.2,2309.4,12,4,63
9:33:43,2309.2,2309,2309.2,11,57,3
9:33:44,2309.2,2309,2309.2,2,58,5
9:33:44,2309,2309,2309.4,25,45,69
9:33:45,2309.2,2309,2309.2,26,36,6
9:33:45,2309.2,2309,2309.2,17,26,3
9:33:46,2309.2,2309,2309.2,2,32,11
9:33:46,2309.2,2309,2309.2,7,28,13
9:33:47,2309.2,2309,2309.2,25,9,12
9:33:47,2309,2308.8,2309,15,19,9
9:33:48,2308.8,2308.8,2309,6,17,8
9:33:48,2308.6,2308.6,2308.8,27,30,36
9:33:49,2308.8,2308.6,2308.8,21,16,51
9:33:49,2308.6,2308.4,2308.6,31,38,5
9:33:50,2308.4,2308.4,2308.6,22,21,20
9:33:50,2308.4,2308.2,2308.4,24,31,4
9:33:51,2308.4,2308.2,2308.4,4,30,7
9:33:51,2308.2,2308.4,2308.6,17,1,2
9:33:52,2308.6,2308.6,2308.8,15,4,20
9:33:52,2308.6,2308.6,2308.8,26,10,26
9:33:53,2308.8,2308.6,2308.8,25,1,24
9:33:53,2308.8,2308.6,2308.8,12,19,17
9:33:54,2308.8,2308.6,2308.8,15,36,4
9:33:54,2308.8,2308.8,2309,8,28,12
9:33:55,2309,2309,2309.2,27,3,19
9:33:55,2309.2,2308.8,2309.2,12,40,13
9:33:56,2309,2309,2309.2,23,14,2
9:33:56,2309.4,2309,2309.2,5,13,2
9:33:57,2309.2,2309.2,2309.4,3,6,66
9:33:57,2309.2,2309,2309.2,11,35,2
9:33:58,2309.2,2309,2309.4,4,34,60
9:33:58,2309.2,2309,2309.2,11,40,6
9:33:59,2309.4,2309.2,2309.4,26,1,48
9:33:59,2309.2,2309.2,2309.4,1,4,48
9:34:00,2309.4,2309.2,2309.4,40,10,31
9:34:00,2309,2309,2309.4,65,3,69
9:34:01,2309.4,2309.2,2309.4,34,10,58
9:34:01,2308.8,2308.8,2309.2,22,29,4
9:34:02,2309,2309,2309.2,14,1,16
9:34:02,2309.2,2309,2309.2,13,2,17
9:34:03,2308.8,2308.8,2309,7,17,1
9:34:03,2309.2,2309,2309.2,4,1,12
9:34:04,2309,2308.8,2309,12,17,3
9:34:04,2309,2308.8,2309.2,12,16,30
9:34:05,2309,2308.8,2309,9,19,5
9:34:05,2309,2309,2309.2,26,28,31
9:34:06,2309.2,2309,2309.2,15,26,21
9:34:06,2309.4,2309.2,2309.4,26,14,67
9:34:07,2309.4,2309.2,2309.4,36,2,60
9:34:07,2309.2,2309.2,2309.4,43,3,23
9:34:08,2309.4,2309.4,2309.6,56,9,23
9:34:08,2309.4,2309.4,2309.8,35,10,22
9:34:09,2309.6,2309.4,2309.6,11,19,8
9:34:09,2309.6,2309.4,2309.6,40,17,7
9:34:10,2309.6,2309.4,2309.6,12,13,24
9:34:10,2309.6,2309.4,2309.6,12,12,18
9:34:11,2309.6,2309.2,2309.6,31,5,18
9:34:11,2309.6,2309.6,2309.8,31,3,9
9:34:12,2310,2309.8,2310,16,23,50
9:34:12,2310,2309.8,2310,9,55,46
9:34:13,2310,2309.8,2310,18,50,41
9:34:13,2309.8,2309.8,2310,36,40,24
9:34:14,2310,2309.8,2310,5,40,20
9:34:14,2310,2309.8,2310,19,39,2
9:34:15,2310,2310,2310.2,9,6,15
9:34:15,2310.2,2310,2310.2,30,4,30
9:34:16,2310,2309.8,2310,16,50,2
9:34:16,2310.2,2310,2310.2,41,3,9
9:34:17,2310,2309.8,2310,22,49,1
9:34:17,2310.2,2310,2310.2,37,2,44
9:34:18,2310,2310,2310.2,34,17,22
9:34:18,2310.2,2310,2310.2,29,7,8
9:34:19,2310.4,2310.2,2310.4,13,2,16
9:34:19,2310.2,2310.2,2310.4,6,6,14
9:34:20,2310,2309.8,2310,24,21,1
9:34:20,2310,2310,2310.2,18,1,2
9:34:21,2310.2,2310.2,2310.4,27,44,9
9:34:21,2310.2,2310.2,2310.4,33,56,10
9:34:22,2310.4,2310.4,2310.6,28,3,34
9:34:22,2310.4,2310.4,2310.6,12,9,30
9:34:23,2310.6,2310.4,2310.6,5,18,28
9:34:23,2310.6,2310.4,2310.6,22,14,14
9:34:24,2310.8,2310.6,2310.8,13,7,45
9:34:24,2310.6,2310.6,2310.8,12,7,42
9:34:25,2310.8,2310.6,2310.8,15,9,31
9:34:25,2310.6,2310.4,2310.8,25,15,20
9:34:26,2310.4,2310.4,2310.8,16,33,23
9:34:26,2310.4,2310.4,2310.6,36,15,7
9:34:27,2310.4,2310.4,2310.6,12,15,4
9:34:27,2310.6,2310.4,2310.6,27,4,38
9:34:28,2310.4,2310.2,2310.4,9,116,30
9:34:28,2310.4,2310.2,2310.4,11,118,34
9:34:29,2310.2,2310.2,2310.4,17,95,31
9:34:29,2310.4,2310.2,2310.4,10,92,26
9:34:30,2310.4,2310.2,2310.4,9,95,19
9:34:30,2310.4,2310.2,2310.4,23,77,17
9:34:31,2310.4,2310.2,2310.4,21,76,7
9:34:31,2310.2,2310.2,2310.4,5,81,7
9:34:32,2310.4,2310.2,2310.4,19,77,2
9:34:32,2310.2,2310.4,2310.6,8,8,32
9:34:33,2310.4,2310.4,2310.6,10,14,24
9:34:33,2310.6,2310.4,2310.6,1,17,25
9:34:34,2310.4,2310.4,2310.6,6,23,24
9:34:34,2310.6,2310.4,2310.6,7,24,20
9:34:35,2310.6,2310.4,2310.6,17,35,7
9:34:35,2310.6,2310.6,2310.8,9,4,10
9:34:36,2310.8,2310.6,2310.8,4,6,8
9:34:36,2310.8,2310.6,2310.8,15,5,12
9:34:37,2310.8,2310.8,2311,20,1,46
9:34:37,2310.8,2310.8,2311,3,1,46
9:34:38,2311,2310.8,2311,9,1,45
9:34:38,2311,2310.8,2311,13,1,33
9:34:39,2311,2310.6,2311,5,12,29
9:34:39,2311,2310.6,2311,12,10,20
9:34:40,2310.6,2310.6,2310.8,12,8,3
9:34:40,2311,2311,2311.2,20,5,15
9:34:41,2310.8,2311,2311.2,10,19,15
9:34:41,2311,2311,2311.2,7,16,22
9:34:42,2311,2311,2311.2,21,11,7
9:34:42,2311.2,2311,2311.2,14,24,18
9:34:43,2311.2,2311,2311.2,28,23,15
9:34:43,2311,2311,2311.2,11,22,9
9:34:44,2311,2311,2311.2,20,5,8
9:34:44,2311.2,2311.2,2311.4,11,6,20
9:34:45,2311.2,2311.2,2311.4,30,14,14
9:34:45,2311.4,2311,2311.4,27,13,7
9:34:46,2311,2311,2311.2,9,16,8
9:34:46,2311.2,2311.2,2311.4,18,1,14
9:34:47,2311.2,2311,2311.2,11,9,12
9:34:47,2311.2,2311,2311.2,10,13,12
9:34:48,2311.2,2311,2311.2,13,14,17
9:34:48,2311,2311,2311.2,6,14,31
9:34:49,2311.2,2311,2311.2,18,17,19
9:34:49,2311,2311,2311.2,18,18,6
9:34:50,2311,2311,2311.2,15,14,6
9:34:50,2311.2,2311.2,2311.4,16,2,16
9:34:51,2311.2,2311,2311.4,6,12,15
9:34:51,2311,2311.2,2311.4,13,2,16
9:34:52,2311,2310.8,2311,25,11,4
9:34:52,2310.8,2310.8,2311,14,1,36
9:34:53,2310.8,2310.6,2310.8,4,8,17
9:34:53,2310.6,2310.6,2311,32,8,22
9:34:54,2310.8,2310.6,2310.8,4,7,2
9:34:54,2310.6,2310.6,2310.8,1,6,3
9:34:55,2311,2310.8,2311,10,2,21
9:34:55,2310.6,2310.4,2311,18,37,20
9:34:56,2310.4,2310.8,2311,4,4,20
9:34:56,2310.8,2310.8,2311,26,5,34
9:34:57,2310.4,2310.4,2310.8,22,37,6
9:34:57,2310.4,2310.6,2310.8,3,1,7
9:34:58,2310.6,2310.6,2310.8,10,1,4
9:34:58,2310.4,2310.4,2311,12,26,24
9:34:59,2311,2310.4,2311,18,21,17
9:34:59,2310.4,2310.4,2311,23,18,2
9:35:00,2310.6,2310.6,2311,12,3,5
9:35:00,2310.6,2310.4,2310.6,215,3,99
9:35:01,2310.6,2310.4,2310.6,72,5,82
9:35:01,2310.6,2310,2310.2,39,24,1
9:35:02,2310,2310,2310.2,18,18,6
9:35:02,2310.2,2310,2310.2,30,17,11
9:35:03,2310,2309.8,2310,58,2,6
9:35:03,2309.4,2309,2309.4,55,50,1
9:35:04,2309.2,2309.2,2309.4,20,10,2
9:35:04,2309.2,2309.4,2309.8,19,5,1
9:35:05,2309.8,2309.4,2309.8,22,2,1
9:35:05,2309.4,2309.4,2309.8,11,9,8
9:35:06,2309.8,2309.2,2309.8,17,14,3
9:35:06,2309.4,2309,2309.2,30,64,5
9:35:07,2309,2309,2309.2,7,62,2
9:35:07,2309.2,2309.2,2309.4,21,16,14
9:35:08,2309.2,2309.2,2309.4,29,1,7
9:35:08,2309,2309,2309.2,12,64,11
9:35:09,2309,2309.2,2309.4,28,4,8
9:35:09,2309,2309.2,2309.4,9,2,5
9:35:10,2309,2309,2309.6,35,71,10
9:35:10,2309.4,2309.2,2309.6,8,11,9
9:35:11,2309.6,2309,2309.6,70,34,5
9:35:11,2309.2,2309,2309.6,9,40,8
9:35:12,2309.2,2309.2,2309.4,3,9,18
9:35:12,2309.2,2309.2,2309.4,14,5,15
9:35:13,2309.2,2309,2309.2,18,34,53
9:35:13,2309,2308.8,2309,39,7,1
9:35:14,2308.6,2308.4,2308.6,39,48,36
9:35:14,2308.4,2308.4,2308.6,44,37,26
9:35:15,2308.2,2308.2,2308.6,78,35,1
9:35:15,2308.4,2308.2,2308.4,9,28,2
9:35:16,2308.4,2308.2,2308.8,21,22,1
9:35:16,2308.4,2308.4,2308.8,20,2,15
9:35:17,2308.4,2308.4,2309,45,1,40
9:35:17,2308.2,2308.2,2308.6,23,15,1
9:35:18,2308.4,2308.4,2308.8,37,13,9
9:35:18,2308.2,2308.2,2308.4,19,11,1
9:35:19,2308.2,2308.2,2308.4,14,4,8
9:35:19,2308,2308,2308.2,31,45,32
9:35:20,2308,2308,2308.2,45,12,38
9:35:20,2307.8,2307.8,2308,40,16,29
9:35:21,2307.2,2307.2,2307.8,81,24,116
9:35:21,2307,2306.8,2307,106,13,2
9:35:22,2307.8,2306.6,2306.8,107,11,1
9:35:22,2307.8,2306.8,2307.8,113,9,24
9:35:23,2307.4,2307,2307.2,109,40,2
9:35:23,2307.2,2307.2,2307.8,142,15,9
9:35:24,2307.8,2307.6,2307.8,44,1,28
9:35:24,2307.4,2307.4,2307.6,23,10,8
9:35:25,2307.6,2307.4,2307.6,19,13,7
9:35:25,2307.4,2307.6,2307.8,26,3,22
9:35:26,2307.8,2307.6,2307.8,37,1,8
9:35:26,2307.6,2307.4,2307.8,33,1,11
9:35:27,2307.4,2307.2,2307.4,18,29,4
9:35:27,2307.8,2307.2,2307.8,37,17,8
9:35:28,2307.2,2307,2307.2,41,25,16
9:35:28,2307,2306.8,2307,68,4,10
9:35:29,2307,2306.6,2307,35,1,21
9:35:29,2306.8,2306.4,2306.6,23,42,1
9:35:30,2306.4,2306.8,2307,75,1,31
9:35:30,2307,2306.2,2307,60,115,9
9:35:31,2306.8,2306.4,2306.8,75,23,60
9:35:31,2306.4,2306.4,2306.8,171,8,45
9:35:32,2306.4,2306.2,2306.4,75,34,2
9:35:32,2306.4,2306.2,2306.4,32,20,2
9:35:33,2306.4,2306.2,2306.4,27,4,9
9:35:33,2306,2306,2306.2,27,61,23
9:35:34,2306.2,2306,2306.4,107,17,19
9:35:34,2306,2305.8,2306,28,17,5
9:35:35,2306,2305.8,2306,77,3,6
9:35:35,2306,2306,2306.4,25,1,49
9:35:36,2306.2,2306.2,2306.4,29,4,43
9:35:36,2306.4,2306,2306.4,52,11,20
9:35:37,2306.4,2306.2,2306.4,27,25,26
9:35:37,2306.4,2306.4,2306.8,41,5,32
9:35:38,2306.8,2306.8,2307,37,6,72
9:35:38,2306.4,2306.4,2306.8,24,15,10
9:35:39,2306.8,2306.4,2306.8,10,18,4
9:35:39,2306.6,2306.6,2306.8,50,1,19
9:35:40,2306.6,2306.4,2306.6,12,4,5
9:35:40,2306.6,2306.2,2306.6,31,14,9
9:35:41,2306.2,2306.2,2306.4,13,13,6
9:35:41,2306.8,2306.6,2306.8,27,1,21
9:35:42,2306.6,2306.4,2306.6,12,4,25
9:35:42,2306.6,2306.2,2306.6,28,7,11
9:35:43,2306.8,2306.4,2306.8,33,14,22
9:35:43,2306.8,2306.6,2306.8,18,1,14
9:35:44,2306.8,2306.6,2306.8,26,19,11
9:35:44,2307,2306.8,2307,21,7,76
9:35:45,2307,2306.8,2307,25,11,68
9:35:45,2307,2306.8,2307,41,1,41
9:35:46,2306.8,2306.8,2307,11,6,35
9:35:46,2306.8,2306.6,2306.8,29,16,2
9:35:47,2306.8,2306.8,2307,22,4,29
9:35:47,2307,2306.4,2306.8,12,67,4
9:35:48,2306.8,2306.4,2306.8,8,67,6
9:35:48,2306.8,2306.4,2306.8,6,67,2
9:35:49,2307,2306.8,2307,13,3,21
9:35:49,2307,2306.8,2307,3,7,27
9:35:50,2307,2306.8,2307,14,4,17
9:35:50,2307,2306.8,2307,11,3,14
9:35:51,2307,2307,2307.2,22,40,16
9:35:51,2307.2,2307,2307.2,17,41,8
9:35:52,2307,2307,2307.2,19,40,3
9:35:52,2307.2,2307,2307.2,48,2,2
9:35:53,2307.2,2307,2307.2,5,77,3
9:35:53,2307.2,2307.2,2307.6,39,5,29
9:35:54,2307.4,2307.4,2307.6,9,1,26
9:35:54,2307.4,2307.2,2307.4,20,29,11
9:35:55,2307.4,2307.4,2307.6,13,1,26
9:35:55,2307.6,2307.4,2307.6,24,34,12
9:35:56,2307.6,2307.4,2307.6,10,32,8
9:35:56,2307.8,2307.6,2307.8,19,3,2
9:35:57,2307.8,2307.6,2307.8,15,21,5
9:35:57,2308,2307.8,2308,25,3,10
9:35:58,2308.2,2308,2308.2,9,1,19
9:35:58,2308,2308,2308.2,26,6,63
9:35:59,2308,2308,2308.2,56,2,15
9:35:59,2307.8,2307.8,2308,18,24,3
9:36:00,2308,2307.8,2308,31,28,9
9:36:00,2307.4,2307.4,2308,124,10,44
9:36:01,2307.2,2307.6,2307.8,24,2,16
9:36:01,2307.6,2307.2,2307.6,36,34,3
9:36:02,2307.6,2307.4,2307.6,26,4,15
9:36:02,2307.4,2307.2,2307.4,13,24,4
9:36:03,2307.2,2307.4,2307.6,8,6,15
9:36:03,2307.6,2307.4,2307.6,18,2,11
9:36:04,2307.4,2307.4,2307.6,4,12,10
9:36:04,2307.6,2307.6,2307.8,18,15,14
9:36:05,2307.8,2307.6,2307.8,9,15,10
9:36:05,2307.8,2307.6,2307.8,16,14,2
9:36:06,2307.8,2307.8,2308,7,11,58
9:36:06,2307.8,2307.8,2308,39,4,57
9:36:07,2307.8,2307.6,2307.8,16,1,5
9:36:07,2307.8,2307.4,2307.8,13,20,4
9:36:08,2307.6,2307.4,2307.6,5,22,8
9:36:08,2307.8,2307.4,2307.8,13,21,31
9:36:09,2307.4,2307.4,2307.6,9,19,9
9:36:09,2307.6,2307.4,2307.6,19,24,21
9:36:10,2307.6,2307.4,2307.6,25,5,21
9:36:10,2307.4,2307.2,2307.4,20,22,33
9:36:11,2307.4,2307.2,2307.4,19,11,37
9:36:11,2307.2,2307,2307.2,22,99,3
9:36:12,2307.2,2307,2307.2,19,92,6
9:36:12,2307,2307,2307.4,25,80,12
9:36:13,2307.4,2307.2,2307.4,6,9,4
9:36:13,2307.4,2307.2,2307.4,16,2,2
9:36:14,2307.4,2307.4,2307.6,9,3,84
9:36:14,2307.2,2307.2,2307.4,22,41,1
9:36:15,2307.4,2307.2,2307.4,7,46,8
9:36:15,2307.4,2307.2,2307.4,6,43,3
9:36:16,2307.4,2307.2,2307.4,2,44,4
9:36:16,2307.2,2307.2,2307.6,13,35,28
9:36:17,2307.6,2307.4,2307.6,34,8,1
9:36:17,2307.6,2307.6,2307.8,8,8,11
9:36:18,2307.8,2307.6,2307.8,9,26,18
9:36:18,2307.6,2307.6,2307.8,7,23,16
9:36:19,2307.8,2307.8,2308,17,14,41
9:36:19,2307.8,2307.6,2308,28,35,35
9:36:20,2307.6,2307.6,2307.8,19,26,1
9:36:20,2307.6,2307.8,2308,4,2,29
9:36:21,2307.6,2307.6,2307.8,20,7,6
9:36:21,2307.6,2307.6,2308,13,24,29
9:36:22,2307.8,2307.6,2307.8,15,25,2
9:36:22,2308,2307.8,2308,10,2,26
9:36:23,2308,2308,2308.2,27,4,6
9:36:23,2308.2,2308,2308.2,3,6,3
9:36:24,2307.8,2307.6,2307.8,35,24,12
9:36:24,2307.6,2307.6,2307.8,12,21,15
9:36:25,2307.8,2307.6,2307.8,9,22,6
9:36:25,2307.6,2307.6,2307.8,17,20,1
9:36:26,2307.6,2307.8,2308,8,1,4
9:36:26,2307.8,2307.6,2307.8,5,21,12
9:36:27,2307.8,2307.6,2307.8,12,14,30
9:36:27,2307.6,2307.4,2307.8,28,39,20
9:36:28,2307.8,2307.6,2307.8,32,10,6
9:36:29,2307.8,2307.4,2307.8,14,37,8
9:36:29,2307.8,2307.6,2307.8,9,3,1
9:36:30,2307.6,2307.6,2308,4,27,13
9:36:30,2307.8,2307.6,2307.8,2,30,8
9:36:31,2307.8,2307.8,2308,20,9,13
9:36:31,2308,2308,2308.2,19,16,8
9:36:32,2308.2,2308,2308.2,3,16,6
9:36:32,2308.2,2308,2308.2,6,16,2
9:36:33,2308.2,2308,2308.2,10,3,1
9:36:33,2308.2,2308,2308.4,10,23,13
9:36:34,2308.4,2308.2,2308.4,16,1,20
9:36:34,2308.4,2308,2308.4,17,20,15
9:36:35,2308.4,2308.2,2308.4,5,2,27
9:36:35,2308.4,2308,2308.2,27,20,1
9:36:36,2308.4,2308.2,2308.4,23,6,11
9:36:36,2308.4,2308.2,2308.4,7,5,7
9:36:37,2308.4,2308.2,2308.4,11,4,9
9:36:37,2308.2,2308.2,2308.4,10,7,1
9:36:38,2308.6,2308.4,2308.6,6,19,9
9:36:38,2308.4,2308.4,2308.6,18,7,8
9:36:39,2308.6,2308.6,2308.8,29,3,28
9:36:39,2308.6,2308.4,2308.8,11,5,23
9:36:40,2308.6,2308.4,2308.6,14,7,8
9:36:40,2308.6,2308.4,2308.6,4,6,10
9:36:41,2308.6,2308.4,2308.6,3,3,12
9:36:41,2308.6,2308.4,2308.8,13,2,25
9:36:42,2308.8,2308.6,2308.8,9,1,27
9:36:42,2308.4,2308.2,2308.4,7,10,3
9:36:43,2308.2,2308.4,2308.6,10,1,29
9:36:43,2308.6,2308.4,2308.6,15,4,16
9:36:44,2308.8,2308.4,2308.8,19,9,28
9:36:44,2308.8,2308.4,2308.8,5,10,28
9:36:45,2308.6,2308.6,2308.8,2,1,28
9:36:45,2308.8,2308.6,2308.8,7,6,22
9:36:46,2308.8,2308.6,2308.8,12,8,13
9:36:46,2308.6,2308.4,2308.6,18,10,2
9:36:47,2308.8,2308.8,2309,8,3,41
9:36:47,2308.6,2308.6,2309,7,7,40
9:36:48,2308.8,2308.6,2308.8,6,8,1
9:36:48,2308.8,2308.6,2308.8,5,8,2
9:36:49,2308.6,2308.6,2308.8,6,7,3
9:36:49,2308.8,2308.6,2308.8,11,7,8
9:36:50,2308.6,2308.6,2308.8,7,5,6
9:36:50,2308.8,2308.6,2308.8,2,9,30
9:36:51,2308.6,2308.6,2308.8,17,1,23
9:36:51,2308.6,2308.6,2308.8,25,29,24
9:36:52,2308.8,2308.6,2308.8,17,33,12
9:36:52,2308.6,2308.6,2308.8,18,10,9
9:36:53,2308.8,2308.6,2308.8,12,12,10
9:36:53,2308.8,2308.6,2308.8,7,8,11
9:36:54,2308.8,2308.6,2308.8,5,21,15
9:36:54,2308.8,2308.6,2308.8,2,21,14
9:36:55,2308.8,2308.6,2308.8,9,21,18
9:36:55,2308.8,2308.6,2308.8,5,20,18
9:36:56,2308.8,2308.6,2308.8,24,3,13
9:36:56,2308.6,2308.4,2308.6,5,16,4
9:36:57,2308.4,2308.4,2308.6,6,12,2
9:36:57,2308.4,2308.4,2308.8,9,7,24
9:36:58,2308.4,2308.2,2308.4,7,16,31
9:36:58,2308.2,2308.2,2308.4,5,12,31
9:36:59,2308.4,2308.2,2308.4,4,3,29
9:36:59,2308.4,2308.2,2308.4,6,2,25
9:37:00,2308.4,2308.2,2308.4,3,1,23
9:37:00,2308,2308,2308.4,37,37,18
9:37:01,2308.2,2308,2308.2,9,31,4
9:37:01,2308.2,2308.2,2308.4,13,14,27
9:37:02,2308,2308,2308.2,13,26,1
9:37:02,2308,2308,2308.4,57,3,10
9:37:03,2308,2307.8,2308,27,12,1
9:37:03,2307.8,2307.8,2308.4,13,8,22
9:37:04,2308,2307.8,2308.4,5,12,30
9:37:04,2308.2,2308,2308.4,6,29,29
9:37:05,2308,2308.2,2308.4,14,13,30
9:37:05,2308.4,2308.4,2308.6,39,22,5
9:37:06,2308.6,2308.6,2308.8,5,11,30
9:37:06,2308.8,2308.6,2308.8,9,5,29
9:37:07,2308.8,2308.6,2308.8,3,3,33
9:37:07,2308.6,2308.4,2308.6,45,27,6
9:37:08,2308.6,2308.4,2308.6,4,23,4
9:37:08,2308.6,2308.6,2308.8,12,2,3
9:37:09,2308.8,2308.8,2309,3,3,42
9:37:09,2309,2308.6,2309,25,1,57
9:37:10,2308.8,2308.8,2309,48,13,16
9:37:10,2309,2308.8,2309.2,9,22,12
9:37:11,2309.2,2309.2,2309.4,19,4,16
9:37:11,2309.2,2309.2,2309.4,23,4,21
9:37:12,2309.4,2309.2,2309.6,55,6,28
9:37:12,2309.6,2309.4,2309.6,5,1,27
9:37:13,2309.6,2309.2,2309.6,30,2,7
9:37:13,2309.4,2309.4,2309.6,18,3,3
9:37:14,2309.2,2309.2,2309.6,11,1,1
9:37:14,2309.6,2309.6,2309.8,21,9,19
9:37:15,2309.6,2309.6,2309.8,19,1,19
9:37:15,2309.6,2309.2,2309.6,28,11,4
9:37:16,2309.2,2309.6,2310,20,8,40
9:37:16,2309.8,2309.6,2310,25,7,40
9:37:17,2309.8,2309.6,2309.8,16,4,28
9:37:17,2309.8,2309.2,2309.8,8,19,28
9:37:18,2309.6,2309.2,2309.4,55,20,8
9:37:18,2309.4,2309.2,2309.4,12,18,25
9:37:19,2309.4,2309.2,2309.4,23,8,13
9:37:19,2309.2,2309.2,2309.4,6,1,13
9:37:20,2309.4,2309.2,2309.4,18,2,8
9:37:20,2309.4,2309,2309.4,5,40,6
9:37:21,2309.6,2309.4,2309.6,11,7,6
9:37:21,2309.4,2309.4,2309.6,2,12,7
9:37:22,2309.6,2309.4,2309.6,3,22,6
9:37:22,2309.4,2309.4,2309.8,32,17,2
9:37:23,2309.6,2309.6,2309.8,5,27,2
9:37:23,2309.8,2309.8,2310,2,20,60
9:37:24,2310,2309.8,2310,4,18,60
9:37:24,2309.8,2309.8,2310,36,18,30
9:37:25,2309.8,2309.8,2310,16,13,16
9:37:25,2310.2,2310,2310.2,23,2,8
9:37:26,2310.2,2310,2310.2,10,26,4
9:37:26,2310.2,2310,2310.4,25,26,12
9:37:27,2309.8,2309.8,2310,77,1,2
9:37:27,2310,2310,2310.2,5,15,9
9:37:28,2310,2309.8,2310,17,1,1
9:37:28,2310.2,2310,2310.2,15,13,12
9:37:29,2310.2,2309.8,2310.2,32,4,18
9:37:29,2309.8,2309.6,2309.8,8,29,5
9:37:30,2309.6,2309.4,2309.6,26,18,26
9:37:30,2309.6,2309.4,2309.6,9,18,23
9:37:31,2309.6,2309.4,2309.6,8,14,19
9:37:31,2309.4,2309.4,2309.6,20,7,7
9:37:32,2309.6,2309.4,2309.6,4,6,3
9:37:32,2309.8,2309.6,2309.8,5,1,32
9:37:33,2309.4,2309.4,2309.6,10,4,1
9:37:33,2309.6,2309.6,2309.8,2,3,39
9:37:34,2309.8,2309.6,2309.8,2,3,39
9:37:34,2309.6,2309.4,2309.8,6,5,37
9:37:35,2309.6,2309.4,2309.6,5,4,28
9:37:35,2309.6,2309.4,2309.6,19,5,10
9:37:36,2309.8,2309.6,2309.8,21,14,39
9:37:36,2309.8,2309.6,2309.8,5,17,35
9:37:37,2309.8,2309.6,2309.8,8,19,27
9:37:37,2309.8,2309.8,2310,39,18,20
9:37:38,2309.8,2310,2310.2,28,1,46
9:37:38,2310.2,2310,2310.2,19,3,32
9:37:39,2310,2309.8,2310,11,37,3
9:37:39,2309.8,2309.6,2309.8,23,15,5
9:37:40,2309.8,2309.6,2309.8,13,16,1
9:37:40,2310.2,2310,2310.2,4,1,23
9:37:41,2309.8,2309.6,2310.2,3,25,23
9:37:41,2310.2,2310,2310.2,13,13,19
9:37:42,2310,2310,2310.2,6,11,15
9:37:42,2310,2310,2310.2,9,7,25
9:37:43,2310,2310,2310.2,13,1,21
9:37:43,2310,2309.8,2310,3,19,33
9:37:44,2310,2309.8,2310,2,19,40
9:37:44,2310,2309.8,2310,10,21,54
9:37:45,2310,2309.8,2310,7,11,52
9:37:45,2309.8,2309.6,2309.8,16,30,31
9:37:46,2309.8,2309.6,2309.8,8,30,24
9:37:46,2309.6,2309.6,2309.8,3,35,22
9:37:47,2309.8,2309.6,2309.8,16,35,6
9:37:47,2309.6,2309.6,2309.8,5,36,2
9:37:48,2309.6,2309.6,2310,11,34,39
9:37:48,2309.8,2309.8,2310,3,1,38
9:37:49,2309.8,2309.8,2310,1,8,38
9:37:49,2310,2309.8,2310,2,6,38
9:37:50,2309.8,2309.8,2310,5,13,47
9:37:50,2310,2309.8,2310,4,15,44
9:37:51,2310,2309.8,2310,6,13,42
9:37:51,2310,2309.8,2310,3,12,40
9:37:52,2310,2309.8,2310,5,12,37
9:37:52,2310,2309.8,2310,37,21,5
9:37:53,2310,2309.8,2310,5,19,4
9:37:53,2310.2,2310,2310.2,5,20,30
9:37:54,2310,2310,2310.2,12,16,29
9:37:54,2310,2310,2310.2,6,24,26
9:37:55,2310.2,2310,2310.2,8,21,31
9:37:55,2310.2,2310.2,2310.4,70,3,52
9:37:56,2310,2309.8,2310,13,27,20
9:37:56,2310,2309.8,2310,11,30,20
9:37:57,2309.8,2309.8,2310,6,28,18
9:37:57,2310,2309.8,2310,10,37,10
9:37:58,2310,2310,2310.2,12,23,8
9:37:58,2310,2310,2310.2,12,16,23
9:37:59,2310,2310,2310.2,2,20,26
9:37:59,2310.2,2310,2310.2,4,21,23
9:38:00,2310,2310,2310.2,13,21,18
9:38:00,2310.2,2310,2310.2,14,15,12
9:38:01,2310,2309.8,2310,37,37,5
9:38:01,2310.4,2310.2,2310.4,100,1,14
9:38:02,2310,2310,2310.2,64,6,8
9:38:02,2310.6,2310.4,2310.6,19,6,40
9:38:03,2310.6,2310.2,2310.6,11,1,37
9:38:03,2310.2,2310.2,2310.4,7,15,2
9:38:04,2310.2,2310.2,2310.4,19,24,2
9:38:04,2310.4,2310.4,2310.6,24,6,23
9:38:05,2310.2,2310.4,2310.6,9,1,25
9:38:05,2310.4,2310.4,2310.6,7,9,21
9:38:06,2310.4,2310.2,2310.4,43,29,8
9:38:06,2310.2,2310.2,2310.4,14,34,6
9:38:07,2310.4,2310.2,2310.4,9,34,5
9:38:07,2310.2,2310.2,2310.6,30,20,15
9:38:08,2310.2,2310,2310.2,13,35,53
9:38:08,2310,2310,2310.2,23,23,40
9:38:09,2310,2310,2310.2,30,11,33
9:38:09,2310,2310,2310.2,6,9,38
9:38:10,2310.2,2309.8,2310.2,8,9,66
9:38:10,2310,2309.8,2310,6,12,18
9:38:11,2310,2309.8,2310,12,12,14
9:38:11,2310,2309.8,2310,8,13,12
9:38:12,2309.8,2309.6,2309.8,16,60,14
9:38:12,2309.6,2309.6,2309.8,7,56,12
9:38:13,2309.8,2309.6,2309.8,5,57,19
9:38:13,2309.6,2309.6,2309.8,4,57,17
9:38:14,2309.6,2309.6,2309.8,5,55,16
9:38:14,2309.6,2309.6,2309.8,39,20,13
9:38:15,2309.6,2309.6,2310,18,15,11
9:38:15,2309.6,2309.8,2310,5,7,9
9:38:16,2309.8,2309.8,2310,4,24,14
9:38:16,2309.8,2309.8,2310,6,26,12
9:38:17,2310,2310,2310.2,14,22,63
9:38:17,2310,2310,2310.2,8,23,63
9:38:18,2310,2310,2310.2,10,20,62
9:38:18,2310,2310,2310.2,9,11,62
9:38:19,2310,2310,2310.2,29,8,36
9:38:19,2309.8,2309.8,2310,52,23,1
9:38:20,2310,2309.8,2310.4,12,22,2
9:38:20,2310.4,2310,2310.4,7,18,1
9:38:21,2310,2310.2,2310.4,5,13,7
9:38:21,2310.2,2310.2,2310.4,11,96,1
9:38:22,2310.4,2310.4,2310.8,24,9,27
9:38:22,2310.4,2310.6,2310.8,8,12,27
9:38:23,2310.6,2310.6,2310.8,8,5,29
9:38:23,2310.4,2310.4,2310.6,33,11,6
9:38:24,2310.4,2310.2,2310.4,18,90,7
9:38:24,2310.2,2310.2,2310.4,6,88,4
9:38:25,2310.6,2310.4,2310.6,20,9,15
9:38:25,2310.6,2310.4,2310.6,8,5,12
