9:14:00,2206,2205.2,2206,274,4,70
9:15:00,2207.8,2207.8,2208,97,17,2
9:15:01,2208,2208,2210,110,120,7
9:15:01,2210.2,2210.2,2210.4,31,13,6
9:15:02,2210,2210,2210.2,114,5,45
9:15:02,2210,2210.4,2210.8,112,3,8
9:15:03,2210.6,2210.2,2210.6,52,38,3
9:15:03,2210.8,2210.8,2211.4,76,18,7
9:15:04,2211.2,2210.8,2211,14,43,2
9:15:04,2210.8,2211.4,2211.6,15,1,1
9:15:05,2211.6,2211.6,2211.8,35,46,4
9:15:05,2211,2211,2211.4,65,9,41
9:15:06,2211,2210.8,2211,15,46,18
9:15:06,2211,2211,2211.4,34,8,33
9:15:07,2211.4,2210.8,2211.4,36,42,25
9:15:07,2210.8,2210.8,2211.2,6,31,1
9:15:08,2210.8,2210.8,2211.2,25,25,4
9:15:08,2210.8,2210.8,2211,9,11,7
9:15:09,2210.8,2210.6,2210.8,18,9,7
9:15:09,2210.8,2210.6,2211,23,4,9
9:15:10,2210.6,2208,2210.6,89,26,2
9:15:10,2210.4,2209.8,2210.4,7,8,5
9:15:11,2210.2,2210,2210.2,15,3,1
9:15:11,2210.2,2210.2,2210.6,12,3,5
9:15:12,2210.6,2210.2,2210.6,6,3,3
9:15:12,2210,2209.8,2210.2,13,12,3
9:15:13,2210.4,2210,2210.4,7,12,8
9:15:13,2210.2,2209.8,2210.4,18,8,8
9:15:14,2209.8,2209.6,2210.4,35,8,2
9:15:14,2209.8,2209.4,2210,29,6,14
9:15:15,2209.6,2209.2,2209.6,5,6,1
9:15:15,2209,2209,2209.2,5,6,1
9:15:16,2209.2,2208.6,2209,5,1,2
9:15:16,2208.6,2208.6,2209,8,6,11
9:15:17,2208.8,2208.8,2209,8,9,9
9:15:17,2209,2209,2209.2,10,1,5
9:15:18,2208.8,2208.4,2209.4,35,6,2
9:15:18,2208.6,2208.8,2209.2,22,5,14
9:15:19,2208.2,2208.2,2208.8,19,6,14
9:15:19,2208.2,2208,2208.4,7,14,10
9:15:20,2208.2,2208,2208.2,40,4,2
9:15:20,2207.6,2207.6,2208,38,105,1
9:15:21,2208,2207.6,2208,11,109,1
9:15:21,2208.6,2208.4,2208.8,2,17,1
9:15:22,2208.8,2208.4,2208.8,8,11,6
9:15:22,2208.8,2208.6,2209,7,1,1
9:15:23,2209,2208.6,2209,12,16,4
9:15:23,2208.6,2208.4,2208.6,22,15,7
9:15:24,2208.6,2208.2,2208.4,18,21,26
9:15:24,2208.4,2208.2,2208.4,11,15,29
9:15:25,2208.6,2208.2,2208.4,37,14,1
9:15:25,2208.2,2208.4,2208.8,6,6,7
9:15:26,2208.6,2208.6,2208.8,6,26,22
9:15:26,2208.8,2208.6,2208.8,19,16,7
9:15:27,2208.6,2208.4,2208.6,35,11,15
9:15:27,2208.4,2208.4,2208.6,6,11,7
9:15:28,2208.6,2208.4,2208.6,5,14,4
9:15:28,2208.6,2208.4,2208.6,7,19,1
9:15:29,2208.8,2208.6,2209,2,5,5
9:15:29,2208.8,2208.8,2209,2,4,2
9:15:30,2209,2208.6,2209.2,13,20,15
9:15:30,2209,2208.8,2209.2,7,10,5
9:15:31,2208.6,2208.6,2208.8,14,14,10
9:15:31,2208.8,2208.6,2208.8,9,21,1
9:15:32,2209.2,2208.8,2209.2,4,24,2
9:15:32,2208.8,2208.8,2209,6,18,1
9:15:33,2209,2209,2209.2,16,5,9
9:15:33,2209.2,2209.2,2209.4,6,9,15
9:15:34,2209,2209.2,2209.4,13,3,15
9:15:34,2209.4,2209.2,2209.4,4,2,6
9:15:35,2209.4,2209.4,2209.6,8,22,7
9:15:35,2209.6,2209.4,2209.6,2,28,2
9:15:36,2209.6,2209.6,2209.8,21,14,19
9:15:36,2209.4,2209.4,2209.6,22,22,35
9:15:37,2209.4,2209.4,2209.6,11,20,13
9:15:37,2209.6,2209.6,2209.8,28,9,15
9:15:38,2209.6,2209.6,2209.8,6,5,19
9:15:38,2209.6,2209.6,2210,13,5,16
9:15:39,2210,2209.8,2210,3,2,32
9:15:39,2209.4,2209.2,2209.4,18,30,10
9:15:40,2209.4,2209.4,2209.6,24,15,1
9:15:40,2209.6,2209.6,2210,1,4,21
9:15:41,2209.4,2209.4,2209.6,11,1,1
9:15:41,2209.6,2209.6,2209.8,9,1,1
9:15:42,2209.8,2209.2,2209.8,3,30,9
9:15:42,2209.8,2209.6,2209.8,2,1,4
9:15:43,2209.6,2209.6,2209.8,2,4,9
9:15:43,2209.6,2209.2,2209.6,12,34,1
9:15:44,2209.6,2209.2,2209.6,4,26,6
9:15:44,2209.8,2209.4,2209.6,7,10,7
9:15:45,2209.8,2209.4,2209.8,9,9,11
9:15:45,2209.4,2209.4,2209.6,5,9,1
9:15:46,2209.4,2209.4,2209.8,5,7,11
9:15:46,2209.6,2209.6,2209.8,1,1,5
9:15:47,2209.8,2209.8,2210,8,25,20
9:15:47,2210,2209.8,2210,8,19,22
9:15:48,2210,2209.8,2210,2,20,10
9:15:48,2210,2210,2210.2,14,8,8
9:15:49,2210.2,2209.8,2210.2,13,24,21
9:15:49,2210.2,2210,2210.2,7,1,2
9:15:50,2210.2,2210,2210.4,4,9,3
9:15:50,2210,2210,2210.4,10,5,2
9:15:51,2210.4,2210.4,2210.6,7,5,13
9:15:51,2210,2210,2210.2,13,3,12
9:15:52,2210.2,2210,2210.2,17,7,15
9:15:52,2210,2209.8,2210,6,25,32
9:15:53,2210,2209.8,2210,18,19,25
9:15:53,2209.8,2209.8,2210.4,46,12,36
9:15:54,2209.8,2210,2210.2,5,1,1
9:15:54,2210.2,2210.2,2210.4,34,2,34
9:15:55,2209.8,2209.8,2210,3,6,1
9:15:55,2210,2209.8,2210.2,6,7,19
9:15:56,2209.8,2209.8,2210.2,8,1,19
9:15:57,2210.2,2210,2210.2,12,14,14
9:15:57,2210,2210,2210.4,17,12,38
9:15:58,2210.2,2210,2210.2,28,7,4
9:15:58,2209.6,2209.8,2210.2,20,6,6
9:15:59,2210.2,2210,2210.2,3,1,4
9:15:59,2210,2209.8,2210.2,1,7,4
9:16:00,2210.2,2209.8,2210.2,3,7,2
9:16:00,2209.8,2210,2210.2,11,1,7
9:16:01,2210.2,2209.8,2210.4,16,3,29
9:16:01,2209.8,2209.8,2210.2,8,3,4
9:16:02,2209.8,2209.6,2209.8,2,68,3
9:16:02,2210,2210,2210.2,25,29,16
9:16:03,2210,2210,2210.2,14,15,11
9:16:03,2209.8,2209.6,2210.2,26,64,7
9:16:04,2209.8,2209.8,2210.2,5,5,20
9:16:04,2209.6,2209.6,2209.8,20,50,1
9:16:05,2209.6,2209.6,2209.8,6,52,9
9:16:05,2209.8,2209.6,2209.8,4,46,7
9:16:06,2209.6,2209.6,2209.8,11,41,1
9:16:06,2209.6,2209.6,2210,7,37,23
9:16:07,2209.6,2209.6,2210,6,37,20
9:16:07,2209.6,2209.8,2210,6,1,17
9:16:08,2209.6,2209.6,2209.8,6,24,2
9:16:08,2209.6,2209.6,2209.8,10,20,4
9:16:09,2209.6,2209.6,2209.8,5,15,13
9:16:09,2209.6,2209.4,2209.6,40,21,15
9:16:10,2209.6,2209.4,2209.6,8,21,10
9:16:10,2209.6,2209.4,2209.6,3,13,11
9:16:11,2209.4,2209.2,2209.4,21,43,21
9:16:11,2209.4,2209.2,2209.4,1,43,26
9:16:12,2209.4,2209.2,2209.4,26,32,12
9:16:12,2209,2209,2209.2,36,37,18
9:16:13,2209,2209,2209.2,12,26,6
9:16:13,2209,2209,2209.2,16,12,26
9:16:14,2209,2208.8,2209,15,32,13
9:16:14,2209,2208.8,2209,7,30,31
9:16:15,2208.8,2208.8,2209,2,28,31
9:16:15,2208.8,2208.6,2208.8,32,33,49
9:16:16,2208.8,2208.6,2208.8,7,32,36
9:16:16,2208.6,2208.6,2208.8,5,27,13
9:16:17,2208.8,2208.6,2208.8,1,36,10
9:16:17,2208.6,2208.6,2208.8,9,30,7
9:16:18,2208.6,2208.8,2209,15,4,8
9:16:18,2208.6,2208.6,2208.8,16,16,3
9:16:19,2208.6,2208.6,2208.8,2,15,5
9:16:19,2208.6,2208.8,2209,10,3,7
9:16:20,2208.6,2208.6,2209,9,9,8
9:16:20,2209,2208.8,2209,6,1,3
9:16:21,2208.8,2208.6,2209,5,18,4
9:16:21,2208.8,2208.8,2209.2,6,6,3
9:16:22,2208.8,2208.6,2208.8,3,22,48
9:16:23,2208.8,2208.8,2209,54,1,1
9:16:23,2208.6,2208.8,2209,5,3,2
9:16:24,2208.6,2208.6,2209,8,12,4
9:16:24,2209,2209,2209.2,2,10,5
9:16:25,2208.8,2208.6,2208.8,27,2,2
9:16:25,2208.6,2208.8,2209.2,35,4,16
9:16:26,2208.8,2208.8,2209,2,15,5
9:16:26,2209.2,2208.8,2209.2,16,9,8
9:16:27,2209.2,2209,2209.4,3,5,11
9:16:28,2209.2,2209.2,2209.4,8,5,5
9:16:28,2209.4,2209.4,2209.6,5,9,7
9:16:29,2209.4,2209.2,2209.4,1,22,1
9:16:29,2209.4,2209.4,2209.6,3,2,8
9:16:30,2209.4,2209.4,2209.6,1,2,8
9:16:30,2209.4,2209.4,2209.6,2,1,9
9:16:31,2209.6,2209.4,2209.6,2,1,7
9:16:31,2209.2,2209.2,2209.4,2,10,2
9:16:32,2209.6,2209.4,2209.6,5,25,5
9:16:32,2209.6,2209.6,2209.8,6,7,10
9:16:33,2209.6,2209.6,2209.8,4,5,9
9:16:33,2209.8,2209.6,2209.8,2,4,8
9:16:34,2209.8,2209.6,2209.8,4,8,4
9:16:34,2209.8,2209.6,2209.8,2,8,2
9:16:35,2209.8,2209.8,2210,6,6,22
9:16:35,2209.8,2209.6,2209.8,11,10,3
9:16:36,2209.8,2209.8,2210,7,17,33
9:16:36,2209.8,2209.8,2210,20,49,33
9:16:37,2210,2209.8,2210,3,49,31
9:16:37,2210,2209.8,2210,1,49,30
9:16:38,2209.8,2209.8,2210,5,46,27
9:16:38,2209.8,2209.8,2210,5,49,24
9:16:39,2209.8,2209.8,2210,19,47,1
9:16:39,2209.8,2209.8,2210,8,39,1
9:16:40,2210,2210,2210.2,7,38,41
9:16:40,2210,2210,2210.2,2,37,38
9:16:41,2210,2210,2210.2,34,5,38
9:16:41,2210.2,2210,2210.2,8,4,32
9:16:42,2210,2210,2210.2,1,3,32
9:16:42,2210,2209.8,2210,3,45,2
9:16:43,2210,2210,2210.2,4,1,25
9:16:43,2210,2209.8,2210,1,45,2
9:16:44,2210.2,2209.8,2210.2,6,45,23
9:16:44,2210,2209.8,2210,2,45,1
9:16:45,2210,2209.8,2210.2,2,46,23
9:16:46,2210,2209.8,2210.2,2,41,23
9:16:46,2209.8,2209.8,2210.2,3,38,24
9:16:47,2209.8,2209.8,2210.2,2,37,27
9:16:47,2209.8,2209.8,2210.2,3,34,27
9:16:48,2209.8,2209.8,2210.2,4,32,27
9:16:49,2210,2210,2210.2,6,24,27
9:16:49,2210.2,2210,2210.2,3,28,31
9:16:50,2210,2210,2210.2,9,19,33
9:16:50,2210,2210,2210.2,1,18,33
9:16:51,2210.2,2210,2210.2,6,13,32
9:16:51,2210,2210,2210.2,7,9,32
9:16:52,2210.2,2209.8,2210.2,11,26,31
9:16:52,2210.2,2209.8,2210,1,26,11
9:16:53,2210,2209.8,2210,2,26,11
9:16:53,2210,2209.8,2210,4,26,4
9:16:54,2210,2209.8,2210,3,26,3
9:16:54,2210,2210,2210.2,6,28,48
9:16:55,2210.2,2209.8,2210,29,23,6
9:16:55,2210,2209.8,2210,6,29,26
9:16:56,2210,2210,2210.2,10,95,39
9:16:56,2210.2,2210,2210.2,25,92,37
9:16:57,2210.2,2210,2210.2,3,102,33
9:16:57,2210.2,2210,2210.2,2,102,32
9:16:58,2210.2,2210,2210.2,8,104,26
9:16:58,2210,2210,2210.2,8,104,17
9:16:59,2210.2,2210.2,2210.4,20,13,50
9:16:59,2210.2,2210.2,2210.4,2,102,72
9:17:00,2210.2,2210.2,2210.4,2,100,72
9:17:00,2210.2,2210.2,2210.4,9,92,71
9:17:01,2210.2,2210.2,2210.4,4,93,69
9:17:01,2210.2,2210.2,2210.4,8,95,41
9:17:02,2210.2,2210.2,2210.4,16,79,42
9:17:03,2210.2,2210.2,2210.4,10,69,44
9:17:04,2210.4,2210.2,2210.4,11,70,34
9:17:04,2210.2,2210.2,2210.4,6,69,29
9:17:05,2210.2,2210.2,2210.4,2,68,29
9:17:05,2210.2,2210.2,2210.4,3,67,28
9:17:06,2210.4,2210.2,2210.4,2,68,26
9:17:06,2210.2,2210.2,2210.4,5,64,26
9:17:07,2210.2,2210.2,2210.4,1,63,26
9:17:07,2210.4,2210.2,2210.4,5,62,23
9:17:08,2210.4,2210.2,2210.4,3,56,20
9:17:09,2210.4,2210.2,2210.4,6,57,15
9:17:09,2210.4,2210.2,2210.4,2,57,13
9:17:10,2210.4,2210.2,2210.4,7,60,10
9:17:10,2210.2,2210.2,2210.4,3,56,9
9:17:11,2210.4,2210.4,2210.6,8,1,35
9:17:11,2210.4,2210.2,2210.6,32,57,4
9:17:12,2210.4,2210.2,2210.4,1,58,3
9:17:12,2210.2,2210.2,2210.6,5,57,4
9:17:13,2210.6,2210.4,2210.6,2,9,2
9:17:13,2210.6,2210.4,2210.6,1,9,1
9:17:14,2210.4,2210.4,2210.6,2,8,1
9:17:14,2210.4,2210.4,2210.6,2,6,2
9:17:15,2210.6,2210.6,2210.8,3,5,31
9:17:15,2210.6,2210.6,2210.8,4,3,31
9:17:16,2210.8,2210.6,2210.8,15,8,23
9:17:16,2210.6,2210.6,2210.8,15,2,36
9:17:17,2210.4,2210.2,2210.6,4,57,2
9:17:17,2210.4,2210.4,2210.6,3,3,3
9:17:18,2210.6,2210.4,2210.6,1,4,4
9:17:19,2210.6,2210.4,2210.6,4,2,4
9:17:19,2210.6,2210.4,2210.6,2,2,2
9:17:20,2210.6,2210.6,2210.8,6,47,13
9:17:21,2210.6,2210.6,2210.8,4,47,11
9:17:22,2210.6,2210.6,2210.8,2,46,11
9:17:22,2210.8,2210.6,2210.8,1,46,10
9:17:23,2210.8,2210.6,2210.8,7,46,3
9:17:23,2210.8,2210.6,2211,3,97,63
9:17:24,2210.6,2210.6,2211,2,96,78
9:17:24,2211,2210.6,2211,16,95,63
9:17:25,2211,2210.6,2211,7,95,45
9:17:25,2211,2210.6,2211,1,98,44
9:17:26,2211,2210.6,2211,7,92,40
9:17:26,2211,2210.6,2211,3,95,37
9:17:27,2211,2210.6,2211,9,104,6
9:17:27,2211,2210.8,2211,1,8,6
9:17:28,2211,2211,2211.2,6,1,15
9:17:28,2211,2211,2211.2,1,2,5
9:17:29,2211,2211,2211.2,3,6,3
9:17:29,2211.2,2211,2211.2,3,7,14
9:17:30,2211,2211,2211.2,5,3,15
9:17:30,2211,2211,2211.2,2,1,41
9:17:31,2211.2,2211,2211.2,3,1,40
9:17:31,2211,2210.8,2211,4,16,1
9:17:32,2211,2210.8,2211,1,10,4
9:17:32,2211,2210.8,2211,3,16,3
9:17:33,2211,2211,2211.2,5,8,15
9:17:33,2211,2211,2211.2,3,5,40
9:17:34,2211,2210.8,2211,9,8,2
9:17:35,2211,2211,2211.2,2,28,14
9:17:35,2211.2,2211,2211.2,2,38,13
9:17:36,2211,2211,2211.2,4,37,41
9:17:36,2211,2211,2211.2,8,36,8
9:17:37,2211.2,2211,2211.2,5,36,3
9:17:37,2211,2211,2211.2,1,35,30
9:17:38,2211.2,2211,2211.2,1,35,31
9:17:38,2211.2,2211,2211.2,33,34,1
9:17:39,2211,2211,2211.2,4,31,10
9:17:39,2211,2211,2211.4,2,31,35
9:17:40,2211,2211,2211.4,13,19,44
9:17:40,2210.8,2210.8,2211,20,18,8
9:17:41,2211,2210.8,2211,16,30,14
9:17:41,2211,2210.8,2211.2,15,17,3
9:17:42,2211.2,2210.8,2211.2,2,16,9
9:17:42,2211.2,2210.8,2211.2,1,16,3
9:17:43,2211.2,2211,2211.2,6,5,9
9:17:43,2211,2211,2211.2,7,2,6
9:17:44,2211,2211,2211.2,2,1,8
9:17:45,2211,2211,2211.2,2,4,12
9:17:45,2211.2,2211,2211.2,5,11,7
9:17:46,2211,2211,2211.2,6,7,11
9:17:46,2211,2211,2211.2,1,16,12
9:17:47,2211.2,2211,2211.2,2,17,4
9:17:47,2211,2211,2211.2,2,19,4
9:17:48,2211,2211,2211.2,1,18,10
9:17:48,2211,2211,2211.2,2,18,10
9:17:49,2211,2211,2211.2,2,17,10
9:17:49,2211.2,2211.2,2211.4,12,90,60
9:17:50,2211.2,2211.2,2211.4,2,101,68
9:17:50,2211.2,2211.2,2211.4,22,80,36
9:17:51,2211.4,2211.2,2211.4,6,77,36
9:17:51,2211.4,2211.2,2211.4,3,77,45
9:17:52,2211.4,2211.2,2211.4,2,76,44
9:17:52,2211.4,2211.2,2211.4,1,76,43
9:17:54,2211.4,2211.2,2211.4,2,77,42
9:17:54,2211.4,2211.2,2211.4,10,77,34
9:17:55,2211.4,2211.2,2211.4,2,83,19
9:17:55,2211.4,2211.2,2211.4,6,73,29
9:17:56,2211.2,2211.2,2211.4,6,78,28
9:17:56,2211.4,2211.4,2211.6,32,70,24
9:17:57,2211.4,2211.4,2211.6,23,67,1
9:17:58,2211.6,2211.6,2211.8,3,4,38
9:17:58,2211.4,2211.4,2211.8,9,67,47
9:17:59,2211.6,2211.4,2211.6,2,70,2
9:17:59,2211.4,2211.4,2211.6,4,68,18
9:18:00,2211.6,2211.4,2211.6,1,67,21
9:18:00,2211.4,2211.4,2211.6,4,76,21
9:18:01,2211.6,2211.4,2211.6,9,75,15
9:18:01,2211.6,2211.4,2211.6,20,60,22
9:18:02,2211.6,2211.4,2211.6,24,38,11
9:18:02,2211.4,2211.4,2211.6,7,32,11
9:18:03,2211.4,2211.4,2211.6,13,22,29
9:18:03,2211.4,2211.2,2211.4,27,86,7
9:18:04,2211.4,2211.2,2211.4,1,86,5
9:18:04,2211.6,2211.2,2211.6,52,84,4
9:18:05,2211.4,2211.2,2211.4,2,83,6
9:18:05,2211.4,2211.2,2211.4,3,81,7
9:18:06,2211.4,2211.2,2211.4,2,81,6
9:18:06,2211.2,2211.2,2211.4,3,72,16
9:18:07,2211.2,2211.2,2211.4,9,63,20
9:18:07,2211.2,2211.2,2211.4,9,54,25
9:18:08,2211.2,2211.2,2211.4,8,46,28
9:18:08,2211.2,2211.2,2211.4,15,32,30
9:18:09,2211.2,2211.2,2211.4,7,25,32
9:18:09,2211.2,2211.2,2211.4,10,15,30
9:18:10,2211.2,2211.2,2211.4,4,11,24
9:18:11,2211.2,2211.2,2211.4,1,10,31
9:18:11,2211,2211,2211.2,11,21,6
9:18:12,2211.2,2211,2211.2,1,15,14
9:18:12,2210.8,2210.8,2211,92,14,33
9:18:13,2211,2210.8,2211,14,20,25
9:18:13,2210.8,2210.6,2211,18,64,8
9:18:14,2210.8,2210.6,2211,1,64,8
9:18:14,2210.6,2210.6,2210.8,4,62,5
9:18:15,2210.8,2210.6,2210.8,5,63,7
9:18:15,2210.6,2210.6,2210.8,1,62,8
9:18:16,2210.8,2210.6,2210.8,10,58,15
9:18:16,2210.8,2210.6,2210.8,6,51,14
9:18:17,2210.6,2210.6,2210.8,2,49,14
9:18:17,2210.8,2210.6,2210.8,10,47,6
9:18:18,2210.6,2210.6,2210.8,31,10,6
9:18:18,2210.8,2210.8,2211,8,3,14
9:18:19,2210.6,2210.6,2210.8,9,3,1
9:18:20,2210.6,2210.4,2210.8,13,10,2
9:18:20,2210.8,2210.4,2210.6,1,10,1
9:18:21,2210.6,2210.4,2210.6,2,3,2
9:18:21,2210.6,2210.4,2210.6,3,4,6
9:18:22,2210.6,2210.4,2210.6,3,4,7
9:18:22,2210.4,2210.4,2210.6,4,6,6
9:18:23,2210.4,2210.2,2210.4,1,27,3
9:18:23,2210.4,2210.4,2210.6,6,4,1
9:18:24,2210.2,2210.2,2210.6,33,5,7
9:18:24,2210.6,2210.6,2210.8,8,2,14
9:18:25,2210.6,2210.6,2210.8,7,7,16
9:18:25,2210.6,2210.6,2210.8,1,6,10
9:18:26,2210.6,2210.6,2210.8,1,7,8
9:18:28,2210.8,2210.6,2210.8,7,35,12
9:18:28,2210.6,2210.6,2210.8,10,25,12
9:18:29,2210.6,2210.6,2210.8,4,22,11
9:18:29,2210.8,2210.6,2210.8,1,22,10
9:18:30,2210.6,2210.6,2210.8,1,21,3
9:18:31,2210.8,2210.6,2210.8,1,72,4
9:18:32,2210.8,2210.6,2210.8,2,71,3
9:18:32,2210.6,2210.6,2210.8,2,70,2
9:18:33,2210.6,2210.6,2210.8,9,61,1
9:18:34,2210.8,2210.6,2210.8,5,61,6
9:18:35,2210.6,2210.6,2210.8,1,61,6
9:18:36,2210.6,2210.6,2210.8,1,61,1
9:18:36,2210.6,2210.6,2210.8,1,60,1
9:18:37,2210.6,2210.6,2210.8,3,57,7
9:18:37,2210.6,2210.6,2210.8,4,54,5
9:18:38,2210.6,2210.6,2210.8,2,51,6
9:18:38,2210.6,2210.6,2210.8,4,53,2
9:18:39,2210.8,2210.6,2211,1,47,32
9:18:39,2210.8,2210.8,2211,8,17,40
9:18:40,2210.8,2210.8,2211,10,18,24
9:18:40,2210.6,2210.8,2211,23,1,24
9:18:41,2210.8,2210.8,2211,1,2,24
9:18:42,2211,2210.8,2211,5,2,18
9:18:42,2210.8,2210.8,2211,2,1,18
9:18:43,2210.8,2210.6,2210.8,2,53,2
9:18:43,2211,2210.6,2211,3,54,23
9:18:44,2210.6,2210.8,2211,2,6,22
9:18:45,2211,2210.8,2211,1,6,22
9:18:45,2211,2210.8,2211,4,16,19
9:18:46,2210.8,2210.8,2211,7,9,29
9:18:46,2210.8,2210.8,2211,2,7,30
9:18:47,2210.8,2210.8,2211,2,6,30
9:18:48,2210.6,2210.6,2210.8,9,41,18
9:18:48,2210.8,2210.6,2210.8,11,40,11
9:18:49,2210.8,2210.6,2210.8,6,41,5
9:18:49,2210.8,2210.6,2210.8,1,40,8
9:18:50,2210.8,2210.6,2210.8,1,40,6
9:18:50,2210.8,2210.6,2210.8,1,42,5
9:18:51,2211,2210.6,2211,2,47,30
9:18:52,2210.8,2210.6,2211,1,47,30
9:18:53,2210.8,2210.6,2211,30,48,1
9:18:53,2211,2210.6,2211.2,1,48,22
9:18:54,2210.6,2210.6,2211,2,47,2
9:18:54,2211,2210.6,2211,1,48,1
9:18:55,2211,2210.8,2211.2,9,1,19
9:18:55,2210.8,2210.8,2211.2,2,1,16
9:18:56,2210.8,2210.6,2211.2,1,58,17
9:18:57,2211.2,2211,2211.2,1,31,16
9:18:58,2211,2211,2211.2,9,26,14
9:18:59,2211,2211,2211.2,8,25,7
9:19:00,2211,2210.8,2211,25,1,1
9:19:01,2210.6,2210.6,2211,2,56,2
9:19:02,2211,2210.6,2211,2,56,2
9:19:03,2210.6,2210.6,2211,1,55,5
9:19:03,2211,2210.6,2211,1,55,5
9:19:04,2210.6,2210.6,2211,1,54,6
9:19:05,2211,2210.6,2211,1,50,9
9:19:06,2210.6,2210.8,2211,1,2,9
9:19:08,2210.8,2210.8,2211,4,6,10
9:19:08,2210.8,2210.8,2211,1,5,10
9:19:09,2211,2210.8,2211,1,5,9
9:19:09,2210.8,2210.8,2211,4,1,11
9:19:11,2211,2210.8,2211,3,11,12
9:19:12,2211,2211,2211.2,12,20,7
9:19:12,2211,2211,2211.2,5,5,5
9:19:13,2211.2,2211,2211.2,2,5,3
9:19:13,2211,2211,2211.2,2,2,3
9:19:14,2211.2,2211,2211.2,1,5,2
9:19:16,2211,2210.8,2211.2,2,10,10
9:19:17,2211,2211,2211.2,1,1,9
9:19:18,2210.8,2210.6,2210.8,15,65,7
9:19:19,2210.8,2210.8,2211,7,16,10
9:19:21,2211,2210.8,2211,1,12,23
9:19:22,2211,2210.8,2211,3,13,26
9:19:23,2211,2210.8,2211,1,13,13
9:19:23,2210.8,2210.8,2211,8,12,6
9:19:24,2211,2210.8,2211,1,12,5
9:19:26,2211,2210.8,2211,1,14,10
9:19:27,2211,2210.8,2211,2,15,4
9:19:28,2211,2210.8,2211,1,15,4
9:19:29,2211,2210.8,2211,1,14,9
9:19:29,2210.8,2210.8,2211,1,13,9
9:19:30,2210.8,2210.8,2211,2,11,11
9:19:30,2210.8,2210.8,2211,2,9,13
9:19:31,2210.8,2210.8,2211,2,7,13
9:19:32,2210.8,2210.8,2211,1,5,14
9:19:33,2211,2211,2211.2,8,34,20
9:19:33,2211,2211,2211.2,3,31,20
9:19:34,2211.2,2211,2211.2,5,31,18
9:19:35,2211.2,2211,2211.2,1,32,17
9:19:36,2211,2211,2211.2,8,32,10
9:19:36,2211.2,2211,2211.2,2,31,9
9:19:37,2211,2211,2211.2,1,30,9
9:19:38,2211.2,2211,2211.2,1,30,9
9:19:39,2211.2,2211,2211.2,1,30,8
9:19:39,2211.2,2211,2211.2,3,31,6
9:19:40,2211,2211,2211.2,4,29,6
9:19:41,2211.2,2211,2211.2,5,31,5
9:19:41,2211,2211,2211.2,2,30,4
9:19:42,2211.2,2211,2211.2,1,31,3
9:19:43,2211.2,2211,2211.2,2,31,1
9:19:44,2211.2,2211,2211.4,1,31,40
9:19:45,2211,2211,2211.2,1,30,6
9:19:46,2211,2211,2211.2,2,29,5
9:19:46,2211.2,2211,2211.2,3,29,2
9:19:47,2211,2211,2211.2,3,27,1
9:19:49,2211,2211,2211.2,1,26,3
9:19:50,2211.2,2211,2211.2,1,26,2
9:19:50,2211.4,2211.2,2211.4,4,9,32
9:19:51,2211.4,2211.2,2211.4,8,12,24
9:19:51,2211.4,2211.2,2211.4,21,24,4
9:19:52,2211.2,2211.2,2211.4,5,22,2
9:19:52,2211.4,2211.2,2211.4,2,22,1
9:19:53,2211.4,2211.4,2211.6,2,3,15
9:19:54,2211.4,2211.4,2211.6,2,1,15
9:19:54,2211.4,2211.2,2211.4,1,2,4
9:19:55,2211.6,2211.2,2211.6,5,2,20
9:19:55,2211.4,2211.4,2211.6,2,3,13
9:19:56,2211.4,2211.4,2211.6,2,3,12
9:19:57,2211.6,2211.4,2211.6,1,3,11
9:19:57,2211.6,2211.4,2211.6,10,4,1
9:19:58,2211.6,2211.4,2211.8,1,4,34
9:19:58,2211.8,2211.4,2211.8,7,5,27
9:19:59,2211.8,2211.6,2211.8,2,2,25
9:19:59,2211.6,2211.4,2211.6,6,5,2
9:20:00,2211.8,2211.4,2211.8,7,2,21
9:20:00,2211.8,2211.6,2211.8,40,2,1
9:20:01,2212,2211.8,2212,7,2,31
9:20:01,2212,2211.4,2212,10,1,32
9:20:02,2211.8,2211,2211.8,13,23,5
9:20:02,2212,2211.2,2212,59,9,6
9:20:03,2211.4,2211.4,2211.8,7,2,1
9:20:03,2211.8,2211.6,2211.8,3,2,5
9:20:04,2211.6,2211.4,2211.6,2,5,6
9:20:04,2212,2211.4,2212,4,4,17
9:20:05,2211.4,2211.2,2211.4,11,1,6
9:20:06,2211.4,2211.2,2211.4,3,1,5
9:20:06,2211.4,2211.2,2211.4,1,2,4
9:20:07,2211.4,2211.2,2211.4,1,2,3
9:20:07,2211.4,2211.2,2211.4,2,7,1
9:20:08,2211.4,2211.2,2211.6,4,12,2
9:20:08,2211.6,2211.6,2211.8,2,2,3
9:20:09,2211.4,2211.4,2211.8,3,4,4
9:20:09,2211.4,2211.4,2211.8,1,3,6
9:20:10,2211.4,2211.4,2211.6,1,2,1
9:20:10,2211.4,2211.2,2211.4,3,6,1
9:20:14,2211.2,2211.2,2211.4,1,6,8
9:20:14,2211.2,2211.2,2211.4,2,4,8
9:20:15,2211.2,2211.2,2211.4,2,2,16
9:20:15,2211.2,2211.2,2211.4,4,1,6
9:20:16,2211.2,2211,2211.2,1,14,2
9:20:19,2211.2,2211,2211.2,1,10,18
9:20:19,2211,2211,2211.2,3,8,17
9:20:20,2211,2211,2211.2,4,5,16
9:20:20,2211,2211,2211.2,2,4,15
9:20:21,2211,2211,2211.2,3,2,15
9:20:22,2211,2211,2211.2,7,1,17
9:20:23,2211,2210.8,2211,1,23,18
9:20:23,2211.2,2211,2211.2,23,1,15
9:20:24,2210.8,2210.8,2211,1,26,1
9:20:24,2210.8,2210.8,2211,16,14,1
9:20:25,2210.8,2210.8,2211,1,19,1
9:20:25,2210.8,2210.8,2211,2,4,2
9:20:26,2210.8,2210.8,2211,4,3,9
9:20:27,2210.8,2210.6,2210.8,3,57,1
9:20:28,2210.8,2210.8,2211,1,23,8
9:20:29,2210.8,2210.8,2211,6,15,6
9:20:29,2210.8,2210.8,2211,5,13,5
9:20:30,2211,2210.8,2211,1,12,6
9:20:31,2210.6,2210.6,2211,44,55,6
9:20:32,2211,2210.6,2211,5,21,8
9:20:33,2211,2210.6,2211,4,23,8
9:20:34,2211,2210.6,2210.8,1,23,3
9:20:34,2211,2210.6,2210.8,2,22,1
9:20:35,2210.6,2210.6,2210.8,1,21,1
9:20:35,2210.8,2210.8,2211,1,4,9
9:20:36,2210.8,2210.8,2211,7,1,6
9:20:37,2210.8,2210.6,2211,1,27,12
9:20:38,2210.6,2210.6,2211,5,22,13
9:20:40,2210.8,2210.6,2211,4,23,12
9:20:41,2210.6,2210.6,2211,1,23,14
9:20:42,2210.8,2210.6,2210.8,3,13,3
9:20:42,2210.6,2210.6,2210.8,4,10,3
9:20:43,2210.6,2210.6,2210.8,3,7,3
9:20:43,2210.6,2210.6,2210.8,7,4,2
9:20:44,2210.4,2210.4,2210.6,12,12,2
9:20:44,2210.2,2210.2,2210.6,15,27,2
9:20:45,2210.2,2210.2,2210.4,7,47,4
9:20:45,2210.4,2210.4,2210.6,9,13,3
9:20:46,2210.4,2210.4,2210.6,2,3,2
9:20:46,2210.8,2210.4,2210.8,7,4,8
9:20:47,2210.6,2210.4,2210.8,4,4,6
9:20:47,2210.4,2210.4,2210.8,3,3,5
9:20:48,2210.4,2210.4,2210.8,1,2,5
9:20:48,2210.2,2210.2,2210.8,10,48,5
9:20:49,2210.4,2210.4,2210.8,2,4,5
9:20:50,2210.6,2210.2,2210.8,2,48,5
9:20:50,2210.2,2210.2,2210.8,1,49,5
9:20:51,2210.2,2210.2,2210.6,2,46,1
9:20:52,2210.2,2210.2,2210.6,1,46,1
9:20:52,2210.6,2210.2,2210.8,2,49,10
9:20:53,2210.4,2210.6,2210.8,2,1,14
9:20:53,2210.4,2210.2,2210.6,1,32,1
9:20:54,2210.6,2210.4,2210.6,1,1,1
9:20:54,2210.6,2210.2,2210.6,3,49,1
9:20:55,2210.2,2210.2,2210.6,5,47,1
9:20:56,2210.6,2210.6,2210.8,2,1,15
9:20:56,2210.8,2210.4,2210.8,2,6,14
9:20:57,2210.8,2210.4,2210.8,2,6,13
9:20:58,2210.4,2210.4,2210.6,1,7,6
9:20:59,2210.4,2210.4,2210.6,3,4,3
9:21:00,2210.8,2210.4,2210.8,19,4,4
9:21:00,2210.4,2210.4,2210.6,1,3,7
9:21:01,2210.4,2210.2,2210.6,3,22,1
9:21:01,2210.6,2210.2,2210.4,3,23,1
9:21:02,2210.2,2210.2,2210.8,5,22,11
9:21:02,2210.2,2210.2,2210.4,26,1,1
9:21:03,2210.2,2210.2,2210.4,2,7,5
9:21:03,2210.2,2210,2210.2,8,46,14
9:21:04,2210,2210.2,2210.4,17,3,3
9:21:04,2209.2,2209.8,2210,92,2,6
9:21:05,2209.8,2209.8,2210,27,23,80
9:21:05,2209.8,2209.8,2210,10,24,81
9:21:06,2209.6,2209.6,2209.8,3,2,13
9:21:06,2209.6,2209.6,2209.8,3,14,11
9:21:07,2209.6,2209.6,2209.8,3,12,12
9:21:07,2209.6,2209.6,2209.8,2,11,11
9:21:08,2209.8,2209.6,2209.8,1,11,13
9:21:08,2209.8,2209.6,2209.8,7,8,8
9:21:09,2209.8,2209.6,2209.8,8,11,4
9:21:09,2209.8,2209.6,2209.8,4,13,1
9:21:10,2209.6,2209.6,2209.8,6,11,2
9:21:10,2209.8,2209.6,2210,4,15,87
9:21:11,2209.6,2209.6,2210,5,11,87
9:21:11,2209.6,2209.6,2210,8,3,88
9:21:12,2209.8,2209.4,2210,2,22,88
9:21:12,2209.4,2209.4,2210,7,27,87
9:21:13,2209.8,2209.8,2210,2,4,88
9:21:13,2209.6,2209.6,2209.8,5,1,9
9:21:14,2209.4,2209.4,2209.6,8,13,1
9:21:14,2209.4,2209.4,2209.6,10,5,10
9:21:15,2209.4,2209.4,2209.6,4,2,9
9:21:15,2209.4,2209.2,2209.6,2,17,4
9:21:16,2209.2,2209.4,2209.6,4,3,4
9:21:16,2209.4,2209.4,2209.6,4,4,2
9:21:17,2209.4,2209.4,2209.6,2,12,9
9:21:17,2209.6,2209.4,2209.6,7,10,5
9:21:18,2209.6,2209.4,2209.6,11,1,1
9:21:18,2209.4,2209.2,2209.4,4,15,10
9:21:19,2209.2,2209.2,2209.4,12,8,7
9:21:19,2209.2,2209,2209.2,11,26,1
9:21:20,2209.2,2209,2209.2,5,19,12
9:21:20,2209,2208.8,2209,26,6,5
9:21:21,2209.2,2208.8,2209.2,16,4,10
9:21:21,2208.8,2208.8,2209.2,10,1,10
9:21:22,2208.8,2208.6,2208.8,1,23,1
9:21:22,2208.6,2208.8,2209,14,13,5
9:21:23,2208.8,2208.8,2209,6,11,5
9:21:23,2208.8,2208.8,2209,8,13,3
9:21:24,2209.2,2209,2209.2,6,9,6
9:21:24,2209,2209,2209.2,3,5,6
9:21:25,2208.8,2208.8,2209.2,11,6,10
9:21:26,2209,2208.8,2209,17,8,7
9:21:26,2209.2,2209,2209.2,8,18,9
9:21:27,2209,2209,2209.2,5,14,10
9:21:27,2209.2,2209,2209.2,3,14,4
9:21:28,2209,2209,2209.2,5,10,5
9:21:28,2209.2,2209,2209.2,5,20,3
9:21:29,2209.2,2209.2,2209.4,3,2,24
9:21:29,2209,2209,2209.2,13,7,1
9:21:30,2209.2,2209.2,2209.4,3,1,30
9:21:30,2209.2,2209,2209.2,2,16,20
9:21:31,2209.2,2209.2,2209.4,28,14,22
9:21:32,2209.2,2209,2209.4,5,18,25
9:21:32,2209,2209,2209.4,3,19,25
9:21:33,2209.4,2209.2,2209.4,3,13,16
9:21:34,2209.4,2209.2,2209.4,9,6,15
9:21:35,2209.4,2209.2,2209.4,3,3,18
9:21:36,2209.2,2209.2,2209.4,1,3,13
9:21:37,2209.4,2209.2,2209.4,5,4,9
9:21:37,2209.4,2209.2,2209.6,10,31,8
9:21:38,2209.4,2209.4,2209.6,1,9,14
9:21:38,2209.6,2209.4,2209.6,1,14,7
9:21:39,2209.4,2209.4,2209.6,1,15,7
9:21:40,2209.6,2209.4,2209.6,7,11,2
9:21:40,2209.4,2209.4,2209.8,11,29,5
9:21:41,2209.8,2209.6,2209.8,2,4,3
9:21:42,2209.8,2209.6,2209.8,1,11,2
9:21:42,2209.8,2209.6,2210,2,8,89
9:21:43,2209.6,2209.4,2209.6,4,7,6
9:21:43,2209.6,2209.4,2209.6,5,30,20
9:21:44,2209.6,2209.4,2209.6,6,9,14
9:21:44,2209.6,2209.4,2209.6,10,2,15
9:21:45,2209.6,2209.4,2209.6,1,1,14
9:21:46,2209.4,2209.2,2209.4,1,13,4
9:21:46,2209.4,2209.2,2209.4,6,7,3
9:21:47,2209.4,2209.2,2209.4,1,7,2
9:21:47,2209.6,2209.4,2209.6,3,1,7
9:21:48,2209.4,2209.2,2209.4,1,29,3
9:21:48,2209.4,2209.2,2209.4,1,13,2
9:21:49,2209.4,2209.4,2209.6,3,3,13
9:21:49,2209.4,2209.4,2209.6,1,3,14
9:21:50,2209.4,2209.2,2209.4,3,12,3
9:21:51,2209.4,2209.4,2209.6,7,57,7
9:21:51,2209.6,2209.4,2209.6,5,4,2
9:21:52,2209.4,2209.4,2209.8,7,14,5
9:21:52,2209.4,2209.4,2209.8,1,22,11
9:21:53,2209.4,2209.4,2209.8,1,22,14
9:21:53,2209.6,2209.6,2209.8,1,2,15
9:21:54,2209.6,2209.6,2209.8,1,1,15
9:21:54,2209.6,2209.4,2209.8,2,17,14
9:21:55,2209.2,2209.4,2209.6,31,6,7
9:21:55,2209.4,2209.2,2209.6,5,7,10
9:21:56,2209.4,2209.4,2209.6,11,4,1
9:21:56,2209.4,2209.4,2209.6,1,2,7
9:21:57,2209.4,2209.2,2209.4,2,10,16
9:21:57,2209.4,2209.2,2209.4,5,13,14
9:21:58,2209.4,2209.2,2209.4,5,10,11
9:21:58,2209.4,2209.2,2209.6,28,22,6
9:22:00,2209.6,2209.4,2209.6,1,2,11
9:22:01,2209.6,2209.4,2209.6,1,3,4
9:22:02,2209.6,2209.6,2209.8,7,1,18
9:22:02,2209.6,2209.6,2209.8,20,1,18
9:22:03,2209.6,2209.2,2209.8,3,8,18
9:22:03,2209.2,2209.2,2209.4,1,18,1
9:22:04,2209.4,2209.4,2209.6,2,7,1
9:22:04,2209.4,2209.4,2209.6,3,2,9
9:22:05,2209.6,2209.4,2209.6,1,2,2
9:22:05,2209.4,2209.4,2209.6,1,2,2
9:22:06,2209.6,2209.6,2209.8,2,1,13
9:22:07,2209.6,2209.6,2209.8,9,2,5
9:22:08,2209.4,2209.4,2209.8,3,9,6
9:22:09,2209.8,2209.4,2209.8,6,6,8
9:22:10,2209.4,2209.4,2209.8,3,4,7
9:22:10,2209.4,2209.4,2209.6,2,3,8
9:22:11,2209.4,2209.2,2209.6,2,11,9
9:22:12,2209.6,2209.2,2209.6,1,11,14
9:22:14,2209.4,2209.4,2209.6,2,1,17
9:22:14,2209.6,2209.4,2209.6,1,1,17
9:22:15,2209.6,2209.4,2209.6,1,3,16
9:22:15,2209.4,2209.4,2209.6,1,3,16
9:22:16,2209.6,2209.4,2209.6,1,3,15
9:22:16,2209.4,2209.4,2209.6,1,2,14
9:22:17,2209.4,2209.2,2209.6,2,14,14
9:22:17,2209.6,2209.2,2209.6,1,14,13
9:22:20,2209.2,2209.2,2209.4,8,12,10
9:22:21,2209.4,2209.2,2209.4,1,13,9
9:22:22,2209.2,2209.2,2209.4,1,17,16
9:22:22,2209.4,2209.2,2209.4,3,17,13
9:22:24,2209.2,2209.2,2209.4,1,16,15
9:22:25,2209.2,2209,2209.2,13,50,2
9:22:26,2209,2209,2209.2,3,49,1
9:22:27,2209.2,2209.2,2209.4,2,1,15
9:22:27,2209,2209,2209.4,2,46,15
9:22:29,2209.2,2209,2209.2,2,46,1
9:22:30,2209,2209,2209.2,1,46,1
9:22:31,2209.2,2209.2,2209.4,1,1,15
9:22:32,2209.2,2209,2209.2,4,46,1
9:22:33,2209,2209,2209.4,7,42,18
9:22:33,2209.4,2209,2209.4,2,43,16
9:22:34,2209,2209,2209.2,8,37,11
9:22:34,2209,2209,2209.2,4,33,11
9:22:35,2209,2209,2209.2,4,30,10
9:22:35,2209.2,2209,2209.2,4,27,9
9:22:36,2209,2209,2209.2,2,26,10
9:22:37,2209.2,2209,2209.2,2,28,9
9:22:38,2209,2209,2209.2,1,33,3
9:22:38,2209.2,2209,2209.2,2,29,7
9:22:39,2209,2209,2209.2,1,40,1
9:22:39,2209.2,2209,2209.4,7,35,21
9:22:40,2209,2209,2209.2,5,30,1
9:22:41,2209,2209,2209.2,1,26,5
9:22:42,2209,2209,2209.2,3,32,11
9:22:44,2209.2,2209,2209.2,2,34,9
9:22:46,2209.2,2209,2209.2,2,40,14
9:22:46,2209,2209,2209.2,10,35,9
9:22:47,2209,2209,2209.2,2,33,10
9:22:47,2209.2,2209,2209.2,2,33,8
9:22:49,2209,2209,2209.2,2,33,15
9:22:50,2209.2,2209.2,2209.4,16,34,23
9:22:50,2209.2,2209,2209.2,34,36,28
9:22:51,2209.2,2209,2209.2,4,37,26
9:22:51,2209,2209,2209.2,1,37,27
9:22:52,2209,2209,2209.2,3,36,46
9:22:52,2209.2,2209,2209.2,1,36,45
9:22:53,2209.2,2209,2209.2,4,36,41
9:22:53,2209.2,2209,2209.2,2,38,39
9:22:55,2209.2,2209,2209.2,2,38,40
9:22:55,2209,2209,2209.2,8,30,41
9:22:56,2209,2209,2209.2,2,25,40
9:22:57,2209,2209,2209.2,1,25,41
9:22:57,2209,2209,2209.2,3,22,42
9:22:58,2209,2208.8,2209,24,44,30
9:22:58,2209,2208.8,2209,1,50,11
9:22:59,2208.8,2208.8,2209,5,45,12
9:22:59,2209,2208.8,2209,2,38,5
9:23:00,2209,2209,2209.2,11,6,21
9:23:00,2208.8,2208.8,2209.2,13,34,18
9:23:01,2208.8,2208.8,2209.2,16,24,18
9:23:02,2209,2208.8,2209.2,1,26,18
9:23:03,2209.2,2209,2209.2,8,6,11
9:23:03,2208.8,2208.8,2209.2,2,26,12
9:23:04,2208.8,2208.8,2209.2,9,20,10
9:23:04,2209.2,2209,2209.2,1,6,9
9:23:06,2209,2209,2209.2,2,7,14
9:23:07,2209,2209,2209.2,1,9,14
9:23:07,2209.2,2209,2209.2,2,8,11
9:23:08,2209.2,2209.2,2209.4,11,61,10
9:23:09,2209.4,2209.2,2209.4,4,44,7
9:23:09,2209.2,2209.2,2209.4,5,19,5
9:23:10,2209.4,2209.4,2209.6,5,8,10
9:23:10,2209.4,2209.4,2209.8,22,8,27
9:23:11,2209.8,2209.6,2209.8,2,1,26
9:23:11,2209.6,2209.4,2209.8,12,11,16
9:23:12,2209.8,2209.6,2209.8,3,1,13
9:23:12,2209.8,2209.4,2209.6,9,11,1
9:23:13,2209.6,2209.4,2209.6,1,12,1
9:23:13,2209.8,2209.4,2209.8,2,13,9
9:23:15,2209.8,2209.6,2209.8,6,3,4
9:23:15,2209.6,2209.4,2209.8,3,10,4
9:23:16,2209.8,2209.4,2209.8,3,16,1
9:23:16,2209.8,2209.8,2210,1,1,124
9:23:17,2209.8,2209.4,2209.6,1,10,1
9:23:17,2209.6,2209.4,2209.6,2,8,1
9:23:18,2209.6,2209.4,2209.8,1,13,3
9:23:19,2209.6,2209.6,2209.8,1,1,2
9:23:19,2209.8,2209.4,2209.8,2,13,3
9:23:21,2209.4,2209.4,2209.8,8,3,3
9:23:21,2209.8,2209.4,2209.8,2,3,27
9:23:22,2209.4,2209.4,2209.8,2,3,27
9:23:23,2209.8,2209.4,2209.8,4,3,28
9:23:24,2209.4,2209.4,2209.6,2,4,25
9:23:25,2209.6,2209.4,2209.6,1,4,24
9:23:25,2209.6,2209.2,2209.4,6,25,1
9:23:26,2209.6,2209.2,2209.6,3,32,20
9:23:27,2209.4,2209.2,2209.4,2,25,25
9:23:27,2209.4,2209.2,2209.4,1,25,26
9:23:28,2209.4,2209.2,2209.4,1,27,27
9:23:28,2209.4,2209.2,2209.4,4,26,23
9:23:29,2209.4,2209.2,2209.6,5,25,14
9:23:31,2209.4,2209.4,2209.6,1,2,21
9:23:32,2209.4,2209.4,2209.6,5,1,19
9:23:32,2209.6,2209.2,2209.6,4,34,20
9:23:33,2209.4,2209.4,2209.6,1,3,21
9:23:34,2209.4,2209.2,2209.4,3,31,30
9:23:34,2209.4,2209.2,2209.4,3,33,26
9:23:35,2209.2,2209.2,2209.4,4,28,27
9:23:36,2209.2,2209.2,2209.4,23,5,51
9:23:37,2209.2,2209,2209.2,5,22,3
9:23:38,2209.2,2209,2209.2,2,21,5
9:23:38,2209.2,2209,2209.2,1,21,4
9:23:39,2209,2208.8,2209,22,50,3
9:23:41,2208.8,2208.8,2209,1,24,4
9:23:41,2209,2208.8,2209,3,24,1
9:23:43,2209,2209,2209.2,2,6,10
9:23:44,2209,2209,2209.2,4,12,6
9:23:45,2209,2209,2209.2,2,10,6
9:23:45,2209.2,2209.2,2209.4,6,8,9
9:23:46,2209.2,2209.2,2209.4,3,1,9
9:23:47,2209.2,2209,2209.2,1,11,1
9:23:48,2209,2209,2209.4,6,8,9
9:23:48,2209,2209,2209.4,1,8,9
9:23:49,2209.4,2209,2209.4,2,8,7
9:23:50,2209.4,2209,2209.4,1,20,7
9:23:50,2209.4,2209,2209.4,1,20,6
9:23:52,2209,2209,2209.4,1,7,14
9:23:53,2209.4,2209,2209.4,2,8,16
9:23:54,2209,2209,2209.4,2,6,16
9:23:55,2209.2,2209,2209.2,1,6,9
9:23:56,2209,2209,2209.2,5,2,9
9:23:57,2209.2,2209,2209.2,1,3,8
9:23:57,2209.2,2209,2209.2,6,3,2
9:23:58,2209,2209,2209.2,2,2,2
9:23:59,2209,2209,2209.2,1,2,4
9:24:00,2209.2,2208.8,2209.2,5,35,1
9:24:01,2209,2208.8,2209.2,5,28,10
9:24:02,2208.8,2208.8,2209.2,1,27,19
9:24:03,2209,2209,2209.2,1,2,23
9:24:04,2208.8,2208.8,2209,3,25,21
9:24:04,2209,2208.8,2209,4,25,19
9:24:05,2208.8,2208.6,2208.8,25,46,30
9:24:05,2208.6,2208.6,2208.8,4,43,59
9:24:06,2208.4,2208.4,2208.6,53,62,43
9:24:06,2208.4,2208.4,2208.6,11,52,17
9:24:07,2208.4,2208.4,2208.6,14,38,55
9:24:07,2208.4,2208.4,2208.6,18,28,15
9:24:08,2208.6,2208.4,2208.6,17,29,1
9:24:08,2208.6,2208.6,2208.8,5,15,28
9:24:09,2208.6,2208.6,2208.8,5,13,25
9:24:09,2208.8,2208.6,2208.8,2,14,24
9:24:10,2208.4,2208.2,2208.4,25,45,4
9:24:11,2208.4,2208.2,2208.4,3,45,3
9:24:11,2208.4,2208.2,2208.4,18,30,1
9:24:12,2208.2,2208.2,2208.6,6,26,9
9:24:12,2208.2,2208.4,2208.6,1,5,63
9:24:13,2208.4,2208.4,2208.6,9,1,61
9:24:13,2208.2,2208.2,2208.4,10,15,6
9:24:14,2208.2,2208.2,2208.4,9,6,35
9:24:14,2208,2208,2208.2,9,34,51
9:24:15,2208,2207.8,2208,36,5,4
9:24:15,2207.8,2207.6,2207.8,11,26,2
9:24:16,2207.6,2207.6,2207.8,12,25,1
9:24:16,2207.6,2207.2,2207.8,62,37,31
9:24:17,2207.2,2207.2,2207.8,17,50,17
9:24:17,2207.4,2207.4,2208,18,29,18
9:24:18,2207.2,2207.2,2207.6,18,45,1
9:24:18,2207.4,2207.2,2207.8,6,63,6
9:24:19,2208,2207.6,2208,22,1,13
9:24:19,2208,2207.6,2208,10,13,28
9:24:20,2207.6,2207.6,2208,11,16,14
9:24:21,2207.6,2207.6,2208,2,35,7
9:24:21,2208,2207.8,2208,1,1,7
9:24:22,2207.6,2207.6,2207.8,2,13,6
9:24:22,2207.6,2207.6,2208,3,9,36
9:24:23,2207.4,2207.4,2207.6,18,12,13
9:24:23,2207.6,2207.6,2207.8,23,14,2
9:24:24,2207.8,2207.4,2207.8,2,4,1
9:24:24,2207.8,2207.4,2207.6,1,4,2
9:24:25,2207.4,2207.4,2207.6,5,3,1
9:24:25,2207.6,2207.4,2207.6,2,6,1
9:24:26,2207.4,2207.4,2207.6,1,6,2
9:24:26,2207.6,2207.6,2208,3,3,20
9:24:27,2207.6,2207.8,2208,2,1,18
9:24:28,2207.6,2207.6,2207.8,2,4,11
9:24:28,2207.6,2207.4,2207.6,9,22,2
9:24:29,2207.6,2207.4,2207.6,11,21,11
9:24:29,2207.4,2207.4,2207.6,3,16,11
9:24:30,2207.4,2207.4,2207.6,3,15,10
9:24:30,2207.4,2207.4,2207.6,8,13,3
9:24:31,2207.6,2207.4,2207.8,3,15,9
9:24:31,2207.4,2207.4,2207.6,5,12,34
9:24:32,2207.6,2207.4,2207.6,2,16,33
9:24:32,2207.6,2207.4,2207.6,3,12,29
9:24:33,2207.4,2207.4,2207.8,2,12,13
9:24:33,2207.8,2207.6,2207.8,1,6,35
9:24:34,2207.4,2207.2,2207.4,21,38,7
9:24:34,2207.4,2207.2,2207.4,2,37,5
9:24:35,2207.4,2207.2,2207.4,2,37,3
9:24:35,2207.4,2207.2,2207.4,5,37,3
9:24:36,2207.6,2207.2,2207.6,4,39,5
9:24:36,2207.2,2207.4,2207.6,9,1,6
9:24:37,2207.4,2207.2,2207.6,4,28,6
9:24:37,2207.4,2207.2,2207.6,7,31,1
9:24:38,2207.4,2207.2,2207.4,3,40,2
9:24:38,2207.4,2207.4,2207.8,2,2,48
9:24:39,2207.4,2207.2,2207.4,1,44,5
9:24:39,2207.4,2207.4,2207.8,7,12,36
9:24:40,2207.6,2207.6,2207.8,5,1,30
9:24:40,2207.6,2207.4,2207.8,1,32,29
9:24:41,2207.4,2207.4,2207.6,2,5,7
9:24:41,2207.6,2207.4,2207.6,3,8,4
9:24:42,2207.6,2207.4,2207.6,1,4,3
9:24:42,2207.6,2207.4,2207.6,1,4,4
9:24:43,2207.6,2207.4,2207.6,3,2,1
9:24:43,2207.6,2207.6,2207.8,1,4,47
9:24:44,2207.6,2207.6,2207.8,2,4,48
9:24:45,2207.6,2207.6,2207.8,2,4,48
9:24:45,2207.8,2207.6,2207.8,1,8,47
9:24:46,2207.8,2207.6,2207.8,2,7,39
9:24:47,2207.6,2207.6,2207.8,2,7,38
9:24:47,2207.8,2207.6,2207.8,3,8,36
9:24:48,2207.8,2207.6,2207.8,3,8,34
9:24:49,2207.8,2207.6,2207.8,2,11,32
9:24:50,2207.8,2207.6,2207.8,16,43,16
9:24:51,2207.8,2207.6,2207.8,11,42,6
9:24:51,2207.8,2207.6,2207.8,28,19,2
9:24:52,2208,2207.8,2208,5,1,16
9:24:52,2207.8,2207.6,2207.8,10,15,1
9:24:53,2207.8,2207.8,2208,1,1,22
9:24:53,2207.8,2207.6,2208,1,17,22
9:24:54,2207.6,2207.6,2208,8,16,15
9:24:54,2208,2207.6,2208,1,16,14
9:24:55,2207.6,2207.8,2208,19,3,7
9:24:56,2207.6,2207.6,2207.8,11,43,13
9:24:56,2207.8,2207.8,2208,17,15,2
9:24:57,2207.8,2207.6,2207.8,5,5,10
9:24:58,2207.8,2207.6,2207.8,2,5,1
9:24:59,2207.6,2207.6,2208,5,9,14
9:25:00,2208,2207.6,2208,5,4,13
9:25:00,2207.8,2207.6,2208,2,5,14
9:25:01,2207.4,2207.4,2207.6,13,6,6
9:25:01,2207.4,2207.4,2207.6,8,4,1
9:25:02,2207.6,2207.6,2207.8,2,10,11
9:25:02,2207.6,2207.6,2207.8,11,2,1
9:25:03,2207.8,2207.6,2207.8,7,2,3
9:25:03,2207.6,2207.4,2207.6,4,4,4
9:25:04,2207.6,2207.4,2207.6,4,4,2
9:25:04,2207.6,2207.6,2207.8,4,7,50
9:25:05,2207.6,2207.4,2207.6,11,1,63
9:25:05,2207.4,2207.2,2207.4,4,46,2
9:25:06,2207.4,2207.2,2207.4,7,45,3
9:25:06,2207.4,2207.2,2207.4,5,44,3
9:25:07,2207.4,2207,2207.4,104,11,7
9:25:07,2207.2,2207.4,2207.8,10,1,20
9:25:08,2207.4,2207,2207.6,16,21,7
9:25:09,2207.2,2207.2,2207.8,8,33,22
9:25:09,2207.4,2207.2,2207.6,3,36,3
9:25:10,2207.2,2207.2,2207.6,6,7,8
9:25:10,2207.6,2207.2,2207.6,5,3,8
9:25:11,2207.2,2207.2,2207.6,1,3,8
9:25:12,2207.6,2207.2,2207.6,4,3,7
9:25:12,2207.6,2207.2,2207.6,7,10,6
9:25:13,2207.4,2207.2,2207.4,3,4,6
9:25:14,2207.2,2207,2207.2,8,7,4
9:25:14,2207.4,2207.2,2207.4,2,1,3
9:25:15,2207,2207,2207.2,9,6,1
9:25:15,2207.2,2207,2207.2,3,4,2
9:25:16,2207,2206.8,2207.4,6,21,6
9:25:16,2207,2206.8,2207,1,22,14
9:25:17,2207,2206.8,2207,3,16,11
9:25:17,2206.8,2206.8,2207,21,7,7
9:25:18,2207,2206.8,2207,1,9,7
9:25:18,2206.6,2206.6,2206.8,20,36,17
9:25:19,2206.8,2206.8,2207,25,4,4
9:25:19,2206.8,2206.8,2207,2,7,10
9:25:20,2206.8,2206.8,2207,5,5,3
9:25:20,2206.8,2206.6,2206.8,11,25,19
9:25:21,2206.6,2206.6,2206.8,2,58,19
9:25:21,2206.8,2206.8,2207,20,3,4
9:25:22,2206.8,2206.6,2207,4,23,11
9:25:22,2206.6,2206.6,2206.8,2,60,3
9:25:23,2206.8,2206.8,2207,3,6,8
9:25:23,2206.8,2206.8,2207,11,31,7
9:25:24,2207,2207,2207.2,10,3,15
9:25:24,2207,2207,2207.2,1,18,9
9:25:25,2207.2,2207,2207.2,1,20,2
9:25:25,2207,2207,2207.2,4,18,6
9:25:26,2207,2207,2207.4,10,43,8
9:25:26,2207,2207,2207.2,4,2,6
9:25:27,2207,2206.8,2207.4,4,15,14
9:25:27,2207,2206.8,2207,2,41,9
9:25:28,2206.8,2206.8,2207,2,15,18
9:25:28,2207,2206.8,2207,5,14,19
9:25:29,2207,2206.8,2207,1,15,18
9:25:29,2206.8,2206.8,2207,7,10,16
9:25:30,2207,2206.8,2207,1,10,10
9:25:30,2207,2206.8,2207,1,10,11
9:25:31,2206.8,2206.8,2207,2,9,11
9:25:31,2207,2206.8,2207,5,9,5
9:25:32,2207,2206.8,2207,2,43,10
9:25:33,2207,2206.8,2207,15,32,1
9:25:33,2207,2206.8,2207,5,1,1
9:25:34,2206.8,2206.8,2207,6,2,7
9:25:34,2207,2206.8,2207,1,2,7
9:25:35,2206.6,2206.6,2206.8,4,36,1
9:25:35,2207,2206.6,2207,2,56,12
9:25:36,2206.6,2206.8,2207,6,1,6
9:25:36,2206.8,2206.6,2206.8,5,56,15
9:25:37,2206.6,2206.6,2206.8,1,57,15
9:25:37,2206.6,2206.6,2206.8,2,54,16
9:25:38,2206.6,2206.6,2206.8,4,54,13
9:25:38,2206.8,2206.6,2206.8,5,48,15
9:25:39,2206.8,2206.6,2206.8,1,50,14
9:25:39,2206.6,2206.6,2206.8,3,47,14
9:25:40,2206.6,2206.6,2206.8,2,13,13
9:25:40,2206.8,2206.6,2206.8,3,45,11
9:25:41,2206.8,2206.6,2206.8,5,47,9
9:25:42,2206.8,2206.6,2206.8,6,51,4
9:25:43,2206.8,2206.6,2206.8,1,52,4
9:25:43,2206.8,2206.6,2207,11,50,2
9:25:44,2206.8,2206.8,2207,3,24,8
9:25:44,2206.8,2206.8,2207,7,18,8
9:25:45,2206.8,2206.8,2207,4,14,8
9:25:45,2206.8,2206.8,2207,7,14,6
9:25:46,2206.8,2206.8,2207,6,14,3
9:25:46,2206.8,2206.6,2206.8,15,19,20
9:25:47,2206.8,2206.6,2206.8,4,18,8
9:25:47,2206.6,2206.6,2206.8,11,10,6
9:25:48,2206.6,2206.6,2206.8,2,8,16
9:25:48,2206.6,2206.4,2206.8,9,15,26
9:25:49,2206.6,2206.4,2206.6,7,15,11
9:25:49,2206.2,2206.2,2206.4,30,32,21
9:25:50,2206.2,2206.2,2206.4,7,19,28
9:25:50,2206.2,2206,2206.2,19,59,73
9:25:51,2206,2206,2206.2,8,46,83
9:25:51,2205.8,2205.8,2206,60,2,68
9:25:52,2205.6,2205.6,2205.8,11,7,41
9:25:52,2205.4,2205.4,2205.6,26,4,5
9:25:53,2205.4,2205.4,2205.6,41,11,29
9:25:53,2205.2,2205.2,2205.6,23,25,19
9:25:54,2205.4,2205.4,2205.8,37,30,16
9:25:54,2205.8,2205.2,2205.4,11,14,1
9:25:55,2205.2,2205.2,2205.4,8,13,5
9:25:55,2205.2,2205,2205.2,21,123,6
9:25:56,2205.6,2205.2,2205.8,16,9,9
9:25:56,2205.2,2205.2,2205.8,5,12,21
9:25:57,2205.2,2205,2205.2,19,131,60
9:25:57,2205.2,2205,2205.2,36,149,29
9:25:58,2205,2205,2205.2,26,126,32
9:25:58,2205,2205,2205.2,35,97,27
9:25:59,2205.2,2205,2205.2,21,83,22
9:25:59,2205,2205,2205.2,24,60,22
9:26:00,2205,2205,2205.2,25,12,16
9:26:00,2204.8,2204.8,2205,17,16,3
9:26:01,2205,2204.8,2205,29,8,1
9:26:01,2204.6,2204.6,2204.8,14,6,4
9:26:02,2204.4,2204.4,2204.6,11,1,50
9:26:02,2204.4,2204.2,2204.4,6,2,10
9:26:03,2204.2,2204,2204.4,23,21,4
9:26:03,2204.2,2204.2,2204.6,27,28,41
9:26:04,2204.4,2204.4,2204.6,16,14,36
9:26:04,2204.6,2204.6,2204.8,46,21,5
9:26:05,2205,2204.6,2205,26,17,13
9:26:05,2205,2204.8,2205,26,16,4
9:26:06,2205.2,2205,2205.2,24,3,14
9:26:06,2205.2,2205,2205.2,10,4,13
9:26:07,2205.2,2205,2205.2,7,5,1
9:26:07,2205,2204.8,2205,8,3,2
9:26:08,2205.2,2205,2205.2,20,16,11
9:26:08,2205.2,2205,2205.2,3,25,8
9:26:09,2205.2,2205,2205.2,5,25,3
9:26:09,2205.2,2205.2,2205.4,4,6,4
9:26:10,2205.4,2205.4,2205.6,4,20,3
9:26:10,2205.6,2205.4,2205.6,3,29,1
9:26:11,2205.4,2205.4,2205.8,9,27,12
9:26:11,2205.8,2205.6,2205.8,13,15,3
9:26:12,2205.8,2205.8,2206,3,15,19
9:26:12,2206,2205.8,2206,13,7,26
9:26:13,2206,2205.8,2206,18,35,25
9:26:13,2206,2205.8,2206,14,37,21
9:26:14,2206,2205.8,2206,6,37,16
9:26:15,2205.8,2205.8,2206,22,25,11
9:26:15,2206,2205.8,2206,3,26,9
9:26:16,2206,2206,2206.2,29,8,8
9:26:16,2206,2205.8,2206,23,1,15
9:26:17,2206,2205.8,2206,1,7,3
9:26:17,2206,2205.6,2206,9,25,10
9:26:18,2206,2205.6,2206,3,25,8
9:26:18,2205.6,2205.6,2205.8,3,25,11
9:26:19,2205.6,2205.6,2205.8,1,24,11
9:26:19,2205.8,2205.6,2205.8,5,16,10
9:26:20,2205.6,2205.6,2205.8,4,14,8
9:26:20,2205.8,2205.6,2205.8,1,23,7
9:26:21,2205.8,2205.6,2205.8,5,28,1
9:26:21,2205.6,2205.6,2206,6,24,11
9:26:22,2205.8,2205.8,2206,7,1,5
9:26:22,2206,2205.8,2206,2,9,5
9:26:23,2205.8,2205.8,2206,2,9,4
9:26:23,2205.8,2205.6,2205.8,9,26,8
9:26:24,2205.8,2205.8,2206,9,1,9
9:26:24,2206,2205.8,2206,1,1,12
9:26:25,2205.8,2205.6,2206,6,27,8
9:26:26,2206,2205.6,2206,3,26,27
9:26:27,2205.6,2205.6,2206,7,26,23
9:26:27,2206,2205.8,2206,3,6,18
9:26:28,2205.8,2205.8,2206,1,6,18
9:26:29,2206,2205.8,2206,11,10,8
9:26:30,2206,2205.8,2206,3,16,6
9:26:31,2206,2205.8,2206,3,15,3
9:26:31,2206,2206,2206.2,3,11,4
9:26:32,2206,2206,2206.4,6,11,21
9:26:32,2206,2206,2206.4,3,11,13
9:26:33,2206.2,2205.8,2206,29,15,1
9:26:33,2206,2205.8,2206.2,1,16,13
9:26:34,2206.2,2206,2206.2,6,1,15
9:26:34,2206,2205.8,2206.2,2,11,14
9:26:35,2206,2205.8,2206.2,4,11,18
9:26:35,2206,2205.8,2206.2,1,12,18
9:26:36,2206,2206,2206.2,1,6,9
9:26:37,2206,2205.8,2206.2,4,14,16
9:26:37,2206.2,2205.8,2206,8,14,2
9:26:38,2205.8,2205.8,2206,1,15,2
9:26:38,2206,2205.8,2206,1,16,2
9:26:39,2206,2205.8,2206,3,10,9
9:26:39,2206,2205.8,2206,2,13,7
9:26:40,2205.8,2205.8,2206,2,13,8
9:26:41,2205.8,2205.8,2206,2,12,7
9:26:42,2206,2205.8,2206,3,17,1
9:26:42,2206,2206,2206.2,1,3,14
9:26:43,2206,2205.8,2206,4,18,4
9:26:43,2206,2205.8,2206,3,19,1
9:26:44,2206,2205.8,2206,3,12,2
9:26:44,2205.8,2205.8,2206,9,6,2
9:26:45,2205.8,2205.8,2206,3,5,2
9:26:45,2205.8,2205.6,2205.8,8,32,36
9:26:46,2205.8,2205.6,2205.8,5,32,32
9:26:46,2205.6,2205.6,2205.8,7,28,34
9:26:47,2205.6,2205.6,2205.8,3,18,34
9:26:47,2205.8,2205.6,2205.8,3,16,34
9:26:48,2205.6,2205.4,2205.6,19,23,9
9:26:48,2205.6,2205.4,2205.6,40,9,4
9:26:49,2205.2,2205.2,2205.4,11,13,32
9:26:49,2205.2,2205,2205.4,16,18,51
9:26:50,2205.2,2205,2205.2,4,16,15
9:26:50,2205,2205,2205.2,6,20,2
9:26:51,2205,2205,2205.2,3,11,20
9:26:51,2205.4,2205,2205.4,13,10,14
9:26:52,2205,2205,2205.6,12,7,4
9:26:52,2205,2204.8,2205,18,12,85
9:26:53,2205,2204.8,2205,73,26,34
9:26:53,2205,2204.8,2205,29,4,12
9:26:54,2204.8,2204.8,2205,8,23,6
9:26:54,2205,2204.8,2205.2,4,23,6
9:26:55,2204.8,2204.8,2205.2,2,28,6
9:26:55,2205.2,2205,2205.2,6,18,3
9:26:56,2205.2,2205,2205.2,10,11,1
9:26:56,2205,2205,2205.4,2,10,8
9:26:57,2205.2,2205,2205.4,3,19,1
9:26:57,2205.2,2205.2,2205.4,1,3,1
9:26:58,2205.4,2205.2,2205.4,3,4,3
9:26:58,2205.2,2205,2205.4,10,4,10
9:26:59,2205.2,2205.2,2205.4,4,14,2
9:27:00,2205.4,2205.4,2205.6,6,2,7
9:27:00,2205.6,2205.2,2205.4,8,1,2
9:27:01,2205.4,2204.8,2205.2,20,17,2
9:27:01,2205,2204.8,2205.2,2,3,1
9:27:02,2205.4,2205.2,2205.4,3,1,8
9:27:02,2205.2,2205,2205.2,2,2,1
9:27:03,2205.2,2205,2205.2,3,2,22
9:27:03,2205,2205,2205.2,1,1,29
9:27:04,2205.2,2204.8,2205,6,4,3
9:27:05,2204.8,2204.6,2204.8,5,18,15
9:27:05,2205,2204.8,2205,70,10,4
9:27:06,2205,2204.8,2205,1,10,4
9:27:06,2204.8,2204.8,2205,5,6,3
9:27:07,2204.8,2204.8,2205,2,7,4
9:27:07,2204.8,2204.8,2205,5,8,1
9:27:08,2204.8,2204.8,2205,4,3,6
9:27:09,2204.8,2204.8,2205,3,6,6
9:27:09,2204.8,2204.6,2204.8,10,26,27
9:27:10,2204.6,2204.6,2204.8,4,24,13
9:27:10,2204.6,2204.6,2204.8,2,23,14
9:27:11,2204.6,2204.6,2204.8,7,31,14
9:27:11,2204.8,2204.6,2204.8,3,31,6
9:27:12,2204.6,2204.4,2204.6,33,20,1
9:27:12,2204.6,2204.4,2204.6,1,14,1
9:27:13,2204.6,2204.2,2204.4,21,13,3
9:27:13,2204.4,2204.4,2204.6,12,6,1
9:27:14,2204.4,2204.2,2204.4,6,7,1
9:27:14,2204.2,2204,2204.4,2,35,5
9:27:15,2204,2204,2204.2,6,25,1
9:27:15,2204.2,2204.2,2204.4,18,7,12
9:27:16,2204,2203.8,2204,32,5,33
9:27:16,2204,2203.8,2204,15,16,22
9:27:17,2204,2203.8,2204,19,6,15
9:27:17,2204,2204,2204.2,44,13,9
9:27:18,2204.2,2204,2204.2,9,13,5
9:27:18,2204,2204,2204.2,7,11,5
9:27:19,2204,2203.8,2204,14,1,2
9:27:19,2204,2204,2204.2,3,1,15
9:27:20,2203.6,2203.6,2204,11,31,5
9:27:20,2203.6,2203.6,2203.8,4,28,7
9:27:21,2203.6,2203.6,2203.8,13,17,7
9:27:21,2204,2203.8,2204,16,7,34
9:27:22,2203.6,2203.4,2203.6,23,1,5
9:27:22,2203.4,2203.2,2203.4,1,58,3
9:27:23,2203.4,2203.2,2203.4,5,62,6
9:27:23,2203.4,2203.2,2203.4,21,50,1
9:27:24,2203.6,2203.4,2203.6,23,19,7
9:27:24,2203.4,2203.6,2203.8,15,3,16
9:27:25,2203.8,2203.4,2203.6,5,56,1
9:27:25,2203.6,2203.4,2203.8,2,70,2
9:27:26,2203.6,2203.8,2204,5,1,47
9:27:26,2203.6,2203.8,2204,2,5,47
9:27:27,2203.8,2203.8,2204,3,2,38
9:27:27,2204,2203.8,2204,5,9,31
9:27:28,2204,2203.8,2204,1,9,31
9:27:28,2204,2203.8,2204,7,6,26
9:27:29,2204,2203.8,2204,10,11,19
9:27:29,2204,2204,2204.2,20,1,11
9:27:30,2204,2204,2204.2,1,2,18
9:27:30,2204,2203.8,2204.2,6,13,10
9:27:31,2204.2,2204,2204.2,1,1,9
9:27:31,2204.2,2203.8,2204,3,14,1
9:27:32,2204.2,2204,2204.2,2,45,9
9:27:32,2204,2204,2204.2,2,46,9
9:27:33,2204.2,2204.2,2204.4,10,7,16
9:27:33,2204.4,2204.2,2204.4,9,1,13
9:27:34,2204.6,2204.4,2204.6,19,1,4
9:27:34,2204.4,2204.2,2204.4,3,5,3
9:27:35,2204.4,2204.4,2204.6,3,11,1
9:27:35,2204.6,2204.6,2204.8,1,1,9
9:27:36,2204.6,2204.4,2204.6,4,1,3
9:27:36,2204.4,2204.2,2204.4,1,26,1
9:27:37,2204.4,2204.4,2204.6,2,1,33
9:27:37,2204.6,2204.4,2204.6,1,2,34
9:27:38,2204.4,2204.4,2204.6,1,3,36
9:27:38,2204.6,2204.4,2204.6,1,2,35
9:27:39,2204.6,2204.4,2204.6,3,4,32
9:27:39,2204.4,2204.4,2204.6,2,2,33
9:27:40,2204.4,2204.4,2204.6,3,1,32
9:27:40,2204.6,2204.6,2204.8,37,6,10
9:27:41,2204.6,2204.6,2204.8,11,3,3
9:27:41,2204.6,2204.6,2204.8,2,2,2
9:27:42,2204.8,2204.8,2205,2,3,4
9:27:42,2205,2205,2205.2,8,2,10
9:27:43,2205.2,2204.8,2205.2,7,7,6
9:27:43,2205.2,2204.8,2205.2,4,9,2
9:27:44,2204.8,2204.8,2205,2,6,14
9:27:44,2205,2204.8,2205,3,6,11
9:27:45,2204.8,2204.8,2205,6,5,4
9:27:45,2204.8,2204.8,2205,3,3,15
9:27:46,2204.8,2204.8,2205,8,3,14
9:27:48,2204.8,2204.8,2205,11,4,7
9:27:48,2205,2204.8,2205,5,6,2
9:27:49,2205,2205,2205.2,14,12,5
9:27:49,2205,2205,2205.2,2,15,5
9:27:50,2205,2204.8,2205,22,23,4
9:27:51,2205.2,2205,2205.2,8,2,3
9:27:51,2205,2205,2205.2,2,1,3
9:27:52,2205.2,2205,2205.2,3,3,2
9:27:52,2205.4,2205.2,2205.4,8,4,6
9:27:53,2205.2,2205.2,2205.4,3,1,12
9:27:53,2205.4,2205,2205.4,4,2,4
9:27:54,2205.2,2205,2205.4,2,24,4
9:27:54,2205,2205,2205.4,7,23,3
9:27:55,2205.4,2205,2205.4,2,26,1
9:27:55,2205.2,2205,2205.2,5,28,7
9:27:56,2205.2,2205,2205.2,5,29,2
9:27:56,2205.2,2205.2,2205.6,4,3,13
9:27:57,2205.2,2205.2,2205.6,3,20,7
9:27:57,2205.2,2205.2,2205.6,2,18,8
9:27:58,2205.6,2205.2,2205.6,1,32,7
9:27:59,2205.6,2205.2,2205.6,2,33,5
9:27:59,2205.2,2205.2,2205.4,3,28,1
9:28:00,2205.6,2205.6,2205.8,18,1,15
9:28:00,2205.6,2205.4,2205.6,12,7,14
9:28:01,2205.6,2205.4,2205.6,5,7,10
9:28:01,2205.4,2205.6,2205.8,12,2,7
9:28:02,2205.8,2205.6,2205.8,6,1,5
9:28:02,2205.8,2205.6,2205.8,2,1,3
9:28:03,2205.8,2205.6,2205.8,1,6,3
9:28:03,2205.8,2205.6,2205.8,4,7,1
9:28:04,2206,2205.8,2206,6,1,22
9:28:04,2205.8,2205.6,2206,1,2,22
9:28:05,2205.8,2205.6,2206,11,3,12
9:28:05,2206,2205.6,2206,6,4,6
9:28:06,2206,2205.8,2206,2,1,1
9:28:07,2206,2206,2206.2,6,1,11
9:28:08,2206,2205.6,2206,3,13,4
9:28:09,2206.4,2206,2206.2,24,8,6
9:28:09,2206,2205.8,2206,12,6,1
9:28:10,2206.4,2206,2206.2,24,4,1
9:28:10,2206.6,2206.2,2206.6,45,2,1
9:28:11,2206.2,2206,2206.4,11,27,20
9:28:11,2206.6,2206,2206.6,22,28,57
9:28:12,2206.6,2206.4,2206.6,22,4,43
9:28:12,2206.4,2206.2,2206.4,16,4,2
9:28:13,2206.4,2206,2206.4,28,59,10
9:28:13,2206.2,2206.2,2206.6,12,13,10
9:28:14,2206.4,2206.2,2206.4,6,10,1
9:28:14,2206.4,2206.4,2206.6,2,12,12
9:28:15,2206.4,2206.4,2206.6,8,6,10
9:28:15,2206.4,2206.4,2206.6,4,8,10
9:28:16,2206.6,2206.4,2206.8,11,9,19
9:28:16,2206.6,2206.4,2206.8,1,9,19
9:28:17,2206.4,2206.4,2206.6,3,1,1
9:28:17,2206.6,2206.2,2206.6,2,8,1
9:28:18,2206.4,2206.4,2206.8,2,6,30
9:28:18,2206.8,2206.6,2206.8,6,6,19
9:28:19,2206.6,2206.8,2207,24,2,25
9:28:19,2207,2206.8,2207,2,2,23
9:28:20,2206.8,2206.8,2207,12,1,10
9:28:20,2206.8,2206.8,2207,9,13,8
9:28:21,2206.8,2206.6,2207,8,2,1
9:28:21,2206.8,2206.6,2207,4,18,1
9:28:22,2206.6,2206.6,2206.8,8,24,1
9:28:22,2207,2206.8,2207,3,1,1
9:28:23,2206.6,2206.4,2207,5,38,1
9:28:23,2206.8,2206.8,2207,10,21,1
9:28:24,2206.8,2206.6,2206.8,7,30,4
9:28:24,2207,2206.8,2207.2,10,11,15
9:28:25,2206.8,2206.8,2207.2,1,6,15
9:28:25,2206.6,2206.6,2206.8,8,59,4
9:28:26,2206.6,2206.6,2206.8,10,17,2
9:28:26,2207,2206.8,2207,7,1,8
9:28:27,2206.8,2206.6,2207,2,23,1
9:28:27,2206.8,2206.6,2207,5,20,2
9:28:29,2207,2206.8,2207,2,3,9
9:28:29,2206.6,2206.6,2206.8,4,14,8
9:28:30,2206.8,2206.6,2206.8,3,15,1
9:28:31,2206.8,2206.6,2206.8,9,7,7
9:28:31,2206.8,2206.6,2206.8,3,6,5
9:28:32,2206.6,2206.6,2206.8,6,19,5
9:28:32,2206.8,2206.6,2207,6,37,11
9:28:33,2206.8,2206.6,2206.8,2,19,15
9:28:33,2207,2206.8,2207,2,1,29
9:28:34,2206.8,2206.6,2206.8,5,17,24
9:28:34,2206.8,2206.4,2206.8,20,28,33
9:28:35,2206.8,2206.6,2206.8,21,2,11
9:28:35,2206.6,2206.4,2206.6,4,34,1
9:28:36,2206.4,2206.4,2206.6,10,31,8
9:28:37,2206.6,2206.6,2206.8,9,19,4
9:28:37,2206.8,2206.6,2206.8,2,15,2
9:28:38,2206.6,2206.6,2206.8,1,15,2
9:28:38,2207,2206.6,2207,7,14,47
9:28:39,2206.6,2206.6,2206.8,1,13,1
9:28:39,2206.8,2206.6,2207,8,9,42
9:28:40,2206.8,2206.6,2206.8,1,4,3
9:28:40,2206.6,2206.6,2206.8,2,2,9
9:28:41,2206.8,2206.6,2206.8,1,2,9
9:28:41,2206.6,2206.6,2206.8,2,1,9
9:28:43,2206.6,2206.4,2206.6,2,29,11
9:28:43,2206.6,2206.4,2206.6,1,29,10
9:28:44,2206.6,2206.6,2206.8,10,11,46
9:28:45,2206.8,2206.6,2206.8,4,8,50
9:28:45,2206.8,2206.6,2206.8,6,7,45
9:28:46,2206.8,2206.6,2206.8,4,5,47
9:28:46,2206.6,2206.4,2206.8,5,35,43
9:28:48,2206.6,2206.6,2206.8,1,1,43
9:28:49,2206.6,2206.4,2206.6,1,38,5
9:28:49,2206.6,2206.4,2206.6,1,38,5
9:28:50,2206.6,2206.4,2206.8,5,39,43
9:28:50,2206.4,2206.4,2206.8,6,33,43
9:28:51,2206.6,2206.4,2206.8,1,34,13
9:28:52,2206.4,2206.4,2206.8,6,27,13
9:28:53,2206.4,2206.4,2206.8,9,13,47
9:28:54,2206.8,2206.4,2206.6,3,13,2
9:28:54,2206.6,2206.4,2206.6,1,13,3
9:28:55,2206.4,2206.4,2206.6,3,11,2
9:28:55,2206.6,2206.4,2206.6,1,11,1
9:28:56,2206.4,2206.4,2206.6,4,7,1
9:28:58,2206.6,2206.6,2206.8,1,22,49
9:28:58,2206.6,2206.6,2206.8,2,35,49
9:28:59,2206.8,2206.6,2206.8,1,23,17
9:29:00,2206.8,2206.6,2206.8,3,22,15
9:29:01,2206.6,2206.6,2206.8,3,20,15
9:29:01,2206.6,2206.6,2206.8,1,19,19
9:29:02,2206.6,2206.6,2206.8,1,18,19
9:29:02,2206.6,2206.6,2206.8,1,18,24
9:29:03,2206.8,2206.6,2206.8,4,16,24
9:29:04,2206.6,2206.6,2206.8,6,9,25
9:29:04,2206.6,2206.6,2206.8,3,6,25
9:29:05,2206.6,2206.6,2206.8,4,1,25
9:29:05,2206.6,2206.4,2206.6,6,18,21
9:29:06,2206.6,2206.4,2206.6,5,18,17
9:29:07,2206.4,2206.4,2206.6,1,8,18
9:29:07,2206.6,2206.4,2206.6,4,6,17
9:29:08,2206.6,2206.4,2206.6,1,7,17
9:29:08,2206.4,2206.4,2206.6,3,3,18
9:29:09,2206.4,2206.2,2206.4,3,8,7
9:29:10,2206.4,2206.2,2206.6,8,8,19
9:29:10,2206.4,2206.4,2206.6,13,5,19
9:29:11,2206.4,2206.4,2206.6,8,12,19
9:29:12,2206.6,2206.4,2206.6,3,12,24
9:29:13,2206.4,2206.4,2206.6,2,11,25
9:29:13,2206.4,2206.4,2206.6,1,11,25
9:29:15,2206.4,2206.4,2206.6,1,12,29
9:29:16,2206.4,2206.4,2206.6,1,13,30
9:29:16,2206.4,2206.4,2206.6,3,10,31
9:29:17,2206.4,2206.2,2206.4,11,8,10
9:29:18,2206.2,2206.2,2206.4,1,7,7
9:29:18,2206.2,2206,2206.4,6,24,7
9:29:19,2206.2,2206,2206.4,1,25,7
9:29:20,2206,2206.2,2206.4,1,3,7
9:29:20,2206.2,2206,2206.2,3,16,9
9:29:21,2206,2206,2206.2,1,15,7
9:29:22,2206,2206,2206.2,4,25,9
9:29:23,2206,2206,2206.2,1,24,12
9:29:23,2206,2206,2206.2,12,13,8
9:29:24,2206,2206,2206.2,2,11,8
9:29:24,2206,2206,2206.2,7,4,8
9:29:25,2206,2206,2206.2,2,3,8
9:29:26,2206,2206,2206.2,1,2,8
9:29:26,2206,2205.8,2206,3,9,3
9:29:27,2206,2205.8,2206,7,9,3
9:29:27,2206,2205.8,2206,2,9,1
9:29:31,2205.8,2205.8,2206.2,8,3,23
9:29:32,2205.8,2205.6,2205.8,4,11,7
9:29:34,2205.8,2205.6,2205.8,7,5,5
9:29:35,2205.8,2205.8,2206,7,11,3
9:29:35,2206,2205.6,2206,2,14,8
9:29:38,2206,2205.8,2206,1,2,11
9:29:40,2205.8,2205.8,2206,3,3,24
9:29:41,2205.8,2205.6,2205.8,3,17,1
9:29:43,2205.6,2205.6,2205.8,3,5,9
9:29:43,2205.6,2205.6,2205.8,5,1,9
9:29:44,2205.6,2205.4,2205.6,1,11,1
9:29:45,2205.6,2205.4,2205.8,2,11,8
9:29:46,2205.6,2205.4,2205.6,1,6,7
9:29:47,2205.4,2205.4,2205.8,2,5,18
9:29:47,2205.4,2205.4,2205.6,2,5,4
9:29:48,2205.6,2205.4,2205.6,4,5,7
9:29:48,2205.4,2205.4,2205.6,1,4,7
9:29:49,2205.2,2205.2,2205.6,8,8,8
9:29:49,2205.4,2205,2205.6,31,56,40
9:29:50,2205.2,2205.2,2205.6,4,4,41
9:29:50,2205,2205,2205.4,22,38,13
9:29:51,2205.2,2205,2205.2,1,38,1
9:29:51,2205,2205,2205.2,17,23,3
9:29:52,2205.4,2205.2,2205.6,21,9,21
9:29:52,2205.2,2205.2,2205.6,5,6,41
9:29:53,2205.2,2205.2,2205.4,5,2,31
9:29:53,2205.2,2205,2205.2,3,16,9
9:29:54,2205,2205,2205.2,2,14,11
9:29:54,2205,2205,2205.2,3,13,10
9:29:55,2205,2205,2205.2,6,10,8
9:29:55,2205,2205,2205.2,4,7,9
9:29:56,2205.4,2205.4,2205.6,21,1,16
9:29:56,2205,2205,2205.4,15,2,47
9:29:57,2205.2,2205.2,2205.4,12,7,6
9:29:57,2205.2,2205.2,2205.4,5,2,5
9:29:58,2205.2,2205,2205.2,6,10,1
9:29:58,2205.2,2205.2,2205.6,7,3,22
9:29:59,2205.4,2205,2205.4,5,7,9
9:29:59,2205.2,2205.4,2205.6,2,2,6
9:30:00,2205.4,2205.2,2205.6,4,13,4
9:30:00,2205.2,2205.2,2205.4,9,14,30
9:30:01,2205.2,2205.2,2205.4,43,8,25
9:30:01,2205.2,2205,2205.4,22,2,27
9:30:02,2205.4,2205,2205.2,2,15,1
9:30:02,2205.2,2205,2205.4,2,16,20
9:30:03,2205.2,2205,2205.4,3,17,17
9:30:03,2205,2205,2205.4,4,15,14
9:30:04,2205.4,2205.4,2205.6,10,2,27
9:30:04,2204.8,2204.8,2205.4,7,12,27
9:30:05,2204.8,2204.8,2205.4,5,13,23
9:30:06,2205.2,2204.8,2205.2,3,13,5
9:30:06,2204.8,2204.8,2205,2,6,5
9:30:07,2204.8,2204.8,2205,6,1,4
9:30:07,2204.2,2204.2,2204.6,15,11,3
9:30:08,2204.2,2204,2204.4,24,41,5
9:30:08,2204,2204,2204.2,13,18,2
9:30:09,2204,2204,2204.4,19,7,6
9:30:09,2204,2204.2,2204.6,7,1,10
9:30:10,2204,2204.4,2204.6,6,1,1
9:30:10,2204.2,2204.2,2204.6,8,11,8
9:30:11,2204.4,2204.6,2204.8,5,1,32
9:30:11,2204.4,2204.4,2204.8,2,25,32
9:30:12,2204.4,2204.4,2204.6,2,45,1
9:30:12,2204.4,2204.4,2204.8,14,6,31
9:30:13,2204.8,2204.6,2204.8,3,1,28
9:30:14,2204.8,2204.4,2204.8,4,22,20
9:30:14,2204.6,2204.4,2204.8,8,37,19
9:30:15,2204.6,2204.4,2204.6,1,37,4
9:30:15,2204.6,2204.6,2204.8,7,17,19
9:30:16,2204.8,2204.6,2204.8,1,6,25
9:30:16,2204.6,2204.6,2204.8,4,4,23
9:30:17,2204.8,2204.6,2204.8,1,5,22
9:30:17,2204.8,2204.6,2204.8,4,3,21
9:30:18,2204.8,2204.6,2204.8,3,4,13
9:30:18,2204.6,2204.4,2204.6,5,4,24
9:30:19,2204.6,2204.4,2204.6,3,4,2
9:30:19,2204.6,2204.4,2204.8,6,3,40
9:30:20,2204.4,2204.2,2204.4,7,41,1
9:30:20,2204.6,2204.4,2204.8,3,14,39
9:30:21,2204.4,2204.4,2204.8,3,10,39
9:30:21,2204.4,2204.4,2204.8,2,10,38
9:30:22,2204.8,2204.4,2204.6,2,10,1
9:30:22,2204.6,2204.4,2204.8,3,9,37
9:30:23,2204.8,2204.4,2204.8,1,14,36
9:30:23,2204.8,2204.4,2204.8,3,14,34
9:30:24,2204.8,2204.4,2204.8,1,15,33
9:30:24,2204.8,2204.4,2204.8,3,17,32
9:30:25,2204.8,2204.4,2204.8,2,18,33
9:30:26,2204.4,2204.4,2204.8,1,18,33
9:30:26,2204.8,2204.6,2204.8,1,2,54
9:30:27,2204.8,2204.6,2204.8,4,2,50
9:30:27,2204.8,2204.6,2204.8,1,2,55
9:30:28,2204.6,2204.6,2204.8,1,2,54
9:30:28,2204.6,2204.6,2204.8,2,2,47
9:30:29,2204.6,2204.6,2204.8,1,4,47
9:30:30,2204.8,2204.6,2204.8,3,15,45
9:30:30,2204.8,2204.6,2204.8,21,36,24
9:30:31,2204.8,2204.6,2204.8,15,29,20
9:30:31,2204.8,2204.8,2205,23,15,14
9:30:32,2205,2204.8,2205,2,42,12
9:30:32,2205,2205,2205.6,18,63,13
9:30:33,2205.6,2205.2,2205.6,1,4,12
9:30:33,2205.4,2205.2,2205.4,15,20,1
9:30:34,2205.6,2205.4,2205.8,14,3,20
9:30:34,2205.6,2205.4,2205.6,6,3,13
9:30:35,2205.6,2205.4,2205.6,5,25,9
9:30:36,2205.8,2205.4,2205.8,15,26,8
9:30:36,2205.8,2205.4,2205.8,7,6,8
9:30:37,2205.8,2205.6,2205.8,1,13,1
9:30:38,2205.8,2205.8,2206,4,2,30
9:30:38,2206,2205.8,2206,3,3,28
9:30:39,2206,2205.8,2206,5,3,27
9:30:39,2205.8,2205.8,2206,11,2,18
9:30:40,2206.2,2206,2206.2,25,53,1
9:30:41,2206.2,2206,2206.2,3,14,1
9:30:41,2206,2206,2206.2,2,7,6
9:30:42,2206.4,2206.2,2206.4,9,2,19
9:30:42,2206.2,2206,2206.2,10,6,18
9:30:43,2206.2,2206,2206.2,3,5,1
9:30:43,2206.4,2206.2,2206.4,5,2,28
9:30:44,2206.2,2206,2206.2,2,11,18
9:30:44,2206.2,2205.8,2206.2,19,14,12
9:30:45,2206,2205.8,2206.2,3,14,15
9:30:46,2205.8,2205.8,2206,2,12,1
9:30:46,2206.2,2205.8,2206,4,12,2
9:30:47,2205.8,2205.6,2205.8,9,13,10
9:30:47,2205.8,2205.6,2205.8,21,13,1
9:30:48,2205.8,2205.8,2206,1,8,2
9:30:48,2205.6,2205.6,2205.8,5,4,13
9:30:49,2205.8,2205.6,2206,1,10,2
9:30:49,2206,2205.6,2205.8,1,4,5
9:30:50,2205.8,2205.6,2205.8,2,5,3
9:30:51,2205.8,2205.8,2206,4,1,3
9:30:51,2206,2206,2206.2,6,1,16
9:30:52,2206,2205.8,2206,1,9,2
9:30:52,2206,2206,2206.2,10,2,14
9:30:53,2206,2206,2206.2,2,1,28
9:30:53,2206,2205.8,2206,2,21,11
9:30:54,2206,2205.8,2206,17,10,3
9:30:55,2205.8,2205.6,2205.8,10,5,24
9:30:55,2205.8,2205.8,2206,33,2,42
9:30:56,2205.8,2205.6,2205.8,2,10,8
9:30:56,2206,2205.6,2206,1,16,21
9:30:57,2205.8,2205.6,2206,2,21,23
9:30:58,2205.6,2205.6,2206,1,21,20
9:30:59,2205.8,2205.8,2206,6,10,16
9:30:59,2206,2205.8,2206,1,10,16
9:31:00,2205.8,2205.8,2206,4,5,20
9:31:01,2205.8,2205.8,2206,2,3,20
9:31:01,2206,2205.8,2206,3,1,19
9:31:02,2205.6,2205.6,2206,2,22,15
9:31:02,2205.6,2205.6,2205.8,4,11,13
9:31:03,2205.8,2205.8,2206,12,14,33
9:31:03,2205.6,2205.4,2205.8,16,18,10
9:31:04,2205.4,2205.2,2205.6,4,15,2
9:31:04,2205.4,2205.2,2205.4,1,19,2
9:31:05,2205.6,2205.2,2205.8,5,22,26
9:31:05,2205.2,2205.2,2205.6,1,21,3
9:31:06,2205.4,2205.2,2205.4,1,10,2
9:31:06,2205.2,2205.2,2205.6,2,9,7
9:31:07,2205.4,2205.4,2205.6,1,1,10
9:31:07,2205.4,2205.2,2205.4,1,9,2
9:31:08,2205.2,2205.2,2205.4,3,9,2
9:31:08,2205.6,2205.2,2205.6,3,10,9
9:31:09,2205.6,2205.2,2205.6,3,11,7
9:31:09,2205.2,2205.2,2205.4,2,16,2
9:31:10,2205.2,2205.2,2205.4,5,5,2
9:31:11,2205.4,2205.4,2205.6,3,2,6
9:31:12,2205.6,2205.6,2205.8,4,13,20
9:31:12,2205.6,2205.6,2205.8,1,14,20
9:31:13,2205.8,2205.6,2205.8,3,8,19
9:31:14,2205.8,2205.6,2205.8,3,5,18
9:31:15,2205.6,2205.6,2205.8,3,4,18
9:31:16,2205.6,2205.6,2205.8,1,4,18
9:31:17,2205.8,2205.6,2205.8,3,12,15
9:31:17,2205.8,2205.6,2205.8,1,13,14
9:31:18,2205.8,2205.6,2205.8,6,6,8
9:31:18,2205.8,2205.6,2205.8,3,3,5
9:31:19,2205.6,2205.6,2205.8,2,1,5
9:31:20,2205.8,2205.6,2205.8,1,10,4
9:31:21,2205.8,2205.8,2206,4,23,38
9:31:21,2205.8,2205.8,2206,6,11,39
9:31:22,2205.8,2205.8,2206,2,14,38
9:31:22,2206,2205.8,2206,3,10,37
9:31:23,2206,2205.8,2206,3,18,34
9:31:24,2205.8,2205.8,2206,2,27,33
9:31:24,2206,2205.8,2206,2,47,31
9:31:25,2206,2205.8,2206,2,47,31
9:31:25,2206,2205.8,2206,2,46,30
9:31:26,2206,2205.8,2206,1,46,29
9:31:26,2206,2205.8,2206,2,47,27
9:31:27,2206,2205.8,2206,1,43,35
9:31:28,2206,2205.8,2206,31,17,43
9:31:28,2205.8,2205.8,2206,2,17,47
9:31:29,2206,2205.8,2206,1,18,46
9:31:29,2206,2205.8,2206,5,18,41
9:31:31,2206,2205.8,2206,1,19,28
9:31:31,2206,2205.8,2206,2,19,27
9:31:32,2206,2205.8,2206,11,25,16
9:31:33,2206,2206,2206.2,15,14,50
9:31:34,2206,2205.8,2206,18,25,6
9:31:34,2206,2206,2206.2,1,1,107
9:31:35,2205.8,2205.8,2206,2,33,5
9:31:35,2206,2205.8,2206,6,27,5
9:31:36,2206,2205.8,2206,1,27,18
9:31:37,2205.8,2205.8,2206,1,26,19
9:31:37,2206,2206,2206.2,20,5,68
9:31:38,2205.8,2205.8,2206,12,19,92
9:31:38,2205.8,2205.6,2205.8,19,5,7
9:31:39,2205.8,2205.8,2206,2,1,13
9:31:39,2205.8,2205.8,2206,1,17,18
9:31:40,2205.8,2205.8,2206,3,14,19
9:31:41,2206,2205.8,2206,2,16,18
9:31:41,2206,2205.8,2206,1,16,20
9:31:42,2206,2205.8,2206,7,10,63
9:31:43,2205.8,2205.8,2206,5,6,27
9:31:43,2206,2205.6,2206,27,6,21
9:31:44,2206,2205.8,2206,2,1,20
9:31:44,2205.8,2205.6,2206,1,7,21
9:31:46,2206,2205.8,2206,2,10,14
9:31:48,2206,2205.8,2206,2,5,18
9:31:48,2205.8,2205.8,2206,4,1,18
9:31:49,2205.8,2205.6,2205.8,1,13,1
9:31:49,2205.8,2205.8,2206,1,6,14
9:31:50,2206,2205.6,2206,5,15,13
9:31:51,2206,2205.6,2206,3,14,11
9:31:52,2206,2205.6,2206,1,15,13
9:31:54,2206,2205.6,2205.8,4,16,1
9:31:55,2205.8,2205.8,2206,1,11,21
9:31:57,2205.8,2205.8,2206,4,10,17
9:31:57,2205.8,2205.8,2206,5,4,17
9:31:58,2205.8,2205.6,2205.8,5,17,1
9:31:58,2206,2206,2206.2,16,1,54
9:31:59,2205.6,2205.6,2206,8,16,67
9:31:59,2205.8,2205.8,2206,2,1,15
9:32:00,2205.8,2205.8,2206,2,2,13
9:32:00,2205.6,2205.6,2205.8,17,10,1
9:32:01,2205.6,2205.6,2205.8,15,1,1
9:32:01,2205.4,2205.4,2205.6,3,22,3
9:32:02,2205.6,2205.6,2206,12,11,16
9:32:02,2205.6,2205.6,2206,1,3,18
9:32:04,2206,2205.6,2206,2,10,18
9:32:04,2206,2205.6,2206,5,9,24
9:32:05,2206,2205.6,2206,21,14,11
9:32:05,2206,2205.6,2206,2,13,12
9:32:06,2205.6,2205.6,2206,1,12,12
9:32:06,2205.6,2205.6,2206,2,12,12
9:32:07,2206,2205.8,2206,2,1,12
9:32:07,2206,2205.6,2206,12,17,2
9:32:08,2205.8,2205.6,2205.8,1,17,4
9:32:08,2205.8,2205.6,2205.8,2,17,2
9:32:10,2205.8,2205.6,2205.8,1,10,3
9:32:10,2205.8,2205.8,2206,3,19,3
9:32:11,2205.8,2205.8,2206,2,6,9
9:32:12,2205.8,2205.6,2205.8,11,17,1
9:32:12,2205.8,2205.8,2206,1,19,66
9:32:13,2205.8,2205.8,2206,4,15,67
9:32:13,2205.8,2205.8,2206,2,13,69
9:32:14,2206,2205.8,2206,9,7,66
9:32:14,2206,2205.8,2206,2,7,64
9:32:15,2206,2205.8,2206,8,11,55
9:32:15,2205.8,2205.8,2206,7,4,55
9:32:16,2205.8,2205.8,2206,1,3,45
9:32:16,2205.8,2205.8,2206,1,8,12
9:32:17,2205.8,2205.8,2206,1,7,11
9:32:17,2205.8,2205.6,2206,10,23,5
9:32:18,2206,2205.8,2206,1,23,6
9:32:20,2205.8,2205.8,2206,1,25,7
9:32:20,2206,2205.8,2206.2,7,25,54
9:32:21,2205.8,2205.8,2206,3,23,38
9:32:21,2205.8,2205.8,2206,2,19,42
9:32:22,2206,2205.8,2206,5,18,35
9:32:22,2205.8,2205.8,2206,1,17,35
9:32:23,2205.8,2205.8,2206,2,15,38
9:32:23,2205.8,2205.8,2206.2,2,21,55
9:32:25,2206.2,2206,2206.2,2,8,44
9:32:26,2206.2,2206,2206.2,17,4,27
9:32:26,2206.2,2206,2206.2,2,5,24
9:32:27,2206.2,2206,2206.2,1,5,23
9:32:28,2206.2,2206,2206.2,1,10,24
9:32:29,2206.2,2206,2206.2,1,11,23
9:32:29,2206.2,2206,2206.2,6,11,17
9:32:30,2206.2,2206,2206.2,1,7,16
9:32:30,2206.2,2206,2206.2,4,18,13
9:32:31,2206.2,2206,2206.2,9,15,51
9:32:31,2206.2,2206,2206.2,2,14,50
9:32:32,2206.2,2206,2206.2,2,13,49
9:32:33,2206,2206,2206.2,1,12,7
9:32:33,2206.2,2206,2206.2,1,12,6
9:32:34,2206.2,2206,2206.2,1,12,48
9:32:34,2206.2,2206,2206.2,2,12,5
9:32:35,2206,2206,2206.2,1,11,6
9:32:35,2206,2206,2206.2,2,26,5
9:32:36,2206.2,2206,2206.2,4,26,37
9:32:36,2206,2206,2206.2,2,24,37
9:32:37,2206.2,2206,2206.2,1,24,37
9:32:38,2206.2,2206.2,2206.4,1,2,32
9:32:38,2206.2,2206.2,2206.4,3,2,57
9:32:39,2206.2,2206.2,2206.4,2,7,57
9:32:40,2206.2,2206.2,2206.4,3,5,55
9:32:41,2206.2,2206.2,2206.4,1,6,56
9:32:42,2206.4,2206.2,2206.4,4,5,54
9:32:42,2206.2,2206,2206.4,5,29,53
9:32:43,2206.2,2206,2206.4,1,29,55
9:32:43,2206.2,2206.2,2206.4,3,17,52
9:32:44,2206,2206,2206.2,18,28,39
9:32:44,2206.2,2206,2206.2,1,33,2
9:32:45,2206.4,2206,2206.4,2,34,34
9:32:46,2206.2,2206,2206.2,2,28,27
9:32:46,2206.2,2206,2206.2,1,29,31
9:32:47,2206.2,2206,2206.2,1,29,31
9:32:48,2206.2,2206,2206.2,3,53,28
9:32:48,2206.2,2206,2206.2,1,53,26
9:32:49,2206.2,2206,2206.2,1,53,27
9:32:50,2206.2,2206,2206.2,7,53,26
9:32:50,2206.2,2206,2206.2,4,53,22
9:32:52,2206.2,2206,2206.2,1,54,32
9:32:53,2206.2,2206,2206.2,8,54,25
9:32:53,2206.2,2206,2206.2,6,56,22
9:32:55,2206,2206,2206.2,1,50,29
9:32:55,2206,2206,2206.2,9,42,29
9:32:56,2206.2,2206,2206.2,6,42,24
9:32:56,2206,2206,2206.2,6,39,20
9:32:57,2206,2206,2206.2,2,39,21
9:32:58,2206.2,2206,2206.2,2,39,22
9:32:58,2206,2206,2206.2,5,34,21
9:32:59,2206,2206,2206.2,25,9,53
9:32:59,2206,2206,2206.2,2,8,19
9:33:00,2206,2206,2206.2,3,5,19
9:33:00,2205.8,2205.8,2206,10,21,4
9:33:01,2205.8,2205.8,2206,12,16,3
9:33:01,2205.6,2205.6,2206,17,22,1
9:33:02,2205.6,2205.8,2206,8,2,2
9:33:02,2205.6,2205.6,2206,14,16,2
9:33:03,2205.6,2205.6,2205.8,8,2,2
9:33:03,2206,2205.6,2206,3,2,9
9:33:04,2205.6,2205.4,2205.6,2,16,9
9:33:04,2205.6,2205.8,2206,12,1,3
9:33:05,2205.6,2205.6,2205.8,1,9,1
9:33:06,2205.8,2205.6,2205.8,1,12,1
9:33:06,2205.8,2205.6,2206,2,12,3
9:33:07,2205.8,2205.6,2205.8,3,11,26
9:33:08,2205.6,2205.6,2205.8,1,10,27
9:33:08,2205.6,2205.6,2205.8,2,3,27
9:33:09,2205.8,2205.6,2205.8,6,2,30
9:33:10,2205.6,2205.4,2205.8,2,17,30
9:33:10,2205.6,2205.4,2205.8,2,16,30
9:33:11,2205.6,2205.6,2205.8,1,4,30
9:33:12,2205.4,2205.4,2205.8,5,15,30
9:33:13,2205.4,2205.4,2205.8,9,13,26
9:33:14,2205.4,2205.4,2205.8,3,16,32
9:33:16,2205.8,2205.8,2206,27,9,6
9:33:16,2205.6,2205.4,2206,5,23,4
9:33:17,2206,2205.6,2206,3,4,8
9:33:17,2205.6,2205.6,2206,1,4,9
9:33:18,2206,2205.6,2206,1,4,16
9:33:20,2205.8,2205.8,2206,1,1,17
9:33:22,2206,2205.8,2206,4,1,7
9:33:23,2205.8,2205.8,2206,3,1,5
9:33:24,2206,2205.8,2206,1,4,4
9:33:27,2206,2206,2206.2,10,2,9
9:33:27,2206.2,2206,2206.2,1,4,8
9:33:28,2206.2,2206,2206.2,3,46,5
9:33:28,2206.2,2206.2,2206.4,5,6,34
9:33:29,2206.2,2206.2,2206.4,2,4,34
9:33:30,2206.2,2206.2,2206.4,2,50,33
9:33:30,2206.4,2206.2,2206.4,3,51,30
9:33:31,2206.4,2206.2,2206.4,16,52,14
9:33:31,2206.4,2206.4,2206.6,14,26,13
9:33:32,2206.4,2206.4,2206.6,2,58,13
9:33:32,2206.6,2206.4,2206.6,2,62,11
9:33:33,2206.6,2206.6,2206.8,11,67,54
9:33:33,2206.8,2206.6,2206.8,4,51,51
9:33:34,2206.8,2206.6,2206.8,28,68,23
9:33:34,2206.8,2206.6,2206.8,4,74,20
9:33:35,2206.8,2206.6,2206.8,5,73,16
9:33:36,2206.8,2206.6,2206.8,1,23,15
9:33:36,2206.6,2206.6,2206.8,14,20,5
9:33:37,2206.8,2206.6,2206.8,3,19,2
9:33:37,2206.6,2206.6,2206.8,3,18,1
9:33:38,2206.6,2206.6,2206.8,8,6,4
9:33:38,2206.6,2206.6,2206.8,2,5,5
9:33:39,2206.8,2206.6,2206.8,7,2,1
9:33:39,2206.8,2206.6,2206.8,2,1,7
9:33:40,2206.8,2206.4,2206.8,8,13,1
9:33:40,2206.6,2206.8,2207,3,1,29
9:33:41,2206.8,2206.6,2206.8,1,6,1
9:33:41,2206.6,2206.6,2206.8,2,5,1
9:33:42,2206.8,2206.6,2206.8,3,5,6
9:33:42,2206.8,2206.6,2206.8,3,5,3
9:33:43,2206.8,2206.6,2206.8,1,5,5
9:33:43,2206.8,2206.8,2207,5,4,29
9:33:44,2206.8,2206.6,2206.8,5,5,24
9:33:45,2206.8,2206.6,2206.8,1,6,18
9:33:46,2206.8,2206.6,2206.8,1,6,17
9:33:46,2206.8,2206.6,2206.8,5,6,12
9:33:47,2206.8,2206.6,2206.8,4,6,8
9:33:48,2206.6,2206.4,2206.6,4,14,4
9:33:48,2206.8,2206.4,2206.8,4,12,8
9:33:49,2206.6,2206.4,2206.6,1,12,2
9:33:49,2206.6,2206.6,2206.8,4,13,7
9:33:51,2206.8,2206.6,2206.8,1,21,16
9:33:52,2206.8,2206.6,2206.8,1,23,16
9:33:53,2206.8,2206.6,2206.8,2,22,14
9:33:53,2206.6,2206.6,2206.8,5,18,13
9:33:54,2206.8,2206.6,2206.8,2,18,11
9:33:56,2206.6,2206.6,2206.8,16,3,15
9:33:56,2206.8,2206.6,2206.8,3,2,13
9:33:57,2206.6,2206.6,2206.8,8,1,6
9:33:57,2206.8,2206.6,2206.8,9,47,2
9:33:58,2206.6,2206.6,2206.8,1,1,4
9:33:59,2206.6,2206.4,2206.6,6,11,5
9:33:59,2206.8,2206.4,2206.8,2,11,10
9:34:00,2206.8,2206.4,2206.6,1,11,4
9:34:00,2206.4,2206.4,2206.6,5,9,1
9:34:01,2206.6,2206.4,2206.6,1,9,6
9:34:02,2206.6,2206.4,2206.6,7,5,4
9:34:02,2206.4,2206.2,2206.4,5,12,21
9:34:03,2206.2,2206.2,2206.4,2,10,15
9:34:04,2206.2,2206.2,2206.4,4,9,13
9:34:04,2206.2,2206.2,2206.6,21,8,34
9:34:05,2206.2,2206.2,2206.6,1,13,5
9:34:05,2206.2,2206,2206.2,7,10,6
9:34:06,2206.4,2206,2206.4,4,16,41
9:34:06,2206.4,2206.2,2206.4,8,1,33
9:34:07,2206.2,2206,2206.2,1,10,58
9:34:07,2206,2206,2206.2,5,6,28
9:34:08,2206,2205.8,2206,7,11,3
9:34:08,2206,2206,2206.2,7,10,2
9:34:09,2206,2206,2206.2,1,10,3
9:34:10,2206,2206,2206.2,13,4,32
9:34:10,2206.2,2205.8,2206,24,3,24
9:34:11,2206,2205.8,2206,3,9,22
9:34:11,2205.8,2205.6,2206,3,9,33
9:34:12,2206,2205.6,2206,2,10,33
9:34:13,2206,2205.6,2206,1,10,33
9:34:13,2206,2205.6,2206,20,10,13
9:34:14,2206,2206,2206.2,4,7,8
9:34:15,2206,2206,2206.2,2,12,3
9:34:16,2206,2206,2206.2,1,31,3
9:34:17,2206.2,2206,2206.2,2,29,14
9:34:18,2206,2206,2206.2,2,27,15
9:34:18,2206,2206,2206.2,1,26,16
9:34:19,2206,2206,2206.2,5,23,15
9:34:19,2206.2,2206,2206.2,1,23,16
9:34:20,2206,2206,2206.2,1,22,18
9:34:20,2206,2206,2206.2,4,19,18
9:34:21,2206,2206,2206.2,10,9,17
9:34:21,2206,2205.8,2206,9,5,36
9:34:22,2206,2205.8,2206,5,3,2
9:34:22,2205.8,2205.4,2205.8,15,14,29
9:34:23,2205.4,2205.4,2205.6,3,11,4
9:34:23,2205.4,2205.2,2205.4,6,14,4
9:34:24,2205.2,2205.2,2205.4,6,2,17
9:34:24,2205.2,2205.2,2205.4,1,1,17
9:34:25,2205,2205,2205.2,2,15,26
9:34:25,2205,2204.6,2205,22,13,1
9:34:26,2204.6,2204.6,2204.8,1,6,4
9:34:26,2204.8,2204.4,2204.8,7,5,36
9:34:27,2204.6,2204.4,2204.8,5,3,38
9:34:27,2204.8,2204.4,2204.8,4,3,3
9:34:28,2204.4,2204.2,2204.4,6,13,5
9:34:28,2204.8,2204.4,2205,16,15,10
9:34:29,2204.6,2204.4,2204.8,3,4,19
9:34:29,2205,2204.8,2205,6,1,8
9:34:30,2204.8,2204.4,2204.8,18,1,15
9:34:30,2204.6,2204.6,2204.8,9,17,34
9:34:31,2204.6,2204.6,2204.8,8,18,4
9:34:31,2204.8,2204.8,2205,9,4,4
9:34:32,2204.8,2204.8,2205,2,4,7
9:34:32,2205,2204.8,2205,1,4,6
9:34:33,2204.8,2204.6,2204.8,5,15,2
9:34:33,2204.8,2204.6,2204.8,6,6,31
9:34:34,2204.6,2204.6,2204.8,3,6,4
9:34:34,2204.8,2204.6,2204.8,4,12,1
9:34:35,2204.6,2204.6,2204.8,4,10,1
9:34:35,2204.6,2204.4,2204.6,12,30,20
9:34:36,2204.8,2204.8,2205,21,9,12
9:34:36,2204.6,2204.4,2204.6,24,24,4
9:34:37,2204.6,2204.4,2204.6,4,22,7
9:34:37,2204.6,2204.4,2204.6,2,22,6
9:34:38,2204.6,2204.4,2204.6,31,2,28
9:34:38,2204.4,2204.2,2204.4,13,9,67
9:34:39,2204.2,2204,2204.2,59,1,92
9:34:39,2203.8,2203.8,2204,5,16,38
9:34:40,2203.8,2203.6,2203.8,21,9,2
9:34:40,2203,2203,2203.6,51,10,5
9:34:41,2203.2,2203.2,2203.4,97,1,8
9:34:41,2203,2203,2203.2,28,27,32
9:34:42,2203,2202.8,2203,35,7,4
9:34:42,2202.6,2202.6,2202.8,25,34,40
9:34:43,2202.8,2202.6,2203,57,9,28
9:34:43,2202.8,2202.8,2203,37,9,59
9:34:44,2202.6,2202.4,2202.6,32,7,4
9:34:44,2203,2202.8,2203,31,1,48
9:34:45,2202.8,2202.6,2202.8,17,29,6
9:34:45,2202.6,2202.6,2202.8,19,46,2
9:34:46,2202.6,2202.8,2203,7,3,36
9:34:46,2202.6,2202.6,2202.8,22,23,2
9:34:47,2203,2202.8,2203,19,74,12
9:34:47,2203.2,2202.8,2203.2,45,55,6
9:34:48,2203,2203,2203.4,13,2,7
9:34:48,2202.8,2203,2203.4,17,1,7
9:34:49,2203.4,2203.4,2203.6,16,59,15
9:34:49,2203.6,2203.4,2203.6,36,26,36
9:34:50,2203.6,2203.4,2203.6,26,17,26
9:34:50,2203.4,2203.4,2203.8,5,20,18
9:34:51,2203.4,2203.4,2203.6,12,7,18
9:34:51,2203.4,2203.6,2203.8,15,1,18
9:34:52,2203.8,2203.6,2203.8,25,1,42
9:34:52,2203.8,2203.6,2203.8,5,1,43
9:34:53,2203.4,2203.4,2203.6,3,4,2
9:34:53,2203.8,2203.6,2203.8,13,21,3
9:34:54,2203.6,2203.2,2203.4,24,11,5
9:34:54,2203.4,2203.4,2203.8,10,18,3
9:34:55,2203.6,2203.4,2203.6,2,8,34
9:34:55,2203.6,2203.4,2203.6,17,13,18
9:34:56,2203.6,2203.6,2203.8,8,1,4
9:34:56,2203.6,2203.4,2203.6,4,17,15
9:34:57,2203.6,2203.6,2204,14,19,16
9:34:57,2203.8,2203.6,2204,5,1,17
9:34:58,2203.6,2203.4,2203.6,5,22,28
9:34:58,2203.6,2203.4,2203.6,12,15,34
9:34:59,2203.6,2203.4,2203.6,1,17,36
9:34:59,2203.6,2203.4,2203.6,1,17,35
9:35:00,2203.6,2203.4,2203.6,1,18,34
9:35:00,2203.6,2203.2,2203.6,194,2,9
9:35:01,2203.4,2202.8,2203.4,60,7,13
9:35:01,2202.6,2202.6,2203.2,26,1,2
9:35:02,2202,2202,2202.6,26,38,2
9:35:02,2202.4,2202.2,2202.8,43,18,22
9:35:03,2202.6,2202,2202.6,18,35,10
9:35:03,2202.2,2202.2,2202.4,20,11,12
9:35:04,2201.8,2201.6,2201.8,38,21,12
9:35:04,2201.8,2201.6,2202.2,54,32,1
9:35:05,2201.6,2201.4,2201.6,33,15,50
9:35:05,2201.4,2201.2,2201.4,59,149,2
9:35:06,2201.6,2201.4,2201.6,30,51,41
9:35:06,2202,2201.8,2202,51,17,2
9:35:07,2202.2,2201.8,2202.4,48,11,5
9:35:07,2202.2,2202,2202.2,14,12,12
9:35:08,2202,2201.8,2202,21,1,21
9:35:08,2202,2201.6,2201.8,12,19,2
9:35:09,2201.8,2201.6,2201.8,11,11,7
9:35:09,2201.6,2201.6,2201.8,9,10,1
9:35:10,2201.8,2201.6,2201.8,8,35,1
9:35:10,2202,2201.8,2202,7,15,9
9:35:11,2202.2,2202,2202.2,18,31,16
9:35:11,2202.2,2202.2,2202.4,24,3,4
9:35:12,2202.4,2202.4,2202.8,25,7,9
9:35:12,2202.6,2202.4,2202.6,10,3,6
9:35:13,2202.8,2202.6,2202.8,6,1,6
9:35:13,2202.4,2202.4,2203,9,9,9
9:35:14,2203,2202.8,2203,5,2,8
9:35:14,2203,2202.8,2203.2,3,3,7
9:35:15,2202.8,2202.6,2202.8,20,17,1
9:35:15,2203.4,2203.2,2203.4,3,1,13
9:35:16,2203.2,2202.8,2203.2,11,12,14
9:35:16,2203,2202.8,2203.2,7,8,33
9:35:17,2202.8,2202.8,2203.2,7,9,5
9:35:17,2203.2,2203,2203.2,2,1,2
9:35:18,2202.8,2202.8,2203.2,9,6,10
9:35:19,2203,2203,2203.2,7,14,19
9:35:19,2203,2203,2203.2,6,11,15
9:35:20,2203,2202.8,2203,17,4,32
9:35:20,2202.4,2202.4,2203,9,6,9
9:35:21,2203,2202.8,2203,2,8,6
9:35:21,2202.8,2202.4,2202.8,12,2,10
9:35:22,2202.6,2202.8,2203,25,1,3
9:35:22,2203,2202.6,2203,2,19,8
9:35:23,2202.4,2202.2,2202.6,3,58,2
9:35:23,2202.6,2202.6,2202.8,8,2,9
9:35:24,2202.4,2202.4,2202.6,3,5,9
9:35:24,2202.4,2202.4,2202.6,4,2,12
9:35:25,2202.2,2202.2,2202.4,5,54,29
9:35:25,2202.2,2202.2,2202.4,16,39,58
9:35:26,2202.2,2202.2,2202.4,29,12,57
9:35:26,2202,2201.8,2202,25,23,1
9:35:27,2202,2202,2202.2,4,21,24
9:35:27,2202,2202,2202.2,11,15,17
9:35:28,2202,2202,2202.2,24,8,1
9:35:28,2202,2201.8,2202,13,24,4
9:35:29,2202.2,2202,2202.2,21,10,9
9:35:29,2202.2,2201.8,2202,4,29,1
9:35:30,2202.2,2202,2202.2,2,7,8
9:35:30,2202.2,2202,2202.2,9,6,5
9:35:31,2202.2,2202,2202.2,2,13,2
9:35:31,2202.2,2202.2,2202.4,4,21,6
9:35:32,2202.4,2202.4,2202.6,15,16,15
9:35:32,2202.4,2202.2,2202.4,72,17,23
9:35:33,2202.4,2202.2,2202.4,8,17,2
9:35:33,2202.4,2202,2202.4,21,20,1
9:35:34,2202.4,2202,2202.4,8,20,1
9:35:34,2202.2,2202.4,2202.8,17,3,19
9:35:35,2202.6,2202.6,2202.8,9,15,7
9:35:35,2202.8,2202.6,2202.8,3,9,5
9:35:36,2202.4,2202.4,2202.8,15,11,5
9:35:36,2202.4,2202.4,2202.8,8,23,5
9:35:37,2202.8,2202.8,2203,9,8,12
9:35:37,2202.8,2202.8,2203,4,2,6
9:35:38,2202.8,2202.8,2203,4,24,5
9:35:39,2202.8,2202.8,2203,15,14,2
9:35:39,2203,2203,2203.2,5,1,8
9:35:40,2202.8,2202.6,2203,10,18,11
9:35:40,2202.6,2202.6,2203,1,14,18
9:35:41,2202.6,2202.6,2202.8,1,5,15
9:35:41,2202.8,2202.6,2202.8,2,4,14
9:35:42,2203,2202.4,2203,11,14,17
9:35:42,2203,2202.6,2203,4,18,11
9:35:43,2202.6,2202.6,2202.8,1,17,1
9:35:43,2202.8,2202.6,2203,1,17,13
9:35:44,2202.6,2202.6,2202.8,14,3,4
9:35:45,2202.6,2202.4,2202.6,3,14,4
9:35:45,2202.6,2202.4,2202.8,2,14,26
9:35:46,2202.6,2202.4,2202.6,4,13,7
9:35:46,2202.6,2202.4,2202.6,2,13,5
9:35:47,2202.8,2202.4,2202.6,10,12,1
9:35:48,2202.8,2202.4,2202.8,1,12,13
9:35:48,2202.4,2202.2,2202.4,12,11,9
9:35:49,2202.4,2202.2,2202.4,2,11,7
9:35:49,2202.4,2202.2,2202.4,3,11,3
9:35:50,2202.2,2202.2,2202.6,5,11,46
9:35:50,2202.2,2202.2,2202.4,1,10,1
9:35:51,2202.6,2202.4,2202.6,5,1,43
9:35:51,2202.4,2202.2,2202.6,5,6,9
9:35:52,2202.2,2202.2,2202.4,5,7,6
9:35:52,2202.2,2202.2,2202.4,3,6,4
9:35:54,2202.4,2202.2,2202.4,4,17,1
9:35:54,2202.2,2202.2,2202.4,17,2,11
9:35:55,2202.2,2202,2202.2,4,20,2
9:35:55,2202,2202,2202.2,1,19,3
9:35:56,2202,2202,2202.2,8,12,2
9:35:56,2202,2202,2202.2,7,5,4
9:35:57,2201.8,2201.8,2202,7,13,11
9:35:57,2201.8,2201.8,2202,4,10,11
9:35:58,2201.8,2201.8,2202,6,6,18
9:35:58,2201.6,2201.6,2201.8,10,17,10
9:35:59,2201.8,2201.6,2201.8,22,17,19
9:35:59,2201.8,2201.6,2201.8,10,10,26
9:36:00,2201.6,2201.4,2201.6,15,11,59
9:36:00,2201.6,2201.4,2201.6,20,8,3
9:36:01,2201.4,2201.2,2201.4,32,147,4
9:36:01,2201.2,2201.2,2201.8,39,120,1
9:36:02,2201.2,2201.2,2201.6,35,109,47
9:36:02,2201.2,2201.2,2201.4,91,25,76
9:36:03,2201.2,2201,2201.2,47,153,37
9:36:03,2201.2,2201.2,2201.8,82,5,7
9:36:04,2201,2201,2201.2,34,141,7
9:36:04,2201.4,2201,2201.4,32,120,35
9:36:05,2201,2201,2201.4,20,104,40
9:36:05,2201,2201,2201.2,57,52,45
9:36:06,2201,2201,2201.4,46,28,41
9:36:06,2201,2201,2201.4,31,7,24
9:36:07,2201,2200.8,2201,31,21,20
9:36:07,2201,2201,2201.4,29,45,14
9:36:08,2201.4,2201,2201.4,5,37,12
9:36:08,2201.4,2201.4,2201.6,8,2,6
9:36:09,2201.4,2201.4,2201.6,19,9,5
9:36:09,2201.4,2201.4,2201.6,7,4,6
9:36:10,2201.6,2201.4,2201.8,9,9,14
9:36:10,2201.8,2201.4,2201.8,6,8,10
9:36:11,2201.8,2201.4,2201.8,4,3,7
9:36:11,2201.6,2201.4,2201.6,5,1,1
9:36:12,2201.8,2201.4,2201.8,4,1,19
9:36:12,2201.8,2201.6,2201.8,4,1,15
9:36:13,2201.4,2201.4,2201.6,6,17,21
9:36:13,2201.8,2201.4,2201.8,1,17,17
9:36:14,2201.8,2201.4,2201.6,5,17,1
9:36:14,2201.4,2201.2,2201.4,18,2,23
9:36:15,2201.2,2201.2,2201.8,4,1,15
9:36:15,2201.4,2201.2,2201.6,5,6,20
9:36:16,2201,2201.2,2201.4,5,1,8
9:36:16,2201.4,2201.2,2201.4,1,3,8
9:36:17,2201.4,2201.2,2201.6,3,3,10
9:36:17,2201.8,2201.6,2201.8,14,15,23
9:36:18,2201.6,2201.6,2201.8,7,14,7
9:36:18,2202,2201.8,2202,12,36,18
9:36:19,2202,2202,2202.2,23,7,6
9:36:19,2202.2,2202.2,2202.4,7,1,12
9:36:20,2202.2,2202,2202.2,13,1,1
9:36:20,2202,2201.8,2202.2,14,21,4
9:36:21,2202.2,2201.8,2202.2,2,20,19
9:36:21,2202.2,2201.8,2202.2,4,19,16
9:36:22,2202.2,2202,2202.2,1,5,16
9:36:22,2202.2,2202,2202.2,6,1,14
9:36:23,2202.2,2202,2202.2,7,1,6
9:36:23,2202,2201.8,2202.2,2,25,7
9:36:24,2202.2,2202,2202.2,4,9,3
9:36:24,2202.2,2202,2202.2,2,11,6
9:36:25,2202.2,2202.2,2202.4,10,2,27
9:36:25,2202.2,2202,2202.4,3,24,21
9:36:26,2202.2,2202,2202.2,28,4,1
9:36:27,2202.2,2202,2202.2,1,4,7
9:36:28,2202.4,2202.2,2202.4,8,5,12
9:36:29,2202.4,2202.2,2202.4,4,39,10
9:36:29,2202.4,2202.2,2202.4,7,38,3
9:36:30,2202,2202.2,2202.6,56,7,3
9:36:31,2202.4,2202.4,2202.6,2,1,2
9:36:31,2202.6,2202.4,2202.6,3,2,1
9:36:32,2202.6,2202.4,2202.6,1,2,2
9:36:32,2202.6,2202.6,2202.8,9,13,20
9:36:33,2202.6,2202.6,2202.8,14,1,16
9:36:33,2202.4,2202.4,2202.6,4,4,2
9:36:34,2202.8,2202.6,2202.8,7,12,2
9:36:34,2202.8,2202.6,2202.8,8,13,7
9:36:35,2202.8,2202.8,2203,8,21,22
9:36:35,2202.8,2202.8,2203,2,20,16
9:36:36,2203,2202.8,2203,3,49,18
9:36:36,2202.8,2202.8,2203,9,48,10
9:36:37,2203,2202.8,2203,2,48,8
9:36:37,2203,2203,2203.2,11,5,15
9:36:38,2202.8,2202.8,2203,10,44,11
9:36:38,2203,2202.8,2203,4,44,8
9:36:39,2202.8,2202.8,2203,5,43,4
9:36:39,2202.8,2202.8,2203,3,49,11
9:36:40,2202.8,2202.8,2203,6,40,15
9:36:40,2203,2202.8,2203,5,38,7
9:36:41,2203,2203,2203.2,6,16,24
9:36:42,2203,2203,2203.2,3,16,24
9:36:42,2203,2203,2203.2,5,14,21
9:36:43,2203,2203,2203.2,1,13,21
9:36:43,2203,2203,2203.2,8,7,25
9:36:44,2203,2203,2203.2,2,14,5
9:36:44,2203,2203,2203.2,5,5,8
9:36:45,2203.2,2203.2,2203.4,3,2,36
9:36:46,2203.4,2203,2203.4,8,10,25
9:36:46,2203.2,2203.2,2203.4,8,15,18
9:36:47,2203.4,2203.2,2203.4,5,13,16
9:36:47,2203.2,2203.2,2203.6,31,74,10
9:36:48,2203.6,2203.2,2203.6,6,75,8
9:36:48,2203.6,2203.2,2203.6,4,68,7
9:36:49,2203.2,2203.2,2203.6,11,58,2
9:36:49,2203.2,2203.4,2203.6,1,3,2
9:36:50,2203.6,2203.4,2203.8,7,39,7
9:36:50,2203.2,2203.2,2203.4,24,15,1
9:36:51,2203.4,2203.2,2203.6,2,14,6
9:36:51,2203.4,2203.2,2203.4,5,12,4
9:36:52,2203.4,2203.2,2203.4,4,18,3
9:36:52,2203.4,2203.2,2203.4,4,8,2
9:36:53,2203.4,2203.2,2203.6,3,6,2
9:36:53,2203.2,2203.4,2203.6,2,1,2
9:36:54,2203.4,2203.4,2203.6,1,1,3
9:36:54,2203.6,2203.2,2203.6,5,14,9
9:36:55,2203.2,2203.2,2203.4,1,7,1
9:36:55,2203.4,2203.2,2203.4,3,4,1
9:36:56,2203.2,2203.2,2203.4,1,6,4
9:36:56,2203.4,2203.2,2203.4,4,5,4
9:36:57,2203.4,2203,2203.4,8,17,14
9:36:58,2203.2,2203.2,2203.4,1,1,14
9:36:58,2203.4,2203,2203.4,1,18,16
9:36:59,2203.4,2203,2203.2,1,5,9
9:37:00,2203.2,2203,2203.2,1,14,11
9:37:01,2202.8,2202.8,2203.2,22,40,9
9:37:02,2203.2,2202.8,2203.2,9,28,18
9:37:02,2202.8,2202.8,2203,25,3,2
9:37:03,2202.6,2202.6,2203,4,10,5
9:37:04,2202.8,2202.8,2203,9,11,5
9:37:05,2203,2202.8,2203,3,40,2
9:37:05,2203,2202.6,2203,18,5,10
9:37:06,2203,2202.8,2203,3,9,10
9:37:06,2203,2203,2203.2,7,1,7
9:37:07,2202.8,2202.8,2203,3,1,2
9:37:07,2203,2202.8,2203.2,1,1,7
9:37:08,2203.2,2202.6,2203.2,2,4,20
9:37:08,2203,2202.8,2203,1,2,26
9:37:09,2203,2202.8,2203,1,3,12
9:37:09,2203,2202.8,2203,3,3,9
9:37:10,2202.8,2202.8,2203,7,9,3
9:37:11,2203,2202.8,2203,1,3,1
9:37:11,2203,2203,2203.2,1,14,8
9:37:12,2203,2202.8,2203.2,2,18,9
9:37:13,2203.2,2203,2203.2,1,9,8
9:37:13,2203,2203,2203.2,1,8,8
9:37:14,2203.2,2203.2,2203.4,8,5,13
9:37:14,2203.4,2203.2,2203.4,1,11,12
9:37:15,2203.2,2203.2,2203.4,11,54,2
9:37:15,2203.4,2203.4,2203.6,2,17,13
9:37:16,2203.6,2203.4,2203.6,6,56,9
9:37:16,2203.6,2203.4,2203.6,8,61,4
9:37:17,2203.6,2203.6,2203.8,4,2,17
9:37:17,2203.6,2203.6,2203.8,19,24,13
9:37:18,2203.6,2203.6,2203.8,7,33,7
9:37:18,2203.8,2203.8,2204,8,6,53
9:37:19,2203.8,2203.8,2204,5,29,44
9:37:19,2203.8,2203.8,2204,10,27,37
9:37:20,2204,2203.6,2204,28,18,27
9:37:20,2204,2203.6,2203.8,2,34,6
9:37:21,2204,2203.6,2204,11,38,21
9:37:21,2203.8,2203.8,2204,14,1,17
9:37:22,2204,2203.8,2204,2,2,16
9:37:23,2203.8,2203.6,2204,5,36,13
9:37:23,2204,2203.8,2204,1,1,12
9:37:24,2203.8,2203.8,2204,4,16,7
9:37:24,2204,2203.8,2204,5,14,5
9:37:25,2203.8,2203.6,2203.8,2,20,9
9:37:25,2203.8,2203.6,2203.8,8,32,2
9:37:27,2203.8,2203.6,2203.8,2,11,9
9:37:27,2203.8,2203.6,2203.8,3,29,6
9:37:28,2203.6,2203.6,2203.8,1,29,6
9:37:28,2203.6,2203.6,2203.8,6,9,2
9:37:29,2203.8,2203.8,2204,6,1,18
9:37:29,2204.4,2204.2,2204.4,42,10,26
9:37:30,2203.8,2203.8,2204,11,8,2
9:37:30,2203.8,2203.8,2204,5,6,3
9:37:31,2204,2204,2204.2,6,7,5
9:37:31,2204.2,2204,2204.2,2,7,10
9:37:32,2204.2,2204.2,2204.4,11,7,24
9:37:32,2204.4,2204.4,2204.6,19,10,17
9:37:33,2204.6,2204.4,2204.6,7,5,17
9:37:33,2204.4,2204.4,2204.6,1,4,11
9:37:34,2204.8,2204.6,2204.8,15,7,24
9:37:34,2204.6,2204.6,2204.8,6,27,20
9:37:35,2204.8,2204.8,2205,23,62,11
9:37:35,2204.8,2204.8,2205,27,1,10
9:37:36,2204.6,2204.6,2205,4,13,9
9:37:36,2204.6,2204.6,2204.8,30,12,3
9:37:37,2204.8,2204.8,2205,3,1,9
9:37:37,2204.6,2204.4,2204.6,5,7,8
9:37:38,2204.6,2204.4,2204.8,12,2,37
9:37:38,2204.6,2204.4,2204.6,4,2,4
9:37:39,2204.6,2204.4,2204.6,2,2,12
9:37:39,2204.4,2204.4,2204.6,4,1,11
9:37:40,2204.4,2204.2,2204.4,1,9,8
9:37:40,2204.4,2204.2,2204.4,4,6,8
9:37:41,2204.4,2204.2,2204.4,3,26,6
9:37:41,2204.4,2204.2,2204.4,5,26,3
9:37:42,2204.4,2204.2,2204.4,3,26,1
9:37:42,2204.2,2204.2,2204.6,7,20,11
9:37:43,2204.4,2204.2,2204.4,16,17,3
9:37:43,2204.2,2204.2,2204.4,6,11,2
9:37:44,2204.4,2204.4,2204.6,4,1,19
9:37:44,2204.4,2204.2,2204.4,3,1,2
9:37:45,2204.2,2204,2204.4,2,14,5
9:37:45,2204,2204,2204.4,3,19,4
9:37:46,2204.4,2204,2204.4,6,17,1
9:37:46,2204.4,2204,2204.6,2,16,34
9:37:47,2204.2,2204.2,2204.4,1,7,26
9:37:48,2204.2,2204.2,2204.4,1,8,27
9:37:48,2204.4,2204.2,2204.4,10,3,26
9:37:49,2204.2,2204.2,2204.4,3,9,26
9:37:49,2204.2,2204.2,2204.4,6,3,26
9:37:50,2204.4,2204.2,2204.4,4,2,25
9:37:50,2204,2203.8,2204,4,9,12
9:37:51,2204.4,2204,2204.6,130,1,6
9:37:52,2204.4,2204.2,2204.4,2,1,3
9:37:52,2204.4,2204,2204.4,4,7,1
9:37:53,2204,2204,2204.2,3,6,2
9:37:53,2204.2,2204.2,2204.4,6,13,15
9:37:54,2204.4,2204.2,2204.4,4,10,14
9:37:54,2204.2,2204,2204.4,10,48,14
9:37:55,2204.4,2204.2,2204.4,14,7,3
9:37:57,2204,2204,2204.4,8,13,23
9:37:57,2204.4,2204.2,2204.4,7,9,14
9:37:58,2204.2,2204.2,2204.4,1,15,14
9:37:58,2204.4,2204.2,2204.4,1,15,14
9:37:59,2204.2,2204.2,2204.4,1,14,14
9:37:59,2204.4,2204.2,2204.4,3,13,12
9:38:00,2204.2,2204.2,2204.4,1,13,14
9:38:00,2204.2,2204.2,2204.4,4,11,14
9:38:01,2204.2,2204.2,2204.4,2,10,13
9:38:01,2204.2,2204.2,2204.4,1,9,13
9:38:02,2204.2,2204.2,2204.4,1,8,13
9:38:03,2204.4,2204.2,2204.4,2,2,12
9:38:03,2204.2,2204,2204.4,1,30,12
9:38:04,2204.2,2204,2204.4,3,15,20
9:38:05,2204,2204,2204.2,1,17,4
9:38:05,2204,2204,2204.2,1,6,10
9:38:06,2204,2204,2204.2,2,4,13
9:38:06,2204.2,2204,2204.2,1,4,12
9:38:07,2204,2204,2204.2,1,3,12
9:38:07,2204,2203.8,2204,3,5,3
9:38:08,2203.8,2203.6,2204,2,19,4
9:38:09,2204,2203.8,2204,2,2,11
9:38:09,2203.8,2203.6,2203.8,4,30,1
9:38:10,2203.6,2203.6,2203.8,1,29,1
9:38:10,2203.6,2203.6,2203.8,1,29,2
9:38:11,2203.8,2203.6,2204,3,31,9
9:38:12,2203.8,2203.8,2204,1,1,11
9:38:13,2203.6,2203.6,2204,5,32,12
9:38:14,2203.8,2203.8,2204,5,4,12
9:38:14,2203.8,2203.6,2204,6,32,11
9:38:15,2204,2204,2204.2,11,11,10
9:38:16,2204,2204,2204.2,9,4,10
9:38:17,2204,2204,2204.2,4,5,9
9:38:17,2204.2,2204,2204.2,3,3,10
9:38:18,2204,2204,2204.2,2,3,10
9:38:19,2204.2,2204,2204.2,3,3,10
9:38:19,2204.2,2204,2204.2,1,35,8
9:38:20,2204,2204,2204.2,4,6,6
9:38:20,2204,2204,2204.2,1,4,7
9:38:21,2204,2203.8,2204,6,18,3
9:38:22,2204,2203.8,2204,2,38,3
9:38:23,2204,2203.8,2204,1,39,5
9:38:24,2203.8,2203.6,2203.8,6,32,1
9:38:24,2203.8,2203.6,2204,1,52,5
9:38:25,2204,2203.6,2204,3,52,2
9:38:26,2204,2203.6,2204,2,17,14
9:38:27,2203.6,2203.6,2204,1,17,16
9:38:28,2204,2203.6,2204,2,17,15
9:38:28,2204.2,2204.2,2204.4,34,68,52
9:38:29,2204.2,2204.2,2204.4,79,9,92
9:38:29,2204.2,2204,2204.2,18,5,12
9:38:30,2204,2204,2204.2,2,1,8
9:38:30,2204,2203.8,2204.2,2,13,9
9:38:31,2204.2,2204,2204.2,2,3,11
9:38:32,2204.2,2204,2204.2,5,6,11
9:38:32,2204,2204,2204.2,1,5,8
9:38:33,2204.2,2204.2,2204.4,8,28,37
9:38:34,2204.2,2204.2,2204.4,4,3,36
9:38:34,2204.2,2204,2204.4,1,39,37
9:38:35,2204.4,2204,2204.4,9,39,29
9:38:35,2204,2204,2204.2,1,38,1
9:38:36,2204.2,2204.2,2204.4,3,3,30
9:38:37,2204.4,2204,2204.2,14,3,1
9:38:37,2204.2,2204.2,2204.4,2,1,20
9:38:38,2204.2,2204,2204.4,2,5,21
9:38:39,2204,2204,2204.4,1,4,23
9:38:40,2204,2204,2204.4,6,2,22
9:38:40,2204.4,2204,2204.2,23,38,1
9:38:41,2204,2204,2204.2,9,1,4
9:38:41,2204.2,2204,2204.2,5,35,1
9:38:42,2204.2,2204,2204.2,1,4,1
9:38:43,2204,2204,2204.4,3,2,8
9:38:43,2204.2,2204.2,2204.4,3,1,9
9:38:44,2204.4,2204,2204.2,3,2,1
9:38:44,2204.2,2204.2,2204.4,1,4,1
9:38:45,2204.4,2204.2,2204.4,1,4,1
9:38:46,2204.4,2204.2,2204.4,1,4,2
9:38:47,2204.4,2204.2,2204.4,2,5,12
9:38:50,2204.4,2204,2204.4,7,10,14
9:38:51,2204.4,2204.2,2204.4,1,4,7
9:38:51,2204.4,2204.2,2204.4,2,4,6
9:38:52,2204.4,2204,2204.4,1,11,11
9:38:52,2204.2,2204.2,2204.4,1,3,5
9:38:53,2204.4,2204.2,2204.4,1,3,4
9:38:53,2204.2,2204,2204.4,1,19,11
9:38:54,2204.4,2204,2204.4,1,14,15
9:38:55,2204.4,2204.2,2204.4,1,5,8
9:38:56,2204.2,2204.2,2204.4,1,1,9
9:38:56,2204.4,2204.2,2204.4,2,2,7
9:38:57,2204.4,2204.2,2204.4,2,1,6
9:38:57,2204.2,2204.2,2204.4,2,2,6
9:38:58,2204.4,2204.2,2204.4,18,3,8
9:38:58,2204.4,2204.2,2204.4,8,3,1
9:38:59,2204.4,2204.4,2204.6,2,4,2
9:39:00,2204.6,2204.4,2204.6,1,2,1
9:39:00,2204.2,2204.2,2204.6,4,58,1
9:39:01,2204.4,2204.2,2204.6,1,25,1
9:39:02,2204.4,2204.2,2204.6,5,28,10
9:39:02,2204.6,2204.4,2204.6,1,1,10
9:39:03,2204.4,2204.4,2204.6,1,1,9
9:39:03,2204.4,2204.2,2204.6,1,28,9
9:39:04,2204.6,2204.4,2204.6,4,3,3
9:39:04,2204.8,2204.6,2204.8,4,1,32
9:39:05,2204.6,2204.4,2204.6,2,4,7
9:39:06,2204.6,2204.2,2204.6,8,4,5
9:39:06,2204.6,2204.2,2204.8,5,4,34
9:39:07,2204.6,2204.2,2204.8,2,6,35
9:39:07,2204.6,2204.6,2204.8,2,2,35
9:39:08,2204.6,2204.2,2204.6,3,6,19
9:39:08,2204.6,2204.2,2204.6,6,6,13
9:39:09,2204.6,2204.6,2204.8,10,11,44
9:39:09,2204.6,2204.2,2204.6,13,16,5
9:39:10,2204.6,2204.4,2204.8,3,7,44
9:39:10,2204.4,2204.2,2204.6,4,10,14
9:39:12,2204.6,2204.4,2204.8,2,5,40
9:39:13,2204.2,2204.2,2204.6,7,10,9
9:39:14,2204.6,2204.6,2204.8,12,19,36
9:39:15,2204.2,2204.2,2204.8,29,13,88
9:39:16,2204.4,2204.4,2204.6,4,4,25
9:39:17,2204.6,2204.4,2204.6,2,1,24
9:39:17,2204.4,2204.2,2204.4,1,8,3
9:39:18,2204.4,2204.4,2204.6,8,22,21
9:39:18,2204.4,2204.4,2204.6,1,1,27
9:39:19,2204.4,2204.4,2204.6,1,1,21
9:39:20,2204.4,2204.2,2204.6,1,14,4
9:39:21,2204.4,2204.4,2204.6,1,15,4
9:39:21,2204.4,2204.4,2204.6,1,16,5
9:39:22,2204.4,2204.4,2204.6,2,15,4
9:39:23,2204.6,2204.4,2204.6,1,15,3
9:39:24,2204.6,2204.4,2204.6,2,16,2
9:39:24,2204.4,2204.4,2204.6,2,14,2
9:39:25,2204.8,2204.6,2204.8,7,10,28
9:39:25,2204.6,2204.6,2204.8,1,8,28
9:39:26,2204.6,2204.6,2204.8,1,8,28
9:39:27,2204.8,2204.6,2204.8,17,12,11
9:39:28,2204.8,2204.6,2204.8,11,10,3
9:39:28,2204.8,2204.8,2205,7,28,15
9:39:29,2205.2,2204.8,2205.2,31,17,14
9:39:29,2204.8,2204.8,2205.2,2,14,13
9:39:30,2205,2204.8,2205,5,15,5
9:39:30,2204.8,2204.8,2205,4,10,5
9:39:31,2205,2204.8,2205,3,11,2
9:39:31,2205,2204.8,2205,1,11,1
9:39:32,2205,2205,2205.2,8,7,14
9:39:33,2205,2205,2205.2,4,8,8
9:39:33,2205,2205,2205.2,4,12,7
9:39:34,2205,2205,2205.2,10,3,7
9:39:35,2205,2205,2205.2,3,2,8
9:39:35,2205.2,2205.2,2205.4,12,12,11
9:39:37,2205.2,2205.2,2205.4,8,1,14
9:39:37,2205.2,2205,2205.2,7,14,3
9:39:38,2205.4,2205.2,2205.4,6,5,1
9:39:38,2205.4,2205.2,2205.6,1,2,17
9:39:39,2205.6,2205.2,2205.6,4,27,20
9:39:39,2205.6,2205.4,2205.6,2,16,19
9:39:40,2205.6,2205.6,2205.8,22,2,37
9:39:40,2205.8,2205.6,2205.8,2,2,36
9:39:41,2205.6,2205.4,2205.6,6,5,1
9:39:41,2205.8,2205.6,2205.8,6,7,36
9:39:42,2205.6,2205.4,2205.6,9,6,16
9:39:42,2205.4,2205.4,2205.6,1,5,5
9:39:43,2205.4,2205.2,2205.4,7,7,8
9:39:43,2205.4,2205.2,2205.4,2,13,2
9:39:44,2205.4,2205.4,2205.6,4,1,11
9:39:44,2205.4,2205.2,2205.4,1,7,6
9:39:45,2205.4,2205.2,2205.4,1,7,1
9:39:45,2205.4,2205.2,2205.6,1,7,13
9:39:46,2205.2,2205,2205.2,9,14,1
9:39:46,2205.2,2205.2,2205.4,1,24,15
9:39:47,2205.4,2205.2,2205.4,2,23,16
9:39:48,2205.4,2205.4,2205.6,4,3,23
9:39:48,2205.6,2205.4,2205.6,1,4,23
9:39:49,2205.6,2205.4,2205.6,2,4,22
9:39:50,2205.6,2205.6,2205.8,24,76,70
9:39:50,2205.6,2205.6,2205.8,43,34,116
9:39:51,2205.6,2205.6,2205.8,2,37,67
9:39:51,2205.6,2205.6,2205.8,3,37,67
9:39:52,2205.8,2205.6,2205.8,2,36,66
9:39:52,2205.6,2205.6,2205.8,9,30,118
9:39:53,2205.8,2205.6,2205.8,7,26,111
9:39:53,2205.6,2205.6,2205.8,10,17,105
9:39:54,2205.6,2205.4,2205.6,18,10,3
9:39:54,2205.6,2205.4,2205.6,13,7,39
9:39:55,2205.4,2205.4,2205.6,6,7,36
9:39:55,2205.6,2205.4,2205.6,3,3,44
9:39:56,2205.4,2205.2,2205.6,7,35,43
9:39:56,2205.4,2205.2,2205.6,2,12,44
9:39:57,2205.6,2205.2,2205.4,2,13,3
9:39:57,2205.4,2205.2,2205.4,2,10,2
9:39:58,2205.4,2205.2,2205.6,9,10,40
9:39:58,2205.6,2205.2,2205.4,1,10,1
9:39:59,2205.2,2205.2,2205.4,2,8,1
9:39:59,2205.6,2205.4,2205.6,2,6,17
9:40:00,2205.4,2205.2,2205.6,6,8,28
9:40:00,2205.4,2205.4,2205.6,13,16,24
9:40:01,2205,2205,2205.6,34,24,17
9:40:01,2205.2,2205,2205.4,47,12,3
9:40:02,2204.8,2204.8,2205,10,9,9
9:40:02,2205.4,2205.4,2205.6,19,12,21
9:40:03,2205.6,2205.4,2205.6,17,1,49
9:40:03,2205,2205,2205.4,4,45,26
9:40:04,2205,2205,2205.4,2,44,26
9:40:05,2205,2205,2205.4,33,7,63
9:40:05,2205,2204.8,2205,7,27,2
9:40:06,2205,2204.8,2205,1,27,4
9:40:07,2205,2205,2205.4,4,20,45
9:40:07,2205,2205,2205.2,3,17,46
9:40:08,2205,2205,2205.2,8,9,49
9:40:09,2205,2205,2205.2,5,4,50
9:40:09,2205,2204.8,2205,4,21,7
9:40:10,2205,2204.8,2205,3,22,5
9:40:10,2205,2204.8,2205,1,22,4
9:40:11,2205,2205,2205.2,8,14,53
9:40:12,2205.2,2205,2205.2,1,15,57
9:40:12,2205,2205,2205.2,10,5,57
9:40:13,2204.8,2204.8,2205,13,13,54
9:40:14,2204.8,2204.8,2205,1,12,1
9:40:15,2204.8,2204.8,2205,3,9,1
9:40:16,2204.8,2204.8,2205.2,2,8,39
9:40:17,2204.8,2204.8,2205,6,2,3
9:40:19,2204.4,2204.4,2204.8,19,8,6
9:40:19,2204.6,2204.6,2204.8,6,9,1
9:40:20,2204.8,2204.6,2205,2,9,7
9:40:21,2204.8,2204.8,2205,4,7,14
9:40:21,2204.8,2204.8,2205,4,3,14
9:40:22,2204.8,2204.6,2204.8,3,3,10
9:40:23,2204.8,2204.6,2204.8,1,2,8
9:40:23,2204.6,2204.6,2204.8,1,1,8
9:40:25,2204.8,2204.6,2204.8,1,6,7
9:40:25,2204.6,2204.6,2204.8,2,5,6
9:40:26,2204.6,2204.6,2204.8,8,4,36
9:40:26,2204.8,2204.6,2204.8,1,8,35
9:40:27,2204.6,2204.6,2204.8,2,6,36
9:40:27,2204.6,2204.6,2204.8,1,5,4
9:40:28,2204.6,2204.6,2204.8,3,3,7
9:40:28,2204.8,2204.6,2204.8,2,2,6
9:40:29,2204.8,2204.6,2204.8,5,2,31
9:40:29,2204.6,2204.4,2204.6,2,7,28
9:40:30,2204.6,2204.4,2204.6,4,7,24
9:40:30,2204.6,2204.4,2204.6,8,13,17
9:40:31,2204.6,2204.4,2204.6,11,13,6
9:40:31,2204.6,2204.4,2204.6,1,13,5
9:40:32,2204.4,2204.4,2204.6,1,13,5
9:40:32,2204.6,2204.6,2204.8,5,10,4
9:40:33,2204.6,2204.4,2204.6,1,8,22
9:40:34,2204.6,2204.4,2204.6,2,7,17
9:40:34,2204.4,2204.4,2204.6,1,5,17
9:40:35,2204.6,2204.4,2204.6,5,10,5
9:40:36,2204.6,2204.4,2204.6,4,12,2
9:40:36,2204.4,2204.4,2204.6,1,3,2
9:40:37,2204.6,2204.2,2204.6,7,13,10
9:40:38,2204.6,2204.2,2204.6,18,7,48
9:40:39,2204.6,2204.2,2204.4,1,7,1
9:40:40,2204.4,2204,2204.4,29,56,28
9:40:42,2204.2,2204.2,2204.4,1,16,1
9:40:43,2204.4,2204.2,2204.6,2,18,28
9:40:43,2204.2,2204.4,2204.6,5,1,41
9:40:44,2204.4,2204.4,2204.6,4,3,10
9:40:44,2204.4,2204.4,2204.6,1,9,10
9:40:45,2204.4,2204.4,2204.6,3,6,10
9:40:45,2204.6,2204.4,2204.6,6,5,5
9:40:46,2204.4,2204.4,2204.6,1,4,5
9:40:46,2204.4,2204.4,2204.6,1,3,5
9:40:47,2204.4,2204.2,2204.4,4,14,8
9:40:48,2204.4,2204.2,2204.4,7,11,1
9:40:48,2204.4,2204.4,2204.6,1,19,4
9:40:49,2204.4,2204.4,2204.6,1,20,4
9:40:50,2204.6,2204.4,2204.6,1,20,4
9:40:50,2204.6,2204.4,2204.6,1,9,3
9:40:52,2204.6,2204.4,2204.6,2,10,4
9:40:53,2204.6,2204.4,2204.6,5,15,1
9:40:54,2204.6,2204.6,2204.8,1,7,20
9:40:54,2204.6,2204.4,2204.8,19,14,34
9:40:55,2204.4,2204.4,2204.8,6,20,35
9:40:56,2204.4,2204.4,2204.6,1,22,1
9:40:56,2204.6,2204.4,2204.6,1,22,1
9:40:59,2204.6,2204.4,2204.6,1,27,3
9:41:00,2204.6,2204.4,2204.6,20,20,6
9:41:00,2204.4,2204.4,2204.6,2,19,11
9:41:01,2204.4,2204.4,2204.6,1,19,12
9:41:01,2204.4,2204.4,2204.6,1,18,12
9:41:02,2204.4,2204.4,2204.6,1,17,12
9:41:02,2204.2,2204.2,2204.4,21,12,64
9:41:03,2204.2,2204.2,2204.4,2,10,34
9:41:03,2204.2,2204.2,2204.4,2,8,38
9:41:04,2204.2,2204,2204.2,8,64,1
9:41:04,2204.2,2204,2204.2,5,58,8
9:41:05,2204,2204,2204.2,2,56,13
9:41:06,2204.2,2204,2204.2,3,55,10
9:41:06,2204.2,2204,2204.2,7,52,6
9:41:08,2204.2,2204,2204.2,5,50,7
9:41:08,2204,2204,2204.2,1,50,10
9:41:09,2204,2204,2204.2,1,56,4
9:41:09,2204,2204,2204.2,3,54,6
9:41:10,2204,2204,2204.2,9,50,3
9:41:10,2204.4,2204.2,2204.4,9,15,5
9:41:11,2204.2,2204.2,2204.4,6,17,4
9:41:11,2204.2,2204.2,2204.4,2,16,3
9:41:12,2204.2,2204.2,2204.4,2,15,3
9:41:13,2204.2,2204.2,2204.4,3,5,24
9:41:13,2204.2,2204.2,2204.4,3,3,23
9:41:14,2204.4,2204.4,2204.6,4,6,3
9:41:15,2204.4,2204.2,2204.4,1,10,2
9:41:15,2204.4,2204.2,2204.4,2,14,1
9:41:16,2204.2,2204.2,2204.6,7,11,2
9:41:16,2204.2,2204.2,2204.6,1,11,2
9:41:19,2204.4,2204.2,2204.4,2,5,11
9:41:20,2204.4,2204.2,2204.4,7,5,9
9:41:23,2204.2,2204.2,2204.4,4,5,10
9:41:24,2204.4,2204.2,2204.4,1,3,9
9:41:26,2204.4,2204.2,2204.4,1,4,9
9:41:27,2204.2,2204.2,2204.4,1,23,8
9:41:28,2204.2,2204.2,2204.4,5,19,8
9:41:29,2204.4,2204.4,2204.6,8,4,15
9:41:30,2204.4,2204.4,2204.6,2,2,25
9:41:30,2204.4,2204.2,2204.6,8,19,19
9:41:31,2204.6,2204.2,2204.6,18,25,8
9:41:32,2204.6,2204.4,2204.6,5,2,8
9:41:33,2204.6,2204.4,2204.6,3,3,6
9:41:34,2204.4,2204.4,2204.8,5,5,8
9:41:34,2204.8,2204.6,2204.8,1,2,19
9:41:35,2204.6,2204.6,2204.8,1,4,18
9:41:36,2204.8,2204.6,2204.8,2,5,16
9:41:37,2204.8,2204.8,2205,4,1,19
9:41:38,2205,2204.8,2205,10,1,21
9:41:38,2205,2204.6,2205,3,12,20
9:41:39,2204.8,2204.6,2204.8,5,6,8
9:41:40,2204.8,2204.6,2205,1,6,19
9:41:41,2204.6,2204.4,2204.6,8,5,1
9:41:41,2204.8,2204.6,2205,2,15,14
9:41:43,2205,2204.6,2205,2,16,18
9:41:44,2205,2204.6,2205,1,16,22
9:41:44,2205,2204.6,2205,1,16,22
9:41:46,2205,2204.6,2204.8,1,9,5
9:41:46,2204.8,2204.6,2204.8,4,10,2
9:41:47,2204.6,2204.6,2204.8,1,9,2
9:41:48,2204.6,2204.6,2204.8,2,7,3
9:41:49,2204.8,2204.6,2204.8,1,8,3
9:41:49,2204.8,2204.8,2205,3,16,77
9:41:50,2204.6,2204.6,2204.8,17,6,40
9:41:50,2204.6,2204.6,2204.8,5,2,22
9:41:51,2204.8,2204.6,2204.8,2,1,17
9:41:52,2204.8,2204.6,2204.8,1,2,6
9:41:53,2204.8,2204.6,2204.8,1,8,4
9:41:53,2204.8,2204.6,2204.8,8,2,3
9:41:54,2204.8,2204.6,2205,4,2,33
9:41:54,2204.8,2204.6,2204.8,1,1,16
9:41:56,2204.6,2204.4,2205,7,11,35
9:41:57,2204.8,2204.8,2205,1,1,35
9:41:57,2204.8,2204.6,2205,1,10,35
9:41:59,2204.8,2204.6,2204.8,2,1,5
9:42:00,2204.6,2204.4,2204.6,1,14,9
9:42:01,2204.8,2204.6,2205,10,12,29
9:42:03,2204.8,2204.6,2204.8,1,3,1
9:42:03,2204.8,2204.8,2205,1,2,32
9:42:04,2204.8,2204.6,2204.8,2,4,3
9:42:05,2204.8,2204.4,2204.8,21,1,19
9:42:05,2204.8,2204.8,2205,13,5,25
9:42:06,2204.8,2204.6,2204.8,1,13,2
9:42:06,2204.6,2204.6,2205,4,12,24
9:42:07,2204.8,2204.6,2205,3,15,24
9:42:10,2204.6,2204.4,2204.6,5,4,10
9:42:11,2204.6,2204.4,2204.6,1,9,1
9:42:11,2204.4,2204.4,2204.8,3,3,11
9:42:12,2204.4,2204.4,2204.6,2,2,9
9:42:13,2204.4,2204.2,2204.4,2,11,7
9:42:14,2204.2,2204.2,2204.4,1,10,7
9:42:14,2204.4,2204.2,2204.6,2,10,8
9:42:15,2204.2,2204.2,2204.4,5,5,22
9:42:15,2204,2204,2204.4,20,74,27
9:42:16,2204.4,2204,2204.4,2,74,26
9:42:17,2204,2204,2204.2,1,73,1
9:42:17,2204,2204,2204.2,2,71,1
9:42:18,2204,2204,2204.2,1,70,1
9:42:18,2204.2,2204.2,2204.4,1,18,6
9:42:19,2204.2,2204.2,2204.4,1,13,19
9:42:19,2204.2,2204.2,2204.4,2,11,19
9:42:20,2204.2,2204.2,2204.4,4,7,19
9:42:20,2204.4,2204.2,2204.4,3,5,5
9:42:21,2204,2204,2204.2,6,70,52
9:42:22,2204,2204,2204.2,3,70,12
9:42:23,2204.2,2204,2204.2,2,72,25
9:42:24,2204.2,2204,2204.2,1,72,24
9:42:25,2204,2204,2204.2,1,71,24
9:42:25,2204.2,2204,2204.2,46,27,60
9:42:26,2204,2204,2204.2,7,20,17
9:42:27,2204,2204,2204.2,2,21,16
9:42:27,2204.2,2204,2204.2,3,20,13
9:42:28,2204,2204,2204.2,11,9,15
9:42:28,2203.8,2203.8,2204.2,14,17,14
9:42:29,2204,2204,2204.2,1,10,7
9:42:30,2204.2,2203.8,2204.2,5,19,15
9:42:30,2203.8,2203.8,2204.2,2,18,14
9:42:32,2203.8,2204,2204.2,1,2,17
9:42:33,2203.8,2203.8,2204,6,14,1
9:42:33,2204.2,2204,2204.2,2,14,10
9:42:34,2204.2,2204,2204.2,2,13,10
9:42:34,2204.2,2204.2,2204.4,13,15,5
9:42:35,2204.2,2204,2204.4,1,19,5
9:42:36,2204,2204,2204.2,8,6,1
9:42:37,2204.2,2204,2204.2,11,5,1
9:42:37,2204,2204,2204.2,2,10,9
9:42:38,2204,2203.8,2204.2,15,8,3
9:42:38,2204,2203.8,2204,7,5,2
9:42:39,2204,2204,2204.2,1,1,6
9:42:40,2203.8,2203.8,2204,7,1,12
9:42:41,2204.2,2203.8,2204.2,1,7,11
9:42:41,2204.2,2203.8,2204,6,7,10
9:42:42,2204.2,2204.2,2204.4,26,78,19
9:42:42,2204.4,2204.2,2204.4,38,64,38
9:42:43,2204.4,2204.2,2204.6,8,69,14
9:42:44,2204.4,2204.2,2204.4,3,69,1
9:42:45,2204.4,2204.2,2204.4,2,69,2
9:42:45,2204.4,2204.2,2204.4,1,69,1
9:42:46,2204.2,2204.2,2204.4,3,60,29
9:42:47,2204.2,2204.2,2204.4,5,59,5
9:42:47,2204.2,2204.2,2204.4,2,57,30
9:42:48,2204.2,2204.2,2204.4,5,51,7
9:42:49,2204.4,2204.2,2204.4,3,51,4
9:42:49,2204.4,2204.2,2204.4,2,51,2
9:42:50,2204.2,2204.2,2204.4,11,40,2
9:42:50,2204.4,2204.2,2204.4,1,46,2
9:42:51,2204.2,2204.2,2204.4,9,38,2
9:42:53,2204.2,2204.2,2204.4,2,36,2
9:42:53,2204.2,2204.2,2204.4,1,29,4
9:42:54,2204.2,2204.2,2204.4,5,24,34
9:42:54,2204.2,2204.2,2204.4,23,3,4
9:42:55,2204.2,2204,2204.2,3,7,1
9:42:56,2204,2204,2204.2,2,6,2
9:42:57,2204,2203.8,2204,1,11,1
9:42:57,2203.8,2203.6,2203.8,11,28,13
9:42:58,2203.8,2203.6,2204,13,28,3
9:42:59,2203.6,2203.6,2203.8,3,25,1
9:42:59,2203.6,2203.6,2203.8,4,21,1
9:43:00,2204,2203.8,2204.2,5,2,24
9:43:00,2203.6,2203.6,2203.8,14,6,1
9:43:01,2203.6,2203.4,2203.6,12,7,2
9:43:01,2203.4,2203.4,2203.6,7,2,2
9:43:02,2203.4,2203.4,2203.6,1,1,3
9:43:02,2203.6,2203.4,2203.6,1,1,2
9:43:03,2203.4,2203.6,2203.8,6,2,2
9:43:03,2203.6,2204,2204.2,18,1,6
9:43:04,2204,2203.6,2203.8,2,2,1
9:43:04,2203.4,2203.8,2204,5,1,8
9:43:05,2203.4,2203.2,2203.4,5,15,5
9:43:05,2203.4,2203.4,2203.6,7,19,11
9:43:06,2203.4,2203.4,2203.6,12,25,2
9:43:06,2203.6,2203.6,2203.8,3,4,7
9:43:07,2203.6,2203.6,2203.8,4,1,4
9:43:09,2203.4,2203.4,2203.6,14,16,4
9:43:10,2203.4,2203.4,2203.6,13,3,4
9:43:11,2203.6,2203.4,2203.6,5,1,4
9:43:11,2203.8,2203.6,2203.8,5,19,6
9:43:12,2203.6,2203.6,2203.8,2,10,6
9:43:13,2203.6,2203.4,2203.8,3,10,11
9:43:13,2203.8,2203.8,2204,11,8,15
9:43:14,2203.8,2203.8,2204,4,4,7
9:43:15,2204,2203.8,2204.2,8,11,2
9:43:16,2203.8,2203.8,2204.2,1,13,2
9:43:17,2204.2,2204,2204.4,2,1,13
9:43:18,2204.2,2204,2204.4,1,2,39
9:43:19,2204.4,2204.2,2204.4,4,1,32
9:43:20,2204.2,2204.2,2204.4,1,2,32
9:43:20,2204.4,2204.2,2204.4,2,1,31
9:43:21,2204.2,2204.2,2204.4,3,1,32
9:43:22,2204,2204,2204.2,3,1,49
9:43:22,2204,2203.8,2204,1,10,2
9:43:23,2203.8,2203.8,2204,4,3,2
9:43:24,2203.8,2203.8,2204,1,2,1
9:43:24,2204,2203.8,2204.2,3,2,3
9:43:26,2204.2,2204,2204.2,3,12,1
9:43:27,2204.2,2204.2,2204.4,1,3,1
9:43:27,2204.2,2204.2,2204.4,1,1,1
