9:14:00,2350,2350,2350.6,172,94,15
9:15:00,2350.6,2350.6,2351.4,129,34,5
9:15:01,2350.6,2351,2351.4,211,7,41
9:15:01,2350.4,2350.4,2351,71,13,33
9:15:02,2350.2,2350.2,2350.4,63,4,32
9:15:02,2350,2349.6,2350,61,3,35
9:15:03,2349.6,2349.2,2349.6,21,28,39
9:15:03,2349.2,2349.2,2349.4,91,3,7
9:15:04,2349,2349,2349.2,21,41,44
9:15:04,2349,2348.8,2349,72,4,12
9:15:05,2348.8,2348.6,2348.8,30,26,15
9:15:05,2348.8,2348.8,2349,74,7,29
9:15:06,2349,2349,2349.2,74,17,20
9:15:06,2349,2349,2349.2,44,3,6
9:15:07,2349,2349,2349.6,39,4,7
9:15:07,2349.6,2349.6,2349.8,36,2,13
9:15:08,2349,2349,2349.6,11,24,1
9:15:08,2349.6,2349.2,2349.6,35,19,4
9:15:09,2349.6,2349.6,2349.8,15,2,7
9:15:09,2349.6,2349.8,2350,44,1,27
9:15:10,2349.6,2349.6,2349.8,50,6,2
9:15:10,2351,2350,2351,119,19,23
9:15:11,2350.4,2350.4,2351.4,12,11,31
9:15:11,2350.8,2350.8,2351.6,62,8,5
9:15:12,2351.4,2351.6,2351.8,65,4,21
9:15:12,2352,2351.6,2352,35,19,17
9:15:13,2352,2352,2352.2,24,12,2
9:15:13,2352.6,2352.4,2352.6,74,5,7
9:15:14,2352.4,2352.2,2352.4,56,30,31
9:15:14,2352.2,2352.2,2352.4,54,16,36
9:15:15,2352.2,2351.8,2352.2,85,10,8
9:15:15,2351.8,2351.6,2351.8,18,19,32
9:15:16,2351.8,2351.8,2352,43,6,5
9:15:16,2352.2,2351.8,2352.2,43,14,26
9:15:17,2351.8,2351.4,2351.8,33,2,29
9:15:17,2351.8,2351.4,2351.6,33,2,1
9:15:18,2351.6,2351.6,2351.8,33,2,1
9:15:18,2352,2351.6,2352,7,6,15
9:15:19,2351.6,2350.6,2351.4,42,8,6
9:15:19,2351.2,2351,2351.2,13,1,20
9:15:20,2351,2351,2351.2,30,1,4
9:15:20,2350.8,2350.8,2351,27,29,1
9:15:21,2351.6,2351,2351.6,11,14,44
9:15:21,2351.6,2351.4,2351.6,11,1,41
9:15:22,2351.2,2351.2,2351.6,12,2,39
9:15:22,2351,2351.2,2351.4,7,3,4
9:15:23,2351.2,2351,2351.2,7,27,3
9:15:23,2351.8,2351,2351.8,116,25,9
9:15:24,2351.6,2351.2,2351.4,6,28,3
9:15:24,2351.8,2351.6,2351.8,14,15,10
9:15:25,2351.8,2351.8,2352,15,1,3
9:15:25,2352,2351.8,2352,20,3,10
9:15:26,2351.8,2352,2352.2,24,1,26
9:15:26,2351.8,2351.6,2351.8,6,20,1
9:15:27,2352.2,2351.8,2352,11,13,2
9:15:27,2352,2351.8,2352,6,14,7
9:15:28,2352,2351.8,2352,18,8,1
9:15:28,2352,2352,2352.2,6,4,20
9:15:29,2352,2351.8,2352,16,5,7
9:15:29,2351.8,2351.8,2352,21,1,3
9:15:30,2352,2352,2352.2,13,4,11
9:15:30,2352,2351.8,2352,19,4,2
9:15:31,2352,2351.6,2351.8,22,25,1
9:15:31,2351.8,2351.6,2351.8,11,17,1
9:15:32,2351.8,2351.8,2352,5,40,6
9:15:32,2352,2351.8,2352,26,23,4
9:15:33,2352,2352,2352.4,63,121,11
9:15:33,2352.4,2352.2,2352.6,80,61,18
9:15:34,2352.6,2352.6,2352.8,44,5,22
9:15:34,2352.8,2352.6,2352.8,41,99,16
9:15:35,2353,2352.8,2353,28,1,56
9:15:35,2352.8,2352.6,2352.8,12,90,16
9:15:36,2353,2352.8,2353,49,11,46
9:15:36,2352.6,2352.6,2352.8,42,76,26
9:15:37,2352.6,2352.6,2352.8,86,16,10
9:15:37,2352.8,2352.4,2352.6,51,12,5
9:15:38,2352.8,2352.6,2352.8,16,5,37
9:15:38,2352.8,2352.4,2352.8,24,2,23
9:15:39,2352.6,2352.4,2352.8,11,7,24
9:15:39,2352.4,2352.2,2352.4,25,9,5
9:15:40,2352.4,2352.4,2352.8,14,1,25
9:15:40,2352.4,2352.2,2352.4,17,10,11
9:15:41,2352.4,2352.2,2352.4,13,3,16
9:15:41,2352.4,2352.4,2352.6,23,7,1
9:15:42,2352.8,2352.4,2352.8,12,1,25
9:15:42,2352.2,2352.2,2352.4,4,3,3
9:15:43,2352.4,2352.4,2352.8,11,2,23
9:15:43,2352.4,2352.2,2352.4,26,1,6
9:15:44,2352.4,2352.4,2352.6,10,4,1
9:15:44,2352.4,2352,2352.4,19,51,3
9:15:45,2352.6,2352.4,2352.6,6,6,19
9:15:45,2352.6,2352.6,2352.8,22,13,25
9:15:46,2352.6,2352.4,2352.6,19,7,3
9:15:46,2352.6,2352.6,2352.8,8,11,25
9:15:47,2352.6,2352.4,2352.6,18,7,1
9:15:47,2352.6,2352.4,2352.6,12,9,18
9:15:48,2352.4,2352.4,2352.6,14,3,16
9:15:48,2352.6,2352.4,2352.6,6,1,23
9:15:49,2352.4,2352.2,2352.4,20,3,1
9:15:49,2352.4,2352.2,2352.4,1,6,5
9:15:50,2352.4,2352,2352.2,14,75,1
9:15:50,2352.6,2352.4,2352.6,6,1,14
9:15:51,2352.6,2352.6,2352.8,28,6,34
9:15:51,2352.8,2352.4,2352.8,45,33,7
9:15:52,2352.4,2352.4,2352.8,15,33,2
9:15:52,2352.6,2352.8,2353,15,1,104
9:15:53,2352.4,2352.8,2353,35,2,110
9:15:53,2352.6,2352.6,2352.8,11,4,6
9:15:54,2352.8,2352.6,2352.8,12,2,9
9:15:54,2352.4,2352.4,2352.8,15,14,52
9:15:55,2352.6,2352.4,2352.6,12,15,22
9:15:55,2352.4,2352.2,2352.4,20,3,19
9:15:56,2352.4,2352,2352.4,15,91,11
9:15:56,2352.4,2352.2,2352.4,15,2,10
9:15:57,2352.4,2352.2,2352.4,12,1,1
9:15:57,2352.2,2352,2352.2,12,90,37
9:15:58,2352.2,2352,2352.2,9,91,29
9:15:58,2352,2352,2352.2,34,60,24
9:15:59,2352,2352,2352.4,30,67,6
9:15:59,2352.2,2352.2,2352.4,5,31,20
9:16:00,2352.2,2352.2,2352.4,18,18,19
9:16:00,2352.2,2352,2352.2,32,64,3
9:16:01,2352,2352,2352.2,31,60,13
9:16:01,2352,2352,2352.2,34,36,22
9:16:02,2352,2351.8,2352,45,46,15
9:16:02,2351.8,2351.8,2352,20,33,10
9:16:03,2352,2351.8,2352,15,23,7
9:16:03,2351.8,2351.8,2352,19,16,2
9:16:04,2351.8,2351.6,2351.8,22,24,1
9:16:04,2351.6,2351.4,2351.6,56,14,4
9:16:05,2351.4,2351.4,2351.6,2,13,3
9:16:05,2352,2351.4,2352,18,11,13
9:16:06,2351.4,2351.4,2351.8,12,6,1
9:16:06,2351.6,2351.6,2351.8,31,2,5
9:16:07,2351.8,2351.8,2352,13,10,13
9:16:07,2351.8,2351.8,2352,14,1,13
9:16:08,2351.6,2351.6,2352.2,31,12,8
9:16:08,2352,2352,2352.2,4,5,7
9:16:09,2352,2351.8,2352,5,34,2
9:16:09,2352,2352,2352.2,35,4,9
9:16:10,2352.2,2352.2,2352.4,15,4,43
9:16:10,2352.2,2352.2,2352.4,2,15,43
9:16:11,2352,2351.8,2352,19,22,12
9:16:11,2352,2351.8,2352,11,21,2
9:16:12,2352,2352,2352.4,2,3,44
9:16:12,2352.4,2352,2352.2,4,1,1
9:16:13,2352.2,2352.2,2352.4,3,3,41
9:16:13,2352.2,2352.2,2352.4,8,2,41
9:16:14,2352.4,2352.2,2352.4,10,2,32
9:16:14,2352.4,2352.2,2352.4,11,2,21
9:16:15,2352.4,2352.4,2352.6,22,5,18
9:16:15,2352.6,2352.4,2352.6,15,9,15
9:16:16,2352.6,2352.4,2352.6,17,10,3
9:16:16,2352.8,2352.6,2352.8,6,30,63
9:16:17,2352.6,2352.6,2352.8,27,6,59
9:16:17,2352.8,2352.4,2352.8,15,24,51
9:16:18,2352.4,2352.4,2352.6,8,48,5
9:16:18,2352.6,2352.4,2352.6,7,47,5
9:16:19,2352.8,2352.4,2352.8,8,47,48
9:16:19,2352.8,2352.4,2352.6,8,47,2
9:16:20,2352.6,2352.4,2352.6,25,30,2
9:16:20,2352.6,2352.4,2352.6,11,27,5
9:16:21,2352.4,2352.4,2352.6,12,20,17
9:16:21,2352.4,2352.2,2352.4,28,10,7
9:16:22,2352.6,2352.2,2352.6,22,10,7
9:16:22,2352.4,2352.2,2352.4,2,22,1
9:16:23,2352,2352.4,2352.6,36,1,10
9:16:23,2352.6,2352.4,2352.6,2,3,9
9:16:24,2352.6,2352.4,2352.6,2,18,11
9:16:24,2352.4,2352.4,2352.6,8,17,3
9:16:25,2352.6,2352.6,2352.8,7,22,57
9:16:25,2352.8,2352.6,2352.8,5,19,55
9:16:26,2352.8,2352.6,2352.8,3,17,55
9:16:26,2352.6,2352.4,2352.6,26,18,5
9:16:27,2352.6,2352.4,2352.6,7,17,34
9:16:27,2352.4,2352.4,2352.6,32,5,17
9:16:28,2352.4,2352.2,2352.4,9,30,1
9:16:28,2352.6,2352.6,2352.8,24,26,57
9:16:29,2352.6,2352.6,2352.8,19,15,53
9:16:29,2352.6,2352.6,2352.8,27,10,34
9:16:30,2352.8,2352.6,2352.8,11,15,27
9:16:30,2352.8,2352.6,2352.8,16,18,23
9:16:31,2353,2352.8,2353,30,57,125
9:16:31,2353,2352.8,2353,8,56,122
9:16:32,2353,2352.8,2353,39,57,85
9:16:32,2353,2352.8,2353,70,56,16
9:16:33,2353,2353,2353.2,25,24,16
9:16:33,2353,2353,2353.2,28,16,30
9:16:34,2353,2353,2353.2,39,5,27
9:16:34,2353,2352.8,2353,19,55,8
9:16:35,2352.8,2352.8,2353,23,53,3
9:16:35,2353,2353,2353.2,19,2,27
9:16:36,2353.2,2352.8,2353,16,50,1
9:16:36,2353,2352.8,2353,18,48,21
9:16:37,2352.8,2352.8,2353.2,26,45,16
9:16:37,2353,2353,2353.2,4,3,16
9:16:38,2353,2353,2353.2,3,2,26
9:16:38,2353.2,2353,2353.2,5,3,22
9:16:39,2353,2352.8,2353,13,53,12
9:16:39,2353,2352.8,2353.2,24,48,20
9:16:40,2353,2352.8,2353,3,50,2
9:16:40,2352.8,2352.8,2353.2,17,48,21
9:16:41,2353.4,2353.2,2353.4,26,34,92
9:16:41,2353.2,2353.2,2353.4,7,29,91
9:16:42,2353.4,2353.2,2353.4,17,20,87
9:16:42,2353.2,2353.2,2353.4,28,5,78
9:16:43,2353.2,2353,2353.2,40,34,2
9:16:43,2353.2,2353,2353.2,19,38,10
9:16:44,2353.2,2353.2,2353.4,19,16,46
9:16:44,2353.2,2353.2,2353.4,14,4,51
9:16:45,2353.2,2353,2353.4,46,28,19
9:16:45,2353.2,2353,2353.2,3,28,1
9:16:46,2353.4,2353.2,2353.4,14,6,12
9:16:46,2353.2,2353.2,2353.4,19,1,9
9:16:47,2353.4,2353.4,2353.6,11,32,28
9:16:47,2353.4,2353.4,2353.6,11,25,28
9:16:48,2353.6,2353.4,2353.6,12,20,23
9:16:48,2353.6,2353.4,2353.6,4,22,20
9:16:49,2353.6,2353.6,2353.8,26,12,39
9:16:49,2353.8,2353.6,2353.8,16,7,40
9:16:50,2353.4,2353.4,2353.6,21,16,2
9:16:50,2353.2,2353,2353.2,43,45,143
9:16:51,2353.2,2353,2353.2,106,10,75
9:16:51,2353,2352.8,2353,15,54,50
9:16:52,2352.8,2352.8,2353,24,51,35
9:16:52,2352.8,2352.8,2353,48,15,24
9:16:53,2353,2353,2353.2,53,5,95
9:16:53,2353,2352.6,2352.8,10,24,1
9:16:54,2352.8,2353,2353.2,4,5,96
9:16:54,2353,2352.8,2353,7,9,45
9:16:55,2353,2352.8,2353,12,11,43
9:16:55,2353,2352.8,2353,16,4,40
9:16:56,2352.8,2352.6,2353,4,30,41
9:16:56,2352.6,2352.6,2352.8,29,2,1
9:16:57,2352.8,2352.8,2353,12,5,42
9:16:57,2353,2352.4,2353,41,38,20
9:16:58,2352.4,2352.4,2352.8,25,17,1
9:16:58,2352.6,2352.6,2352.8,11,4,2
9:16:59,2352.8,2352.6,2352.8,2,3,24
9:16:59,2352.6,2352.4,2352.6,15,12,5
9:17:00,2352.8,2352.4,2352.8,16,17,9
9:17:00,2352.8,2352.4,2352.8,8,14,7
9:17:01,2352.8,2352.4,2352.8,18,1,13
9:17:01,2352.6,2352.2,2352.6,40,42,5
9:17:02,2352.6,2352.6,2353,21,1,19
9:17:02,2352.4,2352.4,2352.8,10,8,2
9:17:03,2352.4,2352.4,2352.6,1,7,7
9:17:03,2352.4,2352.4,2352.6,28,10,1
9:17:04,2352.4,2352.6,2352.8,5,1,6
9:17:04,2352.4,2352.4,2352.6,5,6,2
9:17:05,2352.6,2352.8,2353,19,1,25
9:17:05,2352.6,2352.4,2352.8,7,4,9
9:17:06,2352.2,2352.2,2352.4,13,59,1
9:17:06,2352.2,2352.4,2352.8,14,1,11
9:17:07,2352.8,2352.4,2352.8,6,7,10
9:17:07,2352.4,2352.4,2353,20,6,29
9:17:08,2352.2,2352.2,2352.6,15,51,2
9:17:08,2352.6,2352.4,2352.8,5,5,3
9:17:09,2353,2352.6,2353,6,1,30
9:17:09,2352.6,2352.4,2352.6,38,2,1
9:17:10,2352.6,2352.6,2352.8,1,2,4
9:17:10,2352.6,2352.6,2352.8,4,5,3
9:17:11,2352.6,2352.6,2352.8,5,4,1
9:17:11,2352.6,2352.6,2352.8,2,2,2
9:17:12,2352.8,2352.4,2352.8,5,12,2
9:17:12,2352.6,2352.6,2352.8,3,2,8
9:17:13,2352.8,2352.4,2352.8,10,12,14
9:17:13,2352.8,2352.4,2352.6,1,12,12
9:17:14,2352.6,2352.4,2352.6,1,13,12
9:17:14,2352.8,2352.8,2353,26,13,37
9:17:15,2352.8,2352.8,2353,10,3,37
9:17:16,2352.8,2352.6,2353,9,61,36
9:17:16,2352.8,2352.8,2353,7,2,45
9:17:17,2353,2352.8,2353,13,5,40
9:17:17,2352.8,2352.6,2352.8,6,60,1
9:17:18,2352.6,2352.6,2352.8,34,28,13
9:17:18,2352.6,2352.6,2352.8,2,27,14
9:17:19,2352.6,2352.6,2352.8,16,13,20
9:17:19,2352.8,2352.6,2352.8,15,12,19
9:17:20,2352.8,2352.6,2352.8,11,14,9
9:17:20,2352.6,2352.6,2353,14,10,65
9:17:21,2353,2352.6,2353,19,7,56
9:17:21,2353,2352.8,2353,4,4,52
9:17:22,2353,2352.8,2353,4,5,48
9:17:22,2353,2352.8,2353,3,9,73
9:17:23,2353,2352.8,2353,11,10,62
9:17:23,2352.8,2352.8,2353,8,9,60
9:17:24,2352.8,2352.6,2352.8,11,15,16
9:17:24,2352.6,2352.6,2352.8,2,12,16
9:17:25,2352.8,2352.6,2352.8,4,12,13
9:17:25,2352.8,2352.6,2352.8,6,15,48
9:17:26,2352.6,2352.6,2352.8,9,8,48
9:17:26,2352.6,2352.6,2352.8,5,3,48
9:17:27,2352.6,2352.6,2352.8,5,1,47
9:17:27,2352.6,2352.6,2352.8,13,17,40
9:17:28,2352.6,2352.6,2352.8,5,13,40
9:17:28,2352.8,2352.6,2352.8,4,16,39
9:17:29,2352.8,2352.6,2352.8,7,14,39
9:17:29,2352.6,2352.6,2352.8,3,13,38
9:17:30,2352.8,2352.6,2352.8,2,11,36
9:17:30,2352.6,2352.8,2353,47,1,62
9:17:31,2352.8,2352.6,2352.8,2,4,35
9:17:31,2352.6,2352.6,2352.8,1,17,38
9:17:32,2352.8,2352.6,2352.8,5,16,35
9:17:32,2352.8,2352.6,2352.8,4,15,33
9:17:33,2352.8,2352.8,2353,40,2,65
9:17:34,2352.8,2352.8,2353,1,1,70
9:17:34,2352.8,2352.6,2352.8,8,16,5
9:17:35,2352.8,2352.6,2352.8,1,24,4
9:17:35,2352.8,2352.6,2352.8,10,25,1
9:17:36,2352.8,2352.6,2353,5,21,79
9:17:36,2353,2352.8,2353,5,1,78
9:17:37,2352.8,2352.6,2352.8,3,18,1
9:17:37,2352.6,2352.6,2353,2,17,77
9:17:38,2353,2352.8,2353,3,1,76
9:17:39,2353,2352.8,2353,3,3,74
9:17:39,2352.8,2352.8,2353,3,1,74
9:17:40,2353,2352.8,2353,37,3,38
9:17:40,2352.8,2352.6,2352.8,25,31,1
9:17:41,2352.6,2352.6,2352.8,17,33,23
9:17:41,2352.6,2352.6,2352.8,17,34,11
9:17:42,2352.8,2352.6,2352.8,5,32,10
9:17:42,2353,2352.6,2353,23,31,17
9:17:43,2352.8,2352.8,2353,2,6,17
9:17:43,2353,2352.8,2353,11,3,12
9:17:44,2353,2352.8,2353,11,2,5
9:17:44,2353,2352.8,2353.2,7,1,88
9:17:45,2352.8,2352.6,2353.2,4,32,85
9:17:45,2353.2,2352.6,2352.8,5,35,1
9:17:46,2353.2,2352.8,2353.2,44,1,44
9:17:46,2353.2,2352.6,2353.2,26,29,27
9:17:47,2353.2,2352.8,2353,2,3,20
9:17:47,2353,2352.8,2353,7,10,14
9:17:48,2353,2353,2353.2,16,12,25
9:17:48,2353,2353,2353.2,13,1,27
9:17:49,2353,2352.8,2353,3,11,7
9:17:49,2353,2353,2353.2,16,2,27
9:17:50,2353,2353,2353.2,2,4,27
9:17:50,2353.2,2353.2,2353.4,27,9,31
9:17:51,2353,2352.8,2353,24,15,19
9:17:51,2353,2353,2353.2,23,10,2
9:17:52,2353,2353,2353.4,17,31,25
9:17:52,2353,2352.8,2353,33,14,2
9:17:53,2353.4,2353,2353.4,5,2,23
9:17:53,2353.4,2353.2,2353.4,1,1,23
9:17:54,2353.4,2352.8,2353.4,17,14,11
9:17:54,2353,2352.8,2353.4,5,16,10
9:17:55,2352.8,2352.8,2353,2,16,6
9:17:55,2353,2353.2,2353.4,6,7,13
9:17:56,2353.4,2353.2,2353.4,3,7,13
9:17:56,2353.2,2353.2,2353.4,8,1,14
9:17:57,2353.4,2353.4,2353.6,17,7,63
9:17:57,2353.4,2353,2353.2,9,42,2
9:17:58,2353.2,2353,2353.2,6,69,2
9:17:58,2353.4,2353.2,2353.6,9,15,66
9:17:59,2353.2,2353.2,2353.4,13,22,2
9:17:59,2353.4,2353.2,2353.6,11,16,69
9:18:00,2353.2,2353.4,2353.6,5,1,68
9:18:00,2353.4,2353.2,2353.4,44,1,2
9:18:01,2353.2,2353.2,2353.4,25,3,16
9:18:01,2353.2,2353.2,2353.4,4,4,29
9:18:02,2353.2,2353.2,2353.6,40,1,62
9:18:02,2353.2,2353.2,2353.6,7,3,58
9:18:03,2353.2,2353.2,2353.4,15,17,2
9:18:03,2353.2,2353.2,2353.4,2,15,8
9:18:04,2353.4,2353.2,2353.4,4,4,7
9:18:04,2353.4,2353.4,2353.6,21,5,52
9:18:05,2353.4,2353.4,2353.6,2,6,52
9:18:05,2353.4,2353.4,2353.6,6,1,50
9:18:06,2353.2,2353,2353.4,7,64,10
9:18:06,2353.4,2353,2353.4,4,64,8
9:18:07,2353.4,2353.2,2353.4,4,3,6
9:18:07,2353.2,2353,2353.2,4,63,2
9:18:08,2353,2353,2353.2,5,61,2
9:18:08,2353,2353,2353.2,6,56,1
9:18:09,2353.2,2353,2353.2,3,56,1
9:18:09,2353.2,2353.2,2353.4,2,1,38
9:18:10,2353.2,2353,2353.2,1,59,1
9:18:10,2353,2353,2353.2,4,56,5
9:18:11,2353.2,2353,2353.2,2,57,48
9:18:11,2353,2353,2353.2,50,7,50
9:18:12,2352.8,2352.8,2353,34,6,74
9:18:12,2353,2352.6,2353,58,46,60
9:18:13,2352.6,2352.4,2352.6,85,37,1
9:18:13,2353,2352.8,2353,12,1,26
9:18:14,2352.6,2352.8,2353,22,2,29
9:18:14,2352.8,2352.6,2353,9,11,14
9:18:15,2352.6,2352.4,2352.6,18,37,4
9:18:15,2352.8,2352.4,2352.8,7,36,11
9:18:16,2352.6,2352.6,2352.8,6,14,11
9:18:16,2352.6,2352.6,2352.8,9,9,11
9:18:17,2352.8,2352.6,2352.8,2,31,10
9:18:17,2352.8,2352.6,2352.8,16,17,10
9:18:18,2352.8,2352.6,2352.8,10,11,9
9:18:18,2352.6,2352.4,2352.6,13,36,37
9:18:19,2352.6,2352.4,2352.6,5,37,39
9:18:19,2352.4,2352.4,2352.6,5,36,38
9:18:20,2352.4,2352.4,2352.6,21,16,38
9:18:20,2352.6,2352.4,2352.6,13,13,34
9:18:21,2352.4,2352.4,2352.6,13,6,29
9:18:21,2352.6,2352.4,2352.6,10,4,21
9:18:22,2352.4,2352.2,2352.4,4,61,5
9:18:22,2352.2,2352.2,2352.4,7,54,6
9:18:23,2352.2,2352.2,2352.4,2,52,14
9:18:23,2352.2,2352.2,2352.4,7,46,20
9:18:24,2352.2,2352,2352.2,53,78,24
9:18:24,2352,2352,2352.2,15,77,14
9:18:25,2352.2,2352,2352.2,14,70,18
9:18:25,2352,2352,2352.2,40,31,18
9:18:26,2352,2352,2352.2,12,23,16
9:18:26,2352.2,2352,2352.2,14,15,12
9:18:27,2352,2352,2352.2,13,5,11
9:18:27,2352,2351.8,2352,6,13,16
9:18:28,2352,2351.8,2352,7,13,21
9:18:28,2351.8,2351.6,2351.8,18,54,26
9:18:29,2351.8,2351.6,2351.8,6,53,24
9:18:29,2351.8,2351.6,2351.8,8,56,17
9:18:30,2351.6,2351.6,2351.8,20,50,5
9:18:30,2351.8,2351.8,2352,11,65,44
9:18:31,2352,2351.8,2352,23,67,38
9:18:31,2352,2351.8,2352,22,64,21
9:18:32,2352,2351.8,2352,22,66,2
9:18:32,2352,2351.8,2352.2,7,86,14
9:18:33,2352,2352,2352.2,17,5,8
9:18:33,2352,2352,2352.4,25,3,18
9:18:34,2352,2352,2352.2,12,20,6
9:18:34,2352,2352,2352.2,6,40,6
9:18:35,2352.2,2352,2352.2,4,42,10
9:18:35,2352,2352,2352.2,13,33,7
9:18:36,2352.4,2352.2,2352.4,12,16,13
9:18:36,2352.2,2352.2,2352.4,3,14,15
9:18:37,2352.2,2352.2,2352.4,5,16,15
9:18:37,2352.2,2352.2,2352.4,3,14,17
9:18:38,2352.2,2352.2,2352.4,1,13,18
9:18:38,2352.4,2352.2,2352.4,8,6,18
9:18:39,2352.4,2352.2,2352.4,1,7,18
9:18:39,2352.4,2352.2,2352.4,1,7,17
9:18:40,2352.2,2352,2352.2,10,37,3
9:18:40,2352,2352,2352.2,1,36,90
9:18:41,2352,2352,2352.2,24,14,88
9:18:41,2352,2351.8,2352,17,45,6
9:18:42,2351.8,2351.8,2352,8,37,6
9:18:42,2352,2352,2352.2,12,12,90
9:18:43,2352,2352,2352.2,3,12,93
9:18:43,2352,2351.8,2352,19,38,19
9:18:44,2352,2351.8,2352,1,41,23
9:18:44,2352,2351.8,2352,1,42,24
9:18:45,2351.8,2352,2352.2,30,1,95
9:18:45,2352,2352,2352.2,1,8,95
9:18:46,2352,2352,2352.2,5,8,95
9:18:46,2352.2,2352,2352.2,4,19,95
9:18:47,2352.2,2352.2,2352.4,103,5,12
9:18:47,2352.2,2352.2,2352.4,6,3,8
9:18:48,2352.2,2352.2,2352.4,1,6,8
9:18:48,2352.4,2352.2,2352.4,2,5,7
9:18:49,2352.4,2352.2,2352.4,4,4,5
9:18:49,2352.2,2352,2352.2,7,18,2
9:18:50,2352.2,2352.2,2352.4,2,2,4
9:18:51,2352.2,2352,2352.2,9,18,1
9:18:51,2352.2,2352,2352.2,9,21,2
9:18:52,2352.2,2352,2352.2,1,22,1
9:18:52,2352.2,2352,2352.2,4,22,3
9:18:53,2352.2,2352,2352.2,2,16,2
9:18:53,2352.2,2352,2352.4,2,22,13
9:18:54,2352.2,2352,2352.4,2,22,13
9:18:54,2352,2352,2352.4,1,22,13
9:18:55,2352.4,2352,2352.2,11,23,1
9:18:55,2352.4,2352,2352.4,1,23,3
9:18:56,2352.4,2352,2352.4,3,22,1
9:18:56,2352.2,2352,2352.4,6,18,16
9:18:57,2352,2352,2352.4,5,14,24
9:18:58,2352.2,2352,2352.4,1,14,24
9:18:58,2352,2352,2352.2,1,14,1
9:18:59,2352.4,2352,2352.4,35,6,12
9:18:59,2352.4,2352,2352.4,3,7,11
9:19:00,2352.2,2352.2,2352.4,1,19,12
9:19:00,2352,2351.8,2352,33,49,3
9:19:01,2351.8,2351.8,2352.4,4,49,12
9:19:01,2351.8,2351.8,2352.4,21,41,3
9:19:02,2352,2352,2352.2,6,10,1
9:19:02,2352,2351.8,2352,20,41,20
9:19:03,2352,2351.8,2352,9,38,19
9:19:03,2351.8,2351.8,2352,5,35,22
9:19:04,2351.8,2351.8,2352,1,35,22
9:19:05,2352,2351.8,2352,22,35,4
9:19:06,2351.8,2351.8,2352.2,7,43,1
9:19:06,2352.2,2351.8,2352.4,7,43,7
9:19:07,2352,2352,2352.4,7,4,6
9:19:07,2352,2352,2352.4,1,27,6
9:19:08,2352,2352,2352.4,14,15,7
9:19:08,2352,2352.2,2352.4,1,1,8
9:19:09,2352.2,2352,2352.4,3,24,6
9:19:09,2352,2352,2352.4,11,12,5
9:19:10,2352,2352,2352.4,7,13,7
9:19:10,2352,2352,2352.2,10,3,1
9:19:11,2352.4,2352.4,2352.6,22,3,29
9:19:11,2352.6,2352.4,2352.6,4,4,26
9:19:12,2352,2351.8,2352.2,7,45,1
9:19:12,2352.2,2351.8,2352.4,1,45,7
9:19:13,2352.2,2352,2352.2,2,18,1
9:19:14,2352.4,2352.2,2352.4,3,3,11
9:19:14,2352.4,2352.2,2352.4,2,5,8
9:19:15,2352.2,2352,2352.2,7,25,2
9:19:16,2352.2,2352,2352.2,3,51,4
9:19:16,2352.2,2352,2352.2,3,54,1
9:19:17,2352.2,2352.2,2352.4,3,1,10
9:19:17,2352.2,2352.2,2352.4,3,3,10
9:19:18,2352.4,2352.2,2352.4,6,10,7
9:19:18,2352.2,2352.2,2352.4,7,7,7
9:19:20,2352.2,2352,2352.2,13,69,2
9:19:21,2352,2352,2352.2,8,66,16
9:19:22,2352,2352,2352.2,16,50,17
9:19:22,2352,2352,2352.2,5,47,20
9:19:23,2352.2,2352,2352.2,3,46,19
9:19:23,2352.2,2352,2352.2,12,37,17
9:19:24,2352,2352,2352.2,3,34,17
9:19:25,2352.2,2352,2352.2,6,35,15
9:19:25,2352.2,2352,2352.2,1,35,14
9:19:26,2352.2,2352,2352.2,1,36,14
9:19:26,2352.2,2352,2352.2,1,39,14
9:19:27,2352.2,2352,2352.2,6,38,10
9:19:27,2352.2,2352,2352.2,9,39,11
9:19:28,2352,2352,2352.2,4,39,8
9:19:29,2352.2,2352,2352.2,7,39,3
9:19:29,2352,2352,2352.2,6,33,3
9:19:30,2352.2,2352,2352.2,1,35,5
9:19:31,2352.2,2352,2352.4,6,55,10
9:19:31,2352,2352,2352.4,6,49,10
9:19:32,2352,2352.2,2352.4,8,2,10
9:19:33,2352.2,2352.2,2352.4,1,2,10
9:19:33,2352.4,2352.2,2352.4,1,2,9
9:19:34,2352.2,2352,2352.2,2,50,14
9:19:34,2352,2352,2352.2,4,49,13
9:19:35,2352,2352,2352.2,20,30,13
9:19:35,2352.2,2352,2352.2,1,30,14
9:19:36,2352.2,2352,2352.2,2,30,12
9:19:38,2352.2,2352,2352.2,22,10,30
9:19:38,2352,2352,2352.2,11,2,28
9:19:39,2352,2351.8,2352,2,46,6
9:19:40,2352,2351.8,2352,4,44,2
9:19:41,2351.8,2351.8,2352,8,41,5
9:19:42,2351.8,2351.8,2352.2,13,40,29
9:19:42,2351.8,2351.8,2352,10,32,9
9:19:43,2352,2351.8,2352,3,30,8
9:19:43,2351.8,2351.8,2352,22,9,13
9:19:44,2351.8,2351.8,2352,8,2,12
9:19:44,2352,2351.8,2352,1,5,14
9:19:45,2351.8,2351.8,2352,3,2,15
9:19:46,2352,2351.8,2352,2,2,13
9:19:46,2352,2351.8,2352,3,3,10
9:19:47,2352,2351.8,2352,2,4,9
9:19:48,2352,2351.6,2352,14,110,4
9:19:48,2351.6,2351.6,2351.8,10,103,1
9:19:49,2351.8,2351.6,2351.8,5,100,5
9:19:49,2351.8,2351.8,2352,11,6,10
9:19:50,2351.6,2351.6,2351.8,17,85,3
9:19:50,2351.8,2351.8,2352,3,4,13
9:19:51,2351.8,2351.6,2351.8,7,85,9
9:19:51,2351.6,2351.6,2352,21,81,17
9:19:52,2351.8,2351.6,2352,2,78,18
9:19:52,2352,2351.6,2352,9,74,13
9:19:53,2351.6,2351.6,2352,4,71,13
9:19:53,2352,2351.8,2352,2,1,12
9:19:54,2351.8,2351.8,2352,2,1,11
9:19:54,2351.6,2351.6,2351.8,4,68,2
9:19:55,2351.8,2351.8,2352,10,1,13
9:19:55,2352,2351.8,2352,3,2,11
9:19:56,2351.8,2351.8,2352,6,1,9
9:19:56,2352,2351.6,2351.8,2,69,2
9:19:57,2352,2351.6,2351.8,1,69,15
9:19:57,2351.8,2351.6,2351.8,1,69,15
9:19:58,2351.8,2351.6,2351.8,17,55,14
9:19:58,2351.6,2351.6,2352.2,78,24,35
9:19:59,2351.8,2351.6,2351.8,12,19,11
9:19:59,2351.6,2351.4,2351.6,24,71,2
9:20:00,2351.8,2351.6,2351.8,10,1,10
9:20:00,2351.4,2351.4,2351.8,21,62,15
9:20:01,2351.4,2351.4,2351.6,33,47,24
9:20:01,2351.6,2351.4,2351.6,25,32,18
9:20:02,2351.2,2351.2,2351.4,51,43,29
9:20:02,2351.2,2351.2,2351.4,28,32,29
9:20:03,2351.2,2351.2,2351.4,33,22,13
9:20:03,2351.4,2351.2,2351.4,5,24,8
9:20:04,2351,2351,2351.2,27,52,26
9:20:04,2351.2,2351,2351.2,29,44,9
9:20:05,2351.2,2351,2351.2,8,42,3
9:20:05,2350.8,2350.8,2351,49,6,1
9:20:06,2350.6,2350.6,2351.4,48,30,18
9:20:06,2351.2,2351.2,2351.4,26,5,27
9:20:07,2351.4,2351,2351.4,50,11,11
9:20:07,2351,2351,2351.2,10,4,5
9:20:08,2351,2351,2351.2,26,5,5
9:20:08,2351,2351,2351.2,8,2,6
9:20:09,2351,2350.8,2351,4,6,6
9:20:09,2350.8,2350.8,2351,13,1,5
9:20:10,2350.8,2350.6,2351,2,33,28
9:20:10,2350.6,2350.6,2350.8,2,32,9
9:20:11,2350.6,2350.6,2350.8,18,19,7
9:20:11,2350.6,2350.4,2350.6,25,15,4
9:20:12,2350.6,2350.4,2350.6,11,13,42
9:20:12,2350.2,2350.2,2350.4,28,19,7
9:20:13,2350.2,2350.2,2350.4,27,1,11
9:20:13,2350,2350,2350.2,6,63,1
9:20:14,2350,2350,2350.4,22,60,15
9:20:14,2350,2350,2350.4,53,26,9
9:20:15,2350.6,2350,2350.6,18,21,38
9:20:15,2350,2350,2350.4,50,13,18
9:20:16,2350.2,2350,2350.4,21,16,17
9:20:16,2350.4,2350,2350.4,6,14,14
9:20:17,2350.2,2350.4,2350.6,7,1,38
9:20:17,2350.4,2350.2,2350.6,2,2,39
9:20:18,2350.6,2350.4,2350.6,9,1,30
9:20:18,2350.2,2350.2,2350.6,15,19,20
9:20:19,2350.4,2350.4,2350.6,26,4,19
9:20:19,2350.4,2350.4,2350.6,9,2,18
9:20:20,2350.4,2350.4,2350.6,19,6,7
9:20:20,2350.6,2350.4,2350.6,5,9,6
9:20:21,2350.6,2350.4,2350.6,5,13,8
9:20:21,2350.6,2350.4,2350.6,3,26,7
9:20:22,2350.6,2350.6,2350.8,13,17,17
9:20:22,2350.6,2350.6,2350.8,12,9,26
9:20:23,2350.8,2350.6,2350.8,25,10,2
9:20:23,2350.8,2350.6,2351,2,14,31
9:20:24,2350.8,2350.6,2350.8,4,15,8
9:20:24,2350.6,2350.6,2350.8,2,16,11
9:20:25,2350.6,2350.6,2350.8,6,13,9
9:20:25,2350.8,2350.6,2350.8,7,13,2
9:20:26,2350.8,2350.6,2351,4,13,41
9:20:26,2350.6,2350.8,2351,1,11,41
9:20:27,2350.8,2350.8,2351,5,9,43
9:20:27,2351,2350.8,2351,1,9,43
9:20:28,2350.8,2350.8,2351,6,6,43
9:20:28,2351,2350.8,2351,3,5,44
9:20:29,2350.8,2350.6,2350.8,7,28,5
9:20:29,2350.8,2350.6,2350.8,4,28,10
9:20:30,2350.6,2350.6,2350.8,8,27,8
9:20:30,2350.6,2350.6,2350.8,4,27,6
9:20:31,2350.8,2350.6,2350.8,1,27,5
9:20:32,2350.8,2350.8,2351,5,9,49
9:20:32,2350.8,2350.8,2351,6,5,49
9:20:34,2350.8,2350.8,2351,2,8,54
9:20:34,2351,2350.8,2351,44,8,16
9:20:35,2351.2,2351.2,2351.4,31,2,15
9:20:35,2351,2351,2351.4,4,50,15
9:20:36,2351.4,2351.2,2351.4,1,12,14
9:20:36,2351,2351,2351.4,19,48,28
9:20:37,2351.4,2351.2,2351.4,1,2,32
9:20:37,2351.4,2351.2,2351.4,14,2,18
9:20:38,2351,2351,2351.4,5,46,19
9:20:38,2351,2351,2351.2,2,45,1
9:20:39,2351.4,2351.2,2351.4,4,2,18
9:20:40,2351.4,2351.4,2351.6,20,5,14
9:20:40,2351.8,2351.8,2352,45,92,43
9:20:41,2351.8,2351.8,2352,22,91,20
9:20:41,2351.8,2351.8,2352,5,87,19
9:20:42,2352,2351.8,2352,12,85,10
9:20:42,2352,2352,2352.2,19,3,7
9:20:43,2352.2,2352.2,2352.4,12,2,28
9:20:43,2352.6,2352.4,2352.6,37,3,14
9:20:44,2352.6,2352,2352.6,16,1,9
9:20:44,2352.6,2352.6,2352.8,24,3,23
9:20:45,2352.6,2352.4,2352.6,17,1,1
9:20:45,2352.8,2352.6,2352.8,18,8,16
9:20:46,2352.4,2352.4,2352.8,15,11,10
9:20:46,2352.4,2352.4,2352.6,20,10,21
9:20:47,2352.8,2352.8,2353,47,5,51
9:20:47,2352.8,2352.6,2352.8,15,1,3
9:20:48,2352.4,2352.6,2352.8,6,1,17
9:20:48,2352.8,2352.4,2352.6,8,5,1
9:20:49,2352.6,2352.4,2352.6,2,5,6
9:20:49,2352.4,2352.2,2352.4,11,6,4
9:20:50,2352.6,2352.2,2352.4,22,7,1
9:20:50,2352.2,2352.2,2352.4,5,3,4
9:20:52,2352.4,2352.2,2352.4,6,7,7
9:20:52,2352.4,2352.2,2352.4,5,7,2
9:20:53,2352.2,2352.2,2352.4,3,6,2
9:20:53,2352.2,2352,2352.2,36,1,3
9:20:54,2352.2,2352,2352.2,2,1,1
9:20:55,2352,2352,2352.2,2,17,14
9:20:55,2352.2,2352,2352.2,5,17,12
9:20:56,2352,2352,2352.2,4,15,10
9:20:56,2352,2352,2352.2,3,14,9
9:20:57,2352,2352,2352.2,3,12,9
9:20:57,2352,2352,2352.2,5,13,6
9:20:58,2352.2,2352,2352.2,5,10,5
9:20:59,2352.2,2352,2352.2,4,11,3
9:20:59,2352.2,2352,2352.2,4,9,1
9:21:00,2352.2,2352.2,2352.4,1,1,24
9:21:00,2352,2352,2352.4,7,8,22
9:21:01,2352.2,2352,2352.4,2,8,21
9:21:01,2352.4,2352,2352.4,5,6,20
9:21:02,2351.6,2351.6,2352.4,14,11,17
9:21:02,2352.2,2351.8,2352.2,13,4,7
9:21:03,2352.4,2352,2352.2,12,6,1
9:21:03,2352.2,2352.2,2352.4,6,6,17
9:21:04,2352.2,2352.2,2352.4,3,5,20
9:21:04,2352.4,2352,2352.4,13,5,13
9:21:05,2352.2,2352,2352.4,2,9,14
9:21:06,2352.2,2352,2352.2,9,10,4
9:21:07,2352.2,2352,2352.2,3,12,3
9:21:07,2352.4,2352.2,2352.4,7,2,15
9:21:08,2352.4,2352.2,2352.4,10,10,13
9:21:09,2352.4,2352.4,2352.6,17,2,19
9:21:09,2352.6,2352.4,2352.6,4,8,15
9:21:10,2352.6,2352.4,2352.6,11,24,7
9:21:10,2352.8,2352.6,2352.8,18,14,28
9:21:11,2352.8,2352.4,2352.8,37,5,8
9:21:11,2353,2352.8,2353,13,1,38
9:21:12,2353,2352.2,2352.6,15,14,3
9:21:12,2352.8,2352.6,2352.8,14,1,2
9:21:13,2352.8,2352.6,2352.8,13,2,10
9:21:13,2352.8,2352.6,2352.8,3,2,18
9:21:14,2352.6,2352.6,2352.8,7,1,20
9:21:14,2352.6,2352.4,2352.6,5,1,7
9:21:15,2352.6,2352.4,2352.6,4,1,5
9:21:16,2352.6,2352.4,2352.6,5,1,13
9:21:16,2352.6,2352.2,2352.4,2,12,2
9:21:17,2352.6,2352.6,2352.8,22,1,18
9:21:17,2352.6,2352.2,2352.6,3,10,9
9:21:18,2352.4,2352.2,2352.6,2,20,16
9:21:18,2352.6,2352.4,2352.6,2,12,16
9:21:19,2352.2,2352.2,2352.6,17,13,15
9:21:19,2352.2,2352.2,2352.6,3,13,12
9:21:20,2352.2,2352.2,2352.6,7,7,21
9:21:20,2352.2,2352.2,2352.4,7,4,4
9:21:21,2352.2,2352,2352.4,9,23,3
9:21:21,2352.4,2352.2,2352.4,1,1,7
9:21:22,2352.2,2352,2352.2,3,22,1
9:21:22,2352,2352,2352.4,12,22,8
9:21:23,2352.4,2352,2352.4,5,10,7
9:21:23,2352,2351.8,2352,10,12,12
9:21:24,2352,2351.8,2352,11,18,7
9:21:24,2351.8,2351.8,2352,5,13,1
9:21:25,2351.8,2352,2352.2,16,8,4
9:21:25,2352.2,2352,2352.2,5,5,2
9:21:26,2352.2,2352,2352.2,4,2,1
9:21:26,2352.2,2352,2352.2,5,3,7
9:21:27,2352,2352,2352.2,6,1,6
9:21:27,2352.2,2351.8,2352.2,3,13,4
9:21:28,2352.2,2352.2,2352.4,7,15,28
9:21:28,2352.2,2352.2,2352.4,3,12,28
9:21:29,2352.2,2352.2,2352.4,6,7,27
9:21:29,2352.4,2352.2,2352.4,4,7,23
9:21:30,2352.4,2352.2,2352.4,4,5,12
9:21:30,2352.4,2352.2,2352.4,5,1,11
9:21:31,2352.2,2352,2352.2,11,1,16
9:21:31,2352.2,2352,2352.2,1,1,19
9:21:32,2352,2352,2352.2,2,1,18
9:21:32,2351.8,2351.8,2352.2,6,18,20
9:21:33,2351.8,2351.6,2351.8,19,16,23
9:21:33,2351.8,2351.6,2351.8,8,16,15
9:21:34,2351.6,2351.6,2351.8,8,9,14
9:21:34,2351.6,2351.6,2351.8,6,4,14
9:21:35,2351.6,2351.4,2351.8,13,18,11
9:21:36,2351.4,2351.4,2351.6,3,14,2
9:21:36,2351.6,2351.6,2351.8,4,1,12
9:21:37,2351.6,2351.6,2351.8,2,3,13
9:21:37,2351.6,2351.4,2351.8,6,20,17
9:21:38,2351.8,2351.4,2351.8,1,20,10
9:21:38,2351.6,2351.4,2351.8,7,15,10
9:21:39,2351.6,2351.6,2351.8,2,25,10
9:21:39,2351.6,2351.6,2351.8,10,15,11
9:21:40,2351.6,2351.6,2351.8,6,10,10
9:21:40,2351.6,2351.4,2351.6,10,18,40
9:21:41,2351.6,2351.4,2351.6,11,11,90
9:21:41,2351.4,2351.2,2351.4,25,3,10
9:21:42,2351.2,2351.2,2351.4,7,3,6
9:21:42,2351.2,2351,2351.2,4,79,34
9:21:43,2351,2351,2351.2,9,76,33
9:21:43,2351,2351,2351.2,12,66,31
9:21:44,2351,2351,2351.2,18,60,21
9:21:44,2351,2351,2351.2,9,65,17
9:21:45,2351.2,2351,2351.2,19,64,3
9:21:45,2351.2,2351,2351.2,7,59,1
9:21:46,2351,2351.2,2351.4,11,3,30
9:21:46,2351.2,2351.2,2351.4,61,15,31
9:21:47,2351.4,2351.2,2351.4,12,6,25
9:21:47,2351.4,2351.2,2351.4,21,9,5
9:21:48,2351.2,2351.2,2351.4,1,9,5
9:21:48,2351.2,2351.2,2351.4,5,13,6
9:21:49,2351.4,2351.2,2351.4,3,19,4
9:21:49,2351.2,2351.2,2351.4,1,20,4
9:21:50,2351.4,2351.2,2351.4,1,26,3
9:21:50,2351.2,2351.4,2351.6,13,2,44
9:21:51,2351.2,2351.4,2351.6,3,20,44
9:21:51,2351.6,2351.4,2351.6,4,20,40
9:21:52,2351.4,2351.4,2351.6,7,14,39
9:21:52,2351.4,2351.4,2351.6,1,13,41
9:21:53,2351.4,2351.4,2351.6,7,12,35
9:21:53,2351.4,2351.4,2351.6,2,11,35
9:21:54,2351.6,2351.4,2351.6,10,12,25
9:21:54,2351.4,2351.4,2351.6,3,15,23
9:21:55,2351.4,2351.4,2351.6,12,4,25
9:21:55,2351.6,2351.4,2351.6,21,3,4
9:21:56,2351.2,2351.2,2351.4,4,35,10
9:21:56,2351.4,2351.2,2351.4,1,35,9
9:21:57,2351.2,2351.2,2351.4,6,32,12
9:21:57,2351.2,2351.2,2351.4,1,31,14
9:21:58,2351.2,2351.2,2351.4,5,28,15
9:21:58,2351.2,2351,2351.2,30,44,4
9:21:59,2351.2,2351,2351.2,7,46,2
9:21:59,2351.2,2351,2351.2,2,45,3
9:22:00,2351.2,2351,2351.2,3,45,2
9:22:00,2351,2351,2351.4,3,44,22
9:22:01,2351,2351,2351.4,10,34,41
9:22:01,2351,2351,2351.2,27,49,1
9:22:02,2351,2351,2351.2,18,32,9
9:22:02,2351,2351,2351.2,18,24,24
9:22:03,2351,2351,2351.2,6,20,24
9:22:03,2351,2351,2351.2,5,16,25
9:22:04,2350.8,2350.8,2351,46,12,3
9:22:04,2350.8,2350.8,2351,6,7,5
9:22:05,2350.6,2350.6,2351,14,90,3
9:22:05,2350.6,2350.6,2350.8,21,85,1
9:22:06,2350.8,2350.8,2351,23,1,5
9:22:06,2350.8,2350.8,2351,3,2,14
9:22:07,2350.8,2350.8,2351,6,4,13
9:22:07,2350.6,2350.6,2351,7,89,12
9:22:08,2350.6,2350.6,2350.8,6,87,7
9:22:09,2350.6,2350.6,2350.8,9,26,5
9:22:09,2350.6,2350.6,2350.8,8,20,7
9:22:10,2350.6,2350.6,2350.8,18,5,13
9:22:10,2350.4,2350.2,2350.4,19,24,12
9:22:11,2350.4,2350.2,2350.4,14,21,4
9:22:11,2350.6,2350.2,2350.6,6,18,4
9:22:12,2350.4,2350.4,2350.6,8,4,6
9:22:12,2350.4,2350.2,2350.6,8,9,8
9:22:13,2350.2,2350.2,2350.4,3,8,1
9:22:13,2350.4,2350.4,2350.6,10,67,7
9:22:14,2350.6,2350.6,2350.8,17,3,11
9:22:14,2350.6,2350.6,2350.8,4,9,11
9:22:15,2350.8,2350.6,2350.8,12,28,5
9:22:15,2350.6,2350.6,2350.8,9,23,1
9:22:16,2350.6,2350.6,2350.8,6,23,3
9:22:16,2350.8,2350.6,2350.8,3,22,1
9:22:17,2350.6,2350.6,2351,4,19,30
9:22:17,2350.6,2350.6,2351,1,18,33
9:22:18,2350.6,2350.6,2351,7,17,28
9:22:18,2350.6,2350.6,2350.8,1,20,1
9:22:19,2350.6,2350.6,2351,3,18,28
9:22:19,2350.6,2350.6,2351,1,19,28
9:22:20,2351,2350.6,2351,2,18,27
9:22:21,2350.6,2350.6,2351,10,13,27
9:22:22,2351,2351,2351.2,31,10,14
9:22:22,2350.6,2350.4,2350.6,27,72,3
9:22:23,2350.6,2350.4,2350.6,3,72,8
9:22:23,2350.6,2350.6,2351,9,1,10
9:22:24,2350.6,2350.4,2350.8,2,72,5
9:22:24,2350.8,2350.4,2350.8,3,73,5
9:22:25,2350.4,2350.6,2350.8,1,1,9
9:22:25,2350.8,2350.8,2351,14,30,9
9:22:26,2350.8,2350.8,2351,5,27,9
9:22:26,2351,2350.8,2351,1,28,8
9:22:27,2351.2,2350.8,2351.2,10,28,13
9:22:27,2350.8,2351,2351.2,2,1,13
9:22:28,2351,2350.8,2351,2,37,9
9:22:28,2350.8,2350.8,2351,2,36,8
9:22:29,2350.8,2350.8,2351,2,35,8
9:22:29,2351,2350.8,2351,3,34,7
9:22:30,2351,2350.8,2351,16,21,6
9:22:30,2351.2,2351,2351.2,23,1,3
9:22:31,2351,2350.8,2351,3,19,4
9:22:32,2350.8,2350.8,2351.2,11,13,3
9:22:32,2351.2,2351,2351.2,3,3,1
9:22:33,2351.2,2351,2351.2,10,9,1
9:22:34,2351,2351,2351.2,4,7,3
9:22:35,2351,2351,2351.2,7,1,2
9:22:35,2351,2351,2351.2,1,1,4
9:22:36,2350.8,2350.8,2351,3,13,8
9:22:36,2351,2350.8,2351,2,16,8
9:22:37,2351,2350.8,2351,1,16,14
9:22:37,2351,2350.8,2351,1,17,17
9:22:38,2350.8,2350.8,2351,2,16,16
9:22:39,2350.8,2350.8,2351,4,15,15
9:22:39,2350.8,2350.8,2351,4,13,15
9:22:40,2351,2350.8,2351,1,13,14
9:22:40,2350.8,2350.8,2351,1,13,22
9:22:41,2351,2350.8,2351,1,14,21
9:22:42,2350.8,2350.8,2351,5,12,19
9:22:42,2351,2350.8,2351,1,12,19
9:22:43,2351,2350.8,2351,1,13,18
9:22:43,2350.8,2350.8,2351,1,12,18
9:22:45,2351,2350.8,2351,2,13,23
9:22:46,2351,2350.8,2351,8,13,24
9:22:46,2350.8,2350.8,2351,1,12,24
9:22:47,2351,2350.8,2351,5,15,19
9:22:47,2350.8,2350.6,2350.8,15,27,21
9:22:48,2350.8,2350.6,2350.8,5,27,22
9:22:48,2350.8,2350.6,2350.8,1,28,22
9:22:49,2350.8,2350.6,2350.8,1,27,23
9:22:49,2350.8,2350.6,2350.8,2,27,25
9:22:50,2350.8,2350.6,2350.8,11,17,25
9:22:51,2350.6,2350.4,2350.6,19,90,5
9:22:51,2350.6,2350.4,2350.6,6,90,2
9:22:52,2350.4,2350.4,2350.6,3,88,6
9:22:52,2350.6,2350.4,2350.6,16,78,1
9:22:53,2350.4,2350.4,2350.6,3,78,1
9:22:53,2350.6,2350.6,2350.8,2,6,24
9:22:54,2350.6,2350.6,2350.8,6,1,23
9:22:55,2350.6,2350.4,2350.8,2,81,24
9:22:55,2350.6,2350.6,2350.8,11,1,25
9:22:56,2350.4,2350.4,2350.6,3,72,4
9:22:56,2350.6,2350.4,2350.6,4,71,2
9:22:57,2350.6,2350.4,2350.8,4,74,25
9:22:57,2350.4,2350.4,2350.8,4,70,26
9:22:58,2350.8,2350.4,2350.8,18,53,25
9:22:58,2350.4,2350.4,2350.8,25,31,25
9:22:59,2350.4,2350.4,2350.6,3,28,6
9:22:59,2350.4,2350.4,2350.6,11,17,7
9:23:00,2350.4,2350.4,2350.8,11,16,25
9:23:00,2350.4,2350.4,2350.6,13,6,1
9:23:01,2350.4,2350.2,2350.8,8,52,22
9:23:01,2350.8,2350.4,2350.8,11,2,20
9:23:02,2350.6,2350.4,2350.6,10,6,1
9:23:02,2350.4,2350.4,2350.8,13,2,19
9:23:03,2350.4,2350.4,2350.8,5,2,20
9:23:03,2350.8,2350.4,2350.6,5,13,2
9:23:04,2350.4,2350.4,2350.6,1,12,5
9:23:04,2350.4,2350.4,2350.6,8,9,2
9:23:05,2350.6,2350.4,2350.6,1,10,3
9:23:05,2350.4,2350.4,2350.6,2,9,2
9:23:06,2350.4,2350.4,2350.8,11,7,14
9:23:06,2350.4,2350.4,2350.8,3,5,14
9:23:07,2350.4,2350.2,2350.4,8,55,15
9:23:07,2350.4,2350.4,2351,40,2,29
9:23:08,2350.8,2350.8,2351,18,9,29
9:23:08,2350.8,2350.8,2351,4,6,28
9:23:09,2350.8,2350.8,2351,4,3,27
9:23:09,2350.8,2350.8,2351,1,2,27
9:23:10,2350.8,2350.8,2351,3,2,25
9:23:11,2351,2350.8,2351,2,4,26
9:23:11,2351,2350.8,2351,6,3,22
9:23:12,2351,2350.8,2351,1,4,26
9:23:13,2351,2350.8,2351,3,3,24
9:23:13,2350.8,2350.6,2350.8,4,2,4
9:23:14,2350.8,2350.6,2350.8,1,3,3
9:23:14,2350.8,2350.6,2350.8,2,10,1
9:23:15,2350.8,2350.6,2350.8,1,11,9
9:23:15,2350.8,2350.6,2351,12,8,24
9:23:16,2350.8,2350.6,2351,2,10,26
9:23:17,2351,2351,2351.2,27,2,8
9:23:18,2351.2,2350.8,2351.2,5,3,5
9:23:18,2350.8,2350.8,2351,1,29,1
9:23:19,2350.8,2350.8,2351,1,28,1
9:23:19,2351,2351,2351.2,1,16,13
9:23:20,2351.2,2351,2351.2,2,32,12
9:23:20,2351.2,2351,2351.2,1,33,11
9:23:21,2351,2351.2,2351.4,35,1,11
9:23:21,2351.4,2351.4,2351.6,12,2,19
9:23:22,2351.6,2351.4,2351.6,2,3,23
9:23:22,2351.6,2351.2,2351.6,7,8,22
9:23:23,2351.6,2351.2,2351.4,6,8,1
9:23:23,2351.6,2351.2,2351.6,1,10,18
9:23:24,2351.4,2351.2,2351.4,2,10,1
9:23:24,2351.2,2351.2,2351.4,8,2,1
9:23:25,2351.2,2351,2351.4,4,23,13
9:23:25,2351.2,2351,2351.2,1,23,1
9:23:26,2351.4,2351,2351.4,5,20,15
9:23:27,2351.2,2351,2351.4,3,21,15
9:23:28,2351,2351,2351.2,1,19,1
9:23:29,2351.4,2351,2351.2,12,17,1
9:23:29,2351.4,2351.4,2351.6,14,7,21
9:23:30,2351.4,2351.4,2351.6,3,4,22
9:23:31,2351.4,2351.4,2351.6,14,1,23
9:23:31,2351.2,2351.2,2351.6,3,2,23
9:23:32,2351.6,2351.2,2351.4,2,2,1
9:23:32,2351.2,2351.2,2351.4,3,2,1
9:23:33,2351.4,2351.2,2351.4,1,2,34
9:23:33,2351.4,2351.2,2351.4,7,4,28
9:23:34,2351,2351,2351.2,16,1,3
9:23:34,2351.2,2351,2351.2,1,1,4
9:23:35,2351.2,2351.2,2351.4,11,14,25
9:23:35,2351.2,2351.2,2351.4,3,11,25
9:23:36,2351.2,2351.2,2351.4,2,10,25
9:23:37,2351.2,2351.2,2351.4,2,8,25
9:23:38,2351.4,2351.2,2351.4,1,8,25
9:23:38,2351.4,2351.2,2351.4,8,1,24
9:23:39,2351.4,2351.4,2351.6,24,27,28
9:23:39,2351.4,2351.4,2351.6,1,26,28
9:23:40,2351.4,2351.4,2351.6,6,25,23
9:23:41,2351.4,2351.4,2351.6,1,24,25
9:23:42,2351.4,2351.4,2351.6,1,23,25
9:23:43,2351.6,2351.4,2351.6,1,24,24
9:23:44,2351.4,2351.4,2351.6,1,23,24
9:23:44,2351.6,2351.4,2351.6,1,23,23
9:23:45,2351.4,2351.4,2351.6,1,22,23
9:23:46,2351.6,2351.4,2351.6,29,13,8
9:23:47,2351.4,2351.4,2351.6,1,12,9
9:23:47,2351.4,2351.4,2351.6,2,10,10
9:23:48,2351.4,2351.4,2351.6,2,9,49
9:23:49,2351.4,2351.2,2351.4,12,1,35
9:23:50,2351.2,2351,2351.2,1,18,3
9:23:51,2351.2,2351,2351.2,1,19,7
9:23:51,2351,2351,2351.2,1,18,8
9:23:52,2351.2,2351,2351.2,4,15,6
9:23:52,2351,2351,2351.2,3,13,5
9:23:53,2351,2351,2351.2,2,14,5
9:23:54,2351.2,2351,2351.2,1,14,3
9:23:56,2351.2,2351,2351.2,10,12,1
9:23:56,2351.2,2351,2351.2,1,12,1
9:23:58,2351.2,2351,2351.2,1,15,2
9:23:59,2351,2351,2351.2,1,14,2
9:24:00,2351.2,2351,2351.4,2,15,42
9:24:00,2351.2,2351,2351.4,4,12,42
9:24:01,2351,2351,2351.4,6,6,43
9:24:03,2351,2351,2351.2,3,10,4
9:24:03,2351.2,2351,2351.2,6,6,2
9:24:04,2351.2,2351,2351.2,2,21,4
9:24:04,2351,2351,2351.4,19,12,40
9:24:05,2351.2,2351.2,2351.4,6,1,39
9:24:05,2351.2,2351,2351.4,1,13,39
9:24:06,2351.2,2351,2351.4,1,14,40
9:24:07,2351.2,2351,2351.2,9,16,3
9:24:07,2351.2,2351,2351.2,1,16,4
9:24:08,2351,2351,2351.2,1,15,4
9:24:08,2351,2351,2351.2,3,17,3
9:24:09,2351.4,2351.2,2351.4,9,1,38
9:24:11,2351.4,2351.2,2351.4,15,6,36
9:24:11,2351.2,2351.2,2351.4,3,5,35
9:24:12,2351.2,2351.2,2351.4,1,6,35
9:24:12,2351.4,2351.2,2351.4,3,5,34
9:24:13,2351.2,2351.2,2351.4,1,8,34
9:24:13,2351.2,2351.2,2351.4,6,6,34
9:24:14,2351.2,2351.2,2351.4,5,3,32
9:24:15,2351.2,2351.2,2351.4,2,1,32
9:24:16,2351.2,2351,2351.2,1,27,1
9:24:16,2351.2,2351,2351.4,1,27,30
9:24:17,2351.4,2351,2351.4,1,29,29
9:24:18,2351.4,2351,2351.4,2,30,28
9:24:19,2351.2,2351.2,2351.4,1,2,29
9:24:19,2351.2,2351.2,2351.4,6,1,25
9:24:20,2351.4,2351.2,2351.4,3,11,22
9:24:20,2351.4,2351.2,2351.4,8,12,14
9:24:21,2351.4,2351.2,2351.4,10,14,4
9:24:21,2351.4,2351.4,2351.6,7,2,47
9:24:22,2351.4,2351.4,2351.6,2,2,47
9:24:22,2351.6,2351.4,2351.6,4,1,45
9:24:23,2351.6,2351.4,2351.6,5,1,41
9:24:24,2351.4,2351.2,2351.6,2,18,40
9:24:24,2351.6,2351.2,2351.6,2,18,38
9:24:25,2351.6,2351.2,2351.6,3,18,34
9:24:25,2351.2,2351.2,2351.6,6,17,31
9:24:26,2351.6,2351.2,2351.6,4,16,29
9:24:27,2351.2,2351.2,2351.6,1,17,33
9:24:28,2351.2,2351.4,2351.6,3,1,32
9:24:28,2351.6,2351.2,2351.6,4,16,29
9:24:29,2351.6,2351.2,2351.6,1,16,32
9:24:29,2351.6,2351.2,2351.6,1,16,33
9:24:30,2351.4,2351.2,2351.6,1,18,33
9:24:30,2351.2,2351.2,2351.6,1,17,33
9:24:31,2351.2,2351.2,2351.6,6,12,33
9:24:31,2351.6,2351.2,2351.6,2,13,32
9:24:32,2351.2,2351.2,2351.6,1,12,31
9:24:32,2351.6,2351.2,2351.4,1,12,3
9:24:34,2351.4,2351.2,2351.4,1,13,6
9:24:34,2351.2,2351.2,2351.4,3,10,6
9:24:35,2351.4,2351.2,2351.4,4,10,2
9:24:36,2351.2,2351.2,2351.4,2,8,6
9:24:36,2351.4,2351.2,2351.4,2,9,4
9:24:37,2351.2,2351.2,2351.4,3,6,4
9:24:38,2351.4,2351.2,2351.4,1,8,3
9:24:38,2351.2,2351.2,2351.4,2,6,4
9:24:39,2351.4,2351.2,2351.4,3,4,3
9:24:40,2351.4,2351.2,2351.4,1,4,2
9:24:41,2351.4,2351.2,2351.4,2,8,1
9:24:42,2351.2,2351.2,2351.4,3,6,2
9:24:43,2351.2,2351.2,2351.4,3,27,12
9:24:43,2351.2,2351.2,2351.4,1,26,12
9:24:44,2351.2,2351.2,2351.4,2,24,13
9:24:44,2351.2,2351.2,2351.4,3,22,18
9:24:46,2351.2,2351.2,2351.4,3,24,30
9:24:47,2351.2,2351.2,2351.4,2,23,32
9:24:47,2351.2,2351.2,2351.4,1,22,33
9:24:48,2351.2,2351.2,2351.4,28,17,10
9:24:48,2351.2,2351.2,2351.4,1,16,12
9:24:49,2351.2,2351.2,2351.4,2,14,12
9:24:49,2351.2,2351.2,2351.4,2,12,12
9:24:50,2351.2,2351,2351.2,12,48,1
9:24:51,2351,2351,2351.2,1,47,3
9:24:52,2351,2351,2351.2,2,44,5
9:24:53,2351,2351,2351.2,9,37,8
9:24:53,2351,2351,2351.2,2,36,9
9:24:54,2351.2,2351,2351.2,19,18,12
9:24:54,2351,2351,2351.2,12,6,12
9:24:55,2351,2350.8,2351,6,26,7
9:24:56,2350.8,2350.8,2351,3,25,13
9:24:56,2350.8,2350.8,2351,18,12,10
9:24:57,2350.8,2350.8,2351,5,7,14
9:24:58,2351,2350.8,2351,4,6,14
9:24:58,2350.8,2350.8,2351,4,3,14
9:24:59,2350.8,2350.6,2350.8,4,18,2
9:25:00,2350.6,2350.6,2350.8,1,17,7
9:25:00,2350.6,2350.6,2350.8,1,16,7
9:25:01,2350.6,2350.6,2350.8,3,13,6
9:25:01,2350.8,2350.6,2350.8,12,3,4
9:25:02,2350.8,2350.6,2350.8,9,1,10
9:25:02,2350.4,2350.4,2350.6,11,12,5
9:25:03,2350.6,2350.4,2350.6,2,12,3
9:25:03,2350.6,2350.4,2350.6,7,13,2
9:25:04,2350.4,2350.4,2350.6,1,12,2
9:25:04,2350.6,2350.4,2350.8,7,7,2
9:25:05,2350.4,2350.2,2350.4,7,61,1
9:25:05,2350.4,2350.4,2350.8,3,5,4
9:25:06,2350.6,2350.2,2350.4,7,60,1
9:25:06,2350.2,2350.2,2350.6,10,56,1
9:25:07,2350.2,2350.2,2350.4,5,51,1
9:25:07,2350.2,2350.2,2350.6,13,46,1
9:25:08,2350.2,2350.2,2350.6,5,41,2
9:25:08,2350.6,2350.2,2350.6,18,26,4
9:25:09,2350.2,2350.2,2350.4,3,24,1
9:25:09,2350.2,2350.2,2350.6,15,10,6
9:25:10,2350.2,2350.2,2350.6,8,4,10
9:25:10,2350.2,2350,2350.2,4,190,4
9:25:11,2350,2350,2350.2,30,176,1
9:25:12,2350,2350,2350.4,26,158,2
9:25:12,2350.2,2350,2350.4,16,161,2
9:25:13,2350,2350,2350.4,28,144,1
9:25:13,2350,2350,2350.6,6,140,8
9:25:14,2350.6,2350.2,2350.6,9,1,10
9:25:14,2350,2350.2,2350.6,9,5,10
9:25:15,2350.2,2350.2,2350.6,6,8,6
9:25:15,2350.2,2350.2,2350.4,3,8,3
9:25:16,2350.4,2350.4,2350.6,11,20,6
9:25:16,2350.4,2350.4,2350.6,15,5,11
9:25:17,2350.4,2350.4,2350.6,4,1,13
9:25:17,2350.4,2350.4,2350.6,1,1,15
9:25:18,2350.6,2350.2,2350.6,3,40,13
9:25:18,2350.4,2350.2,2350.4,4,46,3
9:25:19,2350.2,2350.2,2350.6,8,46,12
9:25:20,2350.4,2350.4,2350.6,5,36,13
9:25:20,2350.6,2350.4,2350.6,6,36,7
9:25:21,2350.6,2350.6,2350.8,9,16,13
9:25:21,2350.8,2350.6,2350.8,14,6,9
9:25:22,2350.8,2350.6,2350.8,3,6,7
9:25:22,2350.6,2350.6,2350.8,2,17,6
9:25:23,2350.6,2350.6,2350.8,3,30,5
9:25:23,2350.8,2350.6,2350.8,3,31,2
9:25:24,2350.6,2350.6,2350.8,4,27,2
9:25:25,2350.8,2350.6,2350.8,3,25,6
9:25:26,2350.6,2350.6,2350.8,2,28,10
9:25:27,2350.8,2350.6,2350.8,8,28,2
9:25:27,2350.6,2350.6,2350.8,16,12,3
9:25:28,2350.8,2350.6,2350.8,5,9,4
9:25:29,2350.6,2350.6,2350.8,5,4,7
9:25:30,2350.6,2350.6,2350.8,7,1,9
9:25:30,2350.4,2350.4,2350.8,2,35,10
9:25:31,2350.4,2350.4,2350.8,3,34,9
9:25:31,2350.4,2350.6,2350.8,5,8,10
9:25:32,2350.8,2350.6,2350.8,1,8,9
9:25:33,2350.8,2350.6,2350.8,2,21,10
9:25:33,2350.6,2350.6,2350.8,6,17,9
9:25:34,2350.6,2350.6,2350.8,8,9,9
9:25:34,2350.6,2350.6,2350.8,3,8,7
9:25:35,2350.8,2350.6,2350.8,2,8,7
9:25:36,2350.6,2350.6,2350.8,7,3,6
9:25:36,2350.8,2350.6,2350.8,2,4,14
9:25:37,2350.6,2350.6,2350.8,2,2,14
9:25:37,2350.6,2350.6,2350.8,1,1,14
9:25:38,2350.8,2350.6,2350.8,7,5,9
9:25:39,2350.8,2350.6,2350.8,4,6,18
9:25:40,2350.6,2350.6,2350.8,5,1,19
9:25:40,2350.8,2350.6,2350.8,1,2,18
9:25:41,2350.6,2350.6,2350.8,1,7,18
9:25:41,2350.6,2350.6,2350.8,3,6,17
9:25:42,2350.8,2350.6,2350.8,1,8,17
9:25:42,2350.8,2350.6,2350.8,2,11,15
9:25:43,2350.6,2350.6,2350.8,3,10,13
9:25:43,2350.8,2350.8,2351,14,2,16
9:25:44,2350.8,2350.8,2351,2,18,15
9:25:45,2351,2350.8,2351,10,22,5
9:25:45,2351,2351,2351.2,5,6,9
9:25:46,2351,2351,2351.2,3,11,14
9:25:47,2351.2,2351,2351.2,1,13,13
9:25:47,2351.2,2351,2351.2,2,13,12
9:25:48,2351.2,2351.2,2351.4,13,9,3
9:25:49,2351.4,2351.2,2351.4,5,10,11
9:25:49,2351.4,2351.2,2351.4,5,10,6
9:25:50,2351.2,2351.2,2351.4,2,9,5
9:25:50,2351.4,2351.2,2351.4,1,11,4
9:25:51,2351.4,2351.2,2351.6,11,10,27
9:25:52,2351.6,2351.4,2351.6,1,15,26
9:25:52,2351.6,2351.4,2351.6,5,12,24
9:25:53,2351.6,2351.4,2351.6,5,12,19
9:25:53,2351.6,2351.6,2351.8,21,3,51
9:25:54,2351.8,2351.6,2351.8,6,5,48
9:25:54,2351.8,2351.6,2351.8,11,2,44
9:25:55,2351.8,2351.6,2351.8,9,7,36
9:25:55,2351.8,2351.6,2351.8,20,4,20
9:25:56,2351.8,2351.6,2351.8,6,1,17
9:25:56,2351.6,2351.6,2351.8,6,4,15
9:25:57,2351.8,2351.6,2351.8,4,1,13
9:25:57,2351.8,2351.6,2351.8,3,4,11
9:25:58,2351.8,2351.6,2351.8,3,4,13
9:25:58,2351.8,2351.6,2351.8,4,5,12
9:25:59,2351.8,2351.4,2351.8,11,21,7
9:25:59,2351.8,2351.4,2351.8,3,22,6
9:26:00,2351.4,2351.4,2351.6,5,25,6
9:26:01,2351.4,2351.6,2351.8,14,2,13
9:26:01,2351.6,2351.4,2351.8,6,17,14
9:26:02,2351.6,2351.4,2351.6,2,15,3
9:26:02,2351.4,2351.4,2351.8,17,17,1
9:26:03,2351.4,2351.2,2351.4,23,10,8
9:26:03,2351.6,2351.4,2351.8,13,1,4
9:26:04,2351.4,2351.4,2351.6,2,9,1
9:26:04,2351.4,2351.4,2351.6,1,24,2
9:26:05,2351.6,2351.4,2351.8,3,34,10
9:26:06,2351.6,2351.6,2351.8,2,12,11
9:26:06,2351.8,2351.6,2351.8,3,13,8
9:26:07,2351.8,2351.8,2352,9,2,40
9:26:07,2351.8,2351.8,2352,2,7,40
9:26:08,2351.6,2351.6,2352,18,7,37
9:26:08,2351.8,2351.8,2352,6,7,34
9:26:09,2351.8,2351.6,2351.8,9,6,1
9:26:09,2351.8,2351.6,2351.8,1,6,13
9:26:10,2351.8,2351.6,2351.8,1,9,18
9:26:10,2351.6,2351.6,2351.8,4,7,21
9:26:11,2351.6,2351.6,2351.8,5,4,20
9:26:11,2351.6,2351.6,2351.8,1,4,20
9:26:12,2351.6,2351.4,2351.6,6,36,7
9:26:12,2351.4,2351.4,2351.6,4,34,6
9:26:13,2351.6,2351.4,2351.8,8,17,19
9:26:13,2351.8,2351.4,2351.8,5,25,15
9:26:14,2351.8,2351.4,2351.8,2,29,14
9:26:15,2351.8,2351.4,2351.8,3,35,13
9:26:15,2351.8,2351.4,2351.6,2,37,1
9:26:16,2351.8,2351.4,2351.8,6,37,7
9:26:16,2351.8,2351.4,2351.8,6,32,7
9:26:17,2351.6,2351.6,2351.8,3,8,6
9:26:17,2351.8,2351.6,2351.8,9,1,5
9:26:18,2351.8,2351.6,2351.8,2,1,6
9:26:19,2351.8,2351.6,2351.8,4,1,6
9:26:19,2351.6,2351.4,2351.6,3,33,1
9:26:20,2351.8,2351.4,2351.6,4,33,1
9:26:20,2351.6,2351.4,2351.8,3,31,2
9:26:21,2351.4,2351.4,2351.6,2,29,1
9:26:21,2351.4,2351.4,2351.8,11,19,3
9:26:22,2351.4,2351.4,2351.6,13,8,17
9:26:23,2351.4,2351.4,2351.6,26,1,6
9:26:23,2351.4,2351.2,2351.4,3,15,10
9:26:24,2351.4,2351.2,2351.4,10,17,17
9:26:24,2351.4,2351.2,2351.4,2,19,16
9:26:25,2351.2,2351.2,2351.4,9,16,19
9:26:26,2351.4,2351.2,2351.4,8,13,14
9:26:26,2351.4,2351.2,2351.4,2,13,13
9:26:27,2351.2,2351.2,2351.4,3,10,13
9:26:27,2351.2,2351.2,2351.4,6,9,16
9:26:28,2351.2,2351.2,2351.4,1,8,19
9:26:28,2351.2,2351.2,2351.4,6,2,19
9:26:29,2351.2,2351.2,2351.4,1,2,19
9:26:29,2351.4,2351.2,2351.4,1,2,18
9:26:30,2351.4,2351.2,2351.4,4,8,16
9:26:30,2351.4,2351.4,2351.6,16,24,51
9:26:31,2351.4,2351.4,2351.6,1,23,52
9:26:32,2351.4,2351.4,2351.6,3,24,53
9:26:33,2351.4,2351.4,2351.6,4,20,54
9:26:34,2351.6,2351.4,2351.6,1,20,53
9:26:36,2351.4,2351.4,2351.6,3,18,53
9:26:36,2351.4,2351.4,2351.6,2,19,53
9:26:37,2351.4,2351.4,2351.6,2,17,52
9:26:37,2351.4,2351.4,2351.6,2,16,51
9:26:38,2351.6,2351.4,2351.6,8,12,47
9:26:38,2351.4,2351.4,2351.6,3,9,47
9:26:39,2351.6,2351.4,2351.6,1,10,46
9:26:40,2351.4,2351.4,2351.6,5,5,46
9:26:40,2351.4,2351.4,2351.6,1,4,46
9:26:41,2351.4,2351.4,2351.6,1,3,46
9:26:41,2351.4,2351.2,2351.4,3,15,2
9:26:42,2351.4,2351.2,2351.4,1,15,3
9:26:42,2351.2,2351.2,2351.6,16,3,45
9:26:43,2351.2,2351.2,2351.6,3,1,45
9:26:44,2351.2,2351,2351.6,1,28,45
9:26:44,2351.2,2351,2351.4,1,28,1
9:26:45,2351.4,2351.4,2351.6,4,1,45
9:26:45,2351.4,2351,2351.4,1,27,6
9:26:46,2351.2,2351,2351.2,2,27,3
9:26:46,2351.2,2351,2351.2,3,26,1
9:26:47,2351,2351,2351.2,1,34,1
9:26:48,2351,2351,2351.2,11,24,4
9:26:49,2351.2,2351,2351.2,7,18,4
9:26:49,2351.2,2351,2351.2,3,16,3
9:26:50,2351,2351,2351.2,2,14,4
9:26:51,2351,2351,2351.2,7,8,9
9:26:51,2351,2350.8,2351,9,38,21
9:26:52,2351,2350.8,2351,2,38,20
9:26:52,2350.8,2350.8,2351,1,38,27
9:26:53,2350.8,2350.8,2351,7,33,25
9:26:53,2351,2350.8,2351,7,29,22
9:26:54,2350.8,2350.8,2351,2,26,22
9:26:54,2350.8,2350.8,2351,4,22,21
9:26:55,2350.8,2350.8,2351,14,38,21
9:26:55,2351,2350.8,2351,1,39,20
9:26:56,2351,2350.8,2351,10,39,10
9:26:56,2351,2351,2351.2,12,1,8
9:26:57,2351.2,2351,2351.2,10,10,2
9:26:57,2351,2351,2351.2,27,2,2
9:26:58,2351,2351,2351.2,2,1,1
9:26:58,2351,2350.8,2351.2,1,39,4
9:26:59,2351,2350.8,2351.2,2,51,12
9:27:00,2351.2,2350.8,2351.2,6,50,10
9:27:00,2351.2,2351.2,2351.4,10,14,16
9:27:01,2351.2,2351.2,2351.4,3,14,18
9:27:02,2351.2,2351.2,2351.4,2,13,18
9:27:03,2351.2,2351.2,2351.4,1,12,18
9:27:03,2351.2,2351.2,2351.4,1,11,18
9:27:04,2351.4,2351.2,2351.4,3,11,15
9:27:04,2351.2,2351,2351.2,11,3,9
9:27:05,2351.2,2351,2351.2,1,4,8
9:27:06,2351.2,2351,2351.2,2,6,6
9:27:07,2351,2351,2351.4,7,21,16
9:27:08,2351.2,2351,2351.2,1,25,1
9:27:09,2351,2351,2351.2,10,18,1
9:27:09,2351,2351,2351.2,2,17,1
9:27:10,2351.2,2351,2351.4,1,17,12
9:27:10,2351.4,2351.4,2351.6,16,19,15
9:27:11,2351.4,2351.4,2351.6,3,16,16
9:27:12,2351.6,2351.4,2351.6,2,16,14
9:27:12,2351.4,2351.4,2351.6,1,15,13
9:27:13,2351.4,2351.4,2351.6,1,15,13
9:27:13,2351.6,2351.4,2351.6,2,15,11
9:27:14,2351.4,2351.4,2351.6,3,13,12
9:27:14,2351.4,2351.2,2351.4,13,4,4
9:27:15,2351.4,2351.2,2351.4,2,5,2
9:27:16,2351.4,2351.2,2351.4,3,4,5
9:27:16,2351.4,2351.2,2351.4,3,4,2
9:27:17,2351.4,2351.2,2351.4,1,6,1
9:27:17,2351.2,2351,2351.2,9,21,12
9:27:18,2351.2,2351,2351.2,4,56,9
9:27:18,2351.2,2351,2351.2,1,56,11
9:27:19,2351.2,2351.2,2351.6,11,4,16
9:27:19,2351.4,2351.2,2351.6,2,4,16
9:27:21,2351.6,2351.4,2351.6,3,6,26
9:27:22,2351.6,2351.4,2351.6,2,11,24
9:27:23,2351.4,2351.4,2351.6,1,10,24
9:27:24,2351.6,2351.4,2351.6,1,10,23
9:27:25,2351.4,2351.4,2351.6,3,8,22
9:27:25,2351.4,2351.4,2351.6,3,5,22
9:27:26,2351.4,2351.2,2351.4,5,14,2
9:27:26,2351.2,2351.2,2351.4,2,13,1
9:27:28,2351.4,2351.4,2351.6,13,34,14
9:27:28,2351.4,2351.4,2351.6,1,33,14
9:27:29,2351.6,2351.4,2351.6,9,35,7
9:27:29,2351.4,2351.4,2351.8,8,35,28
9:27:30,2351.8,2351.6,2351.8,2,11,28
9:27:30,2351.8,2351.6,2351.8,13,11,17
9:27:31,2351.6,2351.6,2351.8,16,8,5
9:27:31,2351.8,2351.6,2351.8,2,8,4
9:27:32,2351.8,2351.6,2351.8,2,8,2
9:27:32,2351.6,2351.6,2352,8,6,39
9:27:33,2351.4,2351.4,2352,11,33,38
9:27:33,2352,2351.6,2351.8,3,10,2
9:27:34,2352,2351.8,2352,8,1,31
9:27:34,2352,2351.8,2352,10,1,22
9:27:35,2352,2351.8,2352,1,2,21
9:27:35,2352,2351.8,2352,13,2,9
9:27:36,2352,2351.8,2352,10,1,2
9:27:36,2352.2,2352,2352.2,5,4,36
9:27:37,2351.8,2352,2352.2,6,13,36
9:27:37,2352.2,2352,2352.2,6,15,32
9:27:38,2352.2,2352.2,2352.4,33,16,7
9:27:38,2352.4,2352.2,2352.4,14,43,1
9:27:39,2352.6,2352.4,2352.6,13,1,8
9:27:39,2352.6,2352.6,2352.8,12,1,65
9:27:40,2352.8,2352.4,2352.8,21,16,48
9:27:40,2352.6,2352.4,2352.8,18,10,36
9:27:41,2353,2352.8,2353,49,4,49
9:27:41,2352.6,2352.6,2353,34,1,47
9:27:42,2352.6,2352.4,2352.8,8,11,1
9:27:42,2352.8,2352.8,2353,13,12,38
9:27:43,2352.8,2352.8,2353,21,1,30
9:27:43,2352.8,2352.4,2352.8,10,12,61
9:27:44,2352.6,2352.2,2352.6,34,40,10
9:27:44,2352.4,2352.2,2352.4,3,40,1
9:27:45,2352.4,2352.2,2352.4,26,31,3
9:27:45,2352.4,2352.2,2352.8,7,31,52
9:27:46,2352.6,2352.2,2352.6,7,31,18
9:27:46,2352.6,2352.4,2352.6,6,1,16
9:27:47,2352.4,2352.4,2352.6,17,1,5
9:27:48,2352.6,2352.4,2352.8,15,2,55
9:27:48,2352.4,2352.4,2352.8,1,7,57
9:27:49,2352.8,2352.4,2352.8,7,10,57
9:27:49,2352.8,2352.4,2352.8,6,11,56
9:27:50,2352.8,2352.6,2352.8,1,1,57
9:27:50,2352.6,2352.4,2352.6,2,13,2
9:27:51,2352.4,2352.4,2352.6,15,12,2
9:27:51,2352.4,2352.4,2352.6,1,11,13
9:27:52,2352.4,2352.4,2352.6,2,9,17
9:27:52,2352.6,2352.4,2352.6,10,6,18
9:27:53,2352.6,2352.4,2352.6,9,6,11
9:27:53,2352.4,2352.4,2352.6,2,9,11
9:27:54,2352.4,2352.4,2352.6,12,3,5
9:27:54,2352.6,2352.4,2352.6,6,7,1
9:27:55,2352.4,2352.4,2352.8,2,7,64
9:27:55,2352.4,2352.6,2352.8,2,2,66
9:27:56,2352.8,2352.6,2352.8,6,4,61
9:27:56,2352.8,2352.6,2352.8,1,5,62
9:27:57,2352.8,2352.4,2352.8,9,7,66
9:27:57,2352.4,2352.4,2352.8,3,6,67
9:27:58,2352.4,2352.4,2352.6,8,1,8
9:27:58,2352.6,2352.4,2352.8,41,1,44
9:27:59,2352.4,2352.2,2352.4,32,39,8
9:27:59,2352.4,2352.2,2352.4,1,39,8
9:28:00,2352.4,2352.2,2352.4,5,39,3
9:28:00,2352.4,2352.2,2352.4,2,39,1
9:28:01,2352.2,2352.4,2352.6,6,2,8
9:28:01,2352.2,2352.4,2352.6,1,4,11
9:28:02,2352.4,2352.2,2352.6,6,34,9
9:28:02,2352.2,2352.2,2352.4,2,32,70
9:28:03,2352.4,2352.2,2352.4,27,31,52
9:28:03,2352.2,2352.2,2352.4,66,5,15
9:28:04,2352.2,2352,2352.2,9,35,26
9:28:04,2352.2,2352,2352.2,1,38,25
9:28:05,2352.2,2352,2352.2,12,28,24
9:28:05,2352.2,2352,2352.2,3,31,23
9:28:06,2352.2,2352,2352.2,5,31,18
9:28:06,2352,2352,2352.2,12,27,13
9:28:07,2352,2352,2352.2,12,17,11
9:28:07,2352,2352,2352.2,13,24,5
9:28:08,2352.4,2352.2,2352.4,6,1,16
9:28:08,2352.2,2352.2,2352.4,2,4,17
9:28:09,2352,2352.2,2352.4,23,10,15
9:28:09,2352.2,2352.2,2352.4,2,17,15
9:28:10,2352.2,2352.2,2352.4,3,14,15
9:28:10,2352.2,2352.2,2352.4,3,12,15
9:28:11,2352.2,2352.2,2352.6,32,10,5
9:28:12,2352.6,2352.6,2352.8,9,21,34
9:28:12,2352.6,2352.6,2352.8,8,13,35
9:28:13,2352.6,2352.6,2352.8,5,11,32
9:28:13,2352.8,2352.6,2352.8,4,9,31
9:28:14,2352.6,2352.6,2352.8,4,6,30
9:28:14,2352.8,2352.6,2352.8,3,5,29
9:28:15,2352.8,2352.4,2352.8,23,12,21
9:28:15,2352.8,2352.8,2353,33,4,59
9:28:16,2353,2352.8,2353,5,16,66
9:28:16,2353,2352.8,2353,6,7,61
9:28:17,2353,2352.8,2353,11,7,51
9:28:17,2353,2352.8,2353,13,5,41
9:28:18,2353,2352.8,2353,19,2,25
9:28:18,2352.8,2352.6,2352.8,34,8,6
9:28:19,2353.2,2353,2353.2,19,8,35
9:28:19,2353.2,2353,2353.2,26,4,18
9:28:20,2352.8,2352.8,2353,23,4,1
9:28:20,2353,2352.8,2353,7,5,4
9:28:21,2353,2352.8,2353.2,7,4,2
9:28:21,2352.8,2352.8,2353.2,5,8,9
9:28:22,2353,2353,2353.2,6,13,7
9:28:22,2353.2,2353,2353.2,16,1,5
9:28:23,2353.2,2353,2353.2,5,2,6
9:28:23,2353,2353.2,2353.4,11,14,77
9:28:24,2353,2352.8,2353,21,20,5
9:28:24,2353,2352.8,2353,13,19,5
9:28:25,2353.4,2353,2353.4,26,14,51
9:28:25,2353,2352.8,2353,21,9,23
9:28:26,2352.8,2352.8,2353,26,6,3
9:28:26,2353,2352.8,2353,10,6,3
9:28:27,2352.8,2352.8,2353,8,5,7
9:28:27,2353,2353,2353.2,8,5,12
9:28:28,2353,2353,2353.2,4,9,41
9:28:28,2352.8,2352.8,2353,31,23,6
9:28:29,2353,2352.8,2353,4,26,30
9:28:29,2353,2352.8,2353,1,27,33
9:28:30,2352.8,2352.8,2353,29,10,23
9:28:30,2353,2352.8,2353,6,9,19
9:28:31,2352.8,2352.8,2353,10,3,15
9:28:31,2352.8,2352.8,2353,12,9,8
9:28:32,2352.6,2352.4,2352.8,32,20,6
9:28:32,2352.8,2352.4,2352.8,7,20,4
9:28:33,2352.8,2352.6,2352.8,7,13,2
9:28:33,2352.6,2352.6,2353,5,10,8
9:28:34,2353,2352.6,2352.8,5,9,1
9:28:34,2352.8,2352.6,2352.8,3,7,1
9:28:35,2352.8,2352.8,2353,1,1,12
9:28:35,2352.6,2352.6,2353,4,8,12
9:28:36,2353,2352.6,2353,4,7,10
9:28:36,2353,2353,2353.2,16,1,61
9:28:37,2352.8,2352.8,2353,2,1,9
9:28:38,2352.8,2352.6,2352.8,2,7,12
9:28:38,2352.8,2352.6,2352.8,1,14,33
9:28:39,2352.6,2352.6,2352.8,2,12,21
9:28:39,2352.8,2352.6,2352.8,2,13,19
9:28:40,2352.6,2352.6,2352.8,3,12,19
9:28:40,2352.8,2352.6,2352.8,7,12,12
9:28:41,2352.8,2352.6,2352.8,1,13,11
9:28:41,2352.6,2352.4,2352.6,24,21,5
9:28:42,2352.6,2352.4,2352.6,3,20,3
9:28:42,2352.6,2352.8,2353,3,2,13
9:28:43,2353,2352.8,2353,1,3,14
9:28:44,2352.8,2352.6,2353,4,3,14
9:28:44,2352.8,2352.6,2352.8,1,3,2
9:28:45,2352.6,2352.6,2352.8,9,1,2
9:28:46,2352.8,2352.6,2352.8,2,3,6
9:28:47,2352.6,2352.6,2352.8,2,6,8
9:28:47,2352.8,2352.8,2353,11,11,26
9:28:48,2353,2352.8,2353,5,11,41
9:28:48,2352.8,2352.8,2353,3,9,51
9:28:49,2352.8,2352.6,2352.8,20,8,5
9:28:49,2352.8,2352.6,2352.8,4,8,11
9:28:50,2352.6,2352.6,2352.8,5,4,21
9:28:50,2352.6,2352.6,2352.8,2,4,21
9:28:51,2352.8,2352.6,2352.8,2,4,20
9:28:51,2352.8,2352.6,2352.8,7,4,8
9:28:52,2352.8,2352.6,2352.8,2,4,6
9:28:52,2352.6,2352.6,2352.8,1,7,6
9:28:53,2352.6,2352.6,2352.8,6,11,1
9:28:53,2352.8,2352.8,2353,1,6,64
9:28:54,2352.6,2352.4,2352.6,19,43,32
9:28:54,2352.6,2352.4,2352.6,5,43,27
9:28:55,2352.6,2352.4,2352.6,2,43,25
9:28:55,2352.6,2352.4,2352.6,7,38,87
9:28:56,2352.4,2352.4,2352.6,11,28,87
9:28:56,2352.4,2352.2,2352.4,35,39,5
9:28:57,2352.2,2352.2,2352.4,10,30,26
9:28:57,2352.4,2352.2,2352.4,34,19,14
9:28:58,2352.4,2352.2,2352.4,28,2,8
9:28:58,2352,2352,2352.2,6,48,22
9:28:59,2352,2352,2352.2,22,55,8
9:28:59,2352.2,2352.2,2352.4,27,4,7
9:29:00,2352.2,2352,2352.2,10,47,10
9:29:00,2352.2,2352,2352.2,6,54,6
9:29:01,2352.2,2352.2,2352.4,8,29,7
9:29:01,2352.4,2352.2,2352.4,16,21,16
9:29:02,2352.4,2352.2,2352.4,2,23,14
9:29:03,2352.2,2352.2,2352.4,5,23,15
9:29:03,2352.2,2352.2,2352.4,1,23,15
9:29:04,2352.2,2352.2,2352.4,2,23,16
9:29:04,2352.2,2352.2,2352.4,3,27,15
9:29:05,2352.4,2352.2,2352.4,2,27,15
9:29:05,2352.2,2352.2,2352.4,5,22,16
9:29:06,2352.2,2352.2,2352.4,2,21,15
9:29:06,2352.4,2352.2,2352.4,2,21,16
9:29:08,2352.4,2352.2,2352.4,21,1,21
9:29:09,2352,2352,2352.2,6,47,5
9:29:10,2352.2,2352,2352.2,2,48,3
9:29:11,2352,2352,2352.2,15,35,4
9:29:11,2352.2,2352,2352.2,1,38,4
9:29:12,2352,2352,2352.4,8,47,21
9:29:12,2352.4,2352,2352.4,5,47,20
9:29:13,2352,2352.2,2352.4,3,5,20
9:29:13,2352,2352.2,2352.4,1,4,20
9:29:14,2352,2352.2,2352.4,1,15,20
9:29:14,2352.4,2352.4,2352.6,22,13,87
9:29:15,2352.6,2352.4,2352.6,6,12,82
9:29:15,2352.6,2352.4,2352.6,1,13,81
9:29:16,2352.6,2352.4,2352.6,14,5,76
9:29:16,2352.6,2352.4,2352.6,4,5,72
9:29:17,2352.6,2352.4,2352.6,3,3,71
9:29:17,2352.4,2352.4,2352.6,3,2,70
9:29:18,2352.6,2352.2,2352.6,6,21,66
9:29:18,2352.6,2352.4,2352.6,3,2,63
9:29:19,2352.4,2352.4,2352.6,9,4,58
9:29:20,2352.6,2352.4,2352.6,2,3,57
9:29:20,2352.6,2352.4,2352.6,4,1,56
9:29:21,2352.6,2352.2,2352.6,2,24,55
9:29:21,2352.2,2352.2,2352.6,5,39,52
9:29:22,2352.2,2352.4,2352.6,3,3,53
9:29:22,2352.6,2352.4,2352.6,26,14,27
9:29:23,2352.6,2352.6,2352.8,30,6,9
9:29:24,2352.6,2352.6,2352.8,7,7,5
9:29:24,2352.6,2352.6,2352.8,1,6,5
9:29:25,2352.6,2352.6,2352.8,3,6,4
9:29:26,2352.8,2352.6,2352.8,1,6,3
9:29:26,2352.8,2352.6,2352.8,1,6,5
9:29:27,2352.6,2352.6,2353,9,4,87
9:29:27,2352.8,2352.6,2353,2,3,87
9:29:28,2353,2352.6,2352.8,2,3,1
9:29:28,2352.8,2352.6,2353,3,4,87
9:29:29,2353,2352.6,2352.8,2,4,2
9:29:29,2352.8,2352.6,2352.8,2,6,1
9:29:30,2352.8,2352.8,2353,6,2,83
9:29:30,2353,2352.8,2353,12,2,71
9:29:31,2353,2352.8,2353,21,3,50
9:29:32,2352.6,2352.8,2353,27,6,47
9:29:32,2352.8,2352.8,2353,38,8,12
9:29:33,2353.2,2352.8,2353.2,30,9,77
9:29:33,2353.2,2352.8,2353.2,24,4,63
9:29:34,2353.2,2352.6,2353.2,13,1,59
9:29:34,2353.2,2353,2353.2,17,51,55
9:29:35,2353.2,2353,2353.2,10,48,48
9:29:35,2353.2,2353,2353.2,36,46,13
9:29:36,2353.2,2353.2,2353.4,42,7,23
9:29:36,2353.4,2353.2,2353.4,2,6,22
9:29:37,2353.2,2353.2,2353.4,6,19,24
9:29:37,2353.2,2353.2,2353.6,27,16,72
9:29:38,2353.6,2353.4,2353.6,6,17,98
9:29:38,2353.4,2353.4,2353.6,8,15,98
9:29:39,2353.4,2353.4,2353.6,23,7,85
9:29:39,2353.4,2353.2,2353.4,10,17,6
9:29:40,2353.4,2353.2,2353.4,26,10,6
9:29:40,2353.4,2353.2,2353.4,9,7,16
9:29:41,2353.4,2353.2,2353.4,3,27,16
9:29:41,2353.4,2353.2,2353.4,3,26,19
9:29:42,2353.4,2353.2,2353.4,5,25,12
9:29:42,2353.2,2353.2,2353.4,10,23,9
9:29:43,2353.2,2353,2353.2,23,50,7
9:29:43,2353.2,2353,2353.2,1,51,11
9:29:44,2353,2353,2353.2,15,37,13
9:29:44,2353,2353,2353.2,12,25,20
9:29:45,2353,2353,2353.2,17,9,24
9:29:45,2353,2353,2353.2,4,5,25
9:29:46,2353,2352.8,2353,7,11,9
9:29:46,2353,2352.8,2353,6,11,9
9:29:47,2353,2352.8,2353,10,11,3
9:29:47,2352.8,2352.8,2353,3,18,8
9:29:48,2353,2352.8,2353,5,19,22
9:29:48,2352.8,2352.8,2353,15,12,26
9:29:49,2352.8,2352.8,2353,3,10,26
9:29:49,2353,2352.8,2353,1,10,30
9:29:50,2353,2352.8,2353,1,10,36
9:29:50,2353,2352.8,2353,4,9,34
9:29:51,2352.8,2352.8,2353,3,8,33
9:29:51,2353,2352.8,2353,2,8,31
9:29:52,2352.8,2352.6,2352.8,18,11,4
9:29:52,2352.8,2352.6,2352.8,2,12,20
9:29:53,2352.8,2352.6,2352.8,18,4,5
9:29:53,2352.6,2352.4,2352.6,7,23,26
9:29:54,2352.6,2352.4,2352.6,7,23,16
9:29:54,2352.4,2352.4,2352.6,7,18,14
9:29:55,2352.4,2352.4,2352.6,6,17,10
9:29:56,2352.4,2352.4,2352.6,9,9,9
9:29:56,2352.4,2352.4,2352.6,5,7,6
9:29:57,2352.4,2352.2,2352.4,9,24,10
9:29:57,2352.4,2352.2,2352.4,3,23,9
9:29:58,2352.4,2352.4,2352.6,12,2,7
9:29:58,2352.4,2352.4,2352.6,7,1,7
9:29:59,2352.4,2352.4,2352.6,2,1,6
9:29:59,2352.2,2352.2,2352.6,12,13,18
9:30:00,2352.2,2352.2,2352.4,5,13,2
9:30:00,2352.4,2352.2,2352.4,28,6,6
9:30:01,2352,2352,2352.2,16,69,15
9:30:01,2352.2,2352,2352.2,5,70,11
9:30:02,2352,2352,2352.2,6,68,8
9:30:02,2352,2352,2352.4,33,45,8
9:30:03,2352.2,2352,2352.4,10,44,7
9:30:03,2352,2352,2352.4,3,42,15
9:30:04,2352.2,2352.2,2352.4,3,1,18
9:30:04,2352,2352,2352.2,19,39,4
9:30:05,2352.2,2352,2352.2,11,39,1
9:30:05,2352,2352,2352.4,6,38,4
9:30:06,2352,2352,2352.4,4,34,4
9:30:06,2352,2352,2352.4,4,33,1
9:30:07,2352,2352,2352.4,4,31,1
9:30:07,2352,2352,2352.2,3,29,2
9:30:08,2352,2352,2352.2,4,27,2
9:30:08,2352,2352,2352.2,6,22,6
9:30:09,2352,2352,2352.2,9,22,4
9:30:09,2352,2352,2352.2,5,17,7
9:30:10,2352,2352,2352.2,25,1,1
9:30:11,2352,2351.8,2352,21,1,12
9:30:11,2352,2351.8,2352,5,1,11
9:30:12,2351.8,2351.6,2352,6,8,9
9:30:12,2352,2351.6,2352,4,16,6
9:30:13,2351.8,2351.8,2352,7,2,9
9:30:13,2351.8,2351.6,2352,9,12,10
9:30:14,2351.6,2351.6,2352,8,12,4
9:30:14,2351.8,2351.8,2352,4,2,6
9:30:15,2352,2352,2352.2,11,9,7
9:30:15,2352,2352,2352.2,10,19,7
9:30:16,2352,2352,2352.2,9,51,7
9:30:16,2352,2352,2352.2,9,52,7
9:30:17,2352.2,2352.2,2352.4,10,3,6
9:30:17,2352.4,2352.2,2352.4,3,3,3
9:30:18,2352.4,2352.4,2352.6,21,2,5
9:30:18,2352.6,2352.4,2352.6,5,9,1
9:30:19,2352.6,2352.6,2352.8,2,1,15
9:30:19,2352.6,2352.6,2352.8,3,1,14
9:30:20,2352.8,2352.6,2352.8,7,4,9
9:30:21,2352.8,2352.6,2352.8,4,5,5
9:30:21,2352.6,2352.6,2352.8,5,1,15
9:30:22,2352.6,2352.4,2352.6,9,9,2
9:30:22,2352.6,2352.4,2352.6,1,9,1
9:30:23,2352.6,2352.4,2352.8,1,9,20
9:30:23,2352.8,2352.6,2352.8,1,1,19
9:30:24,2352.8,2352.6,2352.8,1,1,29
9:30:25,2352.6,2352.4,2352.8,2,11,28
9:30:25,2352.8,2352.6,2352.8,22,1,8
9:30:26,2353,2352.6,2353,10,1,49
9:30:27,2353,2352.6,2353,6,6,43
9:30:27,2352.6,2352.6,2353,1,9,43
9:30:28,2352.6,2352.6,2353,1,10,43
9:30:28,2353,2352.6,2353,4,12,41
9:30:29,2352.6,2352.6,2353,11,10,37
9:30:29,2352.6,2352.6,2353,2,8,37
9:30:30,2352.6,2352.6,2352.8,3,9,3
9:30:30,2352.8,2352.6,2352.8,1,10,6
9:30:31,2352.8,2352.6,2352.8,2,10,9
9:30:31,2352.8,2352.6,2352.8,2,11,7
9:30:32,2352.6,2352.6,2352.8,3,8,7
9:30:32,2352.8,2352.6,2352.8,1,8,6
9:30:33,2353,2352.6,2353,14,8,39
9:30:34,2353,2352.8,2353,8,1,38
9:30:34,2352.6,2352.4,2352.6,5,18,4
9:30:35,2352.8,2352.4,2352.8,6,19,10
9:30:35,2352.6,2352.4,2352.8,1,18,11
9:30:36,2352.8,2352.4,2352.8,1,18,10
9:30:37,2352.6,2352.4,2352.8,1,17,11
9:30:37,2352.8,2352.6,2352.8,1,5,10
9:30:38,2352.6,2352.6,2352.8,3,5,10
9:30:38,2352.8,2352.6,2352.8,1,9,9
9:30:39,2352.6,2352.6,2352.8,1,15,9
9:30:39,2352.6,2352.6,2352.8,1,14,9
9:30:40,2352.8,2352.6,2352.8,1,10,8
9:30:40,2352.8,2352.6,2352.8,2,9,22
9:30:41,2352.6,2352.4,2352.6,4,31,3
9:30:41,2352.6,2352.4,2352.8,10,29,22
9:30:42,2352.8,2352.4,2352.6,2,27,2
9:30:42,2352.8,2352.4,2352.6,4,26,1
9:30:43,2352.4,2352.4,2352.8,2,23,28
9:30:43,2352.6,2352.4,2352.6,2,23,3
9:30:44,2352.8,2352.4,2352.6,33,23,6
9:30:44,2352.4,2352.4,2352.6,3,24,4
9:30:45,2352.4,2352.4,2352.6,5,19,6
9:30:46,2352.4,2352.4,2352.6,3,19,6
9:30:46,2352.4,2352.4,2352.6,3,17,6
9:30:47,2352.4,2352.4,2352.6,14,8,2
9:30:48,2352.4,2352.4,2352.6,3,5,2
9:30:48,2352.6,2352.2,2352.8,8,18,9
9:30:49,2352.4,2352.2,2352.4,1,18,9
9:30:50,2352.4,2352.2,2352.4,1,19,8
9:30:50,2352.4,2352.4,2352.6,8,57,1
9:30:51,2352.6,2352.6,2352.8,11,7,15
9:30:51,2352.8,2352.6,2352.8,9,18,7
9:30:52,2352.6,2352.6,2352.8,2,35,8
9:30:52,2352.6,2352.6,2352.8,7,34,8
9:30:53,2352.8,2352.8,2353,19,1,92
9:30:54,2353,2352.8,2353,1,1,91
9:30:54,2352.8,2352.6,2352.8,3,21,1
9:30:55,2353,2352.8,2353,2,1,97
9:30:56,2352.8,2352.6,2352.8,9,19,3
9:30:56,2352.6,2352.6,2352.8,3,18,11
9:30:57,2352.8,2352.6,2352.8,2,9,11
9:30:58,2352.6,2352.6,2352.8,4,5,14
9:30:58,2352.8,2352.6,2352.8,19,1,4
9:30:59,2352.8,2352.6,2352.8,2,8,14
9:31:00,2352.6,2352.6,2352.8,2,8,17
9:31:00,2353,2352.8,2353,30,4,105
9:31:01,2353,2352.8,2353,6,6,101
9:31:01,2352.8,2352.6,2352.8,9,10,7
9:31:02,2352.8,2352.8,2353,11,3,99
9:31:02,2352.8,2352.6,2352.8,3,12,4
9:31:03,2352.8,2352.6,2353,5,28,99
9:31:03,2352.8,2352.6,2353,4,28,97
9:31:04,2352.6,2352.4,2352.6,31,42,3
9:31:04,2353,2352.4,2352.6,64,42,6
9:31:05,2352.6,2352.4,2352.6,4,44,2
9:31:05,2352.6,2352.4,2352.8,2,45,4
9:31:06,2352.8,2352.4,2352.8,6,43,5
9:31:06,2352.6,2352.6,2352.8,5,4,8
9:31:07,2352.8,2352.6,2352.8,2,4,6
9:31:07,2352.4,2352.6,2352.8,9,1,6
9:31:08,2352.6,2352.6,2352.8,6,2,1
9:31:08,2352.8,2352.8,2353,7,5,42
9:31:09,2352.6,2352.4,2352.6,25,47,1
9:31:09,2352.6,2352.6,2352.8,24,3,4
9:31:10,2352.6,2352.6,2352.8,4,13,9
9:31:10,2352.6,2352.4,2352.6,30,15,1
9:31:11,2352.2,2352.2,2352.6,25,17,4
9:31:11,2352.4,2352,2352.4,23,92,1
9:31:12,2352,2352,2352.2,21,72,2
9:31:12,2352,2352,2352.2,27,53,1
9:31:13,2352,2352,2352.2,40,16,1
9:31:13,2352,2351.8,2352,19,22,5
9:31:14,2352.2,2351.8,2352,25,10,1
9:31:14,2351.8,2351.8,2352,3,17,14
9:31:15,2351.6,2351.6,2351.8,21,35,11
9:31:15,2351.6,2351.6,2351.8,9,27,10
9:31:16,2351.6,2351.6,2352,18,23,22
9:31:16,2351.6,2351.6,2351.8,5,18,2
9:31:17,2351.6,2351.6,2351.8,11,9,1
9:31:17,2351.6,2351.6,2351.8,7,2,3
9:31:18,2351.8,2352,2352.4,33,1,15
9:31:18,2352,2351.8,2352,4,7,6
9:31:19,2352,2351.8,2352,5,11,1
9:31:19,2352,2351.8,2352,4,9,5
9:31:20,2352,2352,2352.4,10,49,16
9:31:20,2352,2352.2,2352.4,2,5,16
9:31:21,2352.2,2352.2,2352.4,12,4,16
9:31:21,2352,2352,2352.4,10,47,7
9:31:22,2352,2352,2352.2,1,55,1
9:31:23,2352,2352,2352.2,1,54,2
9:31:23,2352.2,2352.2,2352.4,6,3,7
9:31:24,2352,2352,2352.4,4,52,9
9:31:24,2352,2352,2352.2,1,57,4
9:31:25,2352.2,2352,2352.2,4,55,5
9:31:25,2352,2352,2352.2,1,53,6
9:31:26,2352,2352,2352.2,3,52,7
9:31:26,2352.2,2352,2352.2,1,52,6
9:31:27,2352,2352,2352.2,1,51,8
9:31:27,2352,2352,2352.2,2,50,8
9:31:28,2352,2352,2352.2,12,44,2
9:31:28,2352.2,2352.2,2352.4,7,3,10
9:31:29,2352.2,2352.2,2352.4,2,1,11
9:31:29,2352.2,2352,2352.2,11,59,1
9:31:30,2352,2352,2352.2,10,56,1
9:31:30,2352,2352,2352.4,3,54,13
9:31:31,2352.4,2352.2,2352.4,6,2,6
9:31:31,2352.2,2352.2,2352.4,5,3,7
9:31:32,2352.2,2352.2,2352.4,9,1,5
9:31:32,2352.2,2352,2352.2,1,60,1
9:31:33,2352,2352,2352.2,1,80,3
9:31:34,2352.2,2352.2,2352.4,5,12,17
9:31:34,2352.2,2352.2,2352.4,2,11,20
9:31:35,2352.2,2352.2,2352.4,2,15,20
9:31:36,2352.2,2352.2,2352.4,3,22,21
9:31:36,2352.2,2352.2,2352.4,20,2,21
9:31:37,2352,2352,2352.2,26,101,7
9:31:37,2352,2352,2352.2,21,81,6
9:31:38,2352.2,2352,2352.2,3,80,5
9:31:38,2352,2352,2352.2,2,78,10
9:31:39,2352,2352,2352.2,4,75,18
9:31:39,2352,2352,2352.2,11,64,18
9:31:40,2352,2352,2352.2,6,59,17
9:31:40,2352.2,2352,2352.2,36,35,14
9:31:41,2352,2352,2352.2,10,25,24
9:31:41,2352.2,2352,2352.2,11,16,24
9:31:42,2352,2351.8,2352,16,6,17
9:31:42,2352.2,2352,2352.2,20,24,23
9:31:43,2352,2351.8,2352,25,5,27
9:31:43,2352,2351.8,2352,23,8,21
9:31:44,2351.8,2351.8,2352,2,6,23
9:31:44,2352,2351.8,2352,11,5,18
9:31:45,2352,2351.8,2352,16,5,2
9:31:45,2352.2,2352,2352.2,3,1,26
9:31:46,2352,2351.8,2352,7,11,1
9:31:46,2351.8,2352,2352.2,6,3,17
9:31:47,2352,2351.8,2352,3,11,1
9:31:47,2352,2352,2352.2,4,8,17
9:31:48,2352,2352,2352.2,6,3,21
9:31:49,2352.2,2352,2352.2,7,93,22
9:31:49,2352.2,2352,2352.4,38,93,30
9:31:50,2352.4,2352.2,2352.4,37,25,10
9:31:50,2352.4,2352.4,2352.6,15,11,58
9:31:51,2352.4,2352.4,2352.6,9,3,57
9:31:51,2352.4,2352.2,2352.6,6,31,57
9:31:52,2352.6,2352.2,2352.6,1,31,56
9:31:52,2352.6,2352.2,2352.6,6,27,55
9:31:53,2352.6,2352.2,2352.6,5,26,51
9:31:53,2352.4,2352.4,2352.6,41,12,12
9:31:54,2352.4,2352.4,2352.6,1,12,12
9:31:54,2352.8,2352.8,2353,40,3,66
9:31:55,2353,2352.6,2352.8,16,2,1
9:31:55,2352.8,2352.6,2352.8,3,7,1
9:31:56,2353,2352.8,2353,3,5,59
9:31:56,2352.8,2352.8,2353,11,1,56
9:31:57,2353,2352.6,2352.8,17,1,5
9:31:57,2352.8,2352.6,2353,11,20,49
9:31:58,2353,2352.8,2353,22,2,64
9:31:58,2353,2352.6,2352.8,16,4,1
9:31:59,2353,2352.8,2353,14,10,45
9:31:59,2353,2352.8,2353,20,2,33
9:32:00,2352.8,2352.6,2352.8,9,4,1
9:32:00,2352.8,2352.6,2352.8,22,1,14
9:32:01,2352.8,2352.8,2353,19,9,25
9:32:01,2352.8,2352.8,2353,23,7,11
9:32:02,2352.8,2352.6,2352.8,37,1,8
9:32:02,2352.8,2352.6,2352.8,8,2,5
9:32:03,2353.2,2352.8,2353.2,27,1,68
9:32:03,2352.6,2352.6,2353,11,10,1
9:32:04,2352.8,2352.6,2353,2,11,6
9:32:04,2353,2352.6,2353,2,13,4
9:32:05,2353,2353,2353.2,20,1,64
9:32:05,2353,2352.8,2353,4,1,42
9:32:06,2353,2352.8,2353,2,9,40
9:32:06,2353,2352.8,2353,26,11,17
9:32:07,2353,2352.8,2353,3,11,16
9:32:07,2353,2352.8,2353,5,12,11
9:32:08,2352.8,2352.8,2353.2,16,11,72
9:32:09,2353,2352.6,2353,21,20,3
9:32:09,2353,2352.6,2352.8,2,21,8
9:32:10,2352.8,2352.6,2352.8,5,21,6
9:32:10,2352.8,2352.8,2353,5,4,35
9:32:11,2352.8,2352.8,2353,8,3,31
9:32:11,2353,2352.8,2353,1,9,31
9:32:12,2352.8,2352.8,2353,5,7,31
9:32:12,2352.8,2352.8,2353,5,6,31
9:32:13,2353,2352.8,2353,22,8,12
9:32:13,2353,2352.8,2353,4,14,10
9:32:14,2352.8,2352.6,2352.8,20,47,29
9:32:15,2352.8,2352.6,2352.8,2,46,27
9:32:15,2352.6,2352.6,2352.8,5,46,30
9:32:16,2352.6,2352.6,2352.8,17,31,30
9:32:16,2352.6,2352.6,2352.8,6,34,26
9:32:17,2352.6,2352.6,2352.8,31,23,6
9:32:17,2352.6,2352.4,2352.6,27,31,2
9:32:18,2352.6,2352.4,2352.6,1,30,1
9:32:18,2352.6,2352.4,2352.6,2,29,2
9:32:19,2353,2352.4,2353,21,28,19
9:32:19,2352.8,2352.8,2353,2,1,20
9:32:20,2352.8,2352.8,2353,7,5,23
9:32:20,2352.8,2352.6,2353,5,1,24
9:32:21,2352.8,2352.6,2353,1,5,31
9:32:22,2353,2352.6,2353,20,6,10
9:32:22,2353.2,2352.8,2353.2,33,1,69
9:32:23,2352.8,2352.8,2353,1,4,1
9:32:23,2353.2,2352.8,2353,4,5,41
9:32:24,2353,2352.8,2353,12,10,35
9:32:24,2352.8,2352.8,2353,23,10,13
9:32:25,2353,2352.6,2352.8,12,20,10
9:32:25,2352.8,2352.6,2352.8,4,21,11
9:32:26,2352.8,2352.6,2352.8,1,23,13
9:32:26,2352.8,2352.6,2352.8,13,24,4
9:32:27,2352.8,2352.8,2353,10,48,25
9:32:27,2353,2352.8,2353,70,22,5
9:32:28,2353,2353,2353.2,6,21,73
9:32:28,2352.8,2352.8,2353.2,39,20,73
9:32:29,2353,2352.8,2353.2,24,19,64
9:32:29,2353,2353,2353.2,2,1,63
9:32:30,2353.2,2352.8,2353.2,27,19,37
9:32:30,2353,2352.8,2353.2,23,25,15
9:32:31,2353.2,2353,2353.2,13,14,3
9:32:31,2353.2,2353.2,2353.4,14,2,37
9:32:32,2353.4,2353.2,2353.4,17,1,24
9:32:32,2353.4,2353.2,2353.4,18,4,6
9:32:33,2353.6,2353.4,2353.6,12,16,53
9:32:33,2353.6,2353.4,2353.6,38,4,40
9:32:34,2353.4,2353.2,2353.4,30,10,7
9:32:34,2353.4,2353.4,2353.6,53,6,3
9:32:35,2353.4,2353.4,2353.6,16,4,6
9:32:35,2353.4,2353.4,2353.6,7,1,14
9:32:36,2353.4,2353,2353.4,27,11,2
9:32:36,2353.4,2353.2,2353.4,4,10,4
9:32:37,2353.4,2353.2,2353.4,20,9,4
9:32:37,2353.4,2353.2,2353.4,3,9,9
9:32:38,2353.2,2353.2,2353.4,13,12,2
9:32:39,2353.6,2353.2,2353.6,5,16,18
9:32:39,2353.6,2353.4,2353.6,15,3,6
9:32:40,2353.4,2353.2,2353.6,9,13,12
9:32:40,2353.2,2353.4,2353.6,6,5,12
9:32:41,2353.6,2353.4,2353.6,7,2,10
9:32:41,2353.6,2353.4,2353.6,9,7,2
9:32:42,2353.6,2353.4,2353.6,2,9,3
9:32:42,2353.6,2353.4,2353.8,11,11,151
9:32:43,2353.4,2353.4,2353.6,4,10,3
9:32:43,2353.4,2353.4,2353.6,11,6,30
9:32:44,2353.4,2353.4,2353.6,14,2,42
9:32:44,2353.6,2353.4,2353.6,19,6,36
9:32:45,2353.6,2353.4,2353.6,4,8,42
9:32:45,2353.4,2353.4,2353.6,6,4,43
9:32:46,2353.6,2353.4,2353.6,5,2,40
9:32:46,2353.4,2353.2,2353.4,9,16,7
9:32:47,2353.4,2353.2,2353.4,8,15,3
9:32:47,2353.4,2353.2,2353.6,8,15,44
9:32:48,2353.2,2353.2,2353.4,4,15,2
9:32:48,2353.6,2353.4,2353.6,7,8,41
9:32:49,2353.6,2353.4,2353.6,7,10,35
9:32:49,2353.4,2353.4,2353.6,2,10,35
9:32:50,2353.4,2353.4,2353.6,2,18,35
9:32:50,2353.4,2353.4,2353.6,4,16,35
9:32:51,2353.6,2353.4,2353.6,8,16,28
9:32:51,2353.6,2353.4,2353.6,10,12,24
9:32:52,2353.4,2353.4,2353.6,20,11,25
9:32:52,2353.6,2353.4,2353.6,8,10,22
9:32:53,2353.6,2353.4,2353.6,7,31,18
9:32:54,2353.6,2353.4,2353.6,26,11,15
9:32:54,2353.6,2353.2,2353.6,26,23,24
9:32:55,2353.6,2353.2,2353.6,24,12,12
9:32:55,2353.2,2353.2,2353.4,9,14,4
9:32:56,2353.6,2353.2,2353.6,14,13,11
9:32:56,2353.2,2353.2,2353.4,1,13,4
9:32:57,2353.4,2353.2,2353.6,7,17,16
9:32:57,2353.6,2353.2,2353.4,2,17,1
9:32:58,2353.2,2353.4,2353.6,4,1,24
9:32:58,2353.4,2353.4,2353.6,7,13,22
9:32:59,2353.6,2353.6,2353.8,26,78,193
9:33:00,2353.6,2353.6,2353.8,4,74,193
9:33:00,2353.8,2353.6,2353.8,75,48,145
9:33:01,2353.8,2353.6,2353.8,151,43,1
9:33:01,2354,2354,2354.2,81,3,35
9:33:02,2354.4,2354.2,2354.4,69,5,53
9:33:02,2354.2,2354,2354.2,43,22,7
9:33:03,2354.2,2354.2,2354.4,38,25,23
9:33:03,2354.2,2354,2354.2,45,23,12
9:33:04,2354.2,2354,2354.2,13,20,20
9:33:04,2354,2353.8,2354,35,41,7
9:33:05,2354,2353.8,2354,33,37,47
9:33:05,2353.8,2353.8,2354,27,32,41
9:33:06,2353.8,2353.8,2354,40,15,21
9:33:06,2353.8,2353.6,2353.8,21,62,16
9:33:07,2353.6,2353.6,2353.8,11,61,10
9:33:07,2354,2353.8,2354,17,20,30
9:33:08,2353.8,2353.6,2353.8,21,60,6
9:33:08,2353.8,2353.6,2354,16,62,55
9:33:09,2354,2353.8,2354,1,3,44
9:33:09,2354,2353.8,2354,4,1,42
9:33:10,2353.8,2353.6,2353.8,11,60,6
9:33:10,2353.8,2353.6,2353.8,10,61,3
9:33:11,2353.8,2353.6,2353.8,9,62,9
9:33:11,2353.8,2353.6,2353.8,7,71,4
9:33:12,2353.8,2353.6,2354,13,70,44
9:33:12,2353.6,2353.8,2354,9,3,47
9:33:13,2353.8,2353.6,2354,5,61,46
9:33:13,2353.8,2353.6,2353.8,11,64,14
9:33:14,2354,2353.8,2354,18,1,44
9:33:14,2353.8,2353.6,2353.8,13,65,2
9:33:15,2353.8,2353.6,2353.8,39,36,1
9:33:15,2353.4,2353.4,2353.8,48,45,3
9:33:16,2353.4,2353.4,2353.6,7,45,32
9:33:16,2353.6,2353.4,2353.6,4,45,29
9:33:17,2353.6,2353.4,2353.6,30,43,4
9:33:17,2353.8,2353.4,2353.8,15,41,29
9:33:18,2353.8,2353.4,2353.6,10,38,5
9:33:18,2353.4,2353.4,2353.6,10,37,6
9:33:19,2353.6,2353.4,2353.6,3,37,4
9:33:19,2353.6,2353.4,2353.6,5,37,10
9:33:20,2353.6,2353.6,2353.8,13,3,30
9:33:20,2353.6,2353.6,2353.8,9,7,30
9:33:21,2353.6,2353.6,2353.8,1,16,33
9:33:22,2353.6,2353.6,2353.8,6,25,51
9:33:22,2353.8,2353.6,2353.8,17,29,38
9:33:23,2353.6,2353.6,2353.8,3,27,38
9:33:23,2353.6,2353.6,2353.8,2,26,37
9:33:24,2353.8,2353.6,2353.8,4,22,39
9:33:24,2353.8,2353.6,2353.8,2,21,40
9:33:25,2353.6,2353.6,2353.8,10,12,42
9:33:25,2353.6,2353.6,2353.8,5,9,41
9:33:26,2353.6,2353.6,2353.8,5,6,42
9:33:26,2353.6,2353.4,2353.6,12,32,3
9:33:27,2353.6,2353.4,2353.8,4,32,43
9:33:27,2353.4,2353.4,2353.8,5,30,41
9:33:28,2353.8,2353.6,2353.8,11,5,33
9:33:28,2353.6,2353.6,2353.8,4,5,30
9:33:29,2353.6,2353.6,2353.8,3,5,42
9:33:29,2353.6,2353.6,2353.8,3,8,49
9:33:30,2353.6,2353.4,2353.6,22,32,2
9:33:30,2353.4,2353.4,2353.6,11,26,1
9:33:31,2353.6,2353.4,2353.6,21,11,7
9:33:31,2353.6,2353.4,2353.6,5,11,8
9:33:32,2353.4,2353.4,2353.6,33,2,21
9:33:32,2353.4,2353.2,2353.4,6,34,29
9:33:33,2353.2,2353.2,2353.4,6,31,28
9:33:33,2353.2,2353.2,2353.4,6,27,27
9:33:34,2353.2,2353.2,2353.4,14,21,23
9:33:34,2353,2353,2353.2,28,51,20
9:33:35,2353.2,2353,2353.2,27,45,1
9:33:35,2353,2353,2353.4,12,46,14
9:33:36,2353.2,2353,2353.2,12,42,5
9:33:36,2353.2,2353,2353.2,13,37,12
9:33:37,2353,2353,2353.2,23,14,16
9:33:37,2353,2353,2353.2,9,8,22
9:33:38,2353.2,2353,2353.2,13,3,14
9:33:38,2353,2352.8,2353,13,31,1
9:33:39,2353,2353,2353.2,17,10,9
9:33:39,2353,2353,2353.2,13,4,3
9:33:40,2353,2352.8,2353,11,42,5
9:33:40,2353.2,2353,2353.2,15,6,1
9:33:41,2352.8,2352.8,2353.4,14,39,19
9:33:41,2353,2352.8,2353,21,38,1
9:33:42,2352.8,2352.8,2353.2,11,29,6
9:33:42,2352.8,2353,2353.2,2,6,8
9:33:43,2353.2,2352.8,2353.4,39,16,27
9:33:43,2353.2,2353.2,2353.4,4,2,26
9:33:44,2353,2352.8,2353,27,17,9
9:33:44,2352.8,2352.8,2353,7,16,6
9:33:45,2353.6,2353,2353.2,60,2,31
9:33:45,2353.2,2353,2353.2,6,7,25
9:33:46,2353.2,2353,2353.2,7,8,21
9:33:46,2353,2353,2353.2,7,3,19
9:33:47,2353.2,2353,2353.2,2,7,17
9:33:47,2353,2353,2353.2,6,2,32
9:33:48,2353,2353,2353.2,5,1,29
9:33:48,2353,2352.8,2353,3,27,12
9:33:49,2353,2352.8,2353,4,28,58
9:33:49,2352.8,2352.8,2353,7,28,60
9:33:50,2352.8,2352.8,2353,11,19,55
9:33:50,2352.8,2352.6,2352.8,35,52,1
9:33:51,2352.6,2352.6,2352.8,2,54,11
9:33:51,2352.8,2352.6,2352.8,12,44,18
9:33:52,2352.6,2352.4,2352.6,48,25,3
9:33:52,2352.4,2352.4,2352.8,10,21,8
9:33:53,2352.6,2352.4,2352.8,33,5,13
9:33:53,2352.4,2352.4,2352.6,3,4,1
9:33:54,2352.4,2352.4,2352.8,4,5,11
9:33:54,2352.4,2352.4,2352.8,5,2,15
9:33:55,2352.4,2352.4,2352.6,1,11,21
9:33:55,2352.4,2352.2,2352.4,24,16,36
9:33:56,2352.2,2352.4,2352.6,46,4,17
9:33:56,2352.4,2352.2,2352.4,10,19,24
9:33:57,2352.4,2352.2,2352.4,19,2,23
9:33:57,2352.2,2352,2352.2,13,43,5
9:33:58,2352.2,2352,2352.2,8,44,23
9:33:58,2352.4,2352.2,2352.4,43,3,22
9:33:59,2352.2,2352,2352.2,22,35,16
9:33:59,2352.2,2352,2352.2,10,32,10
9:34:00,2352,2352,2352.2,11,26,8
9:34:00,2352,2351.8,2352,43,25,7
9:34:01,2352,2351.8,2352,10,23,2
9:34:01,2352.2,2352,2352.2,6,4,6
9:34:02,2352,2352,2352.4,9,2,4
9:34:02,2352,2352,2352.4,8,16,4
9:34:03,2352.4,2352.4,2352.6,18,1,13
9:34:03,2352.4,2352,2352.4,36,19,9
9:34:04,2352.4,2352.2,2352.4,2,1,15
9:34:04,2352.2,2352,2352.2,10,17,7
9:34:05,2352.2,2352,2352.2,5,15,8
9:34:05,2352.2,2352,2352.2,4,15,6
9:34:06,2352.2,2352.2,2352.4,9,1,22
9:34:06,2352.2,2352,2352.2,4,35,1
9:34:07,2352.2,2352,2352.4,4,43,20
9:34:07,2352.2,2352.2,2352.4,14,6,11
9:34:08,2352.2,2352,2352.4,45,37,7
9:34:08,2352,2352,2352.4,6,37,4
9:34:09,2352.4,2352.4,2352.6,17,40,16
9:34:09,2352.4,2352.4,2352.6,20,60,7
9:34:10,2352.4,2352.4,2352.6,11,59,1
9:34:10,2352.4,2352.4,2352.8,4,56,7
9:34:11,2352.8,2352.8,2353,9,7,84
9:34:11,2353,2352.6,2353,22,5,84
9:34:12,2352.6,2352.6,2352.8,4,6,31
9:34:12,2352.4,2352.4,2352.8,8,57,45
9:34:13,2352.8,2352.4,2352.8,1,57,45
9:34:13,2352.8,2352.4,2352.8,9,57,36
9:34:14,2352.8,2352.4,2352.8,2,57,35
9:34:14,2352.8,2352.6,2352.8,1,1,35
9:34:15,2352.8,2352.6,2352.8,1,1,37
9:34:16,2352.8,2352.6,2352.8,4,1,37
9:34:16,2352.6,2352.4,2352.8,10,61,28
9:34:17,2352.6,2352.4,2352.8,5,59,26
9:34:18,2352.8,2352.4,2352.6,5,59,3
9:34:18,2352.6,2352.4,2352.6,6,59,5
9:34:19,2352.6,2352.4,2352.6,9,55,4
9:34:19,2352.6,2352.4,2352.6,4,54,3
9:34:20,2352.6,2352.6,2352.8,3,15,23
9:34:20,2352.6,2352.4,2352.6,20,53,36
9:34:21,2352.6,2352.4,2352.6,10,54,29
9:34:21,2352.4,2352.4,2352.6,12,54,21
9:34:22,2352.6,2352.4,2352.6,7,54,18
9:34:22,2352.4,2352.4,2352.6,14,44,15
9:34:23,2352.6,2352.6,2352.8,16,2,24
9:34:23,2352.6,2352.4,2352.6,21,40,3
9:34:24,2352.6,2352.4,2352.8,4,41,50
9:34:24,2352.6,2352.6,2352.8,5,12,49
9:34:25,2352.6,2352.6,2352.8,7,6,50
9:34:25,2352.6,2352.4,2352.6,37,15,4
9:34:26,2352.8,2352.4,2352.8,6,14,49
9:34:26,2352.8,2352.6,2352.8,20,2,46
9:34:27,2352.6,2352.6,2352.8,3,5,45
9:34:27,2352.8,2352.6,2352.8,64,1,44
9:34:28,2352.6,2352,2352.6,3,83,1
9:34:28,2352.6,2352.4,2352.6,2,1,8
9:34:29,2352.4,2352.2,2352.4,7,5,2
9:34:29,2352.4,2352.4,2352.6,4,10,53
9:34:30,2352.6,2352.4,2352.6,8,11,47
9:34:30,2352.4,2352.2,2352.4,15,6,6
9:34:31,2352.4,2352.2,2352.4,3,5,14
9:34:31,2352.4,2352.2,2352.4,1,5,28
9:34:32,2352.4,2352.2,2352.4,10,2,44
9:34:32,2352.2,2352,2352.2,6,87,7
9:34:33,2352,2352,2352.2,17,75,6
9:34:33,2352,2352,2352.2,7,70,17
9:34:34,2352,2352,2352.2,7,68,22
9:34:34,2352,2352,2352.2,29,40,31
9:34:35,2352,2352,2352.2,10,36,25
9:34:35,2352,2352,2352.2,12,31,21
9:34:36,2352.2,2352,2352.2,12,23,19
9:34:36,2352,2352,2352.2,8,19,16
9:34:37,2352.2,2352,2352.2,9,15,15
9:34:37,2352.2,2352,2352.2,4,17,14
9:34:38,2352.2,2352,2352.2,5,16,13
9:34:38,2352,2352,2352.2,10,7,12
9:34:39,2351.8,2351.8,2352.4,73,60,37
9:34:39,2351.8,2352,2352.2,4,1,5
9:34:40,2352,2351.8,2352,14,58,1
9:34:40,2352,2352,2352.2,16,8,20
9:34:41,2352.2,2352,2352.2,22,4,23
9:34:41,2351.8,2352,2352.2,6,1,23
9:34:42,2352,2351.8,2352,12,67,8
9:34:42,2351.8,2351.8,2352,9,65,8
9:34:43,2351.8,2351.8,2352,9,60,4
9:34:43,2352,2351.8,2352,1,60,4
9:34:44,2352,2351.8,2352,6,58,6
9:34:44,2352,2351.8,2352,2,58,8
9:34:45,2352,2351.8,2352,11,51,10
9:34:45,2351.8,2351.8,2352,3,52,9
9:34:46,2351.6,2351.8,2352,69,1,4
9:34:46,2351.8,2351.6,2352,3,74,7
9:34:47,2352,2351.8,2352,2,2,6
9:34:47,2351.8,2351.6,2351.8,3,78,1
9:34:48,2351.8,2351.8,2352.2,13,2,25
9:34:48,2351.8,2351.8,2352.2,1,10,25
9:34:49,2352.2,2352.2,2352.4,26,12,30
9:34:49,2352.2,2352.2,2352.4,2,16,30
9:34:50,2352.4,2352.2,2352.4,4,12,27
9:34:51,2352.2,2352,2352.2,18,9,6
9:34:52,2352.2,2352,2352.2,3,13,27
9:34:52,2352.2,2352,2352.2,39,2,68
9:34:53,2352.2,2352,2352.2,7,1,67
9:34:53,2352,2351.8,2352,7,5,36
9:34:54,2352,2351.8,2352,4,13,50
9:34:54,2352,2351.8,2352,7,14,43
9:34:55,2351.8,2351.6,2351.8,17,116,3
9:34:55,2351.8,2351.8,2352,7,1,27
9:34:56,2352,2351.8,2352,4,1,26
9:34:56,2352,2351.8,2352,6,4,22
9:34:57,2351.8,2351.8,2352,10,2,19
9:34:57,2351.8,2351.8,2352,11,4,13
9:34:58,2351.8,2351.8,2352.2,40,19,46
9:34:59,2352.2,2352,2352.2,23,9,42
9:34:59,2352.2,2352,2352.2,7,15,41
9:35:00,2352.2,2352,2352.2,5,16,36
9:35:00,2352.2,2352,2352.2,39,1,28
9:35:01,2352.2,2352,2352.2,2,1,27
9:35:01,2352.2,2351.8,2352.2,13,38,20
9:35:02,2352.2,2351.8,2352.2,12,36,17
9:35:02,2352.2,2351.8,2352,21,17,1
9:35:03,2352.2,2352,2352.2,6,1,12
9:35:03,2352,2351.8,2352,6,24,12
9:35:04,2351.8,2351.8,2352,10,19,11
9:35:04,2352,2351.8,2352,3,20,14
9:35:05,2351.8,2351.8,2352,14,8,20
9:35:05,2352,2351.6,2352,14,134,18
9:35:06,2352,2351.6,2352,1,134,16
9:35:06,2351.8,2351.6,2352,15,129,16
9:35:07,2352,2351.8,2352,1,11,23
9:35:07,2351.8,2351.8,2352,11,11,17
9:35:08,2351.8,2351.8,2352,10,10,9
9:35:08,2351.8,2351.6,2351.8,20,134,7
9:35:09,2351.6,2351.6,2352,18,141,10
9:35:09,2352,2351.8,2352,2,5,10
9:35:10,2351.8,2351.8,2352,5,1,32
9:35:10,2351.6,2351.6,2351.8,7,137,26
9:35:11,2351.8,2351.6,2351.8,16,136,12
9:35:11,2351.8,2351.6,2351.8,10,134,12
9:35:12,2351.8,2351.8,2352,57,3,36
9:35:12,2351.8,2351.8,2352,15,21,31
9:35:13,2352,2351.8,2352,21,21,16
9:35:13,2352,2351.8,2352,8,25,8
9:35:14,2352,2352,2352.2,9,3,26
9:35:14,2352.2,2351.8,2352.2,17,22,13
9:35:15,2352.2,2352.2,2352.4,14,48,29
9:35:15,2352.2,2352.2,2352.4,11,50,19
9:35:16,2352.2,2352.2,2352.4,7,51,15
9:35:16,2352.2,2352.2,2352.4,2,49,15
9:35:17,2352.4,2352.2,2352.4,1,50,14
9:35:17,2352.2,2352.2,2352.4,6,47,16
9:35:18,2352.4,2352.2,2352.4,1,48,14
9:35:18,2352.6,2352.4,2352.6,30,1,18
9:35:19,2352.2,2352.2,2352.4,4,40,25
9:35:19,2352.4,2352.2,2352.4,13,39,17
9:35:20,2352.4,2352.2,2352.4,2,39,15
9:35:20,2352.4,2352.2,2352.4,11,36,16
9:35:21,2352.4,2352.2,2352.4,1,36,18
9:35:21,2352.6,2352.4,2352.6,23,23,15
9:35:22,2352.4,2352.4,2352.6,1,23,17
9:35:22,2352.4,2352.4,2352.6,15,10,17
9:35:23,2352.4,2352.4,2352.6,8,13,10
9:35:23,2352.4,2352.4,2352.6,2,12,10
9:35:24,2352.6,2352.4,2352.6,1,11,10
9:35:24,2352.2,2352.2,2352.4,15,33,30
9:35:25,2352.4,2352.2,2352.4,6,33,25
9:35:25,2352.4,2352.2,2352.4,8,33,18
9:35:26,2352.4,2352.2,2352.4,2,33,16
9:35:26,2352.4,2352.2,2352.4,17,24,10
9:35:27,2352.4,2352.2,2352.4,1,24,9
9:35:27,2352.4,2352.2,2352.4,7,23,4
9:35:28,2352.4,2352.2,2352.4,2,24,2
9:35:28,2352.4,2352.2,2352.6,17,9,24
9:35:29,2352.4,2352.4,2352.6,1,3,26
9:35:29,2352.4,2352.4,2352.6,7,1,23
9:35:30,2352.4,2352.2,2352.4,3,8,1
9:35:30,2352.4,2352.2,2352.4,2,18,2
9:35:31,2352.4,2352.2,2352.4,3,18,1
9:35:31,2352.4,2352.2,2352.6,2,21,24
9:35:32,2352.2,2352.2,2352.4,6,20,1
9:35:33,2352.2,2352.2,2352.6,7,16,25
9:35:33,2352.2,2352.2,2352.4,2,14,1
9:35:34,2352.2,2352.2,2352.4,7,19,4
9:35:35,2352.4,2352.2,2352.4,5,18,1
9:35:35,2352.2,2352.2,2352.4,3,17,2
9:35:36,2352.2,2352.2,2352.4,2,16,1
9:35:36,2352.4,2352.2,2352.6,1,17,28
9:35:37,2352.4,2352.2,2352.6,4,17,31
9:35:38,2352.4,2352.2,2352.4,2,17,1
9:35:38,2352.4,2352.2,2352.4,1,19,1
9:35:39,2352.4,2352.4,2352.6,1,2,27
9:35:39,2352.6,2352.4,2352.6,4,2,24
9:35:40,2352.6,2352.4,2352.6,5,2,19
9:35:40,2352.4,2352.2,2352.4,2,19,4
9:35:41,2352.4,2352.4,2352.6,6,4,29
9:35:41,2352.6,2352.4,2352.6,9,5,21
9:35:42,2352.4,2352.4,2352.6,4,3,20
9:35:43,2352.4,2352.4,2352.6,2,6,23
9:35:44,2352.6,2352.4,2352.6,3,10,23
9:35:45,2352.6,2352.4,2352.6,1,17,22
9:35:45,2352.4,2352.4,2352.6,10,16,14
9:35:46,2352.6,2352.4,2352.6,3,15,12
9:35:46,2352.6,2352.4,2352.6,4,15,8
9:35:47,2352.6,2352.4,2352.6,2,17,24
9:35:48,2352.6,2352.4,2352.6,2,17,22
9:35:48,2352.6,2352.4,2352.6,6,17,16
9:35:49,2352.6,2352.4,2352.6,14,19,2
9:35:49,2352.6,2352.4,2352.6,2,19,2
9:35:50,2352.4,2352.4,2352.6,1,28,4
9:35:51,2352.6,2352.4,2352.6,2,33,4
9:35:51,2352.6,2352.4,2352.6,3,33,2
9:35:52,2352.6,2352.6,2352.8,3,8,35
9:35:52,2352.8,2352.6,2352.8,4,10,31
9:35:53,2352.8,2352.6,2352.8,23,13,10
9:35:53,2352.8,2352.8,2353,10,21,108
9:35:54,2353,2352.8,2353,35,22,73
9:35:54,2353,2352.8,2353,2,22,71
9:35:55,2352.8,2352.8,2353,2,20,70
9:35:55,2352.6,2352.6,2353,28,13,66
9:35:56,2352.8,2352.6,2353,6,17,61
9:35:56,2353,2352.6,2352.8,3,13,3
9:35:57,2353,2352.6,2352.8,4,13,4
9:35:57,2352.6,2352.6,2352.8,10,12,13
9:35:58,2352.8,2352.6,2352.8,10,13,22
9:35:58,2352.6,2352.6,2352.8,1,10,23
9:35:59,2352.6,2352.6,2352.8,2,8,24
9:35:59,2352.8,2352.6,2352.8,16,2,18
9:36:00,2352.8,2352.6,2352.8,9,6,15
9:36:00,2352.6,2352.4,2352.6,16,49,6
9:36:01,2352.8,2352.4,2352.8,7,49,7
9:36:01,2352.8,2352.4,2352.8,7,50,3
9:36:02,2352.8,2352.4,2352.8,5,50,2
9:36:02,2353,2352.4,2353,27,25,58
9:36:03,2352.8,2352.6,2352.8,12,2,5
9:36:03,2352.8,2352.6,2353,11,1,61
9:36:04,2353,2352.6,2353,6,6,56
9:36:04,2352.8,2352.6,2353,2,34,56
9:36:05,2353,2352.6,2352.8,3,33,1
9:36:05,2352.8,2352.8,2353,4,3,52
9:36:06,2353,2352.8,2353,2,7,51
9:36:06,2353,2352.8,2353,1,9,51
9:36:07,2353,2352.8,2353,9,7,64
9:36:07,2352.8,2352.8,2353,12,1,58
9:36:08,2353,2352.8,2353,2,3,57
9:36:08,2352.8,2352.8,2353,4,5,53
9:36:09,2352.8,2352.8,2353,2,8,52
9:36:10,2353,2352.8,2353,2,15,52
9:36:10,2352.8,2352.8,2353,5,23,51
9:36:11,2353,2352.8,2353,24,4,49
9:36:11,2353,2352.8,2353,13,6,42
9:36:12,2352.8,2352.6,2352.8,9,44,43
9:36:12,2352.6,2352.6,2352.8,9,43,37
9:36:13,2352.6,2352.6,2352.8,17,30,37
9:36:13,2352.8,2352.6,2352.8,5,30,34
9:36:14,2352.8,2352.6,2352.8,10,25,29
9:36:14,2352.8,2352.6,2352.8,2,24,27
9:36:15,2352.6,2352.6,2352.8,4,21,27
9:36:15,2352.6,2352.4,2352.6,24,29,19
9:36:16,2352.6,2352.4,2352.6,4,29,15
9:36:16,2352.6,2352.6,2352.8,20,79,26
9:36:17,2352.6,2352.6,2352.8,13,71,21
9:36:17,2352.6,2352.6,2352.8,4,69,21
9:36:18,2352.8,2352.6,2352.8,10,69,11
9:36:18,2352.6,2352.6,2352.8,3,72,12
9:36:19,2352.8,2352.6,2352.8,18,63,2
9:36:19,2352.6,2352.8,2353,3,1,60
9:36:20,2352.8,2352.6,2353,1,67,60
9:36:21,2352.8,2352.8,2353,1,10,60
9:36:22,2352.8,2352.8,2353,1,21,58
9:36:22,2352.8,2352.6,2352.8,23,100,8
9:36:23,2353,2352.8,2353,13,2,56
9:36:24,2353,2352.8,2353,16,6,56
9:36:24,2353,2352.8,2353,5,12,51
9:36:25,2353,2352.8,2353,9,15,43
9:36:25,2353,2352.8,2353,6,16,39
9:36:26,2352.8,2352.6,2352.8,21,102,1
9:36:27,2353,2352.8,2353,8,1,35
9:36:27,2352.6,2352.6,2353,3,99,58
9:36:28,2352.8,2352.6,2352.8,1,99,1
9:36:28,2352.8,2352.6,2352.8,3,100,16
9:36:29,2352.8,2352.6,2352.8,4,101,44
9:36:29,2352.8,2352.6,2352.8,4,101,41
9:36:30,2352.6,2352.6,2352.8,27,75,41
9:36:30,2352.6,2352.6,2352.8,23,52,34
9:36:31,2352.6,2352.6,2352.8,20,34,31
9:36:31,2352.8,2352.6,2352.8,31,8,31
9:36:32,2352.6,2352.4,2352.6,12,24,62
9:36:32,2352.4,2352.4,2352.6,18,8,63
9:36:33,2352.2,2352.2,2352.4,31,10,10
9:36:33,2352,2352,2352.2,19,76,29
9:36:34,2352.2,2352,2352.2,29,50,28
9:36:34,2352,2352,2352.4,43,47,7
9:36:35,2352,2352.2,2352.4,1,14,7
9:36:35,2352.2,2352.2,2352.4,8,9,4
9:36:36,2352.2,2352.2,2352.4,5,9,3
9:36:36,2352.6,2352.4,2352.6,6,13,70
9:36:37,2352.4,2352.4,2352.6,10,10,68
9:36:37,2352.6,2352.2,2352.6,12,12,63
9:36:38,2352.4,2352.2,2352.4,2,15,8
9:36:38,2352.4,2352.2,2352.4,12,10,10
9:36:39,2352.4,2352.2,2352.4,9,14,7
9:36:39,2352.4,2352.2,2352.4,9,13,7
9:36:40,2352.4,2352,2352.4,34,28,4
9:36:40,2352.4,2352,2352.2,1,28,12
9:36:41,2352.2,2352,2352.2,15,21,7
9:36:41,2352.2,2352,2352.2,7,15,6
9:36:42,2352,2352,2352.2,4,14,4
9:36:42,2352.4,2352.2,2352.4,6,1,37
9:36:43,2352.2,2352,2352.4,2,13,46
9:36:43,2352,2352,2352.2,5,11,1
9:36:44,2352.2,2352,2352.2,2,14,2
9:36:44,2352,2352,2352.2,3,15,9
9:36:45,2352,2352,2352.2,14,10,6
9:36:45,2352,2352,2352.2,17,5,4
9:36:46,2352.2,2351.8,2352,14,92,1
9:36:46,2352.2,2352,2352.2,8,3,1
9:36:47,2352.4,2352.2,2352.4,4,1,40
9:36:47,2351.8,2351.8,2352,11,102,20
9:36:48,2352,2351.8,2352,9,103,25
9:36:48,2351.8,2351.8,2352,9,100,21
9:36:49,2351.8,2351.8,2352,25,81,16
9:36:49,2352,2351.8,2352,28,55,35
9:36:50,2351.8,2351.8,2352,22,40,30
9:36:50,2351.8,2351.6,2351.8,89,94,5
9:36:51,2351.8,2351.6,2351.8,24,76,7
9:36:51,2351.6,2351.6,2351.8,3,77,8
9:36:52,2351.8,2351.6,2351.8,4,77,5
9:36:52,2351.6,2351.6,2351.8,13,66,4
9:36:53,2351.6,2351.6,2351.8,14,55,2
9:36:53,2351.6,2351.6,2351.8,8,47,3
9:36:54,2351.8,2351.8,2352,17,7,14
9:36:54,2351.8,2351.6,2351.8,11,43,1
9:36:55,2351.8,2351.8,2352,7,1,20
9:36:55,2351.6,2351.6,2352,6,45,18
9:36:56,2352,2351.8,2352,3,6,16
9:36:56,2351.8,2351.8,2352,2,10,16
9:36:57,2351.8,2351.8,2352,2,26,17
9:36:57,2351.8,2351.8,2352,6,22,32
9:36:58,2351.8,2351.8,2352,3,22,31
9:36:58,2351.8,2351.6,2351.8,31,71,6
9:36:59,2351.8,2351.6,2351.8,2,71,6
9:36:59,2351.8,2351.6,2351.8,4,74,6
9:37:00,2351.8,2351.6,2351.8,6,74,2
9:37:00,2351.8,2351.8,2352,2,1,63
9:37:01,2351.8,2351.8,2352,10,3,59
9:37:01,2352,2351.8,2352,17,5,62
9:37:02,2351.6,2351.8,2352,37,3,59
9:37:02,2351.6,2351.6,2351.8,12,51,1
9:37:03,2351.8,2351.8,2352,4,16,56
9:37:03,2351.8,2351.6,2351.8,23,69,1
9:37:04,2351.6,2351.6,2351.8,1,68,2
9:37:04,2351.8,2351.6,2351.8,6,66,2
9:37:05,2351.8,2351.8,2352,8,13,58
9:37:05,2351.8,2351.8,2352,10,7,58
9:37:06,2351.8,2351.8,2352,5,3,59
9:37:06,2351.8,2351.8,2352,7,5,58
9:37:07,2351.8,2351.8,2352,8,8,58
9:37:08,2351.8,2351.8,2352,1,11,61
9:37:09,2351.8,2351.8,2352,4,10,61
9:37:09,2351.8,2351.8,2352,2,11,60
9:37:10,2351.8,2351.8,2352,1,10,76
9:37:10,2352,2351.8,2352,3,11,74
9:37:11,2352,2351.8,2352,2,11,72
9:37:11,2352,2351.8,2352,5,9,72
9:37:12,2351.8,2351.8,2352,4,9,71
9:37:12,2352,2351.8,2352,1,9,70
9:37:13,2351.8,2351.8,2352,3,6,72
9:37:13,2352,2351.8,2352,36,1,47
9:37:14,2352,2351.6,2352,3,78,45
9:37:14,2352,2351.6,2352,5,79,43
9:37:15,2351.8,2351.8,2352,2,23,43
9:37:16,2351.8,2351.8,2352,31,21,15
9:37:16,2352,2351.8,2352,9,22,16
9:37:17,2351.8,2351.8,2352,7,22,21
9:37:17,2351.8,2351.8,2352,9,18,17
9:37:18,2351.8,2351.8,2352,4,16,23
9:37:18,2351.8,2351.8,2352,4,11,22
9:37:19,2351.8,2351.8,2352,1,10,23
9:37:19,2352,2351.8,2352,2,9,23
9:37:20,2351.8,2351.8,2352,1,8,25
9:37:20,2351.8,2351.8,2352,6,3,31
9:37:21,2351.8,2351.6,2352,6,82,35
9:37:21,2351.8,2351.8,2352,6,1,30
9:37:22,2351.8,2351.6,2351.8,3,87,1
9:37:22,2351.8,2351.6,2352,1,87,35
9:37:23,2351.8,2351.6,2352,3,89,33
9:37:23,2351.6,2351.6,2352,5,86,33
9:37:24,2351.6,2351.6,2352,1,85,33
9:37:24,2351.6,2351.6,2352,8,76,34
9:37:25,2351.6,2351.6,2351.8,6,90,5
9:37:25,2351.6,2351.6,2351.8,6,87,4
9:37:26,2351.8,2351.6,2351.8,36,57,8
9:37:26,2351.6,2351.6,2351.8,15,45,9
9:37:27,2351.6,2351.6,2351.8,25,20,22
9:37:27,2351.6,2351.6,2351.8,20,1,18
9:37:28,2351.8,2351.4,2351.6,18,37,4
9:37:28,2351.8,2351.8,2352,18,3,45
9:37:29,2351.4,2351.4,2352,11,38,48
9:37:29,2351.6,2351.4,2351.8,11,37,3
9:37:30,2351.4,2351.4,2351.8,4,46,5
9:37:30,2351.4,2351.6,2351.8,9,2,5
9:37:31,2351.6,2351.6,2351.8,5,9,4
9:37:31,2351.6,2351.6,2351.8,3,6,6
9:37:32,2351.6,2351.6,2351.8,2,7,5
9:37:32,2351.6,2351.6,2351.8,5,22,5
9:37:33,2351.8,2351.6,2351.8,7,17,4
9:37:33,2351.8,2351.6,2351.8,2,18,3
9:37:34,2351.6,2351.6,2351.8,6,12,3
9:37:34,2351.6,2351.6,2351.8,3,10,3
9:37:35,2351.6,2351.6,2351.8,10,7,1
9:37:35,2351.6,2351.4,2351.6,9,56,19
9:37:36,2351.6,2351.4,2351.6,6,57,14
9:37:36,2351.6,2351.4,2351.6,3,58,14
9:37:37,2351.4,2351.4,2351.6,1,57,14
9:37:38,2351.6,2351.4,2351.6,18,60,1
9:37:38,2351.4,2351.4,2351.6,7,59,2
9:37:39,2351.6,2351.6,2351.8,3,5,3
9:37:39,2351.6,2351.6,2351.8,5,4,1
9:37:40,2351.6,2351.6,2351.8,2,11,1
9:37:40,2351.6,2351.6,2352,3,10,47
9:37:41,2352,2351.6,2352,11,12,37
9:37:41,2351.6,2351.6,2352,2,10,37
9:37:42,2351.8,2351.6,2352,4,7,44
9:37:42,2352,2351.6,2352,12,9,33
9:37:43,2352,2351.6,2352,1,19,33
9:37:43,2352,2351.8,2352,9,27,26
9:37:44,2351.8,2351.8,2352,3,33,26
9:37:44,2352,2351.8,2352,13,32,20
9:37:45,2352,2351.8,2352,6,33,14
9:37:45,2351.8,2351.8,2352,4,35,12
9:37:46,2352,2351.8,2352,10,37,4
9:37:47,2352.2,2352,2352.2,5,6,18
9:37:47,2352,2352,2352.2,2,10,19
9:37:48,2352.2,2352,2352.2,5,13,14
9:37:48,2352.2,2352,2352.2,2,17,12
9:37:49,2352,2352,2352.2,5,14,12
9:37:50,2352.2,2352,2352.2,3,15,9
9:37:50,2352,2352,2352.2,2,13,9
9:37:51,2352.2,2352,2352.2,3,15,17
9:37:51,2352,2352,2352.2,3,18,28
9:37:52,2352,2352,2352.2,10,9,27
9:37:52,2352,2352,2352.2,10,6,11
9:37:53,2352,2352,2352.2,2,15,13
9:37:53,2352.2,2352,2352.2,11,15,3
9:37:54,2352.2,2352,2352.2,2,15,1
9:37:55,2352,2352,2352.2,41,7,4
9:37:55,2352,2352,2352.2,2,5,5
9:37:56,2352.2,2352,2352.2,2,4,4
9:37:56,2352.2,2352,2352.2,5,2,11
9:37:57,2352.2,2352,2352.2,3,2,32
9:37:58,2352,2352,2352.2,3,9,20
9:37:59,2352.2,2352,2352.2,8,11,7
9:37:59,2352.2,2352,2352.2,2,13,6
9:38:00,2352.2,2352,2352.2,2,15,3
9:38:00,2352.2,2352,2352.2,3,18,1
9:38:01,2352,2352,2352.4,2,20,2
9:38:01,2352,2352,2352.4,1,19,3
9:38:02,2352,2352,2352.4,3,18,3
9:38:02,2352,2352,2352.4,1,17,3
9:38:03,2351.8,2351.8,2352.4,31,13,3
9:38:04,2352.2,2352,2352.2,2,2,12
9:38:04,2352.2,2352,2352.2,2,1,11
9:38:05,2352,2351.8,2352,1,14,1
9:38:05,2352,2352,2352.2,1,1,1
9:38:06,2352,2352,2352.2,1,5,2
9:38:07,2352,2352,2352.2,3,4,1
9:38:08,2352,2352,2352.2,3,1,1
9:38:09,2352,2352,2352.2,2,1,5
9:38:09,2352,2351.8,2352,1,17,1
9:38:11,2352,2351.8,2352,3,18,5
9:38:12,2352,2351.8,2352,1,19,4
9:38:12,2352,2352,2352.2,17,4,9
9:38:14,2352,2352,2352.2,2,17,9
9:38:14,2352.4,2352,2352.4,23,17,34
9:38:15,2352.2,2352,2352.2,1,22,1
9:38:15,2352.2,2352,2352.4,1,22,34
9:38:16,2352,2352.2,2352.4,2,1,34
9:38:16,2352.4,2352,2352.4,3,22,32
9:38:18,2352,2352,2352.4,13,16,29
9:38:18,2352.4,2352,2352.4,2,18,28
9:38:19,2352.4,2352,2352.4,1,19,27
9:38:19,2352.4,2352,2352.4,7,19,21
9:38:20,2352.4,2352,2352.4,1,20,21
9:38:20,2352.2,2352.2,2352.4,10,3,22
9:38:21,2352.4,2352.2,2352.4,10,3,12
9:38:21,2352.4,2352.2,2352.4,6,2,7
9:38:22,2352.4,2352.2,2352.4,1,3,11
9:38:22,2352.2,2352.2,2352.4,6,3,3
9:38:23,2352.6,2352.2,2352.6,9,4,61
9:38:23,2352.6,2352.2,2352.4,11,4,3
9:38:24,2352.2,2352.2,2352.4,2,3,4
9:38:24,2352.4,2352.2,2352.4,3,3,3
9:38:25,2352.4,2352.4,2352.6,4,1,50
9:38:25,2352.4,2352.4,2352.6,1,7,50
9:38:26,2352.4,2352.4,2352.6,1,4,50
9:38:27,2352.4,2352.4,2352.6,1,3,56
9:38:28,2352.6,2352.4,2352.6,5,3,51
9:38:28,2352.4,2352.4,2352.6,2,1,51
9:38:29,2352.6,2352.4,2352.6,1,2,51
9:38:29,2352.4,2352.2,2352.6,2,9,51
9:38:30,2352.6,2352.2,2352.6,6,14,47
9:38:31,2352.6,2352.2,2352.6,2,14,46
9:38:32,2352.4,2352.2,2352.4,8,9,3
9:38:32,2352.6,2352.2,2352.6,4,10,44
9:38:33,2352.6,2352.4,2352.6,5,10,41
9:38:34,2352.6,2352.4,2352.6,37,12,6
9:38:34,2352.6,2352.4,2352.6,6,12,1
9:38:35,2352.6,2352.6,2352.8,2,6,17
9:38:35,2352.4,2352.4,2352.8,13,8,16
9:38:36,2352.8,2352.4,2352.8,5,11,12
9:38:36,2353,2352.4,2353,20,12,122
9:38:37,2353,2352.8,2353,27,1,98
9:38:37,2353,2352.6,2353,29,8,70
9:38:38,2353,2352.6,2353,11,22,59
9:38:38,2352.8,2352.6,2353,6,23,54
9:38:39,2353.2,2353,2353.2,63,7,20
9:38:39,2353.4,2353.4,2353.6,36,109,48
9:38:40,2353.6,2353.4,2353.6,47,108,4
9:38:40,2353.6,2353.6,2353.8,29,4,78
9:38:41,2353.8,2353.6,2353.8,12,11,69
9:38:41,2353.6,2353.6,2353.8,32,8,46
9:38:42,2353.6,2353.6,2353.8,18,2,35
9:38:42,2353.8,2353.6,2354,45,9,23
9:38:43,2353.6,2353.4,2353.6,50,63,28
9:38:43,2353.6,2353.4,2353.6,22,34,13
9:38:44,2353.4,2353.4,2353.6,5,32,10
9:38:44,2353.8,2353.6,2353.8,43,28,1
9:38:45,2353.8,2353.8,2354.2,31,1,41
9:38:45,2353.8,2353.6,2353.8,18,10,1
9:38:46,2353.6,2353.8,2354,5,1,10
9:38:46,2354,2354,2354.2,23,2,31
9:38:47,2353.8,2353.6,2353.8,14,13,1
9:38:47,2354,2353.8,2354,11,10,8
9:38:48,2353.8,2353.8,2354,35,1,8
9:38:48,2354,2354,2354.2,33,3,10
9:38:49,2354.4,2353.8,2354.2,25,2,2
9:38:49,2354.4,2354.2,2354.4,57,4,50
9:38:50,2354.2,2354.2,2354.4,26,2,38
9:38:50,2354,2354,2354.2,18,2,28
9:38:51,2354.2,2353.8,2354.2,37,6,5
9:38:51,2354.4,2354.2,2354.4,15,29,37
9:38:52,2354.2,2354.2,2354.4,39,21,14
9:38:52,2354.6,2354.4,2354.6,45,2,25
9:38:53,2354.6,2354.4,2354.6,29,3,15
9:38:53,2354.6,2354.4,2354.6,44,5,2
9:38:54,2354.8,2354.6,2354.8,19,27,197
9:38:54,2354.6,2354.2,2354.6,57,6,27
9:38:55,2354.8,2354.2,2354.8,64,2,190
9:38:55,2354.6,2354.4,2354.6,8,1,47
9:38:56,2354.6,2354.2,2354.6,14,19,65
9:38:56,2354.2,2354.2,2354.4,8,28,8
9:38:57,2354.2,2354.2,2354.4,25,10,6
9:38:57,2354.4,2354.2,2354.4,23,2,18
9:38:58,2354.2,2354,2354.2,11,11,16
9:38:58,2354.2,2354,2354.2,26,14,7
9:38:59,2354,2353.8,2354,22,7,25
9:38:59,2354,2353.8,2354,38,18,1
9:39:00,2353.8,2354,2354.2,4,3,3
9:39:00,2354,2354,2354.4,78,1,12
9:39:01,2354,2353.6,2354,11,11,10
9:39:01,2353.6,2353.4,2353.6,39,4,28
9:39:02,2353.6,2353.2,2353.4,20,1,2
9:39:02,2353.4,2353.2,2353.4,14,9,2
9:39:03,2353.2,2353,2353.2,26,18,5
9:39:03,2353.2,2353,2353.2,8,17,9
9:39:04,2353,2353,2353.2,8,30,9
9:39:04,2353.2,2353,2353.2,28,7,7
9:39:05,2353,2352.8,2353,9,2,1
9:39:05,2353,2353,2353.2,14,5,3
9:39:06,2352.8,2352.6,2352.8,15,11,2
9:39:06,2353,2352.8,2353.2,7,4,4
9:39:07,2352.8,2352.8,2353,5,13,1
9:39:07,2353.2,2353,2353.2,4,9,2
9:39:08,2353,2353,2353.2,3,13,1
9:39:08,2353.2,2353.2,2353.4,13,5,3
9:39:09,2353.4,2353.4,2353.6,7,7,50
9:39:09,2353.4,2353.4,2353.6,7,7,50
9:39:10,2353.2,2353.2,2353.4,15,10,2
9:39:10,2353.4,2353.2,2353.4,5,8,1
9:39:11,2353.4,2353.4,2353.6,22,1,30
9:39:11,2353.4,2353.2,2353.6,5,6,30
9:39:12,2353.6,2353.2,2353.6,7,6,25
9:39:12,2353.6,2353.4,2353.6,10,1,39
9:39:13,2353.4,2353.2,2353.4,5,7,6
9:39:13,2353.4,2353.2,2353.4,3,8,8
9:39:14,2353.4,2353.2,2353.4,5,5,6
9:39:14,2353.2,2353.2,2353.4,6,6,5
9:39:15,2353.4,2353.4,2353.6,7,1,38
9:39:15,2353.6,2353.4,2353.6,29,10,14
9:39:16,2353.6,2353.4,2353.6,11,6,8
9:39:16,2353.6,2353.6,2353.8,17,4,63
9:39:17,2353.6,2353.6,2353.8,5,1,67
9:39:17,2353.8,2353.6,2353.8,6,1,62
9:39:18,2353.6,2353.2,2353.8,48,7,27
9:39:18,2353.4,2353.2,2353.4,5,9,7
9:39:19,2353.4,2353.2,2353.4,2,13,5
9:39:19,2353.2,2353.2,2353.4,4,12,5
9:39:20,2353.4,2353.4,2353.8,7,11,32
9:39:20,2353.6,2353.4,2353.8,4,11,33
9:39:21,2353.4,2353.4,2353.6,1,10,1
9:39:21,2353.8,2353.4,2353.8,11,10,24
9:39:22,2353.6,2353.6,2353.8,10,13,27
9:39:22,2353.8,2353.6,2353.8,5,11,24
9:39:23,2354,2354,2354.2,95,5,9
9:39:23,2354.2,2354,2354.2,4,4,7
9:39:24,2354.4,2354,2354.4,13,2,41
9:39:24,2354.4,2353.6,2354,24,9,1
9:39:25,2354.2,2353.8,2354.4,38,7,4
9:39:25,2354,2354,2354.4,29,1,8
9:39:26,2354,2353.8,2354.4,8,1,8
9:39:26,2354,2354,2354.2,5,4,12
9:39:27,2354.2,2354,2354.2,2,2,8
9:39:28,2354,2353.8,2354,7,3,1
9:39:28,2354,2353.8,2354,2,2,1
9:39:29,2354,2354,2354.2,7,10,5
9:39:29,2354,2354,2354.2,10,1,5
9:39:30,2354,2354,2354.2,28,3,2
9:39:30,2353.8,2353.6,2354,10,15,7
9:39:31,2354.2,2353.6,2354.2,10,18,1
9:39:31,2354.6,2354,2354.6,35,10,68
9:39:32,2354,2354,2354.2,2,9,1
9:39:32,2354.2,2354.2,2354.6,12,8,67
9:39:33,2354.2,2354.2,2354.6,10,9,63
9:39:33,2354.2,2354.2,2354.6,9,14,62
9:39:34,2354.6,2354.2,2354.4,6,14,10
9:39:34,2354.6,2354.2,2354.6,15,11,60
9:39:35,2354.2,2354.2,2354.6,17,7,51
9:39:35,2354.6,2354.4,2354.6,14,1,43
9:39:36,2354.6,2354.2,2354.6,16,2,34
9:39:36,2354.6,2354.2,2354.4,3,7,1
9:39:37,2354.6,2354.2,2354.4,2,8,5
9:39:37,2354.2,2354,2354.2,20,39,7
9:39:38,2354.4,2354,2354.4,22,38,25
9:39:38,2354.4,2354.2,2354.4,5,1,26
9:39:39,2354.2,2354.2,2354.4,16,12,20
9:39:39,2354.2,2354.2,2354.4,10,5,23
9:39:40,2354.2,2354,2354.2,12,42,20
9:39:40,2354.2,2354,2354.2,10,40,12
9:39:41,2354.2,2354,2354.2,26,14,14
9:39:41,2354.2,2354,2354.2,10,6,14
9:39:42,2354,2354,2354.2,7,1,16
9:39:42,2354,2353.8,2354,1,10,6
9:39:43,2354.2,2353.8,2354.2,24,10,30
9:39:43,2354.2,2353.6,2354.2,19,10,29
9:39:44,2353.8,2353.8,2354.2,6,1,29
9:39:44,2353.6,2353.6,2354,5,9,17
9:39:45,2354,2353.6,2354,27,8,1
9:39:45,2353.8,2353.8,2354,10,2,4
9:39:46,2353.8,2353.6,2353.8,5,9,2
9:39:46,2353.8,2353.6,2353.8,3,8,11
9:39:47,2353.8,2353.6,2353.8,7,8,5
9:39:47,2353.8,2353.6,2353.8,3,7,5
9:39:48,2353.6,2353.4,2353.8,10,9,2
9:39:48,2353.6,2353.6,2354,5,1,7
9:39:49,2353.8,2353.6,2353.8,15,2,6
9:39:50,2353.8,2353.8,2354,10,35,13
9:39:50,2353.8,2353.8,2354,11,33,4
9:39:51,2354,2354,2354.2,6,15,53
9:39:51,2354,2354,2354.2,8,11,55
9:39:52,2354,2354,2354.2,3,11,54
9:39:52,2353.8,2353.8,2354.2,66,9,25
9:39:53,2353.8,2353.8,2354,1,10,4
9:39:53,2353.8,2353.6,2353.8,17,14,9
9:39:54,2353.6,2353.6,2353.8,3,12,12
9:39:54,2353.8,2353.6,2353.8,2,14,15
9:39:55,2353.6,2353.6,2353.8,8,12,9
9:39:55,2353.8,2353.8,2354,10,1,4
9:39:56,2354,2353.8,2354,3,2,11
9:39:56,2354,2353.8,2354,2,2,14
9:39:57,2353.8,2353.8,2354,7,5,25
