9:14:00,2334.8,2334,2334.8,497,5,187
9:15:00,2334,2333.8,2334,291,1,83
9:15:01,2333.4,2333,2333.4,414,36,3
9:15:01,2333.6,2331.6,2333.2,248,5,11
9:15:02,2332.8,2332,2332.8,232,42,1
9:15:02,2332.8,2332.8,2333,268,1,17
9:15:03,2333.6,2332.8,2333.6,194,2,16
9:15:03,2333.6,2333.2,2333.6,100,4,10
9:15:04,2333.2,2333,2333.2,105,6,10
9:15:04,2333.8,2333.2,2333.8,88,5,22
9:15:05,2332,2332,2332.8,84,11,1
9:15:05,2332.8,2332.2,2332.4,99,4,9
9:15:06,2332.2,2331.2,2332.8,150,93,22
9:15:06,2332.4,2331.6,2332.4,58,2,51
9:15:07,2331.6,2331.6,2332,167,1,15
9:15:07,2332,2331.6,2332,52,2,18
9:15:08,2331.2,2331,2331.2,127,101,43
9:15:08,2331.2,2331.2,2331.6,99,10,6
9:15:09,2331.6,2331.4,2331.6,54,4,28
9:15:09,2331.6,2331.4,2331.6,100,9,37
9:15:10,2331.8,2331.6,2331.8,63,41,3
9:15:10,2331.6,2331.8,2332,35,17,1
9:15:11,2332,2332,2332.6,133,14,1
9:15:11,2332.2,2332.2,2332.6,63,24,33
9:15:12,2332.4,2332.2,2332.4,43,13,17
9:15:12,2332.2,2332.2,2332.4,36,2,2
9:15:13,2332.2,2332,2332.2,44,83,2
9:15:13,2332.4,2332.2,2332.4,48,12,7
9:15:14,2332.6,2332.4,2332.6,67,8,18
9:15:14,2332.6,2332.4,2332.6,65,22,14
9:15:15,2332.4,2332.2,2332.6,40,14,4
9:15:15,2332.2,2332,2332.2,77,94,39
9:15:16,2332.2,2332,2332.2,49,73,11
9:15:16,2332,2332.2,2332.4,55,1,4
9:15:17,2332,2332,2332.6,38,67,37
9:15:17,2332.8,2332.2,2332.8,77,10,46
9:15:18,2332.4,2332.4,2332.8,16,14,40
9:15:18,2332.4,2332.4,2332.6,10,2,7
9:15:19,2332.6,2332.6,2332.8,20,17,38
9:15:19,2332.8,2332.4,2332.8,61,2,4
9:15:20,2332.2,2332.2,2332.6,31,1,1
9:15:20,2333,2332.6,2333,32,9,36
9:15:21,2333,2332.6,2332.8,50,10,5
9:15:21,2332.6,2332.6,2332.8,20,1,4
9:15:22,2332.6,2332.6,2333,21,4,18
9:15:22,2332.8,2332.8,2333,34,17,15
9:15:23,2333,2333,2333.2,24,1,32
9:15:23,2333.2,2333,2333.2,4,7,28
9:15:24,2333,2332.8,2333.2,30,55,7
9:15:24,2332.8,2333,2333.6,39,2,22
9:15:25,2333.4,2333,2333.4,55,3,22
9:15:25,2333.4,2333.4,2333.6,30,23,50
9:15:26,2333.4,2333.4,2333.6,28,9,71
9:15:26,2333.4,2333.4,2333.6,14,1,69
9:15:27,2333.4,2333.2,2333.4,58,32,5
9:15:27,2333.4,2333.2,2333.4,26,22,17
9:15:28,2333.4,2333.2,2333.4,24,19,30
9:15:28,2333.2,2333,2333.2,48,42,21
9:15:29,2333.2,2333,2333.4,33,42,32
9:15:29,2333,2333,2333.2,64,23,5
9:15:30,2333,2333.2,2333.4,38,5,16
9:15:30,2333.2,2333,2333.2,17,22,2
9:15:31,2333.2,2333,2333.4,14,19,5
9:15:31,2333.4,2333.2,2333.4,13,1,7
9:15:32,2333.4,2333.4,2333.6,27,3,20
9:15:32,2333.6,2333.6,2333.8,27,6,39
9:15:33,2333.8,2333.6,2333.8,43,5,26
9:15:33,2333.4,2333.2,2333.6,45,2,1
9:15:34,2333.6,2333.2,2333.6,32,3,11
9:15:34,2333.6,2333.2,2333.6,26,4,7
9:15:35,2333.4,2333,2333.4,21,14,10
9:15:35,2333.2,2333,2333.2,17,21,25
9:15:36,2333,2333,2333.4,35,16,7
9:15:36,2333.4,2333.2,2333.4,12,1,6
9:15:37,2333,2332.8,2333.2,28,49,22
9:15:37,2333.2,2333,2333.2,7,6,46
9:15:38,2332.8,2332.8,2333.2,24,45,31
9:15:38,2332.8,2332.8,2333.2,25,32,27
9:15:39,2333,2333,2333.2,16,10,20
9:15:39,2333.2,2333,2333.2,18,8,11
9:15:40,2333.2,2333.2,2333.4,14,23,1
9:15:40,2333.2,2333.2,2333.4,13,10,1
9:15:41,2333.2,2333.2,2333.4,33,2,1
9:15:41,2333.2,2332.8,2333,22,36,2
9:15:42,2332.8,2332.8,2333.2,17,28,60
9:15:42,2333,2333,2333.2,16,2,46
9:15:43,2332.8,2332.8,2333,29,32,46
9:15:43,2333,2332.8,2333,18,21,39
9:15:44,2332.8,2332.8,2333,8,21,46
9:15:44,2332.8,2332.8,2333,17,12,40
9:15:45,2332.8,2332.6,2333,18,21,47
9:15:45,2332.8,2332.6,2332.8,10,20,10
9:15:46,2332.6,2332.6,2332.8,7,13,13
9:15:46,2332.6,2332.6,2332.8,8,14,8
9:15:47,2332.6,2332.6,2332.8,8,8,17
9:15:47,2332.8,2332.6,2332.8,21,3,2
9:15:48,2332.4,2332.4,2332.6,24,5,27
9:15:48,2332.6,2332.4,2332.6,29,5,14
9:15:49,2332.4,2332.4,2332.6,7,4,21
9:15:49,2332.4,2332.2,2332.4,8,45,192
9:15:50,2332.4,2332.2,2332.4,16,44,186
9:15:50,2332,2332,2332.2,86,31,31
9:15:51,2332,2331.8,2332,40,28,32
9:15:51,2331.8,2331.8,2332,18,23,36
9:15:52,2331.8,2331.8,2332,16,39,38
9:15:52,2331.8,2331.8,2332,34,37,41
9:15:53,2331.8,2331.6,2331.8,44,42,5
9:15:53,2331.8,2331.6,2331.8,41,17,24
9:15:54,2331.8,2331.6,2331.8,38,1,3
9:15:54,2331.6,2331.4,2331.6,3,78,2
9:15:55,2331.6,2331.4,2331.6,44,50,2
9:15:55,2331.6,2331.6,2331.8,12,19,6
9:15:56,2332,2331.8,2332,46,10,40
9:15:56,2331.8,2331.8,2332,17,18,39
9:15:57,2331.8,2331.6,2331.8,46,5,3
9:15:57,2331.8,2331.8,2332,20,9,8
9:15:58,2331.8,2331.8,2332,16,1,13
9:15:58,2331.6,2331.6,2331.8,12,5,3
9:15:59,2331.8,2331.6,2331.8,11,2,9
9:15:59,2331.8,2331.4,2331.6,23,50,34
9:16:00,2331.6,2331.4,2331.6,53,14,23
9:16:00,2331.4,2331.2,2331.4,68,66,18
9:16:01,2331.2,2331.2,2331.4,28,57,23
9:16:01,2331,2331,2331.2,98,90,17
9:16:02,2331,2331,2331.2,67,24,25
9:16:02,2331,2330.8,2331,58,2,18
9:16:03,2330.6,2330.6,2330.8,45,24,8
9:16:03,2330.6,2330.6,2331,67,26,153
9:16:04,2330.6,2330.6,2331,68,14,151
9:16:04,2330.6,2330.2,2330.6,37,218,2
9:16:05,2330.2,2330.4,2330.8,59,5,30
9:16:05,2330.4,2330,2330.4,250,163,18
9:16:06,2330,2330,2330.4,27,157,7
9:16:06,2330,2330,2330.2,60,122,5
9:16:07,2330,2330,2330.2,111,32,10
9:16:07,2330,2329.8,2330,61,1,38
9:16:08,2329.8,2329.4,2329.8,33,1,24
9:16:08,2329.2,2329.6,2330,68,1,67
9:16:09,2330,2329.6,2330,102,18,47
9:16:09,2329.8,2329.8,2330.2,128,36,5
9:16:10,2330,2330,2330.4,48,39,7
9:16:10,2330.6,2330.2,2330.6,55,1,83
9:16:11,2330,2330,2330.2,28,33,1
9:16:11,2329.8,2329.6,2329.8,90,6,79
9:16:12,2329.6,2329.4,2329.6,21,8,43
9:16:12,2329.4,2329.2,2329.4,35,64,25
9:16:13,2329.2,2329,2329.2,86,26,10
9:16:13,2329.4,2329.2,2329.4,35,4,3
9:16:14,2328.8,2328.8,2329.2,59,3,58
9:16:14,2329.2,2329,2329.2,42,1,46
9:16:15,2328.8,2328.6,2328.8,61,32,24
9:16:15,2328.6,2328.6,2329,38,47,15
9:16:16,2329,2328.8,2329,30,19,12
9:16:16,2329.2,2329,2329.2,54,51,105
9:16:17,2329,2329,2329.2,87,17,66
9:16:17,2329.2,2329,2329.2,22,17,55
9:16:18,2329,2328.8,2329,74,14,4
9:16:18,2329,2328.8,2329,21,15,89
9:16:19,2328.8,2328.6,2328.8,29,18,78
9:16:19,2328.8,2328.4,2328.8,72,4,43
9:16:20,2328.8,2328.4,2328.8,36,1,24
9:16:20,2328.2,2328.2,2328.8,42,33,16
9:16:21,2328.8,2328.8,2329,47,1,95
9:16:21,2328.4,2328.4,2329,27,26,85
9:16:22,2329,2328.6,2329,27,17,81
9:16:22,2328.8,2328.8,2329,15,4,73
9:16:23,2329,2328.6,2329,30,30,63
9:16:23,2329,2328.6,2329,15,30,49
9:16:24,2329,2329,2329.2,52,62,43
9:16:24,2329,2329,2329.2,21,73,38
9:16:25,2329.2,2329.2,2329.4,67,20,75
9:16:25,2329.2,2329.2,2329.4,62,10,26
9:16:26,2329.4,2329.2,2329.4,31,24,6
9:16:26,2329.4,2329.2,2329.4,46,37,11
9:16:27,2329.6,2329.4,2329.6,16,6,6
9:16:27,2329.4,2329.4,2329.6,23,2,6
9:16:28,2329.6,2329.4,2329.6,9,2,2
9:16:28,2329.6,2329.6,2329.8,26,39,79
9:16:29,2329.8,2329.6,2329.8,18,39,64
9:16:29,2329.6,2329.6,2329.8,4,91,60
9:16:30,2330,2329.8,2330,68,28,47
9:16:30,2329.8,2329.8,2330,35,63,26
9:16:31,2330.2,2330,2330.2,79,9,3
9:16:31,2330.2,2330,2330.2,10,9,15
9:16:32,2330.2,2330.2,2330.4,40,1,3
9:16:32,2330.2,2330,2330.4,4,4,5
9:16:33,2330,2329.8,2330,20,11,1
9:16:33,2330,2329.6,2330,51,102,8
9:16:34,2329.8,2329.8,2330,18,10,2
9:16:34,2330.2,2330.2,2330.4,14,14,14
9:16:35,2330.2,2330.2,2330.4,3,13,11
9:16:35,2330.2,2330.2,2330.4,3,13,10
9:16:36,2330,2330,2330.2,19,38,6
9:16:36,2330.4,2330,2330.4,15,40,5
9:16:37,2330.4,2330.2,2330.4,9,9,2
9:16:37,2330.2,2330,2330.2,21,36,27
9:16:38,2329.8,2329.8,2330,48,18,75
9:16:38,2329.8,2329.6,2330,96,93,24
9:16:39,2330,2329.8,2330,40,9,5
9:16:39,2330.2,2330,2330.4,13,1,4
9:16:40,2330.2,2330,2330.2,3,36,3
9:16:40,2330.2,2330.2,2330.4,20,5,16
9:16:41,2330.2,2330.2,2330.4,10,2,18
9:16:41,2330.2,2330.2,2330.4,21,1,2
9:16:42,2330,2330,2330.2,30,5,12
9:16:42,2330,2330,2330.2,15,31,14
9:16:43,2330,2330,2330.2,14,21,13
9:16:43,2330.2,2330,2330.2,6,21,8
9:16:44,2330,2329.8,2330,28,33,16
9:16:44,2330.2,2330,2330.2,34,15,7
9:16:45,2330,2330,2330.2,2,18,9
9:16:45,2330.2,2330,2330.2,21,10,46
9:16:46,2330,2329.8,2330,24,53,59
9:16:46,2330,2329.8,2330,107,28,27
9:16:47,2330,2329.8,2330,4,27,29
9:16:47,2329.8,2329.8,2330,9,24,54
9:16:48,2329.8,2329.8,2330,17,16,66
9:16:48,2329.8,2329.6,2329.8,51,63,67
9:16:49,2329.8,2329.6,2329.8,17,52,62
9:16:49,2329.8,2329.6,2329.8,44,41,35
9:16:50,2329.8,2329.6,2329.8,41,4,31
9:16:50,2329.8,2329.6,2329.8,6,1,29
9:16:51,2329.8,2329.8,2330,42,19,64
9:16:51,2330,2329.8,2330,8,16,61
9:16:52,2329.8,2329.8,2330,21,13,48
9:16:52,2330,2329.8,2330,4,18,45
9:16:53,2330,2329.8,2330,22,18,24
9:16:53,2330,2330,2330.2,27,1,46
9:16:54,2330.2,2330,2330.2,5,6,43
9:16:54,2330.2,2330,2330.2,5,28,53
9:16:55,2330,2330,2330.2,8,39,47
9:16:55,2330,2330,2330.2,8,33,46
9:16:56,2330.2,2330,2330.2,10,28,41
9:16:56,2330.4,2330.2,2330.4,45,5,11
9:16:57,2330.4,2330.2,2330.4,1,9,12
9:16:57,2330.2,2330.2,2330.4,3,13,12
9:16:58,2330.2,2330.2,2330.4,3,13,15
9:16:58,2330.4,2330.2,2330.4,5,18,11
9:16:59,2330.4,2330.2,2330.4,19,4,25
9:16:59,2330.2,2330,2330.2,24,30,6
9:17:00,2330.4,2330,2330.2,8,32,2
9:17:00,2330,2330,2330.2,27,27,3
9:17:01,2330,2330,2330.2,23,22,1
9:17:01,2330.2,2330.2,2330.4,30,5,10
9:17:02,2330.2,2330.2,2330.4,15,8,3
9:17:02,2330.4,2330.4,2330.6,16,18,118
9:17:03,2330.4,2330.4,2330.6,17,16,108
9:17:03,2330.4,2330.4,2330.6,22,11,93
9:17:04,2330.4,2330.4,2330.6,53,1,69
9:17:04,2330.2,2330.2,2330.6,22,2,60
9:17:05,2330.4,2330,2330.4,49,21,11
9:17:05,2330.2,2330,2330.2,25,21,1
9:17:06,2330.2,2330,2330.2,6,22,3
9:17:06,2330,2330,2330.2,14,20,1
9:17:07,2330.4,2330.2,2330.4,4,5,1
9:17:07,2330.2,2330.2,2330.4,4,31,5
9:17:08,2330.4,2330.2,2330.4,8,36,7
9:17:08,2330.4,2330.2,2330.4,3,60,4
9:17:09,2330.4,2330.4,2330.6,9,14,58
9:17:09,2330.4,2330.4,2330.6,14,29,53
9:17:10,2330.6,2330.4,2330.6,17,28,37
9:17:10,2330.6,2330.4,2330.6,30,41,8
9:17:11,2330.6,2330.6,2330.8,13,6,41
9:17:11,2330.6,2330.6,2330.8,22,7,28
9:17:12,2330.8,2330.6,2330.8,9,11,22
9:17:12,2330.6,2330.4,2330.6,23,30,10
9:17:13,2330.6,2330.6,2330.8,22,26,11
9:17:13,2330.6,2330.6,2330.8,34,5,5
9:17:14,2330.8,2330.8,2331,7,26,59
9:17:14,2330.8,2330.8,2331,9,26,52
9:17:15,2331,2330.8,2331,18,27,36
9:17:15,2330.8,2330.8,2331,11,25,26
9:17:16,2331,2331,2331.2,26,3,9
9:17:16,2331.2,2330.8,2331.2,16,24,3
9:17:17,2331.2,2331.2,2331.4,30,3,13
9:17:17,2331.2,2331,2331.2,28,3,22
9:17:18,2331,2330.8,2331,14,8,6
9:17:18,2331,2330.8,2331,10,7,1
9:17:19,2331,2331,2331.2,25,7,3
9:17:19,2331,2330.8,2331,8,7,1
9:17:20,2330.8,2330.6,2330.8,20,42,88
9:17:20,2330.8,2330.6,2330.8,20,32,86
9:17:21,2330.6,2330.6,2330.8,8,28,82
9:17:21,2330.8,2330.6,2330.8,31,32,58
9:17:22,2330.6,2330.6,2330.8,17,29,44
9:17:22,2330.8,2330.6,2330.8,16,24,33
9:17:23,2330.8,2330.6,2330.8,4,23,30
9:17:23,2330.6,2330.6,2330.8,12,15,26
9:17:24,2330.6,2330.6,2330.8,9,10,23
9:17:24,2330.6,2330.6,2330.8,5,7,20
9:17:25,2330.6,2330.4,2330.6,9,29,5
9:17:25,2330.6,2330.4,2330.6,5,29,1
9:17:26,2330.8,2330.6,2330.8,6,1,28
9:17:26,2330.4,2330.4,2330.6,18,25,2
9:17:27,2330.4,2330.2,2330.4,34,52,70
9:17:27,2330.4,2330.2,2330.4,3,51,69
9:17:28,2330.4,2330.2,2330.4,11,46,64
9:17:28,2330.4,2330.2,2330.4,9,39,63
9:17:29,2330.2,2330.2,2330.4,30,31,43
9:17:29,2330.2,2330.2,2330.4,11,30,36
9:17:30,2330.4,2330.2,2330.4,1,30,35
9:17:30,2330.4,2330.2,2330.4,29,12,24
9:17:31,2330.2,2330.2,2330.4,6,6,21
9:17:31,2330.4,2330.2,2330.4,8,1,18
9:17:32,2330.2,2330,2330.2,5,146,3
9:17:32,2330.2,2330,2330.2,2,147,3
9:17:33,2330.2,2330.2,2330.4,3,3,16
9:17:33,2330.4,2330,2330.2,16,147,1
9:17:34,2330.2,2330.2,2330.4,5,34,9
9:17:34,2330.2,2330.2,2330.4,10,27,9
9:17:35,2330.2,2330.2,2330.6,36,13,25
9:17:36,2330,2330,2330.4,47,144,15
9:17:36,2330.4,2330.2,2330.4,18,4,6
9:17:37,2330.2,2330,2330.4,11,146,16
9:17:37,2330.2,2330,2330.2,4,148,1
9:17:38,2330.2,2330,2330.2,6,142,4
9:17:39,2330,2330,2330.2,2,141,4
9:17:39,2330.2,2330.2,2330.4,6,22,27
9:17:40,2330.2,2330.2,2330.4,6,27,22
9:17:41,2330.2,2330.2,2330.4,13,17,9
9:17:41,2330.2,2330.2,2330.4,13,13,8
9:17:42,2330.2,2330.2,2330.4,3,18,9
9:17:42,2330.2,2330.2,2330.4,6,18,8
9:17:43,2330.4,2330.2,2330.4,1,21,7
9:17:43,2330.2,2330.2,2330.4,9,15,7
9:17:44,2330.2,2330.2,2330.4,3,25,6
9:17:44,2330.4,2330.2,2330.4,25,8,2
9:17:45,2330.4,2330.2,2330.4,3,10,2
9:17:45,2330.6,2330.4,2330.6,7,2,7
9:17:46,2330.4,2330.4,2331.2,54,4,49
9:17:46,2330.6,2330.6,2331,10,8,11
9:17:47,2331,2330.6,2330.8,8,10,36
9:17:47,2330.6,2330.6,2330.8,7,20,34
9:17:48,2330.8,2330.6,2330.8,14,19,21
9:17:48,2331,2331,2331.2,39,17,50
9:17:49,2331,2331,2331.2,6,25,49
9:17:49,2330.8,2330.8,2331,49,12,4
9:17:50,2331,2330.8,2331,14,6,3
9:17:50,2331.2,2330.8,2331.2,4,7,53
9:17:51,2331.2,2330.8,2331.2,5,6,52
9:17:51,2331,2331,2331.2,3,1,57
9:17:52,2331,2331,2331.2,5,6,55
9:17:52,2330.8,2330.8,2331.2,10,2,54
9:17:53,2331,2330.6,2331,5,4,18
9:17:53,2330.6,2330.4,2330.6,8,45,12
9:17:54,2330.6,2330.4,2330.6,2,46,10
9:17:54,2330.6,2330.4,2330.6,6,43,16
9:17:55,2330.6,2330.4,2330.6,2,44,14
9:17:55,2330.4,2330.4,2330.6,14,36,9
9:17:56,2330.6,2330.4,2330.6,8,36,1
9:17:56,2331,2330.4,2331,13,36,12
9:17:57,2331,2330.6,2331,5,7,24
9:17:57,2331,2330.6,2330.8,2,8,1
9:17:58,2330.6,2330.6,2330.8,1,17,2
9:17:58,2330.8,2330.6,2330.8,3,18,2
9:17:59,2330.8,2330.6,2330.8,4,19,1
9:17:59,2330.6,2330.6,2330.8,2,18,2
9:18:00,2330.8,2330.8,2331,5,2,10
9:18:00,2330.6,2330.6,2330.8,8,10,23
9:18:01,2330.8,2330.8,2331,23,2,10
9:18:01,2330.8,2330.4,2331,19,35,10
9:18:02,2330.6,2330.4,2330.6,16,26,5
9:18:02,2330.6,2330.6,2330.8,6,1,4
9:18:03,2330.8,2330.4,2330.8,8,26,4
9:18:03,2330.8,2330.8,2331,6,2,11
9:18:04,2330.4,2330.4,2330.8,5,22,42
9:18:04,2330.8,2330.4,2330.6,6,78,26
9:18:05,2330.4,2330.4,2330.6,33,51,22
9:18:05,2330.4,2330.4,2330.6,24,33,2
9:18:06,2330.4,2330.4,2330.8,4,34,23
9:18:06,2330.6,2330.4,2330.6,3,34,3
9:18:07,2330.4,2330.4,2330.6,3,32,3
9:18:07,2330.4,2330.4,2330.6,5,45,9
9:18:08,2330.4,2330.4,2330.6,13,33,9
9:18:08,2330.6,2330.6,2330.8,10,11,25
9:18:09,2330.8,2330.6,2330.8,9,4,24
9:18:09,2330.4,2330.6,2330.8,9,2,25
9:18:10,2330.8,2330.6,2330.8,1,14,24
9:18:10,2330.8,2330.6,2330.8,15,34,18
9:18:11,2330.8,2330.4,2330.8,62,35,1
9:18:11,2330.8,2330.4,2330.8,7,34,5
9:18:12,2330.8,2330.4,2330.8,3,34,9
9:18:12,2330.8,2330.4,2330.8,3,35,11
9:18:13,2330.8,2330.4,2330.6,11,27,2
9:18:13,2330.8,2330.6,2330.8,2,1,14
9:18:14,2330.4,2330.4,2330.8,11,19,14
9:18:14,2330.8,2330.6,2330.8,5,3,11
9:18:15,2330.4,2330.6,2330.8,11,1,12
9:18:15,2330.6,2330.4,2330.6,18,12,3
9:18:16,2330.8,2330.2,2330.6,28,59,2
9:18:16,2330.8,2330.4,2330.6,5,1,2
9:18:17,2330.6,2330.4,2330.6,1,1,24
9:18:17,2330.4,2330.2,2330.4,3,58,6
9:18:18,2330.4,2330.2,2330.4,1,58,6
9:18:18,2330.4,2330.2,2330.4,9,55,8
9:18:19,2330.2,2330.2,2330.4,8,48,8
9:18:19,2330.2,2330.2,2330.4,3,47,8
9:18:20,2330.2,2330.2,2330.6,27,36,27
9:18:20,2330.6,2330.2,2330.6,1,37,26
9:18:21,2330.2,2330.4,2330.6,2,1,26
9:18:21,2330.2,2330.2,2330.6,2,37,26
9:18:22,2330.2,2330.4,2330.6,8,3,26
9:18:22,2330.6,2330.2,2330.6,11,29,21
9:18:23,2330.6,2330.4,2330.6,3,1,19
9:18:23,2330.2,2330.2,2330.4,5,29,1
9:18:24,2330.6,2330.4,2330.6,7,6,12
9:18:24,2330.4,2330.4,2330.6,4,5,11
9:18:25,2330.6,2330.4,2330.6,10,13,8
9:18:25,2330.4,2330.4,2330.6,2,22,8
9:18:26,2330.6,2330.4,2330.6,1,28,10
9:18:26,2330.6,2330.4,2330.6,8,24,6
9:18:27,2330.6,2330.4,2330.6,32,5,6
9:18:27,2330.4,2330.4,2330.6,5,4,8
9:18:28,2330.6,2330.4,2330.6,2,5,17
9:18:28,2330.6,2330.4,2330.6,8,4,11
9:18:29,2330.2,2330.2,2330.4,7,32,7
9:18:29,2330.4,2330.2,2330.4,3,33,5
9:18:30,2330.2,2330.2,2330.4,4,34,4
9:18:30,2330.2,2330.2,2330.4,2,48,6
9:18:31,2330.4,2330.4,2330.6,11,9,11
9:18:31,2330.4,2330.4,2330.6,4,16,15
9:18:32,2330.4,2330.4,2330.6,2,16,16
9:18:32,2330.4,2330.4,2330.6,4,15,15
9:18:33,2330.4,2330.4,2330.6,9,8,13
9:18:33,2330.6,2330.4,2330.6,6,5,11
9:18:34,2330.6,2330.4,2330.6,1,7,10
9:18:34,2330.4,2330.4,2330.6,2,9,10
9:18:35,2330.4,2330.4,2330.6,3,7,10
9:18:35,2330.4,2330.4,2330.6,1,11,10
9:18:36,2330.4,2330.4,2330.6,3,23,11
9:18:36,2330.6,2330.6,2330.8,12,19,49
9:18:37,2330.6,2330.6,2330.8,1,24,49
9:18:37,2330.6,2330.6,2330.8,3,22,49
9:18:38,2330.6,2330.6,2330.8,26,2,49
9:18:38,2330.6,2330.6,2330.8,1,1,49
9:18:39,2330.6,2330.4,2330.6,1,18,12
9:18:39,2330.6,2330.4,2330.6,11,18,1
9:18:40,2330.6,2330.6,2330.8,1,1,49
9:18:40,2330.4,2330.4,2330.8,4,17,50
9:18:41,2330.8,2330.4,2330.8,2,16,48
9:18:41,2330.6,2330.4,2330.8,2,16,47
9:18:42,2330.8,2330.4,2330.8,5,14,44
9:18:43,2330.4,2330.4,2330.8,1,16,44
9:18:43,2330.8,2330.4,2330.8,1,16,43
9:18:44,2330.8,2330.4,2330.8,3,16,41
9:18:44,2330.4,2330.4,2330.8,1,21,42
9:18:45,2330.4,2330.4,2330.6,1,21,1
9:18:45,2330.8,2330.6,2330.8,5,20,40
9:18:46,2330.6,2330.6,2330.8,3,19,41
9:18:47,2330.8,2330.6,2330.8,2,20,38
9:18:47,2330.8,2330.6,2330.8,10,11,37
9:18:48,2330.6,2330.6,2330.8,4,12,36
9:18:48,2330.8,2330.6,2330.8,11,11,31
9:18:49,2330.8,2330.6,2330.8,3,11,28
9:18:49,2330.8,2330.6,2330.8,2,10,27
9:18:50,2330.8,2330.6,2330.8,1,10,26
9:18:50,2330.8,2330.6,2330.8,6,10,20
9:18:52,2330.8,2330.6,2330.8,2,9,20
9:18:52,2330.6,2330.4,2330.6,10,35,10
9:18:53,2330.6,2330.4,2330.6,5,33,7
9:18:53,2330.6,2330.4,2330.6,2,33,5
9:18:54,2330.6,2330.6,2330.8,5,3,20
9:18:54,2330.8,2330.6,2330.8,2,4,19
9:18:55,2330.8,2330.6,2330.8,1,4,18
9:18:55,2330.8,2330.6,2330.8,7,6,12
9:18:56,2330.8,2330.6,2330.8,10,1,8
9:18:56,2330.6,2330.6,2330.8,4,5,10
9:18:57,2330.6,2330.6,2330.8,2,4,17
9:18:57,2330.8,2330.6,2330.8,3,3,15
9:18:58,2330.6,2330.4,2330.6,2,37,19
9:18:58,2330.6,2330.4,2330.6,5,37,15
9:18:59,2330.4,2330.4,2330.6,2,35,15
9:18:59,2330.6,2330.4,2330.6,5,34,10
9:19:00,2330.6,2330.4,2330.6,3,35,14
9:19:00,2330.4,2330.4,2330.6,1,34,31
9:19:01,2330.4,2330.4,2330.6,16,20,34
9:19:01,2330.4,2330.4,2330.6,11,29,30
9:19:02,2330.6,2330.4,2330.6,9,25,29
9:19:02,2330.4,2330.4,2330.6,5,20,30
9:19:03,2330.4,2330.4,2330.6,9,16,27
9:19:03,2330.4,2330.2,2330.4,19,47,18
9:19:04,2330.4,2330.2,2330.4,11,47,7
9:19:05,2330.4,2330.4,2330.6,33,74,5
9:19:05,2330.6,2330.6,2330.8,12,18,25
9:19:06,2330.4,2330.6,2330.8,10,8,24
9:19:06,2330.8,2330.6,2330.8,2,12,24
9:19:07,2330.6,2330.6,2330.8,4,8,24
9:19:07,2330.6,2330.6,2330.8,3,10,23
9:19:08,2330.6,2330.6,2330.8,4,6,24
9:19:09,2330.8,2330.6,2330.8,2,8,29
9:19:09,2330.8,2330.6,2330.8,3,10,29
9:19:10,2330.8,2330.6,2330.8,15,7,17
9:19:10,2330.8,2330.6,2331,31,14,35
9:19:11,2331,2330.8,2331,9,26,31
9:19:11,2331,2330.8,2331,19,15,23
9:19:12,2331,2330.8,2331,29,16,2
9:19:12,2331,2331,2331.2,13,13,57
9:19:13,2331.2,2331,2331.2,12,20,48
9:19:14,2331,2330.8,2331,29,13,2
9:19:14,2331,2330.8,2331,6,12,9
9:19:15,2331,2330.8,2331,1,9,8
9:19:15,2331,2330.8,2331,3,5,7
9:19:16,2331,2331,2331.2,7,2,45
9:19:16,2331.2,2331,2331.2,3,3,44
9:19:17,2331.2,2331,2331.2,1,18,44
9:19:17,2331,2331,2331.2,5,19,41
9:19:18,2331.2,2331.2,2331.4,52,6,13
9:19:18,2331.2,2331.2,2331.4,2,8,12
9:19:19,2331.4,2331.2,2331.4,1,35,12
9:19:19,2331.4,2331.4,2331.6,16,1,38
9:19:20,2331.6,2331.4,2331.6,20,2,29
9:19:20,2331.6,2331.6,2331.8,31,20,24
9:19:21,2331.8,2331.6,2331.8,22,21,5
9:19:21,2331.8,2331.8,2332,5,2,29
9:19:22,2332,2331.8,2332,6,4,24
9:19:22,2331.8,2331.8,2332,11,8,20
9:19:23,2332,2331.8,2332,10,8,16
9:19:23,2331.8,2331.8,2332,15,5,4
9:19:24,2332,2331.8,2332,6,2,2
9:19:24,2332,2331.6,2331.8,30,23,29
9:19:25,2331.8,2331.6,2331.8,24,22,7
9:19:25,2331.6,2331.6,2331.8,8,19,11
9:19:26,2331.8,2331.6,2331.8,14,14,13
9:19:26,2331.8,2331.6,2331.8,8,11,18
9:19:27,2331.6,2331.4,2331.8,14,8,21
9:19:27,2331.8,2331.6,2331.8,5,1,16
9:19:28,2331.8,2331.4,2331.6,5,9,1
9:19:28,2331.8,2331.6,2331.8,3,1,13
9:19:29,2331.8,2331.6,2331.8,1,1,16
9:19:29,2331.4,2331.4,2331.6,5,7,16
9:19:30,2331.6,2331.4,2331.6,12,7,5
9:19:30,2331.6,2331.4,2331.6,2,7,4
9:19:31,2331.6,2331.4,2331.6,4,6,3
9:19:31,2331.4,2331.4,2331.6,2,4,4
9:19:32,2331.6,2331.4,2331.6,6,4,2
9:19:32,2331.8,2331.4,2331.8,7,5,12
9:19:33,2331.4,2331.2,2331.4,9,17,16
9:19:33,2331.4,2331.2,2331.4,15,15,8
9:19:34,2331.4,2331.4,2331.6,20,3,1
9:19:34,2331.6,2331.6,2331.8,3,4,10
9:19:35,2331.6,2331.6,2331.8,1,3,17
9:19:35,2331.8,2331.6,2331.8,1,4,20
9:19:36,2331.6,2331.6,2331.8,3,1,21
9:19:36,2331.8,2331.4,2331.8,3,6,20
9:19:37,2331.4,2331.2,2331.4,9,21,1
9:19:37,2331.6,2331.4,2331.6,9,1,17
9:19:38,2331.6,2331.4,2331.6,9,2,14
9:19:38,2331.6,2331.4,2331.6,3,2,11
9:19:39,2331.4,2331.2,2331.4,4,21,2
9:19:39,2331.6,2331.4,2331.6,4,3,8
9:19:40,2331.4,2331.4,2331.6,3,6,6
9:19:40,2331.4,2331.4,2331.6,5,9,18
9:19:41,2331.6,2331.4,2331.6,11,13,7
9:19:41,2331.4,2331.4,2331.6,1,19,7
9:19:42,2331.6,2331.4,2331.6,14,12,1
9:19:42,2331.4,2331.6,2331.8,5,9,26
9:19:43,2331.8,2331.6,2331.8,3,9,25
9:19:43,2331.8,2331.6,2331.8,5,7,38
9:19:44,2331.6,2331.6,2331.8,5,4,41
9:19:44,2331.8,2331.4,2331.6,7,12,17
9:19:45,2331.4,2331.4,2331.6,4,12,16
9:19:45,2331.6,2331.4,2331.6,7,12,10
9:19:46,2331.6,2331.4,2331.6,4,18,7
9:19:46,2331.6,2331.4,2331.6,6,18,3
9:19:47,2331.4,2331.4,2331.6,3,38,2
9:19:47,2331.8,2331.6,2331.8,29,8,15
9:19:48,2331.6,2331.6,2331.8,6,24,14
9:19:48,2331.8,2331.8,2332,15,10,107
9:19:49,2331.8,2331.6,2331.8,27,7,3
9:19:49,2331.8,2331.8,2332,3,3,99
9:19:50,2332,2331.6,2332,24,2,97
9:19:50,2331.6,2331.4,2331.6,8,43,8
9:19:51,2331.6,2331.4,2331.6,6,39,8
9:19:51,2331.8,2331.6,2332,9,5,101
9:19:52,2331.6,2331.6,2331.8,3,8,4
9:19:53,2332,2331.6,2332,18,12,88
9:19:53,2332,2331.8,2332,37,1,53
9:19:54,2331.8,2331.8,2332,1,2,58
9:19:54,2331.8,2331.6,2332,7,16,54
9:19:55,2332,2331.8,2332,9,1,47
9:19:55,2332.2,2332,2332.2,56,54,8
9:19:56,2332.4,2332.2,2332.4,22,17,50
9:19:56,2332.2,2332.2,2332.4,4,2,60
9:19:57,2332.2,2332,2332.4,8,62,56
9:19:57,2332.2,2332,2332.2,4,62,1
9:19:58,2332,2332,2332.2,22,48,11
9:19:58,2332.2,2332.2,2332.4,44,1,32
9:19:59,2332.2,2332,2332.2,7,45,34
9:19:59,2332.2,2332,2332.2,16,44,21
9:20:00,2332.2,2332,2332.2,14,32,20
9:20:00,2332,2332,2332.2,60,14,11
9:20:01,2331.8,2331.8,2332,41,1,20
9:20:01,2332,2331.6,2332,44,18,6
9:20:02,2332,2331.6,2332.4,36,19,28
9:20:02,2332.2,2332,2332.2,37,1,23
9:20:03,2332,2331.6,2332,15,19,9
9:20:03,2332,2331.8,2332,6,3,23
9:20:04,2331.6,2331.4,2331.6,23,78,8
9:20:04,2332,2331.4,2331.6,15,75,1
9:20:05,2331.4,2331.4,2332,45,36,16
9:20:05,2331.6,2331.6,2332,15,8,18
9:20:06,2331.6,2331.6,2332,3,8,32
9:20:06,2331.6,2331.6,2332,9,2,31
9:20:07,2332,2331.6,2332,1,2,41
9:20:07,2332,2331.6,2332,2,3,41
9:20:08,2331.6,2331.6,2331.8,4,1,5
9:20:08,2331.6,2331.4,2331.6,2,41,6
9:20:09,2331.6,2331.4,2331.6,1,47,9
9:20:09,2331.6,2331.6,2331.8,12,1,9
9:20:10,2331.8,2331.6,2331.8,2,3,8
9:20:10,2331.8,2331.6,2331.8,8,5,5
9:20:11,2331.8,2331.6,2331.8,1,8,6
9:20:11,2331.6,2331.6,2331.8,3,6,8
9:20:12,2331.6,2331.6,2331.8,3,9,13
9:20:13,2331.6,2331.6,2331.8,4,6,13
9:20:13,2331.6,2331.6,2331.8,3,3,15
9:20:14,2331.8,2331.8,2332,20,24,71
9:20:14,2332,2331.8,2332,5,24,59
9:20:15,2331.8,2331.8,2332,4,20,64
9:20:15,2331.8,2331.8,2332,18,3,64
9:20:16,2332,2331.8,2332,2,2,64
9:20:16,2332,2331.8,2332,4,2,60
9:20:17,2332,2331.6,2332,12,15,51
9:20:18,2332,2331.8,2332,3,2,56
9:20:18,2332,2331.8,2332,6,1,51
9:20:19,2332,2332,2332.2,52,56,21
9:20:19,2332,2332,2332.2,19,58,2
9:20:20,2332.4,2332.2,2332.4,7,21,43
9:20:20,2332.2,2332.2,2332.4,7,19,37
9:20:21,2332.2,2332.2,2332.4,6,17,33
9:20:21,2332.4,2332.2,2332.4,13,12,29
9:20:22,2332.2,2332.2,2332.4,14,7,34
9:20:22,2332.2,2332.2,2332.4,7,6,30
9:20:23,2332.2,2332,2332.2,10,84,2
9:20:23,2332.4,2332,2332.4,5,84,29
9:20:24,2332.2,2332,2332.2,5,80,3
9:20:24,2332.2,2332.2,2332.4,12,28,13
9:20:25,2332.4,2332.2,2332.4,5,28,9
9:20:25,2332.4,2332.2,2332.4,14,21,4
9:20:26,2332.4,2332.2,2332.4,3,21,4
9:20:26,2332.2,2332.2,2332.4,4,19,7
9:20:27,2332.6,2332.4,2332.6,9,13,26
9:20:27,2332.4,2332.4,2332.6,1,13,26
9:20:28,2332.4,2332.2,2332.4,13,19,4
9:20:29,2332.4,2332.2,2332.6,6,20,27
9:20:29,2332.4,2332.2,2332.4,8,20,15
9:20:30,2332.2,2332.2,2332.4,3,19,17
9:20:30,2332.2,2332.2,2332.4,26,6,18
9:20:31,2332.2,2332.2,2332.4,12,6,12
9:20:31,2332.4,2332.2,2332.4,7,5,7
9:20:32,2332.2,2332,2332.2,7,26,5
9:20:32,2332.4,2332,2332.4,24,26,10
9:20:33,2332.2,2332,2332.2,2,27,3
9:20:33,2332.4,2332,2332.4,4,29,11
9:20:34,2332.2,2332.2,2332.4,1,14,12
9:20:34,2332.2,2332.2,2332.4,5,10,20
9:20:35,2332.4,2332.2,2332.4,19,14,3
9:20:35,2332.4,2332.4,2332.6,4,16,29
9:20:36,2332.4,2332.2,2332.4,25,19,3
9:20:36,2332.4,2332.2,2332.6,7,18,35
9:20:37,2332.2,2332.2,2332.6,3,17,42
9:20:37,2332.6,2332.2,2332.6,13,17,37
9:20:38,2332.4,2332.4,2332.6,2,3,50
9:20:38,2332.6,2332.2,2332.6,12,19,49
9:20:39,2332.6,2332.2,2332.6,16,9,46
9:20:39,2332.2,2332,2332.4,11,58,1
9:20:40,2332,2332.2,2332.4,7,1,10
9:20:40,2332.2,2332.2,2332.4,1,1,11
9:20:41,2332.4,2332.2,2332.4,8,1,5
9:20:41,2332.2,2332.2,2332.4,15,1,1
9:20:42,2332.2,2332,2332.4,5,58,5
9:20:42,2332.2,2332,2332.2,1,55,7
9:20:43,2332.2,2332.2,2332.4,11,1,4
9:20:43,2332.4,2332.2,2332.4,6,3,9
9:20:44,2332.4,2332,2332.2,11,50,2
9:20:44,2332.4,2332.4,2332.6,14,36,53
9:20:45,2332.6,2332.4,2332.6,12,27,52
9:20:45,2332.4,2332.4,2332.6,12,17,51
9:20:46,2332.4,2332.4,2332.6,4,18,51
9:20:46,2332.6,2332.4,2332.6,3,27,50
9:20:47,2332.4,2332.4,2332.6,9,24,44
9:20:48,2332.4,2332.4,2332.6,43,27,8
9:20:48,2332.4,2332.2,2332.4,28,76,24
9:20:49,2332.4,2332.2,2332.4,1,78,26
9:20:49,2332.4,2332.2,2332.4,16,81,11
9:20:50,2332.4,2332.4,2332.6,22,6,9
9:20:50,2332.4,2332.4,2332.6,6,13,9
9:20:51,2332.4,2332.4,2332.6,14,15,2
9:20:51,2332.6,2332.4,2332.6,1,16,1
9:20:52,2332.6,2332.4,2332.6,5,16,17
9:20:52,2332.6,2332.4,2332.6,2,16,15
9:20:53,2332.6,2332.4,2332.6,6,18,12
9:20:53,2332.4,2332.4,2332.6,10,22,4
9:20:54,2332.4,2332.4,2332.6,3,21,3
9:20:54,2332.6,2332.6,2332.8,7,1,70
9:20:55,2332.6,2332.6,2332.8,5,4,70
9:20:55,2332.6,2332.4,2332.6,10,14,13
9:20:56,2332.6,2332.4,2332.6,9,10,14
9:20:57,2332.6,2332.4,2332.6,2,10,14
9:20:57,2332.6,2332.4,2332.6,13,9,28
9:20:58,2332.4,2332.4,2332.6,13,6,23
9:20:58,2332.4,2332.4,2332.6,7,11,27
9:20:59,2332.4,2332.4,2332.6,2,10,28
9:20:59,2332.6,2332.4,2332.6,11,6,26
9:21:00,2332.4,2332.4,2332.6,7,4,22
9:21:00,2332.4,2332.4,2332.6,37,21,3
9:21:01,2332.6,2332.6,2332.8,10,3,68
9:21:01,2332.4,2332.4,2332.8,18,11,64
9:21:02,2332.6,2332.6,2332.8,33,9,43
9:21:02,2332.6,2332.6,2332.8,5,7,40
9:21:03,2332.6,2332.6,2332.8,6,11,37
9:21:03,2332.6,2332.6,2333,54,10,67
9:21:04,2332.8,2332.6,2333,3,10,65
9:21:04,2332.8,2332.8,2333,14,29,64
9:21:05,2333,2332.8,2333,25,19,50
9:21:05,2333,2332.8,2333,43,24,10
9:21:06,2333.2,2333,2333.2,20,4,1
9:21:06,2333.4,2333,2333.4,7,10,7
9:21:07,2333.2,2333.2,2333.6,22,1,28
9:21:07,2333.6,2333.4,2333.6,5,11,61
9:21:08,2333.6,2333.2,2333.4,36,2,1
9:21:08,2333.2,2333,2333.2,21,4,1
9:21:09,2333.4,2333.2,2333.4,9,1,13
9:21:09,2333.4,2333.2,2333.6,46,3,48
9:21:10,2333.2,2333.2,2333.4,27,6,1
9:21:10,2333.6,2333.4,2333.6,7,4,31
9:21:11,2333.4,2333.2,2333.6,9,19,28
9:21:11,2333.2,2333.2,2333.6,9,18,29
9:21:12,2333.4,2333.2,2333.4,3,19,3
9:21:12,2333.6,2333.4,2333.6,16,4,15
9:21:13,2333.4,2333.2,2333.4,15,25,26
9:21:13,2333.4,2333.2,2333.4,12,25,14
9:21:14,2333.2,2333.2,2333.6,37,11,9
9:21:14,2333.6,2333.6,2333.8,12,17,40
9:21:15,2333.8,2333.6,2333.8,5,13,39
9:21:15,2334.4,2333.8,2334.4,102,15,36
9:21:16,2334.4,2334.4,2334.6,45,5,4
9:21:16,2334.6,2334.6,2334.8,42,6,17
9:21:17,2334.8,2334.8,2335.8,439,31,9
9:21:17,2336.4,2336.4,2337,42,12,9
9:21:18,2337.2,2337.2,2338,133,27,18
9:21:18,2338.2,2338,2338.2,69,34,1
9:21:19,2338.4,2338.4,2338.8,86,32,18
9:21:19,2338.2,2338.2,2338.8,126,48,3
9:21:20,2338.2,2338.8,2339.2,162,1,4
9:21:20,2338.6,2338.2,2338.6,90,29,13
9:21:21,2338.6,2338.8,2339,80,1,32
9:21:21,2338,2338,2338.2,67,41,44
9:21:22,2338.6,2338.2,2338.6,142,5,1
9:21:22,2338.6,2338.6,2338.8,145,2,1
9:21:23,2338.8,2338,2339,31,11,33
9:21:23,2339,2339,2339.2,99,10,41
9:21:24,2339.2,2338.6,2339.2,82,47,3
9:21:24,2339.4,2339.4,2339.6,32,13,185
9:21:25,2339.6,2339.4,2339.6,243,32,8
9:21:25,2339.2,2339.2,2339.8,124,21,199
9:21:26,2339.6,2339.6,2339.8,118,2,142
9:21:26,2339.4,2339.2,2339.4,107,15,33
9:21:27,2339.2,2339,2339.2,87,11,25
9:21:27,2338.8,2338.4,2338.8,55,9,9
9:21:28,2338.4,2338.4,2338.6,63,20,4
9:21:28,2338.6,2338.4,2338.6,31,6,7
9:21:29,2338.4,2338,2338.2,25,7,8
9:21:29,2338,2338,2338.2,32,14,10
9:21:30,2338.2,2337.4,2338,45,11,5
9:21:30,2337.6,2337.6,2337.8,29,33,5
9:21:31,2337.8,2337.8,2338,58,18,36
9:21:31,2337.8,2337.8,2338,28,17,26
9:21:32,2338,2338,2338.2,51,32,9
9:21:32,2338,2338,2338.2,13,28,4
9:21:33,2338,2337.8,2338,36,8,14
9:21:33,2338,2337.8,2338,15,6,26
9:21:34,2337.6,2337.6,2337.8,21,5,13
9:21:34,2337.8,2337.4,2337.8,36,17,17
9:21:35,2337,2337,2337.4,35,11,1
9:21:35,2337.4,2337.2,2337.4,22,5,11
9:21:36,2337.4,2337,2337.2,18,7,8
9:21:36,2336.8,2336.6,2337.2,15,3,7
9:21:37,2336.8,2336.8,2337,37,6,4
9:21:37,2336.8,2336.8,2337.2,45,9,15
9:21:38,2337.2,2336.8,2337.2,17,1,14
9:21:38,2337,2336.6,2336.8,11,2,1
9:21:39,2337,2336.6,2336.8,11,24,10
9:21:39,2336.8,2336.6,2336.8,11,23,14
9:21:40,2336.6,2336.6,2336.8,8,24,11
9:21:40,2336.6,2336.6,2336.8,18,13,5
9:21:41,2336.6,2336.2,2336.6,17,11,3
9:21:41,2336.8,2336.6,2336.8,24,6,7
9:21:42,2336.6,2336.6,2336.8,9,1,8
9:21:42,2336.6,2336.4,2336.6,9,4,7
9:21:43,2337,2336.4,2336.6,25,8,1
9:21:43,2336.6,2336.8,2337,6,1,17
9:21:44,2336.8,2336.4,2337,13,12,15
9:21:44,2337,2336.4,2337,4,15,19
9:21:45,2337,2336.8,2337,12,8,15
9:21:45,2336.6,2336.6,2337,10,23,12
9:21:46,2336.6,2336.6,2337,11,26,6
9:21:46,2337,2336.8,2337,6,8,6
9:21:47,2337.2,2337,2337.2,10,28,15
9:21:47,2337,2337,2337.2,22,38,5
9:21:48,2337.2,2337.2,2337.4,14,8,26
9:21:48,2337.2,2337.2,2337.4,10,32,40
9:21:49,2337.2,2337.2,2337.4,52,2,13
9:21:49,2337.2,2337,2337.4,6,46,18
9:21:50,2337.2,2337.2,2337.4,17,15,13
9:21:50,2337.4,2337.2,2337.4,29,4,22
9:21:51,2337.2,2337.2,2337.4,23,10,9
9:21:51,2337.2,2337,2337.2,21,50,12
9:21:52,2337.2,2337,2337.2,10,68,7
9:21:52,2337.2,2337,2337.2,27,61,8
9:21:53,2337.2,2337,2337.2,48,19,16
9:21:53,2337,2337,2337.2,21,6,9
9:21:54,2337,2336.8,2337,18,14,27
9:21:54,2336.8,2336.8,2337,11,7,130
9:21:55,2336.6,2336.4,2336.8,57,30,12
9:21:55,2336.4,2336.4,2336.6,25,9,27
9:21:56,2336.2,2336.2,2336.4,14,19,2
9:21:56,2336.4,2336.2,2336.6,10,47,21
9:21:57,2336.2,2336.2,2336.4,3,44,2
9:21:57,2336.4,2336.4,2336.6,9,3,20
9:21:58,2336.4,2336.4,2336.6,7,8,17
9:21:58,2336.6,2336.6,2336.8,19,2,30
9:21:59,2336.8,2336.6,2336.8,7,6,23
9:21:59,2336.6,2336.6,2336.8,5,9,20
9:22:00,2336.8,2336.6,2336.8,11,6,15
9:22:00,2336.4,2336.4,2336.8,31,25,9
9:22:01,2336.4,2336.4,2336.8,25,17,2
9:22:01,2336.4,2336.4,2336.6,7,14,25
9:22:02,2336.6,2336.4,2336.8,7,14,9
9:22:02,2336.4,2336.2,2336.6,17,40,4
9:22:03,2336,2336,2336.6,57,33,6
9:22:03,2336,2336,2336.2,29,7,2
9:22:04,2336,2335.8,2336,15,16,18
9:22:04,2336,2335.8,2336,2,16,24
9:22:05,2335.8,2335.8,2336,12,42,18
9:22:05,2336.2,2336,2336.2,26,42,1
9:22:06,2336.2,2336.2,2336.4,11,38,29
9:22:06,2336.4,2336.2,2336.4,36,32,15
9:22:07,2336.2,2336.2,2336.4,24,32,4
9:22:07,2336.2,2336.2,2336.6,10,28,22
9:22:08,2336.2,2336.2,2336.6,6,23,21
9:22:08,2336.2,2336.2,2336.4,6,19,6
9:22:09,2336.2,2336.2,2336.4,110,1,3
9:22:09,2336.4,2336.2,2336.4,6,1,9
9:22:10,2336.4,2336,2336.4,11,5,7
9:22:10,2336.2,2336,2336.2,15,4,2
9:22:11,2336,2336,2336.2,6,3,4
9:22:11,2336,2336,2336.2,4,8,23
9:22:12,2336,2336,2336.2,8,5,19
9:22:12,2336,2335.8,2336,6,2,1
9:22:13,2336,2335.6,2336,12,15,2
9:22:13,2335.6,2335.6,2335.8,3,15,3
9:22:14,2335.8,2335.6,2336,8,16,4
9:22:14,2336,2336,2336.2,24,17,29
9:22:15,2336,2336,2336.2,10,9,29
9:22:15,2336,2336,2336.2,23,2,22
9:22:16,2336,2335.8,2336,7,12,2
9:22:16,2336.2,2336.2,2336.4,41,33,8
9:22:17,2336.2,2336.2,2336.4,2,33,8
9:22:17,2336.2,2336.2,2336.4,3,37,12
9:22:18,2336.2,2336.2,2336.4,25,19,5
9:22:18,2336.6,2336.2,2336.6,21,5,43
9:22:19,2336.2,2336.2,2336.4,7,2,2
9:22:19,2336.6,2336,2336.6,6,3,37
9:22:20,2336.2,2336,2336.4,6,7,3
9:22:20,2336.2,2336.2,2336.4,4,3,2
9:22:21,2336.2,2336,2336.2,7,11,15
9:22:21,2336,2336,2336.2,2,9,18
9:22:22,2336,2336,2336.2,4,16,18
9:22:22,2336,2336,2336.2,11,8,18
9:22:23,2336.2,2336,2336.2,4,7,17
9:22:23,2336,2336,2336.2,16,1,12
9:22:24,2336.4,2335.8,2336,18,19,1
9:22:24,2336.2,2336,2336.4,3,1,9
9:22:25,2336.4,2336.2,2336.4,1,1,8
9:22:25,2336.2,2336,2336.4,6,10,18
9:22:26,2336,2336,2336.4,25,2,7
9:22:26,2336,2336,2336.4,6,26,3
9:22:27,2336.4,2336.2,2336.4,5,7,2
9:22:27,2336.4,2336.2,2336.6,26,7,57
9:22:28,2336.4,2336.2,2336.6,1,28,57
9:22:28,2336.2,2336.2,2336.6,3,26,57
9:22:29,2336.6,2336.4,2336.6,2,1,58
9:22:29,2336.6,2336.2,2336.6,43,22,24
9:22:30,2336.4,2336.4,2336.6,2,14,25
9:22:30,2336.6,2336.4,2336.6,7,16,20
9:22:31,2336.6,2336.6,2336.8,30,5,20
9:22:31,2336.6,2336.6,2336.8,1,20,20
9:22:32,2336.6,2336.4,2336.6,28,6,4
9:22:32,2336.8,2336.4,2336.8,9,4,18
9:22:33,2336.8,2336.6,2336.8,4,15,15
9:22:33,2336.6,2336.6,2336.8,5,13,12
9:22:34,2336.6,2336.6,2337,18,8,55
9:22:34,2336.8,2336.6,2336.8,3,10,30
9:22:35,2336.8,2336.6,2336.8,9,9,25
9:22:35,2336.6,2336.4,2336.6,12,9,3
9:22:36,2336.8,2336.6,2336.8,5,4,63
9:22:36,2336.6,2336.4,2336.6,8,11,12
9:22:37,2336.4,2336.4,2336.6,6,13,34
9:22:37,2336.6,2336.4,2336.6,3,14,45
9:22:38,2336.6,2336.2,2336.6,46,11,31
9:22:38,2336.6,2336.2,2336.6,2,46,31
9:22:39,2336.6,2336.4,2336.6,18,7,28
9:22:39,2336.6,2336.4,2336.6,39,3,22
9:22:40,2336.4,2336.4,2336.6,10,15,14
9:22:40,2336.6,2336.4,2336.6,3,28,11
9:22:41,2336.6,2336.4,2336.6,3,33,11
9:22:41,2336.6,2336.4,2336.6,11,26,12
9:22:42,2336.4,2336.4,2336.6,18,8,16
9:22:42,2336.6,2336.4,2336.6,3,3,15
9:22:43,2336.4,2336.4,2336.6,15,2,6
9:22:43,2336.4,2336.2,2336.4,4,19,2
9:22:44,2336.2,2336.2,2336.4,19,1,2
9:22:44,2336.4,2336.2,2336.4,1,1,3
9:22:45,2336.2,2336,2336.2,4,81,6
9:22:45,2336,2336,2336.2,1,84,11
9:22:46,2336,2336,2336.2,15,70,12
9:22:46,2336.2,2336,2336.2,15,61,9
9:22:47,2336,2335.8,2336.2,63,20,12
9:22:48,2336,2335.8,2336,19,15,18
9:22:48,2335.8,2335.6,2335.8,17,22,3
9:22:49,2335.8,2335.6,2335.8,4,21,2
9:22:49,2336,2335.6,2336,27,20,6
9:22:50,2335.6,2335.6,2336,11,36,4
9:22:50,2336,2335.6,2336,4,36,1
9:22:51,2336,2336,2336.2,9,4,7
9:22:51,2335.8,2336,2336.2,8,3,43
9:22:52,2336,2335.8,2336,5,3,3
9:22:52,2335.8,2335.6,2335.8,4,35,3
9:22:53,2335.8,2335.6,2335.8,3,36,23
9:22:54,2335.8,2335.6,2335.8,9,52,19
9:22:54,2335.8,2335.4,2335.8,65,29,15
9:22:55,2335.4,2335.4,2335.6,1,29,3
9:22:55,2335.8,2335.6,2335.8,7,2,7
9:22:56,2335.6,2335.4,2335.6,4,30,3
9:22:56,2335.6,2335.6,2335.8,6,1,23
9:22:57,2335.4,2335.4,2335.6,14,28,3
9:22:57,2335.6,2335.4,2335.8,8,27,3
9:22:58,2335.8,2335.8,2336,10,30,26
9:22:58,2335.8,2335.8,2336,1,30,26
9:22:59,2336,2335.8,2336,3,31,25
9:22:59,2336,2335.8,2336,7,26,25
9:23:00,2335.8,2335.8,2336,3,23,75
9:23:00,2335.8,2335.8,2336,12,11,75
9:23:01,2335.8,2335.6,2335.8,11,5,5
9:23:01,2335.8,2335.6,2335.8,1,5,22
9:23:02,2335.6,2335.4,2335.8,5,46,35
9:23:02,2335.8,2335.6,2335.8,1,1,40
9:23:03,2335.8,2335.4,2335.8,39,11,41
9:23:04,2335.6,2335.4,2335.8,3,12,30
9:23:04,2335.6,2335.6,2335.8,2,4,15
9:23:05,2335.6,2335.6,2335.8,7,11,13
9:23:05,2335.6,2335.6,2335.8,1,15,10
9:23:06,2335.8,2335.6,2335.8,7,18,4
9:23:06,2335.8,2335.8,2336,7,15,88
9:23:07,2336,2335.8,2336,3,14,93
9:23:07,2335.8,2335.8,2336,1,14,93
9:23:08,2336,2335.8,2336,10,7,94
9:23:08,2336,2335.8,2336,16,6,79
9:23:09,2335.8,2335.8,2336,3,6,78
9:23:09,2335.8,2335.8,2336,2,4,79
9:23:10,2336,2335.8,2336,3,4,27
9:23:10,2336,2335.8,2336,13,9,14
9:23:11,2336.2,2336,2336.2,69,8,11
9:23:11,2336.4,2336,2336.4,18,6,7
9:23:12,2336.4,2336,2336.2,3,6,5
9:23:12,2336.4,2336.4,2336.6,20,16,15
9:23:13,2336.6,2336.4,2336.6,3,16,13
9:23:13,2336.4,2336.4,2336.6,8,10,15
9:23:14,2336.4,2336.4,2336.6,7,6,12
9:23:14,2336.4,2336.4,2336.6,1,7,12
9:23:15,2336.6,2336.4,2336.6,10,7,3
9:23:15,2336.8,2336.6,2336.8,16,4,20
9:23:16,2336.8,2336.6,2336.8,3,4,18
9:23:16,2336.6,2336.6,2336.8,5,3,19
9:23:17,2336.8,2336.6,2336.8,6,6,13
9:23:17,2336.6,2336.6,2336.8,6,3,9
9:23:18,2336.8,2336.6,2336.8,7,2,6
9:23:18,2336.8,2336.6,2336.8,5,4,3
9:23:19,2336.6,2336.4,2336.8,6,7,14
9:23:19,2336.6,2336.4,2336.8,10,6,11
9:23:20,2336.8,2336.6,2336.8,4,2,9
9:23:20,2336.6,2336.4,2336.6,5,6,7
9:23:21,2336.4,2336.2,2336.4,12,15,19
9:23:21,2336.4,2336.2,2336.4,3,55,17
9:23:22,2336.2,2336.2,2336.4,13,44,20
9:23:22,2336.4,2336.2,2336.4,17,30,16
9:23:23,2336.4,2336.4,2336.6,20,4,16
9:23:23,2336.4,2336.4,2336.6,4,1,15
9:23:24,2336.2,2336.2,2336.4,2,28,4
9:23:24,2336.2,2336.2,2336.4,1,27,30
9:23:25,2336.2,2336.2,2336.6,42,19,14
9:23:25,2336.4,2336,2336.6,22,19,15
9:23:26,2336.4,2336,2336.2,2,19,1
9:23:26,2336.6,2336.2,2336.6,4,21,16
9:23:27,2336.2,2336.2,2336.4,1,20,2
9:23:27,2336.2,2336.2,2336.4,6,14,3
9:23:28,2336.4,2336.2,2336.4,2,14,2
9:23:28,2336.4,2336,2336.4,23,18,2
9:23:29,2336.4,2336,2336.2,2,18,2
9:23:29,2336.2,2336,2336.2,4,18,1
9:23:30,2336,2336,2336.2,1,18,1
9:23:30,2336,2336,2336.2,2,16,1
9:23:31,2336.2,2336.2,2336.4,27,9,4
9:23:31,2336.2,2336.2,2336.4,6,4,4
9:23:32,2336.2,2336.2,2336.4,1,4,4
9:23:33,2336.4,2336.2,2336.4,3,4,3
9:23:33,2336.2,2336.2,2336.4,1,3,3
9:23:34,2336.4,2336.2,2336.4,2,3,3
9:23:34,2336.2,2336.2,2336.4,1,2,5
9:23:35,2336.2,2336.2,2336.4,2,1,4
9:23:35,2336,2336,2336.2,5,15,2
9:23:36,2336,2336,2336.2,1,14,4
9:23:36,2336.2,2336,2336.2,2,17,4
9:23:37,2336,2336,2336.2,4,13,5
9:23:37,2336.2,2336,2336.2,3,11,4
9:23:38,2336.2,2336,2336.4,12,11,13
9:23:38,2335.8,2335.8,2336.2,21,7,6
9:23:39,2335.8,2335.8,2336,3,5,1
9:23:40,2335.8,2335.8,2336,3,3,1
9:23:40,2335.8,2335.8,2336,2,3,5
9:23:41,2335.8,2335.8,2336,2,1,11
9:23:41,2335.6,2335.6,2336,2,32,12
9:23:42,2335.8,2335.8,2336,3,11,10
9:23:42,2336,2335.8,2336,5,8,12
9:23:43,2336,2335.8,2336,3,7,10
9:23:43,2335.8,2335.8,2336,3,5,11
9:23:44,2336,2335.8,2336,2,5,10
9:23:44,2335.8,2335.8,2336,1,4,11
9:23:45,2335.8,2335.6,2336,7,37,10
9:23:45,2335.6,2335.6,2335.8,1,40,2
9:23:46,2335.8,2335.6,2335.8,1,41,1
9:23:46,2335.6,2335.6,2335.8,38,4,1
9:23:47,2335.6,2335.4,2335.6,10,65,4
9:23:48,2335.4,2335.4,2335.6,6,64,3
9:23:48,2335.4,2335.6,2335.8,7,5,6
9:23:49,2335.4,2335.4,2335.8,7,64,7
9:23:49,2335.4,2335.4,2335.6,7,58,7
9:23:50,2335.6,2335.4,2335.6,6,56,3
9:23:50,2335.6,2335.4,2335.6,7,50,8
9:23:51,2335.4,2335.4,2335.6,9,47,5
9:23:51,2335.6,2335.6,2335.8,5,16,10
9:23:52,2335.6,2335.6,2335.8,3,13,10
9:23:52,2335.8,2335.6,2335.8,9,10,11
9:23:53,2335.6,2335.6,2335.8,3,7,12
9:23:53,2335.6,2335.6,2335.8,3,8,11
9:23:54,2335.6,2335.6,2335.8,5,8,11
9:23:54,2335.8,2335.6,2335.8,3,9,8
9:23:55,2335.6,2335.6,2335.8,5,13,5
9:23:55,2335.6,2335.6,2335.8,7,10,1
9:23:56,2335.6,2335.6,2335.8,1,9,1
9:23:56,2335.6,2335.6,2335.8,3,7,3
9:23:57,2335.6,2335.6,2335.8,1,6,3
9:23:58,2335.8,2335.6,2335.8,5,5,11
9:23:58,2335.6,2335.6,2335.8,3,2,11
9:23:59,2335.8,2335.6,2335.8,4,16,11
9:23:59,2335.8,2335.6,2335.8,4,17,9
9:24:00,2335.6,2335.6,2335.8,5,15,7
9:24:00,2335.8,2335.6,2335.8,5,13,6
9:24:01,2335.6,2335.6,2336,20,5,30
9:24:01,2336,2335.4,2336,7,53,29
9:24:02,2335.4,2335.4,2336,5,49,30
9:24:02,2335.8,2335.6,2335.8,4,3,4
9:24:03,2335.8,2335.6,2336,9,4,30
9:24:03,2335.8,2335.8,2336,3,6,29
9:24:04,2335.8,2335.8,2336,3,4,28
9:24:04,2336,2335.8,2336,1,4,27
9:24:05,2336,2335.8,2336,8,5,19
9:24:05,2335.8,2335.8,2336,1,4,19
9:24:06,2336,2335.8,2336,9,8,11
9:24:06,2336,2336,2336.2,15,4,6
9:24:07,2336,2336,2336.2,4,6,3
9:24:07,2336.2,2336.2,2336.4,4,2,16
9:24:08,2336.4,2336.2,2336.4,2,1,16
9:24:08,2336.4,2336.2,2336.4,1,2,15
9:24:09,2336.2,2336.2,2336.4,3,2,13
9:24:09,2336.4,2336,2336.4,12,51,6
9:24:10,2336.4,2336.2,2336.4,4,25,2
9:24:10,2336.4,2336.4,2336.6,4,3,28
9:24:11,2336.6,2336.4,2336.6,20,24,8
9:24:11,2336.4,2336.4,2336.6,1,24,8
9:24:12,2336.8,2336.6,2336.8,12,3,44
9:24:12,2336.8,2336.6,2336.8,1,14,43
9:24:13,2336.8,2336.6,2336.8,4,13,47
9:24:13,2336.8,2336.6,2336.8,2,13,44
9:24:14,2336.8,2336.6,2336.8,7,13,37
9:24:14,2336.8,2336.6,2336.8,4,12,34
9:24:15,2336.8,2336.6,2336.8,6,13,29
9:24:15,2336.8,2336.6,2336.8,4,11,30
9:24:16,2336.8,2336.6,2336.8,10,10,22
9:24:16,2336.8,2336.4,2336.6,25,21,1
9:24:17,2336.8,2336.4,2336.6,1,21,1
9:24:17,2336.6,2336.4,2336.6,10,8,8
9:24:18,2336.4,2336.4,2336.6,3,7,9
9:24:18,2336.4,2336.2,2336.4,8,5,3
9:24:19,2336.2,2336.2,2336.4,4,1,9
9:24:19,2336.4,2336.2,2336.4,5,1,6
9:24:20,2336,2336,2336.2,3,36,2
9:24:20,2336,2336,2336.2,1,35,3
9:24:21,2336.2,2336,2336.4,6,35,9
9:24:21,2336,2336,2336.2,8,29,2
9:24:22,2336,2336,2336.2,10,20,3
9:24:22,2336.2,2336,2336.2,14,4,5
9:24:23,2336,2336,2336.2,4,1,15
9:24:23,2336,2336,2336.2,6,5,16
9:24:24,2336,2336,2336.2,1,4,16
9:24:24,2336,2336,2336.2,1,4,12
9:24:25,2336,2336,2336.2,2,2,12
9:24:25,2336.2,2336.2,2336.4,13,1,14
9:24:26,2336.2,2336,2336.4,2,6,14
9:24:26,2336,2336,2336.4,5,1,14
9:24:27,2336,2335.8,2336,2,24,2
9:24:27,2336,2335.8,2336.2,3,23,1
9:24:28,2336,2336,2336.2,1,4,1
9:24:28,2336.4,2336,2336.4,4,4,11
9:24:29,2336,2335.8,2336,5,25,3
9:24:29,2335.8,2335.8,2336,5,23,2
9:24:31,2336.2,2336.2,2336.4,5,3,15
9:24:31,2336,2336,2336.2,5,33,1
9:24:32,2336.2,2336,2336.4,6,28,16
9:24:33,2336.2,2336.2,2336.4,1,19,27
9:24:34,2336.2,2336.2,2336.4,5,3,27
9:24:34,2336.2,2336,2336.4,2,36,29
9:24:36,2336.2,2336.2,2336.4,3,5,32
9:24:36,2336.2,2336.2,2336.4,2,4,33
9:24:37,2336.2,2336.2,2336.4,2,2,33
9:24:37,2336.2,2336,2336.4,30,37,34
9:24:38,2336.2,2336,2336.2,2,36,1
9:24:38,2336.2,2336,2336.4,1,36,35
9:24:40,2336.2,2336,2336.2,4,39,8
9:24:40,2336,2336,2336.2,13,38,2
9:24:41,2336,2336,2336.2,1,37,3
9:24:41,2336,2336,2336.2,5,34,2
9:24:42,2336,2336,2336.2,1,33,4
9:24:42,2336,2336,2336.2,2,32,5
9:24:43,2336,2336,2336.2,2,31,5
9:24:43,2336.2,2336,2336.2,1,32,12
9:24:44,2336,2336,2336.2,7,27,12
9:24:44,2336.2,2336,2336.2,16,20,4
9:24:45,2335.8,2335.8,2336,21,36,19
9:24:46,2335.8,2335.8,2336,5,34,28
9:24:46,2335.8,2335.8,2336,19,16,29
9:24:47,2336,2335.8,2336,6,16,24
9:24:47,2335.8,2335.8,2336,13,7,21
9:24:48,2335.8,2335.6,2335.8,9,22,9
9:24:48,2335.6,2335.6,2335.8,1,21,9
9:24:49,2335.8,2335.6,2335.8,1,21,10
9:24:49,2335.6,2335.6,2335.8,18,33,6
9:24:50,2335.8,2335.8,2336,8,4,21
9:24:50,2335.8,2335.8,2336,2,4,21
9:24:51,2335.8,2335.8,2336,3,6,22
9:24:51,2336,2335.8,2336,2,9,20
9:24:52,2335.8,2335.8,2336,1,8,20
9:24:52,2335.8,2335.8,2336,5,12,17
9:24:53,2335.8,2335.8,2336,2,11,17
9:24:54,2336,2335.8,2336,2,10,16
9:24:54,2336,2335.8,2336,11,2,16
9:24:55,2335.8,2335.8,2336,1,1,16
9:24:56,2335.8,2335.6,2335.8,2,33,2
9:24:56,2335.8,2335.6,2335.8,1,33,1
9:24:57,2335.8,2335.8,2336,3,18,31
9:24:57,2336,2335.8,2336,4,16,30
9:24:58,2335.8,2335.8,2336,3,16,30
9:24:59,2335.8,2335.6,2335.8,23,29,6
9:24:59,2335.8,2335.6,2335.8,2,28,7
9:25:00,2335.8,2335.8,2336,7,13,34
9:25:00,2335.8,2335.8,2336,16,3,37
9:25:01,2335.8,2335.6,2335.8,5,34,10
9:25:01,2335.6,2335.6,2335.8,3,32,9
9:25:02,2335.8,2335.6,2335.8,7,30,11
9:25:02,2335.6,2335.6,2335.8,5,27,11
9:25:03,2335.8,2335.6,2335.8,9,25,5
9:25:03,2335.8,2335.8,2336,7,1,38
9:25:04,2335.6,2335.6,2335.8,6,20,3
9:25:04,2335.6,2335.6,2335.8,2,18,6
9:25:05,2335.6,2335.6,2335.8,6,13,15
9:25:05,2335.6,2335.6,2335.8,1,14,17
9:25:06,2335.6,2335.6,2335.8,13,1,29
9:25:06,2335.4,2335.4,2335.6,2,62,10
9:25:07,2335.4,2335.4,2335.6,37,25,12
9:25:07,2335.4,2335.4,2335.6,5,20,15
9:25:08,2335.4,2335.4,2335.8,28,12,30
9:25:08,2335.4,2335.4,2335.6,5,11,4
9:25:09,2335.4,2335.4,2335.6,6,5,4
9:25:09,2335.4,2335.4,2335.6,19,1,3
9:25:10,2335.4,2335.2,2335.4,3,226,2
9:25:10,2335.4,2335.4,2335.6,12,7,3
9:25:11,2335.4,2335.4,2335.6,8,11,3
9:25:11,2335.4,2335.4,2335.6,13,18,1
9:25:12,2335.6,2335.6,2335.8,9,27,10
9:25:12,2335.6,2335.6,2335.8,3,26,9
9:25:13,2335.6,2335.6,2335.8,7,20,14
9:25:13,2335.6,2335.6,2335.8,5,16,16
9:25:14,2335.6,2335.6,2335.8,2,14,18
9:25:14,2335.6,2335.6,2335.8,5,10,18
9:25:15,2335.6,2335.6,2335.8,2,8,18
9:25:15,2335.6,2335.6,2335.8,7,7,19
9:25:16,2335.8,2335.4,2335.8,28,1,17
9:25:17,2335.8,2335.4,2335.6,1,1,8
9:25:17,2335.4,2335.2,2335.4,2,223,3
9:25:18,2335.4,2335.2,2335.4,3,223,2
9:25:18,2335.4,2335.4,2335.6,2,4,19
9:25:19,2335.6,2335.4,2335.6,1,11,27
9:25:19,2335.4,2335.2,2335.4,14,223,23
9:25:20,2335.2,2335.2,2335.4,6,221,21
9:25:20,2335.2,2335.2,2335.4,21,210,13
9:25:22,2335.2,2335.2,2335.4,22,189,14
9:25:22,2335.4,2335.2,2335.4,7,185,12
9:25:23,2335.4,2335.2,2335.4,18,175,4
9:25:23,2335.2,2335.2,2335.4,26,153,12
9:25:24,2335.2,2335.2,2335.4,7,147,11
9:25:24,2335.4,2335.4,2335.6,11,1,30
9:25:25,2335.4,2335.4,2335.6,1,1,30
9:25:25,2335.2,2335.2,2335.4,12,136,4
9:25:26,2335.2,2335.2,2335.4,8,129,9
9:25:26,2335.4,2335.2,2335.4,20,116,4
9:25:27,2335.4,2335.2,2335.4,7,115,1
9:25:27,2335.2,2335.2,2335.4,12,103,9
9:25:28,2335.2,2335.2,2335.4,13,101,8
9:25:28,2335.4,2335.2,2335.4,13,91,6
9:25:29,2335.2,2335.2,2335.4,25,68,5
9:25:29,2335.2,2335.2,2335.4,11,63,10
9:25:30,2335.2,2335.2,2335.4,4,60,10
9:25:30,2335.2,2335.2,2335.4,13,47,26
9:25:31,2335.2,2335.2,2335.4,13,34,16
9:25:31,2335.2,2335.2,2335.4,21,13,18
9:25:32,2335.2,2335,2335.2,15,208,31
9:25:32,2335,2335,2335.2,6,206,35
9:25:33,2335.2,2335,2335.2,7,202,33
9:25:33,2335.2,2335,2335.2,20,185,30
9:25:34,2335,2335,2335.2,42,144,29
9:25:34,2335,2335,2335.2,26,119,28
9:25:35,2335,2335,2335.2,23,96,29
9:25:35,2335,2335,2335.2,12,79,30
9:25:36,2335,2335,2335.2,33,49,30
9:25:36,2335,2334.8,2335,49,27,3
9:25:37,2334.8,2334.8,2335,5,22,20
9:25:37,2335,2334.8,2335,9,50,19
9:25:38,2335,2334.8,2335,13,48,9
9:25:38,2335,2334.8,2335,17,39,3
9:25:39,2334.8,2334.8,2335,25,15,4
9:25:39,2334.8,2334.8,2335,18,8,3
9:25:40,2334.8,2334.8,2335,10,13,14
9:25:40,2334.6,2334.6,2334.8,19,15,2
9:25:41,2334.6,2334.6,2335,12,10,28
9:25:41,2334.8,2334.8,2335,18,4,29
9:25:42,2334.8,2334.6,2334.8,10,8,3
9:25:42,2334.6,2334.6,2334.8,3,6,4
9:25:43,2334.6,2334.6,2334.8,11,16,5
9:25:43,2334.8,2334.6,2334.8,11,11,5
9:25:44,2334.8,2334.6,2334.8,7,7,8
9:25:44,2334.6,2334.6,2334.8,5,7,7
9:25:45,2334.8,2334.6,2334.8,7,10,1
9:25:45,2334.6,2334.6,2334.8,3,22,3
9:25:46,2334.8,2334.6,2334.8,5,57,1
9:25:46,2334.6,2334.8,2335,5,8,44
9:25:47,2334.6,2334.6,2335,41,41,47
9:25:47,2334.6,2334.6,2334.8,9,59,5
9:25:48,2334.8,2334.6,2334.8,7,52,4
9:25:48,2334.8,2334.6,2334.8,8,42,12
9:25:49,2334.6,2334.6,2334.8,11,41,25
9:25:49,2334.8,2334.6,2334.8,10,45,20
9:25:50,2334.6,2334.6,2334.8,13,39,16
9:25:50,2334.6,2334.6,2334.8,7,33,18
9:25:51,2334.6,2334.6,2334.8,10,25,24
9:25:51,2334.6,2334.6,2334.8,15,15,21
9:25:52,2334.6,2334.6,2334.8,18,10,9
9:25:52,2334.8,2334.6,2334.8,6,6,8
9:25:53,2334.6,2334.6,2334.8,2,6,9
9:25:53,2334.6,2334.6,2334.8,6,6,5
9:25:54,2334.6,2334.6,2334.8,9,3,3
9:25:54,2334.8,2334.6,2334.8,3,8,3
9:25:55,2334.6,2334.6,2334.8,5,13,1
9:25:55,2334.8,2334.8,2335,3,6,75
9:25:56,2334.8,2334.8,2335,5,34,80
9:25:56,2334.8,2334.8,2335,10,25,80
9:25:57,2334.8,2334.8,2335,5,29,79
9:25:57,2334.8,2334.8,2335,6,29,76
9:25:58,2335,2334.8,2335,11,20,74
9:25:58,2334.8,2334.8,2335,27,19,52
9:25:59,2335,2334.8,2335,23,21,30
9:25:59,2335,2334.8,2335,21,19,12
9:26:00,2335.2,2335,2335.2,23,8,30
9:26:00,2334.8,2334.8,2335.4,44,19,9
9:26:01,2335.4,2335.2,2335.4,14,16,6
9:26:01,2335.2,2335.2,2335.4,7,11,18
9:26:02,2335.2,2335.2,2335.4,13,3,18
9:26:02,2335.4,2335.2,2335.4,3,1,17
9:26:03,2335.2,2335,2335.4,5,7,13
9:26:03,2335.4,2335,2335.4,7,6,8
9:26:04,2335.2,2335,2335.2,6,6,4
9:26:04,2335.2,2335,2335.2,4,4,5
9:26:05,2335.2,2335,2335.2,3,4,3
9:26:05,2335.2,2335,2335.2,5,1,2
9:26:06,2335.2,2335,2335.2,1,5,1
9:26:06,2335.2,2335.2,2335.4,1,1,8
9:26:07,2335,2335,2335.4,2,7,9
9:26:07,2335,2334.8,2335,11,18,15
9:26:08,2335,2334.8,2335,6,18,11
9:26:08,2335,2334.8,2335.2,12,17,1
9:26:09,2335.4,2335.2,2335.4,6,1,8
9:26:09,2335.2,2335.2,2335.4,4,3,12
9:26:10,2335.2,2335.2,2335.4,3,1,12
9:26:10,2335.4,2335.2,2335.4,1,1,11
9:26:11,2335.2,2335.2,2335.4,1,1,13
9:26:11,2335,2335,2335.2,3,63,4
9:26:12,2335.2,2335,2335.4,4,64,8
9:26:12,2335.2,2335.2,2335.4,2,14,8
9:26:13,2335.4,2335.2,2335.4,1,17,7
9:26:13,2335.2,2335.2,2335.4,1,17,8
9:26:14,2335.4,2335.2,2335.4,2,17,6
9:26:14,2335.4,2335.2,2335.4,3,17,4
9:26:15,2335.2,2335.2,2335.4,2,16,3
9:26:15,2335.4,2335.2,2335.6,3,16,28
9:26:16,2335.4,2335.2,2335.6,1,16,29
9:26:16,2335.4,2335.2,2335.6,1,16,31
9:26:17,2335.4,2335.2,2335.4,1,19,3
9:26:17,2335.6,2335.4,2335.6,7,10,31
9:26:18,2335.4,2335.4,2335.6,5,35,31
9:26:18,2335.6,2335.4,2335.6,7,35,26
9:26:19,2335.6,2335.4,2335.6,14,26,22
9:26:19,2335.8,2335.6,2335.8,25,5,20
9:26:20,2335.8,2335.6,2335.8,4,11,18
9:26:20,2335.8,2335.6,2335.8,5,17,13
9:26:21,2335.8,2335.6,2335.8,8,20,5
9:26:21,2335.8,2335.4,2335.8,27,25,7
9:26:22,2336,2335.8,2336,8,1,78
9:26:22,2335.8,2335.6,2335.8,7,4,23
9:26:23,2335.6,2335.6,2335.8,6,2,20
9:26:23,2335.8,2335.6,2335.8,9,1,14
9:26:24,2335.6,2335.6,2335.8,3,1,19
9:26:24,2335.8,2335.6,2335.8,13,1,8
9:26:25,2335.8,2335.8,2336,8,5,78
9:26:25,2336,2335.8,2336,8,6,75
9:26:26,2336,2335.8,2336,13,6,62
9:26:27,2336,2335.8,2336,10,6,52
9:26:27,2336,2335.8,2336,6,7,50
9:26:28,2335.8,2335.8,2336,5,7,47
9:26:28,2336,2335.8,2336,3,8,44
9:26:29,2336,2335.8,2336,3,8,44
9:26:29,2336,2335.8,2336,7,8,38
9:26:30,2336,2335.8,2336,7,5,34
9:26:30,2336,2335.6,2336,18,5,26
9:26:31,2336,2335.6,2336,22,5,5
9:26:31,2336,2335.8,2336,7,2,3
9:26:32,2335.8,2335.8,2336.2,10,9,12
9:26:32,2336.2,2336,2336.2,2,8,41
9:26:33,2336.2,2336,2336.2,2,11,39
9:26:33,2336.2,2336,2336.2,12,14,27
9:26:34,2336.2,2336,2336.2,3,16,25
9:26:34,2336.2,2336,2336.4,22,15,18
9:26:35,2336.2,2336.2,2336.4,14,10,6
9:26:35,2336.4,2336.4,2336.6,6,8,44
9:26:36,2336.6,2336.4,2336.6,8,9,37
9:26:36,2336.6,2336.4,2336.6,18,1,32
9:26:37,2336.6,2336.4,2336.6,10,4,24
9:26:37,2336.6,2336.4,2336.6,24,4,1
9:26:38,2336.8,2336.4,2336.6,5,5,1
9:26:38,2336.8,2336.6,2336.8,4,2,48
9:26:39,2336.8,2336.6,2336.8,2,17,46
9:26:39,2336.6,2336.6,2336.8,16,3,54
9:26:40,2336.8,2336.2,2336.8,18,22,49
9:26:40,2336.8,2336.2,2336.8,11,21,46
9:26:41,2336.8,2336.2,2336.6,6,21,1
9:26:41,2336.6,2336.2,2336.6,8,23,13
9:26:42,2336.4,2336.4,2336.6,6,3,30
9:26:42,2336.6,2336.4,2336.6,21,5,16
9:26:43,2336.4,2336.2,2336.4,13,20,9
9:26:43,2336.4,2336.2,2336.4,4,23,6
9:26:44,2336.4,2336.2,2336.4,9,23,10
9:26:44,2336.2,2336.2,2336.6,6,21,6
9:26:45,2336.2,2336.2,2336.4,3,18,3
9:26:45,2336.4,2336.2,2336.4,1,25,2
9:26:46,2336.4,2336.2,2336.4,7,19,1
9:26:46,2336.2,2336.2,2336.6,3,19,21
9:26:47,2336.4,2336.2,2336.4,3,18,1
9:26:47,2336.4,2336.4,2336.6,2,4,23
9:26:48,2336.6,2336.2,2336.6,15,15,27
9:26:48,2336.6,2336.2,2336.6,1,16,27
9:26:49,2336.2,2336.2,2336.6,2,15,27
9:26:49,2336.6,2336.4,2336.6,4,1,23
9:26:50,2336.6,2336.4,2336.6,3,2,23
9:26:50,2336.4,2336.2,2336.4,2,15,7
9:26:51,2336.2,2336,2336.2,17,45,4
9:26:51,2336.2,2336,2336.4,5,44,8
9:26:52,2336,2336.2,2336.4,7,1,9
9:26:52,2336.4,2336,2336.4,4,40,7
9:26:53,2336,2336.2,2336.4,20,1,9
9:26:53,2336.2,2336,2336.4,2,20,9
9:26:54,2336,2336,2336.2,21,3,1
9:26:54,2336,2336,2336.2,2,4,1
9:26:55,2336.2,2336,2336.2,3,5,4
9:26:55,2336,2335.8,2336.2,5,19,4
9:26:56,2336.2,2335.8,2336.2,5,32,2
9:26:56,2335.8,2335.8,2336,1,31,2
9:26:57,2335.8,2335.8,2336,2,30,1
9:26:57,2336,2335.8,2336.2,1,31,7
9:26:58,2335.8,2335.8,2336.2,1,31,7
9:26:58,2336,2336,2336.2,2,2,5
9:26:59,2335.8,2335.8,2336,4,31,3
9:26:59,2336.2,2336.2,2336.4,10,10,20
9:27:00,2336.2,2335.8,2336,10,32,16
9:27:00,2336,2335.8,2336,5,32,14
9:27:01,2336,2335.8,2336.2,24,25,6
9:27:01,2335.8,2335.8,2336.2,35,14,1
9:27:02,2335.6,2335.4,2335.6,34,27,9
9:27:02,2335.6,2335.4,2335.6,8,24,5
9:27:03,2335.6,2335.4,2335.8,9,20,3
9:27:03,2335.2,2335.2,2335.8,27,20,3
9:27:04,2335.4,2335.4,2335.8,47,5,6
9:27:04,2335.4,2335.4,2335.8,9,3,26
9:27:05,2335.4,2335.2,2335.4,4,22,12
9:27:05,2335.4,2335.2,2335.4,3,21,11
9:27:06,2335.4,2335.2,2335.4,10,16,7
9:27:06,2335.2,2335.2,2335.4,4,13,12
9:27:07,2335.2,2335.2,2335.4,4,12,9
9:27:08,2335.2,2335.2,2335.4,11,8,3
9:27:08,2335.4,2335.2,2335.4,2,8,2
9:27:09,2335.2,2335.2,2335.4,6,2,2
9:27:09,2335.2,2335.2,2335.4,14,14,2
9:27:10,2335.2,2335.2,2335.4,2,16,1
9:27:10,2335.2,2335.2,2335.8,2,15,20
9:27:11,2335.2,2335.4,2335.8,4,6,22
9:27:11,2335.2,2335.4,2335.8,2,4,22
9:27:12,2335.4,2335.4,2335.6,4,5,11
9:27:12,2335.4,2335.6,2335.8,2,1,14
9:27:13,2335.4,2335.4,2335.8,2,4,14
9:27:14,2335.8,2335.4,2335.6,1,18,2
9:27:14,2335.8,2335.6,2335.8,3,4,12
9:27:15,2335.4,2335.4,2335.8,10,17,13
9:27:15,2335.8,2335.6,2335.8,1,1,14
9:27:16,2335.8,2335.4,2335.8,3,17,14
9:27:16,2335.8,2335.4,2335.8,1,18,12
9:27:17,2335.8,2335.6,2335.8,1,6,12
9:27:17,2335.6,2335.6,2335.8,1,8,11
9:27:18,2335.8,2335.6,2335.8,1,8,11
9:27:19,2335.8,2335.6,2335.8,1,8,11
9:27:19,2335.6,2335.6,2335.8,5,10,7
9:27:20,2335.8,2335.6,2335.8,3,9,5
9:27:20,2335.8,2335.8,2336,5,3,8
9:27:21,2336,2335.8,2336,3,7,11
9:27:22,2335.8,2335.8,2336,1,7,11
9:27:22,2336,2335.8,2336,1,11,20
9:27:23,2335.8,2335.8,2336,2,9,21
9:27:23,2336,2335.8,2336,6,9,16
9:27:24,2335.8,2335.8,2336,3,9,16
9:27:24,2335.8,2335.6,2335.8,10,13,22
9:27:25,2335.8,2335.6,2335.8,2,16,20
9:27:26,2335.8,2335.6,2335.8,2,15,18
9:27:27,2335.8,2335.6,2335.8,1,17,24
9:27:27,2335.8,2335.6,2335.8,2,17,22
9:27:28,2335.6,2335.6,2335.8,1,16,22
9:27:29,2335.8,2335.6,2335.8,1,16,22
9:27:29,2335.6,2335.6,2335.8,1,15,22
9:27:30,2335.6,2335.6,2335.8,2,13,22
9:27:30,2335.6,2335.6,2335.8,3,8,22
9:27:31,2335.8,2335.6,2335.8,1,8,44
9:27:31,2335.6,2335.4,2335.6,9,34,1
9:27:32,2335.4,2335.4,2335.6,1,33,2
9:27:32,2335.6,2335.4,2335.6,1,33,4
9:27:33,2335.6,2335.6,2335.8,4,4,47
9:27:34,2335.6,2335.4,2335.8,4,35,47
9:27:34,2335.4,2335.4,2335.8,6,33,44
9:27:35,2335.4,2335.4,2335.8,2,32,44
9:27:35,2335.4,2335.4,2335.6,2,26,1
9:27:36,2335.4,2335.4,2335.6,1,25,1
9:27:36,2335.6,2335.4,2335.8,1,25,47
9:27:37,2335.8,2335.4,2335.6,1,26,1
9:27:37,2335.4,2335.4,2335.6,1,25,2
9:27:39,2335.6,2335.4,2335.6,1,26,4
9:27:39,2335.6,2335.4,2335.6,4,24,3
9:27:40,2335.4,2335.4,2335.6,2,22,3
9:27:40,2335.4,2335.4,2335.6,1,21,4
9:27:41,2335.4,2335.4,2335.6,3,20,2
9:27:41,2335.4,2335.4,2335.6,3,18,2
9:27:42,2335.6,2335.4,2335.6,1,19,1
9:27:42,2335.4,2335.4,2335.6,4,20,1
9:27:43,2335.4,2335.4,2335.6,1,19,2
9:27:43,2335.4,2335.4,2335.6,3,21,10
9:27:44,2335.6,2335.4,2335.6,1,21,13
9:27:44,2335.4,2335.4,2335.6,1,17,14
9:27:45,2335.4,2335.4,2335.6,1,16,14
9:27:46,2335.4,2335.4,2335.6,4,15,15
9:27:46,2335.6,2335.4,2335.6,4,13,14
9:27:47,2335.4,2335.4,2335.6,4,9,14
9:27:47,2335.6,2335.4,2335.6,6,5,14
9:27:48,2335.6,2335.4,2335.6,2,8,12
9:27:48,2335.4,2335.2,2335.4,11,56,1
9:27:49,2335.4,2335.2,2335.4,1,56,1
9:27:49,2335.4,2335.4,2335.6,4,1,12
9:27:50,2335.4,2335.2,2335.4,5,57,6
9:27:50,2335.4,2335.2,2335.6,1,58,12
9:27:51,2335.4,2335.2,2335.6,2,58,13
9:27:51,2335.2,2335.2,2335.6,1,57,13
9:27:53,2335.2,2335.2,2335.6,1,71,14
9:27:53,2335.2,2335.2,2335.6,2,70,15
9:27:54,2335.4,2335.4,2335.6,1,5,15
9:27:55,2335.4,2335.2,2335.4,93,1,4
9:27:55,2335,2335,2335.2,3,118,11
9:27:56,2335,2335,2335.4,6,116,1
9:27:56,2335,2335,2335.4,1,115,1
9:27:57,2335.4,2335.4,2335.6,2,2,15
9:27:57,2335,2335,2335.4,14,115,5
9:27:58,2335,2335,2335.4,7,108,6
9:27:58,2335,2335,2335.4,23,86,6
9:27:59,2335.2,2335,2335.4,1,86,6
9:27:59,2335,2335,2335.2,15,71,1
9:28:00,2335,2335,2335.4,7,81,6
9:28:00,2335,2335,2335.2,27,41,1
9:28:01,2335,2335,2335.2,38,6,1
9:28:01,2335,2335,2335.2,7,51,11
9:28:02,2335,2335,2335.2,16,36,10
9:28:02,2335,2335,2335.4,6,32,10
9:28:03,2335,2335,2335.4,6,26,12
9:28:03,2335,2335,2335.4,3,25,23
9:28:04,2335.2,2335,2335.2,2,24,4
9:28:04,2335,2335,2335.4,4,20,24
9:28:05,2335.2,2335,2335.4,1,20,24
9:28:05,2335,2335,2335.4,5,15,25
9:28:06,2335,2335,2335.4,4,13,25
9:28:06,2335.4,2335,2335.4,2,12,25
9:28:07,2335,2335,2335.4,4,9,26
9:28:07,2335,2335,2335.2,2,9,5
9:28:08,2335,2335,2335.2,2,7,5
9:28:08,2335,2335,2335.2,3,6,4
9:28:09,2335,2335,2335.2,1,5,4
9:28:09,2335.2,2335,2335.2,7,4,3
9:28:10,2335,2335,2335.2,1,3,4
9:28:10,2335,2335,2335.2,2,2,4
9:28:11,2335.2,2334.8,2335.2,9,24,5
9:28:12,2335.2,2334.8,2335,1,25,1
9:28:12,2335.2,2334.8,2335.2,6,26,1
9:28:13,2335,2335,2335.2,3,4,2
9:28:13,2335,2335,2335.2,1,110,2
9:28:14,2335,2335,2335.2,20,163,6
9:28:14,2335.2,2335.2,2335.4,13,77,23
9:28:15,2335.6,2335.2,2335.6,33,72,4
9:28:15,2335.6,2335.6,2335.8,9,6,58
9:28:16,2335.4,2335.4,2335.8,6,29,57
9:28:16,2335.4,2335.4,2335.8,9,21,57
9:28:17,2335.8,2335.4,2335.8,5,20,54
9:28:17,2335.6,2335.4,2335.6,1,22,4
9:28:18,2335.4,2335.4,2335.8,19,21,41
9:28:19,2335.6,2335.4,2335.8,4,29,39
9:28:19,2335.8,2335.4,2335.8,2,29,37
9:28:20,2335.8,2335.4,2335.8,1,36,39
9:28:21,2335.8,2335.4,2335.8,5,31,37
9:28:21,2335.8,2335.4,2335.8,3,32,35
9:28:22,2335.6,2335.6,2335.8,4,4,32
9:28:22,2335.8,2335.6,2335.8,3,4,33
9:28:23,2335.8,2335.6,2335.8,21,5,12
9:28:23,2335.8,2335.8,2336,14,1,65
9:28:24,2335.8,2335.8,2336,1,3,67
9:28:24,2336,2335.8,2336,26,2,44
9:28:25,2336,2335.8,2336,1,6,43
9:28:25,2335.8,2335.8,2336,12,14,42
9:28:26,2336,2335.8,2336,8,11,37
9:28:26,2336,2335.8,2336,2,11,35
9:28:27,2336,2335.8,2336,12,15,23
9:28:28,2335.8,2336,2336.2,26,12,12
9:28:29,2336,2336,2336.4,24,8,22
9:28:29,2336.4,2336.4,2336.6,23,1,41
9:28:30,2336.2,2336,2336.4,4,14,12
9:28:30,2336.4,2336,2336.4,12,17,1
9:28:31,2336.6,2336,2336.4,3,21,10
9:28:31,2336.6,2336,2336.4,20,18,2
9:28:32,2336.4,2336.2,2336.6,5,2,31
9:28:32,2336.6,2336.4,2336.6,4,1,29
9:28:33,2336.6,2336.4,2336.6,11,1,19
9:28:33,2336.6,2336.2,2336.6,8,3,13
9:28:34,2336.2,2336.2,2336.4,2,12,2
9:28:34,2336.4,2336.4,2336.6,3,4,13
9:28:35,2336.6,2336.4,2336.6,16,6,1
9:28:35,2336.6,2336.6,2336.8,7,7,60
9:28:36,2336.6,2336.6,2336.8,7,6,59
9:28:36,2336.6,2336.6,2336.8,15,8,47
9:28:37,2336.6,2336.6,2336.8,21,9,30
9:28:38,2336.6,2336.4,2336.6,48,9,1
9:28:38,2336.8,2336.8,2337,9,2,189
9:28:39,2336.8,2336.6,2336.8,5,11,28
9:28:39,2336.6,2336.6,2336.8,20,11,15
9:28:40,2336.6,2336.6,2336.8,11,9,22
9:28:40,2336.8,2336.6,2336.8,19,13,3
9:28:41,2336.6,2336.6,2336.8,17,5,24
9:28:41,2336.8,2336.6,2336.8,20,6,7
9:28:42,2336.6,2336.6,2336.8,7,5,7
9:28:42,2336.6,2336.6,2336.8,17,4,7
9:28:43,2336.6,2336.6,2336.8,6,2,7
9:28:43,2336.6,2336.4,2336.8,10,23,2
9:28:44,2337,2336.8,2337,18,1,192
9:28:44,2337,2336.6,2336.8,9,3,1
9:28:45,2336.8,2336.8,2337,6,2,191
9:28:45,2336.8,2336.8,2337,3,4,191
9:28:46,2337,2336.8,2337,17,2,179
9:28:46,2336.6,2336.6,2337,17,21,173
9:28:47,2336.8,2336.6,2336.8,6,21,17
9:28:47,2336.6,2336.6,2337,30,20,164
9:28:48,2336.6,2336.6,2336.8,2,19,2
9:28:48,2336.8,2336.6,2336.8,1,21,2
9:28:49,2336.8,2336.8,2337,4,2,170
9:28:49,2337,2336.8,2337,17,5,154
9:28:50,2336.8,2336.6,2337,10,18,179
9:28:50,2336.8,2336.8,2337,11,1,178
9:28:51,2336.8,2336.6,2336.8,12,11,19
9:28:51,2336.8,2336.6,2336.8,6,10,15
9:28:52,2336.8,2336.6,2336.8,4,8,29
9:28:52,2336.8,2336.6,2336.8,4,11,26
9:28:53,2336.6,2336.6,2336.8,3,10,27
9:28:53,2336.6,2336.6,2336.8,8,6,25
9:28:54,2336.8,2336.6,2336.8,6,2,29
9:28:54,2336.8,2336.4,2336.6,4,27,5
9:28:55,2336.6,2336.4,2336.6,1,27,4
9:28:55,2336.6,2336.4,2336.6,1,26,4
9:28:56,2336.6,2336.6,2336.8,11,5,35
9:28:57,2336.4,2336.6,2336.8,11,6,35
9:28:57,2336.4,2336.4,2336.6,13,6,1
9:28:58,2336.4,2336.4,2336.6,1,5,1
9:28:58,2336.4,2336.4,2336.6,1,4,11
9:28:59,2336.4,2336.4,2336.6,2,6,10
9:28:59,2336.6,2336.4,2336.6,1,8,47
9:29:00,2336.4,2336.4,2336.6,7,4,47
9:29:00,2336.6,2336.4,2336.6,11,7,44
9:29:01,2336.2,2336.2,2336.4,14,1,2
9:29:01,2336.4,2336.4,2336.6,6,1,11
9:29:02,2336.6,2336.2,2336.4,20,1,93
9:29:02,2336,2336.2,2336.4,15,2,92
9:29:03,2336.2,2336,2336.2,2,27,6
9:29:03,2336.4,2336.2,2336.4,7,5,91
9:29:04,2336.2,2336.2,2336.4,1,6,91
9:29:04,2336.4,2336.2,2336.4,4,9,89
9:29:05,2336.4,2336.2,2336.4,12,3,84
9:29:05,2336.2,2336.2,2336.4,3,1,87
9:29:06,2336.2,2336,2336.4,1,27,87
9:29:06,2336.4,2336.2,2336.4,1,1,86
9:29:07,2336.2,2336,2336.4,3,28,84
9:29:07,2336,2336,2336.4,1,28,89
9:29:08,2336,2336,2336.2,23,5,1
9:29:08,2336,2336,2336.2,1,4,9
9:29:09,2336,2336,2336.2,2,2,11
9:29:09,2336,2335.8,2336.2,2,12,12
9:29:10,2335.8,2335.8,2336,3,10,1
9:29:10,2335.8,2335.8,2336.2,2,9,12
9:29:12,2336,2335.8,2336.2,1,12,16
9:29:12,2335.8,2335.8,2336,4,8,1
9:29:13,2336,2335.8,2336.2,1,8,17
9:29:14,2336.2,2335.8,2336.2,1,9,16
9:29:15,2335.8,2335.8,2336.2,3,6,19
9:29:15,2335.8,2335.6,2335.8,7,11,1
9:29:16,2335.8,2335.6,2336,3,15,2
9:29:18,2335.8,2335.8,2336,2,2,2
9:29:18,2335.8,2335.8,2336,4,3,1
9:29:19,2335.8,2335.8,2336,2,14,1
9:29:20,2335.4,2336,2336.2,51,1,31
9:29:20,2335.6,2335.6,2336.2,2,21,33
9:29:21,2335.6,2335.4,2335.6,22,9,3
9:29:21,2335.6,2335.6,2336,3,2,1
9:29:22,2335.8,2335.6,2336,3,7,5
9:29:23,2335.6,2335.8,2336,4,1,17
9:29:23,2335.8,2335.6,2335.8,1,3,9
9:29:24,2335.6,2335.4,2335.8,3,14,11
9:29:25,2335.6,2335.4,2335.6,1,15,3
9:29:25,2335.4,2335.2,2335.4,16,32,35
9:29:26,2335.4,2335.2,2335.4,25,31,12
9:29:27,2335.2,2335.2,2335.4,11,24,8
9:29:27,2335.2,2335.2,2335.4,6,20,9
9:29:28,2335.2,2335.2,2335.4,11,11,7
9:29:28,2335.2,2335.2,2335.4,4,9,5
9:29:29,2335.4,2335.2,2335.4,2,24,4
9:29:29,2335.2,2335.2,2335.4,2,25,3
9:29:30,2335.4,2335.4,2335.6,3,1,5
9:29:30,2335.2,2335.2,2335.6,6,21,6
9:29:31,2335.2,2335.2,2335.6,1,21,6
9:29:31,2335.4,2335.4,2335.6,2,5,6
9:29:32,2335.6,2335.4,2335.6,3,7,3
9:29:32,2335.4,2335.4,2335.6,5,3,3
9:29:33,2335.4,2335.4,2335.6,2,11,3
9:29:33,2335.4,2335.4,2335.6,4,14,4
9:29:34,2335.4,2335.4,2335.8,6,13,16
9:29:35,2335.6,2335.4,2335.8,2,17,16
9:29:35,2335.4,2335.6,2335.8,2,1,16
9:29:36,2335.4,2335.4,2335.6,2,16,8
9:29:36,2335.4,2335.4,2335.6,5,13,9
9:29:37,2335.6,2335.4,2335.6,2,12,11
9:29:38,2335.6,2335.4,2335.6,7,12,7
9:29:39,2335.4,2335.4,2335.6,5,19,5
9:29:39,2335.6,2335.4,2335.6,1,19,4
9:29:40,2335.4,2335.4,2335.6,11,12,4
9:29:40,2335.6,2335.4,2335.6,3,13,1
9:29:41,2335.8,2335.6,2335.8,12,4,6
9:29:41,2335.6,2335.6,2335.8,1,6,6
9:29:42,2335.6,2335.6,2335.8,1,9,6
9:29:43,2335.8,2335.6,2335.8,5,10,3
9:29:43,2335.6,2335.6,2335.8,6,5,2
9:29:44,2336,2335.6,2336,6,3,22
9:29:44,2336,2335.6,2336,1,4,21
9:29:45,2335.8,2335.6,2335.8,3,6,47
9:29:46,2335.6,2335.6,2335.8,2,6,47
9:29:46,2335.6,2335.6,2335.8,2,5,48
9:29:47,2335.8,2335.6,2335.8,2,5,46
9:29:47,2335.6,2335.4,2335.6,6,15,5
9:29:48,2335.4,2335.4,2335.6,1,15,5
9:29:48,2335.6,2335.4,2335.8,6,18,47
9:29:50,2335.6,2335.6,2335.8,2,4,48
9:29:50,2335.4,2335.6,2335.8,7,1,45
9:29:51,2335.8,2335.6,2335.8,3,1,43
9:29:52,2335.6,2335.6,2335.8,14,9,42
9:29:52,2335.6,2335.6,2335.8,2,7,42
9:29:53,2335.8,2335.6,2335.8,4,7,40
9:29:53,2335.6,2335.6,2335.8,2,6,39
9:29:54,2335.8,2335.6,2335.8,1,7,38
9:29:54,2335.8,2335.6,2335.8,1,8,37
9:29:56,2335.8,2335.6,2335.8,2,10,36
9:29:56,2335.8,2335.6,2335.8,4,11,32
9:29:57,2335.6,2335.6,2335.8,2,10,31
9:29:57,2335.8,2335.6,2335.8,2,13,30
9:29:58,2335.8,2335.6,2335.8,2,15,28
9:29:58,2335.8,2335.6,2335.8,10,15,21
9:29:59,2335.8,2335.6,2335.8,7,14,19
9:29:59,2335.8,2335.6,2335.8,9,14,10
9:30:00,2335.6,2335.4,2335.6,35,17,7
9:30:00,2336.2,2335.8,2336.2,75,1,20
9:30:01,2336.2,2336,2336.2,10,5,12
9:30:01,2336,2335.6,2336,25,10,5
9:30:02,2335.8,2335.6,2336,14,7,1
9:30:02,2335.8,2335.6,2336.2,16,5,7
9:30:03,2336,2335.8,2336,9,2,1
9:30:03,2336,2336,2336.2,2,2,13
9:30:04,2336,2336,2336.2,1,1,13
9:30:04,2336,2335.8,2336.2,3,3,14
9:30:05,2336,2335.8,2336,1,4,14
9:30:05,2336,2335.8,2336,2,5,14
9:30:06,2336,2335.8,2336,1,5,13
9:30:06,2336,2335.8,2336,3,4,12
9:30:07,2335.8,2335.8,2336,14,3,1
9:30:07,2336,2336,2336.2,9,5,10
9:30:08,2336,2336,2336.2,7,8,10
9:30:08,2336,2336,2336.2,2,13,9
9:30:09,2336.2,2336,2336.2,3,27,7
9:30:09,2336,2336,2336.2,4,25,6
9:30:10,2336.4,2336.2,2336.4,9,1,32
9:30:10,2336.2,2336.2,2336.4,4,2,30
9:30:11,2336.2,2336.2,2336.4,10,3,23
9:30:11,2336.4,2336.2,2336.4,3,8,21
9:30:12,2336.4,2336.2,2336.4,36,1,7
9:30:12,2336.2,2336.2,2336.4,5,7,3
9:30:13,2336,2336,2336.6,18,9,28
9:30:13,2336.4,2336,2336.6,4,12,27
9:30:14,2336.2,2336,2336.2,3,12,2
9:30:14,2336,2336,2336.4,8,8,9
9:30:15,2336.4,2336.2,2336.4,2,6,10
9:30:15,2336.2,2336.2,2336.4,7,1,9
9:30:16,2336.4,2336.2,2336.4,1,1,8
9:30:17,2336.2,2336,2336.4,3,10,9
9:30:17,2336,2336,2336.4,1,10,9
9:30:18,2336.4,2336.2,2336.4,3,5,16
9:30:19,2336.2,2336.2,2336.4,3,4,15
9:30:19,2336.4,2336.2,2336.4,4,3,12
9:30:20,2336.4,2336.2,2336.4,7,1,11
9:30:20,2336.6,2336.4,2336.6,18,6,53
9:30:21,2336.6,2336.2,2336.6,10,1,52
9:30:21,2336.2,2336.2,2336.4,1,10,3
9:30:22,2336.4,2336.4,2336.6,4,17,53
9:30:22,2336.4,2336.4,2336.6,6,16,49
9:30:23,2336.2,2336.2,2336.4,35,9,3
9:30:23,2336.6,2336.4,2336.6,15,2,19
9:30:24,2336.4,2336.4,2336.6,7,1,14
9:30:24,2336.4,2336.4,2336.6,9,8,14
9:30:25,2336.6,2336.4,2336.6,3,18,12
9:30:25,2336.4,2336.4,2336.6,1,12,13
9:30:26,2336.4,2336.4,2336.6,1,12,13
9:30:26,2336.6,2336.4,2336.6,8,10,7
9:30:27,2336.6,2336.4,2336.6,2,9,7
9:30:27,2336.4,2336.4,2336.6,2,7,6
9:30:28,2336.6,2336.4,2336.6,18,8,18
9:30:29,2336.4,2336.4,2336.6,7,3,17
9:30:29,2336.6,2336.4,2336.6,7,12,11
9:30:30,2336.6,2336.4,2336.6,2,12,9
9:30:30,2336.4,2336.4,2336.6,2,12,8
9:30:31,2336.6,2336.4,2336.6,8,8,4
9:30:31,2336.4,2336.2,2336.4,15,16,17
9:30:32,2336.4,2336.2,2336.4,4,16,13
9:30:32,2336.2,2336.2,2336.4,5,12,13
9:30:33,2336.4,2336.2,2336.4,2,12,11
9:30:33,2336.4,2336.2,2336.4,3,12,12
9:30:34,2336.4,2336.2,2336.4,4,11,8
9:30:34,2336.4,2336.2,2336.4,5,10,6
9:30:35,2336.4,2336.2,2336.4,1,10,5
9:30:35,2336.4,2336.2,2336.4,5,11,3
9:30:36,2336.2,2336.2,2336.6,13,5,8
9:30:36,2336.4,2336.2,2336.4,1,7,2
9:30:37,2336.4,2336.2,2336.6,4,6,8
9:30:38,2336.2,2336.2,2336.6,14,4,9
9:30:38,2336.4,2336.4,2336.6,2,8,11
9:30:39,2336.4,2336.4,2336.6,4,5,13
9:30:39,2336.6,2336.4,2336.6,3,5,10
9:30:40,2336.6,2336.2,2336.6,7,18,8
9:30:40,2336.6,2336.6,2336.8,14,7,53
9:30:41,2336.6,2336.6,2336.8,3,4,53
9:30:41,2336.6,2336.6,2336.8,4,6,53
9:30:42,2336.6,2336.6,2336.8,3,8,53
9:30:42,2336.8,2336.6,2336.8,3,6,52
9:30:43,2336.6,2336.4,2336.6,40,15,6
9:30:43,2336.6,2336.4,2336.6,5,20,2
9:30:44,2336.8,2336.6,2336.8,4,3,20
9:30:44,2336.6,2336.4,2336.6,26,20,13
9:30:45,2336.6,2336.4,2336.6,1,20,24
9:30:45,2336.6,2336.4,2336.6,40,20,1
9:30:46,2336.6,2336.4,2336.6,2,16,4
9:30:46,2336.6,2336.6,2336.8,8,1,2
9:30:47,2336.8,2336.6,2336.8,1,5,2
9:30:47,2336.6,2336.6,2336.8,7,4,3
9:30:48,2336.6,2336.4,2336.6,9,16,1
9:30:48,2336.6,2336.4,2336.8,8,19,6
9:30:49,2336.6,2336.4,2336.8,1,19,7
9:30:49,2336.8,2336.6,2336.8,2,2,5
9:30:50,2336.6,2336.6,2336.8,6,2,2
9:30:50,2337,2336.8,2337,9,1,180
9:30:51,2337,2336.6,2337,10,29,173
9:30:51,2337,2336.6,2337,3,28,171
9:30:52,2336.8,2336.8,2337,20,4,154
9:30:52,2336.8,2336.6,2336.8,15,27,2
9:30:53,2336.8,2336.8,2337,5,19,142
9:30:53,2337,2336.8,2337,4,19,144
9:30:54,2336.8,2336.8,2337,4,17,148
9:30:54,2336.8,2336.8,2337,35,14,118
9:30:55,2337,2336.8,2337,41,13,88
9:30:55,2337,2336.8,2337,71,22,18
9:30:56,2337,2337,2337.2,19,24,37
9:30:56,2337,2337,2337.2,23,37,15
9:30:57,2337.2,2337.2,2337.4,25,3,19
9:30:57,2337.4,2337.4,2337.6,28,1,16
9:30:58,2337.2,2337.2,2337.6,33,8,7
9:30:58,2337.4,2337.6,2337.8,20,2,80
9:30:59,2337.4,2337.4,2337.6,18,7,13
9:30:59,2337.4,2337.2,2337.4,12,12,18
9:31:00,2337.4,2337.4,2337.6,24,9,43
9:31:00,2337.4,2337.2,2337.4,29,10,1
9:31:01,2337.4,2337.2,2337.4,26,2,11
9:31:01,2337.4,2337.2,2337.4,5,3,11
9:31:02,2337,2337,2337.2,15,89,5
9:31:02,2337,2337,2337.4,15,91,4
9:31:03,2337.2,2337.2,2337.4,17,9,4
9:31:03,2337,2337,2337.2,22,66,2
9:31:04,2337.2,2337,2337.6,23,67,30
9:31:04,2337.6,2337,2337.6,5,64,27
9:31:05,2337.2,2337.2,2337.4,19,1,1
9:31:05,2337.2,2337.2,2337.4,15,2,1
9:31:06,2337,2337,2337.2,4,53,3
9:31:06,2337.2,2337,2337.2,2,55,5
9:31:07,2337.2,2337,2337.2,16,62,2
9:31:08,2337,2337,2337.2,3,53,3
9:31:08,2337,2337,2337.2,33,24,5
9:31:09,2337,2337,2337.2,6,24,4
9:31:09,2337,2336.8,2337,25,15,1
9:31:10,2337,2337,2337.2,13,1,9
9:31:10,2337.2,2337.2,2337.4,14,14,31
9:31:11,2337.4,2337.2,2337.4,5,13,30
9:31:11,2337.2,2337.2,2337.4,3,10,29
9:31:12,2337.4,2337.2,2337.4,5,7,28
9:31:12,2337.2,2337.2,2337.4,2,5,33
9:31:13,2337.2,2337,2337.2,10,8,1
9:31:13,2337,2337,2337.2,8,3,4
9:31:14,2337.2,2336.8,2337.2,20,6,21
9:31:14,2337,2336.8,2337.2,1,6,28
9:31:15,2337.2,2336.8,2337,12,7,1
9:31:16,2336.8,2336.6,2337,30,27,1
9:31:16,2337,2337,2337.2,3,15,37
9:31:17,2337,2337,2337.2,2,14,44
9:31:17,2337,2337,2337.2,3,11,47
9:31:18,2337.2,2337,2337.2,9,7,45
9:31:18,2337,2337,2337.2,5,6,43
9:31:19,2337,2336.8,2337,7,2,2
9:31:19,2337,2336.8,2337,2,3,1
9:31:20,2336.8,2336.8,2337,2,2,5
9:31:21,2336.8,2336.6,2336.8,8,34,2
9:31:22,2336.6,2336.6,2336.8,7,18,8
9:31:23,2336.6,2336.6,2336.8,3,17,9
9:31:24,2336.6,2336.6,2336.8,4,14,11
9:31:24,2336.6,2336.6,2336.8,2,13,12
9:31:25,2336.6,2336.6,2336.8,8,14,11
9:31:25,2336.6,2336.6,2336.8,9,6,16
9:31:26,2336.6,2336.6,2336.8,3,3,19
9:31:26,2336.4,2336.4,2336.6,4,19,2
9:31:28,2336.6,2336.4,2336.6,1,34,12
9:31:28,2336.4,2336.4,2336.6,3,34,11
9:31:29,2336.4,2336.4,2336.6,6,28,11
9:31:29,2336.2,2336.2,2336.6,39,12,10
9:31:30,2336.4,2336.4,2336.6,10,4,13
9:31:30,2336.4,2336.2,2336.4,8,12,15
9:31:31,2336.4,2336.2,2336.4,1,12,19
9:31:31,2336.4,2336.2,2336.4,13,12,7
9:31:32,2336.6,2336.2,2336.6,16,14,10
9:31:32,2336.2,2336.2,2336.4,8,13,2
9:31:33,2336.6,2336.6,2336.8,6,1,26
9:31:33,2336.4,2336.4,2336.8,3,3,26
9:31:34,2336.8,2336.6,2336.8,5,14,24
9:31:34,2336.8,2336.6,2336.8,1,14,22
9:31:35,2336.6,2336.6,2336.8,3,11,22
9:31:35,2336.6,2336.6,2336.8,7,14,17
9:31:36,2336.6,2336.6,2337,22,10,38
9:31:36,2337,2336.6,2337,3,8,37
9:31:37,2337,2336.6,2337,16,3,32
9:31:37,2336.8,2336.6,2337,2,3,33
9:31:38,2336.6,2336.4,2337,6,3,32
9:31:38,2336.4,2336.4,2337,7,5,35
9:31:39,2336.6,2336.4,2336.8,1,10,2
9:31:39,2337,2336.4,2337,20,10,28
9:31:40,2337,2336.6,2336.8,1,2,11
9:31:40,2336.6,2336.6,2336.8,3,1,18
9:31:41,2336.6,2336.4,2336.8,2,6,18
9:31:41,2336.8,2336.4,2337,35,6,20
9:31:42,2336.4,2336.2,2336.4,28,35,12
9:31:43,2336.4,2336.2,2336.4,5,35,14
9:31:43,2337,2336.6,2337,29,1,74
9:31:44,2336.8,2336.6,2337,1,5,76
9:31:44,2336.8,2336.6,2336.8,2,12,14
9:31:45,2336.6,2336.6,2336.8,11,12,7
9:31:46,2336.6,2336.6,2336.8,5,5,5
9:31:46,2336.8,2336.6,2336.8,5,4,1
9:31:47,2336.8,2336.6,2336.8,12,4,2
9:31:48,2336.6,2336.4,2336.6,29,9,1
9:31:48,2337,2336.6,2337,3,4,61
9:31:49,2336.6,2336.6,2337,10,4,64
9:31:50,2336.6,2336.6,2336.8,2,16,3
9:31:51,2336.8,2336.6,2336.8,6,11,2
9:31:51,2336.6,2336.6,2336.8,3,10,1
9:31:52,2336.6,2336.6,2336.8,7,3,1
9:31:52,2336.8,2336.8,2337,3,1,71
9:31:53,2336.8,2336.6,2336.8,5,4,4
9:31:53,2336.8,2336.6,2336.8,3,3,4
9:31:54,2336.8,2336.6,2336.8,4,2,2
9:31:54,2336.6,2336.4,2336.6,9,28,94
9:31:55,2336.6,2336.4,2336.6,33,1,95
9:31:55,2336.2,2336.2,2336.4,4,29,26
9:31:56,2336.2,2336.2,2336.4,17,22,17
9:31:56,2336.2,2336,2336.2,22,63,9
9:31:57,2336.2,2336,2336.2,1,63,8
9:31:57,2336.2,2336,2336.2,1,66,7
9:31:58,2336,2336,2336.2,2,65,6
9:31:58,2336.2,2336,2336.6,23,64,103
9:31:59,2336.2,2336.2,2336.4,4,5,1
9:31:59,2336.2,2336.2,2336.4,4,4,2
9:32:00,2336.2,2336.2,2336.4,1,3,2
9:32:00,2336.2,2336.2,2336.4,5,1,1
9:32:01,2336.2,2336,2336.2,12,62,2
9:32:02,2336.2,2336,2336.2,5,60,3
9:32:02,2336,2336,2336.2,1,59,3
9:32:03,2336.2,2336,2336.2,2,59,1
9:32:03,2336,2335.8,2336,60,10,43
9:32:04,2336,2335.8,2336,10,12,36
9:32:04,2335.8,2335.8,2336,5,8,36
9:32:05,2335.8,2335.8,2336,3,8,37
9:32:05,2335.8,2335.6,2335.8,8,44,4
9:32:06,2335.6,2335.6,2335.8,4,41,15
9:32:06,2335.6,2335.6,2336,42,37,23
9:32:07,2335.2,2335.2,2335.6,89,35,5
9:32:07,2335,2335,2335.6,94,143,10
9:32:08,2335.2,2335.2,2335.6,27,1,17
9:32:08,2335.2,2335,2335.2,50,86,13
9:32:09,2335.2,2335,2335.2,28,63,22
9:32:09,2335,2335,2335.2,15,51,33
9:32:10,2335.2,2335,2335.2,15,48,23
9:32:10,2335,2335,2335.2,36,14,21
9:32:11,2335,2334.8,2335,22,52,3
9:32:11,2334.8,2334.8,2335,13,47,13
9:32:12,2334.8,2334.8,2335,18,31,16
9:32:12,2334.8,2334.8,2335,43,13,4
9:32:13,2334.6,2334.6,2335,26,11,4
9:32:13,2334.8,2334.4,2334.8,18,22,1
9:32:14,2334.4,2334.4,2334.8,17,8,11
9:32:14,2334.4,2334.2,2334.8,12,49,19
9:32:15,2334.2,2334.2,2334.4,24,40,3
9:32:15,2334.2,2334.2,2334.6,26,17,1
9:32:16,2334.2,2334,2334.2,24,76,13
9:32:16,2334,2334,2334.2,11,67,25
9:32:17,2333.8,2333.8,2334,84,6,26
9:32:17,2334,2333.4,2333.6,38,15,4
9:32:18,2333.4,2333.4,2334,32,5,25
9:32:18,2333.4,2333.4,2333.8,52,7,4
9:32:19,2333.8,2333.8,2334,25,3,25
9:32:19,2334,2333.8,2334,47,1,19
9:32:20,2333.8,2333.4,2333.8,11,6,6
9:32:20,2333.8,2333.8,2334,23,1,30
9:32:21,2333.8,2333.4,2333.8,29,5,1
9:32:21,2333.8,2333.4,2333.8,9,4,3
9:32:22,2333.4,2333.4,2333.6,14,2,7
9:32:22,2333.8,2333.6,2333.8,13,2,12
9:32:23,2333.4,2333.2,2333.6,17,56,5
9:32:23,2333.6,2333.4,2333.6,23,3,3
9:32:24,2333.6,2333.6,2333.8,23,21,11
9:32:24,2333.6,2333.6,2334,23,15,24
9:32:25,2333.6,2333.8,2334,15,5,36
9:32:25,2334,2333.8,2334,16,4,27
9:32:26,2333.8,2333.8,2334,16,2,14
9:32:26,2334,2333.8,2334,12,1,13
9:32:27,2333.8,2333.8,2334,6,3,15
9:32:27,2334,2334,2334.2,20,68,26
9:32:28,2334,2334,2334.2,27,68,8
9:32:28,2334.2,2334.2,2334.4,12,13,4
9:32:29,2334.4,2334.2,2334.4,18,7,5
9:32:29,2334.4,2334.4,2334.6,21,2,2
9:32:30,2334.2,2334,2334.4,71,25,2
9:32:30,2334.4,2334.2,2334.4,3,1,2
9:32:31,2334.4,2334,2334.6,8,27,3
9:32:31,2334.2,2334.2,2334.4,4,6,2
9:32:32,2334.6,2334.4,2334.6,4,4,18
9:32:32,2334.6,2334.4,2334.6,2,8,21
9:32:33,2334.6,2334.4,2334.6,5,8,17
9:32:33,2334.6,2334.6,2334.8,21,26,11
9:32:34,2334.6,2334.6,2334.8,8,24,6
9:32:34,2335,2334.6,2335,13,22,11
9:32:35,2334.8,2334.8,2335,11,2,5
9:32:35,2335,2334.8,2335,7,6,5
9:32:36,2335,2335,2335.2,8,1,7
9:32:36,2335,2335,2335.2,2,5,7
9:32:37,2335.2,2335,2335.2,4,5,3
9:32:37,2335.2,2335,2335.4,5,6,3
9:32:38,2335.4,2335.4,2335.6,5,2,8
9:32:38,2335.6,2335.2,2335.6,6,6,6
9:32:39,2335.6,2335.4,2335.6,4,1,5
9:32:39,2335.6,2335.2,2335.4,6,5,1
9:32:40,2335.2,2335.2,2335.6,4,3,8
9:32:40,2335.4,2335.4,2335.6,2,1,13
9:32:41,2335.6,2335.6,2335.8,34,50,7
9:32:41,2335.6,2335.6,2335.8,13,37,7
9:32:42,2335.6,2335.6,2335.8,7,34,4
9:32:42,2336,2335.6,2336,9,31,7
9:32:43,2335.6,2335.6,2336,1,35,9
9:32:43,2335.6,2335.6,2335.8,17,29,22
9:32:44,2335.6,2335.6,2335.8,12,23,26
9:32:44,2335.8,2335.6,2335.8,8,24,22
9:32:45,2335.6,2335.6,2335.8,22,3,10
9:32:45,2335.6,2335.4,2335.6,5,2,10
9:32:46,2335.6,2335.4,2335.6,2,2,13
9:32:46,2335.4,2335.2,2335.4,5,2,8
9:32:47,2335.4,2335.2,2335.4,8,3,1
9:32:47,2335.4,2335.4,2335.6,3,28,14
9:32:48,2335.4,2335.4,2335.6,7,23,12
9:32:48,2335.6,2335.4,2335.6,7,21,8
9:32:49,2335.8,2335.4,2335.8,21,15,2
9:32:49,2335.6,2335.6,2336,6,4,12
9:32:50,2335.6,2335.6,2336,3,4,13
9:32:51,2335.8,2335.6,2335.8,3,7,21
9:32:52,2335.8,2335.6,2335.8,1,9,21
9:32:52,2335.6,2335.6,2335.8,6,14,18
9:32:53,2335.6,2335.6,2335.8,5,13,22
9:32:54,2335.8,2335.6,2335.8,4,16,41
9:32:55,2335.4,2335.4,2335.6,27,32,3
9:32:55,2335.6,2335.6,2335.8,14,1,33
9:32:56,2335.6,2335.4,2335.8,44,2,21
9:32:56,2335.6,2335.6,2335.8,1,1,22
9:32:57,2335.4,2335.2,2335.4,7,14,14
9:32:57,2335.2,2335,2335.4,17,14,12
9:32:58,2335,2335,2335.4,17,2,17
9:32:59,2335,2334.8,2335,16,7,6
9:32:59,2335,2335.2,2335.4,7,1,18
9:33:00,2335.4,2334.8,2335.4,9,6,11
9:33:00,2334.8,2334.8,2335.4,19,7,14
9:33:01,2334.8,2334.8,2335.4,10,2,14
9:33:01,2335,2335,2335.2,71,42,9
9:33:02,2335.2,2335,2335.4,16,43,12
9:33:02,2335.4,2335.2,2335.4,10,3,10
9:33:03,2335.4,2335.4,2335.6,17,11,5
9:33:03,2335.4,2335.4,2335.6,9,3,4
9:33:04,2335.6,2335.4,2335.6,2,14,3
9:33:04,2335.6,2335.4,2335.6,1,19,9
9:33:05,2335.6,2335.4,2335.6,1,20,8
9:33:05,2335.6,2335.4,2335.6,2,20,6
9:33:06,2335.6,2335.6,2335.8,17,1,10
9:33:06,2335.6,2335.6,2335.8,5,3,10
9:33:07,2335.8,2335.6,2335.8,2,3,10
9:33:07,2335.8,2335.6,2335.8,3,4,10
9:33:08,2335.8,2335.6,2335.8,3,5,7
9:33:08,2335.8,2335.6,2335.8,3,14,5
9:33:09,2335.8,2335.6,2335.8,5,12,2
9:33:09,2335.8,2335.8,2336,3,3,42
9:33:10,2336,2335.6,2335.8,17,12,2
9:33:10,2335.8,2335.8,2336,2,1,40
9:33:11,2336,2335.8,2336,2,10,39
9:33:11,2336,2335.8,2336,13,18,26
9:33:12,2336,2335.8,2336,27,23,9
9:33:12,2336,2336,2336.2,10,16,11
9:33:13,2336.2,2336,2336.2,14,9,3
9:33:13,2336.2,2336,2336.2,6,14,1
9:33:14,2336.2,2336.2,2336.4,16,1,9
9:33:14,2336.2,2336.2,2336.4,13,7,1
9:33:15,2336.4,2336.4,2336.6,2,18,5
9:33:15,2336.4,2336.4,2336.6,4,15,5
9:33:16,2336.6,2336.6,2336.8,12,1,55
9:33:16,2336.4,2336.4,2336.6,13,28,2
9:33:17,2336.6,2336.4,2336.6,20,29,5
9:33:17,2336.6,2336.4,2336.6,8,25,9
9:33:18,2336.4,2336.4,2336.6,30,4,5
9:33:18,2336.6,2336.4,2336.8,25,4,41
9:33:19,2336.6,2336.4,2336.6,2,3,8
9:33:19,2336.2,2336.4,2336.6,9,12,5
9:33:20,2336.6,2336.4,2336.6,4,13,2
9:33:20,2336.4,2336.4,2336.6,4,13,3
9:33:21,2336.6,2336.4,2336.6,4,11,3
9:33:21,2336.6,2336.4,2336.6,2,14,4
9:33:22,2336.6,2336.4,2336.6,3,15,6
9:33:22,2336.4,2336.2,2336.4,31,31,7
9:33:23,2336.2,2336.2,2336.4,9,29,5
9:33:23,2336.4,2336.2,2336.4,2,29,4
9:33:24,2336.6,2336.6,2336.8,89,2,56
9:33:24,2336.6,2336.6,2336.8,4,1,55
9:33:25,2336.6,2336.4,2336.6,17,2,1
9:33:25,2336.6,2336.6,2336.8,4,8,44
9:33:26,2336.6,2336.6,2336.8,2,22,48
9:33:26,2336.6,2336.6,2336.8,23,12,38
9:33:27,2336.8,2336.6,2336.8,25,15,15
9:33:27,2336.8,2336.8,2337,20,20,86
9:33:28,2337,2336.8,2337,19,7,83
9:33:28,2337,2336.8,2337,32,9,52
9:33:29,2337,2336.8,2337,22,7,40
9:33:29,2336.8,2336.8,2337,11,7,31
9:33:30,2337,2336.8,2337,10,7,32
9:33:30,2336.8,2336.8,2337,12,5,30
9:33:31,2336.8,2336.8,2337,5,1,30
9:33:31,2336.8,2336.6,2336.8,4,13,6
9:33:32,2336.8,2336.6,2336.8,3,13,7
9:33:32,2336.8,2336.8,2337,14,1,31
9:33:33,2336.8,2336.6,2336.8,5,10,2
9:33:33,2336.6,2336.6,2337,6,9,33
9:33:34,2337,2336.8,2337,2,21,34
9:33:34,2337,2336.8,2337,12,14,32
9:33:35,2337,2336.8,2337,24,13,11
9:33:35,2337,2337,2337.2,18,5,40
9:33:36,2337.2,2337,2337.2,10,3,41
9:33:36,2337.2,2337,2337.2,9,8,40
9:33:37,2336.8,2336.8,2337,96,17,44
9:33:37,2337,2336.8,2337,11,17,37
9:33:38,2336.8,2336.8,2337,15,7,41
9:33:38,2336.8,2336.6,2336.8,19,25,3
9:33:39,2336.8,2336.8,2337,8,7,31
9:33:39,2337,2336.8,2337,3,8,44
9:33:40,2337,2336.8,2337,3,7,72
9:33:40,2337,2336.8,2337,11,7,56
9:33:41,2336.8,2336.6,2336.8,21,16,37
9:33:41,2336.8,2336.6,2336.8,3,28,38
9:33:42,2336.8,2336.6,2336.8,4,30,37
9:33:42,2336.8,2336.6,2336.8,8,31,31
9:33:43,2336.6,2336.6,2336.8,6,29,22
9:33:43,2336.6,2336.6,2336.8,14,20,18
9:33:44,2336.8,2336.6,2336.8,4,19,5
9:33:44,2337,2336.6,2337,10,18,56
9:33:45,2336.6,2336.6,2336.8,4,15,2
9:33:45,2336.8,2336.6,2336.8,2,16,1
9:33:46,2336.8,2336.6,2337,7,18,56
9:33:46,2336.6,2336.6,2337,1,17,57
9:33:47,2336.8,2336.6,2336.8,2,17,4
9:33:47,2336.6,2336.6,2336.8,4,16,1
9:33:48,2336.6,2336.6,2336.8,2,16,13
9:33:48,2336.6,2336.6,2336.8,4,15,10
9:33:49,2336.8,2336.6,2336.8,5,12,12
9:33:49,2336.6,2336.4,2336.6,16,18,20
9:33:50,2336.4,2336.4,2336.6,5,18,18
9:33:50,2336.4,2336.4,2336.6,10,10,16
9:33:51,2336.6,2336.4,2336.6,3,10,26
9:33:51,2336.6,2336.4,2336.6,3,10,23
9:33:52,2336.6,2336.4,2336.6,24,5,16
9:33:52,2336.6,2336.4,2336.6,7,3,14
9:33:53,2336.6,2336.4,2336.6,2,5,12
9:33:53,2336.6,2336.4,2336.6,5,9,8
9:33:54,2336.6,2336.6,2336.8,15,6,85
9:33:54,2336.8,2336.6,2336.8,4,9,74
9:33:55,2336.6,2336.6,2336.8,6,6,72
9:33:55,2336.6,2336.6,2336.8,3,7,70
9:33:56,2336.6,2336.6,2336.8,7,4,67
9:33:56,2336.8,2336.6,2336.8,17,4,52
9:33:57,2336.8,2336.4,2336.6,22,18,1
9:33:57,2336.8,2336.6,2336.8,37,2,1
9:33:58,2336.6,2336.8,2337,9,6,81
9:33:58,2336.8,2336.8,2337,5,3,81
9:33:59,2336.8,2336.8,2337,2,2,82
9:33:59,2337,2336.8,2337,4,2,78
9:34:00,2337,2336.8,2337,5,3,75
9:34:00,2337,2336.8,2337,10,9,66
9:34:01,2337,2336.8,2337,19,9,48
9:34:01,2337,2336.8,2337,21,11,30
9:34:02,2337,2337,2337.2,36,11,31
9:34:02,2337.2,2337,2337.2,17,12,18
9:34:03,2337.2,2337,2337.2,7,16,17
9:34:03,2337.6,2337.2,2337.8,106,6,39
9:34:04,2337.8,2337.4,2337.8,15,1,35
9:34:04,2337.8,2337.8,2338,78,2,99
9:34:05,2338,2337.8,2338,33,1,81
9:34:05,2338,2337.8,2338,21,1,64
9:34:06,2337.8,2337.4,2337.8,33,2,19
9:34:06,2337.4,2337.2,2337.4,20,12,6
9:34:07,2337.6,2337.2,2337.6,13,12,6
9:34:07,2337.6,2337.2,2337.6,14,2,11
9:34:08,2337.2,2337.2,2337.6,4,1,18
9:34:08,2337.6,2337,2337.2,6,13,12
9:34:09,2337.2,2336.8,2337.2,21,5,8
9:34:09,2337,2336.8,2337.2,3,7,9
9:34:10,2337,2336.8,2337.2,6,7,6
9:34:10,2337.2,2337,2337.2,5,1,12
9:34:11,2337.2,2336.8,2337,5,5,29
9:34:11,2336.8,2336.8,2337,5,4,36
9:34:12,2337,2336.8,2337,7,12,34
9:34:12,2336.8,2336.6,2336.8,14,22,16
9:34:13,2336.8,2336.6,2336.8,10,16,12
9:34:13,2337,2336.6,2337,29,11,24
9:34:14,2336.8,2336.6,2337,11,4,23
9:34:14,2337,2336.6,2337,3,4,20
9:34:15,2336.6,2336.6,2336.8,10,15,4
9:34:15,2336.6,2336.6,2336.8,4,14,3
9:34:16,2336.8,2336.8,2337,8,1,30
9:34:16,2336.6,2336.6,2336.8,13,1,2
9:34:17,2336.8,2336.4,2337,20,19,25
9:34:17,2336.8,2336.6,2337,6,7,26
9:34:18,2336.6,2336.6,2336.8,12,2,8
9:34:18,2336.8,2336.6,2336.8,5,1,7
9:34:19,2336.6,2336.6,2336.8,1,1,7
9:34:19,2336.6,2336.4,2336.6,4,20,1
9:34:20,2336.4,2336.4,2336.6,7,14,1
9:34:20,2336.8,2336.4,2336.6,4,14,1
9:34:21,2336.4,2336.6,2336.8,6,1,5
9:34:21,2336.4,2336.4,2336.6,9,11,4
9:34:22,2336.6,2336.4,2336.8,6,10,2
9:34:22,2337,2336.8,2337,3,2,57
9:34:23,2337,2336.8,2337,9,5,56
9:34:23,2336.8,2336.4,2336.6,8,8,2
9:34:24,2336.8,2336.4,2336.8,7,8,14
9:34:24,2336.8,2336.4,2336.8,7,49,10
9:34:25,2336.8,2336.4,2336.8,5,50,5
9:34:25,2336.6,2336.4,2336.8,5,49,3
9:34:26,2337,2336.8,2337,5,1,53
9:34:26,2336.6,2336.4,2337,7,44,50
9:34:27,2336.8,2336.8,2337,2,1,50
9:34:27,2336.6,2336.6,2336.8,14,1,2
9:34:28,2336.8,2336.6,2337,3,1,49
9:34:28,2336.6,2336.4,2336.8,4,45,10
9:34:29,2336.8,2336.8,2337,12,8,47
9:34:29,2336.8,2336.8,2337,5,4,47
9:34:30,2336.4,2336.4,2336.8,7,46,9
9:34:30,2336.8,2336.6,2337,13,8,48
9:34:31,2336.8,2336.8,2337,16,31,47
9:34:31,2336.8,2336.8,2337,11,24,46
9:34:32,2337,2336.8,2337,11,16,45
9:34:32,2336.8,2336.8,2337,4,12,45
9:34:33,2337,2336.8,2337,7,11,39
9:34:33,2336.8,2336.8,2337,16,4,39
9:34:34,2337,2336.8,2337,8,3,32
9:34:35,2336.8,2336.6,2337,4,14,37
9:34:35,2336.8,2336.6,2336.8,14,5,5
9:34:36,2336.8,2336.6,2336.8,6,5,11
9:34:36,2336.8,2336.6,2336.8,3,22,14
9:34:37,2336.8,2336.6,2336.8,8,17,24
9:34:37,2336.8,2336.6,2336.8,7,21,12
9:34:38,2336.8,2336.6,2336.8,7,22,8
9:34:38,2336.8,2336.8,2337.2,70,7,16
9:34:39,2336.8,2336.6,2337,1,24,2
9:34:39,2337.2,2336.8,2337.2,5,10,14
9:34:40,2336.8,2337,2337.2,1,1,15
9:34:40,2337.4,2336.8,2337.4,26,18,30
9:34:41,2337.2,2337.2,2337.4,3,8,31
9:34:41,2337.2,2337.2,2337.4,11,15,21
9:34:42,2337.2,2337.2,2337.4,9,14,14
9:34:42,2337.2,2337.2,2337.4,7,11,11
9:34:43,2337.4,2337.4,2337.6,12,2,54
9:34:43,2337.4,2337.4,2337.6,8,2,54
9:34:44,2337.6,2337.4,2337.6,2,1,53
9:34:44,2337.4,2337.2,2337.4,4,6,3
9:34:45,2337.4,2337.2,2337.4,2,5,2
9:34:45,2337.4,2337.2,2337.4,6,4,7
9:34:46,2337.2,2337.2,2337.4,5,2,13
9:34:46,2337.2,2337,2337.4,5,7,30
9:34:47,2337,2337,2337.2,2,5,1
9:34:47,2337.4,2337.2,2337.4,6,2,29
9:34:48,2337.4,2337,2337.4,5,7,28
9:34:48,2337,2337,2337.4,6,3,35
9:34:49,2337,2336.8,2337,5,2,4
9:34:49,2337,2336.8,2337,6,2,1
9:34:50,2337,2337,2337.2,1,3,2
9:34:51,2337,2336.8,2337,9,4,4
9:34:51,2337,2336.8,2337,3,5,1
9:34:52,2337.2,2337,2337.2,4,1,26
9:34:52,2337.2,2337,2337.2,5,2,29
9:34:53,2337,2336.8,2337,4,11,1
9:34:53,2337.2,2336.8,2337.2,2,11,27
9:34:54,2337.2,2337,2337.2,10,20,18
9:34:54,2336.8,2336.8,2337.2,23,11,18
9:34:55,2336.8,2336.6,2336.8,19,38,1
9:34:55,2337.2,2336.6,2337,10,38,1
9:34:56,2337.2,2336.6,2337,6,38,3
9:34:56,2337.2,2336.6,2337.2,32,33,4
9:34:57,2337,2337,2337.2,2,1,6
9:34:57,2337.2,2337,2337.2,2,3,4
9:34:58,2337.2,2337.2,2337.4,15,2,26
9:34:59,2337.2,2337.2,2337.4,10,3,22
9:34:59,2337,2337,2337.4,14,25,14
9:35:00,2337.2,2337,2337.4,4,25,13
9:35:00,2337.6,2337.4,2337.6,68,16,34
9:35:01,2337.6,2337,2337.6,44,39,11
9:35:01,2337.6,2337.2,2337.6,58,1,5
9:35:02,2337.8,2337.6,2337.8,37,3,16
9:35:02,2337.6,2337.2,2337.6,18,10,35
9:35:03,2337.6,2337.2,2337.6,13,11,23
9:35:03,2337.2,2337.2,2337.4,2,6,18
9:35:04,2337.2,2336.8,2337.2,8,5,16
9:35:04,2336.6,2336.6,2337.2,14,35,35
9:35:05,2337.2,2336.6,2337,9,36,8
9:35:05,2336.8,2336.8,2337,9,2,5
9:35:06,2336.6,2336.4,2336.6,52,49,2
9:35:06,2337,2336.8,2337,4,1,9
9:35:07,2336.8,2336.6,2337,7,3,11
9:35:07,2336.8,2336.6,2336.8,7,1,1
9:35:08,2336.6,2336.6,2336.8,1,1,1
9:35:08,2336.8,2336.4,2336.8,9,54,2
9:35:09,2336.8,2336.8,2337,5,5,17
9:35:09,2336.8,2336.8,2337,6,6,13
9:35:10,2336.6,2336.6,2336.8,10,19,19
9:35:10,2336.6,2336.6,2336.8,7,17,14
9:35:11,2336.6,2336.6,2336.8,13,12,9
9:35:11,2336.8,2336.6,2336.8,13,5,25
9:35:12,2336.8,2336.6,2336.8,10,4,17
9:35:12,2336.6,2336.6,2336.8,3,3,15
9:35:13,2336.8,2336.6,2336.8,14,2,6
9:35:13,2336.4,2336.4,2336.8,9,50,4
9:35:14,2336.8,2336.6,2336.8,6,4,9
9:35:14,2336.6,2336.6,2336.8,4,4,9
9:35:15,2336.6,2336.6,2336.8,5,1,13
9:35:15,2336.8,2336.6,2336.8,8,3,20
9:35:16,2336.8,2336.6,2336.8,1,4,20
9:35:16,2336.6,2336.4,2336.8,4,63,21
9:35:17,2336.8,2336.4,2336.8,1,64,20
9:35:17,2336.4,2336.4,2336.8,6,64,18
9:35:18,2336.8,2336.4,2336.8,2,65,17
9:35:18,2336.6,2336.4,2336.8,3,66,16
9:35:19,2336.8,2336.4,2336.6,1,65,2
9:35:19,2336.4,2336.4,2336.8,6,62,19
9:35:20,2336.6,2336.4,2336.8,9,69,16
9:35:20,2336.8,2336.8,2337,24,27,20
9:35:21,2336.8,2336.8,2337,2,31,23
9:35:21,2337,2336.8,2337,7,37,27
9:35:22,2336.8,2336.8,2337,19,38,11
9:35:22,2336.8,2336.8,2337,4,34,11
9:35:23,2337,2336.8,2337,8,33,4
9:35:24,2336.8,2336.8,2337,31,2,4
9:35:24,2337,2337,2337.2,5,9,51
9:35:25,2337,2337,2337.2,5,4,51
9:35:25,2337,2336.8,2337,9,3,2
9:35:26,2337,2336.8,2337,1,5,2
9:35:26,2336.8,2336.8,2337,2,3,2
9:35:27,2336.8,2336.8,2337,1,2,13
9:35:27,2336.8,2336.6,2337,4,11,13
9:35:28,2336.6,2336.6,2336.8,1,11,6
9:35:29,2336.6,2336.6,2336.8,2,11,6
9:35:29,2336.8,2336.6,2336.8,4,9,4
9:35:30,2336.8,2336.6,2336.8,1,10,14
9:35:30,2336.6,2336.6,2336.8,2,9,13
9:35:31,2336.8,2336.6,2336.8,2,12,3
9:35:32,2336.8,2336.6,2336.8,5,13,2
9:35:32,2336.6,2336.6,2336.8,10,16,3
9:35:33,2336.8,2336.6,2336.8,2,18,15
9:35:33,2336.6,2336.6,2336.8,5,26,12
9:35:34,2336.6,2336.6,2336.8,3,23,12
9:35:34,2336.8,2336.8,2337,13,7,24
9:35:35,2336.8,2336.6,2337,12,22,21
9:35:35,2337,2337,2337.2,22,8,51
9:35:36,2337,2337,2337.2,13,2,45
9:35:36,2337,2336.8,2337,2,2,13
9:35:37,2336.6,2336.6,2337,4,24,14
9:35:38,2337,2336.6,2337,1,26,22
9:35:39,2336.8,2336.8,2337,3,7,23
9:35:39,2337,2336.8,2337,1,8,24
9:35:40,2337,2336.8,2337,1,8,23
9:35:40,2336.8,2336.8,2337,1,7,24
9:35:41,2337,2336.6,2337,8,51,23
9:35:41,2337,2336.6,2337,2,51,22
9:35:42,2337,2336.8,2337,2,1,22
9:35:42,2336.6,2336.6,2336.8,4,52,1
9:35:43,2337.2,2337.2,2337.4,73,30,34
9:35:43,2337.2,2337.2,2337.4,9,21,34
9:35:44,2337.4,2337.2,2337.4,4,18,33
9:35:44,2337.2,2337,2337.2,19,5,4
9:35:45,2337.4,2337,2337.4,11,5,29
9:35:45,2337.2,2337,2337.2,3,12,8
9:35:46,2337,2337,2337.2,6,6,9
9:35:46,2337.2,2336.8,2337.2,10,5,6
9:35:47,2336.8,2336.8,2337,4,2,1
9:35:47,2337,2336.8,2337.2,5,5,2
9:35:48,2337,2336.8,2337,1,10,24
9:35:48,2336.8,2336.8,2337,9,6,16
9:35:49,2337.2,2336.8,2337.2,4,4,8
9:35:49,2337,2336.8,2337.2,6,4,8
9:35:50,2337.2,2336.8,2337.2,3,5,6
9:35:50,2337.2,2336.8,2337.2,6,7,3
9:35:51,2337.2,2336.8,2337.4,6,7,31
9:35:51,2336.8,2337,2337.4,3,3,31
9:35:52,2337,2336.8,2337,7,6,1
9:35:52,2337.4,2336.8,2337.4,3,8,27
9:35:53,2337.4,2336.8,2337,6,8,1
9:35:53,2337,2337,2337.2,1,17,3
9:35:54,2337.2,2337,2337.2,1,17,2
9:35:55,2337,2337,2337.2,14,3,4
9:35:56,2337,2337,2337.2,3,1,3
9:35:56,2337,2336.8,2337.2,7,11,7
9:35:57,2336.8,2336.8,2337.2,2,9,9
9:35:58,2337.2,2336.8,2337.2,10,10,1
9:35:58,2336.8,2336.8,2337.2,11,11,2
9:35:59,2336.8,2336.8,2337,1,11,1
9:35:59,2337,2336.8,2337,1,12,1
9:36:00,2336.8,2336.8,2337.2,3,11,7
9:36:00,2337.2,2336.8,2337.2,12,11,1
9:36:01,2337.4,2336.8,2337.4,15,8,23
9:36:01,2337,2337,2337.4,24,1,10
9:36:02,2337.4,2337,2337.2,3,1,1
9:36:02,2337.4,2336.8,2337,6,10,1
9:36:03,2337,2336.8,2337.2,5,10,4
9:36:03,2336.8,2336.8,2337,7,5,1
9:36:04,2337.2,2336.8,2337.2,6,5,4
9:36:04,2336.8,2336.8,2337.2,2,4,4
9:36:05,2337.2,2336.8,2337.2,4,5,8
9:36:05,2336.8,2336.8,2337.2,2,4,7
9:36:06,2336.8,2336.8,2337.2,2,3,7
9:36:07,2336.8,2336.8,2337.2,6,11,3
9:36:07,2336.8,2336.8,2337,1,12,1
9:36:08,2336.8,2336.8,2337,1,14,1
9:36:08,2337,2336.8,2337.2,2,18,6
9:36:09,2337,2336.8,2337,1,18,2
9:36:09,2336.6,2336.6,2336.8,35,70,1
9:36:10,2336.8,2336.8,2337,7,3,1
9:36:10,2336.8,2336.8,2337,2,4,5
9:36:11,2336.8,2336.8,2337,4,4,8
9:36:11,2337,2337,2337.2,10,5,29
9:36:12,2337.2,2337,2337.2,13,10,25
9:36:12,2337,2337,2337.2,4,9,24
9:36:13,2337,2337,2337.2,2,7,25
9:36:13,2337.2,2337,2337.2,1,7,24
9:36:14,2337,2337,2337.2,9,5,19
9:36:14,2337,2337,2337.2,1,4,20
9:36:15,2337.2,2336.8,2337.2,15,104,10
9:36:16,2337.2,2337.2,2337.4,12,2,24
9:36:16,2337.4,2337.2,2337.4,19,28,9
9:36:17,2337.4,2337.4,2337.6,9,10,27
9:36:17,2337.6,2337.4,2337.6,4,21,24
9:36:18,2337.6,2337.4,2337.6,3,22,21
9:36:18,2337.4,2337.4,2337.6,26,3,20
9:36:19,2337.6,2337.4,2337.6,6,3,43
9:36:19,2337.4,2337.4,2337.6,1,2,53
9:36:20,2337.6,2337.2,2337.4,3,25,2
9:36:20,2337.4,2337.2,2337.4,8,6,1
9:36:21,2337.4,2337.2,2337.4,1,7,34
9:36:21,2337.2,2337,2337.2,9,7,1
9:36:22,2337,2337,2337.2,5,5,14
9:36:22,2337.2,2337,2337.2,6,4,10
9:36:23,2336.8,2336.8,2337,13,4,1
9:36:23,2337.2,2337.2,2337.4,10,11,39
9:36:24,2337.2,2337,2337.2,17,2,18
9:36:24,2337.2,2336.8,2337,13,2,1
9:36:25,2336.8,2336.8,2337,2,1,2
9:36:25,2337,2337,2337.2,8,1,25
9:36:26,2337.2,2336.8,2337.2,14,2,17
9:36:26,2336.8,2336.8,2337,3,1,1
9:36:27,2336.8,2337,2337.2,3,36,25
9:36:28,2337,2337,2337.2,13,51,20
9:36:28,2337,2337,2337.2,3,51,14
9:36:29,2337.2,2337,2337.2,16,74,4
9:36:29,2337.4,2337.2,2337.4,33,11,9
9:36:30,2337.2,2337.2,2337.4,10,19,1
9:36:30,2337.2,2337.2,2337.4,2,18,2
9:36:31,2337.2,2337.2,2337.4,3,16,3
9:36:31,2337.2,2337.2,2337.4,6,15,2
9:36:32,2337.2,2337.2,2337.4,5,10,3
9:36:32,2337.2,2337.2,2337.4,1,10,3
9:36:33,2337.4,2337.2,2337.4,1,8,10
9:36:33,2337.2,2337.2,2337.4,3,4,10
9:36:34,2337.2,2337,2337.2,22,66,1
9:36:35,2337,2337,2337.2,5,61,2
9:36:36,2337.2,2337.2,2337.4,2,6,1
9:36:37,2337.2,2337.2,2337.6,3,5,39
9:36:38,2337.4,2337.2,2337.4,3,11,7
9:36:38,2337.2,2337.2,2337.4,7,5,10
9:36:39,2337.2,2337.2,2337.4,3,4,10
9:36:39,2337.4,2337,2337.4,3,66,10
9:36:40,2337.4,2337,2337.4,1,66,9
9:36:40,2337,2337,2337.4,8,64,6
9:36:41,2337,2337.2,2337.4,1,1,6
9:36:41,2337.4,2337.2,2337.4,1,2,5
9:36:42,2337.4,2337.2,2337.4,1,2,5
9:36:42,2337.2,2337,2337.4,3,78,5
9:36:43,2337,2337,2337.2,2,63,1
9:36:44,2337.2,2337,2337.2,3,63,6
9:36:45,2337.2,2337,2337.2,2,63,4
9:36:45,2337.2,2337,2337.2,1,85,5
9:36:46,2337,2337,2337.2,2,84,4
9:36:46,2337.2,2337.2,2337.4,5,10,6
9:36:47,2337.4,2337.2,2337.4,2,14,10
9:36:47,2337.2,2337.2,2337.4,3,12,11
9:36:48,2337.2,2337.2,2337.4,6,8,10
9:36:48,2337.2,2337.2,2337.4,1,7,10
9:36:49,2337.4,2337.2,2337.4,5,3,9
9:36:49,2337.2,2337.2,2337.4,1,3,12
9:36:50,2337.4,2337,2337.4,5,87,10
9:36:50,2337,2337,2337.2,1,86,1
9:36:51,2337.4,2337.2,2337.4,17,1,29
9:36:51,2337.4,2337.2,2337.4,6,2,24
9:36:52,2337.4,2337.2,2337.4,1,5,23
9:36:52,2337.2,2337.2,2337.4,2,3,23
9:36:53,2337.2,2337.2,2337.4,8,1,23
9:36:53,2337.2,2337,2337.4,1,71,24
9:36:54,2337.4,2337,2337.4,3,71,23
9:36:54,2337.4,2337,2337.4,2,71,22
9:36:55,2337.4,2337,2337.2,2,71,1
9:36:55,2337,2337,2337.4,5,70,18
9:36:56,2337.4,2337,2337.4,1,70,19
9:36:57,2337.2,2337,2337.2,1,71,1
9:36:57,2337.4,2337,2337.4,2,70,27
9:36:58,2337,2337,2337.4,4,66,27
9:36:59,2337.4,2337,2337.2,3,72,10
9:36:59,2337,2337,2337.2,16,57,10
9:37:00,2337,2337,2337.2,17,42,12
9:37:00,2337,2336.8,2337,46,32,8
9:37:01,2336.8,2336.8,2337,2,30,32
9:37:01,2336.8,2336.8,2337,9,29,25
9:37:02,2337,2336.8,2337,3,27,29
9:37:02,2337,2336.8,2337,9,20,29
9:37:03,2336.8,2336.8,2337,5,16,28
9:37:03,2336.8,2336.8,2337,1,15,28
9:37:04,2336.8,2336.8,2337,12,3,25
9:37:04,2336.8,2336.8,2337,2,7,25
9:37:05,2336.8,2336.8,2337,5,4,25
9:37:06,2337,2336.8,2337,9,14,18
9:37:06,2336.8,2336.8,2337,3,12,18
9:37:07,2337,2336.8,2337,7,7,16
9:37:07,2336.8,2336.8,2337,5,4,14
9:37:08,2336.8,2336.8,2337,2,4,15
9:37:08,2337,2336.8,2337,2,3,15
9:37:09,2336.8,2336.6,2336.8,8,49,2
9:37:09,2337,2336.6,2337,8,64,21
9:37:10,2336.6,2336.6,2337,2,63,22
9:37:10,2336.6,2336.6,2337,2,81,22
9:37:11,2336.6,2336.8,2337,4,3,22
9:37:11,2337,2336.8,2337,1,4,23
9:37:12,2336.6,2336.6,2336.8,14,68,2
9:37:12,2336.6,2336.6,2336.8,35,33,25
9:37:13,2336.6,2336.4,2336.6,34,68,40
9:37:13,2336.4,2336.4,2336.6,60,10,55
9:37:14,2336.2,2336.2,2336.4,17,43,20
9:37:14,2336.2,2336.2,2336.4,14,41,11
9:37:15,2336.2,2336.2,2336.4,8,35,14
9:37:15,2336.2,2336.2,2336.4,12,30,6
9:37:16,2336.2,2336.2,2336.4,9,35,5
9:37:16,2336.4,2336.4,2336.6,9,23,1
9:37:17,2336.6,2336.6,2336.8,6,3,30
9:37:17,2336.6,2336.4,2336.8,3,24,30
9:37:18,2336.4,2336.4,2336.6,5,24,1
9:37:18,2336.4,2336.4,2336.8,6,32,24
9:37:19,2336.6,2336.4,2336.8,25,28,5
9:37:19,2336.4,2336.4,2336.8,4,27,2
9:37:20,2336.4,2336.6,2336.8,4,9,1
9:37:20,2336.6,2336.6,2336.8,1,11,2
9:37:21,2336.6,2336.6,2336.8,89,16,1
9:37:21,2336.6,2336.4,2336.8,16,3,2
9:37:22,2336.8,2336.4,2336.8,4,5,7
9:37:22,2336.8,2336.6,2336.8,1,4,12
9:37:23,2336.6,2336.6,2336.8,4,2,21
9:37:23,2336.4,2336.2,2336.6,8,7,3
9:37:24,2336.4,2336.4,2336.6,1,2,21
9:37:25,2336.4,2336.2,2336.4,4,13,38
9:37:25,2336.2,2336,2336.2,15,123,4
9:37:26,2336.4,2336.2,2336.4,15,12,32
9:37:26,2336.2,2336.2,2336.4,8,5,30
9:37:27,2336.2,2336,2336.4,11,126,32
9:37:27,2336.4,2336.2,2336.4,1,75,31
9:37:28,2336.4,2336.2,2336.4,13,70,26
9:37:28,2336.2,2336.2,2336.4,9,65,25
9:37:29,2336.2,2336.2,2336.4,17,64,16
9:37:29,2336.2,2336.2,2336.4,4,61,15
9:37:30,2336.6,2336.6,2336.8,31,10,32
9:37:30,2336.6,2336.6,2336.8,6,6,30
9:37:31,2336.6,2336.4,2336.6,9,2,1
9:37:31,2336.4,2336.4,2336.6,2,12,2
9:37:33,2336.4,2336.4,2336.6,5,32,3
9:37:33,2336.4,2336.4,2336.6,8,24,4
9:37:34,2336.4,2336.4,2336.6,10,1,3
9:37:34,2336.6,2336.4,2336.6,2,6,4
9:37:35,2336.4,2336.2,2336.4,6,75,4
9:37:35,2336.4,2336.2,2336.4,4,89,1
9:37:36,2336.4,2336.4,2336.6,2,3,7
9:37:36,2336.4,2336.2,2336.4,5,104,3
9:37:37,2336.4,2336.2,2336.4,2,103,5
9:37:37,2336.4,2336.2,2336.4,2,103,4
9:37:38,2336.2,2336.2,2336.4,2,102,3
9:37:39,2336.2,2336.2,2336.4,4,85,4
9:37:40,2336.2,2336.2,2336.4,1,85,4
9:37:40,2336.2,2336.2,2336.4,4,81,5
9:37:41,2336.2,2336.2,2336.4,11,70,5
9:37:41,2336.2,2336.2,2336.6,6,69,14
9:37:42,2336.2,2336.2,2336.6,3,66,15
9:37:42,2336.2,2336.2,2336.6,2,64,15
9:37:43,2336.2,2336.2,2336.4,7,57,5
9:37:43,2336.2,2336.2,2336.4,1,56,5
9:37:44,2336.4,2336.2,2336.4,7,50,4
9:37:44,2336.2,2336.2,2336.4,6,45,6
9:37:45,2336.4,2336.2,2336.6,7,45,19
9:37:46,2336.2,2336.2,2336.6,1,44,21
9:37:47,2336.4,2336.2,2336.6,1,44,21
9:37:47,2336.2,2336.2,2336.4,1,43,1
9:37:48,2336.6,2336.4,2336.6,2,1,23
9:37:49,2336.2,2336.2,2336.6,3,40,23
9:37:49,2336.2,2336.2,2336.6,4,38,23
9:37:50,2336.2,2336.4,2336.6,3,3,23
9:37:50,2336.4,2336.2,2336.6,3,37,24
9:37:51,2336.2,2336.2,2336.6,7,32,24
9:37:51,2336.2,2336.2,2336.6,1,32,28
9:37:52,2336.2,2336.2,2336.6,1,31,28
9:37:52,2336.2,2336.2,2336.6,8,25,27
9:37:53,2336.2,2336.2,2336.6,2,23,27
9:37:53,2336.2,2336.4,2336.6,4,1,28
9:37:54,2336.2,2336.4,2336.6,9,20,28
9:37:54,2336.2,2336.4,2336.6,4,16,29
9:37:55,2336.4,2336.2,2336.4,16,12,1
9:37:55,2336.4,2336.2,2336.4,5,14,1
9:37:56,2336.4,2336.2,2336.4,1,19,3
9:37:57,2336.4,2336.2,2336.4,13,18,2
9:37:57,2336,2336,2336.6,35,123,22
9:37:58,2336.2,2336,2336.4,12,122,31
9:37:58,2336.2,2336,2336.4,4,122,35
9:37:59,2336.2,2336,2336.4,6,121,37
9:37:59,2336,2336,2336.4,5,117,36
9:38:00,2336,2336,2336.2,2,116,2
9:38:00,2336.2,2336.2,2336.4,2,1,38
9:38:01,2336,2336,2336.2,17,100,2
9:38:01,2336,2336,2336.2,3,98,2
9:38:02,2336,2336,2336.2,11,96,3
9:38:02,2336.2,2336,2336.2,4,96,6
9:38:03,2336,2336,2336.2,26,72,7
9:38:03,2336,2336,2336.2,2,71,7
9:38:04,2336,2336,2336.2,17,54,15
9:38:04,2336,2336,2336.2,16,41,15
9:38:05,2336,2336,2336.2,31,12,20
9:38:05,2336,2335.8,2336,16,27,6
9:38:06,2336,2336,2336.2,11,3,19
9:38:06,2336.2,2335.8,2336.2,7,26,15
9:38:07,2336,2335.8,2336.2,1,29,38
9:38:07,2335.8,2335.8,2336,4,32,1
9:38:08,2335.8,2335.8,2336,6,29,1
9:38:08,2335.8,2335.8,2336,2,27,3
9:38:09,2335.8,2335.8,2336,4,27,2
9:38:09,2335.8,2335.8,2336,14,13,2
9:38:10,2335.8,2335.8,2336,5,11,1
9:38:10,2335.8,2335.8,2336.2,4,9,30
9:38:11,2335.8,2335.8,2336,3,7,1
9:38:11,2335.8,2335.8,2336,4,5,1
9:38:12,2335.8,2335.8,2336,6,2,1
9:38:12,2335.8,2335.8,2336.2,5,1,31
9:38:13,2335.8,2336,2336.2,10,6,27
9:38:13,2336.2,2336,2336.2,3,4,26
9:38:14,2336,2336,2336.2,3,1,26
9:38:14,2335.8,2335.8,2336.2,3,11,26
9:38:15,2336.2,2335.8,2336,1,11,2
9:38:15,2336.2,2335.8,2336,2,12,6
9:38:16,2335.8,2335.8,2336,8,7,5
9:38:17,2336,2335.8,2336,4,7,1
9:38:17,2336,2335.8,2336,1,9,5
9:38:18,2336,2335.8,2336,2,9,6
9:38:18,2336,2336,2336.2,9,11,25
9:38:19,2336.2,2336,2336.2,3,12,23
9:38:20,2336.2,2336.2,2336.4,24,4,17
9:38:20,2336.4,2336.2,2336.4,9,5,16
9:38:21,2336.2,2336.2,2336.4,2,6,15
9:38:21,2336.4,2336.2,2336.4,3,5,14
9:38:22,2336.4,2336.2,2336.4,4,6,12
9:38:22,2336.2,2336.2,2336.4,7,4,7
9:38:24,2336.4,2336.2,2336.4,6,5,4
9:38:24,2336.4,2336.2,2336.6,5,4,23
9:38:25,2336.4,2336.2,2336.6,2,4,22
9:38:25,2336.2,2336.2,2336.6,2,3,22
9:38:26,2336.2,2336,2336.2,9,15,11
9:38:26,2336.2,2336,2336.2,2,15,10
9:38:27,2336.2,2336,2336.2,4,14,6
9:38:27,2336.2,2336,2336.2,7,12,1
9:38:28,2336.2,2336,2336.4,1,12,3
9:38:28,2336.4,2336,2336.4,5,10,3
9:38:29,2336.2,2336.2,2336.4,1,5,3
9:38:29,2336.2,2336,2336.2,10,9,20
9:38:30,2336.2,2336,2336.2,4,9,17
9:38:30,2336,2336,2336.2,2,7,17
9:38:31,2336.2,2336,2336.2,1,7,22
9:38:31,2336,2336,2336.2,4,9,19
9:38:32,2336,2336,2336.2,1,20,21
9:38:33,2336.2,2336,2336.2,1,22,10
9:38:34,2336,2336,2336.2,4,19,9
9:38:34,2336.2,2336,2336.2,3,19,7
9:38:35,2336.2,2336,2336.2,13,7,6
9:38:35,2336,2336,2336.2,1,7,7
9:38:36,2336,2335.8,2336,10,53,11
9:38:36,2336.2,2336,2336.2,13,6,7
9:38:37,2336.2,2336.2,2336.4,14,17,30
9:38:37,2336.2,2336.2,2336.4,23,3,31
9:38:38,2335.8,2336.2,2336.4,25,2,34
9:38:38,2336.2,2336.2,2336.4,1,2,34
9:38:39,2336.2,2336.2,2336.4,1,2,34
9:38:39,2336,2336,2336.4,6,4,32
9:38:40,2336.2,2336.2,2336.4,11,2,32
9:38:41,2336.2,2336.2,2336.4,2,1,32
9:38:41,2336.2,2336,2336.2,5,6,23
9:38:42,2336,2335.8,2336,9,37,1
9:38:43,2335.8,2335.8,2336.2,4,36,24
9:38:43,2336.2,2336,2336.2,3,3,23
9:38:44,2336.2,2336,2336.2,1,4,28
9:38:44,2336,2336,2336.2,1,3,28
9:38:45,2336,2335.8,2336.2,8,34,26
9:38:45,2335.8,2335.8,2336,2,33,2
9:38:46,2335.6,2335.6,2335.8,89,12,1
9:38:47,2335.6,2335.6,2335.8,5,11,12
9:38:47,2335.4,2335.4,2335.6,16,28,13
9:38:48,2335.4,2335.4,2335.6,6,27,8
9:38:48,2335.4,2335.4,2335.6,11,17,11
9:38:49,2335.4,2335.4,2335.6,23,2,7
9:38:49,2335.4,2335.2,2335.4,2,65,1
9:38:50,2335.4,2335.4,2335.6,1,16,8
9:38:50,2335.4,2335.4,2335.6,9,9,5
9:38:51,2335.4,2335.2,2335.4,11,65,3
9:38:51,2335.4,2335.2,2335.4,5,65,12
9:38:52,2335.4,2335.2,2335.4,8,68,1
9:38:52,2335.2,2335.4,2335.6,6,9,1
9:38:53,2335.2,2335.4,2335.6,3,7,13
9:38:53,2335.6,2335.4,2335.6,22,8,12
9:38:54,2335.4,2335.4,2335.6,9,4,9
9:38:54,2335.4,2335.4,2335.6,7,3,10
9:38:55,2335.4,2335.4,2335.6,2,10,9
9:38:55,2335.4,2335.4,2335.6,3,10,11
9:38:56,2335.6,2335.4,2335.6,1,10,10
9:38:56,2335.6,2335.4,2335.6,7,6,8
9:38:57,2335.2,2335.2,2335.6,13,62,6
9:38:57,2335.6,2335.4,2335.6,4,10,13
9:38:58,2335.4,2335.4,2335.6,3,13,12
9:38:58,2335.4,2335.4,2335.6,7,11,10
9:38:59,2335.6,2335.4,2335.6,2,14,10
9:38:59,2335.4,2335.4,2335.6,1,27,10
9:39:00,2335.4,2335.4,2335.6,5,22,10
9:39:00,2335.4,2335.4,2335.6,9,20,8
9:39:01,2335.4,2335.4,2335.6,14,10,2
9:39:01,2335.6,2335.2,2335.6,22,70,3
