9:14:00,2300,2299.2,2300,406,2,90
9:15:00,2300,2298.2,2299.2,193,1,2
9:15:01,2300,2299.6,2303,337,4,10
9:15:01,2300,2299.4,2300,148,1,14
9:15:02,2299.8,2301.4,2301.8,103,1,12
9:15:02,2303.2,2303,2303.8,152,1,6
9:15:03,2303.6,2303.2,2303.6,57,9,1
9:15:03,2303.4,2303.6,2303.8,92,3,1
9:15:04,2303.4,2303.2,2303.4,66,7,1
9:15:04,2303.4,2303.4,2304,71,1,10
9:15:05,2303.4,2303.4,2303.8,43,23,15
9:15:05,2303.4,2303.4,2303.8,76,12,23
9:15:06,2303.8,2302,2303.4,72,4,17
9:15:06,2303,2302.4,2303,33,12,40
9:15:07,2302.8,2302.4,2302.8,83,3,10
9:15:07,2302.6,2302.4,2302.6,148,1,29
9:15:08,2302.6,2301,2302.4,52,11,17
9:15:08,2301.4,2301.4,2302,31,3,34
9:15:09,2301.8,2301.6,2301.8,45,5,6
9:15:09,2301.6,2301.8,2302,37,3,4
9:15:10,2303.2,2302,2303.2,144,6,12
9:15:10,2302.4,2302.4,2302.6,42,28,1
9:15:11,2302.6,2302.8,2303.2,63,46,1
9:15:11,2303,2303,2303.4,38,65,9
9:15:12,2303.6,2303.4,2303.8,42,30,3
9:15:12,2303.8,2303.8,2304,45,38,37
9:15:13,2304.2,2304.2,2304.8,49,1,49
9:15:13,2304.4,2304.2,2304.4,74,11,10
9:15:14,2304.6,2304,2304.4,52,4,1
9:15:14,2304.2,2304.4,2304.8,44,4,16
9:15:15,2304.2,2304,2304.4,29,12,1
9:15:15,2304.8,2304.4,2304.8,43,8,3
9:15:16,2304.8,2304.8,2305,19,5,25
9:15:16,2305.2,2305,2305.2,39,8,4
9:15:17,2305.2,2305.4,2305.6,29,2,2
9:15:17,2305.6,2305.6,2306,25,22,7
9:15:18,2306,2305.8,2306.2,33,2,10
9:15:18,2305.6,2305.6,2306,69,80,7
9:15:19,2305.8,2305.6,2305.8,64,72,15
9:15:19,2305.8,2306,2306.4,66,7,5
9:15:20,2306,2306,2306.2,76,9,33
9:15:20,2306,2305.8,2306,35,1,17
9:15:21,2305.8,2305.4,2305.6,26,12,23
9:15:21,2305.4,2305,2305.4,91,44,21
9:15:22,2305,2305,2305.4,75,43,29
9:15:22,2305.8,2305.2,2305.8,86,21,14
9:15:23,2306,2305.8,2306,40,23,37
9:15:23,2306.2,2306.2,2306.4,61,6,6
9:15:24,2306.6,2306.6,2307,45,34,1
9:15:24,2307,2307,2307.2,20,44,16
9:15:25,2307.4,2307.4,2307.8,32,3,16
9:15:25,2307.6,2307.4,2307.8,24,13,1
9:15:26,2307.4,2307.2,2307.4,46,9,11
9:15:26,2307,2307,2307.2,53,53,15
9:15:27,2306.8,2306.6,2306.8,89,4,31
9:15:27,2306.8,2306.8,2307,76,11,29
9:15:28,2307,2307,2307.6,67,19,4
9:15:28,2307.4,2307.4,2307.6,20,22,13
9:15:29,2307.6,2307.8,2308,45,25,12
9:15:29,2308.2,2308.2,2308.6,46,23,10
9:15:30,2308.8,2308.8,2309,15,8,61
9:15:30,2308.8,2308.6,2308.8,64,14,9
9:15:31,2308.8,2308.8,2309,79,15,13
9:15:31,2309,2309,2309.4,91,3,3
9:15:32,2309.6,2309.6,2309.8,78,11,39
9:15:32,2310,2309.6,2310,60,6,19
9:15:33,2310.2,2310.2,2310.4,47,15,2
9:15:33,2310.4,2310.6,2310.8,20,8,1
9:15:34,2310.4,2310.4,2311.6,74,7,1
9:15:34,2311.2,2310.8,2311,40,12,10
9:15:35,2311.2,2310.4,2310.6,73,28,2
9:15:35,2310,2310,2310.2,73,15,22
9:15:36,2309.8,2309.8,2310,99,32,25
9:15:36,2310,2309.4,2309.6,97,4,3
9:15:37,2309.8,2309.6,2309.8,55,2,10
9:15:37,2309.8,2309.8,2310,30,9,2
9:15:38,2310,2310,2310.2,33,32,38
9:15:38,2310.2,2310.2,2310.4,82,30,13
9:15:39,2310.6,2310.6,2310.8,38,23,3
9:15:39,2311,2310.8,2311,36,15,6
9:15:40,2311.2,2311.2,2311.6,75,6,2
9:15:40,2312,2311.4,2312,31,7,1
9:15:41,2312,2311.6,2312,66,12,34
9:15:41,2312,2311.2,2311.6,30,8,3
9:15:42,2311.4,2310.8,2311.2,40,29,36
9:15:42,2310.8,2310.6,2310.8,61,1,2
9:15:43,2310.2,2310.2,2310.4,27,2,6
9:15:43,2310.2,2310,2310.2,40,23,9
9:15:44,2309.8,2309.8,2310,34,11,6
9:15:44,2309.8,2309.8,2310,40,2,7
9:15:45,2309.6,2309.6,2309.8,28,2,22
9:15:45,2309.4,2309.2,2309.4,12,9,2
9:15:46,2309.8,2309.6,2309.8,46,18,12
9:15:46,2309.6,2309.6,2309.8,25,10,9
9:15:47,2309.6,2309.4,2310.2,20,12,4
9:15:47,2309.6,2309.6,2310.2,25,34,5
9:15:48,2310.2,2310.2,2310.6,17,1,16
9:15:48,2310.4,2310.4,2310.8,39,5,11
9:15:49,2310.8,2310.6,2310.8,32,18,14
9:15:49,2311,2310.8,2311,27,22,11
9:15:50,2311.2,2311,2311.2,41,23,6
9:15:50,2311.8,2311.2,2311.8,36,8,3
9:15:51,2311.8,2311.8,2312,28,2,9
9:15:51,2311.4,2311.4,2311.8,43,3,8
9:15:52,2312.2,2312.2,2312.4,17,3,3
9:15:52,2312,2311.4,2312,69,1,7
9:15:53,2311.6,2311.6,2311.8,12,4,6
9:15:53,2311.4,2311.4,2311.6,32,9,19
9:15:54,2311.2,2311.2,2311.4,34,2,25
9:15:54,2310.8,2310.8,2311,21,15,9
9:15:55,2310.8,2310.8,2311.2,53,1,17
9:15:55,2311,2311,2311.2,10,7,15
9:15:56,2311,2310.8,2311,26,4,30
9:15:56,2310.8,2310.2,2310.8,34,2,11
9:15:57,2310.6,2310.4,2310.6,18,11,1
9:15:57,2310.4,2310.4,2310.6,5,12,2
9:15:58,2310.8,2310.4,2310.8,10,8,19
9:15:58,2310.8,2310.4,2310.6,18,6,5
9:15:59,2310.8,2310.6,2310.8,30,4,16
9:15:59,2310.6,2310.2,2310.6,38,10,17
9:16:00,2310.4,2310,2310.2,28,8,5
9:16:00,2310.2,2309.8,2310.2,82,39,1
9:16:01,2309.8,2309.8,2310,34,34,6
9:16:01,2309.8,2309.8,2310.6,51,21,4
9:16:02,2310.4,2310,2310.4,46,17,7
9:16:02,2310,2310.2,2310.6,45,15,16
9:16:03,2310.8,2310,2310.2,49,72,1
9:16:03,2310.4,2310.4,2310.8,16,2,7
9:16:04,2310.8,2310.8,2311,24,30,73
9:16:04,2311,2310.8,2311,75,41,9
9:16:05,2311,2311.2,2311.4,25,4,4
9:16:05,2311.6,2311.6,2311.8,56,29,23
9:16:06,2312,2311.8,2312,51,7,21
9:16:06,2312.2,2311.8,2312.2,46,5,25
9:16:07,2312.2,2312.2,2312.4,51,18,15
9:16:07,2312.2,2312.2,2312.4,36,1,4
9:16:08,2312.4,2312,2312.2,26,3,8
9:16:08,2312,2311.8,2312,49,8,5
9:16:09,2311.8,2311.4,2311.8,36,14,1
9:16:09,2311.4,2311.4,2312,25,6,3
9:16:10,2312,2311.6,2312,9,37,2
9:16:10,2312,2312,2312.2,16,13,17
9:16:11,2312.4,2312.4,2312.6,24,26,5
9:16:11,2312.8,2312.8,2313,37,16,20
9:16:12,2312.8,2313.2,2313.4,54,9,3
9:16:12,2313.6,2313.6,2313.8,35,21,7
9:16:13,2313.6,2313.6,2313.8,55,10,2
9:16:13,2313.2,2313,2313.2,85,7,40
9:16:14,2312.8,2312.6,2312.8,39,23,25
9:16:14,2312.4,2312.2,2312.4,89,60,5
9:16:15,2313,2312.4,2313,72,22,24
9:16:15,2313,2312.6,2313,20,5,19
9:16:16,2313,2313,2313.2,36,1,45
9:16:16,2312.8,2312.6,2312.8,42,10,17
9:16:17,2312.6,2312.8,2313.2,30,2,18
9:16:17,2313.2,2313,2313.2,12,4,9
9:16:18,2313.2,2313.2,2313.4,22,6,6
9:16:18,2313.6,2313.4,2313.6,46,15,27
9:16:19,2313.6,2314,2314.4,97,22,37
9:16:19,2314.4,2314.2,2314.4,26,23,13
9:16:20,2314.6,2314,2314.6,50,18,7
9:16:20,2314.4,2314,2314.8,46,4,5
9:16:21,2314.4,2314,2314.4,43,35,8
9:16:21,2314,2313.8,2314.2,74,11,14
9:16:22,2313.8,2313.8,2314.2,52,2,15
9:16:22,2313.2,2313.2,2313.8,67,26,5
9:16:23,2314,2313.6,2314,38,1,1
9:16:23,2314,2314,2314.2,27,11,2
9:16:24,2313.8,2314.2,2314.6,26,9,2
9:16:24,2314.6,2314.6,2315,24,28,39
9:16:25,2315,2314.8,2315.8,86,23,23
9:16:25,2316,2315.2,2315.4,28,83,13
9:16:26,2315.8,2315.8,2316,64,9,1
9:16:26,2317,2317,2317.2,50,2,2
9:16:27,2317.4,2317.4,2318,40,36,23
9:16:27,2319,2318,2319,96,9,56
9:16:28,2318.6,2318.4,2318.6,125,9,5
9:16:28,2321,2321,2322,95,11,1
9:16:29,2321.8,2321.4,2321.8,176,10,17
9:16:29,2322,2322,2323.6,137,15,3
9:16:30,2323.6,2323,2323.2,51,2,3
9:16:30,2323.4,2323.2,2324.6,110,12,2
9:16:31,2323.6,2323.6,2324.2,87,13,14
9:16:31,2323.6,2323.4,2323.6,102,29,6
9:16:32,2323,2322.4,2323,129,21,36
9:16:32,2322,2322,2322.6,53,21,41
9:16:33,2322,2321.8,2322,93,22,44
9:16:33,2321.6,2321,2321.6,103,62,9
9:16:34,2321.4,2321.2,2321.6,76,8,22
9:16:34,2321.4,2321.2,2321.6,90,1,13
9:16:35,2321.4,2321.4,2321.6,46,10,13
9:16:35,2321,2320.2,2321,47,1,9
9:16:36,2320.4,2320.4,2320.8,82,5,2
9:16:36,2320.8,2320.6,2320.8,78,8,7
9:16:37,2320.4,2320.2,2320.4,24,2,8
9:16:37,2320.4,2320,2320.2,20,12,1
9:16:38,2320,2319.4,2320,55,12,19
9:16:38,2319.4,2319.2,2319.4,8,4,1
9:16:39,2319.2,2319,2319.2,19,5,3
9:16:39,2319,2319,2319.4,23,2,26
9:16:40,2319,2318.8,2319,36,11,23
9:16:40,2318.8,2318.6,2318.8,38,61,9
9:16:41,2318.6,2318.6,2318.8,65,54,9
9:16:41,2319,2319,2319.2,48,17,1
9:16:42,2319.8,2319.6,2319.8,41,2,12
9:16:42,2319.6,2319.2,2319.6,63,20,20
9:16:43,2319.8,2319.6,2320,39,22,31
9:16:43,2319.6,2319.4,2319.6,44,10,13
9:16:44,2319.2,2319.2,2319.6,42,20,1
9:16:44,2319.2,2319,2319.2,35,10,23
9:16:45,2319,2319,2319.2,12,5,19
9:16:45,2319.2,2319.6,2320,62,10,26
9:16:46,2319.2,2319.2,2319.8,24,13,5
9:16:46,2319.2,2319.4,2319.6,38,12,5
9:16:47,2319.4,2319.4,2319.6,22,10,24
9:16:47,2319,2319,2319.2,44,9,4
9:16:48,2319.4,2319.4,2319.6,21,4,15
9:16:48,2319.4,2319.2,2319.4,12,5,19
9:16:49,2319.2,2319.2,2319.4,31,2,21
9:16:49,2319.2,2319,2319.2,6,3,2
9:16:50,2319.2,2319.2,2319.4,8,5,23
9:16:50,2319.2,2319,2319.2,20,3,2
9:16:51,2319.4,2319.2,2319.4,16,1,13
9:16:51,2319.2,2319.2,2319.4,15,8,3
9:16:52,2318.8,2318.8,2319,48,15,6
9:16:52,2319.4,2319,2319.2,13,10,3
9:16:53,2319.2,2318.8,2319.2,20,15,3
9:16:53,2319.2,2319,2319.4,14,2,1
9:16:54,2319,2318.8,2319,22,16,10
9:16:54,2318.8,2318.6,2318.8,22,56,6
9:16:55,2318.6,2318.6,2318.8,22,52,3
9:16:55,2319.4,2319.2,2319.4,36,10,7
9:16:56,2319.4,2319.4,2319.8,23,1,50
9:16:56,2319,2319,2319.4,20,5,1
9:16:57,2318.8,2318.8,2319,20,29,3
9:16:57,2319.4,2319.4,2319.6,41,14,7
9:16:58,2319,2319,2319.2,29,11,1
9:16:58,2319,2319,2319.4,8,10,14
9:16:59,2318.8,2318.8,2319,34,47,1
9:16:59,2319,2318.8,2319,11,46,9
9:17:00,2319,2318.8,2319.2,44,31,12
9:17:00,2319,2318.8,2319,47,20,1
9:17:01,2318.6,2318.6,2318.8,40,51,20
9:17:01,2318.6,2318.4,2318.6,69,6,8
9:17:02,2318.4,2318,2318.4,57,13,63
9:17:02,2318.2,2317.4,2318.2,28,2,55
9:17:03,2317.2,2317.2,2317.4,10,4,2
9:17:03,2317.2,2317.4,2317.6,34,23,20
9:17:04,2317.6,2317.6,2317.8,60,14,38
9:17:04,2317.6,2317.6,2318,59,15,9
9:17:05,2317.8,2317.8,2318,29,4,1
9:17:05,2318,2318,2318.4,63,21,36
9:17:06,2318.2,2318,2318.2,31,66,3
9:17:06,2318.6,2318.4,2318.6,43,20,5
9:17:07,2318.8,2318.8,2319,26,67,25
9:17:07,2319.2,2319.2,2319.4,48,10,27
9:17:08,2319.8,2319.6,2319.8,36,8,60
9:17:08,2319.8,2319.4,2319.8,37,51,40
9:17:09,2319.8,2319.6,2319.8,33,3,22
9:17:09,2319.4,2319.4,2319.6,21,22,1
9:17:10,2319.6,2319.4,2319.6,30,17,5
9:17:10,2319.6,2319.2,2319.4,30,6,1
9:17:11,2319.8,2319.8,2320,33,21,71
9:17:11,2319.8,2319.8,2320,18,5,72
9:17:12,2319.8,2319.2,2320,18,5,65
9:17:12,2319.4,2319.4,2319.8,33,8,30
9:17:13,2319.6,2319.4,2319.8,23,13,25
9:17:13,2319.4,2319.4,2319.8,4,10,24
9:17:14,2319.6,2319.4,2319.6,7,5,4
9:17:14,2319.8,2319.2,2319.8,14,25,14
9:17:15,2319.4,2319.2,2319.6,7,25,2
9:17:15,2319.2,2319.2,2319.4,8,34,22
9:17:16,2319.4,2319.2,2319.4,34,11,14
9:17:16,2319,2319,2319.2,17,32,24
9:17:17,2319.2,2319,2319.2,17,22,14
9:17:17,2319,2319,2319.2,5,16,19
9:17:18,2319,2319,2319.2,15,20,12
9:17:18,2319,2319,2319.2,6,28,12
9:17:19,2319.2,2319,2319.2,26,14,9
9:17:19,2319,2318.8,2319,42,4,19
9:17:20,2318.8,2318.8,2319,3,2,24
9:17:20,2319,2318.8,2319,5,21,21
9:17:21,2318.8,2318.6,2318.8,28,16,13
9:17:21,2318.8,2318.6,2318.8,2,16,20
9:17:22,2318.6,2318.6,2318.8,10,9,37
9:17:22,2318.6,2318.4,2318.6,12,4,11
9:17:23,2318.4,2318.4,2318.6,4,3,18
9:17:23,2318.4,2318.2,2318.4,7,27,17
9:17:24,2318.2,2318.2,2318.4,6,24,16
9:17:24,2318.2,2318.2,2318.4,2,22,16
9:17:25,2318.4,2318.2,2318.4,7,16,17
9:17:25,2318.2,2318,2318.2,18,27,5
9:17:26,2318.4,2318.2,2318.4,12,12,5
9:17:26,2318.2,2318.2,2318.4,12,2,5
9:17:27,2318.4,2318,2318.2,53,28,1
9:17:27,2318.2,2318.2,2318.8,19,9,19
9:17:28,2318.2,2318.4,2318.8,16,1,13
9:17:28,2318.2,2318.4,2318.8,18,1,8
9:17:29,2318.4,2318.4,2318.8,13,15,6
9:17:29,2318.4,2318.6,2319,16,17,35
9:17:30,2319,2319,2319.2,80,8,5
9:17:30,2318.8,2319,2319.4,16,15,4
9:17:31,2319.8,2319.4,2319.8,9,4,21
9:17:31,2319.6,2319.6,2319.8,31,13,9
9:17:32,2319.6,2319.6,2320,28,6,127
9:17:32,2320,2319.4,2320,13,4,126
9:17:33,2319.6,2319.2,2319.6,9,9,48
9:17:33,2319.6,2319.2,2319.4,7,10,12
9:17:34,2319.2,2319,2319.2,37,1,2
9:17:34,2319,2319,2319.2,14,9,19
9:17:35,2319,2318.8,2319,14,10,2
9:17:35,2319.2,2319,2319.4,21,3,9
9:17:36,2319.4,2318.8,2319.4,7,8,7
9:17:36,2318.8,2319,2319.4,7,5,7
9:17:37,2319.4,2319,2319.4,3,4,5
9:17:37,2318.8,2318.6,2319.4,10,1,4
9:17:38,2318.8,2318.4,2318.8,27,8,13
9:17:38,2318.4,2318.4,2318.6,12,7,3
9:17:39,2318.6,2318.4,2318.6,6,3,1
9:17:39,2319.4,2319.4,2319.6,20,59,55
9:17:40,2319.6,2319.4,2319.6,15,49,54
9:17:40,2319.4,2319.4,2319.6,21,33,50
9:17:41,2319.4,2319.4,2319.6,9,29,49
9:17:41,2319.4,2319.4,2319.6,29,7,42
9:17:42,2319.4,2319,2319.4,30,1,7
9:17:42,2319,2319,2319.2,61,12,1
9:17:43,2319.2,2319.2,2319.4,18,1,13
9:17:43,2319.2,2319.2,2319.4,4,5,14
9:17:44,2319,2319,2319.2,7,5,8
9:17:44,2319,2318.8,2319.2,19,5,1
9:17:45,2319,2318.8,2319,3,5,10
9:17:46,2318.6,2318.6,2319,8,15,12
9:17:46,2319,2318.6,2318.8,3,15,14
9:17:47,2318.6,2318.6,2318.8,9,9,15
9:17:47,2318.6,2318.4,2318.6,20,15,3
9:17:48,2318.4,2318.4,2318.6,12,7,16
9:17:48,2318.6,2318.4,2318.6,12,2,19
9:17:49,2318.6,2318.6,2318.8,43,27,3
9:17:49,2318.6,2318.6,2318.8,16,20,2
9:17:50,2319,2318.8,2319,15,57,24
9:17:50,2319,2318.8,2319,23,48,9
9:17:51,2319,2319,2319.2,13,60,26
9:17:51,2319.2,2319,2319.2,31,41,1
9:17:52,2319.2,2319.2,2319.4,3,3,33
9:17:52,2319.6,2319,2319.6,46,44,3
9:17:53,2319.6,2319.4,2319.6,12,14,5
9:17:53,2319.4,2319.4,2319.8,15,8,91
9:17:54,2319,2319,2319.6,11,30,6
9:17:54,2319.4,2319.2,2319.4,9,3,19
9:17:55,2319.4,2319.4,2319.6,39,2,4
9:17:55,2319.6,2319.2,2319.4,9,4,2
9:17:56,2319.4,2319.2,2319.4,6,3,4
9:17:56,2319.4,2319.4,2319.6,6,12,11
9:17:57,2319.4,2319.4,2319.6,20,1,7
9:17:57,2319.4,2319.2,2319.4,9,1,4
9:17:58,2319.2,2319,2319.2,4,24,1
9:17:58,2319.2,2319,2319.2,7,23,2
9:17:59,2319,2319,2319.2,10,13,8
9:17:59,2319.2,2319,2319.4,13,12,7
9:18:00,2319.6,2319,2319.6,17,19,14
9:18:00,2319.4,2319.2,2319.4,24,9,13
9:18:01,2319.6,2319.2,2319.6,14,9,21
9:18:01,2319.6,2319.2,2319.4,16,8,7
9:18:02,2319.6,2319.6,2319.8,29,1,134
9:18:02,2319.6,2319.6,2319.8,13,5,135
9:18:03,2319.6,2319,2319.6,25,19,33
9:18:03,2319,2319,2319.6,10,22,27
9:18:04,2319.2,2319.2,2319.4,11,8,1
9:18:04,2319.2,2319.2,2319.6,18,3,32
9:18:05,2319.4,2319.4,2319.6,11,1,25
9:18:05,2319.2,2319,2319.2,4,19,9
9:18:06,2319.4,2319.2,2319.4,13,8,2
9:18:06,2319.2,2319.2,2319.4,4,12,2
9:18:07,2319.2,2319.2,2319.4,7,12,3
9:18:07,2319.2,2319.2,2319.4,5,7,3
9:18:08,2319.4,2319.4,2319.6,5,3,11
9:18:08,2319.4,2319.4,2319.6,2,1,11
9:18:09,2319.4,2319.2,2319.4,6,13,8
9:18:09,2319.4,2319.4,2319.6,11,9,9
9:18:10,2319.6,2319.6,2319.8,16,5,131
9:18:10,2319.6,2319.6,2319.8,9,4,127
9:18:11,2319.6,2319.6,2319.8,18,2,116
9:18:11,2319.8,2319.6,2319.8,8,2,109
9:18:12,2319.8,2319.6,2319.8,37,2,74
9:18:12,2320,2319.8,2320,81,5,143
9:18:13,2320,2319.8,2320,64,51,86
9:18:13,2320,2319.8,2320,20,49,71
9:18:14,2320.2,2320,2320.2,84,38,16
9:18:14,2319.8,2319.8,2320,75,32,29
9:18:15,2319.8,2319.6,2319.8,77,2,17
9:18:15,2319.4,2319.4,2319.6,13,6,9
9:18:16,2319.4,2319.2,2319.4,8,2,7
9:18:16,2319.6,2319.2,2319.6,13,2,17
9:18:17,2319.2,2319,2319.4,11,34,10
9:18:17,2319.4,2319,2319.2,7,36,2
9:18:18,2319.4,2319,2319.2,22,19,3
9:18:18,2319.2,2319.2,2319.4,32,1,1
9:18:19,2319.4,2319.4,2319.8,9,6,22
9:18:19,2319.4,2319.4,2319.6,3,10,10
9:18:20,2319.6,2319.4,2319.6,12,3,2
9:18:20,2319.4,2319.2,2319.4,7,2,5
9:18:21,2319.4,2319.2,2319.4,4,1,2
9:18:21,2319.4,2319.2,2319.8,3,6,26
9:18:22,2319.6,2319,2319.2,9,16,1
9:18:22,2319.2,2319,2319.6,3,15,17
9:18:23,2319,2319,2319.2,3,13,1
9:18:23,2319,2319,2319.4,46,14,2
9:18:24,2319,2319,2319.2,12,2,8
9:18:24,2319.4,2318.8,2319,19,4,9
9:18:25,2318.6,2318.8,2319,13,1,7
9:18:25,2318.6,2318.6,2318.8,10,2,27
9:18:26,2318.6,2318.4,2318.6,7,7,5
9:18:26,2318.4,2318.4,2318.6,14,7,5
9:18:27,2318.4,2318.4,2318.8,17,2,23
9:18:27,2318.2,2318.2,2318.4,13,13,11
9:18:28,2318.2,2318.2,2318.4,10,5,13
9:18:28,2318.2,2318,2318.2,12,48,7
9:18:29,2318.2,2318,2318.2,43,6,8
9:18:29,2318,2317.8,2318,20,6,20
9:18:30,2317.6,2317.6,2317.8,20,5,1
9:18:30,2317.6,2317.4,2317.8,6,5,1
9:18:31,2317.6,2317.4,2317.6,20,7,1
9:18:31,2317.6,2316.6,2317.6,88,14,5
9:18:32,2317.4,2316.8,2317.4,14,21,18
9:18:32,2317.2,2317,2317.2,33,15,23
9:18:33,2317,2317,2317.2,29,4,35
9:18:33,2317,2316.8,2317,18,9,9
9:18:34,2316.6,2316.6,2316.8,31,9,9
9:18:34,2316.4,2316.4,2316.6,22,7,4
9:18:35,2316.2,2316.2,2316.6,14,9,4
9:18:35,2316.4,2316.2,2316.4,21,1,4
9:18:36,2316,2316,2316.4,15,18,4
9:18:36,2316.4,2316.4,2316.6,26,49,2
9:18:37,2316.6,2316.6,2316.8,14,22,6
9:18:37,2316.4,2316.8,2317,46,32,19
9:18:38,2316.8,2316.4,2316.8,83,43,1
9:18:38,2316.4,2316.4,2316.8,46,31,3
9:18:39,2316.6,2316.8,2317.6,17,2,13
9:18:39,2317,2317,2317.4,24,7,14
9:18:40,2317.4,2317,2317.4,45,1,5
9:18:40,2317,2316.8,2317,20,3,49
9:18:41,2317,2316.8,2317,37,1,30
9:18:41,2316.8,2316.6,2316.8,7,4,16
9:18:42,2316.8,2316.4,2316.8,18,17,15
9:18:42,2316.4,2316.4,2316.6,11,11,6
9:18:43,2316.8,2316.6,2316.8,16,2,24
9:18:43,2316.8,2316.6,2316.8,2,4,23
9:18:44,2317,2316.8,2317,38,3,31
9:18:44,2317,2317.2,2317.4,48,1,14
9:18:45,2317.4,2317.2,2317.4,11,1,8
9:18:45,2317.6,2317.6,2317.8,15,29,2
9:18:46,2317.8,2317.6,2317.8,15,29,3
9:18:46,2318,2317.8,2318,9,3,10
9:18:47,2318.2,2317.8,2318.2,17,3,6
9:18:47,2318.2,2317.8,2318.2,8,7,4
9:18:48,2317.6,2317.6,2317.8,17,18,3
9:18:48,2318.6,2318,2318.6,22,1,1
9:18:49,2318.6,2318.2,2318.6,17,1,3
9:18:49,2318.4,2318.2,2318.6,6,2,13
9:18:50,2318,2318,2318.4,3,4,5
9:18:50,2318.6,2318.6,2318.8,39,23,18
9:18:51,2318.8,2318.6,2318.8,2,22,17
9:18:51,2318.6,2318.6,2318.8,4,22,16
9:18:52,2318.6,2318.6,2318.8,35,9,3
9:18:52,2318.8,2318.8,2319,12,1,6
9:18:53,2318.4,2318.2,2318.4,22,3,6
9:18:53,2318.2,2318,2318.2,18,1,15
9:18:54,2318.2,2317.8,2318.2,9,4,1
9:18:54,2318.6,2317.8,2318.8,3,3,42
9:18:55,2318.6,2318.4,2318.6,4,6,30
9:18:56,2318.4,2318.2,2318.4,10,9,10
9:18:56,2318.4,2318.2,2318.4,6,4,11
9:18:57,2318.2,2318.2,2318.6,21,2,20
9:18:57,2318.4,2318.4,2318.6,4,1,18
9:18:58,2318.2,2318.2,2318.6,6,10,7
9:18:58,2318.6,2318.4,2318.6,9,6,4
9:18:59,2318.4,2318.4,2318.6,1,5,5
9:18:59,2318.6,2318.4,2318.6,6,3,1
9:19:00,2318.2,2318.2,2318.4,18,8,97
9:19:00,2317.8,2317.6,2318.2,44,8,27
9:19:01,2318,2317.6,2317.8,16,6,12
9:19:01,2317.4,2317.4,2317.6,31,2,3
9:19:02,2317.4,2317.4,2317.6,19,5,1
9:19:02,2317.4,2317.6,2317.8,3,1,4
9:19:03,2317.2,2317.2,2317.6,10,2,9
9:19:03,2317.6,2317.4,2317.6,3,1,9
9:19:04,2317.2,2317.2,2317.4,10,15,2
9:19:04,2317.4,2317.4,2317.6,3,1,7
9:19:05,2317.6,2317.4,2317.6,5,1,5
9:19:05,2317.4,2317.4,2317.6,4,13,2
9:19:06,2317.8,2317.4,2317.8,13,10,16
9:19:06,2317.8,2317.6,2318,17,1,49
9:19:07,2318,2317.6,2318,4,1,42
9:19:07,2318,2317.8,2318,11,6,32
9:19:08,2318,2318,2318.2,2,6,3
9:19:08,2318.2,2318.2,2318.4,7,5,100
9:19:09,2318.4,2318.2,2318.4,6,34,96
9:19:09,2318.2,2318.2,2318.6,53,6,10
9:19:10,2318.2,2318.4,2318.6,2,36,10
9:19:10,2318.4,2318.6,2318.8,64,1,58
9:19:11,2318.6,2318.4,2318.6,6,22,8
9:19:11,2318.4,2318.4,2318.6,10,43,1
9:19:12,2318.4,2318.4,2318.8,62,11,55
9:19:12,2318.8,2318.6,2318.8,2,1,53
9:19:13,2318.6,2318.4,2318.8,6,8,57
9:19:13,2318.8,2318.4,2318.6,5,8,11
9:19:14,2318.2,2318.2,2318.4,20,8,10
9:19:14,2318.4,2318.2,2318.6,19,11,5
9:19:15,2318.6,2318.4,2318.6,4,5,2
9:19:15,2318.6,2318.6,2318.8,3,2,64
9:19:16,2318.8,2318.6,2318.8,2,10,64
9:19:16,2318.8,2318.6,2318.8,16,6,55
9:19:17,2318.8,2318.6,2318.8,3,6,55
9:19:17,2318.8,2318.6,2318.8,20,4,40
9:19:18,2318.6,2318.6,2318.8,1,3,40
9:19:18,2318.8,2318.6,2318.8,31,1,12
9:19:19,2318.8,2318.4,2319,18,2,12
9:19:19,2318.8,2318.6,2318.8,10,13,1
9:19:20,2318.4,2318.2,2318.6,24,7,1
9:19:20,2318.6,2318.4,2318.6,6,4,3
9:19:21,2318.6,2318.6,2319,26,7,13
9:19:21,2318.6,2318.6,2318.8,7,6,2
9:19:22,2319,2319,2319.2,15,6,11
9:19:22,2319,2319,2319.2,3,4,15
9:19:23,2318.6,2318.6,2319.2,18,3,15
9:19:23,2319,2318.6,2319.2,8,5,14
9:19:24,2318.8,2318.8,2319,10,1,1
9:19:24,2318.6,2318.6,2319,2,4,3
9:19:25,2319.2,2318.6,2319,13,11,1
9:19:25,2319,2318.8,2319,14,1,3
9:19:26,2319.4,2319.2,2319.4,5,7,6
9:19:26,2319.4,2319.2,2319.4,4,6,4
9:19:27,2319.4,2319.4,2319.6,13,1,30
9:19:27,2319.2,2319.2,2319.6,9,15,29
9:19:28,2319.2,2319.2,2319.4,6,12,3
9:19:28,2319.6,2319.2,2319.6,23,11,7
9:19:29,2319.4,2319.2,2319.6,6,11,2
9:19:29,2319.6,2319.6,2319.8,4,3,41
9:19:30,2319.6,2319.6,2319.8,12,5,37
9:19:30,2319.6,2319.4,2319.6,18,1,30
9:19:31,2319.6,2319.4,2319.6,16,1,26
9:19:31,2319.2,2319,2319.2,22,7,1
9:19:32,2319.2,2319,2319.2,10,5,1
9:19:32,2319.4,2319,2319.4,10,7,15
9:19:33,2319.2,2319.2,2319.4,10,6,8
9:19:33,2319.4,2319.2,2319.4,2,6,8
9:19:34,2319.2,2319.2,2319.4,20,25,7
9:19:34,2319.4,2319.2,2319.4,8,33,7
9:19:35,2319.4,2319.2,2319.4,17,31,1
9:19:35,2319.4,2319.2,2319.6,8,31,2
9:19:36,2319.6,2319.4,2319.8,4,12,33
9:19:36,2319.6,2319.6,2319.8,2,2,33
9:19:37,2319.8,2319.6,2319.8,11,8,25
9:19:37,2319.8,2319.6,2319.8,7,8,20
9:19:38,2319.8,2319.6,2319.8,4,10,17
9:19:38,2319.8,2319.8,2320,19,12,61
9:19:39,2319.8,2319.8,2320,4,15,62
9:19:39,2319.8,2319.8,2320,23,16,45
9:19:40,2319.8,2319.6,2319.8,36,6,13
9:19:40,2319.6,2319.4,2319.6,18,12,4
9:19:41,2319.6,2319.4,2319.6,24,2,4
9:19:41,2319.4,2319.2,2319.4,53,42,15
9:19:42,2319.4,2319.2,2319.4,9,41,7
9:19:42,2319.2,2319.2,2319.6,14,35,1
9:19:43,2319.2,2319,2319.2,39,20,20
9:19:43,2319.2,2319,2319.2,35,1,11
9:19:44,2319.2,2318.6,2319,10,11,1
9:19:44,2319,2318.6,2319,19,7,7
9:19:45,2319.2,2319,2319.2,12,10,8
9:19:45,2319.2,2319,2319.2,7,9,4
9:19:46,2319.2,2319,2319.4,9,7,3
9:19:46,2319,2319.2,2319.4,8,1,3
9:19:47,2319.2,2319,2319.4,1,11,3
9:19:47,2319.4,2319,2319.4,20,15,1
9:19:48,2319.4,2319.4,2319.6,5,5,8
9:19:48,2319.4,2319.4,2319.6,1,14,11
9:19:49,2319.4,2319.4,2319.6,1,13,13
9:19:49,2319.4,2319.6,2319.8,17,4,71
9:19:50,2319.8,2319.6,2319.8,1,5,71
9:19:50,2319.6,2319.4,2319.6,65,10,15
9:19:51,2319.6,2319.4,2319.6,16,10,2
9:19:51,2319.8,2319.4,2319.8,12,8,76
9:19:52,2319.8,2319.6,2319.8,19,19,74
9:19:52,2319.6,2319.6,2319.8,2,22,80
9:19:53,2319.8,2319.6,2319.8,8,24,75
9:19:53,2319.8,2319.6,2319.8,27,23,50
9:19:54,2319.8,2319.6,2319.8,16,21,36
9:19:54,2319.6,2319.8,2320,40,7,25
9:19:55,2320,2319.8,2320,8,13,20
9:19:55,2320,2320,2320.2,24,18,6
9:19:56,2320.2,2320.2,2320.4,9,6,57
9:19:56,2320.2,2320,2320.2,8,12,11
9:19:57,2320.2,2320,2320.2,15,9,9
9:19:57,2320,2319.8,2320,21,27,3
9:19:58,2319.8,2320,2320.2,9,1,22
9:19:58,2320.2,2319.8,2320.2,34,24,2
9:19:59,2320.4,2319.8,2320.4,13,23,49
9:19:59,2320.4,2320.2,2320.4,14,1,38
9:20:00,2320.6,2320.4,2320.6,45,12,4
9:20:00,2320.8,2320.8,2321,43,3,34
9:20:01,2321.2,2321,2321.2,45,1,66
9:20:01,2321,2321,2321.2,33,12,42
9:20:02,2321,2321,2321.2,93,43,5
9:20:02,2321.2,2321.2,2321.4,37,17,1
9:20:03,2321.4,2321.4,2321.8,19,11,35
9:20:03,2321.8,2321.2,2321.8,46,48,17
9:20:04,2322,2321.8,2322,54,15,30
9:20:04,2322.2,2322.4,2322.8,63,2,35
9:20:05,2322.8,2322.8,2323,37,13,24
9:20:05,2323.4,2322.8,2323.4,69,28,14
9:20:06,2323.4,2323.2,2323.6,91,4,25
9:20:06,2323.6,2323,2323.2,53,5,15
9:20:07,2322.8,2322.2,2322.8,71,11,4
9:20:07,2322.4,2322,2322.4,144,34,13
9:20:08,2322.4,2322,2322.4,44,18,30
9:20:08,2322,2322,2322.2,50,7,1
9:20:09,2322,2321.8,2322,25,48,8
9:20:09,2322,2322,2322.2,33,15,6
9:20:10,2321.8,2321.8,2322,35,37,6
9:20:10,2321.8,2321.8,2322,18,30,15
9:20:11,2321.6,2321.4,2321.6,38,15,173
9:20:11,2321.2,2321,2321.2,74,37,1
9:20:12,2320.6,2320.6,2320.8,48,43,49
9:20:12,2320.8,2320.6,2320.8,74,10,47
9:20:13,2320.6,2320.4,2320.6,61,5,28
9:20:13,2320.4,2320.4,2320.6,47,11,18
9:20:14,2320.4,2320.2,2320.4,67,14,47
9:20:14,2320.2,2320.2,2320.4,21,5,53
9:20:15,2320,2320,2320.2,24,4,34
9:20:15,2320,2319.8,2320,29,16,12
9:20:16,2319.8,2319.8,2320,20,5,6
9:20:16,2319.8,2319.6,2319.8,18,11,3
9:20:17,2319.6,2319.4,2319.6,32,10,4
9:20:17,2319.6,2319.4,2319.8,7,8,88
9:20:18,2319.4,2319.2,2319.6,10,4,15
9:20:18,2319.4,2319,2319.2,27,19,9
9:20:19,2319,2318.8,2319,33,1,9
9:20:19,2319,2319,2319.2,33,9,11
9:20:20,2319.2,2319.2,2319.4,25,9,37
9:20:20,2319.2,2319.2,2319.4,22,28,21
9:20:21,2319.6,2319.4,2319.6,59,65,5
9:20:21,2319.6,2319.6,2319.8,53,69,48
9:20:22,2319.8,2319.6,2319.8,58,47,7
9:20:22,2320,2319.8,2320,11,17,10
9:20:23,2319.8,2319.8,2320,11,17,2
9:20:23,2320,2319.6,2320,30,10,2
9:20:24,2319.8,2319.8,2320.2,27,3,16
9:20:24,2320,2319.8,2320,8,3,8
9:20:25,2320.2,2320,2320.2,19,13,7
9:20:25,2320,2320,2320.4,13,6,13
9:20:26,2320.4,2320,2320.4,10,2,14
9:20:26,2320.4,2319.8,2320.4,12,13,5
9:20:27,2319.8,2319.8,2320,7,22,5
9:20:27,2319.8,2319.8,2320,3,20,6
9:20:28,2319.8,2319.8,2320,7,25,6
9:20:28,2320,2320,2320.2,9,7,13
9:20:29,2320,2320,2320.2,5,5,12
9:20:29,2320.2,2320,2320.2,10,3,10
9:20:30,2320,2319.8,2320,19,25,3
9:20:30,2320,2319.8,2320,4,24,1
9:20:31,2320,2319.8,2320,2,22,4
9:20:31,2319.8,2319.8,2320,6,18,4
9:20:32,2319.8,2319.4,2319.8,34,8,1
9:20:32,2319.4,2319.2,2319.4,15,16,4
9:20:33,2319.2,2319.2,2319.4,4,13,26
9:20:33,2319.2,2319,2319.2,18,20,11
9:20:34,2319.4,2319,2319.4,14,19,3
9:20:34,2319.6,2319,2319.8,28,6,15
9:20:35,2319.2,2319,2319.2,14,9,1
9:20:35,2319.2,2319.2,2319.6,4,4,13
9:20:36,2319.6,2319.2,2319.6,5,7,9
9:20:36,2319.2,2319.2,2319.6,7,3,9
9:20:37,2319.6,2319.2,2319.6,5,3,5
9:20:37,2319.6,2319.2,2319.6,1,5,5
9:20:38,2319.2,2319.2,2319.6,5,3,4
9:20:38,2319.6,2319.6,2319.8,5,1,20
9:20:39,2319.2,2319,2319.2,5,14,51
9:20:39,2319.2,2318.8,2319.2,21,17,45
9:20:40,2319.2,2318.8,2319.2,13,13,47
9:20:40,2319.2,2319,2319.2,21,1,42
9:20:41,2319,2319,2319.2,2,5,41
9:20:41,2319,2319,2319.2,11,8,42
9:20:42,2319,2319,2319.2,2,17,43
9:20:42,2319.2,2319.2,2319.4,50,4,2
9:20:43,2319.4,2319.4,2319.6,14,2,5
9:20:43,2319.6,2319.6,2319.8,8,4,45
9:20:44,2319.6,2319.6,2319.8,8,6,44
9:20:44,2319.8,2319.6,2319.8,2,5,43
9:20:45,2319.6,2319.4,2319.8,10,2,40
9:20:45,2319.8,2319.4,2319.6,12,2,1
9:20:46,2319.6,2319.4,2319.6,2,2,9
9:20:46,2319.6,2319.4,2319.6,1,6,11
9:20:47,2319.8,2319.4,2319.8,16,3,30
9:20:47,2319.4,2319.2,2319.4,5,16,22
9:20:48,2319.4,2319.2,2319.4,1,16,26
9:20:48,2319.4,2319.2,2319.4,7,13,19
9:20:49,2319.4,2319.2,2319.4,1,14,20
9:20:49,2319.4,2319.2,2319.4,12,14,11
9:20:50,2319.2,2319.2,2319.4,1,13,11
9:20:50,2319.2,2319.2,2319.4,6,7,15
9:20:51,2319.2,2319.2,2319.4,2,6,16
9:20:51,2319.2,2319.2,2319.4,1,5,17
9:20:52,2319.2,2319,2319.2,12,27,1
9:20:52,2319,2319,2319.2,2,25,12
9:20:53,2319.2,2319,2319.2,17,15,1
9:20:53,2319,2319,2319.4,10,8,11
9:20:54,2319,2319,2319.2,9,2,3
9:20:54,2319,2319.2,2319.4,5,1,9
9:20:55,2319,2318.8,2319,4,7,6
9:20:56,2319,2318.8,2319,9,3,7
9:20:56,2318.8,2318.6,2319,5,11,5
9:20:57,2319,2318.8,2319,3,1,6
9:20:57,2319,2319,2319.2,12,2,11
9:20:58,2319,2318.6,2319,2,9,2
9:20:58,2318.6,2318.6,2319,9,3,20
9:20:59,2318.6,2318.4,2318.6,3,10,8
9:20:59,2318.6,2318.2,2318.8,19,33,8
9:21:00,2318.8,2318.2,2318.8,11,32,14
9:21:00,2318.8,2318.4,2318.8,15,5,16
9:21:01,2318.2,2318.2,2318.4,8,24,1
9:21:01,2318.4,2318.2,2318.4,51,9,1
9:21:02,2318.2,2318,2318.2,33,44,24
9:21:02,2318,2318,2318.2,10,35,28
9:21:03,2318,2317.8,2318,39,7,1
9:21:03,2317.8,2317.6,2317.8,7,14,3
9:21:04,2317.8,2317.6,2317.8,9,31,25
9:21:04,2317.6,2317.6,2317.8,24,9,24
9:21:05,2317.4,2317.2,2317.4,16,11,2
9:21:05,2317.2,2317.4,2317.6,22,2,39
9:21:06,2317,2317,2317.2,36,34,4
9:21:06,2317.2,2317.2,2317.4,20,5,17
9:21:07,2317,2317,2317.2,25,14,2
9:21:07,2316.8,2316.8,2317,24,18,2
9:21:08,2316.8,2316.6,2317.2,33,6,11
9:21:08,2316.6,2316.4,2316.6,11,25,11
9:21:09,2316.6,2316.6,2316.8,30,13,7
9:21:09,2316.6,2316.6,2316.8,24,2,7
9:21:10,2317.2,2316.4,2317.2,58,21,4
9:21:10,2317.2,2317.2,2317.4,34,11,16
9:21:11,2317.6,2317.6,2317.8,44,6,39
9:21:11,2317.4,2317.4,2317.8,23,7,27
9:21:12,2317.6,2317.4,2317.6,17,12,12
9:21:12,2317.6,2317.4,2317.6,19,3,5
9:21:13,2317.6,2317.4,2317.6,4,9,2
9:21:13,2317.6,2317.6,2317.8,3,1,22
9:21:14,2317.8,2317.6,2317.8,3,2,20
9:21:14,2317.4,2317.4,2317.6,17,10,10
9:21:15,2317.6,2317.6,2317.8,16,1,9
9:21:15,2317.4,2317.6,2317.8,8,5,6
9:21:16,2317.8,2317.6,2317.8,6,5,2
9:21:16,2317.6,2317.4,2317.8,9,3,7
9:21:17,2317.4,2317.6,2317.8,8,1,10
9:21:17,2317.6,2317.2,2317.6,2,6,8
9:21:18,2317.8,2317.2,2317.8,13,7,6
9:21:18,2317.6,2317.2,2317.8,5,10,11
9:21:19,2317.4,2317.4,2317.8,11,2,17
9:21:19,2317.2,2317.2,2317.8,3,14,22
9:21:20,2317.6,2317.2,2317.4,4,16,5
9:21:20,2317.8,2317.2,2317.8,16,16,15
9:21:21,2317.8,2317.2,2317.4,6,31,2
9:21:21,2317.8,2317.4,2317.8,16,5,10
9:21:22,2317.8,2317.4,2317.8,10,3,7
9:21:22,2317.8,2317.8,2318,11,8,8
9:21:23,2318,2317.8,2318,9,8,4
9:21:23,2318,2317.8,2318,2,7,5
9:21:24,2317.8,2317.8,2318,7,1,5
9:21:24,2318,2317.8,2318,3,1,4
9:21:25,2317.8,2317.6,2318,8,1,4
9:21:25,2318,2318,2318.2,13,3,15
9:21:26,2318,2317.6,2317.8,5,6,1
9:21:26,2317.6,2317.6,2317.8,7,2,1
9:21:27,2317.6,2317.8,2318,2,1,9
9:21:27,2318,2317.8,2318,4,4,8
9:21:28,2318,2317.8,2318,4,20,6
9:21:28,2317.8,2317.8,2318.2,18,15,10
9:21:29,2318,2317.8,2318.2,25,7,9
9:21:29,2318,2317.8,2318.2,2,9,9
9:21:30,2318.2,2317.8,2318.2,1,10,9
9:21:30,2317.8,2317.6,2318,13,3,1
9:21:31,2318.2,2317.8,2318.4,7,1,7
9:21:31,2318.2,2317.6,2318.2,15,1,2
9:21:32,2318,2317.6,2318,6,1,4
9:21:32,2318,2317.8,2318.2,5,1,5
9:21:33,2318.2,2318,2318.2,9,10,4
9:21:33,2318.2,2318,2318.4,3,10,9
9:21:34,2318,2318.2,2318.4,1,1,14
9:21:34,2318.2,2318.2,2318.4,1,2,14
9:21:35,2318.4,2318.2,2318.4,4,2,11
9:21:35,2318.4,2318.2,2318.4,4,2,9
9:21:36,2318.4,2318.2,2318.4,9,3,1
9:21:37,2318.4,2318.2,2318.6,5,4,47
9:21:37,2318.2,2318.2,2318.6,14,3,40
9:21:38,2318.2,2318.2,2318.4,2,11,3
9:21:38,2318.2,2318.2,2318.4,21,6,1
9:21:39,2318,2318,2318.2,12,5,42
9:21:39,2318.2,2317.8,2318,12,12,1
9:21:40,2317.8,2317.8,2318,4,9,5
9:21:40,2318.2,2317.8,2318.2,10,9,37
9:21:41,2317.8,2317.6,2317.8,11,10,1
9:21:41,2318.2,2317.6,2318,13,2,1
9:21:42,2318.2,2317.6,2318.2,9,6,30
9:21:42,2318,2317.6,2318.2,22,3,19
9:21:43,2317.6,2317.6,2317.8,1,2,3
9:21:43,2318.2,2318,2318.2,4,4,18
9:21:44,2317.6,2317.6,2318.2,26,3,18
9:21:44,2318.2,2317.6,2318,7,2,1
9:21:45,2317.6,2318,2318.2,18,6,6
9:21:45,2318,2318,2318.2,1,6,7
9:21:46,2318.2,2318.2,2318.4,8,5,17
9:21:46,2318,2318,2318.4,11,2,17
9:21:47,2318.4,2318,2318.4,7,3,15
9:21:47,2318,2318,2318.4,2,2,14
9:21:48,2318,2317.8,2318,2,3,5
9:21:48,2318.4,2318.2,2318.4,11,1,11
9:21:49,2318.4,2318.4,2318.6,15,5,38
9:21:50,2318.4,2318.4,2318.6,7,2,35
9:21:50,2318,2318,2318.6,16,1,25
9:21:51,2318.6,2318.4,2318.6,21,1,13
9:21:51,2318.4,2318.4,2318.6,11,3,3
9:21:52,2318.6,2318.6,2318.8,4,3,7
9:21:52,2318.6,2318.6,2318.8,8,2,2
9:21:53,2318.6,2318.4,2318.6,6,12,1
9:21:53,2318.6,2318.4,2318.6,5,3,2
9:21:54,2318.6,2318.2,2318.6,6,7,1
9:21:54,2318.6,2318.2,2318.6,2,9,1
9:21:55,2318.6,2318.2,2318.8,3,10,15
9:21:55,2318.6,2318.2,2318.6,1,24,1
9:21:56,2318.4,2318.4,2318.6,2,3,2
9:21:56,2318.6,2318.6,2318.8,3,14,15
9:21:57,2318.6,2318.6,2318.8,6,12,13
9:21:58,2318.8,2318.6,2318.8,1,12,12
9:21:58,2318.8,2318.6,2318.8,5,9,11
9:21:59,2318.6,2318.4,2318.6,13,3,1
9:21:59,2318.6,2318.4,2318.6,2,5,4
9:22:00,2318.6,2318.2,2318.6,12,32,2
9:22:00,2318.6,2318.6,2318.8,9,4,11
9:22:01,2318.8,2318.4,2318.8,6,14,9
9:22:01,2318.4,2318.4,2318.6,3,39,2
9:22:02,2318.4,2318.6,2318.8,15,1,8
9:22:02,2318.6,2318.8,2319,17,1,8
9:22:03,2318.8,2318.6,2318.8,8,1,99
9:22:03,2318.6,2318.4,2318.6,5,115,20
9:22:04,2318.4,2318.4,2318.6,103,43,7
9:22:04,2318.4,2318.2,2318.4,49,34,1
9:22:05,2318.2,2318.2,2318.4,29,10,25
9:22:05,2318.2,2318,2318.2,42,10,12
9:22:06,2318,2317.8,2318,14,6,28
9:22:06,2318,2317.8,2318,6,8,27
9:22:07,2317.8,2317.8,2318,10,1,27
9:22:07,2317.8,2317.8,2318,9,11,27
9:22:08,2317.8,2317.8,2318.2,35,5,10
9:22:08,2318.2,2318.2,2318.4,15,1,1
9:22:09,2318.4,2318.4,2318.6,16,1,2
9:22:09,2318.4,2317.6,2318.4,7,11,2
9:22:10,2318.4,2318,2318.4,5,3,17
9:22:10,2318.4,2318.2,2318.4,2,1,16
9:22:11,2318.4,2318,2318.4,2,5,2
9:22:11,2318,2318,2318.4,1,4,2
9:22:12,2318.4,2318,2318.4,1,4,3
9:22:12,2318,2317.8,2318,9,3,1
9:22:13,2317.8,2317.6,2318,1,11,3
9:22:14,2317.6,2317.6,2318,2,10,3
9:22:14,2318,2317.6,2317.8,2,10,1
9:22:15,2317.8,2317.6,2317.8,5,29,1
9:22:15,2318,2317.6,2318.2,6,26,1
9:22:16,2317.6,2317.4,2317.6,55,13,3
9:22:16,2317.6,2317.4,2317.6,6,9,3
9:22:17,2317.4,2317.4,2317.6,8,5,3
9:22:17,2317.2,2317.2,2317.4,12,51,3
9:22:18,2317.4,2317.2,2317.4,24,34,1
9:22:18,2317.2,2317.2,2317.6,14,25,8
9:22:19,2317.4,2317.2,2317.4,9,34,23
9:22:19,2317.2,2317,2317.2,36,26,4
9:22:20,2316.8,2316.8,2317,56,8,3
9:22:20,2316.6,2316.6,2317,17,67,14
9:22:21,2316.8,2316.8,2317,15,6,12
9:22:21,2316.6,2316.6,2316.8,40,38,11
9:22:22,2316.8,2316.6,2316.8,20,34,27
9:22:22,2316.8,2316.6,2317,41,32,4
9:22:23,2316.6,2316.6,2316.8,12,30,10
9:22:23,2316.8,2316.6,2316.8,15,21,6
9:22:24,2316.8,2316.8,2317,14,4,3
9:22:24,2317.2,2316.8,2317.2,36,12,9
9:22:25,2316.8,2316.6,2316.8,34,22,8
9:22:25,2316.6,2316.6,2316.8,12,22,1
9:22:26,2316.8,2316.8,2317.2,12,19,4
9:22:26,2316.8,2316.8,2317.2,5,55,12
9:22:27,2317,2317,2317.4,18,2,13
9:22:27,2317.2,2317.2,2317.4,8,48,11
9:22:28,2317.4,2317.4,2317.6,15,22,12
9:22:28,2317.6,2317.6,2318,34,25,74
9:22:29,2318,2317.6,2318,1,29,75
9:22:29,2317.8,2317.6,2317.8,17,18,1
9:22:30,2317.6,2317.6,2317.8,7,12,2
9:22:30,2317.4,2317.4,2317.8,11,2,4
9:22:31,2317.6,2317.4,2317.8,7,3,10
9:22:31,2317.2,2317.2,2317.8,6,5,10
9:22:32,2317.8,2317.2,2317.8,6,8,9
9:22:33,2317.8,2317.2,2317.6,1,10,2
9:22:33,2317.2,2317.2,2317.4,5,9,10
9:22:34,2317.4,2317.2,2317.4,4,9,7
9:22:34,2317.2,2317.2,2317.4,5,2,14
9:22:35,2317.4,2317.2,2317.4,1,3,14
9:22:35,2317.2,2317,2317.4,18,1,12
9:22:36,2317.4,2317,2317.2,2,1,2
9:22:36,2317.4,2317,2317.2,13,19,1
9:22:37,2317.4,2317.2,2317.4,5,15,4
9:22:37,2317.4,2317.2,2317.4,2,15,3
9:22:38,2317.4,2317.4,2317.6,3,2,15
9:22:38,2317.4,2317.4,2317.6,1,3,15
9:22:39,2317.2,2317.2,2317.4,12,15,1
9:22:39,2317.2,2317.2,2317.4,2,13,1
9:22:40,2317.8,2317.2,2317.8,33,12,10
9:22:40,2317.4,2317.2,2317.4,2,12,3
9:22:41,2317.2,2317.4,2317.6,7,7,1
9:22:42,2317.6,2317.6,2317.8,8,3,12
9:22:42,2317.6,2317.4,2317.6,4,11,3
9:22:43,2317.4,2317.4,2317.6,2,9,4
9:22:44,2317.4,2317.4,2317.6,13,7,1
9:22:44,2317.4,2317.2,2317.4,9,15,23
9:22:45,2317.4,2317.2,2317.4,21,1,22
9:22:45,2317.2,2317,2317.2,1,21,11
9:22:46,2317.2,2317,2317.2,6,21,7
9:22:47,2317,2317,2317.2,4,18,4
9:22:47,2317,2317,2317.2,4,14,7
9:22:48,2317,2317,2317.2,1,13,7
9:22:48,2317.2,2317.2,2317.4,16,7,19
9:22:49,2317.4,2317.2,2317.4,2,8,20
9:22:49,2317.2,2317.2,2317.4,1,7,22
9:22:50,2317.4,2317.2,2317.4,2,9,20
9:22:50,2317.2,2317.2,2317.4,9,5,17
9:22:51,2317.4,2317.2,2317.4,1,7,16
9:22:51,2317.4,2317.2,2317.4,2,6,15
9:22:52,2317.2,2317.2,2317.4,2,5,14
9:22:52,2317.4,2317.2,2317.4,5,5,11
9:22:53,2317,2316.8,2317,18,51,22
9:22:53,2317,2316.8,2317,16,49,8
9:22:54,2317,2316.8,2317,2,51,6
9:22:54,2317,2317,2317.2,6,14,2
9:22:55,2317.2,2317,2317.2,1,15,2
9:22:55,2317,2317.2,2317.4,10,2,14
9:22:56,2317.4,2317.2,2317.4,3,4,13
9:22:56,2317.2,2317.2,2317.4,2,3,12
9:22:58,2317.4,2317.2,2317.4,5,5,7
9:22:58,2317.4,2317.2,2317.4,9,4,2
9:22:59,2317.2,2317.2,2317.4,1,8,2
9:22:59,2317.2,2317,2317.2,10,22,2
9:23:00,2317.2,2317.2,2317.4,3,5,1
9:23:00,2317.4,2317.2,2317.6,3,7,5
9:23:01,2317.2,2317.2,2317.4,13,2,8
9:23:01,2317.2,2317.2,2317.4,4,2,10
9:23:02,2317.4,2317.2,2317.4,4,4,7
9:23:02,2317.4,2317.2,2317.4,1,7,8
9:23:03,2317.4,2317.2,2317.4,1,9,10
9:23:03,2317.4,2317.2,2317.4,3,11,7
9:23:04,2317.2,2317.2,2317.4,1,10,7
9:23:04,2317.4,2317.4,2317.6,8,2,7
9:23:05,2317.2,2317.4,2317.6,3,1,4
9:23:05,2317.6,2317.4,2317.6,2,1,7
9:23:06,2317.6,2317.4,2317.6,5,3,2
9:23:06,2317.4,2317.4,2317.6,3,1,1
9:23:07,2317.6,2317.4,2317.8,1,1,22
9:23:07,2317.6,2317.2,2317.8,3,13,22
9:23:08,2317.2,2317.2,2317.8,7,8,22
9:23:08,2317.8,2317.4,2317.6,41,1,13
9:23:09,2317.4,2317.4,2317.6,6,3,9
9:23:09,2317.4,2317.2,2317.4,4,9,6
9:23:10,2317.6,2317.2,2317.4,12,9,2
9:23:11,2317.2,2317.2,2317.4,1,10,2
9:23:11,2317.4,2317.4,2317.6,2,1,19
9:23:12,2317.4,2317.4,2317.6,1,4,19
9:23:12,2317.6,2317.4,2317.6,1,4,18
9:23:13,2317.4,2317.4,2317.6,1,4,18
9:23:13,2317.4,2317.2,2317.4,6,10,12
9:23:14,2317.4,2317.2,2317.4,2,12,11
9:23:14,2317.4,2317.2,2317.4,8,12,7
9:23:15,2317.4,2317.2,2317.4,3,12,4
9:23:15,2317.4,2317.4,2317.6,13,3,17
9:23:16,2317.6,2317.4,2317.6,7,2,11
9:23:16,2317.2,2317.2,2317.6,5,9,11
9:23:17,2317.2,2317.2,2317.6,2,17,11
9:23:18,2317.2,2317.4,2317.6,2,2,10
9:23:18,2317.6,2317.6,2317.8,14,27,2
9:23:19,2317.8,2317.8,2318,2,14,92
9:23:19,2318,2317.8,2318,3,14,89
9:23:20,2318,2317.6,2318,15,31,84
9:23:20,2318,2317.8,2318,2,2,82
9:23:21,2317.2,2317,2317.2,68,47,32
9:23:21,2317.2,2317,2317.2,20,44,14
9:23:22,2317.2,2317.2,2317.4,14,10,1
9:23:22,2317.4,2317.2,2317.6,4,8,1
9:23:23,2317.2,2317.2,2317.4,7,7,3
9:23:23,2317.4,2317.2,2317.4,3,8,1
9:23:24,2317.2,2317.2,2317.6,4,23,24
9:23:25,2317.4,2317.2,2317.4,11,19,44
9:23:25,2317.4,2317.2,2317.4,17,3,46
9:23:26,2317.2,2317,2317.2,7,46,82
9:23:26,2317,2316.8,2317,46,65,38
9:23:27,2316.8,2316.6,2316.8,76,33,23
9:23:27,2316.6,2316.6,2316.8,18,27,17
9:23:28,2316.6,2316.6,2316.8,15,12,18
9:23:28,2316.6,2316.6,2316.8,8,13,20
9:23:29,2316.6,2316.6,2316.8,8,20,19
9:23:29,2316.8,2316.6,2316.8,14,17,16
9:23:30,2316.8,2316.6,2316.8,11,29,1
9:23:30,2316.6,2316.8,2317,2,6,13
9:23:31,2316.6,2316.8,2317,6,21,13
9:23:31,2316.6,2316.8,2317,31,3,10
9:23:32,2317,2316.8,2317.2,12,1,5
9:23:32,2316.8,2316.8,2317.2,6,1,8
9:23:33,2316.8,2316.6,2316.8,4,7,4
9:23:33,2316.8,2316.6,2316.8,1,7,3
9:23:34,2316.8,2316.6,2316.8,3,8,7
9:23:34,2316.8,2316.6,2316.8,6,26,4
9:23:35,2317,2316.8,2317,29,2,1
9:23:36,2316.8,2316.8,2317,2,1,3
9:23:36,2316.8,2316.6,2316.8,2,33,3
9:23:37,2316.8,2316.6,2317,15,21,8
9:23:37,2317,2316.8,2317,3,2,7
9:23:38,2316.8,2316.6,2316.8,15,22,76
9:23:38,2316.8,2316.6,2316.8,17,8,73
9:23:39,2316.4,2316.2,2316.4,36,44,3
9:23:39,2316.2,2316.2,2316.4,36,30,2
9:23:40,2316.6,2316.4,2316.6,12,2,7
9:23:40,2316.2,2316.2,2316.4,28,27,5
9:23:41,2316.2,2316.4,2316.6,23,7,2
9:23:41,2316.8,2316.4,2316.8,23,1,68
9:23:42,2316.6,2316.4,2316.8,2,8,68
9:23:42,2316.4,2316.4,2316.8,2,18,68
9:23:43,2316.6,2316.6,2316.8,8,4,73
9:23:43,2316.6,2316.4,2316.6,9,21,6
9:23:44,2316.6,2316.6,2316.8,8,13,119
9:23:44,2316.8,2316.6,2316.8,42,36,87
9:23:45,2316.8,2316.6,2316.8,10,33,78
9:23:45,2316.8,2316.6,2316.8,79,20,12
9:23:46,2317.2,2317,2317.4,39,15,17
9:23:46,2317.4,2317.4,2317.6,6,7,30
9:23:47,2317.4,2317,2317.4,10,26,3
9:23:47,2317,2317.2,2317.4,17,8,3
9:23:48,2317.4,2317.2,2317.6,3,12,30
9:23:48,2317.2,2317.2,2317.6,2,13,29
9:23:49,2317.2,2317.2,2317.4,1,12,2
9:23:50,2317.4,2317.4,2317.6,10,5,25
9:23:50,2317.4,2317.4,2317.6,2,3,25
9:23:51,2317.4,2317.4,2317.6,2,1,25
9:23:51,2317.6,2317.4,2317.6,13,2,14
9:23:52,2317.6,2317.4,2317.6,6,3,10
9:23:52,2317.6,2317.4,2317.6,4,12,8
9:23:53,2317.4,2317.4,2317.6,8,10,5
9:23:53,2317.4,2317.4,2317.8,11,10,13
9:23:54,2317.4,2317.4,2317.8,7,4,14
9:23:54,2317.4,2317.4,2317.8,3,5,13
9:23:55,2317.6,2317.4,2317.6,4,5,1
9:23:55,2317.6,2317.6,2317.8,2,9,13
9:23:56,2317.4,2317.2,2317.4,14,16,3
9:23:56,2317.4,2317.2,2317.4,3,16,1
9:23:57,2317.6,2317.4,2317.8,7,3,15
9:23:57,2317.8,2317.4,2317.6,1,3,1
9:23:58,2318,2317.4,2317.8,15,7,4
9:23:58,2318,2317.8,2318,5,10,86
9:23:59,2318,2317.8,2318,22,6,71
9:23:59,2317.8,2317.8,2318,1,5,71
9:24:00,2318,2317.8,2318,7,5,65
9:24:00,2318,2317.8,2318,7,6,57
9:24:01,2318,2317.8,2318,6,6,51
9:24:01,2318,2317.8,2318,12,10,45
9:24:02,2318,2317.8,2318,43,10,2
9:24:02,2318.2,2318,2318.2,3,17,11
9:24:03,2318.2,2318,2318.2,11,17,1
9:24:03,2318.4,2318.2,2318.4,22,4,4
9:24:04,2318.4,2318.2,2318.6,5,7,13
9:24:04,2318.6,2318.4,2318.6,6,1,10
9:24:05,2318.6,2318.2,2318.6,17,7,1
9:24:05,2318.6,2318.6,2318.8,2,3,16
9:24:06,2318.6,2318.6,2318.8,10,7,13
9:24:06,2318.8,2318.4,2318.8,21,4,1
9:24:07,2318.8,2318.8,2319,5,1,58
9:24:07,2319,2318.8,2319,10,7,49
9:24:08,2318.8,2318.6,2318.8,21,7,3
9:24:08,2319,2318.8,2319,29,6,25
9:24:09,2319,2318.8,2319,10,12,17
9:24:09,2318.8,2318.8,2319,26,10,12
9:24:10,2318.8,2318.4,2318.8,18,5,30
9:24:10,2318.8,2318.4,2318.6,19,8,13
9:24:11,2318.6,2318.2,2318.4,51,5,1
9:24:11,2318.8,2318.2,2318.8,11,3,11
9:24:12,2318.8,2318.2,2318.8,7,10,12
9:24:12,2318.6,2318.2,2318.8,15,12,5
9:24:13,2318.6,2318.4,2318.8,2,4,9
9:24:13,2318.4,2318.4,2318.8,3,2,9
9:24:14,2318.4,2318.4,2318.8,2,7,8
9:24:14,2318.6,2318.4,2318.6,103,3,23
9:24:15,2318.6,2317.2,2318.6,4,12,22
9:24:15,2318.6,2318.2,2318.6,31,4,20
9:24:16,2318.4,2318.2,2318.4,35,4,11
9:24:16,2318.2,2318,2318.2,8,5,19
9:24:17,2318.4,2318.2,2318.4,7,8,16
9:24:17,2318.2,2318,2318.2,11,7,1
9:24:18,2318.4,2318,2318.4,9,7,7
9:24:19,2318,2318,2318.2,1,6,1
9:24:19,2318,2318,2318.2,2,4,2
9:24:20,2318,2318,2318.2,3,1,3
9:24:20,2318,2317.4,2318,4,17,2
9:24:21,2318,2317.6,2318,3,6,2
9:24:21,2317.6,2317.8,2318,1,5,2
9:24:22,2318,2318,2318.2,20,31,7
9:24:22,2318,2318.2,2318.4,21,5,9
9:24:23,2318,2318.2,2318.4,4,28,2
9:24:23,2318.2,2318.4,2318.6,9,12,21
9:24:24,2318.2,2318.4,2318.6,3,21,21
9:24:24,2318.6,2318.4,2318.6,20,11,3
9:24:25,2318.6,2318.6,2318.8,4,2,23
9:24:25,2318.6,2318.6,2318.8,1,1,23
9:24:26,2318.6,2318.4,2318.6,4,11,6
9:24:26,2318.4,2318.4,2318.6,1,10,7
9:24:27,2318.6,2318.4,2318.6,3,10,19
9:24:27,2318.4,2318.4,2318.6,4,6,25
9:24:28,2318.4,2318.2,2318.4,7,23,18
9:24:28,2318.2,2318,2318.2,28,25,2
9:24:29,2318.2,2318,2318.2,5,25,18
9:24:29,2318,2318,2318.2,10,19,17
9:24:30,2318,2318,2318.2,2,18,16
9:24:31,2318.2,2318,2318.2,2,17,16
9:24:31,2318,2318,2318.2,2,15,16
9:24:32,2318.2,2318,2318.2,5,14,17
9:24:32,2318.2,2318,2318.2,4,12,15
9:24:33,2318.2,2318.2,2318.4,20,5,40
9:24:33,2318.4,2318.2,2318.4,2,4,39
9:24:34,2318.2,2318.2,2318.4,31,6,11
9:24:34,2318.2,2318,2318.2,23,15,42
9:24:35,2318.2,2318,2318.2,4,20,40
9:24:35,2318,2318,2318.2,6,14,110
9:24:36,2317.8,2317.8,2318,22,1,15
9:24:36,2317.6,2317.4,2317.6,11,18,31
9:24:37,2317.4,2317.4,2317.6,21,12,30
9:24:37,2317.4,2317.4,2317.6,10,3,29
9:24:38,2317.4,2317.2,2317.6,12,14,30
9:24:38,2317.6,2317.4,2317.6,5,5,29
9:24:39,2317.4,2317.2,2317.4,7,21,32
9:24:39,2317.2,2317.2,2317.4,19,3,34
9:24:40,2317,2317,2317.2,24,10,18
9:24:40,2316.8,2316.8,2317,11,12,10
9:24:41,2316.6,2316.6,2316.8,18,24,22
9:24:41,2316.6,2316.6,2316.8,6,20,24
9:24:42,2316.8,2316.6,2316.8,11,11,26
9:24:42,2316.6,2316.4,2316.8,18,18,23
9:24:43,2316.4,2316.4,2316.6,8,16,6
9:24:44,2316.4,2316.6,2316.8,25,1,10
9:24:44,2316.4,2316.4,2316.6,10,15,1
9:24:45,2316.8,2316.6,2316.8,18,8,8
9:24:45,2316.6,2316.6,2316.8,11,7,7
9:24:46,2316.8,2316.4,2316.6,21,7,2
9:24:46,2316.6,2316.8,2317,17,5,5
9:24:47,2316.8,2316.8,2317,3,4,3
9:24:47,2316.8,2316.8,2317,4,1,2
9:24:48,2316.8,2316.6,2316.8,2,9,2
9:24:48,2316.8,2316.6,2316.8,2,10,1
9:24:49,2316.6,2316.6,2316.8,6,11,2
9:24:49,2316.8,2316.6,2316.8,1,12,2
9:24:50,2316.2,2316.6,2317,26,3,6
9:24:50,2317,2316.4,2317,10,1,2
9:24:51,2316.4,2316.4,2316.6,2,3,19
9:24:51,2316.2,2316.2,2316.4,6,23,16
9:24:52,2316.2,2316.2,2316.4,45,5,9
9:24:52,2316.2,2316,2316.2,38,62,10
9:24:53,2316.2,2316,2316.2,56,13,8
9:24:53,2316,2315.8,2316,15,18,14
9:24:54,2315.6,2315.6,2315.8,60,14,6
9:24:54,2315.4,2315.4,2315.6,26,35,14
9:24:55,2315.6,2315.6,2315.8,54,6,12
9:24:55,2315.6,2315.4,2315.6,56,25,32
9:24:56,2315.4,2315.2,2315.4,66,31,7
9:24:56,2315.4,2315.4,2315.8,65,7,29
9:24:57,2315.4,2315.2,2315.4,21,35,7
9:24:57,2315.2,2315.4,2315.6,16,12,1
9:24:58,2315.6,2315.6,2315.8,37,15,30
9:24:58,2315.6,2315.6,2315.8,25,2,24
9:24:59,2315.8,2315.4,2315.8,12,23,19
9:24:59,2315.6,2315.6,2315.8,28,1,17
9:25:00,2315.6,2315.6,2315.8,12,7,15
9:25:00,2315.8,2315.8,2316,27,4,3
9:25:01,2315.6,2315.4,2315.6,27,13,52
9:25:01,2315.6,2315.4,2315.6,32,3,37
9:25:02,2315.2,2315.2,2315.4,37,24,21
9:25:02,2315,2315,2315.4,46,78,16
9:25:03,2315.2,2315,2315.2,80,22,44
9:25:03,2315,2315,2315.2,39,8,15
9:25:04,2315,2314.6,2315,34,11,3
9:25:04,2314.6,2314.4,2314.6,29,19,3
9:25:05,2314.4,2314.4,2314.8,44,23,3
9:25:05,2314.6,2314.6,2315,48,5,21
9:25:06,2314.6,2314.6,2315,31,16,18
9:25:06,2315,2314.8,2315,30,5,1
9:25:07,2315,2314.8,2315,31,8,1
9:25:07,2315,2315,2315.2,9,7,1
9:25:08,2315,2314.8,2315,20,1,4
9:25:08,2315,2314.8,2315.2,6,22,6
9:25:09,2315.2,2314.8,2315.2,8,20,2
9:25:09,2315,2315,2315.4,10,10,27
9:25:10,2315.4,2314.8,2315.4,21,18,11
9:25:10,2315,2315,2315.4,12,1,15
9:25:11,2315.4,2315.2,2315.4,10,2,6
9:25:11,2315.2,2315,2315.2,10,6,5
9:25:12,2315,2315,2315.2,3,15,9
9:25:12,2315.4,2315.4,2315.6,12,7,43
9:25:13,2315.6,2315.4,2315.6,11,8,36
9:25:13,2315.4,2315.4,2315.6,10,8,32
9:25:14,2315.6,2315.6,2315.8,34,16,5
9:25:14,2315.6,2315.6,2315.8,12,9,5
9:25:15,2315.8,2315.8,2316,19,35,8
9:25:15,2316,2315.8,2316.4,30,34,2
9:25:16,2316.4,2316,2316.4,3,30,2
9:25:16,2316.4,2316.4,2316.6,18,3,11
9:25:17,2316.4,2316,2316.4,20,15,7
9:25:17,2316.4,2316.2,2316.4,9,8,1
9:25:18,2316.6,2316.2,2316.6,10,6,18
9:25:18,2316.4,2316.4,2316.6,3,2,17
9:25:19,2316.6,2316.4,2316.6,5,3,16
9:25:19,2316.4,2316.4,2316.6,10,7,9
9:25:20,2316.4,2316.2,2316.4,12,7,5
9:25:20,2316.8,2316.6,2316.8,10,7,55
9:25:21,2316.6,2316.4,2316.8,9,2,53
9:25:21,2316.4,2316.4,2316.6,3,1,11
9:25:22,2316.6,2316.2,2316.6,16,16,19
9:25:22,2316.8,2316.6,2316.8,26,1,45
9:25:23,2316.6,2316.6,2316.8,2,7,45
9:25:23,2316.8,2316.6,2316.8,20,4,30
9:25:24,2316.8,2316.4,2316.8,20,6,28
9:25:24,2316.8,2316.6,2316.8,6,2,25
9:25:25,2316.8,2316.6,2316.8,12,17,10
9:25:25,2316.6,2316.8,2317,19,1,7
9:25:26,2316.6,2316.4,2316.6,15,10,1
9:25:26,2316.6,2316.4,2317,8,11,6
9:25:27,2317,2316.4,2316.8,11,11,9
9:25:27,2316.6,2316.6,2316.8,1,1,9
9:25:28,2316.6,2316.4,2316.6,10,9,23
9:25:28,2316.4,2316.2,2316.4,12,18,10
9:25:29,2316.4,2316,2316.4,28,6,17
9:25:29,2316,2316,2316.2,3,5,4
9:25:30,2316,2316,2316.2,5,2,4
9:25:30,2316,2315.8,2316,4,20,5
9:25:31,2316,2316,2316.4,9,5,27
9:25:31,2316.2,2316,2316.2,2,17,8
9:25:32,2316,2316,2316.2,11,13,7
9:25:32,2316.2,2316,2316.2,5,13,3
9:25:33,2316.2,2316,2316.2,2,16,2
9:25:34,2316,2315.8,2316,21,27,33
9:25:35,2316,2315.8,2316,7,27,27
9:25:35,2316,2315.8,2316,3,27,24
9:25:36,2316,2315.8,2316,22,16,14
9:25:36,2315.8,2315.6,2315.8,18,20,6
9:25:37,2315.6,2315.4,2315.6,25,10,16
9:25:38,2315.4,2315.4,2315.6,9,8,10
9:25:38,2315.6,2315,2315.6,50,18,1
9:25:39,2315.4,2315,2315.4,3,19,6
9:25:39,2315.6,2315.2,2315.8,19,5,6
9:25:40,2315.6,2315,2315.6,33,4,16
9:25:40,2315.4,2315.2,2315.4,3,1,7
9:25:41,2315.4,2315.2,2315.4,2,2,5
9:25:41,2315.2,2315.2,2315.4,12,25,1
9:25:42,2315,2314.8,2315,52,12,3
9:25:42,2315.2,2315,2315.2,16,7,5
9:25:43,2315,2315,2315.2,12,8,3
9:25:43,2315,2314.8,2315.2,14,9,5
9:25:44,2314.8,2314.8,2315,8,4,6
9:25:44,2315,2314.6,2315,9,10,8
9:25:45,2314.6,2314.4,2314.6,13,5,10
9:25:45,2314.2,2314.6,2314.8,37,2,5
9:25:46,2314.8,2314.8,2315,30,2,17
9:25:46,2314.6,2314,2314.6,32,22,5
9:25:47,2314.6,2314.2,2314.8,19,4,18
9:25:47,2314.6,2314.2,2314.6,35,22,8
9:25:48,2314.6,2314.6,2314.8,26,4,2
9:25:48,2315,2314.8,2315,6,4,21
9:25:49,2314.8,2314.8,2315,12,25,15
9:25:49,2314.8,2315,2315.2,22,10,7
9:25:50,2315,2315,2315.6,13,28,22
9:25:50,2315.6,2315.2,2315.4,24,1,2
9:25:51,2315.2,2315.2,2315.6,3,2,2
9:25:51,2315.2,2315.2,2315.6,3,7,3
9:25:52,2315.2,2315.2,2315.4,9,4,3
9:25:52,2315.4,2315.2,2315.4,1,3,2
9:25:53,2315.4,2315.2,2315.4,11,2,1
9:25:53,2315.4,2315.2,2315.4,6,1,3
9:25:54,2315.4,2315.2,2315.4,1,1,2
9:25:54,2315.2,2315.2,2315.4,3,2,11
9:25:55,2315.4,2315.2,2315.4,10,1,8
9:25:55,2315.4,2315.2,2315.4,2,1,6
9:25:56,2315.2,2315,2315.2,3,2,30
9:25:56,2315,2314.8,2315,10,5,8
9:25:57,2314.8,2314.8,2315,3,5,6
9:25:57,2315,2314.8,2315,3,5,7
9:25:58,2314.8,2314.8,2315,5,1,3
9:25:58,2315,2315,2315.2,4,1,35
9:25:59,2314.6,2314.6,2314.8,4,4,1
9:25:59,2315.2,2315,2315.2,3,1,35
9:26:00,2315.2,2315,2315.2,5,1,34
9:26:00,2315,2314.6,2315,30,4,15
9:26:01,2314.8,2314.8,2315,12,5,14
9:26:01,2315,2314.4,2315,8,17,21
9:26:02,2314.8,2314.6,2315,8,2,21
9:26:02,2314.8,2314.8,2315,20,41,16
9:26:03,2315,2314.8,2315,28,22,9
9:26:03,2315,2315,2315.2,19,61,47
9:26:04,2315.2,2315,2315.2,26,54,36
9:26:04,2315.2,2315.2,2315.4,37,1,8
9:26:05,2315.2,2315.2,2315.4,3,2,46
9:26:05,2315.2,2315,2315.2,7,24,2
9:26:06,2315,2315,2315.2,10,18,13
9:26:06,2315,2315,2315.2,9,2,30
9:26:07,2315,2314.8,2315,5,27,2
9:26:07,2315,2314.8,2315,20,9,1
9:26:08,2314.8,2314.8,2315,10,2,93
9:26:08,2314.6,2314.4,2314.8,24,24,7
9:26:09,2314.4,2314.4,2314.6,11,10,38
9:26:09,2314.4,2314.2,2314.4,20,84,54
9:26:10,2314.4,2314.2,2314.4,31,83,38
9:26:10,2314.4,2314.2,2314.4,39,46,32
9:26:11,2314.2,2314.2,2314.4,14,34,26
9:26:11,2314.4,2314.2,2314.4,6,33,21
9:26:12,2314.4,2314.2,2314.4,19,33,14
9:26:12,2314.4,2314.4,2314.6,33,12,17
9:26:13,2314.4,2314.4,2314.6,5,48,13
9:26:13,2314.6,2314.6,2314.8,20,21,3
9:26:14,2314.8,2314.8,2315,7,25,70
9:26:14,2315,2314.8,2315,4,25,66
9:26:15,2315,2314.8,2315,21,6,45
9:26:15,2315,2314.8,2315,6,2,43
9:26:16,2314.6,2314.6,2314.8,8,7,39
9:26:16,2314.6,2314.6,2314.8,10,3,33
9:26:17,2314.8,2314.4,2314.6,17,51,2
9:26:17,2314.4,2314.4,2314.6,2,50,1
9:26:18,2314.6,2314.6,2314.8,1,3,20
9:26:18,2314.8,2314.6,2314.8,7,4,15
9:26:19,2314.6,2314.4,2314.6,9,46,1
9:26:19,2314.6,2314.4,2314.6,4,46,1
9:26:20,2314.4,2314.4,2314.8,41,10,6
9:26:20,2314.4,2314.4,2314.6,8,11,6
9:26:21,2314.4,2314.2,2314.4,16,7,25
9:26:21,2314.2,2314.2,2314.4,6,4,24
9:26:22,2314,2314,2314.2,5,53,65
9:26:22,2313.8,2313.8,2314,74,31,17
9:26:23,2313.8,2313.6,2313.8,35,22,15
9:26:23,2313.6,2313.6,2313.8,22,2,17
9:26:24,2313.6,2313.6,2313.8,23,10,17
9:26:24,2313.8,2313.8,2314,44,24,21
9:26:25,2313.6,2313.2,2313.6,35,28,20
9:26:25,2313.6,2313.2,2313.6,22,18,18
9:26:26,2313.6,2313.2,2313.4,15,24,2
9:26:26,2313.4,2313.4,2313.6,56,19,3
9:26:27,2313.6,2313.6,2313.8,14,19,15
9:26:27,2313.6,2313.6,2313.8,11,10,11
9:26:28,2313.6,2313.6,2313.8,4,8,9
9:26:28,2313.6,2313.6,2313.8,17,1,9
9:26:29,2313.8,2313.4,2313.8,9,12,3
9:26:29,2313.4,2313.4,2313.6,8,7,20
9:26:30,2313.6,2313.2,2313.6,10,10,26
9:26:30,2313.6,2313,2313.4,34,60,6
9:26:31,2313.6,2313.4,2313.6,32,3,10
9:26:31,2313,2313.2,2313.4,20,5,9
9:26:32,2313.2,2313.2,2313.4,58,4,8
9:26:32,2313.2,2312.8,2313,19,11,4
9:26:33,2312.6,2312.4,2312.6,44,16,13
9:26:33,2312.8,2312.2,2312.4,49,13,11
9:26:34,2312.2,2312,2312.2,19,21,34
9:26:34,2312,2312,2312.4,65,4,8
9:26:35,2312.4,2311.8,2312,28,19,1
9:26:35,2312,2312.2,2312.4,36,1,11
9:26:36,2312.4,2312.4,2312.6,22,2,2
9:26:36,2312.4,2312.4,2312.8,20,21,8
9:26:37,2312.6,2312.6,2312.8,16,3,3
9:26:37,2312.6,2312.6,2313,24,8,7
9:26:38,2312.8,2312.4,2312.6,24,29,2
9:26:38,2313,2313,2313.2,25,1,7
9:26:39,2312.6,2312.6,2313.2,18,3,14
9:26:39,2313,2312.6,2313,12,9,13
9:26:40,2313,2312.6,2312.8,12,7,7
9:26:40,2312.8,2312.6,2312.8,8,6,4
9:26:41,2312.6,2312.4,2312.6,10,20,1
9:26:41,2312.6,2312.6,2312.8,1,15,7
9:26:42,2313,2312.6,2312.8,16,12,1
9:26:42,2312.6,2312.6,2312.8,13,6,8
9:26:43,2312.6,2312.6,2313,17,11,5
9:26:43,2312.6,2313,2313.2,28,1,18
9:26:44,2312.6,2312.4,2312.6,19,48,38
9:26:44,2312.6,2312.4,2312.6,20,39,36
9:26:45,2312.6,2312.4,2312.6,25,37,15
9:26:45,2312.4,2312.4,2312.6,7,36,10
9:26:46,2312.6,2312.6,2313,35,19,15
9:26:46,2313,2312.6,2313,9,23,7
9:26:47,2312.6,2312.8,2313,7,3,5
9:26:47,2312.8,2312.8,2313,3,5,8
9:26:48,2312.8,2312.8,2313,3,3,9
9:26:48,2313,2313,2313.2,13,3,20
9:26:49,2312.6,2312.6,2313.2,21,20,22
9:26:49,2313,2312.6,2313.2,3,22,21
9:26:50,2313.2,2312.8,2313,16,13,3
9:26:50,2313,2312.8,2313,10,10,1
9:26:51,2313.2,2312.6,2313.2,44,19,5
9:26:51,2313,2312.8,2313,3,3,9
9:26:52,2313,2312.6,2312.8,12,20,15
9:26:52,2313,2312.6,2312.8,3,22,12
9:26:53,2312.8,2312.6,2312.8,12,23,1
9:26:53,2312.6,2312.4,2312.6,30,22,32
9:26:54,2312.4,2312.4,2312.6,4,21,30
9:26:54,2312.2,2312.2,2312.4,31,29,28
9:26:55,2312.2,2312.2,2312.4,8,23,26
9:26:55,2312.4,2312.2,2312.4,19,5,28
9:26:56,2312.2,2312,2312.2,18,27,1
9:26:56,2312.2,2312,2312.2,25,7,1
9:26:57,2312.2,2312.2,2312.4,6,30,26
9:26:57,2312.2,2312.2,2312.4,31,10,20
9:26:58,2312.2,2312.2,2312.4,15,15,14
9:26:58,2312.2,2312,2312.2,28,39,2
9:26:59,2312.2,2312.2,2312.4,8,22,9
9:26:59,2312.2,2312.2,2312.4,18,36,8
9:27:00,2312.4,2312.4,2312.6,12,28,60
9:27:00,2312.4,2312.4,2312.6,67,12,37
9:27:01,2312.2,2312.4,2312.6,45,1,6
9:27:01,2312.6,2312.2,2312.8,38,7,7
9:27:02,2312.2,2312.4,2312.8,22,1,18
9:27:02,2312.2,2312.4,2312.6,11,8,15
9:27:03,2312.6,2312.4,2312.6,13,6,7
9:27:03,2312.2,2312.2,2312.4,17,9,2
9:27:04,2312.2,2312.2,2312.4,7,43,5
9:27:04,2312.2,2312.2,2312.4,7,38,7
9:27:05,2312.6,2312.4,2312.6,27,9,5
9:27:05,2312.6,2312.4,2312.6,23,3,3
9:27:06,2312.6,2312.4,2312.6,8,16,3
9:27:06,2312.6,2312.6,2312.8,6,18,2
9:27:07,2312.6,2312.8,2313,36,5,11
9:27:07,2312.8,2312.8,2313,9,4,5
9:27:08,2313,2313,2313.2,8,22,10
9:27:08,2313,2313,2313.2,14,14,4
9:27:09,2313.2,2313.2,2313.4,27,3,9
9:27:09,2313.4,2313.2,2313.4,10,4,3
9:27:10,2313.2,2313.2,2313.4,2,5,18
9:27:10,2313,2313,2313.2,32,5,9
9:27:11,2313.4,2313,2313.2,11,4,2
9:27:11,2313,2312.8,2313,16,8,10
9:27:12,2313,2312.8,2313,9,8,2
9:27:12,2313,2312.8,2313,20,3,1
9:27:13,2313,2312.8,2313.2,7,2,21
9:27:13,2312.6,2312.6,2313.2,8,18,21
9:27:14,2313,2312.6,2313,5,14,24
9:27:14,2312.6,2312.6,2313,29,12,15
9:27:15,2312.8,2312.6,2312.8,10,7,7
9:27:15,2312.8,2312.4,2312.8,24,26,3
9:27:16,2312.4,2312.4,2312.8,8,24,1
9:27:16,2312.4,2312.4,2312.8,6,20,4
9:27:17,2312.4,2312.2,2312.4,30,67,7
9:27:17,2312.2,2312.2,2312.4,13,57,5
9:27:18,2312.4,2312.2,2312.4,10,50,3
9:27:18,2312.2,2312.2,2312.6,15,46,1
9:27:19,2312.2,2312.2,2312.6,7,44,5
9:27:19,2312.4,2312.4,2312.6,4,1,29
9:27:20,2312.4,2312.2,2312.4,19,40,12
9:27:20,2312.2,2312.2,2312.4,31,12,40
9:27:21,2312.2,2312,2312.2,50,62,55
9:27:21,2312,2312,2312.2,72,12,23
9:27:22,2312,2311.8,2312,18,11,27
9:27:22,2311.8,2311.8,2312,19,22,35
9:27:23,2311.8,2311.8,2312,19,14,37
9:27:23,2311.6,2311.6,2311.8,57,7,2
9:27:24,2311.4,2311.4,2311.8,19,15,44
9:27:24,2311.6,2311.6,2311.8,19,4,51
9:27:25,2311.4,2311.4,2311.6,18,68,3
9:27:25,2311.6,2311.4,2311.8,15,64,52
9:27:26,2311.4,2311.6,2311.8,38,1,51
9:27:26,2311.6,2311.4,2311.6,23,32,3
9:27:27,2311.6,2311.4,2311.6,15,25,32
9:27:27,2311.4,2311.4,2311.6,27,4,30
9:27:28,2311.4,2311.2,2311.4,9,38,14
9:27:28,2311.4,2311.2,2311.4,9,32,22
9:27:29,2311.2,2311.2,2311.4,16,27,13
9:27:29,2311.4,2311.4,2311.6,24,1,32
9:27:30,2311.2,2311.2,2311.4,5,31,3
9:27:30,2311.4,2311.4,2311.6,12,42,33
9:27:31,2311.6,2311.6,2311.8,46,2,46
9:27:31,2311.6,2311.6,2311.8,45,33,5
9:27:32,2311.8,2311.8,2312,18,24,13
9:27:32,2312,2311.8,2312,22,18,7
9:27:33,2312,2312,2312.2,10,15,4
9:27:33,2312,2312,2312.2,3,12,8
9:27:34,2312,2312,2312.2,6,13,7
9:27:34,2312,2312,2312.2,7,8,10
9:27:35,2312.2,2312,2312.2,10,7,1
9:27:35,2312.2,2312,2312.4,3,7,10
9:27:36,2312.2,2312.2,2312.4,5,2,6
9:27:37,2312.2,2312.2,2312.4,6,3,5
9:27:37,2312.4,2312,2312.4,9,19,4
9:27:38,2312.2,2312.2,2312.6,7,4,15
9:27:38,2312.6,2312.4,2312.6,2,3,14
9:27:39,2312.6,2312.4,2312.6,4,4,10
9:27:40,2312.6,2312.4,2312.6,10,4,5
9:27:40,2312.6,2312.4,2312.6,3,6,2
9:27:41,2312.4,2312.2,2312.6,22,3,30
9:27:41,2312.4,2312.2,2312.4,4,3,4
9:27:42,2312.4,2312.2,2312.4,2,3,2
9:27:42,2312.4,2312.2,2312.4,1,3,1
9:27:43,2312.2,2312.2,2312.6,2,5,33
9:27:43,2312.6,2312.2,2312.6,2,5,25
9:27:44,2312.4,2312.2,2312.4,4,6,4
9:27:44,2312.4,2312.2,2312.4,2,6,3
9:27:45,2312.6,2312.2,2312.6,5,17,56
9:27:45,2312.4,2312.2,2312.6,5,10,52
9:27:46,2312.6,2312.4,2312.6,14,4,41
9:27:46,2312.4,2312.4,2312.6,3,3,43
9:27:47,2312.6,2312.4,2312.6,6,4,37
9:27:47,2312.4,2312.2,2312.4,6,13,16
9:27:48,2312.4,2312.2,2312.4,3,17,13
9:27:49,2312.4,2312.2,2312.4,3,20,10
9:27:49,2312.4,2312.2,2312.4,9,22,2
9:27:50,2312.4,2312.2,2312.4,2,26,21
9:27:50,2312.2,2312.2,2312.4,8,23,18
9:27:51,2312.4,2312.4,2312.6,20,2,36
9:27:51,2312.4,2312.4,2312.6,5,4,37
9:27:52,2312.2,2312.2,2312.6,10,19,33
9:27:52,2312.4,2312.4,2312.6,1,9,32
9:27:53,2312.6,2312.2,2312.6,13,17,30
9:27:53,2312.4,2312.2,2312.4,3,17,2
9:27:54,2312.4,2312.4,2312.6,4,3,29
9:27:54,2312.6,2312.4,2312.6,13,10,21
9:27:55,2312.6,2312.4,2312.6,2,15,19
9:27:55,2312.6,2312.4,2312.6,10,15,15
9:27:56,2312.4,2312.4,2312.6,14,13,3
9:27:56,2312.6,2312.6,2312.8,5,7,35
9:27:57,2312.6,2312.6,2312.8,5,2,42
9:27:57,2312.6,2312.4,2312.6,3,3,2
9:27:58,2312.8,2312.6,2312.8,15,3,30
9:27:58,2312.6,2312.6,2312.8,7,11,70
9:27:59,2312.8,2312.6,2312.8,15,7,62
9:27:59,2312.8,2312.6,2312.8,3,7,59
9:28:00,2312.4,2312.4,2312.8,28,9,43
9:28:00,2312.4,2312.4,2312.8,21,8,25
9:28:01,2312.4,2312.4,2312.8,10,5,22
9:28:01,2312.6,2312.6,2312.8,23,18,3
9:28:02,2313,2312.6,2313,26,14,24
9:28:02,2312.8,2312.6,2313,23,3,17
9:28:03,2312.8,2312.8,2313,10,2,20
9:28:03,2312.8,2312.6,2312.8,7,4,11
9:28:04,2312.8,2312.6,2312.8,19,10,7
9:28:04,2312.8,2312.6,2312.8,4,3,16
9:28:05,2312.6,2312.4,2312.6,22,11,1
9:28:05,2312.8,2312.6,2313,8,4,13
9:28:06,2312.6,2312.6,2312.8,9,15,1
9:28:06,2313,2313,2313.2,14,1,9
9:28:07,2313.2,2312.8,2313.2,3,10,9
9:28:07,2313,2313,2313.2,2,4,8
9:28:08,2313.2,2313.2,2313.4,19,7,12
9:28:08,2313.2,2313,2313.2,11,3,2
9:28:09,2313.4,2313.2,2313.4,7,20,7
9:28:09,2313.2,2313,2313.4,25,3,5
9:28:10,2313.2,2313.2,2313.6,22,3,2
9:28:10,2313.4,2313.2,2313.4,18,3,14
9:28:11,2313.2,2313,2313.2,20,16,5
9:28:11,2313.2,2313.2,2313.4,12,1,11
9:28:12,2313.2,2313,2313.2,9,17,1
9:28:12,2313.8,2313.4,2313.8,18,9,52
9:28:13,2313.8,2313.4,2313.6,2,10,10
9:28:13,2313.4,2313.6,2313.8,20,1,51
9:28:14,2313.8,2313.6,2313.8,20,4,46
9:28:14,2313.8,2313.6,2313.8,11,5,35
9:28:15,2313.8,2313.4,2313.8,20,8,20
9:28:15,2314,2313.8,2314,22,10,7
9:28:16,2314,2314,2314.2,11,19,11
9:28:16,2314,2314,2314.2,16,27,4
9:28:17,2314.2,2314.2,2314.4,13,12,11
9:28:17,2314.4,2314.2,2314.4,3,19,9
9:28:18,2314.2,2314.2,2314.6,18,5,2
9:28:18,2314.8,2314.6,2314.8,16,14,7
9:28:19,2314.6,2314.6,2314.8,20,24,12
9:28:19,2314.8,2314.6,2314.8,44,1,2
9:28:20,2314.6,2314.4,2314.6,26,8,3
9:28:20,2314.2,2314.2,2314.4,52,7,4
9:28:21,2314.6,2314.6,2314.8,17,2,10
9:28:21,2314.6,2314.4,2314.6,16,2,3
9:28:22,2314.8,2314.2,2314.4,19,18,2
9:28:22,2314.4,2314.4,2314.6,5,3,8
9:28:23,2314.6,2314.2,2314.6,7,18,8
9:28:23,2314.6,2314.4,2314.6,3,1,5
9:28:24,2314.6,2314.2,2314.6,14,12,10
9:28:24,2314.4,2314.2,2314.4,10,11,3
9:28:25,2314.4,2314,2314.4,20,14,2
9:28:25,2314.6,2314,2314.6,4,18,7
9:28:26,2314.4,2314,2314.4,3,18,4
9:28:26,2314.4,2314.2,2314.6,13,3,7
9:28:27,2314.2,2314,2314.2,5,18,20
9:28:27,2314,2314,2314.2,12,8,21
9:28:28,2314,2313.8,2314,16,13,40
9:28:28,2313.6,2313.6,2313.8,18,1,1
9:28:29,2313.4,2313.2,2313.4,12,112,5
9:28:29,2313.4,2313.4,2313.6,5,10,3
9:28:30,2313.8,2313.6,2313.8,7,20,2
9:28:30,2313.6,2313.6,2313.8,3,20,2
9:28:31,2313.8,2313.8,2314,2,4,38
9:28:32,2313.8,2313.6,2314,5,19,38
9:28:32,2313.8,2313.6,2314,4,19,39
9:28:33,2313.8,2313.6,2314,18,13,38
9:28:33,2313.6,2313.6,2314,2,13,39
9:28:34,2313.6,2313.6,2314,1,13,39
9:28:35,2313.6,2313.6,2314,5,12,38
9:28:35,2314,2313.6,2314,3,11,36
9:28:36,2314,2313.6,2314,10,5,35
9:28:36,2313.8,2313.8,2314,6,4,34
9:28:37,2313.8,2313.6,2313.8,18,16,20
9:28:37,2313.8,2313.6,2313.8,9,12,17
9:28:38,2313.6,2313.6,2313.8,7,12,20
9:28:38,2313.8,2313.6,2313.8,2,13,18
9:28:39,2313.6,2313.6,2313.8,2,14,17
9:28:39,2313.8,2313.6,2313.8,7,14,17
9:28:40,2313.8,2313.6,2313.8,4,13,14
9:28:40,2313.8,2313.6,2313.8,5,12,10
9:28:41,2313.6,2313.6,2313.8,6,12,6
9:28:42,2313.6,2313.6,2313.8,6,9,10
9:28:43,2313.6,2313.4,2313.6,22,4,40
9:28:43,2313.4,2313.4,2313.6,8,3,42
9:28:44,2313.6,2313.2,2313.6,7,126,40
9:28:44,2313.6,2313.2,2313.4,4,126,2
9:28:45,2313.4,2313.4,2313.6,9,1,38
9:28:45,2313.6,2313.2,2313.6,4,118,36
9:28:46,2313.6,2313.2,2313.6,32,91,34
9:28:46,2313.2,2313.2,2313.6,3,89,32
9:28:47,2313.2,2313.2,2313.4,36,56,2
9:28:47,2313.2,2313.2,2313.4,14,44,2
9:28:48,2313.2,2313.2,2313.4,7,41,18
9:28:48,2313.2,2313,2313.2,45,15,20
9:28:49,2313,2313,2313.2,14,10,19
9:28:49,2312.2,2312.2,2313,53,8,13
9:28:50,2312.2,2312.2,2312.8,4,8,47
9:28:50,2312.2,2312.4,2312.6,17,3,18
9:28:51,2312.4,2312,2312.4,12,100,3
9:28:51,2312.6,2312.6,2313,41,1,6
9:28:52,2312.6,2312.6,2313.2,16,4,7
9:28:52,2313,2313,2313.2,10,1,10
9:28:53,2312.6,2312.4,2312.6,4,8,2
9:28:53,2313,2312.4,2313,13,9,4
9:28:54,2313,2312.4,2313,5,8,2
9:28:54,2313,2313,2313.2,20,3,19
9:28:55,2313.2,2312.6,2313,8,1,2
9:28:55,2312.6,2312.4,2313,3,9,4
9:28:56,2313,2313,2313.2,5,1,17
9:28:56,2312.4,2312.4,2312.6,6,11,15
9:28:57,2312.6,2312.4,2312.6,11,26,4
9:28:57,2312.6,2312.4,2312.6,2,26,3
9:28:58,2312.6,2312.8,2313,3,1,64
9:28:58,2313,2312.6,2313,7,12,62
9:28:59,2313,2312.6,2312.8,2,11,9
9:28:59,2312.6,2312.6,2312.8,6,14,10
9:29:00,2312.8,2312.6,2312.8,6,9,9
9:29:00,2312.6,2312.6,2312.8,12,1,35
9:29:01,2312.4,2312.4,2312.6,8,24,8
9:29:01,2312.4,2312.4,2312.6,12,17,14
9:29:02,2312.4,2312.4,2312.6,16,6,11
9:29:02,2312.4,2312.2,2312.4,8,13,4
9:29:03,2312.2,2312.2,2312.4,8,13,4
9:29:03,2312.6,2312.2,2312.6,6,15,11
9:29:04,2312.4,2312.4,2312.6,8,23,2
9:29:04,2312.6,2312.6,2312.8,8,6,28
9:29:05,2312.6,2312.6,2312.8,8,48,25
9:29:05,2312.6,2312.6,2312.8,14,21,13
9:29:06,2312.6,2312.6,2312.8,19,14,20
9:29:06,2312.6,2312.8,2313,47,15,30
9:29:07,2312.8,2312.8,2313,3,14,30
9:29:07,2312.8,2312.8,2313,12,5,29
9:29:08,2313,2312.8,2313,5,4,25
9:29:09,2313,2312.8,2313,2,4,23
9:29:09,2312.8,2312.8,2313,3,2,26
9:29:10,2312.8,2312.6,2312.8,10,18,14
9:29:10,2312.8,2312.6,2312.8,7,18,7
9:29:11,2312.8,2312.6,2312.8,6,18,3
9:29:11,2312.8,2312.6,2312.8,1,18,3
9:29:12,2312.8,2312.8,2313,25,1,21
9:29:12,2313,2312.8,2313,3,1,18
9:29:13,2313,2312.6,2313,15,3,9
9:29:14,2313,2312.8,2313,7,3,2
9:29:14,2313,2312.8,2313.2,6,5,8
9:29:15,2312.6,2312.6,2312.8,8,1,4
9:29:15,2312.8,2312.6,2312.8,3,1,1
9:29:16,2312.8,2312.6,2313,2,1,10
9:29:16,2313,2312.6,2313,8,2,9
9:29:17,2312.8,2312.6,2312.8,4,2,1
9:29:18,2312.8,2312.6,2312.8,1,2,6
9:29:18,2312.8,2312.8,2313,7,1,29
9:29:19,2313,2312.8,2313,2,2,29
9:29:19,2312.4,2312.4,2312.8,22,17,6
9:29:20,2313,2312.4,2313,10,17,26
9:29:20,2312.8,2312.4,2312.8,1,17,1
9:29:21,2312.6,2312.4,2312.6,12,6,2
9:29:21,2312.2,2312.2,2312.6,21,11,11
9:29:22,2312.4,2312.2,2312.6,2,10,11
9:29:22,2312.2,2312.2,2312.4,2,9,24
9:29:23,2312.2,2312.2,2312.4,6,5,25
9:29:23,2312,2312,2312.2,27,92,5
9:29:24,2312,2312,2312.2,16,78,6
9:29:24,2312,2312,2312.2,8,72,6
9:29:25,2312,2312,2312.2,6,67,5
9:29:25,2312,2312,2312.2,37,30,3
9:29:26,2312,2312,2312.2,14,17,2
9:29:26,2312.2,2311.8,2312,36,23,1
9:29:27,2311.8,2311.8,2312,6,20,6
9:29:27,2311.8,2311.8,2312,14,10,2
9:29:28,2311.8,2311.6,2311.8,10,13,1
9:29:28,2312.2,2311.8,2312.4,14,27,7
9:29:29,2312.4,2312,2312.4,4,3,6
9:29:29,2312,2312,2312.4,3,4,5
9:29:30,2312,2312,2312.4,6,14,2
9:29:30,2312,2312,2312.4,8,9,4
9:29:31,2312,2312,2312.4,5,5,4
9:29:31,2312.6,2312.4,2312.6,5,1,1
9:29:32,2312,2312,2312.4,14,5,1
9:29:32,2312.2,2312,2312.4,1,6,1
9:29:33,2312,2312,2313,3,10,15
9:29:33,2312,2312.2,2312.6,2,12,8
9:29:34,2312.4,2312.4,2312.6,5,5,6
9:29:34,2312.6,2312.4,2312.6,3,4,2
9:29:35,2312.4,2312.4,2312.6,12,1,4
9:29:36,2312.6,2312.4,2312.6,2,4,2
9:29:36,2312.6,2312.4,2312.8,4,2,2
9:29:37,2312.8,2312.6,2312.8,8,5,2
9:29:38,2312.8,2312.8,2313,11,4,16
9:29:38,2313,2312.6,2313,19,23,1
9:29:39,2313,2313,2313.2,1,9,6
9:29:39,2313,2313.2,2313.4,8,1,5
9:29:40,2313.4,2313.2,2313.4,3,1,3
9:29:40,2313.4,2313.2,2313.6,4,5,15
9:29:41,2313.4,2313.4,2313.6,10,1,10
9:29:41,2313.6,2313.2,2313.6,7,6,3
9:29:42,2313.6,2313.6,2313.8,4,1,58
9:29:42,2313.8,2313.6,2313.8,9,16,71
9:29:43,2313.8,2313.6,2313.8,14,18,58
9:29:43,2313.8,2313.6,2313.8,16,15,45
9:29:44,2313.6,2313.6,2313.8,36,12,12
9:29:44,2313.8,2313.8,2314,12,45,24
9:29:45,2314,2313.8,2314,19,48,7
9:29:45,2314,2314,2314.2,13,63,6
9:29:46,2314.2,2314.2,2314.6,8,17,15
9:29:46,2314.4,2314.4,2314.6,5,14,18
9:29:47,2314.4,2314.4,2314.6,13,5,13
9:29:47,2314.6,2314.4,2314.6,4,6,10
9:29:48,2314.6,2314.6,2314.8,21,6,66
9:29:48,2314.6,2314.6,2314.8,10,8,60
9:29:49,2314.8,2314.6,2314.8,12,7,58
9:29:49,2314.6,2314.6,2314.8,6,5,55
9:29:50,2314.8,2314.6,2314.8,8,2,50
9:29:50,2314.8,2314.6,2314.8,20,3,40
9:29:51,2314.6,2314.2,2314.6,17,10,3
9:29:51,2314.6,2314.6,2314.8,15,1,40
9:29:52,2314.6,2314.2,2314.6,13,8,15
9:29:53,2314.4,2314.4,2314.6,16,1,13
9:29:53,2314.6,2314.2,2314.6,5,2,20
9:29:54,2314.4,2314,2314.4,6,17,5
9:29:54,2314.6,2314.2,2314.6,8,5,20
9:29:55,2314.6,2314.2,2314.6,7,5,18
9:29:55,2314.4,2314.4,2314.6,4,1,23
9:29:56,2314.4,2314,2314.2,17,13,3
9:29:57,2314.4,2314,2314.4,13,7,2
9:29:57,2314.4,2314.2,2314.4,10,1,14
9:29:58,2314.4,2314,2314.2,6,5,7
9:29:58,2314.2,2314,2314.2,9,3,10
9:29:59,2314,2313.8,2314,14,13,1
9:29:59,2314.2,2313.8,2314,5,20,2
9:30:00,2314.4,2313.8,2314,7,17,5
9:30:00,2314,2314,2314.4,40,30,12
9:30:01,2314.6,2314.2,2314.6,24,20,49
9:30:01,2314.6,2314.4,2314.6,23,23,29
9:30:02,2314.8,2314.6,2314.8,57,9,41
9:30:02,2314.8,2314.8,2315,47,25,26
9:30:03,2315.2,2315.2,2315.4,34,9,10
9:30:03,2315.4,2315.2,2315.4,36,3,60
9:30:04,2315.2,2315,2315.2,82,32,1
9:30:04,2315.4,2315.4,2315.6,99,12,6
9:30:05,2315.6,2315.2,2315.6,36,38,8
9:30:05,2316,2315.8,2316,42,12,6
9:30:06,2316.2,2316,2316.2,45,28,3
9:30:06,2316.2,2316.2,2316.6,49,49,54
9:30:07,2316.4,2316.4,2316.6,26,11,47
9:30:07,2316.4,2316.2,2316.4,52,67,22
9:30:08,2316.4,2316.4,2316.8,102,5,33
9:30:08,2316.4,2316.2,2316.8,80,3,30
9:30:09,2316.2,2316.2,2316.8,29,25,20
9:30:09,2316.6,2316.2,2316.6,16,25,61
9:30:10,2316.4,2316.2,2316.4,35,1,7
9:30:10,2316.2,2315.8,2316.2,32,1,49
9:30:11,2315.8,2315.6,2315.8,15,25,3
9:30:11,2316,2315.8,2316,62,8,16
9:30:12,2316,2315.8,2316,20,3,47
9:30:12,2316,2315.8,2316,13,9,46
9:30:13,2315.8,2315.4,2315.8,22,4,4
9:30:13,2315.8,2315.4,2315.8,27,11,11
9:30:14,2315.4,2315.4,2315.8,13,33,9
9:30:14,2315.6,2315.6,2315.8,14,2,10
9:30:15,2315.6,2315.6,2315.8,36,6,9
9:30:15,2315.6,2315.2,2315.6,9,1,9
9:30:16,2315.2,2315,2315.2,9,7,16
9:30:16,2315,2315,2315.2,10,4,12
9:30:17,2315,2314.8,2315,19,4,107
9:30:17,2314.6,2314.6,2314.8,12,10,19
9:30:18,2314.4,2314.4,2314.8,18,20,19
9:30:18,2314.6,2314.6,2314.8,12,6,23
9:30:19,2314.6,2314.4,2314.6,17,5,103
9:30:19,2314.4,2314.4,2314.6,4,1,110
9:30:20,2314.2,2314,2314.4,23,15,72
9:30:20,2314,2313.8,2314,17,4,39
9:30:21,2313.2,2313.2,2313.8,21,4,17
9:30:21,2313.2,2313,2313.2,18,6,1
9:30:22,2313.2,2313.2,2313.8,16,4,11
9:30:22,2313.8,2313.4,2313.8,21,14,4
9:30:23,2313.8,2313.6,2313.8,26,4,2
9:30:23,2313.8,2313.6,2313.8,6,3,1
9:30:24,2314,2313.8,2314,7,4,12
9:30:24,2313.8,2314,2314.4,29,9,4
9:30:25,2314,2314,2314.4,10,1,5
9:30:25,2314.4,2314,2314.4,12,1,2
9:30:26,2314,2313.4,2314,9,4,32
9:30:26,2314,2313.4,2313.8,1,6,2
9:30:27,2313.6,2313.6,2314,8,1,35
9:30:27,2313.2,2313.2,2314,12,6,34
9:30:28,2313.2,2313,2313.6,11,1,2
9:30:28,2314,2314,2314.2,66,11,2
9:30:29,2313,2313,2314,32,13,6
9:30:29,2313.6,2313.2,2313.6,10,13,4
9:30:30,2313.2,2313.4,2313.8,11,1,14
9:30:30,2313.6,2313.2,2313.6,5,7,1
9:30:31,2313,2312.8,2313,16,3,13
9:30:31,2312.8,2312.4,2312.8,25,2,6
9:30:32,2312.4,2312.2,2312.8,6,10,3
9:30:32,2312.4,2312,2312.8,42,48,18
9:30:33,2312.2,2312,2312.2,26,28,2
9:30:33,2312.2,2312.2,2312.4,23,14,5
9:30:34,2312.2,2312.2,2312.6,46,3,9
9:30:34,2312,2311.8,2312,10,5,5
9:30:35,2311.6,2311.6,2311.8,15,20,3
9:30:35,2312.2,2312,2312.2,41,7,25
9:30:36,2312,2312,2312.2,20,5,20
9:30:36,2311.8,2311.4,2311.8,13,75,6
9:30:37,2312,2312,2312.2,18,13,18
9:30:37,2312.2,2312.2,2312.6,35,8,1
9:30:38,2312,2311.6,2312.8,37,41,47
9:30:38,2312.4,2312,2312.6,30,9,21
9:30:39,2312.6,2312.4,2312.6,21,5,28
9:30:39,2311.8,2311.8,2312.4,42,12,2
9:30:40,2312,2312,2312.4,10,23,19
9:30:40,2312.2,2312.2,2312.4,9,1,8
9:30:41,2312.4,2312.4,2312.6,16,13,19
9:30:41,2312.6,2312.4,2312.6,21,14,12
9:30:42,2312.6,2312.2,2312.6,16,18,13
9:30:42,2312.2,2312.2,2312.6,2,19,13
9:30:43,2312.4,2312.4,2312.6,20,6,9
9:30:43,2312.4,2312.2,2312.4,13,16,2
9:30:44,2312.4,2312.4,2312.6,23,17,7
9:30:44,2312.6,2312.4,2312.6,12,9,5
9:30:45,2312.4,2312.4,2312.6,9,8,4
9:30:45,2312.6,2312.4,2312.6,2,7,6
9:30:46,2312.6,2312.6,2312.8,10,1,32
9:30:46,2312.4,2312.4,2312.6,7,1,11
9:30:47,2312.6,2312.4,2312.6,7,6,5
9:30:47,2312.4,2312.4,2312.8,9,3,40
9:30:48,2312.2,2312.6,2312.8,5,1,41
9:30:48,2312.4,2312.2,2312.4,11,10,2
9:30:49,2312.2,2312.2,2312.8,32,7,12
9:30:49,2312.4,2312.4,2312.6,10,9,7
9:30:50,2312.6,2312.4,2312.6,13,2,2
9:30:50,2312.6,2312.4,2312.8,16,2,7
9:30:51,2312.8,2312.6,2312.8,6,2,1
9:30:51,2312.8,2312.4,2313,8,4,15
9:30:52,2312.4,2312.4,2312.6,2,4,2
9:30:52,2312.6,2312.4,2312.8,2,9,1
9:30:53,2313,2312.4,2312.8,5,19,2
9:30:54,2312.6,2312.6,2312.8,10,8,5
9:30:54,2312.6,2312.6,2312.8,3,6,4
9:30:55,2312.4,2312.4,2312.8,7,24,4
9:30:55,2313,2313,2313.2,24,1,5
9:30:56,2313,2312.4,2313,5,27,1
9:30:56,2313,2313,2313.2,8,5,6
9:30:57,2312.6,2312.8,2313,33,1,17
9:30:57,2312.8,2312.6,2312.8,8,14,2
9:30:58,2312.8,2312.6,2312.8,4,15,1
9:30:58,2312.8,2312.6,2312.8,4,16,4
9:30:59,2312.8,2312.6,2312.8,3,19,1
9:30:59,2312.8,2312.8,2313,2,2,22
9:31:00,2312.8,2312.6,2312.8,3,21,7
9:31:00,2312.8,2312.6,2312.8,2,20,6
9:31:01,2312.6,2312.4,2312.6,22,31,24
9:31:01,2312.4,2312.4,2312.6,10,26,30
9:31:02,2312,2312,2312.2,50,55,1
9:31:02,2312.4,2312,2312.4,35,36,51
9:31:03,2312,2311.8,2312,43,13,20
9:31:03,2311.6,2311.6,2311.8,18,32,31
9:31:04,2311.4,2311.4,2311.8,38,56,19
9:31:04,2311.8,2311.4,2311.8,34,47,12
9:31:05,2311.4,2311.4,2311.8,34,45,7
9:31:05,2311.6,2311.6,2311.8,13,39,6
9:31:06,2311.6,2311.8,2312,43,12,8
9:31:06,2312,2311.6,2312.4,36,26,13
9:31:07,2311.8,2311.8,2312.2,16,15,13
9:31:07,2311.8,2311.8,2312,16,10,11
9:31:08,2312,2311.8,2312,39,19,9
9:31:08,2311.8,2311.8,2312,18,1,10
9:31:09,2311.4,2311.4,2311.8,8,35,8
9:31:09,2311.6,2311.4,2311.8,8,36,19
9:31:10,2311.4,2311.4,2311.6,6,34,19
9:31:10,2311.2,2311.2,2311.4,42,45,6
9:31:11,2311.2,2311.2,2311.4,44,10,7
9:31:11,2311.2,2311,2311.2,41,32,12
9:31:12,2310.8,2310.8,2311,55,15,1
9:31:12,2310.6,2310.6,2310.8,39,26,11
9:31:13,2310.6,2310.4,2310.6,99,42,23
9:31:13,2310.2,2310.2,2310.4,69,39,17
9:31:14,2310.6,2310.4,2310.6,32,8,9
9:31:14,2310.6,2310.2,2310.4,27,38,2
9:31:15,2310.4,2310.4,2310.8,46,59,11
9:31:15,2310.6,2310.6,2310.8,34,9,7
9:31:16,2310.6,2310.6,2311,34,38,6
9:31:16,2310.8,2310.6,2310.8,17,41,9
9:31:17,2311,2310.6,2311,49,15,1
9:31:17,2311,2310.6,2311,14,15,5
9:31:18,2310.6,2310.6,2310.8,14,12,9
9:31:18,2310.8,2310.4,2310.6,50,33,12
9:31:19,2310.4,2310.4,2310.8,32,21,2
9:31:19,2310.6,2310.6,2310.8,8,16,21
9:31:20,2310.6,2310.6,2310.8,30,7,1
9:31:20,2310.4,2310.4,2310.6,22,14,6
9:31:21,2310.6,2310.4,2310.6,10,17,9
9:31:21,2310.6,2310.4,2310.6,15,9,4
9:31:22,2310.4,2310.2,2310.4,14,85,6
9:31:22,2310.2,2310.2,2310.4,21,71,5
9:31:23,2310.4,2310.2,2310.4,9,63,14
9:31:23,2310.4,2310.2,2310.4,27,51,2
9:31:24,2310.2,2310.2,2310.4,62,7,5
9:31:24,2310,2310,2310.2,15,97,16
9:31:25,2310.6,2310.6,2310.8,60,22,2
9:31:25,2310.4,2310.2,2310.4,43,29,24
9:31:26,2310.2,2310.2,2310.4,17,25,21
9:31:26,2310.4,2310.2,2310.4,22,25,8
9:31:27,2310.4,2310.4,2310.6,18,39,5
9:31:27,2310.6,2310.6,2310.8,19,28,2
9:31:28,2310.8,2310.6,2310.8,11,22,5
9:31:28,2311,2310.6,2311,27,17,9
9:31:29,2311,2310.8,2311,3,6,11
9:31:29,2310.6,2310.6,2310.8,17,7,10
9:31:30,2310.6,2310.6,2310.8,9,2,7
9:31:30,2310.4,2310.4,2310.6,25,42,1
9:31:31,2311,2310.4,2311,16,38,13
9:31:31,2311,2310.8,2311,2,1,11
9:31:32,2311,2311,2311.2,11,17,6
9:31:32,2311,2311,2311.2,2,24,6
9:31:33,2311.2,2311,2311.2,9,24,3
9:31:33,2311,2311.2,2311.4,9,1,11
9:31:34,2311.2,2311,2311.4,5,23,9
9:31:34,2311.4,2311,2311.4,23,15,6
9:31:35,2311.4,2311.4,2311.6,17,1,15
9:31:35,2311.2,2311.2,2311.4,5,9,11
9:31:36,2311.2,2311.2,2311.4,2,8,10
9:31:36,2311.4,2311.2,2311.4,3,8,17
9:31:37,2311.2,2311.2,2311.4,3,7,15
9:31:37,2311.2,2311.2,2311.4,6,4,14
9:31:38,2311.2,2311.2,2311.6,21,1,25
9:31:38,2311.4,2311.4,2311.6,1,6,26
9:31:39,2311.4,2311.4,2311.6,9,8,21
9:31:39,2311.4,2311.4,2311.6,1,9,22
9:31:40,2311.4,2311.2,2311.4,12,2,2
9:31:40,2311.4,2311.4,2311.6,6,21,23
9:31:41,2311.4,2311.4,2311.6,9,13,22
9:31:41,2311.8,2311.8,2312,32,30,17
9:31:42,2312,2311.8,2312,14,20,13
9:31:42,2311.8,2311.8,2312,11,9,15
9:31:43,2312.2,2311.6,2311.8,43,34,17
9:31:43,2311.6,2311.6,2311.8,16,30,12
9:31:44,2312.2,2312,2312.2,15,1,2
9:31:44,2312.2,2311.8,2312.4,5,5,9
9:31:45,2311.8,2312,2312.2,2,1,3
9:31:45,2312.2,2312,2312.2,7,10,3
9:31:46,2312.2,2312,2312.2,5,11,1
9:31:46,2312,2312,2312.2,11,3,3
9:31:47,2312,2311.8,2312.2,4,4,65
9:31:47,2312,2311.8,2312,2,7,41
9:31:48,2311.8,2311.6,2311.8,11,26,37
9:31:48,2311.6,2311.4,2311.6,23,17,3
9:31:49,2311.6,2311.2,2311.8,8,9,31
9:31:49,2311.2,2311.2,2311.6,1,8,2
9:31:50,2311.2,2311.2,2311.6,2,50,6
9:31:50,2311.6,2311.4,2311.6,4,5,6
9:31:51,2311.4,2311.4,2311.6,1,9,7
9:31:51,2311.4,2311.4,2311.6,12,8,5
9:31:52,2311.6,2311.4,2311.6,1,10,15
9:31:52,2311.2,2311.2,2311.6,26,16,4
9:31:53,2311.2,2311.2,2311.6,4,15,3
9:31:53,2311.2,2311.2,2311.4,5,13,1
9:31:54,2311.6,2311.2,2311.4,7,10,1
9:31:54,2311.2,2311,2311.2,13,27,59
9:31:55,2311.2,2311,2311.2,21,8,58
9:31:55,2311,2310.8,2311,13,5,53
9:31:56,2310.8,2310.6,2310.8,6,16,49
9:31:56,2310.6,2310.6,2310.8,7,14,51
9:31:57,2310.6,2310.6,2310.8,14,10,38
9:31:57,2310.6,2310.6,2310.8,47,22,1
9:31:58,2310.8,2310.8,2311,7,34,2
9:31:58,2310.8,2311,2311.2,29,9,78
9:31:59,2311,2311,2311.2,11,34,72
9:31:59,2311.2,2310.8,2311.2,64,17,55
9:32:00,2311.2,2311.2,2311.4,57,7,5
9:32:00,2311.2,2311.2,2311.4,21,9,5
9:32:01,2311.2,2311,2311.2,25,14,9
9:32:01,2311.2,2311,2311.4,17,8,8
9:32:02,2311,2311,2311.2,14,5,25
9:32:02,2311,2311,2311.4,46,2,2
9:32:03,2311,2311,2311.2,9,6,5
9:32:03,2311.4,2311.2,2311.4,9,8,7
9:32:04,2311.4,2311.2,2311.4,10,3,2
9:32:04,2310.8,2310.6,2311,20,33,1
9:32:05,2311,2310.6,2311,4,33,1
9:32:05,2310.6,2310.6,2311.2,3,32,12
9:32:06,2311,2310.8,2311,3,11,10
9:32:06,2311,2310.8,2311,6,11,7
9:32:07,2310.8,2310.6,2311,12,34,6
9:32:07,2310.6,2310.6,2311,3,34,5
9:32:08,2310.8,2310.8,2311,4,10,3
9:32:08,2311,2311,2311.2,7,4,18
9:32:09,2311,2311,2311.2,5,6,18
9:32:09,2311,2311,2311.2,15,9,68
9:32:10,2311.2,2310.8,2311.2,12,10,68
9:32:10,2311,2310.8,2311,11,10,46
9:32:11,2310.8,2310.6,2310.8,13,42,6
9:32:11,2310.8,2310.6,2310.8,84,15,12
9:32:12,2310.6,2310.6,2310.8,22,1,12
9:32:12,2310.6,2310.4,2310.6,9,32,5
9:32:13,2310.6,2310.4,2310.8,7,40,13
9:32:13,2310.6,2310.6,2310.8,2,2,16
9:32:14,2310.6,2310.6,2310.8,19,51,15
9:32:14,2310.8,2310.6,2310.8,4,52,12
9:32:15,2310.8,2310.8,2311,19,70,8
9:32:15,2311,2311,2311.2,16,7,59
9:32:16,2311,2311,2311.2,45,6,39
9:32:16,2311,2311,2311.2,3,8,39
9:32:17,2311,2311,2311.2,10,6,37
9:32:17,2310.8,2310.8,2311,8,36,14
9:32:18,2311,2310.8,2311,16,32,32
9:32:18,2310.8,2310.8,2311,22,11,38
9:32:19,2310.8,2310.6,2310.8,12,11,28
9:32:19,2310.6,2310.4,2310.6,28,34,8
9:32:20,2310.8,2310.4,2310.6,27,23,3
9:32:20,2310.4,2310.4,2310.6,34,15,17
9:32:21,2310.6,2310.4,2310.6,11,8,14
9:32:21,2310.4,2310.2,2310.6,17,67,17
9:32:22,2310.2,2310.2,2310.4,11,62,6
9:32:22,2310.4,2310.2,2310.4,7,60,1
9:32:23,2310.4,2310.4,2310.6,49,6,15
9:32:23,2310.6,2310.4,2310.6,9,7,3
9:32:24,2310.6,2310.6,2310.8,10,9,9
9:32:24,2310.6,2310.6,2310.8,9,2,10
9:32:25,2310.6,2310.4,2310.6,43,11,11
9:32:25,2310.6,2310.4,2310.6,8,12,3
9:32:26,2310.6,2310.4,2310.6,2,12,2
9:32:26,2310.4,2310.4,2310.6,3,12,1
9:32:27,2310.4,2310.4,2310.6,4,27,1
9:32:27,2310.4,2310.4,2310.6,5,22,1
9:32:28,2310.6,2310.6,2310.8,5,11,8
9:32:28,2310.6,2310.6,2310.8,11,6,9
9:32:29,2310.6,2310.6,2310.8,7,14,16
9:32:30,2310.6,2310.6,2310.8,7,16,14
9:32:30,2310.6,2310.6,2310.8,1,26,14
9:32:31,2310.6,2310.6,2310.8,6,22,12
9:32:31,2311,2310.8,2311,33,8,16
9:32:32,2311,2311,2311.2,24,10,40
9:32:32,2311,2311,2311.2,8,2,40
9:32:33,2311.2,2311,2311.2,2,1,39
9:32:33,2311.2,2310.8,2311,4,7,5
9:32:34,2310.8,2310.8,2311,8,10,3
9:32:34,2311,2310.8,2311,7,9,20
9:32:35,2311,2310.8,2311,10,2,17
9:32:35,2310.8,2310.6,2310.8,9,22,2
9:32:36,2310.8,2310.8,2311,4,2,20
9:32:36,2310.8,2310.6,2310.8,8,21,4
9:32:37,2310.8,2310.6,2310.8,2,21,2
9:32:37,2310.8,2310.8,2311,2,1,17
9:32:38,2311,2310.6,2310.8,5,25,8
9:32:38,2310.8,2310.8,2311,9,2,24
9:32:39,2311,2310.8,2311,5,4,22
9:32:39,2310.8,2310.6,2311,8,33,18
9:32:40,2311,2311,2311.2,26,5,46
9:32:40,2310.8,2310.8,2311,9,1,1
9:32:41,2311,2311,2311.2,7,1,46
9:32:41,2311,2311,2311.2,19,1,34
9:32:42,2311.2,2311.2,2311.4,35,11,9
9:32:42,2311.4,2311.4,2311.6,14,8,16
9:32:43,2311.4,2311.4,2311.6,2,18,15
9:32:43,2311.6,2311.4,2311.6,24,12,10
9:32:44,2311.4,2311.4,2311.6,6,11,30
9:32:44,2311.6,2311.4,2311.6,12,1,21
9:32:45,2311.6,2311.4,2311.6,12,1,10
9:32:45,2311.6,2311.2,2311.6,16,3,3
9:32:46,2311.2,2311,2311.2,11,2,40
9:32:46,2311,2310.8,2311,21,11,2
9:32:47,2311,2310.8,2311.2,3,10,59
9:32:47,2311,2310.8,2311,2,16,33
9:32:48,2311,2310.8,2311,3,17,33
9:32:48,2310.8,2310.8,2311,7,12,30
9:32:49,2310.8,2310.6,2310.8,23,26,6
9:32:49,2311,2310.8,2311,12,3,20
9:32:50,2311,2310.8,2311,2,4,26
9:32:50,2310.8,2310.6,2310.8,4,30,19
9:32:51,2310.8,2310.6,2310.8,4,31,15
9:32:51,2310.8,2310.6,2310.8,8,33,12
9:32:52,2310.8,2310.8,2311,26,2,18
9:32:52,2310.8,2310.6,2310.8,3,37,1
9:32:53,2311,2310.6,2311,4,52,15
9:32:53,2311,2310.8,2311.2,26,4,41
9:32:54,2311,2311,2311.2,4,11,41
9:32:54,2311.2,2311,2311.2,12,10,43
9:32:55,2311,2311,2311.2,4,28,43
9:32:55,2311,2311,2311.2,8,21,44
9:32:56,2311,2311,2311.2,11,12,43
9:32:56,2311,2311,2311.2,7,5,43
9:32:57,2311.2,2310.8,2311.2,15,20,34
9:32:57,2310.8,2310.8,2311.2,3,11,33
9:32:58,2310.8,2311,2311.2,8,1,33
9:32:58,2311,2310.8,2311,10,3,2
9:32:59,2311.2,2310.8,2311.2,5,6,29
9:32:59,2310.8,2310.8,2311,3,8,23
9:33:00,2310.8,2310.8,2311,16,7,16
9:33:00,2310.6,2310.6,2310.8,15,26,3
9:33:01,2310.4,2310.8,2311,37,2,15
9:33:01,2310.4,2310.4,2310.6,27,19,8
9:33:02,2310.6,2310.2,2310.6,32,14,16
9:33:02,2310.2,2310.2,2310.4,20,5,3
9:33:03,2310.2,2310,2310.2,67,114,38
9:33:03,2310,2310,2310.2,53,64,42
9:33:04,2309.8,2309.6,2309.8,94,56,5
9:33:04,2309.6,2309.4,2309.6,63,11,8
9:33:05,2309.4,2309.2,2309.4,73,2,2
9:33:05,2309.4,2309.4,2309.6,49,36,27
9:33:06,2309.6,2309.4,2309.6,31,17,15
9:33:06,2309.6,2309.6,2309.8,64,61,8
9:33:07,2309.8,2309.8,2310,20,33,47
9:33:07,2310,2309.8,2310,38,36,22
9:33:08,2310,2310,2310.2,41,10,18
9:33:08,2310,2309.8,2310,47,19,45
9:33:09,2309.8,2309.8,2310,9,11,42
9:33:09,2309.8,2309.6,2309.8,26,37,6
9:33:10,2309.6,2309.6,2309.8,15,17,9
9:33:10,2309.6,2309.6,2309.8,15,10,23
9:33:11,2309.6,2309.4,2309.6,20,90,26
9:33:11,2309.4,2309.4,2309.6,39,56,44
9:33:12,2309.4,2309.4,2309.6,20,38,62
9:33:12,2309.4,2309.4,2309.6,22,19,50
9:33:13,2309.4,2309,2309.2,32,61,3
9:33:13,2309.2,2309,2309.2,38,61,3
9:33:14,2309.2,2309.2,2309.4,15,4,10
9:33:14,2309.2,2309.2,2309.4,13,3,11
9:33:15,2309.2,2309.2,2309.4,19,26,11
9:33:15,2309.4,2309.4,2309.6,38,6,43
9:33:16,2309.4,2309.2,2309.4,22,30,4
9:33:16,2309.4,2309.4,2309.6,27,9,43
9:33:17,2309.4,2309.4,2309.6,18,38,34
9:33:17,2309.6,2309.6,2309.8,50,7,4
9:33:18,2310,2309.8,2310,12,3,75
9:33:18,2309.6,2309.6,2310,13,1,78
9:33:19,2309.8,2309.6,2309.8,2,3,18
9:33:19,2309.8,2309.4,2309.8,19,30,2
9:33:20,2309.8,2309.4,2309.8,28,1,31
9:33:20,2309.2,2309.2,2309.4,16,30,1
9:33:21,2309.6,2309.2,2309.6,13,23,6
9:33:21,2309.4,2309.4,2309.6,20,39,9
9:33:22,2309.4,2309.4,2309.6,4,61,6
9:33:22,2309.4,2309.4,2309.6,18,55,17
9:33:23,2309.6,2309.6,2309.8,23,10,10
9:33:23,2309.6,2309.6,2309.8,9,14,14
9:33:24,2309.6,2309.6,2309.8,27,4,8
9:33:24,2309.8,2309.6,2309.8,5,3,4
9:33:25,2309.8,2309.6,2309.8,6,6,10
9:33:25,2309.6,2309.6,2309.8,7,3,9
9:33:26,2309.6,2309.4,2309.6,11,79,29
9:33:26,2309.6,2309.4,2309.6,17,78,16
9:33:27,2309.4,2309.4,2309.6,23,66,7
9:33:27,2309.4,2309.4,2309.6,8,64,2
9:33:28,2309.4,2309.4,2309.6,33,34,1
9:33:28,2309.4,2309.6,2309.8,20,2,21
9:33:29,2309.6,2309.6,2309.8,6,1,31
9:33:29,2309.4,2309.4,2309.6,4,15,6
9:33:30,2309.8,2309.6,2309.8,17,21,28
9:33:30,2309.6,2309.6,2309.8,21,2,27
9:33:31,2309.4,2309.4,2309.6,5,8,6
9:33:31,2309.4,2309.4,2309.6,6,5,8
9:33:32,2309.4,2309.2,2309.6,12,34,2
9:33:32,2309.4,2309.2,2309.4,5,34,1
9:33:33,2309.2,2309.2,2309.4,7,27,13
9:33:33,2309.2,2309.2,2309.4,35,4,13
9:33:34,2309.4,2309,2309.2,48,64,27
9:33:34,2309,2309,2309.2,48,20,34
9:33:35,2308.8,2308.8,2309.2,32,35,30
9:33:35,2308.8,2308.8,2309,23,16,20
9:33:36,2309,2309,2309.2,31,7,35
9:33:36,2309,2308.8,2309,23,17,4
9:33:37,2309,2309,2309.2,41,12,36
9:33:37,2309,2309,2309.2,13,14,36
9:33:38,2309.2,2309,2309.2,12,20,31
9:33:38,2309,2309,2309.2,23,16,26
9:33:39,2309,2309,2309.2,22,6,33
9:33:39,2309.2,2308.8,2309.2,11,16,36
9:33:40,2309,2308.8,2309,5,18,31
9:33:40,2309.2,2309,2309.2,39,2,32
9:33:41,2309,2308.8,2309,19,17,14
9:33:41,2309,2308.8,2309,14,15,18
9:33:42,2309,2308.8,2309,25,14,2
9:33:42,2308.8,2308.6,2308.8,19,102,18
9:33:43,2308.8,2308.6,2308.8,4,102,18
9:33:43,2308.8,2308.6,2308.8,11,102,14
9:33:44,2308.6,2308.6,2309,84,35,26
9:33:44,2308.8,2308.6,2309,15,24,42
9:33:45,2308.6,2308.4,2308.6,25,45,3
9:33:45,2308.4,2308.4,2308.6,37,22,2
9:33:46,2308.4,2308.2,2308.4,26,32,6
9:33:46,2308.4,2308.2,2308.4,17,25,48
9:33:47,2308.4,2308,2308.2,30,207,8
9:33:47,2308.2,2308,2308.2,8,215,80
9:33:48,2308,2308,2308.2,76,161,97
9:33:48,2308.2,2308,2308.2,130,43,104
9:33:49,2307.8,2307.8,2308,47,4,1
9:33:49,2308,2307.8,2308,13,1,111
9:33:50,2307.8,2307.6,2307.8,72,10,119
9:33:50,2307.2,2307.2,2307.6,50,1,59
9:33:51,2307,2307,2307.2,23,21,78
9:33:51,2306.8,2306.6,2307,44,10,92
9:33:52,2306.4,2306.4,2306.6,68,18,12
9:33:52,2306.4,2306.2,2306.4,48,7,8
9:33:53,2306.4,2306.2,2306.4,32,16,20
9:33:53,2306.4,2306.4,2306.6,105,25,3
9:33:54,2306.6,2306.6,2306.8,77,120,10
9:33:54,2306.8,2306.8,2307,50,9,44
9:33:55,2307,2307,2307.2,86,35,19
9:33:55,2307.2,2307,2307.2,54,71,4
9:33:56,2307,2307,2307.2,36,74,23
9:33:56,2307,2307,2307.2,78,37,7
9:33:57,2307.2,2307.2,2307.6,49,1,13
9:33:57,2307.6,2307.2,2307.6,35,1,1
9:33:58,2307.2,2307.2,2307.6,10,20,6
9:33:58,2307.4,2307.2,2307.4,29,20,10
9:33:59,2307.4,2307.2,2307.4,12,25,7
9:33:59,2307.6,2307.4,2307.6,17,15,13
9:34:00,2307.6,2307.2,2307.6,61,6,30
9:34:00,2307.6,2307.2,2307.4,31,2,2
9:34:01,2307.4,2307.4,2307.6,38,5,21
9:34:01,2307.8,2307.8,2308,69,1,61
9:34:02,2307.4,2307.4,2307.6,31,3,1
9:34:02,2307.4,2307.6,2307.8,8,76,5
9:34:03,2307.8,2307.8,2308,33,6,61
9:34:03,2308,2307.8,2308,25,4,53
9:34:04,2308,2307.8,2308,19,3,42
9:34:04,2308,2307.6,2308,59,86,37
9:34:05,2307.8,2307.8,2308,39,17,50
9:34:05,2308,2307.8,2308,5,19,49
9:34:06,2308,2307.8,2308,18,15,35
9:34:06,2307.8,2307.6,2307.8,27,68,7
9:34:07,2307.8,2307.6,2308,25,66,16
9:34:07,2308,2307.6,2308.2,18,68,13
9:34:08,2308,2307.8,2308,25,1,19
9:34:08,2307.8,2307.6,2307.8,15,55,2
9:34:09,2307.6,2307.8,2308,5,3,32
9:34:09,2307.8,2307.6,2307.8,17,47,69
9:34:10,2307.6,2307.4,2307.6,50,9,12
9:34:10,2307.2,2307,2307.2,22,58,5
9:34:11,2307.2,2307.2,2307.4,48,7,53
9:34:11,2307.2,2307,2307.2,16,28,33
9:34:12,2307,2307,2307.2,10,22,30
9:34:12,2307.2,2307,2307.2,7,18,26
9:34:13,2307,2307,2307.2,14,9,22
9:34:13,2307,2306.8,2307,17,15,18
9:34:14,2307,2307,2307.4,48,32,23
9:34:14,2307.2,2307,2307.4,10,30,23
9:34:15,2307,2307.2,2307.4,18,5,21
9:34:15,2307.4,2307.4,2307.6,24,13,18
9:34:16,2307.6,2307.4,2307.6,10,8,16
9:34:16,2307.6,2307.4,2307.6,9,5,13
9:34:17,2307.4,2307.2,2307.4,7,7,5
9:34:17,2307.4,2307.2,2307.4,8,5,3
9:34:18,2307,2307,2307.4,28,53,2
9:34:18,2307.2,2307,2307.4,3,53,3
9:34:19,2307.2,2307.2,2307.4,28,2,6
9:34:19,2307.4,2307.2,2307.4,1,4,9
9:34:20,2307.2,2307.2,2307.4,3,3,9
9:34:20,2307.2,2307,2307.2,11,36,4
9:34:21,2307.2,2307,2307.4,9,36,16
9:34:21,2307,2307,2307.2,2,35,64
9:34:22,2307,2306.8,2307,72,23,1
9:34:22,2306.6,2306.4,2306.6,37,9,4
9:34:23,2307.2,2306.4,2307.2,81,4,5
9:34:23,2306.6,2306.6,2307,31,8,19
9:34:24,2307.2,2307.2,2307.4,56,31,19
9:34:24,2307.2,2307.2,2307.4,13,19,19
9:34:25,2307.4,2307.4,2307.6,23,9,12
9:34:25,2307.4,2307.2,2307.6,29,5,4
9:34:26,2307.6,2307.4,2307.6,5,19,17
9:34:26,2307.6,2307.6,2307.8,52,2,23
9:34:27,2307.8,2307.6,2307.8,8,36,17
9:34:27,2307.8,2307.8,2308,31,2,44
9:34:28,2308,2307.6,2308,12,28,35
9:34:28,2307.6,2307.6,2308,13,23,33
9:34:29,2308,2307.6,2308,8,22,26
9:34:29,2308,2307.8,2308,12,1,19
9:34:30,2308,2307.6,2308,12,19,15
9:34:30,2307.8,2307.8,2308,5,2,18
9:34:31,2308,2307.8,2308,14,1,15
9:34:31,2308,2307.6,2308,13,17,6
9:34:32,2308,2308,2308.2,8,12,13
9:34:32,2308,2308,2308.2,10,7,12
9:34:33,2308,2307.6,2308,11,15,7
9:34:33,2307.8,2307.6,2307.8,6,13,1
9:34:34,2307.8,2307.6,2308,9,15,7
9:34:34,2307.8,2307.6,2307.8,5,14,13
9:34:35,2307.8,2307.6,2307.8,8,11,8
9:34:35,2307.8,2307.8,2308,22,12,12
9:34:36,2308,2307.8,2308,6,12,31
9:34:36,2308,2307.8,2308,12,7,29
9:34:37,2308,2307.8,2308,5,13,26
9:34:37,2308,2307.8,2308,15,5,21
9:34:38,2308,2308,2308.2,34,9,16
9:34:38,2308.2,2308,2308.4,20,8,20
9:34:39,2308.2,2308.2,2308.4,8,3,20
9:34:39,2308.4,2308.2,2308.4,10,14,15
9:34:40,2308.2,2308.2,2308.4,29,13,1
9:34:40,2308.6,2308.4,2308.6,4,22,4
9:34:41,2308.4,2308.6,2308.8,7,2,46
9:34:41,2308.6,2308.4,2308.6,6,17,16
9:34:42,2308.6,2308.4,2308.6,6,16,11
9:34:42,2308.6,2308.6,2308.8,28,36,39
9:34:43,2308.6,2308.6,2308.8,13,36,54
9:34:43,2308.6,2308.6,2308.8,18,31,43
9:34:44,2308.6,2308.6,2308.8,5,30,43
9:34:44,2308.8,2308.6,2308.8,12,30,33
9:34:45,2308.6,2308.6,2308.8,11,23,30
9:34:45,2308.8,2308.6,2308.8,6,20,28
9:34:46,2308.8,2308.4,2308.8,24,33,31
9:34:46,2308.4,2308.6,2308.8,35,1,51
9:34:47,2308.8,2308.4,2308.6,7,2,9
9:34:47,2308.4,2308.2,2308.4,7,13,16
9:34:48,2308.2,2308.2,2308.4,9,13,20
9:34:48,2308.2,2308.2,2308.4,5,13,27
9:34:49,2308.2,2308,2308.2,18,21,5
9:34:49,2308.2,2308,2308.2,6,28,6
9:34:50,2308.4,2308,2308.4,11,29,39
9:34:50,2308.4,2308.2,2308.4,17,24,15
9:34:51,2308.2,2308.2,2308.4,25,24,1
9:34:51,2308.4,2308.4,2308.6,15,28,48
9:34:52,2308.6,2308.4,2308.6,36,9,23
9:34:52,2308.6,2308.2,2308.6,18,14,23
9:34:53,2308.6,2308.2,2308.6,14,13,19
9:34:53,2308.2,2308.2,2308.6,7,10,16
9:34:54,2308.2,2308,2308.2,20,23,12
9:34:54,2308.2,2308,2308.2,2,23,10
9:34:55,2308.2,2308,2308.2,5,21,7
9:34:55,2308.2,2308.2,2308.4,7,21,5
9:34:56,2308.2,2308.2,2308.4,16,11,4
9:34:56,2308.4,2308.4,2308.6,11,11,21
9:34:57,2308.4,2308.4,2308.6,2,12,21
9:34:57,2308.4,2308.2,2308.6,15,14,19
9:34:58,2308.2,2308.2,2308.4,9,10,1
9:34:58,2308,2308,2308.6,50,21,1
9:34:59,2308,2308.2,2308.4,6,2,4
9:34:59,2308.2,2308,2308.4,21,4,17
9:35:00,2307.8,2307.8,2308,9,12,44
9:35:00,2307.8,2307.6,2307.8,30,3,6
9:35:01,2307.6,2307.2,2307.6,32,34,1
9:35:01,2307.4,2307.2,2307.4,22,20,6
9:35:02,2307.4,2307.6,2308,77,1,37
9:35:02,2307.6,2307.6,2307.8,17,1,1
9:35:03,2307.6,2307.6,2307.8,7,9,1
9:35:03,2307.2,2307.2,2307.4,10,1,1
9:35:04,2307,2307,2307.6,13,58,26
9:35:04,2307.2,2307,2307.4,11,58,2
9:35:05,2307.4,2307.2,2307.6,5,8,30
9:35:05,2307.6,2307.4,2307.6,13,4,37
9:35:06,2307.2,2307,2307.2,7,57,8
9:35:06,2307.2,2307,2307.2,20,52,3
9:35:07,2307.4,2307,2307.4,8,56,1
9:35:07,2307.2,2307.2,2307.4,13,29,35
9:35:08,2307.2,2307.2,2307.4,16,30,33
9:35:08,2307.2,2307.2,2307.4,28,8,30
9:35:09,2307.4,2307.4,2307.6,37,14,39
9:35:09,2307.4,2307.4,2307.6,8,6,37
9:35:10,2307.4,2307.4,2307.6,9,25,31
9:35:10,2307,2307,2307.8,74,48,2
9:35:11,2307.4,2307.2,2307.4,9,19,5
9:35:11,2307.6,2307.6,2307.8,12,6,5
9:35:12,2307.6,2307.6,2307.8,16,1,27
9:35:12,2307.4,2307.4,2307.6,5,9,2
9:35:13,2307.8,2307.8,2308,30,10,22
9:35:13,2307.8,2307.8,2308,5,5,22
9:35:14,2307.8,2307.6,2307.8,10,3,3
9:35:14,2308,2308,2308.2,26,6,9
9:35:15,2308.4,2308.2,2308.4,14,1,12
9:35:15,2308.4,2308,2308.4,5,13,13
9:35:16,2308.4,2308.2,2308.4,5,3,9
9:35:16,2308,2308.2,2308.4,11,1,9
9:35:17,2308.4,2308,2308.2,14,2,2
9:35:17,2308,2307.8,2308,3,5,1
9:35:18,2307.8,2307.6,2308.2,9,2,21
9:35:18,2308,2307.6,2308,16,2,20
9:35:19,2308,2307.6,2308,5,3,16
9:35:19,2307.6,2307.6,2307.8,4,2,23
9:35:20,2307.8,2307.4,2307.8,11,13,18
9:35:20,2307.4,2307.4,2307.6,9,7,7
9:35:21,2307.6,2307.4,2307.6,9,5,1
9:35:21,2307.8,2307.6,2307.8,4,4,4
9:35:22,2307.4,2307.2,2307.4,9,11,8
9:35:22,2307.4,2307.2,2307.4,11,9,7
9:35:23,2307.4,2307.2,2307.4,4,7,5
9:35:23,2307.2,2307,2307.2,11,83,6
9:35:24,2307.2,2307,2307.2,12,101,1
9:35:24,2307,2307.2,2307.4,3,2,4
9:35:25,2307.2,2307.2,2307.4,23,3,1
9:35:25,2307,2307,2307.2,6,83,2
9:35:26,2307.2,2307,2307.2,5,85,1
9:35:26,2307,2307,2307.4,16,74,6
9:35:27,2307.2,2307,2307.2,8,73,16
9:35:27,2307.2,2307,2307.2,16,63,20
9:35:28,2307,2307,2307.2,17,47,20
9:35:28,2307,2307,2307.2,41,8,21
9:35:29,2307,2306.8,2307,13,8,20
9:35:29,2306.8,2306.8,2307,5,15,36
9:35:30,2306.8,2306.8,2307,20,1,37
9:35:30,2306.8,2306.6,2306.8,22,10,7
9:35:31,2306.6,2306.6,2306.8,14,2,11
9:35:31,2306.6,2306.4,2306.6,27,10,7
9:35:32,2306.2,2306.4,2306.6,16,1,5
9:35:32,2306.4,2306,2306.4,31,41,36
9:35:33,2306,2306.2,2306.4,30,3,33
9:35:33,2305.8,2305.8,2306,47,20,2
9:35:34,2305.8,2305.6,2305.8,54,12,7
9:35:34,2305.8,2305.8,2306,25,29,13
9:35:35,2305.8,2305.8,2306.2,32,30,21
9:35:35,2306,2306,2306.2,55,40,25
9:35:36,2306.2,2306,2306.2,39,18,8
9:35:36,2306.2,2306.2,2306.4,17,45,22
9:35:37,2306.2,2306.2,2306.4,20,43,4
9:35:37,2306.4,2306.4,2306.6,14,37,26
9:35:38,2306.4,2306.4,2306.6,21,31,19
9:35:38,2306.8,2306.4,2306.8,22,17,3
9:35:39,2306.8,2306.4,2306.8,8,13,20
9:35:39,2306.8,2306.4,2306.6,8,18,1
9:35:40,2306.4,2306.4,2306.8,14,8,15
9:35:40,2306.6,2306.4,2306.6,4,6,6
9:35:41,2306.4,2306.2,2306.4,9,21,4
9:35:41,2306.4,2306.2,2306.4,7,18,1
9:35:42,2306.4,2306.2,2306.6,3,16,14
9:35:42,2306.4,2306.4,2306.6,9,3,22
9:35:43,2306.6,2306.2,2306.6,11,20,20
9:35:43,2306.2,2306.2,2306.4,8,17,1
9:35:44,2306.6,2306.4,2306.6,7,5,8
9:35:44,2306.4,2306.4,2306.6,9,2,6
9:35:45,2306.6,2306.4,2306.6,2,14,5
9:35:45,2306.6,2306.4,2306.6,7,12,2
9:35:46,2306.4,2306.4,2306.8,17,2,25
9:35:46,2306.4,2306.6,2306.8,3,2,28
9:35:47,2306.4,2306.4,2306.8,10,3,24
9:35:47,2306.6,2306.4,2306.8,4,2,23
9:35:48,2306.4,2306.2,2306.8,14,18,22
9:35:48,2306.2,2306.2,2306.4,3,19,5
9:35:49,2306.4,2306.2,2306.4,1,19,5
9:35:49,2306.4,2306.2,2306.4,10,18,3
9:35:50,2306.4,2306.2,2306.4,3,18,4
9:35:50,2306.2,2306.2,2306.4,13,7,4
9:35:51,2306.2,2306.2,2306.4,10,5,7
9:35:51,2306.2,2306,2306.2,7,91,8
9:35:52,2306,2306,2306.2,5,89,7
9:35:52,2306.2,2306,2306.4,10,87,9
9:35:53,2306,2306,2306.4,25,65,11
9:35:53,2306,2306,2306.4,44,22,10
9:35:54,2305.8,2306,2306.2,36,1,6
9:35:54,2305.8,2305.8,2306,20,7,19
9:35:55,2306,2305.8,2306,9,2,13
9:35:55,2306,2305.6,2306,9,3,10
9:35:56,2306,2305.6,2305.8,9,2,1
9:35:56,2305.8,2305.8,2306,13,1,2
9:35:57,2306,2305.8,2306,4,13,10
9:35:57,2306.2,2306,2306.2,18,9,13
9:35:58,2305.8,2305.8,2306,29,12,5
9:35:58,2306,2305.8,2306,15,12,29
9:35:59,2305.8,2305.8,2306,23,4,16
9:35:59,2305.8,2305.6,2305.8,14,4,4
9:36:00,2305.8,2305.8,2306,13,9,12
9:36:00,2305.8,2305.8,2306,62,5,3
9:36:01,2306.2,2306,2306.4,43,61,21
9:36:01,2306.2,2306.2,2306.4,22,18,18
9:36:02,2306.4,2306.4,2306.8,101,4,20
9:36:02,2306,2306,2306.6,45,15,5
9:36:03,2306.6,2306,2306.4,19,20,1
9:36:03,2306.2,2305.8,2306.2,39,8,3
9:36:04,2306,2305.8,2306,17,9,4
9:36:04,2306,2305.6,2305.8,17,5,14
9:36:05,2305.6,2305.4,2305.6,13,7,1
9:36:05,2305.6,2305.4,2305.6,33,2,5
9:36:06,2305.4,2305.2,2305.4,10,49,19
9:36:06,2305.4,2305.2,2305.4,29,29,34
9:36:07,2305.2,2305.2,2305.4,35,13,16
9:36:07,2305.2,2305.2,2305.4,37,1,12
9:36:08,2305.2,2305,2305.2,27,94,7
9:36:08,2305,2305,2305.2,22,87,7
9:36:09,2305.2,2305.2,2305.4,33,2,5
9:36:09,2305.4,2305.4,2305.6,66,6,4
9:36:10,2305.6,2305,2305.2,19,32,15
9:36:10,2305.2,2305,2305.2,14,24,11
9:36:11,2305,2305,2305.2,10,21,7
9:36:11,2304.8,2304.8,2305,37,5,13
9:36:12,2305,2304.6,2304.8,21,10,3
9:36:12,2304.6,2304.4,2304.6,35,22,9
9:36:13,2304.6,2304.6,2304.8,50,8,29
9:36:13,2304.8,2304.4,2304.8,34,2,7
9:36:14,2304.6,2304.6,2305,26,5,4
9:36:14,2304.6,2304.6,2305,7,1,8
9:36:15,2305,2304.8,2305,9,7,9
9:36:15,2304.8,2304.8,2305,16,2,2
9:36:16,2304.8,2304.6,2305,25,23,25
9:36:16,2305,2304.6,2304.8,8,24,1
9:36:17,2304.6,2304.4,2304.6,27,81,2
9:36:17,2304.4,2304.6,2304.8,40,1,2
9:36:18,2304.6,2304.6,2305,31,13,3
9:36:18,2304.6,2304.6,2304.8,26,6,8
9:36:19,2304.6,2304.6,2305.2,26,23,11
9:36:19,2305,2304.8,2305,24,1,6
9:36:20,2304.8,2304.4,2304.8,25,70,5
9:36:20,2304.8,2304.4,2304.6,10,70,1
9:36:21,2305,2304.6,2305.2,62,8,13
9:36:21,2304.6,2304.6,2304.8,8,1,1
9:36:22,2304.8,2304.4,2304.6,14,38,28
9:36:22,2304.6,2304.4,2304.6,2,37,28
9:36:23,2304.2,2304.2,2304.4,54,11,29
9:36:23,2304,2303.8,2304,41,8,23
9:36:24,2303.6,2303.4,2303.6,40,11,5
9:36:24,2303,2303,2303.4,49,96,19
9:36:25,2303.4,2303.2,2303.6,35,48,3
9:36:25,2303.4,2303.6,2303.8,22,4,12
9:36:26,2303.6,2303.6,2303.8,38,10,1
9:36:26,2304,2303.8,2304,7,14,6
9:36:27,2304,2304,2304.2,21,9,7
9:36:27,2304.2,2304,2304.2,10,10,3
9:36:28,2304.2,2304,2304.2,19,9,3
9:36:28,2304.2,2304.2,2304.4,19,2,9
9:36:29,2304,2303.8,2304.4,17,20,3
9:36:29,2304.4,2304.2,2304.4,6,2,4
9:36:30,2304,2304,2304.4,15,10,1
9:36:30,2304,2304.2,2304.4,15,2,1
9:36:31,2304.2,2304,2304.2,18,26,1
9:36:31,2304,2304,2304.2,5,25,1
9:36:32,2304.4,2304.2,2304.4,2,6,38
9:36:32,2304.4,2304.2,2304.4,8,2,35
9:36:33,2304.4,2304.2,2304.4,35,2,7
9:36:33,2304.6,2304.4,2304.6,14,6,2
9:36:34,2304.8,2304.4,2304.8,13,30,9
9:36:34,2304.6,2304.6,2304.8,5,12,7
9:36:35,2304.8,2304.8,2305,8,21,11
9:36:35,2305,2304.8,2305.2,26,6,6
9:36:36,2305.4,2305.4,2305.6,12,21,2
9:36:36,2305.4,2305.4,2305.8,11,12,5
9:36:37,2305.8,2305.4,2305.6,8,12,5
9:36:37,2305.6,2305.4,2305.6,5,12,34
9:36:38,2305.2,2305.2,2305.4,45,16,8
9:36:38,2305.2,2305.2,2305.4,9,14,9
9:36:39,2305.2,2305.2,2305.4,7,13,9
9:36:39,2305.4,2305.2,2305.4,12,6,25
9:36:40,2305,2304.8,2305,13,9,2
9:36:40,2305.2,2304.8,2305.2,6,6,8
9:36:41,2305,2305,2305.2,11,1,1
9:36:41,2305,2304.8,2305,6,12,1
9:36:42,2304.8,2304.8,2305.4,15,7,30
9:36:42,2305.4,2305,2305.4,2,14,30
9:36:43,2305.2,2305,2305.2,9,9,1
9:36:43,2305,2304.8,2305,17,6,2
9:36:44,2304.8,2305,2305.2,10,24,1
9:36:44,2305.2,2305,2305.4,4,48,35
9:36:45,2305,2305.2,2305.4,3,4,35
9:36:45,2305.4,2305.2,2305.4,1,15,35
9:36:46,2305.4,2305.2,2305.4,12,5,33
9:36:46,2305.4,2305.2,2305.4,5,1,31
9:36:47,2305.2,2305,2305.2,8,51,13
9:36:47,2305.2,2305,2305.2,7,47,12
9:36:48,2305.2,2305,2305.2,4,46,18
9:36:48,2305,2305,2305.2,16,32,24
9:36:49,2305,2304.8,2305,37,11,21
9:36:49,2305,2304.8,2305,18,3,21
9:36:50,2304.8,2304.6,2304.8,13,13,14
9:36:50,2304.6,2304.4,2304.8,20,43,16
9:36:51,2304.8,2304.4,2304.8,16,32,7
9:36:51,2304.4,2304.4,2304.6,1,31,1
9:36:52,2304.4,2304.4,2304.6,11,28,3
9:36:52,2304.4,2304.4,2305,15,23,19
9:36:53,2304.4,2304.6,2305,3,12,19
9:36:53,2304.6,2304.6,2305,12,8,13
9:36:54,2305,2304.6,2305,6,4,12
9:36:54,2304.6,2304.6,2304.8,3,7,2
9:36:55,2304.8,2304.6,2304.8,3,5,1
9:36:55,2304.8,2304.8,2305,1,2,12
9:36:56,2304.6,2304.6,2305,4,6,11
9:36:56,2304.6,2304.4,2304.6,8,26,10
9:36:57,2304.6,2304.4,2304.6,6,24,6
9:36:57,2304.6,2304.4,2304.6,5,23,2
9:36:58,2304.4,2304.6,2305,5,2,11
9:36:58,2304.6,2304.6,2304.8,9,9,7
9:36:59,2304.6,2304.6,2304.8,10,3,6
9:36:59,2304.8,2304.6,2304.8,10,7,2
9:37:00,2304.6,2304.6,2304.8,7,5,7
9:37:00,2304.6,2304.4,2304.6,21,15,4
9:37:01,2304.6,2304.6,2305,37,1,28
9:37:01,2304.8,2304.8,2305,4,4,28
9:37:02,2304.8,2304.8,2305,29,2,19
9:37:02,2304.6,2305,2305.2,31,10,7
9:37:03,2305,2305,2305.4,32,64,14
9:37:03,2305.2,2305.2,2305.4,18,3,8
9:37:04,2305.6,2305.4,2305.6,16,21,2
9:37:04,2305.6,2305.6,2305.8,19,8,5
9:37:05,2305.6,2305.6,2306,16,22,16
9:37:05,2306,2305.8,2306,5,3,12
9:37:06,2305.8,2305.6,2305.8,25,19,7
9:37:06,2306,2305.6,2305.8,13,17,4
9:37:07,2305.8,2305.6,2305.8,18,10,6
9:37:07,2305.8,2305.6,2305.8,12,6,16
9:37:08,2305.6,2305.4,2305.6,21,20,4
9:37:08,2305.8,2305.4,2305.6,23,16,1
9:37:09,2305.6,2305.6,2305.8,9,3,4
9:37:09,2305.4,2305.4,2305.6,12,8,2
9:37:10,2305.6,2305.6,2306,8,21,3
9:37:10,2306,2305.8,2306,12,7,1
9:37:11,2305.8,2305.6,2305.8,18,38,20
9:37:11,2305.8,2305.6,2305.8,9,35,14
9:37:12,2305.8,2305.6,2305.8,22,32,3
9:37:12,2305.8,2305.8,2306,9,2,18
9:37:13,2306,2305.8,2306,2,19,18
9:37:13,2306,2305.8,2306,3,21,18
9:37:14,2306,2305.8,2306.2,26,17,15
9:37:14,2306.2,2306,2306.2,14,5,13
9:37:15,2306.2,2306,2306.2,10,17,8
9:37:15,2306.2,2306.2,2306.4,23,4,11
9:37:16,2306.4,2306.2,2306.4,14,8,7
9:37:16,2306.4,2306.2,2306.4,11,8,14
9:37:17,2306.4,2306,2306.4,16,9,7
9:37:17,2306.2,2306,2306.2,5,8,6
9:37:18,2306.4,2306,2306.4,22,1,41
9:37:18,2306.2,2306.2,2306.4,14,1,46
9:37:19,2306.2,2306,2306.2,21,1,65
9:37:19,2306.2,2305.8,2306,31,1,11
9:37:20,2305.8,2305.6,2305.8,11,25,24
9:37:20,2305.8,2305.6,2305.8,11,25,18
9:37:21,2305.6,2305.6,2305.8,11,18,15
9:37:21,2305.8,2305.6,2305.8,10,21,2
9:37:22,2305.8,2305.8,2306,16,21,30
9:37:22,2305.8,2305.8,2306,11,14,26
9:37:23,2305.8,2305.8,2306,26,6,26
9:37:23,2305.8,2305.8,2306,14,13,21
9:37:24,2306,2305.8,2306,16,9,10
9:37:24,2306,2305.8,2306.2,14,5,22
9:37:25,2306,2306,2306.2,5,1,22
9:37:25,2306.2,2305.8,2306.2,11,6,15
9:37:26,2305.8,2305.8,2306,4,3,17
9:37:26,2305.8,2305.6,2306,20,14,5
9:37:27,2306.2,2305.6,2306.2,17,12,4
9:37:27,2305.8,2305.6,2306.2,5,13,14
9:37:28,2306.2,2305.8,2306.2,3,10,11
9:37:28,2306.2,2305.8,2306.2,3,12,11
9:37:29,2306,2305.8,2306,11,3,1
9:37:29,2305.8,2305.6,2305.8,6,10,1
9:37:30,2305.8,2305.6,2305.8,3,10,4
9:37:30,2305.8,2305.8,2306.2,6,16,5
9:37:31,2306.4,2306.2,2306.4,10,3,39
9:37:31,2306.2,2306.2,2306.4,6,14,39
9:37:32,2306.2,2306.2,2306.4,19,14,24
9:37:32,2306.4,2306.2,2306.4,22,13,7
9:37:33,2306.6,2306.4,2306.6,13,38,9
9:37:33,2306.4,2306.4,2306.8,19,38,35
9:37:34,2306.8,2306.6,2306.8,11,29,34
9:37:34,2306.6,2306.6,2306.8,49,19,15
9:37:35,2306.8,2306.8,2307,30,7,16
9:37:35,2307,2306.8,2307,10,45,9
9:37:36,2307.2,2307,2307.2,24,8,8
9:37:36,2307.2,2307.2,2307.4,12,7,15
9:37:37,2307.2,2307.2,2307.4,13,11,15
9:37:37,2307.2,2307,2307.2,30,80,27
9:37:38,2307,2307,2307.2,21,64,26
9:37:38,2307.2,2307,2307.2,48,43,26
9:37:39,2307,2307,2307.2,49,4,43
9:37:39,2307,2306.8,2307,19,55,41
9:37:40,2307,2306.8,2307,14,55,27
9:37:40,2307,2306.8,2307,16,49,21
9:37:41,2307,2306.8,2307,11,43,14
9:37:41,2307,2307,2307.2,17,96,48
9:37:42,2307.2,2307,2307.2,30,103,18
9:37:42,2307.2,2307.2,2307.4,20,52,15
9:37:43,2307.6,2307.4,2307.6,18,10,6
9:37:43,2307.6,2307.4,2307.6,11,21,3
9:37:44,2307.4,2307.4,2307.8,18,2,21
9:37:44,2307.4,2307.2,2307.6,15,31,25
9:37:45,2307.6,2307.2,2307.4,4,33,25
9:37:45,2307.4,2307.2,2307.4,4,32,23
9:37:46,2307.2,2307.4,2307.6,52,1,9
9:37:46,2307.4,2307.2,2307.6,9,25,8
9:37:47,2307.4,2307.2,2307.4,10,24,2
9:37:47,2307.4,2307.2,2307.4,6,23,10
9:37:48,2307.6,2307.4,2307.8,35,1,55
9:37:48,2307.4,2307.2,2307.4,10,23,2
9:37:49,2307.4,2307.4,2307.8,24,15,48
9:37:49,2307.6,2307.4,2307.8,17,10,44
9:37:50,2307.4,2307.2,2307.6,13,22,1
9:37:50,2307.4,2307.2,2307.6,4,22,4
9:37:51,2307.6,2307.4,2307.6,2,7,11
9:37:51,2307.6,2307.4,2307.6,14,7,43
9:37:52,2307.6,2307.2,2307.6,12,39,44
9:37:52,2307.4,2307.2,2307.4,5,38,18
9:37:53,2307.4,2307.2,2307.4,10,36,21
9:37:53,2307.4,2307.2,2307.4,32,25,6
9:37:54,2307.2,2307.2,2307.4,11,18,22
9:37:54,2307.4,2307.2,2307.4,9,19,14
9:37:55,2307.4,2307.4,2307.6,22,11,52
9:37:55,2307.4,2307.4,2307.6,4,15,52
9:37:56,2307.4,2307.4,2307.6,2,19,52
9:37:56,2307.4,2307.4,2307.6,12,16,44
9:37:57,2307.6,2307.4,2307.6,12,5,44
9:37:57,2307.6,2307.2,2307.6,8,20,41
9:37:58,2307.4,2307.4,2307.6,11,1,36
9:37:58,2307.4,2307.4,2307.6,4,4,40
9:37:59,2307.4,2307.2,2307.4,10,17,3
9:37:59,2307.2,2307.2,2307.4,8,11,1
9:38:00,2307.2,2307.2,2307.4,4,10,10
9:38:00,2307,2307,2307.2,20,113,1
9:38:01,2307,2307,2307.4,20,101,6
9:38:01,2307,2307,2307.4,53,65,2
9:38:02,2307,2307,2307.4,39,48,7
9:38:02,2307,2307,2307.2,18,38,13
9:38:03,2307,2307,2307.2,13,29,3
9:38:03,2307,2307,2307.2,10,20,3
9:38:04,2307,2307,2307.2,10,23,2
9:38:04,2307,2307,2307.4,9,20,25
9:38:05,2307.4,2307,2307.4,8,9,14
9:38:05,2307,2307,2307.4,7,11,15
9:38:06,2307,2307.2,2307.4,2,10,15
9:38:06,2307.2,2307.2,2307.4,17,4,11
9:38:07,2307.2,2307.4,2307.6,23,1,31
