9:14:00,2250,2249.4,2250,319,3,9
9:15:00,2250,2250.8,2251.2,74,3,12
9:15:01,2251.2,2251.2,2251.6,82,4,4
9:15:01,2250,2250,2251.2,71,4,5
9:15:02,2250.2,2250.2,2250.8,121,21,14
9:15:02,2250.2,2250,2250.2,72,39,3
9:15:03,2251,2250.4,2251.2,66,9,2
9:15:03,2250.6,2250.6,2250.8,35,38,4
9:15:04,2251.6,2251,2251.6,23,7,18
9:15:04,2251.6,2251.6,2251.8,38,21,9
9:15:05,2251.8,2251.8,2252,92,21,60
9:15:05,2252,2251.8,2252,79,21,21
9:15:06,2251.6,2251.2,2251.8,48,4,1
9:15:06,2251.6,2251.2,2251.6,20,20,18
9:15:07,2251.2,2251.2,2251.4,25,12,17
9:15:07,2251.6,2251.4,2251.6,65,40,3
9:15:08,2251.6,2251.6,2251.8,18,39,36
9:15:08,2251.8,2251.6,2251.8,20,34,26
9:15:09,2251.8,2251.6,2251.8,34,38,20
9:15:09,2251.8,2251.8,2252,29,8,10
9:15:10,2252,2251.8,2252,14,15,4
9:15:10,2252.2,2251.8,2252.2,15,16,5
9:15:11,2252.2,2252,2252.2,19,6,11
9:15:11,2252.2,2252,2252.2,23,3,7
9:15:12,2252.2,2252.2,2252.4,47,1,7
9:15:12,2252.4,2252,2252.4,11,2,6
9:15:13,2251.8,2251.8,2252.2,10,15,3
9:15:13,2252.2,2252.2,2252.4,8,1,12
9:15:14,2252.4,2252,2252.2,14,16,5
9:15:14,2252.4,2252.2,2252.4,17,5,16
9:15:15,2252.4,2252.2,2252.4,35,12,14
9:15:15,2252.4,2252.2,2252.4,13,4,11
9:15:16,2252.4,2252.4,2252.6,40,3,6
9:15:16,2252.2,2252.2,2252.4,16,9,1
9:15:17,2252.4,2252.4,2252.8,15,14,22
9:15:17,2252.4,2252.4,2252.8,5,26,24
9:15:18,2252.8,2252.8,2253,38,1,35
9:15:18,2252.6,2252.6,2253,9,10,32
9:15:19,2252.8,2252.8,2253.2,36,23,7
9:15:19,2253.2,2253.2,2253.4,25,30,24
9:15:20,2253.4,2253.4,2253.8,42,15,26
9:15:20,2253.8,2253.4,2253.8,24,3,16
9:15:21,2253.4,2253.2,2253.4,31,23,22
9:15:21,2253.2,2253.2,2253.4,28,4,13
9:15:22,2253.2,2253,2253.2,18,22,6
9:15:22,2253.2,2253,2253.2,26,9,16
9:15:23,2253,2252.4,2253,116,24,20
9:15:23,2252.4,2252.6,2252.8,63,5,6
9:15:24,2252.6,2252.2,2253,47,2,23
9:15:24,2252.4,2252.2,2252.8,6,10,29
9:15:25,2252.2,2252.4,2252.6,7,5,6
9:15:25,2252.6,2252.2,2252.6,16,23,13
9:15:26,2252.6,2252.4,2252.6,13,2,15
9:15:26,2252.6,2252.4,2252.6,8,4,13
9:15:27,2252.2,2252.2,2252.4,18,13,3
9:15:27,2252.2,2252,2252.2,25,36,1
9:15:28,2252,2252,2252.2,7,32,1
9:15:28,2252.2,2252.2,2252.4,35,7,1
9:15:29,2252,2252,2252.2,20,15,13
9:15:29,2252,2252.2,2252.4,21,2,5
9:15:30,2252.2,2252,2252.2,9,11,1
9:15:30,2252,2251.8,2252,41,28,5
9:15:31,2251.8,2251.8,2252,17,21,8
9:15:31,2251.8,2251.6,2252,46,25,9
9:15:32,2251.8,2251.6,2251.8,11,21,17
9:15:32,2251.8,2251.6,2251.8,8,33,9
9:15:33,2251.6,2251.8,2252,48,1,20
9:15:33,2251.6,2251.4,2252,18,12,13
9:15:34,2252,2251.6,2251.8,5,12,3
9:15:34,2251.8,2251.6,2251.8,8,13,4
9:15:35,2251.8,2251.6,2251.8,4,10,6
9:15:35,2251.6,2251.6,2251.8,7,6,3
9:15:36,2251.8,2251.6,2251.8,4,7,9
9:15:36,2252.2,2251.8,2252.2,47,4,23
9:15:37,2251.8,2251.6,2252,11,5,2
9:15:37,2251.6,2251.4,2251.6,13,21,3
9:15:38,2251.4,2251.4,2251.6,15,11,1
9:15:38,2251.6,2251.6,2251.8,22,10,2
9:15:39,2251.6,2251.6,2251.8,4,10,1
9:15:39,2251.6,2251.8,2252,7,1,12
9:15:40,2251.6,2251.4,2251.6,12,5,1
9:15:40,2251.8,2251.8,2252,15,19,9
9:15:41,2252,2251.8,2252,12,15,9
9:15:41,2251.8,2251.8,2252,12,6,12
9:15:42,2251.8,2251.6,2251.8,10,24,1
9:15:42,2251.6,2251.6,2251.8,7,18,4
9:15:43,2251.6,2251.6,2251.8,4,22,3
9:15:43,2251.6,2251.6,2251.8,5,19,2
9:15:44,2251.8,2251.6,2252,4,17,12
9:15:44,2252,2251.6,2251.8,1,19,1
9:15:45,2251.8,2251.6,2251.8,2,27,2
9:15:45,2251.6,2251.6,2252,11,22,43
9:15:46,2251.8,2251.6,2251.8,8,22,1
9:15:46,2251.6,2251.6,2251.8,24,5,6
9:15:47,2251.6,2251.4,2251.6,8,13,14
9:15:47,2251.4,2251.2,2251.4,24,34,22
9:15:48,2251.4,2251.2,2251.4,6,34,17
9:15:48,2251.4,2251.2,2251.4,19,23,12
9:15:49,2251.4,2251.2,2251.4,3,23,13
9:15:49,2251.4,2251.2,2251.4,4,22,13
9:15:50,2251.6,2251.4,2251.6,14,30,3
9:15:50,2251.6,2251.6,2251.8,14,2,23
9:15:51,2251.6,2251.6,2251.8,13,1,12
9:15:51,2251.6,2251.6,2251.8,3,13,14
9:15:52,2251.6,2251.4,2251.6,24,27,1
9:15:52,2251.4,2251.4,2251.6,2,25,9
9:15:53,2251.4,2251.4,2251.6,13,14,9
9:15:53,2251.4,2251.4,2251.6,11,7,6
9:15:54,2251.4,2251.2,2251.4,11,27,1
9:15:54,2251.4,2251.2,2251.6,6,24,4
9:15:55,2251.2,2251.2,2251.8,16,21,9
9:15:55,2251.2,2251.2,2251.6,6,18,1
9:15:56,2251.2,2251.2,2251.8,2,19,13
9:15:56,2251,2251,2251.2,39,31,2
9:15:57,2251,2251.2,2251.4,13,1,1
9:15:57,2251.2,2251,2251.2,3,22,4
9:15:58,2251.2,2251.2,2251.4,8,17,1
9:15:58,2251.2,2251.2,2251.4,12,9,1
9:15:59,2251.2,2251,2251.2,11,23,26
9:15:59,2251.2,2251,2251.2,27,4,22
9:16:00,2251,2250.8,2251,25,6,31
9:16:00,2250.4,2250.4,2250.6,48,18,2
9:16:01,2251.2,2251,2251.2,55,15,12
9:16:01,2250.8,2250.6,2250.8,24,21,6
9:16:02,2250.8,2250.8,2251,14,14,9
9:16:02,2251,2251,2251.2,28,5,4
9:16:03,2251.2,2251,2251.4,10,12,2
9:16:03,2251,2251.2,2251.4,4,3,3
9:16:04,2251,2251,2251.4,8,8,3
9:16:04,2251.2,2251.2,2251.6,14,1,6
9:16:05,2251,2251.2,2251.4,5,1,1
9:16:05,2251.2,2251.2,2251.6,8,7,6
9:16:06,2251.6,2251.2,2251.6,17,7,1
9:16:06,2251.6,2251.4,2251.6,4,10,2
9:16:07,2251.4,2251.4,2251.6,7,3,2
9:16:07,2251.6,2251.6,2251.8,11,14,6
9:16:08,2251.8,2251.6,2251.8,2,35,5
9:16:08,2251.8,2251.8,2252,7,20,59
9:16:09,2252,2252,2252.2,62,20,12
9:16:09,2252.2,2252.2,2252.4,21,53,9
9:16:10,2252.6,2252.4,2252.6,27,2,21
9:16:10,2252.6,2252.4,2252.6,6,14,15
9:16:11,2252.4,2252.4,2252.6,16,8,3
9:16:11,2252.4,2252.6,2252.8,23,1,36
9:16:12,2252.6,2252.2,2252.6,7,57,16
9:16:12,2252.6,2252.6,2252.8,39,3,42
9:16:13,2252.4,2252.2,2252.4,9,57,3
9:16:13,2252.8,2252.4,2252.8,19,14,44
9:16:14,2252.6,2252.4,2252.6,11,11,9
9:16:14,2252.6,2252.4,2252.6,4,24,7
9:16:15,2252.8,2252.6,2252.8,27,3,43
9:16:15,2252.4,2252.6,2252.8,6,1,33
9:16:16,2252.4,2252.4,2252.6,11,14,5
9:16:16,2252.8,2252.6,2252.8,30,2,13
9:16:17,2252.6,2252.6,2252.8,6,6,15
9:16:17,2252.6,2252.4,2252.6,10,11,2
9:16:18,2252.8,2252.6,2252.8,8,3,12
9:16:18,2252.4,2252.4,2252.6,5,19,1
9:16:19,2252.6,2252.4,2252.6,9,17,2
9:16:19,2252.6,2252.4,2252.6,2,17,3
9:16:20,2252.8,2252.6,2252.8,8,25,30
9:16:20,2252.6,2252.6,2252.8,5,25,29
9:16:21,2252.6,2252.6,2252.8,7,22,28
9:16:21,2252.8,2252.6,2252.8,2,23,31
9:16:22,2252.8,2252.6,2252.8,12,24,24
9:16:22,2252.8,2252.6,2252.8,17,24,11
9:16:23,2252.6,2252.6,2252.8,3,21,12
9:16:23,2252.8,2252.8,2253,12,14,65
9:16:24,2253,2252.6,2253,26,19,58
9:16:24,2252.6,2252.6,2252.8,20,4,1
9:16:25,2252.6,2252.4,2252.6,5,21,67
9:16:25,2252.2,2252.2,2252.4,33,42,3
9:16:26,2252.4,2252.2,2252.4,31,16,8
9:16:26,2252.2,2252,2252.2,36,17,17
9:16:27,2252,2251.8,2252,31,3,12
9:16:27,2252,2251.8,2252,8,22,9
9:16:28,2252,2251.8,2252,6,41,9
9:16:28,2251.8,2251.8,2252,3,44,12
9:16:29,2252.2,2252,2252.2,17,55,15
9:16:29,2252,2252,2252.2,17,50,7
9:16:30,2252.2,2252.2,2252.4,13,13,2
9:16:31,2252.6,2252.2,2252.6,4,17,63
9:16:31,2252.6,2252.2,2252.6,2,27,63
9:16:32,2252.6,2252.2,2252.6,30,23,40
9:16:32,2252.6,2252.4,2252.6,5,26,37
9:16:33,2252.6,2252.6,2252.8,57,4,2
9:16:33,2252.8,2252.6,2253,4,12,80
9:16:34,2252.6,2252.6,2252.8,2,15,2
9:16:35,2252.6,2252.6,2252.8,2,12,3
9:16:35,2252.6,2252.6,2252.8,1,11,3
9:16:36,2252.8,2252.6,2252.8,3,7,11
9:16:36,2252.6,2252.4,2252.6,7,26,8
9:16:37,2252.4,2252.4,2252.6,3,25,11
9:16:37,2252.4,2252.2,2252.4,30,6,1
9:16:38,2252.4,2252.4,2252.6,5,11,14
9:16:39,2252.4,2252.4,2252.6,2,9,18
9:16:40,2252.6,2252.4,2252.6,2,12,21
9:16:40,2252.4,2252.4,2252.6,5,7,21
9:16:41,2252.4,2252.2,2252.4,7,27,15
9:16:41,2252.4,2252.2,2252.4,14,14,14
9:16:42,2252.4,2252.2,2252.4,8,14,6
9:16:42,2252.4,2252.2,2252.4,2,17,6
9:16:43,2252.4,2252.2,2252.4,2,21,7
9:16:43,2252.4,2252.2,2252.4,4,21,3
9:16:44,2252.2,2252.2,2252.4,2,20,2
9:16:44,2252.4,2252.2,2252.4,2,20,1
9:16:45,2252.2,2252.2,2252.6,12,14,20
9:16:46,2252.6,2252.4,2252.6,1,3,21
9:16:47,2252.6,2252.4,2252.6,4,3,19
9:16:47,2252.6,2252.4,2252.6,5,1,15
9:16:48,2252.4,2252.4,2252.6,3,3,15
9:16:48,2252.4,2252.4,2252.6,3,1,14
9:16:49,2252.6,2252.4,2252.6,1,2,13
9:16:49,2252.4,2252.4,2252.6,4,8,12
9:16:50,2252.4,2252.4,2252.6,2,7,11
9:16:50,2252.6,2252.4,2252.6,1,7,10
9:16:51,2252.4,2252.2,2252.6,8,32,9
9:16:52,2252.4,2252.4,2252.6,1,9,10
9:16:52,2251.8,2251.8,2252.6,106,44,9
9:16:53,2252.2,2252,2252.4,2,1,15
9:16:54,2252.2,2252,2252.2,2,1,5
9:16:54,2252.2,2251.8,2252,7,46,3
9:16:55,2252,2251.8,2252,3,46,3
9:16:56,2252,2251.8,2252,3,45,2
9:16:56,2252.2,2252,2252.2,3,25,1
9:16:57,2252,2252,2252.4,8,18,8
9:16:58,2252,2252,2252.4,1,18,8
9:17:00,2252.4,2252.2,2252.4,6,2,9
9:17:00,2252.2,2252.2,2252.4,2,7,10
9:17:01,2252,2251.8,2252,46,44,57
9:17:01,2252,2251.8,2252,35,44,22
9:17:02,2251.8,2251.8,2252,7,47,23
9:17:02,2251.8,2251.8,2252,6,41,29
9:17:03,2251.8,2251.8,2252,6,36,28
9:17:03,2252,2251.8,2252,4,35,26
9:17:04,2252,2251.8,2252,4,34,24
9:17:04,2251.8,2251.8,2252,21,13,18
9:17:05,2251.8,2251.8,2252,15,7,9
9:17:05,2251.8,2251.8,2252,5,3,6
9:17:06,2251.8,2251.8,2252,1,2,7
9:17:06,2251.6,2251.6,2251.8,7,27,11
9:17:07,2251.8,2251.8,2252,15,3,3
9:17:07,2252,2252,2252.2,5,1,4
9:17:08,2251.8,2251.8,2252.2,5,9,4
9:17:08,2251.8,2251.6,2251.8,9,27,1
9:17:09,2251.8,2251.6,2252,2,29,1
9:17:09,2251.8,2251.8,2252.2,3,3,6
9:17:10,2252,2251.8,2252.2,4,1,5
9:17:12,2251.8,2251.8,2252,5,24,1
9:17:13,2252,2251.8,2252.2,1,24,23
9:17:14,2251.8,2251.8,2252,1,29,1
9:17:16,2252,2251.8,2252,1,30,4
9:17:16,2252,2251.8,2252,8,26,2
9:17:17,2252,2251.8,2252,1,27,8
9:17:18,2252,2251.8,2252,2,28,11
9:17:19,2251.8,2251.8,2252,12,29,1
9:17:19,2252,2251.8,2252.2,3,29,22
9:17:20,2251.8,2251.8,2252.2,5,29,22
9:17:20,2252.2,2251.8,2252.2,15,29,8
9:17:21,2251.8,2251.8,2252.2,9,20,10
9:17:21,2251.8,2252,2252.2,4,23,10
9:17:22,2252,2252,2252.2,12,14,10
9:17:22,2252,2252,2252.2,6,18,9
9:17:23,2252.2,2252,2252.2,1,12,8
9:17:23,2252,2252,2252.2,5,10,8
9:17:24,2252.2,2252,2252.2,2,9,8
9:17:24,2252.2,2252,2252.2,8,9,2
9:17:25,2252.2,2252,2252.2,2,9,1
9:17:25,2252.2,2251.6,2252.2,37,51,14
9:17:26,2252,2251.6,2252.2,12,44,17
9:17:27,2252,2251.8,2252.2,5,1,17
9:17:27,2251.6,2251.8,2252.2,24,1,16
9:17:28,2251.8,2251.6,2252,1,26,1
9:17:28,2252,2251.8,2252,5,1,5
9:17:29,2252,2251.8,2252,4,9,4
9:17:30,2252,2251.8,2252,1,15,3
9:17:30,2252,2251.8,2252,1,15,2
9:17:31,2252,2251.8,2252.2,3,14,23
9:17:31,2251.8,2251.8,2252.2,5,10,23
9:17:32,2251.8,2251.8,2252,1,9,2
9:17:32,2252,2251.8,2252,2,8,1
9:17:33,2252,2251.8,2252.2,5,6,25
9:17:34,2251.8,2251.8,2252,1,8,1
9:17:35,2252,2251.8,2252.2,4,5,22
9:17:35,2252.2,2251.8,2252.2,2,6,22
9:17:37,2252,2251.8,2252.2,2,10,22
9:17:38,2252.2,2251.8,2252.2,1,15,21
9:17:38,2252.2,2251.8,2252,1,15,1
9:17:39,2252,2251.8,2252.2,2,18,21
9:17:40,2252,2251.8,2252.2,5,18,22
9:17:41,2252.2,2252,2252.2,6,1,17
9:17:41,2252.2,2252,2252.2,1,1,16
9:17:42,2252,2252,2252.2,4,8,15
9:17:43,2252.2,2252,2252.2,1,6,14
9:17:44,2252,2252,2252.2,1,5,17
9:17:44,2252.2,2252,2252.2,1,9,17
9:17:45,2252.2,2252.2,2252.4,18,32,8
9:17:45,2252.2,2252.2,2252.4,2,30,9
9:17:46,2252.4,2252.4,2252.6,9,18,34
9:17:46,2252.6,2252.4,2252.6,5,12,29
9:17:47,2252.6,2252.4,2252.6,3,13,26
9:17:47,2252.6,2252.4,2252.6,20,11,8
9:17:48,2252.6,2252.4,2252.6,1,17,7
9:17:48,2252.6,2252.4,2252.6,3,15,6
9:17:49,2252.8,2252.8,2253,47,3,87
9:17:50,2252.8,2252.8,2253,3,1,86
9:17:50,2252.8,2252.6,2253,1,2,86
9:17:51,2252.8,2252.6,2252.8,5,1,3
9:17:51,2253,2252.6,2253,5,3,82
9:17:52,2253,2252.6,2252.8,1,8,4
9:17:53,2252.6,2252.6,2252.8,3,12,7
9:17:53,2252.8,2252.6,2252.8,5,11,7
9:17:54,2252.8,2252.6,2252.8,1,13,18
9:17:55,2252.6,2252.6,2252.8,1,16,18
9:17:55,2252.8,2252.6,2252.8,1,16,18
9:17:57,2252.8,2252.6,2252.8,18,16,5
9:17:57,2252.8,2252.6,2252.8,2,16,5
9:17:58,2252.6,2252.6,2252.8,5,13,3
9:17:58,2252.6,2252.6,2252.8,11,3,14
9:17:59,2252.6,2252.4,2252.6,10,21,8
9:17:59,2252.6,2252.4,2252.6,8,19,1
9:18:00,2252.8,2252.4,2252.8,3,19,19
9:18:00,2252.4,2252.4,2252.6,1,18,1
9:18:01,2252.6,2252.4,2252.6,2,17,1
9:18:01,2252.4,2252.2,2252.4,20,37,24
9:18:02,2252.4,2252.2,2252.4,7,39,18
9:18:02,2252.2,2252.2,2252.4,2,36,18
9:18:03,2252.2,2252.2,2252.4,3,35,17
9:18:03,2252.2,2252.2,2252.4,9,28,19
9:18:04,2251.8,2251.8,2252,66,17,25
9:18:04,2252,2251.8,2252,5,17,21
9:18:05,2252,2251.8,2252,4,17,17
9:18:05,2251.8,2251.8,2252,10,7,15
9:18:06,2252,2251.8,2252,1,7,15
9:18:06,2252,2251.8,2252,1,8,14
9:18:07,2251.8,2251.8,2252,4,4,14
9:18:07,2252,2251.8,2252,4,5,10
9:18:08,2252,2251.8,2252,2,4,9
9:18:08,2252,2252,2252.2,13,1,4
9:18:09,2252,2251.8,2252.2,4,16,2
9:18:09,2251.8,2251.8,2252,2,14,3
9:18:10,2251.8,2251.8,2252,6,9,3
9:18:11,2251.8,2251.8,2252,7,2,3
9:18:11,2252,2252,2252.2,4,7,3
9:18:12,2252,2252,2252.2,3,5,5
9:18:13,2252,2252,2252.2,3,4,5
9:18:15,2252,2251.8,2252,4,11,1
9:18:16,2252,2251.8,2252,2,12,2
9:18:16,2252,2251.8,2252.2,5,12,2
9:18:17,2252,2252,2252.2,1,1,3
9:18:17,2252.2,2252,2252.2,2,1,9
9:18:18,2252,2252,2252.2,3,9,9
9:18:19,2252,2251.8,2252.2,25,10,9
9:18:19,2252.2,2251.8,2252.2,1,10,9
9:18:20,2252.4,2251.8,2252.2,10,10,5
9:18:20,2252,2252,2252.2,5,45,5
9:18:21,2252.2,2252,2252.2,4,46,5
9:18:21,2252.4,2252.2,2252.4,12,17,32
9:18:22,2252.4,2252,2252.4,23,42,30
9:18:23,2252.4,2252.2,2252.4,3,4,33
9:18:24,2252.2,2252.2,2252.4,3,2,32
9:18:25,2252,2252,2252.2,5,48,3
9:18:26,2252.2,2252,2252.2,1,48,2
9:18:26,2252.2,2252,2252.4,2,48,34
9:18:28,2252.2,2252,2252.2,3,48,24
9:18:28,2252.2,2252,2252.2,3,44,30
9:18:29,2252.2,2252,2252.2,1,44,29
9:18:29,2252,2252,2252.2,5,39,29
9:18:30,2252,2251.8,2252,40,15,30
9:18:31,2251.8,2251.6,2251.8,15,45,16
9:18:31,2251.6,2251.6,2251.8,5,40,23
9:18:32,2251.8,2251.6,2251.8,1,40,29
9:18:32,2251.6,2251.6,2251.8,1,39,29
9:18:33,2251.8,2251.6,2251.8,4,38,26
9:18:33,2251.8,2251.6,2251.8,2,36,25
9:18:34,2251.6,2251.6,2251.8,1,35,25
9:18:35,2251.6,2251.6,2251.8,11,24,25
9:18:35,2251.6,2251.6,2251.8,1,23,25
9:18:36,2251.6,2251.6,2251.8,5,18,25
9:18:36,2251.8,2251.8,2252,34,11,41
9:18:37,2251.8,2251.8,2252,1,10,41
9:18:37,2251.8,2251.8,2252,1,9,41
9:18:38,2251.8,2251.8,2252,2,8,41
9:18:38,2251.8,2251.8,2252,1,17,41
9:18:39,2251.8,2251.8,2252,1,17,42
9:18:39,2251.8,2251.8,2252,1,16,42
9:18:40,2251.8,2251.8,2252,1,15,43
9:18:40,2252,2251.8,2252,1,15,47
9:18:41,2251.8,2251.8,2252,5,10,47
9:18:42,2251.8,2251.8,2252,1,11,54
9:18:43,2251.8,2251.8,2252,50,6,9
9:18:44,2252,2251.8,2252,2,7,9
9:18:45,2251.8,2251.6,2252,7,61,12
9:18:46,2252,2252,2252.2,14,37,32
9:18:46,2252,2252,2252.2,16,23,30
9:18:47,2252,2252,2252.2,7,21,29
9:18:48,2252,2252,2252.2,21,15,14
9:18:48,2252,2252,2252.2,11,4,14
9:18:49,2252,2251.8,2252,11,37,4
9:18:50,2251.8,2251.8,2252,13,26,5
9:18:50,2251.8,2251.8,2252,11,14,5
9:18:51,2251.8,2251.8,2252,1,13,4
9:18:51,2252,2251.8,2252,2,13,4
9:18:52,2252,2252,2252.2,5,41,16
9:18:52,2252,2252,2252.2,1,41,18
9:18:54,2252,2252,2252.2,1,42,16
9:18:55,2252,2252,2252.2,1,41,17
9:18:55,2252,2252,2252.2,1,40,27
9:18:56,2252,2252,2252.2,5,35,28
9:18:57,2252,2252,2252.2,2,34,28
9:18:58,2252,2252,2252.2,1,33,28
9:18:58,2252.2,2252,2252.2,1,33,28
9:18:59,2252.2,2252,2252.2,1,33,27
9:18:59,2252.2,2252,2252.2,1,33,26
9:19:00,2252.2,2252,2252.2,1,33,25
9:19:00,2252.2,2252,2252.2,2,32,24
9:19:01,2252,2252,2252.2,2,31,23
9:19:01,2252.2,2252,2252.2,3,31,21
9:19:02,2252.2,2252,2252.2,4,30,19
9:19:02,2252,2252,2252.2,1,29,19
9:19:03,2252,2252,2252.2,1,28,19
9:19:04,2252.2,2252,2252.2,1,29,18
9:19:05,2252,2252,2252.2,1,28,19
9:19:06,2252.2,2252,2252.2,1,29,18
9:19:06,2252,2252,2252.2,11,18,20
9:19:07,2252.2,2252,2252.2,2,18,18
9:19:08,2252,2252,2252.2,1,19,28
9:19:08,2252,2252,2252.2,17,3,27
9:19:09,2252,2251.8,2252,3,20,7
9:19:09,2252,2251.8,2252,1,20,7
9:19:10,2251.8,2251.8,2252,2,18,6
9:19:10,2252,2251.8,2252,1,18,5
9:19:11,2251.8,2251.8,2252,1,20,12
9:19:11,2252,2251.8,2252,3,20,8
9:19:12,2251.8,2251.8,2252,9,13,8
9:19:12,2252,2251.8,2252,1,13,8
9:19:13,2251.8,2251.8,2252,4,12,6
9:19:13,2252,2251.6,2252,18,28,5
9:19:15,2251.6,2251.6,2251.8,3,26,11
9:19:15,2251.6,2251.6,2251.8,3,23,11
9:19:16,2251.8,2251.8,2252,14,38,5
9:19:16,2251.8,2251.8,2252,3,35,6
9:19:17,2251.2,2251.2,2251.8,94,33,2
9:19:17,2251.2,2251.2,2251.8,2,34,18
9:19:18,2251.8,2251.4,2251.6,20,16,1
9:19:18,2251.4,2251.4,2251.6,16,6,11
9:19:19,2251.2,2251.2,2251.4,12,32,5
9:19:19,2251.2,2251.2,2251.4,15,13,4
9:19:20,2251.2,2251.2,2251.4,6,9,3
9:19:20,2251.2,2251,2251.2,16,69,1
9:19:21,2251.2,2251,2251.2,5,67,10
9:19:21,2251.2,2251,2251.4,14,63,3
9:19:22,2251.2,2251.2,2251.4,3,4,4
9:19:22,2251.2,2251.2,2251.4,13,21,4
9:19:23,2251.2,2251.2,2251.4,23,2,11
9:19:23,2251,2251,2251.2,3,58,6
9:19:24,2251.2,2251,2251.2,4,56,5
9:19:24,2251,2251,2251.2,2,55,4
9:19:25,2251.4,2251.4,2251.6,16,30,12
9:19:25,2251.4,2251.4,2251.6,5,25,12
9:19:26,2251.4,2251.4,2251.6,2,23,14
9:19:26,2251.6,2251.4,2251.6,2,22,10
9:19:27,2251.4,2251.4,2251.6,4,19,10
9:19:27,2251.4,2251.4,2251.6,6,13,10
9:19:28,2251.4,2251.4,2251.6,3,10,9
9:19:28,2251,2251,2251.4,68,10,1
9:19:29,2251.4,2251.4,2251.6,5,10,8
9:19:29,2251.4,2251.2,2251.4,10,1,7
9:19:30,2251.4,2251,2251.4,2,28,9
9:19:30,2251,2251,2251.4,4,28,8
9:19:31,2251.4,2251,2251.2,1,27,5
9:19:31,2251,2251,2251.2,3,26,4
9:19:32,2251.2,2251,2251.2,8,19,3
9:19:32,2251,2251,2251.2,3,17,3
9:19:33,2250.8,2250.6,2250.8,34,11,10
9:19:33,2251,2250.4,2251,37,34,35
9:19:34,2250.4,2250.4,2251,22,14,41
9:19:34,2250.8,2250.2,2250.8,34,28,15
9:19:35,2250.2,2250.2,2250.4,29,24,2
9:19:35,2250.2,2250,2250.2,33,52,5
9:19:36,2250,2250,2250.2,7,50,41
9:19:36,2249.8,2249.6,2250,58,7,39
9:19:37,2249.6,2249.4,2249.6,12,7,35
9:19:37,2249.4,2249,2249.2,16,7,2
9:19:38,2249,2249,2249.4,52,24,5
9:19:38,2249.4,2249.2,2249.4,43,41,3
9:19:39,2249.4,2249.4,2249.6,81,13,27
9:19:39,2249.2,2249.2,2249.6,67,35,10
9:19:40,2249.2,2249.2,2249.4,16,24,9
9:19:40,2249.2,2249.2,2249.4,28,19,9
9:19:41,2249.2,2248.8,2249.2,33,28,12
9:19:41,2249,2248.8,2249,5,33,29
9:19:42,2249,2248.8,2249,24,16,12
9:19:42,2248.8,2248.6,2248.8,42,14,9
9:19:43,2248.6,2248.6,2248.8,20,34,3
9:19:43,2248.8,2248.8,2249.2,20,3,26
9:19:44,2248.8,2249,2249.2,44,3,19
9:19:44,2249.2,2249,2249.4,37,6,15
9:19:45,2249.4,2249.2,2249.4,49,33,16
9:19:45,2249.4,2249.4,2249.6,35,7,4
9:19:46,2249.4,2249.4,2249.6,9,14,15
9:19:46,2249.4,2249.2,2249.4,23,32,8
9:19:47,2249.4,2249.4,2249.6,19,36,36
9:19:47,2249.4,2249.4,2249.6,9,30,44
9:19:48,2249.4,2249.4,2249.6,26,6,43
9:19:48,2249.6,2249.4,2249.6,5,4,40
9:19:49,2249.4,2249.4,2249.6,4,2,40
9:19:49,2249.4,2249.2,2249.4,24,29,1
9:19:50,2249.6,2249.4,2249.6,13,2,24
9:19:50,2249.6,2249.4,2249.6,19,6,10
9:19:51,2249.6,2249.6,2249.8,27,15,20
9:19:51,2249.8,2249.6,2249.8,3,31,18
9:19:52,2249.8,2249.6,2249.8,14,38,3
9:19:52,2250,2249.8,2250,11,53,9
9:19:53,2250.2,2250,2250.4,16,70,4
9:19:53,2250.4,2250,2250.6,64,24,1
9:19:54,2249.8,2249.8,2250.4,55,37,1
9:19:54,2250.4,2250,2250.4,4,5,10
9:19:55,2250.4,2250.4,2250.6,25,20,27
9:19:55,2250.4,2250.4,2250.6,16,16,28
9:19:56,2250.4,2250.4,2250.6,9,13,22
9:19:56,2250.4,2250.2,2250.4,13,8,8
9:19:57,2250.4,2250.2,2250.6,12,15,14
9:19:57,2250.2,2250.2,2250.4,1,14,1
9:19:58,2250.4,2250.4,2250.6,1,1,14
9:19:58,2250.6,2250.4,2250.6,5,8,14
9:19:59,2250.4,2250.4,2250.6,6,5,13
9:19:59,2250.4,2250.4,2250.6,3,2,15
9:20:00,2250.2,2250.2,2250.6,22,12,3
9:20:00,2250.6,2250.2,2250.8,10,25,3
9:20:01,2250.2,2250.2,2250.8,16,13,3
9:20:01,2250.8,2250.8,2251,46,5,4
9:20:02,2250.8,2250.8,2251,6,3,3
9:20:02,2250.4,2250.4,2251,15,9,16
9:20:03,2250.4,2250.4,2250.8,6,5,24
9:20:03,2250.4,2250.4,2250.6,5,2,22
9:20:04,2250.4,2250.2,2250.4,6,12,9
9:20:04,2250.2,2250.2,2250.4,3,8,7
9:20:05,2250.4,2250.2,2250.4,7,8,1
9:20:05,2250.4,2250.2,2250.4,3,8,15
9:20:06,2250.4,2250.2,2250.4,3,8,13
9:20:06,2250.4,2250.2,2250.4,3,8,11
9:20:07,2250.4,2250.2,2250.4,7,21,7
9:20:07,2250.4,2250.4,2250.6,12,44,34
9:20:08,2250.6,2250.4,2250.6,29,46,5
9:20:09,2250.6,2250.4,2250.6,1,48,4
9:20:09,2250.6,2250.6,2250.8,5,5,11
9:20:10,2250.6,2250.6,2250.8,3,5,10
9:20:10,2250.8,2250.6,2250.8,4,5,7
9:20:11,2250.6,2250.6,2250.8,5,2,5
9:20:11,2250.8,2250.6,2250.8,7,2,10
9:20:12,2250.8,2250.8,2251,16,10,15
9:20:13,2250.8,2250.8,2251,1,9,21
9:20:13,2251,2250.8,2251,3,8,19
9:20:14,2251,2250.8,2251,1,8,20
9:20:14,2250.6,2250.6,2251,14,1,18
9:20:15,2250.8,2250.4,2250.8,6,36,6
9:20:15,2250.8,2250.6,2250.8,3,10,8
9:20:16,2250.8,2250.4,2250.8,26,25,5
9:20:16,2250.6,2250.4,2250.6,3,24,48
9:20:17,2250.6,2250.4,2250.6,21,5,47
9:20:17,2250.4,2250.2,2250.4,7,34,22
9:20:18,2250.4,2250.2,2250.4,4,36,19
9:20:19,2250.4,2250.2,2250.4,4,33,28
9:20:19,2250.4,2250.2,2250.4,5,33,27
9:20:20,2250.2,2250.2,2250.4,2,31,28
9:20:20,2250.4,2250.2,2250.4,10,31,18
9:20:21,2250.4,2250.2,2250.4,9,26,15
9:20:21,2250.4,2250.2,2250.4,5,24,12
9:20:22,2250.2,2250.2,2250.4,3,23,11
9:20:22,2250.2,2250.2,2250.4,5,18,11
9:20:23,2250,2250,2250.2,29,2,1
9:20:23,2250.6,2250,2250.6,24,1,38
9:20:24,2250.4,2250.2,2250.4,11,1,10
9:20:24,2250,2249.8,2250,11,18,16
9:20:25,2249.8,2249.8,2250,3,15,16
9:20:25,2250,2249.4,2250,51,6,15
9:20:26,2249.8,2249.4,2250,24,6,14
9:20:26,2249.4,2249.2,2249.4,17,37,14
9:20:27,2249.2,2249.2,2249.4,3,39,15
9:20:27,2249.4,2249.2,2249.4,8,34,12
9:20:28,2249.4,2249.4,2249.8,19,10,3
9:20:28,2249.2,2249.2,2249.4,11,30,3
9:20:29,2249.2,2249.4,2249.8,22,12,12
9:20:29,2249.4,2249.4,2249.8,8,14,10
9:20:30,2249.4,2249.4,2249.8,5,22,8
9:20:30,2249.4,2249.4,2249.6,10,14,1
9:20:31,2249.4,2249.4,2249.6,20,31,4
9:20:31,2249.6,2249.6,2249.8,8,6,7
9:20:32,2249.8,2249.6,2249.8,6,3,7
9:20:32,2249.6,2249.6,2249.8,2,1,8
9:20:33,2249.6,2249.4,2249.6,4,33,1
9:20:33,2249.6,2249.4,2249.6,11,34,9
9:20:34,2249.8,2249.6,2249.8,11,2,5
9:20:34,2249.6,2249.4,2249.6,7,34,45
9:20:35,2249.6,2249.4,2249.6,20,23,43
9:20:35,2249.4,2249.2,2249.4,22,31,6
9:20:36,2249.2,2249.2,2249.4,14,28,8
9:20:37,2249.4,2249.2,2249.4,16,20,1
9:20:37,2249.2,2249.2,2249.4,5,17,2
9:20:38,2249.2,2249,2249.2,19,49,18
9:20:38,2249.2,2249,2249.2,6,44,17
9:20:39,2249.2,2249,2249.2,31,21,22
9:20:39,2249,2249,2249.2,9,12,22
9:20:40,2249,2249,2249.2,9,8,22
9:20:40,2249.2,2248.8,2249,10,13,9
9:20:41,2249,2248.8,2249,4,15,17
9:20:41,2249,2248.8,2249,13,9,12
9:20:42,2248.8,2248.8,2249,10,4,22
9:20:42,2248.8,2248.6,2249,7,10,21
9:20:43,2248.8,2248.6,2248.8,2,13,2
9:20:43,2249,2248.8,2249,6,1,22
9:20:44,2248.8,2248.6,2248.8,44,10,8
9:20:44,2248.8,2248.6,2248.8,11,3,7
9:20:45,2248.4,2248.4,2248.6,18,21,29
9:20:45,2248.6,2248.4,2248.6,15,15,25
9:20:46,2248.4,2248.4,2248.6,34,1,7
9:20:46,2248.6,2248.2,2248.4,10,93,5
9:20:47,2248.4,2248.4,2248.6,21,14,4
9:20:47,2248.6,2248.6,2248.8,52,1,30
9:20:48,2248.4,2248.4,2248.6,28,15,10
9:20:48,2248.4,2248.4,2248.6,15,16,12
9:20:49,2248.6,2248.6,2248.8,46,38,26
9:20:49,2248.6,2248.6,2248.8,17,29,23
9:20:50,2248.6,2248.4,2248.6,47,3,2
9:20:50,2248.4,2248.2,2248.4,11,97,8
9:20:51,2248.2,2248.2,2248.4,2,105,17
9:20:51,2248.6,2248.4,2248.6,23,5,8
9:20:52,2248.6,2248.6,2248.8,53,1,40
9:20:52,2248.8,2248.4,2248.6,3,18,2
9:20:53,2248.6,2248.4,2248.8,14,19,38
9:20:53,2248.6,2248.4,2248.8,1,20,40
9:20:54,2248.6,2248.4,2248.6,11,39,4
9:20:54,2248.8,2248.4,2248.6,6,39,2
9:20:55,2248.4,2248.6,2248.8,27,3,41
9:20:55,2248.6,2248.6,2248.8,5,6,40
9:20:56,2248.6,2248.6,2248.8,8,3,41
9:20:56,2248.8,2248.6,2248.8,12,1,34
9:20:57,2248.6,2248.4,2248.6,6,19,2
9:20:57,2248.6,2248.4,2248.6,4,39,6
9:20:58,2248.6,2248.4,2248.6,4,39,18
9:20:58,2248.6,2248.4,2248.6,19,37,1
9:20:59,2248.4,2248.6,2248.8,4,39,34
9:20:59,2248.8,2248.6,2248.8,7,36,26
9:21:00,2248.8,2248.8,2249,35,40,66
9:21:00,2248.8,2248.8,2249,13,37,63
9:21:01,2249,2248.8,2249,78,7,59
9:21:01,2248.8,2248.6,2248.8,17,5,1
9:21:02,2248.4,2248.4,2248.8,53,15,21
9:21:02,2248.4,2248.4,2248.6,9,1,1
9:21:03,2248.6,2248.4,2248.6,29,1,12
9:21:03,2248.6,2248.6,2248.8,41,27,15
9:21:04,2248.6,2248.6,2248.8,29,2,14
9:21:04,2248.8,2248.2,2248.4,30,93,1
9:21:05,2248.4,2248.4,2248.6,3,12,24
9:21:05,2248.4,2248.4,2248.6,10,30,25
9:21:06,2248.4,2248.4,2248.6,10,25,23
9:21:06,2248.6,2248.4,2248.6,5,25,20
9:21:07,2248.6,2248.6,2248.8,23,1,4
9:21:07,2248.6,2248.4,2248.6,11,35,100
9:21:08,2248.4,2248.2,2248.4,60,94,8
9:21:08,2248.2,2248.2,2248.4,48,54,66
9:21:09,2248.2,2248,2248.2,77,71,17
9:21:09,2248,2248,2248.2,67,10,29
9:21:10,2248,2247.6,2248,26,30,9
9:21:10,2247.6,2247.8,2248,37,12,13
9:21:11,2248,2247.8,2248,39,31,5
9:21:11,2247.8,2248,2248.2,32,3,11
9:21:12,2248,2248,2248.2,18,21,7
9:21:12,2248,2248,2248.2,9,36,3
9:21:13,2248.4,2248.2,2248.4,15,16,67
9:21:13,2248.2,2248.2,2248.4,13,11,68
9:21:14,2248.4,2248.2,2248.4,4,10,68
9:21:14,2248.4,2248.2,2248.4,5,9,68
9:21:15,2248.2,2248.2,2248.4,28,2,47
9:21:15,2248.4,2248,2248.4,8,64,39
9:21:16,2248.2,2248.2,2248.4,7,2,33
9:21:16,2248.2,2248.2,2248.4,4,19,31
9:21:17,2248.2,2248.2,2248.4,20,5,31
9:21:17,2248.2,2248.2,2248.4,37,10,2
9:21:18,2248.4,2248.4,2248.6,4,28,107
9:21:18,2248.6,2248.4,2248.6,22,11,88
9:21:19,2248.4,2248.4,2248.6,2,12,80
9:21:19,2248.2,2248.2,2248.4,19,38,4
9:21:20,2248.4,2248.2,2248.6,12,37,78
9:21:20,2248.6,2248.4,2248.6,4,1,79
9:21:21,2248.2,2248.2,2248.6,11,37,71
9:21:21,2248.6,2248.2,2248.4,2,37,4
9:21:22,2248.2,2248.2,2248.4,2,36,3
9:21:22,2248.4,2248.4,2248.6,12,30,67
9:21:23,2248.6,2248.4,2248.6,5,29,67
9:21:24,2248.6,2248.4,2248.6,2,29,107
9:21:24,2248.6,2248.4,2248.6,5,26,107
9:21:25,2248.6,2248.4,2248.6,12,31,99
9:21:25,2248.6,2248.4,2248.6,2,32,100
9:21:26,2248.4,2248.4,2248.6,2,31,99
9:21:26,2248.6,2248.4,2248.6,6,32,93
9:21:27,2248.6,2248.4,2248.6,30,13,92
9:21:27,2248.6,2248.4,2248.6,8,12,86
9:21:28,2248.4,2248.4,2248.6,2,12,86
9:21:28,2248.6,2248.4,2248.6,3,26,83
9:21:29,2248.6,2248.4,2248.6,5,38,83
9:21:29,2248.4,2248.4,2248.6,4,34,83
9:21:30,2248.6,2248.4,2248.6,7,30,82
9:21:30,2248.6,2248.4,2248.6,6,30,77
9:21:31,2248.4,2248.4,2248.6,35,20,54
9:21:31,2248.6,2248.4,2248.6,20,12,43
9:21:32,2248.6,2248.4,2248.6,17,18,31
9:21:32,2248.6,2248.4,2248.6,10,23,21
9:21:33,2248.4,2248.4,2248.6,7,21,21
9:21:33,2248.4,2248.4,2248.6,7,16,15
9:21:34,2248.6,2248.4,2248.6,2,7,13
9:21:34,2248.6,2248.4,2248.6,3,3,11
9:21:35,2248.4,2248.4,2248.6,2,22,10
9:21:36,2248.6,2248.4,2248.6,1,26,9
9:21:36,2248.6,2248.6,2248.8,9,1,21
9:21:37,2248.6,2248.6,2248.8,5,28,20
9:21:37,2248.8,2248.6,2248.8,6,29,16
9:21:38,2248.8,2248.6,2248.8,11,34,8
9:21:38,2248.8,2248.8,2249,9,3,82
9:21:39,2248.8,2248.8,2249,3,3,87
9:21:39,2249,2248.8,2249,9,1,80
9:21:40,2249,2248.6,2248.8,3,34,18
9:21:40,2248.8,2248.6,2248.8,3,34,22
9:21:41,2248.8,2248.6,2248.8,8,35,17
9:21:41,2248.6,2248.6,2248.8,6,35,23
9:21:42,2248.6,2248.6,2248.8,4,33,22
9:21:42,2248.8,2248.6,2248.8,9,34,19
9:21:43,2248.8,2248.6,2248.8,10,34,9
9:21:43,2248.6,2248.6,2248.8,5,29,10
9:21:44,2248.6,2248.6,2248.8,1,29,10
9:21:44,2248.8,2248.6,2248.8,1,29,9
9:21:45,2248.8,2248.6,2248.8,1,32,9
9:21:45,2248.8,2248.6,2248.8,2,34,8
9:21:46,2248.6,2248.6,2248.8,1,33,8
9:21:47,2248.8,2248.6,2248.8,1,33,9
9:21:47,2248.8,2248.6,2248.8,1,33,8
9:21:48,2248.6,2248.6,2248.8,2,32,58
9:21:48,2248.8,2248.6,2248.8,12,33,47
9:21:49,2248.8,2248.8,2249,83,24,77
9:21:49,2248.8,2248.8,2249,2,23,81
9:21:50,2248.8,2248.8,2249,54,20,34
9:21:50,2249,2248.8,2249,4,23,26
9:21:51,2249,2248.8,2249,16,31,12
9:21:51,2249,2248.8,2249,3,38,8
9:21:52,2249,2249,2249.2,9,47,22
9:21:52,2249,2249,2249.2,2,48,37
9:21:53,2249,2249,2249.2,4,49,31
9:21:53,2249,2249,2249.2,4,47,28
9:21:54,2249.2,2249,2249.2,19,47,13
9:21:54,2249.2,2249,2249.2,2,46,13
9:21:55,2249.2,2249,2249.2,4,47,9
9:21:55,2249.2,2249.2,2249.6,37,41,55
9:21:56,2249.2,2249.2,2249.6,26,32,38
9:21:56,2249.2,2249.2,2249.6,1,33,42
9:21:57,2249.4,2249.2,2249.4,5,37,16
9:21:57,2249.4,2249.2,2249.4,7,38,9
9:21:58,2249.4,2249.2,2249.4,10,38,8
9:21:58,2249.4,2249.2,2249.4,7,38,1
9:21:59,2249.4,2249.2,2249.6,1,39,43
9:21:59,2249.4,2249.4,2249.6,3,4,43
9:22:00,2249.4,2249.4,2249.6,4,3,47
9:22:01,2249.4,2249.4,2249.6,5,8,89
9:22:01,2249.4,2249.4,2249.6,57,6,34
9:22:02,2249.4,2249.2,2249.4,9,43,92
9:22:02,2249.2,2249.2,2249.4,10,43,84
9:22:03,2249.2,2249.2,2249.4,9,38,81
9:22:03,2249.2,2249.2,2249.4,34,5,80
9:22:04,2249.4,2249,2249.4,6,57,79
9:22:04,2249,2249,2249.2,50,7,9
9:22:05,2249.2,2249,2249.2,1,9,8
9:22:05,2249,2249,2249.2,9,2,14
9:22:06,2249.2,2248.8,2249.2,4,29,13
9:22:06,2248.8,2248.8,2249,1,28,3
9:22:07,2248.8,2248.8,2249,3,25,3
9:22:07,2249,2248.8,2249,1,28,2
9:22:08,2248.8,2248.8,2249,4,27,1
9:22:08,2249.2,2249,2249.2,3,1,15
9:22:09,2249,2248.8,2249.2,3,28,14
9:22:09,2249,2248.8,2249.2,3,33,14
9:22:10,2249,2248.8,2249,1,34,3
9:22:10,2248.8,2248.8,2249,1,34,5
9:22:11,2248.8,2248.8,2249,1,34,5
9:22:11,2249,2248.8,2249,8,34,9
9:22:12,2249,2248.8,2249,1,35,9
9:22:12,2248.8,2248.8,2249,7,29,8
9:22:13,2249,2248.8,2249,2,28,7
9:22:13,2248.8,2248.8,2249,5,23,9
9:22:14,2248.8,2248.8,2249,1,22,35
9:22:14,2248.8,2248.8,2249,5,21,33
9:22:15,2248.8,2248.6,2248.8,36,36,10
9:22:15,2248.6,2248.6,2248.8,1,35,13
9:22:16,2248.8,2248.6,2248.8,10,31,7
9:22:16,2248.8,2248.8,2249,8,12,36
9:22:17,2249,2248.8,2249,3,14,35
9:22:17,2248.8,2248.8,2249,3,11,36
9:22:18,2249,2248.8,2249,34,1,29
9:22:18,2248.8,2248.6,2249,1,17,29
9:22:19,2249,2248.6,2249,1,17,31
9:22:19,2248.8,2248.6,2248.8,1,17,1
9:22:20,2248.6,2248.6,2248.8,1,16,1
9:22:20,2249,2248.6,2249,2,25,48
9:22:21,2248.8,2248.8,2249,2,8,49
9:22:22,2249,2248.8,2249,3,7,51
9:22:23,2248.8,2248.8,2249,1,10,53
9:22:23,2249,2248.8,2249,12,4,56
9:22:24,2248.8,2248.6,2248.8,7,28,1
9:22:25,2248.8,2248.8,2249,1,8,37
9:22:25,2249,2248.8,2249,1,20,36
9:22:26,2249,2248.8,2249,7,28,34
9:22:26,2248.8,2248.8,2249,30,25,10
9:22:27,2249,2248.8,2249,8,22,8
9:22:27,2249,2249,2249.2,15,13,21
9:22:28,2249.2,2249,2249.2,2,22,19
9:22:28,2249.2,2249,2249.2,5,21,22
9:22:29,2249,2248.8,2249,22,23,17
9:22:29,2249,2248.8,2249,7,23,11
9:22:30,2249,2248.8,2249,1,17,10
9:22:31,2248.8,2248.8,2249,1,16,12
9:22:31,2249,2248.8,2249,4,13,8
9:22:32,2249,2248.8,2249,3,13,5
9:22:33,2249,2248.8,2249,4,13,1
9:22:33,2249,2249,2249.2,4,2,21
9:22:34,2249,2248.8,2249,2,19,28
9:22:35,2248.8,2248.8,2249,1,19,105
9:22:35,2248.8,2248.8,2249,35,2,95
9:22:36,2248.8,2248.6,2248.8,2,34,29
9:22:36,2248.8,2248.6,2248.8,8,28,30
9:22:37,2248.8,2248.6,2248.8,1,28,24
9:22:37,2248.6,2248.6,2248.8,4,24,87
9:22:38,2248.6,2248.6,2248.8,4,20,86
9:22:38,2248.6,2248.4,2248.6,22,31,20
9:22:39,2248.6,2248.6,2248.8,25,27,82
9:22:39,2248.8,2248.6,2248.8,2,26,81
9:22:40,2248.6,2248.6,2248.8,9,17,79
9:22:40,2248.4,2248.4,2248.8,26,23,74
9:22:41,2248.8,2248.4,2248.8,1,23,73
9:22:42,2248.4,2248.4,2248.6,2,22,4
9:22:42,2248.6,2248.4,2248.6,2,23,7
9:22:43,2248.4,2248.4,2248.6,7,17,8
9:22:43,2248.4,2248.4,2248.6,2,17,8
9:22:44,2248.6,2248.4,2248.6,2,16,7
9:22:44,2248.4,2248.4,2248.6,1,15,8
9:22:45,2248.4,2248.4,2248.6,2,14,14
9:22:45,2248.6,2248.2,2248.6,28,45,9
9:22:46,2248.4,2248.4,2248.6,3,24,10
9:22:46,2248.4,2248.4,2248.6,9,21,8
9:22:47,2248.6,2248.4,2248.6,5,20,4
9:22:47,2248.4,2248.4,2248.6,5,21,8
9:22:48,2248.4,2248.4,2248.6,1,21,9
9:22:48,2248.6,2248.4,2248.6,2,20,11
9:22:49,2248.4,2248.4,2248.6,2,20,11
9:22:49,2248.6,2248.6,2248.8,12,38,82
9:22:50,2248.6,2248.6,2248.8,9,29,82
9:22:50,2248.8,2248.6,2248.8,3,29,79
9:22:51,2248.8,2248.6,2248.8,1,29,78
9:22:51,2248.8,2248.6,2248.8,6,28,73
9:22:52,2248.6,2248.6,2248.8,5,36,73
9:22:54,2248.8,2248.6,2248.8,3,45,75
9:22:55,2248.8,2248.6,2248.8,1,48,75
9:22:55,2248.8,2248.6,2248.8,2,48,83
9:22:56,2248.8,2248.6,2248.8,3,48,80
9:22:56,2248.6,2248.6,2248.8,5,57,78
9:22:57,2248.8,2248.6,2248.8,3,57,75
9:22:57,2248.8,2248.6,2248.8,1,57,150
9:22:58,2248.8,2248.6,2248.8,2,57,147
9:22:58,2248.6,2248.6,2248.8,24,21,146
9:22:59,2248.8,2248.6,2248.8,4,18,146
9:22:59,2248.6,2248.6,2248.8,2,16,146
9:23:00,2248.6,2248.4,2248.6,16,14,6
9:23:00,2248.2,2248.2,2248.6,15,45,8
9:23:01,2248.4,2248.2,2248.4,17,40,6
9:23:01,2248.4,2248.4,2248.6,17,27,15
9:23:02,2248.4,2248.4,2248.6,4,25,30
9:23:02,2248.6,2248.4,2248.6,9,24,30
9:23:03,2248.6,2248.4,2248.6,2,24,29
9:23:03,2248.6,2248.4,2248.6,8,17,28
9:23:04,2248.6,2248.4,2248.6,9,11,26
9:23:04,2248.4,2248.2,2248.4,11,31,3
9:23:05,2248.4,2248.2,2248.4,1,31,4
9:23:05,2248.4,2248.4,2248.6,5,16,42
9:23:06,2248.4,2248.4,2248.6,2,18,41
9:23:06,2248.4,2248.4,2248.6,2,18,55
9:23:07,2248.4,2248.4,2248.6,3,16,54
9:23:07,2248.4,2248.4,2248.6,9,9,53
9:23:08,2248.4,2248.2,2248.4,10,31,16
9:23:08,2248.2,2248.2,2248.4,12,28,10
9:23:09,2248.4,2248.2,2248.4,3,29,12
9:23:09,2248.2,2248.2,2248.4,1,27,12
9:23:10,2248.4,2248.2,2248.4,11,23,16
9:23:10,2248.2,2248.2,2248.4,4,21,16
9:23:11,2248.4,2248.2,2248.4,4,18,16
9:23:11,2248.4,2248.2,2248.4,18,7,9
9:23:12,2248.4,2248.2,2248.4,5,4,8
9:23:13,2248.2,2248,2248.2,6,42,3
9:23:14,2248.2,2248,2248.2,2,43,2
9:23:14,2248,2248,2248.2,3,40,3
9:23:15,2248,2248,2248.2,6,35,3
9:23:15,2248,2248,2248.2,3,32,3
9:23:16,2248,2248,2248.2,13,20,3
9:23:16,2248,2248,2248.2,4,18,3
9:23:17,2248,2248,2248.2,11,10,17
9:23:17,2248.2,2248,2248.2,4,8,15
9:23:18,2248,2248,2248.2,2,6,16
9:23:18,2248,2248,2248.2,4,3,8
9:23:19,2248,2247.8,2248,3,34,12
9:23:19,2248,2248,2248.2,14,17,5
9:23:20,2248,2248,2248.2,1,19,3
9:23:20,2248.2,2248,2248.2,7,19,2
9:23:21,2248,2248,2248.2,3,17,2
9:23:21,2248.2,2248.2,2248.4,3,1,8
9:23:22,2248.4,2248.2,2248.4,5,1,3
9:23:22,2248.4,2248.2,2248.4,6,7,2
9:23:23,2248.4,2248.2,2248.4,3,5,1
9:23:23,2248.2,2248.2,2248.6,5,12,30
9:23:24,2248.2,2248.2,2248.6,1,11,30
9:23:24,2248.4,2248.2,2248.4,4,13,5
9:23:25,2248.2,2248,2248.2,25,26,56
9:23:25,2248,2248,2248.2,3,25,54
9:23:26,2248,2247.8,2248,26,37,4
9:23:26,2247.8,2247.8,2248,4,36,1
9:23:27,2247.8,2247.8,2248.2,8,31,87
9:23:27,2247.8,2247.8,2248.2,8,29,87
9:23:28,2247.8,2247.8,2248,8,21,22
9:23:28,2248,2247.8,2248,6,20,18
9:23:29,2247.8,2247.8,2248.2,52,3,87
9:23:29,2247.8,2247.8,2248,3,1,9
9:23:30,2248,2248,2248.2,41,1,57
9:23:30,2248,2247.8,2248,7,6,2
9:23:31,2248,2247.8,2248.2,4,8,57
9:23:31,2247.6,2247.8,2248.2,19,2,57
9:23:32,2248,2247.8,2248.2,1,4,58
9:23:32,2247.8,2248,2248.2,3,1,57
9:23:33,2247.8,2247.8,2248.2,3,6,56
9:23:33,2248,2247.6,2248,10,7,2
9:23:34,2248,2247.6,2248.2,4,7,62
9:23:34,2247.6,2247.6,2248,14,29,10
9:23:35,2247.6,2247.6,2248,7,24,25
9:23:35,2247.8,2247.8,2248,15,24,28
9:23:36,2247.8,2247.8,2248,8,17,28
9:23:36,2247.8,2247.6,2248,18,20,13
9:23:37,2247.6,2247.6,2248,11,12,8
9:23:37,2247.8,2247.6,2248,6,13,7
9:23:38,2248,2247.8,2248,6,8,5
9:23:38,2247.6,2247.6,2247.8,10,12,2
9:23:39,2247.8,2247.6,2247.8,1,12,1
9:23:39,2247.6,2247.6,2247.8,10,12,33
9:23:40,2247.6,2247.4,2247.6,21,19,6
9:23:40,2247.6,2247.6,2247.8,14,20,27
9:23:41,2247.6,2247.6,2247.8,11,9,37
9:23:41,2247.8,2247.6,2247.8,7,9,27
9:23:42,2247.6,2247.4,2247.6,12,22,1
9:23:42,2247.6,2247.6,2247.8,15,34,24
9:23:43,2247.8,2247.6,2247.8,3,35,29
9:23:43,2247.8,2247.6,2247.8,8,35,20
9:23:44,2247.8,2247.6,2247.8,6,34,15
9:23:44,2247.8,2247.6,2247.8,20,23,7
9:23:45,2247.6,2247.6,2247.8,6,22,2
9:23:45,2247.6,2247.4,2247.6,26,30,15
9:23:46,2247.6,2247.4,2247.6,5,30,10
9:23:46,2247.6,2247.4,2247.6,4,32,7
9:23:47,2247.4,2247.4,2247.6,5,28,8
9:23:47,2247.6,2247.4,2247.6,14,17,12
9:23:48,2247.4,2247.4,2247.6,11,7,11
9:23:48,2247.6,2247.6,2247.8,33,3,18
9:23:49,2247.2,2247.2,2247.4,7,64,3
9:23:49,2247.4,2247.4,2247.8,7,1,16
9:23:50,2247.4,2247.4,2247.6,7,18,1
9:23:50,2247.4,2247.4,2247.8,15,11,15
9:23:51,2247.4,2247.4,2247.8,8,9,17
9:23:51,2247.4,2247.4,2247.8,5,10,20
9:23:52,2247.4,2247.6,2247.8,11,10,11
9:23:52,2247.6,2247.6,2247.8,14,2,12
9:23:53,2247.6,2247.6,2247.8,5,9,8
9:23:53,2247.6,2247.6,2247.8,5,10,7
9:23:54,2247.8,2247.8,2248,9,4,38
9:23:54,2248,2247.8,2248,4,4,39
9:23:55,2247.8,2247.6,2247.8,4,9,2
9:23:55,2247.6,2247.6,2247.8,2,7,4
9:23:56,2247.8,2247.6,2247.8,4,6,3
9:23:56,2247.8,2247.6,2247.8,2,5,11
9:23:57,2247.8,2247.6,2247.8,4,30,9
9:23:57,2247.8,2247.6,2247.8,4,28,7
9:23:58,2247.8,2247.6,2247.8,23,26,4
9:23:58,2247.8,2247.6,2247.8,3,32,2
9:23:59,2247.6,2247.6,2248,14,33,44
9:23:59,2247.8,2247.8,2248,1,5,50
9:24:00,2248,2247.8,2248,2,9,49
9:24:00,2248,2247.8,2248,11,16,46
9:24:01,2247.8,2247.8,2248,6,23,56
9:24:01,2247.8,2247.8,2248,65,3,8
9:24:02,2247.8,2247.6,2247.8,27,33,20
9:24:02,2248,2247.8,2248.2,25,11,34
9:24:03,2248,2247.8,2248,5,16,19
9:24:04,2248,2247.8,2248,1,22,33
9:24:04,2248,2247.8,2248,7,22,28
9:24:05,2248,2247.8,2248,8,21,20
9:24:05,2247.8,2247.8,2248,4,20,18
9:24:06,2248,2247.8,2248,4,13,17
9:24:06,2248,2247.8,2248,2,12,16
9:24:07,2247.8,2247.8,2248,5,2,17
9:24:07,2248,2247.6,2248,11,43,11
9:24:08,2247.8,2247.8,2248,14,20,1
9:24:08,2247.8,2247.6,2247.8,23,46,11
9:24:09,2247.8,2247.6,2247.8,7,43,7
9:24:09,2247.8,2247.8,2248,10,1,48
9:24:10,2247.8,2247.8,2248,2,4,47
9:24:10,2248,2247.8,2248,2,5,45
9:24:11,2248,2247.8,2248,1,5,44
9:24:12,2248,2247.8,2248,8,4,39
9:24:12,2248,2247.8,2248,2,6,39
9:24:13,2247.8,2247.8,2248,2,6,39
9:24:13,2247.8,2247.8,2248,13,4,28
9:24:14,2247.6,2247.8,2248,15,7,28
9:24:15,2247.8,2247.8,2248,2,6,31
9:24:15,2248,2247.8,2248,2,7,31
9:24:16,2247.8,2247.6,2247.8,11,35,10
9:24:16,2247.8,2247.6,2247.8,12,27,17
9:24:17,2247.6,2247.6,2247.8,6,22,16
9:24:17,2247.6,2247.6,2247.8,6,17,16
9:24:18,2247.8,2247.8,2248,20,31,31
9:24:18,2247.8,2247.8,2248,5,30,31
9:24:19,2247.8,2247.8,2248,12,18,34
9:24:19,2247.6,2247.6,2247.8,23,11,4
9:24:20,2248,2247.6,2248,27,9,14
9:24:20,2247.8,2247.6,2247.8,1,12,1
9:24:21,2247.6,2247.6,2247.8,9,3,22
9:24:21,2247.8,2247.6,2247.8,8,1,16
9:24:22,2247.6,2247.4,2247.6,21,51,5
9:24:22,2247.6,2247.6,2247.8,10,2,1
9:24:23,2247.8,2247.8,2248,23,1,33
9:24:24,2247.8,2247.6,2247.8,1,20,1
9:24:25,2247.6,2247.6,2247.8,2,19,1
9:24:25,2247.6,2247.6,2247.8,4,30,6
9:24:26,2247.8,2247.6,2247.8,1,31,8
9:24:26,2247.8,2247.6,2247.8,21,12,8
9:24:27,2247.6,2247.6,2247.8,3,10,8
9:24:27,2247.8,2247.8,2248,29,17,52
9:24:28,2247.8,2247.8,2248,5,12,66
9:24:29,2247.8,2247.8,2248,2,18,66
9:24:29,2247.8,2247.8,2248,1,18,70
9:24:30,2248,2247.8,2248,4,19,70
9:24:30,2248,2247.8,2248,2,19,69
9:24:31,2248,2247.8,2248,8,18,62
9:24:31,2247.8,2247.8,2248,1,18,62
9:24:32,2247.8,2247.6,2247.8,23,28,29
9:24:32,2247.6,2247.6,2248,33,27,60
9:24:33,2247.8,2247.6,2248,1,26,60
9:24:33,2248,2247.6,2247.8,3,26,6
9:24:34,2248,2247.6,2247.8,5,26,4
9:24:34,2247.8,2247.6,2247.8,3,26,1
9:24:35,2247.6,2247.6,2247.8,4,25,4
9:24:35,2247.8,2247.6,2247.8,1,26,3
9:24:36,2247.8,2247.6,2247.8,2,30,1
9:24:36,2247.8,2247.8,2248,4,1,51
9:24:37,2247.8,2247.6,2248,1,32,51
9:24:37,2247.8,2247.8,2248,1,7,51
9:24:38,2248,2247.8,2248,1,12,51
9:24:38,2248,2247.8,2248,3,21,51
9:24:39,2248,2247.8,2248,3,27,50
9:24:39,2248,2247.8,2248,33,25,54
9:24:40,2248,2247.8,2248,46,25,8
9:24:40,2248,2248,2248.2,8,28,34
9:24:41,2248.2,2248,2248.2,1,35,33
9:24:41,2248.2,2248,2248.2,2,34,28
9:24:42,2248.2,2248,2248.6,36,44,14
9:24:42,2248.2,2248.2,2248.6,2,18,14
9:24:43,2248.8,2248.6,2248.8,22,1,63
9:24:44,2248.8,2248,2248.8,41,25,63
9:24:44,2248.6,2248.4,2248.6,8,1,21
9:24:45,2248.4,2248.4,2248.6,11,13,27
9:24:45,2248.6,2248.4,2248.6,1,14,25
9:24:46,2248.6,2248.4,2248.6,2,14,27
9:24:46,2248.6,2248.4,2248.6,15,1,25
9:24:47,2248.6,2248.2,2248.6,3,30,25
9:24:47,2248.6,2248.2,2248.4,1,27,7
9:24:48,2248.4,2248.4,2248.6,11,41,39
9:24:48,2248.6,2248.4,2248.6,1,42,39
9:24:49,2248.6,2248.4,2248.6,29,42,12
9:24:49,2248.6,2248.4,2248.6,2,45,11
9:24:50,2248.6,2248.4,2248.6,1,45,57
9:24:50,2248.4,2248.4,2248.6,2,44,57
9:24:51,2248.4,2248.4,2248.6,8,41,53
9:24:51,2248.6,2248.4,2248.6,5,42,49
9:24:52,2248.4,2248.4,2248.6,3,40,48
9:24:52,2248.6,2248.4,2248.6,6,39,43
9:24:53,2248.6,2248.4,2248.6,2,41,41
9:24:53,2248.6,2248.4,2248.6,2,42,39
9:24:54,2248.4,2248.4,2248.6,29,67,15
9:24:54,2248.6,2248.4,2248.6,14,62,6
9:24:55,2248.6,2248.6,2248.8,6,6,68
9:24:55,2248.6,2248.6,2248.8,8,6,62
9:24:56,2248.6,2248.4,2248.6,11,60,22
9:24:56,2248.6,2248.4,2248.6,5,62,20
9:24:57,2248.8,2248.4,2248.8,32,62,50
9:24:57,2248.6,2248.4,2248.6,4,62,2
9:24:58,2248.6,2248.6,2248.8,2,12,49
9:24:58,2248.8,2248.6,2248.8,35,12,16
9:24:59,2248.6,2248.6,2248.8,8,10,11
9:24:59,2248.8,2248.6,2248.8,9,16,7
9:25:00,2248.8,2248.6,2248.8,5,16,3
9:25:00,2248.4,2248.4,2248.6,10,60,2
9:25:01,2248.6,2248.6,2248.8,6,1,1
9:25:01,2248.8,2248.8,2249,12,30,32
9:25:02,2248.8,2248.8,2249,32,5,35
9:25:02,2248.8,2248.8,2249,6,2,32
9:25:03,2249,2248.6,2249,8,4,28
9:25:03,2249,2249,2249.2,34,4,15
9:25:04,2249.2,2249,2249.2,6,4,11
9:25:04,2249.2,2249,2249.2,4,9,10
9:25:05,2249.2,2249,2249.2,16,10,7
9:25:05,2249.2,2249.2,2249.4,17,28,8
9:25:06,2249.4,2249.2,2249.4,6,32,3
9:25:06,2249.4,2249.4,2249.6,13,5,4
9:25:07,2249.4,2249.4,2249.8,6,13,15
9:25:07,2249.8,2249.6,2249.8,12,1,6
9:25:08,2249.8,2249.8,2250,23,2,21
9:25:08,2250,2249.6,2250,14,1,15
9:25:09,2250,2250,2250.2,17,4,14
9:25:09,2250.2,2249.4,2250.2,20,5,6
9:25:10,2250,2249.6,2250,27,17,16
9:25:10,2249.6,2249.6,2250,16,17,17
9:25:11,2249.8,2249.8,2250,5,1,20
9:25:11,2250,2249.8,2250,9,1,15
9:25:12,2249.8,2249.6,2250,5,10,21
9:25:12,2250,2249.6,2250,12,13,18
9:25:13,2250,2250,2250.2,25,9,16
9:25:13,2250,2250,2250.2,1,9,16
9:25:14,2250,2249.8,2250,11,3,2
9:25:14,2250,2249.6,2250,4,14,3
9:25:15,2250,2250,2250.2,3,1,15
9:25:15,2249.6,2249.8,2250,3,1,1
9:25:16,2249.6,2249.4,2249.6,20,8,13
9:25:16,2249.4,2249.2,2249.4,10,31,2
9:25:17,2249.6,2249.2,2249.6,12,31,6
9:25:18,2249.4,2249.4,2249.6,7,18,3
9:25:18,2249.6,2249.4,2249.6,1,18,2
9:25:19,2249.6,2249.6,2250,13,1,20
9:25:19,2249.6,2249.6,2250,1,1,21
9:25:20,2249.6,2249.4,2249.6,2,18,1
9:25:20,2249.6,2249.4,2249.8,1,18,5
9:25:21,2249.4,2249.4,2249.8,5,13,34
9:25:22,2249.4,2249.4,2249.6,2,10,22
9:25:23,2249.4,2249.4,2249.6,1,10,28
9:25:23,2249.4,2249.2,2249.4,11,31,7
9:25:24,2249.2,2249.2,2249.4,7,24,7
9:25:24,2249.2,2249.2,2249.4,2,23,18
9:25:25,2249.2,2249.2,2249.4,4,20,19
9:25:25,2249.4,2249.2,2249.4,6,15,25
9:25:26,2249.2,2249,2249.2,17,14,5
9:25:26,2249.2,2249,2249.2,2,14,3
9:25:27,2249,2249,2249.2,8,7,15
9:25:27,2249.2,2249,2249.2,1,7,19
9:25:28,2249.2,2249,2249.2,4,3,17
9:25:28,2249.2,2249,2249.2,1,3,17
9:25:29,2249.2,2249,2249.2,3,1,18
9:25:29,2249,2248.8,2249,2,8,2
9:25:30,2248.8,2248.8,2249.2,5,28,48
9:25:31,2248.8,2248.8,2249.2,5,26,46
9:25:31,2248.8,2248.8,2249,18,20,1
9:25:32,2249,2248.8,2249,6,18,2
9:25:32,2249,2248.8,2249,1,19,1
9:25:33,2249,2248.8,2249,6,14,1
9:25:34,2249,2248.8,2249.2,1,14,33
9:25:35,2249.2,2249,2249.2,15,2,19
9:25:36,2249.2,2249,2249.2,4,11,16
9:25:36,2249.2,2249,2249.2,20,5,5
9:25:37,2249,2249,2249.2,4,4,3
9:25:37,2249.2,2249.2,2249.4,5,16,15
9:25:38,2249.2,2249.2,2249.4,1,16,16
9:25:38,2249.2,2249.2,2249.4,6,11,19
9:25:39,2249.2,2249.2,2249.4,13,1,17
9:25:39,2249.2,2249,2249.2,1,16,5
9:25:41,2249,2249,2249.2,15,7,2
9:25:41,2248.8,2248.8,2249.2,14,17,2
9:25:42,2249,2248.8,2249,2,15,2
9:25:42,2249,2248.8,2249,1,15,4
9:25:43,2248.8,2248.8,2249,2,13,4
9:25:43,2249,2248.8,2249,6,8,10
9:25:44,2249,2248.8,2249,1,8,9
9:25:45,2249,2248.8,2249,1,8,15
9:25:46,2248.8,2248.6,2248.8,12,38,10
9:25:46,2248.8,2248.6,2248.8,2,38,8
9:25:48,2248.8,2248.6,2248.8,4,40,11
9:25:49,2248.6,2248.6,2248.8,7,34,12
9:25:49,2248.6,2248.6,2248.8,7,27,13
9:25:50,2248.6,2248.6,2248.8,13,16,13
9:25:50,2248.8,2248.6,2248.8,9,8,12
9:25:51,2248.6,2248.6,2248.8,1,7,14
9:25:51,2248.8,2248.6,2248.8,6,6,8
9:25:52,2248.6,2248.4,2248.6,7,24,21
9:25:52,2248.6,2248.4,2248.6,3,25,24
9:25:53,2248.4,2248.4,2248.6,14,29,23
9:25:54,2248.6,2248.4,2248.6,3,31,20
9:25:54,2248.4,2248.4,2248.6,2,29,26
9:25:55,2248.4,2248.4,2248.6,16,13,31
9:25:56,2248.4,2248.4,2248.6,8,6,34
9:25:56,2248.4,2248.2,2248.4,8,64,2
9:25:57,2248.2,2248.2,2248.4,18,62,8
9:25:57,2248.4,2248.2,2248.4,4,59,8
9:25:58,2248.2,2248.2,2248.4,4,56,8
9:25:58,2248.4,2248.2,2248.4,3,54,5
9:25:59,2248.2,2248.2,2248.4,15,43,3
9:26:00,2248.4,2248.2,2248.4,2,42,8
9:26:00,2248.2,2248.2,2248.4,8,34,15
9:26:01,2248.2,2248.2,2248.4,1,33,9
9:26:01,2248.2,2248.2,2248.4,2,30,9
9:26:02,2248.2,2248.2,2248.6,19,20,37
9:26:02,2248.2,2248.2,2248.4,1,19,1
9:26:03,2248.6,2248.2,2248.4,7,16,2
9:26:03,2248.2,2248.2,2248.4,2,15,2
9:26:04,2248.2,2248.2,2248.4,8,7,3
9:26:04,2248.2,2248,2248.4,8,49,12
9:26:05,2248.4,2248.4,2248.6,17,39,36
9:26:05,2248.4,2248.4,2248.6,1,38,37
9:26:06,2248.4,2248.4,2248.6,1,38,36
9:26:07,2248.6,2248.4,2248.6,2,38,31
9:26:08,2248.4,2248.4,2248.6,12,31,27
9:26:08,2248.4,2248.4,2248.6,8,28,23
9:26:09,2248.6,2248.4,2248.6,6,30,17
9:26:10,2248.6,2248.6,2248.8,18,36,5
9:26:11,2249,2248.8,2249,6,14,10
9:26:11,2248.8,2248.8,2249,2,15,7
9:26:12,2249,2248.8,2249,10,19,2
9:26:12,2249,2248.8,2249.2,2,20,1
9:26:13,2249,2249,2249.2,3,4,16
9:26:14,2249,2249,2249.2,3,3,15
9:26:14,2249,2249,2249.2,2,4,16
9:26:16,2249.2,2249,2249.2,8,4,14
9:26:16,2249,2248.8,2249,8,13,8
9:26:17,2249,2248.8,2249,1,13,7
9:26:17,2249,2249,2249.2,12,20,15
9:26:18,2249.2,2249,2249.4,16,21,22
9:26:19,2249.4,2249.2,2249.4,4,1,22
9:26:20,2249.2,2249,2249.4,23,36,4
9:26:21,2249.4,2249.4,2249.6,9,6,3
9:26:21,2249.4,2249.4,2249.6,7,1,3
9:26:22,2249.6,2249.2,2249.8,5,3,33
9:26:22,2249.6,2249.2,2249.6,3,8,5
9:26:23,2249.6,2249.2,2249.4,1,16,1
9:26:23,2249.2,2249.4,2249.6,10,44,1
9:26:24,2249.8,2249.4,2249.6,5,46,2
9:26:24,2249.6,2249.6,2249.8,6,9,29
9:26:25,2249.6,2249.6,2249.8,2,11,31
9:26:25,2250,2249.6,2250,41,10,28
9:26:26,2249.8,2249.4,2249.6,33,55,2
9:26:26,2249.6,2249.6,2250,3,3,9
9:26:27,2249.8,2249.8,2250,3,1,9
9:26:27,2250,2249.8,2250,3,2,8
9:26:28,2249.8,2249.6,2250,2,15,12
9:26:28,2249.8,2249.8,2250,4,21,15
9:26:29,2249.8,2249.8,2250,6,16,16
9:26:29,2249.8,2249.4,2249.8,37,68,1
9:26:30,2249.8,2249.4,2249.8,2,67,11
9:26:30,2249.8,2249.6,2249.8,1,5,17
9:26:31,2249.8,2249.6,2249.8,4,3,19
9:26:31,2249.6,2249.6,2249.8,2,1,21
9:26:32,2249.6,2249.4,2249.8,2,68,20
9:26:32,2249.8,2249.6,2249.8,11,1,12
9:26:33,2249.8,2249.4,2249.6,3,71,2
9:26:33,2249.8,2249.4,2249.6,3,71,1
9:26:34,2249.6,2249.6,2249.8,2,1,10
9:26:34,2249.6,2249.4,2249.6,1,71,1
9:26:35,2249.6,2249.4,2249.8,2,71,13
9:26:35,2249.4,2249.4,2249.6,2,69,1
9:26:36,2249.8,2249.4,2249.8,7,70,11
9:26:37,2249.8,2249.6,2249.8,1,5,13
9:26:37,2249.8,2249.6,2249.8,1,7,12
9:26:38,2249.8,2249.6,2249.8,1,7,15
9:26:38,2249.6,2249.6,2249.8,7,7,11
9:26:39,2249.8,2249.6,2249.8,3,6,8
9:26:39,2250,2249.6,2250,28,11,11
9:26:40,2249.6,2249.4,2249.6,13,70,8
9:26:40,2249.6,2249.4,2249.6,24,69,11
9:26:41,2250,2249.6,2250,16,2,18
9:26:41,2249.6,2249.6,2249.8,4,3,2
9:26:42,2249.6,2249.4,2249.6,5,69,13
9:26:42,2249.6,2249.4,2249.6,1,69,12
9:26:43,2249.6,2249.4,2249.6,2,69,10
9:26:43,2249.6,2249.4,2249.6,5,69,5
9:26:44,2249.6,2249.4,2249.6,1,70,4
9:26:44,2249.6,2249.6,2249.8,6,2,14
9:26:45,2249.6,2249.6,2249.8,1,7,16
9:26:46,2249.8,2249.6,2249.8,2,6,18
9:26:46,2249.8,2249.6,2249.8,2,7,17
9:26:47,2249.6,2249.6,2249.8,1,6,17
9:26:48,2249.8,2249.6,2249.8,1,8,16
9:26:48,2249.8,2249.6,2249.8,15,8,2
9:26:49,2249.8,2249.8,2250,2,3,28
9:26:49,2249.8,2249.6,2249.8,4,8,1
9:26:50,2249.8,2249.8,2250,1,19,29
9:26:50,2249.8,2249.8,2250,7,17,28
9:26:51,2250,2249.8,2250,1,17,27
9:26:51,2250,2249.8,2250,5,13,26
9:26:52,2249.6,2249.4,2249.6,24,72,5
9:26:52,2249.4,2249.4,2249.6,7,68,3
9:26:53,2249.6,2249.4,2249.8,4,67,3
9:26:54,2249.6,2249.6,2249.8,4,1,2
9:26:54,2249.6,2249.6,2249.8,5,1,1
9:26:55,2250,2249.8,2250,21,9,7
9:26:55,2249.8,2249.8,2250,1,9,10
9:26:56,2250,2249.8,2250,6,9,4
9:26:56,2249.8,2249.8,2250,1,10,4
9:26:57,2250,2249.8,2250,1,10,3
9:26:57,2249.8,2249.8,2250,4,9,5
9:26:58,2250,2250,2250.2,5,37,47
9:26:58,2250,2250,2250.2,2,38,46
9:26:59,2250,2250,2250.2,3,37,45
9:26:59,2250,2250,2250.2,3,35,44
9:27:00,2250,2250,2250.2,11,29,39
9:27:00,2250,2250,2250.2,3,26,39
9:27:01,2250.2,2250,2250.2,3,26,36
9:27:01,2250,2250,2250.2,8,21,82
9:27:02,2250,2250,2250.2,18,35,81
9:27:02,2250.2,2250,2250.2,34,4,78
9:27:03,2250,2250,2250.2,1,4,79
9:27:03,2250,2249.8,2250,5,15,1
9:27:04,2250.2,2249.8,2250,5,24,1
9:27:04,2250,2250,2250.2,7,35,77
9:27:05,2250.2,2250,2250.2,8,33,75
9:27:05,2250,2250,2250.2,6,32,70
9:27:06,2250,2250,2250.2,1,31,70
9:27:06,2250,2250,2250.2,4,30,71
9:27:07,2250.2,2250,2250.2,2,30,70
9:27:07,2250,2250,2250.2,5,28,68
9:27:08,2250,2250,2250.2,1,27,68
9:27:08,2250,2250,2250.2,13,26,56
9:27:09,2250,2250,2250.2,3,24,55
9:27:09,2250.2,2250,2250.2,9,16,54
9:27:10,2250,2250,2250.2,1,15,54
9:27:10,2250,2250,2250.2,1,14,55
9:27:11,2250,2250,2250.2,3,11,55
9:27:11,2250,2250,2250.2,1,10,55
9:27:12,2250,2250,2250.2,13,8,44
9:27:12,2250,2250,2250.2,3,8,44
9:27:13,2250,2250,2250.2,2,6,47
9:27:13,2250,2250,2250.2,1,5,47
9:27:14,2250,2250,2250.2,2,4,47
9:27:14,2250,2250,2250.2,1,3,47
9:27:15,2250.2,2249.8,2250.2,46,43,8
9:27:15,2250,2250,2250.2,12,18,9
9:27:16,2250,2250,2250.2,1,17,9
9:27:16,2250.4,2250.2,2250.4,38,2,38
9:27:17,2250,2250.2,2250.4,14,1,31
9:27:17,2250.4,2250.2,2250.4,23,18,8
9:27:18,2250.2,2250.4,2250.6,16,1,30
9:27:18,2250.6,2250.4,2250.6,13,11,17
9:27:19,2250.6,2250.4,2250.6,10,14,10
9:27:19,2250.6,2250.6,2250.8,10,3,20
9:27:20,2250.6,2250.4,2250.6,8,14,24
9:27:20,2250.6,2250.4,2250.6,5,16,23
9:27:21,2250.6,2250.4,2250.6,13,3,36
9:27:21,2250.4,2250.4,2250.6,2,2,36
9:27:22,2250.2,2250,2250.2,13,23,12
9:27:22,2250,2250,2250.2,1,22,12
9:27:23,2250,2250,2250.2,3,21,10
9:27:23,2250,2250,2250.2,7,19,5
9:27:24,2250.2,2250,2250.2,4,19,1
9:27:24,2250.4,2250.4,2250.6,9,4,59
9:27:25,2250.6,2250.2,2250.4,6,2,11
9:27:25,2250.4,2250.2,2250.4,1,2,10
9:27:26,2250,2250,2250.4,20,4,13
9:27:26,2250.2,2250,2250.4,1,4,13
9:27:27,2250.4,2250,2250.4,5,4,26
9:27:28,2250.4,2250,2250.2,1,4,6
9:27:28,2250.4,2250,2250.2,1,4,5
9:27:29,2250.2,2250,2250.2,10,6,2
9:27:30,2249.8,2250,2250.2,21,1,2
9:27:30,2250,2249.8,2250,1,16,7
9:27:31,2250,2249.8,2250,1,15,10
9:27:31,2250,2249.8,2250,7,10,9
9:27:32,2250,2249.8,2250,2,10,7
9:27:32,2250,2250,2250.2,7,35,4
9:27:33,2250,2250,2250.2,14,21,4
9:27:34,2250,2250,2250.2,5,16,4
9:27:34,2250,2250,2250.4,19,20,7
9:27:35,2250,2249.8,2250,22,11,20
9:27:37,2249.8,2249.8,2250,1,12,23
9:27:38,2249.8,2249.8,2250,2,10,23
9:27:38,2249.8,2249.8,2250,4,8,21
9:27:40,2249.8,2249.8,2250,1,7,21
9:27:41,2249.6,2249.6,2249.8,11,7,1
9:27:42,2249.6,2249.6,2249.8,3,6,1
9:27:42,2249.8,2249.8,2250,2,40,28
9:27:43,2249.8,2249.8,2250,2,38,29
9:27:44,2249.8,2249.8,2250,13,27,27
9:27:45,2249.8,2249.8,2250,11,25,19
9:27:46,2249.8,2249.8,2250,1,24,19
9:27:47,2250,2249.8,2250,5,24,15
9:27:47,2249.8,2249.8,2250,4,20,17
9:27:48,2249.8,2249.8,2250,4,16,15
9:27:48,2250,2249.8,2250,1,16,16
9:27:50,2249.8,2249.8,2250,2,14,17
9:27:51,2249.6,2249.8,2250,22,1,17
9:27:51,2250,2249.8,2250,1,1,17
9:27:52,2249.8,2249.4,2250,1,40,20
9:27:52,2249.8,2249.4,2250,3,41,20
9:27:53,2249.8,2249.4,2249.8,1,41,1
9:27:53,2249.4,2249.4,2249.8,1,40,5
9:27:54,2249.8,2249.6,2249.8,3,2,3
9:27:54,2249.4,2249.6,2249.8,14,2,3
9:27:55,2249.8,2249.4,2250,11,25,17
9:27:56,2249.6,2249.4,2249.6,1,32,1
9:27:57,2249.8,2249.4,2249.8,2,32,10
9:27:57,2249.8,2249.4,2249.8,2,32,10
9:27:58,2249.4,2249.4,2249.6,3,31,1
9:27:58,2249.6,2249.4,2249.8,6,27,9
9:27:59,2249.6,2249.4,2249.8,2,27,11
9:27:59,2249.4,2249.4,2249.8,2,27,23
9:28:00,2249.6,2249.4,2249.8,1,28,24
9:28:01,2249.6,2249.6,2249.8,12,12,23
9:28:01,2249.6,2249.6,2249.8,8,6,22
9:28:02,2249.4,2249.4,2249.8,16,17,18
9:28:02,2249.4,2249.4,2249.8,5,13,18
9:28:03,2249.8,2249.4,2249.8,10,4,22
9:28:03,2249.4,2249.4,2249.6,3,2,9
9:28:04,2249.4,2249.4,2249.6,2,1,10
9:28:04,2249.6,2249.4,2249.6,1,1,9
9:28:05,2249.4,2249.2,2249.4,3,24,3
9:28:05,2249.2,2249.2,2249.6,30,9,4
9:28:06,2249.6,2249.6,2249.8,5,5,23
9:28:06,2249.6,2249.2,2249.6,5,10,4
9:28:07,2249.4,2249.4,2249.6,3,1,4
9:28:07,2249.6,2249.4,2249.6,1,4,3
9:28:08,2249.2,2249.2,2249.4,12,2,2
9:28:08,2249,2249.2,2249.4,25,1,25
9:28:09,2249,2249,2249.2,10,32,6
9:28:09,2249.2,2249,2249.2,6,29,15
9:28:10,2249,2249,2249.2,2,28,17
9:28:10,2249.2,2249,2249.2,13,16,18
9:28:11,2249,2249,2249.2,6,14,7
9:28:11,2249,2249,2249.2,9,16,4
9:28:12,2249,2249,2249.2,5,12,3
9:28:12,2249.2,2249,2249.2,3,10,3
9:28:13,2249,2249,2249.4,8,8,30
9:28:13,2249.2,2249.2,2249.4,2,13,30
9:28:14,2249.4,2249.2,2249.4,19,22,13
9:28:14,2249.4,2249.2,2249.4,5,20,11
9:28:15,2249.4,2249.4,2249.6,12,7,51
9:28:16,2249.4,2249.4,2249.6,1,23,50
9:28:16,2249.4,2249.4,2249.6,1,23,50
9:28:17,2249.4,2249.4,2249.6,1,22,48
9:28:18,2249.4,2249.4,2249.6,1,26,50
9:28:18,2249.4,2249.4,2249.6,1,25,50
9:28:19,2249.4,2249.4,2249.6,1,24,50
9:28:20,2249.6,2249.4,2249.6,2,18,48
9:28:21,2249.6,2249.4,2249.6,5,18,45
9:28:22,2249.4,2249.4,2249.6,2,19,47
9:28:23,2249.6,2249.4,2249.6,4,16,46
9:28:23,2249.6,2249.4,2249.6,2,17,44
9:28:25,2249.6,2249.4,2249.6,12,7,45
9:28:25,2249.4,2249.4,2249.6,1,6,46
9:28:26,2249.4,2249.4,2249.6,24,5,23
9:28:27,2249.4,2249.4,2249.6,2,11,20
9:28:27,2249.6,2249.4,2249.6,2,11,19
9:28:28,2249.4,2249.4,2249.6,1,12,21
9:28:28,2249.4,2249.4,2249.6,2,11,20
9:28:29,2249.6,2249.4,2249.6,1,11,23
9:28:30,2249.4,2249.4,2249.6,3,9,30
9:28:31,2249.6,2249.4,2249.6,2,10,30
9:28:31,2249.6,2249.4,2249.6,1,5,29
9:28:32,2249.6,2249.4,2249.6,3,5,27
9:28:33,2249.4,2249.4,2249.6,3,3,26
9:28:35,2249.4,2249.4,2249.6,4,1,26
9:28:35,2249.2,2249.2,2249.6,36,16,26
9:28:41,2249.6,2249.2,2249.6,2,24,26
9:28:41,2249.2,2249.4,2249.6,1,1,27
9:28:42,2249.4,2249.2,2249.4,2,24,2
9:28:43,2249.4,2249.2,2249.4,1,26,1
9:28:44,2249.2,2249.2,2249.4,1,25,1
9:28:44,2249.2,2249.2,2249.4,1,24,1
9:28:45,2249.4,2249.2,2249.4,2,23,2
9:28:45,2249.2,2249.2,2249.4,4,20,1
9:28:47,2249.4,2249.2,2249.4,2,19,4
9:28:47,2249.2,2249.2,2249.4,1,18,4
9:28:48,2249.2,2249.2,2249.4,4,14,4
9:28:49,2249.2,2249.2,2249.4,1,13,4
9:28:49,2249.4,2249.2,2249.4,1,13,4
9:28:50,2249.2,2249.2,2249.4,2,11,7
9:28:51,2249.2,2249.2,2249.4,1,10,7
9:28:52,2249.4,2249.2,2249.4,1,10,6
9:28:53,2249.4,2249.2,2249.4,1,10,8
9:28:54,2249.2,2249.2,2249.4,1,9,8
9:28:55,2249.4,2249.2,2249.4,4,9,8
9:28:56,2249.2,2249.2,2249.4,4,7,6
9:28:57,2249.4,2249.4,2249.6,9,33,29
9:28:58,2249.6,2249.4,2249.6,4,34,26
9:28:59,2249.6,2249.4,2249.6,1,34,25
9:28:59,2249.4,2249.4,2249.6,1,34,25
9:29:00,2249.4,2249.4,2249.6,2,33,25
9:29:00,2249.6,2249.4,2249.6,1,33,22
9:29:01,2249.4,2249.4,2249.6,3,30,23
9:29:01,2249.4,2249.4,2249.6,1,30,23
9:29:02,2249.8,2249.4,2249.8,32,29,31
9:29:02,2249.6,2249.4,2249.8,3,28,31
9:29:03,2249.8,2249.6,2249.8,4,1,30
9:29:03,2249.8,2249.6,2249.8,8,1,22
9:29:04,2249.8,2249.6,2249.8,1,7,23
9:29:05,2249.8,2249.6,2249.8,1,7,22
9:29:06,2249.8,2249.6,2249.8,3,8,20
9:29:06,2249.8,2249.6,2249.8,9,8,11
9:29:07,2249.8,2249.6,2249.8,7,8,5
9:29:08,2249.8,2249.6,2249.8,1,9,4
9:29:08,2249.8,2249.8,2250,4,1,42
9:29:11,2249.8,2249.8,2250,7,6,40
9:29:11,2250,2249.8,2250,2,7,38
9:29:12,2250,2249.8,2250,4,7,36
9:29:13,2250,2249.8,2250,3,6,36
9:29:13,2249.8,2249.8,2250,3,6,36
9:29:14,2250,2249.8,2250,2,8,35
9:29:14,2249.8,2249.8,2250,4,4,35
9:29:15,2250,2249.8,2250,2,4,34
9:29:15,2250,2249.8,2250,2,3,33
9:29:16,2250,2249.8,2250,3,2,31
9:29:16,2250,2249.8,2250,2,3,29
9:29:17,2250,2250,2250.2,30,15,35
9:29:18,2250,2250,2250.2,4,22,33
9:29:19,2250.2,2250,2250.2,28,28,5
9:29:19,2250.2,2250.2,2250.4,25,7,29
9:29:20,2250.4,2250.2,2250.4,9,7,20
9:29:20,2250.2,2250.2,2250.4,2,13,19
9:29:21,2250.4,2250.2,2250.4,23,3,8
9:29:21,2250.2,2250,2250.2,24,23,4
9:29:22,2250,2250,2250.2,4,20,6
9:29:22,2250.2,2250,2250.2,4,20,5
9:29:23,2250.2,2250,2250.2,3,28,4
9:29:23,2250.2,2250.2,2250.4,5,3,4
9:29:24,2250.2,2250.2,2250.4,3,5,6
9:29:24,2250.4,2250.2,2250.4,3,7,4
9:29:25,2250.4,2250.2,2250.4,2,8,3
9:29:25,2250.4,2250.4,2250.6,7,1,87
9:29:26,2250.4,2250.4,2250.6,4,1,84
9:29:26,2250.6,2250.2,2250.6,10,5,78
9:29:27,2250.4,2250.2,2250.4,3,13,5
9:29:27,2250.2,2250.2,2250.4,4,12,4
9:29:28,2250.4,2250.4,2250.6,4,3,77
9:29:28,2250.6,2250.4,2250.6,8,2,71
9:29:29,2250.6,2250.2,2250.6,4,16,70
9:29:30,2250.6,2250.4,2250.6,5,19,67
9:29:30,2250.6,2250.4,2250.6,2,18,65
9:29:31,2250.6,2250.4,2250.6,19,18,46
9:29:31,2250.6,2250.4,2250.6,21,19,28
9:29:32,2250.4,2250.4,2250.6,18,17,12
9:29:32,2250.6,2250.6,2250.8,19,4,37
9:29:33,2250.6,2250.6,2250.8,2,2,38
9:29:34,2250.8,2250.6,2250.8,9,10,31
9:29:34,2250.6,2250.6,2250.8,5,11,28
9:29:35,2250.8,2250.6,2250.8,5,10,24
9:29:35,2250.6,2250.6,2250.8,3,10,24
9:29:36,2250.6,2250.6,2250.8,2,11,24
9:29:36,2250.8,2250.6,2250.8,9,8,19
9:29:37,2250.6,2250.6,2250.8,11,5,13
9:29:38,2250.6,2250.6,2250.8,2,35,19
9:29:38,2250.6,2250.6,2250.8,3,33,19
9:29:39,2250.8,2250.6,2250.8,2,33,18
9:29:39,2250.8,2250.6,2250.8,4,52,17
9:29:40,2250.8,2250.6,2250.8,2,52,16
9:29:40,2250.8,2250.6,2250.8,6,51,11
9:29:41,2250.6,2250.6,2250.8,5,49,8
9:29:41,2250.8,2250.8,2251,8,2,59
9:29:42,2250.8,2250.8,2251,4,2,60
9:29:42,2250.8,2250.6,2250.8,3,49,10
9:29:43,2250.8,2250.6,2250.8,1,49,10
9:29:43,2250.8,2250.6,2250.8,3,48,13
9:29:44,2250.6,2250.6,2250.8,3,47,11
9:29:44,2250.8,2250.6,2250.8,3,47,14
9:29:45,2250.8,2250.8,2251,14,43,66
9:29:45,2250.8,2250.8,2251,3,45,76
9:29:46,2250.8,2250.8,2251,14,43,66
9:29:46,2251,2250.8,2251,48,42,21
9:29:47,2251,2251,2251.2,21,20,20
9:29:47,2251,2251,2251.2,19,54,5
9:29:48,2251.4,2251.2,2251.4,8,18,16
9:29:48,2251.4,2251.2,2251.4,13,41,8
9:29:49,2251.6,2251.4,2251.6,16,10,15
9:29:49,2251.4,2251.2,2251.4,44,11,14
9:29:50,2251.2,2251,2251.4,24,14,8
9:29:50,2251,2251,2251.2,9,8,9
9:29:51,2251.2,2251,2251.2,20,14,3
9:29:51,2251,2251,2251.2,8,12,4
9:29:52,2251,2251,2251.2,2,11,3
9:29:52,2251.2,2251,2251.2,7,7,10
9:29:53,2251,2251,2251.2,5,3,13
9:29:53,2251,2251,2251.2,1,2,18
9:29:54,2251.2,2250.8,2251.2,7,56,15
9:29:54,2251.2,2251,2251.2,4,2,15
9:29:55,2250.8,2250.8,2251.2,20,50,12
9:29:56,2250.8,2250.8,2251.2,46,8,12
9:29:56,2251,2250.8,2251.2,2,8,12
9:29:57,2251,2250.8,2251.2,2,13,13
9:29:58,2250.8,2250.8,2251,4,14,1
9:29:58,2250.8,2250.8,2251,1,13,2
9:29:59,2251,2251,2251.2,6,4,14
9:29:59,2251,2250.8,2251,10,2,7
9:30:00,2250.8,2250.8,2251,3,1,9
9:30:00,2251,2250.8,2251,20,2,4
9:30:01,2250.8,2250.6,2250.8,16,55,23
9:30:01,2250.8,2250.6,2250.8,19,48,11
9:30:02,2250.6,2250.6,2251,32,13,4
9:30:02,2250.6,2250.6,2251.2,19,5,16
9:30:03,2250.6,2250.4,2251,19,6,9
9:30:03,2250.4,2250.4,2251,1,16,19
9:30:04,2250.6,2250.4,2250.6,13,23,18
9:30:04,2250.6,2250.4,2250.6,10,22,9
9:30:05,2250.6,2250.4,2250.6,4,26,5
9:30:05,2250.6,2250.4,2250.6,16,13,2
9:30:06,2250.6,2250.2,2250.4,17,20,2
9:30:06,2250.4,2250.2,2250.6,10,20,1
9:30:07,2250.6,2250.6,2250.8,8,8,3
9:30:07,2250.8,2250.8,2251,6,4,23
9:30:08,2251,2250.8,2251,3,3,23
9:30:08,2250.8,2250.6,2251,8,8,20
9:30:09,2250.8,2250.6,2250.8,1,10,14
9:30:09,2250.6,2250.6,2250.8,2,9,13
9:30:10,2250.8,2250.6,2250.8,4,11,9
9:30:10,2250.8,2250.6,2251,21,11,23
9:30:11,2250.6,2250.6,2251,7,9,29
9:30:11,2250.8,2250.6,2251,4,8,28
9:30:12,2250.8,2250.6,2250.8,15,4,1
9:30:13,2250.6,2250.6,2250.8,1,6,7
9:30:13,2250.8,2250.6,2250.8,1,7,8
9:30:14,2250.6,2250.4,2250.8,11,6,7
9:30:14,2250.8,2250.6,2250.8,3,2,4
9:30:15,2250.8,2250.6,2250.8,1,6,4
9:30:16,2250.8,2250.6,2250.8,2,9,5
9:30:16,2250.8,2250.6,2250.8,11,11,4
9:30:17,2250.8,2250.6,2250.8,1,57,1
9:30:18,2250.8,2250.6,2251,1,58,34
9:30:18,2250.8,2250.8,2251,3,4,35
9:30:19,2251,2250.8,2251,1,9,33
9:30:20,2251,2250.8,2251,1,31,34
9:30:20,2250.8,2250.8,2251,34,28,4
9:30:21,2251,2251,2251.2,11,11,16
9:30:22,2251.2,2251,2251.2,15,17,4
9:30:22,2251.2,2251,2251.2,2,17,4
9:30:23,2251.2,2251.2,2251.4,7,12,13
9:30:23,2251.4,2251.2,2251.4,5,10,13
9:30:24,2251.4,2251.2,2251.4,4,10,14
9:30:24,2251.4,2251.2,2251.4,1,11,13
9:30:25,2251.4,2251.2,2251.4,2,10,13
9:30:25,2251.2,2251.2,2251.4,6,6,12
9:30:26,2251.4,2251.2,2251.4,6,1,11
9:30:26,2251.4,2251,2251.4,4,5,7
9:30:27,2251.4,2251,2251.2,1,2,1
9:30:27,2251.2,2251,2251.4,3,2,9
9:30:28,2251.4,2251,2251.4,11,3,4
9:30:28,2251,2251.2,2251.4,7,2,12
9:30:29,2251.4,2250.8,2251.4,5,25,13
9:30:29,2251.4,2250.8,2251.4,7,26,10
9:30:30,2250.8,2250.8,2251.2,9,23,16
9:30:30,2251.2,2250.6,2251.2,21,17,8
9:30:31,2251.2,2250.6,2251,1,30,1
9:30:31,2251.2,2250.6,2251.2,1,30,12
9:30:32,2251.2,2250.8,2251,2,1,1
9:30:32,2251.2,2250.6,2251.2,8,29,7
9:30:33,2251.2,2250.8,2251.2,12,1,2
9:30:34,2250.8,2250.6,2250.8,9,26,1
9:30:35,2251.2,2250.6,2251.2,5,24,4
9:30:35,2251.2,2250.8,2251.2,1,2,14
9:30:36,2250.8,2250.6,2250.8,5,25,1
9:30:36,2250.6,2250.6,2251,2,25,1
9:30:37,2250.6,2250.6,2251,11,16,11
9:30:37,2251,2250.8,2251,1,2,10
9:30:38,2250.8,2250.6,2251.2,32,17,26
9:30:38,2250.6,2250.6,2251,1,36,20
9:30:39,2251,2250.8,2251,1,5,20
9:30:39,2251,2250.8,2251,1,7,19
9:30:40,2250.8,2250.8,2251,3,4,20
9:30:40,2251,2250.8,2251,1,10,19
9:30:41,2251,2250.8,2251,2,9,30
9:30:42,2250.8,2250.8,2251,2,8,30
9:30:42,2251,2250.8,2251,2,7,29
9:30:43,2250.8,2250.8,2251,6,2,33
9:30:44,2251,2250.8,2251,4,38,32
9:30:44,2250.8,2250.8,2251,1,77,35
9:30:45,2251,2250.8,2251,10,77,26
9:30:45,2251,2250.8,2251,23,78,3
9:30:46,2250.8,2250.8,2251,5,77,5
9:30:46,2250.8,2250.8,2251,2,76,6
9:30:47,2251,2250.8,2251,1,76,5
9:30:47,2250.8,2250.8,2251,1,83,6
9:30:48,2251,2250.8,2251.2,13,83,26
9:30:48,2250.8,2250.8,2251,1,82,3
9:30:49,2250.8,2250.8,2251,1,83,3
9:30:49,2251,2251,2251.2,3,1,33
9:30:50,2251,2251,2251.2,4,4,33
9:30:50,2251.2,2251,2251.2,4,1,32
9:30:51,2251.2,2251,2251.2,2,1,30
9:30:51,2251.2,2251,2251.2,2,2,28
9:30:52,2251,2251,2251.2,1,6,25
9:30:53,2251.2,2251,2251.4,26,6,28
9:30:53,2251.4,2251,2251.4,3,6,25
9:30:54,2251,2251,2251.4,3,3,25
9:30:55,2251,2251,2251.2,2,12,1
9:30:56,2251,2251,2251.2,2,9,2
9:30:56,2251,2251,2251.2,2,28,4
9:30:57,2251.2,2251,2251.2,6,29,24
9:30:58,2251.2,2251,2251.2,12,29,13
9:30:58,2251.2,2251,2251.2,21,18,7
9:30:59,2251,2251,2251.2,5,13,9
9:30:59,2251.2,2251,2251.2,3,12,14
9:31:00,2251.2,2251,2251.2,1,12,13
9:31:00,2251.2,2251,2251.2,8,12,5
9:31:01,2251,2251,2251.2,13,13,10
9:31:01,2251,2251,2251.2,7,12,12
9:31:02,2251.2,2251,2251.2,5,10,10
9:31:02,2251,2251,2251.2,4,7,10
9:31:03,2251,2251,2251.2,1,6,10
9:31:03,2251,2251,2251.2,3,4,10
9:31:04,2251,2251,2251.2,2,4,11
9:31:04,2250.8,2250.8,2251.2,6,41,11
9:31:05,2251.2,2250.8,2251,1,41,1
9:31:05,2250.8,2250.8,2251.2,2,41,13
9:31:06,2250.8,2250.8,2251,2,39,2
9:31:06,2251.2,2251.2,2251.4,23,46,33
9:31:07,2251.2,2251.2,2251.4,1,45,33
9:31:07,2251.2,2251.2,2251.4,3,43,32
9:31:08,2251.2,2251.2,2251.4,29,15,34
9:31:08,2251.2,2251.2,2251.4,1,44,35
9:31:09,2251.2,2251.2,2251.4,2,44,34
9:31:09,2251.4,2251.2,2251.4,4,43,31
9:31:10,2251.2,2251.2,2251.4,4,43,32
9:31:11,2251.4,2251.2,2251.4,3,41,32
9:31:11,2251.4,2251.2,2251.4,3,39,32
9:31:12,2251.4,2251.2,2251.4,7,38,26
9:31:12,2251.4,2251.2,2251.4,17,33,14
9:31:13,2251.2,2251.2,2251.6,35,23,60
9:31:14,2251.4,2251.4,2251.6,4,15,60
9:31:14,2251.4,2251.2,2251.4,15,24,7
9:31:15,2251.6,2251.4,2251.6,13,1,57
9:31:15,2251.6,2251.2,2251.4,7,24,20
9:31:16,2251.4,2251.2,2251.4,19,23,6
9:31:17,2251.4,2251.2,2251.4,7,32,15
9:31:17,2251.2,2251.2,2251.4,2,30,32
9:31:18,2251.2,2251.2,2251.4,32,23,7
9:31:18,2251.2,2251.2,2251.6,9,21,53
9:31:19,2251.4,2251.2,2251.4,2,20,1
9:31:19,2251.4,2251.2,2251.4,7,15,15
9:31:20,2251.4,2251.2,2251.4,7,11,16
9:31:20,2251.4,2251.2,2251.4,4,11,27
9:31:21,2251.2,2251.2,2251.4,1,11,27
9:31:21,2251.2,2251,2251.2,12,17,8
9:31:22,2251,2251,2251.2,7,14,7
9:31:22,2251.2,2251,2251.2,1,16,9
9:31:23,2251.2,2251,2251.2,4,15,5
9:31:23,2251.2,2251,2251.2,2,16,3
9:31:24,2251.2,2251,2251.4,3,16,30
9:31:24,2251.2,2251,2251.2,4,16,13
9:31:25,2251,2251,2251.2,5,11,14
9:31:25,2251.2,2251,2251.2,6,10,9
9:31:26,2251,2251,2251.2,2,9,12
9:31:26,2251.2,2251,2251.2,3,8,10
9:31:27,2251,2251,2251.2,2,7,9
9:31:28,2251,2250.8,2251,7,45,15
9:31:29,2251,2250.8,2251,4,44,16
9:31:29,2251,2250.8,2251,4,43,13
9:31:30,2250.8,2250.8,2251,4,39,15
9:31:30,2250.8,2250.8,2251,4,35,16
9:31:31,2251,2250.8,2251,12,32,7
9:31:31,2251.2,2250.8,2251,14,29,3
9:31:32,2250.8,2250.8,2251,2,28,3
9:31:32,2251.2,2250.8,2251.2,17,28,6
9:31:33,2250.8,2250.8,2251.2,1,27,6
9:31:33,2251.4,2250.8,2251.2,16,23,2
9:31:34,2250.8,2250.8,2251.2,3,23,2
9:31:34,2250.8,2250.8,2251.2,21,2,2
9:31:35,2251,2250.8,2251,2,2,19
9:31:36,2250.6,2250.6,2250.8,11,62,1
9:31:36,2250.6,2250.6,2251,12,61,7
9:31:37,2250.6,2250.6,2250.8,2,59,1
9:31:37,2250.6,2250.6,2251,11,49,8
9:31:38,2250.6,2250.6,2251,1,48,9
9:31:38,2250.6,2250.6,2251,2,46,13
9:31:39,2250.6,2250.6,2251,4,43,12
9:31:39,2250.6,2250.6,2251,1,42,16
9:31:40,2250.6,2250.4,2250.6,42,13,2
9:31:41,2250.4,2250.4,2250.6,3,11,30
9:31:41,2250.4,2250.4,2250.6,5,6,30
9:31:42,2250.6,2250.2,2250.6,7,43,29
9:31:42,2250.2,2250,2250.2,43,44,2
9:31:43,2250.2,2250,2250.2,1,44,4
9:31:43,2250,2250,2250.6,37,42,13
9:31:44,2250,2250,2250.4,6,40,4
9:31:44,2250.2,2250,2250.2,7,40,9
9:31:45,2250.2,2250,2250.2,7,34,8
9:31:45,2250,2250,2250.2,3,31,8
9:31:46,2250.2,2250.2,2250.4,13,1,4
9:31:46,2250.2,2250.2,2250.4,5,3,7
9:31:47,2250.2,2250.2,2250.4,5,1,4
9:31:47,2250.2,2250.2,2250.4,2,16,15
9:31:48,2250.2,2250.2,2250.4,7,19,15
9:31:48,2250.4,2250.4,2250.6,20,16,9
9:31:49,2250.4,2250.4,2250.6,1,22,9
9:31:49,2250.4,2250.4,2250.6,20,7,3
9:31:50,2250.4,2250.4,2250.6,4,5,4
9:31:50,2250.4,2250.4,2250.6,2,7,4
9:31:51,2250.6,2250.4,2250.6,2,7,2
9:31:52,2250.4,2250.4,2250.6,8,1,10
9:31:52,2250.4,2250.2,2250.4,1,12,5
9:31:53,2250.4,2250.2,2250.4,1,12,4
9:31:54,2250,2250,2250.4,33,4,2
9:31:54,2250.2,2250,2250.2,6,5,6
9:31:55,2250.2,2250.4,2250.6,14,2,13
9:31:55,2250,2250,2250.4,5,1,1
9:31:56,2250,2250,2250.4,4,2,9
9:31:56,2250.4,2250.2,2250.4,3,2,12
9:31:57,2250.2,2250,2250.4,6,5,11
9:31:57,2250,2250,2250.4,1,9,11
9:31:58,2250,2250,2250.4,1,8,7
9:31:58,2250,2250,2250.4,4,7,9
9:31:59,2250,2250,2250.4,3,5,9
9:31:59,2250,2250,2250.2,2,3,19
9:32:00,2250,2249.8,2250,6,12,3
9:32:00,2250.2,2249.4,2250.2,54,27,7
9:32:01,2250,2249.6,2250,19,1,11
9:32:01,2250,2249.6,2250,15,2,18
9:32:02,2249.4,2249.4,2249.6,12,16,1
9:32:02,2250,2250,2250.2,34,11,6
9:32:03,2249.6,2249.6,2250,16,7,24
9:32:03,2250,2249.6,2250,3,12,29
9:32:04,2249.8,2249.6,2250,2,17,28
9:32:04,2250,2249.6,2250,3,16,26
9:32:05,2249.6,2249.8,2250,3,3,26
9:32:06,2250,2249.6,2250,7,13,26
9:32:06,2249.6,2249.6,2250,3,15,21
9:32:07,2249.6,2249.8,2250,1,2,21
9:32:07,2249.6,2249.6,2249.8,4,15,1
9:32:08,2249.8,2249.6,2249.8,1,18,3
9:32:08,2249.6,2249.6,2249.8,4,15,2
9:32:09,2249.6,2249.4,2249.6,15,13,3
9:32:09,2249.4,2249.4,2249.6,7,7,2
9:32:10,2249.4,2249.4,2249.6,8,2,2
9:32:10,2249.4,2249.2,2249.4,7,25,2
9:32:11,2249.2,2249.2,2249.8,15,24,10
9:32:11,2249.2,2249.2,2249.8,13,18,20
9:32:12,2249.4,2249.4,2249.8,15,2,18
9:32:12,2249.2,2249.2,2249.4,6,8,3
9:32:13,2249.4,2249,2249.2,14,37,4
9:32:13,2249.2,2249,2249.2,23,16,6
9:32:14,2249.2,2249,2249.2,15,4,5
9:32:14,2249,2248.8,2249,21,14,15
9:32:15,2249,2248.8,2249,12,13,12
9:32:15,2249,2249,2249.2,37,13,1
9:32:16,2249,2249,2249.4,37,1,8
9:32:16,2249,2248.4,2249.4,13,3,8
9:32:17,2249.2,2248.8,2249.2,4,3,14
9:32:17,2248.8,2248.8,2249,13,17,8
9:32:18,2248.8,2248.6,2248.8,20,4,4
9:32:18,2248.8,2248.6,2249.2,11,3,6
9:32:19,2248.6,2248.6,2249,16,18,1
9:32:19,2248.8,2248.8,2249,7,1,11
9:32:20,2249,2248.6,2249,19,10,18
9:32:20,2248.8,2248.6,2248.8,19,1,4
9:32:21,2248.6,2248.6,2248.8,4,5,6
9:32:21,2248.8,2248.6,2248.8,10,7,1
9:32:22,2248.8,2248.8,2249,5,48,23
9:32:22,2248.8,2248.8,2249,13,50,18
9:32:23,2249,2248.8,2249,18,50,3
9:32:23,2249,2249,2249.2,9,19,6
9:32:24,2249,2249,2249.2,1,20,12
9:32:24,2249.2,2249.2,2249.4,24,8,17
9:32:25,2249.2,2249.2,2249.4,9,7,12
9:32:25,2249,2249,2249.2,22,8,1
9:32:26,2249.2,2249,2249.2,8,11,3
9:32:26,2249.2,2249,2249.2,4,12,6
9:32:27,2249,2249,2249.2,6,12,8
9:32:27,2249.2,2249,2249.2,3,13,9
9:32:28,2250,2249,2250,70,12,10
9:32:28,2250,2249.2,2250,6,40,10
9:32:29,2249.8,2249.4,2250,3,26,13
9:32:29,2249.6,2249.6,2250,9,13,10
9:32:30,2250,2249.8,2250,4,2,5
9:32:30,2250,2250,2250.2,6,13,3
9:32:31,2250.2,2250.2,2250.4,12,1,8
9:32:31,2250.4,2250.2,2250.4,2,1,9
9:32:32,2250.4,2249.6,2250.4,10,10,7
9:32:32,2250,2250,2250.2,2,2,7
9:32:33,2250,2250,2250.2,3,3,28
9:32:33,2250,2250,2250.2,4,3,15
9:32:34,2250,2250,2250.2,2,1,15
9:32:34,2250,2249.8,2250,5,5,1
9:32:35,2250,2250,2250.2,2,14,13
9:32:35,2250,2250,2250.2,12,12,13
9:32:36,2250.2,2250,2250.2,1,13,12
9:32:36,2250,2250,2250.2,2,13,11
9:32:37,2250.2,2250,2250.2,1,13,10
9:32:37,2250.2,2250,2250.2,2,14,9
9:32:38,2250,2250,2250.2,2,13,9
9:32:38,2250,2250,2250.2,12,5,10
9:32:39,2250.2,2250.2,2250.4,10,1,5
9:32:39,2250,2250,2250.4,5,1,6
9:32:40,2250,2249.8,2250,2,5,1
9:32:40,2250,2249.8,2250,1,12,4
9:32:41,2250,2250,2250.2,7,5,3
9:32:41,2250.4,2250,2250.4,12,25,15
9:32:42,2250.4,2250,2250.4,7,28,11
9:32:42,2250.6,2250.4,2250.6,25,6,34
9:32:43,2250.4,2250.2,2250.4,7,20,9
9:32:43,2250.2,2250.2,2250.4,7,19,3
9:32:44,2250.2,2250.2,2250.4,16,5,4
9:32:44,2250.4,2250.2,2250.4,2,6,9
9:32:45,2250.4,2250.4,2250.6,19,1,33
9:32:45,2250.4,2250.2,2250.6,2,7,34
9:32:46,2250.2,2250.2,2250.6,23,6,12
9:32:46,2250.6,2250.4,2250.6,10,1,7
9:32:47,2250.4,2250.4,2250.6,1,7,6
9:32:47,2250.6,2250.4,2250.6,1,7,3
9:32:48,2250.6,2250.4,2250.8,4,7,6
9:32:48,2250.6,2250.4,2250.6,5,8,34
9:32:49,2250.6,2250.4,2250.6,11,6,26
9:32:49,2250.6,2250.4,2250.6,5,2,23
9:32:50,2250.6,2250.4,2250.6,1,2,23
9:32:50,2250.6,2250.4,2250.6,6,1,20
9:32:51,2250.6,2250.4,2250.6,12,3,9
9:32:51,2250.6,2250.4,2250.6,8,3,1
9:32:52,2250.4,2250.2,2250.8,6,21,10
9:32:52,2250.8,2250.2,2250.8,2,21,8
9:32:53,2250.8,2250.4,2250.8,3,8,7
9:32:53,2250.8,2250.4,2250.6,1,15,2
9:32:54,2250.6,2250.4,2250.8,2,16,6
9:32:54,2250.6,2250.4,2250.8,6,9,6
9:32:55,2250.8,2250.4,2250.8,4,9,7
9:32:55,2250.4,2250.4,2250.6,7,5,4
9:32:56,2250.4,2250.2,2250.4,7,32,6
9:32:56,2250.4,2250.2,2250.6,7,32,7
9:32:57,2250.6,2250.2,2250.6,2,32,6
9:32:58,2250.6,2250.4,2250.6,1,1,5
9:32:59,2250.6,2250.4,2250.6,2,3,3
9:33:00,2250.6,2250.4,2250.6,3,25,1
9:33:01,2250.4,2250.4,2250.8,12,17,7
9:33:01,2250.8,2250.4,2250.6,19,11,1
9:33:02,2251,2250.6,2251,13,1,19
9:33:02,2250.6,2250.4,2250.6,3,4,1
9:33:03,2251,2250.8,2251,12,2,14
9:33:03,2251,2250.8,2251,6,1,11
9:33:04,2251,2250.8,2251,6,1,5
9:33:05,2251,2250.6,2251,7,8,3
9:33:05,2251,2251,2251.2,4,2,12
9:33:06,2251,2250.8,2251,10,3,2
9:33:06,2251,2251,2251.2,15,9,11
9:33:07,2251.2,2251.2,2251.4,16,6,49
9:33:07,2251.2,2251,2251.2,10,9,3
9:33:08,2251.2,2251,2251.2,2,13,5
9:33:08,2251.2,2251,2251.2,7,11,13
9:33:09,2251,2250.6,2251,15,6,18
9:33:09,2251,2250.6,2251,4,6,19
9:33:10,2251.2,2251.2,2251.4,33,3,51
9:33:10,2251,2251.2,2251.4,7,6,51
9:33:11,2251.4,2251.2,2251.4,8,3,45
9:33:11,2251,2250.6,2251,6,7,2
9:33:12,2250.6,2250.8,2251.2,6,1,9
9:33:12,2251.2,2250.8,2251.2,1,1,9
9:33:13,2251.2,2250.8,2251.2,3,10,17
9:33:13,2251,2251,2251.2,2,2,17
9:33:14,2251.2,2250.8,2251.2,4,22,16
9:33:14,2251.2,2250.8,2251,2,16,41
9:33:15,2251,2250.8,2251,11,7,39
9:33:15,2250.8,2250.6,2250.8,8,7,3
9:33:16,2251,2250.8,2251,4,1,38
9:33:16,2250.8,2250.6,2251,5,11,35
9:33:17,2250.6,2250.6,2251,2,12,35
9:33:17,2251,2250.8,2251,2,7,35
9:33:18,2250.8,2250.8,2251,3,6,34
9:33:18,2251,2250.8,2251,2,7,33
9:33:19,2251,2250.8,2251,3,5,33
9:33:20,2250.6,2250.6,2250.8,6,18,7
9:33:20,2250.6,2250.6,2250.8,6,14,4
9:33:21,2250.6,2250.6,2250.8,1,16,11
9:33:21,2250.6,2250.6,2250.8,2,14,11
9:33:22,2250.8,2250.6,2250.8,3,21,8
9:33:22,2250.8,2250.6,2250.8,1,31,7
9:33:24,2250.8,2250.8,2251,1,3,38
9:33:25,2250.8,2250.8,2251,2,2,39
9:33:25,2250.8,2250.8,2251,3,8,40
9:33:26,2250.8,2250.8,2251,2,6,40
9:33:27,2250.8,2250.6,2251,18,34,29
9:33:28,2251,2250.6,2251,2,33,28
9:33:28,2250.6,2250.6,2250.8,1,33,2
9:33:29,2250.8,2250.6,2250.8,1,33,2
9:33:29,2251,2250.6,2251,31,34,2
9:33:30,2251,2251,2251.2,3,2,14
9:33:30,2251,2250.8,2251.2,2,1,16
9:33:31,2251.2,2250.8,2251.2,2,13,14
9:33:31,2251,2251,2251.2,1,3,16
9:33:32,2251.2,2251,2251.2,15,2,3
9:33:32,2251,2251,2251.2,1,6,3
9:33:34,2251.2,2251.2,2251.4,4,15,62
9:33:34,2251.4,2251.2,2251.4,13,4,62
9:33:35,2251.2,2251,2251.2,5,13,17
9:33:35,2251.2,2251,2251.2,1,13,16
9:33:36,2251.2,2251,2251.2,1,8,22
9:33:36,2251.2,2251,2251.2,7,8,25
9:33:37,2251,2250.8,2251,34,14,6
9:33:37,2251,2250.8,2251,14,12,1
9:33:38,2251.2,2250.8,2251.2,3,13,23
9:33:38,2251.2,2250.8,2251,2,14,8
9:33:39,2251,2250.8,2251,4,13,5
9:33:39,2251,2250.8,2251,3,14,2
9:33:40,2251,2250.8,2251.2,2,16,31
9:33:40,2251,2250.8,2251,7,9,10
9:33:41,2250.8,2250.8,2251,4,6,10
9:33:41,2250.8,2250.6,2250.8,10,22,1
9:33:42,2250.8,2250.6,2250.8,7,23,4
9:33:42,2250.8,2250.6,2250.8,4,25,1
9:33:43,2250.8,2250.8,2251,2,9,5
9:33:43,2250.8,2250.8,2251,1,9,7
9:33:44,2251,2251,2251.2,8,4,38
9:33:45,2251,2251,2251.2,3,4,37
9:33:45,2251.2,2250.8,2251.2,9,11,33
9:33:46,2251.2,2250.8,2251.2,3,14,31
9:33:46,2250.8,2250.6,2251.2,22,22,29
9:33:47,2250.8,2250.8,2251.2,2,9,32
9:33:48,2251.2,2250.8,2251.2,2,12,30
9:33:48,2251,2250.8,2251,4,18,1
9:33:49,2251,2251,2251.2,5,6,36
9:33:50,2251,2251,2251.2,12,16,27
9:33:50,2251.2,2251,2251.2,6,16,22
9:33:51,2251.2,2250.8,2251.2,23,10,19
9:33:51,2251.2,2250.8,2251.2,5,20,15
9:33:52,2251.2,2250.8,2251,28,11,1
9:33:52,2251,2251,2251.2,3,6,1
9:33:53,2251.2,2251,2251.2,1,9,3
9:33:54,2251,2251,2251.2,4,6,3
9:33:54,2251,2251,2251.2,5,4,1
9:33:55,2251.4,2251,2251.4,4,2,66
9:33:55,2251.2,2251.2,2251.4,7,1,69
9:33:56,2251.2,2251,2251.2,5,5,8
9:33:56,2251,2250.8,2251,6,29,5
9:33:57,2251,2251,2251.2,5,13,14
9:33:58,2251,2251,2251.2,1,13,18
9:33:58,2251,2251,2251.2,4,10,17
9:33:59,2251.2,2251,2251.2,10,11,49
9:34:00,2251,2251,2251.2,1,11,49
9:34:00,2251,2251,2251.2,15,7,40
9:34:01,2251,2250.8,2251,15,36,28
9:34:01,2251,2250.8,2251,21,21,23
9:34:02,2250.8,2250.8,2251,3,20,42
9:34:03,2250.8,2250.8,2251,7,15,40
9:34:03,2250.8,2250.8,2251,6,10,42
9:34:04,2250.8,2250.8,2251,7,4,42
9:34:04,2250.8,2250.8,2251,1,3,23
9:34:05,2250.8,2250.8,2251,6,3,22
9:34:05,2250.8,2250.8,2251,14,1,11
9:34:06,2251,2250.8,2251,1,13,10
9:34:06,2251,2250.8,2251,13,4,7
9:34:07,2250.8,2250.8,2251,5,1,6
9:34:07,2251,2250.8,2251,1,1,5
9:34:08,2251,2250.8,2251,2,1,3
9:34:08,2250.8,2250.6,2250.8,1,21,4
9:34:09,2250.8,2250.6,2250.8,1,21,5
9:34:10,2250.8,2250.6,2250.8,1,21,4
9:34:10,2250.8,2250.6,2250.8,3,19,4
9:34:11,2250.6,2250.6,2250.8,2,17,4
9:34:11,2250.8,2250.8,2251,9,3,9
9:34:12,2250.6,2250.6,2251,5,15,13
9:34:13,2250.6,2250.8,2251,15,5,5
9:34:13,2250.8,2250.8,2251,1,4,9
9:34:14,2250.6,2250.8,2251,7,3,8
9:34:14,2251,2250.8,2251,3,1,7
9:34:15,2250.8,2250.6,2250.8,1,8,1
9:34:16,2250.8,2250.6,2250.8,4,6,5
9:34:17,2250.6,2250.6,2250.8,2,4,5
9:34:17,2251.2,2250.6,2251.2,21,6,25
9:34:18,2250.6,2250.6,2250.8,6,7,6
9:34:19,2250.8,2250.6,2250.8,4,9,3
9:34:20,2250.6,2250.6,2250.8,1,9,4
9:34:20,2250.6,2250.6,2250.8,1,8,4
9:34:21,2250.8,2250.8,2251,4,1,31
9:34:21,2250.8,2250.8,2251,10,4,31
9:34:22,2250.8,2250.8,2251,2,3,31
9:34:22,2250.8,2250.8,2251,1,2,33
9:34:24,2250.8,2250.8,2251,1,9,37
9:34:25,2250.6,2250.4,2250.6,78,12,8
9:34:25,2250.4,2250.2,2250.4,14,13,8
9:34:26,2250.2,2250,2250.2,20,37,18
9:34:26,2250,2250,2250.2,7,33,15
9:34:27,2250,2249.8,2250,35,6,1
9:34:27,2250,2250,2250.2,11,3,16
9:34:28,2250,2248.8,2250,62,36,1
9:34:28,2249.8,2249.2,2249.6,4,3,4
9:34:29,2249.8,2249.6,2250.2,21,1,12
9:34:29,2250,2249.8,2250,8,13,55
9:34:30,2249.6,2249.6,2249.8,13,6,12
9:34:30,2249.6,2249.2,2249.8,6,8,22
9:34:31,2249.4,2249.4,2249.6,9,21,7
9:34:32,2249.6,2249.4,2249.6,6,18,7
9:34:32,2249.4,2249.4,2249.6,15,8,2
9:34:33,2249.4,2249.4,2249.6,2,11,2
9:34:33,2249.4,2249.4,2249.8,11,5,35
9:34:34,2249.4,2249.2,2249.4,17,35,1
9:34:34,2249.2,2249.2,2249.4,6,35,6
9:34:35,2249.6,2249.6,2249.8,17,2,28
9:34:35,2249.2,2249.2,2249.4,10,36,2
9:34:36,2249.4,2249.4,2249.6,15,2,22
9:34:36,2249.4,2249.2,2249.4,5,23,1
9:34:37,2249.2,2249.2,2249.4,26,4,11
9:34:37,2249,2249,2249.2,12,5,26
9:34:38,2249,2248.8,2249,8,14,52
9:34:38,2248.6,2248.6,2248.8,19,46,8
9:34:39,2249,2248.8,2249,64,1,38
9:34:39,2248.8,2248.6,2248.8,30,9,25
9:34:40,2248.6,2248.2,2248.6,26,33,15
9:34:40,2248.6,2248.2,2248.6,7,33,10
9:34:41,2248.2,2248.2,2248.6,11,26,8
9:34:41,2248.6,2248.6,2248.8,29,5,36
9:34:42,2248.2,2248.2,2248.4,24,3,1
9:34:42,2248,2248,2248.2,16,61,8
9:34:43,2248,2248,2248.2,38,38,22
9:34:43,2247.8,2247.8,2248,81,5,100
9:34:44,2247.8,2247.6,2247.8,37,16,31
9:34:44,2247.4,2247.4,2247.6,44,24,29
9:34:45,2247.6,2247.4,2247.6,17,51,35
9:34:45,2247.6,2247.2,2247.4,61,100,1
9:34:46,2247.4,2247.4,2247.6,78,29,5
9:34:46,2247.8,2247.6,2248,27,16,123
9:34:47,2248,2247.6,2248,28,9,125
9:34:47,2247.8,2247.6,2247.8,22,19,1
9:34:48,2247.8,2247.8,2248,27,47,103
9:34:48,2248,2247.8,2248,54,29,39
9:34:49,2248,2247.8,2248,75,3,7
9:34:49,2248,2248,2248.2,34,13,11
9:34:50,2248.2,2248,2248.2,23,24,11
9:34:50,2248.2,2247.8,2248,48,1,19
9:34:51,2247.8,2247.6,2247.8,33,54,1
9:34:51,2248,2248,2248.8,2,2,15
9:34:52,2248.8,2248.2,2248.8,17,11,23
9:34:52,2248.6,2248.2,2248.6,13,11,24
9:34:53,2248.2,2248.2,2248.6,7,17,38
9:34:53,2248.6,2248.2,2248.6,7,11,37
9:34:54,2248.2,2248.2,2248.4,3,9,3
9:34:54,2248.4,2248.2,2248.4,10,7,1
9:34:55,2248.4,2248.2,2248.4,15,7,3
9:34:55,2248.4,2248.2,2248.4,7,4,32
9:34:56,2248.4,2248.2,2248.4,6,3,34
9:34:56,2248.4,2248,2248.2,13,32,4
9:34:57,2248.2,2248,2248.2,7,32,1
9:34:57,2248,2248,2248.4,5,30,6
9:34:58,2248,2248,2248.2,15,17,1
9:34:58,2248.2,2248,2248.2,3,16,1
9:34:59,2248.2,2248.2,2248.4,17,3,7
9:34:59,2248,2248.2,2248.4,14,4,12
9:35:00,2248,2248.2,2248.4,5,1,16
9:35:00,2248.2,2247.8,2248.2,16,16,2
9:35:01,2247.8,2247.8,2248,13,6,12
9:35:01,2247.8,2247.6,2247.8,44,4,35
9:35:02,2247.6,2247.4,2247.6,23,22,23
9:35:02,2247.4,2247.2,2247.4,60,51,37
9:35:03,2247,2247,2247.2,65,111,10
9:35:03,2247.2,2247,2247.2,103,34,11
9:35:04,2247,2246.6,2247,63,19,11
9:35:04,2246.8,2246.8,2247,16,3,10
9:35:05,2247,2247,2247.2,43,9,10
9:35:05,2247.4,2247.2,2247.4,44,20,10
9:35:06,2247.4,2247.4,2247.6,29,20,16
9:35:06,2247.6,2247.4,2247.6,49,1,12
9:35:07,2247.2,2247,2247.2,15,22,28
9:35:07,2247.2,2247,2247.2,29,13,4
9:35:08,2247.2,2247.2,2247.6,45,13,37
9:35:08,2247.2,2247.2,2247.4,13,29,17
9:35:09,2247.2,2247.2,2247.4,31,22,4
9:35:09,2247.2,2247.2,2247.6,25,16,25
9:35:10,2247.2,2247.2,2247.4,10,13,3
9:35:10,2247.2,2247.4,2247.6,29,1,22
9:35:11,2247.2,2247,2247.2,12,27,2
9:35:11,2247.2,2247,2247.4,4,25,4
9:35:12,2247.2,2247,2247.2,24,4,4
9:35:12,2247.2,2247.2,2247.4,44,32,7
9:35:13,2247.2,2247.2,2247.4,15,21,8
9:35:13,2247.4,2247.2,2247.4,10,15,10
9:35:14,2247.2,2247,2247.2,17,3,2
9:35:14,2247,2246.8,2247,11,24,15
9:35:15,2246.8,2246.6,2246.8,41,30,11
9:35:15,2246.6,2246.6,2246.8,14,50,7
9:35:16,2246.6,2246.8,2247,27,3,3
9:35:16,2247,2246.8,2247,8,13,4
9:35:17,2247,2247,2247.2,17,2,7
9:35:17,2246.8,2246.6,2246.8,26,35,25
9:35:18,2246.6,2246.6,2246.8,18,59,13
9:35:18,2246.6,2246.6,2246.8,60,20,1
9:35:19,2246.8,2246.8,2247.2,16,4,8
9:35:19,2246.8,2247,2247.2,8,20,7
9:35:20,2247,2247,2247.2,8,18,9
9:35:20,2247,2247,2247.2,9,11,8
9:35:21,2247,2246.8,2247,31,43,15
9:35:21,2247,2246.8,2247,6,43,14
9:35:22,2246.8,2246.8,2247,8,37,45
9:35:22,2246.8,2246.8,2247,3,38,44
9:35:23,2247,2246.8,2247,34,15,42
9:35:23,2246.8,2246.8,2247,25,4,34
9:35:24,2247,2247,2247.2,38,5,13
9:35:24,2246.8,2246.6,2247,12,27,5
9:35:25,2246.8,2246.8,2247,13,39,3
9:35:25,2247,2247,2247.2,19,2,21
9:35:26,2247.2,2247.2,2247.4,34,12,33
9:35:26,2247.2,2247.2,2247.4,13,10,34
9:35:27,2247.2,2247.2,2247.4,18,1,25
9:35:27,2246.8,2246.8,2247.4,17,45,19
9:35:28,2247.2,2247,2247.2,7,15,4
9:35:28,2247.2,2247.2,2247.4,14,2,26
9:35:29,2247.2,2247.2,2247.4,14,8,20
9:35:29,2247,2247,2247.2,33,3,9
9:35:30,2247,2246.8,2247.2,13,59,1
9:35:30,2247.2,2247.2,2247.6,2,9,17
9:35:31,2247.6,2247.2,2247.6,10,5,24
9:35:31,2247.4,2247.4,2247.6,5,5,32
9:35:32,2247.2,2247.2,2247.4,14,14,1
9:35:32,2247.4,2247.4,2247.6,16,17,24
9:35:33,2247.4,2247.4,2247.6,26,12,3
9:35:33,2247.4,2247.6,2247.8,10,19,20
9:35:34,2247.6,2247.6,2247.8,8,27,19
9:35:34,2247.8,2247.8,2248,27,43,18
9:35:35,2247.8,2247.8,2248.2,33,29,8
9:35:35,2248.2,2247.8,2248.2,26,25,7
9:35:36,2248,2247.8,2248,29,19,18
9:35:36,2247.8,2247.8,2248,8,17,13
9:35:37,2247.8,2247.8,2248,9,15,7
9:35:37,2248.4,2248.4,2248.6,52,5,4
9:35:38,2248.6,2248.4,2248.6,8,1,1
9:35:38,2248.4,2248,2248.4,2,26,25
9:35:39,2248.4,2248.2,2248.4,29,7,8
9:35:39,2248.4,2248.4,2248.6,14,14,4
9:35:40,2248.4,2248.4,2248.6,9,7,9
9:35:40,2248.6,2248.4,2248.6,7,7,3
9:35:41,2248.6,2248,2248.6,18,19,9
9:35:41,2248.8,2248.6,2248.8,19,15,5
9:35:42,2248.6,2248.6,2248.8,10,14,2
9:35:42,2248.8,2248.8,2249,5,2,13
9:35:43,2249,2248.8,2249,11,16,4
9:35:43,2249,2249,2249.2,13,9,9
9:35:44,2249.2,2249,2249.2,12,25,16
9:35:44,2249,2249,2249.2,38,1,7
9:35:45,2249,2248.8,2249,9,11,37
9:35:45,2248.4,2248.4,2248.8,41,10,28
9:35:46,2248.6,2248.4,2248.6,21,10,3
9:35:46,2248.6,2248.6,2248.8,3,50,23
9:35:47,2248.6,2248.6,2248.8,13,45,15
9:35:47,2248.8,2248.6,2248.8,3,44,19
9:35:48,2248.8,2248.6,2248.8,4,44,15
9:35:48,2248.8,2248.8,2249,21,2,15
9:35:49,2248.6,2248.8,2249,22,1,19
9:35:49,2249,2249,2249.2,21,3,9
9:35:50,2249.2,2249.2,2249.4,14,5,9
9:35:50,2249.2,2249.2,2249.4,3,8,25
9:35:51,2249.4,2249.2,2249.4,14,4,16
9:35:51,2249.2,2249,2249.4,12,26,15
9:35:52,2249.4,2249,2249.2,25,5,27
9:35:52,2249.4,2249.4,2249.6,59,15,25
9:35:53,2249.4,2249.4,2249.6,15,5,23
9:35:53,2249.4,2249.4,2249.6,17,1,19
9:35:54,2249.4,2249,2249.2,12,7,4
9:35:54,2249,2249,2249.4,14,4,4
9:35:55,2249,2249,2249.2,1,18,1
9:35:55,2249.4,2249.2,2249.4,8,2,7
9:35:56,2249.4,2249.2,2249.4,5,1,14
9:35:56,2249,2249,2249.2,9,14,4
9:35:57,2249,2249,2249.2,7,12,1
9:35:57,2249,2249,2249.2,4,11,6
9:35:58,2249,2249,2249.2,7,8,3
9:35:58,2249,2248.8,2249,12,19,14
9:35:59,2249,2248.8,2249,3,18,13
9:35:59,2248.8,2248.6,2248.8,19,37,11
9:36:00,2248.8,2248.6,2248.8,9,38,3
9:36:00,2248.8,2248.6,2248.8,23,41,2
9:36:01,2248.6,2248.6,2248.8,26,27,3
9:36:01,2248.8,2248.8,2249,20,5,13
9:36:02,2248.6,2248.6,2248.8,28,2,11
9:36:02,2248.6,2248.6,2248.8,13,13,3
9:36:03,2248.8,2248.6,2248.8,1,13,6
9:36:03,2248.6,2248.6,2248.8,2,11,5
9:36:04,2248.6,2248.6,2248.8,9,3,4
9:36:04,2248.8,2248.4,2248.8,7,14,3
9:36:05,2248.8,2248.4,2248.8,5,38,1
9:36:05,2248.6,2248.4,2248.6,14,42,1
9:36:06,2248.4,2248.6,2249,8,1,19
9:36:06,2248.8,2248.6,2248.8,4,25,2
9:36:07,2248.6,2248.6,2249,9,40,24
9:36:07,2248.6,2248.8,2249,2,21,25
9:36:08,2248.8,2248.8,2249,21,28,7
9:36:08,2249,2249,2249.2,12,1,15
9:36:09,2249.2,2249,2249.2,15,18,8
9:36:09,2249.2,2249,2249.2,7,25,2
9:36:10,2249,2249.2,2249.4,3,2,21
9:36:10,2249.4,2249.2,2249.4,8,8,18
9:36:11,2249.4,2249.2,2249.4,10,5,16
9:36:11,2249.4,2249.2,2249.4,3,4,15
9:36:12,2249.4,2249.2,2249.4,2,3,15
9:36:12,2249.4,2249.2,2249.4,4,13,12
9:36:13,2249.4,2249.2,2249.4,6,10,11
9:36:13,2249.4,2249.4,2249.6,17,1,51
9:36:14,2249.2,2249.2,2249.4,7,6,1
9:36:14,2249.2,2249.2,2249.4,1,5,9
9:36:15,2249.2,2249,2249.2,13,41,17
9:36:15,2249.2,2249,2249.2,5,40,25
9:36:16,2249,2249,2249.2,7,35,24
9:36:16,2249,2249,2249.2,3,34,22
9:36:17,2249,2249,2249.2,29,6,22
9:36:17,2249,2248.8,2249,6,11,37
9:36:18,2249,2248.8,2249,3,11,57
9:36:18,2248.8,2248.6,2248.8,11,26,2
9:36:19,2248.6,2248.6,2248.8,22,2,9
9:36:19,2248.8,2248.6,2249,10,2,61
9:36:20,2248.6,2248.4,2248.6,8,10,13
9:36:20,2248.6,2248.4,2248.6,11,13,3
9:36:21,2248.6,2248.6,2248.8,5,8,4
9:36:21,2248.8,2248.8,2249,7,6,66
9:36:22,2248.8,2248.8,2249,1,5,66
9:36:22,2248.8,2248.8,2249,13,3,56
9:36:23,2248.8,2248.6,2249,3,14,56
9:36:23,2248.6,2248.6,2248.8,1,13,1
9:36:24,2249,2248.8,2249,3,11,59
9:36:24,2248.8,2248.8,2249,9,2,61
9:36:25,2249,2248.8,2249,4,3,56
9:36:25,2248.2,2248.2,2248.8,47,15,2
9:36:26,2248.2,2248.2,2248.8,2,14,8
9:36:26,2248.8,2248.4,2248.6,20,5,1
9:36:27,2248.6,2248.6,2248.8,1,3,4
9:36:27,2248.6,2248.6,2248.8,2,2,5
9:36:28,2248.8,2248.6,2248.8,1,7,8
9:36:28,2248.6,2248.6,2248.8,4,4,7
9:36:29,2249,2248.8,2249,8,3,72
9:36:30,2248.8,2248.6,2248.8,8,5,11
9:36:30,2248.8,2248.6,2248.8,1,6,12
9:36:31,2248.6,2248.6,2248.8,2,5,13
9:36:32,2248.8,2248.8,2249,19,7,74
9:36:32,2248.8,2248.8,2249,4,3,74
9:36:33,2248.8,2248.8,2249,2,1,79
9:36:33,2248.8,2248.6,2248.8,1,10,5
9:36:34,2248.8,2248.6,2248.8,1,16,4
9:36:35,2248.6,2248.6,2248.8,4,14,12
9:36:35,2248.8,2248.8,2249,15,20,102
9:36:36,2248.8,2248.8,2249,12,8,102
9:36:36,2248.8,2248.8,2249,3,5,103
9:36:37,2248.8,2248.8,2249,5,37,103
9:36:37,2248.8,2248.8,2249,6,31,104
9:36:38,2249,2248.8,2249,8,28,106
9:36:38,2248.8,2248.8,2249,5,26,105
9:36:39,2248.8,2248.8,2249,3,23,111
9:36:40,2248.8,2248.8,2249,2,21,108
9:36:40,2248.8,2248.8,2249,4,18,107
9:36:41,2249,2248.8,2249,15,13,97
9:36:41,2248.8,2248.8,2249,6,11,96
9:36:42,2248.8,2248.8,2249,1,10,97
9:36:42,2248.8,2248.8,2249,2,12,98
9:36:43,2248.6,2248.8,2249,15,1,96
9:36:43,2248.8,2248.6,2248.8,1,16,31
9:36:44,2248.6,2248.6,2248.8,17,4,30
9:36:44,2248.8,2248.6,2248.8,3,1,32
9:36:45,2248.6,2248.6,2248.8,1,1,35
9:36:45,2248.4,2248.4,2248.8,25,10,16
9:36:46,2248.6,2248.4,2248.8,4,13,17
9:36:46,2248.4,2248.6,2248.8,2,8,18
9:36:47,2248.6,2248.6,2248.8,8,4,17
9:36:47,2248.8,2248.4,2248.6,9,12,1
9:36:48,2248.4,2248.4,2248.8,15,2,10
9:36:48,2248.8,2248.4,2248.8,1,2,11
9:36:49,2248.4,2248.4,2248.8,3,1,14
9:36:49,2248.8,2248.4,2248.8,2,2,13
9:36:50,2248.4,2248.4,2248.8,1,3,14
9:36:50,2248.4,2248.4,2248.8,3,1,14
9:36:51,2248.4,2248.2,2248.4,3,15,6
9:36:51,2248.4,2248.2,2248.4,2,19,6
9:36:52,2248.4,2248.2,2248.4,1,41,5
9:36:53,2248.2,2248.2,2248.4,4,38,4
9:36:53,2248.4,2248.4,2248.6,10,7,1
9:36:54,2248.4,2248.4,2248.6,26,5,1
9:36:54,2248.2,2248.2,2248.4,16,22,6
9:36:55,2248.2,2248.2,2248.4,1,22,11
9:36:55,2248.2,2248.2,2248.4,1,24,19
9:36:56,2248.2,2248.2,2248.4,22,5,10
9:36:56,2248.2,2248,2248.2,13,62,8
9:36:57,2248,2248,2248.2,6,59,10
9:36:57,2248,2248,2248.4,11,59,10
9:36:58,2248.2,2248,2248.4,26,50,11
9:36:58,2248.2,2248.2,2248.4,7,5,12
9:36:59,2248.2,2248.2,2248.4,5,5,15
9:36:59,2248.2,2248.2,2248.4,3,17,14
9:37:00,2248.2,2248.2,2248.4,3,28,13
9:37:00,2248.4,2248.2,2248.4,12,35,5
9:37:01,2248.4,2248.2,2248.4,4,55,1
9:37:01,2248.4,2248.4,2248.6,58,8,6
9:37:02,2248.6,2248.6,2248.8,17,6,22
9:37:02,2248.6,2248.6,2248.8,10,17,22
9:37:03,2248.6,2248.6,2248.8,6,11,22
9:37:03,2248.8,2248.6,2248.8,2,5,19
9:37:04,2248.8,2248.6,2248.8,5,6,14
9:37:04,2248.6,2248.4,2248.8,12,5,11
9:37:05,2248.6,2248.6,2248.8,2,1,11
9:37:05,2248.8,2248.6,2249,11,11,99
9:37:06,2249,2248.8,2249,12,3,86
9:37:06,2249,2248.8,2249,9,3,78
9:37:07,2248.8,2248.8,2249,2,32,71
9:37:07,2249,2248.8,2249,22,33,44
9:37:08,2249,2248.8,2249,29,33,17
9:37:08,2249,2249,2249.2,22,21,18
9:37:09,2249.4,2249.2,2249.4,21,1,9
9:37:09,2249.4,2249,2249.4,6,43,18
9:37:10,2249.4,2249.2,2249.4,3,10,20
9:37:10,2249,2249,2249.2,13,53,3
9:37:11,2249.4,2249,2249.4,21,53,6
9:37:11,2249.4,2249.2,2249.4,2,1,14
9:37:12,2249.4,2249.4,2249.6,18,9,50
9:37:12,2249.6,2249.4,2249.6,2,9,49
9:37:13,2249.4,2249.4,2249.6,6,6,47
9:37:13,2249.6,2249.4,2249.6,14,5,34
9:37:14,2249.4,2249,2249.6,10,26,34
9:37:14,2249.6,2249.2,2249.4,8,6,1
9:37:15,2249.6,2249.4,2249.6,36,1,26
9:37:15,2249.6,2249,2249.6,12,1,20
9:37:16,2249.6,2249.2,2249.6,16,1,16
9:37:16,2249.2,2249.2,2249.6,16,1,7
9:37:17,2249.6,2249.4,2249.6,3,1,7
9:37:17,2249.8,2249.6,2249.8,28,38,88
9:37:18,2249.6,2249.6,2249.8,6,72,83
9:37:18,2249.6,2249.6,2249.8,13,73,74
9:37:19,2249.8,2249.6,2249.8,15,71,61
9:37:19,2249.6,2249.6,2249.8,42,52,41
9:37:20,2249.8,2249.6,2249.8,18,49,25
9:37:20,2249.8,2249.6,2249.8,11,48,15
9:37:21,2249.6,2249.6,2249.8,3,11,14
9:37:21,2249.6,2249.4,2249.6,12,2,3
9:37:22,2249.6,2249.4,2249.6,10,6,12
9:37:22,2249.6,2249.4,2249.6,8,5,23
9:37:23,2249.4,2249.4,2249.6,2,8,28
9:37:24,2249.6,2249.4,2249.6,2,16,29
9:37:24,2249.6,2249.4,2249.6,1,16,28
9:37:25,2249.4,2249.4,2249.6,6,15,29
9:37:25,2249.8,2249.6,2249.8,33,11,29
9:37:26,2249.8,2249.6,2249.8,5,11,25
9:37:26,2249.6,2249.6,2249.8,43,19,1
9:37:27,2250,2249.8,2250,18,26,98
9:37:27,2249.8,2249.8,2250,24,28,77
9:37:28,2250,2249.8,2250,12,38,65
9:37:28,2249.8,2249.8,2250,9,36,59
9:37:29,2250,2249.8,2250,28,37,33
9:37:29,2250,2249.8,2250,11,27,25
9:37:30,2250,2249.8,2250,5,25,22
9:37:30,2250,2249.8,2250,8,23,17
9:37:31,2250,2249.8,2250,5,23,12
9:37:31,2250,2249.8,2250,4,23,11
9:37:32,2249.8,2249.8,2250,7,23,12
9:37:32,2249.8,2249.8,2250,23,4,12
9:37:33,2250,2249.8,2250,1,4,12
9:37:33,2249.8,2250,2250.2,15,1,58
9:37:34,2250,2249.8,2250,3,2,3
9:37:34,2250,2249.8,2250,5,6,1
9:37:35,2250,2249.8,2250,3,4,26
9:37:35,2249.8,2249.8,2250,6,3,23
9:37:36,2249.8,2249.8,2250,4,3,23
9:37:37,2249.8,2249.8,2250,2,2,28
9:37:37,2249.8,2249.6,2250,3,35,30
9:37:38,2250,2249.8,2250,27,1,5
9:37:38,2249.6,2249.8,2250,2,1,6
9:37:39,2250,2249.8,2250,5,2,1
9:37:39,2249.8,2249.8,2250,2,1,11
9:37:40,2249.6,2249.8,2250,5,1,15
9:37:40,2249.6,2249.6,2249.8,3,35,1
9:37:41,2249.8,2249.8,2250,2,1,17
9:37:41,2250,2249.6,2250,3,37,15
9:37:42,2249.8,2249.6,2249.8,26,16,3
9:37:42,2249.8,2249.8,2250,6,5,16
9:37:43,2249.8,2249.6,2249.8,5,17,1
9:37:44,2249.8,2249.8,2250,4,1,30
9:37:44,2249.8,2249.6,2249.8,2,14,8
9:37:45,2249.8,2249.6,2249.8,3,20,5
9:37:45,2249.6,2249.6,2249.8,8,15,13
9:37:46,2249.6,2249.6,2249.8,2,21,18
9:37:46,2249.6,2249.6,2249.8,6,17,26
9:37:47,2249.6,2249.6,2249.8,2,23,33
9:37:47,2249.6,2249.6,2249.8,4,28,33
9:37:48,2249.8,2249.6,2249.8,3,40,36
9:37:49,2249.6,2249.6,2249.8,6,37,26
9:37:49,2249.6,2249.6,2249.8,23,19,26
9:37:50,2249.6,2249.4,2249.6,23,87,27
9:37:50,2249.4,2249.4,2249.6,2,86,28
9:37:51,2249.6,2249.4,2249.6,11,91,19
9:37:51,2249.4,2249.4,2249.6,5,88,19
9:37:52,2249.6,2249.4,2249.6,7,87,15
9:37:53,2249.4,2249.4,2249.6,9,83,12
9:37:53,2249.6,2249.4,2249.6,4,82,9
9:37:54,2249.6,2249.4,2249.6,5,82,4
9:37:55,2249.6,2249.4,2249.6,2,81,3
9:37:56,2249.6,2249.6,2249.8,4,1,25
9:37:56,2249.6,2249.6,2249.8,1,6,25
9:37:57,2249.6,2249.6,2249.8,7,6,21
9:37:58,2249.6,2249.6,2249.8,3,3,21
9:37:58,2249.6,2249.6,2249.8,4,1,21
9:37:59,2249.6,2249.4,2249.8,1,74,21
9:37:59,2249.4,2249.4,2249.6,2,73,19
9:38:00,2249.6,2249.4,2249.6,6,73,13
9:38:00,2249.6,2249.4,2249.6,1,73,12
9:38:01,2249.6,2249.4,2249.6,5,73,8
9:38:01,2249.8,2249.4,2249.8,17,73,14
9:38:02,2249.8,2249.4,2249.8,6,72,9
9:38:02,2249.6,2249.6,2249.8,4,4,7
9:38:03,2249.8,2249.6,2249.8,3,4,4
9:38:04,2249.6,2249.6,2249.8,2,7,4
9:38:04,2249.6,2249.6,2249.8,5,2,4
9:38:05,2249.8,2249.6,2249.8,2,1,5
9:38:05,2249.6,2249.4,2249.8,1,74,8
9:38:06,2249.4,2249.6,2249.8,2,1,7
9:38:06,2249.8,2249.4,2249.8,12,75,2
9:38:07,2249.8,2249.4,2249.8,1,74,1
9:38:07,2249.6,2249.4,2249.8,1,74,2
9:38:08,2249.8,2249.4,2249.8,1,74,1
9:38:09,2249.6,2249.6,2249.8,2,1,2
9:38:10,2249.8,2249.8,2250,5,15,62
9:38:10,2249.8,2249.8,2250,3,12,63
9:38:11,2249.8,2249.8,2250,2,17,63
9:38:11,2250,2249.8,2250,16,16,49
9:38:12,2250,2249.8,2250,11,17,38
9:38:12,2250,2249.8,2250,13,18,25
9:38:13,2250,2249.8,2250,14,19,12
9:38:13,2250.2,2250,2250.2,33,12,50
9:38:14,2250.2,2250,2250.2,10,13,41
9:38:14,2250.2,2250,2250.2,12,13,28
9:38:15,2250.2,2250,2250.2,11,20,19
9:38:15,2250.2,2250,2250.2,1,18,18
9:38:16,2250.2,2250,2250.2,7,17,12
9:38:16,2250.2,2250,2250.2,8,19,14
9:38:17,2250.2,2250,2250.2,5,19,20
9:38:17,2250,2250,2250.2,9,23,13
9:38:18,2250.2,2250,2250.2,1,23,12
9:38:18,2250.2,2250,2250.2,4,22,9
9:38:19,2250.2,2250,2250.2,5,19,7
9:38:19,2250.2,2250,2250.2,3,19,5
9:38:20,2250,2250,2250.4,8,18,19
9:38:20,2250.4,2250.2,2250.4,1,3,18
9:38:21,2250.2,2250,2250.4,3,20,21
9:38:22,2250.2,2250.2,2250.4,10,24,17
9:38:22,2250.2,2250.2,2250.4,5,21,15
9:38:23,2250.4,2250.2,2250.4,4,25,12
9:38:23,2250.4,2250.4,2250.6,21,14,13
9:38:24,2250.4,2250.4,2250.6,5,10,13
9:38:24,2250.6,2250.6,2250.8,14,7,46
9:38:25,2250.8,2250.6,2250.8,5,49,41
9:38:25,2250.8,2250.6,2250.8,19,51,21
9:38:26,2250.6,2250.8,2251,26,4,63
9:38:26,2251,2250.8,2251,12,3,58
9:38:27,2251,2250.8,2251,6,5,55
9:38:27,2251,2250.8,2251,34,1,31
9:38:28,2250.8,2250.6,2250.8,5,55,22
9:38:28,2250.6,2250.6,2250.8,4,53,21
9:38:29,2250.8,2250.6,2250.8,19,53,18
9:38:29,2250.8,2250.6,2250.8,13,47,17
9:38:30,2250.6,2250.6,2250.8,9,40,18
9:38:30,2250.8,2250.6,2250.8,21,25,13
9:38:31,2250.6,2250.4,2250.6,24,11,22
9:38:31,2250.4,2250.4,2250.6,2,9,34
9:38:32,2250.4,2250.2,2250.4,10,11,11
9:38:32,2250.2,2250.2,2250.4,11,4,33
9:38:33,2250.4,2250.2,2250.4,7,2,32
9:38:33,2250.2,2250,2250.2,9,32,2
9:38:34,2250.2,2250,2250.2,6,28,1
9:38:34,2250.2,2250,2250.2,1,28,1
9:38:35,2250.2,2250.2,2250.4,1,2,27
9:38:35,2250.4,2250.2,2250.4,3,1,25
9:38:36,2250.2,2250.2,2250.4,6,11,21
9:38:37,2250.2,2250,2250.2,12,29,1
9:38:37,2250.2,2250,2250.4,2,30,21
9:38:38,2250.4,2250.4,2250.6,31,26,46
9:38:39,2250.4,2250.4,2250.6,2,24,60
9:38:39,2250.4,2250.4,2250.6,1,24,60
9:38:40,2250.6,2250.4,2250.6,6,23,56
9:38:40,2250.4,2250.4,2250.6,12,11,57
9:38:41,2250.6,2250.4,2250.6,3,9,56
9:38:41,2250.4,2250.2,2250.4,9,8,5
9:38:42,2250.4,2250.2,2250.4,2,7,5
9:38:42,2250.4,2250.2,2250.4,5,6,10
9:38:43,2250.4,2250.2,2250.4,1,8,9
9:38:43,2250.2,2250.2,2250.4,1,7,14
9:38:44,2250.2,2250,2250.2,8,32,7
9:38:44,2250.2,2250.2,2250.4,9,6,14
9:38:45,2250.2,2250.2,2250.4,8,33,13
9:38:45,2250.4,2250.2,2250.4,6,44,6
9:38:46,2250.2,2250.4,2250.6,8,1,64
9:38:46,2250.6,2250.4,2250.6,1,1,56
9:38:47,2250.4,2250.4,2250.6,9,7,50
9:38:47,2250.4,2250.4,2250.6,5,2,45
9:38:48,2250.4,2250.4,2250.6,5,5,45
9:38:48,2250.6,2250.4,2250.6,7,4,41
9:38:49,2250.4,2250.2,2250.4,18,51,5
9:38:49,2250.4,2250.2,2250.4,5,52,2
9:38:50,2250.4,2250.2,2250.4,7,52,2
9:38:50,2250.2,2250.2,2250.6,12,43,46
9:38:51,2250.6,2250.4,2250.6,3,3,44
9:38:51,2250.4,2250.2,2250.4,8,33,2
9:38:52,2250.4,2250.2,2250.4,21,13,16
9:38:53,2250.4,2250.2,2250.4,3,13,20
9:38:53,2250.2,2250.2,2250.4,8,5,16
9:38:54,2250.4,2250.2,2250.4,2,6,17
9:38:54,2250.2,2250,2250.2,7,34,1
9:38:55,2250,2250,2250.2,2,34,21
9:38:56,2250.2,2250,2250.2,2,33,21
9:38:57,2250,2250,2250.2,1,33,24
9:38:57,2250.2,2250,2250.2,8,28,21
9:38:58,2250,2250,2250.2,4,26,21
9:38:58,2250.2,2250,2250.2,2,26,21
9:38:59,2250,2250,2250.2,8,20,20
9:38:59,2250,2250,2250.2,1,24,21
9:39:00,2250.2,2250,2250.2,17,26,4
9:39:00,2250,2250,2250.2,7,24,1
9:39:01,2250.6,2250,2250.6,67,24,12
9:39:01,2250.6,2250.2,2250.4,4,6,12
9:39:02,2250.2,2250.2,2250.4,14,6,4
9:39:02,2250.4,2250.2,2250.4,4,5,1
9:39:03,2250,2250.2,2250.4,6,13,2
9:39:03,2250.4,2250.2,2250.4,5,9,1
9:39:04,2250.2,2250.2,2250.4,2,7,7
9:39:04,2250.2,2250.2,2250.4,2,5,14
9:39:05,2250.4,2250.2,2250.4,2,5,14
9:39:05,2250.4,2250.2,2250.4,7,9,8
9:39:06,2250.4,2250.4,2250.6,9,8,14
9:39:07,2250.4,2250.4,2250.6,1,14,16
9:39:08,2250.4,2250.4,2250.6,1,16,17
9:39:08,2250.4,2250.4,2250.6,3,13,17
9:39:09,2250.4,2250.4,2250.6,2,14,18
9:39:09,2250.6,2250.4,2250.6,2,14,16
9:39:10,2250.4,2250.4,2250.6,1,13,18
9:39:10,2250.4,2250.4,2250.6,4,12,16
9:39:11,2250.4,2250.4,2250.6,8,11,11
9:39:11,2250.6,2250.4,2250.6,3,10,9
9:39:12,2250.4,2250.2,2250.6,11,22,9
9:39:12,2250.6,2250.6,2250.8,19,4,32
9:39:13,2250.2,2250.2,2250.6,10,11,3
9:39:13,2250.2,2250.2,2250.6,1,10,5
9:39:14,2250.2,2250.2,2250.4,10,3,10
9:39:15,2250.4,2250.2,2250.4,2,3,13
9:39:15,2250.4,2250.4,2250.6,14,4,21
9:39:16,2250.4,2250.4,2250.6,3,1,22
9:39:16,2250.2,2250.2,2250.6,3,12,21
9:39:17,2250.2,2250.2,2250.4,1,13,2
9:39:17,2250.2,2250.2,2250.4,5,12,3
9:39:18,2250.2,2250.2,2250.4,1,11,3
9:39:19,2250.2,2250.2,2250.4,2,5,8
9:39:20,2250.2,2250,2250.2,7,36,44
9:39:20,2250,2250,2250.2,4,34,43
9:39:21,2250,2250,2250.2,22,7,45
9:39:21,2250,2249.8,2250,9,12,9
9:39:22,2249.8,2249.8,2250,3,11,7
9:39:22,2249.8,2249.6,2249.8,14,21,25
9:39:23,2249.6,2249.6,2249.8,8,14,25
9:39:23,2249.6,2249.6,2249.8,12,8,19
9:39:24,2249.6,2249.6,2249.8,2,7,18
9:39:24,2249.6,2249.6,2249.8,3,4,18
9:39:25,2249.6,2249.6,2249.8,5,19,18
9:39:25,2249.8,2249.6,2249.8,5,16,16
9:39:26,2249.8,2249.6,2249.8,2,17,16
9:39:26,2249.6,2249.6,2249.8,5,13,16
9:39:27,2249.6,2249.6,2249.8,4,11,14
9:39:27,2249.6,2249.6,2249.8,6,5,14
9:39:28,2249.6,2249.6,2249.8,3,3,13
9:39:28,2249.6,2249.6,2249.8,7,1,12
9:39:29,2249.8,2249.8,2250,13,1,46
9:39:29,2249.6,2249.4,2249.6,2,20,1
9:39:30,2249.8,2249.8,2250,9,2,46
9:39:30,2249.8,2249.8,2250,9,9,47
9:39:31,2249.8,2249.8,2250,5,5,46
9:39:32,2249.8,2249.8,2250,2,4,45
9:39:32,2249.6,2249.6,2250,6,6,45
9:39:33,2250,2249.6,2249.8,3,15,1
9:39:34,2249.6,2249.6,2249.8,3,12,7
9:39:35,2249.6,2249.4,2249.6,13,11,5
9:39:36,2249.6,2249.6,2249.8,9,1,14
9:39:36,2249.6,2249.4,2249.8,2,11,11
9:39:37,2249.4,2249.4,2249.8,1,11,11
9:39:37,2249.4,2249.6,2249.8,3,1,11
9:39:38,2249.4,2249.4,2249.8,1,8,12
9:39:38,2249.6,2249.4,2249.6,2,7,7
9:39:39,2249.2,2249.2,2249.6,10,17,7
9:39:39,2249.4,2249.4,2249.6,2,3,7
9:39:40,2249.2,2249.2,2249.6,7,13,9
9:39:40,2249.2,2249.2,2249.4,1,12,3
9:39:41,2249.4,2249.4,2249.6,4,1,34
9:39:41,2249.4,2249.2,2249.4,6,9,2
9:39:42,2249.2,2249.2,2249.4,1,8,7
9:39:42,2249.2,2249.2,2249.4,2,45,10
9:39:43,2249.4,2249.2,2249.4,2,47,8
9:39:43,2249.2,2249.2,2249.6,57,2,9
9:39:44,2249.4,2249.4,2249.6,7,3,6
9:39:44,2249.4,2249.2,2249.4,4,1,2
9:39:45,2249,2249.4,2249.6,7,28,6
9:39:45,2249.6,2249.6,2249.8,9,16,14
9:39:46,2249.6,2249.6,2249.8,16,3,6
9:39:46,2249.8,2249.4,2249.8,11,47,12
9:39:47,2249.6,2249.6,2249.8,1,1,12
9:39:47,2249.8,2249.6,2249.8,2,17,10
9:39:48,2249.8,2249.6,2249.8,6,23,9
9:39:49,2249.8,2249.6,2250,12,22,50
9:39:49,2249.6,2249.6,2250,1,21,50
9:39:50,2249.6,2249.6,2250,8,14,52
9:39:50,2249.6,2249.6,2250,2,12,102
9:39:51,2249.6,2249.6,2250,3,9,103
9:39:51,2249.6,2249.6,2249.8,1,8,1
9:39:52,2249.8,2249.6,2249.8,3,9,8
9:39:53,2249.8,2249.6,2249.8,2,8,8
9:39:54,2249.8,2249.6,2249.8,1,8,3
9:39:55,2249.6,2249.6,2249.8,1,8,5
9:39:55,2249.8,2249.6,2249.8,2,9,6
9:39:56,2249.6,2249.6,2249.8,2,8,6
9:39:57,2249.8,2249.6,2249.8,1,10,9
9:39:57,2249.8,2249.6,2249.8,1,10,9
9:39:58,2249.6,2249.6,2249.8,1,9,10
9:39:59,2249.8,2249.8,2250,10,32,114
9:39:59,2249.8,2249.8,2250,8,24,118
9:40:00,2250,2249.8,2250,6,24,110
9:40:00,2250,2249.8,2250,5,21,108
9:40:01,2249.8,2249.8,2250,7,15,103
9:40:01,2249.6,2249.4,2249.6,37,42,25
9:40:02,2249.6,2249.4,2249.6,1,42,30
9:40:02,2249.4,2249.4,2249.6,36,15,26
9:40:03,2249.4,2249.4,2249.6,12,8,21
9:40:03,2249.6,2249.6,2249.8,28,2,3
9:40:04,2249.6,2249.4,2249.6,17,7,11
9:40:04,2249.6,2249.4,2249.6,2,8,9
9:40:05,2249.6,2249.4,2249.6,2,12,7
9:40:05,2249.4,2249.4,2249.6,11,1,20
9:40:06,2249.2,2249.2,2249.6,3,13,22
9:40:06,2249.2,2249.2,2249.4,6,8,2
9:40:07,2249.4,2249.2,2249.4,3,6,13
9:40:07,2249.2,2249.2,2249.4,6,14,9
9:40:08,2249.4,2249.2,2249.4,7,9,11
9:40:08,2249.2,2249.2,2249.4,7,6,11
9:40:09,2249.4,2249.2,2249.4,11,5,7
9:40:09,2249.4,2249.2,2249.4,3,7,4
9:40:10,2249.2,2249.2,2249.4,2,6,3
9:40:11,2249.2,2249.2,2249.4,12,3,1
9:40:11,2249.2,2249,2249.2,3,46,2
9:40:12,2249.2,2249,2249.4,2,46,1
9:40:12,2249,2249,2249.2,6,35,1
9:40:13,2249.2,2249.2,2249.4,3,1,1
9:40:13,2249.2,2249.2,2249.4,9,9,3
9:40:14,2249.2,2249.2,2249.4,5,4,3
9:40:14,2249.2,2249.2,2249.4,3,2,1
9:40:15,2249.4,2249.4,2249.6,5,19,13
9:40:15,2249.4,2249.4,2249.6,5,21,9
9:40:16,2249.6,2249.4,2249.6,10,19,2
9:40:16,2249.8,2249.4,2249.8,3,19,9
9:40:17,2249.6,2249.4,2249.6,4,19,1
9:40:18,2249.4,2249.4,2249.6,4,18,4
9:40:19,2249.6,2249.4,2249.6,3,17,2
9:40:19,2249.6,2249.4,2249.8,3,17,7
9:40:20,2249.4,2249.4,2249.8,3,14,7
9:40:20,2249.4,2249.6,2249.8,15,14,12
9:40:21,2249.8,2249.6,2249.8,9,12,15
9:40:22,2249.8,2249.6,2249.8,1,12,15
9:40:22,2249.8,2249.6,2249.8,2,11,14
9:40:23,2249.6,2249.6,2249.8,3,5,15
9:40:24,2249.6,2249.4,2249.6,8,2,4
9:40:24,2249.4,2249.2,2249.6,5,24,4
9:40:25,2249.6,2249.2,2249.4,5,24,4
9:40:25,2249.6,2249.2,2249.6,6,24,1
