9:14:00,2318,2317,2318,118,1,2
9:15:00,2317,2316.6,2317,53,3,26
9:15:01,2317.4,2317.2,2318.8,118,13,1
9:15:01,2317.6,2317.6,2318.6,84,1,2
9:15:02,2317.4,2317.4,2318.6,120,106,2
9:15:02,2318.4,2317.8,2318.4,66,1,10
9:15:03,2319,2318.4,2319,30,10,7
9:15:03,2319.6,2319,2319.6,42,9,19
9:15:04,2319,2318.6,2319,104,87,7
9:15:04,2318.8,2318.8,2319.4,47,56,6
9:15:05,2319,2319,2319.4,42,10,1
9:15:05,2319.2,2318.6,2318.8,93,6,2
9:15:06,2318.6,2318.8,2319,49,1,23
9:15:06,2318.6,2318.2,2318.6,51,2,1
9:15:07,2318.2,2318,2318.4,5,9,3
9:15:07,2318.2,2317.8,2318,17,3,3
9:15:08,2317.8,2317.8,2318.4,60,2,20
9:15:08,2317.8,2317.2,2317.8,43,8,1
9:15:09,2317.2,2317,2317.4,22,32,1
9:15:09,2317.6,2317.6,2317.8,15,2,1
9:15:10,2317.2,2317,2317.6,37,31,2
9:15:10,2317,2317.8,2318.2,55,1,2
9:15:11,2317.2,2316.8,2317,6,2,3
9:15:11,2317.2,2317.2,2317.6,13,1,3
9:15:12,2317.6,2317,2317.8,31,33,24
9:15:12,2317.2,2317.2,2317.6,19,3,8
9:15:13,2317.4,2316.6,2317,19,3,1
9:15:13,2317.2,2316.4,2316.6,31,7,23
9:15:14,2316.6,2316.4,2317,25,6,1
9:15:14,2316.4,2316.6,2317,11,1,10
9:15:15,2316.4,2316.2,2316.4,14,12,14
9:15:15,2316.6,2316.4,2316.6,23,19,3
9:15:16,2316.4,2316.6,2317,30,1,11
9:15:16,2316.4,2316.2,2316.4,18,2,1
9:15:17,2316.6,2316.6,2317.4,95,5,8
9:15:17,2316.4,2316,2316.4,41,14,19
9:15:18,2316.2,2316,2316.2,14,8,3
9:15:18,2315.8,2315.6,2316,16,1,7
9:15:19,2315.8,2315.4,2315.8,9,9,1
9:15:19,2315,2315,2315.2,12,23,1
9:15:20,2315,2315.2,2315.4,33,4,27
9:15:20,2315.2,2315,2315.2,26,1,13
9:15:21,2315,2314.6,2314.8,14,1,12
9:15:21,2315,2314.6,2315,14,1,12
9:15:22,2314.6,2314.2,2314.6,11,6,5
9:15:22,2314.4,2314,2314.2,19,17,8
9:15:23,2314.4,2314.4,2314.8,23,1,8
9:15:23,2314.4,2314.4,2314.6,38,2,2
9:15:24,2314.4,2314.2,2314.4,22,41,25
9:15:24,2314.4,2314.2,2314.4,35,11,46
9:15:25,2314.2,2314,2314.2,72,4,16
9:15:25,2314.2,2313.8,2314,21,4,1
9:15:26,2313.8,2314,2314.2,11,3,9
9:15:26,2313.4,2313.4,2313.8,7,5,1
9:15:27,2313.2,2313.2,2314,8,10,27
9:15:27,2313.2,2313,2313.2,20,8,35
9:15:28,2313,2312.8,2313.2,36,7,14
9:15:28,2313,2312.6,2313.2,6,8,18
9:15:29,2312.8,2312.4,2313,16,9,1
9:15:29,2313,2312.8,2313,12,9,3
9:15:30,2312.8,2312.6,2312.8,28,4,15
9:15:30,2313,2312.8,2313.4,23,9,19
9:15:31,2312.8,2312.6,2312.8,26,2,8
9:15:31,2312.6,2312.6,2312.8,41,4,1
9:15:32,2313.4,2312.8,2313.4,15,23,14
9:15:32,2313.4,2313,2313.4,15,4,5
9:15:33,2313.4,2313.2,2313.4,20,1,2
9:15:33,2312.8,2312.8,2313.4,19,21,2
9:15:34,2313.6,2313.4,2313.6,19,5,2
9:15:34,2313.4,2312.8,2313.4,18,28,2
9:15:35,2313.4,2313.4,2314,12,9,22
9:15:35,2313.4,2313.4,2314,6,11,21
9:15:36,2313.8,2313.6,2313.8,6,3,5
9:15:36,2314,2313.4,2314,11,12,25
9:15:37,2313.6,2313.8,2314,9,1,15
9:15:37,2314,2314,2314.2,18,8,5
9:15:38,2314.2,2313.8,2314.4,21,12,14
9:15:38,2314.2,2314.2,2314.4,5,20,15
9:15:39,2314.2,2314.2,2314.4,6,25,12
9:15:39,2314.6,2314.2,2314.6,18,25,3
9:15:40,2314.6,2314.4,2315,3,5,46
9:15:40,2314.4,2314.4,2315,8,6,43
9:15:41,2314.4,2314.6,2314.8,1,2,6
9:15:41,2314.6,2314.6,2314.8,3,44,5
9:15:42,2315,2314.8,2315,17,1,43
9:15:42,2315,2314.6,2315,30,25,31
9:15:43,2314.8,2314.6,2314.8,16,11,1
9:15:43,2314.6,2314.6,2314.8,5,11,2
9:15:44,2315,2314.8,2315,8,13,32
9:15:44,2314.8,2314.8,2315,6,15,32
9:15:45,2315,2314.8,2315,4,15,30
9:15:45,2315,2314.8,2315,3,7,42
9:15:46,2314.8,2314.8,2315,9,1,42
9:15:46,2314.6,2314.6,2315,15,3,37
9:15:47,2314.6,2314.6,2314.8,2,9,11
9:15:47,2314.6,2314.6,2314.8,1,8,12
9:15:48,2314.8,2314.6,2314.8,4,8,13
9:15:48,2314.8,2314.6,2314.8,7,9,6
9:15:49,2314.6,2314.4,2314.6,11,16,3
9:15:49,2314.8,2314.8,2315.4,75,3,12
9:15:50,2315.4,2314.8,2315.4,14,1,9
9:15:50,2315.2,2314.8,2315.4,22,6,7
9:15:51,2315,2315,2315.4,7,6,4
9:15:51,2315,2315,2315.4,5,4,2
9:15:52,2315.6,2315.6,2316,13,2,9
9:15:52,2315.8,2316,2316.4,18,5,6
9:15:53,2316.2,2316,2316.2,1,6,5
9:15:53,2317,2316,2317,28,3,24
9:15:54,2316.6,2316.2,2316.8,14,79,13
9:15:54,2316.2,2316.2,2317,24,65,35
9:15:55,2316.2,2316.2,2316.6,18,54,4
9:15:55,2316.2,2316.2,2316.6,30,47,1
9:15:56,2316.8,2316.2,2316.8,4,45,5
9:15:56,2316.6,2316.6,2316.8,2,4,5
9:15:57,2316.6,2316.2,2316.6,14,48,13
9:15:57,2316.4,2316.4,2316.8,11,5,4
9:15:58,2316.6,2316.4,2317,8,5,22
9:15:58,2316.2,2316.2,2316.4,23,29,31
9:15:59,2316.4,2316.2,2316.4,12,24,15
9:15:59,2316.2,2316,2316.2,26,6,5
9:16:00,2316.2,2316,2316.2,21,5,23
9:16:00,2316.2,2316,2316.2,7,3,19
9:16:01,2316.2,2316.2,2316.8,29,3,1
9:16:01,2316.2,2316.4,2316.6,4,1,6
9:16:02,2316.8,2316.8,2317,12,2,35
9:16:02,2316.8,2316.2,2316.8,18,11,10
9:16:03,2316.8,2316.2,2316.8,14,29,17
9:16:03,2316.8,2316.4,2316.8,1,6,11
9:16:04,2317,2317,2317.2,47,7,4
9:16:04,2317.2,2317,2317.2,5,5,7
9:16:05,2316.8,2316.8,2317.2,9,7,4
9:16:05,2317,2316.8,2317,18,19,18
9:16:06,2317,2317.2,2317.4,19,4,28
9:16:06,2317.2,2317.2,2317.4,12,7,17
9:16:07,2317.6,2317.6,2317.8,25,6,8
9:16:07,2318,2317.8,2318,23,6,19
9:16:08,2318,2318,2318.4,38,5,10
9:16:08,2318.4,2318.2,2318.6,25,1,12
9:16:09,2318,2318.4,2318.6,8,1,2
9:16:09,2318.6,2318.6,2318.8,14,1,1
9:16:10,2318.6,2318.8,2319,32,3,8
9:16:10,2319.2,2319,2319.2,40,9,4
9:16:11,2319.4,2319.2,2319.6,24,1,36
9:16:11,2319.6,2319.2,2319.6,26,7,19
9:16:12,2319.8,2319.6,2319.8,43,58,11
9:16:12,2319.8,2319.8,2320,55,16,158
9:16:13,2320,2319.8,2320,85,1,152
9:16:13,2319.8,2319.6,2319.8,30,50,5
9:16:14,2319.8,2319.8,2320,38,3,115
9:16:14,2320,2319.8,2320,13,6,109
9:16:15,2319.8,2319.8,2320,45,2,74
9:16:15,2320,2319.6,2320,52,49,28
9:16:16,2320,2319.6,2320,28,49,4
9:16:16,2320,2320,2320.4,11,8,21
9:16:17,2320,2320,2320.2,18,3,3
9:16:17,2320,2320,2320.4,14,7,7
9:16:18,2320.4,2320.4,2320.8,5,9,18
9:16:18,2320.8,2320.2,2320.8,30,4,1
9:16:19,2321,2320.8,2321,16,2,17
9:16:19,2321,2321,2321.6,88,2,1
9:16:20,2321.4,2320.8,2321.4,26,14,5
9:16:20,2321.6,2321.6,2321.8,28,12,2
9:16:21,2321.4,2321,2321.4,25,2,9
9:16:21,2321.6,2321.6,2321.8,99,20,2
9:16:22,2321.4,2321.4,2321.6,52,6,15
9:16:22,2321.2,2321,2321.4,21,60,7
9:16:23,2321.4,2321.4,2321.6,40,36,6
9:16:23,2321.4,2321.4,2322,36,9,10
9:16:24,2321.6,2321.6,2322.2,19,13,6
9:16:24,2321.8,2321.8,2322,29,37,3
9:16:25,2322,2322,2322.4,31,1,12
9:16:25,2322,2321.6,2322,45,2,20
9:16:26,2321.8,2321.6,2321.8,23,2,11
9:16:26,2321,2321,2321.2,28,59,1
9:16:27,2321.6,2321.6,2321.8,92,5,1
9:16:27,2321,2321.2,2321.4,25,1,57
9:16:28,2321.4,2321.2,2321.4,55,1,54
9:16:28,2321.2,2320.8,2321.2,12,15,18
9:16:29,2321.2,2320.8,2321.2,18,5,18
9:16:29,2320.6,2320.6,2320.8,24,1,8
9:16:30,2320.8,2320.8,2321,39,27,11
9:16:30,2320.8,2320.8,2321,10,1,11
9:16:31,2320.4,2320.4,2320.6,13,7,14
9:16:31,2320.4,2320.2,2320.4,6,6,2
9:16:32,2320.4,2320.2,2320.4,16,8,7
9:16:32,2320.2,2320,2320.2,11,5,23
9:16:33,2320,2319.6,2320,7,46,12
9:16:33,2319.6,2319.6,2320.2,18,44,13
9:16:34,2319.6,2319.8,2320.2,11,3,12
9:16:34,2320.2,2319.8,2320.4,12,7,29
9:16:35,2319.8,2319.8,2320.2,62,1,3
9:16:35,2320.4,2320.4,2320.8,11,6,18
9:16:36,2320.2,2320.2,2320.4,11,20,1
9:16:36,2320.2,2320.2,2320.4,10,22,1
9:16:37,2320.2,2320.2,2320.4,11,11,1
9:16:37,2320.2,2320.2,2320.4,7,8,2
9:16:38,2320.4,2320.2,2320.4,2,7,3
9:16:38,2320.2,2320,2320.2,14,57,9
9:16:39,2320.2,2320,2320.2,27,45,11
9:16:39,2320,2320,2320.2,16,32,1
9:16:40,2320,2320,2320.2,19,13,10
9:16:40,2320,2320,2320.4,19,9,9
9:16:41,2320,2319.8,2320,16,7,4
9:16:41,2320,2319.8,2320,1,7,4
9:16:42,2320,2319.6,2320,13,51,3
9:16:42,2320,2319.6,2319.8,2,45,17
9:16:43,2319.6,2319.6,2319.8,7,40,5
9:16:43,2319.4,2319.2,2319.4,54,17,10
9:16:44,2319.4,2319.2,2319.4,5,8,15
9:16:44,2319.4,2319,2319.6,23,1,24
9:16:45,2319,2319,2319.4,30,1,3
9:16:45,2319,2318.8,2319,1,6,5
9:16:46,2319,2318.8,2319,4,4,3
9:16:46,2319,2318.6,2319,16,2,6
9:16:47,2318.8,2318.8,2319,5,7,4
9:16:47,2318.8,2318.8,2319,6,1,12
9:16:48,2318.8,2318.6,2318.8,31,7,3
9:16:48,2319.4,2319,2319.4,12,1,2
9:16:49,2319,2319,2319.6,7,4,33
9:16:49,2319.6,2319,2319.4,3,19,2
9:16:50,2319.6,2319.2,2319.6,8,24,29
9:16:50,2319.4,2319.4,2319.6,8,3,29
9:16:51,2319.2,2319.2,2319.4,13,12,8
9:16:51,2319.4,2319.2,2319.6,14,10,26
9:16:52,2319.6,2319.4,2319.6,6,1,22
9:16:52,2319.6,2319.2,2319.6,6,10,19
9:16:53,2319.2,2319.2,2319.6,2,8,21
9:16:53,2319.6,2318.6,2319.2,42,1,6
9:16:54,2319.2,2319,2319.2,5,1,3
9:16:54,2319.6,2319.2,2319.6,9,9,18
9:16:55,2319.4,2319.4,2319.6,4,5,17
9:16:55,2319.4,2319.4,2319.6,2,3,17
9:16:56,2319.2,2319.2,2319.6,8,5,15
9:16:56,2319.2,2319.2,2319.6,1,6,20
9:16:57,2319.6,2319.2,2319.6,29,8,13
9:16:57,2319.2,2319.2,2319.4,11,4,1
9:16:58,2319.6,2319.2,2319.6,10,2,4
9:16:58,2319.6,2319.6,2319.8,9,13,16
9:16:59,2319.6,2319.6,2319.8,18,17,15
9:16:59,2319.6,2319.6,2319.8,7,13,6
9:17:00,2319.6,2319.6,2319.8,12,7,2
9:17:00,2319.6,2319.6,2319.8,4,4,1
9:17:01,2319.6,2319.6,2319.8,3,2,1
9:17:01,2319.8,2319.8,2320,7,31,34
9:17:02,2320,2319.8,2320,10,29,26
9:17:02,2320,2319.8,2320,5,25,24
9:17:03,2320,2319.6,2320,9,1,20
9:17:03,2320,2319.6,2319.8,3,1,2
9:17:04,2320,2319.6,2320,7,2,10
9:17:04,2319.6,2319.2,2319.8,28,8,7
9:17:05,2320,2319.4,2320,32,3,14
9:17:05,2319.4,2319.4,2320,13,8,23
9:17:06,2319.8,2319.6,2319.8,10,1,4
9:17:06,2320,2319.4,2319.6,18,6,1
9:17:07,2319.6,2319.6,2319.8,2,10,1
9:17:07,2319.8,2319.6,2319.8,1,11,7
9:17:08,2319.6,2319.4,2319.6,14,10,2
9:17:08,2319.6,2319.4,2319.6,2,10,11
9:17:09,2319.6,2319.4,2319.6,15,4,11
9:17:09,2319.4,2319.2,2319.4,4,7,52
9:17:10,2319.4,2319.2,2319.4,4,7,48
9:17:10,2319.2,2319.2,2319.4,1,6,48
9:17:11,2319.4,2319,2319.2,4,8,5
9:17:11,2319,2318.8,2319,13,9,1
9:17:12,2319.2,2319,2319.2,7,1,22
9:17:13,2318.6,2318.6,2318.8,8,10,1
9:17:14,2319,2318.6,2318.8,10,3,1
9:17:14,2318.8,2318.4,2318.6,6,6,1
9:17:15,2318.8,2318.6,2318.8,3,4,12
9:17:15,2318.4,2318.4,2318.6,5,4,1
9:17:16,2318.8,2318.6,2318.8,7,6,8
9:17:16,2318.6,2318.4,2318.6,15,2,1
9:17:17,2318.6,2318.6,2319,10,5,8
9:17:17,2318.4,2318.4,2319,4,1,8
9:17:18,2318.6,2318.2,2318.6,3,9,1
9:17:18,2318.6,2318.2,2318.4,3,9,4
9:17:19,2318.6,2318.6,2319,20,16,11
9:17:19,2318.6,2318.8,2319,19,1,5
9:17:20,2319,2318.4,2319,8,8,3
9:17:20,2319,2319,2319.2,16,6,18
9:17:21,2318.6,2318.6,2318.8,7,1,2
9:17:21,2318.4,2318.4,2318.8,5,1,4
9:17:22,2318.4,2318.6,2318.8,2,4,19
9:17:22,2318.6,2318.4,2318.6,7,1,2
9:17:23,2318.6,2318.4,2318.6,1,2,5
9:17:24,2318.4,2318.2,2318.6,3,20,7
9:17:24,2318.2,2318.2,2318.4,5,19,10
9:17:25,2318.4,2318.6,2318.8,14,1,6
9:17:25,2318.6,2318.4,2318.6,7,7,16
9:17:26,2318.4,2318.4,2318.6,9,1,14
9:17:26,2318.2,2318.2,2318.4,10,16,3
9:17:27,2318.4,2318.2,2318.4,10,9,9
9:17:27,2318.4,2318.4,2318.6,9,7,26
9:17:28,2318.4,2318.2,2318.4,11,7,10
9:17:28,2318,2318,2318.4,10,67,14
9:17:29,2318.2,2318.2,2318.4,7,1,28
9:17:29,2318.2,2318,2318.2,8,59,17
9:17:30,2318,2318,2318.2,10,50,27
9:17:30,2318,2317.8,2318.2,50,26,18
9:17:31,2317.8,2317.6,2318,33,3,29
9:17:31,2317.6,2317.4,2317.8,4,8,8
9:17:32,2317.4,2317.2,2317.4,17,13,3
9:17:32,2317.6,2317.2,2317.6,15,1,1
9:17:33,2317,2317,2317.2,13,12,6
9:17:33,2317,2316.8,2317,13,11,1
9:17:34,2317.8,2317.2,2317.8,18,5,8
9:17:34,2317.2,2317.2,2317.4,19,10,3
9:17:35,2317.4,2317.2,2317.4,1,10,2
9:17:35,2317,2317,2317.2,14,1,9
9:17:36,2316.8,2316.6,2316.8,7,6,4
9:17:36,2316.8,2316.4,2317,22,11,13
9:17:37,2316.6,2316.6,2316.8,17,19,6
9:17:37,2316.6,2316.6,2316.8,18,3,9
9:17:38,2316.4,2316.4,2316.6,7,1,35
9:17:38,2316.6,2316.4,2316.6,6,6,31
9:17:39,2316.2,2316.2,2316.4,10,20,1
9:17:39,2316.2,2316.2,2316.4,9,13,11
9:17:40,2316.2,2316,2316.4,18,18,2
9:17:40,2316.4,2316.2,2316.4,3,5,3
9:17:41,2316,2316,2316.6,27,7,31
9:17:41,2316.4,2315.8,2316.6,14,8,36
9:17:42,2316,2315.6,2316.6,41,1,37
9:17:42,2316,2316,2316.6,23,6,32
9:17:43,2316.4,2316.2,2316.4,11,1,5
9:17:43,2316.2,2315.8,2316.2,9,2,1
9:17:44,2316.2,2315.6,2316.2,3,5,2
9:17:44,2316,2315.6,2316,5,2,6
9:17:45,2316,2315.6,2315.8,8,7,5
9:17:45,2315.6,2315.4,2315.6,9,7,2
9:17:46,2315.4,2315.2,2315.4,9,5,2
9:17:46,2315.4,2315,2315.2,19,123,1
9:17:47,2315.2,2315,2315.4,11,129,2
9:17:47,2315.4,2315.2,2315.4,14,36,3
9:17:48,2315.6,2315.2,2315.6,11,30,6
9:17:48,2315.2,2315.2,2315.6,16,9,6
9:17:49,2315.4,2315.2,2315.6,9,7,9
9:17:49,2315.2,2315.2,2315.6,17,5,8
9:17:50,2315,2315,2315.2,11,120,1
9:17:50,2315,2315,2315.2,44,80,8
9:17:51,2315.2,2315,2315.2,24,70,3
9:17:51,2315.2,2315,2315.2,4,69,3
9:17:52,2315.2,2315.2,2316,25,23,33
9:17:52,2315.2,2315.2,2315.6,9,25,6
9:17:53,2315.2,2315,2315.4,22,58,2
9:17:53,2315.2,2315.2,2315.4,4,6,1
9:17:54,2315,2315,2315.2,14,53,3
9:17:54,2315.2,2315,2315.2,23,37,7
9:17:55,2315,2315,2315.2,40,1,5
9:17:55,2314.8,2314.6,2314.8,12,21,3
9:17:56,2315,2314.6,2315,15,13,26
9:17:56,2315,2314.6,2314.8,7,9,9
9:17:57,2314.6,2314.6,2314.8,13,2,4
9:17:57,2315,2314.8,2315,24,4,2
9:17:58,2314.4,2314.4,2314.6,29,6,1
9:17:58,2314.8,2314.8,2315.2,9,10,10
9:17:59,2315.2,2315.2,2315.6,16,3,10
9:17:59,2315,2315,2315.6,14,1,8
9:18:00,2315.2,2315.2,2315.8,44,10,6
9:18:00,2316,2315.2,2316,7,12,5
9:18:01,2315.6,2315.6,2315.8,5,1,1
9:18:01,2315.4,2315.4,2316,10,5,2
9:18:02,2315.2,2315.2,2315.8,10,3,6
9:18:02,2316,2316,2316.2,9,39,3
9:18:03,2316,2316,2316.2,36,6,5
9:18:03,2316,2315.8,2316,11,13,6
9:18:04,2316,2315.8,2316,9,15,6
9:18:04,2315.8,2315.8,2316,5,8,5
9:18:05,2315.8,2315.8,2316.2,12,5,5
9:18:05,2315.8,2315.6,2315.8,6,7,9
9:18:06,2316,2315.6,2315.8,12,1,1
9:18:06,2315.6,2316,2316.2,3,1,7
9:18:07,2315.6,2315.6,2315.8,3,1,12
9:18:07,2314.2,2314.4,2315.4,71,3,2
9:18:08,2315,2314.8,2315.2,13,17,2
9:18:08,2315.2,2314.8,2315.2,7,6,5
9:18:09,2315,2315,2315.4,5,1,8
9:18:09,2315,2314.6,2314.8,2,2,10
9:18:10,2314.8,2314.6,2314.8,1,1,16
9:18:10,2314.8,2314.4,2314.8,14,5,1
9:18:11,2314.8,2314.8,2315,5,26,7
9:18:11,2314.8,2314.8,2315,9,23,12
9:18:12,2314.8,2314.8,2315,14,20,1
9:18:12,2314.8,2314.8,2315.2,9,13,8
9:18:13,2314.8,2314.8,2315.2,9,8,1
9:18:13,2315,2314.8,2315,2,8,7
9:18:14,2315,2314.8,2315,4,6,5
9:18:14,2314.8,2314.8,2315.2,1,11,6
9:18:15,2315,2314.8,2315,4,9,4
9:18:15,2315,2314.8,2315,9,8,1
9:18:16,2315.2,2315.2,2315.4,6,2,3
9:18:16,2315.4,2315.2,2315.6,3,10,29
9:18:17,2315.4,2315.2,2315.4,3,2,8
9:18:18,2315.6,2315.4,2315.6,7,3,16
9:18:18,2315.4,2315.4,2315.6,7,10,12
9:18:19,2315.4,2315.4,2315.6,9,23,16
9:18:19,2315.4,2315.4,2315.6,2,23,16
9:18:20,2315.4,2315.4,2315.6,16,16,17
9:18:20,2315.6,2315.4,2315.6,27,6,1
9:18:21,2316,2315.6,2316,12,43,19
9:18:21,2315.6,2315.6,2316,2,44,19
9:18:22,2315.8,2315.6,2315.8,4,45,9
9:18:22,2315.8,2315.6,2315.8,3,46,6
9:18:23,2315.8,2315.8,2316,6,12,18
9:18:23,2315.8,2315.8,2316,2,17,19
9:18:24,2316,2315.8,2316,9,29,10
9:18:24,2316.2,2316.2,2316.4,12,1,7
9:18:25,2316.2,2316,2316.4,6,10,6
9:18:25,2316,2315.8,2316.2,14,13,35
9:18:26,2315.8,2316,2316.2,6,1,34
9:18:26,2315.8,2315.8,2316.2,8,4,40
9:18:27,2315.8,2315.8,2316,3,21,5
9:18:27,2316,2315.8,2316,5,2,7
9:18:28,2316.2,2315.8,2316.2,5,2,53
9:18:29,2316,2315.8,2316,1,2,3
9:18:30,2315.6,2315.6,2316,7,50,8
9:18:30,2316,2315.6,2316,2,50,7
9:18:31,2316,2316,2316.2,2,2,55
9:18:31,2316,2316,2316.2,3,11,58
9:18:32,2316,2316,2316.2,2,10,57
9:18:32,2316,2315.8,2316.2,13,1,61
9:18:33,2316,2315.8,2316.2,3,1,62
9:18:33,2315.8,2315.6,2315.8,4,51,1
9:18:34,2315.6,2315.6,2315.8,2,51,3
9:18:34,2315.8,2315.6,2315.8,1,51,2
9:18:35,2316,2315.8,2316,5,24,7
9:18:35,2315.8,2315.8,2316,1,24,8
9:18:36,2315.8,2315.8,2316,2,23,8
9:18:37,2316,2315.8,2316,11,30,4
9:18:37,2315.8,2315.8,2316,8,28,1
9:18:38,2315.8,2315.8,2316,1,27,4
9:18:38,2315.8,2315.8,2316,1,9,4
9:18:39,2315.8,2315.8,2316,1,9,9
9:18:39,2316,2315.8,2316,5,4,13
9:18:40,2315.8,2315.6,2315.8,4,52,7
9:18:40,2315.8,2315.6,2315.8,1,52,7
9:18:41,2315.8,2315.6,2315.8,1,52,9
9:18:41,2315.8,2315.6,2315.8,3,53,6
9:18:42,2315.6,2315.6,2315.8,12,41,6
9:18:42,2315.8,2315.6,2315.8,8,34,5
9:18:43,2315.6,2315.6,2315.8,13,22,4
9:18:43,2315.6,2315.6,2315.8,1,21,4
9:18:44,2315.8,2315.6,2315.8,1,21,3
9:18:44,2315.6,2315.6,2315.8,1,20,3
9:18:45,2315.6,2315.6,2315.8,7,14,2
9:18:46,2315.6,2315.6,2315.8,1,13,4
9:18:46,2315.6,2315.6,2315.8,7,6,5
9:18:47,2315.6,2315.6,2315.8,2,6,7
9:18:48,2315.6,2315.4,2315.6,6,4,14
9:18:48,2315.6,2315.4,2315.6,2,10,13
9:18:49,2315.4,2315.4,2315.6,3,7,13
9:18:49,2315.6,2315.4,2315.6,10,23,3
9:18:50,2315.6,2315.6,2315.8,10,29,4
9:18:50,2315.8,2315.6,2316,5,2,25
9:18:51,2315.8,2315.8,2316,4,5,31
9:18:51,2315.8,2315.6,2316,6,2,31
9:18:52,2315.6,2315.4,2316,10,11,29
9:18:52,2315.6,2315.4,2316,1,33,38
9:18:53,2315.6,2315.6,2315.8,5,2,1
9:18:53,2315.6,2315.6,2315.8,2,6,2
9:18:54,2316,2315.6,2316,3,16,31
9:18:55,2316,2315.6,2316,6,7,27
9:18:56,2316,2315.6,2316,4,7,33
9:18:56,2315.6,2315.6,2316,5,2,34
9:18:57,2316,2315.6,2316,1,2,33
9:18:58,2315.6,2315.4,2316,3,16,32
9:18:59,2316,2315.4,2315.6,1,25,1
9:19:00,2316,2315.6,2316,4,3,22
9:19:00,2315.6,2315.6,2316,1,6,22
9:19:01,2315.6,2315.8,2316,12,1,22
9:19:02,2315.6,2315.6,2315.8,4,2,3
9:19:02,2315.4,2315.4,2315.8,3,6,8
9:19:03,2315.6,2315.6,2315.8,1,1,4
9:19:03,2315.8,2315.4,2315.8,1,12,9
9:19:04,2315.4,2315.4,2315.6,1,13,8
9:19:05,2315.6,2315.4,2315.8,6,13,9
9:19:05,2315.6,2315.4,2315.8,3,12,10
9:19:06,2315.6,2315.6,2316,4,1,34
9:19:07,2315.6,2315.4,2316,2,12,42
9:19:07,2315.4,2315.4,2315.6,1,32,1
9:19:08,2315.6,2315.4,2316,1,32,42
9:19:08,2315.6,2315.4,2315.6,7,11,6
9:19:09,2315.4,2315.4,2315.6,4,7,14
9:19:10,2315.4,2315.4,2315.6,8,2,14
9:19:10,2315.4,2315.4,2315.6,2,1,9
9:19:11,2315.4,2315.2,2315.4,2,6,1
9:19:11,2315.2,2315.2,2315.4,2,4,3
9:19:12,2315.2,2315.2,2315.4,1,3,12
9:19:12,2315,2315,2315.2,5,32,8
9:19:13,2315,2315,2315.2,2,30,16
9:19:13,2315,2315,2315.2,9,23,16
9:19:14,2315.2,2315,2315.2,7,17,8
9:19:14,2315.2,2315,2315.2,15,6,8
9:19:15,2315,2314.8,2315,6,43,2
9:19:15,2315.2,2314.8,2315,5,43,10
9:19:16,2314.8,2314.8,2315,1,42,17
9:19:16,2314.8,2314.8,2315,5,38,16
9:19:17,2315,2314.8,2315,4,35,16
9:19:17,2314.8,2314.8,2315,4,31,16
9:19:18,2314.8,2314.8,2315,2,30,11
9:19:18,2314.8,2314.6,2314.8,30,7,1
9:19:19,2314.6,2314.8,2315,2,1,9
9:19:19,2314.6,2314.6,2314.8,3,4,6
9:19:20,2314.8,2314.8,2315,10,16,8
9:19:20,2315,2314.8,2315,3,4,5
9:19:21,2314.6,2314.6,2315,4,3,4
9:19:21,2314.8,2314.6,2314.8,7,20,1
9:19:22,2314.6,2314.6,2314.8,17,10,11
9:19:22,2314.8,2314.4,2314.8,11,5,6
9:19:23,2314.8,2314.4,2314.6,2,20,2
9:19:23,2314.6,2314.6,2314.8,3,25,8
9:19:24,2314.8,2314.6,2314.8,3,24,6
9:19:25,2314.6,2314.6,2314.8,11,16,13
9:19:25,2314.6,2314.6,2314.8,1,15,13
9:19:26,2314.6,2314.4,2314.6,17,5,14
9:19:26,2314.4,2314.2,2314.6,5,11,9
9:19:27,2314.2,2314.2,2314.4,1,10,13
9:19:27,2314.2,2314.2,2314.4,9,1,13
9:19:28,2314,2314,2314.2,6,27,1
9:19:28,2314,2313.8,2314,26,21,5
9:19:29,2313.8,2313.6,2313.8,23,14,1
9:19:29,2313.8,2313.6,2314,4,19,3
9:19:30,2313.8,2314,2314.2,8,2,19
9:19:30,2313.8,2313.8,2314,2,21,8
9:19:31,2314.2,2314,2314.2,22,39,19
9:19:31,2314.2,2314,2314.2,10,9,10
9:19:32,2314.2,2313.8,2314.2,11,23,15
9:19:32,2314.2,2313.8,2314.2,5,21,8
9:19:33,2314,2313.8,2314,4,21,1
9:19:33,2313.8,2313.8,2314.2,5,24,8
9:19:34,2314.2,2313.8,2314.2,11,14,10
9:19:34,2314,2313.8,2314,11,14,2
9:19:35,2314,2313.8,2314.2,4,12,9
9:19:35,2314,2314,2314.2,39,9,18
9:19:36,2314,2313.8,2314,9,1,3
9:19:36,2313.6,2313.6,2314,6,1,13
9:19:37,2313.8,2313.6,2313.8,11,1,56
9:19:37,2313.8,2313.4,2313.6,2,4,7
9:19:38,2313.2,2313.2,2313.4,7,10,1
9:19:38,2313.6,2313.2,2313.4,4,3,2
9:19:39,2313.4,2313,2313.6,6,29,13
9:19:39,2313,2313.2,2313.4,2,3,14
9:19:40,2313.4,2313.2,2313.4,3,3,13
9:19:40,2313,2313,2313.2,13,22,8
9:19:41,2313.2,2313,2313.2,1,22,13
9:19:41,2313.2,2313,2313.2,16,8,20
9:19:42,2313,2313,2313.2,3,12,13
9:19:42,2313.2,2313,2313.2,4,3,15
9:19:43,2313,2312.8,2313,12,6,9
9:19:43,2312.8,2312.8,2313,7,2,22
9:19:44,2312.6,2312.4,2312.6,8,7,1
9:19:44,2312.4,2312.4,2312.8,8,8,6
9:19:45,2312.8,2312.4,2312.8,11,8,7
9:19:45,2312.4,2312.6,2312.8,8,25,5
9:19:46,2312.8,2312.6,2312.8,6,1,1
9:19:46,2312.4,2312.8,2313,6,1,13
9:19:47,2313,2312.8,2313,2,5,13
9:19:47,2312.6,2312.6,2313,14,6,8
9:19:48,2313,2312.6,2312.8,4,8,1
9:19:48,2313,2312.8,2313,2,2,14
9:19:49,2312.8,2312.8,2313,4,3,13
9:19:49,2312.8,2312.6,2313,10,3,13
9:19:50,2313,2312.6,2313,8,19,2
9:19:50,2313,2312.6,2313,1,19,2
9:19:51,2313,2313,2313.2,4,4,14
9:19:51,2312.8,2312.8,2313,3,22,1
9:19:52,2313.2,2313.2,2313.4,17,4,9
9:19:52,2313.4,2313.4,2313.6,9,9,9
9:19:53,2313.4,2313.4,2313.6,9,3,6
9:19:53,2312.8,2312.6,2312.8,49,17,12
9:19:54,2313.2,2312.8,2313.2,19,35,5
9:19:54,2313,2312.8,2313,14,11,1
9:19:55,2313.2,2313.2,2313.4,5,1,13
9:19:55,2313,2313,2313.4,6,15,10
9:19:56,2313.2,2313.2,2313.4,3,2,9
9:19:56,2313,2313,2313.4,3,20,9
9:19:57,2313.4,2313,2313.4,1,20,8
9:19:57,2313.2,2313,2313.2,9,34,4
9:19:58,2313.2,2313.2,2313.4,6,1,16
9:19:58,2313.4,2313.2,2313.4,1,2,15
9:19:59,2313.4,2313.2,2313.4,2,2,21
9:19:59,2313.2,2313.2,2313.4,4,2,21
9:20:00,2313.4,2313.4,2313.6,17,21,4
9:20:00,2313.8,2313.4,2314,26,3,4
9:20:01,2314,2313.4,2314,13,7,3
9:20:01,2313.4,2313.2,2313.4,9,6,2
9:20:02,2314,2313.4,2314,11,26,7
9:20:02,2313.6,2313.4,2313.6,38,4,1
9:20:03,2313.2,2313,2313.2,15,18,2
9:20:03,2313.6,2313.2,2313.6,13,7,1
9:20:04,2313.2,2313.4,2313.6,6,2,8
9:20:04,2313.4,2313.2,2313.4,7,7,6
9:20:05,2313.4,2313.2,2313.4,3,7,1
9:20:05,2313.4,2313.2,2313.4,2,49,1
9:20:06,2313.2,2313.2,2313.4,4,45,4
9:20:06,2313.2,2313.2,2313.4,4,47,2
9:20:07,2313.2,2313.2,2313.4,14,29,2
9:20:07,2313.2,2313.4,2313.6,6,1,8
9:20:08,2313.4,2313.2,2313.4,4,25,2
9:20:08,2313.2,2313.2,2313.4,5,23,18
9:20:09,2313.4,2313.2,2313.4,15,24,6
9:20:09,2313.2,2313,2313.2,26,10,7
9:20:10,2313.2,2313,2313.2,4,9,6
9:20:10,2313,2313,2313.2,5,10,3
9:20:11,2313.2,2312.8,2313.4,11,14,7
9:20:12,2312.8,2312.8,2313.4,7,13,6
9:20:12,2312.8,2313,2313.4,1,1,7
9:20:13,2313,2313,2313.2,6,6,1
9:20:13,2313,2313,2313.2,1,5,1
9:20:14,2313.4,2313,2313.2,3,7,1
9:20:14,2313.4,2313.2,2313.4,2,7,3
9:20:15,2313.2,2313,2313.4,4,11,4
9:20:15,2313,2313.2,2313.4,3,3,4
9:20:16,2313.2,2313,2313.4,3,4,10
9:20:17,2313,2313,2313.4,6,12,3
9:20:18,2313.4,2313,2313.4,2,12,4
9:20:18,2313,2313,2313.2,1,12,4
9:20:19,2313,2313,2313.2,1,11,4
9:20:19,2313,2312.8,2313,13,18,65
9:20:20,2312.8,2312.8,2313,3,11,62
9:20:20,2312.8,2312.8,2313,5,10,58
9:20:21,2312.8,2312.6,2312.8,11,11,4
9:20:21,2312.8,2312.6,2312.8,2,11,2
9:20:22,2313,2312.6,2313,5,10,64
9:20:22,2312.8,2312.6,2313,10,9,60
9:20:23,2313,2312.6,2313,5,8,57
9:20:23,2313,2312.6,2313,5,8,36
9:20:24,2312.6,2312.6,2313,1,10,50
9:20:24,2312.6,2312.8,2313,10,2,34
9:20:25,2313,2312.8,2313,5,4,29
9:20:25,2312.8,2312.8,2313,4,2,34
9:20:26,2312.8,2312.8,2313,11,6,28
9:20:26,2313,2312.8,2313,8,2,24
9:20:27,2312.8,2312.6,2312.8,4,8,9
9:20:27,2312.8,2312.8,2313,9,28,24
9:20:28,2313,2312.6,2312.8,13,22,1
9:20:28,2312.8,2312.8,2313,2,15,27
9:20:29,2313,2312.8,2313,30,11,1
9:20:29,2313.2,2313,2313.2,4,3,20
9:20:30,2313,2313,2313.2,1,1,20
9:20:30,2313.2,2313,2313.2,2,4,20
9:20:31,2313,2313,2313.2,3,1,20
9:20:31,2313.2,2312.8,2313.2,2,21,19
9:20:32,2313,2313,2313.2,2,6,18
9:20:33,2313.2,2313,2313.2,3,6,15
9:20:33,2313,2313,2313.2,7,24,10
9:20:34,2313.2,2313,2313.2,4,24,3
9:20:34,2313.2,2313.2,2313.4,3,16,7
9:20:35,2313.4,2313.2,2313.4,9,7,5
9:20:36,2313.4,2313.2,2313.4,3,5,4
9:20:36,2313.2,2313.2,2313.4,4,2,2
9:20:37,2313.4,2313.2,2313.4,1,2,1
9:20:37,2313.2,2313.4,2313.6,3,3,13
9:20:38,2313.2,2313.2,2313.4,4,3,15
9:20:38,2313.2,2313,2313.2,7,32,38
9:20:39,2313.2,2313,2313.2,4,31,36
9:20:39,2313.2,2313,2313.2,1,30,35
9:20:40,2313,2313,2313.2,7,28,30
9:20:40,2313,2313,2313.2,3,25,30
9:20:41,2313.2,2313,2313.2,2,25,28
9:20:42,2313,2313,2313.2,15,36,14
9:20:42,2313.2,2313,2313.2,5,25,9
9:20:43,2313,2313,2313.2,4,23,9
9:20:44,2313.2,2313,2313.2,4,36,5
9:20:44,2313.4,2313.2,2313.4,6,20,1
9:20:45,2313.2,2313.2,2313.4,1,19,1
9:20:45,2313.4,2313.2,2313.6,1,31,20
9:20:47,2313.2,2313.2,2313.6,2,20,20
9:20:48,2313.6,2313.4,2313.6,7,1,13
9:20:48,2313.4,2313.2,2313.4,2,23,4
9:20:49,2313.4,2313.2,2313.4,2,24,2
9:20:49,2313.6,2313.2,2313.6,9,9,6
9:20:50,2313.2,2313.2,2313.6,4,8,8
9:20:51,2313.6,2313.4,2313.6,8,6,4
9:20:52,2313.4,2313.2,2313.6,7,11,4
9:20:53,2313.4,2313.2,2313.6,2,11,11
9:20:53,2313.4,2313.2,2313.4,2,8,5
9:20:54,2313.2,2313.2,2313.6,1,8,11
9:20:55,2313.2,2313.2,2313.4,7,6,21
9:20:55,2313.2,2313.2,2313.4,2,4,2
9:20:56,2313.2,2313,2313.2,5,30,11
9:20:56,2313,2313,2313.2,1,29,11
9:20:57,2313.2,2313,2313.2,3,27,11
9:20:57,2313.2,2313,2313.2,1,27,11
9:20:58,2313.2,2313,2313.2,1,28,10
9:20:58,2313,2313,2313.2,4,24,4
9:20:59,2313,2313,2313.2,1,23,4
9:20:59,2313,2313,2313.2,5,18,10
9:21:00,2313.2,2313,2313.2,3,18,9
9:21:00,2313,2313,2313.2,14,8,9
9:21:01,2313,2312.8,2313,8,8,41
9:21:02,2312.8,2312.8,2313,7,6,19
9:21:02,2312.8,2312.6,2312.8,25,3,6
9:21:03,2312.8,2312.6,2312.8,2,3,4
9:21:03,2313,2312.6,2313,6,3,29
9:21:04,2313,2312.6,2313,2,9,19
9:21:04,2313,2312.8,2313.2,3,9,10
9:21:05,2313,2313,2313.2,5,2,10
9:21:06,2313,2312.8,2313,2,19,2
9:21:06,2313,2313,2313.2,2,6,10
9:21:08,2313,2312.8,2313.2,2,27,10
9:21:09,2313.2,2312.8,2313.2,3,19,8
9:21:10,2313.2,2313,2313.2,11,1,5
9:21:10,2313,2313,2313.4,1,2,4
9:21:11,2313,2312.8,2313,3,24,2
9:21:12,2313,2313,2313.4,2,19,5
9:21:12,2313,2313,2313.4,2,13,5
9:21:13,2313.4,2313,2313.4,2,13,5
9:21:14,2313,2313,2313.4,1,12,5
9:21:14,2313.4,2312.8,2313.4,17,40,1
9:21:15,2313.4,2313.2,2313.6,1,2,31
9:21:15,2313.4,2313.4,2313.6,2,1,36
9:21:16,2313.6,2313.2,2313.4,6,2,1
9:21:16,2313.4,2313.4,2313.6,1,7,34
9:21:17,2313.6,2313.4,2313.6,8,7,15
9:21:17,2313.4,2313.4,2313.6,1,6,15
9:21:18,2313.6,2313.4,2313.6,9,6,6
9:21:18,2313.4,2313.4,2313.6,2,5,6
9:21:19,2313.4,2313.4,2313.6,1,4,6
9:21:19,2313.6,2313.4,2313.6,4,3,3
9:21:20,2313.6,2313.4,2313.6,2,4,1
9:21:20,2313.6,2313.6,2313.8,1,5,1
9:21:21,2313.8,2313.6,2313.8,3,7,14
9:21:22,2313.8,2313.6,2313.8,1,7,14
9:21:22,2313.8,2313.6,2313.8,7,7,10
9:21:23,2314,2313.8,2314,3,3,21
9:21:23,2313.8,2313.8,2314,1,23,25
9:21:24,2314,2313.8,2314,4,26,22
9:21:24,2314,2313.8,2314,2,28,20
9:21:25,2314,2313.8,2314,4,31,15
9:21:25,2314,2313.8,2314,14,32,1
9:21:26,2314,2314,2314.2,1,2,3
9:21:27,2314.2,2314.2,2314.4,4,18,25
9:21:27,2314.2,2314.2,2314.4,5,15,17
9:21:28,2314.4,2314.2,2314.4,2,15,15
9:21:28,2314.4,2314.4,2314.6,15,3,16
9:21:29,2314.6,2314.4,2314.6,2,4,15
9:21:29,2314.6,2314.4,2314.6,2,4,12
9:21:30,2314.6,2314.4,2314.6,6,6,6
9:21:30,2314.4,2314.4,2314.6,10,2,1
9:21:31,2314.6,2314.6,2314.8,2,1,4
9:21:32,2314.6,2314.6,2314.8,4,4,4
9:21:32,2314.6,2314.6,2314.8,5,1,20
9:21:33,2314.6,2314.4,2315,15,7,14
9:21:34,2315,2314.8,2315,10,1,4
9:21:34,2314.8,2314.6,2315,6,19,5
9:21:35,2314.6,2314.6,2314.8,6,12,1
9:21:35,2314.8,2314.6,2315,3,15,5
9:21:36,2315,2314.8,2315,1,1,4
9:21:36,2315,2314.8,2315,3,1,2
9:21:37,2315,2315,2315.2,7,2,25
9:21:37,2314.6,2314.6,2315.2,15,7,35
9:21:38,2315,2315,2315.2,6,1,35
9:21:38,2315.2,2314.8,2315.2,4,5,35
9:21:39,2314.8,2314.8,2315,5,1,3
9:21:39,2315.2,2314.8,2315.2,5,8,13
9:21:40,2315,2314.6,2315,4,11,2
9:21:41,2315.2,2314.6,2315.2,5,5,15
9:21:41,2314.8,2314.8,2315,1,5,2
9:21:42,2314.8,2314.8,2315,3,3,2
9:21:42,2315,2314.8,2315,1,3,1
9:21:43,2314.8,2314.8,2315,1,2,1
9:21:43,2315.2,2315,2315.2,2,1,22
9:21:44,2315,2315,2315.2,3,4,22
9:21:44,2314.6,2314.6,2314.8,7,2,23
9:21:45,2314.8,2314.4,2314.8,3,10,3
9:21:45,2314.6,2314.4,2314.6,7,4,15
9:21:46,2314.6,2314.4,2314.6,2,4,13
9:21:46,2314.4,2314.2,2314.4,4,29,4
9:21:47,2314.6,2314.4,2314.6,6,8,5
9:21:47,2314.4,2314.4,2314.6,6,2,2
9:21:48,2314.4,2314.4,2314.6,1,6,9
9:21:49,2314.6,2314.4,2314.6,5,6,1
9:21:49,2314.6,2314.6,2314.8,1,3,17
9:21:50,2314.6,2314.4,2314.6,3,8,4
9:21:50,2314.4,2314.4,2314.6,2,6,4
9:21:51,2314.6,2314.4,2314.6,1,6,3
9:21:51,2314.4,2314.4,2314.8,7,3,27
9:21:52,2314.4,2314.4,2314.6,3,1,1
9:21:52,2314.4,2314.2,2314.6,1,26,2
9:21:53,2314.2,2314,2314.6,29,17,5
9:21:53,2314.4,2314.2,2314.6,1,4,5
9:21:54,2314.4,2314.2,2314.6,6,4,5
9:21:55,2314.6,2314.4,2314.6,2,2,3
9:21:56,2314.6,2314.4,2314.6,2,1,10
9:21:56,2314.6,2314.4,2314.6,1,1,10
9:21:57,2314.6,2314.2,2314.6,2,7,9
9:21:57,2314.4,2314.4,2314.6,4,20,6
9:21:58,2314.6,2314.4,2314.6,2,20,2
9:21:59,2314.4,2314.4,2314.6,1,19,3
9:21:59,2314.4,2314.4,2314.6,2,17,4
9:22:00,2314.4,2314.4,2314.6,4,14,3
9:22:01,2314.6,2314.6,2314.8,4,1,10
9:22:01,2314.6,2314.6,2314.8,1,1,4
9:22:02,2314.8,2314.8,2315,27,3,23
9:22:02,2314.8,2314.8,2315,3,2,37
9:22:03,2314.8,2314.8,2315,1,1,17
9:22:03,2314.6,2314.4,2315,4,12,21
9:22:04,2314.8,2314.6,2315,2,1,15
9:22:04,2314.8,2314.6,2315,1,4,15
9:22:05,2314.8,2314.6,2315,1,9,15
9:22:05,2314.6,2314.6,2315,1,9,15
9:22:06,2315,2314.8,2315,16,6,4
9:22:06,2315,2315,2315.2,4,25,12
9:22:07,2315.2,2315,2315.2,4,25,8
9:22:07,2315,2315,2315.2,6,29,5
9:22:08,2315.2,2315,2315.2,2,10,3
9:22:08,2315,2315,2315.2,4,7,3
9:22:09,2315.2,2315.2,2315.4,9,6,7
9:22:10,2315.6,2315.4,2315.6,14,16,2
9:22:10,2315.8,2315.6,2315.8,6,1,3
9:22:11,2315.4,2315.4,2315.8,5,4,7
9:22:11,2315.8,2315.4,2315.8,10,6,3
9:22:12,2315.8,2315.4,2315.8,13,2,5
9:22:12,2316,2315.2,2315.8,9,9,5
9:22:13,2315.8,2315.2,2315.6,13,14,3
9:22:13,2315.8,2315.4,2315.6,1,3,3
9:22:14,2315.8,2315.8,2316,23,8,37
9:22:14,2315.8,2315.6,2315.8,15,2,7
9:22:15,2315.2,2315.2,2315.6,4,10,2
9:22:15,2315.4,2315.4,2315.8,7,6,2
9:22:16,2315.8,2315.4,2315.8,7,2,7
9:22:16,2315.8,2315.4,2315.8,6,2,1
9:22:17,2315.8,2315.6,2315.8,2,1,2
9:22:17,2315.6,2315.4,2315.8,1,2,2
9:22:18,2315.8,2315.4,2316,4,8,37
9:22:18,2315.4,2315.4,2315.8,3,4,5
9:22:19,2315.8,2315.4,2315.8,4,4,1
9:22:19,2315.4,2315.4,2315.6,5,1,5
9:22:20,2315.8,2315.8,2316,2,1,42
9:22:20,2315.6,2315.4,2315.8,4,2,5
9:22:21,2315.4,2315.4,2316,8,1,60
9:22:21,2316,2315.4,2316,3,5,62
9:22:22,2315.4,2315.4,2315.8,4,1,1
9:22:23,2315.6,2315.4,2315.6,5,1,3
9:22:23,2315.6,2315.6,2315.8,3,7,14
9:22:24,2315.6,2315.6,2315.8,6,12,4
9:22:24,2315.8,2315.8,2316,2,10,43
9:22:25,2315.8,2315.8,2316,7,8,38
9:22:25,2316,2315.8,2316,7,5,34
9:22:26,2315.8,2315.8,2316,4,22,33
9:22:26,2315.8,2315.6,2315.8,24,5,33
9:22:27,2315.6,2315.4,2315.6,6,5,18
9:22:27,2315.8,2315.6,2315.8,20,16,33
9:22:28,2315.6,2315.6,2315.8,8,3,33
9:22:28,2315.8,2315.6,2315.8,2,3,37
9:22:29,2315.6,2315.6,2315.8,1,2,37
9:22:29,2315.8,2315.6,2315.8,3,1,35
9:22:30,2315.8,2315.4,2315.8,3,6,34
9:22:30,2315.8,2315.4,2315.6,3,6,1
9:22:31,2315.4,2315.4,2315.6,4,5,1
9:22:31,2315.4,2315.2,2315.4,8,6,3
9:22:32,2315.4,2315.2,2315.4,1,7,2
9:22:32,2315.2,2315.2,2315.4,5,1,3
9:22:33,2315.2,2315,2315.2,1,12,6
9:22:34,2315,2315,2315.2,4,8,6
9:22:34,2315.4,2315.2,2315.6,13,4,12
9:22:35,2315.2,2315,2315.6,1,26,14
9:22:35,2315,2315.2,2315.6,6,2,14
9:22:36,2315,2315,2315.6,5,20,14
9:22:36,2315.6,2315.2,2315.6,1,1,13
9:22:37,2315.6,2315,2315.6,3,21,11
9:22:37,2315,2315,2315.6,3,18,11
9:22:38,2315.2,2315.2,2315.6,1,9,7
9:22:38,2315,2315,2315.6,22,8,13
9:22:39,2315.6,2315.2,2315.4,2,13,1
9:22:40,2315.4,2315.4,2315.6,2,1,15
9:22:41,2315.4,2315.4,2315.6,1,15,11
9:22:42,2315.4,2315.4,2315.6,1,13,11
9:22:42,2315.6,2315.4,2315.6,3,11,8
9:22:43,2315.6,2315.4,2315.6,3,8,6
9:22:43,2315.6,2315.2,2315.6,12,27,1
9:22:44,2315.6,2315.6,2315.8,2,1,20
9:22:44,2315.8,2315.6,2315.8,2,1,12
9:22:45,2315.6,2315.6,2315.8,1,1,12
9:22:45,2315.8,2315.6,2315.8,5,1,7
9:22:46,2315.8,2315.6,2315.8,1,1,6
9:22:46,2315.8,2315.8,2316,8,18,49
9:22:47,2315.8,2315.8,2316,11,3,48
9:22:48,2315.6,2315.6,2315.8,7,3,12
9:22:48,2315.6,2315.6,2315.8,1,2,7
9:22:49,2315.8,2315.6,2315.8,1,2,1
9:22:50,2315.6,2315.4,2315.8,2,8,1
9:22:50,2315.6,2315.4,2315.6,1,8,49
9:22:51,2315.6,2315.4,2315.6,2,8,47
9:22:51,2315.6,2315.4,2315.6,38,28,16
9:22:52,2315.6,2315.2,2315.6,3,44,13
9:22:53,2315.4,2315.4,2315.6,1,2,13
9:22:54,2315.6,2315.4,2315.6,3,2,17
9:22:54,2315.4,2315.2,2315.4,3,23,5
9:22:56,2315.4,2315.2,2315.4,2,27,3
9:22:56,2315.2,2315.2,2315.4,3,25,2
9:22:57,2315.2,2315.2,2315.4,1,24,1
9:22:57,2315.2,2315.2,2315.4,1,23,1
9:22:58,2315.2,2315.2,2315.4,3,20,1
9:22:58,2315.4,2315.4,2315.6,1,23,24
9:22:59,2315.4,2315.4,2315.6,1,22,25
9:22:59,2315.4,2315.4,2315.6,3,19,26
9:23:00,2315.4,2315.4,2315.6,3,17,25
9:23:00,2315.6,2315.4,2315.6,5,16,21
9:23:01,2315.4,2315.4,2315.6,2,14,22
9:23:01,2315.4,2315.4,2315.6,8,6,24
9:23:02,2315.4,2315.4,2315.6,5,3,16
9:23:03,2315.4,2315.2,2315.6,3,21,22
9:23:04,2315.6,2315.4,2315.6,5,1,14
9:23:04,2315.4,2315.2,2315.4,3,41,1
9:23:05,2315.4,2315.2,2315.6,2,44,16
9:23:06,2315.6,2315.4,2315.6,4,1,14
9:23:06,2315.2,2315.2,2315.6,8,35,14
9:23:07,2315.4,2315.2,2315.4,1,13,2
9:23:08,2315.2,2315.2,2315.4,2,12,2
9:23:08,2315.2,2315.2,2315.4,5,7,2
9:23:09,2315.2,2315.2,2315.4,2,6,5
9:23:10,2315.4,2315.2,2315.4,1,6,4
9:23:10,2315.2,2315.2,2315.4,4,2,5
9:23:11,2315.4,2315.4,2315.6,8,13,23
9:23:11,2315.2,2315.2,2315.4,14,1,21
9:23:12,2315.2,2315.2,2315.6,5,1,29
9:23:13,2315.2,2315.2,2315.4,2,1,2
9:23:13,2315.2,2315,2315.2,2,16,2
9:23:15,2315,2314.8,2315,10,5,16
9:23:16,2314.8,2314.8,2315,1,4,4
9:23:17,2314.8,2314.8,2315,1,3,2
9:23:17,2315,2314.6,2315,10,7,3
9:23:19,2314.6,2314.6,2314.8,1,6,5
9:23:19,2314.6,2314.4,2314.8,1,13,6
9:23:20,2314.8,2314.4,2314.8,1,13,5
9:23:20,2314.6,2314.4,2314.6,3,11,3
9:23:21,2314.4,2314.4,2314.6,5,6,4
9:23:21,2314.4,2314.2,2314.4,7,19,25
9:23:22,2314.2,2314.2,2314.4,23,32,9
9:23:22,2314.2,2314.2,2314.6,30,16,11
9:23:23,2314.6,2314.2,2314.6,4,20,10
9:23:24,2314.2,2314,2314.2,2,18,24
9:23:24,2314,2314,2314.2,26,5,26
9:23:25,2314,2313.8,2314,17,14,3
9:23:25,2314.2,2314,2314.2,5,47,19
9:23:26,2314.2,2314,2314.2,16,18,17
9:23:26,2314.2,2314,2314.2,10,8,8
9:23:27,2314,2314,2314.2,5,6,7
9:23:28,2314,2313.8,2314,6,7,7
9:23:29,2314,2313.8,2314,5,10,2
9:23:29,2314,2313.8,2314.2,4,6,14
9:23:30,2314,2313.8,2314.2,2,7,14
9:23:30,2314.2,2313.8,2314.2,7,8,8
9:23:31,2314.2,2313.8,2314.2,9,3,10
9:23:31,2313.8,2313.6,2314.2,4,5,10
9:23:32,2313.6,2313.6,2313.8,3,3,7
9:23:32,2313.6,2313.6,2313.8,5,4,5
9:23:33,2313.8,2313.6,2313.8,3,4,8
9:23:33,2313.6,2313.4,2313.6,2,22,5
9:23:34,2313.6,2313.4,2313.6,3,14,6
9:23:34,2313.6,2313.4,2313.6,6,9,5
9:23:35,2313.4,2313.4,2313.6,6,8,4
9:23:35,2313.4,2313.4,2313.6,2,6,6
9:23:36,2313.4,2313.4,2313.6,6,3,3
9:23:36,2313.4,2313.2,2313.4,12,2,8
9:23:37,2313.4,2313.2,2313.4,5,6,2
9:23:37,2313.2,2313.2,2313.4,2,6,5
9:23:38,2313.4,2313.2,2313.4,7,1,9
9:23:38,2313.2,2313.2,2313.4,4,6,8
9:23:39,2313.2,2313,2313.2,4,32,12
9:23:39,2313,2313.2,2313.4,55,2,4
9:23:40,2313.4,2313,2313.2,7,49,6
9:23:40,2313.2,2313.4,2313.6,9,2,5
9:23:41,2313.2,2313.2,2313.6,4,60,11
9:23:41,2313.4,2313.4,2313.6,3,18,10
9:23:42,2313.4,2313.4,2313.6,2,18,11
9:23:42,2313.2,2313.6,2313.8,28,1,11
9:23:43,2313.6,2313.4,2313.6,2,1,11
9:23:43,2313.4,2313.6,2313.8,2,5,10
9:23:44,2313.6,2313.4,2313.6,5,4,26
9:23:44,2313.4,2313.4,2313.6,1,1,7
9:23:45,2313.6,2313.2,2313.8,2,42,10
9:23:45,2313.4,2313.4,2313.6,3,3,4
9:23:46,2313.4,2313.4,2313.8,8,4,5
9:23:46,2313.8,2313.4,2313.8,1,7,5
9:23:47,2313.2,2313.4,2313.8,10,1,5
9:23:47,2313.4,2313.6,2313.8,2,26,5
9:23:48,2313.8,2313.8,2314,5,5,14
9:23:49,2313.8,2313.6,2313.8,7,26,17
9:23:50,2313.8,2313.6,2313.8,4,23,3
9:23:50,2313.6,2313.6,2313.8,2,21,3
9:23:51,2313.8,2313.6,2313.8,1,21,4
9:23:51,2313.6,2313.6,2313.8,18,3,10
9:23:52,2313.6,2313.6,2313.8,1,2,11
9:23:52,2313.6,2313.4,2313.6,4,3,8
9:23:53,2313.6,2313.4,2313.6,2,3,6
9:23:55,2313.4,2313.4,2313.6,1,2,12
9:23:56,2313.6,2313.4,2313.6,2,2,10
9:23:56,2313.6,2313.4,2313.8,11,2,15
9:23:59,2313.6,2313.6,2313.8,2,1,15
9:23:59,2313.8,2313.6,2313.8,1,5,14
9:24:00,2313.6,2313.6,2313.8,2,4,13
9:24:01,2313.6,2313.6,2313.8,1,2,11
9:24:02,2313.4,2313.4,2313.8,7,2,20
9:24:02,2313.6,2313.2,2313.8,3,23,40
9:24:03,2313.6,2313.2,2313.4,2,24,3
9:24:03,2313.6,2313.2,2313.4,2,24,1
9:24:04,2313.4,2313.2,2313.4,2,24,4
9:24:05,2313.4,2313.2,2313.4,1,24,6
9:24:06,2313.4,2313.2,2313.6,5,23,4
9:24:06,2313.6,2313.2,2313.6,3,23,2
9:24:07,2313.6,2313.4,2313.6,1,1,6
9:24:09,2313.4,2313.4,2313.6,2,4,5
9:24:09,2313.4,2313.6,2313.8,1,3,30
9:24:10,2313.6,2313.2,2313.6,9,24,59
9:24:10,2313.2,2313.2,2313.4,1,23,4
9:24:11,2313.2,2313.2,2313.4,3,26,10
9:24:12,2313.4,2313.2,2313.4,9,20,7
9:24:12,2313.2,2313.2,2313.4,1,19,7
9:24:13,2313.2,2313.2,2313.4,1,23,7
9:24:13,2313.2,2313.2,2313.4,1,22,7
9:24:14,2313.2,2313.2,2313.4,1,15,11
9:24:15,2313.4,2313.2,2313.4,2,13,14
9:24:16,2313.4,2313.2,2313.4,2,19,12
9:24:16,2313.2,2313.2,2313.4,5,17,9
9:24:17,2313.4,2313.4,2313.6,9,2,4
9:24:17,2313.4,2313.2,2313.4,3,19,1
9:24:18,2313.4,2313.4,2313.6,1,2,3
9:24:18,2313.6,2313.6,2313.8,3,21,16
9:24:19,2313.8,2313.6,2313.8,3,8,11
9:24:19,2313.8,2313.6,2313.8,3,11,8
9:24:20,2313.8,2313.6,2313.8,2,5,7
9:24:20,2313.8,2313.6,2313.8,3,3,4
9:24:21,2313.8,2313.6,2313.8,2,3,2
9:24:21,2314,2313.8,2314,4,1,27
9:24:22,2314,2313.8,2314,1,6,26
9:24:22,2314,2313.8,2314,4,6,23
9:24:23,2314,2313.8,2314,9,6,14
9:24:23,2314,2313.8,2314,3,7,11
9:24:24,2314,2313.8,2314,5,13,6
9:24:24,2314,2313.8,2314,1,13,4
9:24:25,2314,2314,2314.2,4,2,8
9:24:25,2314,2313.8,2314,6,5,2
9:24:26,2313.8,2313.8,2314.2,3,5,2
9:24:26,2314,2314,2314.2,2,2,2
9:24:27,2314,2313.8,2314,2,8,5
9:24:27,2314,2313.8,2314,1,7,4
9:24:28,2314,2313.8,2314,3,6,2
9:24:28,2314.2,2313.8,2314.4,4,6,7
9:24:29,2313.8,2313.8,2314.2,1,5,3
9:24:29,2314.4,2314.4,2314.6,10,1,26
9:24:30,2314.4,2314,2314.4,3,17,10
9:24:30,2314.4,2314.2,2314.6,4,6,22
9:24:31,2314.6,2314.4,2314.6,3,2,19
9:24:31,2314.6,2314.4,2314.6,2,2,18
9:24:32,2314.6,2314.4,2314.6,14,2,1
9:24:32,2314.8,2314.6,2314.8,3,5,16
9:24:33,2314.8,2314.6,2314.8,5,6,14
9:24:33,2315,2314.8,2315,15,3,3
9:24:34,2315.2,2315.2,2315.4,30,19,17
9:24:34,2315.2,2314.6,2315,21,21,5
9:24:35,2315.2,2315,2315.2,1,7,6
9:24:35,2315,2315,2315.2,1,2,5
9:24:36,2315,2315,2315.4,20,1,11
9:24:36,2315.2,2315,2315.4,3,1,25
9:24:37,2314.8,2314.8,2315.4,4,7,1
9:24:37,2315,2315.2,2315.6,2,5,26
9:24:38,2315,2315.4,2315.6,1,3,36
9:24:38,2315.6,2315.2,2315.4,13,4,2
9:24:39,2315.4,2315.4,2315.6,3,11,10
9:24:39,2315.4,2315.2,2315.6,14,8,7
9:24:40,2315.4,2315.4,2315.6,7,9,2
9:24:40,2315.8,2315.4,2315.8,4,8,11
9:24:41,2315.6,2315.6,2315.8,2,4,11
9:24:41,2315.8,2315.6,2315.8,3,4,8
9:24:42,2315.8,2315.6,2315.8,2,5,7
9:24:42,2315.6,2315.6,2315.8,5,1,13
9:24:43,2315.6,2315.4,2315.8,8,5,6
9:24:43,2315.8,2315.8,2316,6,17,33
9:24:44,2316,2315.8,2316,8,15,25
9:24:44,2315.8,2315.8,2316,25,20,2
9:24:45,2316.4,2316,2316.4,11,29,15
9:24:45,2316.4,2316,2316.4,9,29,10
9:24:46,2316.6,2316.4,2316.6,6,7,22
9:24:46,2316.4,2316.4,2316.6,5,6,20
9:24:47,2316.6,2316.4,2316.6,8,21,6
9:24:47,2316.6,2316.6,2316.8,9,2,5
9:24:48,2316.4,2316.2,2316.6,37,9,3
9:24:48,2316.8,2316.6,2316.8,13,4,4
9:24:49,2316.8,2316.2,2316.6,13,9,3
9:24:49,2316.8,2316.6,2317,6,21,9
9:24:50,2317,2316.6,2317,9,10,15
9:24:50,2316.8,2316.6,2316.8,11,10,3
9:24:51,2316.6,2316.4,2316.6,23,2,6
9:24:51,2316.4,2316.4,2316.6,6,1,5
9:24:52,2316.6,2316.2,2316.6,9,9,8
9:24:52,2316.2,2316.2,2316.6,3,7,7
9:24:53,2316.2,2316,2316.2,6,29,7
9:24:53,2316.2,2316,2316.2,2,28,5
9:24:54,2316,2316,2316.2,3,27,3
9:24:54,2316.2,2316,2316.2,12,16,3
9:24:55,2316,2316,2316.2,2,14,3
9:24:55,2316,2316,2316.2,13,2,9
9:24:56,2316,2315.8,2316,4,10,4
9:24:56,2316,2316.2,2316.4,5,3,8
9:24:57,2316.2,2316.2,2316.6,5,3,19
9:24:57,2316.2,2316,2316.2,3,9,13
9:24:58,2316.2,2316.2,2316.4,28,7,1
9:24:58,2316.2,2316.4,2316.6,6,2,17
9:24:59,2316.8,2316.6,2316.8,20,18,2
9:25:00,2316.8,2316.4,2316.8,2,14,2
9:25:00,2317,2316.8,2317,40,6,1
9:25:01,2316.6,2316.6,2316.8,9,5,25
9:25:01,2316.6,2316.4,2316.6,14,7,1
9:25:02,2317,2317,2317.2,24,1,12
9:25:02,2316.8,2316.6,2316.8,3,7,2
9:25:03,2316.6,2316.6,2316.8,1,6,3
9:25:03,2316.6,2316.4,2316.6,17,12,3
9:25:04,2316.6,2316.4,2316.6,2,6,10
9:25:04,2316.6,2316.4,2316.6,4,4,6
9:25:05,2316.6,2316.4,2316.6,14,2,3
9:25:05,2316.4,2316.2,2316.4,3,18,2
9:25:06,2316.4,2316.2,2316.4,2,18,3
9:25:06,2316.4,2316.4,2316.6,5,2,2
9:25:07,2316.8,2316.2,2316.4,3,19,1
9:25:07,2316.6,2316.6,2316.8,4,2,9
9:25:08,2316.6,2316.2,2316.6,9,18,1
9:25:08,2316.4,2316.2,2316.6,3,18,5
9:25:09,2316.6,2316.4,2316.6,5,10,1
9:25:09,2316.2,2316.2,2316.4,13,43,3
9:25:10,2316.4,2316.4,2316.6,3,1,1
9:25:10,2316.6,2316.6,2316.8,6,6,16
9:25:11,2316.8,2316.8,2317,23,9,24
9:25:11,2317,2316.8,2317,14,8,12
9:25:12,2317,2317,2317.2,19,8,6
9:25:12,2317.4,2317.2,2317.4,13,38,8
9:25:13,2317.6,2317.4,2317.6,23,12,6
9:25:13,2317.8,2317.6,2317.8,23,3,8
9:25:14,2317.6,2317.2,2317.6,13,8,32
9:25:14,2317.2,2317.2,2317.4,12,7,3
9:25:15,2318,2317.8,2318,8,1,39
9:25:15,2317.6,2317.6,2317.8,17,6,28
9:25:16,2317.8,2317.6,2317.8,4,5,29
9:25:16,2317.8,2317.6,2317.8,9,5,21
9:25:17,2317.8,2317.6,2317.8,20,16,4
9:25:17,2317.8,2317.8,2318,11,53,32
9:25:18,2318,2317.8,2318,32,43,2
9:25:18,2318.2,2318,2318.2,6,13,1
9:25:19,2318.6,2318.2,2318.6,6,9,19
9:25:19,2318.4,2318.2,2318.6,8,10,20
9:25:20,2318.6,2318.6,2318.8,18,2,19
9:25:20,2318.4,2318.2,2318.8,8,18,9
9:25:21,2318.8,2318.6,2318.8,27,1,9
9:25:21,2318.6,2318.6,2318.8,9,1,2
9:25:22,2319,2318.8,2319,14,6,43
9:25:22,2318.8,2318.4,2318.8,31,8,19
9:25:23,2318.6,2318.4,2318.8,9,15,22
9:25:23,2318.8,2318.6,2319,14,4,27
9:25:24,2318.8,2318.4,2318.8,6,4,18
9:25:24,2318.8,2318.8,2319,23,16,18
9:25:25,2319,2318.8,2319,9,21,15
9:25:25,2318.8,2318.8,2319,6,22,13
9:25:26,2319,2318.8,2319,25,2,9
9:25:26,2318.6,2318.4,2318.6,5,3,2
9:25:27,2318.8,2318.6,2319,12,2,8
9:25:27,2319,2318.6,2318.8,9,1,5
9:25:28,2318.6,2318.4,2318.6,3,3,6
9:25:28,2318.6,2318.2,2318.8,8,22,35
9:25:29,2318.4,2318.4,2318.6,5,10,15
9:25:29,2318.2,2318.2,2318.4,18,13,3
9:25:30,2318.2,2318.2,2318.4,3,7,6
9:25:30,2318.2,2318.2,2318.4,11,1,1
9:25:31,2318,2318,2318.2,11,7,11
9:25:31,2318,2318,2318.2,7,6,9
9:25:32,2318.2,2318,2318.2,15,3,3
9:25:32,2318.2,2318.2,2318.4,7,2,1
9:25:33,2318.4,2318.2,2318.6,5,5,19
9:25:34,2318.6,2318,2318.6,28,5,6
9:25:34,2318.6,2318.2,2318.6,10,3,2
9:25:35,2318.6,2318.2,2318.6,12,3,27
9:25:35,2318.6,2318.6,2318.8,7,1,45
9:25:36,2318.2,2318.4,2318.6,12,1,31
9:25:36,2318.4,2318,2318.6,6,6,29
9:25:37,2318.2,2318.2,2318.8,2,10,48
9:25:37,2318.8,2318.6,2318.8,1,1,36
9:25:38,2318.4,2318.2,2318.4,6,8,3
9:25:38,2318.6,2318.4,2318.6,5,15,2
9:25:39,2318.6,2318.4,2318.8,10,3,43
9:25:39,2318.4,2318.2,2318.8,5,2,43
9:25:40,2318.4,2318.2,2318.4,4,6,11
9:25:41,2318.4,2318.2,2318.6,6,7,22
9:25:41,2318.6,2318.6,2318.8,33,13,56
9:25:42,2318.6,2318.2,2318.6,16,13,2
9:25:42,2318.4,2318.4,2318.6,2,6,2
9:25:43,2318.6,2318.4,2318.8,3,10,45
9:25:44,2318.6,2318.6,2318.8,1,1,36
9:25:44,2318.8,2318.6,2318.8,5,1,32
9:25:45,2318.8,2318.6,2318.8,17,8,16
9:25:45,2318.6,2318.2,2318.6,18,5,34
9:25:46,2318.6,2318.2,2318.8,1,14,24
9:25:47,2318.8,2318.6,2318.8,8,6,11
9:25:47,2318.6,2318.6,2318.8,2,6,10
9:25:48,2318.6,2318.4,2318.6,6,13,3
9:25:48,2318.6,2318.4,2318.6,4,1,2
9:25:50,2318.4,2318.2,2318.6,1,18,6
9:25:50,2318.6,2318.2,2318.4,4,12,1
9:25:51,2318.6,2318.4,2318.6,12,44,1
9:25:51,2318.2,2318.2,2318.8,50,10,16
9:25:52,2318.4,2318.4,2318.8,8,27,22
9:25:52,2318.4,2318.4,2318.6,10,24,8
9:25:53,2318.6,2318.4,2318.6,2,26,6
9:25:53,2318.4,2318.4,2318.6,2,24,6
9:25:54,2318.6,2318.4,2318.6,2,23,5
9:25:54,2318.2,2318.2,2318.4,26,4,1
9:25:55,2318.6,2318.6,2318.8,5,25,47
9:25:55,2318.6,2318.6,2318.8,13,12,49
9:25:56,2318.2,2318.2,2318.4,16,10,2
9:25:56,2318.2,2318.2,2318.4,2,8,4
9:25:57,2318.4,2318.2,2318.4,1,8,3
9:25:57,2318.4,2318.2,2318.6,3,9,27
9:25:58,2318,2318,2318.2,13,30,2
9:25:58,2318,2318,2318.2,1,29,4
9:25:59,2318,2318,2318.2,13,12,6
9:25:59,2318,2318,2318.2,7,6,7
9:26:00,2318.2,2318,2318.2,2,5,7
9:26:00,2318.2,2318,2318.2,7,2,3
9:26:01,2318.2,2317.8,2318.2,8,7,1
9:26:01,2317.8,2317.8,2318,3,6,7
9:26:02,2317.8,2317.6,2317.8,6,5,4
9:26:02,2317.6,2317.6,2317.8,4,2,4
9:26:03,2317.6,2317.4,2317.6,2,9,3
9:26:03,2317.4,2317.4,2317.6,2,1,12
9:26:04,2317.2,2317.2,2317.4,8,3,3
9:26:04,2317.4,2317,2317.2,4,9,1
9:26:05,2317,2317,2317.4,11,5,6
9:26:05,2317,2316.6,2317,11,8,1
9:26:06,2316.6,2316.6,2316.8,8,4,1
9:26:06,2316.6,2316.4,2316.6,5,2,3
9:26:07,2316,2316,2316.6,11,5,3
9:26:07,2316,2315.8,2316,5,8,3
9:26:08,2315.8,2315.6,2315.8,8,1,7
9:26:08,2315.6,2315,2315.8,20,14,14
9:26:09,2315.6,2315.2,2315.6,6,10,6
9:26:09,2315,2315.2,2315.8,26,12,9
9:26:10,2315,2315.4,2315.6,4,5,1
9:26:10,2315.4,2315.4,2315.8,12,3,10
9:26:11,2315.4,2315.4,2315.8,8,1,7
9:26:11,2315.8,2315.2,2315.8,9,9,6
9:26:12,2315.8,2315.8,2316,8,11,5
9:26:12,2315.8,2315.8,2316,4,4,5
9:26:13,2316,2316,2316.4,9,50,9
9:26:13,2316,2316,2316.4,5,38,7
9:26:14,2316,2316,2316.2,2,35,12
9:26:14,2316,2316,2316.6,9,34,16
9:26:15,2316,2316,2316.2,4,32,3
9:26:15,2316,2316,2316.2,1,31,3
9:26:16,2316,2316,2316.4,6,27,10
9:26:16,2316,2316,2316.2,9,22,2
9:26:17,2316.4,2316.4,2316.6,7,21,18
9:26:17,2316,2316.2,2316.4,24,1,7
9:26:18,2316.4,2316,2316.4,3,24,1
9:26:18,2316,2316,2316.4,2,22,10
9:26:19,2316.2,2316,2316.2,5,20,8
9:26:20,2316,2316,2316.2,6,14,2
9:26:20,2316.2,2316,2316.2,2,14,1
9:26:21,2316.2,2316.2,2316.4,2,2,20
9:26:21,2316.4,2316.2,2316.4,4,2,17
9:26:22,2316,2316,2316.4,6,9,9
9:26:22,2316.4,2316.2,2316.4,1,5,14
9:26:23,2316.4,2316.2,2316.4,3,3,14
9:26:23,2316.2,2316,2316.2,4,17,24
9:26:24,2316.2,2316,2316.2,4,19,2
9:26:25,2316.2,2316,2316.2,2,21,8
9:26:25,2316,2315.8,2316,24,13,1
9:26:26,2316,2315.8,2316,2,13,6
9:26:26,2316,2315.8,2316,1,13,6
9:26:27,2316,2315.8,2316,5,7,2
9:26:27,2315.8,2315.6,2315.8,9,5,22
9:26:28,2315.6,2315.6,2315.8,1,7,25
9:26:29,2315.6,2315.6,2315.8,7,6,19
9:26:29,2315.8,2315.8,2316.2,22,31,7
9:26:30,2316,2316,2316.2,5,4,4
9:26:30,2316.2,2316,2316.2,1,4,8
9:26:31,2315.8,2315.8,2316.2,7,6,8
9:26:31,2316.2,2315.6,2316.2,2,13,8
9:26:32,2316.2,2315.8,2316.2,2,1,6
9:26:32,2315.8,2315.6,2315.8,1,18,6
9:26:33,2315.8,2315.8,2316.2,6,35,6
9:26:34,2315.8,2315.8,2316,1,32,2
9:26:34,2316,2315.8,2316.2,1,33,15
9:26:35,2316,2316,2316.2,4,4,12
9:26:35,2316,2315.8,2316,20,13,12
9:26:36,2316,2315.8,2316,3,12,6
9:26:36,2315.8,2315.8,2316,10,3,6
9:26:37,2315.8,2315.8,2316,1,2,8
9:26:37,2315.8,2315.6,2315.8,2,20,5
9:26:38,2316.2,2315.6,2316,11,19,1
9:26:39,2315.8,2315.6,2315.8,2,19,22
9:26:39,2315.8,2315.6,2315.8,6,19,16
9:26:40,2316,2315.8,2316,18,40,4
9:26:40,2315.8,2315.8,2316,5,35,3
9:26:41,2315.8,2315.8,2316,9,33,2
9:26:41,2315.8,2315.8,2316,1,36,5
9:26:42,2315.8,2315.8,2316,1,35,9
9:26:42,2315.8,2315.8,2316,4,34,6
9:26:43,2316,2315.8,2316,6,33,1
9:26:43,2316,2316,2316.2,1,23,17
9:26:44,2316,2316,2316.2,1,23,17
9:26:44,2316,2316,2316.2,13,13,22
9:26:45,2316,2316,2316.2,1,4,16
9:26:46,2316.2,2316,2316.2,9,4,7
9:26:46,2316,2316,2316.2,4,2,6
9:26:47,2316,2315.8,2316,2,34,7
9:26:48,2316,2316,2316.2,7,12,6
9:26:49,2316.2,2316,2316.2,4,2,2
9:26:49,2315.8,2316,2316.2,5,1,2
9:26:50,2316.2,2316,2316.2,1,1,1
9:26:50,2315.8,2315.8,2316.4,6,34,9
9:26:51,2315.8,2316,2316.4,2,11,10
9:26:52,2316,2316.2,2316.4,1,6,10
9:26:53,2316.4,2316.2,2316.4,3,6,7
9:26:53,2316.2,2316.2,2316.4,3,4,6
9:26:54,2316.4,2316.4,2316.6,7,21,9
9:26:54,2316.4,2316.4,2316.6,1,21,9
9:26:55,2316.6,2316.4,2316.6,9,15,6
9:26:55,2316.4,2316.4,2316.6,13,3,5
9:26:57,2316.4,2316.4,2316.6,3,1,4
9:26:57,2316.8,2316.4,2316.8,9,1,10
9:26:58,2316.6,2316.4,2316.8,2,1,12
9:26:58,2316.8,2316.6,2316.8,2,1,16
9:26:59,2316.8,2316.4,2316.8,4,1,14
9:26:59,2316.6,2316.6,2316.8,3,1,4
9:27:00,2316.8,2316.6,2316.8,1,1,3
9:27:00,2316.6,2316.4,2316.6,2,2,6
9:27:01,2316.6,2316.4,2316.6,5,1,2
9:27:02,2316.4,2316.2,2316.6,1,7,3
9:27:02,2316.6,2316.4,2316.6,2,5,2
9:27:03,2316.6,2316.4,2316.6,4,4,1
9:27:04,2316.6,2316.6,2316.8,1,2,4
9:27:04,2316.6,2316.4,2316.8,6,1,1
9:27:05,2316.4,2316.2,2316.6,1,7,3
9:27:05,2316.4,2316.4,2316.6,1,4,3
9:27:06,2316.8,2316.4,2316.8,4,4,7
9:27:06,2316.4,2316.4,2316.8,3,3,5
9:27:07,2316.4,2316.2,2316.4,3,2,2
9:27:07,2316.2,2316.2,2316.6,2,1,23
9:27:08,2316.4,2316.4,2316.8,7,12,11
9:27:08,2316.4,2316.4,2316.6,1,11,1
9:27:09,2316.4,2316.4,2316.6,2,9,1
9:27:09,2316.4,2316.4,2316.8,4,8,11
9:27:10,2316.6,2316.2,2316.6,3,9,8
9:27:10,2316.6,2316.6,2316.8,16,28,4
9:27:11,2316.8,2316.6,2316.8,4,13,2
9:27:11,2317,2316.8,2317,5,7,6
9:27:12,2316.8,2316.8,2317,3,25,5
9:27:13,2317,2316.8,2317,4,25,3
9:27:13,2317,2317,2317.2,3,3,7
9:27:14,2317,2316.8,2317,3,25,7
9:27:14,2317.2,2317,2317.2,1,2,2
9:27:15,2317,2316.8,2317.2,5,25,2
9:27:16,2317.2,2317.2,2317.4,2,1,8
9:27:16,2317.2,2317,2317.2,2,4,4
9:27:17,2317.2,2317.2,2317.4,4,2,10
9:27:18,2317.4,2317.4,2317.6,1,7,1
9:27:18,2317.6,2317.4,2317.8,4,16,7
9:27:19,2317.6,2317.6,2317.8,2,13,6
9:27:19,2318,2317.8,2318,12,3,4
9:27:20,2318,2318,2318.2,5,1,14
9:27:20,2317.8,2317.8,2318,4,9,4
9:27:21,2317.8,2318,2318.2,5,1,2
9:27:22,2318.2,2318.2,2318.4,4,2,8
9:27:22,2318,2318,2318.2,3,44,9
9:27:23,2318.2,2318.2,2318.4,6,1,1
9:27:23,2318.6,2318.2,2318.6,3,2,11
9:27:24,2318.2,2318,2318.2,6,45,1
9:27:24,2318.4,2318.2,2318.4,6,1,13
9:27:25,2318,2318,2318.2,18,40,3
9:27:25,2318.2,2318,2318.2,10,34,1
9:27:26,2318.2,2318,2318.2,8,30,1
9:27:26,2318,2318,2318.2,6,27,1
9:27:27,2318.4,2318,2318.4,5,25,10
9:27:27,2318.2,2318,2318.2,3,29,1
9:27:28,2318.2,2318,2318.4,2,28,12
9:27:28,2318.4,2318.2,2318.4,3,1,11
9:27:29,2318.4,2318.2,2318.4,3,3,9
9:27:29,2318.2,2318.2,2318.4,3,6,7
9:27:30,2318.2,2318.2,2318.4,4,7,6
9:27:30,2318.4,2318.4,2318.6,3,1,10
9:27:31,2318.2,2318.4,2318.6,2,1,11
9:27:31,2318.4,2318.2,2318.6,7,1,35
9:27:32,2318.2,2318.2,2318.4,7,1,3
9:27:33,2318.4,2318.2,2318.4,3,1,1
9:27:33,2318.2,2318,2318.2,1,32,4
9:27:34,2318.6,2318.2,2318.6,14,16,8
9:27:34,2318.2,2318.2,2318.4,5,3,1
9:27:35,2318.6,2318.4,2318.6,6,1,6
9:27:35,2318.8,2318.6,2318.8,20,26,38
9:27:36,2318.8,2318.6,2318.8,10,11,35
9:27:36,2318.8,2318.6,2318.8,12,10,32
9:27:37,2318.6,2318.6,2318.8,5,9,22
9:27:37,2318.8,2318.6,2318.8,14,8,12
9:27:38,2318.8,2318.6,2318.8,12,5,9
9:27:38,2318.6,2318.4,2318.6,7,17,4
9:27:39,2318.6,2318.6,2318.8,6,24,1
9:27:39,2319,2318.8,2319,4,3,146
9:27:40,2318.8,2318.8,2319,8,2,143
9:27:40,2319,2318.8,2319,44,23,102
9:27:41,2319,2318.8,2319,9,17,98
9:27:41,2319,2318.8,2319,6,19,92
9:27:42,2318.8,2318.8,2319,14,18,81
9:27:42,2318.8,2318.8,2319,5,2,89
9:27:43,2318.8,2318.6,2318.8,16,6,19
9:27:43,2318.8,2318.6,2319,75,19,39
9:27:44,2319,2318.8,2319,43,1,8
9:27:44,2318.8,2318.6,2319,1,5,8
9:27:45,2318.8,2318.6,2319,10,3,3
9:27:45,2319,2318.6,2318.8,4,2,1
9:27:46,2319.2,2318.6,2319.2,2,2,20
9:27:46,2319.2,2319,2319.2,3,1,39
9:27:47,2319,2318.4,2319,4,23,6
9:27:47,2318.8,2318.4,2318.8,2,24,2
9:27:48,2319,2318.8,2319,10,1,6
9:27:48,2318.8,2318.4,2318.8,3,21,19
9:27:49,2318.4,2318.4,2318.8,10,12,22
9:27:50,2318.8,2318.4,2318.8,3,5,8
9:27:50,2318.2,2318.2,2318.4,10,2,32
9:27:51,2318.4,2318.2,2318.4,1,2,1
9:27:51,2318.6,2318.2,2318.6,5,9,1
9:27:52,2318,2318,2318.4,5,25,10
9:27:52,2318.6,2318,2318.6,2,25,29
9:27:53,2318.2,2318.2,2318.6,2,10,1
9:27:54,2318.2,2318.2,2318.6,4,16,1
9:27:55,2318.4,2318.4,2318.6,2,2,2
9:27:55,2318.2,2318,2318.2,6,34,23
9:27:56,2318.2,2318.2,2318.4,27,6,1
9:27:56,2318.4,2318.2,2318.4,1,2,6
9:27:57,2318.4,2318.2,2318.4,2,1,8
9:27:57,2318.4,2318.2,2318.4,5,1,3
9:27:58,2318.2,2318.2,2318.4,2,2,2
9:27:58,2318.4,2318,2318.4,4,33,8
9:27:59,2318.2,2318,2318.2,2,32,25
9:28:00,2318,2318,2318.2,3,29,22
9:28:00,2318.2,2318.2,2318.4,19,7,8
9:28:01,2318.4,2318.2,2318.4,6,4,6
9:28:01,2318.4,2318.4,2318.6,3,3,11
9:28:02,2318.4,2318.2,2318.6,3,3,11
9:28:03,2318.6,2318.4,2318.6,3,10,13
9:28:03,2318.4,2318.4,2318.6,8,12,11
9:28:04,2318.4,2318.6,2318.8,17,1,20
9:28:04,2318.4,2318.6,2318.8,7,10,20
9:28:05,2318.6,2318.6,2318.8,4,6,26
9:28:05,2318.8,2318.6,2318.8,2,6,25
9:28:06,2318.6,2318.6,2318.8,2,5,24
9:28:06,2318.6,2318.2,2318.6,8,6,19
9:28:07,2318.2,2318.2,2318.4,3,6,3
9:28:09,2318.2,2318.2,2318.4,3,3,9
9:28:09,2318.2,2318.2,2318.4,1,2,9
9:28:10,2318.2,2318.2,2318.4,1,1,11
9:28:11,2318,2318,2318.4,3,31,11
9:28:11,2318.2,2318,2318.2,1,31,9
9:28:12,2318.2,2318,2318.2,3,33,13
9:28:13,2318,2318,2318.2,2,31,13
9:28:13,2318,2318,2318.2,1,30,13
9:28:14,2318,2318,2318.2,25,6,13
9:28:14,2318.2,2317.8,2318.2,11,8,11
9:28:15,2318,2317.6,2318,42,1,2
9:28:15,2318,2317.6,2318.2,7,4,3
9:28:16,2317.6,2317.6,2317.8,6,1,5
9:28:16,2317.8,2317.8,2318.2,15,3,12
9:28:17,2317.6,2317.6,2317.8,2,1,5
9:28:17,2317.4,2317.4,2317.8,7,12,1
9:28:18,2317.6,2317.4,2318,10,26,1
9:28:18,2317.4,2317.4,2317.6,2,25,1
9:28:19,2317.4,2317.4,2317.8,8,24,5
9:28:19,2317.6,2317.4,2317.8,3,10,13
9:28:20,2317.4,2317.4,2317.6,13,3,3
9:28:21,2317.6,2317.4,2317.6,8,7,2
9:28:21,2317.6,2317.2,2317.6,8,13,2
9:28:22,2317.8,2317.2,2317.8,5,1,10
9:28:22,2317.6,2317,2317.2,1,10,5
9:28:23,2317.2,2317.2,2317.4,5,5,6
9:28:23,2317,2317,2317.4,7,15,5
9:28:24,2317.2,2317,2317.2,7,28,1
9:28:24,2317,2317,2317.4,5,23,1
9:28:25,2317.4,2317.2,2317.4,3,1,20
9:28:25,2317,2317,2317.2,7,2,1
9:28:26,2317.4,2317,2317.4,3,21,14
9:28:26,2317,2316.8,2317,4,5,1
9:28:27,2317,2316.8,2317,2,18,5
9:28:27,2317,2316.8,2317.2,5,18,2
9:28:28,2317.4,2316.8,2317.4,4,18,20
9:28:28,2317,2316.8,2317.2,4,4,12
9:28:29,2316.8,2316.8,2317,4,1,1
9:28:29,2317.2,2316.8,2317.2,10,1,10
9:28:30,2316.8,2316.6,2316.8,2,2,11
9:28:31,2316.4,2316.4,2316.8,4,8,52
9:28:31,2316.4,2316.4,2316.8,9,6,50
9:28:32,2316.6,2316.2,2316.6,7,14,5
9:28:32,2316.2,2316.2,2316.4,2,12,2
9:28:33,2316.2,2316,2316.6,17,16,2
9:28:33,2316.2,2316,2316.2,36,26,3
9:28:34,2316.6,2316.4,2316.6,14,1,1
9:28:34,2316.4,2316.6,2316.8,13,1,62
9:28:35,2316.2,2316,2316.6,9,13,6
9:28:36,2316.4,2316.4,2316.6,16,14,1
9:28:36,2316.6,2316.6,2316.8,9,1,55
9:28:37,2316.6,2316.2,2316.6,4,5,13
9:28:37,2316,2316,2316.6,10,21,6
9:28:38,2316.4,2316.4,2316.8,10,10,46
9:28:38,2316.6,2316.2,2316.8,2,6,46
9:28:39,2316.8,2316,2316.8,4,29,48
9:28:39,2316.2,2316.2,2316.6,2,9,2
9:28:40,2316.8,2316,2316.6,4,30,1
9:28:40,2316.8,2316,2316.2,1,33,1
9:28:41,2316.2,2316,2316.2,1,33,1
9:28:41,2316,2316,2316.2,3,31,4
9:28:42,2316.2,2316,2316.4,5,27,6
9:28:42,2316.2,2316,2316.2,5,25,7
9:28:43,2316,2316,2316.2,20,7,11
9:28:43,2316.2,2316,2316.4,4,4,7
9:28:44,2316.2,2316,2316.2,3,13,9
9:28:44,2316,2315.8,2316,14,42,3
9:28:45,2316,2316,2316.2,4,1,8
9:28:45,2315.8,2315.8,2316,7,39,1
9:28:46,2316.8,2316.2,2316.6,51,6,1
9:28:46,2316.2,2316.2,2316.4,7,2,5
9:28:47,2316.2,2316.2,2316.4,12,3,5
9:28:47,2316.2,2316.2,2316.4,2,1,13
9:28:48,2316.2,2316,2316.4,2,12,8
9:28:48,2316,2316,2316.4,6,9,5
9:28:49,2316,2316,2316.2,2,10,3
9:28:49,2316,2315.8,2316,10,33,6
9:28:50,2316,2316,2316.2,6,1,18
9:28:50,2315.8,2315.8,2316,17,21,1
9:28:51,2316,2315.8,2316,1,21,1
9:28:51,2316,2315.8,2316.2,2,21,16
9:28:52,2316.2,2316,2316.2,2,3,15
9:28:52,2316,2315.8,2316.2,3,22,14
9:28:53,2316,2316,2316.2,3,4,14
9:28:53,2315.8,2315.8,2316.2,14,15,10
9:28:54,2315.8,2315.8,2316,4,21,50
9:28:54,2316,2315.8,2316,6,21,44
9:28:55,2315.8,2315.8,2316,1,14,44
9:28:55,2316,2315.8,2316,12,20,33
9:28:56,2316,2315.8,2316,6,16,40
9:28:57,2315.8,2315.6,2316,25,12,28
9:28:57,2315.6,2315.6,2316,5,10,32
9:28:58,2315.6,2315.6,2315.8,1,8,7
9:28:58,2315.6,2315.6,2316,1,7,32
9:28:59,2315.6,2315.6,2315.8,3,9,2
9:28:59,2315.6,2315.6,2315.8,3,8,1
9:29:00,2315.6,2315.4,2315.6,12,15,14
9:29:00,2315.6,2315.4,2315.6,11,8,24
9:29:01,2315.6,2315.4,2315.6,5,7,19
9:29:01,2315.6,2315.4,2315.6,3,2,24
9:29:02,2315.4,2315.4,2315.6,3,1,16
9:29:02,2315.6,2315.4,2315.6,8,3,19
9:29:03,2315.4,2315.2,2315.4,6,69,8
9:29:03,2315.6,2315.2,2315.6,17,69,22
9:29:04,2315.4,2315.2,2315.4,27,67,2
9:29:04,2315.2,2315.2,2315.4,9,66,2
9:29:05,2315.2,2315.2,2315.6,3,71,12
9:29:05,2315.2,2315.2,2315.4,13,57,4
9:29:06,2315.4,2315.2,2315.6,17,51,9
9:29:06,2315.2,2315.2,2315.6,6,42,6
9:29:07,2315.2,2315.2,2315.4,9,39,2
9:29:07,2315.2,2315.2,2315.4,28,12,2
9:29:08,2315,2315,2315.2,14,46,27
9:29:08,2315,2315,2315.2,7,46,3
9:29:09,2315,2315,2315.2,7,39,8
9:29:09,2315,2315,2315.4,19,33,3
9:29:10,2315,2315.2,2315.4,7,10,2
9:29:10,2315.4,2315.4,2315.6,8,8,8
9:29:11,2315.6,2315.2,2315.6,7,8,4
9:29:11,2315.2,2315.2,2315.6,3,6,12
9:29:12,2315.4,2315.2,2315.4,23,1,2
9:29:12,2315.4,2315,2315.4,3,22,2
9:29:13,2315.4,2315,2315.4,3,23,2
9:29:14,2315.4,2315.4,2315.6,2,29,14
9:29:14,2315.4,2315.2,2315.4,29,1,7
9:29:15,2315.4,2315.2,2315.4,2,2,7
9:29:15,2315.4,2315.2,2315.4,2,8,6
9:29:16,2315.4,2315.2,2315.4,3,1,6
9:29:16,2315.4,2315.2,2315.4,1,2,4
9:29:17,2315,2315,2315.4,3,27,6
9:29:17,2315.4,2315,2315.4,2,27,4
9:29:18,2315.4,2315.2,2315.4,4,1,1
9:29:18,2315.4,2315.4,2315.6,1,3,22
9:29:19,2315.4,2315.4,2315.6,7,1,8
9:29:19,2315.2,2315.2,2315.4,3,2,2
9:29:20,2315.4,2315,2315.4,3,24,6
9:29:21,2315.4,2315,2315.2,1,25,12
9:29:22,2315.2,2315,2315.2,3,25,10
9:29:22,2315.2,2315,2315.2,5,24,3
9:29:23,2315,2315,2315.2,1,23,3
9:29:23,2315,2315,2315.2,10,19,1
9:29:24,2315,2315,2315.2,8,13,2
9:29:24,2315,2314.8,2315,18,9,23
9:29:25,2314.8,2314.8,2315,1,14,24
9:29:25,2314.8,2314.8,2315,4,11,4
9:29:26,2314.8,2314.8,2315,3,9,4
9:29:26,2315.4,2314.8,2315.4,12,15,16
9:29:27,2314.8,2315,2315.4,17,5,17
9:29:27,2314.8,2314.8,2315.4,11,8,17
9:29:28,2314.8,2315,2315.4,1,14,14
9:29:28,2315,2315,2315.4,23,10,5
9:29:29,2315,2315,2315.4,1,10,5
9:29:29,2315,2315,2315.4,4,8,4
9:29:30,2315.4,2315.4,2315.6,6,16,7
9:29:30,2315.4,2315.4,2315.6,5,1,7
9:29:31,2315.6,2315.4,2315.8,7,1,10
9:29:31,2315.4,2315.2,2315.4,1,2,1
9:29:32,2315.4,2315.4,2315.6,1,14,17
9:29:32,2315.8,2315.6,2315.8,24,14,8
9:29:33,2316,2315.8,2316,4,14,43
9:29:33,2315.8,2315.4,2316,5,11,38
9:29:34,2315.8,2315.4,2316,2,25,33
9:29:34,2316,2315.4,2316,3,23,36
9:29:35,2316,2315.6,2316,4,14,26
9:29:35,2316,2315.6,2316,4,17,22
9:29:36,2316,2315.6,2316,2,17,20
9:29:36,2316.2,2316,2316.4,21,19,10
9:29:37,2316.4,2316,2316.4,3,8,4
9:29:37,2316.4,2316.2,2316.6,4,1,10
9:29:38,2316,2315.8,2316,16,2,3
9:29:38,2315.8,2315.6,2316,7,1,8
9:29:39,2316,2316,2316.2,10,9,14
9:29:40,2316,2315.8,2316,9,6,15
9:29:40,2316,2315.8,2316,2,5,11
9:29:41,2316,2315.8,2316,9,5,2
9:29:41,2316,2315.4,2316.2,3,13,10
9:29:43,2315.8,2315.6,2315.8,9,8,1
9:29:43,2315.6,2315.6,2315.8,1,1,1
9:29:44,2315.6,2315.8,2316.2,3,3,12
9:29:45,2315.8,2315.4,2315.6,4,6,4
9:29:45,2315.4,2315.4,2315.6,2,4,5
9:29:46,2315.6,2315.4,2315.6,4,4,3
9:29:47,2315.2,2315.2,2315.4,8,1,2
9:29:47,2315.8,2315.6,2315.8,4,27,10
9:29:48,2315.4,2315.2,2315.4,34,1,1
9:29:48,2315.4,2315.4,2315.6,7,2,6
9:29:49,2315.2,2315.2,2315.4,9,6,40
9:29:49,2315,2315,2315.2,10,15,2
9:29:50,2315,2315,2315.2,3,13,4
9:29:51,2315.2,2315,2315.2,4,10,3
9:29:52,2315.2,2315,2315.2,4,16,1
9:29:52,2315,2315,2315.2,1,16,1
9:29:53,2315,2315,2315.4,4,13,54
9:29:53,2315,2315.2,2315.4,1,3,53
9:29:54,2315,2315.2,2315.4,2,1,53
9:29:54,2315.4,2315,2315.4,4,16,52
9:29:55,2315.2,2315,2315.4,2,16,52
9:29:55,2315,2315,2315.4,2,15,52
9:29:56,2315,2315,2315.2,1,14,2
9:29:56,2315.2,2315.2,2315.4,2,6,54
9:29:57,2315.2,2315,2315.4,2,14,54
9:29:57,2315,2315,2315.2,1,13,3
9:29:58,2315.2,2315.2,2315.4,7,4,53
9:29:58,2315,2315.2,2315.4,1,1,53
9:29:59,2315,2315,2315.4,3,10,52
9:29:59,2315.4,2315,2315.4,3,9,50
9:30:00,2315.4,2315,2315.4,5,9,45
9:30:00,2315.4,2315,2315.4,10,3,80
9:30:01,2315,2315,2315.4,6,1,36
9:30:01,2315.4,2314.8,2315.4,6,23,31
9:30:02,2315.4,2314.8,2315.4,7,25,27
9:30:02,2315.4,2314.8,2315.4,4,31,23
9:30:03,2315.4,2315,2315.4,1,18,22
9:30:03,2314.8,2314.8,2315.4,6,27,20
9:30:04,2314.8,2314.8,2315.2,3,25,1
9:30:05,2314.8,2314.8,2315.2,8,14,32
9:30:05,2314.8,2314.8,2315,4,10,24
9:30:06,2314.8,2314.6,2314.8,31,15,16
9:30:06,2315,2314.6,2315,21,7,14
9:30:07,2314.6,2314.6,2315,7,10,12
9:30:07,2314.6,2314.6,2314.8,4,3,17
9:30:08,2314.8,2314.6,2314.8,4,1,16
9:30:08,2314.4,2314.4,2314.6,2,11,3
9:30:09,2314.4,2314.4,2314.6,4,10,2
9:30:09,2314.4,2314.4,2314.6,5,6,6
9:30:10,2314.4,2314.2,2314.6,19,27,2
9:30:10,2314.2,2314.2,2314.4,6,12,6
9:30:11,2314.4,2314.2,2314.4,9,4,5
9:30:11,2314,2314.4,2314.6,14,1,8
9:30:12,2314.2,2314,2314.6,7,24,6
9:30:12,2314,2314,2314.2,3,22,2
9:30:13,2314.6,2314,2314.6,14,13,6
9:30:13,2314.4,2314,2314.4,9,11,5
9:30:14,2314,2313.8,2314,14,14,2
9:30:14,2314.2,2313.8,2314.2,11,7,4
9:30:15,2314,2313.6,2313.8,3,7,1
9:30:15,2313.8,2313.6,2314,5,4,1
9:30:16,2314.2,2314,2314.2,9,1,19
9:30:16,2314,2313.4,2314,41,12,34
9:30:17,2313.8,2313.4,2313.6,5,13,1
9:30:17,2313.6,2313.6,2314,16,34,6
9:30:18,2313.6,2313.6,2314,4,26,5
9:30:18,2313.8,2313.4,2313.6,38,14,5
9:30:19,2313.4,2313.4,2313.8,16,11,41
9:30:19,2313.8,2313.4,2313.8,3,17,1
9:30:20,2313.4,2313.4,2314,7,11,9
9:30:20,2314,2313.8,2314,2,1,7
9:30:21,2314,2313.8,2314,19,3,1
9:30:21,2313.4,2313.6,2314,8,6,1
9:30:22,2314,2314,2314.2,4,1,19
9:30:22,2314.2,2313.6,2314.2,10,7,33
9:30:23,2314,2313.8,2314,10,17,6
9:30:24,2313.8,2313.8,2314,3,14,6
9:30:24,2314,2313.8,2314.2,15,4,12
9:30:25,2314.2,2314,2314.2,3,13,4
9:30:25,2314.2,2314.2,2314.4,5,3,4
9:30:26,2314.2,2314.2,2314.4,2,2,4
9:30:26,2314.2,2314,2314.2,4,10,5
9:30:27,2314,2314,2314.2,4,7,5
9:30:27,2314,2314,2314.2,1,6,5
9:30:28,2314.2,2314,2314.2,2,5,4
9:30:28,2314,2314,2314.2,4,1,5
9:30:29,2314,2313.8,2314,1,5,10
9:30:29,2314,2313.8,2314,2,5,8
9:30:30,2313.8,2313.8,2314,7,3,5
9:30:31,2314,2313.6,2314,4,14,4
9:30:31,2314,2313.6,2313.8,3,15,4
9:30:32,2313.6,2313.6,2313.8,7,11,9
9:30:32,2313.6,2313.6,2313.8,3,8,10
9:30:33,2313.6,2313.6,2313.8,6,2,10
9:30:33,2313.8,2313.4,2313.8,5,5,8
9:30:34,2313.8,2313.4,2313.8,4,4,9
9:30:34,2313.8,2313.4,2313.8,7,4,21
9:30:35,2313.4,2313.4,2313.8,2,2,27
9:30:35,2313.4,2313.4,2313.6,1,1,2
9:30:36,2313.4,2313.2,2313.4,1,36,4
9:30:36,2313.6,2313.2,2313.6,6,36,3
9:30:37,2313.2,2313.2,2313.6,14,25,24
9:30:38,2313.2,2313.2,2313.4,17,10,24
9:30:38,2313.2,2313.2,2313.4,8,5,28
9:30:39,2313,2313,2313.2,13,45,2
9:30:39,2313.4,2313.4,2313.6,13,3,6
9:30:40,2313,2313,2313.4,14,30,55
9:30:40,2313.2,2313,2313.2,3,26,3
9:30:41,2313,2313,2313.2,13,14,3
9:30:41,2313.2,2313,2313.2,5,11,2
9:30:42,2313,2312.8,2313,22,16,5
9:30:42,2313,2313,2313.2,6,10,1
9:30:43,2313.2,2312.8,2313,3,15,3
9:30:43,2313,2313,2313.2,12,4,8
9:30:44,2312.8,2312.8,2313,18,3,2
9:30:44,2312.8,2312.6,2312.8,6,23,3
9:30:45,2312.8,2312.6,2312.8,3,21,5
9:30:45,2312.8,2312.6,2312.8,9,14,7
9:30:46,2312.4,2312.4,2312.6,17,7,11
9:30:46,2312.2,2312.2,2312.6,18,16,6
9:30:47,2312.2,2312.2,2312.6,13,6,5
9:30:47,2312.2,2312,2312.2,7,31,5
9:30:48,2312,2312,2312.2,16,21,1
9:30:48,2312,2311.8,2312,27,5,1
9:30:49,2312,2312,2312.6,14,4,12
9:30:49,2311.8,2311.6,2311.8,14,8,48
9:30:50,2311.8,2311.4,2311.8,31,4,29
9:30:50,2311.4,2311.2,2311.6,10,38,12
9:30:51,2311.6,2311.2,2311.6,35,40,10
9:30:51,2311.2,2311.2,2311.6,10,23,19
9:30:52,2311.2,2311.2,2311.4,20,7,2
9:30:52,2311.2,2311,2311.2,22,30,14
9:30:53,2311.2,2311,2311.2,26,8,20
9:30:53,2311,2311,2311.2,15,9,23
9:30:54,2311.2,2311.2,2311.6,58,2,5
9:30:54,2311.4,2311.4,2311.6,10,3,31
9:30:55,2311.2,2311,2311.4,30,16,13
9:30:55,2311,2311,2311.2,16,16,7
9:30:56,2311,2310.8,2311,21,16,4
9:30:56,2311,2311,2311.2,30,1,11
9:30:57,2311.2,2310.8,2311.4,18,17,11
9:30:57,2311.2,2311.2,2311.4,14,4,1
9:30:58,2311.4,2311.4,2312,9,37,19
9:30:58,2311.6,2311.6,2312,4,1,20
9:30:59,2311.8,2311.8,2312,16,5,2
9:30:59,2312,2312,2312.4,8,7,12
9:31:00,2312.2,2312,2312.2,9,13,5
9:31:00,2312,2312,2312.2,35,1,3
9:31:01,2312,2311.8,2312.2,11,6,8
9:31:01,2311.6,2311.6,2312.4,16,5,10
9:31:02,2312.2,2312,2312.2,11,1,3
9:31:02,2312.2,2312,2312.4,7,1,11
9:31:03,2312.4,2312.2,2312.4,11,2,3
9:31:03,2312.4,2311.6,2312.4,13,10,10
9:31:04,2312.4,2312.2,2312.4,6,1,15
9:31:04,2312.4,2312,2312.6,8,6,9
9:31:05,2312.4,2312,2312.4,2,4,14
9:31:05,2312.6,2312.4,2312.6,3,3,9
9:31:06,2312.8,2312.4,2312.6,9,43,2
9:31:06,2312.6,2312.4,2312.6,1,43,1
9:31:07,2312.6,2312.4,2312.6,3,44,1
9:31:07,2312.6,2312.4,2312.6,5,44,17
9:31:08,2312.6,2312.4,2312.6,15,46,2
9:31:08,2312.6,2312.4,2312.6,5,57,2
9:31:09,2312.4,2312.4,2313,7,56,15
9:31:09,2313,2312.6,2313,3,9,22
9:31:10,2313,2312.8,2313,11,1,11
9:31:10,2313,2312.6,2312.8,9,12,3
9:31:11,2313,2313,2313.2,14,6,2
9:31:11,2313,2313,2313.2,5,1,7
9:31:12,2313,2312.8,2313.2,4,12,7
9:31:12,2313,2312.8,2313,1,13,1
9:31:13,2313,2312.8,2313,3,18,1
9:31:13,2313.4,2313.2,2313.4,7,5,3
9:31:14,2313.6,2313.4,2313.6,7,3,1
9:31:14,2313.4,2313.6,2313.8,4,1,13
9:31:15,2313.6,2313.4,2313.6,11,2,17
9:31:15,2313.6,2313.2,2313.6,12,15,11
9:31:16,2313.6,2313.2,2313.6,15,14,4
9:31:17,2313.6,2313.4,2313.6,6,7,2
9:31:17,2313.2,2313.2,2313.4,5,9,13
9:31:18,2313.6,2313.2,2313.6,4,8,7
9:31:18,2313.6,2313.6,2313.8,2,24,13
9:31:19,2313.8,2313.6,2313.8,9,28,20
9:31:19,2313.6,2313.6,2313.8,4,26,18
9:31:20,2313.6,2313.6,2313.8,4,25,15
9:31:20,2313.6,2313.2,2313.6,31,14,17
9:31:21,2313.6,2313.2,2313.6,4,14,4
9:31:21,2313.6,2313.2,2313.6,3,16,4
9:31:22,2313.6,2313.2,2313.6,1,16,57
9:31:22,2313.2,2313.2,2313.6,12,12,55
9:31:23,2313.2,2313.4,2313.6,12,6,52
9:31:23,2313.6,2313.4,2313.6,10,6,42
9:31:24,2313.6,2313.2,2313.6,3,9,41
9:31:24,2313.6,2313.2,2313.6,7,10,35
9:31:25,2313.2,2313.2,2313.4,3,8,1
9:31:25,2313,2313,2313.2,17,96,11
9:31:26,2313.2,2313.2,2313.4,12,14,1
9:31:26,2313.6,2313.4,2313.6,7,1,38
9:31:27,2313.4,2313.4,2313.6,9,3,32
9:31:27,2313.2,2313,2313.2,21,97,9
9:31:28,2313.2,2313.2,2313.4,9,21,6
9:31:28,2313.4,2313,2313.6,5,106,36
9:31:29,2313.4,2313,2313.4,7,92,8
9:31:29,2313.4,2313,2313.4,4,91,4
9:31:30,2313,2313,2313.4,1,91,10
9:31:31,2313.6,2313.4,2313.6,7,20,35
9:31:31,2313,2313,2313.6,29,68,37
9:31:32,2313.4,2313,2313.4,21,50,2
9:31:32,2313.6,2313.4,2313.6,3,2,43
9:31:33,2313.4,2313.2,2313.4,2,2,4
9:31:33,2313.2,2313.2,2313.4,2,1,2
9:31:34,2313.2,2313.2,2313.4,2,5,3
9:31:34,2313.6,2313,2313.6,7,51,43
9:31:35,2313,2313,2313.2,1,50,3
9:31:35,2313.6,2313.2,2313.4,13,18,1
9:31:36,2313.4,2313.4,2313.8,34,2,17
9:31:36,2313.4,2313.2,2313.8,4,10,15
9:31:37,2313.2,2313.2,2313.6,5,16,1
9:31:38,2313.2,2313.2,2313.6,1,15,8
9:31:38,2313.2,2313.2,2313.8,5,14,17
9:31:39,2313.2,2313.2,2313.4,2,22,1
9:31:39,2313.4,2313.4,2313.6,1,3,2
9:31:40,2313.8,2313.4,2313.8,11,6,4
9:31:41,2313.6,2313.6,2313.8,2,9,6
9:31:41,2313.8,2313.6,2313.8,1,9,5
9:31:42,2314,2313.8,2314,11,17,4
9:31:43,2313.8,2313.8,2314,1,2,4
9:31:43,2314,2314,2314.2,4,7,7
9:31:44,2314,2314,2314.2,3,7,1
9:31:44,2314.2,2314.2,2314.4,4,3,16
9:31:45,2314.4,2314,2314.4,13,5,6
9:31:45,2314.4,2314.2,2314.4,6,2,4
9:31:46,2314.4,2314.2,2314.6,6,1,20
9:31:46,2314.4,2314.2,2314.6,2,2,20
9:31:47,2314.2,2314,2314.2,2,7,4
9:31:47,2314.2,2314.4,2314.6,1,1,21
9:31:48,2314.6,2314.2,2314.6,8,5,21
9:31:48,2314.2,2314,2314.2,6,7,7
9:31:49,2314.4,2314,2314.4,14,1,17
9:31:49,2314.4,2314.2,2314.4,2,2,13
9:31:50,2314.2,2314,2314.2,4,1,3
9:31:50,2314.2,2314,2314.4,3,1,14
9:31:51,2314.2,2314,2314.2,11,1,3
9:31:51,2314.2,2313.6,2314.2,3,7,4
9:31:52,2314.2,2313.8,2314.2,5,7,3
9:31:52,2313.8,2313.8,2314,6,5,3
9:31:53,2314,2313.8,2314,1,5,3
9:31:53,2314,2313.8,2314,4,3,4
9:31:54,2313.8,2313.6,2313.8,3,10,3
9:31:55,2313.4,2313.4,2313.6,6,7,28
9:31:55,2313.4,2313.4,2313.6,13,2,9
9:31:56,2313.4,2313.2,2313.4,2,11,8
9:31:56,2313,2313,2313.2,13,74,1
9:31:57,2313.4,2313,2313.4,4,73,5
9:31:57,2313.4,2313,2313.4,4,71,2
9:31:58,2313,2313,2313.4,1,69,3
9:31:59,2313.4,2313,2313.4,6,67,9
9:31:59,2313.4,2313.2,2313.4,6,19,3
9:32:00,2313.4,2313.4,2313.6,3,16,1
9:32:00,2313.8,2313.6,2314,5,12,10
9:32:01,2314,2313.6,2314,5,5,3
9:32:01,2314,2313.6,2314,6,4,42
9:32:02,2313.6,2313.6,2314,1,3,44
9:32:03,2313.8,2313.4,2313.8,5,9,11
9:32:03,2314,2313.6,2313.8,6,10,1
9:32:04,2314,2313.6,2314,5,7,7
9:32:05,2314,2313.6,2313.8,3,7,1
9:32:05,2314,2313.8,2314,1,17,3
9:32:06,2314,2313.8,2314.2,4,8,6
9:32:07,2313.8,2313.8,2314.2,2,23,6
9:32:07,2313.8,2313.8,2314.2,3,22,33
9:32:08,2314.2,2313.8,2314.2,1,23,34
9:32:09,2313.8,2313.8,2314,3,29,2
9:32:09,2314,2314,2314.2,4,31,2
9:32:10,2314.2,2314,2314.4,3,32,16
9:32:10,2314.2,2314.2,2314.4,2,4,16
9:32:11,2314.4,2314.2,2314.4,9,2,9
9:32:11,2314.4,2314,2314.4,7,28,3
9:32:12,2314.4,2314,2314.4,4,1,7
9:32:12,2314.6,2314.2,2314.6,2,15,21
9:32:13,2314.4,2314.2,2314.4,9,1,19
9:32:13,2314.2,2314.2,2314.8,32,1,17
9:32:14,2314.2,2314,2314.2,6,3,8
9:32:15,2314.4,2314.2,2314.4,21,4,31
9:32:15,2314.2,2314.2,2314.4,4,2,6
9:32:16,2314.2,2314,2314.2,2,2,7
9:32:16,2314.2,2314,2314.4,5,3,35
9:32:17,2314.4,2314.2,2314.4,1,1,35
9:32:17,2314.2,2313.8,2314,10,6,1
9:32:18,2314.2,2313.8,2314.2,1,12,1
9:32:18,2314.2,2313.8,2314.2,1,12,1
9:32:19,2314,2314,2314.2,1,4,2
9:32:19,2314,2313.8,2314,6,6,2
9:32:20,2313.8,2313.8,2314.2,2,4,4
9:32:21,2313.8,2313.8,2314,1,4,1
9:32:21,2314,2314,2314.2,2,2,2
9:32:22,2314,2313.8,2314,8,1,52
9:32:22,2313.6,2313.6,2313.8,3,7,9
9:32:23,2313.8,2313.6,2313.8,4,8,5
9:32:23,2313.6,2313.6,2314,5,4,37
9:32:24,2313.6,2313.6,2313.8,1,3,5
9:32:25,2313.8,2313.6,2313.8,1,3,5
9:32:26,2313.6,2313.4,2313.6,8,6,3
9:32:26,2313.6,2313.4,2313.8,5,6,34
9:32:27,2313.4,2313.4,2313.6,7,6,6
9:32:28,2313.4,2313.4,2313.6,3,6,35
9:32:28,2313.4,2313.4,2313.6,14,3,23
9:32:29,2313.6,2313.4,2313.6,7,1,20
9:32:29,2313.4,2313.4,2313.6,2,1,19
9:32:30,2313.6,2313.4,2313.6,6,1,15
9:32:30,2313.4,2313.4,2313.6,6,1,15
9:32:31,2313,2313,2313.6,2,66,15
9:32:32,2313.2,2313.2,2313.4,2,2,3
9:32:32,2313.4,2313.2,2313.4,2,1,12
9:32:33,2313.2,2313,2313.2,1,58,1
9:32:34,2313.4,2313.2,2313.4,2,3,5
9:32:34,2313.2,2313,2313.4,2,58,29
9:32:35,2313,2313,2313.2,1,56,9
9:32:35,2313.4,2313,2313.4,11,56,28
9:32:36,2313.2,2313,2313.4,1,56,32
9:32:37,2313,2313,2313.2,1,55,4
9:32:38,2313.2,2313,2313.2,4,53,5
9:32:38,2313,2313,2313.2,5,49,1
9:32:39,2313,2313.2,2313.4,2,1,68
9:32:39,2313,2313,2313.2,4,46,28
9:32:40,2313,2313,2313.2,32,24,27
9:32:40,2313,2313,2313.2,12,11,4
9:32:41,2313,2313,2313.2,2,9,8
9:32:41,2313,2313,2313.2,2,7,9
9:32:42,2313,2313,2313.2,3,4,11
9:32:42,2312.8,2312.8,2313.2,28,1,10
9:32:43,2313,2312.6,2313,3,29,14
9:32:43,2313,2312.8,2313,2,1,12
9:32:44,2312.8,2312.8,2313,1,1,13
9:32:45,2312.6,2312.6,2313,2,34,13
9:32:45,2312.6,2312.6,2312.8,2,27,30
9:32:46,2312.6,2312.6,2312.8,36,4,18
9:32:46,2312.6,2312.6,2312.8,3,3,25
9:32:47,2312.6,2312.4,2312.6,3,9,1
9:32:47,2312.6,2312.4,2312.6,3,8,4
9:32:48,2312.6,2312.4,2312.6,2,14,2
9:32:48,2312.6,2312.4,2312.6,4,12,1
9:32:49,2312.4,2312.4,2312.6,2,12,3
9:32:49,2312.6,2312.4,2312.6,2,5,10
9:32:50,2312.4,2312.2,2312.4,5,17,10
9:32:50,2312.4,2312.2,2312.4,2,17,8
9:32:51,2312.4,2312.2,2312.4,1,18,9
9:32:51,2312.4,2312.2,2312.4,2,19,27
9:32:52,2312.4,2312.2,2312.4,3,19,24
9:32:52,2312.6,2312.4,2312.6,27,16,2
9:32:53,2312.8,2312.4,2312.8,3,3,27
9:32:54,2312.6,2312.4,2312.8,3,5,31
9:32:55,2312.8,2312.4,2312.8,2,6,31
9:32:55,2312.8,2312.6,2312.8,14,6,17
9:32:56,2312.8,2312.6,2312.8,7,4,14
9:32:56,2312.8,2312.6,2312.8,2,10,16
9:32:57,2312.6,2312.8,2313,3,8,15
9:32:57,2312.8,2312.8,2313,5,6,2
9:32:58,2313.2,2312.8,2313.2,3,9,3
9:32:58,2313.2,2312.8,2313.2,3,6,15
9:33:01,2313,2313,2313.2,31,3,42
9:33:01,2312.4,2312.4,2313.2,29,10,42
9:33:02,2312.6,2312.2,2312.6,40,10,2
9:33:02,2312.2,2312.2,2312.6,27,12,7
9:33:03,2312.2,2312.2,2312.6,11,1,6
9:33:03,2312.6,2312.6,2312.8,11,21,2
9:33:04,2312.6,2312.2,2312.8,2,7,4
9:33:05,2312.8,2312.4,2312.8,1,1,3
9:33:05,2312.8,2312.4,2312.8,2,4,2
9:33:06,2312.8,2312.4,2313,2,15,12
9:33:06,2312.6,2312.6,2313,2,6,14
9:33:07,2313,2312.6,2313,1,20,4
9:33:07,2312.8,2312.8,2313,17,22,28
9:33:08,2312.6,2312.6,2312.8,3,14,1
9:33:08,2312.8,2312.8,2313,3,6,28
9:33:09,2313,2312.8,2313,3,9,25
9:33:09,2312.8,2312.8,2313,5,4,22
9:33:10,2312.8,2312.8,2313,1,9,22
9:33:11,2312.8,2312.8,2313,2,14,21
9:33:11,2312.8,2312.6,2312.8,16,3,14
9:33:12,2312.8,2312.6,2312.8,8,3,6
9:33:13,2313,2312.6,2313,11,3,22
9:33:13,2313,2312.8,2313,1,1,21
9:33:14,2312.6,2312.6,2313,2,8,13
9:33:14,2313,2312.6,2313,1,11,12
9:33:15,2312.6,2312.6,2313,3,10,11
9:33:16,2313,2312.6,2313,1,12,9
9:33:16,2312.6,2312.4,2313,3,7,21
9:33:17,2312.6,2312.4,2312.6,1,10,1
9:33:17,2313,2312.6,2313,4,3,11
9:33:18,2312.6,2312.6,2312.8,1,1,1
9:33:19,2312.8,2312.4,2312.8,2,12,1
9:33:20,2312.8,2312.6,2312.8,2,20,1
9:33:20,2312.8,2312.6,2313,1,27,13
9:33:21,2312.6,2312.6,2313,2,28,22
9:33:22,2312.6,2312.8,2313,4,43,22
9:33:22,2313,2312.8,2313,9,43,15
9:33:23,2313,2312.8,2313,5,41,12
9:33:23,2312.8,2312.8,2313,1,47,12
9:33:24,2313,2312.8,2313,1,40,14
9:33:25,2313,2312.8,2313,10,38,6
9:33:26,2313.2,2313.2,2313.4,12,1,9
9:33:26,2313.4,2313.2,2313.4,5,8,3
9:33:27,2313,2313,2313.4,21,50,2
9:33:27,2313.4,2313.2,2313.4,4,14,4
9:33:28,2314.2,2313.2,2313.4,34,20,4
9:33:28,2313.6,2313.2,2314,6,20,4
9:33:29,2313.6,2313.4,2313.6,3,4,4
9:33:29,2313.8,2313.6,2313.8,15,1,2
9:33:30,2313.6,2313.4,2313.6,2,10,8
9:33:30,2313.6,2313.4,2313.6,7,12,1
9:33:31,2314,2313.6,2314,6,21,3
9:33:31,2313.6,2313.6,2314,3,18,4
9:33:32,2313.6,2313.6,2314,1,18,4
9:33:33,2313.8,2313.6,2313.8,4,15,14
9:33:33,2313.8,2313.6,2313.8,5,13,11
9:33:34,2313.6,2313.4,2313.6,13,4,4
9:33:34,2313.6,2313.4,2313.6,3,5,7
9:33:35,2313.6,2313.8,2314,7,1,9
9:33:35,2313.6,2313.6,2314,1,3,9
9:33:36,2313.6,2313.6,2314,1,4,8
9:33:36,2314,2313.6,2313.8,2,4,1
9:33:37,2314,2313.6,2314,6,12,1
9:33:38,2314.2,2313.6,2314.2,4,18,12
9:33:38,2314.2,2314,2314.2,4,1,32
9:33:39,2314.2,2314,2314.2,6,2,1
9:33:39,2314.2,2314.2,2314.4,1,2,18
9:33:40,2314,2313.6,2314.2,9,18,23
9:33:40,2314.2,2313.6,2314,11,7,5
9:33:41,2314.2,2313.8,2314.2,8,2,9
9:33:42,2314,2314,2314.2,5,3,5
9:33:43,2314,2314,2314.2,3,1,4
9:33:43,2314.2,2314.2,2314.4,7,8,5
9:33:44,2314.4,2314,2314.4,8,13,2
9:33:44,2314,2314,2314.4,5,2,9
9:33:45,2314,2313.8,2314,9,1,1
9:33:45,2314.2,2314.2,2314.4,4,21,3
9:33:46,2314.4,2314.4,2314.6,3,1,6
9:33:46,2314.2,2314,2314.6,9,14,1
9:33:47,2314.4,2314.2,2314.4,3,2,7
9:33:47,2314.4,2314.2,2314.4,1,2,6
9:33:48,2314.4,2314.4,2314.6,6,9,3
9:33:49,2314.2,2314.2,2314.4,1,10,13
9:33:49,2314.4,2314.2,2314.4,9,19,5
9:33:51,2314.4,2314.2,2314.4,39,41,21
9:33:51,2314.6,2314.6,2314.8,29,3,49
9:33:52,2314.4,2314.4,2314.8,5,42,45
9:33:52,2314.8,2314.4,2314.8,2,51,45
9:33:53,2314.8,2314.6,2314.8,7,4,40
9:33:53,2315,2314.8,2315,41,9,24
9:33:54,2315,2314.8,2315,1,9,17
9:33:54,2315.2,2315,2315.4,24,9,8
9:33:55,2315.6,2315,2315.6,9,11,8
9:33:55,2315.2,2315.4,2315.6,17,1,5
9:33:56,2315.6,2315.6,2315.8,4,3,5
9:33:56,2315.6,2315.6,2315.8,1,10,5
9:33:57,2315.6,2315.6,2316,15,5,21
9:33:57,2315.4,2315.2,2315.4,10,1,2
9:33:58,2315.2,2315,2315.4,2,10,2
9:33:58,2315.4,2315,2315.2,8,30,17
9:33:59,2315.2,2315,2315.2,19,28,12
9:33:59,2315,2314.8,2315,8,25,8
9:34:00,2315,2315,2315.2,16,34,6
9:34:00,2315.2,2314.8,2315,4,23,1
9:34:01,2314.8,2314.6,2314.8,27,2,12
9:34:01,2315,2314.8,2315.2,14,11,4
9:34:02,2315.4,2315.2,2315.4,8,4,1
9:34:02,2315.6,2315.4,2315.6,14,23,3
9:34:03,2315.8,2315.6,2316,13,43,17
9:34:03,2316.2,2316.2,2316.6,37,14,6
9:34:04,2316.4,2316.6,2316.8,9,4,45
9:34:04,2316.8,2316.6,2316.8,24,4,23
9:34:05,2317,2317,2317.2,33,8,3
9:34:05,2316.8,2316.8,2317,14,19,1
9:34:06,2317.2,2317.2,2317.4,16,8,8
9:34:06,2317.2,2317.2,2317.4,3,5,8
9:34:07,2317.4,2317.2,2317.6,10,9,8
9:34:07,2317.6,2317.4,2317.8,10,5,10
9:34:08,2317.6,2317.6,2318,13,4,27
9:34:08,2317.2,2317.2,2317.6,25,6,10
9:34:09,2317.6,2317.6,2318,10,3,26
9:34:09,2317.8,2317.6,2317.8,15,5,4
9:34:10,2317.4,2317.4,2317.8,27,6,1
9:34:10,2318,2317.6,2318,9,11,8
9:34:11,2317.8,2317.8,2318,13,4,3
9:34:11,2318,2317.8,2318.2,13,19,10
9:34:12,2318.2,2318.4,2318.6,40,5,52
9:34:12,2318,2318,2318.6,17,8,50
9:34:13,2318,2318,2318.4,27,9,53
9:34:13,2318.2,2318,2318.2,9,18,27
9:34:14,2318.2,2317.8,2318,22,10,2
9:34:14,2318,2318,2318.2,8,1,19
9:34:15,2318,2317.4,2317.6,14,9,2
9:34:15,2318,2317.6,2317.8,17,3,1
9:34:16,2317.8,2317.6,2318,14,11,23
9:34:16,2318,2317.8,2318,6,29,17
9:34:17,2317.6,2317.6,2318,7,2,22
9:34:17,2317.8,2317.4,2317.8,4,14,1
9:34:18,2317.8,2317.6,2318,8,9,26
9:34:18,2317.8,2317.6,2317.8,4,9,4
9:34:19,2317.6,2317.6,2317.8,8,1,7
9:34:19,2317.8,2317,2317.4,53,8,3
9:34:20,2317.6,2317.4,2317.6,4,17,4
9:34:20,2317.4,2317.4,2317.8,9,10,3
9:34:21,2317.8,2317.6,2317.8,4,1,2
9:34:21,2317.4,2317.6,2317.8,2,2,3
9:34:22,2317.6,2317.4,2317.8,5,21,7
9:34:22,2318,2317.6,2318,12,22,35
9:34:23,2317.6,2317.4,2317.8,2,19,1
9:34:23,2317.8,2317.8,2318,1,1,43
9:34:24,2317.8,2317.4,2317.6,13,1,5
9:34:24,2317.8,2317.2,2318,10,6,48
9:34:25,2317.8,2317.6,2317.8,13,6,28
9:34:25,2317.6,2317.4,2317.6,18,1,16
9:34:26,2317.4,2317,2317.4,4,9,5
9:34:26,2317.6,2317.4,2317.6,8,24,1
9:34:27,2317.8,2317.4,2317.8,10,16,30
9:34:27,2317.6,2317.4,2317.6,4,7,6
9:34:28,2317.6,2317.6,2317.8,9,8,32
9:34:28,2317.8,2317.6,2317.8,4,10,29
9:34:29,2317.8,2317.6,2317.8,6,11,28
9:34:29,2317.8,2317.6,2317.8,28,97,15
9:34:30,2317.8,2317.6,2317.8,7,102,9
9:34:30,2317.8,2317.8,2318,10,21,49
9:34:31,2318,2317.8,2318,45,23,7
9:34:31,2318,2317.8,2318,10,20,4
9:34:32,2318,2317.8,2318,11,10,1
9:34:32,2317.8,2317.6,2317.8,15,82,36
9:34:33,2317.6,2317.6,2318,7,81,19
9:34:33,2317.8,2317.6,2317.8,44,47,19
9:34:34,2317.8,2317.6,2317.8,5,45,17
9:34:34,2318,2317.8,2318,5,16,13
9:34:35,2317.8,2317.6,2317.8,40,43,14
9:34:35,2317.8,2317.6,2317.8,2,42,1
9:34:36,2317.8,2317.8,2318,2,10,23
9:34:36,2318,2317.8,2318,7,5,14
9:34:37,2318,2317.8,2318,22,4,45
9:34:37,2318,2317.8,2318,22,2,2
9:34:38,2317.8,2317.8,2318,2,1,2
9:34:38,2318.2,2318,2318.2,10,8,48
9:34:39,2318,2318,2318.2,11,1,70
9:34:39,2318.2,2317.8,2318,9,12,1
9:34:40,2318,2318,2318.2,35,22,17
9:34:40,2318.2,2318,2318.2,13,17,16
9:34:41,2318.2,2318,2318.2,9,18,8
9:34:41,2318,2318,2318.2,8,6,7
9:34:42,2318.2,2318,2318.2,6,5,2
9:34:42,2318,2317.8,2318,7,12,6
9:34:43,2318.4,2317.8,2318,10,11,5
9:34:43,2318,2317.8,2318,4,2,8
9:34:44,2317.8,2317.6,2317.8,2,45,4
9:34:44,2317.6,2317.6,2317.8,1,44,10
9:34:45,2317.8,2317.6,2317.8,6,44,6
9:34:45,2317.8,2317.8,2318,13,40,11
9:34:46,2317.8,2317.8,2318,4,39,10
9:34:46,2317.8,2317.8,2318,2,37,12
9:34:47,2317.8,2317.8,2318,7,31,11
9:34:47,2318,2317.8,2318,6,33,13
9:34:48,2317.8,2317.8,2318,4,35,12
9:34:48,2318,2318,2318.2,18,3,52
9:34:49,2318,2317.8,2318.2,3,15,53
9:34:49,2317.8,2317.8,2318,3,7,2
9:34:50,2318,2317.8,2318,2,7,1
9:34:50,2317.8,2317.8,2318,6,7,3
9:34:51,2318.2,2318,2318.2,9,18,58
9:34:51,2318,2318,2318.2,31,4,36
9:34:52,2318.2,2318,2318.2,10,1,29
9:34:52,2318.2,2318.2,2318.4,34,24,17
9:34:53,2318.4,2318.2,2318.4,11,35,6
9:34:53,2318.2,2318.2,2318.4,4,5,6
9:34:54,2318.4,2318.2,2318.4,2,13,4
9:34:54,2318.6,2318.4,2318.6,12,36,46
9:34:55,2318.6,2318.4,2318.6,2,22,45
9:34:55,2318.4,2318.4,2318.6,51,1,20
9:34:56,2318.6,2318.6,2318.8,28,10,65
9:34:56,2318.8,2318.6,2318.8,1,8,63
9:34:57,2318.6,2318.4,2318.6,11,3,2
9:34:57,2318.4,2318.6,2318.8,11,3,65
9:34:58,2318.6,2318.4,2318.6,51,1,2
9:34:58,2318.8,2318.6,2318.8,31,4,24
9:34:59,2318.6,2318.4,2318.6,5,1,5
9:34:59,2318.4,2318.2,2318.6,11,5,10
9:35:00,2318.8,2318.6,2318.8,14,36,25
9:35:00,2318.6,2318.6,2318.8,12,10,16
9:35:01,2318.2,2318.2,2318.4,18,12,7
9:35:01,2318.6,2318,2318.8,30,13,22
9:35:02,2318.8,2318.8,2319,40,8,57
9:35:02,2318,2318,2318.6,24,8,14
9:35:03,2318.2,2318,2318.4,7,16,3
9:35:03,2318.6,2318,2318.6,22,15,12
9:35:04,2318.6,2318.6,2318.8,23,19,16
9:35:04,2318.6,2318.2,2318.6,33,4,4
9:35:05,2318.6,2318.2,2318.6,3,4,5
9:35:05,2318.2,2318,2318.2,7,19,2
9:35:06,2318.2,2318.2,2318.8,4,16,10
9:35:06,2318.6,2318.4,2318.6,3,2,10
9:35:07,2318.4,2318.2,2318.4,4,8,1
9:35:07,2318.2,2318.2,2318.4,2,7,3
9:35:08,2318.6,2318.2,2318.6,11,9,11
9:35:08,2318.2,2318.2,2318.6,7,2,11
9:35:09,2318.4,2318,2318.4,7,16,1
9:35:10,2318,2318,2318.2,1,15,3
9:35:10,2318.6,2318,2318.6,7,18,23
9:35:11,2318.2,2318,2318.4,1,19,5
9:35:12,2318,2318,2318.4,2,17,15
9:35:12,2318,2318,2318.2,16,2,22
9:35:13,2317.8,2317.8,2318,3,3,4
9:35:13,2317.8,2317.8,2318,4,1,9
9:35:14,2317.8,2317.6,2317.8,1,45,1
9:35:14,2317.6,2317.6,2318,12,32,24
9:35:15,2317.6,2317.6,2318,3,30,32
9:35:15,2317.6,2317.6,2318,22,10,33
9:35:16,2317.8,2317.6,2318,3,10,34
9:35:16,2317.6,2317.6,2317.8,2,8,9
9:35:17,2317.6,2317.6,2317.8,7,1,9
9:35:17,2317.6,2317.4,2317.6,1,2,2
9:35:18,2317.6,2317.4,2317.6,1,2,9
9:35:18,2317.4,2317.2,2317.4,3,1,2
9:35:19,2317.2,2317,2317.2,11,16,1
9:35:19,2317.4,2317,2317.4,8,11,7
9:35:20,2317,2317,2317.2,4,8,1
9:35:20,2317,2316.6,2317,26,10,2
9:35:21,2317,2316.6,2317,5,9,1
9:35:21,2317,2316.8,2317,6,24,21
9:35:22,2317,2316.8,2317,9,21,15
9:35:22,2316.8,2316.8,2317,13,10,20
9:35:23,2317,2316.8,2317,9,5,18
9:35:23,2316.8,2316.8,2317,4,5,17
9:35:24,2317,2316.8,2317,6,3,14
9:35:24,2317,2317,2317.2,15,23,1
9:35:25,2317.4,2317,2317.4,20,1,8
9:35:25,2316.8,2316.6,2316.8,34,11,11
9:35:26,2317,2317,2317.2,18,7,6
9:35:27,2317.2,2317,2317.4,5,1,5
9:35:27,2317,2316.8,2317,2,4,1
9:35:28,2317,2316.8,2317,3,5,37
9:35:28,2317,2316.8,2317,13,2,27
9:35:29,2318,2316.8,2317.8,103,5,2
9:35:29,2317,2317,2317.2,2,8,13
9:35:30,2316.8,2316.8,2317.2,27,6,1
9:35:31,2317.2,2317.2,2317.6,5,1,13
9:35:31,2317,2317,2317.4,5,10,12
9:35:32,2317,2317,2317.2,1,3,1
9:35:33,2317,2317,2317.4,7,3,2
9:35:33,2317,2317,2317.2,1,2,9
9:35:34,2317,2316.8,2317,3,20,2
9:35:34,2317,2316.8,2317,1,22,2
9:35:35,2317.4,2316.8,2317.4,7,21,4
9:35:35,2317,2316.8,2317.2,1,21,8
9:35:36,2316.8,2316.8,2317.2,3,21,8
9:35:36,2317,2316.8,2317,5,20,1
9:35:37,2317.2,2317,2317.4,3,1,4
9:35:37,2316.8,2316.8,2317.2,2,18,6
9:35:38,2317,2316.8,2317,5,17,4
9:35:38,2317.2,2317,2317.2,8,5,9
9:35:39,2317.2,2316.8,2317,6,21,1
9:35:39,2317.2,2317,2317.2,2,1,4
9:35:40,2317.2,2316.8,2317.2,7,23,13
9:35:40,2316.8,2316.8,2317.2,1,22,13
9:35:41,2317.2,2317,2317.2,1,2,1
9:35:41,2317.2,2317.2,2317.6,1,1,12
9:35:42,2317.2,2317,2317.6,11,12,13
9:35:42,2317.2,2317.2,2317.4,1,1,21
9:35:43,2317.2,2317,2317.2,1,17,3
9:35:44,2317.4,2317,2317.4,16,23,12
9:35:45,2317,2317,2317.2,6,21,2
9:35:45,2317,2317,2317.4,5,19,1
9:35:46,2317.4,2317.4,2317.6,9,8,10
9:35:46,2317.2,2317,2317.2,11,6,24
9:35:47,2317,2317,2317.4,1,12,6
9:35:48,2317.2,2317,2317.4,3,12,5
9:35:48,2317,2317,2317.4,1,11,5
9:35:49,2317,2317,2317.4,1,10,5
9:35:50,2317.4,2317,2317.4,5,11,9
9:35:50,2317.4,2317,2317.4,2,10,8
9:35:51,2317,2317,2317.4,1,10,3
9:35:52,2317,2317,2317.2,1,4,1
9:35:52,2317.2,2317.2,2317.4,2,8,4
9:35:53,2317.4,2317.2,2317.4,1,8,3
9:35:54,2317.2,2317.2,2317.4,5,4,4
9:35:54,2317.4,2317.2,2317.4,7,1,2
9:35:55,2317.4,2317.4,2317.6,3,3,8
9:35:55,2317.4,2317.4,2317.6,7,4,16
9:35:56,2317.6,2317.4,2317.6,2,3,15
9:35:57,2317.6,2317.4,2317.6,6,6,4
9:35:57,2317.6,2317.6,2317.8,6,2,8
9:35:58,2317.8,2317.6,2317.8,1,6,7
9:35:58,2317.8,2317.6,2317.8,4,4,6
9:35:59,2318,2318,2318.2,24,6,11
9:35:59,2318,2318,2318.2,2,4,15
9:36:00,2318,2318,2318.2,1,3,15
9:36:00,2318.4,2318.2,2318.4,5,1,19
9:36:01,2318,2318,2318.2,2,5,23
9:36:01,2318.2,2318,2318.2,8,5,9
9:36:02,2318,2318,2318.2,4,2,8
9:36:02,2318.4,2318,2318.4,8,1,9
9:36:03,2318,2317.8,2318.4,2,8,11
9:36:03,2318,2317.6,2318,12,2,6
9:36:04,2318,2318,2318.4,37,3,7
9:36:04,2318,2318,2318.4,3,3,16
9:36:05,2318,2317.8,2318,6,6,7
9:36:06,2317.8,2317.4,2317.6,6,7,4
9:36:06,2317.8,2317.4,2317.6,1,6,5
9:36:07,2317.4,2317.2,2317.4,2,4,3
9:36:07,2317.6,2317.4,2317.8,10,18,3
9:36:08,2317.6,2317.4,2317.8,6,2,9
9:36:08,2317.6,2317.2,2317.8,4,3,11
9:36:09,2317.4,2317.6,2317.8,2,1,11
9:36:10,2317.6,2317.4,2317.6,1,19,6
9:36:10,2317.4,2317.4,2317.6,8,11,4
9:36:11,2317.2,2317.2,2317.4,14,2,10
9:36:11,2317.2,2317.2,2317.4,1,1,10
9:36:12,2317.4,2317.2,2317.4,1,4,9
9:36:12,2317.2,2317.2,2317.4,2,6,9
9:36:13,2317.2,2317.2,2317.4,5,1,21
9:36:13,2317.2,2317,2317.2,1,33,25
9:36:14,2317.2,2317,2317.2,2,33,24
9:36:14,2317,2317,2317.2,4,32,23
9:36:15,2317,2317,2317.2,6,30,19
9:36:15,2317,2317,2317.2,4,26,3
9:36:16,2317,2317,2317.2,1,25,3
9:36:16,2317,2316.8,2317,25,26,17
9:36:17,2316.8,2316.6,2317,26,13,38
9:36:18,2316.6,2316.6,2316.8,12,12,4
9:36:18,2316.6,2316.6,2316.8,6,7,5
9:36:19,2316.6,2316.4,2316.6,9,10,16
9:36:19,2316.6,2316.4,2316.6,1,10,67
9:36:20,2316.6,2316.2,2316.6,62,1,59
9:36:20,2316.6,2316.4,2316.6,23,8,41
9:36:21,2316.4,2316.4,2316.6,4,4,42
9:36:21,2316.4,2316.2,2316.4,31,4,21
9:36:22,2316.6,2316.4,2316.6,27,24,16
9:36:22,2316.6,2316.4,2316.6,15,17,2
9:36:23,2316.4,2316.6,2316.8,9,4,2
9:36:23,2316,2316,2316.2,14,37,1
9:36:24,2316,2316,2316.6,14,47,17
9:36:24,2316,2316,2316.4,9,41,4
9:36:25,2316,2316,2316.2,19,28,1
9:36:25,2316,2316,2316.2,4,3,2
9:36:26,2316.4,2316.4,2316.6,22,16,21
9:36:26,2316.4,2316.2,2316.4,21,11,13
9:36:27,2316.2,2316.2,2316.4,2,11,8
9:36:27,2316.2,2316,2316.2,13,4,2
9:36:28,2316,2316,2316.4,4,3,4
9:36:29,2316.2,2316.2,2316.4,4,3,12
9:36:29,2316.2,2316.2,2316.4,1,3,17
9:36:30,2316.2,2316.2,2316.4,6,1,14
9:36:30,2316.2,2316,2316.2,2,4,16
9:36:31,2316,2316,2316.2,2,3,12
9:36:31,2316.2,2315.8,2316.2,10,6,11
9:36:32,2316.2,2315.8,2316,1,6,6
9:36:32,2316,2316,2316.2,5,1,12
9:36:33,2315.8,2315.8,2316,2,2,10
9:36:33,2315.6,2315.6,2315.8,7,4,65
9:36:34,2315.8,2315.6,2315.8,1,4,65
9:36:34,2315.8,2315.4,2315.8,17,7,64
9:36:35,2315.6,2315.4,2315.6,55,20,21
9:36:35,2315.6,2315.6,2315.8,25,20,18
9:36:36,2315.6,2315.4,2315.6,6,1,2
9:36:36,2315.6,2315.4,2315.6,2,6,1
9:36:37,2315.2,2315.2,2315.4,6,34,3
9:36:37,2315.4,2315.4,2315.8,36,27,6
9:36:38,2315.2,2315.2,2315.4,41,29,13
9:36:38,2315.6,2315.4,2315.6,17,6,6
9:36:39,2315.4,2315.4,2315.6,3,5,7
9:36:39,2315.4,2315.4,2315.8,11,6,12
9:36:40,2315.4,2315.4,2315.8,2,6,12
9:36:40,2315.2,2315.2,2315.4,12,16,11
9:36:41,2315.2,2315.2,2315.4,22,8,1
9:36:41,2315.6,2315.2,2315.6,7,3,10
9:36:42,2315.4,2315.4,2315.6,4,3,1
9:36:42,2315.4,2315.2,2315.8,12,6,4
9:36:43,2315.8,2315.4,2315.8,8,2,9
9:36:43,2315.6,2315.2,2315.6,6,5,3
9:36:44,2315.6,2315.4,2315.6,1,1,2
9:36:44,2315.6,2315.6,2315.8,9,9,3
9:36:45,2315.6,2315.4,2315.6,9,2,34
9:36:45,2315.6,2315.4,2315.6,13,10,1
9:36:46,2315.6,2315.4,2315.6,3,12,2
9:36:46,2315.6,2315.4,2315.8,2,13,3
9:36:47,2315.6,2315.6,2315.8,1,4,3
9:36:47,2315.6,2315.4,2315.6,5,15,7
9:36:48,2315.6,2315.4,2315.6,1,13,6
9:36:49,2315.4,2315.4,2315.6,2,3,5
9:36:49,2315.6,2315.4,2315.8,5,2,9
9:36:50,2315.8,2315.2,2315.8,16,9,3
9:36:51,2315.4,2315.2,2315.4,4,8,18
9:36:51,2315.2,2315.2,2315.4,10,3,18
9:36:52,2315.4,2315.2,2315.4,3,2,17
9:36:52,2315.4,2315.2,2315.4,7,4,11
9:36:53,2315.2,2315.2,2315.4,1,4,11
9:36:54,2315.2,2315.2,2315.4,2,3,11
9:36:54,2315.2,2315.2,2315.4,7,5,6
9:36:55,2315.4,2315,2315.4,11,33,2
9:36:56,2315.4,2315.2,2315.6,5,2,15
9:36:56,2315.4,2315.2,2315.4,2,2,2
9:36:57,2315,2315,2315.4,8,28,2
9:36:57,2315.2,2315.4,2315.6,4,7,4
9:36:58,2315.4,2315,2315.4,7,32,4
9:36:58,2315.4,2315.2,2315.4,1,1,3
9:36:59,2315.4,2315.4,2315.6,4,23,2
9:36:59,2315.4,2315.4,2315.6,1,22,2
9:37:00,2315.6,2315.4,2315.6,3,21,1
9:37:00,2315.4,2315.2,2315.4,26,3,12
9:37:01,2315.4,2315.2,2315.6,2,3,18
9:37:02,2315.6,2315.4,2315.6,4,2,19
9:37:02,2315.4,2315,2315.2,2,29,2
9:37:03,2315.6,2315.4,2315.6,7,2,13
9:37:03,2315.4,2315.2,2315.4,3,2,3
9:37:04,2315.4,2315.4,2315.6,3,3,29
9:37:04,2315.4,2315.2,2315.6,14,2,23
9:37:05,2315.6,2315.4,2315.6,7,9,8
9:37:06,2315.6,2315.4,2315.6,7,11,1
9:37:07,2315.6,2315.6,2315.8,1,2,12
9:37:08,2316,2315.6,2315.8,32,8,1
9:37:08,2316,2315.8,2316,5,24,13
9:37:09,2316,2315.8,2316,3,23,10
9:37:09,2315.8,2315.8,2316,13,12,1
9:37:10,2316.4,2316.2,2316.6,5,6,18
9:37:10,2316.6,2316,2316.4,1,18,3
9:37:11,2316.2,2316.2,2316.6,12,3,16
9:37:11,2316.6,2316.2,2316.6,1,7,10
9:37:12,2316.8,2316.4,2316.8,11,21,3
9:37:12,2316.8,2316.6,2316.8,2,5,1
9:37:13,2317,2316.8,2317,7,7,5
9:37:13,2317,2316.8,2317,3,23,5
9:37:14,2317,2317,2317.2,5,2,1
9:37:14,2317,2316.8,2317.4,5,25,2
9:37:15,2317.2,2317.2,2317.4,1,1,8
9:37:15,2316.8,2316.8,2317,3,9,3
9:37:16,2317.2,2317,2317.4,7,1,11
9:37:16,2317.2,2317,2317.2,3,9,8
9:37:17,2317.4,2317,2317.4,17,14,17
9:37:17,2317.2,2317.2,2317.4,4,1,15
9:37:18,2317.2,2317,2317.2,8,11,2
9:37:18,2317,2317.2,2317.4,6,1,1
9:37:19,2317.4,2317.2,2317.4,2,1,11
9:37:19,2317.2,2317,2317.4,7,10,9
9:37:20,2317.4,2317,2317.4,1,8,12
9:37:20,2317.4,2317,2317.4,3,9,9
9:37:21,2317,2317,2317.4,3,12,9
9:37:21,2317.4,2317,2317.4,7,6,8
9:37:22,2317.4,2317.4,2317.6,9,1,8
9:37:22,2317.4,2316.8,2317.6,6,20,8
9:37:23,2317.6,2317.6,2317.8,12,4,34
9:37:23,2317.8,2317.6,2317.8,7,5,27
9:37:24,2317.8,2317.6,2317.8,1,6,26
9:37:24,2318,2317.8,2318,42,48,20
9:37:25,2317.8,2317.8,2318,11,16,19
9:37:25,2317.8,2317.8,2318,7,3,18
9:37:26,2318,2317.8,2318,5,1,21
9:37:26,2318,2317.6,2318,7,6,20
9:37:27,2318,2317.6,2318,3,8,18
9:37:27,2318,2317.6,2318,14,7,3
9:37:28,2317.8,2317.6,2318,3,3,9
9:37:28,2318,2317.6,2318,10,2,5
9:37:29,2317.8,2318,2318.2,7,4,6
9:37:29,2318.2,2318,2318.2,4,5,4
9:37:30,2318,2318,2318.4,15,1,19
9:37:30,2318,2317.8,2318,8,6,18
9:37:31,2317.8,2317.6,2318.2,22,4,7
9:37:31,2318.2,2317.6,2318,2,23,2
9:37:32,2318.2,2317.8,2318,1,1,1
9:37:32,2318,2317.4,2318.2,18,8,7
9:37:33,2317.8,2317.6,2317.8,6,1,96
9:37:33,2317.6,2317.4,2317.6,5,16,18
9:37:34,2317.6,2317.4,2317.6,2,2,1
9:37:34,2317.2,2317.2,2317.8,6,14,101
9:37:35,2317.6,2317.2,2317.8,1,22,101
9:37:35,2317.4,2317.4,2317.8,16,1,93
9:37:36,2317.6,2317,2317.4,12,3,2
9:37:36,2317.4,2317.4,2317.8,22,3,93
9:37:37,2317.4,2317.2,2317.6,1,9,7
9:37:37,2317.6,2317.2,2317.8,8,4,102
9:37:38,2317,2316.8,2317.2,2,17,5
9:37:38,2316.8,2317,2317.2,1,5,5
9:37:39,2317,2317,2317.2,1,3,5
9:37:39,2317.2,2317,2317.2,6,4,5
9:37:40,2317,2316.8,2317,5,7,4
9:37:41,2316.8,2316.8,2317,2,5,7
9:37:41,2317.2,2317,2317.2,14,7,5
9:37:42,2317,2317,2317.4,4,13,4
9:37:42,2317,2317.2,2317.4,2,3,4
9:37:43,2317,2317,2317.2,6,12,1
9:37:43,2317.2,2317.2,2317.6,6,25,13
9:37:44,2317.2,2317.2,2317.6,2,17,3
9:37:44,2317.6,2317.6,2317.8,3,1,100
9:37:46,2317.8,2317.6,2317.8,3,7,97
9:37:46,2317.6,2317.6,2317.8,8,2,94
9:37:47,2317.6,2317.4,2317.6,3,4,3
9:37:47,2317.8,2317.4,2317.8,6,6,90
9:37:48,2317.8,2317.4,2317.8,5,4,89
9:37:48,2317.4,2317.4,2317.8,1,4,89
9:37:49,2317.4,2317.4,2317.8,2,4,90
9:37:50,2317.8,2317.6,2317.8,2,1,89
9:37:50,2317.6,2317.4,2317.6,1,4,15
9:37:51,2317.6,2317.4,2317.6,4,4,12
9:37:51,2317.6,2317.4,2317.6,6,4,8
9:37:52,2317.6,2317.4,2317.6,8,2,1
9:37:52,2317.4,2317.2,2317.4,2,13,3
9:37:53,2317.4,2317.2,2317.4,1,19,3
9:37:53,2317.4,2317.4,2317.6,3,5,9
9:37:54,2317.2,2317.2,2317.4,6,11,1
9:37:54,2317.4,2317.4,2317.6,2,2,9
9:37:55,2317.4,2317.2,2317.4,13,4,15
9:37:55,2317.4,2317.2,2317.4,2,4,6
9:37:56,2317.4,2317.2,2317.4,2,4,4
9:37:57,2317.2,2317.2,2317.4,1,3,4
9:37:57,2317,2317,2317.2,5,4,9
9:37:58,2317.2,2317,2317.2,1,4,5
9:37:58,2316.8,2316.8,2317,8,3,44
9:37:59,2316.8,2316.8,2317,2,1,22
9:37:59,2316.8,2316.6,2316.8,5,2,6
9:38:00,2317.2,2317,2317.2,16,10,7
9:38:00,2317,2316.8,2317,10,3,4
9:38:02,2317,2316.8,2317.2,9,9,2
9:38:02,2316.8,2317,2317.2,1,7,2
9:38:03,2317,2316.6,2317.2,7,3,8
9:38:04,2316.6,2316.4,2316.6,5,12,15
9:38:05,2316.6,2316.4,2316.6,8,10,7
9:38:05,2316.4,2316.4,2316.6,5,7,5
9:38:06,2316.6,2316.6,2317,6,3,41
9:38:06,2316.6,2316.2,2316.6,3,4,8
9:38:07,2316.6,2316.2,2316.6,2,3,2
9:38:08,2316,2316,2316.6,12,7,2
9:38:08,2316.6,2316.6,2316.8,8,2,6
9:38:09,2316.8,2316.6,2316.8,2,1,5
9:38:09,2317,2316.8,2317,13,6,29
9:38:10,2316.8,2316.8,2317,2,1,29
9:38:10,2316.8,2316.8,2317,6,3,24
9:38:11,2317,2316.8,2317,9,3,15
9:38:11,2317,2316.8,2317,3,3,12
9:38:12,2317,2316.8,2317,5,2,9
9:38:12,2317,2317,2317.2,10,26,6
9:38:13,2317.2,2317.2,2317.4,6,3,12
9:38:13,2317.4,2317.2,2317.6,9,20,7
9:38:14,2317.6,2317.6,2317.8,33,14,86
9:38:14,2317.8,2317.6,2317.8,35,22,59
9:38:15,2317.8,2317.8,2318,74,4,104
9:38:15,2318,2317.8,2318,33,4,93
9:38:16,2318,2317.8,2318,20,5,71
9:38:16,2318,2317.8,2318,40,1,38
9:38:17,2318,2317.6,2318,16,15,35
9:38:17,2317.8,2317.6,2317.8,10,9,8
9:38:18,2318,2317.6,2317.8,7,6,50
9:38:18,2318,2317.6,2317.8,4,6,46
9:38:19,2317.6,2317.4,2317.6,16,2,1
9:38:19,2317.6,2317.4,2317.6,1,2,3
9:38:20,2317.6,2317.6,2317.8,10,7,29
9:38:20,2317.6,2317.6,2317.8,1,17,29
9:38:21,2317.6,2317.4,2317.8,19,2,29
9:38:21,2317.8,2317.4,2317.8,5,2,25
9:38:22,2317.8,2317.2,2317.8,3,14,28
9:38:23,2317.4,2317.2,2317.4,7,4,7
9:38:23,2317.6,2317.2,2317.6,10,4,20
9:38:24,2317.6,2317.2,2317.6,1,4,19
9:38:25,2317.6,2317,2317.6,8,22,16
9:38:26,2317.6,2317.4,2317.8,2,12,8
9:38:26,2317.6,2317.6,2317.8,7,7,3
9:38:27,2318,2317.8,2318,5,12,31
9:38:27,2318,2317.8,2318,7,18,25
9:38:28,2318,2317.8,2318,16,18,16
9:38:28,2318,2317.8,2318,8,16,9
9:38:29,2318.2,2317.8,2318.2,9,12,56
9:38:29,2318.2,2317.8,2318,17,3,1
9:38:30,2317.6,2317.4,2317.8,5,6,2
9:38:30,2317.8,2317.6,2317.8,6,2,1
9:38:31,2318,2317.8,2318,7,3,25
9:38:31,2317.8,2317.4,2317.8,15,6,1
9:38:33,2318,2317.8,2318,8,3,1
9:38:33,2318,2318,2318.2,10,6,51
9:38:34,2318,2318,2318.2,5,2,47
9:38:34,2318,2318,2318.2,2,1,48
9:38:35,2318.2,2317.8,2318.2,29,10,24
9:38:35,2318.2,2318,2318.2,12,4,13
9:38:36,2318,2317.8,2318,2,5,4
9:38:36,2318,2317.8,2318,21,7,2
9:38:37,2317.8,2318,2318.4,20,3,21
9:38:37,2318.4,2318,2318.2,4,6,6
9:38:38,2318.2,2318,2318.2,6,3,9
9:38:38,2318.2,2318.2,2318.4,8,4,21
9:38:39,2317.8,2317.6,2318.4,10,14,15
9:38:39,2318,2317.6,2318,5,8,5
9:38:40,2318,2317.6,2318,1,8,4
9:38:40,2318,2318,2318.2,6,8,2
9:38:41,2318.2,2318,2318.2,3,6,1
9:38:41,2318.4,2318.2,2318.4,2,3,16
9:38:42,2318.6,2318.2,2318.6,19,3,31
9:38:42,2318.4,2318.2,2318.4,6,1,13
9:38:43,2318.4,2318.4,2318.6,2,15,31
9:38:43,2318.6,2318,2318.6,30,8,33
9:38:44,2318.4,2318,2318.4,1,16,2
9:38:44,2318.2,2318.2,2318.6,6,12,27
9:38:45,2318.6,2318.4,2318.6,5,1,23
9:38:45,2318.6,2318.4,2318.6,4,5,20
9:38:46,2318.6,2318.4,2318.6,6,6,16
9:38:46,2318.6,2318.6,2318.8,18,15,58
9:38:47,2318.6,2318.6,2318.8,12,4,58
9:38:47,2318.8,2318.6,2318.8,42,4,42
9:38:48,2318.8,2318.4,2318.8,10,13,38
9:38:48,2318.8,2318.4,2318.8,2,13,28
9:38:49,2318.8,2318.6,2318.8,16,1,14
9:38:49,2318.8,2318.4,2318.8,9,9,19
9:38:50,2318.8,2318.4,2318.6,8,3,1
9:38:50,2318.6,2318.6,2318.8,26,11,1
9:38:51,2319,2318.8,2319,2,1,61
9:38:51,2318.8,2318.2,2318.8,38,10,20
9:38:52,2318.8,2318.4,2318.8,3,11,8
9:38:52,2318.8,2318.2,2318.8,10,10,17
9:38:53,2318.6,2318.2,2318.8,16,12,14
9:38:53,2318.2,2318.2,2318.6,16,4,6
9:38:54,2318.2,2318.2,2318.4,2,3,24
9:38:54,2318.4,2318,2318.2,14,16,5
9:38:55,2318,2318,2318.4,17,4,22
9:38:55,2318,2318,2318.2,4,1,4
9:38:56,2318,2317.8,2318,6,10,18
9:38:56,2318,2317.8,2318,10,5,19
9:38:57,2318,2317.8,2318,3,5,15
9:38:57,2317.8,2317.6,2317.8,6,4,36
9:38:58,2317.6,2317.6,2317.8,5,1,10
9:38:58,2317.6,2317.4,2317.6,1,6,2
9:38:59,2317.6,2317.2,2317.4,7,16,1
9:38:59,2317.6,2317.2,2317.6,4,16,2
9:39:00,2317.2,2317.2,2317.4,2,15,1
9:39:00,2317.4,2317.2,2317.4,2,10,1
9:39:01,2317.2,2317.2,2317.6,12,6,2
9:39:01,2317,2317,2317.2,7,17,30
9:39:02,2317.2,2317,2317.2,1,23,15
9:39:02,2317,2317,2317.8,40,16,3
9:39:03,2317,2317.2,2317.6,9,16,19
9:39:03,2317.4,2317.4,2317.6,5,1,21
9:39:04,2317.4,2317.2,2317.4,9,16,6
9:39:04,2317.6,2317.2,2317.6,2,10,32
9:39:05,2317.6,2317.4,2317.6,23,7,23
9:39:05,2317.6,2317.2,2317.6,26,6,9
9:39:06,2317.6,2317.4,2317.6,4,1,8
9:39:07,2317.4,2317.2,2317.4,6,1,17
9:39:07,2317.6,2317.2,2317.4,2,8,1
9:39:08,2317.4,2317.4,2317.6,4,12,7
9:39:08,2317.2,2317.2,2317.6,4,7,6
9:39:09,2317.6,2317.2,2317.4,3,2,1
9:39:09,2317.2,2317.2,2317.4,1,3,2
9:39:10,2317.4,2317.4,2317.6,3,12,5
9:39:10,2317.4,2317.2,2317.4,12,10,11
9:39:11,2317.2,2317,2317.2,14,41,10
9:39:12,2317.2,2317,2317.2,2,36,10
9:39:12,2317,2317,2317.2,10,28,27
9:39:13,2317,2317,2317.2,19,14,22
9:39:13,2317.2,2316.8,2317,22,6,30
9:39:14,2316.4,2316.4,2316.8,12,1,73
9:39:14,2316.8,2316.8,2317,2,1,38
9:39:15,2316.8,2316.4,2316.6,1,2,29
9:39:15,2316.2,2316,2316.2,7,45,8
9:39:16,2316.2,2316,2316.2,5,46,13
9:39:16,2316.2,2316.2,2316.6,26,20,3
9:39:17,2316.6,2316.6,2316.8,4,2,9
9:39:17,2316.6,2316.6,2316.8,7,15,12
9:39:18,2316.2,2316.2,2316.6,24,4,27
9:39:18,2316,2316,2316.6,10,45,7
9:39:19,2316.6,2316,2316.6,4,48,2
9:39:19,2316.2,2316.2,2316.6,7,3,6
9:39:20,2316.2,2316.2,2316.6,17,5,6
9:39:20,2316.4,2316.2,2316.4,1,4,10
9:39:21,2316.2,2316.4,2316.6,9,1,4
9:39:21,2316,2316,2316.4,12,32,19
9:39:22,2316,2316.2,2316.4,12,3,2
9:39:22,2316.6,2316.4,2316.6,7,13,2
9:39:23,2316.4,2316.4,2316.8,2,6,9
9:39:23,2316.6,2316.4,2316.6,3,13,1
9:39:24,2316.6,2316.6,2316.8,3,2,3
9:39:24,2316.4,2316.4,2316.8,2,23,3
9:39:25,2316.8,2316.8,2317,3,14,2
9:39:26,2317.2,2317,2317.2,18,3,5
9:39:26,2316.8,2316.8,2317,8,5,5
9:39:27,2316.8,2316.8,2317.2,2,3,8
9:39:27,2317.2,2317,2317.4,2,10,2
9:39:28,2316.8,2316.6,2316.8,20,11,14
9:39:28,2316.8,2316.8,2317.2,15,25,6
9:39:29,2317.2,2316.8,2317.2,7,13,9
9:39:29,2317.2,2316.8,2317.2,3,13,6
9:39:30,2317.2,2316.8,2317.4,16,2,5
9:39:31,2317.2,2316.8,2317.2,6,2,6
9:39:31,2317.2,2316.8,2317.2,2,3,12
9:39:32,2317,2317,2317.4,4,8,2
9:39:33,2317.2,2316.8,2317.4,2,4,2
9:39:34,2316.6,2316.6,2317.2,6,11,6
9:39:34,2316.8,2316.8,2317.2,5,8,6
9:39:35,2316.8,2316.6,2316.8,2,10,6
9:39:35,2316.8,2316.8,2317,8,1,2
9:39:36,2316.6,2316.4,2316.6,11,27,11
9:39:36,2316.6,2316.4,2316.6,1,27,10
9:39:37,2316.6,2316.4,2316.6,5,22,8
9:39:37,2316.6,2316.4,2316.6,23,3,4
9:39:38,2316.4,2316.4,2316.6,3,2,2
9:39:38,2316.6,2316.4,2316.8,7,2,24
9:39:39,2316.8,2316.6,2316.8,1,1,44
9:39:39,2316.6,2316.4,2316.6,1,3,4
9:39:40,2316.6,2316.4,2316.6,1,9,3
9:39:40,2316.8,2316.6,2316.8,6,4,15
9:39:41,2316.4,2316.4,2316.6,7,7,11
9:39:42,2316.4,2316.2,2316.4,11,21,6
9:39:42,2316.4,2316.4,2316.6,4,1,3
9:39:43,2316.6,2316.4,2316.6,1,3,3
9:39:43,2316.4,2316.2,2316.4,7,22,27
9:39:44,2316.4,2316.2,2316.4,8,15,27
9:39:44,2316.2,2316.2,2316.4,9,6,28
9:39:45,2316,2316,2316.2,19,19,42
9:39:45,2316.2,2316,2316.2,14,13,17
9:39:46,2316,2316,2316.2,1,21,24
9:39:46,2315.8,2315.8,2316,33,1,22
9:39:47,2315.8,2315.6,2315.8,5,10,3
9:39:47,2315.6,2315.6,2315.8,22,15,1
9:39:48,2315.6,2315.8,2316,3,3,6
9:39:48,2316,2315.6,2316,25,12,5
9:39:49,2316,2315.8,2316.2,9,27,19
9:39:49,2316.2,2316,2316.2,6,15,16
9:39:50,2316.4,2316.2,2316.4,19,40,12
9:39:50,2316.2,2316.2,2316.6,13,17,2
9:39:51,2316.4,2316.4,2316.6,2,18,1
9:39:51,2316.6,2316.4,2316.8,1,18,10
9:39:52,2316.4,2316.6,2316.8,4,5,13
9:39:52,2316.6,2316.4,2316.6,5,18,18
9:39:53,2316.4,2316.4,2316.6,3,17,1
9:39:53,2316.8,2316.4,2316.6,13,6,2
9:39:54,2316.6,2316.4,2316.8,7,7,17
9:39:54,2316.8,2316.6,2316.8,8,1,7
9:39:55,2316.6,2316.4,2316.8,1,11,13
9:39:55,2316.4,2316.4,2316.8,2,12,13
9:39:56,2316.6,2316.4,2316.6,2,6,24
9:39:57,2316.4,2316.4,2316.6,8,11,17
9:39:57,2316.4,2316.4,2316.6,2,9,17
9:39:58,2316.6,2316.6,2316.8,17,5,5
9:39:58,2316.8,2316.6,2316.8,4,15,1
9:39:59,2316.8,2316.8,2317,3,24,8
9:39:59,2317,2316.8,2317,7,26,2
9:40:00,2317,2317,2317.2,2,1,7
9:40:00,2316.8,2316.8,2317.2,16,11,12
9:40:01,2316.6,2316.4,2316.6,25,10,77
9:40:01,2316.6,2316.4,2316.6,65,16,46
9:40:02,2316.4,2316.2,2316.4,12,1,4
9:40:02,2316.6,2316.4,2316.6,6,24,33
9:40:03,2316.6,2316.4,2316.6,3,24,30
9:40:03,2316.6,2316.4,2316.6,2,1,29
9:40:04,2316.6,2316.4,2316.6,2,27,27
9:40:04,2316.6,2316.4,2316.6,25,39,2
9:40:05,2316.8,2316.8,2317,3,5,8
9:40:05,2316.8,2316.8,2317,1,17,8
9:40:06,2317,2316.8,2317,3,16,7
9:40:06,2316.8,2316.6,2316.8,22,12,1
9:40:07,2316.8,2316.6,2316.8,3,12,4
9:40:08,2316.8,2316.6,2317,3,15,7
9:40:08,2317,2316.6,2317,2,15,14
9:40:09,2316.6,2316.6,2317,2,13,18
9:40:10,2317,2317,2317.2,5,12,21
9:40:10,2317,2316.6,2316.8,12,12,24
9:40:11,2316.6,2316.6,2316.8,7,10,16
9:40:12,2316.8,2316.6,2316.8,5,10,12
9:40:13,2316.8,2316.6,2316.8,3,10,9
9:40:13,2316.8,2316.6,2316.8,3,43,6
9:40:14,2316.6,2316.6,2316.8,2,42,5
9:40:14,2316.8,2316.8,2317,7,7,2
9:40:15,2317,2317,2317.2,7,17,26
9:40:15,2317.2,2317,2317.2,12,3,10
9:40:16,2317,2317,2317.2,2,1,10
