9:14:00,2123.8,2123.4,2123.8,294,1,42
9:15:00,2123,2123,2123.2,151,3,2
9:15:01,2121.8,2121.8,2123,396,1,9
9:15:01,2121.6,2121,2122.6,124,2,20
9:15:02,2122,2122,2122.8,129,8,31
9:15:02,2122.4,2122.4,2122.6,103,3,6
9:15:03,2122.8,2122.8,2123,47,23,12
9:15:03,2123.2,2123,2123.4,97,40,112
9:15:04,2123.2,2123.2,2123.4,120,19,9
9:15:04,2123.6,2123.4,2123.6,58,12,15
9:15:05,2123.6,2123.6,2123.8,25,19,97
9:15:05,2123.8,2123.6,2123.8,83,28,61
9:15:06,2123.8,2123.8,2124,106,3,47
9:15:06,2124,2123.8,2124,22,18,40
9:15:07,2124,2123.8,2124,51,41,25
9:15:07,2123.8,2123.6,2124,95,8,13
9:15:08,2123.8,2123.6,2123.8,50,8,2
9:15:08,2123.6,2123.4,2124.4,72,53,5
9:15:09,2123.6,2123.6,2124.2,21,20,4
9:15:09,2123.8,2123.8,2124.6,39,9,10
9:15:10,2124.2,2124.2,2124.4,16,5,14
9:15:10,2123.8,2123.8,2124.4,24,16,13
9:15:11,2124,2123.8,2124,28,18,7
9:15:11,2123.6,2123.6,2123.8,34,15,9
9:15:12,2123.6,2123.6,2123.8,23,7,49
9:15:12,2123.6,2123.4,2123.6,20,42,8
9:15:13,2123.2,2123.2,2123.4,77,4,19
9:15:13,2123.2,2123,2123.2,21,20,2
9:15:14,2122.8,2123,2123.2,49,10,2
9:15:14,2123,2123,2123.6,20,14,11
9:15:15,2123,2122.8,2123.6,33,15,8
9:15:15,2123.4,2123,2123.4,29,26,10
9:15:16,2123,2123,2123.4,20,45,3
9:15:16,2123.2,2123.2,2123.6,29,14,13
9:15:17,2123.2,2123.4,2123.6,10,1,12
9:15:17,2123.6,2123.4,2123.6,3,9,10
9:15:18,2123.4,2123.4,2123.6,22,11,11
9:15:18,2123.2,2123.2,2123.4,22,30,15
9:15:19,2123.4,2123.2,2123.4,13,28,57
9:15:19,2123.2,2123.2,2123.4,44,2,34
9:15:20,2123,2123,2123.2,30,42,23
9:15:20,2123.2,2123,2123.2,42,48,10
9:15:21,2123.2,2123,2123.2,32,29,5
9:15:21,2123.2,2123.2,2123.4,26,4,46
9:15:22,2123.2,2123.2,2123.4,29,3,47
9:15:22,2123.2,2123,2123.2,10,28,4
9:15:23,2123.2,2123,2123.2,6,32,3
9:15:23,2123.6,2123,2123.6,93,6,4
9:15:24,2123.2,2123.2,2123.6,13,11,10
9:15:24,2123.4,2123.4,2123.6,16,7,2
9:15:25,2123.4,2123.4,2123.6,35,5,1
9:15:25,2123.6,2123.4,2123.8,1,6,46
9:15:26,2123.6,2123.6,2123.8,38,10,45
9:15:26,2123.8,2123.6,2123.8,14,10,33
9:15:27,2123.6,2123.6,2123.8,8,5,36
9:15:27,2123.8,2123.8,2124,46,8,18
9:15:28,2123.8,2123.8,2124,7,9,19
9:15:28,2124,2123.8,2124,2,18,19
9:15:29,2124,2124,2124.2,21,14,25
9:15:29,2124.2,2124,2124.2,33,13,9
9:15:30,2124.2,2124.2,2124.4,12,17,3
9:15:30,2124.4,2124.2,2124.6,12,15,19
9:15:31,2124.4,2124.4,2124.6,5,1,19
9:15:31,2124.6,2124.2,2124.6,13,20,15
9:15:32,2124.2,2124,2124.2,65,23,28
9:15:32,2124.2,2124,2124.2,12,19,17
9:15:33,2124.6,2124.6,2124.8,32,29,7
9:15:33,2124.6,2124.6,2125,22,19,68
9:15:34,2124.6,2124.8,2125,15,1,69
9:15:34,2125,2124.6,2124.8,38,11,1
9:15:35,2124.6,2124.4,2124.6,19,4,17
9:15:35,2124.6,2124.4,2124.6,24,5,9
9:15:36,2124.6,2124.4,2124.6,18,2,3
9:15:36,2124.4,2124.4,2124.6,36,1,9
9:15:37,2124.4,2124.4,2124.6,21,15,2
9:15:37,2124.6,2124.6,2125,57,7,24
9:15:38,2124.6,2124.4,2124.6,11,15,5
9:15:38,2125,2124.6,2125,29,10,16
9:15:39,2125,2124.6,2124.8,65,4,30
9:15:39,2124.8,2124.6,2124.8,4,9,38
9:15:40,2124.8,2124.6,2124.8,28,33,35
9:15:40,2124.6,2124.6,2124.8,26,20,24
9:15:41,2124.4,2124.2,2124.4,35,2,12
9:15:41,2124.8,2124.4,2124.8,26,9,22
9:15:42,2124,2124,2124.4,25,39,4
9:15:42,2124.2,2124,2124.2,53,41,3
9:15:43,2124.4,2124,2124.4,26,32,8
9:15:43,2124.2,2124.2,2124.4,6,1,17
9:15:44,2124.4,2124,2124.4,6,36,21
9:15:44,2124.8,2124.6,2124.8,27,1,1
9:15:45,2124.6,2124.8,2125,36,5,5
9:15:45,2124.8,2124.2,2124.8,8,10,1
9:15:46,2124.2,2124.2,2124.6,33,17,3
9:15:46,2124.8,2124.4,2124.6,26,19,2
9:15:47,2124.8,2124.8,2125,25,11,16
9:15:47,2124.8,2124.8,2125,22,2,13
9:15:48,2124.8,2124.8,2125,3,4,14
9:15:48,2125.2,2125.2,2125.4,63,5,38
9:15:49,2124.6,2124.6,2125,14,35,28
9:15:49,2125,2124.8,2125,25,5,18
9:15:50,2124.8,2124.6,2124.8,18,33,13
9:15:50,2124.6,2124.6,2124.8,17,30,1
9:15:51,2125,2124.8,2125,7,2,21
9:15:51,2124.8,2124.6,2124.8,27,32,1
9:15:52,2124.6,2124.6,2124.8,28,4,1
9:15:52,2124.6,2124.6,2124.8,8,5,32
9:15:53,2124.4,2124.4,2124.6,29,16,2
9:15:53,2124.8,2124.6,2124.8,21,11,18
9:15:54,2124.2,2124.2,2124.4,29,37,19
9:15:54,2124.2,2124.2,2124.4,7,37,18
9:15:55,2124.4,2124.2,2124.4,32,25,8
9:15:55,2124.4,2124.2,2124.4,2,28,5
9:15:56,2124.2,2124.2,2124.8,34,10,11
9:15:56,2124.8,2124.4,2124.6,7,11,2
9:15:57,2124.4,2124.2,2124.4,21,1,2
9:15:57,2124.2,2124.2,2124.4,23,1,1
9:15:58,2124.4,2124.4,2124.6,1,3,11
9:15:58,2124.6,2124.4,2124.6,3,2,10
9:15:59,2124.4,2124.4,2124.6,13,1,35
9:15:59,2124.6,2124.4,2124.6,7,27,32
9:16:00,2124.6,2124.4,2124.6,8,24,30
9:16:00,2124.4,2124.4,2124.6,10,23,31
9:16:01,2124.6,2124.2,2124.4,50,4,1
9:16:01,2124.4,2124,2124.4,30,69,17
9:16:02,2124,2124,2124.2,23,68,1
9:16:02,2124.4,2124.2,2124.4,8,12,15
9:16:03,2124,2124,2124.2,17,82,12
9:16:03,2124.4,2124,2124.4,16,82,14
9:16:04,2124,2124.2,2124.4,9,1,17
9:16:04,2124.4,2124.2,2124.4,3,5,15
9:16:05,2124.2,2124,2124.2,9,75,11
9:16:05,2124,2124,2124.2,6,74,8
9:16:06,2124.4,2124.2,2124.4,15,13,11
9:16:06,2124.4,2124.2,2124.4,11,18,4
9:16:07,2124.4,2124.4,2124.6,12,13,35
9:16:07,2124.2,2124.2,2124.6,19,10,35
9:16:08,2124.2,2124.4,2124.6,5,5,33
9:16:08,2124.4,2124.4,2124.6,6,3,32
9:16:09,2124.4,2124.2,2124.4,7,16,5
9:16:09,2124.4,2124.2,2124.4,8,13,2
9:16:10,2124.6,2124.2,2124.6,14,21,23
9:16:10,2124.2,2124.2,2124.4,7,15,13
9:16:11,2124.4,2124.4,2124.6,16,7,23
9:16:11,2124.6,2124.4,2124.6,3,8,21
9:16:12,2124.4,2124.4,2124.6,4,20,22
9:16:13,2124.6,2124.4,2124.6,11,26,21
9:16:13,2124.6,2124.4,2124.6,18,21,9
9:16:14,2124.6,2124.6,2124.8,12,12,31
9:16:14,2124.6,2124.6,2124.8,21,14,17
9:16:15,2124.6,2124.4,2124.6,24,26,15
9:16:15,2124.6,2124.4,2124.6,5,29,10
9:16:16,2124.6,2124.4,2124.6,11,22,13
9:16:16,2124.4,2124.4,2124.6,11,21,17
9:16:17,2124.4,2124.4,2124.6,6,15,18
9:16:17,2124.4,2124.4,2124.6,7,5,19
9:16:18,2124.4,2124.2,2124.4,6,26,32
9:16:18,2124.4,2124.2,2124.4,2,27,37
9:16:19,2124.4,2124.2,2124.4,10,24,28
9:16:19,2124.2,2124.2,2124.4,5,23,27
9:16:20,2124.2,2124.2,2124.4,2,21,26
9:16:20,2124.2,2124,2124.2,27,113,1
9:16:21,2124,2124,2124.4,8,112,23
9:16:21,2124,2124,2124.2,1,110,2
9:16:22,2124,2124,2124.2,5,107,14
9:16:22,2124.2,2124,2124.2,12,97,43
9:16:23,2124,2124,2124.2,34,78,35
9:16:23,2124,2124,2124.2,84,7,36
9:16:24,2124,2123.8,2124,12,63,18
9:16:24,2124,2123.8,2124,5,59,22
9:16:25,2124,2123.8,2124,31,45,10
9:16:25,2124,2123.8,2124,4,44,14
9:16:26,2123.8,2123.8,2124,43,14,27
9:16:26,2124,2123.8,2124,8,10,23
9:16:27,2124,2123.8,2124,2,12,22
9:16:27,2123.8,2123.8,2124,17,2,18
9:16:28,2124,2123.8,2124,1,16,18
9:16:28,2123.8,2123.8,2124,2,17,23
9:16:29,2123.8,2123.8,2124,4,17,20
9:16:29,2123.8,2123.8,2124,6,14,20
9:16:30,2123.8,2123.8,2124,14,21,12
9:16:30,2124,2123.8,2124,4,20,11
9:16:31,2123.8,2123.8,2124,5,15,13
9:16:31,2123.8,2123.8,2124,8,16,8
9:16:32,2124,2123.8,2124,8,14,5
9:16:32,2123.8,2123.8,2124,6,16,2
9:16:33,2123.8,2123.8,2124,5,22,2
9:16:33,2123.8,2123.8,2124,7,17,2
9:16:34,2124,2124,2124.2,17,8,32
9:16:34,2124,2124,2124.2,18,21,30
9:16:35,2124,2123.8,2124,21,12,16
9:16:35,2124,2123.8,2124,5,13,13
9:16:36,2124,2123.8,2124,1,21,13
9:16:36,2123.8,2123.8,2124,17,5,13
9:16:37,2124,2123.8,2124,4,4,14
9:16:37,2123.8,2123.8,2124,3,1,14
9:16:38,2123.8,2123.8,2124,1,1,16
9:16:38,2124,2123.8,2124,21,3,1
9:16:39,2124,2123.8,2124.2,1,4,34
9:16:39,2123.8,2124,2124.2,1,1,34
9:16:40,2124,2124,2124.2,4,5,35
9:16:40,2124,2123.8,2124,5,19,16
9:16:41,2123.8,2123.8,2124,2,19,15
9:16:41,2123.6,2123.6,2123.8,62,34,57
9:16:42,2123.8,2123.6,2123.8,10,28,54
9:16:42,2123.8,2123.6,2123.8,13,17,52
9:16:43,2123.4,2123.6,2123.8,23,2,53
9:16:43,2123.6,2123.4,2123.6,6,13,1
9:16:44,2123.4,2123.2,2123.4,33,51,45
9:16:44,2123.2,2123.2,2123.4,5,47,44
9:16:45,2123.2,2123.2,2123.4,17,44,42
9:16:45,2123.2,2123.2,2123.4,32,36,37
9:16:46,2123.4,2123,2123.4,77,66,21
9:16:46,2122.6,2123,2123.4,106,2,21
9:16:47,2123,2122,2123.2,109,17,23
9:16:47,2122.2,2122,2122.8,29,14,28
9:16:48,2122.6,2122.2,2122.6,50,17,32
9:16:48,2122.4,2122.2,2122.4,9,19,8
9:16:49,2122.2,2122.4,2122.6,18,2,2
9:16:49,2122.2,2122.2,2123,14,20,34
9:16:50,2122.2,2122.2,2122.4,35,44,6
9:16:50,2122.4,2122.2,2122.8,14,40,4
9:16:51,2122.8,2122.6,2122.8,11,1,4
9:16:51,2122.4,2122.4,2122.8,16,10,1
9:16:52,2122.4,2122.4,2123,20,22,29
9:16:52,2122.4,2122.4,2122.8,10,15,23
9:16:53,2122.4,2122.4,2122.6,3,25,2
9:16:53,2122.6,2122.4,2122.6,11,24,7
9:16:54,2122.6,2122.4,2122.8,15,22,17
9:16:54,2122.6,2122.4,2122.6,12,19,7
9:16:55,2123,2122.8,2123,22,26,31
9:16:55,2122.8,2122.6,2122.8,35,4,39
9:16:56,2122.4,2122.6,2122.8,33,2,40
9:16:56,2122.8,2122.4,2122.8,25,2,42
9:16:57,2122.2,2122.6,2122.8,6,1,41
9:16:57,2122.4,2122.2,2122.6,6,67,8
9:16:58,2122.4,2122.4,2122.6,8,1,8
9:16:58,2122.2,2122.2,2122.4,12,68,1
9:16:59,2122.4,2122.4,2122.8,11,2,39
9:16:59,2122.8,2122.6,2122.8,37,3,19
9:17:00,2122.6,2122.4,2122.6,6,7,5
9:17:00,2122.4,2122.4,2122.6,13,2,4
9:17:01,2122.4,2122.6,2122.8,17,4,15
9:17:01,2122.2,2122.2,2122.4,33,76,24
9:17:02,2122.4,2122.2,2122.4,20,69,21
9:17:02,2122.2,2122.2,2122.4,7,68,19
9:17:03,2122.4,2122.2,2122.4,13,65,16
9:17:03,2122.2,2122.2,2122.4,9,59,15
9:17:04,2122.2,2122.2,2122.4,33,31,12
9:17:04,2122.4,2122.2,2122.4,48,16,1
9:17:05,2122.2,2122,2122.2,27,38,15
9:17:05,2122,2122,2122.2,43,10,7
9:17:06,2122.2,2121.6,2122,65,8,15
9:17:06,2121.6,2121.6,2121.8,32,5,16
9:17:07,2121.8,2121.6,2121.8,40,18,7
9:17:07,2121.6,2121.8,2122,27,18,8
9:17:08,2121.8,2121.8,2122,44,1,3
9:17:08,2121.8,2122,2122.2,14,3,56
9:17:09,2122.2,2122,2122.2,7,3,54
9:17:09,2122,2121.8,2122,13,23,1
9:17:10,2122,2121.8,2122.2,10,19,48
9:17:10,2122.2,2121.8,2122.2,19,10,45
9:17:11,2122,2121.8,2122,36,12,25
9:17:11,2121.8,2121.8,2122,7,19,22
9:17:12,2122,2121.8,2122,10,17,15
9:17:12,2122,2121.8,2122,5,16,12
9:17:13,2122,2121.8,2122,8,13,9
9:17:13,2121.8,2121.8,2122,24,2,2
9:17:14,2122,2121.8,2122,10,8,10
9:17:14,2121.8,2121.8,2122.2,23,3,39
9:17:15,2121.8,2121.6,2121.8,6,5,7
9:17:15,2121.6,2121.6,2121.8,6,5,8
9:17:16,2121.8,2121.6,2121.8,18,9,6
9:17:16,2121.6,2122,2122.2,24,1,38
9:17:17,2121.6,2121.8,2122,21,2,2
9:17:17,2121.6,2121.6,2121.8,4,5,3
9:17:18,2121.6,2121.6,2121.8,12,6,6
9:17:18,2121.8,2121.6,2121.8,24,2,2
9:17:19,2121.4,2121.6,2121.8,9,9,4
9:17:19,2121.6,2121.6,2121.8,13,3,1
9:17:20,2121.6,2121.4,2121.8,4,6,2
9:17:20,2121.8,2121.4,2121.8,10,3,17
9:17:21,2121.6,2121.2,2121.6,16,46,19
9:17:21,2121.4,2121.4,2121.6,6,4,25
9:17:22,2121.6,2121.4,2121.6,14,1,16
9:17:22,2121.4,2121.2,2121.6,9,41,10
9:17:23,2121.6,2121.4,2121.6,20,6,1
9:17:23,2121.4,2121.6,2121.8,8,10,2
9:17:24,2121.8,2121.6,2121.8,13,31,2
9:17:24,2121.6,2121.6,2121.8,17,29,33
9:17:25,2121.6,2121.6,2121.8,18,21,28
9:17:25,2122,2121.8,2122,37,65,26
9:17:26,2121.8,2121.8,2122,20,57,14
9:17:26,2122,2122,2122.2,39,71,60
9:17:27,2122,2122,2122.2,19,101,53
9:17:27,2122.4,2122.2,2122.4,55,51,6
9:17:28,2122.6,2122.4,2122.6,8,31,16
9:17:28,2122.4,2122.4,2122.8,23,31,16
9:17:29,2122.8,2122.8,2123,29,23,18
9:17:29,2122.8,2122.8,2123,16,13,14
9:17:30,2123,2122.8,2123,4,17,10
9:17:30,2122.8,2122.8,2123,4,14,35
9:17:31,2122.8,2122.8,2123,8,9,42
9:17:31,2122.8,2122.6,2122.8,13,3,6
9:17:32,2122.8,2122.4,2122.8,23,21,6
9:17:32,2122.6,2122.4,2122.6,12,15,7
9:17:33,2122.6,2122.2,2122.6,10,24,13
9:17:33,2122.2,2122.2,2122.6,15,18,12
9:17:34,2122.2,2122.2,2122.4,7,17,6
9:17:34,2122.4,2122.4,2122.6,11,26,13
9:17:35,2122.6,2122.4,2122.6,4,27,11
9:17:35,2122.4,2122.4,2122.6,4,25,11
9:17:36,2122.4,2122.4,2122.6,17,8,14
9:17:36,2122.4,2122.4,2122.6,5,6,13
9:17:37,2122.6,2122.6,2122.8,14,19,25
9:17:37,2122.6,2122.6,2122.8,3,16,26
9:17:38,2122.6,2122.6,2122.8,11,6,25
9:17:38,2122.6,2122.6,2122.8,5,2,35
9:17:39,2122.4,2122.4,2122.8,5,20,36
9:17:39,2122.6,2122.4,2122.8,36,21,1
9:17:40,2122.6,2122.4,2122.6,7,23,8
9:17:40,2122.6,2122.4,2122.8,5,19,1
9:17:41,2122.6,2122.6,2122.8,8,2,3
9:17:42,2122.6,2122.6,2122.8,4,1,6
9:17:42,2122.8,2122.6,2122.8,6,4,15
9:17:43,2122.8,2122.6,2122.8,4,4,20
9:17:43,2122.8,2122.6,2122.8,12,2,12
9:17:44,2122.8,2122.6,2122.8,7,3,13
9:17:44,2122.8,2122.6,2122.8,1,20,12
9:17:45,2122.6,2122.6,2122.8,15,6,12
9:17:45,2122.6,2122.4,2122.8,25,14,5
9:17:46,2122.8,2122.4,2122.8,2,14,8
9:17:46,2122.8,2122.8,2123,13,10,54
9:17:47,2122.8,2122.8,2123,15,1,55
9:17:47,2122.8,2122.8,2123,49,2,9
9:17:48,2122.8,2122.8,2123,4,2,8
9:17:48,2123,2122.8,2123,4,6,6
9:17:49,2123,2122.8,2123,2,22,5
9:17:49,2122.8,2122.8,2123,8,30,2
9:17:50,2123,2123,2123.2,5,1,21
9:17:51,2123,2123,2123.2,2,2,24
9:17:51,2123,2122.8,2123,4,19,9
9:17:52,2123.2,2122.8,2123,15,18,2
9:17:52,2123,2123,2123.2,2,10,20
9:17:53,2123.2,2123.2,2123.4,22,29,42
9:17:53,2123.2,2123.2,2123.4,7,24,44
9:17:54,2123.4,2123.2,2123.4,7,20,40
9:17:54,2123.4,2123.2,2123.4,3,20,38
9:17:55,2123.4,2123.2,2123.4,7,19,33
9:17:55,2123.4,2123.2,2123.4,14,18,20
9:17:56,2123,2123,2123.4,55,3,15
9:17:56,2123.2,2123,2123.4,4,10,26
9:17:57,2123.4,2123.2,2123.4,7,9,35
9:17:58,2123,2122.8,2123,23,21,3
9:17:58,2123.4,2122.8,2123.4,9,16,27
9:17:59,2123.4,2123,2123.4,3,4,26
9:17:59,2123,2123,2123.2,13,7,6
9:18:00,2123,2123,2123.2,6,7,3
9:18:00,2123,2122.8,2123,8,25,1
9:18:01,2123.4,2123.2,2123.4,10,4,20
9:18:01,2123,2123,2123.2,13,12,1
9:18:02,2123,2123,2123.2,18,6,6
9:18:02,2123,2123,2123.2,8,3,3
9:18:03,2123,2122.8,2123,3,31,2
9:18:03,2123.2,2123,2123.2,3,3,21
9:18:04,2123,2123,2123.2,8,13,44
9:18:04,2123,2123,2123.2,2,11,46
9:18:05,2123,2123,2123.2,10,10,38
9:18:05,2123,2122.8,2123,13,31,33
9:18:06,2122.8,2122.8,2123,19,29,24
9:18:06,2123,2122.8,2123,20,19,21
9:18:07,2123,2122.8,2123,7,14,21
9:18:07,2123,2122.8,2123,4,12,19
9:18:08,2122.8,2122.8,2123,14,8,14
9:18:08,2122.8,2122.8,2123,1,7,14
9:18:09,2123,2122.8,2123,5,4,12
9:18:09,2123,2122.8,2123.2,12,4,43
9:18:10,2122.8,2122.8,2123.2,2,2,43
9:18:10,2122.8,2122.6,2123,5,18,2
9:18:11,2123,2123,2123.2,8,15,44
9:18:11,2123,2123,2123.2,4,19,44
9:18:12,2123.2,2123,2123.2,8,20,37
9:18:12,2123,2123,2123.2,5,19,36
9:18:13,2123,2122.8,2123,19,13,5
9:18:14,2122.6,2122.8,2123,16,1,7
9:18:14,2122.8,2122.8,2123,6,10,4
9:18:15,2123,2122.8,2123,1,10,16
9:18:16,2122.8,2122.8,2123,11,10,37
9:18:16,2122.6,2122.6,2122.8,16,18,12
9:18:17,2122.6,2122.6,2122.8,10,8,37
9:18:17,2122.6,2122.4,2122.6,10,21,2
9:18:18,2122.4,2122.4,2122.6,3,24,15
9:18:18,2122.4,2122.4,2122.6,3,22,24
9:18:19,2122.4,2122.4,2122.6,2,21,23
9:18:19,2122.6,2122.4,2122.6,6,18,20
9:18:20,2122.4,2122.4,2122.6,4,20,18
9:18:20,2122.6,2122.4,2122.6,2,20,16
9:18:21,2122.6,2122.4,2122.6,1,21,9
9:18:21,2122.6,2122.6,2122.8,17,19,6
9:18:22,2122.6,2122.6,2122.8,5,18,8
9:18:22,2122.6,2122.6,2122.8,6,24,5
9:18:23,2122.4,2122.2,2122.4,43,36,48
9:18:23,2122.4,2122.2,2122.4,4,36,44
9:18:24,2122.4,2122.2,2122.4,8,34,43
9:18:24,2122.2,2122.2,2122.4,4,31,41
9:18:25,2122.2,2122.2,2122.4,7,27,39
9:18:25,2122.2,2122.2,2122.4,3,25,38
9:18:26,2122.4,2122.2,2122.4,9,18,38
9:18:26,2122.2,2122.2,2122.4,2,17,38
9:18:27,2122.4,2122.2,2122.4,6,13,36
9:18:27,2122.4,2122.2,2122.4,5,11,33
9:18:28,2122.4,2122.2,2122.4,6,12,28
9:18:28,2122.4,2122.2,2122.4,2,11,27
9:18:29,2122.4,2122.2,2122.4,12,3,26
9:18:29,2122.2,2122.2,2122.4,1,3,27
9:18:30,2122.2,2122.2,2122.4,2,4,26
9:18:30,2122.2,2122.2,2122.4,2,2,26
9:18:31,2122.4,2122.2,2122.4,7,5,22
9:18:31,2122.2,2122,2122.2,13,43,18
9:18:32,2122.2,2122,2122.2,4,46,15
9:18:32,2122,2122,2122.2,1,42,16
9:18:33,2122,2122,2122.2,8,41,16
9:18:33,2122,2122,2122.2,9,37,13
9:18:34,2122.2,2122,2122.2,6,37,9
9:18:34,2122.2,2122,2122.2,3,38,7
9:18:35,2122.2,2122,2122.2,9,32,4
9:18:35,2122,2122,2122.2,1,31,4
9:18:36,2122,2122,2122.2,4,29,4
9:18:36,2122.4,2122,2122.4,23,30,12
9:18:37,2122,2122,2122.2,6,24,1
9:18:37,2122,2122,2122.4,5,20,13
9:18:38,2122,2122,2122.4,2,18,13
9:18:38,2122.4,2122.2,2122.4,1,1,13
9:18:39,2122.2,2122,2122.2,3,22,2
9:18:39,2122.4,2122.4,2122.6,48,4,10
9:18:40,2122.6,2122.4,2122.6,5,2,7
9:18:40,2122.6,2122.4,2122.6,3,2,5
9:18:41,2122.2,2122,2122.2,11,4,36
9:18:41,2122.2,2122,2122.2,12,7,31
9:18:42,2122,2122,2122.2,3,14,29
9:18:42,2122,2122,2122.2,4,15,27
9:18:43,2122.2,2122,2122.2,12,14,23
9:18:43,2122.2,2122.2,2122.4,24,12,10
9:18:44,2122.2,2122.2,2122.4,3,16,10
9:18:44,2122.4,2122.2,2122.4,3,27,12
9:18:45,2122.4,2122.2,2122.4,2,27,12
9:18:45,2122.4,2122.2,2122.4,6,31,8
9:18:46,2122.4,2122.2,2122.4,17,17,1
9:18:46,2122.4,2122.4,2122.6,5,10,10
9:18:47,2122.4,2122.4,2122.6,4,7,9
9:18:47,2122.6,2122.4,2122.6,7,1,13
9:18:48,2122.4,2122.4,2122.6,10,2,5
9:18:48,2122.8,2122.4,2122.8,7,2,34
9:18:49,2122.4,2122.4,2122.8,3,4,35
9:18:49,2122.6,2122.4,2122.6,2,17,1
9:18:50,2122.6,2122.4,2122.6,2,17,6
9:18:50,2122.6,2122.6,2122.8,6,9,42
9:18:51,2122.8,2122.6,2122.8,1,11,41
9:18:51,2122.6,2122.6,2122.8,4,7,41
9:18:52,2122.6,2122.4,2122.6,8,18,7
9:18:52,2122.6,2122.4,2122.6,2,17,7
9:18:53,2122.6,2122.4,2122.6,1,17,6
9:18:53,2122.6,2122.4,2122.6,1,19,6
9:18:54,2122.6,2122.4,2122.6,3,19,4
9:18:54,2122.4,2122.4,2122.8,7,19,43
9:18:55,2122.4,2122.4,2122.6,23,17,9
9:18:55,2122.4,2122.2,2122.4,17,30,1
9:18:56,2122.6,2122.2,2122.6,3,30,9
9:18:56,2122.6,2122.4,2122.6,1,1,10
9:18:57,2122.4,2122.2,2122.4,3,30,9
9:18:57,2122.4,2122.2,2122.4,2,31,7
9:18:58,2122.4,2122.2,2122.4,5,32,3
9:18:59,2122.2,2122.2,2122.4,3,29,2
9:19:00,2122.4,2122.2,2122.4,1,31,1
9:19:00,2122.4,2122.2,2122.6,10,23,22
9:19:01,2122.2,2122,2122.2,36,34,3
9:19:01,2122,2122,2122.2,20,18,1
9:19:02,2122.2,2122,2122.2,23,19,3
9:19:02,2122.8,2122.8,2123,41,9,57
9:19:03,2122.8,2122.6,2123,13,1,57
9:19:03,2123,2122.4,2122.8,6,4,2
9:19:04,2122,2122.4,2122.6,16,5,1
9:19:04,2122.8,2122.6,2122.8,4,7,19
9:19:05,2122.8,2122.6,2122.8,2,9,8
9:19:06,2122.8,2122.6,2122.8,2,10,7
9:19:06,2123,2122.6,2122.8,1,9,1
9:19:07,2122.6,2122.6,2122.8,1,13,2
9:19:08,2122.8,2122.6,2123,10,13,59
9:19:08,2122.8,2122.6,2123,1,13,59
9:19:09,2122.6,2122.6,2123,6,9,59
9:19:09,2123,2122.6,2123,1,9,58
9:19:10,2123,2122.8,2123,22,4,57
9:19:10,2122.8,2122.4,2122.8,4,4,2
9:19:11,2122.8,2122.6,2122.8,3,4,2
9:19:11,2122.8,2122.6,2122.8,1,5,11
9:19:12,2122.8,2122.6,2122.8,3,3,11
9:19:12,2122.8,2122.6,2122.8,1,5,10
9:19:13,2122.8,2122.6,2122.8,6,4,5
9:19:14,2122.6,2122.4,2122.6,5,11,4
9:19:14,2122.6,2122.4,2122.6,1,18,6
9:19:15,2122.6,2122.4,2122.6,7,18,19
9:19:15,2122.6,2122.4,2122.6,9,18,16
9:19:16,2122.6,2122.4,2122.6,13,17,5
9:19:16,2122.6,2122.4,2122.6,1,17,2
9:19:17,2122.6,2122.6,2122.8,2,1,27
9:19:18,2122.6,2122.6,2122.8,12,2,16
9:19:19,2122.8,2122.6,2122.8,1,7,17
9:19:19,2122.6,2122.6,2122.8,4,5,16
9:19:20,2122.6,2122.6,2122.8,2,5,18
9:19:20,2122.8,2122.6,2122.8,13,8,7
9:19:21,2122.8,2122.6,2122.8,6,16,1
9:19:22,2122.8,2122.8,2123,2,4,94
9:19:22,2122.8,2122.8,2123,3,4,95
9:19:23,2122.8,2122.8,2123,3,12,95
9:19:23,2123,2122.8,2123,7,14,116
9:19:24,2122.8,2122.8,2123,104,13,17
9:19:24,2123,2122.8,2123,10,12,10
9:19:25,2123,2123,2123.2,11,45,23
9:19:25,2123,2123,2123.2,14,43,12
9:19:26,2123.2,2123,2123.2,10,42,3
9:19:26,2123.4,2123.2,2123.4,6,2,59
9:19:27,2123.4,2123.2,2123.4,1,8,59
9:19:27,2123.4,2123.2,2123.4,36,6,25
9:19:28,2123.4,2123.2,2123.4,18,8,7
9:19:28,2123.4,2123.2,2123.6,8,9,73
9:19:29,2123.6,2123.2,2123.6,4,10,71
9:19:29,2123.2,2123.2,2123.6,8,11,69
9:19:30,2123.2,2123.2,2123.6,12,5,65
9:19:30,2123.6,2123.2,2123.6,1,5,64
9:19:31,2123.2,2123.2,2123.4,3,5,6
9:19:31,2123.2,2123.2,2123.4,13,25,7
9:19:32,2123.4,2123.2,2123.4,3,26,4
9:19:32,2123.4,2123.2,2123.4,3,33,7
9:19:33,2123.4,2123.4,2123.6,20,2,48
9:19:33,2123.6,2123.2,2123.4,9,32,1
9:19:34,2123.6,2123.4,2123.6,1,1,45
9:19:34,2123.6,2123.4,2123.6,19,1,29
9:19:35,2123.6,2123.4,2123.6,25,3,7
9:19:35,2123.8,2123.6,2123.8,12,20,49
9:19:36,2123.8,2123.6,2123.8,11,18,44
9:19:36,2123.8,2123.6,2123.8,6,14,42
9:19:37,2123.4,2123.6,2123.8,10,1,38
9:19:37,2123.8,2123.4,2123.6,17,6,1
9:19:38,2123.6,2123.4,2123.6,5,4,7
9:19:38,2123.4,2123.4,2123.6,10,2,10
9:19:39,2123.6,2123.4,2123.6,9,1,8
9:19:39,2123.2,2123.2,2123.4,7,37,2
9:19:40,2123.6,2123.2,2123.6,5,38,8
9:19:40,2123.2,2123.2,2123.6,6,35,6
9:19:41,2123.6,2123.6,2123.8,17,1,39
9:19:41,2123.2,2123.2,2123.6,3,35,2
9:19:42,2123.8,2123.6,2123.8,9,9,32
9:19:42,2123.8,2123.6,2123.8,21,3,22
9:19:43,2123.8,2123.6,2123.8,2,4,20
9:19:43,2123.6,2123.6,2123.8,5,3,20
9:19:44,2123.8,2123.8,2124,29,5,59
9:19:44,2123.4,2123.8,2124,6,1,59
9:19:45,2124,2123.6,2123.8,4,1,1
9:19:45,2124,2123.6,2123.8,57,1,1
9:19:46,2123.8,2123.8,2124,7,21,12
9:19:46,2124,2123.8,2124,14,33,12
9:19:47,2123.8,2123.8,2124.2,16,33,24
9:19:47,2124.2,2124,2124.2,8,8,22
9:19:48,2124,2124,2124.2,8,10,17
9:19:48,2124.2,2124.2,2124.4,20,18,36
9:19:49,2124.2,2124.2,2124.4,6,14,35
9:19:49,2124.2,2124.2,2124.4,7,10,46
9:19:50,2124.2,2124.2,2124.4,5,9,42
9:19:50,2124.2,2124,2124.2,20,17,12
9:19:51,2124.2,2124,2124.2,5,18,14
9:19:51,2124.2,2124,2124.2,7,16,26
9:19:52,2124.2,2124,2124.2,4,17,24
9:19:52,2124,2124,2124.2,18,15,16
9:19:53,2124.2,2124,2124.2,10,15,11
9:19:53,2124.2,2124,2124.2,4,19,10
9:19:54,2124,2124,2124.2,7,18,11
9:19:54,2124.2,2124,2124.2,13,11,10
9:19:55,2124.2,2124,2124.2,4,11,9
9:19:55,2124.2,2124,2124.2,15,1,7
9:19:56,2124.2,2124,2124.2,9,2,11
9:19:56,2124,2124,2124.2,9,1,6
9:19:57,2124.4,2123.8,2124,18,33,1
9:19:57,2123.8,2123.8,2124,3,32,1
9:19:58,2124,2124,2124.2,3,6,1
9:19:58,2124.2,2124.2,2124.4,5,5,53
9:19:59,2124.2,2124,2124.4,5,15,56
9:19:59,2124,2124.2,2124.4,7,1,55
9:20:00,2124.4,2124.2,2124.4,9,2,54
9:20:00,2124,2124,2124.4,22,11,50
9:20:01,2123.8,2123.8,2124.2,20,51,1
9:20:01,2123.8,2123.8,2124,24,46,17
9:20:02,2124,2123.8,2124,43,13,24
9:20:02,2124,2123.8,2124,11,6,29
9:20:03,2123.8,2123.6,2123.8,12,5,22
9:20:03,2123.6,2123.6,2123.8,5,5,20
9:20:04,2123.6,2123.6,2124,48,5,1
9:20:04,2124,2124,2124.2,4,11,11
9:20:05,2124.2,2124,2124.2,8,11,5
9:20:05,2124,2124,2124.2,11,6,15
9:20:06,2124,2123.8,2124,8,8,11
9:20:06,2124,2123.8,2124,2,12,11
9:20:07,2124,2123.8,2124,6,11,7
9:20:07,2123.8,2123.8,2124,4,7,7
9:20:08,2123.8,2123.8,2124,2,8,7
9:20:08,2123.8,2123.8,2124,2,9,14
9:20:09,2123.8,2123.8,2124,4,19,15
9:20:09,2123.8,2123.8,2124,8,11,17
9:20:10,2123.8,2123.8,2124,4,11,11
9:20:10,2124,2123.8,2124,2,11,11
9:20:11,2123.8,2123.8,2124,2,11,10
9:20:11,2124,2123.8,2124,11,11,2
9:20:12,2124.2,2124,2124.2,4,7,35
9:20:12,2124.2,2124,2124.2,3,6,35
9:20:13,2124.2,2124,2124.2,2,8,33
9:20:13,2124,2124,2124.2,3,5,33
9:20:14,2124,2123.8,2124,26,15,9
9:20:14,2124.2,2123.8,2124.2,21,18,16
9:20:15,2124.2,2124,2124.2,5,2,13
9:20:15,2124,2124,2124.2,4,17,13
9:20:16,2124.2,2123.8,2124.2,35,24,11
9:20:16,2124.2,2124,2124.2,11,20,15
9:20:17,2124.2,2124.2,2124.4,18,10,55
9:20:17,2124.2,2124.2,2124.4,46,9,13
9:20:18,2124.4,2124.2,2124.4,6,27,7
9:20:18,2124.4,2124.4,2124.6,10,45,65
9:20:19,2124.4,2124.4,2124.6,20,36,65
9:20:19,2124.6,2124.4,2124.6,13,38,52
9:20:20,2124.4,2124.4,2124.6,6,51,52
9:20:20,2124.6,2124.4,2124.6,6,52,46
9:20:21,2124.4,2124.4,2124.6,8,51,40
9:20:21,2124.6,2124.4,2124.6,10,47,33
9:20:22,2124.6,2124.4,2124.6,6,43,32
9:20:22,2124.4,2124.4,2124.6,16,30,31
9:20:23,2124.4,2124.4,2124.6,8,26,31
9:20:23,2124.4,2124.4,2124.6,5,23,31
9:20:24,2124.6,2124.4,2124.6,3,24,31
9:20:24,2124.4,2124.4,2124.6,10,23,23
9:20:25,2124.4,2124.4,2124.6,8,15,23
9:20:25,2124.6,2124.4,2124.6,1,15,22
9:20:26,2124.6,2124.4,2124.6,15,13,10
9:20:26,2124.4,2124.4,2124.6,10,9,4
9:20:27,2124.6,2124.4,2124.8,10,3,49
9:20:27,2124.8,2124.4,2124.8,3,5,46
9:20:28,2124.8,2124.4,2124.6,1,9,17
9:20:28,2124.4,2124.4,2124.6,11,39,16
9:20:29,2124.6,2124.4,2124.6,18,39,29
9:20:29,2124.4,2124.4,2124.6,2,40,29
9:20:30,2124.6,2124.4,2124.6,12,38,18
9:20:30,2124.4,2124.4,2124.6,4,37,17
9:20:31,2124.6,2124.4,2124.6,24,23,8
9:20:31,2124.6,2124.4,2124.6,3,22,8
9:20:32,2124.6,2124.4,2124.6,3,24,7
9:20:32,2124.4,2124.4,2124.6,2,29,11
9:20:33,2124.6,2124.4,2124.6,1,29,20
9:20:33,2124.4,2124.4,2124.6,1,28,23
9:20:34,2124.6,2124.4,2124.6,4,23,43
9:20:34,2124.6,2124.4,2124.6,3,18,47
9:20:35,2124.6,2124.4,2124.6,13,8,56
9:20:35,2124.4,2124.4,2124.6,4,4,57
9:20:36,2124.2,2124.2,2124.4,9,29,12
9:20:36,2124.4,2124.2,2124.4,3,29,17
9:20:37,2124.4,2124.2,2124.4,4,42,14
9:20:37,2124.4,2124.4,2124.6,17,7,63
9:20:38,2124.6,2124.4,2124.6,1,17,62
9:20:38,2124.4,2124.4,2124.6,7,13,65
9:20:39,2124.6,2124.4,2124.6,3,12,64
9:20:39,2124.2,2124.2,2124.4,14,41,3
9:20:40,2124.4,2124.2,2124.4,1,43,9
9:20:41,2124.2,2124.2,2124.4,3,41,24
9:20:41,2124.4,2124.2,2124.4,9,40,21
9:20:42,2124.4,2124.2,2124.4,7,35,19
9:20:43,2124.4,2124.2,2124.4,1,37,20
9:20:43,2124.2,2124.2,2124.4,3,36,19
9:20:44,2124.4,2124.2,2124.4,9,34,12
9:20:44,2124.4,2124.2,2124.4,2,34,13
9:20:45,2124.2,2124.2,2124.4,6,34,14
9:20:45,2124.4,2124.2,2124.4,2,44,13
9:20:46,2124.4,2124.2,2124.4,4,44,10
9:20:46,2124.2,2124.2,2124.4,2,42,10
9:20:47,2124.4,2124.2,2124.4,2,43,9
9:20:47,2124.4,2124.2,2124.4,3,46,8
9:20:48,2124.2,2124.2,2124.4,12,36,7
9:20:48,2124.4,2124.2,2124.4,1,38,7
9:20:49,2124.2,2124.2,2124.4,4,36,6
9:20:49,2124.2,2124.2,2124.4,3,34,5
9:20:50,2124.2,2124.2,2124.4,2,34,6
9:20:50,2124.4,2124.2,2124.4,5,34,2
9:20:51,2124.4,2124.4,2124.6,8,2,85
9:20:51,2124.4,2124.4,2124.6,3,7,85
9:20:53,2124.4,2124.4,2124.6,10,10,85
9:20:53,2124.4,2124.4,2124.6,5,10,85
9:20:54,2124.6,2124.4,2124.6,4,9,84
9:20:54,2124.4,2124.4,2124.6,3,7,84
9:20:55,2124.6,2124.2,2124.6,62,47,35
9:20:56,2124.4,2124.4,2124.6,1,1,39
9:20:56,2124.4,2124.2,2124.4,6,54,2
9:20:57,2124.4,2124.2,2124.4,2,54,1
9:20:57,2124.6,2124.2,2124.6,5,50,35
9:20:58,2124.2,2124.2,2124.6,26,26,34
9:20:58,2124.2,2124.2,2124.6,5,21,35
9:20:59,2124.4,2124.4,2124.6,11,1,36
9:21:00,2124.4,2124.2,2124.4,1,15,3
9:21:00,2124.6,2124.2,2124.6,7,15,32
9:21:01,2124.6,2124.2,2124.6,9,14,27
9:21:01,2124.6,2124.2,2124.6,9,12,25
9:21:02,2124.2,2124.2,2124.6,6,11,28
9:21:03,2124.4,2124.2,2124.4,1,34,9
9:21:04,2124.2,2124.2,2124.4,17,22,28
9:21:04,2124.4,2124.4,2124.6,35,13,29
9:21:05,2124.4,2124.4,2124.6,5,19,28
9:21:05,2124.6,2124.4,2124.6,20,25,9
9:21:06,2124.6,2124.4,2124.6,3,25,7
9:21:06,2124.6,2124.4,2124.6,11,32,2
9:21:07,2124.4,2124.4,2124.6,3,29,4
9:21:07,2124.6,2124.6,2124.8,11,14,98
9:21:08,2124.6,2124.6,2124.8,7,10,96
9:21:08,2124.6,2124.6,2124.8,4,8,96
9:21:09,2124.6,2124.6,2124.8,7,35,96
9:21:09,2124.6,2124.6,2124.8,4,35,92
9:21:10,2124.8,2124.6,2124.8,1,36,91
9:21:10,2124.8,2124.6,2124.8,18,37,73
9:21:11,2124.6,2124.6,2124.8,43,26,42
9:21:11,2124.8,2124.8,2125,51,8,163
9:21:12,2125,2124.8,2125,7,16,157
9:21:12,2125,2124.8,2125,19,37,140
9:21:13,2125,2124.8,2125,29,30,120
9:21:13,2124.8,2124.8,2125,9,28,116
9:21:14,2125,2124.8,2125,14,44,105
9:21:14,2125,2124.8,2125,9,44,96
9:21:15,2125,2124.8,2125,4,43,96
9:21:15,2125,2124.6,2125,61,21,86
9:21:16,2124.8,2124.6,2124.8,6,21,4
9:21:16,2124.8,2124.6,2124.8,5,21,33
9:21:17,2124.8,2124.6,2124.8,4,23,43
9:21:17,2124.8,2124.6,2124.8,32,23,30
9:21:18,2124.6,2124.6,2124.8,21,17,15
9:21:18,2124.6,2124.6,2124.8,6,34,14
9:21:19,2124.8,2124.6,2124.8,3,34,15
9:21:19,2124.6,2124.6,2124.8,2,32,20
9:21:20,2124.8,2124.8,2125,22,5,93
9:21:20,2124.6,2124.6,2124.8,8,31,1
9:21:21,2125,2124.8,2125,9,1,90
9:21:22,2124.8,2124.6,2124.8,13,32,21
9:21:22,2124.6,2124.6,2124.8,18,47,4
9:21:23,2125,2124.8,2125,6,26,100
9:21:23,2124.8,2124.8,2125,1,25,101
9:21:24,2125,2124.8,2125,7,24,99
9:21:24,2124.8,2124.8,2125,22,28,103
9:21:25,2125,2124.8,2125,1,29,115
9:21:25,2125,2124.8,2125,18,40,99
9:21:26,2125,2124.8,2125,18,39,83
9:21:26,2125,2124.8,2125,4,47,79
9:21:27,2125,2124.8,2125,11,51,67
9:21:27,2125,2124.8,2125,3,56,68
9:21:28,2125,2124.8,2125,8,55,62
9:21:28,2125,2125,2125.2,64,56,98
9:21:29,2125.2,2125,2125.2,2,62,97
9:21:29,2125.2,2125,2125.2,14,68,87
9:21:30,2125.2,2125,2125.2,16,66,76
9:21:30,2125.2,2125,2125.2,17,83,69
9:21:31,2125.2,2125,2125.2,4,84,68
9:21:31,2125.2,2125,2125.2,15,79,53
9:21:32,2125.2,2125,2125.2,49,79,5
9:21:32,2125.4,2125.4,2125.6,40,18,77
9:21:33,2125.6,2125.4,2125.6,15,19,75
9:21:33,2125.6,2125.2,2125.6,77,22,34
9:21:34,2125.2,2125.2,2125.4,37,15,2
9:21:34,2125.2,2125.2,2125.4,49,11,2
9:21:35,2125.2,2125,2125.2,15,93,10
9:21:35,2125.2,2125,2125.2,9,91,7
9:21:36,2125.4,2125.2,2125.4,9,1,45
9:21:36,2125.2,2125,2125.2,5,91,2
9:21:37,2125,2125,2125.2,4,90,12
9:21:37,2125,2125,2125.2,4,93,19
9:21:38,2125.2,2125,2125.2,33,71,15
9:21:38,2125.4,2125,2125.4,17,72,30
9:21:39,2125.4,2125,2125.4,5,72,30
9:21:39,2125,2125,2125.4,33,48,29
9:21:40,2125.4,2125,2125.2,7,42,2
9:21:40,2125,2125,2125.4,21,27,22
9:21:41,2125.4,2125,2125.2,11,27,2
9:21:41,2125.2,2125.2,2125.4,5,6,12
9:21:42,2125.4,2125.2,2125.4,10,7,6
9:21:42,2125.2,2125,2125.2,13,69,25
9:21:43,2125.2,2125,2125.2,40,83,5
9:21:43,2125.2,2125.2,2125.4,5,11,12
9:21:44,2125.2,2125.2,2125.4,4,30,12
9:21:44,2125.2,2125.2,2125.4,22,28,44
9:21:45,2125.2,2125.2,2125.4,9,25,41
9:21:45,2125.4,2125.2,2125.4,14,22,36
9:21:46,2125.2,2125.2,2125.4,3,21,37
9:21:46,2125.4,2125.2,2125.4,10,25,34
9:21:47,2125.4,2125,2125.4,107,1,35
9:21:47,2125.4,2124.8,2125.4,24,29,29
9:21:48,2125.2,2125,2125.2,6,2,20
9:21:48,2125,2125,2125.2,2,4,22
9:21:49,2125.2,2125,2125.2,4,4,30
9:21:49,2125,2124.8,2125,13,31,18
9:21:50,2125,2124.8,2125,2,32,42
9:21:50,2125,2124.8,2125,18,38,25
9:21:51,2125,2124.8,2125,6,39,19
9:21:51,2125,2125,2125.2,23,37,33
9:21:52,2125,2125,2125.2,2,38,31
9:21:52,2125,2125,2125.2,2,45,21
9:21:53,2125,2125,2125.2,8,40,9
9:21:53,2125,2125,2125.2,7,40,5
9:21:54,2125,2125,2125.2,2,39,5
9:21:54,2125.2,2125,2125.2,3,39,4
9:21:55,2125,2125,2125.2,6,36,3
9:21:55,2125.2,2125,2125.4,13,34,45
9:21:56,2125,2125,2125.2,1,33,3
9:21:56,2125,2125,2125.2,26,8,3
9:21:57,2125.2,2125,2125.2,1,9,5
9:21:57,2125,2125,2125.2,4,10,50
9:21:58,2125,2125,2125.2,2,11,55
9:21:58,2125,2125,2125.2,3,8,59
9:21:59,2124.8,2125,2125.2,13,21,46
9:21:59,2125.2,2125,2125.2,19,8,40
9:22:00,2125.2,2125,2125.2,1,9,40
9:22:00,2125,2125,2125.2,3,11,36
9:22:01,2125.2,2124.8,2125,52,37,8
9:22:01,2124.8,2124.8,2125,6,33,18
9:22:02,2124.8,2124.8,2125,4,30,17
9:22:02,2124.8,2124.8,2125,9,26,17
9:22:03,2124.8,2124.6,2124.8,31,39,7
9:22:03,2124.8,2124.6,2124.8,44,1,2
9:22:04,2124.6,2124.6,2124.8,4,9,12
9:22:04,2124.6,2124.4,2124.8,10,26,13
9:22:05,2124.8,2124.6,2124.8,21,1,3
9:22:05,2124.8,2124.8,2125,5,4,33
9:22:06,2124.6,2124.4,2124.6,15,18,15
9:22:06,2124.6,2124.4,2124.6,17,13,10
9:22:07,2124.4,2124.4,2124.6,8,7,6
9:22:07,2124.4,2124.4,2124.6,6,5,2
9:22:08,2124.4,2124.4,2124.8,4,4,7
9:22:08,2124.4,2124.4,2124.8,3,3,11
9:22:09,2124.6,2124.6,2124.8,4,2,22
9:22:09,2124.6,2124.6,2124.8,1,2,22
9:22:10,2124.4,2124.4,2124.6,4,37,1
9:22:10,2124.6,2124.6,2124.8,7,47,21
9:22:11,2124.6,2124.6,2124.8,3,45,31
9:22:11,2124.6,2124.6,2124.8,3,46,24
9:22:12,2124.6,2124.6,2124.8,6,42,22
9:22:12,2124.6,2124.6,2124.8,16,29,25
9:22:13,2124.6,2124.6,2124.8,4,25,25
9:22:13,2124.6,2124.6,2124.8,11,14,25
9:22:14,2124.6,2124.6,2124.8,3,11,26
9:22:14,2124.8,2124.6,2124.8,2,12,29
9:22:15,2124.6,2124.6,2124.8,2,11,31
9:22:16,2124.8,2124.4,2124.8,17,58,33
9:22:16,2124.8,2124.4,2124.8,1,58,32
9:22:18,2124.8,2124.6,2124.8,1,1,34
9:22:18,2124.4,2124.4,2124.8,3,62,34
9:22:19,2124.4,2124.4,2124.6,1,62,2
9:22:19,2124.4,2124.4,2124.6,3,66,2
9:22:20,2124.6,2124.4,2124.8,4,67,38
9:22:20,2124.4,2124.4,2124.8,3,66,40
9:22:21,2124.8,2124.4,2124.6,3,64,1
9:22:21,2124.6,2124.4,2124.6,2,67,5
9:22:22,2124.4,2124.4,2124.6,2,66,4
9:22:22,2124.4,2124.4,2124.6,21,60,4
9:22:23,2124.4,2124.2,2124.4,106,119,2
9:22:24,2124.4,2124.2,2124.4,1,120,7
9:22:25,2124.4,2124.2,2124.4,2,119,5
9:22:25,2124.4,2124.2,2124.4,3,120,2
9:22:26,2124.4,2124.2,2124.6,2,121,12
9:22:26,2124.4,2124.4,2124.6,1,11,12
9:22:27,2124.6,2124.4,2124.6,6,9,10
9:22:27,2124.4,2124.4,2124.6,3,6,10
9:22:28,2124.4,2124.4,2124.6,2,8,11
9:22:29,2124.6,2124.4,2124.6,1,11,10
9:22:29,2124.4,2124.4,2124.6,5,9,11
9:22:30,2124.4,2124.4,2124.6,2,8,11
9:22:30,2124.6,2124.4,2124.6,3,7,12
9:22:31,2124.4,2124.4,2124.6,6,2,23
9:22:32,2124.6,2124.2,2124.4,5,127,5
9:22:32,2124.4,2124.2,2124.4,1,127,5
9:22:33,2124.4,2124.4,2124.6,6,3,29
9:22:33,2124.4,2124.2,2124.4,3,128,13
9:22:34,2124.2,2124.2,2124.4,8,126,6
9:22:34,2124.2,2124.2,2124.4,3,124,6
9:22:35,2124.4,2124.2,2124.4,3,124,3
9:22:35,2124.4,2124.2,2124.4,1,124,2
9:22:36,2124.2,2124.2,2124.4,1,124,2
9:22:36,2124.4,2124.4,2124.6,2,1,32
9:22:37,2124.4,2124.4,2124.6,2,1,31
9:22:37,2124.6,2124.4,2124.6,16,9,17
9:22:38,2124.4,2124.4,2124.6,4,6,21
9:22:38,2124.4,2124.4,2124.6,2,22,22
9:22:39,2124.6,2124.4,2124.6,4,34,20
9:22:39,2124.4,2124.4,2124.6,3,31,20
9:22:40,2124.4,2124.4,2124.6,2,29,20
9:22:40,2124.6,2124.6,2124.8,26,25,92
9:22:41,2124.8,2124.6,2124.8,17,23,77
9:22:41,2124.8,2124.6,2124.8,3,23,76
9:22:42,2124.8,2124.6,2124.8,16,23,60
9:22:42,2124.8,2124.6,2124.8,25,23,36
9:22:43,2124.8,2124.6,2124.8,6,23,30
9:22:43,2124.8,2124.6,2124.8,16,25,15
9:22:44,2124.8,2124.6,2124.8,1,25,15
9:22:45,2124.6,2124.6,2124.8,2,23,15
9:22:45,2124.6,2124.6,2124.8,3,20,15
9:22:46,2124.6,2124.6,2124.8,3,18,15
9:22:47,2124.6,2124.6,2124.8,3,15,15
9:22:47,2124.8,2124.6,2124.8,1,16,15
9:22:48,2124.6,2124.6,2124.8,26,2,3
9:22:48,2125,2124.6,2125,10,1,48
9:22:49,2124.8,2124.8,2125,2,5,48
9:22:49,2124.8,2124.8,2125,4,1,46
9:22:50,2125.2,2124.8,2125.2,50,1,8
9:22:50,2124.8,2124.6,2124.8,1,2,2
9:22:51,2124.8,2124.8,2125.2,4,6,11
9:22:51,2125.2,2124.8,2125.2,2,7,11
9:22:52,2125.2,2124.8,2125,3,19,1
9:22:53,2125,2125,2125.2,3,13,9
9:22:54,2125.2,2125,2125.2,1,21,8
9:22:55,2125.2,2125,2125.2,7,21,22
9:22:55,2125,2125,2125.2,4,17,23
9:22:56,2125.2,2125,2125.2,3,16,26
9:22:56,2125,2125,2125.2,8,10,24
9:22:57,2125,2125,2125.2,6,5,23
9:22:57,2125.2,2125,2125.2,2,4,23
9:22:58,2125,2125,2125.2,3,3,22
9:22:58,2125.2,2125,2125.2,4,4,23
9:22:59,2125.2,2125,2125.2,3,4,27
9:22:59,2125.2,2125,2125.2,2,3,26
9:23:00,2125,2124.8,2125,4,15,21
9:23:00,2125,2124.8,2125,2,15,19
9:23:01,2125,2124.8,2125,4,15,65
9:23:01,2124.6,2124.6,2125,24,17,67
9:23:02,2124.6,2124.4,2124.6,21,27,1
9:23:02,2124.8,2124.4,2124.8,19,12,5
9:23:03,2124.6,2124.4,2124.6,2,12,1
9:23:04,2124.4,2124.4,2124.8,11,11,14
9:23:04,2124.4,2124.6,2124.8,2,1,14
9:23:05,2124.2,2124.2,2124.4,22,66,3
9:23:06,2124.4,2124.4,2124.6,4,6,1
9:23:07,2124.4,2124.4,2124.6,1,23,4
9:23:07,2124.6,2124.4,2124.6,2,28,2
9:23:08,2124.4,2124.4,2124.6,2,28,4
9:23:09,2124.6,2124.4,2124.6,3,28,1
9:23:10,2124.8,2124.4,2124.6,10,29,1
9:23:10,2124.6,2124.4,2124.8,1,30,15
9:23:11,2124.4,2124.4,2124.8,1,31,16
9:23:13,2124.4,2124.6,2124.8,18,1,19
9:23:14,2124.8,2124.4,2124.6,2,14,1
9:23:14,2124.8,2124.4,2124.8,5,14,17
9:23:15,2124.4,2124.6,2124.8,6,2,13
9:23:15,2124.4,2124.6,2124.8,1,1,13
9:23:16,2124.8,2124.6,2124.8,2,1,12
9:23:16,2124.6,2124.4,2124.8,1,20,16
9:23:17,2124.8,2124.4,2124.8,1,20,20
9:23:17,2124.8,2124.4,2124.6,1,26,1
9:23:18,2124.6,2124.4,2124.8,1,26,40
9:23:18,2124.4,2124.4,2124.8,9,17,41
9:23:19,2124.4,2124.4,2124.6,4,26,5
9:23:20,2124.4,2124.4,2124.6,1,25,6
9:23:20,2124.4,2124.4,2124.6,4,23,6
9:23:21,2124.4,2124.4,2124.6,3,21,5
9:23:21,2124.4,2124.4,2124.6,3,19,4
9:23:22,2124.6,2124.4,2124.6,9,19,2
9:23:22,2124.6,2124.6,2124.8,8,2,38
9:23:23,2124.6,2124.4,2124.8,2,18,40
9:23:25,2124.6,2124.4,2124.6,3,18,1
9:23:25,2124.6,2124.4,2124.8,2,19,43
9:23:26,2124.4,2124.4,2124.8,10,10,43
9:23:26,2124.4,2124.4,2124.8,1,10,44
9:23:27,2124.4,2124.4,2124.8,2,9,44
9:23:27,2124.4,2124.4,2124.6,5,12,2
9:23:28,2124.4,2124.4,2124.6,2,10,7
9:23:28,2124.6,2124.4,2124.6,1,10,6
9:23:29,2124.6,2124.6,2124.8,8,10,53
9:23:30,2124.6,2124.6,2124.8,1,9,53
9:23:30,2124.6,2124.6,2124.8,1,8,54
9:23:31,2124.6,2124.6,2124.8,4,4,57
9:23:31,2124.6,2124.6,2124.8,3,1,57
9:23:32,2124.8,2124.4,2124.8,14,48,47
9:23:32,2124.8,2124.4,2124.6,1,48,1
9:23:33,2124.8,2124.4,2124.6,4,49,1
9:23:34,2124.6,2124.4,2124.6,2,52,2
9:23:35,2124.6,2124.4,2124.6,1,52,1
9:23:36,2124.4,2124.4,2124.8,25,30,47
9:23:36,2124.4,2124.4,2124.8,1,30,50
9:23:37,2124.4,2124.4,2124.8,3,38,48
9:23:38,2124.4,2124.4,2124.6,1,37,6
9:23:38,2124.6,2124.4,2124.6,2,38,11
9:23:39,2124.6,2124.4,2124.6,1,39,12
9:23:40,2124.4,2124.4,2124.6,1,39,12
9:23:41,2124.6,2124.4,2124.6,1,40,12
9:23:41,2124.6,2124.4,2124.6,3,40,10
9:23:42,2124.4,2124.4,2124.6,4,36,15
9:23:42,2124.4,2124.4,2124.6,4,32,17
9:23:43,2124.4,2124.4,2124.6,1,31,17
9:23:44,2124.6,2124.4,2124.6,2,30,16
9:23:44,2124.6,2124.4,2124.6,3,28,18
9:23:45,2124.4,2124.2,2124.4,29,102,6
9:23:45,2124.2,2124.2,2124.4,7,94,15
9:23:46,2124.4,2124.2,2124.4,1,94,15
9:23:46,2124.4,2124.2,2124.4,4,93,12
9:23:48,2124.4,2124.4,2124.6,14,7,22
9:23:49,2124.4,2124.4,2124.6,1,11,21
9:23:49,2124.4,2124.4,2124.6,1,10,24
9:23:50,2124.4,2124.4,2124.6,4,9,21
9:23:50,2124.4,2124.4,2124.6,4,6,19
9:23:51,2124.6,2124.4,2124.6,17,5,4
9:23:51,2124.4,2124.4,2124.6,1,5,5
9:23:52,2124.4,2124.4,2124.6,3,2,7
9:23:52,2124.4,2124.2,2124.6,2,105,7
9:23:53,2124.6,2124.4,2124.6,1,8,10
9:23:53,2124.4,2124.4,2124.6,2,8,20
9:23:54,2124.4,2124.4,2124.6,1,7,28
9:23:55,2124.6,2124.4,2124.6,6,7,28
9:23:55,2124.4,2124.2,2124.4,11,104,19
9:23:56,2124.4,2124.2,2124.4,1,104,29
9:23:56,2124.4,2124.2,2124.4,24,104,9
9:23:58,2124.4,2124.2,2124.4,1,110,8
9:23:58,2124.4,2124.2,2124.4,6,110,2
9:23:59,2124.2,2124.2,2124.4,2,109,6
9:23:59,2124.4,2124.4,2124.6,8,13,36
9:24:00,2124.6,2124.4,2124.6,16,14,21
9:24:00,2124.2,2124.2,2124.6,21,108,17
9:24:01,2124.4,2124.2,2124.4,6,103,6
9:24:01,2124.2,2124.2,2124.6,13,104,11
9:24:02,2124.6,2124.4,2124.6,3,2,8
9:24:02,2124.4,2124.4,2124.6,1,24,10
9:24:03,2124.4,2124.4,2124.6,1,33,11
9:24:03,2124.8,2124.6,2124.8,12,5,125
9:24:04,2124.6,2124.6,2124.8,2,3,125
9:24:04,2124.6,2124.6,2124.8,1,3,125
9:24:05,2124.8,2124.6,2124.8,3,1,125
9:24:05,2124.6,2124.4,2124.6,1,47,1
9:24:06,2124.4,2124.4,2124.6,3,45,7
9:24:06,2124.4,2124.4,2124.6,2,44,7
9:24:07,2124.4,2124.4,2124.6,2,44,7
9:24:07,2124.4,2124.4,2124.6,3,46,6
9:24:08,2124.6,2124.4,2124.6,2,46,6
9:24:08,2124.6,2124.6,2124.8,11,5,126
9:24:09,2124.6,2124.6,2124.8,13,3,116
9:24:09,2124.8,2124.4,2124.8,53,49,66
9:24:10,2124.6,2124.4,2124.6,1,50,2
9:24:10,2124.8,2124.6,2124.8,54,2,17
9:24:11,2124.6,2124.4,2124.6,20,52,6
9:24:11,2124.8,2124.8,2125,23,28,103
9:24:12,2124.8,2124.6,2124.8,29,23,23
9:24:13,2124.6,2124.6,2124.8,15,22,11
9:24:13,2124.8,2124.8,2125,22,63,102
9:24:14,2125,2124.8,2125,3,61,101
9:24:14,2125,2124.8,2125,36,60,67
9:24:15,2125,2125,2125.2,67,16,35
9:24:15,2125.2,2125,2125.2,9,18,27
9:24:16,2125,2125,2125.2,3,62,25
9:24:16,2125.2,2125,2125.2,26,51,13
9:24:17,2125.2,2125,2125.2,13,49,2
9:24:17,2125.4,2125.2,2125.4,55,7,29
9:24:18,2125.4,2125.2,2125.4,17,11,14
9:24:18,2125.4,2125.2,2125.4,6,23,31
9:24:19,2125.4,2125.2,2125.4,7,29,25
9:24:19,2125.4,2125.2,2125.4,3,29,22
9:24:20,2125.4,2125.2,2125.4,10,29,16
9:24:20,2125.4,2125.2,2125.4,6,24,17
9:24:21,2125.4,2125.2,2125.4,6,22,16
9:24:21,2125.4,2125.2,2125.4,6,21,55
9:24:22,2125.4,2125.2,2125.4,9,7,51
9:24:22,2125.4,2125,2125.4,11,40,50
9:24:23,2125.4,2125,2125.4,3,40,53
9:24:23,2125.4,2125,2125.4,3,39,58
9:24:24,2125,2125,2125.2,1,40,1
9:24:24,2125.4,2125,2125.4,7,39,59
9:24:25,2125.4,2125,2125.2,5,39,1
9:24:25,2125.2,2125,2125.4,1,39,55
9:24:26,2125.2,2125.2,2125.4,1,3,56
9:24:26,2125.4,2125.2,2125.4,1,3,105
9:24:27,2125.2,2125.2,2125.4,3,1,104
9:24:27,2125.2,2125,2125.2,2,39,4
9:24:28,2125.2,2125,2125.2,5,43,16
9:24:28,2125,2125,2125.2,2,40,51
9:24:29,2125,2125,2125.2,11,33,54
9:24:29,2125.2,2125,2125.2,1,35,68
9:24:30,2125,2125,2125.2,21,16,69
9:24:30,2125,2124.8,2125.2,16,69,72
9:24:31,2125.2,2124.8,2125.2,2,69,74
9:24:31,2125.2,2125,2125.2,2,1,72
9:24:32,2125,2124.8,2125.2,1,89,71
9:24:33,2125.2,2125,2125.2,4,7,77
9:24:34,2125.2,2125,2125.2,7,10,70
9:24:34,2125,2124.8,2125,18,71,26
9:24:35,2124.8,2124.8,2125,7,67,22
9:24:35,2125,2124.8,2125,6,66,21
9:24:36,2124.8,2124.8,2125,3,65,20
9:24:37,2125,2124.8,2125,4,64,21
9:24:37,2124.8,2124.8,2125,1,83,17
9:24:39,2124.8,2124.8,2125,2,84,34
9:24:40,2125,2124.8,2125,3,84,33
9:24:40,2125,2125,2125.2,33,17,89
9:24:41,2125,2125,2125.2,2,45,90
9:24:41,2125,2125,2125.2,1,45,89
9:24:42,2125.2,2125,2125.2,1,48,88
9:24:42,2125,2125,2125.2,4,46,57
9:24:43,2125,2125,2125.2,11,37,46
9:24:43,2125.2,2125,2125.2,48,5,30
9:24:44,2125.2,2125,2125.2,1,6,30
9:24:44,2125.2,2125,2125.2,2,6,30
9:24:45,2125,2124.8,2125,8,96,8
9:24:45,2125,2124.8,2125,2,96,6
9:24:46,2125.2,2124.8,2125.2,11,96,31
9:24:46,2124.8,2124.8,2125,92,39,3
9:24:47,2125.2,2124.8,2125,4,43,10
9:24:47,2125,2124.8,2125,32,43,5
9:24:48,2124.8,2124.8,2125,11,83,7
9:24:48,2125,2124.8,2125,3,83,4
9:24:49,2125,2125,2125.2,16,26,2
9:24:49,2125,2125,2125.2,9,26,4
9:24:50,2125,2124.8,2125,29,81,41
9:24:52,2124.8,2124.8,2125,3,81,45
9:24:53,2125,2124.8,2125,1,85,44
9:24:53,2125,2124.8,2125,1,85,44
9:24:54,2125,2124.8,2125,1,87,44
9:24:54,2124.8,2124.8,2125,1,86,44
9:24:55,2125,2124.8,2125,1,96,43
9:24:55,2124.8,2124.8,2125,4,97,41
9:24:56,2124.8,2124.8,2125,5,94,40
9:24:57,2124.8,2124.8,2125,3,92,39
9:24:57,2125,2124.8,2125,10,88,33
9:24:58,2125,2124.8,2125,2,88,31
9:24:58,2124.8,2124.8,2125,1,88,31
9:25:01,2125,2124.8,2125,3,90,28
9:25:01,2125,2124.8,2125,1,100,27
9:25:02,2125,2124.8,2125,11,95,25
9:25:02,2125,2125,2125.2,26,8,28
9:25:03,2124.8,2125,2125.2,23,2,28
9:25:03,2125,2125,2125.2,4,1,26
9:25:04,2125,2125,2125.2,1,2,27
9:25:04,2125.2,2125,2125.2,1,3,38
9:25:05,2125,2125,2125.2,1,6,38
9:25:05,2125,2125,2125.2,1,12,40
9:25:07,2125,2125,2125.2,3,12,47
9:25:07,2125,2125,2125.2,42,12,6
9:25:08,2125,2125,2125.2,3,10,5
9:25:08,2125.2,2125.2,2125.4,8,9,103
9:25:09,2125.2,2125.2,2125.4,3,6,97
9:25:09,2125.2,2125.2,2125.4,7,1,97
9:25:10,2125.2,2125.2,2125.4,4,1,97
9:25:10,2125.2,2125.2,2125.4,16,1,83
9:25:11,2125,2125,2125.2,2,22,5
9:25:12,2125,2125,2125.2,5,20,6
9:25:12,2125,2125,2125.2,4,22,4
9:25:13,2125,2125,2125.2,1,21,5
9:25:13,2125.2,2125,2125.2,1,22,6
9:25:14,2125,2125,2125.2,3,20,6
9:25:14,2125,2125,2125.2,1,21,8
9:25:15,2125,2125,2125.2,7,15,8
9:25:16,2125,2125,2125.2,1,17,12
9:25:17,2125.2,2124.8,2125,31,86,34
9:25:18,2125,2124.8,2125,12,76,34
9:25:18,2125,2124.8,2125,11,67,83
9:25:19,2124.8,2124.8,2125,13,66,84
9:25:19,2124.8,2124.8,2125,63,22,74
9:25:20,2124.8,2124.6,2124.8,34,23,29
9:25:20,2125,2124.6,2125,40,22,67
9:25:21,2124.6,2124.6,2124.8,3,21,5
9:25:21,2124.6,2124.6,2124.8,4,20,7
9:25:22,2124.6,2124.6,2124.8,6,18,4
9:25:22,2124.6,2124.6,2124.8,4,15,3
9:25:23,2124.6,2124.6,2124.8,9,10,3
9:25:23,2124.6,2124.6,2124.8,3,9,2
9:25:24,2124.8,2124.8,2125,5,4,47
9:25:25,2124.8,2124.8,2125,6,3,48
9:25:25,2124.6,2124.6,2125,4,19,48
9:25:26,2124.8,2124.8,2125,2,8,58
9:25:27,2124.8,2124.8,2125,5,3,65
9:25:27,2124.8,2124.8,2125,7,3,65
9:25:28,2124.8,2124.8,2125,2,1,69
9:25:29,2125,2124.6,2125,2,30,69
9:25:29,2125,2124.6,2125,1,30,68
9:25:30,2124.6,2124.6,2124.8,7,39,7
9:25:30,2124.6,2124.6,2124.8,3,45,7
9:25:31,2124.8,2124.6,2124.8,1,45,6
9:25:31,2124.6,2124.4,2124.6,47,55,17
9:25:32,2124.6,2124.4,2124.6,4,55,21
9:25:33,2124.6,2124.4,2124.6,12,54,10
9:25:33,2124.4,2124.4,2124.6,35,18,10
9:25:34,2124.6,2124.4,2124.6,2,20,8
9:25:34,2124.6,2124.4,2124.6,1,27,7
9:25:35,2124.4,2124.4,2124.6,26,1,7
9:25:35,2124.4,2124.2,2124.6,3,94,10
9:25:36,2124.6,2124.6,2124.8,26,25,26
9:25:36,2124.6,2124.6,2124.8,3,23,29
9:25:37,2124.6,2124.6,2124.8,9,15,29
9:25:37,2124.6,2124.6,2124.8,10,5,29
9:25:38,2124.6,2124.4,2124.6,5,6,8
9:25:38,2124.4,2124.4,2124.6,1,8,9
9:25:39,2124.6,2124.4,2124.6,1,15,9
9:25:39,2124.4,2124.4,2124.6,1,19,9
9:25:40,2124.6,2124.4,2124.6,2,18,8
9:25:40,2124.4,2124.4,2124.6,1,19,9
9:25:41,2124.4,2124.4,2124.6,7,22,11
9:25:42,2124.4,2124.4,2124.6,4,21,11
9:25:43,2124.4,2124.4,2124.6,12,41,8
9:25:43,2124.4,2124.4,2124.6,7,37,8
9:25:44,2124.6,2124.6,2124.8,9,22,46
9:25:44,2124.6,2124.6,2124.8,9,37,46
9:25:46,2124.6,2124.6,2124.8,15,25,42
9:25:46,2124.6,2124.6,2124.8,2,29,42
9:25:47,2124.6,2124.6,2124.8,1,28,42
9:25:48,2124.6,2124.6,2124.8,6,33,44
9:25:48,2124.6,2124.6,2124.8,1,33,47
9:25:49,2124.8,2124.6,2124.8,1,33,46
9:25:49,2124.6,2124.6,2124.8,5,29,46
9:25:50,2124.6,2124.6,2124.8,20,24,31
9:25:51,2124.8,2124.6,2124.8,31,32,14
9:25:51,2124.6,2124.6,2124.8,16,21,12
9:25:52,2124.8,2124.8,2125,24,1,74
9:25:52,2124.8,2124.8,2125,4,6,75
9:25:53,2124.8,2124.8,2125,9,5,70
9:25:53,2125,2124.8,2125,15,5,55
9:25:54,2125,2124.8,2125,19,5,36
9:25:54,2124.8,2124.8,2125,23,7,14
9:25:55,2124.8,2124.8,2125,2,15,13
9:25:55,2124.8,2124.8,2125,2,18,13
9:25:56,2125,2124.8,2125,2,20,12
9:25:57,2125,2125,2125.2,12,4,107
9:25:58,2125.2,2125,2125.2,8,22,99
9:25:58,2125.2,2125,2125.2,32,11,78
9:25:59,2125.2,2125,2125.2,2,10,76
9:26:00,2125.2,2125,2125.2,2,15,74
9:26:00,2125,2125,2125.2,3,13,73
9:26:01,2125,2125,2125.2,3,12,73
9:26:01,2125,2124.8,2125,22,18,9
9:26:02,2124.8,2124.8,2125.2,24,11,65
9:26:02,2125.2,2125,2125.2,6,21,66
9:26:03,2125,2125,2125.2,19,6,67
9:26:03,2125,2125,2125.2,3,5,68
9:26:04,2125,2124.8,2125,5,7,1
9:26:04,2124.8,2124.8,2125,1,6,2
9:26:05,2124.8,2124.8,2125,1,5,10
9:26:06,2124.8,2124.8,2125,1,7,15
9:26:06,2124.8,2124.8,2125,2,6,14
9:26:07,2125,2124.8,2125,1,7,15
9:26:08,2125,2124.8,2125,3,9,15
9:26:08,2125,2124.8,2125,4,6,15
9:26:09,2125,2124.8,2125,3,6,12
9:26:09,2124.8,2124.8,2125,8,6,6
9:26:10,2125,2124.8,2125,2,8,24
9:26:10,2124.8,2124.8,2125,1,7,26
9:26:11,2124.8,2124.6,2124.8,7,56,1
9:26:11,2125,2124.6,2125,28,31,26
9:26:12,2124.8,2124.8,2125,1,14,76
9:26:12,2124.8,2124.8,2125,1,13,77
9:26:13,2124.6,2124.4,2124.6,47,78,4
9:26:13,2124.6,2124.4,2124.6,9,70,5
9:26:14,2124.4,2124.4,2124.6,3,68,1
9:26:14,2124.8,2124.6,2124.8,15,2,7
9:26:15,2124.8,2124.6,2124.8,2,2,11
9:26:15,2124.8,2124.6,2124.8,1,2,14
9:26:16,2124.6,2124.6,2124.8,2,40,18
9:26:17,2124.6,2124.6,2124.8,1,39,18
9:26:18,2124.6,2124.6,2124.8,2,52,13
9:26:18,2124.6,2124.6,2124.8,7,45,13
9:26:19,2124.8,2124.6,2124.8,5,56,13
9:26:19,2124.6,2124.6,2124.8,9,50,12
9:26:20,2124.8,2124.6,2124.8,12,64,2
9:26:20,2124.8,2124.6,2125,13,54,125
9:26:21,2125,2124.6,2125,1,60,125
9:26:21,2125,2124.8,2125,6,15,126
9:26:22,2125,2124.8,2125,2,15,125
9:26:23,2125,2124.8,2125,11,11,118
9:26:23,2124.8,2124.8,2125,2,10,118
9:26:24,2124.8,2124.8,2125,2,14,116
9:26:25,2125,2124.8,2125,1,15,119
9:26:26,2125,2124.8,2125,2,16,118
9:26:26,2125,2124.8,2125,54,12,68
9:26:27,2124.8,2124.8,2125,13,17,59
9:26:28,2125,2124.8,2125,15,20,44
9:26:28,2125,2124.8,2125,11,22,35
9:26:29,2124.8,2124.8,2125,32,20,6
9:26:29,2125,2125,2125.2,7,76,135
9:26:30,2125.2,2125,2125.2,8,77,127
9:26:30,2125,2125,2125.2,2,78,126
9:26:31,2125.2,2125,2125.2,27,77,100
9:26:31,2125.2,2125,2125.2,3,77,99
9:26:32,2125,2125,2125.2,32,69,72
9:26:32,2125.2,2125,2125.2,56,69,17
9:26:33,2125,2125,2125.2,7,65,13
9:26:33,2125.2,2125.2,2125.4,14,20,78
9:26:35,2125.2,2125.2,2125.4,2,25,104
9:26:36,2125.2,2125,2125.2,41,55,4
9:26:36,2125.2,2125,2125.2,2,55,3
9:26:37,2125.2,2125,2125.2,12,54,1
9:26:37,2125.2,2125,2125.4,1,54,94
9:26:38,2125.4,2125.2,2125.4,3,1,93
9:26:38,2125.2,2125.2,2125.4,2,3,92
9:26:39,2125.4,2125.2,2125.4,12,14,82
9:26:39,2125.2,2125.2,2125.4,3,15,81
9:26:40,2125.2,2125.2,2125.4,4,12,82
9:26:40,2125.2,2125.2,2125.4,6,10,78
9:26:41,2125.2,2125.2,2125.4,1,11,79
9:26:41,2125.2,2125.2,2125.4,1,14,79
9:26:42,2125.2,2125.2,2125.4,6,12,75
9:26:42,2125.4,2125.2,2125.4,6,12,70
9:26:43,2125.4,2125.2,2125.4,7,9,67
9:26:43,2125.4,2125.2,2125.4,59,10,42
9:26:44,2125.4,2125.2,2125.4,31,11,14
9:26:44,2125.6,2125.4,2125.6,18,15,99
9:26:45,2125.4,2125.4,2125.6,5,21,97
9:26:45,2125.6,2125.4,2125.6,13,24,84
9:26:46,2125.6,2125.4,2125.6,3,25,82
9:26:46,2125.4,2125.4,2125.6,43,20,46
9:26:47,2125.6,2125.4,2125.6,10,19,38
9:26:47,2125.6,2125.6,2125.8,38,21,110
9:26:48,2125.8,2125.6,2125.8,3,24,107
9:26:48,2125.6,2125.6,2125.8,40,25,68
9:26:49,2125.8,2125.6,2125.8,4,29,64
9:26:49,2125.8,2125.6,2125.8,38,28,27
9:26:50,2125.8,2125.6,2125.8,11,39,18
9:26:50,2125.8,2125.8,2126,18,15,70
9:26:51,2126,2125.8,2126,6,39,68
9:26:51,2126,2125.8,2126,44,32,26
9:26:52,2126,2126,2126.2,29,1,79
9:26:52,2126,2125.8,2126,20,32,25
9:26:53,2126,2125.8,2126,45,30,8
9:26:53,2126,2125.8,2126,39,30,8
9:26:54,2125.8,2125.8,2126,9,36,4
9:26:54,2126,2125.8,2126,9,31,21
9:26:55,2125.8,2125.8,2126,23,29,20
9:26:55,2126,2125.8,2126,15,31,7
9:26:56,2126,2125.8,2126,5,29,9
9:26:56,2126,2125.8,2126,8,27,9
9:26:57,2126,2125.8,2126,13,27,4
9:26:57,2126,2126,2126.2,30,9,77
9:26:58,2126,2126,2126.2,5,7,85
9:26:58,2126,2126,2126.2,5,7,98
9:26:59,2126,2126,2126.2,5,10,99
9:26:59,2126,2126,2126.2,3,7,100
9:27:00,2126,2125.8,2126,9,6,3
9:27:00,2126,2125.8,2126,29,3,13
9:27:01,2125.6,2125.6,2125.8,8,31,10
9:27:01,2125.8,2125.6,2126,64,5,135
9:27:02,2125.8,2125.6,2125.8,19,17,3
9:27:02,2125.8,2125.6,2125.8,28,13,13
9:27:03,2125.8,2125.6,2125.8,8,37,29
9:27:03,2125.6,2125.6,2125.8,4,36,26
9:27:04,2125.8,2125.6,2125.8,10,43,15
9:27:04,2125.8,2125.6,2125.8,25,26,15
9:27:05,2125.6,2125.6,2125.8,1,25,16
9:27:05,2125.6,2125.6,2125.8,10,23,2
9:27:06,2125.6,2125.4,2125.6,26,13,46
9:27:06,2125.6,2125.4,2125.6,13,2,55
9:27:07,2125.6,2125.2,2125.6,6,16,53
9:27:07,2125.6,2125.4,2125.6,4,8,52
9:27:08,2125.4,2125.4,2125.6,5,3,53
9:27:08,2125.6,2125.2,2125.6,8,29,52
9:27:09,2125.4,2125.2,2125.6,3,32,51
9:27:09,2125.2,2125.2,2125.6,12,37,55
9:27:10,2125.2,2125.2,2125.6,12,26,54
9:27:11,2125.2,2125.2,2125.6,3,25,56
9:27:11,2125.6,2125.2,2125.6,1,27,55
9:27:12,2125.2,2125.2,2125.6,3,29,56
9:27:12,2125.4,2125.2,2125.6,2,29,56
9:27:13,2125.2,2125.2,2125.6,8,22,58
9:27:13,2125.2,2125.2,2125.6,2,20,58
9:27:14,2125.2,2125.2,2125.4,3,22,2
9:27:14,2125.2,2125.2,2125.4,1,27,3
9:27:15,2125.2,2125.2,2125.4,3,24,3
9:27:15,2125.4,2125.2,2125.4,6,22,12
9:27:16,2125.2,2125.2,2125.4,4,20,10
9:27:17,2125.2,2125,2125.2,20,60,20
9:27:17,2125.2,2125,2125.4,21,59,12
9:27:18,2125.4,2125,2125.4,2,60,16
9:27:18,2125.4,2125,2125.2,5,60,4
9:27:19,2125.4,2125.2,2125.4,6,1,9
9:27:19,2125.4,2125.2,2125.4,13,8,10
9:27:20,2125.4,2125.2,2125.4,2,23,24
9:27:21,2125.4,2125.2,2125.4,2,58,34
9:27:22,2125.2,2125.2,2125.4,7,53,39
9:27:22,2125.2,2125.2,2125.4,1,55,33
9:27:23,2125.4,2125.2,2125.4,5,52,31
9:27:23,2125.2,2125.2,2125.4,11,61,21
9:27:24,2125.2,2125.2,2125.4,6,55,21
9:27:24,2125.4,2125.2,2125.4,2,54,23
9:27:25,2125.2,2125.2,2125.4,47,9,22
9:27:25,2125.2,2125.2,2125.4,2,7,24
9:27:26,2125.4,2125.2,2125.4,5,7,22
9:27:26,2125.2,2125.2,2125.4,3,5,32
9:27:27,2125.4,2125.2,2125.4,1,5,31
9:27:27,2125.2,2125.2,2125.4,2,4,32
9:27:28,2125.4,2125.2,2125.4,4,5,28
9:27:28,2125.4,2125.2,2125.4,2,5,26
9:27:29,2125.2,2125.2,2125.4,1,5,26
9:27:30,2125.4,2125.2,2125.4,2,7,25
9:27:31,2125.4,2125.2,2125.4,1,23,25
9:27:31,2125.4,2125.2,2125.4,3,23,23
9:27:32,2125.4,2125.2,2125.4,21,26,3
9:27:32,2125.4,2125.2,2125.4,6,28,1
9:27:33,2125.4,2125.4,2125.6,1,2,60
9:27:33,2125.4,2125.4,2125.6,1,6,60
9:27:34,2125.4,2125.2,2125.4,7,27,23
9:27:34,2125.4,2125.2,2125.4,2,27,21
9:27:35,2125.4,2125.2,2125.4,1,28,23
9:27:35,2125.4,2125.2,2125.4,1,28,22
9:27:36,2125.4,2125.2,2125.4,11,43,11
9:27:36,2125.4,2125.2,2125.4,1,43,10
9:27:37,2125.2,2125.2,2125.4,1,41,11
9:27:37,2125.4,2125.2,2125.4,2,42,19
9:27:38,2125.2,2125.2,2125.4,2,40,19
9:27:38,2125.2,2125.2,2125.4,1,39,19
9:27:39,2125.2,2125.2,2125.4,5,36,25
9:27:39,2125.4,2125.2,2125.4,1,36,24
9:27:40,2125.4,2125.2,2125.4,4,36,20
9:27:40,2125.2,2125.2,2125.4,15,23,21
9:27:41,2125.4,2125.2,2125.4,1,23,24
9:27:41,2125.2,2125.2,2125.4,2,22,24
9:27:42,2125.4,2125.2,2125.4,1,22,27
9:27:42,2125.2,2125.2,2125.4,2,22,27
9:27:43,2125.2,2125.2,2125.4,15,16,21
9:27:44,2125.2,2125.2,2125.4,8,9,22
9:27:44,2125.4,2125.2,2125.4,9,6,16
9:27:45,2125.2,2125,2125.2,13,99,7
9:27:45,2125.2,2125,2125.2,2,98,7
9:27:46,2125.2,2125.2,2125.4,8,10,32
9:27:46,2125.4,2125.2,2125.4,4,29,29
9:27:47,2125.4,2125.2,2125.4,9,23,7
9:27:48,2125.2,2125.2,2125.4,3,22,6
9:27:49,2125.4,2125.2,2125.4,2,27,5
9:27:49,2125.2,2125.2,2125.4,4,23,5
9:27:50,2125.4,2125.2,2125.4,1,25,4
9:27:50,2125.2,2125.2,2125.4,5,29,8
9:27:51,2125.4,2125.2,2125.4,3,29,5
9:27:51,2125.2,2125.2,2125.4,3,29,5
9:27:52,2125.2,2125.2,2125.4,1,29,5
9:27:52,2125.2,2125.2,2125.4,2,33,6
9:27:53,2125.4,2125.4,2125.6,6,4,43
9:27:54,2125.6,2125.4,2125.6,4,4,39
9:27:55,2125.6,2125.4,2125.6,1,10,40
9:27:55,2125.4,2125.4,2125.6,1,14,40
9:27:56,2125.4,2125.4,2125.6,1,13,40
9:27:56,2125.6,2125.4,2125.6,3,12,38
9:27:58,2125.6,2125.4,2125.6,1,13,43
9:27:58,2125.6,2125.4,2125.6,2,12,42
9:27:59,2125.4,2125.4,2125.6,5,11,38
9:27:59,2125.4,2125.4,2125.6,2,10,38
9:28:00,2125.6,2125.4,2125.6,2,37,37
9:28:00,2125.6,2125.4,2125.6,6,37,32
9:28:01,2125.6,2125.4,2125.6,6,36,27
9:28:01,2125.6,2125.4,2125.6,10,42,30
9:28:02,2125.4,2125.4,2125.6,13,39,21
9:28:02,2125.6,2125.4,2125.6,1,40,22
9:28:03,2125.6,2125.6,2125.8,24,13,109
9:28:03,2125.8,2125.6,2125.8,11,7,105
9:28:04,2125.6,2125.6,2125.8,2,12,104
9:28:04,2125.8,2125.6,2125.8,3,27,101
9:28:05,2125.6,2125.6,2125.8,6,24,101
9:28:05,2125.6,2125.6,2125.8,20,4,101
9:28:06,2125.6,2125.6,2125.8,4,3,99
9:28:06,2125.8,2125.6,2125.8,15,4,84
9:28:07,2125.8,2125.6,2125.8,12,6,73
9:28:07,2125.8,2125.6,2125.8,8,6,65
9:28:08,2125.8,2125.6,2125.8,6,8,61
9:28:08,2125.8,2125.6,2125.8,6,8,55
9:28:09,2125.8,2125.6,2125.8,7,9,50
9:28:09,2125.8,2125.6,2125.8,9,16,41
9:28:10,2125.8,2125.6,2125.8,15,39,31
9:28:10,2126,2125.8,2126,33,5,81
9:28:11,2126,2125.8,2126,15,14,67
9:28:11,2126,2125.8,2126,39,16,29
9:28:12,2126,2126,2126.2,30,3,115
9:28:12,2126.2,2126,2126.2,58,2,64
9:28:13,2126,2125.8,2126,35,19,1
9:28:13,2126,2126,2126.2,16,2,30
9:28:14,2126.2,2126,2126.2,8,30,38
9:28:14,2126.2,2126,2126.2,9,37,35
9:28:15,2126.2,2126,2126.2,9,57,27
9:28:15,2126.2,2126,2126.2,14,59,14
9:28:16,2126.2,2126,2126.2,12,56,5
9:28:16,2126,2126,2126.4,23,41,40
9:28:17,2126.2,2126,2126.2,1,42,1
9:28:17,2126.2,2126,2126.2,1,42,5
9:28:18,2126,2126,2126.2,9,39,4
9:28:18,2126.2,2126,2126.2,9,47,8
9:28:19,2126.2,2126,2126.2,13,80,4
9:28:19,2126.4,2126,2126.4,22,76,63
9:28:20,2126.2,2126,2126.2,11,99,4
9:28:20,2126.2,2126.2,2126.4,5,12,57
9:28:21,2126.2,2126.2,2126.4,13,4,58
9:28:21,2126.2,2126,2126.2,11,87,5
9:28:22,2126.2,2126,2126.2,12,87,1
9:28:22,2126.2,2126.2,2126.4,4,5,69
9:28:23,2126.4,2126.2,2126.4,5,3,70
9:28:23,2126.2,2126,2126.2,11,84,2
9:28:24,2126.4,2126,2126.4,5,85,72
9:28:24,2126.2,2126,2126.2,5,106,3
9:28:25,2126.4,2126.2,2126.4,7,10,70
9:28:25,2126.4,2126.2,2126.4,22,8,53
9:28:26,2126.4,2126.2,2126.4,22,15,34
9:28:26,2126.4,2126.2,2126.4,8,41,31
9:28:27,2126.4,2126.2,2126.4,21,41,10
9:28:27,2126.4,2126.4,2126.6,17,22,104
9:28:28,2126.4,2126.2,2126.6,49,21,80
9:28:28,2126.4,2126.2,2126.6,12,39,73
9:28:29,2126.4,2126.2,2126.4,15,40,1
9:28:29,2126.6,2126.4,2126.6,8,1,66
9:28:30,2126.6,2126.2,2126.6,19,40,54
9:28:30,2126.6,2126.2,2126.6,5,41,58
9:28:31,2126.6,2126.4,2126.6,9,2,48
9:28:31,2126.6,2126.4,2126.6,1,4,49
9:28:32,2126.6,2126.2,2126.6,24,57,39
9:28:32,2126.6,2126.2,2126.6,16,56,28
9:28:33,2126.2,2126.2,2126.4,22,53,1
9:28:33,2126.6,2126.6,2126.8,22,19,111
9:28:34,2126.6,2126.4,2126.6,19,3,5
9:28:34,2126.4,2126.2,2126.4,7,70,6
9:28:35,2126.2,2126.2,2126.4,18,70,22
9:28:35,2126.6,2126.2,2126.6,50,57,6
9:28:36,2126.4,2126.2,2126.4,56,20,5
9:28:36,2126.4,2126.4,2126.6,20,1,12
9:28:37,2126.6,2126.4,2126.6,3,2,11
9:28:37,2126.4,2126.2,2126.6,20,14,15
9:28:38,2126.6,2126.4,2126.6,8,14,30
9:28:38,2126.6,2126.6,2126.8,35,14,116
9:28:39,2126.6,2126.6,2126.8,19,12,103
9:28:39,2126.8,2126.6,2126.8,6,15,99
9:28:40,2126.6,2126.6,2126.8,21,13,83
9:28:40,2126.8,2126.6,2126.8,38,15,48
9:28:41,2126.8,2126.6,2126.8,45,16,7
9:28:41,2126.8,2126.8,2127,14,39,40
9:28:42,2127,2126.8,2127,36,26,28
9:28:42,2127,2126.8,2127,21,26,14
9:28:43,2126.8,2127,2127.2,18,19,20
9:28:43,2127.2,2127,2127.2,11,28,14
9:28:44,2127,2127,2127.2,38,26,8
9:28:44,2126.8,2126.8,2127,52,18,4
9:28:45,2127,2126.8,2127,17,18,3
9:28:45,2127,2126.8,2127,50,9,45
9:28:46,2126.8,2126.8,2127,13,2,50
9:28:46,2126.8,2126.6,2126.8,24,21,11
9:28:47,2126.6,2126.6,2126.8,17,17,21
9:28:47,2126.6,2126.6,2126.8,19,27,15
9:28:48,2126.6,2126.6,2126.8,4,25,17
9:28:48,2126.8,2126.6,2126.8,14,19,15
9:28:49,2126.8,2126.6,2126.8,4,19,55
9:28:49,2126.8,2126.6,2126.8,22,4,67
9:28:50,2126.8,2126.4,2126.6,6,61,36
9:28:50,2126.8,2126.4,2126.6,1,61,39
9:28:51,2126.4,2126.4,2126.6,7,56,38
9:28:51,2126.4,2126.4,2126.6,6,57,40
9:28:52,2126.4,2126.4,2126.6,19,56,58
9:28:52,2126.6,2126.4,2126.6,37,21,57
9:28:53,2126.2,2126.2,2126.4,23,30,7
9:28:53,2126.4,2126.2,2126.4,3,40,4
9:28:54,2126.4,2126.2,2126.6,6,57,82
9:28:54,2126.2,2126.2,2126.4,8,75,2
9:28:55,2126.2,2126.2,2126.4,50,28,36
9:28:56,2126.2,2126.2,2126.4,4,41,58
9:28:56,2126.4,2126.2,2126.4,23,36,43
9:28:57,2126.2,2126.2,2126.4,11,32,41
9:28:57,2126.2,2126.2,2126.4,5,31,55
9:28:58,2126.2,2126.2,2126.4,1,36,55
9:28:58,2126.4,2126.2,2126.4,20,35,38
9:28:59,2126.2,2126.2,2126.4,4,34,52
9:28:59,2126.2,2126.2,2126.4,2,33,53
9:29:00,2126.4,2126.2,2126.4,20,24,45
9:29:00,2126.4,2126.2,2126.4,8,26,38
9:29:01,2126.4,2126.2,2126.4,11,26,29
9:29:01,2126.4,2126.2,2126.4,18,43,22
9:29:02,2126.2,2126.2,2126.6,25,44,132
9:29:02,2126.4,2126.2,2126.6,2,47,132
9:29:03,2126.4,2126.2,2126.4,2,47,19
9:29:03,2126.4,2126.2,2126.4,4,53,26
9:29:04,2126.4,2126.2,2126.4,48,51,7
9:29:04,2126.4,2126.4,2126.6,7,1,122
9:29:05,2126.4,2126.4,2126.6,28,12,118
9:29:05,2126.6,2126.4,2126.6,4,15,116
9:29:06,2126.4,2126.4,2126.6,6,14,112
9:29:06,2126.6,2126.4,2126.6,21,1,106
9:29:07,2126.6,2126.4,2126.6,2,5,105
9:29:07,2126.4,2126.4,2126.6,4,4,103
9:29:08,2126.4,2126.2,2126.4,7,55,1
9:29:08,2126.2,2126.2,2126.4,2,70,40
9:29:09,2126.4,2126.2,2126.4,3,69,37
9:29:09,2126.2,2126.2,2126.4,3,68,80
9:29:10,2126.4,2126.2,2126.4,6,61,76
9:29:10,2126.2,2126.2,2126.4,2,58,87
9:29:11,2126.4,2126.2,2126.4,2,46,85
9:29:11,2126.2,2126.2,2126.4,11,35,86
9:29:12,2126.2,2126.2,2126.4,2,35,87
9:29:12,2126.2,2126.2,2126.4,4,33,88
9:29:13,2126.2,2126.2,2126.4,4,30,92
9:29:13,2126.2,2126.2,2126.4,13,18,92
9:29:14,2126.4,2126,2126.2,23,140,1
9:29:14,2126.2,2126.2,2126.4,3,1,90
9:29:15,2126.2,2126,2126.2,3,144,4
9:29:15,2126.2,2126,2126.4,4,147,92
9:29:16,2126.2,2126,2126.4,11,137,90
9:29:16,2126.2,2126.2,2126.4,4,4,89
9:29:17,2126.2,2126.2,2126.4,3,5,87
9:29:18,2126.2,2126.2,2126.4,2,58,93
9:29:18,2126.2,2126.2,2126.4,1,59,115
9:29:19,2126.4,2126.2,2126.4,4,72,112
9:29:19,2126.4,2126.2,2126.4,6,73,109
9:29:20,2126.2,2126.2,2126.4,3,71,114
9:29:21,2126.4,2126.2,2126.4,3,70,113
9:29:22,2126.2,2126.2,2126.4,1,72,114
9:29:23,2126.2,2126.2,2126.4,50,24,114
9:29:23,2126.4,2126.2,2126.4,1,24,114
9:29:24,2126.2,2126.2,2126.4,16,19,114
9:29:24,2126.2,2126.2,2126.4,9,10,113
9:29:25,2126.2,2126.2,2126.4,1,9,113
9:29:25,2126.2,2126,2126.2,10,147,40
9:29:26,2126,2126,2126.2,3,146,55
9:29:27,2126.2,2126,2126.2,2,145,54
9:29:28,2126.2,2126,2126.2,3,143,52
9:29:28,2126.2,2126,2126.2,2,144,153
9:29:29,2126,2126,2126.2,32,112,154
9:29:29,2125.8,2125.8,2126.2,118,20,164
9:29:30,2125.8,2125.8,2126,15,5,17
9:29:30,2126,2125.8,2126,5,3,39
9:29:31,2126,2125.6,2126,7,29,48
9:29:31,2126,2125.6,2126,2,28,63
9:29:32,2126,2125.6,2126,2,32,93
9:29:32,2125.8,2125.6,2126,2,34,94
9:29:33,2125.6,2125.6,2125.8,5,51,3
9:29:33,2125.8,2125.6,2125.8,2,51,3
9:29:34,2125.8,2125.6,2125.8,4,63,1
9:29:34,2125.6,2125.6,2125.8,11,65,8
9:29:35,2125.8,2125.8,2126,13,16,98
9:29:35,2126,2125.8,2126,1,17,97
9:29:36,2125.8,2125.8,2126,2,29,95
9:29:38,2125.8,2125.8,2126,1,41,79
9:29:38,2125.8,2125.8,2126,1,40,79
9:29:39,2125.8,2125.8,2126,3,37,81
9:29:39,2125.8,2125.8,2126,1,38,81
9:29:40,2125.8,2125.8,2126,5,46,81
9:29:41,2125.8,2125.8,2126,3,44,83
9:29:41,2125.8,2125.8,2126,10,35,83
9:29:42,2125.8,2125.8,2126,6,31,68
9:29:42,2125.8,2125.8,2126,4,30,66
9:29:43,2125.8,2125.8,2126,12,23,68
9:29:43,2125.8,2125.8,2126,10,14,68
9:29:44,2125.8,2125.8,2126,6,10,69
9:29:44,2125.8,2125.8,2126,8,2,71
9:29:45,2125.8,2125.8,2126,9,6,72
9:29:45,2125.8,2125.8,2126,1,8,73
9:29:46,2125.8,2125.8,2126,3,24,73
9:29:47,2125.8,2125.8,2126,7,17,73
9:29:47,2125.8,2125.8,2126,5,16,75
9:29:48,2126,2125.8,2126,6,14,74
9:29:49,2125.8,2125.8,2126,7,9,77
9:29:49,2125.8,2125.8,2126,2,7,77
9:29:50,2125.8,2125.8,2126,3,5,80
9:29:50,2125.8,2125.8,2126,23,25,70
9:29:51,2125.8,2125.8,2126,1,24,70
9:29:52,2125.8,2125.8,2126,3,47,73
9:29:52,2126,2125.8,2126,1,47,72
9:29:53,2125.8,2125.8,2126,10,57,78
9:29:53,2125.8,2125.8,2126,3,55,78
9:29:54,2125.8,2125.8,2126,15,54,65
9:29:54,2126,2125.8,2126,9,52,60
9:29:55,2126,2125.8,2126,1,52,61
9:29:55,2126,2125.8,2126,5,50,57
9:29:56,2126,2125.8,2126,4,54,53
9:29:57,2126,2125.8,2126,22,55,31
9:29:57,2126,2125.8,2126,15,55,16
9:29:58,2126,2125.8,2126,16,57,2
9:29:58,2126,2126,2126.2,4,1,162
9:29:59,2126,2126,2126.2,1,7,161
9:29:59,2126.2,2126,2126.2,1,9,160
9:30:00,2126,2126,2126.2,1,8,160
9:30:00,2126.2,2125.8,2126.2,57,55,115
9:30:01,2126.2,2126,2126.2,35,1,80
9:30:01,2126.2,2126,2126.2,23,8,57
9:30:02,2126,2126,2126.2,10,14,48
9:30:02,2126,2126,2126.2,27,14,22
9:30:03,2126.2,2126.2,2126.4,32,24,42
9:30:03,2126.4,2126.2,2126.4,16,78,26
9:30:04,2126.4,2126.4,2126.6,49,4,56
9:30:04,2126.2,2126.4,2126.6,26,12,51
9:30:05,2126.6,2126.4,2126.6,8,14,44
9:30:05,2126.4,2126.2,2126.4,17,85,50
9:30:06,2126.4,2126.2,2126.4,15,84,37
9:30:06,2126.2,2126.2,2126.4,13,81,33
9:30:07,2126.4,2126.2,2126.4,5,82,33
9:30:07,2126.4,2126.2,2126.4,2,82,32
9:30:08,2126.4,2126.2,2126.4,6,83,27
9:30:08,2126.4,2126.2,2126.4,15,85,12
9:30:09,2126.4,2126.2,2126.4,10,87,2
9:30:09,2126.6,2126.4,2126.6,3,1,41
9:30:10,2126.6,2126.4,2126.6,3,5,38
9:30:10,2126.6,2126.4,2126.6,3,8,30
9:30:11,2126.4,2126.4,2126.6,4,13,27
9:30:11,2126.6,2126.6,2126.8,27,2,61
9:30:12,2126.6,2126.6,2126.8,6,2,58
9:30:12,2126.6,2126.6,2126.8,7,4,55
9:30:13,2126.8,2126.6,2126.8,54,3,2
9:30:13,2126.8,2126.8,2127,3,2,65
9:30:14,2127,2126.8,2127,4,9,61
9:30:14,2126.8,2126.8,2127,14,25,57
9:30:15,2127,2126.8,2127,46,36,14
9:30:15,2127,2126.8,2127,13,36,1
9:30:16,2127,2127,2127.2,11,10,42
9:30:16,2127,2127,2127.2,7,9,39
9:30:17,2127.2,2127,2127.2,8,59,38
9:30:17,2127.2,2127,2127.2,43,40,17
9:30:18,2127.2,2127,2127.2,16,41,2
9:30:18,2127.2,2127.2,2127.4,8,11,56
9:30:19,2127.2,2127.2,2127.4,19,7,47
9:30:19,2127.2,2127.2,2127.4,8,12,44
9:30:20,2127.4,2127.2,2127.4,5,20,49
9:30:20,2127.4,2127.2,2127.4,39,23,13
9:30:21,2127.2,2127.2,2127.4,15,13,16
9:30:21,2127.2,2127.2,2127.4,17,11,8
9:30:22,2127.4,2127.2,2127.4,16,11,30
9:30:22,2127.4,2127.2,2127.4,11,6,35
9:30:23,2127.4,2127,2127.2,44,49,6
9:30:23,2127,2127,2127.2,28,40,3
9:30:24,2127.2,2127,2127.2,10,41,2
9:30:24,2127.2,2127,2127.4,34,38,14
9:30:25,2127.4,2127,2127.4,10,36,21
9:30:25,2127.2,2127.2,2127.4,10,14,20
9:30:26,2127.4,2127.2,2127.4,17,10,9
9:30:26,2127.2,2127.4,2127.6,35,13,81
9:30:27,2127.2,2127.4,2127.6,10,14,81
9:30:27,2127.6,2127.4,2127.6,61,10,23
9:30:28,2127.6,2127.6,2127.8,40,15,68
9:30:28,2127.6,2127.6,2127.8,16,23,54
9:30:29,2127.4,2127.2,2127.6,42,67,1
9:30:29,2127.6,2127.4,2127.6,66,2,1
9:30:30,2127.6,2127.4,2127.6,22,8,16
9:30:30,2127.4,2127.4,2127.6,28,26,13
9:30:31,2127.4,2127.4,2127.6,24,19,35
9:30:31,2127.6,2127.4,2127.6,24,9,26
9:30:32,2127.6,2127.4,2127.6,6,9,42
9:30:32,2127.4,2127.2,2127.4,15,55,4
9:30:33,2127.4,2127.2,2127.4,4,56,1
9:30:33,2127.2,2127.2,2127.4,31,38,2
9:30:34,2127.6,2127.2,2127.4,9,34,5
9:30:34,2127.2,2127,2127.2,55,62,8
9:30:35,2127.4,2127.2,2127.4,38,1,5
9:30:35,2127.2,2127.2,2127.4,27,7,22
9:30:36,2127.4,2127.2,2127.4,10,25,19
9:30:36,2127.4,2127.2,2127.4,21,10,16
9:30:37,2127.4,2127.2,2127.6,26,3,85
9:30:37,2127.4,2127.2,2127.4,8,22,1
9:30:38,2127.2,2127.2,2127.4,3,23,2
9:30:38,2127.4,2127.2,2127.4,1,24,4
9:30:39,2127.4,2127.2,2127.4,13,36,10
9:30:39,2127.2,2127.2,2127.4,12,25,10
9:30:40,2127.4,2127.4,2127.6,22,8,88
9:30:40,2127.6,2127.4,2127.6,11,3,96
9:30:41,2127.6,2127.2,2127.4,6,25,1
9:30:41,2127.6,2127.4,2127.6,4,21,94
9:30:42,2127.4,2127.4,2127.6,4,20,91
9:30:42,2127.4,2127.4,2127.6,22,13,80
9:30:43,2127.6,2127.4,2127.6,3,11,69
9:30:43,2127.6,2127.4,2127.6,11,1,68
9:30:44,2127.4,2127.4,2127.6,53,3,16
9:30:44,2127.6,2127.4,2127.6,12,11,15
9:30:45,2127.4,2127.6,2127.8,23,10,34
9:30:45,2127.6,2127.6,2127.8,5,19,34
9:30:46,2127.6,2127.6,2127.8,10,15,25
9:30:46,2127.8,2127.6,2127.8,22,35,4
9:30:47,2128,2127.8,2128,27,26,103
9:30:47,2128,2127.8,2128,86,33,31
9:30:48,2128,2127.8,2128,27,29,6
9:30:48,2128,2128,2128.2,7,16,36
9:30:49,2128.2,2128,2128.2,14,47,29
9:30:49,2128.4,2128.2,2128.4,37,7,58
9:30:50,2128.4,2128.2,2128.4,60,4,28
9:30:50,2128.4,2128.2,2128.4,13,12,30
9:30:51,2128.2,2128,2128.4,28,41,38
9:30:51,2128.2,2128,2128.2,36,31,47
9:30:52,2128,2128,2128.2,30,15,63
9:30:52,2128,2127.8,2128,43,19,38
9:30:53,2128,2127.8,2128,26,5,32
9:30:53,2127.8,2127.6,2127.8,27,23,9
9:30:54,2127.8,2127.6,2127.8,9,40,20
9:30:54,2127.8,2127.8,2128,42,9,39
9:30:55,2127.8,2127.8,2128,26,12,39
9:30:55,2128,2127.8,2128,28,18,22
9:30:56,2127.8,2127.8,2128,3,19,8
9:30:56,2127.8,2127.8,2128,17,6,43
9:30:57,2128,2127.8,2128,6,18,42
9:30:57,2128,2127.8,2128,6,17,41
9:30:58,2127.8,2127.8,2128,12,65,75
9:30:58,2127.8,2127.8,2128,8,64,69
9:30:59,2127.8,2127.8,2128,15,65,61
9:30:59,2128,2127.8,2128,24,61,41
9:31:00,2127.8,2127.8,2128,11,57,38
9:31:00,2128.2,2128,2128.2,80,5,32
9:31:01,2128,2128,2128.2,15,27,26
9:31:01,2128,2128,2128.2,28,18,19
9:31:02,2128,2128,2128.4,47,2,43
9:31:02,2128.2,2128.2,2128.4,10,15,55
9:31:03,2128.2,2128.2,2128.4,55,29,55
9:31:03,2128.2,2128,2128.2,35,1,14
9:31:04,2128,2128,2128.2,52,5,37
9:31:04,2128,2127.8,2128,15,10,67
9:31:05,2128,2127.8,2128,27,4,55
9:31:05,2128,2127.6,2127.8,69,43,22
9:31:06,2127.8,2127.6,2127.8,10,57,109
9:31:06,2127.6,2127.6,2127.8,9,57,108
9:31:07,2127.6,2127.6,2127.8,18,27,106
9:31:07,2127.6,2127.4,2127.6,45,15,17
9:31:08,2127.4,2127.4,2127.6,14,44,16
9:31:08,2127.6,2127.4,2127.6,8,54,21
9:31:09,2127.4,2127.4,2127.6,20,58,15
9:31:09,2127.6,2127.4,2127.6,11,66,14
9:31:10,2127.4,2127.4,2127.6,12,63,9
9:31:10,2127.6,2127.6,2127.8,23,7,113
9:31:11,2127.6,2127.6,2127.8,5,2,113
9:31:11,2127.6,2127.6,2127.8,6,3,113
9:31:12,2127.4,2127.6,2127.8,4,6,115
9:31:12,2127.6,2127.6,2127.8,5,3,114
9:31:13,2127.6,2127.6,2127.8,21,13,100
9:31:13,2127.8,2127.6,2127.8,8,12,99
9:31:14,2127.6,2127.6,2127.8,9,23,83
9:31:14,2127.8,2127.6,2127.8,49,23,43
9:31:15,2127.8,2127.6,2127.8,24,18,22
9:31:15,2127.8,2127.6,2127.8,9,36,20
9:31:16,2127.8,2127.6,2127.8,12,35,10
9:31:16,2127.8,2127.8,2128,13,17,70
9:31:17,2127.8,2127.8,2128,2,23,75
9:31:17,2127.8,2127.8,2128,13,11,75
9:31:18,2127.8,2127.8,2128,6,7,78
9:31:18,2128,2127.8,2128,3,26,80
9:31:19,2127.8,2127.8,2128,4,22,81
9:31:19,2127.8,2127.8,2128,3,20,81
9:31:20,2127.8,2127.8,2128,2,18,82
9:31:20,2127.8,2127.8,2128,15,11,79
9:31:21,2127.8,2127.6,2127.8,20,49,12
9:31:21,2127.8,2127.6,2127.8,5,47,11
9:31:22,2127.8,2127.6,2127.8,17,31,19
9:31:22,2127.8,2127.6,2127.8,20,34,22
9:31:23,2127.6,2127.6,2127.8,20,19,24
9:31:23,2127.8,2127.6,2127.8,26,1,35
9:31:24,2127.6,2127.4,2127.6,4,67,8
9:31:24,2127.6,2127.4,2127.6,5,66,8
9:31:25,2127.6,2127.4,2127.6,14,60,1
9:31:26,2127.6,2127.4,2127.8,13,51,46
9:31:26,2127.8,2127.6,2127.8,4,65,50
9:31:27,2127.8,2127.6,2127.8,12,65,39
9:31:27,2127.6,2127.6,2127.8,3,62,50
9:31:28,2127.8,2127.6,2127.8,14,62,37
9:31:28,2127.8,2127.6,2127.8,8,59,29
9:31:29,2127.6,2127.6,2127.8,6,61,42
9:31:30,2127.6,2127.6,2127.8,12,53,49
9:31:30,2127.6,2127.6,2127.8,39,20,44
9:31:31,2127.8,2127.6,2127.8,13,12,41
9:31:31,2127.8,2127.6,2127.8,11,7,37
9:31:32,2127.8,2127.6,2127.8,23,1,23
9:31:32,2127.4,2127.4,2127.6,12,55,3
9:31:33,2127.6,2127.4,2127.6,4,56,6
9:31:33,2127.6,2127.4,2127.8,19,54,50
9:31:34,2127.4,2127.6,2127.8,2,10,50
9:31:34,2127.8,2127.6,2127.8,20,7,49
9:31:35,2127.6,2127.6,2127.8,3,4,50
9:31:35,2127.4,2127.4,2127.6,6,43,20
9:31:36,2127.6,2127.6,2127.8,41,3,51
9:31:36,2127.8,2127.6,2127.8,3,1,61
9:31:37,2127.6,2127.4,2127.8,6,44,54
9:31:37,2127.4,2127.4,2127.6,1,43,1
9:31:38,2127.6,2127.4,2127.6,1,53,1
9:31:38,2127.6,2127.4,2127.6,5,52,13
9:31:39,2127.4,2127.4,2127.6,16,35,13
9:31:39,2127.4,2127.4,2127.6,5,33,13
9:31:40,2127.6,2127.4,2127.6,8,16,22
9:31:40,2127.4,2127.4,2127.6,7,11,24
9:31:41,2127.4,2127.4,2127.6,2,10,25
9:31:41,2127.6,2127.4,2127.6,9,4,26
9:31:42,2127.4,2127.4,2127.6,6,3,27
9:31:42,2127.4,2127.2,2127.4,4,89,7
9:31:43,2127.4,2127.2,2127.4,3,90,6
9:31:43,2127.6,2127.4,2127.6,28,20,13
9:31:44,2127.4,2127.4,2127.6,10,22,6
9:31:44,2127.6,2127.4,2127.6,4,23,4
9:31:45,2127.6,2127.4,2127.6,5,69,1
9:31:45,2127.8,2127.6,2127.8,8,19,72
9:31:46,2127.4,2127.4,2127.8,28,60,73
9:31:46,2127.4,2127.4,2127.8,5,72,71
9:31:47,2127.8,2127.4,2127.6,6,67,1
9:31:47,2127.4,2127.4,2127.6,2,67,2
9:31:48,2127.6,2127.4,2127.6,1,68,1
9:31:48,2127.6,2127.6,2127.8,3,28,75
9:31:49,2127.8,2127.6,2127.8,6,25,78
9:31:49,2127.6,2127.6,2127.8,6,20,79
9:31:50,2127.6,2127.6,2127.8,7,50,79
9:31:50,2127.6,2127.6,2127.8,5,72,78
9:31:51,2127.6,2127.6,2127.8,4,71,77
9:31:51,2127.6,2127.6,2127.8,13,65,73
9:31:52,2127.8,2127.6,2127.8,19,65,65
9:31:52,2127.8,2127.6,2127.8,11,80,54
9:31:53,2127.6,2127.6,2127.8,37,70,29
9:31:53,2127.8,2127.8,2128,37,12,106
9:31:54,2128,2127.8,2128,104,16,2
9:31:54,2128,2128,2128.2,12,14,51
9:31:55,2128.2,2128,2128.2,10,22,42
9:31:55,2128.2,2128,2128.2,18,19,34
9:31:56,2128.4,2128.2,2128.4,36,20,67
9:31:56,2128.4,2128.2,2128.4,35,34,34
9:31:57,2128.4,2128.2,2128.4,48,29,5
9:31:57,2128.6,2128.4,2128.6,13,15,42
9:31:58,2128.4,2128.4,2128.8,77,7,63
9:31:58,2128.8,2128.6,2128.8,46,1,23
9:31:59,2128.8,2128.6,2128.8,50,4,6
9:31:59,2128.8,2128.8,2129,18,17,69
9:32:00,2128.8,2128.4,2128.8,58,1,2
9:32:00,2128.8,2128.8,2129,56,40,21
9:32:01,2128.8,2128.8,2129,47,38,6
9:32:01,2129,2129,2129.2,64,10,15
9:32:02,2129,2129,2129.2,53,20,10
9:32:02,2129,2129.2,2129.4,32,5,93
9:32:03,2128.8,2128.8,2129.2,31,81,35
9:32:03,2128.8,2128.8,2129,11,77,23
9:32:04,2128.8,2128.8,2129,51,63,91
9:32:04,2128.8,2128.8,2129,79,17,69
9:32:05,2128.8,2128.4,2128.8,46,27,26
9:32:05,2128.8,2128.6,2128.8,42,3,31
9:32:06,2128.8,2128.6,2128.8,16,20,34
9:32:06,2128.6,2128.6,2128.8,6,24,56
9:32:07,2128.6,2128.6,2128.8,10,22,57
9:32:07,2128.6,2128.6,2128.8,14,17,54
9:32:08,2128.6,2128.6,2128.8,30,3,48
9:32:08,2128.6,2128.6,2128.8,13,5,43
9:32:09,2128.6,2128.4,2128.6,11,28,22
9:32:09,2128.4,2128.4,2128.6,21,23,44
9:32:10,2128.4,2128.4,2128.6,23,19,26
9:32:10,2128.4,2128.4,2128.6,7,18,38
9:32:11,2128.2,2128.2,2128.6,28,33,34
9:32:11,2128.6,2128.2,2128.6,24,33,14
9:32:12,2128.4,2128.4,2128.6,10,13,17
9:32:12,2128.4,2128.2,2128.4,32,35,2
9:32:13,2128.4,2128.4,2128.6,13,7,14
9:32:13,2128.6,2128.4,2128.6,8,19,10
9:32:14,2128.4,2128.4,2128.6,5,50,13
9:32:14,2128.4,2128.4,2128.6,40,22,13
9:32:15,2128.4,2128.4,2128.6,20,5,16
9:32:15,2128.2,2128.2,2128.4,22,27,5
9:32:16,2128.6,2128.2,2128.6,17,50,22
9:32:16,2128.4,2128.2,2128.4,4,49,4
9:32:17,2128.2,2128.2,2128.4,5,46,10
9:32:17,2128.4,2128.2,2128.4,23,30,4
9:32:18,2128.2,2128.2,2128.4,18,21,3
9:32:18,2128.2,2128.2,2128.4,2,20,2
9:32:19,2128.2,2128.2,2128.4,14,17,3
9:32:19,2128.2,2128.2,2128.4,14,11,18
9:32:20,2128.2,2128.2,2128.4,17,16,6
9:32:20,2128.2,2128,2128.4,24,13,5
9:32:21,2128.2,2128.2,2128.4,8,1,6
9:32:21,2128,2128,2128.2,5,10,2
9:32:22,2128,2127.8,2128,21,25,22
9:32:22,2128,2127.8,2128,12,21,16
9:32:23,2127.8,2127.8,2128,9,32,9
9:32:23,2127.8,2127.8,2128,9,23,18
9:32:24,2127.8,2127.6,2127.8,43,36,3
9:32:24,2127.8,2127.6,2128,5,43,23
9:32:25,2128,2127.6,2128,6,40,22
9:32:25,2128,2127.6,2128,7,50,19
9:32:26,2127.6,2127.6,2127.8,2,53,6
9:32:26,2127.6,2127.6,2127.8,2,55,5
9:32:27,2127.8,2127.6,2128,8,53,31
9:32:27,2128,2127.8,2128,6,1,31
9:32:28,2127.8,2127.8,2128,17,7,17
9:32:28,2127.6,2127.8,2128,14,4,16
9:32:29,2127.8,2127.8,2128,18,28,19
9:32:29,2127.8,2127.8,2128,32,7,34
9:32:30,2128,2127.8,2128,14,18,22
9:32:30,2127.8,2127.6,2127.8,13,58,9
9:32:31,2127.6,2127.6,2127.8,10,53,7
9:32:31,2127.6,2127.6,2127.8,10,50,1
9:32:32,2127.6,2127.6,2127.8,6,54,2
9:32:32,2127.6,2127.6,2127.8,6,52,48
9:32:33,2127.8,2127.6,2127.8,7,50,52
9:32:33,2127.6,2127.6,2127.8,3,47,52
9:32:34,2127.8,2127.6,2127.8,47,14,43
9:32:34,2127.4,2127.4,2127.6,22,34,25
9:32:35,2127.6,2127.4,2127.6,11,26,33
9:32:35,2127.4,2127.4,2127.6,7,23,31
9:32:36,2127.6,2127.4,2127.8,34,19,48
9:32:36,2127.8,2127.6,2127.8,41,17,48
9:32:37,2127.6,2127.6,2127.8,6,11,54
9:32:37,2127.6,2127.6,2127.8,13,2,51
9:32:38,2127.6,2127.6,2127.8,5,3,49
9:32:38,2127.6,2127.6,2127.8,2,1,50
9:32:39,2127.6,2127.4,2127.6,6,23,5
9:32:39,2127.4,2127.4,2127.6,2,22,10
9:32:40,2127.4,2127.4,2127.6,3,19,14
9:32:40,2127.6,2127.2,2127.4,30,89,32
9:32:41,2127.2,2127.2,2127.4,5,87,29
9:32:41,2127.4,2127.2,2127.4,8,86,23
9:32:42,2127.4,2127.2,2127.4,9,87,17
9:32:42,2127.4,2127.2,2127.4,6,82,21
9:32:43,2127.2,2127.2,2127.4,25,85,8
9:32:43,2127.4,2127.2,2127.4,12,74,2
9:32:44,2127.2,2127.2,2127.4,8,73,2
9:32:44,2127.4,2127.2,2127.6,6,73,25
9:32:45,2127.4,2127.4,2127.6,16,3,25
9:32:45,2127.4,2127.4,2127.6,5,7,23
9:32:46,2127.4,2127.4,2127.6,2,11,22
9:32:46,2127.6,2127.4,2127.6,4,33,16
9:32:47,2127.4,2127.4,2127.6,16,28,12
9:32:47,2127.6,2127.4,2127.6,6,35,14
9:32:48,2127.4,2127.4,2127.6,7,33,15
9:32:48,2127.4,2127.4,2127.6,6,28,16
9:32:49,2127.6,2127.4,2127.6,4,27,17
9:32:49,2127.4,2127.4,2127.6,4,20,19
9:32:50,2127.4,2127.4,2127.6,2,18,19
9:32:50,2127.4,2127.4,2127.6,1,17,28
9:32:51,2127.4,2127.4,2127.6,11,7,29
9:32:51,2127.6,2127.4,2127.6,2,9,30
9:32:52,2127.4,2127.4,2127.6,8,6,28
9:32:52,2127.4,2127.2,2127.4,14,93,5
9:32:53,2127.2,2127.2,2127.4,1,92,8
9:32:53,2127.4,2127.2,2127.4,1,92,7
9:32:54,2127.2,2127.2,2127.4,3,87,7
9:32:54,2127.2,2127.2,2127.4,2,95,6
9:32:55,2127.4,2127.2,2127.4,2,95,5
9:32:55,2127.2,2127.2,2127.4,5,95,4
9:32:56,2127.2,2127.2,2127.4,6,89,6
9:32:56,2127.4,2127.2,2127.4,5,89,3
9:32:57,2127.2,2127.2,2127.4,2,91,3
9:32:57,2127.2,2127.2,2127.4,1,90,3
9:32:58,2127.4,2127.2,2127.4,2,90,3
9:32:58,2127.4,2127.2,2127.4,18,74,3
9:32:59,2127.4,2127.2,2127.4,12,76,3
9:32:59,2127.2,2127.2,2127.4,2,64,4
9:33:00,2127.2,2127.2,2127.4,3,62,7
9:33:00,2127.6,2127.4,2127.6,16,3,24
9:33:01,2127.8,2127.4,2127.8,31,6,61
9:33:01,2127.8,2127.4,2127.8,16,2,50
9:33:02,2127.8,2127.4,2127.8,22,2,38
9:33:02,2127.8,2127.6,2127.8,12,1,28
9:33:03,2127.8,2127.4,2127.8,10,22,25
9:33:03,2127.4,2127.6,2127.8,17,2,17
9:33:04,2127.8,2127.4,2127.8,17,29,6
9:33:04,2127.8,2127.4,2127.8,5,34,1
9:33:05,2127.8,2127.8,2128,8,47,77
9:33:05,2127.8,2127.8,2128,10,45,72
9:33:06,2127.8,2127.8,2128,8,47,66
9:33:06,2127.8,2127.8,2128,1,46,66
9:33:07,2128,2127.8,2128,3,48,64
9:33:07,2127.8,2127.8,2128,16,46,54
9:33:08,2128,2127.8,2128,2,46,53
9:33:08,2127.8,2127.8,2128,51,44,12
9:33:09,2128,2127.8,2128,3,43,10
9:33:09,2128,2127.8,2128,8,38,14
9:33:10,2127.8,2127.8,2128,4,36,27
9:33:10,2127.8,2127.8,2128,1,37,29
9:33:11,2128,2127.8,2128,14,34,21
9:33:11,2127.8,2127.8,2128,5,31,22
9:33:12,2127.8,2127.8,2128,10,27,18
9:33:12,2127.8,2127.6,2128,30,25,19
9:33:13,2127.8,2127.6,2127.8,8,20,1
9:33:13,2127.8,2127.8,2128,31,11,2
9:33:14,2127.6,2127.6,2127.8,14,21,1
9:33:14,2127.8,2127.6,2128,13,10,3
9:33:15,2127.8,2127.6,2128,11,6,10
9:33:15,2128,2128,2128.2,15,6,14
9:33:16,2128,2128,2128.2,5,2,15
9:33:16,2128.2,2128,2128.2,6,1,12
9:33:17,2127.8,2127.8,2128,5,1,4
9:33:17,2127.8,2127.6,2127.8,11,8,2
9:33:18,2128,2127.8,2128,4,16,15
9:33:18,2128,2127.8,2128,6,13,17
9:33:19,2127.8,2127.8,2128,2,20,22
9:33:19,2128,2127.8,2128,1,21,24
9:33:20,2127.8,2127.8,2128,6,21,21
9:33:21,2128,2127.8,2128,4,22,18
9:33:21,2127.8,2127.8,2128,4,18,25
9:33:22,2128,2127.8,2128,2,18,24
9:33:23,2127.8,2127.8,2128,13,10,74
9:33:23,2127.8,2127.8,2128,5,7,74
9:33:24,2127.8,2127.6,2127.8,8,24,5
9:33:24,2127.8,2127.6,2127.8,1,28,7
9:33:25,2128,2127.8,2128,16,6,75
9:33:25,2127.8,2127.6,2127.8,13,26,2
9:33:26,2127.6,2127.6,2127.8,2,24,10
9:33:26,2127.8,2127.6,2127.8,2,26,11
9:33:27,2127.6,2127.6,2127.8,3,24,15
9:33:27,2127.6,2127.6,2127.8,3,23,27
9:33:28,2127.6,2127.4,2127.6,24,46,5
9:33:28,2127.4,2127.4,2127.6,9,39,9
9:33:29,2127.6,2127.4,2127.6,2,60,14
9:33:29,2127.6,2127.4,2127.6,4,56,25
9:33:30,2127.4,2127.4,2127.6,2,53,26
9:33:30,2127.6,2127.4,2127.6,7,52,23
9:33:31,2127.4,2127.2,2127.4,53,93,15
9:33:31,2127.2,2127.2,2127.4,2,92,15
9:33:32,2127.4,2127.2,2127.4,4,91,15
9:33:32,2127.4,2127.2,2127.4,2,91,15
9:33:33,2127.4,2127.4,2127.6,23,10,24
9:33:34,2127.6,2127.4,2127.6,6,43,24
9:33:35,2127.6,2127.4,2127.6,16,38,13
9:33:35,2127.4,2127.4,2127.6,17,43,14
9:33:36,2127.6,2127.4,2127.6,14,52,3
9:33:36,2127.4,2127.4,2127.6,5,46,2
9:33:37,2127.4,2127.4,2127.8,9,45,63
9:33:37,2127.4,2127.4,2127.6,2,43,1
9:33:38,2127.4,2127.4,2127.6,6,37,2
9:33:38,2127.4,2127.4,2127.6,3,35,9
9:33:39,2127.6,2127.4,2127.6,3,35,6
9:33:39,2127.6,2127.4,2127.6,9,28,5
9:33:40,2127.6,2127.4,2127.6,10,26,13
9:33:40,2127.6,2127.4,2127.6,5,25,10
9:33:41,2127.4,2127.4,2127.6,3,24,12
9:33:41,2127.4,2127.4,2127.6,1,23,43
9:33:42,2127.4,2127.4,2127.6,3,22,43
9:33:42,2127.4,2127.4,2127.6,1,24,48
9:33:43,2127.4,2127.4,2127.6,1,22,48
9:33:43,2127.4,2127.2,2127.4,26,99,28
9:33:44,2127.2,2127.2,2127.6,54,97,49
9:33:44,2127.2,2127.2,2127.6,1,98,49
9:33:45,2127.4,2127.2,2127.4,2,98,2
9:33:45,2127.2,2127.2,2127.4,28,71,3
9:33:46,2127.4,2127.2,2127.4,6,68,5
9:33:46,2127.2,2127.2,2127.4,13,76,4
9:33:47,2127.2,2127.2,2127.4,6,71,4
9:33:47,2127.2,2127.2,2127.4,6,63,7
9:33:48,2127.2,2127.2,2127.4,2,61,7
9:33:48,2127.2,2127.2,2127.4,2,59,10
9:33:49,2127.4,2127.2,2127.4,5,59,9
9:33:49,2127.2,2127.2,2127.4,2,57,10
9:33:50,2127.2,2127.2,2127.4,3,55,11
9:33:50,2127.2,2127.2,2127.4,4,53,13
9:33:51,2127.2,2127.2,2127.4,1,81,20
9:33:51,2127.4,2127.2,2127.4,3,81,24
9:33:52,2127.4,2127.2,2127.4,4,81,21
9:33:52,2127.2,2127.2,2127.4,1,80,21
9:33:53,2127.4,2127.2,2127.4,10,83,15
9:33:53,2127.4,2127.2,2127.4,4,80,15
9:33:54,2127.4,2127.2,2127.4,5,85,13
9:33:54,2127.2,2127.2,2127.4,3,82,15
9:33:55,2127.2,2127.2,2127.4,31,61,29
9:33:55,2127.2,2127.2,2127.4,8,43,29
9:33:56,2127.2,2127.2,2127.4,3,38,42
9:33:57,2127.2,2127.2,2127.4,27,13,44
9:33:57,2127.2,2127,2127.2,16,140,90
9:33:58,2127,2127,2127.2,3,138,98
9:33:58,2127,2127,2127.2,46,109,81
9:33:59,2127.2,2127,2127.2,20,103,69
9:33:59,2127,2127,2127.2,25,90,49
9:34:00,2127,2127,2127.2,11,81,53
9:34:00,2127.2,2127,2127.2,100,37,21
9:34:01,2126.8,2126.8,2127,43,84,16
9:34:01,2127,2126.8,2127,28,101,3
9:34:02,2127,2127,2127.2,13,21,18
9:34:02,2127.2,2127,2127.2,6,35,22
9:34:03,2127.2,2127,2127.2,20,55,19
9:34:03,2127,2127,2127.2,28,52,1
9:34:04,2127.2,2127,2127.2,56,1,5
9:34:04,2127,2126.8,2127,10,78,1
9:34:05,2127,2126.8,2127,2,92,2
9:34:05,2127,2127,2127.2,5,13,29
9:34:06,2127,2127,2127.2,19,4,38
9:34:06,2127.2,2127,2127.2,10,13,35
9:34:07,2127,2127,2127.2,16,14,24
9:34:07,2127,2127,2127.2,7,11,24
9:34:08,2127,2127,2127.2,34,16,24
9:34:08,2127,2127,2127.2,5,17,29
9:34:09,2127,2127,2127.2,13,35,28
9:34:09,2127,2127,2127.2,2,34,28
9:34:10,2127,2127,2127.2,1,35,32
9:34:10,2127.2,2127,2127.2,6,33,30
9:34:11,2127,2127,2127.2,4,30,30
9:34:11,2127,2127,2127.2,22,33,10
9:34:12,2127.2,2127,2127.2,7,56,11
9:34:12,2127.2,2127.2,2127.4,13,8,20
9:34:13,2127.4,2127.4,2127.6,27,13,42
9:34:13,2127.6,2127.4,2127.6,4,12,41
9:34:14,2127.4,2127.4,2127.6,18,8,38
9:34:14,2127.4,2127.2,2127.4,23,68,5
9:34:15,2127.4,2127.2,2127.4,4,73,2
9:34:16,2127.2,2127.4,2127.6,3,1,28
9:34:16,2127.6,2127.4,2127.6,1,8,27
9:34:17,2127.6,2127.4,2127.6,2,8,25
9:34:18,2127.4,2127.4,2127.6,1,13,39
9:34:19,2127.6,2127.4,2127.6,6,18,23
9:34:19,2127.4,2127.4,2127.6,1,17,23
9:34:20,2127.4,2127.4,2127.6,1,21,33
9:34:20,2127.6,2127.4,2127.6,16,22,17
9:34:21,2127.4,2127.4,2127.6,2,22,20
9:34:21,2127.4,2127.4,2127.6,2,22,21
9:34:22,2127.6,2127.4,2127.6,2,23,19
9:34:23,2127.6,2127.6,2127.8,21,16,42
9:34:23,2127.6,2127.6,2127.8,1,15,44
9:34:24,2127.8,2127.6,2127.8,3,13,57
9:34:24,2127.8,2127.6,2127.8,6,15,65
9:34:25,2127.6,2127.4,2127.6,16,31,13
9:34:25,2127.6,2127.4,2127.6,6,28,9
9:34:26,2127.6,2127.4,2127.6,10,22,17
9:34:26,2127.6,2127.4,2127.6,7,22,13
9:34:27,2127.4,2127.4,2127.6,27,14,1
9:34:28,2127.6,2127.4,2127.6,1,12,3
9:34:28,2127.6,2127.4,2127.6,3,14,3
9:34:29,2127.6,2127.4,2127.6,3,16,5
9:34:29,2127.4,2127.4,2127.6,1,17,19
9:34:30,2127.6,2127.4,2127.6,4,17,17
9:34:30,2127.4,2127.4,2127.6,1,21,19
9:34:31,2127.4,2127.4,2127.6,1,20,20
9:34:31,2127.4,2127.4,2127.6,3,18,20
9:34:32,2127.6,2127.4,2127.6,3,17,18
9:34:32,2127.6,2127.4,2127.6,12,8,15
9:34:33,2127.4,2127.2,2127.4,12,47,2
9:34:33,2127.2,2127.2,2127.4,2,45,2
9:34:34,2127.2,2127.2,2127.4,5,44,10
9:34:34,2127.4,2127.2,2127.4,2,44,11
9:34:35,2127.2,2127.2,2127.4,2,42,11
9:34:36,2127.4,2127.2,2127.4,1,46,15
9:34:36,2127.6,2127.2,2127.6,30,46,6
9:34:37,2127.4,2127.4,2127.6,1,7,27
9:34:38,2127.4,2127.4,2127.6,1,6,28
9:34:39,2127.6,2127.4,2127.6,1,6,28
9:34:40,2127.4,2127.4,2127.6,3,4,37
9:34:40,2127.6,2127.4,2127.6,16,1,30
9:34:41,2127.6,2127.4,2127.6,1,3,29
9:34:41,2127.4,2127.4,2127.6,2,4,29
9:34:42,2127.6,2127.2,2127.6,5,55,28
9:34:42,2127.6,2127.4,2127.6,1,3,27
9:34:43,2127.6,2127.4,2127.6,2,3,28
9:34:43,2127.4,2127.4,2127.6,7,2,25
9:34:44,2127.6,2127.4,2127.6,2,5,24
9:34:44,2127.4,2127.4,2127.6,9,3,20
9:34:45,2127.4,2127.4,2127.6,3,3,20
9:34:45,2127.6,2127.4,2127.6,2,2,19
9:34:46,2127.4,2127.4,2127.6,1,3,19
9:34:47,2127.4,2127.4,2127.6,4,4,19
9:34:48,2127.6,2127.4,2127.6,5,36,15
9:34:48,2127.6,2127.6,2127.8,15,15,58
9:34:49,2127.6,2127.6,2127.8,1,15,58
9:34:49,2127.6,2127.6,2127.8,20,13,48
9:34:50,2127.6,2127.6,2127.8,3,16,47
9:34:50,2127.8,2127.6,2127.8,3,21,46
9:34:51,2127.8,2127.6,2127.8,13,21,34
9:34:52,2127.8,2127.6,2127.8,19,23,16
9:34:53,2127.8,2127.6,2127.8,15,23,4
9:34:53,2127.8,2127.8,2128,8,3,103
9:34:54,2127.8,2127.8,2128,34,2,74
9:34:54,2128,2127.8,2128,3,8,73
9:34:55,2128,2127.8,2128,4,8,70
9:34:55,2128,2127.8,2128,11,10,70
9:34:56,2127.8,2127.8,2128,2,10,70
9:34:56,2128,2127.8,2128,6,8,72
9:34:57,2127.8,2127.8,2128,7,8,67
9:34:57,2128,2127.8,2128,23,6,45
9:34:58,2128,2127.8,2128,14,9,32
9:34:58,2128,2128,2128.2,33,4,53
9:34:59,2128,2128,2128.2,5,5,51
9:34:59,2128.2,2128,2128.2,5,6,48
9:35:00,2128,2127.8,2128,8,7,33
9:35:00,2128.2,2127.8,2128.2,40,21,42
9:35:01,2128,2128,2128.2,51,5,3
9:35:01,2128.4,2128,2128.4,37,2,32
9:35:02,2128.4,2128,2128.6,61,5,64
9:35:02,2128.6,2128,2128.6,27,14,60
9:35:03,2128,2128.2,2128.4,25,5,6
9:35:03,2128.4,2128.2,2128.4,28,5,16
9:35:04,2128.2,2128,2128.2,23,9,7
9:35:04,2128.2,2128,2128.2,40,6,1
9:35:05,2127.8,2127.8,2128,18,21,30
9:35:05,2128,2127.8,2128,17,21,32
9:35:06,2128,2127.8,2128,39,12,6
9:35:06,2128,2127.8,2128,5,19,2
9:35:07,2128,2128,2128.2,11,26,11
9:35:07,2128.2,2128,2128.2,5,26,18
9:35:08,2128,2128,2128.2,14,25,12
9:35:08,2128.2,2128,2128.2,6,23,10
9:35:09,2128,2128,2128.2,4,20,13
9:35:09,2128,2128,2128.2,8,12,14
9:35:10,2127.8,2127.8,2128,13,21,55
9:35:10,2128,2127.8,2128,37,10,32
9:35:11,2128,2128,2128.2,99,16,22
9:35:11,2128,2128,2128.2,6,15,20
9:35:12,2128.2,2128,2128.2,21,10,22
9:35:12,2127.8,2127.8,2128,12,5,48
9:35:13,2127.6,2127.6,2128,11,20,58
9:35:13,2127.8,2127.6,2127.8,1,34,2
9:35:14,2127.8,2127.6,2127.8,2,33,13
9:35:14,2127.8,2127.6,2127.8,9,31,27
9:35:15,2127.8,2127.6,2127.8,8,31,21
9:35:15,2127.8,2127.6,2127.8,5,29,19
9:35:16,2127.6,2127.4,2127.6,30,33,15
9:35:16,2127.6,2127.4,2127.6,2,35,21
9:35:17,2127.4,2127.4,2127.6,3,33,31
9:35:17,2127.6,2127.4,2127.6,7,30,28
9:35:18,2127.4,2127.4,2127.6,4,27,32
9:35:18,2127.4,2127.4,2127.6,10,19,32
9:35:19,2127.4,2127.4,2127.6,6,16,29
9:35:19,2127.6,2127.4,2127.6,1,16,28
9:35:20,2127.4,2127.4,2127.6,2,16,28
9:35:20,2127.4,2127.4,2127.6,5,12,27
9:35:21,2127.4,2127.4,2127.6,5,12,25
9:35:21,2127.4,2127.4,2127.6,5,10,23
9:35:22,2127.4,2127.4,2127.6,21,15,13
9:35:22,2127.4,2127.4,2127.6,8,9,13
9:35:23,2127.4,2127.4,2127.6,7,3,12
9:35:23,2127.4,2127.4,2127.6,7,1,13
9:35:24,2127.4,2127.2,2127.4,7,63,4
9:35:24,2127.4,2127.2,2127.4,2,63,11
9:35:25,2127.2,2127.2,2127.4,3,61,17
9:35:25,2127.2,2127.2,2127.4,4,58,19
9:35:26,2127.2,2127.2,2127.4,10,52,20
9:35:26,2127.2,2127.2,2127.4,19,34,19
9:35:27,2127.2,2127.2,2127.4,19,17,18
9:35:27,2127.2,2127.2,2127.4,30,31,11
9:35:28,2127.2,2127.2,2127.4,3,29,25
9:35:28,2127.2,2127.2,2127.4,29,26,1
9:35:29,2127.2,2127.2,2127.6,6,21,30
9:35:29,2127.2,2127.2,2127.6,10,12,32
9:35:30,2127.2,2127.2,2127.4,4,16,1
9:35:30,2127.2,2127.2,2127.6,13,7,33
9:35:31,2127.2,2127.2,2127.4,8,1,1
9:35:31,2127,2127.2,2127.4,22,13,3
9:35:32,2127,2127,2127.2,24,68,1
9:35:32,2127.2,2127,2127.2,3,59,1
9:35:33,2127.2,2126.8,2127.2,64,66,3
9:35:33,2127.2,2126.8,2127.2,8,69,16
9:35:34,2127,2127,2127.2,2,1,18
9:35:34,2127,2126.8,2127,1,70,4
9:35:35,2126.8,2126.8,2127.2,26,55,14
9:35:35,2126.8,2126.8,2127.2,12,50,14
9:35:36,2126.8,2126.8,2127.2,46,5,14
9:35:36,2126.6,2126.6,2126.8,12,126,8
9:35:37,2126.6,2126.6,2126.8,26,114,2
9:35:37,2126.6,2126.8,2127,40,1,16
9:35:38,2126.6,2126.6,2126.8,29,57,7
9:35:38,2126.8,2126.8,2127,18,6,20
9:35:39,2126.4,2126.4,2126.6,72,43,1
9:35:39,2126.6,2126.6,2126.8,5,2,8
9:35:40,2126.8,2126.8,2127,46,15,24
9:35:40,2126.8,2126.8,2127,27,8,10
9:35:41,2126.8,2126.8,2127,8,8,5
9:35:41,2126.8,2126.6,2126.8,13,26,1
9:35:42,2126.8,2126.8,2127,3,3,9
9:35:42,2127,2127,2127.2,9,12,8
9:35:43,2127.2,2127,2127.2,3,25,7
9:35:43,2127.2,2127,2127.2,6,24,5
9:35:44,2127,2127,2127.2,14,12,7
9:35:45,2127,2127,2127.2,8,10,14
9:35:45,2127,2127,2127.2,22,3,5
9:35:46,2127,2127,2127.2,4,2,5
9:35:46,2127,2126.8,2127,3,57,10
9:35:47,2127,2126.8,2127,7,59,5
9:35:47,2126.8,2126.8,2127,1,58,6
9:35:48,2127,2126.8,2127,19,58,12
9:35:48,2126.8,2126.8,2127,1,68,17
9:35:49,2127,2126.8,2127,7,72,13
9:35:49,2126.8,2126.8,2127,3,70,13
9:35:50,2126.8,2126.8,2127,4,67,20
9:35:50,2126.8,2126.8,2127,2,66,23
9:35:51,2127,2126.8,2127,21,66,9
9:35:51,2126.8,2126.8,2127,5,66,10
9:35:52,2127,2126.8,2127,7,64,7
9:35:52,2127,2126.8,2127,7,68,4
9:35:53,2126.8,2126.8,2127,4,67,3
9:35:53,2127,2127,2127.2,6,12,17
9:35:54,2127,2127,2127.2,7,16,14
9:35:54,2127,2127,2127.2,3,36,15
9:35:55,2127.2,2127,2127.2,5,39,13
9:35:55,2127.2,2127,2127.2,3,41,12
9:35:56,2127,2127,2127.2,21,28,5
9:35:56,2127,2127,2127.2,4,25,10
9:35:57,2127,2127,2127.2,9,19,8
9:35:57,2127.2,2127,2127.2,9,12,8
9:35:58,2127,2126.8,2127,12,80,3
9:35:58,2127,2126.8,2127,5,79,14
9:35:59,2127,2126.8,2127,4,80,43
9:36:00,2127,2126.8,2127,6,83,46
9:36:01,2127,2126.8,2127,40,89,4
9:36:01,2126.8,2126.8,2127.2,11,87,9
9:36:02,2127.2,2127,2127.2,5,15,9
9:36:02,2127.2,2127,2127.2,11,15,9
9:36:03,2127,2127,2127.2,2,27,9
9:36:03,2127,2127,2127.2,20,85,8
9:36:04,2127.2,2127.2,2127.4,30,4,37
9:36:04,2127,2127.2,2127.4,5,6,37
9:36:05,2127.2,2127.2,2127.4,3,14,38
9:36:05,2127.2,2127.2,2127.4,1,15,39
9:36:06,2127.2,2127.2,2127.4,2,18,39
9:36:06,2127.2,2127.2,2127.4,4,16,42
9:36:07,2127.4,2127.2,2127.4,15,22,26
9:36:07,2127.2,2127.2,2127.4,1,21,23
9:36:08,2127.4,2127.2,2127.4,15,14,18
9:36:09,2127.2,2127.2,2127.4,7,13,12
9:36:09,2127.4,2127.2,2127.4,5,25,13
9:36:10,2127.2,2127,2127.2,15,99,5
9:36:11,2127,2127,2127.2,37,65,7
9:36:11,2127,2127,2127.2,11,51,8
9:36:12,2127.2,2127,2127.2,19,17,37
9:36:12,2127,2126.8,2127,22,103,16
9:36:13,2126.8,2126.8,2127,8,95,14
9:36:14,2127,2126.8,2127,8,97,36
9:36:14,2126.8,2126.8,2127,23,81,27
9:36:15,2127,2126.8,2127,1,83,28
9:36:15,2126.8,2126.8,2127,3,82,15
9:36:16,2126.8,2126.8,2127,13,71,14
9:36:16,2127,2126.8,2127,20,53,13
9:36:17,2126.8,2126.8,2127,5,60,13
9:36:17,2127,2126.8,2127,2,60,12
9:36:18,2126.8,2126.8,2127,52,10,13
9:36:18,2126.8,2126.6,2126.8,15,55,33
9:36:19,2126.6,2126.6,2126.8,13,44,32
9:36:19,2126.8,2126.6,2126.8,14,37,60
9:36:20,2126.6,2126.6,2126.8,4,33,60
9:36:20,2126.8,2126.6,2126.8,5,34,94
9:36:21,2126.6,2126.6,2126.8,10,25,93
9:36:21,2126.6,2126.6,2126.8,27,6,92
9:36:22,2126.6,2126.4,2126.6,17,85,2
9:36:22,2126.6,2126.4,2126.8,14,84,76
9:36:23,2126.4,2126.4,2126.6,6,82,2
9:36:23,2126.4,2126.4,2126.6,26,57,5
9:36:24,2126.8,2126.4,2126.8,10,57,76
9:36:24,2126.6,2126.6,2126.8,40,6,75
9:36:25,2126.6,2126.4,2126.6,12,55,22
9:36:25,2126.4,2126.4,2126.6,13,46,25
9:36:26,2126.4,2126.4,2126.6,21,45,6
9:36:26,2126.6,2126.4,2126.6,11,34,7
9:36:27,2126.4,2126.4,2126.6,5,29,34
9:36:27,2126.4,2126.4,2126.6,19,19,27
9:36:28,2126.4,2126.4,2126.6,8,11,27
9:36:28,2126.4,2126.4,2126.6,17,11,22
9:36:29,2126.4,2126.4,2126.6,20,8,13
9:36:29,2126.4,2126.4,2126.6,7,8,19
9:36:30,2126.4,2126.4,2126.6,2,13,27
9:36:30,2126.4,2126.4,2126.6,6,19,29
9:36:31,2126.4,2126.2,2126.4,22,68,12
9:36:31,2126.4,2126.2,2126.4,4,66,15
9:36:32,2126.4,2126.2,2126.4,1,80,17
9:36:32,2126.2,2126.2,2126.4,9,82,11
9:36:33,2126.4,2126.2,2126.4,8,80,13
9:36:33,2126.2,2126.2,2126.4,23,60,11
9:36:34,2126.4,2126.4,2126.6,17,2,32
9:36:34,2126.6,2126.2,2126.4,51,19,2
9:36:35,2126.2,2126.2,2126.4,1,19,13
9:36:35,2126.4,2126.2,2126.4,3,19,27
9:36:36,2126.4,2126.2,2126.4,8,24,22
9:36:36,2126.4,2126.2,2126.4,4,31,21
9:36:37,2126.4,2126.2,2126.4,33,12,20
9:36:37,2126.4,2126.2,2126.4,13,9,18
9:36:38,2126.2,2126.2,2126.4,13,11,13
9:36:38,2126.2,2126.2,2126.4,3,13,13
9:36:39,2126.2,2126.2,2126.4,4,9,13
9:36:39,2126.2,2126.2,2126.4,2,42,13
9:36:40,2126.2,2126.2,2126.4,3,49,12
9:36:40,2126.2,2126.2,2126.4,13,74,10
9:36:41,2126.4,2126.2,2126.4,12,17,1
9:36:41,2126.4,2126.2,2126.4,3,16,5
9:36:42,2126.2,2126.2,2126.4,12,12,5
9:36:42,2126.2,2126.2,2126.4,5,8,6
9:36:43,2126.4,2126.2,2126.4,6,8,12
9:36:43,2126.2,2126.2,2126.4,16,11,11
9:36:44,2126.2,2126.2,2126.4,9,3,17
9:36:44,2126.4,2126.2,2126.4,4,22,14
9:36:45,2126.4,2126.2,2126.4,3,23,12
9:36:45,2126.2,2126.2,2126.4,4,53,14
9:36:46,2126.4,2126.4,2126.6,16,8,41
9:36:46,2126.4,2126.4,2126.6,2,18,41
9:36:47,2126.4,2126.4,2126.6,3,16,41
9:36:47,2126.4,2126.4,2126.6,13,5,39
9:36:48,2126.4,2126.4,2126.6,4,4,36
9:36:48,2126.6,2126.6,2126.8,39,3,81
9:36:49,2126.4,2126.4,2126.8,7,1,81
9:36:49,2126.6,2126.4,2126.8,5,8,80
9:36:50,2126.4,2126.4,2126.6,6,12,14
9:36:50,2126.6,2126.4,2126.6,7,6,14
9:36:51,2126.6,2126.4,2126.6,4,7,21
9:36:52,2126.6,2126.4,2126.6,2,7,23
9:36:52,2126.2,2126.2,2126.4,9,51,13
9:36:53,2126.2,2126.2,2126.4,38,31,17
9:36:53,2126.4,2126.2,2126.4,2,30,37
9:36:54,2126.4,2126.2,2126.4,5,30,48
9:36:54,2126.4,2126.2,2126.4,29,25,33
9:36:55,2126.2,2126.2,2126.4,6,25,33
9:36:55,2126.4,2126.2,2126.4,8,24,26
9:36:56,2126.2,2126,2126.2,24,166,8
9:36:56,2126.2,2126,2126.2,24,153,4
9:36:57,2126,2126,2126.2,71,83,4
9:36:57,2126,2126,2126.2,15,70,11
9:36:58,2126,2126,2126.2,23,53,12
9:36:58,2126,2126,2126.2,14,45,17
9:36:59,2126.2,2126.2,2126.4,61,32,26
9:36:59,2126.2,2126.2,2126.4,10,22,26
9:37:00,2126.2,2126,2126.2,45,22,127
9:37:00,2126,2125.8,2126,47,42,11
9:37:01,2126,2125.8,2126,23,33,4
9:37:01,2126,2125.8,2126,12,36,14
9:37:02,2126,2125.8,2126,11,50,20
9:37:02,2126,2125.8,2126,5,51,18
9:37:03,2126,2125.8,2126,28,48,1
9:37:03,2126,2126,2126.2,5,5,18
9:37:04,2126.4,2126,2126.4,28,25,7
9:37:04,2126.2,2126.2,2126.4,3,1,8
9:37:05,2126.4,2126.2,2126.4,10,14,20
9:37:05,2126.4,2126.2,2126.4,2,36,18
9:37:06,2126.2,2126.2,2126.4,21,28,11
9:37:06,2126.4,2126.2,2126.4,3,30,15
9:37:07,2126.2,2126.2,2126.4,9,26,13
9:37:07,2126.4,2126.2,2126.4,6,21,12
9:37:08,2126.2,2126.2,2126.4,8,21,13
9:37:09,2126.2,2126,2126.2,25,41,2
9:37:09,2126.2,2126,2126.2,3,42,8
9:37:10,2126.2,2126,2126.2,2,55,6
9:37:10,2126.2,2126,2126.2,4,55,8
9:37:11,2126,2126,2126.2,12,54,5
9:37:11,2126.2,2126.2,2126.4,5,6,20
9:37:12,2126.4,2126.2,2126.4,6,4,19
9:37:12,2126.2,2126.2,2126.4,2,4,20
9:37:13,2126.2,2126,2126.2,9,56,3
9:37:13,2126.2,2126,2126.4,4,79,29
9:37:14,2126.2,2126.2,2126.4,4,2,27
9:37:14,2126,2126,2126.2,7,63,28
9:37:15,2126.2,2126,2126.2,1,77,28
9:37:16,2126.2,2126,2126.2,5,68,30
9:37:16,2126.2,2126,2126.2,16,67,16
9:37:17,2126.2,2126,2126.2,9,66,13
9:37:18,2126,2126,2126.2,7,69,9
9:37:19,2126.2,2126,2126.2,7,56,10
9:37:19,2126.2,2126,2126.2,16,62,6
9:37:20,2125.8,2125.8,2126.2,83,32,9
9:37:21,2125.8,2125.8,2126,8,25,3
9:37:21,2126,2126,2126.2,8,3,9
9:37:22,2125.8,2125.8,2126,24,19,4
9:37:22,2126.2,2125.8,2126.2,14,20,37
9:37:23,2126.2,2126,2126.2,1,6,40
9:37:23,2126,2125.8,2126,6,23,6
9:37:24,2126,2125.8,2126,3,50,4
9:37:24,2126,2125.8,2126,1,52,18
9:37:25,2126,2126,2126.2,33,10,66
9:37:25,2126,2126,2126.2,4,7,66
9:37:26,2125.8,2125.8,2126.2,14,40,68
9:37:26,2126,2125.8,2126,2,42,2
9:37:27,2126,2126,2126.2,4,66,69
9:37:28,2126,2126,2126.2,9,57,69
9:37:28,2126,2126,2126.2,4,55,69
9:37:29,2126,2126,2126.2,15,46,62
9:37:29,2126,2126,2126.2,7,55,63
9:37:30,2125.8,2125.8,2126,57,45,72
9:37:30,2126,2125.8,2126,23,28,69
9:37:31,2125.8,2125.8,2126,3,21,2
9:37:31,2125.8,2125.6,2125.8,43,108,25
9:37:32,2125.8,2125.6,2125.8,5,108,21
9:37:32,2125.8,2125.6,2125.8,2,108,19
9:37:33,2125.6,2125.6,2125.8,13,112,15
9:37:33,2125.8,2125.6,2125.8,16,102,9
9:37:34,2125.6,2125.6,2125.8,6,98,7
9:37:34,2125.8,2125.8,2126,24,1,18
9:37:35,2125.6,2125.6,2125.8,6,81,17
9:37:35,2125.6,2125.6,2125.8,3,78,19
9:37:36,2125.8,2125.6,2125.8,8,73,36
9:37:36,2125.6,2125.6,2125.8,17,69,37
9:37:37,2125.6,2125.6,2125.8,9,61,36
9:37:37,2125.6,2125.6,2125.8,12,58,29
9:37:38,2125.6,2125.6,2125.8,21,38,28
9:37:38,2125.6,2125.6,2125.8,9,36,29
9:37:39,2125.8,2125.6,2125.8,10,33,24
9:37:39,2125.6,2125.6,2125.8,4,35,22
9:37:40,2125.6,2125.6,2125.8,7,29,24
9:37:40,2125.8,2125.6,2125.8,8,27,25
9:37:41,2125.6,2125.6,2125.8,24,10,25
9:37:41,2125.8,2125.4,2125.6,20,92,2
9:37:42,2125.6,2125.6,2125.8,26,4,25
9:37:42,2125.6,2125.6,2125.8,11,29,28
9:37:43,2125.6,2125.6,2125.8,3,28,30
9:37:43,2125.6,2125.6,2125.8,17,17,29
9:37:44,2125.6,2125.6,2125.8,12,12,30
9:37:44,2125.6,2125.6,2125.8,15,10,30
9:37:45,2125.8,2125.6,2125.8,2,15,37
9:37:45,2125.8,2125.4,2125.8,19,81,49
9:37:46,2125.6,2125.6,2125.8,2,2,49
9:37:46,2125.6,2125.4,2125.6,3,81,3
9:37:47,2125.4,2125.4,2125.6,5,79,22
9:37:47,2125.4,2125.4,2125.6,36,49,18
9:37:48,2125.4,2125.4,2125.6,5,48,18
9:37:48,2125.6,2125.4,2125.6,8,42,16
9:37:49,2125.6,2125.4,2125.6,11,33,15
9:37:49,2125.4,2125.4,2125.6,30,6,20
9:37:50,2125.6,2125.2,2125.4,12,152,2
9:37:50,2125.4,2125.2,2125.4,7,164,4
9:37:51,2125.2,2125.2,2125.4,28,158,10
9:37:51,2125.2,2125.2,2125.4,4,169,9
9:37:52,2125.2,2125.2,2125.4,24,152,7
9:37:52,2125.2,2125.2,2125.4,35,123,4
9:37:53,2125.2,2125.4,2125.6,21,1,19
9:37:53,2125.4,2125.2,2125.4,9,110,2
9:37:54,2125.2,2125.2,2125.6,28,87,21
9:37:54,2125.6,2125.2,2125.6,15,78,19
9:37:55,2125.2,2125.2,2125.6,4,75,22
9:37:55,2125.2,2125.4,2125.6,9,1,23
9:37:56,2125.2,2125.2,2125.4,5,76,2
9:37:56,2125.4,2125.2,2125.4,12,79,2
9:37:57,2125.4,2125.4,2125.6,2,2,24
9:37:57,2125.6,2125.2,2125.6,5,74,23
9:37:58,2125.2,2125.2,2125.4,2,74,1
9:37:58,2125.4,2125.2,2125.6,5,73,35
9:37:59,2125.4,2125.2,2125.6,25,65,24
9:37:59,2125.2,2125.2,2125.6,2,66,25
9:38:00,2125.2,2125.2,2125.6,70,29,27
9:38:00,2125.2,2125.2,2125.6,15,20,40
9:38:01,2125.2,2125,2125.2,42,201,16
9:38:01,2125.2,2125,2125.2,9,205,26
9:38:02,2125.2,2125,2125.2,15,205,14
9:38:02,2125.2,2125,2125.4,17,204,9
9:38:03,2125.4,2125.2,2125.4,4,39,7
9:38:03,2125.2,2125.2,2125.4,12,51,38
9:38:04,2125.4,2125.2,2125.4,22,79,24
9:38:04,2125.4,2125.2,2125.4,1,140,24
9:38:05,2125.4,2125.4,2125.6,33,66,57
9:38:05,2125.4,2125.4,2125.6,22,84,54
9:38:06,2125.4,2125.4,2125.6,39,83,14
9:38:06,2125.8,2125.6,2125.8,25,5,53
9:38:07,2125.8,2125.6,2125.8,15,1,41
9:38:07,2125.8,2125.6,2125.8,24,1,34
9:38:08,2125.6,2125.6,2125.8,23,7,26
9:38:08,2125.6,2125.6,2125.8,4,7,43
9:38:09,2125.8,2125.4,2125.6,69,36,1
9:38:09,2125.8,2125.4,2125.8,9,32,2
9:38:10,2125.8,2125.8,2126,10,1,37
9:38:10,2126,2125.8,2126,5,4,36
9:38:11,2125.8,2125.6,2125.8,8,13,8
9:38:12,2125.8,2125.6,2125.8,10,6,5
9:38:12,2125.8,2125.6,2125.8,8,6,35
9:38:13,2125.8,2125.6,2125.8,27,4,77
9:38:13,2125.6,2125.6,2125.8,15,5,78
9:38:14,2125.6,2125.4,2125.6,12,31,13
9:38:14,2125.6,2125.4,2125.6,12,22,5
9:38:15,2125.4,2125.4,2125.6,10,31,1
9:38:15,2125.6,2125.4,2125.6,1,30,3
9:38:16,2125.6,2125.4,2125.6,3,30,1
9:38:16,2125.6,2125.6,2125.8,2,5,98
9:38:17,2125.8,2125.4,2125.8,6,30,102
9:38:17,2125.6,2125.4,2125.6,6,29,5
9:38:18,2125.4,2125.4,2125.6,3,34,13
9:38:18,2125.6,2125.4,2125.6,1,75,21
9:38:19,2125.6,2125.4,2125.6,1,115,11
9:38:20,2125.6,2125.4,2125.6,4,113,38
9:38:20,2125.6,2125.4,2125.6,10,113,42
9:38:21,2125.4,2125.4,2125.6,8,112,37
9:38:21,2125.6,2125.4,2125.6,1,111,36
9:38:22,2125.6,2125.4,2125.6,1,111,35
9:38:22,2125.4,2125.4,2125.6,4,110,32
9:38:23,2125.4,2125.4,2125.6,5,106,32
9:38:23,2125.6,2125.4,2125.6,15,98,27
9:38:24,2125.6,2125.4,2125.6,28,98,1
9:38:24,2125.6,2125.4,2125.6,3,109,2
9:38:25,2125.6,2125.4,2125.8,8,115,98
9:38:25,2125.4,2125.6,2125.8,2,24,98
9:38:26,2125.6,2125.6,2125.8,8,24,98
9:38:26,2125.8,2125.6,2125.8,1,24,126
9:38:27,2125.6,2125.6,2125.8,1,25,126
9:38:27,2125.6,2125.6,2125.8,6,24,96
9:38:28,2125.6,2125.6,2125.8,3,31,96
9:38:28,2125.8,2125.6,2125.8,9,23,95
9:38:29,2125.6,2125.6,2125.8,2,22,94
9:38:29,2125.6,2125.6,2125.8,2,24,93
9:38:30,2125.8,2125.6,2125.8,8,19,120
9:38:30,2125.8,2125.6,2125.8,7,19,89
9:38:31,2125.8,2125.6,2125.8,6,17,87
9:38:31,2125.6,2125.6,2125.8,11,14,79
9:38:32,2125.8,2125.6,2125.8,6,10,106
9:38:32,2125.8,2125.6,2125.8,23,4,66
9:38:33,2125.6,2125.4,2125.6,9,122,6
9:38:33,2125.6,2125.4,2125.6,4,120,6
9:38:34,2125.4,2125.4,2125.6,7,118,2
9:38:35,2125.6,2125.4,2125.6,5,121,1
9:38:35,2125.6,2125.4,2125.8,1,122,80
9:38:36,2125.6,2125.4,2125.6,3,122,22
9:38:36,2125.4,2125.4,2125.6,6,122,17
9:38:37,2125.6,2125.4,2125.6,5,126,13
9:38:37,2125.4,2125.4,2125.6,1,156,14
9:38:38,2125.4,2125.4,2125.6,25,154,7
9:38:38,2125.4,2125.4,2125.6,5,152,5
9:38:39,2125.6,2125.4,2125.6,10,118,1
9:38:39,2125.4,2125.4,2125.6,3,117,3
9:38:40,2125.6,2125.4,2125.6,4,116,1
9:38:40,2125.4,2125.4,2125.6,4,114,1
9:38:41,2125.8,2125.6,2125.8,6,19,69
9:38:41,2125.6,2125.6,2125.8,9,12,70
9:38:42,2125.8,2125.6,2125.8,13,4,69
9:38:42,2125.4,2125.4,2125.6,7,116,3
9:38:43,2125.8,2125.4,2125.6,4,115,1
9:38:43,2125.6,2125.4,2125.6,9,125,13
9:38:44,2125.6,2125.4,2125.6,4,123,21
9:38:44,2125.6,2125.4,2125.6,5,127,17
9:38:45,2125.6,2125.4,2125.6,3,128,15
9:38:46,2125.6,2125.4,2125.6,1,131,17
9:38:46,2125.6,2125.6,2125.8,18,7,65
9:38:47,2125.4,2125.6,2125.8,9,1,65
9:38:47,2125.8,2125.4,2125.8,2,132,65
9:38:48,2125.6,2125.4,2125.6,34,110,2
9:38:49,2125.6,2125.4,2125.8,3,110,68
9:38:49,2125.6,2125.6,2125.8,6,11,66
9:38:50,2125.8,2125.6,2125.8,5,8,66
9:38:50,2125.6,2125.6,2125.8,1,10,65
9:38:51,2125.8,2125.6,2125.8,2,12,67
9:38:51,2125.6,2125.6,2125.8,11,5,68
9:38:52,2125.6,2125.4,2125.8,6,112,68
9:38:52,2125.6,2125.4,2125.8,1,115,69
9:38:53,2125.8,2125.6,2125.8,2,1,68
9:38:53,2125.8,2125.4,2125.8,2,143,67
9:38:54,2125.8,2125.4,2125.6,2,143,1
9:38:54,2125.4,2125.4,2125.8,6,111,63
9:38:55,2125.8,2125.6,2125.8,10,3,64
9:38:56,2125.6,2125.4,2125.6,3,111,7
9:38:56,2125.4,2125.4,2125.6,3,108,7
9:38:57,2125.6,2125.4,2125.6,6,106,6
9:38:57,2125.4,2125.4,2125.6,8,105,4
9:38:58,2125.8,2125.4,2125.8,6,105,67
9:38:58,2125.6,2125.4,2125.6,8,104,2
9:38:59,2125.6,2125.6,2125.8,5,3,67
9:38:59,2125.8,2125.4,2125.8,6,101,66
9:39:00,2125.6,2125.6,2125.8,5,2,86
