9:14:00,2215.2,2215,2215.2,107,14,61
9:15:00,2215.2,2215,2215.6,136,2,11
9:15:01,2215.4,2215.4,2216,47,15,3
9:15:01,2216.4,2216.6,2216.8,54,4,8
9:15:02,2216.4,2216,2217.6,43,68,3
9:15:02,2217.6,2217.6,2218.8,61,6,8
9:15:03,2218.6,2218,2218.6,73,7,58
9:15:03,2217.6,2217,2217.6,50,2,37
9:15:04,2217.2,2216.8,2217.2,78,21,57
9:15:04,2216.8,2216.8,2217,29,10,36
9:15:05,2216.8,2216.2,2216.8,32,3,86
9:15:05,2216.6,2216.2,2216.6,91,2,18
9:15:06,2216,2216.2,2216.4,48,2,5
9:15:06,2216.2,2216.2,2216.8,28,2,82
9:15:07,2216,2216.4,2216.6,43,12,11
9:15:07,2216.6,2216.6,2216.8,25,1,78
9:15:08,2216.8,2216.4,2216.8,19,3,67
9:15:08,2216.8,2216.4,2216.6,12,10,1
9:15:09,2216.6,2216.6,2216.8,55,7,6
9:15:09,2216.8,2216.8,2217,18,1,98
9:15:10,2216.8,2216.8,2217,45,11,74
9:15:10,2216.4,2216.4,2217,26,11,73
9:15:11,2216.8,2216.4,2217,11,16,73
9:15:11,2216.8,2216.4,2216.8,4,14,26
9:15:12,2216.8,2216.4,2216.6,30,12,2
9:15:12,2216.4,2216.2,2216.4,26,4,8
9:15:13,2216.2,2216,2216.2,13,6,4
9:15:13,2216.2,2216,2216.4,19,5,35
9:15:14,2216,2216,2216.4,6,2,38
9:15:14,2215.6,2215.6,2216,46,11,5
9:15:15,2216,2216.4,2216.6,46,1,3
9:15:15,2216.6,2216.6,2216.8,8,4,29
9:15:16,2216.6,2216.4,2216.6,22,1,1
9:15:16,2216.8,2216.4,2216.6,7,1,6
9:15:17,2216.6,2216.6,2216.8,10,2,21
9:15:17,2216.2,2216,2216.2,72,15,40
9:15:18,2216.2,2215.8,2216.2,19,6,35
9:15:18,2215.8,2215.8,2216,13,10,1
9:15:19,2216,2216,2216.2,9,10,37
9:15:19,2215.8,2216,2216.2,26,1,23
9:15:20,2216,2215.8,2216,2,7,4
9:15:20,2216.2,2215.8,2216,13,16,1
9:15:21,2216.2,2216,2216.2,3,5,24
9:15:21,2215.8,2215.6,2215.8,53,16,55
9:15:22,2215.6,2215.4,2215.6,24,6,24
9:15:22,2215.4,2215.2,2215.4,11,27,42
9:15:23,2215.2,2215.2,2215.4,33,15,27
9:15:23,2215.4,2215.2,2215.4,13,11,18
9:15:24,2215.2,2215,2215.2,24,66,57
9:15:24,2215.2,2215,2215.2,18,64,42
9:15:25,2215,2215,2215.2,12,60,37
9:15:25,2215.2,2215.2,2215.4,38,19,10
9:15:26,2215.4,2215.2,2215.4,4,22,9
9:15:26,2215.4,2215.4,2215.6,11,3,27
9:15:27,2215.6,2215.4,2215.6,5,8,22
9:15:27,2215.4,2215.4,2215.6,2,8,21
9:15:28,2215.6,2215.4,2215.6,2,8,19
9:15:28,2215.4,2215.4,2215.6,8,3,16
9:15:29,2215.6,2215.6,2215.8,23,28,55
9:15:29,2215.8,2215.6,2215.8,2,27,54
9:15:30,2215.6,2215.6,2215.8,18,18,52
9:15:30,2215.8,2215.6,2215.8,4,19,48
9:15:31,2215.8,2215.6,2215.8,1,17,47
9:15:31,2215.6,2215.6,2215.8,4,15,48
9:15:32,2215.8,2215.6,2215.8,35,11,17
9:15:33,2215.6,2215.6,2216,25,9,40
9:15:33,2215.6,2215.6,2216,32,8,10
9:15:34,2215.8,2215.8,2216,3,5,10
9:15:34,2216,2215.8,2216,11,13,7
9:15:35,2215.8,2215.6,2215.8,30,11,17
9:15:35,2215.8,2215.6,2215.8,8,15,11
9:15:36,2215.8,2215.6,2215.8,5,22,6
9:15:36,2215.8,2215.8,2216,13,8,2
9:15:37,2215.8,2215.8,2216,2,9,4
9:15:37,2215.8,2215.8,2216,1,9,11
9:15:38,2215.8,2215.8,2216,4,5,17
9:15:38,2216,2215.8,2216,11,8,8
9:15:39,2216,2215.8,2216,8,3,9
9:15:39,2215.8,2215.8,2216,1,4,15
9:15:40,2216,2215.8,2216,8,5,7
9:15:40,2216,2215.6,2216,11,23,3
9:15:41,2215.8,2216,2216.2,9,1,23
9:15:41,2216.2,2216,2216.2,7,20,19
9:15:42,2216.2,2216,2216.2,10,13,21
9:15:42,2216.2,2216,2216.2,3,15,19
9:15:43,2216.2,2216,2216.2,4,34,17
9:15:43,2216.2,2216,2216.2,3,35,16
9:15:44,2216,2216,2216.2,11,36,6
9:15:44,2216.2,2216,2216.2,4,36,5
9:15:45,2216.2,2216,2216.2,7,37,1
9:15:45,2216.2,2216.2,2216.4,2,10,16
9:15:46,2216.4,2216.2,2216.4,32,5,14
9:15:46,2216.2,2216,2216.4,8,22,15
9:15:47,2216,2216,2216.2,4,23,2
9:15:47,2216.4,2216.2,2216.4,11,2,23
9:15:48,2216,2215.6,2216,25,27,90
9:15:48,2215.6,2215.6,2215.8,4,24,29
9:15:49,2215.6,2215.4,2215.8,31,8,50
9:15:49,2215.8,2215.4,2215.8,14,23,44
9:15:50,2215.8,2215.4,2215.8,16,12,41
9:15:50,2215.6,2215.6,2215.8,4,24,50
9:15:51,2215.6,2215.6,2215.8,18,7,40
9:15:52,2215.8,2215.6,2215.8,5,5,33
9:15:52,2215.6,2215.4,2215.6,7,20,3
9:15:53,2215.6,2215.4,2215.6,1,21,20
9:15:53,2215.6,2215.6,2215.8,30,21,21
9:15:54,2215.6,2215.6,2215.8,19,4,15
9:15:54,2215.8,2215.6,2215.8,3,4,12
9:15:55,2215.8,2215.6,2215.8,6,2,9
9:15:55,2215.6,2215.4,2215.8,4,20,11
9:15:56,2215.8,2215.6,2215.8,5,1,8
9:15:56,2215.4,2215.4,2215.8,18,4,9
9:15:57,2215.2,2215.4,2215.6,8,3,1
9:15:57,2215.6,2215.2,2215.4,6,83,3
9:15:58,2215.2,2215.2,2215.4,6,81,6
9:15:58,2215.4,2215.4,2215.6,9,2,4
9:15:59,2215.6,2215.6,2215.8,5,1,7
9:15:59,2215.6,2215.6,2215.8,2,6,8
9:16:00,2216,2215.6,2216,55,5,76
9:16:00,2215.8,2215.6,2216,4,4,76
9:16:01,2216,2215.4,2216,26,2,73
9:16:01,2215.8,2215.6,2215.8,8,6,25
9:16:02,2215.6,2215.4,2215.6,12,20,4
9:16:02,2215.4,2215.4,2215.6,4,18,5
9:16:03,2215.4,2215.4,2215.6,17,8,9
9:16:03,2215.6,2215.4,2215.6,8,6,20
9:16:04,2215.6,2215.4,2215.6,9,5,20
9:16:04,2215.6,2215.4,2215.6,5,5,16
9:16:05,2215.6,2215.4,2215.6,4,4,3
9:16:05,2215.4,2215.4,2215.6,2,9,2
9:16:06,2215.8,2215.6,2215.8,3,27,22
9:16:06,2215.6,2215.6,2215.8,17,10,23
9:16:07,2215.8,2215.4,2215.8,13,9,20
9:16:07,2215.8,2215.6,2215.8,2,3,18
9:16:08,2215.8,2215.2,2215.8,48,89,16
9:16:08,2215.6,2215.4,2215.6,6,1,4
9:16:09,2215.2,2215.4,2215.6,2,1,4
9:16:09,2215.6,2215.4,2215.6,2,5,3
9:16:10,2215.4,2215.4,2215.6,2,6,2
9:16:11,2215.6,2215.6,2215.8,18,7,14
9:16:11,2215.8,2215.6,2215.8,9,5,17
9:16:12,2215.6,2215.4,2215.6,5,30,18
9:16:12,2215.6,2215.4,2215.6,9,30,9
9:16:13,2215.6,2215.4,2215.6,2,30,8
9:16:14,2215.6,2215.6,2215.8,13,11,20
9:16:14,2215.6,2215.6,2215.8,1,10,20
9:16:15,2215.8,2215.6,2215.8,1,17,24
9:16:16,2215.8,2215.6,2215.8,4,17,20
9:16:17,2215.6,2215.6,2215.8,1,16,20
9:16:18,2215.8,2215.6,2215.8,5,17,16
9:16:18,2215.8,2215.6,2215.8,5,15,14
9:16:19,2215.8,2215.6,2215.8,13,15,6
9:16:19,2215.6,2215.4,2215.6,17,36,59
9:16:20,2215.4,2215.4,2215.6,3,34,60
9:16:20,2215.6,2215.4,2215.6,6,31,58
9:16:21,2215.4,2215.4,2215.6,14,18,57
9:16:21,2215.4,2215.2,2215.4,23,109,23
9:16:22,2215.4,2215.2,2215.4,22,89,30
9:16:22,2215.2,2215.2,2215.4,59,36,23
9:16:23,2215.2,2215,2215.2,35,38,13
9:16:23,2215,2215,2215.2,35,4,17
9:16:24,2215,2214.8,2215,15,2,22
9:16:24,2214.8,2214.8,2215,7,9,30
9:16:25,2214.6,2214.6,2215,13,18,44
9:16:25,2215,2214.8,2215,9,21,43
9:16:26,2215,2214.8,2215,31,12,24
9:16:26,2214.8,2214.8,2215,13,20,15
9:16:27,2215.2,2215,2215.2,19,56,3
9:16:27,2215,2215,2215.2,29,33,1
9:16:28,2215,2215,2215.4,29,13,13
9:16:28,2215,2215,2215.2,9,6,2
9:16:29,2215,2214.8,2215,7,23,9
9:16:29,2214.8,2214.8,2215,10,21,7
9:16:30,2214.8,2214.8,2215,1,21,7
9:16:30,2215,2214.8,2215,5,21,13
9:16:31,2214.8,2214.8,2215,9,19,9
9:16:31,2214.8,2214.8,2215,4,16,25
9:16:32,2215,2214.8,2215,18,15,8
9:16:32,2214.8,2214.8,2215,4,13,9
9:16:33,2214.8,2214.6,2214.8,13,17,4
9:16:34,2214.8,2214.8,2215,9,12,10
9:16:34,2214.8,2214.8,2215,3,10,9
9:16:35,2214.8,2214.8,2215,7,3,10
9:16:35,2214.8,2214.6,2214.8,7,15,3
9:16:36,2215,2214.8,2215,10,4,6
9:16:36,2215,2214.6,2215,5,16,5
9:16:37,2214.6,2214.6,2214.8,2,17,1
9:16:38,2214.6,2214.6,2214.8,6,12,3
9:16:38,2214.6,2214.6,2214.8,12,1,4
9:16:39,2214.6,2214.6,2214.8,6,3,5
9:16:39,2214.6,2214.4,2214.6,5,30,1
9:16:40,2214.6,2214.6,2214.8,8,5,18
9:16:40,2214.8,2214.4,2214.8,8,28,17
9:16:41,2214.4,2214.4,2214.6,8,24,12
9:16:42,2214.4,2214.4,2214.6,12,14,16
9:16:42,2214.6,2214.6,2214.8,42,2,1
9:16:43,2214.4,2214.2,2214.4,11,35,9
9:16:43,2214.4,2214.2,2214.4,14,31,8
9:16:44,2214.4,2214.2,2214.4,12,29,10
9:16:44,2214.2,2214.2,2214.4,4,26,12
9:16:45,2214.4,2214.2,2214.4,29,26,3
9:16:45,2214.2,2214.2,2214.4,9,17,11
9:16:46,2214.4,2214.4,2214.6,25,15,5
9:16:46,2214.4,2214.4,2214.6,6,9,16
9:16:47,2214.4,2214.4,2214.6,4,8,24
9:16:47,2214.4,2214.2,2214.4,16,7,11
9:16:48,2214.4,2214.2,2214.4,12,2,28
9:16:48,2214.2,2214,2214.2,2,21,24
9:16:49,2214.2,2214,2214.2,34,17,18
9:16:49,2214,2213.8,2214.2,17,23,25
9:16:50,2214,2214,2214.2,3,7,28
9:16:50,2214,2214,2214.2,4,7,29
9:16:51,2214.4,2214.2,2214.4,36,2,24
9:16:51,2214.2,2213.8,2214.4,9,53,21
9:16:52,2214.4,2214,2214.4,4,7,20
9:16:52,2214,2214,2214.4,4,10,19
9:16:53,2214.4,2214,2214.4,2,42,22
9:16:53,2214.4,2214,2214.4,4,47,20
9:16:54,2214.2,2214.2,2214.4,5,4,19
9:16:54,2214.2,2214.2,2214.4,2,3,18
9:16:55,2214.2,2214,2214.2,14,51,6
9:16:55,2214,2214,2214.2,3,49,8
9:16:56,2214.2,2214,2214.2,5,46,2
9:16:56,2214,2214,2214.2,1,45,4
9:16:57,2214,2214,2214.2,3,32,3
9:16:57,2214,2214,2214.2,1,31,3
9:16:58,2214,2214,2214.2,3,25,8
9:16:58,2214,2214,2214.2,4,25,12
9:16:59,2214.2,2214,2214.2,45,10,5
9:16:59,2214,2214,2214.2,7,33,5
9:17:00,2214,2214,2214.2,28,30,9
9:17:00,2214.2,2214,2214.2,1,32,8
9:17:01,2214,2214,2214.2,10,36,4
9:17:01,2214,2214,2214.2,10,26,3
9:17:02,2214,2214,2214.2,8,20,1
9:17:02,2214.2,2214,2214.4,1,17,34
9:17:03,2214,2214.2,2214.4,6,1,33
9:17:03,2214.2,2214.2,2214.4,10,1,33
9:17:04,2214.4,2214.2,2214.4,3,1,40
9:17:04,2214.4,2214.2,2214.4,3,4,38
9:17:05,2214.4,2214.2,2214.4,2,8,36
9:17:05,2214.4,2214.2,2214.4,8,11,30
9:17:06,2214.4,2214.2,2214.4,6,12,24
9:17:06,2214.4,2214.2,2214.4,8,14,16
9:17:07,2214.4,2214.2,2214.4,13,16,6
9:17:07,2214.4,2214.4,2214.6,9,39,25
9:17:08,2214.6,2214.4,2214.6,8,39,20
9:17:08,2214.6,2214.4,2214.6,3,40,17
9:17:09,2214.6,2214.4,2214.6,4,73,13
9:17:09,2214.6,2214.4,2214.6,12,74,4
9:17:10,2214.6,2214.6,2214.8,5,11,35
9:17:10,2214.8,2214.6,2214.8,1,14,34
9:17:11,2214.6,2214.6,2214.8,6,8,34
9:17:11,2214.8,2214.6,2214.8,4,8,34
9:17:12,2214.8,2214.6,2214.8,2,9,32
9:17:12,2214.8,2214.6,2214.8,1,4,22
9:17:13,2214.6,2214.4,2214.6,11,104,2
9:17:13,2214.8,2214.4,2214.8,6,106,18
9:17:14,2214.6,2214.4,2214.8,1,104,18
9:17:15,2214.8,2214.6,2214.8,1,1,23
9:17:15,2214.8,2214.6,2214.8,2,35,21
9:17:16,2214.6,2214.6,2214.8,2,34,20
9:17:16,2214.8,2214.6,2214.8,1,35,23
9:17:17,2214.8,2214.8,2215,23,13,42
9:17:18,2214.8,2214.8,2215,2,13,39
9:17:18,2214.8,2214.8,2215,3,13,35
9:17:19,2214.8,2214.8,2215,1,12,36
9:17:20,2214.8,2214.8,2215,2,10,34
9:17:20,2214.8,2214.8,2215,3,7,34
9:17:21,2215,2214.8,2215,2,6,33
9:17:21,2214.8,2214.8,2215,2,4,37
9:17:22,2214.8,2214.6,2214.8,4,39,8
9:17:22,2214.8,2214.6,2214.8,1,39,8
9:17:23,2214.8,2214.6,2214.8,1,39,9
9:17:24,2214.6,2214.6,2214.8,1,40,9
9:17:24,2214.8,2214.6,2214.8,9,11,5
9:17:25,2214.6,2214.6,2214.8,4,8,10
9:17:25,2214.6,2214.6,2214.8,2,6,16
9:17:26,2214.6,2214.6,2214.8,5,1,33
9:17:26,2214.6,2214.4,2214.8,5,69,70
9:17:27,2214.6,2214.4,2214.6,1,68,4
9:17:27,2214.6,2214.4,2214.6,2,67,10
9:17:28,2214.6,2214.4,2214.6,1,64,15
9:17:28,2214.6,2214.4,2214.6,5,64,11
9:17:29,2214.6,2214.4,2214.6,2,63,11
9:17:29,2214.6,2214.4,2214.6,1,63,26
9:17:30,2214.6,2214.4,2214.6,2,63,23
9:17:30,2214.4,2214.4,2214.6,1,64,23
9:17:31,2214.6,2214.4,2214.6,6,62,21
9:17:31,2214.6,2214.4,2214.6,5,61,17
9:17:32,2214.4,2214.4,2214.6,1,60,17
9:17:33,2214.4,2214.4,2214.6,30,32,17
9:17:34,2214.4,2214.4,2214.6,12,22,16
9:17:35,2214.6,2214.4,2214.6,1,22,15
9:17:35,2214.6,2214.4,2214.6,7,22,8
9:17:38,2214.6,2214.4,2214.6,5,24,11
9:17:39,2214.4,2214.4,2214.6,9,15,12
9:17:39,2214.4,2214.4,2214.6,3,12,12
9:17:40,2214.4,2214.4,2214.6,9,3,12
9:17:40,2214.2,2214.2,2214.6,15,52,12
9:17:41,2214.2,2214.2,2214.6,4,49,14
9:17:41,2214.2,2214.2,2214.6,8,39,17
9:17:42,2214.2,2214.2,2214.4,12,35,1
9:17:43,2214.4,2214.2,2214.4,7,29,6
9:17:43,2214.4,2214.2,2214.4,3,29,5
9:17:44,2214.2,2214.2,2214.4,6,25,6
9:17:44,2214.2,2214,2214.2,25,25,17
9:17:45,2214,2214,2214.2,17,24,4
9:17:45,2214,2214,2214.2,5,20,2
9:17:46,2214.4,2214.2,2214.4,10,12,4
9:17:46,2214.2,2214.2,2214.4,1,18,5
9:17:47,2214.4,2214.2,2214.4,2,20,3
9:17:47,2214.2,2214.2,2214.4,3,18,1
9:17:48,2214.2,2214.2,2214.6,7,11,10
9:17:48,2214.2,2214.4,2214.6,2,1,11
9:17:49,2214.2,2214.2,2214.6,3,12,11
9:17:49,2214.2,2214.2,2214.4,1,11,1
9:17:50,2214.2,2214.2,2214.6,9,4,11
9:17:50,2214.6,2214.2,2214.6,2,4,10
9:17:51,2214.6,2214.4,2214.6,2,14,18
9:17:52,2214.4,2214.4,2214.6,2,14,9
9:17:52,2214.4,2214.4,2214.6,1,13,7
9:17:53,2214.4,2214.2,2214.4,15,7,5
9:17:54,2214.4,2214.2,2214.4,1,7,6
9:17:55,2214.2,2214.2,2214.4,2,5,7
9:17:55,2214.4,2214.2,2214.4,5,5,2
9:17:56,2214.4,2214.2,2214.4,1,5,5
9:17:56,2214.2,2214.2,2214.4,3,2,5
9:17:57,2214.2,2214,2214.2,2,21,1
9:17:57,2215,2214.2,2214.4,100,1,1
9:17:58,2215,2214.2,2214.4,1,1,9
9:17:58,2214,2214,2214.4,2,33,10
9:18:00,2214.2,2214.2,2214.4,1,1,11
9:18:00,2214.2,2214.2,2214.4,8,5,4
9:18:01,2214,2214.2,2214.4,16,8,1
9:18:03,2214.4,2214.2,2214.4,7,9,1
9:18:03,2214.2,2214.2,2214.4,5,4,1
9:18:04,2214.2,2214.2,2214.4,1,3,2
9:18:04,2214.4,2214.2,2214.4,4,2,4
9:18:05,2214.4,2214.2,2214.4,3,1,2
9:18:05,2214.4,2214.2,2214.4,1,1,5
9:18:06,2214.2,2214,2214.4,2,13,4
9:18:06,2214,2214,2214.2,1,13,2
9:18:07,2214,2214,2214.2,1,12,7
9:18:07,2214.2,2214,2214.2,1,12,7
9:18:08,2214.2,2214,2214.2,1,12,6
9:18:08,2214,2214,2214.2,1,14,9
9:18:09,2214,2214,2214.2,3,13,7
9:18:09,2214,2214,2214.2,1,12,7
9:18:10,2214,2214,2214.2,2,11,6
9:18:10,2214,2214,2214.2,2,9,7
9:18:11,2214.2,2213.8,2214.2,10,44,6
9:18:11,2213.8,2213.8,2214.2,1,43,8
9:18:12,2213.8,2213.8,2214,5,40,2
9:18:12,2213.8,2213.8,2214,4,37,2
9:18:13,2213.8,2213.8,2214.2,12,27,23
9:18:13,2213.8,2213.8,2214,8,20,2
9:18:14,2214,2214,2214.2,5,28,23
9:18:14,2214,2214,2214.2,6,22,23
9:18:15,2214,2214,2214.2,7,16,21
9:18:15,2214,2214,2214.2,2,14,17
9:18:16,2214,2214,2214.2,1,14,17
9:18:18,2214.2,2214,2214.2,1,14,16
9:18:18,2214,2214,2214.2,1,18,16
9:18:19,2214,2214,2214.2,3,15,16
9:18:19,2214.2,2214,2214.2,2,15,14
9:18:20,2214,2214,2214.2,2,13,15
9:18:21,2214.2,2214,2214.2,10,14,6
9:18:22,2214.2,2214.2,2214.4,6,3,12
9:18:22,2214,2214.2,2214.4,10,1,12
9:18:24,2214.2,2214,2214.2,4,9,10
9:18:25,2214.2,2214,2214.2,14,7,1
9:18:25,2214.2,2214,2214.2,1,8,4
9:18:26,2214.2,2214,2214.2,1,8,3
9:18:26,2214.2,2214,2214.2,3,7,2
9:18:27,2214.2,2214.2,2214.4,3,18,12
9:18:27,2214.4,2214.2,2214.4,1,19,11
9:18:28,2214.4,2214.2,2214.4,5,17,8
9:18:28,2214.4,2214.4,2214.6,10,30,12
9:18:29,2214.4,2214.4,2214.6,10,20,12
9:18:29,2214.6,2214.4,2214.6,2,19,10
9:18:30,2214.4,2214.4,2214.6,3,19,10
9:18:30,2214.6,2214.4,2214.6,5,20,5
9:18:31,2214.6,2214.4,2214.6,1,20,4
9:18:31,2214.6,2214.4,2214.6,1,20,3
9:18:32,2214.8,2214.6,2214.8,4,48,28
9:18:32,2214.8,2214.6,2214.8,2,48,27
9:18:33,2214.8,2214.6,2214.8,6,48,22
9:18:33,2214.8,2214.8,2215,22,58,16
9:18:34,2214.8,2214.8,2215,21,42,12
9:18:34,2215,2214.8,2215,7,44,5
9:18:35,2215,2214.8,2215.2,6,44,15
9:18:35,2215.2,2215,2215.2,4,7,13
9:18:36,2215,2214.8,2215,17,43,51
9:18:36,2214.8,2214.8,2215,32,16,21
9:18:37,2215,2214.8,2215,8,15,14
9:18:37,2215,2215,2215.2,14,7,9
9:18:38,2215,2215,2215.2,7,6,5
9:18:38,2215.2,2215.2,2215.4,5,1,16
9:18:39,2215.2,2215,2215.2,5,20,12
9:18:39,2215.2,2215.2,2215.4,21,2,10
9:18:40,2215.2,2215,2215.2,10,12,10
9:18:40,2215.2,2215,2215.2,5,8,6
9:18:41,2214.8,2214.8,2215.2,16,17,4
9:18:41,2215.2,2215,2215.2,1,1,6
9:18:42,2215,2214.8,2215,3,17,5
9:18:42,2215,2215,2215.2,5,1,6
9:18:43,2215.2,2215,2215.2,6,1,2
9:18:43,2215,2214.8,2215.4,3,18,7
9:18:44,2215,2214.8,2215.4,2,18,8
9:18:44,2215,2215,2215.2,1,6,7
9:18:45,2215,2215,2215.2,3,17,7
9:18:45,2215,2215,2215.2,16,14,23
9:18:46,2215.2,2215,2215.2,2,15,25
9:18:46,2215.2,2215,2215.2,7,14,19
9:18:47,2215,2215,2215.2,5,10,19
9:18:47,2215,2215,2215.2,3,7,20
9:18:48,2215,2215,2215.2,5,9,21
9:18:49,2215.2,2215,2215.2,12,4,14
9:18:49,2215,2215,2215.2,3,1,15
9:18:50,2215.2,2215,2215.2,2,1,13
9:18:50,2215,2215,2215.2,5,1,10
9:18:51,2215.2,2215.2,2215.4,12,3,21
9:18:51,2215,2214.8,2215,11,12,7
9:18:52,2215,2214.8,2215,4,13,6
9:18:52,2215,2214.8,2215,1,13,5
9:18:53,2215,2214.8,2215,1,13,4
9:18:54,2215,2214.8,2215,1,13,4
9:18:54,2214.8,2214.8,2215,1,12,4
9:18:55,2215.2,2215,2215.2,8,1,2
9:18:56,2215.2,2215,2215.2,1,12,11
9:18:57,2215,2215,2215.2,3,10,11
9:18:57,2215.2,2215,2215.2,2,10,12
9:18:58,2215,2215,2215.2,2,10,12
9:18:58,2215,2215,2215.2,5,6,12
9:18:59,2214.8,2215,2215.2,13,1,12
9:18:59,2215,2214.8,2215,1,3,4
9:19:00,2215,2214.8,2215,2,3,2
9:19:00,2215,2215,2215.2,3,1,13
9:19:01,2215.2,2215,2215.2,11,1,2
9:19:01,2215,2215,2215.2,2,4,2
9:19:02,2215.2,2215,2215.2,1,4,1
9:19:02,2215.2,2215,2215.4,3,2,19
9:19:03,2215.2,2215,2215.2,3,13,2
9:19:04,2215.2,2215.2,2215.4,2,2,19
9:19:04,2215.2,2215.2,2215.4,1,3,19
9:19:05,2215.2,2215,2215.2,3,13,5
9:19:05,2215,2215,2215.2,4,15,4
9:19:06,2215.2,2215,2215.2,3,14,3
9:19:07,2215.2,2215,2215.2,2,14,2
9:19:07,2215.2,2215,2215.4,2,14,24
9:19:08,2215.2,2215,2215.2,12,15,9
9:19:09,2215.2,2215,2215.2,4,16,8
9:19:09,2215,2214.8,2215,18,9,3
9:19:10,2214.8,2214.8,2215.2,4,5,8
9:19:10,2215.2,2214.8,2215.2,5,5,7
9:19:11,2215.2,2214.8,2215,2,6,1
9:19:13,2214.8,2214.8,2215,1,16,3
9:19:13,2215,2215,2215.2,3,30,8
9:19:14,2215.2,2215.2,2215.4,7,9,26
9:19:15,2215.2,2215.2,2215.4,1,16,25
9:19:16,2215.2,2215.2,2215.4,3,14,24
9:19:16,2215.2,2215.2,2215.4,2,12,24
9:19:17,2215.2,2215.2,2215.4,7,6,23
9:19:17,2215.4,2215.2,2215.4,1,4,21
9:19:18,2215.4,2215.2,2215.4,3,5,18
9:19:18,2215.2,2215.2,2215.4,6,4,13
9:19:19,2215.4,2215.2,2215.4,1,5,15
9:19:19,2215.4,2215.2,2215.4,8,6,7
9:19:20,2215.4,2215.2,2215.4,1,16,7
9:19:20,2215.4,2215.2,2215.4,5,14,7
9:19:21,2215.4,2215.4,2215.6,8,4,81
9:19:21,2215.4,2215.2,2215.4,7,15,2
9:19:22,2215.4,2215.4,2215.6,7,5,76
9:19:22,2215.4,2215.2,2215.4,5,13,3
9:19:23,2215.6,2215.2,2215.6,6,9,74
9:19:23,2215.6,2215.2,2215.6,3,9,72
9:19:24,2215.6,2215.2,2215.4,2,10,15
9:19:24,2215.4,2215.2,2215.4,8,8,9
9:19:25,2215.4,2215.2,2215.4,1,2,2
9:19:25,2215.4,2215.4,2215.6,2,1,69
9:19:26,2215.6,2215.2,2215.6,9,6,67
9:19:27,2215.4,2215.2,2215.6,2,8,69
9:19:27,2215.6,2215.2,2215.6,3,9,67
9:19:28,2215.6,2215.2,2215.6,1,9,68
9:19:28,2215.2,2215.2,2215.6,4,8,63
9:19:29,2215.6,2215.2,2215.6,3,17,60
9:19:29,2215.6,2215.2,2215.6,3,17,58
9:19:30,2215.6,2215.2,2215.6,28,22,30
9:19:30,2215.6,2215.4,2215.6,4,8,28
9:19:31,2215.6,2215.4,2215.6,1,12,28
9:19:31,2215.6,2215.4,2215.6,8,11,25
9:19:32,2215.6,2215.6,2215.8,25,3,22
9:19:32,2215.8,2215.6,2215.8,5,1,20
9:19:33,2215.8,2215.6,2215.8,18,13,3
9:19:33,2215.8,2215.8,2216,32,3,124
9:19:34,2215.8,2215.6,2215.8,11,4,2
9:19:34,2215.8,2215.8,2216,3,1,122
9:19:35,2215.8,2215.6,2215.8,3,8,3
9:19:35,2215.6,2215.6,2215.8,10,7,8
9:19:36,2215.8,2215.6,2215.8,4,7,15
9:19:36,2215.8,2215.6,2215.8,13,4,7
9:19:37,2215.8,2215.6,2215.8,1,4,3
9:19:37,2215.8,2215.6,2215.8,2,9,5
9:19:38,2215.8,2215.8,2216,6,3,139
9:19:38,2215.8,2215.8,2216,2,1,139
9:19:39,2216,2215.8,2216,2,1,137
9:19:39,2215.6,2215.6,2216,2,12,138
9:19:40,2216,2215.6,2216,12,12,127
9:19:40,2216,2215.6,2216,11,15,118
9:19:41,2216,2215.8,2216,6,20,115
9:19:41,2216,2215.8,2216,5,26,112
9:19:42,2216,2215.8,2216,7,24,109
9:19:42,2216,2215.8,2216,50,27,61
9:19:43,2216,2215.8,2216,10,22,56
9:19:43,2216,2215.8,2216,23,21,33
9:19:44,2216,2215.8,2216,18,21,16
9:19:44,2216,2215.8,2216,6,21,13
9:19:45,2215.8,2215.8,2216,5,21,12
9:19:45,2215.8,2215.8,2216,10,21,3
9:19:46,2216,2215.8,2216,5,21,7
9:19:46,2216.2,2216,2216.2,12,1,20
9:19:47,2216,2216,2216.2,1,10,23
9:19:47,2216.2,2216,2216.2,14,1,19
9:19:48,2216,2216,2216.2,5,2,19
9:19:48,2216.2,2216,2216.2,5,3,16
9:19:49,2216.2,2215.8,2216.2,8,10,11
9:19:49,2216.2,2215.8,2216.2,4,10,16
9:19:50,2216,2216,2216.2,4,3,22
9:19:50,2216,2216,2216.2,6,3,21
9:19:51,2216,2215.8,2216.2,4,10,21
9:19:51,2216,2215.8,2216,8,4,1
9:19:52,2216,2216,2216.2,1,1,24
9:19:52,2216,2215.8,2216,6,4,25
9:19:53,2215.8,2215.8,2216,14,1,18
9:19:53,2216,2215.8,2216,1,1,18
9:19:54,2215.8,2215.6,2215.8,3,20,1
9:19:54,2215.8,2215.8,2216,1,1,43
9:19:55,2216,2215.8,2216,2,3,47
9:19:55,2216,2215.8,2216,3,2,45
9:19:56,2216,2215.8,2216,1,2,42
9:19:56,2215.8,2215.6,2216,5,20,43
9:19:57,2216,2215.6,2216,1,20,43
9:19:57,2216,2215.6,2216,5,20,42
9:19:58,2216,2215.6,2216,1,21,42
9:19:58,2215.8,2215.6,2215.8,6,16,9
9:19:59,2215.8,2215.6,2215.8,1,17,8
9:19:59,2215.6,2215.6,2215.8,1,16,21
9:20:00,2215.8,2215.8,2216,24,22,31
9:20:00,2216,2215.8,2216,24,6,28
9:20:01,2215.8,2215.6,2216,10,20,25
9:20:01,2215.8,2215.6,2215.8,7,27,8
9:20:02,2215.6,2215.6,2215.8,23,15,4
9:20:02,2215.6,2215.6,2215.8,6,7,7
9:20:03,2215.8,2215.6,2215.8,1,9,22
9:20:03,2215.8,2215.6,2215.8,12,1,22
9:20:04,2215.6,2215.6,2215.8,2,3,22
9:20:04,2215.4,2215.4,2215.6,5,5,2
9:20:05,2215.8,2215.6,2215.8,11,3,19
9:20:05,2215.4,2215.4,2215.8,5,3,22
9:20:06,2215.8,2215.6,2215.8,2,10,25
9:20:06,2215.6,2215.6,2215.8,5,7,25
9:20:07,2215.6,2215.6,2215.8,2,5,24
9:20:07,2215.6,2215.4,2215.6,6,2,1
9:20:08,2215.4,2215.4,2215.6,1,1,1
9:20:09,2215.6,2215.6,2215.8,4,32,22
9:20:09,2215.8,2215.6,2215.8,3,30,18
9:20:10,2215.8,2215.6,2215.8,5,28,10
9:20:10,2215.6,2215.6,2215.8,4,24,11
9:20:11,2215.8,2215.6,2215.8,2,23,12
9:20:11,2215.8,2215.6,2215.8,4,21,10
9:20:12,2215.8,2215.6,2215.8,1,21,9
9:20:12,2215.8,2215.6,2215.8,3,20,8
9:20:13,2215.6,2215.6,2215.8,3,22,7
9:20:13,2215.8,2215.6,2215.8,1,22,10
9:20:14,2215.6,2215.6,2215.8,1,21,10
9:20:14,2215.6,2215.6,2215.8,2,19,11
9:20:15,2215.8,2215.6,2215.8,2,19,10
9:20:16,2215.8,2215.6,2215.8,3,17,11
9:20:16,2215.6,2215.6,2215.8,2,17,11
9:20:17,2215.8,2215.6,2215.8,1,17,10
9:20:17,2215.6,2215.6,2215.8,2,15,10
9:20:18,2215.8,2215.6,2215.8,2,15,10
9:20:19,2215.8,2215.6,2215.8,5,11,9
9:20:19,2215.6,2215.6,2215.8,2,9,9
9:20:20,2215.8,2215.6,2215.8,1,10,9
9:20:20,2215.8,2215.8,2216,9,4,61
9:20:22,2216,2215.8,2216,1,4,60
9:20:22,2216,2215.8,2216,1,5,60
9:20:23,2216,2215.8,2216,4,3,59
9:20:23,2215.8,2215.8,2216,1,3,60
9:20:24,2215.8,2215.8,2216,4,16,58
9:20:24,2216,2215.8,2216,4,26,57
9:20:25,2216,2215.8,2216,4,27,54
9:20:25,2216,2215.8,2216,2,27,52
9:20:26,2216,2215.8,2216,1,27,52
9:20:26,2216,2215.8,2216,6,27,46
9:20:27,2215.8,2215.8,2216,8,21,44
9:20:27,2215.8,2215.8,2216,1,20,44
9:20:28,2215.8,2215.8,2216,6,21,39
9:20:28,2216,2215.8,2216,13,10,37
9:20:29,2215.8,2215.8,2216,1,9,37
9:20:30,2216,2215.8,2216,1,19,36
9:20:30,2216,2215.8,2216,4,18,33
9:20:31,2215.8,2215.8,2216,1,17,33
9:20:31,2215.8,2215.8,2216,2,16,31
9:20:32,2216,2215.8,2216,5,16,27
9:20:32,2216,2215.8,2216,9,16,21
9:20:33,2216,2215.8,2216,1,7,20
9:20:33,2215.8,2215.8,2216,1,6,20
9:20:34,2216,2215.8,2216,4,7,16
9:20:35,2216,2215.8,2216,1,18,17
9:20:36,2216,2215.8,2216,2,18,19
9:20:36,2216,2216,2216.2,23,23,34
9:20:37,2215.8,2215.8,2216,31,11,78
9:20:38,2215.8,2215.6,2215.8,21,18,2
9:20:38,2215.8,2215.8,2216,12,2,78
9:20:39,2215.6,2215.6,2215.8,3,10,1
9:20:39,2215.8,2215.6,2215.8,1,10,1
9:20:40,2216,2215.6,2216,2,10,80
9:20:41,2215.6,2215.6,2216,2,12,82
9:20:41,2215.6,2215.6,2216,2,17,82
9:20:42,2215.6,2215.6,2215.8,1,19,9
9:20:43,2215.6,2215.6,2215.8,1,20,26
9:20:43,2215.8,2215.6,2215.8,1,16,29
9:20:44,2215.8,2215.6,2215.8,1,17,28
9:20:44,2215.6,2215.6,2215.8,2,18,30
9:20:45,2215.8,2215.6,2215.8,4,16,30
9:20:46,2215.6,2215.6,2215.8,5,14,30
9:20:47,2215.8,2215.6,2215.8,3,15,29
9:20:47,2215.8,2215.6,2215.8,9,23,20
9:20:48,2215.8,2215.6,2216,20,27,94
9:20:48,2215.6,2215.6,2215.8,1,26,5
9:20:49,2215.6,2215.6,2215.8,2,24,6
9:20:52,2215.8,2215.6,2216,10,35,95
9:20:52,2215.6,2215.8,2216,1,1,95
9:20:53,2215.8,2215.6,2215.8,1,36,2
9:20:53,2215.8,2215.8,2216,7,1,95
9:20:54,2215.8,2215.8,2216,1,1,95
9:20:54,2216,2215.6,2215.8,2,36,3
9:20:55,2215.8,2215.6,2215.8,2,36,3
9:20:56,2215.8,2215.6,2215.8,2,36,11
9:20:57,2215.8,2215.6,2215.8,1,36,25
9:20:58,2215.8,2215.6,2215.8,1,35,26
9:20:58,2215.6,2215.6,2215.8,3,32,26
9:20:59,2215.8,2215.6,2215.8,5,32,23
9:20:59,2215.8,2215.6,2215.8,1,32,22
9:21:01,2215.6,2215.6,2215.8,1,32,25
9:21:02,2215.8,2215.6,2215.8,1,32,32
9:21:02,2215.8,2215.6,2215.8,1,32,31
9:21:03,2215.6,2215.6,2215.8,4,28,31
9:21:04,2215.6,2215.6,2215.8,1,27,31
9:21:04,2215.6,2215.6,2215.8,1,26,31
9:21:05,2215.6,2215.6,2215.8,101,25,9
9:21:05,2215.6,2215.6,2215.8,2,23,9
9:21:06,2215.8,2215.6,2215.8,5,30,4
9:21:06,2216,2215.6,2216,8,36,45
9:21:07,2215.6,2215.6,2216,1,36,45
9:21:07,2215.6,2215.8,2216,1,2,46
9:21:08,2215.8,2215.6,2216,3,32,45
9:21:09,2215.8,2215.6,2215.8,1,46,14
9:21:11,2215.8,2215.6,2215.8,1,46,14
9:21:12,2215.8,2215.6,2215.8,1,47,13
9:21:12,2215.6,2215.6,2215.8,4,43,13
9:21:13,2215.6,2215.6,2215.8,1,39,13
9:21:14,2215.6,2215.6,2215.8,1,38,15
9:21:14,2215.6,2215.6,2215.8,3,36,15
9:21:15,2215.6,2215.6,2215.8,1,35,16
9:21:15,2215.8,2215.6,2215.8,16,34,1
9:21:16,2215.6,2215.6,2215.8,1,33,2
9:21:17,2215.8,2215.8,2216,3,4,60
9:21:17,2215.8,2215.8,2216,1,3,60
9:21:18,2215.8,2215.8,2216,1,2,60
9:21:18,2215.6,2215.6,2216,13,22,60
9:21:19,2215.8,2215.6,2216,1,43,59
9:21:21,2215.8,2215.6,2215.8,1,42,1
9:21:22,2215.8,2215.8,2216,2,1,59
9:21:22,2215.8,2215.6,2216,1,42,59
9:21:23,2215.8,2215.6,2215.8,1,42,1
9:21:24,2215.8,2215.8,2216,4,17,59
9:21:26,2216,2215.8,2216,10,26,151
9:21:27,2216,2215.8,2216,18,9,143
9:21:27,2215.8,2215.8,2216,2,7,143
9:21:28,2215.8,2215.8,2216,3,5,145
9:21:28,2215.6,2215.6,2215.8,8,42,5
9:21:29,2215.6,2215.6,2215.8,1,41,1
9:21:29,2215.8,2215.8,2216,5,6,145
9:21:30,2215.8,2215.6,2215.8,8,41,3
9:21:30,2215.6,2215.6,2216,3,38,147
9:21:31,2215.6,2215.6,2216,3,35,47
9:21:31,2215.8,2215.8,2216,6,7,45
9:21:32,2215.8,2215.8,2216,12,5,41
9:21:32,2215.8,2215.8,2216,1,7,41
9:21:33,2215.8,2215.6,2216,8,32,40
9:21:33,2216,2215.6,2216,28,32,13
9:21:34,2216,2215.8,2216,3,1,13
9:21:35,2215.8,2215.8,2216,1,10,13
9:21:35,2215.8,2215.8,2216,1,15,14
9:21:36,2216,2215.8,2216,3,14,12
9:21:37,2216,2215.8,2216,2,14,10
9:21:37,2216,2215.8,2216,2,13,9
9:21:38,2216,2216,2216.2,10,1,32
9:21:39,2216,2216,2216.2,1,4,38
9:21:39,2216.2,2216,2216.2,3,2,37
9:21:40,2216.2,2216,2216.2,1,11,36
9:21:40,2216.2,2216,2216.2,17,7,24
9:21:41,2216.2,2216,2216.2,2,7,22
9:21:41,2216.2,2216,2216.2,6,9,12
9:21:42,2216.2,2216,2216.2,3,8,11
9:21:42,2216.2,2216,2216.2,9,5,5
9:21:43,2216.2,2216.2,2216.4,9,24,27
9:21:43,2216.2,2216.2,2216.4,3,75,30
9:21:44,2216.4,2216.4,2216.6,26,4,29
9:21:44,2216.6,2216.4,2216.6,6,13,32
9:21:45,2216.6,2216.4,2216.6,12,13,29
9:21:45,2216.6,2216.6,2216.8,36,2,66
9:21:46,2216.6,2216.6,2216.8,18,31,51
9:21:46,2216.8,2216.6,2216.8,8,34,50
9:21:47,2216.8,2216.6,2216.8,15,36,35
9:21:47,2216.8,2216.6,2216.8,12,35,28
9:21:48,2216.8,2216.6,2216.8,15,82,22
9:21:48,2216.8,2216.6,2216.8,11,83,13
9:21:49,2217,2216.8,2217,25,9,18
9:21:49,2217,2216.8,2217,34,2,15
9:21:50,2216.8,2216.8,2217,19,8,8
9:21:50,2216.8,2216.6,2216.8,16,9,1
9:21:51,2216.8,2216.6,2216.8,6,9,9
9:21:51,2217,2216.6,2216.8,20,8,19
9:21:52,2216.8,2216.6,2216.8,5,8,27
9:21:52,2216.6,2216.6,2216.8,4,8,28
9:21:53,2216.8,2216.6,2216.8,25,6,5
9:21:53,2216.8,2216.8,2217,14,42,11
9:21:54,2216.8,2216.8,2217,17,67,10
9:21:54,2216.8,2216.8,2217.2,14,64,20
9:21:55,2217,2217,2217.2,5,19,20
9:21:55,2217,2217,2217.2,7,19,21
9:21:56,2217,2217,2217.2,19,1,21
9:21:56,2217,2216.8,2217.2,4,30,21
9:21:57,2217.2,2217.2,2217.4,37,5,8
9:21:57,2217,2217,2217.2,9,1,12
9:21:58,2217.2,2217,2217.2,16,5,4
9:21:58,2217.2,2217,2217.2,22,7,3
9:21:59,2217,2217,2217.2,7,12,19
9:21:59,2217,2217,2217.2,23,18,3
9:22:00,2217.2,2217.2,2217.4,6,5,9
9:22:00,2217.2,2217.2,2217.4,16,14,9
9:22:01,2217.2,2217.2,2217.4,34,1,9
9:22:01,2217.4,2217.2,2217.4,6,1,9
9:22:02,2217.2,2217,2217.2,14,44,17
9:22:02,2217.2,2217,2217.2,9,44,25
9:22:03,2217,2217,2217.2,16,31,31
9:22:03,2217,2217,2217.2,14,17,34
9:22:04,2217,2216.8,2217,23,16,15
9:22:04,2217,2216.8,2217,10,37,21
9:22:05,2216.8,2216.8,2217,8,36,40
9:22:05,2216.8,2216.8,2217,1,37,40
9:22:06,2216.8,2216.8,2217,5,37,27
9:22:06,2216.8,2216.8,2217,24,16,21
9:22:07,2216.8,2216.8,2217,8,6,21
9:22:08,2216.8,2216.8,2217,9,7,23
9:22:08,2216.8,2216.8,2217,5,4,22
9:22:09,2216.8,2216.8,2217,5,13,22
9:22:09,2216.8,2216.8,2217,7,6,23
9:22:10,2216.8,2216.8,2217,6,10,24
9:22:10,2216.8,2216.8,2217,3,7,25
9:22:11,2216.8,2216.8,2217,2,6,26
9:22:11,2216.8,2216.6,2216.8,6,13,2
9:22:12,2216.8,2216.6,2216.8,2,13,4
9:22:12,2216.6,2216.6,2216.8,1,12,5
9:22:13,2216.6,2216.6,2216.8,5,20,4
9:22:13,2216.8,2216.6,2216.8,4,18,4
9:22:14,2216.6,2216.6,2216.8,1,19,4
9:22:14,2217,2216.6,2217,7,17,43
9:22:15,2216.6,2216.6,2217,7,15,45
9:22:15,2216.6,2216.8,2217,3,1,45
9:22:16,2216.6,2216.6,2216.8,1,13,1
9:22:16,2216.8,2216.6,2216.8,1,14,5
9:22:17,2216.6,2216.6,2216.8,9,6,8
9:22:17,2216.6,2216.6,2216.8,7,4,3
9:22:18,2216.8,2216.6,2216.8,1,4,10
9:22:18,2216.6,2216.6,2216.8,6,4,9
9:22:19,2216.8,2216.6,2216.8,7,3,4
9:22:19,2216.8,2216.6,2216.8,3,3,14
9:22:20,2216.6,2216.6,2216.8,2,1,15
9:22:20,2216.6,2216.6,2216.8,1,1,15
9:22:21,2216.6,2216.4,2216.6,1,16,1
9:22:21,2216.8,2216.6,2216.8,2,11,14
9:22:22,2216.8,2216.6,2216.8,4,18,18
9:22:22,2216.6,2216.6,2216.8,1,19,18
9:22:23,2216.6,2216.6,2216.8,8,11,20
9:22:23,2216.8,2216.6,2216.8,4,9,18
9:22:24,2216.6,2216.6,2216.8,3,8,17
9:22:24,2216.6,2216.6,2216.8,5,6,18
9:22:25,2216.6,2216.6,2216.8,1,5,20
9:22:25,2216.6,2216.6,2216.8,2,4,20
9:22:26,2216.6,2216.4,2216.6,4,15,100
9:22:26,2216.4,2216.2,2216.4,24,20,7
9:22:27,2216.4,2216.2,2216.6,2,21,100
9:22:27,2216.4,2216.2,2216.4,6,18,13
9:22:28,2216.2,2216.2,2216.4,14,15,12
9:22:28,2216.4,2216.2,2216.4,14,24,10
9:22:29,2216.4,2216.2,2216.4,3,26,2
9:22:29,2216.4,2216.2,2216.6,1,27,99
9:22:30,2216.2,2216.2,2216.6,5,28,95
9:22:30,2216.2,2216.2,2216.6,2,28,95
9:22:31,2216.2,2216.2,2216.6,3,26,94
9:22:32,2216.4,2216.2,2216.6,2,26,97
9:22:33,2216.6,2216.2,2216.6,8,24,102
9:22:33,2216.4,2216.2,2216.6,3,25,102
9:22:34,2216.6,2216.2,2216.6,1,26,109
9:22:34,2216.6,2216.2,2216.6,1,28,114
9:22:35,2216.2,2216.2,2216.6,4,24,114
9:22:35,2216.2,2216.2,2216.6,1,23,114
9:22:36,2216.4,2216.4,2216.6,1,1,114
9:22:36,2216.4,2216.2,2216.6,3,23,114
9:22:37,2216.6,2216.2,2216.4,1,24,1
9:22:37,2216.4,2216.2,2216.6,2,25,114
9:22:38,2216.2,2216.2,2216.4,2,25,2
9:22:39,2216.4,2216.2,2216.4,2,25,2
9:22:39,2216.2,2216.2,2216.4,9,16,2
9:22:40,2216.2,2216.2,2216.4,1,22,4
9:22:41,2216.2,2216.2,2216.4,1,30,10
9:22:41,2216.2,2216.2,2216.4,3,27,10
9:22:42,2216.4,2216.2,2216.4,4,26,7
9:22:42,2216.2,2216.2,2216.4,5,22,7
9:22:43,2216.4,2216.2,2216.4,5,20,10
9:22:43,2216.2,2216.2,2216.4,2,23,10
9:22:44,2216.2,2216.2,2216.4,2,22,10
9:22:45,2216.2,2216.2,2216.4,2,22,11
9:22:46,2216.4,2216.2,2216.4,5,19,10
9:22:46,2216.4,2216.2,2216.4,7,20,4
9:22:47,2216.2,2216.2,2216.4,3,17,6
9:22:48,2216.4,2216.4,2216.6,5,15,103
9:22:48,2216.4,2216.4,2216.6,3,15,103
9:22:49,2216.4,2216.4,2216.6,3,14,101
9:22:49,2216.6,2216.4,2216.6,2,15,100
9:22:50,2216.4,2216.4,2216.6,4,13,100
9:22:50,2216.6,2216.4,2216.6,3,11,100
9:22:51,2216.4,2216.4,2216.6,1,12,100
9:22:51,2216.6,2216.4,2216.6,2,14,99
9:22:52,2216.4,2216.4,2216.6,2,12,99
9:22:52,2216.6,2216.4,2216.6,2,16,98
9:22:53,2216.6,2216.4,2216.6,1,16,98
9:22:53,2216.4,2216.4,2216.6,8,11,98
9:22:54,2216.6,2216.4,2216.6,3,10,96
9:22:55,2216.6,2216.4,2216.6,1,10,98
9:22:55,2216.4,2216.4,2216.6,6,4,98
9:22:56,2216.4,2216.4,2216.6,3,7,97
9:22:57,2216.6,2216.4,2216.6,1,9,99
9:22:58,2216.6,2216.4,2216.6,2,9,97
9:22:58,2216.4,2216.4,2216.6,5,9,93
9:22:59,2216.6,2216.4,2216.6,1,10,92
9:23:00,2216.6,2216.4,2216.6,4,8,90
9:23:00,2216.6,2216.4,2216.6,1,8,86
9:23:01,2216.6,2216.4,2216.6,10,12,17
9:23:02,2216.6,2216.6,2216.8,33,11,22
9:23:02,2217,2216.8,2217,33,17,48
9:23:03,2216.8,2216.8,2217,6,14,45
9:23:04,2217,2216.8,2217,12,10,40
9:23:04,2217,2216.8,2217,1,10,39
9:23:05,2217,2216.8,2217,3,10,40
9:23:05,2217,2216.8,2217,8,9,33
9:23:06,2217,2216.8,2217,5,8,29
9:23:06,2216.8,2216.8,2217,2,7,28
9:23:07,2217,2216.8,2217,3,7,24
9:23:07,2216.8,2216.8,2217,1,6,24
9:23:08,2216.8,2216.6,2217,6,11,25
9:23:08,2217,2216.6,2217,3,5,24
9:23:09,2217,2216.6,2217,4,5,20
9:23:09,2216.8,2216.8,2217,5,5,20
9:23:10,2216.6,2216.6,2216.8,7,4,1
9:23:10,2217,2216.6,2217,3,6,20
9:23:11,2217,2216.6,2217,2,6,19
9:23:11,2217,2216.6,2217,2,7,19
9:23:12,2216.6,2216.6,2216.8,6,1,2
9:23:12,2216.8,2216.4,2217,4,19,22
9:23:13,2217,2217,2217.2,22,1,19
9:23:13,2216.6,2216.4,2217,2,19,8
9:23:14,2217,2216.4,2217,5,36,9
9:23:14,2217,2216.6,2217,2,3,12
9:23:15,2216.8,2216.8,2217,3,2,12
9:23:15,2217,2216.6,2217,4,8,10
9:23:16,2217,2216.8,2217,2,1,8
9:23:16,2217,2216.6,2217,3,21,11
9:23:17,2216.8,2216.6,2217,2,22,12
9:23:17,2216.6,2216.6,2217,1,21,13
9:23:18,2216.8,2216.6,2217,5,28,11
9:23:18,2216.6,2216.6,2217,12,18,13
9:23:19,2217,2216.6,2217,2,18,15
9:23:20,2217,2216.6,2216.8,2,27,6
9:23:20,2216.6,2216.6,2217,13,29,19
9:23:21,2216.6,2216.6,2217,2,28,19
9:23:21,2217,2216.6,2217,4,27,18
9:23:23,2216.6,2216.6,2217,2,27,24
9:23:24,2217,2216.6,2217,10,27,14
9:23:24,2216.6,2216.6,2217,1,27,15
9:23:25,2217,2216.8,2217,3,7,13
9:23:26,2216.8,2216.8,2217,6,7,15
9:23:26,2216.8,2216.8,2217,10,7,6
9:23:27,2216.8,2216.8,2217,1,9,8
9:23:28,2217,2216.8,2217,2,9,8
9:23:28,2217,2217,2217.2,10,2,27
9:23:29,2216.8,2216.8,2217,3,1,4
9:23:29,2217.2,2216.6,2217.2,26,31,16
9:23:30,2216.8,2216.6,2216.8,3,29,1
9:23:30,2216.8,2216.8,2217,1,1,1
9:23:31,2216.8,2216.8,2217,1,6,5
9:23:31,2217,2217,2217.2,11,1,17
9:23:32,2217,2217,2217.2,1,2,19
9:23:33,2217,2216.8,2217,3,15,8
9:23:34,2217.2,2217,2217.2,29,1,1
9:23:34,2217,2216.8,2217,2,21,8
9:23:35,2216.8,2216.8,2217,2,19,14
9:23:35,2217,2216.8,2217,5,19,10
9:23:36,2217,2216.8,2217,6,16,8
9:23:37,2216.8,2216.8,2217,5,15,6
9:23:38,2217,2216.8,2217,1,15,6
9:23:38,2217,2216.8,2217,1,15,5
9:23:39,2217,2217,2217.2,5,12,9
9:23:39,2217,2217,2217.2,1,11,9
9:23:40,2217.2,2217,2217.2,6,13,4
9:23:41,2217,2217,2217.2,1,17,10
9:23:41,2217,2217,2217.2,2,15,10
9:23:42,2217.2,2217,2217.2,6,10,9
9:23:42,2217,2217,2217.2,2,12,9
9:23:43,2217.2,2217,2217.2,1,12,9
9:23:43,2217.2,2217.2,2217.4,11,28,18
9:23:44,2217.2,2217.2,2217.4,23,8,15
9:23:44,2217.2,2217.2,2217.4,1,8,15
9:23:45,2217.2,2217.2,2217.4,6,18,19
9:23:45,2217.4,2217.2,2217.4,5,22,16
9:23:46,2217.4,2217.2,2217.4,6,20,12
9:23:46,2217.4,2217.2,2217.4,10,19,4
9:23:47,2217.4,2217.4,2217.6,7,4,47
9:23:47,2217.4,2217.2,2217.4,4,18,13
9:23:48,2217.4,2217.2,2217.6,14,8,45
9:23:48,2217.6,2217.4,2217.6,7,15,40
9:23:49,2217.4,2217.4,2217.6,10,15,32
9:23:49,2217.6,2217.4,2217.6,2,17,31
9:23:50,2217.6,2217.4,2217.6,27,3,22
9:23:50,2217.8,2217.6,2217.8,60,13,5
9:23:51,2217.6,2217.2,2217.6,35,4,9
9:23:51,2217.6,2217.2,2217.6,6,4,7
9:23:52,2217.4,2217.2,2217.6,6,11,8
9:23:52,2217.6,2217.2,2217.6,2,13,16
9:23:53,2217.2,2217.2,2217.6,9,14,9
9:23:53,2217.2,2217.2,2217.8,8,9,8
9:23:54,2217.4,2217.2,2217.8,3,13,19
9:23:55,2217.6,2217.4,2217.6,27,8,2
9:23:55,2217.4,2217.4,2217.6,12,4,6
9:23:56,2217.8,2217.4,2218,12,15,63
9:23:56,2217.6,2217.6,2218,3,13,64
9:23:57,2217.6,2217.6,2217.8,2,14,3
9:23:57,2217.8,2217.8,2218,5,2,66
9:23:58,2217.8,2217.6,2217.8,3,16,9
9:23:58,2217.8,2217.8,2218,40,2,40
9:23:59,2217.8,2217.6,2217.8,2,10,13
9:23:59,2217.6,2217.6,2217.8,6,5,15
9:24:00,2218,2217.6,2217.8,23,4,3
9:24:00,2217.8,2217.8,2218,21,47,26
9:24:01,2218,2217.8,2218,13,45,17
9:24:01,2217.8,2217.8,2218,28,49,11
9:24:02,2217.8,2217.8,2218,18,45,2
9:24:02,2218.2,2218.2,2218.4,20,39,22
9:24:03,2218.2,2218,2218.4,51,17,17
9:24:03,2218.4,2218.2,2218.4,17,1,20
9:24:04,2218.2,2218,2218.2,29,16,24
9:24:04,2218,2217.8,2218,21,51,6
9:24:05,2218.2,2218,2218.2,11,5,25
9:24:05,2218.2,2218,2218.2,9,6,21
9:24:06,2218,2218,2218.2,13,9,24
9:24:06,2218.2,2218,2218.2,2,12,13
9:24:07,2218.2,2218,2218.2,14,4,10
9:24:07,2218.2,2217.8,2218.2,19,48,8
9:24:08,2218,2217.8,2218,14,47,14
9:24:08,2218,2217.8,2218,17,46,27
9:24:09,2218,2217.8,2218,13,44,16
9:24:09,2218,2217.8,2218,6,40,16
9:24:10,2217.8,2217.8,2218,4,40,16
9:24:10,2217.6,2217.6,2217.8,47,13,2
9:24:11,2218,2217.6,2217.8,6,13,61
9:24:11,2217.6,2217.6,2217.8,12,1,106
9:24:12,2217.6,2217.4,2217.6,15,6,6
9:24:12,2217.4,2217.4,2217.6,20,12,28
9:24:13,2217.4,2217.2,2217.4,18,4,22
9:24:13,2217.2,2217.2,2217.4,11,17,20
9:24:14,2217.2,2217.2,2217.4,2,4,19
9:24:14,2217.2,2217.2,2217.4,5,4,18
9:24:15,2217,2217,2217.4,15,22,15
9:24:15,2217.2,2217,2217.2,1,23,4
9:24:16,2217,2217,2217.2,5,22,1
9:24:16,2217.6,2217,2217.6,14,15,38
9:24:17,2217,2217,2217.6,9,13,30
9:24:18,2217.4,2217.2,2217.4,5,14,6
9:24:18,2217.6,2217.4,2217.6,8,4,35
9:24:19,2217.4,2217.4,2217.6,4,2,38
9:24:19,2217.2,2217.4,2217.6,5,1,38
9:24:20,2217.2,2217.2,2217.6,2,15,38
9:24:20,2217.4,2217.2,2217.4,2,15,2
9:24:21,2217.2,2217.2,2217.6,7,20,39
9:24:21,2217.2,2217.2,2217.4,1,20,2
9:24:22,2217.6,2217.2,2217.6,3,20,39
9:24:22,2217.2,2217.2,2217.6,2,19,43
9:24:24,2217.6,2217.4,2217.6,2,1,43
9:24:24,2217.4,2217.2,2217.4,1,21,4
9:24:25,2217.4,2217.2,2217.4,1,20,5
9:24:25,2217.4,2217.2,2217.4,4,18,4
9:24:26,2217.2,2217.2,2217.4,15,4,4
9:24:27,2217.2,2217.2,2217.4,3,12,8
9:24:28,2217.2,2217.2,2217.4,1,11,10
9:24:29,2217.2,2217.2,2217.4,2,10,10
9:24:29,2217.2,2217.2,2217.4,1,11,11
9:24:30,2217.4,2217.2,2217.4,2,9,10
9:24:30,2217.4,2217.2,2217.4,1,12,9
9:24:31,2217.4,2217.2,2217.4,5,13,4
9:24:32,2217.4,2217.2,2217.4,2,17,3
9:24:32,2217.2,2217.2,2217.4,6,12,3
9:24:33,2217.2,2217.2,2217.4,3,10,2
9:24:34,2217.4,2217.2,2217.4,1,10,2
9:24:34,2217.4,2217.2,2217.4,1,11,1
9:24:35,2217.2,2217.2,2217.4,1,30,1
9:24:35,2217.6,2217.4,2217.6,2,15,63
9:24:36,2217.4,2217.4,2217.6,7,14,65
9:24:36,2217.4,2217.4,2217.6,6,9,62
9:24:37,2217.4,2217.4,2217.6,3,6,62
9:24:38,2217.6,2217.4,2217.6,1,6,61
9:24:38,2217.6,2217.4,2217.6,1,1,60
9:24:39,2217.6,2217.4,2217.6,1,7,56
9:24:40,2217.6,2217.4,2217.6,20,7,40
9:24:40,2217.6,2217.4,2217.6,35,10,5
9:24:41,2217.6,2217.6,2217.8,5,15,55
9:24:41,2217.6,2217.6,2217.8,9,8,57
9:24:42,2217.6,2217.6,2217.8,2,12,51
9:24:42,2217.6,2217.6,2217.8,1,11,49
9:24:43,2217.8,2217.6,2217.8,5,9,47
9:24:43,2217.8,2217.8,2218,53,34,38
9:24:44,2217.8,2217.8,2218,18,16,42
9:24:44,2217.8,2217.8,2218,12,1,40
9:24:45,2218,2217.8,2218,1,1,45
9:24:45,2218,2217.6,2218,4,5,47
9:24:46,2217.8,2217.6,2217.8,5,7,1
9:24:46,2218,2218,2218.2,53,66,18
9:24:47,2218,2218,2218.2,45,48,1
9:24:47,2218.2,2218.2,2218.4,6,8,16
9:24:48,2218,2218,2218.2,16,45,3
9:24:48,2218.2,2218,2218.2,9,41,7
9:24:49,2218.2,2218,2218.2,3,41,7
9:24:49,2217.8,2217.6,2217.8,44,16,16
9:24:50,2217.8,2217.4,2217.8,23,11,19
9:24:50,2217.8,2217.4,2217.8,8,5,20
9:24:51,2217.4,2217.4,2217.6,2,15,1
9:24:51,2217.4,2217.4,2217.6,10,7,4
9:24:52,2217.4,2217.4,2217.6,3,4,10
9:24:52,2217.6,2217.4,2217.6,8,4,4
9:24:53,2217.6,2217.4,2217.6,4,2,7
9:24:53,2217.6,2217.4,2217.6,1,2,9
9:24:54,2217.6,2217.4,2217.6,3,2,7
9:24:54,2217.6,2217.4,2217.6,1,2,7
9:24:55,2217.6,2217.2,2217.6,4,40,5
9:24:55,2217.6,2217.4,2217.6,1,1,6
9:24:56,2217.4,2217.2,2217.4,1,43,3
9:24:56,2217.4,2217.2,2217.4,3,45,13
9:24:58,2217.4,2217.2,2217.4,1,41,12
9:24:58,2217.4,2217.2,2217.4,4,40,9
9:24:59,2217.2,2217.2,2217.4,1,43,9
9:25:00,2217.2,2217.2,2217.4,8,31,9
9:25:00,2217.4,2217.2,2217.4,6,35,5
9:25:02,2217.4,2217.2,2217.4,16,37,11
9:25:02,2217.4,2217.2,2217.4,2,32,9
9:25:03,2217.4,2217.2,2217.4,5,33,6
9:25:03,2217.4,2217.2,2217.4,5,44,1
9:25:04,2217.2,2217.2,2217.4,4,43,1
9:25:04,2217.4,2217.2,2217.6,2,46,9
9:25:05,2217.2,2217.4,2217.6,1,2,9
9:25:05,2217.4,2217.4,2217.6,2,10,7
9:25:06,2217.4,2217.4,2217.6,8,3,6
9:25:06,2217.4,2217.2,2217.4,14,47,32
9:25:07,2217.4,2217.2,2217.4,1,56,31
9:25:07,2217.4,2217.2,2217.4,2,43,33
9:25:08,2217.2,2217.2,2217.4,5,39,36
9:25:08,2217.4,2217.2,2217.4,10,36,29
9:25:09,2217.2,2217.2,2217.4,7,35,32
9:25:09,2217.2,2217.2,2217.4,7,32,30
9:25:10,2217.4,2217.2,2217.4,23,15,24
9:25:10,2217.4,2217.2,2217.4,14,4,21
9:25:11,2217.2,2217,2217.2,1,64,10
9:25:11,2217,2217,2217.2,11,73,5
9:25:12,2217,2217,2217.2,6,59,1
9:25:12,2216.8,2216.8,2217,65,28,2
9:25:13,2216.8,2217.2,2217.4,10,2,19
9:25:13,2217.2,2216.8,2217.2,3,29,5
9:25:14,2217.2,2217,2217.2,5,8,21
9:25:14,2217,2217,2217.2,8,3,19
9:25:15,2216.8,2216.8,2217,13,19,1
9:25:15,2217,2216.8,2217.2,7,21,36
9:25:16,2217,2216.8,2217.2,1,21,39
9:25:16,2216.8,2216.8,2217,13,12,10
9:25:17,2216.8,2216.8,2217,8,9,15
9:25:17,2216.8,2216.8,2217,4,5,16
9:25:18,2216.8,2216.6,2217,9,44,13
9:25:18,2216.6,2216.6,2216.8,7,49,8
9:25:19,2216.8,2216.6,2216.8,2,47,8
9:25:19,2216.6,2216.6,2216.8,14,25,5
9:25:20,2216.8,2216.6,2216.8,10,20,1
9:25:20,2216.6,2216.6,2216.8,5,33,13
9:25:21,2216.6,2216.6,2216.8,7,27,13
9:25:21,2216.8,2216.6,2216.8,35,20,9
9:25:22,2216.6,2216.6,2216.8,11,10,39
9:25:22,2216.4,2216.4,2216.6,14,25,7
9:25:23,2216.6,2216.4,2216.6,17,23,3
9:25:23,2216.4,2216.2,2216.6,18,36,4
9:25:24,2216.2,2216.2,2216.6,5,43,4
9:25:24,2216.2,2216.4,2216.6,14,1,6
9:25:25,2216.6,2216.2,2216.6,3,28,5
9:25:25,2216.4,2216.2,2216.4,4,27,1
9:25:26,2216.2,2216.2,2216.4,13,24,2
9:25:26,2216.4,2216.2,2216.6,12,17,9
9:25:27,2216.2,2216.4,2216.6,3,1,9
9:25:27,2216.4,2216.2,2216.6,2,20,9
9:25:28,2216.2,2216.2,2216.4,3,21,1
9:25:28,2216.4,2216.4,2216.6,10,4,9
9:25:29,2216.2,2216.2,2216.4,8,18,1
9:25:29,2216.2,2216.2,2216.6,12,8,17
9:25:30,2216.6,2216.2,2216.4,3,8,1
9:25:30,2216.2,2216,2216.2,14,57,8
9:25:31,2216,2216,2216.2,3,76,6
9:25:31,2216,2216,2216.2,4,73,5
9:25:32,2216,2216,2216.2,12,65,31
9:25:32,2216.2,2216,2216.2,13,62,21
9:25:33,2216,2215.8,2216,64,23,33
9:25:33,2216,2215.8,2216,10,21,25
9:25:34,2216,2215.8,2216,4,16,25
9:25:34,2215.8,2215.8,2216,6,15,24
9:25:35,2215.8,2215.8,2216,4,14,5
9:25:35,2216,2215.8,2216,4,21,5
9:25:36,2215.8,2215.8,2216,33,1,1
9:25:36,2215.8,2215.6,2215.8,6,29,3
9:25:37,2215.8,2215.6,2215.8,10,24,4
9:25:37,2215.8,2215.6,2215.8,3,23,4
9:25:38,2215.8,2215.8,2216,5,4,8
9:25:38,2216,2215.8,2216,4,26,12
9:25:39,2215.8,2215.8,2216,2,24,9
9:25:39,2215.8,2215.8,2216,3,22,9
9:25:40,2215.8,2215.8,2216,3,23,9
9:25:40,2215.8,2215.8,2216.2,12,27,25
9:25:41,2215.8,2216,2216.2,3,5,34
9:25:41,2216.2,2216,2216.2,8,2,31
9:25:42,2215.8,2215.8,2216.2,8,33,31
9:25:42,2215.8,2215.8,2216,2,30,1
9:25:43,2216,2215.8,2216.2,12,22,28
9:25:43,2216.2,2215.8,2216,1,22,8
9:25:44,2216,2215.8,2216,3,22,16
9:25:44,2215.8,2215.8,2216,5,17,16
9:25:45,2215.8,2215.6,2215.8,21,28,14
9:25:45,2215.8,2215.6,2215.8,3,28,12
9:25:46,2215.8,2215.6,2215.8,8,26,7
9:25:46,2215.6,2215.6,2215.8,10,23,3
9:25:47,2215.6,2215.6,2215.8,3,22,3
9:25:47,2215.6,2215.6,2215.8,10,14,1
9:25:48,2215.8,2215.6,2215.8,8,8,1
9:25:48,2215.6,2215.6,2215.8,3,7,2
9:25:49,2215.8,2215.6,2215.8,12,4,2
9:25:49,2215.6,2215.6,2215.8,2,2,2
9:25:50,2215.6,2215.6,2215.8,2,3,1
9:25:50,2215.8,2215.6,2215.8,1,3,1
9:25:51,2215.8,2215.6,2215.8,4,4,9
9:25:51,2215.6,2215.4,2215.8,6,20,1
9:25:52,2215.6,2215.4,2215.8,2,20,8
9:25:52,2215.4,2215.4,2215.6,2,35,4
9:25:53,2215.4,2215.4,2215.6,4,33,2
9:25:53,2215.4,2215.4,2215.6,6,28,1
9:25:54,2215.4,2215.2,2215.4,48,45,7
9:25:54,2215.6,2215.2,2215.6,9,46,2
9:25:55,2215.2,2215.2,2215.6,11,37,3
9:25:55,2215.2,2215.2,2215.4,5,32,1
9:25:56,2215.6,2215.4,2215.6,12,12,2
9:25:56,2215.6,2215.4,2215.6,3,11,2
9:25:57,2215.6,2215.6,2215.8,7,22,13
9:25:57,2215.8,2215.6,2215.8,2,24,13
9:25:58,2215.6,2215.6,2215.8,4,20,4
9:25:58,2215.6,2215.6,2215.8,3,15,3
9:25:59,2215.8,2215.6,2215.8,13,4,1
9:25:59,2215.8,2215.8,2216,2,1,42
9:26:01,2216,2215.8,2216,1,2,41
9:26:01,2216,2215.8,2216,6,1,37
9:26:02,2216,2215.8,2216,1,4,36
9:26:02,2216,2215.8,2216,12,1,33
9:26:03,2216,2215.8,2216,1,3,33
9:26:03,2216,2215.8,2216,2,3,32
9:26:04,2215.8,2215.8,2216,10,2,28
9:26:04,2215.8,2215.8,2216,2,1,27
9:26:05,2216,2215.6,2216,4,16,26
9:26:05,2216,2216,2216.2,26,65,22
9:26:06,2216.2,2216,2216.2,4,64,19
9:26:06,2216.2,2216,2216.2,2,64,17
9:26:07,2216,2216,2216.2,3,81,16
9:26:07,2216.2,2216,2216.2,14,80,7
9:26:08,2216.2,2216.2,2216.4,5,32,10
9:26:08,2216.4,2216.2,2216.4,1,32,12
9:26:09,2216.4,2216.2,2216.4,1,34,10
9:26:09,2216.4,2216.2,2216.4,6,33,6
9:26:10,2216.4,2216.2,2216.6,8,32,26
9:26:10,2216.6,2216.2,2216.6,7,32,21
9:26:11,2216.6,2216.4,2216.6,35,1,22
9:26:11,2216.6,2216.4,2216.6,8,1,18
9:26:12,2216.6,2216.4,2216.6,9,2,11
9:26:12,2216.4,2216.4,2216.6,2,2,29
9:26:13,2216.2,2216.2,2216.4,10,17,28
9:26:13,2216.4,2216.2,2216.4,17,7,11
9:26:14,2216.4,2216.4,2216.6,25,7,31
9:26:14,2216.6,2216.4,2216.6,12,5,21
9:26:15,2216.4,2216.4,2216.6,1,4,24
9:26:15,2216.6,2216.4,2216.6,4,3,23
9:26:16,2216.2,2216,2216.6,7,32,25
9:26:16,2216.6,2216,2216.6,2,34,23
9:26:17,2216.6,2216,2216.4,1,33,9
9:26:18,2216,2216,2216.4,1,34,13
9:26:18,2216.4,2216,2216.4,2,34,14
9:26:19,2216.2,2216.2,2216.4,1,2,17
9:26:20,2216.2,2216,2216.2,2,30,29
9:26:20,2216,2216,2216.2,5,33,28
9:26:21,2216.2,2216,2216.2,3,32,26
9:26:21,2216,2216,2216.2,32,1,25
9:26:22,2216,2215.8,2216,2,11,5
9:26:22,2216,2215.8,2216,7,6,6
9:26:23,2216,2215.8,2216,1,6,9
9:26:23,2215.8,2215.8,2216,2,10,10
9:26:25,2216,2215.8,2216,2,12,12
9:26:26,2215.8,2215.8,2216,3,6,11
9:26:26,2216,2215.8,2216,2,5,20
9:26:27,2215.8,2215.8,2216,1,6,20
9:26:28,2216,2215.8,2216,3,5,16
9:26:29,2216,2215.8,2216,2,10,14
9:26:30,2216,2215.8,2216,5,10,10
9:26:30,2215.8,2215.8,2216,6,9,9
9:26:31,2215.8,2215.8,2216,2,10,8
9:26:31,2215.8,2215.8,2216,1,20,15
9:26:32,2215.8,2215.8,2216,4,20,12
9:26:33,2216,2215.8,2216,1,21,13
9:26:35,2215.8,2215.8,2216,1,27,15
9:26:36,2216,2215.8,2216,3,29,12
9:26:36,2215.8,2215.8,2216,4,26,11
9:26:38,2215.8,2215.8,2216,2,26,12
9:26:39,2216,2215.8,2216,5,23,11
9:26:39,2216,2215.8,2216,3,24,9
9:26:40,2215.8,2215.6,2215.8,24,26,6
9:26:40,2216,2215.8,2216,8,1,9
9:26:41,2215.8,2215.6,2215.8,1,24,2
9:26:42,2215.8,2215.6,2216,5,25,19
9:26:43,2216,2215.8,2216,2,2,17
9:26:44,2215.8,2215.8,2216,3,6,18
9:26:45,2215.8,2215.8,2216,1,14,18
9:26:46,2215.8,2215.8,2216,1,14,23
9:26:47,2215.8,2215.8,2216,2,13,29
9:26:47,2216,2215.6,2216,22,21,33
9:26:48,2216,2215.6,2216,5,21,31
9:26:48,2215.6,2215.6,2216,5,17,32
9:26:49,2216,2215.6,2215.8,2,17,5
9:26:49,2215.6,2215.6,2215.8,1,16,19
9:26:50,2215.6,2215.6,2215.8,11,5,14
9:26:51,2215.6,2215.4,2215.6,7,23,2
9:26:51,2215.6,2215.4,2215.6,1,25,7
9:26:52,2215.4,2215.4,2215.6,6,19,1
9:26:52,2215.6,2215.4,2215.8,2,19,6
9:26:53,2215.4,2215.4,2215.8,2,17,7
9:26:53,2215.4,2215.4,2215.8,5,16,4
9:26:54,2215.4,2215.4,2215.8,3,15,4
9:26:54,2215.8,2215.6,2215.8,26,1,3
9:26:55,2215.4,2215.4,2215.8,2,1,3
9:26:55,2215.4,2215.2,2215.8,2,53,11
9:26:56,2215.4,2215.4,2215.8,2,1,13
9:26:56,2215.4,2215.4,2215.6,2,2,6
9:26:57,2215.6,2215.6,2215.8,7,3,16
9:26:58,2215.6,2215.6,2215.8,2,3,16
9:26:58,2215.8,2215.6,2215.8,4,1,14
9:26:59,2215.6,2215.6,2215.8,1,1,15
9:26:59,2215.4,2215.6,2215.8,5,1,15
9:27:00,2215.8,2215.4,2215.8,3,8,13
9:27:00,2215.4,2215.4,2215.6,3,5,1
9:27:01,2215.4,2215.4,2215.8,10,11,24
9:27:01,2215.6,2215.6,2215.8,3,19,27
9:27:02,2215.8,2215.6,2215.8,15,18,13
9:27:02,2215.8,2215.6,2215.8,6,18,16
9:27:03,2215.8,2215.6,2215.8,10,22,8
9:27:03,2215.8,2215.6,2215.8,6,21,5
9:27:04,2215.8,2215.6,2215.8,5,20,1
9:27:04,2215.8,2215.8,2216,2,2,30
9:27:05,2216,2215.8,2216,6,1,34
9:27:05,2215.8,2215.8,2216,1,1,33
9:27:06,2215.8,2215.6,2216,1,19,33
9:27:07,2215.8,2215.6,2216,2,22,33
9:27:07,2215.6,2215.8,2216,2,1,33
9:27:08,2215.8,2215.6,2216,3,21,31
9:27:08,2216,2215.6,2216,1,23,31
9:27:09,2215.6,2215.6,2216,2,21,32
9:27:09,2216,2215.6,2216,1,22,28
9:27:10,2216,2215.6,2216,12,21,16
9:27:10,2215.6,2215.6,2216,1,20,19
9:27:11,2215.8,2215.8,2216,2,19,21
9:27:11,2216,2215.8,2216,1,19,20
9:27:13,2216,2215.8,2216,2,19,19
9:27:15,2215.8,2215.8,2216,1,13,21
9:27:16,2216,2215.8,2216,1,13,22
9:27:18,2215.8,2215.8,2216,12,3,27
9:27:18,2216,2215.8,2216,12,1,19
9:27:19,2215.8,2215.6,2215.8,5,22,22
9:27:20,2215.8,2215.6,2215.8,4,21,20
9:27:21,2215.6,2215.6,2215.8,6,20,15
9:27:22,2215.8,2215.6,2215.8,1,20,15
9:27:23,2215.8,2215.6,2215.8,1,20,14
9:27:23,2215.6,2215.6,2215.8,1,19,16
9:27:24,2215.6,2215.6,2215.8,6,23,14
9:27:25,2215.6,2215.4,2215.6,25,18,20
9:27:25,2215.6,2215.4,2215.6,1,20,19
9:27:26,2215.6,2215.4,2215.6,5,18,21
9:27:27,2215.4,2215.4,2215.6,1,18,6
9:27:28,2215.6,2215.6,2215.8,5,6,14
9:27:28,2215.8,2215.6,2215.8,5,2,14
9:27:30,2215.4,2215.4,2215.8,3,19,14
9:27:30,2215.4,2215.6,2215.8,1,2,14
9:27:31,2215.6,2215.4,2215.6,2,20,40
9:27:32,2215.4,2215.4,2215.6,1,19,42
9:27:32,2215.4,2215.4,2215.6,2,15,42
9:27:33,2215.6,2215.4,2215.6,12,4,41
9:27:33,2215.2,2215.2,2215.4,20,85,5
9:27:34,2215.4,2215.2,2215.4,1,87,5
9:27:34,2215.4,2215.2,2215.4,6,84,1
9:27:35,2215.2,2215.2,2215.6,3,83,43
9:27:35,2215.2,2215.2,2215.4,6,81,3
9:27:36,2215.4,2215.2,2215.4,4,80,4
9:27:37,2215.2,2215.2,2215.4,5,86,3
9:27:38,2215.4,2215.2,2215.4,1,86,2
9:27:38,2215.4,2215.2,2215.4,4,84,1
9:27:39,2215.6,2215.2,2215.6,8,82,39
9:27:39,2215.6,2215.2,2215.6,7,80,34
9:27:40,2215.2,2215.2,2215.6,4,79,34
9:27:40,2215.2,2215.2,2215.6,1,78,34
9:27:41,2215.2,2215.4,2215.6,10,1,32
9:27:41,2215.6,2215.4,2215.6,5,2,27
9:27:42,2215.4,2215.4,2215.6,1,1,28
9:27:43,2215.2,2215.2,2215.4,35,67,1
9:27:43,2215.4,2215.2,2215.6,1,71,1
9:27:44,2215.2,2215.2,2215.4,3,68,4
9:27:44,2215.4,2215.4,2215.6,4,7,2
9:27:45,2215.8,2215.4,2215.8,7,4,6
9:27:45,2215.4,2215.4,2215.8,7,11,5
9:27:46,2215.6,2215.4,2215.8,1,25,10
9:27:46,2215.4,2215.4,2215.6,21,6,1
9:27:47,2215.4,2215.4,2215.6,3,3,5
9:27:47,2215.4,2215.2,2215.4,5,61,1
9:27:48,2215.4,2215.4,2215.6,2,10,10
9:27:48,2215.4,2215.2,2215.6,10,66,2
9:27:49,2215.6,2215.2,2215.4,1,66,1
9:27:49,2215.6,2215.2,2215.4,5,66,1
9:27:50,2215.8,2215.2,2215.4,3,63,1
9:27:50,2215.8,2215.4,2215.8,2,2,10
9:27:52,2215.8,2215.4,2215.8,2,11,7
9:27:53,2215.8,2215.4,2215.8,3,12,5
9:27:55,2215.4,2215.4,2215.8,3,16,14
9:27:55,2215.4,2215.2,2215.4,16,68,34
9:27:56,2215.4,2215.2,2215.4,6,72,28
9:27:56,2215.4,2215.2,2215.4,4,72,24
9:27:57,2215.4,2215.2,2215.4,1,73,23
9:27:57,2215.4,2215.2,2215.4,1,73,22
9:27:58,2215.4,2215.2,2215.4,5,74,17
9:27:59,2215.4,2215.2,2215.4,3,70,14
9:27:59,2215.4,2215.2,2215.4,33,49,2
9:28:00,2215.2,2215.2,2215.4,2,49,1
9:28:00,2215.2,2215.2,2215.8,11,37,27
9:28:01,2215.4,2215.2,2215.4,2,37,8
9:28:02,2215.4,2215.2,2215.8,2,35,27
9:28:02,2215.2,2215.2,2215.6,8,30,8
9:28:03,2215.6,2215.4,2215.6,2,2,6
9:28:03,2215.6,2215.4,2215.6,7,3,1
9:28:04,2215.4,2215.4,2215.6,6,5,9
9:28:04,2215.6,2215.4,2215.8,9,5,26
9:28:05,2215.8,2215.4,2215.8,10,4,17
9:28:05,2215.8,2215.8,2216,18,30,43
9:28:06,2215.8,2215.8,2216,18,18,41
9:28:06,2215.8,2215.8,2216,2,17,36
9:28:07,2215.8,2215.8,2216,1,17,36
9:28:08,2216,2215.8,2216,6,16,32
9:28:09,2215.8,2215.8,2216,1,15,33
9:28:10,2215.8,2215.8,2216,4,12,32
9:28:10,2216,2215.8,2216,1,12,31
9:28:11,2215.8,2215.6,2216,14,2,29
9:28:11,2215.8,2215.6,2215.8,1,5,3
9:28:12,2215.8,2215.6,2215.8,1,6,3
9:28:12,2215.8,2215.6,2215.8,8,6,12
9:28:13,2215.6,2215.6,2215.8,1,10,12
9:28:14,2215.6,2215.6,2215.8,1,9,13
9:28:14,2215.6,2215.6,2215.8,2,8,8
9:28:15,2215.8,2215.8,2216,8,16,29
9:28:15,2216,2215.8,2216,1,16,30
9:28:16,2215.8,2215.8,2216,2,14,32
9:28:16,2216,2215.8,2216,1,14,32
9:28:17,2215.8,2215.8,2216,1,14,32
9:28:17,2215.8,2215.8,2216,1,13,32
9:28:18,2215.8,2215.6,2215.8,14,12,58
9:28:19,2215.8,2215.6,2215.8,2,12,57
9:28:20,2215.6,2215.6,2215.8,1,8,57
9:28:20,2215.6,2215.6,2215.8,1,7,57
9:28:21,2215.6,2215.4,2215.6,8,10,1
9:28:21,2215.8,2215.4,2215.8,2,6,56
9:28:22,2215.4,2215.4,2215.8,1,5,61
9:28:22,2215.6,2215.4,2215.6,6,25,1
9:28:23,2215.6,2215.4,2215.6,2,20,4
9:28:24,2215.6,2215.4,2215.6,3,22,2
9:28:25,2215.6,2215.4,2215.6,1,8,1
9:28:25,2215.6,2215.4,2215.8,1,11,57
9:28:27,2215.8,2215.6,2215.8,2,7,54
9:28:28,2215.6,2215.6,2215.8,20,1,44
9:28:29,2215.6,2215.4,2215.6,4,14,5
9:28:30,2215.6,2215.4,2215.6,1,14,5
9:28:31,2215.6,2215.4,2215.6,4,16,5
9:28:32,2215.8,2215.4,2215.8,15,17,35
9:28:34,2215.4,2215.4,2215.8,6,16,35
9:28:36,2215.8,2215.6,2215.8,1,8,36
9:28:36,2215.6,2215.6,2215.8,2,6,36
9:28:37,2215.6,2215.6,2215.8,1,6,36
9:28:38,2215.6,2215.6,2215.8,2,4,37
9:28:41,2215.6,2215.4,2215.6,4,28,6
9:28:41,2215.6,2215.4,2215.6,2,34,4
9:28:42,2215.6,2215.6,2215.8,6,26,41
9:28:43,2215.8,2215.6,2215.8,1,27,40
9:28:43,2215.6,2215.6,2215.8,6,32,37
9:28:44,2215.6,2215.6,2215.8,1,31,37
9:28:44,2215.8,2215.6,2215.8,3,22,36
9:28:45,2215.8,2215.6,2215.8,1,20,37
9:28:45,2215.6,2215.6,2215.8,8,20,30
9:28:46,2215.8,2215.6,2215.8,1,20,39
9:28:47,2215.6,2215.6,2215.8,1,21,39
9:28:48,2215.6,2215.6,2215.8,1,21,38
9:28:49,2215.8,2215.6,2215.8,7,21,32
9:28:50,2215.8,2215.6,2215.8,2,21,30
9:28:50,2215.6,2215.6,2215.8,1,20,31
9:28:51,2215.8,2215.6,2215.8,2,20,29
9:28:51,2215.8,2215.8,2216,30,2,110
9:28:52,2215.6,2215.8,2216,4,3,110
9:28:52,2215.8,2215.8,2216,1,3,110
9:28:53,2215.8,2215.6,2215.8,4,18,6
9:28:54,2215.8,2215.6,2215.8,1,25,11
9:28:56,2215.8,2215.6,2215.8,1,27,16
9:28:57,2215.8,2215.6,2215.8,1,27,14
9:28:58,2215.8,2215.6,2215.8,1,27,13
9:28:59,2215.8,2215.6,2215.8,1,28,13
9:29:00,2215.8,2215.6,2215.8,1,29,12
9:29:01,2215.8,2215.6,2215.8,2,29,10
9:29:02,2215.8,2215.6,2215.8,1,26,10
9:29:03,2215.8,2215.6,2215.8,2,26,8
9:29:03,2215.8,2215.6,2215.8,1,26,7
9:29:04,2215.8,2215.6,2215.8,1,26,6
9:29:04,2215.8,2215.6,2215.8,1,30,5
9:29:05,2215.8,2215.6,2215.8,1,30,4
9:29:05,2215.8,2215.8,2216,4,9,108
9:29:06,2215.8,2215.8,2216,1,8,108
9:29:06,2216,2215.8,2216,1,27,106
9:29:07,2215.8,2215.8,2216,1,29,106
9:29:09,2215.8,2215.8,2216,3,30,106
9:29:09,2215.8,2215.8,2216,5,26,106
9:29:10,2216,2215.8,2216,1,29,106
9:29:11,2216,2215.8,2216,12,21,104
9:29:11,2216,2215.8,2216,1,22,103
9:29:12,2215.8,2215.8,2216,1,23,103
9:29:13,2216,2215.8,2216,1,24,102
9:29:14,2216,2215.8,2216,1,25,96
9:29:14,2215.8,2215.8,2216,16,14,92
9:29:15,2216,2215.8,2216,10,16,84
9:29:15,2216,2215.8,2216,17,19,67
9:29:16,2215.8,2215.8,2216,16,19,51
9:29:16,2215.8,2215.8,2216,2,21,51
9:29:17,2216,2215.8,2216,10,25,42
9:29:17,2216,2215.8,2216,13,24,30
9:29:18,2216,2215.8,2216,3,26,27
9:29:18,2216,2215.8,2216.2,29,28,21
9:29:19,2216,2215.8,2216.2,5,27,18
9:29:19,2216.2,2215.8,2216.2,1,29,17
9:29:20,2215.8,2216,2216.2,1,1,15
9:29:20,2216.2,2216,2216.2,7,4,9
9:29:21,2216.2,2216,2216.2,4,4,5
9:29:22,2216.2,2216,2216.2,3,8,2
9:29:22,2216.2,2216.2,2216.4,4,1,14
9:29:23,2216.2,2216,2216.2,4,11,23
9:29:23,2216.2,2216.2,2216.4,23,7,14
9:29:24,2216.2,2216.2,2216.4,1,8,14
9:29:24,2216.4,2216.2,2216.4,2,8,12
9:29:25,2216.4,2216.2,2216.4,1,8,11
9:29:25,2216.4,2216.2,2216.4,5,11,7
9:29:26,2216.4,2216.2,2216.4,17,2,2
9:29:26,2216.4,2216.4,2216.6,3,29,40
9:29:27,2216.4,2216.4,2216.6,2,28,39
9:29:27,2216.6,2216.4,2216.6,16,14,38
9:29:28,2216.6,2216.4,2216.6,11,13,30
9:29:29,2216.4,2216.4,2216.6,14,3,26
9:29:29,2216.6,2216.4,2216.6,5,1,23
9:29:30,2216.6,2216.4,2216.6,2,2,21
9:29:31,2216.6,2216.4,2216.6,4,1,18
9:29:31,2216.6,2216.2,2216.4,3,15,10
9:29:32,2216.4,2216.2,2216.4,7,16,6
9:29:32,2216.2,2216.2,2216.4,1,15,6
9:29:33,2216.4,2216.2,2216.4,6,13,3
9:29:33,2216.2,2216.2,2216.4,2,12,3
9:29:34,2216.2,2216.2,2216.4,2,12,2
9:29:35,2216.4,2216.4,2216.6,2,18,43
9:29:36,2216.4,2216.4,2216.6,9,9,43
9:29:36,2216.4,2216.4,2216.6,1,8,50
9:29:37,2216.6,2216.4,2216.6,9,2,48
9:29:37,2216.4,2216.2,2216.4,2,15,35
9:29:38,2216.4,2216.2,2216.4,4,14,33
9:29:38,2216.4,2216.2,2216.4,29,15,7
9:29:39,2216.4,2216.2,2216.4,6,14,3
9:29:39,2216.4,2216.2,2216.4,1,15,5
9:29:40,2216.4,2216.2,2216.4,12,5,3
9:29:40,2216.4,2216.4,2216.6,12,18,53
9:29:41,2216.4,2216.4,2216.6,4,16,82
9:29:41,2216.4,2216.4,2216.6,17,7,78
9:29:42,2216.4,2216.4,2216.6,2,6,51
9:29:42,2216.6,2216.4,2216.6,1,26,52
9:29:43,2216.4,2216.4,2216.6,6,22,52
9:29:44,2216.4,2216.4,2216.6,4,21,51
9:29:44,2216.4,2216.4,2216.6,1,21,53
9:29:45,2216.6,2216.4,2216.6,13,23,42
9:29:45,2216.4,2216.4,2216.6,1,22,44
9:29:46,2216.6,2216.4,2216.6,16,22,28
9:29:46,2216.8,2216.4,2216.8,30,24,34
9:29:47,2216.8,2216.6,2216.8,16,3,21
9:29:47,2216.6,2216.4,2216.6,10,24,5
9:29:48,2216.6,2216.4,2216.6,20,23,9
9:29:48,2216.6,2216.6,2216.8,10,2,17
9:29:49,2216.6,2216.6,2216.8,1,15,18
9:29:49,2216.8,2216.6,2216.8,13,14,8
9:29:50,2216.8,2216.6,2216.8,2,18,7
9:29:51,2216.8,2216.6,2217,7,19,30
9:29:51,2216.8,2216.8,2217,1,3,33
9:29:52,2216.8,2216.6,2216.8,5,35,4
9:29:52,2216.8,2216.6,2216.8,8,31,2
9:29:53,2216.8,2216.6,2216.8,1,33,5
9:29:54,2216.8,2216.6,2216.8,3,32,3
9:29:55,2216.6,2216.6,2216.8,4,31,7
9:29:55,2216.6,2216.6,2216.8,4,29,14
9:29:56,2216.8,2216.6,2216.8,6,30,8
9:29:56,2216.8,2216.6,2216.8,2,35,13
9:29:57,2216.8,2216.6,2216.8,3,35,12
9:29:57,2216.8,2216.6,2216.8,4,35,10
9:29:58,2216.8,2216.6,2216.8,3,34,10
9:29:58,2216.8,2216.6,2216.8,2,23,9
9:29:59,2216.8,2216.8,2217,17,4,34
9:30:00,2216.8,2216.6,2216.8,7,17,4
9:30:00,2217,2216.8,2217,9,17,33
9:30:01,2216.8,2216.8,2217,13,21,27
9:30:01,2217,2216.8,2217,3,23,25
9:30:02,2217,2216.8,2217,11,24,15
9:30:02,2217,2216.8,2217,6,23,11
9:30:03,2217,2216.8,2217,8,22,4
9:30:03,2217,2216.8,2217,7,18,4
9:30:04,2216.8,2216.8,2217,2,14,4
9:30:04,2217,2216.8,2217,4,12,4
9:30:05,2217.2,2217,2217.2,13,7,16
9:30:05,2216.6,2216.6,2217,15,14,2
9:30:06,2217.2,2217,2217.2,7,10,17
9:30:06,2217,2216.6,2216.8,13,26,30
9:30:07,2216.6,2216.6,2216.8,14,22,19
9:30:07,2217,2217,2217.2,33,64,15
9:30:08,2217.2,2217,2217.2,3,63,15
9:30:08,2217.2,2217,2217.2,3,62,12
9:30:09,2217.2,2217,2217.2,5,63,23
9:30:09,2217,2217,2217.2,13,53,20
9:30:10,2217.2,2217,2217.2,18,54,7
9:30:10,2217.2,2217,2217.2,7,49,7
9:30:11,2217,2217,2217.2,6,45,5
9:30:11,2217,2217,2217.2,4,44,3
9:30:12,2217,2217,2217.2,4,43,2
9:30:12,2217,2217,2217.2,6,40,25
9:30:13,2217,2216.8,2217.2,42,9,28
9:30:14,2216.8,2216.8,2217,1,8,5
9:30:14,2217,2216.8,2217,9,3,4
9:30:15,2216.8,2216.8,2217,3,1,19
9:30:15,2217,2217,2217.2,28,24,31
9:30:16,2217,2217,2217.2,9,17,40
9:30:16,2217.2,2217,2217.2,4,16,27
9:30:17,2217,2216.8,2217,17,4,28
9:30:18,2217,2216.8,2217,2,6,26
9:30:18,2217,2216.8,2217,1,6,25
9:30:20,2216.8,2216.6,2216.8,10,35,6
9:30:20,2216.6,2216.6,2216.8,5,35,5
9:30:21,2216.8,2216.6,2216.8,1,35,4
9:30:22,2216.6,2216.6,2216.8,1,39,9
9:30:22,2216.6,2216.6,2216.8,2,40,17
9:30:23,2216.6,2216.6,2216.8,10,30,17
9:30:23,2216.6,2216.6,2216.8,7,28,15
9:30:24,2216.6,2216.6,2216.8,1,31,16
9:30:24,2216.6,2216.6,2216.8,4,27,17
9:30:25,2216.6,2216.6,2216.8,1,25,17
9:30:25,2216.8,2216.6,2216.8,9,20,14
9:30:26,2216.6,2216.6,2216.8,1,19,14
9:30:26,2216.6,2216.6,2216.8,29,9,15
9:30:27,2216.6,2216.6,2216.8,5,4,14
9:30:28,2216.6,2216.6,2216.8,3,2,15
9:30:28,2216.6,2216.6,2216.8,3,2,14
9:30:29,2216.6,2216.6,2216.8,2,12,14
9:30:30,2216.6,2216.6,2216.8,1,21,13
9:30:31,2216.6,2216.6,2216.8,1,20,14
9:30:31,2216.6,2216.6,2216.8,2,19,14
9:30:32,2216.6,2216.4,2216.8,21,18,13
9:30:32,2216.6,2216.4,2216.6,1,22,2
9:30:33,2216.6,2216.4,2216.6,3,22,1
9:30:33,2216.6,2216.4,2216.8,1,16,15
9:30:34,2216.4,2216.2,2216.4,17,14,40
9:30:34,2216.4,2216.2,2216.4,5,18,40
9:30:35,2216.4,2216.2,2216.4,2,18,38
9:30:35,2216.2,2216.2,2216.4,3,9,38
9:30:36,2216.2,2216.2,2216.4,3,6,39
9:30:36,2216.4,2216.2,2216.4,8,6,31
9:30:37,2216.2,2216,2216.2,11,17,14
9:30:37,2216,2216,2216.2,4,16,21
9:30:38,2216.2,2216,2216.2,16,8,16
9:30:38,2216.2,2215.8,2216.2,20,23,8
9:30:39,2215.8,2215.8,2216,1,21,7
9:30:40,2216,2215.8,2216,6,15,8
9:30:40,2215.8,2215.8,2216,2,13,8
9:30:41,2215.8,2215.8,2216,3,11,9
9:30:41,2215.6,2215.6,2215.8,14,8,1
9:30:42,2215.8,2215.6,2215.8,6,5,6
9:30:42,2215.8,2215.8,2216,9,4,13
9:30:43,2215.8,2215.6,2216,10,1,12
9:30:44,2215.6,2215.6,2215.8,3,9,5
9:30:45,2215.8,2215.6,2215.8,3,11,4
9:30:45,2215.6,2215.6,2215.8,8,7,2
9:30:46,2215.8,2215.8,2216,3,18,15
9:30:46,2215.8,2215.8,2216,6,13,15
9:30:47,2216,2215.8,2216,9,10,10
9:30:47,2215.8,2215.8,2216,7,5,10
9:30:48,2216,2215.8,2216,9,5,2
9:30:48,2215.8,2215.6,2215.8,5,12,2
9:30:49,2216,2215.8,2216,4,3,2
9:30:50,2215.8,2215.6,2215.8,8,18,4
9:30:51,2215.8,2215.6,2215.8,1,18,4
9:30:51,2215.8,2215.6,2215.8,16,18,1
9:30:52,2215.6,2215.6,2216,3,17,2
9:30:53,2215.8,2215.8,2216,3,2,3
9:30:53,2215.8,2215.6,2216,2,19,3
9:30:55,2215.8,2215.8,2216,5,3,7
9:30:56,2215.8,2215.6,2215.8,5,30,1
9:30:56,2215.8,2215.8,2216,6,27,7
9:30:57,2215.8,2215.8,2216,1,26,7
9:30:57,2215.8,2215.8,2216,15,11,7
9:30:58,2216,2215.8,2216,6,13,3
9:30:58,2216,2216,2216.2,4,16,14
9:30:59,2216,2216,2216.2,6,12,13
9:31:00,2216.2,2216,2216.2,1,27,12
9:31:01,2216.4,2216.2,2216.4,37,16,34
9:31:01,2216.4,2216.2,2216.4,15,16,19
9:31:02,2216.4,2216.4,2216.6,23,11,6
9:31:02,2216.8,2216.6,2216.8,6,5,15
9:31:03,2216.8,2216.8,2217,21,22,108
9:31:03,2217,2216.8,2217,13,16,101
9:31:04,2217,2217,2217.2,107,38,35
9:31:04,2217,2217,2217.2,22,32,25
9:31:05,2217,2217,2217.2,9,30,12
9:31:05,2217.2,2217,2217.2,1,30,11
9:31:06,2217.2,2217.2,2217.4,12,1,26
9:31:06,2217,2217,2217.4,9,29,29
9:31:07,2217.4,2217,2217.4,6,29,25
9:31:07,2217.4,2217,2217.4,4,29,24
9:31:08,2217.4,2217,2217.4,8,28,20
9:31:08,2217,2217,2217.4,15,17,16
9:31:09,2217.4,2217,2217.4,10,17,8
9:31:09,2217.2,2217,2217.2,6,15,5
9:31:10,2217.2,2217,2217.2,7,15,5
9:31:10,2217.2,2217.2,2217.4,14,1,18
9:31:11,2217.4,2217.2,2217.4,6,18,18
9:31:11,2217.4,2217.2,2217.4,7,15,16
9:31:12,2217.2,2217,2217.2,17,19,2
9:31:12,2217,2217,2217.2,4,17,4
9:31:13,2217.4,2217,2217.2,6,17,4
9:31:13,2217.4,2217.2,2217.4,21,3,13
9:31:14,2217.4,2217.2,2217.4,2,41,12
9:31:14,2217.4,2217.2,2217.4,30,21,7
9:31:15,2217.2,2217,2217.2,46,3,30
9:31:15,2217,2216.8,2217,14,12,23
9:31:16,2217,2216.8,2217,13,14,12
9:31:16,2217,2217,2217.2,16,3,34
9:31:17,2217,2217,2217.2,6,1,32
9:31:17,2216.8,2216.8,2217,5,8,7
9:31:18,2217,2216.8,2217,4,10,6
9:31:18,2217,2216.8,2217,6,10,1
9:31:19,2216.8,2216.8,2217,4,9,1
9:31:19,2216.8,2216.8,2217,3,6,4
9:31:20,2217,2216.8,2217,3,6,4
9:31:20,2216.8,2216.6,2216.8,8,4,2
9:31:21,2216.6,2216.6,2216.8,1,4,3
9:31:21,2216.6,2216.6,2216.8,1,5,3
9:31:22,2217,2216.6,2217,5,5,10
9:31:23,2216.8,2216.6,2216.8,2,11,4
9:31:23,2216.8,2216.6,2216.8,4,12,5
9:31:24,2216.8,2216.6,2216.8,3,10,4
9:31:24,2216.8,2216.6,2217,4,8,15
9:31:25,2216.6,2216.6,2217,4,6,25
9:31:25,2216.6,2216.8,2217,6,11,25
9:31:26,2217,2216.8,2217,6,7,26
9:31:26,2216.8,2216.6,2216.8,7,6,33
9:31:27,2216.6,2216.6,2216.8,2,4,32
9:31:28,2216.6,2216.4,2216.6,6,6,11
9:31:28,2216.6,2216.4,2216.6,1,8,14
9:31:29,2216.6,2216.4,2216.6,6,4,15
9:31:30,2216.4,2216.4,2216.6,3,9,14
9:31:31,2216.6,2216.4,2216.6,3,4,11
9:31:31,2216.6,2216.4,2216.6,1,4,10
9:31:32,2216.4,2216.2,2216.4,5,11,2
9:31:33,2216.2,2216.2,2216.4,2,10,1
9:31:34,2216.2,2216,2216.2,10,12,7
9:31:34,2216.2,2216,2216.2,1,17,6
9:31:35,2216,2216,2216.2,3,13,4
9:31:35,2216,2216,2216.2,11,6,3
9:31:36,2216,2216,2216.2,3,4,3
9:31:36,2216.2,2216,2216.2,3,7,1
9:31:37,2216.2,2216.2,2216.4,3,7,6
9:31:37,2216,2216,2216.2,16,12,15
9:31:38,2216,2216,2216.2,9,6,13
9:31:38,2216.2,2216,2216.2,6,6,7
9:31:39,2216,2216,2216.2,4,6,6
9:31:40,2216,2215.8,2216,29,12,5
9:31:41,2216,2215.8,2216,1,11,4
9:31:41,2215.8,2215.8,2216,1,11,4
9:31:42,2216,2216,2216.2,10,10,3
9:31:42,2216,2216,2216.2,4,7,2
9:31:43,2216,2215.8,2216.2,8,7,1
9:31:43,2215.8,2216,2216.2,3,1,5
9:31:44,2216,2216,2216.2,2,1,6
9:31:45,2215.8,2215.8,2216,3,2,1
9:31:45,2216,2216,2216.2,18,27,4
9:31:46,2216.2,2216,2216.2,10,20,3
9:31:46,2216,2216,2216.2,8,12,13
9:31:47,2216,2216,2216.2,4,11,10
9:31:47,2216,2216,2216.2,5,6,10
9:31:48,2216,2216,2216.2,1,5,10
9:31:48,2216,2216,2216.2,2,4,9
9:31:49,2216.2,2216,2216.2,1,6,8
9:31:50,2216,2216,2216.2,4,4,7
9:31:50,2216,2215.8,2216,4,12,3
9:31:51,2216,2216,2216.2,3,21,9
9:31:52,2216,2216,2216.2,1,20,9
9:31:52,2216,2216,2216.2,2,19,9
9:31:53,2216,2216,2216.2,2,19,8
9:31:53,2216,2216,2216.2,2,17,8
9:31:54,2216.2,2216,2216.2,2,17,7
9:31:54,2216,2216,2216.2,2,15,7
9:31:55,2216.2,2216,2216.2,2,16,6
9:31:55,2216.2,2216,2216.2,5,17,1
9:31:56,2216.2,2216.2,2216.4,7,26,7
9:31:56,2216.4,2216.4,2216.6,8,4,16
9:31:57,2216.6,2216.2,2216.6,10,25,10
9:31:57,2216.6,2216.4,2216.6,3,1,9
9:31:58,2216.4,2216.2,2216.4,1,25,1
9:31:58,2216.6,2216.2,2216.6,2,25,11
9:31:59,2216.6,2216.2,2216.4,1,25,1
9:31:59,2216.6,2216.4,2216.6,8,1,4
9:32:00,2216.4,2216.2,2216.6,3,24,4
9:32:00,2216.4,2216.4,2216.6,3,2,3
9:32:01,2216.4,2216.4,2216.6,3,2,3
9:32:01,2216.4,2216.2,2216.6,4,26,1
9:32:02,2216.8,2216.2,2216.8,2,26,39
9:32:03,2216.6,2216.4,2216.8,4,2,43
9:32:03,2216.6,2216.6,2216.8,6,47,35
9:32:04,2216.8,2216.6,2216.8,5,44,33
9:32:04,2216.6,2216.6,2216.8,33,29,15
9:32:05,2216.8,2216.6,2216.8,17,29,1
9:32:05,2216.8,2216.8,2217,2,7,27
9:32:06,2217,2216.8,2217,21,3,24
9:32:06,2217,2216.8,2217,6,4,15
9:32:07,2217,2216.6,2216.8,12,29,2
9:32:07,2216.8,2216.6,2217,2,30,8
9:32:08,2217,2216.8,2217,1,7,7
9:32:08,2217,2216.8,2217,4,8,9
9:32:09,2216.8,2216.8,2217,5,4,8
9:32:09,2217,2216.8,2217,1,4,13
9:32:10,2216.8,2216.8,2217,1,3,19
9:32:10,2217,2216.8,2217,6,3,13
9:32:11,2217,2216.6,2217,13,40,1
9:32:12,2217,2216.8,2217.2,7,5,21
9:32:12,2217,2217,2217.2,12,19,22
9:32:13,2217,2217,2217.2,6,21,18
9:32:13,2217,2217,2217.2,4,20,12
9:32:14,2217,2217,2217.2,2,19,12
9:32:14,2217.2,2217,2217.2,2,19,13
9:32:15,2217.2,2217,2217.2,9,13,17
9:32:15,2217.2,2217,2217.2,3,11,17
9:32:16,2217,2217,2217.2,1,13,21
9:32:17,2217.2,2217,2217.2,5,13,18
9:32:17,2217,2217,2217.2,3,10,19
9:32:18,2217,2216.8,2217,15,2,8
9:32:18,2216.8,2216.8,2217,1,1,9
9:32:19,2217.2,2216.8,2217.2,16,10,17
9:32:19,2216.8,2216.8,2217.2,7,5,21
9:32:20,2217,2217,2217.2,5,3,20
9:32:20,2216.8,2216.8,2217,4,32,14
9:32:21,2216.8,2216.8,2217.2,24,8,18
9:32:21,2216.8,2216.8,2217.2,2,7,21
9:32:22,2217.2,2216.8,2217.2,5,5,22
9:32:22,2217.2,2217,2217.2,1,1,22
9:32:23,2217,2217,2217.2,2,1,25
9:32:23,2217,2217,2217.2,16,2,34
9:32:24,2216.8,2217,2217.2,4,1,31
9:32:24,2216.8,2216.8,2217,14,10,1
9:32:25,2217,2216.8,2217.2,1,10,22
9:32:25,2216.8,2216.8,2217.2,2,9,24
9:32:26,2217,2217,2217.2,2,11,32
9:32:27,2217,2217,2217.2,1,10,46
9:32:28,2217,2217,2217.2,4,6,54
9:32:29,2217.2,2217,2217.2,1,6,54
9:32:29,2217,2217,2217.2,1,5,53
9:32:30,2217,2217,2217.2,2,3,54
9:32:30,2217,2216.8,2217,5,11,6
9:32:31,2216.8,2216.8,2217,3,10,8
9:32:31,2217,2216.8,2217,1,10,12
9:32:32,2216.8,2216.8,2217,3,9,11
9:32:32,2217,2216.8,2217,3,11,14
9:32:33,2217,2216.8,2217,3,33,17
9:32:33,2216.8,2216.8,2217,15,21,10
9:32:34,2216.6,2216.6,2217,28,33,30
9:32:34,2216.6,2216.4,2216.6,38,9,1
9:32:35,2216.6,2216.4,2216.6,4,11,2
9:32:35,2216.8,2216.4,2216.8,4,7,14
9:32:36,2216.8,2216.4,2216.8,9,7,17
9:32:37,2216.4,2216.4,2216.8,4,6,14
9:32:37,2216.2,2216.2,2216.8,14,14,14
9:32:38,2216.2,2216.2,2216.8,1,13,14
9:32:38,2216.2,2216.2,2216.8,1,15,14
9:32:39,2216.8,2216.8,2217,19,3,33
9:32:40,2216.8,2216.4,2216.8,4,1,37
9:32:40,2216.4,2216.4,2216.6,6,5,1
9:32:41,2216.4,2216.2,2216.4,6,12,7
9:32:41,2216.4,2216.2,2216.4,1,14,10
9:32:42,2216.4,2216.2,2216.4,2,16,8
9:32:42,2216.4,2216.2,2216.4,7,14,2
9:32:43,2216.2,2216.2,2216.4,2,13,1
9:32:43,2216.4,2216.2,2216.6,2,24,2
9:32:44,2216.2,2216.2,2216.6,3,23,2
9:32:44,2216.4,2216.2,2216.4,1,23,6
9:32:45,2216.4,2216.2,2216.4,2,23,4
9:32:45,2216.2,2216.2,2216.4,1,25,23
9:32:46,2216.4,2216.2,2216.4,2,27,21
9:32:46,2216.4,2216.2,2216.4,1,27,24
9:32:47,2216.2,2216.2,2216.4,14,14,23
9:32:47,2216.2,2216.2,2216.4,3,11,23
9:32:48,2216.4,2216.2,2216.4,8,8,19
9:32:48,2216.2,2216.2,2216.4,8,3,19
9:32:49,2216.2,2216.2,2216.4,1,3,19
9:32:49,2216.4,2216.2,2216.4,1,3,18
9:32:50,2216.2,2216,2216.2,3,67,11
9:32:50,2216,2216,2216.2,10,61,7
9:32:51,2216,2216,2216.2,5,55,7
9:32:51,2216.2,2216,2216.2,20,36,7
9:32:52,2216,2216,2216.2,7,29,23
9:32:52,2216,2216,2216.2,6,24,23
9:32:53,2216,2216,2216.2,13,12,21
9:32:53,2216,2216,2216.2,4,8,24
9:32:54,2216,2215.8,2216,10,27,10
9:32:54,2216,2215.8,2216,3,26,7
9:32:55,2216,2215.8,2216,1,26,1
9:32:55,2215.8,2215.8,2216,2,25,1
9:32:56,2215.8,2215.8,2216,1,24,2
9:32:56,2215.8,2215.8,2216.2,9,17,29
9:32:57,2215.8,2216,2216.2,6,1,29
9:32:57,2215.8,2215.8,2216.2,4,10,30
9:32:58,2216,2216,2216.2,2,1,30
9:32:58,2215.8,2215.8,2216,2,14,8
9:32:59,2215.8,2215.8,2216,7,7,9
9:32:59,2216,2215.8,2216,8,9,2
9:33:00,2216,2215.8,2216,1,7,2
9:33:00,2215.8,2216,2216.2,4,2,31
9:33:01,2216.2,2215.8,2216.2,20,5,24
9:33:02,2215.8,2215.8,2216,4,4,1
9:33:03,2215.8,2215.8,2216,8,15,1
9:33:03,2215.8,2215.8,2216,1,15,1
9:33:04,2215.8,2215.8,2216,19,6,1
9:33:04,2215.8,2215.8,2216,5,1,1
9:33:05,2215.8,2215.6,2215.8,1,36,1
9:33:05,2215.8,2215.6,2215.8,3,34,2
9:33:06,2215.6,2215.6,2215.8,1,29,4
9:33:07,2215.8,2215.6,2215.8,3,27,24
9:33:07,2215.6,2215.6,2215.8,8,19,25
9:33:08,2215.6,2215.6,2215.8,15,4,28
9:33:08,2215.6,2215.4,2215.6,5,25,23
9:33:09,2215.4,2215.4,2215.6,5,23,23
9:33:09,2215.4,2215.4,2215.6,9,26,38
9:33:10,2215.4,2215.4,2215.6,11,17,37
9:33:10,2215.4,2215.4,2215.6,11,7,37
9:33:11,2215.4,2215.2,2215.4,7,35,21
9:33:12,2215.2,2215.2,2215.6,45,30,37
9:33:12,2215.2,2215.2,2215.6,9,27,47
9:33:13,2215.2,2215.2,2215.6,33,2,41
9:33:13,2215,2215,2215.2,4,64,5
9:33:14,2215.4,2215.4,2215.6,25,15,42
9:33:14,2215,2215,2215.4,29,53,3
9:33:15,2215.2,2215.2,2215.4,4,1,33
9:33:15,2215.2,2215.2,2215.4,8,3,36
9:33:16,2215.2,2215.2,2215.4,5,9,44
9:33:16,2215.4,2215.2,2215.4,41,5,11
9:33:17,2215.2,2215.2,2215.4,3,4,11
9:33:17,2215.2,2215.2,2215.4,17,16,11
9:33:18,2215.2,2215.2,2215.4,10,10,8
9:33:18,2215.2,2215.2,2215.4,6,6,8
9:33:19,2215.2,2215.2,2215.4,5,6,7
9:33:19,2215.4,2215.2,2215.4,4,7,7
9:33:20,2215.4,2215.2,2215.4,2,12,8
9:33:21,2215.4,2215.2,2215.4,7,6,17
9:33:21,2215.2,2215,2215.2,8,67,13
9:33:22,2215,2215,2215.2,16,56,18
9:33:23,2215.2,2215,2215.2,45,23,9
9:33:23,2215,2215,2215.2,5,19,10
9:33:24,2215,2215,2215.2,6,17,14
9:33:24,2215.2,2215,2215.2,14,7,15
9:33:25,2215,2215,2215.2,4,4,16
9:33:25,2214.8,2214.8,2215,9,11,12
9:33:26,2215,2214.8,2215,5,9,23
9:33:26,2214.8,2214.8,2215,3,6,30
9:33:27,2214.6,2214.6,2215,5,12,46
9:33:27,2214.6,2214.6,2214.8,18,2,7
9:33:28,2214.4,2214.4,2214.6,7,24,5
9:33:28,2214.6,2214.6,2214.8,48,4,9
9:33:29,2214.4,2214.4,2214.6,30,3,1
9:33:29,2214.4,2214.4,2214.8,10,4,12
9:33:30,2214.2,2214.2,2214.8,14,50,13
9:33:30,2214.2,2214.2,2214.4,21,41,17
9:33:31,2214,2214,2214.4,63,32,3
9:33:31,2214,2214,2214.2,8,25,16
9:33:32,2213.8,2213.8,2214,47,24,24
9:33:32,2213.8,2213.8,2214,36,11,15
9:33:33,2213.8,2213.8,2214,19,5,6
9:33:33,2214.2,2214,2214.2,73,1,1
9:33:34,2214.2,2214.2,2214.6,52,16,23
9:33:34,2214.6,2214.4,2214.6,19,1,18
9:33:35,2214.4,2214.4,2214.6,15,11,14
9:33:35,2214.4,2214.4,2214.6,8,6,11
9:33:36,2214.4,2214.2,2214.4,7,4,2
9:33:36,2214.2,2214.2,2214.4,10,1,1
9:33:37,2214.4,2214.2,2214.4,6,5,8
9:33:37,2214.4,2214.2,2214.6,4,6,19
9:33:38,2214.2,2214,2214.2,9,8,13
9:33:38,2214,2214,2214.2,5,11,13
9:33:39,2214.2,2214,2214.2,5,12,13
9:33:39,2214,2214,2214.2,10,9,8
9:33:40,2214.2,2214,2214.2,8,7,3
9:33:40,2214.2,2214,2214.4,16,3,22
9:33:41,2214,2214,2214.2,6,18,10
9:33:41,2214,2214,2214.2,3,18,9
9:33:42,2214.2,2214.2,2214.4,7,1,28
9:33:42,2213.8,2213.8,2214,22,20,38
9:33:43,2213.8,2213.8,2214,18,13,28
9:33:43,2213.8,2213.8,2214,6,10,33
9:33:44,2214,2213.8,2214,6,7,30
9:33:44,2213.8,2213.6,2213.8,15,25,24
9:33:45,2213.6,2213.6,2213.8,31,22,4
9:33:45,2213.6,2213.2,2213.6,56,43,12
9:33:46,2213.6,2213.4,2213.6,44,1,15
9:33:46,2213.4,2213.4,2213.6,17,18,33
9:33:47,2213,2213,2213.2,40,77,1
9:33:47,2213.2,2213,2213.2,48,44,3
9:33:48,2212.8,2212.6,2213,53,12,4
9:33:48,2213,2212.4,2212.8,33,12,1
9:33:49,2212.2,2212.2,2212.4,26,19,6
9:33:49,2212.8,2212.8,2213,54,1,8
9:33:50,2212.8,2212.8,2213.2,68,3,10
9:33:50,2213,2212.8,2213,34,6,17
9:33:51,2213,2212.8,2213,16,5,41
9:33:51,2212.8,2212.4,2212.8,38,24,2
9:33:52,2212.4,2212.4,2212.8,39,21,3
9:33:52,2213,2212.6,2213,10,2,33
9:33:53,2213,2212.6,2213,45,1,23
9:33:53,2212.6,2212.2,2212.6,34,19,2
9:33:54,2212.6,2212.2,2213,27,18,13
9:33:54,2212.6,2212.6,2212.8,6,7,16
9:33:55,2212.6,2212.6,2212.8,13,1,17
9:33:55,2212.8,2212.6,2212.8,6,2,12
9:33:56,2212.8,2212.6,2212.8,9,11,14
9:33:56,2212.6,2212.6,2212.8,9,10,23
9:33:57,2212.8,2212.6,2212.8,19,4,25
9:33:57,2212.8,2212.6,2212.8,7,1,21
9:33:58,2212.4,2212.4,2212.6,15,4,7
9:33:58,2212.8,2212.4,2212.6,16,3,3
9:33:59,2212.4,2212.4,2212.6,7,6,10
9:33:59,2212.6,2212.4,2212.6,14,4,2
9:34:00,2212.4,2212.6,2212.8,10,1,4
9:34:00,2212.8,2212.8,2213,27,3,32
9:34:01,2212.6,2212.4,2212.6,28,1,15
9:34:01,2212.6,2212.2,2212.6,19,36,11
9:34:02,2212.6,2212.4,2212.6,23,3,1
9:34:02,2213,2212.4,2213,34,6,11
9:34:03,2212.6,2212.4,2212.6,19,4,8
9:34:03,2212.6,2212.6,2212.8,14,31,34
9:34:04,2212.8,2212.6,2212.8,35,18,21
9:34:04,2213,2212.8,2213,53,1,11
9:34:05,2213,2212.6,2213,17,2,11
9:34:05,2212.6,2212.6,2213,26,6,8
9:34:06,2212.8,2212.6,2212.8,17,2,18
9:34:06,2212.4,2212.4,2212.6,18,9,4
9:34:07,2212.2,2212.2,2213,62,37,5
9:34:07,2212.6,2212.4,2212.8,6,13,26
9:34:08,2212.6,2212.4,2212.8,11,12,37
9:34:08,2212.4,2212.2,2212.4,15,32,3
9:34:09,2212.2,2212.2,2212.4,17,22,2
9:34:09,2212.4,2212.4,2212.6,9,20,10
9:34:10,2212.4,2212.4,2212.6,18,11,7
9:34:10,2212.8,2212.4,2212.8,12,8,27
9:34:11,2212.4,2212.4,2212.8,8,4,28
9:34:11,2212.4,2212.2,2212.6,5,35,2
9:34:12,2212.2,2212.4,2212.6,4,1,1
9:34:12,2212.4,2212.2,2212.4,7,38,14
9:34:13,2212.4,2212.2,2212.4,26,23,10
9:34:13,2212.4,2212.2,2212.4,26,1,15
9:34:14,2212.2,2212,2212.2,16,108,22
9:34:14,2212.2,2212,2212.2,36,93,29
9:34:15,2212,2212,2212.2,63,31,35
9:34:15,2212,2212,2212.2,32,6,32
9:34:16,2211.8,2211.8,2212,27,13,49
9:34:16,2211.8,2211.8,2212,26,3,41
9:34:17,2211.8,2211.6,2211.8,22,28,2
9:34:17,2211.8,2211.6,2211.8,16,22,23
9:34:18,2211.8,2211.4,2211.8,28,58,22
9:34:18,2211.6,2211.4,2211.8,27,44,21
9:34:19,2211.6,2211.4,2211.8,95,19,6
9:34:19,2211.8,2211.8,2212,29,27,31
9:34:20,2212,2211.8,2212,37,21,26
9:34:20,2211.8,2211.6,2211.8,35,2,9
9:34:21,2212,2212,2212.2,42,32,27
9:34:21,2212,2212,2212.2,15,24,21
9:34:22,2212,2212,2212.4,46,6,16
9:34:22,2212,2212.2,2212.4,17,2,15
9:34:23,2212.2,2211.8,2212,23,23,3
9:34:23,2211.8,2211.8,2212.4,12,20,13
9:34:24,2212,2212,2212.2,101,17,15
9:34:24,2212,2212,2212.2,5,22,15
9:34:25,2212,2212,2212.2,14,22,16
9:34:25,2212,2212,2212.2,14,9,21
9:34:26,2212.2,2212,2212.2,15,3,37
9:34:26,2212,2211.8,2212,10,26,8
9:34:27,2212,2211.8,2212.2,18,26,19
9:34:27,2212,2211.8,2212,3,26,5
9:34:28,2212.2,2212,2212.2,8,1,13
9:34:28,2212,2211.8,2212.2,15,23,2
9:34:29,2211.8,2212,2212.2,7,9,19
9:34:29,2212,2212,2212.2,7,9,21
9:34:30,2212,2212,2212.2,7,20,18
9:34:30,2212,2212,2212.2,4,24,19
9:34:31,2212.2,2212.2,2212.4,24,46,6
9:34:31,2212.4,2212.2,2212.4,13,52,6
9:34:32,2212.2,2212.2,2212.4,17,55,1
9:34:32,2212.2,2212.4,2212.6,6,10,7
9:34:33,2212.4,2212.4,2212.6,9,2,12
9:34:33,2212.6,2212.2,2212.6,4,57,9
9:34:34,2212.4,2212.2,2212.4,12,52,2
9:34:34,2212.4,2212.4,2212.6,5,1,18
9:34:35,2212.8,2212.6,2212.8,24,5,28
9:34:35,2212.6,2212.6,2212.8,3,13,33
9:34:36,2212.6,2212.6,2212.8,2,15,27
9:34:36,2212.6,2212.6,2212.8,5,11,27
9:34:37,2212.6,2212.4,2212.6,13,34,1
9:34:37,2212.8,2212.4,2212.8,8,40,36
9:34:38,2212.8,2212.4,2212.6,2,42,35
9:34:38,2212.6,2212.4,2212.6,39,13,27
9:34:39,2212.6,2212.4,2212.6,7,11,24
9:34:39,2212.4,2212.4,2212.6,2,8,25
9:34:40,2212.6,2212.4,2212.6,4,10,22
9:34:40,2212.6,2212.4,2212.6,17,11,5
9:34:41,2212.4,2212.4,2212.6,21,11,3
9:34:41,2212.4,2212.4,2212.6,14,8,3
9:34:42,2212.4,2212.4,2212.6,5,5,8
9:34:42,2212.6,2212.4,2212.6,19,5,6
9:34:43,2212.6,2212.6,2212.8,9,6,48
9:34:43,2212.6,2212.6,2212.8,8,5,47
9:34:44,2212.8,2212.6,2212.8,1,6,47
9:34:44,2212.8,2212.6,2212.8,5,3,45
9:34:45,2212.6,2212.4,2212.6,7,36,3
9:34:45,2212.6,2212.4,2212.6,1,38,3
9:34:46,2212.6,2212.4,2212.6,6,35,2
9:34:46,2212.6,2212.4,2212.6,4,33,7
9:34:47,2212.6,2212.4,2212.6,7,33,2
9:34:47,2212.6,2212.6,2212.8,7,14,47
9:34:48,2212.8,2212.6,2212.8,6,9,48
9:34:48,2212.6,2212.6,2212.8,32,4,19
9:34:49,2212.6,2212.4,2212.6,5,35,1
9:34:49,2212.6,2212.6,2212.8,11,10,18
9:34:50,2212.8,2212.6,2212.8,8,10,16
9:34:50,2212.6,2212.6,2212.8,7,8,15
9:34:51,2212.8,2212.6,2212.8,13,1,11
9:34:51,2212.8,2212.4,2212.8,17,39,6
9:34:52,2212.8,2212.6,2212.8,7,3,5
9:34:52,2212.8,2212.4,2212.6,8,41,2
9:34:53,2212.6,2212.6,2212.8,4,5,2
9:34:53,2212.4,2212.4,2212.6,8,41,1
9:34:54,2212.4,2212.4,2212.6,4,40,2
9:34:54,2212.4,2212.4,2213,8,37,61
9:34:55,2212.4,2212.4,2213,11,33,55
9:34:55,2212.4,2212.4,2212.8,5,34,15
9:34:56,2212.4,2212.4,2212.8,19,19,13
9:34:56,2212.4,2212.4,2212.8,18,7,13
9:34:57,2212.4,2212.2,2212.4,8,53,25
9:34:57,2212.4,2212.2,2212.4,4,55,21
9:34:58,2212.2,2212.2,2212.4,2,53,38
9:34:58,2212.2,2212.2,2212.4,47,51,6
9:34:59,2212.2,2212.2,2212.4,4,49,6
9:34:59,2212.6,2212.2,2212.8,52,2,15
9:35:00,2212.6,2212.2,2212.6,6,9,3
9:35:00,2212.8,2212,2212.2,35,52,1
9:35:01,2212.4,2212,2212.6,81,16,17
9:35:01,2212.2,2212.2,2212.4,23,1,11
9:35:02,2212.2,2212,2212.2,22,7,1
9:35:02,2211.8,2211.8,2212,12,42,5
9:35:03,2212,2211.8,2212.2,16,35,2
9:35:03,2211.8,2211.8,2212.2,20,16,22
9:35:04,2212.2,2212,2212.2,15,102,30
9:35:04,2212.2,2212.2,2212.4,68,26,14
9:35:05,2212.2,2212.2,2212.6,49,13,21
9:35:05,2212.6,2212.4,2212.6,30,3,19
9:35:06,2212.4,2212,2212.2,7,69,1
9:35:06,2212.2,2212.2,2212.4,7,7,5
9:35:07,2212.2,2212.2,2212.4,1,8,16
9:35:07,2212.2,2212,2212.4,9,76,32
9:35:08,2212,2212,2212.2,1,75,9
9:35:08,2212,2212,2212.2,2,74,10
9:35:09,2212.2,2212,2212.2,2,73,14
9:35:09,2212,2212,2212.2,11,63,22
9:35:10,2212,2212,2212.2,11,60,21
9:35:10,2212.2,2212,2212.2,23,59,3
9:35:11,2212,2212,2212.4,12,50,31
9:35:11,2212.2,2212,2212.4,7,49,40
9:35:12,2212.4,2212,2212.4,8,47,37
9:35:12,2212,2212,2212.2,27,43,5
9:35:13,2212.2,2212,2212.2,8,41,1
9:35:13,2212,2212,2212.4,5,39,22
9:35:14,2212.2,2212,2212.2,9,40,1
9:35:14,2212.2,2212,2212.4,4,40,22
9:35:15,2212,2212,2212.4,3,43,24
9:35:16,2212.4,2212,2212.4,16,36,22
9:35:16,2212,2212,2212.2,2,35,1
9:35:17,2212,2212,2212.2,13,20,3
9:35:17,2212.2,2212,2212.2,20,1,24
9:35:18,2212,2211.8,2212,11,22,21
9:35:18,2211.8,2211.6,2212,22,16,31
9:35:19,2211.8,2211.6,2211.8,6,13,4
9:35:19,2211.8,2211.6,2211.8,10,5,7
9:35:20,2211.6,2211.6,2211.8,17,2,2
9:35:20,2211.6,2211.4,2211.6,6,76,4
9:35:21,2211.6,2211.4,2211.8,21,66,4
9:35:21,2211.4,2211.4,2211.6,47,24,3
9:35:22,2211.4,2211.4,2211.6,7,22,1
9:35:22,2211.4,2211.4,2211.6,24,6,2
9:35:23,2211.4,2211.2,2211.4,17,39,57
9:35:23,2211.2,2211.2,2211.4,35,6,71
9:35:24,2211,2211,2211.2,27,32,31
9:35:24,2211,2211,2211.2,35,2,25
9:35:25,2210.8,2210.6,2211,27,14,69
9:35:25,2211,2210.6,2211,36,10,55
9:35:26,2210.6,2210.6,2211,30,11,37
9:35:26,2211,2210.8,2211,45,29,29
9:35:27,2210.6,2210.4,2210.8,101,8,1
9:35:27,2210.4,2210.4,2210.6,16,7,5
9:35:28,2210.6,2210.2,2210.6,28,164,1
9:35:28,2210.6,2210.6,2211,29,24,30
9:35:29,2210.4,2210.4,2210.6,55,42,37
9:35:29,2210.6,2210.6,2211,73,5,3
9:35:30,2210.6,2210.6,2211,58,54,13
9:35:30,2210.6,2210.6,2211,24,46,11
9:35:31,2211,2210.8,2211,14,7,9
9:35:31,2210.8,2210.8,2211,14,4,8
9:35:32,2210.8,2210.6,2210.8,14,58,19
9:35:32,2210.8,2210.6,2210.8,25,55,29
9:35:33,2210.8,2210.6,2210.8,9,51,34
9:35:33,2210.8,2210.6,2210.8,9,33,30
9:35:34,2210.8,2210.6,2210.8,12,28,57
9:35:34,2210.6,2210.4,2210.6,37,10,10
9:35:35,2210.8,2210.6,2210.8,24,4,48
9:35:35,2210.8,2210.4,2210.8,29,5,29
9:35:36,2210.8,2210.6,2211,36,33,14
9:35:36,2210.6,2210.6,2211,13,25,10
9:35:37,2211,2210.6,2211,25,26,4
9:35:37,2211,2210.8,2211,5,1,3
9:35:38,2210.8,2210.6,2210.8,6,36,2
9:35:38,2211,2210.8,2211,5,1,4
9:35:39,2210.6,2210.6,2211,23,72,1
9:35:39,2210.8,2210.6,2210.8,2,74,9
9:35:40,2211,2210.8,2211,14,6,3
9:35:40,2211,2210.8,2211,6,8,3
9:35:41,2211,2210.8,2211,13,22,4
9:35:41,2211.2,2210.8,2211,17,21,4
9:35:42,2210.8,2210.6,2210.8,35,103,18
9:35:42,2210.8,2210.6,2210.8,17,106,1
9:35:43,2211,2210.8,2211,3,1,6
9:35:43,2210.8,2210.8,2211,5,2,15
9:35:44,2211,2210.8,2211,7,8,12
9:35:44,2210.8,2210.8,2211,5,7,12
9:35:45,2210.8,2210.8,2211,14,16,10
9:35:45,2210.8,2210.8,2211,6,18,20
9:35:46,2211,2210.8,2211,11,28,15
9:35:46,2211,2210.8,2211,18,24,5
9:35:47,2211,2211,2211.2,21,35,12
9:35:47,2211.2,2211,2211.2,11,32,8
9:35:48,2211,2211,2211.4,25,26,10
9:35:48,2211.4,2211,2211.4,12,24,7
9:35:49,2211.2,2211.2,2211.4,13,1,20
9:35:49,2211.4,2211.2,2211.4,7,2,14
9:35:50,2211.4,2211,2211.4,16,19,9
9:35:50,2211,2211,2211.4,5,15,10
9:35:51,2211.4,2211.2,2211.4,15,5,10
9:35:51,2211.4,2211.2,2211.4,19,2,1
9:35:52,2211,2211.4,2211.6,6,5,8
9:35:52,2211.6,2211.2,2211.6,11,2,4
9:35:53,2211.6,2211.4,2211.8,20,1,14
9:35:53,2211.2,2211,2211.2,20,32,44
9:35:54,2211.2,2211,2211.2,4,48,59
9:35:54,2211,2211,2211.2,38,19,41
9:35:55,2211.2,2211,2211.2,8,15,38
9:35:55,2211.2,2211,2211.2,15,7,35
9:35:56,2210.8,2210.8,2211,13,16,6
9:35:56,2211,2211,2211.2,29,2,36
9:35:57,2211.2,2211,2211.2,5,8,34
9:35:57,2211,2211,2211.2,34,20,5
9:35:58,2211,2211,2211.2,5,23,4
9:35:58,2211.2,2211.2,2211.4,15,2,52
9:35:59,2211.4,2211,2211.4,23,17,46
9:35:59,2211.2,2211.2,2211.4,23,2,19
9:36:00,2211,2211,2211.4,15,20,17
9:36:00,2210.6,2210.6,2211.4,81,110,22
9:36:01,2210.8,2210.8,2211.2,34,13,17
9:36:01,2211,2211,2211.2,2,7,13
9:36:02,2211,2211,2211.2,23,2,33
9:36:02,2211,2211,2211.2,8,20,33
9:36:03,2211,2211,2211.2,20,22,32
9:36:03,2211.2,2211,2211.2,18,16,28
9:36:04,2211,2211,2211.2,9,13,22
9:36:04,2211.2,2211,2211.2,12,19,13
9:36:05,2211.2,2211.2,2211.4,26,28,21
9:36:05,2211.4,2211.4,2211.6,28,8,15
9:36:06,2211.6,2211.4,2211.6,4,7,20
9:36:06,2211.6,2211.4,2211.8,32,19,26
9:36:07,2211.6,2211.4,2211.6,15,19,2
9:36:07,2211.4,2211.6,2211.8,14,5,11
9:36:08,2211.6,2211.6,2211.8,6,4,12
9:36:08,2212,2211.8,2212,17,32,69
9:36:09,2212,2211.8,2212,25,29,47
9:36:09,2211.8,2211.8,2212,31,28,22
9:36:10,2212,2211.6,2212,38,4,15
9:36:10,2212,2212,2212.2,20,35,12
9:36:11,2212,2212,2212.2,14,25,30
9:36:11,2212,2212,2212.2,10,26,26
9:36:12,2212,2212,2212.2,21,22,3
9:36:12,2212,2212,2212.2,9,13,4
9:36:13,2211.8,2211.8,2212,40,27,3
9:36:13,2212.2,2211.8,2212.2,14,23,13
9:36:14,2212.2,2211.8,2212,5,21,1
9:36:14,2212.2,2212,2212.2,8,52,12
9:36:15,2212.2,2212,2212.2,6,50,10
9:36:15,2212.2,2212,2212.2,15,50,5
9:36:16,2212.4,2212.2,2212.4,13,3,17
9:36:16,2212.6,2212.2,2212.6,50,2,4
9:36:17,2212.2,2212.6,2212.8,12,1,15
9:36:17,2212.8,2212.4,2212.8,5,1,29
9:36:18,2212.8,2212.2,2212.8,7,5,31
9:36:18,2212.6,2212.2,2212.6,9,8,15
9:36:19,2212,2212,2212.4,14,54,2
9:36:19,2212.4,2212.4,2212.6,7,8,41
9:36:20,2212.4,2212.2,2212.4,19,4,3
9:36:20,2212.4,2212.2,2212.4,3,4,1
9:36:21,2212.4,2212.2,2212.4,2,4,16
9:36:21,2212.4,2212.2,2212.4,2,4,25
9:36:22,2212.4,2212.2,2212.4,2,5,24
9:36:22,2212.4,2212.2,2212.4,23,4,12
9:36:23,2212.2,2212,2212.2,4,15,2
9:36:23,2212.2,2212,2212.4,2,15,12
9:36:24,2212.2,2212,2212.4,8,25,18
9:36:24,2212.2,2212,2212.2,4,28,8
9:36:25,2212,2212,2212.2,7,28,3
9:36:25,2212.2,2212,2212.2,3,25,1
9:36:26,2212.2,2212,2212.4,4,22,27
9:36:26,2212.4,2212.2,2212.4,11,13,20
9:36:27,2212.2,2212.2,2212.4,10,9,16
9:36:27,2212.4,2212.2,2212.4,12,2,12
9:36:28,2212.2,2212,2212.2,6,33,1
9:36:28,2212.2,2212.2,2212.4,3,3,10
9:36:29,2212.4,2212.2,2212.4,2,4,15
9:36:29,2212.2,2212,2212.2,4,33,1
9:36:30,2212.2,2212,2212.2,8,34,6
9:36:30,2212.2,2212,2212.2,6,35,2
9:36:31,2212.2,2212.2,2212.4,7,13,19
9:36:31,2212.2,2212.2,2212.4,1,14,19
9:36:32,2212.2,2212.2,2212.4,7,10,19
9:36:32,2212.2,2212,2212.2,31,36,2
9:36:33,2212.2,2212.2,2212.4,5,17,1
9:36:33,2212.4,2212.4,2212.6,3,5,39
9:36:34,2212.4,2212.4,2212.6,2,5,27
9:36:34,2212.6,2212.4,2212.6,17,8,11
9:36:35,2212.4,2212.4,2212.6,3,16,12
9:36:35,2212.4,2212.4,2212.6,5,13,11
9:36:36,2212.6,2212.6,2212.8,15,4,35
9:36:36,2212.6,2212.4,2212.6,9,12,12
9:36:37,2212.6,2212.4,2212.8,13,12,37
9:36:37,2212.4,2212.2,2212.4,12,44,3
9:36:38,2212.4,2212.2,2212.4,2,46,2
9:36:38,2212.2,2212.2,2212.6,16,10,3
9:36:39,2212.6,2212.6,2212.8,10,7,41
9:36:39,2212.6,2212.6,2212.8,5,3,38
9:36:40,2212.6,2212.6,2212.8,1,3,38
9:36:40,2212.8,2212.6,2212.8,3,1,39
9:36:41,2212.4,2212.4,2212.8,10,16,69
9:36:41,2212.6,2212.6,2212.8,4,18,81
9:36:42,2212.6,2212.6,2212.8,8,23,76
9:36:42,2212.8,2212.6,2212.8,1,23,76
9:36:43,2212.8,2212.6,2212.8,3,22,76
9:36:43,2212.6,2212.6,2212.8,36,23,42
9:36:44,2212.8,2212.6,2212.8,3,24,49
9:36:44,2212.8,2212.6,2212.8,20,23,30
9:36:45,2212.8,2212.6,2212.8,29,23,2
9:36:45,2212.8,2212.8,2213,7,2,64
9:36:46,2212.8,2212.8,2213,3,7,79
9:36:46,2212.8,2212.8,2213,3,11,72
9:36:47,2213,2212.8,2213,2,12,71
9:36:47,2212.6,2212.6,2212.8,14,17,1
9:36:48,2212.8,2212.6,2212.8,2,20,2
9:36:48,2212.8,2212.6,2212.8,4,21,8
9:36:49,2212.6,2212.6,2212.8,2,21,27
9:36:49,2212.6,2212.6,2212.8,16,10,25
9:36:50,2212.6,2212.6,2212.8,2,9,38
9:36:50,2212.6,2212.4,2212.6,9,4,18
9:36:51,2212.6,2212.4,2212.6,3,3,25
9:36:52,2212.6,2212.4,2212.6,3,6,9
9:36:52,2212.6,2212.4,2212.6,4,4,11
9:36:53,2212.6,2212.4,2212.6,1,5,20
9:36:53,2212.4,2212.2,2212.6,5,14,20
9:36:54,2212.4,2212.2,2212.6,1,14,21
9:36:54,2212.2,2212.2,2212.4,3,11,1
9:36:55,2212.4,2212.2,2212.6,2,13,21
9:36:56,2212.6,2212.2,2212.4,5,24,3
9:36:56,2212.2,2212.2,2212.6,3,21,14
9:36:57,2212.2,2212.2,2212.4,2,22,1
9:36:57,2212.2,2212.2,2212.4,5,17,1
9:36:58,2212.4,2212.4,2212.6,2,9,15
9:36:58,2212.4,2212.4,2212.6,5,4,17
9:36:59,2212.2,2212.2,2212.6,6,18,18
9:37:00,2212.4,2212.2,2212.6,4,17,20
9:37:00,2212.2,2212.2,2212.6,5,14,20
9:37:01,2212.2,2212.2,2212.6,3,11,20
9:37:01,2212.6,2212.2,2212.6,7,6,17
9:37:02,2212.2,2212.2,2212.6,2,7,16
9:37:02,2212.2,2212.2,2212.6,8,5,13
9:37:03,2212.6,2212.2,2212.6,6,2,11
9:37:03,2212,2212.2,2212.6,5,1,11
9:37:04,2212,2212,2212.2,9,36,11
9:37:04,2212,2212,2212.6,17,39,11
9:37:06,2212.2,2212.2,2212.4,7,3,3
9:37:06,2212,2212,2212.2,22,20,3
9:37:07,2212,2212,2212.2,3,16,6
9:37:07,2212,2212,2212.2,7,14,1
9:37:08,2212,2212,2212.2,3,12,2
9:37:08,2212.2,2212.2,2212.4,2,1,5
9:37:09,2212.2,2212,2212.4,2,16,3
9:37:09,2212,2212,2212.4,4,14,3
9:37:10,2212,2212,2212.6,7,12,23
9:37:10,2212.4,2212.4,2212.6,5,6,23
9:37:11,2212.2,2212.2,2212.6,9,7,23
9:37:12,2212.2,2212.2,2212.4,4,17,5
9:37:12,2212.2,2212.2,2212.4,15,9,4
9:37:13,2212.2,2212.2,2212.4,7,19,3
9:37:13,2212.4,2212.2,2212.4,4,18,1
9:37:14,2212.2,2212.2,2212.4,6,13,1
9:37:14,2212.4,2212.2,2212.4,4,10,5
9:37:15,2212.4,2212.4,2212.6,10,6,28
9:37:16,2212.4,2212.4,2212.6,1,5,29
9:37:16,2212.4,2212.4,2212.6,3,5,29
9:37:17,2212.6,2212.4,2212.6,4,5,25
9:37:17,2212.4,2212.4,2212.6,3,5,23
9:37:18,2212.6,2212.2,2212.4,11,12,1
9:37:18,2212.6,2212.2,2212.4,4,10,5
9:37:19,2212.2,2212.2,2212.4,1,9,7
9:37:19,2212.4,2212.2,2212.4,3,14,4
9:37:20,2212.4,2212.2,2212.6,6,12,24
9:37:20,2212.6,2212.4,2212.6,11,1,13
9:37:21,2212.2,2212.4,2212.6,10,2,13
9:37:21,2212.2,2212.2,2212.6,6,14,14
9:37:22,2212.4,2212.2,2212.4,2,17,1
9:37:22,2212.2,2212.2,2212.6,8,21,7
9:37:23,2212.4,2212.4,2212.6,5,1,5
9:37:24,2212.4,2212.4,2212.6,4,5,10
9:37:25,2212.4,2212.4,2212.6,8,12,13
9:37:25,2212.4,2212.4,2212.6,7,17,13
9:37:26,2212.6,2212.4,2212.6,3,20,12
9:37:26,2212.6,2212.6,2212.8,21,17,25
9:37:27,2212.8,2212.6,2212.8,7,14,27
9:37:27,2212.8,2212.6,2212.8,3,17,18
9:37:28,2212.8,2212.6,2212.8,6,14,25
9:37:28,2212.8,2212.6,2212.8,6,14,19
9:37:29,2212.6,2212.6,2212.8,1,14,19
9:37:29,2212.8,2212.6,2212.8,32,2,2
9:37:30,2213,2212.8,2213,6,6,83
9:37:30,2212.8,2212.8,2213,2,5,88
9:37:31,2212.8,2212.8,2213,28,14,66
9:37:31,2213,2212.8,2213,2,15,64
9:37:32,2213,2212.8,2213,3,17,61
9:37:32,2212.8,2212.8,2213,7,17,55
9:37:33,2213,2212.8,2213,8,18,48
9:37:33,2213,2212.8,2213,6,16,45
9:37:34,2213,2212.8,2213,12,15,34
9:37:34,2212.8,2212.8,2213,6,14,30
9:37:35,2212.8,2212.8,2213,6,13,25
9:37:35,2213,2212.8,2213,8,13,17
9:37:36,2213,2212.8,2213,11,13,8
9:37:37,2213,2213,2213.2,10,31,30
9:37:37,2213,2213,2213.2,3,34,35
9:37:38,2213,2213,2213.2,2,39,28
9:37:38,2213.2,2213,2213.2,24,40,4
9:37:39,2213.2,2213.2,2213.4,30,18,9
9:37:39,2213.6,2213.4,2213.6,17,7,25
9:37:40,2213.6,2213.4,2213.6,6,3,22
9:37:40,2213.6,2213.4,2213.6,8,9,15
9:37:41,2213.4,2213.4,2213.6,8,18,10
9:37:41,2213.4,2213.4,2213.6,3,18,12
9:37:42,2213.4,2213.4,2213.6,12,14,21
9:37:42,2213.6,2213.4,2213.6,23,12,3
9:37:43,2213.4,2213.4,2213.8,18,1,29
9:37:43,2213.8,2213.6,2213.8,17,14,21
9:37:44,2213.8,2213.6,2213.8,4,14,22
9:37:44,2213.8,2213.8,2214,31,5,25
9:37:45,2214.2,2213.8,2214.2,37,8,7
9:37:45,2214.2,2214.2,2214.4,18,21,14
9:37:46,2214.4,2214.2,2214.4,43,1,1
9:37:46,2214.6,2214.2,2214.6,48,4,17
9:37:47,2214.2,2214,2214.2,30,12,1
9:37:47,2214.2,2214,2214.2,55,17,6
9:37:48,2214.2,2214,2214.2,21,17,7
9:37:48,2214.2,2214.2,2214.8,54,12,35
9:37:49,2214.4,2214.2,2214.4,20,17,6
9:37:49,2214.4,2214.4,2214.6,12,45,13
9:37:50,2214.6,2214.4,2214.8,19,41,36
9:37:50,2214.4,2214.4,2214.8,18,51,35
9:37:51,2214.8,2214.4,2214.8,83,16,9
9:37:51,2214.6,2214.6,2214.8,13,5,13
9:37:52,2214.6,2214.8,2215,20,39,29
9:37:52,2214.8,2214.8,2215,31,48,21
9:37:53,2215,2215,2215.2,42,5,14
9:37:53,2215.2,2215,2215.2,24,13,1
9:37:54,2215.2,2215.2,2215.4,37,40,3
9:37:54,2215.6,2215.4,2215.6,20,34,5
9:37:55,2215.8,2215.6,2215.8,27,6,4
9:37:55,2215.6,2215.4,2215.6,93,1,6
9:37:56,2215.4,2215.2,2215.4,40,54,15
9:37:56,2215.4,2215.4,2215.6,102,57,11
9:37:57,2215.4,2215.4,2215.8,95,15,38
9:37:57,2215.6,2215.6,2215.8,31,1,38
9:37:58,2215.6,2215.6,2215.8,32,8,21
9:37:58,2215.4,2215.4,2215.6,31,5,5
9:37:59,2216,2216,2216.2,49,66,5
9:37:59,2216.2,2216.4,2216.8,57,3,16
9:38:00,2216.8,2216.8,2217,22,17,6
9:38:00,2217,2217,2217.2,49,41,26
9:38:01,2217.6,2217.2,2217.6,77,5,15
9:38:01,2217.4,2217.2,2217.4,78,18,3
9:38:02,2217.2,2217.4,2217.8,112,19,2
9:38:02,2217.8,2217.4,2217.8,62,18,2
9:38:03,2217.4,2217.2,2217.4,35,3,1
9:38:03,2217.4,2217,2217.2,78,23,5
9:38:04,2217,2217.4,2217.8,78,1,2
9:38:04,2217.2,2217,2217.4,52,14,4
9:38:05,2217.6,2217.2,2217.8,49,13,53
9:38:05,2217.6,2217,2217.8,28,5,47
9:38:06,2217.6,2217.2,2217.6,24,33,57
9:38:06,2217.4,2217,2217.4,58,10,27
9:38:07,2217.2,2216.8,2217.2,35,20,8
9:38:07,2217,2216.4,2217,36,12,2
9:38:08,2217,2216.6,2217,25,8,30
9:38:08,2217.2,2216.8,2217,32,6,2
9:38:09,2216.4,2216.4,2216.8,24,17,1
9:38:09,2216.8,2216.8,2217,16,14,10
9:38:10,2217,2217,2217.2,16,31,15
9:38:10,2217,2217.2,2217.4,21,6,10
9:38:11,2217.4,2217.4,2217.6,55,83,37
9:38:11,2217.4,2217.4,2217.8,71,78,56
9:38:12,2217.8,2217.8,2218,103,10,26
9:38:12,2217.8,2217.8,2218.2,88,3,16
9:38:13,2218,2218,2218.4,90,16,15
9:38:13,2218.4,2218.2,2218.4,55,10,14
9:38:14,2218.6,2218.4,2218.6,118,24,14
9:38:14,2219,2218.6,2219,116,2,36
9:38:15,2218.6,2218.8,2219,60,30,6
9:38:15,2218.4,2218.4,2218.6,130,7,14
9:38:16,2218,2217.8,2218,58,14,8
9:38:16,2217.8,2217.6,2217.8,47,4,27
9:38:17,2217.8,2217.4,2217.6,37,3,11
9:38:17,2217.4,2217.2,2217.4,26,2,4
9:38:18,2217.6,2217.4,2217.6,30,17,20
9:38:18,2217.6,2217.4,2217.6,23,14,3
9:38:19,2217.4,2217.4,2217.8,58,23,8
9:38:19,2217.4,2217.6,2217.8,9,4,8
9:38:20,2217.4,2217.4,2217.8,10,21,8
9:38:20,2217.8,2217.6,2217.8,6,30,6
9:38:21,2217.8,2217.6,2217.8,16,21,8
9:38:21,2217.6,2217.6,2217.8,16,18,2
9:38:22,2217.6,2217.8,2218,21,10,15
9:38:22,2217.8,2217.8,2218,28,42,18
9:38:23,2218.2,2218.2,2218.4,34,66,13
9:38:23,2218.4,2218.4,2218.6,24,16,15
9:38:24,2218.8,2218.4,2218.8,40,33,5
9:38:24,2218.8,2218.8,2219,17,6,20
9:38:25,2219,2219,2219.2,67,2,3
9:38:25,2218.8,2218.8,2219,20,3,1
9:38:26,2219,2218.8,2219,35,11,18
9:38:26,2218.6,2218.4,2218.6,35,6,11
9:38:27,2218.8,2218.6,2218.8,73,5,48
9:38:27,2218.6,2218.6,2218.8,103,1,8
9:38:28,2218.6,2218.4,2218.6,12,2,31
9:38:28,2218.6,2218.2,2218.6,18,71,37
9:38:29,2218.4,2218.2,2218.4,23,66,1
9:38:29,2218.6,2218.4,2218.6,32,7,11
9:38:30,2218.4,2218.2,2218.8,49,53,38
9:38:30,2218.4,2218.2,2218.8,41,46,31
9:38:31,2218.8,2218.4,2218.6,22,27,1
9:38:31,2218.4,2218.4,2218.6,36,3,1
9:38:32,2218.6,2218.6,2218.8,12,9,29
9:38:32,2218.8,2218.8,2219,33,21,89
9:38:33,2219,2218.8,2219,44,1,78
9:38:33,2219,2218.8,2219,56,13,32
9:38:34,2219,2218.8,2219,37,2,19
9:38:34,2219,2218.8,2219,20,4,4
9:38:35,2219,2218.6,2219,44,33,6
9:38:35,2218.6,2218.6,2218.8,21,29,1
9:38:36,2218.8,2218.6,2218.8,28,13,30
9:38:36,2218.6,2218.4,2218.6,45,11,50
9:38:37,2218.4,2218.2,2218.4,27,52,38
9:38:37,2218.2,2218.2,2218.4,40,20,54
9:38:38,2218.2,2218,2218.2,74,31,1
9:38:38,2218.2,2218,2218.2,15,34,1
9:38:39,2218.2,2218.2,2218.6,12,1,29
9:38:39,2218.2,2218,2218.2,16,52,59
9:38:40,2218.2,2218,2218.2,9,51,53
9:38:40,2218,2217.8,2218,45,2,3
9:38:41,2218,2217.6,2218.2,16,6,48
9:38:41,2218,2218,2218.2,41,1,23
9:38:42,2218.2,2218,2218.2,15,25,13
9:38:42,2218.4,2218.4,2218.6,32,4,35
9:38:43,2218.4,2218.4,2218.6,17,22,30
9:38:43,2218.6,2218.2,2218.6,7,32,28
9:38:44,2218.4,2218.2,2218.4,16,35,10
9:38:44,2218.4,2218.2,2218.4,10,43,9
9:38:45,2218.4,2218.2,2218.4,9,32,36
9:38:45,2218.4,2218.2,2218.4,9,31,52
9:38:46,2218.2,2218.2,2218.4,24,6,60
9:38:46,2217.8,2217.6,2218.2,45,13,61
9:38:47,2218,2217.6,2218,27,12,3
9:38:47,2218,2217.8,2218,6,12,3
9:38:48,2217.8,2217.8,2218,7,6,2
9:38:48,2218.2,2218,2218.2,3,3,66
9:38:49,2217.8,2217.8,2218,15,5,8
9:38:49,2217.8,2217.6,2217.8,12,12,2
9:38:50,2218.2,2218,2218.2,16,12,88
9:38:50,2218,2218,2218.2,14,3,91
9:38:51,2217.8,2217.8,2218,28,7,10
9:38:51,2218,2217.8,2218,9,10,9
9:38:52,2218,2217.8,2218,3,13,13
9:38:52,2218,2217.8,2218,5,14,21
9:38:53,2217.8,2217.8,2218,16,8,14
9:38:53,2217.8,2217.8,2218,4,9,19
9:38:54,2218,2218,2218.2,34,10,80
9:38:54,2218.2,2218,2218.2,49,5,45
9:38:55,2218,2217.8,2218.2,12,12,45
9:38:55,2218,2218,2218.2,4,7,55
9:38:56,2218.2,2218,2218.2,6,9,53
9:38:56,2218,2217.8,2218,26,38,8
9:38:57,2218,2217.8,2218,8,37,10
9:38:57,2218,2217.8,2218.2,11,38,54
9:38:58,2218.2,2218,2218.2,13,31,53
9:38:58,2218,2218,2218.2,11,42,54
9:38:59,2218.2,2218,2218.2,8,39,55
9:38:59,2218.2,2218.2,2218.4,65,10,67
9:39:00,2218.2,2218.2,2218.4,14,2,58
9:39:00,2218.2,2218.2,2218.4,44,22,31
9:39:01,2218.2,2218.2,2218.4,21,106,27
9:39:01,2218.2,2218.4,2218.6,36,4,42
9:39:02,2218.8,2218.6,2218.8,90,30,15
9:39:02,2218.8,2218.8,2219,85,2,23
9:39:03,2218.8,2218.6,2218.8,33,7,1
9:39:03,2218.6,2218.4,2218.8,21,40,2
9:39:04,2218.8,2218.4,2218.6,40,43,9
9:39:04,2218.4,2218.4,2218.6,15,36,19
9:39:05,2218.4,2218.2,2218.4,34,113,16
9:39:05,2218.6,2218.2,2218.4,22,113,1
9:39:06,2218.4,2218.2,2218.4,18,103,1
9:39:06,2218.4,2218.2,2218.4,21,90,7
9:39:07,2218.2,2218.2,2218.4,4,94,4
9:39:07,2218.4,2218.4,2218.6,32,57,13
9:39:08,2218.6,2218.4,2218.6,17,47,13
9:39:08,2218.6,2218.2,2218.6,63,71,1
9:39:09,2218.4,2218.2,2218.4,19,71,5
9:39:09,2218.4,2218.2,2218.4,23,63,2
9:39:10,2218.4,2218.2,2218.4,54,27,9
9:39:10,2218.2,2218.2,2218.4,30,4,10
9:39:11,2218.2,2218,2218.2,23,33,33
9:39:11,2218.2,2218,2218.2,21,19,45
9:39:12,2218,2218,2218.2,34,10,25
9:39:12,2218.2,2218,2218.2,19,5,13
9:39:13,2218,2218,2218.2,22,30,11
9:39:13,2218,2218,2218.4,40,31,20
9:39:14,2218.2,2218.2,2218.4,35,10,22
9:39:14,2218.4,2218,2218.4,16,20,14
9:39:15,2218,2218,2218.2,15,5,4
9:39:15,2218.4,2217.8,2218.4,15,38,13
9:39:16,2218.2,2218.2,2218.4,4,20,26
9:39:16,2218.2,2218.2,2218.4,14,12,28
9:39:17,2218.2,2218.2,2218.4,8,4,42
9:39:17,2218.4,2218,2218.4,8,12,57
9:39:18,2218,2218,2218.2,4,9,6
9:39:18,2218.4,2218,2218.2,7,9,10
9:39:19,2217.8,2218,2218.2,18,1,1
9:39:19,2218,2218,2218.2,14,2,11
9:39:20,2218,2218,2218.2,4,2,14
9:39:20,2218.2,2217.8,2218,14,53,1
9:39:21,2218.2,2218.2,2218.4,10,30,70
9:39:21,2218.2,2218.2,2218.4,16,33,63
9:39:22,2218.2,2218.2,2218.4,4,29,63
9:39:22,2218.2,2218.2,2218.4,16,13,66
9:39:23,2218.2,2218,2218.2,15,12,14
9:39:23,2218.2,2218,2218.2,8,11,9
9:39:24,2218.2,2218,2218.2,6,16,25
9:39:24,2218.2,2218,2218.4,27,32,48
9:39:25,2218,2217.8,2218,68,121,4
9:39:25,2218,2218,2218.2,27,32,1
9:39:26,2218,2218,2218.2,16,49,8
9:39:26,2218,2218,2218.2,2,66,10
9:39:27,2218.2,2218,2218.4,18,147,9
9:39:27,2218.2,2218.2,2218.4,14,32,4
9:39:28,2218.4,2218.4,2218.6,37,12,24
9:39:28,2218.4,2218.4,2218.8,57,64,25
9:39:29,2218.6,2218.6,2218.8,7,22,19
9:39:29,2218.6,2218.8,2219,39,1,30
9:39:30,2218.8,2218.8,2219,15,2,29
9:39:30,2218.8,2218.6,2218.8,31,11,1
9:39:31,2218.8,2218.6,2218.8,10,9,2
9:39:31,2218.6,2218.4,2218.8,19,64,23
9:39:32,2218.4,2218.4,2218.6,5,65,2
9:39:32,2219,2218.8,2219,27,8,17
9:39:33,2218.8,2218.8,2219,9,5,23
9:39:33,2218.8,2218.4,2218.8,23,63,7
9:39:34,2219,2218.8,2219,18,5,19
9:39:34,2219,2218.8,2219,8,6,15
9:39:35,2218.8,2218.6,2218.8,20,18,83
9:39:35,2218.8,2218.6,2218.8,33,1,74
9:39:36,2218.6,2218.4,2218.6,16,46,6
9:39:36,2218.8,2218.4,2218.8,12,40,66
9:39:37,2218.4,2218.4,2218.8,11,40,67
9:39:37,2218.8,2218.4,2218.8,5,41,65
9:39:38,2218.8,2218.4,2218.6,1,41,1
9:39:38,2218.8,2218.4,2218.8,25,32,59
9:39:39,2218.8,2218.6,2218.8,10,8,49
9:39:39,2218.6,2218.6,2218.8,5,8,57
9:39:40,2218.8,2218.6,2218.8,2,8,50
9:39:40,2218.8,2218.6,2218.8,16,6,37
9:39:41,2218.8,2218.6,2218.8,24,12,13
9:39:41,2218.8,2218.8,2219,23,18,23
9:39:42,2219,2219,2219.2,40,14,17
9:39:42,2219.2,2219.2,2219.4,26,8,23
9:39:43,2219.2,2219,2219.2,24,8,2
9:39:43,2219.2,2219,2219.2,36,4,3
9:39:44,2219,2219,2219.2,15,2,19
9:39:44,2219,2218.8,2219,9,2,35
9:39:45,2218.8,2218.8,2219,26,2,25
9:39:45,2219,2218.6,2218.8,10,17,11
9:39:46,2218.8,2219,2219.2,56,10,18
9:39:46,2219.2,2219,2219.2,4,9,18
9:39:47,2219,2219,2219.2,13,6,6
9:39:47,2219,2218.8,2219,7,14,7
9:39:48,2219,2219,2219.2,10,5,9
9:39:48,2219.2,2219.2,2219.4,14,3,7
9:39:49,2219.4,2219.4,2219.6,13,1,70
9:39:49,2219.4,2219.2,2219.4,27,8,42
9:39:50,2219.2,2219,2219.2,27,6,4
9:39:50,2219,2218.8,2219,26,19,1
9:39:51,2219.2,2219.2,2219.4,22,5,25
9:39:51,2219.2,2219,2219.2,20,5,3
9:39:52,2219.2,2219,2219.4,10,1,19
9:39:52,2219.2,2219,2219.4,1,2,24
9:39:53,2219.4,2219,2219.4,25,1,3
9:39:53,2219.2,2218.8,2219.2,14,23,20
9:39:54,2219.2,2218.8,2219.2,26,23,2
9:39:54,2219.2,2218.8,2219.2,4,22,2
9:39:55,2219.4,2219.4,2219.6,48,1,69
9:39:55,2219.6,2219.2,2219.6,21,27,61
9:39:56,2219.4,2219.4,2219.6,27,3,55
9:39:56,2219.6,2219.2,2219.6,19,22,40
9:39:57,2219.4,2219.4,2219.6,16,9,30
9:39:57,2219.6,2219.4,2219.6,16,3,30
9:39:58,2219.6,2219.6,2219.8,41,9,74
9:39:58,2219.4,2219.4,2219.8,15,1,72
9:39:59,2219.8,2219.2,2219.4,15,24,2
9:39:59,2219.6,2219.4,2219.6,10,3,4
9:40:00,2219.4,2219.2,2219.4,13,21,1
9:40:00,2219.4,2219.4,2219.8,69,4,49
9:40:01,2219.4,2219.4,2219.6,22,6,38
9:40:01,2219.6,2219.2,2219.4,67,20,1
9:40:02,2219.4,2219.2,2219.4,47,14,30
9:40:02,2219,2219,2219.2,35,27,17
9:40:03,2219.4,2219,2219.4,49,23,55
9:40:03,2219,2218.8,2219,49,24,51
9:40:04,2219,2218.8,2219,27,32,30
9:40:04,2218.8,2218.8,2219,56,8,43
9:40:05,2218.6,2218.6,2218.8,15,17,31
9:40:05,2218.8,2218.6,2218.8,6,12,33
9:40:06,2218.6,2218.4,2218.6,17,21,10
9:40:06,2218.6,2218.4,2218.6,21,7,55
9:40:07,2218.2,2218.2,2218.4,11,14,11
9:40:07,2218.2,2218.2,2218.4,11,9,26
9:40:08,2218.4,2218,2218.2,18,34,1
9:40:08,2218,2218,2218.2,12,31,2
9:40:09,2218,2218.2,2218.4,19,1,52
9:40:09,2218.2,2218,2218.2,51,32,12
9:40:10,2218.2,2218,2218.2,15,30,10
9:40:10,2218,2218,2218.2,20,20,2
9:40:11,2218.2,2218,2218.2,15,12,6
9:40:11,2218,2217.8,2218,12,64,23
9:40:12,2217.8,2217.8,2218,48,45,34
9:40:12,2217.6,2217.6,2217.8,60,47,1
9:40:13,2217.6,2217.6,2217.8,23,24,4
9:40:13,2217.8,2217.6,2218,13,15,37
9:40:14,2217.8,2217.8,2218,5,4,42
9:40:14,2218,2217.8,2218,23,24,57
9:40:15,2218,2217.8,2218,39,17,25
9:40:15,2218,2217.6,2218,46,25,12
9:40:16,2217.6,2217.6,2217.8,14,21,2
9:40:16,2217.6,2217.6,2217.8,4,43,1
9:40:17,2218,2217.8,2218,8,3,11
9:40:17,2218,2217.8,2218,10,7,10
9:40:18,2217.8,2217.8,2218,11,4,9
9:40:18,2217.8,2217.8,2218,11,15,11
9:40:19,2218,2217.8,2218,13,10,7
9:40:19,2217.8,2217.8,2218,10,30,2
9:40:20,2218,2218,2218.2,7,4,20
9:40:20,2218.2,2217.8,2218.2,7,32,17
9:40:21,2217.8,2218,2218.2,26,1,17
9:40:21,2218.2,2218,2218.2,21,3,10
9:40:22,2217.8,2217.8,2218,11,19,12
9:40:22,2217.8,2217.8,2218,5,16,10
9:40:23,2218,2217.8,2218,11,16,2
9:40:23,2218,2217.8,2218,4,14,1
9:40:24,2218,2218,2218.2,3,1,26
9:40:24,2217.8,2217.6,2217.8,17,47,9
9:40:25,2217.8,2217.6,2217.8,3,47,6
9:40:25,2217.6,2217.6,2217.8,3,46,8
9:40:26,2218,2218,2218.2,16,46,26
9:40:27,2218,2218,2218.2,11,35,39
9:40:27,2218,2218,2218.2,9,26,39
9:40:28,2218,2218,2218.2,1,25,39
