9:14:00,2245,2245,2245.2,219,4,1
9:15:00,2245.2,2245.2,2245.6,94,24,16
9:15:01,2245.8,2245.6,2245.8,116,13,64
9:15:01,2245.8,2245.6,2245.8,57,13,29
9:15:02,2246.2,2245.8,2246.4,107,6,5
9:15:02,2246.4,2245.8,2246.2,56,21,5
9:15:03,2246.2,2246.2,2246.8,55,38,7
9:15:03,2246.8,2246.8,2247,78,7,67
9:15:04,2247,2246.6,2247,54,1,33
9:15:04,2246.8,2246.4,2246.8,37,1,9
9:15:05,2246.8,2246.4,2246.6,26,3,6
9:15:05,2246.6,2246.2,2246.6,39,28,14
9:15:06,2246.8,2246.6,2246.8,29,1,8
9:15:06,2247,2246.8,2247,70,19,15
9:15:07,2246.8,2247,2247.6,32,2,2
9:15:07,2247.2,2247.4,2247.6,48,1,14
9:15:08,2247.6,2247.6,2247.8,33,3,8
9:15:08,2247.8,2247.8,2248,30,7,18
9:15:09,2248,2247.8,2248,19,3,7
9:15:09,2248,2247,2248,32,3,1
9:15:10,2247.8,2247.4,2247.8,55,6,59
9:15:10,2247.6,2246.8,2247.4,46,8,10
9:15:11,2246.8,2246.8,2247.2,15,11,87
9:15:11,2247,2246,2247,81,24,6
9:15:12,2246.2,2246.2,2246.6,35,1,29
9:15:12,2246.2,2246,2246.4,58,11,5
9:15:13,2246.4,2246,2246.2,8,14,8
9:15:13,2246.4,2246,2246.2,22,20,29
9:15:14,2246.2,2246,2246.2,51,1,14
9:15:14,2246,2245.6,2246,16,38,3
9:15:15,2246,2245.8,2246,3,2,5
9:15:15,2246.2,2246.2,2246.6,31,3,10
9:15:16,2246.6,2246.6,2246.8,15,3,10
9:15:16,2246.2,2246.2,2246.6,7,1,4
9:15:17,2246.2,2246,2246.2,5,27,29
9:15:17,2246,2246,2246.2,35,16,23
9:15:18,2246.2,2246,2246.2,16,8,20
9:15:18,2246,2246,2246.2,12,3,16
9:15:19,2246,2245.8,2246.2,26,1,8
9:15:19,2246,2245.6,2246,77,24,4
9:15:20,2245.6,2245.6,2245.8,13,13,28
9:15:20,2245.6,2245.4,2245.6,42,17,8
9:15:21,2245.4,2245.2,2245.4,25,34,8
9:15:21,2245.4,2245,2245.2,46,65,1
9:15:22,2245.2,2245,2245.2,14,54,1
9:15:22,2245.2,2245.2,2245.4,19,14,2
9:15:23,2245.2,2245,2245.2,21,52,6
9:15:23,2245.2,2245,2245.2,9,51,3
9:15:24,2245,2245.2,2245.4,32,22,1
9:15:24,2245.2,2245.4,2245.6,11,11,7
9:15:25,2245.4,2245.4,2245.6,10,3,13
9:15:25,2245.4,2245.2,2245.6,7,31,12
9:15:26,2245.6,2245.2,2245.4,6,33,1
9:15:26,2245.4,2245.4,2245.6,12,17,4
9:15:27,2245.2,2245.4,2245.8,26,5,6
9:15:27,2245.2,2245.4,2245.8,32,2,7
9:15:28,2246,2245.4,2246,14,2,31
9:15:28,2245.8,2245.6,2246,6,6,31
9:15:29,2245.6,2245.6,2245.8,2,14,9
9:15:29,2245.8,2245.4,2246,33,8,32
9:15:30,2245.6,2245.6,2246,2,2,31
9:15:30,2246,2245.8,2246,1,2,30
9:15:31,2245.6,2245.4,2245.6,19,12,5
9:15:31,2246,2245.6,2246,13,5,17
9:15:32,2246,2245.6,2245.8,4,25,1
9:15:32,2246,2246,2246.2,19,7,9
9:15:33,2246.2,2246.2,2246.4,17,9,8
9:15:33,2246.2,2246.2,2246.4,16,33,5
9:15:34,2246.4,2246.4,2246.6,6,17,25
9:15:34,2246.4,2246.4,2246.6,16,5,25
9:15:35,2246.6,2246.2,2246.6,9,28,24
9:15:35,2246.4,2246.4,2246.6,4,1,24
9:15:36,2246.6,2246.2,2246.4,7,24,1
9:15:36,2246.2,2246.2,2246.4,5,22,6
9:15:37,2246.4,2246.2,2246.4,3,21,13
9:15:37,2246.2,2246.2,2246.4,25,1,9
9:15:38,2246.2,2246,2246.2,7,10,2
9:15:38,2246,2245.8,2246,10,25,10
9:15:39,2245.6,2245.6,2245.8,44,15,10
9:15:39,2245.4,2245.2,2245.4,38,30,3
9:15:40,2245.2,2245.2,2245.4,25,17,20
9:15:40,2245.2,2245,2245.2,39,64,37
9:15:41,2244.8,2244.6,2244.8,104,5,3
9:15:41,2244.4,2244.2,2244.4,36,25,9
9:15:42,2244.4,2244.4,2244.8,40,30,16
9:15:42,2244.4,2244.4,2244.8,9,36,13
9:15:43,2244.4,2244.6,2244.8,27,1,10
9:15:43,2244.6,2244.4,2244.6,27,24,3
9:15:44,2244.4,2244.4,2244.6,8,18,3
9:15:44,2244.4,2244.4,2244.8,18,5,13
9:15:45,2244.6,2244.6,2244.8,6,25,12
9:15:45,2244.6,2244.6,2244.8,8,21,8
9:15:46,2244.8,2244.8,2245,27,40,3
9:15:46,2244.8,2245,2245.2,37,20,6
9:15:47,2245.2,2245,2245.2,6,31,2
9:15:47,2245.2,2245.2,2245.6,7,5,10
9:15:48,2245.2,2245.2,2245.6,12,3,10
9:15:48,2245.6,2245.2,2245.6,11,4,10
9:15:49,2245.6,2245.6,2245.8,14,21,4
9:15:49,2245.6,2245.2,2245.8,22,8,4
9:15:50,2245.8,2245.4,2245.8,7,1,5
9:15:50,2245.4,2245.2,2245.4,3,10,3
9:15:51,2245.4,2245.2,2245.4,11,2,2
9:15:51,2245.4,2245.2,2245.4,2,5,1
9:15:52,2245.4,2245.4,2245.6,7,1,5
9:15:52,2245.6,2245.2,2245.6,5,1,5
9:15:53,2245.4,2245.4,2245.6,4,3,14
9:15:53,2245.6,2245.4,2245.6,3,1,5
9:15:54,2245.6,2245.2,2245.6,3,16,8
9:15:54,2245.6,2245.2,2245.6,7,17,8
9:15:55,2245.4,2245.4,2245.6,4,5,8
9:15:55,2245.6,2245.4,2245.6,6,2,8
9:15:56,2245.8,2245.6,2245.8,10,14,10
9:15:56,2245.8,2245.6,2245.8,4,31,13
9:15:57,2245.6,2245.6,2245.8,3,29,13
9:15:57,2245.8,2245.6,2245.8,5,25,13
9:15:58,2245.8,2245.6,2245.8,22,23,13
9:15:58,2245.6,2245.4,2245.6,29,20,1
9:15:59,2245.8,2245.4,2245.8,10,15,9
9:15:59,2245.8,2245.4,2245.8,5,12,11
9:16:00,2245.6,2245.4,2245.6,3,10,1
9:16:00,2245.4,2245.4,2245.6,7,7,3
9:16:01,2245.4,2245.4,2245.6,17,5,4
9:16:01,2245.4,2245.4,2245.6,6,4,3
9:16:02,2245.6,2245.6,2245.8,9,93,38
9:16:02,2245.8,2245.6,2245.8,10,91,30
9:16:03,2246,2245.8,2246,72,23,41
9:16:03,2246,2245.8,2246,41,19,5
9:16:04,2246,2246,2246.2,9,4,21
9:16:04,2246,2246,2246.2,1,5,30
9:16:05,2246,2246,2246.2,3,18,29
9:16:05,2246,2246,2246.2,5,17,27
9:16:06,2246,2246,2246.2,4,14,26
9:16:06,2246.2,2246,2246.2,12,11,29
9:16:07,2246,2246,2246.2,6,8,27
9:16:07,2246.2,2246,2246.2,8,3,25
9:16:08,2246.2,2245.8,2246.2,17,28,23
9:16:08,2246.2,2245.8,2246.2,4,28,25
9:16:09,2246.2,2245.8,2246.2,10,28,16
9:16:09,2246.2,2246,2246.2,4,2,15
9:16:10,2246.2,2246,2246.2,4,2,12
9:16:10,2246,2246,2246.2,10,4,7
9:16:11,2246,2245.8,2246,15,27,19
9:16:11,2246,2245.8,2246,5,26,16
9:16:12,2246,2245.8,2246,21,17,8
9:16:12,2245.8,2245.8,2246,10,13,6
9:16:14,2246,2245.8,2246,2,14,11
9:16:14,2246,2245.6,2246,21,74,20
9:16:15,2245.8,2245.6,2245.8,6,75,27
9:16:16,2245.6,2245.6,2245.8,41,36,26
9:16:16,2245.4,2245.4,2245.6,41,8,4
9:16:17,2245.4,2245.2,2245.4,10,24,40
9:16:17,2245.2,2245.2,2245.4,17,9,46
9:16:18,2245,2245,2245.2,21,54,38
9:16:18,2245,2245,2245.2,11,47,33
9:16:19,2245,2245,2245.2,49,1,31
9:16:19,2245,2244.8,2245,2,23,26
9:16:20,2244.8,2244.8,2245,13,12,25
9:16:20,2245,2244.8,2245,14,7,19
9:16:21,2244.8,2244.8,2245,2,26,20
9:16:21,2245,2245,2245.2,21,16,11
9:16:22,2245,2245,2245.2,16,17,10
9:16:22,2245.2,2245,2245.2,13,16,1
9:16:23,2245,2245,2245.2,9,7,1
9:16:23,2245,2245.2,2245.4,8,1,2
9:16:24,2245.2,2245,2245.2,3,6,1
9:16:24,2245.4,2245,2245.6,3,6,3
9:16:25,2245.2,2245.4,2245.6,1,1,15
9:16:25,2245.2,2245,2245.2,5,7,2
9:16:26,2245,2245,2245.2,4,4,1
9:16:26,2245.2,2245,2245.2,3,10,2
9:16:27,2245.2,2245.2,2245.6,2,3,5
9:16:27,2245,2244.8,2245,15,31,5
9:16:28,2245.4,2245,2245.2,7,1,3
9:16:28,2245.2,2245,2245.2,1,6,2
9:16:29,2245.2,2245,2245.2,4,4,7
9:16:29,2245.2,2245.2,2245.4,8,14,1
9:16:30,2245.2,2245.2,2245.4,10,4,2
9:16:30,2245.2,2245.2,2245.4,4,18,1
9:16:31,2245.2,2245.2,2245.6,5,15,7
9:16:31,2245.2,2245.2,2245.6,1,14,7
9:16:32,2245.6,2245.2,2245.6,1,14,6
9:16:32,2245.2,2245.2,2245.6,4,11,7
9:16:33,2245.6,2245.4,2245.6,6,1,2
9:16:34,2245.6,2245.4,2245.8,2,2,28
9:16:34,2245.6,2245.4,2245.8,1,2,28
9:16:35,2245.4,2245.4,2245.8,1,4,28
9:16:36,2245.4,2245.4,2245.6,1,3,1
9:16:37,2245.4,2245.2,2245.4,3,16,4
9:16:38,2245.2,2245.2,2245.4,8,11,5
9:16:38,2245,2245,2245.4,15,24,7
9:16:39,2245.4,2245,2245.4,4,26,9
9:16:40,2245,2245,2245.2,3,24,8
9:16:41,2245.2,2245,2245.2,13,13,6
9:16:41,2245,2245,2245.2,10,3,10
9:16:42,2244.8,2244.8,2245,8,29,3
9:16:42,2245,2244.8,2245,4,28,7
9:16:43,2244.8,2244.8,2245,5,27,4
9:16:43,2244.8,2244.8,2245,8,19,4
9:16:44,2245,2244.8,2245,3,19,8
9:16:44,2245,2244.8,2245,3,18,8
9:16:45,2244.8,2244.8,2245,5,13,8
9:16:45,2244.6,2244.6,2244.8,29,44,1
9:16:46,2244.6,2244.6,2245,5,44,12
9:16:46,2244.8,2244.6,2244.8,5,42,2
9:16:47,2244.6,2244.6,2244.8,2,40,17
9:16:47,2244.8,2244.6,2244.8,25,32,10
9:16:48,2244.6,2244.6,2244.8,3,30,11
9:16:48,2244.8,2244.6,2244.8,5,26,11
9:16:49,2244.6,2244.6,2244.8,3,31,29
9:16:49,2244.8,2244.6,2244.8,2,30,32
9:16:50,2244.6,2244.6,2244.8,19,19,27
9:16:50,2244.6,2244.6,2244.8,4,17,25
9:16:51,2244.6,2244.6,2244.8,3,15,24
9:16:51,2244.6,2244.6,2244.8,11,22,24
9:16:52,2244.6,2244.6,2244.8,6,18,26
9:16:52,2244.8,2244.6,2244.8,1,19,23
9:16:53,2244.6,2244.4,2244.6,28,62,9
9:16:53,2244.6,2244.4,2244.6,9,62,3
9:16:54,2244.6,2244.4,2244.6,20,61,4
9:16:54,2244.6,2244.6,2244.8,16,29,6
9:16:55,2244.6,2244.6,2244.8,6,25,5
9:16:55,2244.8,2244.6,2244.8,6,25,21
9:16:56,2244.6,2244.6,2244.8,2,33,21
9:16:56,2244.6,2244.6,2244.8,3,30,24
9:16:57,2244.6,2244.6,2244.8,3,27,24
9:16:57,2244.6,2244.6,2244.8,5,23,29
9:16:58,2244.8,2244.6,2244.8,1,24,28
9:16:58,2244.6,2244.6,2244.8,1,33,29
9:16:59,2244.6,2244.6,2244.8,6,30,27
9:16:59,2244.8,2244.6,2244.8,4,29,25
9:17:00,2244.6,2244.6,2244.8,4,26,24
9:17:00,2244.8,2244.6,2244.8,1,26,24
9:17:01,2244.6,2244.6,2244.8,5,23,24
9:17:01,2244.8,2244.6,2244.8,2,32,23
9:17:02,2244.6,2244.6,2244.8,3,38,24
9:17:02,2244.6,2244.6,2244.8,2,37,23
9:17:03,2244.8,2244.6,2244.8,16,37,11
9:17:03,2244.8,2244.6,2244.8,4,46,12
9:17:04,2244.6,2244.6,2244.8,34,25,3
9:17:04,2244.8,2244.8,2245,5,27,21
9:17:05,2245,2244.8,2245,7,29,21
9:17:06,2245,2244.8,2245,12,39,9
9:17:06,2245,2244.8,2245,7,27,6
9:17:07,2244.8,2244.8,2245,16,14,3
9:17:07,2244.8,2244.8,2245,6,13,5
9:17:08,2245,2244.8,2245,4,12,2
9:17:08,2244.8,2244.8,2245,4,11,7
9:17:09,2244.8,2244.8,2245,2,10,7
9:17:09,2245,2244.8,2245,1,10,9
9:17:10,2244.8,2244.8,2245,6,4,9
9:17:10,2245,2244.8,2245,8,4,1
9:17:11,2244.8,2244.6,2244.8,4,33,1
9:17:11,2244.8,2244.6,2244.8,2,34,1
9:17:12,2244.8,2244.8,2245,1,4,1
9:17:12,2245.2,2244.8,2245,5,1,2
9:17:13,2245,2244.8,2245.2,3,5,7
9:17:13,2245,2244.8,2245,1,7,1
9:17:14,2244.8,2244.8,2245,1,8,2
9:17:14,2244.8,2244.8,2245.2,4,8,5
9:17:15,2244.8,2244.8,2245.2,7,1,6
9:17:15,2244.8,2244.8,2245.2,1,2,7
9:17:16,2245,2244.8,2245,1,3,8
9:17:16,2244.8,2244.8,2245,2,2,8
9:17:17,2245,2244.8,2245,2,2,8
9:17:17,2244.8,2244.8,2245,1,4,8
9:17:18,2245,2244.8,2245,2,7,10
9:17:19,2245,2244.8,2245,1,7,9
9:17:19,2244.8,2244.8,2245,4,3,9
9:17:20,2245,2244.6,2245,5,25,11
9:17:21,2244.8,2244.8,2245,4,8,8
9:17:21,2244.8,2244.8,2245,1,8,14
9:17:22,2245,2244.8,2245,3,8,11
9:17:22,2244.8,2244.8,2245,9,1,10
9:17:23,2245,2244.6,2245,4,27,12
9:17:23,2245,2244.8,2245,1,1,11
9:17:24,2245,2244.8,2245,1,1,10
9:17:24,2244.8,2244.6,2245,2,27,10
9:17:25,2244.6,2244.6,2245,1,26,10
9:17:25,2245,2244.6,2245,1,28,10
9:17:26,2244.6,2244.6,2244.8,1,28,1
9:17:27,2244.6,2244.6,2244.8,2,26,5
9:17:27,2244.8,2244.6,2244.8,1,27,4
9:17:28,2244.6,2244.6,2244.8,5,26,22
9:17:28,2244.6,2244.4,2244.6,28,32,8
9:17:29,2244.2,2244.2,2244.4,48,6,1
9:17:29,2244.4,2244.2,2244.4,1,6,5
9:17:30,2244.2,2244,2244.2,6,25,2
9:17:30,2244,2243.8,2244,33,19,3
9:17:31,2244,2244,2244.4,12,3,7
9:17:31,2243.8,2243.8,2244,18,15,4
9:17:32,2243.8,2243.8,2244,20,13,1
9:17:32,2243.8,2243.8,2244.4,12,9,4
9:17:33,2243.8,2243.8,2244.4,8,13,9
9:17:33,2243.8,2244.2,2244.4,5,7,9
9:17:34,2244,2244,2244.4,16,3,6
9:17:34,2244,2244,2244.4,5,1,6
9:17:35,2244,2243.8,2244,5,16,7
9:17:35,2244,2243.8,2244,2,17,8
9:17:36,2243.8,2243.8,2244,4,9,5
9:17:36,2243.8,2243.6,2244,12,24,3
9:17:37,2244,2243.6,2244,5,23,2
9:17:37,2243.8,2243.6,2243.8,6,20,7
9:17:38,2243.6,2243.6,2243.8,7,18,3
9:17:38,2243.8,2243.6,2243.8,10,13,5
9:17:39,2243.4,2243.4,2243.8,16,17,6
9:17:39,2243.4,2243.4,2243.6,9,10,7
9:17:40,2243.4,2243.4,2243.6,23,2,2
9:17:40,2243.6,2243.2,2243.4,8,22,9
9:17:41,2243.4,2243.2,2243.4,7,24,13
9:17:41,2243.2,2243.2,2243.4,23,1,15
9:17:42,2243.2,2243,2243.2,3,225,7
9:17:42,2243,2243,2243.2,35,209,15
9:17:43,2243,2243.2,2243.4,35,8,18
9:17:43,2243.2,2243,2243.4,22,210,29
9:17:44,2243,2243.2,2243.4,37,3,27
9:17:44,2243,2243,2243.2,15,181,1
9:17:45,2243.2,2243,2243.4,9,176,34
9:17:45,2243.4,2243.2,2243.4,12,8,36
9:17:46,2243,2243.2,2243.4,11,1,40
9:17:46,2243.2,2243.2,2243.4,10,1,32
9:17:47,2243.4,2243.2,2243.4,8,1,31
9:17:47,2243.2,2243,2243.2,4,177,3
9:17:48,2243,2243,2243.4,16,177,25
9:17:48,2243.4,2243,2243.4,10,175,23
9:17:49,2243,2243,2243.2,84,99,3
9:17:49,2243.2,2243,2243.2,7,98,1
9:17:50,2243,2243,2243.2,17,83,10
9:17:50,2243,2243,2243.4,47,75,16
9:17:51,2243,2243,2243.2,18,66,3
9:17:51,2243.2,2243,2243.2,4,64,11
9:17:52,2243,2243,2243.2,5,62,9
9:17:52,2243.2,2243,2243.2,32,38,3
9:17:53,2243,2243,2243.2,7,39,1
9:17:53,2243.2,2243,2243.4,3,37,10
9:17:54,2243.2,2243,2243.4,3,44,10
9:17:54,2243.4,2243.2,2243.4,6,33,8
9:17:55,2243.4,2243.2,2243.4,4,47,7
9:17:55,2243.2,2243.4,2243.6,10,2,24
9:17:56,2243.4,2243.4,2243.6,5,18,35
9:17:56,2243.4,2243.4,2243.6,1,19,35
9:17:57,2243.4,2243.4,2243.6,5,25,40
9:17:57,2243.4,2243.4,2243.6,1,19,44
9:17:58,2243.4,2243.4,2243.6,5,6,48
9:17:58,2243.6,2243.4,2243.6,4,7,44
9:17:59,2243.4,2243.4,2243.6,2,25,45
9:17:59,2243.4,2243.4,2243.6,2,29,45
9:18:00,2243.4,2243.4,2243.6,7,22,45
9:18:00,2243.4,2243.4,2243.6,14,13,42
9:18:01,2243.4,2243.4,2243.6,4,11,41
9:18:01,2243.2,2243.4,2243.6,16,1,39
9:18:02,2243.4,2243.2,2243.6,6,26,38
9:18:02,2243.2,2243.2,2243.4,8,18,3
9:18:03,2243.2,2243.2,2243.4,2,16,22
9:18:03,2243.2,2243.2,2243.4,21,1,11
9:18:04,2243,2243,2243.2,5,45,1
9:18:04,2243,2243,2243.4,8,40,16
9:18:05,2243,2243,2243.4,17,37,9
9:18:05,2243,2243,2243.4,13,24,8
9:18:06,2243.4,2243,2243.4,17,10,8
9:18:06,2243,2243,2243.4,4,6,33
9:18:07,2243.2,2243,2243.4,10,25,30
9:18:07,2243,2243,2243.2,12,13,4
9:18:08,2243.4,2243,2243.4,23,11,15
9:18:08,2243,2243,2243.2,6,11,1
9:18:09,2243.4,2243.2,2243.4,14,1,12
9:18:09,2243.4,2243.2,2243.4,1,1,11
9:18:10,2243.2,2243.2,2243.4,2,10,11
9:18:10,2243.2,2243.2,2243.4,1,19,13
9:18:11,2243.2,2243.2,2243.4,4,41,14
9:18:11,2243.4,2243.2,2243.4,10,41,7
9:18:12,2243.4,2243.2,2243.4,25,18,1
9:18:12,2243.2,2243.4,2243.6,7,1,28
9:18:13,2243.4,2243.2,2243.6,3,18,28
9:18:13,2243.4,2243.2,2243.4,3,17,12
9:18:14,2243.4,2243.2,2243.4,4,16,10
9:18:15,2243.2,2243.2,2243.4,17,12,3
9:18:15,2243.4,2243.2,2243.4,4,11,2
9:18:16,2243.4,2243.4,2243.6,5,2,33
9:18:16,2243.6,2243.6,2243.8,41,16,26
9:18:17,2243.6,2243.6,2243.8,12,5,25
9:18:17,2243.6,2243.4,2243.6,8,5,1
9:18:18,2244,2243.8,2244,26,75,14
9:18:18,2244,2244,2244.2,16,18,16
9:18:19,2244.2,2244,2244.2,12,3,8
9:18:19,2244.2,2244.2,2244.4,10,1,4
9:18:20,2244.4,2243.8,2244.4,12,73,7
9:18:20,2243.8,2244,2244.2,16,3,3
9:18:21,2244.2,2244,2244.4,6,4,33
9:18:21,2244,2243.8,2244.2,10,67,8
9:18:22,2243.8,2243.8,2244.2,5,64,8
9:18:23,2244.2,2243.8,2244.2,2,64,15
9:18:24,2244.2,2243.8,2244,3,64,3
9:18:24,2244,2243.8,2244,6,61,1
9:18:25,2244,2244,2244.2,4,1,13
9:18:26,2244.2,2244,2244.2,6,5,15
9:18:27,2244,2244,2244.2,23,5,2
9:18:27,2244.2,2244,2244.2,2,24,1
9:18:28,2244.4,2244.2,2244.4,4,17,15
9:18:28,2244.2,2244.2,2244.4,4,13,12
9:18:29,2244.4,2244.2,2244.4,3,11,11
9:18:29,2244.4,2244.4,2244.6,11,3,15
9:18:30,2244.4,2244.2,2244.4,5,22,1
9:18:30,2244.6,2244.6,2244.8,18,8,6
9:18:31,2244.6,2244.6,2244.8,5,3,6
9:18:31,2244.6,2244.6,2244.8,3,2,10
9:18:32,2244.8,2244.6,2244.8,5,4,26
9:18:32,2244.8,2244.4,2244.6,14,2,1
9:18:33,2244.6,2244.4,2244.6,4,1,2
9:18:33,2244.6,2244.4,2244.6,2,4,1
9:18:34,2244.4,2244.2,2244.4,8,11,1
9:18:34,2244.4,2244.6,2244.8,3,8,21
9:18:35,2244.6,2244.6,2244.8,8,4,24
9:18:35,2244.6,2244.6,2244.8,3,1,24
9:18:36,2244.8,2244.6,2244.8,3,20,15
9:18:36,2244.8,2244.6,2244.8,9,14,12
9:18:37,2244.8,2244.6,2244.8,12,3,13
9:18:37,2244.8,2244.4,2244.6,5,6,5
9:18:38,2244.6,2244.4,2244.6,4,6,3
9:18:39,2244.8,2244.4,2244.6,4,9,6
9:18:39,2244.6,2244.4,2244.6,2,8,5
9:18:40,2244.4,2244.4,2244.6,5,5,2
9:18:40,2244.4,2244.4,2244.6,2,4,5
9:18:41,2244.4,2244.4,2244.6,1,5,6
9:18:41,2244.2,2244,2244.6,11,46,9
9:18:43,2244.4,2244.2,2244.6,4,1,16
9:18:43,2244.6,2244,2244.6,25,44,1
9:18:44,2244.6,2244.2,2244.4,1,9,1
9:18:45,2244.6,2244.6,2244.8,2,1,25
9:18:45,2244.2,2244.2,2244.6,5,6,4
9:18:46,2244.6,2244.2,2244.6,1,6,5
9:18:47,2244.6,2244.4,2244.6,1,3,18
9:18:48,2244.4,2244.2,2244.4,5,7,10
9:18:48,2244.6,2244.6,2244.8,32,19,35
9:18:49,2244.6,2244.6,2244.8,3,21,35
9:18:49,2244.6,2244.6,2244.8,8,14,31
9:18:50,2244.8,2244.6,2244.8,1,14,30
9:18:50,2244.8,2244.6,2244.8,6,13,25
9:18:51,2244.6,2244.6,2244.8,2,12,24
9:18:51,2244.8,2244.6,2244.8,3,17,23
9:18:52,2244.8,2244.6,2244.8,3,18,20
9:18:52,2244.6,2244.6,2244.8,8,10,21
9:18:53,2244.8,2244.6,2244.8,7,10,14
9:18:54,2244.8,2244.6,2244.8,1,11,14
9:18:54,2244.6,2244.6,2244.8,1,11,14
9:18:55,2244.6,2244.6,2245,30,3,80
9:18:55,2244.6,2244.4,2244.6,3,2,12
9:18:56,2244.4,2244.4,2244.6,1,7,16
9:18:56,2244.6,2244.4,2244.6,2,7,14
9:18:57,2244.6,2244.4,2244.6,1,7,13
9:18:57,2244.6,2244.4,2244.6,10,9,4
9:18:58,2244.6,2244.4,2244.6,1,9,3
9:18:58,2244.4,2244.2,2244.4,9,10,43
9:18:59,2244.4,2244.2,2244.4,3,10,40
9:18:59,2244.2,2244.2,2244.4,1,9,40
9:19:00,2244.4,2244.2,2244.4,5,5,39
9:19:00,2244.4,2244,2244.4,7,51,38
9:19:02,2243.8,2243.8,2244,57,61,1
9:19:02,2243.8,2243.8,2244.2,20,51,3
9:19:03,2244.2,2244,2244.2,1,5,3
9:19:04,2243.8,2243.8,2244.2,21,36,3
9:19:05,2243.8,2244,2244.2,2,7,3
9:19:05,2243.8,2244,2244.2,6,1,3
9:19:06,2244.2,2243.8,2244.2,2,33,2
9:19:07,2244.2,2244.2,2244.4,5,2,39
9:19:07,2244.2,2243.8,2244.4,2,32,39
9:19:08,2243.8,2243.8,2244.4,1,31,39
9:19:09,2244.4,2244.2,2244.4,3,8,37
9:19:09,2244.2,2244.2,2244.4,1,7,37
9:19:10,2243.8,2243.8,2244.4,17,25,36
9:19:11,2244.2,2244,2244.4,6,5,36
9:19:12,2244,2244,2244.2,3,2,2
9:19:13,2244,2243.8,2244,3,26,10
9:19:13,2243.8,2243.8,2244,2,24,10
9:19:14,2243.8,2243.8,2244,1,23,14
9:19:15,2243.8,2243.8,2244,10,13,14
9:19:15,2243.8,2243.8,2244,9,8,11
9:19:16,2243.8,2243.8,2244,1,7,12
9:19:16,2243.8,2243.8,2244,1,8,12
9:19:17,2244,2243.8,2244,3,6,11
9:19:17,2244,2243.8,2244,2,5,10
9:19:18,2243.8,2243.8,2244,3,3,10
9:19:18,2243.8,2243.6,2243.8,3,12,1
9:19:19,2243.8,2243.6,2244,1,19,11
9:19:20,2244,2243.8,2244,2,3,11
9:19:21,2243.8,2243.8,2244,2,1,11
9:19:21,2244,2243.6,2244,9,24,7
9:19:22,2244,2243.6,2244,2,24,5
9:19:22,2243.6,2243.6,2244,2,28,5
9:19:23,2243.6,2243.6,2244,1,33,5
9:19:24,2243.6,2243.8,2244,1,20,5
9:19:24,2243.6,2243.8,2244,1,19,5
9:19:25,2243.8,2243.8,2244,2,19,11
9:19:26,2243.8,2243.8,2244,12,17,2
9:19:27,2243.8,2243.8,2244,4,16,2
9:19:27,2244,2243.8,2244.2,3,15,17
9:19:28,2243.8,2243.8,2244,7,8,6
9:19:29,2244,2243.8,2244,1,8,5
9:19:30,2244,2243.8,2244,1,23,5
9:19:31,2243.8,2243.8,2244,2,26,5
9:19:32,2243.8,2243.8,2244,3,26,5
9:19:32,2244,2243.8,2244,3,26,2
9:19:33,2244,2244,2244.2,17,6,18
9:19:33,2244,2244,2244.2,3,3,18
9:19:34,2244,2244,2244.2,1,3,18
9:19:35,2244,2244,2244.2,1,8,30
9:19:35,2244,2244,2244.2,2,7,30
9:19:36,2244,2244,2244.2,2,5,30
9:19:36,2244.2,2244,2244.2,3,5,27
9:19:38,2244,2244,2244.2,1,16,28
9:19:39,2244,2244,2244.2,4,18,25
9:19:39,2244.2,2244,2244.2,1,18,25
9:19:40,2244.2,2244,2244.2,3,17,23
9:19:40,2244,2244,2244.2,1,17,23
9:19:41,2244,2244,2244.2,2,16,23
9:19:42,2244,2244,2244.2,1,15,23
9:19:43,2244,2244,2244.2,1,30,24
9:19:44,2244.2,2244,2244.2,1,31,22
9:19:44,2244,2244,2244.2,4,26,21
9:19:45,2244,2244,2244.2,6,25,20
9:19:45,2244.2,2244,2244.2,2,25,18
9:19:46,2244,2244,2244.2,1,24,18
9:19:46,2244.2,2244,2244.2,23,6,15
9:19:47,2244,2244,2244.2,2,5,15
9:19:47,2244,2244,2244.2,5,1,15
9:19:48,2244.2,2244,2244.2,1,1,14
9:19:48,2244,2243.8,2244,1,25,10
9:19:49,2244,2243.8,2244,2,24,15
9:19:50,2244,2243.8,2244,1,25,15
9:19:50,2244,2244,2244.2,15,15,15
9:19:51,2244.2,2244,2244.2,3,13,14
9:19:52,2244.2,2244,2244.2,1,13,14
9:19:53,2244.2,2244,2244.2,5,29,9
9:19:53,2244,2244,2244.2,1,29,11
9:19:54,2244,2244,2244.2,1,29,11
9:19:54,2244,2244,2244.2,2,29,10
9:19:55,2244,2244,2244.2,2,30,10
9:19:56,2244.2,2244,2244.2,1,30,9
9:19:57,2244,2244,2244.2,2,28,9
9:19:58,2244,2243.8,2244,12,50,4
9:19:58,2244,2243.8,2244,3,50,1
9:19:59,2243.8,2243.8,2244.2,2,49,11
9:19:59,2244.2,2243.8,2244.2,2,49,9
9:20:00,2244.2,2244,2244.2,1,3,8
9:20:00,2244.2,2243.8,2244.2,19,36,5
9:20:01,2244,2244,2244.2,16,3,3
9:20:01,2244,2244,2244.2,5,7,2
9:20:02,2244,2244,2244.2,4,3,2
9:20:02,2244,2244,2244.2,2,2,2
9:20:03,2244.2,2244,2244.2,2,13,1
9:20:03,2244,2244,2244.4,3,11,67
9:20:04,2244,2243.8,2244,16,38,37
9:20:04,2244,2243.8,2244,5,39,33
9:20:05,2243.8,2243.8,2244,8,37,28
9:20:05,2244,2243.8,2244,6,37,22
9:20:06,2244,2243.8,2244,12,31,16
9:20:06,2243.8,2243.8,2244,6,29,13
9:20:07,2244,2243.8,2244,7,25,11
9:20:07,2243.8,2243.8,2244,27,4,6
9:20:08,2243.8,2243.8,2244,3,3,5
9:20:08,2244.2,2243.8,2244,11,2,1
9:20:09,2244,2243.8,2244.2,2,1,11
9:20:09,2243.8,2243.6,2243.8,1,33,1
9:20:11,2243.6,2243.6,2243.8,2,31,21
9:20:12,2243.8,2243.6,2243.8,7,25,20
9:20:12,2243.6,2243.6,2243.8,5,21,19
9:20:13,2243.6,2243.6,2243.8,2,20,18
9:20:13,2243.6,2243.6,2243.8,6,16,30
9:20:14,2243.6,2243.6,2243.8,8,10,28
9:20:14,2243.8,2243.6,2243.8,3,10,26
9:20:15,2243.6,2243.6,2243.8,11,3,23
9:20:15,2243.6,2243.4,2243.6,4,34,26
9:20:16,2243.6,2243.4,2243.6,12,34,15
9:20:17,2243.6,2243.4,2243.6,9,30,14
9:20:17,2243.6,2243.4,2243.6,2,30,13
9:20:18,2243.4,2243.4,2243.6,1,29,13
9:20:18,2243.4,2243.4,2243.6,2,28,12
9:20:19,2243.6,2243.4,2243.6,11,19,11
9:20:19,2243.4,2243.4,2243.6,3,17,11
9:20:20,2243.4,2243.2,2243.4,18,26,23
9:20:20,2243.2,2243.2,2243.4,12,20,31
9:20:21,2243.2,2243,2243.4,23,52,32
9:20:21,2243.2,2243,2243.2,5,50,4
9:20:22,2243,2243,2243.4,14,43,35
9:20:22,2243,2243,2243.4,15,53,25
9:20:23,2243.2,2243,2243.2,23,34,1
9:20:23,2243,2243,2243.4,11,23,26
9:20:24,2243.2,2243.2,2243.4,2,1,32
9:20:24,2243.4,2243,2243.2,14,12,2
9:20:25,2243.2,2243,2243.2,7,17,12
9:20:26,2243.4,2243.2,2243.4,17,28,21
9:20:26,2243.2,2243.2,2243.4,4,27,20
9:20:27,2243.2,2243.2,2243.4,6,27,16
9:20:27,2243.2,2243.2,2243.4,2,27,16
9:20:28,2243.2,2243.2,2243.4,10,20,13
9:20:28,2243.2,2243.2,2243.4,14,16,5
9:20:29,2243.4,2243.4,2243.6,7,1,18
9:20:30,2243.2,2243.2,2243.4,4,23,1
9:20:31,2243.4,2243.2,2243.6,1,28,18
9:20:31,2243.2,2243.2,2243.6,4,25,17
9:20:32,2243.2,2243.2,2243.6,3,23,17
9:20:32,2243.4,2243.4,2243.6,16,4,16
9:20:33,2243.4,2243.4,2243.6,3,5,16
9:20:34,2243.2,2243.2,2243.6,11,27,16
9:20:34,2243.2,2243.2,2243.6,4,24,17
9:20:36,2243.2,2243.2,2243.6,5,21,16
9:20:36,2243.2,2243.2,2243.4,1,20,7
9:20:37,2243.2,2243.2,2243.4,5,16,8
9:20:37,2243.4,2243.4,2243.6,11,17,28
9:20:38,2243.2,2243.2,2243.4,26,4,1
9:20:38,2243.2,2243.2,2243.4,1,3,1
9:20:39,2243.2,2243.2,2243.4,2,4,11
9:20:39,2243.2,2243.2,2243.4,8,1,6
9:20:40,2243.4,2243.2,2243.4,5,2,1
9:20:40,2243.2,2243.2,2243.4,1,8,4
9:20:41,2243.2,2243.2,2243.4,3,5,3
9:20:41,2243.4,2243.2,2243.4,1,11,3
9:20:42,2243.2,2243.2,2243.4,4,7,3
9:20:42,2243.2,2243.2,2243.4,3,15,3
9:20:43,2243.2,2243,2243.2,58,49,4
9:20:43,2243.2,2243,2243.2,3,49,1
9:20:44,2243.2,2243.2,2243.4,6,13,1
9:20:44,2243,2242.8,2243,62,24,39
9:20:45,2243,2242.8,2243,2,24,37
9:20:45,2242.8,2242.6,2242.8,26,23,20
9:20:46,2242.6,2242.6,2242.8,15,14,22
9:20:46,2242.8,2242.8,2243,34,11,43
9:20:47,2242.6,2242.8,2243,14,4,51
9:20:47,2242.6,2242.8,2243,8,4,48
9:20:48,2242.8,2242.6,2242.8,9,23,16
9:20:48,2242.8,2242.6,2242.8,4,23,18
9:20:49,2242.6,2242.6,2242.8,3,24,17
9:20:49,2242.8,2242.8,2243,17,28,48
9:20:50,2242.8,2242.8,2243,8,27,46
9:20:50,2242.8,2242.8,2243,5,30,43
9:20:51,2243,2242.8,2243,3,35,41
9:20:51,2242.8,2242.8,2243,13,31,32
9:20:52,2243,2242.8,2243,25,34,9
9:20:52,2243,2243,2243.2,12,51,23
9:20:53,2243,2243,2243.2,20,43,14
9:20:53,2243.2,2243.2,2243.4,31,10,5
9:20:54,2243.2,2243.2,2243.4,4,9,2
9:20:54,2243.2,2243.2,2243.4,4,6,1
9:20:55,2243.4,2243.2,2243.6,2,10,32
9:20:55,2243.2,2243.2,2243.4,1,9,2
9:20:56,2243.4,2243.2,2243.4,3,8,10
9:20:56,2243.4,2243.2,2243.4,2,9,9
9:20:58,2243.2,2243.2,2243.4,1,11,11
9:20:58,2243.4,2243.2,2243.4,1,12,10
9:20:59,2243.4,2243.2,2243.4,6,14,7
9:20:59,2243.2,2243.2,2243.4,1,13,8
9:21:00,2243.2,2243.2,2243.4,4,9,10
9:21:01,2243.2,2243.2,2243.4,4,6,9
9:21:01,2243,2243,2243.2,8,21,7
9:21:02,2243.2,2243,2243.2,8,15,7
9:21:02,2243.2,2243,2243.2,2,13,8
9:21:03,2243,2243,2243.2,4,9,8
9:21:03,2242.8,2243,2243.2,12,1,8
9:21:04,2243,2242.8,2243,1,32,1
9:21:04,2243,2243,2243.2,1,2,8
9:21:05,2243,2242.8,2243.2,5,35,8
9:21:05,2243,2243,2243.2,1,2,11
9:21:06,2243,2242.8,2243,2,38,1
9:21:07,2243,2243,2243.2,1,7,15
9:21:07,2243,2243,2243.2,2,5,15
9:21:08,2243,2243,2243.2,2,4,14
9:21:09,2243.2,2243,2243.2,2,5,12
9:21:09,2243,2242.8,2243,6,39,38
9:21:10,2242.8,2242.8,2243,1,38,38
9:21:10,2242.8,2242.8,2243,3,37,37
9:21:11,2242.8,2242.8,2243,9,32,37
9:21:11,2242.8,2242.8,2243,12,32,26
9:21:12,2242.8,2242.8,2243,7,29,22
9:21:12,2242.8,2242.8,2243,4,25,22
9:21:13,2242.8,2242.8,2243,1,24,22
9:21:13,2242.8,2242.8,2243,1,25,22
9:21:15,2242.8,2242.8,2243,2,24,26
9:21:15,2242.8,2242.8,2243,6,22,23
9:21:16,2242.8,2242.8,2243,2,21,22
9:21:17,2243,2242.8,2243,7,27,18
9:21:17,2243,2242.8,2243,4,27,18
9:21:18,2242.8,2242.8,2243,6,23,18
9:21:18,2243,2242.8,2243,6,24,12
9:21:19,2242.8,2242.8,2243,4,20,12
9:21:19,2242.8,2242.8,2243,4,18,11
9:21:20,2243,2242.8,2243,19,8,3
9:21:20,2243,2242.8,2243,2,9,3
9:21:21,2243,2243,2243.2,5,7,30
9:21:22,2243,2242.8,2243,11,10,7
9:21:22,2242.8,2242.8,2243,8,8,3
9:21:23,2242.8,2242.8,2243,11,2,3
9:21:23,2242.8,2242.6,2243,2,35,4
9:21:24,2242.8,2242.6,2242.8,1,35,1
9:21:24,2243,2242.6,2243,3,35,18
9:21:25,2242.8,2242.6,2242.8,4,34,14
9:21:26,2242.8,2242.6,2242.8,4,35,13
9:21:26,2242.8,2242.6,2242.8,3,33,17
9:21:27,2242.6,2242.6,2242.8,8,28,22
9:21:28,2242.6,2242.6,2242.8,12,18,21
9:21:28,2242.6,2242.6,2242.8,6,19,17
9:21:29,2243,2242.6,2243,27,14,19
9:21:29,2243,2242.6,2242.8,13,12,1
9:21:30,2242.6,2242.6,2243,14,7,10
9:21:30,2242.8,2242.6,2243,1,8,10
9:21:31,2243,2242.6,2243,8,8,23
9:21:31,2243,2242.6,2242.8,1,8,1
9:21:32,2242.8,2242.8,2243,1,2,35
9:21:32,2242.6,2242.6,2242.8,6,6,7
9:21:33,2242.8,2242.6,2242.8,8,9,3
9:21:33,2242.8,2242.6,2242.8,3,7,2
9:21:34,2242.8,2242.6,2242.8,1,10,1
9:21:34,2242.8,2242.8,2243,3,1,47
9:21:35,2242.8,2242.6,2242.8,2,14,4
9:21:35,2242.8,2242.8,2243,5,2,48
9:21:36,2242.8,2242.6,2242.8,2,16,4
9:21:36,2242.8,2242.6,2242.8,1,19,3
9:21:37,2242.6,2242.6,2242.8,1,18,4
9:21:37,2242.8,2242.6,2242.8,2,17,7
9:21:38,2242.8,2242.6,2242.8,2,16,7
9:21:38,2242.8,2242.6,2242.8,1,17,6
9:21:39,2242.8,2242.6,2242.8,8,13,3
9:21:39,2242.8,2242.6,2242.8,3,13,3
9:21:40,2242.8,2242.6,2243,8,16,51
9:21:40,2242.8,2242.8,2243,1,3,52
9:21:41,2242.8,2242.8,2243,1,12,53
9:21:42,2242.8,2242.8,2243,4,12,55
9:21:42,2243,2242.8,2243,10,12,46
9:21:44,2243,2242.8,2243,2,16,45
9:21:44,2242.8,2242.8,2243,6,12,46
9:21:45,2243,2242.8,2243,4,22,42
9:21:47,2243,2242.8,2243,20,30,22
9:21:48,2243,2242.8,2243,4,33,19
9:21:48,2243,2242.8,2243,8,32,12
9:21:49,2243.2,2243,2243.2,14,3,31
9:21:49,2243,2242.8,2243,21,25,11
9:21:50,2243,2242.8,2243,5,25,10
9:21:50,2243,2242.8,2243,3,27,6
9:21:51,2243,2243,2243.2,9,1,31
9:21:51,2243,2243,2243.2,2,1,30
9:21:52,2243,2243,2243.2,3,12,29
9:21:53,2243,2243,2243.2,2,10,31
9:21:54,2243.2,2243,2243.2,8,10,22
9:21:54,2243.2,2243,2243.2,5,10,17
9:21:55,2243,2243,2243.2,2,8,28
9:21:55,2243,2243,2243.2,2,7,28
9:21:56,2243.2,2243,2243.2,15,4,20
9:21:56,2243,2243,2243.2,2,2,29
9:21:57,2243,2243,2243.2,1,1,29
9:21:57,2243,2242.8,2243.2,3,34,28
9:21:58,2243.2,2242.8,2243,22,36,1
9:21:59,2243.2,2243,2243.2,1,2,6
9:22:00,2243.2,2243,2243.2,9,15,4
9:22:00,2243.2,2243.2,2243.4,5,10,28
9:22:01,2243.2,2243.2,2243.4,10,5,24
9:22:01,2243.4,2243.2,2243.4,2,10,23
9:22:02,2243.2,2243.2,2243.4,6,5,23
9:22:02,2243.4,2243.2,2243.4,7,4,22
9:22:03,2243.4,2243.2,2243.4,2,10,20
9:22:03,2243.4,2243.2,2243.4,8,10,14
9:22:04,2243.2,2243.2,2243.4,4,10,12
9:22:04,2243.4,2243.2,2243.4,3,21,9
9:22:05,2243.4,2243.4,2243.6,9,19,23
9:22:06,2243.4,2243.4,2243.6,1,19,26
9:22:07,2243.6,2243.4,2243.6,5,19,21
9:22:07,2243.4,2243.4,2243.6,1,18,21
9:22:08,2243.6,2243.4,2243.6,2,19,20
9:22:08,2243.6,2243.4,2243.6,17,20,3
9:22:09,2243.6,2243.6,2243.8,3,3,70
9:22:09,2243.6,2243.4,2243.6,10,20,28
9:22:10,2243.6,2243.4,2243.6,12,21,16
9:22:10,2243.6,2243.4,2243.6,4,21,13
9:22:11,2243.4,2243.4,2243.6,6,20,12
9:22:12,2243.6,2243.4,2243.6,1,20,12
9:22:12,2243.8,2243.6,2243.8,19,13,56
9:22:13,2243.8,2243.6,2243.8,6,14,50
9:22:13,2243.8,2243.6,2243.8,1,16,49
9:22:14,2243.8,2243.6,2243.8,1,16,48
9:22:14,2243.8,2243.6,2243.8,3,14,47
9:22:15,2243.8,2243.6,2243.8,6,12,43
9:22:15,2243.8,2243.6,2243.8,7,12,41
9:22:16,2243.8,2243.6,2243.8,18,12,24
9:22:16,2243.8,2243.6,2243.8,12,12,12
9:22:17,2243.8,2243.8,2244,14,4,32
9:22:17,2244,2243.8,2244,3,6,29
9:22:18,2244,2243.8,2244,8,6,21
9:22:18,2243.8,2243.8,2244,5,5,19
9:22:19,2244,2244,2244.2,19,7,13
9:22:19,2244.2,2244,2244.2,4,8,10
9:22:20,2244.2,2244,2244.2,5,7,32
9:22:20,2244,2243.8,2244,12,7,32
9:22:21,2243.8,2243.6,2243.8,19,14,4
9:22:21,2244,2243.6,2244,7,14,41
9:22:22,2244,2243.8,2244,31,2,11
9:22:22,2244,2243.8,2244,7,1,5
9:22:23,2244,2244,2244.2,5,1,31
9:22:23,2244,2244,2244.2,1,1,31
9:22:24,2244,2243.8,2244,1,2,2
9:22:24,2244,2243.8,2244,1,3,1
9:22:25,2244,2243.8,2244,1,4,5
9:22:26,2244,2243.8,2244,2,5,12
9:22:26,2244,2243.8,2244,3,4,13
9:22:27,2244,2243.8,2244,5,1,13
9:22:27,2244,2243.8,2244,2,1,16
9:22:28,2243.8,2243.6,2243.8,2,25,2
9:22:28,2243.8,2243.6,2243.8,1,26,6
9:22:29,2243.8,2243.6,2243.8,1,26,5
9:22:29,2243.8,2243.6,2243.8,1,26,4
9:22:30,2243.8,2243.6,2243.8,3,26,1
9:22:30,2243.8,2243.6,2243.8,1,26,2
9:22:31,2243.6,2243.6,2243.8,14,12,4
9:22:32,2243.6,2243.6,2243.8,1,11,11
9:22:33,2243.6,2243.6,2243.8,4,7,12
9:22:33,2243.6,2243.6,2243.8,4,4,12
9:22:35,2243.8,2243.6,2243.8,2,4,14
9:22:36,2243.8,2243.6,2243.8,2,5,12
9:22:37,2243.6,2243.6,2243.8,7,5,7
9:22:38,2244,2243.6,2244,11,8,54
9:22:38,2243.8,2243.6,2244,1,9,54
9:22:40,2243.6,2243.6,2243.8,1,16,2
9:22:42,2243.8,2243.6,2243.8,1,14,6
9:22:42,2243.8,2243.6,2243.8,1,14,7
9:22:43,2243.6,2243.6,2243.8,1,15,9
9:22:44,2243.6,2243.6,2243.8,1,16,9
9:22:45,2243.8,2243.6,2243.8,1,17,31
9:22:46,2243.6,2243.6,2243.8,1,16,32
9:22:46,2243.6,2243.4,2243.6,18,37,6
9:22:47,2243.6,2243.6,2243.8,8,2,33
9:22:48,2243.6,2243.6,2243.8,3,3,32
9:22:49,2243.6,2243.6,2243.8,1,8,32
9:22:49,2243.8,2243.6,2243.8,3,8,29
9:22:50,2243.6,2243.6,2243.8,1,10,30
9:22:51,2243.6,2243.6,2243.8,2,12,30
9:22:51,2243.6,2243.6,2243.8,1,12,29
9:22:53,2243.8,2243.6,2243.8,1,23,29
9:22:53,2243.8,2243.6,2244,29,25,61
9:22:54,2244,2243.6,2244,1,25,60
9:22:54,2243.8,2243.8,2244,1,3,63
9:22:55,2243.8,2243.8,2244,7,8,64
9:22:56,2244,2243.8,2244,13,3,59
9:22:56,2243.8,2243.8,2244,1,2,59
9:22:57,2244,2243.8,2244,7,3,52
9:22:58,2244,2243.8,2244,1,3,51
9:22:58,2244,2243.8,2244,10,3,41
9:22:59,2243.8,2243.8,2244,8,3,34
9:22:59,2244,2243.8,2244,3,10,31
9:23:00,2244,2244,2244.2,34,5,43
9:23:00,2244,2243.8,2244,6,10,12
9:23:01,2243.8,2243.6,2243.8,12,24,6
9:23:01,2243.8,2243.6,2243.8,9,18,5
9:23:02,2243.8,2243.6,2243.8,5,18,1
9:23:02,2243.6,2243.6,2243.8,3,14,1
9:23:03,2243.6,2243.6,2243.8,3,11,1
9:23:03,2244,2243.6,2244,5,17,5
9:23:04,2244,2243.8,2244,2,4,5
9:23:04,2243.8,2243.6,2244,5,17,5
9:23:06,2243.8,2243.6,2244,1,18,10
9:23:06,2244,2243.6,2243.8,1,18,6
9:23:07,2244,2243.6,2243.8,2,18,4
9:23:07,2244,2243.6,2243.8,1,18,3
9:23:08,2243.8,2243.6,2243.8,2,17,3
9:23:08,2243.8,2243.6,2243.8,1,18,3
9:23:09,2243.8,2243.6,2243.8,1,19,2
9:23:11,2243.8,2243.6,2244,2,21,17
9:23:12,2243.8,2243.6,2243.8,1,22,1
9:23:13,2243.8,2243.6,2244,2,24,15
9:23:14,2243.6,2243.6,2244,1,23,15
9:23:14,2243.8,2243.6,2244,3,23,15
9:23:15,2244,2243.6,2244,1,22,16
9:23:15,2243.6,2243.6,2244,4,21,16
9:23:16,2243.6,2243.6,2244,1,20,14
9:23:17,2244,2243.6,2244,2,19,15
9:23:18,2243.6,2243.6,2244,1,20,15
9:23:18,2244,2243.6,2244,2,19,14
9:23:19,2243.6,2243.6,2244,8,11,25
9:23:19,2244,2243.6,2244,1,11,24
9:23:20,2243.6,2243.6,2244,1,16,24
9:23:21,2243.8,2243.6,2243.8,1,15,3
9:23:21,2243.6,2243.6,2243.8,1,14,5
9:23:22,2243.8,2243.6,2243.8,2,14,7
9:23:22,2243.8,2243.6,2243.8,5,14,2
9:23:23,2243.8,2243.6,2244,2,14,33
9:23:24,2243.8,2243.6,2244,1,24,34
9:23:26,2243.8,2243.6,2243.8,2,27,2
9:23:26,2243.6,2243.6,2244,2,25,37
9:23:28,2243.6,2243.6,2244,1,24,34
9:23:29,2244,2243.6,2244,4,25,28
9:23:31,2244,2243.6,2244,1,26,29
9:23:31,2244,2243.6,2244,1,26,28
9:23:32,2244,2243.6,2244,2,26,28
9:23:32,2243.6,2243.6,2243.8,1,25,3
9:23:33,2243.8,2243.6,2243.8,1,25,2
9:23:34,2244,2243.6,2244,4,24,31
9:23:35,2244,2243.6,2244,9,19,29
9:23:36,2243.6,2243.6,2243.8,3,17,7
9:23:37,2243.6,2243.4,2243.6,19,70,2
9:23:38,2243.8,2243.6,2243.8,4,2,7
9:23:39,2243.6,2243.4,2243.6,2,69,4
9:23:39,2243.4,2243.4,2243.6,2,68,3
9:23:40,2243.4,2243.4,2243.6,2,66,3
9:23:41,2243.4,2243.4,2243.6,1,65,8
9:23:42,2243.6,2243.4,2243.6,4,65,4
9:23:42,2243.4,2243.4,2243.6,4,64,7
9:23:43,2243.4,2243.4,2243.6,3,64,22
9:23:44,2243.4,2243.4,2243.6,2,63,21
9:23:44,2243.4,2243.4,2243.6,3,61,21
9:23:45,2243.4,2243.4,2243.6,3,59,20
9:23:45,2243.4,2243.4,2243.6,2,57,20
9:23:46,2243.4,2243.4,2243.6,2,55,21
9:23:46,2243.4,2243.4,2243.6,1,54,26
9:23:47,2243.6,2243.4,2243.6,1,54,25
9:23:48,2243.6,2243.4,2243.6,9,54,16
9:23:49,2243.4,2243.4,2243.6,1,54,16
9:23:50,2243.6,2243.4,2243.6,1,54,15
9:23:50,2243.6,2243.4,2243.6,3,57,12
9:23:51,2243.6,2243.4,2243.6,1,57,11
9:23:52,2243.6,2243.4,2243.8,13,55,7
9:23:53,2243.4,2243.4,2243.8,1,54,5
9:23:53,2243.4,2243.4,2243.8,3,51,5
9:23:54,2243.4,2243.4,2243.8,1,50,5
9:23:55,2243.8,2243.4,2243.8,1,50,4
9:23:56,2243.6,2243.6,2243.8,2,2,7
9:24:00,2243.6,2243.4,2243.6,25,47,30
9:24:01,2243.6,2243.4,2243.6,6,46,24
9:24:01,2243.6,2243.4,2243.6,1,46,23
9:24:02,2243.4,2243.4,2243.6,11,43,15
9:24:02,2243.6,2243.4,2243.6,3,41,14
9:24:03,2243.8,2243.4,2243.8,22,41,4
9:24:04,2244,2243.6,2244,23,11,21
9:24:04,2244,2243.6,2243.8,9,11,1
9:24:05,2244,2243.6,2244,2,13,10
9:24:05,2243.8,2243.6,2244,4,14,7
9:24:06,2244,2243.8,2244.2,7,12,41
9:24:07,2244.2,2243.8,2244.2,1,12,40
9:24:07,2244,2243.8,2244.2,1,12,39
9:24:08,2244.2,2244,2244.2,2,1,37
9:24:08,2244,2243.8,2244.2,1,12,37
9:24:09,2244.2,2244,2244.2,12,5,26
9:24:09,2244.2,2243.8,2244.2,6,13,25
9:24:10,2243.8,2243.8,2244.2,2,19,26
9:24:11,2244.2,2243.8,2244.2,4,18,23
9:24:11,2244.2,2243.8,2244.2,3,27,20
9:24:12,2244.2,2243.8,2244.2,6,27,14
9:24:12,2244.2,2244,2244.2,1,16,14
9:24:13,2244.2,2244,2244.2,1,22,13
9:24:13,2244.2,2244,2244.2,2,21,11
9:24:14,2244.2,2244,2244.2,5,21,6
9:24:14,2244.2,2244.2,2244.4,6,34,54
9:24:15,2244.4,2244.2,2244.4,11,32,51
9:24:15,2244.4,2244.2,2244.4,11,33,41
9:24:16,2244.4,2244.2,2244.4,7,44,34
9:24:16,2244.4,2244.2,2244.4,18,34,25
9:24:17,2244.6,2244.4,2244.6,27,8,24
9:24:17,2244.4,2244.4,2244.6,5,5,22
9:24:18,2244.4,2244.4,2244.6,6,6,18
9:24:18,2244.6,2244.4,2244.6,7,9,20
9:24:19,2244.6,2244.4,2244.6,2,13,19
9:24:19,2244.6,2244.4,2244.6,6,8,14
9:24:20,2244.6,2244.4,2244.6,13,9,2
9:24:20,2244.8,2244.6,2244.8,6,17,32
9:24:21,2244.8,2244.6,2244.8,14,18,24
9:24:21,2245,2244.8,2245,25,18,40
9:24:22,2245,2244.8,2245,20,7,23
9:24:22,2245,2245,2245.2,28,1,5
9:24:23,2245.2,2245.2,2245.4,38,2,7
9:24:23,2245.4,2245,2245.2,9,8,1
9:24:24,2245.2,2245,2245.2,20,7,1
9:24:24,2245.2,2245,2245.2,9,12,4
9:24:25,2245.2,2245.2,2245.4,10,10,1
9:24:25,2245.4,2245.2,2245.6,11,17,36
9:24:26,2245.2,2245.2,2245.6,5,18,35
9:24:26,2245.4,2245.2,2245.4,8,16,24
9:24:27,2245.4,2245.2,2245.4,16,8,22
9:24:27,2245.2,2245.2,2245.4,9,7,22
9:24:28,2245.2,2245.2,2245.4,3,7,30
9:24:28,2245.4,2245.2,2245.4,23,4,10
9:24:29,2245.4,2245.4,2245.6,11,5,59
9:24:29,2245.6,2245.4,2245.6,8,6,56
9:24:30,2245.4,2245.2,2245.6,13,6,55
9:24:30,2245.2,2245.2,2245.4,4,10,2
9:24:31,2245.4,2245.4,2245.6,25,8,54
9:24:31,2245.6,2245.4,2245.6,2,7,53
9:24:32,2245.4,2245.4,2245.6,17,5,47
9:24:32,2245.6,2245.4,2245.6,25,5,25
9:24:33,2245.4,2245.4,2245.6,4,8,25
9:24:33,2245.8,2245.4,2245.8,42,7,31
9:24:34,2245.8,2245.6,2246,44,10,47
9:24:34,2246,2245.6,2246,6,18,44
9:24:35,2246,2245.8,2246,10,11,37
9:24:35,2246,2245.8,2246,21,2,25
9:24:36,2246,2245.6,2246,23,16,9
9:24:36,2245.6,2245.6,2246,15,4,21
9:24:37,2246,2245.6,2245.8,11,5,9
9:24:37,2245.8,2245.6,2245.8,9,2,15
9:24:38,2245.6,2245.4,2245.6,5,17,9
9:24:38,2245.6,2245.4,2245.6,7,20,24
9:24:39,2245.4,2245.4,2245.6,5,17,26
9:24:39,2245.6,2245.4,2245.6,14,18,20
9:24:40,2245.4,2245.4,2245.6,17,11,10
9:24:40,2245.4,2245.2,2245.4,22,17,6
9:24:41,2245.4,2245.2,2245.4,13,20,3
9:24:41,2245.6,2245.4,2245.6,22,1,10
9:24:42,2245.2,2245,2245.2,21,32,1
9:24:42,2245,2245,2245.8,14,28,17
9:24:43,2245.4,2245.4,2245.6,9,1,11
9:24:43,2245.4,2245.4,2245.6,14,4,9
9:24:44,2245.4,2245,2245.4,5,24,38
9:24:44,2245.4,2245.2,2245.4,3,1,47
9:24:45,2245.2,2245,2245.2,3,23,22
9:24:45,2245.2,2245,2245.2,20,23,2
9:24:46,2245.2,2245.2,2245.4,5,4,47
9:24:46,2245,2244.8,2245,27,9,15
9:24:47,2244.6,2244.6,2245,25,3,12
9:24:47,2244.6,2244.6,2245,8,2,7
9:24:48,2244.6,2244.6,2245,8,25,4
9:24:48,2244.6,2244.8,2245,2,8,9
9:24:49,2244.8,2244.8,2245,6,3,8
9:24:49,2244.8,2244.6,2244.8,10,36,3
9:24:50,2244.6,2244.6,2244.8,4,54,1
9:24:51,2244.8,2244.6,2245,1,55,6
9:24:51,2244.6,2244.8,2245,2,1,6
9:24:52,2244.8,2244.8,2245,5,1,5
9:24:53,2245,2244.8,2245,1,12,4
9:24:53,2245,2244.8,2245,4,13,2
9:24:54,2245,2245,2245.2,2,2,15
9:24:54,2245,2244.8,2245.2,5,13,13
9:24:55,2245.2,2245,2245.2,1,1,12
9:24:55,2245.2,2244.8,2245.2,11,6,11
9:24:56,2245,2244.8,2245,10,2,5
9:24:56,2244.8,2244.8,2245,6,1,1
9:24:57,2245.2,2244.8,2245,2,4,1
9:24:57,2245.4,2244.8,2245.4,12,13,33
9:24:58,2244.8,2245,2245.4,14,6,39
9:24:59,2245.4,2245,2245.4,5,9,45
9:24:59,2245.4,2245,2245.2,2,10,2
9:25:00,2245,2245,2245.2,5,9,7
9:25:00,2245.2,2245,2245.2,23,2,2
9:25:01,2245.6,2245.2,2245.6,45,1,24
9:25:01,2245.8,2245.6,2245.8,46,3,26
9:25:02,2245.8,2245.6,2245.8,16,1,21
9:25:02,2245.8,2244.8,2245.8,44,8,17
9:25:03,2245.6,2245.2,2245.4,42,11,18
9:25:03,2245.4,2245.4,2245.6,25,3,3
9:25:04,2245.2,2245.2,2245.4,9,11,5
9:25:04,2245.6,2245.6,2246,26,57,27
9:25:05,2245.8,2245.8,2246,12,17,27
9:25:05,2246,2245.6,2246,23,46,27
9:25:06,2246,2245.6,2246,29,34,26
9:25:06,2246,2245.6,2246,2,34,26
9:25:07,2245.6,2245.6,2245.8,16,24,2
9:25:07,2245.6,2245.6,2246,19,18,14
9:25:08,2245.4,2245.4,2245.6,20,2,34
9:25:08,2245.4,2245.2,2245.4,9,12,13
9:25:09,2245.2,2245.2,2245.4,15,12,4
9:25:09,2245.4,2245.2,2245.4,8,12,1
9:25:10,2245.2,2245,2245.2,13,17,39
9:25:10,2245.2,2245,2245.2,6,23,34
9:25:11,2245.2,2245,2245.2,8,22,30
9:25:11,2245,2245,2245.2,4,19,30
9:25:12,2245.2,2245,2245.2,4,23,27
9:25:12,2245,2245,2245.2,5,22,23
9:25:13,2245,2245,2245.2,14,8,23
9:25:13,2245,2244.8,2245,13,14,5
9:25:14,2245,2245,2245.2,13,1,18
9:25:14,2244.6,2244.6,2245,25,55,9
9:25:15,2245,2244.8,2245,3,1,8
9:25:16,2245,2244.8,2245,1,1,7
9:25:16,2244.8,2244.8,2245,2,1,8
9:25:17,2245,2245,2245.2,9,10,18
9:25:17,2244.8,2244.6,2245.2,11,61,18
9:25:18,2245.2,2245,2245.2,1,1,17
9:25:18,2245.2,2245.2,2245.4,18,2,16
9:25:19,2245,2244.8,2245,3,15,3
9:25:19,2245,2244.8,2245,1,17,2
9:25:20,2245,2244.8,2245.2,2,17,11
9:25:20,2245.2,2245,2245.2,11,2,5
9:25:21,2245.2,2245,2245.2,2,4,4
9:25:21,2245.2,2245,2245.2,1,25,3
9:25:22,2245.2,2245,2245.2,1,25,2
9:25:22,2245.2,2245,2245.2,2,36,2
9:25:23,2245.2,2245,2245.4,2,39,13
9:25:24,2245.4,2245.2,2245.4,2,1,13
9:25:24,2245.2,2245,2245.4,2,41,21
9:25:25,2245.4,2245.2,2245.4,7,1,14
9:25:25,2245.2,2245,2245.2,2,41,1
9:25:26,2245.2,2245,2245.2,1,43,2
9:25:27,2245.2,2245,2245.4,2,44,14
9:25:27,2245,2245,2245.4,3,43,14
9:25:28,2245.2,2245.2,2245.4,1,1,19
9:25:29,2245.2,2245.2,2245.4,5,2,16
9:25:29,2245.2,2245.2,2245.4,4,3,14
9:25:30,2245.2,2245.2,2245.4,6,9,12
9:25:30,2245.4,2245.4,2245.6,13,15,21
9:25:31,2245.6,2245.4,2245.6,4,4,18
9:25:31,2245.4,2245.4,2245.6,2,5,19
9:25:32,2245.6,2245.4,2245.6,2,9,18
9:25:33,2245.4,2245.2,2245.4,8,16,3
9:25:33,2245.4,2245.2,2245.4,2,16,1
9:25:34,2245.6,2245.2,2245.6,4,18,13
9:25:34,2245.2,2245,2245.2,28,55,14
9:25:35,2245.2,2245,2245.2,2,56,13
9:25:35,2245.2,2245,2245.2,3,57,10
9:25:36,2245,2245,2245.2,9,55,3
9:25:36,2245.2,2245,2245.2,1,55,2
9:25:37,2245.4,2245.2,2245.4,4,7,1
9:25:37,2245.4,2245.4,2245.6,4,6,16
9:25:38,2245.6,2245.4,2245.6,6,1,15
9:25:39,2245.6,2245.2,2245.6,2,12,14
9:25:39,2245.6,2245.2,2245.6,5,12,11
9:25:40,2245.6,2245.2,2245.6,26,10,5
9:25:40,2245.6,2245.6,2245.8,5,15,39
9:25:41,2245.8,2245.6,2245.8,1,49,39
9:25:41,2245.8,2245.6,2245.8,24,49,15
9:25:42,2246,2245.8,2246,45,17,36
9:25:42,2246,2245.8,2246,3,18,34
9:25:43,2246,2245.8,2246,4,20,32
9:25:43,2246,2245.8,2246,4,21,35
9:25:44,2246,2245.8,2246,3,21,32
9:25:44,2245.8,2245.6,2245.8,30,40,16
9:25:45,2246,2245.6,2246,36,38,9
9:25:45,2246,2245.6,2245.8,1,38,1
9:25:46,2246,2245.6,2245.8,4,39,14
9:25:46,2245.8,2245.6,2245.8,5,39,16
9:25:47,2245.6,2245.6,2246.2,80,5,35
9:25:47,2245.6,2245.8,2246,4,2,9
9:25:48,2246,2245.4,2246,16,3,5
9:25:48,2246,2245.6,2246,9,1,13
9:25:49,2245.8,2245.6,2246,1,2,32
9:25:50,2246,2245.6,2246,4,6,28
9:25:50,2245.8,2245.6,2245.8,1,7,2
9:25:51,2246,2245.6,2245.8,18,6,1
9:25:51,2245.8,2245.8,2246,14,7,13
9:25:52,2246,2245.8,2246,8,7,15
9:25:52,2246,2245.8,2246,2,10,23
9:25:53,2246,2245.8,2246,3,17,20
9:25:53,2246,2245.8,2246,2,17,19
9:25:54,2246,2245.8,2246,8,18,12
9:25:54,2246,2245.8,2246,11,18,2
9:25:55,2246,2246,2246.2,2,9,43
9:25:55,2246,2246,2246.2,8,9,41
9:25:56,2246,2246,2246.2,2,11,40
9:25:56,2246,2245.8,2246,24,21,8
9:25:57,2246.2,2246,2246.2,41,1,4
9:25:57,2246.4,2245.6,2246.4,51,17,4
9:25:58,2246.2,2245.8,2246,10,15,3
9:25:58,2246,2246.4,2246.6,11,1,48
9:25:59,2246.4,2246.2,2246.4,15,3,8
9:25:59,2246.2,2246.2,2246.4,12,4,13
9:26:00,2246.4,2246,2246.4,22,6,7
9:26:00,2246.4,2246,2246.2,10,7,1
9:26:01,2246.2,2246,2246.2,27,4,4
9:26:01,2246.2,2246.4,2246.6,14,2,43
9:26:02,2246.4,2246.4,2246.6,24,2,29
9:26:02,2246.6,2246.2,2246.4,21,28,10
9:26:03,2246.2,2246.2,2246.8,41,34,34
9:26:03,2246.8,2246.4,2246.8,18,8,33
9:26:04,2246.6,2246.6,2246.8,27,13,10
9:26:04,2247,2246.8,2247,20,4,69
9:26:05,2247,2246.8,2247,10,3,63
9:26:05,2246.8,2246.8,2247,31,4,51
9:26:06,2247,2246.8,2247,33,3,24
9:26:06,2247,2246.4,2246.8,26,14,1
9:26:07,2246.8,2246.8,2247,10,1,27
9:26:07,2247,2246.4,2246.8,19,8,17
9:26:08,2246.8,2246.4,2246.8,22,2,13
9:26:08,2246.6,2246.4,2246.6,2,5,10
9:26:09,2246.4,2246.6,2246.8,20,1,54
9:26:09,2246.8,2246.6,2246.8,13,3,54
9:26:10,2246.6,2246.4,2246.6,3,3,49
9:26:10,2246.6,2246.2,2246.6,8,29,45
9:26:11,2246.6,2246.2,2246.6,12,38,51
9:26:11,2246.4,2246.4,2246.6,18,10,43
9:26:12,2246.2,2246.2,2246.4,19,33,1
9:26:12,2246.2,2246.2,2246.6,5,39,12
9:26:13,2246.6,2246.4,2246.6,4,10,10
9:26:13,2246.6,2246.4,2246.6,2,36,14
9:26:14,2246.6,2246.4,2246.6,1,47,9
9:26:14,2246.6,2246.4,2246.6,7,44,5
9:26:15,2246.4,2246.6,2246.8,24,3,29
9:26:15,2246.8,2246.6,2246.8,3,3,27
9:26:16,2246.6,2246.6,2246.8,20,3,15
9:26:16,2246.4,2246.4,2246.6,4,36,1
9:26:17,2246.6,2246.6,2246.8,8,26,14
9:26:17,2246.6,2246.6,2246.8,2,25,14
9:26:18,2246.6,2246.6,2246.8,2,38,14
9:26:18,2246.6,2246.6,2246.8,7,32,17
9:26:19,2246.8,2246.6,2246.8,19,26,5
9:26:19,2246.8,2246.6,2247,7,35,62
9:26:20,2246.8,2246.8,2247,9,6,56
9:26:20,2246.8,2246.8,2247,17,2,55
9:26:21,2246.8,2246.8,2247,4,5,53
9:26:21,2246.8,2246.6,2246.8,7,37,3
9:26:22,2246.8,2246.8,2247,4,3,71
9:26:22,2246.6,2246.6,2247,5,36,71
9:26:23,2247,2246.6,2246.8,7,37,19
9:26:23,2246.8,2246.6,2246.8,12,24,25
9:26:24,2246.6,2246.6,2246.8,7,21,43
9:26:24,2246.6,2246.6,2246.8,10,13,36
9:26:25,2246.8,2246.4,2246.6,19,37,26
9:26:25,2246.4,2246.4,2246.6,10,30,38
9:26:26,2246.6,2246.4,2246.6,4,28,39
9:26:26,2246.6,2246.4,2246.6,2,28,42
9:26:27,2246.6,2246.4,2246.6,11,18,42
9:26:27,2246.6,2246.4,2246.6,25,16,23
9:26:28,2246.2,2246.2,2246.4,17,62,19
9:26:28,2246.4,2246.2,2246.4,3,62,16
9:26:29,2246.4,2246.4,2246.6,23,5,22
9:26:29,2246.4,2246.4,2246.6,3,14,27
9:26:30,2246.6,2246.4,2246.6,14,4,21
9:26:30,2246.4,2246.4,2246.6,22,9,21
9:26:31,2246.6,2246.4,2246.6,8,7,15
9:26:31,2246.4,2246.4,2246.6,6,3,16
9:26:32,2246.4,2246.2,2246.4,5,59,2
9:26:32,2246.6,2246.4,2246.6,16,2,1
9:26:33,2246.4,2246.4,2246.6,3,2,2
9:26:33,2246.4,2246.2,2246.4,4,61,1
9:26:34,2246.4,2246.2,2246.4,5,61,5
9:26:34,2246.4,2246.2,2246.4,3,62,2
9:26:35,2246.2,2246.2,2246.4,8,59,1
9:26:35,2246.2,2246.2,2246.6,2,58,4
9:26:36,2246.6,2246.2,2246.6,1,58,15
9:26:36,2246.2,2246,2246.2,59,22,49
9:26:37,2245.8,2245.8,2246.2,26,12,50
9:26:37,2245.8,2245.8,2246,2,19,11
9:26:38,2245.8,2245.8,2246,4,30,8
9:26:38,2246,2245.8,2246,8,29,3
9:26:39,2246,2246,2246.2,3,6,50
9:26:39,2246,2246,2246.2,2,4,50
9:26:40,2245.8,2245.8,2246.2,7,25,50
9:26:41,2245.8,2245.8,2246,5,29,3
9:26:41,2245.8,2245.8,2246,3,27,2
9:26:42,2246,2246,2246.2,3,7,51
9:26:42,2246,2246,2246.2,2,5,51
9:26:43,2246,2246,2246.2,2,10,51
9:26:44,2246,2246,2246.2,4,6,53
9:26:44,2246.2,2245.8,2246.2,11,25,49
9:26:45,2246,2245.8,2246,1,28,1
9:26:46,2246,2245.8,2246,2,29,4
9:26:47,2246,2245.8,2246,4,29,3
9:26:47,2246,2245.8,2246,2,28,4
9:26:48,2246,2246,2246.2,8,2,51
9:26:48,2245.8,2245.8,2246,27,5,2
9:26:49,2246,2245.8,2246,1,6,8
9:26:51,2245.8,2245.8,2246,1,5,10
9:26:51,2246,2245.8,2246,3,9,9
9:26:52,2245.8,2245.8,2246,2,7,26
9:26:52,2245.8,2245.8,2246,2,6,26
9:26:53,2245.8,2245.8,2246,9,2,21
9:26:53,2245.8,2245.6,2245.8,3,40,7
9:26:54,2245.8,2245.8,2246,17,5,20
9:26:54,2245.6,2245.6,2246,7,33,31
9:26:55,2246,2245.6,2246,2,33,34
9:26:55,2245.6,2245.6,2246,6,31,34
9:26:56,2245.6,2245.6,2246,10,21,35
9:26:56,2245.6,2245.6,2246,6,19,33
9:26:57,2246,2245.6,2246,3,20,36
9:26:57,2245.6,2245.6,2246,15,5,36
9:26:58,2245.6,2245.6,2245.8,5,4,3
9:26:58,2245.6,2245.4,2245.6,6,20,17
9:26:59,2245.6,2245.4,2245.6,3,15,16
9:26:59,2245.4,2245.4,2245.6,3,15,17
9:27:00,2245.6,2245.4,2245.6,8,13,11
9:27:00,2245.6,2245.4,2245.6,10,27,5
9:27:01,2245.4,2245.4,2245.6,11,19,5
9:27:01,2245.4,2245.4,2245.6,8,13,3
9:27:02,2245.4,2245.4,2245.6,8,6,2
9:27:02,2245.4,2245.4,2245.8,11,1,6
9:27:03,2245.4,2245.2,2245.6,1,61,2
9:27:03,2245.6,2245.6,2245.8,2,1,8
9:27:05,2245.8,2245.4,2245.8,2,33,28
9:27:05,2245.8,2245.6,2245.8,3,2,25
9:27:06,2245.8,2245.4,2245.8,10,32,21
9:27:06,2245.4,2245.6,2245.8,6,1,16
9:27:07,2245.8,2245.8,2246,19,5,66
9:27:07,2245.8,2245.8,2246,5,7,68
9:27:08,2245.8,2245.8,2246,3,4,68
9:27:08,2245.8,2245.8,2246,3,7,68
9:27:09,2245.8,2245.8,2246,8,3,66
9:27:09,2246,2245.8,2246,1,3,65
9:27:10,2246,2245.8,2246,1,3,64
9:27:10,2246,2245.8,2246,4,3,55
9:27:11,2245.8,2245.8,2246,2,1,54
9:27:11,2246,2245.8,2246,1,3,53
9:27:12,2245.8,2245.8,2246,4,1,51
9:27:13,2246,2245.8,2246,34,3,21
9:27:13,2246,2245.8,2246,15,3,6
9:27:14,2246,2246,2246.2,13,34,19
9:27:14,2246.2,2246,2246.2,15,29,17
9:27:15,2246.2,2246,2246.2,7,30,10
9:27:15,2246.2,2246,2246.2,1,32,9
9:27:16,2246.2,2246,2246.2,3,34,5
9:27:16,2246.2,2246,2246.2,5,32,2
9:27:17,2246.2,2246,2246.2,4,32,2
9:27:18,2246.2,2246.2,2246.4,4,2,8
9:27:18,2246,2246,2246.4,5,32,5
9:27:19,2246.2,2246,2246.4,1,35,6
9:27:19,2246.2,2246,2246.2,5,33,41
9:27:20,2246,2246,2246.2,12,16,40
9:27:20,2246.2,2246,2246.2,2,15,43
9:27:21,2246,2246,2246.2,2,14,43
9:27:21,2246,2246,2246.2,13,1,43
9:27:22,2246.2,2245.8,2246.2,2,4,41
9:27:22,2246.2,2245.8,2246,1,4,7
9:27:23,2246,2245.8,2246,3,4,4
9:27:23,2246,2245.8,2246,1,5,3
9:27:24,2246,2245.8,2246,2,5,3
9:27:24,2246,2245.8,2246,1,5,3
9:27:25,2246,2245.8,2246,3,4,1
9:27:25,2246,2246,2246.2,1,4,44
9:27:26,2246.2,2246,2246.2,2,3,43
9:27:27,2246.2,2246,2246.2,2,3,43
9:27:27,2246.2,2246,2246.2,2,16,41
9:27:28,2246,2246,2246.2,1,16,41
9:27:29,2246,2246,2246.2,1,17,46
9:27:29,2246,2246,2246.2,6,17,41
9:27:30,2246,2246,2246.2,1,17,41
9:27:31,2246,2246,2246.2,2,20,43
9:27:32,2246,2246,2246.2,1,19,43
9:27:32,2246.2,2246,2246.2,10,14,39
9:27:33,2246,2246,2246.2,1,13,37
9:27:33,2246,2246,2246.2,2,11,37
9:27:34,2246.2,2246,2246.2,4,11,33
9:27:35,2246,2246,2246.2,5,6,35
9:27:35,2246.2,2246,2246.2,1,6,35
9:27:36,2246.2,2246,2246.2,2,6,33
9:27:36,2246,2246,2246.2,1,6,33
9:27:37,2246,2246,2246.2,3,6,31
9:27:38,2246,2246,2246.2,4,2,31
9:27:38,2246.2,2246,2246.2,1,2,30
9:27:39,2245.8,2245.6,2245.8,17,20,3
9:27:39,2246.2,2245.8,2246.2,6,7,25
9:27:40,2246.2,2245.8,2246.2,1,10,24
9:27:41,2245.8,2245.8,2246,2,11,1
9:27:41,2246.2,2245.8,2246.2,2,13,23
9:27:42,2246,2246,2246.2,2,1,24
9:27:42,2246.2,2246,2246.2,4,1,20
9:27:43,2245.8,2245.8,2246.2,17,1,21
9:27:43,2245.8,2245.8,2246,10,10,1
9:27:44,2245.8,2245.8,2246,9,4,2
9:27:44,2246,2245.8,2246,1,4,1
9:27:45,2246,2245.8,2246,1,5,2
9:27:46,2246,2245.8,2246,2,7,7
9:27:47,2246,2245.8,2246,3,5,9
9:27:48,2246,2245.8,2246,3,6,17
9:27:48,2246,2245.8,2246,7,6,13
9:27:49,2246,2246,2246.2,17,18,14
9:27:49,2246,2246,2246.2,3,16,14
9:27:51,2246.2,2246,2246.2,2,17,15
9:27:51,2246.2,2246,2246.2,1,17,14
9:27:52,2246,2246,2246.2,2,17,13
9:27:52,2246,2246,2246.2,3,14,15
9:27:53,2246.2,2246,2246.2,1,14,15
9:27:53,2246,2246,2246.2,1,13,15
9:27:54,2246.2,2246,2246.2,1,13,15
9:27:54,2246.2,2246,2246.2,3,13,13
9:27:56,2246.2,2246,2246.2,1,13,12
9:27:57,2246.2,2246,2246.2,8,17,5
9:27:57,2246.2,2246.2,2246.4,5,2,28
9:27:58,2246.4,2246.2,2246.4,2,9,26
9:27:58,2246.4,2246.2,2246.4,5,7,24
9:27:59,2246.4,2246.2,2246.4,3,6,22
9:27:59,2246.4,2246.2,2246.4,2,13,21
9:28:00,2246.2,2246.2,2246.4,3,13,19
9:28:01,2246.2,2246.2,2246.4,3,12,18
9:28:01,2246.4,2246.2,2246.4,3,12,16
9:28:02,2246.2,2246.2,2246.4,1,12,19
9:28:03,2246.4,2246.2,2246.4,13,12,6
9:28:03,2246.4,2246.4,2246.6,9,2,41
9:28:04,2246.6,2246.2,2246.6,5,12,38
9:28:04,2246.6,2246.4,2246.6,21,49,18
9:28:05,2246.4,2246.4,2246.6,6,49,13
9:28:05,2246.6,2246.6,2246.8,16,10,42
9:28:06,2246.6,2246.6,2246.8,1,11,41
9:28:06,2246.8,2246.6,2246.8,12,12,30
9:28:07,2246.6,2246.6,2246.8,17,3,19
9:28:07,2246.8,2246.6,2246.8,16,1,5
9:28:08,2246.8,2246.4,2247,6,56,67
9:28:08,2246.6,2246.4,2247,3,55,66
9:28:09,2246.8,2246.6,2246.8,3,1,15
9:28:09,2246.8,2246.6,2246.8,6,1,9
9:28:10,2246.6,2246.6,2246.8,6,7,9
9:28:10,2246.8,2246.6,2246.8,8,4,6
9:28:11,2247,2246.6,2247,9,4,64
9:28:11,2247,2246.6,2247,8,4,56
9:28:12,2247,2246.6,2247,6,4,53
9:28:12,2247,2246.6,2247,17,6,36
9:28:13,2247,2246.6,2247,8,6,35
9:28:13,2247,2246.8,2247,29,3,6
9:28:14,2247.2,2246.6,2247.2,14,33,22
9:28:14,2247.2,2246.8,2247,14,10,2
9:28:15,2247.2,2247,2247.2,8,4,6
9:28:15,2247.2,2247,2247.2,4,13,5
9:28:16,2247.2,2247.2,2247.4,8,4,6
9:28:16,2247.2,2247.2,2247.4,9,4,10
9:28:17,2247.2,2247.2,2247.4,4,3,9
9:28:17,2247.2,2247,2247.4,8,17,7
9:28:18,2247.4,2247,2247.4,13,15,5
9:28:18,2247.4,2247,2247.2,9,11,1
9:28:19,2247.4,2247,2247.4,12,12,1
9:28:19,2247.2,2247.2,2247.4,4,6,10
9:28:20,2247.4,2247.4,2247.6,17,39,35
9:28:20,2247.6,2247.4,2247.6,20,38,29
9:28:21,2247.2,2247,2247.2,52,16,22
9:28:21,2247.4,2247.2,2247.4,36,3,1
9:28:22,2247.6,2247.2,2247.6,14,4,19
9:28:22,2247.6,2247.6,2247.8,32,5,56
9:28:23,2247.6,2247.2,2247.6,26,6,10
9:28:23,2247.6,2247.4,2247.6,2,4,32
9:28:24,2247.6,2247.4,2247.6,20,1,23
9:28:24,2247.4,2247.2,2247.4,17,6,30
9:28:25,2247.2,2247.2,2247.4,13,7,32
9:28:25,2247.4,2247,2247.4,9,13,40
9:28:26,2247,2247,2247.2,31,9,27
9:28:26,2246.6,2246.6,2247.2,78,26,3
9:28:27,2247.2,2246.8,2247.2,3,5,13
9:28:27,2247,2246.6,2247,14,19,1
9:28:28,2247,2246.6,2247.2,6,14,9
9:28:28,2246.6,2246.6,2247.2,4,11,10
9:28:29,2247.2,2246.8,2247.2,14,5,4
9:28:29,2246.8,2246.8,2247.2,10,1,2
9:28:30,2246.8,2246.8,2247.2,3,4,7
9:28:31,2246.8,2246.6,2246.8,5,23,16
9:28:31,2246.6,2246.6,2246.8,13,10,16
9:28:32,2246.8,2246.6,2246.8,6,6,15
9:28:32,2247,2247,2247.2,45,13,12
9:28:33,2247.2,2247,2247.2,3,11,12
9:28:33,2247,2246.8,2247,11,7,4
9:28:34,2246.6,2246.6,2247,17,8,5
9:28:34,2246.6,2246.4,2247,11,49,20
9:28:35,2247,2246.6,2247,5,1,17
9:28:35,2246.6,2246.6,2246.8,3,3,25
9:28:36,2246.6,2246.4,2246.6,6,49,9
9:28:36,2246.6,2246.4,2246.6,4,49,9
9:28:37,2246.6,2246.4,2246.6,2,49,7
9:28:38,2246.6,2246.4,2246.6,4,50,8
9:28:38,2246.6,2246.4,2246.6,4,50,4
9:28:39,2246.4,2246.4,2246.6,2,48,5
9:28:39,2246.4,2246.4,2246.8,16,43,24
9:28:40,2246.4,2246.4,2246.8,8,35,24
9:28:40,2246.8,2246.6,2246.8,10,14,25
9:28:41,2246.6,2246.6,2246.8,7,15,19
9:28:41,2246.2,2246.2,2246.8,67,36,3
9:28:42,2246.8,2246.8,2247,13,5,20
9:28:42,2246.8,2246.8,2247.4,52,2,9
9:28:43,2247.4,2247.4,2247.6,16,26,52
9:28:43,2247.4,2247.4,2247.6,7,23,48
9:28:44,2247.6,2247.4,2247.6,2,23,46
9:28:44,2247.6,2247.4,2247.6,3,23,44
9:28:45,2247.4,2247,2247.2,24,1,1
9:28:45,2247,2247,2247.2,14,8,5
9:28:46,2247.2,2247,2247.2,4,14,1
9:28:46,2247,2247,2247.4,2,15,3
9:28:47,2247.4,2247.2,2247.4,1,2,2
9:28:47,2247.4,2247.4,2247.6,3,2,46
9:28:48,2247.2,2247.2,2247.6,4,3,47
9:28:48,2247.4,2247.2,2247.6,1,3,49
9:28:49,2247.2,2247.2,2247.6,1,2,47
9:28:49,2247.4,2247.2,2247.6,1,5,47
9:28:50,2247.2,2247.2,2247.4,5,8,1
9:28:50,2247.2,2247.2,2247.4,8,27,10
9:28:51,2247.2,2247.2,2247.4,4,23,7
9:28:51,2247.4,2247.4,2247.6,9,1,50
9:28:52,2247.4,2247.4,2247.6,9,43,54
9:28:52,2247.6,2247.4,2247.6,27,44,33
9:28:53,2247.6,2247.4,2247.6,37,31,4
9:28:53,2247.6,2247.6,2247.8,8,17,81
9:28:54,2247.6,2247.6,2247.8,27,39,57
9:28:54,2247.8,2247.6,2247.8,23,36,35
9:28:55,2248,2247.8,2248,51,4,120
9:28:55,2248,2247.8,2248,28,12,93
9:28:56,2248,2247.8,2248,16,40,79
9:28:56,2248,2247.8,2248,26,43,55
9:28:57,2248,2247.8,2248,35,47,21
9:28:57,2248,2247.8,2248,77,42,3
9:28:58,2248.4,2248,2248.4,28,2,3
9:28:58,2248.4,2248,2248.2,33,17,32
9:28:59,2248.2,2247.8,2248.4,67,9,20
9:28:59,2248.2,2248,2248.2,33,4,11
9:29:00,2248,2247.8,2248,10,6,18
9:29:00,2247.8,2247.6,2247.8,40,12,4
9:29:01,2247.6,2247.6,2247.8,24,7,8
9:29:01,2247.8,2247.4,2247.8,80,44,2
9:29:02,2247.6,2247.6,2247.8,13,2,7
9:29:02,2248,2247.6,2248,21,6,1
9:29:03,2247.8,2247.8,2248,12,6,1
9:29:03,2247.8,2247.6,2248,13,33,23
9:29:04,2247.6,2247.6,2248,18,16,25
9:29:04,2247.6,2247.6,2247.8,7,4,2
9:29:05,2247.6,2247.6,2247.8,5,3,3
9:29:05,2247.6,2247.4,2247.6,10,45,2
9:29:06,2247.6,2247.4,2247.6,16,33,4
9:29:06,2247.4,2247.2,2247.4,41,29,2
9:29:07,2247.2,2247.2,2247.4,12,19,18
9:29:07,2247.6,2247.2,2247.8,33,10,30
9:29:08,2247.6,2247.2,2247.4,5,7,1
9:29:08,2247.2,2247.4,2247.6,19,7,22
9:29:09,2247.2,2247,2247.2,15,30,9
9:29:09,2247.2,2247.2,2247.4,20,14,1
9:29:10,2247.6,2247.2,2247.6,6,15,15
9:29:10,2247.6,2247.2,2247.6,17,15,5
9:29:11,2247.4,2247.2,2247.4,7,25,1
9:29:11,2247.2,2247,2247.2,28,35,2
9:29:12,2247,2247,2247.2,4,35,3
9:29:12,2247,2247,2247.2,9,26,29
9:29:13,2247,2246.8,2247.2,29,36,30
9:29:13,2247,2247,2247.2,5,17,29
9:29:14,2247.2,2247,2247.2,6,12,28
9:29:14,2247.2,2247,2247.2,21,15,25
9:29:15,2247.2,2247,2247.2,4,14,24
9:29:15,2247,2247,2247.2,15,1,24
9:29:16,2247,2246.8,2247,4,42,18
9:29:16,2247,2246.8,2247,3,44,16
9:29:17,2247,2246.8,2247,1,45,24
9:29:17,2247,2246.8,2247,11,46,13
9:29:18,2246.8,2246.8,2247,2,47,12
9:29:18,2246.8,2246.8,2247,8,45,8
9:29:19,2246.8,2246.8,2247,1,48,8
9:29:19,2247,2246.8,2247,2,48,6
9:29:20,2247,2246.8,2247,4,48,4
9:29:20,2246.8,2246.8,2247.2,5,47,30
9:29:21,2246.8,2246.8,2247.2,2,45,30
9:29:21,2247.2,2247,2247.2,17,8,18
9:29:22,2247,2247,2247.2,24,1,26
9:29:22,2247.2,2247,2247.2,21,28,5
9:29:23,2247,2247,2247.2,2,26,5
9:29:23,2247.2,2247.2,2247.4,6,4,5
9:29:24,2247.2,2247.2,2247.4,11,4,2
9:29:24,2247.2,2247.2,2247.4,1,6,18
9:29:25,2247.2,2247,2247.4,6,20,18
9:29:25,2247.2,2247.2,2247.4,3,11,23
9:29:26,2247.2,2247.2,2247.4,1,11,24
9:29:26,2247.4,2247.2,2247.4,4,11,23
9:29:27,2247.2,2247.2,2247.4,3,10,21
9:29:27,2247.2,2247.2,2247.4,1,16,22
9:29:28,2247.2,2247.2,2247.4,2,15,21
9:29:28,2247,2247,2247.4,28,15,14
9:29:29,2247.2,2247,2247.2,1,16,9
9:29:29,2247,2247,2247.2,3,15,12
9:29:30,2247.2,2247,2247.2,1,15,12
9:29:30,2247.2,2247,2247.2,12,15,1
9:29:31,2247,2247,2247.4,15,13,15
9:29:32,2247.4,2247,2247.4,4,24,11
9:29:33,2247.2,2247.2,2247.4,2,7,17
9:29:34,2247.4,2247,2247.4,12,25,17
9:29:35,2247.2,2247,2247.4,1,27,21
9:29:36,2247.4,2247.2,2247.4,1,2,28
9:29:37,2247.4,2247.2,2247.4,6,2,23
9:29:37,2247.2,2247,2247.2,2,31,1
9:29:38,2247.2,2247,2247.2,4,30,3
9:29:39,2247,2247,2247.4,4,29,24
9:29:40,2247.2,2247.2,2247.4,7,2,24
9:29:40,2247.4,2247.2,2247.4,1,4,23
9:29:41,2247.4,2247.2,2247.4,5,4,23
9:29:42,2247.2,2247.2,2247.4,6,3,19
9:29:43,2247.2,2247.2,2247.4,2,2,21
9:29:43,2247.2,2247.2,2247.4,7,3,32
9:29:44,2247.4,2247.2,2247.4,2,5,30
9:29:44,2247.4,2247.2,2247.4,4,5,28
9:29:45,2247.2,2247,2247.2,5,35,6
9:29:45,2247.2,2247,2247.2,1,35,12
9:29:46,2247.2,2247,2247.2,1,49,20
9:29:46,2247.2,2247,2247.2,4,46,28
9:29:47,2247.2,2247,2247.2,5,47,26
9:29:47,2247.2,2247,2247.2,3,46,32
9:29:48,2247,2247,2247.2,45,1,37
9:29:48,2247,2246.8,2247,3,35,10
9:29:49,2246.8,2246.8,2247,5,32,33
9:29:49,2246.8,2246.8,2247,23,9,31
9:29:50,2246.8,2246.6,2246.8,9,29,5
9:29:50,2246.6,2246.6,2246.8,6,25,16
9:29:51,2246.6,2246.6,2246.8,37,4,3
9:29:51,2246.6,2246.4,2246.6,8,30,1
9:29:52,2246.4,2246.4,2246.6,6,28,3
9:29:52,2246.4,2246.4,2246.6,8,22,2
9:29:53,2246.6,2246.6,2246.8,9,21,5
9:29:53,2246.8,2246.6,2246.8,3,22,3
9:29:54,2246.6,2246.6,2247,20,6,16
9:29:54,2246.8,2246.8,2247,11,7,14
9:29:55,2246.8,2246.8,2247,3,6,13
9:29:55,2247,2246.8,2247,3,5,11
9:29:56,2247,2246.8,2247,2,5,10
9:29:56,2246.8,2246.8,2247,2,3,9
9:29:57,2247,2247,2247.2,13,2,12
9:29:58,2247,2247,2247.2,2,1,12
9:29:58,2246.8,2246.6,2246.8,7,18,2
9:29:59,2246.8,2246.6,2247,4,19,1
9:30:00,2246.8,2246.6,2247,4,22,2
9:30:00,2246.8,2246.6,2246.8,15,17,11
9:30:01,2246.4,2246.4,2246.8,23,29,8
9:30:01,2247.2,2247,2247.2,45,10,1
9:30:02,2247.4,2247.2,2247.4,15,6,18
9:30:02,2247.2,2247.2,2247.4,1,21,23
9:30:03,2247.2,2247.2,2247.4,8,26,23
9:30:03,2247.2,2247.2,2247.4,8,25,17
9:30:04,2247.4,2247.2,2247.4,3,25,14
9:30:04,2247.4,2247.2,2247.4,1,26,15
9:30:05,2247.4,2247.2,2247.4,2,26,13
9:30:05,2247.4,2247.2,2247.4,4,25,9
9:30:06,2247.2,2247.2,2247.4,1,24,10
9:30:06,2247.6,2247.4,2247.6,12,12,35
9:30:07,2247.4,2247.4,2247.6,25,9,14
9:30:07,2247.4,2247.4,2247.6,2,14,13
9:30:08,2247.6,2247.4,2247.6,10,24,6
9:30:08,2247.6,2247.4,2247.6,5,24,1
9:30:09,2247.6,2247.6,2247.8,9,4,26
9:30:09,2247.6,2247.6,2247.8,3,4,25
9:30:10,2247.8,2247.6,2247.8,1,6,25
9:30:10,2247.8,2247.6,2247.8,20,7,5
9:30:11,2247.6,2247.4,2247.6,15,28,17
9:30:11,2247.6,2247.4,2247.6,10,28,9
9:30:12,2247.6,2247.4,2247.6,6,28,3
9:30:12,2247.6,2247.4,2247.6,2,25,30
9:30:13,2247.4,2247.4,2247.6,3,23,30
9:30:13,2247.4,2247.4,2247.6,20,6,27
9:30:14,2247.4,2247.4,2247.6,8,6,22
9:30:14,2247.4,2247.2,2247.4,21,27,17
9:30:15,2247.2,2247.2,2247.4,1,26,18
9:30:15,2247.4,2247.2,2247.4,5,23,20
9:30:16,2247.4,2247.2,2247.4,9,18,19
9:30:16,2247.4,2247.2,2247.4,6,16,16
9:30:17,2247.4,2247.2,2247.4,9,18,14
9:30:17,2247.4,2247.2,2247.4,17,3,12
9:30:18,2247.4,2247.2,2247.4,2,2,12
9:30:18,2247,2247,2247.2,23,12,3
9:30:19,2247.2,2247,2247.2,1,13,2
9:30:19,2247,2246.8,2247,15,20,1
9:30:20,2247.2,2246.8,2247.4,8,33,15
9:30:20,2246.8,2247,2247.2,18,1,1
9:30:21,2247.2,2247,2247.4,22,2,13
9:30:21,2247,2246.8,2247,7,9,3
9:30:22,2247,2247,2247.2,3,10,1
9:30:22,2247,2247,2247.4,4,8,11
9:30:23,2247.4,2247.2,2247.4,2,1,9
9:30:24,2247.4,2247,2247.2,6,21,3
9:30:25,2247,2247,2247.2,14,15,1
9:30:25,2247.6,2247.2,2247.6,22,2,7
9:30:26,2247.2,2247,2247.4,26,14,1
9:30:26,2247.2,2247.2,2247.4,1,17,1
9:30:27,2247.2,2247.4,2247.8,3,12,11
9:30:28,2247.4,2247.4,2247.6,3,10,3
9:30:28,2247.4,2247.4,2247.6,7,6,2
9:30:29,2247.4,2247.4,2247.6,3,5,6
9:30:29,2247.4,2247.4,2247.6,6,4,5
9:30:30,2247.6,2247.6,2247.8,8,5,11
9:30:30,2247.6,2247.6,2247.8,4,2,11
9:30:31,2247.6,2247.4,2247.6,3,5,20
9:30:31,2247.6,2247.4,2247.6,1,10,23
9:30:32,2247.4,2247.2,2247.4,18,5,14
9:30:32,2247.2,2247.2,2247.4,2,4,13
9:30:33,2247.4,2247.2,2247.4,5,2,14
9:30:33,2247.4,2247.2,2247.4,6,8,8
9:30:34,2247.4,2247.2,2247.4,4,9,6
9:30:34,2247.4,2247.2,2247.4,2,8,2
9:30:35,2247.2,2247.2,2247.4,3,7,9
9:30:35,2247.4,2247.2,2247.4,3,8,7
9:30:36,2247.2,2247.2,2247.4,1,7,15
9:30:36,2247.2,2247.2,2247.4,8,1,17
9:30:37,2247.2,2247,2247.2,2,12,13
9:30:37,2247,2246.8,2247.2,13,16,18
9:30:38,2246.8,2246.8,2247,9,16,6
9:30:38,2247,2246.8,2247,1,17,12
9:30:39,2247,2246.8,2247,3,20,12
9:30:39,2246.8,2246.8,2247,6,21,10
9:30:40,2246.8,2246.8,2247,19,9,4
9:30:40,2247.2,2247,2247.2,8,5,10
9:30:41,2246.8,2246.8,2247,12,7,4
9:30:41,2247.2,2247.2,2247.4,18,6,18
9:30:42,2247,2247,2247.4,9,1,18
9:30:42,2246.8,2246.8,2247,14,4,1
9:30:43,2247,2247,2247.2,3,8,1
9:30:43,2247.4,2247.2,2247.4,2,2,15
9:30:44,2247.4,2247,2247.4,7,8,13
9:30:45,2247,2247.2,2247.4,4,1,15
9:30:45,2247.4,2247.2,2247.4,7,101,12
9:30:46,2247.6,2247.4,2247.6,40,31,8
9:30:46,2247.6,2247.6,2247.8,10,50,22
9:30:47,2247.8,2247.8,2248,55,16,83
9:30:47,2248,2247.8,2248,12,17,71
9:30:48,2247.8,2247.6,2247.8,18,8,7
9:30:48,2247.8,2247.8,2248,21,8,71
9:30:49,2247.8,2247.8,2248,7,5,71
9:30:49,2247.8,2247.6,2247.8,8,2,28
9:30:50,2247.8,2247.4,2247.6,10,12,4
9:30:50,2247.6,2247.4,2247.6,3,13,7
9:30:51,2247.8,2247.4,2247.8,11,12,31
9:30:51,2247.6,2247.4,2247.8,2,14,32
9:30:52,2247.4,2247.4,2247.8,1,13,32
9:30:52,2247.6,2247.6,2247.8,3,1,32
9:30:53,2247.6,2247.4,2248,52,14,50
9:30:53,2248,2247.4,2248,1,14,49
9:30:54,2247.8,2247.6,2248,3,4,48
9:30:54,2248,2247.8,2248,36,1,11
9:30:55,2247.6,2247.6,2247.8,6,17,1
9:30:55,2248,2247.8,2248,11,20,1
9:30:56,2248,2248,2248.2,2,8,44
9:30:56,2248,2248,2248.2,6,21,43
9:30:57,2248.2,2248,2248.2,24,16,26
9:30:57,2248.2,2248,2248.2,15,12,15
9:30:58,2248.2,2248,2248.2,14,11,2
9:30:58,2248.2,2248,2248.2,7,11,2
9:30:59,2248,2248,2248.4,11,6,8
9:30:59,2248.2,2248,2248.2,12,3,16
9:31:00,2248.2,2248,2248.2,10,2,8
9:31:00,2248.2,2248,2248.2,14,6,11
9:31:01,2248,2247.8,2248,22,24,8
9:31:01,2247.8,2247.8,2248.2,35,10,8
9:31:02,2248,2248.2,2248.4,29,1,28
9:31:02,2248.4,2247.6,2247.8,52,5,3
9:31:03,2248,2248,2248.4,41,6,1
9:31:03,2248.4,2248.2,2248.4,26,2,2
9:31:04,2248.4,2248.2,2248.8,8,2,37
9:31:04,2248.6,2248.6,2248.8,5,9,37
9:31:05,2248.8,2248.8,2249,46,2,53
9:31:05,2249.2,2249,2249.2,67,6,7
9:31:06,2249.2,2249.2,2249.6,72,42,91
9:31:06,2249.4,2249.2,2249.6,44,34,63
9:31:07,2249.6,2249.2,2249.6,74,9,51
9:31:07,2249.2,2248.8,2249.2,125,4,27
9:31:08,2249,2248.8,2249,19,2,20
9:31:08,2248.8,2248.4,2248.8,38,13,9
9:31:09,2248.8,2248.4,2248.8,23,1,2
9:31:09,2249,2249,2249.2,25,1,22
9:31:10,2248.6,2248.4,2248.8,4,22,2
9:31:10,2249,2248.6,2249,17,12,7
9:31:11,2249,2248.4,2249,61,1,5
9:31:11,2248.6,2248.6,2248.8,10,2,1
9:31:12,2248.6,2248.4,2248.8,11,12,1
9:31:12,2248.8,2248.8,2249,21,36,12
9:31:13,2248.8,2248.8,2249.2,24,26,21
9:31:13,2249,2249,2249.2,18,7,20
9:31:14,2249,2249,2249.2,9,2,17
9:31:14,2248.8,2248.8,2249,7,13,4
9:31:15,2248.8,2248.8,2249,13,7,14
9:31:15,2248.8,2248.8,2249,11,2,10
9:31:16,2249,2248.6,2249,5,2,9
9:31:16,2249,2248.8,2249,10,1,8
9:31:17,2248.6,2248.6,2248.8,3,11,1
9:31:17,2248.8,2248.6,2249,10,6,16
9:31:18,2248.8,2248.6,2248.8,9,7,8
9:31:18,2248.6,2248.6,2248.8,2,8,8
9:31:19,2248.8,2248.6,2248.8,11,5,5
9:31:19,2249,2248.8,2249,18,8,45
9:31:20,2248.6,2248.4,2248.6,10,18,1
9:31:20,2248.6,2248.4,2248.6,5,18,1
9:31:21,2248.6,2248.6,2248.8,3,55,12
9:31:21,2248.8,2248.6,2248.8,26,45,12
9:31:22,2248.8,2248.8,2249,14,1,57
9:31:22,2248.8,2248.8,2249,7,15,56
9:31:23,2248.8,2248.8,2249,28,18,30
9:31:24,2249,2248.6,2249,28,30,23
9:31:24,2249,2248.8,2249,14,6,14
9:31:25,2248.8,2248.6,2248.8,9,31,1
9:31:25,2249,2249,2249.2,15,22,8
9:31:26,2249,2249,2249.2,21,5,13
9:31:26,2249,2248.8,2249,5,9,59
9:31:27,2248.8,2248.6,2248.8,16,34,11
9:31:27,2248.8,2248.6,2248.8,23,22,37
9:31:28,2248.6,2248.6,2248.8,9,21,56
9:31:28,2248.8,2248.6,2248.8,40,4,31
9:31:29,2248.8,2248.4,2248.6,14,26,21
9:31:29,2248.6,2248.4,2248.6,1,26,21
9:31:30,2248.6,2248.4,2248.6,17,27,11
9:31:30,2248.4,2248.4,2248.6,5,26,11
9:31:31,2248.6,2248.4,2248.6,11,26,2
9:31:31,2248.8,2248.6,2248.8,11,19,28
9:31:32,2248.8,2248.6,2248.8,11,14,11
9:31:32,2248.6,2248.6,2248.8,5,22,9
9:31:33,2248.6,2248.6,2248.8,14,15,1
9:31:33,2249,2248.8,2249,31,2,31
9:31:34,2248.6,2248.6,2248.8,6,18,11
9:31:34,2249,2248.8,2249,17,1,27
9:31:35,2248.8,2248.8,2249,12,8,23
9:31:35,2249,2248.8,2249,12,11,17
9:31:36,2249,2248.8,2249,51,6,23
9:31:36,2248.8,2248.6,2248.8,8,29,12
9:31:37,2248.8,2248.6,2248.8,6,41,6
9:31:37,2248.8,2248.6,2248.8,7,34,6
9:31:38,2248.8,2248.8,2249,9,24,52
9:31:38,2248.8,2248.8,2249,16,41,40
9:31:39,2248.8,2248.8,2249,40,8,33
9:31:39,2249,2248.8,2249,4,9,27
9:31:40,2249,2248.8,2249,2,17,28
9:31:40,2248.8,2248.8,2249,11,9,28
9:31:41,2248.8,2248.8,2249,8,9,23
9:31:41,2248.8,2248.8,2249,3,7,23
9:31:42,2248.8,2248.8,2249,1,6,27
9:31:42,2248.8,2248.8,2249,8,3,27
9:31:43,2248.8,2248.8,2249,3,1,28
9:31:43,2249,2248.6,2249,11,28,22
9:31:44,2248.6,2248.6,2249,27,17,21
9:31:44,2248.8,2248.6,2248.8,15,10,5
9:31:45,2248.8,2248.6,2248.8,4,10,4
9:31:45,2248.6,2248.6,2248.8,4,6,18
9:31:46,2248.2,2248.2,2248.6,32,19,2
9:31:46,2248.6,2248.6,2248.8,2,6,48
9:31:47,2248.6,2248.2,2248.6,20,9,3
9:31:47,2248.2,2248,2248.2,15,38,7
9:31:48,2248.2,2248,2248.2,7,39,1
9:31:48,2248.2,2248.2,2248.6,5,54,27
9:31:49,2248.2,2248.4,2248.6,2,8,30
9:31:49,2248.6,2248.4,2248.6,5,8,24
9:31:50,2248.4,2248.4,2248.6,5,21,20
9:31:50,2248.6,2248.6,2248.8,24,6,39
9:31:51,2248.6,2248.6,2248.8,8,7,36
9:31:51,2248.8,2248.6,2248.8,5,6,32
9:31:52,2248.6,2248.6,2248.8,8,2,28
9:31:52,2248.6,2248.6,2248.8,6,9,25
9:31:53,2248.8,2248.4,2248.6,4,13,1
9:31:53,2248.8,2248.6,2248.8,6,1,18
9:31:54,2248.6,2248.6,2248.8,9,24,13
9:31:54,2248.8,2248.8,2249,21,10,30
9:31:55,2249.4,2249,2249.4,54,2,3
9:31:55,2249.6,2249.2,2249.6,16,2,62
9:31:56,2249.6,2249,2249.6,11,1,48
9:31:56,2249.4,2249.2,2249.4,19,1,5
9:31:57,2249.6,2249.2,2249.4,11,2,4
9:31:57,2249.4,2249.4,2249.6,13,8,63
9:31:58,2249.2,2249,2249.2,53,25,33
9:31:58,2249.2,2249,2249.2,12,12,21
9:31:59,2249.2,2249,2249.2,21,11,1
9:31:59,2249.4,2249,2249.4,22,8,3
9:32:00,2249.2,2249,2249.2,5,5,12
9:32:00,2249.6,2249.4,2249.6,74,2,44
9:32:01,2249.6,2249,2249.4,30,13,9
9:32:01,2249.6,2249.4,2249.6,35,5,16
9:32:02,2249.8,2249.6,2249.8,88,12,160
9:32:02,2249.8,2249.6,2249.8,78,5,91
9:32:03,2249.8,2249.6,2249.8,57,1,41
9:32:03,2249.6,2249.4,2249.8,40,2,9
9:32:04,2249.8,2249.4,2249.6,11,1,20
9:32:04,2249.2,2249.2,2249.4,20,2,50
9:32:05,2249.2,2249,2249.2,13,2,17
9:32:05,2249.2,2248.8,2249,19,3,6
9:32:06,2249,2249,2249.2,17,10,32
9:32:06,2249,2249,2249.2,8,11,30
9:32:07,2249.2,2249,2249.2,22,5,15
9:32:07,2249,2249,2249.2,4,4,15
9:32:08,2249,2248.8,2249,6,15,2
9:32:08,2249,2248.8,2249,13,9,23
9:32:09,2248.8,2248.8,2249,5,6,25
9:32:09,2249,2248.8,2249,12,13,22
9:32:10,2248.8,2248.8,2249,13,4,26
9:32:10,2248.8,2248.6,2248.8,17,28,10
9:32:11,2248.8,2248.6,2248.8,2,30,12
9:32:11,2248.6,2248.6,2248.8,3,28,12
9:32:12,2248.6,2248.6,2248.8,10,25,5
9:32:12,2248.6,2248.6,2248.8,26,7,21
9:32:13,2248.4,2248.4,2248.6,10,50,4
9:32:13,2248.4,2248.4,2248.8,24,35,20
9:32:14,2248.6,2248.6,2248.8,3,1,19
9:32:14,2248.6,2248.6,2248.8,2,14,30
9:32:15,2248.4,2248.4,2248.6,16,38,12
9:32:15,2248.8,2248.6,2248.8,25,20,22
9:32:16,2248.8,2248.6,2248.8,4,12,18
9:32:16,2248.6,2248.6,2248.8,15,17,11
9:32:17,2248.6,2248.6,2249,22,11,60
9:32:17,2248.8,2248.8,2249,18,1,54
9:32:18,2248.8,2248.4,2248.6,1,44,1
9:32:18,2248.6,2248.6,2249,5,2,56
9:32:19,2248.4,2248.6,2249,9,2,57
9:32:19,2248.8,2248.6,2248.8,4,6,1
9:32:20,2248.6,2248.6,2248.8,3,17,5
9:32:20,2248.6,2248.6,2248.8,5,14,7
9:32:21,2248.8,2248.6,2249,10,17,61
9:32:21,2248.6,2248.6,2248.8,1,32,1
9:32:22,2248.8,2248.8,2249,1,3,63
9:32:22,2248.8,2248.8,2249,1,3,63
9:32:23,2248.8,2248.6,2248.8,9,33,19
9:32:23,2249,2248.6,2248.8,43,32,1
9:32:24,2248.8,2248.6,2249,21,22,31
9:32:24,2248.8,2248.6,2248.8,8,21,1
9:32:25,2248.8,2248.6,2249,8,19,34
9:32:25,2248.6,2248.6,2248.8,4,17,6
9:32:26,2249,2248.6,2249,10,9,38
9:32:26,2248.8,2248.6,2249,4,6,38
9:32:27,2248.6,2248.6,2249,4,5,34
9:32:27,2249,2248.6,2248.8,9,4,3
9:32:28,2248.8,2248.8,2249,8,1,27
9:32:28,2248.6,2248.4,2248.6,5,45,1
9:32:29,2248.6,2248.4,2248.6,4,47,7
9:32:29,2248.6,2248.4,2248.6,15,48,10
9:32:30,2248.6,2248.4,2248.6,3,49,8
9:32:30,2248.8,2248.4,2248.8,9,60,10
9:32:31,2248.8,2248.6,2248.8,1,22,12
9:32:31,2248.6,2248.6,2248.8,5,11,10
9:32:32,2248.6,2248.6,2249,17,7,42
9:32:32,2248.8,2248.8,2249,2,2,42
9:32:33,2248.8,2248.8,2249,2,3,42
9:32:33,2248.8,2248.8,2249,6,6,45
9:32:34,2248.8,2248.8,2249,9,2,40
9:32:34,2248.8,2248.6,2248.8,2,18,3
9:32:35,2248.6,2248.6,2248.8,3,16,5
9:32:35,2248.8,2248.8,2249,7,3,42
9:32:36,2248.6,2248.6,2248.8,4,17,10
9:32:36,2248.6,2248.6,2248.8,14,7,1
9:32:37,2248.8,2248.6,2248.8,5,9,1
9:32:37,2248.6,2248.6,2249,2,9,50
9:32:38,2248.6,2248.6,2248.8,2,9,4
9:32:38,2248.6,2248.6,2248.8,3,13,9
9:32:39,2248.8,2248.6,2248.8,7,27,3
9:32:39,2248.6,2248.6,2248.8,7,21,2
9:32:40,2248.8,2248.6,2248.8,14,9,1
9:32:40,2248.8,2248.8,2249,3,3,50
9:32:41,2248.8,2248.6,2248.8,7,1,9
9:32:41,2248.6,2248.4,2248.6,8,65,31
9:32:42,2248.4,2248.4,2248.6,5,64,28
9:32:42,2248.6,2248.4,2248.6,2,64,26
9:32:43,2248.6,2248.4,2248.6,11,54,27
9:32:43,2248.4,2248.4,2248.6,1,55,31
9:32:44,2248.6,2248.4,2248.6,2,56,30
9:32:44,2248.4,2248.4,2248.6,4,53,29
9:32:45,2248.4,2248.4,2248.6,3,51,28
9:32:45,2248.6,2248.4,2248.6,16,38,50
9:32:46,2248.4,2248.4,2248.6,7,33,45
9:32:46,2248.4,2248.4,2248.6,16,20,44
9:32:47,2248.6,2248.4,2248.6,15,18,6
9:32:47,2248.6,2248.4,2248.6,3,18,3
9:32:48,2248.6,2248.4,2248.6,2,19,3
9:32:48,2248.6,2248.6,2248.8,9,13,34
9:32:49,2248.6,2248.6,2248.8,6,12,33
9:32:50,2248.6,2248.6,2248.8,4,21,31
9:32:50,2248.6,2248.6,2248.8,37,6,23
9:32:51,2248.8,2248.6,2248.8,15,31,12
9:32:51,2248.8,2248.6,2248.8,2,31,13
9:32:52,2248.8,2248.8,2249,14,5,66
9:32:53,2248.6,2248.6,2248.8,9,31,2
9:32:53,2249,2248.6,2248.8,7,32,2
9:32:54,2249,2248.8,2249,4,6,63
9:32:54,2249,2248.8,2249,38,5,31
9:32:55,2248.8,2248.8,2249,1,10,31
9:32:55,2249,2248.8,2249,30,12,6
9:32:56,2249,2249,2249.2,8,16,16
9:32:56,2249,2249,2249.2,17,1,25
9:32:57,2249.2,2249,2249.2,17,7,11
9:32:57,2249.4,2249,2249.2,18,10,1
9:32:58,2249.2,2249.2,2249.4,9,2,16
9:32:58,2249.4,2249,2249.4,12,9,14
9:32:59,2249.6,2249,2249.6,21,8,31
9:32:59,2249.6,2249.4,2249.6,15,13,19
9:33:00,2249.4,2249.2,2249.4,37,10,36
9:33:00,2249.4,2249,2249.4,52,8,25
9:33:01,2248.8,2248.8,2249,40,7,13
9:33:01,2249.6,2249.6,2250,88,1,172
9:33:02,2250,2249.6,2250,122,32,106
9:33:02,2250,2249.8,2250,127,3,4
9:33:03,2249.8,2249.2,2249.8,98,3,22
9:33:03,2249.8,2249.2,2249.8,42,28,12
9:33:04,2249.6,2249.4,2249.6,6,6,7
9:33:04,2249.4,2249.4,2249.6,16,2,1
9:33:05,2249.8,2249.2,2249.8,10,46,8
9:33:05,2249.4,2249.4,2249.6,28,1,1
9:33:06,2249.6,2249.6,2249.8,15,1,8
9:33:06,2249.6,2249.4,2249.6,7,10,2
9:33:07,2249.8,2249.8,2250.2,10,9,8
9:33:07,2250,2250,2250.2,21,2,8
9:33:08,2250,2249.6,2250,50,1,1
9:33:08,2249.6,2249.6,2250,18,16,3
9:33:09,2250,2249.6,2250,6,19,18
9:33:09,2250.2,2250.2,2250.4,46,5,108
9:33:10,2250.2,2250,2250.2,26,4,32
9:33:10,2249.6,2249.6,2250,19,15,26
9:33:11,2250,2249.6,2250,25,7,32
9:33:11,2249.6,2249.2,2249.6,28,18,3
9:33:12,2249.4,2249.2,2249.4,8,15,4
9:33:12,2249.6,2249.2,2249.6,20,1,4
9:33:13,2249.4,2249.2,2249.4,7,1,3
9:33:13,2249.4,2249.4,2249.6,5,4,5
9:33:14,2249.4,2249.4,2249.6,3,2,4
9:33:14,2249.2,2249,2249.6,12,17,1
9:33:15,2249.6,2249.2,2249.6,12,9,5
9:33:15,2249.6,2249.2,2249.6,8,3,3
9:33:16,2249.2,2249.2,2249.4,7,4,2
9:33:16,2249.6,2249.4,2249.6,12,1,29
9:33:17,2249.2,2249.2,2249.6,2,12,30
9:33:17,2249.2,2249.2,2249.6,10,8,30
9:33:18,2249.2,2249.2,2249.4,11,5,3
9:33:19,2249.4,2249.2,2249.4,4,4,3
9:33:19,2249.2,2249.2,2249.4,20,3,2
9:33:20,2249.2,2249,2249.2,4,24,16
9:33:20,2249.2,2249,2249.2,15,24,8
9:33:21,2249.2,2249,2249.2,3,22,13
9:33:22,2249.2,2249,2249.2,11,14,20
9:33:22,2249.2,2249.2,2249.4,27,31,4
9:33:23,2249.2,2249.2,2249.4,21,20,1
9:33:23,2249.4,2249.4,2249.6,21,2,14
9:33:24,2249.4,2249.4,2249.6,1,5,14
9:33:24,2249.6,2249.4,2249.6,3,5,11
9:33:25,2249.4,2249.4,2249.6,5,11,24
9:33:25,2249.6,2249.2,2249.6,12,16,13
9:33:26,2249.4,2249.2,2249.4,2,19,3
9:33:27,2249.4,2249.2,2249.4,8,18,13
9:33:27,2249.2,2249.2,2249.4,4,14,14
9:33:28,2249.2,2249,2249.2,17,3,18
9:33:28,2249,2249,2249.2,15,1,9
9:33:29,2249,2249,2249.2,4,2,8
9:33:29,2249.2,2249,2249.2,7,9,14
9:33:30,2249,2249,2249.2,8,3,13
9:33:30,2249.2,2248.8,2249,12,21,2
9:33:31,2248.8,2249,2249.2,16,2,11
9:33:31,2249.2,2248.8,2249.2,9,12,5
9:33:32,2249.2,2249.2,2249.4,12,34,20
9:33:32,2249.2,2249.2,2249.4,5,30,20
9:33:33,2249.2,2249.2,2249.4,3,34,18
9:33:33,2249.2,2249.2,2249.4,24,11,18
9:33:34,2249.2,2249.2,2249.4,5,7,16
9:33:34,2249.2,2249,2249.2,9,3,10
9:33:35,2249.2,2249,2249.2,5,8,12
9:33:35,2249,2249,2249.2,9,7,10
9:33:36,2249,2249,2249.2,12,2,8
9:33:36,2249.2,2249,2249.2,9,30,4
9:33:37,2249.2,2249,2249.2,24,14,9
9:33:37,2249,2248.8,2249,31,20,81
9:33:38,2249,2248.6,2249,30,11,79
9:33:38,2248.8,2248.6,2248.8,38,1,31
9:33:39,2248.6,2248.4,2248.6,1,7,4
9:33:39,2248.4,2248.4,2248.6,6,2,18
9:33:40,2248.4,2248.4,2248.6,17,6,19
9:33:40,2248.6,2248.2,2248.4,17,43,1
9:33:41,2248.2,2248.2,2248.4,3,41,3
9:33:41,2248.6,2248.4,2248.6,26,1,17
9:33:42,2248.4,2248.2,2248.4,50,30,39
9:33:42,2248.4,2248.2,2248.4,27,42,32
9:33:43,2248.4,2248.2,2248.4,17,33,28
9:33:43,2248.2,2248.2,2248.4,13,27,28
9:33:44,2248.2,2248.2,2248.4,8,21,27
9:33:44,2248.2,2248.2,2248.4,15,10,25
9:33:45,2248.2,2248.2,2248.4,7,4,24
9:33:45,2248.2,2248,2248.2,12,67,11
9:33:46,2248.2,2248.2,2248.4,30,8,23
9:33:46,2248.2,2248.2,2248.4,7,3,22
9:33:47,2248.4,2248.2,2248.4,4,27,22
9:33:47,2248.2,2248.2,2248.4,40,22,9
9:33:48,2248.2,2248.4,2248.6,16,27,9
9:33:48,2248.6,2248.4,2248.6,18,14,7
9:33:49,2248.4,2248.4,2248.6,7,13,4
9:33:49,2248.4,2248.2,2248.4,15,43,3
9:33:50,2248.2,2248.2,2248.6,14,45,7
9:33:50,2248.2,2248.2,2248.6,1,46,19
9:33:51,2248.4,2248.2,2248.6,6,46,14
9:33:51,2248.4,2248.4,2248.6,7,3,13
9:33:52,2248.4,2248.4,2248.6,6,2,14
9:33:52,2248.4,2248.4,2248.6,10,2,9
9:33:53,2248.6,2248.2,2248.6,7,47,5
9:33:53,2248.2,2248.2,2248.4,3,44,1
9:33:54,2248.6,2248.4,2248.8,12,3,23
9:33:54,2248.6,2248.4,2248.6,3,2,2
9:33:55,2248.6,2248.6,2248.8,25,3,19
9:33:55,2248.6,2248.6,2248.8,3,16,20
9:33:56,2248.6,2248.6,2248.8,13,3,20
9:33:56,2248.6,2248.4,2248.8,9,13,3
9:33:57,2248.8,2248.4,2248.8,4,12,2
9:33:57,2248.4,2248.4,2249,3,11,100
9:33:58,2248.8,2248.4,2248.8,5,23,3
9:33:59,2248.4,2248.4,2248.6,6,26,2
9:33:59,2248.6,2248.6,2248.8,10,1,30
9:34:00,2248.4,2248.6,2248.8,2,1,34
9:34:00,2248.4,2248.4,2248.8,12,27,26
9:34:01,2248.4,2248.4,2248.6,9,24,2
9:34:01,2248.6,2248.6,2248.8,18,3,22
9:34:02,2248.8,2248.4,2248.8,24,15,7
9:34:02,2248.8,2248.4,2248.8,9,15,6
9:34:03,2248.6,2248.6,2248.8,5,22,6
9:34:03,2248.6,2248.6,2248.8,11,14,12
9:34:04,2248.4,2248.2,2248.4,34,39,26
9:34:04,2248.4,2248.2,2248.4,10,35,21
9:34:05,2248.4,2248.2,2248.4,27,16,16
9:34:05,2248.2,2248.2,2248.4,1,16,17
9:34:06,2248.2,2248,2248.2,46,134,14
9:34:06,2248,2248,2248.2,23,119,11
9:34:07,2248,2248,2248.2,18,107,20
9:34:07,2248,2248,2248.2,38,72,17
9:34:08,2248,2248,2248.2,22,52,21
9:34:08,2248,2247.8,2248,53,20,2
9:34:09,2248,2247.8,2248,18,20,5
9:34:09,2247.8,2247.6,2247.8,29,27,15
9:34:10,2248.2,2248,2248.2,34,10,29
9:34:10,2248,2248,2248.2,7,4,28
9:34:11,2247.8,2248,2248.2,10,5,26
9:34:11,2248,2247.8,2248,10,5,1
9:34:12,2248,2247.8,2248,10,9,5
9:34:12,2248,2247.8,2248,2,10,3
9:34:13,2247.8,2247.8,2248,5,12,3
9:34:13,2248,2247.8,2248,3,61,20
9:34:14,2247.8,2247.8,2248,32,33,21
9:34:14,2247.8,2247.6,2247.8,41,29,78
9:34:15,2247.6,2247.6,2247.8,30,1,77
9:34:15,2247.6,2247.4,2247.6,16,20,6
9:34:16,2247.4,2247.4,2247.6,6,15,7
9:34:16,2247.4,2247.6,2247.8,18,1,77
9:34:17,2247.8,2247.4,2247.6,24,7,3
9:34:17,2247.4,2247.2,2247.4,15,55,15
9:34:18,2247.4,2247.2,2247.4,8,55,18
9:34:18,2247.4,2247.2,2247.4,17,44,16
9:34:19,2247.2,2247.4,2247.6,26,1,8
9:34:19,2247.4,2247.4,2247.6,24,54,5
9:34:20,2247.6,2247.6,2247.8,14,4,73
9:34:20,2247.8,2247.6,2247.8,20,2,64
9:34:21,2247.8,2247.4,2247.6,11,63,1
9:34:21,2247.6,2247.4,2247.8,8,63,17
9:34:22,2247.8,2247.6,2247.8,5,29,15
9:34:22,2247.8,2247.8,2248,18,4,50
9:34:23,2248,2247.8,2248,12,5,43
9:34:23,2248,2247.8,2248,4,10,40
9:34:24,2248,2247.8,2248,23,4,40
9:34:24,2247.8,2247.6,2247.8,6,21,35
9:34:25,2247.6,2247.6,2247.8,8,15,36
9:34:25,2247.6,2247.4,2247.6,17,72,12
9:34:26,2247.4,2247.4,2247.6,32,46,19
9:34:26,2247.4,2247.4,2247.6,8,41,18
9:34:27,2247.6,2247.4,2247.6,16,40,2
9:34:27,2247.8,2247.4,2247.8,3,43,50
9:34:28,2247.4,2247.4,2247.6,20,27,19
9:34:28,2247.4,2247.4,2247.6,23,21,3
9:34:29,2247.8,2247.6,2247.8,10,12,29
9:34:29,2247.6,2247.6,2247.8,2,13,30
9:34:30,2247.8,2247.6,2247.8,5,13,34
9:34:30,2247.6,2247.6,2247.8,5,14,30
9:34:31,2247.6,2247.6,2247.8,8,10,15
9:34:31,2247.8,2247.6,2247.8,16,5,6
9:34:32,2247.8,2247.6,2248,8,7,59
9:34:32,2247.8,2247.6,2248,5,8,56
9:34:33,2247.6,2247.8,2248,2,1,57
9:34:33,2247.6,2247.6,2248,2,21,58
9:34:34,2247.6,2247.6,2248,7,24,55
9:34:34,2247.6,2247.6,2247.8,9,18,1
9:34:35,2247.6,2247.6,2247.8,3,15,16
9:34:36,2247.8,2247.6,2247.8,2,18,16
9:34:36,2247.8,2247.6,2247.8,5,20,11
9:34:37,2247.8,2247.6,2247.8,12,18,4
9:34:37,2247.8,2247.8,2248,8,3,65
9:34:38,2247.8,2247.8,2248,3,1,65
9:34:39,2247.6,2247.6,2248,6,27,67
9:34:39,2247.8,2247.8,2248,4,2,70
9:34:40,2247.8,2247.6,2248,3,25,70
9:34:41,2247.6,2247.6,2247.8,2,34,1
9:34:42,2247.8,2247.8,2248,1,11,73
9:34:42,2247.6,2247.6,2248,43,11,63
9:34:43,2248,2247.6,2248,9,6,61
9:34:43,2247.8,2247.8,2248,14,26,62
9:34:44,2248,2247.8,2248,50,19,20
9:34:44,2248,2247.6,2248,90,1,19
9:34:45,2248,2248,2248.2,22,3,22
9:34:45,2248,2248,2248.2,8,1,19
9:34:46,2248.2,2247.6,2248,7,25,2
9:34:46,2247.8,2247.8,2248,2,1,3
9:34:47,2248,2247.8,2248,2,2,7
9:34:47,2248,2247.8,2248,1,2,7
9:34:48,2247.8,2247.8,2248,6,2,5
9:34:49,2248,2247.6,2248,5,32,10
9:34:49,2248,2247.6,2248,9,31,11
9:34:50,2247.6,2247.6,2247.8,3,32,2
9:34:51,2247.8,2247.8,2248,2,8,14
9:34:51,2248,2247.8,2248,2,8,12
9:34:52,2248,2247.8,2248.2,12,8,21
9:34:52,2247.8,2247.8,2248.2,3,7,19
9:34:53,2247.8,2247.8,2248.2,1,23,19
9:34:53,2247.8,2247.8,2248.2,13,42,15
9:34:54,2248.2,2248,2248.2,5,5,12
9:34:54,2248.6,2248,2248.2,43,3,1
9:34:55,2247.8,2247.8,2248,5,45,2
9:34:55,2248,2247.8,2248.6,4,44,37
9:34:56,2248.4,2248.2,2248.4,8,18,3
9:34:56,2248.2,2248.2,2248.4,18,12,5
9:34:57,2248.2,2248.2,2248.4,11,7,6
9:34:57,2248.2,2248.2,2248.4,1,6,10
9:34:58,2248.4,2248.2,2248.4,12,7,2
9:34:58,2248.4,2248.2,2248.4,10,2,2
9:34:59,2248.4,2248.2,2248.6,6,3,50
9:34:59,2248.2,2248,2248.2,3,3,27
9:35:00,2247.8,2247.8,2248,7,30,29
9:35:00,2247.8,2247.8,2248.2,44,25,25
9:35:01,2248,2247.8,2248,30,23,1
9:35:01,2248.2,2248.2,2248.4,45,1,6
9:35:02,2248,2248.2,2248.6,15,18,39
9:35:02,2248.6,2248.2,2248.6,16,25,32
9:35:03,2248.6,2248.2,2248.6,21,27,13
9:35:03,2248.6,2248.2,2248.6,8,30,6
9:35:04,2248.6,2248.4,2248.6,6,1,5
9:35:04,2248.2,2248.2,2248.8,11,24,12
9:35:05,2248.8,2248.6,2248.8,6,2,36
9:35:05,2248.2,2248.2,2248.6,18,11,1
9:35:06,2248.2,2248.2,2248.8,8,6,38
9:35:06,2248.2,2248,2248.2,13,11,2
9:35:07,2248.2,2248,2248.8,2,11,37
9:35:07,2248.4,2248.2,2248.4,8,35,4
9:35:08,2248.6,2248.4,2248.6,18,1,28
9:35:08,2248.6,2248.2,2248.6,4,22,27
9:35:09,2248.6,2248.2,2248.4,2,25,28
9:35:09,2248.4,2248.2,2248.4,21,7,28
9:35:10,2248.4,2248.2,2248.4,29,2,11
9:35:10,2248.2,2248,2248.2,6,15,7
9:35:11,2248.2,2248,2248.2,1,15,10
9:35:11,2248,2248,2248.2,2,14,12
9:35:12,2248,2248,2248.2,1,13,16
9:35:12,2248,2248,2248.2,4,7,17
9:35:13,2248.2,2248,2248.2,10,1,16
9:35:13,2248.2,2247.8,2248,2,26,8
9:35:14,2248.2,2248,2248.2,11,1,15
9:35:14,2248,2247.8,2248.2,3,29,14
9:35:15,2248,2247.8,2248,11,37,24
9:35:15,2248,2247.8,2248,3,38,21
9:35:16,2248,2247.8,2248,11,37,15
9:35:16,2247.8,2247.8,2248,15,31,5
9:35:17,2248,2248,2248.2,7,4,25
9:35:17,2248.2,2248,2248.2,4,8,22
9:35:18,2248,2248,2248.2,4,6,20
9:35:18,2248,2248,2248.2,15,5,9
9:35:19,2248.2,2248.2,2248.4,11,2,20
9:35:19,2248.4,2248.2,2248.4,12,2,9
9:35:20,2248.4,2248.4,2248.6,11,2,34
9:35:21,2248.4,2248.4,2248.6,5,3,38
9:35:21,2248.4,2248.4,2248.6,2,2,39
9:35:22,2248.4,2248.4,2248.6,2,1,40
9:35:22,2248.4,2248.2,2248.4,2,8,11
9:35:23,2248.4,2248.2,2248.4,2,10,15
9:35:24,2248.2,2248.2,2248.4,1,10,47
9:35:24,2248.2,2248.2,2248.4,4,8,49
9:35:25,2248,2248,2248.2,17,18,26
9:35:25,2248,2248,2248.2,14,6,24
9:35:26,2248,2248,2248.2,4,5,31
9:35:27,2248,2247.8,2248,10,31,1
9:35:27,2247.8,2247.8,2248.2,14,20,23
9:35:28,2247.8,2247.8,2248,5,16,4
9:35:28,2247.8,2247.8,2248,1,15,5
9:35:29,2247.8,2247.8,2248,5,10,8
9:35:29,2247.8,2247.6,2248,10,65,8
9:35:30,2248,2247.6,2248,12,54,6
9:35:30,2247.6,2247.6,2247.8,10,49,3
9:35:31,2247.8,2247.6,2247.8,2,48,1
9:35:31,2247.8,2247.6,2248,13,37,6
9:35:32,2247.6,2247.6,2248,27,13,4
9:35:32,2247.6,2247.4,2247.6,17,22,2
9:35:33,2247.6,2247.4,2247.8,2,22,1
9:35:33,2247.6,2247.6,2247.8,32,3,2
9:35:34,2247.6,2247.6,2247.8,7,1,1
9:35:34,2247.6,2247.4,2247.8,5,12,12
9:35:35,2247.4,2247.6,2247.8,6,5,12
9:35:35,2247.6,2247.6,2247.8,15,7,1
9:35:36,2247.8,2247,2247.8,90,41,2
9:35:36,2247.2,2247.2,2247.4,2,2,3
9:35:37,2247.4,2247,2247.6,11,43,10
9:35:37,2247.2,2247,2247.6,3,43,10
9:35:38,2247.4,2247,2247.4,5,41,1
9:35:38,2247.4,2247,2247.4,10,33,4
9:35:39,2247.4,2247.4,2247.6,23,1,3
9:35:39,2247,2247.4,2247.6,7,5,3
9:35:40,2247.4,2247.4,2247.6,3,3,18
9:35:40,2247.4,2247.4,2247.6,8,4,12
9:35:41,2247.4,2247.2,2247.4,6,11,6
9:35:41,2247.2,2247.2,2247.4,4,10,11
9:35:42,2247.2,2247.2,2247.4,6,11,12
9:35:42,2247.4,2247.2,2247.4,12,12,2
9:35:43,2247.2,2247,2247.4,22,60,12
9:35:43,2247,2247,2247.2,15,46,27
9:35:44,2247.2,2247,2247.2,27,33,23
9:35:44,2247,2247,2247.2,23,12,5
9:35:45,2247,2247,2247.2,8,6,5
9:35:45,2247,2246.8,2247,10,18,15
9:35:46,2246.8,2246.6,2246.8,21,56,33
9:35:46,2246.6,2246.6,2246.8,40,26,26
9:35:47,2246.6,2246.6,2246.8,36,15,1
9:35:47,2246.6,2246.8,2247,12,1,27
9:35:48,2246.8,2246.6,2246.8,9,9,2
9:35:48,2247,2246.8,2247,15,8,28
9:35:49,2246.8,2246.8,2247,33,11,8
9:35:49,2247,2246.8,2247,7,25,3
9:35:50,2247,2246.8,2247,3,31,4
9:35:50,2247,2247,2247.2,13,3,10
9:35:51,2247,2246.8,2247,17,22,4
9:35:51,2247,2246.8,2247,7,21,1
9:35:52,2247,2247,2247.2,8,1,6
9:35:52,2247.2,2247.2,2247.4,13,18,15
9:35:53,2247.2,2247.2,2247.4,23,4,13
9:35:53,2247.4,2247.4,2247.6,18,17,16
9:35:54,2247.4,2247.4,2247.6,4,13,16
9:35:54,2247.4,2247.4,2247.6,23,1,21
9:35:55,2247.4,2247.4,2247.6,22,4,11
9:35:55,2247.4,2247.4,2247.6,3,11,10
9:35:56,2247.4,2247.4,2247.6,3,11,10
9:35:56,2247.4,2247.4,2247.6,2,10,13
9:35:57,2247.6,2247.4,2247.6,3,9,12
9:35:57,2247.4,2247.4,2247.6,2,7,12
9:35:58,2247.6,2247.6,2247.8,15,9,50
9:35:59,2247.6,2247.6,2247.8,2,9,53
9:35:59,2247.6,2247.6,2247.8,14,5,51
9:36:00,2247.6,2247.4,2247.8,5,30,51
9:36:00,2247.6,2247.4,2247.6,30,15,8
9:36:01,2247.8,2247.4,2247.8,25,4,40
9:36:01,2247.2,2247.2,2247.4,40,9,21
9:36:02,2247.4,2247.2,2247.4,10,51,12
9:36:02,2247.4,2247.2,2247.4,14,54,2
9:36:03,2247.8,2247.4,2247.8,7,1,11
9:36:03,2247.8,2247.4,2247.8,2,7,14
9:36:04,2247.8,2247.4,2247.8,10,16,9
9:36:04,2248,2247.6,2248,17,1,39
9:36:05,2247.8,2247.8,2248,15,1,30
9:36:05,2248,2247.6,2248,4,2,27
9:36:06,2247.8,2247.8,2248,3,3,30
9:36:06,2248,2247.8,2248,4,4,29
9:36:07,2247.8,2247.6,2247.8,19,12,4
9:36:07,2247.8,2247.6,2247.8,4,10,3
9:36:08,2248,2247.8,2248,7,101,19
9:36:08,2248,2248.2,2248.4,58,1,28
9:36:09,2248.4,2248.4,2248.6,31,26,35
9:36:09,2248.4,2248.4,2248.6,6,20,40
9:36:10,2248.6,2248.4,2248.6,99,11,2
9:36:10,2248.4,2248.4,2248.6,4,10,5
9:36:11,2248.4,2248,2248.4,16,7,9
9:36:11,2248,2248,2248.4,8,29,4
9:36:12,2248.4,2248,2248.2,4,29,7
9:36:12,2248,2248,2248.2,44,10,5
9:36:13,2248.2,2248,2248.2,7,9,1
9:36:13,2248.4,2248,2248.2,8,61,8
9:36:14,2248,2248,2248.2,10,60,2
9:36:14,2248.2,2248.2,2248.4,3,2,3
9:36:15,2248.4,2248.2,2248.4,30,1,1
9:36:16,2248.2,2248.2,2248.6,8,7,16
9:36:16,2248.2,2248.2,2248.4,10,26,2
9:36:17,2248.4,2248.4,2248.6,4,4,18
9:36:17,2248.6,2248.4,2248.6,7,4,14
9:36:18,2248.4,2248.4,2248.6,5,2,8
9:36:18,2248.4,2248.2,2248.6,4,36,9
9:36:19,2249,2248.6,2249,18,3,73
9:36:19,2248.6,2248.4,2248.6,6,8,1
9:36:20,2248.6,2248.6,2248.8,5,3,4
9:36:20,2248.6,2248.6,2248.8,3,1,4
9:36:21,2248.8,2248.6,2248.8,2,2,9
9:36:21,2248.6,2248.6,2248.8,5,3,17
9:36:22,2248.8,2248.6,2248.8,11,2,11
9:36:22,2248.8,2248.4,2248.8,6,9,34
9:36:23,2248.4,2248.2,2248.4,18,41,23
9:36:23,2248.4,2248.2,2248.4,11,36,16
9:36:24,2248.4,2248.2,2248.4,6,34,11
9:36:24,2248.4,2248.2,2248.4,2,35,10
9:36:25,2248.2,2248.2,2248.4,2,34,9
9:36:25,2248.4,2248.4,2248.6,15,6,15
9:36:26,2248.6,2248.6,2248.8,16,23,29
9:36:27,2248.6,2248.6,2248.8,9,21,31
9:36:27,2248.6,2248.6,2248.8,15,6,17
9:36:28,2248.6,2248.6,2248.8,5,1,29
9:36:28,2248.8,2248.6,2248.8,43,19,10
9:36:29,2248.6,2248.6,2248.8,2,18,13
9:36:29,2248.6,2248.6,2248.8,4,16,11
9:36:30,2248.6,2248.6,2248.8,8,13,15
9:36:31,2248.6,2248.6,2248.8,8,21,47
9:36:31,2248.8,2248.6,2248.8,4,21,43
9:36:32,2248.8,2248.6,2248.8,4,20,40
9:36:32,2248.6,2248.6,2248.8,19,13,31
9:36:33,2248.8,2248.6,2249,97,8,42
9:36:33,2248.6,2248.6,2249,2,8,43
9:36:34,2249,2248.8,2249,36,3,8
9:36:34,2248.8,2248.6,2248.8,3,11,7
9:36:35,2249,2248.8,2249,8,8,9
9:36:35,2248.8,2248.8,2249,5,5,8
9:36:36,2249,2248.8,2249.2,9,17,25
9:36:36,2249,2248.8,2249,3,14,1
9:36:37,2248.8,2248.8,2249.2,11,13,21
9:36:37,2249.2,2249,2249.2,3,4,19
9:36:38,2249,2248.8,2249,12,12,3
9:36:38,2249,2249,2249.2,9,2,17
9:36:39,2249.2,2249,2249.2,7,13,13
9:36:39,2249.2,2249,2249.2,12,9,10
9:36:40,2249.2,2249.2,2249.4,30,3,6
9:36:40,2249.4,2249,2249.4,5,17,4
9:36:41,2249.4,2249,2249.4,8,16,1
9:36:41,2249.6,2249.4,2249.6,19,24,31
9:36:42,2249.4,2249,2249.4,40,10,4
9:36:42,2249.4,2249.4,2249.6,15,3,33
9:36:43,2249.6,2249,2249.6,22,26,26
9:36:43,2249.4,2249,2249.4,5,27,3
9:36:44,2249.2,2249,2249.2,11,22,4
9:36:44,2249,2249,2249.2,32,18,3
9:36:45,2249,2249.2,2249.6,10,17,24
9:36:45,2249.6,2249.2,2249.6,5,20,36
9:36:46,2249.2,2249.2,2249.6,6,21,35
9:36:46,2249.2,2249.2,2249.4,6,18,1
9:36:47,2249.2,2249.2,2249.4,5,13,1
9:36:47,2249.4,2249.2,2249.4,5,13,6
9:36:48,2249.2,2249.2,2249.4,10,3,6
9:36:48,2249.2,2249,2249.2,10,26,6
9:36:49,2249.4,2249,2249.2,9,26,14
9:36:49,2249.2,2249.2,2249.4,29,3,8
9:36:50,2249.4,2249.4,2249.6,14,26,58
9:36:50,2249.6,2249.4,2249.6,17,36,78
9:36:51,2249.6,2249.4,2249.6,16,36,58
9:36:51,2249.6,2249.4,2249.6,27,13,33
9:36:52,2249.6,2249.4,2249.6,34,7,9
9:36:52,2249.6,2249.4,2249.6,19,7,20
9:36:53,2249.8,2249.6,2249.8,25,1,57
9:36:53,2249.6,2249.6,2249.8,29,10,55
9:36:54,2249.8,2249.6,2249.8,6,14,49
9:36:54,2249.6,2249.6,2249.8,9,11,45
9:36:55,2249.8,2249.6,2249.8,45,6,8
9:36:55,2249.6,2249.6,2250,20,3,62
9:36:56,2249.8,2249.4,2250,9,3,66
9:36:56,2249.6,2249.6,2249.8,13,2,21
9:36:57,2249.8,2249.6,2249.8,11,3,24
9:36:57,2249.4,2249.4,2249.6,10,3,3
9:36:58,2249.2,2249.2,2249.6,9,22,13
9:36:58,2249.4,2249.4,2249.6,9,1,18
9:36:59,2249.2,2249.2,2249.4,7,19,36
9:36:59,2249.4,2249.2,2249.4,14,9,30
9:37:00,2249.4,2249,2249.4,34,18,34
9:37:00,2249,2249,2249.4,21,16,29
9:37:01,2249,2249,2249.2,18,14,4
9:37:01,2249.6,2249.4,2249.6,26,1,24
9:37:02,2249,2249,2249.4,17,13,1
9:37:02,2248.8,2249.2,2249.6,35,3,22
9:37:03,2249.6,2249.4,2249.6,7,1,16
9:37:03,2249.2,2249,2249.4,15,5,1
9:37:04,2249,2249,2249.2,3,4,1
9:37:04,2249,2249,2249.2,11,2,10
9:37:05,2249,2248.8,2249,4,17,16
9:37:05,2249,2248.8,2249,8,15,22
9:37:06,2249,2248.8,2249,18,13,15
9:37:06,2248.8,2248.8,2249,9,11,12
9:37:07,2248.8,2248.8,2249,13,15,14
9:37:07,2248.8,2248.8,2249,4,12,14
9:37:08,2248.8,2248.6,2248.8,12,18,8
9:37:08,2248.6,2248.6,2248.8,4,16,8
9:37:09,2248.8,2248.6,2248.8,3,15,6
9:37:09,2248.6,2248.6,2248.8,22,15,1
9:37:10,2248.8,2248.6,2249,13,5,22
9:37:10,2248.4,2248.4,2248.6,7,25,3
9:37:11,2248.4,2248.4,2248.6,4,49,2
9:37:11,2248.4,2248.4,2248.6,9,42,1
9:37:12,2248.4,2248.4,2248.8,7,17,5
9:37:12,2248.8,2248.4,2248.8,7,15,24
9:37:13,2248.6,2248.6,2248.8,15,11,24
9:37:13,2248.6,2248.6,2248.8,8,6,26
9:37:14,2248.4,2248.4,2248.6,15,7,3
9:37:14,2248.4,2248.4,2248.6,6,1,24
9:37:15,2248.6,2248.2,2248.6,21,11,10
9:37:15,2248.4,2248.2,2248.4,12,3,3
9:37:16,2248.2,2248,2248.4,5,64,3
9:37:16,2248.2,2248,2248.2,3,74,3
9:37:17,2248.6,2248,2248.6,39,37,11
9:37:17,2248.2,2248.2,2248.6,6,3,7
9:37:18,2248.2,2248.2,2248.4,13,11,2
9:37:18,2248.2,2248.2,2248.4,4,11,1
9:37:19,2248.2,2248.2,2248.4,4,9,2
9:37:19,2248.2,2248.2,2248.4,7,8,3
9:37:20,2248.4,2248.4,2248.6,5,11,10
9:37:20,2248.4,2248.4,2248.6,4,15,20
9:37:21,2248.4,2248.4,2248.6,2,19,20
9:37:21,2248.4,2248.4,2248.6,6,18,20
9:37:22,2248.6,2248.4,2248.6,1,18,19
9:37:22,2248.4,2248.4,2248.6,3,16,18
9:37:23,2248.2,2248,2248.4,31,39,26
9:37:23,2248,2248,2248.4,4,37,17
9:37:24,2248.2,2248,2248.4,18,43,17
9:37:24,2248.4,2248,2248.4,5,43,15
9:37:25,2248,2248.2,2248.4,4,2,15
9:37:25,2248,2248,2248.2,13,31,38
9:37:26,2248,2248,2248.2,4,28,38
9:37:26,2248,2248,2248.2,5,24,38
9:37:27,2248.2,2248,2248.2,13,18,37
9:37:27,2248.2,2248,2248.2,3,18,35
9:37:28,2248.2,2248,2248.2,7,5,32
9:37:28,2248,2247.8,2248,7,39,4
9:37:29,2247.4,2247.4,2248,91,22,1
9:37:29,2247.8,2247.6,2247.8,14,8,1
9:37:30,2248,2247.6,2248,5,6,4
9:37:30,2247.6,2247.4,2247.6,11,24,1
9:37:31,2247.4,2247.4,2248,16,17,3
9:37:31,2248,2247.8,2248,7,6,7
9:37:32,2247.6,2247.6,2248,8,5,8
9:37:32,2247.6,2247.6,2247.8,1,5,4
9:37:33,2248,2247.6,2248,30,3,8
9:37:33,2247.6,2247.4,2247.8,5,46,1
9:37:34,2247.8,2247.8,2248,8,11,13
9:37:34,2248,2247.8,2248,2,21,18
9:37:35,2247.8,2247.8,2248,8,3,18
9:37:35,2248,2247.8,2248,1,4,16
9:37:36,2248,2247.8,2248,2,18,16
9:37:36,2247.8,2247.8,2248,6,14,15
9:37:37,2247.8,2247.8,2248,4,12,13
9:37:37,2247.8,2247.8,2248,4,12,12
9:37:38,2248,2247.8,2248,5,10,16
9:37:38,2248,2247.8,2248,3,9,14
9:37:39,2248,2248,2248.2,19,21,32
9:37:39,2248,2248,2248.2,2,19,35
9:37:40,2248,2248,2248.2,11,9,34
9:37:40,2248,2248,2248.2,8,2,34
9:37:41,2248,2248,2248.2,4,10,32
9:37:41,2248,2248,2248.2,2,9,31
9:37:42,2248,2248,2248.2,6,4,30
9:37:42,2248,2248,2248.2,1,3,30
9:37:43,2248,2248,2248.2,1,2,30
9:37:43,2248,2247.8,2248,3,11,3
9:37:44,2248,2247.8,2248,4,11,1
9:37:44,2247.8,2247.8,2248.2,7,6,30
9:37:45,2248,2247.8,2248,3,7,16
9:37:46,2247.8,2247.6,2247.8,12,36,3
9:37:46,2247.8,2247.6,2247.8,1,36,5
9:37:47,2247.8,2247.6,2247.8,4,36,1
9:37:47,2247.6,2247.4,2247.6,37,44,13
9:37:48,2247.6,2247.4,2247.6,2,44,11
9:37:48,2247.4,2247.4,2247.8,14,42,1
9:37:49,2247.6,2247.6,2247.8,3,7,3
9:37:50,2247.8,2247.6,2247.8,16,2,2
9:37:50,2247.6,2247.6,2247.8,2,19,2
9:37:51,2247.6,2247.6,2247.8,2,18,2
9:37:51,2247.6,2247.6,2247.8,1,28,3
9:37:52,2247.8,2247.6,2247.8,10,28,2
9:37:52,2247.6,2247.6,2248,14,16,20
9:37:53,2247.6,2247.6,2247.8,8,13,7
9:37:53,2247.8,2247.6,2247.8,4,2,4
9:37:54,2247.8,2247.6,2247.8,5,7,2
9:37:54,2247.8,2247.6,2248,2,8,18
9:37:55,2247.6,2247.8,2248,4,5,18
9:37:55,2247.6,2247.8,2248,1,5,18
9:37:56,2247.8,2247.6,2247.8,8,16,19
9:37:56,2247.8,2247.6,2247.8,3,17,16
9:37:57,2247.8,2247.6,2247.8,10,18,6
9:37:57,2247.6,2247.6,2247.8,9,13,4
9:37:58,2247.6,2247.6,2247.8,5,12,5
9:37:58,2248,2247.6,2248,25,32,3
9:37:59,2247.6,2247.6,2247.8,2,31,1
9:37:59,2247.6,2247.6,2247.8,3,31,3
9:38:00,2247.8,2247.6,2247.8,1,33,2
9:38:00,2247.8,2247.6,2248.2,24,31,33
9:38:01,2248,2247.6,2248,1,31,1
9:38:02,2248,2247.8,2248,2,11,4
9:38:02,2248.2,2247.8,2248.2,6,11,32
9:38:03,2248.2,2247.8,2248.2,3,11,29
9:38:03,2248.2,2247.8,2248.2,40,17,2
9:38:04,2248.2,2248.2,2248.4,3,1,24
9:38:04,2248.4,2248.2,2248.4,8,2,22
9:38:05,2248.2,2248.2,2248.4,3,20,29
9:38:05,2248.6,2248.4,2248.6,33,8,17
9:38:06,2248.4,2248.4,2248.6,12,8,6
9:38:06,2248.6,2248.4,2248.6,4,8,4
9:38:07,2248.6,2248.6,2248.8,6,17,15
9:38:07,2248.8,2248.6,2248.8,1,15,14
9:38:08,2248.6,2248.6,2248.8,1,14,15
9:38:08,2248.6,2248.6,2248.8,7,22,9
9:38:09,2248.8,2248.6,2248.8,1,22,12
9:38:09,2248.8,2248.6,2248.8,3,22,10
9:38:10,2249,2248.6,2249,14,28,22
9:38:10,2248.6,2248.8,2249,4,2,22
9:38:11,2248.6,2248.6,2248.8,4,26,1
9:38:11,2249,2248.6,2248.8,10,29,1
9:38:12,2248.8,2248.8,2249,13,41,15
9:38:12,2248.8,2248.8,2249,5,37,19
9:38:13,2249,2248.8,2249.2,19,38,6
9:38:13,2249,2249,2249.2,4,45,10
9:38:14,2249,2249,2249.2,3,44,9
9:38:14,2249.2,2249.2,2249.4,17,4,23
9:38:15,2249,2249,2249.4,6,2,23
9:38:15,2249,2248.8,2249.4,60,40,3
9:38:16,2249.2,2248.8,2249.2,8,40,13
9:38:16,2249.2,2248.8,2249.2,4,39,17
9:38:17,2249.2,2248.8,2249.2,2,39,19
9:38:18,2249,2248.8,2249,17,29,1
9:38:18,2249,2248.8,2249,22,9,25
9:38:19,2248.8,2248.8,2249,7,3,30
9:38:19,2248.8,2248.6,2248.8,8,29,1
9:38:20,2248.8,2248.6,2248.8,15,21,13
9:38:21,2249,2248.6,2249,30,21,15
9:38:21,2248.6,2248.6,2249,6,20,13
9:38:22,2248.6,2248.8,2249,14,3,10
9:38:22,2249,2248.8,2249,3,2,6
9:38:23,2249,2248.6,2249,3,18,6
9:38:23,2249,2249,2249.2,18,5,54
9:38:24,2249,2249,2249.2,8,3,48
9:38:24,2249,2249,2249.2,8,6,44
9:38:25,2249.2,2249,2249.2,7,4,41
9:38:25,2249.2,2248.8,2249.2,9,12,37
9:38:26,2248.8,2248.8,2249,5,7,2
9:38:26,2249,2248.8,2249,11,4,2
9:38:27,2248.8,2248.8,2249,5,2,1
9:38:27,2249,2249,2249.2,24,1,44
9:38:28,2248.8,2248.6,2249,3,3,3
9:38:28,2248.8,2249,2249.2,8,1,44
9:38:29,2249.2,2249,2249.2,3,3,43
9:38:29,2248.8,2248.8,2249,7,6,1
9:38:30,2249,2249,2249.2,5,2,44
9:38:30,2249.2,2248.8,2249.2,5,4,42
9:38:31,2249.2,2248.8,2249,9,3,1
9:38:31,2249.2,2248.8,2249,11,2,1
9:38:32,2248.8,2248.8,2249,1,2,4
9:38:32,2249,2248.8,2249,13,6,2
9:38:33,2249.2,2249,2249.2,12,4,34
9:38:33,2249.2,2249,2249.2,12,8,23
9:38:34,2249,2249,2249.2,7,1,23
9:38:34,2249.2,2249,2249.2,8,4,17
9:38:35,2249,2248.8,2249,8,13,2
9:38:35,2249,2248.8,2249.2,5,13,29
9:38:36,2249.2,2249,2249.2,6,6,35
9:38:36,2249,2249,2249.2,7,2,40
9:38:37,2249,2249,2249.2,1,3,40
9:38:37,2249,2248.8,2249,4,11,4
9:38:38,2249,2248.8,2249,1,11,23
9:38:38,2248.8,2248.8,2249,2,10,40
9:38:39,2248.8,2248.6,2248.8,24,12,51
9:38:39,2248.6,2248.4,2248.8,36,12,56
9:38:40,2248.6,2248.4,2248.6,4,10,17
9:38:40,2248.4,2248.4,2248.6,5,6,19
9:38:41,2248.6,2248.4,2248.6,4,8,15
9:38:41,2248.6,2248.4,2248.6,6,7,11
9:38:42,2248.6,2248.4,2248.6,9,13,4
9:38:43,2248.6,2248.6,2248.8,4,19,45
9:38:44,2248.8,2248.6,2248.8,3,24,44
9:38:45,2248.8,2248.6,2248.8,2,25,17
9:38:45,2249,2248.8,2249,18,2,40
9:38:46,2249,2249,2249.2,42,2,37
9:38:46,2249.2,2249,2249.2,6,4,32
9:38:47,2249.2,2249,2249.2,1,5,31
9:38:47,2249.2,2249,2249.2,4,14,29
9:38:48,2249.2,2249,2249.2,6,12,27
9:38:48,2249.2,2249,2249.2,19,11,17
9:38:49,2249.2,2249,2249.2,18,9,1
9:38:49,2249.2,2249,2249.2,3,9,3
9:38:50,2249.2,2249.2,2249.4,5,3,25
9:38:51,2249.4,2249.2,2249.4,14,9,12
9:38:52,2249.2,2249.2,2249.4,10,7,6
9:38:52,2249.4,2249.4,2249.6,10,8,26
9:38:53,2249.6,2249.4,2249.6,14,4,21
9:38:53,2249.6,2249.6,2249.8,25,8,34
9:38:54,2250,2249.8,2250,97,13,26
9:38:54,2250.2,2250,2250.2,58,12,4
9:38:55,2250.2,2250.2,2250.4,24,52,92
9:38:55,2250.6,2250.4,2250.6,141,5,4
9:38:56,2250.8,2250.6,2250.8,89,17,14
9:38:56,2250.6,2250.8,2251,66,1,30
9:38:57,2251,2250.6,2251,53,41,1
9:38:57,2251.4,2251.4,2251.6,39,1,44
9:38:58,2251.6,2251.2,2251.4,134,2,4
9:38:58,2251.4,2251.4,2252,79,67,182
9:38:59,2252,2251.4,2251.6,181,47,1
9:38:59,2251.4,2251.2,2252,157,3,41
9:39:00,2251.8,2251.6,2251.8,66,9,55
9:39:00,2251.6,2251.4,2251.6,96,2,5
9:39:01,2251.2,2251,2251.2,110,18,16
9:39:01,2251,2251,2251.2,50,34,10
9:39:02,2251.2,2251.2,2251.4,46,6,26
9:39:02,2251.2,2251,2251.2,61,11,1
9:39:03,2251,2251,2251.4,45,11,13
9:39:03,2251,2251,2251.2,62,21,4
9:39:04,2251.4,2251.4,2251.6,34,7,18
9:39:04,2251.2,2251.2,2251.4,21,2,1
9:39:05,2251.4,2251.4,2251.6,65,6,22
9:39:05,2251.6,2251.6,2251.8,34,12,9
9:39:06,2251.8,2251.8,2252,82,32,32
9:39:06,2252.2,2252,2252.2,85,38,2
9:39:07,2252.6,2252.2,2252.6,97,39,9
9:39:07,2252.6,2252.6,2253,142,26,60
9:39:08,2252.8,2252.6,2252.8,76,20,10
9:39:08,2252.8,2252.6,2253.2,111,11,2
9:39:09,2253,2252.8,2253,60,10,15
9:39:09,2253,2252.4,2252.8,72,15,3
9:39:10,2252.8,2252.8,2253.2,39,19,38
9:39:10,2253,2253,2253.4,106,73,8
9:39:11,2253.2,2253.4,2253.6,52,4,17
9:39:11,2253.8,2253,2253.8,105,130,34
9:39:12,2253.2,2253.2,2253.6,56,37,14
9:39:12,2253.4,2253.2,2253.4,46,31,11
9:39:13,2253.2,2253,2253.2,87,131,7
9:39:13,2253.4,2253,2253.4,78,78,14
9:39:14,2253,2253,2253.2,75,16,15
9:39:14,2253,2252.8,2253,35,2,132
9:39:15,2252.2,2252.2,2252.8,76,6,60
9:39:15,2252.4,2252,2252.2,21,24,2
9:39:16,2252,2251.8,2252,59,8,7
9:39:16,2251.8,2251.6,2252,27,21,1
9:39:17,2252.2,2252,2252.2,14,8,1
9:39:17,2252.2,2252.2,2252.6,8,10,6
9:39:18,2252.2,2252.2,2252.4,22,12,1
9:39:18,2252.8,2252.4,2252.8,28,2,9
9:39:19,2252.2,2252.2,2252.8,28,7,4
9:39:19,2252.4,2252.4,2252.8,8,23,15
9:39:20,2252.6,2252.6,2252.8,10,7,16
9:39:20,2252,2252,2252.6,38,24,1
9:39:21,2252.2,2252.2,2252.6,28,8,9
9:39:21,2252.6,2252.6,2252.8,40,20,21
9:39:22,2252.6,2252.2,2252.8,26,10,22
9:39:22,2252.2,2252.4,2252.6,16,5,10
9:39:23,2252.4,2252.4,2252.6,11,3,19
9:39:23,2252.4,2252.2,2252.6,5,37,19
9:39:24,2252.8,2252.6,2252.8,26,30,23
9:39:24,2252.8,2252.6,2253,30,25,75
9:39:25,2252.8,2252.8,2253,8,22,76
9:39:25,2253,2252.8,2253,36,9,53
9:39:26,2252.8,2252.8,2253,10,3,52
9:39:26,2253,2252.6,2253,20,42,42
9:39:27,2252.6,2252.4,2252.6,50,2,7
9:39:27,2253,2252.6,2252.8,26,2,1
9:39:28,2252.8,2252.4,2252.8,14,13,4
9:39:28,2252.8,2252.6,2252.8,5,1,17
9:39:29,2252.6,2252.6,2252.8,17,23,10
9:39:29,2252.8,2252.6,2252.8,20,1,4
9:39:30,2252.4,2252.4,2252.6,29,5,7
9:39:30,2252.8,2252.4,2252.6,19,10,1
9:39:31,2252.6,2252.4,2252.6,9,9,9
9:39:31,2252.4,2252.2,2252.4,28,35,4
9:39:32,2252.6,2252.6,2252.8,38,3,6
9:39:32,2252.4,2252.2,2252.4,4,26,1
9:39:33,2252.2,2252.2,2252.4,9,22,2
9:39:33,2252.2,2252.4,2253,26,29,77
9:39:34,2252.6,2252.6,2253,28,9,98
9:39:34,2252.8,2252.8,2253,7,3,100
9:39:35,2252.8,2252.6,2252.8,7,3,58
9:39:35,2252.6,2252.4,2252.8,13,18,65
9:39:36,2252.4,2252.4,2252.6,55,18,5
9:39:36,2252.4,2252.2,2252.4,92,17,2
9:39:37,2252.4,2252.2,2252.4,20,43,6
9:39:37,2252.4,2252.4,2252.6,10,14,11
9:39:38,2252.6,2252.4,2252.6,15,32,5
9:39:38,2252.6,2252.4,2252.8,8,33,1
9:39:39,2252.6,2252.6,2252.8,7,21,1
9:39:39,2252.8,2252.8,2253,37,19,69
9:39:40,2253,2252.8,2253,53,17,21
9:39:40,2253.2,2253,2253.2,44,24,22
9:39:41,2253.2,2253.2,2253.4,34,9,14
9:39:41,2253,2253,2253.4,28,17,3
9:39:42,2253,2253,2253.2,10,23,12
9:39:42,2253,2252.8,2253,30,12,13
9:39:43,2252.8,2252.6,2252.8,29,26,28
9:39:43,2252.8,2252.6,2252.8,23,20,11
9:39:44,2252.6,2252.6,2252.8,15,27,16
9:39:44,2252.8,2252.8,2253,20,14,33
9:39:45,2252.8,2252.8,2253,14,10,23
9:39:45,2253,2252.8,2253,2,55,22
9:39:46,2253,2253,2253.2,46,4,15
9:39:46,2253.2,2253,2253.2,35,65,5
9:39:47,2253.2,2253.2,2253.4,41,15,8
9:39:47,2253.2,2253.2,2253.4,34,124,2
9:39:48,2253.6,2253.6,2253.8,29,5,22
9:39:48,2253.8,2253.8,2254,64,55,108
9:39:49,2254.2,2254,2254.2,153,1,3
9:39:49,2254.6,2254.4,2254.6,108,3,26
9:39:50,2254.4,2254.2,2254.4,137,24,39
9:39:50,2254,2253.8,2254.2,95,2,26
9:39:51,2253.8,2253.4,2253.8,38,6,41
9:39:51,2253.4,2253.2,2253.6,37,6,36
9:39:52,2253,2253,2253.2,58,7,1
9:39:52,2253,2252.8,2253,52,11,21
9:39:53,2252.8,2252.8,2253,35,17,2
9:39:53,2253.6,2253.4,2253.6,25,1,21
9:39:54,2253.6,2253.2,2253.6,15,3,14
9:39:54,2253,2253.2,2253.4,40,5,1
9:39:55,2253.8,2253.2,2253.8,35,1,5
9:39:55,2253.4,2253.4,2253.8,5,2,4
9:39:56,2253.2,2253.2,2253.4,31,26,1
9:39:56,2253.6,2253.8,2254.2,14,5,10
9:39:57,2253.6,2253.6,2254,15,7,5
9:39:57,2253.8,2253.8,2254.2,20,1,6
9:39:58,2254,2254,2254.2,12,7,9
9:39:58,2254,2254,2254.2,13,1,3
9:39:59,2254.2,2254,2254.2,31,2,9
9:39:59,2254.2,2253.6,2254.2,16,1,10
9:40:00,2253.6,2253.6,2254,21,3,76
9:40:00,2253.8,2253.6,2253.8,274,15,4
9:40:01,2253.2,2253.2,2253.4,48,20,4
9:40:01,2253.6,2253.2,2253.6,75,34,14
9:40:02,2253.8,2253.4,2253.6,75,2,5
9:40:02,2253.2,2253.2,2253.4,22,48,8
