9:14:00,2257.4,2257.4,2257.6,204,11,3
9:15:00,2257.6,2257.6,2258.4,130,32,23
9:15:01,2258,2257.8,2258,187,6,1
9:15:01,2257.8,2258,2258.4,108,5,31
9:15:02,2258.6,2258.4,2258.6,115,29,51
9:15:02,2258.4,2257.6,2258.4,132,12,32
9:15:03,2257.8,2257.8,2258,76,10,7
9:15:03,2257.8,2257.6,2257.8,61,45,12
9:15:04,2257.6,2257.6,2257.8,94,3,1
9:15:04,2257.6,2257.4,2257.6,60,61,96
9:15:05,2257.4,2257.2,2257.4,73,22,96
9:15:05,2257,2256.6,2257,89,37,14
9:15:06,2256.4,2256.2,2256.4,73,14,22
9:15:06,2256.4,2256.2,2256.4,67,3,13
9:15:07,2255.8,2255.8,2256,43,4,39
9:15:07,2256,2256,2256.2,55,1,18
9:15:08,2256.2,2256.2,2256.4,55,15,12
9:15:08,2256.2,2255.8,2256.2,40,2,12
9:15:09,2256,2255.6,2256.2,54,20,1
9:15:09,2256.4,2256.4,2256.6,64,1,6
9:15:10,2256.4,2256.2,2256.4,10,23,23
9:15:10,2256,2255.8,2256,39,8,24
9:15:11,2255.6,2255.4,2255.6,88,35,10
9:15:11,2255.4,2255.4,2256.4,71,14,1
9:15:12,2256.2,2256,2256.2,35,5,7
9:15:12,2256.8,2256,2256.2,38,12,1
9:15:13,2256,2256.2,2256.4,11,2,3
9:15:13,2256.4,2256.6,2256.8,12,12,1
9:15:14,2256.4,2256.4,2256.6,24,8,3
9:15:14,2256.8,2256.8,2257,22,10,7
9:15:15,2256,2256,2256.8,55,20,2
9:15:15,2256.8,2256.4,2256.8,21,1,15
9:15:16,2256.8,2256.6,2256.8,23,7,5
9:15:16,2257,2257,2257.2,18,3,10
9:15:17,2256.8,2256.6,2257,11,1,3
9:15:17,2256.8,2256.4,2256.8,10,2,2
9:15:18,2257.2,2257,2257.2,20,5,10
9:15:18,2257.4,2257.2,2257.4,14,2,27
9:15:19,2257.4,2257.4,2257.6,79,13,105
9:15:19,2257.4,2257.4,2257.6,7,9,104
9:15:20,2257.6,2257.2,2257.6,40,3,88
9:15:20,2257.6,2256.8,2257.6,24,11,68
9:15:21,2257,2256.8,2257,97,10,9
9:15:21,2257,2257,2257.4,41,5,7
9:15:22,2257.4,2257.2,2257.4,6,1,25
9:15:22,2257.4,2257,2257.2,31,47,1
9:15:23,2257.4,2257,2257.4,33,38,20
9:15:23,2257.4,2257,2257.4,20,23,15
9:15:24,2257.4,2257.2,2257.4,3,3,3
9:15:24,2257.4,2257.4,2257.6,8,31,71
9:15:25,2257.4,2257.4,2257.6,16,21,70
9:15:25,2257,2256.8,2257,107,18,37
9:15:26,2256.8,2257,2257.4,107,20,1
9:15:26,2257.6,2257.6,2257.8,44,13,19
9:15:27,2257,2257,2258,50,17,13
9:15:27,2257.4,2257.2,2257.4,9,73,1
9:15:28,2257.4,2257.4,2257.6,9,35,5
9:15:28,2257.6,2257.6,2257.8,8,68,18
9:15:29,2257.8,2257.8,2258,19,2,40
9:15:29,2257.8,2257.8,2258,15,1,36
9:15:30,2258,2257.6,2258,18,68,24
9:15:30,2258,2258,2258.2,32,62,7
9:15:31,2258,2258.2,2258.4,26,13,8
9:15:31,2258.4,2258.4,2258.6,13,13,51
9:15:32,2258.6,2258.4,2258.6,20,1,45
9:15:32,2258.6,2258.2,2258.6,61,16,16
9:15:33,2258.6,2258.6,2258.8,25,5,30
9:15:33,2258.8,2258.6,2258.8,15,20,24
9:15:34,2258.2,2258,2258.6,75,61,16
9:15:34,2258.6,2258.6,2258.8,83,12,12
9:15:35,2258.6,2258.6,2258.8,31,21,3
9:15:35,2258.6,2258.4,2258.6,32,3,8
9:15:36,2258.6,2258.2,2258.6,54,37,5
9:15:36,2258.6,2258.2,2258.4,21,39,1
9:15:37,2258.6,2258.4,2258.6,23,4,18
9:15:37,2258.4,2258.4,2258.6,14,3,13
9:15:38,2258.4,2258.2,2258.4,21,22,3
9:15:38,2258.4,2258.2,2258.4,29,9,2
9:15:39,2258.2,2258,2258.4,26,23,25
9:15:39,2258,2258,2258.4,12,23,39
9:15:40,2258,2258,2258.2,18,25,15
9:15:40,2258.2,2258.2,2258.4,42,60,36
9:15:41,2258.4,2258.2,2258.4,50,42,10
9:15:41,2258.4,2258.4,2258.6,16,5,16
9:15:42,2258.4,2258.4,2258.6,27,32,3
9:15:42,2258.6,2258.6,2258.8,65,12,52
9:15:43,2258.8,2258.6,2258.8,8,14,49
9:15:43,2258.8,2258.6,2258.8,46,10,44
9:15:44,2258.6,2258.2,2258.6,12,32,4
9:15:44,2258.8,2258.8,2259,53,2,46
9:15:45,2258.6,2258.6,2258.8,32,1,22
9:15:45,2258.8,2258.6,2258.8,13,2,11
9:15:46,2258.8,2258.4,2258.8,13,5,4
9:15:46,2258.8,2258.8,2259,11,5,36
9:15:47,2258.8,2258.8,2259,16,13,27
9:15:47,2258.8,2258.6,2259,22,3,27
9:15:48,2259,2258.8,2259,12,1,21
9:15:48,2258.8,2258.8,2259,10,3,16
9:15:49,2259,2258.6,2259,10,1,19
9:15:49,2258.8,2258.6,2258.8,11,4,4
9:15:50,2258.4,2258.4,2258.8,34,19,1
9:15:50,2258.8,2258.8,2259,22,20,16
9:15:51,2258.8,2258.8,2259.2,25,15,59
9:15:51,2258.8,2258.8,2259,8,63,2
9:15:52,2259.2,2259,2259.2,40,4,50
9:15:52,2259,2259,2259.2,45,9,10
9:15:53,2259.2,2259.2,2259.4,20,42,44
9:15:53,2259.4,2259.2,2259.4,20,39,38
9:15:54,2259.2,2259,2259.2,57,17,12
9:15:54,2259,2259.2,2259.4,43,2,21
9:15:55,2259,2259,2259.2,37,7,10
9:15:55,2259,2258.8,2259,20,64,15
9:15:56,2258.8,2258.8,2259,55,24,42
9:15:56,2259,2258.8,2259,19,21,37
9:15:57,2258.6,2258.4,2258.6,65,34,10
9:15:57,2258.8,2258.4,2258.8,25,32,26
9:15:58,2258.4,2258.4,2258.8,22,24,20
9:15:58,2258.8,2258.6,2258.8,23,1,7
9:15:59,2258.4,2258.4,2259,16,19,13
9:15:59,2258.4,2258.4,2258.8,13,17,1
9:16:00,2258.8,2258.8,2259,5,24,14
9:16:00,2259,2258.8,2259,20,21,20
9:16:01,2259,2258.8,2259,36,15,2
9:16:01,2258.8,2258.8,2259,8,12,27
9:16:02,2259,2258.8,2259,34,11,16
9:16:02,2258.8,2258.6,2258.8,17,15,22
9:16:03,2258.6,2258.4,2258.6,22,17,2
9:16:03,2258.6,2258.6,2258.8,17,1,31
9:16:04,2258.6,2258.4,2258.6,11,10,5
9:16:04,2258.6,2258.4,2258.6,7,17,15
9:16:05,2258.6,2258.4,2258.6,8,16,17
9:16:05,2258.4,2258.2,2258.4,20,54,15
9:16:06,2258.6,2258.6,2258.8,61,2,25
9:16:06,2258.2,2258.2,2258.4,6,46,13
9:16:07,2258.4,2258.4,2258.6,24,28,47
9:16:07,2258.6,2258.4,2258.6,10,21,44
9:16:08,2258.6,2258.4,2258.6,28,10,42
9:16:08,2258.4,2258.4,2258.6,3,8,42
9:16:09,2258.4,2258.2,2258.4,8,45,12
9:16:09,2258.2,2258.2,2258.4,17,35,6
9:16:10,2258.4,2258.2,2258.4,4,33,14
9:16:10,2258.2,2258.2,2258.4,26,11,12
9:16:11,2258.2,2258.2,2258.4,2,9,19
9:16:11,2258.2,2258.2,2258.4,9,2,17
9:16:12,2258,2258,2258.2,39,66,2
9:16:12,2258,2258,2258.2,15,66,2
9:16:13,2258.2,2258,2258.2,42,33,1
9:16:13,2258,2258,2258.2,9,27,1
9:16:14,2258,2258,2258.2,8,22,5
9:16:14,2258,2257.8,2258.4,25,24,4
9:16:15,2258,2258,2258.4,17,10,6
9:16:15,2258,2257.8,2258,27,23,38
9:16:16,2257.8,2257.8,2258,16,20,76
9:16:16,2258,2257.6,2258,38,69,72
9:16:17,2257.6,2257.6,2257.8,1,68,10
9:16:17,2257.8,2257.6,2257.8,4,76,8
9:16:18,2257.6,2257.8,2258,53,1,78
9:16:18,2258,2257.8,2258,9,5,80
9:16:19,2257.8,2257.6,2258,22,20,78
9:16:19,2257.8,2257.8,2258,5,2,82
9:16:20,2257.8,2257.8,2258,3,7,83
9:16:20,2257.8,2257.8,2258,3,7,83
9:16:21,2257.8,2257.8,2258,7,3,83
9:16:21,2258,2257.6,2258,7,22,81
9:16:22,2258,2257.6,2257.8,4,22,5
9:16:22,2257.6,2257.6,2257.8,13,15,1
9:16:23,2257.6,2257.8,2258,10,2,71
9:16:23,2257.8,2257.8,2258,10,9,73
9:16:24,2258,2257.6,2258,13,5,69
9:16:24,2257.8,2257.8,2258,13,48,59
9:16:25,2257.8,2257.8,2258,2,49,59
9:16:25,2258,2257.8,2258,8,54,54
9:16:26,2258,2257.8,2258,21,53,45
9:16:26,2258,2257.8,2258,29,57,22
9:16:27,2258,2258,2258.2,27,21,15
9:16:27,2258,2258,2258.2,1,25,15
9:16:28,2258,2258,2258.2,9,26,10
9:16:28,2258,2258,2258.2,18,17,7
9:16:29,2258,2258,2258.2,4,18,4
9:16:29,2258,2258,2258.2,2,43,5
9:16:30,2258,2258,2258.2,2,44,9
9:16:30,2258.2,2258,2258.2,2,45,7
9:16:31,2258,2258,2258.2,3,42,7
9:16:31,2258,2258,2258.2,1,41,8
9:16:32,2258,2258,2258.2,7,39,4
9:16:32,2258,2258,2258.2,2,39,6
9:16:33,2258,2258,2258.2,4,37,14
9:16:33,2258.2,2258,2258.2,7,40,22
9:16:34,2258,2258,2258.2,4,38,21
9:16:34,2258.2,2258,2258.2,6,37,17
9:16:35,2258,2258,2258.2,2,36,18
9:16:35,2258.2,2258,2258.2,1,36,22
9:16:36,2258,2258,2258.2,7,30,21
9:16:36,2258.2,2258,2258.2,15,21,18
9:16:37,2258,2258,2258.2,26,5,14
9:16:37,2258,2257.8,2258,7,51,8
9:16:38,2258,2257.8,2258,7,51,1
9:16:38,2258,2258,2258.2,1,30,17
9:16:39,2258.2,2258.2,2258.4,26,34,27
9:16:39,2258.2,2258.2,2258.4,32,2,28
9:16:40,2258,2257.8,2258,51,53,6
9:16:40,2257.8,2257.8,2258,18,49,5
9:16:41,2258.6,2258,2258.6,30,8,20
9:16:41,2258.2,2258,2258.2,5,11,1
9:16:42,2258.2,2258.2,2258.4,2,44,2
9:16:42,2258.2,2258.2,2258.4,13,44,41
9:16:43,2258.4,2258.2,2258.4,1,47,40
9:16:43,2258.4,2258.2,2258.4,7,18,40
9:16:44,2258.2,2258.2,2258.4,2,17,39
9:16:44,2258.4,2258.2,2258.4,9,14,36
9:16:45,2258,2258,2258.4,20,22,36
9:16:45,2258.4,2258,2258.2,2,23,7
9:16:46,2258.2,2258,2258.2,14,26,2
9:16:46,2258.2,2258.2,2258.4,9,2,32
9:16:47,2258.4,2258.2,2258.4,4,11,33
9:16:48,2258.2,2258.2,2258.4,12,9,25
9:16:48,2258.2,2258.2,2258.4,5,9,23
9:16:49,2258.2,2258.2,2258.4,17,3,13
9:16:49,2258.4,2258.2,2258.4,6,17,9
9:16:50,2258.4,2258.2,2258.4,4,29,8
9:16:50,2258.4,2258.4,2258.6,10,15,21
9:16:51,2258.4,2258.2,2258.4,3,31,1
9:16:51,2258.4,2258.4,2258.6,5,29,18
9:16:52,2258.6,2258.4,2258.6,1,32,17
9:16:52,2258.6,2258.4,2258.6,3,31,15
9:16:53,2258.6,2258.6,2258.8,16,26,35
9:16:54,2258.6,2258.6,2258.8,3,24,34
9:16:54,2258.6,2258.6,2258.8,7,23,33
9:16:55,2258.8,2258.6,2258.8,5,23,29
9:16:55,2258.8,2258.6,2258.8,2,23,28
9:16:56,2258.8,2258.6,2258.8,19,23,11
9:16:56,2258.8,2258.6,2258.8,6,22,6
9:16:57,2258.6,2258.6,2258.8,8,16,5
9:16:57,2259,2258.8,2259,22,13,35
9:16:58,2258.8,2258.8,2259,26,124,21
9:16:58,2259.2,2259,2259.2,34,77,31
9:16:59,2259.4,2259.2,2259.4,49,51,8
9:16:59,2259.4,2259.4,2259.6,15,9,104
9:17:00,2259.6,2259.4,2259.6,45,5,85
9:17:00,2259.6,2259.2,2259.6,13,6,78
9:17:01,2259.4,2259.2,2259.4,39,1,17
9:17:01,2259.4,2259.4,2259.6,44,1,65
9:17:02,2259.6,2259,2259.4,14,58,2
9:17:02,2259.6,2259.4,2259.6,6,2,67
9:17:03,2259.4,2259,2259.4,14,55,36
9:17:03,2259,2259.2,2259.4,16,9,39
9:17:04,2259.2,2259.2,2259.4,28,7,30
9:17:04,2259.4,2259.2,2259.4,9,6,24
9:17:05,2259.2,2259.2,2259.4,8,19,24
9:17:05,2259.2,2259.2,2259.4,25,1,14
9:17:06,2259.4,2259.2,2259.4,12,2,4
9:17:06,2259,2259.4,2259.6,14,5,62
9:17:07,2259.4,2259.4,2259.6,10,10,63
9:17:07,2259.4,2259.4,2259.6,5,5,64
9:17:08,2259.4,2259,2259.4,36,53,17
9:17:08,2259.4,2259,2259.4,5,51,20
9:17:09,2259,2259,2259.4,35,36,21
9:17:09,2259,2259,2259.2,18,29,12
9:17:10,2259.2,2259.2,2259.4,36,1,67
9:17:10,2259,2259,2259.2,17,3,9
9:17:11,2259,2259,2259.2,1,4,19
9:17:11,2259.2,2259,2259.2,37,2,6
9:17:12,2259,2259,2259.4,8,14,60
9:17:13,2259,2259,2259.2,12,25,3
9:17:13,2259,2259,2259.2,7,21,7
9:17:14,2259.2,2259,2259.2,17,11,2
9:17:14,2259.2,2259,2259.2,18,5,3
9:17:15,2259,2259,2259.4,18,6,54
9:17:15,2259,2259,2259.2,3,17,5
9:17:16,2259,2259,2259.2,2,16,7
9:17:16,2259.2,2259,2259.2,2,16,5
9:17:17,2259.2,2259,2259.2,6,17,4
9:17:17,2259,2259,2259.4,13,18,54
9:17:18,2259,2259,2259.4,3,15,59
9:17:18,2259.2,2259,2259.2,8,12,1
9:17:19,2259.2,2259.2,2259.4,8,3,58
9:17:19,2259.2,2259.2,2259.4,3,1,77
9:17:20,2259,2258.8,2259,14,65,44
9:17:20,2258.8,2258.8,2259,61,45,8
9:17:21,2259,2259,2259.2,29,14,12
9:17:21,2259,2259,2259.2,14,5,9
9:17:22,2258.8,2258.8,2259.2,11,43,10
9:17:22,2259.2,2259,2259.2,11,2,3
9:17:23,2259,2259,2259.2,1,1,4
9:17:23,2259,2259,2259.2,3,3,6
9:17:24,2259,2259,2259.2,1,3,25
9:17:24,2259,2258.8,2259,5,43,38
9:17:25,2258.8,2258.8,2259,38,28,25
9:17:25,2258.8,2258.8,2259,5,26,29
9:17:26,2258.8,2258.8,2259,12,16,30
9:17:26,2259,2258.8,2259,11,16,29
9:17:27,2258.8,2258.8,2259,20,3,24
9:17:27,2258.8,2258.6,2258.8,8,7,2
9:17:28,2258.8,2258.6,2259,8,11,25
9:17:28,2259,2258.8,2259,3,3,25
9:17:29,2259,2258.6,2258.8,8,18,1
9:17:29,2259,2258.6,2259,8,13,20
9:17:30,2258.6,2258.6,2259,20,5,9
9:17:30,2258.8,2258.6,2258.8,3,5,2
9:17:31,2258.6,2258.6,2259.2,15,5,35
9:17:31,2259,2258.6,2259.2,3,21,35
9:17:32,2258.6,2258.6,2259,16,34,7
9:17:32,2259,2258.6,2258.8,3,40,1
9:17:33,2258.8,2258.6,2259,2,40,7
9:17:34,2259,2258.8,2259,2,7,7
9:17:34,2259,2259,2259.2,9,4,35
9:17:35,2259,2258.8,2259,6,12,8
9:17:35,2259,2258.8,2259,10,5,7
9:17:36,2259,2258.6,2259,7,63,3
9:17:36,2258.8,2258.8,2259,8,1,3
9:17:37,2259,2259,2259.2,6,8,53
9:17:37,2259.2,2259,2259.2,1,9,51
9:17:38,2259.2,2259,2259.2,10,7,45
9:17:38,2259,2258.8,2259,7,19,2
9:17:39,2259,2258.8,2259,2,23,1
9:17:39,2259.2,2259,2259.2,5,7,54
9:17:40,2259,2259,2259.2,4,5,73
9:17:40,2259,2259,2259.2,3,4,75
9:17:41,2259,2259,2259.2,3,29,74
9:17:41,2259,2259,2259.2,5,26,73
9:17:42,2258.8,2258.8,2259.2,30,17,75
9:17:42,2259,2258.8,2259,2,20,1
9:17:43,2258.8,2258.8,2259,8,12,12
9:17:43,2259,2258.8,2259,11,4,16
9:17:44,2258.6,2258.6,2258.8,14,35,9
9:17:44,2258.8,2258.6,2258.8,4,33,8
9:17:45,2258.8,2258.6,2258.8,6,33,10
9:17:46,2258.8,2258.6,2258.8,9,35,2
9:17:46,2258.6,2258.6,2258.8,10,26,1
9:17:47,2258.8,2258.6,2259,1,29,19
9:17:47,2258.8,2258.8,2259,11,1,9
9:17:48,2258.8,2258.6,2258.8,12,26,10
9:17:48,2258.8,2258.6,2258.8,11,24,5
9:17:49,2258.6,2258.6,2258.8,8,19,7
9:17:50,2258.8,2258.6,2258.8,2,19,6
9:17:50,2258.6,2258.6,2258.8,3,24,5
9:17:51,2258.8,2258.8,2259,6,2,8
9:17:51,2259,2258.8,2259,5,12,3
9:17:52,2259,2258.8,2259,2,13,2
9:17:52,2259,2258.8,2259,2,14,1
9:17:54,2258.8,2258.8,2259,1,18,7
9:17:54,2259,2258.8,2259,15,5,6
9:17:55,2258.8,2258.6,2258.8,6,23,6
9:17:55,2258.8,2258.6,2258.8,2,26,9
9:17:56,2258.6,2258.6,2258.8,4,23,12
9:17:56,2258.8,2258.6,2258.8,4,23,8
9:17:57,2258.8,2258.6,2258.8,5,22,6
9:17:57,2258.8,2258.6,2258.8,7,19,4
9:17:58,2258.8,2258.6,2258.8,5,19,1
9:17:58,2258.6,2258.6,2258.8,3,19,1
9:17:59,2258.8,2258.6,2258.8,3,19,2
9:17:59,2258.8,2258.6,2259,2,23,37
9:18:00,2258.8,2258.6,2259,1,25,37
9:18:00,2258.8,2258.8,2259,21,3,17
9:18:01,2258.8,2258.8,2259,4,3,16
9:18:01,2258.8,2258.6,2259,9,22,12
9:18:02,2259,2258.8,2259,10,4,4
9:18:02,2259,2258.8,2259,4,24,4
9:18:03,2258.8,2258.8,2259,5,21,2
9:18:03,2259,2259,2259.2,3,5,86
9:18:04,2259,2259,2259.2,3,26,84
9:18:05,2259,2259,2259.2,4,26,84
9:18:05,2259.2,2259,2259.2,18,14,79
9:18:06,2259.2,2259,2259.2,26,12,55
9:18:06,2259,2259,2259.2,3,10,54
9:18:07,2259.2,2259,2259.2,27,5,42
9:18:07,2259.2,2259,2259.2,3,10,39
9:18:08,2259.2,2259,2259.2,1,10,38
9:18:08,2259,2259,2259.2,21,10,18
9:18:09,2259.2,2259.2,2259.4,19,4,109
9:18:09,2259.4,2259.2,2259.4,4,2,108
9:18:10,2259.2,2259,2259.4,16,6,106
9:18:10,2259.2,2259.2,2259.4,1,2,106
9:18:11,2259.4,2259,2259.4,24,4,96
9:18:11,2259,2259,2259.2,1,6,1
9:18:12,2259.4,2259,2259.4,9,11,94
9:18:12,2259.4,2259.2,2259.4,5,11,92
9:18:13,2259.4,2259.2,2259.4,14,10,81
9:18:13,2259.4,2259.2,2259.4,19,4,69
9:18:14,2259.4,2259.2,2259.4,66,18,6
9:18:14,2259.4,2259,2259.6,28,26,74
9:18:15,2259.6,2259.4,2259.6,3,74,73
9:18:15,2259.6,2259.4,2259.6,12,67,63
9:18:16,2259.4,2259.4,2259.6,25,48,60
9:18:16,2259.6,2259.4,2259.6,23,48,38
9:18:17,2259.6,2259.6,2259.8,45,30,101
9:18:17,2259.4,2259.4,2259.8,59,39,79
9:18:18,2259.6,2259.4,2259.8,28,42,53
9:18:18,2259.4,2259.4,2259.8,8,42,46
9:18:19,2259.8,2259.4,2259.8,9,43,44
9:18:19,2259.4,2259.4,2259.8,12,49,35
9:18:20,2259.8,2259.6,2259.8,2,1,34
9:18:20,2259.8,2259.8,2260,37,4,196
9:18:21,2260,2259.8,2260,29,7,175
9:18:21,2260,2259.8,2260,31,4,158
9:18:22,2260,2259.8,2260,91,5,70
9:18:22,2260,2259.8,2260,33,41,41
9:18:23,2260,2259.8,2260,44,40,1
9:18:23,2260.2,2260,2260.2,5,18,17
9:18:24,2260,2260,2260.2,14,32,16
9:18:24,2260,2260,2260.2,31,9,10
9:18:25,2260.2,2260.2,2260.4,38,4,23
9:18:25,2260.2,2260,2260.2,37,8,47
9:18:26,2260.2,2260,2260.2,9,6,46
9:18:26,2260,2259.8,2260,16,47,43
9:18:27,2260,2259.8,2260,21,51,29
9:18:27,2260,2259.8,2260,19,49,19
9:18:28,2260.2,2259.8,2260.2,44,39,54
9:18:28,2260,2260,2260.2,14,5,52
9:18:29,2259.8,2259.8,2260,50,25,3
9:18:29,2260,2260,2260.2,5,1,20
9:18:30,2260.2,2260,2260.2,10,4,27
9:18:30,2260,2260,2260.2,18,24,26
9:18:31,2260.2,2260,2260.2,18,52,14
9:18:31,2260.2,2260,2260.2,9,90,8
9:18:32,2260.2,2260.2,2260.4,29,33,16
9:18:32,2260.4,2260.4,2260.6,21,6,27
9:18:33,2260.4,2260.4,2260.6,34,1,3
9:18:33,2260.4,2260.2,2260.4,34,19,7
9:18:34,2260.8,2260.4,2260.8,45,9,8
9:18:34,2260.6,2260.4,2260.6,32,12,1
9:18:35,2260.6,2260.6,2260.8,23,19,1
9:18:35,2260.8,2260.8,2261,18,1,29
9:18:36,2261,2260.6,2260.8,15,2,1
9:18:36,2260.8,2260.8,2261.8,163,24,3
9:18:37,2261,2261,2261.6,35,84,7
9:18:37,2261.4,2261.8,2262,17,8,12
9:18:38,2262,2262,2262.4,58,21,11
9:18:38,2262.4,2262,2262.4,99,3,2
9:18:39,2262.2,2262,2262.2,44,18,2
9:18:39,2262,2261.6,2261.8,75,2,11
9:18:40,2261.4,2261,2261.4,21,23,6
9:18:40,2261.4,2261.2,2261.4,32,10,1
9:18:41,2261.6,2261.4,2261.6,28,13,46
9:18:41,2261.4,2261.4,2261.6,47,10,17
9:18:42,2261.4,2261.4,2261.6,18,7,7
9:18:42,2261.4,2261.2,2261.6,16,29,5
9:18:43,2261.4,2261.4,2261.6,26,1,5
9:18:43,2261.2,2261.2,2261.4,15,24,1
9:18:44,2261.2,2261.2,2261.6,38,12,1
9:18:44,2261.2,2261,2261.2,23,15,2
9:18:45,2261,2260.8,2261.4,25,35,2
9:18:45,2261.4,2261,2261.4,7,8,5
9:18:46,2261.2,2260.8,2261.4,50,9,17
9:18:46,2261.2,2261,2261.2,9,2,3
9:18:47,2261,2260.8,2261.2,10,12,6
9:18:47,2261,2260.8,2261,38,2,4
9:18:48,2261.6,2261,2261.6,21,3,23
9:18:48,2261.2,2261.2,2261.4,32,3,16
9:18:49,2261.2,2261.2,2261.4,8,39,15
9:18:49,2261.6,2261.2,2261.6,21,43,25
9:18:50,2261.6,2261.4,2261.6,4,14,23
9:18:50,2261.4,2261.4,2261.6,13,7,18
9:18:51,2261.2,2261.2,2261.4,14,34,10
9:18:51,2261.6,2261.2,2261.4,44,43,2
9:18:52,2261.2,2261.2,2261.4,28,30,1
9:18:52,2261.4,2261.2,2261.4,24,27,2
9:18:53,2261.2,2261.2,2261.4,5,23,6
9:18:53,2261.2,2261,2261.2,32,10,3
9:18:54,2261,2261,2261.2,6,9,3
9:18:54,2261,2260.8,2261,12,25,14
9:18:55,2260.8,2260.8,2261,6,22,102
9:18:55,2260.8,2260.6,2260.8,36,63,10
9:18:56,2260.6,2260.4,2260.6,66,73,13
9:18:56,2260.4,2260.4,2260.6,13,31,28
9:18:57,2260.6,2260.4,2260.6,3,36,4
9:18:57,2260.6,2260.4,2260.6,11,42,1
9:18:58,2260.4,2260.6,2260.8,21,4,13
9:18:58,2260.8,2260.6,2260.8,21,9,2
9:18:59,2260.8,2260.6,2260.8,4,40,1
9:18:59,2261,2260.8,2261,35,3,74
9:19:00,2260.8,2260.8,2261,5,1,79
9:19:00,2260.8,2260.6,2260.8,10,51,11
9:19:01,2260.8,2260.6,2260.8,13,46,15
9:19:01,2260.6,2260.6,2260.8,24,25,1
9:19:02,2260.8,2260.6,2261,21,19,83
9:19:02,2260.8,2260.6,2260.8,6,15,4
9:19:03,2260.8,2260.8,2261,6,10,86
9:19:03,2260.8,2260.8,2261,15,12,81
9:19:04,2261,2260.6,2261,21,13,82
9:19:04,2260.6,2260.6,2260.8,4,10,5
9:19:05,2260.6,2260.6,2260.8,23,10,8
9:19:06,2260.8,2260.8,2261,16,43,81
9:19:06,2260.8,2260.8,2261,1,45,89
9:19:07,2261,2260.8,2261,6,44,86
9:19:07,2261,2260.8,2261,31,40,69
9:19:08,2260.8,2260.8,2261,6,35,71
9:19:08,2261,2260.8,2261,27,29,53
9:19:09,2260.8,2260.8,2261,39,23,26
9:19:09,2261,2261,2261.2,32,84,24
9:19:10,2261.4,2261.2,2261.4,44,30,25
9:19:10,2261.4,2261.2,2261.4,5,39,23
9:19:11,2261.4,2261.2,2261.4,15,38,20
9:19:11,2261.2,2261.2,2261.4,3,35,20
9:19:12,2261.4,2261.4,2261.6,29,5,100
9:19:12,2261.4,2261.4,2261.6,15,15,96
9:19:13,2261.2,2261.2,2261.4,19,20,7
9:19:13,2261.2,2261,2261.2,21,89,6
9:19:14,2261,2261,2261.2,45,76,1
9:19:14,2261.2,2261.2,2261.4,5,2,35
9:19:15,2261.2,2261,2261.2,8,73,5
9:19:15,2261,2261,2261.2,7,68,8
9:19:16,2261,2261,2261.2,5,69,11
9:19:16,2261.2,2261,2261.2,14,68,15
9:19:17,2261.2,2261,2261.2,5,67,17
9:19:17,2261,2261,2261.2,57,13,17
9:19:18,2260.8,2260.8,2261,26,22,7
9:19:18,2261.2,2261.2,2261.4,84,40,61
9:19:19,2261.2,2261.2,2261.4,13,27,61
9:19:19,2261.2,2261.2,2261.4,18,25,63
9:19:20,2261.2,2261.2,2261.4,9,17,64
9:19:20,2261.2,2261.2,2261.4,8,11,67
9:19:21,2261.2,2261.2,2261.4,33,4,47
9:19:21,2261,2261,2261.4,6,22,50
9:19:22,2261.2,2261,2261.2,3,21,23
9:19:22,2261,2261,2261.2,1,21,24
9:19:23,2261,2261,2261.2,15,18,29
9:19:23,2261,2261,2261.2,1,18,33
9:19:24,2261,2261,2261.2,5,17,65
9:19:24,2261.2,2261,2261.2,11,16,55
9:19:25,2261,2261,2261.2,10,6,76
9:19:25,2261,2261,2261.2,11,2,70
9:19:26,2261,2260.8,2261,4,6,52
9:19:26,2261,2260.6,2260.8,27,58,70
9:19:27,2260.8,2260.6,2260.8,6,57,66
9:19:27,2260.8,2260.6,2260.8,45,27,52
9:19:28,2260.8,2260.6,2260.8,5,26,50
9:19:28,2260.6,2260.6,2260.8,5,13,53
9:19:29,2260.8,2260.6,2260.8,3,13,50
9:19:29,2260.6,2260.6,2260.8,10,6,48
9:19:30,2260.6,2260.6,2260.8,5,1,48
9:19:30,2260.6,2260.6,2260.8,1,5,49
9:19:31,2260.6,2260.4,2260.6,12,59,16
9:19:31,2260.8,2260.6,2260.8,24,27,48
9:19:32,2260.8,2260.6,2260.8,4,48,46
9:19:32,2260.6,2260.6,2260.8,4,54,47
9:19:33,2260.8,2260.6,2260.8,11,53,43
9:19:33,2260.6,2260.6,2260.8,47,50,2
9:19:34,2260.6,2260.6,2261,9,47,45
9:19:34,2260.6,2260.8,2261,4,2,43
9:19:35,2260.6,2260.4,2260.6,57,59,21
9:19:35,2260.6,2260.4,2260.6,11,61,12
9:19:36,2260.6,2260.4,2260.6,8,59,8
9:19:36,2260.6,2260.4,2260.6,8,59,3
9:19:37,2260.6,2260.4,2260.6,12,49,1
9:19:37,2260.6,2260.6,2260.8,1,104,3
9:19:38,2260.8,2260.8,2261,18,16,50
9:19:38,2260.8,2260.8,2261,9,25,43
9:19:39,2260.8,2260.8,2261,2,38,43
9:19:39,2260.8,2260.8,2261,4,39,46
9:19:40,2260.8,2260.8,2261,3,41,53
9:19:41,2260.8,2260.8,2261,2,42,53
9:19:41,2260.8,2260.8,2261,1,43,55
9:19:42,2261,2260.8,2261,13,47,50
9:19:43,2261,2260.8,2261,2,54,54
9:19:44,2261,2260.8,2261,6,64,52
9:19:44,2261,2260.8,2261,52,53,13
9:19:45,2261,2261,2261.2,16,57,68
9:19:45,2261,2261,2261.2,1,60,68
9:19:46,2261.2,2261,2261.2,1,65,67
9:19:46,2261,2261,2261.2,2,63,67
9:19:47,2261,2261,2261.2,7,57,66
9:19:47,2261.2,2261,2261.2,5,54,62
9:19:48,2261,2261,2261.2,2,54,61
9:19:48,2261.2,2261,2261.2,4,54,64
9:19:49,2261,2261,2261.2,11,44,63
9:19:49,2261.2,2261,2261.2,35,13,59
9:19:50,2261,2261,2261.2,18,2,57
9:19:50,2261.2,2261.2,2261.4,60,5,49
9:19:51,2261.2,2261.2,2261.4,4,1,49
9:19:51,2261.2,2261,2261.2,3,4,2
9:19:52,2261.2,2261,2261.2,9,4,11
9:19:52,2261.2,2261,2261.2,6,2,9
9:19:53,2261,2261,2261.2,10,15,2
9:19:53,2261.2,2261.2,2261.4,19,10,39
9:19:54,2261.4,2261.2,2261.4,4,9,37
9:19:55,2261.4,2261.2,2261.4,2,12,35
9:19:55,2261.4,2261.2,2261.4,5,12,32
9:19:56,2261.4,2261.2,2261.4,26,11,11
9:19:56,2261.4,2261.2,2261.4,5,12,7
9:19:57,2261.2,2261.2,2261.4,9,14,1
9:19:57,2261.4,2261.4,2261.6,5,4,79
9:19:58,2261.6,2261.4,2261.6,47,11,32
9:19:58,2261.6,2261.4,2261.6,9,52,25
9:19:59,2261.6,2261.6,2261.8,32,20,91
9:19:59,2261.8,2261.6,2261.8,23,34,68
9:20:00,2261.8,2261.6,2261.8,7,31,65
9:20:00,2261.8,2261.8,2262,69,47,57
9:20:01,2261.8,2261.6,2261.8,56,22,1
9:20:01,2262,2261.6,2261.8,32,42,1
9:20:02,2261.6,2261.6,2261.8,30,41,13
9:20:02,2261.6,2261.6,2261.8,28,22,27
9:20:03,2261.6,2261.6,2261.8,26,23,35
9:20:03,2261.6,2261.6,2261.8,18,15,22
9:20:04,2261.6,2261.6,2261.8,13,11,13
9:20:04,2261.8,2261.6,2261.8,7,6,18
9:20:05,2261.6,2261.4,2261.6,9,50,20
9:20:05,2261.4,2261.4,2261.6,5,48,21
9:20:06,2261.4,2261.4,2261.6,5,47,18
9:20:06,2261.4,2261.4,2261.6,1,46,31
9:20:07,2261.4,2261.4,2261.6,7,39,38
9:20:07,2261.4,2261.4,2261.6,8,32,42
9:20:08,2261.4,2261.4,2261.6,28,12,41
9:20:08,2261.4,2261.2,2261.4,12,22,7
9:20:09,2261.2,2261.2,2261.4,3,26,14
9:20:09,2261.2,2261.2,2261.4,2,24,22
9:20:10,2261.2,2261.2,2261.4,3,23,30
9:20:10,2261.2,2261.2,2261.4,5,18,30
9:20:11,2261.2,2261.2,2261.4,9,9,37
9:20:11,2261,2261,2261.2,53,37,1
9:20:12,2261,2261,2261.2,2,39,21
9:20:12,2261,2261,2261.2,25,16,22
9:20:13,2261,2260.8,2261,16,33,1
9:20:13,2260.8,2260.8,2261,8,27,3
9:20:14,2260.8,2260.8,2261,1,27,39
9:20:14,2260.8,2260.8,2261,4,24,38
9:20:15,2260.8,2260.8,2261,6,19,37
9:20:15,2260.8,2260.8,2261,15,4,39
9:20:16,2260.8,2260.8,2261,2,2,43
9:20:16,2260.8,2260.6,2260.8,3,32,16
9:20:17,2260.8,2260.6,2260.8,1,39,16
9:20:17,2260.8,2260.6,2260.8,2,40,15
9:20:18,2260.6,2260.6,2260.8,3,42,16
9:20:18,2260.8,2260.6,2260.8,4,42,7
9:20:19,2260.8,2260.8,2261,18,10,50
9:20:19,2260.8,2260.8,2261,2,11,49
9:20:20,2260.8,2260.8,2261,2,19,36
9:20:20,2260.8,2260.8,2261,5,19,35
9:20:21,2261,2260.8,2261,3,17,36
9:20:21,2260.8,2260.8,2261,12,9,34
9:20:22,2260.8,2260.6,2261,25,52,22
9:20:22,2260.8,2260.6,2261,2,56,24
9:20:23,2260.8,2260.8,2261,7,7,23
9:20:23,2261,2261,2261.2,24,77,36
9:20:24,2261,2261,2261.2,33,66,16
9:20:24,2261.2,2261,2261.2,2,76,15
9:20:25,2261.2,2261.2,2261.4,52,18,35
9:20:25,2261.2,2261.2,2261.4,8,10,34
9:20:26,2261.2,2261.2,2261.4,8,9,34
9:20:26,2261.2,2261.2,2261.4,1,8,35
9:20:27,2261.2,2261,2261.2,9,43,3
9:20:27,2261.2,2261,2261.2,1,43,3
9:20:28,2261.2,2261,2261.2,3,43,6
9:20:28,2261,2261,2261.2,1,46,7
9:20:29,2260.8,2260.8,2261,47,7,4
9:20:29,2260.6,2260.6,2261,10,74,24
9:20:30,2261,2260.6,2261,21,57,22
9:20:30,2260.6,2260.6,2261,15,55,13
9:20:31,2260.6,2260.6,2261,16,43,11
9:20:32,2260.6,2260.6,2261,10,37,16
9:20:32,2261,2260.6,2261,3,40,14
9:20:33,2260.6,2260.6,2261,9,36,9
9:20:33,2260.6,2260.6,2261,8,30,9
9:20:34,2261.2,2261,2261.2,19,2,12
9:20:34,2261,2260.8,2261,3,1,2
9:20:35,2260.6,2260.6,2260.8,3,36,4
9:20:35,2260.6,2260.6,2260.8,9,31,1
9:20:36,2260.8,2260.8,2261,1,1,7
9:20:36,2260.8,2260.6,2260.8,2,36,1
9:20:37,2261,2260.6,2261,3,36,6
9:20:37,2260.6,2260.6,2261,4,41,6
9:20:38,2260.8,2260.8,2261,1,39,7
9:20:38,2261,2260.8,2261,2,40,10
9:20:39,2260.8,2260.8,2261,10,30,11
9:20:39,2260.8,2260.8,2261,3,27,11
9:20:40,2260.8,2260.8,2261,4,24,11
9:20:40,2260.8,2260.8,2261,1,24,15
9:20:41,2261,2260.8,2261,3,22,14
9:20:41,2260.8,2260.8,2261,1,21,17
9:20:42,2261,2260.8,2261,6,16,21
9:20:42,2260.6,2260.6,2261,20,42,22
9:20:43,2260.6,2260.6,2260.8,4,42,1
9:20:43,2260.8,2260.6,2260.8,3,42,3
9:20:44,2260.6,2260.6,2260.8,11,33,3
9:20:44,2260.6,2260.6,2260.8,8,29,1
9:20:45,2260.8,2260.6,2260.8,2,33,4
9:20:45,2260.8,2260.6,2260.8,3,33,4
9:20:46,2260.6,2260.6,2260.8,1,32,10
9:20:46,2260.6,2260.6,2260.8,5,29,12
9:20:47,2260.8,2260.6,2260.8,20,11,16
9:20:47,2260.8,2260.6,2260.8,12,11,7
9:20:48,2260.8,2260.6,2260.8,2,11,6
9:20:48,2260.8,2260.6,2260.8,5,8,4
9:20:49,2260.6,2260.6,2260.8,3,8,5
9:20:49,2260.6,2260.6,2260.8,1,7,6
9:20:50,2260.6,2260.6,2260.8,1,31,6
9:20:50,2260.8,2260.8,2261,7,1,40
9:20:51,2260.8,2260.8,2261,3,5,40
9:20:51,2260.8,2260.8,2261,14,11,29
9:20:52,2261,2260.8,2261,5,12,25
9:20:52,2261,2260.8,2261,3,23,23
9:20:53,2260.8,2260.8,2261,9,23,15
9:20:53,2261,2261,2261.2,16,31,33
9:20:54,2261.2,2261,2261.2,11,25,28
9:20:54,2261,2261,2261.2,4,22,29
9:20:55,2261,2261,2261.2,3,19,29
9:20:55,2261,2261,2261.2,15,9,25
9:20:56,2261.2,2261,2261.2,3,5,22
9:20:56,2261,2261,2261.2,2,4,22
9:20:57,2261,2261,2261.2,3,2,22
9:20:57,2261.2,2260.8,2261.2,5,10,20
9:20:58,2261,2260.8,2261,2,10,9
9:20:58,2260.8,2260.8,2261,1,9,11
9:20:59,2261,2260.8,2261,2,10,15
9:21:00,2260.8,2260.6,2260.8,13,14,12
9:21:00,2260.8,2260.6,2260.8,7,14,7
9:21:01,2260.8,2260.8,2261,7,17,75
9:21:01,2261,2260.8,2261,12,29,75
9:21:02,2260.8,2260.8,2261,38,2,70
9:21:02,2261,2260.6,2261,10,15,52
9:21:03,2260.8,2260.6,2260.8,23,16,2
9:21:03,2261,2260.6,2260.8,9,16,8
9:21:04,2261,2260.6,2260.8,16,16,2
9:21:04,2260.8,2260.8,2261,8,22,33
9:21:05,2260.8,2260.8,2261,3,23,33
9:21:05,2260.8,2260.8,2261,5,19,32
9:21:06,2260.8,2260.8,2261,4,28,31
9:21:07,2260.8,2260.8,2261,29,30,4
9:21:07,2260.8,2261,2261.2,10,15,34
9:21:08,2261,2261,2261.2,10,18,26
9:21:08,2261,2261,2261.2,3,15,26
9:21:09,2261,2261,2261.2,2,15,15
9:21:09,2261.2,2261,2261.2,2,5,9
9:21:10,2261,2261,2261.2,4,1,11
9:21:10,2261.2,2260.8,2261,8,20,8
9:21:11,2261.2,2261.2,2261.4,16,14,36
9:21:11,2261.2,2261.2,2261.4,5,9,36
9:21:12,2261.2,2261.2,2261.4,7,2,36
9:21:12,2261.4,2261.2,2261.4,11,1,26
9:21:13,2261.4,2261,2261.4,12,7,16
9:21:13,2261.4,2261,2261.4,13,8,5
9:21:14,2261.4,2261.4,2261.6,11,11,44
9:21:14,2261.6,2261.4,2261.6,8,20,40
9:21:15,2261.6,2261.4,2261.6,23,19,19
9:21:15,2261.8,2261.6,2261.8,49,9,8
9:21:16,2261.6,2261.6,2261.8,4,29,7
9:21:16,2262,2261.8,2262,16,37,94
9:21:17,2262,2261.8,2262,12,50,82
9:21:17,2262,2261.8,2262,5,49,81
9:21:18,2262,2261.8,2262,31,41,54
9:21:18,2262,2261.8,2262,26,43,32
9:21:19,2261.8,2261.8,2262,15,41,21
9:21:19,2261.8,2261.8,2262,50,2,10
9:21:20,2262,2262,2262.2,12,8,39
9:21:20,2261.8,2261.6,2262,16,22,1
9:21:21,2262,2261.6,2261.8,26,1,2
9:21:21,2261.8,2261.6,2261.8,5,2,3
9:21:22,2261.4,2261.4,2261.8,9,21,3
9:21:22,2261.8,2261.8,2262,13,3,29
9:21:23,2261.8,2261.6,2261.8,59,1,14
9:21:23,2262,2262,2262.2,31,1,67
9:21:24,2261.8,2261.4,2262,2,11,20
9:21:24,2261.4,2261.6,2261.8,33,1,1
9:21:25,2261.8,2261.8,2262.2,16,1,69
9:21:25,2262.2,2261.8,2262.2,12,10,63
9:21:26,2262.2,2261.8,2262.2,23,10,42
9:21:26,2262,2262,2262.2,9,1,41
9:21:27,2262.2,2262,2262.2,17,25,31
9:21:27,2262.2,2262,2262.2,37,2,16
9:21:28,2262.2,2262.2,2262.4,46,23,3
9:21:28,2262.2,2262.4,2262.6,55,15,9
9:21:29,2262.4,2262.4,2262.6,6,11,8
9:21:29,2262.4,2262.2,2262.4,22,13,6
9:21:30,2262.4,2262.2,2262.4,28,14,26
9:21:30,2262.2,2261.8,2262.2,59,12,35
9:21:31,2261.6,2261.6,2261.8,49,5,3
9:21:31,2262,2261.6,2261.8,30,6,2
9:21:32,2262,2261.8,2262,12,1,5
9:21:32,2262,2262,2262.2,6,3,24
9:21:33,2262,2261.8,2262,41,18,13
9:21:33,2262.2,2262.2,2262.4,19,3,17
9:21:34,2262.4,2262.2,2262.4,6,3,11
9:21:34,2262.4,2262.2,2262.4,17,5,3
9:21:35,2262.6,2262.2,2262.6,41,1,15
9:21:35,2262.6,2262.6,2262.8,28,10,43
9:21:36,2262.8,2262.8,2263,50,1,59
9:21:36,2263,2262.6,2263,40,33,35
9:21:37,2262.6,2262.6,2262.8,42,33,7
9:21:37,2262.6,2262.6,2262.8,31,31,3
9:21:38,2262.6,2262.6,2262.8,56,30,8
9:21:38,2263,2262.8,2263,58,1,18
9:21:39,2263,2262.8,2263,13,27,15
9:21:39,2262.6,2262.6,2263,57,11,3
9:21:40,2262.8,2262.4,2262.8,46,4,2
9:21:40,2262.8,2262.4,2262.8,25,14,10
9:21:41,2262.4,2262.4,2262.8,18,16,10
9:21:41,2262.6,2262.6,2262.8,22,3,7
9:21:42,2262.6,2262.4,2262.6,16,9,4
9:21:42,2262.6,2262.6,2262.8,12,2,4
9:21:43,2262.8,2262.6,2262.8,7,3,3
9:21:43,2262.6,2262.6,2262.8,6,1,9
9:21:44,2262.6,2262.4,2262.6,4,11,31
9:21:44,2262.4,2262.2,2262.4,29,6,44
9:21:45,2262.4,2262,2262.4,40,29,34
9:21:45,2262.4,2262,2262.4,30,17,23
9:21:46,2262,2262,2262.4,10,13,33
9:21:46,2262,2261.8,2262,38,12,3
9:21:47,2261.8,2261.8,2262,6,9,12
9:21:47,2262,2261.8,2262.2,16,9,4
9:21:48,2261.8,2261.8,2262,14,10,1
9:21:48,2261.8,2261.8,2262.2,23,8,3
9:21:49,2262,2262,2262.2,27,2,7
9:21:49,2262,2262,2262.4,21,1,20
9:21:50,2262.2,2262,2262.4,2,2,21
9:21:50,2261.8,2261.8,2262.4,15,1,20
9:21:51,2262.2,2261.8,2262,11,12,10
9:21:52,2262,2261.8,2262,5,11,22
9:21:53,2261.8,2261.8,2262,2,9,23
9:21:53,2262,2261.8,2262,2,13,23
9:21:54,2261.8,2261.8,2262,2,11,25
9:21:54,2261.8,2261.8,2262,2,9,25
9:21:55,2262,2261.8,2262,6,7,35
9:21:55,2261.8,2261.8,2262,7,4,35
9:21:56,2261.8,2261.6,2262,19,4,34
9:21:56,2262,2261.6,2262,23,16,18
9:21:57,2261.6,2261.6,2261.8,1,15,5
9:21:57,2261.8,2261.8,2262,7,15,18
9:21:58,2261.8,2261.8,2262,13,5,17
9:21:58,2261.6,2261.6,2261.8,9,10,20
9:21:59,2261.4,2261.4,2261.6,17,11,1
9:21:59,2261.4,2261.4,2261.6,11,6,2
9:22:00,2261.4,2261.4,2261.8,8,5,25
9:22:00,2261.4,2261.2,2261.6,22,21,3
9:22:01,2261.4,2261.2,2261.6,11,11,16
9:22:01,2261.6,2261.2,2261.4,5,9,1
9:22:02,2261.6,2261.4,2261.6,13,7,33
9:22:02,2261.6,2261.4,2261.6,29,2,34
9:22:03,2261.4,2261.4,2261.6,1,16,24
9:22:03,2261.6,2261.4,2261.6,2,32,20
9:22:04,2261.6,2261.4,2261.6,33,16,7
9:22:04,2261.6,2261.4,2261.6,10,11,2
9:22:05,2261.6,2261.6,2261.8,3,2,22
9:22:05,2261.8,2261.6,2261.8,5,1,19
9:22:06,2261.6,2261.4,2261.8,2,13,18
9:22:06,2261.6,2261.4,2261.8,3,17,23
9:22:07,2261.8,2261.4,2261.8,17,24,12
9:22:08,2261.4,2261.4,2261.8,4,23,10
9:22:08,2261.8,2261.4,2261.8,7,23,3
9:22:09,2261.4,2261.4,2261.8,1,22,4
9:22:09,2261.8,2261.6,2262,7,7,24
9:22:10,2261.8,2261.6,2261.8,3,13,1
9:22:11,2261.6,2261.6,2261.8,2,12,2
9:22:11,2261.6,2261.6,2261.8,3,10,1
9:22:12,2261.6,2261.6,2261.8,2,9,8
9:22:12,2261.6,2261.4,2261.6,11,38,5
9:22:13,2261.4,2261.4,2262,35,35,29
9:22:13,2261.6,2261.4,2261.6,2,37,1
9:22:14,2261.6,2261.4,2261.8,3,37,8
9:22:14,2261.6,2261.6,2261.8,3,3,8
9:22:15,2261.6,2261.6,2261.8,3,2,8
9:22:16,2261.6,2261.4,2261.8,2,40,12
9:22:16,2261.6,2261.4,2261.6,1,34,10
9:22:17,2261.6,2261.4,2261.6,2,35,11
9:22:17,2261.4,2261.4,2261.6,7,28,12
9:22:18,2261.4,2261.4,2261.6,11,17,12
9:22:18,2261.4,2261.2,2261.4,18,51,1
9:22:19,2261.4,2261.2,2261.4,5,52,3
9:22:20,2261.4,2261.2,2261.4,3,53,8
9:22:20,2261.2,2261.2,2261.4,13,44,5
9:22:21,2261.2,2261.2,2261.4,6,42,10
9:22:21,2261.2,2261.2,2261.4,9,37,17
9:22:22,2261.4,2261.2,2261.4,9,32,20
9:22:22,2261.2,2261.2,2261.4,27,9,21
9:22:23,2261.2,2261.2,2261.4,1,8,21
9:22:23,2261.2,2261.2,2261.4,1,7,22
9:22:24,2261.2,2261.2,2261.4,5,3,24
9:22:24,2261,2261,2261.2,5,68,6
9:22:25,2261.2,2261.2,2261.4,60,16,24
9:22:25,2261.2,2261.2,2261.4,7,27,25
9:22:26,2261.2,2261,2261.2,40,19,73
9:22:26,2261,2260.8,2261,38,62,20
9:22:27,2260.8,2260.8,2261,9,79,18
9:22:27,2260.8,2260.8,2261,31,49,40
9:22:28,2260.8,2260.8,2261,8,44,38
9:22:28,2260.8,2260.8,2261,6,38,38
9:22:29,2260.8,2260.8,2261,4,35,38
9:22:29,2260.8,2260.6,2260.8,45,57,17
9:22:30,2260.8,2260.6,2260.8,2,56,27
9:22:30,2260.6,2260.6,2260.8,3,53,29
9:22:31,2260.8,2260.6,2260.8,5,53,25
9:22:31,2260.6,2260.6,2260.8,15,40,25
9:22:32,2260.6,2260.6,2260.8,42,8,16
9:22:32,2260.6,2260.6,2260.8,3,7,15
9:22:33,2260.6,2260.4,2260.6,13,64,3
9:22:33,2260.6,2260.4,2260.6,18,66,5
9:22:34,2260.6,2260.6,2260.8,23,2,5
9:22:34,2260.8,2260.6,2260.8,6,4,3
9:22:35,2260.6,2260.6,2260.8,3,15,2
9:22:35,2260.8,2260.6,2260.8,11,27,1
9:22:36,2260.8,2260.8,2261,16,8,27
9:22:36,2260.8,2260.8,2261,21,10,27
9:22:37,2260.8,2260.8,2261,7,5,26
9:22:37,2261,2260.8,2261,4,3,26
9:22:38,2260.8,2260.8,2261,8,9,26
9:22:38,2260.6,2260.6,2260.8,18,18,8
9:22:39,2260.8,2260.6,2260.8,5,20,7
9:22:39,2260.8,2260.8,2261,14,11,19
9:22:40,2261,2260.8,2261,16,8,15
9:22:40,2260.8,2260.8,2261,2,6,14
9:22:41,2260.6,2260.6,2260.8,26,13,1
9:22:41,2261,2260.6,2261,12,14,9
9:22:42,2260.6,2260.6,2260.8,12,7,3
9:22:42,2260.6,2260.6,2260.8,2,10,2
9:22:43,2260.6,2260.4,2260.6,14,67,7
9:22:43,2261,2260.4,2261,21,79,6
9:22:44,2260.8,2260.8,2261,7,39,9
9:22:44,2260.8,2261,2261.2,24,7,9
9:22:45,2261,2261,2261.2,2,6,18
9:22:46,2261,2261,2261.2,3,3,9
9:22:46,2261,2261,2261.2,4,1,10
9:22:47,2261.2,2261,2261.2,3,1,8
9:22:47,2260.8,2260.8,2261,3,36,1
9:22:48,2261,2261,2261.2,1,1,8
9:22:48,2260.8,2260.8,2261,2,36,30
9:22:49,2261,2260.8,2261,15,36,16
9:22:49,2261,2260.8,2261,4,33,17
9:22:50,2260.8,2260.8,2261,1,32,19
9:22:50,2261,2261,2261.2,23,4,14
9:22:51,2261,2261,2261.2,3,5,14
9:22:51,2261,2261,2261.2,3,5,16
9:22:52,2261,2261,2261.2,1,4,16
9:22:52,2260.8,2260.8,2261,5,30,2
9:22:53,2261,2260.8,2261,3,30,1
9:22:53,2261,2261,2261.2,2,4,19
9:22:54,2260.8,2260.8,2261,8,26,2
9:22:54,2261,2260.8,2261,1,27,2
9:22:55,2261,2260.8,2261,1,29,22
9:22:55,2260.8,2260.8,2261,4,25,23
9:22:56,2261,2260.8,2261,1,38,22
9:22:56,2260.8,2260.6,2260.8,43,92,21
9:22:57,2260.8,2260.6,2260.8,1,93,21
9:22:57,2260.8,2260.6,2260.8,1,94,20
9:22:58,2260.8,2260.6,2260.8,10,91,13
9:22:58,2260.6,2260.6,2260.8,4,90,10
9:22:59,2260.8,2260.8,2261,10,9,25
9:22:59,2260.8,2260.8,2261,8,8,18
9:23:00,2260.8,2260.8,2261,2,52,17
9:23:00,2260.8,2260.8,2261,3,62,16
9:23:01,2261,2261,2261.2,20,4,31
9:23:01,2261.2,2261,2261.2,3,4,30
9:23:02,2261,2261,2261.2,3,11,33
9:23:02,2261,2261,2261.2,5,19,31
9:23:03,2261,2261,2261.2,2,21,32
9:23:03,2261,2261,2261.2,8,15,30
9:23:04,2261,2261,2261.2,9,14,36
9:23:05,2261.2,2261,2261.2,1,15,35
9:23:05,2261.2,2261,2261.2,1,25,34
9:23:06,2261,2261,2261.2,3,23,34
9:23:06,2261,2261,2261.2,2,21,35
9:23:07,2261,2261,2261.2,7,19,30
9:23:08,2261,2260.8,2261,33,12,1
9:23:09,2260.8,2260.8,2261,1,11,5
9:23:09,2260.8,2260.8,2261,4,11,23
9:23:10,2261,2261,2261.2,34,6,35
9:23:10,2261,2261,2261.2,6,3,35
9:23:11,2261,2261,2261.2,25,45,36
9:23:11,2261.2,2261,2261.2,13,33,36
9:23:12,2261,2261,2261.2,6,32,32
9:23:12,2261,2260.8,2261,32,13,6
9:23:13,2261,2260.8,2261,1,14,7
9:23:13,2261,2260.8,2261,3,15,5
9:23:14,2261,2260.8,2261,1,15,5
9:23:15,2261,2260.8,2261,2,16,3
9:23:15,2261,2260.8,2261,4,14,12
9:23:16,2261,2260.8,2261,3,33,10
9:23:16,2260.8,2260.8,2261,5,29,9
9:23:17,2260.8,2260.8,2261,8,29,16
9:23:17,2260.8,2260.8,2261,6,24,16
9:23:18,2260.8,2260.8,2261,4,21,21
9:23:18,2260.8,2260.8,2261,7,16,21
9:23:19,2260.8,2260.8,2261,10,6,22
9:23:19,2260.8,2260.6,2260.8,9,94,22
9:23:20,2260.6,2260.6,2260.8,3,92,27
9:23:20,2260.8,2260.6,2260.8,5,92,25
9:23:21,2260.6,2260.6,2260.8,22,91,5
9:23:22,2260.6,2260.6,2260.8,2,91,4
9:23:22,2260.6,2260.6,2260.8,12,80,3
9:23:23,2260.6,2260.6,2260.8,5,80,3
9:23:23,2260.8,2260.6,2260.8,5,77,2
9:23:24,2260.6,2260.6,2261,3,77,41
9:23:24,2260.6,2260.6,2261,19,74,42
9:23:25,2261,2260.6,2261,6,70,41
9:23:25,2260.6,2260.6,2260.8,1,71,2
9:23:26,2260.6,2260.6,2260.8,1,71,2
9:23:26,2260.6,2260.6,2260.8,2,71,2
9:23:27,2260.8,2260.8,2261,2,9,46
9:23:27,2260.8,2260.8,2261,4,10,46
9:23:28,2260.8,2260.8,2261,3,18,46
9:23:28,2260.8,2260.8,2261,1,22,48
9:23:29,2260.8,2260.8,2261,1,21,49
9:23:29,2260.8,2260.8,2261,10,12,48
9:23:30,2261,2260.8,2261,9,4,37
9:23:30,2260.8,2260.8,2261,1,3,39
9:23:31,2260.8,2260.8,2261,4,1,41
9:23:31,2261,2260.8,2261,2,1,39
9:23:32,2261,2260.6,2261,4,79,37
9:23:32,2260.8,2260.6,2260.8,1,84,2
9:23:33,2260.8,2260.6,2260.8,1,84,1
9:23:34,2260.8,2260.6,2261,1,84,40
9:23:35,2261,2260.8,2261,1,4,40
9:23:35,2261,2260.8,2261,2,4,39
9:23:36,2260.8,2260.8,2261,4,1,39
9:23:36,2260.8,2260.6,2260.8,6,83,2
9:23:37,2260.8,2260.8,2261,3,28,40
9:23:38,2261,2260.8,2261,10,36,36
9:23:38,2260.8,2260.8,2261,2,42,38
9:23:39,2261,2260.8,2261,39,16,38
9:23:39,2261,2260.8,2261,4,15,35
9:23:40,2260.8,2260.8,2261,7,13,30
9:23:41,2261,2260.8,2261,1,14,29
9:23:41,2261,2260.8,2261,3,17,27
9:23:42,2261,2260.8,2261,6,19,23
9:23:42,2261,2260.8,2261,16,4,22
9:23:43,2260.8,2260.8,2261,2,2,22
9:23:44,2260.8,2260.6,2260.8,4,88,1
9:23:44,2260.6,2260.6,2260.8,2,93,1
9:23:45,2260.8,2260.6,2261,1,94,22
9:23:45,2260.6,2260.6,2261,7,93,23
9:23:46,2260.8,2260.8,2261,2,1,23
9:23:46,2260.8,2260.8,2261,11,10,24
9:23:47,2260.6,2260.6,2261,63,41,24
9:23:48,2260.6,2260.6,2260.8,3,39,11
9:23:49,2260.8,2260.6,2260.8,2,38,10
9:23:49,2260.6,2260.6,2260.8,18,21,6
9:23:50,2260.6,2260.6,2260.8,9,13,9
9:23:50,2260.8,2260.6,2260.8,1,13,9
9:23:51,2260.6,2260.6,2260.8,3,10,10
9:23:51,2260.6,2260.6,2260.8,11,8,1
9:23:52,2260.6,2260.6,2260.8,4,6,1
9:23:52,2260.6,2260.6,2260.8,2,9,1
9:23:53,2260.8,2260.6,2260.8,5,5,1
9:23:53,2260.8,2260.8,2261,9,1,50
9:23:54,2260.8,2260.4,2260.8,14,87,4
9:23:54,2260.8,2260.8,2261,9,7,52
9:23:55,2260.4,2260.4,2260.8,13,78,3
9:23:55,2260.4,2260.4,2260.8,5,88,9
9:23:56,2260.8,2260.6,2260.8,11,6,14
9:23:56,2260.6,2260.6,2261,45,10,36
9:23:57,2260.6,2260.6,2261,6,13,36
9:23:57,2261,2260.6,2261,3,21,33
9:23:58,2260.6,2260.6,2261,4,21,35
9:23:59,2261,2260.8,2261,1,3,34
9:23:59,2260.8,2260.8,2261,1,3,34
9:24:00,2261,2260.8,2261,2,13,33
9:24:00,2261,2261,2261.2,36,2,37
9:24:01,2260.8,2260.8,2261,8,11,1
9:24:01,2261,2260.8,2261,2,12,2
9:24:02,2261,2260.8,2261.2,4,12,37
9:24:02,2261.2,2260.8,2261.2,27,12,10
9:24:03,2261.4,2261,2261.4,29,7,44
9:24:03,2261.4,2261.2,2261.4,1,1,43
9:24:04,2261.4,2261.2,2261.4,31,4,14
9:24:04,2261.4,2261.4,2261.6,15,4,15
9:24:05,2261.6,2261.4,2261.6,10,8,12
9:24:05,2261.6,2261.4,2261.6,4,11,8
9:24:06,2261.6,2261.4,2261.6,1,11,6
9:24:06,2261.6,2261.4,2261.6,7,13,2
9:24:07,2261.6,2261.6,2261.8,3,12,25
9:24:07,2261.8,2261.6,2261.8,6,21,22
9:24:08,2261.8,2261.6,2261.8,1,29,21
9:24:08,2261.8,2261.6,2261.8,8,24,18
9:24:09,2262,2261.6,2262,25,23,78
9:24:09,2262,2261.8,2262,3,3,75
9:24:10,2262,2261.8,2262,8,1,72
9:24:10,2261.8,2261.6,2261.8,11,18,6
9:24:11,2261.8,2261.6,2262,20,17,56
9:24:11,2261.8,2261.6,2261.8,6,20,26
9:24:12,2261.6,2261.4,2261.6,24,7,29
9:24:12,2261.4,2261.2,2261.6,9,7,53
9:24:13,2261.4,2261.2,2261.4,2,13,31
9:24:13,2261.4,2261.2,2261.4,10,7,30
9:24:14,2261.4,2261.2,2261.4,5,4,28
9:24:14,2260.8,2260.8,2261.4,34,7,29
9:24:15,2261.4,2260.8,2261.4,9,2,29
9:24:15,2260.8,2260.8,2261.2,1,1,5
9:24:16,2261,2260.6,2261,5,42,13
9:24:16,2261,2261,2261.4,14,1,16
9:24:17,2261.2,2261.2,2261.4,6,1,24
9:24:17,2261.2,2261,2261.2,2,1,23
9:24:18,2261,2260.8,2261.2,1,1,28
9:24:19,2260.8,2260.8,2261,1,2,1
9:24:19,2261,2260.8,2261,2,1,5
9:24:20,2260.8,2260.8,2261,1,2,5
9:24:20,2260.8,2260.8,2261,3,1,12
9:24:21,2261,2260.8,2261,2,4,18
9:24:21,2260.8,2260.8,2261,2,4,18
9:24:22,2260.6,2260.6,2261,14,47,14
9:24:22,2261,2260.6,2261,4,48,8
9:24:23,2260.6,2260.6,2261,3,46,11
9:24:23,2260.8,2260.6,2260.8,1,47,2
9:24:24,2260.6,2260.6,2260.8,1,45,2
9:24:24,2261,2260.8,2261,9,1,8
9:24:25,2261,2260.8,2261,11,1,11
9:24:25,2260.8,2260.8,2261,1,32,11
9:24:26,2260.8,2260.8,2261,10,22,11
9:24:26,2260.8,2260.8,2261,9,14,11
9:24:27,2260.8,2260.8,2261,7,12,11
9:24:27,2260.8,2260.8,2261,7,7,9
9:24:28,2260.8,2260.8,2261,5,2,10
9:24:28,2260.8,2260.6,2261,4,59,12
9:24:29,2260.6,2260.8,2261,1,2,14
9:24:30,2260.8,2260.6,2261,3,62,13
9:24:30,2260.8,2260.6,2261,2,61,14
9:24:31,2260.8,2260.6,2261,4,62,13
9:24:31,2260.6,2260.6,2261,1,61,33
9:24:32,2260.6,2260.8,2261,1,2,34
9:24:32,2260.6,2260.6,2260.8,5,58,2
9:24:33,2260.6,2260.6,2260.8,15,50,7
9:24:34,2260.8,2260.6,2260.8,13,38,43
9:24:34,2260.6,2260.6,2260.8,3,35,49
9:24:35,2260.6,2260.6,2260.8,62,5,20
9:24:35,2260.6,2260.4,2260.6,8,75,86
9:24:36,2260.4,2260.4,2260.6,4,72,76
9:24:36,2260.4,2260.4,2260.6,17,56,66
9:24:37,2260.6,2260.2,2260.6,62,158,60
9:24:38,2260.2,2260.2,2260.4,34,126,11
9:24:38,2260.2,2260.2,2260.6,23,97,63
9:24:39,2260.2,2260.2,2260.6,21,78,63
9:24:39,2260.6,2260.2,2260.6,7,73,67
9:24:40,2260.2,2260.2,2260.6,15,65,67
9:24:40,2260.2,2260.2,2260.4,8,60,1
9:24:41,2260.2,2260.2,2260.6,31,64,35
9:24:41,2260.2,2260.4,2260.6,4,1,35
9:24:42,2260.2,2260,2260.2,78,161,34
9:24:42,2260.2,2260,2260.2,9,159,25
9:24:43,2260,2260,2260.2,4,157,29
9:24:43,2260,2260,2260.2,17,145,26
9:24:44,2260.2,2260,2260.2,59,101,11
9:24:44,2260,2260,2260.2,23,78,11
9:24:45,2260.2,2260.2,2260.4,33,8,17
9:24:45,2260.2,2260.2,2260.4,15,2,16
9:24:46,2260.2,2260.2,2260.4,7,21,16
9:24:46,2260,2260,2260.2,32,57,6
9:24:47,2260.2,2260,2260.2,17,57,15
9:24:47,2260,2260,2260.2,7,53,18
9:24:48,2260,2260,2260.2,20,69,3
9:24:48,2260,2260,2260.2,10,63,2
9:24:49,2260,2260.2,2260.4,11,8,15
9:24:49,2260,2260.2,2260.4,3,5,15
9:24:50,2260.2,2260.2,2260.4,12,51,14
9:24:50,2260.2,2260.2,2260.4,4,53,20
9:24:51,2260.2,2260.2,2260.4,5,48,20
9:24:51,2260.4,2260.2,2260.4,12,38,19
9:24:52,2260.4,2260.2,2260.4,11,38,14
9:24:52,2260.2,2260.2,2260.4,8,34,12
9:24:53,2260.4,2260.2,2260.4,7,32,18
9:24:53,2260.4,2260.2,2260.4,1,32,17
9:24:54,2260.2,2260.2,2260.4,3,31,16
9:24:54,2260.4,2260.2,2260.4,6,43,11
9:24:55,2260.4,2260.2,2260.4,10,41,3
9:24:56,2260.4,2260.4,2260.6,4,1,16
9:24:56,2260.4,2260.4,2260.6,3,4,14
9:24:57,2260.6,2260.4,2260.6,1,7,14
9:24:57,2260.6,2260.4,2260.6,7,15,9
9:24:58,2260.6,2260.4,2260.6,3,17,7
9:24:58,2260.6,2260.4,2260.6,3,15,6
9:24:59,2260.4,2260.4,2260.8,16,13,15
9:25:00,2260.8,2260.4,2260.8,14,6,21
9:25:00,2260.4,2260.4,2260.8,11,2,20
9:25:01,2260.2,2260.2,2260.4,11,36,4
9:25:01,2260.2,2260.2,2260.4,19,20,8
9:25:02,2260.2,2260,2260.2,53,72,9
9:25:02,2260.2,2260,2260.2,8,71,3
9:25:03,2260.2,2260.2,2260.4,12,1,9
9:25:03,2260.2,2260.2,2260.4,3,1,15
9:25:04,2260.2,2260,2260.2,40,64,5
9:25:04,2260,2260,2260.2,6,63,1
9:25:05,2260,2260,2260.2,16,48,2
9:25:05,2260,2260,2260.4,10,49,13
9:25:06,2260.2,2260,2260.2,28,24,19
9:25:06,2260,2260,2260.2,14,12,15
9:25:07,2260,2259.8,2260,13,48,3
9:25:07,2260,2259.8,2260,12,48,5
9:25:08,2260,2260,2260.2,10,13,26
9:25:08,2260.2,2260,2260.2,7,50,22
9:25:09,2260,2260,2260.2,7,45,22
9:25:09,2260.2,2260,2260.2,13,46,13
9:25:10,2260,2260.2,2260.4,25,20,18
9:25:10,2260.4,2260.4,2260.6,21,38,3
9:25:11,2260.6,2260.6,2261,27,3,31
9:25:11,2260.4,2260.4,2261,13,38,32
9:25:12,2260.6,2260.6,2261,3,6,41
9:25:12,2260.6,2260.6,2261,20,4,36
9:25:13,2261,2260.6,2260.8,2,5,1
9:25:13,2260.8,2260.8,2261,7,3,34
9:25:14,2261,2260.8,2261,9,3,30
9:25:14,2260.8,2260.8,2261,4,4,31
9:25:15,2261.2,2260.8,2261.2,41,3,5
9:25:15,2261.2,2260.6,2261.2,5,3,5
9:25:16,2261.2,2260.6,2260.8,4,9,3
9:25:16,2261,2260.6,2261,8,12,3
9:25:17,2261,2260.6,2261,2,9,6
9:25:18,2261,2260.8,2261,2,9,7
9:25:18,2261,2260.8,2261.2,7,10,6
9:25:19,2261,2260.8,2261.2,2,10,6
9:25:19,2261.2,2260.8,2261.2,2,11,4
9:25:20,2260.8,2260.8,2261.2,1,10,9
9:25:20,2261.2,2261.2,2261.4,9,2,27
9:25:21,2261.2,2261,2261.2,16,1,1
9:25:21,2261.2,2260.8,2261.4,3,2,29
9:25:22,2261.2,2261,2261.2,2,1,16
9:25:22,2260.8,2260.8,2261.2,4,1,20
9:25:23,2261.2,2260.8,2261.2,4,5,23
9:25:23,2261.2,2260.8,2261,8,5,3
9:25:24,2260.8,2260.6,2261,7,33,5
9:25:24,2261,2260.8,2261,2,2,8
9:25:25,2261,2260.8,2261,4,3,5
9:25:25,2261.2,2260.8,2261.2,7,3,7
9:25:26,2260.8,2260.6,2260.8,13,33,3
9:25:26,2260.8,2260.6,2261,3,33,3
9:25:27,2260.8,2260.8,2261,1,2,9
9:25:28,2260.8,2260.8,2261,4,1,10
9:25:28,2261,2260.8,2261,5,29,7
9:25:29,2261,2260.8,2261,3,29,5
9:25:29,2260.8,2260.8,2261,4,26,6
9:25:30,2261,2260.8,2261,1,26,10
9:25:30,2261,2260.8,2261,4,24,9
9:25:31,2261,2260.8,2261,10,23,1
9:25:31,2261,2260.8,2261.2,3,22,23
9:25:32,2260.8,2260.8,2261.2,1,21,23
9:25:32,2260.8,2260.8,2261,4,18,1
9:25:33,2260.8,2260.8,2261,2,18,1
9:25:33,2261,2261,2261.2,1,4,23
9:25:34,2261,2261,2261.2,4,1,24
9:25:34,2261.2,2260.8,2261.2,22,19,6
9:25:35,2261.2,2260.8,2261,3,19,2
9:25:35,2260.8,2260.8,2261,3,18,2
9:25:36,2261,2260.8,2261.2,2,19,4
9:25:36,2261.2,2261,2261.4,5,1,33
9:25:37,2261,2260.8,2261.2,1,20,1
9:25:37,2260.8,2261,2261.2,2,3,1
9:25:38,2260.8,2260.8,2261.2,11,14,3
9:25:38,2261.2,2261.2,2261.4,7,14,33
9:25:39,2261.2,2261.2,2261.4,3,11,33
9:25:39,2261,2260.8,2261.4,12,20,33
9:25:40,2260.8,2260.8,2261.4,5,21,31
9:25:41,2261.2,2261,2261.2,10,15,1
9:25:41,2261.2,2261,2261.2,1,18,1
9:25:42,2261.2,2261,2261.4,1,20,32
9:25:43,2261.2,2261,2261.2,4,19,1
9:25:43,2261.2,2261,2261.4,1,19,33
9:25:45,2261,2261,2261.2,1,17,4
9:25:46,2261.2,2261,2261.2,1,20,20
9:25:47,2261,2261,2261.2,4,19,19
9:25:47,2261.2,2261,2261.2,3,19,17
9:25:48,2261,2261,2261.2,1,21,20
9:25:48,2261,2261,2261.2,8,37,17
9:25:49,2261,2261,2261.4,21,41,45
9:25:49,2261,2261.2,2261.4,6,1,45
9:25:50,2261.4,2261,2261.2,5,33,2
9:25:50,2261.4,2261,2261.4,4,32,42
9:25:51,2261.4,2261,2261.4,3,33,42
9:25:52,2261.4,2261,2261.4,16,34,26
9:25:53,2261,2261,2261.2,20,32,1
9:25:53,2261.4,2261,2261.4,6,32,9
9:25:54,2261.4,2261.4,2261.6,13,3,32
9:25:54,2261.4,2261.4,2261.6,1,2,32
9:25:55,2261.6,2261,2261.2,18,21,1
9:25:55,2261.4,2261,2261.4,14,18,5
9:25:56,2261.4,2261.2,2261.4,2,1,3
9:25:56,2261.4,2261.2,2261.4,1,3,12
9:25:57,2261.4,2261.2,2261.4,12,18,1
9:25:57,2261.4,2261.2,2261.4,1,16,3
9:25:58,2261.4,2261.2,2261.4,2,18,1
9:25:58,2261.2,2261.2,2261.4,1,17,2
9:25:59,2261.4,2261.4,2261.6,2,12,32
9:25:59,2261.4,2261.2,2261.6,18,12,34
9:26:00,2261.6,2261.4,2261.6,3,1,33
9:26:00,2261.4,2261.4,2261.6,5,1,33
9:26:01,2261.4,2261.2,2261.4,2,8,1
9:26:01,2261.6,2261.2,2261.4,9,8,1
9:26:02,2261.6,2261.4,2261.6,11,1,27
9:26:02,2261.4,2261.2,2261.6,1,25,27
9:26:03,2261.6,2261.2,2261.6,20,25,9
9:26:03,2261.6,2261.4,2261.6,6,4,5
9:26:04,2261.6,2261.4,2261.6,11,3,4
9:26:04,2261.6,2261.4,2261.6,7,6,5
9:26:05,2261.4,2261.4,2261.6,5,5,3
9:26:05,2261.4,2261.2,2261.6,6,22,16
9:26:06,2261.6,2261.2,2261.4,3,26,1
9:26:06,2261.4,2261.4,2261.6,19,7,16
9:26:07,2261.4,2261.4,2261.6,1,9,24
9:26:07,2261.6,2261.4,2261.6,5,7,15
9:26:08,2261.4,2261.4,2261.6,2,6,15
9:26:08,2261.6,2261.4,2261.6,5,5,13
9:26:09,2261.4,2261.4,2261.6,4,3,14
9:26:10,2261.4,2261.2,2261.6,5,23,16
9:26:10,2261.4,2261.2,2261.4,9,32,2
9:26:11,2261.4,2261.2,2261.4,1,32,2
9:26:11,2261.4,2261.2,2261.4,2,33,8
9:26:12,2261.2,2261.2,2261.4,2,35,9
9:26:12,2261.4,2261.2,2261.4,1,35,14
9:26:13,2261.2,2261.2,2261.4,2,34,15
9:26:13,2261.2,2261.2,2261.4,25,9,16
9:26:14,2261.2,2261,2261.2,31,3,22
9:26:14,2261,2260.8,2261,3,35,6
9:26:15,2260.8,2260.8,2261,1,34,9
9:26:15,2260.8,2260.8,2261,10,29,8
9:26:16,2260.8,2260.8,2261,3,26,12
9:26:16,2260.8,2260.8,2261,2,26,11
9:26:17,2260.8,2260.6,2260.8,26,42,23
9:26:17,2260.6,2260.6,2260.8,6,38,21
9:26:18,2260.8,2260.6,2260.8,5,37,19
9:26:18,2260.6,2260.6,2261,25,34,9
9:26:19,2261,2260.8,2261.2,11,8,17
9:26:19,2260.8,2260.8,2261.2,4,35,17
9:26:20,2261,2261,2261.2,16,4,18
9:26:20,2261.2,2261,2261.2,1,23,18
9:26:21,2261,2261,2261.2,3,22,17
9:26:21,2261,2261,2261.2,1,21,17
9:26:22,2261,2261,2261.2,1,20,17
9:26:22,2261,2261,2261.2,1,19,18
9:26:23,2261,2261,2261.2,1,20,18
9:26:23,2261,2261,2261.2,5,35,18
9:26:24,2261.2,2261,2261.2,2,34,19
9:26:24,2261.2,2261,2261.2,5,33,18
9:26:25,2261,2261,2261.2,2,32,18
9:26:26,2261.2,2261,2261.2,2,32,18
9:26:26,2261,2261,2261.4,22,29,16
9:26:27,2261,2261,2261.2,5,44,1
9:26:28,2261.2,2261.2,2261.4,11,2,15
9:26:29,2261.2,2261.2,2261.4,7,26,9
9:26:29,2261.4,2261.4,2261.6,11,1,45
9:26:30,2261.4,2261.2,2261.6,10,29,38
9:26:30,2261.2,2261.2,2261.4,7,29,7
9:26:31,2261.4,2261.2,2261.4,2,39,9
9:26:31,2261.4,2261.2,2261.4,2,40,10
9:26:32,2261.4,2261.4,2261.6,18,17,35
9:26:33,2261.4,2261.4,2261.6,8,9,37
9:26:33,2261.6,2261.4,2261.6,2,10,39
9:26:34,2261.6,2261.4,2261.6,2,10,37
9:26:34,2261.4,2261.4,2261.6,2,9,37
9:26:35,2261.4,2261.4,2261.6,8,7,31
9:26:35,2261.4,2261.4,2261.6,6,4,29
9:26:36,2261.6,2261.4,2261.6,4,3,26
9:26:37,2261.6,2261.4,2261.6,1,10,24
9:26:38,2261.6,2261.4,2261.6,3,26,24
9:26:38,2261.4,2261.4,2261.6,27,10,17
9:26:39,2261.4,2261.4,2261.6,9,9,11
9:26:39,2261.4,2261.4,2261.6,10,6,4
9:26:40,2261.6,2261.6,2261.8,9,35,49
9:26:40,2261.6,2261.6,2261.8,4,34,46
9:26:41,2261.8,2261.6,2261.8,1,36,46
9:26:41,2261.8,2261.6,2261.8,11,36,37
9:26:42,2261.8,2261.8,2262,37,5,129
9:26:42,2262,2261.8,2262,3,12,120
9:26:43,2262,2261.8,2262,19,8,119
9:26:43,2261.8,2261.8,2262,13,2,112
9:26:44,2262,2261.6,2261.8,18,43,9
9:26:44,2262,2261.6,2261.8,32,44,1
9:26:45,2261.8,2261.6,2261.8,5,45,7
9:26:45,2261.8,2261.6,2261.8,8,45,7
9:26:46,2261.8,2261.6,2261.8,15,45,4
9:26:46,2261.8,2261.6,2261.8,4,47,1
9:26:47,2262,2261.8,2262,3,4,89
9:26:47,2261.8,2261.8,2262,4,3,91
9:26:48,2262,2261.8,2262,21,5,75
9:26:48,2262,2261.8,2262,7,3,70
9:26:49,2262,2261.8,2262,7,4,63
9:26:49,2262,2261.8,2262,8,8,55
9:26:50,2261.8,2261.8,2262,44,6,14
9:26:50,2261.8,2262,2262.2,21,4,39
9:26:51,2262.2,2262,2262.2,10,18,35
9:26:51,2262.2,2262,2262.2,2,20,33
9:26:52,2262.2,2262,2262.2,10,19,25
9:26:52,2262.2,2262,2262.2,11,38,15
9:26:53,2262,2262,2262.2,10,34,14
9:26:53,2262.2,2262,2262.2,5,31,12
9:26:54,2262.2,2262,2262.2,5,32,11
9:26:54,2262.2,2262,2262.2,5,31,14
9:26:55,2262.2,2262,2262.2,10,32,6
9:26:55,2262.2,2262,2262.4,23,39,44
9:26:56,2262,2262,2262.2,10,40,20
9:26:56,2262,2262,2262.2,12,42,17
9:26:57,2262.2,2262,2262.2,13,33,7
9:26:57,2262.2,2262,2262.2,13,35,2
9:26:58,2262.2,2262,2262.2,4,33,3
9:26:58,2262.2,2262,2262.2,12,32,10
9:26:59,2262,2262,2262.2,8,29,9
9:26:59,2262.2,2262,2262.2,11,27,6
9:27:00,2262.2,2262,2262.2,17,25,5
9:27:00,2262.2,2262.2,2262.4,24,1,37
9:27:01,2262.2,2262,2262.2,10,18,4
9:27:01,2262.4,2262.2,2262.4,22,1,24
9:27:02,2262.4,2262.2,2262.4,16,1,11
9:27:02,2262.2,2262.4,2262.6,32,1,27
9:27:03,2262.4,2262,2262.6,5,29,28
9:27:03,2262.2,2262.2,2262.4,4,36,8
9:27:04,2262.2,2262.2,2262.4,4,36,5
9:27:04,2262.4,2262.2,2262.4,3,37,4
9:27:05,2262.2,2262.2,2262.4,2,7,7
9:27:05,2262.2,2262.2,2262.4,4,5,9
9:27:06,2262.2,2262,2262.2,10,41,4
9:27:06,2262,2262,2262.2,3,40,3
9:27:07,2262.2,2262,2262.2,4,39,1
9:27:07,2262.2,2262.2,2262.4,13,1,28
9:27:08,2262.2,2262,2262.2,1,29,7
9:27:08,2262,2262,2262.2,12,23,7
9:27:09,2262.2,2262,2262.2,12,18,5
9:27:09,2262,2262,2262.2,3,19,10
9:27:10,2262,2262,2262.2,25,2,5
9:27:10,2262,2261.8,2262.2,10,21,21
9:27:11,2262.2,2261.8,2262.2,12,20,20
9:27:11,2261.8,2261.8,2262.2,3,19,21
9:27:12,2262,2262,2262.2,7,16,23
9:27:12,2262,2262,2262.2,5,20,22
9:27:13,2262,2262,2262.2,5,20,54
9:27:13,2262,2262,2262.2,7,15,55
9:27:14,2262,2261.8,2262,14,7,11
9:27:14,2261.8,2261.6,2261.8,8,26,4
9:27:15,2261.8,2261.6,2262,7,26,17
9:27:15,2261.8,2261.8,2262,1,1,27
9:27:16,2261.8,2261.6,2261.8,4,25,6
9:27:16,2261.8,2261.6,2261.8,3,24,5
9:27:17,2261.6,2261.6,2261.8,16,9,4
9:27:17,2261.8,2261.4,2262,14,31,25
9:27:18,2261.4,2261.4,2262,3,30,26
9:27:18,2261.6,2261.8,2262,2,1,28
9:27:19,2262,2261.6,2262,25,14,16
9:27:19,2261.8,2261.6,2262,1,14,17
9:27:20,2261.6,2261.6,2262,1,14,17
9:27:20,2261.6,2261.8,2262,3,1,14
9:27:21,2261.6,2261.8,2262,1,1,15
9:27:21,2261.6,2261.6,2261.8,4,15,1
9:27:22,2261.6,2261.6,2261.8,10,7,1
9:27:24,2261.8,2261.6,2261.8,3,19,3
9:27:24,2261.6,2261.6,2261.8,4,31,3
9:27:25,2261.6,2261.6,2261.8,1,40,3
9:27:25,2262,2261.8,2262,14,5,24
9:27:26,2261.8,2261.6,2262,5,48,24
9:27:27,2262,2261.8,2262,23,1,14
9:27:27,2262,2261.8,2262,9,28,5
9:27:28,2262,2261.8,2262,5,27,3
9:27:28,2262,2262,2262.2,4,20,56
9:27:29,2262.2,2262,2262.2,48,22,12
9:27:30,2262.2,2262.2,2262.4,17,7,74
9:27:30,2262.2,2262.2,2262.4,5,2,73
9:27:31,2262.4,2262.2,2262.4,13,12,71
9:27:31,2262.4,2262.2,2262.4,4,17,70
9:27:32,2262.2,2262.2,2262.4,5,12,71
9:27:32,2262.4,2262.2,2262.4,16,8,62
9:27:33,2262.4,2262.2,2262.4,2,8,60
9:27:33,2262.2,2262.2,2262.4,1,7,60
9:27:34,2262.2,2262,2262.2,12,48,3
9:27:35,2262.2,2262,2262.2,5,45,7
9:27:35,2262.2,2262,2262.2,2,45,7
9:27:36,2262.2,2262,2262.2,2,37,5
9:27:36,2262.2,2262,2262.2,3,37,2
9:27:37,2262.2,2262,2262.2,1,37,6
9:27:37,2262.2,2262,2262.2,3,36,4
9:27:38,2262,2262,2262.2,1,35,5
9:27:39,2262,2261.8,2262,35,30,6
9:27:39,2262.2,2262.2,2262.4,18,3,98
9:27:40,2261.8,2261.8,2262,8,27,1
9:27:40,2261.8,2261.8,2262,10,28,6
9:27:41,2262,2261.8,2262,3,19,7
9:27:41,2262,2262,2262.2,8,23,16
9:27:42,2262,2262,2262.2,2,21,19
9:27:42,2262.2,2262,2262.2,3,37,19
9:27:43,2262.2,2262,2262.2,5,35,20
9:27:43,2262.2,2262,2262.2,9,40,17
9:27:44,2262,2262,2262.2,4,30,16
9:27:44,2262,2262,2262.2,6,29,11
9:27:45,2262.2,2262.2,2262.4,18,13,111
9:27:45,2262.4,2262.2,2262.4,6,16,106
9:27:46,2262.4,2262.2,2262.4,11,20,103
9:27:46,2262.2,2262.2,2262.4,6,18,111
9:27:47,2262.4,2262.2,2262.4,43,19,70
9:27:47,2262.4,2262.2,2262.4,52,20,20
9:27:48,2262.8,2262.4,2262.8,94,45,87
9:27:48,2262.8,2262.6,2262.8,6,30,83
9:27:49,2262.8,2262.6,2262.8,41,27,45
9:27:49,2263,2262.8,2263,63,26,103
9:27:50,2263,2262.8,2263,27,24,80
9:27:50,2263,2262.8,2263,53,23,30
9:27:51,2262.8,2262.8,2263,29,21,4
9:27:51,2263,2262.8,2263,17,27,2
9:27:52,2262.8,2262.8,2263.2,37,1,34
9:27:52,2262.8,2262.6,2262.8,8,2,26
9:27:53,2262.8,2262.6,2262.8,13,1,16
9:27:53,2262.6,2262.4,2262.6,13,11,2
9:27:54,2262.8,2262.4,2262.8,24,5,20
9:27:54,2262.8,2262.2,2262.8,23,1,17
9:27:55,2262.8,2262.2,2262.4,17,17,1
9:27:55,2262.4,2262.2,2262.4,5,16,4
9:27:56,2262.4,2262.4,2262.6,4,1,37
9:27:56,2262.2,2262.2,2262.6,33,17,8
9:27:57,2262.6,2262.4,2262.6,1,1,8
9:27:57,2262.2,2262.2,2262.6,7,14,8
9:27:58,2262.6,2262.6,2262.8,20,18,21
9:27:58,2262.6,2262.6,2262.8,2,16,21
9:27:59,2262.8,2262.6,2262.8,15,22,6
9:27:59,2262.8,2262.8,2263,9,15,25
9:28:00,2262.8,2262.8,2263,21,39,8
9:28:00,2263.2,2263,2263.2,13,26,37
9:28:01,2263.2,2263,2263.2,26,59,15
9:28:01,2263.2,2263.2,2263.4,22,5,64
9:28:02,2263.4,2263.2,2263.4,7,7,69
9:28:02,2263.2,2263.2,2263.4,113,26,62
9:28:03,2263.4,2263,2263.2,94,54,3
9:28:03,2263.4,2263.2,2263.4,16,2,2
9:28:04,2263.2,2263,2263.2,31,53,15
9:28:04,2263.2,2263,2263.2,25,46,25
9:28:05,2263,2263,2263.2,49,27,24
9:28:05,2263.4,2263.2,2263.4,92,1,5
9:28:06,2263.2,2263,2263.2,22,11,6
9:28:06,2263,2263,2263.2,60,28,28
9:28:07,2263.2,2263,2263.2,35,33,9
9:28:07,2263,2263,2263.2,29,28,3
9:28:08,2263,2263.2,2263.4,10,14,4
9:28:08,2263,2262.8,2263,59,26,12
9:28:09,2263,2262.8,2263.2,17,21,3
9:28:09,2263,2263,2263.2,6,3,7
9:28:10,2263,2262.8,2263,7,26,7
9:28:10,2263,2262.8,2263.2,25,14,82
9:28:11,2262.8,2262.6,2262.8,45,33,7
9:28:11,2262.8,2262.6,2262.8,20,7,26
9:28:12,2262.8,2262.6,2262.8,12,5,16
9:28:12,2262.6,2262.4,2262.6,18,16,9
9:28:13,2262.4,2262.4,2262.6,24,10,1
9:28:13,2262.6,2262.6,2262.8,18,3,16
9:28:14,2262.6,2262.4,2262.6,27,11,8
9:28:14,2262.4,2262.4,2262.6,18,19,3
9:28:15,2262.6,2262.4,2262.6,8,13,8
9:28:15,2262.6,2262.4,2262.6,10,5,11
9:28:16,2262.4,2262.4,2262.6,1,4,11
9:28:16,2262.4,2262.2,2262.4,10,45,2
9:28:17,2262.6,2262.2,2262.6,20,44,13
9:28:17,2262.6,2262.6,2262.8,29,12,5
9:28:18,2262.6,2262.6,2262.8,3,11,4
9:28:18,2262.6,2262.6,2263,46,5,34
9:28:19,2262.6,2262.6,2263,7,5,33
9:28:19,2262.6,2262.6,2263,2,11,33
9:28:20,2262.6,2262.6,2263,1,13,33
9:28:20,2262.6,2262.6,2263,7,10,30
9:28:21,2263,2262.6,2263,10,6,26
9:28:21,2262.6,2262.6,2263,1,7,27
9:28:22,2263,2262.6,2263,6,7,24
9:28:22,2263,2262.6,2263,15,4,13
9:28:23,2263,2262.8,2263,2,12,16
9:28:23,2262.8,2262.8,2263,6,10,15
9:28:24,2263,2263,2263.2,19,10,75
9:28:24,2263,2263,2263.2,2,11,76
9:28:25,2263,2263,2263.2,5,6,79
9:28:25,2263,2263,2263.2,3,13,79
9:28:26,2263,2263,2263.2,10,4,78
9:28:26,2263,2262.8,2263,26,3,15
9:28:27,2262.8,2262.8,2263,1,4,17
9:28:27,2262.8,2262.8,2263,3,3,33
9:28:28,2263,2262.8,2263,22,2,22
9:28:28,2262.6,2262.6,2263,5,5,28
9:28:29,2262.8,2262.6,2262.8,4,6,18
9:28:29,2262.8,2262.6,2262.8,10,8,18
9:28:30,2262.6,2262.6,2262.8,2,6,18
9:28:31,2262.4,2262.4,2262.6,10,55,20
9:28:31,2262.6,2262.4,2262.6,9,53,13
9:28:32,2262.6,2262.6,2262.8,18,20,8
9:28:32,2262.6,2262.6,2262.8,11,17,10
9:28:33,2262.6,2262.6,2262.8,6,12,9
9:28:33,2262.6,2262.6,2262.8,8,4,9
9:28:34,2262.6,2262.6,2262.8,1,3,11
9:28:34,2262.4,2262.4,2262.8,11,49,12
9:28:35,2262.6,2262.4,2262.6,1,49,3
9:28:36,2262.6,2262.6,2262.8,14,8,17
9:28:37,2262.8,2262.6,2262.8,2,9,16
9:28:37,2262.6,2262.6,2262.8,2,7,17
9:28:38,2262.8,2262.6,2262.8,3,5,24
9:28:38,2262.6,2262.6,2262.8,3,3,24
9:28:39,2262.6,2262.6,2262.8,2,1,24
9:28:39,2262.6,2262.4,2262.6,1,53,2
9:28:40,2262.6,2262.6,2262.8,4,2,33
9:28:41,2262.6,2262.4,2262.6,11,43,1
9:28:42,2262.6,2262.6,2262.8,11,2,38
9:28:42,2262.6,2262.6,2262.8,5,2,35
9:28:43,2262.6,2262.6,2262.8,2,3,35
9:28:44,2262.6,2262.4,2262.8,3,69,35
9:28:44,2262.6,2262.6,2262.8,1,2,35
9:28:45,2262.8,2262.6,2262.8,3,10,35
9:28:46,2262.6,2262.6,2262.8,3,8,36
9:28:46,2262.6,2262.6,2262.8,2,8,35
9:28:47,2262.6,2262.6,2262.8,4,4,39
9:28:47,2262.8,2262.6,2262.8,31,5,8
9:28:48,2262.8,2262.6,2262.8,3,28,10
9:28:49,2262.6,2262.6,2262.8,11,29,2
9:28:49,2262.8,2262.8,2263,2,3,36
9:28:50,2262.8,2262.6,2263,5,31,36
9:28:50,2262.6,2262.6,2262.8,2,21,1
9:28:51,2262.6,2262.6,2262.8,6,17,3
9:28:52,2262.6,2262.6,2262.8,3,15,4
9:28:52,2262.8,2262.6,2262.8,1,15,3
9:28:53,2262.8,2262.6,2262.8,2,16,1
9:28:53,2263,2262.8,2263,12,1,40
9:28:54,2262.8,2262.6,2263,1,20,41
9:28:54,2262.6,2262.8,2263,2,1,41
9:28:55,2263,2262.8,2263,8,1,33
9:28:55,2262.6,2262.6,2263,12,17,24
9:28:56,2263,2262.6,2262.8,2,21,4
9:28:56,2262.6,2262.6,2263,5,20,23
9:28:57,2263,2262.6,2263,5,23,22
9:28:58,2263,2262.6,2262.8,1,25,1
9:28:59,2262.6,2262.6,2263,17,26,17
9:28:59,2262.8,2262.8,2263,3,2,16
9:29:00,2263,2262.8,2263,2,2,15
9:29:00,2263,2262.8,2263,1,3,15
9:29:01,2262.8,2262.6,2262.8,3,27,4
9:29:01,2262.6,2262.6,2262.8,4,27,2
9:29:02,2263,2262.8,2263,6,3,35
9:29:02,2262.6,2262.6,2262.8,5,25,4
9:29:03,2262.8,2262.6,2262.8,2,25,4
9:29:03,2262.8,2262.6,2262.8,1,25,12
9:29:04,2262.8,2262.6,2262.8,2,28,41
9:29:04,2262.6,2262.6,2262.8,26,2,41
9:29:05,2262.6,2262.4,2262.6,18,89,49
9:29:05,2262.4,2262.4,2262.6,47,79,19
9:29:06,2262.4,2262.4,2262.6,4,75,19
9:29:06,2262.4,2262.4,2262.6,17,61,19
9:29:07,2262.4,2262.4,2262.6,8,53,5
9:29:07,2262.6,2262.4,2262.6,7,56,10
9:29:08,2262.4,2262.4,2262.6,11,46,13
9:29:08,2262.6,2262.4,2262.6,3,46,11
9:29:09,2262.4,2262.4,2262.6,7,40,31
9:29:09,2262.4,2262.4,2262.6,2,38,32
9:29:10,2262.4,2262.4,2262.6,5,30,32
9:29:10,2262.4,2262.4,2262.6,2,29,32
9:29:11,2262.4,2262.4,2262.6,2,27,32
9:29:11,2262.4,2262.4,2262.6,24,10,26
9:29:12,2262.4,2262.4,2262.6,5,6,26
9:29:12,2262.4,2262.2,2262.4,6,63,27
9:29:14,2262.2,2262.2,2262.4,4,64,34
9:29:14,2262.2,2262.2,2262.4,5,60,33
9:29:15,2262.2,2262.2,2262.4,5,62,34
9:29:15,2262.2,2262.2,2262.4,3,51,36
9:29:16,2262.2,2262.2,2262.4,3,48,36
9:29:16,2262.2,2262.2,2262.4,2,46,42
9:29:17,2262.2,2262.2,2262.4,17,42,43
9:29:17,2262.2,2262.2,2262.4,12,32,41
9:29:18,2262.2,2262.2,2262.4,10,22,42
9:29:18,2262.2,2262.2,2262.4,12,10,43
9:29:19,2262.2,2262.2,2262.4,5,5,44
9:29:19,2262,2262,2262.2,9,81,3
9:29:20,2262,2262,2262.2,5,71,8
9:29:21,2262,2262,2262.2,13,59,10
9:29:21,2262.2,2262.2,2262.4,16,2,47
9:29:22,2262.2,2262,2262.2,12,56,1
9:29:22,2262.2,2262.2,2262.4,8,22,53
9:29:23,2262.4,2262.2,2262.4,29,17,33
9:29:23,2262.2,2262.2,2262.4,10,8,32
9:29:24,2262.4,2262.2,2262.4,4,38,32
9:29:24,2262.4,2262.2,2262.4,3,38,30
9:29:25,2262.4,2262.2,2262.4,16,38,18
9:29:25,2262.4,2262.2,2262.4,3,41,16
9:29:26,2262.4,2262.4,2262.6,23,10,10
9:29:26,2262.4,2262.4,2262.6,13,13,3
9:29:27,2262.4,2262.4,2262.6,5,111,2
9:29:27,2262.6,2262.6,2262.8,16,15,49
9:29:28,2262.8,2262.6,2262.8,18,34,31
9:29:28,2262.8,2262.6,2262.8,14,50,18
9:29:29,2262.6,2262.6,2262.8,5,34,17
9:29:29,2262.6,2262.6,2262.8,3,33,16
9:29:30,2262.6,2262.6,2262.8,6,26,15
9:29:30,2262.6,2262.6,2262.8,12,17,5
9:29:31,2262.6,2262.6,2262.8,2,12,4
9:29:31,2262.8,2262.6,2262.8,1,12,3
9:29:32,2262.6,2262.6,2262.8,1,11,6
9:29:32,2262.6,2262.6,2262.8,5,8,20
9:29:33,2262.6,2262.6,2262.8,1,13,20
9:29:33,2262.6,2262.6,2262.8,5,2,20
9:29:34,2262.8,2262.6,2262.8,1,2,39
9:29:34,2262.8,2262.6,2262.8,11,1,29
9:29:35,2262.8,2262.4,2262.8,3,109,34
9:29:36,2262.6,2262.6,2262.8,1,4,36
9:29:36,2262.8,2262.6,2262.8,1,22,35
9:29:37,2262.8,2262.6,2262.8,4,20,34
9:29:37,2262.6,2262.6,2262.8,1,19,35
9:29:38,2262.8,2262.6,2262.8,2,19,33
9:29:38,2262.8,2262.6,2262.8,3,59,31
9:29:39,2262.8,2262.8,2263,32,11,68
9:29:39,2262.8,2262.8,2263,4,15,78
9:29:40,2263,2262.8,2263,12,29,77
9:29:40,2263,2262.8,2263,2,30,75
9:29:41,2263,2262.8,2263,12,22,78
9:29:41,2262.8,2262.6,2263,69,78,32
9:29:42,2263,2262.6,2263,24,77,9
9:29:42,2263,2262.8,2263,5,9,4
9:29:43,2262.8,2262.8,2263,18,7,4
9:29:43,2262.8,2262.8,2263,6,7,1
9:29:44,2263,2263,2263.2,6,98,43
9:29:44,2263.2,2263,2263.2,17,97,28
9:29:45,2263,2263,2263.2,19,100,11
9:29:45,2263.2,2263.2,2263.4,17,15,26
9:29:46,2263.2,2263.2,2263.4,13,7,26
9:29:46,2263.4,2263.2,2263.4,20,8,24
9:29:47,2263.4,2263.2,2263.4,7,6,40
9:29:47,2263.2,2263,2263.4,15,101,40
9:29:48,2263.2,2263,2263.2,12,102,3
9:29:48,2263,2263,2263.2,16,102,2
9:29:49,2263.4,2263.2,2263.4,10,1,14
9:29:49,2263.4,2263.2,2263.4,1,16,14
9:29:50,2263.4,2263.4,2263.6,17,14,91
9:29:50,2263.6,2263,2263.6,39,102,88
9:29:51,2263.4,2263.2,2263.4,31,5,8
9:29:51,2263.4,2263.4,2263.6,22,8,66
9:29:52,2263.4,2263.2,2263.4,28,47,4
9:29:52,2263.2,2263.2,2263.4,9,42,4
9:29:53,2263.4,2263.4,2263.6,7,2,71
9:29:53,2263.4,2263.2,2263.4,16,40,7
9:29:54,2263.2,2263.2,2263.4,6,38,28
9:29:54,2263.6,2263.2,2263.6,36,37,79
9:29:55,2263.2,2263.2,2263.4,5,35,9
9:29:55,2263.4,2263.2,2263.4,4,33,9
9:29:56,2263.4,2263.2,2263.4,3,34,7
9:29:56,2263.4,2263.2,2263.4,2,36,25
9:29:57,2263.4,2263.2,2263.4,30,14,32
9:29:57,2263.2,2263,2263.2,26,102,27
9:29:58,2263.2,2263,2263.2,10,101,21
9:29:58,2263.4,2263,2263.4,54,101,13
9:29:59,2263.4,2263.2,2263.4,8,8,11
9:29:59,2263.6,2263.2,2263.4,83,4,1
9:30:00,2263.6,2263.2,2263.6,3,16,88
9:30:00,2263.6,2263.4,2263.6,32,12,107
9:30:01,2263.6,2263.4,2263.6,23,10,92
9:30:01,2263.6,2263.4,2263.6,45,2,56
9:30:02,2263.2,2263.4,2263.6,24,2,48
9:30:02,2263.6,2263.6,2263.8,66,16,186
9:30:03,2263.6,2263.6,2263.8,30,14,173
9:30:03,2263.8,2263.6,2263.8,12,11,167
9:30:04,2263.6,2263.6,2263.8,38,4,156
9:30:04,2263.6,2263.4,2263.6,24,9,1
9:30:05,2263.8,2263.2,2263.6,52,28,26
9:30:05,2263.6,2263.4,2263.6,13,2,29
9:30:06,2263.4,2263.2,2263.4,45,26,27
9:30:06,2263.4,2263.2,2263.4,21,28,15
9:30:07,2263.4,2263.2,2263.4,20,26,7
9:30:07,2263.4,2263,2263.2,54,59,5
9:30:08,2263,2263,2263.2,13,51,1
9:30:08,2263.2,2263,2263.2,13,47,17
9:30:09,2263,2262.8,2263,51,16,60
9:30:09,2262.8,2262.6,2262.8,30,21,26
9:30:10,2262.6,2262.6,2262.8,8,24,21
9:30:10,2262.8,2262.6,2262.8,42,11,1
9:30:11,2262.6,2262.6,2262.8,1,14,1
9:30:11,2262.6,2262.8,2263,18,3,69
9:30:12,2262.8,2262.6,2262.8,16,17,106
9:30:12,2262.6,2262.6,2262.8,9,13,106
9:30:13,2262.6,2262.6,2262.8,3,13,106
9:30:13,2262.6,2262.6,2262.8,6,9,114
9:30:14,2262.4,2262.4,2262.6,18,6,23
9:30:14,2262.6,2262.4,2262.6,18,2,39
9:30:15,2262.4,2262.4,2262.6,42,18,33
9:30:15,2262.4,2262.2,2262.4,22,19,13
9:30:16,2262.2,2262,2262.2,20,79,8
9:30:16,2262,2262,2262.4,18,80,11
9:30:17,2262,2262.2,2262.4,10,11,11
9:30:17,2262,2262,2262.2,21,70,14
9:30:18,2262.2,2262,2262.2,13,65,13
9:30:18,2262.6,2262.4,2262.6,39,2,44
9:30:19,2262.4,2262.2,2262.4,13,3,5
9:30:19,2262.4,2262,2262.4,11,59,1
9:30:20,2262,2262.2,2262.4,7,2,2
9:30:20,2262.4,2262.4,2262.6,9,1,40
9:30:21,2262.2,2262.2,2262.4,5,5,4
9:30:21,2262.2,2262.2,2262.4,10,3,25
9:30:22,2262.2,2262,2262.4,17,63,21
9:30:22,2262.2,2262.2,2262.4,3,1,26
9:30:23,2262.4,2262.2,2262.4,11,2,15
9:30:23,2262.2,2262,2262.2,5,60,4
9:30:24,2262.2,2262,2262.2,1,61,4
9:30:24,2262.2,2262,2262.2,17,45,6
9:30:25,2262.2,2262,2262.2,9,40,6
9:30:25,2262,2262,2262.2,7,37,4
9:30:26,2262,2262,2262.2,6,32,5
9:30:26,2262.2,2262,2262.2,8,27,7
9:30:27,2262.2,2262.2,2262.4,24,1,19
9:30:27,2262.2,2262,2262.6,36,17,48
9:30:28,2262.2,2262,2262.6,3,17,46
9:30:28,2262,2262.2,2262.6,29,20,36
9:30:29,2262.2,2262.2,2262.6,10,20,29
9:30:29,2262.4,2262.4,2262.6,9,18,26
9:30:30,2262.4,2262.4,2262.6,8,10,28
9:30:30,2262.6,2262.4,2262.6,7,7,25
9:30:31,2262.6,2262.4,2262.6,3,5,23
9:30:31,2262.6,2262.4,2262.6,2,4,22
9:30:32,2262.8,2262.4,2262.8,34,4,97
9:30:32,2262.6,2262.4,2262.6,3,4,1
9:30:33,2262.4,2262.2,2262.4,13,57,9
9:30:33,2262.4,2262.4,2262.6,16,9,6
9:30:34,2262.6,2262.4,2262.6,3,13,7
9:30:34,2262.6,2262.4,2262.6,2,12,7
9:30:35,2262.4,2262.4,2262.6,1,11,7
9:30:35,2262.4,2262.4,2262.6,2,10,6
9:30:36,2262.4,2262.4,2262.6,6,5,5
9:30:36,2262.4,2262.4,2262.6,3,2,32
9:30:37,2262.4,2262.4,2262.6,2,1,31
9:30:37,2262.6,2262.4,2262.6,1,1,31
9:30:38,2262.4,2262.2,2262.4,3,80,1
9:30:38,2262.4,2262.2,2262.4,2,81,11
9:30:39,2262.4,2262.2,2262.4,1,83,11
9:30:40,2262.4,2262.2,2262.4,22,66,12
9:30:40,2262.2,2262.2,2262.4,1,65,12
9:30:41,2262.4,2262.4,2262.6,47,18,38
9:30:41,2262.4,2262.4,2262.6,2,17,39
9:30:42,2262.4,2262.4,2262.6,1,16,38
9:30:42,2262.6,2262.4,2262.6,11,9,36
9:30:43,2262.4,2262.4,2262.6,9,2,37
9:30:43,2262.4,2262.2,2262.4,4,46,2
9:30:44,2262.2,2262.2,2262.6,6,50,38
9:30:44,2262.6,2262.2,2262.6,1,51,37
9:30:45,2262.2,2262.2,2262.6,2,50,41
9:30:45,2262.2,2262.2,2262.4,3,49,1
9:30:46,2262.2,2262.2,2262.4,4,45,1
9:30:46,2262.4,2262.4,2262.6,1,1,48
9:30:47,2262.4,2262.2,2262.4,2,46,19
9:30:47,2262.4,2262.2,2262.4,8,45,20
9:30:48,2262.2,2262.2,2262.4,22,28,27
9:30:48,2262.4,2262,2262.8,130,43,107
9:30:49,2262.2,2262.2,2262.4,13,2,11
9:30:49,2262.2,2262,2262.2,10,45,19
9:30:50,2262.2,2262,2262.2,1,50,19
9:30:50,2262.2,2262,2262.2,4,49,18
9:30:51,2262,2262,2262.2,1,49,18
9:30:51,2261.8,2261.8,2262,56,40,8
9:30:52,2262,2261.8,2262,12,34,3
9:30:52,2261.8,2261.8,2262,13,26,8
9:30:53,2261.8,2261.8,2262,3,25,6
9:30:53,2261.8,2261.8,2262,2,28,8
9:30:54,2261.8,2261.8,2262,9,27,2
9:30:54,2261.8,2261.8,2262,3,25,19
9:30:55,2262,2261.8,2262,3,24,24
9:30:55,2261.8,2261.8,2262,7,24,21
9:30:56,2261.8,2261.8,2262,13,22,10
9:30:56,2261.8,2261.8,2262,4,20,20
9:30:57,2261.8,2261.8,2262,3,23,18
9:30:57,2261.8,2261.8,2262,3,21,36
9:30:58,2262,2261.8,2262,3,22,42
9:30:58,2261.8,2261.8,2262,5,22,38
9:30:59,2261.8,2261.6,2261.8,24,83,13
9:30:59,2261.6,2261.6,2261.8,3,81,12
9:31:00,2261.8,2261.6,2261.8,14,73,5
9:31:00,2261.8,2261.6,2261.8,14,65,5
9:31:01,2261.6,2261.6,2261.8,5,62,4
9:31:01,2261.6,2261.8,2262,21,12,43
9:31:02,2261.8,2261.8,2262,18,3,43
9:31:02,2261.8,2261.6,2261.8,25,59,8
9:31:03,2261.8,2261.6,2261.8,11,56,4
9:31:03,2261.6,2261.6,2262,48,57,4
9:31:04,2261.8,2261.8,2262,2,4,15
9:31:04,2262,2261.8,2262,5,27,25
9:31:05,2261.8,2261.8,2262,8,22,26
9:31:05,2261.6,2261.6,2262,48,41,24
9:31:06,2262,2261.8,2262,2,3,26
9:31:06,2262,2261.6,2262,8,48,27
9:31:07,2262,2261.8,2262,2,4,36
9:31:07,2261.8,2261.6,2262,8,63,31
9:31:08,2262,2261.6,2262,4,73,28
9:31:08,2261.8,2261.8,2262,2,1,31
9:31:09,2262,2261.8,2262,7,1,30
9:31:09,2262,2261.8,2262,6,2,36
9:31:10,2261.8,2261.8,2262,4,36,34
9:31:10,2262,2261.8,2262,10,40,36
9:31:11,2262,2261.8,2262,14,38,26
9:31:11,2262,2262,2262.2,41,58,9
9:31:12,2262.2,2262.2,2262.4,17,3,43
9:31:12,2262.4,2262.2,2262.4,2,4,41
9:31:13,2262.4,2262.2,2262.4,16,7,27
9:31:13,2262.4,2262.2,2262.4,2,13,26
9:31:14,2262.4,2262.2,2262.4,10,11,22
9:31:14,2262.2,2262.2,2262.4,8,7,18
9:31:15,2262.4,2262,2262.4,29,74,15
9:31:15,2262,2262,2262.4,1,73,31
9:31:16,2262.2,2262.2,2262.4,2,2,31
9:31:16,2262.2,2262,2262.2,17,73,22
9:31:17,2262.2,2262,2262.2,25,63,9
9:31:17,2262,2262,2262.2,3,65,9
9:31:18,2262.2,2262,2262.2,1,71,9
9:31:18,2262,2262,2262.2,5,74,11
9:31:19,2262.2,2262,2262.2,14,72,1
9:31:19,2262.4,2262.2,2262.4,11,9,38
9:31:20,2262.4,2262.2,2262.4,5,5,49
9:31:20,2262.4,2262.2,2262.4,3,10,46
9:31:21,2262.4,2262.2,2262.4,10,10,38
9:31:21,2262.4,2262.2,2262.4,12,11,29
9:31:22,2262.4,2262.2,2262.4,19,31,10
9:31:22,2262.4,2262.2,2262.4,4,32,8
9:31:23,2262.4,2262.4,2262.6,14,2,29
9:31:23,2262.6,2262.4,2262.6,18,1,12
9:31:24,2262.4,2262.4,2262.6,3,7,13
9:31:24,2262.4,2262.4,2262.6,2,6,14
9:31:25,2262.6,2262.4,2262.6,9,11,5
9:31:25,2262.6,2262.4,2262.6,11,11,5
9:31:26,2262.4,2262.6,2262.8,6,1,107
9:31:26,2262.6,2262.4,2262.8,4,13,105
9:31:27,2262.6,2262.4,2262.6,13,7,1
9:31:27,2262.6,2262.4,2262.6,3,6,2
9:31:28,2262.6,2262.4,2262.6,4,7,6
9:31:28,2262.6,2262.4,2262.6,1,7,8
9:31:29,2262.6,2262.4,2262.6,1,7,13
9:31:29,2262.6,2262.4,2262.6,5,7,14
9:31:30,2262.6,2262.4,2262.6,9,5,8
9:31:30,2262.4,2262.4,2262.6,14,6,12
9:31:31,2262.2,2262.2,2262.6,24,35,1
9:31:31,2262.6,2262.6,2262.8,4,6,103
9:31:32,2262.6,2262.6,2262.8,5,1,103
9:31:32,2262.6,2262.6,2262.8,8,1,98
9:31:33,2262.4,2262.2,2262.6,6,30,3
9:31:33,2262.6,2262.2,2262.6,8,24,3
9:31:34,2262.6,2262.2,2262.6,5,25,2
9:31:34,2262.4,2262.2,2262.6,1,25,11
9:31:35,2262.6,2262.2,2262.6,3,25,10
9:31:35,2262.2,2262.2,2262.6,5,24,25
9:31:36,2262.2,2262.2,2262.6,7,19,38
9:31:36,2262.2,2262.2,2262.4,1,15,12
9:31:37,2262.4,2262.2,2262.4,9,11,7
9:31:37,2262.6,2262.2,2262.6,10,12,52
9:31:38,2262.2,2262.2,2262.6,3,12,53
9:31:38,2262.6,2262.4,2262.6,5,5,48
9:31:39,2262.6,2262.4,2262.6,9,7,40
9:31:39,2262.4,2262.2,2262.4,8,14,3
9:31:40,2262.4,2262.4,2262.6,4,3,41
9:31:40,2262.2,2262.4,2262.6,13,2,40
9:31:41,2262.4,2262.2,2262.4,6,22,1
9:31:41,2262.2,2262.2,2262.4,6,17,1
9:31:42,2262.4,2262.2,2262.4,2,16,3
9:31:42,2262,2262,2262.4,43,87,19
9:31:43,2262.2,2262,2262.2,24,87,2
9:31:43,2262.6,2262.2,2262.6,23,9,30
9:31:44,2262.4,2262.2,2262.6,1,12,32
9:31:44,2262.6,2262.4,2262.6,4,9,30
9:31:45,2262.4,2262.4,2262.6,4,6,29
9:31:45,2262.4,2262.4,2262.6,4,2,30
9:31:46,2262.6,2262.4,2262.6,2,1,31
9:31:46,2262.6,2262.4,2262.6,1,4,30
9:31:47,2262.4,2262.4,2262.6,1,4,33
9:31:47,2262.4,2262.2,2262.4,6,27,1
9:31:48,2262.4,2262.2,2262.4,5,27,8
9:31:49,2262.2,2262.2,2262.4,3,24,9
9:31:49,2262.2,2262.2,2262.4,3,25,7
9:31:50,2262.4,2262.2,2262.4,4,26,3
9:31:50,2262.4,2262.2,2262.4,20,11,9
9:31:51,2262.2,2262.2,2262.4,3,8,22
9:31:51,2262.2,2262,2262.2,9,89,9
9:31:52,2262,2262,2262.2,7,84,9
9:31:52,2262,2262,2262.2,3,83,16
9:31:53,2262.2,2262,2262.2,1,78,16
9:31:53,2262,2262,2262.2,11,81,12
9:31:54,2262.2,2262,2262.2,2,81,10
9:31:54,2262,2262,2262.2,2,80,11
9:31:55,2262,2262,2262.2,4,77,16
9:31:55,2262,2262,2262.2,1,76,16
9:31:56,2262,2262,2262.2,9,69,17
9:31:56,2262,2262,2262.2,9,61,16
9:31:57,2262,2262,2262.2,28,44,16
9:31:57,2262.2,2262.2,2262.4,18,17,12
9:31:58,2262.2,2262.2,2262.4,2,18,10
9:31:58,2262.4,2262.2,2262.4,2,20,9
9:31:59,2262.2,2262,2262.2,23,48,37
9:31:59,2262.2,2262,2262.2,3,52,35
9:32:00,2262.2,2262,2262.2,11,52,24
9:32:00,2262.2,2262,2262.2,25,51,1
9:32:01,2262.4,2262,2262.2,33,54,1
9:32:01,2262.6,2262.2,2262.6,3,1,35
9:32:02,2262.2,2262.2,2262.4,6,1,1
9:32:03,2262.2,2262.2,2262.4,3,16,1
9:32:03,2262.2,2262.2,2262.4,1,20,1
9:32:04,2262.4,2262.4,2262.6,1,1,34
9:32:04,2262.2,2262.2,2262.4,13,12,1
9:32:05,2262.4,2262.4,2262.6,3,3,34
9:32:05,2262.4,2262.4,2262.6,9,3,27
9:32:06,2262.4,2262,2262.4,59,23,7
9:32:07,2262.2,2262.4,2262.6,15,1,22
9:32:07,2262.6,2262.2,2262.6,2,9,28
9:32:08,2262.2,2262.2,2262.4,5,8,9
9:32:08,2262.2,2262.2,2262.4,1,8,10
9:32:09,2262.4,2262.2,2262.4,10,2,25
9:32:10,2262.2,2262,2262.2,12,27,9
9:32:10,2262.2,2262,2262.2,1,27,11
9:32:11,2262.2,2262,2262.2,12,16,44
9:32:12,2262,2261.8,2262,36,73,1
9:32:12,2262,2261.8,2262.2,24,64,23
9:32:13,2261.8,2261.8,2262.2,18,48,22
9:32:13,2261.8,2261.8,2262.2,5,59,23
9:32:14,2261.8,2261.8,2262,9,51,1
9:32:14,2261.8,2261.8,2262,10,45,7
9:32:15,2261.8,2261.8,2262,3,37,8
9:32:15,2261.8,2261.8,2262,12,38,9
9:32:16,2261.8,2261.8,2262,5,34,12
9:32:16,2262,2261.8,2262,16,20,14
9:32:17,2262,2261.8,2262,10,13,16
9:32:17,2261.8,2261.8,2262,4,5,14
9:32:18,2261.8,2261.6,2261.8,5,104,1
9:32:18,2261.8,2261.6,2261.8,4,104,4
9:32:19,2261.8,2261.8,2262,5,11,18
9:32:19,2261.8,2261.8,2262,2,16,19
9:32:20,2261.8,2261.8,2262,7,20,19
9:32:20,2261.8,2261.8,2262,1,23,20
9:32:21,2262,2261.8,2262,11,23,35
9:32:21,2261.8,2261.8,2262,9,15,35
9:32:22,2261.8,2261.8,2262,4,11,35
9:32:22,2261.8,2261.6,2261.8,12,103,4
9:32:23,2261.8,2261.6,2261.8,2,103,3
9:32:23,2261.6,2261.6,2261.8,6,92,1
9:32:24,2261.8,2261.8,2262,10,5,41
9:32:25,2261.8,2261.8,2262,7,12,42
9:32:25,2261.8,2261.8,2262,6,8,42
9:32:26,2261.8,2261.8,2262,5,3,42
9:32:26,2261.8,2261.8,2262,6,8,42
9:32:27,2261.8,2261.8,2262,6,23,42
9:32:27,2261.8,2261.8,2262,4,25,41
9:32:28,2261.8,2261.8,2262,2,24,50
9:32:28,2261.8,2261.8,2262,8,16,50
9:32:29,2261.8,2261.8,2262,5,17,51
9:32:29,2262,2261.8,2262,5,15,48
9:32:30,2261.6,2261.6,2261.8,23,98,1
9:32:30,2261.6,2261.6,2261.8,2,98,1
9:32:31,2261.6,2261.6,2262,3,99,49
9:32:31,2261.6,2261.6,2261.8,16,84,3
9:32:32,2261.8,2261.6,2261.8,2,84,3
9:32:32,2261.6,2261.6,2261.8,10,82,12
9:32:33,2261.6,2261.6,2261.8,4,78,15
9:32:33,2261.6,2261.6,2261.8,14,64,21
9:32:34,2261.6,2261.6,2261.8,9,55,23
9:32:34,2261.6,2261.6,2261.8,47,12,25
9:32:35,2261.6,2261.4,2261.6,20,72,16
9:32:35,2261.4,2261.4,2261.8,22,70,38
9:32:36,2261.6,2261.6,2261.8,7,12,41
9:32:36,2261.6,2261.4,2261.6,25,68,3
9:32:37,2261.6,2261.6,2261.8,15,2,46
9:32:37,2261.6,2261.6,2261.8,6,6,45
9:32:38,2261.6,2261.6,2261.8,5,8,44
9:32:38,2261.6,2261.6,2261.8,9,4,42
9:32:39,2261.6,2261.6,2261.8,3,6,42
9:32:39,2261.6,2261.6,2261.8,6,2,36
9:32:40,2261.6,2261.4,2261.6,6,76,5
9:32:40,2261.6,2261.6,2261.8,16,27,22
9:32:41,2261.6,2261.6,2261.8,20,8,24
9:32:41,2261.8,2261.6,2261.8,4,6,24
9:32:42,2261.6,2261.6,2261.8,1,12,30
9:32:42,2261.6,2261.6,2261.8,2,14,30
9:32:43,2261.6,2261.6,2261.8,3,26,31
9:32:43,2261.8,2261.4,2261.6,54,79,20
9:32:44,2261.6,2261.4,2261.6,4,79,16
9:32:44,2261.6,2261.4,2261.6,5,88,12
9:32:45,2261.6,2261.4,2261.6,4,93,9
9:32:45,2261.4,2261.4,2261.6,2,93,11
9:32:46,2261.6,2261.4,2261.6,6,93,6
9:32:46,2261.4,2261.4,2261.6,7,89,6
9:32:47,2261.4,2261.4,2261.6,7,84,5
9:32:47,2261.4,2261.4,2261.6,10,75,5
9:32:48,2261.6,2261.4,2261.6,12,70,3
9:32:48,2261.6,2261.6,2261.8,25,11,19
9:32:49,2261.6,2261.6,2261.8,18,2,19
9:32:49,2261.8,2261.6,2261.8,2,7,20
9:32:50,2261.6,2261.6,2261.8,6,4,20
9:32:50,2261.6,2261.6,2261.8,5,17,16
9:32:51,2261.8,2261.6,2261.8,6,15,13
9:32:51,2261.6,2261.6,2261.8,6,12,13
9:32:52,2261.8,2261.8,2262,14,31,77
9:32:52,2262,2261.8,2262,7,36,71
9:32:53,2261.8,2261.8,2262,8,37,63
9:32:53,2262,2261.8,2262,3,36,62
9:32:54,2262,2261.8,2262,11,35,52
9:32:54,2261.8,2261.8,2262,10,25,52
9:32:55,2261.8,2261.8,2262,2,24,51
9:32:55,2261.8,2261.8,2262,7,22,50
9:32:56,2262,2261.8,2262,14,22,43
9:32:57,2262,2261.8,2262,20,24,26
9:32:58,2262,2261.8,2262,9,21,20
9:32:58,2261.8,2261.6,2261.8,22,37,29
9:32:59,2261.8,2261.6,2261.8,9,37,25
9:32:59,2261.8,2261.6,2261.8,7,28,27
9:33:00,2261.8,2261.6,2261.8,24,28,14
9:33:00,2261.6,2261.6,2261.8,1,28,16
9:33:01,2261.6,2261.6,2261.8,20,16,8
9:33:01,2261.6,2261.6,2261.8,18,2,6
9:33:02,2261.8,2261.4,2261.8,13,60,3
9:33:02,2261.6,2261.6,2261.8,2,24,5
9:33:03,2261.8,2261.6,2261.8,11,18,1
9:33:03,2261.8,2261.6,2261.8,2,17,1
9:33:04,2261.6,2261.6,2261.8,12,8,1
9:33:04,2261.8,2261.8,2262,3,1,34
9:33:05,2261.8,2261.8,2262,24,1,12
9:33:05,2262,2261.8,2262,11,6,2
9:33:06,2262,2262,2262.2,5,13,35
9:33:06,2262.2,2262,2262.2,7,26,29
9:33:07,2262.2,2262,2262.2,29,29,3
9:33:07,2262.2,2262.2,2262.4,14,6,26
9:33:08,2262.2,2262.2,2262.4,7,3,26
9:33:08,2262.4,2262.2,2262.4,19,10,8
9:33:09,2262.6,2262.4,2262.6,12,2,48
9:33:09,2262.6,2262.4,2262.6,5,6,46
9:33:10,2262.6,2262.4,2262.6,5,4,39
9:33:10,2262.6,2262.4,2262.6,11,8,29
9:33:11,2262.4,2262.2,2262.4,25,10,7
9:33:11,2262.4,2262.4,2262.6,8,10,28
9:33:12,2262.4,2262.4,2262.6,16,12,14
9:33:12,2262.4,2262.4,2262.6,8,15,10
9:33:13,2262.6,2262.4,2262.6,4,15,9
9:33:13,2262.6,2262.6,2262.8,12,6,110
9:33:14,2262.6,2262.6,2262.8,5,4,109
9:33:14,2262.6,2262.6,2262.8,5,3,109
9:33:15,2262.6,2262.4,2262.6,4,15,1
9:33:15,2262.4,2262.4,2262.6,18,15,34
9:33:16,2262.6,2262.4,2262.6,32,13,4
9:33:16,2262.4,2262.4,2262.6,22,5,1
9:33:17,2262.6,2262.6,2262.8,32,7,103
9:33:17,2262.8,2262.6,2262.8,19,11,87
9:33:18,2262.8,2262.6,2262.8,8,18,81
9:33:18,2262.8,2262.6,2262.8,17,22,64
9:33:19,2262.8,2262.6,2262.8,43,22,21
9:33:19,2262.8,2262.8,2263,27,41,97
9:33:20,2263,2262.8,2263,6,42,105
9:33:20,2263,2262.8,2263,58,48,52
9:33:21,2263,2262.8,2263,36,40,26
9:33:21,2263,2262.8,2263,2,41,26
9:33:22,2263,2262.8,2263,12,39,17
9:33:22,2263,2262.8,2263,19,31,13
9:33:23,2263,2263,2263.2,16,29,32
9:33:23,2263,2263,2263.2,10,25,42
9:33:24,2263.2,2263,2263.2,5,25,41
9:33:24,2263,2263,2263.2,22,19,28
9:33:25,2263.2,2263,2263.2,19,20,11
9:33:25,2263.2,2263.2,2263.4,11,12,26
9:33:26,2263.2,2263,2263.4,37,22,6
9:33:26,2263.4,2263,2263.4,8,20,2
9:33:27,2263.4,2263.4,2263.6,6,9,32
9:33:27,2263.6,2263.2,2263.6,31,8,19
9:33:28,2263.4,2263.2,2263.4,46,3,12
9:33:28,2263.6,2263.6,2263.8,46,10,84
9:33:29,2263.8,2263.6,2263.8,21,4,72
9:33:29,2263.6,2263.4,2263.8,57,29,24
9:33:30,2264,2263.8,2264,29,24,82
9:33:30,2264,2264,2264.2,127,8,40
9:33:31,2264.4,2264.2,2264.4,88,53,6
9:33:31,2264.4,2264.4,2264.6,59,7,37
9:33:32,2264.4,2264.2,2264.4,44,101,40
9:33:32,2264.4,2264.2,2264.4,91,45,11
9:33:33,2264.2,2264,2264.2,122,27,15
9:33:33,2264,2263.8,2264,67,25,21
9:33:34,2263.8,2263.8,2264.2,62,19,35
9:33:34,2264.2,2264,2264.2,27,5,26
9:33:35,2264.2,2264.2,2264.4,53,38,11
9:33:35,2264.2,2264.2,2264.4,25,23,1
9:33:36,2264.6,2264.4,2264.6,26,132,30
9:33:36,2264.6,2264.6,2264.8,81,7,95
9:33:37,2264.8,2264.4,2264.8,95,100,35
9:33:37,2264.6,2264.4,2264.6,59,94,9
9:33:38,2265,2264.6,2265,35,5,165
9:33:38,2264.8,2264.4,2264.8,121,94,34
9:33:39,2264.8,2264.8,2265,101,112,90
9:33:39,2264.8,2264.8,2265,45,92,84
9:33:40,2265,2265,2265.2,169,7,12
9:33:40,2265.2,2265,2265.2,60,5,15
9:33:41,2265.6,2264.8,2265.6,83,28,49
9:33:41,2265.4,2265,2265.4,107,33,22
9:33:42,2265.4,2265.4,2265.8,100,1,17
9:33:42,2265.8,2265.2,2265.8,67,16,24
9:33:43,2266,2265,2265.4,52,40,2
9:33:43,2266,2265.8,2266,68,1,44
9:33:44,2265.8,2265.4,2265.8,55,2,33
9:33:44,2265.8,2265.4,2265.8,36,6,28
9:33:45,2265.2,2265.2,2265.4,21,4,1
9:33:45,2265,2265,2265.2,71,5,10
9:33:46,2264.8,2264.8,2265,22,26,2
9:33:46,2264.8,2264.6,2264.8,37,14,2
9:33:47,2265,2265,2265.4,62,2,52
9:33:47,2264.6,2264.6,2264.8,28,5,6
9:33:48,2264.8,2264.4,2265,63,95,10
9:33:48,2265,2265,2265.2,91,29,11
9:33:49,2265,2265,2265.2,21,26,17
9:33:49,2265,2264.8,2265,27,3,25
9:33:50,2265,2264.8,2265,13,7,50
9:33:50,2264.8,2264.6,2264.8,10,18,13
9:33:51,2264.8,2264.6,2264.8,37,6,5
9:33:51,2264.8,2264.6,2264.8,13,1,9
9:33:52,2264.6,2264.6,2264.8,27,4,10
9:33:52,2264.6,2264.6,2264.8,22,11,1
9:33:53,2265,2264.8,2265,14,8,66
9:33:53,2264.8,2264.8,2265,56,21,39
9:33:54,2265,2264.8,2265,45,18,2
9:33:54,2265,2264.8,2265,13,19,2
9:33:55,2265,2265,2265.2,19,7,24
9:33:55,2265,2264.8,2265,13,10,6
9:33:56,2265,2264.8,2265,16,29,1
9:33:56,2264.8,2264.8,2265,21,16,11
9:33:57,2264.8,2264.8,2265,12,9,19
9:33:57,2265,2264.8,2265,14,1,27
9:33:58,2264.8,2264.6,2264.8,7,17,36
9:33:58,2264.6,2264.6,2264.8,53,16,10
9:33:59,2264.6,2264.6,2264.8,10,11,19
9:33:59,2264.6,2264.6,2264.8,27,1,14
9:34:00,2264.8,2264.4,2264.6,11,54,3
9:34:00,2264.6,2264.4,2264.6,15,51,5
9:34:01,2264.6,2264.6,2264.8,30,14,9
9:34:01,2264.8,2264.8,2265,24,9,55
9:34:02,2264.6,2264.6,2264.8,15,14,46
9:34:02,2264.6,2264.4,2264.8,23,54,41
9:34:03,2264.8,2264.4,2264.8,33,46,51
9:34:03,2264.4,2264.4,2264.8,35,31,47
9:34:04,2264.6,2264.4,2264.6,12,37,23
9:34:04,2264.4,2264.4,2264.6,30,15,26
9:34:05,2264.4,2264.4,2264.6,36,9,10
9:34:05,2264.4,2264.4,2264.6,25,4,10
9:34:06,2264.8,2264.6,2264.8,77,1,16
9:34:06,2264.6,2264.4,2264.6,6,13,9
9:34:07,2264.6,2264.4,2264.6,21,25,3
9:34:07,2264.6,2264.6,2264.8,6,13,14
9:34:08,2264.6,2264.6,2264.8,19,6,13
9:34:08,2264.4,2264.4,2264.6,77,2,37
9:34:09,2264.4,2264.2,2264.4,9,43,11
9:34:09,2264.2,2264.2,2264.4,15,35,6
9:34:10,2264.2,2264.2,2264.4,20,17,5
9:34:10,2264.2,2264.2,2264.4,17,4,2
9:34:11,2264.4,2264,2264.4,10,20,7
9:34:11,2264.2,2264.2,2264.4,8,10,11
9:34:12,2264.2,2264.2,2264.4,12,2,15
9:34:12,2264.4,2264.2,2264.4,7,10,21
9:34:13,2264.4,2264,2264.4,14,24,20
9:34:13,2264,2264,2264.2,35,7,1
9:34:14,2264,2264,2264.2,19,14,9
9:34:14,2264,2264,2264.2,17,5,9
9:34:15,2264,2264,2264.2,37,5,3
9:34:15,2264,2263.8,2264,12,15,4
9:34:16,2263.8,2263.8,2264,5,14,13
9:34:16,2264,2263.8,2264,7,15,13
9:34:17,2263.8,2263.8,2264,12,8,10
9:34:17,2263.6,2263.6,2263.8,14,8,1
9:34:18,2263.6,2263.4,2263.6,13,26,15
9:34:18,2263.4,2263.6,2263.8,20,6,3
9:34:19,2263.8,2263.8,2264,16,7,14
9:34:19,2264,2263.6,2264,14,16,10
9:34:20,2263.8,2263.8,2264,23,12,8
9:34:20,2263.8,2263.8,2264,16,24,4
9:34:21,2263.8,2263.8,2264.2,23,8,16
9:34:21,2264,2264,2264.2,4,4,14
9:34:22,2264,2264,2264.2,5,1,12
9:34:22,2264.2,2264,2264.2,13,1,11
9:34:23,2264.2,2263.8,2264,15,4,46
9:34:23,2264,2263.8,2264,10,3,37
9:34:24,2263.8,2263.6,2263.8,5,28,4
9:34:24,2263.8,2263.8,2264,14,8,28
9:34:25,2263.8,2263.8,2264,13,6,18
9:34:25,2263.8,2263.8,2264,4,9,15
9:34:26,2264,2264,2264.2,29,2,10
9:34:26,2264,2263.8,2264.2,6,51,8
9:34:27,2264,2264,2264.2,6,15,8
9:34:27,2264.2,2264.2,2264.4,10,1,9
9:34:28,2264,2264,2264.2,19,17,1
9:34:28,2264,2264,2264.2,9,13,6
9:34:29,2264.2,2264.2,2264.6,9,4,27
9:34:29,2264.4,2264.4,2264.6,3,11,28
9:34:30,2264.4,2264.4,2264.6,3,9,27
9:34:30,2264.6,2264.6,2264.8,41,5,25
9:34:31,2264.8,2264.6,2264.8,2,6,24
9:34:31,2264.8,2264.6,2264.8,29,21,2
9:34:32,2265,2264.8,2265,31,1,106
9:34:32,2264.8,2264.6,2265,30,24,80
9:34:33,2265,2264.8,2265,34,1,49
9:34:33,2265,2264.8,2265,24,2,25
9:34:34,2265.2,2265,2265.2,28,7,29
9:34:34,2265,2265,2265.2,18,14,25
9:34:35,2265,2265,2265.2,5,28,26
9:34:35,2265.2,2265,2265.2,20,81,8
9:34:36,2265.2,2265.2,2265.4,87,5,59
9:34:36,2265.2,2265.2,2265.4,27,7,48
9:34:37,2265.2,2265.2,2265.4,15,13,36
9:34:37,2265.4,2265.2,2265.4,22,12,41
9:34:38,2265.4,2265.2,2265.4,16,12,29
9:34:38,2265.4,2265.2,2265.4,14,8,29
9:34:39,2265.2,2265,2265.2,29,11,3
9:34:39,2265.4,2265.2,2265.4,8,1,25
9:34:40,2265.2,2265,2265.2,7,8,33
9:34:40,2265.2,2265,2265.2,15,12,25
9:34:41,2264.8,2265.2,2265.4,67,3,13
9:34:41,2265.4,2264.8,2265.4,16,7,21
9:34:42,2265.4,2264.8,2265,20,41,1
9:34:42,2265.4,2265,2265.4,6,14,15
9:34:43,2265,2265.2,2265.4,5,14,14
9:34:43,2265.2,2265.4,2265.6,36,3,8
9:34:44,2265.8,2265.6,2265.8,14,12,75
9:34:44,2265.8,2265.6,2265.8,34,32,47
9:34:45,2265.6,2265.6,2265.8,52,20,12
9:34:45,2266,2265.8,2266,33,61,59
9:34:46,2266,2265.8,2266,33,65,28
9:34:46,2266,2265.8,2266,25,65,23
9:34:47,2266,2265.8,2266,15,50,17
9:34:47,2265.8,2265.8,2266,33,27,16
9:34:48,2266,2266,2266.2,45,45,13
9:34:48,2266,2265.8,2266,74,31,4
9:34:49,2266,2266,2266.4,30,1,47
9:34:49,2266.2,2266,2266.2,8,3,6
9:34:50,2266.2,2266,2266.2,20,3,8
9:34:50,2266.4,2266.2,2266.4,35,30,44
9:34:51,2266.6,2266.4,2266.6,60,25,52
9:34:51,2266.6,2266.4,2266.6,57,23,11
9:34:52,2266.8,2266.6,2266.8,48,45,30
9:34:52,2267,2266.8,2267,72,22,20
9:34:53,2267.2,2267,2267.2,38,28,6
9:34:53,2267.4,2267.2,2267.4,24,7,34
9:34:54,2267.2,2267,2267.2,83,26,21
9:34:54,2267,2266.8,2267,149,49,60
9:34:55,2266.8,2266.8,2267,36,23,83
9:34:55,2266.8,2266.6,2266.8,117,40,6
9:34:56,2266.6,2266.6,2266.8,73,11,1
9:34:56,2266.8,2266.6,2266.8,66,3,11
9:34:57,2266.6,2266.4,2266.6,17,13,35
9:34:57,2266.6,2266.4,2266.6,53,16,2
9:34:58,2266.4,2266.6,2266.8,28,13,29
9:34:58,2266.4,2266.4,2266.6,23,32,8
9:34:59,2266.4,2266.4,2266.8,52,37,22
9:34:59,2266.8,2266.2,2266.8,73,36,9
9:35:00,2266.8,2266.6,2267,89,25,27
9:35:00,2266.8,2266.8,2267,106,2,2
9:35:01,2267.8,2267.4,2267.8,102,2,2
9:35:01,2268,2267.8,2268,279,2,33
9:35:02,2268.4,2268.2,2268.4,112,6,20
9:35:02,2268.6,2268.4,2268.6,134,15,105
9:35:03,2268.2,2268,2268.2,77,47,10
9:35:03,2268,2267.8,2268,84,1,69
9:35:04,2267.8,2267.4,2267.8,59,7,16
9:35:04,2267.8,2267.4,2267.8,46,2,46
9:35:05,2267.4,2267.4,2267.8,80,5,78
9:35:05,2267.4,2267.4,2267.8,65,6,62
9:35:06,2266.8,2266.8,2267.4,96,28,11
9:35:06,2267.2,2267,2267.4,19,14,28
9:35:07,2267.2,2267.2,2267.4,20,33,31
9:35:07,2267.2,2267.2,2267.4,22,24,27
9:35:08,2267.2,2267.2,2267.4,54,1,9
9:35:08,2267.4,2267,2267.2,31,14,1
9:35:09,2267.6,2267.4,2267.6,16,7,9
9:35:09,2267.6,2267,2267.2,37,21,1
9:35:10,2267.4,2267.2,2267.4,14,26,17
9:35:10,2267.4,2267.2,2267.4,21,44,24
9:35:11,2267.2,2267.2,2267.6,49,33,17
9:35:11,2267.4,2267.4,2267.6,55,4,11
9:35:12,2267.2,2267.2,2267.4,85,8,2
9:35:12,2267.2,2267.2,2267.8,9,5,1
9:35:13,2267.6,2267.4,2267.6,32,18,4
9:35:13,2267.4,2267.4,2267.6,25,11,3
9:35:14,2267.6,2267.6,2267.8,49,2,18
9:35:14,2267.4,2267.2,2267.4,44,19,2
9:35:15,2267.2,2267,2267.2,33,37,29
9:35:15,2267.2,2267,2267.2,19,30,19
9:35:16,2267,2267,2267.2,18,26,9
9:35:16,2267,2266.8,2267,36,17,68
9:35:17,2266.8,2266.6,2266.8,23,20,8
9:35:17,2266.6,2266.6,2266.8,27,18,40
9:35:18,2266.8,2266.4,2266.6,41,22,1
9:35:18,2266.6,2266.6,2266.8,27,3,23
9:35:19,2266.8,2266.8,2267,34,6,63
9:35:19,2266.6,2266.4,2266.6,25,9,2
9:35:20,2266.6,2266.6,2266.8,32,28,27
9:35:20,2266.8,2266.8,2267,56,6,58
9:35:21,2267,2266.8,2267,46,6,30
9:35:21,2266.8,2266.6,2266.8,19,8,12
9:35:22,2267,2266.8,2267,23,22,21
9:35:22,2266.6,2266.4,2266.6,43,4,28
9:35:23,2266.6,2266.4,2266.6,24,1,8
9:35:23,2267,2266.2,2266.6,32,10,8
9:35:24,2266.8,2266.6,2266.8,18,1,6
9:35:24,2266.6,2266.6,2266.8,13,4,20
9:35:25,2266.4,2266.4,2266.6,16,2,3
9:35:25,2266.8,2266.4,2266.8,8,8,8
9:35:26,2266.2,2266.2,2266.4,15,6,45
9:35:26,2266.4,2266.2,2266.4,24,1,37
9:35:27,2266.2,2266,2266.2,29,61,6
9:35:27,2266.4,2266,2266.2,15,60,10
9:35:28,2266.4,2266.2,2266.4,52,1,29
9:35:28,2266.2,2266,2266.2,25,47,6
9:35:29,2266,2266,2266.2,15,47,4
9:35:29,2266,2266,2266.2,70,16,2
9:35:30,2265.8,2265.8,2266,30,10,54
9:35:30,2266,2265.8,2266,36,10,41
9:35:31,2265.8,2265.8,2266,13,9,32
9:35:31,2266,2265.6,2265.8,21,14,1
9:35:32,2265.6,2265.4,2265.6,20,11,3
9:35:32,2265.4,2265.4,2265.8,57,31,1
9:35:33,2265.4,2265.4,2265.6,32,10,1
9:35:33,2265.6,2265.6,2265.8,8,2,15
9:35:34,2265.6,2265.6,2265.8,30,8,18
9:35:34,2265.6,2265.6,2265.8,11,19,22
9:35:35,2265.6,2265.6,2265.8,28,29,3
9:35:35,2265.6,2265.8,2266,12,14,30
9:35:36,2266,2266,2266.2,37,7,3
9:35:36,2266,2266,2266.2,6,5,6
9:35:37,2266.2,2265.8,2266.2,12,16,4
9:35:37,2265.8,2265.8,2266.2,9,19,11
9:35:38,2266.2,2265.8,2266,10,16,3
9:35:38,2266,2266,2266.2,6,2,5
9:35:39,2266,2266,2266.2,8,2,1
9:35:39,2266.2,2266.2,2266.4,10,3,4
9:35:40,2266.2,2266,2266.4,16,6,11
9:35:40,2266.2,2266.2,2266.4,4,6,12
9:35:41,2266.4,2266.4,2266.6,33,1,33
9:35:41,2266.2,2266,2266.2,4,7,17
9:35:42,2266.4,2266,2266.4,18,8,3
9:35:42,2266.4,2266.2,2266.4,3,14,15
9:35:43,2266.4,2266,2266.2,25,16,1
9:35:43,2266.4,2266.2,2266.6,18,2,37
9:35:44,2266.2,2266.4,2266.6,7,1,36
9:35:44,2266.4,2266.2,2266.4,4,7,67
9:35:45,2266.2,2266,2266.2,10,29,35
9:35:45,2266.2,2266,2266.2,45,1,45
9:35:46,2266,2265.8,2266,2,24,7
9:35:46,2266,2265.8,2266,18,28,38
9:35:47,2265.8,2265.8,2266.2,86,13,47
9:35:47,2265.8,2265.6,2265.8,17,12,50
9:35:48,2265.6,2265.6,2265.8,9,13,43
9:35:48,2265.8,2265.6,2265.8,26,11,31
9:35:49,2265.6,2265.6,2265.8,4,36,29
9:35:49,2265.8,2265.6,2265.8,21,35,9
9:35:50,2265.8,2265.8,2266,16,5,8
9:35:50,2265.8,2265.8,2266,4,38,7
9:35:51,2266,2265.8,2266,15,36,13
9:35:51,2265.8,2265.6,2265.8,54,2,7
9:35:52,2265.8,2265.6,2265.8,5,3,10
9:35:52,2265.8,2265.6,2265.8,6,3,22
9:35:53,2265.6,2265.4,2265.6,24,45,9
9:35:53,2265.6,2265.4,2265.6,7,45,36
9:35:54,2265.4,2265.4,2265.6,12,42,28
9:35:54,2265.4,2265.4,2265.6,11,37,22
9:35:55,2265.4,2265.4,2265.6,49,27,1
9:35:55,2265.4,2265.6,2265.8,17,8,6
9:35:56,2265.8,2265.8,2266,11,2,18
9:35:56,2265.8,2265.8,2266,17,17,17
9:35:57,2265.8,2265.8,2266,8,1,17
9:35:57,2265.8,2265.6,2266,2,7,21
9:35:58,2265.6,2265.6,2265.8,2,9,7
9:35:58,2265.8,2265.6,2265.8,1,16,6
9:35:59,2266,2265.6,2266,10,15,20
9:35:59,2265.8,2265.6,2265.8,4,14,4
9:36:00,2265.6,2265.8,2266,21,8,20
9:36:00,2265.8,2265.6,2265.8,49,5,15
9:36:01,2265.8,2265.8,2266.4,41,1,41
9:36:01,2266.2,2266,2266.2,68,1,11
9:36:02,2266.2,2265.6,2266.2,20,23,2
9:36:02,2266.2,2266.2,2266.4,26,4,30
9:36:03,2266.4,2266.2,2266.4,15,3,25
9:36:03,2266.4,2266.2,2266.4,2,5,25
9:36:04,2266.2,2266.2,2266.4,5,2,25
9:36:04,2266.4,2266.4,2266.6,42,20,36
9:36:05,2266.4,2266.4,2266.6,13,14,31
9:36:05,2266.4,2266.4,2266.6,4,32,31
9:36:06,2266.4,2266.4,2266.6,38,9,17
9:36:06,2266.4,2266.4,2266.6,8,3,14
9:36:07,2266.4,2266.2,2266.6,8,3,11
9:36:07,2266.6,2266.2,2266.4,3,2,32
9:36:08,2266.2,2266,2266.2,7,14,34
9:36:08,2266.2,2265.8,2266,24,20,7
9:36:09,2266,2265.8,2266,16,8,15
9:36:09,2265.8,2265.6,2265.8,16,34,6
9:36:10,2265.6,2265.6,2265.8,6,35,20
9:36:10,2265.6,2265.6,2265.8,9,32,21
9:36:11,2265.6,2265.6,2265.8,37,9,20
9:36:11,2265.6,2265.4,2265.6,30,55,3
9:36:12,2265.6,2265.4,2265.6,19,43,13
9:36:12,2265.6,2265.4,2265.6,11,34,20
9:36:13,2265.4,2265.4,2265.6,13,22,23
9:36:13,2265.6,2265.4,2265.6,26,20,10
9:36:14,2265.4,2265.2,2265.4,38,81,15
9:36:14,2265.2,2265.2,2265.4,11,79,42
9:36:15,2265.4,2265.2,2265.4,7,77,37
9:36:15,2265.4,2265.2,2265.4,40,49,25
9:36:16,2265.4,2265.2,2265.4,9,50,18
9:36:16,2265.4,2265.2,2265.4,7,46,16
9:36:17,2265.4,2265.4,2265.6,39,66,7
9:36:17,2265.6,2265.6,2265.8,14,14,11
9:36:18,2265.6,2265.6,2265.8,30,23,9
9:36:18,2265.6,2265.6,2265.8,4,80,8
9:36:19,2265.8,2265.8,2266,24,3,6
9:36:19,2265.8,2265.8,2266.2,10,7,13
9:36:20,2265.8,2265.8,2266.2,6,31,16
9:36:20,2265.8,2265.8,2266.2,6,33,13
9:36:21,2266.2,2266,2266.2,7,12,12
9:36:21,2266,2266,2266.2,8,8,20
9:36:22,2266.2,2265.8,2266,10,27,1
9:36:22,2266,2266,2266.2,25,6,4
9:36:23,2266,2265.8,2266,6,21,2
9:36:23,2265.8,2265.8,2266,2,20,1
9:36:24,2266.2,2266,2266.2,10,2,6
9:36:24,2266,2266,2266.2,2,22,5
9:36:25,2266,2266,2266.2,13,31,7
9:36:25,2266.2,2266.2,2266.4,19,6,36
9:36:26,2266.4,2266.2,2266.4,11,9,27
9:36:27,2266.2,2266.2,2266.4,16,11,16
9:36:27,2266.4,2266.2,2266.4,4,9,14
9:36:28,2266.2,2266,2266.4,16,38,8
9:36:28,2266.2,2266,2266.6,13,46,18
9:36:29,2266.2,2266.2,2266.6,3,2,19
9:36:29,2266.4,2266.4,2266.6,3,6,18
9:36:30,2266.4,2266.4,2266.6,3,3,19
9:36:30,2266.4,2266.4,2266.6,11,3,24
9:36:31,2266.4,2266.2,2266.4,3,8,1
9:36:31,2266.2,2266,2266.2,87,16,2
9:36:32,2266.2,2266,2266.4,2,16,4
9:36:32,2266.4,2266,2266.4,2,16,15
9:36:33,2266.2,2266,2266.2,9,17,9
9:36:33,2266,2265.8,2266,20,64,5
9:36:34,2266,2265.8,2266,7,63,8
9:36:34,2266,2265.8,2266,1,64,7
9:36:35,2266.4,2265.8,2266,48,64,2
9:36:35,2266.4,2265.8,2266,7,64,4
9:36:36,2265.8,2265.8,2266,12,62,1
9:36:36,2266,2266,2266.2,8,20,2
9:36:37,2266,2266,2266.4,5,76,15
9:36:37,2266.4,2266.2,2266.4,6,5,7
9:36:38,2266.2,2266.2,2266.4,1,29,8
9:36:38,2266.2,2266.2,2266.4,5,76,5
9:36:39,2266.2,2266.2,2266.4,9,70,2
9:36:39,2266.4,2266.4,2266.6,3,63,25
9:36:40,2266,2266,2266.6,120,81,24
9:36:40,2266.4,2266.2,2266.4,10,15,48
9:36:41,2266.4,2266.2,2266.4,11,7,54
9:36:41,2266.4,2266,2266.4,40,81,25
9:36:42,2266,2266,2266.2,4,79,30
9:36:42,2266.2,2266,2266.2,18,83,32
9:36:43,2266,2266,2266.2,3,80,32
9:36:43,2266,2266,2266.2,10,82,30
9:36:44,2266.2,2266,2266.2,7,81,24
9:36:44,2266,2266,2266.2,63,19,23
9:36:45,2266,2265.8,2266,41,58,10
9:36:45,2266,2265.8,2266,8,55,19
9:36:46,2265.8,2265.8,2266,20,51,4
9:36:46,2266,2266,2266.2,26,44,66
9:36:47,2266.2,2266,2266.2,1,44,65
9:36:47,2266.2,2266,2266.2,29,21,59
9:36:48,2266,2266,2266.2,2,20,59
9:36:48,2266,2266,2266.2,38,4,37
9:36:49,2266.2,2266,2266.2,18,1,22
9:36:49,2266,2265.8,2266,3,64,60
9:36:50,2266,2265.8,2266,5,77,74
9:36:50,2265.8,2265.8,2266,7,61,75
9:36:51,2266,2265.8,2266,10,61,67
9:36:51,2265.8,2265.8,2266,13,48,69
9:36:52,2265.8,2265.8,2266,23,44,50
9:36:52,2266,2265.8,2266,23,26,48
9:36:53,2265.8,2265.8,2266,29,14,32
9:36:53,2265.8,2265.8,2266,7,9,31
9:36:54,2265.8,2265.8,2266,6,6,33
9:36:54,2265.8,2265.6,2265.8,6,36,11
9:36:55,2265.8,2265.6,2265.8,5,36,7
9:36:55,2265.6,2265.6,2265.8,1,36,11
9:36:56,2265.6,2265.6,2265.8,1,36,23
9:36:56,2265.8,2265.6,2265.8,2,36,25
9:36:57,2265.8,2265.6,2265.8,41,6,15
9:36:57,2265.4,2265.4,2265.6,12,17,4
9:36:58,2265.6,2265.4,2265.6,1,17,3
9:36:58,2265.8,2265.4,2265.8,10,17,19
9:36:59,2265.4,2265.4,2265.8,27,16,25
9:36:59,2265.4,2265.4,2265.8,2,17,25
9:37:00,2265.4,2265.4,2265.8,12,13,27
9:37:00,2265.8,2265.4,2265.8,26,11,6
9:37:01,2265.6,2265.4,2265.8,20,15,1
9:37:01,2265.4,2265.6,2265.8,2,17,1
9:37:02,2265.6,2265.2,2265.8,42,53,31
9:37:02,2265.6,2265.2,2265.4,12,55,1
9:37:03,2265.6,2265.4,2265.8,6,1,38
9:37:03,2265.4,2265.4,2265.6,7,36,5
9:37:04,2265.4,2265.4,2265.6,3,46,9
9:37:04,2265.4,2265.4,2265.6,5,41,6
9:37:05,2265.4,2265.4,2265.8,17,35,33
9:37:05,2265.4,2265.4,2265.8,14,28,30
9:37:06,2265.8,2265.4,2265.8,4,28,26
9:37:06,2265.4,2265.2,2265.4,29,57,1
9:37:07,2265.4,2265.6,2265.8,4,1,31
9:37:08,2265.8,2265.4,2265.6,22,6,6
9:37:08,2265.4,2265.4,2265.6,15,2,18
9:37:09,2265.4,2265.4,2265.6,9,53,13
9:37:09,2265.4,2265.4,2265.8,43,39,14
9:37:10,2265.4,2265.6,2265.8,3,28,29
9:37:10,2265.6,2265.6,2265.8,5,40,27
9:37:11,2265.6,2265.6,2265.8,10,38,27
9:37:11,2265.8,2265.6,2265.8,9,40,19
9:37:12,2265.6,2265.6,2265.8,5,41,23
9:37:13,2265.6,2265.6,2265.8,12,34,18
9:37:13,2265.6,2265.6,2265.8,20,32,2
9:37:14,2265.8,2265.6,2265.8,2,29,3
9:37:15,2265.6,2265.8,2266,4,2,65
9:37:15,2265.8,2265.8,2266,3,1,63
9:37:16,2265.8,2265.6,2265.8,2,34,4
9:37:16,2266,2265.6,2265.8,10,38,2
9:37:17,2265.8,2265.6,2266,3,31,59
9:37:17,2266,2265.8,2266,5,49,57
9:37:18,2266,2265.8,2266,1,50,58
9:37:18,2266,2265.8,2266,3,50,56
9:37:19,2266,2265.8,2266,52,36,20
9:37:19,2266,2265.8,2266,1,36,19
9:37:20,2266,2265.8,2266,8,39,12
9:37:20,2266,2265.8,2266,7,39,15
9:37:21,2265.8,2265.8,2266,8,34,12
9:37:21,2266,2265.8,2266,8,32,12
9:37:22,2266,2265.8,2266,5,37,7
9:37:22,2266,2265.8,2266,5,37,5
9:37:23,2266,2266,2266.2,34,4,11
9:37:24,2266.2,2265.8,2266.2,7,37,12
9:37:25,2266,2266,2266.2,15,2,11
9:37:25,2266,2266,2266.2,4,1,12
9:37:26,2266.2,2265.8,2266.2,7,34,6
9:37:27,2266.2,2265.8,2266.2,6,34,4
9:37:27,2265.8,2265.8,2266,4,30,4
9:37:28,2266,2265.8,2266,1,30,3
9:37:28,2266.2,2266.2,2266.4,13,34,18
9:37:29,2266.2,2266.2,2266.4,13,22,17
9:37:29,2266.2,2266.2,2266.4,2,20,18
9:37:30,2266.2,2266.2,2266.4,9,16,17
9:37:30,2266.2,2266.2,2266.4,5,14,14
9:37:31,2266.4,2266.2,2266.4,5,13,10
9:37:31,2266.4,2266.2,2266.4,4,13,58
9:37:32,2266.2,2266,2266.2,59,46,4
9:37:32,2266.2,2266,2266.2,6,48,2
9:37:33,2266.2,2266,2266.2,8,48,13
9:37:33,2266.2,2266,2266.2,3,49,11
9:37:34,2266.2,2266,2266.2,2,53,11
9:37:34,2266,2266,2266.2,4,79,16
9:37:35,2266,2266,2266.2,5,76,12
9:37:35,2266,2266,2266.2,2,75,11
9:37:36,2266,2266,2266.2,3,72,11
9:37:36,2266.2,2266,2266.2,3,71,11
9:37:37,2266,2266,2266.2,60,11,16
9:37:37,2265.8,2265.6,2265.8,97,35,3
9:37:38,2266,2265.8,2266,37,1,29
9:37:38,2265.6,2265.6,2265.8,15,20,14
9:37:39,2265.6,2265.6,2265.8,1,23,17
9:37:40,2265.6,2265.6,2265.8,15,19,8
9:37:40,2265.8,2265.6,2265.8,13,8,6
9:37:41,2265.8,2265.6,2266,13,16,36
9:37:41,2265.6,2265.6,2265.8,9,28,1
9:37:42,2265.6,2265.6,2266,4,26,36
9:37:42,2265.6,2265.8,2266,3,3,35
9:37:43,2265.8,2265.8,2266,4,3,37
9:37:43,2265.8,2265.8,2266,2,14,37
9:37:44,2265.8,2265.8,2266,3,11,37
9:37:44,2265.8,2265.8,2266,3,17,38
9:37:45,2265.8,2265.8,2266,2,23,37
9:37:45,2265.8,2265.8,2266,12,18,35
9:37:46,2266,2265.8,2266,6,16,31
9:37:46,2265.8,2265.6,2265.8,14,27,11
9:37:47,2265.8,2265.6,2265.8,2,27,9
9:37:47,2265.6,2265.6,2265.8,18,12,21
9:37:48,2265.8,2265.6,2265.8,3,14,24
9:37:48,2265.8,2265.4,2265.8,56,79,1
9:37:49,2265.8,2265.8,2266,12,4,30
9:37:49,2265.8,2265.8,2266,6,3,232
9:37:50,2265.8,2265.8,2266,7,3,232
9:37:50,2265.6,2265.6,2265.8,7,18,99
9:37:51,2265.6,2265.4,2265.6,23,67,5
9:37:51,2265.6,2265.2,2265.6,80,73,28
9:37:52,2265.2,2265.2,2265.4,36,27,20
9:37:52,2265.4,2265.2,2265.4,4,27,16
9:37:53,2265.2,2265,2265.2,29,181,8
9:37:53,2265.2,2265.2,2265.4,18,3,25
9:37:54,2265.2,2265.2,2265.4,32,4,6
9:37:54,2265.2,2265.2,2265.4,21,5,1
9:37:55,2265.2,2265.2,2265.4,4,13,1
9:37:55,2265.2,2265.2,2265.6,20,2,51
9:37:56,2265.2,2265,2265.2,4,175,1
9:37:56,2265.2,2265,2265.2,3,175,1
9:37:57,2265,2265,2265.2,56,127,8
9:37:57,2265,2265,2265.2,21,111,2
9:37:58,2265,2265,2265.2,45,72,6
9:37:58,2265.2,2265,2265.2,63,14,6
9:37:59,2264.8,2264.6,2264.8,52,36,1
9:37:59,2265,2264.6,2264.8,7,41,9
9:38:00,2264.8,2264.6,2264.8,25,23,6
9:38:00,2264.4,2264.4,2264.6,42,35,1
9:38:01,2264.4,2264.4,2265,21,27,50
9:38:01,2264.6,2264.6,2264.8,29,1,15
9:38:02,2264.8,2264.4,2264.8,29,2,12
9:38:02,2264.4,2264.2,2264.8,14,19,7
9:38:03,2264.4,2264.8,2265,30,1,50
9:38:03,2264.2,2264.2,2264.4,22,12,5
9:38:04,2264.2,2264.4,2264.6,19,15,2
9:38:04,2264.6,2264.4,2264.6,17,4,7
9:38:05,2264.4,2264.2,2264.4,26,19,11
9:38:05,2264.4,2264.2,2264.8,56,10,14
9:38:06,2264.4,2264.2,2264.6,11,13,7
9:38:06,2264.2,2264,2264.2,25,58,19
9:38:07,2264.2,2264,2264.2,14,54,12
9:38:07,2264.4,2264.2,2264.6,37,25,11
9:38:08,2264.2,2264.2,2264.4,26,3,3
9:38:08,2264.4,2264.2,2264.4,10,20,2
9:38:09,2264.4,2264.2,2264.6,30,13,7
9:38:09,2264.6,2264.2,2264.6,8,26,10
9:38:10,2264.4,2264.4,2264.6,22,2,12
9:38:10,2264.2,2264.2,2264.4,13,17,1
9:38:11,2264.4,2264.4,2264.6,3,5,17
9:38:11,2264.6,2264.2,2264.6,17,30,12
9:38:12,2264.2,2264.2,2264.4,2,30,3
9:38:12,2264.8,2264.4,2264.6,27,1,1
9:38:13,2264.4,2264.4,2264.6,10,17,3
9:38:13,2264.4,2264.6,2264.8,13,27,11
9:38:14,2264.8,2264.6,2264.8,8,21,10
9:38:14,2264.8,2264.6,2264.8,12,11,9
9:38:15,2264.6,2264.4,2264.6,15,50,9
9:38:15,2265,2264.4,2265,37,47,53
9:38:16,2264.8,2264.8,2265,12,21,52
9:38:16,2265,2264.8,2265,16,13,47
9:38:17,2265,2264.8,2265,25,11,23
9:38:17,2265,2264.8,2265,1,14,21
9:38:18,2264.8,2264.6,2264.8,16,9,14
9:38:18,2264.8,2264.6,2264.8,6,11,19
9:38:19,2264.6,2264.4,2264.8,15,41,20
9:38:19,2264.8,2264.4,2264.8,6,40,18
9:38:20,2264.8,2264.8,2265,21,18,420
9:38:20,2264.8,2264.8,2265,6,13,420
9:38:21,2264.8,2264.6,2264.8,16,6,89
9:38:21,2264.4,2264.4,2264.6,17,38,52
9:38:22,2264.6,2264.4,2264.6,32,23,63
9:38:22,2264.6,2264.4,2264.6,59,12,16
9:38:23,2264.4,2264.2,2264.4,16,47,10
9:38:23,2264.4,2264.4,2264.6,12,1,24
9:38:24,2264.6,2264.2,2264.6,10,59,18
9:38:24,2264.4,2264.4,2264.6,5,16,15
9:38:25,2264.4,2264.4,2264.6,11,28,14
9:38:25,2264.6,2264.4,2264.6,4,36,5
9:38:26,2264.4,2264.4,2264.8,12,37,15
9:38:26,2264.6,2264.6,2264.8,7,3,16
9:38:27,2264.6,2264.4,2264.8,3,38,17
9:38:27,2264.6,2264.6,2264.8,4,24,16
9:38:28,2264.8,2264.6,2264.8,4,21,15
9:38:29,2264.6,2264.6,2264.8,3,22,15
9:38:29,2264.8,2264.6,2264.8,3,24,13
9:38:30,2264.6,2264.6,2264.8,7,20,12
9:38:30,2264.6,2264.6,2264.8,7,14,11
9:38:31,2264.8,2264.8,2265,11,1,423
9:38:32,2264.8,2264.8,2265,3,11,420
9:38:33,2264.8,2264.8,2265,8,5,420
9:38:33,2265,2264.8,2265,7,2,417
9:38:34,2264.8,2264.6,2265,22,17,398
9:38:34,2264.6,2264.6,2264.8,13,8,6
9:38:35,2264.6,2264.4,2264.8,25,43,28
9:38:35,2264.8,2264.4,2264.8,17,40,20
9:38:36,2264.8,2264.4,2264.6,5,38,1
9:38:36,2264.4,2264.4,2264.6,5,40,1
9:38:37,2264.8,2264.6,2264.8,2,1,21
9:38:37,2264.8,2264.6,2264.8,5,1,21
9:38:38,2265,2264.6,2264.8,22,5,2
9:38:38,2264.8,2264.6,2264.8,4,2,1
9:38:39,2264.4,2264.6,2264.8,11,12,2
