9:14:00,2305.8,2305.8,2306,161,19,20
9:15:00,2306,2305.6,2306,89,1,21
9:15:01,2305.2,2305.2,2305.6,58,13,4
9:15:01,2305.2,2305,2305.2,72,79,20
9:15:02,2305,2305,2305.2,76,88,3
9:15:02,2305.2,2305.4,2305.8,31,2,5
9:15:03,2306.4,2306.2,2306.6,140,1,20
9:15:03,2306.8,2306.4,2306.8,119,28,13
9:15:04,2306.8,2306.8,2307,25,1,31
9:15:04,2307,2307,2307.2,42,13,5
9:15:05,2307.4,2307.2,2307.4,61,2,23
9:15:05,2306.8,2306.6,2307.4,20,55,17
9:15:06,2307.2,2306.8,2307,45,28,9
9:15:06,2307,2307,2307.2,42,5,31
9:15:07,2307,2306.8,2307,25,7,3
9:15:07,2307,2306.8,2307,12,3,36
9:15:08,2307,2306.6,2306.8,17,9,6
9:15:08,2306.8,2306.6,2307,11,15,53
9:15:09,2307,2306.6,2307,36,8,35
9:15:09,2306.6,2306.4,2306.6,30,9,33
9:15:10,2306.4,2306.2,2306.4,23,6,6
9:15:10,2306.2,2306,2306.2,56,25,66
9:15:11,2305.8,2305.8,2306.2,38,1,56
9:15:11,2306,2305.8,2306,11,2,4
9:15:12,2305.6,2305.4,2305.6,17,2,37
9:15:12,2305.4,2305.4,2306.2,74,8,21
9:15:13,2306,2305.6,2306,13,19,5
9:15:13,2306,2306,2306.2,14,1,17
9:15:14,2306.2,2306.2,2306.4,68,1,2
9:15:14,2306.2,2306.2,2306.4,4,2,1
9:15:15,2306.2,2306.4,2306.6,8,6,1
9:15:15,2306.4,2306.6,2306.8,2,2,7
9:15:16,2306.6,2306.4,2306.6,7,7,2
9:15:16,2306.8,2306.8,2307,19,6,45
9:15:17,2307,2306.8,2307,16,5,44
9:15:17,2307,2306.6,2307,25,8,34
9:15:18,2306.6,2306.6,2307,7,10,24
9:15:18,2307,2306.8,2307,5,9,17
9:15:19,2307,2306.8,2307,5,7,17
9:15:19,2307,2306.8,2307,9,4,22
9:15:20,2307,2306.8,2307,6,4,16
9:15:20,2306.8,2306.8,2307,11,7,8
9:15:21,2306.6,2306.6,2306.8,12,9,13
9:15:21,2306.8,2306.8,2307,16,3,9
9:15:22,2307,2306.8,2307,3,1,8
9:15:22,2306.6,2306.6,2307,14,6,3
9:15:23,2307,2307,2307.2,11,1,19
9:15:23,2307,2306.8,2307,53,3,4
9:15:24,2306.8,2306.8,2307,5,2,26
9:15:24,2307,2306.6,2307,10,8,21
9:15:25,2306.8,2306.6,2306.8,6,8,3
9:15:25,2306.8,2306.6,2307,4,7,94
9:15:26,2306.8,2306.4,2306.8,20,10,3
9:15:26,2306.6,2306.2,2306.6,21,19,26
9:15:27,2306.6,2306.2,2306.6,9,18,53
9:15:27,2306.2,2306,2306.2,40,51,4
9:15:28,2306,2305.8,2306.6,69,5,44
9:15:28,2306.4,2306,2306.4,38,11,40
9:15:29,2306.2,2306,2306.4,21,13,27
9:15:29,2306.4,2306,2306.4,3,15,25
9:15:30,2306,2305.8,2306,56,6,6
9:15:30,2306.2,2305.8,2306.6,22,1,17
9:15:31,2306.2,2306,2306.2,22,1,1
9:15:31,2306.2,2306.4,2306.6,7,1,19
9:15:32,2306.4,2306.2,2306.6,14,5,18
9:15:32,2306.6,2306.6,2306.8,21,1,11
9:15:33,2306.8,2306.8,2307,23,4,106
9:15:33,2307,2306.8,2307,8,4,98
9:15:34,2307,2306.8,2307,3,24,48
9:15:34,2307,2306.8,2307,12,26,37
9:15:35,2307.2,2307.2,2307.4,51,5,2
9:15:35,2307.4,2307.4,2307.8,15,10,26
9:15:36,2307.8,2307.6,2307.8,4,1,24
9:15:36,2307.6,2307.4,2307.6,15,6,9
9:15:37,2307.6,2307.4,2307.6,13,2,20
9:15:37,2307.4,2307.2,2307.4,5,14,2
9:15:38,2307.2,2307.2,2307.4,11,6,3
9:15:38,2307.6,2307.4,2307.6,8,2,19
9:15:39,2307.4,2307,2307.2,11,43,3
9:15:39,2307.2,2307,2307.2,2,43,2
9:15:40,2307,2307,2307.4,13,42,2
9:15:40,2307.2,2307,2307.4,4,40,3
9:15:41,2307.4,2307.2,2307.4,3,3,2
9:15:42,2307.4,2307.4,2307.6,17,11,23
9:15:42,2307.2,2307,2307.2,26,55,16
9:15:43,2307.2,2307,2307.4,16,55,3
9:15:43,2307.4,2307.2,2307.4,3,5,3
9:15:44,2307.4,2307.2,2307.6,8,2,22
9:15:44,2307.6,2307.4,2307.6,6,2,24
9:15:45,2307.2,2307,2307.2,7,57,17
9:15:45,2307.6,2307.2,2307.6,30,5,20
9:15:46,2307.6,2307.6,2307.8,27,1,54
9:15:46,2307.8,2307.6,2307.8,6,2,51
9:15:47,2307.4,2307.2,2307.4,27,3,5
9:15:47,2307.4,2307.4,2307.6,50,11,2
9:15:48,2307.4,2307.4,2307.6,11,19,47
9:15:48,2307.4,2307.4,2307.6,39,8,20
9:15:49,2307.4,2307.2,2307.4,19,3,3
9:15:49,2307.4,2307.2,2307.4,9,2,13
9:15:50,2307,2307.2,2307.4,24,20,13
9:15:50,2307.4,2307.2,2307.4,7,19,10
9:15:51,2307.2,2307.2,2307.4,2,18,5
9:15:51,2307.4,2307.4,2307.6,7,7,21
9:15:52,2307.6,2307.4,2307.6,5,7,16
9:15:53,2307.4,2307.4,2307.6,6,5,14
9:15:53,2307.4,2307.4,2307.6,1,5,15
9:15:54,2307.6,2307.4,2307.6,6,7,19
9:15:54,2307.4,2307.6,2307.8,52,3,46
9:15:55,2307.6,2307.6,2307.8,1,11,46
9:15:55,2307.8,2307.6,2307.8,15,8,36
9:15:56,2307.8,2307.8,2308,42,19,28
9:15:56,2307.8,2308,2308.2,48,2,14
9:15:57,2308.2,2307.8,2308.2,7,26,12
9:15:57,2308.2,2308.2,2308.4,12,9,80
9:15:58,2308,2307.8,2308,18,22,39
9:15:58,2308,2307.8,2308,20,20,24
9:15:59,2307.8,2307.8,2308,16,16,44
9:15:59,2307.8,2307.6,2307.8,39,14,17
9:16:00,2307.8,2307.6,2307.8,16,11,5
9:16:00,2307.4,2307.4,2307.6,47,42,7
9:16:01,2307.4,2307.4,2307.6,50,40,3
9:16:01,2307.6,2307.8,2308,8,1,26
9:16:02,2307.8,2307.6,2307.8,9,3,10
9:16:02,2307.6,2307.6,2307.8,4,18,7
9:16:03,2307.6,2307.6,2307.8,7,19,5
9:16:03,2307.8,2307.6,2308,13,14,31
9:16:04,2308,2307.8,2308,16,63,37
9:16:05,2307.8,2307.8,2308,67,19,17
9:16:05,2308,2307.8,2308,22,3,11
9:16:06,2308,2307.8,2308,12,10,11
9:16:06,2308,2307.8,2308,10,21,2
9:16:07,2308,2308,2308.2,4,6,24
9:16:07,2308,2308,2308.2,17,2,20
9:16:08,2308.2,2308,2308.2,18,11,7
9:16:08,2308.2,2308,2308.4,11,10,86
9:16:09,2308.2,2308.2,2308.4,3,22,85
9:16:09,2308.4,2308.2,2308.4,20,16,72
9:16:10,2308.4,2308.2,2308.4,21,22,57
9:16:10,2308.4,2308.2,2308.4,9,20,50
9:16:11,2308.4,2308.2,2308.4,23,14,36
9:16:11,2308.4,2308.2,2308.4,41,6,10
9:16:12,2308.4,2308.4,2308.6,15,14,35
9:16:12,2308.4,2308.4,2308.6,9,21,33
9:16:13,2308.6,2308.4,2308.6,8,23,26
9:16:13,2308.6,2308.4,2308.6,18,23,11
9:16:14,2308.6,2308.4,2308.6,10,15,12
9:16:14,2308.6,2308.4,2308.6,27,2,20
9:16:15,2308.2,2308.2,2308.4,23,5,17
9:16:15,2308.2,2308,2308.2,16,42,33
9:16:16,2308,2308,2308.2,8,37,32
9:16:16,2308.2,2308,2308.2,5,36,29
9:16:17,2308,2307.8,2308,40,25,7
9:16:17,2308.2,2308,2308.2,21,18,26
9:16:18,2308,2308,2308.2,7,14,27
9:16:18,2308,2308,2308.2,12,13,23
9:16:19,2308.2,2308,2308.2,18,13,7
9:16:19,2308,2308,2308.2,6,9,10
9:16:20,2308.2,2308,2308.2,11,6,16
9:16:20,2308,2308,2308.2,5,6,18
9:16:21,2308.2,2308,2308.2,5,6,13
9:16:21,2308,2308,2308.2,9,9,6
9:16:22,2308,2308,2308.2,6,5,6
9:16:22,2308.2,2308,2308.2,2,13,5
9:16:23,2308.2,2308,2308.4,13,9,53
9:16:23,2308.2,2308.2,2308.4,10,15,58
9:16:24,2308.2,2308.2,2308.4,12,4,57
9:16:24,2308.4,2308.2,2308.4,6,4,51
9:16:25,2308,2308,2308.4,8,17,53
9:16:25,2308.4,2308.2,2308.4,11,2,45
9:16:26,2308.2,2308.2,2308.4,7,3,46
9:16:26,2308.4,2308.2,2308.4,3,2,46
9:16:27,2308.2,2308.2,2308.4,1,1,46
9:16:27,2308.4,2308.2,2308.4,14,1,34
9:16:28,2308.4,2308.2,2308.4,3,6,33
9:16:28,2308.2,2308.2,2308.4,4,12,31
9:16:29,2308.4,2308.2,2308.4,19,6,36
9:16:29,2308.2,2308,2308.2,30,29,28
9:16:30,2308.2,2308,2308.2,5,28,29
9:16:30,2308.2,2308,2308.2,1,50,36
9:16:31,2308,2308,2308.2,3,47,37
9:16:31,2308,2308,2308.2,8,51,32
9:16:32,2308,2308,2308.2,7,45,38
9:16:32,2308,2308,2308.2,11,48,40
9:16:33,2308,2308,2308.2,2,48,40
9:16:34,2308.2,2308,2308.2,2,47,39
9:16:34,2308.2,2308,2308.2,12,44,34
9:16:35,2308,2308,2308.2,7,37,34
9:16:35,2308.2,2308,2308.2,2,39,36
9:16:36,2308,2308,2308.2,15,25,35
9:16:36,2308,2308,2308.2,5,24,31
9:16:37,2308.2,2308,2308.2,24,8,25
9:16:37,2308.2,2308,2308.2,7,13,19
9:16:38,2308,2308,2308.2,3,11,17
9:16:38,2308,2308,2308.2,9,8,15
9:16:39,2308.2,2308,2308.2,2,13,15
9:16:39,2308.2,2308,2308.2,2,14,18
9:16:40,2308.2,2308,2308.2,4,13,18
9:16:40,2308,2308,2308.2,3,13,19
9:16:41,2308,2308,2308.2,7,17,15
9:16:41,2308.2,2308,2308.2,16,14,4
9:16:42,2308,2308,2308.2,7,9,2
9:16:42,2308.4,2308.2,2308.4,7,1,21
9:16:43,2308,2308.2,2308.4,4,1,19
9:16:43,2308.4,2308.2,2308.4,2,1,17
9:16:44,2308.2,2308.2,2308.4,10,8,13
9:16:45,2308.4,2308.2,2308.4,1,10,12
9:16:45,2308.6,2308.2,2308.6,17,10,34
9:16:46,2308,2308,2308.2,17,33,23
9:16:46,2308.2,2308,2308.2,4,34,19
9:16:47,2308.2,2308,2308.2,12,32,10
9:16:47,2308.2,2308,2308.2,9,33,3
9:16:48,2308,2308,2308.2,7,33,7
9:16:48,2308,2308,2308.2,3,33,15
9:16:49,2308.2,2308.2,2308.4,16,5,10
9:16:50,2308.2,2308.2,2308.4,2,9,14
9:16:51,2308.2,2308.2,2308.4,3,16,15
9:16:51,2308.2,2308,2308.2,23,31,2
9:16:52,2308.4,2308.2,2308.4,12,1,6
9:16:52,2308.2,2308.2,2308.4,5,6,14
9:16:53,2308.2,2308.2,2308.4,1,6,21
9:16:54,2308.2,2308.2,2308.4,1,8,23
9:16:54,2308.4,2308.2,2308.4,3,8,20
9:16:55,2308.4,2308.2,2308.4,3,7,21
9:16:55,2308.4,2308.2,2308.4,3,11,21
9:16:56,2308.4,2308.2,2308.4,3,11,19
9:16:56,2308.2,2308.2,2308.4,3,8,19
9:16:57,2308.2,2308,2308.2,8,37,3
9:16:57,2308.2,2308,2308.2,3,37,1
9:16:58,2308,2308,2308.2,1,41,3
9:16:58,2308.2,2308,2308.4,3,40,22
9:17:00,2308.2,2308,2308.2,2,42,2
9:17:00,2308,2308,2308.2,12,40,2
9:17:01,2308.4,2308,2308.4,9,35,19
9:17:01,2308,2308,2308.2,4,33,3
9:17:02,2308,2308,2308.2,20,22,11
9:17:02,2308,2308,2308.2,5,20,10
9:17:03,2308,2307.8,2308,28,27,18
9:17:03,2307.8,2307.8,2308,11,23,12
9:17:04,2307.8,2307.8,2308,8,20,9
9:17:04,2308,2307.8,2308,12,12,6
9:17:05,2307.8,2307.8,2308,11,1,8
9:17:05,2308,2307.8,2308,8,9,8
9:17:06,2307.8,2307.8,2308,7,9,8
9:17:06,2307.8,2307.8,2308,1,9,8
9:17:07,2307.8,2307.8,2308,10,1,4
9:17:07,2308,2307.6,2307.8,5,37,5
9:17:08,2307.8,2307.6,2307.8,4,36,5
9:17:08,2307.8,2307.6,2307.8,4,36,3
9:17:09,2307.8,2307.8,2308,3,15,7
9:17:09,2307.8,2307.8,2308,4,15,6
9:17:10,2308,2307.8,2308,8,22,5
9:17:11,2308,2307.8,2308,2,23,6
9:17:11,2307.8,2307.8,2308,8,16,6
9:17:12,2307.8,2307.8,2308,4,15,5
9:17:12,2307.8,2307.8,2308,1,15,9
9:17:13,2308,2307.8,2308,1,15,12
9:17:13,2308,2307.8,2308,2,15,13
9:17:14,2307.8,2307.8,2308,10,7,14
9:17:14,2307.8,2307.6,2307.8,8,45,4
9:17:15,2307.6,2307.6,2307.8,42,3,7
9:17:15,2307.6,2307.6,2307.8,3,1,8
9:17:16,2307.6,2307.6,2307.8,3,6,12
9:17:16,2307.8,2307.6,2307.8,10,5,3
9:17:17,2307.6,2307.6,2308,35,5,25
9:17:17,2307.6,2307.6,2308,1,5,25
9:17:18,2308,2307.6,2308,5,7,23
9:17:18,2307.6,2307.6,2307.8,8,1,4
9:17:19,2307.6,2307.6,2307.8,7,1,5
9:17:19,2307.4,2307.4,2307.6,2,64,1
9:17:20,2307.4,2307.4,2307.8,15,53,5
9:17:20,2307.6,2307.4,2307.8,9,53,5
9:17:21,2307.6,2307.6,2307.8,4,2,4
9:17:21,2307.6,2307.6,2307.8,4,2,7
9:17:22,2307.6,2307.4,2307.8,4,53,9
9:17:22,2307.8,2307.8,2308,14,6,28
9:17:23,2307.8,2307.8,2308,1,6,28
9:17:23,2308,2307.8,2308,10,6,21
9:17:24,2308,2307.8,2308,3,6,20
9:17:24,2307.8,2307.8,2308,2,4,20
9:17:25,2307.8,2307.6,2307.8,4,2,31
9:17:25,2307.6,2307.4,2307.6,3,57,5
9:17:26,2307.4,2307.4,2307.6,15,42,5
9:17:26,2307.8,2307.4,2307.8,13,44,27
9:17:27,2307.8,2307.6,2307.8,1,2,26
9:17:27,2307.8,2307.6,2307.8,9,1,18
9:17:28,2307.4,2307.6,2307.8,5,13,18
9:17:28,2307.8,2307.6,2307.8,11,6,19
9:17:29,2308,2307.6,2308,26,2,25
9:17:29,2307.6,2307.4,2307.6,3,40,1
9:17:30,2307.4,2307.6,2308,6,1,25
9:17:30,2307.4,2307.8,2308,4,2,25
9:17:31,2307.8,2307.6,2308,8,3,19
9:17:32,2307.6,2307.6,2308,2,3,27
9:17:33,2307.6,2307.6,2307.8,6,14,1
9:17:33,2308,2307.6,2307.8,2,14,1
9:17:34,2307.8,2307.6,2308,1,14,34
9:17:35,2307.8,2307.6,2308,3,16,36
9:17:35,2307.8,2307.8,2308,4,12,41
9:17:36,2307.8,2307.8,2308,5,10,41
9:17:37,2307.8,2307.8,2308,8,8,37
9:17:38,2308,2307.8,2308,10,3,37
9:17:39,2307.8,2307.6,2307.8,5,39,1
9:17:39,2307.8,2307.6,2308,1,39,37
9:17:40,2307.6,2307.6,2308,2,38,36
9:17:41,2307.8,2307.6,2308,1,41,37
9:17:42,2308,2307.6,2308,2,42,36
9:17:42,2308,2307.8,2308,1,1,36
9:17:43,2308,2307.6,2308,4,41,41
9:17:43,2307.8,2307.6,2307.8,1,40,1
9:17:44,2308,2307.6,2308,4,41,39
9:17:44,2308,2307.6,2308,1,36,40
9:17:45,2308,2307.6,2308,14,32,32
9:17:45,2307.6,2307.6,2307.8,11,22,3
9:17:46,2307.6,2307.6,2307.8,9,18,3
9:17:46,2307.8,2307.6,2307.8,2,17,8
9:17:47,2307.6,2307.6,2307.8,10,11,7
9:17:48,2307.6,2307.6,2307.8,16,9,3
9:17:48,2307.6,2307.6,2307.8,8,3,2
9:17:49,2307.8,2307.6,2308,2,8,29
9:17:50,2308,2307.6,2307.8,3,8,6
9:17:51,2307.8,2307.6,2308,9,8,27
9:17:51,2308,2307.8,2308,1,3,26
9:17:52,2307.8,2307.8,2308,1,4,27
9:17:53,2307.8,2307.8,2308,3,11,27
9:17:54,2308,2307.8,2308,1,22,26
9:17:55,2307.8,2307.6,2307.8,27,9,3
9:17:55,2307.6,2307.6,2307.8,1,9,3
9:17:56,2307.8,2307.6,2308,4,8,27
9:17:56,2307.6,2307.6,2308,4,5,27
9:17:57,2308,2307.6,2308,3,5,24
9:17:58,2307.6,2307.6,2308,1,26,25
9:17:58,2307.6,2307.6,2308,1,26,26
9:17:59,2307.6,2307.8,2308,1,2,26
9:17:59,2308,2307.8,2308,5,2,26
9:18:00,2307.6,2307.6,2308,5,26,27
9:18:01,2307.8,2307.6,2308,1,30,27
9:18:02,2307.6,2307.6,2308,1,31,31
9:18:03,2308,2307.6,2308,5,31,29
9:18:03,2307.8,2307.8,2308,1,1,28
9:18:04,2308,2307.6,2307.8,3,32,1
9:18:04,2308,2307.6,2308,2,34,26
9:18:05,2307.6,2307.6,2308,18,16,28
9:18:06,2307.6,2307.6,2308,3,19,28
9:18:06,2307.6,2307.6,2308,1,18,34
9:18:07,2308,2307.6,2308,1,18,33
9:18:08,2307.6,2307.6,2307.8,1,20,9
9:18:09,2307.8,2307.6,2307.8,1,21,16
9:18:09,2307.8,2307.6,2307.8,5,19,16
9:18:10,2307.6,2307.6,2307.8,8,13,14
9:18:10,2307.8,2307.6,2307.8,8,8,13
9:18:11,2307.8,2307.6,2307.8,3,7,12
9:18:11,2307.6,2307.4,2307.6,10,64,6
9:18:12,2307.6,2307.4,2307.6,12,52,4
9:18:12,2307.6,2307.6,2307.8,4,1,17
9:18:13,2307.6,2307.4,2307.8,1,52,18
9:18:13,2307.6,2307.4,2307.8,6,52,13
9:18:14,2307.6,2307.6,2307.8,1,2,16
9:18:15,2307.4,2307.4,2307.8,6,48,17
9:18:16,2307.6,2307.4,2307.8,4,47,17
9:18:16,2307.4,2307.4,2307.8,2,45,18
9:18:17,2307.4,2307.4,2307.6,4,42,2
9:18:18,2307.4,2307.4,2307.6,6,36,2
9:18:18,2307.8,2307.4,2307.8,4,36,15
9:18:19,2307.4,2307.4,2307.8,4,32,17
9:18:19,2307.4,2307.6,2307.8,3,13,18
9:18:21,2307.6,2307.6,2307.8,5,8,18
9:18:21,2307.6,2307.6,2307.8,2,7,17
9:18:22,2307.6,2307.6,2307.8,1,6,17
9:18:23,2307.6,2307.6,2307.8,5,5,15
9:18:23,2307.8,2307.6,2307.8,1,5,14
9:18:24,2307.6,2307.4,2307.6,7,35,1
9:18:24,2307.8,2307.6,2307.8,7,1,12
9:18:25,2307.6,2307.6,2307.8,2,4,15
9:18:25,2307.6,2307.6,2307.8,3,1,14
9:18:26,2307.6,2307.4,2307.6,2,36,5
9:18:26,2307.6,2307.4,2307.6,3,36,3
9:18:27,2307.6,2307.4,2307.6,2,37,9
9:18:28,2307.6,2307.4,2307.6,4,34,12
9:18:28,2307.6,2307.4,2307.6,10,33,4
9:18:29,2307.6,2307.4,2307.6,5,31,2
9:18:29,2307.6,2307.6,2307.8,4,6,27
9:18:30,2307.6,2307.6,2307.8,1,5,27
9:18:31,2307.6,2307.6,2307.8,1,5,28
9:18:31,2307.8,2307.6,2307.8,3,4,26
9:18:33,2307.6,2307.6,2307.8,1,6,31
9:18:33,2307.8,2307.6,2307.8,4,4,29
9:18:34,2307.8,2307.6,2307.8,1,7,28
9:18:35,2307.6,2307.6,2307.8,2,9,28
9:18:36,2307.6,2307.6,2307.8,1,12,28
9:18:36,2307.8,2307.6,2307.8,20,12,9
9:18:37,2307.8,2307.6,2307.8,3,11,6
9:18:38,2307.6,2307.6,2307.8,6,10,1
9:18:38,2307.6,2307.6,2307.8,1,9,1
9:18:39,2307.6,2307.6,2308,4,7,84
9:18:39,2307.8,2307.6,2308,3,7,86
9:18:40,2308,2307.4,2308,12,47,84
9:18:40,2308,2307.4,2308,1,47,83
9:18:41,2308,2307.6,2307.8,4,1,5
9:18:41,2307.8,2307.6,2307.8,5,1,3
9:18:42,2307.6,2307.6,2307.8,1,5,10
9:18:42,2307.6,2307.4,2307.6,9,49,9
9:18:43,2307.6,2307.4,2307.6,2,50,7
9:18:43,2307.6,2307.4,2307.6,1,50,6
9:18:44,2307.6,2307.4,2307.6,1,50,5
9:18:44,2307.6,2307.4,2307.6,2,50,5
9:18:45,2307.6,2307.4,2307.6,3,51,8
9:18:46,2307.4,2307.4,2307.6,3,51,7
9:18:46,2307.6,2307.4,2307.6,1,52,6
9:18:47,2307.6,2307.4,2307.6,7,52,1
9:18:48,2307.6,2307.4,2307.6,1,52,2
9:18:48,2307.6,2307.4,2307.6,2,51,7
9:18:49,2307.6,2307.4,2307.6,1,51,6
9:18:49,2307.4,2307.4,2307.6,3,49,6
9:18:50,2307.6,2307.4,2307.6,2,49,4
9:18:50,2307.6,2307.4,2307.6,5,43,2
9:18:51,2307.4,2307.4,2307.6,1,42,2
9:18:51,2307.4,2307.4,2307.6,3,39,2
9:18:52,2307.6,2307.4,2307.6,28,12,5
9:18:52,2307.6,2307.4,2307.6,4,12,7
9:18:53,2307.4,2307.4,2307.6,1,12,11
9:18:54,2307.6,2307.4,2307.6,1,13,14
9:18:55,2307.4,2307.4,2307.6,1,12,15
9:18:56,2307.6,2307.4,2307.6,2,14,11
9:18:56,2307.4,2307.4,2307.6,4,15,11
9:18:57,2307.6,2307.6,2307.8,15,9,13
9:18:57,2307.6,2307.4,2307.8,13,9,13
9:18:58,2307.4,2307.6,2307.8,1,2,13
9:18:58,2307.8,2307.6,2307.8,1,3,12
9:18:59,2307.8,2307.8,2308,12,13,91
9:19:00,2307.8,2307.8,2308,1,12,91
9:19:00,2308,2307.8,2308,1,12,90
9:19:01,2307.8,2307.8,2308,10,9,83
9:19:01,2307.8,2307.6,2307.8,9,4,7
9:19:02,2308,2307.6,2308,28,6,62
9:19:02,2307.8,2307.6,2307.8,1,6,2
9:19:03,2307.8,2307.6,2307.8,1,14,1
9:19:04,2307.8,2307.6,2307.8,1,14,3
9:19:04,2307.8,2307.6,2307.8,1,15,3
9:19:05,2307.8,2307.6,2307.8,2,16,3
9:19:05,2307.8,2307.6,2308,3,17,62
9:19:06,2308,2307.8,2308,4,1,59
9:19:06,2307.8,2307.6,2308,2,27,59
9:19:07,2308,2307.8,2308,3,4,58
9:19:08,2307.8,2307.8,2308,4,5,59
9:19:08,2307.8,2307.8,2308,2,3,60
9:19:09,2308,2307.8,2308,1,3,59
9:19:09,2308,2307.8,2308,5,3,54
9:19:11,2308,2307.8,2308,9,8,53
9:19:11,2308,2307.8,2308,1,8,53
9:19:12,2308,2307.8,2308,2,9,51
9:19:13,2307.8,2307.8,2308,1,11,51
9:19:13,2308,2307.8,2308,2,12,49
9:19:14,2308,2307.8,2308,22,6,33
9:19:14,2308,2307.8,2308,27,16,7
9:19:15,2308,2308,2308.2,36,25,13
9:19:16,2308.2,2308,2308.4,12,37,36
9:19:16,2308.4,2308.2,2308.4,2,1,34
9:19:17,2308.2,2308.2,2308.4,3,4,32
9:19:17,2308.4,2308.2,2308.4,7,1,27
9:19:18,2308.2,2308,2308.4,6,39,24
9:19:18,2308.4,2308,2308.4,1,39,24
9:19:19,2308.4,2308.2,2308.4,2,1,24
9:19:19,2308.2,2308,2308.4,12,39,15
9:19:20,2308.4,2308,2308.2,3,40,1
9:19:20,2308,2308,2308.4,5,37,12
9:19:22,2308.4,2308.4,2308.6,13,1,75
9:19:22,2308.6,2308.2,2308.6,5,4,79
9:19:23,2308.2,2308.2,2308.6,2,3,87
9:19:23,2308.6,2308.2,2308.4,1,8,1
9:19:24,2308.6,2308.2,2308.6,8,9,83
9:19:24,2308.2,2308.2,2308.6,7,5,82
9:19:25,2308.6,2308.2,2308.6,33,27,49
9:19:25,2308.6,2308.2,2308.6,6,27,46
9:19:26,2308.6,2308.2,2308.6,6,27,42
9:19:26,2308.2,2308.2,2308.6,1,26,45
9:19:27,2308.6,2308.2,2308.6,4,28,41
9:19:27,2308.6,2308.2,2308.6,2,30,40
9:19:28,2308.6,2308.2,2308.4,4,32,63
9:19:28,2308.4,2308.2,2308.4,5,31,59
9:19:29,2308.2,2308.2,2308.4,46,27,25
9:19:29,2308.4,2308.2,2308.4,11,27,20
9:19:30,2308.4,2308.2,2308.4,4,28,22
9:19:30,2308.2,2308.2,2308.4,1,31,22
9:19:31,2308.4,2308.2,2308.4,8,30,15
9:19:31,2308.4,2308.2,2308.4,10,24,12
9:19:32,2308.4,2308.2,2308.4,10,22,5
9:19:32,2308.2,2308.2,2308.4,4,19,6
9:19:33,2308.4,2308.2,2308.4,5,16,10
9:19:33,2308.4,2308.2,2308.4,6,16,6
9:19:34,2308.4,2308.2,2308.4,15,2,8
9:19:34,2308.4,2308.2,2308.4,11,16,1
9:19:35,2308.4,2308.2,2308.6,2,20,36
9:19:35,2308.6,2308.2,2308.6,9,20,27
9:19:36,2308.4,2308.4,2308.6,3,8,26
9:19:36,2308.6,2308.4,2308.6,5,11,21
9:19:37,2308.6,2308.4,2308.6,18,24,7
9:19:37,2308.6,2308.4,2308.8,13,27,151
9:19:38,2308.4,2308.6,2308.8,7,1,151
9:19:38,2308.6,2308.4,2308.6,5,27,6
9:19:39,2308.6,2308.4,2308.6,4,27,16
9:19:39,2308.6,2308.4,2308.6,5,27,22
9:19:40,2308.6,2308.4,2308.6,9,18,28
9:19:40,2308.4,2308.4,2308.6,9,10,27
9:19:41,2308.4,2308.4,2308.6,6,9,84
9:19:41,2308.4,2308.2,2308.4,9,30,6
9:19:42,2308.2,2308,2308.2,33,29,1
9:19:42,2308.2,2308.2,2308.4,28,1,15
9:19:43,2308.2,2308,2308.4,3,21,14
9:19:43,2308.4,2308.2,2308.4,4,1,29
9:19:44,2308.2,2308.2,2308.4,1,4,32
9:19:45,2308.4,2308.2,2308.4,2,6,30
9:19:45,2308.4,2308.2,2308.4,4,8,27
9:19:46,2308.4,2308.2,2308.4,11,13,17
9:19:46,2308.4,2308.2,2308.4,1,14,18
9:19:47,2308.2,2308.2,2308.4,1,21,18
9:19:47,2308.2,2308.2,2308.4,9,12,18
9:19:48,2308.4,2308.2,2308.4,3,13,15
9:19:48,2308.4,2308.2,2308.4,3,11,14
9:19:49,2308.2,2308.2,2308.4,1,12,14
9:19:50,2308.4,2308.2,2308.4,20,3,15
9:19:50,2308.2,2308,2308.2,6,25,1
9:19:51,2308.2,2308.2,2308.4,9,3,21
9:19:51,2308.4,2308.2,2308.4,1,9,20
9:19:52,2308.4,2308.2,2308.4,5,9,20
9:19:52,2308.2,2308.2,2308.4,3,8,20
9:19:53,2308.4,2308.2,2308.4,3,7,18
9:19:53,2308.4,2308.2,2308.4,2,8,23
9:19:54,2308.4,2308.2,2308.4,6,12,22
9:19:54,2308.4,2308.2,2308.4,8,6,22
9:19:55,2308.4,2308.2,2308.4,10,5,13
9:19:55,2308.2,2308,2308.4,6,20,15
9:19:56,2308,2308,2308.4,3,22,16
9:19:57,2308.4,2308,2308.4,1,24,27
9:19:57,2308,2308,2308.4,1,24,36
9:19:58,2307.8,2307.8,2308,27,13,7
9:19:58,2307.8,2307.8,2308,11,3,7
9:19:59,2308,2307.8,2308,5,2,3
9:19:59,2307.8,2307.6,2307.8,5,33,35
9:20:00,2307.6,2307.6,2307.8,1,32,36
9:20:00,2307.8,2307.6,2307.8,11,33,32
9:20:01,2307.8,2307.6,2307.8,24,10,31
9:20:02,2307.4,2307.4,2307.6,16,59,32
9:20:02,2307.6,2307.6,2307.8,50,2,29
9:20:03,2307.4,2307.4,2307.6,3,44,11
9:20:03,2307.4,2307.4,2307.6,5,52,12
9:20:04,2307.4,2307.4,2307.6,8,46,16
9:20:04,2307.6,2307.4,2307.6,5,46,7
9:20:05,2307.4,2307.4,2307.6,6,44,8
9:20:05,2307.6,2307.4,2307.6,6,44,16
9:20:06,2307.4,2307.4,2307.6,4,43,15
9:20:06,2307.4,2307.4,2307.6,4,40,14
9:20:07,2307.4,2307.4,2307.6,1,39,16
9:20:07,2307.4,2307.4,2307.6,20,23,14
9:20:08,2307.6,2307.4,2307.6,2,23,15
9:20:08,2307.4,2307.4,2307.6,2,22,17
9:20:09,2307.4,2307.4,2307.6,14,14,16
9:20:10,2307.4,2307.4,2307.6,10,5,18
9:20:10,2307.4,2307.2,2307.6,5,52,18
9:20:11,2307.6,2307.2,2307.6,2,51,16
9:20:12,2307.6,2307.2,2307.6,3,52,15
9:20:12,2307.4,2307.4,2307.6,3,2,13
9:20:13,2307.6,2307.2,2307.6,13,44,12
9:20:14,2307.2,2307.2,2307.4,4,42,8
9:20:14,2307.2,2307.2,2307.4,13,32,6
9:20:15,2307.2,2307.2,2307.4,6,27,5
9:20:15,2307.2,2307.2,2307.4,6,25,3
9:20:16,2307.2,2307.2,2307.4,2,23,3
9:20:16,2307.4,2307.2,2307.4,4,21,2
9:20:17,2307.2,2307.2,2307.4,3,21,1
9:20:17,2307.4,2307.4,2307.6,6,1,12
9:20:18,2307.4,2307.2,2307.6,7,12,12
9:20:18,2307.2,2307.2,2307.4,4,9,2
9:20:19,2307.2,2307.2,2307.4,2,7,2
9:20:20,2307.2,2307.2,2307.4,1,10,7
9:20:20,2307.2,2307.2,2307.4,4,12,10
9:20:21,2307.2,2307,2307.4,12,75,12
9:20:21,2307,2307,2307.2,1,75,4
9:20:22,2307.2,2307.2,2307.4,7,26,14
9:20:22,2307.2,2307.2,2307.4,17,10,16
9:20:23,2307.2,2307.2,2307.4,7,4,15
9:20:23,2307.2,2307.2,2307.4,3,3,13
9:20:24,2307.2,2307.2,2307.4,3,3,13
9:20:24,2307.4,2307.2,2307.4,4,3,11
9:20:25,2307.2,2307,2307.2,5,80,2
9:20:26,2307.2,2307,2307.2,1,80,5
9:20:26,2307.2,2307,2307.2,2,80,4
9:20:27,2307,2307,2307.2,11,73,3
9:20:28,2307,2307,2307.2,5,68,5
9:20:29,2307,2307,2307.2,9,62,13
9:20:29,2307.2,2307,2307.2,7,61,9
9:20:30,2307,2307,2307.2,10,51,10
9:20:30,2307.2,2307,2307.2,3,52,9
9:20:31,2307,2307,2307.2,11,41,11
9:20:31,2307,2307,2307.2,4,38,14
9:20:32,2307.2,2307,2307.2,4,36,12
9:20:32,2307,2307,2307.2,2,35,12
9:20:33,2307,2307,2307.2,1,34,12
9:20:33,2307,2307,2307.2,1,32,12
9:20:34,2307,2307,2307.2,5,27,13
9:20:34,2307,2307,2307.2,10,17,15
9:20:35,2307,2307,2307.2,16,9,14
9:20:35,2307,2307,2307.2,13,21,7
9:20:36,2307,2307,2307.2,7,15,9
9:20:36,2307,2307,2307.2,2,17,9
9:20:37,2307.2,2307,2307.2,4,14,12
9:20:37,2307,2306.8,2307,16,32,33
9:20:38,2306.8,2306.8,2307,10,32,27
9:20:38,2306.8,2306.8,2307,4,31,29
9:20:39,2307,2306.8,2307,6,31,24
9:20:39,2306.8,2306.8,2307,4,29,34
9:20:40,2306.8,2306.8,2307,6,29,34
9:20:40,2306.8,2306.8,2307,4,26,36
9:20:41,2306.8,2306.8,2307,3,27,36
9:20:41,2307,2306.8,2307,6,26,35
9:20:42,2306.8,2306.8,2307,2,25,36
9:20:42,2306.8,2306.8,2307,2,24,36
9:20:43,2306.8,2306.8,2307,1,24,37
9:20:44,2306.8,2306.8,2307,10,22,28
9:20:45,2306.8,2306.8,2307,13,11,29
9:20:45,2307,2306.8,2307,1,11,28
9:20:46,2306.8,2306.8,2307,3,11,59
9:20:46,2307,2306.8,2307,7,34,55
9:20:47,2306.8,2306.8,2307,9,26,55
9:20:47,2306.8,2306.8,2307,1,29,55
9:20:48,2306.8,2306.8,2307,8,25,56
9:20:49,2306.8,2306.8,2307,4,22,55
9:20:49,2306.8,2306.8,2307,2,20,55
9:20:50,2306.8,2306.8,2307,4,17,54
9:20:50,2306.8,2306.8,2307,6,12,54
9:20:51,2307,2306.8,2307,6,11,52
9:20:51,2306.8,2306.8,2307,3,10,51
9:20:52,2306.8,2306.8,2307,6,6,51
9:20:53,2306.8,2306.8,2307,1,9,58
9:20:54,2307,2306.8,2307,1,10,57
9:20:54,2306.8,2306.8,2307,1,14,59
9:20:55,2307,2306.8,2307,1,20,58
9:20:55,2307,2306.8,2307,5,22,54
9:20:56,2306.8,2306.8,2307,1,21,62
9:20:56,2306.8,2306.8,2307,1,27,53
9:20:57,2306.8,2306.8,2307,3,28,52
9:20:57,2307,2306.8,2307,5,27,50
9:20:58,2306.8,2306.8,2307,5,24,50
9:20:58,2307,2306.8,2307,2,36,48
9:20:59,2307,2306.8,2307,2,33,49
9:21:00,2307,2306.8,2307,3,35,55
9:21:00,2307,2306.8,2307,20,29,43
9:21:01,2306.8,2306.8,2307,6,26,42
9:21:01,2307,2306.8,2307,9,23,41
9:21:02,2306.8,2306.8,2307,7,20,39
9:21:02,2306.6,2306.8,2307,27,1,33
9:21:03,2306.6,2306.6,2306.8,3,73,2
9:21:03,2306.8,2306.8,2307,42,15,30
9:21:04,2306.8,2306.8,2307,19,2,26
9:21:04,2306.8,2306.8,2307,5,10,27
9:21:05,2306.8,2306.8,2307,1,59,27
9:21:05,2306.8,2306.8,2307,10,56,24
9:21:06,2307,2306.8,2307,18,47,15
9:21:06,2307,2306.8,2307,5,47,12
9:21:07,2307,2306.8,2307,6,61,18
9:21:07,2307,2306.8,2307,2,61,16
9:21:08,2307,2306.8,2307,16,61,2
9:21:08,2307,2307,2307.2,10,8,16
9:21:09,2307,2307,2307.2,2,9,33
9:21:10,2307.2,2307,2307.2,3,16,30
9:21:10,2307,2306.8,2307,56,28,8
9:21:11,2306.8,2306.8,2307,2,28,9
9:21:11,2307,2306.8,2307,5,29,21
9:21:12,2306.8,2306.8,2307,1,29,22
9:21:12,2307,2306.8,2307,18,29,5
9:21:13,2307,2306.8,2307,2,29,3
9:21:13,2307,2306.8,2307.2,5,27,23
9:21:14,2307,2307,2307.2,1,1,23
9:21:14,2307,2307,2307.2,2,2,21
9:21:15,2307,2307,2307.2,1,3,21
9:21:15,2307.2,2307,2307.2,4,2,18
9:21:16,2307,2306.8,2307,2,43,3
9:21:16,2306.8,2306.8,2307,2,42,3
9:21:17,2307,2306.8,2307,3,49,1
9:21:18,2307,2307,2307.2,6,8,19
9:21:19,2307,2307,2307.2,2,11,20
9:21:19,2307,2307,2307.2,9,5,18
9:21:20,2307,2307,2307.2,1,5,18
9:21:20,2307,2307,2307.2,8,7,11
9:21:21,2307.2,2307,2307.2,2,12,9
9:21:22,2307.2,2307,2307.2,1,13,8
9:21:22,2307.2,2307,2307.2,12,9,2
9:21:23,2307,2306.8,2307,25,47,25
9:21:24,2307,2306.8,2307,12,38,22
9:21:24,2307,2306.8,2307,1,39,21
9:21:25,2307,2307,2307.2,22,15,6
9:21:25,2307.2,2307,2307.2,5,13,5
9:21:26,2307,2307,2307.2,2,12,5
9:21:26,2307,2307,2307.2,1,15,7
9:21:27,2307.2,2307.2,2307.4,10,4,12
9:21:27,2307.2,2307,2307.2,4,16,2
9:21:28,2307.2,2307,2307.2,2,18,1
9:21:29,2307.2,2307,2307.2,4,23,7
9:21:29,2307.2,2307,2307.2,5,19,6
9:21:30,2307,2306.8,2307,23,45,90
9:21:30,2307,2306.8,2307,16,32,89
9:21:31,2306.8,2306.8,2307,27,12,81
9:21:31,2306.8,2306.8,2307,13,7,75
9:21:32,2307,2306.8,2307,15,14,60
9:21:32,2307,2306.8,2307,1,15,59
9:21:33,2307,2306.8,2307,7,15,52
9:21:33,2306.8,2306.8,2307,4,21,52
9:21:34,2306.8,2306.8,2307,4,8,53
9:21:34,2306.8,2306.8,2307,19,1,42
9:21:35,2306.8,2306.6,2306.8,2,108,3
9:21:36,2306.8,2306.8,2307,9,3,41
9:21:36,2306.8,2306.8,2307,3,4,41
9:21:37,2307,2306.8,2307,3,4,38
9:21:38,2306.8,2306.6,2307,4,110,40
9:21:39,2306.6,2306.6,2306.8,6,110,1
9:21:39,2306.8,2306.6,2306.8,6,105,1
9:21:40,2306.6,2306.6,2307,2,104,38
9:21:40,2306.6,2306.6,2306.8,3,101,1
9:21:41,2306.8,2306.6,2306.8,1,114,1
9:21:41,2306.8,2306.8,2307,11,14,39
9:21:42,2306.8,2306.8,2307,11,5,39
9:21:42,2306.8,2306.8,2307,4,3,40
9:21:43,2307,2306.6,2307,9,105,40
9:21:44,2307,2306.6,2307,3,105,38
9:21:45,2307,2306.6,2307,12,95,37
9:21:47,2306.8,2306.6,2306.8,1,96,1
9:21:47,2307,2306.8,2307,4,1,36
9:21:48,2307,2306.8,2307,1,1,35
9:21:49,2306.6,2306.6,2307,6,98,36
9:21:49,2306.6,2306.6,2307,1,98,36
9:21:50,2307,2306.6,2307,4,107,32
9:21:50,2307,2306.6,2307,2,106,31
9:21:51,2306.6,2306.6,2307,13,95,23
9:21:52,2306.8,2306.6,2307,2,95,25
9:21:53,2307,2306.8,2307,12,1,18
9:21:53,2306.6,2306.6,2307,4,87,19
9:21:54,2307,2306.8,2307,3,3,14
9:21:54,2306.8,2306.8,2307,2,2,14
9:21:55,2307,2306.8,2307,4,14,11
9:21:55,2306.8,2306.8,2307,3,11,11
9:21:56,2307,2306.8,2307,1,14,11
9:21:56,2306.8,2306.8,2307,7,8,12
9:21:57,2307,2306.8,2307,5,5,10
9:21:58,2307,2306.8,2307,1,7,13
9:21:58,2307,2306.8,2307,5,6,10
9:21:59,2306.8,2306.8,2307,1,7,11
9:22:00,2306.8,2306.8,2307,2,8,10
9:22:00,2306.8,2306.8,2307,9,4,13
9:22:01,2306.6,2306.6,2307,10,90,9
9:22:01,2307,2306.8,2307,8,2,11
9:22:02,2307,2306.8,2307,6,8,10
9:22:02,2306.8,2306.8,2307,2,6,10
9:22:03,2306.8,2306.8,2307,1,5,8
9:22:03,2306.8,2306.6,2306.8,13,101,88
9:22:04,2306.6,2306.6,2306.8,25,78,92
9:22:04,2306.6,2306.6,2306.8,7,72,91
9:22:05,2306.6,2306.6,2306.8,52,20,92
9:22:05,2306.6,2306.4,2306.6,48,47,5
9:22:06,2306.6,2306.4,2306.6,19,34,11
9:22:07,2306.4,2306.4,2306.6,9,25,11
9:22:07,2306.4,2306.2,2306.4,25,73,4
9:22:08,2306.2,2306.2,2306.4,11,64,5
9:22:08,2306.2,2306.2,2306.4,2,62,5
9:22:09,2306.4,2306.2,2306.4,4,61,6
9:22:09,2306.4,2306.2,2306.4,2,60,6
9:22:10,2306.2,2306.2,2306.4,8,58,3
9:22:10,2306.2,2306.2,2306.4,1,58,3
9:22:11,2306.2,2306.2,2306.6,17,48,16
9:22:11,2306.2,2306.4,2306.6,2,1,17
9:22:12,2306.2,2306.4,2306.6,1,6,17
9:22:12,2306.4,2306.4,2306.6,2,29,17
9:22:13,2306.4,2306.4,2306.6,8,25,14
9:22:13,2306.4,2306.4,2306.6,6,19,14
9:22:14,2306.4,2306.4,2306.6,2,21,14
9:22:14,2306.4,2306.4,2306.6,3,18,13
9:22:15,2306.6,2306.4,2306.6,3,19,11
9:22:16,2306.4,2306.4,2306.6,1,21,13
9:22:16,2306.6,2306.4,2306.6,1,22,12
9:22:17,2306.6,2306.4,2306.6,12,23,4
9:22:17,2306.4,2306.4,2306.6,2,27,16
9:22:18,2306.4,2306.4,2306.6,1,26,16
9:22:18,2306.6,2306.4,2306.6,1,27,19
9:22:19,2306.4,2306.4,2306.6,3,27,18
9:22:19,2306.6,2306.4,2306.6,20,9,16
9:22:20,2306.4,2306.4,2306.6,4,7,15
9:22:20,2306.4,2306.2,2306.6,10,95,14
9:22:21,2306.4,2306.4,2306.6,4,9,18
9:22:22,2306.6,2306.4,2306.6,5,11,17
9:22:22,2306.6,2306.4,2306.6,4,21,14
9:22:23,2306.6,2306.4,2306.6,1,21,15
9:22:24,2306.6,2306.4,2306.6,4,23,8
9:22:24,2306.4,2306.2,2306.4,23,104,3
9:22:25,2306.2,2306.2,2306.4,2,115,9
9:22:25,2306.4,2306.2,2306.4,2,114,7
9:22:26,2306.6,2306.4,2306.6,8,6,9
9:22:27,2306.4,2306.4,2306.6,1,33,12
9:22:27,2306.4,2306.4,2306.6,3,37,19
9:22:28,2306.6,2306.4,2306.6,1,51,15
9:22:29,2306.6,2306.4,2306.6,1,52,11
9:22:29,2306.6,2306.4,2306.6,2,53,9
9:22:30,2306.6,2306.6,2306.8,10,18,93
9:22:30,2306.6,2306.6,2306.8,9,11,92
9:22:31,2306.8,2306.6,2306.8,1,12,93
9:22:32,2306.8,2306.6,2306.8,2,13,91
9:22:32,2306.6,2306.6,2306.8,6,10,88
9:22:33,2306.6,2306.6,2306.8,1,11,88
9:22:33,2306.6,2306.6,2306.8,1,11,88
9:22:34,2306.8,2306.6,2306.8,1,16,87
9:22:35,2306.6,2306.6,2306.8,5,12,87
9:22:36,2306.6,2306.6,2306.8,4,15,85
9:22:37,2306.6,2306.6,2306.8,7,9,85
9:22:39,2306.8,2306.6,2306.8,1,13,86
9:22:40,2306.8,2306.6,2306.8,3,11,85
9:22:41,2306.8,2306.6,2306.8,2,10,84
9:22:41,2306.6,2306.6,2306.8,1,13,84
9:22:42,2306.8,2306.6,2306.8,2,12,83
9:22:42,2306.8,2306.4,2306.8,14,35,82
9:22:44,2306.4,2306.4,2306.6,2,34,6
9:22:44,2306.6,2306.4,2306.6,2,34,5
9:22:46,2306.6,2306.4,2306.6,1,34,12
9:22:46,2306.6,2306.4,2306.6,1,37,14
9:22:47,2306.6,2306.4,2306.6,2,37,21
9:22:47,2306.6,2306.4,2306.6,1,37,21
9:22:49,2306.6,2306.4,2306.6,4,42,19
9:22:49,2306.6,2306.4,2306.6,1,42,18
9:22:50,2306.6,2306.4,2306.6,1,42,17
9:22:51,2306.6,2306.4,2306.6,1,42,16
9:22:51,2306.6,2306.4,2306.6,8,41,9
9:22:52,2306.4,2306.4,2306.6,2,42,9
9:22:53,2306.6,2306.4,2306.6,1,46,8
9:22:54,2306.4,2306.4,2306.6,5,45,4
9:22:55,2306.6,2306.4,2306.6,2,45,2
9:22:55,2306.6,2306.6,2306.8,4,1,87
9:22:56,2306.6,2306.4,2306.8,1,42,87
9:22:56,2306.6,2306.6,2306.8,2,1,86
9:22:57,2306.6,2306.4,2306.6,1,42,2
9:22:57,2306.4,2306.6,2306.8,3,2,87
9:22:58,2306.4,2306.4,2306.6,7,34,5
9:22:58,2306.6,2306.4,2306.6,3,34,3
9:22:59,2306.6,2306.4,2306.6,1,34,8
9:23:00,2306.6,2306.4,2306.8,11,33,86
9:23:00,2306.8,2306.6,2306.8,4,2,84
9:23:01,2306.6,2306.4,2306.8,2,35,86
9:23:01,2306.6,2306.4,2306.6,2,36,2
9:23:02,2306.6,2306.4,2306.6,1,39,1
9:23:03,2306.4,2306.6,2306.8,3,6,87
9:23:04,2306.8,2306.6,2306.8,2,6,86
9:23:04,2306.6,2306.6,2306.8,2,6,87
9:23:05,2306.6,2306.6,2306.8,6,1,87
9:23:05,2306.8,2306.6,2306.8,1,2,86
9:23:06,2306.6,2306.4,2306.8,2,46,86
9:23:06,2306.8,2306.4,2306.8,2,46,84
9:23:07,2306.8,2306.6,2306.8,7,1,78
9:23:08,2306.8,2306.6,2306.8,1,3,77
9:23:09,2306.8,2306.6,2306.8,2,8,75
9:23:09,2306.8,2306.6,2306.8,2,21,72
9:23:10,2306.8,2306.6,2306.8,12,42,60
9:23:10,2306.8,2306.6,2306.8,28,43,32
9:23:11,2306.8,2306.6,2306.8,13,40,18
9:23:11,2306.8,2306.6,2306.8,7,40,11
9:23:12,2306.8,2306.6,2306.8,4,44,7
9:23:12,2306.8,2306.8,2307,9,31,41
9:23:13,2307,2306.8,2307,8,35,33
9:23:14,2307,2306.8,2307,16,39,16
9:23:15,2307,2307,2307.2,48,16,1
9:23:16,2307.2,2307,2307.2,2,19,2
9:23:16,2307.2,2307,2307.2,1,21,1
9:23:17,2307.2,2307.2,2307.4,1,3,8
9:23:17,2307.4,2307.2,2307.4,5,2,5
9:23:18,2307.4,2307.2,2307.4,5,2,12
9:23:18,2307.4,2307.2,2307.4,3,3,9
9:23:19,2307.4,2307.2,2307.4,3,3,7
9:23:19,2307.4,2307.2,2307.4,6,2,3
9:23:20,2307.4,2307.2,2307.4,2,2,2
9:23:20,2307.6,2307.4,2307.6,4,8,19
9:23:21,2307.4,2307.4,2307.6,1,8,19
9:23:21,2307.6,2307.2,2307.4,21,4,1
9:23:22,2307.4,2307.2,2307.4,3,4,10
9:23:22,2307.4,2307.2,2307.4,10,4,2
9:23:23,2307.2,2307,2307.4,6,26,1
9:23:23,2307.6,2307,2307.6,3,26,12
9:23:24,2307.4,2307.4,2307.6,4,4,9
9:23:24,2307.4,2307.2,2307.4,10,1,2
9:23:25,2307.4,2307.4,2307.6,6,1,5
9:23:26,2307.6,2307.4,2307.6,1,5,9
9:23:26,2307.6,2307.4,2307.6,9,1,6
9:23:27,2307.6,2307.4,2307.6,4,1,3
9:23:27,2307.6,2307.4,2307.8,5,3,54
9:23:28,2307.8,2307.4,2307.6,3,5,7
9:23:29,2307.6,2307.6,2307.8,9,10,54
9:23:29,2307.6,2307.6,2307.8,14,2,49
9:23:30,2307.8,2307.6,2307.8,4,1,47
9:23:30,2307.8,2307.4,2307.8,8,8,40
9:23:31,2307.8,2307.4,2307.8,5,10,37
9:23:31,2307.8,2307.6,2307.8,7,3,36
9:23:32,2307.6,2307.6,2307.8,16,1,22
9:23:32,2307.8,2307.4,2307.6,10,15,1
9:23:33,2307.8,2307.6,2307.8,14,2,8
9:23:33,2307.6,2307.4,2307.8,2,15,10
9:23:34,2307.8,2307.4,2307.8,6,18,11
9:23:34,2307.8,2307.6,2307.8,2,13,12
9:23:35,2307.8,2307.6,2307.8,3,13,10
9:23:35,2307.6,2307.6,2307.8,1,13,10
9:23:36,2307.6,2307.6,2308,19,7,111
9:23:36,2307.8,2307.6,2307.8,3,6,2
9:23:37,2307.6,2307.6,2307.8,3,5,2
9:23:37,2307.8,2307.6,2307.8,5,10,1
9:23:38,2308,2307.6,2307.8,9,12,10
9:23:38,2307.8,2307.6,2307.8,4,15,11
9:23:39,2307.8,2307.6,2307.8,3,15,46
9:23:39,2307.6,2307.6,2307.8,26,2,37
9:23:40,2307.6,2307.4,2307.6,8,28,1
9:23:40,2307.8,2307.6,2307.8,5,1,35
9:23:41,2307.6,2307.4,2307.6,15,31,6
9:23:41,2307.4,2307.4,2307.6,3,28,6
9:23:42,2307.6,2307.4,2307.6,3,28,4
9:23:43,2307.6,2307.4,2307.8,4,30,62
9:23:43,2307.8,2307.4,2307.6,5,27,1
9:23:44,2307.6,2307.4,2307.8,1,25,63
9:23:44,2307.8,2307.6,2307.8,3,10,72
9:23:45,2307.8,2307.6,2307.8,1,11,73
9:23:46,2307.8,2307.6,2307.8,1,12,62
9:23:47,2307.8,2307.6,2307.8,3,13,60
9:23:47,2307.8,2307.6,2307.8,5,15,55
9:23:48,2307.8,2307.6,2307.8,1,16,54
9:23:48,2307.6,2307.6,2307.8,1,16,52
9:23:49,2307.8,2307.6,2307.8,1,19,51
9:23:49,2307.6,2307.6,2307.8,1,18,51
9:23:51,2307.6,2307.6,2307.8,1,20,52
9:23:52,2307.8,2307.6,2307.8,19,22,33
9:23:52,2307.8,2307.6,2307.8,1,26,32
9:23:53,2307.6,2307.6,2307.8,2,26,33
9:23:54,2307.6,2307.6,2307.8,1,25,35
9:23:54,2307.8,2307.6,2307.8,7,25,29
9:23:57,2307.6,2307.6,2307.8,4,24,45
9:23:57,2307.8,2307.6,2307.8,3,23,42
9:23:58,2307.8,2307.6,2307.8,6,24,37
9:23:58,2307.6,2307.6,2307.8,5,21,35
9:24:00,2307.8,2307.6,2307.8,3,19,35
9:24:00,2307.8,2307.6,2307.8,4,19,33
9:24:01,2307.8,2307.6,2307.8,1,19,35
9:24:02,2307.8,2307.6,2307.8,2,22,33
9:24:02,2307.8,2307.6,2307.8,3,22,30
9:24:04,2307.6,2307.6,2307.8,3,20,35
9:24:05,2307.8,2307.6,2307.8,1,21,37
9:24:05,2307.8,2307.6,2307.8,3,21,34
9:24:06,2307.8,2307.6,2307.8,7,17,32
9:24:06,2307.8,2307.6,2307.8,1,17,31
9:24:08,2307.6,2307.4,2307.6,22,45,4
9:24:08,2307.6,2307.4,2307.6,4,45,1
9:24:09,2307.8,2307.4,2307.8,4,45,64
9:24:10,2307.6,2307.4,2307.6,6,42,14
9:24:11,2307.6,2307.4,2307.6,1,42,13
9:24:11,2307.6,2307.4,2307.6,6,42,7
9:24:12,2307.6,2307.6,2307.8,7,9,72
9:24:13,2307.6,2307.6,2307.8,3,7,72
9:24:13,2307.6,2307.6,2307.8,1,6,72
9:24:14,2307.6,2307.6,2307.8,7,4,72
9:24:14,2307.6,2307.6,2307.8,6,3,67
9:24:15,2307.6,2307.4,2307.6,3,45,1
9:24:15,2307.8,2307.4,2307.8,4,45,80
9:24:16,2307.8,2307.6,2307.8,1,1,80
9:24:16,2307.6,2307.4,2307.8,1,51,81
9:24:18,2307.4,2307.4,2307.6,4,52,7
9:24:19,2307.4,2307.4,2307.6,4,51,4
9:24:19,2307.4,2307.4,2307.6,1,50,5
9:24:20,2307.4,2307.4,2307.6,1,46,5
9:24:21,2307.6,2307.4,2307.6,3,45,8
9:24:21,2307.4,2307.4,2307.6,2,44,7
9:24:22,2307.4,2307.4,2307.6,4,41,6
9:24:22,2307.6,2307.4,2307.6,3,40,5
9:24:23,2307.4,2307.4,2307.6,6,34,6
9:24:24,2307.6,2307.4,2307.6,1,34,6
9:24:26,2307.4,2307.4,2307.6,3,32,9
9:24:26,2307.4,2307.2,2307.4,34,22,17
9:24:27,2307.2,2307.2,2307.4,8,17,14
9:24:27,2307.2,2307.2,2307.4,1,16,15
9:24:28,2307.2,2307.2,2307.4,6,10,19
9:24:28,2307.2,2307,2307.2,10,57,5
9:24:30,2307,2307,2307.2,3,54,5
9:24:30,2307,2307,2307.2,14,39,5
9:24:31,2307.2,2307,2307.2,1,41,4
9:24:32,2307.2,2307,2307.4,10,36,18
9:24:32,2307,2307,2307.4,1,40,18
9:24:33,2307.2,2307.2,2307.4,1,1,18
9:24:34,2307.2,2307.2,2307.4,1,4,19
9:24:34,2307.4,2307.2,2307.4,4,1,17
9:24:35,2307.2,2307,2307.2,1,41,1
9:24:36,2307.2,2307.2,2307.4,1,3,17
9:24:36,2307.4,2307.2,2307.4,3,3,15
9:24:38,2307.2,2307.2,2307.4,1,11,16
9:24:38,2307.2,2307.2,2307.4,1,10,16
9:24:39,2307.2,2307.2,2307.4,1,23,19
9:24:40,2307.2,2307.2,2307.4,7,20,19
9:24:40,2307.4,2307.2,2307.4,10,21,9
9:24:41,2307.4,2307.4,2307.6,11,1,15
9:24:41,2307.6,2307.4,2307.6,4,2,12
9:24:42,2307.6,2307.4,2307.6,5,6,7
9:24:43,2307.6,2307.4,2307.6,1,18,8
9:24:43,2307.6,2307.4,2307.6,2,30,6
9:24:44,2307.4,2307.4,2307.6,3,27,6
9:24:47,2307.6,2307.4,2307.6,2,29,36
9:24:48,2307.6,2307.4,2307.6,1,28,36
9:24:49,2307.6,2307.4,2307.6,3,28,33
9:24:49,2307.4,2307.2,2307.4,30,9,20
9:24:50,2307.4,2307.2,2307.4,4,9,16
9:24:50,2307.4,2307.2,2307.4,1,10,16
9:24:51,2307.2,2307.2,2307.4,4,6,16
9:24:52,2307.4,2307.2,2307.4,1,6,15
9:24:52,2307.2,2307.2,2307.4,1,7,15
9:24:53,2307.4,2307.2,2307.4,1,7,14
9:24:54,2307.4,2307.2,2307.4,1,6,13
9:24:55,2307.2,2307.2,2307.4,1,8,14
9:24:56,2307.4,2307.2,2307.4,1,23,15
9:24:57,2307.4,2307.2,2307.4,1,23,14
9:24:57,2307.2,2307.2,2307.4,6,16,15
9:24:58,2307.2,2307.2,2307.4,1,15,15
9:24:59,2307.2,2307.2,2307.4,1,14,20
9:25:00,2307.2,2307.2,2307.4,10,6,21
9:25:01,2307.4,2307.2,2307.4,10,4,13
9:25:02,2307.4,2307.2,2307.4,6,3,8
9:25:02,2307.6,2307.2,2307.6,16,2,32
9:25:03,2307.6,2307.2,2307.6,2,2,30
9:25:03,2307.6,2307.2,2307.6,3,2,28
9:25:04,2307.6,2307.2,2307.6,3,18,25
9:25:04,2307.4,2307.2,2307.4,2,17,1
9:25:06,2307.4,2307.2,2307.4,3,20,3
9:25:07,2307.4,2307.2,2307.4,1,24,2
9:25:08,2307.4,2307.2,2307.4,1,24,3
9:25:08,2307.4,2307.2,2307.4,2,25,2
9:25:09,2307.4,2307.2,2307.4,14,12,1
9:25:10,2307.2,2307.2,2307.4,4,15,2
9:25:10,2307.4,2307.2,2307.4,2,14,3
9:25:11,2307.2,2307.2,2307.4,2,14,6
9:25:11,2307.2,2307.2,2307.4,2,11,16
9:25:12,2307.2,2307,2307.4,11,68,16
9:25:12,2307.2,2307,2307.2,1,74,8
9:25:13,2307,2307,2307.2,1,72,10
9:25:13,2307.2,2307,2307.2,1,75,10
9:25:14,2307,2307,2307.2,16,59,12
9:25:14,2307.2,2307,2307.2,9,57,8
9:25:15,2307,2307,2307.2,2,56,19
9:25:16,2307.2,2307,2307.2,5,53,16
9:25:17,2307,2307,2307.2,3,50,18
9:25:17,2307,2307,2307.2,1,49,20
9:25:18,2307,2307,2307.2,48,1,21
9:25:18,2306.8,2306.8,2307,2,15,3
9:25:19,2307,2306.8,2307,5,11,7
9:25:19,2306.8,2306.8,2307,10,1,10
9:25:20,2306.6,2306.6,2306.8,8,18,1
9:25:21,2306.6,2306.6,2306.8,2,17,7
9:25:21,2306.6,2306.6,2306.8,9,11,4
9:25:22,2306.6,2306.6,2306.8,9,5,3
9:25:22,2306.6,2306.6,2306.8,5,2,2
9:25:23,2306.6,2306.4,2306.6,2,33,1
9:25:23,2306.6,2306.6,2306.8,6,15,3
9:25:24,2306.6,2306.6,2306.8,15,3,4
9:25:24,2306.6,2306.6,2306.8,1,3,4
9:25:25,2306.6,2306.4,2306.8,4,35,4
9:25:25,2306.4,2306.4,2306.8,1,34,4
9:25:26,2306.6,2306.4,2306.8,2,42,5
9:25:26,2306.4,2306.4,2306.6,6,26,2
9:25:27,2306.4,2306.4,2306.6,1,25,2
9:25:27,2306.6,2306.4,2306.6,1,27,1
9:25:28,2306.4,2306.4,2306.6,2,25,10
9:25:28,2306.4,2306.4,2306.6,6,22,9
9:25:29,2306.4,2306.4,2306.6,9,14,9
9:25:29,2306.4,2306.4,2306.6,6,11,9
9:25:30,2306.4,2306.4,2306.6,7,5,9
9:25:30,2306.4,2306.4,2306.6,6,2,8
9:25:31,2306.2,2306.2,2306.4,6,37,2
9:25:31,2306.2,2306.2,2306.4,4,33,2
9:25:32,2306.2,2306.2,2306.4,18,15,3
9:25:32,2306.6,2306.2,2306.6,8,14,7
9:25:33,2306.2,2306.2,2306.4,9,7,4
9:25:33,2306.4,2306.2,2306.4,3,6,2
9:25:34,2306.6,2306.2,2306.6,8,9,3
9:25:35,2306.2,2306.2,2306.6,10,2,7
9:25:35,2306.2,2306.2,2306.4,14,4,3
9:25:36,2306.2,2306.2,2306.4,7,2,2
9:25:36,2306.2,2306,2306.2,4,111,2
9:25:37,2306,2306,2306.2,10,104,1
9:25:37,2306,2306,2306.2,16,88,22
9:25:38,2306,2306,2306.2,18,70,22
9:25:38,2306,2305.8,2306,70,26,19
9:25:39,2305.8,2305.8,2306,5,22,22
9:25:39,2305.6,2305.6,2305.8,30,20,3
9:25:40,2305.6,2305.6,2305.8,10,12,22
9:25:40,2305.6,2305.4,2305.6,17,9,9
9:25:41,2305.2,2305.2,2305.4,9,32,1
9:25:41,2305.2,2305.2,2305.6,13,29,25
9:25:42,2305.2,2305.2,2305.4,34,5,10
9:25:42,2305.2,2305,2305.2,12,100,2
9:25:43,2305,2305.2,2305.4,66,10,16
9:25:43,2305,2305.2,2305.4,23,6,8
9:25:44,2305.2,2305,2305.2,23,36,12
9:25:44,2305.2,2305.2,2305.6,54,14,26
9:25:45,2305,2304.8,2305,59,5,51
9:25:45,2305,2304.8,2305,23,2,51
9:25:46,2305,2304.8,2305,59,1,10
9:25:46,2305,2304.8,2305.2,22,23,13
9:25:47,2305,2305,2305.2,10,16,12
9:25:47,2305,2305,2305.2,42,9,5
9:25:48,2304.8,2304.6,2304.8,23,23,1
9:25:48,2304.8,2304.8,2305,18,40,2
9:25:49,2305,2304.8,2305,30,29,9
9:25:49,2305,2304.8,2305,15,23,4
9:25:50,2305,2305.2,2305.4,24,13,2
9:25:50,2305.2,2305.2,2305.4,18,3,5
9:25:51,2305,2305,2305.4,19,2,15
9:25:51,2305.4,2305,2305.4,8,6,15
9:25:52,2305.2,2305,2305.4,11,12,36
9:25:52,2305.2,2305,2305.4,2,14,36
9:25:53,2305.2,2305,2305.2,7,10,3
9:25:53,2305.2,2305,2305.2,3,15,1
9:25:54,2305.4,2305,2305.4,5,9,35
9:25:54,2305,2304.8,2305,15,8,2
9:25:55,2305,2304.8,2305,10,6,22
9:25:55,2305,2304.8,2305,13,1,21
9:25:56,2304.8,2304.6,2304.8,9,28,6
9:25:56,2304.8,2304.6,2304.8,3,35,3
9:25:57,2304.8,2304.6,2304.8,17,22,9
9:25:57,2304.6,2304.6,2304.8,6,22,6
9:25:58,2304.8,2304.8,2305,22,9,22
9:25:58,2304.8,2304.8,2305,11,5,18
9:25:59,2305,2304.8,2305,14,14,13
9:25:59,2305,2304.8,2305,15,83,2
9:26:00,2305,2305,2305.4,17,61,29
9:26:00,2305.4,2305.2,2305.4,37,16,22
9:26:01,2305.4,2305.2,2305.4,24,8,22
9:26:01,2305.4,2305.2,2305.4,23,20,12
9:26:02,2305.4,2305.4,2305.6,14,5,24
9:26:02,2305.2,2305.2,2305.4,10,20,1
9:26:03,2305.4,2305.4,2305.6,14,2,28
9:26:03,2305.4,2305.4,2305.6,3,1,40
9:26:04,2305.4,2305.2,2305.4,3,22,17
9:26:04,2305.4,2305.2,2305.4,11,11,15
9:26:05,2305.4,2305,2305.4,27,57,18
9:26:05,2305.4,2305,2305.4,3,57,29
9:26:06,2305.2,2305,2305.4,6,58,27
9:26:06,2305.4,2305,2305.2,20,57,1
9:26:07,2305.4,2305,2305.4,27,33,10
9:26:07,2305.2,2305,2305.2,1,36,4
9:26:08,2305,2305,2305.2,3,41,3
9:26:08,2305,2305,2305.2,9,39,2
9:26:09,2305.2,2305.2,2305.4,4,1,13
9:26:09,2305.2,2305.2,2305.4,10,29,19
9:26:10,2305.4,2305.2,2305.4,1,36,19
9:26:10,2305.2,2305.2,2305.4,5,31,18
9:26:11,2305.2,2305.2,2305.4,3,31,17
9:26:11,2305.2,2305.2,2305.4,17,29,6
9:26:12,2305.4,2305.2,2305.4,10,22,10
9:26:13,2305.4,2305.2,2305.6,12,23,20
9:26:13,2305.4,2305.4,2305.6,4,17,20
9:26:14,2305.6,2305.6,2305.8,20,45,27
9:26:14,2305.6,2305.6,2305.8,3,43,39
9:26:15,2305.8,2305.6,2305.8,9,40,36
9:26:15,2305.8,2305.6,2305.8,18,38,23
9:26:16,2305.8,2305.6,2305.8,5,36,19
9:26:16,2305.6,2305.6,2305.8,11,34,12
9:26:17,2306,2305.8,2306,14,7,38
9:26:17,2305.8,2305.6,2305.8,7,35,16
9:26:18,2305.8,2305.8,2306,23,15,41
9:26:18,2306,2305.8,2306,19,1,39
9:26:19,2305.8,2305.6,2306,23,35,23
9:26:19,2306,2305.8,2306,13,2,11
9:26:20,2306,2305.6,2305.8,13,35,1
9:26:20,2305.8,2305.6,2306,3,36,6
9:26:21,2306,2305.6,2306,1,36,7
9:26:21,2305.6,2305.8,2306,5,1,9
9:26:22,2305.8,2305.6,2306,3,35,7
9:26:22,2306,2305.8,2306,2,1,11
9:26:23,2305.8,2305.6,2305.8,1,35,3
9:26:23,2305.6,2305.6,2305.8,2,33,4
9:26:24,2305.8,2305.6,2305.8,1,34,7
9:26:24,2306,2305.6,2306,23,34,21
9:26:25,2306,2305.6,2306,5,35,17
9:26:25,2305.8,2305.6,2306,1,35,17
9:26:26,2306,2306,2306.2,18,3,31
9:26:26,2306,2306,2306.2,2,14,32
9:26:27,2306.2,2306,2306.2,2,13,32
9:26:27,2306,2306,2306.2,37,6,3
9:26:28,2306,2306,2306.2,2,11,3
9:26:28,2306,2306,2306.2,6,17,3
9:26:29,2306.2,2306,2306.2,5,15,1
9:26:29,2306.2,2306,2306.2,2,15,1
9:26:30,2306,2306.2,2306.4,3,1,10
9:26:30,2306.4,2306.2,2306.4,3,3,9
9:26:31,2306.2,2306.2,2306.4,1,5,9
9:26:31,2306.2,2306,2306.4,6,15,9
9:26:32,2306.2,2306,2306.2,3,20,1
9:26:32,2306.2,2306,2306.2,5,16,5
9:26:33,2306.2,2306,2306.2,1,16,11
9:26:34,2306.2,2306,2306.2,6,13,12
9:26:35,2306.2,2306,2306.2,1,14,12
9:26:35,2306,2306,2306.2,3,11,12
9:26:36,2306,2306,2306.2,2,11,12
9:26:36,2306,2306,2306.2,1,12,12
9:26:37,2306,2306,2306.2,2,10,15
9:26:37,2305.8,2306,2306.2,20,1,25
9:26:38,2306,2305.8,2306,3,5,8
9:26:38,2306,2305.8,2306,2,5,11
9:26:39,2305.8,2305.8,2306,2,4,11
9:26:40,2306,2305.8,2306,1,4,11
9:26:40,2305.8,2305.8,2306,2,3,14
9:26:41,2305.8,2305.8,2306,2,3,13
9:26:41,2306,2305.6,2306,7,59,10
9:26:42,2305.8,2305.6,2305.8,3,59,13
9:26:42,2305.8,2305.6,2305.8,5,59,8
9:26:43,2305.6,2305.6,2305.8,5,55,8
9:26:43,2305.6,2305.6,2305.8,3,54,6
9:26:44,2305.8,2305.6,2305.8,2,55,5
9:26:44,2306,2305.6,2306,21,55,8
9:26:45,2306,2305.8,2306,11,1,2
9:26:46,2306,2305.8,2306,1,7,1
9:26:46,2305.8,2305.8,2306,2,8,1
9:26:47,2305.8,2305.8,2306,1,8,1
9:26:48,2306,2305.8,2306,2,13,4
9:26:48,2306,2305.8,2306,4,17,8
9:26:49,2306,2305.8,2306,3,19,6
9:26:49,2306,2306,2306.2,8,15,31
9:26:50,2306,2305.8,2306.2,22,22,33
9:26:50,2306,2305.8,2306.2,3,22,33
9:26:52,2306,2306,2306.2,1,6,53
9:26:53,2306,2306,2306.2,1,5,53
9:26:53,2306.2,2306,2306.2,6,6,49
9:26:54,2306.2,2306,2306.2,5,2,48
9:26:54,2306.2,2305.8,2306.2,8,36,44
9:26:55,2305.8,2305.8,2306,2,34,1
9:26:56,2306,2305.8,2306,2,36,6
9:26:57,2306,2305.8,2306,6,35,1
9:26:57,2306,2305.8,2306,6,35,3
9:26:58,2306,2305.8,2306,4,34,5
9:26:59,2306,2305.8,2306,2,38,4
9:27:00,2306,2305.8,2306,1,38,3
9:27:00,2305.8,2305.8,2306,2,38,4
9:27:01,2306,2306,2306.2,5,2,45
9:27:02,2306,2306,2306.2,1,3,45
9:27:03,2306,2306,2306.2,2,1,44
9:27:03,2306.2,2306,2306.2,1,1,43
9:27:04,2305.8,2305.8,2306.2,3,36,44
9:27:05,2306,2305.8,2306.2,1,36,45
9:27:05,2306.2,2305.8,2306,23,36,1
9:27:06,2306.2,2305.8,2306,2,36,16
9:27:06,2305.8,2305.8,2306,1,36,16
9:27:07,2306,2305.8,2306,4,42,13
9:27:08,2306,2305.8,2306,3,42,13
9:27:09,2305.8,2305.8,2306,7,42,8
9:27:09,2305.8,2305.8,2306,14,29,8
9:27:10,2306,2305.8,2306,13,21,6
9:27:11,2305.8,2305.8,2306,5,18,10
9:27:12,2305.8,2305.8,2306,5,14,9
9:27:12,2305.8,2305.8,2306,3,11,17
9:27:13,2305.8,2305.8,2306,1,11,17
9:27:13,2305.8,2305.8,2306,2,9,17
9:27:14,2305.8,2305.8,2306,1,8,21
9:27:14,2306,2305.8,2306,2,8,20
9:27:15,2305.8,2305.8,2306,4,9,19
9:27:17,2306,2305.8,2306,4,13,13
9:27:17,2305.8,2305.8,2306,2,11,21
9:27:18,2306,2305.8,2306,3,12,18
9:27:19,2305.8,2305.8,2306,1,13,19
9:27:20,2306,2305.8,2306,16,13,3
9:27:21,2305.8,2305.8,2306,3,16,3
9:27:21,2305.8,2305.8,2306,2,15,22
9:27:22,2306,2305.8,2306,13,13,12
9:27:23,2306,2305.8,2306,3,11,11
9:27:23,2306,2305.8,2306,2,11,10
9:27:24,2306,2305.8,2306,6,18,5
9:27:25,2306,2305.8,2306,3,18,3
9:27:25,2305.8,2305.8,2306,1,17,4
9:27:26,2306,2305.8,2306,1,17,3
9:27:27,2306,2305.8,2306,2,17,3
9:27:28,2305.8,2305.8,2306,6,12,7
9:27:28,2306,2305.8,2306,1,12,6
9:27:29,2306,2305.8,2306,1,15,5
9:27:29,2306,2305.8,2306,1,15,4
9:27:30,2305.8,2305.8,2306,2,16,4
9:27:30,2306,2306,2306.2,4,6,37
9:27:31,2306,2306,2306.2,2,5,37
9:27:31,2306.2,2306,2306.2,2,6,36
9:27:32,2306.2,2306,2306.2,2,6,35
9:27:32,2306,2306,2306.2,2,6,34
9:27:33,2306.2,2306,2306.2,1,6,33
9:27:33,2306,2306,2306.2,5,1,43
9:27:34,2306,2305.8,2306,2,17,1
9:27:35,2306,2305.8,2306,2,18,2
9:27:36,2306,2305.8,2306,1,19,1
9:27:37,2305.8,2305.8,2306,2,17,1
9:27:38,2305.8,2305.8,2306,1,16,1
9:27:38,2306,2305.8,2306.2,1,17,50
9:27:39,2305.8,2305.8,2306.2,3,18,51
9:27:40,2306,2306,2306.2,1,1,51
9:27:40,2306.2,2306,2306.2,4,1,47
9:27:41,2305.8,2305.8,2306,2,18,9
9:27:42,2306,2305.8,2306,2,18,8
9:27:42,2306,2305.8,2306,2,18,6
9:27:44,2306,2305.8,2306,1,22,10
9:27:44,2306,2305.8,2306,1,22,13
9:27:45,2305.8,2305.8,2306,10,19,13
9:27:46,2305.8,2305.8,2306,4,17,19
9:27:47,2305.8,2305.8,2306,2,17,19
9:27:47,2305.8,2305.8,2306,2,16,20
9:27:48,2306,2305.8,2306,1,16,21
9:27:48,2305.8,2305.8,2306,12,15,11
9:27:49,2305.8,2305.8,2306,5,11,11
9:27:50,2306,2305.8,2306,4,8,10
9:27:50,2305.8,2305.8,2306,3,5,13
9:27:51,2306,2305.8,2306,6,5,11
9:27:52,2305.8,2305.8,2306,4,1,15
9:27:53,2305.8,2305.6,2305.8,1,54,3
9:27:53,2306,2305.8,2306,6,1,14
9:27:55,2305.8,2305.8,2306,3,2,14
9:27:56,2305.8,2305.8,2306,3,1,13
9:27:56,2305.8,2305.6,2306,3,54,15
9:27:57,2305.6,2305.6,2305.8,2,52,1
9:27:58,2305.6,2305.6,2305.8,1,52,2
9:27:59,2305.6,2305.6,2305.8,3,50,1
9:27:59,2305.6,2305.6,2305.8,4,46,1
9:28:00,2305.8,2305.6,2305.8,1,46,3
9:28:00,2305.6,2305.6,2305.8,25,23,11
9:28:01,2305.6,2305.6,2305.8,1,23,14
9:28:01,2305.6,2305.4,2305.6,25,32,10
9:28:02,2305.4,2305.4,2305.6,14,19,46
9:28:03,2305.4,2305.4,2305.6,9,10,47
9:28:03,2305.4,2305.4,2305.6,9,2,47
9:28:04,2305.4,2305.2,2305.4,4,36,5
9:28:04,2305.2,2305.2,2305.4,10,27,8
9:28:05,2305.2,2305.2,2305.4,9,20,9
9:28:05,2305.2,2305,2305.2,20,79,3
9:28:06,2305,2305,2305.2,7,79,5
9:28:06,2305,2305,2305.4,16,74,7
9:28:07,2305.2,2305,2305.4,7,71,7
9:28:07,2305.2,2305,2305.2,8,66,2
9:28:08,2305,2305,2305.2,8,59,6
9:28:08,2305.2,2305,2305.2,13,47,5
9:28:09,2305.2,2305,2305.2,15,35,10
9:28:09,2305.2,2305,2305.2,16,29,3
9:28:10,2305.2,2305,2305.2,10,21,8
9:28:10,2305,2305,2305.2,3,19,7
9:28:11,2305,2305,2305.2,1,18,7
9:28:12,2305,2305,2305.2,9,23,4
9:28:12,2305,2305,2305.2,6,19,3
9:28:13,2305,2305,2305.2,6,18,3
9:28:13,2305,2305,2305.2,4,16,2
9:28:14,2305.2,2305,2305.2,1,21,2
9:28:14,2305.2,2305,2305.4,9,16,6
9:28:15,2305,2305,2305.4,7,13,5
9:28:16,2305.2,2305.2,2305.4,1,31,5
9:28:16,2305.2,2305.2,2305.4,1,35,5
9:28:17,2305.4,2305.2,2305.4,10,35,1
9:28:17,2305.2,2305.2,2305.4,2,33,1
9:28:18,2305.2,2305.2,2305.6,4,31,12
9:28:18,2305.6,2305.2,2305.6,2,32,9
9:28:19,2305.6,2305.4,2305.6,2,3,8
9:28:19,2305.4,2305.4,2305.6,1,3,7
9:28:20,2305.6,2305.4,2305.6,2,4,5
9:28:20,2305.6,2305.4,2305.6,1,9,4
9:28:21,2305.6,2305.4,2305.6,1,9,3
9:28:21,2305.6,2305.4,2305.6,1,9,2
9:28:22,2305.6,2305.4,2305.6,1,24,1
9:28:22,2305.6,2305.6,2305.8,1,2,8
9:28:23,2305.6,2305.6,2305.8,1,2,8
9:28:23,2305.8,2305.6,2305.8,1,8,7
9:28:24,2305.8,2305.8,2306,7,10,30
9:28:24,2305.8,2305.8,2306,5,5,29
9:28:25,2306,2305.8,2306,3,8,26
9:28:25,2305.8,2305.8,2306,1,7,26
9:28:26,2305.8,2305.8,2306,3,6,24
9:28:26,2305.8,2305.6,2305.8,8,21,3
9:28:27,2305.6,2305.6,2306,24,17,8
9:28:30,2306,2305.8,2306,1,7,10
9:28:30,2305.8,2305.8,2306,2,7,9
9:28:31,2306,2305.8,2306,2,12,7
9:28:32,2306,2305.8,2306,4,17,4
9:28:33,2306,2305.8,2306,2,17,53
9:28:33,2306,2305.8,2306,23,21,30
9:28:34,2306,2305.8,2306,3,17,28
9:28:34,2306,2305.8,2306,17,17,11
9:28:35,2306,2306,2306.2,11,39,84
9:28:36,2306.2,2306,2306.2,5,39,80
9:28:36,2306.2,2306,2306.2,7,39,74
9:28:37,2306.2,2306,2306.2,1,44,73
9:28:37,2306.2,2306,2306.2,6,51,67
9:28:38,2306,2306,2306.2,1,50,67
9:28:38,2306.2,2306,2306.2,43,52,26
9:28:39,2306.4,2306.2,2306.4,28,71,26
9:28:39,2306.4,2306.2,2306.4,17,78,9
9:28:40,2306.4,2306.4,2306.6,12,9,13
9:28:40,2306.4,2306.4,2306.8,20,7,29
9:28:41,2306.8,2306.6,2306.8,3,4,28
9:28:41,2306.8,2306.6,2306.8,5,4,24
9:28:42,2306.6,2306.6,2306.8,15,4,11
9:28:42,2306.8,2306.6,2306.8,12,6,3
9:28:43,2306.6,2306.6,2307,17,3,12
9:28:43,2307,2306.8,2307,2,6,11
9:28:44,2306.8,2306.8,2307,8,4,7
9:28:44,2307,2306.8,2307,8,9,3
9:28:45,2306.8,2306.8,2307.2,5,9,2
9:28:45,2307.2,2307,2307.2,1,3,1
9:28:46,2306.8,2307,2307.2,13,6,1
9:28:46,2307.4,2307.2,2307.4,2,1,25
9:28:47,2307.4,2307.2,2307.4,15,8,13
9:28:47,2307.4,2307.4,2307.6,17,6,22
9:28:48,2307.2,2307,2307.2,18,7,9
9:28:48,2307.2,2307,2307.2,15,4,2
9:28:49,2307.2,2307.2,2307.4,13,8,51
9:28:49,2307.4,2307.2,2307.4,19,3,39
9:28:50,2307.4,2307,2307.2,38,4,3
9:28:50,2307,2306.8,2307,20,17,5
9:28:51,2307.2,2307,2307.2,7,4,18
9:28:51,2307,2307,2307.2,5,4,20
9:28:52,2307,2306.8,2307,7,14,1
9:28:52,2307,2306.8,2307.2,1,17,16
9:28:53,2306.8,2306.8,2307.2,1,18,21
9:28:53,2306.8,2307,2307.2,10,1,11
9:28:54,2307.2,2306.8,2307.2,12,18,2
9:28:55,2307.2,2307,2307.4,5,9,134
9:28:55,2307.2,2307,2307.2,2,20,4
9:28:56,2307,2307,2307.2,9,15,6
9:28:56,2307,2307,2307.2,4,16,22
9:28:57,2307.2,2307,2307.2,20,15,22
9:28:57,2307,2307,2307.2,1,14,30
9:28:58,2307,2307,2307.2,5,11,32
9:28:58,2307.2,2307,2307.2,5,13,31
9:28:59,2307.2,2307,2307.2,10,13,21
9:28:59,2307,2307,2307.2,4,3,55
9:29:00,2307,2306.8,2307.2,4,28,55
9:29:00,2307.2,2307,2307.2,18,1,39
9:29:01,2307.2,2307,2307.2,47,3,7
9:29:01,2307.4,2307,2307.2,26,12,1
9:29:02,2307.4,2307,2307.4,30,21,102
9:29:02,2307.4,2307.2,2307.4,33,13,70
9:29:03,2307.4,2307.2,2307.4,27,14,43
9:29:03,2307.6,2307.4,2307.6,48,3,35
9:29:04,2307.6,2307.4,2307.6,35,2,9
9:29:04,2307.4,2307.6,2307.8,19,39,79
9:29:05,2307.8,2307.6,2307.8,4,46,78
9:29:05,2307.8,2307.6,2307.8,36,56,50
9:29:06,2307.8,2307.6,2307.8,29,59,20
9:29:06,2307.8,2307.8,2308,26,4,79
9:29:07,2308,2307.8,2308,15,34,70
9:29:07,2307.8,2307.8,2308,44,29,34
9:29:08,2308,2307.8,2308,19,33,15
9:29:08,2308,2308,2308.2,19,4,84
9:29:09,2308,2308,2308.2,28,10,58
9:29:09,2308,2307.8,2308,38,36,9
9:29:10,2307.8,2307.8,2308,15,33,36
9:29:10,2307.8,2307.8,2308,14,49,39
9:29:11,2308,2307.8,2308,6,49,38
9:29:11,2308,2307.8,2308,14,42,37
9:29:12,2308,2307.8,2308,16,45,22
9:29:12,2308,2307.8,2308,5,42,85
9:29:13,2308,2307.8,2308,3,40,87
9:29:13,2307.8,2307.8,2308,40,3,84
9:29:14,2308,2307.8,2308,14,2,75
9:29:14,2307.8,2307.6,2308,21,50,61
9:29:15,2307.6,2307.6,2307.8,3,76,3
9:29:15,2307.8,2307.6,2307.8,4,94,1
9:29:16,2307.8,2307.8,2308,4,25,68
9:29:16,2307.8,2307.8,2308,7,40,68
9:29:17,2307.8,2307.8,2308,8,54,66
9:29:17,2307.8,2307.8,2308,3,51,95
9:29:18,2308,2307.8,2308,22,46,79
9:29:18,2307.8,2307.8,2308,7,42,78
9:29:19,2307.8,2307.8,2308,21,27,75
9:29:20,2308,2307.8,2308,16,27,65
9:29:20,2307.8,2307.8,2308,7,20,65
9:29:21,2308,2307.8,2308,6,19,61
9:29:21,2308,2307.8,2308,3,19,62
9:29:22,2308,2307.8,2308,13,19,51
9:29:22,2308,2307.8,2308,17,17,43
9:29:23,2308,2307.8,2308,4,21,42
9:29:23,2307.8,2307.6,2307.8,28,76,6
9:29:24,2307.8,2307.6,2307.8,5,76,4
9:29:24,2307.8,2307.6,2307.8,3,75,4
9:29:25,2307.8,2307.8,2308,4,5,95
9:29:25,2308,2307.8,2308,2,6,96
9:29:26,2308,2307.8,2308,3,5,93
9:29:26,2307.8,2307.6,2307.8,10,81,6
9:29:27,2307.6,2307.6,2307.8,3,82,6
9:29:27,2307.8,2307.6,2307.8,1,83,13
9:29:28,2307.8,2307.6,2307.8,3,83,11
9:29:28,2307.8,2307.6,2307.8,9,81,10
9:29:29,2307.8,2307.6,2307.8,13,80,51
9:29:29,2307.8,2307.6,2307.8,2,80,61
9:29:30,2307.6,2307.6,2307.8,24,61,63
9:29:30,2307.6,2307.6,2307.8,39,34,51
9:29:31,2307.6,2307.6,2307.8,8,28,44
9:29:31,2307.6,2307.6,2307.8,6,25,42
9:29:32,2307.6,2307.6,2307.8,7,19,41
9:29:32,2307.8,2307.6,2307.8,2,19,41
9:29:33,2307.6,2307.6,2307.8,2,17,43
9:29:34,2307.6,2307.4,2307.6,29,18,59
9:29:34,2307.6,2307.4,2307.6,15,15,52
9:29:35,2307.4,2307.4,2307.6,1,10,52
9:29:36,2307.4,2307.4,2307.6,3,21,55
9:29:36,2307.4,2307.4,2307.6,1,20,55
9:29:37,2307.6,2307.6,2307.8,3,3,48
9:29:37,2307.6,2307.6,2307.8,2,72,51
9:29:38,2307.8,2307.6,2307.8,8,73,40
9:29:38,2307.6,2307.6,2307.8,33,72,9
9:29:39,2307.8,2307.6,2307.8,8,70,3
9:29:39,2307.8,2307.8,2308,4,13,115
9:29:40,2308,2307.8,2308,5,16,115
9:29:41,2308,2307.8,2308,2,15,115
9:29:41,2308,2307.8,2308,1,15,114
9:29:42,2308,2307.8,2308,6,19,107
9:29:42,2308,2307.8,2308,4,19,106
9:29:43,2308,2307.8,2308,6,16,105
9:29:43,2308,2307.8,2308,51,30,54
9:29:44,2308,2307.8,2308,54,30,2
9:29:44,2308,2308,2308.2,5,47,71
9:29:45,2308.2,2308,2308.2,9,50,64
9:29:45,2308.2,2308,2308.2,4,51,61
9:29:46,2308,2308,2308.2,9,51,61
9:29:46,2308.2,2308,2308.2,5,57,57
9:29:47,2308,2308,2308.2,53,46,9
9:29:47,2308.2,2308.2,2308.4,11,9,50
9:29:48,2308.4,2308.2,2308.4,7,22,48
9:29:48,2308.2,2308.2,2308.4,12,23,38
9:29:49,2308.4,2308.2,2308.4,7,32,34
9:29:49,2308.4,2308.2,2308.4,28,26,15
9:29:50,2308.4,2308.2,2308.4,10,26,9
9:29:50,2308.4,2308.2,2308.4,4,27,6
9:29:51,2308.4,2308.2,2308.4,8,23,9
9:29:51,2308.2,2308.2,2308.4,10,17,10
9:29:52,2308.6,2308.4,2308.6,15,1,41
9:29:52,2308.6,2308.4,2308.6,11,22,36
9:29:53,2308.4,2308.4,2308.6,3,21,35
9:29:53,2308.6,2308.4,2308.6,11,18,31
9:29:54,2308.6,2308.4,2308.6,15,16,21
9:29:54,2308.4,2308.4,2308.6,11,15,21
9:29:55,2308.6,2308.4,2308.6,6,14,22
9:29:55,2308.4,2308.4,2308.6,7,8,31
9:29:56,2308.6,2308.4,2308.6,14,5,26
9:29:56,2308.6,2308.4,2308.6,10,1,24
9:29:57,2308.4,2308.4,2308.6,1,1,24
9:29:57,2308.6,2308.2,2308.4,8,19,11
9:29:58,2308.4,2308.2,2308.4,7,27,9
9:29:58,2308.4,2308.2,2308.4,10,26,19
9:29:59,2308.2,2308.2,2308.4,2,24,36
9:29:59,2308.4,2308.2,2308.4,6,23,39
9:30:00,2308.2,2308,2308.2,26,40,8
9:30:00,2308.2,2308.2,2308.4,13,10,44
9:30:01,2308.4,2308.2,2308.4,26,10,19
9:30:01,2308.2,2308.2,2308.4,10,8,28
9:30:02,2308.4,2308.2,2308.4,19,9,30
9:30:02,2308.2,2308.2,2308.4,12,13,25
9:30:03,2308.2,2308.2,2308.4,8,23,55
9:30:03,2308.2,2308.2,2308.4,3,20,55
9:30:04,2308.2,2308.2,2308.4,5,16,54
9:30:04,2308.2,2308.2,2308.4,11,7,53
9:30:05,2308.2,2308.2,2308.4,9,1,55
9:30:05,2308.2,2308,2308.2,2,44,4
9:30:06,2308.2,2308,2308.2,6,43,2
9:30:07,2308,2308,2308.2,5,42,33
9:30:07,2308,2308,2308.2,6,38,33
9:30:08,2308,2308,2308.2,14,29,45
9:30:08,2308,2308,2308.2,3,26,45
9:30:09,2308,2308,2308.2,14,13,64
9:30:09,2308,2307.8,2308,16,16,6
9:30:10,2307.8,2307.8,2308,3,13,9
9:30:10,2308,2307.8,2308,6,17,7
9:30:11,2307.8,2307.8,2308,8,10,7
9:30:11,2307.8,2307.8,2308,1,10,7
9:30:12,2307.8,2307.8,2308,7,3,7
9:30:12,2307.8,2307.8,2308,1,2,10
9:30:13,2308,2307.8,2308,3,20,9
9:30:13,2308,2307.8,2308,3,21,8
9:30:14,2307.8,2307.8,2308,6,22,19
9:30:14,2308,2307.8,2308,2,23,17
9:30:15,2308,2307.8,2308,2,25,18
9:30:15,2308,2307.8,2308,3,23,18
9:30:16,2308,2307.8,2308,2,26,16
9:30:16,2308,2307.8,2308,1,31,18
9:30:17,2307.8,2307.8,2308,1,30,21
9:30:17,2308,2307.8,2308,1,31,21
9:30:18,2307.8,2307.8,2308,1,31,21
9:30:18,2307.8,2307.8,2308,4,28,20
9:30:19,2308,2307.8,2308,2,31,18
9:30:19,2308,2307.8,2308,4,30,16
9:30:20,2307.8,2307.8,2308,1,29,16
9:30:20,2307.8,2307.8,2308,3,27,15
9:30:21,2308,2307.8,2308,3,28,14
9:30:22,2308,2307.8,2308,3,28,11
9:30:22,2308,2307.8,2308,19,23,1
9:30:23,2308,2308,2308.2,15,29,56
9:30:23,2308.2,2308,2308.2,5,35,52
9:30:24,2308,2308,2308.2,2,35,52
9:30:24,2308,2308,2308.2,1,46,52
9:30:25,2308,2308,2308.2,1,40,52
9:30:25,2308,2308,2308.2,2,38,57
9:30:26,2308.2,2308,2308.2,2,39,55
9:30:26,2308,2308,2308.2,3,38,61
9:30:27,2308,2308,2308.2,1,37,61
9:30:27,2308.2,2308,2308.2,4,37,57
9:30:28,2308.2,2308,2308.2,6,41,53
9:30:29,2308.2,2308,2308.2,8,42,49
9:30:30,2308,2308,2308.2,3,40,49
9:30:30,2308,2308,2308.2,4,36,54
9:30:31,2308.2,2308,2308.2,7,33,50
9:30:32,2308.2,2308,2308.2,1,37,49
9:30:32,2308,2308,2308.2,7,35,54
9:30:33,2308,2308,2308.2,6,31,53
9:30:33,2308,2308,2308.2,10,21,53
9:30:34,2308.2,2308,2308.2,1,21,54
9:30:34,2308,2307.8,2308,23,17,15
9:30:35,2308,2307.8,2308,11,12,15
9:30:35,2308,2307.8,2308,4,12,11
9:30:36,2308,2308,2308.2,16,5,62
9:30:37,2308,2307.8,2308,7,12,25
9:30:38,2308,2307.8,2308,10,25,18
9:30:39,2308,2307.8,2308,14,24,10
9:30:40,2308,2307.8,2308,3,23,9
9:30:40,2308,2307.8,2308,6,25,3
9:30:41,2308,2308,2308.2,4,2,83
9:30:42,2308,2307.8,2308,3,27,5
9:30:42,2308,2307.8,2308,3,28,4
9:30:43,2308,2307.8,2308,4,32,1
9:30:44,2308,2307.8,2308,1,29,70
9:30:45,2307.8,2307.8,2308,2,27,77
9:30:46,2308,2307.8,2308,17,20,68
9:30:47,2308,2307.8,2308,5,20,66
9:30:48,2307.8,2307.8,2308,6,19,12
9:30:48,2308,2307.8,2308,11,13,9
9:30:49,2308,2307.8,2308,7,12,6
9:30:49,2308,2307.8,2308,6,12,1
9:30:50,2307.8,2307.8,2308,4,8,1
9:30:52,2307.8,2307.8,2308,1,9,4
9:30:52,2308,2308,2308.2,9,7,98
9:30:53,2308.2,2307.8,2308.2,8,5,99
9:30:53,2307.8,2307.8,2308,1,4,6
9:30:54,2308,2307.8,2308,1,5,5
9:30:54,2308,2307.8,2308,3,10,6
9:30:56,2308,2307.8,2308,1,28,8
9:30:56,2308,2307.8,2308,1,28,5
9:30:57,2308,2307.8,2308,2,29,10
9:30:57,2308,2307.8,2308,1,30,14
9:30:58,2308,2307.8,2308,2,40,14
9:30:58,2308,2307.8,2308,2,40,12
9:30:59,2308,2307.8,2308,1,40,17
9:30:59,2308,2307.8,2308,1,40,16
9:31:00,2308,2307.8,2308,2,39,15
9:31:00,2308,2307.8,2308,6,38,11
9:31:01,2308,2307.8,2308,2,38,9
9:31:01,2307.8,2307.8,2308,9,20,10
9:31:02,2307.8,2307.8,2308,7,14,10
9:31:02,2307.8,2307.8,2308,2,13,11
9:31:03,2307.8,2307.8,2308,1,14,12
9:31:03,2307.8,2307.8,2308,2,12,13
9:31:04,2307.8,2307.8,2308,2,11,12
9:31:04,2308,2307.8,2308,5,7,12
9:31:05,2307.8,2307.8,2308,6,3,10
9:31:06,2308.2,2307.8,2308.2,23,2,65
9:31:06,2307.6,2307.8,2308,19,3,1
9:31:07,2307.8,2307.8,2308,5,10,2
9:31:07,2307.8,2307.8,2308,10,1,3
9:31:08,2307.8,2307.8,2308,1,1,5
9:31:09,2307.8,2307.6,2307.8,3,95,18
9:31:09,2307.6,2307.6,2307.8,1,94,18
9:31:10,2307.6,2307.6,2307.8,5,92,17
9:31:10,2307.8,2307.6,2307.8,2,92,15
9:31:11,2307.8,2307.6,2307.8,22,74,13
9:31:12,2307.8,2307.6,2307.8,2,73,12
9:31:12,2307.6,2307.6,2307.8,2,72,11
9:31:13,2307.6,2307.6,2307.8,55,19,9
9:31:13,2307.6,2307.6,2307.8,4,15,9
9:31:14,2307.8,2307.6,2307.8,6,11,8
9:31:14,2307.6,2307.6,2307.8,7,4,23
9:31:15,2307.6,2307.6,2307.8,2,3,25
9:31:15,2307.6,2307.4,2307.8,3,19,25
9:31:16,2307.4,2307.2,2307.6,24,47,1
9:31:17,2307.4,2307.4,2307.6,1,1,4
9:31:17,2307.2,2307.4,2307.6,26,1,3
9:31:18,2307.6,2307.6,2307.8,12,1,17
9:31:18,2307.4,2307.4,2307.6,3,8,21
9:31:19,2307.6,2307.4,2307.8,23,14,18
9:31:19,2307.8,2307.6,2307.8,4,2,14
9:31:20,2307.8,2307.6,2307.8,6,2,8
9:31:20,2307.8,2307.6,2307.8,1,3,7
9:31:21,2307.8,2307.6,2307.8,5,2,3
9:31:21,2307.8,2307.6,2307.8,5,16,3
9:31:22,2307.6,2307.6,2307.8,1,18,3
9:31:22,2307.6,2307.6,2307.8,1,17,15
9:31:24,2307.6,2307.6,2307.8,1,19,15
9:31:24,2307.8,2307.6,2307.8,2,19,13
9:31:25,2307.8,2307.6,2307.8,11,19,4
9:31:26,2307.6,2307.6,2307.8,1,18,6
9:31:27,2308,2307.6,2308,25,18,55
9:31:28,2307.6,2307.8,2308,7,1,53
9:31:28,2307.6,2307.4,2307.6,19,28,1
9:31:29,2307.4,2307.6,2307.8,3,1,12
9:31:29,2307.6,2307.6,2307.8,2,1,17
9:31:30,2307.8,2307.6,2307.8,1,3,16
9:31:30,2307.8,2307.6,2307.8,1,4,16
9:31:31,2307.8,2307.6,2307.8,7,3,9
9:31:31,2308,2307.6,2307.8,18,3,1
9:31:32,2307.6,2307.8,2308,3,1,54
9:31:32,2308,2307.8,2308,5,4,50
9:31:33,2308,2307.8,2308,13,3,39
9:31:33,2307.8,2307.6,2307.8,8,28,17
9:31:34,2307.8,2307.6,2307.8,14,32,3
9:31:34,2307.6,2307.6,2307.8,3,31,1
9:31:35,2307.8,2307.8,2308,3,3,33
9:31:35,2308,2307.8,2308,8,6,26
9:31:36,2308,2307.8,2308,1,26,27
9:31:36,2308,2307.8,2308,7,22,24
9:31:37,2307.8,2307.8,2308,20,20,7
9:31:37,2308,2307.8,2308,13,8,3
9:31:38,2307.8,2307.6,2307.8,11,15,1
9:31:38,2307.8,2307.6,2307.8,1,16,10
9:31:39,2308,2307.8,2308,4,39,5
9:31:39,2307.8,2307.8,2308,1,39,10
9:31:40,2308,2307.8,2308,5,39,14
9:31:41,2308,2307.8,2308,1,39,20
9:31:42,2308,2307.8,2308,20,31,10
9:31:42,2308,2307.8,2308,5,32,6
9:31:43,2308,2307.8,2308,1,37,7
9:31:43,2308,2308,2308.2,17,4,73
9:31:44,2308,2308,2308.2,1,3,73
9:31:44,2308.2,2308,2308.2,2,6,72
9:31:45,2308,2307.8,2308,12,39,13
9:31:45,2308,2307.8,2308,6,40,8
9:31:46,2308,2307.8,2308,4,42,4
9:31:46,2308,2308,2308.2,5,2,72
9:31:47,2308.2,2308,2308.2,4,5,69
9:31:47,2308.2,2308,2308.2,1,7,68
9:31:48,2308.2,2308,2308.2,6,7,63
9:31:48,2308.2,2308,2308.2,3,9,60
9:31:49,2308,2308,2308.2,2,10,61
9:31:49,2308.2,2308,2308.2,3,10,58
9:31:50,2308.2,2308,2308.2,17,17,43
9:31:50,2308.2,2308,2308.2,39,17,4
9:31:51,2308.2,2308.2,2308.4,9,3,60
9:31:51,2308.2,2308,2308.4,28,12,42
9:31:52,2308.4,2308,2308.4,1,14,41
9:31:52,2308.4,2308.2,2308.4,3,3,38
9:31:53,2308.2,2308.2,2308.4,2,7,37
9:31:53,2308.4,2308.2,2308.4,29,7,10
9:31:54,2308.4,2308.2,2308.4,3,7,7
9:31:54,2308.4,2308.4,2308.6,8,1,76
9:31:55,2308.6,2308.4,2308.6,2,4,76
9:31:55,2308.4,2308.2,2308.4,5,9,16
9:31:56,2308.4,2308.2,2308.4,9,21,8
9:31:56,2308.4,2308.2,2308.4,5,23,3
9:31:57,2308.4,2308.2,2308.4,5,25,13
9:31:57,2308.4,2308.2,2308.6,42,24,59
9:31:58,2308.6,2308.4,2308.6,10,10,54
9:31:58,2308.6,2308.4,2308.6,51,1,27
9:31:59,2308.4,2308.4,2308.6,4,3,25
9:31:59,2308.4,2308.2,2308.4,19,14,2
9:32:00,2308.4,2308.4,2308.6,6,21,26
9:32:00,2308.6,2308.4,2308.6,18,19,11
9:32:01,2308.6,2308.6,2308.8,27,14,132
9:32:01,2308.8,2308.6,2308.8,48,12,88
9:32:02,2308.8,2308.4,2308.8,53,17,62
9:32:02,2308.6,2308.6,2308.8,21,10,52
9:32:03,2308.8,2308.6,2308.8,39,1,21
9:32:03,2308.8,2308.6,2308.8,19,5,10
9:32:04,2309,2308.8,2309,27,29,54
9:32:04,2308.8,2308.8,2309,20,28,40
9:32:05,2309,2308.8,2309,8,30,36
9:32:05,2309,2308.8,2309,14,44,22
9:32:06,2309,2308.8,2309,21,41,9
9:32:06,2309,2309,2309.2,33,38,22
9:32:07,2309,2309,2309.2,34,47,20
9:32:07,2309,2309,2309.2,34,45,1
9:32:08,2309.2,2309.2,2309.4,53,8,15
9:32:08,2309.2,2309,2309.2,29,61,10
9:32:09,2309.2,2309,2309.2,35,40,9
9:32:09,2309,2309,2309.2,15,36,8
9:32:10,2309.2,2308.8,2309,81,43,5
9:32:10,2309.2,2308.8,2309.2,18,37,45
9:32:11,2308.8,2308.8,2309,34,21,25
9:32:11,2308.8,2308.8,2309,13,22,32
9:32:12,2309,2308.8,2309,11,15,65
9:32:12,2309,2308.8,2309,13,7,69
9:32:13,2308.6,2308.6,2308.8,12,7,41
9:32:13,2308.8,2308.4,2308.8,12,25,45
9:32:14,2308.6,2308.4,2308.6,2,24,1
9:32:14,2308.6,2308.4,2308.8,17,24,62
9:32:15,2308.6,2308.4,2308.6,31,17,24
9:32:15,2308.4,2308.4,2308.6,5,13,24
9:32:16,2308.4,2308.4,2308.6,33,12,6
9:32:16,2308.6,2308.4,2308.6,8,9,3
9:32:17,2308.4,2308.4,2308.6,5,8,3
9:32:17,2308.4,2308.4,2308.6,7,4,5
9:32:18,2308.6,2308.4,2308.6,2,3,15
9:32:18,2308.4,2308.2,2308.4,3,23,1
9:32:19,2308.4,2308.2,2308.6,2,25,19
9:32:19,2308.6,2308.2,2308.6,9,28,24
9:32:20,2308.4,2308.2,2308.4,10,19,1
9:32:20,2308.4,2308.4,2308.6,4,1,31
9:32:21,2308.2,2308.2,2308.4,7,14,1
9:32:21,2308.2,2308.2,2308.4,2,12,2
9:32:22,2308.2,2308.2,2308.4,6,14,2
9:32:22,2308.4,2308.2,2308.4,2,20,1
9:32:23,2308.2,2308.2,2308.4,6,15,10
9:32:23,2308.2,2308.2,2308.4,2,15,11
9:32:24,2308.2,2308.2,2308.4,4,10,14
9:32:24,2308.2,2308.2,2308.4,2,13,15
9:32:25,2308.2,2308.2,2308.4,12,3,15
9:32:25,2308.2,2308,2308.2,3,64,4
9:32:26,2308,2308,2308.2,1,63,6
9:32:26,2308,2308,2308.2,12,60,1
9:32:27,2308,2308,2308.2,3,57,1
9:32:27,2308.2,2308,2308.2,3,55,3
9:32:28,2308,2308,2308.2,4,51,3
9:32:28,2308.2,2308,2308.4,9,46,19
9:32:29,2308.2,2308.2,2308.4,7,9,20
9:32:29,2308.4,2308.2,2308.4,5,5,19
9:32:30,2308.2,2308.2,2308.4,5,1,19
9:32:30,2308.2,2308.2,2308.4,1,2,16
9:32:31,2308.4,2308,2308.4,9,43,18
9:32:32,2308.2,2308,2308.2,2,44,1
9:32:32,2308.2,2308,2308.2,9,45,7
9:32:33,2308.2,2308,2308.2,3,47,7
9:32:34,2308,2308,2308.2,3,44,7
9:32:34,2308.2,2308,2308.2,3,44,5
9:32:35,2308.2,2308,2308.4,6,44,33
9:32:35,2308.2,2308,2308.4,2,55,33
9:32:36,2308,2308,2308.4,1,54,38
9:32:36,2308,2308,2308.2,8,51,3
9:32:37,2308,2308,2308.2,3,53,3
9:32:38,2308.2,2308,2308.2,1,54,2
9:32:38,2308.4,2308.2,2308.4,5,4,34
9:32:39,2308.2,2308.2,2308.4,5,1,33
9:32:40,2308.2,2308.2,2308.4,2,7,35
9:32:41,2308.4,2308.2,2308.4,2,7,39
9:32:42,2308.4,2308.2,2308.4,11,6,57
9:32:43,2308.4,2308.2,2308.4,50,10,7
9:32:44,2308.2,2308.2,2308.4,6,7,7
9:32:44,2308.2,2308.2,2308.4,20,9,9
9:32:45,2308.4,2308.2,2308.4,9,10,6
9:32:45,2308.4,2308.2,2308.4,1,10,5
9:32:46,2308.4,2308.2,2308.4,1,10,5
9:32:46,2308.2,2308.2,2308.4,15,1,9
9:32:47,2308.2,2308,2308.4,1,67,10
9:32:47,2308.4,2308,2308.2,2,66,1
9:32:48,2308.2,2308,2308.4,1,66,10
9:32:48,2308.4,2308,2308.4,1,66,9
9:32:49,2308.2,2308.2,2308.4,10,7,21
9:32:51,2308.2,2308.2,2308.4,3,6,34
9:32:52,2308.2,2308,2308.2,8,78,15
9:32:52,2308,2308,2308.2,5,76,12
9:32:53,2308,2308,2308.2,2,75,28
9:32:53,2308,2308,2308.2,48,33,24
9:32:54,2308.2,2308,2308.2,1,42,29
9:32:54,2308,2307.8,2308,42,28,8
9:32:55,2308,2307.8,2308,24,9,6
9:32:55,2307.8,2307.8,2308,1,8,11
9:32:56,2307.8,2307.8,2308,13,5,1
9:32:56,2307.8,2307.6,2307.8,9,40,48
9:32:57,2307.6,2307.6,2307.8,12,36,43
9:32:57,2307.6,2307.6,2307.8,3,33,45
9:32:58,2307.6,2307.6,2307.8,44,2,48
9:32:58,2307.6,2307.4,2307.6,2,30,1
9:32:59,2307.6,2307.4,2307.8,4,27,48
9:32:59,2307.8,2307.4,2307.8,5,31,47
9:33:00,2307.6,2307.4,2308,53,30,10
9:33:00,2308,2307.6,2308,5,1,9
9:33:01,2307.8,2307.6,2308,4,7,16
9:33:01,2308,2307.8,2308,10,1,18
9:33:02,2308,2307.6,2307.8,8,23,1
9:33:02,2307.8,2307.6,2307.8,16,18,49
9:33:03,2307.6,2307.6,2307.8,20,5,74
9:33:03,2307.6,2307.4,2307.6,5,32,5
9:33:04,2307.6,2307.4,2307.6,22,18,4
9:33:04,2307.8,2307.6,2307.8,10,3,78
9:33:05,2307.6,2307.4,2307.8,5,19,78
9:33:05,2307.4,2307.4,2307.6,4,21,26
9:33:06,2307.4,2307.4,2307.6,3,19,25
9:33:06,2307.6,2307.4,2307.6,2,19,30
9:33:07,2307.4,2307.4,2307.6,10,12,29
9:33:07,2307.6,2307.4,2307.6,18,15,11
9:33:08,2307.4,2307.4,2307.6,5,13,13
9:33:08,2307.4,2307.4,2307.6,6,11,10
9:33:09,2307.4,2307.4,2307.6,8,28,9
9:33:10,2307.4,2307.4,2307.6,9,22,8
9:33:10,2307.4,2307.4,2307.6,1,21,9
9:33:11,2307.6,2307.4,2307.6,4,21,6
9:33:11,2307.4,2307.4,2307.6,3,19,6
9:33:12,2307.4,2307.4,2307.6,18,4,5
9:33:12,2307.4,2307.4,2307.6,4,2,25
9:33:13,2307.4,2307.4,2307.6,1,1,27
9:33:13,2307.4,2307.2,2307.6,4,75,28
9:33:14,2307.6,2307.2,2307.6,8,76,24
9:33:14,2307.6,2307.2,2307.6,10,68,22
9:33:15,2307.6,2307.2,2307.6,1,68,21
9:33:15,2307.4,2307.4,2307.6,3,1,21
9:33:16,2307.2,2307.2,2307.6,10,68,18
9:33:17,2307.2,2307.4,2307.6,3,25,18
9:33:18,2307.4,2307.4,2307.6,4,23,17
9:33:18,2307.4,2307.4,2307.6,2,27,13
9:33:19,2307.6,2307.4,2307.6,1,27,12
9:33:19,2307.6,2307.4,2307.6,1,33,11
9:33:20,2307.4,2307.4,2307.6,1,32,11
9:33:21,2307.6,2307.4,2307.6,3,34,9
9:33:21,2307.6,2307.6,2307.8,12,1,99
9:33:22,2307.4,2307.4,2307.8,33,9,99
9:33:22,2307.6,2307.6,2307.8,9,16,94
9:33:23,2307.6,2307.6,2307.8,7,9,94
9:33:24,2307.6,2307.6,2307.8,8,1,95
9:33:24,2307.8,2307.6,2307.8,1,1,100
9:33:25,2307.6,2307.4,2307.6,1,10,5
9:33:26,2307.6,2307.4,2307.6,2,7,19
9:33:26,2307.6,2307.4,2307.6,4,7,20
9:33:27,2307.6,2307.4,2307.6,3,6,22
9:33:27,2307.6,2307.4,2307.6,1,8,21
9:33:28,2307.6,2307.4,2307.6,3,9,17
9:33:28,2307.6,2307.4,2307.8,17,10,102
9:33:29,2307.4,2307.4,2307.6,1,15,1
9:33:29,2307.6,2307.4,2307.8,1,19,102
9:33:30,2307.4,2307.4,2307.8,10,13,101
9:33:31,2307.4,2307.4,2307.8,4,11,101
9:33:31,2307.6,2307.4,2307.6,1,12,2
9:33:32,2307.6,2307.4,2307.6,1,15,1
9:33:33,2307.8,2307.6,2307.8,2,1,100
9:33:33,2307.8,2307.6,2307.8,1,1,99
9:33:34,2307.6,2307.6,2307.8,1,1,100
9:33:34,2307.8,2307.6,2307.8,2,5,99
9:33:35,2307.8,2307.6,2307.8,5,6,95
9:33:36,2307.8,2307.6,2307.8,2,10,94
9:33:37,2307.8,2307.6,2307.8,1,10,93
9:33:37,2307.6,2307.4,2307.6,15,33,15
9:33:38,2307.6,2307.4,2307.6,6,33,9
9:33:39,2307.6,2307.6,2307.8,13,8,93
9:33:39,2307.8,2307.6,2307.8,2,8,92
9:33:40,2307.6,2307.6,2307.8,3,8,92
9:33:40,2307.8,2307.6,2307.8,20,9,72
9:33:41,2307.6,2307.6,2307.8,6,29,72
9:33:42,2307.6,2307.6,2307.8,23,11,70
9:33:42,2307.8,2307.6,2307.8,12,7,63
9:33:43,2307.8,2307.8,2308,68,82,26
9:33:43,2308,2308,2308.2,27,18,28
9:33:44,2307.8,2307.8,2308.2,10,75,33
9:33:44,2308,2308,2308.2,4,1,31
9:33:45,2308,2308,2308.2,1,3,49
9:33:45,2308,2307.8,2308,5,66,5
9:33:46,2307.8,2307.8,2308,17,54,13
9:33:46,2308,2307.8,2308,4,54,25
9:33:47,2307.8,2307.8,2308,1,53,41
9:33:47,2308,2307.8,2308,1,53,41
9:33:48,2307.8,2307.8,2308,4,50,42
9:33:48,2308,2307.8,2308,1,50,41
9:33:49,2307.8,2307.8,2308,19,43,29
9:33:50,2308,2307.8,2308,1,44,31
9:33:51,2307.8,2307.8,2308,1,42,41
9:33:52,2307.8,2307.8,2308,5,38,41
9:33:52,2308,2307.8,2308,22,17,43
9:33:53,2307.8,2307.8,2308,8,11,30
9:33:53,2308,2307.8,2308,28,9,6
9:33:54,2308.2,2308,2308.2,8,1,39
9:33:54,2308,2307.8,2308.2,1,10,39
9:33:55,2307.8,2307.8,2308,6,6,1
9:33:55,2308,2307.8,2308.2,1,9,42
9:33:57,2308,2307.8,2308,2,11,1
9:33:57,2307.8,2307.8,2308.2,2,10,42
9:33:58,2308.2,2307.8,2308,1,13,1
9:33:59,2308,2308,2308.2,1,9,44
9:33:59,2308.2,2308,2308.2,6,5,42
9:34:00,2308.2,2308,2308.2,1,5,41
9:34:00,2308.2,2307.8,2308,9,19,1
9:34:01,2308,2307.8,2308.2,7,13,38
9:34:01,2307.8,2307.8,2308,10,5,1
9:34:02,2307.8,2308,2308.2,10,1,46
9:34:02,2307.8,2307.6,2308,8,24,11
9:34:03,2307.6,2307.8,2308,3,2,15
9:34:03,2307.6,2307.8,2308,5,1,31
9:34:04,2308,2307.8,2308,4,3,30
9:34:04,2307.8,2307.8,2308,1,3,31
9:34:05,2307.8,2307.8,2308,4,1,36
9:34:05,2308,2307.6,2308,2,21,35
9:34:06,2307.6,2307.6,2307.8,5,10,41
9:34:06,2307.8,2307.6,2307.8,2,11,40
9:34:07,2307.6,2307.4,2307.6,12,47,1
9:34:07,2307.4,2307.4,2307.6,13,34,2
9:34:08,2307.6,2307.6,2307.8,7,23,45
9:34:08,2307.6,2307.6,2307.8,3,20,45
9:34:09,2307.6,2307.6,2307.8,2,19,46
9:34:10,2307.8,2307.6,2307.8,2,20,44
9:34:10,2307.6,2307.6,2307.8,2,20,43
9:34:11,2307.6,2307.6,2307.8,4,18,42
9:34:11,2307.6,2307.6,2307.8,2,16,41
9:34:12,2307.6,2307.6,2307.8,1,16,41
9:34:12,2307.6,2307.6,2307.8,5,12,41
9:34:13,2307.8,2307.6,2307.8,3,10,36
9:34:13,2307.6,2307.6,2307.8,6,5,36
9:34:14,2307.6,2307.6,2307.8,5,1,35
9:34:14,2307.6,2307.4,2307.8,1,37,35
9:34:15,2307.6,2307.4,2307.6,1,39,1
9:34:16,2307.4,2307.4,2307.6,2,38,3
9:34:16,2307.4,2307.4,2307.6,1,37,7
9:34:17,2307.4,2307.4,2307.6,7,32,11
9:34:18,2307.4,2307.4,2307.6,4,29,17
9:34:18,2307.6,2307.4,2307.6,1,29,17
9:34:19,2307.4,2307.4,2307.6,2,29,16
9:34:20,2307.4,2307.4,2307.6,3,28,27
9:34:21,2307.4,2307.4,2307.6,1,27,29
9:34:21,2307.2,2307.2,2307.6,56,76,30
9:34:22,2307.2,2307.2,2307.4,7,71,4
9:34:22,2307.2,2307.2,2307.4,10,61,6
9:34:23,2307.2,2307.2,2307.4,2,59,6
9:34:23,2307.2,2307.2,2307.4,5,57,6
9:34:24,2307.2,2307.2,2307.4,14,55,4
9:34:24,2307.2,2307.2,2307.4,3,52,4
9:34:25,2307.4,2307.2,2307.6,5,52,22
9:34:25,2307.2,2307.2,2307.6,4,50,31
9:34:26,2307.2,2307.4,2307.6,1,29,31
9:34:27,2307.4,2307.4,2307.6,7,22,16
9:34:27,2307.4,2307.4,2307.6,2,20,47
9:34:28,2307.4,2307.4,2307.6,3,24,46
9:34:28,2307.4,2307.4,2307.6,3,28,46
9:34:29,2307.4,2307.4,2307.6,9,22,42
9:34:29,2307.4,2307.4,2307.6,5,17,43
9:34:30,2307.6,2307.4,2307.6,13,16,32
9:34:30,2307.4,2307.4,2307.6,2,14,32
9:34:31,2307.4,2307.4,2307.6,8,7,32
9:34:31,2307.4,2307.4,2307.6,4,3,32
9:34:32,2307.4,2307.2,2307.6,3,52,32
9:34:32,2307.4,2307.2,2307.4,2,52,1
9:34:33,2307.2,2307.2,2307.4,1,51,8
9:34:34,2307.4,2307.2,2307.4,6,51,5
9:34:34,2307.2,2307.2,2307.4,2,49,6
9:34:35,2307.2,2307.2,2307.4,6,43,6
9:34:36,2307.2,2307.2,2307.4,13,30,6
9:34:36,2307.4,2307.4,2307.6,9,13,56
9:34:37,2307.2,2307.2,2307.4,14,31,14
9:34:37,2307.2,2307.2,2307.4,5,26,19
9:34:38,2307.2,2307.2,2307.4,5,21,20
9:34:38,2307.4,2307.2,2307.4,13,19,11
9:34:39,2307.2,2307.2,2307.4,11,18,2
9:34:39,2307.2,2307.2,2307.4,4,19,2
9:34:40,2307.4,2307.4,2307.6,4,7,59
9:34:40,2307,2307,2307.2,97,37,27
9:34:41,2307.2,2307,2307.2,40,11,12
9:34:41,2307,2307,2307.2,3,9,17
9:34:42,2307,2307,2307.2,5,5,21
9:34:42,2306.8,2306.8,2307,10,47,21
9:34:43,2306.8,2306.8,2307,11,39,26
9:34:43,2306.6,2306.6,2306.8,63,32,25
9:34:44,2306.6,2306.6,2306.8,13,27,26
9:34:44,2306.6,2306.6,2306.8,10,39,25
9:34:45,2306.6,2306.6,2306.8,7,32,28
9:34:45,2306.6,2306.6,2306.8,30,14,18
9:34:46,2306.6,2306.6,2306.8,17,8,9
9:34:46,2306.6,2306.4,2306.6,8,27,1
9:34:47,2306.4,2306.4,2306.6,5,27,3
9:34:47,2306.6,2306.6,2306.8,7,45,13
9:34:48,2306.6,2306.6,2306.8,13,64,14
9:34:48,2306.6,2306.6,2306.8,17,70,10
9:34:49,2306.6,2306.6,2306.8,15,58,14
9:34:49,2306.6,2306.6,2306.8,6,57,17
9:34:50,2306.8,2306.6,2306.8,2,61,16
9:34:50,2306.6,2306.6,2306.8,18,48,33
9:34:51,2306.6,2306.6,2306.8,4,47,33
9:34:51,2306.8,2306.6,2306.8,1,41,32
9:34:52,2306.8,2306.6,2306.8,5,39,29
9:34:52,2306.8,2306.6,2306.8,2,39,28
9:34:53,2306.8,2306.6,2306.8,1,39,27
9:34:53,2306.8,2306.6,2306.8,2,41,25
9:34:54,2306.8,2306.6,2306.8,3,48,22
9:34:54,2306.8,2306.6,2306.8,1,49,21
9:34:55,2306.6,2306.6,2306.8,8,48,18
9:34:55,2306.6,2306.6,2306.8,15,36,16
9:34:56,2306.6,2306.6,2306.8,3,37,15
9:34:56,2306.6,2306.6,2306.8,7,32,13
9:34:57,2306.6,2306.6,2306.8,6,27,18
9:34:57,2306.6,2306.6,2306.8,9,20,17
9:34:58,2306.6,2306.6,2306.8,16,10,16
9:34:58,2306.8,2306.6,2306.8,1,10,47
9:34:59,2306.6,2306.4,2306.6,14,77,3
9:34:59,2306.4,2306.4,2306.8,16,66,48
9:35:00,2306.6,2306.6,2306.8,13,4,39
9:35:00,2306.6,2306.4,2306.6,22,53,3
9:35:01,2306.2,2306,2306.2,90,38,1
9:35:01,2306,2306,2306.2,39,5,17
9:35:02,2306,2305.8,2306,91,1,46
9:35:02,2305.6,2305.6,2305.8,10,29,33
9:35:03,2305.6,2305.6,2305.8,25,25,20
9:35:03,2305.6,2305.4,2305.6,45,22,2
9:35:04,2305.6,2305.4,2305.6,4,34,20
9:35:04,2305.4,2305.4,2305.6,48,2,8
9:35:05,2305.6,2305.4,2305.6,13,10,39
9:35:05,2305.4,2305.4,2305.6,10,1,40
9:35:06,2305.4,2305.4,2305.6,13,12,37
9:35:06,2305.4,2305.4,2305.6,16,9,24
9:35:07,2305.6,2305.4,2305.6,16,17,12
9:35:07,2305.4,2305.6,2305.8,49,20,14
9:35:08,2305.8,2305.6,2305.8,15,12,17
9:35:08,2305.6,2305.6,2305.8,11,5,25
9:35:09,2305.8,2305.6,2305.8,25,4,7
9:35:09,2305.6,2305.6,2305.8,6,4,9
9:35:10,2305.8,2305.6,2305.8,7,3,10
9:35:10,2305.8,2305.6,2305.8,6,7,10
9:35:11,2305.8,2305.6,2305.8,5,7,10
9:35:11,2305.8,2305.6,2305.8,14,1,7
9:35:12,2306,2305.8,2306,16,22,19
9:35:12,2306,2305.8,2306,3,24,21
9:35:13,2305.8,2305.8,2306,13,17,18
9:35:13,2306,2305.8,2306,1,17,18
9:35:14,2305.8,2305.8,2306,9,9,17
9:35:14,2305.8,2305.8,2306,18,7,4
9:35:15,2306,2306,2306.2,11,2,2
9:35:15,2306,2305.8,2306.2,2,8,13
9:35:16,2305.8,2305.6,2305.8,8,5,8
9:35:16,2305.8,2305.6,2305.8,1,5,8
9:35:17,2305.8,2305.8,2306,9,1,10
9:35:17,2305.8,2305.6,2305.8,5,4,14
9:35:18,2305.8,2305.6,2305.8,5,1,31
9:35:18,2305.8,2305.6,2305.8,15,1,17
9:35:19,2305.6,2305.4,2305.6,4,21,25
9:35:19,2305.6,2305.4,2305.6,5,20,23
9:35:20,2305.6,2305.4,2305.6,14,20,11
9:35:20,2305.6,2305.4,2305.6,11,23,11
9:35:21,2305.4,2305.4,2305.6,12,14,13
9:35:21,2305.6,2305.4,2305.6,4,15,19
9:35:22,2305.4,2305.2,2305.4,18,37,16
9:35:22,2305.4,2305.2,2305.4,5,37,15
9:35:23,2305.2,2305.2,2305.4,35,17,5
9:35:23,2305.4,2305.2,2305.4,20,6,6
9:35:24,2305.2,2305,2305.4,8,97,17
9:35:24,2305,2305,2305.2,12,89,5
9:35:25,2305.2,2305.2,2305.4,49,5,18
9:35:25,2305.4,2305,2305.4,23,39,18
9:35:26,2305,2305,2305.2,7,35,14
9:35:26,2305,2305,2305.2,25,14,26
9:35:27,2304.8,2304.8,2305,31,27,34
9:35:27,2305,2304.8,2305,27,12,31
9:35:28,2304.6,2304.6,2304.8,40,11,4
9:35:28,2304.4,2304.4,2304.6,46,26,3
9:35:29,2304.4,2304.2,2304.4,56,118,2
9:35:29,2304.4,2304.4,2304.6,60,5,14
9:35:30,2304.4,2304.2,2304.8,54,100,2
9:35:30,2304.6,2304.4,2304.6,15,27,3
9:35:31,2304.6,2304.4,2304.8,20,38,1
9:35:31,2304.8,2304.4,2304.8,19,58,5
9:35:32,2304.6,2304.6,2305,22,1,8
9:35:32,2304.8,2304.8,2305,12,2,2
9:35:33,2304.8,2305,2305.2,9,1,3
9:35:33,2304.6,2304.6,2305.2,7,16,12
9:35:34,2305.2,2304.8,2305.2,19,2,2
9:35:34,2304.8,2304.8,2305,8,9,1
9:35:35,2305,2304.8,2305,5,11,8
9:35:35,2304.8,2304.8,2305,2,11,9
9:35:36,2305,2304.6,2305,16,32,4
9:35:36,2305,2304.8,2305.2,6,2,6
9:35:37,2304.6,2304.6,2304.8,12,27,2
9:35:37,2304.6,2304.6,2304.8,2,26,2
9:35:38,2305,2304.6,2305,6,29,3
9:35:38,2304.6,2305,2305.2,21,2,7
9:35:39,2305,2304.8,2305.2,2,2,7
9:35:39,2304.8,2304.8,2305,11,6,2
9:35:40,2304.8,2304.8,2305,13,25,3
9:35:40,2305,2304.8,2305,2,25,10
9:35:41,2305.2,2305,2305.4,13,16,9
9:35:41,2305.4,2304.8,2305.4,29,22,10
9:35:42,2305,2304.8,2305.2,1,33,8
9:35:42,2305.2,2304.8,2305.2,8,35,6
9:35:43,2304.8,2304.8,2305.2,2,35,6
9:35:43,2305.2,2305,2305.2,5,1,17
9:35:44,2305,2305,2305.2,2,1,17
9:35:44,2304.8,2304.8,2305.2,24,24,15
9:35:45,2305,2305,2305.2,2,1,16
9:35:45,2304.8,2305,2305.2,8,1,15
9:35:46,2305,2304.8,2305,7,17,1
9:35:46,2305,2304.8,2305.2,2,18,16
9:35:47,2305,2304.8,2305,3,17,4
9:35:47,2305,2304.8,2305,20,1,6
9:35:48,2305,2304.8,2305,8,2,29
9:35:48,2305,2304.8,2305,6,3,31
9:35:49,2304.6,2304.6,2304.8,12,40,3
9:35:49,2304.8,2304.8,2305,6,47,26
9:35:50,2305,2304.8,2305,16,44,17
9:35:50,2305,2305,2305.2,19,1,23
9:35:51,2305.2,2305,2305.2,17,6,16
9:35:51,2305.2,2304.8,2305.2,9,60,15
9:35:52,2305.2,2304.8,2305,16,52,2
9:35:52,2305,2305,2305.2,5,26,19
9:35:53,2305.2,2305,2305.2,5,28,18
9:35:53,2305,2305,2305.2,10,19,19
9:35:54,2305.2,2305,2305.2,8,15,15
9:35:54,2305,2305,2305.2,8,10,14
9:35:55,2305.2,2305,2305.2,17,9,9
9:35:55,2305.2,2305,2305.2,6,5,11
9:35:56,2305,2305,2305.2,3,3,14
9:35:56,2305,2304.8,2305,4,59,9
9:35:57,2305,2304.8,2305,10,70,5
9:35:57,2305,2305,2305.2,6,5,15
9:35:58,2305,2305,2305.2,4,1,16
9:35:58,2305.2,2305,2305.2,7,35,32
9:35:59,2305,2305,2305.2,9,51,32
9:35:59,2305.2,2305,2305.2,11,50,25
9:36:00,2305,2305,2305.2,14,42,24
9:36:00,2305,2305,2305.2,19,35,20
9:36:01,2305,2305,2305.2,18,31,17
9:36:01,2305,2304.8,2305,34,66,2
9:36:02,2305.4,2305,2305.4,33,12,11
9:36:02,2304.8,2304.8,2305.4,72,19,3
9:36:03,2305,2305,2305.2,19,6,1
9:36:03,2305,2305,2305.2,18,11,19
9:36:04,2305,2305,2305.2,10,8,15
9:36:04,2305,2305,2305.2,16,6,4
9:36:05,2305.2,2304.8,2305.2,9,24,2
9:36:05,2305.4,2305,2305.2,4,5,3
9:36:06,2305,2305,2305.2,5,13,10
9:36:06,2305.2,2305,2305.2,23,9,2
9:36:07,2305,2304.8,2305.2,13,26,11
9:36:07,2305.2,2305,2305.2,4,1,9
9:36:08,2304.8,2304.8,2305.2,26,25,1
9:36:08,2305.4,2304.8,2305.4,13,26,18
9:36:09,2305,2305.2,2305.4,2,1,20
9:36:09,2305.2,2304.8,2305,2,29,5
9:36:10,2305,2305,2305.2,10,10,96
9:36:10,2305,2305,2305.2,13,1,117
9:36:11,2304.8,2304.8,2305,17,12,50
9:36:11,2304.8,2304.6,2304.8,47,20,80
9:36:12,2304.6,2304.4,2304.6,34,67,45
9:36:12,2304.4,2304.4,2304.6,53,22,55
9:36:13,2304.4,2304.2,2304.4,36,92,18
9:36:13,2304.2,2304.2,2304.4,36,69,37
9:36:14,2304.2,2304.2,2304.4,72,2,38
9:36:14,2304.2,2304,2304.2,18,64,43
9:36:15,2304,2304,2304.2,66,2,33
9:36:15,2303.8,2303.8,2304,24,26,20
9:36:16,2302.8,2302.8,2303.4,268,17,4
9:36:16,2303.4,2303.4,2303.6,147,19,5
9:36:17,2303,2303,2303.4,82,13,25
9:36:17,2303.2,2303.2,2303.4,36,5,16
9:36:18,2303,2302.4,2303.2,42,2,1
9:36:18,2303,2302.8,2303,68,2,11
9:36:19,2302.6,2302.6,2302.8,52,19,36
9:36:19,2302.4,2302.4,2302.8,56,12,17
9:36:20,2302.4,2302.4,2302.6,43,10,1
9:36:20,2302.4,2302.2,2302.4,75,33,10
9:36:21,2302.6,2302.6,2303,52,15,4
9:36:21,2302.8,2302.8,2303,23,19,5
9:36:22,2302.8,2303,2303.2,31,9,11
9:36:22,2303.2,2303.2,2303.4,32,6,13
9:36:23,2303,2303,2303.2,24,6,9
9:36:23,2303,2303,2303.4,23,3,2
9:36:24,2303.4,2303.2,2303.4,5,7,1
9:36:24,2303.4,2303.4,2303.6,46,33,23
9:36:25,2303.6,2303.4,2303.6,17,27,41
9:36:25,2303.6,2303.4,2303.6,35,6,31
9:36:26,2303.4,2303.4,2303.6,8,2,32
9:36:26,2303.2,2303.2,2303.6,11,3,43
9:36:27,2303.2,2303.2,2303.6,15,14,33
9:36:27,2303.6,2303.6,2303.8,45,9,79
9:36:28,2303.6,2303.6,2303.8,36,1,78
9:36:28,2303.6,2303.4,2303.8,3,3,78
9:36:29,2303.8,2303.2,2303.4,12,27,3
9:36:29,2303.4,2303.4,2303.6,7,1,25
9:36:30,2303.6,2303.2,2303.6,13,23,18
9:36:30,2303.6,2303.6,2303.8,23,56,60
9:36:31,2303.6,2303.6,2303.8,7,53,59
9:36:31,2303.6,2303.6,2303.8,11,42,56
9:36:32,2303.6,2303.6,2303.8,20,34,46
9:36:32,2303.8,2303.6,2304,60,28,10
9:36:33,2304,2303.6,2304,6,24,11
9:36:33,2303.8,2303.8,2304,15,22,7
9:36:34,2304,2304,2304.2,35,11,9
9:36:34,2304.2,2304,2304.2,4,9,22
9:36:35,2303.8,2303.8,2304,13,18,3
9:36:35,2303.8,2303.8,2304,9,12,12
9:36:36,2303.8,2303.8,2304,17,2,13
9:36:36,2303.6,2303.6,2303.8,4,26,14
9:36:37,2303.8,2303.6,2303.8,8,26,18
9:36:37,2303.6,2303.6,2303.8,4,24,19
9:36:38,2303.6,2303.6,2303.8,22,4,17
9:36:38,2303.6,2303.6,2303.8,3,2,20
9:36:39,2303.6,2303.6,2303.8,1,2,22
9:36:39,2303.4,2303.4,2303.6,8,28,4
9:36:40,2303.6,2303.4,2303.8,9,29,39
9:36:41,2303.4,2303.4,2303.6,9,33,2
9:36:41,2303.6,2303.4,2303.6,29,9,3
9:36:42,2303.6,2303.6,2303.8,10,5,39
9:36:42,2303.4,2303.4,2303.8,8,4,38
9:36:43,2303.6,2303.4,2303.6,7,11,3
9:36:43,2303.6,2303.4,2303.8,13,3,41
9:36:44,2303.4,2303.4,2303.6,4,7,1
9:36:44,2303.4,2303.4,2303.8,10,8,38
9:36:45,2303.4,2303.4,2303.6,7,3,1
9:36:45,2303.6,2303.4,2303.8,13,6,19
9:36:46,2303.4,2303.4,2303.6,3,10,2
9:36:46,2303.4,2303.4,2303.6,5,9,3
9:36:47,2303.6,2303.4,2303.6,2,8,2
9:36:47,2303.6,2303.4,2303.6,4,8,6
9:36:48,2303.6,2303.4,2303.6,4,13,4
9:36:48,2303.6,2303.4,2303.6,2,15,4
9:36:49,2303.6,2303.4,2303.6,10,9,2
9:36:49,2303.4,2303.4,2303.6,9,3,5
9:36:50,2303.6,2303.2,2303.6,13,19,1
9:36:50,2303.4,2303.2,2303.4,2,19,1
9:36:51,2303.6,2303.4,2303.6,9,2,11
9:36:51,2303.4,2303.4,2303.6,21,16,15
9:36:52,2303.4,2303.2,2303.6,20,20,13
9:36:52,2303.4,2303.2,2303.4,5,22,1
9:36:53,2303.2,2303.2,2303.4,5,20,1
9:36:53,2303.6,2303.2,2303.6,9,20,8
9:36:54,2303.6,2303.4,2303.6,1,3,15
9:36:54,2303.2,2303.2,2303.6,9,23,23
9:36:55,2303.4,2303.2,2303.4,5,24,35
9:36:55,2303.4,2303.2,2303.4,15,24,24
9:36:56,2303.2,2303,2303.2,42,44,19
9:36:56,2303.2,2303,2303.2,6,43,18
9:36:57,2303.2,2303,2303.2,11,42,9
9:36:57,2303,2303,2303.2,4,40,11
9:36:58,2303.2,2303,2303.2,42,25,4
9:36:58,2303,2303,2303.2,11,22,2
9:36:59,2303.2,2303.4,2303.6,39,7,20
9:36:59,2303.2,2303.4,2303.6,23,15,22
9:37:00,2303.4,2303.2,2303.4,23,4,10
9:37:00,2303,2303.2,2303.4,9,3,10
9:37:01,2303.2,2303.2,2303.4,54,7,17
9:37:01,2303.2,2302.8,2303.4,17,16,17
9:37:02,2303,2303,2303.2,31,32,1
9:37:02,2303.6,2303.4,2303.8,60,11,22
9:37:03,2303.6,2303.6,2303.8,22,4,32
9:37:03,2303.2,2303.2,2303.6,21,12,13
9:37:04,2303.2,2303.4,2303.6,8,44,12
9:37:04,2303.4,2303.4,2303.6,14,38,7
9:37:05,2303.6,2303.6,2303.8,15,20,48
9:37:05,2303.8,2303.6,2303.8,16,28,38
9:37:06,2303.8,2303.4,2303.6,37,20,1
9:37:06,2303.4,2303.2,2303.4,42,12,16
9:37:07,2303.4,2303.2,2303.4,7,10,29
9:37:07,2303.4,2303.4,2303.6,42,3,2
9:37:08,2303.8,2303.4,2303.6,14,2,5
9:37:08,2303.6,2303.4,2303.6,12,6,33
9:37:09,2303.4,2303.2,2303.4,20,7,4
9:37:09,2303.6,2303.2,2303.4,14,18,4
9:37:10,2303.4,2303.2,2303.4,13,18,5
9:37:10,2303.2,2303.2,2303.4,24,5,14
9:37:11,2303.2,2303,2303.2,16,20,5
9:37:11,2303.2,2303,2303.2,13,20,6
9:37:12,2303,2303,2303.2,9,20,9
9:37:12,2303.2,2303.2,2303.4,13,20,15
9:37:13,2303.4,2303.2,2303.4,8,16,11
9:37:13,2303.4,2303.2,2303.4,10,15,9
9:37:14,2303.2,2303,2303.2,20,20,55
9:37:14,2303.2,2303,2303.2,7,19,66
9:37:15,2303,2302.8,2303,22,12,18
9:37:15,2303,2303,2303.2,83,9,34
9:37:16,2303.2,2303,2303.2,12,5,38
9:37:16,2303,2302.8,2303,8,2,2
9:37:17,2303,2302.8,2303.2,4,18,30
9:37:17,2303.2,2302.8,2303.2,13,40,26
9:37:18,2302.8,2302.8,2303.2,5,37,26
9:37:18,2302.8,2303,2303.2,9,18,27
9:37:19,2303,2303,2303.2,4,22,27
9:37:19,2303,2303,2303.2,21,13,22
9:37:20,2303.2,2303.2,2303.4,30,2,14
9:37:20,2303.4,2303.4,2303.6,28,50,14
9:37:21,2303.4,2303.6,2303.8,23,15,18
9:37:21,2303.6,2303.6,2303.8,14,8,13
9:37:22,2303.8,2303.4,2303.8,18,39,16
9:37:22,2303.6,2303.4,2303.6,9,39,2
9:37:23,2303.4,2303.4,2303.6,8,33,2
9:37:23,2303.6,2303.6,2303.8,10,25,8
9:37:24,2303.8,2303.6,2304,55,22,13
9:37:24,2303.6,2303.6,2303.8,4,20,2
9:37:25,2304,2303.8,2304,4,11,20
9:37:25,2304,2303.8,2304,4,12,17
9:37:26,2303.8,2303.6,2303.8,21,23,8
9:37:26,2303.8,2303.6,2303.8,2,23,7
9:37:27,2303.8,2303.8,2304,15,15,11
9:37:27,2304,2303.8,2304,3,17,13
9:37:28,2304,2303.8,2304,9,12,17
9:37:28,2304,2303.8,2304,14,16,7
9:37:29,2304,2303.8,2304,4,22,3
9:37:29,2304,2303.8,2304,9,16,1
9:37:30,2303.8,2303.8,2304,3,13,1
9:37:30,2304,2304,2304.2,6,17,14
9:37:31,2304,2304,2304.2,10,32,12
9:37:31,2304.2,2304.2,2304.4,28,24,44
9:37:32,2304.2,2304.2,2304.4,15,12,41
9:37:32,2304.2,2304,2304.4,15,31,38
9:37:33,2304,2304,2304.2,8,28,13
9:37:33,2304.2,2304,2304.2,7,26,14
9:37:34,2304,2304,2304.2,29,3,40
9:37:34,2303.8,2303.8,2304,6,14,37
9:37:35,2303.8,2303.6,2303.8,20,26,19
9:37:35,2303.8,2303.6,2303.8,3,24,18
9:37:36,2303.8,2303.6,2303.8,3,22,27
9:37:36,2303.6,2303.6,2303.8,1,33,30
9:37:37,2303.6,2303.6,2303.8,1,32,17
9:37:37,2303.8,2303.6,2303.8,9,32,18
9:37:38,2303.6,2303.6,2303.8,20,4,8
9:37:38,2303.4,2303.4,2303.6,18,30,1
9:37:39,2303.4,2303.4,2303.8,2,29,12
9:37:39,2303.6,2303.4,2303.6,8,27,1
9:37:40,2303.4,2303.4,2303.6,6,24,1
9:37:40,2303.4,2303.4,2303.6,1,23,3
9:37:41,2303.6,2303.4,2303.8,8,18,14
9:37:41,2303.6,2303.6,2303.8,3,5,35
9:37:42,2303.4,2303.4,2303.6,17,14,1
9:37:42,2303.8,2303.6,2303.8,6,5,39
9:37:43,2303.4,2303.4,2303.6,7,21,24
9:37:43,2303.6,2303.4,2303.6,17,20,8
9:37:44,2303.4,2303.4,2303.6,6,17,10
9:37:44,2303.4,2303.4,2303.6,2,15,11
9:37:45,2303.6,2303.4,2303.6,3,15,9
9:37:45,2303.4,2303.4,2303.6,2,14,10
9:37:46,2303.4,2303.4,2303.6,3,12,13
9:37:46,2303.6,2303.4,2303.6,8,10,9
9:37:47,2303.4,2303.4,2303.6,13,8,10
9:37:47,2303.4,2303.2,2303.6,17,42,7
9:37:48,2303.2,2303.2,2303.6,7,44,6
9:37:48,2303.6,2303.2,2303.6,7,50,2
9:37:49,2303.6,2303.4,2303.6,1,16,6
9:37:49,2303.6,2303.4,2303.6,3,24,5
9:37:50,2303.4,2303.4,2303.6,3,32,6
9:37:50,2303.6,2303.4,2303.6,7,30,2
9:37:51,2303.6,2303.4,2303.6,4,29,11
9:37:51,2303.6,2303.4,2303.6,9,24,11
9:37:52,2303.6,2303.6,2303.8,11,14,46
9:37:52,2303.6,2303.6,2303.8,12,15,40
9:37:53,2303.8,2303.6,2303.8,5,7,43
9:37:53,2303.8,2303.6,2303.8,7,6,41
9:37:54,2303.8,2303.6,2303.8,6,6,39
9:37:54,2303.6,2303.6,2303.8,5,3,40
9:37:55,2303.6,2303.6,2303.8,3,12,40
9:37:55,2303.6,2303.6,2303.8,8,4,40
9:37:56,2303.6,2303.6,2303.8,3,37,39
9:37:56,2303.6,2303.6,2303.8,2,35,40
9:37:57,2303.6,2303.6,2303.8,5,32,42
9:37:57,2303.8,2303.6,2303.8,9,36,35
9:37:58,2303.8,2303.4,2303.8,44,15,31
9:37:58,2303.6,2303.4,2303.6,4,10,1
9:37:59,2303.4,2303.4,2303.6,4,7,1
9:37:59,2303.6,2303.4,2303.6,2,7,13
9:38:00,2303.4,2303.4,2303.6,1,7,18
9:38:00,2303.4,2303.4,2303.6,3,5,19
9:38:01,2303.4,2303.4,2303.6,6,11,21
9:38:01,2303.4,2303.4,2303.6,12,9,15
9:38:02,2303.4,2303.4,2303.8,29,21,45
9:38:02,2303.8,2303.4,2303.8,8,21,39
9:38:03,2303.4,2303.4,2303.6,40,21,3
9:38:03,2303.6,2303.6,2303.8,7,1,7
9:38:04,2303.6,2303.4,2303.8,6,18,7
9:38:04,2303.8,2303.6,2303.8,3,6,4
9:38:05,2303.4,2303.6,2304,28,1,59
9:38:05,2303.6,2303.4,2304,2,26,58
9:38:06,2303.6,2303.4,2303.6,2,26,6
9:38:06,2303.6,2303.4,2303.6,2,28,5
9:38:07,2303.4,2303.4,2303.6,3,27,3
9:38:07,2303.4,2303.4,2303.6,4,24,17
9:38:08,2303.6,2303.4,2303.6,9,25,9
9:38:08,2303.4,2303.2,2303.4,28,58,54
9:38:09,2303.2,2303.2,2303.4,35,26,53
9:38:09,2303.2,2303.2,2303.4,30,2,47
9:38:10,2303,2303,2303.2,3,57,24
9:38:10,2303,2303,2303.2,14,51,24
9:38:11,2303.2,2303,2303.2,61,1,28
9:38:11,2303,2302.8,2303,6,31,12
9:38:12,2302.8,2302.8,2303,2,30,20
9:38:12,2302.8,2302.8,2303,7,28,45
9:38:13,2303,2302.8,2303,28,12,37
9:38:13,2302.8,2302.8,2303,6,17,41
9:38:14,2303,2302.8,2303,25,37,28
9:38:14,2303,2303,2303.2,41,5,25
9:38:15,2303.2,2303.2,2303.4,30,15,50
9:38:15,2303.2,2303.2,2303.4,29,26,34
9:38:16,2303.2,2303.2,2303.4,24,5,34
9:38:16,2303.2,2303.2,2303.4,15,1,26
9:38:17,2303.4,2303,2303.2,24,79,3
9:38:17,2303.2,2303.2,2303.4,5,7,2
9:38:18,2303.2,2303.2,2303.4,7,22,4
9:38:18,2303.4,2303.2,2303.4,7,52,4
9:38:19,2303.4,2303.4,2303.6,9,20,17
9:38:19,2303.4,2303.4,2303.6,5,26,16
9:38:20,2303.4,2303.4,2303.6,8,50,15
9:38:20,2303.6,2303.4,2303.8,22,44,16
9:38:21,2303.6,2303.6,2303.8,2,22,17
9:38:21,2303.6,2303.6,2303.8,78,3,2
9:38:22,2304,2303.8,2304,15,1,62
9:38:22,2303.8,2303.6,2304,3,5,62
9:38:23,2303.6,2303.8,2304,20,2,46
9:38:23,2304,2303.6,2304,20,2,38
9:38:24,2303.8,2303.6,2303.8,2,2,2
9:38:24,2303.4,2303.2,2303.8,6,38,4
9:38:25,2303.2,2303.4,2303.8,5,1,62
9:38:25,2303.6,2303.4,2303.6,10,1,13
9:38:26,2303.2,2303.2,2303.4,13,35,1
9:38:26,2303.4,2303.2,2303.4,6,31,4
9:38:27,2303.6,2303.2,2303.6,8,29,13
9:38:27,2303.2,2303.4,2303.6,5,1,13
9:38:28,2303.6,2303.4,2303.6,8,1,6
9:38:28,2303.2,2303.2,2303.6,2,27,16
9:38:29,2303.2,2303.2,2303.6,4,21,16
9:38:29,2303.2,2303.2,2303.4,1,20,1
9:38:30,2303.2,2303.2,2303.6,5,16,16
9:38:30,2303.6,2303.4,2303.6,24,9,12
9:38:31,2303.6,2303.4,2303.6,36,3,14
9:38:31,2303.6,2303.4,2303.6,5,16,11
9:38:32,2303.6,2303.4,2303.6,5,19,7
9:38:32,2303.6,2303.4,2303.6,12,49,2
9:38:33,2303.8,2303.4,2303.8,9,44,75
9:38:33,2303.8,2303.6,2303.8,16,4,75
9:38:34,2303.6,2303.4,2303.6,7,34,5
9:38:34,2303.4,2303.4,2303.6,5,29,12
9:38:35,2303.6,2303.6,2303.8,14,1,74
9:38:35,2303.8,2303.6,2303.8,13,4,63
9:38:36,2303.4,2303.4,2303.6,7,40,1
9:38:36,2303.6,2303.6,2303.8,14,2,68
9:38:37,2303.6,2303.4,2303.6,4,38,1
9:38:37,2303.6,2303.4,2303.8,4,38,60
9:38:38,2303.8,2303.6,2303.8,2,2,78
9:38:38,2303.6,2303.4,2303.6,4,39,22
9:38:39,2303.6,2303.4,2303.6,3,38,20
9:38:39,2303.6,2303.4,2303.6,4,18,34
9:38:40,2303.4,2303.2,2303.6,22,18,33
9:38:40,2303.4,2303.2,2303.4,3,17,13
9:38:41,2303.6,2303.2,2303.4,17,26,17
9:38:41,2303.4,2303.2,2303.4,12,28,7
9:38:42,2303.2,2303.2,2303.4,3,29,1
9:38:42,2303.4,2303.2,2303.6,7,55,32
9:38:43,2303.6,2303.2,2303.6,3,55,25
9:38:43,2303.4,2303.4,2303.6,3,11,34
9:38:44,2303.6,2303.4,2303.6,21,24,13
9:38:44,2303.6,2303.4,2303.6,7,39,9
9:38:45,2303.6,2303.6,2303.8,14,10,81
9:38:45,2303.6,2303.6,2303.8,3,13,83
9:38:46,2303.6,2303.6,2303.8,8,17,80
9:38:46,2303.6,2303.6,2303.8,3,17,80
9:38:47,2303.8,2303.6,2303.8,5,14,78
9:38:47,2303.6,2303.6,2303.8,5,11,79
9:38:48,2303.6,2303.6,2303.8,1,10,82
9:38:48,2303.6,2303.6,2303.8,9,9,78
9:38:49,2303.8,2303.6,2303.8,14,4,71
9:38:49,2303.8,2303.6,2303.8,12,4,60
9:38:50,2303.8,2303.6,2303.8,3,2,57
9:38:50,2303.6,2303.4,2303.6,6,33,24
9:38:51,2303.4,2303.4,2303.6,3,33,25
9:38:51,2303.4,2303.4,2303.6,3,32,22
9:38:52,2303.4,2303.4,2303.6,24,11,21
9:38:52,2303.4,2303.4,2303.6,9,2,22
9:38:53,2303.6,2303.4,2303.6,2,1,21
9:38:53,2303.6,2303.2,2303.6,2,55,24
9:38:54,2303.6,2303.4,2303.6,2,1,25
9:38:55,2303.6,2303.4,2303.6,8,2,28
9:38:55,2303.6,2303.4,2303.6,14,3,16
9:38:56,2303.6,2303.4,2303.6,5,7,11
9:38:56,2303.6,2303.4,2303.6,2,60,11
9:38:57,2303.6,2303.6,2303.8,13,43,60
9:38:57,2303.8,2303.6,2303.8,9,43,53
9:38:58,2303.8,2303.6,2303.8,1,50,52
9:38:58,2303.8,2303.6,2303.8,3,49,50
9:38:59,2303.6,2303.6,2303.8,27,58,31
9:38:59,2303.8,2303.6,2303.8,18,45,32
9:39:00,2303.8,2303.8,2304,57,1,35
9:39:00,2303.6,2303.6,2304,56,36,9
9:39:01,2303.6,2303.6,2303.8,26,22,20
9:39:01,2303.6,2303.6,2303.8,25,1,20
9:39:02,2303.8,2303.4,2303.8,12,60,13
9:39:02,2303.4,2303.6,2303.8,3,1,12
9:39:03,2303.8,2303.8,2304,18,7,20
9:39:03,2303.8,2303.6,2303.8,14,1,3
9:39:04,2303.6,2303.6,2303.8,1,11,3
9:39:04,2303.8,2303.8,2304,8,4,15
9:39:05,2303.8,2303.6,2303.8,9,12,13
9:39:05,2304,2304,2304.2,33,8,48
9:39:06,2304.2,2304,2304.2,5,18,24
9:39:06,2304.2,2304,2304.2,20,18,4
9:39:07,2304.2,2304,2304.2,11,17,1
9:39:07,2304.2,2304,2304.2,13,12,27
9:39:08,2304.2,2304,2304.2,19,7,18
9:39:08,2304.2,2303.8,2304.2,80,9,5
9:39:09,2304.2,2304,2304.2,2,2,3
9:39:09,2304,2304,2304.2,3,10,5
9:39:10,2304.2,2304,2304.2,6,10,3
9:39:10,2304.2,2304,2304.2,5,10,4
9:39:11,2304.2,2304,2304.2,5,10,12
9:39:11,2304.2,2304,2304.2,8,9,6
9:39:12,2304.2,2304,2304.2,9,6,6
9:39:12,2304.2,2304,2304.2,5,5,5
9:39:13,2303.8,2303.8,2304,13,15,12
9:39:13,2304,2303.8,2304,5,11,32
9:39:14,2304,2303.8,2304,13,3,27
9:39:14,2304,2303.6,2304,9,19,31
9:39:15,2304,2303.6,2304,5,21,27
9:39:15,2304,2303.8,2304,2,12,27
9:39:16,2304,2303.8,2304,6,22,23
9:39:16,2304,2303.8,2304,3,30,21
9:39:17,2303.8,2303.8,2304,2,34,20
9:39:17,2304,2303.8,2304,5,37,17
9:39:18,2304,2304,2304.2,18,5,30
9:39:18,2304,2304,2304.2,13,2,31
9:39:19,2304,2304,2304.2,7,5,33
9:39:19,2304,2303.8,2304,5,23,1
9:39:20,2304.2,2304,2304.2,9,1,29
9:39:21,2304,2304,2304.2,1,5,30
9:39:21,2304.2,2304,2304.2,12,8,23
9:39:22,2304.2,2304,2304.2,12,3,19
9:39:22,2304.2,2304,2304.2,8,4,16
9:39:23,2304.2,2304,2304.2,5,3,14
9:39:23,2304,2304,2304.2,13,3,4
9:39:24,2304,2304,2304.4,9,5,6
9:39:24,2304.2,2304.2,2304.4,5,1,6
9:39:25,2304.4,2304.2,2304.4,5,1,18
9:39:25,2304.4,2304.2,2304.4,8,8,30
9:39:26,2304.2,2304.2,2304.4,11,3,27
9:39:26,2304.4,2304,2304.4,16,14,18
9:39:27,2304.4,2304,2304.2,7,14,1
9:39:27,2304,2303.8,2304,17,27,3
9:39:28,2304,2303.8,2304.4,4,26,44
9:39:28,2304.4,2304,2304.2,2,68,1
9:39:29,2304.2,2304.2,2304.4,18,2,38
9:39:29,2304.4,2304.2,2304.4,26,2,17
9:39:30,2304.2,2304.2,2304.4,6,5,16
9:39:30,2304.4,2304.2,2304.4,6,10,21
9:39:31,2304.2,2304.2,2304.4,5,6,26
9:39:31,2304.2,2304.2,2304.4,5,4,45
9:39:32,2304.2,2304,2304.2,5,74,25
9:39:32,2304.2,2304,2304.2,7,72,24
9:39:33,2304,2304,2304.2,6,73,27
9:39:33,2304,2304,2304.2,40,37,39
9:39:34,2304.2,2304,2304.2,1,38,38
9:39:34,2304.2,2304,2304.2,13,12,45
9:39:35,2304,2304,2304.2,7,10,47
9:39:35,2303.8,2303.8,2304,14,40,57
9:39:36,2304,2303.8,2304,6,35,89
9:39:36,2304,2303.8,2304,6,29,89
9:39:37,2303.8,2303.8,2304,3,27,90
9:39:37,2303.8,2303.6,2303.8,33,26,5
9:39:38,2303.8,2303.6,2304,5,26,88
9:39:38,2303.8,2303.6,2303.8,13,26,3
9:39:39,2303.6,2303.6,2303.8,5,24,8
9:39:39,2303.8,2303.6,2303.8,5,27,8
9:39:40,2303.8,2303.6,2303.8,1,27,9
9:39:40,2303.8,2303.6,2303.8,1,28,22
9:39:41,2303.6,2303.6,2303.8,1,25,26
9:39:41,2303.6,2303.6,2303.8,7,20,28
9:39:42,2303.6,2303.6,2303.8,3,17,28
9:39:42,2303.6,2303.4,2303.6,18,81,7
9:39:43,2303.6,2303.4,2303.6,2,81,10
9:39:43,2303.6,2303.4,2303.6,9,78,6
9:39:44,2303.4,2303.4,2303.6,1,77,14
9:39:44,2303.4,2303.4,2303.6,7,70,14
9:39:45,2303.6,2303.4,2303.8,23,63,26
9:39:45,2303.4,2303.4,2303.6,10,52,1
9:39:46,2303.4,2303.4,2303.6,8,44,1
9:39:46,2303.4,2303.4,2303.6,8,36,1
9:39:47,2303.6,2303.6,2303.8,7,2,19
9:39:47,2303.6,2303.6,2303.8,1,7,21
9:39:48,2303.6,2303.6,2303.8,6,2,25
9:39:48,2303.6,2303.6,2303.8,6,4,16
9:39:49,2303.6,2303.6,2303.8,6,7,26
9:39:49,2303.6,2303.6,2303.8,5,4,23
9:39:50,2303.6,2303.6,2303.8,2,4,23
9:39:50,2303.8,2303.6,2303.8,4,2,21
9:39:51,2303.6,2303.6,2303.8,1,1,21
9:39:51,2303.6,2303.6,2303.8,2,1,25
9:39:52,2303.6,2303.4,2303.8,2,37,25
9:39:53,2303.4,2303.4,2303.6,2,35,1
9:39:53,2303.6,2303.6,2303.8,1,4,29
9:39:54,2303.6,2303.4,2303.6,10,34,7
9:39:54,2303.4,2303.4,2303.6,5,29,9
9:39:55,2303.4,2303.4,2303.6,2,27,12
9:39:55,2303.4,2303.4,2303.6,2,26,18
9:39:56,2303.4,2303.4,2303.6,12,14,19
9:39:56,2303.4,2303.2,2303.4,15,45,5
9:39:57,2303.4,2303.2,2303.4,2,44,10
9:39:57,2303.2,2303.2,2303.4,36,10,9
9:39:58,2303.2,2303,2303.2,16,51,71
9:39:58,2303,2303,2303.2,33,19,91
9:39:59,2302.8,2302.8,2303,54,17,23
9:39:59,2302.6,2302.6,2302.8,19,46,18
9:40:00,2302.8,2302.6,2302.8,12,53,19
9:40:00,2302.6,2302.6,2302.8,64,9,5
9:40:01,2302.6,2302.2,2302.4,62,59,7
9:40:01,2302.2,2302.2,2302.4,19,49,40
9:40:02,2302.2,2302,2302.2,192,81,8
9:40:02,2302,2301.8,2302,107,7,4
9:40:03,2301.6,2301.6,2301.8,38,15,10
9:40:03,2301.8,2301.4,2301.8,55,39,9
9:40:04,2301.8,2301.8,2302,48,4,31
9:40:04,2302,2302,2302.2,61,29,50
9:40:05,2302,2302,2302.2,60,34,24
9:40:05,2302,2302,2302.4,53,60,10
9:40:06,2302.4,2302.4,2302.6,21,20,23
9:40:06,2302.6,2302.6,2303,44,2,22
9:40:07,2302.8,2302.6,2302.8,26,7,7
9:40:07,2302.8,2302.4,2302.8,23,38,2
9:40:08,2302.6,2302.6,2302.8,10,7,3
9:40:08,2302.6,2302.6,2302.8,6,4,13
9:40:09,2303,2302.6,2303,28,1,1
9:40:09,2302.8,2302.8,2303,13,2,6
9:40:10,2303,2302.8,2303,28,6,5
9:40:10,2302.8,2302.8,2303.2,40,1,11
9:40:11,2302.8,2302.8,2303.2,2,3,11
9:40:11,2302.8,2302.6,2303,9,35,3
9:40:12,2303,2302.8,2303,4,4,1
9:40:12,2303,2303,2303.2,15,9,19
9:40:13,2303,2303,2303.2,19,4,5
9:40:13,2303.2,2303,2303.2,4,4,2
9:40:14,2303.2,2303.2,2303.4,6,14,14
9:40:14,2303.2,2303.2,2303.4,3,13,13
9:40:15,2303.4,2303.2,2303.4,10,14,4
9:40:15,2303.2,2303,2303.2,16,8,11
9:40:16,2303.2,2303.2,2303.4,14,1,3
9:40:16,2303.4,2303.2,2303.4,1,4,10
9:40:17,2303,2303,2303.4,7,7,12
9:40:17,2303.4,2303,2303.4,7,9,11
9:40:18,2303,2303,2303.4,10,5,13
9:40:18,2303,2303,2303.4,2,6,15
9:40:19,2303.4,2303,2303.4,7,6,13
9:40:19,2303,2303.2,2303.4,1,3,13
9:40:20,2303.4,2303.4,2303.6,15,21,19
9:40:20,2303.6,2303.4,2303.6,4,19,18
9:40:21,2303.2,2303,2303.6,42,1,18
9:40:21,2303,2302.8,2303,20,28,4
9:40:22,2303,2302.8,2303,9,25,20
9:40:22,2303,2302.8,2303,10,23,5
9:40:23,2303,2302.8,2303,12,21,7
9:40:23,2303,2302.8,2303.2,8,21,14
9:40:24,2303,2303,2303.2,4,29,20
9:40:24,2303.2,2303,2303.2,20,18,12
9:40:25,2303.2,2303,2303.2,11,8,6
9:40:25,2303,2303,2303.2,6,4,6
9:40:26,2303,2303,2303.2,3,3,9
9:40:26,2303,2302.8,2303,6,24,11
9:40:27,2302.8,2302.8,2303,2,23,14
9:40:27,2303,2302.8,2303,5,22,19
9:40:28,2303,2302.8,2303,18,21,3
9:40:28,2302.8,2302.8,2303,1,21,10
9:40:29,2302.8,2302.8,2303,1,23,7
9:40:29,2303,2302.8,2303,5,22,12
9:40:30,2302.8,2302.8,2303,2,23,11
9:40:30,2302.8,2302.8,2303,9,15,16
9:40:31,2302.6,2302.6,2303,65,34,1
9:40:31,2302.8,2302.6,2302.8,27,21,2
9:40:32,2302.8,2302.6,2302.8,13,11,1
9:40:32,2302.4,2302.4,2302.6,23,25,10
9:40:33,2302.6,2302.4,2302.6,33,12,26
9:40:33,2302.6,2302.2,2302.4,35,25,15
9:40:34,2302.2,2302,2302.2,35,29,12
9:40:34,2302,2302,2302.2,9,22,3
9:40:35,2302,2302,2302.4,35,3,17
9:40:35,2302.2,2302.2,2302.4,13,1,17
9:40:36,2302.2,2302.2,2302.4,20,8,16
9:40:36,2302.4,2302.2,2302.4,15,39,12
9:40:37,2302.4,2302.4,2302.6,17,12,26
9:40:37,2302.4,2302.4,2302.6,26,43,4
9:40:38,2302.6,2302.6,2302.8,14,8,8
9:40:38,2302.6,2302.4,2302.8,23,22,8
9:40:39,2302.4,2302.4,2302.8,6,5,9
9:40:39,2302.8,2302.6,2302.8,5,10,25
9:40:40,2302.6,2302.4,2302.6,13,58,17
