9:14:00,2306.4,2306.4,2306.8,472,20,4
9:15:00,2306.8,2306.8,2308,361,34,26
9:15:01,2307.4,2308,2308.6,77,1,9
9:15:01,2307,2308.2,2308.4,180,1,1
9:15:02,2308.2,2307,2308,124,5,9
9:15:02,2307,2307,2307.6,185,3,11
9:15:03,2306.8,2306.8,2307,215,59,1
9:15:03,2306.8,2306.8,2307.4,85,25,3
9:15:04,2307.4,2307,2307.4,69,32,2
9:15:04,2307.6,2307.2,2307.6,143,13,20
9:15:05,2307.4,2308,2308.2,120,2,15
9:15:05,2306.8,2306.6,2306.8,202,9,24
9:15:06,2307.2,2307,2307.8,41,9,1
9:15:06,2307.2,2307,2307.4,51,21,4
9:15:07,2306.8,2306.4,2306.8,62,45,1
9:15:07,2306.8,2306.4,2306.6,46,33,18
9:15:08,2306.2,2306,2306.2,95,28,10
9:15:08,2305.8,2305.6,2305.8,112,5,14
9:15:09,2305.4,2305,2305.4,35,6,47
9:15:09,2304.8,2304.8,2305,17,2,30
9:15:10,2305,2304.2,2304.8,56,14,4
9:15:10,2304.2,2304.4,2304.8,92,5,10
9:15:11,2304.6,2304.6,2304.8,63,23,10
9:15:11,2304.8,2304.8,2305,72,18,9
9:15:12,2304.8,2305,2305.4,136,2,10
9:15:12,2304.8,2304.8,2305.2,22,2,1
9:15:13,2305.2,2305,2305.2,35,7,3
9:15:13,2304.8,2304.6,2304.8,44,6,7
9:15:14,2304.6,2304,2304.4,29,1,10
9:15:14,2304,2303,2304,24,40,26
9:15:15,2303.6,2303,2303.6,58,23,21
9:15:15,2303.4,2303,2303.4,33,4,32
9:15:16,2303,2302.4,2302.8,48,4,9
9:15:16,2302.4,2302.2,2302.4,46,34,2
9:15:17,2302.4,2302.4,2303,63,4,39
9:15:17,2302.4,2302.4,2303,66,6,39
9:15:18,2302.4,2302.6,2303,80,7,33
9:15:18,2303,2302.6,2303,55,5,26
9:15:19,2302.4,2302,2302.4,78,69,35
9:15:19,2302.4,2302.2,2302.4,52,8,21
9:15:20,2302,2302,2302.6,89,18,8
9:15:20,2302,2302,2302.2,28,31,54
9:15:21,2301.6,2301.6,2301.8,88,8,22
9:15:21,2301.4,2301.2,2301.4,48,21,30
9:15:22,2301,2300.8,2301,78,9,32
9:15:22,2300.4,2300.4,2300.6,30,11,15
9:15:23,2300.2,2300.2,2300.6,75,8,2
9:15:23,2300.2,2300,2300.2,37,51,42
9:15:24,2300,2300,2300.2,80,18,19
9:15:24,2300.4,2299.2,2300.4,48,1,19
9:15:25,2299.6,2299.6,2299.8,40,16,1
9:15:25,2299.8,2299.8,2300,36,31,1
9:15:26,2300.8,2300.4,2300.8,77,1,19
9:15:26,2300.6,2300.8,2301,107,5,7
9:15:27,2301.4,2301.2,2301.6,33,2,15
9:15:27,2301.4,2301,2301.6,79,9,12
9:15:28,2301.2,2301,2301.2,24,1,19
9:15:28,2300.8,2300.8,2301,77,28,4
9:15:29,2301,2300.8,2301,19,21,54
9:15:29,2300.6,2300.4,2300.6,51,5,22
9:15:30,2300.8,2300,2300.2,102,39,3
9:15:30,2300,2300,2300.4,62,10,16
9:15:31,2300.2,2299.8,2300.2,34,25,11
9:15:31,2300.2,2300,2300.2,30,12,3
9:15:32,2300.2,2300.2,2300.8,73,32,10
9:15:32,2300.4,2300.6,2300.8,13,6,9
9:15:33,2301,2300.8,2301,43,26,14
9:15:33,2301,2301,2301.2,51,6,18
9:15:34,2301.2,2301.2,2301.6,81,3,10
9:15:34,2301.6,2301,2301.6,52,11,6
9:15:35,2301.6,2301.6,2301.8,28,18,12
9:15:35,2302,2301.8,2302,48,7,24
9:15:36,2302,2302,2302.2,44,5,8
9:15:36,2302.2,2302,2302.4,19,2,10
9:15:37,2302.4,2302.2,2302.4,7,7,7
9:15:37,2302.2,2301.8,2302,21,100,1
9:15:38,2302.6,2302.6,2302.8,46,14,2
9:15:38,2303,2303,2303.2,33,37,2
9:15:39,2303.2,2303,2303.4,10,24,4
9:15:39,2303.4,2303.4,2303.6,13,47,2
9:15:40,2303.4,2303.4,2303.8,22,24,1
9:15:40,2303.6,2303.6,2304.4,24,5,2
9:15:41,2304,2303.8,2304.2,17,20,1
9:15:41,2303.8,2303.6,2303.8,39,6,14
9:15:42,2303.6,2303.6,2303.8,40,17,2
9:15:42,2304.2,2303.8,2304.2,34,1,3
9:15:43,2303.8,2303.8,2304.2,37,8,9
9:15:43,2304.2,2304.2,2304.6,54,11,32
9:15:44,2304.4,2304.4,2304.6,20,7,12
9:15:44,2303.8,2303.8,2304.8,58,12,10
9:15:45,2304.8,2304.6,2304.8,44,1,7
9:15:45,2304.8,2304.8,2305,20,21,14
9:15:46,2304.8,2304.6,2305,65,14,1
9:15:46,2304.4,2304.2,2304.4,29,9,7
9:15:47,2304.4,2304.6,2304.8,29,4,1
9:15:47,2304.6,2304.6,2304.8,32,3,14
9:15:48,2304.2,2304.4,2304.6,17,1,13
9:15:48,2304.4,2304.2,2304.4,18,6,1
9:15:49,2304.4,2304.4,2304.6,43,6,19
9:15:49,2304.6,2304.6,2304.8,41,6,25
9:15:50,2304.8,2304.4,2304.6,35,1,1
9:15:50,2304.6,2304.6,2304.8,8,21,10
9:15:51,2304.6,2304.8,2305,21,2,22
9:15:51,2305,2305,2305.2,57,11,1
9:15:52,2305.4,2305.2,2305.6,17,12,15
9:15:52,2305.8,2305.8,2306,55,20,6
9:15:53,2306,2305.8,2306,14,11,1
9:15:53,2306,2305.8,2306,26,1,13
9:15:54,2305.8,2305.6,2305.8,24,1,15
9:15:54,2305.6,2305.2,2305.4,33,62,10
9:15:55,2305.6,2305.4,2305.6,38,1,5
9:15:55,2305.2,2305.2,2305.6,19,38,4
9:15:56,2305.8,2305.6,2305.8,8,1,9
9:15:56,2305.6,2305.4,2305.6,15,7,2
9:15:57,2305.2,2305.2,2305.4,17,37,4
9:15:57,2305.4,2305.4,2305.8,29,1,1
9:15:58,2305.8,2305.4,2305.8,21,2,8
9:15:58,2305.2,2305.2,2305.6,11,26,4
9:15:59,2305.8,2305.6,2305.8,16,1,7
9:15:59,2305.6,2305.4,2305.6,18,4,5
9:16:00,2305.8,2305.8,2306,36,3,34
9:16:00,2306,2305.8,2306,23,1,27
9:16:01,2306,2305.4,2305.8,34,22,6
9:16:01,2305.8,2305.6,2305.8,14,4,7
9:16:02,2305.4,2305.4,2306,40,5,12
9:16:02,2305.8,2305.6,2305.8,13,6,19
9:16:03,2305.4,2305.2,2305.4,17,27,22
9:16:03,2305.2,2305,2305.2,48,25,34
9:16:04,2304.8,2304.6,2304.8,64,45,15
9:16:04,2305,2304.4,2305,75,8,21
9:16:05,2305,2304.6,2305,16,21,9
9:16:05,2304.6,2304.4,2304.6,58,3,63
9:16:06,2304.4,2304.2,2304.4,69,2,11
9:16:06,2304.2,2304,2304.2,36,6,7
9:16:07,2303.8,2303.8,2304,34,5,5
9:16:07,2303.2,2303.2,2304.2,49,5,2
9:16:08,2303.8,2303.4,2304,9,21,6
9:16:08,2303.6,2303.6,2304.2,12,17,18
9:16:09,2303.8,2303.8,2304,45,2,4
9:16:09,2303.6,2303.6,2303.8,12,3,3
9:16:10,2303.4,2303.4,2304.2,20,7,10
9:16:10,2304.2,2303.8,2304,13,1,1
9:16:11,2303.8,2303.6,2303.8,5,21,3
9:16:11,2303.8,2303.4,2303.8,27,7,11
9:16:12,2303.8,2303.4,2303.8,10,20,12
9:16:12,2303.6,2303.4,2303.6,7,46,9
9:16:13,2303.4,2303.6,2304.2,69,1,9
9:16:13,2304,2304,2304.2,10,13,9
9:16:14,2303.4,2303.4,2303.6,59,16,4
9:16:14,2303.4,2303,2303.4,48,26,21
9:16:15,2303,2303,2303.2,36,2,17
9:16:15,2302.8,2302.8,2303,14,11,19
9:16:16,2303.2,2303,2303.4,59,2,7
9:16:16,2303.2,2303.2,2303.4,27,7,8
9:16:17,2303,2302.6,2303,36,13,25
9:16:17,2303,2302.8,2303,17,5,13
9:16:18,2303,2303,2303.2,25,43,8
9:16:18,2303,2303.2,2303.6,12,23,12
9:16:19,2303.4,2303.4,2303.6,19,20,12
9:16:19,2303.6,2303.6,2303.8,25,13,6
9:16:20,2303.6,2303.6,2303.8,12,8,3
9:16:20,2303.6,2303.6,2303.8,9,6,6
9:16:21,2303.6,2303.6,2303.8,8,21,29
9:16:21,2303.6,2303.4,2303.6,24,6,4
9:16:22,2303.6,2303.4,2303.6,4,5,24
9:16:22,2303.4,2303.2,2303.4,8,12,31
9:16:23,2303,2303,2303.4,36,51,33
9:16:23,2303.4,2303,2303.2,8,49,1
9:16:24,2303.2,2303.2,2303.4,45,7,1
9:16:24,2303.4,2303.4,2303.6,45,7,6
9:16:25,2303.6,2303.4,2303.6,5,9,6
9:16:25,2303.6,2303.6,2303.8,8,9,10
9:16:26,2303.6,2303.4,2303.6,16,12,2
9:16:26,2303.4,2303.4,2303.6,1,13,2
9:16:27,2303.8,2303.4,2303.8,6,12,13
9:16:27,2303.4,2303.4,2303.6,2,11,1
9:16:28,2303.4,2303.4,2303.6,4,10,12
9:16:28,2303.2,2303.2,2303.4,20,6,10
9:16:29,2303.2,2303.2,2303.4,8,2,9
9:16:29,2303.2,2303,2303.2,22,16,14
9:16:30,2303,2303,2303.2,8,14,9
9:16:30,2303.4,2303,2303.4,18,12,6
9:16:31,2303,2302.8,2303,12,6,14
9:16:31,2302.6,2302.6,2302.8,8,8,37
9:16:32,2302.6,2302.4,2302.6,38,14,5
9:16:32,2302.4,2302.2,2302.4,21,10,25
9:16:33,2302.2,2302.2,2302.4,7,8,23
9:16:33,2302.4,2302,2302.4,17,22,17
9:16:34,2302.4,2302.2,2302.4,11,41,12
9:16:34,2302.4,2302.4,2302.8,32,37,4
9:16:35,2302.6,2302.6,2302.8,5,56,2
9:16:35,2303,2302.8,2303,13,27,14
9:16:36,2303.2,2303.2,2303.4,24,1,12
9:16:36,2303.2,2303.2,2303.4,33,6,9
9:16:37,2303.2,2303,2303.2,10,9,3
9:16:37,2303.2,2303.2,2303.4,15,26,12
9:16:38,2303.2,2303.2,2303.4,10,23,13
9:16:38,2303.2,2303.2,2303.4,4,22,11
9:16:39,2303.4,2303.2,2303.4,10,21,5
9:16:39,2303.2,2303.2,2303.4,10,34,3
9:16:40,2303.2,2303.2,2303.4,7,33,1
9:16:40,2303.4,2303.4,2303.6,3,20,24
9:16:41,2303.6,2303.4,2303.6,5,23,21
9:16:41,2303.4,2303.4,2303.6,4,55,22
9:16:42,2303.6,2303.4,2303.8,27,52,70
9:16:42,2303.6,2303.6,2303.8,48,26,27
9:16:43,2303.6,2303.6,2303.8,10,29,23
9:16:43,2303.6,2303.6,2303.8,3,27,25
9:16:44,2303.8,2303.6,2303.8,12,23,17
9:16:44,2303.6,2303.4,2303.6,25,41,37
9:16:45,2303.4,2303.4,2303.6,16,30,40
9:16:46,2303.4,2303.4,2303.6,21,24,40
9:16:46,2303.4,2303.2,2303.4,44,27,5
9:16:47,2303.4,2303.2,2303.4,3,26,3
9:16:47,2303.6,2303.2,2303.6,6,28,25
9:16:48,2303.6,2303.4,2303.6,2,4,24
9:16:48,2303.4,2303.4,2303.6,16,8,11
9:16:49,2303.4,2303.4,2304,36,12,17
9:16:49,2304,2304,2304.2,34,44,16
9:16:50,2304.2,2304,2304.2,18,35,7
9:16:50,2304.4,2304.2,2304.4,9,20,5
9:16:51,2304.2,2304.2,2304.4,1,19,7
9:16:51,2304.2,2304,2304.2,23,36,6
9:16:52,2304.2,2304,2304.2,3,36,4
9:16:52,2304.2,2304,2304.2,6,33,2
9:16:53,2304.4,2304,2304.4,12,32,3
9:16:53,2304.4,2304.2,2304.4,1,2,2
9:16:54,2304.2,2304.2,2304.4,1,3,13
9:16:54,2304.4,2304.2,2304.6,5,5,31
9:16:55,2304.6,2304.6,2304.8,34,18,19
9:16:56,2305,2304.8,2305,41,27,27
9:16:56,2304.6,2304.6,2305,22,3,25
9:16:57,2304.8,2304.6,2304.8,7,28,2
9:16:57,2304.8,2304.6,2304.8,26,7,1
9:16:58,2304.4,2304.4,2304.6,8,59,7
9:16:58,2304.4,2304.4,2304.6,18,46,5
9:16:59,2304.6,2304.4,2304.6,4,46,3
9:16:59,2304.6,2304.6,2304.8,12,1,16
9:17:00,2304.6,2304.6,2304.8,3,7,16
9:17:00,2304.8,2304.6,2304.8,10,8,7
9:17:01,2304.6,2304.6,2304.8,7,5,4
9:17:01,2304.6,2304.6,2305,9,25,27
9:17:02,2305,2304.8,2305,6,5,32
9:17:02,2305,2304.8,2305,19,5,13
9:17:03,2305,2305,2305.2,43,9,3
9:17:03,2305,2305,2305.2,3,9,1
9:17:04,2305,2304.8,2305,6,5,4
9:17:04,2304.8,2304.8,2305.4,16,10,10
9:17:05,2305,2305,2305.2,6,11,55
9:17:05,2304.8,2304.8,2305,37,2,34
9:17:06,2304.8,2304.6,2304.8,11,18,26
9:17:06,2304.6,2304.4,2304.6,29,48,1
9:17:07,2304.6,2304.4,2304.8,7,45,43
9:17:07,2304.4,2304.4,2304.6,12,44,8
9:17:08,2304.6,2304.4,2304.6,12,33,17
9:17:08,2304.4,2304.4,2304.6,8,28,24
9:17:09,2304.4,2304.2,2304.4,31,20,6
9:17:09,2304.2,2304.2,2304.4,5,17,10
9:17:10,2304.2,2304,2304.2,17,13,11
9:17:10,2304,2303.6,2304,25,6,12
9:17:11,2303.8,2303.6,2303.8,7,4,5
9:17:11,2303.6,2303.6,2303.8,3,14,4
9:17:12,2303.8,2303.4,2303.6,24,21,20
9:17:12,2303.6,2303.4,2303.6,6,21,18
9:17:13,2303.4,2303.4,2303.6,15,8,20
9:17:13,2303.6,2303.4,2303.6,11,7,11
9:17:14,2303.6,2303.4,2303.6,7,3,9
9:17:14,2303.6,2303.2,2303.6,12,12,6
9:17:15,2303.6,2303.6,2304,8,10,12
9:17:15,2303.6,2303.6,2303.8,3,15,2
9:17:16,2303.8,2303.8,2304,3,2,12
9:17:16,2303.6,2303.6,2304,5,22,10
9:17:17,2303.8,2304,2304.2,13,1,2
9:17:17,2303.8,2303.8,2304.2,10,5,2
9:17:18,2304.2,2304,2304.2,2,14,3
9:17:18,2304,2304,2304.2,9,6,3
9:17:19,2303.6,2304,2304.2,50,1,11
9:17:19,2304.2,2304,2304.2,3,1,8
9:17:20,2303.8,2303.8,2304,2,19,1
9:17:21,2304,2303.8,2304,1,19,1
9:17:21,2303.6,2303.8,2304,27,1,10
9:17:22,2304,2303.6,2303.8,14,13,6
9:17:22,2303.8,2303.6,2303.8,3,13,4
9:17:23,2303.8,2303.6,2304,5,13,8
9:17:23,2303.6,2303.6,2303.8,3,11,5
9:17:24,2303.8,2303.6,2303.8,2,11,5
9:17:24,2303.8,2303.8,2304,12,14,32
9:17:25,2303.8,2303.8,2304,5,9,36
9:17:25,2304,2303.8,2304,3,62,34
9:17:26,2303.8,2303.8,2304,29,52,14
9:17:26,2304,2304,2304.2,19,40,22
9:17:27,2304.2,2304,2304.2,4,42,18
9:17:27,2304.2,2304,2304.2,1,41,17
9:17:28,2304.4,2304.2,2304.4,33,6,6
9:17:28,2304,2304,2304.2,22,41,1
9:17:29,2304,2304,2304.4,3,36,8
9:17:29,2304,2304,2304.2,1,46,6
9:17:30,2304.2,2304,2304.2,5,45,2
9:17:30,2304,2304,2304.2,3,47,17
9:17:31,2304.2,2304,2304.2,3,47,14
9:17:31,2304,2304,2304.2,9,34,8
9:17:32,2304,2304,2304.2,21,13,8
9:17:32,2304,2303.8,2304,14,57,21
9:17:33,2303.8,2303.8,2304,21,57,24
9:17:33,2303.8,2303.8,2304,50,18,14
9:17:34,2303.8,2303.8,2304,6,13,45
9:17:34,2303.8,2303.6,2304,22,13,41
9:17:35,2303.8,2303.8,2304,8,30,40
9:17:35,2303.8,2303.8,2304,1,29,39
9:17:36,2303.8,2303.8,2304,2,28,45
9:17:36,2304,2303.8,2304,3,26,46
9:17:37,2304,2303.8,2304,3,25,44
9:17:37,2304,2303.8,2304,8,43,39
9:17:38,2304,2303.8,2304,25,22,35
9:17:38,2304,2304,2304.2,37,19,17
9:17:39,2304.2,2304.2,2304.4,18,7,8
9:17:39,2304.2,2304.2,2304.4,1,9,8
9:17:40,2304.4,2304.2,2304.4,5,7,5
9:17:40,2304.4,2304.2,2304.4,3,7,3
9:17:41,2304.4,2304.2,2304.4,5,5,1
9:17:41,2305,2304.2,2305,34,2,67
9:17:42,2305,2304.6,2305,1,24,54
9:17:43,2305,2304.8,2305,6,1,51
9:17:43,2304.6,2304.6,2305,30,19,28
9:17:44,2305,2304.4,2305,7,12,26
9:17:44,2304.6,2304.6,2304.8,1,10,2
9:17:45,2304.6,2304.6,2304.8,5,5,8
9:17:45,2304.6,2304.4,2304.6,3,12,16
9:17:46,2304.6,2304.4,2304.6,2,12,15
9:17:46,2304.4,2304.4,2304.6,4,13,16
9:17:47,2304.4,2304.4,2304.6,17,10,6
9:17:47,2304.6,2304.4,2304.6,2,9,5
9:17:48,2304.6,2304.4,2304.6,4,6,4
9:17:48,2304.4,2304.4,2304.6,1,6,4
9:17:49,2304.4,2304.4,2304.6,4,4,3
9:17:49,2304,2304,2304.4,15,39,1
9:17:50,2304.2,2304.2,2304.6,8,5,1
9:17:50,2304.6,2304.2,2304.4,2,5,15
9:17:51,2304.2,2304,2304.4,8,39,12
9:17:51,2304.4,2304,2304.2,2,39,1
9:17:52,2304.4,2304.2,2304.4,4,9,8
9:17:52,2304.2,2304.2,2304.4,17,1,1
9:17:53,2304.4,2304,2304.2,4,51,6
9:17:53,2304.2,2304,2304.2,3,54,33
9:17:54,2304,2304,2304.2,1,53,33
9:17:54,2304,2304,2304.2,30,25,41
9:17:55,2304.2,2304,2304.2,5,23,38
9:17:55,2304,2303.8,2304,27,47,8
9:17:56,2304.2,2303.8,2304.2,11,47,35
9:17:56,2303.8,2303.8,2304,6,45,1
9:17:57,2303.8,2303.8,2304.2,3,44,31
9:17:57,2303.8,2303.8,2304,4,43,4
9:17:58,2303.8,2303.8,2304,3,41,3
9:17:58,2304,2304,2304.2,7,3,29
9:17:59,2303.8,2303.8,2304,6,41,6
9:17:59,2304,2304,2304.2,14,69,30
9:18:00,2304,2304,2304.2,7,67,28
9:18:00,2304.2,2304.2,2304.4,43,30,18
9:18:01,2304.4,2304.2,2304.4,11,33,11
9:18:01,2304.2,2304.2,2304.4,11,29,10
9:18:02,2304.4,2304.2,2304.4,4,29,12
9:18:02,2304.2,2304.2,2304.4,17,12,9
9:18:03,2304.4,2304.2,2304.6,10,12,13
9:18:03,2304.4,2304.4,2304.6,28,23,13
9:18:04,2304.4,2304.4,2304.6,15,11,12
9:18:05,2304.6,2304.4,2304.6,11,11,1
9:18:05,2304.6,2304.6,2304.8,4,5,23
9:18:06,2304.8,2304.6,2304.8,3,9,20
9:18:07,2304.6,2304.4,2304.6,14,11,12
9:18:08,2304.4,2304.4,2304.6,8,6,15
9:18:08,2304.6,2304.4,2304.6,7,3,11
9:18:09,2304.4,2304.2,2304.6,9,11,11
9:18:09,2304.6,2304.2,2304.4,6,9,2
9:18:10,2304.4,2304.2,2304.6,2,9,9
9:18:10,2304.6,2304.2,2304.6,12,2,5
9:18:11,2304.2,2304.4,2304.8,12,1,15
9:18:11,2304,2304,2304.8,9,32,15
9:18:12,2304.2,2304.2,2304.6,4,20,7
9:18:12,2304.2,2304.2,2304.6,2,24,5
9:18:13,2304.6,2304.6,2304.8,5,33,14
9:18:13,2304.8,2304.6,2304.8,8,32,9
9:18:14,2304.8,2304.8,2305,10,1,43
9:18:14,2304.8,2304.8,2305,2,1,43
9:18:15,2305,2305,2305.2,53,15,20
9:18:16,2305,2305,2305.2,10,7,19
9:18:16,2305.2,2305,2305.2,11,9,12
9:18:17,2305.2,2305,2305.2,11,3,7
9:18:17,2305.2,2305,2305.2,3,3,5
9:18:18,2305,2304.8,2305,6,53,4
9:18:18,2305.2,2305,2305.4,7,14,12
9:18:19,2305.2,2305.2,2305.4,1,3,13
9:18:19,2305,2305,2305.4,5,14,13
9:18:20,2305.4,2305.2,2305.4,7,2,9
9:18:20,2305,2305,2305.2,10,11,1
9:18:21,2305.4,2305.2,2305.4,8,1,6
9:18:21,2305,2305,2305.2,10,39,20
9:18:22,2305.2,2305,2305.2,8,35,25
9:18:22,2305,2305,2305.6,45,37,44
9:18:23,2305.6,2305,2305.4,1,37,26
9:18:23,2305.4,2305.2,2305.4,6,3,21
9:18:24,2305,2305,2305.2,22,19,1
9:18:24,2305.2,2305,2305.4,5,19,52
9:18:25,2305,2305,2305.4,4,18,55
9:18:25,2305,2305,2305.2,10,12,8
9:18:26,2305.2,2305,2305.2,6,10,17
9:18:26,2305.2,2305,2305.2,12,4,20
9:18:27,2305.2,2305,2305.2,14,1,17
9:18:27,2304.8,2304.8,2305,8,52,9
9:18:28,2305,2304.8,2305,9,52,7
9:18:28,2305,2304.8,2305,6,52,5
9:18:29,2305.2,2305,2305.2,7,1,40
9:18:29,2305.2,2305,2305.2,41,4,37
9:18:30,2305.2,2305,2305.2,10,1,32
9:18:31,2305,2304.8,2305,9,19,26
9:18:31,2305,2304.8,2305,9,19,18
9:18:32,2305,2304.8,2305,4,20,15
9:18:32,2305,2304.8,2305,7,20,32
9:18:33,2304.8,2304.6,2305,20,39,33
9:18:33,2305,2304.6,2304.8,21,39,1
9:18:34,2304.8,2304.2,2304.6,41,19,5
9:18:34,2304.2,2304.2,2304.6,4,16,9
9:18:35,2304.6,2304.2,2304.6,4,17,14
9:18:35,2304.2,2304.2,2304.6,3,16,13
9:18:36,2304.6,2304.2,2304.6,1,16,16
9:18:36,2304.2,2304.2,2304.6,2,15,15
9:18:37,2304.6,2304.2,2304.6,7,17,8
9:18:37,2304.2,2304.2,2304.6,1,18,6
9:18:38,2304.6,2304.4,2304.6,8,29,1
9:18:38,2304.8,2304.6,2304.8,3,2,34
9:18:39,2304.6,2304.6,2304.8,5,5,31
9:18:39,2304.6,2304.4,2304.8,5,30,31
9:18:40,2304.4,2304.4,2304.6,1,29,2
9:18:40,2304.8,2304.4,2304.8,9,24,29
9:18:41,2304.8,2304.4,2304.8,3,24,27
9:18:41,2304.8,2304.6,2304.8,1,1,29
9:18:42,2304.4,2304.6,2304.8,3,1,29
9:18:42,2304.6,2304.4,2304.6,2,23,3
9:18:43,2304.6,2304.4,2304.8,3,23,29
9:18:43,2304.4,2304.4,2304.6,4,19,1
9:18:44,2304.6,2304.4,2304.6,3,19,6
9:18:45,2304.6,2304.4,2304.6,3,20,19
9:18:45,2304.4,2304.4,2304.6,19,5,16
9:18:46,2304.4,2304.2,2304.6,14,20,10
9:18:46,2304,2304.2,2304.6,29,1,11
9:18:47,2304.4,2304.2,2304.4,6,4,3
9:18:47,2304.2,2304.2,2304.4,4,18,5
9:18:48,2304.6,2304.4,2304.6,8,1,16
9:18:48,2304.2,2304.2,2304.4,4,25,7
9:18:49,2304.2,2304.2,2304.4,15,17,1
9:18:49,2304.4,2304.4,2304.6,34,19,20
9:18:50,2304.4,2304.4,2304.6,4,16,20
9:18:50,2304.4,2304.4,2304.6,4,19,20
9:18:51,2304.4,2304.4,2304.6,3,17,14
9:18:51,2304.4,2304.4,2304.6,7,13,12
9:18:52,2304.6,2304.4,2304.6,12,4,9
9:18:52,2304.4,2304.4,2304.6,9,2,3
9:18:53,2304.4,2304.2,2304.4,2,30,4
9:18:53,2304.2,2304.2,2304.4,29,4,1
9:18:54,2304.6,2304,2304.6,53,18,3
9:18:54,2304.2,2304.2,2304.6,1,5,6
9:18:55,2304.2,2304,2304.2,15,17,2
9:18:55,2304,2303.8,2304,35,26,78
9:18:56,2304,2303.6,2303.8,58,5,1
9:18:56,2303.6,2303.4,2303.6,6,10,18
9:18:57,2303.4,2303.4,2303.6,6,5,20
9:18:57,2303.4,2303.2,2303.4,15,20,58
9:18:58,2303.2,2303.2,2303.4,10,22,51
9:18:58,2303.4,2303.2,2303.4,9,14,52
9:18:59,2303.2,2303.2,2303.4,8,7,52
9:18:59,2303.4,2303,2303.2,21,83,2
9:19:00,2303,2303,2303.2,13,84,17
9:19:00,2303.2,2303,2303.2,15,79,13
9:19:01,2303,2302.8,2303,93,9,32
9:19:01,2303,2302.8,2303,8,7,32
9:19:02,2302.8,2302.6,2302.8,26,13,36
9:19:02,2302.6,2302.6,2302.8,19,14,26
9:19:03,2302.6,2302.4,2302.6,28,48,1
9:19:03,2302.6,2302.6,2302.8,13,3,10
9:19:04,2302.6,2302.6,2302.8,26,3,3
9:19:04,2302.4,2302.8,2303,36,4,20
9:19:05,2302.6,2302.6,2303,10,13,18
9:19:05,2303,2302.8,2303.2,26,1,10
9:19:06,2303,2302.8,2303.4,22,4,48
9:19:06,2303.2,2302.8,2303.2,7,6,2
9:19:07,2303.2,2303.2,2303.4,14,2,35
9:19:07,2303,2302.8,2303.2,8,10,2
9:19:08,2302.8,2303,2303.2,6,1,2
9:19:08,2303.2,2303,2303.2,4,11,4
9:19:09,2303,2302.8,2303,14,17,14
9:19:09,2302.8,2302.8,2303,12,15,4
9:19:10,2303,2302.8,2303,2,13,6
9:19:10,2303.2,2303,2303.2,12,17,1
9:19:11,2303,2303,2303.2,1,18,1
9:19:11,2303.2,2303,2303.2,6,19,8
9:19:12,2303.2,2303,2303.2,24,1,4
9:19:12,2302.8,2302.8,2303,3,15,1
9:19:13,2303,2302.8,2303,8,12,3
9:19:13,2303,2302.8,2303,4,13,5
9:19:14,2302.6,2302.4,2302.6,29,22,8
9:19:14,2302.4,2302.2,2302.4,29,18,4
9:19:15,2302.2,2302,2302.2,29,40,2
9:19:15,2302,2302,2302.4,19,23,6
9:19:16,2302,2301.8,2302,24,29,10
9:19:16,2302,2302,2302.8,22,27,7
9:19:17,2302.2,2302.2,2302.6,32,13,24
9:19:17,2302.2,2302.2,2302.6,9,23,22
9:19:18,2302.2,2302.4,2302.6,5,2,22
9:19:18,2302.6,2302.2,2302.6,8,35,17
9:19:19,2302.4,2302.2,2302.4,6,33,2
9:19:19,2302.4,2302.2,2302.4,14,34,6
9:19:20,2302.4,2302.2,2302.4,8,30,2
9:19:20,2302.6,2302.4,2302.6,20,52,12
9:19:21,2302.6,2302.4,2302.6,4,59,8
9:19:21,2302.6,2302.6,2302.8,16,46,8
9:19:22,2302.8,2302.6,2303,26,28,23
9:19:22,2303,2302.8,2303,10,55,13
9:19:23,2303,2302.8,2303,10,47,11
9:19:23,2302.8,2302.8,2303,5,39,7
9:19:24,2303,2302.8,2303,2,38,6
9:19:24,2303,2303,2303.2,6,2,12
9:19:25,2302.8,2302.8,2303,8,32,2
9:19:25,2302.8,2302.8,2303.2,11,25,19
9:19:26,2303,2303,2303.2,2,1,25
9:19:26,2303.2,2303,2303.2,1,1,24
9:19:27,2303,2303,2303.2,2,1,24
9:19:27,2302.8,2302.8,2303,5,23,29
9:19:28,2303,2302.8,2303,3,24,29
9:19:28,2302.8,2302.8,2303,10,18,27
9:19:29,2302.8,2302.8,2303,6,14,29
9:19:30,2302.8,2302.8,2303,5,59,37
9:19:30,2302.8,2302.8,2303,5,56,36
9:19:31,2303,2302.8,2303,35,34,23
9:19:31,2302.8,2302.8,2303,3,33,21
9:19:32,2302.8,2302.6,2302.8,39,15,31
9:19:32,2302.8,2302.6,2302.8,6,20,33
9:19:33,2302.8,2302.4,2302.8,44,37,14
9:19:33,2302.8,2302.4,2302.6,2,36,1
9:19:34,2302.8,2302.4,2302.8,1,37,17
9:19:34,2302.4,2302.6,2302.8,3,2,20
9:19:35,2302.8,2302.6,2302.8,10,38,10
9:19:35,2302.8,2302.6,2302.8,8,43,3
9:19:36,2302.8,2302.8,2303,3,39,20
9:19:36,2302.8,2302.8,2303,21,21,20
9:19:37,2302.8,2302.8,2303,8,7,14
9:19:37,2303,2302.8,2303,2,14,14
9:19:38,2302.8,2302.8,2303,2,12,19
9:19:38,2303,2302.8,2303,1,12,18
9:19:39,2302.8,2302.8,2303,10,5,19
9:19:39,2303,2302.8,2303,4,3,17
9:19:40,2302.8,2302.8,2303,6,2,15
9:19:40,2303,2302.8,2303,3,4,13
9:19:41,2303,2302.8,2303,1,4,12
9:19:41,2303,2302.8,2303,2,4,15
9:19:42,2302.8,2302.8,2303,1,5,16
9:19:42,2303,2303,2303.2,20,3,22
9:19:43,2303,2303,2303.2,1,5,22
9:19:44,2303,2303,2303.2,1,8,22
9:19:44,2303.2,2303,2303.2,2,10,21
9:19:45,2303,2303,2303.2,1,10,23
9:19:45,2303.2,2303,2303.2,6,7,20
9:19:46,2303,2303,2303.2,8,1,18
9:19:46,2303,2302.8,2303.2,17,35,4
9:19:47,2303.2,2302.8,2303.2,1,40,4
9:19:47,2303,2303,2303.2,4,19,20
9:19:48,2303.4,2303,2303.6,38,20,11
9:19:48,2303.6,2303,2303.6,3,4,9
9:19:49,2303.6,2303.2,2303.6,5,11,5
9:19:49,2303.6,2303.2,2303.6,8,1,11
9:19:50,2303,2302.8,2303,19,40,8
9:19:50,2303,2302.8,2303,4,41,4
9:19:51,2303.2,2303,2303.4,5,12,8
9:19:51,2303,2303,2303.2,3,14,5
9:19:52,2303,2303,2303.2,3,38,4
9:19:52,2303,2303,2303.2,5,37,7
9:19:53,2303,2303,2303.2,16,33,16
9:19:53,2303,2303,2303.2,12,32,5
9:19:54,2303.2,2303,2303.2,2,31,8
9:19:55,2303.2,2303,2303.2,1,33,22
9:19:55,2303.2,2303,2303.2,2,33,24
9:19:56,2303,2303,2303.2,1,33,24
9:19:56,2303,2303,2303.2,3,30,24
9:19:57,2303.2,2303,2303.2,2,29,23
9:19:57,2303.2,2303,2303.2,1,29,22
9:19:58,2303,2303,2303.2,1,28,22
9:19:59,2303.2,2303,2303.2,5,29,19
9:19:59,2303.2,2303.2,2303.4,27,16,4
9:20:00,2303.2,2303.2,2303.4,2,16,4
9:20:00,2303.2,2303,2303.4,16,25,2
9:20:01,2303,2303.2,2303.6,3,12,11
9:20:01,2303.2,2303.2,2303.8,5,8,8
9:20:02,2303.4,2303.2,2303.8,14,7,4
9:20:02,2303.4,2303.2,2303.8,1,7,4
9:20:03,2303.8,2303.4,2303.6,52,1,4
9:20:03,2303.6,2302.8,2303.4,4,38,26
9:20:04,2302.6,2302.6,2302.8,41,15,22
9:20:04,2302.8,2302.6,2302.8,3,15,20
9:20:05,2302.8,2302.6,2302.8,20,4,11
9:20:05,2302.8,2302.6,2302.8,3,6,8
9:20:06,2302.4,2302.6,2302.8,16,3,3
9:20:06,2302.4,2302.4,2302.8,11,22,4
9:20:07,2302.4,2302.4,2303,13,16,3
9:20:07,2302.4,2302.4,2303,6,15,2
9:20:08,2303.2,2303,2303.2,21,22,1
9:20:09,2303,2303,2303.2,1,22,1
9:20:09,2303,2303,2303.2,11,11,1
9:20:10,2303,2302.8,2303,14,2,49
9:20:10,2302.8,2302.6,2302.8,3,5,6
9:20:11,2302.6,2302.4,2302.6,5,13,12
9:20:11,2302.6,2302.4,2302.6,15,1,12
9:20:12,2302.4,2302.2,2302.4,12,40,8
9:20:12,2302.2,2302.2,2302.4,3,39,7
9:20:13,2302.4,2302.4,2302.6,9,10,14
9:20:13,2302.4,2302.4,2302.6,2,9,5
9:20:14,2302.4,2302.4,2302.6,13,4,3
9:20:15,2302.4,2302.4,2302.6,1,5,16
9:20:15,2302.4,2302.4,2302.6,3,6,16
9:20:16,2302.4,2302.4,2302.6,4,4,2
9:20:16,2302.6,2302.4,2302.6,2,5,5
9:20:17,2302.6,2302.4,2302.6,2,5,6
9:20:17,2302.4,2302.4,2302.6,1,5,6
9:20:18,2302.6,2302.2,2302.8,11,43,6
9:20:18,2302.4,2302.4,2302.8,3,16,7
9:20:19,2302.4,2302.4,2302.6,3,14,10
9:20:19,2302.6,2302.4,2302.6,5,12,8
9:20:20,2302.6,2302.4,2302.6,1,14,7
9:20:20,2302.4,2302.4,2302.6,17,1,6
9:20:21,2302.6,2302.4,2302.6,5,14,1
9:20:22,2302.8,2302.8,2303,12,11,121
9:20:22,2303,2302.8,2303,3,10,119
9:20:23,2302.8,2302.4,2302.8,17,15,31
9:20:23,2302.8,2302.4,2302.8,2,14,34
9:20:24,2302.4,2302.4,2302.6,23,12,7
9:20:24,2302.4,2302.4,2302.6,7,6,12
9:20:25,2302.6,2302.4,2302.6,1,15,12
9:20:25,2302.4,2302.4,2302.6,3,13,15
9:20:26,2302.6,2302.4,2302.6,17,5,1
9:20:26,2302.6,2302.4,2302.8,1,6,8
9:20:27,2302.4,2302.4,2302.8,3,16,9
9:20:27,2302.4,2302.6,2302.8,5,2,6
9:20:28,2302.8,2302.6,2302.8,4,7,3
9:20:28,2302.4,2302.4,2303,40,10,120
9:20:29,2302.4,2302.6,2302.8,2,1,8
9:20:29,2302.8,2302.8,2303,11,1,120
9:20:30,2302.8,2302.8,2303,1,8,119
9:20:30,2303,2302.8,2303,58,1,62
9:20:31,2302.8,2302.6,2302.8,6,1,23
9:20:31,2302.8,2302.6,2302.8,26,8,3
9:20:32,2302.8,2302.6,2302.8,1,9,2
9:20:32,2302.8,2302.6,2302.8,1,11,20
9:20:33,2302.8,2302.6,2302.8,1,11,21
9:20:33,2302.6,2302.6,2302.8,6,5,21
9:20:34,2302.6,2302.6,2302.8,2,3,21
9:20:35,2302.8,2302.6,2302.8,1,2,22
9:20:35,2302.8,2302.6,2302.8,1,2,21
9:20:36,2302.6,2302.4,2302.6,3,13,1
9:20:36,2302.6,2302.4,2302.8,1,14,19
9:20:37,2302.8,2302.6,2302.8,2,1,17
9:20:37,2302.8,2302.6,2302.8,1,2,16
9:20:38,2302.8,2302.6,2302.8,2,2,15
9:20:38,2302.8,2302.4,2302.8,5,17,30
9:20:39,2302.6,2302.4,2302.6,2,22,8
9:20:40,2302.6,2302.4,2302.6,5,24,28
9:20:40,2302.4,2302.2,2302.4,26,56,13
9:20:41,2302.2,2302.2,2302.4,25,32,36
9:20:41,2302.2,2302,2302.2,75,111,8
9:20:42,2302,2302,2302.2,2,110,10
9:20:42,2302.2,2302,2302.2,24,89,6
9:20:43,2302,2302,2302.2,3,89,3
9:20:43,2302.2,2302,2302.4,41,68,4
9:20:44,2302,2302.2,2302.4,12,2,6
9:20:45,2302.2,2302.2,2302.4,8,6,4
9:20:45,2302.2,2302.2,2302.4,2,9,4
9:20:46,2302.2,2302.2,2302.4,5,15,1
9:20:46,2302.4,2302.4,2302.6,4,42,6
9:20:47,2302.6,2302.6,2302.8,13,21,17
9:20:47,2302.8,2302.6,2302.8,32,3,5
9:20:48,2302.8,2302.8,2303,11,7,70
9:20:48,2302.8,2302.8,2303,15,5,59
9:20:49,2303,2302.8,2303,32,8,28
9:20:50,2303,2302.8,2303,32,17,2
9:20:50,2303,2303,2303.2,3,2,10
9:20:51,2303,2303,2303.2,3,4,10
9:20:51,2303.2,2303,2303.2,5,3,7
9:20:52,2303,2303,2303.2,2,3,7
9:20:52,2302.4,2302.4,2303.2,22,35,6
9:20:53,2303,2302.6,2303,9,1,10
9:20:53,2302.6,2302.6,2303,2,1,6
9:20:54,2302.6,2302.6,2303,1,6,5
9:20:55,2302.6,2302.6,2303,4,6,5
9:20:55,2302.6,2302.6,2303,1,7,11
9:20:57,2302.8,2302.6,2302.8,2,8,2
9:20:57,2302.8,2302.8,2303,3,4,15
9:20:58,2302.8,2302.8,2303,2,5,15
9:20:58,2303,2302.8,2303,6,3,12
9:20:59,2303,2302.8,2303,3,1,14
9:21:00,2302.8,2302.6,2302.8,4,28,8
9:21:00,2302.8,2302.6,2302.8,6,27,3
9:21:01,2303,2302.8,2303,6,4,14
9:21:01,2302.8,2302.6,2302.8,10,26,6
9:21:02,2302.6,2302.6,2302.8,8,20,4
9:21:02,2302.8,2302.8,2303,4,37,17
9:21:03,2303,2302.8,2303,4,38,16
9:21:03,2303,2303,2303.2,29,8,10
9:21:04,2303.2,2303,2303.2,1,14,9
9:21:04,2303.2,2303,2303.2,5,25,8
9:21:05,2303,2302.8,2303,35,36,5
9:21:05,2303.2,2302.8,2303,6,37,2
9:21:06,2303,2302.8,2303,1,37,3
9:21:06,2303,2303,2303.2,6,2,4
9:21:07,2303.2,2303,2303.2,3,4,20
9:21:07,2303,2303,2303.2,4,4,17
9:21:08,2303,2302.8,2303,7,38,14
9:21:08,2302.8,2302.8,2303,10,37,8
9:21:09,2302.8,2302.8,2303,4,37,9
9:21:09,2302.8,2302.8,2303,3,38,9
9:21:10,2303,2303,2303.2,10,41,16
9:21:10,2303.2,2303.2,2303.4,49,10,56
9:21:11,2303.2,2303.2,2303.4,10,2,54
9:21:11,2303,2303,2303.4,6,21,54
9:21:12,2303,2303,2303.2,7,15,5
9:21:12,2303.2,2303,2303.2,3,17,14
9:21:13,2303.2,2303,2303.2,5,17,11
9:21:13,2303,2303,2303.2,7,13,15
9:21:14,2303.2,2303,2303.2,11,10,13
9:21:15,2303.2,2303,2303.2,2,13,13
9:21:15,2303,2303,2303.2,5,8,13
9:21:16,2303.2,2303,2303.2,1,8,15
9:21:16,2303,2303,2303.2,6,3,14
9:21:17,2303,2302.8,2303,3,41,1
9:21:17,2303.2,2303,2303.2,6,1,27
9:21:18,2303,2302.8,2303,3,40,33
9:21:18,2303,2302.8,2303,1,40,34
9:21:19,2302.8,2302.8,2303,11,30,40
9:21:19,2302.8,2302.6,2303,32,24,38
9:21:20,2303,2302.6,2302.8,2,23,7
9:21:20,2302.8,2302.6,2302.8,6,31,10
9:21:21,2302.6,2302.6,2302.8,18,15,13
9:21:21,2302.6,2302.6,2302.8,5,14,9
9:21:22,2302.6,2302.6,2302.8,6,14,8
9:21:22,2302.8,2302.6,2302.8,3,15,6
9:21:23,2302.8,2302.6,2302.8,4,17,3
9:21:23,2302.8,2302.6,2302.8,4,15,1
9:21:24,2302.8,2302.8,2303,1,5,44
9:21:24,2303,2302.8,2303,3,8,42
9:21:25,2302.8,2302.8,2303,2,7,41
9:21:25,2302.8,2302.8,2303,4,5,34
9:21:26,2303,2302.8,2303,4,8,32
9:21:26,2303,2302.8,2303,2,8,30
9:21:27,2302.8,2302.8,2303,8,6,27
9:21:28,2302.6,2302.4,2302.6,28,46,7
9:21:29,2302.4,2302.4,2303,14,45,26
9:21:30,2303,2302.6,2303,1,2,24
9:21:30,2302.8,2302.6,2302.8,2,7,20
9:21:32,2302.8,2302.6,2302.8,1,7,19
9:21:32,2302.6,2302.6,2302.8,3,6,17
9:21:33,2302.8,2302.6,2302.8,6,5,15
9:21:34,2302.6,2302.6,2302.8,2,5,14
9:21:34,2302.8,2302.6,2302.8,3,5,11
9:21:35,2302.8,2302.4,2302.8,7,46,10
9:21:35,2302.8,2302.4,2302.6,2,46,2
9:21:36,2302.6,2302.4,2302.6,3,46,10
9:21:36,2302.6,2302.4,2302.6,5,47,7
9:21:37,2302.6,2302.4,2302.6,11,45,1
9:21:37,2302.8,2302.4,2302.8,2,45,7
9:21:38,2302.8,2302.8,2303,9,22,36
9:21:38,2302.8,2302.8,2303,2,21,36
9:21:39,2302.8,2302.8,2303,1,20,35
9:21:39,2302.8,2302.8,2303,1,19,38
9:21:40,2302.8,2302.8,2303,1,19,38
9:21:40,2303,2302.8,2303,1,19,37
9:21:41,2302.8,2302.8,2303,4,15,38
9:21:41,2302.8,2302.8,2303,2,13,38
9:21:42,2302.8,2302.8,2303,4,10,37
9:21:43,2302.8,2302.8,2303,1,9,41
9:21:44,2303,2302.8,2303,2,9,40
9:21:44,2302.8,2302.8,2303,2,7,40
9:21:45,2303,2302.8,2303,3,6,38
9:21:46,2303,2302.8,2303,1,6,39
9:21:47,2303,2302.8,2303,4,4,39
9:21:47,2303,2302.8,2303,1,4,88
9:21:48,2303,2302.8,2303,4,3,86
9:21:48,2302.8,2302.6,2302.8,4,14,8
9:21:49,2303,2302.6,2302.8,25,14,6
9:21:50,2302.8,2302.6,2302.8,3,13,4
9:21:50,2302.8,2302.6,2302.8,3,12,2
9:21:51,2303,2302.8,2303,3,1,72
9:21:51,2302.6,2302.8,2303,4,4,71
9:21:52,2302.6,2302.6,2302.8,5,11,3
9:21:53,2302.6,2302.4,2302.6,28,75,2
9:21:54,2302.8,2302.6,2302.8,6,3,1
9:21:54,2302.6,2302.6,2302.8,2,1,3
9:21:55,2302.6,2302.6,2302.8,6,11,3
9:21:55,2302.6,2302.6,2302.8,12,3,6
9:21:56,2303,2302.8,2303,11,9,64
9:21:56,2302.8,2302.8,2303,1,10,64
9:21:57,2302.8,2302.8,2303,5,5,64
9:21:57,2302.8,2302.8,2303,2,5,63
9:21:58,2302.8,2302.6,2302.8,10,16,5
9:21:59,2302.6,2302.6,2302.8,3,17,9
9:21:59,2302.8,2302.6,2303,10,18,89
9:22:00,2302.6,2302.6,2303,8,11,88
9:22:00,2302.6,2302.8,2303,3,1,88
9:22:01,2302.6,2302.6,2303,7,12,84
9:22:02,2302.8,2302.6,2302.8,8,6,4
9:22:02,2302.6,2302.6,2302.8,1,6,4
9:22:03,2302.8,2302.6,2302.8,2,5,3
9:22:03,2302.6,2302.4,2302.6,8,79,1
9:22:04,2302.6,2302.6,2302.8,1,1,2
9:22:04,2302.6,2302.6,2302.8,2,2,2
9:22:05,2302.8,2302.6,2303,2,2,91
9:22:05,2302.6,2302.6,2303,1,21,91
9:22:07,2302.6,2302.6,2302.8,4,21,2
9:22:07,2302.8,2302.6,2303,2,21,92
9:22:08,2303,2302.8,2303,5,2,87
9:22:09,2303,2302.8,2303,53,2,34
9:22:09,2303,2302.8,2303,3,6,32
9:22:10,2303.2,2303,2303.2,35,50,23
9:22:10,2303.2,2303,2303.2,22,35,2
9:22:11,2303.2,2303.2,2303.4,4,22,55
9:22:12,2303.4,2303.2,2303.4,6,26,50
9:22:12,2303.4,2303.2,2303.4,3,26,48
9:22:13,2303.4,2303.2,2303.4,1,9,47
9:22:13,2303.2,2303.2,2303.4,17,3,37
9:22:14,2303.2,2303.2,2303.4,3,1,37
9:22:14,2303.2,2303,2303.2,3,24,2
9:22:15,2303.2,2303,2303.4,2,24,37
9:22:16,2303.2,2303,2303.4,1,26,36
9:22:16,2303.4,2303,2303.2,7,27,1
9:22:17,2303.2,2303,2303.4,2,27,29
9:22:17,2303.4,2303,2303.4,1,27,28
9:22:18,2303.4,2303.2,2303.4,3,1,25
9:22:19,2303.4,2303.2,2303.4,2,1,24
9:22:19,2303.4,2303.2,2303.4,2,1,24
9:22:20,2303.2,2303.2,2303.4,8,10,18
9:22:20,2303.4,2303.4,2303.6,23,7,7
9:22:21,2303.6,2303.6,2303.8,7,43,38
9:22:21,2303.8,2303.6,2303.8,5,42,34
9:22:22,2303.8,2303.6,2303.8,9,41,26
9:22:22,2303.6,2303.6,2303.8,9,39,19
9:22:23,2303.8,2303.6,2303.8,7,38,13
9:22:23,2303.8,2303.6,2303.8,6,38,7
9:22:24,2303.8,2303.6,2303.8,10,37,7
9:22:24,2303.8,2303.6,2303.8,2,38,9
9:22:25,2303.8,2303.6,2303.8,6,36,5
9:22:25,2303.6,2303.6,2303.8,2,35,9
9:22:26,2303.6,2303.6,2303.8,9,32,12
9:22:26,2303.6,2303.6,2303.8,33,1,14
9:22:27,2303.8,2303.4,2303.8,3,9,14
9:22:27,2303.8,2303.4,2303.8,7,8,8
9:22:28,2303.6,2303.4,2303.6,14,3,6
9:22:28,2303.6,2303.4,2303.6,1,3,5
9:22:29,2303.8,2303.6,2303.8,7,9,13
9:22:30,2303.6,2303.6,2303.8,3,7,14
9:22:30,2303.6,2303.6,2303.8,3,5,14
9:22:31,2303.8,2303.6,2303.8,3,7,11
9:22:31,2303.8,2303.6,2303.8,6,2,10
9:22:32,2303.6,2303.6,2303.8,1,4,10
9:22:32,2303.8,2303.6,2303.8,7,3,5
9:22:33,2303.8,2303.6,2303.8,2,2,3
9:22:33,2303.6,2303.6,2303.8,4,1,2
9:22:34,2303.8,2303.6,2303.8,2,3,2
9:22:35,2303.6,2303.4,2303.6,4,8,9
9:22:35,2303.6,2303.4,2303.6,1,9,8
9:22:36,2303.8,2303.4,2303.8,13,9,2
9:22:37,2303.8,2303.6,2303.8,12,1,11
9:22:37,2303.8,2303.6,2303.8,2,1,10
9:22:38,2303.8,2303.4,2303.8,2,15,5
9:22:38,2303.8,2303.4,2303.6,1,15,1
9:22:39,2303.6,2303.6,2303.8,4,3,4
9:22:40,2303.8,2303.8,2304,4,27,96
9:22:41,2303.8,2303.6,2303.8,31,6,25
9:22:41,2303.6,2303.6,2303.8,5,2,26
9:22:42,2303.6,2303.4,2303.6,3,18,9
9:22:42,2303.6,2303.6,2303.8,21,7,31
9:22:43,2303.8,2303.6,2303.8,1,8,33
9:22:43,2303.8,2303.6,2303.8,2,42,32
9:22:44,2303.6,2303.6,2303.8,25,19,32
9:22:44,2303.6,2303.6,2303.8,5,16,26
9:22:45,2303.8,2303.4,2303.8,54,3,25
9:22:45,2303.8,2303.4,2303.8,2,3,24
9:22:46,2303.8,2303.4,2303.6,13,3,24
9:22:46,2303.4,2303.4,2303.6,3,5,24
9:22:47,2303.6,2303.4,2303.6,4,5,21
9:22:47,2303.6,2303.4,2303.6,15,6,6
9:22:48,2303.4,2303.4,2303.6,1,17,6
9:22:49,2303.6,2303.4,2303.6,5,17,1
9:22:49,2303.8,2303.8,2304,23,10,94
9:22:50,2303.6,2303.6,2304,12,15,93
9:22:50,2303.6,2303.6,2304,11,5,93
9:22:51,2303.6,2303.6,2303.8,1,5,6
9:22:52,2303.8,2303.6,2303.8,1,5,9
9:22:52,2303.8,2303.6,2303.8,5,3,7
9:22:54,2303.8,2303.6,2303.8,52,3,7
9:22:54,2303.6,2303.4,2303.8,11,21,7
9:22:55,2303.8,2303.4,2303.8,8,17,4
9:22:56,2303.6,2303.4,2303.8,4,16,7
9:22:57,2303.8,2303.8,2304,10,40,106
9:22:57,2304,2303.8,2304,1,40,105
9:22:58,2303.8,2303.8,2304,2,39,104
9:22:58,2304,2303.8,2304,4,37,102
9:22:59,2304,2303.8,2304,3,42,100
9:22:59,2304,2303.8,2304,22,40,82
9:23:00,2304,2303.8,2304,38,39,46
9:23:00,2304,2304,2304.2,47,17,3
9:23:01,2304.4,2304.2,2304.4,12,11,5
9:23:01,2304.4,2304.4,2304.6,5,7,16
9:23:02,2304.4,2304.2,2304.4,19,20,1
9:23:02,2304.6,2304.4,2304.6,26,1,3
9:23:03,2304.8,2304.4,2304.8,10,7,39
9:23:03,2304.2,2304.2,2304.8,17,14,110
9:23:04,2304.6,2304.2,2304.6,3,6,17
9:23:04,2304.2,2304.2,2304.4,15,6,25
9:23:05,2304.4,2304,2304.4,16,23,28
9:23:05,2304.2,2304,2304.2,4,23,2
9:23:06,2304.2,2304,2304.2,5,28,4
9:23:06,2304.2,2304,2304.2,4,27,19
9:23:07,2304.2,2304,2304.2,2,34,17
9:23:07,2304.2,2304,2304.2,16,22,12
9:23:08,2304,2304,2304.2,2,14,12
9:23:08,2304,2304,2304.2,5,9,13
9:23:09,2304,2303.8,2304,9,44,5
9:23:09,2304,2303.8,2304,1,44,5
9:23:10,2303.8,2303.8,2304,12,33,5
9:23:10,2303.8,2303.8,2304,5,32,77
9:23:11,2303.8,2303.8,2304,7,27,76
9:23:11,2303.8,2303.8,2304,17,9,76
9:23:12,2303.8,2303.6,2303.8,9,33,8
9:23:12,2303.8,2303.6,2303.8,3,32,7
9:23:13,2303.8,2303.6,2303.8,1,32,6
9:23:13,2303.8,2303.6,2303.8,9,24,9
9:23:14,2303.6,2303.6,2303.8,2,22,10
9:23:14,2303.6,2303.6,2303.8,2,21,9
9:23:15,2303.4,2303.4,2303.6,23,6,17
9:23:15,2303.4,2303.4,2303.6,8,3,15
9:23:16,2303.4,2303.2,2303.4,13,18,8
9:23:16,2303.4,2303.2,2303.4,2,18,9
9:23:17,2303.2,2303.2,2303.4,3,16,11
9:23:17,2303.2,2303.2,2303.4,3,14,11
9:23:18,2303.2,2303.2,2303.4,2,12,11
9:23:18,2303.4,2303.2,2303.4,4,12,10
9:23:19,2303.2,2303.2,2303.4,3,9,10
9:23:19,2303.2,2303.2,2303.4,6,3,11
9:23:20,2303.4,2303.2,2303.4,3,3,8
9:23:21,2303.4,2303.2,2303.6,10,15,20
9:23:21,2303.6,2303.4,2303.6,9,5,13
9:23:22,2303.4,2303.4,2303.6,2,4,12
9:23:22,2303.4,2303.4,2303.6,2,12,14
9:23:23,2303.4,2303.4,2303.6,13,9,4
9:23:24,2303.4,2303.4,2303.8,7,7,9
9:23:25,2303.8,2303.6,2303.8,1,10,16
9:23:26,2303.8,2303.6,2303.8,3,12,14
9:23:26,2303.6,2303.6,2303.8,1,11,14
9:23:27,2303.6,2303.6,2303.8,10,1,19
9:23:27,2303.6,2303.4,2303.8,1,7,19
9:23:28,2303.4,2303.4,2303.8,1,7,19
9:23:28,2303.8,2303.4,2303.6,2,6,5
9:23:29,2303.4,2303.4,2303.6,1,5,5
9:23:30,2303.6,2303.4,2303.6,6,10,6
9:23:30,2303.4,2303.4,2303.8,9,7,15
9:23:31,2303.4,2303.6,2303.8,1,1,15
9:23:31,2303.4,2303.4,2303.8,1,7,17
9:23:33,2303.8,2303.4,2303.8,1,7,32
9:23:34,2303.6,2303.4,2303.8,1,29,32
9:23:34,2303.4,2303.4,2303.6,1,30,3
9:23:36,2303.4,2303.4,2303.6,4,30,4
9:23:37,2303.4,2303.4,2303.6,3,30,3
9:23:39,2303.4,2303.4,2303.6,2,29,3
9:23:39,2303.6,2303.4,2303.6,2,28,4
9:23:40,2303.6,2303.4,2303.6,1,28,3
9:23:40,2303.4,2303.4,2303.6,3,26,2
9:23:41,2303.4,2303.4,2303.6,2,25,2
9:23:41,2303.4,2303.4,2303.6,1,24,2
9:23:42,2303.6,2303.4,2303.8,2,24,23
9:23:42,2303.4,2303.4,2303.8,1,23,23
9:23:43,2303.8,2303.4,2303.8,2,22,37
9:23:44,2303.4,2303.4,2303.8,1,21,37
9:23:46,2303.8,2303.4,2303.8,1,21,42
9:23:46,2303.6,2303.6,2303.8,1,1,42
9:23:47,2303.4,2303.4,2303.6,5,17,1
9:23:48,2303.6,2303.4,2303.6,1,17,1
9:23:49,2303.4,2303.4,2303.6,6,13,10
9:23:50,2303.4,2303.2,2303.4,13,20,3
9:23:50,2303.4,2303.2,2303.4,1,21,2
9:23:51,2303.2,2303.2,2303.4,22,1,1
9:23:52,2303,2303,2303.4,5,103,6
9:23:53,2303,2303,2303.2,3,102,20
9:23:53,2303.2,2303,2303.2,6,99,17
9:23:54,2303,2303,2303.2,30,69,20
9:23:54,2303,2303,2303.2,45,44,1
9:23:55,2303,2303,2303.2,9,35,2
9:23:55,2303,2303,2303.2,6,30,1
9:23:56,2303.2,2303.2,2303.4,1,13,22
9:23:56,2303.2,2303.2,2303.4,7,7,22
9:23:57,2303,2303,2303.2,11,26,7
9:23:57,2303,2303,2303.2,1,25,7
9:23:58,2303.2,2303,2303.2,2,24,6
9:23:58,2302.8,2302.8,2303,25,13,8
9:23:59,2302.8,2302.8,2303,5,12,14
9:23:59,2302.8,2302.8,2303,1,11,16
9:24:00,2302.8,2302.8,2303,10,5,16
9:24:00,2302.8,2302.8,2303,20,8,6
9:24:01,2302.8,2302.8,2303,9,1,4
9:24:01,2302.6,2302.6,2302.8,15,46,9
9:24:02,2302.6,2302.6,2302.8,10,37,11
9:24:02,2302.6,2302.6,2302.8,10,27,11
9:24:03,2302.6,2302.6,2302.8,14,16,11
9:24:03,2302.6,2302.4,2302.6,17,43,1
9:24:04,2302.4,2302.4,2302.6,2,42,3
9:24:04,2302.6,2302.4,2302.8,5,41,17
9:24:05,2302.4,2302.6,2302.8,8,35,21
9:24:05,2302.8,2302.6,2302.8,13,30,19
9:24:06,2302.6,2302.8,2303,45,9,9
9:24:06,2302.8,2302.8,2303,13,7,3
9:24:07,2302.6,2302.6,2303,17,26,2
9:24:07,2302.6,2302.6,2303,3,26,42
9:24:08,2302.6,2302.6,2302.8,9,8,11
9:24:09,2302.4,2302.4,2302.8,49,2,17
9:24:09,2302.4,2302.4,2302.6,4,2,5
9:24:10,2302.2,2302.2,2302.4,9,25,14
9:24:10,2302.4,2302.2,2302.4,14,23,8
9:24:11,2302.2,2302.2,2302.4,14,11,7
9:24:11,2302,2302,2302.2,15,121,3
9:24:12,2302.2,2302,2302.4,27,117,10
9:24:12,2302,2302,2302.2,31,94,1
9:24:13,2302.2,2302.2,2302.4,24,23,8
9:24:13,2302.2,2302,2302.2,35,78,13
9:24:14,2302,2302,2302.2,21,75,5
9:24:14,2302.2,2302,2302.2,22,52,3
9:24:15,2302,2302,2302.2,4,51,5
9:24:15,2302,2302,2302.2,10,47,3
9:24:16,2302,2302,2302.2,7,41,3
9:24:16,2302,2302,2302.2,19,27,1
9:24:17,2302,2302.2,2302.4,14,1,9
9:24:17,2302.2,2302.2,2302.4,6,5,6
9:24:18,2302.2,2302.2,2302.4,11,18,5
9:24:18,2302.2,2302.2,2302.4,8,20,5
9:24:19,2302.4,2302,2302.4,24,22,5
9:24:19,2302.4,2302.4,2302.6,12,7,5
9:24:20,2302.2,2302.2,2302.6,4,1,7
9:24:20,2302,2302.2,2302.6,2,2,15
9:24:21,2302.6,2302.2,2302.4,2,2,3
9:24:21,2302.4,2302,2302.4,7,26,14
9:24:22,2302,2302,2302.2,4,14,7
9:24:22,2302,2302,2302.2,3,11,14
9:24:23,2302,2301.8,2302,14,60,10
9:24:23,2302,2301.8,2302,2,60,24
9:24:24,2302,2301.8,2302,9,59,26
9:24:24,2301.8,2301.8,2302,11,55,19
9:24:25,2301.8,2301.8,2302,4,55,16
9:24:25,2301.8,2301.8,2302,15,56,2
9:24:26,2302,2302,2302.2,9,11,26
9:24:26,2302,2302,2302.2,11,4,26
9:24:27,2302,2302,2302.2,2,9,26
9:24:27,2302,2302,2302.2,9,2,25
9:24:28,2302,2302,2302.2,6,3,25
9:24:28,2302.2,2302,2302.2,4,8,24
9:24:29,2302,2302,2302.2,8,6,22
9:24:29,2302,2302,2302.2,8,1,20
9:24:30,2302,2302,2302.2,14,8,12
9:24:30,2302.2,2302,2302.2,6,5,9
9:24:31,2302.4,2302.2,2302.4,23,1,11
9:24:31,2302.4,2302,2302.6,19,9,8
9:24:32,2302,2302,2302.6,3,6,7
9:24:32,2302.4,2302.2,2302.4,9,5,5
9:24:33,2302.2,2302.2,2302.4,3,2,7
9:24:33,2302.2,2302.2,2302.4,1,1,7
9:24:34,2302.2,2302,2302.4,2,7,8
9:24:34,2302,2302.2,2302.4,1,7,8
9:24:35,2302.2,2302.2,2302.4,5,3,7
9:24:35,2302,2301.8,2302.2,12,57,20
9:24:36,2301.8,2301.8,2302.2,2,57,22
9:24:37,2302,2302,2302.2,2,5,22
9:24:37,2302.2,2302,2302.2,5,8,26
9:24:38,2302,2301.8,2302.2,8,58,26
9:24:38,2302,2301.8,2302,3,58,2
9:24:39,2302,2301.8,2302,2,57,2
9:24:39,2302,2301.8,2302,3,55,2
9:24:40,2301.8,2301.8,2302,14,43,2
9:24:40,2302,2301.8,2302.2,9,36,26
9:24:41,2302,2301.8,2302,5,36,2
9:24:41,2301.8,2301.8,2302,8,31,8
9:24:42,2302,2301.8,2302,3,31,39
9:24:42,2302,2301.8,2302,20,14,49
9:24:43,2301.6,2301.6,2301.8,62,9,4
9:24:43,2301.6,2301.4,2301.6,13,11,39
9:24:44,2301.4,2301.4,2301.6,5,7,39
9:24:44,2301.4,2301.2,2301.4,11,56,18
9:24:45,2301.2,2301.2,2301.4,42,20,13
9:24:45,2301.2,2301.2,2301.4,6,16,13
9:24:46,2301.2,2301.2,2301.4,15,4,10
9:24:46,2301.2,2301.2,2301.4,10,8,10
9:24:47,2301.2,2301,2301.2,10,81,6
9:24:47,2301.2,2301.2,2301.4,13,6,10
9:24:48,2301.2,2301.2,2301.4,6,8,9
9:24:48,2301.4,2301.2,2301.4,9,4,6
9:24:49,2301.4,2301.2,2301.4,6,13,2
9:24:49,2301.2,2301,2301.2,20,81,32
9:24:50,2301.2,2301,2301.2,11,81,22
9:24:50,2301,2301,2301.2,8,76,29
9:24:51,2301,2301,2301.2,16,63,29
9:24:51,2301,2301,2301.2,8,56,31
9:24:52,2301,2301,2301.2,5,52,32
9:24:52,2301.2,2301,2301.2,15,41,29
9:24:53,2301,2301,2301.2,35,12,22
9:24:53,2301.2,2301,2301.2,4,10,21
9:24:54,2301,2300.8,2301,11,31,4
9:24:54,2301,2301,2301.2,11,13,21
9:24:55,2300.8,2301,2301.2,45,5,22
9:24:55,2301.2,2301,2301.4,30,12,5
9:24:56,2301.4,2301,2301.4,15,1,1
9:24:56,2301,2301.2,2301.4,64,4,44
9:24:57,2301.2,2301,2301.2,31,2,9
9:24:57,2301,2301,2301.2,6,1,4
9:24:58,2301.2,2300.8,2301.2,7,47,32
9:24:59,2301.2,2300.8,2301,11,52,6
9:24:59,2301,2301,2301.2,7,2,21
9:25:00,2300.8,2301,2301.2,11,1,22
9:25:00,2301,2301,2301.2,7,11,12
9:25:01,2301,2301,2301.2,3,61,13
9:25:01,2301.2,2301.2,2301.4,17,48,44
9:25:02,2301.4,2301.2,2301.4,20,81,35
9:25:02,2301.4,2301.2,2301.4,14,84,24
9:25:03,2301.4,2301.4,2301.6,29,35,7
9:25:03,2301.6,2301.4,2301.6,14,88,5
9:25:04,2301.8,2301.6,2301.8,12,12,8
9:25:04,2302,2301.8,2302,15,15,16
9:25:05,2302,2301.8,2302,7,19,52
9:25:05,2301.8,2301.8,2302,9,17,45
9:25:06,2302,2301.6,2301.8,6,15,2
9:25:06,2301.8,2301.6,2301.8,9,13,13
9:25:07,2301.8,2301.6,2301.8,21,6,9
9:25:07,2301.6,2301.6,2301.8,7,5,18
9:25:08,2301.6,2301.6,2301.8,5,4,18
9:25:08,2301.8,2301.6,2301.8,8,3,10
9:25:09,2301.6,2301.6,2301.8,2,2,36
9:25:09,2301.8,2301.6,2301.8,2,3,34
9:25:10,2301.8,2301.6,2301.8,1,3,33
9:25:10,2301.6,2301.4,2301.8,3,61,33
9:25:11,2301.4,2301.4,2301.6,3,58,7
9:25:11,2301.6,2301.4,2301.6,3,57,5
9:25:12,2301.6,2301.4,2301.6,8,58,4
9:25:12,2301.6,2301.4,2301.6,4,57,3
9:25:13,2301.4,2301.4,2301.6,1,56,3
9:25:13,2301.6,2301.6,2301.8,3,12,36
9:25:14,2301.8,2301.6,2301.8,1,13,37
9:25:14,2301.8,2301.6,2301.8,1,19,36
9:25:15,2301.8,2301.6,2301.8,34,17,14
9:25:16,2301.8,2301.6,2301.8,3,20,11
9:25:16,2301.8,2301.6,2301.8,5,19,7
9:25:17,2301.8,2301.6,2301.8,5,20,3
9:25:17,2301.6,2301.6,2301.8,4,18,2
9:25:18,2301.8,2301.6,2301.8,1,22,7
9:25:19,2301.8,2301.6,2301.8,3,22,5
9:25:19,2301.8,2301.6,2302,9,19,73
9:25:20,2302,2301.6,2302,2,20,71
9:25:20,2302,2301.8,2302,4,11,69
9:25:21,2302,2301.8,2302,5,21,67
9:25:21,2302,2301.8,2302,9,16,63
9:25:22,2301.8,2301.8,2302,16,15,50
9:25:22,2302,2301.8,2302,9,9,47
9:25:23,2302,2301.8,2302,16,9,31
9:25:23,2302,2301.8,2302,17,3,20
9:25:24,2302,2301.8,2302,3,6,17
9:25:25,2302,2301.8,2302,18,2,6
9:25:25,2302,2302,2302.2,6,1,37
9:25:26,2301.6,2301.6,2302.2,12,30,31
9:25:26,2301.6,2301.6,2301.8,4,28,5
9:25:27,2302,2301.6,2301.8,9,27,8
9:25:27,2301.6,2301.6,2301.8,4,25,19
9:25:28,2301.6,2301.6,2301.8,3,29,21
9:25:28,2301.8,2301.6,2301.8,4,29,20
9:25:29,2301.8,2301.6,2301.8,1,29,20
9:25:29,2301.6,2301.6,2301.8,1,29,19
9:25:30,2301.8,2301.6,2301.8,1,36,18
9:25:31,2301.8,2301.6,2301.8,8,36,10
9:25:31,2301.8,2301.6,2301.8,1,36,9
9:25:32,2301.8,2301.6,2301.8,2,36,7
9:25:32,2302,2301.8,2302,8,6,11
9:25:33,2302,2301.8,2302,1,6,12
9:25:33,2302,2301.8,2302,2,9,10
9:25:34,2302,2301.8,2302,9,1,9
9:25:35,2302,2301.8,2302,3,7,7
9:25:35,2301.8,2301.6,2301.8,9,41,1
9:25:36,2302,2302,2302.2,13,8,35
9:25:37,2302,2301.8,2302,9,3,1
9:25:38,2302,2301.8,2302.2,4,9,34
9:25:39,2302,2302,2302.2,1,1,35
9:25:39,2302,2302,2302.2,1,1,36
9:25:40,2302.2,2302,2302.2,6,1,31
9:25:40,2302,2301.8,2302,3,9,1
9:25:41,2302,2301.8,2302,11,13,1
9:25:41,2301.8,2301.8,2302,1,12,2
9:25:42,2302,2301.8,2302,3,12,13
9:25:42,2302,2301.8,2302,2,12,13
9:25:43,2302,2301.8,2302,2,11,13
9:25:43,2302,2301.8,2302,1,11,15
9:25:44,2301.6,2301.4,2301.6,68,64,34
9:25:44,2301.6,2301.4,2301.6,12,64,22
9:25:45,2301.6,2301.4,2301.6,2,63,21
9:25:45,2301.6,2301.4,2301.6,5,73,18
9:25:46,2301.4,2301.4,2301.6,7,67,17
9:25:46,2301.6,2301.4,2301.6,3,69,16
9:25:47,2301.6,2301.4,2301.6,3,67,16
9:25:48,2301.6,2301.4,2301.6,11,64,9
9:25:48,2301.6,2301.4,2301.6,5,63,7
9:25:49,2301.6,2301.4,2301.6,4,62,4
9:25:49,2301.6,2301.4,2301.6,10,58,12
9:25:50,2301.4,2301.4,2301.6,5,56,9
9:25:51,2301.6,2301.4,2301.6,1,57,8
9:25:52,2301.6,2301.4,2301.6,4,57,4
9:25:52,2301.6,2301.4,2301.6,4,55,2
9:25:53,2301.6,2301.4,2301.6,4,52,1
9:25:53,2301.6,2301.4,2301.8,2,51,5
9:25:54,2301.4,2301.4,2301.8,3,51,5
9:25:54,2301.6,2301.6,2302,7,2,21
9:25:55,2301.8,2301.6,2301.8,1,17,8
9:25:55,2301.8,2301.8,2302,15,1,20
9:25:56,2301.8,2301.6,2302,1,5,20
9:25:57,2301.8,2301.6,2302,2,8,20
9:25:57,2302,2301.6,2301.8,2,7,1
9:25:58,2302,2301.6,2302,5,9,18
9:25:59,2301.6,2301.6,2301.8,4,11,6
9:26:00,2301.8,2301.8,2302,9,2,20
9:26:00,2302,2301.8,2302,6,2,14
9:26:01,2301.8,2301.8,2302,1,1,14
9:26:02,2302,2301.8,2302,3,4,12
9:26:03,2301.8,2301.8,2302,3,2,11
9:26:03,2301.8,2301.6,2301.8,3,11,7
9:26:04,2301.6,2301.6,2301.8,5,6,7
9:26:04,2301.6,2301.6,2301.8,1,7,8
9:26:05,2301.6,2301.6,2301.8,3,6,7
9:26:05,2301.6,2301.4,2301.6,9,53,2
9:26:06,2301.6,2301.4,2301.6,1,53,2
9:26:07,2301.6,2301.4,2301.6,3,54,3
9:26:07,2301.6,2301.4,2301.6,1,55,2
9:26:08,2301.6,2301.6,2301.8,2,1,14
9:26:08,2301.6,2301.4,2301.8,2,55,14
9:26:09,2301.4,2301.4,2301.8,1,54,15
9:26:09,2301.4,2301.4,2301.8,2,52,15
9:26:10,2301.4,2301.4,2301.8,4,48,15
9:26:10,2301.4,2301.4,2301.8,2,46,16
9:26:11,2301.4,2301.4,2301.6,26,20,15
9:26:11,2301.4,2301.4,2301.6,1,19,20
9:26:12,2301.2,2301.2,2301.4,37,3,42
9:26:12,2301,2301,2301.2,14,20,34
9:26:13,2301,2301,2301.2,19,3,43
9:26:13,2301,2300.8,2301,5,69,5
9:26:14,2301,2300.8,2301,9,61,32
9:26:14,2300.8,2300.8,2301,3,58,32
9:26:15,2300.8,2300.8,2301,6,53,46
9:26:15,2300.8,2300.8,2301,28,28,57
9:26:16,2300.8,2300.8,2301,4,23,58
9:26:16,2300.8,2300.6,2301,59,26,22
9:26:17,2300.8,2300.6,2300.8,10,26,6
9:26:17,2300.8,2300.6,2300.8,6,23,5
9:26:18,2300.6,2300.4,2300.6,34,92,19
9:26:18,2300.6,2300.4,2300.6,17,80,21
9:26:19,2300.4,2300.4,2300.6,63,46,1
9:26:19,2300.6,2300.6,2300.8,11,6,4
9:26:20,2300.8,2300.8,2301,12,4,27
9:26:20,2300.6,2300.6,2301,6,8,26
9:26:21,2301,2300.6,2301,25,11,3
9:26:21,2300.6,2300.8,2301,5,10,4
9:26:22,2300.8,2300.8,2301,3,10,35
9:26:22,2300.8,2300.8,2301,6,5,32
9:26:23,2300.8,2300.6,2300.8,10,9,9
9:26:23,2300.8,2300.6,2300.8,2,8,15
9:26:24,2300.6,2300.6,2300.8,2,8,21
9:26:24,2300.8,2300.6,2300.8,6,4,20
9:26:25,2300.8,2300.4,2300.8,14,50,12
9:26:25,2300.8,2300.4,2300.6,4,51,16
9:26:26,2300.4,2300.4,2300.6,4,49,17
9:26:26,2300.4,2300.4,2300.6,42,10,15
9:26:27,2300.8,2300.2,2300.4,68,92,5
9:26:27,2300.4,2300.2,2300.4,50,44,40
9:26:28,2300.2,2300.2,2300.4,31,23,23
9:26:28,2300.2,2300,2300.2,28,322,2
9:26:29,2300.2,2300,2300.2,38,289,4
9:26:29,2300.2,2300,2300.2,51,264,55
9:26:30,2300,2300,2300.2,51,216,53
9:26:30,2300,2300,2300.2,63,161,48
9:26:31,2300.2,2300,2300.2,101,70,39
9:26:31,2300,2300,2300.2,17,54,39
9:26:32,2300.2,2300,2300.2,58,6,41
9:26:32,2300,2300,2300.2,22,27,38
9:26:33,2300,2300,2300.2,25,7,34
9:26:33,2300.4,2300.2,2300.4,75,15,4
9:26:34,2300.4,2300.4,2300.6,9,48,5
9:26:34,2300.6,2300.6,2300.8,15,32,31
9:26:35,2300.8,2300.6,2300.8,33,18,12
9:26:35,2300.6,2300.6,2300.8,6,14,10
9:26:36,2300.8,2300.8,2301,11,12,40
9:26:36,2300.8,2300.8,2301,9,11,42
9:26:37,2300.8,2300.8,2301,3,4,43
9:26:37,2300.8,2300.8,2301,3,3,43
9:26:38,2300.8,2300.6,2301,3,18,43
9:26:38,2300.8,2300.6,2301,1,18,44
9:26:39,2300.6,2300.6,2301,4,17,43
9:26:39,2300.6,2300.6,2301,7,11,43
9:26:40,2300.6,2300.6,2300.8,2,10,3
9:26:41,2300.8,2300.8,2301,20,8,35
9:26:41,2300.8,2300.6,2300.8,8,7,2
9:26:42,2300.8,2300.6,2301,7,2,38
9:26:42,2300.8,2300.6,2300.8,3,2,8
9:26:43,2300.6,2300.4,2300.6,4,16,18
9:26:43,2300.4,2300.4,2300.6,5,11,18
9:26:44,2300.4,2300.4,2300.6,2,11,17
9:26:44,2300.4,2300.4,2300.6,9,4,15
9:26:45,2300.6,2300.2,2300.6,9,13,12
9:26:45,2300.2,2300.2,2300.6,8,6,15
9:26:46,2300.6,2300.2,2300.4,5,5,13
9:26:46,2300.2,2300,2300.2,8,33,6
9:26:47,2300,2300,2300.2,6,30,6
9:26:47,2300.2,2300,2300.2,28,8,7
9:26:48,2300.2,2300,2300.2,3,7,6
9:26:48,2300.2,2299.8,2300.2,12,88,2
9:26:49,2300,2300,2300.6,16,16,16
9:26:49,2300.2,2300.2,2300.6,8,11,15
9:26:50,2300.4,2300.4,2300.6,8,40,9
9:26:50,2300.6,2300.6,2300.8,12,15,6
9:26:51,2300.8,2300.8,2301,8,3,49
9:26:51,2301,2300.8,2301,5,13,44
9:26:52,2301,2300.6,2301,24,12,37
9:26:52,2301,2300.8,2301,3,11,35
9:26:53,2300.8,2300.8,2301,3,8,35
9:26:53,2300.8,2300.8,2301,2,6,35
9:26:54,2301,2300.8,2301,2,6,36
9:26:54,2301,2300.8,2301,2,6,34
9:26:55,2301,2300.8,2301,3,5,35
9:26:56,2301,2300.8,2301,1,6,34
9:26:56,2300.8,2300.8,2301,4,2,34
9:26:57,2300.6,2300.6,2301,4,16,33
9:26:57,2300.6,2300.6,2300.8,4,15,3
9:26:58,2300.8,2300.8,2301,11,10,32
9:26:58,2300.8,2300.8,2301,6,5,31
9:26:59,2300.8,2300.6,2300.8,6,15,18
9:26:59,2300.6,2300.6,2300.8,1,15,18
9:27:00,2300.6,2300.6,2300.8,3,13,20
9:27:01,2300.6,2300.4,2300.6,14,3,20
9:27:01,2300.6,2300.4,2300.6,9,2,39
9:27:02,2300.4,2300.2,2300.4,10,11,7
9:27:02,2300.2,2300.2,2300.4,2,10,11
9:27:03,2300.2,2300.2,2300.4,8,8,14
9:27:03,2300.2,2300.2,2300.4,16,4,2
9:27:04,2300.4,2300.2,2300.4,5,10,6
9:27:04,2300.4,2300.2,2300.4,10,13,1
9:27:05,2300.4,2300.4,2300.6,1,9,55
9:27:05,2300.4,2300.4,2300.6,11,4,54
9:27:06,2300.6,2300.4,2300.6,15,11,46
9:27:06,2300.4,2300.4,2300.6,5,7,45
9:27:07,2300.6,2300.4,2300.6,7,8,38
9:27:07,2300.6,2300.4,2300.6,2,12,36
9:27:08,2300.6,2300.4,2300.6,12,10,26
9:27:08,2300.6,2300.6,2300.8,39,7,20
9:27:09,2300.8,2300.8,2301,32,9,45
9:27:09,2300.6,2300.6,2301,20,22,28
9:27:10,2301,2300.8,2301,8,1,26
9:27:10,2301.2,2301,2301.2,41,7,12
9:27:11,2301,2301,2301.2,13,19,15
9:27:11,2301.2,2301,2301.2,4,17,14
9:27:12,2301.2,2301,2301.2,4,18,14
9:27:12,2301.4,2301,2301.4,20,18,10
9:27:13,2301.2,2301,2301.2,1,18,3
9:27:13,2301,2300.8,2301,28,2,6
9:27:14,2301,2300.8,2301,6,2,4
9:27:14,2301,2300.8,2301,7,1,7
9:27:15,2300.8,2300.6,2300.8,3,12,35
9:27:15,2300.6,2300.6,2300.8,12,3,32
9:27:16,2300.4,2300.4,2300.6,6,2,18
9:27:16,2300.4,2300.2,2300.4,23,8,1
9:27:17,2300.2,2300,2300.2,11,72,2
9:27:17,2300.2,2300,2300.4,7,70,10
9:27:18,2300,2300,2300.2,26,44,1
9:27:18,2300.2,2300,2300.4,12,40,2
9:27:19,2300,2300,2300.2,5,40,21
9:27:19,2300,2300,2300.2,2,39,21
9:27:20,2300,2300,2300.2,30,15,16
9:27:20,2300,2300,2300.2,19,5,3
9:27:21,2300,2300,2300.2,8,1,3
9:27:21,2300.2,2300.2,2300.4,7,3,3
9:27:22,2300,2299.8,2300,10,94,1
9:27:22,2300,2300,2300.2,4,7,2
9:27:23,2300,2300,2300.4,4,45,3
9:27:23,2300,2300,2300.2,31,38,1
9:27:24,2300.2,2300.2,2300.4,12,19,3
9:27:24,2300.2,2300.2,2300.4,34,9,6
9:27:25,2300.2,2300.2,2300.4,2,9,6
9:27:25,2300.2,2300.2,2300.4,4,11,6
9:27:26,2300.2,2300.2,2300.4,4,9,8
9:27:26,2300.2,2300.2,2300.4,2,10,7
9:27:27,2300,2300.2,2300.4,15,1,3
9:27:27,2300.2,2300.2,2300.4,9,12,1
9:27:28,2300.4,2300.2,2300.8,1,12,3
9:27:28,2300.2,2300.2,2300.8,5,15,4
9:27:29,2300.2,2300.4,2300.8,1,2,13
9:27:29,2300.2,2300.2,2300.6,2,10,1
9:27:30,2300.4,2300.2,2300.8,3,9,13
9:27:30,2300,2300,2300.8,51,1,14
9:27:31,2300,2299.8,2300.6,2,99,18
9:27:31,2300.4,2300,2300.4,1,3,12
9:27:32,2300.2,2300.2,2300.4,7,1,13
9:27:32,2300,2300,2300.2,4,9,3
9:27:33,2299.8,2299.8,2300.2,16,94,2
9:27:33,2299.8,2299.8,2300.2,21,77,12
9:27:34,2299.8,2299.8,2300,7,74,1
9:27:34,2299.8,2299.8,2300,3,72,6
9:27:35,2299.8,2299.8,2300,14,62,3
9:27:35,2299.8,2299.8,2300,4,58,4
9:27:36,2299.8,2299.8,2300,22,43,5
9:27:36,2300,2299.8,2300,13,32,4
9:27:37,2299.8,2300,2300.2,30,21,7
9:27:37,2300,2300,2300.2,9,14,8
9:27:38,2300,2300,2300.2,9,7,8
9:27:38,2300,2300,2300.2,3,16,8
9:27:39,2300,2300,2300.2,3,19,7
9:27:39,2300.2,2300.2,2300.4,8,18,6
9:27:40,2300.2,2300.2,2300.4,3,21,6
9:27:40,2300.4,2300.4,2300.6,13,4,9
9:27:41,2300.4,2300.4,2300.6,3,5,9
9:27:41,2300.2,2300.2,2300.4,8,18,6
9:27:42,2300.4,2300.2,2300.4,6,14,4
9:27:42,2300.2,2300.2,2300.4,2,12,5
9:27:43,2300.2,2300.2,2300.4,8,5,4
9:27:43,2300.2,2300,2300.2,10,7,4
9:27:44,2300,2300,2300.2,5,6,1
9:27:44,2300.2,2299.8,2300.4,9,36,6
9:27:45,2300,2299.8,2300,24,16,1
9:27:45,2299.6,2299.6,2299.8,27,49,3
9:27:46,2299.8,2299.6,2299.8,38,17,5
9:27:46,2299.6,2299.6,2299.8,6,14,2
9:27:47,2299.8,2299.8,2300,48,8,4
9:27:47,2300,2299.8,2300.2,5,7,12
9:27:48,2299.8,2299.8,2300,2,33,5
9:27:48,2300,2300,2300.2,8,3,12
9:27:49,2300,2300,2300.2,27,4,2
9:27:49,2300,2300,2300.4,5,37,12
9:27:50,2300,2300,2300.4,4,47,15
9:27:50,2300,2300.2,2300.4,3,39,16
9:27:51,2300.4,2300.2,2300.4,16,47,1
9:27:51,2300.4,2300.4,2300.6,27,20,33
9:27:52,2300.4,2300.4,2300.6,11,22,32
9:27:53,2300.4,2300.4,2300.6,1,22,49
9:27:53,2300.4,2300.4,2300.6,14,1,49
9:27:54,2300.2,2300.2,2300.4,11,22,39
9:27:54,2300.2,2300.2,2300.4,19,4,57
9:27:55,2300.4,2300,2300.2,57,16,1
9:27:55,2300,2299.8,2300.2,16,18,7
9:27:56,2299.8,2299.8,2300,1,18,2
9:27:57,2299.8,2299.8,2300,5,26,2
9:27:57,2300,2300,2300.2,7,1,35
9:27:58,2300.2,2300,2300.2,2,4,34
9:27:58,2300,2300,2300.2,4,6,37
9:27:59,2300,2300,2300.2,5,1,37
9:27:59,2300.2,2300,2300.2,13,2,24
9:28:00,2300.2,2300,2300.2,19,7,5
9:28:00,2300.2,2300.2,2300.4,13,32,20
9:28:01,2300.4,2300.2,2300.4,11,33,9
9:28:01,2300.4,2300.2,2300.4,7,44,2
9:28:02,2300.4,2300.2,2300.4,11,50,2
9:28:02,2300.4,2300.4,2300.6,3,16,39
9:28:03,2300.6,2300.4,2300.6,9,17,32
9:28:03,2300.6,2300.4,2300.6,24,27,9
9:28:04,2300.6,2300.6,2300.8,33,13,41
9:28:04,2300.8,2300.6,2300.8,5,18,40
9:28:05,2300.8,2300.6,2300.8,1,18,39
9:28:05,2300.8,2300.6,2300.8,10,18,29
9:28:06,2300.8,2300.6,2300.8,12,16,25
9:28:06,2300.6,2300.6,2300.8,19,55,17
9:28:07,2300.8,2300.6,2300.8,8,56,9
9:28:07,2300.8,2300.8,2301,10,7,41
9:28:08,2301,2300.6,2301,13,56,36
9:28:08,2300.6,2300.6,2301,12,54,28
9:28:09,2300.8,2300.6,2300.8,6,54,13
9:28:09,2300.6,2300.6,2300.8,14,52,10
9:28:10,2300.6,2300.6,2300.8,1,51,13
9:28:10,2300.8,2300.6,2300.8,17,47,1
9:28:11,2300.8,2300.8,2301,7,1,30
9:28:11,2300.8,2300.6,2300.8,6,44,7
9:28:12,2300.6,2300.6,2300.8,10,36,6
9:28:12,2300.8,2300.6,2300.8,6,34,13
9:28:13,2300.6,2300.4,2300.6,36,3,2
9:28:13,2300.4,2300.2,2300.4,3,42,15
9:28:14,2300.4,2300.2,2300.4,5,18,12
9:28:14,2300.4,2300.2,2300.4,12,14,1
9:28:15,2300.6,2300.4,2300.6,6,3,1
9:28:15,2300.4,2300.2,2300.8,3,11,5
9:28:17,2300.6,2300.4,2300.8,1,17,11
9:28:18,2300.8,2300.4,2300.8,12,8,10
9:28:18,2300.8,2300.4,2300.8,2,8,8
9:28:19,2300.8,2300.8,2301,15,22,38
9:28:19,2300.8,2300.8,2301,11,11,38
9:28:20,2301,2300.8,2301,15,3,33
9:28:21,2301,2300.8,2301,1,5,32
9:28:22,2300.8,2300.6,2301,7,1,30
9:28:22,2300.8,2300.4,2300.8,6,2,4
9:28:23,2300.8,2300.4,2300.8,1,4,5
9:28:23,2300.8,2300.4,2300.8,2,4,5
9:28:24,2300.8,2300.6,2300.8,4,1,19
9:28:24,2300.6,2300.4,2300.6,1,4,1
9:28:25,2300.8,2300.4,2300.8,5,5,18
9:28:25,2300.8,2300.4,2300.8,19,3,2
9:28:26,2300.4,2300.4,2300.8,2,1,2
9:28:26,2300.4,2300.2,2300.6,2,13,1
9:28:27,2300.8,2300.6,2301,8,3,46
9:28:27,2300.8,2300.8,2301,4,3,46
9:28:28,2301,2300.8,2301,22,2,26
9:28:28,2300.6,2300.6,2300.8,4,8,7
9:28:29,2300.6,2300.6,2300.8,3,7,8
9:28:29,2300.8,2300.6,2300.8,3,6,6
9:28:30,2300.8,2300.6,2300.8,2,6,6
9:28:30,2300.6,2300.6,2300.8,10,2,2
9:28:31,2300.8,2300.4,2300.8,4,16,1
9:28:31,2300.8,2300.8,2301,3,3,28
9:28:32,2300.8,2300.6,2301,5,1,29
9:28:33,2301,2300.8,2301,6,1,23
9:28:33,2301,2300.8,2301,3,1,22
9:28:34,2301,2300.8,2301,4,2,17
9:28:35,2300.8,2300.8,2301,1,11,17
9:28:35,2301,2300.6,2301,7,14,15
9:28:36,2300.8,2300.8,2301,11,5,7
9:28:36,2301,2300.8,2301,2,7,16
9:28:37,2301,2300.8,2301,7,7,10
9:28:38,2301,2301,2301.2,10,1,14
9:28:39,2301.2,2300.8,2301,5,3,5
9:28:39,2301.2,2300.8,2301,2,3,3
9:28:40,2301,2300.8,2301,2,3,2
9:28:40,2301,2300.8,2301,1,3,1
9:28:41,2301,2300.8,2301.2,1,3,12
9:28:41,2301.2,2301,2301.2,2,2,11
9:28:42,2301,2301,2301.2,2,5,10
9:28:42,2301,2301,2301.2,4,1,7
9:28:43,2301.2,2301.2,2301.4,7,10,12
9:28:43,2301.2,2301.2,2301.4,2,12,12
9:28:44,2301.4,2301.2,2301.4,9,8,4
9:28:44,2301.4,2301.2,2301.4,8,6,2
9:28:45,2301.6,2301.2,2301.6,5,7,25
9:28:45,2301.6,2301.4,2301.6,3,1,22
9:28:46,2301.2,2301.4,2301.6,21,13,16
9:28:46,2301.6,2301.4,2301.6,6,27,11
9:28:47,2301.6,2301.6,2301.8,11,3,6
9:28:47,2301.6,2301.6,2301.8,10,35,4
9:28:48,2301.8,2301.8,2302,12,41,35
9:28:48,2302,2301.8,2302,28,35,7
9:28:49,2302.2,2302,2302.2,18,10,4
9:28:49,2302.4,2302.2,2302.4,10,14,21
9:28:50,2302.4,2302.4,2302.6,22,1,8
9:28:50,2302.4,2302.2,2302.6,5,9,7
9:28:51,2302.2,2302.2,2302.6,11,8,10
9:28:51,2302.4,2302.2,2302.4,9,7,20
9:28:52,2302.4,2302.2,2302.4,31,6,21
9:28:52,2302.4,2302,2302.4,17,1,18
9:28:53,2302.4,2302,2302.2,7,1,3
9:28:53,2302.2,2302.2,2302.4,8,33,19
9:28:54,2302.4,2302.2,2302.4,11,61,6
9:28:54,2302.6,2302.4,2302.6,7,15,18
9:28:55,2302.6,2302.6,2302.8,22,3,11
9:28:55,2303,2303,2303.2,31,9,4
9:28:56,2302.8,2302.8,2303.2,20,2,2
9:28:56,2303,2302.8,2303.2,18,2,5
9:28:57,2302.6,2302.6,2302.8,4,5,1
9:28:57,2302.6,2302.8,2303,7,3,23
9:28:58,2302.8,2302.6,2302.8,10,1,8
9:28:58,2302.6,2302.4,2302.8,27,5,5
9:28:59,2302.8,2302.8,2303,16,39,13
9:28:59,2302.8,2302.8,2303,6,41,21
9:29:00,2303,2302.8,2303,18,37,6
9:29:00,2302.8,2302.8,2303,13,29,3
9:29:01,2303,2303,2303.2,19,6,18
9:29:01,2303,2302.8,2303,14,28,22
9:29:02,2303.2,2303,2303.2,56,22,22
9:29:02,2303,2303,2303.2,26,5,25
9:29:03,2303,2302.8,2303,13,18,33
9:29:03,2303,2302.8,2303,14,14,29
9:29:04,2302.8,2302.8,2303,15,1,49
9:29:04,2302.6,2302.6,2302.8,17,7,2
9:29:05,2302.8,2302.6,2302.8,15,6,13
9:29:05,2302.8,2302.6,2302.8,5,3,34
9:29:06,2302.6,2302.6,2302.8,15,15,22
9:29:06,2302.8,2302.6,2302.8,7,19,12
9:29:07,2302.8,2302.8,2303,17,3,43
9:29:07,2303,2302.8,2303,4,26,43
9:29:08,2303,2303,2303.2,50,5,19
9:29:08,2303.4,2303.2,2303.4,22,58,27
9:29:09,2303.2,2303.2,2303.4,26,62,9
9:29:09,2303.6,2303.4,2303.6,15,15,17
9:29:10,2303.6,2303.4,2303.6,4,16,15
9:29:10,2303.4,2303.4,2303.6,11,11,19
9:29:11,2303.4,2303.2,2303.4,17,44,4
9:29:11,2303.2,2303.2,2303.4,11,39,4
9:29:12,2303.4,2303.2,2303.4,10,38,8
9:29:12,2303.4,2303.2,2303.4,7,33,9
9:29:13,2303.2,2303.2,2303.4,13,30,2
9:29:13,2303.2,2303.2,2303.6,11,21,6
9:29:14,2303.6,2303.4,2303.6,3,2,5
9:29:14,2303.6,2303.2,2303.6,6,25,4
9:29:15,2303.6,2303.4,2303.6,7,5,1
9:29:15,2303.6,2303.4,2303.6,2,13,1
9:29:16,2303.6,2303.6,2303.8,10,1,32
9:29:16,2303.8,2303.6,2303.8,7,4,42
9:29:17,2303.4,2303.4,2303.6,10,6,1
9:29:17,2303.8,2303.6,2303.8,35,3,8
9:29:18,2303.8,2303.6,2303.8,8,1,4
9:29:18,2303.4,2303.4,2303.6,19,25,2
9:29:19,2303.6,2303.6,2303.8,4,23,7
9:29:19,2303.8,2303.6,2303.8,2,27,6
9:29:20,2303.8,2303.6,2303.8,16,29,5
9:29:20,2303.6,2303.6,2303.8,4,14,5
9:29:21,2303.8,2303.8,2304,13,30,62
9:29:21,2303.8,2303.8,2304,27,15,52
9:29:22,2304,2303.8,2304,16,17,44
9:29:22,2303.8,2303.8,2304,51,2,17
9:29:23,2304,2303.8,2304,9,7,12
9:29:23,2304,2303.8,2304,6,8,18
9:29:24,2303.8,2303.8,2304,19,8,14
9:29:24,2304,2304,2304.2,21,11,5
9:29:25,2304.2,2304,2304.2,4,11,14
9:29:25,2304.2,2304,2304.2,7,9,10
9:29:26,2303.8,2303.8,2304,17,6,5
9:29:26,2303.8,2303.6,2303.8,22,9,11
9:29:27,2303.8,2303.6,2303.8,10,8,22
9:29:27,2303.8,2303.6,2303.8,6,8,22
9:29:28,2303.8,2303.6,2303.8,6,6,21
9:29:28,2303.6,2303.6,2303.8,12,6,15
9:29:29,2303.6,2303.6,2303.8,10,6,6
9:29:29,2303.8,2303.6,2303.8,1,6,5
9:29:30,2303.8,2303.6,2303.8,10,6,4
9:29:30,2303.6,2303.6,2304,10,4,11
9:29:31,2303.6,2303.6,2304,4,1,11
9:29:31,2304,2303.4,2304,11,27,4
9:29:32,2303.8,2303.6,2304,3,2,20
9:29:33,2303.6,2303.6,2303.8,2,1,3
9:29:33,2303.4,2303.4,2303.8,8,26,10
9:29:34,2303.4,2303.4,2303.6,25,6,9
9:29:34,2303.4,2303.4,2303.6,13,4,4
9:29:35,2303.6,2303.2,2303.4,26,47,1
9:29:36,2303.6,2303.4,2303.6,2,7,3
9:29:36,2303.4,2303.4,2303.6,2,8,3
9:29:37,2303.4,2303.4,2303.6,36,19,2
9:29:37,2303.6,2303.4,2303.6,2,19,3
9:29:38,2303.6,2303.4,2303.6,3,20,4
9:29:39,2303.4,2303.4,2303.6,2,21,7
9:29:40,2303.6,2303.6,2303.8,7,2,19
9:29:40,2303.8,2303.6,2303.8,1,2,18
9:29:41,2303.6,2303.4,2303.6,3,22,10
9:29:41,2303.6,2303.4,2303.6,1,22,11
9:29:42,2303.4,2303.4,2303.6,2,20,12
9:29:42,2303.6,2303.4,2303.6,12,11,2
9:29:43,2303.4,2303.4,2303.6,7,5,6
9:29:43,2303.6,2303.4,2303.6,4,18,10
9:29:44,2303.6,2303.4,2303.6,3,19,22
9:29:45,2303.4,2303.2,2303.4,21,32,14
9:29:46,2303.4,2303.2,2303.4,3,32,14
9:29:47,2303.4,2303.2,2303.4,16,28,13
9:29:47,2303.4,2303.2,2303.4,1,30,14
9:29:48,2303.2,2303.2,2303.4,6,25,14
9:29:48,2303.4,2303.2,2303.4,1,25,22
9:29:49,2303.4,2303.2,2303.4,8,19,24
9:29:49,2303.2,2303.2,2303.4,18,8,21
9:29:50,2303.2,2303.2,2303.4,3,5,18
9:29:50,2303.2,2303,2303.2,8,22,8
9:29:51,2303,2303,2303.2,1,21,11
9:29:51,2303.2,2303,2303.2,9,18,8
9:29:52,2303.2,2303,2303.2,3,36,5
9:29:52,2303.2,2303,2303.2,5,34,11
9:29:53,2303,2303,2303.2,14,26,5
9:29:53,2302.8,2302.8,2303.2,28,7,4
9:29:54,2303,2303,2303.2,6,4,4
9:29:54,2303,2303,2303.2,2,21,6
9:29:55,2303,2303,2303.4,10,20,27
9:29:55,2303.2,2303,2303.2,3,19,4
9:29:56,2303,2303,2303.2,10,11,4
9:29:56,2303,2303,2303.2,1,11,5
9:29:57,2303.2,2303,2303.2,2,11,16
9:29:57,2303,2303,2303.2,2,21,16
9:29:58,2303,2303.2,2303.4,19,1,28
9:29:59,2303.4,2303,2303.2,12,19,4
9:29:59,2303,2303,2303.2,3,18,3
9:30:00,2303.2,2303.2,2303.4,4,5,14
9:30:00,2303.4,2303.2,2303.4,16,1,8
9:30:01,2303,2303,2303.4,6,24,5
9:30:01,2303.4,2303.2,2303.4,15,8,18
9:30:02,2303.2,2303.2,2303.4,6,1,16
9:30:02,2303.2,2303.2,2303.4,4,8,21
9:30:03,2303.4,2303.2,2303.4,3,10,21
9:30:03,2303.4,2303.2,2303.4,1,10,20
9:30:04,2303.2,2303.2,2303.4,2,9,22
9:30:04,2303.2,2303.2,2303.4,1,8,27
9:30:05,2303.4,2303.2,2303.4,5,10,24
9:30:05,2303.4,2303.2,2303.4,3,4,13
9:30:06,2303.2,2303,2303.2,4,28,37
9:30:06,2303.2,2303,2303.2,5,31,38
9:30:07,2303.2,2303,2303.2,10,30,36
9:30:07,2303,2303,2303.2,7,26,32
9:30:08,2303.2,2303,2303.2,6,23,30
9:30:08,2303,2303,2303.2,3,20,30
9:30:09,2303,2303,2303.2,6,16,29
9:30:09,2303,2303,2303.2,2,15,29
9:30:10,2303,2303,2303.2,4,23,29
9:30:10,2303.2,2303,2303.2,20,17,15
9:30:11,2303,2303,2303.2,2,15,16
9:30:11,2303,2303,2303.2,7,10,17
9:30:12,2303,2303,2303.2,2,8,25
9:30:12,2303,2303,2303.2,1,7,27
9:30:13,2303.2,2303,2303.2,5,3,26
9:30:13,2303,2302.8,2303,8,26,1
9:30:14,2302.8,2302.8,2303.2,6,32,22
9:30:15,2302.8,2302.8,2303.2,1,31,22
9:30:15,2302.8,2302.8,2303,3,28,1
9:30:16,2302.8,2302.8,2303,13,20,1
9:30:16,2302.8,2303,2303.2,3,1,25
9:30:17,2302.8,2302.8,2303.2,11,13,25
9:30:17,2302.8,2302.8,2303,3,10,4
9:30:18,2302.8,2302.8,2303,7,21,27
9:30:19,2302.8,2302.8,2303,2,20,30
9:30:19,2303,2302.8,2303,7,16,27
9:30:20,2303,2302.8,2303,1,16,27
9:30:21,2303,2302.8,2303,2,17,17
9:30:22,2303,2302.8,2303,14,4,16
9:30:22,2303,2302.8,2303,2,4,14
9:30:23,2303,2302.8,2303,2,3,13
9:30:23,2302.8,2302.8,2303,6,3,16
9:30:24,2303,2302.8,2303,1,4,16
9:30:24,2302.8,2302.8,2303,17,1,3
9:30:25,2303,2302.8,2303,1,2,2
9:30:25,2303,2302.8,2303,2,1,1
9:30:26,2302.8,2302.6,2302.8,3,84,3
9:30:26,2302.8,2302.6,2303,3,84,26
9:30:27,2302.6,2302.6,2302.8,5,91,1
9:30:28,2302.8,2302.8,2303,2,8,28
9:30:28,2303,2302.8,2303,1,7,28
9:30:29,2302.8,2302.8,2303,4,4,28
9:30:29,2302.8,2302.8,2303,2,2,29
9:30:30,2302.8,2302.8,2303,6,18,33
9:30:30,2302.8,2302.8,2303,1,17,33
9:30:31,2302.8,2302.8,2303,5,19,34
9:30:31,2302.8,2302.8,2303,7,42,33
9:30:32,2303,2302.8,2303,1,42,33
9:30:32,2302.8,2302.8,2303,14,40,22
9:30:33,2302.8,2302.8,2303,7,39,17
9:30:33,2303,2302.8,2303,7,42,12
9:30:34,2303,2303,2303.2,12,3,68
9:30:34,2303,2303,2303.2,4,9,67
9:30:35,2303,2303,2303.2,3,11,67
9:30:36,2303.2,2303,2303.2,6,9,62
9:30:36,2303.2,2303,2303.2,1,13,61
9:30:37,2303.2,2303,2303.2,3,11,62
9:30:37,2303,2303,2303.2,2,10,62
9:30:38,2303.2,2303,2303.2,4,9,60
9:30:38,2303,2303,2303.2,3,8,58
9:30:39,2303,2303,2303.2,1,11,58
9:30:39,2303,2303,2303.2,7,4,58
9:30:40,2303.2,2303,2303.2,41,2,20
9:30:40,2303.2,2303,2303.2,1,3,19
9:30:41,2303.2,2302.8,2303.2,23,29,18
9:30:41,2303,2303,2303.2,2,5,17
9:30:42,2303,2303,2303.2,4,15,14
9:30:42,2303.2,2303,2303.2,7,19,8
9:30:43,2303.4,2303.2,2303.4,9,5,10
9:30:43,2303.4,2303.2,2303.4,6,6,8
9:30:44,2303.4,2303.2,2303.4,8,14,2
9:30:44,2303.2,2303.2,2303.6,8,16,28
9:30:45,2303.4,2303.4,2303.6,1,2,28
9:30:46,2303.6,2303.6,2303.8,29,24,41
9:30:46,2303.6,2303.6,2303.8,1,23,41
9:30:47,2303.6,2303.6,2303.8,6,20,38
9:30:47,2303.8,2303.6,2303.8,2,22,34
9:30:48,2303.8,2303.6,2303.8,23,22,11
9:30:48,2303.8,2303.6,2303.8,4,22,7
9:30:49,2303.8,2303.6,2303.8,6,21,11
9:30:49,2303.8,2303.6,2303.8,6,19,8
9:30:50,2303.8,2303.6,2303.8,16,20,5
9:30:50,2303.8,2303.6,2303.8,20,3,4
9:30:51,2303.8,2303.6,2303.8,3,4,2
9:30:51,2303.6,2303.4,2303.6,7,14,11
9:30:52,2303.6,2303.4,2303.6,3,14,8
9:30:52,2303.8,2303.6,2303.8,13,2,11
9:30:53,2303.6,2303.4,2303.6,3,11,2
9:30:53,2303.6,2303.4,2303.8,2,11,20
9:30:54,2303.8,2303.4,2303.6,1,11,1
9:30:54,2303.4,2303.2,2303.4,13,19,3
9:30:55,2303.2,2303.2,2303.4,7,13,2
9:30:55,2303.4,2303.2,2303.4,8,13,1
9:30:56,2303.4,2303.4,2303.6,4,9,1
9:30:56,2303.4,2303.4,2303.6,7,4,5
9:30:57,2303.6,2303.2,2303.6,9,12,3
9:30:57,2303.4,2303.4,2303.6,2,9,4
9:30:58,2303.4,2303.4,2303.6,2,7,14
9:30:58,2303.4,2303.4,2303.6,4,4,13
9:30:59,2303.4,2303.4,2303.6,2,3,18
9:30:59,2303.6,2303.4,2303.6,8,2,11
9:31:00,2303.4,2303.2,2303.6,5,15,9
9:31:00,2303.6,2303.4,2303.6,4,1,5
9:31:01,2303.4,2303.2,2303.4,2,26,5
9:31:01,2303.4,2303.4,2303.6,5,1,6
9:31:02,2303.4,2303.4,2303.6,3,2,6
9:31:02,2303.4,2303.4,2303.6,5,11,7
9:31:03,2303.6,2303.4,2303.6,3,11,4
9:31:04,2303.4,2303.4,2303.6,10,10,5
9:31:04,2303.6,2303.6,2303.8,5,1,35
9:31:05,2303.8,2303.4,2303.8,7,8,31
9:31:05,2303.4,2303.6,2303.8,1,15,32
9:31:06,2303.8,2303.6,2303.8,20,10,17
9:31:06,2303.4,2303.8,2304,43,10,78
9:31:07,2304,2303.8,2304,50,3,40
9:31:07,2304,2303.6,2304,6,1,37
9:31:08,2303.8,2303.6,2303.8,6,2,2
9:31:08,2304,2303.4,2304,8,10,35
9:31:09,2304,2303.6,2303.8,9,2,1
9:31:09,2303.8,2303.6,2303.8,32,2,8
9:31:10,2304,2303.6,2304,10,3,1
9:31:10,2303.4,2303.4,2303.8,14,9,4
9:31:11,2303.8,2303.4,2303.8,10,4,2
9:31:11,2303.8,2303.6,2303.8,2,1,5
9:31:12,2303.8,2303.8,2304,7,4,8
9:31:12,2303.8,2303.8,2304,2,3,10
9:31:13,2303.8,2303.8,2304,8,15,10
9:31:13,2303.8,2303.8,2304,3,15,17
9:31:14,2303.8,2303.8,2304,19,1,18
9:31:14,2304,2303.8,2304,2,4,18
9:31:15,2303.8,2303.6,2303.8,10,4,21
9:31:15,2303.8,2303.6,2303.8,3,4,18
9:31:16,2303.8,2303.6,2303.8,4,12,47
9:31:16,2303.6,2303.6,2303.8,6,7,51
9:31:17,2303.6,2303.4,2303.6,12,10,9
9:31:17,2303.6,2303.4,2303.6,1,10,8
9:31:18,2303.6,2303.4,2303.6,8,10,15
9:31:18,2303.6,2303.4,2303.6,7,11,11
9:31:19,2303.4,2303.4,2303.6,5,13,8
9:31:20,2303.4,2303.4,2303.6,12,1,8
9:31:20,2303.2,2303.2,2303.4,9,28,3
9:31:21,2303.4,2303.2,2303.4,2,28,3
9:31:22,2303.4,2303.2,2303.6,3,32,11
9:31:22,2303.2,2303.2,2303.4,1,39,5
9:31:23,2303.2,2303.2,2303.4,2,36,7
9:31:23,2303.4,2303.2,2303.4,2,36,5
9:31:24,2303.6,2303.4,2303.6,7,2,12
9:31:24,2303.6,2303.4,2303.6,4,2,8
9:31:25,2303.6,2303.6,2303.8,15,11,80
9:31:25,2303.6,2303.6,2303.8,1,10,79
9:31:26,2303.6,2303.6,2303.8,1,10,79
9:31:26,2303.6,2303.6,2303.8,6,7,78
9:31:27,2303.6,2303.6,2303.8,4,4,77
9:31:27,2303.6,2303.6,2303.8,6,3,77
9:31:28,2303.6,2303.4,2303.6,3,15,1
9:31:28,2303.6,2303.6,2303.8,5,1,76
9:31:29,2303.8,2303.6,2303.8,3,2,76
9:31:29,2303.6,2303.4,2303.6,2,11,5
9:31:30,2303.4,2303.4,2303.6,3,11,4
9:31:30,2303.4,2303.4,2303.6,3,11,5
9:31:31,2303.8,2303.4,2303.8,15,14,57
9:31:31,2303.8,2303.4,2303.8,6,13,54
9:31:32,2303.8,2303.6,2303.8,23,3,30
9:31:32,2303.8,2303.2,2303.8,29,32,23
9:31:33,2303.8,2303.4,2303.8,3,14,22
9:31:34,2303.8,2303.4,2303.6,11,21,5
9:31:35,2303.6,2303.4,2303.6,5,10,1
9:31:35,2303.8,2303.4,2303.6,3,9,1
9:31:36,2303.4,2303.2,2303.4,14,34,11
9:31:37,2303.2,2303.2,2303.4,5,33,10
9:31:38,2303.4,2303.2,2303.4,4,33,6
9:31:38,2303.4,2303.2,2303.4,4,33,3
9:31:39,2303.4,2303.2,2303.6,3,33,13
9:31:39,2303.2,2303.2,2303.6,3,32,11
9:31:42,2303.2,2303.2,2303.6,9,29,10
9:31:43,2303.2,2303.2,2303.4,1,27,1
9:31:43,2303.2,2303.2,2303.4,2,25,3
9:31:44,2303.2,2303.2,2303.4,1,24,3
9:31:44,2303.2,2303.2,2303.4,12,12,3
9:31:45,2303.4,2303.4,2303.6,10,9,11
9:31:45,2303.4,2303.2,2303.4,12,6,2
9:31:46,2303.2,2303,2303.2,11,61,46
9:31:46,2303,2303,2303.2,1,61,48
9:31:47,2303,2302.8,2303,65,38,51
9:31:47,2302.8,2302.6,2302.8,42,53,19
9:31:48,2302.6,2302.6,2302.8,55,14,13
9:31:48,2302.6,2302.6,2302.8,7,9,22
9:31:49,2302.6,2302.4,2302.6,14,5,1
9:31:49,2302.4,2302.4,2302.6,2,10,3
9:31:50,2302.6,2302.6,2302.8,10,2,19
9:31:50,2302.6,2302.6,2302.8,5,3,19
9:31:51,2302.6,2302.6,2302.8,2,12,19
9:31:51,2302.8,2302.6,2302.8,1,12,18
9:31:52,2302.8,2302.6,2302.8,15,12,4
9:31:52,2302.8,2302.8,2303,6,1,4
9:31:53,2302.8,2302.8,2303,12,6,4
9:31:53,2302.6,2302.6,2302.8,7,11,1
9:31:54,2302.6,2302.6,2302.8,3,8,2
9:31:54,2302.8,2302.6,2302.8,7,5,26
9:31:55,2302.8,2302.6,2302.8,2,4,26
9:31:55,2302.4,2302.2,2302.4,13,25,1
9:31:56,2302.2,2302.2,2302.4,3,23,1
9:31:56,2302.4,2302.4,2302.6,6,7,6
9:31:57,2302.4,2302.2,2302.4,11,18,20
9:31:57,2302.2,2302.2,2302.4,14,14,23
9:31:58,2302.2,2302.2,2302.4,1,7,24
9:31:58,2302,2302,2302.2,10,18,2
9:31:59,2302,2302.2,2302.4,13,1,26
9:31:59,2302,2301.8,2302,21,23,4
9:32:00,2301.8,2301.8,2302.2,26,2,14
9:32:00,2301.4,2301.4,2301.8,17,38,10
9:32:01,2301.4,2301.6,2301.8,19,2,8
9:32:01,2301.6,2301.4,2301.6,15,29,1
9:32:02,2301.6,2301.6,2301.8,30,1,8
9:32:02,2301.6,2301.6,2301.8,4,23,9
9:32:03,2301.8,2301.8,2302,12,1,1
9:32:03,2301.8,2301.8,2302.2,9,7,40
9:32:04,2302.2,2301.8,2302.2,5,7,57
9:32:04,2301.8,2301.8,2302,6,1,5
9:32:05,2301.8,2302,2302.2,7,2,56
9:32:05,2302.2,2301.8,2302,6,7,9
9:32:06,2301.6,2301.6,2301.8,12,17,45
9:32:06,2301.6,2301.6,2301.8,11,10,43
9:32:07,2301.6,2301.4,2301.6,22,20,36
9:32:07,2301.8,2301.8,2302,8,4,10
9:32:08,2301.8,2301.6,2301.8,48,5,14
9:32:08,2301.6,2301.6,2301.8,11,13,17
9:32:09,2301.6,2301.6,2301.8,15,13,22
9:32:09,2301.8,2301.6,2301.8,11,31,18
9:32:10,2301.6,2301.4,2301.6,36,20,8
9:32:10,2301.6,2301.4,2301.8,12,19,42
9:32:11,2301.8,2301.6,2301.8,3,5,44
9:32:11,2301.4,2301.4,2301.6,27,7,27
9:32:12,2301.4,2301.2,2301.4,14,31,30
9:32:12,2301.4,2301.2,2301.4,27,7,34
9:32:13,2301.2,2301,2301.2,19,27,35
9:32:13,2301,2301,2301.2,26,19,30
9:32:14,2300.8,2300.8,2301,40,2,7
9:32:14,2300.8,2300.6,2300.8,20,7,21
9:32:15,2300.6,2300.4,2300.6,20,45,10
9:32:15,2300.4,2300.4,2300.6,10,47,9
9:32:16,2300.8,2300.6,2300.8,32,5,22
9:32:16,2300.6,2300.6,2300.8,21,13,20
9:32:17,2300.6,2300.4,2300.6,34,30,17
9:32:17,2301,2300.8,2301,35,17,24
9:32:18,2300.8,2300.6,2300.8,33,12,15
9:32:18,2300.8,2300.6,2300.8,16,7,5
9:32:19,2300.8,2300.8,2301,8,16,25
9:32:19,2301,2300.6,2301,26,7,16
9:32:20,2301,2300.8,2301,4,2,13
9:32:20,2301,2301,2301.2,17,4,7
9:32:21,2301,2301,2301.2,2,25,7
9:32:21,2301,2301,2301.2,14,14,4
9:32:22,2301.2,2301.2,2301.4,14,12,2
9:32:22,2301.2,2301.2,2301.4,6,10,1
9:32:23,2301.4,2301.2,2301.6,9,2,2
9:32:23,2301.6,2301.6,2301.8,7,3,9
9:32:24,2301.2,2301,2301.2,8,28,15
9:32:24,2301.2,2301,2301.2,8,27,21
9:32:25,2301.2,2301,2301.2,6,27,28
9:32:25,2301,2301,2301.2,14,15,14
9:32:26,2301,2301,2301.2,6,10,14
9:32:26,2301.2,2301,2301.2,10,8,6
9:32:27,2301.2,2301.2,2301.6,7,14,4
9:32:27,2301.6,2301,2301.6,46,7,3
9:32:28,2301,2300.8,2301,13,6,10
9:32:28,2301,2300.8,2301,3,14,8
9:32:29,2301,2300.8,2301,16,7,2
9:32:29,2301,2300.8,2301,11,1,1
9:32:30,2301,2301,2301.2,5,3,12
9:32:30,2301,2300.8,2301,6,1,21
9:32:31,2300.8,2300.6,2300.8,5,36,18
9:32:31,2300.6,2300.6,2300.8,6,31,29
9:32:32,2300.8,2300.6,2300.8,14,21,31
9:32:32,2300.6,2300.4,2300.6,23,41,28
9:32:33,2300.4,2300.4,2300.6,12,33,32
9:32:33,2301,2301,2301.2,101,4,19
9:32:34,2300.6,2300.6,2301.2,8,3,18
9:32:34,2300.4,2300.8,2301,15,10,14
9:32:35,2301,2300.8,2301,9,15,7
9:32:35,2301,2300.8,2301.2,6,14,18
9:32:36,2301,2301,2301.2,5,7,18
9:32:36,2301,2301,2301.4,25,2,7
9:32:37,2301,2301.2,2301.4,2,6,9
9:32:37,2301.2,2301.2,2301.4,1,10,9
9:32:38,2301.2,2301.2,2301.4,5,69,5
9:32:38,2301.2,2301.4,2301.6,36,11,8
9:32:39,2301.6,2301.6,2301.8,12,18,10
9:32:39,2301.6,2301.6,2301.8,14,5,3
9:32:40,2301.8,2301.8,2302,9,23,8
9:32:40,2301.8,2301.8,2302,12,19,2
9:32:41,2301.8,2301.8,2302,3,16,6
9:32:41,2301.8,2301.8,2302,3,14,14
9:32:42,2301.8,2301.8,2302,5,13,15
9:32:42,2301.6,2301.4,2301.6,15,6,8
9:32:43,2301.4,2301.4,2301.6,1,4,2
9:32:43,2301.4,2301.2,2301.4,6,48,7
9:32:44,2301.4,2301.4,2301.8,8,7,17
9:32:45,2301.4,2301.4,2301.6,8,15,2
9:32:45,2301.4,2301.4,2301.6,1,38,2
9:32:46,2301.4,2301.4,2301.8,10,29,21
9:32:46,2301.4,2301.4,2301.8,12,23,20
9:32:47,2301.8,2301.4,2301.8,2,22,19
9:32:47,2301.4,2301.4,2301.8,4,9,17
9:32:48,2301.4,2301.4,2301.6,2,8,2
9:32:48,2301.6,2301.6,2301.8,3,18,18
9:32:49,2301.4,2301.6,2301.8,53,1,7
9:32:50,2301.2,2301.6,2302,31,1,6
9:32:50,2301.6,2301.2,2301.4,8,44,10
9:32:51,2301.6,2301.2,2301.4,6,43,4
9:32:51,2301.2,2301.4,2301.6,5,28,26
9:32:52,2301.6,2301.4,2301.6,4,35,24
9:32:52,2301.6,2301.4,2301.6,3,34,28
9:32:53,2301.4,2301.4,2301.6,12,22,27
9:32:53,2301.6,2301.4,2301.6,2,24,25
9:32:54,2301.6,2301.4,2301.6,21,20,1
9:32:55,2301.8,2301.6,2301.8,4,2,1
9:32:55,2301.4,2301.8,2302,19,5,26
9:32:56,2301.8,2301.8,2302,1,4,30
9:32:56,2302,2301.4,2302,7,10,27
9:32:57,2301.4,2301.4,2301.8,1,11,1
9:32:57,2301.4,2301.4,2301.8,13,4,31
9:32:58,2301.4,2301.2,2301.4,4,42,1
9:32:58,2301.4,2301.2,2301.4,1,42,15
9:32:59,2301.4,2301.2,2301.4,2,43,16
9:32:59,2301.2,2301.2,2301.4,12,31,26
9:33:00,2301.2,2301.2,2301.4,20,22,15
9:33:00,2301.4,2301.2,2301.4,13,16,11
9:33:01,2301.2,2301.2,2301.4,4,13,10
9:33:01,2301.4,2301.2,2301.4,5,12,9
9:33:02,2301.4,2301.2,2301.4,10,16,1
9:33:02,2301.2,2301.2,2301.6,5,14,2
9:33:03,2301.2,2301.4,2301.6,2,1,5
9:33:03,2301.2,2301,2301.2,18,73,15
9:33:04,2301.2,2301,2301.2,11,73,7
9:33:04,2301.2,2301.2,2301.4,12,1,1
9:33:05,2301.2,2301.2,2301.4,2,2,1
9:33:05,2301.4,2301.2,2301.4,2,17,8
9:33:06,2301.2,2301.2,2301.4,2,15,8
9:33:06,2301.4,2301.2,2301.4,2,14,7
9:33:07,2301.2,2301,2301.2,16,71,3
9:33:07,2301.2,2301,2301.2,5,73,3
9:33:08,2301.4,2301.2,2301.4,4,8,7
9:33:08,2301.4,2301.2,2301.4,5,14,12
9:33:09,2301.2,2301.2,2301.4,2,33,15
9:33:09,2301.4,2301.2,2301.4,6,32,11
9:33:10,2301.4,2301.4,2301.6,13,12,14
9:33:10,2301.4,2301.4,2301.6,1,12,14
9:33:11,2301.4,2301.4,2301.6,9,19,10
9:33:11,2301.6,2301.4,2301.8,11,7,25
9:33:12,2301.6,2301.6,2301.8,1,19,25
9:33:12,2301.4,2301.2,2301.4,28,49,8
9:33:13,2301.4,2301.2,2301.4,3,49,5
9:33:13,2301.6,2301.4,2301.6,7,10,1
9:33:14,2301.4,2301.4,2301.6,3,12,3
9:33:14,2301.4,2301.4,2301.6,5,10,1
9:33:15,2301.4,2301.6,2301.8,3,1,28
9:33:15,2301.6,2301.6,2301.8,1,3,28
9:33:16,2301.8,2301.6,2301.8,9,2,18
9:33:16,2301.6,2301.6,2301.8,1,1,18
9:33:17,2301.6,2301.4,2301.8,3,10,17
9:33:17,2301.8,2301.4,2301.6,2,9,1
9:33:18,2301.8,2301.4,2301.6,1,9,3
9:33:18,2301.6,2301.4,2301.6,1,11,7
9:33:19,2301.8,2301.8,2302,24,17,37
9:33:19,2302,2301.8,2302,2,16,36
9:33:20,2302,2301.8,2302,9,11,34
9:33:20,2302,2301.8,2302,4,9,32
9:33:21,2302,2301.8,2302,2,8,31
9:33:21,2302,2301.8,2302,10,9,22
9:33:22,2302,2301.8,2302,7,8,15
9:33:22,2302,2301.8,2302,2,7,14
9:33:23,2302,2301.8,2302,5,6,10
9:33:23,2302,2302,2302.2,14,6,39
9:33:24,2302,2302,2302.2,5,7,38
9:33:25,2302,2302,2302.2,3,7,37
9:33:25,2302.2,2302,2302.2,4,15,35
9:33:26,2302.2,2302,2302.2,4,15,32
9:33:26,2302,2302,2302.2,1,34,32
9:33:27,2302.2,2302,2302.2,23,35,10
9:33:27,2302.4,2302.2,2302.4,18,17,3
9:33:28,2302.2,2302.2,2302.4,1,22,3
9:33:28,2302.6,2302.4,2302.6,6,1,7
9:33:29,2302.6,2302.2,2302.4,4,23,10
9:33:29,2302.4,2302.2,2302.4,14,19,1
9:33:30,2302.4,2302.4,2302.6,5,4,6
9:33:30,2302.4,2302.2,2302.4,5,18,3
9:33:31,2302.4,2302.4,2302.6,5,6,8
9:33:31,2302.6,2302.4,2302.6,5,15,6
9:33:32,2302.4,2302.4,2302.6,2,15,7
9:33:32,2302.6,2302.4,2302.6,6,15,4
9:33:33,2302.4,2302.4,2302.6,3,21,4
9:33:33,2302.4,2302.4,2302.6,5,17,3
9:33:34,2302.6,2302.4,2302.8,4,16,30
9:33:34,2302.8,2302.6,2302.8,3,7,28
9:33:35,2302.6,2302.4,2302.6,10,18,11
9:33:35,2302.6,2302.4,2302.6,9,17,5
9:33:36,2302.6,2302.4,2302.6,9,11,2
9:33:36,2302.6,2302.4,2302.6,3,10,1
9:33:37,2302.8,2302.4,2302.8,13,7,22
9:33:37,2302.4,2302.4,2302.8,4,6,20
9:33:38,2302.6,2302.2,2302.6,7,19,2
9:33:38,2302.6,2302.2,2302.4,1,19,1
9:33:39,2302.8,2302.6,2302.8,5,2,16
9:33:39,2302.6,2302.4,2302.6,13,11,15
9:33:40,2302.4,2302.4,2302.6,2,18,14
9:33:40,2302.6,2302.4,2302.6,4,17,22
9:33:41,2302.6,2302.6,2302.8,23,1,6
9:33:41,2303,2302.4,2303,9,13,33
9:33:42,2302.8,2302.4,2303,4,12,33
9:33:42,2303,2302.6,2303,1,3,32
9:33:43,2303,2302.6,2303,3,5,29
9:33:43,2303,2302.6,2303,2,5,27
9:33:44,2302.6,2302.6,2303,2,9,26
9:33:44,2303,2302.6,2302.8,3,10,1
9:33:45,2302.8,2302.8,2303,1,1,24
9:33:45,2303,2302.8,2303,4,1,22
9:33:46,2302.8,2302.6,2303,2,11,21
9:33:46,2303,2302.6,2303,2,12,19
9:33:47,2303,2302.6,2303,2,12,19
9:33:47,2302.6,2302.6,2303.2,26,8,8
9:33:48,2302.6,2302.6,2303.2,3,6,7
9:33:48,2302.6,2302.6,2302.8,1,6,2
9:33:49,2302.8,2302.6,2302.8,3,8,1
9:33:49,2303.2,2302.8,2303.2,3,2,5
9:33:50,2302.8,2302.6,2303,2,8,2
9:33:50,2302.6,2302.8,2303,6,10,10
9:33:51,2303,2302.8,2303,5,9,6
9:33:51,2303,2302.8,2303.2,4,9,5
9:33:52,2303.2,2303.2,2303.4,8,15,11
9:33:52,2303.4,2303.2,2303.4,9,14,5
9:33:53,2303.2,2303.4,2303.6,14,2,2
9:33:53,2303.6,2303.4,2303.6,3,34,9
9:33:54,2303.6,2303.4,2303.6,21,33,5
9:33:54,2303.8,2303.6,2303.8,12,1,26
9:33:55,2303.8,2303.6,2303.8,7,4,21
9:33:55,2303.8,2303.6,2303.8,20,1,8
9:33:56,2303.8,2303.6,2303.8,8,2,1
9:33:56,2303.6,2303.4,2303.6,6,26,8
9:33:57,2303.6,2303.4,2303.6,5,26,7
9:33:57,2303.8,2303.4,2303.6,12,26,11
9:33:58,2303.6,2303.4,2303.6,6,25,9
9:33:58,2303.6,2303.4,2303.6,13,20,1
9:33:59,2303.8,2303.4,2303.6,3,20,6
9:33:59,2303.6,2303.4,2303.6,8,17,1
9:34:00,2303.4,2303.4,2303.6,8,10,1
9:34:00,2303.6,2303.6,2303.8,4,4,9
9:34:01,2303.6,2303.6,2303.8,5,1,10
9:34:01,2303.6,2303.4,2303.6,6,10,2
9:34:02,2303.4,2303.2,2303.4,20,13,25
9:34:02,2303.2,2303.2,2303.4,10,7,23
9:34:03,2303,2303,2303.2,9,12,1
9:34:03,2303,2303,2303.2,3,9,2
9:34:04,2303.4,2303.2,2303.4,22,1,8
9:34:04,2303.4,2303.4,2303.6,11,31,33
9:34:05,2303.4,2303.4,2303.6,33,26,3
9:34:05,2303.6,2303.6,2303.8,28,28,17
9:34:06,2303.8,2303.8,2304,26,9,33
9:34:06,2304,2303.6,2304,23,26,32
9:34:07,2304,2303.8,2304,20,5,14
9:34:07,2304,2304,2304.2,43,14,22
9:34:08,2304,2304,2304.2,25,24,4
9:34:08,2304.4,2304.2,2304.4,6,15,42
9:34:09,2304.2,2304.2,2304.4,41,13,16
9:34:09,2304.4,2304.2,2304.4,20,6,6
9:34:10,2304.4,2304.2,2304.4,15,13,7
9:34:10,2304.2,2304.2,2304.6,36,8,31
9:34:11,2304,2304,2304.2,37,9,6
9:34:11,2304.2,2303.8,2304,17,27,5
9:34:12,2303.8,2303.8,2304.2,12,23,3
9:34:12,2304.2,2303.8,2304.2,2,23,9
9:34:13,2303.8,2303.8,2304,5,18,1
9:34:13,2303.8,2303.8,2304.2,4,17,9
9:34:14,2303.8,2303.8,2304.2,14,8,6
9:34:14,2304.2,2304.2,2304.4,11,7,21
9:34:15,2304.2,2304,2304.2,8,3,8
9:34:15,2304,2304,2304.2,10,2,8
9:34:16,2304,2303.8,2304,9,2,1
9:34:16,2303.6,2303.6,2303.8,5,21,2
9:34:17,2303.8,2303.6,2304,3,21,13
9:34:17,2303.6,2303.6,2303.8,9,15,1
9:34:18,2304,2303.8,2304,7,1,7
9:34:18,2304,2304,2304.2,14,18,9
9:34:19,2304,2304,2304.2,4,19,9
9:34:19,2304.2,2304,2304.2,4,26,5
9:34:20,2304.2,2304.2,2304.4,14,3,31
9:34:20,2304.2,2304,2304.4,5,21,30
9:34:21,2304.2,2304.2,2304.6,44,75,29
9:34:21,2304.4,2304.4,2304.6,12,35,19
9:34:22,2304.8,2304.6,2304.8,74,86,2
9:34:22,2305,2304.8,2305,51,2,102
9:34:23,2305,2304.8,2305,50,12,62
9:34:23,2305,2304.8,2305,50,10,15
9:34:24,2305,2305,2305.2,21,1,15
9:34:24,2305.2,2304.6,2305,32,5,8
9:34:25,2304.8,2304.6,2304.8,17,4,6
9:34:25,2304.4,2304.4,2304.6,13,24,1
9:34:26,2305,2304.4,2304.6,14,38,2
9:34:26,2304.6,2304.6,2305,10,8,53
9:34:27,2304.8,2304.8,2305,33,3,69
9:34:27,2304.8,2304.6,2304.8,14,20,4
9:34:28,2304.8,2304.6,2304.8,4,21,2
9:34:28,2304.8,2304.6,2304.8,6,25,8
9:34:29,2304.6,2304.6,2304.8,15,21,14
9:34:29,2304.6,2304.6,2304.8,23,12,10
9:34:30,2304.6,2304.6,2304.8,5,10,11
9:34:30,2304.8,2304.6,2304.8,10,3,17
9:34:31,2304.8,2304.4,2304.6,16,32,3
9:34:31,2304.6,2304.6,2304.8,16,2,13
9:34:32,2304.8,2304.6,2304.8,10,2,5
9:34:32,2304.8,2304.8,2305,13,14,45
9:34:33,2305,2304.8,2305,5,18,43
9:34:33,2304.8,2304.8,2305,18,7,31
9:34:34,2305,2304.8,2305,23,2,18
9:34:34,2304.8,2304.6,2304.8,16,23,2
9:34:35,2305,2305,2305.2,17,19,6
9:34:35,2305,2305,2305.2,23,1,13
9:34:36,2305,2304.8,2305,15,3,21
9:34:36,2305,2304.8,2305,13,2,25
9:34:37,2305,2304.6,2305,8,31,30
9:34:37,2304.6,2304.6,2305,6,27,29
9:34:38,2304.6,2304.6,2305,18,20,28
9:34:38,2304.6,2304.6,2304.8,10,21,5
9:34:39,2304.8,2304.6,2304.8,34,20,9
9:34:39,2304.6,2304.6,2304.8,14,5,7
9:34:40,2304.8,2304.6,2304.8,10,5,33
9:34:40,2304.8,2304.6,2304.8,24,2,25
9:34:41,2304.6,2304.4,2304.6,5,19,13
9:34:41,2304.6,2304.4,2304.6,5,19,23
9:34:42,2304.4,2304.4,2304.6,6,22,18
9:34:42,2304.6,2304.4,2304.6,7,21,12
9:34:43,2304.4,2304.6,2304.8,18,5,27
9:34:43,2304.8,2304.6,2304.8,4,17,24
9:34:44,2304.6,2304.6,2304.8,17,23,12
9:34:45,2304.8,2304.6,2304.8,13,21,5
9:34:45,2304.8,2304.6,2304.8,2,34,8
9:34:46,2304.6,2304.6,2304.8,11,31,3
9:34:46,2304.8,2304.8,2305,15,1,32
9:34:47,2304.8,2304.8,2305,5,12,31
9:34:47,2304.8,2304.8,2305,6,11,30
9:34:48,2305,2304.8,2305,13,6,25
9:34:48,2305,2305,2305.2,28,45,23
9:34:49,2305.2,2305,2305.2,4,103,20
9:34:49,2305.2,2305.2,2305.4,67,23,7
9:34:50,2305.6,2305.4,2305.6,62,16,28
9:34:50,2305.6,2305.4,2305.6,66,23,25
9:34:51,2305.6,2305.4,2305.6,17,17,17
9:34:51,2305.4,2305.2,2305.4,29,4,2
9:34:52,2305.2,2305,2305.2,14,71,9
9:34:52,2305.2,2305,2305.2,30,56,22
9:34:53,2305,2305,2305.2,68,2,31
9:34:53,2305,2304.8,2305,8,16,35
9:34:54,2305,2304.8,2305,28,4,26
9:34:54,2304.8,2304.8,2305,25,40,7
9:34:55,2305,2304.8,2305,15,38,8
9:34:55,2305,2304.8,2305,8,43,1
9:34:56,2304.8,2304.8,2305,16,34,2
9:34:56,2305,2304.8,2305.2,6,34,30
9:34:57,2305,2304.8,2305,4,34,1
9:34:57,2305,2304.8,2305,6,34,7
9:34:58,2305.2,2304.8,2305.2,15,45,30
9:34:58,2305.4,2305,2305.6,38,8,17
9:34:59,2305.2,2305,2305.2,10,5,2
9:34:59,2305,2305.2,2305.4,5,4,1
9:35:00,2305.6,2305.4,2305.6,10,10,12
9:35:00,2305.4,2305.2,2305.4,28,26,25
9:35:01,2305.4,2305.4,2305.8,49,5,73
9:35:01,2305.4,2305.2,2305.6,27,22,6
9:35:02,2305.8,2305.6,2305.8,28,1,56
9:35:02,2305.2,2305.4,2305.6,24,1,25
9:35:03,2305.4,2305.4,2305.6,27,3,16
9:35:03,2305.2,2305.2,2305.6,15,21,23
9:35:04,2305.4,2305.2,2305.4,7,18,1
9:35:04,2305.6,2305.4,2305.6,19,9,103
9:35:05,2305.4,2305.2,2305.4,14,19,2
9:35:05,2305.2,2305,2305.2,98,30,9
9:35:06,2305,2305,2305.2,38,1,20
9:35:06,2305,2304.8,2305.2,17,40,19
9:35:07,2305.2,2304.8,2305.2,12,47,13
9:35:07,2304.8,2305,2305.2,7,13,11
9:35:08,2305,2305,2305.2,11,21,6
9:35:08,2305.2,2305,2305.2,12,55,1
9:35:09,2305.2,2305.2,2305.4,7,30,62
9:35:09,2305,2305,2305.2,63,24,3
9:35:10,2305.2,2305.2,2305.4,7,11,52
9:35:10,2305.2,2305.2,2305.4,26,5,52
9:35:11,2305,2305,2305.2,40,22,3
9:35:11,2305.2,2305.2,2305.4,18,3,15
9:35:12,2305.2,2305.2,2305.4,5,6,13
9:35:12,2305.4,2305.2,2305.4,4,30,13
9:35:13,2305.4,2305.2,2305.6,17,31,40
9:35:13,2305.6,2305.4,2305.6,5,38,37
9:35:14,2305.6,2305.4,2305.6,17,40,23
9:35:14,2305.8,2305.6,2305.8,40,12,49
9:35:15,2305.8,2305.6,2305.8,17,102,35
9:35:15,2305.8,2305.8,2306,36,21,43
9:35:16,2306.2,2306.2,2306.4,62,27,20
9:35:16,2306.8,2306.6,2306.8,48,9,14
9:35:17,2306.4,2306.8,2307,63,1,33
9:35:17,2307,2306.8,2307,36,1,14
9:35:18,2307.2,2307.2,2307.4,138,6,1
9:35:18,2307.4,2307.6,2308.4,45,3,20
9:35:19,2308,2307.6,2308,46,14,3
9:35:19,2308.2,2308,2308.2,59,20,18
9:35:20,2308,2308.2,2308.6,110,39,12
9:35:20,2308.6,2308.6,2308.8,43,43,13
9:35:21,2309,2308.8,2309,91,4,29
9:35:21,2309,2309,2309.4,60,67,13
9:35:22,2309.2,2309.4,2309.6,46,3,15
9:35:22,2309.8,2309.6,2309.8,110,47,213
9:35:23,2309.4,2309.2,2309.4,142,4,15
9:35:23,2309.2,2309,2309.2,121,33,16
9:35:24,2309.2,2309.2,2309.6,112,5,7
9:35:24,2309.6,2308.8,2309,58,8,1
9:35:25,2309.6,2309,2309.6,55,30,13
9:35:25,2309.2,2309.2,2309.6,107,7,50
9:35:26,2309.2,2309,2309.2,50,29,3
9:35:26,2309.2,2309,2309.2,64,10,1
9:35:27,2309,2309,2309.6,62,14,10
9:35:27,2309.2,2309.2,2309.4,26,1,5
9:35:28,2309.2,2309.2,2309.6,22,1,6
9:35:28,2309.8,2309.6,2309.8,67,2,175
9:35:29,2309.8,2308.4,2309.8,106,13,147
9:35:29,2309.4,2309.4,2309.6,89,11,26
9:35:30,2309.6,2309.6,2309.8,79,4,129
9:35:30,2309.6,2309.4,2309.6,37,12,35
9:35:31,2309.6,2309.4,2309.6,19,4,30
9:35:31,2309.2,2308.6,2309.4,57,19,63
9:35:32,2308.2,2308.2,2309,62,9,4
9:35:32,2308.2,2308.2,2308.6,27,6,48
9:35:33,2308.6,2308.6,2308.8,99,4,3
9:35:33,2308.4,2308,2308.2,26,21,1
9:35:34,2308.2,2308.2,2308.6,48,14,36
9:35:34,2308.2,2308.2,2308.4,6,12,10
9:35:35,2308.4,2308.4,2308.6,38,27,34
9:35:35,2308.6,2308.2,2308.6,43,1,30
9:35:36,2308.2,2308,2308.2,22,28,9
9:35:36,2308.2,2308.2,2308.4,10,1,3
9:35:37,2308.4,2308.4,2308.6,49,7,17
9:35:37,2309,2308.4,2309,50,13,3
9:35:38,2308.8,2308.8,2309,9,1,9
9:35:38,2309,2308.8,2309,22,10,10
9:35:39,2309,2308.8,2309,10,8,4
9:35:39,2308.8,2308.6,2308.8,11,23,4
9:35:40,2308.8,2308.6,2308.8,9,21,29
9:35:40,2308.8,2308.8,2309,48,25,6
9:35:41,2308.8,2308.6,2308.8,30,21,2
9:35:41,2308.6,2308.6,2308.8,12,20,9
9:35:42,2308.8,2308.6,2309,16,16,8
9:35:42,2309,2308.8,2309,13,9,7
9:35:43,2309,2309,2309.2,13,8,18
9:35:43,2309,2309,2309.2,5,4,17
9:35:44,2309.2,2309,2309.2,14,2,7
9:35:44,2309.4,2309.2,2309.4,16,17,14
9:35:45,2309.4,2309.4,2309.6,22,4,51
9:35:45,2309.4,2309.4,2309.6,81,3,26
9:35:46,2309.6,2309.4,2309.6,18,3,35
9:35:46,2309.6,2309.4,2309.6,41,4,1
9:35:47,2309.6,2309.6,2309.8,28,5,156
9:35:47,2309,2308.8,2309,26,36,5
9:35:48,2308.8,2308.8,2309.6,44,16,15
9:35:48,2309.4,2309,2309.4,12,26,33
9:35:49,2309.4,2309,2309.4,88,17,18
9:35:49,2309.4,2309.2,2309.4,18,17,9
9:35:50,2309.2,2309.2,2309.4,14,24,12
9:35:50,2309.2,2309.2,2309.4,18,12,9
9:35:51,2309.2,2309.2,2309.4,21,6,7
9:35:51,2309.2,2309,2309.2,16,14,6
9:35:52,2308.8,2308.8,2309,42,5,2
9:35:52,2309,2308.8,2309,27,6,1
9:35:53,2308.8,2309,2309.2,25,1,38
9:35:53,2309,2308.6,2309,6,18,12
9:35:54,2308.6,2308.6,2309,20,8,5
9:35:54,2309,2308.8,2309,20,2,38
9:35:55,2308.6,2308.4,2308.8,19,17,28
9:35:55,2308.6,2308.4,2308.6,8,34,8
9:35:56,2308.4,2308.4,2308.6,17,20,18
9:35:56,2308.4,2308.2,2308.4,41,19,11
9:35:57,2308.8,2308.2,2308.8,20,17,36
9:35:57,2308.2,2308,2308.2,31,50,24
9:35:58,2308.2,2308,2308.2,11,58,27
9:35:58,2308,2308,2308.2,26,45,3
9:35:59,2308.2,2308.2,2308.4,10,12,48
9:35:59,2308.2,2308.2,2308.4,22,28,39
9:36:00,2308.2,2308.2,2308.4,9,28,38
9:36:00,2308.2,2308.2,2308.4,58,24,8
9:36:01,2308.4,2308.2,2308.6,29,16,16
9:36:01,2308.4,2308.2,2308.4,30,1,5
9:36:02,2308.2,2308.2,2308.4,29,10,3
9:36:02,2308.2,2308,2308.2,40,112,4
9:36:03,2308,2308,2308.2,57,64,7
9:36:03,2308.4,2308.2,2308.4,35,13,20
9:36:04,2308,2308,2308.2,35,60,25
9:36:04,2308,2308,2308.2,19,56,55
9:36:05,2308,2307.8,2308,74,6,11
9:36:05,2308,2307.6,2308,23,30,13
9:36:06,2308,2308,2308.2,57,5,65
9:36:06,2308.2,2307.8,2308.2,27,7,49
9:36:07,2308,2308,2308.2,27,30,40
9:36:07,2308,2308,2308.2,24,86,33
9:36:08,2308.4,2308.4,2308.6,69,15,36
9:36:08,2308.6,2308.6,2308.8,45,44,10
9:36:09,2308.6,2308.8,2309,30,43,20
9:36:09,2309,2308.8,2309,15,51,9
9:36:10,2309,2309,2309.2,35,13,41
9:36:10,2309.2,2309,2309.2,7,16,36
9:36:11,2309,2309,2309.2,38,5,25
9:36:11,2309,2309,2309.2,21,14,26
9:36:12,2308.8,2308.8,2309,27,12,1
9:36:12,2309,2309,2309.2,38,2,15
9:36:13,2309.2,2308.8,2309.2,7,5,11
9:36:13,2309,2308.6,2309,8,20,2
9:36:14,2309,2308.8,2309,17,16,4
9:36:14,2309,2308.8,2309,14,11,10
9:36:15,2309,2308.8,2309,7,11,8
9:36:15,2308.6,2308.6,2308.8,18,31,4
9:36:16,2308.6,2308.6,2308.8,10,29,2
9:36:16,2308.8,2308.6,2308.8,7,29,25
9:36:17,2308.8,2308.6,2308.8,8,30,17
9:36:17,2309,2308.8,2309,39,1,20
9:36:18,2309,2308.8,2309,5,7,18
9:36:18,2308.8,2308.8,2309,5,9,17
9:36:19,2308.4,2308.8,2309,18,5,24
9:36:19,2309,2308.8,2309,11,10,17
9:36:20,2309,2308.8,2309,18,13,9
9:36:20,2309.2,2309.2,2309.4,38,8,33
9:36:21,2309,2309,2309.2,17,20,1
9:36:21,2309.2,2309.2,2309.4,3,25,31
9:36:22,2309.4,2309.2,2309.4,32,28,3
9:36:22,2309.6,2309.6,2309.8,36,23,172
9:36:23,2309.8,2309.4,2309.8,96,19,142
9:36:23,2309.4,2309.6,2309.8,27,7,122
9:36:24,2309.6,2309.6,2309.8,111,2,16
9:36:24,2310,2309.8,2310,20,10,296
9:36:25,2309.8,2309.8,2310,110,21,189
9:36:25,2309.8,2309.4,2309.6,67,36,1
9:36:26,2310,2309.8,2310,65,6,103
9:36:26,2309.8,2309.6,2309.8,49,33,57
9:36:27,2309.6,2309.6,2309.8,35,2,45
9:36:27,2309.6,2309.4,2309.6,14,38,54
9:36:28,2309.6,2309.6,2309.8,82,31,25
9:36:28,2310,2309.8,2310,106,15,45
9:36:29,2310,2309.8,2310,12,9,54
9:36:29,2310,2310,2310.2,87,17,143
9:36:30,2310,2310,2310.2,65,33,109
9:36:30,2310,2310,2310.2,29,39,87
9:36:31,2310.2,2310,2310.2,30,41,67
9:36:31,2310,2310,2310.2,46,12,54
9:36:32,2310.2,2309.8,2310,40,42,2
9:36:32,2309.8,2309.6,2309.8,92,25,27
9:36:33,2309.8,2309.6,2309.8,41,11,40
9:36:33,2309.6,2309.4,2309.6,26,59,16
9:36:34,2309.4,2309.4,2309.8,34,56,23
9:36:34,2309.6,2309.6,2309.8,33,1,13
9:36:35,2309.4,2309.4,2309.8,18,27,11
9:36:35,2309.8,2309.6,2309.8,49,3,8
9:36:36,2309.6,2309.8,2310,14,1,28
9:36:36,2309.8,2309.8,2310,19,15,16
9:36:37,2310.2,2310,2310.2,23,13,8
9:36:37,2310.2,2310,2310.2,15,23,3
9:36:38,2310.2,2310.2,2310.4,10,5,7
9:36:38,2310.6,2310.4,2310.6,44,17,3
9:36:39,2310.4,2310.4,2310.8,30,9,29
9:36:39,2310.8,2310.8,2311,140,8,63
9:36:40,2311,2310.8,2311,12,6,59
9:36:40,2310.8,2310.6,2310.8,59,2,6
9:36:41,2310.8,2310.2,2310.6,35,52,16
9:36:41,2310.6,2310.2,2310.6,26,46,7
9:36:42,2310.4,2310.2,2310.6,28,42,9
9:36:42,2310.4,2310.2,2310.6,27,34,8
9:36:43,2310.4,2310.4,2310.6,52,1,3
9:36:43,2310.6,2310.6,2310.8,9,23,21
9:36:44,2310.6,2310.6,2310.8,19,25,19
9:36:44,2310.8,2310.6,2310.8,22,27,3
9:36:45,2311,2310.6,2311.2,40,23,35
9:36:45,2310.6,2310.8,2311.2,15,10,32
9:36:46,2310.8,2311,2311.2,16,1,22
9:36:46,2311.2,2310.8,2311.2,57,1,5
9:36:47,2311.2,2311.2,2311.4,21,3,11
9:36:47,2311.2,2310.8,2311.2,22,9,3
9:36:48,2311.2,2311.2,2311.4,50,4,3
9:36:48,2311.2,2310.6,2311.2,22,17,3
9:36:49,2311.2,2310.8,2311.2,14,10,4
9:36:49,2311,2310.8,2311,23,1,13
9:36:50,2310.8,2310.6,2310.8,68,18,1
9:36:50,2311.4,2310.6,2311.4,58,7,10
9:36:51,2311.2,2310.8,2311,33,12,24
9:36:51,2310.8,2310.8,2311,28,4,1
9:36:52,2311,2311,2311.2,24,1,3
9:36:52,2311.2,2311.2,2311.4,27,3,14
9:36:53,2311.2,2311.2,2311.4,14,1,13
9:36:53,2311.4,2311,2311.2,8,2,1
9:36:54,2311.4,2311.4,2311.6,17,14,19
9:36:54,2311.6,2311.4,2311.6,16,27,17
9:36:55,2311.6,2311.6,2311.8,33,33,36
9:36:55,2311.8,2311.6,2312,48,12,31
9:36:56,2311.8,2311.8,2312,31,18,12
9:36:56,2311.8,2311.6,2311.8,15,23,20
9:36:57,2311.6,2311.6,2312,54,9,10
9:36:57,2311.4,2311.4,2311.6,32,33,12
9:36:58,2311.6,2311.4,2311.6,15,22,29
9:36:58,2311.4,2311.2,2311.4,46,24,7
9:36:59,2311,2310.8,2311,73,50,198
9:36:59,2310.6,2310.6,2311,96,1,177
9:37:00,2310.4,2310.2,2310.4,57,5,1
9:37:00,2310.4,2310,2310.4,67,27,12
9:37:01,2310.4,2310.4,2310.6,35,6,23
9:37:01,2310.4,2310.2,2310.4,10,25,2
9:37:02,2310.2,2310.4,2310.6,46,2,25
9:37:02,2310.4,2310.2,2310.4,10,4,11
9:37:03,2310,2310,2310.2,25,21,52
9:37:03,2309.8,2309.8,2310,29,5,28
9:37:04,2309.6,2309.4,2309.6,16,3,3
9:37:04,2309.4,2309.4,2309.6,33,21,20
9:37:05,2309.4,2309.2,2309.4,68,10,25
9:37:05,2309.4,2309.2,2309.4,47,4,3
9:37:06,2309.4,2309,2309.4,25,29,47
9:37:06,2309,2308.8,2309,62,8,8
9:37:07,2309.4,2309,2309.4,26,3,40
9:37:07,2309,2308.8,2309,35,5,16
9:37:08,2309,2308.8,2309,29,3,2
9:37:08,2308.8,2308.6,2308.8,26,9,1
9:37:09,2309.4,2309.2,2309.4,40,2,5
9:37:09,2309.4,2309.4,2309.6,25,13,11
9:37:10,2309.6,2309.6,2309.8,21,2,7
9:37:10,2309.8,2309.2,2309.8,31,3,16
9:37:11,2309.4,2309.2,2309.4,9,11,30
9:37:11,2309.2,2309,2309.2,40,11,20
9:37:12,2309.2,2309,2309.2,16,10,8
9:37:12,2309.2,2309.2,2309.4,33,24,14
9:37:13,2309.2,2309.2,2309.4,23,2,13
9:37:13,2308.8,2308.8,2309.4,17,16,8
9:37:14,2309.4,2308.8,2309.2,12,18,10
9:37:14,2309,2309,2309.2,17,8,1
9:37:15,2308.8,2308.4,2309,58,1,5
9:37:15,2309,2308.8,2309,22,2,13
9:37:16,2308.8,2308.8,2309,9,12,12
9:37:16,2309,2308.8,2309,16,4,45
9:37:17,2308.8,2308.8,2309,14,1,32
9:37:17,2308.6,2308.6,2309,7,4,29
9:37:18,2308.6,2308.6,2308.8,9,16,2
9:37:18,2308.8,2308.8,2309,7,36,50
9:37:19,2308.8,2308.8,2309,17,25,45
9:37:19,2308.8,2308.8,2309,22,22,27
9:37:20,2309,2309,2309.2,34,86,9
9:37:20,2309.2,2309.2,2309.4,20,25,13
9:37:21,2309.4,2309.2,2309.4,14,56,4
9:37:21,2309.4,2309.4,2309.6,10,10,3
9:37:22,2309.6,2309.6,2309.8,10,15,27
9:37:22,2309.6,2309.6,2309.8,5,1,25
9:37:23,2309.8,2309.4,2309.8,11,27,23
9:37:23,2309.8,2309.6,2309.8,34,11,14
9:37:24,2309.6,2309.6,2309.8,14,8,3
9:37:24,2310,2309.8,2310,10,15,6
9:37:25,2310,2309.8,2310.2,12,9,11
9:37:25,2310.2,2310.2,2310.4,13,4,12
9:37:26,2310.2,2310,2310.4,19,3,10
9:37:26,2310.2,2309.8,2310.2,15,36,6
9:37:27,2310.2,2310.2,2310.4,18,2,6
9:37:27,2310.4,2310.2,2310.4,11,6,5
9:37:28,2310.4,2310.4,2310.6,13,2,6
9:37:28,2310.2,2310.2,2310.6,7,5,6
9:37:29,2310.6,2310.2,2310.6,13,3,3
9:37:29,2310.2,2310,2310.2,10,8,1
9:37:30,2310,2310,2310.2,16,5,2
9:37:30,2310.2,2310,2310.2,14,16,8
9:37:31,2310.2,2310,2310.2,15,12,2
9:37:31,2310.2,2310,2310.4,11,5,4
9:37:32,2310,2310.2,2310.4,5,1,3
9:37:32,2310.2,2310,2310.2,4,6,2
9:37:33,2310,2309.8,2310.2,7,38,5
9:37:33,2310,2309.8,2310.2,1,38,7
9:37:34,2310.2,2309.8,2310.2,5,35,10
9:37:34,2309.8,2309.8,2310,2,33,3
9:37:35,2310.4,2310.4,2310.6,35,66,8
9:37:35,2310.4,2310.4,2310.6,6,64,8
9:37:36,2310.8,2310.6,2310.8,19,7,7
9:37:36,2310.6,2310.6,2310.8,15,9,4
9:37:37,2310.6,2310.6,2310.8,17,3,2
9:37:37,2310.8,2310.8,2311,14,1,23
9:37:38,2310.8,2310.8,2311,31,2,4
9:37:38,2310.6,2310.6,2311,11,1,5
9:37:39,2310.4,2310.4,2311,10,57,12
9:37:39,2311,2310.8,2311,5,104,8
9:37:40,2310.8,2311.2,2311.4,51,37,8
9:37:40,2311.6,2311.6,2311.8,53,1,20
9:37:41,2311.4,2311.4,2311.6,21,10,2
9:37:41,2311.8,2311.4,2311.6,22,3,1
9:37:42,2311.4,2311,2311.6,9,31,65
9:37:42,2311.4,2311,2311.4,18,19,31
9:37:43,2311,2310.8,2311,49,89,16
9:37:43,2311.2,2310.8,2311.2,45,64,7
9:37:44,2310.8,2310.8,2311,48,17,12
9:37:44,2311.2,2311,2311.2,38,9,7
9:37:45,2311.2,2310.8,2311.2,18,31,2
9:37:45,2311.4,2311,2311.4,12,7,18
9:37:46,2310.8,2310.8,2311.6,29,29,23
9:37:46,2311,2311,2311.4,5,24,4
9:37:47,2311.4,2311.2,2311.4,12,29,6
9:37:47,2311.4,2311.4,2311.6,10,4,24
9:37:48,2311.6,2311.6,2311.8,35,8,14
9:37:48,2311.8,2311.4,2311.8,16,24,9
9:37:49,2311.8,2311.8,2312,15,10,54
9:37:49,2311.6,2311.6,2311.8,15,19,3
9:37:50,2311.6,2311.4,2311.6,17,7,2
9:37:50,2311.4,2311.2,2311.4,16,33,8
9:37:51,2311.4,2311.2,2311.4,7,32,10
9:37:51,2311.2,2311.2,2311.4,28,8,6
9:37:52,2311.2,2311.2,2311.4,12,1,9
9:37:52,2311.2,2311,2311.2,29,3,9
9:37:53,2311,2310.8,2311.2,8,10,6
9:37:53,2311,2310.8,2311,8,8,2
9:37:54,2310.8,2310.8,2311.2,11,6,16
9:37:54,2311,2310.8,2311,12,6,21
9:37:55,2310.6,2310.6,2310.8,10,2,10
9:37:55,2310.6,2310.4,2310.6,3,70,4
9:37:56,2310.4,2310.4,2310.6,46,52,3
9:37:56,2310.6,2310.4,2310.6,14,42,2
9:37:57,2310.4,2310.4,2310.6,50,16,1
9:37:57,2310.4,2310.6,2310.8,10,1,1
9:37:58,2310.8,2310.8,2311,23,3,23
9:37:58,2310.8,2310.8,2311,34,4,1
9:37:59,2310.8,2311,2311.2,10,1,15
9:37:59,2311,2311,2311.2,8,7,12
9:38:00,2310.4,2310.2,2310.4,61,32,4
9:38:00,2311,2310.4,2311,25,7,59
9:38:01,2310.8,2310.4,2310.8,25,10,34
9:38:01,2310.4,2310.4,2310.6,12,5,75
9:38:02,2310.4,2310.2,2310.4,44,27,16
9:38:02,2310.2,2310,2310.2,53,23,29
9:38:03,2310,2310,2310.2,23,7,43
9:38:03,2309.8,2309.8,2310,12,7,25
9:38:04,2309.8,2309.8,2310,23,6,37
9:38:04,2310,2309.8,2310,29,11,12
9:38:05,2309.8,2309.8,2310,27,48,1
9:38:05,2309.8,2310,2310.2,35,10,12
9:38:06,2310.2,2310.2,2310.4,40,10,2
9:38:06,2310.4,2310.4,2310.8,26,5,4
9:38:07,2311,2310.2,2310.8,31,32,2
9:38:07,2310.8,2310.4,2310.8,16,13,9
9:38:08,2310.4,2310.4,2310.8,62,3,4
9:38:08,2310.4,2310.4,2310.8,5,1,10
9:38:09,2310.8,2310.2,2310.8,13,32,3
9:38:10,2310.4,2310.2,2310.4,3,23,3
9:38:10,2310.4,2310.4,2310.6,5,7,1
9:38:11,2310,2309.8,2310,51,28,8
9:38:11,2310,2309.8,2310.8,11,26,12
9:38:12,2310,2310,2310.2,3,48,1
9:38:12,2310.4,2310.2,2310.4,13,20,3
9:38:13,2310.2,2310.4,2310.6,26,2,3
9:38:13,2310.2,2310.4,2310.6,3,13,10
9:38:14,2310.4,2310.4,2310.6,1,16,10
9:38:14,2310.4,2310.4,2310.6,5,13,10
9:38:15,2310.4,2310.4,2310.6,10,1,7
9:38:15,2310.4,2310.2,2310.6,3,5,8
9:38:16,2310.2,2310.2,2310.6,3,4,17
9:38:16,2310.4,2310.2,2310.4,3,3,8
9:38:17,2310.2,2310,2310.2,5,138,10
9:38:17,2310.2,2310,2310.2,3,138,2
9:38:18,2310.2,2310.2,2310.4,4,16,11
9:38:18,2310.4,2310.2,2310.4,13,18,17
9:38:19,2310.2,2310.2,2310.4,9,13,21
9:38:19,2310.2,2310.2,2310.4,2,12,21
9:38:20,2310.2,2310.2,2310.4,15,9,10
9:38:20,2310.2,2310.2,2310.4,5,8,7
9:38:21,2310.2,2310.2,2310.4,6,25,6
9:38:21,2310.4,2310.4,2310.6,7,14,18
9:38:22,2310.6,2310.4,2310.6,11,11,14
9:38:22,2310.4,2310.2,2310.4,13,34,9
9:38:23,2310.4,2310.2,2310.4,6,34,3
9:38:23,2310.4,2310.2,2310.4,15,38,3
9:38:24,2310.2,2310.2,2310.4,8,33,4
9:38:24,2310.4,2310.2,2310.4,1,33,3
9:38:25,2310.4,2310.2,2310.4,3,34,3
9:38:26,2310.4,2310.2,2310.6,4,18,5
9:38:26,2310.2,2310.2,2310.6,17,5,15
9:38:27,2310.6,2310.2,2310.4,15,1,7
9:38:27,2310.2,2310,2310.4,2,144,7
9:38:28,2310.2,2310,2310.2,9,145,4
9:38:28,2310.2,2310,2310.2,4,145,4
9:38:29,2310,2310,2310.4,25,127,7
9:38:30,2310.2,2310.2,2310.4,7,11,1
9:38:30,2310.2,2310.2,2310.4,2,10,1
9:38:31,2310.2,2310.2,2310.4,6,8,2
9:38:31,2310.2,2310.2,2310.4,3,18,5
9:38:32,2310.2,2310.2,2310.4,6,13,5
9:38:32,2310.2,2310.2,2310.4,2,13,8
9:38:33,2310.2,2310.2,2310.4,2,12,8
9:38:33,2310.2,2310,2310.2,12,128,92
9:38:34,2310.2,2310,2310.2,7,123,94
9:38:34,2310,2310,2310.2,81,50,86
9:38:35,2310,2309.8,2310,58,9,1
9:38:35,2309.6,2309.6,2309.8,18,73,2
9:38:36,2309.6,2309.6,2309.8,3,71,2
9:38:36,2309.8,2309.8,2310,18,45,20
9:38:37,2309.8,2309.8,2310,1,50,21
9:38:37,2309.8,2309.8,2310.2,35,64,85
9:38:38,2309.8,2309.8,2310,5,93,4
9:38:38,2310,2310,2310.2,8,1,85
9:38:39,2310.2,2310,2310.2,11,15,85
9:38:39,2310.2,2310,2310.2,7,39,79
9:38:40,2310,2310,2310.2,1,41,84
9:38:40,2310.2,2310.2,2310.4,84,28,3
9:38:41,2310.4,2310.4,2310.6,10,23,35
9:38:41,2310.6,2310.4,2310.6,15,8,28
9:38:42,2310.4,2310.2,2310.4,33,32,1
9:38:42,2310.4,2310.2,2310.6,8,30,1
9:38:43,2310.6,2310.6,2310.8,1,2,19
9:38:43,2310.8,2310.6,2310.8,3,2,17
9:38:44,2310.6,2310.6,2310.8,4,3,14
9:38:44,2310.8,2310.6,2310.8,3,4,13
9:38:45,2310.8,2310.6,2310.8,3,6,12
9:38:45,2310.8,2310.8,2311,35,5,20
9:38:46,2310.8,2310.8,2311,5,10,20
9:38:46,2310.8,2310.8,2311,5,14,20
9:38:47,2311,2310.8,2311,15,13,17
9:38:47,2311,2310.8,2311,16,12,2
9:38:48,2311,2311,2311.2,3,12,7
9:38:48,2311.2,2311,2311.4,7,14,9
9:38:49,2311.2,2311,2311.2,8,21,9
9:38:49,2311.4,2311.2,2311.4,10,2,7
9:38:50,2311.4,2311.2,2311.4,8,3,6
9:38:50,2311.6,2311.4,2311.6,10,9,14
9:38:51,2311.4,2311.4,2311.6,8,9,12
9:38:51,2311.8,2311.6,2311.8,15,55,24
9:38:52,2311.8,2311.6,2311.8,18,46,9
9:38:52,2311.8,2311.8,2312,13,60,56
9:38:53,2312,2311.8,2312.2,68,47,22
9:38:53,2312.4,2312.2,2312.6,42,36,15
9:38:54,2312.8,2312.6,2312.8,68,2,22
9:38:54,2312.6,2312.2,2312.6,32,40,5
9:38:55,2312.4,2312.2,2312.4,15,33,4
9:38:55,2312.6,2312.4,2312.6,70,2,1
9:38:56,2312,2312,2312.2,27,33,4
9:38:56,2312.2,2312,2312.2,10,29,12
9:38:57,2312,2312,2312.4,98,28,1
9:38:57,2312.4,2312.4,2312.6,21,50,2
9:38:58,2312,2312.6,2312.8,103,1,1
9:38:58,2313,2312.6,2313,33,5,74
9:38:59,2312.6,2312.6,2313,42,11,49
9:38:59,2312.6,2312.6,2312.8,15,4,10
9:39:00,2312.4,2312.4,2312.6,28,102,55
9:39:00,2312.4,2312.4,2312.6,98,63,7
9:39:01,2312.2,2312,2312.2,103,3,16
9:39:01,2312.2,2311.8,2312,17,58,24
9:39:02,2312,2311.6,2312,74,41,27
9:39:02,2311.8,2311.8,2312.2,48,10,1
9:39:03,2311.8,2312,2312.2,24,13,3
9:39:03,2312.2,2312,2312.2,14,13,1
9:39:04,2312,2311.8,2312,20,23,38
9:39:04,2312,2311.8,2312,13,19,32
9:39:05,2311.6,2311.6,2311.8,25,33,1
9:39:05,2311.6,2311.6,2311.8,6,32,6
9:39:06,2311.6,2311.6,2311.8,11,28,11
9:39:06,2311.8,2311.6,2311.8,14,20,6
9:39:07,2311.8,2311.6,2312,16,18,129
9:39:07,2312,2311.8,2312,23,32,110
9:39:08,2311.8,2311.6,2311.8,85,8,34
