9:14:00,2322,2321.6,2322,187,3,22
9:15:00,2321.6,2321.4,2321.6,89,1,6
9:15:01,2321.2,2321,2321.6,113,30,31
9:15:01,2321.2,2320.6,2321,131,26,1
9:15:02,2321,2321.6,2322,90,1,4
9:15:02,2321.6,2321.4,2321.6,101,9,24
9:15:03,2321.6,2321.6,2322,89,14,38
9:15:03,2322,2321.8,2322,48,26,17
9:15:04,2322.6,2322,2322.6,31,16,3
9:15:04,2322.8,2322.6,2322.8,56,2,1
9:15:05,2322.8,2322.6,2323,36,7,12
9:15:05,2322.6,2322.4,2322.6,99,10,20
9:15:06,2322.4,2322.2,2322.4,16,6,28
9:15:06,2322.2,2322,2322.2,30,55,30
9:15:07,2322,2322,2322.2,40,27,11
9:15:07,2322,2321.8,2322,41,8,10
9:15:08,2322,2322.2,2322.4,19,14,15
9:15:08,2322.4,2322.2,2322.4,24,6,4
9:15:09,2321.8,2321.8,2322.2,25,5,13
9:15:09,2322.2,2322,2322.2,11,12,7
9:15:10,2322.2,2322,2322.2,21,7,9
9:15:10,2322,2321.8,2322,13,10,21
9:15:11,2322,2321.6,2322,37,16,21
9:15:11,2322,2321.6,2321.8,22,6,2
9:15:12,2321.6,2321.4,2321.6,27,2,28
9:15:12,2321.6,2321.2,2321.4,9,5,22
9:15:13,2321.4,2321,2321.2,25,52,16
9:15:13,2321,2321,2321.2,38,16,14
9:15:14,2321.2,2321,2321.2,4,16,7
9:15:14,2321.2,2320.8,2321,24,3,10
9:15:15,2320.8,2320.8,2321,10,5,7
9:15:15,2320.6,2320.6,2321,19,46,56
9:15:16,2320.8,2320.8,2321,56,1,32
9:15:16,2320.8,2320.6,2320.8,19,41,3
9:15:17,2320.6,2320.6,2320.8,9,42,12
9:15:17,2320.6,2320.6,2320.8,36,24,1
9:15:18,2320.8,2320.6,2320.8,10,25,1
9:15:18,2320.8,2320.8,2321,13,2,24
9:15:19,2320.6,2320.6,2320.8,13,33,2
9:15:19,2320.8,2320.6,2320.8,44,13,1
9:15:20,2321,2321,2321.2,20,5,2
9:15:20,2320.8,2320.8,2321,26,11,10
9:15:21,2321.2,2320.8,2321.4,25,11,11
9:15:21,2321.4,2321,2321.4,9,48,7
9:15:22,2321.4,2321.2,2321.4,21,26,3
9:15:22,2321.4,2321.4,2321.6,16,10,7
9:15:23,2321.6,2321.6,2321.8,8,12,4
9:15:23,2321.8,2321.8,2322,20,1,26
9:15:24,2322,2322,2322.2,28,21,5
9:15:24,2322.2,2322.2,2322.4,6,15,12
9:15:25,2322.2,2322.2,2322.4,1,14,12
9:15:25,2322.4,2322.2,2322.4,10,9,8
9:15:26,2322.4,2322.2,2322.4,12,8,9
9:15:26,2322.4,2322,2322.4,11,27,12
9:15:27,2322.4,2322,2322.4,21,21,16
9:15:27,2322,2322,2322.2,22,16,2
9:15:28,2322.4,2322,2322.2,6,15,1
9:15:28,2321.8,2321.8,2322.6,20,5,12
9:15:29,2322,2322,2322.4,14,1,4
9:15:29,2322.2,2322.2,2322.4,4,1,11
9:15:30,2322.2,2322.2,2322.4,2,3,21
9:15:30,2321.8,2321.8,2322,15,19,6
9:15:31,2322,2321.8,2322,5,19,1
9:15:31,2322.2,2322,2322.2,11,3,8
9:15:32,2322,2321.8,2322,16,14,47
9:15:32,2321.8,2321.8,2322,37,13,12
9:15:33,2321.8,2321.8,2322,12,7,8
9:15:33,2321.8,2321.6,2321.8,8,15,12
9:15:34,2322,2321.6,2322,16,15,9
9:15:34,2321.8,2321.6,2321.8,4,15,3
9:15:35,2322,2321.6,2322,10,21,1
9:15:35,2322,2322,2322.2,1,7,13
9:15:36,2322,2321.6,2322,10,22,4
9:15:36,2322,2321.6,2322,2,24,8
9:15:37,2321.8,2321.6,2322,12,24,3
9:15:37,2322,2321.6,2322,4,20,2
9:15:38,2321.6,2321.6,2322.2,9,14,13
9:15:38,2322,2321.6,2322.2,1,16,13
9:15:39,2321.6,2321.6,2322,24,1,2
9:15:39,2322,2321.6,2322,1,3,5
9:15:40,2321.6,2321.4,2322,4,30,10
9:15:40,2321.6,2321.6,2321.8,1,1,26
9:15:41,2321.6,2321.6,2321.8,2,2,30
9:15:41,2321.6,2321.6,2321.8,6,1,30
9:15:42,2321.8,2321.4,2321.6,2,32,26
9:15:42,2321.4,2321.4,2321.6,22,11,29
9:15:43,2321.2,2321.2,2321.4,16,34,26
9:15:43,2321.4,2321.2,2321.4,30,15,33
9:15:44,2321.2,2321.2,2321.4,20,6,16
9:15:44,2321.2,2321,2321.2,29,30,6
9:15:45,2321,2321,2321.2,9,21,6
9:15:45,2321.2,2321.2,2321.4,18,9,2
9:15:46,2321.2,2321.2,2321.4,4,7,22
9:15:46,2321.2,2321.2,2321.4,9,10,21
9:15:47,2321.4,2321.2,2321.4,4,8,23
9:15:47,2321.4,2321.2,2321.4,3,8,23
9:15:48,2321.2,2321,2321.2,14,26,2
9:15:48,2321.4,2321,2321.2,4,26,6
9:15:49,2321,2321,2321.4,13,19,9
9:15:49,2321.2,2321.2,2321.4,1,1,9
9:15:50,2321.4,2321.2,2321.4,2,3,9
9:15:50,2321.2,2321.2,2321.4,12,4,7
9:15:51,2321.4,2321.4,2321.6,7,21,52
9:15:51,2321.4,2321.4,2321.6,1,22,52
9:15:52,2321.6,2321.4,2321.6,8,18,49
9:15:52,2321.6,2321.4,2321.6,32,22,18
9:15:53,2321.6,2321.4,2321.6,13,19,11
9:15:53,2321.6,2321.6,2321.8,17,101,29
9:15:54,2321.6,2321.6,2322,35,103,65
9:15:54,2322,2321.8,2322,9,72,62
9:15:55,2321.8,2321.8,2322,2,71,62
9:15:55,2322,2321.8,2322,5,61,59
9:15:56,2321.8,2321.8,2322,12,44,48
9:15:56,2321.8,2321.8,2322,32,39,20
9:15:57,2322,2321.8,2322,8,40,12
9:15:57,2322,2321.8,2322,10,41,12
9:15:58,2322,2322,2322.2,29,18,13
9:15:58,2322,2322,2322.2,7,13,13
9:15:59,2322,2322,2322.2,8,20,7
9:15:59,2322.2,2322,2322.2,4,20,5
9:16:00,2322,2322,2322.2,2,24,11
9:16:00,2322.4,2322.2,2322.4,35,40,17
9:16:01,2322.6,2322.4,2322.6,46,64,35
9:16:01,2322.4,2322.4,2322.6,44,52,3
9:16:02,2322.6,2322.8,2323,26,4,51
9:16:02,2323,2322.8,2323,7,1,47
9:16:03,2323,2322.6,2323,17,33,34
9:16:03,2322.6,2322.6,2323,19,34,27
9:16:04,2322.6,2322.6,2323,29,33,3
9:16:04,2323.2,2323,2323.2,8,48,7
9:16:05,2323.4,2323.2,2323.4,27,2,46
9:16:05,2323,2323,2323.2,9,95,1
9:16:06,2323.4,2323,2323.4,67,44,41
9:16:06,2323.2,2323.2,2323.4,31,15,28
9:16:07,2323.2,2323.2,2323.4,57,5,7
9:16:07,2323.4,2323.4,2323.6,10,17,35
9:16:08,2323.8,2323.6,2323.8,92,5,40
9:16:08,2323.8,2323.6,2323.8,19,12,22
9:16:09,2323.8,2323.8,2324,64,18,36
9:16:09,2324,2323.8,2324,25,57,22
9:16:10,2324,2323.8,2324,20,50,11
9:16:10,2324,2324,2324.2,19,16,13
9:16:11,2323.8,2323.8,2324,35,53,19
9:16:11,2323.8,2323.8,2324,23,45,25
9:16:12,2323.8,2323.6,2323.8,51,7,41
9:16:12,2323.6,2323.4,2323.6,22,44,29
9:16:13,2323.6,2323.4,2323.6,15,38,32
9:16:13,2323.6,2323.4,2323.6,17,37,19
9:16:14,2323.6,2323.4,2323.6,9,33,21
9:16:14,2323.6,2323.4,2323.6,16,28,14
9:16:15,2323.6,2323,2323.4,55,19,10
9:16:15,2323,2323,2323.4,10,14,58
9:16:16,2323,2323,2323.2,12,11,3
9:16:16,2323,2322.8,2323,22,1,5
9:16:17,2323,2322.8,2323,5,2,3
9:16:17,2322.8,2322.6,2322.8,17,11,41
9:16:18,2322.6,2322.4,2322.6,17,11,16
9:16:18,2322.6,2322.4,2322.6,11,11,5
9:16:19,2322.4,2322.4,2322.8,22,10,28
9:16:19,2322.8,2322.4,2322.8,18,10,22
9:16:20,2322.6,2322.4,2322.8,3,10,23
9:16:20,2322.8,2322.4,2322.8,1,10,22
9:16:21,2322.8,2322.4,2322.8,7,9,16
9:16:21,2322.8,2322.4,2322.8,5,1,15
9:16:22,2323.4,2322.4,2323.4,24,1,61
9:16:22,2322.8,2322.6,2322.8,17,5,5
9:16:23,2322.6,2322.6,2322.8,4,2,7
9:16:23,2322.8,2322.6,2323,9,2,1
9:16:24,2323.4,2323,2323.2,5,3,1
9:16:24,2323.2,2323,2323.2,2,4,9
9:16:25,2323.2,2323,2323.2,16,2,5
9:16:25,2322.8,2322.6,2322.8,27,11,2
9:16:26,2323,2322.6,2323,4,13,1
9:16:26,2323.2,2322.6,2323.2,5,14,5
9:16:27,2322.8,2323,2323.2,3,1,11
9:16:27,2323.2,2323,2323.2,4,6,9
9:16:28,2323,2322.8,2323,9,3,13
9:16:28,2322.8,2322.8,2323,4,6,15
9:16:29,2323,2322.8,2323,3,6,22
9:16:29,2323,2322.8,2323,8,1,20
9:16:30,2322.8,2322.6,2322.8,4,27,1
9:16:30,2322.8,2322.6,2322.8,3,40,1
9:16:31,2323,2322.8,2323,6,2,14
9:16:31,2323,2323,2323.2,14,6,27
9:16:32,2323,2323,2323.2,1,6,27
9:16:32,2323,2322.8,2323,28,10,11
9:16:33,2323,2322.8,2323,4,13,7
9:16:33,2323,2322.8,2323,8,17,1
9:16:34,2323,2323,2323.2,1,4,11
9:16:34,2323,2323,2323.2,2,11,11
9:16:35,2323,2322.8,2323,22,20,3
9:16:35,2322.8,2322.6,2322.8,24,60,26
9:16:36,2322.8,2322.6,2322.8,1,60,27
9:16:36,2322.8,2322.6,2322.8,2,60,25
9:16:37,2322.8,2322.6,2322.8,5,61,20
9:16:37,2322.8,2322.8,2323,22,20,20
9:16:38,2323,2322.8,2323,4,21,19
9:16:38,2323,2322.8,2323,1,23,19
9:16:39,2323,2322.8,2323,1,32,19
9:16:40,2323,2322.8,2323,7,31,20
9:16:40,2322.8,2322.8,2323,1,31,20
9:16:41,2323,2322.8,2323,7,30,18
9:16:41,2323,2322.8,2323,1,37,19
9:16:42,2323,2322.8,2323,16,28,17
9:16:42,2323,2322.8,2323,6,30,12
9:16:43,2323,2322.8,2323,7,31,7
9:16:43,2323,2322.8,2323,7,27,5
9:16:44,2322.8,2322.8,2323,22,29,14
9:16:44,2323,2322.8,2323,1,29,14
9:16:45,2323,2322.8,2323,6,28,16
9:16:45,2323,2322.8,2323,10,27,8
9:16:46,2323,2323,2323.2,8,14,15
9:16:46,2323,2323,2323.2,10,5,15
9:16:47,2323,2323,2323.2,6,5,11
9:16:47,2323,2322.8,2323,20,42,2
9:16:48,2323,2322.8,2323,3,42,2
9:16:48,2323,2323,2323.2,5,2,16
9:16:49,2323.2,2323,2323.2,3,1,14
9:16:49,2322.8,2323.2,2323.4,65,1,48
9:16:50,2323.2,2323,2323.2,2,11,4
9:16:50,2323.2,2323,2323.4,4,8,49
9:16:51,2323.4,2323,2323.2,1,9,2
9:16:51,2323.4,2323,2323.2,1,10,1
9:16:52,2323.2,2323,2323.2,1,11,14
9:16:52,2323.2,2323,2323.2,3,16,14
9:16:53,2323.2,2323,2323.2,1,16,16
9:16:53,2323.2,2323,2323.2,12,16,5
9:16:54,2323.2,2323,2323.2,2,18,28
9:16:54,2323,2323,2323.2,10,20,28
9:16:55,2323,2323,2323.2,128,29,12
9:16:55,2323.2,2323,2323.2,5,31,7
9:16:56,2323.4,2323.2,2323.6,8,3,6
9:16:56,2323,2323,2323.2,8,25,2
9:16:57,2323.2,2323.2,2323.4,4,11,2
9:16:57,2323.6,2323.4,2323.6,5,2,6
9:16:58,2323.2,2323.2,2323.4,9,21,2
9:16:58,2323.4,2323.2,2323.6,3,13,8
9:16:59,2324,2324,2324.2,89,12,41
9:16:59,2324,2323.6,2324,13,2,10
9:17:00,2323.6,2323.4,2323.8,12,1,2
9:17:00,2323.4,2323.2,2323.4,26,20,1
9:17:01,2323.6,2323.2,2323.8,13,26,12
9:17:01,2323.4,2323.2,2323.4,2,28,1
9:17:02,2323.2,2323.2,2323.4,4,33,1
9:17:02,2323.4,2323.2,2323.4,7,28,1
9:17:03,2323.4,2323.4,2323.6,1,2,8
9:17:03,2323.4,2323.4,2323.6,3,2,19
9:17:04,2323.6,2323.2,2323.4,9,27,2
9:17:04,2323.4,2323.4,2323.6,11,3,21
9:17:05,2323.6,2323.2,2323.6,6,28,20
9:17:05,2323.6,2323.2,2323.4,7,29,3
9:17:06,2323.2,2323.2,2323.6,26,9,13
9:17:07,2323.2,2323.2,2323.4,2,11,5
9:17:07,2323.4,2323.2,2323.6,6,19,35
9:17:08,2323.4,2323.4,2323.6,2,2,34
9:17:08,2323.2,2323.2,2323.6,5,15,35
9:17:09,2323.4,2323.2,2323.6,4,23,33
9:17:09,2323.4,2323.4,2323.6,4,3,29
9:17:10,2323.4,2323.2,2323.4,3,24,12
9:17:10,2323.2,2323.2,2323.4,3,25,13
9:17:11,2323.4,2323.2,2323.4,1,29,19
9:17:12,2323.2,2323.2,2323.4,20,24,10
9:17:12,2323.4,2323.2,2323.4,4,24,6
9:17:13,2323.4,2323.4,2323.6,7,3,32
9:17:13,2323.4,2323.2,2323.6,3,24,32
9:17:14,2323.6,2323.4,2323.6,15,2,17
9:17:14,2323.6,2323.4,2323.6,5,2,12
9:17:15,2323.4,2323.4,2323.6,1,7,12
9:17:15,2323.6,2323.2,2323.6,29,23,4
9:17:16,2323.6,2323.6,2323.8,4,7,30
9:17:16,2323.6,2323.4,2323.8,23,26,15
9:17:17,2323.6,2323.6,2323.8,4,15,24
9:17:17,2323.8,2323.6,2323.8,9,10,17
9:17:18,2323.8,2323.6,2323.8,6,14,12
9:17:18,2323.4,2323.2,2323.4,55,29,10
9:17:19,2323.6,2323.4,2323.6,11,12,22
9:17:19,2323.4,2323.4,2323.6,4,10,24
9:17:20,2323.4,2323.2,2323.4,11,34,13
9:17:20,2323.2,2323.2,2323.4,4,31,12
9:17:21,2323.4,2323.2,2323.4,2,33,15
9:17:21,2323.4,2323.2,2323.4,6,32,17
9:17:22,2323.2,2323.2,2323.4,8,30,11
9:17:22,2323.2,2323.2,2323.4,25,37,1
9:17:23,2323.2,2323.2,2323.4,1,36,1
9:17:23,2323.4,2323.4,2323.6,3,9,14
9:17:24,2323.4,2323.4,2323.6,12,14,4
9:17:24,2323.6,2323.4,2323.6,1,18,3
9:17:25,2323.4,2323.4,2323.6,8,11,6
9:17:25,2323.4,2323.4,2323.6,1,11,7
9:17:26,2323.4,2323.4,2323.6,4,9,18
9:17:26,2323.6,2323.4,2323.6,2,10,16
9:17:27,2323.2,2323,2323.2,62,79,95
9:17:27,2323,2323,2323.2,16,66,94
9:17:28,2323,2323,2323.2,38,29,93
9:17:28,2323,2322.8,2323,32,37,4
9:17:29,2323,2322.8,2323,8,35,28
9:17:29,2322.8,2322.8,2323,27,16,41
9:17:30,2323,2322.8,2323,2,16,45
9:17:30,2322.6,2322.6,2322.8,27,36,17
9:17:31,2322.8,2322.6,2322.8,5,34,14
9:17:31,2322.6,2322.6,2322.8,9,35,13
9:17:32,2322.6,2322.6,2322.8,14,36,12
9:17:32,2322.8,2322.6,2322.8,7,33,9
9:17:33,2322.6,2322.6,2322.8,7,27,8
9:17:33,2322.8,2322.6,2322.8,17,16,3
9:17:34,2322.6,2322.6,2322.8,2,15,2
9:17:34,2322.8,2322.6,2322.8,10,7,6
9:17:35,2322.6,2322.6,2322.8,3,30,5
9:17:35,2322.8,2322.8,2323,6,1,42
9:17:36,2322.8,2322.6,2322.8,1,30,1
9:17:36,2323,2322.6,2322.8,4,31,3
9:17:37,2322.8,2322.8,2323,4,1,39
9:17:37,2322.8,2322.8,2323,2,1,39
9:17:38,2322.6,2322.4,2322.6,33,24,17
9:17:38,2322.6,2322.4,2322.6,6,23,13
9:17:39,2322.4,2322.4,2322.6,12,17,7
9:17:39,2322.4,2322.4,2322.6,3,16,5
9:17:40,2322.6,2322.4,2322.6,2,16,3
9:17:40,2322.6,2322.4,2322.6,2,29,2
9:17:41,2322.6,2322.6,2322.8,2,5,6
9:17:41,2322.8,2322.6,2322.8,7,14,5
9:17:42,2322.6,2322.6,2322.8,2,14,5
9:17:42,2322.6,2322.6,2322.8,1,21,6
9:17:43,2322.6,2322.6,2322.8,2,21,6
9:17:44,2322.8,2322.6,2322.8,1,22,3
9:17:44,2322.8,2322.6,2323,4,29,31
9:17:45,2322.8,2322.6,2323,1,29,32
9:17:45,2323,2322.8,2323,1,2,31
9:17:46,2322.6,2322.6,2323,3,99,31
9:17:46,2322.8,2322.8,2323,5,13,33
9:17:47,2323,2322.8,2323,3,14,30
9:17:47,2322.8,2322.8,2323,6,34,28
9:17:48,2323,2322.8,2323,5,42,24
9:17:48,2323,2322.8,2323,3,58,21
9:17:49,2322.8,2322.8,2323,1,58,24
9:17:50,2323,2322.8,2323,2,60,21
9:17:51,2323,2322.8,2323,2,62,20
9:17:51,2323,2322.8,2323,1,63,20
9:17:52,2323,2322.8,2323,1,63,19
9:17:53,2323,2323,2323.2,19,8,19
9:17:53,2323.2,2323,2323.2,10,6,16
9:17:54,2323.2,2323,2323.2,7,9,9
9:17:54,2323,2322.8,2323.2,52,14,9
9:17:55,2323,2323,2323.2,2,3,11
9:17:56,2323,2322.8,2323,3,15,1
9:17:56,2323,2323,2323.2,6,3,12
9:17:58,2323.2,2323,2323.2,4,2,11
9:17:58,2323,2322.8,2323,11,14,7
9:17:59,2323,2322.8,2323,1,14,7
9:17:59,2323,2322.8,2323,4,12,5
9:18:00,2323,2322.8,2323,4,25,1
9:18:00,2323.2,2323,2323.2,2,5,3
9:18:01,2323.2,2323,2323.2,7,20,2
9:18:02,2323,2323,2323.4,4,21,11
9:18:02,2323,2323.2,2323.6,19,7,22
9:18:03,2323,2323.2,2323.4,22,1,4
9:18:03,2323,2323,2323.2,5,7,1
9:18:04,2323.2,2323,2323.4,1,10,4
9:18:05,2323.2,2323,2323.2,7,10,29
9:18:06,2323.2,2323,2323.2,13,10,27
9:18:06,2323,2323,2323.2,7,2,27
9:18:07,2323,2322.8,2323,2,42,13
9:18:07,2323,2322.8,2323,3,43,23
9:18:08,2322.8,2322.8,2323,1,43,23
9:18:08,2322.8,2322.8,2323,1,42,18
9:18:09,2323,2322.8,2323,1,45,17
9:18:09,2322.8,2322.8,2323,3,43,17
9:18:10,2322.8,2322.8,2323,2,34,17
9:18:10,2323,2322.8,2323,3,32,17
9:18:11,2323,2322.8,2323,1,32,16
9:18:12,2323,2323,2323.2,20,54,20
9:18:12,2323.2,2323,2323.2,8,54,13
9:18:13,2323,2323,2323.2,5,49,13
9:18:13,2323,2323,2323.2,1,49,13
9:18:14,2323,2323,2323.2,1,48,13
9:18:14,2323.2,2323,2323.2,2,47,12
9:18:15,2323,2323,2323.2,11,40,9
9:18:16,2323,2323,2323.2,1,41,10
9:18:16,2323,2323,2323.2,3,40,10
9:18:17,2323,2323,2323.2,1,39,10
9:18:17,2323.2,2323,2323.2,2,38,15
9:18:18,2323.2,2323,2323.2,1,38,15
9:18:18,2323,2323,2323.2,6,37,10
9:18:19,2323,2323,2323.2,31,6,10
9:18:20,2323,2322.8,2323,13,34,5
9:18:21,2322.8,2322.8,2323,1,33,6
9:18:22,2322.8,2322.8,2323,8,28,5
9:18:23,2323,2323,2323.2,7,3,10
9:18:24,2323,2322.8,2323,4,28,3
9:18:24,2322.8,2322.8,2323,2,28,2
9:18:25,2322.8,2322.8,2323,5,25,2
9:18:25,2323,2323,2323.2,2,14,12
9:18:26,2323,2323,2323.2,2,12,12
9:18:26,2323,2323,2323.2,2,10,13
9:18:27,2323,2323,2323.2,6,5,13
9:18:27,2323,2323,2323.2,3,3,12
9:18:30,2323,2323,2323.2,1,2,12
9:18:30,2323.2,2323,2323.2,1,3,11
9:18:31,2323,2323,2323.2,1,3,12
9:18:32,2323,2323,2323.2,1,2,12
9:18:32,2323,2323,2323.2,1,2,12
9:18:34,2323,2323,2323.2,1,5,15
9:18:35,2323.2,2323,2323.2,4,5,14
9:18:35,2323,2323,2323.2,2,5,13
9:18:36,2323,2323,2323.2,3,4,13
9:18:37,2323,2323,2323.2,2,5,13
9:18:38,2323.2,2323,2323.2,1,5,12
9:18:38,2323,2323,2323.2,11,4,2
9:18:39,2323,2323,2323.2,1,3,3
9:18:40,2323,2322.8,2323,9,29,21
9:18:41,2323,2322.8,2323,4,30,17
9:18:41,2322.8,2322.8,2323,2,27,17
9:18:42,2322.8,2322.8,2323,1,26,17
9:18:43,2323,2322.8,2323,3,26,15
9:18:44,2323,2322.8,2323,1,26,14
9:18:46,2323,2322.8,2323,1,27,15
9:18:46,2323,2322.8,2323,3,26,14
9:18:47,2323,2322.8,2323,10,25,5
9:18:48,2323,2323,2323.2,5,1,9
9:18:49,2323,2323,2323.2,1,2,15
9:18:50,2323,2322.8,2323.2,5,27,15
9:18:50,2323,2322.8,2323,1,27,20
9:18:51,2322.8,2322.8,2323,5,31,17
9:18:51,2323,2322.8,2323,1,32,17
9:18:52,2323,2322.8,2323,25,10,16
9:18:52,2322.8,2322.8,2323,3,8,15
9:18:53,2322.8,2322.8,2323,5,3,16
9:18:53,2322.8,2322.8,2323,1,2,16
9:18:54,2322.8,2322.8,2323,1,2,16
9:18:54,2323,2322.8,2323,1,3,16
9:18:56,2323,2322.8,2323,1,3,15
9:18:56,2323,2322.8,2323,3,3,12
9:18:57,2322.8,2322.8,2323,1,2,13
9:18:58,2322.8,2322.8,2323,2,2,14
9:18:59,2323,2322.8,2323,1,6,14
9:19:00,2322.8,2322.8,2323,2,8,14
9:19:01,2322.8,2322.8,2323,3,5,16
9:19:01,2323,2322.8,2323,3,7,14
9:19:02,2323,2322.8,2323,3,6,12
9:19:03,2322.8,2322.8,2323,2,7,19
9:19:04,2322.8,2322.6,2322.8,7,125,11
9:19:05,2323,2322.6,2323,22,125,16
9:19:05,2322.8,2322.8,2323,2,4,16
9:19:08,2322.8,2322.8,2323,2,5,25
9:19:09,2322.8,2322.8,2323,1,17,37
9:19:10,2322.8,2322.8,2323,2,15,37
9:19:11,2323,2322.8,2323,1,17,51
9:19:12,2322.8,2322.8,2323,4,14,50
9:19:12,2322.8,2322.8,2323,3,11,50
9:19:13,2323,2322.8,2323,2,12,41
9:19:14,2323,2322.8,2323,1,12,43
9:19:16,2323,2322.8,2323,1,12,44
9:19:18,2323,2322.8,2323,1,15,43
9:19:19,2323,2322.8,2323,1,15,42
9:19:20,2323,2322.8,2323,8,17,25
9:19:21,2323,2322.8,2323,13,17,12
9:19:21,2323,2322.8,2323,6,18,4
9:19:22,2323,2322.8,2323,2,20,3
9:19:22,2323,2323,2323.2,3,18,36
9:19:24,2323.2,2323,2323.2,1,20,35
9:19:24,2323.2,2323,2323.2,17,46,19
9:19:25,2323.2,2323.2,2323.4,39,6,19
9:19:25,2323.2,2323.2,2323.4,6,15,14
9:19:26,2323.2,2323.2,2323.4,2,14,13
9:19:26,2323.4,2323.2,2323.4,3,13,12
9:19:27,2323.4,2323.2,2323.4,3,12,10
9:19:27,2323.2,2323.2,2323.4,3,10,10
9:19:30,2323.2,2323.2,2323.4,5,57,11
9:19:31,2323.4,2323.4,2323.6,11,23,41
9:19:31,2323.6,2323.4,2323.6,1,36,42
9:19:32,2323.6,2323.4,2323.6,2,39,40
9:19:32,2323.4,2323.4,2323.6,30,9,39
9:19:33,2323.4,2323.4,2323.6,4,9,36
9:19:33,2323.6,2323.4,2323.6,2,4,35
9:19:34,2323.6,2323.4,2323.6,15,5,22
9:19:34,2323.4,2323.4,2323.6,5,5,18
9:19:35,2323.6,2323.4,2323.6,3,6,14
9:19:35,2323.6,2323.4,2323.6,6,5,9
9:19:36,2323.6,2323.4,2323.6,8,8,2
9:19:36,2323.8,2323.6,2323.8,4,50,46
9:19:37,2323.8,2323.6,2323.8,2,57,45
9:19:38,2323.8,2323.6,2323.8,3,61,44
9:19:38,2323.6,2323.6,2323.8,32,59,15
9:19:39,2323.8,2323.6,2323.8,9,59,8
9:19:39,2323.8,2323.8,2324,8,15,85
9:19:40,2323.8,2323.8,2324,5,12,84
9:19:40,2323.8,2323.8,2324,7,5,84
9:19:41,2323.8,2323.6,2323.8,3,60,15
9:19:41,2323.6,2323.6,2323.8,11,59,18
9:19:42,2323.8,2323.8,2324,29,30,82
9:19:42,2323.8,2323.8,2324,29,4,83
9:19:43,2323.8,2323.6,2323.8,9,65,8
9:19:43,2324,2323.6,2323.8,11,64,7
9:19:44,2323.6,2323.6,2323.8,8,64,17
9:19:44,2323.6,2323.6,2324,20,62,91
9:19:45,2323.8,2323.8,2324,2,1,90
9:19:45,2324,2323.8,2324,4,1,109
9:19:46,2323.6,2323.6,2323.8,5,61,7
9:19:46,2323.8,2323.6,2324,16,56,86
9:19:47,2323.8,2323.6,2323.8,7,56,3
9:19:47,2323.6,2323.6,2323.8,2,64,2
9:19:48,2323.8,2323.8,2324,3,12,113
9:19:48,2323.8,2323.8,2324,1,20,93
9:19:49,2324,2323.8,2324,16,18,102
9:19:49,2324,2323.8,2324,56,16,28
9:19:50,2323.8,2323.8,2324,6,6,28
9:19:50,2324,2324,2324.2,29,2,73
9:19:51,2324,2323.8,2324,11,7,13
9:19:51,2324,2323.8,2324,6,3,13
9:19:52,2323.8,2323.6,2323.8,8,82,4
9:19:52,2323.6,2323.6,2324,20,73,14
9:19:53,2323.8,2323.6,2323.8,7,73,15
9:19:53,2323.8,2323.6,2323.8,2,71,19
9:19:54,2323.8,2323.6,2323.8,5,76,15
9:19:54,2323.8,2323.6,2323.8,6,72,14
9:19:55,2323.8,2323.6,2323.8,53,22,13
9:19:55,2323.8,2323.6,2323.8,5,22,10
9:19:56,2323.6,2323.4,2323.6,24,6,2
9:19:56,2323.8,2323.6,2323.8,4,56,34
9:19:57,2323.6,2323.6,2323.8,5,58,38
9:19:57,2323.8,2323.6,2323.8,4,58,27
9:19:58,2323.8,2323.6,2323.8,4,56,24
9:19:58,2323.6,2323.6,2323.8,3,56,23
9:19:59,2323.6,2323.6,2323.8,7,51,17
9:19:59,2323.6,2323.6,2323.8,5,46,18
9:20:00,2324,2323.6,2324,101,50,13
9:20:01,2323.8,2323.6,2323.8,2,50,5
9:20:01,2323.8,2323.6,2323.8,18,35,3
9:20:02,2323.8,2323.8,2324,7,10,27
9:20:02,2323.8,2323.8,2324,7,8,25
9:20:03,2323.8,2323.8,2324,6,2,25
9:20:03,2323.8,2323.6,2324,25,33,5
9:20:04,2323.8,2323.6,2323.8,8,29,18
9:20:04,2323.6,2323.6,2323.8,26,4,21
9:20:05,2323.8,2323.6,2323.8,8,10,13
9:20:05,2323.8,2323.6,2323.8,2,11,15
9:20:06,2323.8,2323.8,2324,17,4,19
9:20:06,2323.8,2323.8,2324,2,2,30
9:20:07,2323.6,2323.4,2323.6,16,14,24
9:20:07,2323.4,2323.4,2323.6,5,15,22
9:20:08,2323.6,2323.2,2323.6,35,88,23
9:20:08,2323.6,2323.4,2323.6,2,2,22
9:20:09,2323.4,2323.4,2323.6,4,2,13
9:20:09,2323.2,2323.2,2323.4,5,86,1
9:20:10,2323.4,2323.4,2323.6,2,1,26
9:20:10,2323.4,2323.2,2323.4,1,86,8
9:20:11,2323.2,2323.2,2323.4,37,49,11
9:20:11,2323.2,2323.2,2323.4,44,7,9
9:20:12,2323.2,2323,2323.2,7,68,5
9:20:12,2323,2323,2323.2,10,64,2
9:20:13,2323,2323,2323.4,4,62,10
9:20:13,2323,2323,2323.4,2,59,6
9:20:14,2323,2323,2323.4,6,52,6
9:20:14,2323,2323,2323.4,6,47,7
9:20:15,2323.4,2323,2323.4,1,48,11
9:20:15,2323,2323,2323.4,3,45,11
9:20:16,2323,2323,2323.4,5,93,10
9:20:16,2323.2,2323,2323.4,1,97,10
9:20:17,2323.4,2323.4,2323.6,18,5,19
9:20:17,2323.4,2323.4,2323.6,2,4,19
9:20:18,2323.4,2323.4,2323.6,2,3,19
9:20:19,2323.4,2323.4,2323.6,1,3,19
9:20:19,2323,2323,2323.4,53,64,33
9:20:20,2323.2,2323.2,2323.4,1,6,34
9:20:20,2323.2,2323,2323.2,6,64,2
9:20:21,2323.2,2323,2323.4,31,38,39
9:20:21,2323,2323.2,2323.4,3,1,39
9:20:22,2323.4,2323,2323.4,22,40,25
9:20:22,2323.2,2323.2,2323.4,1,23,25
9:20:23,2323.4,2323.2,2323.4,1,23,24
9:20:23,2323.4,2323.4,2323.6,28,24,20
9:20:24,2323.2,2323.2,2323.4,36,9,1
9:20:24,2323.2,2323.2,2323.4,5,6,2
9:20:25,2323.4,2323.2,2323.6,2,8,20
9:20:26,2323.2,2323.2,2323.6,3,5,22
9:20:26,2323.2,2323,2323.2,8,56,17
9:20:27,2323.2,2323,2323.2,1,33,16
9:20:28,2323,2323,2323.2,4,31,21
9:20:28,2323.2,2323,2323.2,1,31,21
9:20:29,2323.2,2323,2323.2,2,31,19
9:20:29,2323,2323,2323.2,1,30,19
9:20:30,2323.2,2323,2323.2,5,29,15
9:20:30,2323,2323,2323.2,5,27,13
9:20:31,2323.2,2323,2323.2,3,28,11
9:20:31,2323.2,2323,2323.2,1,30,11
9:20:32,2323,2323,2323.2,1,31,12
9:20:32,2323.2,2323,2323.2,3,31,10
9:20:33,2323,2323,2323.2,5,27,10
9:20:33,2323,2323,2323.2,5,22,9
9:20:34,2323,2323,2323.2,1,22,11
9:20:34,2323,2323,2323.2,1,24,11
9:20:35,2323.2,2323,2323.2,1,30,10
9:20:36,2323,2323,2323.2,1,29,10
9:20:36,2323.2,2323,2323.2,2,28,9
9:20:37,2323,2323,2323.4,21,50,22
9:20:37,2323,2323,2323.2,11,40,3
9:20:38,2323,2323,2323.2,20,31,2
9:20:38,2323,2323,2323.2,9,22,2
9:20:39,2323.2,2323.2,2323.4,5,9,15
9:20:39,2323.2,2323.2,2323.4,5,4,16
9:20:40,2323.2,2323.2,2323.4,1,3,16
9:20:40,2323.2,2323.2,2323.4,2,3,15
9:20:41,2323.2,2323,2323.2,4,20,23
9:20:41,2323.2,2323,2323.2,8,21,15
9:20:42,2323.2,2323,2323.2,2,21,14
9:20:43,2323,2323,2323.2,2,4,15
9:20:44,2323.2,2323,2323.2,1,4,17
9:20:44,2323,2323,2323.2,10,1,11
9:20:45,2323,2323,2323.2,1,20,11
9:20:46,2323,2323,2323.2,1,19,15
9:20:46,2323,2323,2323.2,1,18,15
9:20:47,2323,2323,2323.2,2,17,13
9:20:48,2323,2323,2323.2,1,16,13
9:20:48,2323,2323,2323.2,6,11,12
9:20:49,2323.2,2323,2323.2,6,8,11
9:20:49,2323,2323,2323.2,4,4,11
9:20:50,2323,2323,2323.2,3,1,11
9:20:50,2323,2322.8,2323,1,39,4
9:20:51,2323,2322.8,2323,3,39,3
9:20:52,2322.8,2322.8,2323,2,38,3
9:20:53,2322.8,2322.8,2323,5,34,2
9:20:53,2323,2322.8,2323,1,34,1
9:20:54,2322.8,2322.8,2323,5,29,2
9:20:55,2322.8,2322.8,2323,1,52,2
9:20:56,2322.8,2322.8,2323,3,50,2
9:20:57,2323,2322.8,2323,1,50,2
9:20:57,2322.8,2322.8,2323,1,49,8
9:20:59,2322.8,2322.8,2323,5,47,10
9:20:59,2322.8,2322.8,2323,2,26,13
9:21:00,2323,2322.8,2323,1,26,17
9:21:00,2322.8,2322.8,2323,6,20,19
9:21:01,2322.8,2322.8,2323,16,4,19
9:21:01,2322.8,2322.8,2323,4,1,26
9:21:02,2322.8,2322.6,2323,1,90,27
9:21:02,2323,2322.6,2322.8,1,90,25
9:21:03,2322.6,2322.6,2322.8,8,83,32
9:21:03,2322.6,2322.6,2322.8,3,81,33
9:21:04,2322.6,2322.6,2322.8,8,76,30
9:21:04,2322.6,2322.6,2322.8,6,73,29
9:21:05,2322.6,2322.6,2322.8,7,68,28
9:21:05,2322.6,2322.6,2322.8,28,62,9
9:21:06,2322.6,2322.6,2322.8,2,62,8
9:21:06,2322.6,2322.6,2322.8,2,60,8
9:21:07,2322.6,2322.6,2322.8,30,33,7
9:21:07,2322.8,2322.6,2322.8,7,28,5
9:21:08,2322.6,2322.6,2322.8,2,28,10
9:21:08,2322.8,2322.6,2322.8,21,17,1
9:21:09,2322.6,2322.6,2322.8,6,17,2
9:21:10,2322.6,2322.6,2322.8,20,1,4
9:21:10,2322.6,2322.4,2322.6,2,30,1
9:21:11,2322.4,2322.4,2322.6,3,28,2
9:21:11,2322.4,2322.4,2322.6,1,27,10
9:21:12,2322.4,2322.4,2322.6,10,18,9
9:21:12,2322.4,2322.4,2322.6,11,8,14
9:21:13,2322.4,2322.4,2322.6,5,5,18
9:21:13,2322.4,2322.4,2322.6,2,3,18
9:21:14,2322.2,2322.2,2322.6,5,47,18
9:21:14,2322.4,2322.4,2322.6,6,3,19
9:21:15,2322.2,2322.2,2322.4,5,46,2
9:21:15,2322.4,2322.2,2322.4,5,46,2
9:21:16,2322.2,2322.2,2322.4,3,43,6
9:21:16,2322.4,2322.2,2322.4,11,36,4
9:21:17,2322.2,2322.2,2322.4,27,11,8
9:21:17,2322.2,2322,2322.2,11,114,3
9:21:18,2322.2,2322,2322.4,7,112,8
9:21:18,2322,2322,2322.2,4,110,2
9:21:19,2322.2,2322.2,2322.4,13,17,22
9:21:19,2322.2,2322.2,2322.4,22,2,22
9:21:20,2322,2322.2,2322.4,46,1,23
9:21:20,2322,2322,2322.2,9,59,1
9:21:21,2322,2322,2322.2,5,55,16
9:21:21,2322,2322,2322.2,5,52,22
9:21:22,2322,2322,2322.2,12,45,19
9:21:22,2322,2321.8,2322,50,17,66
9:21:23,2321.8,2321.6,2321.8,23,26,35
9:21:23,2321.6,2321.6,2321.8,77,20,3
9:21:24,2321.6,2321.6,2321.8,16,8,14
9:21:24,2321.6,2321.6,2321.8,17,4,5
9:21:25,2321.6,2321.6,2321.8,11,2,2
9:21:25,2321.6,2321.6,2322,15,16,77
9:21:26,2321.8,2321.6,2321.8,5,13,2
9:21:26,2321.4,2321.2,2321.4,31,47,48
9:21:27,2321.4,2321.2,2321.4,7,47,43
9:21:27,2321.2,2321.2,2321.4,46,13,30
9:21:28,2321.2,2321.2,2321.4,14,7,26
9:21:28,2321,2321,2321.2,23,75,2
9:21:29,2321,2321,2321.2,6,70,3
9:21:29,2321.2,2321.2,2321.4,10,7,14
9:21:30,2321,2321,2321.2,17,62,4
9:21:30,2321.2,2321.2,2321.4,9,5,12
9:21:31,2321.2,2321.2,2321.6,70,4,8
9:21:31,2321.2,2321.2,2321.6,8,34,8
9:21:32,2321.4,2321.4,2321.6,13,8,6
9:21:32,2321.4,2321.4,2321.6,3,5,6
9:21:33,2321.6,2321.4,2321.6,30,2,17
9:21:33,2321.4,2321.2,2321.4,9,36,4
9:21:34,2321.4,2321.4,2321.6,17,5,19
9:21:34,2321.4,2321.4,2321.6,1,7,23
9:21:35,2321.4,2321.4,2321.6,15,4,13
9:21:35,2321.6,2321.4,2321.6,2,5,11
9:21:36,2321.6,2321.2,2321.6,10,45,9
9:21:36,2321.4,2321.2,2321.4,5,43,2
9:21:37,2321.6,2321.6,2321.8,15,33,16
9:21:37,2321.6,2321.6,2321.8,4,31,19
9:21:38,2321.6,2321.6,2321.8,5,40,26
9:21:38,2321.6,2321.6,2321.8,6,36,26
9:21:39,2321.6,2321.6,2321.8,1,35,27
9:21:39,2321.6,2321.6,2321.8,2,35,26
9:21:40,2321.6,2321.6,2321.8,2,53,26
9:21:40,2321.6,2321.6,2321.8,7,50,26
9:21:41,2321.8,2321.6,2321.8,1,50,25
9:21:41,2321.8,2321.6,2321.8,2,51,30
9:21:42,2321.6,2321.6,2321.8,5,47,29
9:21:42,2321.6,2321.6,2321.8,11,46,20
9:21:43,2321.8,2321.6,2321.8,5,46,23
9:21:43,2321.6,2321.6,2321.8,4,43,24
9:21:44,2321.8,2321.6,2321.8,7,27,20
9:21:44,2321.6,2321.6,2321.8,3,28,21
9:21:45,2321.8,2321.6,2321.8,6,24,20
9:21:45,2321.8,2321.6,2321.8,2,23,19
9:21:46,2321.6,2321.6,2321.8,1,47,21
9:21:47,2321.8,2321.6,2321.8,15,47,17
9:21:47,2321.8,2321.6,2321.8,5,47,19
9:21:48,2321.8,2321.6,2321.8,19,43,8
9:21:48,2321.8,2321.6,2321.8,4,44,5
9:21:49,2321.6,2321.6,2321.8,2,46,7
9:21:50,2321.8,2321.8,2322,12,2,66
9:21:50,2321.8,2321.8,2322,1,3,67
9:21:51,2321.8,2321.6,2321.8,4,45,17
9:21:51,2321.8,2321.6,2321.8,4,48,13
9:21:52,2321.8,2321.6,2321.8,8,48,7
9:21:52,2321.8,2321.6,2321.8,1,48,7
9:21:53,2321.8,2321.8,2322,6,1,67
9:21:54,2321.8,2321.8,2322,1,4,67
9:21:55,2321.8,2321.8,2322,2,3,66
9:21:55,2321.8,2321.8,2322,3,1,65
9:21:56,2321.8,2321.6,2322,3,57,65
9:21:56,2321.8,2321.6,2322,2,56,71
9:21:57,2321.8,2321.8,2322,2,19,70
9:21:57,2322,2321.8,2322,1,19,70
9:21:58,2322,2321.8,2322,1,20,69
9:21:58,2321.8,2321.8,2322,2,19,70
9:21:59,2322,2321.8,2322,7,21,62
9:21:59,2322,2321.8,2322,4,23,60
9:22:00,2321.8,2321.6,2321.8,23,61,27
9:22:00,2321.8,2321.6,2321.8,7,58,28
9:22:01,2321.6,2321.6,2321.8,19,55,24
9:22:01,2321.8,2321.6,2321.8,24,45,15
9:22:02,2321.6,2321.6,2321.8,35,11,18
9:22:02,2321.6,2321.4,2321.6,11,59,5
9:22:03,2321.6,2321.4,2321.6,4,57,4
9:22:03,2321.6,2321.4,2321.6,6,57,1
9:22:04,2321.8,2321.4,2321.8,2,57,24
9:22:04,2321.6,2321.4,2321.6,12,56,1
9:22:05,2321.6,2321.4,2321.6,12,57,4
9:22:06,2321.6,2321.4,2321.8,6,57,4
9:22:06,2321.8,2321.4,2322,13,54,64
9:22:07,2321.4,2321.4,2322,11,47,64
9:22:07,2321.4,2321.6,2321.8,3,7,1
9:22:08,2322,2321.6,2321.8,3,9,1
9:22:08,2321.6,2321.6,2321.8,1,8,2
9:22:09,2321.6,2321.6,2321.8,4,14,3
9:22:09,2321.6,2321.6,2321.8,1,25,6
9:22:10,2321.8,2321.6,2321.8,2,26,4
9:22:10,2321.6,2321.6,2321.8,3,24,4
9:22:11,2321.8,2321.6,2322,4,28,73
9:22:11,2321.8,2321.6,2322,5,28,69
9:22:12,2321.6,2321.8,2322,2,2,69
9:22:12,2321.8,2321.8,2322,2,1,68
9:22:13,2322,2321.8,2322,2,4,70
9:22:14,2322,2321.8,2322,2,5,70
9:22:14,2321.8,2321.8,2322,7,1,68
9:22:15,2322.2,2322.2,2322.4,88,49,25
9:22:15,2322.4,2322.4,2322.6,43,6,14
9:22:16,2322.4,2322.4,2322.6,5,2,14
9:22:16,2322.8,2322.6,2322.8,31,5,3
9:22:17,2322.6,2322.2,2322.6,8,43,5
9:22:17,2322.6,2322.6,2322.8,11,1,1
9:22:18,2322.8,2322.8,2323,3,2,31
9:22:18,2323,2322.8,2323,1,3,31
9:22:19,2323,2322.8,2323,28,2,3
9:22:19,2322.8,2322.6,2323,3,2,2
9:22:20,2323,2322.6,2323.2,17,8,9
9:22:20,2322.6,2322.6,2323,1,7,1
9:22:21,2323,2323,2323.2,4,1,14
9:22:21,2323,2323,2323.2,3,1,13
9:22:22,2322.6,2322.6,2323,11,1,3
9:22:22,2322.6,2322.6,2323,3,1,5
9:22:23,2322.8,2322.6,2322.8,6,1,3
9:22:24,2322.6,2322.2,2322.6,3,2,12
9:22:24,2322.6,2322.4,2322.6,2,7,13
9:22:25,2322.6,2322.4,2322.6,1,10,12
9:22:25,2322.6,2322.4,2322.6,1,11,11
9:22:26,2322.4,2322.4,2322.6,5,6,12
9:22:27,2322.6,2322.4,2322.6,7,6,6
9:22:27,2322.4,2322.4,2322.6,1,5,6
9:22:28,2322.4,2322.4,2322.6,3,2,8
9:22:29,2322.6,2322.4,2322.6,2,3,9
9:22:29,2322.4,2322.4,2322.6,2,2,8
9:22:31,2322.4,2322.4,2322.6,2,3,9
9:22:31,2322.4,2322.4,2322.6,3,1,8
9:22:32,2322.2,2322.2,2322.4,2,1,1
9:22:32,2322.2,2322,2322.4,1,33,1
9:22:33,2322.6,2322.4,2322.6,3,1,8
9:22:33,2322.2,2322,2322.4,4,32,5
9:22:34,2322.4,2322.4,2322.6,15,5,9
9:22:34,2322.4,2322,2322.4,32,37,30
9:22:35,2322.4,2322.2,2322.4,29,1,29
9:22:35,2322.2,2322,2322.2,3,30,5
9:22:38,2322,2322,2322.4,21,29,31
9:22:38,2322,2322.2,2322.4,5,30,31
9:22:39,2322,2322.2,2322.4,2,31,32
9:22:39,2322.2,2322.2,2322.4,13,19,32
9:22:40,2322.2,2322.2,2322.4,7,16,31
9:22:41,2322.4,2322.2,2322.4,2,18,30
9:22:42,2322.4,2322.2,2322.4,1,19,39
9:22:42,2322.2,2322.2,2322.4,2,20,40
9:22:43,2322.2,2322.2,2322.4,1,19,40
9:22:43,2322.2,2322.2,2322.4,2,19,43
9:22:44,2322.2,2322.2,2322.4,14,15,33
9:22:44,2322.4,2322.2,2322.4,2,15,31
9:22:45,2322.4,2322.2,2322.4,2,15,30
9:22:45,2322.4,2322.2,2322.4,4,17,28
9:22:46,2322.4,2322.4,2322.6,31,19,5
9:22:46,2322.6,2322.4,2322.6,6,44,4
9:22:47,2322.6,2322.6,2322.8,7,3,17
9:22:48,2322.8,2322.6,2322.8,8,14,10
9:22:48,2322.8,2322.6,2322.8,1,15,9
9:22:49,2323.2,2322.8,2323.2,25,1,22
9:22:49,2323.2,2323,2323.2,4,4,21
9:22:50,2323.2,2323,2323.2,9,4,15
9:22:50,2323.2,2323,2323.2,3,4,12
9:22:51,2323.2,2323,2323.2,3,4,9
9:22:51,2323.2,2323,2323.2,2,4,8
9:22:52,2323.2,2323,2323.2,6,1,8
9:22:52,2323.2,2322.6,2323.2,3,5,8
9:22:53,2323.2,2322.6,2323,1,6,2
9:22:53,2323,2322.8,2323,4,5,4
9:22:54,2322.6,2322.8,2323,9,2,10
9:22:55,2322.8,2322.8,2323,1,1,14
9:22:55,2322.8,2322.6,2322.8,2,2,5
9:22:56,2322.6,2322.6,2322.8,2,1,5
9:22:57,2322.6,2322.4,2322.8,1,36,6
9:22:57,2322.8,2322.6,2322.8,1,1,6
9:22:59,2323,2322.8,2323,15,1,18
9:23:00,2323,2322.8,2323,7,1,18
9:23:01,2323,2322.8,2323,15,3,4
9:23:01,2322.8,2322.6,2323.2,9,1,23
9:23:02,2322.6,2322.4,2322.6,3,41,3
9:23:02,2322.6,2322.4,2322.6,2,41,1
9:23:03,2322.8,2322.8,2323,2,3,2
9:23:03,2322.8,2322.8,2323,4,3,4
9:23:04,2322.8,2322.8,2323,2,1,5
9:23:04,2323,2322.4,2323,2,22,5
9:23:05,2323,2322.6,2323,6,1,8
9:23:06,2323,2322.8,2323,4,1,13
9:23:07,2322.6,2322.6,2322.8,2,14,2
9:23:08,2322.8,2322.8,2323,4,3,14
9:23:09,2322.8,2322.8,2323,1,2,14
9:23:09,2322.6,2322.6,2323,5,18,7
9:23:10,2323,2322.8,2323,2,2,11
9:23:10,2322.8,2322.8,2323,1,2,12
9:23:11,2323,2323,2323.2,15,1,26
9:23:11,2322.8,2322.8,2323.2,2,2,27
9:23:12,2322.8,2322.8,2323,1,10,1
9:23:12,2323,2323,2323.2,8,1,27
9:23:13,2323,2323,2323.2,1,1,27
9:23:13,2322.8,2322.8,2323,10,4,50
9:23:14,2323,2322.8,2323,3,4,47
9:23:15,2323,2322.8,2323,5,3,44
9:23:16,2323,2322.8,2323,2,5,49
9:23:16,2323,2322.8,2323,9,5,41
9:23:18,2323,2322.8,2323,1,6,40
9:23:18,2323,2322.8,2323,1,6,39
9:23:19,2323,2322.8,2323,2,7,37
9:23:20,2323,2322.8,2323,2,6,39
9:23:21,2323,2322.8,2323,20,6,20
9:23:21,2322.8,2322.6,2322.8,7,20,3
9:23:22,2322.8,2322.6,2322.8,2,20,1
9:23:23,2322.6,2322.6,2322.8,1,22,7
9:23:24,2322.6,2322.6,2322.8,21,7,6
9:23:25,2322.6,2322.6,2322.8,1,7,6
9:23:25,2322.8,2322.6,2322.8,1,7,5
9:23:26,2322.8,2322.6,2322.8,2,6,4
9:23:27,2322.6,2322.6,2322.8,3,4,4
9:23:27,2322.8,2322.6,2322.8,1,5,10
9:23:29,2322.8,2322.6,2322.8,2,7,8
9:23:29,2322.6,2322.6,2322.8,1,11,8
9:23:31,2322.8,2322.6,2322.8,1,12,9
9:23:32,2322.6,2322.6,2322.8,1,13,9
9:23:34,2322.8,2322.6,2322.8,3,15,7
9:23:35,2322.8,2322.6,2322.8,2,14,6
9:23:36,2322.6,2322.6,2322.8,1,13,6
9:23:36,2322.6,2322.6,2322.8,4,9,7
9:23:37,2322.6,2322.6,2322.8,4,5,7
9:23:37,2322.6,2322.6,2322.8,3,4,8
9:23:38,2322.8,2322.6,2322.8,4,1,8
9:23:38,2322.6,2322.4,2322.6,1,38,11
9:23:39,2322.6,2322.4,2322.6,11,37,3
9:23:40,2322.6,2322.4,2322.6,1,37,2
9:23:41,2322.6,2322.4,2322.6,2,37,2
9:23:41,2322.6,2322.6,2322.8,2,1,8
9:23:42,2322.6,2322.4,2322.8,1,39,9
9:23:43,2322.6,2322.6,2322.8,7,13,10
9:23:45,2322.8,2322.6,2322.8,1,13,10
9:23:45,2322.6,2322.6,2322.8,2,11,10
9:23:46,2322.6,2322.6,2322.8,1,10,10
9:23:46,2322.6,2322.6,2322.8,2,9,10
9:23:47,2322.8,2322.6,2322.8,1,10,9
9:23:48,2322.6,2322.6,2322.8,5,6,10
9:23:48,2322.8,2322.6,2322.8,1,6,9
9:23:49,2322.8,2322.6,2322.8,1,6,8
9:23:50,2322.6,2322.6,2322.8,5,3,8
9:23:51,2322.8,2322.4,2322.8,5,35,8
9:23:53,2322.6,2322.6,2322.8,2,1,6
9:23:54,2322.6,2322.6,2322.8,1,1,8
9:23:55,2322.6,2322.6,2322.8,1,2,8
9:23:55,2322.4,2322.4,2322.8,5,33,8
9:23:56,2322.8,2322.6,2322.8,1,1,9
9:23:57,2322.6,2322.4,2322.8,3,34,8
9:23:57,2322.8,2322.4,2322.8,10,26,6
9:23:59,2322.6,2322.4,2322.6,3,24,9
9:23:59,2322.4,2322.4,2322.6,1,23,11
9:24:00,2322.6,2322.4,2322.6,1,24,11
9:24:00,2322.4,2322.4,2322.6,2,23,21
9:24:01,2322.6,2322.6,2322.8,21,11,4
9:24:01,2322.6,2322.6,2322.8,2,11,3
9:24:02,2322.6,2322.6,2322.8,3,8,3
9:24:03,2322.6,2322.6,2322.8,3,5,4
9:24:03,2322.6,2322.6,2322.8,1,4,5
9:24:04,2322.6,2322.6,2322.8,1,3,5
9:24:04,2322.8,2322.6,2322.8,2,3,4
9:24:06,2322.6,2322.6,2322.8,1,5,5
9:24:06,2322.6,2322.6,2322.8,1,5,5
9:24:07,2322.8,2322.6,2322.8,1,6,4
9:24:09,2322.8,2322.6,2322.8,1,10,5
9:24:10,2322.8,2322.6,2322.8,1,10,4
9:24:11,2322.8,2322.6,2322.8,1,18,3
9:24:11,2322.8,2322.8,2323,3,1,64
9:24:12,2322.8,2322.6,2322.8,1,19,99
9:24:13,2322.8,2322.6,2322.8,18,3,98
9:24:13,2322.6,2322.4,2322.6,4,27,13
9:24:14,2322.6,2322.4,2322.6,5,27,12
9:24:14,2322.4,2322.4,2322.6,4,24,12
9:24:15,2322.6,2322.4,2322.6,7,20,13
9:24:16,2322.6,2322.4,2322.6,5,17,11
9:24:16,2322.6,2322.4,2322.6,2,17,9
9:24:17,2322.4,2322.4,2322.6,11,15,1
9:24:17,2322.6,2322.4,2322.6,2,17,1
9:24:18,2322.4,2322.6,2322.8,3,1,104
9:24:18,2322.4,2322.6,2322.8,3,5,104
9:24:19,2322.4,2322.6,2322.8,1,4,104
9:24:20,2322.6,2322.6,2322.8,2,3,103
9:24:20,2322.6,2322.4,2322.6,3,16,4
9:24:21,2322.4,2322.4,2322.6,1,15,5
9:24:21,2322.6,2322.4,2322.6,7,15,2
9:24:22,2322.4,2322.4,2322.6,9,10,2
9:24:23,2322.6,2322.4,2322.6,4,14,3
9:24:24,2322.4,2322.4,2322.6,1,13,3
9:24:25,2322.4,2322.4,2322.6,1,12,4
9:24:25,2322.6,2322.4,2322.6,2,12,8
9:24:26,2322.6,2322.4,2322.6,6,7,8
9:24:26,2322.4,2322.2,2322.4,7,28,5
9:24:27,2322.4,2322.2,2322.4,5,27,1
9:24:27,2322.4,2322.2,2322.6,5,27,16
9:24:28,2322.2,2322.2,2322.6,1,27,16
9:24:28,2322.2,2322.2,2322.6,6,22,17
9:24:29,2322.2,2322.2,2322.6,3,19,18
9:24:30,2322.2,2322.2,2322.4,8,12,2
9:24:30,2322.2,2322.2,2322.4,2,10,2
9:24:31,2322.2,2322,2322.2,10,42,1
9:24:31,2322.2,2322,2322.2,3,42,1
9:24:32,2322,2322,2322.2,1,41,1
9:24:32,2322,2322,2322.2,1,41,47
9:24:33,2322,2322,2322.2,8,35,47
9:24:33,2322.2,2322,2322.2,44,29,9
9:24:34,2322.2,2322,2322.2,9,29,1
9:24:34,2322,2322,2322.2,8,21,3
9:24:35,2322,2322,2322.2,4,18,3
9:24:35,2322.2,2322,2322.2,3,16,2
9:24:36,2322,2322,2322.2,2,14,2
9:24:36,2322,2322,2322.2,2,13,1
9:24:37,2322,2322,2322.2,1,13,1
9:24:37,2322.2,2322.2,2322.4,2,35,9
9:24:38,2322.2,2322.2,2322.4,6,29,9
9:24:38,2322.2,2322.2,2322.4,4,27,9
9:24:39,2322.2,2322.2,2322.4,2,27,11
9:24:39,2322.2,2322.2,2322.4,2,26,10
9:24:41,2322.4,2322.2,2322.4,15,51,2
9:24:41,2322.2,2322.4,2322.6,15,1,20
9:24:43,2322.6,2322.4,2322.6,8,32,11
9:24:44,2322.6,2322.6,2322.8,11,12,106
9:24:44,2322.8,2322.6,2322.8,1,13,105
9:24:45,2322.6,2322.4,2322.6,13,32,17
9:24:45,2322.6,2322.4,2322.6,1,33,16
9:24:46,2322.6,2322.4,2322.6,1,31,17
9:24:47,2322.4,2322.4,2322.6,1,30,18
9:24:48,2322.6,2322.4,2322.6,2,31,17
9:24:48,2322.4,2322.4,2322.6,3,28,17
9:24:50,2322.4,2322.4,2322.6,1,28,18
9:24:52,2322.4,2322.4,2322.6,1,24,19
9:24:53,2322.4,2322.4,2322.6,2,22,25
9:24:54,2322.6,2322.4,2322.6,1,22,24
9:24:54,2322.4,2322.4,2322.6,6,17,28
9:24:55,2322.4,2322.4,2322.6,15,2,29
9:24:56,2322.6,2322.2,2322.6,6,44,28
9:24:57,2322.6,2322.2,2322.6,4,44,24
9:24:59,2322.4,2322.2,2322.6,1,45,31
9:25:00,2322.6,2322.4,2322.6,5,1,33
9:25:00,2322.4,2322.2,2322.6,4,46,31
9:25:01,2322.4,2322.4,2322.6,5,6,31
9:25:02,2322.4,2322.4,2322.6,7,53,32
9:25:02,2322.6,2322.4,2322.6,2,53,30
9:25:03,2322.4,2322.4,2322.6,9,46,26
9:25:03,2322.6,2322.4,2322.6,4,44,23
9:25:04,2322.4,2322.4,2322.6,3,42,22
9:25:04,2322.4,2322.4,2322.6,1,41,23
9:25:05,2322.4,2322.4,2322.6,22,20,22
9:25:06,2322.6,2322.4,2322.6,3,19,21
9:25:06,2322.4,2322.4,2322.6,5,17,19
9:25:07,2322.4,2322.4,2322.6,3,14,19
9:25:08,2322.6,2322.4,2322.6,2,14,17
9:25:08,2322.4,2322.4,2322.6,1,12,17
9:25:09,2322.4,2322.4,2322.6,9,7,13
9:25:09,2322.4,2322.4,2322.6,1,6,13
9:25:10,2322.6,2322.4,2322.6,4,9,10
9:25:11,2322.4,2322.4,2322.6,4,6,12
9:25:12,2322.4,2322.4,2322.6,1,5,12
9:25:12,2322.4,2322.4,2322.6,1,4,12
9:25:13,2322.6,2322.6,2322.8,12,8,110
9:25:13,2322.6,2322.6,2322.8,7,1,111
9:25:15,2322.8,2322.6,2322.8,1,1,110
9:25:15,2322.8,2322.6,2322.8,100,1,10
9:25:16,2322.8,2322.6,2322.8,1,7,9
9:25:16,2322.8,2322.8,2323,9,12,62
9:25:17,2323,2322.8,2323,5,12,57
9:25:17,2323,2322.8,2323,2,12,55
9:25:18,2323,2322.8,2323,4,16,51
9:25:18,2323,2322.8,2323,4,16,47
9:25:19,2323,2322.8,2323,12,16,36
9:25:19,2323,2322.8,2323,20,16,16
9:25:20,2323,2322.8,2323,6,16,10
9:25:20,2323,2322.8,2323,7,16,2
9:25:21,2323,2323,2323.2,2,8,45
9:25:22,2323.2,2323,2323.2,35,5,16
9:25:22,2323.2,2323,2323.2,11,4,6
9:25:23,2323.2,2323.2,2323.4,7,11,18
9:25:23,2323.4,2323.2,2323.4,3,12,17
9:25:24,2323.4,2323.2,2323.4,3,12,15
9:25:24,2323.2,2323,2323.2,23,12,15
9:25:25,2323.2,2323,2323.2,9,10,11
9:25:25,2323.2,2323,2323.2,3,11,18
9:25:26,2323,2323,2323.2,11,5,14
9:25:26,2323,2323,2323.2,4,5,12
9:25:27,2323.2,2323,2323.2,4,3,8
9:25:27,2323.2,2323,2323.2,5,1,5
9:25:28,2323.2,2323.2,2323.4,5,1,14
9:25:28,2323.2,2323,2323.2,1,2,11
9:25:29,2323.2,2323,2323.2,5,1,9
9:25:29,2323,2323,2323.2,2,1,10
9:25:30,2323.2,2323,2323.2,4,3,6
9:25:31,2323.2,2323,2323.2,2,3,5
9:25:32,2323,2322.8,2323,6,5,9
9:25:32,2323,2322.8,2323,7,8,2
9:25:33,2322.8,2322.8,2323,8,8,6
9:25:34,2323,2322.8,2323,4,7,4
9:25:34,2323,2322.8,2323,1,7,4
9:25:35,2323,2322.8,2323,1,7,6
9:25:35,2322.8,2322.8,2323,1,6,7
9:25:36,2322.8,2322.8,2323,3,5,5
9:25:37,2323,2322.8,2323,5,5,4
9:25:38,2322.8,2322.8,2323,5,30,4
9:25:39,2323,2323,2323.2,5,8,18
9:25:40,2323.2,2323,2323.2,1,8,17
9:25:41,2323,2323,2323.2,1,11,18
9:25:42,2323,2323,2323.2,3,9,25
9:25:43,2323.2,2323,2323.2,2,7,24
9:25:43,2323.2,2323,2323.2,1,7,23
9:25:44,2323.2,2323,2323.2,1,8,22
9:25:44,2323.2,2323,2323.2,1,9,20
9:25:45,2323,2323,2323.2,5,7,20
9:25:46,2323.2,2323,2323.2,1,8,22
9:25:46,2323,2323,2323.2,2,6,22
9:25:47,2323.2,2323,2323.2,8,6,15
9:25:47,2323,2323,2323.2,1,15,15
9:25:48,2323,2323,2323.2,2,15,16
9:25:48,2323.2,2323.2,2323.4,21,2,24
9:25:49,2323,2323,2323.2,3,9,1
9:25:49,2323,2323,2323.2,1,8,1
9:25:50,2323.2,2323,2323.2,5,8,5
9:25:51,2323.2,2323,2323.2,1,10,6
9:25:52,2323,2323,2323.2,1,10,6
9:25:52,2323.2,2323.2,2323.4,6,6,24
9:25:53,2323.2,2323.2,2323.4,2,4,24
9:25:53,2323.4,2323.2,2323.4,2,4,22
9:25:54,2323.4,2323.2,2323.4,1,4,21
9:25:54,2323.4,2323.2,2323.4,4,4,16
9:25:55,2323.4,2323.2,2323.4,1,19,15
9:25:56,2323.4,2323.2,2323.4,11,9,14
9:25:56,2323.2,2323.2,2323.4,5,13,10
9:25:57,2323.4,2323.2,2323.4,10,7,8
9:25:57,2323.4,2323.2,2323.4,1,7,7
9:25:58,2323.4,2323.2,2323.4,3,8,5
9:25:58,2323.4,2323.2,2323.6,6,8,51
9:25:59,2323.2,2323,2323.2,8,20,17
9:25:59,2322.8,2322.8,2323.2,31,14,16
9:26:00,2323.2,2322.8,2323.2,2,14,15
9:26:00,2323,2322.8,2323.2,1,15,18
9:26:01,2322.8,2322.8,2323,3,12,3
9:26:01,2322.8,2322.8,2323,2,11,2
9:26:02,2323.2,2322.8,2323.2,6,11,14
9:26:02,2322.8,2322.8,2323.2,5,7,13
9:26:03,2322.8,2322.8,2323,3,16,10
9:26:04,2323,2322.8,2323,2,17,8
9:26:05,2322.8,2322.8,2323,2,16,8
9:26:06,2323,2322.8,2323,1,16,7
9:26:07,2322.8,2322.8,2323,2,15,7
9:26:07,2323,2322.8,2323,6,15,4
9:26:08,2323,2322.8,2323,1,16,3
9:26:09,2323,2322.8,2323.2,4,16,19
9:26:09,2322.8,2322.8,2323,1,16,1
9:26:10,2323,2322.8,2323.2,2,16,19
9:26:11,2323,2323,2323.2,1,2,19
9:26:12,2323,2322.8,2323.2,3,17,20
9:26:13,2323,2323,2323.2,2,49,20
9:26:13,2323,2323,2323.2,1,12,22
9:26:14,2323.2,2323,2323.2,22,12,1
9:26:14,2323.2,2323,2323.4,2,11,7
9:26:16,2323.2,2323,2323.2,1,13,3
9:26:16,2323.4,2323,2323.4,8,13,14
9:26:17,2323.4,2323,2323.4,4,11,13
9:26:17,2323.4,2323,2323.4,4,8,12
9:26:18,2323,2323,2323.4,2,9,13
9:26:19,2323.4,2323,2323.4,1,10,13
9:26:20,2323,2323,2323.2,3,10,1
9:26:20,2323.2,2323,2323.2,3,10,2
9:26:21,2323,2323,2323.2,2,15,1
9:26:21,2323.4,2323,2323.4,12,5,17
9:26:22,2323.4,2323,2323.4,11,6,9
9:26:23,2323.4,2323.2,2323.4,1,2,6
9:26:23,2323.4,2323.2,2323.4,2,4,10
9:26:24,2323.2,2323.2,2323.4,3,1,11
9:26:24,2323.4,2323.2,2323.4,2,3,9
9:26:25,2323,2323,2323.4,11,4,6
9:26:26,2323.2,2323,2323.2,3,7,4
9:26:26,2323.2,2323,2323.2,2,7,2
9:26:27,2323.2,2323,2323.2,1,10,2
9:26:28,2323.4,2323.2,2323.4,4,2,14
9:26:28,2323.2,2323,2323.4,2,9,14
9:26:29,2323.4,2323.2,2323.4,6,5,9
9:26:30,2323.4,2323.2,2323.4,1,5,9
9:26:30,2323.2,2323.2,2323.4,1,9,9
9:26:31,2323.4,2323.2,2323.4,1,9,9
9:26:31,2323.4,2323.2,2323.4,1,9,8
9:26:32,2323.4,2323.2,2323.4,2,10,6
9:26:32,2323.4,2323.4,2323.6,7,3,81
9:26:33,2323.4,2323.4,2323.6,1,4,82
9:26:33,2323.4,2323.4,2323.6,3,3,82
9:26:34,2323.4,2323.4,2323.6,4,3,81
9:26:34,2323.6,2323.4,2323.6,11,2,71
9:26:35,2323.6,2323.4,2323.6,12,2,63
9:26:35,2323.6,2323.4,2323.6,8,1,56
9:26:36,2323.6,2323.4,2323.6,3,24,55
9:26:36,2323.4,2323.4,2323.6,3,23,54
9:26:37,2323.6,2323.4,2323.6,2,27,52
9:26:37,2323.6,2323.4,2323.6,19,27,36
9:26:38,2323.6,2323.4,2323.6,6,28,30
9:26:38,2323.6,2323.6,2323.8,34,2,53
9:26:39,2323.6,2323.6,2323.8,1,12,53
9:26:40,2323.8,2323.6,2323.8,2,12,56
9:26:40,2323.8,2323.6,2323.8,13,10,54
9:26:41,2323.8,2323.6,2323.8,16,7,39
9:26:41,2323.8,2323.6,2323.8,13,7,27
9:26:42,2323.8,2323.6,2323.8,15,14,17
9:26:42,2323.8,2323.6,2323.8,5,12,14
9:26:43,2323.8,2323.6,2323.8,7,11,9
9:26:43,2324,2323.8,2324,14,1,138
9:26:44,2323.8,2323.6,2323.8,20,9,5
9:26:44,2323.6,2323.6,2323.8,8,8,13
9:26:45,2323.8,2323.6,2323.8,16,6,8
9:26:45,2323.8,2323.6,2323.8,8,7,10
9:26:46,2323.6,2323.6,2323.8,6,4,9
9:26:46,2323.6,2323.6,2323.8,2,10,8
9:26:47,2323.8,2323.6,2323.8,7,9,5
9:26:47,2323.8,2323.6,2323.8,1,12,4
9:26:48,2323.8,2323.4,2324,22,31,138
9:26:49,2323.8,2323.6,2323.8,12,3,5
9:26:49,2323.6,2323.6,2323.8,9,1,4
9:26:50,2323.6,2323.6,2324,22,5,126
9:26:50,2323.6,2323.8,2324,2,2,127
9:26:51,2323.8,2323.6,2323.8,4,5,24
9:26:51,2323.8,2323.8,2324,32,8,130
9:26:52,2323.8,2323.6,2324,8,10,131
9:26:52,2323.6,2323.6,2324,13,12,121
9:26:53,2323.6,2323.6,2324,4,12,121
9:26:53,2324,2323.8,2324,5,1,117
9:26:54,2323.8,2323.6,2324,2,13,119
9:26:55,2324,2323.6,2323.8,2,20,1
9:26:56,2323.8,2323.6,2323.8,7,29,1
9:26:56,2323.6,2323.6,2323.8,1,28,1
9:26:57,2323.6,2323.4,2323.6,29,25,8
9:26:57,2323.6,2323.4,2323.6,4,26,4
9:26:58,2323.6,2323.4,2323.6,2,27,2
9:26:59,2323.6,2323.6,2323.8,2,1,15
9:27:00,2323.6,2323.4,2323.6,1,29,1
9:27:00,2323.6,2323.6,2323.8,13,1,30
9:27:01,2323.8,2323.6,2323.8,3,2,43
9:27:01,2323.6,2323.6,2323.8,5,1,39
9:27:02,2323.6,2323.6,2323.8,6,5,43
9:27:02,2323.8,2323.6,2323.8,5,10,40
9:27:03,2323.8,2323.6,2323.8,6,7,61
9:27:03,2323.6,2323.4,2323.6,7,22,1
9:27:04,2323.4,2323.4,2323.8,10,16,63
9:27:04,2323.8,2323.4,2323.8,4,17,63
9:27:05,2323.8,2323.4,2323.6,3,46,12
9:27:06,2323.4,2323.4,2323.6,1,45,36
9:27:06,2323.4,2323.4,2323.6,8,43,33
9:27:07,2323.6,2323.4,2323.6,26,20,32
9:27:07,2323.6,2323.4,2323.6,16,6,30
9:27:08,2323.4,2323.2,2323.4,7,19,7
9:27:08,2323.2,2323.2,2323.4,33,1,9
9:27:09,2323.4,2323.2,2323.4,5,1,4
9:27:09,2323.2,2323,2323.2,3,26,17
9:27:10,2323,2323,2323.2,7,20,45
9:27:10,2323,2323,2323.2,4,18,44
9:27:11,2323,2323,2323.2,8,12,43
9:27:11,2323,2322.8,2323,14,45,3
9:27:12,2323,2322.8,2323,2,45,2
9:27:12,2323,2322.8,2323,2,47,3
9:27:13,2323,2322.8,2323,3,47,1
9:27:14,2323.2,2322.8,2323.2,2,46,17
9:27:14,2322.8,2323,2323.2,3,1,18
9:27:15,2323.2,2323,2323.2,1,3,18
9:27:15,2323,2323,2323.2,1,4,18
9:27:16,2323.2,2323,2323.2,3,11,18
9:27:17,2323.2,2323.2,2323.4,18,4,3
9:27:19,2323.4,2323.2,2323.4,1,16,2
9:27:19,2323.2,2323.2,2323.4,5,11,2
9:27:20,2323,2323.2,2323.4,15,2,2
9:27:20,2323,2322.8,2323,24,67,6
9:27:21,2322.8,2322.8,2323.2,15,68,6
9:27:22,2323,2323,2323.2,5,5,5
9:27:22,2323.2,2323,2323.2,2,14,3
9:27:23,2323.2,2323,2323.2,1,16,2
9:27:23,2323.2,2323.2,2323.4,5,3,3
9:27:24,2323.2,2323.2,2323.4,7,5,4
9:27:24,2323.4,2323.2,2323.4,4,4,1
9:27:26,2323.2,2323.2,2323.4,1,11,2
9:27:26,2323.4,2323.2,2323.4,2,13,1
9:27:28,2323.2,2323.2,2323.4,9,4,7
9:27:28,2323.2,2323.2,2323.4,1,5,8
9:27:30,2323.2,2323.2,2323.4,1,7,10
9:27:30,2323.2,2323.2,2323.4,1,6,10
9:27:31,2323.2,2323,2323.2,6,27,8
9:27:32,2323.2,2323,2323.2,17,18,3
9:27:32,2323.2,2323,2323.2,4,17,1
9:27:33,2323.2,2323.2,2323.4,1,14,11
9:27:33,2323.2,2323.2,2323.4,2,15,10
9:27:34,2323.2,2323.2,2323.4,1,14,10
9:27:35,2323.4,2323.2,2323.4,3,13,8
9:27:37,2323.4,2323.2,2323.4,1,14,17
9:27:38,2323.2,2323.2,2323.4,1,14,18
9:27:38,2323.2,2323.2,2323.4,3,12,17
9:27:39,2323.2,2323.2,2323.4,3,11,16
9:27:39,2323.2,2323.2,2323.4,6,8,13
9:27:40,2323.4,2323.2,2323.4,1,8,12
9:27:40,2323.2,2323.2,2323.4,1,27,13
9:27:41,2323.2,2323.2,2323.4,1,27,13
9:27:41,2323.4,2323.2,2323.4,2,27,11
9:27:42,2323.2,2323.2,2323.4,4,23,11
9:27:42,2323.4,2323.2,2323.4,1,23,12
9:27:44,2323.4,2323.2,2323.4,6,19,13
9:27:44,2323.2,2323.2,2323.4,1,18,14
9:27:45,2323.2,2323.2,2323.4,1,17,14
9:27:46,2323.4,2323.2,2323.4,4,17,11
9:27:47,2323.2,2323.2,2323.4,16,1,12
9:27:47,2323.6,2323,2323.6,35,59,8
9:27:48,2323.2,2323.2,2323.6,7,13,13
9:27:49,2323.6,2323.4,2323.8,13,1,42
9:27:50,2323.8,2323.4,2323.8,1,10,43
9:27:50,2323.8,2323.4,2323.8,3,36,41
9:27:51,2323.8,2323.4,2323.8,6,38,35
9:27:52,2323.8,2323.6,2323.8,6,20,30
9:27:53,2323.8,2323.6,2323.8,2,22,28
9:27:53,2323.6,2323.6,2323.8,1,23,32
9:27:54,2323.6,2323.6,2323.8,6,17,33
9:27:55,2323.8,2323.6,2323.8,2,15,33
9:27:55,2323.8,2323.6,2323.8,1,12,34
9:27:56,2323.8,2323.6,2323.8,19,12,24
9:27:56,2323.8,2323.6,2323.8,3,13,22
9:27:57,2323.8,2323.6,2323.8,3,13,20
9:27:57,2323.8,2323.6,2323.8,2,14,20
9:27:58,2323.8,2323.6,2323.8,9,6,18
9:27:58,2323.8,2323.6,2323.8,1,6,18
9:27:59,2323.6,2323.6,2323.8,5,6,15
9:27:59,2323.8,2323.6,2323.8,2,5,15
9:28:00,2323.8,2323.6,2323.8,5,5,11
9:28:00,2323.8,2323.6,2323.8,8,5,4
9:28:01,2323.6,2323.6,2323.8,11,6,5
9:28:02,2323.6,2323.6,2323.8,2,5,10
9:28:02,2323.8,2323.6,2323.8,2,5,21
9:28:03,2323.8,2323.4,2323.6,20,19,1
9:28:04,2323.6,2323.4,2323.6,1,19,17
9:28:04,2323.6,2323.4,2323.6,8,18,10
9:28:05,2323.6,2323.4,2323.6,1,18,9
9:28:05,2323.6,2323.4,2323.6,9,11,8
9:28:06,2323.4,2323.4,2323.6,2,9,8
9:28:06,2323.6,2323.4,2323.6,3,7,12
9:28:07,2323.4,2323.4,2323.6,2,7,14
9:28:07,2323.6,2323.4,2323.6,5,7,9
9:28:08,2323.4,2323.2,2323.6,10,16,14
9:28:08,2323.6,2323.2,2323.6,2,15,13
9:28:09,2323.6,2323.2,2323.6,2,17,12
9:28:09,2323.6,2323.2,2323.6,7,17,6
9:28:10,2323.2,2323.2,2323.6,1,16,6
9:28:10,2323.2,2323.2,2323.6,6,11,5
9:28:11,2323.2,2323,2323.6,17,64,4
9:28:13,2323.2,2323.2,2323.6,9,46,19
9:28:13,2323.6,2323.4,2323.6,6,1,1
9:28:14,2323.4,2323.4,2323.6,5,3,1
9:28:16,2323.4,2323.4,2323.6,11,1,15
9:28:16,2323.6,2323.4,2323.6,2,1,14
9:28:17,2323.2,2323.2,2323.6,3,47,16
9:28:18,2323.6,2323.2,2323.6,16,32,20
9:28:18,2323.6,2323.2,2323.6,11,32,9
9:28:19,2323.2,2323.2,2323.6,5,29,10
9:28:19,2323.2,2323.2,2323.6,1,28,16
9:28:20,2323.6,2323.2,2323.6,1,30,17
9:28:21,2323.2,2323.2,2323.6,3,29,15
9:28:21,2323.6,2323.2,2323.6,4,29,11
9:28:22,2323.2,2323.2,2323.6,2,28,11
9:28:22,2323.2,2323.2,2323.6,3,27,12
9:28:23,2323.6,2323.2,2323.6,1,28,11
9:28:23,2323.2,2323.2,2323.6,3,25,14
9:28:26,2323.2,2323.2,2323.6,1,25,17
9:28:27,2323.2,2323.2,2323.6,1,31,18
9:28:28,2323.2,2323.2,2323.6,1,30,18
9:28:29,2323.2,2323.2,2323.6,1,29,19
9:28:30,2323.6,2323.2,2323.6,1,31,18
9:28:30,2323.2,2323.2,2323.6,2,30,17
9:28:31,2323.6,2323.2,2323.6,1,30,20
9:28:33,2323.4,2323.4,2323.6,4,4,21
9:28:33,2323.6,2323.4,2323.6,2,3,23
9:28:34,2323.6,2323.4,2323.6,2,1,24
9:28:36,2323.4,2323.2,2323.4,2,28,1
9:28:37,2323.6,2323.4,2323.6,2,2,24
9:28:37,2323.6,2323.2,2323.6,2,31,22
9:28:38,2323.4,2323.2,2323.6,1,33,23
9:28:39,2323.4,2323.4,2323.6,1,4,23
9:28:39,2323.4,2323.2,2323.6,4,33,23
9:28:41,2323.4,2323.4,2323.6,7,1,23
9:28:41,2323.2,2323.2,2323.6,3,31,22
9:28:42,2323.6,2323.4,2323.6,1,9,24
9:28:42,2323.4,2323.4,2323.6,1,8,24
9:28:43,2323.6,2323.4,2323.6,1,9,25
9:28:44,2323.6,2323.6,2323.8,24,3,80
9:28:45,2323.6,2323.6,2323.8,3,2,80
9:28:45,2323.6,2323.6,2323.8,5,1,75
9:28:46,2323.8,2323.6,2323.8,1,1,74
9:28:46,2323.6,2323.4,2323.8,2,49,74
9:28:47,2323.4,2323.4,2323.8,3,46,72
9:28:47,2323.6,2323.4,2323.8,7,40,72
9:28:48,2323.4,2323.4,2323.6,1,39,3
9:28:48,2323.6,2323.4,2323.8,7,39,69
9:28:50,2323.4,2323.4,2323.8,2,39,68
9:28:51,2323.8,2323.4,2323.8,1,39,68
9:28:51,2323.8,2323.4,2323.8,53,40,15
9:28:52,2323.4,2323.6,2323.8,3,9,16
9:28:53,2323.4,2323.6,2323.8,1,16,17
9:28:53,2323.8,2323.6,2323.8,14,13,6
9:28:54,2324,2323.8,2324,13,6,130
9:28:54,2324,2323.8,2324,12,5,119
9:28:55,2324,2323.8,2324,3,6,115
9:28:55,2324,2323.8,2324,10,26,105
9:28:56,2324,2323.8,2324,5,24,103
9:28:56,2323.8,2323.8,2324,16,18,92
9:28:57,2323.8,2323.8,2324,11,12,91
9:28:57,2324,2323.8,2324,17,12,75
9:28:58,2324,2323.8,2324,1,31,74
9:28:58,2323.8,2323.8,2324,31,26,50
9:28:59,2324,2323.8,2324,48,4,13
9:28:59,2324,2323.8,2324,8,4,5
9:29:00,2323.8,2323.8,2324,2,3,4
9:29:00,2324,2323.8,2324,3,4,14
9:29:01,2324,2323.8,2324,1,12,13
9:29:01,2324,2323.8,2324,21,12,12
9:29:02,2324,2323.8,2324,6,12,7
9:29:02,2323.8,2323.8,2324,1,12,7
9:29:03,2323.8,2323.8,2324,3,19,5
9:29:03,2324,2323.8,2324,2,20,3
9:29:04,2324,2324,2324.2,10,1,103
9:29:04,2324.2,2323.8,2324,21,20,3
9:29:05,2323.8,2323.8,2324,17,16,23
9:29:05,2324,2323.8,2324,2,16,31
9:29:06,2324,2323.8,2324,2,17,41
9:29:06,2324,2323.8,2324,7,16,37
9:29:07,2323.8,2323.8,2324,3,14,37
9:29:07,2324,2323.8,2324,4,14,39
9:29:08,2324,2323.8,2324,8,12,41
9:29:08,2324,2323.8,2324,4,12,41
9:29:09,2323.8,2323.6,2323.8,13,19,18
9:29:09,2324,2323.8,2324,19,1,51
9:29:10,2324,2323.8,2324,9,2,47
9:29:10,2323.8,2323.8,2324,1,1,49
9:29:11,2324,2323.8,2324,1,1,48
9:29:11,2323.8,2323.6,2323.8,6,28,6
9:29:12,2324,2323.8,2324,22,1,29
9:29:12,2324,2323.6,2324,3,29,39
9:29:13,2323.6,2323.6,2324,3,31,40
9:29:13,2323.6,2323.6,2324,4,30,39
9:29:14,2323.8,2323.6,2324,6,29,36
9:29:15,2323.6,2323.6,2323.8,1,30,5
9:29:16,2323.6,2323.6,2323.8,4,29,5
9:29:16,2323.8,2323.6,2323.8,2,29,4
9:29:17,2323.8,2323.6,2323.8,3,27,3
9:29:17,2323.6,2323.6,2323.8,4,24,4
9:29:18,2323.6,2323.6,2323.8,2,22,6
9:29:18,2323.6,2323.6,2323.8,4,21,9
9:29:19,2323.8,2323.6,2323.8,1,27,8
9:29:19,2323.6,2323.6,2323.8,1,26,8
9:29:20,2323.6,2323.6,2323.8,11,15,9
9:29:20,2323.8,2323.6,2323.8,1,15,9
9:29:21,2323.6,2323.4,2323.6,16,50,12
9:29:21,2323.6,2323.4,2323.6,16,46,1
9:29:22,2323.4,2323.4,2323.6,1,45,1
9:29:22,2323.6,2323.4,2323.6,1,46,1
9:29:23,2323.6,2323.4,2323.8,42,6,18
9:29:24,2323.4,2323.4,2323.6,2,5,15
9:29:25,2323.4,2323.4,2323.6,1,4,15
9:29:26,2323.4,2323.4,2323.6,2,8,15
9:29:26,2323.4,2323.4,2323.6,4,4,15
9:29:27,2323.4,2323.4,2323.6,1,3,15
9:29:27,2323.6,2323.2,2323.6,4,35,14
9:29:28,2323.6,2323.6,2323.8,14,6,28
9:29:28,2323.6,2323.6,2323.8,5,3,28
9:29:29,2323.8,2323.6,2323.8,1,3,30
9:29:29,2323.6,2323.4,2323.6,3,4,6
9:29:30,2323.6,2323.4,2323.6,3,4,4
9:29:30,2323.4,2323.4,2323.6,1,18,4
9:29:31,2323.4,2323.4,2323.6,2,32,4
9:29:31,2323.4,2323.4,2323.6,2,32,5
9:29:32,2323.6,2323.4,2323.6,1,33,6
9:29:32,2323.4,2323.4,2323.6,2,31,6
9:29:33,2323.6,2323.4,2323.6,3,29,11
9:29:33,2323.6,2323.4,2323.6,1,29,10
9:29:34,2323.6,2323.4,2323.6,1,29,10
9:29:34,2323.4,2323.4,2323.6,7,22,10
9:29:35,2323.6,2323.4,2323.8,10,25,21
9:29:35,2323.4,2323.4,2323.8,1,25,21
9:29:36,2323.4,2323.4,2323.8,2,24,20
9:29:40,2323.4,2323.4,2323.6,1,24,2
9:29:41,2323.4,2323.4,2323.6,1,26,2
9:29:42,2323.6,2323.4,2323.6,4,24,1
9:29:42,2323.4,2323.4,2323.8,3,22,26
9:29:43,2323.4,2323.4,2323.8,1,22,28
9:29:45,2323.8,2323.6,2323.8,3,6,30
9:29:46,2323.6,2323.6,2323.8,2,10,29
9:29:47,2323.6,2323.6,2323.8,2,10,29
9:29:48,2323.6,2323.6,2323.8,2,12,29
9:29:48,2323.8,2323.6,2323.8,1,12,28
9:29:49,2323.6,2323.6,2323.8,1,12,28
9:29:50,2323.6,2323.6,2323.8,4,8,27
9:29:51,2323.8,2323.6,2323.8,1,9,27
9:29:51,2323.8,2323.6,2323.8,1,9,26
9:29:52,2323.8,2323.6,2323.8,1,10,27
9:29:53,2323.8,2323.6,2323.8,3,10,24
9:29:53,2323.8,2323.6,2323.8,2,10,23
9:29:54,2323.8,2323.6,2323.8,1,11,23
9:29:54,2323.8,2323.6,2323.8,3,11,21
9:29:55,2323.8,2323.6,2323.8,3,10,20
9:29:56,2323.8,2323.6,2323.8,1,10,19
9:29:57,2323.8,2323.6,2323.8,14,10,5
9:29:58,2323.8,2323.6,2323.8,2,9,8
9:29:59,2323.8,2323.6,2323.8,2,10,8
9:29:59,2323.8,2323.6,2323.8,9,10,1
9:30:00,2323.6,2323.4,2323.6,12,42,6
9:30:01,2323.6,2323.4,2323.6,5,43,4
9:30:01,2324,2323.8,2324,14,1,100
9:30:02,2324,2323.8,2324,21,3,79
9:30:02,2323.8,2323.8,2324,16,1,65
9:30:03,2323.8,2323.4,2323.8,10,39,33
9:30:03,2323.8,2323.4,2323.8,5,39,29
9:30:04,2323.8,2323.6,2323.8,4,8,25
9:30:04,2323.6,2323.6,2323.8,3,5,26
9:30:05,2323.8,2323.6,2323.8,2,5,24
9:30:06,2323.8,2323.6,2323.8,5,2,24
9:30:06,2323.8,2323.6,2323.8,1,2,24
9:30:07,2323.8,2323.6,2323.8,2,3,22
9:30:07,2323.8,2323.6,2323.8,3,4,19
9:30:08,2323.8,2323.8,2324,20,6,74
9:30:09,2323.8,2323.8,2324,8,6,69
9:30:10,2324,2323.8,2324,1,8,68
9:30:10,2324,2323.8,2324,4,5,68
9:30:11,2324,2323.8,2324,10,5,63
9:30:12,2324,2323.8,2324,1,5,62
9:30:12,2324,2323.8,2324,7,5,54
9:30:13,2323.8,2323.8,2324,2,3,57
9:30:13,2324,2323.8,2324,3,6,56
9:30:14,2324,2323.8,2324,3,5,55
9:30:14,2324,2323.8,2324,5,6,50
9:30:15,2324,2323.8,2324,15,7,35
9:30:15,2324,2323.8,2324,2,7,34
9:30:16,2324,2323.8,2324,11,1,28
9:30:16,2324,2323.8,2324,5,7,25
9:30:17,2324,2323.8,2324,2,8,23
9:30:17,2324,2323.8,2324,2,35,21
9:30:18,2324,2323.8,2324,7,35,14
9:30:18,2323.8,2324,2324.2,27,4,106
9:30:19,2324,2323.8,2324,4,22,1
9:30:19,2324,2324,2324.2,1,2,106
9:30:20,2324.2,2324,2324.2,8,2,98
9:30:20,2323.8,2323.8,2324,6,22,20
9:30:21,2324,2323.8,2324,6,22,15
9:30:21,2324,2323.8,2324,8,22,9
9:30:22,2323.8,2323.8,2324,8,20,4
9:30:23,2324,2323.8,2324,4,22,12
9:30:24,2323.8,2323.8,2324,6,17,20
9:30:24,2323.8,2323.8,2324,1,16,28
9:30:25,2324,2323.8,2324,1,16,34
9:30:25,2324,2323.8,2324,1,16,39
9:30:26,2323.8,2323.6,2323.8,19,34,53
9:30:26,2323.8,2323.6,2323.8,5,31,51
9:30:27,2323.6,2323.6,2323.8,19,17,50
9:30:27,2323.8,2323.6,2323.8,9,13,43
9:30:28,2323.8,2323.6,2323.8,9,15,36
9:30:28,2323.6,2323.6,2323.8,8,7,36
9:30:29,2323.6,2323.6,2323.8,3,7,34
9:30:29,2323.6,2323.6,2323.8,3,4,34
9:30:30,2323.8,2323.6,2323.8,2,5,34
9:30:30,2323.8,2323.6,2323.8,6,3,31
9:30:31,2323.6,2323.6,2323.8,3,2,29
9:30:32,2323.6,2323.6,2323.8,1,2,31
9:30:32,2323.6,2323.4,2323.8,4,41,30
9:30:33,2323.4,2323.4,2323.8,1,40,30
9:30:33,2323.4,2323.6,2323.8,1,2,32
9:30:34,2323.6,2323.6,2323.8,1,1,34
9:30:34,2323.4,2323.4,2323.6,3,35,4
9:30:35,2323.4,2323.4,2323.6,4,32,6
9:30:35,2323.6,2323.4,2323.6,7,29,3
9:30:36,2323.6,2323.4,2323.8,5,28,35
9:30:37,2323.4,2323.4,2323.6,2,27,3
9:30:38,2323.4,2323.4,2323.6,14,13,5
9:30:38,2323.6,2323.4,2323.6,1,14,2
9:30:39,2323.4,2323.4,2323.8,5,12,15
9:30:39,2323.4,2323.4,2323.8,2,11,18
9:30:40,2323.4,2323.4,2323.6,5,6,1
9:30:40,2323.6,2323.6,2323.8,2,4,20
9:30:41,2323.6,2323.4,2323.6,9,7,16
9:30:42,2323.6,2323.6,2323.8,17,17,25
9:30:43,2323.8,2323.6,2323.8,3,15,24
9:30:43,2323.8,2323.6,2323.8,3,15,22
9:30:46,2323.6,2323.6,2323.8,1,17,27
9:30:46,2323.8,2323.6,2323.8,1,18,31
9:30:47,2323.8,2323.6,2323.8,2,17,30
9:30:48,2323.8,2323.6,2323.8,1,23,30
9:30:49,2323.6,2323.6,2323.8,2,22,26
9:30:49,2323.6,2323.6,2323.8,1,21,26
9:30:50,2323.6,2323.6,2323.8,1,20,26
9:30:51,2323.6,2323.6,2323.8,1,35,26
9:30:51,2323.6,2323.6,2323.8,1,34,26
9:30:52,2323.6,2323.6,2323.8,1,33,42
9:30:53,2323.8,2323.6,2323.8,4,32,39
9:30:53,2323.6,2323.6,2323.8,2,32,38
9:30:54,2323.6,2323.6,2323.8,1,31,40
9:30:54,2323.8,2323.6,2323.8,1,31,43
9:30:55,2323.8,2323.6,2323.8,9,23,41
9:30:56,2323.6,2323.6,2323.8,1,22,43
9:30:56,2323.8,2323.6,2323.8,1,22,43
9:30:57,2323.6,2323.6,2323.8,6,20,38
9:30:59,2323.6,2323.6,2323.8,5,16,38
9:30:59,2323.8,2323.6,2323.8,12,15,30
9:31:00,2323.6,2323.6,2323.8,8,11,27
9:31:00,2323.6,2323.6,2323.8,6,8,25
9:31:01,2323.8,2323.8,2324,32,1,48
9:31:01,2323.6,2323.6,2323.8,2,2,4
9:31:02,2323.8,2323.6,2323.8,3,1,5
9:31:02,2323.6,2323.6,2323.8,2,6,6
9:31:03,2323.6,2323.6,2323.8,2,4,22
9:31:03,2323.8,2323.6,2323.8,1,6,22
9:31:04,2323.8,2323.6,2323.8,15,5,10
9:31:04,2323.6,2323.6,2323.8,9,3,3
9:31:05,2323.8,2323.6,2323.8,1,5,2
9:31:06,2323.6,2323.6,2323.8,1,6,15
9:31:06,2323.6,2323.4,2323.6,6,17,5
9:31:07,2323.6,2323.4,2323.6,4,17,11
9:31:08,2323.6,2323.4,2323.6,1,16,14
9:31:10,2323.6,2323.4,2323.6,2,17,14
9:31:11,2323.6,2323.4,2323.6,1,19,13
9:31:12,2323.4,2323.4,2323.6,3,16,24
9:31:12,2323.4,2323.2,2323.4,16,58,9
9:31:13,2323.4,2323.2,2323.4,5,58,4
9:31:13,2323.4,2323.2,2323.4,8,53,3
9:31:14,2323.4,2323.2,2323.6,4,52,25
9:31:14,2323.2,2323.2,2323.4,3,49,3
9:31:15,2323.2,2323.2,2323.4,12,38,3
9:31:15,2323.2,2323.2,2323.4,4,35,4
9:31:16,2323.2,2323.2,2323.4,3,35,2
9:31:16,2323.2,2323.2,2323.6,39,1,28
9:31:17,2323.2,2323,2323.2,3,118,12
9:31:17,2323.2,2323,2323.2,15,108,9
9:31:18,2323,2323,2323.2,3,105,8
9:31:18,2323.2,2323,2323.2,1,103,9
9:31:19,2323.2,2323,2323.2,5,100,7
9:31:19,2323,2323,2323.2,11,91,5
9:31:20,2323.2,2323,2323.2,6,90,1
9:31:20,2323,2323,2323.2,13,79,3
9:31:21,2323.2,2323,2323.2,8,73,1
9:31:21,2323,2323,2323.2,3,70,1
9:31:22,2323.2,2323,2323.4,52,21,5
9:31:22,2323,2323,2323.2,3,18,2
9:31:23,2323,2323,2323.2,9,10,2
9:31:23,2323,2323,2323.2,9,3,3
9:31:24,2323.2,2323.2,2323.4,4,2,6
9:31:24,2323.2,2323,2323.2,2,6,9
9:31:25,2323,2323,2323.2,1,8,16
9:31:25,2323,2323,2323.2,6,2,27
9:31:26,2323,2322.8,2323,2,100,1
9:31:26,2322.8,2322.8,2323,11,102,1
9:31:27,2323,2323,2323.2,3,5,18
9:31:27,2323,2323,2323.2,7,9,22
9:31:28,2323,2323,2323.2,9,1,21
9:31:28,2322.8,2322.8,2323.2,12,90,21
9:31:29,2323,2322.8,2323.2,9,91,21
9:31:29,2323,2322.8,2323,4,92,2
9:31:30,2322.8,2322.8,2323,2,86,3
9:31:31,2322.8,2322.8,2323,5,84,8
9:31:31,2322.8,2322.8,2323,2,82,15
9:31:32,2323,2322.8,2323,5,80,18
9:31:32,2322.8,2322.8,2323,28,53,19
9:31:33,2322.8,2322.8,2323,2,52,19
9:31:34,2322.8,2322.8,2323,7,46,20
9:31:34,2323,2322.8,2323,15,33,11
9:31:35,2322.8,2322.8,2323,1,33,11
9:31:35,2322.8,2322.8,2323,1,33,12
9:31:36,2323,2323,2323.2,14,9,32
9:31:36,2323,2323,2323.2,4,6,33
9:31:37,2323,2323,2323.2,5,6,33
9:31:38,2323.2,2323,2323.2,1,8,32
9:31:38,2323,2323,2323.2,1,8,32
9:31:39,2323,2323,2323.2,4,7,31
9:31:39,2323,2323,2323.2,11,6,21
9:31:40,2323,2323,2323.2,5,4,23
9:31:41,2323,2322.8,2323,4,36,68
9:31:41,2323,2322.8,2323,12,37,57
9:31:42,2323,2322.8,2323,21,28,45
9:31:42,2322.8,2322.8,2323,9,22,42
9:31:43,2322.8,2322.8,2323,15,21,29
9:31:43,2322.8,2322.6,2322.8,26,41,10
9:31:44,2322.8,2322.6,2323,11,40,29
9:31:44,2322.8,2322.6,2323,1,40,32
9:31:45,2322.8,2322.6,2323,1,40,34
9:31:45,2323,2323,2323.2,8,2,28
9:31:46,2322.6,2322.6,2323.2,36,6,28
9:31:47,2323.2,2323,2323.2,7,1,23
9:31:47,2323.2,2322.8,2323.2,10,12,20
9:31:48,2322.8,2322.8,2323,3,9,8
9:31:48,2323,2323,2323.2,10,17,20
9:31:49,2323,2323,2323.2,7,10,22
9:31:49,2323,2323,2323.2,7,4,23
9:31:50,2323,2322.8,2323,4,9,6
9:31:51,2322.8,2322.8,2323,1,36,11
9:31:52,2323,2322.8,2323,5,35,10
9:31:52,2322.8,2322.8,2323,4,33,21
9:31:53,2323,2322.8,2323,15,35,6
9:31:53,2322.8,2322.8,2323,7,32,7
9:31:54,2323,2322.8,2323,11,23,6
9:31:54,2323,2322.8,2323,11,24,1
9:31:55,2323,2322.8,2323,1,25,2
9:31:55,2323,2323,2323.2,2,14,34
9:31:56,2323,2323,2323.2,12,6,61
9:31:57,2323,2323,2323.2,1,5,61
9:31:57,2323.2,2323,2323.2,7,2,59
9:31:58,2323,2322.8,2323.2,3,29,59
9:31:58,2323.2,2323,2323.2,5,1,55
9:31:59,2323,2322.8,2323,1,31,1
9:31:59,2323,2323,2323.2,2,13,56
9:32:00,2323.2,2323,2323.2,20,13,37
9:32:01,2322.8,2322.8,2323,31,17,3
9:32:01,2322.8,2323,2323.2,17,3,28
9:32:02,2323,2323,2323.2,2,2,27
9:32:02,2322.8,2322.8,2323.2,5,12,27
9:32:03,2322.8,2322.8,2323.2,5,8,27
9:32:03,2322.8,2323,2323.2,1,1,27
9:32:04,2323.2,2323,2323.2,16,2,21
9:32:04,2323.2,2323,2323.2,1,7,22
9:32:05,2323,2323,2323.2,5,9,27
9:32:05,2323,2323,2323.2,4,5,37
9:32:06,2323,2322.8,2323.2,5,15,37
9:32:06,2322.8,2322.8,2323.2,6,14,35
9:32:07,2323.2,2323,2323.2,1,1,34
9:32:07,2323.2,2323.2,2323.4,40,15,3
9:32:08,2323.2,2323.2,2323.6,5,14,31
9:32:08,2323.6,2323.2,2323.6,6,25,30
9:32:09,2323.6,2323.4,2323.6,1,1,29
9:32:09,2323.6,2323.2,2323.6,5,30,27
9:32:10,2323.6,2323.2,2323.6,1,31,25
9:32:10,2323.2,2323.2,2323.6,5,27,26
9:32:11,2323.6,2323.2,2323.6,3,27,23
9:32:11,2323.6,2323.4,2323.6,1,16,23
9:32:12,2323.4,2323.4,2323.6,2,14,23
9:32:12,2323.6,2323.4,2323.6,2,13,22
9:32:13,2323.4,2323.4,2323.6,3,10,22
9:32:14,2323.6,2323.4,2323.6,1,10,23
9:32:14,2323.6,2323.4,2323.6,1,10,23
9:32:15,2323.4,2323.4,2323.6,3,7,23
9:32:16,2323.4,2323.4,2323.6,3,4,23
9:32:16,2323.6,2323.4,2323.6,2,5,22
9:32:17,2323.6,2323.6,2323.8,22,40,30
9:32:17,2323.6,2323.6,2323.8,3,37,30
9:32:18,2323.6,2323.6,2323.8,1,38,30
9:32:18,2323.8,2323.6,2323.8,4,39,27
9:32:19,2323.8,2323.6,2323.8,1,46,30
9:32:20,2323.8,2323.6,2323.8,7,47,25
9:32:21,2323.8,2323.8,2324,26,5,147
9:32:21,2324,2323.8,2324,7,9,141
9:32:22,2324,2323.8,2324,8,8,135
9:32:22,2324,2323.8,2324,6,7,130
9:32:23,2324,2323.8,2324,17,3,118
9:32:23,2324,2323.8,2324,31,9,87
9:32:24,2323.8,2323.6,2324,25,45,83
9:32:24,2324,2323.6,2324,5,45,80
9:32:25,2324,2323.8,2324,11,1,69
9:32:25,2324,2323.8,2324,5,1,63
9:32:26,2323.8,2323.8,2324,10,1,62
9:32:26,2324,2323.6,2324,8,39,56
9:32:27,2324,2323.8,2324,5,1,51
9:32:27,2324,2323.8,2324,29,2,49
9:32:28,2324,2323.8,2324,3,7,47
9:32:29,2323.8,2323.8,2324,6,7,44
9:32:29,2324,2323.8,2324,1,15,45
9:32:30,2323.8,2323.8,2324,5,14,41
9:32:31,2324,2323.8,2324,14,13,34
9:32:31,2324,2323.8,2324,2,13,32
9:32:32,2324,2323.8,2324,1,16,59
9:32:32,2324,2323.8,2324,5,13,62
9:32:33,2324,2323.8,2324,37,15,25
9:32:33,2323.8,2323.8,2324,1,14,26
9:32:34,2324,2323.8,2324,13,14,21
9:32:34,2323.8,2323.8,2324,3,11,21
9:32:35,2324,2323.8,2324,10,13,22
9:32:35,2324,2323.8,2324,5,11,22
9:32:36,2324,2323.8,2324,2,11,23
9:32:36,2324,2323.8,2324,1,13,22
9:32:37,2324,2323.8,2324,12,13,11
9:32:37,2324,2323.8,2324,3,14,9
9:32:38,2324,2323.8,2324,8,19,7
9:32:38,2323.8,2323.8,2324,1,19,7
9:32:39,2324,2323.8,2324,19,3,5
9:32:39,2323.8,2323.8,2324,3,2,7
9:32:40,2324,2323.8,2324,4,1,18
9:32:41,2324,2323.8,2324,3,4,43
9:32:41,2323.8,2323.6,2323.8,4,20,8
9:32:42,2323.6,2323.6,2323.8,8,17,17
9:32:42,2323.6,2323.6,2323.8,9,16,9
9:32:43,2323.6,2323.6,2323.8,2,15,32
9:32:44,2323.8,2323.6,2323.8,5,11,40
9:32:44,2323.8,2323.4,2323.8,13,17,46
9:32:45,2323.8,2323.6,2323.8,4,1,49
9:32:46,2323.4,2323.4,2323.8,16,3,49
9:32:47,2323.4,2323.4,2323.6,5,2,6
9:32:47,2323.6,2323.4,2323.6,1,3,5
9:32:48,2323.4,2323.2,2323.4,3,13,1
9:32:48,2323.2,2323.2,2323.4,6,7,1
9:32:49,2323.4,2323.4,2323.6,1,6,6
9:32:49,2323.4,2323.4,2323.6,3,9,5
9:32:50,2323.4,2323.4,2323.6,1,8,8
9:32:51,2323.4,2323.4,2323.6,3,12,9
9:32:51,2323.6,2323.4,2323.6,8,9,5
9:32:52,2323.4,2323.4,2323.6,7,2,5
9:32:52,2323.6,2323.6,2323.8,9,12,51
9:32:53,2323.8,2323.6,2323.8,5,10,42
9:32:53,2323.6,2323.6,2323.8,2,8,42
9:32:54,2323.4,2323.2,2323.4,13,9,11
9:32:54,2323.4,2323.2,2323.4,1,9,10
9:32:56,2323.4,2323.2,2323.4,1,13,4
9:32:56,2323.4,2323.4,2323.6,5,5,2
9:32:57,2323.4,2323.4,2323.6,9,96,2
9:32:57,2323.6,2323.6,2323.8,16,13,41
9:32:58,2323.6,2323.6,2323.8,16,11,38
9:32:58,2323.6,2323.6,2323.8,6,9,28
9:32:59,2323.4,2323.4,2323.8,15,89,29
9:33:01,2323.6,2323.4,2323.8,1,91,42
9:33:02,2323.4,2323.4,2323.6,10,82,1
9:33:02,2323.4,2323.4,2323.6,33,51,1
9:33:03,2323.4,2323.4,2323.6,23,31,9
9:33:03,2323.6,2323.4,2323.6,16,16,11
9:33:04,2323.4,2323.4,2323.6,4,12,26
9:33:04,2323.4,2323.2,2323.4,14,20,14
9:33:05,2323.2,2323,2323.2,20,47,18
9:33:05,2323.2,2323,2323.2,4,47,14
9:33:06,2323,2323,2323.2,7,41,16
9:33:06,2323.2,2323,2323.2,4,42,15
9:33:07,2323,2323,2323.2,7,39,15
9:33:08,2323,2323,2323.2,1,39,18
9:33:08,2323,2323,2323.2,2,37,21
9:33:09,2323,2323,2323.2,2,35,21
9:33:09,2323,2323,2323.2,15,20,21
9:33:10,2323,2323,2323.2,13,9,24
9:33:10,2323,2323,2323.2,1,8,24
9:33:11,2323,2323,2323.2,5,4,24
9:33:11,2323,2322.8,2323,4,22,1
9:33:12,2322.8,2322.8,2323,11,13,1
9:33:12,2323,2322.8,2323,2,26,8
9:33:13,2322.8,2322.8,2323,2,25,8
9:33:13,2323,2322.8,2323,6,22,9
9:33:14,2322.8,2322.8,2323,1,22,9
9:33:14,2322.8,2322.8,2323,3,20,14
9:33:15,2322.8,2322.8,2323,2,17,18
9:33:15,2322.8,2322.8,2323,12,5,25
9:33:16,2322.8,2322.6,2322.8,6,43,4
9:33:16,2322.6,2322.6,2322.8,6,39,3
9:33:17,2322.6,2322.6,2322.8,22,18,7
9:33:17,2322.4,2322.4,2322.6,24,44,3
9:33:18,2322.4,2322.4,2322.6,13,31,6
9:33:18,2322.2,2322.2,2322.4,33,56,2
9:33:19,2322.2,2322.2,2322.4,17,42,8
9:33:19,2322.4,2322.2,2322.4,15,29,20
9:33:20,2322.2,2322.2,2322.4,20,12,19
9:33:20,2322,2322,2322.2,15,87,10
9:33:21,2322,2322,2322.2,14,78,5
9:33:21,2322.4,2322.4,2322.6,59,30,13
9:33:22,2322.4,2322.4,2322.6,23,8,12
9:33:22,2322.2,2322.2,2322.4,8,5,2
9:33:23,2322.2,2322.2,2322.6,23,7,18
9:33:24,2322.2,2322.2,2322.4,2,10,13
9:33:24,2322.4,2322.2,2322.4,4,18,16
9:33:25,2322.4,2322.2,2322.4,22,15,17
9:33:25,2322.4,2322.2,2322.4,20,9,6
9:33:26,2322.2,2322,2322.2,16,49,7
9:33:26,2322,2322,2322.2,5,48,5
9:33:27,2322,2322,2322.2,6,43,9
9:33:27,2322.2,2322,2322.2,9,42,5
9:33:28,2322.2,2322,2322.2,13,36,2
9:33:28,2322.2,2322,2322.2,5,33,3
9:33:29,2322.2,2322.2,2322.4,27,2,6
9:33:29,2322.2,2322.2,2322.4,2,2,7
9:33:30,2322.4,2322.2,2322.4,5,7,8
9:33:30,2322.2,2322.2,2322.4,2,9,9
9:33:31,2322.2,2322.2,2322.4,6,5,7
9:33:31,2322.2,2322.2,2322.4,11,5,4
9:33:32,2322.2,2322,2322.2,7,25,8
9:33:32,2322,2322,2322.2,7,24,3
9:33:33,2322,2322,2322.2,4,21,10
9:33:33,2322.2,2322,2322.2,18,7,11
9:33:34,2322,2321.8,2322,11,56,3
9:33:34,2322,2321.8,2322,9,56,5
9:33:35,2321.8,2321.8,2322,14,50,4
9:33:35,2322,2322,2322.2,8,1,20
9:33:36,2322,2322,2322.2,15,13,19
9:33:36,2322,2322,2322.2,11,15,15
9:33:37,2322,2322,2322.2,19,6,8
9:33:37,2322.2,2322.2,2322.4,15,3,5
9:33:38,2322.2,2322,2322.2,3,28,1
9:33:38,2322,2322,2322.4,11,25,4
9:33:39,2322.2,2322.2,2322.4,4,9,7
9:33:39,2322.2,2322,2322.4,9,31,8
9:33:40,2322,2322,2322.4,6,26,8
9:33:40,2322,2322,2322.4,2,26,14
9:33:41,2322,2322,2322.4,5,28,16
9:33:41,2322.4,2322,2322.4,6,26,13
9:33:42,2322.4,2322,2322.4,7,25,8
9:33:42,2322,2321.8,2322,67,15,1
9:33:43,2322.2,2321.8,2322,2,16,1
9:33:43,2322.4,2322,2322.4,24,3,1
9:33:44,2322.2,2322,2322.4,7,8,4
9:33:44,2322,2322,2322.4,6,6,8
9:33:45,2322,2321.8,2322,12,20,2
9:33:45,2322,2321.8,2322.4,5,21,12
9:33:46,2322,2322,2322.4,9,6,18
9:33:46,2322,2322,2322.2,7,5,1
9:33:47,2322,2322,2322.2,1,8,3
9:33:47,2322,2322,2322.2,1,7,4
9:33:48,2322.2,2322,2322.2,3,10,8
9:33:49,2322,2322,2322.2,4,9,7
9:33:49,2322,2322,2322.2,5,13,4
9:33:50,2322,2322,2322.2,6,11,4
9:33:50,2322.2,2322,2322.2,2,11,6
9:33:51,2322,2322,2322.2,3,9,6
9:33:51,2322,2322,2322.2,9,3,7
9:33:52,2322,2321.8,2322,6,28,1
9:33:52,2322,2321.8,2322,38,1,8
9:33:53,2322,2321.6,2321.8,6,36,1
9:33:54,2321.8,2321.8,2322,9,2,13
9:33:54,2322,2321.6,2322,24,25,8
9:33:55,2321.8,2321.6,2321.8,2,25,1
9:33:55,2321.6,2321.6,2322,14,12,7
9:33:56,2321.6,2321.6,2322,8,5,14
9:33:56,2321.6,2321.4,2321.6,28,16,74
9:33:57,2321.2,2321.2,2321.4,27,23,34
9:33:57,2321.2,2321,2321.2,26,172,14
9:33:58,2321,2321,2321.2,50,129,27
9:33:58,2321,2321,2321.2,30,104,24
9:33:59,2321,2321,2321.2,14,94,21
9:33:59,2321,2321,2321.2,48,64,9
9:34:00,2321.2,2321.2,2321.4,44,12,31
9:34:00,2321.2,2321.2,2321.4,46,10,27
9:34:01,2321.2,2321,2321.4,35,47,32
9:34:01,2321,2321,2321.2,22,43,7
9:34:02,2321,2321,2321.2,38,14,6
9:34:02,2321,2321,2321.2,19,8,2
9:34:03,2321.2,2320.8,2321.2,28,51,12
9:34:03,2321,2320.8,2321,10,47,3
9:34:04,2321.2,2321,2321.2,17,5,6
9:34:04,2321,2321,2321.2,6,5,3
9:34:05,2321,2321,2321.2,4,24,2
9:34:05,2321.2,2321,2321.2,8,31,6
9:34:06,2321,2321.2,2321.4,23,1,39
9:34:06,2321.2,2321.2,2321.4,19,6,45
9:34:07,2321.2,2321.2,2321.4,10,23,57
9:34:07,2321.4,2321.2,2321.4,7,25,54
9:34:08,2321.2,2321,2321.2,34,53,36
9:34:08,2321.2,2321,2321.2,3,52,40
9:34:09,2321,2321,2321.2,17,43,37
9:34:09,2321.2,2321,2321.2,4,36,35
9:34:10,2321,2321,2321.2,39,34,41
9:34:10,2321,2321,2321.2,11,32,36
9:34:11,2321.2,2320.8,2321,42,56,11
9:34:11,2320.8,2320.8,2321,60,40,29
9:34:12,2320.8,2320.6,2320.8,53,31,14
9:34:12,2320.4,2320.4,2320.6,52,15,2
9:34:13,2320.4,2320.2,2320.4,31,134,33
9:34:13,2320.4,2320.2,2320.4,37,112,28
9:34:14,2320.2,2320.2,2320.4,59,67,32
9:34:14,2320.2,2320.2,2320.4,21,73,37
9:34:15,2320.2,2320,2320.2,82,226,3
9:34:15,2320,2320,2320.2,22,221,1
9:34:16,2320.2,2320.2,2320.4,58,29,37
9:34:16,2320,2320,2320.2,56,202,14
9:34:17,2320,2320,2320.2,26,198,22
9:34:17,2320.2,2320,2320.2,76,128,13
9:34:18,2320,2320,2320.2,43,100,5
9:34:18,2320.2,2320,2320.2,51,116,7
9:34:19,2320,2320,2320.2,17,105,6
9:34:19,2320,2320,2320.2,82,67,3
9:34:20,2320,2320.2,2320.4,27,10,16
9:34:20,2320.4,2320.2,2320.4,32,1,11
9:34:21,2320,2320.2,2320.4,39,15,11
9:34:21,2320.4,2320.2,2320.4,10,29,9
9:34:22,2320.4,2320.4,2320.6,39,14,40
9:34:22,2320.4,2320.4,2320.6,13,20,41
9:34:23,2320.6,2320.4,2320.6,14,17,24
9:34:23,2320.4,2320.4,2320.6,10,12,22
9:34:24,2320.4,2320.4,2320.6,10,7,20
9:34:24,2320.2,2320.2,2320.4,10,19,1
9:34:25,2320.4,2320.4,2320.6,11,7,20
9:34:25,2320.6,2320.4,2320.6,7,5,18
9:34:26,2320.4,2320.4,2320.6,5,5,18
9:34:26,2320.4,2320,2320.6,38,63,18
9:34:27,2320.6,2320.2,2320.4,5,6,1
9:34:27,2320.4,2320.2,2320.4,19,5,21
9:34:28,2320.2,2320,2320.2,8,68,22
9:34:28,2320.2,2320,2320.2,29,47,27
9:34:29,2320,2319.8,2320,58,16,41
9:34:29,2320,2319.6,2319.8,26,38,11
9:34:30,2319.8,2319.8,2320,29,1,36
9:34:30,2320,2319.8,2320,25,5,35
9:34:31,2319.8,2319.8,2320,31,16,31
9:34:31,2320,2319.8,2320,26,6,3
9:34:32,2319.8,2319.8,2320.2,13,22,5
9:34:32,2320,2320,2320.2,15,1,8
9:34:33,2320,2320,2320.2,22,1,1
9:34:33,2320,2319.8,2320.2,9,39,4
9:34:34,2319.8,2319.8,2320,19,69,3
9:34:34,2320,2319.8,2320,14,66,4
9:34:35,2320,2320,2320.4,24,29,27
9:34:35,2320,2320,2320.4,11,26,26
9:34:36,2320,2320,2320.4,29,32,10
9:34:36,2320,2319.8,2320.2,45,72,1
9:34:37,2320.2,2320.2,2320.4,10,6,8
9:34:37,2320,2319.8,2320,11,78,4
9:34:38,2319.8,2320,2320.2,18,3,2
9:34:38,2320.2,2320,2320.2,10,2,3
9:34:39,2320,2320,2320.2,4,3,9
9:34:39,2320,2320,2320.2,5,6,6
9:34:40,2320.2,2319.8,2320.2,7,72,12
9:34:40,2320,2319.8,2320,3,71,2
9:34:41,2320,2319.8,2320,3,70,8
9:34:41,2319.8,2319.8,2320,8,65,11
9:34:42,2319.8,2319.8,2320,15,61,18
9:34:42,2319.8,2319.8,2320,29,50,7
9:34:43,2320,2319.8,2320,17,45,5
9:34:43,2319.8,2319.8,2320,9,40,6
9:34:44,2320,2319.8,2320,9,39,1
9:34:44,2320,2320,2320.2,7,6,26
9:34:45,2320.2,2320,2320.2,15,4,19
9:34:45,2320,2320,2320.2,6,28,18
9:34:46,2320.2,2320,2320.2,1,32,21
9:34:46,2320.2,2320,2320.2,42,1,12
9:34:47,2320.2,2320,2320.2,10,2,12
9:34:47,2320,2319.8,2320,13,50,3
9:34:48,2319.8,2319.8,2320,8,50,15
9:34:48,2319.8,2319.6,2319.8,71,68,11
9:34:49,2319.6,2319.6,2319.8,12,62,11
9:34:49,2320,2320,2320.2,42,8,5
9:34:50,2319.8,2319.6,2320.2,19,44,5
9:34:50,2320.2,2319.8,2320.2,16,9,10
9:34:51,2320.2,2320.2,2320.4,25,11,10
9:34:51,2320.2,2320.2,2320.4,9,7,8
9:34:52,2319.8,2319.8,2320,10,3,7
9:34:52,2319.8,2319.8,2320,6,7,11
9:34:53,2320,2319.8,2320,6,8,6
9:34:53,2320.2,2319.8,2320.2,12,7,2
9:34:54,2320.2,2319.8,2320.2,8,16,2
9:34:54,2320,2320.2,2320.4,8,1,8
9:34:55,2320.4,2320.2,2320.4,5,2,6
9:34:55,2320.2,2320,2320.2,7,11,23
9:34:56,2320,2320,2320.2,30,10,1
9:34:56,2319.8,2319.8,2320.4,14,83,7
9:34:57,2320.2,2320,2320.4,13,10,9
9:34:57,2320,2320,2320.2,39,17,1
9:34:58,2319.8,2319.8,2320,25,76,12
9:34:58,2319.8,2319.8,2320.2,75,35,24
9:34:59,2320,2320,2320.2,2,3,32
9:34:59,2320,2319.8,2320,17,32,4
9:35:00,2320.2,2320,2320.2,8,5,19
9:35:00,2319.8,2319.8,2320.2,53,4,12
9:35:01,2319.8,2319.6,2319.8,31,56,16
9:35:01,2319.6,2319.6,2319.8,13,52,20
9:35:02,2319.6,2319.4,2319.6,75,49,2
9:35:02,2319.6,2319.4,2319.6,47,10,19
9:35:03,2319.4,2319.2,2319.4,30,51,12
9:35:03,2319,2319,2319.2,59,104,5
9:35:04,2319.2,2319,2319.2,31,83,17
9:35:04,2319,2319,2319.2,30,61,17
9:35:05,2319.2,2319,2319.2,28,39,12
9:35:05,2319,2319.2,2319.4,31,15,14
9:35:06,2319.4,2319.2,2319.4,39,35,4
9:35:06,2319.2,2319.4,2319.6,22,3,10
9:35:07,2319.6,2319.4,2319.6,8,27,4
9:35:07,2319.4,2319.4,2319.6,10,23,2
9:35:08,2319.6,2319.4,2319.8,11,25,10
9:35:08,2319.8,2319.6,2319.8,16,1,6
9:35:09,2319.4,2319.4,2319.6,13,21,3
9:35:09,2319.8,2319.6,2319.8,33,7,1
9:35:10,2319.8,2319.6,2319.8,12,3,2
9:35:10,2319.6,2319.6,2320,15,5,43
9:35:11,2319.8,2319.6,2319.8,10,5,5
9:35:11,2319.4,2319.2,2319.4,28,58,4
9:35:12,2319.8,2319.6,2319.8,5,10,24
9:35:12,2319.6,2319.6,2319.8,12,2,24
9:35:13,2319.6,2319.6,2319.8,18,1,21
9:35:13,2319.4,2319.4,2319.6,4,41,13
9:35:14,2319.6,2319.4,2319.6,10,42,5
9:35:14,2319.6,2319.4,2319.6,2,42,4
9:35:15,2319.4,2319.4,2319.6,26,24,2
9:35:15,2319.6,2319.4,2319.6,6,23,11
9:35:16,2319.6,2319.4,2319.6,3,23,12
9:35:16,2319.6,2319.4,2319.6,14,21,3
9:35:17,2319.4,2319.6,2319.8,20,2,43
9:35:17,2319.6,2319.6,2319.8,18,1,45
9:35:18,2319.8,2319.4,2319.6,6,13,1
9:35:18,2319.8,2319.6,2319.8,3,1,41
9:35:19,2319.6,2319.6,2319.8,2,7,42
9:35:19,2319.8,2319.6,2319.8,5,4,41
9:35:20,2319.6,2319.4,2319.8,5,22,43
9:35:20,2319.8,2319.6,2319.8,14,1,31
9:35:21,2319.8,2319.4,2319.8,5,21,31
9:35:21,2319.6,2319.4,2319.6,1,31,2
9:35:22,2319.8,2319.4,2319.8,11,31,25
9:35:22,2319.8,2319.6,2319.8,2,2,22
9:35:23,2319.6,2319.6,2319.8,4,14,24
9:35:23,2319.6,2319.6,2319.8,5,15,23
9:35:24,2319.6,2319.6,2319.8,28,31,7
9:35:24,2319.8,2319.6,2320,20,22,98
9:35:25,2319.6,2319.8,2320,4,1,98
9:35:25,2319.8,2319.6,2319.8,16,17,5
9:35:26,2319.8,2319.6,2319.8,6,13,5
9:35:26,2320,2319.6,2319.8,45,1,1
9:35:27,2319.8,2319.6,2319.8,3,4,9
9:35:27,2319.8,2319.6,2319.8,10,3,14
9:35:28,2319.8,2319.4,2319.6,8,28,16
9:35:28,2319.6,2319.4,2319.6,5,28,12
9:35:29,2319.6,2319.4,2319.6,21,19,1
9:35:29,2319.6,2319.6,2319.8,14,1,20
9:35:30,2319.6,2319.6,2319.8,2,2,20
9:35:30,2319.6,2319.6,2319.8,1,2,20
9:35:31,2319.6,2319.6,2319.8,2,1,21
9:35:31,2319.8,2319.6,2319.8,12,1,24
9:35:32,2319.8,2319.6,2319.8,6,13,21
9:35:32,2319.6,2319.6,2319.8,4,10,22
9:35:33,2319.6,2319.6,2319.8,7,8,19
9:35:33,2319.8,2319.6,2319.8,5,6,17
9:35:34,2319.8,2319.6,2319.8,17,3,9
9:35:34,2319.8,2319.6,2319.8,6,1,8
9:35:35,2319.4,2319.4,2319.6,2,25,1
9:35:36,2319.6,2319.6,2319.8,6,1,11
9:35:36,2319.8,2319.4,2319.8,13,25,1
9:35:37,2319.6,2319.6,2320,3,5,113
9:35:37,2319.6,2319.6,2319.8,1,9,1
9:35:38,2320,2319.6,2320,4,9,113
9:35:38,2320,2319.6,2319.8,5,8,1
9:35:39,2319.8,2319.6,2319.8,2,8,7
9:35:39,2319.8,2319.6,2319.8,5,5,5
9:35:40,2319.8,2319.6,2319.8,8,4,2
9:35:40,2319.8,2319.6,2319.8,7,4,4
9:35:41,2319.8,2319.8,2320,7,1,110
9:35:41,2319.8,2319.6,2320,2,3,110
9:35:42,2319.8,2319.8,2320,7,34,110
9:35:42,2319.8,2319.8,2320,1,44,111
9:35:43,2320,2319.8,2320,6,31,108
9:35:43,2320,2319.8,2320,2,34,107
9:35:44,2319.8,2319.8,2320,11,33,98
9:35:44,2320,2319.8,2320,17,36,83
9:35:45,2319.8,2319.8,2320,1,35,83
9:35:45,2320,2319.8,2320,10,34,75
9:35:46,2320,2319.8,2320,14,27,70
9:35:46,2320,2319.8,2320,19,19,66
9:35:47,2320,2319.8,2320,4,20,64
9:35:47,2320,2319.8,2320,11,18,56
9:35:48,2320,2319.8,2320,9,23,54
9:35:48,2320,2319.8,2320,13,21,43
9:35:49,2320,2319.8,2320,20,17,25
9:35:49,2320,2319.8,2320,3,17,24
9:35:50,2319.8,2319.8,2320,7,18,18
9:35:50,2320,2319.8,2320,24,13,1
9:35:51,2320.2,2320.2,2320.4,85,154,60
9:35:51,2320.4,2320.2,2320.4,39,153,23
9:35:52,2320.4,2320.4,2320.6,38,29,18
9:35:52,2320.6,2320.4,2320.6,11,33,18
9:35:53,2320.6,2320.4,2320.6,15,23,40
9:35:53,2320.4,2320.4,2320.6,17,21,31
9:35:54,2320.4,2320.4,2320.6,13,17,36
9:35:54,2320.6,2320.6,2320.8,78,24,36
9:35:55,2320.8,2320.6,2320.8,4,23,34
9:35:55,2320.8,2320.4,2320.6,49,1,3
9:35:56,2320.6,2320.4,2320.6,12,1,3
9:35:56,2320.4,2320.2,2320.4,19,29,9
9:35:57,2320.4,2320.2,2320.4,12,20,36
9:35:57,2320.4,2320,2320.2,38,22,1
9:35:58,2320,2320,2320.2,2,22,2
9:35:58,2320.2,2320,2320.2,13,41,26
9:35:59,2320,2320,2320.2,2,41,25
9:35:59,2320.2,2320,2320.2,7,38,21
9:36:00,2320.2,2320,2320.2,6,37,16
9:36:00,2320,2320,2320.2,9,30,21
9:36:01,2320,2320,2320.2,13,17,22
9:36:01,2320.2,2320.2,2320.4,36,25,12
9:36:02,2320,2320,2320.4,39,3,12
9:36:02,2319.8,2319.8,2320,10,17,16
9:36:03,2319.8,2319.8,2320,28,1,27
9:36:03,2319.6,2319.6,2319.8,8,35,15
9:36:04,2319.6,2319.6,2319.8,4,31,15
9:36:04,2319.8,2319.6,2319.8,19,14,15
9:36:05,2319.8,2319.6,2319.8,6,18,12
9:36:05,2319.6,2319.6,2319.8,20,3,11
9:36:06,2319.6,2319.6,2319.8,16,2,4
9:36:06,2319.6,2319.6,2319.8,5,4,3
9:36:07,2319.8,2319.8,2320,5,1,29
9:36:07,2319.6,2319.6,2320,3,9,35
9:36:08,2319.8,2319.8,2320,4,13,35
9:36:08,2319.8,2319.8,2320,10,6,37
9:36:09,2319.8,2319.6,2319.8,8,22,23
9:36:10,2319.6,2319.6,2319.8,31,1,47
9:36:10,2319.8,2319.4,2319.6,3,21,15
9:36:11,2319.6,2319.4,2319.6,8,18,12
9:36:11,2319.4,2319.2,2319.4,18,61,26
9:36:12,2319.4,2319.2,2319.4,23,53,14
9:36:12,2319.2,2319.2,2319.4,34,20,14
9:36:13,2319.4,2319.2,2319.4,13,9,14
9:36:13,2319.2,2319.2,2319.4,11,3,9
9:36:14,2319.2,2319,2319.2,12,72,6
9:36:14,2319.2,2319,2319.2,2,72,6
9:36:15,2319,2319,2319.2,70,3,12
9:36:15,2319,2319,2319.2,35,50,9
9:36:16,2319.2,2319,2319.2,26,29,6
9:36:16,2319,2319,2319.2,27,4,6
9:36:17,2319,2318.8,2319,19,142,3
9:36:17,2319.2,2319.2,2319.6,36,9,27
9:36:18,2319.2,2319.2,2319.6,7,8,26
9:36:18,2319.2,2319.4,2319.6,5,7,33
9:36:19,2319.2,2319.2,2319.4,14,19,1
9:36:19,2319.2,2319.2,2319.6,6,18,25
9:36:20,2319.4,2319.2,2319.4,3,18,1
9:36:20,2319.2,2319.2,2319.4,1,18,1
9:36:21,2319.6,2319.4,2319.6,14,1,25
9:36:21,2319.6,2319.4,2319.6,9,6,24
9:36:22,2319.6,2319.2,2319.4,9,8,1
9:36:22,2319.4,2319.2,2319.4,2,9,6
9:36:23,2319.4,2319.2,2319.4,3,9,3
9:36:23,2319.4,2319.2,2319.4,1,13,6
9:36:24,2319.2,2319.2,2319.4,6,7,6
9:36:24,2319.4,2319.2,2319.4,4,9,1
9:36:25,2319.4,2319.2,2319.6,1,11,39
9:36:25,2319.4,2319.2,2319.4,7,20,8
9:36:26,2319.4,2319.4,2319.6,20,1,37
9:36:26,2319.2,2319.2,2319.6,7,9,37
9:36:27,2319.2,2319.2,2319.6,6,4,38
9:36:27,2319.2,2319.2,2319.4,6,3,2
9:36:28,2319.2,2319,2319.4,3,69,7
9:36:28,2319,2319,2319.2,1,72,17
9:36:29,2319,2319,2319.2,17,56,18
9:36:29,2319.2,2319,2319.2,3,54,19
9:36:30,2319,2319,2319.2,13,46,21
9:36:30,2319.2,2319,2319.2,13,36,23
9:36:31,2319,2319,2319.2,6,33,29
9:36:31,2319,2319,2319.2,12,22,30
9:36:32,2319,2318.8,2319,23,152,3
9:36:32,2318.8,2318.8,2319,59,98,13
9:36:33,2318.8,2318.8,2319,44,55,17
9:36:33,2318.8,2318.8,2319,36,21,26
9:36:34,2318.8,2318.6,2318.8,28,36,16
9:36:34,2318.6,2318.6,2318.8,28,11,27
9:36:35,2318.6,2318.4,2318.8,20,37,62
9:36:35,2318.6,2318.6,2318.8,74,4,24
9:36:36,2318.6,2318.4,2318.6,20,33,19
9:36:36,2318.4,2318.4,2318.6,18,39,9
9:36:37,2318.4,2318.4,2318.6,48,19,23
9:36:37,2318.4,2318.2,2318.6,30,59,20
9:36:38,2318.4,2318.2,2318.4,15,49,32
9:36:38,2318.2,2318.2,2318.6,91,14,6
9:36:39,2318.6,2318.6,2318.8,50,21,40
9:36:39,2318.6,2318.6,2318.8,17,8,41
9:36:40,2318.6,2318.4,2318.6,31,1,3
9:36:40,2318.8,2318.8,2319,71,1,22
9:36:41,2318.6,2318.4,2319,8,35,21
9:36:41,2319,2318.8,2319,17,10,31
9:36:42,2318.6,2318.6,2318.8,37,2,3
9:36:42,2318.6,2318.4,2318.6,5,40,2
9:36:43,2318.6,2318.4,2318.6,4,37,2
9:36:43,2318.6,2318.6,2318.8,6,2,5
9:36:44,2318.6,2318.4,2318.6,13,28,1
9:36:44,2318.8,2318.8,2319,21,42,64
9:36:45,2318.8,2318.8,2319,2,42,74
9:36:45,2319,2318.8,2319,36,35,46
9:36:46,2319,2318.8,2319,29,24,31
9:36:46,2318.8,2318.8,2319,15,31,21
9:36:47,2318.8,2318.8,2319,8,53,20
9:36:47,2319,2318.8,2319,4,50,19
9:36:48,2318.8,2318.8,2319,39,49,89
9:36:48,2319,2318.8,2319,20,51,74
9:36:49,2319,2318.8,2319,21,38,75
9:36:49,2318.8,2318.8,2319,17,8,76
9:36:50,2318.8,2318.6,2318.8,34,19,12
9:36:50,2318.8,2318.6,2318.8,5,19,8
9:36:51,2318.8,2318.8,2319,13,8,59
9:36:51,2318.8,2318.8,2319,3,6,61
9:36:52,2318.8,2318.8,2319,21,9,62
9:36:52,2319,2318.8,2319,5,8,60
9:36:53,2318.8,2318.6,2318.8,10,20,5
9:36:53,2319,2318.6,2318.8,11,18,2
9:36:54,2319,2318.6,2319,3,19,57
9:36:54,2318.8,2318.6,2318.8,1,20,2
9:36:55,2318.8,2318.6,2318.8,16,11,7
9:36:55,2318.6,2318.4,2318.6,17,44,8
9:36:56,2318.6,2318.4,2318.6,17,33,13
9:36:56,2318.4,2318.4,2318.6,18,23,11
9:36:57,2318.6,2318.4,2318.6,3,24,11
9:36:57,2318.4,2318.4,2318.6,27,8,1
9:36:58,2318.4,2318.2,2318.8,11,50,5
9:36:58,2318.8,2318.4,2318.8,27,34,6
9:36:59,2318.6,2318.4,2318.8,21,16,16
9:36:59,2318.6,2318.6,2318.8,6,6,19
9:37:00,2318.6,2318.6,2318.8,8,4,23
9:37:00,2318.6,2318.4,2318.6,23,14,1
9:37:01,2318.2,2318,2318.4,102,157,2
9:37:01,2318.2,2318,2318.8,36,139,19
9:37:02,2318.6,2318.2,2318.6,14,27,24
9:37:02,2318.4,2318.2,2318.4,7,27,2
9:37:03,2318,2318.2,2318.4,50,30,2
9:37:03,2318.4,2318.2,2318.4,18,36,11
9:37:04,2318.2,2318.2,2318.4,34,28,2
9:37:04,2318.6,2318.4,2318.6,7,1,19
9:37:05,2318.6,2318.4,2318.6,8,8,14
9:37:05,2318.8,2318.4,2318.8,32,13,42
9:37:06,2318.8,2318.6,2318.8,41,5,5
9:37:06,2318.6,2318.6,2319,25,9,69
9:37:07,2318.8,2318.6,2318.8,10,25,14
9:37:07,2318.6,2318.6,2319,31,16,59
9:37:08,2318.8,2318.8,2319,9,7,59
9:37:08,2319,2318.8,2319,56,5,7
9:37:09,2319.2,2318.8,2319.2,26,14,7
9:37:09,2319.2,2319.2,2319.4,16,2,11
9:37:10,2319.4,2319.2,2319.4,14,17,1
9:37:10,2319.4,2319.2,2319.4,6,15,4
9:37:11,2319.4,2319.2,2319.6,11,14,31
9:37:11,2319.4,2319.2,2319.4,16,6,29
9:37:12,2319.2,2319.2,2319.4,20,1,15
9:37:12,2319.4,2319,2319.2,7,18,3
9:37:13,2319.4,2319.2,2319.4,10,2,17
9:37:13,2319.2,2319.2,2319.4,23,1,6
9:37:14,2319.6,2319.4,2319.6,8,6,35
9:37:14,2319.6,2319.4,2319.6,15,14,28
9:37:15,2319.6,2319.6,2319.8,41,2,67
9:37:15,2319.8,2319.6,2319.8,37,6,43
9:37:16,2319.2,2319,2319.2,23,22,2
9:37:16,2319.8,2319.6,2319.8,16,2,36
9:37:17,2319.6,2319.4,2319.6,21,1,10
9:37:17,2319.2,2319.2,2319.6,40,8,1
9:37:18,2319.2,2319.2,2319.6,4,6,7
9:37:18,2319.6,2319.2,2319.6,1,34,21
9:37:19,2319.2,2319.2,2319.4,25,26,1
9:37:19,2319.6,2319.2,2319.6,5,27,24
9:37:20,2319.4,2319.2,2319.6,4,28,21
9:37:20,2319.2,2319.2,2319.6,1,28,23
9:37:21,2319.6,2319.4,2319.6,5,1,21
9:37:21,2319.2,2319.4,2319.6,23,1,30
9:37:22,2319.6,2319.4,2319.6,1,1,30
9:37:22,2319.4,2319.2,2319.6,5,11,28
9:37:23,2319.2,2319.2,2319.4,7,11,1
9:37:23,2319.2,2319.2,2319.6,2,12,26
9:37:24,2319.2,2319.2,2319.4,2,13,1
9:37:24,2319.4,2319.4,2319.6,2,1,29
9:37:25,2319.6,2319.4,2319.6,1,6,30
9:37:25,2319.6,2319.4,2319.6,3,7,28
9:37:26,2319.4,2319.4,2319.6,3,5,28
9:37:26,2319.6,2319.4,2319.6,3,5,17
9:37:27,2319.6,2319.4,2319.6,6,20,15
9:37:27,2319.4,2319.4,2319.6,10,13,13
9:37:28,2319.6,2319.4,2319.6,14,7,6
9:37:28,2319.4,2319.2,2319.6,12,24,11
9:37:29,2319.6,2319.2,2319.6,3,27,9
9:37:29,2319.2,2319.2,2319.6,22,17,9
9:37:30,2319.6,2319.4,2319.6,3,1,17
9:37:30,2319.2,2319.2,2319.6,12,13,27
9:37:31,2319.6,2319.2,2319.6,4,11,27
9:37:31,2319.2,2319.2,2319.4,5,6,13
9:37:32,2319.2,2319.2,2319.4,2,5,15
9:37:32,2319.4,2319.2,2319.4,9,7,8
9:37:33,2319.4,2319.2,2319.4,1,13,7
9:37:34,2319.4,2319.2,2319.4,2,14,6
9:37:34,2319.2,2319.2,2319.4,1,14,6
9:37:35,2319.4,2319.4,2319.6,7,8,33
9:37:35,2319.2,2319,2319.6,25,49,34
9:37:36,2319,2319,2319.4,7,50,1
9:37:36,2319.6,2319.6,2319.8,41,4,78
9:37:37,2319.4,2319.2,2319.6,7,1,1
9:37:38,2319.2,2319.2,2319.4,56,2,4
9:37:38,2319,2319,2319.2,4,25,1
9:37:39,2319.4,2319.4,2319.6,19,13,12
9:37:39,2319.6,2319.4,2319.6,5,11,37
9:37:40,2319.4,2319.4,2319.6,16,7,27
9:37:40,2319.4,2319.4,2319.6,3,4,30
9:37:41,2319.6,2319.4,2319.6,7,1,28
9:37:42,2319.4,2319.4,2319.6,1,101,31
9:37:42,2319.6,2319.4,2319.6,14,101,17
9:37:43,2319.6,2319.4,2319.6,13,101,4
9:37:43,2319.6,2319.6,2319.8,17,17,68
9:37:44,2319.8,2319.6,2319.8,11,13,62
9:37:44,2319.8,2319.6,2319.8,35,11,30
9:37:45,2319.8,2319.6,2319.8,1,28,29
9:37:45,2319.6,2319.6,2319.8,4,31,27
9:37:46,2319.8,2319.6,2319.8,6,30,25
9:37:46,2319.6,2319.6,2319.8,7,22,32
9:37:47,2319.6,2319.6,2319.8,9,15,32
9:37:47,2319.8,2319.6,2319.8,9,16,72
9:37:48,2319.8,2319.6,2319.8,78,6,4
9:37:48,2319.6,2319.4,2319.6,8,114,12
9:37:49,2319.4,2319.4,2319.6,1,112,13
9:37:49,2319.6,2319.4,2319.6,3,111,13
9:37:50,2319.6,2319.4,2319.6,7,111,7
9:37:50,2319.4,2319.4,2319.6,6,106,9
9:37:51,2319.6,2319.4,2319.6,8,104,5
9:37:51,2319.6,2319.4,2319.6,4,102,3
9:37:52,2319.4,2319.4,2319.6,5,101,1
9:37:52,2319.4,2319.6,2319.8,7,1,22
9:37:53,2319.6,2319.4,2319.6,4,98,35
9:37:53,2319.6,2319.4,2319.6,2,103,33
9:37:54,2319.4,2319.4,2319.6,8,99,29
9:37:54,2319.4,2319.4,2319.6,45,62,23
9:37:55,2319.6,2319.4,2319.6,25,40,28
9:37:55,2319.4,2319.4,2319.6,25,18,34
9:37:56,2319.2,2319.2,2319.4,24,29,42
9:37:56,2319.4,2319.2,2319.4,8,26,62
9:37:57,2319.2,2319,2319.2,27,58,2
9:37:57,2319.4,2319,2319.2,16,52,4
9:37:58,2319.2,2319,2319.2,2,53,3
9:37:58,2319,2319,2319.2,3,51,3
9:37:59,2319.2,2319.2,2319.4,3,7,52
9:37:59,2319.2,2319.2,2319.4,10,4,53
9:38:00,2319.4,2319.2,2319.4,3,9,52
9:38:00,2319.2,2319,2319.4,10,59,53
9:38:01,2319,2319,2319.4,13,54,50
9:38:01,2319.2,2319.2,2319.4,21,26,34
9:38:02,2319.4,2319.2,2319.4,7,23,12
9:38:02,2319.2,2319.2,2319.4,6,29,11
9:38:03,2319.2,2319.2,2319.4,18,16,10
9:38:03,2319.4,2319.4,2319.6,10,73,28
9:38:04,2319.4,2319.4,2319.6,7,75,22
9:38:04,2319.6,2319.6,2319.8,24,6,78
9:38:05,2319.6,2319.6,2319.8,8,4,72
9:38:05,2319.6,2319.6,2319.8,1,11,72
9:38:06,2319.8,2319.6,2319.8,6,2,68
9:38:06,2319.8,2319.6,2319.8,3,3,66
9:38:07,2319.8,2319.8,2320,67,9,123
9:38:07,2319.8,2319.8,2320,6,19,121
9:38:08,2320,2319.8,2320,1,20,119
9:38:08,2320.2,2319.8,2320.2,125,24,17
9:38:09,2320.2,2320,2320.2,12,26,13
9:38:09,2320.2,2320.2,2320.4,14,8,46
9:38:10,2320.2,2320.2,2320.4,1,9,47
9:38:10,2320.4,2320.2,2320.4,15,2,58
9:38:11,2320.4,2320,2320.2,24,31,2
9:38:11,2320.2,2320,2320.2,15,4,15
9:38:12,2320.2,2319.8,2320.2,11,30,35
9:38:12,2320.2,2320,2320.2,7,1,32
9:38:13,2320,2319.8,2320,11,25,2
9:38:13,2320,2319.8,2320,8,22,1
9:38:14,2320,2319.8,2320,29,21,5
9:38:14,2320,2319.8,2320,2,21,8
9:38:15,2319.8,2319.8,2320,3,18,9
9:38:15,2319.8,2319.8,2320,7,11,12
9:38:16,2320,2319.8,2320,3,11,10
9:38:16,2319.6,2319.6,2319.8,13,14,6
9:38:17,2319.8,2319.6,2319.8,5,14,3
9:38:17,2319.8,2319.6,2319.8,3,6,1
9:38:18,2319.8,2319.6,2319.8,1,11,6
9:38:19,2319.6,2319.6,2319.8,1,11,7
9:38:19,2319.8,2319.6,2319.8,7,9,5
9:38:20,2319.6,2319.6,2319.8,5,6,10
9:38:22,2319.8,2319.8,2320,15,65,29
9:38:22,2319.8,2319.8,2320,3,62,31
9:38:23,2320,2319.8,2320,12,61,20
9:38:23,2319.8,2319.8,2320,1,61,20
9:38:24,2320,2319.8,2320,12,60,9
9:38:24,2320,2319.8,2320,3,59,12
9:38:25,2320,2319.8,2320,4,59,9
9:38:25,2319.8,2319.8,2320,3,57,10
9:38:26,2320,2319.8,2320,2,57,28
9:38:26,2319.8,2319.8,2320,1,57,28
9:38:27,2319.8,2319.8,2320,2,56,29
9:38:27,2319.8,2319.8,2320,3,54,28
9:38:28,2320,2319.8,2320,3,53,27
9:38:28,2320,2319.8,2320,7,51,22
9:38:29,2320,2319.8,2320,1,51,24
9:38:29,2320,2319.8,2320,16,40,21
9:38:30,2320,2320,2320.2,21,46,47
9:38:30,2320,2320,2320.2,4,64,47
9:38:31,2320.2,2320,2320.2,16,53,44
9:38:31,2320.2,2320,2320.2,9,52,36
9:38:32,2320,2320,2320.2,2,50,37
9:38:33,2320,2320,2320.2,14,50,25
9:38:33,2320.2,2320,2320.2,14,51,12
9:38:34,2320.2,2320.2,2320.4,15,10,86
9:38:34,2320.4,2320,2320.4,18,47,83
9:38:35,2320.4,2320.2,2320.4,7,14,92
9:38:36,2320.4,2320.2,2320.4,18,3,88
9:38:36,2320.2,2320.2,2320.4,2,2,87
9:38:37,2320.4,2320.2,2320.4,5,21,86
9:38:37,2320.4,2320.2,2320.4,4,22,83
9:38:38,2320.4,2320.2,2320.4,46,21,39
9:38:38,2320.4,2320.2,2320.4,4,20,36
9:38:39,2320.4,2320.2,2320.4,7,22,30
9:38:39,2320.4,2320.2,2320.4,7,25,26
9:38:40,2320.2,2320.2,2320.4,6,20,25
9:38:40,2320.4,2320.2,2320.4,4,18,33
9:38:41,2320.4,2320.2,2320.4,4,17,31
9:38:41,2320.4,2320.4,2320.6,36,6,70
9:38:42,2320.4,2320.2,2320.6,7,18,69
9:38:42,2320.6,2320.4,2320.6,5,10,67
9:38:43,2320.4,2320.4,2320.6,16,5,59
9:38:43,2320.6,2320.2,2320.4,28,19,2
9:38:44,2320.4,2320.2,2320.6,17,18,36
9:38:44,2320.6,2320.4,2320.6,6,2,31
9:38:45,2320.4,2320.2,2320.6,3,14,30
9:38:45,2320.6,2320.4,2320.6,4,1,42
9:38:46,2320.6,2320.4,2320.6,2,5,41
9:38:46,2320.6,2320.4,2320.6,15,2,45
9:38:47,2320.6,2320.2,2320.6,4,16,44
9:38:47,2320.6,2320.2,2320.6,24,16,23
9:38:48,2320.6,2320.2,2320.6,2,25,29
9:38:48,2320.4,2320.2,2320.4,3,25,1
9:38:49,2320.4,2320.4,2320.6,7,11,40
9:38:49,2320.4,2320.4,2320.6,2,20,39
9:38:50,2320.6,2320.4,2320.6,22,19,19
9:38:50,2320.6,2320.4,2320.6,13,21,13
9:38:51,2320.6,2320.4,2320.6,4,18,13
9:38:51,2320.4,2320.4,2320.6,7,15,37
9:38:52,2320.4,2320.4,2320.6,16,6,36
9:38:52,2320.6,2320.4,2320.6,14,7,31
9:38:53,2320.4,2320.4,2320.6,7,2,29
9:38:53,2320.4,2320.2,2320.4,21,44,1
9:38:54,2320.6,2320.4,2320.6,5,1,16
9:38:54,2320.4,2320.4,2320.6,6,6,14
9:38:55,2320.4,2320.4,2320.6,2,8,34
9:38:56,2320.6,2320.4,2320.6,4,9,32
9:38:56,2320.4,2320.4,2320.6,3,7,32
9:38:57,2320.2,2320.2,2320.6,25,31,30
9:38:57,2320.6,2320.4,2320.6,35,1,35
9:38:58,2320.6,2320.2,2320.6,3,1,43
9:38:59,2320.4,2320.2,2320.4,6,3,6
9:38:59,2320.2,2320,2320.2,4,141,7
9:39:00,2320.2,2320,2320.2,5,140,5
9:39:00,2320.2,2320.2,2320.4,11,1,37
9:39:01,2320,2320,2320.4,20,130,40
9:39:01,2320.2,2320.2,2320.4,3,4,41
9:39:02,2320.4,2320.2,2320.4,50,1,20
9:39:02,2320.4,2320,2320.4,10,112,17
9:39:03,2320.4,2320.2,2320.4,3,3,15
9:39:03,2320.2,2320.2,2320.4,7,2,11
9:39:04,2320.2,2320.2,2320.4,2,20,12
9:39:04,2320.4,2320.2,2320.4,2,22,10
9:39:05,2320.4,2320.2,2320.4,3,23,7
9:39:05,2320.2,2320.2,2320.4,10,24,1
9:39:06,2320.6,2320.4,2320.6,7,10,48
9:39:06,2320.4,2320.4,2320.6,4,7,48
9:39:07,2320.4,2320.4,2320.6,4,12,51
9:39:07,2320.6,2320.4,2320.6,4,12,50
9:39:08,2320.4,2320.4,2320.6,2,11,52
9:39:08,2320.6,2320.4,2320.6,4,13,52
9:39:09,2320.6,2320.4,2320.6,26,48,34
9:39:09,2320.4,2320.4,2320.6,19,56,18
9:39:10,2320.6,2320.6,2320.8,24,10,99
9:39:10,2320.6,2320.6,2320.8,24,14,80
9:39:11,2320.8,2320.6,2320.8,5,15,77
9:39:11,2320.6,2320.6,2320.8,19,15,65
9:39:12,2320.6,2320.6,2320.8,3,18,63
9:39:12,2320.8,2320.6,2320.8,6,17,58
9:39:13,2320.8,2320.6,2320.8,9,12,63
9:39:13,2320.8,2320.6,2320.8,23,12,53
9:39:14,2320.8,2320.6,2320.8,9,9,49
9:39:14,2320.6,2320.4,2320.6,15,48,1
9:39:15,2320.8,2320.6,2320.8,3,2,37
9:39:15,2320.6,2320.4,2320.8,17,45,36
9:39:16,2320.6,2320.4,2320.6,8,40,4
9:39:16,2320.6,2320.4,2320.6,14,36,1
9:39:17,2320.6,2320.4,2320.8,8,38,52
9:39:17,2320.4,2320.4,2320.8,7,31,57
9:39:18,2320.4,2320.6,2320.8,23,1,57
9:39:18,2320.4,2320.4,2320.6,5,15,3
9:39:19,2320.8,2320.4,2320.6,11,15,5
9:39:19,2320.4,2320.4,2320.6,5,15,14
9:39:20,2320.6,2320.4,2320.6,4,16,20
9:39:20,2320.4,2320.4,2320.6,15,12,17
9:39:21,2320.6,2320.4,2320.6,3,12,23
9:39:21,2320.8,2320.6,2320.8,35,10,44
9:39:22,2320.6,2320.6,2320.8,4,10,43
9:39:22,2320.6,2320.6,2320.8,4,6,44
9:39:23,2320.8,2320.6,2320.8,20,3,30
9:39:23,2320.8,2320.4,2320.8,33,21,7
9:39:24,2320.8,2320.6,2320.8,15,10,8
9:39:24,2320.8,2320.8,2321,9,5,102
9:39:25,2321,2320.8,2321,5,7,101
9:39:25,2321,2320.8,2321,17,6,88
9:39:26,2321,2320.8,2321,23,3,68
9:39:26,2320.8,2320.8,2321,20,19,56
9:39:27,2321,2320.8,2321,19,17,39
9:39:27,2321,2320.8,2321,18,19,21
9:39:28,2321.2,2321,2321.2,26,5,42
9:39:28,2321.2,2321,2321.2,10,4,38
9:39:29,2321.2,2321.2,2321.4,40,5,20
9:39:29,2321.4,2321.4,2321.6,27,28,25
9:39:30,2321.6,2321.4,2321.6,15,28,18
9:39:30,2321.6,2321.4,2321.6,16,22,9
9:39:31,2321.6,2321.2,2321.6,39,6,9
9:39:31,2321.4,2321.2,2321.4,22,5,3
9:39:32,2321.4,2321.2,2321.4,20,4,30
9:39:32,2321.2,2321,2321.2,11,21,3
9:39:33,2321.4,2321.2,2321.4,19,1,27
9:39:33,2321.2,2321.2,2321.4,25,2,9
9:39:34,2321.4,2321.2,2321.4,8,2,7
9:39:34,2321.2,2321.2,2321.4,4,9,6
9:39:35,2321.2,2321.2,2321.4,7,5,5
9:39:35,2321.2,2321.2,2321.4,7,5,2
9:39:36,2321.4,2321.2,2321.6,8,5,39
9:39:36,2321.2,2321.2,2321.6,6,4,42
9:39:37,2321.4,2321.2,2321.4,3,10,6
9:39:37,2321.4,2321.2,2321.4,9,27,3
9:39:38,2321.4,2321.2,2321.6,10,27,44
9:39:38,2321.2,2321.2,2321.6,3,26,52
9:39:39,2321.2,2321.2,2321.6,9,39,47
9:39:39,2321.4,2321.4,2321.6,5,1,41
9:39:40,2321.6,2321.4,2321.6,2,12,40
9:39:40,2321.4,2321.4,2321.6,21,14,21
9:39:41,2321.4,2321.4,2321.6,14,19,14
9:39:41,2321.6,2321.6,2321.8,28,36,42
9:39:42,2321.6,2321.6,2321.8,8,35,49
9:39:42,2321.6,2321.6,2321.8,35,25,32
9:39:43,2321.6,2321.6,2321.8,13,20,28
9:39:43,2321.8,2321.6,2321.8,15,11,27
9:39:44,2321.6,2321.6,2321.8,12,2,20
9:39:44,2321.6,2321.4,2321.6,5,17,6
9:39:45,2321.6,2321.4,2321.6,19,16,6
9:39:45,2321.6,2321.4,2321.6,16,27,2
9:39:46,2321.6,2321.4,2321.6,8,39,1
9:39:46,2321.4,2321.4,2321.8,4,37,26
9:39:47,2321.6,2321.4,2321.6,5,66,21
9:39:47,2321.4,2321.4,2321.6,6,64,27
9:39:48,2321.4,2321.4,2321.6,14,67,18
9:39:48,2321.8,2321.6,2321.8,38,1,24
9:39:49,2321.6,2321.6,2321.8,21,54,20
9:39:49,2321.6,2321.6,2322,32,37,130
9:39:50,2321.6,2321.6,2322,36,24,108
9:39:50,2321.6,2321.6,2322,5,22,106
9:39:51,2321.8,2321.8,2322,9,19,95
9:39:51,2321.8,2321.8,2322,32,36,72
9:39:52,2321.8,2321.8,2322,8,17,70
9:39:52,2322,2321.8,2322,42,25,30
9:39:53,2322,2321.8,2322,13,17,22
9:39:53,2322,2322,2322.2,40,13,11
9:39:54,2322.2,2322.2,2322.4,31,1,48
9:39:54,2322.4,2322.2,2322.4,26,2,30
9:39:55,2322.2,2322,2322.2,27,3,1
9:39:55,2322.2,2322.2,2322.4,13,18,10
9:39:56,2322.2,2322,2322.2,30,7,10
9:39:56,2322.2,2321.8,2322.2,20,28,5
9:39:57,2321.8,2321.8,2322.2,13,29,17
9:39:57,2321.8,2321.6,2321.8,40,35,40
9:39:58,2321.8,2321.6,2321.8,6,37,37
9:39:58,2321.6,2321.6,2321.8,22,54,19
9:39:59,2321.8,2321.8,2322,27,3,24
9:39:59,2322,2321.8,2322,19,4,11
9:40:00,2322,2321.8,2322,13,1,2
9:40:00,2321.6,2321.6,2321.8,11,54,4
9:40:01,2321.6,2321.4,2321.6,125,13,19
9:40:01,2322.4,2321.4,2322,42,13,5
9:40:02,2322,2321.6,2322,28,15,9
9:40:02,2322,2321.8,2322,24,22,36
9:40:03,2321.8,2321.8,2322,39,12,17
9:40:03,2322,2321.8,2322,24,3,17
9:40:04,2321.8,2321.8,2322,3,7,20
9:40:04,2321.8,2321.6,2321.8,9,22,1
9:40:05,2321.8,2321.6,2321.8,15,27,12
9:40:05,2321.8,2321.6,2321.8,10,40,7
9:40:06,2321.6,2321.6,2321.8,5,38,4
9:40:06,2321.6,2321.6,2321.8,13,34,1
9:40:07,2321.6,2321.6,2321.8,8,21,1
9:40:07,2321.6,2321.6,2321.8,9,13,3
9:40:08,2322,2321.6,2322,9,10,50
9:40:08,2321.6,2321.6,2321.8,3,8,27
9:40:09,2321.6,2321.4,2321.8,13,34,22
9:40:09,2321.6,2321.4,2321.6,3,45,40
9:40:10,2321.6,2321.4,2321.6,2,41,38
9:40:10,2321.4,2321.4,2321.6,32,41,7
9:40:11,2321.6,2321.6,2321.8,10,1,32
9:40:11,2321.4,2321.4,2321.6,6,39,1
9:40:12,2321.6,2321.6,2321.8,4,14,29
9:40:12,2321.6,2321.4,2321.6,16,48,7
9:40:13,2321.4,2321.4,2321.6,16,42,30
9:40:13,2321.4,2321.4,2321.6,55,38,1
9:40:14,2321.6,2321.4,2321.8,5,36,11
9:40:14,2321.4,2321.4,2321.6,2,30,2
9:40:15,2321.4,2321.4,2321.6,4,23,2
9:40:15,2321.6,2321.4,2321.8,6,19,21
9:40:16,2321.4,2321.4,2321.8,4,15,25
9:40:16,2321.4,2321.4,2321.8,2,13,26
9:40:17,2321.4,2321.4,2321.6,13,12,2
9:40:17,2321.8,2321.6,2321.8,7,1,16
9:40:18,2321.8,2321.4,2321.8,5,18,15
9:40:18,2321.4,2321.4,2321.8,2,18,14
9:40:19,2321.4,2321.4,2321.8,3,21,13
9:40:19,2321.6,2321.4,2321.8,7,17,13
9:40:20,2321.4,2321.4,2321.8,4,17,12
9:40:20,2321.4,2321.4,2321.6,1,20,2
9:40:21,2321.4,2321.4,2321.6,6,14,3
9:40:21,2321.4,2321.4,2321.6,2,16,2
9:40:22,2321.4,2321.4,2321.6,10,9,4
9:40:22,2321.4,2321.4,2321.6,4,8,2
9:40:23,2321.6,2321.6,2321.8,20,26,15
9:40:23,2321.6,2321.6,2321.8,9,17,17
9:40:24,2321.6,2321.6,2321.8,8,9,17
9:40:24,2321.6,2321.6,2322,26,3,178
9:40:25,2321.6,2321.2,2321.6,9,33,3
9:40:25,2321.4,2321.4,2321.6,6,3,4
9:40:26,2321.6,2321.6,2321.8,7,12,36
9:40:26,2321.6,2321.6,2321.8,1,13,45
9:40:27,2321.6,2321.6,2321.8,15,50,90
9:40:28,2321.6,2321.6,2321.8,32,19,92
9:40:28,2321.4,2321.4,2321.6,22,21,2
9:40:29,2321.4,2321.4,2321.6,2,22,6
9:40:29,2321.4,2321.4,2321.6,1,21,13
9:40:30,2321.6,2321.4,2321.6,5,20,11
9:40:30,2321.6,2321.4,2321.6,3,21,10
9:40:31,2321.4,2321.4,2321.6,3,18,13
9:40:31,2321.4,2321.4,2321.6,9,12,11
9:40:32,2321.4,2321.4,2321.6,4,11,6
9:40:32,2321.4,2321.4,2321.6,5,8,6
9:40:33,2321.6,2321.4,2321.6,3,13,21
9:40:33,2321.4,2321.4,2321.6,3,11,21
9:40:34,2321.4,2321.2,2321.4,10,38,37
9:40:35,2321.2,2321.2,2321.4,8,32,43
9:40:35,2321.2,2321.2,2321.4,5,28,44
9:40:36,2321.2,2321.2,2321.4,2,25,44
9:40:36,2321.4,2321.2,2321.4,6,23,41
9:40:37,2321.2,2321.2,2321.4,4,32,40
9:40:37,2321.2,2321.2,2321.4,6,46,38
9:40:38,2321.4,2321.2,2321.4,55,27,5
9:40:38,2321.4,2321.2,2321.4,1,28,4
9:40:39,2321.4,2321.2,2321.4,2,27,4
9:40:39,2321.2,2321.2,2321.4,3,27,5
9:40:40,2321.2,2321.2,2321.4,1,26,5
9:40:40,2321.4,2321.2,2321.4,6,27,2
9:40:41,2321.4,2321.4,2321.6,2,34,45
9:40:41,2321.4,2321.4,2321.6,6,29,46
9:40:42,2321.4,2321.4,2321.6,2,29,46
9:40:42,2321.4,2321.4,2321.6,6,30,45
9:40:43,2321.6,2321.4,2321.6,3,31,44
9:40:43,2321.6,2321.4,2321.6,1,32,42
9:40:44,2321.4,2321.4,2321.6,4,18,41
9:40:45,2321.6,2321.4,2321.6,4,18,38
9:40:45,2321.4,2321.4,2321.6,5,15,50
9:40:46,2321.6,2321.4,2321.6,40,26,11
9:40:46,2321.6,2321.4,2321.6,2,26,9
9:40:47,2321.6,2321.4,2321.6,11,28,16
9:40:47,2321.6,2321.4,2321.6,6,36,12
9:40:48,2321.6,2321.4,2321.6,4,36,9
9:40:48,2321.6,2321.6,2321.8,10,5,116
9:40:49,2321.6,2321.6,2321.8,2,14,115
9:40:49,2321.6,2321.6,2321.8,1,13,120
9:40:50,2321.6,2321.6,2321.8,1,20,120
9:40:50,2321.8,2321.6,2321.8,10,20,110
9:40:51,2321.8,2321.6,2321.8,3,22,108
9:40:51,2321.8,2321.6,2321.8,2,24,107
9:40:52,2321.8,2321.6,2321.8,3,23,105
9:40:52,2321.8,2321.6,2321.8,8,25,97
9:40:53,2321.8,2321.6,2321.8,1,26,96
9:40:53,2321.8,2321.6,2321.8,53,27,48
9:40:54,2321.8,2321.6,2321.8,48,31,10
9:40:54,2321.8,2321.8,2322,10,23,203
9:40:55,2321.8,2321.8,2322,16,13,204
9:40:56,2322,2321.8,2322,13,15,195
9:40:57,2321.6,2321.6,2321.8,19,26,1
9:40:57,2321.6,2321.6,2322,11,14,193
9:40:58,2321.8,2321.6,2321.8,16,3,16
9:40:58,2321.8,2321.6,2321.8,7,6,24
9:40:59,2321.8,2321.4,2321.8,9,38,22
9:40:59,2321.8,2321.4,2321.6,1,41,36
9:41:00,2321.8,2321.8,2322,68,9,195
9:41:00,2321.8,2321.8,2322,1,11,202
9:41:01,2321.8,2321.8,2322,16,3,195
9:41:01,2322,2321.8,2322,4,3,191
9:41:02,2322,2321.8,2322,1,3,190
9:41:02,2321.8,2321.8,2322,4,2,188
9:41:03,2321.8,2321.6,2321.8,8,11,13
9:41:03,2321.8,2321.6,2321.8,4,13,11
9:41:04,2321.6,2321.6,2321.8,7,9,18
9:41:04,2321.8,2321.6,2321.8,20,7,21
9:41:05,2321.8,2321.6,2321.8,12,4,33
9:41:05,2321.8,2321.6,2321.8,7,2,66
9:41:06,2321.6,2321.6,2321.8,3,5,65
9:41:06,2321.6,2321.6,2321.8,7,5,63
9:41:07,2321.8,2321.6,2321.8,1,5,63
9:41:07,2321.8,2321.6,2321.8,2,5,62
9:41:08,2321.8,2321.6,2321.8,1,5,64
9:41:08,2321.8,2321.6,2321.8,25,1,43
9:41:09,2321.8,2321.6,2321.8,1,3,44
9:41:09,2321.6,2321.6,2321.8,4,2,41
9:41:10,2321.6,2321.6,2321.8,8,7,34
9:41:10,2321.6,2321.4,2321.6,18,31,11
9:41:11,2321.6,2321.4,2321.6,6,29,7
9:41:11,2321.8,2321.4,2321.6,8,39,1
9:41:12,2321.6,2321.4,2321.6,1,39,1
9:41:12,2321.4,2321.6,2321.8,2,5,34
9:41:13,2321.6,2321.6,2321.8,2,5,34
9:41:13,2321.6,2321.6,2321.8,1,6,34
9:41:14,2321.6,2321.6,2321.8,6,10,35
