9:14:00,2199.8,2199.2,2199.8,163,14,10
9:15:00,2199.8,2200,2200.2,120,2,1
9:15:01,2200.4,2200.4,2200.6,101,15,12
9:15:01,2199.6,2198.8,2200,44,2,9
9:15:02,2199.2,2199.2,2199.6,37,13,14
9:15:02,2198.6,2198.6,2199.2,89,2,29
9:15:03,2198.8,2198.6,2198.8,50,1,18
9:15:03,2198.6,2198.2,2198.6,56,6,2
9:15:04,2198.6,2198.4,2198.6,20,11,1
9:15:04,2198.6,2198.6,2198.8,25,11,13
9:15:05,2198.8,2198.8,2199.2,56,6,10
9:15:05,2199.2,2199,2199.2,53,22,9
9:15:06,2199.6,2199.2,2199.6,28,12,1
9:15:06,2199.6,2199.6,2200,87,32,10
9:15:07,2200,2200,2200.2,29,28,3
9:15:07,2200,2200.4,2200.6,39,5,13
9:15:08,2200.6,2200.2,2200.6,15,7,4
9:15:08,2200.4,2200,2200.4,32,23,21
9:15:09,2200.2,2200.2,2200.4,43,2,11
9:15:09,2200.2,2200,2200.2,41,12,7
9:15:10,2200,2199.8,2200,25,5,14
9:15:10,2199.8,2199.6,2199.8,11,27,60
9:15:11,2199.4,2199.2,2199.4,75,7,14
9:15:11,2198.8,2198.8,2199,25,4,27
9:15:12,2199,2198.6,2198.8,22,10,6
9:15:12,2198.6,2198.6,2198.8,23,5,6
9:15:13,2198.8,2198.6,2198.8,13,12,1
9:15:13,2199,2198.6,2199,10,20,84
9:15:14,2199,2198.6,2199,6,35,81
9:15:14,2198.6,2198.4,2198.6,99,14,6
9:15:15,2198.4,2198.4,2198.6,12,7,33
9:15:15,2198.4,2198,2198.2,53,31,1
9:15:16,2197.8,2197.8,2198.2,49,10,24
9:15:16,2197.8,2197.6,2197.8,33,14,33
9:15:17,2197.8,2197.6,2197.8,30,15,19
9:15:17,2197.6,2197.4,2197.6,35,1,5
9:15:18,2197.8,2197.6,2197.8,37,5,8
9:15:18,2197.8,2197.8,2198.2,36,20,22
9:15:19,2197.8,2198,2198.2,6,5,20
9:15:19,2198.2,2198.2,2198.4,64,16,11
9:15:20,2198.2,2198.4,2198.6,24,1,5
9:15:20,2198.4,2198.4,2198.8,27,7,1
9:15:21,2198.4,2198.4,2198.6,3,5,5
9:15:21,2198.6,2198.4,2198.6,15,9,1
9:15:22,2198.6,2198.6,2198.8,2,2,3
9:15:22,2198.8,2198.8,2199,4,8,4
9:15:23,2199,2198.8,2199,8,42,2
9:15:23,2199,2198.8,2199,6,41,9
9:15:24,2199,2199,2199.2,12,30,16
9:15:24,2199.2,2199,2199.2,16,30,11
9:15:25,2199,2199,2199.2,13,32,12
9:15:25,2199,2199,2199.2,2,33,11
9:15:26,2199,2199,2199.2,26,51,4
9:15:26,2199.2,2199,2199.4,17,59,10
9:15:27,2199.2,2199.2,2199.6,15,17,18
9:15:27,2199.2,2199.4,2199.6,16,1,4
9:15:28,2200,2199.4,2199.8,22,5,1
9:15:28,2199.8,2199.8,2200,3,8,39
9:15:29,2200,2199.8,2200,11,17,39
9:15:29,2199.8,2199.8,2200,3,16,38
9:15:30,2200,2199.8,2200,3,15,36
9:15:30,2200,2199.8,2200,23,8,15
9:15:31,2200,2199.8,2200,5,6,12
9:15:31,2200.6,2199.6,2200.4,61,1,1
9:15:32,2200,2200,2200.6,28,2,8
9:15:32,2200,2200.6,2201,16,3,20
9:15:33,2201,2200.6,2201,8,1,14
9:15:33,2200.8,2200.6,2201,16,7,3
9:15:34,2200.8,2200.6,2201.2,16,1,16
9:15:34,2201,2200.6,2201,19,5,58
9:15:35,2200.4,2200.4,2200.6,22,11,17
9:15:35,2200.4,2200.2,2200.4,32,1,1
9:15:36,2200.4,2200.2,2200.4,14,9,24
9:15:36,2200.2,2200.2,2200.4,18,7,40
9:15:37,2200.4,2199.8,2200.4,12,1,33
9:15:37,2199.8,2199.8,2200.2,6,3,14
9:15:38,2200.2,2200,2200.2,25,2,12
9:15:38,2199.8,2200,2200.2,16,1,5
9:15:39,2200.2,2200.2,2200.4,7,3,29
9:15:39,2200.2,2200.2,2200.4,9,2,21
9:15:40,2200.2,2199.8,2200.4,5,12,21
9:15:40,2200,2200,2200.4,2,6,23
9:15:41,2200.4,2200,2200.4,25,8,2
9:15:41,2200.2,2200.2,2200.4,19,12,3
9:15:42,2200.4,2200.4,2200.6,4,4,34
9:15:42,2200.4,2200.2,2200.4,10,7,9
9:15:43,2200.2,2200.2,2200.4,3,5,12
9:15:43,2200.4,2200.2,2200.4,17,2,12
9:15:44,2200,2200,2200.4,30,18,4
9:15:44,2200.4,2200,2200.6,15,15,31
9:15:45,2200.6,2200.4,2200.6,4,1,29
9:15:45,2200.4,2200.4,2200.6,5,1,28
9:15:46,2200,2200,2200.4,8,12,10
9:15:46,2200,2200,2200.4,18,3,9
9:15:47,2200.2,2200,2200.4,10,4,14
9:15:47,2199.8,2199.8,2200.4,13,7,14
9:15:48,2199.8,2199.6,2199.8,8,10,4
9:15:48,2200.2,2199.6,2200.2,13,8,5
9:15:49,2200.6,2199.8,2200,26,9,3
9:15:49,2200,2199.8,2200,3,8,1
9:15:50,2199.6,2199.6,2200.4,13,5,6
9:15:50,2199.8,2199.6,2200.2,7,10,27
9:15:51,2200,2199.6,2200.2,6,18,27
9:15:51,2200.2,2199.6,2200.2,13,11,21
9:15:52,2199.6,2199.6,2200.2,26,43,21
9:15:52,2200,2200,2200.2,8,5,21
9:15:53,2199.8,2199.6,2200,11,71,1
9:15:53,2199.6,2199.6,2200,14,61,12
9:15:54,2199.6,2199.6,2200,14,49,10
9:15:54,2200,2199.6,2200,12,45,4
9:15:55,2199.6,2199.6,2199.8,9,37,1
9:15:55,2199.8,2199.8,2200,15,4,1
9:15:56,2200,2199.8,2200.2,9,8,29
9:15:56,2199.6,2199.6,2200,13,30,2
9:15:57,2199.6,2199.6,2200,23,15,2
9:15:57,2200,2199.8,2200,1,2,1
9:15:58,2199.6,2199.6,2199.8,10,9,3
9:15:58,2199.8,2199.6,2199.8,2,12,2
9:15:59,2199.6,2199.6,2200,27,9,5
9:15:59,2200,2200,2200.2,9,11,40
9:16:00,2200,2200,2200.2,10,3,59
9:16:00,2199.8,2199.6,2200,21,10,5
9:16:01,2199.6,2199.6,2199.8,70,1,10
9:16:01,2200,2200,2200.2,28,2,11
9:16:02,2200.2,2200,2200.2,5,4,9
9:16:02,2199.8,2199.8,2200,18,10,1
9:16:03,2199.6,2199.6,2200.2,22,10,6
9:16:03,2200,2199.8,2200,1,4,1
9:16:04,2200,2200,2200.2,5,11,6
9:16:04,2200,2200,2200.2,9,3,6
9:16:05,2200.2,2199.8,2200,8,4,12
9:16:05,2200,2199.8,2200,6,1,11
9:16:06,2199.6,2199.6,2200,8,12,10
9:16:06,2199.8,2199.6,2200,5,12,14
9:16:07,2200,2199.6,2200,6,9,12
9:16:07,2200,2199.8,2200,8,2,11
9:16:08,2199.8,2199.4,2200.2,21,7,13
9:16:08,2200,2199.6,2200,1,2,6
9:16:09,2199.6,2199.4,2199.6,10,3,9
9:16:09,2199.6,2199.2,2199.6,41,1,9
9:16:10,2199.6,2199,2199.4,4,22,1
9:16:10,2199,2199,2199.2,6,17,1
9:16:11,2199.2,2199,2199.4,5,15,1
9:16:11,2199.6,2199.4,2199.6,9,1,9
9:16:12,2199.4,2199,2199.6,1,9,10
9:16:12,2199.4,2199,2199.6,2,39,8
9:16:13,2199.6,2199.2,2199.4,1,17,5
9:16:13,2199.4,2199.4,2199.6,6,12,9
9:16:14,2199.4,2199.4,2199.6,11,16,6
9:16:14,2199.6,2199.4,2199.6,1,30,3
9:16:15,2199.4,2199.6,2199.8,5,8,2
9:16:15,2200,2199.6,2200,5,13,28
9:16:16,2199.4,2199.4,2199.8,17,16,1
9:16:16,2199.6,2199.4,2199.6,5,8,1
9:16:17,2199.6,2199.6,2199.8,7,22,1
9:16:17,2199.6,2199.6,2199.8,1,21,9
9:16:18,2199.6,2199.4,2199.8,6,5,14
9:16:18,2199.8,2199.4,2199.8,12,4,3
9:16:19,2199.6,2199.4,2199.6,5,3,4
9:16:19,2199.4,2199.4,2199.6,2,3,4
9:16:20,2199.4,2199.4,2199.6,3,2,3
9:16:20,2199.6,2199.6,2199.8,6,2,1
9:16:21,2199.4,2199.2,2199.4,3,26,1
9:16:21,2199.4,2199.4,2199.6,6,4,7
9:16:22,2199.2,2199.2,2199.6,14,24,6
9:16:22,2199.4,2199.2,2199.6,4,25,4
9:16:23,2199.2,2199.4,2199.6,14,4,5
9:16:23,2199.6,2199.4,2199.6,3,2,6
9:16:24,2199.6,2199.4,2199.6,4,1,3
9:16:24,2199.2,2199.2,2199.4,11,14,3
9:16:25,2199.2,2199.2,2199.4,7,9,7
9:16:25,2199.4,2199.4,2199.8,9,2,6
9:16:26,2199.2,2199.2,2199.4,5,8,4
9:16:26,2199.2,2199,2199.2,8,67,15
9:16:27,2199.2,2199,2199.2,34,56,3
9:16:27,2199.2,2199,2199.2,2,56,2
9:16:28,2199,2199,2199.2,16,47,1
9:16:28,2199,2199,2199.2,19,29,1
9:16:29,2199,2199,2199.2,15,15,7
9:16:30,2199,2199,2199.2,14,15,3
9:16:30,2199,2199,2199.2,5,12,3
9:16:31,2199,2199,2199.4,22,16,3
9:16:31,2199,2199,2199.4,14,7,5
9:16:32,2199,2199,2199.4,7,1,15
9:16:32,2198.8,2198.8,2199,7,41,7
9:16:33,2198.8,2198.8,2199,8,34,9
9:16:33,2199.4,2198.8,2199,15,35,1
9:16:34,2198.8,2198.8,2199.4,8,30,27
9:16:34,2198.8,2199,2199.4,1,1,27
9:16:35,2198.8,2198.8,2199,5,27,1
9:16:35,2198.8,2198.8,2199,15,12,2
9:16:36,2199.2,2199,2199.2,14,1,3
9:16:36,2199,2198.8,2199,5,2,29
9:16:37,2198.8,2198.8,2199,11,1,25
9:16:37,2198.8,2198.6,2198.8,4,16,3
9:16:38,2198.8,2198.8,2199,3,1,30
9:16:38,2198.8,2198.6,2199,7,15,28
9:16:39,2198.6,2198.6,2198.8,1,17,3
9:16:39,2198.6,2198.6,2198.8,2,15,3
9:16:40,2198.8,2198.6,2199,7,13,30
9:16:40,2198.6,2198.4,2198.6,15,10,4
9:16:41,2198.8,2198.8,2199,19,4,37
9:16:41,2198.4,2198.4,2198.8,13,5,6
9:16:42,2198.6,2198.4,2198.6,2,4,4
9:16:42,2198.2,2198.2,2198.4,13,7,5
9:16:43,2198,2198,2198.4,14,47,7
9:16:43,2198,2198.2,2198.6,26,1,14
9:16:44,2198,2198,2198.6,13,30,14
9:16:44,2198.2,2198.2,2198.4,8,10,1
9:16:45,2198.4,2198.2,2198.4,5,16,2
9:16:45,2198.2,2198.2,2198.4,8,11,2
9:16:46,2198.2,2198.2,2198.4,11,8,1
9:16:46,2198.2,2198.2,2198.6,5,4,9
9:16:47,2198,2198,2198.2,9,50,9
9:16:47,2198.2,2198,2198.2,4,59,9
9:16:48,2198.2,2198,2198.2,2,53,7
9:16:48,2198,2198,2198.2,6,52,3
9:16:49,2198,2198,2198.2,9,69,2
9:16:49,2198,2198,2198.4,16,60,10
9:16:50,2198.2,2198.2,2198.4,6,11,7
9:16:50,2198.2,2198.2,2198.4,2,16,7
9:16:51,2198.4,2198.2,2198.4,4,23,6
9:16:51,2198.4,2198.2,2198.4,14,16,4
9:16:52,2198.4,2198.2,2198.6,5,22,15
9:16:52,2198.2,2198.2,2198.6,13,13,15
9:16:53,2198,2198,2198.2,19,59,4
9:16:53,2198.2,2198,2198.2,4,59,7
9:16:54,2198,2198,2198.4,30,46,2
9:16:54,2198.2,2198,2198.2,36,12,4
9:16:55,2198.2,2198,2198.2,9,8,4
9:16:55,2198,2197.8,2198,16,5,55
9:16:56,2197.8,2197.6,2197.8,18,8,9
9:16:56,2198,2197.4,2198,47,1,37
9:16:57,2197.6,2197.4,2197.8,9,4,9
9:16:57,2197.4,2197.6,2197.8,7,2,7
9:16:58,2197.4,2197.4,2197.8,15,26,5
9:16:58,2197.8,2197.8,2198,24,7,54
9:16:59,2197.8,2197.8,2198,10,7,53
9:16:59,2197.8,2197.8,2198,15,4,53
9:17:00,2197.8,2197.4,2197.8,33,9,6
9:17:00,2197.4,2197.2,2197.4,16,71,8
9:17:01,2197.2,2197.2,2197.8,21,61,11
9:17:01,2197.4,2197.4,2197.6,13,4,9
9:17:02,2197.4,2197.2,2197.4,27,47,6
9:17:02,2197.2,2197.2,2197.4,16,46,9
9:17:03,2197.2,2197.2,2197.4,21,27,2
9:17:03,2197.4,2197.2,2197.4,32,41,3
9:17:04,2197.4,2197.2,2197.4,13,37,1
9:17:04,2197.2,2197.4,2197.8,25,2,14
9:17:05,2197.2,2197.4,2197.6,4,5,1
9:17:05,2197.4,2197.4,2197.6,11,2,3
9:17:06,2197.4,2197.4,2197.6,9,9,2
9:17:06,2197.8,2197.4,2197.8,8,11,16
9:17:07,2197.4,2197.4,2197.8,5,13,17
9:17:07,2197.6,2197.6,2197.8,15,6,10
9:17:08,2197.8,2197.8,2198,22,22,67
9:17:08,2198,2197.8,2198,25,10,59
9:17:09,2198,2197.8,2198,19,7,43
9:17:09,2197.8,2197.8,2198,11,7,32
9:17:10,2198,2197.8,2198,16,8,19
9:17:10,2198,2198,2198.2,25,2,6
9:17:11,2198,2198,2198.2,5,1,6
9:17:11,2198.2,2198,2198.2,2,4,9
9:17:12,2198,2198,2198.2,6,11,8
9:17:12,2198.2,2198,2198.2,4,11,7
9:17:13,2198.2,2198,2198.2,4,9,8
9:17:13,2198.2,2198,2198.2,3,11,5
9:17:14,2198.2,2198,2198.2,1,13,6
9:17:14,2198,2198,2198.2,8,17,2
9:17:15,2198,2198.2,2198.4,3,7,7
9:17:16,2198.2,2198.2,2198.4,3,6,10
9:17:16,2198.2,2198.2,2198.4,6,3,14
9:17:17,2198.2,2198.2,2198.4,2,2,14
9:17:17,2198.2,2198.2,2198.4,3,2,16
9:17:18,2198.4,2198,2198.4,14,16,15
9:17:18,2198.2,2198.2,2198.4,10,2,11
9:17:19,2198.4,2198.4,2198.6,20,19,30
9:17:19,2198.4,2198.4,2198.6,10,55,28
9:17:20,2198.6,2198.4,2198.6,20,56,12
9:17:20,2198.6,2198.6,2198.8,18,14,12
9:17:21,2198.8,2198.6,2198.8,7,8,16
9:17:21,2198.8,2198.6,2198.8,2,7,14
9:17:22,2198.6,2198.6,2198.8,3,8,22
9:17:22,2198.8,2198.6,2198.8,2,11,21
9:17:23,2198.6,2198.6,2198.8,2,11,20
9:17:23,2198.8,2198.6,2198.8,1,11,19
9:17:24,2198.8,2198.6,2198.8,10,10,15
9:17:24,2198.8,2198.6,2198.8,7,10,11
9:17:25,2198.6,2198.6,2198.8,8,7,7
9:17:25,2198.8,2198.6,2199,7,7,17
9:17:26,2198.6,2198.6,2199,4,5,17
9:17:26,2198.6,2198.6,2199,6,2,15
9:17:27,2198.8,2198.8,2199,4,4,12
9:17:27,2198.8,2198.6,2198.8,19,4,2
9:17:28,2198.6,2198.4,2198.6,7,19,2
9:17:28,2199,2199,2199.2,8,8,15
9:17:29,2199,2198.6,2199,8,4,16
9:17:29,2199,2198.8,2199,3,1,14
9:17:30,2198.8,2198.6,2198.8,2,6,45
9:17:30,2198.8,2198.6,2198.8,5,4,42
9:17:31,2198.6,2198.4,2198.6,8,22,17
9:17:31,2198.6,2198.4,2198.6,10,16,14
9:17:32,2198.4,2198.4,2198.6,1,15,15
9:17:32,2198.4,2198.4,2198.6,8,14,11
9:17:33,2198.6,2198.4,2198.6,2,13,10
9:17:33,2198.6,2198.4,2198.6,6,14,10
9:17:34,2198.4,2198.4,2198.6,4,12,12
9:17:34,2198.6,2198.4,2198.6,9,13,4
9:17:35,2198.4,2198.4,2198.6,9,6,2
9:17:35,2198.6,2198.6,2198.8,3,50,2
9:17:36,2198.8,2198.8,2199,2,7,6
9:17:36,2199,2198.8,2199,1,10,5
9:17:37,2199,2199,2199.2,5,9,17
9:17:37,2199,2199,2199.2,12,6,8
9:17:38,2199,2199,2199.2,8,4,8
9:17:38,2199,2198.8,2199,4,9,2
9:17:39,2199,2198.8,2199,2,8,1
9:17:39,2199,2198.8,2199.2,13,8,5
9:17:40,2199,2198.8,2199,1,9,2
9:17:40,2199.2,2199,2199.2,17,4,3
9:17:41,2198.8,2199,2199.2,8,1,3
9:17:41,2199.2,2199,2199.4,3,10,28
9:17:42,2199.2,2199.2,2199.4,2,3,25
9:17:43,2199,2199,2199.2,6,7,11
9:17:43,2199.2,2199,2199.2,2,13,9
9:17:44,2199,2199,2199.4,21,5,25
9:17:44,2199.2,2199,2199.4,19,6,8
9:17:45,2199.2,2199,2199.2,2,9,15
9:17:45,2199,2199,2199.2,2,10,14
9:17:46,2199,2199,2199.2,1,11,14
9:17:46,2199,2199,2199.2,6,16,14
9:17:47,2199.4,2199.4,2199.6,30,3,19
9:17:47,2199.6,2199.4,2199.6,12,11,14
9:17:48,2199.4,2199.4,2199.8,19,4,27
9:17:48,2199.4,2199,2199.8,20,2,34
9:17:49,2199.2,2199,2199.2,6,13,13
9:17:50,2199,2199,2199.2,3,12,11
9:17:50,2199,2199,2199.2,6,7,10
9:17:51,2199,2199,2199.2,5,4,9
9:17:51,2199.2,2199,2199.2,3,3,12
9:17:52,2199,2198.8,2199.2,5,8,11
9:17:52,2198.8,2198.8,2199.2,1,6,13
9:17:53,2198.8,2198.8,2199,4,3,8
9:17:53,2199,2198.8,2199,5,1,11
9:17:54,2199,2198.8,2199,1,1,10
9:17:55,2199,2199,2199.2,14,37,10
9:17:55,2199.2,2199,2199.2,8,37,2
9:17:56,2199.2,2199.2,2199.4,2,5,7
9:17:56,2199.4,2199.2,2199.4,1,5,6
9:17:58,2199.2,2199.2,2199.6,14,3,8
9:17:58,2199.2,2199.2,2199.6,2,1,8
9:17:59,2199.2,2199.2,2199.6,5,1,8
9:17:59,2199.6,2199.2,2199.6,1,1,7
9:18:00,2199.6,2199.2,2199.4,1,3,6
9:18:00,2199.2,2199.2,2199.4,5,2,21
9:18:01,2199.2,2199,2199.2,4,41,3
9:18:01,2199,2199,2199.2,6,37,3
9:18:02,2199,2199,2199.2,2,35,3
9:18:03,2199,2199,2199.2,12,23,3
9:18:03,2199.2,2199,2199.2,1,23,3
9:18:04,2199,2199,2199.2,21,2,4
9:18:04,2199.2,2199,2199.2,2,1,11
9:18:05,2199.2,2198.8,2199.2,6,3,9
9:18:05,2198.8,2198.8,2199,1,2,1
9:18:06,2198.8,2198.6,2199,1,13,3
9:18:07,2198.6,2198.8,2199,3,1,7
9:18:07,2198.6,2198.8,2199,3,1,10
9:18:08,2198.6,2198.6,2198.8,10,2,1
9:18:08,2198.8,2198.6,2199,2,2,10
9:18:09,2198.6,2198.6,2198.8,2,1,1
9:18:09,2198.4,2198.4,2198.6,4,10,1
9:18:10,2198.8,2198.4,2198.8,2,10,1
9:18:10,2198.4,2198.4,2198.8,5,9,4
9:18:11,2198.8,2198.6,2198.8,4,1,3
9:18:11,2198.6,2198.4,2198.8,1,10,4
9:18:12,2198.8,2198.6,2198.8,9,1,1
9:18:13,2198.6,2198.4,2198.8,5,4,2
9:18:13,2198.8,2198.4,2198.8,2,4,4
9:18:14,2198.6,2198.4,2198.8,1,4,10
9:18:14,2198.4,2198.4,2198.8,2,2,12
9:18:15,2198.6,2198.4,2198.6,4,1,1
9:18:16,2198.4,2198.2,2198.4,2,41,1
9:18:16,2198.6,2198.4,2198.8,8,5,10
9:18:17,2198.4,2198.4,2198.6,3,5,4
9:18:17,2198.6,2198.6,2198.8,5,26,12
9:18:18,2198.6,2198.6,2198.8,16,20,3
9:18:18,2198.6,2198.6,2198.8,7,14,2
9:18:19,2198.6,2198.6,2198.8,4,10,2
9:18:19,2198.6,2198.6,2198.8,2,8,2
9:18:20,2198.6,2198.6,2198.8,5,4,1
9:18:20,2198.6,2198.6,2198.8,1,3,1
9:18:21,2198.8,2198.8,2199,2,15,34
9:18:21,2198.8,2198.8,2199,4,14,57
9:18:22,2198.8,2198.8,2199,5,9,57
9:18:22,2198.8,2198.8,2199,3,7,59
9:18:23,2198.8,2198.8,2199,4,4,56
9:18:23,2198.8,2198.6,2198.8,4,7,1
9:18:24,2198.6,2198.6,2198.8,1,6,4
9:18:25,2198.6,2198.6,2198.8,1,5,3
9:18:25,2198.8,2198.6,2198.8,8,7,4
9:18:26,2198.6,2198.6,2198.8,1,6,6
9:18:27,2198.6,2198.6,2198.8,2,5,9
9:18:28,2198.6,2198.6,2198.8,1,4,9
9:18:28,2198.8,2198.4,2198.8,7,17,8
9:18:29,2198.8,2198.4,2198.6,1,17,1
9:18:29,2198.6,2198.6,2198.8,5,2,16
9:18:30,2198.6,2198.4,2198.6,2,23,1
9:18:30,2198.4,2198.4,2198.6,1,23,2
9:18:31,2198.6,2198.4,2198.8,3,23,16
9:18:31,2198.4,2198.4,2198.8,15,11,16
9:18:32,2198.6,2198.6,2198.8,3,7,14
9:18:33,2198.6,2198.6,2198.8,4,8,14
9:18:34,2198.6,2198.6,2198.8,5,6,15
9:18:35,2198.6,2198.6,2198.8,1,5,15
9:18:35,2198.6,2198.6,2198.8,1,4,16
9:18:36,2198.8,2198.6,2198.8,1,4,15
9:18:37,2198.6,2198.6,2198.8,1,3,16
9:18:37,2198.4,2198.4,2198.8,6,18,14
9:18:39,2198.4,2198.4,2198.6,18,7,4
9:18:40,2198.4,2198.4,2198.6,2,8,3
9:18:40,2198.4,2198.4,2198.8,14,4,14
9:18:41,2198.4,2198.6,2198.8,1,1,15
9:18:42,2198.8,2198.4,2198.8,10,6,6
9:18:42,2198.4,2198.4,2198.6,1,5,2
9:18:43,2198.4,2198.4,2198.6,1,4,2
9:18:43,2198.6,2198.4,2198.6,1,4,1
9:18:44,2198.4,2198.4,2198.6,2,6,3
9:18:45,2198.6,2198.4,2198.6,1,7,2
9:18:45,2198.4,2198.4,2198.6,2,6,1
9:18:46,2198.4,2198.4,2198.6,2,11,2
9:18:47,2198.4,2198.4,2198.6,1,10,3
9:18:47,2198.4,2198.4,2198.6,1,12,8
9:18:48,2198.6,2198.4,2198.6,6,14,2
9:18:48,2198.6,2198.4,2198.6,3,19,1
9:18:49,2198.4,2198.4,2198.8,4,17,11
9:18:49,2198.8,2198.6,2198.8,2,1,10
9:18:50,2198.4,2198.4,2198.8,3,21,9
9:18:51,2198.8,2198.6,2198.8,3,3,7
9:18:52,2198.8,2198.6,2198.8,3,52,5
9:18:53,2198.8,2198.8,2199,23,1,68
9:18:53,2198.8,2198.8,2199,2,3,66
9:18:54,2198.8,2198.8,2199,2,6,63
9:18:54,2199,2198.8,2199,5,5,59
9:18:55,2199,2198.8,2199,1,10,58
9:18:55,2198.8,2198.8,2199,13,2,56
9:18:56,2198.8,2198.8,2199,27,2,32
9:18:56,2199,2198.8,2199,6,7,26
9:18:57,2199,2199,2199.2,26,5,10
9:18:57,2199,2199,2199.2,1,9,9
9:18:58,2199,2199,2199.2,4,5,9
9:18:58,2199,2199,2199.2,3,4,8
9:18:59,2198.8,2198.8,2199,6,16,1
9:18:59,2198.8,2198.8,2199,1,15,2
9:19:00,2199,2198.8,2199,17,12,4
9:19:01,2199,2198.8,2199,10,4,8
9:19:01,2199,2198.8,2199,3,3,11
9:19:02,2199,2198.6,2199,24,39,10
9:19:02,2198.8,2198.6,2199,1,39,14
9:19:03,2199,2198.6,2199,3,39,13
9:19:04,2199,2198.6,2199,10,39,4
9:19:04,2199,2198.8,2199,1,1,4
9:19:06,2198.8,2198.8,2199,4,10,16
9:19:07,2199,2198.8,2199,5,6,15
9:19:07,2199,2198.8,2199,1,6,14
9:19:08,2198.8,2198.8,2199,4,2,14
9:19:08,2199,2198.6,2199,10,37,12
9:19:09,2199,2198.6,2199,1,38,11
9:19:09,2199,2198.6,2198.8,2,37,1
9:19:10,2199,2198.8,2199,4,14,8
9:19:10,2199,2198.8,2199,3,15,6
9:19:11,2199,2199,2199.2,6,8,24
9:19:12,2199,2199,2199.2,3,8,22
9:19:12,2199.2,2199,2199.2,7,10,15
9:19:13,2199.2,2199,2199.2,13,6,7
9:19:13,2199,2199,2199.2,1,8,7
9:19:14,2199.2,2199.2,2199.4,7,2,15
9:19:15,2199.2,2199.2,2199.4,2,3,15
9:19:16,2199.2,2199.2,2199.4,5,8,13
9:19:16,2199.4,2199.2,2199.4,9,8,4
9:19:17,2199.2,2199.2,2199.4,4,7,2
9:19:17,2199.4,2199.4,2199.6,3,12,16
9:19:18,2199.6,2199.4,2199.6,4,19,14
9:19:19,2199.4,2199.4,2199.6,8,20,9
9:19:19,2199.6,2199.4,2199.6,5,18,6
9:19:20,2199.6,2199.6,2199.8,7,14,47
9:19:20,2199.6,2199.4,2199.6,26,17,11
9:19:21,2199.4,2199.4,2199.6,11,15,3
9:19:21,2199.4,2199.4,2199.6,4,13,2
9:19:22,2199.8,2199.6,2199.8,4,2,39
9:19:22,2199.6,2199.4,2199.6,19,11,6
9:19:23,2199.6,2199.4,2199.6,2,11,4
9:19:23,2199.6,2199.4,2199.6,9,8,1
9:19:24,2199.4,2199.6,2199.8,5,4,27
9:19:24,2199.6,2199.6,2199.8,5,7,25
9:19:25,2199.8,2199.6,2199.8,4,4,26
9:19:25,2199.8,2199.6,2199.8,14,3,15
9:19:26,2199.8,2199.6,2199.8,7,3,15
9:19:26,2199.6,2199.4,2199.6,8,10,3
9:19:27,2199.8,2199.6,2199.8,23,1,9
9:19:28,2199.6,2199.4,2199.6,15,10,1
9:19:28,2199.8,2199.6,2200,14,3,38
9:19:29,2199.6,2199.6,2200,1,2,38
9:19:29,2199.6,2199.6,2199.8,25,4,1
9:19:30,2200,2199.6,2199.8,14,16,8
9:19:30,2199.6,2199.6,2199.8,3,11,12
9:19:31,2199.8,2199.6,2199.8,5,7,16
9:19:31,2199.6,2199.4,2199.6,11,1,5
9:19:32,2199.8,2199.4,2199.6,6,2,3
9:19:32,2199.6,2199.4,2199.6,5,6,4
9:19:33,2199.6,2199.4,2199.6,4,6,1
9:19:33,2199.6,2199.6,2199.8,2,4,10
9:19:34,2199.6,2199.4,2199.8,12,6,4
9:19:34,2199.4,2199.6,2199.8,3,1,4
9:19:35,2199.2,2199.2,2199.6,23,3,11
9:19:35,2199.8,2199.4,2199.8,15,2,23
9:19:36,2199.2,2199,2199.2,16,13,9
9:19:36,2199,2199,2199.2,22,4,3
9:19:37,2199.2,2199,2199.2,2,2,1
9:19:38,2199.2,2199,2199.4,2,5,4
9:19:38,2199.2,2199.2,2199.4,1,3,4
9:19:39,2199.4,2199.2,2199.4,3,1,3
9:19:39,2199.4,2199.2,2199.4,1,1,2
9:19:40,2199.2,2199,2199.2,2,7,41
9:19:40,2199,2198.8,2199,9,11,21
9:19:41,2199,2198.8,2199,1,11,21
9:19:41,2199,2198.8,2199,26,10,1
9:19:42,2198.8,2198.8,2199,3,7,1
9:19:42,2198.8,2198.8,2199,1,6,1
9:19:43,2199,2198.8,2199,3,4,10
9:19:43,2199,2199,2199.2,10,2,40
9:19:44,2199,2198.8,2199,2,4,5
9:19:44,2199,2198.8,2199,3,3,5
9:19:45,2198.6,2198.8,2199,11,2,5
9:19:46,2198.6,2198.6,2199,5,4,21
9:19:46,2198.6,2198.8,2199,2,2,71
9:19:47,2199,2198.2,2199,25,54,71
9:19:47,2198.2,2198.2,2198.8,3,61,27
9:19:48,2198.2,2198.2,2198.6,3,59,19
9:19:48,2198.6,2198.2,2198.6,6,60,16
9:19:49,2198.2,2198.2,2198.4,5,47,1
9:19:50,2198.4,2198.2,2198.4,12,45,13
9:19:50,2198.4,2198.2,2198.4,1,45,12
9:19:51,2198.2,2198.2,2198.4,7,38,16
9:19:51,2198.4,2198.2,2198.4,10,35,9
9:19:52,2198.2,2198.2,2198.4,3,34,8
9:19:52,2198.2,2198.2,2198.4,1,33,8
9:19:53,2198.2,2198.2,2198.4,22,18,3
9:19:53,2198.6,2198.4,2198.6,9,3,4
9:19:54,2198.4,2198.2,2198.6,3,17,8
9:19:54,2198.2,2198.2,2198.6,4,16,7
9:19:55,2198.6,2198.2,2198.6,1,17,20
9:19:55,2198.2,2198.2,2198.4,8,24,7
9:19:56,2198.4,2198.2,2198.4,4,24,6
9:19:56,2198.2,2198,2198.2,24,121,6
9:19:57,2198,2198,2198.2,4,116,8
9:19:57,2198.2,2198,2198.2,14,111,4
9:19:58,2198.2,2198.2,2198.4,10,5,3
9:19:58,2198.2,2198.2,2198.4,9,2,10
9:19:59,2198.2,2198.2,2198.4,5,7,12
9:19:59,2198.4,2198.2,2198.4,1,7,11
9:20:00,2198.2,2198.2,2198.4,4,4,11
9:20:00,2198.2,2198.2,2198.4,10,4,13
9:20:01,2198,2198,2198.2,7,113,2
9:20:01,2198,2198,2198.2,26,90,14
9:20:02,2198.2,2198,2198.2,33,71,1
9:20:02,2198,2198,2198.4,47,42,19
9:20:03,2198,2197.8,2198,52,12,50
9:20:03,2197.6,2197.6,2197.8,13,36,68
9:20:04,2197.6,2197.6,2197.8,26,20,44
9:20:04,2197.6,2197.6,2197.8,15,6,40
9:20:05,2197.8,2197.6,2197.8,23,9,24
9:20:05,2197.8,2197.6,2197.8,12,21,8
9:20:06,2197.8,2197.8,2198,20,13,66
9:20:06,2197.8,2197.8,2198,6,27,64
9:20:07,2198,2197.8,2198,14,18,62
9:20:07,2198,2197.8,2198,9,20,53
9:20:08,2198,2197.8,2198,6,5,101
9:20:08,2197.8,2197.6,2197.8,6,10,2
9:20:09,2197.4,2197.4,2197.6,27,22,25
9:20:09,2197.4,2197.4,2197.6,26,11,10
9:20:10,2197.2,2197.2,2197.4,28,30,6
9:20:10,2197.2,2197.2,2197.4,17,20,18
9:20:11,2197.2,2197.2,2197.4,21,12,13
9:20:11,2197,2197,2197.2,18,73,34
9:20:12,2197,2197,2197.2,25,75,29
9:20:12,2197,2197,2197.2,47,51,10
9:20:13,2197,2197,2197.2,36,12,10
9:20:13,2197.2,2197,2197.2,15,6,10
9:20:14,2197,2196.8,2197,22,25,16
9:20:14,2197,2197,2197.2,26,10,17
9:20:15,2197,2196.8,2197,39,27,11
9:20:15,2196.8,2196.8,2197,14,34,5
9:20:16,2197,2196.8,2197.2,10,30,3
9:20:16,2197.2,2197.2,2197.4,28,9,20
9:20:17,2197,2196.8,2197,30,26,36
9:20:17,2197,2196.6,2197,40,11,27
9:20:18,2197,2196.6,2196.8,23,13,23
9:20:18,2197.4,2196.4,2196.6,50,29,12
9:20:19,2196.4,2196.4,2196.6,27,22,4
9:20:19,2196,2195.6,2196.4,134,16,16
9:20:20,2196.2,2195.8,2196.2,57,18,35
9:20:20,2195.8,2195.4,2195.8,80,10,9
9:20:21,2195.6,2195.6,2195.8,39,10,22
9:20:21,2195.8,2195.8,2196,46,34,4
9:20:22,2196,2196,2196.4,60,48,46
9:20:22,2196.2,2196.2,2196.4,29,9,47
9:20:23,2196.4,2196.2,2196.4,63,12,14
9:20:23,2196.6,2196.4,2196.6,35,10,5
9:20:24,2196.2,2196,2196.2,26,61,2
9:20:24,2196.6,2196,2196.6,18,61,6
9:20:25,2196.4,2196.4,2196.6,36,4,22
9:20:25,2196.2,2196.2,2196.4,10,5,24
9:20:26,2196.4,2196,2196.4,13,40,19
9:20:26,2196.4,2196,2196.2,6,39,1
9:20:27,2196.2,2196,2196.4,8,39,16
9:20:27,2196,2196,2196.4,24,18,18
9:20:28,2196,2195.8,2196,20,25,18
9:20:28,2195.2,2195.2,2195.8,57,15,4
9:20:29,2195.2,2195.2,2195.6,9,14,6
9:20:29,2195,2195,2195.2,25,59,22
9:20:30,2195.2,2195,2195.2,67,27,9
9:20:30,2195.2,2195,2195.2,15,17,9
9:20:31,2195,2195,2195.2,34,26,19
9:20:31,2195.2,2195.2,2195.6,47,1,6
9:20:32,2195.4,2195.4,2195.6,54,6,9
9:20:32,2195.8,2195.6,2195.8,71,10,11
9:20:33,2195.6,2195.6,2195.8,22,4,21
9:20:33,2195.2,2195,2195.2,22,5,1
9:20:34,2195.2,2195,2195.2,23,5,10
9:20:34,2195,2195,2195.2,16,43,1
9:20:35,2195,2195,2195.2,26,20,1
9:20:35,2195.6,2195.2,2195.6,16,18,42
9:20:36,2195,2195,2195.4,30,26,6
9:20:36,2195.2,2195.2,2195.4,10,30,26
9:20:37,2195.2,2195.2,2195.4,19,29,20
9:20:37,2195.2,2195.2,2195.4,10,24,13
9:20:38,2195.2,2195.2,2195.4,5,26,12
9:20:38,2195.2,2195.2,2195.6,29,20,20
9:20:39,2195.6,2195.4,2195.6,12,2,15
9:20:39,2195.4,2195.4,2195.6,16,9,7
9:20:40,2195.8,2195.4,2195.8,10,9,26
9:20:40,2195.8,2195.6,2195.8,12,4,15
9:20:41,2196,2195.4,2196,26,8,106
9:20:41,2195.8,2195.4,2195.8,17,9,1
9:20:42,2195.4,2195.4,2195.8,16,23,23
9:20:42,2195.4,2195.4,2195.8,12,32,25
9:20:43,2195.4,2195.4,2195.8,10,15,26
9:20:43,2195.8,2195.4,2195.8,33,10,2
9:20:44,2195.4,2195.2,2195.4,15,30,4
9:20:44,2195.4,2195.2,2195.4,13,32,9
9:20:45,2195.2,2195.2,2195.4,11,33,3
9:20:45,2195.4,2195.2,2195.4,11,34,1
9:20:46,2195.4,2195.2,2195.6,5,35,24
9:20:46,2195.6,2195.4,2195.6,17,5,15
9:20:47,2195.4,2195.4,2195.6,12,2,8
9:20:47,2195.6,2195.4,2195.6,12,4,2
9:20:48,2195.4,2195.4,2195.6,15,1,2
9:20:48,2195.6,2195.4,2195.8,5,4,1
9:20:49,2195.8,2195.4,2195.8,6,10,7
9:20:49,2195.4,2195.6,2195.8,5,5,14
9:20:50,2195.8,2195.8,2196,48,19,135
9:20:50,2195.8,2195.8,2196,13,12,129
9:20:51,2196,2195.8,2196,25,10,118
9:20:51,2196,2195.8,2196,5,31,113
9:20:52,2195.8,2195.8,2196,7,31,108
9:20:52,2196,2195.8,2196,90,29,22
9:20:53,2196,2196,2196.4,43,20,8
9:20:53,2196.4,2196.2,2196.4,16,9,6
9:20:54,2196.4,2196.2,2196.4,5,5,32
9:20:54,2196,2195.8,2196,36,18,25
9:20:55,2196,2195.8,2196,24,6,15
9:20:55,2195.8,2195.8,2196,5,34,13
9:20:56,2195.8,2195.8,2196,7,30,10
9:20:56,2196,2195.8,2196,11,28,2
9:20:57,2196.2,2196,2196.2,3,14,9
9:20:57,2196,2196,2196.2,7,9,22
9:20:58,2196.2,2196,2196.2,18,35,29
9:20:58,2196,2196,2196.2,1,36,31
9:20:59,2196,2196,2196.2,2,45,33
9:20:59,2196,2196,2196.2,18,45,18
9:21:00,2196.2,2196,2196.2,3,56,16
9:21:00,2196.2,2196,2196.2,42,31,3
9:21:01,2196,2196,2196.4,30,13,37
9:21:01,2195.8,2195.8,2196.2,36,24,1
9:21:02,2196.4,2195.8,2196.4,31,9,28
9:21:02,2196.2,2196,2196.2,32,1,23
9:21:03,2196,2195.8,2196.2,16,9,11
9:21:03,2195.8,2195.8,2196.2,13,8,20
9:21:04,2196.2,2196,2196.2,11,1,7
9:21:04,2195.8,2195.8,2196.2,7,23,1
9:21:05,2196.2,2196,2196.2,10,11,3
9:21:05,2196,2196,2196.2,10,108,4
9:21:06,2196.4,2196.2,2196.4,31,54,53
9:21:06,2196.2,2196.2,2196.4,39,66,21
9:21:07,2196.4,2196.4,2196.6,25,32,21
9:21:07,2196.6,2196.4,2196.6,19,35,11
9:21:08,2196.6,2196.4,2196.6,9,34,6
9:21:08,2196.8,2196.6,2196.8,20,5,22
9:21:09,2196.6,2196.6,2196.8,9,5,16
9:21:09,2196.8,2196.6,2196.8,6,2,49
9:21:10,2196.6,2196.4,2196.8,4,84,50
9:21:10,2196.6,2196.4,2196.6,20,75,12
9:21:11,2196.6,2196.4,2196.6,6,79,9
9:21:11,2196.6,2196.4,2196.6,3,79,10
9:21:12,2196.6,2196.6,2196.8,27,8,40
9:21:12,2196.8,2196.6,2196.8,2,12,40
9:21:13,2196.6,2196.4,2196.8,32,63,39
9:21:13,2196.6,2196.4,2196.6,5,62,1
9:21:14,2196.8,2196.6,2196.8,12,11,26
9:21:14,2196.6,2196.6,2196.8,15,49,29
9:21:15,2196.6,2196.6,2196.8,4,47,30
9:21:15,2196.8,2196.8,2197,33,5,74
9:21:16,2197,2196.8,2197,11,3,68
9:21:16,2197,2196.8,2197,9,3,59
9:21:17,2196.8,2196.8,2197,8,12,56
9:21:17,2196.8,2196.8,2197,34,3,34
9:21:18,2197,2196.8,2197,9,3,28
9:21:18,2196.8,2196.6,2197,15,44,23
9:21:19,2196.8,2196.8,2197,3,11,27
9:21:20,2196.6,2196.6,2196.8,12,46,1
9:21:20,2196.8,2196.6,2197,1,46,27
9:21:21,2196.8,2196.6,2197,25,29,32
9:21:21,2196.8,2196.6,2196.8,1,30,6
9:21:22,2196.8,2196.6,2196.8,6,31,1
9:21:22,2196.8,2196.6,2196.8,2,31,10
9:21:23,2196.8,2196.6,2196.8,2,31,9
9:21:24,2196.8,2196.6,2196.8,33,4,26
9:21:24,2196.6,2196.4,2196.6,35,26,23
9:21:25,2196.6,2196.4,2196.6,15,19,1
9:21:25,2196.6,2196.4,2196.6,9,14,25
9:21:26,2196.4,2196.2,2196.4,19,13,13
9:21:26,2196.2,2196.2,2196.4,4,10,13
9:21:27,2196.2,2196.2,2196.4,3,9,12
9:21:27,2196.2,2196,2196.2,15,114,23
9:21:28,2196.2,2196,2196.2,5,114,22
9:21:28,2196,2196,2196.2,3,112,21
9:21:29,2196.2,2196.2,2196.4,29,2,21
9:21:29,2196,2196,2196.2,5,111,7
9:21:30,2196,2196,2196.2,5,107,8
9:21:30,2196.2,2196,2196.2,102,7,10
9:21:31,2196,2195.8,2196,12,7,20
9:21:31,2195.8,2195.6,2195.8,11,28,1
9:21:32,2195.6,2195.6,2195.8,10,19,3
9:21:32,2195.6,2195.6,2195.8,13,33,1
9:21:33,2195.6,2195.6,2196,16,29,14
9:21:33,2195.6,2195.8,2196,13,2,17
9:21:34,2195.8,2195.2,2196,85,40,18
9:21:34,2196,2195.4,2195.6,19,21,2
9:21:35,2195.4,2195.4,2195.6,9,17,12
9:21:35,2195.6,2195.4,2195.6,4,17,15
9:21:36,2195.4,2195.4,2195.6,12,9,6
9:21:36,2195.4,2195.4,2195.6,6,6,9
9:21:37,2195.4,2195.2,2195.4,26,92,3
9:21:37,2195.8,2195.4,2195.8,9,9,2
9:21:38,2195.4,2195.2,2196,42,80,11
9:21:38,2195.8,2195.8,2196,46,26,23
9:21:39,2195.8,2195.8,2196,19,15,11
9:21:39,2195.8,2195.8,2196,13,2,11
9:21:40,2195.6,2195.4,2195.8,7,42,2
9:21:40,2195.4,2195.4,2195.8,1,43,3
9:21:41,2195.4,2195.4,2195.8,3,46,1
9:21:41,2195.8,2195.8,2196,8,2,9
9:21:42,2196,2195.8,2196,17,3,18
9:21:42,2195.8,2195.6,2195.8,5,4,1
9:21:43,2195.6,2195.6,2195.8,3,24,28
9:21:43,2195.8,2195.6,2195.8,3,29,25
9:21:44,2195.6,2195.6,2195.8,4,38,25
9:21:44,2195.8,2195.6,2195.8,30,35,1
9:21:45,2195.6,2195.6,2195.8,15,35,2
9:21:45,2196,2195.8,2196,14,1,29
9:21:46,2196,2195.8,2196,9,3,27
9:21:46,2195.8,2195.8,2196,2,6,32
9:21:47,2195.8,2195.8,2196,13,24,23
9:21:48,2196,2195.8,2196,3,26,23
9:21:49,2196,2195.8,2196,11,35,15
9:21:49,2195.8,2195.8,2196,22,25,11
9:21:50,2195.8,2195.8,2196,19,15,4
9:21:50,2196,2196,2196.2,4,8,19
9:21:51,2195.8,2196,2196.2,9,15,19
9:21:52,2196,2196,2196.2,11,25,10
9:21:52,2196.2,2196,2196.2,2,26,9
9:21:53,2196,2196,2196.2,6,24,6
9:21:53,2196.2,2196,2196.2,5,34,1
9:21:54,2196,2196,2196.4,3,32,17
9:21:54,2196,2196.2,2196.4,4,1,17
9:21:55,2196,2196.2,2196.4,8,4,20
9:21:55,2196.4,2196.2,2196.4,1,6,19
9:21:56,2196.2,2196.2,2196.4,2,4,19
9:21:56,2196.4,2196.2,2196.4,1,5,18
9:21:57,2196.4,2196.2,2196.4,14,6,5
9:21:57,2196.4,2196.2,2196.4,4,11,20
9:21:58,2196.2,2196.2,2196.4,4,8,29
9:21:58,2196.2,2196.2,2196.4,2,5,29
9:21:59,2196.2,2196.2,2196.4,5,4,31
9:21:59,2196.4,2196.2,2196.4,7,1,30
9:22:00,2196.4,2196.2,2196.4,15,1,17
9:22:00,2196.2,2196.2,2196.4,1,1,17
9:22:01,2196.4,2196,2196.4,9,20,26
9:22:01,2196.4,2196,2196.4,11,21,15
9:22:02,2196.6,2196.4,2196.6,29,2,17
9:22:02,2196.4,2196.4,2196.6,13,18,6
9:22:03,2196.8,2196.6,2196.8,12,5,47
9:22:03,2196.8,2196.6,2196.8,11,5,39
9:22:04,2196.8,2196.6,2196.8,4,5,35
9:22:04,2196.6,2196.6,2196.8,13,5,27
9:22:05,2196.6,2196.6,2196.8,2,2,29
9:22:05,2196.8,2196.4,2196.8,8,22,27
9:22:06,2196.8,2196.4,2196.8,17,8,27
9:22:06,2196.8,2196.4,2196.6,14,1,2
9:22:07,2196.8,2196.4,2196.6,4,3,7
9:22:07,2196.6,2196.4,2196.6,2,3,6
9:22:08,2196.4,2196.2,2196.6,5,13,4
9:22:08,2196.6,2196.6,2196.8,4,1,22
9:22:09,2196.6,2196.6,2196.8,1,10,26
9:22:09,2196.6,2196.4,2196.6,18,1,4
9:22:10,2196.4,2196.4,2196.6,5,3,3
9:22:10,2196.6,2196.4,2196.6,1,4,4
9:22:11,2196.6,2196.4,2196.6,5,4,4
9:22:11,2196.6,2196.4,2196.8,10,6,24
9:22:12,2196.4,2196.2,2196.4,7,18,12
9:22:12,2196.4,2196.2,2196.4,5,18,7
9:22:13,2196.4,2196.2,2196.4,1,15,9
9:22:13,2196.4,2196.2,2196.4,3,15,8
9:22:14,2196.4,2196.2,2196.4,2,15,9
9:22:15,2196.4,2196.2,2196.4,8,19,7
9:22:16,2196.4,2196.2,2196.4,1,19,6
9:22:16,2196.2,2196.2,2196.4,1,18,6
9:22:17,2196.4,2196.2,2196.6,6,20,7
9:22:18,2196.6,2196.4,2196.6,4,2,8
9:22:19,2196.2,2196.2,2196.6,12,15,10
9:22:19,2196.2,2196.2,2196.6,7,11,11
9:22:20,2196.2,2196.2,2196.6,2,10,12
9:22:21,2196.6,2196.2,2196.6,1,11,13
9:22:21,2196.2,2196,2196.2,13,31,9
9:22:22,2196.2,2196,2196.2,8,31,2
9:22:22,2196.2,2196,2196.2,1,29,1
9:22:23,2196,2196,2196.2,1,28,1
9:22:23,2196,2196,2196.2,5,23,6
9:22:24,2196,2196,2196.2,3,22,7
9:22:24,2196,2196,2196.2,4,18,12
9:22:25,2196,2195.8,2196.2,21,8,9
9:22:25,2195.8,2195.8,2196,2,6,14
9:22:26,2195.8,2195.6,2196,8,62,17
9:22:27,2195.6,2195.6,2195.8,3,59,1
9:22:27,2196,2195.6,2196,24,37,14
9:22:28,2195.6,2195.6,2196,3,35,14
9:22:28,2195.6,2195.8,2196,1,1,12
9:22:29,2195.6,2195.6,2195.8,2,32,1
9:22:29,2195.8,2195.6,2195.8,1,32,1
9:22:30,2195.6,2195.6,2195.8,11,21,8
9:22:30,2195.8,2195.6,2195.8,7,16,23
9:22:31,2195.8,2195.6,2195.8,9,10,26
9:22:31,2195.6,2195.4,2195.6,22,24,11
9:22:32,2195.6,2195.4,2195.6,5,23,15
9:22:32,2195.6,2195.4,2195.6,19,5,49
9:22:33,2195.6,2195.2,2195.4,14,109,1
9:22:33,2195.4,2195.4,2195.6,29,4,43
9:22:34,2195.4,2195.2,2195.6,11,84,40
9:22:34,2195.6,2195.2,2195.6,24,65,33
9:22:35,2195.2,2195.4,2195.6,23,18,33
9:22:35,2195.4,2195.4,2195.6,22,2,28
9:22:36,2195.4,2195.4,2195.6,11,12,27
9:22:36,2195.4,2195.4,2195.6,7,14,22
9:22:37,2195.4,2195.4,2195.6,10,10,22
9:22:37,2195.4,2195.4,2195.6,1,11,23
9:22:38,2195.6,2195.4,2195.6,5,9,24
9:22:39,2195.4,2195.4,2195.6,7,6,20
9:22:39,2195.4,2195.2,2195.4,7,99,3
9:22:40,2195.6,2195.2,2195.6,17,96,16
9:22:40,2195.6,2195.4,2195.6,12,9,7
9:22:41,2195.6,2195.4,2195.6,1,31,6
9:22:41,2195.6,2195.4,2195.6,7,62,5
9:22:42,2195.8,2195.6,2195.8,8,8,15
9:22:42,2195.6,2195.6,2195.8,17,25,9
9:22:43,2195.6,2195.6,2195.8,2,39,7
9:22:43,2195.6,2195.6,2195.8,4,40,6
9:22:44,2195.8,2195.6,2195.8,2,34,4
9:22:44,2195.8,2195.8,2196,11,29,67
9:22:45,2196,2195.8,2196,22,27,49
9:22:46,2195.8,2195.8,2196,3,25,49
9:22:46,2196,2195.8,2196,13,24,38
9:22:47,2196,2195.8,2196,2,24,37
9:22:47,2196,2195.8,2196,1,24,38
9:22:48,2196,2195.8,2196,2,23,37
9:22:48,2196,2195.8,2196,4,24,35
9:22:49,2196,2195.8,2196,11,24,25
9:22:49,2196,2195.8,2196,1,24,24
9:22:50,2195.8,2195.8,2196,4,18,22
9:22:50,2195.8,2195.8,2196,6,16,20
9:22:51,2195.8,2195.8,2196,3,15,18
9:22:51,2196,2195.8,2196,4,13,16
9:22:52,2195.8,2195.8,2196,3,12,15
9:22:53,2195.8,2195.6,2196,12,35,65
9:22:53,2196,2195.6,2195.8,1,37,1
9:22:54,2195.8,2195.6,2195.8,1,44,2
9:22:54,2195.8,2195.6,2195.8,1,44,6
9:22:55,2195.6,2195.6,2195.8,1,44,6
9:22:55,2195.8,2195.8,2196,7,7,66
9:22:56,2195.8,2195.8,2196,1,8,68
9:22:56,2196,2195.8,2196,2,8,67
9:22:57,2195.8,2195.8,2196,1,10,68
9:22:58,2195.8,2195.6,2196,10,44,70
9:22:59,2196,2195.6,2196,1,61,72
9:23:00,2196,2195.6,2196,2,59,71
9:23:01,2196,2195.6,2196,11,66,65
9:23:01,2196,2195.6,2196,2,66,66
9:23:02,2196,2195.8,2196,21,1,52
9:23:02,2195.8,2195.8,2196,2,1,52
9:23:03,2195.6,2195.8,2196,3,3,51
9:23:03,2196,2195.8,2196,1,3,50
9:23:04,2195.8,2195.8,2196,3,8,50
9:23:04,2195.8,2195.8,2196,2,7,50
9:23:05,2195.8,2195.8,2196,1,12,52
9:23:05,2195.8,2195.8,2196,1,21,52
9:23:06,2196.2,2196.2,2196.4,68,6,9
9:23:06,2196.4,2196.4,2196.6,15,14,24
9:23:07,2196.6,2196.2,2196.4,1,2,2
9:23:07,2196.2,2196,2196.4,11,12,11
9:23:08,2196.2,2196,2196.4,1,29,22
9:23:08,2196.4,2196,2196.4,5,34,21
9:23:09,2196.4,2196,2196.4,7,32,20
9:23:09,2196.4,2196,2196.4,10,34,18
9:23:10,2196.4,2196,2196.4,19,31,5
9:23:10,2196.4,2196.2,2196.4,2,16,3
9:23:11,2196.4,2196.2,2196.4,1,19,2
9:23:12,2196.4,2196.2,2196.4,6,17,1
9:23:12,2196.4,2196.4,2196.6,3,1,17
9:23:13,2196.6,2196.4,2196.6,5,26,14
9:23:14,2196.6,2196.4,2196.6,5,22,13
9:23:14,2196.6,2196.4,2196.6,7,24,6
9:23:15,2196.8,2196.6,2196.8,26,3,85
9:23:15,2196.6,2196.4,2196.6,19,18,4
9:23:16,2196.6,2196.6,2196.8,7,18,82
9:23:16,2196.8,2196.6,2196.8,3,19,81
9:23:17,2196.8,2196.6,2196.8,5,25,76
9:23:17,2196.8,2196.8,2197,76,3,137
9:23:18,2196.8,2196.6,2197,18,29,123
9:23:18,2197,2196.8,2197,6,4,121
9:23:19,2197,2196.8,2197,5,6,118
9:23:19,2196.8,2196.8,2197,16,4,105
9:23:20,2197,2196.6,2196.8,10,32,2
9:23:20,2197,2196.8,2197,4,3,99
9:23:21,2196.6,2196.6,2196.8,9,44,1
9:23:21,2197,2196.8,2197,5,1,91
9:23:22,2197,2196.8,2197,8,4,90
9:23:22,2196.8,2196.6,2196.8,10,40,2
9:23:23,2196.8,2196.8,2197,6,6,81
9:23:23,2197,2196.6,2196.8,10,69,3
9:23:24,2196.6,2196.6,2196.8,4,67,2
9:23:24,2196.8,2196.6,2196.8,4,66,1
9:23:25,2196.6,2196.6,2197,8,60,81
9:23:25,2197,2196.8,2197,2,9,79
9:23:26,2196.8,2196.8,2197,3,7,78
9:23:26,2197,2196.6,2196.8,11,59,1
9:23:27,2196.8,2196.8,2197,35,4,53
9:23:27,2196.8,2196.8,2197,3,5,52
9:23:28,2197,2196.8,2197,11,10,48
9:23:28,2197,2196.8,2197,21,11,28
9:23:29,2197,2196.8,2197,7,13,22
9:23:29,2197,2197,2197.2,37,6,14
9:23:30,2197,2197,2197.2,4,8,20
9:23:30,2197,2197,2197.2,9,3,17
9:23:31,2197.2,2197,2197.2,11,5,12
9:23:31,2197.2,2197,2197.2,10,5,2
9:23:32,2197.2,2197.2,2197.4,7,17,35
9:23:32,2197.4,2197.2,2197.4,4,25,31
9:23:33,2197.4,2197.2,2197.4,9,21,29
9:23:33,2197.2,2197,2197.2,27,7,84
9:23:34,2197.2,2196.8,2197,10,22,44
9:23:34,2197,2196.8,2197,21,15,8
9:23:35,2197,2196.8,2197,2,15,27
9:23:35,2196.8,2196.8,2197,26,16,6
9:23:36,2197,2196.8,2197,8,21,6
9:23:36,2197,2196.6,2197,33,48,22
9:23:37,2197,2196.6,2197,3,47,30
9:23:37,2196.8,2196.6,2196.8,13,35,1
9:23:38,2196.8,2196.6,2197,3,34,32
9:23:39,2196.6,2196.6,2196.8,7,31,3
9:23:39,2196.8,2196.6,2197,4,30,34
9:23:40,2196.6,2196.6,2197,4,28,33
9:23:40,2196.8,2196.6,2197,4,30,44
9:23:41,2197,2196.6,2197,3,29,41
9:23:41,2196.6,2196.6,2197,27,10,33
9:23:42,2197,2196.6,2197,1,10,32
9:23:42,2197,2196.6,2197,15,8,27
9:23:43,2196.6,2196.4,2196.6,9,21,12
9:23:43,2196.6,2196.4,2196.6,11,13,9
9:23:44,2196.6,2196.6,2196.8,9,5,9
9:23:44,2196.6,2196.6,2196.8,3,4,15
9:23:45,2196.6,2196.4,2196.8,6,13,25
9:23:45,2196.6,2196.4,2196.8,4,10,46
9:23:46,2196.6,2196.4,2196.6,7,12,1
9:23:47,2196.4,2196.4,2196.6,1,11,7
9:23:48,2196.6,2196.4,2196.6,7,6,5
9:23:48,2196.4,2196.4,2196.6,2,8,13
9:23:49,2196.2,2196.2,2196.4,9,10,1
9:23:49,2196.2,2196.2,2196.6,5,8,12
9:23:50,2196.6,2196.2,2196.6,1,8,19
9:23:50,2196.2,2196.4,2196.6,3,10,19
9:23:51,2196.6,2196.4,2196.6,10,3,16
9:23:51,2196.4,2196.2,2196.4,3,9,4
9:23:52,2196.2,2196.2,2196.4,1,9,1
9:23:52,2196.2,2196.2,2196.6,8,4,20
9:23:53,2196.2,2196.2,2196.4,3,2,1
9:23:53,2196.2,2196,2196.6,3,27,21
9:23:55,2196.2,2196.2,2196.4,2,26,5
9:23:55,2196.2,2196.2,2196.4,2,24,6
9:23:56,2196.4,2196.2,2196.4,4,25,1
9:23:56,2196.4,2196.4,2196.6,4,1,26
9:23:58,2196.2,2196.2,2196.4,4,23,17
9:23:58,2196.2,2196.2,2196.4,3,20,40
9:23:59,2196.4,2196.2,2196.4,28,16,16
9:23:59,2196.2,2196.2,2196.4,13,14,5
9:24:00,2196.2,2196.2,2196.4,10,5,15
9:24:01,2196.4,2196.2,2196.4,15,4,2
9:24:01,2196.2,2196,2196.2,6,42,12
9:24:02,2196.2,2196,2196.2,7,42,8
9:24:03,2196,2196,2196.2,7,38,18
9:24:03,2196,2195.8,2196,38,7,63
9:24:04,2195.6,2195.6,2195.8,20,37,21
9:24:04,2195.6,2195.6,2195.8,34,2,20
9:24:05,2195.4,2195.4,2195.6,9,10,21
9:24:05,2195.4,2195.4,2195.6,11,19,13
9:24:06,2195.4,2195.4,2195.6,6,23,13
9:24:06,2195.2,2195.2,2195.4,30,107,25
9:24:07,2195.2,2195.2,2195.4,26,100,7
9:24:07,2195.4,2195.4,2195.6,21,1,8
9:24:08,2195.2,2195.2,2195.4,56,54,2
9:24:08,2195.2,2195.2,2195.4,11,46,7
9:24:09,2195.2,2195.2,2195.4,30,28,5
9:24:09,2195.2,2195.2,2195.4,11,18,10
9:24:10,2195.2,2195,2195.2,34,148,27
9:24:10,2195.2,2195,2195.2,57,112,8
9:24:11,2195.2,2195,2195.2,23,95,6
9:24:11,2195.2,2195,2195.2,14,84,11
9:24:12,2195,2195,2195.2,30,57,14
9:24:12,2195.2,2195.2,2195.4,32,13,1
9:24:13,2195.4,2195.4,2195.6,8,4,10
9:24:13,2195.4,2195.4,2195.6,7,14,10
9:24:14,2195.4,2195.4,2195.6,10,41,11
9:24:14,2195.6,2195.4,2195.6,12,41,2
9:24:15,2195.6,2195.6,2195.8,3,4,12
9:24:15,2195.8,2195.6,2195.8,5,2,9
9:24:16,2195.8,2195.6,2195.8,1,2,8
9:24:16,2195.6,2195.6,2195.8,3,1,8
9:24:17,2195.6,2195.6,2195.8,1,1,8
9:24:18,2195.8,2195.4,2195.8,8,38,3
9:24:18,2195.4,2195.4,2196,5,37,68
9:24:19,2195.6,2195.8,2196,1,2,68
9:24:19,2195.6,2195.6,2196,3,18,68
9:24:20,2195.6,2195.8,2196,1,3,68
9:24:21,2195.8,2195.8,2196,2,4,69
9:24:22,2196,2195.8,2196,5,2,70
9:24:22,2195.8,2195.8,2196,1,1,70
9:24:24,2195.8,2195.8,2196,1,3,71
9:24:24,2195.8,2195.8,2196,2,2,71
9:24:25,2195.8,2195.8,2196,2,2,85
9:24:26,2196,2195.6,2195.8,3,22,1
9:24:26,2196,2195.6,2195.8,5,22,11
9:24:27,2195.6,2195.6,2195.8,2,21,10
9:24:28,2195.6,2195.4,2195.6,31,21,16
9:24:28,2195.6,2195.4,2195.6,4,21,12
9:24:29,2195.6,2195.4,2195.6,1,25,14
9:24:29,2195.4,2195.2,2195.4,27,59,3
9:24:30,2195.2,2195.2,2195.4,4,62,12
9:24:31,2195.2,2195.2,2195.4,32,62,6
9:24:31,2195.2,2195.2,2195.4,5,58,6
9:24:32,2195.4,2195.2,2195.4,5,59,6
9:24:32,2195.2,2195.2,2195.4,2,59,6
9:24:33,2195.4,2195.2,2195.6,4,60,5
9:24:33,2195.4,2195.4,2195.6,2,9,5
9:24:34,2195.4,2195.4,2195.6,5,18,4
9:24:34,2195.4,2195.4,2195.6,13,10,3
9:24:35,2195.4,2195.4,2195.6,14,1,4
9:24:35,2195.6,2195.6,2195.8,9,4,14
9:24:36,2195.6,2195.6,2195.8,7,17,14
9:24:36,2195.6,2195.6,2195.8,1,16,15
9:24:37,2195.8,2195.6,2195.8,2,15,14
9:24:38,2195.6,2195.6,2195.8,2,14,18
9:24:38,2195.8,2195.6,2195.8,6,10,17
9:24:39,2195.8,2195.6,2195.8,1,10,16
9:24:39,2195.8,2195.6,2195.8,1,11,15
9:24:40,2195.8,2195.6,2195.8,5,10,13
9:24:40,2195.6,2195.6,2195.8,1,9,13
9:24:41,2195.8,2195.6,2195.8,3,7,19
9:24:41,2195.8,2195.8,2196,22,21,166
9:24:42,2195.8,2195.8,2196,1,20,166
9:24:42,2195.8,2195.8,2196,10,12,166
9:24:43,2195.8,2195.8,2196,2,13,167
9:24:43,2196,2195.6,2196,66,6,117
9:24:44,2196,2195.8,2196,26,1,107
9:24:45,2195.8,2195.8,2196,2,2,108
9:24:46,2196,2195.8,2196,1,29,108
9:24:47,2196,2195.8,2196,104,30,10
9:24:47,2196.4,2196.2,2196.4,33,15,6
9:24:48,2196.4,2196.4,2196.6,9,2,34
9:24:48,2196.4,2196.2,2196.4,4,16,3
9:24:49,2196.4,2196.2,2196.4,12,15,3
9:24:49,2196.4,2196.2,2196.4,7,15,2
9:24:50,2196.4,2196.4,2196.6,4,5,21
9:24:50,2196.6,2196.4,2196.6,6,9,15
9:24:51,2196,2196,2196.8,107,9,34
9:24:52,2196.6,2196.4,2196.6,8,1,11
9:24:52,2196.6,2196.4,2196.6,10,26,1
9:24:53,2196.6,2196.6,2196.8,2,17,34
9:24:54,2196.8,2196.6,2196.8,9,17,28
9:24:55,2196.6,2196.6,2196.8,3,15,31
9:24:55,2196.8,2196.6,2196.8,2,15,29
9:24:56,2196.8,2196.6,2196.8,3,14,28
9:24:56,2196.8,2196.6,2196.8,14,14,15
9:24:57,2196.8,2196.6,2196.8,10,17,5
9:24:57,2196.8,2196.6,2197,7,17,30
9:24:58,2196.8,2196.8,2197,5,4,29
9:24:58,2196.8,2196.8,2197,24,2,10
9:24:59,2196.8,2196.8,2197,7,25,7
9:24:59,2197,2196.8,2197,2,28,6
9:25:00,2196.8,2196.8,2197,4,29,4
9:25:00,2196.8,2196.8,2197,4,52,8
9:25:01,2197,2196.8,2197,4,60,10
9:25:01,2197,2196.8,2197,16,52,14
9:25:02,2196.8,2196.8,2197,9,49,13
9:25:02,2197,2196.8,2197,6,48,8
9:25:03,2197,2196.8,2197,2,48,12
9:25:03,2197,2196.8,2197,2,49,26
9:25:04,2196.8,2196.8,2197,29,23,31
9:25:05,2196.8,2196.8,2197,24,4,30
9:25:05,2196.8,2196.6,2196.8,6,12,2
9:25:06,2196.6,2196.6,2196.8,4,10,9
9:25:06,2196.8,2196.6,2196.8,5,16,7
9:25:07,2196.8,2196.6,2196.8,5,14,6
9:25:07,2196.8,2196.6,2196.8,5,18,2
9:25:08,2197,2196.6,2197,11,24,31
9:25:08,2196.6,2196.8,2197,3,1,32
9:25:09,2196.6,2196.8,2197,3,2,32
9:25:09,2197,2196.8,2197,7,3,30
9:25:10,2196.8,2196.8,2197,1,34,34
9:25:10,2197,2196.8,2197,7,35,27
9:25:11,2197,2196.8,2197,18,33,11
9:25:11,2197,2197,2197.2,13,23,46
9:25:12,2197,2197,2197.2,8,16,45
9:25:12,2197,2197,2197.2,1,15,45
9:25:13,2197.2,2197,2197.2,5,9,41
9:25:13,2197,2197,2197.2,7,2,40
9:25:14,2197.2,2197,2197.2,6,1,35
9:25:14,2197.2,2197,2197.2,8,6,28
9:25:15,2197.2,2197,2197.2,8,6,20
9:25:15,2197.2,2197,2197.2,16,6,9
9:25:16,2197.2,2197,2197.2,1,11,10
9:25:16,2197,2196.8,2197,20,50,1
9:25:17,2196.8,2196.8,2197,5,46,2
9:25:17,2197,2196.8,2197,3,47,1
9:25:18,2196.8,2196.8,2197,13,38,10
9:25:19,2197,2196.8,2197,4,45,13
9:25:19,2197,2197,2197.2,15,36,14
9:25:20,2197,2197,2197.2,5,35,13
9:25:21,2197,2197,2197.2,12,23,12
9:25:21,2196.8,2196.8,2197.2,40,46,5
9:25:22,2196.8,2196.8,2197,10,36,5
9:25:22,2197,2196.8,2197,4,36,1
9:25:23,2196.8,2196.8,2197,5,32,10
9:25:23,2196.8,2196.8,2197,1,34,11
9:25:24,2197,2196.8,2197,2,34,9
9:25:24,2196.8,2196.8,2197,2,32,10
9:25:25,2196.8,2196.8,2197,3,31,9
9:25:26,2196.8,2196.8,2197,2,31,10
9:25:27,2197,2196.8,2197,4,39,17
9:25:27,2197,2196.8,2197,2,39,16
9:25:28,2197,2196.8,2197,10,35,10
9:25:28,2196.8,2196.8,2197,1,36,10
9:25:29,2197,2196.8,2197,2,36,9
9:25:29,2197,2196.8,2197,1,39,9
9:25:31,2197,2196.8,2197,6,36,11
9:25:32,2197,2196.8,2197,11,36,1
9:25:32,2197,2197,2197.2,3,3,28
9:25:33,2197,2196.8,2197,6,38,1
9:25:34,2197,2197,2197.2,3,1,32
9:25:34,2196.8,2196.8,2197.2,10,35,32
9:25:35,2197,2196.8,2197,1,35,4
9:25:36,2196.8,2196.8,2197,13,26,9
9:25:37,2197,2196.8,2197,1,26,21
9:25:37,2196.8,2196.6,2196.8,26,10,3
9:25:38,2196.8,2196.6,2196.8,3,10,5
9:25:38,2196.8,2196.6,2196.8,10,3,4
9:25:39,2196.6,2196.6,2196.8,3,2,9
9:25:39,2196.6,2196.4,2196.6,4,28,4
9:25:40,2196.6,2196.4,2196.6,3,29,2
9:25:41,2196.6,2196.4,2196.6,5,30,19
9:25:42,2196.6,2196.4,2196.6,4,31,17
9:25:42,2196.4,2196.4,2196.6,1,30,17
9:25:43,2196.6,2196.4,2196.6,3,25,15
9:25:43,2196.6,2196.4,2196.6,4,24,13
9:25:44,2196.6,2196.4,2196.6,13,21,4
9:25:44,2196.4,2196.4,2196.6,3,19,3
9:25:45,2196.6,2196.4,2196.6,1,19,6
9:25:46,2196.4,2196.4,2196.6,7,12,6
9:25:46,2196.4,2196.2,2196.4,14,14,2
9:25:47,2196.4,2196.2,2196.4,1,17,8
9:25:47,2196.2,2196.2,2196.4,9,17,5
9:25:48,2196.2,2196.2,2196.4,1,24,5
9:25:48,2196.2,2196.2,2196.4,2,23,5
9:25:49,2196.4,2196.2,2196.6,7,25,10
9:25:49,2196.4,2196.2,2196.6,1,26,11
9:25:50,2196.2,2196.2,2196.4,8,19,1
9:25:50,2196.2,2196.2,2196.4,9,10,2
9:25:51,2196.2,2196.2,2196.4,7,5,1
9:25:51,2196.4,2196.4,2196.6,1,4,14
9:25:52,2196.2,2196.2,2196.4,7,3,12
9:25:52,2196,2196,2196.2,7,25,7
9:25:53,2196,2196,2196.2,8,23,1
9:25:53,2196,2196,2196.2,8,21,1
9:25:54,2196,2196,2196.2,3,18,2
9:25:54,2196,2196,2196.2,3,15,4
9:25:55,2196.2,2196,2196.2,4,16,1
9:25:55,2196,2196,2196.4,19,3,7
9:25:56,2196.2,2195.8,2196.2,5,20,1
9:25:56,2196,2196,2196.2,2,1,2
9:25:57,2196,2195.8,2196,1,21,1
9:25:57,2196,2196,2196.2,1,4,1
9:25:58,2196.2,2196.2,2196.4,1,5,8
9:25:58,2195.6,2195.6,2196.4,35,6,7
9:25:59,2196.2,2195.8,2196.2,8,10,15
9:25:59,2196,2196,2196.2,11,2,1
9:26:00,2195.8,2195.8,2196,9,8,1
9:26:00,2196,2196,2196.2,10,1,5
9:26:01,2195.8,2195.8,2196,3,6,4
9:26:02,2196.2,2196.2,2196.4,28,25,1
9:26:02,2196.4,2196.2,2196.6,3,24,14
9:26:03,2196.4,2196.2,2196.6,3,24,9
9:26:03,2196.4,2196.2,2196.4,10,18,6
9:26:04,2196.2,2196.2,2196.4,1,17,8
9:26:05,2196.2,2196.2,2196.4,1,16,8
9:26:06,2196.4,2196.4,2196.6,8,2,7
9:26:06,2196.4,2196.2,2196.6,3,16,7
9:26:07,2196.6,2196.2,2196.6,2,17,6
9:26:08,2196.6,2196.2,2196.6,4,16,9
9:26:08,2196.6,2196.2,2196.4,3,16,6
9:26:09,2196.2,2196.2,2196.4,2,14,6
9:26:09,2196.4,2196.2,2196.4,7,11,2
9:26:10,2196.4,2196.2,2196.6,2,11,8
9:26:11,2196.4,2196.2,2196.4,1,13,9
9:26:12,2196.4,2196.2,2196.4,2,13,7
9:26:12,2196.4,2196.2,2196.4,12,9,3
9:26:13,2196.2,2196.2,2196.4,1,10,3
9:26:13,2196.4,2196.2,2196.4,1,10,11
9:26:14,2196.4,2196.2,2196.4,11,10,1
9:26:14,2196.2,2196.2,2196.4,1,9,1
9:26:15,2196.4,2196.2,2196.6,3,8,15
9:26:15,2196.6,2196.4,2196.6,2,2,14
9:26:16,2196.4,2196.2,2196.4,5,9,5
9:26:16,2196.4,2196.2,2196.4,1,15,4
9:26:17,2196.2,2196.2,2196.4,1,16,4
9:26:18,2196.4,2196.4,2196.6,11,1,13
9:26:18,2196.4,2196.4,2196.6,1,4,13
9:26:19,2196.4,2196.4,2196.6,1,11,13
9:26:22,2196.6,2196.4,2196.6,10,15,6
9:26:23,2196.8,2196.6,2196.8,8,23,14
9:26:23,2196.8,2196.6,2196.8,11,22,13
9:26:24,2196.8,2196.6,2196.8,10,29,3
9:26:24,2196.8,2196.8,2197,3,24,38
9:26:25,2197,2196.8,2197,1,24,37
9:26:25,2197,2196.8,2197,1,24,49
9:26:26,2197,2196.8,2197,5,25,43
9:26:26,2197,2196.8,2197,28,12,15
9:26:27,2196.8,2196.8,2197,6,7,14
9:26:27,2197,2196.8,2197,25,7,15
9:26:28,2197,2196.8,2197,2,7,15
9:26:28,2197,2197,2197.2,18,3,36
9:26:29,2197,2196.8,2197,3,5,2
9:26:29,2197,2196.8,2197,3,25,1
9:26:30,2197,2197,2197.2,2,2,36
9:26:30,2197.2,2197,2197.2,22,2,15
9:26:31,2197.2,2197,2197.2,5,6,13
9:26:31,2197.2,2197,2197.4,16,9,35
9:26:32,2197.2,2197.2,2197.4,2,15,35
9:26:32,2197.4,2197.2,2197.4,3,17,33
9:26:33,2197.4,2197.2,2197.4,30,20,3
9:26:33,2197.4,2197.2,2197.4,5,33,1
9:26:34,2197.4,2197.4,2197.6,8,9,27
9:26:34,2197.6,2197.4,2197.6,10,8,21
9:26:35,2197.6,2197.4,2197.6,8,9,19
9:26:35,2197.8,2197.4,2197.8,39,9,15
9:26:36,2197.8,2197.6,2197.8,19,3,1
9:26:37,2197.8,2197.8,2198,3,16,73
9:26:37,2198,2197.6,2198,29,2,69
9:26:38,2198,2197.6,2197.8,44,9,9
9:26:38,2197.6,2197.6,2197.8,49,1,2
9:26:39,2198,2197.8,2198,16,1,10
9:26:39,2197.8,2198,2198.2,23,3,15
9:26:40,2198,2198,2198.2,14,3,10
9:26:40,2197.8,2197.8,2198,35,2,2
9:26:41,2198.8,2198.2,2198.8,27,1,15
9:26:41,2198.2,2198.2,2198.4,44,23,1
9:26:42,2198.4,2198.4,2198.6,46,14,12
9:26:42,2198.6,2198,2198.2,28,9,1
9:26:43,2198.4,2198.4,2198.6,36,6,1
9:26:43,2198.2,2198.2,2198.6,27,20,2
9:26:44,2198.6,2198.2,2198.6,25,17,5
9:26:44,2198.6,2198.4,2198.8,14,9,3
9:26:45,2198.8,2198.6,2198.8,14,6,4
9:26:45,2198.8,2198.8,2199,16,2,28
9:26:46,2198.8,2198.8,2199,14,15,21
9:26:46,2199,2198.8,2199,10,16,75
9:26:47,2198.8,2198.8,2199,25,21,59
9:26:47,2198.8,2198.6,2198.8,49,7,20
9:26:48,2198.8,2198.6,2198.8,12,3,23
9:26:48,2198.8,2198.6,2198.8,14,16,17
9:26:49,2198.6,2198.6,2198.8,30,13,1
9:26:49,2198.6,2198.6,2198.8,9,16,8
9:26:50,2198.6,2198.6,2198.8,3,14,8
9:26:50,2198.8,2198.6,2198.8,4,15,31
9:26:51,2198.8,2198.6,2198.8,11,7,31
9:26:51,2198.6,2198.6,2198.8,6,5,31
9:26:52,2198.6,2198.4,2198.6,8,12,3
9:26:52,2198.6,2198.6,2198.8,11,16,39
9:26:53,2198.6,2198.6,2198.8,4,18,40
9:26:53,2198.6,2198.6,2198.8,2,17,35
9:26:54,2198.6,2198.6,2198.8,8,15,32
9:26:54,2198.8,2198.6,2198.8,2,14,33
9:26:55,2198.8,2198.6,2198.8,10,12,29
9:26:55,2198.6,2198.6,2198.8,9,5,29
9:26:56,2198.4,2198.4,2198.6,14,10,3
9:26:56,2198.6,2198.4,2198.8,14,10,19
9:26:57,2198.4,2198.4,2198.8,8,9,31
9:26:57,2198.8,2198.4,2198.6,17,5,1
9:26:58,2198.4,2198.4,2198.6,5,3,7
9:26:58,2198.4,2198.2,2198.6,13,39,10
9:26:59,2198.6,2198.4,2198.6,8,6,20
9:26:59,2198.6,2198.4,2198.6,4,13,20
9:27:00,2198.6,2198.4,2198.6,2,13,20
9:27:00,2198.6,2198.4,2198.6,4,17,2
9:27:01,2198.6,2198.6,2198.8,9,24,32
9:27:01,2198.6,2198.6,2198.8,17,29,28
9:27:02,2198.8,2198.6,2198.8,35,6,25
9:27:02,2198.6,2198.4,2198.8,21,10,24
9:27:03,2198.6,2198.4,2198.6,7,12,8
9:27:03,2198.4,2198.2,2198.4,17,34,3
9:27:04,2198.2,2198.2,2198.6,9,37,11
9:27:05,2198.4,2198.4,2198.6,4,3,17
9:27:05,2198.6,2198.4,2198.6,14,2,14
9:27:06,2198.4,2198.4,2198.6,11,3,15
9:27:06,2198.6,2198.4,2198.6,5,3,13
9:27:07,2198.4,2198.2,2198.4,6,26,15
9:27:07,2198.2,2198.2,2198.4,6,21,14
9:27:08,2198.4,2198.2,2198.4,10,17,15
9:27:08,2198.2,2198,2198.2,17,59,39
9:27:09,2198.2,2198,2198.2,13,53,32
9:27:09,2198,2198,2198.2,9,51,34
9:27:10,2198,2198,2198.2,12,43,35
9:27:10,2198,2198,2198.2,4,39,35
9:27:11,2198,2198,2198.2,18,25,32
9:27:11,2198.2,2198,2198.2,9,23,25
9:27:12,2198,2198,2198.2,4,22,26
9:27:12,2198.2,2198,2198.2,8,20,21
9:27:13,2198,2198,2198.2,5,19,23
9:27:13,2198,2198,2198.2,8,12,20
9:27:14,2198,2198,2198.2,11,2,21
9:27:14,2198.2,2198,2198.2,7,2,19
9:27:15,2198.2,2198,2198.2,3,5,18
9:27:15,2198,2197.8,2198,5,29,1
9:27:16,2197.8,2197.8,2198.2,12,34,16
9:27:16,2197.8,2197.8,2198.2,34,19,18
9:27:17,2198,2197.8,2198.2,2,20,18
9:27:17,2197.8,2197.8,2198.2,2,19,22
9:27:18,2198.2,2197.8,2198.4,23,24,16
9:27:18,2198,2197.8,2198.4,2,25,16
9:27:19,2197.8,2198,2198.2,5,9,1
9:27:19,2198,2198,2198.2,2,34,5
9:27:20,2198.2,2198.2,2198.4,21,17,5
9:27:20,2198.2,2198.2,2198.4,17,4,5
9:27:21,2198.2,2198.2,2198.4,1,8,5
9:27:21,2198.2,2198.2,2198.4,4,5,6
9:27:22,2198.2,2198,2198.4,11,46,3
9:27:22,2198.4,2198,2198.4,17,36,2
9:27:23,2198.4,2198.2,2198.4,5,5,9
9:27:23,2198.4,2198.2,2198.4,4,4,7
9:27:24,2198.2,2198.2,2198.4,6,3,20
9:27:24,2198.4,2198.2,2198.4,3,13,17
9:27:25,2198.4,2198.2,2198.4,1,19,17
9:27:25,2198.4,2198.2,2198.4,4,16,21
9:27:26,2198.2,2198.2,2198.4,10,14,12
9:27:26,2198.4,2198.2,2198.4,1,14,12
9:27:27,2198.4,2198.2,2198.4,4,13,11
9:27:28,2198.2,2198.2,2198.4,2,12,10
9:27:28,2198.4,2198.4,2198.6,13,6,26
9:27:29,2198.4,2198.4,2198.6,6,1,25
9:27:29,2198.4,2198.4,2198.6,18,1,25
9:27:30,2198.6,2198.2,2198.4,3,7,1
9:27:30,2198.4,2198.2,2198.4,3,6,3
9:27:31,2198.4,2198.4,2198.6,6,2,26
9:27:31,2198.4,2198.2,2198.4,5,6,2
9:27:32,2198.6,2198.4,2198.6,9,16,24
9:27:32,2198.6,2198.4,2198.6,18,17,11
9:27:33,2198.8,2198.6,2198.8,16,9,85
9:27:33,2198.8,2198.6,2198.8,24,8,64
9:27:34,2198.6,2198.6,2198.8,4,8,63
9:27:34,2198.8,2198.6,2198.8,55,9,12
9:27:35,2198.8,2198.6,2198.8,16,1,11
9:27:35,2198.8,2198.8,2199,14,6,82
9:27:36,2199,2198.8,2199,9,6,76
9:27:36,2198.8,2198.8,2199,15,6,63
9:27:37,2199,2198.8,2199,8,3,62
9:27:37,2199,2198,2199,74,10,59
9:27:38,2198.8,2198.2,2198.8,16,6,33
9:27:38,2198.6,2198.2,2198.6,9,15,10
9:27:39,2198.6,2198.2,2198.4,5,18,10
9:27:39,2198.2,2198.2,2198.4,20,3,4
9:27:40,2198.4,2198.2,2198.4,2,5,10
9:27:40,2198.4,2198.2,2198.4,7,7,3
9:27:41,2198.2,2198.2,2198.4,6,2,2
9:27:41,2198,2198.2,2198.4,6,1,1
9:27:42,2198.2,2198,2198.4,4,6,1
9:27:42,2198,2198.4,2198.6,9,1,17
9:27:43,2198.4,2198.4,2198.6,5,3,19
9:27:43,2198.4,2198.4,2198.6,4,1,19
9:27:44,2198.4,2198.2,2198.6,1,1,19
9:27:44,2198.4,2198,2198.4,6,14,1
9:27:45,2198,2198,2198.2,8,7,1
9:27:45,2198.2,2198,2198.4,3,4,10
9:27:46,2198.4,2198,2198.4,8,4,11
9:27:46,2198.4,2198,2198.2,1,10,14
9:27:47,2198.4,2198,2198.2,3,13,12
9:27:47,2198.2,2198,2198.2,13,3,10
9:27:48,2198,2198,2198.2,9,9,10
9:27:48,2198.2,2198,2198.2,4,7,9
9:27:49,2198.2,2198,2198.2,11,3,4
9:27:49,2198,2198,2198.2,4,7,7
9:27:50,2198,2197.8,2198,13,26,6
9:27:50,2197.8,2197.8,2198,7,19,8
9:27:51,2198,2198,2198.2,8,13,21
9:27:51,2198,2197.8,2198,30,19,74
9:27:52,2197.6,2197.6,2198,95,11,27
9:27:52,2198,2197.6,2197.8,8,17,1
9:27:53,2197.8,2197.6,2197.8,4,16,1
9:27:53,2197.6,2197.6,2197.8,4,15,5
9:27:54,2197.6,2197.6,2197.8,3,19,3
9:27:54,2197.8,2197.6,2197.8,3,17,4
9:27:55,2197.8,2197.6,2197.8,1,20,2
9:27:55,2197.8,2197.8,2198,3,4,38
9:27:56,2198,2197.8,2198,7,14,33
9:27:56,2197.8,2197.8,2198,2,15,33
9:27:57,2198,2197.8,2198,7,19,27
9:27:57,2198,2197.8,2198,10,15,20
9:27:58,2198,2198,2198.2,21,2,27
9:27:58,2198.2,2198,2198.2,1,3,26
9:27:59,2198,2198,2198.2,2,4,45
9:28:00,2198,2198,2198.2,4,11,43
9:28:01,2198,2198,2198.2,1,10,29
9:28:01,2198,2198,2198.2,3,9,27
9:28:02,2198,2198,2198.2,2,8,28
9:28:02,2198.2,2198,2198.2,3,10,25
9:28:03,2198.2,2198,2198.2,4,31,23
9:28:04,2198.2,2198,2198.2,5,30,20
9:28:04,2198.2,2198,2198.2,9,30,12
9:28:05,2198.2,2198,2198.2,8,32,5
9:28:05,2198.2,2198.2,2198.4,12,1,36
9:28:06,2198.2,2198.2,2198.4,1,1,37
9:28:06,2198.2,2198,2198.2,4,35,1
9:28:07,2198.4,2198,2198.4,2,36,36
9:28:07,2198.4,2198,2198.4,5,35,33
9:28:08,2198,2198,2198.4,15,31,34
9:28:09,2198.4,2198.2,2198.4,5,1,29
9:28:09,2198.4,2198.2,2198.4,9,1,20
9:28:10,2198.4,2198.2,2198.4,9,19,16
9:28:10,2198.4,2198.2,2198.4,18,19,1
9:28:11,2198.4,2198.4,2198.6,1,1,15
9:28:11,2198.6,2198.4,2198.6,3,9,13
9:28:12,2198.4,2198.4,2198.6,5,6,14
9:28:12,2198.6,2198.4,2198.6,1,11,13
9:28:13,2198.6,2198.4,2198.6,3,12,10
9:28:13,2198.6,2198.4,2198.6,1,12,9
9:28:14,2198.6,2198.4,2198.6,5,12,4
9:28:14,2198.6,2198.4,2198.6,4,12,2
9:28:15,2198.6,2198.4,2198.6,1,12,1
9:28:15,2198.6,2198.4,2198.6,3,12,9
9:28:16,2198.6,2198.4,2198.6,4,14,5
9:28:16,2198.6,2198.4,2198.6,4,8,11
9:28:17,2198.4,2198.4,2198.6,5,4,12
9:28:17,2198.6,2198.2,2198.6,8,30,12
9:28:18,2198.2,2198.2,2198.6,2,29,14
9:28:19,2198.2,2198.2,2198.6,8,22,14
9:28:20,2198.6,2198.2,2198.6,11,23,12
9:28:21,2198.6,2198.2,2198.6,3,27,14
9:28:22,2198.6,2198.2,2198.6,2,27,11
9:28:22,2198.2,2198.2,2198.6,14,27,4
9:28:23,2198.6,2198.4,2198.6,1,1,5
9:28:24,2198.6,2198.4,2198.6,1,16,5
9:28:24,2198.6,2198.6,2198.8,5,7,51
9:28:25,2198.6,2198.6,2198.8,1,19,50
9:28:26,2198.6,2198.6,2198.8,11,10,50
9:28:26,2198.6,2198.6,2198.8,5,5,50
9:28:27,2198.6,2198.4,2198.8,5,18,50
9:28:27,2198.4,2198.4,2198.8,1,18,50
9:28:28,2198.4,2198.4,2198.8,6,17,49
9:28:29,2198.4,2198.4,2198.8,3,19,48
9:28:29,2198.6,2198.4,2198.6,2,20,1
9:28:30,2198.6,2198.4,2198.8,1,19,47
9:28:30,2198.6,2198.4,2198.8,12,8,47
9:28:31,2198.4,2198.4,2198.8,1,8,51
9:28:31,2198.6,2198.4,2198.6,2,7,14
9:28:32,2198.2,2198.4,2198.6,8,6,15
9:28:33,2198.4,2198.4,2198.6,1,12,17
9:28:34,2198.6,2198.4,2198.6,1,12,16
9:28:34,2198.6,2198.4,2198.6,4,17,12
9:28:35,2198.4,2198.4,2198.6,5,18,6
9:28:35,2198.4,2198.4,2198.6,1,20,3
9:28:36,2198.6,2198.6,2198.8,3,8,58
9:28:36,2198.8,2198.6,2198.8,3,10,57
9:28:37,2198.6,2198.6,2198.8,6,15,56
9:28:37,2198.8,2198.6,2198.8,11,28,44
9:28:38,2198.6,2198.6,2198.8,3,27,36
9:28:38,2198.8,2198.6,2198.8,29,30,8
9:28:39,2198.8,2198.8,2199,8,50,52
9:28:39,2199,2198.8,2199,27,56,26
9:28:40,2199,2198.8,2199,19,35,7
9:28:40,2199,2199,2199.2,11,23,81
9:28:41,2199,2199,2199.2,8,22,74
9:28:41,2199,2198.8,2199,38,34,2
9:28:42,2199,2198.8,2199,7,33,13
9:28:42,2198.8,2198.8,2199,7,27,28
9:28:43,2199,2198.8,2199,16,35,18
9:28:43,2198.8,2198.6,2198.8,39,19,7
9:28:44,2198.8,2198.6,2198.8,2,20,6
9:28:44,2199,2198.6,2198.8,7,20,3
9:28:45,2198.8,2198.6,2198.8,2,20,4
9:28:45,2198.6,2198.6,2198.8,9,12,6
9:28:46,2198.8,2198.8,2199,6,1,14
9:28:46,2198.8,2198.6,2198.8,1,9,2
9:28:47,2198.8,2198.6,2198.8,3,9,10
9:28:47,2198.8,2198.6,2198.8,2,14,8
9:28:48,2198.8,2198.6,2198.8,13,9,16
9:28:48,2198.8,2198.6,2198.8,2,9,14
9:28:49,2198.4,2198.4,2198.8,15,17,12
9:28:49,2198.8,2198.6,2198.8,2,2,13
9:28:50,2198.8,2198.6,2198.8,1,2,13
9:28:51,2198.8,2198.6,2198.8,2,3,12
9:28:51,2198.6,2198.4,2198.6,6,25,59
9:28:52,2198.6,2198.4,2198.6,4,25,58
9:28:52,2198.4,2198.4,2198.6,5,21,58
9:28:53,2198.4,2198.2,2198.4,33,47,19
9:28:53,2198.4,2198.2,2198.4,7,47,12
9:28:54,2198.4,2198.2,2198.4,2,46,10
9:28:54,2198.4,2198.2,2198.4,2,46,8
9:28:55,2198.2,2198.2,2198.4,29,21,15
9:28:55,2198.2,2198.2,2198.4,3,19,14
9:28:56,2198.2,2198.2,2198.4,2,18,23
9:28:56,2198.4,2198.4,2198.6,24,29,57
9:28:57,2198.4,2198.4,2198.6,12,17,57
9:28:57,2198.4,2198.4,2198.6,3,15,57
9:28:58,2198.2,2198.2,2198.4,18,15,3
9:28:58,2198.2,2198.2,2198.4,2,15,3
9:29:00,2198.2,2198.2,2198.4,3,42,3
9:29:00,2198.2,2198.2,2198.4,3,40,3
9:29:01,2198.2,2198.2,2198.4,1,14,3
9:29:02,2198.4,2198.2,2198.4,4,12,8
9:29:02,2198.4,2198.2,2198.4,9,12,3
9:29:03,2198.2,2198.2,2198.4,4,8,10
9:29:03,2198.4,2198.2,2198.4,5,5,14
9:29:04,2198.4,2198.2,2198.4,4,2,14
9:29:04,2198,2198,2198.2,6,79,3
9:29:05,2198.4,2198.2,2198.4,15,31,12
9:29:05,2198.2,2198.2,2198.4,9,22,12
9:29:06,2198.4,2198.2,2198.4,10,20,9
9:29:06,2198.4,2198.2,2198.4,11,15,17
9:29:07,2198.2,2198.2,2198.4,3,14,18
9:29:08,2198.2,2198.2,2198.4,1,13,18
9:29:08,2198.2,2198.2,2198.4,1,13,18
9:29:09,2198.4,2198.2,2198.4,2,13,16
9:29:09,2198.2,2198.2,2198.4,1,12,16
9:29:10,2198.4,2198.2,2198.4,12,12,5
9:29:10,2198.4,2198.2,2198.4,3,11,4
9:29:11,2198.4,2198.2,2198.4,10,2,5
9:29:11,2198.4,2198.2,2198.4,2,7,4
9:29:12,2198.2,2198.2,2198.4,1,6,4
9:29:13,2198.2,2198,2198.2,10,81,3
9:29:13,2198.2,2198,2198.2,1,81,2
9:29:14,2198.2,2198,2198.2,1,83,1
9:29:14,2198.2,2198,2198.2,2,83,3
9:29:15,2198,2198,2198.2,1,83,5
9:29:15,2198.2,2198,2198.2,1,85,4
9:29:16,2198,2198,2198.2,4,82,2
9:29:16,2198.2,2198.2,2198.4,3,2,8
9:29:17,2198,2198,2198.4,8,80,8
9:29:17,2198.2,2198.2,2198.4,2,20,8
9:29:18,2198.4,2198.2,2198.4,2,20,6
9:29:18,2198.2,2198.2,2198.4,1,20,6
9:29:19,2198.2,2198.2,2198.4,2,18,11
9:29:20,2198.2,2198.2,2198.4,12,8,14
9:29:21,2198.4,2198.2,2198.4,1,11,14
9:29:21,2198.4,2198.2,2198.4,4,9,15
9:29:22,2198.2,2198.2,2198.4,3,8,15
9:29:22,2198.2,2198.2,2198.4,3,6,15
9:29:23,2198,2198.2,2198.4,20,3,16
9:29:23,2198.4,2198.2,2198.4,1,12,18
9:29:24,2198.2,2198.2,2198.4,1,11,18
9:29:24,2198.2,2198.2,2198.4,5,7,18
9:29:25,2198.2,2198.2,2198.4,3,6,19
9:29:26,2198.2,2198.2,2198.4,1,5,19
9:29:26,2198.4,2198.2,2198.4,10,5,9
9:29:27,2198.2,2198.2,2198.4,1,8,9
9:29:30,2198.4,2198.2,2198.4,16,9,2
9:29:30,2198.2,2198.2,2198.4,2,8,3
9:29:31,2198.2,2198.2,2198.4,1,7,3
9:29:32,2198.2,2198.2,2198.4,2,7,4
9:29:33,2198.2,2198.2,2198.4,3,6,3
9:29:34,2198.2,2198.2,2198.4,4,3,5
9:29:34,2198.2,2198.2,2198.4,1,5,26
9:29:35,2198.2,2198,2198.2,5,72,1
9:29:36,2198,2198,2198.2,10,65,20
9:29:37,2198,2198,2198.2,4,61,28
9:29:37,2198,2198,2198.2,57,7,26
9:29:38,2198,2197.8,2198,35,22,16
9:29:38,2198,2197.8,2198,8,25,14
9:29:39,2197.8,2197.8,2198,4,22,13
9:29:39,2198,2197.8,2198,9,17,11
9:29:40,2197.8,2197.8,2198,8,9,13
9:29:40,2197.8,2197.8,2198,4,13,14
9:29:41,2197.8,2197.8,2198,12,3,12
9:29:41,2197.8,2197.8,2198,4,8,11
9:29:42,2197.8,2197.8,2198,11,6,11
9:29:42,2197.8,2197.8,2198,3,5,11
9:29:43,2197.8,2197.8,2198,6,1,11
9:29:43,2197.6,2197.6,2197.8,5,42,3
9:29:44,2197.6,2197.6,2197.8,7,37,2
9:29:44,2197.6,2197.6,2197.8,23,20,2
9:29:45,2197.6,2197.4,2197.6,28,28,20
9:29:45,2197.4,2197.4,2197.6,18,22,20
9:29:46,2197.4,2197.4,2197.6,11,11,20
9:29:46,2197.6,2197.2,2197.4,14,34,3
9:29:47,2197.2,2197.2,2197.4,7,28,7
9:29:47,2197.2,2197.2,2197.4,5,25,10
9:29:48,2197.2,2197.2,2197.4,26,5,5
9:29:48,2197.2,2197,2197.4,7,31,18
9:29:49,2197.2,2197.2,2197.4,16,2,23
9:29:49,2197.2,2197.2,2197.4,24,2,3
9:29:50,2197.2,2197,2197.2,2,21,1
9:29:50,2197,2197,2197.2,9,18,2
9:29:51,2197,2197,2197.2,4,16,4
9:29:51,2197.2,2197,2197.2,15,8,1
9:29:52,2197.2,2197,2197.4,5,8,5
9:29:52,2197,2197,2197.2,6,3,1
9:29:53,2197,2197,2197.2,1,2,1
9:29:53,2197,2197,2197.2,2,4,2
9:29:54,2197,2197,2197.2,3,7,2
9:29:54,2197,2197,2197.2,5,4,8
9:29:55,2197.2,2197,2197.2,2,7,18
9:29:55,2197,2196.8,2197,11,11,1
9:29:56,2197,2196.8,2197,2,11,1
9:29:56,2197,2197,2197.2,1,2,24
9:29:57,2197.2,2196.8,2197.2,8,11,20
9:29:57,2197.2,2196.8,2197.2,3,10,20
9:29:58,2197,2197,2197.2,5,11,19
9:29:58,2197,2197,2197.2,3,8,19
9:29:59,2197,2197,2197.2,3,8,25
9:29:59,2197,2197,2197.2,7,7,20
9:30:00,2197.2,2197.2,2197.4,23,1,21
9:30:00,2197,2196.8,2197,25,16,2
9:30:01,2197,2197.2,2197.4,8,1,1
9:30:01,2197.6,2197,2197.2,17,53,1
9:30:02,2197.2,2197.2,2197.6,11,7,8
9:30:02,2197.2,2197.4,2197.6,11,9,9
9:30:03,2197.6,2197.4,2197.6,3,9,7
9:30:03,2197.6,2197.2,2197.4,60,3,1
9:30:04,2197.4,2197,2197.2,5,2,1
9:30:04,2197.2,2196.8,2197.2,5,18,6
9:30:05,2196.8,2197,2197.2,14,1,8
9:30:05,2197,2196.8,2197.2,7,13,7
9:30:06,2197.2,2196.8,2197.2,4,17,5
9:30:06,2196.8,2196.8,2197.2,2,13,5
9:30:07,2197.2,2196.8,2197.2,1,13,3
9:30:07,2197.2,2197.2,2197.4,5,37,11
9:30:08,2197.2,2197.2,2197.4,8,30,19
9:30:08,2197.4,2197.2,2197.4,2,29,19
9:30:09,2197.2,2197.2,2197.4,1,28,19
9:30:09,2196.6,2196.6,2197.4,73,18,8
9:30:10,2197.2,2196.8,2197.2,2,5,12
9:30:10,2197,2196.8,2197,6,6,17
9:30:11,2197,2196.6,2197,9,24,14
9:30:11,2196.6,2196.6,2196.8,5,20,1
9:30:12,2197,2196.6,2196.8,6,16,1
9:30:12,2196.6,2196.6,2196.8,4,14,5
9:30:13,2196.8,2196.6,2196.8,20,11,3
9:30:13,2196.6,2196.8,2197,9,11,13
9:30:14,2196.8,2196.8,2197,2,12,9
9:30:14,2196.8,2196.6,2196.8,21,9,6
9:30:15,2196.8,2196.6,2196.8,13,2,3
9:30:15,2196.6,2196.4,2196.6,8,18,18
9:30:16,2196.4,2196.4,2196.6,6,17,23
9:30:17,2196.2,2196.2,2196.4,20,49,15
9:30:17,2196.2,2196.2,2196.4,18,48,2
9:30:18,2196.2,2196.2,2196.4,19,30,1
9:30:18,2196.2,2196.2,2196.6,11,23,15
9:30:19,2196.2,2196.2,2196.6,13,16,11
9:30:19,2196.2,2196.2,2196.4,10,20,1
9:30:20,2196.6,2196.6,2196.8,17,33,4
9:30:20,2196.8,2196.6,2196.8,20,25,8
9:30:21,2196.6,2196.6,2196.8,18,18,4
9:30:21,2196.6,2196.6,2196.8,17,1,5
9:30:22,2196.8,2196.8,2197,5,3,3
9:30:22,2197,2196.8,2197,3,3,5
9:30:23,2197,2197,2197.2,5,15,15
9:30:23,2197.2,2197,2197.2,7,27,13
9:30:24,2197.2,2197,2197.2,2,28,11
9:30:24,2197,2197,2197.2,1,28,11
9:30:25,2197.2,2197,2197.2,6,28,8
9:30:25,2197.2,2197,2197.4,12,30,11
9:30:26,2197.2,2197.2,2197.4,12,1,11
9:30:27,2197.4,2197.2,2197.4,1,12,10
9:30:27,2197.2,2197.2,2197.4,1,11,10
9:30:28,2197.4,2197.2,2197.4,1,11,9
9:30:28,2197.4,2197.2,2197.4,1,16,8
9:30:29,2197.2,2197.2,2197.4,3,14,7
9:30:29,2197.4,2197.2,2197.4,4,15,5
9:30:30,2197.2,2197.2,2197.4,3,15,5
9:30:30,2197.4,2197.4,2197.6,5,5,29
9:30:31,2197.4,2197.4,2197.6,1,5,29
9:30:31,2197.4,2197.2,2197.4,9,22,4
9:30:32,2197.4,2197.2,2197.4,2,23,3
9:30:33,2197.4,2197.2,2197.4,2,23,7
9:30:33,2197.4,2197.2,2197.6,7,28,29
9:30:34,2197.6,2197.4,2197.6,5,12,24
9:30:34,2197.6,2197.4,2197.6,9,11,16
9:30:35,2197.6,2197.6,2197.8,18,1,5
9:30:35,2198,2197.8,2198,12,2,10
9:30:36,2197.8,2197.4,2197.8,20,7,1
9:30:36,2198.4,2197.6,2198.4,27,9,15
9:30:37,2198.4,2197.8,2198.2,1,25,2
9:30:37,2198.2,2198,2198.2,2,11,4
9:30:38,2198.4,2198,2198.4,20,2,10
9:30:38,2198.4,2197.6,2198,24,4,12
9:30:39,2198,2198.2,2198.4,15,1,7
9:30:39,2198,2198,2198.2,4,9,9
9:30:40,2198,2198,2198.2,1,10,9
9:30:40,2198,2198,2198.2,16,14,1
9:30:41,2198.2,2198.2,2198.4,1,1,7
9:30:41,2198.4,2198,2198.4,7,14,3
9:30:42,2198.4,2197.6,2198,21,5,44
9:30:42,2198.2,2197.6,2197.8,3,8,17
9:30:43,2197.8,2197.6,2197.8,19,5,17
9:30:43,2197.8,2197.6,2197.8,7,8,12
9:30:44,2198,2198,2198.2,68,3,7
9:30:44,2198,2197.8,2198,4,5,5
9:30:45,2197.8,2197.8,2198,3,3,7
9:30:45,2197.8,2197.8,2198,6,2,2
9:30:46,2198,2197.8,2198,2,2,1
9:30:46,2198,2197.8,2198,1,3,1
9:30:47,2197.8,2197.8,2198,1,2,3
9:30:48,2198,2197.6,2198,11,19,2
9:30:48,2198.2,2198.2,2198.4,10,46,7
9:30:49,2198.4,2198.4,2198.6,12,14,68
9:30:49,2198.4,2198.4,2198.6,4,13,65
9:30:50,2198.6,2198.4,2198.6,10,13,55
9:30:50,2198.4,2198.4,2198.6,20,7,41
9:30:51,2198.6,2198.6,2198.8,46,1,23
9:30:51,2198.8,2198.6,2198.8,1,5,22
9:30:52,2198.8,2198.6,2198.8,7,6,16
9:30:52,2198.6,2198.6,2198.8,14,6,4
9:30:53,2198.8,2198.8,2199,13,2,31
9:30:53,2198.8,2198.8,2199,4,2,30
9:30:54,2199,2198.6,2199,13,27,23
9:30:54,2198.8,2198.8,2199,12,16,22
9:30:55,2199,2198.8,2199,17,5,9
9:30:55,2199,2198.8,2199,13,2,1
9:30:56,2198.8,2198.6,2198.8,11,24,9
9:30:56,2199,2198.6,2199.2,11,25,91
9:30:57,2199,2198.6,2199,14,21,15
9:30:57,2199,2198.8,2199,5,4,34
9:30:58,2199,2198.8,2199,22,1,31
9:30:58,2198.8,2198.6,2198.8,3,13,14
9:30:59,2198.8,2198.6,2198.8,11,19,7
9:30:59,2199,2198.8,2199,14,3,28
9:31:00,2199,2198.8,2199,5,3,29
9:31:00,2199,2198.8,2199,18,12,23
9:31:01,2199,2199,2199.2,22,32,99
9:31:01,2199,2199,2199.2,24,17,94
9:31:02,2199.2,2199,2199.2,51,1,59
9:31:02,2199.2,2199,2199.2,25,13,48
9:31:03,2199.2,2199,2199.2,24,11,32
9:31:03,2199,2199,2199.2,8,22,27
9:31:04,2199,2199,2199.2,35,9,8
9:31:04,2199.4,2199.2,2199.4,13,1,42
9:31:05,2199.2,2199,2199.4,2,16,42
9:31:05,2199,2199,2199.2,28,1,1
9:31:06,2199.4,2199.2,2199.4,17,3,40
9:31:06,2199.2,2199.2,2199.4,4,4,38
9:31:07,2199,2199,2199.2,21,13,42
9:31:07,2199.2,2199,2199.2,3,14,44
9:31:08,2199.2,2199,2199.2,31,9,21
9:31:08,2199,2199,2199.2,4,9,19
9:31:09,2199.2,2198.8,2199.2,13,44,17
9:31:09,2199,2198.8,2199.2,14,38,18
9:31:10,2198.8,2198.8,2199,1,37,1
9:31:10,2199,2198.8,2199.2,10,37,14
9:31:11,2199.2,2199,2199.2,20,2,16
9:31:11,2199,2198.8,2199,7,18,9
9:31:12,2198.8,2198.8,2199,15,15,2
9:31:12,2199.2,2198.8,2199.2,3,15,18
9:31:13,2199,2199,2199.2,1,11,25
9:31:13,2199.2,2199,2199.2,8,9,22
9:31:14,2199,2199,2199.2,10,4,43
9:31:14,2199,2199,2199.2,8,8,54
9:31:15,2199,2198.8,2199,11,16,47
9:31:15,2199,2198.8,2199,11,16,50
9:31:16,2198.8,2198.6,2198.8,17,35,13
9:31:16,2198.8,2198.6,2198.8,1,35,19
9:31:17,2198.6,2198.6,2198.8,6,36,17
9:31:17,2198.6,2198.6,2198.8,8,30,18
9:31:18,2198.6,2198.6,2198.8,8,22,19
9:31:18,2198.6,2198.6,2198.8,19,5,12
9:31:19,2198.6,2198.6,2198.8,3,2,12
9:31:19,2198.6,2198.6,2198.8,1,1,12
9:31:20,2198.6,2198.4,2198.8,1,23,21
9:31:20,2198.4,2198.6,2198.8,7,1,25
9:31:21,2198.8,2198.8,2199,38,6,46
9:31:21,2198.8,2198.6,2198.8,6,7,7
9:31:22,2198.8,2198.6,2198.8,1,15,8
9:31:22,2198.6,2198.6,2198.8,5,19,8
9:31:23,2198.8,2198.6,2198.8,3,19,6
9:31:23,2198.8,2198.6,2198.8,6,16,4
9:31:24,2198.6,2198.4,2198.6,24,12,11
9:31:24,2198.6,2198.4,2198.6,7,11,5
9:31:25,2198.6,2198.6,2198.8,7,9,8
9:31:25,2198.8,2198.6,2198.8,1,12,7
9:31:26,2198.6,2198.6,2198.8,3,11,8
9:31:26,2198.8,2198.6,2198.8,10,2,8
9:31:27,2198.8,2198.8,2199,14,21,46
9:31:27,2198.8,2198.4,2198.8,34,18,9
9:31:28,2198.8,2198.6,2198.8,1,1,11
9:31:28,2198.8,2198.4,2198.8,4,18,9
9:31:29,2198.8,2198.6,2198.8,7,11,8
9:31:30,2198.8,2198.6,2198.8,5,12,5
9:31:31,2198.8,2198.8,2199,6,18,43
9:31:31,2198.8,2198.8,2199,11,12,39
9:31:32,2199,2198.8,2199,2,21,39
9:31:32,2199,2198.4,2199,61,16,24
9:31:33,2198.8,2198.8,2199,17,20,9
9:31:33,2199,2198.8,2199,2,20,7
9:31:34,2199,2198.8,2199,1,20,10
9:31:34,2199.2,2199,2199.2,35,3,71
9:31:35,2198.8,2198.8,2199,18,4,11
9:31:35,2198.8,2198.8,2199.2,27,2,58
9:31:36,2198.8,2198.8,2199,1,4,2
9:31:36,2199,2199,2199.2,7,3,58
9:31:37,2199,2198.8,2199,13,12,16
9:31:37,2199,2199,2199.2,20,34,52
9:31:38,2199.2,2199,2199.2,5,32,50
9:31:38,2199,2199,2199.2,34,15,37
9:31:39,2199.2,2199,2199.2,9,13,30
9:31:39,2199.2,2199,2199.2,18,9,16
9:31:40,2199.2,2199,2199.2,5,11,13
9:31:40,2199.2,2199,2199.2,7,11,9
9:31:41,2199.2,2199.2,2199.4,18,5,86
9:31:41,2199.4,2199.2,2199.4,1,9,86
9:31:42,2199.2,2199.2,2199.4,5,7,80
9:31:42,2199.2,2199.2,2199.4,5,12,77
9:31:43,2199.2,2199,2199.2,23,13,60
9:31:43,2199.2,2199,2199.2,35,14,27
9:31:44,2199.2,2199,2199.2,30,2,14
9:31:44,2198.8,2198.8,2199,8,12,15
9:31:45,2198.8,2198.6,2198.8,20,18,7
9:31:46,2198.8,2198.6,2198.8,2,18,15
9:31:46,2198.8,2198.6,2198.8,4,16,16
9:31:47,2198.8,2198.6,2198.8,3,17,13
9:31:47,2198.8,2198.6,2198.8,1,17,22
9:31:48,2198.8,2198.6,2198.8,8,14,17
9:31:48,2198.6,2198.6,2198.8,11,3,18
9:31:49,2198.6,2198.6,2198.8,4,4,17
9:31:49,2198.8,2198.4,2198.8,14,20,15
9:31:50,2198.4,2198.6,2198.8,11,1,18
9:31:51,2198.8,2198.4,2198.8,6,10,21
9:31:51,2198.4,2198.4,2198.8,2,8,21
9:31:52,2198.4,2198.4,2198.6,5,6,3
9:31:52,2198.4,2198.4,2198.6,1,5,6
9:31:53,2198.6,2198.4,2198.6,9,6,17
9:31:53,2198.6,2198.4,2198.6,2,6,16
9:31:54,2198.2,2198.2,2198.4,15,16,9
9:31:54,2198.2,2198.2,2198.4,4,15,7
9:31:55,2198.4,2198.2,2198.4,3,12,7
9:31:55,2198.2,2198,2198.2,14,44,29
9:31:56,2198.2,2198,2198.2,11,38,27
9:31:56,2198,2198,2198.2,22,22,24
9:31:57,2198.2,2197.8,2198.2,66,1,11
9:31:57,2198.2,2198,2198.2,12,4,4
9:31:58,2197.8,2198,2198.2,9,12,5
9:31:58,2198,2198.2,2198.4,30,2,14
9:31:59,2198,2198,2198.2,3,3,3
9:31:59,2198,2198,2198.2,10,2,3
9:32:00,2198,2197.8,2198,3,1,7
9:32:00,2197.8,2197.6,2197.8,1,16,1
9:32:01,2197.6,2197.6,2197.8,12,12,3
9:32:01,2197.6,2197.4,2197.6,14,7,10
9:32:02,2197.4,2197.4,2197.6,12,3,6
9:32:02,2197.2,2197.2,2197.4,13,30,7
9:32:03,2197.4,2197.2,2197.4,15,18,6
9:32:03,2197.4,2197.2,2197.4,8,14,6
9:32:04,2197.2,2197.2,2197.4,9,7,5
9:32:04,2197.4,2197.2,2197.4,3,5,9
9:32:05,2197.4,2197.2,2197.4,4,4,5
9:32:05,2197.2,2197.2,2197.4,4,1,7
9:32:06,2197.2,2197,2197.2,4,30,1
9:32:06,2197.4,2197.2,2197.4,10,10,1
9:32:07,2197.4,2197.2,2197.6,8,7,3
9:32:07,2197.6,2197.4,2197.6,5,4,5
9:32:08,2197.4,2197.4,2197.6,1,9,5
9:32:08,2197.6,2197.4,2197.6,4,7,3
9:32:09,2197.6,2197.4,2197.6,2,8,1
9:32:09,2198,2197.6,2198,11,3,8
9:32:10,2197.6,2197.6,2198,5,5,7
9:32:10,2197.6,2197.4,2198,7,15,5
9:32:11,2198,2197.6,2198,4,4,7
9:32:11,2198,2197.6,2197.8,1,5,1
9:32:12,2197.6,2197.4,2197.8,7,16,9
9:32:12,2197.8,2197.4,2197.8,1,17,8
9:32:13,2197.6,2197.4,2197.6,3,16,1
9:32:13,2197.6,2197.6,2197.8,1,4,15
9:32:14,2197.6,2197.6,2197.8,6,3,11
9:32:14,2197.8,2197.8,2198,6,6,7
9:32:15,2197.8,2197.8,2198,6,1,7
9:32:15,2197.8,2197.6,2198,2,7,7
9:32:16,2197.8,2197.8,2198,4,1,21
9:32:17,2198,2197.8,2198,5,1,16
9:32:17,2198,2197.8,2198,2,1,15
9:32:18,2197.8,2197.6,2198,1,11,15
9:32:18,2198,2197.6,2198,1,12,14
9:32:19,2197.6,2197.6,2198,5,8,14
9:32:20,2197.6,2197.6,2197.8,6,5,3
9:32:21,2197.8,2197.8,2198,24,3,14
9:32:21,2197.8,2197.8,2198,1,4,20
9:32:22,2197.8,2197.8,2198,2,2,11
9:32:22,2197.6,2197.4,2197.8,8,23,1
9:32:23,2197.4,2197.4,2197.8,7,30,3
9:32:23,2197.8,2197.8,2198,3,9,10
9:32:24,2198,2197.8,2198,2,10,15
9:32:24,2198,2197.8,2198,1,12,15
9:32:25,2198,2197.8,2198,1,12,11
9:32:25,2198,2197.8,2198,6,10,8
9:32:26,2198,2197.8,2198,1,10,7
9:32:26,2197.8,2197.8,2198,1,10,7
9:32:27,2198,2198,2198.2,26,25,3
9:32:28,2198.2,2198.2,2198.4,3,5,9
9:32:28,2198.4,2198.2,2198.4,2,5,7
9:32:29,2198.2,2198.2,2198.4,6,2,5
9:32:30,2198,2197.8,2198,17,24,83
9:32:30,2198,2197.8,2198,39,2,75
9:32:31,2198,2197.6,2197.8,14,10,4
9:32:32,2197.6,2197.6,2197.8,1,9,16
9:32:32,2197.8,2197.8,2198,16,5,69
9:32:33,2197.8,2197.8,2198,3,5,69
9:32:33,2197.8,2197.6,2197.8,5,11,14
9:32:34,2197.6,2197.4,2197.6,14,30,5
9:32:34,2197.6,2197.4,2197.8,8,27,15
9:32:36,2197.6,2197.4,2197.6,2,33,16
9:32:37,2197.4,2197.4,2197.6,12,23,17
9:32:37,2197.4,2197.4,2197.6,4,22,14
9:32:38,2197.4,2197.4,2197.6,2,20,33
9:32:38,2197.4,2197.2,2197.4,22,30,1
9:32:39,2197.4,2197.2,2197.4,16,30,11
9:32:39,2197.4,2197.2,2197.4,3,28,112
9:32:40,2197.2,2197.2,2197.4,12,20,110
9:32:40,2197,2197,2197.2,34,57,19
9:32:41,2197,2196.8,2197,60,24,8
9:32:41,2196.8,2196.8,2197,15,15,10
9:32:42,2197,2196.8,2197.2,17,5,24
9:32:42,2196.8,2196.8,2197,5,11,4
9:32:43,2196.8,2196.2,2196.8,59,13,11
9:32:43,2196.2,2196,2196.8,60,9,6
9:32:44,2196.6,2196.2,2196.6,27,19,22
9:32:44,2196.2,2196.2,2196.6,8,16,13
9:32:45,2196.4,2196.2,2196.4,8,14,6
9:32:45,2196.2,2196.2,2196.4,10,9,8
9:32:46,2196.2,2196,2196.8,21,14,25
9:32:46,2196.6,2196.2,2196.6,21,6,13
9:32:47,2196.2,2196.2,2196.6,28,20,3
9:32:47,2196.6,2196.4,2196.8,4,7,12
9:32:48,2196.4,2196.4,2196.6,4,7,3
9:32:48,2196.8,2196.6,2196.8,14,15,12
9:32:49,2196.6,2196.6,2196.8,3,28,13
9:32:49,2197,2196.8,2197,18,3,9
9:32:50,2196.8,2196.8,2197,3,4,9
9:32:50,2196.8,2196.8,2197,4,6,5
9:32:51,2197,2196.8,2197,1,10,4
9:32:51,2197,2196.8,2197,4,10,1
9:32:53,2197,2197,2197.2,2,5,4
9:32:53,2197,2197,2197.2,5,6,7
9:32:54,2197,2197,2197.2,1,7,9
9:32:54,2197.2,2197.2,2197.4,26,5,19
9:32:55,2197,2197,2197.4,9,7,19
9:32:56,2197,2196.8,2197,12,10,5
9:32:56,2196.8,2196.8,2197,33,2,9
9:32:57,2196.8,2196.8,2197,1,1,12
9:32:57,2196.6,2196.6,2196.8,4,22,38
9:32:58,2196.8,2196.6,2196.8,21,3,55
9:32:58,2196.8,2196.4,2196.6,17,33,48
9:32:59,2196.4,2196.2,2196.4,35,45,11
9:32:59,2196.2,2196,2196.2,127,31,15
9:33:00,2196,2196,2196.2,22,19,23
9:33:00,2195.6,2195.6,2195.8,65,32,3
9:33:01,2195.6,2195.6,2195.8,18,27,6
9:33:01,2195.8,2195.4,2195.8,40,18,3
9:33:02,2195.2,2195.2,2195.4,35,78,1
9:33:02,2195.4,2195.2,2195.6,92,70,21
9:33:03,2195.2,2195.2,2195.6,77,36,15
9:33:03,2195.2,2195.2,2195.8,45,26,4
9:33:04,2195.2,2195.4,2195.8,38,1,25
9:33:04,2195.4,2195.2,2195.8,30,37,19
9:33:05,2195.2,2195.2,2195.6,14,29,7
9:33:05,2195.6,2195.2,2195.6,19,18,1
9:33:06,2195.2,2195.2,2195.4,26,22,6
9:33:06,2195.4,2195.2,2195.4,7,39,4
9:33:07,2195.4,2195.4,2195.6,23,10,20
9:33:07,2195.6,2195.4,2195.6,26,9,11
9:33:08,2195.4,2195.4,2195.6,18,13,12
9:33:08,2195.6,2195.6,2195.8,87,4,1
9:33:09,2196,2195.6,2196,8,15,11
9:33:09,2196,2195.8,2196,2,30,16
9:33:10,2196,2195.8,2196,9,23,21
9:33:10,2195.8,2195.8,2196,36,19,2
9:33:11,2196,2196,2196.2,11,19,22
9:33:11,2196,2196,2196.2,7,15,50
9:33:12,2196,2195.8,2196,34,8,21
9:33:12,2195.8,2195.6,2196,21,49,22
9:33:13,2195.8,2195.6,2195.8,4,50,3
9:33:13,2195.8,2195.6,2195.8,24,31,1
9:33:14,2195.6,2195.6,2195.8,29,6,8
9:33:14,2195.6,2195.4,2195.6,14,13,13
9:33:15,2195.4,2195.4,2195.6,14,8,29
9:33:15,2195.4,2195.2,2195.4,60,7,23
9:33:16,2195,2195,2195.2,30,148,6
9:33:16,2195.4,2195.2,2195.4,54,8,14
9:33:17,2195.2,2195,2195.2,25,109,24
9:33:17,2195,2195,2195.2,98,35,14
9:33:18,2195,2195,2195.2,46,5,4
9:33:18,2194.8,2194.8,2195,20,7,24
9:33:19,2195,2194.6,2195,38,16,25
9:33:19,2194.6,2194.6,2195,52,7,32
9:33:20,2194.8,2195,2195.2,73,21,24
9:33:20,2194.8,2194.8,2195,73,6,34
9:33:21,2195,2195,2195.2,59,6,15
9:33:21,2195,2194.8,2195.2,56,6,6
9:33:22,2195,2195,2195.2,36,3,17
9:33:22,2195,2194.8,2195,45,13,3
9:33:23,2194.8,2194.8,2195,42,13,10
9:33:23,2195.4,2194.8,2195.4,29,10,5
9:33:24,2195,2195,2195.4,19,10,6
9:33:24,2195,2195,2195.6,20,23,13
9:33:25,2195.6,2195.2,2195.6,10,7,12
9:33:25,2195.2,2195.2,2195.6,9,34,18
9:33:26,2195.4,2195.4,2195.6,10,18,17
9:33:26,2195.4,2195.4,2195.6,15,16,17
9:33:27,2195.4,2195.4,2195.6,9,13,4
9:33:27,2195.6,2195.2,2195.4,19,34,2
9:33:28,2195.2,2195.2,2195.4,1,33,23
9:33:28,2195.4,2195.2,2195.4,20,14,19
9:33:29,2195.2,2195,2195.2,19,24,11
9:33:29,2195.2,2195,2195.2,32,20,4
9:33:30,2195.2,2195,2195.2,10,37,1
9:33:30,2195.4,2195.2,2195.4,19,2,7
9:33:31,2195.2,2195.2,2195.4,7,3,6
9:33:31,2195.4,2195.4,2195.6,11,12,30
9:33:32,2195.6,2195.4,2195.6,4,9,29
9:33:32,2195.6,2195.4,2195.6,30,53,6
9:33:33,2195.8,2195.6,2195.8,11,40,16
9:33:33,2195.8,2195.8,2196,19,8,36
9:33:34,2196,2195.8,2196.2,57,10,5
9:33:34,2195.8,2195.8,2196.2,7,8,5
9:33:35,2196.2,2195.8,2196.2,14,2,4
9:33:35,2195.8,2195.6,2195.8,8,17,25
9:33:36,2195.8,2195.6,2195.8,9,17,17
9:33:36,2195.8,2195.6,2195.8,6,12,14
9:33:37,2195.8,2195.6,2195.8,12,2,13
9:33:37,2195.8,2195.6,2196,14,69,6
9:33:38,2196,2196,2196.2,11,6,19
9:33:38,2196,2195.8,2196,20,5,5
9:33:39,2195.8,2195.8,2196,9,6,5
9:33:39,2196,2195.8,2196,1,7,6
9:33:40,2196,2195.8,2196,2,33,6
9:33:40,2196,2196,2196.2,8,21,6
9:33:41,2196,2196,2196.2,9,15,8
9:33:41,2196.2,2196.2,2196.4,10,17,16
9:33:42,2196.2,2196.2,2196.4,3,19,21
9:33:42,2196.2,2196.2,2196.4,8,20,16
9:33:43,2196.4,2196.2,2196.4,12,12,14
9:33:43,2196,2196,2196.2,37,4,8
9:33:44,2196.4,2196.2,2196.6,11,2,24
9:33:44,2196.6,2196.2,2196.4,4,2,8
9:33:45,2196.2,2196,2196.2,4,7,1
9:33:45,2196.2,2196,2196.2,5,10,8
9:33:46,2196,2196,2196.2,5,8,16
9:33:46,2196.2,2196,2196.2,10,17,14
9:33:47,2196.2,2196,2196.2,3,19,19
9:33:47,2196.2,2196,2196.2,3,22,17
9:33:48,2196,2196,2196.2,3,21,16
9:33:48,2196.2,2196,2196.2,3,21,16
9:33:49,2196.2,2196,2196.2,3,25,17
9:33:49,2196,2196,2196.2,11,44,10
9:33:50,2196,2196,2196.2,7,39,12
9:33:50,2196.2,2196.2,2196.4,16,47,4
9:33:51,2196.4,2196.4,2196.6,4,17,31
9:33:51,2196.6,2196.4,2196.6,6,16,28
9:33:52,2196.6,2196.4,2196.6,19,7,24
9:33:52,2196.6,2196.6,2196.8,27,58,7
9:33:53,2196.6,2196.8,2197,15,5,6
9:33:53,2196.8,2197,2197.6,42,10,3
9:33:54,2197.6,2197.6,2197.8,4,2,19
9:33:54,2197.6,2197.4,2197.6,44,1,12
9:33:55,2197.6,2197.6,2197.8,52,33,3
9:33:55,2197.6,2197.8,2198,36,2,8
9:33:56,2198.2,2198.2,2198.4,22,3,3
9:33:56,2198.8,2198.6,2198.8,31,21,8
9:33:57,2198,2198,2198.2,63,1,36
9:33:57,2198.2,2197.8,2198,27,8,6
9:33:58,2198.2,2197.8,2198.2,18,26,28
9:33:58,2198,2198,2198.2,13,14,25
9:33:59,2198,2198,2198.2,15,14,18
9:33:59,2198.2,2198,2198.2,8,18,14
9:34:00,2198,2198,2198.2,9,16,8
9:34:00,2198,2197.8,2198,23,15,1
9:34:01,2197.8,2197.6,2197.8,37,19,2
9:34:01,2197.8,2197.6,2197.8,13,17,2
9:34:02,2197.6,2197.6,2198,19,3,19
9:34:02,2197.8,2197.8,2198,27,2,5
9:34:03,2197.4,2197.4,2197.8,9,3,2
9:34:03,2197.4,2197.4,2197.8,7,3,17
9:34:04,2197.8,2197.6,2197.8,11,4,11
9:34:04,2197.6,2197.4,2197.6,6,5,3
9:34:05,2197.4,2197.2,2197.4,19,31,1
9:34:05,2197.6,2197.4,2197.6,8,15,15
9:34:06,2197.6,2197.6,2197.8,15,15,23
9:34:06,2197.6,2197.6,2197.8,8,10,21
9:34:07,2197.4,2197.4,2197.6,13,5,2
9:34:07,2197.6,2197.4,2197.8,12,24,22
9:34:08,2197.4,2197.6,2197.8,1,4,22
9:34:08,2197.4,2197.6,2197.8,7,1,25
9:34:09,2197.6,2197.6,2197.8,12,2,37
9:34:09,2197.6,2197.4,2197.6,2,22,3
9:34:10,2197.6,2197.6,2197.8,30,15,19
9:34:10,2197.8,2197.6,2197.8,12,15,12
9:34:11,2197.8,2197.8,2198,22,51,102
9:34:11,2198,2197.8,2198,27,49,88
9:34:12,2197.8,2197.8,2198,84,36,18
9:34:12,2198,2198,2198.2,31,21,8
9:34:13,2198,2198.2,2198.4,9,1,21
9:34:13,2198.4,2198.2,2198.4,9,1,41
9:34:14,2198,2198,2198.2,8,18,40
9:34:14,2198,2198,2198.2,27,5,43
9:34:15,2198.2,2198,2198.2,11,2,29
9:34:15,2197.8,2197.8,2198,15,6,1
9:34:16,2198,2197.8,2198,13,6,5
9:34:16,2198,2197.8,2198,14,3,7
9:34:17,2197.8,2197.8,2198,6,1,10
9:34:17,2197.6,2197.6,2197.8,7,7,1
9:34:18,2197.8,2197.6,2197.8,2,6,1
9:34:18,2197.8,2197.6,2197.8,3,6,12
9:34:19,2197.8,2197.6,2197.8,5,4,12
9:34:19,2197.6,2197.4,2197.6,5,18,4
9:34:20,2197.6,2197.4,2197.6,2,19,3
9:34:20,2197.4,2197.4,2197.6,5,2,1
9:34:21,2197.6,2197.4,2197.6,1,3,2
9:34:21,2197.6,2197.4,2197.6,8,3,4
9:34:22,2197.4,2197.4,2197.6,2,2,5
9:34:22,2197.4,2197.2,2197.4,2,45,8
9:34:23,2197.4,2197.2,2197.4,1,45,7
9:34:23,2197.4,2197.2,2197.4,6,45,2
9:34:24,2197.2,2197.2,2197.4,1,44,2
9:34:24,2197.2,2197.2,2197.4,7,43,5
9:34:25,2197.4,2197.2,2197.4,1,44,4
9:34:25,2197.4,2197.2,2197.4,7,38,3
9:34:26,2197.4,2197.4,2197.6,3,4,5
9:34:26,2197.2,2197.2,2197.4,6,36,18
9:34:27,2197.4,2197.2,2197.4,1,38,18
9:34:27,2197.4,2197.2,2197.4,13,29,14
9:34:28,2197.4,2197.2,2197.4,1,28,13
9:34:28,2197.2,2197.2,2197.4,13,18,12
9:34:29,2197.2,2197.2,2197.4,2,16,12
9:34:29,2197.2,2197.2,2197.4,6,10,22
9:34:30,2197.2,2197.2,2197.4,3,8,22
9:34:30,2197.2,2197,2197.2,12,10,20
9:34:31,2197.2,2197,2197.2,3,10,21
9:34:31,2197,2197,2197.2,7,3,21
9:34:32,2197.2,2197,2197.2,2,2,21
9:34:32,2197.2,2197.2,2197.4,33,7,10
9:34:33,2197.2,2197.2,2197.4,3,7,9
9:34:33,2197.4,2197.2,2197.4,5,18,5
9:34:34,2197.4,2197.4,2197.6,10,8,40
9:34:34,2197.4,2197.4,2197.6,5,8,41
9:34:35,2197.4,2197.4,2197.6,10,2,39
9:34:35,2197.2,2197.2,2197.6,5,24,38
9:34:36,2197.4,2197.2,2197.6,3,27,38
9:34:36,2197.4,2197.2,2197.6,1,27,38
9:34:37,2197.2,2197.2,2197.4,5,22,8
9:34:38,2197.6,2197.4,2197.6,15,1,31
9:34:38,2197.4,2197.2,2197.6,3,22,42
9:34:39,2197.2,2197.4,2197.6,4,1,32
9:34:39,2197.6,2197.4,2197.6,1,7,36
9:34:40,2197.4,2197.4,2197.6,5,29,25
9:34:40,2197.6,2197.4,2197.6,5,33,20
9:34:41,2197.2,2197.2,2197.4,34,17,6
9:34:41,2197.4,2197.2,2197.4,4,17,3
9:34:42,2197.4,2197.2,2197.4,2,18,1
9:34:43,2197.6,2197.2,2197.6,2,19,22
9:34:43,2197.4,2197.4,2197.6,1,1,25
9:34:44,2197.4,2197.2,2197.4,2,19,5
9:34:44,2197.4,2197.2,2197.4,1,20,4
9:34:45,2197.4,2197.2,2197.4,3,22,6
9:34:45,2197.4,2197.2,2197.4,4,22,4
9:34:46,2197.2,2197.2,2197.4,2,25,5
9:34:47,2197.2,2197.2,2197.4,3,23,6
9:34:47,2197.2,2197.2,2197.4,4,28,6
9:34:48,2197.2,2197.2,2197.4,1,29,8
9:34:48,2197.2,2197.2,2197.4,6,22,8
9:34:49,2197.4,2197.4,2197.6,14,25,30
9:34:49,2197.4,2197.4,2197.6,1,33,31
9:34:50,2197.6,2197.4,2197.6,35,23,3
9:34:50,2197.6,2197.6,2197.8,8,31,8
9:34:51,2197.6,2197.6,2198,12,32,29
9:34:51,2198,2197.6,2198,1,30,29
9:34:52,2198,2197.6,2198,13,31,29
9:34:52,2197.6,2197.4,2197.6,35,25,18
9:34:53,2198,2197.4,2198,35,21,18
9:34:53,2197.8,2197.4,2197.8,4,22,19
9:34:54,2197.4,2197.4,2197.6,2,23,5
9:34:54,2197.6,2197.4,2197.6,8,20,3
9:34:55,2197.4,2197.4,2197.6,4,16,5
9:34:55,2197.4,2197.4,2197.6,5,31,5
9:34:56,2197.4,2197.4,2197.6,14,23,12
9:34:56,2197.8,2197.6,2197.8,16,27,20
9:34:57,2197.8,2197.6,2197.8,24,27,2
9:34:58,2197.8,2197.8,2198,5,4,41
9:34:58,2198,2197.6,2198,13,27,34
9:34:59,2197.8,2197.6,2198,30,15,23
9:34:59,2198,2197.8,2198,16,1,9
9:35:00,2198,2197.8,2198,2,1,10
9:35:00,2198,2198,2198.2,16,21,27
9:35:01,2198,2198,2198.4,49,5,34
9:35:01,2198.4,2198.4,2198.6,57,11,38
9:35:02,2198.2,2198,2198.4,15,1,2
9:35:02,2198.6,2198,2198.6,42,10,28
9:35:03,2198.6,2198.4,2198.6,8,8,30
9:35:03,2198.4,2198.4,2198.6,13,3,23
9:35:04,2198.2,2198.2,2198.6,6,5,23
9:35:04,2198.2,2198.2,2198.6,9,3,18
9:35:05,2198.2,2198,2198.4,5,46,3
9:35:05,2198.6,2198.2,2198.4,7,6,1
9:35:06,2198.2,2198.2,2198.4,5,1,12
9:35:06,2198,2198,2198.2,7,42,3
9:35:07,2198.2,2198,2198.2,6,39,2
9:35:07,2198.2,2198,2198.2,7,38,15
9:35:08,2198.2,2198,2198.2,5,36,14
9:35:08,2198,2198,2198.2,4,35,17
9:35:09,2198,2198,2198.2,24,16,17
9:35:09,2198.2,2198,2198.2,12,16,10
9:35:10,2198,2198,2198.2,8,8,11
9:35:10,2198.2,2198,2198.2,15,10,1
9:35:11,2198.2,2198,2198.4,2,38,24
9:35:11,2198.2,2198.2,2198.4,4,1,24
9:35:12,2198.4,2198.2,2198.4,1,13,23
9:35:12,2198.4,2198.2,2198.4,9,13,19
9:35:13,2198.4,2198.2,2198.4,22,11,1
9:35:13,2198.4,2198.4,2198.6,3,26,34
9:35:14,2198.6,2198.4,2198.6,20,31,17
9:35:14,2198.6,2198.4,2198.6,8,30,9
9:35:15,2198.4,2198.4,2198.6,15,16,5
9:35:15,2198.6,2198.4,2198.6,21,2,11
9:35:16,2198.2,2198.2,2198.4,6,8,13
9:35:16,2198.4,2198.2,2198.4,6,5,12
9:35:17,2198.4,2198.2,2198.4,9,4,16
9:35:17,2198.4,2198,2198.4,10,21,13
9:35:18,2198.4,2198,2198.2,9,21,1
9:35:18,2198.2,2198.2,2198.4,8,4,5
9:35:19,2198.2,2198,2198.4,5,19,5
9:35:19,2198,2198,2198.4,1,18,7
9:35:20,2198.4,2198,2198.4,2,21,10
9:35:20,2198.4,2198,2198.4,4,22,12
9:35:21,2198,2198,2198.4,15,12,12
9:35:21,2198.2,2198,2198.2,5,16,8
9:35:22,2198.2,2198,2198.2,6,15,4
9:35:22,2198.2,2198,2198.2,3,15,2
9:35:24,2198.2,2198,2198.2,1,16,4
9:35:24,2198.2,2198,2198.2,6,13,3
9:35:25,2198.2,2198,2198.2,2,12,3
9:35:25,2198,2198,2198.2,2,10,3
9:35:26,2198.2,2198,2198.2,1,10,2
9:35:26,2198,2198,2198.2,2,10,11
9:35:27,2198,2198,2198.2,2,19,15
9:35:27,2198,2198,2198.2,30,5,5
9:35:28,2198.2,2198.2,2198.4,12,1,15
9:35:28,2198.2,2198.2,2198.4,3,13,15
9:35:29,2198.4,2198.4,2198.6,14,3,32
9:35:30,2198.4,2198.4,2198.6,34,13,3
9:35:30,2198.6,2198.6,2198.8,5,2,76
9:35:31,2198.8,2198.2,2198.8,18,22,80
9:35:31,2198.8,2198.4,2198.6,1,2,11
9:35:32,2198.6,2198.4,2198.6,2,2,9
9:35:32,2198.4,2198.4,2198.6,18,9,15
9:35:33,2198.6,2198.4,2198.6,12,19,30
9:35:33,2198.4,2198.4,2198.6,25,14,26
9:35:34,2198.6,2198.4,2198.6,2,14,24
9:35:34,2198.6,2198.4,2198.6,2,14,22
9:35:35,2198.4,2198.4,2198.6,14,1,23
9:35:35,2198,2198,2198.4,10,16,11
9:35:36,2198.2,2198.2,2198.4,6,11,9
9:35:36,2198.2,2198.2,2198.4,2,17,13
9:35:37,2198.2,2198.2,2198.4,5,12,19
9:35:37,2198.4,2198.2,2198.4,18,11,3
9:35:38,2198.2,2198.2,2198.4,1,13,4
9:35:38,2198.2,2198.2,2198.4,1,12,4
9:35:39,2198.2,2198.2,2198.4,2,11,9
9:35:39,2198.4,2198.2,2198.4,7,13,6
9:35:40,2198.4,2198.2,2198.4,7,10,3
9:35:40,2198.4,2198.2,2198.4,2,23,2
9:35:41,2198.4,2198.4,2198.6,2,8,33
9:35:41,2198.4,2198.4,2198.6,1,30,35
9:35:42,2198.4,2198.4,2198.6,3,37,35
9:35:42,2198.6,2198.4,2198.6,16,66,21
9:35:43,2198.6,2198.6,2198.8,25,26,87
9:35:43,2198.8,2198.6,2198.8,21,33,66
9:35:44,2198.6,2198.6,2198.8,10,36,57
9:35:44,2198.6,2198.6,2198.8,2,35,56
9:35:45,2198.8,2198.6,2198.8,13,36,43
9:35:45,2198.6,2198.6,2198.8,8,28,43
9:35:46,2198.8,2198.6,2198.8,6,21,41
9:35:46,2198.6,2198.6,2198.8,4,17,41
9:35:47,2198.6,2198.6,2198.8,14,9,45
9:35:47,2198.8,2198.4,2198.8,18,57,39
9:35:48,2198.8,2198.6,2198.8,3,1,38
9:35:48,2198.8,2198.4,2198.8,5,58,39
9:35:49,2198.8,2198.4,2198.8,9,55,34
9:35:49,2198.6,2198.6,2198.8,3,4,35
9:35:50,2198.8,2198.6,2198.8,6,4,42
9:35:50,2198.8,2198.6,2198.8,3,8,43
9:35:51,2198.8,2198.6,2198.8,22,7,27
9:35:51,2198.8,2198.6,2198.8,9,7,19
9:35:52,2198.8,2198.8,2199,29,35,81
9:35:52,2198.8,2198.8,2199,1,35,85
9:35:53,2199,2198.8,2199,13,43,72
9:35:53,2199,2198.8,2199,8,42,65
9:35:54,2199,2198.8,2199,45,19,48
9:35:54,2199,2198.8,2199,10,19,39
9:35:55,2199,2199,2199.2,53,16,25
9:35:55,2199,2198.8,2199,19,10,11
9:35:56,2199,2198.8,2199,2,8,14
9:35:56,2198.8,2198.6,2199,21,4,21
9:35:57,2199,2198.6,2198.8,3,4,9
9:35:57,2198.6,2198.6,2198.8,28,11,19
9:35:58,2198.6,2198.4,2198.6,14,26,1
9:35:58,2198.8,2198.4,2198.8,20,29,16
9:35:59,2198.8,2198.6,2198.8,2,1,17
9:35:59,2198.8,2198.6,2198.8,5,6,12
9:36:00,2198.8,2198.6,2198.8,8,6,7
9:36:00,2198.6,2198.8,2199,37,1,23
9:36:01,2198.8,2198.6,2198.8,1,1,9
9:36:01,2198.8,2198.8,2199,13,7,30
9:36:02,2199,2199,2199.2,38,5,34
9:36:02,2199,2198.8,2199.2,5,12,35
9:36:03,2199.2,2199,2199.2,32,5,12
9:36:03,2199.2,2199,2199.2,10,18,6
9:36:04,2199.2,2199.2,2199.4,27,9,74
9:36:04,2199.4,2199,2199.4,42,47,72
9:36:05,2199.2,2199,2199.4,16,46,63
9:36:05,2199.2,2199,2199.4,30,24,58
9:36:06,2199.2,2199,2199.2,9,21,13
9:36:06,2199.2,2199,2199.2,50,16,18
9:36:07,2199,2199,2199.2,17,3,19
9:36:07,2199,2198.8,2199,8,27,1
9:36:08,2199,2199,2199.2,5,5,25
9:36:08,2199.2,2199,2199.2,3,5,23
9:36:09,2199.2,2199,2199.2,8,1,21
9:36:09,2198.8,2198.8,2199,9,9,1
9:36:10,2199,2198.8,2199,10,4,17
9:36:10,2199,2198.8,2199,9,1,20
9:36:11,2198.8,2198.6,2198.8,3,12,8
9:36:11,2198.8,2198.6,2198.8,19,11,2
9:36:12,2198.6,2198.6,2199,4,12,20
9:36:12,2199,2198.6,2199,6,10,23
9:36:13,2199,2198.6,2199,5,7,30
9:36:13,2198.8,2198.8,2199,5,1,29
9:36:14,2198.6,2198.6,2199,3,3,29
9:36:14,2198.8,2198.6,2198.8,4,5,1
9:36:15,2198.8,2198.6,2198.8,2,4,3
9:36:15,2198.6,2198.6,2198.8,4,9,5
9:36:16,2198.6,2198.6,2198.8,6,7,9
9:36:16,2198.6,2198.6,2198.8,17,1,8
9:36:17,2198.8,2198.6,2198.8,4,1,12
9:36:17,2198.6,2198.6,2198.8,4,8,14
9:36:18,2198.8,2198.6,2198.8,3,8,10
9:36:18,2198.6,2198.6,2198.8,1,29,15
9:36:19,2198.8,2198.6,2198.8,24,7,10
9:36:19,2198.6,2198.6,2198.8,10,3,9
9:36:20,2198.6,2198.6,2198.8,2,5,18
9:36:21,2198.8,2198.6,2199,22,11,39
9:36:21,2198.6,2198.6,2198.8,4,9,15
9:36:22,2198.6,2198.6,2198.8,6,3,16
9:36:22,2198.6,2198.4,2198.6,8,35,15
9:36:23,2198.4,2198.4,2198.6,1,34,17
9:36:23,2198.6,2198.2,2198.6,41,35,14
9:36:24,2198.4,2198.2,2198.4,6,35,19
9:36:24,2198.4,2198.2,2198.4,11,35,8
9:36:25,2198.4,2198.2,2198.4,10,29,6
9:36:25,2198.2,2198.2,2198.4,8,21,6
9:36:26,2198.2,2198.2,2198.4,6,16,17
9:36:27,2198.4,2198.2,2198.4,10,8,33
9:36:27,2198,2198,2198.2,12,30,25
9:36:28,2198.2,2198,2198.2,6,30,28
9:36:28,2198.2,2198,2198.2,8,25,41
9:36:29,2198.2,2198,2198.2,4,26,37
9:36:29,2198,2197.8,2198,40,12,12
9:36:30,2197.8,2197.8,2198,2,11,21
9:36:31,2198,2197.8,2198,6,13,17
9:36:31,2198,2197.8,2198,4,11,17
9:36:32,2197.8,2197.8,2198,7,12,16
9:36:32,2198,2198,2198.2,39,10,10
9:36:33,2197.8,2197.8,2198.2,11,8,10
9:36:34,2197.8,2198,2198.2,1,3,10
9:36:34,2198,2198,2198.2,11,5,2
9:36:35,2198,2197.8,2198.2,5,11,3
9:36:35,2198,2197.8,2198,1,11,1
9:36:36,2197.8,2197.8,2198,1,18,2
9:36:36,2197.8,2197.8,2198,2,20,3
9:36:37,2198,2197.8,2198,4,22,50
9:36:38,2198,2197.8,2198,20,2,49
9:36:38,2197.8,2197.6,2197.8,4,22,6
9:36:39,2197.6,2197.6,2197.8,6,39,4
9:36:39,2197.6,2197.6,2197.8,3,40,2
9:36:40,2197.6,2197.6,2198,9,34,51
9:36:40,2197.6,2197.6,2197.8,2,41,9
9:36:41,2197.6,2197.6,2197.8,26,22,9
9:36:41,2197.6,2197.6,2197.8,5,21,17
9:36:42,2197.6,2197.6,2197.8,3,12,17
9:36:42,2197.6,2197.6,2197.8,2,8,16
9:36:43,2198,2197.6,2198,18,13,54
9:36:43,2197.8,2197.8,2198,1,1,54
9:36:44,2197.8,2197.8,2198,11,6,54
9:36:44,2197.8,2197.8,2198,1,5,55
9:36:45,2197.8,2197.8,2198,6,17,56
9:36:46,2197.8,2197.8,2198,13,8,57
9:36:46,2198,2197.8,2198,8,7,52
9:36:48,2198,2197.8,2198,13,8,42
9:36:48,2197.8,2197.8,2198,1,10,39
9:36:49,2198,2197.8,2198,31,9,11
9:36:49,2198,2197.8,2198,3,9,8
9:36:50,2198.2,2198,2198.2,13,45,6
9:36:50,2198.2,2198.2,2198.4,6,14,3
9:36:51,2198.2,2198.2,2198.4,2,20,3
9:36:51,2198.4,2198.4,2198.6,3,19,12
9:36:52,2198.4,2198.4,2198.6,7,19,6
9:36:52,2198.2,2198.2,2198.6,6,6,6
9:36:53,2198,2198,2198.6,6,46,7
9:36:53,2198.6,2198.2,2198.6,3,1,16
9:36:54,2198.6,2198.2,2198.4,1,6,3
9:36:55,2198.4,2198.2,2198.4,1,8,16
9:36:55,2198.2,2198.2,2198.4,8,2,23
9:36:56,2198,2198.2,2198.4,6,1,22
9:36:57,2198.4,2198.2,2198.4,2,1,20
9:36:57,2198.2,2198,2198.4,5,46,18
9:36:58,2198.2,2198,2198.2,1,45,4
9:36:58,2198.2,2198,2198.2,3,44,2
9:36:59,2198,2198,2198.2,1,50,3
9:36:59,2198.2,2198.2,2198.4,4,2,21
9:37:00,2198.4,2198.2,2198.4,1,2,20
9:37:00,2198.4,2198.2,2198.4,11,4,12
9:37:01,2198.2,2198,2198.2,47,51,4
9:37:01,2198.6,2198.4,2198.6,11,5,21
9:37:02,2198.4,2198.4,2198.6,6,1,19
9:37:02,2198.4,2198.4,2198.8,32,2,19
9:37:03,2198.4,2198.4,2198.6,10,10,1
9:37:03,2198.4,2198.4,2198.6,16,1,1
9:37:04,2198.4,2198.2,2198.4,6,2,8
9:37:04,2198,2198,2198.4,4,14,8
9:37:05,2198.2,2198,2198.2,4,14,3
9:37:06,2198,2198,2198.2,1,13,3
9:37:06,2198.2,2198,2198.2,13,10,4
9:37:07,2198,2198,2198.2,3,7,9
9:37:08,2198.2,2198,2198.2,2,6,8
9:37:08,2198,2197.8,2198,14,17,11
9:37:09,2198,2197.8,2198,3,19,8
9:37:09,2198.2,2198,2198.2,10,25,5
9:37:10,2198,2198,2198.2,22,11,3
9:37:11,2198.2,2198.2,2198.4,2,21,7
9:37:12,2198.2,2198.2,2198.6,14,27,26
9:37:12,2198.2,2198.4,2198.6,1,23,26
9:37:13,2198.6,2198.4,2198.6,3,22,25
9:37:13,2198.6,2198.4,2198.6,10,22,22
9:37:14,2198.6,2198.4,2198.6,3,20,21
9:37:14,2198.6,2198.4,2198.6,15,20,6
9:37:15,2198.6,2198.6,2198.8,15,36,29
9:37:15,2198.8,2198.6,2198.8,28,37,2
9:37:16,2199,2198.8,2199,13,30,63
9:37:16,2199,2198.8,2199,3,38,61
9:37:17,2199,2198.8,2199,21,37,41
9:37:17,2199,2198.8,2199,15,31,28
9:37:18,2199,2198.8,2199,25,24,2
9:37:18,2199.2,2199,2199.2,8,3,39
9:37:19,2199.2,2199,2199.2,7,2,34
9:37:19,2199.2,2199,2199.2,5,2,30
9:37:20,2199.2,2199,2199.2,6,2,25
9:37:20,2199.2,2199,2199.2,10,1,17
9:37:21,2199.2,2198.8,2199.2,25,20,2
9:37:21,2198.8,2198.8,2199,8,14,2
9:37:22,2199.2,2199.2,2199.4,6,3,47
9:37:22,2199.4,2199,2199.4,6,6,47
9:37:23,2199.2,2199,2199.2,7,28,26
9:37:23,2199,2199,2199.2,11,36,19
9:37:24,2199.2,2199.2,2199.4,19,22,47
9:37:24,2199.2,2199.2,2199.4,6,16,48
9:37:25,2199.4,2199.2,2199.4,13,16,36
9:37:25,2199.4,2199.4,2199.6,44,1,51
9:37:26,2199.6,2199.2,2199.6,19,17,45
9:37:26,2199.6,2199.4,2199.6,12,1,37
9:37:27,2199.6,2199.4,2199.6,24,8,28
9:37:27,2199.6,2199.4,2199.6,24,2,11
9:37:28,2199.6,2199.4,2199.6,9,3,8
9:37:28,2199.4,2199.4,2199.6,6,4,6
9:37:29,2199.6,2199.4,2199.6,12,2,5
9:37:29,2199.4,2199.2,2199.6,3,18,53
9:37:30,2199.2,2199.2,2199.4,4,19,15
9:37:30,2199.2,2199.2,2199.4,19,1,55
9:37:31,2199.2,2199,2199.2,3,38,19
9:37:31,2199,2199,2199.2,37,21,20
9:37:32,2199,2198.8,2199,22,12,2
9:37:32,2198.8,2198.8,2199,3,10,1
9:37:33,2199,2199,2199.2,4,1,34
9:37:33,2199,2199,2199.2,5,4,46
9:37:34,2199,2198.8,2199,7,10,8
9:37:34,2199,2198.8,2199,4,19,7
9:37:35,2199,2198.8,2199,4,19,14
9:37:35,2199,2198.8,2199,6,18,11
9:37:36,2198.8,2198.8,2199,10,18,4
9:37:36,2199,2198.8,2199,4,20,2
9:37:37,2198.8,2199,2199.2,9,2,13
9:37:37,2199.2,2199,2199.2,14,1,11
9:37:38,2199,2199,2199.2,1,3,12
9:37:38,2199.2,2199.2,2199.4,29,1,15
9:37:39,2199.2,2199.2,2199.4,4,46,16
9:37:39,2199.6,2199.4,2199.6,17,9,60
9:37:40,2199.6,2199.4,2199.6,33,6,29
9:37:40,2199.6,2199.4,2199.6,16,20,21
9:37:41,2199.6,2199.4,2199.6,24,9,10
9:37:41,2199.4,2199.4,2199.6,17,2,14
9:37:42,2199.6,2199.2,2199.6,57,44,14
9:37:42,2199.4,2199.2,2199.6,2,44,27
9:37:43,2199.2,2199.2,2199.6,20,39,15
9:37:43,2199.6,2199.2,2199.6,5,39,14
9:37:44,2199.2,2199.2,2199.4,26,15,2
9:37:44,2199.2,2199.2,2199.4,2,15,2
9:37:45,2199.4,2199.2,2199.4,1,15,2
9:37:45,2199.4,2199.2,2199.6,2,15,23
9:37:46,2199.4,2199.2,2199.4,17,11,12
9:37:46,2199.2,2199.2,2199.6,34,1,22
9:37:47,2199.6,2199.2,2199.6,6,5,21
9:37:47,2199.4,2199.4,2199.6,15,16,21
9:37:48,2199.6,2199.4,2199.6,3,18,20
9:37:48,2199.4,2199.4,2199.6,6,25,16
9:37:49,2199.6,2199.6,2199.8,23,2,130
9:37:49,2199.8,2199.6,2199.8,14,2,118
9:37:50,2199.6,2199.6,2199.8,84,4,41
9:37:50,2199.8,2199.6,2199.8,38,9,4
9:37:51,2199.8,2199.8,2200,69,20,22
9:37:51,2200,2200,2200.2,24,4,14
9:37:52,2200,2200,2200.2,14,5,10
9:37:52,2200.2,2200.2,2200.4,31,25,7
9:37:53,2200.2,2200,2200.2,59,4,2
9:37:53,2200.2,2199.8,2200,46,9,12
9:37:54,2199.8,2199.6,2199.8,24,10,2
9:37:54,2199.8,2199.6,2199.8,16,9,20
9:37:55,2199.6,2199.4,2199.6,14,18,21
9:37:55,2199.6,2199.4,2199.6,27,11,8
9:37:56,2199.6,2199,2199.6,26,66,2
9:37:56,2199.2,2199,2199.4,2,67,1
9:37:57,2199.6,2199.2,2199.6,3,18,18
9:37:57,2199.6,2199.4,2199.6,13,1,14
9:37:58,2199.4,2199.4,2199.6,4,25,12
9:37:58,2199.6,2199.4,2199.6,13,7,2
9:37:59,2199.8,2199.6,2199.8,3,2,15
9:37:59,2199.6,2199.4,2199.8,10,12,15
9:38:00,2199.4,2199.4,2199.6,14,3,23
9:38:00,2199.6,2199.4,2199.6,9,17,15
9:38:01,2199.6,2199.4,2199.6,7,13,10
9:38:01,2199.8,2199.6,2199.8,17,4,19
9:38:02,2199.6,2199.6,2199.8,11,4,22
9:38:02,2199.6,2199.6,2199.8,9,3,16
9:38:03,2199.8,2199.8,2200,17,30,17
9:38:03,2200,2199.8,2200,14,31,7
9:38:04,2200,2200,2200.2,9,2,21
9:38:04,2200.2,2200,2200.2,36,32,1
9:38:05,2200.2,2200.2,2200.4,21,32,3
9:38:05,2200.4,2200.4,2200.6,17,9,80
9:38:06,2200.4,2200.2,2200.4,27,6,15
9:38:06,2200.2,2200,2200.2,34,75,6
9:38:07,2200,2200,2200.2,15,21,14
9:38:07,2200.2,2200,2200.2,24,17,2
9:38:08,2200,2199.8,2200,25,9,52
9:38:08,2200,2199.6,2200,37,37,63
9:38:09,2199.8,2199.6,2199.8,11,27,23
9:38:09,2199.6,2199.6,2199.8,16,26,15
9:38:10,2200,2199.8,2200,54,43,45
9:38:10,2200,2199.8,2200,6,42,43
9:38:11,2199.8,2199.8,2200,4,39,47
9:38:11,2199.8,2199.8,2200,31,34,33
9:38:12,2199.8,2199.8,2200,21,14,39
9:38:12,2199.8,2199.6,2199.8,19,10,39
9:38:13,2199.6,2199.4,2199.6,15,10,12
9:38:13,2199.8,2199.6,2199.8,30,1,31
9:38:14,2199.4,2199.4,2199.8,18,5,21
9:38:14,2199.6,2199.4,2199.8,5,14,20
9:38:15,2199.8,2199.6,2199.8,7,1,17
9:38:15,2199.8,2199.6,2199.8,6,7,13
9:38:16,2199.6,2199.6,2199.8,12,1,11
9:38:16,2199.8,2199.4,2199.6,8,15,5
9:38:17,2199.8,2199.4,2199.6,5,17,2
9:38:17,2199.6,2199.4,2199.6,3,18,11
9:38:18,2199.4,2199.4,2199.6,9,11,9
9:38:18,2199.6,2199.4,2199.6,6,12,5
9:38:19,2199.4,2199.4,2199.6,10,19,1
9:38:19,2199.6,2199.6,2199.8,6,25,23
9:38:20,2199.6,2199.6,2199.8,8,18,24
9:38:20,2199.8,2199.6,2199.8,10,9,22
9:38:21,2199.8,2199.6,2199.8,8,5,18
9:38:21,2199.6,2199.4,2199.8,8,21,15
9:38:22,2199.6,2199.4,2199.8,7,18,13
9:38:22,2199.8,2199.4,2199.8,9,11,12
9:38:23,2199.4,2199.4,2199.6,2,9,1
9:38:23,2199.8,2199.4,2199.8,10,15,15
9:38:24,2199.4,2199.4,2199.6,4,11,8
9:38:24,2199.4,2199.4,2199.6,7,16,12
9:38:25,2199.4,2199.4,2199.6,7,14,8
9:38:25,2199.4,2199.4,2199.6,4,11,8
9:38:26,2199.4,2199.4,2199.6,16,1,26
9:38:26,2199.4,2199.2,2199.4,9,57,5
9:38:27,2199.4,2199.2,2199.4,2,57,8
9:38:27,2199.2,2199.2,2199.4,12,53,13
9:38:28,2199.2,2199.2,2199.4,10,49,10
9:38:28,2199.2,2199.2,2199.4,1,49,12
9:38:29,2199,2199,2199.4,52,114,12
9:38:29,2199.2,2199,2199.4,1,114,10
9:38:30,2199.2,2199,2199.6,13,114,27
9:38:30,2199.2,2199.2,2199.6,6,12,32
9:38:31,2199.6,2199.4,2199.6,5,1,29
9:38:31,2199.2,2199.4,2199.6,18,1,15
9:38:32,2199.6,2199.4,2199.6,3,1,12
9:38:32,2199.4,2199.2,2199.6,4,10,12
9:38:33,2199.2,2199.2,2199.4,3,17,6
9:38:33,2199.2,2199.2,2199.4,4,17,6
9:38:34,2199.2,2199.2,2199.4,2,15,7
9:38:34,2199,2199,2199.2,19,113,2
9:38:35,2199.2,2199.2,2199.4,7,3,34
9:38:36,2199.2,2199,2199.2,14,105,5
9:38:36,2199.2,2199,2199.2,7,100,3
9:38:37,2199.2,2199,2199.2,3,103,9
9:38:37,2199.2,2199,2199.2,7,104,2
9:38:38,2199.2,2199,2199.2,5,104,1
9:38:38,2199.2,2199.2,2199.4,18,2,32
9:38:39,2199,2199,2199.2,7,102,2
9:38:39,2199.4,2199,2199.2,6,103,20
9:38:40,2199.2,2199,2199.2,15,98,10
9:38:40,2199.2,2199,2199.2,8,99,8
9:38:41,2199,2199,2199.2,61,42,4
9:38:41,2199.2,2199,2199.2,2,42,2
9:38:42,2199.2,2199,2199.2,7,39,1
9:38:42,2199,2199,2199.2,30,9,2
9:38:43,2199.2,2199.2,2199.4,5,11,38
9:38:43,2199.2,2199.2,2199.4,4,8,45
9:38:44,2199.2,2199.2,2199.4,6,2,46
9:38:44,2199,2199,2199.2,4,9,1
9:38:45,2199,2199,2199.4,2,26,45
9:38:45,2199,2199,2199.2,2,28,3
9:38:46,2199,2199,2199.2,1,27,3
9:38:47,2199.2,2199,2199.2,4,25,2
9:38:47,2199.2,2199,2199.4,3,48,51
9:38:48,2199,2199,2199.4,4,56,52
9:38:48,2199.4,2199,2199.4,1,56,50
9:38:49,2199.2,2199,2199.2,1,64,19
9:38:49,2199,2199,2199.2,3,60,20
9:38:50,2199,2199,2199.2,2,57,21
9:38:50,2199.2,2199,2199.2,2,57,19
9:38:51,2199,2199,2199.2,10,47,19
9:38:51,2199,2199,2199.2,2,42,19
9:38:52,2199.2,2199,2199.2,4,43,19
9:38:52,2199.2,2199,2199.2,3,43,18
9:38:53,2199,2199,2199.2,11,33,21
9:38:54,2199.2,2199,2199.2,14,36,7
9:38:54,2199.2,2199,2199.2,9,32,4
9:38:55,2199.2,2199,2199.4,7,29,61
9:38:55,2199,2198.8,2199,31,33,29
9:38:56,2198.8,2198.8,2199,4,34,26
9:38:56,2199,2199,2199.2,29,6,7
9:38:57,2199.2,2199,2199.2,4,7,3
9:38:57,2199,2199,2199.4,4,7,62
9:38:58,2199.2,2199.2,2199.4,5,3,64
9:38:59,2199.2,2199,2199.4,3,19,64
9:38:59,2199,2199,2199.4,2,18,68
9:39:00,2199,2199,2199.4,3,16,71
9:39:00,2199.4,2199,2199.4,3,20,70
9:39:01,2199,2199,2199.2,18,4,4
9:39:01,2199.4,2199,2199.2,11,4,1
9:39:02,2199,2198.8,2199.2,5,64,7
9:39:02,2199,2198.8,2199,1,68,1
9:39:03,2198.8,2198.8,2199,1,67,1
9:39:03,2199.2,2198.8,2199,2,67,1
9:39:04,2199,2198.8,2199,7,67,6
9:39:04,2199,2198.8,2199,1,72,6
9:39:05,2199,2198.8,2199,1,73,7
9:39:05,2199,2198.8,2199,2,73,8
9:39:06,2199,2198.8,2199.2,8,73,10
9:39:06,2198.8,2198.8,2199.2,1,84,10
9:39:07,2199,2198.8,2199,4,83,2
9:39:08,2198.8,2199,2199.2,5,5,13
9:39:08,2199,2199,2199.2,4,5,13
9:39:09,2199,2198.8,2199,6,85,1
9:39:09,2199,2198.8,2199,26,87,1
9:39:10,2199,2198.8,2199,3,89,1
9:39:10,2199,2198.8,2199.2,4,82,4
9:39:11,2199,2198.8,2199.2,4,84,3
9:39:11,2198.8,2198.8,2199.2,3,83,6
9:39:12,2198.8,2198.8,2199,14,69,2
9:39:12,2198.8,2198.8,2199,4,65,2
9:39:13,2199,2198.8,2199,2,65,3
9:39:13,2198.8,2198.8,2199,55,10,28
9:39:14,2198.8,2198.6,2198.8,11,26,26
9:39:14,2198.6,2198.6,2198.8,12,16,28
9:39:15,2198.6,2198.6,2198.8,32,19,5
9:39:15,2198.4,2198.4,2198.6,27,7,8
9:39:16,2198.6,2198.4,2198.6,7,8,3
9:39:16,2198.4,2198.2,2198.4,17,49,19
9:39:17,2198.4,2198.2,2198.4,18,54,30
9:39:17,2198.4,2198.2,2198.4,6,50,25
9:39:18,2198.4,2198.2,2198.4,13,40,22
9:39:18,2198.2,2198.2,2198.4,4,37,22
9:39:19,2198.4,2198.2,2198.4,6,37,18
9:39:19,2198.2,2198.2,2198.4,9,33,15
9:39:20,2198.2,2198.2,2198.4,16,23,16
9:39:20,2198.2,2198.2,2198.4,3,21,14
9:39:21,2198.2,2198.2,2198.4,3,19,14
9:39:21,2198.4,2198.2,2198.4,16,8,12
9:39:22,2198,2198,2198.2,9,40,4
9:39:22,2198,2198,2198.2,1,39,11
9:39:23,2198,2198,2198.2,2,38,10
9:39:23,2198,2198,2198.2,8,33,10
9:39:24,2198.2,2198,2198.2,33,8,2
9:39:24,2198.2,2198.2,2198.4,3,3,14
9:39:25,2198.2,2198.2,2198.4,2,5,14
9:39:26,2198.4,2198.2,2198.4,5,25,13
9:39:26,2198.4,2198.4,2198.6,18,19,2
9:39:27,2198.6,2198.4,2198.8,2,30,13
9:39:27,2198.8,2198.6,2198.8,3,6,14
9:39:28,2198.8,2198.6,2198.8,1,6,17
9:39:28,2198.6,2198.6,2198.8,10,2,13
9:39:29,2198.6,2198.6,2198.8,1,9,13
9:39:29,2198.6,2198.6,2198.8,1,8,14
9:39:30,2198.8,2198.6,2198.8,1,8,14
9:39:30,2198.6,2198.6,2198.8,4,5,13
9:39:31,2198.8,2198.8,2199,17,3,67
9:39:31,2198.6,2198.6,2198.8,6,4,2
9:39:32,2198.8,2198.6,2198.8,1,10,3
9:39:33,2198.8,2198.6,2198.8,1,10,5
9:39:33,2198.6,2198.6,2198.8,3,7,10
