9:14:00,2140.4,2140.4,2141,258,1,2
9:15:00,2141,2141,2141.6,62,72,16
9:15:01,2141.2,2141.2,2142.2,148,10,6
9:15:01,2143,2142.2,2143,88,21,19
9:15:02,2142.4,2142.4,2142.8,63,3,46
9:15:02,2142.2,2142.2,2142.4,120,6,5
9:15:03,2142.2,2142,2142.2,36,8,52
9:15:03,2141.8,2141.6,2141.8,59,27,4
9:15:04,2141.8,2141.8,2142,39,2,11
9:15:04,2142,2142,2142.2,38,2,25
9:15:05,2142,2141.8,2142,33,1,19
9:15:05,2142.2,2141.8,2142.2,44,9,5
9:15:06,2141.8,2141.6,2141.8,58,15,67
9:15:06,2141.8,2141.4,2141.8,59,7,29
9:15:07,2141.6,2141.2,2141.6,24,10,15
9:15:07,2141.8,2141.4,2141.8,59,8,1
9:15:08,2141.8,2141.6,2141.8,42,18,5
9:15:08,2141.8,2141.8,2142,31,10,2
9:15:09,2142.4,2142.2,2142.4,31,25,4
9:15:09,2142,2142,2142.2,99,2,19
9:15:10,2142.2,2142.2,2142.6,38,4,30
9:15:10,2142.4,2142.2,2142.4,10,10,14
9:15:11,2142.2,2142.2,2142.4,10,18,17
9:15:11,2142.2,2142.2,2142.4,13,13,114
9:15:12,2142,2142,2142.2,18,12,62
9:15:12,2142,2141.8,2142,53,9,32
9:15:13,2141.6,2141.6,2141.8,32,16,3
9:15:13,2141.8,2141.8,2142,39,12,2
9:15:14,2142,2142,2142.2,17,2,46
9:15:14,2142,2142,2142.2,10,14,46
9:15:15,2142,2142,2142.2,45,1,39
9:15:15,2142,2141.8,2142,36,56,101
9:15:16,2141.8,2141.8,2142,23,34,128
9:15:16,2141.8,2141.6,2141.8,44,16,6
9:15:17,2141.8,2141.6,2141.8,33,26,93
9:15:17,2141.6,2141.6,2141.8,59,4,97
9:15:18,2141.6,2141.4,2141.6,15,5,12
9:15:18,2141.4,2141.4,2141.6,23,3,13
9:15:19,2141.4,2141.2,2141.4,25,12,9
9:15:19,2141.2,2141.2,2141.4,21,11,5
9:15:20,2141.6,2141.2,2141.6,19,13,1
9:15:20,2141.2,2141.2,2141.6,15,8,2
9:15:21,2141.4,2141.4,2141.6,10,2,1
9:15:21,2141.4,2141.4,2141.8,16,2,91
9:15:22,2141.6,2141.4,2141.6,7,8,16
9:15:22,2141.2,2141.2,2141.4,16,141,3
9:15:23,2141.4,2141.4,2141.6,16,108,17
9:15:23,2141.6,2141.6,2141.8,33,20,80
9:15:24,2141.8,2141.6,2141.8,44,28,61
9:15:24,2141.8,2141.6,2141.8,49,58,11
9:15:25,2141.8,2141.8,2142,34,20,91
9:15:25,2142,2141.8,2142,23,24,71
9:15:26,2142,2141.8,2142,76,56,4
9:15:26,2141.8,2141.6,2141.8,57,57,24
9:15:27,2141.8,2141.6,2141.8,27,50,10
9:15:27,2142,2141.8,2142.2,41,18,38
9:15:28,2141.8,2141.8,2142,9,18,8
9:15:28,2142.2,2142,2142.2,15,7,39
9:15:29,2142.2,2141.8,2142.2,37,21,29
9:15:29,2142.2,2141.8,2142.2,12,18,25
9:15:30,2142.2,2142,2142.2,19,5,21
9:15:30,2142.4,2142.2,2142.4,34,8,13
9:15:31,2142.4,2142.4,2142.6,19,11,18
9:15:31,2142.6,2142.4,2142.6,20,1,18
9:15:32,2142.2,2142.2,2142.4,20,35,3
9:15:32,2142.4,2142.2,2142.4,39,32,87
9:15:33,2142.4,2142.2,2142.4,33,34,82
9:15:33,2142.2,2142.2,2142.4,22,8,90
9:15:34,2142.2,2142,2142.2,13,24,3
9:15:34,2142.4,2142,2142.2,18,17,7
9:15:35,2142,2142,2142.2,9,16,4
9:15:35,2142.2,2142,2142.4,13,14,105
9:15:36,2142.2,2142,2142.2,8,11,8
9:15:36,2142.2,2142,2142.2,19,5,7
9:15:37,2142,2141.8,2142.2,13,38,11
9:15:37,2142.2,2142,2142.2,13,25,6
9:15:38,2142,2142,2142.2,1,33,7
9:15:38,2142.2,2142.2,2142.4,17,1,127
9:15:39,2142.2,2142.2,2142.4,5,18,126
9:15:39,2142.2,2142.2,2142.4,13,8,166
9:15:40,2142.4,2142.2,2142.4,71,7,99
9:15:40,2142.2,2142.2,2142.4,71,1,35
9:15:41,2142.4,2142.2,2142.4,40,19,14
9:15:41,2142.4,2142.4,2142.6,21,7,12
9:15:42,2142.4,2142.6,2142.8,17,1,19
9:15:42,2142.6,2142.6,2143,24,13,50
9:15:43,2143,2142.8,2143,21,9,41
9:15:43,2143,2142.6,2142.8,42,1,2
9:15:44,2142.8,2142.4,2142.8,14,11,2
9:15:44,2142.6,2142.4,2142.6,16,12,14
9:15:45,2142.4,2142.4,2142.6,10,9,7
9:15:45,2142.6,2142.4,2142.6,6,8,39
9:15:46,2142.6,2142.2,2142.6,28,44,22
9:15:46,2142.6,2142.2,2142.4,8,24,1
9:15:47,2142.4,2142.2,2142.4,4,28,9
9:15:47,2142.2,2142.2,2142.4,7,22,9
9:15:48,2142.4,2142.2,2142.4,8,23,1
9:15:48,2142.4,2142.4,2142.6,9,10,25
9:15:49,2142.4,2142.4,2142.6,7,12,22
9:15:49,2142.4,2142.4,2142.6,5,12,25
9:15:50,2142.6,2142.4,2142.6,16,14,10
9:15:50,2142.4,2142.4,2142.8,27,10,18
9:15:51,2142.4,2142.4,2142.8,4,28,24
9:15:51,2142.8,2142.6,2142.8,4,20,25
9:15:52,2142.8,2142.6,2142.8,9,21,17
9:15:52,2143,2142.6,2143,32,20,15
9:15:53,2142.8,2142.8,2143,59,4,17
9:15:53,2142.8,2142.8,2143,12,15,8
9:15:54,2142.8,2142.6,2142.8,40,4,72
9:15:54,2142.6,2142.4,2142.6,17,15,4
9:15:55,2142.6,2142.4,2142.6,15,6,14
9:15:55,2142.6,2142.4,2142.6,4,4,18
9:15:56,2142.4,2142.2,2142.4,7,55,3
9:15:56,2142.2,2142.2,2142.4,29,29,1
9:15:57,2142.6,2142.2,2142.6,13,33,16
9:15:57,2142.6,2142.4,2142.6,32,22,2
9:15:58,2142.6,2142.4,2142.8,5,27,85
9:15:58,2142.8,2142.4,2142.8,1,33,84
9:15:59,2142.4,2142.4,2142.6,18,19,12
9:15:59,2142.6,2142.4,2142.6,17,16,7
9:16:00,2142.6,2142.4,2142.6,4,19,5
9:16:00,2142.6,2142.4,2142.6,47,3,57
9:16:01,2142.4,2142.2,2142.4,14,41,11
9:16:01,2142.6,2142.4,2142.6,70,2,35
9:16:02,2142.6,2142.2,2142.6,17,12,27
9:16:02,2142.4,2142.2,2142.4,10,9,4
9:16:03,2142.2,2142.2,2142.6,20,9,29
9:16:03,2142.2,2142.2,2142.6,11,9,29
9:16:04,2142.2,2142.2,2142.6,6,12,32
9:16:04,2142.2,2142.2,2142.6,10,19,25
9:16:05,2142.2,2142.2,2142.6,28,9,22
9:16:05,2142.2,2142.2,2142.4,25,11,6
9:16:06,2142.6,2142.2,2142.6,24,1,6
9:16:06,2142.2,2142,2142.2,5,96,1
9:16:07,2142.2,2142,2142.2,10,95,39
9:16:07,2142,2142,2142.2,8,92,35
9:16:08,2142,2142,2142.2,60,39,34
9:16:08,2142,2142,2142.2,12,32,33
9:16:09,2142,2142,2142.2,33,3,34
9:16:09,2142,2141.8,2142,30,77,4
9:16:10,2142,2141.8,2142,10,77,1
9:16:10,2141.8,2142,2142.2,8,3,24
9:16:11,2142.2,2142,2142.2,4,2,23
9:16:11,2142,2142,2142.2,21,4,21
9:16:12,2142,2142,2142.2,13,8,15
9:16:12,2142,2142,2142.2,10,14,8
9:16:13,2142.2,2142.2,2142.4,17,28,103
9:16:13,2142,2141.8,2142,52,77,3
9:16:14,2142,2142,2142.4,6,3,103
9:16:14,2142.2,2141.8,2142.2,57,30,6
9:16:15,2141.6,2141.6,2141.8,41,51,1
9:16:15,2142,2142,2142.2,16,2,5
9:16:16,2142,2142,2142.2,1,1,10
9:16:16,2141.8,2141.8,2142,7,9,17
9:16:17,2141.8,2141.8,2142,5,11,15
9:16:17,2142,2141.8,2142,11,13,4
9:16:18,2142,2141.8,2142,4,19,2
9:16:18,2141.8,2141.8,2142,7,13,6
9:16:19,2142,2142,2142.2,10,4,47
9:16:19,2142.2,2141.8,2142.2,7,15,46
9:16:20,2142,2141.8,2142,3,21,19
9:16:20,2142,2141.8,2142,9,20,15
9:16:21,2142,2141.8,2142,12,16,29
9:16:21,2141.8,2141.6,2141.8,35,62,7
9:16:22,2141.8,2141.6,2141.8,11,61,4
9:16:22,2142,2141.8,2142,5,5,22
9:16:23,2141.8,2141.8,2142,9,8,15
9:16:23,2142,2141.8,2142,11,7,9
9:16:24,2142,2141.8,2142,2,9,10
9:16:24,2141.8,2141.8,2142,10,8,4
9:16:25,2142,2141.8,2142,1,13,22
9:16:25,2142,2141.8,2142,1,13,22
9:16:26,2142,2141.8,2142,4,14,20
9:16:26,2141.8,2141.8,2142,4,15,19
9:16:27,2141.8,2141.8,2142,5,11,20
9:16:27,2141.8,2141.8,2142,4,95,19
9:16:28,2142,2141.8,2142,15,95,4
9:16:28,2142,2142,2142.2,12,19,49
9:16:29,2142,2142,2142.2,9,18,45
9:16:29,2142,2142,2142.2,4,48,43
9:16:30,2142.2,2142,2142.2,62,25,5
9:16:30,2142.2,2142.2,2142.4,20,11,36
9:16:31,2142.4,2142.2,2142.4,10,31,40
9:16:31,2142.4,2142.2,2142.4,14,23,35
9:16:32,2142.2,2142.2,2142.4,6,23,33
9:16:32,2142.2,2142.2,2142.4,22,2,33
9:16:33,2142.2,2142.2,2142.4,2,1,32
9:16:33,2142,2142,2142.2,5,14,1
9:16:34,2142,2142,2142.2,6,10,7
9:16:35,2142.2,2142,2142.2,1,11,9
9:16:35,2142.2,2142,2142.2,1,12,9
9:16:36,2142,2142,2142.2,2,10,8
9:16:36,2142.2,2142,2142.2,3,8,8
9:16:37,2142.2,2142,2142.2,1,20,7
9:16:37,2142.2,2142,2142.2,1,23,8
9:16:38,2142,2142,2142.2,3,23,8
9:16:39,2142.2,2142,2142.2,4,26,5
9:16:39,2142,2142,2142.2,1,25,6
9:16:40,2142,2142,2142.2,5,23,6
9:16:40,2142.2,2142,2142.2,6,20,15
9:16:41,2142.2,2142,2142.2,4,25,12
9:16:41,2142,2141.8,2142,26,172,5
9:16:42,2142.2,2141.8,2142,55,169,2
9:16:42,2142.2,2142,2142.2,3,1,34
9:16:43,2142,2142,2142.2,2,24,36
9:16:43,2142,2142,2142.2,2,25,37
9:16:44,2142.2,2142,2142.2,4,27,34
9:16:44,2142,2142,2142.2,8,28,32
9:16:45,2142,2142,2142.2,8,39,32
9:16:45,2142,2142,2142.2,13,33,28
9:16:46,2142,2142,2142.2,7,32,25
9:16:46,2142,2142,2142.2,1,32,25
9:16:47,2142,2142,2142.2,15,19,25
9:16:47,2142,2142,2142.2,1,39,38
9:16:48,2142.2,2142,2142.2,5,44,35
9:16:48,2142,2142,2142.2,8,42,29
9:16:49,2142,2142,2142.2,35,37,10
9:16:49,2142.2,2142.2,2142.4,20,24,65
9:16:50,2142.2,2142.2,2142.4,5,45,63
9:16:51,2142.2,2142.2,2142.4,6,41,65
9:16:52,2142.2,2142.2,2142.4,6,35,65
9:16:53,2142.2,2142.2,2142.4,1,39,66
9:16:54,2142.2,2142.2,2142.4,3,36,66
9:16:54,2142.4,2142.2,2142.4,15,31,57
9:16:55,2142.4,2142.2,2142.4,12,23,53
9:16:55,2142.2,2142.2,2142.4,2,23,56
9:16:56,2142.4,2142.2,2142.4,3,25,55
9:16:57,2142.4,2142.2,2142.4,2,25,54
9:16:57,2142.4,2142.2,2142.4,6,25,48
9:16:58,2142.4,2142.2,2142.4,11,20,42
9:16:58,2142.4,2142.2,2142.4,8,13,43
9:16:59,2142.4,2142.2,2142.4,3,16,40
9:16:59,2142.2,2142.2,2142.4,14,9,37
9:17:00,2142.4,2142.2,2142.4,3,11,36
9:17:00,2142.4,2142.2,2142.4,5,11,31
9:17:01,2142.2,2142.2,2142.4,4,9,29
9:17:01,2142.4,2142.2,2142.4,4,6,28
9:17:02,2142,2142,2142.4,30,79,30
9:17:02,2142.2,2142,2142.4,2,117,30
9:17:03,2142,2142.2,2142.4,40,6,30
9:17:03,2142.2,2142.2,2142.4,4,6,29
9:17:04,2142.4,2142.2,2142.4,1,17,29
9:17:04,2142.2,2142.2,2142.4,2,15,30
9:17:05,2142.2,2142.2,2142.4,3,26,30
9:17:05,2142.4,2142.2,2142.4,2,27,31
9:17:06,2142.4,2142.2,2142.4,12,18,29
9:17:06,2142.2,2142.2,2142.4,8,19,25
9:17:07,2142.4,2142.2,2142.4,2,19,25
9:17:07,2142.2,2142.2,2142.4,13,8,24
9:17:08,2142.4,2142.2,2142.4,1,8,23
9:17:08,2142.2,2142,2142.2,9,92,4
9:17:09,2142,2142,2142.2,1,91,4
9:17:09,2142.2,2142,2142.2,2,91,7
9:17:10,2142,2142,2142.2,6,90,2
9:17:10,2142.4,2142,2142.2,10,94,3
9:17:11,2142.2,2142,2142.4,3,94,26
9:17:12,2142.2,2142,2142.2,13,96,1
9:17:12,2142.2,2142.2,2142.4,1,2,27
9:17:13,2142.2,2142.2,2142.4,1,1,28
9:17:14,2142.2,2142.2,2142.4,2,19,32
9:17:14,2142.4,2142.2,2142.4,4,21,29
9:17:15,2142.2,2142.2,2142.4,8,16,30
9:17:15,2142.4,2142.2,2142.4,3,22,28
9:17:16,2142.2,2142.2,2142.4,7,16,29
9:17:16,2142.2,2142.2,2142.4,5,15,25
9:17:17,2142.2,2142.2,2142.4,12,6,23
9:17:17,2142.4,2142.2,2142.4,2,5,23
9:17:18,2142.2,2142,2142.2,5,116,23
9:17:18,2142.2,2142,2142.2,2,118,21
9:17:19,2142.2,2142,2142.2,9,112,21
9:17:20,2142.2,2142,2142.2,1,112,25
9:17:20,2142,2142,2142.2,2,111,26
9:17:21,2142,2142,2142.2,8,103,26
9:17:22,2142,2142,2142.2,5,103,23
9:17:22,2142,2142,2142.2,1,114,25
9:17:23,2142,2142,2142.2,12,106,25
9:17:23,2142,2142,2142.2,4,102,27
9:17:24,2142,2142,2142.2,10,93,25
9:17:25,2142,2142,2142.2,8,87,37
9:17:25,2142,2142,2142.2,5,102,36
9:17:26,2142,2142,2142.2,7,94,37
9:17:26,2142,2142,2142.2,1,93,33
9:17:27,2142,2142,2142.2,5,100,33
9:17:28,2142,2142,2142.2,12,89,34
9:17:28,2142.2,2142,2142.2,61,29,41
9:17:29,2142.2,2142,2142.2,12,19,39
9:17:29,2142,2141.8,2142,19,142,44
9:17:30,2141.8,2141.8,2142,11,135,46
9:17:30,2142,2141.8,2142,2,138,46
9:17:31,2141.8,2141.8,2142,2,137,45
9:17:31,2141.8,2141.8,2142,11,134,37
9:17:32,2142,2141.8,2142,5,130,36
9:17:32,2141.8,2141.8,2142,2,131,36
9:17:33,2142,2141.8,2142,16,129,36
9:17:33,2142,2141.8,2142,10,125,27
9:17:34,2141.8,2141.8,2142,6,120,26
9:17:34,2141.8,2141.8,2142,9,113,27
9:17:35,2142,2141.8,2142,3,113,26
9:17:36,2141.8,2141.8,2142,6,108,36
9:17:36,2142,2141.8,2142,3,112,33
9:17:37,2141.8,2141.8,2142,1,111,34
9:17:37,2142,2141.8,2142,4,108,35
9:17:38,2142,2141.8,2142,8,106,34
9:17:38,2141.8,2141.8,2142,3,103,33
9:17:39,2142,2141.8,2142,17,97,31
9:17:39,2141.8,2141.8,2142,2,95,32
9:17:40,2141.8,2141.8,2142,9,88,31
9:17:40,2142,2141.8,2142,12,80,29
9:17:41,2141.8,2141.8,2142,2,78,31
9:17:41,2141.8,2141.8,2142,28,56,28
9:17:42,2142,2141.8,2142,5,52,27
9:17:42,2141.8,2141.8,2142,1,53,27
9:17:43,2141.8,2141.8,2142,19,35,29
9:17:43,2141.8,2141.8,2142,1,34,30
9:17:44,2142,2141.8,2142,2,33,30
9:17:44,2141.8,2141.8,2142,2,33,32
9:17:45,2141.8,2141.8,2142,2,34,33
9:17:46,2141.8,2141.8,2142,1,33,33
9:17:46,2142,2141.8,2142,3,34,31
9:17:47,2142,2141.8,2142,4,32,30
9:17:47,2142,2141.8,2142,7,26,30
9:17:48,2141.8,2141.6,2141.8,28,82,2
9:17:48,2141.8,2141.6,2141.8,25,82,14
9:17:49,2141.8,2141.6,2141.8,11,84,3
9:17:49,2141.6,2141.6,2141.8,11,80,2
9:17:50,2141.8,2141.6,2141.8,1,81,4
9:17:50,2141.8,2141.6,2141.8,5,79,1
9:17:51,2141.8,2141.6,2141.8,14,79,23
9:17:51,2141.8,2141.6,2141.8,12,77,13
9:17:52,2141.6,2141.6,2141.8,9,74,20
9:17:52,2141.8,2141.6,2141.8,5,75,15
9:17:53,2141.6,2141.6,2141.8,4,71,31
9:17:53,2141.8,2141.6,2141.8,27,108,7
9:17:54,2141.8,2141.8,2142,9,3,31
9:17:54,2141.8,2141.8,2142,5,3,32
9:17:55,2141.8,2141.8,2142,3,15,30
9:17:56,2142,2141.8,2142,19,7,24
9:17:56,2141.8,2141.8,2142,1,7,24
9:17:57,2141.8,2141.8,2142,3,17,24
9:17:57,2141.8,2141.8,2142,3,37,33
9:17:58,2141.8,2141.8,2142,5,36,31
9:17:59,2141.8,2141.8,2142,4,47,33
9:17:59,2141.8,2141.8,2142,2,47,33
9:18:00,2141.8,2141.8,2142,1,48,33
9:18:00,2141.8,2141.8,2142,1,48,33
9:18:01,2142,2141.8,2142,6,45,37
9:18:01,2141.8,2141.8,2142,3,43,36
9:18:02,2141.8,2141.8,2142,4,47,37
9:18:02,2141.8,2141.8,2142,3,50,35
9:18:03,2142,2141.8,2142,4,50,32
9:18:03,2141.8,2141.8,2142,2,149,32
9:18:04,2142,2142,2142.2,33,4,39
9:18:04,2142,2142,2142.2,17,11,25
9:18:05,2142,2142,2142.2,1,16,25
9:18:05,2142,2142,2142.2,1,18,25
9:18:06,2142,2142,2142.2,1,18,25
9:18:07,2142.2,2142,2142.2,1,19,23
9:18:08,2142.2,2142,2142.2,4,22,19
9:18:08,2142.2,2142,2142.2,9,17,17
9:18:09,2142.2,2142,2142.2,1,18,16
9:18:09,2142.2,2142,2142.2,5,18,11
9:18:10,2142,2142,2142.2,7,13,9
9:18:10,2142.2,2142,2142.2,9,13,5
9:18:11,2142.2,2142,2142.2,4,12,3
9:18:11,2142.2,2142,2142.2,2,13,2
9:18:12,2142.2,2142.2,2142.4,2,1,54
9:18:12,2142.2,2142.2,2142.4,4,19,53
9:18:13,2142.4,2142.2,2142.4,2,19,53
9:18:13,2142.2,2142.2,2142.4,32,18,22
9:18:14,2142.4,2142.2,2142.4,10,16,15
9:18:15,2142.6,2142.4,2142.6,17,3,31
9:18:15,2142.6,2142.4,2142.6,1,26,31
9:18:16,2142.6,2142.4,2142.6,5,33,27
9:18:16,2142.6,2142.4,2142.6,8,38,18
9:18:17,2142.6,2142.4,2142.6,11,38,8
9:18:17,2142.6,2142.6,2142.8,8,1,73
9:18:18,2142.6,2142.6,2142.8,7,5,73
9:18:18,2142.4,2142.4,2142.6,6,38,26
9:18:19,2142.6,2142.4,2142.6,10,35,22
9:18:19,2142.6,2142.4,2142.6,6,35,40
9:18:20,2142.6,2142.4,2142.6,14,36,27
9:18:20,2142.6,2142.4,2142.6,21,18,25
9:18:21,2142.4,2142.4,2142.6,5,16,22
9:18:21,2142.6,2142.4,2142.6,3,31,45
9:18:22,2142.6,2142.4,2142.6,6,30,61
9:18:22,2142.6,2142.4,2142.6,2,30,59
9:18:23,2142.4,2142.4,2142.6,3,28,65
9:18:23,2142.4,2142.4,2142.6,59,1,57
9:18:24,2142.4,2142.2,2142.6,2,1,59
9:18:25,2142.4,2142.2,2142.4,3,2,19
9:18:25,2142.2,2142.2,2142.4,6,2,50
9:18:26,2142.4,2142.2,2142.4,2,2,49
9:18:26,2142.4,2142,2142.4,8,43,43
9:18:27,2142,2142,2142.4,3,43,44
9:18:27,2142.2,2142,2142.4,2,48,43
9:18:28,2142.2,2142,2142.2,1,48,1
9:18:29,2142.2,2142,2142.4,1,50,44
9:18:29,2142.4,2142,2142.4,4,52,45
9:18:30,2142.4,2142,2142.4,16,54,30
9:18:31,2142.4,2142,2142.4,2,55,30
9:18:32,2142.4,2142,2142.4,1,60,29
9:18:33,2142.4,2142.2,2142.4,1,7,29
9:18:33,2142.4,2142.2,2142.4,25,7,4
9:18:34,2142.4,2142.4,2142.6,4,7,42
9:18:35,2142.4,2142.4,2142.6,1,13,45
9:18:36,2142.6,2142.4,2142.6,11,8,42
9:18:36,2142.4,2142.4,2142.6,2,7,43
9:18:37,2142.4,2142.4,2142.6,2,6,43
9:18:37,2142.4,2142.4,2142.6,2,7,45
9:18:38,2142.6,2142.4,2142.6,31,7,14
9:18:38,2142.6,2142.4,2142.6,3,7,11
9:18:39,2142.6,2142.6,2142.8,14,4,73
9:18:39,2142.6,2142.6,2142.8,19,10,55
9:18:40,2142.6,2142.6,2142.8,3,8,55
9:18:40,2142.8,2142.6,2142.8,12,6,49
9:18:41,2142.8,2142.6,2142.8,2,6,48
9:18:42,2142.8,2142.6,2142.8,4,20,44
9:18:42,2142.8,2142.6,2142.8,4,20,40
9:18:43,2142.8,2142.6,2142.8,48,11,2
9:18:43,2142.8,2142.8,2143,5,22,76
9:18:44,2143,2142.8,2143,2,23,74
9:18:44,2143,2142.8,2143,15,27,72
9:18:45,2142.8,2142.8,2143,43,27,31
9:18:45,2143,2143,2143.2,32,21,88
9:18:46,2143.2,2143,2143.2,4,29,84
9:18:46,2143,2143,2143.2,42,27,72
9:18:47,2143.2,2143,2143.2,28,25,48
9:18:47,2143.2,2143,2143.2,18,28,41
9:18:48,2143.2,2143,2143.2,19,27,22
9:18:48,2143.2,2143,2143.2,53,1,15
9:18:49,2143.2,2143,2143.2,7,8,28
9:18:49,2142.8,2142.8,2143.2,45,23,38
9:18:50,2143,2142.8,2143,11,21,2
9:18:50,2143,2142.8,2143,12,45,4
9:18:51,2143,2142.8,2143,4,45,24
9:18:51,2143,2142.8,2143,15,45,13
9:18:52,2143,2143,2143.2,32,20,31
9:18:52,2143.2,2143,2143.2,1,27,31
9:18:53,2143.2,2143,2143.2,3,27,73
9:18:53,2143,2143,2143.2,6,28,88
9:18:54,2143.2,2143,2143.2,5,26,86
9:18:54,2143.2,2143,2143.2,21,51,90
9:18:55,2143,2143,2143.2,10,53,79
9:18:55,2143.2,2143,2143.2,25,50,61
9:18:56,2143,2143,2143.2,25,30,51
9:18:56,2143.2,2143,2143.2,6,30,51
9:18:57,2143.2,2143,2143.2,21,23,50
9:18:57,2143.2,2143,2143.2,8,27,46
9:18:58,2143.2,2143,2143.2,14,34,40
9:18:58,2143,2143,2143.2,26,14,41
9:18:59,2143,2142.8,2143,19,49,2
9:18:59,2143,2142.8,2143,17,38,7
9:19:00,2143,2142.8,2143,7,38,1
9:19:00,2143,2142.8,2143,4,36,14
9:19:01,2143,2143,2143.2,49,1,45
9:19:01,2142.8,2142.8,2143.2,25,30,36
9:19:02,2143,2142.8,2143,1,47,4
9:19:03,2142.8,2142.8,2143,36,14,7
9:19:03,2142.8,2142.8,2143,10,5,19
9:19:04,2143,2142.8,2143,6,9,29
9:19:04,2142.8,2142.6,2142.8,11,30,11
9:19:05,2142.8,2142.6,2142.8,12,28,2
9:19:05,2142.8,2142.6,2142.8,2,34,3
9:19:06,2142.6,2142.6,2142.8,5,31,1
9:19:06,2142.8,2142.6,2143,6,28,57
9:19:07,2142.6,2142.6,2143,24,8,55
9:19:07,2143,2142.6,2142.8,1,9,1
9:19:08,2142.8,2142.6,2143,4,8,56
9:19:08,2142.8,2142.6,2143,2,9,56
9:19:09,2142.8,2142.6,2142.8,6,13,4
9:19:10,2142.8,2142.6,2142.8,2,12,2
9:19:10,2142.6,2142.6,2142.8,2,10,3
9:19:11,2142.8,2142.6,2142.8,2,13,2
9:19:11,2143,2142.6,2143,3,18,117
9:19:12,2142.8,2142.8,2143,3,1,118
9:19:13,2142.8,2142.8,2143,5,4,116
9:19:13,2142.8,2142.8,2143,5,1,115
9:19:14,2143,2142.8,2143,31,5,84
9:19:14,2142.8,2142.8,2143,10,6,77
9:19:15,2143,2142.8,2143,10,15,75
9:19:15,2142.8,2142.8,2143,23,13,67
9:19:16,2143,2142.8,2143,5,15,68
9:19:16,2143,2142.8,2143,30,16,38
9:19:17,2142.8,2142.8,2143,3,15,37
9:19:17,2143,2142.8,2143,14,16,24
9:19:18,2143,2142.8,2143.2,31,37,52
9:19:18,2143,2142.8,2143.2,1,38,52
9:19:19,2143,2143,2143.2,15,39,52
9:19:20,2143.2,2143,2143.2,3,42,52
9:19:21,2143.2,2143,2143.2,11,44,43
9:19:21,2143,2143,2143.2,15,41,31
9:19:22,2143.2,2143,2143.2,21,46,24
9:19:22,2143.2,2143,2143.2,4,47,21
9:19:23,2143.4,2143,2143.4,36,49,11
9:19:23,2143.4,2143.2,2143.4,5,18,14
9:19:24,2143.4,2143.2,2143.4,6,46,8
9:19:24,2143.2,2143.4,2143.6,10,1,58
9:19:25,2143.2,2143.2,2143.6,30,18,75
9:19:25,2143.4,2143.2,2143.6,32,19,46
9:19:26,2143.4,2143.2,2143.4,5,12,18
9:19:26,2143.2,2143.2,2143.4,25,5,2
9:19:27,2143.2,2143,2143.2,24,45,39
9:19:27,2143,2143,2143.2,4,50,39
9:19:28,2143.2,2143,2143.2,7,51,33
9:19:28,2143.2,2143,2143.2,2,52,38
9:19:29,2143.2,2143,2143.2,2,52,40
9:19:29,2143.2,2143,2143.2,2,54,38
9:19:30,2143.2,2143,2143.2,9,52,35
9:19:30,2143.2,2143,2143.2,3,57,33
9:19:31,2143.2,2143,2143.2,20,56,16
9:19:31,2143,2142.8,2143,65,68,3
9:19:32,2142.8,2142.8,2143,8,64,102
9:19:32,2143,2142.8,2143,16,58,92
9:19:33,2143,2142.8,2143,39,25,87
9:19:33,2143,2142.8,2143,1,25,86
9:19:34,2142.8,2142.8,2143,16,12,89
9:19:34,2143,2142.8,2143,1,12,88
9:19:35,2143,2142.8,2143,5,11,85
9:19:35,2143,2142.8,2143,30,31,58
9:19:36,2143,2142.8,2143,1,33,58
9:19:36,2143,2142.8,2143,2,37,54
9:19:37,2142.8,2142.8,2143,7,31,54
9:19:37,2143,2142.8,2143,7,31,47
9:19:38,2143.2,2142.8,2143.2,50,32,10
9:19:38,2143,2142.8,2143.2,8,34,10
9:19:39,2143.2,2142.8,2143,5,34,3
9:19:39,2143,2143,2143.2,4,4,7
9:19:40,2143,2143,2143.2,1,7,7
9:19:40,2143.2,2143,2143.2,10,5,1
9:19:41,2143,2143,2143.2,1,5,7
9:19:41,2143,2143,2143.2,3,6,8
9:19:42,2143.2,2143,2143.2,1,9,7
9:19:42,2143,2143,2143.2,1,8,18
9:19:43,2143.2,2143,2143.2,28,40,3
9:19:43,2143.2,2143,2143.2,2,43,3
9:19:44,2143.2,2143,2143.2,6,39,1
9:19:44,2143,2143,2143.2,4,39,2
9:19:45,2143,2143,2143.2,4,42,2
9:19:45,2143.2,2143,2143.2,4,41,2
9:19:46,2143.2,2143.2,2143.4,5,1,73
9:19:47,2143.4,2143,2143.4,6,47,74
9:19:47,2143.2,2143,2143.4,1,48,75
9:19:48,2143,2143,2143.4,11,43,71
9:19:48,2143.4,2143,2143.2,7,44,1
9:19:49,2143.2,2143,2143.2,4,43,1
9:19:49,2143,2143,2143.2,2,40,15
9:19:50,2143,2143,2143.2,4,39,33
9:19:50,2143.2,2143,2143.2,7,42,29
9:19:51,2143,2143,2143.2,27,15,35
9:19:51,2143.2,2143,2143.2,28,24,11
9:19:52,2143,2143,2143.2,17,9,15
9:19:52,2143,2143,2143.2,3,8,16
9:19:53,2143,2143,2143.2,1,8,32
9:19:53,2143,2142.8,2143,8,57,19
9:19:54,2142.8,2142.8,2143,11,57,13
9:19:54,2142.8,2142.8,2143,9,57,5
9:19:55,2142.8,2142.8,2143,6,56,1
9:19:55,2142.8,2142.8,2143.2,5,54,37
9:19:56,2143,2143,2143.2,2,2,39
9:19:57,2142.8,2143,2143.2,3,2,46
9:19:57,2143,2143,2143.2,4,4,75
9:19:58,2143,2142.8,2143,4,53,26
9:19:58,2143,2142.8,2143,2,52,24
9:19:59,2143,2142.8,2143,15,47,21
9:19:59,2142.8,2142.8,2143,14,42,18
9:20:00,2142.8,2142.6,2142.8,43,75,2
9:20:00,2142.8,2142.6,2142.8,13,69,1
9:20:01,2142.6,2142.6,2143,29,66,15
9:20:01,2143,2142.8,2143,40,3,8
9:20:02,2143.2,2142.8,2143.2,61,1,65
9:20:02,2143.2,2142.8,2143,21,12,1
9:20:03,2142.8,2142.8,2143,3,17,2
9:20:03,2142.8,2142.8,2143,4,22,2
9:20:04,2143.2,2143,2143.2,3,1,68
9:20:04,2142.8,2142.8,2143,9,26,8
9:20:05,2143.2,2143,2143.2,13,1,62
9:20:05,2143,2143,2143.2,1,2,76
9:20:06,2143.2,2142.8,2143.2,5,39,62
9:20:06,2142.8,2142.8,2143,1,33,4
9:20:07,2143,2143,2143.2,4,15,64
9:20:07,2143.2,2143,2143.2,1,15,65
9:20:08,2143,2143,2143.2,5,16,68
9:20:08,2143,2143,2143.2,3,13,69
9:20:09,2143.2,2143,2143.2,13,11,59
9:20:09,2143.2,2143,2143.2,2,19,60
9:20:10,2143,2142.8,2143,23,38,1
9:20:10,2143.2,2142.8,2143.2,5,39,59
9:20:11,2143.2,2142.8,2143.2,2,39,56
9:20:11,2143,2142.8,2143,7,37,9
9:20:12,2143,2142.8,2143,2,39,10
9:20:12,2143,2142.8,2143,3,39,8
9:20:13,2143,2142.8,2143,9,46,1
9:20:13,2143,2143,2143.2,1,4,62
9:20:14,2143,2143,2143.2,2,2,62
9:20:14,2142.8,2142.8,2143,11,42,2
9:20:15,2143,2142.8,2143.2,2,59,64
9:20:15,2143.2,2142.8,2143.2,1,60,63
9:20:16,2143.2,2142.8,2143.2,13,62,54
9:20:16,2143,2143,2143.2,1,10,54
9:20:17,2143,2143,2143.2,3,11,53
9:20:17,2143.2,2143,2143.2,3,18,51
9:20:18,2142.8,2142.8,2143,21,62,1
9:20:18,2143,2142.8,2143.2,18,47,51
9:20:19,2143.2,2143,2143.2,1,1,50
9:20:19,2143,2142.8,2143,3,48,7
9:20:20,2143,2142.8,2143,9,48,35
9:20:20,2143,2142.8,2143,8,44,32
9:20:21,2143,2142.8,2143,12,40,27
9:20:21,2143,2142.8,2143,15,41,13
9:20:22,2143,2142.8,2143,11,40,3
9:20:23,2143,2142.8,2143,1,45,3
9:20:23,2143,2142.8,2143,3,44,2
9:20:24,2143,2142.8,2143,1,44,1
9:20:24,2143,2143,2143.2,1,2,56
9:20:26,2143,2143,2143.2,12,1,56
9:20:26,2143,2143,2143.2,3,5,56
9:20:27,2143,2142.8,2143,8,44,1
9:20:27,2143,2142.8,2143.2,3,44,51
9:20:28,2143,2142.8,2143,1,47,1
9:20:28,2143.2,2142.8,2143.2,3,47,50
9:20:30,2143.2,2143,2143.2,1,5,49
9:20:30,2143,2143,2143.2,5,1,52
9:20:31,2143.2,2143,2143.2,8,1,45
9:20:31,2143.2,2143,2143.2,6,1,40
9:20:32,2143.2,2143,2143.2,3,2,38
9:20:32,2143,2143,2143.2,2,1,38
9:20:33,2143.2,2142.8,2143.2,10,63,30
9:20:33,2143.2,2142.8,2143.2,5,67,25
9:20:34,2143.2,2143,2143.2,2,44,24
9:20:34,2143,2143,2143.2,1,44,24
9:20:35,2143.2,2143,2143.2,1,44,23
9:20:35,2143.2,2143,2143.2,11,44,12
9:20:36,2143,2143,2143.2,4,62,10
9:20:36,2143.2,2143,2143.2,2,68,9
9:20:37,2143.2,2143,2143.2,5,68,4
9:20:37,2143,2143.2,2143.4,14,2,85
9:20:38,2143,2143.2,2143.4,2,4,85
9:20:38,2143.4,2143.2,2143.4,1,6,83
9:20:39,2143.4,2143.2,2143.4,2,8,83
9:20:39,2143.2,2143.2,2143.4,6,7,81
9:20:40,2143.2,2143.2,2143.4,2,7,80
9:20:41,2143.2,2143.2,2143.4,2,9,82
9:20:41,2143.2,2143.2,2143.4,2,9,81
9:20:42,2143.4,2143.2,2143.4,1,9,81
9:20:42,2143.2,2143.2,2143.4,4,9,80
9:20:43,2143.2,2143.2,2143.4,5,7,79
9:20:43,2143.2,2143.2,2143.4,7,1,79
9:20:44,2143.2,2143.2,2143.4,1,1,79
9:20:44,2143.4,2143,2143.4,2,113,79
9:20:45,2143.4,2143.2,2143.4,2,1,78
9:20:45,2143.4,2143,2143.4,3,113,77
9:20:46,2143,2143,2143.4,1,114,77
9:20:47,2143.2,2143,2143.2,7,112,1
9:20:47,2143.4,2143.2,2143.4,4,4,76
9:20:48,2143.4,2143.2,2143.4,5,4,72
9:20:48,2143.2,2143.2,2143.4,4,3,79
9:20:49,2143.4,2143.2,2143.4,11,4,68
9:20:49,2143.4,2143.2,2143.4,27,62,47
9:20:50,2143.4,2143.2,2143.4,7,68,41
9:20:50,2143.4,2143.2,2143.4,44,46,19
9:20:51,2143.6,2143.4,2143.6,23,1,97
9:20:51,2143.6,2143.4,2143.6,5,49,93
9:20:52,2143.4,2143.4,2143.6,8,50,86
9:20:52,2143.6,2143.4,2143.6,9,52,76
9:20:53,2143.6,2143.4,2143.6,43,53,36
9:20:53,2143.6,2143.4,2143.6,26,56,10
9:20:54,2143.6,2143.4,2143.6,2,58,8
9:20:54,2143.6,2143.4,2143.6,9,58,2
9:20:55,2143.6,2143.4,2143.6,7,58,1
9:20:55,2143.6,2143.6,2143.8,8,9,99
9:20:56,2143.8,2143.4,2143.6,17,58,2
9:20:56,2143.6,2143.4,2143.6,13,54,17
9:20:57,2143.6,2143.4,2143.6,15,21,5
9:20:57,2143.4,2143.4,2143.8,14,20,105
9:20:58,2143.6,2143.4,2143.6,6,22,6
9:20:58,2143.6,2143.4,2143.6,5,25,26
9:20:59,2143.4,2143.4,2143.6,14,24,19
9:20:59,2143.6,2143.4,2143.6,4,24,26
9:21:00,2143.6,2143.4,2143.6,16,20,16
9:21:00,2143.6,2143.6,2143.8,34,8,91
9:21:01,2143.8,2143.6,2143.8,11,2,89
9:21:01,2143.6,2143.6,2143.8,7,17,86
9:21:02,2143.6,2143.6,2143.8,5,16,77
9:21:02,2143.8,2143.6,2143.8,17,21,66
9:21:03,2143.6,2143.6,2143.8,18,13,59
9:21:03,2143.8,2143.6,2143.8,7,12,58
9:21:04,2143.6,2143.6,2143.8,1,5,58
9:21:04,2143.6,2143.4,2143.6,10,29,4
9:21:05,2143.6,2143.6,2143.8,7,1,56
9:21:05,2143.6,2143.6,2143.8,9,2,49
9:21:06,2143.6,2143.6,2143.8,5,7,48
9:21:06,2143.6,2143.6,2143.8,14,4,56
9:21:07,2143.6,2143.6,2143.8,13,13,56
9:21:08,2143.8,2143.6,2143.8,7,10,57
9:21:08,2143.8,2143.6,2143.8,2,10,61
9:21:09,2143.8,2143.6,2143.8,21,6,46
9:21:09,2143.6,2143.6,2143.8,2,6,47
9:21:10,2143.8,2143.4,2143.6,19,27,1
9:21:10,2143.6,2143.4,2143.6,15,18,6
9:21:11,2143.6,2143.4,2143.6,16,18,7
9:21:12,2143.4,2143.4,2143.6,8,12,21
9:21:12,2143.4,2143.4,2143.6,3,10,21
9:21:13,2143.6,2143.4,2143.6,11,1,22
9:21:13,2143.6,2143.6,2143.8,44,14,61
9:21:14,2143.6,2143.2,2143.6,15,62,1
9:21:14,2143.4,2143.4,2143.6,3,5,2
9:21:15,2143.6,2143.4,2143.6,6,16,2
9:21:15,2143.4,2143.4,2143.6,5,23,8
9:21:16,2143.8,2143.6,2143.8,13,2,80
9:21:16,2143.4,2143.2,2143.4,33,61,6
9:21:17,2143.4,2143.2,2143.4,1,60,7
9:21:17,2143.2,2143.2,2143.4,1,59,5
9:21:18,2143.4,2143.2,2143.4,10,75,2
9:21:18,2143.4,2143.2,2143.6,2,78,21
9:21:19,2143.4,2143.2,2143.6,2,78,26
9:21:19,2143.2,2143.4,2143.6,1,1,38
9:21:20,2143.4,2143.2,2143.6,2,78,41
9:21:20,2143.6,2143.4,2143.6,5,1,43
9:21:21,2143.2,2143.2,2143.4,14,74,2
9:21:21,2143.2,2143.2,2143.6,11,75,26
9:21:22,2143.4,2143.2,2143.6,2,72,34
9:21:23,2143.6,2143.4,2143.6,1,3,38
9:21:23,2143.4,2143.2,2143.6,5,76,35
9:21:24,2143.4,2143.2,2143.6,2,77,42
9:21:25,2143.2,2143.2,2143.6,3,75,47
9:21:25,2143.2,2143.2,2143.4,7,76,1
9:21:26,2143.2,2143.2,2143.4,2,77,1
9:21:26,2143.4,2143.2,2143.6,2,76,46
9:21:27,2143.2,2143.2,2143.4,3,78,2
9:21:27,2143.4,2143.2,2143.4,3,78,2
9:21:28,2143.2,2143.2,2143.4,14,68,1
9:21:28,2143.6,2143.2,2143.6,43,64,13
9:21:29,2143.2,2143.2,2143.6,4,62,15
9:21:29,2143.2,2143.4,2143.6,3,1,16
9:21:30,2143.4,2143.2,2143.6,24,37,15
9:21:30,2143.6,2143.2,2143.6,2,38,15
9:21:31,2143.2,2143.2,2143.4,9,35,1
9:21:32,2143.4,2143.4,2143.6,11,3,18
9:21:32,2143.6,2143.4,2143.6,8,3,20
9:21:33,2143.4,2143.4,2143.6,3,6,21
9:21:33,2143.4,2143.4,2143.6,9,5,34
9:21:34,2143.4,2143.2,2143.6,5,33,34
9:21:34,2143.4,2143.2,2143.6,1,34,37
9:21:36,2143.2,2143.2,2143.4,1,34,12
9:21:36,2143.4,2143.2,2143.4,2,36,15
9:21:37,2143.2,2143.2,2143.4,10,26,17
9:21:38,2143.4,2143.4,2143.6,17,19,52
9:21:38,2143.4,2143.4,2143.6,3,16,52
9:21:39,2143.4,2143.4,2143.6,1,15,51
9:21:40,2143.4,2143.4,2143.6,3,12,61
9:21:40,2143.4,2143.4,2143.6,8,10,57
9:21:41,2143.4,2143.4,2143.6,3,7,57
9:21:41,2143.4,2143.4,2143.6,2,5,57
9:21:42,2143.4,2143.4,2143.6,3,3,59
9:21:42,2143.2,2143.2,2143.4,4,49,6
9:21:43,2143.4,2143.2,2143.4,2,51,5
9:21:43,2143.2,2143.2,2143.4,8,48,3
9:21:44,2143.4,2143.2,2143.4,4,51,2
9:21:45,2143.4,2143.2,2143.4,2,59,3
9:21:46,2143.2,2143.2,2143.4,1,58,4
9:21:48,2143.4,2143.2,2143.4,7,80,1
9:21:48,2143.4,2143.4,2143.6,3,1,86
9:21:49,2143.4,2143.4,2143.6,3,16,87
9:21:49,2143.6,2143.4,2143.6,12,25,85
9:21:50,2143.4,2143.4,2143.6,1,25,85
9:21:50,2143.4,2143.4,2143.6,1,24,88
9:21:51,2143.4,2143.4,2143.6,8,12,90
9:21:52,2143.4,2143.4,2143.6,2,12,90
9:21:52,2143.4,2143.4,2143.6,38,7,59
9:21:53,2143.4,2143.4,2143.6,2,5,59
9:21:53,2143.6,2143.4,2143.6,9,10,50
9:21:54,2143.4,2143.4,2143.6,1,12,51
9:21:54,2143.6,2143.4,2143.6,4,13,47
9:21:55,2143.4,2143.4,2143.6,3,13,46
9:21:55,2143.6,2143.4,2143.6,2,15,46
9:21:56,2143.4,2143.4,2143.6,2,16,46
9:21:56,2143.4,2143.4,2143.6,2,15,42
9:21:57,2143.6,2143.4,2143.6,2,14,41
9:21:57,2143.6,2143.4,2143.6,3,12,41
9:21:58,2143.6,2143.4,2143.6,1,15,44
9:21:59,2143.6,2143.4,2143.6,7,14,39
9:21:59,2143.4,2143.4,2143.6,2,16,39
9:22:00,2143.6,2143.4,2143.6,2,22,39
9:22:00,2143.6,2143.4,2143.6,2,27,40
9:22:01,2143.4,2143.4,2143.6,9,20,39
9:22:01,2143.2,2143.2,2143.4,31,102,1
9:22:02,2143.6,2143.2,2143.4,31,102,1
9:22:02,2143.4,2143.2,2143.4,3,106,2
9:22:03,2143.2,2143.2,2143.4,28,81,1
9:22:03,2143.4,2143.2,2143.4,3,80,5
9:22:04,2143.2,2143.2,2143.4,1,79,12
9:22:05,2143.2,2143.2,2143.6,35,69,26
9:22:05,2143.2,2143.2,2143.4,2,67,1
9:22:06,2143.2,2143.2,2143.4,3,64,8
9:22:07,2143.4,2143.2,2143.4,5,62,16
9:22:07,2143.4,2143.2,2143.4,3,61,16
9:22:08,2143.4,2143.2,2143.4,4,59,18
9:22:08,2143.4,2143.2,2143.4,18,52,8
9:22:09,2143.2,2143.2,2143.4,1,51,8
9:22:09,2143.2,2143.2,2143.4,2,53,9
9:22:10,2143.2,2143.2,2143.4,3,55,10
9:22:10,2143.4,2143.4,2143.6,14,23,74
9:22:11,2143.4,2143.4,2143.6,8,20,74
9:22:11,2143.4,2143.4,2143.6,4,16,80
9:22:12,2143.4,2143.4,2143.6,2,14,81
9:22:12,2143.4,2143.4,2143.6,1,13,81
9:22:13,2143.6,2143.4,2143.6,7,12,75
9:22:14,2143.4,2143.4,2143.6,6,9,75
9:22:14,2143.6,2143.4,2143.6,8,3,73
9:22:15,2143.6,2143.4,2143.6,2,2,73
9:22:16,2143.6,2143.4,2143.6,3,2,71
9:22:17,2143.4,2143.2,2143.6,11,59,69
9:22:17,2143.4,2143.2,2143.6,1,68,70
9:22:18,2143.6,2143.2,2143.4,4,69,1
9:22:19,2143.6,2143.2,2143.6,3,68,71
9:22:21,2143.4,2143.4,2143.6,10,24,71
9:22:21,2143.6,2143.4,2143.6,1,24,70
9:22:22,2143.6,2143.4,2143.6,2,23,68
9:22:22,2143.6,2143.4,2143.6,3,27,66
9:22:23,2143.6,2143.4,2143.6,3,26,64
9:22:23,2143.4,2143.4,2143.6,24,4,63
9:22:24,2143.4,2143.2,2143.4,5,85,26
9:22:25,2143.4,2143.2,2143.4,1,87,35
9:22:26,2143.4,2143.2,2143.4,2,86,34
9:22:26,2143.4,2143.2,2143.4,3,88,31
9:22:27,2143.2,2143.2,2143.4,2,88,37
9:22:28,2143.2,2143.2,2143.4,2,89,36
9:22:28,2143.2,2143.2,2143.4,6,85,36
9:22:29,2143.2,2143.2,2143.4,3,82,36
9:22:29,2143.2,2143.2,2143.4,1,81,36
9:22:30,2143.4,2143.2,2143.4,13,80,25
9:22:30,2143.2,2143.2,2143.4,8,80,21
9:22:31,2143.2,2143.2,2143.4,14,68,19
9:22:31,2143.4,2143.2,2143.4,5,63,16
9:22:32,2143.2,2143.2,2143.4,3,59,15
9:22:32,2143.2,2143.2,2143.4,1,58,15
9:22:33,2143.2,2143.2,2143.4,1,57,16
9:22:33,2143.2,2143.2,2143.4,2,59,15
9:22:34,2143.2,2143.2,2143.4,4,52,15
9:22:35,2143.2,2143.2,2143.4,7,45,16
9:22:35,2143.2,2143.2,2143.4,3,42,16
9:22:37,2143.4,2143.4,2143.6,19,9,85
9:22:37,2143.4,2143.4,2143.6,1,8,85
9:22:38,2143.6,2143.4,2143.6,8,1,84
9:22:38,2143.4,2143.4,2143.6,2,4,84
9:22:39,2143.4,2143.4,2143.6,1,3,84
9:22:39,2143.6,2143.4,2143.6,2,2,85
9:22:40,2143.4,2143.2,2143.4,2,39,4
9:22:41,2143.4,2143.2,2143.4,2,41,4
9:22:41,2143.2,2143.2,2143.4,8,34,7
9:22:42,2143.4,2143.2,2143.4,1,36,8
9:22:43,2143.4,2143.2,2143.4,1,39,22
9:22:43,2143.2,2143.2,2143.4,1,39,23
9:22:45,2143.2,2143.2,2143.4,1,55,25
9:22:45,2143.2,2143.2,2143.4,14,44,22
9:22:46,2143.4,2143.4,2143.6,43,57,94
9:22:46,2143.4,2143.4,2143.6,1,59,96
9:22:47,2143.6,2143.4,2143.6,5,58,98
9:22:48,2143.4,2143.4,2143.6,10,56,101
9:22:49,2143.4,2143.4,2143.6,3,56,100
9:22:50,2143.4,2143.4,2143.6,3,58,99
9:22:50,2143.4,2143.4,2143.6,2,57,101
9:22:52,2143.6,2143.4,2143.6,2,57,105
9:22:52,2143.6,2143.4,2143.6,4,56,102
9:22:53,2143.6,2143.4,2143.6,1,56,101
9:22:53,2143.4,2143.4,2143.6,2,61,120
9:22:54,2143.6,2143.4,2143.6,1,61,121
9:22:54,2143.4,2143.4,2143.6,1,59,121
9:22:55,2143.6,2143.4,2143.6,6,57,118
9:22:55,2143.4,2143.4,2143.6,1,57,116
9:22:56,2143.4,2143.4,2143.6,3,55,115
9:22:56,2143.6,2143.4,2143.6,1,56,114
9:22:57,2143.6,2143.4,2143.6,1,56,113
9:22:57,2143.6,2143.4,2143.6,2,55,113
9:22:58,2143.6,2143.4,2143.6,5,54,111
9:22:58,2143.4,2143.4,2143.6,5,53,111
9:22:59,2143.6,2143.4,2143.6,1,53,110
9:22:59,2143.4,2143.4,2143.6,2,53,110
9:23:00,2143.6,2143.4,2143.6,1,54,110
9:23:00,2143.4,2143.4,2143.6,33,22,110
9:23:01,2143.6,2143.4,2143.6,2,21,109
9:23:01,2143.4,2143.4,2143.6,6,16,110
9:23:02,2143.2,2143.2,2143.4,17,88,15
9:23:02,2143.2,2143.2,2143.4,1,87,20
9:23:03,2143.4,2143.2,2143.4,2,88,19
9:23:03,2143.2,2143.2,2143.4,13,86,14
9:23:04,2143.4,2143.2,2143.4,1,87,10
9:23:04,2143.2,2143.2,2143.4,11,87,1
9:23:05,2143.2,2143.2,2143.4,2,85,6
9:23:05,2143.4,2143.4,2143.6,10,3,115
9:23:06,2143.2,2143.2,2143.4,7,78,1
9:23:06,2143.2,2143.2,2143.4,1,77,1
9:23:07,2143.2,2143.2,2143.4,2,75,15
9:23:08,2143.4,2143.2,2143.4,1,75,15
9:23:08,2143.4,2143.2,2143.4,8,72,11
9:23:09,2143.4,2143.2,2143.4,5,70,11
9:23:09,2143.2,2143.2,2143.4,2,69,17
9:23:10,2143.2,2143.2,2143.4,2,68,16
9:23:10,2143.4,2143.2,2143.4,12,68,6
9:23:11,2143.4,2143.2,2143.4,1,68,7
9:23:12,2143.4,2143.2,2143.4,2,68,11
9:23:12,2143.4,2143.2,2143.4,3,66,12
9:23:13,2143.2,2143.4,2143.6,22,2,125
9:23:13,2143.2,2143.2,2143.6,5,66,125
9:23:14,2143.2,2143.2,2143.4,1,68,3
9:23:15,2143.2,2143.2,2143.4,12,58,4
9:23:16,2143.2,2143.2,2143.4,2,56,6
9:23:16,2143.2,2143.2,2143.4,1,65,6
9:23:17,2143.2,2143.2,2143.4,4,70,4
9:23:17,2143.4,2143.2,2143.4,3,68,6
9:23:18,2143.4,2143.4,2143.6,13,42,125
9:23:18,2143.4,2143.4,2143.6,3,39,124
9:23:19,2143.4,2143.4,2143.6,2,40,125
9:23:19,2143.4,2143.4,2143.6,1,40,125
9:23:20,2143.4,2143.4,2143.6,2,39,122
9:23:21,2143.4,2143.4,2143.6,25,39,100
9:23:21,2143.4,2143.4,2143.6,3,36,102
9:23:22,2143.6,2143.4,2143.6,53,41,49
9:23:22,2143.6,2143.4,2143.6,23,38,29
9:23:23,2143.6,2143.6,2143.8,31,27,110
9:23:23,2143.6,2143.6,2143.8,5,31,108
9:23:24,2143.6,2143.6,2143.8,4,28,101
9:23:24,2143.8,2143.6,2143.8,16,26,89
9:23:25,2143.8,2143.6,2143.8,2,28,88
9:23:25,2143.8,2143.6,2143.8,5,28,84
9:23:26,2143.8,2143.6,2143.8,4,27,82
9:23:26,2143.6,2143.6,2143.8,23,26,60
9:23:27,2143.8,2143.6,2143.8,2,32,57
9:23:27,2143.6,2143.6,2143.8,2,30,57
9:23:28,2143.6,2143.6,2143.8,4,31,51
9:23:29,2143.8,2143.6,2143.8,3,41,52
9:23:30,2143.8,2143.6,2143.8,1,41,51
9:23:30,2143.6,2143.6,2143.8,33,42,19
9:23:31,2143.8,2143.6,2143.8,13,51,7
9:23:31,2143.8,2143.8,2144,8,14,79
9:23:32,2144,2143.8,2144,6,35,75
9:23:32,2144,2143.8,2144,10,35,69
9:23:33,2144,2143.8,2144,16,32,56
9:23:33,2143.8,2143.8,2144,7,31,60
9:23:34,2144,2143.8,2144,8,32,82
9:23:34,2144,2143.8,2144,13,32,80
9:23:35,2144,2143.8,2144,11,28,74
9:23:35,2143.8,2143.8,2144,8,30,70
9:23:36,2144,2143.8,2144,32,31,39
9:23:36,2143.8,2143.8,2144,14,24,32
9:23:37,2143.8,2143.8,2144,5,23,27
9:23:37,2144,2143.8,2144,8,22,30
9:23:38,2144,2143.8,2144,2,24,42
9:23:38,2143.8,2143.8,2144,47,18,6
9:23:39,2144,2144,2144.2,13,3,36
9:23:39,2144,2143.8,2144.2,4,14,37
9:23:40,2144,2144,2144.2,1,5,42
9:23:40,2144,2143.8,2144,16,25,10
9:23:41,2143.8,2143.8,2144,22,25,3
9:23:41,2144,2143.8,2144,6,27,4
9:23:42,2144,2143.8,2144,3,28,33
9:23:42,2144,2143.8,2144,7,29,27
9:23:43,2144,2143.8,2144,14,37,19
9:23:43,2144,2143.8,2144,13,37,9
9:23:44,2143.8,2143.8,2144.2,19,40,38
9:23:44,2144,2144,2144.2,3,14,38
9:23:45,2144.2,2144,2144.2,2,15,36
9:23:45,2144,2144,2144.2,13,7,31
9:23:46,2144.2,2144,2144.2,4,9,31
9:23:46,2144,2143.8,2144,17,72,13
9:23:47,2144,2143.8,2144,12,72,10
9:23:47,2144,2143.8,2144.2,13,69,37
9:23:48,2144,2143.8,2144.2,5,73,37
9:23:48,2144.2,2144,2144.2,12,4,25
9:23:49,2144,2143.8,2144,10,72,16
9:23:49,2144,2143.8,2144,13,71,3
9:23:50,2144,2143.8,2144,6,70,4
9:23:50,2144.2,2144,2144.2,5,2,33
9:23:51,2143.8,2143.8,2144.2,21,66,24
9:23:51,2144,2144,2144.2,18,1,20
9:23:52,2144.2,2144,2144.2,1,5,21
9:23:52,2144.2,2144,2144.2,10,6,14
9:23:53,2144,2144,2144.2,7,1,13
9:23:53,2144.2,2144,2144.2,5,3,12
9:23:54,2144,2144,2144.2,5,2,10
9:23:54,2144.2,2144,2144.2,1,4,11
9:23:55,2144,2144,2144.2,16,9,10
9:23:55,2144.2,2144.2,2144.4,13,11,86
9:23:56,2144,2144,2144.4,13,9,90
9:23:56,2144.2,2144,2144.4,17,10,83
9:23:57,2144,2144,2144.4,23,13,71
9:23:57,2144.4,2144,2144.4,33,17,40
9:23:58,2144.4,2144.2,2144.4,27,2,15
9:23:58,2144.4,2144.4,2144.6,18,25,75
9:23:59,2144.4,2144.4,2144.6,8,22,86
9:23:59,2144.4,2144.4,2144.6,15,19,83
9:24:00,2144.4,2144.4,2144.6,16,1,82
9:24:00,2144.4,2144.2,2144.4,45,7,31
9:24:01,2144,2144,2144.2,38,55,1
9:24:01,2144.2,2144.2,2144.4,11,4,41
9:24:02,2144.2,2144.2,2144.4,8,1,42
9:24:02,2144.2,2144.2,2144.4,16,6,65
9:24:03,2144.2,2144,2144.2,9,70,1
9:24:03,2144.4,2144.2,2144.4,19,3,53
9:24:04,2144.2,2144,2144.2,32,74,8
9:24:04,2144,2144,2144.2,21,78,32
9:24:05,2144.2,2144,2144.2,2,77,45
9:24:05,2144,2144,2144.2,7,75,85
9:24:06,2144,2144,2144.2,8,70,85
9:24:06,2144.2,2144,2144.2,5,73,85
9:24:07,2144,2144,2144.2,10,64,84
9:24:07,2144.2,2144,2144.2,38,30,82
9:24:08,2144,2144,2144.2,13,18,85
9:24:08,2144,2143.8,2144,23,143,14
9:24:09,2144,2143.8,2144,12,144,7
9:24:09,2144,2143.8,2144,26,125,25
9:24:10,2144,2143.8,2144,7,124,27
9:24:10,2144,2143.8,2144,21,120,12
9:24:11,2144,2143.8,2144,36,109,26
9:24:11,2143.8,2143.8,2144,5,105,27
9:24:12,2144,2143.8,2144,4,106,26
9:24:12,2143.8,2143.8,2144,2,105,26
9:24:13,2144,2143.8,2144,8,104,20
9:24:13,2144,2143.8,2144,3,103,20
9:24:14,2143.8,2143.8,2144,10,94,29
9:24:14,2143.8,2143.8,2144,17,90,15
9:24:15,2143.8,2143.8,2144,4,86,16
9:24:15,2144,2143.8,2144,3,85,19
9:24:16,2143.8,2143.8,2144,8,81,18
9:24:16,2143.8,2143.8,2144,5,76,20
9:24:17,2144,2143.8,2144,2,75,22
9:24:17,2143.8,2143.8,2144,4,71,23
9:24:18,2143.8,2143.8,2144,1,70,26
9:24:18,2143.8,2143.8,2144,4,67,28
9:24:19,2143.8,2143.8,2144,2,66,28
9:24:19,2143.8,2143.8,2144,10,68,23
9:24:20,2143.8,2143.8,2144,8,61,25
9:24:20,2143.8,2143.8,2144,2,60,29
9:24:21,2143.8,2143.6,2143.8,62,44,2
9:24:21,2143.8,2143.6,2143.8,11,43,1
9:24:22,2143.8,2143.8,2144,5,20,37
9:24:22,2143.8,2143.8,2144,21,7,39
9:24:23,2143.8,2143.8,2144,5,5,40
9:24:23,2143.8,2143.8,2144,2,3,40
9:24:24,2143.8,2143.6,2143.8,12,43,9
9:24:24,2143.8,2143.6,2143.8,7,37,8
9:24:25,2143.6,2143.6,2143.8,1,36,11
9:24:25,2143.6,2143.6,2143.8,6,36,7
9:24:26,2143.6,2143.6,2143.8,3,35,7
9:24:26,2143.6,2143.6,2143.8,1,35,8
9:24:27,2143.6,2143.6,2143.8,12,48,8
9:24:27,2143.8,2143.6,2143.8,1,48,7
9:24:28,2143.6,2143.6,2143.8,3,47,6
9:24:28,2143.8,2143.6,2143.8,4,45,4
9:24:29,2143.6,2143.6,2143.8,3,43,4
9:24:29,2143.8,2143.6,2143.8,11,41,1
9:24:30,2143.6,2143.6,2143.8,1,39,1
9:24:30,2143.8,2143.8,2144,1,5,57
9:24:31,2144,2143.8,2144,3,4,55
9:24:31,2143.6,2143.6,2143.8,10,36,1
9:24:32,2143.8,2143.8,2144,2,1,60
9:24:32,2144,2143.8,2144,3,1,58
9:24:33,2143.6,2143.6,2144,3,38,58
9:24:33,2143.6,2143.8,2144,5,1,56
9:24:34,2144,2143.8,2144,1,2,55
9:24:34,2144,2143.8,2144,7,1,51
9:24:35,2144,2143.8,2144,4,5,51
9:24:35,2143.8,2143.8,2144,1,7,51
9:24:36,2143.8,2143.8,2144,2,37,51
9:24:36,2143.8,2143.8,2144,4,35,50
9:24:37,2144,2143.8,2144,1,37,51
9:24:37,2143.8,2143.8,2144,10,27,62
9:24:38,2144,2143.8,2144,51,25,14
9:24:38,2143.8,2143.8,2144,2,23,15
9:24:39,2143.8,2143.8,2144,11,13,19
9:24:39,2144,2143.8,2144,5,18,15
9:24:40,2143.8,2143.8,2144,11,37,17
9:24:41,2144,2143.8,2144,4,36,14
9:24:41,2143.8,2143.8,2144,1,39,14
9:24:42,2143.8,2143.8,2144,1,39,16
9:24:42,2144,2143.8,2144,2,39,15
9:24:43,2143.8,2143.8,2144,8,38,10
9:24:43,2144,2143.8,2144.2,13,40,66
9:24:44,2144,2143.8,2144,2,40,2
9:24:45,2144,2144,2144.2,2,3,69
9:24:46,2144,2144,2144.2,4,47,67
9:24:46,2144,2144,2144.2,9,39,67
9:24:47,2144,2144,2144.2,1,40,67
9:24:47,2144,2144,2144.2,1,39,69
9:24:48,2144,2144,2144.2,1,38,69
9:24:48,2144.2,2144,2144.2,7,36,64
9:24:49,2144.2,2144,2144.2,1,36,65
9:24:49,2144.2,2144,2144.2,3,35,65
9:24:50,2144,2144,2144.2,5,30,66
9:24:51,2144.2,2144,2144.2,3,31,64
9:24:52,2144.2,2144,2144.2,5,33,58
9:24:52,2144.2,2144,2144.2,3,33,55
9:24:53,2144,2144,2144.2,1,32,55
9:24:53,2144.2,2144,2144.2,2,33,55
9:24:54,2144.2,2144,2144.2,2,34,52
9:24:54,2144.2,2144,2144.2,1,34,54
9:24:55,2144,2144,2144.2,7,27,54
9:24:55,2144,2144,2144.2,1,26,53
9:24:56,2144.2,2144,2144.2,2,125,52
9:24:56,2144,2144,2144.2,4,124,51
9:24:57,2144.2,2144,2144.2,12,129,40
9:24:58,2144.2,2144,2144.4,40,131,51
9:24:58,2144.2,2144.2,2144.4,3,14,50
9:24:59,2144.4,2144.2,2144.4,3,14,47
9:24:59,2144.4,2144.2,2144.4,13,13,35
9:25:00,2144.4,2144.2,2144.4,3,13,33
9:25:00,2144.4,2144.2,2144.4,20,14,14
9:25:01,2144.6,2144.4,2144.6,31,5,65
9:25:01,2144.6,2144.4,2144.6,28,3,40
9:25:02,2144.6,2144.4,2144.6,6,2,35
9:25:02,2144.6,2144.4,2144.6,10,3,27
9:25:03,2144.6,2144.4,2144.8,28,2,121
9:25:03,2144.6,2144.6,2144.8,7,1,117
9:25:04,2144.6,2144.4,2144.8,24,7,105
9:25:04,2144.8,2144.6,2144.8,6,2,99
9:25:05,2144.8,2144.2,2144.8,13,17,98
9:25:05,2144.6,2144.4,2144.6,4,6,12
9:25:06,2144.2,2144.2,2144.6,17,12,26
9:25:06,2144.4,2144.2,2144.6,4,12,37
9:25:07,2144.6,2144.2,2144.6,12,16,37
9:25:07,2144.6,2144.4,2144.6,112,1,5
9:25:08,2144.4,2144.4,2144.6,3,7,3
9:25:08,2144.6,2144.4,2144.6,5,18,1
9:25:09,2144.4,2144.4,2144.6,12,8,2
9:25:09,2144.4,2144.4,2144.6,2,10,5
9:25:10,2144.4,2144.4,2144.6,4,8,12
9:25:10,2144.6,2144.4,2144.6,3,8,17
9:25:11,2144.4,2144.4,2144.6,1,8,20
9:25:11,2144.4,2144.4,2144.6,8,1,21
9:25:12,2144.2,2144.2,2144.4,14,6,3
9:25:12,2144.4,2144.2,2144.4,3,7,34
9:25:13,2144.4,2144.2,2144.4,6,6,36
9:25:13,2144.2,2144.2,2144.4,10,8,42
9:25:14,2144.2,2144.2,2144.4,5,5,40
9:25:14,2144.4,2144.2,2144.4,1,8,39
9:25:15,2144.2,2144.2,2144.4,5,4,39
9:25:15,2144.4,2144.2,2144.4,5,1,38
9:25:16,2144,2144,2144.2,3,172,4
9:25:16,2144.4,2144,2144.4,14,169,32
9:25:17,2144.2,2144.2,2144.4,2,11,32
9:25:17,2144.4,2144.2,2144.4,10,7,28
9:25:18,2144.4,2144.2,2144.4,2,9,29
9:25:18,2144.2,2144.2,2144.4,1,15,31
9:25:19,2144.2,2144.2,2144.4,7,12,33
9:25:20,2144.2,2144.2,2144.4,8,8,28
9:25:20,2144.2,2144.2,2144.4,2,6,29
9:25:21,2144.2,2144.2,2144.4,6,1,30
9:25:21,2144,2144,2144.2,2,177,1
9:25:22,2144.2,2144,2144.4,7,176,31
9:25:22,2144.4,2144,2144.4,3,185,31
9:25:23,2144,2144,2144.2,41,146,1
9:25:23,2144,2144,2144.4,11,143,35
9:25:24,2144,2144,2144.2,1,141,1
9:25:24,2144,2144,2144.2,3,140,3
9:25:25,2144.2,2144,2144.2,5,138,8
9:25:25,2144,2144,2144.2,1,140,13
9:25:26,2144,2144,2144.2,2,138,16
9:25:26,2144.2,2144,2144.2,1,139,20
9:25:27,2144.4,2144,2144.2,103,138,1
9:25:27,2144,2144,2144.4,14,132,41
9:25:28,2144.2,2144,2144.2,24,129,1
9:25:29,2144,2144,2144.2,4,128,2
9:25:29,2144,2144,2144.2,1,128,3
9:25:30,2144,2144,2144.2,8,124,3
9:25:30,2144.2,2144.2,2144.4,6,9,29
9:25:31,2144,2144,2144.2,40,97,3
9:25:31,2144,2144,2144.2,2,95,4
9:25:32,2144.2,2144,2144.2,11,103,10
9:25:32,2144.2,2144,2144.2,1,121,9
9:25:33,2144,2144,2144.2,3,119,10
9:25:33,2144.2,2144,2144.2,3,118,10
9:25:34,2144.2,2144,2144.2,2,122,11
9:25:34,2144,2144,2144.2,3,119,14
9:25:35,2144.2,2144,2144.2,11,123,21
9:25:35,2144,2144,2144.2,3,119,21
9:25:36,2144.2,2144,2144.2,5,119,20
9:25:36,2144,2144,2144.2,11,109,22
9:25:37,2144,2144,2144.2,3,108,24
9:25:38,2144,2144,2144.2,11,96,28
9:25:38,2144,2144,2144.2,2,94,35
9:25:39,2144,2144,2144.2,51,41,36
9:25:39,2144,2144,2144.2,16,26,36
9:25:40,2144,2144,2144.2,11,15,67
9:25:40,2143.8,2143.8,2144,26,81,6
9:25:41,2144,2143.8,2144,10,81,16
9:25:41,2143.8,2143.8,2144,5,78,28
9:25:42,2144,2143.8,2144,5,103,26
9:25:42,2143.8,2143.8,2144,5,99,32
9:25:43,2144,2143.8,2144,9,92,41
9:25:43,2143.8,2143.8,2144,25,83,27
9:25:44,2143.8,2143.8,2144,8,80,19
9:25:44,2144,2143.8,2144,2,80,17
9:25:45,2144,2143.8,2144,6,78,53
9:25:45,2144,2143.8,2144,2,80,55
9:25:46,2143.8,2143.8,2144,15,68,55
9:25:46,2143.8,2143.8,2144,4,67,59
9:25:47,2143.8,2143.8,2144,3,68,59
9:25:47,2143.8,2143.8,2144,3,67,64
9:25:48,2143.8,2143.8,2144,4,63,73
9:25:48,2143.8,2143.8,2144,11,52,75
9:25:49,2143.8,2143.8,2144,1,51,77
9:25:49,2143.8,2143.8,2144,41,11,83
9:25:50,2143.8,2143.8,2144,8,3,85
9:25:50,2143.8,2143.6,2143.8,3,84,9
9:25:51,2143.8,2143.6,2143.8,2,84,15
9:25:52,2143.8,2143.6,2143.8,2,82,16
9:25:53,2143.6,2143.6,2143.8,13,69,18
9:25:53,2143.6,2143.6,2143.8,2,69,18
9:25:54,2143.6,2143.6,2143.8,5,71,20
9:25:54,2143.6,2143.6,2143.8,5,66,21
9:25:55,2143.6,2143.6,2143.8,15,52,20
9:25:55,2143.6,2143.6,2143.8,2,50,26
9:25:56,2143.6,2143.6,2143.8,3,58,26
9:25:56,2143.8,2143.6,2143.8,12,49,26
9:25:57,2143.6,2143.6,2143.8,7,43,26
9:25:57,2143.8,2143.6,2143.8,13,41,22
9:25:58,2143.6,2143.6,2143.8,2,44,23
9:25:59,2143.6,2143.6,2143.8,11,35,23
9:25:59,2143.6,2143.6,2143.8,14,23,22
9:26:00,2143.6,2143.6,2143.8,9,21,27
9:26:00,2143.6,2143.6,2143.8,12,13,23
9:26:01,2143.6,2143.6,2143.8,3,11,23
9:26:01,2143.8,2143.6,2143.8,2,19,23
9:26:02,2143.6,2143.6,2143.8,7,20,22
9:26:02,2143.6,2143.6,2143.8,3,23,20
9:26:03,2143.6,2143.6,2143.8,4,19,19
9:26:03,2143.6,2143.6,2143.8,2,18,17
9:26:04,2143.6,2143.4,2143.6,19,61,3
9:26:04,2143.6,2143.4,2143.6,17,61,9
9:26:05,2143.4,2143.4,2143.6,1,60,11
9:26:05,2143.4,2143.4,2143.6,3,57,11
9:26:06,2143.4,2143.4,2143.6,14,46,10
9:26:06,2143.4,2143.4,2143.6,10,39,10
9:26:07,2143.4,2143.4,2143.6,2,38,11
9:26:07,2143.4,2143.4,2143.6,8,35,12
9:26:08,2143.4,2143.4,2143.6,9,27,13
9:26:08,2143.4,2143.4,2143.6,6,23,14
9:26:09,2143.4,2143.4,2143.6,10,34,15
9:26:09,2143.4,2143.4,2143.6,7,27,17
9:26:10,2143.4,2143.4,2143.6,13,23,18
9:26:10,2143.4,2143.4,2143.6,23,12,15
9:26:11,2143.4,2143.4,2143.6,4,12,38
9:26:11,2143.4,2143.4,2143.6,4,8,39
9:26:12,2143.4,2143.4,2143.6,5,5,38
9:26:12,2143.6,2143.2,2143.4,7,102,6
9:26:13,2143.4,2143.2,2143.4,3,114,8
9:26:13,2143.4,2143.2,2143.4,2,114,9
9:26:14,2143.2,2143.2,2143.4,2,113,9
9:26:14,2143.2,2143.2,2143.4,7,110,8
9:26:15,2143.2,2143.2,2143.4,22,91,7
9:26:15,2143.2,2143.2,2143.4,7,87,4
9:26:16,2143.4,2143.2,2143.4,4,85,2
9:26:16,2143.2,2143.2,2143.4,18,69,1
9:26:17,2143.4,2143.2,2143.4,41,30,10
9:26:17,2143.2,2143.2,2143.4,19,25,3
9:26:18,2143.2,2143.2,2143.4,8,25,8
9:26:18,2143.2,2143.2,2143.4,12,19,4
9:26:19,2143.2,2143.2,2143.4,12,10,2
9:26:19,2143.2,2143.2,2143.4,6,7,6
9:26:20,2143.2,2143.2,2143.4,10,2,20
9:26:20,2143.2,2143.2,2143.4,3,1,19
9:26:21,2143.2,2143,2143.4,1,198,22
9:26:21,2143.2,2143,2143.2,3,195,1
9:26:22,2143.2,2143.2,2143.4,4,5,25
9:26:22,2143.2,2143.2,2143.4,4,15,27
9:26:23,2143.2,2143.2,2143.4,3,26,28
9:26:23,2143.2,2143.2,2143.4,9,23,28
9:26:24,2143.2,2143.2,2143.4,1,24,29
9:26:24,2143.2,2143.2,2143.4,3,27,31
9:26:25,2143.2,2143.2,2143.4,3,30,33
9:26:25,2143.2,2143.2,2143.4,11,32,40
9:26:26,2143.2,2143,2143.2,47,209,10
9:26:26,2143.2,2143.2,2143.4,11,1,40
9:26:27,2143.2,2143,2143.4,9,206,39
9:26:27,2143.4,2143,2143.2,1,207,7
9:26:28,2143,2143.2,2143.4,11,10,37
9:26:28,2143.2,2143.2,2143.4,10,13,29
9:26:29,2143.2,2143.2,2143.4,8,12,30
9:26:29,2143.2,2143.2,2143.4,19,22,16
9:26:30,2143.2,2143.2,2143.4,3,24,17
9:26:30,2143.2,2143.2,2143.4,10,27,13
9:26:31,2143.2,2143.2,2143.4,4,31,21
9:26:31,2143.2,2143.2,2143.4,20,27,6
9:26:32,2143.2,2143,2143.2,37,212,19
9:26:32,2143.2,2143,2143.2,4,210,19
9:26:33,2143.2,2143,2143.2,1,210,20
9:26:33,2143,2143,2143.2,17,199,16
9:26:34,2143.2,2143,2143.2,6,198,12
9:26:34,2143,2143,2143.2,3,199,11
9:26:35,2143.2,2143.2,2143.4,17,9,9
9:26:35,2143.2,2143.2,2143.4,2,9,11
9:26:36,2143,2143,2143.2,11,250,4
9:26:36,2143.2,2143,2143.2,5,254,14
9:26:37,2143,2143,2143.2,1,254,17
9:26:38,2143.2,2143,2143.2,21,247,6
9:26:38,2143.2,2143,2143.2,5,242,5
9:26:39,2143,2143,2143.2,20,242,17
9:26:39,2143.2,2143,2143.2,1,244,19
9:26:40,2143,2143,2143.2,7,242,20
9:26:40,2143.2,2143,2143.2,3,241,19
9:26:41,2143.2,2143,2143.2,4,239,18
9:26:41,2143.2,2143,2143.2,5,239,16
9:26:42,2143,2143,2143.2,13,232,13
9:26:42,2143.2,2143,2143.2,3,230,12
9:26:43,2143,2143,2143.2,2,229,11
9:26:43,2143.2,2143,2143.2,3,229,10
9:26:44,2143.2,2143.2,2143.4,27,5,50
9:26:44,2143,2143,2143.2,53,172,1
9:26:45,2143,2143,2143.2,6,175,4
9:26:45,2143.2,2143,2143.2,11,168,14
9:26:46,2143.2,2143.2,2143.4,24,5,50
9:26:46,2143.4,2143.2,2143.4,5,8,52
9:26:47,2143.2,2143.2,2143.4,1,8,52
9:26:47,2143.4,2143.2,2143.4,1,11,55
9:26:48,2143.4,2143.2,2143.4,6,9,53
9:26:48,2143.4,2143.2,2143.4,3,11,50
9:26:49,2143.4,2143.2,2143.4,1,11,50
9:26:49,2143.2,2143.2,2143.4,9,5,47
9:26:50,2143.2,2143.2,2143.4,2,8,48
9:26:51,2143.2,2143.2,2143.4,1,14,48
9:26:51,2143.2,2143.2,2143.4,10,10,50
9:26:52,2143.2,2143.2,2143.4,2,14,51
9:26:53,2143.2,2143.2,2143.4,9,6,52
9:26:53,2143,2143,2143.2,10,186,1
9:26:54,2143.2,2143,2143.2,1,186,1
9:26:54,2143.2,2143,2143.2,1,186,2
9:26:55,2143.2,2143,2143.2,3,187,10
9:26:55,2143,2143,2143.2,3,186,10
9:26:56,2143.2,2143,2143.4,15,184,53
9:26:56,2143.2,2143,2143.4,3,183,49
9:26:57,2143,2143,2143.4,1,182,58
9:26:57,2143.2,2143.2,2143.4,3,3,58
9:26:58,2143,2143,2143.2,4,178,2
9:26:58,2143,2143,2143.2,3,176,1
9:26:59,2143,2143,2143.4,6,198,62
9:26:59,2143,2143,2143.2,1,198,1
9:27:00,2143.2,2143,2143.4,11,189,62
9:27:00,2143,2143,2143.4,6,183,63
9:27:01,2143,2143,2143.2,2,184,7
9:27:01,2143,2143,2143.2,8,182,3
9:27:02,2143.2,2143.2,2143.4,27,2,75
9:27:02,2143.2,2143.2,2143.4,24,6,76
9:27:03,2143.2,2143.2,2143.4,5,6,82
9:27:03,2143,2143,2143.2,9,161,22
9:27:04,2143,2143,2143.2,4,157,35
9:27:04,2143.2,2143,2143.2,13,162,48
9:27:05,2143,2143,2143.2,1,161,51
9:27:05,2143,2143,2143.2,2,165,40
9:27:06,2143,2143,2143.2,1,164,61
9:27:06,2143,2143,2143.2,9,160,74
9:27:07,2143.2,2143,2143.2,7,160,70
9:27:07,2143,2143,2143.2,9,153,74
9:27:08,2143.2,2143,2143.2,14,144,71
9:27:08,2143.2,2143,2143.2,2,143,70
9:27:09,2143,2143,2143.2,4,141,71
9:27:09,2143,2143,2143.2,7,142,67
9:27:10,2143,2143,2143.2,7,135,67
9:27:10,2143.2,2143,2143.2,12,135,56
9:27:11,2143,2143,2143.2,2,135,56
9:27:11,2143.2,2143,2143.2,1,134,56
9:27:12,2143.2,2143,2143.2,9,130,52
9:27:12,2143,2143,2143.2,2,129,52
9:27:13,2143,2143,2143.2,7,127,48
9:27:13,2143,2143,2143.2,3,124,49
9:27:14,2143,2143,2143.2,5,120,49
9:27:14,2143.2,2143,2143.2,18,112,41
9:27:15,2143,2143,2143.2,7,107,46
9:27:15,2143.2,2143,2143.2,3,107,46
9:27:16,2143,2143,2143.2,3,107,46
9:27:16,2143,2143,2143.2,2,105,48
9:27:17,2143,2143,2143.2,3,103,47
9:27:17,2143.2,2143,2143.2,3,151,56
9:27:18,2143,2143,2143.2,31,120,50
9:27:18,2143.2,2143,2143.2,8,114,41
9:27:19,2143,2143,2143.2,1,114,41
9:27:19,2143,2143,2143.2,30,108,16
9:27:20,2143,2143,2143.2,3,106,16
9:27:20,2143.2,2143,2143.2,6,108,12
9:27:21,2143.2,2143,2143.2,6,108,9
9:27:21,2143.2,2143,2143.2,7,113,2
9:27:22,2143,2143,2143.2,6,116,3
9:27:22,2143,2143,2143.2,12,109,2
9:27:23,2143,2143,2143.2,5,109,2
9:27:23,2143,2143,2143.2,7,103,3
9:27:24,2143,2143,2143.2,8,100,4
9:27:24,2143.2,2143,2143.4,7,99,99
9:27:25,2143,2143,2143.4,3,97,99
9:27:25,2143,2143.2,2143.4,4,1,99
9:27:26,2143.2,2143.2,2143.4,1,1,99
9:27:26,2143.2,2143,2143.4,4,95,98
9:27:27,2143,2143,2143.2,8,89,10
9:27:27,2143,2143,2143.2,10,81,11
9:27:28,2143,2143,2143.2,1,81,16
9:27:28,2143.2,2143,2143.2,3,82,17
9:27:29,2143.2,2143,2143.2,2,81,17
9:27:29,2143,2143,2143.2,3,83,17
9:27:30,2143,2143,2143.2,2,84,19
9:27:30,2143,2143,2143.2,1,83,19
9:27:31,2143,2143,2143.2,5,81,18
9:27:31,2143,2143,2143.2,4,78,18
9:27:32,2143.2,2143,2143.2,5,75,23
9:27:32,2143,2143,2143.2,5,76,23
9:27:33,2143,2143,2143.2,55,22,26
9:27:33,2142.8,2142.8,2143,27,124,10
9:27:34,2142.8,2142.8,2143.2,27,115,29
9:27:34,2142.8,2142.8,2143,2,115,2
9:27:35,2143,2142.8,2143.2,7,112,29
9:27:35,2142.8,2142.8,2143,10,104,4
9:27:36,2142.8,2142.8,2143,88,16,9
9:27:36,2142.8,2142.8,2143,4,13,14
9:27:37,2143,2142.6,2143,18,156,22
9:27:37,2142.6,2142.6,2142.8,3,158,1
9:27:38,2142.6,2142.6,2143,12,144,21
9:27:38,2142.6,2142.6,2143,9,138,24
9:27:39,2142.6,2142.6,2143,26,130,5
9:27:39,2142.8,2142.8,2143,17,8,1
9:27:40,2142.8,2142.8,2143,5,18,2
9:27:40,2142.8,2142.8,2143,3,37,2
9:27:41,2142.8,2142.8,2143,3,52,6
9:27:42,2142.8,2142.8,2143,4,75,16
9:27:42,2142.8,2142.8,2143,3,72,18
9:27:44,2142.8,2142.8,2143,2,80,43
9:27:44,2143,2142.8,2143,2,67,43
9:27:45,2142.8,2142.8,2143,4,73,45
9:27:45,2142.8,2142.8,2143,8,66,54
9:27:46,2143,2142.8,2143,7,66,49
9:27:46,2143,2142.8,2143,4,64,47
9:27:47,2142.8,2142.8,2143,2,69,46
9:27:47,2143,2142.8,2143,2,71,46
9:27:48,2142.8,2142.8,2143,1,74,54
9:27:49,2142.8,2142.8,2143,1,77,61
9:27:49,2142.8,2142.8,2143,7,78,57
9:27:50,2142.8,2142.8,2143,4,85,61
9:27:50,2143,2142.8,2143,4,85,60
9:27:51,2142.8,2142.8,2143,1,96,62
9:27:51,2142.8,2142.8,2143,1,98,65
9:27:52,2142.8,2142.8,2143,3,96,69
9:27:52,2143,2142.8,2143,3,97,71
9:27:53,2143,2142.8,2143,2,103,69
9:27:54,2143,2142.8,2143,5,107,79
9:27:54,2143,2142.8,2143,4,108,84
9:27:55,2143,2142.8,2143,2,110,82
9:27:55,2143,2142.8,2143,3,111,81
9:27:56,2143,2142.8,2143,13,109,84
9:27:56,2143,2142.8,2143,9,108,76
9:27:57,2143,2142.8,2143,5,105,75
9:27:58,2143,2142.8,2143,1,107,75
9:27:58,2143,2142.8,2143,17,105,72
9:27:59,2143,2142.8,2143,16,103,58
9:27:59,2143,2142.8,2143,4,104,56
9:28:00,2143,2142.8,2143,3,104,53
9:28:00,2142.8,2142.8,2143,35,104,31
9:28:01,2142.8,2142.8,2143,8,98,30
9:28:01,2143.2,2143,2143.2,39,6,40
9:28:02,2143,2143,2143.2,3,14,40
9:28:02,2143.2,2143,2143.2,10,7,41
9:28:03,2143,2143,2143.2,11,17,49
9:28:03,2143.2,2143,2143.2,3,19,46
9:28:04,2143.2,2143,2143.2,9,21,48
9:28:04,2143,2143,2143.2,5,20,46
9:28:05,2143,2143,2143.2,9,15,43
9:28:05,2143.2,2143,2143.2,11,23,36
9:28:06,2143.2,2143,2143.2,4,28,33
9:28:06,2143.2,2143,2143.2,6,30,31
9:28:07,2143,2143,2143.2,4,40,31
9:28:07,2143.2,2143,2143.2,3,47,28
9:28:08,2143,2143,2143.2,15,46,14
9:28:08,2143.2,2143,2143.2,6,53,11
9:28:09,2143.2,2143,2143.2,13,52,2
9:28:09,2143.2,2143.2,2143.4,4,5,68
9:28:10,2143.4,2143.2,2143.4,1,6,65
9:28:10,2143.2,2143.2,2143.4,8,6,64
9:28:11,2143.4,2143.2,2143.4,21,5,45
9:28:11,2143.4,2143.2,2143.4,13,3,35
9:28:12,2143.4,2143.2,2143.4,2,7,32
9:28:12,2143.4,2143.2,2143.4,17,2,23
9:28:13,2143.4,2143.2,2143.4,2,2,21
9:28:13,2143.4,2143.2,2143.4,1,2,21
9:28:14,2143.2,2143,2143.2,5,67,2
9:28:14,2143.4,2143,2143.4,6,68,17
9:28:15,2143.4,2143,2143.4,4,70,15
9:28:15,2143.4,2143.2,2143.4,2,2,15
9:28:16,2143.4,2143.2,2143.4,4,3,11
9:28:16,2143.4,2143.2,2143.4,4,2,8
9:28:17,2143.4,2143.2,2143.4,6,3,3
9:28:17,2143.6,2143.4,2143.6,6,1,20
9:28:18,2143.6,2143.2,2143.4,6,4,4
9:28:18,2143.6,2143.4,2143.6,7,14,18
9:28:19,2143.6,2143.4,2143.6,8,12,14
9:28:19,2143.4,2143.4,2143.6,4,8,13
9:28:20,2143.6,2143.4,2143.6,2,8,11
9:28:20,2143.6,2143.2,2143.6,14,22,13
9:28:21,2143.6,2143.4,2143.6,2,3,11
9:28:21,2143.4,2143.4,2143.6,4,1,13
9:28:22,2143.6,2143.4,2143.6,3,2,12
9:28:22,2143.6,2143.4,2143.6,5,4,7
9:28:23,2143.6,2143.4,2143.6,4,4,5
9:28:23,2143.6,2143.4,2143.6,4,6,6
9:28:24,2143.6,2143.6,2143.8,6,17,44
9:28:24,2143.8,2143.6,2143.8,1,38,44
9:28:25,2143.6,2143.6,2143.8,21,38,24
9:28:25,2143.8,2143.6,2143.8,6,37,20
9:28:26,2143.6,2143.6,2143.8,24,27,7
9:28:27,2143.8,2143.6,2143.8,6,23,6
9:28:27,2143.8,2143.8,2144,6,19,28
9:28:28,2144,2143.8,2144,13,20,20
9:28:28,2144,2143.8,2144,3,19,18
9:28:29,2144,2143.8,2144,15,18,9
9:28:29,2144,2143.8,2144,19,10,4
9:28:30,2144,2143.8,2144.2,5,10,29
9:28:30,2144.2,2143.8,2144.2,7,9,26
9:28:31,2144,2143.8,2144,9,10,3
9:28:31,2144,2143.8,2144,21,11,9
9:28:32,2144.2,2144,2144.2,16,11,10
9:28:32,2144,2144,2144.2,5,10,11
9:28:33,2144,2144,2144.2,11,4,18
9:28:33,2144.2,2143.8,2144,12,12,1
9:28:34,2143.8,2143.8,2144.2,3,10,18
9:28:34,2144.2,2144.2,2144.4,19,14,26
9:28:35,2144.4,2144.2,2144.4,12,11,25
9:28:35,2144.2,2144.2,2144.4,9,5,26
9:28:36,2144.4,2144.4,2144.6,26,5,28
9:28:36,2144.4,2144.4,2144.6,3,4,29
9:28:37,2144.4,2144.4,2144.6,7,8,30
9:28:37,2144.4,2144.4,2144.6,17,9,24
9:28:38,2144.6,2144.4,2144.6,10,8,32
9:28:38,2144.4,2144.4,2144.6,12,5,24
9:28:39,2144.4,2144,2144.4,30,28,6
9:28:39,2144.4,2144,2144.4,7,30,1
9:28:40,2144,2144,2144.4,7,39,5
9:28:40,2144.4,2144.2,2144.4,9,1,12
9:28:41,2144.2,2144,2144.2,7,38,2
9:28:42,2144.4,2144.2,2144.4,8,4,23
9:28:42,2144.4,2144,2144.2,8,35,1
9:28:43,2144.2,2144,2144.2,8,35,2
9:28:43,2144.2,2144,2144.2,5,33,1
9:28:44,2144.2,2144.2,2144.4,13,2,28
9:28:44,2144,2144.2,2144.4,4,3,29
9:28:45,2144.2,2144.2,2144.4,2,5,34
9:28:46,2144.2,2144.2,2144.4,4,2,32
9:28:46,2144.4,2144,2144.4,34,23,28
9:28:47,2144.2,2144,2144.2,22,6,5
9:28:47,2144.2,2143.8,2144.2,19,12,1
9:28:48,2144,2144,2144.2,4,3,38
9:28:48,2143.8,2143.8,2144.2,31,6,17
9:28:49,2144.4,2144,2144.2,33,1,1
9:28:49,2144,2143.8,2144.2,12,18,6
9:28:50,2144.2,2143.8,2144.2,3,19,4
9:28:50,2143.8,2144,2144.2,1,1,5
9:28:51,2144.2,2144,2144.2,2,1,16
9:28:51,2144.2,2144,2144.2,3,1,15
9:28:52,2144,2144,2144.2,5,5,12
9:28:52,2144.2,2144,2144.2,3,5,32
9:28:53,2144,2143.8,2144,5,56,7
9:28:53,2144,2143.8,2144,8,57,7
9:28:54,2143.8,2143.8,2144,3,59,7
9:28:54,2144,2143.8,2144,2,59,10
9:28:55,2144,2144,2144.2,15,9,43
9:28:55,2144.2,2144,2144.2,3,7,43
9:28:56,2144,2144,2144.2,2,13,44
9:28:56,2144,2144,2144.2,6,18,45
9:28:57,2144.2,2144,2144.2,21,2,47
9:28:57,2144.2,2144,2144.2,4,1,47
9:28:58,2144,2143.8,2144,1,45,25
9:28:59,2144,2143.8,2144,1,47,93
9:28:59,2143.8,2143.8,2144,5,45,95
9:29:00,2143.8,2143.8,2144,1,45,97
9:29:00,2143.8,2143.8,2144,2,47,110
9:29:01,2144,2143.8,2144,45,30,78
9:29:01,2143.8,2143.8,2144,18,20,77
9:29:02,2143.8,2143.8,2144,17,15,71
9:29:02,2143.8,2143.8,2144,12,17,66
9:29:03,2144,2143.8,2144,32,17,43
9:29:03,2143.8,2143.8,2144,3,14,44
9:29:04,2144,2143.8,2144,4,20,43
9:29:04,2143.8,2143.8,2144,10,12,44
9:29:05,2143.8,2143.8,2144,16,5,50
9:29:06,2143.8,2143.8,2144,9,16,50
9:29:06,2143.8,2143.8,2144,1,19,62
9:29:07,2144,2143.8,2144,3,19,62
9:29:07,2143.8,2143.8,2144,3,17,67
9:29:08,2143.8,2143.8,2144,12,6,66
9:29:08,2143.8,2143.6,2143.8,7,19,1
9:29:09,2144,2143.6,2143.8,2,27,3
9:29:10,2143.8,2143.6,2143.8,1,55,6
9:29:10,2143.8,2143.8,2144,18,7,77
9:29:11,2143.8,2143.8,2144,5,3,75
9:29:12,2143.8,2143.6,2143.8,4,65,10
9:29:12,2143.8,2143.6,2143.8,1,66,10
9:29:13,2143.8,2143.6,2143.8,3,66,8
9:29:14,2143.8,2143.6,2143.8,1,68,13
9:29:14,2143.6,2143.6,2143.8,2,67,19
9:29:15,2143.6,2143.6,2143.8,35,32,19
9:29:16,2143.6,2143.6,2143.8,2,30,25
9:29:16,2143.6,2143.6,2143.8,6,25,25
9:29:17,2143.6,2143.6,2143.8,1,24,25
9:29:17,2143.6,2143.6,2143.8,7,17,26
9:29:18,2143.6,2143.6,2143.8,18,7,27
9:29:18,2143.6,2143.4,2143.6,9,33,1
9:29:19,2143.6,2143.6,2143.8,9,1,22
9:29:19,2143.8,2143.6,2143.8,1,3,22
9:29:20,2143.8,2143.6,2143.8,1,4,22
9:29:21,2143.6,2143.6,2143.8,1,3,25
9:29:21,2143.6,2143.6,2143.8,9,9,25
9:29:22,2143.8,2143.6,2143.8,2,9,24
9:29:22,2143.8,2143.6,2143.8,1,24,25
9:29:23,2143.8,2143.6,2143.8,5,27,21
9:29:24,2143.6,2143.6,2143.8,7,38,21
9:29:24,2143.6,2143.6,2143.8,21,38,1
9:29:25,2143.8,2143.8,2144,3,54,121
9:29:25,2143.8,2143.8,2144,6,50,121
9:29:26,2143.8,2143.8,2144,22,31,122
9:29:26,2144,2143.8,2144,14,19,121
9:29:27,2144,2143.8,2144,1,18,121
9:29:28,2144,2143.8,2144,22,18,100
9:29:28,2143.8,2143.8,2144,3,19,100
9:29:29,2143.8,2143.8,2144,2,20,99
9:29:29,2143.8,2143.8,2144,3,17,99
9:29:30,2144,2143.8,2144,2,23,97
9:29:30,2143.8,2143.8,2144,3,23,96
9:29:31,2144,2143.8,2144,14,21,91
9:29:31,2143.8,2143.8,2144,45,21,47
9:29:32,2144,2143.8,2144,12,12,45
9:29:32,2144,2143.8,2144,17,13,33
9:29:33,2144,2143.8,2144,2,14,33
9:29:33,2144,2143.8,2144,2,40,31
9:29:34,2144,2143.8,2144,1,45,31
9:29:34,2143.8,2143.8,2144,23,43,11
9:29:35,2144,2143.8,2144,4,61,7
9:29:35,2144.2,2144,2144.2,12,2,79
9:29:36,2144.2,2144,2144.2,2,9,83
9:29:36,2144.2,2144,2144.2,2,8,84
9:29:37,2144,2144,2144.2,4,8,83
9:29:37,2144.2,2144,2144.2,4,5,83
9:29:38,2144.2,2144,2144.2,1,5,83
9:29:38,2144,2143.8,2144,6,39,6
9:29:39,2144,2143.8,2144,3,39,9
9:29:39,2144,2143.8,2144,3,41,12
9:29:40,2144,2143.8,2144,6,41,9
9:29:40,2144,2143.8,2144,3,41,30
9:29:41,2144,2143.8,2144,3,38,33
9:29:41,2144,2143.8,2144,1,32,36
9:29:42,2143.8,2143.8,2144,3,33,36
9:29:43,2144,2143.8,2144,2,35,43
9:29:43,2144,2143.8,2144,8,36,40
9:29:44,2144,2143.8,2144,36,36,6
9:29:44,2144,2143.8,2144,3,37,7
9:29:46,2143.8,2143.8,2144,1,39,11
9:29:46,2144,2143.8,2144,1,40,10
9:29:48,2144,2143.8,2144,6,39,7
9:29:48,2144,2143.8,2144,1,39,9
9:29:49,2143.8,2143.8,2144,2,39,9
9:29:49,2144,2143.8,2144,2,39,7
9:29:50,2143.8,2143.8,2144,3,39,6
9:29:51,2143.8,2143.8,2144,2,38,5
9:29:52,2143.8,2143.8,2144,5,33,5
9:29:53,2144,2143.8,2144,1,35,6
9:29:54,2143.8,2143.8,2144,1,35,24
9:29:54,2143.8,2143.8,2144,10,31,31
9:29:55,2143.8,2143.8,2144,3,29,29
9:29:55,2143.8,2143.8,2144,13,16,36
9:29:56,2143.8,2143.8,2144,4,12,38
9:29:57,2143.8,2143.8,2144,6,11,36
9:29:57,2143.8,2143.8,2144,2,10,36
9:29:58,2144,2143.8,2144,9,5,37
9:29:59,2143.8,2143.8,2144,4,3,38
9:29:59,2144,2143.8,2144,4,2,36
9:30:00,2143.8,2143.6,2143.8,4,66,1
9:30:00,2143.6,2143.6,2143.8,25,59,8
9:30:01,2143.8,2143.6,2143.8,17,47,7
9:30:01,2143.8,2143.6,2143.8,5,49,3
9:30:02,2143.8,2143.6,2144,10,43,19
9:30:02,2143.6,2143.6,2144,3,42,19
9:30:03,2143.8,2143.8,2144,6,1,20
9:30:03,2143.6,2143.4,2143.6,44,38,1
9:30:04,2143.4,2143.4,2143.6,5,36,1
9:30:04,2143.4,2143.4,2143.8,6,32,2
9:30:05,2143.4,2143.4,2143.8,12,27,25
9:30:06,2143.4,2143.4,2143.6,7,21,14
9:30:06,2143.6,2143.4,2143.6,1,22,13
9:30:07,2143.4,2143.4,2143.6,3,23,14
9:30:07,2143.4,2143.4,2143.6,4,19,14
9:30:08,2143.6,2143.4,2143.6,14,8,13
9:30:08,2143.4,2143.2,2143.4,14,79,19
9:30:09,2143.4,2143.2,2143.4,1,79,18
9:30:09,2143.4,2143.2,2143.4,6,74,18
9:30:10,2143.2,2143.2,2143.4,2,73,18
9:30:10,2143.4,2143.2,2143.4,16,65,11
9:30:11,2143.2,2143.2,2143.4,12,57,8
9:30:11,2143.4,2143.2,2143.6,15,56,12
9:30:12,2143.2,2143.4,2143.6,7,2,13
9:30:12,2143.4,2143.2,2143.6,9,50,13
9:30:13,2143.2,2143.2,2143.6,2,50,13
9:30:13,2143.6,2143.2,2143.4,14,45,31
9:30:14,2143.2,2143.2,2143.4,4,50,30
9:30:14,2143.4,2143.2,2143.4,2,49,32
9:30:15,2143.2,2143.2,2143.4,36,16,26
9:30:15,2143.2,2143.2,2143.4,8,10,26
9:30:16,2143.2,2143.2,2143.4,9,8,28
9:30:16,2143.4,2143.4,2143.6,35,8,9
9:30:17,2143.4,2143.4,2143.6,2,6,11
9:30:17,2143.4,2143.4,2143.6,7,4,11
9:30:18,2143.4,2143.4,2143.6,2,6,12
9:30:18,2143.4,2143.4,2143.6,2,5,11
9:30:19,2143.4,2143.4,2143.6,3,3,10
9:30:19,2143.6,2143.4,2143.6,3,1,9
9:30:20,2143.4,2143.2,2143.6,6,43,8
9:30:20,2143.6,2143.6,2143.8,12,12,14
9:30:21,2143.6,2143.6,2143.8,13,12,5
9:30:21,2143.6,2143.6,2143.8,1,15,6
9:30:22,2143.8,2143.6,2143.8,5,13,4
9:30:22,2143.8,2143.6,2143.8,10,9,1
9:30:23,2143.8,2143.8,2144,5,2,46
9:30:23,2144,2143.6,2144,7,14,45
9:30:24,2144,2143.6,2144,12,9,39
9:30:24,2144,2143.6,2144,13,11,27
9:30:25,2144,2143.8,2144,6,1,24
9:30:25,2144,2143.8,2144,17,5,18
9:30:26,2143.8,2143.8,2144,1,8,19
9:30:26,2143.8,2144,2144.2,20,1,107
9:30:27,2144,2143.8,2144,13,10,2
9:30:27,2144.2,2144,2144.2,11,15,102
9:30:28,2144.2,2144,2144.2,40,19,103
9:30:28,2144.2,2144,2144.2,14,23,91
9:30:29,2144.2,2144.2,2144.4,91,15,86
9:30:29,2144.4,2144.2,2144.4,23,16,73
9:30:30,2144.4,2144.2,2144.4,16,24,60
9:30:30,2144.4,2144.2,2144.4,24,26,37
9:30:31,2144.4,2144.2,2144.4,11,25,28
9:30:31,2144.2,2144,2144.2,46,7,7
9:30:32,2144.4,2144,2144.4,13,7,21
9:30:32,2144.2,2144,2144.4,7,6,22
9:30:33,2144.2,2144,2144.2,2,13,14
9:30:33,2144,2144,2144.2,18,5,8
9:30:34,2144,2143.8,2144,13,12,13
9:30:34,2144,2143.8,2144,5,12,17
9:30:35,2144,2143.8,2144,10,12,8
9:30:35,2144,2143.8,2144,15,11,5
9:30:36,2144,2144,2144.2,8,3,20
9:30:36,2144,2144,2144.2,2,31,20
9:30:37,2144.2,2144,2144.2,2,32,18
9:30:37,2144.2,2144,2144.2,7,37,12
9:30:38,2144.2,2144.2,2144.4,13,10,31
9:30:38,2144.2,2144.2,2144.4,3,8,30
9:30:39,2144.2,2144,2144.2,13,39,3
9:30:39,2144.4,2144,2144.2,8,37,4
9:30:40,2144.2,2144,2144.2,6,39,7
9:30:40,2144.2,2144.2,2144.4,43,1,28
9:30:41,2144.2,2144.2,2144.4,3,7,29
9:30:41,2144.4,2144.4,2144.6,31,3,74
9:30:42,2144.4,2144.4,2144.6,7,5,72
9:30:42,2144.4,2144.4,2144.6,16,3,58
9:30:43,2144.4,2144.4,2144.6,7,6,54
9:30:43,2144.6,2144.4,2144.6,9,11,47
9:30:44,2144.4,2144.4,2144.6,23,8,29
9:30:44,2144.6,2144.4,2144.6,20,14,10
9:30:45,2144.6,2144.6,2144.8,27,24,65
9:30:45,2144.8,2144.6,2144.8,20,27,47
9:30:46,2144.8,2144.6,2144.8,24,24,31
9:30:46,2144.8,2144.8,2145,69,41,151
9:30:47,2145,2144.8,2145,24,60,134
9:30:47,2145,2144.8,2145,60,72,82
9:30:48,2145.2,2145,2145.2,88,32,41
9:30:48,2145.2,2145.2,2145.4,68,14,86
9:30:49,2145.4,2145.2,2145.4,94,43,8
9:30:49,2145.4,2145.4,2145.6,57,17,80
9:30:50,2145.6,2145.4,2145.6,99,30,10
9:30:50,2145.8,2145.6,2145.8,66,34,74
9:30:51,2145.8,2145.6,2145.8,53,30,47
9:30:51,2145.6,2145.6,2145.8,65,8,18
9:30:52,2145.4,2145.4,2145.6,43,33,36
9:30:52,2145.4,2145.2,2145.4,100,49,16
9:30:53,2145.2,2145.2,2145.4,110,43,1
9:30:53,2145.2,2145.2,2145.6,31,41,11
9:30:54,2145,2145,2145.4,74,47,5
9:30:54,2145,2145,2145.2,18,40,1
9:30:55,2144.8,2144.8,2145,63,108,7
9:30:55,2145,2145,2145.2,15,13,3
9:30:56,2145.2,2145.2,2145.4,14,7,33
9:30:56,2145,2145,2145.2,20,13,21
9:30:57,2145.2,2145,2145.2,15,16,12
9:30:57,2145.2,2145,2145.2,42,3,17
9:30:58,2145,2144.8,2145,18,74,1
9:30:58,2145,2144.8,2145,62,25,11
9:30:59,2145,2144.8,2145,13,23,4
9:30:59,2145,2145,2145.2,10,3,45
9:31:00,2145,2144.8,2145,44,18,16
9:31:00,2144.6,2144.6,2145,61,5,15
9:31:01,2144.6,2144.6,2145,53,1,10
9:31:01,2145,2144.6,2145,51,18,1
9:31:02,2145,2145,2145.2,26,89,20
9:31:02,2145,2145,2145.2,86,43,16
9:31:03,2145,2145,2145.2,24,30,16
9:31:03,2145,2145,2145.2,8,27,15
9:31:04,2145,2145,2145.2,17,14,19
9:31:04,2145,2144.8,2145,22,2,24
9:31:05,2144.8,2144.6,2144.8,43,22,5
9:31:05,2144.6,2144.6,2145,21,26,61
9:31:06,2145,2144.8,2145,12,2,74
9:31:06,2144.8,2144.6,2144.8,15,64,11
9:31:07,2144.8,2144.6,2144.8,7,63,15
9:31:07,2144.8,2144.6,2144.8,5,61,15
9:31:08,2144.8,2144.6,2144.8,3,62,17
9:31:08,2144.8,2144.6,2144.8,17,59,11
9:31:09,2144.6,2144.6,2144.8,17,38,8
9:31:09,2144.6,2144.6,2144.8,12,17,11
9:31:10,2144.8,2144.6,2144.8,30,7,7
9:31:10,2144.6,2144.4,2144.6,12,25,5
9:31:11,2144.6,2144.6,2144.8,13,3,19
9:31:11,2144.6,2144.6,2144.8,1,21,19
9:31:12,2144.6,2144.6,2144.8,6,38,18
9:31:12,2144.6,2144.6,2144.8,8,26,29
9:31:13,2144.8,2144.6,2144.8,9,22,29
9:31:13,2144.6,2144.4,2144.6,26,28,6
9:31:14,2144.6,2144.6,2144.8,8,17,25
9:31:14,2144.6,2144.6,2144.8,4,19,27
9:31:15,2144.8,2144.6,2144.8,3,20,52
9:31:15,2144.6,2144.6,2144.8,1,22,73
9:31:16,2144.6,2144.6,2144.8,7,18,75
9:31:16,2144.8,2144.6,2144.8,9,12,76
9:31:17,2144.6,2144.6,2144.8,9,6,74
9:31:17,2144.6,2144.4,2144.6,12,33,4
9:31:18,2144.6,2144.4,2144.6,3,50,8
9:31:18,2144.4,2144.4,2144.6,2,49,8
9:31:19,2144.4,2144.4,2144.6,26,25,11
9:31:19,2144.4,2144.4,2144.6,7,25,29
9:31:20,2144.2,2144.2,2144.6,63,33,26
9:31:20,2144.4,2144.2,2144.4,4,32,5
9:31:21,2144.4,2144.4,2144.6,16,47,27
9:31:21,2144.4,2144.4,2144.6,5,47,30
9:31:22,2144.6,2144.4,2144.6,6,43,31
9:31:22,2144.4,2144.4,2144.6,3,43,30
9:31:23,2144.4,2144.4,2144.6,23,39,12
9:31:23,2144.6,2144.4,2144.6,3,42,10
9:31:24,2144.6,2144.4,2144.6,14,47,1
9:31:24,2144.6,2144.6,2144.8,1,4,85
9:31:25,2144.6,2144.6,2144.8,14,1,88
9:31:25,2144.4,2144.4,2144.6,4,46,1
9:31:26,2144.6,2144.4,2144.6,1,47,5
9:31:26,2144.6,2144.4,2144.8,10,43,101
9:31:27,2144.6,2144.4,2144.6,8,41,1
9:31:27,2144.6,2144.4,2144.6,6,36,2
9:31:28,2144.6,2144.6,2144.8,6,4,106
9:31:28,2144.6,2144.6,2144.8,1,4,106
9:31:29,2144.8,2144.6,2144.8,5,1,105
9:31:29,2144.6,2144.6,2144.8,3,1,104
9:31:30,2144.6,2144.4,2144.8,2,54,105
9:31:30,2144.8,2144.4,2144.6,2,58,1
9:31:31,2144.8,2144.6,2144.8,4,1,105
9:31:31,2144.6,2144.4,2144.8,2,57,105
9:31:32,2144.4,2144.4,2144.8,31,44,94
9:31:33,2144.6,2144.4,2144.6,4,47,5
9:31:33,2144.6,2144.4,2144.8,16,46,87
9:31:35,2144.8,2144.6,2144.8,3,23,86
9:31:35,2144.8,2144.6,2144.8,16,32,76
9:31:36,2144.8,2144.6,2144.8,11,37,66
9:31:36,2144.8,2144.6,2144.8,16,37,51
9:31:37,2144.8,2144.6,2144.8,5,35,48
9:31:37,2144.8,2144.6,2144.8,10,38,38
9:31:38,2144.8,2144.6,2144.8,2,37,35
9:31:38,2144.6,2144.6,2144.8,12,27,34
9:31:39,2144.8,2144.6,2144.8,12,33,29
9:31:39,2144.8,2144.6,2144.8,6,33,26
9:31:40,2144.8,2144.6,2144.8,3,32,25
9:31:40,2144.8,2144.6,2144.8,21,27,10
9:31:41,2144.6,2144.6,2144.8,1,32,16
9:31:41,2144.8,2144.6,2144.8,2,54,46
9:31:42,2144.8,2144.6,2144.8,10,53,45
9:31:42,2144.8,2144.6,2144.8,2,53,45
9:31:43,2144.8,2144.6,2144.8,2,54,49
9:31:43,2144.8,2144.6,2144.8,36,53,17
9:31:44,2144.6,2144.6,2144.8,2,52,16
9:31:44,2144.8,2144.6,2144.8,1,53,16
9:31:45,2144.8,2144.6,2144.8,6,56,13
9:31:46,2144.8,2144.6,2144.8,2,58,22
9:31:46,2144.8,2144.6,2144.8,11,63,14
9:31:47,2144.8,2144.6,2144.8,7,65,10
9:31:47,2144.8,2144.6,2144.8,5,65,8
9:31:48,2144.8,2144.8,2145,11,1,191
9:31:48,2144.8,2144.6,2145,2,65,231
9:31:49,2144.8,2144.6,2144.8,2,68,4
9:31:49,2144.6,2144.6,2144.8,6,65,4
9:31:50,2144.8,2144.6,2144.8,6,70,6
9:31:50,2144.8,2144.6,2144.8,2,73,9
9:31:51,2144.6,2144.6,2144.8,1,74,16
9:31:51,2144.6,2144.6,2144.8,6,69,32
9:31:52,2144.6,2144.6,2144.8,7,67,40
9:31:52,2144.6,2144.6,2144.8,16,51,47
9:31:53,2144.8,2144.6,2144.8,4,48,54
9:31:53,2144.6,2144.6,2144.8,13,42,51
9:31:54,2144.6,2144.6,2144.8,9,40,56
9:31:55,2144.6,2144.6,2144.8,5,43,60
9:31:55,2144.8,2144.6,2144.8,4,43,67
9:31:56,2144.8,2144.6,2144.8,25,21,66
9:31:56,2144.6,2144.6,2144.8,11,20,60
9:31:57,2144.8,2144.6,2144.8,7,15,67
9:31:57,2144.6,2144.6,2144.8,5,11,66
9:31:58,2144.6,2144.6,2144.8,11,2,69
9:31:58,2144.6,2144.4,2144.6,9,67,1
9:31:59,2144.6,2144.4,2144.6,34,60,7
9:31:59,2144.6,2144.4,2144.6,1,66,15
9:32:00,2144.4,2144.4,2144.8,31,61,44
9:32:00,2144.4,2144.4,2144.8,55,58,2
9:32:01,2145,2144.6,2145,9,30,267
9:32:01,2144.6,2144.6,2145,32,26,244
9:32:02,2144.8,2144.6,2144.8,13,31,14
9:32:02,2145,2144.6,2145,39,23,231
9:32:03,2145,2144.8,2145,20,4,214
9:32:03,2145,2144.8,2145,55,1,162
9:32:04,2144.6,2144.6,2145,2,25,161
9:32:04,2144.6,2144.6,2144.8,8,24,8
9:32:05,2144.8,2144.6,2144.8,11,32,1
9:32:05,2144.8,2144.8,2145,16,7,158
9:32:06,2144.8,2144.8,2145,3,6,158
9:32:06,2144.8,2144.8,2145,11,6,151
9:32:07,2145,2144.8,2145,5,4,155
9:32:07,2145,2144.8,2145,4,3,153
9:32:08,2144.8,2144.8,2145,8,10,151
9:32:08,2145,2144.8,2145,3,10,148
9:32:09,2144.8,2144.8,2145,8,6,148
9:32:09,2145,2144.8,2145,5,7,145
9:32:10,2144.8,2144.6,2145,11,40,143
9:32:10,2145,2144.6,2145,14,36,140
9:32:11,2145,2144.8,2145,9,3,135
9:32:11,2145,2144.8,2145,1,3,134
9:32:12,2144.6,2144.6,2145,7,38,134
9:32:12,2145,2144.8,2145,13,10,127
9:32:13,2145,2144.8,2145,1,11,129
9:32:13,2145,2144.8,2145,4,9,138
9:32:14,2145,2144.8,2145,5,21,137
9:32:14,2144.8,2144.8,2145,4,20,185
9:32:15,2145,2144.8,2145,17,9,185
9:32:15,2144.8,2144.6,2144.8,13,48,8
9:32:16,2144.6,2144.6,2144.8,5,54,15
9:32:16,2144.8,2144.6,2144.8,3,53,19
9:32:17,2144.8,2144.6,2144.8,4,53,31
9:32:17,2144.8,2144.6,2144.8,5,52,26
9:32:18,2144.8,2144.6,2144.8,21,43,28
9:32:18,2144.6,2144.6,2144.8,22,21,59
9:32:19,2144.6,2144.6,2144.8,16,13,57
9:32:19,2144.6,2144.6,2144.8,14,1,70
9:32:20,2144.6,2144.4,2144.6,37,63,27
9:32:20,2144.6,2144.4,2144.6,8,65,39
9:32:21,2144.4,2144.4,2144.6,6,62,78
9:32:21,2144.6,2144.4,2144.6,8,61,59
9:32:22,2144.4,2144.4,2144.6,1,60,59
9:32:22,2144.4,2144.4,2144.6,7,54,33
9:32:23,2144.4,2144.4,2144.6,12,50,7
9:32:23,2144.4,2144.4,2144.6,24,25,8
9:32:24,2144.4,2144.4,2144.6,4,24,9
9:32:24,2144.6,2144.2,2144.6,35,57,7
9:32:25,2144.4,2144.4,2144.6,57,25,9
9:32:25,2144.2,2144.4,2144.6,35,2,10
9:32:26,2144.4,2144.2,2144.4,5,2,3
9:32:26,2144,2144,2144.4,10,106,2
9:32:27,2144,2144,2144.2,6,108,17
9:32:27,2144,2144,2144.2,9,102,57
9:32:28,2144.2,2144,2144.2,12,88,55
9:32:28,2144.2,2144,2144.2,21,69,53
9:32:29,2144,2144,2144.2,65,7,52
9:32:29,2144,2143.8,2144.2,16,35,45
9:32:30,2143.8,2143.8,2144,15,46,47
9:32:30,2143.8,2143.8,2144,41,16,48
9:32:31,2144,2143.8,2144,11,10,45
9:32:31,2144,2143.8,2144,34,10,25
9:32:32,2144,2144,2144.2,46,15,45
9:32:32,2144,2144,2144.2,1,39,47
9:32:33,2144.2,2144,2144.2,22,41,44
9:32:33,2144,2144,2144.2,31,10,45
9:32:34,2144,2144,2144.2,4,6,47
9:32:34,2144.2,2144,2144.2,7,3,55
9:32:35,2144,2144,2144.2,5,4,56
9:32:35,2144.2,2143.8,2144,21,25,30
9:32:36,2143.6,2143.6,2143.8,23,52,1
9:32:37,2144,2143.8,2144,8,3,39
9:32:37,2143.8,2143.8,2144,3,6,38
9:32:38,2144,2143.8,2144,23,5,26
9:32:38,2144,2143.8,2144,2,5,28
9:32:39,2143.8,2143.6,2143.8,5,60,8
9:32:39,2143.8,2143.6,2143.8,9,61,4
9:32:40,2143.8,2143.8,2144,11,36,33
9:32:40,2143.8,2143.8,2144,3,46,33
9:32:41,2143.8,2143.8,2144,12,38,35
9:32:41,2144,2143.8,2144,6,43,33
9:32:42,2143.8,2143.8,2144,2,48,39
9:32:42,2143.8,2143.8,2144,1,49,46
9:32:43,2144,2143.8,2144,3,54,47
9:32:43,2144,2143.8,2144,14,45,43
9:32:44,2144,2143.8,2144,13,41,36
9:32:44,2144,2143.8,2144,11,44,25
9:32:45,2144,2143.8,2144,14,48,12
9:32:45,2144,2144,2144.2,17,8,55
9:32:46,2144.2,2144,2144.2,10,6,47
9:32:46,2144,2143.8,2144,11,58,4
9:32:47,2144,2143.8,2144,3,60,4
9:32:47,2144,2143.8,2144,5,65,2
9:32:48,2144,2144,2144.2,4,45,36
9:32:48,2144,2144,2144.2,1,45,39
9:32:49,2144.2,2144,2144.2,3,44,38
9:32:49,2144.2,2144,2144.2,3,43,38
9:32:50,2144,2144,2144.2,1,47,38
9:32:50,2144.2,2144,2144.2,1,48,36
9:32:51,2144,2144,2144.2,10,38,36
9:32:51,2144,2144,2144.2,2,37,41
9:32:52,2144,2144,2144.2,1,39,41
9:32:52,2144,2144,2144.2,2,37,41
9:32:53,2144,2144,2144.2,5,52,43
9:32:53,2144,2144,2144.2,33,20,44
9:32:54,2144.2,2144.2,2144.4,47,9,17
9:32:54,2144.2,2144.2,2144.6,23,4,16
9:32:55,2144.2,2144.2,2144.6,1,4,16
9:32:55,2144.2,2144.2,2144.4,3,5,2
9:32:56,2144.2,2144.2,2144.4,2,20,3
9:32:56,2144.2,2144.2,2144.4,1,23,5
9:32:57,2144.2,2144.2,2144.4,2,30,6
9:32:57,2144.2,2144.2,2144.4,1,29,9
9:32:58,2144.4,2144.2,2144.4,7,29,6
9:32:58,2144.2,2144.2,2144.4,3,26,12
9:32:59,2144.4,2144.2,2144.4,1,26,12
9:32:59,2144.2,2144.2,2144.4,8,18,11
9:33:00,2144.2,2144.2,2144.4,17,22,1
9:33:00,2144.6,2144.4,2144.6,13,4,27
9:33:01,2144.4,2144.4,2144.6,3,1,28
9:33:01,2144.8,2144.6,2144.8,69,5,60
9:33:02,2144.8,2144.6,2144.8,25,21,40
9:33:02,2144.8,2144.6,2144.8,7,19,35
9:33:03,2144.8,2144.6,2144.8,12,11,32
9:33:03,2144.8,2144.6,2144.8,8,12,25
9:33:04,2144.8,2144.6,2144.8,7,13,20
9:33:05,2144.6,2144.6,2144.8,4,15,17
9:33:05,2144.8,2144.6,2144.8,5,15,21
9:33:06,2144.6,2144.4,2144.8,18,8,25
9:33:06,2144.6,2144.4,2144.6,2,8,2
9:33:07,2144.4,2144.4,2144.6,3,7,8
9:33:07,2144.6,2144.4,2144.6,1,11,14
9:33:08,2144.6,2144.4,2144.6,9,11,26
9:33:08,2144.6,2144.4,2144.6,3,10,26
9:33:09,2144.6,2144.4,2144.6,3,10,26
9:33:09,2144.4,2144.4,2144.6,3,7,27
9:33:10,2144.6,2144.4,2144.6,3,6,28
9:33:10,2144.4,2144.2,2144.4,7,22,36
9:33:11,2144.4,2144.2,2144.4,4,21,53
9:33:11,2144.4,2144.2,2144.4,3,20,71
9:33:12,2144.4,2144.2,2144.4,4,19,68
9:33:12,2144.2,2144.2,2144.4,15,9,63
9:33:13,2144.4,2144.2,2144.4,4,8,60
9:33:13,2144.4,2144.2,2144.4,9,8,52
9:33:14,2144.4,2144.2,2144.4,4,8,53
9:33:14,2144.2,2144.2,2144.4,3,5,54
9:33:15,2144.4,2144,2144.4,10,53,50
9:33:15,2144,2144,2144.4,9,47,49
9:33:16,2144.4,2144,2144.4,1,55,48
9:33:16,2144,2144.2,2144.4,2,1,50
9:33:17,2144,2144.2,2144.4,2,5,52
9:33:17,2144.2,2144,2144.4,6,57,52
9:33:18,2144,2144.2,2144.4,9,1,51
9:33:18,2144.2,2144,2144.2,3,90,4
9:33:19,2144,2144,2144.2,1,98,5
9:33:19,2144,2144,2144.2,8,92,6
9:33:20,2144.2,2144,2144.2,9,93,3
9:33:20,2144,2144,2144.2,57,39,1
9:33:21,2144.2,2144.2,2144.4,10,1,54
9:33:21,2144.2,2144,2144.4,3,37,50
9:33:22,2144,2144,2144.4,3,36,50
9:33:23,2144.2,2144,2144.4,10,42,43
9:33:23,2144,2144,2144.2,2,44,1
9:33:24,2144,2144,2144.2,7,38,1
9:33:24,2144.4,2144.2,2144.4,4,3,41
9:33:25,2144,2144,2144.2,10,40,40
9:33:25,2144,2144,2144.2,4,44,40
9:33:26,2144,2144,2144.2,43,3,53
9:33:26,2144,2143.8,2144,8,115,3
9:33:27,2144,2143.8,2144,7,117,90
9:33:27,2144,2143.8,2144,24,111,82
9:33:28,2144,2143.8,2144,33,99,62
9:33:28,2144,2143.8,2144,12,94,44
9:33:29,2143.8,2143.8,2144,13,87,42
9:33:29,2143.8,2143.8,2144,13,76,40
9:33:30,2144,2143.8,2144,5,80,36
9:33:30,2144,2143.8,2144,26,67,23
9:33:31,2143.8,2143.8,2144,38,42,29
9:33:31,2144,2143.8,2144,5,40,25
9:33:32,2143.8,2143.8,2144,2,41,25
9:33:32,2143.8,2143.8,2144,1,40,25
9:33:33,2144,2143.8,2144,1,44,25
9:33:33,2144,2143.8,2144,5,42,23
9:33:34,2143.8,2143.8,2144,1,45,23
9:33:34,2143.8,2143.8,2144,2,46,24
9:33:35,2144,2143.8,2144,16,45,21
9:33:36,2144,2143.8,2144,18,46,7
9:33:36,2143.8,2143.8,2144,8,41,14
9:33:37,2144,2143.8,2144,1,47,15
9:33:37,2143.8,2143.8,2144,1,51,28
9:33:38,2144,2144,2144.2,19,45,27
9:33:39,2144,2144,2144.2,3,42,28
9:33:40,2144,2144,2144.2,5,53,24
9:33:40,2144,2144,2144.2,17,44,24
9:33:41,2144,2144,2144.2,2,44,24
9:33:41,2144.2,2144,2144.2,1,45,27
9:33:42,2144.2,2144,2144.2,3,44,30
9:33:43,2144.2,2144,2144.2,3,44,31
9:33:43,2144.2,2144,2144.2,3,43,29
9:33:44,2144.2,2144,2144.2,4,42,28
9:33:44,2144.2,2144,2144.2,4,41,25
9:33:45,2144.2,2144,2144.2,10,33,27
9:33:46,2144,2144,2144.2,4,43,24
9:33:47,2144,2144,2144.2,11,42,14
9:33:47,2144.2,2144,2144.2,13,46,1
9:33:48,2144.2,2144.2,2144.4,4,11,56
9:33:48,2144.2,2144.2,2144.4,1,12,56
9:33:49,2144,2144,2144.2,35,19,16
9:33:49,2144.2,2144,2144.2,1,21,16
9:33:50,2144,2144,2144.2,4,20,13
9:33:50,2144.2,2144,2144.2,8,23,7
9:33:51,2144,2144,2144.2,1,22,7
9:33:51,2144,2144,2144.2,2,25,7
9:33:52,2144.2,2144,2144.2,1,28,6
9:33:52,2144.4,2144,2144.2,9,28,1
9:33:53,2144,2144,2144.4,10,21,62
9:33:53,2144.2,2144,2144.4,2,24,62
9:33:54,2144.4,2144.2,2144.4,1,1,61
9:33:54,2144,2144,2144.4,5,25,63
9:33:55,2144.2,2144,2144.2,1,27,1
9:33:56,2144.2,2144,2144.4,2,33,68
9:33:57,2144.4,2144.2,2144.4,30,1,69
9:33:58,2144.2,2144,2144.4,9,12,61
9:33:58,2144.2,2144,2144.2,1,12,2
9:33:59,2144,2144,2144.2,5,10,6
9:33:59,2144.2,2144,2144.2,8,11,15
9:34:00,2144.2,2144,2144.2,3,12,27
9:34:00,2144,2144,2144.2,15,10,24
9:34:01,2143.8,2144,2144.2,11,4,24
9:34:01,2144.2,2144,2144.2,1,7,24
9:34:02,2144,2143.8,2144.2,7,79,24
9:34:02,2143.8,2143.8,2144,1,77,10
9:34:03,2144,2143.8,2144,9,78,10
9:34:03,2144,2143.8,2144,12,78,9
9:34:04,2144,2143.8,2144,7,78,4
9:34:04,2143.8,2143.8,2144,5,76,3
9:34:05,2143.8,2143.8,2144,1,76,3
9:34:05,2144,2143.8,2144.2,5,75,39
9:34:06,2143.8,2143.8,2144.2,3,74,39
9:34:06,2143.8,2144,2144.2,8,1,41
9:34:07,2143.8,2143.8,2144.2,2,68,43
9:34:07,2143.8,2143.8,2144,2,68,17
9:34:08,2143.8,2143.8,2144,1,67,22
9:34:08,2144,2143.8,2144,9,61,26
9:34:09,2143.8,2143.8,2144,12,51,26
9:34:09,2144,2143.8,2144,9,44,25
9:34:10,2143.8,2143.8,2144,11,34,31
9:34:11,2143.8,2143.8,2144,1,33,32
9:34:12,2143.6,2143.6,2143.8,38,116,9
9:34:12,2143.6,2143.6,2143.8,10,106,10
9:34:13,2143.8,2143.6,2143.8,14,95,16
9:34:13,2143.8,2143.6,2143.8,5,93,18
9:34:14,2143.8,2143.6,2143.8,22,72,31
9:34:14,2143.6,2143.6,2143.8,8,68,31
9:34:15,2143.6,2143.6,2143.8,1,67,33
9:34:15,2143.6,2143.6,2143.8,9,61,32
9:34:16,2143.6,2143.6,2143.8,4,58,30
9:34:16,2143.6,2143.6,2143.8,6,53,29
9:34:17,2143.8,2143.6,2143.8,34,22,26
9:34:18,2143.6,2143.6,2143.8,7,16,28
9:34:18,2143.8,2143.6,2143.8,17,2,27
9:34:19,2143.6,2143.6,2143.8,1,2,31
9:34:19,2143.6,2143.6,2143.8,26,3,15
9:34:20,2143.6,2143.6,2143.8,6,9,11
9:34:20,2143.6,2143.6,2143.8,2,24,10
9:34:21,2143.8,2143.6,2143.8,2,31,10
9:34:21,2143.6,2143.6,2143.8,9,50,10
9:34:22,2143.6,2143.6,2143.8,5,50,9
9:34:22,2143.6,2143.6,2143.8,18,42,6
9:34:23,2143.8,2143.6,2143.8,3,42,7
9:34:23,2143.8,2143.6,2143.8,13,36,4
9:34:24,2143.6,2143.6,2143.8,2,37,4
9:34:24,2143.8,2143.6,2143.8,8,31,5
9:34:25,2143.8,2143.8,2144,15,20,60
9:34:25,2144,2143.8,2144,23,23,39
9:34:26,2144,2143.8,2144,1,27,38
9:34:26,2143.8,2143.8,2144,12,26,39
9:34:27,2143.8,2143.8,2144,2,26,73
9:34:28,2143.8,2143.8,2144,2,26,74
9:34:29,2144,2143.8,2144,3,29,74
9:34:29,2144,2143.8,2144,2,31,85
9:34:30,2143.8,2143.8,2144,5,31,81
9:34:30,2144,2143.8,2144,21,29,62
9:34:31,2144,2143.8,2144,2,30,61
9:34:31,2143.8,2143.8,2144,1,29,61
9:34:32,2143.8,2143.8,2144,2,30,70
9:34:33,2144,2143.8,2144,14,30,61
9:34:33,2143.8,2143.8,2144,2,29,61
9:34:34,2144,2143.8,2144,3,35,60
9:34:34,2144,2143.8,2144,7,31,59
9:34:35,2143.8,2143.8,2144,11,21,58
9:34:35,2144,2143.8,2144,3,20,57
9:34:36,2144,2143.8,2144,2,23,56
9:34:36,2144,2143.8,2144,4,26,52
9:34:37,2143.8,2143.8,2144,4,24,53
9:34:37,2143.8,2143.8,2144,16,22,41
9:34:38,2144,2143.8,2144,2,24,39
9:34:39,2143.8,2143.8,2144,12,18,36
9:34:39,2143.8,2143.8,2144,12,9,33
9:34:40,2144,2143.8,2144,15,10,20
9:34:40,2144,2143.8,2144,6,21,20
9:34:41,2144,2144,2144.2,22,11,64
9:34:41,2144,2144,2144.2,6,7,64
9:34:42,2144,2144,2144.2,4,7,60
9:34:42,2144,2144,2144.2,1,6,60
9:34:43,2144,2143.8,2144,6,31,1
9:34:43,2143.8,2143.8,2144,1,42,3
9:34:44,2144,2143.8,2144,2,43,12
9:34:44,2144,2143.8,2144,2,44,17
9:34:45,2144,2143.8,2144,2,46,15
9:34:45,2144,2143.8,2144,2,48,15
9:34:46,2143.8,2143.8,2144,7,44,12
9:34:46,2144,2143.8,2144,7,50,7
9:34:47,2144,2143.8,2144,3,52,3
9:34:47,2144,2144,2144.2,6,5,62
9:34:48,2144,2143.8,2144,6,53,1
9:34:48,2143.8,2143.8,2144,2,53,6
9:34:49,2143.8,2143.8,2144,1,51,6
9:34:49,2144,2144,2144.2,8,5,64
9:34:50,2144.2,2144,2144.2,6,4,59
9:34:50,2144.2,2144,2144.2,10,1,52
9:34:51,2144,2143.8,2144.2,3,56,61
9:34:51,2144.2,2143.8,2144.2,1,57,60
9:34:52,2144.2,2143.8,2144.2,3,59,58
9:34:52,2144.2,2144,2144.2,7,2,58
9:34:53,2144,2143.8,2144,8,65,2
9:34:53,2144.2,2144,2144.2,9,3,50
9:34:54,2144.2,2144,2144.2,2,3,48
9:34:54,2144,2144,2144.2,1,5,49
9:34:56,2144.2,2144,2144.2,3,17,49
9:34:56,2144,2144,2144.2,9,9,49
9:34:57,2144,2144,2144.2,4,6,49
9:34:57,2144,2144,2144.2,5,11,45
9:34:58,2144,2144,2144.2,8,6,45
9:34:59,2144,2144,2144.2,2,16,44
9:34:59,2144.2,2144,2144.2,3,18,45
9:35:00,2144.2,2144,2144.2,15,15,33
9:35:00,2144,2144,2144.8,219,10,44
9:35:01,2144.2,2144.2,2144.6,22,12,25
9:35:01,2144.6,2144.2,2144.6,12,4,22
9:35:02,2144.2,2144,2144.6,28,14,11
9:35:02,2143.8,2143.8,2144.2,22,73,1
9:35:03,2144.6,2144.4,2144.6,5,1,16
9:35:03,2144.6,2144.2,2144.4,4,1,4
9:35:04,2144.6,2144.2,2144.4,7,2,2
9:35:04,2144.2,2144.2,2144.4,3,1,24
9:35:05,2144.4,2144.4,2144.6,27,5,11
9:35:05,2144.6,2144.4,2144.6,2,5,13
9:35:06,2144.4,2144.2,2144.8,20,1,47
9:35:06,2144.6,2144.2,2144.6,2,2,8
9:35:07,2144.6,2144.4,2144.6,4,1,5
9:35:07,2144.4,2144.2,2144.6,2,8,5
9:35:08,2144.6,2144.2,2144.6,2,9,8
9:35:08,2144.6,2144.2,2144.6,4,9,5
9:35:09,2144.6,2144.4,2144.6,2,1,10
9:35:09,2144.6,2144.2,2144.6,3,9,9
9:35:10,2144.4,2144.2,2144.6,2,11,12
9:35:10,2144.6,2144.2,2144.6,1,14,12
9:35:11,2144.4,2144.2,2144.4,2,15,1
9:35:12,2144.4,2144.2,2144.6,2,17,18
9:35:12,2144.6,2144.2,2144.6,1,17,20
9:35:13,2144.6,2144.4,2144.6,2,1,21
9:35:13,2144.6,2144.4,2144.6,2,2,21
9:35:14,2144.6,2144.4,2144.6,3,3,24
9:35:14,2144.6,2144.4,2144.6,11,4,24
9:35:15,2144.6,2144.4,2144.6,20,1,14
9:35:15,2144.6,2144.6,2144.8,17,9,65
9:35:16,2144.6,2144.6,2144.8,12,5,62
9:35:16,2144.6,2144.6,2144.8,1,5,63
9:35:17,2144.6,2144.4,2144.6,8,4,2
9:35:17,2144.6,2144.4,2144.8,6,25,60
9:35:18,2144.4,2144.6,2144.8,23,18,63
9:35:18,2144.8,2144.6,2144.8,4,20,64
9:35:19,2144.6,2144.6,2144.8,34,8,43
9:35:19,2144.6,2144.6,2144.8,2,7,47
9:35:20,2144.8,2144.6,2144.8,9,4,48
9:35:20,2144.8,2144.6,2144.8,5,2,46
9:35:21,2144.6,2144.4,2144.6,2,23,8
9:35:21,2144.6,2144.4,2144.6,1,24,8
9:35:22,2144.4,2144.4,2144.6,7,23,7
9:35:22,2144.6,2144.4,2144.6,2,25,21
9:35:23,2144.6,2144.4,2144.6,1,26,28
9:35:23,2144.4,2144.4,2144.6,8,23,25
9:35:24,2144.6,2144.4,2144.6,6,21,23
9:35:25,2144.6,2144.4,2144.6,4,18,23
9:35:25,2144.4,2144.4,2144.6,2,19,26
9:35:26,2144.4,2144.4,2144.6,5,17,26
9:35:26,2144.4,2144.4,2144.6,2,14,27
9:35:27,2144.4,2144.4,2144.6,2,15,27
9:35:28,2144.4,2144.4,2144.6,6,11,27
9:35:28,2144.4,2144.4,2144.6,1,10,28
9:35:29,2144.4,2144.4,2144.6,1,8,30
9:35:29,2144.4,2144.4,2144.6,6,3,36
9:35:30,2144.2,2144.2,2144.6,5,46,36
9:35:30,2144.4,2144.2,2144.4,1,46,1
9:35:31,2144.2,2144.2,2144.4,1,43,4
9:35:32,2144.2,2144.2,2144.4,21,22,5
9:35:32,2144.2,2144,2144.2,22,60,5
9:35:33,2144.2,2144,2144.2,3,59,2
9:35:34,2144,2144,2144.2,2,57,40
9:35:34,2144,2144,2144.2,7,50,34
9:35:35,2144.2,2144,2144.2,1,56,33
9:35:35,2144,2144,2144.2,1,54,37
9:35:36,2144,2144,2144.2,4,51,38
9:35:36,2144.2,2144,2144.2,1,51,38
9:35:37,2144.2,2144,2144.2,1,52,37
9:35:38,2144,2144,2144.2,9,47,33
9:35:38,2144,2144,2144.2,1,51,33
9:35:39,2144,2144,2144.2,6,45,32
9:35:40,2144,2144,2144.2,29,17,31
9:35:40,2144,2144,2144.2,10,7,33
9:35:41,2144,2143.8,2144.2,9,96,33
9:35:41,2143.8,2143.8,2144,27,90,102
9:35:42,2143.8,2143.8,2144,6,85,105
9:35:42,2143.8,2143.8,2144,81,14,95
9:35:43,2143.6,2143.6,2143.8,30,69,4
9:35:43,2143.8,2143.6,2143.8,11,61,14
9:35:44,2143.8,2143.6,2143.8,7,60,37
9:35:44,2143.6,2143.6,2143.8,31,31,35
9:35:45,2143.8,2143.6,2143.8,8,26,34
9:35:45,2143.8,2143.6,2143.8,14,14,32
9:35:46,2143.6,2143.6,2143.8,9,6,35
9:35:46,2143.6,2143.6,2143.8,6,1,45
9:35:47,2143.8,2143.6,2143.8,9,1,41
9:35:47,2143.6,2143.4,2143.6,1,61,2
9:35:48,2143.4,2143.4,2143.6,9,56,20
9:35:48,2143.4,2143.4,2143.6,19,37,20
9:35:49,2143.4,2143.4,2143.6,16,21,26
9:35:49,2143.4,2143.4,2143.6,14,8,27
9:35:50,2143.4,2143.4,2143.6,14,5,27
9:35:50,2143.4,2143.2,2143.4,12,116,13
9:35:51,2143.4,2143.2,2143.4,31,112,2
9:35:51,2143.2,2143.2,2143.4,19,96,4
9:35:52,2143.4,2143.4,2143.6,20,7,38
9:35:52,2143.4,2143.4,2143.6,8,33,42
9:35:53,2143.4,2143.4,2143.6,19,18,43
9:35:53,2143.6,2143.2,2143.6,44,99,30
9:35:54,2143.4,2143.2,2143.4,4,103,6
9:35:54,2143.4,2143.4,2143.6,18,1,27
9:35:55,2143.4,2143.2,2143.4,9,100,1
9:35:55,2143.6,2143.2,2143.4,3,100,1
9:35:56,2143.6,2143.2,2143.4,4,100,1
9:35:56,2143.6,2143.4,2143.6,8,9,15
9:35:57,2143.4,2143.4,2143.6,2,9,15
9:35:57,2143.4,2143.4,2143.6,17,18,15
9:35:58,2143.4,2143.4,2143.6,21,7,17
9:35:59,2143.6,2143.4,2143.6,4,14,21
9:35:59,2143.4,2143.4,2143.6,9,13,26
9:36:00,2143.4,2143.4,2143.6,11,3,35
9:36:00,2143.4,2143.2,2143.4,12,103,1
9:36:01,2143.2,2143.2,2143.4,6,97,9
9:36:01,2143.4,2143.4,2143.6,8,4,26
9:36:02,2143.4,2143.4,2143.6,5,25,26
9:36:02,2143.4,2143.4,2143.6,10,35,29
9:36:03,2143.4,2143.4,2143.6,4,42,31
9:36:03,2143.4,2143.4,2143.6,16,28,33
9:36:04,2143.4,2143.4,2143.6,33,18,23
9:36:04,2143.4,2143.4,2143.6,3,28,26
9:36:05,2143.6,2143.4,2143.6,3,34,27
9:36:05,2143.6,2143.4,2143.6,10,35,26
9:36:06,2143.4,2143.4,2143.6,3,32,26
9:36:06,2143.6,2143.4,2143.6,5,34,31
9:36:07,2143.6,2143.4,2143.6,2,34,30
9:36:07,2143.6,2143.4,2143.6,3,42,29
9:36:08,2143.4,2143.4,2143.6,3,44,30
9:36:08,2143.4,2143.4,2143.6,29,38,7
9:36:09,2143.6,2143.4,2143.6,4,38,3
9:36:09,2143.6,2143.6,2143.8,6,3,26
9:36:10,2143.6,2143.6,2143.8,1,3,26
9:36:10,2143.8,2143.6,2143.8,7,6,28
9:36:11,2143.6,2143.6,2143.8,1,7,27
9:36:11,2143.8,2143.6,2143.8,7,4,27
9:36:12,2143.8,2143.4,2143.8,12,62,18
9:36:12,2143.4,2143.6,2143.8,3,4,22
9:36:13,2143.6,2143.6,2143.8,2,4,21
9:36:13,2143.8,2143.6,2143.8,1,5,26
9:36:14,2143.8,2143.6,2143.8,3,5,26
9:36:15,2143.6,2143.6,2143.8,5,4,22
9:36:15,2143.8,2143.6,2143.8,2,3,23
9:36:16,2143.8,2143.6,2143.8,6,2,21
9:36:16,2143.8,2143.6,2143.8,2,2,20
9:36:17,2143.8,2143.6,2143.8,3,5,18
9:36:18,2143.8,2143.8,2144,20,13,28
9:36:18,2144,2144,2144.2,34,9,29
9:36:19,2144,2143.8,2144,11,14,2
9:36:19,2144.2,2143.8,2144.2,9,13,22
9:36:20,2144,2144,2144.2,24,1,3
9:36:20,2144,2143.8,2144,3,13,3
9:36:21,2144,2144,2144.2,5,1,11
9:36:21,2144.2,2144,2144.2,1,6,11
9:36:22,2144.2,2144.2,2144.4,17,3,25
9:36:22,2144.2,2144,2144.4,3,6,25
9:36:23,2144.2,2144.2,2144.4,2,2,26
9:36:23,2144.2,2144,2144.2,8,17,3
9:36:24,2144.4,2144,2144.2,6,23,2
9:36:24,2144.2,2144.2,2144.4,8,1,28
9:36:25,2144.4,2144.2,2144.4,8,5,24
9:36:25,2144.2,2144.2,2144.4,5,11,22
9:36:26,2144.2,2144.2,2144.4,4,10,19
9:36:26,2144.4,2144.2,2144.4,18,5,6
9:36:27,2144.2,2144,2144.2,5,26,4
9:36:27,2144.4,2144.4,2144.6,16,3,43
9:36:28,2144.2,2144,2144.4,9,28,18
9:36:28,2144.4,2144.2,2144.4,12,41,12
9:36:29,2144.4,2144.2,2144.4,9,39,18
9:36:29,2144.4,2144.2,2144.4,10,38,10
9:36:30,2144.4,2144.2,2144.4,9,41,6
9:36:30,2144.4,2144.4,2144.6,13,26,45
9:36:31,2144.4,2144.4,2144.6,3,26,45
9:36:31,2144.4,2144.4,2144.6,2,29,45
9:36:32,2144.6,2144.4,2144.6,5,28,42
9:36:32,2144.4,2144.4,2144.6,8,26,37
9:36:33,2144.6,2144.4,2144.6,4,25,34
9:36:33,2144.6,2144.4,2144.6,16,24,25
9:36:34,2144.6,2144.6,2144.8,29,7,84
9:36:34,2144.6,2144.6,2144.8,2,9,84
9:36:35,2144.6,2144.4,2144.6,12,30,21
9:36:35,2144.6,2144.4,2144.6,4,26,27
9:36:36,2144.6,2144.4,2144.6,3,27,29
9:36:36,2144.6,2144.4,2144.6,14,27,28
9:36:37,2144.4,2144.4,2144.6,5,25,35
9:36:37,2144.6,2144.4,2144.6,2,24,35
9:36:38,2144.4,2144.4,2144.6,4,21,33
9:36:38,2144.6,2144.4,2144.6,4,20,33
9:36:39,2144.6,2144.4,2144.6,13,11,39
9:36:40,2144.6,2144.4,2144.6,8,10,37
9:36:40,2144.4,2144.4,2144.6,20,5,28
9:36:41,2144.6,2144.4,2144.6,3,10,27
9:36:41,2144.6,2144.4,2144.6,3,11,30
9:36:42,2144.4,2144.2,2144.4,25,55,80
9:36:42,2144.4,2144.2,2144.4,25,35,80
9:36:43,2144.4,2144.2,2144.4,4,34,77
9:36:43,2144.4,2144.2,2144.4,34,5,74
9:36:44,2144.2,2144.2,2144.4,8,4,68
9:36:44,2144.4,2144.2,2144.4,1,5,67
9:36:45,2144,2144,2144.2,8,27,7
9:36:46,2144.2,2144,2144.2,4,25,7
9:36:46,2144.2,2144,2144.2,3,25,6
9:36:47,2144.2,2144,2144.2,2,33,5
9:36:47,2144,2144,2144.2,2,35,4
9:36:48,2144.2,2144,2144.2,3,37,3
9:36:48,2144,2144,2144.2,2,42,3
9:36:49,2144,2144,2144.2,3,40,4
9:36:49,2144,2144,2144.2,4,40,16
9:36:50,2144,2144,2144.2,16,40,4
9:36:50,2144.2,2144,2144.2,5,47,4
9:36:51,2144,2144,2144.2,6,44,1
9:36:51,2144.2,2144,2144.2,1,44,1
9:36:52,2144.2,2144.2,2144.4,1,2,78
9:36:52,2144.4,2144.2,2144.4,2,2,77
9:36:53,2144.4,2144.2,2144.4,4,14,76
9:36:53,2144.2,2144.2,2144.4,11,8,72
9:36:54,2144.2,2144.2,2144.4,5,10,70
9:36:54,2144.4,2144.2,2144.4,1,10,71
9:36:55,2144.2,2144.2,2144.4,1,10,71
9:36:55,2144.2,2144.2,2144.4,2,10,75
9:36:56,2144.2,2144.2,2144.4,1,11,75
9:36:56,2144.4,2144.2,2144.4,3,10,73
9:36:57,2144.2,2144.2,2144.4,10,8,67
9:36:57,2144.2,2144.2,2144.4,1,8,67
9:36:58,2144.2,2144.2,2144.4,3,7,66
9:36:58,2144.4,2144.2,2144.4,2,17,67
9:36:59,2144.2,2144.2,2144.4,3,15,67
9:36:59,2144.4,2144.2,2144.4,2,20,66
9:37:00,2144.4,2144.2,2144.4,11,24,60
9:37:01,2144.4,2144.2,2144.4,17,32,44
9:37:01,2144.4,2144.2,2144.4,18,31,28
9:37:02,2144.6,2144.4,2144.6,50,12,24
9:37:02,2144.6,2144.4,2144.6,24,21,3
9:37:03,2144.6,2144.6,2144.8,7,44,105
9:37:03,2144.8,2144.6,2144.8,9,37,99
9:37:04,2144.8,2144.6,2144.8,16,36,86
9:37:04,2144.8,2144.6,2144.8,41,46,50
9:37:05,2144.8,2144.6,2144.8,14,46,39
9:37:05,2144.8,2144.6,2144.8,19,45,20
9:37:06,2144.8,2144.8,2145,40,3,147
9:37:06,2145,2144.8,2145,12,12,142
9:37:07,2144.8,2144.8,2145,46,18,98
9:37:07,2145,2144.8,2145,13,28,90
9:37:08,2145,2144.8,2145,10,28,84
9:37:08,2145,2144.8,2145,19,34,69
9:37:09,2145,2144.8,2145,33,21,40
9:37:09,2145,2144.8,2145,23,21,17
9:37:10,2145,2144.8,2145,7,20,11
9:37:10,2145,2144.8,2145,13,19,3
9:37:11,2145,2145,2145.2,7,2,66
9:37:11,2145.2,2145,2145.2,4,15,63
9:37:12,2145.2,2145,2145.2,12,35,53
9:37:12,2145.2,2145,2145.2,25,34,33
9:37:13,2145.2,2145,2145.2,14,33,21
9:37:13,2145.2,2145.2,2145.4,26,22,79
9:37:14,2145.4,2145.2,2145.4,5,24,90
9:37:14,2145.2,2145.2,2145.4,18,21,76
9:37:15,2145.2,2145.2,2145.4,32,5,50
9:37:15,2145.2,2145,2145.2,58,49,2
9:37:16,2145.2,2145.2,2145.4,13,8,28
9:37:16,2145.4,2145.4,2145.6,42,12,75
9:37:17,2145,2145.2,2145.6,33,1,59
9:37:17,2145.2,2145,2145.2,16,51,14
9:37:18,2145.2,2145.2,2145.4,27,1,18
9:37:18,2145.4,2145,2145.4,26,36,12
9:37:19,2145,2145,2145.2,7,31,9
9:37:19,2145,2145,2145.2,32,18,17
9:37:20,2145.2,2144.8,2145.2,48,6,35
9:37:20,2145.2,2144.6,2145,19,11,10
9:37:21,2144.6,2144.6,2144.8,9,9,7
9:37:21,2144.6,2144.6,2144.8,13,16,2
9:37:22,2145,2144.6,2144.8,14,16,4
9:37:22,2144.8,2144.8,2145,15,3,6
9:37:23,2144.8,2144.6,2145,4,13,9
9:37:23,2144.8,2144.8,2145,2,4,23
9:37:24,2145,2144.8,2145,6,4,19
9:37:24,2145,2144.8,2145,4,3,15
9:37:25,2145,2144.6,2145,17,17,3
9:37:25,2144.8,2144.6,2144.8,5,16,7
9:37:26,2144.8,2144.6,2144.8,2,18,8
9:37:26,2144.8,2144.6,2144.8,5,21,19
9:37:27,2144.6,2144.6,2144.8,6,22,43
9:37:27,2144.6,2144.4,2144.6,25,20,25
9:37:28,2144.4,2144.4,2144.6,22,4,19
9:37:28,2144.4,2144.2,2144.4,8,34,14
9:37:29,2144.2,2144.2,2144.4,6,31,14
9:37:29,2144.2,2144.2,2144.4,7,39,12
9:37:30,2144.4,2144.2,2144.4,12,36,4
9:37:30,2144.2,2144.2,2144.4,14,40,1
9:37:31,2144.4,2144.4,2144.6,4,1,24
9:37:31,2144.4,2144.4,2144.6,6,2,21
9:37:32,2144.4,2144.4,2144.6,3,7,19
9:37:32,2144.6,2144.4,2144.6,2,11,22
9:37:33,2144.4,2144.4,2144.6,6,17,20
9:37:33,2144.6,2144.4,2144.6,10,19,12
9:37:34,2144.6,2144.4,2144.6,1,14,12
9:37:35,2144.4,2144.4,2144.6,4,29,14
9:37:35,2144.4,2144.4,2144.6,6,26,11
9:37:36,2144.6,2144.4,2144.6,9,32,3
9:37:36,2144.6,2144.6,2144.8,8,7,40
9:37:37,2144.8,2144.6,2144.8,17,1,40
9:37:37,2144.8,2144.6,2144.8,2,1,39
9:37:38,2144.4,2144.4,2144.6,3,35,2
9:37:39,2144.8,2144.4,2144.6,10,35,3
9:37:39,2144.4,2144.4,2144.6,3,33,3
9:37:40,2144.8,2144.4,2144.8,4,30,40
9:37:40,2144.4,2144.4,2144.6,4,27,3
9:37:41,2144.6,2144.6,2144.8,10,4,40
9:37:42,2144.8,2144.4,2144.8,25,14,51
9:37:43,2144.8,2144.6,2144.8,4,2,52
9:37:43,2144.6,2144.4,2144.6,19,8,4
9:37:44,2144.6,2144.4,2144.6,3,8,1
9:37:44,2144.8,2144.4,2144.6,20,13,4
9:37:45,2144.6,2144.4,2144.6,2,23,4
9:37:45,2144.6,2144.4,2144.6,4,25,3
9:37:46,2144.6,2144.4,2144.6,1,26,2
9:37:46,2144.8,2144.6,2144.8,3,1,36
9:37:47,2144.8,2144.4,2144.8,3,28,43
9:37:48,2144.6,2144.4,2144.8,3,32,45
9:37:48,2144.4,2144.4,2144.6,2,30,1
9:37:49,2144.6,2144.4,2144.8,1,33,48
9:37:50,2144.6,2144.6,2144.8,8,6,50
9:37:51,2144.6,2144.6,2144.8,1,9,51
9:37:51,2144.6,2144.6,2144.8,1,8,52
9:37:52,2144.6,2144.6,2144.8,2,6,52
9:37:52,2144.6,2144.6,2144.8,8,4,52
9:37:53,2144.8,2144.6,2144.8,1,6,51
9:37:53,2144.8,2144.6,2144.8,2,7,50
9:37:54,2144.6,2144.6,2144.8,14,3,51
9:37:54,2144.6,2144.6,2144.8,1,2,51
9:37:55,2144.6,2144.4,2144.6,2,45,2
9:37:55,2144.6,2144.6,2144.8,4,1,51
9:37:56,2144.6,2144.4,2144.6,2,39,3
9:37:57,2144.6,2144.4,2144.6,2,40,5
9:37:58,2144.6,2144.4,2144.6,3,40,15
9:37:58,2144.6,2144.4,2144.6,1,41,15
9:37:59,2144.4,2144.4,2144.6,3,42,15
9:37:59,2144.6,2144.4,2144.6,9,40,17
9:38:00,2144.4,2144.4,2144.6,1,38,21
9:38:00,2144.4,2144.4,2144.6,2,39,20
9:38:01,2144.4,2144.4,2144.6,10,37,16
9:38:02,2144.6,2144.4,2144.6,25,16,9
9:38:02,2144.6,2144.4,2144.6,5,15,8
9:38:03,2144.6,2144.4,2144.6,3,17,8
9:38:03,2144.6,2144.4,2144.6,2,18,7
9:38:04,2144.6,2144.4,2144.6,3,22,7
9:38:04,2144.6,2144.4,2144.6,1,23,8
9:38:05,2144.6,2144.4,2144.6,1,24,8
9:38:05,2144.4,2144.4,2144.6,1,23,10
9:38:06,2144.4,2144.4,2144.6,22,3,9
9:38:07,2144.4,2144.2,2144.4,3,48,15
9:38:07,2144.4,2144.2,2144.4,2,48,18
9:38:08,2144.2,2144.2,2144.4,43,5,18
9:38:08,2144.2,2144,2144.2,8,107,4
9:38:09,2144.2,2144,2144.2,21,88,5
9:38:10,2144.2,2144,2144.2,15,78,9
9:38:10,2144.2,2144,2144.2,10,70,4
9:38:11,2144,2144,2144.2,9,61,6
9:38:11,2144.2,2144,2144.2,3,61,3
9:38:12,2144.2,2144.2,2144.4,13,3,9
9:38:12,2144.2,2144,2144.4,12,56,9
9:38:13,2144,2144,2144.4,3,55,10
9:38:14,2144,2144,2144.4,7,48,11
9:38:15,2144,2144,2144.4,7,44,11
9:38:15,2144.4,2144,2144.2,8,42,20
9:38:16,2144,2144,2144.2,10,39,15
9:38:16,2144,2144,2144.2,10,39,17
9:38:17,2144,2144,2144.2,1,38,21
9:38:17,2144.2,2144,2144.2,1,38,16
9:38:18,2144.2,2144,2144.2,2,40,14
9:38:18,2144,2144,2144.2,16,25,15
9:38:19,2144,2144,2144.2,2,25,16
9:38:20,2144,2144,2144.2,27,19,1
9:38:20,2144,2144,2144.4,4,16,24
9:38:21,2144,2144,2144.2,3,13,5
9:38:21,2144.2,2144,2144.2,1,12,16
9:38:22,2144,2144,2144.2,4,11,17
9:38:22,2144,2144,2144.2,1,10,19
9:38:23,2144,2143.8,2144,13,67,5
9:38:23,2144,2143.8,2144,6,67,3
9:38:24,2144,2143.8,2144,2,66,2
9:38:24,2144,2143.8,2144,1,67,2
9:38:25,2143.8,2143.8,2144.2,14,57,25
9:38:25,2143.8,2143.8,2144.2,19,42,25
9:38:26,2143.8,2144,2144.2,17,1,27
9:38:26,2143.8,2143.8,2144,6,29,5
9:38:27,2143.8,2143.8,2144.2,6,28,25
9:38:27,2144.2,2144,2144.2,5,2,25
9:38:28,2144,2144,2144.2,3,1,26
9:38:28,2144,2144,2144.2,2,1,27
9:38:29,2144,2143.8,2144,3,26,2
9:38:29,2144,2144,2144.2,4,13,34
9:38:30,2144.2,2144,2144.2,27,25,8
9:38:30,2144.2,2144,2144.2,8,57,2
9:38:31,2144.2,2144.2,2144.4,5,6,43
9:38:31,2144,2144.2,2144.4,30,2,38
9:38:32,2144.4,2144.2,2144.4,3,5,41
9:38:33,2144.2,2144.2,2144.4,10,1,41
9:38:34,2144.4,2144.2,2144.4,1,15,41
9:38:34,2144.2,2144.2,2144.4,2,14,41
9:38:35,2144.4,2144.2,2144.4,1,14,40
9:38:35,2144.2,2144.2,2144.4,2,14,46
9:38:36,2144.2,2144.2,2144.4,10,6,47
9:38:36,2144.4,2144.2,2144.4,1,6,52
9:38:37,2144.2,2144.2,2144.4,2,4,53
9:38:38,2144.4,2144.2,2144.4,3,2,61
9:38:38,2144.4,2144.2,2144.4,8,2,53
9:38:39,2144.4,2144.2,2144.4,2,4,51
9:38:40,2144.2,2144.2,2144.4,3,2,51
9:38:40,2144.4,2144.2,2144.4,2,3,55
9:38:41,2144.2,2144.2,2144.4,1,30,56
9:38:42,2144.4,2144.2,2144.4,1,31,55
9:38:42,2144.2,2144.2,2144.4,10,23,55
9:38:43,2144.2,2144.2,2144.4,12,2,49
9:38:44,2144.2,2144,2144.4,2,36,50
9:38:45,2144.2,2144.2,2144.4,7,2,48
9:38:46,2144.2,2144.2,2144.4,4,3,55
9:38:47,2144.2,2144.2,2144.4,4,5,54
9:38:47,2144.2,2144.2,2144.4,2,5,55
9:38:48,2144.2,2144.2,2144.4,2,4,54
9:38:49,2144.4,2144.2,2144.4,1,17,54
9:38:50,2144.4,2144.2,2144.4,1,19,43
9:38:50,2144.2,2144.2,2144.4,4,16,43
9:38:51,2144.2,2144.2,2144.4,3,48,58
9:38:52,2144.4,2144.2,2144.4,16,24,34
9:38:52,2144.4,2144.2,2144.4,1,24,33
9:38:53,2144.4,2144.2,2144.4,2,25,48
9:38:53,2144.4,2144.2,2144.4,9,27,39
9:38:54,2144.2,2144.2,2144.4,5,25,39
9:38:54,2144.4,2144.2,2144.4,9,35,30
9:38:55,2144.4,2144.4,2144.6,30,4,55
9:38:56,2144.6,2144.4,2144.6,40,7,15
9:38:56,2144.6,2144.4,2144.6,1,8,18
9:38:57,2144.6,2144.4,2144.6,7,9,13
9:38:57,2144.6,2144.4,2144.6,2,10,12
9:38:58,2144.4,2144.4,2144.6,3,8,13
9:38:58,2144.6,2144.4,2144.6,1,9,12
9:38:59,2144.6,2144.4,2144.6,10,9,2
9:38:59,2144.4,2144.4,2144.8,3,8,54
9:39:00,2144.6,2144.4,2144.6,4,9,4
9:39:01,2144.4,2144.4,2144.6,3,6,7
9:39:01,2144.6,2144.2,2144.4,42,36,1
9:39:02,2144.6,2144.4,2144.6,3,1,13
9:39:03,2144.6,2144.4,2144.6,1,3,38
9:39:03,2144.6,2144.4,2144.6,3,8,36
9:39:04,2144.6,2144.4,2144.6,1,7,41
9:39:05,2144.4,2144.4,2144.6,5,4,37
9:39:05,2144.6,2144.4,2144.6,6,6,38
9:39:06,2144.4,2144.4,2144.6,8,3,36
9:39:06,2144.2,2144.2,2144.4,10,37,14
9:39:07,2144.2,2144.2,2144.4,32,6,41
9:39:08,2144.2,2144,2144.2,8,80,49
9:39:08,2144,2144,2144.2,50,33,89
9:39:09,2144,2144,2144.2,37,3,75
9:39:09,2144,2143.8,2144,4,63,8
9:39:10,2143.8,2143.8,2144,3,61,12
9:39:11,2143.8,2143.8,2144,5,60,11
9:39:11,2144,2143.8,2144,3,61,31
9:39:12,2143.8,2143.8,2144,4,58,33
9:39:12,2143.8,2143.8,2144,46,12,60
9:39:13,2143.8,2143.8,2144,5,7,60
9:39:13,2144,2143.8,2144,8,3,61
9:39:14,2143.8,2143.8,2144,12,7,60
9:39:14,2143.8,2143.8,2144,5,7,68
9:39:15,2143.8,2143.8,2144,3,4,68
9:39:15,2143.8,2143.8,2144,18,5,58
9:39:16,2144,2143.8,2144,1,10,32
9:39:16,2143.8,2143.6,2144,16,123,31
9:39:17,2143.8,2143.6,2143.8,3,122,4
9:39:17,2143.6,2143.6,2144,12,123,29
9:39:18,2144,2143.8,2144,2,5,28
9:39:18,2144,2143.8,2144,2,4,27
9:39:19,2144,2143.8,2144,2,6,26
9:39:19,2143.8,2143.8,2144,1,6,32
9:39:20,2143.8,2143.6,2144,10,133,30
9:39:20,2143.8,2143.8,2144,3,1,30
9:39:21,2143.8,2143.8,2144,4,16,31
9:39:22,2143.8,2143.8,2144,3,18,32
9:39:22,2144,2143.8,2144,3,18,31
9:39:23,2143.8,2143.8,2144,1,18,31
9:39:23,2143.8,2143.8,2144,6,42,32
9:39:24,2144,2143.8,2144,1,45,32
9:39:24,2143.8,2143.8,2144,1,48,34
9:39:25,2144,2143.8,2144,15,38,32
9:39:25,2143.8,2143.8,2144,7,45,35
9:39:26,2143.8,2143.8,2144,5,49,36
9:39:26,2143.8,2143.8,2144,6,44,35
9:39:27,2143.8,2143.8,2144,2,52,35
9:39:27,2143.8,2143.8,2144,57,5,26
9:39:28,2144,2143.8,2144,2,4,25
9:39:28,2143.8,2143.8,2144,2,5,26
9:39:29,2144,2143.8,2144,5,6,24
9:39:29,2143.8,2143.6,2143.8,9,161,39
9:39:30,2143.8,2143.6,2143.8,80,87,33
9:39:30,2143.6,2143.6,2143.8,14,75,38
9:39:31,2143.6,2143.6,2143.8,8,67,44
9:39:31,2143.6,2143.6,2143.8,47,24,42
