9:14:00,2355,2354.8,2355,275,4,50
9:15:00,2354.8,2354.2,2354.8,138,16,32
9:15:01,2354.4,2354.4,2354.6,98,4,3
9:15:01,2353.2,2353.2,2354.2,125,46,3
9:15:02,2353.4,2353.4,2353.8,56,67,5
9:15:02,2353.6,2353.6,2353.8,66,2,27
9:15:03,2353.6,2353.6,2353.8,62,4,4
9:15:03,2353.6,2353.2,2353.6,42,40,12
9:15:04,2353.4,2353.4,2353.6,27,5,5
9:15:04,2353.6,2353.6,2353.8,52,9,9
9:15:05,2353.6,2353.8,2354,23,4,131
9:15:05,2353.6,2353.2,2353.8,71,10,6
9:15:06,2353.8,2353.4,2353.8,62,7,12
9:15:06,2353.4,2353,2353.4,34,5,2
9:15:07,2353.2,2353,2353.2,12,23,24
9:15:07,2353.2,2352.6,2353,99,15,18
9:15:08,2352.6,2352.6,2352.8,22,10,5
9:15:08,2352.8,2352.8,2353,39,3,14
9:15:09,2353,2352.4,2352.8,25,24,4
9:15:09,2353.4,2353,2353.4,31,1,10
9:15:10,2353,2352.8,2353,40,1,7
9:15:10,2352.8,2352.8,2353,15,1,1
9:15:11,2353,2353,2353.8,4,40,78
9:15:11,2353.6,2353.4,2353.6,30,1,19
9:15:12,2353.6,2353.6,2353.8,35,53,54
9:15:12,2353.8,2353.6,2353.8,13,48,52
9:15:13,2354,2353.8,2354,95,21,101
9:15:13,2354,2353.8,2354,40,12,65
9:15:14,2354.4,2354.2,2354.4,82,2,13
9:15:14,2354,2354.4,2354.6,22,11,6
9:15:15,2354.6,2354.6,2354.8,29,15,76
9:15:15,2354.6,2354.4,2354.8,69,11,26
9:15:16,2354.6,2354.2,2354.6,32,7,17
9:15:16,2354.8,2354.6,2354.8,36,27,18
9:15:17,2354.8,2354.6,2354.8,27,17,22
9:15:17,2354.8,2354.6,2354.8,17,11,12
9:15:18,2354.8,2354.8,2355,40,6,67
9:15:18,2354.4,2354.2,2354.4,11,11,10
9:15:19,2354.4,2354.4,2354.6,15,1,13
9:15:19,2354.6,2354.4,2354.6,28,10,1
9:15:20,2354.4,2354.4,2354.8,27,5,20
9:15:20,2354.6,2354.4,2354.8,48,5,29
9:15:21,2354.6,2354.4,2354.6,14,17,1
9:15:21,2354.6,2354.4,2354.6,7,18,8
9:15:22,2354.6,2354.6,2354.8,17,33,27
9:15:22,2354.8,2354.6,2354.8,9,61,27
9:15:23,2354.8,2354.8,2355,39,36,88
9:15:23,2355.2,2354.8,2355.2,105,4,27
9:15:24,2355.2,2355,2355.2,28,21,11
9:15:24,2355.2,2355,2355.2,16,25,2
9:15:25,2355.6,2355.4,2355.6,22,2,25
9:15:25,2355.4,2355.2,2355.4,50,5,7
9:15:26,2355.6,2355.4,2355.6,62,59,6
9:15:26,2355.8,2355.6,2355.8,22,15,21
9:15:27,2355.6,2355.4,2355.6,57,85,4
9:15:27,2355.8,2355.8,2356,28,52,41
9:15:28,2356,2355.8,2356,39,52,20
9:15:28,2356,2356,2356.4,40,22,34
9:15:29,2356.4,2356,2356.4,45,20,12
9:15:29,2356.2,2356,2356.2,45,5,17
9:15:30,2356,2355.8,2356,52,56,40
9:15:30,2355.8,2355.8,2356,62,32,24
9:15:31,2356,2355.6,2355.8,43,47,1
9:15:31,2355.8,2355.8,2356,60,7,53
9:15:32,2355.6,2355.6,2355.8,62,24,3
9:15:32,2355.6,2355.6,2355.8,22,15,61
9:15:33,2355.6,2355.4,2355.6,42,73,16
9:15:33,2355.4,2355.4,2355.6,25,55,30
9:15:34,2355.6,2355.4,2355.6,57,42,2
9:15:34,2355.8,2355.6,2355.8,11,12,32
9:15:35,2355.6,2355.6,2355.8,10,8,33
9:15:35,2355.8,2355.6,2355.8,16,28,19
9:15:36,2355.4,2355.2,2355.4,97,24,40
9:15:36,2355.6,2355.6,2355.8,47,3,19
9:15:37,2355.8,2355.8,2356,27,80,36
9:15:37,2355.8,2355.8,2356,29,71,19
9:15:38,2356,2356,2356.2,95,6,28
9:15:38,2356,2355.8,2356.2,21,5,42
9:15:39,2356,2355.8,2356,30,13,30
9:15:39,2355.8,2355.6,2355.8,25,3,20
9:15:40,2355.8,2355.4,2355.6,21,14,18
9:15:40,2355.8,2355.4,2355.8,23,12,12
9:15:41,2355.6,2355.6,2355.8,15,9,10
9:15:41,2355.6,2355.6,2356,18,12,43
9:15:42,2355.8,2355.6,2355.8,3,10,2
9:15:42,2355.8,2355.8,2356,4,4,69
9:15:43,2355.6,2355.4,2355.6,44,18,7
9:15:43,2355.6,2355.4,2355.6,2,25,13
9:15:44,2355.6,2355.4,2355.6,16,25,20
9:15:44,2355.4,2355.4,2355.6,7,24,19
9:15:45,2355.4,2355.4,2355.6,6,30,16
9:15:45,2355.4,2355.4,2355.6,42,29,1
9:15:46,2355.4,2355.2,2355.4,38,32,4
9:15:46,2355.4,2355.2,2355.4,2,34,5
9:15:47,2355.4,2355.4,2355.6,9,4,20
9:15:47,2355.4,2355.4,2355.6,2,8,46
9:15:48,2355.4,2355.2,2355.6,16,28,42
9:15:48,2355.6,2355.2,2355.4,19,23,1
9:15:49,2355.4,2355.2,2355.4,10,23,7
9:15:49,2355.2,2355.2,2355.4,4,20,18
9:15:50,2355.2,2355.2,2355.4,3,19,17
9:15:50,2355.4,2355.4,2355.6,34,29,37
9:15:51,2355.4,2355.4,2355.6,18,12,36
9:15:51,2355.6,2355.4,2355.6,1,17,40
9:15:52,2355.4,2355.4,2355.6,11,16,40
9:15:52,2355.6,2355.2,2355.6,27,13,41
9:15:53,2355.2,2355.2,2355.4,11,5,2
9:15:53,2355.2,2355,2355.2,23,62,14
9:15:54,2355.2,2355,2355.2,7,63,10
9:15:54,2355.2,2355.2,2355.4,23,15,7
9:15:55,2355.2,2355.2,2355.4,9,6,20
9:15:55,2355.2,2355,2355.2,30,38,6
9:15:56,2355,2355,2355.2,10,35,1
9:15:56,2355,2355,2355.2,25,25,1
9:15:57,2355.2,2355,2355.2,15,16,9
9:15:57,2355,2354.8,2355,17,42,1
9:15:58,2354.8,2354.8,2355,9,34,1
9:15:58,2355,2354.8,2355,2,35,7
9:15:59,2354.6,2354.6,2355,49,48,11
9:15:59,2354.6,2354.6,2354.8,2,47,2
9:16:00,2354.6,2354.6,2354.8,13,36,1
9:16:00,2355,2354.8,2355,18,4,111
9:16:01,2354.8,2354.6,2354.8,16,36,27
9:16:01,2354.6,2354.6,2354.8,17,23,35
9:16:02,2354.6,2354.6,2354.8,26,4,45
9:16:02,2354.4,2354.4,2354.6,14,44,6
9:16:03,2354.4,2354.4,2354.6,9,38,11
9:16:03,2354.4,2354.4,2354.6,4,35,14
9:16:04,2354.6,2354.2,2354.6,41,13,21
9:16:04,2354.4,2354.4,2354.6,11,2,27
9:16:05,2354,2354,2354.4,39,16,3
9:16:05,2354,2354.2,2354.4,16,3,1
9:16:06,2354.2,2354,2354.2,17,9,12
9:16:06,2354.2,2354,2354.2,7,16,7
9:16:07,2354,2354,2354.2,21,48,5
9:16:07,2354.2,2354.2,2354.4,27,1,4
9:16:08,2354.4,2354.4,2354.6,20,2,4
9:16:08,2354.2,2354,2354.2,11,63,3
9:16:09,2354.2,2354.2,2354.4,29,11,3
9:16:09,2354.2,2354.2,2354.4,2,11,3
9:16:10,2354.4,2354.4,2354.6,28,3,3
9:16:10,2354.4,2354.2,2354.4,3,23,2
9:16:11,2354.6,2354.4,2354.6,7,1,1
9:16:11,2354.4,2354.2,2354.6,43,22,10
9:16:12,2354.4,2354.4,2354.6,4,1,13
9:16:12,2354.2,2354.2,2354.6,4,25,13
9:16:13,2354.6,2354.4,2354.6,7,7,9
9:16:13,2354.4,2354.4,2354.6,14,3,8
9:16:14,2354.6,2354.4,2354.6,5,1,5
9:16:14,2354.4,2354.2,2354.4,1,31,4
9:16:15,2354.2,2354.2,2354.4,4,29,5
9:16:15,2354.6,2354.4,2354.6,9,2,5
9:16:16,2354.4,2354.4,2354.6,1,1,5
9:16:16,2354.4,2354.2,2354.4,4,40,3
9:16:17,2354.2,2354.2,2354.4,2,42,2
9:16:17,2354.6,2354.2,2354.6,4,40,4
9:16:18,2354.4,2354.4,2354.8,8,12,15
9:16:18,2354.8,2354.6,2354.8,12,2,14
9:16:19,2354.6,2354.6,2354.8,1,1,14
9:16:19,2354.4,2354.4,2354.6,5,3,1
9:16:20,2354.8,2354.6,2354.8,4,1,11
9:16:20,2354.8,2354.6,2354.8,2,4,14
9:16:21,2354.6,2354.6,2354.8,1,3,15
9:16:21,2354.4,2354.4,2354.6,4,11,7
9:16:22,2354.6,2354.4,2354.6,6,11,4
9:16:22,2354.6,2354.4,2354.6,8,7,7
9:16:23,2354.6,2354.4,2354.6,4,7,5
9:16:23,2354.6,2354.4,2354.6,2,6,7
9:16:24,2354.4,2354.4,2354.6,2,5,7
9:16:24,2354.6,2354.6,2354.8,11,36,18
9:16:25,2354.6,2354.6,2354.8,3,36,19
9:16:25,2354.6,2354.6,2354.8,2,34,19
9:16:26,2354.6,2354.6,2354.8,2,34,18
9:16:26,2354.6,2354.6,2354.8,3,34,18
9:16:27,2354.6,2354.6,2354.8,6,28,20
9:16:27,2354.6,2354.6,2354.8,2,26,21
9:16:28,2354.8,2354.6,2354.8,3,26,19
9:16:28,2354.8,2354.6,2354.8,6,28,15
9:16:29,2354.6,2354.6,2354.8,16,16,13
9:16:29,2354.6,2354.6,2354.8,3,14,12
9:16:30,2354.6,2354.6,2354.8,6,16,9
9:16:30,2355,2354.6,2355,18,20,210
9:16:31,2355,2354.6,2355,7,21,207
9:16:31,2355,2354.6,2354.8,1,21,1
9:16:32,2354.6,2354.4,2354.6,24,66,56
9:16:32,2354.6,2354.4,2354.6,8,66,49
9:16:33,2354.4,2354.4,2354.6,14,66,36
9:16:33,2354.6,2354.4,2354.6,7,66,33
9:16:34,2354.6,2354.4,2354.6,4,66,29
9:16:34,2354.4,2354.4,2354.6,2,65,29
9:16:35,2354.6,2354.4,2354.6,2,67,39
9:16:35,2354.6,2354.4,2354.6,17,53,38
9:16:36,2354.6,2354.4,2354.6,2,54,33
9:16:36,2354.6,2354.4,2354.6,1,56,32
9:16:37,2354.6,2354.4,2354.6,10,57,23
9:16:37,2354.6,2354.4,2354.6,5,57,24
9:16:38,2354.6,2354.4,2354.6,7,51,23
9:16:38,2354.6,2354.6,2354.8,25,12,28
9:16:39,2354.6,2354.6,2354.8,2,10,29
9:16:39,2354.6,2354.6,2354.8,2,10,29
9:16:40,2354.8,2354.6,2354.8,1,15,28
9:16:40,2354.6,2354.6,2354.8,11,5,29
9:16:41,2354.8,2354.4,2354.8,9,53,18
9:16:41,2354.6,2354.4,2354.8,1,53,19
9:16:42,2354.4,2354.4,2354.8,1,53,20
9:16:42,2354.8,2354.6,2354.8,2,3,20
9:16:43,2354.8,2354.6,2354.8,3,2,18
9:16:43,2354.6,2354.6,2354.8,2,3,18
9:16:44,2354.6,2354.6,2354.8,1,7,19
9:16:44,2354.8,2354.6,2354.8,1,7,19
9:16:45,2354.8,2354.6,2354.8,4,7,16
9:16:45,2354.6,2354.6,2354.8,6,15,26
9:16:46,2354.6,2354.6,2354.8,3,17,29
9:16:47,2354.6,2354.6,2354.8,6,18,29
9:16:47,2354.8,2354.6,2354.8,8,18,21
9:16:48,2354.6,2354.6,2354.8,1,18,22
9:16:48,2354.6,2354.6,2354.8,1,20,22
9:16:49,2354.6,2354.6,2354.8,1,21,22
9:16:49,2354.6,2354.6,2354.8,10,11,22
9:16:50,2354.6,2354.6,2354.8,5,8,21
9:16:50,2354.6,2354.4,2354.6,9,83,12
9:16:51,2354.6,2354.4,2354.6,2,83,18
9:16:51,2354.6,2354.4,2354.6,7,83,16
9:16:52,2354.6,2354.4,2354.6,2,83,14
9:16:52,2354.8,2354.6,2354.8,16,20,17
9:16:53,2354.8,2354.6,2354.8,1,20,17
9:16:54,2354.8,2354.6,2354.8,14,65,3
9:16:55,2354.6,2354.6,2355,29,47,216
9:16:55,2355,2354.8,2355,3,5,214
9:16:56,2355,2354.8,2355,3,3,213
9:16:56,2354.8,2354.8,2355,2,7,213
9:16:57,2355,2354.8,2355,4,6,210
9:16:58,2355,2354.8,2355,5,5,208
9:16:58,2355,2354.8,2355,10,5,199
9:16:59,2355,2354.8,2355,21,5,180
9:16:59,2355,2354.8,2355,4,5,176
9:17:00,2355,2354.8,2355,7,10,172
9:17:00,2355,2354.8,2355,2,11,172
9:17:01,2355,2354.8,2355,10,13,162
9:17:01,2355,2354.8,2355,6,13,158
9:17:02,2355,2354.8,2355,3,14,156
9:17:02,2354.8,2354.8,2355,1,14,157
9:17:03,2354.8,2354.8,2355,3,13,156
9:17:03,2355,2354.8,2355,8,9,154
9:17:04,2354.8,2354.8,2355,9,7,148
9:17:05,2354.8,2354.8,2355,2,8,147
9:17:05,2354.8,2354.8,2355,2,7,147
9:17:06,2354.8,2354.6,2354.8,10,57,1
9:17:06,2354.6,2354.6,2354.8,15,42,14
9:17:07,2354.8,2354.6,2354.8,30,15,12
9:17:08,2354.8,2354.6,2354.8,2,22,21
9:17:08,2354.6,2354.6,2354.8,12,11,21
9:17:09,2354.4,2354.4,2354.8,14,126,21
9:17:10,2354.8,2354.6,2354.8,3,1,20
9:17:10,2354.6,2354.6,2354.8,3,4,16
9:17:11,2354.6,2354.4,2354.6,6,125,8
9:17:11,2354.6,2354.6,2354.8,10,11,17
9:17:12,2354.8,2354.4,2354.6,19,129,1
9:17:12,2354.6,2354.4,2354.6,4,146,1
9:17:13,2354.6,2354.4,2354.8,3,124,14
9:17:13,2354.4,2354.4,2354.8,13,119,18
9:17:14,2354.4,2354.4,2354.6,6,110,1
9:17:14,2354.4,2354.4,2354.6,3,107,4
9:17:15,2354.6,2354.4,2354.6,6,102,4
9:17:16,2354.6,2354.6,2354.8,9,23,30
9:17:17,2354.6,2354.6,2354.8,14,18,29
9:17:17,2354.6,2354.6,2354.8,1,18,29
9:17:18,2354.6,2354.6,2354.8,12,14,28
9:17:19,2354.4,2354.6,2354.8,68,1,28
9:17:19,2354.6,2354.4,2354.8,1,55,28
9:17:20,2354.8,2354.4,2354.6,2,56,2
9:17:20,2354.6,2354.4,2354.6,1,56,12
9:17:21,2354.4,2354.4,2354.6,11,49,17
9:17:21,2354.4,2354.4,2354.6,22,34,15
9:17:22,2354.4,2354.4,2354.6,14,21,16
9:17:22,2354.4,2354.2,2354.4,22,49,14
9:17:23,2354.2,2354.2,2354.4,1,48,27
9:17:23,2354.2,2354.2,2354.4,5,45,26
9:17:24,2354.2,2354.2,2354.4,6,39,31
9:17:24,2354.2,2354.2,2354.4,25,47,31
9:17:25,2354.2,2354.2,2354.4,19,28,31
9:17:25,2354.2,2354.2,2354.4,8,27,32
9:17:26,2354.2,2354.2,2354.4,6,21,33
9:17:26,2354.2,2354.2,2354.4,2,23,33
9:17:27,2354.2,2354.2,2354.4,3,20,33
9:17:28,2354,2354,2354.2,26,125,39
9:17:28,2354.2,2354,2354.2,5,124,38
9:17:29,2354,2354,2354.2,19,110,36
9:17:29,2354,2354,2354.2,16,93,40
9:17:30,2354,2354,2354.2,46,64,25
9:17:30,2354,2354,2354.2,28,36,25
9:17:31,2354,2354,2354.2,27,9,26
9:17:31,2354.2,2354,2354.2,13,4,25
9:17:32,2354,2353.8,2354.2,9,23,21
9:17:32,2353.8,2353.8,2354,1,53,9
9:17:33,2353.8,2353.8,2354,30,26,9
9:17:33,2353.8,2353.8,2354,5,26,6
9:17:34,2353.8,2353.8,2354,5,23,10
9:17:34,2354,2353.8,2354,9,16,13
9:17:35,2353.8,2353.8,2354,14,12,13
9:17:35,2354,2353.8,2354,6,7,12
9:17:36,2353.8,2353.6,2353.8,9,36,57
9:17:36,2353.6,2353.6,2353.8,11,26,58
9:17:37,2353.6,2353.6,2353.8,7,20,57
9:17:37,2353.6,2353.6,2353.8,11,20,55
9:17:38,2353.8,2353.2,2353.8,41,40,47
9:17:38,2353.8,2353.6,2353.8,13,14,45
9:17:39,2353.6,2353.6,2353.8,20,18,47
9:17:39,2353.8,2353.6,2353.8,10,18,49
9:17:40,2353.8,2353.6,2353.8,4,15,50
9:17:40,2353.6,2353.6,2353.8,3,14,48
9:17:41,2353.6,2353.4,2353.6,15,1,4
9:17:41,2353.4,2353.4,2353.8,9,1,47
9:17:42,2353.4,2353.2,2353.4,4,41,1
9:17:42,2353.2,2353.4,2353.6,17,1,1
9:17:43,2353.4,2353.4,2353.6,5,3,7
9:17:43,2353.4,2353.2,2353.6,9,39,5
9:17:44,2353.4,2353.4,2353.6,1,2,7
9:17:44,2353.6,2353.4,2353.6,8,1,7
9:17:45,2353.8,2353.4,2353.8,17,28,48
9:17:45,2353.6,2353.4,2353.8,1,34,48
9:17:46,2353.6,2353.4,2353.6,4,39,8
9:17:47,2353.6,2353.4,2353.6,3,41,8
9:17:47,2353.6,2353.4,2353.6,6,36,8
9:17:48,2353.4,2353.4,2353.6,6,31,8
9:17:48,2353.6,2353.6,2353.8,19,1,45
9:17:49,2353.6,2353.4,2353.6,15,30,1
9:17:49,2353.6,2353.4,2353.6,2,30,5
9:17:50,2353.4,2353.4,2353.6,11,20,5
9:17:50,2353.6,2353.4,2353.6,1,22,5
9:17:51,2353.6,2353.4,2353.6,3,17,17
9:17:51,2353.4,2353.4,2353.6,9,11,15
9:17:52,2353.4,2353.2,2353.4,11,35,6
9:17:52,2353.2,2353.2,2353.4,3,34,4
9:17:53,2353.2,2353.2,2353.4,3,34,2
9:17:53,2353.6,2353.4,2353.6,3,1,26
9:17:54,2353.2,2353.4,2353.6,20,7,28
9:17:54,2353.6,2353.4,2353.6,1,11,19
9:17:55,2353.6,2353.4,2353.6,5,12,22
9:17:55,2353.4,2353.4,2353.6,4,7,27
9:17:56,2353.6,2353.4,2353.6,7,4,24
9:17:56,2353.4,2353.2,2353.4,7,17,7
9:17:57,2353.4,2353.2,2353.4,1,18,7
9:17:57,2353.4,2353.2,2353.4,1,20,7
9:17:58,2353.4,2353.2,2353.4,6,20,7
9:17:58,2353.4,2353.2,2353.4,3,20,11
9:17:59,2353.2,2353.2,2353.4,3,19,9
9:17:59,2353.4,2353.4,2353.6,10,2,31
9:18:00,2353.2,2353.4,2353.6,8,4,29
9:18:00,2353.2,2353.2,2353.4,10,25,12
9:18:01,2353.4,2353.2,2353.4,12,26,2
9:18:01,2353.2,2353.2,2353.4,9,22,6
9:18:02,2353.4,2353.2,2353.4,21,11,78
9:18:02,2353.4,2353,2353.2,21,99,1
9:18:03,2353.2,2353,2353.2,46,67,19
9:18:03,2353,2353,2353.2,21,59,6
9:18:04,2353,2353,2353.2,51,11,13
9:18:04,2353.2,2353.2,2353.4,28,19,73
9:18:05,2353.2,2353.2,2353.4,6,15,73
9:18:05,2353.2,2353.2,2353.4,4,14,74
9:18:06,2353.4,2353.2,2353.4,2,13,73
9:18:06,2353.2,2353.2,2353.4,8,16,75
9:18:07,2353.4,2353.2,2353.4,6,11,74
9:18:07,2353.4,2353.2,2353.4,6,16,75
9:18:08,2353.4,2353.2,2353.4,3,17,73
9:18:08,2353.4,2353.2,2353.4,4,26,70
9:18:09,2353.4,2353.2,2353.4,6,31,64
9:18:09,2353.4,2353.2,2353.4,2,32,62
9:18:10,2353.4,2353.2,2353.4,47,32,11
9:18:10,2353.4,2353.4,2353.6,14,37,101
9:18:11,2353.6,2353.4,2353.6,5,43,99
9:18:11,2353.6,2353.4,2353.6,2,41,97
9:18:12,2353.6,2353.4,2353.6,17,29,80
9:18:12,2353.4,2353.4,2353.6,1,29,80
9:18:13,2353.6,2353.4,2353.6,7,29,74
9:18:13,2353.6,2353.4,2353.6,54,29,20
9:18:14,2353.6,2353.4,2353.6,2,29,18
9:18:14,2353.6,2353.4,2353.6,11,28,7
9:18:15,2353.4,2353.6,2353.8,10,2,56
9:18:15,2353.8,2353.6,2353.8,2,7,54
9:18:16,2353.6,2353.6,2353.8,13,2,51
9:18:16,2353.6,2353.6,2353.8,1,3,55
9:18:17,2353.8,2353.6,2353.8,5,6,51
9:18:17,2353.6,2353.4,2353.6,10,31,2
9:18:18,2353.8,2353.6,2353.8,12,1,39
9:18:18,2353.6,2353.4,2353.8,3,38,37
9:18:19,2353.8,2353.4,2353.8,9,36,31
9:18:19,2354,2354,2354.2,78,24,12
9:18:20,2354,2354,2354.2,14,11,11
9:18:21,2353.6,2353.4,2353.6,25,48,13
9:18:21,2353.6,2353.4,2353.6,3,52,10
9:18:22,2353.8,2353.6,2353.8,17,6,4
9:18:22,2354,2353.8,2354,7,9,7
9:18:23,2353.8,2353.8,2354,4,1,7
9:18:23,2354,2353.6,2354,2,21,12
9:18:24,2353.8,2353.6,2353.8,1,28,1
9:18:24,2353.6,2353.6,2353.8,5,28,1
9:18:25,2353.8,2353.8,2354,2,6,9
9:18:25,2354,2353.8,2354,7,6,2
9:18:26,2354,2353.8,2354,5,5,5
9:18:26,2354,2353.8,2354,8,4,3
9:18:27,2354,2353.8,2354,1,5,3
9:18:27,2353.8,2353.8,2354,3,2,3
9:18:28,2354,2353.8,2354,13,10,4
9:18:28,2353.8,2353.8,2354,4,11,4
9:18:29,2353.8,2353.8,2354,1,10,4
9:18:29,2353.8,2353.8,2354,1,10,6
9:18:30,2354,2353.8,2354,1,11,5
9:18:31,2354.2,2353.8,2354.2,8,16,27
9:18:31,2354.2,2354,2354.2,1,2,27
9:18:32,2353.8,2354,2354.2,5,1,28
9:18:32,2354,2353.8,2354,1,19,7
9:18:33,2354,2353.8,2354,5,19,2
9:18:33,2354,2353.8,2354.2,3,18,29
9:18:34,2354,2353.8,2354.2,1,18,29
9:18:35,2353.8,2353.8,2354.2,2,18,30
9:18:35,2354.2,2354,2354.2,4,2,27
9:18:36,2354,2353.8,2354.2,5,19,27
9:18:37,2353.8,2353.8,2354,8,26,3
9:18:37,2354,2353.8,2354.2,3,27,37
9:18:38,2354.2,2354,2354.2,1,36,38
9:18:39,2354.2,2354,2354.2,3,36,36
9:18:39,2354,2354,2354.2,2,35,46
9:18:40,2354,2354,2354.2,3,33,45
9:18:40,2354.2,2354,2354.2,23,37,22
9:18:41,2354.2,2354,2354.2,6,37,16
9:18:42,2354.2,2354,2354.2,6,38,11
9:18:42,2354,2354,2354.4,19,30,49
9:18:43,2354.2,2354.2,2354.4,9,2,53
9:18:43,2354.4,2354,2354.4,3,36,52
9:18:44,2354.4,2354,2354.4,4,36,49
9:18:44,2354.4,2354,2354.4,39,13,35
9:18:45,2354,2354,2354.4,4,11,34
9:18:45,2354.4,2354,2354.4,5,9,32
9:18:46,2354,2354.2,2354.4,6,7,32
9:18:46,2354.4,2354.2,2354.4,3,7,29
9:18:47,2354.4,2354.2,2354.4,5,6,25
9:18:47,2354.2,2354,2354.2,8,7,1
9:18:48,2354.2,2354,2354.2,1,7,1
9:18:48,2354.2,2354,2354.2,2,7,1
9:18:49,2354.2,2354,2354.2,4,8,2
9:18:49,2354.2,2354,2354.4,4,9,24
9:18:50,2354.2,2354.2,2354.4,2,1,25
9:18:50,2354.2,2354,2354.2,13,11,1
9:18:51,2354.2,2354,2354.4,2,11,13
9:18:51,2354.2,2354,2354.2,1,16,1
9:18:52,2354,2354,2354.2,2,15,1
9:18:54,2354.2,2354,2354.2,3,17,10
9:18:54,2354,2354,2354.2,3,17,8
9:18:55,2354.2,2354.2,2354.4,8,1,15
9:18:56,2354.2,2354.2,2354.4,4,1,25
9:18:56,2354.4,2354.2,2354.4,2,5,24
9:18:57,2354.2,2354.2,2354.4,3,4,22
9:18:57,2354.4,2354.4,2354.6,32,3,35
9:18:58,2354.4,2354.2,2354.4,3,1,1
9:18:58,2354.4,2354.2,2354.4,1,1,1
9:18:59,2354,2354,2354.6,5,28,35
9:19:00,2354,2354.2,2354.6,4,1,35
9:19:00,2354.6,2354.2,2354.4,1,5,1
9:19:01,2354.6,2354.2,2354.4,6,4,1
9:19:01,2354.4,2354.2,2354.6,1,4,30
9:19:02,2354.6,2354.4,2354.6,10,1,20
9:19:02,2354.4,2354.4,2354.6,1,1,20
9:19:03,2354.4,2354.2,2354.6,1,5,20
9:19:03,2354.6,2354.2,2354.6,5,3,19
9:19:04,2354.6,2354.2,2354.6,8,1,14
9:19:05,2354.6,2354.2,2354.4,1,27,4
9:19:05,2354.4,2354.4,2354.6,4,32,16
9:19:06,2354.6,2354.4,2354.6,2,33,15
9:19:06,2354.6,2354.6,2354.8,15,32,76
9:19:07,2354.8,2354.6,2354.8,20,33,56
9:19:07,2354.8,2354.6,2354.8,9,39,48
9:19:08,2354.6,2354.6,2354.8,40,33,14
9:19:08,2354.8,2354.6,2354.8,9,34,6
9:19:09,2354.8,2354.6,2354.8,3,33,4
9:19:09,2354.8,2354.6,2354.8,4,31,1
9:19:10,2354.8,2354.6,2354.8,5,17,1
9:19:10,2355,2354.8,2355,4,1,92
9:19:11,2354.8,2354.8,2355,16,7,146
9:19:11,2354.8,2354.8,2355,4,4,146
9:19:12,2354.8,2354.8,2355,9,3,143
9:19:12,2354.8,2354.6,2354.8,14,13,2
9:19:13,2355,2354.6,2355,6,14,131
9:19:13,2355,2354.6,2354.8,6,21,5
9:19:14,2354.8,2354.6,2354.8,6,27,5
9:19:14,2354.8,2354.6,2354.8,3,27,2
9:19:15,2355,2354.8,2355,4,70,165
9:19:15,2355,2354.8,2355,2,92,164
9:19:16,2355,2354.8,2355,41,92,124
9:19:16,2355,2354.8,2355,25,93,70
9:19:17,2355,2355,2355.2,74,21,35
9:19:17,2355,2355,2355.2,21,53,21
9:19:18,2355,2355,2355.2,14,61,11
9:19:18,2355.2,2355.2,2355.4,17,2,18
9:19:19,2355.4,2355.4,2355.6,34,37,53
9:19:19,2355.6,2355.4,2355.6,4,37,49
9:19:20,2355.4,2355.4,2355.6,5,37,44
9:19:20,2355.6,2355.4,2355.6,8,42,39
9:19:21,2355.6,2355.4,2355.6,6,43,34
9:19:21,2355.6,2355.4,2355.6,23,44,14
9:19:22,2355.6,2355.2,2355.6,56,25,6
9:19:22,2355.6,2355.6,2355.8,9,14,24
9:19:23,2355.6,2355.6,2355.8,46,23,21
9:19:23,2355.8,2355.6,2355.8,4,27,22
9:19:24,2355.8,2355.8,2356,23,13,54
9:19:24,2355.8,2355.8,2356,16,16,49
9:19:25,2356,2355.8,2356,11,19,41
9:19:25,2355.8,2355.6,2355.8,32,31,6
9:19:26,2355.8,2355.8,2356,19,2,108
9:19:26,2355.8,2355.8,2356,2,1,107
9:19:27,2355.8,2355.6,2355.8,5,36,22
9:19:27,2355.6,2355.6,2355.8,23,38,20
9:19:28,2355.6,2355.6,2355.8,14,31,27
9:19:28,2355.6,2355.6,2355.8,7,32,34
9:19:29,2355.8,2355.6,2355.8,7,42,54
9:19:29,2355.6,2355.6,2355.8,23,33,42
9:19:30,2355.8,2355.6,2355.8,10,31,52
9:19:30,2355.6,2355.6,2355.8,11,26,76
9:19:31,2355.6,2355.6,2355.8,19,9,76
9:19:31,2355.6,2355.6,2355.8,19,3,64
9:19:32,2355.6,2355.6,2355.8,8,1,61
9:19:32,2355.6,2355.4,2355.6,6,7,6
9:19:33,2355.4,2355.4,2355.6,12,38,3
9:19:33,2355.4,2355.4,2355.6,3,40,12
9:19:34,2355.4,2355.4,2355.6,6,8,12
9:19:34,2355.4,2355.2,2355.4,28,46,4
9:19:35,2355.4,2355.4,2355.6,10,1,15
9:19:36,2355.2,2355.2,2355.4,4,39,3
9:19:36,2355.2,2355.2,2355.4,1,38,40
9:19:37,2355.2,2355.2,2355.4,2,39,39
9:19:37,2355.2,2355.2,2355.4,1,38,44
9:19:38,2355.2,2355.2,2355.4,15,27,41
9:19:38,2355.4,2355.2,2355.4,7,35,36
9:19:39,2355.2,2355.2,2355.4,2,34,37
9:19:39,2355.4,2355.2,2355.4,1,34,36
9:19:40,2355.4,2355.2,2355.4,7,42,35
9:19:40,2355.2,2355.2,2355.4,3,39,35
9:19:41,2355.4,2355.2,2355.4,4,44,35
9:19:41,2355.4,2355.2,2355.4,4,47,31
9:19:42,2355.4,2355.2,2355.4,2,47,31
9:19:42,2355.4,2355.2,2355.4,27,47,4
9:19:43,2355.4,2355.4,2355.6,6,10,34
9:19:43,2355.4,2355.4,2355.6,1,12,34
9:19:44,2355.2,2355.4,2355.6,20,2,34
9:19:44,2355.6,2355.4,2355.6,11,3,39
9:19:45,2355.4,2355.4,2355.6,2,2,38
9:19:45,2355.6,2355.2,2355.4,8,36,1
9:19:46,2355.6,2355.4,2355.6,7,1,34
9:19:46,2355.4,2355.2,2355.4,1,35,3
9:19:47,2355.2,2355.2,2355.4,2,36,7
9:19:48,2355.4,2355.2,2355.4,3,35,5
9:19:48,2355.2,2355.2,2355.4,2,35,5
9:19:49,2355.4,2355.4,2355.6,6,1,38
9:19:50,2355.4,2355.4,2355.6,3,6,40
9:19:50,2355.2,2355.2,2355.4,17,23,50
9:19:51,2355.2,2355.2,2355.4,12,23,47
9:19:51,2355.4,2355.2,2355.4,11,14,45
9:19:52,2355.4,2355.2,2355.4,13,3,45
9:19:52,2355.2,2355,2355.2,5,87,10
9:19:53,2355.2,2355,2355.2,6,96,4
9:19:53,2355.4,2355.2,2355.4,9,3,40
9:19:54,2355.2,2355.2,2355.4,4,3,38
9:19:54,2355.2,2355.2,2355.4,3,9,40
9:19:55,2355.4,2355.2,2355.4,1,14,39
9:19:55,2355.4,2355.2,2355.4,4,14,37
9:19:56,2355.4,2355.2,2355.4,5,15,32
9:19:57,2355.2,2355.2,2355.4,4,23,34
9:19:58,2355.2,2355.2,2355.4,1,26,36
9:19:59,2355.2,2355.2,2355.4,13,14,35
9:19:59,2355.2,2355.2,2355.4,4,12,35
9:20:00,2355.4,2355.2,2355.4,12,9,35
9:20:00,2355.6,2355.4,2355.6,51,63,25
9:20:01,2355.4,2355.6,2355.8,93,1,34
9:20:01,2355.6,2355.4,2355.8,7,22,27
9:20:02,2355.6,2355.6,2355.8,43,10,26
9:20:02,2355.8,2355.6,2355.8,4,18,22
9:20:03,2355.4,2355.2,2355.6,25,16,1
9:20:03,2355.8,2355.6,2355.8,3,1,21
9:20:04,2355.2,2355.2,2355.8,18,4,26
9:20:04,2355.2,2355.2,2355.6,4,3,17
9:20:05,2355.6,2355.2,2355.6,5,3,22
9:20:05,2355.2,2355.2,2355.6,2,6,22
9:20:06,2355.2,2355,2355.2,7,111,10
9:20:06,2355.4,2355.2,2355.6,22,3,31
9:20:07,2355.6,2355.2,2355.6,3,3,31
9:20:08,2355.2,2355,2355.4,13,112,50
9:20:08,2355.4,2355.2,2355.4,10,26,48
9:20:09,2355.4,2355.2,2355.4,7,21,48
9:20:09,2355.4,2355.2,2355.4,3,19,48
9:20:10,2355.4,2355.2,2355.4,1,21,47
9:20:10,2355.4,2355.2,2355.4,1,23,47
9:20:11,2355.4,2355.2,2355.4,11,18,46
9:20:11,2355.4,2355.2,2355.4,6,16,42
9:20:12,2355.2,2355.2,2355.4,10,7,41
9:20:12,2355.4,2355.2,2355.4,3,7,39
9:20:13,2355.2,2355.2,2355.4,2,8,39
9:20:14,2355.2,2355.2,2355.4,9,11,34
9:20:14,2355.2,2355,2355.2,21,112,10
9:20:15,2355.2,2355,2355.2,4,112,7
9:20:15,2355.2,2355,2355.2,1,112,6
9:20:16,2355.2,2355,2355.2,3,113,3
9:20:16,2355,2355,2355.2,4,110,2
9:20:17,2355.2,2355.2,2355.4,2,1,31
9:20:17,2355.2,2355.2,2355.4,1,2,31
9:20:18,2355.4,2355,2355.4,6,108,30
9:20:18,2355,2355,2355.4,7,106,33
9:20:19,2355.4,2355.2,2355.4,2,1,36
9:20:20,2355.4,2355.2,2355.4,3,1,33
9:20:21,2355.4,2355.2,2355.4,1,2,32
9:20:21,2355.2,2355.2,2355.4,3,1,52
9:20:22,2355.2,2355.2,2355.4,2,1,51
9:20:22,2355.4,2355.2,2355.4,5,3,48
9:20:23,2355.2,2355.2,2355.4,1,2,49
9:20:23,2355.2,2355.2,2355.4,48,2,2
9:20:24,2355.4,2355.4,2355.6,2,3,43
9:20:24,2355.6,2355.4,2355.6,9,4,34
9:20:25,2355.4,2355.2,2355.6,20,3,18
9:20:25,2355.2,2355.2,2355.6,1,5,18
9:20:26,2355.6,2355.2,2355.6,2,14,16
9:20:27,2355.4,2355.4,2355.6,3,9,17
9:20:27,2355.4,2355.4,2355.6,3,8,17
9:20:28,2355.4,2355.2,2355.6,2,19,19
9:20:28,2355.2,2355.2,2355.6,10,14,15
9:20:29,2355.4,2355.2,2355.6,1,17,16
9:20:29,2355.6,2355.2,2355.6,5,16,13
9:20:32,2355.6,2355.2,2355.6,5,43,21
9:20:32,2355.6,2355.2,2355.4,1,44,1
9:20:33,2355.4,2355.4,2355.6,2,1,23
9:20:33,2355.4,2355.4,2355.6,1,14,24
9:20:34,2355.6,2355.4,2355.6,11,17,13
9:20:34,2355.4,2355.4,2355.6,5,12,18
9:20:35,2355.4,2355.4,2355.6,2,11,17
9:20:35,2355.6,2355.4,2355.6,6,11,11
9:20:36,2355.6,2355.4,2355.6,15,2,8
9:20:36,2355,2355,2355.2,53,123,48
9:20:37,2355.2,2355,2355.2,2,121,47
9:20:37,2355,2355,2355.2,17,121,31
9:20:38,2355.2,2355,2355.2,2,119,30
9:20:39,2355.2,2355,2355.2,1,121,29
9:20:39,2355.2,2355,2355.2,4,120,26
9:20:40,2355.2,2355,2355.2,6,120,21
9:20:40,2355,2355,2355.2,3,118,20
9:20:41,2355.2,2355,2355.2,8,117,13
9:20:41,2355,2355,2355.2,8,112,11
9:20:42,2355.2,2355,2355.2,27,88,12
9:20:42,2355,2355,2355.2,51,37,12
9:20:43,2355,2355,2355.2,19,22,12
9:20:43,2355,2354.8,2355,25,104,15
9:20:44,2354.8,2354.8,2355,6,105,16
9:20:44,2354.8,2354.8,2355,3,103,18
9:20:45,2355,2354.8,2355,2,101,18
9:20:45,2355.2,2355,2355.2,23,32,18
9:20:46,2355,2355,2355.2,2,30,18
9:20:46,2355,2355,2355.2,12,20,19
9:20:47,2355,2355,2355.2,1,31,17
9:20:47,2355,2354.8,2355,18,102,34
9:20:48,2355,2354.8,2355,11,102,24
9:20:48,2355,2354.8,2355,1,102,24
9:20:49,2354.8,2354.8,2355,1,101,24
9:20:49,2355,2354.8,2355,1,103,27
9:20:50,2354.8,2354.8,2355,5,106,29
9:20:51,2355,2354.8,2355,8,106,22
9:20:51,2355,2354.8,2355,4,104,20
9:20:52,2354.8,2354.8,2355,22,104,5
9:20:53,2354.8,2354.8,2355.2,6,103,40
9:20:53,2354.8,2355,2355.2,3,2,40
9:20:54,2354.8,2355,2355.2,1,2,40
9:20:54,2355.2,2355,2355.2,2,41,39
9:20:55,2355,2355,2355.2,4,44,38
9:20:56,2355,2355,2355.2,7,38,38
9:20:56,2355,2355,2355.2,2,36,34
9:20:57,2355,2354.8,2355,37,104,22
9:20:57,2354.8,2354.8,2355,2,102,25
9:20:58,2355,2354.8,2355,6,100,22
9:20:58,2354.8,2354.8,2355,1,99,22
9:20:59,2354.8,2354.8,2355,8,93,20
9:20:59,2355.2,2354.8,2355.2,81,83,33
9:21:00,2354.8,2354.8,2355,1,82,4
9:21:00,2355,2354.8,2355,4,81,4
9:21:01,2354.8,2354.8,2355,2,80,5
9:21:01,2355,2354.8,2355,6,79,4
9:21:02,2354.8,2354.8,2355,2,78,3
9:21:02,2355,2355,2355.2,30,70,38
9:21:03,2355,2355,2355.2,7,65,38
9:21:03,2355.2,2355,2355.2,11,64,29
9:21:04,2355,2355,2355.2,5,62,33
9:21:04,2355,2355,2355.2,4,60,32
9:21:05,2355,2355,2355.2,13,48,34
9:21:06,2355,2355,2355.2,10,38,34
9:21:06,2355,2355,2355.2,28,37,7
9:21:07,2355.2,2355,2355.2,1,38,6
9:21:07,2355.2,2355,2355.2,5,38,1
9:21:08,2355.2,2355,2355.4,1,38,36
9:21:08,2355,2355.2,2355.4,1,1,36
9:21:10,2355.4,2355.2,2355.4,2,4,33
9:21:10,2355,2355,2355.2,6,37,22
9:21:11,2355.2,2355,2355.2,1,36,24
9:21:12,2355.2,2355,2355.2,2,37,23
9:21:12,2355.2,2355,2355.2,1,37,22
9:21:13,2355,2355,2355.2,1,38,23
9:21:14,2355.2,2355,2355.2,6,39,17
9:21:14,2355.2,2355,2355.2,4,39,14
9:21:15,2355.2,2355,2355.2,4,40,11
9:21:16,2355.2,2355,2355.4,11,40,35
9:21:17,2355.2,2355,2355.2,1,45,1
9:21:17,2355.2,2355.2,2355.4,1,1,37
9:21:18,2355.4,2355.2,2355.4,2,11,38
9:21:19,2355,2355.2,2355.4,50,1,39
9:21:20,2355.2,2355,2355.2,6,14,9
9:21:21,2355.2,2355,2355.2,1,16,14
9:21:21,2355.2,2355,2355.2,1,19,13
9:21:22,2355.2,2355,2355.2,2,20,12
9:21:22,2355.2,2355,2355.2,4,24,8
9:21:23,2355.2,2355,2355.4,7,25,40
9:21:24,2355,2355,2355.2,5,22,11
9:21:24,2355.2,2355,2355.2,1,22,10
9:21:25,2355,2354.8,2355,26,93,10
9:21:25,2354.8,2354.8,2355,4,89,10
9:21:26,2354.8,2354.8,2355,2,87,10
9:21:27,2354.8,2354.8,2355,2,85,16
9:21:27,2354.8,2354.8,2355,8,82,11
9:21:28,2355,2354.8,2355,13,80,1
9:21:29,2355,2355,2355.2,3,1,9
9:21:30,2355.2,2355,2355.4,30,1,41
9:21:31,2355,2355,2355.2,2,69,1
9:21:31,2355.2,2355.2,2355.4,1,4,41
9:21:32,2355.2,2355.2,2355.4,3,5,41
9:21:32,2355.2,2355.2,2355.4,8,9,37
9:21:33,2355.4,2355.2,2355.4,6,5,36
9:21:34,2355.4,2355.2,2355.4,2,4,36
9:21:34,2355.2,2355.2,2355.4,1,3,36
9:21:35,2355.2,2355.2,2355.4,9,1,29
9:21:35,2355.4,2355.2,2355.4,1,1,30
9:21:36,2355.2,2355.2,2355.4,1,6,30
9:21:36,2355.2,2355.2,2355.4,1,5,31
9:21:37,2355.4,2355.2,2355.4,1,5,30
9:21:37,2355.2,2355.2,2355.4,4,1,31
9:21:38,2355.2,2355.2,2355.4,17,14,28
9:21:38,2355.4,2355.2,2355.4,3,13,26
9:21:39,2355.4,2355.2,2355.4,5,13,22
9:21:39,2355.4,2355.2,2355.4,7,14,15
9:21:40,2355.4,2355.2,2355.4,9,15,6
9:21:40,2355.4,2355.2,2355.4,1,15,5
9:21:41,2355.2,2355.2,2355.4,6,11,4
9:21:41,2355.4,2355.2,2355.4,3,10,2
9:21:42,2355.4,2355.4,2355.6,3,20,37
9:21:42,2355.4,2355.4,2355.6,1,20,37
9:21:43,2355.6,2355.4,2355.6,1,21,36
9:21:43,2355.4,2355.4,2355.6,5,19,34
9:21:44,2355.6,2355.4,2355.6,2,20,32
9:21:44,2355.6,2355.4,2355.6,11,17,24
9:21:45,2355.6,2355.4,2355.6,5,18,19
9:21:45,2355.6,2355.4,2355.6,2,36,17
9:21:46,2355.6,2355.4,2355.6,6,38,11
9:21:46,2355.6,2355.4,2355.6,6,37,6
9:21:47,2355.8,2355.6,2355.8,11,26,54
9:21:47,2355.8,2355.6,2355.8,4,27,53
9:21:48,2355.6,2355.6,2355.8,3,30,52
9:21:48,2355.8,2355.6,2355.8,7,27,49
9:21:49,2355.8,2355.6,2355.8,4,29,45
9:21:49,2355.8,2355.6,2355.8,7,28,40
9:21:50,2355.8,2355.6,2355.8,13,26,34
9:21:50,2355.8,2355.6,2355.8,26,25,11
9:21:51,2355.8,2355.6,2356,11,27,144
9:21:51,2355.6,2355.8,2356,7,1,143
9:21:52,2356,2355.6,2356,13,18,140
9:21:52,2356,2355.6,2356,16,16,179
9:21:53,2355.6,2355.6,2356,20,11,177
9:21:53,2355.8,2355.6,2355.8,6,11,13
9:21:54,2355.8,2355.6,2355.8,13,11,1
9:21:54,2355.6,2355.6,2355.8,4,9,52
9:21:55,2355.6,2355.6,2355.8,11,9,52
9:21:55,2355.8,2355.6,2355.8,10,8,58
9:21:56,2355.6,2355.6,2355.8,5,5,58
9:21:56,2355.8,2355.6,2355.8,6,4,33
9:21:57,2355.8,2355.4,2355.8,11,32,33
9:21:57,2355.8,2355.6,2355.8,9,1,21
9:21:58,2355.8,2355.4,2355.8,7,32,36
9:21:59,2355.6,2355.6,2355.8,1,1,57
9:21:59,2355.8,2355.6,2355.8,4,12,54
9:22:00,2355.6,2355.6,2355.8,6,7,55
9:22:00,2355.8,2355.6,2355.8,6,18,49
9:22:01,2355.8,2355.6,2355.8,28,10,29
9:22:01,2355.8,2355.6,2355.8,22,13,8
9:22:02,2356,2355.8,2356,9,20,193
9:22:02,2356,2355.8,2356,5,21,189
9:22:03,2356,2355.8,2356,10,20,183
9:22:03,2356,2355.8,2356,6,19,181
9:22:04,2356,2355.8,2356,15,10,182
9:22:04,2355.8,2355.8,2356,2,9,183
9:22:05,2356,2355.8,2356,9,9,177
9:22:05,2356,2355.6,2355.8,35,22,25
9:22:06,2355.8,2355.6,2355.8,12,22,13
9:22:06,2355.8,2355.6,2355.8,3,22,17
9:22:07,2355.8,2355.6,2355.8,6,21,12
9:22:07,2355.6,2355.6,2355.8,15,9,12
9:22:08,2356,2355.6,2355.8,15,10,1
9:22:08,2355.6,2355.6,2356,6,11,176
9:22:09,2355.8,2355.6,2355.8,7,9,3
9:22:09,2355.6,2355.6,2355.8,6,4,4
9:22:10,2355.8,2355.6,2355.8,6,3,6
9:22:10,2355.6,2355.6,2355.8,4,1,10
9:22:11,2355.8,2355.6,2355.8,4,2,32
9:22:11,2355.6,2355.4,2355.8,2,46,34
9:22:12,2355.6,2355.4,2355.8,5,47,53
9:22:13,2355.4,2355.4,2355.8,5,45,53
9:22:13,2355.8,2355.4,2355.8,6,45,49
9:22:14,2355.4,2355.6,2355.8,3,2,50
9:22:14,2355.8,2355.4,2355.8,4,41,63
9:22:15,2355.8,2355.4,2355.8,1,41,61
9:22:15,2355.4,2355.4,2355.8,2,41,63
9:22:16,2355.8,2355.4,2355.8,19,28,57
9:22:16,2355.4,2355.4,2355.6,3,27,72
9:22:17,2355.6,2355.4,2355.6,1,27,72
9:22:17,2355.4,2355.4,2355.6,21,5,75
9:22:18,2355.6,2355.4,2355.6,7,4,72
9:22:18,2355.4,2355.4,2355.6,3,3,71
9:22:19,2355.4,2355.2,2355.4,6,51,11
9:22:19,2355.2,2355.2,2355.6,28,46,56
9:22:20,2355.2,2355.2,2355.6,6,44,58
9:22:21,2355.2,2355.2,2355.6,19,26,56
9:22:21,2355.4,2355.4,2355.6,1,1,57
9:22:22,2355.2,2355.2,2355.4,5,22,3
9:22:22,2355.4,2355.4,2355.6,6,1,58
9:22:23,2355.4,2355.2,2355.6,2,20,57
9:22:23,2355.4,2355.2,2355.4,1,23,2
9:22:24,2355.2,2355.2,2355.4,1,28,2
9:22:25,2355.4,2355.2,2355.4,3,26,2
9:22:26,2355.2,2355.2,2355.4,18,8,4
9:22:26,2355.2,2355.2,2355.4,1,7,7
9:22:27,2355.2,2355.2,2355.4,2,7,13
9:22:27,2355.2,2355.2,2355.4,2,5,29
9:22:28,2355.2,2355,2355.4,5,65,30
9:22:28,2355.4,2355,2355.4,4,67,31
9:22:29,2355,2355,2355.4,3,65,31
9:22:29,2355,2355,2355.4,22,52,23
9:22:30,2355,2355,2355.2,12,46,1
9:22:30,2355,2355,2355.2,4,46,2
9:22:31,2355,2355,2355.4,35,14,18
9:22:31,2355.4,2355,2355.2,9,15,1
9:22:32,2355.2,2355,2355.4,2,37,13
9:22:32,2355.4,2355.2,2355.4,4,3,12
9:22:33,2355.2,2355,2355.2,3,36,12
9:22:33,2355.2,2355,2355.2,8,46,4
9:22:34,2355.2,2355,2355.2,4,46,1
9:22:34,2355.2,2355.2,2355.4,1,8,13
9:22:35,2355.2,2355.2,2355.4,2,8,27
9:22:36,2355.2,2355.2,2355.4,2,9,27
9:22:36,2355.4,2355.2,2355.4,2,10,25
9:22:37,2355.4,2355.2,2355.4,14,9,13
9:22:37,2355.4,2355.2,2355.4,1,9,12
9:22:38,2355.2,2355.2,2355.4,4,8,13
9:22:38,2355.2,2355.2,2355.4,7,4,13
9:22:39,2355.4,2355,2355.4,10,58,8
9:22:39,2355.4,2355,2355.4,4,60,4
9:22:40,2355.2,2355.2,2355.4,17,25,4
9:22:41,2355.4,2355.4,2355.6,11,4,55
9:22:41,2355.6,2355.4,2355.6,32,3,23
9:22:42,2355.6,2355.6,2355.8,25,6,85
9:22:43,2355.6,2355.6,2355.8,2,18,84
9:22:43,2355.8,2355.6,2355.8,8,12,81
9:22:44,2355.8,2355.6,2355.8,1,7,80
9:22:44,2355.8,2355.6,2355.8,4,7,75
9:22:45,2355.8,2355.6,2355.8,12,7,66
9:22:45,2355.8,2355.6,2355.8,10,7,55
9:22:46,2355.8,2355.6,2355.8,37,3,24
9:22:46,2355.8,2355.6,2355.8,18,3,8
9:22:47,2355.6,2355.4,2355.8,29,22,1
9:22:47,2355.8,2355.8,2356,2,34,189
9:22:48,2355.8,2355.8,2356,5,33,188
9:22:49,2355.8,2355.8,2356,6,28,186
9:22:49,2355.8,2355.8,2356,8,26,181
9:22:50,2356,2355.8,2356,20,26,162
9:22:50,2356,2355.8,2356,10,26,152
9:22:51,2356,2355.8,2356,22,26,131
9:22:51,2356,2355.8,2356,15,26,117
9:22:52,2356,2355.8,2356,44,23,76
9:22:52,2356,2355.8,2356,39,29,39
9:22:53,2356.2,2356,2356.2,68,74,3
9:22:53,2356.2,2356.2,2356.4,36,49,3
9:22:54,2356.4,2356.4,2356.6,17,11,22
9:22:54,2356.8,2356.6,2356.8,27,3,39
9:22:55,2356.8,2356.4,2356.8,32,9,26
9:22:55,2356.8,2356.4,2356.6,33,8,9
9:22:56,2356.4,2356.2,2356.4,19,33,7
9:22:56,2356.6,2356.4,2356.6,20,6,12
9:22:57,2356.4,2356.4,2356.6,12,1,8
9:22:57,2356.6,2356.4,2356.6,12,4,3
9:22:58,2356.2,2356.2,2356.8,13,34,16
9:22:58,2356.6,2356.2,2356.4,9,34,1
9:22:59,2356.6,2356.6,2356.8,22,1,18
9:22:59,2356.6,2356.6,2356.8,8,6,16
9:23:00,2356.6,2356.6,2356.8,9,2,8
9:23:00,2356.6,2356.4,2356.6,14,19,4
9:23:01,2356.4,2356.4,2356.6,10,14,13
9:23:01,2356.6,2356.4,2356.6,9,13,17
9:23:02,2356.4,2356.4,2356.6,6,9,29
9:23:02,2356.4,2356.2,2356.6,14,21,29
9:23:03,2356.4,2356.2,2356.4,3,21,32
9:23:03,2356.4,2356,2356.2,22,55,1
9:23:04,2356,2356,2356.2,13,50,1
9:23:04,2356.2,2356.2,2356.4,4,6,12
9:23:05,2356,2356.2,2356.4,10,2,15
9:23:05,2356.4,2356.2,2356.4,3,3,13
9:23:06,2356.4,2356,2356.2,5,38,1
9:23:06,2356.2,2356,2356.2,19,36,8
9:23:07,2356.2,2356,2356.2,4,32,7
9:23:07,2356,2356,2356.2,2,33,17
9:23:08,2356.2,2356,2356.2,2,34,25
9:23:08,2356,2356,2356.2,1,33,25
9:23:09,2356,2356,2356.2,2,37,27
9:23:09,2356.2,2356,2356.2,8,33,22
9:23:10,2356.2,2356,2356.2,11,26,18
9:23:10,2356,2356,2356.2,2,24,23
9:23:11,2356,2356,2356.2,2,23,22
9:23:11,2356,2356,2356.2,13,18,17
9:23:12,2356.2,2356,2356.2,6,13,16
9:23:12,2356,2356,2356.2,3,11,16
9:23:13,2356,2356,2356.2,3,8,16
9:23:13,2356.2,2356,2356.2,11,10,14
9:23:14,2356,2356,2356.2,5,11,21
9:23:14,2356,2356,2356.2,10,14,15
9:23:15,2356,2356,2356.2,1,13,16
9:23:15,2356,2356,2356.2,5,11,15
9:23:16,2356.2,2356,2356.2,4,14,16
9:23:16,2356,2356,2356.2,3,13,25
9:23:17,2356,2356,2356.2,8,12,19
9:23:17,2356,2356,2356.2,20,4,10
9:23:18,2356,2355.8,2356,6,21,16
9:23:18,2356,2355.8,2356,7,21,12
9:23:19,2356,2355.8,2356,8,19,6
9:23:19,2356,2355.8,2356,17,4,4
9:23:20,2356,2355.8,2356,1,12,6
9:23:21,2355.8,2355.8,2356,9,9,2
9:23:22,2355.8,2355.8,2356,2,9,4
9:23:22,2356,2355.8,2356,1,9,4
9:23:23,2356,2355.8,2356,1,9,3
9:23:24,2356,2355.8,2356,4,12,7
9:23:24,2356,2355.8,2356,6,12,3
9:23:25,2356,2355.8,2356,1,14,4
9:23:26,2356,2355.8,2356,3,14,4
9:23:26,2356,2355.8,2356,1,16,4
9:23:27,2356,2355.8,2356.2,8,15,19
9:23:27,2355.8,2355.8,2356.2,1,14,22
9:23:28,2355.8,2355.8,2356.2,1,13,22
9:23:29,2356.2,2356,2356.2,3,1,22
9:23:30,2355.8,2355.8,2356,3,15,2
9:23:31,2356,2355.8,2356,4,14,2
9:23:31,2356.2,2356,2356.2,5,12,37
9:23:32,2356,2356,2356.2,2,11,36
9:23:32,2356,2356,2356.2,2,9,38
9:23:33,2356.2,2356,2356.2,1,9,37
9:23:34,2356.2,2356,2356.2,4,9,35
9:23:34,2356.2,2356,2356.2,1,11,37
9:23:35,2356,2356,2356.2,2,9,37
9:23:36,2356.2,2356,2356.2,1,9,38
9:23:36,2356,2356,2356.2,1,7,38
9:23:37,2356,2356,2356.2,4,3,38
9:23:37,2356.2,2356,2356.2,5,8,33
9:23:38,2356.2,2356,2356.2,2,28,31
9:23:38,2356.2,2356,2356.2,2,30,30
9:23:39,2356,2356,2356.2,5,29,27
9:23:39,2356.2,2356,2356.2,9,38,25
9:23:40,2356.2,2356,2356.2,15,39,15
9:23:40,2356.2,2356.2,2356.4,16,15,41
9:23:41,2356.2,2356.2,2356.4,1,23,42
9:23:41,2356.4,2356.2,2356.4,2,32,41
9:23:42,2356.2,2356.2,2356.4,1,32,43
9:23:42,2356.2,2356.2,2356.4,9,35,37
9:23:43,2356.4,2356.2,2356.4,3,35,34
9:23:43,2356.4,2356.2,2356.4,6,34,29
9:23:44,2356.4,2356.2,2356.4,2,33,28
9:23:44,2356.4,2356.2,2356.4,9,32,20
9:23:45,2356.4,2356.2,2356.4,2,32,18
9:23:45,2356.4,2356.2,2356.6,18,32,42
9:23:46,2356.2,2356.4,2356.6,1,1,42
9:23:46,2356.2,2356.2,2356.4,13,18,3
9:23:47,2356.6,2356.4,2356.6,6,11,33
9:23:47,2356.4,2356.2,2356.6,13,19,33
9:23:48,2356.2,2356.2,2356.4,4,19,1
9:23:48,2356.4,2356.4,2356.6,11,3,24
9:23:49,2356.4,2356.2,2356.6,4,18,24
9:23:49,2356.6,2356.4,2356.6,12,2,14
9:23:50,2356.6,2356.4,2356.6,12,6,3
9:23:50,2356.8,2356.6,2356.8,12,1,78
9:23:51,2356.8,2356.4,2356.8,8,4,74
9:23:51,2356.8,2356.6,2356.8,24,8,49
9:23:52,2356.6,2356.4,2356.6,28,5,18
9:23:52,2356.6,2356.4,2356.6,5,23,14
9:23:53,2356.6,2356.4,2356.6,6,22,9
9:23:53,2356.6,2356.4,2356.6,8,18,6
9:23:54,2356.8,2356.6,2356.8,14,2,29
9:23:54,2356.6,2356.6,2356.8,7,1,24
9:23:55,2356.6,2356.4,2356.6,6,16,16
9:23:55,2356.6,2356.4,2356.6,11,7,15
9:23:56,2356.6,2356.4,2356.6,78,7,5
9:23:56,2356.6,2356.4,2356.6,2,7,4
9:23:57,2356.4,2356.4,2356.6,2,5,6
9:23:57,2356.4,2356.4,2356.6,3,4,11
9:23:58,2356.6,2356.4,2356.6,1,14,11
9:23:58,2356.6,2356.4,2356.6,3,15,15
9:23:59,2356.4,2356.2,2356.4,19,27,6
9:23:59,2356.4,2356.2,2356.4,2,27,45
9:24:00,2356.4,2356.2,2356.4,1,28,44
9:24:00,2356.4,2356.2,2356.4,12,29,36
9:24:01,2356.2,2356.2,2356.4,3,26,37
9:24:01,2356.4,2356.2,2356.4,33,25,11
9:24:02,2356.6,2356.2,2356.6,45,25,7
9:24:02,2356.2,2356.2,2356.4,7,19,1
9:24:03,2356.4,2356.4,2356.6,4,1,11
9:24:04,2356.4,2356.4,2356.6,8,2,4
9:24:04,2356.4,2356.2,2356.4,5,21,2
9:24:05,2356.2,2356.2,2356.4,17,5,1
9:24:05,2356.2,2356.2,2356.4,2,4,13
9:24:06,2356.4,2356.4,2356.6,25,28,4
9:24:06,2356.4,2356.4,2356.6,3,25,5
9:24:07,2356.4,2356.4,2356.6,1,26,5
9:24:07,2356.4,2356.4,2356.6,7,20,6
9:24:08,2356.6,2356.4,2356.8,16,13,20
9:24:08,2356.4,2356.4,2356.6,6,7,1
9:24:09,2356.4,2356.4,2356.6,6,2,5
9:24:09,2356.6,2356.4,2356.6,2,4,3
9:24:10,2356.6,2356.6,2356.8,8,4,22
9:24:10,2356.6,2356.6,2356.8,2,4,25
9:24:11,2356.6,2356.6,2356.8,3,2,25
9:24:11,2356.8,2356.6,2356.8,2,1,27
9:24:12,2356.4,2356.6,2356.8,10,3,56
9:24:12,2356.2,2356.6,2356.8,9,1,55
9:24:13,2356.6,2356.4,2356.6,14,1,6
9:24:14,2356.6,2356.2,2356.6,31,15,41
9:24:14,2356.2,2356.2,2356.4,3,11,10
9:24:15,2356.2,2356.2,2356.4,1,7,11
9:24:15,2356.4,2356.2,2356.4,6,6,9
9:24:16,2356.4,2356.2,2356.4,2,6,11
9:24:16,2356.4,2356.2,2356.4,1,11,10
9:24:17,2356.4,2356.2,2356.4,1,13,9
9:24:17,2356.2,2356.2,2356.4,2,17,9
9:24:18,2356.2,2356.2,2356.4,9,12,6
9:24:18,2356.4,2356.2,2356.4,1,14,7
9:24:19,2356.2,2356.2,2356.4,4,13,5
9:24:20,2356.4,2356.4,2356.6,5,15,48
9:24:20,2356.4,2356.4,2356.6,4,12,49
9:24:21,2356.6,2356.4,2356.6,3,12,47
9:24:21,2356.4,2356.4,2356.6,11,1,48
9:24:22,2356.4,2356.2,2356.4,1,17,9
9:24:22,2356.4,2356.2,2356.4,1,17,13
9:24:23,2356.2,2356.2,2356.4,1,26,14
9:24:23,2356.4,2356.2,2356.4,2,26,12
9:24:24,2356.2,2356.2,2356.4,5,24,11
9:24:24,2356.2,2356.2,2356.4,1,25,11
9:24:26,2356.2,2356.2,2356.4,3,27,15
9:24:26,2356.4,2356.2,2356.4,2,30,15
9:24:27,2356.2,2356.2,2356.4,4,26,15
9:24:28,2356.2,2356.2,2356.4,7,20,14
9:24:28,2356.2,2356.2,2356.4,1,20,15
9:24:29,2356.2,2356.2,2356.4,2,18,19
9:24:29,2356.2,2356,2356.2,17,83,13
9:24:30,2356,2356,2356.2,6,78,13
9:24:30,2356.2,2356,2356.2,3,76,14
9:24:31,2356,2356,2356.2,12,73,9
9:24:31,2356,2356,2356.2,25,48,9
9:24:32,2356.2,2356.2,2356.4,33,9,20
9:24:32,2356.2,2356.2,2356.4,7,3,20
9:24:33,2356.2,2356,2356.2,7,25,8
9:24:33,2356.2,2356,2356.2,7,26,2
9:24:34,2356,2356,2356.2,23,13,5
9:24:34,2356,2356,2356.2,12,3,6
9:24:35,2356,2356,2356.2,3,9,9
9:24:35,2356.2,2356,2356.2,4,10,16
9:24:36,2356,2356,2356.2,3,10,18
9:24:36,2356,2356,2356.2,2,8,18
9:24:37,2356,2355.8,2356,8,45,1
9:24:37,2356,2355.8,2356,2,45,2
9:24:38,2356,2355.8,2356,2,45,1
9:24:38,2355.8,2355.8,2356,3,42,1
9:24:39,2356,2356,2356.2,4,13,39
9:24:39,2356.2,2356,2356.2,8,9,35
9:24:40,2356,2356,2356.2,1,9,39
9:24:40,2356,2356,2356.2,5,7,40
9:24:41,2356,2356,2356.2,5,3,41
9:24:41,2356,2355.8,2356,3,45,3
9:24:42,2355.8,2355.8,2356,1,44,14
9:24:43,2355.8,2355.8,2356,5,43,13
9:24:43,2355.8,2355.8,2356,3,41,15
9:24:44,2355.8,2355.8,2356,5,36,14
9:24:44,2355.8,2355.8,2356,28,9,44
9:24:45,2356,2355.8,2356,2,9,42
9:24:45,2355.8,2355.8,2356,3,7,42
9:24:46,2355.8,2355.8,2356,5,2,42
9:24:46,2355.8,2355.6,2356,2,65,43
9:24:47,2355.8,2355.6,2355.8,2,84,20
9:24:48,2355.8,2355.6,2355.8,2,84,19
9:24:48,2355.6,2355.6,2355.8,50,48,8
9:24:49,2355.8,2355.6,2355.8,3,46,7
9:24:49,2355.8,2355.6,2355.8,33,17,8
9:24:50,2355.6,2355.6,2355.8,5,15,6
9:24:50,2355.8,2355.8,2356,8,17,75
9:24:51,2355.8,2355.8,2356,3,14,75
9:24:51,2355.8,2355.8,2356,1,13,75
9:24:52,2355.8,2355.8,2356,9,4,75
9:24:53,2355.8,2355.8,2356,1,3,87
9:24:54,2355.8,2355.8,2356,1,2,88
9:24:55,2355.8,2355.8,2356,1,2,88
9:24:55,2355.8,2355.8,2356,1,2,90
9:24:56,2356,2355.6,2356,7,23,89
9:24:56,2355.8,2355.6,2356,2,27,89
9:24:57,2355.6,2355.6,2355.8,3,28,11
9:24:57,2355.8,2355.6,2355.8,3,29,10
9:24:58,2355.8,2355.6,2355.8,3,27,18
9:24:58,2355.8,2355.6,2355.8,11,17,17
9:24:59,2355.6,2355.6,2355.8,10,6,20
9:24:59,2355.8,2355.6,2355.8,3,6,18
9:25:00,2355.6,2355.4,2355.6,7,83,1
9:25:00,2355.8,2355.4,2355.6,4,83,1
9:25:01,2355.6,2355.6,2355.8,7,3,13
9:25:01,2355.6,2355.6,2355.8,6,1,9
9:25:02,2355.6,2355.6,2355.8,3,4,15
9:25:02,2355.6,2355.4,2355.8,4,84,26
9:25:03,2355.4,2355.4,2355.8,3,89,27
9:25:03,2355.4,2355.4,2355.8,1,89,30
9:25:04,2355.4,2355.4,2355.8,6,88,31
9:25:04,2355.4,2355.4,2355.8,1,87,31
9:25:05,2355.4,2355.4,2355.6,4,86,1
9:25:05,2355.6,2355.4,2355.8,2,86,28
9:25:06,2355.6,2355.6,2355.8,1,1,31
9:25:06,2355.6,2355.4,2355.8,1,89,31
9:25:07,2355.4,2355.4,2355.8,2,91,32
9:25:07,2355.8,2355.4,2355.8,1,91,30
9:25:08,2355.8,2355.4,2355.8,2,92,32
9:25:09,2355.6,2355.4,2355.8,6,84,32
9:25:09,2355.8,2355.4,2355.8,1,86,32
9:25:10,2355.4,2355.4,2355.6,2,85,6
9:25:12,2355.6,2355.4,2355.8,18,89,24
9:25:12,2355.8,2355.6,2355.8,6,3,21
9:25:13,2355.6,2355.6,2355.8,1,7,23
9:25:13,2355.6,2355.6,2355.8,1,7,23
9:25:14,2355.6,2355.6,2355.8,1,31,23
9:25:15,2355.8,2355.6,2355.8,1,46,22
9:25:15,2355.8,2355.6,2355.8,3,46,21
9:25:16,2355.6,2355.6,2355.8,2,44,21
9:25:16,2355.8,2355.6,2355.8,2,43,20
9:25:17,2355.8,2355.6,2355.8,15,44,6
9:25:18,2355.6,2355.6,2356,7,44,87
9:25:19,2355.8,2355.6,2355.8,1,45,1
9:25:19,2355.8,2355.6,2356,1,46,86
9:25:20,2355.8,2355.6,2356,1,46,86
9:25:20,2355.8,2355.8,2356,5,16,86
9:25:21,2355.8,2355.8,2356,2,14,86
9:25:21,2355.8,2355.8,2356,1,15,87
9:25:22,2355.8,2355.8,2356,3,17,88
9:25:23,2356,2355.8,2356,17,16,72
9:25:24,2356,2355.8,2356,11,9,74
9:25:24,2356,2355.8,2356,6,11,68
9:25:25,2356,2355.8,2356,11,2,65
9:25:25,2356,2355.8,2356,2,1,63
9:25:26,2355.8,2355.6,2355.8,1,46,6
9:25:27,2355.8,2355.6,2355.8,1,46,16
9:25:27,2355.6,2355.6,2355.8,2,44,18
9:25:28,2355.8,2355.6,2355.8,2,44,16
9:25:29,2355.6,2355.6,2355.8,1,44,21
9:25:30,2355.6,2355.6,2355.8,37,8,33
9:25:31,2355.6,2355.6,2355.8,1,20,34
9:25:31,2355.6,2355.6,2355.8,2,18,41
9:25:32,2355.8,2355.6,2355.8,22,17,20
9:25:32,2355.6,2355.6,2355.8,7,10,20
9:25:33,2355.6,2355.6,2355.8,2,9,20
9:25:33,2355.6,2355.4,2355.6,9,101,27
9:25:34,2355.4,2355.4,2355.6,4,99,25
9:25:35,2355.4,2355.4,2355.6,4,95,27
9:25:35,2355.4,2355.4,2355.6,7,88,27
9:25:36,2355.4,2355.4,2355.6,7,82,26
9:25:36,2355.6,2355.4,2355.6,4,79,25
9:25:37,2355.4,2355.4,2355.6,3,79,23
9:25:37,2355.6,2355.4,2355.6,8,75,19
9:25:38,2355.4,2355.4,2355.6,2,76,18
9:25:38,2355.6,2355.4,2355.6,3,74,19
9:25:39,2355.4,2355.4,2355.6,7,72,14
9:25:40,2355.4,2355.4,2355.6,2,72,13
9:25:40,2355.6,2355.4,2355.6,1,71,12
9:25:41,2355.4,2355.4,2355.6,3,73,13
9:25:41,2355.4,2355.4,2355.6,1,72,15
9:25:42,2355.6,2355.4,2355.6,2,72,15
9:25:42,2355.6,2355.4,2355.6,2,72,14
9:25:43,2355.6,2355.4,2355.6,5,72,9
9:25:43,2355.6,2355.4,2355.6,1,74,9
9:25:44,2355.6,2355.4,2355.6,2,73,16
9:25:45,2355.6,2355.4,2355.6,3,72,15
9:25:45,2355.6,2355.4,2355.6,1,75,14
9:25:46,2355.6,2355.4,2355.6,3,76,20
9:25:46,2355.4,2355.4,2355.6,4,73,20
9:25:47,2355.4,2355.4,2355.6,4,72,20
9:25:47,2355.4,2355.4,2355.6,1,71,20
9:25:48,2355.6,2355.4,2355.6,1,71,15
9:25:49,2355.6,2355.4,2355.6,2,71,16
9:25:50,2355.4,2355.4,2355.6,2,71,18
9:25:50,2355.6,2355.4,2355.6,1,71,17
9:25:51,2355.6,2355.4,2355.6,2,69,17
9:25:51,2355.6,2355.4,2355.6,3,68,15
9:25:53,2355.4,2355.4,2355.6,2,67,17
9:25:53,2355.4,2355.4,2355.6,6,61,17
9:25:54,2355.6,2355.4,2355.6,1,61,23
9:25:55,2355.6,2355.4,2355.6,1,62,23
9:25:55,2355.6,2355.4,2355.6,5,59,21
9:25:56,2355.4,2355.4,2355.6,3,59,19
9:25:56,2355.4,2355.4,2355.6,7,52,20
9:25:57,2355.4,2355.4,2355.6,1,50,20
9:25:58,2355.6,2355.4,2355.6,1,50,19
9:25:59,2355.6,2355.4,2355.6,1,49,18
9:25:59,2355.4,2355.4,2355.6,1,48,18
9:26:00,2355.4,2355.4,2355.6,4,44,20
9:26:00,2355.6,2355.4,2355.6,2,44,40
9:26:01,2355.4,2355.4,2355.6,35,10,39
9:26:01,2355.4,2355.4,2355.6,8,4,37
9:26:02,2355.2,2355.2,2355.4,51,48,3
9:26:02,2355.2,2355.2,2355.4,7,43,1
9:26:03,2355.2,2355.4,2355.6,7,1,32
9:26:03,2355.6,2355.2,2355.6,19,22,29
9:26:04,2355.2,2355.2,2355.4,9,22,17
9:26:04,2355,2355,2355.2,51,68,3
9:26:05,2355.2,2355,2355.4,3,68,18
9:26:05,2355,2355,2355.2,13,83,4
9:26:06,2355,2355,2355.2,3,82,3
9:26:06,2355,2355,2355.4,13,74,8
9:26:07,2355,2355.2,2355.4,12,1,8
9:26:07,2355,2355,2355.4,4,70,8
9:26:08,2355.2,2355,2355.4,2,73,7
9:26:08,2355.2,2355.2,2355.4,2,4,11
9:26:09,2355.2,2355,2355.4,4,69,21
9:26:09,2355.2,2355.2,2355.4,3,1,23
9:26:10,2355.2,2355,2355.2,1,70,1
9:26:10,2355.2,2355,2355.4,1,69,24
9:26:11,2355.2,2355,2355.2,3,69,2
9:26:11,2355.2,2355.2,2355.4,4,2,26
9:26:12,2355.4,2355.2,2355.4,6,1,21
9:26:12,2355.4,2355.2,2355.4,2,6,22
9:26:13,2355.4,2355.2,2355.4,2,7,21
9:26:13,2355.2,2355.2,2355.4,2,17,28
9:26:14,2355.2,2355.2,2355.4,4,16,30
9:26:15,2355.2,2355.2,2355.4,3,13,30
9:26:16,2355.4,2355.2,2355.4,2,10,29
9:26:16,2355.4,2355.2,2355.4,3,9,29
9:26:17,2355.4,2355.2,2355.4,1,11,28
9:26:17,2355.2,2355.2,2355.4,6,5,29
9:26:18,2355,2355,2355.4,10,83,28
9:26:19,2355.4,2355,2355.4,10,83,21
9:26:19,2355.4,2355,2355.4,1,83,20
9:26:20,2355,2355,2355.4,1,82,20
9:26:20,2355.2,2355,2355.4,8,78,19
9:26:21,2355,2355,2355.2,2,77,1
9:26:21,2355.4,2355,2355.2,3,76,2
9:26:22,2355.2,2355,2355.4,5,76,17
9:26:22,2355.4,2355,2355.2,3,78,10
9:26:23,2355,2355,2355.2,6,78,5
9:26:23,2355,2355.2,2355.4,6,1,16
9:26:24,2355.4,2355,2355.4,2,79,16
9:26:24,2355,2355,2355.2,2,78,5
9:26:25,2355.2,2355.2,2355.4,5,1,20
9:26:25,2355.2,2355,2355.4,1,79,20
9:26:26,2355,2355,2355.4,20,65,25
9:26:26,2355.2,2355,2355.4,4,64,45
9:26:27,2355,2355,2355.2,9,55,1
9:26:27,2355.2,2355,2355.2,2,75,3
9:26:28,2355,2355,2355.2,10,65,17
9:26:28,2355.2,2355,2355.2,6,65,6
9:26:29,2355.2,2355,2355.2,5,63,3
9:26:29,2355,2355,2355.2,38,27,1
9:26:30,2355,2355,2355.2,3,24,1
9:26:30,2355.2,2355,2355.2,12,17,13
9:26:31,2355,2355,2355.2,2,15,21
9:26:31,2355,2355,2355.2,1,15,26
9:26:32,2355,2355,2355.2,6,10,26
9:26:32,2355,2355,2355.2,3,8,30
9:26:33,2355.2,2354.8,2355,13,91,15
9:26:33,2354.8,2354.8,2355,4,89,15
9:26:34,2355,2354.8,2355,12,92,10
9:26:34,2354.8,2354.8,2355,3,92,11
9:26:35,2355,2354.8,2355,10,83,10
9:26:35,2354.8,2354.8,2355,10,73,11
9:26:36,2355,2354.8,2355,6,70,14
9:26:37,2354.8,2354.8,2355,6,64,14
9:26:37,2354.8,2354.8,2355,15,49,14
9:26:38,2354.8,2354.8,2355,4,48,15
9:26:38,2355,2354.8,2355,1,48,16
9:26:39,2354.8,2354.8,2355,3,46,17
9:26:39,2355,2354.8,2355,1,46,17
9:26:40,2354.8,2354.8,2355,16,33,15
9:26:40,2354.8,2354.8,2355,1,32,18
9:26:41,2354.8,2354.8,2355,7,25,20
9:26:41,2354.8,2354.8,2355,23,2,20
9:26:42,2355,2354.6,2354.8,10,35,2
9:26:42,2354.8,2354.6,2354.8,2,35,4
9:26:43,2354.6,2354.6,2354.8,1,34,5
9:26:43,2354.8,2354.6,2354.8,6,40,6
9:26:44,2354.6,2354.6,2354.8,3,38,6
9:26:44,2354.6,2354.6,2354.8,6,32,8
9:26:45,2354.8,2354.6,2354.8,12,25,4
9:26:45,2354.8,2354.6,2354.8,2,24,3
9:26:46,2354.6,2354.6,2354.8,2,22,12
9:26:46,2354.8,2354.6,2354.8,20,17,4
9:26:47,2354.8,2354.6,2354.8,8,18,3
9:26:47,2354.6,2354.6,2354.8,16,3,3
9:26:48,2354.6,2354.6,2354.8,3,1,5
9:26:48,2354.6,2354.6,2354.8,2,70,5
9:26:49,2354.8,2354.6,2354.8,13,59,5
9:26:49,2354.8,2354.8,2355,8,14,39
9:26:50,2355,2354.8,2355,3,19,37
9:26:50,2354.8,2354.8,2355,1,20,37
9:26:51,2355,2354.8,2355,11,32,31
9:26:51,2354.8,2354.8,2355,6,45,30
9:26:52,2354.8,2354.8,2355,5,43,29
9:26:52,2355,2354.8,2355,6,36,25
9:26:53,2355,2354.8,2355,5,37,21
9:26:53,2355,2354.8,2355,2,35,19
9:26:54,2354.8,2354.8,2355,22,16,16
9:26:55,2354.8,2354.8,2355,2,14,16
9:26:55,2355,2354.8,2355,3,11,14
9:26:56,2355,2354.8,2355,2,7,13
9:26:56,2355,2354.8,2355,4,6,10
9:26:57,2355,2355,2355.2,11,9,27
9:26:57,2355,2355,2355.2,4,5,28
9:26:58,2355,2355,2355.2,1,4,28
9:26:58,2355,2354.8,2355,5,23,17
9:26:59,2355,2354.8,2355,1,24,16
9:26:59,2354.8,2354.8,2355,8,21,15
9:27:00,2355,2354.8,2355,1,21,24
9:27:00,2355,2354.8,2355,3,21,22
9:27:01,2355,2354.8,2355,1,38,24
9:27:01,2354.8,2354.8,2355,3,35,26
9:27:02,2354.8,2354.8,2355,6,39,27
9:27:03,2354.8,2354.8,2355,13,28,25
9:27:03,2355,2354.8,2355,5,27,38
9:27:04,2354.8,2354.8,2355,4,24,50
9:27:05,2354.8,2354.8,2355,1,25,55
9:27:05,2354.8,2354.8,2355,3,23,54
9:27:06,2355,2354.8,2355,5,22,51
9:27:06,2355,2354.8,2355,4,24,47
9:27:07,2355,2354.8,2355,1,25,46
9:27:07,2355,2354.8,2355,7,25,40
9:27:08,2355,2354.8,2355,1,25,41
9:27:09,2354.8,2354.8,2355,1,24,47
9:27:10,2354.8,2354.8,2355,4,25,44
9:27:10,2354.8,2354.8,2355,5,20,44
9:27:11,2354.8,2354.8,2355,1,28,45
9:27:12,2355,2354.8,2355,3,27,45
9:27:12,2354.8,2354.8,2355,2,27,44
9:27:13,2355,2354.8,2355,1,27,43
9:27:13,2355,2354.8,2355,7,27,38
9:27:14,2355,2354.8,2355,4,27,34
9:27:14,2355,2354.8,2355,1,28,34
9:27:15,2355,2354.8,2355,4,28,30
9:27:15,2355,2354.8,2355,6,30,24
9:27:16,2354.8,2354.8,2355,3,30,22
9:27:16,2354.8,2354.8,2355,5,28,19
9:27:17,2355,2354.8,2355,1,28,18
9:27:17,2354.8,2354.8,2355,10,18,20
9:27:18,2354.8,2354.8,2355,2,17,19
9:27:18,2355,2354.8,2355,1,18,18
9:27:19,2355,2354.8,2355,2,17,17
9:27:19,2355,2354.8,2355,2,18,15
9:27:20,2354.8,2354.8,2355,8,12,17
9:27:21,2355,2354.8,2355,1,12,18
9:27:21,2355,2354.8,2355,2,13,18
9:27:22,2355,2354.8,2355,3,12,18
9:27:22,2354.8,2354.8,2355,3,9,18
9:27:23,2355,2354.8,2355,4,11,14
9:27:24,2355,2354.8,2355,1,11,14
9:27:24,2355,2354.8,2355,1,11,13
9:27:25,2355,2354.8,2355,1,12,12
9:27:26,2354.8,2354.8,2355,10,5,9
9:27:27,2355,2354.8,2355,1,8,18
9:27:28,2355,2354.8,2355,12,9,12
9:27:29,2355,2354.8,2355,1,9,12
9:27:29,2354.8,2354.6,2354.8,12,97,8
9:27:30,2354.6,2354.6,2354.8,1,96,9
9:27:31,2354.6,2354.6,2354.8,6,91,11
9:27:32,2354.8,2354.6,2354.8,2,92,9
9:27:32,2354.8,2354.6,2354.8,7,92,3
9:27:33,2354.8,2354.6,2354.8,4,91,2
9:27:33,2354.8,2354.6,2355,6,89,19
9:27:34,2354.6,2354.6,2355,1,88,19
9:27:34,2355,2354.8,2355,3,1,17
9:27:37,2355,2354.8,2355,2,26,16
9:27:38,2354.8,2354.8,2355,2,26,16
9:27:38,2355,2354.8,2355,2,25,14
9:27:39,2354.8,2354.8,2355,5,21,15
9:27:39,2354.8,2354.8,2355,7,17,12
9:27:40,2354.8,2354.8,2355,3,14,12
9:27:40,2354.8,2354.8,2355,1,14,13
9:27:41,2354.8,2354.8,2355,1,17,17
9:27:42,2354.8,2354.8,2355,1,17,18
9:27:43,2354.8,2354.6,2354.8,17,88,37
9:27:43,2354.8,2354.6,2354.8,3,88,35
9:27:44,2354.6,2354.6,2354.8,13,85,25
9:27:45,2354.8,2354.6,2354.8,9,84,16
9:27:45,2354.8,2354.6,2354.8,1,84,15
9:27:46,2354.8,2354.6,2354.8,9,86,7
9:27:47,2354.6,2354.6,2354.8,2,84,7
9:27:47,2354.6,2354.6,2354.8,3,83,7
9:27:48,2354.8,2354.6,2354.8,3,81,6
9:27:48,2354.8,2354.6,2354.8,2,81,5
9:27:49,2354.8,2354.6,2354.8,1,81,16
9:27:49,2354.6,2354.6,2354.8,1,80,19
9:27:50,2354.6,2354.6,2354.8,1,83,20
9:27:51,2354.8,2354.6,2354.8,3,82,18
9:27:51,2354.6,2354.6,2354.8,12,71,18
9:27:52,2354.6,2354.6,2354.8,1,71,18
9:27:52,2354.6,2354.6,2354.8,1,70,24
9:27:53,2354.6,2354.6,2354.8,2,68,24
9:27:53,2354.8,2354.6,2354.8,1,68,25
9:27:54,2354.6,2354.6,2354.8,1,69,28
9:27:54,2354.8,2354.6,2354.8,5,68,25
9:27:55,2354.8,2354.6,2354.8,2,68,24
9:27:55,2354.6,2354.6,2354.8,3,65,26
9:27:56,2354.6,2354.6,2354.8,5,60,25
9:27:56,2354.8,2354.6,2354.8,9,58,21
9:27:57,2354.8,2354.6,2354.8,1,58,20
9:27:57,2354.8,2354.6,2354.8,29,29,19
9:27:58,2354.6,2354.6,2354.8,26,4,19
9:27:58,2354.6,2354.4,2354.6,4,35,3
9:27:59,2354.6,2354.4,2354.8,3,35,16
9:27:59,2354.4,2354.4,2354.8,4,33,16
9:28:00,2354.4,2354.6,2354.8,3,34,16
9:28:00,2354.4,2354.6,2354.8,2,32,16
9:28:01,2354.8,2354.6,2354.8,1,33,11
9:28:01,2354.6,2354.6,2354.8,11,25,10
9:28:02,2354.6,2354.6,2354.8,8,20,9
9:28:03,2354.8,2354.6,2354.8,5,20,3
9:28:03,2354.6,2354.6,2354.8,3,21,2
9:28:04,2354.6,2354.6,2354.8,4,52,2
9:28:04,2354.8,2354.8,2355,6,2,31
9:28:05,2354.8,2354.8,2355,1,1,30
9:28:06,2354.8,2354.8,2355,2,43,30
9:28:06,2354.8,2354.8,2355,2,45,31
9:28:07,2355,2354.8,2355,7,41,29
9:28:08,2355,2354.8,2355,2,42,27
9:28:08,2355,2354.8,2355,2,43,25
9:28:09,2355,2354.8,2355,2,43,23
9:28:09,2355,2354.8,2355,1,46,22
9:28:10,2355,2354.8,2355,1,46,22
9:28:10,2354.8,2354.8,2355,31,16,31
9:28:11,2355,2354.8,2355,8,10,29
9:28:11,2355,2354.8,2355,2,10,28
9:28:12,2354.8,2354.8,2355,4,11,26
9:28:12,2355,2355,2355.2,27,8,26
9:28:13,2355,2355,2355.2,7,5,24
9:28:14,2355.2,2355.2,2355.4,25,9,47
9:28:14,2355.2,2355.2,2355.4,4,6,46
9:28:15,2355.4,2355.2,2355.4,2,5,45
9:28:15,2355.4,2355.2,2355.4,4,7,43
9:28:16,2355.4,2355.2,2355.4,28,7,15
9:28:16,2355.4,2355.2,2355.4,7,7,9
9:28:17,2355.2,2355.2,2355.4,5,12,5
9:28:17,2355.4,2355.4,2355.6,5,6,42
9:28:18,2355.4,2355.4,2355.6,1,6,42
9:28:19,2355.4,2355.4,2355.6,1,16,43
9:28:19,2355.4,2355.4,2355.6,3,15,41
9:28:20,2355.6,2355.4,2355.6,4,15,41
9:28:20,2355.6,2355.4,2355.6,7,11,37
9:28:21,2355.6,2355.4,2355.6,1,11,37
9:28:21,2355.6,2355.4,2355.6,9,30,29
9:28:22,2355.6,2355.4,2355.6,6,30,23
9:28:22,2355.6,2355.4,2355.6,1,30,22
9:28:23,2355.4,2355.2,2355.4,34,14,3
9:28:23,2355.2,2355.2,2355.4,1,13,3
9:28:24,2355.4,2355.2,2355.4,1,13,4
9:28:25,2355.4,2355.2,2355.4,3,12,2
9:28:25,2355.2,2355.2,2355.4,4,8,9
9:28:27,2355.4,2355.2,2355.4,8,8,2
9:28:27,2355.4,2355.2,2355.4,1,8,5
9:28:28,2355.2,2355.2,2355.4,1,7,5
9:28:29,2355.2,2355.2,2355.4,2,5,5
9:28:30,2355.4,2355.2,2355.4,1,6,6
9:28:31,2355.4,2355.2,2355.4,7,3,3
9:28:33,2355.2,2355.2,2355.4,1,2,21
9:28:34,2355.4,2355.2,2355.4,10,3,14
9:28:35,2355.2,2355.2,2355.4,7,2,12
9:28:36,2355.4,2355,2355.4,12,29,4
9:28:36,2355.4,2355,2355.2,2,32,1
9:28:37,2355.4,2355,2355.4,1,32,2
9:28:38,2355.4,2355.2,2355.4,3,1,4
9:28:38,2355.2,2355.2,2355.4,1,7,4
9:28:39,2355.4,2355.2,2355.4,3,5,4
9:28:39,2355.2,2355.2,2355.4,6,2,6
9:28:40,2355.2,2355.2,2355.4,2,1,5
9:28:40,2355.4,2355.2,2355.4,3,5,3
9:28:41,2355.2,2355,2355.2,6,32,6
9:28:42,2355.2,2355,2355.2,1,33,5
9:28:42,2355.2,2355,2355.2,4,33,1
9:28:44,2355,2355,2355.2,1,33,1
9:28:44,2355.2,2355,2355.4,1,34,35
9:28:46,2355.2,2355.2,2355.4,1,5,42
9:28:46,2355.2,2355.2,2355.4,3,2,43
9:28:47,2355.2,2355,2355.2,3,37,2
9:28:48,2355.2,2355,2355.4,3,39,44
9:28:49,2355.2,2355,2355.4,1,39,44
9:28:49,2355,2355,2355.4,1,38,45
9:28:50,2355.2,2355,2355.4,2,43,45
9:28:51,2355.4,2355,2355.4,1,44,46
9:28:51,2355,2355.2,2355.4,7,1,47
9:28:52,2355.4,2355,2355.4,2,39,46
9:28:53,2355.4,2355,2355.4,1,39,46
9:28:54,2355.4,2355.2,2355.4,1,2,46
9:28:55,2355,2355,2355.4,4,41,45
9:28:56,2355.2,2355.2,2355.4,1,9,45
9:28:56,2355.2,2355.2,2355.4,5,4,45
9:28:57,2355.4,2355.2,2355.4,4,3,43
9:28:58,2355.2,2355.2,2355.4,2,10,44
9:28:58,2355.4,2355.2,2355.4,2,9,44
9:28:59,2355.4,2355.2,2355.4,30,10,24
9:28:59,2355.4,2355.2,2355.4,1,19,13
9:29:00,2355.4,2355.4,2355.6,26,13,34
9:29:00,2355.4,2355.4,2355.6,10,47,32
9:29:01,2355.6,2355.4,2355.6,4,46,29
9:29:02,2355.6,2355.4,2355.6,6,43,27
9:29:02,2355.6,2355.4,2355.6,3,46,24
9:29:03,2355.4,2355.4,2355.6,1,46,24
9:29:04,2355.6,2355.4,2355.6,4,46,21
9:29:04,2355.4,2355.4,2355.6,2,44,22
9:29:05,2355.4,2355.4,2355.6,3,45,20
9:29:06,2355.4,2355.4,2355.6,6,42,17
9:29:06,2355.6,2355.4,2355.6,10,42,8
9:29:07,2355.6,2355.4,2355.6,2,42,12
9:29:07,2355.6,2355.4,2355.6,4,43,8
9:29:08,2355.6,2355.4,2355.6,6,42,5
9:29:08,2355.4,2355.4,2355.6,1,41,6
9:29:09,2355.6,2355.4,2355.8,7,38,93
9:29:09,2355.6,2355.4,2355.8,1,43,93
9:29:10,2355.6,2355.4,2355.8,2,44,93
9:29:11,2355.6,2355.4,2355.6,2,43,3
9:29:12,2355.6,2355.4,2355.6,1,43,16
9:29:12,2355.6,2355.4,2355.6,10,43,12
9:29:13,2355.8,2355.4,2355.8,24,43,85
9:29:13,2355.6,2355.6,2355.8,4,1,82
9:29:14,2355.8,2355.6,2355.8,17,2,65
9:29:14,2355.6,2355.6,2355.8,11,1,55
9:29:15,2355.8,2355.6,2355.8,17,1,52
9:29:15,2355.8,2355.4,2355.8,19,33,44
9:29:16,2355.8,2355.4,2355.8,2,33,49
9:29:16,2355.8,2355.4,2355.8,5,33,47
9:29:17,2355.6,2355.4,2355.6,7,33,9
9:29:17,2355.6,2355.4,2355.6,7,33,2
9:29:18,2355.6,2355.6,2355.8,2,1,46
9:29:18,2355.6,2355.6,2355.8,2,1,45
9:29:20,2355.6,2355.4,2355.6,2,35,18
9:29:21,2355.6,2355.4,2355.6,5,39,13
9:29:23,2355.6,2355.4,2355.6,4,37,33
9:29:23,2355.6,2355.4,2355.6,27,18,26
9:29:24,2355.4,2355.4,2355.6,3,17,24
9:29:24,2355.8,2355.4,2355.6,65,17,1
9:29:26,2355.6,2355.4,2355.6,3,16,4
9:29:26,2355.6,2355.4,2355.6,2,16,2
9:29:27,2355.6,2355.4,2355.6,1,16,1
9:29:29,2355.4,2355.4,2355.6,2,14,23
9:29:29,2355.6,2355.4,2355.6,1,14,22
9:29:30,2355.6,2355.4,2355.6,2,15,20
9:29:31,2355.6,2355.4,2355.6,1,15,34
9:29:33,2355.4,2355.4,2355.6,1,13,35
9:29:34,2355.6,2355.4,2355.6,3,13,33
9:29:34,2355.4,2355.4,2355.6,1,12,33
9:29:35,2355.4,2355.4,2355.6,1,11,34
9:29:35,2355.6,2355.4,2355.6,18,11,18
9:29:37,2355.4,2355.4,2355.6,10,8,19
9:29:38,2355.4,2355.4,2355.6,1,7,19
9:29:38,2355.6,2355.4,2355.6,1,8,21
9:29:39,2355.6,2355.4,2355.6,1,11,20
9:29:39,2355.6,2355.4,2355.6,1,10,19
9:29:41,2355.4,2355.4,2355.6,5,5,22
9:29:41,2355.6,2355.4,2355.6,2,5,20
9:29:42,2355.6,2355.4,2355.6,1,5,19
9:29:42,2355.4,2355.4,2355.6,2,4,19
9:29:43,2355.6,2355.4,2355.6,1,3,29
9:29:44,2355.6,2355.4,2355.6,1,4,34
9:29:44,2355.4,2355.4,2355.6,2,2,34
9:29:45,2355.4,2355.2,2355.6,3,18,39
9:29:46,2355.6,2355.2,2355.6,1,18,38
9:29:47,2355.2,2355.2,2355.6,1,18,47
9:29:48,2355.6,2355.2,2355.6,1,19,48
9:29:49,2355.2,2355.2,2355.4,6,18,7
9:29:49,2355.2,2355.2,2355.4,9,10,13
9:29:50,2355.4,2355.2,2355.4,9,8,12
9:29:50,2355.2,2355.2,2355.4,1,8,13
9:29:51,2355.4,2355.2,2355.4,11,8,2
9:29:51,2355.2,2355.2,2355.4,3,6,2
9:29:52,2355.2,2355.2,2355.4,1,9,3
9:29:53,2355.4,2355.2,2355.4,1,9,4
9:29:53,2355.4,2355.2,2355.4,5,9,1
9:29:54,2355.2,2355.2,2355.6,2,9,31
9:29:54,2355.2,2355.2,2355.6,1,8,32
9:29:55,2355.4,2355.2,2355.6,1,9,32
9:29:56,2355.6,2355.4,2355.6,1,1,36
9:29:57,2355.4,2355.2,2355.6,1,26,35
9:29:58,2355.6,2355.2,2355.6,1,27,35
9:29:59,2355.6,2355.4,2355.6,2,1,36
9:30:00,2355.2,2355.2,2355.4,2,28,1
9:30:00,2355.4,2355.2,2355.4,22,12,9
9:30:01,2355.4,2355.2,2355.4,3,12,7
9:30:02,2355.2,2355.2,2355.4,5,11,4
9:30:03,2355.2,2355.2,2355.4,3,8,3
9:30:03,2355.2,2355.2,2355.4,1,9,3
9:30:04,2355.2,2355.2,2355.4,5,4,18
9:30:04,2355.4,2355,2355.2,7,135,1
9:30:05,2355.2,2355.2,2355.4,2,1,16
9:30:06,2355.2,2355,2355.4,3,138,18
9:30:07,2355,2355,2355.4,2,136,18
9:30:07,2355,2355,2355.2,3,133,2
9:30:08,2355,2355,2355.2,1,132,2
9:30:08,2355,2355,2355.2,6,126,3
9:30:09,2355,2355,2355.2,11,117,1
9:30:09,2355,2355,2355.2,4,114,1
9:30:10,2355,2355,2355.4,8,110,15
9:30:10,2355,2355,2355.2,1,109,2
9:30:11,2355,2355,2355.2,3,107,2
9:30:12,2355.2,2355,2355.2,14,94,1
9:30:12,2355,2355,2355.2,20,75,4
9:30:13,2355,2355,2355.2,22,53,10
9:30:13,2355,2355,2355.2,29,24,16
9:30:14,2355,2355,2355.2,4,23,14
9:30:15,2355.2,2355,2355.2,5,19,13
9:30:15,2355,2354.8,2355,19,39,11
9:30:16,2354.8,2354.8,2355,2,38,14
9:30:17,2354.8,2354.8,2355,24,15,14
9:30:17,2355,2354.8,2355,14,5,11
9:30:18,2354.8,2354.8,2355,5,2,9
9:30:18,2354.8,2354.6,2355,2,23,11
9:30:19,2354.6,2354.8,2355,3,6,12
9:30:20,2354.6,2354.4,2354.8,29,51,3
9:30:20,2354.4,2354.4,2354.6,5,49,1
9:30:21,2354.8,2354.4,2354.8,12,46,5
9:30:21,2354.8,2354.4,2354.8,11,43,5
9:30:22,2354.4,2354.6,2354.8,21,2,6
9:30:22,2354.6,2354.6,2354.8,8,5,6
9:30:23,2354.6,2354.4,2354.8,11,14,2
9:30:23,2354.8,2354.8,2355,3,29,15
9:30:24,2354.8,2354.8,2355,1,41,15
9:30:24,2354.8,2354.8,2355,1,40,15
9:30:25,2355,2355,2355.2,18,21,18
9:30:25,2355,2355,2355.2,5,19,23
9:30:26,2355,2355,2355.2,8,12,23
9:30:26,2355,2355,2355.2,1,11,23
9:30:27,2355.2,2355.2,2355.4,25,17,24
9:30:28,2355.2,2355.2,2355.4,1,20,22
9:30:28,2355.2,2355.2,2355.4,5,28,21
9:30:29,2355.2,2355.2,2355.4,2,26,21
9:30:30,2355.4,2355.2,2355.4,13,26,9
9:30:30,2355.2,2355.2,2355.4,1,25,10
9:30:31,2355.2,2355.2,2355.4,10,20,8
9:30:31,2355.2,2355.2,2355.4,15,11,4
9:30:32,2355.2,2355.2,2355.4,4,7,4
9:30:32,2355.6,2355.2,2355.4,5,6,6
9:30:33,2355.2,2355,2355.4,6,19,6
9:30:33,2355.4,2355,2355.4,2,19,4
9:30:34,2355.4,2355,2355.4,3,19,1
9:30:34,2355.4,2355.2,2355.4,1,4,2
9:30:35,2355.2,2355.2,2355.4,2,7,10
9:30:35,2355,2355,2355.4,21,13,14
9:30:36,2355.4,2355,2355.4,12,3,13
9:30:37,2355.2,2355,2355.4,7,3,13
9:30:37,2354.6,2354.6,2355,10,18,1
9:30:38,2355,2354.6,2355.2,15,8,1
9:30:38,2355.2,2355,2355.2,2,3,4
9:30:39,2355.2,2355,2355.2,7,2,5
9:30:40,2355,2355,2355.2,1,3,6
9:30:42,2354.6,2354.6,2355.2,22,11,3
9:30:42,2354.6,2354.6,2355,11,6,1
9:30:43,2354.6,2354.8,2355,1,2,1
9:30:44,2355,2354.8,2355.2,4,2,7
9:30:44,2355.2,2354.8,2355.2,5,4,4
9:30:45,2354.8,2354.8,2355,1,5,1
9:30:45,2355,2354.8,2355.2,2,4,5
9:30:46,2354.4,2354.4,2354.8,20,27,1
9:30:46,2354.8,2354.6,2355,1,1,1
9:30:47,2354.6,2354.6,2355,10,16,7
9:30:47,2355,2354.6,2355,15,9,3
9:30:48,2355,2355,2355.2,4,18,8
9:30:48,2354.8,2354.8,2355,20,1,2
9:30:49,2354.8,2354.6,2354.8,4,51,1
9:30:49,2355,2354.6,2355,3,52,1
9:30:51,2355,2354.8,2355,3,27,2
9:30:52,2355,2354.8,2355.2,2,21,12
9:30:52,2354.8,2355,2355.2,1,1,13
9:30:53,2354.8,2354.8,2355.2,3,20,14
9:30:54,2355,2355,2355.2,3,7,13
9:30:55,2355,2355,2355.2,1,6,12
9:30:55,2355,2355,2355.2,1,5,14
9:30:56,2355,2354.8,2355,5,23,2
9:30:56,2355,2354.8,2355.2,4,23,13
9:30:57,2354.8,2355,2355.2,1,1,13
9:30:58,2355,2355,2355.2,4,1,13
9:30:58,2355,2354.8,2355.2,2,21,12
9:31:00,2355.2,2354.8,2355.2,1,21,13
9:31:00,2355,2354.8,2355,6,16,3
9:31:01,2355.2,2354.8,2355.2,17,10,6
9:31:01,2355,2354.8,2355.2,1,15,9
9:31:02,2355,2354.8,2355.2,12,14,10
9:31:02,2355.2,2355,2355.2,2,1,8
9:31:03,2354.8,2354.6,2354.8,18,59,2
9:31:03,2354.8,2354.6,2354.8,1,60,1
9:31:04,2354.8,2354.6,2355,1,60,2
9:31:04,2355,2354.6,2355,1,60,1
9:31:05,2355,2354.8,2355,1,2,6
9:31:05,2355,2354.8,2355,2,2,4
9:31:06,2354.8,2354.6,2355,2,63,4
9:31:06,2354.6,2354.6,2355,2,64,4
9:31:07,2355,2354.8,2355,1,1,3
9:31:07,2354.6,2354.6,2355,2,63,4
9:31:08,2354.6,2354.6,2355,2,63,6
9:31:08,2355,2354.8,2355,2,1,5
9:31:09,2355,2354.6,2355,11,69,4
9:31:09,2355,2354.6,2355,5,69,3
9:31:10,2354.6,2354.6,2355,2,68,2
9:31:11,2354.8,2354.6,2355,1,69,9
9:31:11,2355,2354.6,2355,1,69,10
9:31:12,2354.6,2354.6,2355,18,53,12
9:31:13,2354.8,2354.6,2355,3,39,14
9:31:14,2354.8,2354.6,2354.8,2,38,5
9:31:14,2354.8,2354.6,2354.8,1,38,4
9:31:15,2354.8,2354.6,2354.8,2,39,10
9:31:16,2354.8,2354.6,2354.8,4,39,9
9:31:17,2354.6,2354.6,2354.8,3,38,6
9:31:18,2354.8,2354.6,2354.8,5,39,2
9:31:18,2354.8,2354.6,2354.8,1,42,2
9:31:19,2354.8,2354.6,2354.8,3,52,3
9:31:19,2354.6,2354.6,2354.8,3,50,3
9:31:20,2354.6,2354.6,2354.8,3,48,1
9:31:21,2354.6,2354.6,2354.8,3,45,1
9:31:21,2354.8,2354.6,2355,1,45,22
9:31:22,2354.6,2354.6,2355,5,44,19
9:31:22,2354.6,2354.6,2355,1,44,19
9:31:23,2354.8,2354.8,2355,7,3,17
9:31:23,2355,2354.8,2355,2,2,16
9:31:24,2355,2354.8,2355,1,2,14
9:31:24,2354.8,2354.6,2355,3,46,13
9:31:26,2354.6,2354.6,2355,5,45,13
9:31:26,2354.8,2354.8,2355,1,1,13
9:31:27,2354.8,2354.6,2354.8,2,45,1
9:31:27,2354.6,2354.6,2354.8,2,55,2
9:31:28,2354.8,2354.8,2355,3,27,32
9:31:29,2354.8,2354.8,2355,2,25,33
9:31:29,2354.8,2354.8,2355,4,22,33
9:31:30,2355,2354.8,2355,10,29,24
9:31:30,2354.8,2354.8,2355,1,28,25
9:31:31,2355,2354.8,2355,1,30,24
9:31:31,2354.8,2354.8,2355,2,29,24
9:31:32,2355,2354.8,2355,2,29,25
9:31:32,2354.8,2354.8,2355,1,28,25
9:31:33,2354.8,2354.8,2355,3,41,24
9:31:34,2355,2354.8,2355,2,44,27
9:31:35,2354.8,2354.8,2355,3,44,27
9:31:35,2354.8,2354.8,2355,1,43,27
9:31:36,2354.8,2354.8,2355,1,42,28
9:31:36,2355,2354.8,2355,5,37,27
9:31:37,2354.8,2354.8,2355,1,36,27
9:31:37,2355,2354.8,2355,1,36,26
9:31:38,2354.8,2354.8,2355,5,29,26
9:31:39,2355,2354.8,2355,2,30,25
9:31:39,2355,2354.8,2355,2,40,25
9:31:40,2355,2354.8,2355,1,40,24
9:31:40,2355,2354.8,2355,1,40,23
9:31:41,2354.8,2354.8,2355,5,35,23
9:31:41,2355,2354.8,2355,4,46,20
9:31:42,2355.2,2354.8,2355,21,46,1
9:31:42,2355,2355,2355.2,1,2,20
9:31:43,2355,2355,2355.2,3,4,20
9:31:44,2354.8,2354.8,2355.2,14,36,20
9:31:44,2355.2,2354.8,2355,1,35,1
9:31:45,2355.2,2355,2355.2,14,1,10
9:31:46,2355,2355,2355.2,8,3,12
9:31:46,2355.2,2355,2355.2,2,7,11
9:31:47,2355.2,2355,2355.4,12,8,30
9:31:47,2355.4,2355.2,2355.4,3,2,28
9:31:48,2355.4,2355.2,2355.4,3,4,27
9:31:49,2355.4,2355.2,2355.4,2,11,24
9:31:49,2355.4,2355.2,2355.4,1,11,22
9:31:50,2355.4,2355.2,2355.4,2,10,21
9:31:50,2355.2,2355.2,2355.4,4,6,22
9:31:51,2355.4,2355.2,2355.4,17,6,5
9:31:51,2355.4,2355.2,2355.6,5,6,64
9:31:52,2355.4,2355.4,2355.6,1,10,63
9:31:53,2355.6,2355.4,2355.6,1,10,61
9:31:53,2355.6,2355.4,2355.6,1,14,60
9:31:54,2355.4,2355.4,2355.6,1,14,60
9:31:54,2355.6,2355.4,2355.6,7,15,54
9:31:55,2355.4,2355.4,2355.6,6,14,49
9:31:55,2355.4,2355.4,2355.6,2,13,48
9:31:56,2355.6,2355.4,2355.6,19,14,29
9:31:56,2355.6,2355.4,2355.6,3,13,26
9:31:57,2355.4,2355.2,2355.4,15,15,16
9:31:57,2355.4,2355.2,2355.4,4,22,12
9:31:58,2355.4,2355.2,2355.4,7,23,18
9:31:58,2355.4,2355.4,2355.6,21,31,26
9:31:59,2355.4,2355.4,2355.6,4,29,25
9:32:00,2355.6,2355.4,2355.6,2,34,39
9:32:00,2355.6,2355.4,2355.6,10,31,32
9:32:01,2355.6,2355.4,2355.6,3,31,19
9:32:01,2355.6,2355.4,2355.6,5,30,16
9:32:02,2355.6,2355.4,2355.6,7,29,11
9:32:02,2355.6,2355.4,2355.6,3,27,10
9:32:03,2355.4,2355.4,2355.6,3,27,20
9:32:03,2355.6,2355.4,2355.6,4,27,16
9:32:04,2355.6,2355.4,2355.6,13,26,5
9:32:04,2355.6,2355.4,2355.6,2,26,4
9:32:05,2355.6,2355.4,2355.6,1,26,4
9:32:05,2355.6,2355.4,2355.6,5,24,2
9:32:06,2355.4,2355.4,2355.6,3,22,4
9:32:06,2355.4,2355.4,2355.6,2,21,4
9:32:07,2355.6,2355.4,2355.6,3,20,1
9:32:07,2355.4,2355.4,2355.6,8,14,1
9:32:08,2355.6,2355.6,2355.8,1,2,49
9:32:08,2355.6,2355.6,2355.8,6,1,50
9:32:09,2355.6,2355.6,2355.8,6,45,50
9:32:09,2355.6,2355.6,2355.8,5,40,50
9:32:10,2355.6,2355.6,2355.8,4,39,52
9:32:10,2355.6,2355.6,2355.8,36,3,51
9:32:11,2355.6,2355.4,2355.6,8,13,4
9:32:11,2355.6,2355.4,2355.6,3,13,2
9:32:12,2355.6,2355.4,2355.6,2,13,5
9:32:12,2355.6,2355.4,2355.8,5,13,47
9:32:13,2355.6,2355.6,2355.8,7,6,48
9:32:13,2355.6,2355.6,2355.8,1,17,51
9:32:14,2355.6,2355.6,2355.8,40,17,21
9:32:14,2355.8,2355.6,2355.8,10,18,14
9:32:15,2355.8,2355.8,2356,14,18,116
9:32:15,2355.8,2355.8,2356,13,17,106
9:32:16,2356,2355.8,2356,5,19,104
9:32:16,2356,2355.8,2356,24,19,81
9:32:17,2356,2355.8,2356,35,19,47
9:32:17,2356,2355.8,2356,8,19,39
9:32:18,2356,2355.8,2356,17,19,23
9:32:18,2356,2355.8,2356,14,16,12
9:32:19,2355.8,2355.8,2356,23,16,5
9:32:19,2356.2,2356,2356.2,9,7,64
9:32:20,2356,2356,2356.2,20,4,54
9:32:20,2356.2,2356,2356.2,14,2,48
9:32:21,2356,2356,2356.2,2,7,47
9:32:21,2356,2356,2356.2,5,10,45
9:32:22,2356.2,2356,2356.2,8,11,38
9:32:22,2356,2356,2356.2,10,14,32
9:32:23,2356.2,2356,2356.2,13,14,22
9:32:23,2356.2,2356,2356.2,8,14,32
9:32:24,2356,2356,2356.2,6,14,29
9:32:24,2356.2,2356,2356.2,9,13,21
9:32:25,2356.2,2356,2356.2,13,17,9
9:32:25,2356.2,2356.2,2356.4,12,3,24
9:32:26,2356.2,2356.2,2356.4,5,3,24
9:32:26,2356.4,2356,2356.2,4,20,5
9:32:27,2356.2,2356,2356.2,20,19,44
9:32:27,2356.2,2356,2356.2,28,9,31
9:32:28,2356.2,2356,2356.2,23,7,13
9:32:28,2356,2356,2356.2,9,2,8
9:32:29,2356,2356,2356.2,6,1,4
9:32:29,2356,2356,2356.2,1,1,8
9:32:30,2356.2,2356,2356.2,5,4,6
9:32:30,2356.2,2356,2356.2,8,2,1
9:32:31,2356,2355.8,2356,3,22,6
9:32:31,2356,2355.8,2356,6,23,1
9:32:32,2356,2355.8,2356,1,23,1
9:32:32,2355.8,2355.8,2356,4,23,10
9:32:33,2356,2356,2356.2,10,12,13
9:32:33,2356,2356,2356.2,1,13,22
9:32:34,2356,2356,2356.2,3,34,21
9:32:34,2356,2356,2356.2,6,31,20
9:32:35,2356,2356,2356.2,6,26,12
9:32:35,2356.2,2356,2356.2,4,26,10
9:32:36,2356,2356,2356.2,14,15,17
9:32:36,2356.2,2356,2356.2,5,13,15
9:32:37,2356.2,2356,2356.2,5,10,13
9:32:37,2356.2,2356,2356.2,6,8,11
9:32:38,2356.2,2356,2356.2,4,6,12
9:32:38,2356.2,2356,2356.2,2,7,11
9:32:39,2356,2356,2356.2,1,7,11
9:32:39,2356.2,2356,2356.2,7,3,30
9:32:40,2356.2,2356,2356.2,29,2,12
9:32:40,2356,2355.8,2356.2,2,26,12
9:32:41,2356.2,2356,2356.2,7,2,9
9:32:41,2356.2,2356,2356.2,2,2,18
9:32:42,2356,2356,2356.2,4,4,22
9:32:42,2356.2,2355.8,2356.2,28,27,1
9:32:43,2356,2356,2356.4,2,1,49
9:32:43,2356.4,2356,2356.4,17,5,46
9:32:44,2356.4,2356,2356.2,5,7,2
9:32:44,2356.2,2356,2356.2,12,29,3
9:32:45,2356.2,2356.2,2356.4,9,1,47
9:32:45,2356.4,2356,2356.4,11,28,46
9:32:46,2356.4,2356,2356.4,6,28,41
9:32:46,2356.4,2356,2356.2,1,29,2
9:32:47,2356.4,2356.2,2356.4,9,1,37
9:32:47,2356.4,2356.2,2356.4,3,10,36
9:32:48,2356.4,2356.2,2356.4,7,12,29
9:32:48,2356.4,2356.2,2356.4,9,10,31
9:32:49,2356.6,2356.4,2356.6,42,4,72
9:32:49,2356.4,2356.4,2356.6,8,5,67
9:32:50,2356.4,2356.2,2356.4,12,35,4
9:32:50,2356.6,2356.4,2356.6,5,2,61
9:32:51,2356.6,2356.4,2356.6,5,5,59
9:32:51,2356.6,2356.4,2356.6,44,1,25
9:32:52,2356.4,2356.4,2356.6,6,3,23
9:32:52,2356.6,2356.4,2356.6,9,9,17
9:32:53,2356.6,2356.4,2356.6,11,19,14
9:32:53,2356.6,2356.4,2356.6,2,19,13
9:32:54,2356.6,2356.4,2356.6,1,18,14
9:32:54,2356.6,2356.4,2356.6,6,3,12
9:32:55,2356.6,2356.2,2356.4,19,46,1
9:32:55,2356.6,2356.2,2356.4,4,47,3
9:32:56,2356.6,2356.4,2356.6,7,2,19
9:32:56,2356.6,2356.4,2356.6,5,10,14
9:32:57,2356.4,2356.4,2356.6,2,11,16
9:32:57,2356.6,2356.4,2356.6,2,13,21
9:32:58,2356.6,2356.4,2356.6,7,26,87
9:32:58,2356.6,2356.4,2356.6,10,31,77
9:32:59,2356.4,2356.2,2356.4,42,49,30
9:32:59,2356.4,2356.2,2356.4,46,9,31
9:33:00,2356.2,2356,2356.4,17,61,33
9:33:00,2356.4,2356.2,2356.4,21,4,14
9:33:01,2356.2,2356.2,2356.6,45,3,65
9:33:01,2356.4,2356.4,2356.6,36,11,51
9:33:02,2356.4,2356.4,2356.6,14,10,56
9:33:02,2356.4,2356.4,2356.6,2,8,55
9:33:03,2356.4,2356.4,2356.6,6,7,52
9:33:03,2356.4,2356.2,2356.4,10,25,10
9:33:04,2356.2,2356.2,2356.4,6,23,13
9:33:04,2356.2,2356.2,2356.4,29,20,8
9:33:05,2356.6,2356.2,2356.6,33,18,36
9:33:05,2356.2,2356.2,2356.4,3,17,6
9:33:06,2356.2,2356.2,2356.4,3,16,7
9:33:06,2356.2,2356.2,2356.4,1,15,8
9:33:07,2356.4,2356.2,2356.4,2,17,6
9:33:07,2356.4,2356.2,2356.6,7,17,49
9:33:08,2356.4,2356.2,2356.6,2,17,50
9:33:08,2356.4,2356.2,2356.4,2,29,2
9:33:09,2356.2,2356.2,2356.4,12,18,1
9:33:09,2356.6,2356.2,2356.6,12,13,38
9:33:10,2356.6,2356.2,2356.6,6,11,37
9:33:10,2356.6,2356.2,2356.4,2,25,1
9:33:11,2356.2,2356.2,2356.6,3,22,39
9:33:11,2356.2,2356.4,2356.6,6,1,38
9:33:12,2356.4,2356.4,2356.6,5,3,34
9:33:12,2356.6,2356.4,2356.6,2,3,35
9:33:13,2356.4,2356.4,2356.6,2,1,39
9:33:13,2356.4,2356.2,2356.4,4,23,1
9:33:14,2356.4,2356.2,2356.6,3,23,70
9:33:14,2356.4,2356.4,2356.6,10,1,65
9:33:15,2356.6,2356.2,2356.6,7,22,61
9:33:15,2356.2,2356.2,2356.6,3,21,60
9:33:16,2356.6,2356.2,2356.6,8,22,53
9:33:16,2356.6,2356.4,2356.6,11,1,46
9:33:17,2356.4,2356.2,2356.6,7,23,44
9:33:17,2356.6,2356.2,2356.6,3,24,43
9:33:18,2356.2,2356.2,2356.4,3,27,6
9:33:18,2356.4,2356.2,2356.4,8,28,3
9:33:19,2356.2,2356.4,2356.6,6,3,45
9:33:19,2356.2,2356.2,2356.4,8,20,2
9:33:20,2356.2,2356.2,2356.6,36,16,56
9:33:20,2356.2,2356.2,2356.4,16,4,1
9:33:21,2356.2,2356.2,2356.6,3,3,59
9:33:21,2356,2356.2,2356.4,7,1,13
9:33:22,2356.4,2356,2356.2,12,59,2
9:33:23,2356.2,2356,2356.2,2,58,1
9:33:23,2356,2356,2356.2,12,45,2
9:33:24,2356,2356,2356.2,2,47,1
9:33:24,2356,2356,2356.2,45,12,29
9:33:25,2356,2356,2356.2,5,10,28
9:33:25,2356,2355.8,2356,11,28,10
9:33:26,2355.8,2355.8,2356,3,27,8
9:33:26,2355.8,2355.8,2356,8,20,8
9:33:27,2356,2355.8,2356,15,13,5
9:33:27,2355.8,2355.8,2356,4,10,25
9:33:28,2355.8,2355.8,2356,5,6,36
9:33:28,2355.8,2355.6,2355.8,10,30,3
9:33:29,2355.8,2355.6,2355.8,5,28,1
9:33:29,2356,2355.6,2356,3,28,43
9:33:30,2355.6,2355.6,2355.8,9,20,1
9:33:30,2355.8,2355.8,2356,5,3,43
9:33:31,2355.8,2355.8,2356,2,2,44
9:33:31,2356,2355.6,2356,5,18,41
9:33:32,2356,2355.6,2356,32,18,10
9:33:32,2356,2355.8,2356,1,1,4
9:33:33,2356,2355.8,2356,1,4,4
9:33:33,2356,2355.8,2356,24,3,4
9:33:34,2355.8,2355.8,2356,2,3,6
9:33:34,2356,2355.8,2356,2,3,7
9:33:35,2355.8,2355.6,2355.8,14,5,12
9:33:35,2355.6,2355.6,2355.8,3,4,11
9:33:36,2355.6,2355.6,2355.8,1,4,11
9:33:37,2355.6,2355.6,2355.8,5,12,8
9:33:37,2355.6,2355.6,2355.8,1,12,10
9:33:38,2355.6,2355.6,2355.8,3,10,9
9:33:38,2355.8,2355.6,2355.8,10,9,5
9:33:39,2355.8,2355.6,2355.8,5,11,2
9:33:40,2355.6,2355.4,2355.6,15,36,1
9:33:40,2355.4,2355.4,2355.8,5,35,2
9:33:41,2355.8,2355.6,2355.8,2,2,2
9:33:41,2355.6,2355.6,2355.8,5,1,2
9:33:42,2355.8,2355.6,2356,6,1,8
9:33:43,2355.8,2355.6,2356,2,20,8
9:33:43,2355.8,2355.8,2356,1,1,9
9:33:44,2355.8,2355.6,2355.8,1,22,1
9:33:44,2355.8,2355.8,2356,3,1,9
9:33:45,2355.8,2355.8,2356,1,1,9
9:33:45,2355.6,2355.6,2355.8,2,22,10
9:33:46,2355.8,2355.6,2355.8,1,23,10
9:33:46,2355.8,2355.6,2355.8,7,23,5
9:33:47,2355.6,2355.6,2355.8,2,22,17
9:33:47,2355.8,2355.6,2355.8,19,24,1
9:33:48,2355.8,2355.8,2356,7,12,18
9:33:48,2355.8,2355.8,2356,1,11,29
9:33:49,2355.8,2355.6,2356,1,29,30
9:33:50,2356,2355.8,2356,11,1,19
9:33:51,2355.8,2355.8,2356,1,1,20
9:33:51,2356,2355.8,2356,1,2,19
9:33:52,2356,2355.8,2356,1,2,18
9:33:53,2355.8,2355.6,2356,4,30,19
9:33:54,2355.8,2355.8,2356,3,1,20
9:33:54,2356,2355.8,2356,3,11,19
9:33:55,2355.8,2355.6,2355.8,3,31,1
9:33:56,2355.6,2355.6,2356,8,32,19
9:33:56,2355.8,2355.6,2356,2,37,22
9:33:57,2356,2355.8,2356,7,1,15
9:33:57,2356,2356,2356.2,17,2,36
9:33:58,2355.6,2355.8,2356.2,4,1,36
9:33:58,2355.6,2355.8,2356.2,5,9,35
9:33:59,2356,2355.8,2356,5,8,1
9:33:59,2355.8,2355.8,2356,3,5,3
9:34:00,2355.8,2355.8,2356,9,3,1
9:34:00,2356,2355.8,2356,3,2,1
9:34:01,2355.8,2355.8,2356,3,2,5
9:34:01,2355.8,2355.8,2356,2,1,6
9:34:02,2356,2355.8,2356,2,1,14
9:34:02,2356,2355.8,2356,3,1,26
9:34:03,2356,2355.6,2356,8,40,27
9:34:03,2356,2355.6,2356,1,41,26
9:34:04,2356,2355.8,2356,13,1,16
9:34:04,2355.8,2355.8,2356,2,1,19
9:34:05,2355.8,2355.8,2356,5,1,16
9:34:05,2356,2355.6,2356.2,17,42,39
9:34:06,2356,2356,2356.2,2,19,39
9:34:07,2356,2356,2356.2,1,21,39
9:34:08,2356,2356,2356.2,1,20,39
9:34:08,2356,2356,2356.2,14,17,28
9:34:09,2356,2356,2356.2,1,17,28
9:34:09,2356,2356,2356.2,10,7,28
9:34:11,2356,2356,2356.2,1,11,20
9:34:11,2356.2,2356,2356.2,4,13,20
9:34:12,2356,2356,2356.2,11,3,19
9:34:12,2356.2,2356,2356.2,1,3,19
9:34:13,2356.2,2356,2356.2,4,3,16
9:34:13,2356,2356,2356.2,1,4,16
9:34:14,2356.2,2356,2356.2,1,4,17
9:34:14,2355.6,2355.6,2355.8,19,55,1
9:34:15,2355.8,2355.6,2355.8,7,52,4
9:34:15,2355.8,2355.8,2356,4,1,1
9:34:16,2356,2355.8,2356,2,3,10
9:34:16,2356,2355.8,2356,6,2,7
9:34:17,2356,2355.8,2356,3,2,4
9:34:18,2356,2355.8,2356,3,14,1
9:34:18,2356,2356,2356.2,2,1,27
9:34:19,2356.2,2356,2356.2,1,2,28
9:34:20,2356.2,2356,2356.2,1,3,30
9:34:21,2356.2,2356,2356.2,2,3,28
9:34:21,2356,2356,2356.2,3,3,27
9:34:22,2356.2,2356,2356.2,12,3,16
9:34:22,2356,2356,2356.2,3,3,16
9:34:23,2355.8,2355.8,2356.2,6,15,17
9:34:23,2356,2355.8,2356.2,2,21,16
9:34:25,2356,2356,2356.2,2,12,22
9:34:25,2356.2,2356,2356.2,3,12,20
9:34:26,2356.2,2356,2356.2,5,12,17
9:34:27,2356,2356,2356.2,2,13,17
9:34:27,2356.2,2356.2,2356.4,16,7,78
9:34:28,2356.2,2356.2,2356.4,9,2,75
9:34:28,2356.4,2356.2,2356.4,2,14,72
9:34:29,2356.2,2356.2,2356.4,11,10,67
9:34:29,2356.2,2356,2356.4,10,7,67
9:34:30,2356.2,2356,2356.2,1,8,7
9:34:30,2356.2,2356,2356.2,1,10,6
9:34:31,2356.2,2356.2,2356.4,6,3,68
9:34:32,2356.4,2356.2,2356.4,2,44,68
9:34:33,2356.2,2356.2,2356.4,1,44,79
9:34:33,2356.2,2356.2,2356.4,17,35,83
9:34:34,2356.4,2356.2,2356.4,27,14,78
9:34:35,2356.2,2356.2,2356.4,2,13,80
9:34:35,2356.2,2356.2,2356.4,23,4,67
9:34:36,2356.4,2356.2,2356.4,1,4,67
9:34:36,2356.4,2356.2,2356.4,2,4,65
9:34:37,2356.2,2356,2356.2,5,29,5
9:34:37,2356,2356,2356.2,2,49,5
9:34:38,2356.2,2356,2356.4,6,48,66
9:34:38,2356.4,2356.2,2356.4,24,1,64
9:34:39,2356.4,2356,2356.4,5,29,63
9:34:39,2356.4,2356,2356.4,1,33,64
9:34:40,2356.4,2356.2,2356.4,5,42,61
9:34:41,2356.4,2356.2,2356.4,3,44,59
9:34:41,2356.2,2356.2,2356.4,1,43,60
9:34:42,2356.4,2356.2,2356.4,12,46,48
9:34:42,2356.4,2356.2,2356.4,3,45,47
9:34:43,2356.4,2356.2,2356.4,21,52,27
9:34:43,2356.4,2356.4,2356.6,28,12,101
9:34:44,2356.4,2356.4,2356.6,2,31,102
9:34:44,2356.4,2356.4,2356.6,2,37,102
9:34:45,2356.6,2356.4,2356.6,2,37,101
9:34:45,2356.6,2356.4,2356.6,3,36,98
9:34:46,2356.4,2356.4,2356.6,5,62,94
9:34:46,2356.6,2356.4,2356.6,9,60,91
9:34:47,2356.4,2356.4,2356.6,5,59,89
9:34:47,2356.6,2356.4,2356.6,4,67,86
9:34:48,2356.6,2356.4,2356.6,9,68,78
9:34:48,2356.6,2356.4,2356.6,12,62,76
9:34:49,2356.6,2356.4,2356.6,4,62,72
9:34:49,2356.4,2356.4,2356.6,13,63,66
9:34:50,2356.6,2356.4,2356.6,3,68,65
9:34:50,2356.4,2356.4,2356.6,6,67,60
9:34:51,2356.4,2356.4,2356.6,5,64,59
9:34:51,2356.4,2356.4,2356.6,13,63,47
9:34:52,2356.6,2356.4,2356.6,37,68,10
9:34:52,2356.6,2356.6,2356.8,11,1,72
9:34:53,2356.6,2356.4,2356.8,9,75,67
9:34:53,2356.6,2356.6,2356.8,7,8,60
9:34:54,2356.8,2356.6,2356.8,6,9,54
9:34:54,2356.8,2356.6,2356.8,33,12,28
9:34:55,2356.8,2356.6,2356.8,28,28,2
9:34:55,2357,2356.8,2357,22,26,85
9:34:56,2357,2356.8,2357,42,25,52
9:34:56,2357,2356.8,2357,44,34,17
9:34:57,2357.2,2357,2357.2,25,51,20
9:34:57,2357.4,2357.2,2357.4,32,2,65
9:34:58,2357.2,2357,2357.4,44,55,48
9:34:58,2357.2,2357,2357.2,34,51,18
9:34:59,2357,2357,2357.2,76,46,3
9:34:59,2357,2357,2357.2,13,36,15
9:35:00,2357.2,2357,2357.2,21,34,48
9:35:00,2357,2357,2357.2,75,11,18
9:35:01,2357.2,2357,2357.4,49,46,13
9:35:01,2357,2357,2357.2,88,3,9
9:35:02,2357.6,2357.2,2357.6,31,6,29
9:35:02,2357.2,2357.2,2357.4,19,9,9
9:35:03,2357.2,2357.2,2357.4,38,9,1
9:35:03,2357.4,2357.4,2357.6,16,6,16
9:35:04,2357.6,2357.4,2357.6,13,2,32
9:35:04,2357.6,2357.2,2357.4,17,13,1
9:35:05,2357.4,2357.4,2357.8,29,7,157
9:35:05,2357.8,2357.4,2357.8,18,1,162
9:35:06,2357.4,2357.2,2357.4,43,33,3
9:35:06,2357.4,2357.2,2357.4,46,19,3
9:35:07,2357.4,2357.4,2357.8,11,19,134
9:35:07,2357.8,2357.4,2357.6,23,26,9
9:35:08,2357.6,2357.4,2357.6,6,50,20
9:35:08,2357.6,2357.4,2357.6,17,43,13
9:35:09,2357.6,2357.4,2357.6,22,28,28
9:35:09,2357.4,2357.4,2357.6,22,14,48
9:35:10,2357.4,2357.4,2357.6,13,13,40
9:35:10,2357.4,2357.2,2357.6,24,29,33
9:35:11,2357.6,2357.2,2357.4,10,29,6
9:35:11,2357.4,2357.2,2357.6,14,27,28
9:35:12,2357.2,2357.4,2357.6,3,2,28
9:35:12,2357.6,2357.2,2357.4,10,29,1
9:35:13,2357.2,2357.2,2357.4,50,36,1
9:35:13,2357.2,2357.2,2357.4,29,26,3
9:35:14,2357.4,2357.4,2357.6,15,10,2
9:35:14,2357.4,2357.4,2357.6,4,12,3
9:35:15,2357.4,2357.4,2357.6,22,9,3
9:35:15,2357.4,2357.2,2357.4,25,23,35
9:35:16,2357.4,2357.2,2357.4,22,42,27
9:35:16,2357.4,2357.2,2357.4,4,40,25
9:35:17,2357.2,2357.2,2357.4,3,40,30
9:35:17,2357.4,2357.2,2357.4,15,32,25
9:35:18,2357.4,2357.2,2357.4,8,33,22
9:35:18,2357.2,2357.2,2357.4,4,43,28
9:35:19,2357.2,2357.2,2357.4,11,40,21
9:35:19,2357.2,2357.2,2357.4,3,40,20
9:35:20,2357.2,2357.2,2357.4,9,38,16
9:35:20,2357.2,2357.2,2357.4,11,34,10
9:35:21,2357.4,2357.4,2357.6,14,8,65
9:35:21,2357.6,2357.2,2357.4,15,42,6
9:35:22,2357.6,2357.2,2357.4,8,46,1
9:35:22,2357.2,2357.2,2357.6,6,40,69
9:35:23,2357.6,2357.2,2357.6,34,10,68
9:35:23,2357.6,2357.2,2357.6,2,11,67
9:35:24,2357.4,2357.2,2357.4,2,35,58
9:35:24,2357.2,2357.2,2357.4,11,34,51
9:35:25,2357.2,2357.2,2357.4,6,32,59
9:35:25,2357.2,2357.2,2357.4,21,20,51
9:35:26,2357.2,2357.2,2357.4,32,12,30
9:35:26,2357.2,2357.2,2357.4,18,20,7
9:35:27,2357.2,2357.2,2357.4,15,15,4
9:35:27,2357.4,2357.4,2357.6,20,3,83
9:35:28,2357,2357,2357.4,36,38,46
9:35:28,2357,2357.2,2357.4,5,6,46
9:35:29,2357.2,2357.2,2357.4,16,7,52
9:35:29,2357.4,2357.2,2357.4,24,2,31
9:35:30,2357.2,2357,2357.2,9,38,15
9:35:30,2357.4,2357.2,2357.4,20,18,18
9:35:31,2357.2,2357.2,2357.4,7,19,15
9:35:31,2357.2,2357.2,2357.4,15,18,3
9:35:32,2357.2,2357.2,2357.6,9,25,81
9:35:32,2357.2,2357.2,2357.4,5,24,24
9:35:33,2357.2,2357.2,2357.4,11,17,22
9:35:33,2357.2,2357.2,2357.4,8,25,20
9:35:34,2357.2,2357.2,2357.4,10,17,29
9:35:34,2357.2,2357,2357.2,29,54,3
9:35:35,2357.2,2357.2,2357.4,10,1,31
9:35:35,2357.2,2357.2,2357.4,17,1,23
9:35:36,2357.2,2357,2357.2,6,53,3
9:35:36,2357.2,2357,2357.2,1,53,7
9:35:37,2357,2357,2357.2,7,51,5
9:35:37,2357,2357,2357.2,41,15,1
9:35:38,2357.2,2357,2357.2,7,20,6
9:35:38,2357,2357,2357.2,12,8,6
9:35:39,2357,2357,2357.2,5,7,6
9:35:39,2357,2357.2,2357.4,11,2,57
9:35:40,2357,2356.8,2357,5,41,3
9:35:40,2357.2,2356.8,2357.2,17,40,21
9:35:41,2356.8,2357,2357.2,3,1,21
9:35:41,2357,2357,2357.2,8,4,20
9:35:42,2357,2357,2357.2,5,7,18
9:35:42,2357.2,2357,2357.2,5,11,14
9:35:43,2357,2357,2357.2,9,6,13
9:35:43,2357,2357,2357.2,7,5,13
9:35:44,2356.8,2356.8,2357,7,35,4
9:35:45,2357,2357,2357.2,20,11,19
9:35:45,2357,2356.8,2357,17,25,26
9:35:46,2356.8,2356.8,2357,5,43,29
9:35:46,2356.8,2356.8,2357,3,43,27
9:35:47,2356.8,2356.8,2357,11,33,27
9:35:47,2357,2357,2357.2,29,7,38
9:35:48,2357,2356.8,2357,23,22,3
9:35:48,2356.8,2356.8,2357,6,18,3
9:35:49,2357,2357,2357.2,12,1,48
9:35:49,2357.2,2357,2357.2,4,1,49
9:35:50,2357,2356.8,2357,4,11,27
9:35:51,2356.8,2356.8,2357,3,11,27
9:35:52,2356.8,2356.8,2357,3,10,27
9:35:52,2357,2356.8,2357,1,11,77
9:35:53,2356.8,2356.8,2357,2,20,77
9:35:53,2356.8,2356.8,2357,13,2,77
9:35:54,2356.8,2356.6,2356.8,3,52,18
9:35:54,2356.8,2356.6,2356.8,8,52,22
9:35:55,2356.8,2356.6,2357,31,52,86
9:35:55,2356.6,2356.8,2357,40,2,86
9:35:56,2357,2356.6,2357,5,14,86
9:35:56,2356.8,2356.6,2356.8,9,8,3
9:35:57,2356.6,2356.6,2356.8,6,13,6
9:35:57,2356.6,2356.6,2356.8,14,2,15
9:35:58,2356.4,2356.4,2356.6,8,115,5
9:35:58,2356.6,2356.4,2356.6,3,114,3
9:35:59,2356.8,2356.4,2356.8,8,112,61
9:35:59,2356.6,2356.4,2356.6,12,105,1
9:36:00,2356.6,2356.4,2356.8,2,104,53
9:36:00,2356.8,2356.6,2356.8,5,8,53
9:36:01,2356.8,2356.6,2356.8,30,12,24
9:36:01,2356.8,2356.6,2356.8,12,16,16
9:36:02,2356.8,2356.6,2356.8,2,16,21
9:36:02,2356.8,2356.6,2356.8,1,16,21
9:36:03,2356.8,2356.6,2356.8,3,14,20
9:36:03,2356.8,2356.8,2357,21,47,91
9:36:04,2356.8,2356.8,2357,1,47,91
9:36:04,2356.8,2356.8,2357,22,33,90
9:36:05,2357,2356.8,2357,1,33,89
9:36:05,2356.8,2356.8,2357,21,12,90
9:36:06,2356.8,2356.6,2356.8,16,38,5
9:36:06,2356.8,2356.6,2356.8,4,38,1
9:36:07,2356.8,2356.8,2357,4,12,90
9:36:07,2357,2356.8,2357,17,72,77
9:36:08,2356.8,2356.8,2357,24,53,76
9:36:08,2356.8,2356.8,2357,1,53,79
9:36:09,2357,2356.8,2357,9,55,71
9:36:09,2356.8,2356.8,2357,40,17,70
9:36:10,2356.8,2356.8,2357,2,17,84
9:36:10,2357,2356.8,2357,2,17,82
9:36:11,2356.8,2356.8,2357,1,16,84
9:36:11,2356.8,2356.6,2356.8,19,51,18
9:36:12,2356.6,2356.6,2356.8,1,50,19
9:36:13,2356.6,2356.6,2356.8,6,46,21
9:36:13,2356.8,2356.6,2356.8,13,35,22
9:36:14,2356.8,2356.6,2356.8,5,32,46
9:36:14,2356.6,2356.6,2356.8,6,28,47
9:36:15,2356.6,2356.6,2356.8,9,26,45
9:36:15,2356.6,2356.6,2356.8,4,37,44
9:36:16,2356.8,2356.6,2356.8,10,31,41
9:36:16,2356.6,2356.6,2356.8,17,19,38
9:36:17,2356.6,2356.6,2356.8,13,9,60
9:36:17,2356.6,2356.6,2356.8,12,2,59
9:36:18,2356.6,2356.4,2356.6,11,129,1
9:36:18,2356.4,2356.4,2356.8,8,124,49
9:36:19,2356.4,2356.4,2356.6,7,124,7
9:36:19,2356.6,2356.4,2356.6,9,123,31
9:36:20,2356.6,2356.4,2356.6,6,117,31
9:36:20,2356.4,2356.4,2356.6,10,115,24
9:36:21,2356.4,2356.4,2356.6,51,79,14
9:36:22,2356.6,2356.4,2356.6,6,74,26
9:36:22,2356.4,2356.4,2356.6,22,53,27
9:36:23,2356.6,2356.4,2356.6,21,35,26
9:36:23,2356.4,2356.4,2356.6,4,30,16
9:36:24,2356.6,2356.4,2356.6,3,31,20
9:36:24,2356.4,2356.4,2356.6,4,28,20
9:36:25,2356.4,2356.4,2356.6,4,26,27
9:36:25,2356.4,2356.4,2356.6,4,23,32
9:36:26,2356.4,2356.4,2356.6,1,23,31
9:36:26,2356.4,2356.4,2356.6,3,22,32
9:36:27,2356.4,2356.4,2356.6,1,21,33
9:36:27,2356.2,2356.2,2356.4,35,127,2
9:36:28,2356.4,2356.2,2356.4,12,124,9
9:36:28,2356.2,2356.2,2356.4,2,121,12
9:36:29,2356.4,2356.2,2356.4,2,121,11
9:36:29,2356.2,2356.2,2356.4,36,89,9
9:36:30,2356.2,2356.2,2356.4,3,85,10
9:36:30,2356.2,2356.2,2356.4,53,34,10
9:36:31,2356.2,2356.2,2356.4,19,17,9
9:36:31,2356.2,2356,2356.2,20,76,5
9:36:32,2356,2356,2356.2,20,59,10
9:36:33,2356,2356,2356.2,2,57,9
9:36:33,2356.2,2356,2356.2,6,52,8
9:36:34,2356.2,2356,2356.2,4,52,5
9:36:34,2356.2,2356,2356.2,24,40,6
9:36:35,2356.2,2356,2356.2,7,33,6
9:36:35,2356.2,2356.2,2356.4,6,1,13
9:36:36,2356,2356.2,2356.4,5,1,10
9:36:36,2356.2,2356.2,2356.4,4,3,7
9:36:37,2356.4,2356.2,2356.4,26,12,5
9:36:37,2356.2,2356.2,2356.4,7,10,2
9:36:38,2356.2,2356.2,2356.6,8,4,32
9:36:38,2356.2,2356.4,2356.6,3,3,34
9:36:39,2356.4,2356.2,2356.4,3,8,13
9:36:40,2356.2,2356.2,2356.4,4,10,11
9:36:41,2356.4,2356.4,2356.6,13,21,44
9:36:41,2356.6,2356.4,2356.6,9,19,38
9:36:42,2356.4,2356.4,2356.6,9,20,37
9:36:42,2356.6,2356.4,2356.6,2,20,39
9:36:43,2356.4,2356.4,2356.6,2,19,39
9:36:43,2356.4,2356.4,2356.6,1,18,38
9:36:44,2356.6,2356.4,2356.6,7,12,36
9:36:44,2356.4,2356.4,2356.6,1,13,36
9:36:45,2356.4,2356.4,2356.6,1,12,36
9:36:45,2356.4,2356.4,2356.6,1,12,36
9:36:46,2356.6,2356.4,2356.6,2,6,34
9:36:46,2356.6,2356.4,2356.6,2,6,32
9:36:47,2356.4,2356.4,2356.6,3,3,33
9:36:47,2356.4,2356.4,2356.6,2,1,36
9:36:48,2356.6,2356.4,2356.6,2,1,36
9:36:48,2356.6,2356.4,2356.6,7,1,33
9:36:49,2356.6,2356.4,2356.6,3,4,30
9:36:50,2356.4,2356.4,2356.6,1,23,30
9:36:50,2356.4,2356.4,2356.6,2,23,33
9:36:51,2356.6,2356.4,2356.6,1,34,35
9:36:52,2356.6,2356.4,2356.6,2,34,38
9:36:52,2356.6,2356.4,2356.6,1,34,37
9:36:53,2356.4,2356.4,2356.6,1,34,37
9:36:53,2356.6,2356.4,2356.6,2,35,35
9:36:54,2356.6,2356.4,2356.6,4,34,32
9:36:54,2356.6,2356.4,2356.6,1,34,31
9:36:55,2356.6,2356.4,2356.6,3,33,30
9:36:55,2356.4,2356.4,2356.6,22,32,15
9:36:56,2356.6,2356.4,2356.6,6,36,10
9:36:56,2356.6,2356.4,2356.6,1,36,9
9:36:57,2356.6,2356.4,2356.6,3,36,6
9:36:57,2356.6,2356.4,2356.6,4,36,23
9:36:58,2356.6,2356.4,2356.6,3,37,20
9:36:58,2356.4,2356.4,2356.6,1,36,21
9:36:59,2356.6,2356.4,2356.6,1,37,20
9:36:59,2356.6,2356.4,2356.6,13,37,7
9:37:00,2356.6,2356.4,2356.6,2,40,5
9:37:00,2356.6,2356.4,2356.6,1,40,4
9:37:01,2356.6,2356.6,2356.8,12,7,27
9:37:01,2356.6,2356.6,2356.8,2,5,27
9:37:02,2356.4,2356.4,2356.8,18,37,26
9:37:02,2356.8,2356.8,2357,45,53,56
9:37:03,2356.8,2356.8,2357,6,48,56
9:37:03,2357,2356.8,2357,3,47,53
9:37:04,2356.8,2356.8,2357,3,46,51
9:37:04,2357,2356.8,2357,4,44,49
9:37:05,2357,2356.8,2357,16,45,33
9:37:05,2356.8,2356.8,2357,3,47,32
9:37:06,2357,2356.8,2357,12,48,21
9:37:06,2357,2356.8,2357,13,47,9
9:37:07,2356.8,2356.8,2357,2,46,8
9:37:07,2356.8,2356.8,2357,7,45,2
9:37:08,2357,2356.8,2357.2,2,46,32
9:37:09,2357.2,2357,2357.2,1,4,31
9:37:09,2356.8,2356.8,2357.2,14,45,22
9:37:10,2357,2356.8,2357,9,44,7
9:37:10,2357,2356.8,2357,1,8,8
9:37:11,2356.8,2356.8,2357,1,8,10
9:37:11,2357,2356.8,2357,7,7,10
9:37:12,2356.8,2356.8,2357,4,5,9
9:37:13,2356.8,2356.8,2357,1,4,23
9:37:13,2357,2356.6,2357,11,14,19
9:37:14,2356.6,2356.6,2357,7,10,18
9:37:14,2356.6,2356.6,2356.8,16,4,6
9:37:15,2356.6,2356.4,2356.6,6,36,12
9:37:15,2356.6,2356.4,2356.6,3,36,16
9:37:16,2356.6,2356.4,2356.6,13,25,15
9:37:16,2356.6,2356.4,2356.6,3,25,17
9:37:17,2356.6,2356.4,2356.6,3,25,14
9:37:17,2356.4,2356.2,2356.4,38,30,42
9:37:18,2356.2,2356.2,2356.4,35,1,40
9:37:18,2356.2,2356,2356.2,6,96,4
9:37:19,2356.4,2356.2,2356.4,18,2,62
9:37:19,2356.4,2356.2,2356.4,4,1,53
9:37:20,2356.2,2356,2356.2,1,90,2
9:37:20,2356.2,2356,2356.4,3,91,32
9:37:21,2356,2356,2356.2,19,76,2
9:37:21,2356.2,2356,2356.4,2,74,36
9:37:22,2356,2356,2356.4,6,73,33
9:37:23,2356,2356,2356.2,12,63,5
9:37:23,2356,2356,2356.2,16,49,3
9:37:24,2356,2356,2356.2,22,29,8
9:37:25,2356.2,2356,2356.2,7,28,2
9:37:25,2356,2356,2356.2,15,14,1
9:37:26,2356,2356,2356.2,15,10,21
9:37:27,2356,2356,2356.2,4,23,24
9:37:27,2356,2356,2356.2,12,15,21
9:37:28,2356,2356,2356.2,3,13,21
9:37:28,2356.2,2356,2356.2,10,8,16
9:37:29,2356.2,2356,2356.2,13,5,11
9:37:29,2356,2356,2356.2,4,3,11
9:37:30,2356,2355.8,2356.2,3,45,12
9:37:30,2355.8,2356,2356.2,6,1,12
9:37:31,2356.2,2356,2356.2,7,4,9
9:37:31,2356,2356,2356.2,5,10,8
9:37:32,2356,2355.8,2356,27,45,1
9:37:32,2356,2355.8,2356,3,44,1
9:37:33,2356,2355.8,2356.2,13,32,3
9:37:33,2355.8,2355.8,2356.2,2,30,5
9:37:34,2356,2356,2356.2,3,1,9
9:37:34,2356,2356,2356.2,5,4,5
9:37:35,2356,2356,2356.2,5,2,5
9:37:35,2356,2356,2356.2,2,8,6
9:37:36,2356,2356,2356.2,6,3,8
9:37:36,2356,2356,2356.2,2,2,12
9:37:37,2356,2356,2356.2,1,1,12
9:37:37,2356,2355.8,2356.2,3,67,12
9:37:38,2356,2355.8,2356,1,67,6
9:37:38,2356,2355.8,2356,1,67,25
9:37:39,2356,2355.8,2356,3,68,43
9:37:39,2356,2355.8,2356,2,68,41
9:37:40,2355.8,2355.8,2356,5,65,39
9:37:40,2356,2355.8,2356,7,65,35
9:37:41,2355.8,2355.8,2356,5,63,52
9:37:41,2355.8,2355.8,2356,18,48,51
9:37:42,2356,2355.8,2356,44,7,49
9:37:42,2355.8,2355.6,2355.8,8,72,6
9:37:43,2355.8,2355.6,2355.8,2,72,5
9:37:43,2355.6,2355.6,2355.8,2,71,5
9:37:44,2355.6,2355.6,2355.8,8,65,4
9:37:44,2355.6,2355.6,2355.8,7,62,2
9:37:45,2355.6,2355.6,2355.8,37,26,6
9:37:45,2355.6,2355.6,2355.8,8,20,5
9:37:46,2355.8,2355.6,2355.8,14,10,18
9:37:46,2355.6,2355.4,2355.6,16,75,12
9:37:47,2355.6,2355.4,2355.6,1,76,18
9:37:47,2355.6,2355.4,2355.6,7,103,14
9:37:48,2355.6,2355.4,2355.6,23,94,1
9:37:48,2355.6,2355.4,2355.8,8,90,22
9:37:49,2355.4,2355.6,2355.8,11,35,21
9:37:49,2355.6,2355.6,2355.8,8,30,12
9:37:50,2355.6,2355.6,2355.8,12,32,9
9:37:50,2355.8,2355.6,2355.8,5,32,7
9:37:51,2355.6,2355.6,2355.8,4,49,5
9:37:51,2355.6,2355.6,2355.8,9,40,7
9:37:52,2355.8,2355.6,2355.8,6,37,6
9:37:52,2355.8,2355.6,2355.8,5,33,7
9:37:53,2355.8,2355.6,2355.8,2,35,6
9:37:53,2355.8,2355.6,2355.8,3,106,4
9:37:54,2355.6,2355.6,2355.8,24,118,10
9:37:54,2355.6,2355.6,2355.8,4,119,8
9:37:55,2355.8,2355.6,2355.8,6,134,5
9:37:55,2355.8,2355.8,2356,9,1,41
9:37:56,2356,2355.8,2356,11,6,30
9:37:56,2355.8,2355.8,2356,1,30,31
9:37:57,2355.8,2355.8,2356,6,27,31
9:37:57,2355.8,2355.8,2356,1,28,31
9:37:58,2356,2355.8,2356,10,28,24
9:37:58,2355.8,2355.8,2356,1,52,27
9:37:59,2356,2355.8,2356,5,55,23
9:37:59,2355.8,2355.8,2356,14,48,20
9:38:00,2355.8,2355.8,2356,23,29,17
9:38:00,2355.8,2355.8,2356,2,27,19
9:38:01,2356,2355.8,2356,7,21,23
9:38:01,2356,2355.8,2356,8,19,16
9:38:02,2355.8,2355.8,2356,6,19,18
9:38:02,2356,2356,2356.2,18,9,23
9:38:03,2356,2355.8,2356,14,22,12
9:38:03,2356,2355.8,2356,7,19,10
9:38:04,2356,2355.8,2356,8,18,9
9:38:04,2356.2,2356,2356.2,16,4,24
9:38:05,2356,2356,2356.2,8,40,21
9:38:05,2356,2356,2356.2,7,35,20
9:38:06,2356,2356,2356.2,4,32,19
9:38:06,2356.2,2356.2,2356.4,22,7,24
9:38:07,2356.2,2356.2,2356.4,2,7,23
9:38:07,2356.2,2356.2,2356.4,2,7,24
9:38:08,2356.4,2356.2,2356.4,3,21,20
9:38:08,2356.2,2356.2,2356.4,3,20,23
9:38:09,2356.2,2356.2,2356.4,1,26,25
9:38:10,2356.2,2356.2,2356.4,10,19,38
9:38:11,2356.4,2356.2,2356.4,22,4,41
9:38:12,2356,2356.2,2356.4,6,2,41
9:38:12,2356.4,2356,2356.4,4,38,43
9:38:13,2356,2356,2356.2,2,37,1
9:38:13,2356.2,2356,2356.2,2,36,1
9:38:14,2356.2,2356,2356.2,2,40,19
9:38:14,2356,2356,2356.2,3,37,24
9:38:15,2356,2356,2356.2,1,37,24
9:38:15,2356.2,2356,2356.2,1,38,30
9:38:16,2356.2,2356.2,2356.4,37,1,44
9:38:16,2356.4,2356.2,2356.4,2,1,44
9:38:17,2356.2,2356,2356.4,1,36,43
9:38:17,2356.2,2356.2,2356.4,3,22,45
9:38:18,2356.2,2356.2,2356.4,11,16,42
9:38:18,2356.2,2356.2,2356.4,5,15,43
9:38:19,2356.2,2356.2,2356.4,10,7,52
9:38:19,2356,2356,2356.2,8,33,34
9:38:20,2356,2356,2356.2,9,27,32
9:38:21,2356.2,2356,2356.2,21,7,34
9:38:21,2356.2,2356,2356.2,5,3,33
9:38:22,2356,2355.8,2356,4,25,24
9:38:22,2356,2355.8,2356,4,25,24
9:38:23,2356,2355.8,2356,2,24,23
9:38:23,2355.8,2355.8,2356,1,23,24
9:38:24,2355.8,2355.8,2356,11,21,17
9:38:24,2356,2355.8,2356,1,21,16
9:38:25,2356,2355.8,2356,2,20,14
9:38:25,2355.8,2355.8,2356,25,26,13
9:38:26,2355.8,2355.8,2356,28,1,11
9:38:26,2355.8,2355.6,2356,15,107,21
9:38:27,2355.6,2355.6,2355.8,41,67,1
9:38:27,2355.6,2355.6,2356,8,61,25
9:38:28,2355.6,2355.6,2355.8,9,52,19
9:38:28,2355.6,2355.6,2355.8,10,48,16
9:38:29,2355.6,2355.6,2355.8,5,44,18
9:38:29,2355.6,2355.6,2355.8,15,29,36
9:38:30,2355.8,2355.6,2355.8,2,28,35
9:38:30,2355.6,2355.6,2355.8,23,6,45
9:38:31,2355.6,2355.4,2355.8,9,57,46
9:38:31,2355.6,2355.4,2355.6,2,68,13
9:38:32,2355.6,2355.4,2355.6,9,65,8
9:38:32,2355.4,2355.4,2355.6,1,64,8
9:38:33,2355.6,2355.4,2355.6,4,61,7
9:38:33,2355.6,2355.4,2355.6,4,64,5
9:38:34,2355.4,2355.4,2355.6,12,57,3
9:38:34,2355.6,2355.4,2355.6,5,55,3
9:38:35,2355.4,2355.4,2355.6,5,52,2
9:38:35,2355.4,2355.4,2355.6,29,24,11
9:38:36,2355.6,2355.4,2355.6,8,21,6
9:38:36,2355.6,2355.4,2355.6,5,17,5
9:38:37,2355.4,2355.4,2355.6,13,6,6
9:38:37,2355.4,2355.4,2355.6,5,2,25
9:38:38,2355.4,2355.2,2355.6,5,92,24
9:38:38,2355.6,2355.4,2355.6,2,1,23
9:38:39,2355.4,2355.2,2355.6,13,92,23
9:38:39,2355.2,2355.4,2355.6,2,38,5
9:38:40,2355.4,2355.4,2355.6,7,33,8
9:38:40,2355.6,2355.4,2355.6,35,4,8
9:38:41,2355.4,2355.2,2355.6,6,91,6
9:38:41,2355.2,2355.2,2355.8,22,87,16
9:38:42,2355.4,2355.4,2355.6,5,11,2
9:38:42,2355.4,2355.4,2355.6,11,8,26
9:38:43,2355.6,2355.4,2355.6,14,11,20
9:38:43,2355.4,2355.4,2355.6,5,10,22
9:38:44,2355.4,2355.4,2355.6,1,10,22
9:38:44,2355.6,2355.4,2355.6,8,11,24
9:38:45,2355.4,2355.4,2355.6,8,7,24
9:38:45,2355.4,2355.4,2355.6,2,8,23
9:38:46,2355.4,2355.2,2355.4,12,87,10
9:38:46,2355.4,2355.2,2355.4,1,87,17
9:38:47,2355.4,2355.2,2355.4,4,90,19
9:38:48,2355.2,2355.2,2355.4,4,87,17
9:38:48,2355.4,2355.2,2355.4,2,87,17
9:38:49,2355.2,2355.2,2355.4,6,83,18
9:38:49,2355.2,2355.2,2355.4,19,95,7
9:38:50,2355.2,2355.2,2355.4,5,90,5
9:38:50,2355.2,2355.2,2355.4,4,87,5
9:38:51,2355.2,2355.2,2355.4,10,82,3
9:38:51,2355.4,2355.2,2355.4,6,80,19
9:38:52,2355.2,2355.2,2355.4,8,76,16
9:38:52,2355.2,2355.2,2355.4,22,58,21
9:38:53,2355.2,2355.2,2355.4,5,52,21
9:38:53,2355.2,2355.2,2355.4,3,49,21
9:38:54,2355.2,2355.2,2355.4,3,47,21
9:38:54,2355.2,2355.2,2355.4,27,22,26
9:38:55,2355.4,2355.2,2355.4,10,23,16
9:38:55,2355.2,2355,2355.2,23,147,5
9:38:56,2355.2,2355,2355.2,4,146,3
9:38:56,2355.2,2355.2,2355.4,4,6,20
9:38:57,2355,2355,2355.2,22,246,10
9:38:57,2355.2,2355,2355.2,3,246,11
9:38:58,2355,2355,2355.2,14,241,2
9:38:58,2355.2,2355,2355.2,12,236,20
9:38:59,2355.2,2355,2355.2,11,234,41
9:38:59,2355.2,2355,2355.2,8,230,38
9:39:00,2355,2355,2355.2,17,223,30
9:39:00,2355,2355,2355.2,23,200,30
9:39:01,2355,2355,2355.2,7,207,28
9:39:01,2355.2,2355,2355.2,12,199,24
9:39:02,2355,2355,2355.2,42,158,17
9:39:02,2355,2355,2355.2,55,115,5
9:39:03,2355.4,2355.2,2355.4,30,1,35
9:39:03,2355.2,2355.2,2355.4,5,2,35
9:39:04,2355.4,2355,2355.4,12,93,39
9:39:05,2355.2,2355.2,2355.4,11,4,39
9:39:05,2355.2,2355.2,2355.4,17,8,44
9:39:06,2355.2,2355,2355.2,16,93,5
9:39:06,2355,2355.2,2355.4,15,1,46
9:39:07,2355.2,2355,2355.2,2,92,6
9:39:07,2355.2,2355,2355.2,8,95,7
9:39:08,2355.2,2355,2355.2,4,95,4
9:39:08,2355,2355,2355.2,1,84,4
9:39:09,2355.2,2355,2355.2,7,84,3
9:39:09,2355,2355,2355.2,8,82,7
9:39:10,2355.2,2355,2355.2,2,84,8
9:39:10,2355,2355,2355.2,4,84,14
9:39:11,2355.2,2355,2355.2,10,83,14
9:39:11,2355.2,2355.2,2355.4,26,14,56
9:39:12,2355.2,2355.2,2355.4,5,59,56
9:39:12,2355.2,2355.2,2355.4,3,58,57
9:39:13,2355.2,2355.2,2355.4,1,61,62
9:39:13,2355.4,2355.2,2355.4,3,61,55
9:39:14,2355.2,2355.2,2355.4,2,59,61
9:39:14,2355.2,2355.2,2355.4,15,55,49
9:39:15,2355.2,2355.2,2355.4,4,53,49
9:39:15,2355.2,2355.2,2355.4,3,51,50
9:39:16,2355.2,2355.2,2355.4,2,53,49
9:39:16,2355.4,2355.2,2355.4,3,51,54
9:39:17,2355.2,2355.2,2355.4,8,48,50
9:39:17,2355.2,2355.2,2355.4,14,36,48
9:39:18,2355.2,2355.2,2355.4,7,29,48
9:39:18,2355.2,2355.2,2355.4,17,25,35
9:39:19,2355.4,2355.2,2355.4,1,25,40
9:39:19,2355.4,2355.2,2355.4,4,22,38
9:39:20,2355.2,2355.2,2355.4,3,21,38
9:39:20,2355.4,2355.2,2355.4,33,2,28
9:39:21,2355.2,2355.2,2355.4,1,6,28
9:39:21,2355.4,2355,2355.4,16,134,29
9:39:22,2355,2355,2355.2,3,135,14
9:39:22,2355.2,2355,2355.2,12,136,3
9:39:23,2355,2355,2355.4,45,103,28
9:39:23,2355.4,2355,2355.4,4,102,28
9:39:24,2355,2355,2355.4,2,105,27
9:39:24,2355,2355,2355.2,5,103,7
9:39:25,2355,2355,2355.2,5,100,5
9:39:26,2355.2,2355,2355.2,4,109,15
9:39:26,2355,2355,2355.2,8,102,21
9:39:27,2355.2,2355,2355.2,8,96,19
9:39:27,2355.2,2355,2355.2,1,90,24
9:39:28,2355,2355,2355.2,13,79,30
9:39:28,2355,2355,2355.2,10,71,33
9:39:29,2355,2355,2355.2,19,55,29
9:39:29,2355,2355,2355.2,7,50,29
9:39:30,2355,2355,2355.2,12,40,27
9:39:30,2355,2355,2355.2,8,31,27
9:39:31,2355,2355,2355.2,16,17,27
9:39:31,2355,2354.8,2355,20,81,18
9:39:32,2355,2354.8,2355,1,89,20
9:39:32,2355,2354.8,2355,5,86,18
9:39:33,2354.8,2354.8,2355,1,85,23
9:39:33,2355,2354.8,2355,16,71,23
9:39:34,2354.8,2354.8,2355,6,67,22
9:39:34,2354.8,2354.8,2355,10,62,19
9:39:35,2355,2354.8,2355,49,16,17
9:39:35,2354.8,2354.8,2355,5,12,16
9:39:36,2354.8,2354.8,2355,5,7,16
9:39:37,2354.8,2354.8,2355,17,2,18
9:39:37,2354.8,2354.8,2355,4,2,18
9:39:38,2354.8,2354.8,2355,2,6,22
9:39:38,2354.8,2354.8,2355,1,5,22
9:39:39,2354.8,2354.8,2355,4,5,21
9:39:40,2354.8,2354.8,2355,8,40,17
9:39:40,2355,2354.8,2355,10,40,12
9:39:41,2355,2354.8,2355.2,14,50,34
9:39:41,2354.8,2355,2355.2,8,24,34
9:39:42,2355,2355,2355.2,15,11,32
9:39:42,2355,2355,2355.2,11,1,32
9:39:43,2355,2354.8,2355,1,40,1
9:39:43,2354.8,2354.8,2355,6,36,1
9:39:44,2355,2354.8,2355,4,32,3
9:39:44,2354.8,2354.8,2355,4,33,2
9:39:45,2355,2354.8,2355.2,3,39,34
9:39:45,2354.8,2355,2355.2,3,1,34
9:39:46,2354.8,2355,2355.2,3,1,66
9:39:46,2355.2,2354.8,2355.2,10,37,61
9:39:47,2354.8,2354.6,2354.8,39,74,12
9:39:47,2354.8,2354.6,2354.8,3,80,13
9:39:48,2354.8,2354.6,2354.8,3,82,10
9:39:48,2354.6,2354.6,2354.8,11,79,2
9:39:49,2355,2355,2355.2,9,1,64
9:39:49,2354.8,2354.8,2355,5,2,3
9:39:50,2355,2354.8,2355,6,10,11
9:39:50,2354.8,2354.6,2354.8,10,83,4
9:39:51,2354.8,2354.6,2354.8,1,82,3
9:39:51,2354.6,2354.6,2354.8,6,77,4
9:39:52,2355,2354.8,2355,8,1,20
9:39:52,2355,2354.8,2355,4,1,19
9:39:53,2354.8,2354.6,2354.8,2,78,1
9:39:53,2354.6,2354.6,2354.8,4,85,4
9:39:54,2354.8,2354.6,2354.8,1,84,4
9:39:54,2354.8,2354.8,2355,8,3,31
9:39:55,2354.6,2354.8,2355,9,3,26
9:39:55,2355,2354.6,2355,23,54,25
9:39:56,2354.8,2354.8,2355,6,4,25
9:39:56,2354.8,2354.8,2355,6,24,27
9:39:57,2355,2354.8,2355,10,17,24
9:39:57,2354.8,2354.8,2355,2,17,29
9:39:58,2354.8,2354.8,2355,6,18,31
9:39:58,2354.8,2354.8,2355,10,11,29
9:39:59,2354.8,2354.8,2355,8,4,30
9:39:59,2354.8,2354.8,2355,5,2,32
9:40:00,2354.8,2354.6,2354.8,5,63,1
9:40:00,2354.6,2354.8,2355,9,6,34
9:40:01,2354.6,2354.8,2355,32,3,34
9:40:01,2354.6,2354.8,2355,17,2,32
9:40:02,2355,2354.8,2355,15,25,39
9:40:02,2355,2354.8,2355,5,31,38
9:40:03,2354.8,2354.8,2355,34,3,35
9:40:03,2354.6,2354.8,2355,25,1,34
9:40:04,2355,2354.6,2355,32,1,24
9:40:04,2355,2354.8,2355,2,2,22
9:40:05,2354.4,2354.4,2354.8,41,53,14
9:40:05,2354.4,2354.4,2354.8,30,28,12
9:40:06,2354.6,2354.6,2354.8,24,2,10
9:40:06,2354.8,2354.2,2354.8,23,97,12
9:40:07,2354.8,2354.6,2354.8,11,67,1
9:40:07,2354.6,2354.6,2354.8,5,63,10
9:40:08,2354.6,2354.6,2354.8,18,49,4
9:40:08,2354.8,2354.6,2354.8,6,49,2
9:40:09,2354.6,2354.6,2354.8,5,45,1
9:40:09,2354.8,2354.8,2355,7,1,40
9:40:10,2355,2354.8,2355,3,12,39
9:40:10,2354.8,2354.8,2355,7,6,38
9:40:11,2354.8,2354.8,2355,1,8,39
9:40:11,2354.8,2354.6,2354.8,8,45,4
9:40:12,2354.6,2354.6,2354.8,22,25,3
9:40:13,2354.8,2354.6,2354.8,5,26,1
9:40:13,2354.8,2354.6,2354.8,26,6,3
9:40:14,2355,2354.6,2355,8,3,41
9:40:14,2354.8,2354.6,2354.8,3,12,7
