9:14:00,2305,2305,2305.4,240,12,2
9:15:00,2306,2305.8,2306.2,118,1,3
9:15:01,2306.6,2306.6,2307,188,2,19
9:15:01,2307.6,2307.6,2307.8,217,1,23
9:15:02,2307.6,2307.2,2307.6,97,12,20
9:15:02,2307.2,2307.2,2307.6,48,1,1
9:15:03,2307.4,2307,2307.4,158,36,5
9:15:03,2307.6,2307.4,2308,65,5,1
9:15:04,2308.6,2308.4,2308.6,39,3,7
9:15:04,2308.6,2308.8,2309,68,46,35
9:15:05,2309.2,2309.2,2309.6,115,3,10
9:15:05,2309.2,2308.6,2309.2,147,31,18
9:15:06,2308.6,2308,2308.6,91,12,6
9:15:06,2308.2,2308,2308.2,118,3,40
9:15:07,2308,2307.6,2307.8,62,44,16
9:15:07,2307.6,2307.8,2308,90,7,12
9:15:08,2307.6,2307.4,2307.6,80,36,19
9:15:08,2307.4,2307,2307.2,53,60,5
9:15:09,2307.2,2307,2307.2,72,33,8
9:15:09,2307,2307,2307.4,49,43,28
9:15:10,2307,2307,2307.2,31,22,20
9:15:10,2307,2307,2307.2,51,18,5
9:15:11,2307,2307.2,2307.4,21,15,24
9:15:11,2306.8,2306.8,2307.6,75,11,2
9:15:12,2307.2,2307.2,2307.4,34,4,8
9:15:12,2306.8,2306.6,2306.8,21,6,41
9:15:13,2306.4,2306.2,2306.4,26,14,8
9:15:13,2306.4,2306,2306.4,52,24,7
9:15:14,2306.4,2306,2306.2,44,11,4
9:15:14,2305.8,2305.6,2305.8,57,33,1
9:15:15,2306,2305.8,2306,61,21,78
9:15:15,2305.8,2305.6,2305.8,93,11,15
9:15:16,2305.4,2305.4,2305.6,49,85,2
9:15:16,2305.8,2305.8,2306,39,1,1
9:15:17,2306,2306,2306.4,59,10,13
9:15:17,2306.6,2306,2306.6,33,1,8
9:15:18,2306.6,2306.2,2306.8,39,7,34
9:15:18,2306.6,2306.2,2306.6,48,12,5
9:15:19,2306.2,2306,2306.2,52,55,1
9:15:19,2306.8,2306.2,2306.8,20,4,43
9:15:20,2306.8,2306.6,2306.8,29,20,29
9:15:20,2306.8,2306.6,2306.8,35,7,16
9:15:21,2306.4,2306.4,2306.6,29,13,1
9:15:21,2306.6,2306.6,2306.8,41,27,3
9:15:22,2306.8,2306.6,2307,24,19,28
9:15:22,2306.8,2306.8,2307,20,11,13
9:15:23,2307,2306.8,2307,12,4,10
9:15:23,2307,2307,2307.2,14,4,13
9:15:24,2306.8,2306.6,2306.8,22,21,15
9:15:24,2306.6,2306.4,2306.6,30,10,37
9:15:25,2306.6,2306.4,2306.6,36,7,4
9:15:25,2306.4,2306.2,2306.4,34,22,1
9:15:26,2306.4,2306.4,2306.6,14,6,6
9:15:26,2306.8,2306.2,2306.6,27,9,8
9:15:27,2306.6,2306.2,2306.6,3,8,7
9:15:27,2306.2,2306.2,2306.4,33,8,7
9:15:28,2306.6,2306.4,2306.6,54,12,3
9:15:28,2306.4,2306.2,2306.4,18,14,10
9:15:29,2306,2306,2306.2,28,72,21
9:15:29,2306.2,2306,2306.2,18,59,20
9:15:30,2306,2306,2306.2,18,45,21
9:15:30,2305.8,2305.8,2306,72,45,7
9:15:31,2305.6,2305.6,2305.8,50,11,7
9:15:31,2305.6,2305.6,2305.8,20,2,13
9:15:32,2305.6,2305.4,2305.6,68,26,4
9:15:32,2305.4,2305.4,2305.8,34,19,9
9:15:33,2305.6,2305.2,2305.8,27,50,11
9:15:33,2305.4,2305.4,2305.8,13,5,10
9:15:34,2305.4,2305.4,2305.6,18,1,28
9:15:34,2305.2,2305.2,2305.4,3,31,59
9:15:35,2305,2305,2305.2,59,61,45
9:15:35,2304.8,2304,2304.8,136,72,45
9:15:36,2303.8,2303.8,2304,76,10,2
9:15:36,2303.8,2304,2304.4,35,26,24
9:15:37,2304.2,2304,2304.2,43,33,1
9:15:37,2304.4,2304.2,2304.6,50,31,6
9:15:38,2304.2,2304.4,2304.6,36,2,5
9:15:38,2304.6,2304.4,2304.6,26,1,11
9:15:39,2304.4,2304,2304.4,20,53,12
9:15:39,2304.4,2304.2,2304.4,9,30,56
9:15:40,2304.2,2304.2,2304.4,29,5,55
9:15:40,2304.2,2304,2304.2,15,52,7
9:15:41,2304.4,2304,2304.4,36,26,65
9:15:41,2304.2,2304.2,2304.4,15,21,64
9:15:42,2304.2,2304.2,2304.4,13,14,58
9:15:42,2304.2,2304.2,2304.4,36,8,48
9:15:43,2304.2,2304.2,2304.4,46,7,18
9:15:43,2304.4,2304.4,2304.6,26,28,7
9:15:44,2304.6,2304.6,2305,54,31,12
9:15:44,2304.4,2304.4,2304.8,41,13,4
9:15:45,2304.8,2304.8,2305,41,37,9
9:15:45,2304.8,2304.8,2305,22,16,25
9:15:46,2304.8,2304.8,2305,8,10,30
9:15:46,2304.8,2304.6,2304.8,19,1,32
9:15:47,2304.4,2304.4,2304.8,15,5,83
9:15:47,2304.4,2304.4,2304.6,22,3,10
9:15:48,2304,2303.8,2304,43,20,58
9:15:48,2303.6,2303.4,2303.6,54,54,11
9:15:49,2303.4,2303.4,2303.6,27,35,4
9:15:49,2303.6,2303.2,2303.6,41,17,10
9:15:50,2303,2302.8,2303,37,60,15
9:15:50,2303,2303,2303.2,30,24,12
9:15:51,2303.2,2303.2,2303.4,41,15,46
9:15:51,2303,2303,2303.6,70,30,12
9:15:52,2303.2,2303.2,2303.6,27,8,15
9:15:52,2303.2,2303,2303.2,54,5,4
9:15:53,2303.4,2303,2303.2,24,3,1
9:15:53,2303.2,2303,2303.2,18,6,6
9:15:54,2303,2302.8,2303,31,57,48
9:15:54,2303,2302.8,2303,39,50,22
9:15:55,2302.8,2302.8,2303,17,42,15
9:15:55,2302.8,2302.8,2303,15,35,11
9:15:56,2303,2303,2303.2,94,17,8
9:15:56,2303.4,2303.4,2303.6,31,1,5
9:15:57,2303,2303,2303.4,28,19,1
9:15:57,2303.4,2303.2,2303.4,20,17,16
9:15:58,2302.8,2302.4,2302.6,45,5,1
9:15:58,2302.6,2302.6,2302.8,9,3,59
9:15:59,2302.6,2302.4,2302.6,16,6,84
9:15:59,2302.2,2302,2302.2,51,10,12
9:16:00,2302.2,2301.8,2302,43,40,13
9:16:00,2301.8,2302,2302.2,43,1,40
9:16:01,2302.2,2302.2,2302.4,77,1,9
9:16:01,2302.4,2302.4,2302.6,59,8,18
9:16:02,2302.6,2302.6,2302.8,58,1,44
9:16:02,2302.8,2302.4,2302.8,36,10,21
9:16:03,2302.6,2302.4,2302.6,14,26,6
9:16:03,2302.4,2302.6,2302.8,27,1,9
9:16:04,2302.8,2302.6,2302.8,6,8,15
9:16:04,2302.6,2302.6,2302.8,16,3,16
9:16:05,2302.8,2302.6,2302.8,12,11,5
9:16:05,2302.8,2302.8,2303,13,18,41
9:16:06,2303,2302.8,2303,6,22,36
9:16:06,2302.8,2302.8,2303,13,26,27
9:16:07,2303,2303,2303.2,31,8,14
9:16:07,2303.2,2303,2303.2,52,101,8
9:16:08,2303.2,2303.2,2303.4,29,10,24
9:16:08,2303.4,2303.2,2303.4,23,35,1
9:16:09,2303.4,2303.4,2303.6,49,1,5
9:16:09,2303.6,2303.4,2303.6,13,9,1
9:16:10,2303.6,2303.4,2303.6,4,11,19
9:16:10,2303.4,2303.2,2303.4,24,40,52
9:16:11,2303.2,2303.2,2303.4,36,34,34
9:16:11,2303.4,2303.2,2303.4,31,25,30
9:16:12,2303,2303,2303.2,44,118,13
9:16:12,2303.2,2303,2303.2,15,110,7
9:16:13,2303.2,2303.2,2303.4,48,13,15
9:16:13,2303.2,2303.2,2303.4,11,12,22
9:16:14,2303.2,2303.2,2303.4,7,22,21
9:16:14,2303.4,2303.2,2303.4,9,19,33
9:16:15,2303.4,2303.2,2303.4,10,15,28
9:16:15,2303.4,2303.2,2303.4,9,14,22
9:16:16,2303.4,2303.2,2303.4,17,6,19
9:16:16,2303.4,2303.2,2303.4,8,2,15
9:16:17,2303.2,2303,2303.2,5,102,4
9:16:17,2303.2,2303,2303.2,8,97,1
9:16:18,2303.4,2303,2303.4,101,6,16
9:16:18,2303.2,2303,2303.2,10,6,28
9:16:19,2302.8,2302.6,2302.8,22,35,12
9:16:19,2303,2302.6,2303,40,21,48
9:16:20,2302.8,2302.6,2302.8,7,27,8
9:16:20,2302.6,2302.6,2302.8,15,17,6
9:16:21,2302.6,2302.6,2302.8,7,12,5
9:16:21,2302.6,2302.6,2302.8,2,10,6
9:16:22,2302.8,2302.6,2302.8,5,11,2
9:16:22,2302.4,2302.4,2302.6,19,1,30
9:16:23,2302.6,2302.4,2302.6,26,1,10
9:16:23,2302.4,2302.2,2302.4,4,7,2
9:16:24,2302.2,2302.4,2302.6,9,1,7
9:16:24,2302.6,2302.4,2302.6,4,2,6
9:16:25,2302.6,2302.4,2302.6,5,1,8
9:16:25,2302.4,2302.4,2302.6,9,12,5
9:16:26,2302.4,2302.4,2302.6,8,9,1
9:16:26,2302.8,2302.6,2303,4,4,21
9:16:27,2302.2,2302,2302.2,47,35,15
9:16:27,2302.2,2302.2,2302.4,48,5,6
9:16:28,2302.4,2302.2,2302.4,3,2,4
9:16:28,2302.4,2302.4,2302.6,7,4,9
9:16:29,2302.4,2302.4,2302.6,4,1,10
9:16:29,2302.4,2302.2,2302.4,4,4,4
9:16:30,2302.4,2302.2,2302.6,6,4,19
9:16:30,2302.4,2302.2,2302.4,10,3,7
9:16:31,2302.4,2302.2,2302.4,8,3,1
9:16:31,2302.6,2302.4,2302.6,13,18,10
9:16:32,2302.2,2302,2302.2,23,65,1
9:16:32,2302.4,2302.2,2302.4,7,30,2
9:16:33,2302.2,2302.4,2302.6,17,6,10
9:16:33,2302.4,2302.4,2302.6,5,6,10
9:16:34,2302.4,2302.2,2302.4,13,22,58
9:16:34,2302.2,2302.2,2302.4,15,22,55
9:16:35,2302.2,2302,2302.2,23,66,4
9:16:35,2302.2,2302.2,2302.4,13,1,56
9:16:36,2302.2,2302,2302.4,5,65,57
9:16:36,2302.2,2302,2302.2,9,64,1
9:16:37,2302.2,2302.2,2302.4,16,18,43
9:16:37,2302.2,2302.2,2302.4,9,17,41
9:16:38,2302.4,2302.2,2302.4,9,20,36
9:16:38,2302.4,2302.2,2302.4,35,12,17
9:16:39,2302.2,2302.4,2302.6,25,12,8
9:16:39,2302.6,2302.6,2302.8,12,9,7
9:16:40,2302.4,2302.2,2302.4,46,15,19
9:16:40,2302.4,2302.2,2302.4,4,22,15
9:16:41,2302.2,2302.2,2302.4,5,32,14
9:16:41,2302.4,2302.2,2302.4,6,39,10
9:16:42,2302.4,2302.2,2302.4,50,35,10
9:16:42,2302.2,2302.2,2302.4,9,33,9
9:16:43,2302.6,2302.4,2302.6,26,7,9
9:16:43,2302.4,2302.4,2302.6,7,39,8
9:16:44,2302.6,2302.4,2302.6,16,46,16
9:16:44,2302.6,2302.4,2302.6,10,46,6
9:16:45,2302.6,2302.6,2302.8,11,8,17
9:16:45,2302.6,2302.6,2302.8,9,1,16
9:16:46,2302.6,2302.6,2302.8,7,11,12
9:16:46,2302.8,2302.6,2302.8,3,13,12
9:16:47,2302.8,2302.6,2302.8,23,11,3
9:16:47,2303,2302.8,2303,55,7,28
9:16:48,2303,2302.4,2303,16,1,29
9:16:48,2302.8,2302.4,2302.8,5,4,15
9:16:49,2302.8,2302.6,2302.8,3,21,17
9:16:49,2302.8,2302.6,2302.8,9,23,4
9:16:50,2302.8,2302.6,2302.8,3,23,2
9:16:50,2303,2302.6,2303,4,24,24
9:16:51,2303,2302.8,2303,1,3,23
9:16:51,2303,2302.8,2303,16,6,7
9:16:52,2303,2302.8,2303,5,9,5
9:16:52,2303,2303,2303.2,5,4,15
9:16:53,2303,2302.8,2303,5,20,1
9:16:53,2303,2302.8,2303.2,5,21,14
9:16:54,2303.2,2303,2303.2,3,2,11
9:16:54,2303.2,2303,2303.2,6,2,5
9:16:55,2303,2302.8,2303,3,23,1
9:16:55,2303,2302.8,2303,12,23,30
9:16:56,2303,2302.8,2303,9,10,24
9:16:56,2302.8,2302.6,2302.8,21,27,8
9:16:57,2302.8,2302.6,2302.8,6,30,10
9:16:57,2302.6,2302.6,2302.8,2,28,13
9:16:58,2302.8,2302.6,2302.8,7,30,7
9:16:58,2302.8,2302.6,2302.8,3,29,6
9:16:59,2302.8,2302.6,2302.8,2,29,6
9:16:59,2302.6,2302.8,2303,38,1,43
9:17:00,2302.8,2302.8,2303,2,2,44
9:17:00,2302.8,2302.8,2303,5,1,42
9:17:01,2303.2,2303,2303.2,49,6,8
9:17:01,2303.2,2303.2,2303.4,9,17,13
9:17:02,2303.4,2303.4,2303.6,15,4,9
9:17:02,2303.6,2303.4,2303.6,3,4,8
9:17:03,2303.6,2303.6,2303.8,9,1,33
9:17:03,2303.6,2303.2,2303.6,27,8,7
9:17:04,2303,2302.8,2303.6,18,5,17
9:17:04,2303,2303,2303.2,9,94,2
9:17:05,2303.6,2303.6,2303.8,51,2,46
9:17:05,2303.6,2303.6,2303.8,30,7,20
9:17:06,2303.6,2303.2,2303.6,9,10,1
9:17:06,2303.2,2303,2303.2,28,94,29
9:17:07,2303.2,2303,2303.2,12,95,17
9:17:07,2303.2,2303,2303.2,6,101,15
9:17:08,2303,2303,2303.2,9,95,12
9:17:08,2303.2,2303,2303.2,3,95,13
9:17:09,2303.2,2303.2,2303.4,18,22,3
9:17:09,2303,2303.2,2303.4,100,3,3
9:17:10,2303.2,2303.2,2303.4,1,5,10
9:17:10,2303.2,2303,2303.2,8,19,35
9:17:11,2303.2,2303,2303.2,32,4,31
9:17:11,2303,2302.8,2303,13,16,17
9:17:12,2303,2302.8,2303,8,16,43
9:17:12,2303,2302.8,2303,13,5,44
9:17:13,2302.8,2302.6,2302.8,6,4,2
9:17:13,2303,2302.8,2303,23,10,16
9:17:14,2303,2302.8,2303,11,3,14
9:17:14,2303,2302.8,2303,4,4,14
9:17:15,2302.6,2302.6,2303,13,6,14
9:17:15,2303,2302.8,2303.2,15,1,30
9:17:16,2302.6,2303,2303.2,7,3,30
9:17:16,2303.2,2302.8,2303,60,2,1
9:17:17,2303.4,2303.2,2303.4,3,1,4
9:17:17,2303.4,2303.4,2303.6,4,1,6
9:17:18,2303,2303,2303.6,6,9,5
9:17:18,2303,2303.2,2303.6,7,14,6
9:17:19,2303.6,2303.2,2303.4,2,13,101
9:17:19,2303,2303,2303.2,30,2,23
9:17:20,2303,2302.8,2303,10,3,17
9:17:20,2303.2,2303.2,2303.4,35,1,102
9:17:21,2303,2303,2303.4,3,5,103
9:17:22,2303,2302.8,2303,14,2,15
9:17:22,2302.8,2302.6,2302.8,11,8,3
9:17:23,2303,2302.6,2303,10,6,12
9:17:23,2302.8,2302.6,2302.8,6,10,2
9:17:24,2302.6,2302.8,2303.2,18,1,17
9:17:24,2302.6,2302.6,2302.8,4,7,1
9:17:25,2302.6,2302.6,2302.8,8,7,1
9:17:25,2302.8,2302.8,2303,2,1,1
9:17:26,2303,2302.6,2303,6,8,5
9:17:26,2302.6,2302.6,2303.2,10,8,12
9:17:27,2302.6,2302.6,2302.8,1,8,1
9:17:27,2303,2302.8,2303,5,11,4
9:17:28,2302.8,2302.8,2303,8,10,2
9:17:28,2303,2303,2303.2,4,5,13
9:17:29,2303.2,2303,2303.2,7,5,8
9:17:29,2303.2,2303,2303.2,4,1,9
9:17:30,2303,2302.8,2303.2,2,12,9
9:17:30,2302.8,2302.8,2303,2,14,3
9:17:31,2303.2,2303,2303.2,4,7,8
9:17:31,2303,2303,2303.2,6,1,8
9:17:32,2303,2303,2303.2,1,1,12
9:17:32,2303,2303,2303.2,7,1,20
9:17:33,2303.2,2303,2303.2,5,1,16
9:17:34,2303,2302.8,2303,1,26,29
9:17:34,2303,2302.8,2303,4,26,31
9:17:35,2303,2302.8,2303,24,6,29
9:17:35,2302.8,2302.8,2303,2,10,29
9:17:36,2302.8,2302.6,2302.8,14,12,1
9:17:36,2303,2302.6,2303,5,11,25
9:17:37,2302.8,2302.6,2302.8,3,11,1
9:17:37,2302.6,2302.6,2303,4,10,24
9:17:38,2302.8,2302.6,2302.8,1,10,4
9:17:38,2303,2302.6,2303,6,10,119
9:17:39,2302.6,2302.4,2302.6,13,9,27
9:17:39,2302.2,2302.2,2302.4,34,28,6
9:17:40,2302.2,2302.2,2302.4,15,17,5
9:17:40,2302,2302,2302.2,54,5,3
9:17:41,2301.6,2301.6,2301.8,22,3,8
9:17:41,2301.6,2301.4,2301.6,17,28,30
9:17:42,2301.4,2301.4,2301.6,40,52,10
9:17:42,2301.6,2301.4,2301.8,20,42,2
9:17:43,2301.6,2301.6,2301.8,15,48,1
9:17:43,2301.8,2301.8,2302,11,15,10
9:17:44,2301.8,2302,2302.2,24,1,7
9:17:44,2301.6,2301.6,2301.8,32,23,1
9:17:45,2302,2301.6,2301.8,9,20,1
9:17:45,2301.4,2301.4,2301.6,31,43,22
9:17:46,2301.4,2301.4,2301.6,6,38,22
9:17:46,2301.4,2301.4,2301.6,8,30,24
9:17:47,2301.4,2301.4,2301.6,13,19,23
9:17:47,2301.4,2301.4,2301.6,18,11,15
9:17:48,2301.4,2301.4,2301.6,18,5,13
9:17:48,2301.6,2301.4,2301.6,2,6,12
9:17:49,2301.4,2301.2,2301.4,17,34,2
9:17:49,2301.4,2301.4,2301.6,18,54,9
9:17:50,2301.6,2301.6,2302,36,4,5
9:17:50,2301.6,2301.6,2302,10,8,8
9:17:51,2301.8,2301.8,2302,27,2,11
9:17:51,2302,2301.6,2301.8,9,30,1
9:17:52,2302,2302,2302.2,16,37,16
9:17:52,2302.2,2302,2302.2,3,37,14
9:17:53,2302,2302,2302.2,31,8,11
9:17:53,2302,2302,2302.2,7,3,12
9:17:54,2301.8,2301.6,2302,7,24,11
9:17:55,2302,2301.8,2302,3,5,12
9:17:55,2302,2301.8,2302,1,6,15
9:17:56,2302,2301.8,2302,2,6,125
9:17:56,2301.6,2301.6,2301.8,14,23,5
9:17:57,2301.6,2301.4,2301.6,26,33,41
9:17:57,2301.4,2301.4,2301.6,33,1,40
9:17:58,2301.4,2301.2,2301.4,15,39,21
9:17:58,2301.4,2301.2,2301.4,3,35,21
9:17:59,2301.2,2301.2,2301.4,8,30,19
9:17:59,2301.2,2301.2,2301.4,23,23,1
9:18:00,2301.4,2301.4,2301.6,23,2,15
9:18:00,2301.2,2301.2,2301.4,16,1,1
9:18:01,2301.4,2301.4,2301.6,15,4,10
9:18:01,2301.4,2301.4,2301.6,13,5,4
9:18:02,2301.6,2301.2,2301.6,38,76,2
9:18:02,2301.4,2301.4,2301.8,8,11,6
9:18:03,2301.6,2301.6,2301.8,13,1,6
9:18:03,2301.8,2301.4,2301.6,8,19,16
9:18:04,2301.4,2301.4,2301.6,12,21,15
9:18:04,2301.6,2301.4,2301.6,10,16,17
9:18:05,2301.4,2301.4,2301.6,8,6,23
9:18:05,2301.4,2301.2,2301.4,28,97,2
9:18:06,2301.4,2301.2,2301.6,2,98,12
9:18:06,2301.2,2301.2,2301.4,6,93,5
9:18:07,2301.2,2301.2,2301.4,4,89,7
9:18:07,2301.2,2301.2,2301.6,10,86,19
9:18:08,2301.2,2301.2,2301.6,7,82,20
9:18:08,2301.2,2301.2,2301.4,10,80,1
9:18:09,2301.2,2301.2,2301.6,4,77,14
9:18:09,2301.2,2301.4,2301.6,30,5,14
9:18:10,2301.4,2301.4,2301.6,16,5,13
9:18:10,2301.4,2301.4,2301.6,20,2,11
9:18:11,2301.6,2301.6,2301.8,17,27,14
9:18:11,2301.8,2301.8,2302,130,5,48
9:18:12,2301.8,2301.8,2302,5,1,52
9:18:12,2301.8,2301.4,2301.8,16,13,9
9:18:13,2301.8,2301.6,2301.8,5,7,9
9:18:13,2301.6,2301.6,2301.8,3,6,19
9:18:14,2301.6,2301.6,2301.8,5,2,21
9:18:15,2301.6,2301.4,2301.6,6,11,2
9:18:15,2301.8,2301.6,2301.8,8,2,19
9:18:16,2301.4,2301.6,2301.8,5,1,19
9:18:16,2301.6,2301.6,2301.8,10,6,19
9:18:17,2301.8,2301.6,2301.8,8,2,18
9:18:18,2301.6,2301.6,2301.8,1,2,18
9:18:18,2301.6,2301.2,2301.6,3,3,1
9:18:19,2301.2,2301.2,2301.6,1,2,3
9:18:19,2301.2,2301,2301.2,4,91,27
9:18:20,2301.2,2301,2301.2,1,91,34
9:18:20,2301,2301,2301.2,8,85,32
9:18:21,2301,2301,2301.2,28,60,29
9:18:21,2301,2301,2301.2,23,36,29
9:18:22,2301,2300.8,2301,50,11,8
9:18:22,2301,2300.6,2301,34,54,53
9:18:23,2300.8,2300.8,2301,18,3,89
9:18:23,2300.6,2300.6,2300.8,18,43,1
9:18:24,2300.6,2300.6,2300.8,4,40,22
9:18:24,2300.6,2300.6,2300.8,29,15,33
9:18:25,2300.6,2300.4,2300.6,30,16,61
9:18:25,2300.4,2300.4,2300.6,30,14,38
9:18:26,2300.4,2300.2,2300.4,20,58,12
9:18:26,2300.6,2300.4,2300.6,50,42,40
9:18:27,2300.4,2300.4,2300.6,43,14,32
9:18:27,2300.4,2300.2,2300.4,40,53,11
9:18:28,2300.4,2300.2,2300.4,14,54,27
9:18:28,2300.4,2300.2,2300.4,12,53,22
9:18:29,2300.2,2300.2,2300.4,51,3,18
9:18:29,2300,2300,2300.2,16,115,18
9:18:30,2300.2,2300,2300.2,30,94,22
9:18:30,2300,2300,2300.2,65,51,12
9:18:31,2300,2300,2300.2,26,34,6
9:18:31,2300.2,2300,2300.2,14,22,6
9:18:32,2300,2300.2,2300.4,42,5,25
9:18:32,2300.4,2300.2,2300.4,29,14,29
9:18:33,2300.2,2300.2,2300.4,43,9,30
9:18:33,2300.2,2300.2,2300.4,18,15,32
9:18:34,2300.2,2300,2300.2,24,6,4
9:18:34,2300,2300,2300.4,14,4,35
9:18:35,2300.2,2300,2300.2,39,2,13
9:18:35,2299.8,2299.8,2300,7,53,5
9:18:36,2299.8,2299.8,2300,13,48,2
9:18:36,2299.8,2299.8,2300,14,44,2
9:18:37,2300.2,2300.2,2300.4,43,3,13
9:18:37,2300,2299.8,2300,25,29,7
9:18:38,2300.2,2300,2300.2,15,16,27
9:18:38,2300,2300,2300.2,13,12,25
9:18:39,2300,2300,2300.2,10,12,45
9:18:39,2300.2,2300,2300.2,19,15,28
9:18:40,2300.2,2300,2300.2,17,8,19
9:18:40,2300,2300,2300.2,7,13,15
9:18:41,2300.2,2300,2300.2,11,32,9
9:18:41,2300,2299.8,2300,77,35,25
9:18:42,2300,2299.8,2300,18,27,15
9:18:42,2300,2299.8,2300,14,25,6
9:18:43,2299.8,2299.8,2300,14,20,5
9:18:43,2299.8,2299.8,2300,5,17,11
9:18:44,2299.8,2299.8,2300,6,15,9
9:18:44,2300,2299.8,2300,6,15,5
9:18:45,2299.8,2299.8,2300,13,12,1
9:18:45,2300,2300,2300.2,6,2,11
9:18:46,2300,2299.8,2300.2,4,9,11
9:18:46,2300,2299.8,2300,5,8,18
9:18:47,2300,2299.8,2300,7,11,24
9:18:47,2300,2299.6,2300,36,18,4
9:18:48,2299.6,2299.6,2300,4,18,7
9:18:48,2300,2299.6,2299.8,10,16,1
9:18:49,2299.8,2299.8,2300,8,5,2
9:18:49,2299.6,2299.6,2299.8,11,14,7
9:18:50,2299.6,2299.6,2299.8,4,10,11
9:18:50,2299.6,2299.4,2299.6,16,9,29
9:18:51,2299.2,2299.2,2299.4,26,19,21
9:18:51,2299.2,2299,2299.4,34,12,38
9:18:52,2299.2,2298.6,2299.2,32,20,2
9:18:52,2298.6,2298.6,2299,10,14,3
9:18:53,2298.8,2298.8,2299.2,26,5,17
9:18:53,2299,2299,2299.2,52,6,19
9:18:54,2299,2299,2299.2,12,2,15
9:18:54,2299.2,2299,2299.2,22,23,13
9:18:55,2299,2299,2299.2,32,9,4
9:18:55,2299,2298.8,2299.4,49,1,10
9:18:56,2299,2298.8,2299,32,13,2
9:18:56,2299,2299,2299.2,14,2,21
9:18:57,2299.2,2299,2299.2,3,6,18
9:18:57,2299,2298.8,2299,18,19,4
9:18:58,2299,2299,2299.2,19,2,19
9:18:58,2299,2299,2299.2,12,1,11
9:18:59,2299,2298.8,2299,5,13,29
9:18:59,2299,2298.8,2299,5,10,30
9:19:00,2299,2298.8,2299,12,6,22
9:19:00,2298.6,2298.6,2299,9,16,29
9:19:01,2298.8,2298.4,2299,31,36,50
9:19:01,2298.4,2298.6,2298.8,9,5,2
9:19:02,2298.8,2298.6,2298.8,29,2,10
9:19:02,2298.6,2298.6,2298.8,12,24,11
9:19:03,2298.8,2298.6,2298.8,19,17,1
9:19:03,2299,2298.8,2299,18,62,55
9:19:04,2298.8,2298.8,2299,36,51,43
9:19:04,2299,2299,2299.2,51,26,7
9:19:05,2299.2,2299.2,2299.4,18,45,22
9:19:05,2299.2,2299.2,2299.4,30,39,18
9:19:06,2299.4,2299.2,2299.4,39,9,10
9:19:06,2299.4,2299.2,2299.4,21,6,18
9:19:07,2299,2298.8,2299,55,47,56
9:19:07,2299,2298.8,2299,6,45,53
9:19:08,2299,2298.8,2299,20,30,49
9:19:08,2298.6,2298.4,2298.8,46,41,10
9:19:09,2298.8,2298.4,2298.8,6,41,8
9:19:09,2298.8,2298.6,2298.8,11,1,26
9:19:10,2298.6,2298.4,2298.6,11,34,12
9:19:10,2298.6,2298.4,2298.6,9,28,40
9:19:11,2298.4,2298.4,2298.6,20,9,44
9:19:11,2298.4,2298.2,2298.4,16,31,5
9:19:12,2298.6,2298.2,2298.4,26,19,1
9:19:12,2298.4,2298,2298.4,42,36,4
9:19:13,2298.2,2298,2298.2,33,14,25
9:19:13,2298,2298,2298.2,19,4,16
9:19:14,2298,2297.8,2298,10,11,39
9:19:14,2297.8,2297.6,2298,20,23,41
9:19:15,2297.6,2297.6,2297.8,48,25,22
9:19:15,2297.6,2298,2298.2,69,2,9
9:19:16,2297.4,2297.4,2297.6,28,2,6
9:19:16,2298,2297.6,2298,42,15,4
9:19:17,2297.4,2297.4,2297.6,40,22,1
9:19:17,2297.4,2297.8,2298,19,1,1
9:19:18,2298,2297.6,2298,30,1,17
9:19:18,2297.4,2297.6,2297.8,24,1,20
9:19:19,2297.6,2297.6,2297.8,5,5,20
9:19:19,2297.4,2297.4,2297.6,17,3,3
9:19:20,2297.6,2297.4,2297.6,10,5,8
9:19:20,2297.6,2297.4,2297.6,14,14,4
9:19:21,2297.6,2297.6,2297.8,14,1,11
9:19:21,2298,2297.4,2298,28,5,8
9:19:22,2297.4,2297.6,2298,5,1,9
9:19:22,2297.8,2297.8,2298.2,20,10,3
9:19:23,2298,2298.2,2298.4,11,2,34
9:19:23,2298.2,2298.2,2298.4,8,5,34
9:19:24,2298.2,2298,2298.2,9,9,15
9:19:24,2298.2,2298,2298.2,10,3,11
9:19:25,2297.8,2297.8,2298.2,11,12,9
9:19:25,2298.2,2298.2,2298.4,14,1,41
9:19:26,2298.2,2298.2,2298.4,4,1,45
9:19:26,2298.2,2297.8,2298.2,14,11,10
9:19:27,2298.2,2297.8,2298.2,4,12,9
9:19:27,2298.2,2297.8,2298.2,2,12,8
9:19:28,2298.2,2297.8,2298.2,1,13,16
9:19:28,2298.2,2298,2298.2,1,1,16
9:19:29,2298.2,2298,2298.2,4,1,12
9:19:29,2298.2,2298,2298.2,4,6,9
9:19:30,2298.2,2298.2,2298.4,12,9,35
9:19:30,2298.2,2298.2,2298.4,3,8,35
9:19:31,2298.4,2298.2,2298.4,17,16,18
9:19:32,2298.4,2298.2,2298.4,3,18,16
9:19:32,2298.4,2298.2,2298.4,36,4,9
9:19:33,2298.6,2298.2,2298.4,11,38,7
9:19:33,2298.4,2298.2,2298.4,7,39,1
9:19:34,2298.4,2298.4,2298.6,3,25,9
9:19:34,2298.6,2298.4,2298.6,3,17,8
9:19:35,2298.6,2298.4,2298.6,5,17,15
9:19:35,2298.6,2298.4,2298.6,7,9,20
9:19:36,2298.6,2298.4,2298.6,10,8,15
9:19:36,2298.2,2298.2,2298.4,14,48,6
9:19:37,2298.4,2298.4,2298.6,6,1,11
9:19:37,2298.4,2298.2,2298.4,3,48,6
9:19:38,2298.4,2298.2,2298.4,3,48,23
9:19:38,2298.4,2298.2,2298.4,7,48,17
9:19:39,2298.4,2298.2,2298.4,11,49,6
9:19:39,2298.4,2298.2,2298.4,2,49,5
9:19:40,2298.2,2298.4,2298.6,7,2,24
9:19:40,2298.6,2298.4,2298.6,8,1,17
9:19:41,2298.6,2298.4,2298.6,5,4,13
9:19:41,2298.4,2298.2,2298.4,4,49,6
9:19:42,2298.4,2298.2,2298.4,4,50,2
9:19:42,2298.4,2298.2,2298.6,4,51,13
9:19:43,2298.6,2298.4,2298.6,1,3,12
9:19:43,2298.6,2298.4,2298.6,4,2,11
9:19:44,2298.4,2298.4,2298.6,4,9,11
9:19:44,2298.6,2298.4,2298.6,9,9,3
9:19:45,2298.8,2298.4,2298.8,8,14,10
9:19:45,2298.4,2298.4,2298.8,1,14,13
9:19:46,2298.8,2298.6,2298.8,3,1,10
9:19:46,2298.4,2298.4,2298.8,13,11,6
9:19:47,2298.8,2298.6,2298.8,14,23,20
9:19:47,2298.8,2298.6,2298.8,3,23,17
9:19:48,2298.8,2298.6,2298.8,4,23,14
9:19:48,2298.8,2298.6,2298.8,7,23,8
9:19:49,2298.8,2298.6,2298.8,4,22,5
9:19:49,2298.6,2298.6,2299,13,17,60
9:19:50,2299,2298.8,2299,5,2,57
9:19:50,2299,2298.8,2299,3,1,55
9:19:51,2298.8,2298.8,2299,8,1,50
9:19:51,2298.6,2298.6,2298.8,7,19,1
9:19:52,2299,2298.6,2298.8,8,20,1
9:19:52,2298.8,2298.6,2298.8,2,21,12
9:19:53,2298.8,2298.6,2298.8,4,20,18
9:19:53,2298.8,2298.6,2298.8,8,21,23
9:19:54,2298.6,2298.6,2298.8,5,17,35
9:19:54,2298.6,2298.4,2298.6,23,20,24
9:19:55,2298.6,2298.4,2298.6,7,20,19
9:19:55,2298.6,2298.4,2298.6,8,19,25
9:19:56,2298.6,2298.4,2298.6,1,27,27
9:19:56,2298.6,2298.4,2298.6,7,23,30
9:19:57,2298.6,2298.4,2298.6,9,43,25
9:19:57,2298.6,2298.6,2298.8,37,1,23
9:19:58,2298.8,2298.6,2298.8,11,5,16
9:19:58,2298.8,2298.6,2298.8,1,6,14
9:19:59,2298.6,2298.6,2298.8,4,8,14
9:19:59,2298.6,2298.6,2298.8,1,9,14
9:20:00,2298.8,2298.6,2298.8,1,5,13
9:20:00,2298.6,2298.6,2299,35,8,55
9:20:01,2298.8,2298.8,2299,15,10,49
9:20:01,2299,2298.4,2298.6,23,35,2
9:20:02,2298.4,2298.4,2298.6,47,20,3
9:20:02,2298.8,2298.6,2298.8,17,24,17
9:20:03,2298.8,2298.6,2298.8,8,49,9
9:20:03,2298.6,2298.6,2298.8,2,49,9
9:20:04,2298.8,2298.6,2298.8,7,52,3
9:20:04,2298.8,2298.8,2299,6,16,33
9:20:05,2299,2298.8,2299,5,13,31
9:20:05,2299,2298.8,2299,6,57,25
9:20:06,2299,2298.8,2299,10,58,15
9:20:06,2299.2,2299,2299.2,23,40,15
9:20:07,2299.2,2299,2299.2,10,52,6
9:20:07,2299.4,2299.2,2299.4,9,5,8
9:20:08,2299.4,2299.2,2299.4,5,6,7
9:20:08,2299.4,2299.2,2299.4,21,9,19
9:20:09,2299.4,2299.2,2299.4,18,4,17
9:20:09,2299.2,2299,2299.2,12,35,1
9:20:10,2299.4,2299,2299.4,9,36,10
9:20:10,2299.2,2299,2299.2,22,26,11
9:20:11,2299.6,2299.4,2299.6,15,11,15
9:20:11,2299.4,2299.4,2299.6,7,7,12
9:20:12,2299.6,2299.4,2299.6,7,8,10
9:20:12,2299.4,2299.2,2299.4,11,32,1
9:20:13,2299.6,2299.4,2299.6,3,5,7
9:20:13,2299.6,2299.6,2299.8,12,2,21
9:20:14,2299.6,2299.6,2299.8,5,6,18
9:20:14,2299.6,2299.6,2299.8,14,1,12
9:20:15,2299.8,2299.6,2299.8,15,2,41
9:20:15,2299.8,2299.6,2299.8,3,1,45
9:20:16,2299.6,2299.4,2299.6,7,20,21
9:20:16,2299.4,2299.4,2299.6,17,15,10
9:20:17,2299.6,2299.4,2299.6,10,15,1
9:20:17,2299.6,2299.4,2299.6,9,11,1
9:20:18,2299.6,2299.6,2299.8,6,4,64
9:20:18,2299.8,2299.4,2299.8,50,13,25
9:20:19,2299.6,2299.6,2299.8,5,2,27
9:20:19,2299.8,2299.6,2299.8,8,1,21
9:20:20,2299.8,2299.6,2299.8,3,1,23
9:20:20,2299.8,2299.6,2299.8,3,1,30
9:20:21,2299.8,2299.4,2299.8,11,16,25
9:20:21,2299.8,2299.4,2299.8,6,15,24
9:20:22,2299.8,2299.4,2299.6,1,16,1
9:20:22,2299.6,2299.4,2299.6,6,18,3
9:20:23,2299.6,2299.4,2299.6,6,18,9
9:20:23,2299.4,2299.4,2299.6,2,21,10
9:20:24,2299.6,2299.4,2299.6,2,21,15
9:20:24,2299.4,2299.4,2299.6,1,20,16
9:20:25,2299.6,2299.4,2299.6,19,10,7
9:20:25,2299.6,2299.4,2299.8,2,13,27
9:20:26,2299.4,2299.2,2299.4,14,20,14
9:20:26,2299.4,2299.4,2299.6,15,9,20
9:20:27,2299.4,2299.4,2299.6,2,7,20
9:20:27,2299.6,2299.4,2299.6,3,5,19
9:20:28,2299.4,2299.4,2299.6,1,5,19
9:20:28,2299.6,2299.4,2299.6,3,3,20
9:20:29,2299.4,2299.4,2299.6,1,2,20
9:20:29,2299.4,2299.4,2299.6,3,1,20
9:20:30,2299.4,2299.2,2299.4,3,27,3
9:20:30,2299.4,2299.2,2299.4,3,25,2
9:20:31,2299.4,2299.2,2299.4,1,25,3
9:20:31,2299.4,2299.2,2299.4,8,25,3
9:20:32,2299.4,2299.4,2299.6,3,4,12
9:20:32,2299.4,2299.4,2299.6,1,15,12
9:20:33,2299.4,2299.4,2299.6,1,14,14
9:20:34,2299.4,2299.4,2299.6,2,18,12
9:20:34,2299.6,2299.4,2299.6,1,19,12
9:20:35,2299.6,2299.4,2299.6,1,19,12
9:20:35,2299.6,2299.4,2299.6,6,14,11
9:20:36,2299.6,2299.4,2299.8,12,14,40
9:20:36,2299.6,2299.4,2299.6,1,13,1
9:20:37,2299.8,2299.4,2299.6,22,11,3
9:20:37,2299.8,2299.4,2299.6,1,11,2
9:20:38,2299.6,2299.4,2299.6,5,9,5
9:20:38,2299.6,2299.4,2299.6,2,9,11
9:20:39,2299.6,2299.4,2299.6,1,9,12
9:20:39,2299.4,2299.4,2299.6,2,8,13
9:20:40,2299.6,2299.4,2299.6,3,9,12
9:20:40,2299.4,2299.4,2299.6,2,9,14
9:20:41,2299.6,2299.4,2299.6,3,10,13
9:20:41,2299.4,2299.4,2299.6,7,4,15
9:20:42,2299.4,2299.4,2299.6,2,4,14
9:20:42,2299.6,2299.4,2299.6,1,4,13
9:20:43,2299.6,2299.4,2299.6,13,9,1
9:20:43,2299.6,2299.4,2299.8,2,11,30
9:20:44,2299.4,2299.6,2299.8,5,2,31
9:20:44,2299.6,2299.6,2299.8,1,1,31
9:20:45,2299.6,2299.6,2299.8,1,1,31
9:20:45,2299.8,2299.6,2299.8,2,1,30
9:20:46,2299.8,2299.4,2299.6,3,15,1
9:20:46,2299.8,2299.6,2299.8,1,19,28
9:20:47,2299.6,2299.6,2299.8,1,18,28
9:20:48,2299.6,2299.6,2299.8,11,43,28
9:20:48,2299.8,2299.6,2299.8,4,43,25
9:20:49,2299.8,2299.8,2300,25,1,70
9:20:49,2299.8,2299.8,2300,1,10,69
9:20:50,2300,2299.8,2300,20,1,67
9:20:50,2299.6,2299.6,2299.8,2,48,2
9:20:51,2299.8,2299.6,2299.8,3,47,6
9:20:51,2299.8,2299.6,2299.8,3,47,9
9:20:52,2299.8,2299.6,2299.8,1,47,11
9:20:52,2299.8,2299.6,2299.8,3,48,9
9:20:53,2299.6,2299.6,2299.8,31,18,9
9:20:53,2299.6,2299.4,2299.6,42,7,14
9:20:54,2299.6,2299.4,2299.6,6,5,16
9:20:54,2299.6,2299.4,2299.6,1,10,19
9:20:55,2299.4,2299.2,2299.4,17,22,33
9:20:55,2299.2,2299.2,2299.4,3,21,32
9:20:56,2299.4,2299.2,2299.4,2,21,30
9:20:56,2299.2,2299,2299.2,22,34,29
9:20:57,2299,2298.8,2299,30,57,20
9:20:57,2299,2298.8,2299,7,55,22
9:20:58,2298.8,2298.8,2299,16,46,21
9:20:58,2298.8,2298.8,2299,19,39,6
9:20:59,2299.2,2298.8,2299.2,26,25,27
9:20:59,2298.8,2298.8,2299.2,15,11,27
9:21:00,2299.2,2298.8,2299.2,5,10,24
9:21:00,2298.8,2298.8,2299,11,7,4
9:21:01,2298.6,2298.6,2298.8,20,34,1
9:21:01,2299,2298.8,2299,17,2,20
9:21:02,2298.8,2298.6,2298.8,25,31,6
9:21:02,2299,2298.8,2299,14,1,3
9:21:03,2299,2299,2299.2,13,19,43
9:21:03,2299,2299,2299.2,3,17,42
9:21:04,2299,2298.8,2299.2,17,3,42
9:21:04,2298.6,2298.4,2298.6,34,17,9
9:21:05,2299.2,2298.4,2299.2,46,9,39
9:21:05,2298.6,2298.6,2299,3,11,15
9:21:06,2298.8,2298.4,2298.8,21,2,10
9:21:06,2298.6,2298.4,2298.6,7,4,1
9:21:07,2298.4,2298.2,2298.4,5,25,2
9:21:07,2298.4,2298.4,2298.6,5,2,2
9:21:08,2298.4,2298.2,2298.4,5,22,4
9:21:08,2298.4,2298.2,2298.4,7,19,10
9:21:09,2298.2,2298.2,2298.4,11,8,10
9:21:09,2298.2,2298,2298.2,24,40,24
9:21:10,2298,2298,2298.2,28,14,27
9:21:10,2298,2297.8,2298,16,36,8
9:21:11,2298,2297.8,2298,11,30,38
9:21:11,2298,2297.8,2298,11,20,44
9:21:12,2297.8,2297.8,2298,26,1,49
9:21:12,2297.6,2297.6,2297.8,7,11,23
9:21:13,2297.6,2297.6,2297.8,8,9,17
9:21:13,2297.4,2297.4,2297.6,22,21,2
9:21:14,2297.6,2297.6,2297.8,21,7,6
9:21:14,2297.4,2297.4,2297.6,15,20,4
9:21:15,2297.4,2297.2,2297.4,26,46,30
9:21:15,2297.2,2297.2,2297.4,66,40,1
9:21:16,2297.4,2297.4,2297.6,57,1,23
9:21:16,2296.8,2296.8,2297,43,2,2
9:21:17,2296.8,2296.8,2297.2,14,14,49
9:21:17,2296.8,2296.8,2297.2,42,14,53
9:21:18,2297,2296.8,2297,36,16,2
9:21:18,2296.8,2297,2297.2,23,1,49
9:21:19,2297,2296.6,2297,39,102,19
9:21:19,2297,2296.8,2297,14,29,22
9:21:20,2297,2297,2297.2,45,9,56
9:21:20,2297.2,2297,2297.2,16,12,45
9:21:21,2297.2,2297,2297.2,30,5,38
9:21:21,2297.2,2297,2297.2,38,9,14
9:21:22,2297.2,2297.2,2297.4,26,33,52
9:21:22,2297.4,2297.2,2297.4,10,30,49
9:21:23,2297.2,2297.2,2297.4,7,33,45
9:21:23,2297.4,2297.2,2297.4,14,28,29
9:21:24,2297.2,2297.2,2297.4,23,12,24
9:21:24,2297.2,2297.2,2297.4,7,18,22
9:21:25,2297.2,2297.2,2297.4,38,1,12
9:21:25,2297.2,2297,2297.2,12,18,5
9:21:26,2297.2,2297,2297.2,2,18,3
9:21:26,2297.4,2297.4,2297.6,11,4,47
9:21:27,2297.6,2297.2,2297.6,13,5,46
9:21:27,2297.2,2297.2,2297.4,4,3,1
9:21:28,2297.4,2297.2,2297.4,37,7,7
9:21:28,2297.4,2297.2,2297.4,6,10,2
9:21:29,2297.2,2297.2,2297.6,7,16,13
9:21:29,2297.2,2297.2,2297.4,9,13,1
9:21:30,2297.2,2297.4,2297.6,6,18,9
9:21:30,2297.6,2297.4,2297.6,10,11,7
9:21:31,2297.4,2297.2,2297.6,4,21,7
9:21:31,2297.6,2297.6,2297.8,11,25,10
9:21:32,2297.8,2297.6,2297.8,6,21,7
9:21:32,2297.6,2297.6,2297.8,24,10,4
9:21:33,2298,2297.8,2298,9,4,24
9:21:33,2298,2297.8,2298,17,3,24
9:21:34,2298,2297.8,2298,2,4,22
9:21:34,2297.8,2297.8,2298,3,3,21
9:21:35,2298,2297.8,2298,4,8,18
9:21:35,2297.8,2297.6,2298,12,18,16
9:21:36,2298,2298,2298.2,17,7,3
9:21:36,2297.6,2297.4,2297.6,27,15,3
9:21:37,2297.4,2297.4,2297.8,7,13,1
9:21:37,2298,2298,2298.2,3,1,14
9:21:38,2297.8,2297.6,2298,5,6,15
9:21:38,2297.6,2297.6,2297.8,2,7,1
9:21:39,2297.8,2297.8,2298,3,5,18
9:21:39,2297.6,2297.6,2297.8,6,10,3
9:21:40,2297.8,2297.6,2297.8,1,11,2
9:21:40,2297.8,2297.6,2297.8,2,10,1
9:21:41,2297.8,2297.8,2298,2,4,17
9:21:41,2297.8,2297.8,2298,19,3,1
9:21:42,2297.6,2298,2298.2,8,1,11
9:21:42,2298,2297.8,2298.2,1,3,11
9:21:43,2297.8,2297.8,2298.2,4,1,9
9:21:43,2298.2,2297.6,2298.2,2,11,8
9:21:44,2298,2297.8,2298,12,1,3
9:21:44,2297.8,2297.6,2297.8,4,1,10
9:21:45,2297.4,2297.4,2297.6,16,37,6
9:21:45,2297.4,2297.4,2297.6,19,33,1
9:21:46,2297.6,2297.6,2297.8,6,4,3
9:21:46,2297.6,2297.6,2297.8,4,2,5
9:21:47,2297.6,2297.6,2298,16,1,9
9:21:47,2298,2297.6,2298,2,3,7
9:21:48,2297.8,2297.8,2298,3,5,18
9:21:48,2297.6,2297.8,2298,10,24,21
9:21:49,2298,2297.8,2298,14,23,8
9:21:49,2298,2297.8,2298,9,23,1
9:21:50,2298,2297.8,2298,13,14,2
9:21:50,2298,2298,2298.2,14,37,12
9:21:51,2298,2298,2298.2,14,25,11
9:21:51,2298.2,2298,2298.2,6,21,9
9:21:52,2298,2298,2298.2,7,14,9
9:21:52,2298,2298,2298.2,5,12,7
9:21:53,2298.2,2298,2298.2,5,11,7
9:21:53,2298.2,2298,2298.2,2,10,9
9:21:54,2298,2297.8,2298,11,25,43
9:21:54,2298,2297.8,2298,3,25,40
9:21:55,2298,2297.8,2298,5,23,38
9:21:55,2297.8,2297.6,2298,29,5,40
9:21:56,2298,2297.6,2298,5,5,35
9:21:56,2298,2297.8,2298,5,2,34
9:21:57,2297.8,2297.8,2298,5,1,30
9:21:57,2297.8,2297.6,2297.8,1,5,30
9:21:58,2297.6,2297.6,2297.8,4,10,31
9:21:58,2297.8,2297.6,2297.8,5,8,27
9:21:59,2297.6,2297.6,2297.8,11,6,25
9:22:00,2297.8,2297.6,2297.8,2,21,24
9:22:00,2297.8,2297.6,2297.8,2,17,38
9:22:01,2297.6,2297.6,2297.8,28,13,25
9:22:01,2297.4,2297.4,2297.8,24,33,18
9:22:02,2297.8,2297.6,2297.8,8,4,17
9:22:02,2297.8,2297.6,2297.8,38,20,1
9:22:03,2297.8,2297.8,2298,3,19,32
9:22:03,2298,2297.8,2298,2,25,30
9:22:04,2297.8,2297.8,2298,2,35,33
9:22:04,2298,2297.8,2298,23,38,11
9:22:05,2298,2298,2298.2,16,5,19
9:22:05,2298.2,2298,2298.2,22,1,18
9:22:06,2298,2298,2298.2,4,11,16
9:22:06,2298.2,2298,2298.2,15,12,6
9:22:07,2298.2,2298,2298.2,4,22,2
9:22:07,2298.2,2298.2,2298.4,5,2,13
9:22:08,2298.2,2298.2,2298.4,8,12,9
9:22:08,2298.4,2298.2,2298.4,8,7,5
9:22:09,2298.4,2298.2,2298.4,10,7,2
9:22:09,2298.4,2298.2,2298.4,3,21,17
9:22:10,2298.2,2298.2,2298.4,6,19,18
9:22:10,2298.4,2298.2,2298.4,4,19,19
9:22:11,2298.2,2298.2,2298.4,5,18,19
9:22:11,2298.2,2298.2,2298.4,1,17,19
9:22:12,2298.4,2298.2,2298.4,15,22,4
9:22:12,2298.4,2298.4,2298.6,4,4,5
9:22:13,2298.4,2298.2,2298.4,10,22,2
9:22:13,2298.6,2298.4,2298.6,3,3,3
9:22:14,2298.4,2298.4,2298.6,2,2,3
9:22:14,2298.4,2298.2,2298.6,4,22,14
9:22:15,2298.6,2298.2,2298.6,2,22,17
9:22:15,2298.4,2298.2,2298.4,4,22,13
9:22:16,2298.4,2298.2,2298.4,5,22,8
9:22:16,2298.2,2298.2,2298.4,25,2,15
9:22:17,2298.2,2298,2298.2,4,17,18
9:22:17,2298.2,2298,2298.2,5,20,23
9:22:18,2298,2297.8,2298,26,16,15
9:22:18,2298,2297.8,2298,4,15,14
9:22:19,2298,2297.8,2298,2,15,12
9:22:19,2297.8,2298,2298.2,13,1,29
9:22:20,2297.8,2298,2298.2,5,1,28
9:22:20,2298,2298,2298.2,1,2,28
9:22:21,2298.2,2298,2298.2,1,5,27
9:22:21,2298.2,2298,2298.2,3,4,25
9:22:22,2298.2,2298,2298.2,1,4,24
9:22:22,2298.2,2298,2298.2,6,4,20
9:22:23,2298,2298,2298.2,9,3,15
9:22:24,2298.2,2298,2298.2,3,3,6
9:22:24,2298.2,2298,2298.2,1,3,5
9:22:25,2298.2,2298,2298.2,5,6,2
9:22:25,2298.2,2298.2,2298.4,2,2,7
9:22:26,2298.2,2298,2298.4,7,5,8
9:22:26,2298.4,2298,2298.4,1,5,14
9:22:27,2298.2,2298,2298.4,8,12,15
9:22:27,2298.4,2298.2,2298.4,1,1,14
9:22:28,2298.4,2298,2298.4,3,16,13
9:22:28,2298.4,2298,2298.2,2,17,8
9:22:29,2298.2,2298,2298.2,18,3,6
9:22:29,2298.2,2298,2298.4,8,2,12
9:22:30,2298.2,2298,2298.4,5,7,23
9:22:31,2298.4,2298,2298.4,6,27,24
9:22:31,2298.2,2298,2298.2,3,27,5
9:22:33,2298.2,2298,2298.2,15,29,3
9:22:34,2298.2,2298,2298.4,4,28,14
9:22:34,2298,2298,2298.4,1,28,14
9:22:35,2298,2298.2,2298.4,1,5,15
9:22:36,2298.4,2298.2,2298.4,8,6,10
9:22:37,2298.4,2298.2,2298.4,2,5,9
9:22:37,2298.2,2298,2298.2,6,33,24
9:22:38,2298.2,2298,2298.2,2,33,22
9:22:38,2298.2,2298,2298.2,2,33,22
9:22:39,2298.2,2297.8,2298.2,42,9,21
9:22:39,2298.2,2297.8,2298,1,9,2
9:22:40,2298,2297.8,2298,2,9,7
9:22:41,2298,2297.8,2298,3,9,5
9:22:41,2298,2297.8,2298,2,8,4
9:22:42,2297.8,2297.8,2298,1,7,4
9:22:42,2298,2297.8,2298,1,7,3
9:22:43,2297.8,2297.6,2297.8,7,17,7
9:22:44,2298,2298,2298.2,30,7,28
9:22:44,2298,2297.4,2298,7,23,1
9:22:46,2297.8,2297.6,2298,2,14,9
9:22:47,2297.6,2297.6,2298,2,12,10
9:22:47,2297.6,2297.6,2298,1,20,11
9:22:48,2297.4,2297.4,2297.6,18,22,36
9:22:49,2297.6,2297.4,2297.6,8,22,29
9:22:49,2297.4,2297.4,2297.6,8,14,29
9:22:50,2297.4,2297.2,2297.4,33,40,20
9:22:50,2297.2,2297.2,2297.4,24,24,16
9:22:51,2297.2,2297.2,2297.4,6,19,16
9:22:51,2297.2,2297.2,2297.4,12,8,17
9:22:52,2297.4,2297.2,2297.4,9,1,16
9:22:52,2297.2,2297,2297.2,2,52,3
9:22:53,2297.2,2297.2,2297.4,7,3,21
9:22:53,2297.4,2297.2,2297.4,2,1,19
9:22:54,2297.4,2297,2297.4,8,50,17
9:22:54,2297,2297,2297.2,2,58,16
9:22:55,2297,2297,2297.2,11,54,11
9:22:55,2297.2,2297,2297.2,2,54,19
9:22:56,2297,2297,2297.2,47,11,15
9:22:56,2297,2296.8,2297,25,28,1
9:22:57,2297,2296.8,2297,1,28,32
9:22:57,2297,2296.8,2297,3,27,30
9:22:58,2296.8,2296.8,2297,12,23,25
9:22:58,2296.8,2296.8,2297,9,19,23
9:22:59,2297,2296.8,2297,48,9,25
9:22:59,2297,2296.8,2297,9,12,19
9:23:00,2296.8,2296.8,2297,7,11,18
9:23:00,2297,2297,2297.2,24,6,2
9:23:01,2297.2,2297.2,2297.4,3,1,24
9:23:01,2297.2,2297.2,2297.4,14,3,21
9:23:02,2297.4,2297.2,2297.4,2,29,19
9:23:03,2297.6,2297.4,2297.6,20,14,12
9:23:03,2297.4,2297.4,2297.6,2,21,19
9:23:04,2297.8,2297.6,2297.8,20,10,1
9:23:04,2297.6,2297.6,2298,3,18,14
9:23:05,2297.6,2297.8,2298,1,2,18
9:23:05,2298,2297.6,2298,20,14,7
9:23:06,2298,2298,2298.2,8,4,32
9:23:06,2298.2,2298,2298.2,5,1,31
9:23:07,2298,2297.8,2298,8,8,3
9:23:07,2298,2297.8,2298,4,7,2
9:23:08,2298,2297.8,2298,1,16,5
9:23:08,2298,2297.8,2298,3,15,5
9:23:09,2298,2297.8,2298,3,15,4
9:23:09,2298,2297.8,2298,4,15,3
9:23:10,2298,2297.8,2298,2,14,3
9:23:10,2298,2298,2298.2,4,1,31
9:23:11,2298.2,2298,2298.2,9,7,27
9:23:11,2298,2298,2298.2,4,4,25
9:23:12,2298,2298,2298.2,3,6,26
9:23:12,2298.2,2298,2298.2,3,6,25
9:23:13,2297.8,2297.8,2298,7,8,4
9:23:13,2297.8,2297.8,2298,4,9,3
9:23:14,2297.8,2297.8,2298,3,7,6
9:23:14,2297.8,2297.6,2297.8,8,15,14
9:23:15,2297.8,2297.6,2297.8,1,13,14
9:23:15,2297.6,2297.6,2297.8,8,12,9
9:23:16,2297.8,2297.6,2297.8,2,17,7
9:23:17,2297.8,2297.8,2298,8,1,16
9:23:19,2298,2297.8,2298,1,7,18
9:23:19,2298,2297.8,2298,3,9,15
9:23:21,2297.8,2297.8,2298,12,9,7
9:23:22,2298,2297.8,2298,6,10,6
9:23:22,2298,2297.8,2298,6,9,1
9:23:23,2298,2298,2298.2,1,2,32
9:23:23,2298,2298,2298.2,1,3,32
9:23:24,2298,2298,2298.2,4,1,31
9:23:25,2298.2,2298,2298.2,4,3,28
9:23:25,2298,2297.8,2298.2,5,10,27
9:23:26,2297.8,2297.8,2298.2,12,11,16
9:23:26,2298,2297.8,2298.2,5,11,16
9:23:27,2298,2297.8,2298.2,1,14,19
9:23:28,2298.2,2298.2,2298.4,19,3,37
9:23:28,2298,2297.8,2298.2,4,14,15
9:23:29,2298,2297.8,2298,3,14,2
9:23:29,2298.2,2297.8,2298.2,14,7,5
9:23:30,2298,2297.8,2298.2,3,10,6
9:23:31,2298.2,2297.8,2298.2,2,11,6
9:23:31,2298.2,2298,2298.2,2,1,6
9:23:32,2298.2,2297.8,2298.2,2,12,5
9:23:32,2297.8,2297.8,2298.2,3,14,4
9:23:33,2298.2,2297.8,2298.2,3,14,1
9:23:33,2298.2,2297.8,2298.4,1,14,38
9:23:34,2298.2,2297.8,2298,1,14,7
9:23:35,2297.8,2297.8,2298,5,13,3
9:23:35,2297.8,2297.8,2298,5,8,5
9:23:36,2297.8,2297.8,2298,7,1,7
9:23:36,2297.8,2297.6,2297.8,6,32,1
9:23:37,2297.6,2297.6,2297.8,1,31,2
9:23:38,2297.8,2297.6,2297.8,3,31,1
9:23:38,2297.6,2297.8,2298,31,1,13
9:23:39,2298,2297.8,2298,10,2,4
9:23:39,2297.8,2297.6,2298,2,5,1
9:23:40,2297.6,2297.6,2298,5,3,3
9:23:40,2297.6,2297.6,2297.8,4,1,6
9:23:41,2297.6,2297.6,2297.8,2,1,9
9:23:41,2297.8,2297.6,2297.8,2,1,7
9:23:42,2297.6,2297.6,2297.8,8,5,3
9:23:42,2297.6,2297.4,2297.6,5,14,15
9:23:43,2297.2,2297.2,2297.6,17,32,15
9:23:43,2297.6,2297.2,2297.6,4,31,11
9:23:44,2297.6,2297.2,2297.4,4,31,1
9:23:44,2297.4,2297.4,2297.6,7,1,10
9:23:45,2297.2,2297.2,2297.6,6,20,15
9:23:45,2297.6,2297.2,2297.6,4,17,14
9:23:46,2297.2,2297.2,2297.4,2,16,5
9:23:46,2297.2,2297.2,2297.4,7,10,5
9:23:47,2297,2297,2297.4,25,18,5
9:23:47,2297,2296.8,2297,19,20,5
9:23:48,2296.8,2296.8,2297,5,18,5
9:23:48,2296.8,2296.8,2297,4,17,5
9:23:49,2296.8,2297,2297.2,10,2,1
9:23:49,2297.2,2296.8,2297.2,9,14,3
9:23:50,2296.8,2296.8,2297.4,5,12,4
9:23:50,2296.8,2297,2297.2,3,5,1
9:23:51,2297.4,2297.2,2297.4,3,1,5
9:23:51,2297,2297,2297.2,13,8,1
9:23:52,2297,2296.8,2297.2,10,11,16
9:23:52,2296.8,2296.8,2297.2,5,10,18
9:23:53,2296.8,2296.8,2297,7,6,9
9:23:53,2296.8,2296.6,2296.8,6,46,20
9:23:54,2296.8,2296.6,2296.8,11,37,23
9:23:54,2296.6,2296.6,2296.8,8,31,28
9:23:55,2296.6,2296.4,2296.6,78,4,16
9:23:55,2296.4,2296.2,2296.4,14,36,7
9:23:56,2296.4,2296.4,2296.8,48,4,1
9:23:56,2296.6,2296.2,2296.8,17,25,5
9:23:57,2296.4,2296.4,2296.8,8,24,8
9:23:57,2296.4,2296.4,2296.8,5,21,8
9:23:58,2296.4,2296.6,2296.8,14,2,17
9:23:58,2296.8,2296.6,2296.8,12,1,13
9:23:59,2296.6,2296.4,2296.6,5,18,3
9:23:59,2296.4,2296.4,2296.8,9,18,12
9:24:00,2296.6,2296.6,2296.8,16,11,9
9:24:00,2296.6,2296.4,2296.6,22,9,3
9:24:01,2296.6,2296.6,2296.8,16,16,7
9:24:01,2296.8,2296.6,2296.8,3,15,7
9:24:02,2296.8,2296.8,2297,19,4,9
9:24:02,2296.8,2296.8,2297,14,14,3
9:24:03,2297,2296.8,2297,7,12,1
9:24:03,2297,2296.8,2297,14,3,4
9:24:04,2296.8,2296.6,2296.8,8,10,6
9:24:05,2296.6,2296.6,2296.8,15,2,1
9:24:05,2296.8,2296.4,2296.8,7,25,8
9:24:06,2296.6,2296.4,2296.8,5,25,4
9:24:06,2296.6,2296.4,2296.6,5,25,3
9:24:07,2296.8,2296.6,2297,15,1,14
9:24:07,2296.6,2296.4,2297,15,10,14
9:24:08,2296.4,2296.2,2296.4,11,46,5
9:24:08,2296.4,2296.2,2296.4,8,34,2
9:24:09,2296.4,2296.4,2296.6,3,9,3
9:24:09,2296.6,2296.6,2296.8,12,1,23
9:24:10,2296.4,2296.2,2296.4,12,36,22
9:24:10,2296.2,2296.2,2296.4,36,14,10
9:24:11,2296,2296,2296.2,53,69,7
9:24:11,2296.2,2296,2296.2,54,25,8
9:24:12,2296,2296,2296.2,16,14,4
9:24:12,2295.8,2295.8,2296.2,43,48,1
9:24:13,2295.8,2296,2296.2,22,9,1
9:24:13,2296,2296,2296.8,17,9,8
9:24:14,2296,2296.2,2296.4,6,24,1
9:24:14,2296.4,2296.4,2296.6,47,14,4
9:24:15,2296.2,2296.2,2296.6,32,29,1
9:24:15,2296.6,2296.6,2296.8,8,1,11
9:24:16,2296.6,2296.2,2296.6,5,26,9
9:24:16,2296.2,2296.2,2296.6,5,24,8
9:24:17,2296.6,2296.4,2296.6,7,1,17
9:24:17,2296.4,2296.4,2296.6,1,1,17
9:24:18,2296.2,2296.2,2296.6,2,22,17
9:24:18,2296.6,2296.2,2296.6,7,21,12
9:24:19,2296.6,2296.4,2296.6,2,2,10
9:24:19,2296.6,2296.4,2296.6,3,5,9
9:24:20,2296.6,2296.4,2296.6,6,6,4
9:24:20,2296.4,2296.6,2296.8,16,1,28
9:24:21,2296.6,2296.6,2296.8,6,16,29
9:24:22,2296.8,2296.6,2296.8,5,23,24
9:24:22,2296.8,2296.8,2297,24,3,16
9:24:23,2297,2296.8,2297,3,4,15
9:24:23,2296.8,2296.8,2297,2,3,9
9:24:24,2297,2296.8,2297,8,7,1
9:24:24,2297,2296.8,2297,2,14,9
9:24:25,2297,2296.8,2297,5,14,7
9:24:25,2297,2297,2297.2,7,2,24
9:24:26,2297,2297,2297.2,2,1,24
9:24:26,2297,2296.8,2297,3,15,19
9:24:27,2296.8,2296.8,2297,33,14,4
9:24:27,2297,2296.8,2297,2,14,2
9:24:28,2297,2297,2297.2,10,4,15
9:24:28,2297.2,2297.2,2297.4,19,6,5
9:24:29,2297.2,2297.2,2297.4,3,3,5
9:24:29,2297.4,2297.2,2297.4,7,4,4
9:24:30,2297.4,2297.2,2297.4,3,5,1
9:24:30,2297.4,2297.2,2297.4,5,2,1
9:24:31,2297.4,2297.4,2297.6,1,2,6
9:24:31,2297.4,2297.2,2297.4,4,3,4
9:24:32,2297.8,2297.6,2297.8,20,10,12
9:24:32,2297.6,2297.6,2297.8,7,5,10
9:24:33,2297.8,2297.6,2297.8,6,5,4
9:24:33,2298,2297.6,2298,19,5,12
9:24:34,2297.6,2297.8,2298,5,3,11
9:24:34,2297.8,2297.8,2298,4,2,8
9:24:35,2298,2297.8,2298,6,10,5
9:24:35,2297.8,2297.8,2298,6,6,7
9:24:36,2298,2297.8,2298,3,5,6
9:24:36,2298,2298,2298.2,11,5,44
9:24:37,2298.2,2298,2298.2,4,5,61
9:24:37,2298.2,2298,2298.2,5,14,59
9:24:38,2298.2,2298,2298.2,16,6,51
9:24:38,2298.2,2298,2298.2,9,3,46
9:24:39,2298.2,2298,2298.2,4,2,44
9:24:39,2298,2297.8,2298,15,2,7
9:24:40,2298,2297.8,2298,2,4,7
9:24:40,2298,2297.6,2297.8,14,5,1
9:24:41,2298,2297.8,2298,15,2,3
9:24:41,2298.2,2297.6,2298.2,5,5,48
9:24:42,2298.2,2298,2298.2,12,46,45
9:24:42,2298,2298,2298.2,2,45,45
9:24:43,2298.2,2298,2298.2,9,39,43
9:24:43,2298.2,2298,2298.2,5,39,39
9:24:44,2298.2,2298,2298.2,4,39,40
9:24:44,2298.2,2298,2298.2,16,31,29
9:24:45,2298,2298,2298.2,17,18,26
9:24:45,2298.2,2298,2298.2,9,18,18
9:24:46,2298.2,2297.8,2298.2,34,1,6
9:24:46,2298.2,2297.8,2298,2,1,11
9:24:47,2298.2,2297.8,2298,3,2,8
9:24:47,2298.2,2298,2298.2,11,14,9
9:24:48,2298.2,2298,2298.2,4,13,18
9:24:48,2298,2298,2298.2,1,12,19
9:24:49,2298.2,2298,2298.2,3,12,16
9:24:49,2298.2,2298,2298.2,3,13,14
9:24:50,2298,2298,2298.2,5,12,14
9:24:50,2298,2298,2298.2,8,4,14
9:24:51,2298,2298,2298.2,13,1,4
9:24:51,2298.2,2298,2298.2,5,1,6
9:24:52,2298,2297.8,2298,4,14,7
9:24:52,2298,2297.8,2298,5,12,6
9:24:53,2298,2297.8,2298,3,10,9
9:24:53,2298,2297.8,2298,2,10,9
9:24:54,2298,2297.8,2298,2,10,9
9:24:54,2297.8,2297.8,2298,1,10,9
9:24:55,2298,2297.8,2298.2,11,11,34
9:24:55,2298,2298,2298.2,2,2,36
9:24:56,2297.8,2297.8,2298.2,11,4,42
9:24:56,2298,2297.8,2298,2,3,1
9:24:57,2298,2297.8,2298,1,6,9
9:24:57,2298,2297.8,2298,1,6,8
9:24:58,2297.8,2297.8,2298,2,6,11
9:24:59,2298,2298,2298.2,13,11,47
9:25:00,2297.8,2297.8,2298,18,10,1
9:25:00,2298,2298,2298.2,13,2,40
9:25:01,2298.2,2298,2298.2,18,1,33
9:25:01,2298.2,2297.8,2298,3,10,1
9:25:02,2298,2298,2298.2,6,7,33
9:25:02,2298,2298,2298.2,8,2,32
9:25:03,2298,2297.8,2298,10,27,2
9:25:03,2298,2297.8,2298,3,28,1
9:25:04,2297.8,2297.8,2298,5,25,2
9:25:04,2298,2298,2298.2,2,25,32
9:25:05,2298,2298,2298.2,1,26,32
9:25:05,2298,2298,2298.2,8,19,31
9:25:06,2298,2298,2298.2,7,21,31
9:25:06,2298.2,2298,2298.2,10,9,27
9:25:07,2298,2298,2298.2,2,7,27
9:25:07,2298,2298,2298.2,1,9,31
9:25:08,2298.2,2298,2298.2,1,9,30
9:25:08,2298.2,2298,2298.2,3,11,28
9:25:09,2298.2,2298,2298.2,15,8,17
9:25:09,2298.2,2298,2298.2,11,7,8
9:25:10,2298.2,2298,2298.2,6,10,2
9:25:10,2298.2,2298.2,2298.4,2,40,39
9:25:11,2298.4,2298.2,2298.4,15,34,30
9:25:11,2298.6,2298.4,2298.6,64,3,35
9:25:12,2298.6,2298.4,2298.6,28,1,10
9:25:12,2298.6,2298.6,2298.8,11,1,37
9:25:13,2298.6,2298.4,2298.6,28,4,14
9:25:13,2298.6,2298.4,2298.6,12,4,4
9:25:14,2298.6,2298.4,2298.6,9,3,4
9:25:14,2298.4,2298.2,2298.6,5,29,5
9:25:15,2298.4,2298.2,2298.4,8,29,5
9:25:15,2298.4,2298.2,2298.4,6,28,3
9:25:16,2298.6,2298.6,2298.8,11,25,16
9:25:16,2298.6,2298.6,2298.8,7,19,18
9:25:17,2298.6,2298.4,2298.6,19,5,53
9:25:17,2298.2,2298.2,2298.4,9,30,1
9:25:18,2298.4,2298.4,2298.6,7,5,57
9:25:18,2298.2,2298.2,2298.4,15,26,11
9:25:19,2298.4,2298.2,2298.4,12,29,6
9:25:19,2298.4,2298.2,2298.4,4,30,3
9:25:20,2298.4,2298.4,2298.6,7,1,64
9:25:20,2298.4,2298.4,2298.6,1,2,65
9:25:21,2298.4,2298.2,2298.4,7,24,6
9:25:21,2298.4,2298.2,2298.4,5,27,17
9:25:22,2298.2,2298,2298.2,30,18,1
9:25:22,2298.2,2298,2298.2,3,18,11
9:25:23,2298.2,2298,2298.2,3,18,11
9:25:23,2298,2298,2298.2,3,17,19
9:25:24,2298,2298,2298.2,2,21,18
9:25:24,2298,2298,2298.2,3,20,17
9:25:25,2298,2298,2298.2,20,29,17
9:25:25,2298.2,2298,2298.2,16,29,1
9:25:26,2298.2,2298,2298.2,4,26,1
9:25:26,2298,2298,2298.2,1,29,1
9:25:27,2298,2298,2298.4,13,18,6
9:25:27,2298.4,2298,2298.4,2,23,14
9:25:28,2298.2,2298.2,2298.4,1,19,14
9:25:28,2298.2,2298.2,2298.4,2,17,19
9:25:29,2298.2,2298.2,2298.4,2,22,19
9:25:30,2298.2,2298.2,2298.4,1,21,19
9:25:30,2298.2,2298,2298.2,23,24,15
9:25:31,2298.2,2298,2298.2,3,24,12
9:25:32,2298,2298,2298.2,2,22,13
9:25:32,2298.2,2298,2298.2,9,21,6
9:25:33,2298.2,2298.2,2298.4,34,10,19
9:25:34,2298.4,2298.2,2298.4,4,8,21
9:25:35,2298.2,2298.2,2298.4,2,6,25
9:25:36,2298.2,2298,2298.2,7,22,1
9:25:36,2298.2,2298.2,2298.4,3,2,29
9:25:37,2298.2,2298.2,2298.4,1,1,29
9:25:37,2298.4,2298.2,2298.4,1,1,29
9:25:38,2298.2,2298.2,2298.4,1,1,29
9:25:38,2298,2298,2298.4,4,20,29
9:25:39,2298,2298,2298.2,2,18,2
9:25:39,2298,2298,2298.2,1,17,2
9:25:40,2298,2298,2298.2,6,12,38
9:25:40,2298,2298,2298.2,3,9,40
9:25:41,2298,2297.8,2298,9,11,30
9:25:42,2298,2297.8,2298,2,11,32
9:25:42,2298,2297.8,2298,7,5,38
9:25:43,2298,2297.8,2298,1,5,41
9:25:44,2297.8,2297.8,2298,1,5,42
9:25:45,2297.8,2297.8,2298,1,4,44
9:25:45,2298,2297.8,2298,2,4,50
9:25:46,2297.6,2297.6,2297.8,13,4,3
9:25:46,2297.6,2297.6,2297.8,4,3,23
9:25:47,2297.6,2297.4,2297.6,3,10,13
9:25:47,2297.4,2297.2,2297.4,13,7,2
9:25:48,2297,2297,2297.2,10,17,14
9:25:48,2297.4,2296.8,2297.4,57,7,3
9:25:49,2297,2297,2297.4,5,8,8
9:25:49,2297,2297,2297.4,5,6,11
9:25:50,2297.2,2297.2,2297.4,2,10,15
9:25:50,2297.2,2297,2297.2,15,8,4
9:25:51,2297,2297,2297.2,4,7,17
9:25:51,2297,2296.8,2297,13,7,1
9:25:52,2297,2296.8,2297.2,5,25,5
9:25:52,2296.8,2296.8,2297,4,22,39
9:25:53,2296.8,2296.8,2297,5,21,37
9:25:53,2296.8,2296.8,2297,19,18,23
9:25:54,2297,2296.8,2297,18,15,11
9:25:54,2297,2296.8,2297,11,12,9
9:25:55,2297,2296.8,2297,9,9,6
9:25:55,2297,2296.8,2297,8,4,5
9:25:56,2297,2296.8,2297,6,12,1
9:25:56,2296.8,2296.8,2297,7,8,1
9:25:57,2296.8,2296.6,2296.8,10,67,2
9:25:57,2296.8,2296.6,2296.8,7,71,2
9:25:58,2296.8,2296.6,2297.2,8,65,7
9:25:58,2296.8,2296.8,2297.2,6,19,6
9:25:59,2296.8,2296.8,2297.2,4,26,6
9:25:59,2296.8,2296.8,2297.2,6,22,30
9:26:00,2297,2297,2297.2,7,41,27
9:26:01,2297.2,2297,2297.2,27,35,6
9:26:01,2297,2297,2297.2,23,14,7
9:26:02,2297,2297,2297.2,11,8,7
9:26:02,2297.2,2297,2297.2,4,8,4
9:26:03,2297.2,2297,2297.2,9,6,1
9:26:03,2297.2,2297.2,2297.4,1,1,1
9:26:04,2297,2297.2,2297.4,2,1,2
9:26:04,2297.2,2297.2,2297.4,3,3,2
9:26:05,2297.2,2297,2297.4,4,8,1
9:26:06,2297.4,2297.2,2297.6,2,7,5
9:26:06,2297.2,2297.4,2297.6,2,1,5
9:26:07,2297.6,2297.6,2297.8,5,5,6
9:26:08,2297.8,2297.6,2297.8,17,11,5
9:26:09,2297.8,2297.6,2297.8,1,11,4
9:26:09,2297.8,2297.8,2298,6,1,20
9:26:10,2297.6,2297.8,2298,5,1,20
9:26:10,2298,2297.8,2298,15,9,10
9:26:11,2298,2297.8,2298,5,9,7
9:26:11,2297.8,2297.8,2298,7,5,2
9:26:12,2298.2,2298,2298.2,3,1,8
9:26:12,2298,2297.8,2298.2,7,10,6
9:26:13,2298.2,2298,2298.2,2,1,4
9:26:13,2298.2,2298,2298.2,4,1,5
9:26:14,2298.2,2298.2,2298.4,8,1,18
9:26:14,2298,2297.8,2298.4,18,9,3
9:26:15,2298.2,2298,2298.2,3,1,21
9:26:16,2298.2,2298,2298.2,3,1,19
9:26:16,2298.2,2298,2298.2,2,3,19
9:26:17,2298,2298,2298.2,3,2,19
9:26:17,2298,2297.8,2298,3,12,9
9:26:18,2298,2297.8,2298,2,12,7
9:26:18,2298,2297.8,2298,16,7,1
9:26:19,2297.8,2297.8,2298,2,7,6
9:26:20,2298,2297.8,2298,2,6,5
9:26:20,2298,2297.8,2298,1,6,4
9:26:21,2298,2297.8,2298,1,6,5
9:26:21,2298,2298,2298.2,5,1,34
9:26:22,2298,2298,2298.2,1,1,36
9:26:23,2298.2,2298,2298.2,4,4,32
9:26:23,2298,2298,2298.2,3,3,40
9:26:24,2298,2298,2298.2,2,1,40
9:26:24,2298.2,2298,2298.2,1,2,39
9:26:25,2297.8,2297.8,2298.2,4,9,40
9:26:26,2298.2,2297.8,2298,11,10,4
9:26:26,2297.8,2297.8,2298,2,9,3
9:26:27,2298,2298,2298.2,13,3,34
9:26:27,2298.2,2298,2298.2,13,7,21
9:26:28,2298,2298,2298.2,3,6,19
9:26:28,2298.2,2298,2298.2,13,10,7
9:26:29,2298.2,2298,2298.2,4,9,4
9:26:30,2298,2297.8,2298,11,15,40
9:26:31,2298,2297.8,2298,24,6,27
9:26:31,2297.8,2297.6,2297.8,11,8,4
9:26:32,2297.8,2297.6,2297.8,5,8,3
9:26:32,2297.8,2297.6,2297.8,12,1,7
9:26:33,2297.4,2297.4,2297.8,20,11,8
9:26:33,2297.8,2297,2297.8,24,8,5
9:26:34,2297.6,2297.2,2297.4,2,3,1
9:26:34,2297.2,2297,2297.2,4,9,2
9:26:35,2297.4,2297,2297.6,1,9,5
9:26:35,2297.2,2297,2297.6,3,10,16
9:26:36,2297.4,2297,2297.4,1,9,8
9:26:36,2297,2297,2297.4,9,7,6
9:26:37,2297.4,2297.2,2297.4,2,1,4
9:26:37,2297.2,2297.2,2297.4,1,5,4
9:26:38,2297.2,2297.2,2297.4,2,4,3
9:26:38,2297.2,2297.2,2297.4,1,6,4
9:26:39,2297.4,2297.4,2297.6,5,3,5
9:26:39,2297.6,2297.4,2297.6,2,43,3
9:26:40,2297.6,2297.6,2297.8,6,9,4
9:26:40,2297.8,2297.8,2298,1,1,23
9:26:41,2298,2297.6,2298,8,19,17
9:26:41,2297.6,2297.6,2298,5,11,15
9:26:42,2298,2297.8,2298,6,2,11
9:26:42,2298,2297.8,2298,2,2,9
9:26:43,2297.8,2297.8,2298,10,1,6
9:26:43,2297.8,2297.6,2297.8,3,8,1
9:26:44,2298,2297.6,2298,3,8,2
9:26:46,2297.8,2297.6,2298,1,13,5
9:26:46,2297.6,2297.4,2297.6,14,45,7
9:26:47,2297.6,2297.6,2298,19,34,4
9:26:47,2298.2,2298,2298.2,6,27,12
9:26:48,2298.2,2298.2,2298.4,19,8,7
9:26:48,2297.6,2297.6,2298.6,13,3,14
9:26:49,2297.6,2297.8,2298,1,4,1
9:26:49,2298,2297.8,2298,4,4,4
9:26:50,2297.8,2297.8,2298,3,3,4
9:26:50,2297.8,2297.8,2298,1,18,7
9:26:51,2297.8,2297.8,2298,5,16,6
9:26:52,2297.8,2297.8,2298,6,2,7
9:26:52,2297.8,2297.6,2297.8,3,22,2
9:26:53,2297.8,2297.6,2298,5,22,11
9:26:53,2297.8,2297.6,2297.8,1,22,1
9:26:54,2297.8,2297.6,2298,1,22,13
9:26:54,2298,2297.6,2298,10,23,3
9:26:56,2298,2297.8,2298,1,10,3
9:26:57,2297.8,2297.8,2298,4,8,2
9:26:57,2297.8,2297.8,2298,6,15,2
9:26:58,2297.8,2297.8,2298,1,14,6
9:26:58,2298,2297.8,2298,6,13,1
9:26:59,2298,2297.8,2298,5,5,1
9:26:59,2297.8,2297.8,2298,3,2,7
9:27:00,2298,2297.6,2298,4,25,13
9:27:00,2297.6,2297.6,2297.8,2,24,35
9:27:01,2297.6,2297.6,2297.8,17,9,33
9:27:01,2297.6,2297.4,2297.6,24,46,4
9:27:02,2297.4,2297.4,2297.6,12,45,13
9:27:02,2297.6,2297.6,2297.8,64,1,34
9:27:03,2297.6,2297.2,2297.6,5,20,17
9:27:03,2297.2,2297.4,2297.6,16,3,14
9:27:04,2297.4,2297.2,2297.4,4,15,14
9:27:04,2297.4,2297.2,2297.4,4,33,12
9:27:05,2297.4,2297.2,2297.4,3,32,3
9:27:06,2297.4,2297.4,2297.6,3,8,16
9:27:06,2297.4,2297.4,2297.6,3,7,19
9:27:07,2297.6,2297.4,2297.6,1,12,24
9:27:07,2297.6,2297.4,2297.6,9,12,12
9:27:08,2297.6,2297.4,2297.6,6,8,10
9:27:08,2297.6,2297.4,2297.6,2,10,8
9:27:09,2297.6,2297.6,2297.8,8,3,1
9:27:09,2297.4,2297.2,2297.8,14,41,1
9:27:10,2297.6,2297.4,2297.6,6,41,2
9:27:10,2297.6,2297.6,2297.8,4,11,2
9:27:11,2297.8,2297.8,2298,4,2,20
9:27:11,2298,2297.8,2298,2,1,19
9:27:12,2298,2297.8,2298,17,1,2
9:27:12,2297.8,2297.6,2297.8,8,21,23
9:27:13,2297.6,2297.6,2297.8,6,15,18
9:27:14,2297.6,2297.6,2297.8,4,13,16
9:27:14,2297.6,2297.6,2297.8,4,11,14
9:27:15,2297.6,2297.6,2297.8,2,18,14
9:27:15,2297.8,2297.6,2297.8,2,18,12
9:27:16,2297.6,2297.6,2297.8,5,13,12
9:27:16,2297.6,2297.6,2297.8,1,12,12
9:27:17,2297.8,2297.6,2297.8,3,11,10
9:27:17,2297.8,2297.6,2297.8,1,11,9
9:27:18,2297.8,2297.6,2297.8,1,13,8
9:27:18,2297.8,2297.6,2297.8,1,13,7
9:27:19,2297.6,2297.6,2297.8,5,9,7
9:27:19,2297.6,2297.6,2297.8,3,8,7
9:27:20,2297.8,2297.6,2297.8,3,4,5
9:27:20,2297.6,2297.6,2298,6,6,8
9:27:21,2298,2297.8,2298,5,1,3
9:27:21,2297.8,2297.8,2298,1,12,3
9:27:22,2298,2298,2298.2,3,21,23
9:27:22,2298,2298,2298.2,1,21,23
9:27:23,2298,2298,2298.2,19,11,22
9:27:24,2297.8,2297.8,2298.2,13,11,22
9:27:24,2298,2297.8,2298,1,11,29
9:27:25,2297.8,2297.8,2298,1,3,29
9:27:25,2298,2297.8,2298,3,3,46
9:27:26,2297.8,2297.6,2297.8,5,10,1
9:27:26,2298,2297.6,2297.8,7,10,21
9:27:27,2297.6,2297.4,2297.6,13,7,10
9:27:27,2297.6,2297.4,2297.6,6,6,8
9:27:28,2297.6,2297.4,2297.6,11,15,1
9:27:28,2297.6,2297.4,2297.8,1,15,26
9:27:29,2297.4,2297.4,2297.8,1,14,26
9:27:29,2297.8,2297.6,2297.8,2,2,20
9:27:30,2297.8,2297.6,2297.8,1,5,20
9:27:30,2297.6,2297.6,2297.8,2,9,20
9:27:31,2297.6,2297.6,2297.8,4,5,20
9:27:31,2297.6,2297.6,2297.8,1,14,20
9:27:32,2297.8,2297.6,2297.8,22,10,1
9:27:32,2297.8,2297.8,2298,1,9,47
9:27:34,2298,2297.8,2298,1,11,48
9:27:35,2298,2297.8,2298,3,11,45
9:27:35,2298,2297.8,2298,2,10,44
9:27:36,2298,2297.8,2298,9,10,36
9:27:37,2298,2297.8,2298,6,9,31
9:27:37,2298.2,2298,2298.2,34,10,5
9:27:38,2298.2,2298.2,2298.4,7,4,16
9:27:38,2298,2298,2298.4,6,17,16
9:27:39,2298.4,2298.2,2298.4,7,5,12
9:27:39,2298.4,2298.2,2298.4,3,5,16
9:27:40,2298.4,2298.2,2298.4,3,4,14
9:27:40,2298.4,2298.2,2298.4,7,13,8
9:27:41,2298.4,2298.2,2298.4,5,13,3
9:27:41,2298.4,2298.4,2298.6,5,9,41
9:27:42,2298.6,2298.4,2298.6,9,18,37
9:27:43,2298.6,2298.4,2298.6,4,27,35
9:27:43,2298.6,2298.4,2298.6,15,16,32
9:27:44,2298.6,2298.4,2298.6,9,14,27
9:27:44,2298.6,2298.4,2298.6,7,12,23
9:27:45,2298.6,2298.6,2298.8,25,2,28
9:27:45,2298.6,2298.4,2298.6,5,11,5
9:27:46,2298.6,2298.4,2298.6,7,6,11
9:27:46,2298.8,2298.6,2298.8,22,24,28
9:27:47,2298.6,2298.6,2298.8,7,21,29
9:27:47,2298.8,2298.6,2298.8,5,19,49
9:27:48,2298.8,2298.6,2298.8,29,22,28
9:27:48,2298.8,2298.6,2298.8,8,50,23
9:27:49,2298.8,2298.6,2298.8,24,45,6
9:27:49,2298.8,2298.8,2299,9,5,45
9:27:50,2298.8,2298.8,2299,3,8,47
9:27:50,2299,2298.8,2299,14,6,42
9:27:51,2299,2298.8,2299,13,8,31
9:27:51,2298.8,2298.6,2299,12,47,27
9:27:52,2299,2298.6,2299,15,47,14
9:27:52,2299,2298.8,2299,17,1,1
9:27:53,2299,2298.8,2299,5,3,8
9:27:53,2298.8,2298.8,2299,8,3,2
9:27:54,2298.8,2298.8,2299,5,11,1
9:27:54,2299,2299,2299.2,2,3,30
9:27:55,2299,2298.8,2299,5,27,15
9:27:55,2299,2298.8,2299,13,17,19
9:27:56,2298.8,2298.8,2299,8,14,19
9:27:56,2298.8,2298.8,2299,9,6,28
9:27:57,2299,2298.8,2299,14,6,14
9:27:57,2299,2298.6,2299,14,37,11
9:27:58,2298.8,2298.6,2298.8,5,42,19
9:27:58,2299,2298.8,2299,32,5,10
9:27:59,2299,2298.8,2299.2,14,6,36
9:28:00,2299,2298.8,2299,4,12,4
9:28:00,2298.8,2298.8,2299,14,9,3
9:28:01,2299,2298.6,2299,14,33,6
9:28:01,2298.6,2298.6,2299,11,27,18
9:28:02,2299,2298.8,2299,10,7,17
9:28:02,2298.8,2298.8,2299,13,6,6
9:28:03,2298.8,2298.8,2299,25,5,1
9:28:03,2298.8,2298.6,2298.8,36,11,1
9:28:04,2298.8,2298.6,2298.8,1,12,2
9:28:04,2298.8,2298.6,2298.8,1,14,2
9:28:05,2299,2298.6,2299,23,28,11
9:28:05,2298.6,2298.6,2298.8,3,28,6
9:28:06,2298.6,2298.6,2298.8,4,25,7
9:28:06,2298.6,2298.6,2298.8,3,24,10
9:28:07,2298.6,2298.6,2298.8,2,22,11
9:28:07,2298.8,2298.6,2298.8,4,22,22
9:28:08,2298.6,2298.6,2298.8,3,19,23
9:28:08,2298.8,2298.6,2298.8,2,19,24
9:28:09,2298.6,2298.6,2298.8,6,13,27
9:28:09,2298.6,2298.6,2298.8,3,10,28
9:28:10,2298.6,2298.6,2298.8,7,4,29
9:28:11,2298.6,2298.4,2298.6,6,19,27
9:28:11,2298.6,2298.4,2298.6,1,19,28
9:28:12,2298.6,2298.4,2298.6,3,17,76
9:28:12,2298.4,2298.4,2298.6,4,13,76
9:28:13,2298.4,2298.2,2298.4,14,7,18
9:28:13,2298.2,2298,2298.2,11,45,3
9:28:14,2298,2298,2298.2,18,28,7
9:28:14,2298,2298,2298.2,8,42,5
9:28:15,2298,2298,2298.2,4,42,5
9:28:15,2298,2298,2298.2,10,36,3
9:28:16,2298,2298,2298.2,4,33,5
9:28:16,2298.2,2298,2298.2,11,29,2
9:28:17,2298.2,2298,2298.4,7,26,29
9:28:17,2298,2298.2,2298.4,7,3,29
9:28:18,2298.2,2298,2298.4,7,17,30
9:28:18,2298.2,2298.2,2298.4,2,4,31
9:28:19,2298.2,2298.2,2298.4,3,1,48
9:28:19,2298.4,2298.2,2298.4,7,2,40
9:28:20,2298,2298,2298.2,4,14,1
9:28:20,2298.2,2298,2298.2,5,11,2
9:28:21,2298,2298,2298.2,4,9,1
9:28:21,2298,2297.8,2298,13,1,4
9:28:22,2298,2297.6,2298,14,24,1
9:28:22,2298,2297.6,2298,1,27,1
9:28:23,2297.8,2297.8,2298,1,2,2
9:28:23,2297.8,2297.6,2298,2,31,3
9:28:24,2297.6,2297.6,2297.8,1,30,2
9:28:24,2298,2297.6,2297.8,5,30,10
9:28:25,2297.6,2297.6,2297.8,10,21,9
9:28:25,2297.8,2297.6,2297.8,10,13,7
9:28:26,2297.8,2297.6,2297.8,4,12,8
9:28:27,2297.8,2297.6,2297.8,3,13,7
9:28:27,2297.8,2297.6,2297.8,4,8,4
9:28:28,2298,2297.8,2298,5,2,14
9:28:28,2297.8,2297.8,2298,2,5,11
9:28:29,2297.8,2297.8,2298,5,1,11
9:28:31,2298,2297.8,2298,1,8,17
9:28:32,2298,2297.8,2298,1,8,21
9:28:32,2298,2297.8,2298,2,9,84
9:28:33,2298,2297.8,2298,6,5,83
9:28:33,2297.8,2297.8,2298,3,3,83
9:28:34,2297.8,2297.6,2297.8,3,24,13
9:28:34,2297.6,2297.6,2297.8,5,23,10
9:28:35,2297.8,2297.6,2297.8,3,23,7
9:28:35,2297.6,2297.6,2297.8,1,27,7
9:28:36,2297.8,2297.6,2297.8,6,22,5
9:28:36,2297.8,2297.6,2297.8,3,21,5
9:28:37,2297.6,2297.6,2297.8,3,18,5
9:28:37,2297.6,2297.6,2297.8,3,15,5
9:28:38,2297.6,2297.6,2297.8,1,14,5
9:28:38,2297.6,2297.6,2297.8,6,12,2
9:28:39,2297.8,2297.6,2298,2,12,84
9:28:39,2297.6,2297.6,2298,3,10,84
9:28:40,2297.8,2297.6,2297.8,8,3,11
9:28:40,2297.6,2297.4,2297.6,3,19,9
9:28:41,2297.4,2297.4,2297.6,4,15,12
9:28:41,2297.4,2297.4,2297.6,4,12,12
9:28:42,2297.4,2297.4,2297.6,5,7,13
9:28:42,2297.6,2297.4,2297.6,1,11,12
9:28:43,2297.6,2297.4,2297.6,8,7,9
9:28:43,2297.6,2297.4,2297.6,7,1,4
9:28:44,2297.4,2297.2,2297.4,2,34,9
9:28:45,2297.4,2297.2,2297.4,1,52,8
9:28:45,2297.2,2297.2,2297.6,12,58,4
9:28:46,2297.2,2297.2,2297.6,4,49,2
9:28:46,2297.2,2297.2,2297.4,5,45,3
9:28:47,2297.2,2297.2,2297.4,9,37,2
9:28:47,2297.2,2297.2,2297.6,11,30,3
9:28:48,2297.2,2297.2,2297.6,5,39,7
9:28:49,2297.2,2297.4,2297.6,1,1,7
9:28:49,2297.6,2297.4,2297.6,2,6,5
9:28:50,2297.4,2297.4,2297.6,6,2,4
9:28:51,2297.4,2297.2,2297.4,17,37,1
9:28:51,2297.2,2297.2,2297.4,4,43,41
9:28:52,2297.2,2297.2,2297.4,12,32,40
9:28:52,2297.2,2297,2297.2,24,46,12
9:28:53,2297,2297,2297.2,7,41,14
9:28:53,2297,2297,2297.2,9,38,11
9:28:54,2297,2297,2297.2,9,31,9
9:28:54,2297,2297,2297.2,6,25,6
9:28:55,2297,2297,2297.2,4,21,7
9:28:55,2297,2297,2297.2,4,19,5
9:28:56,2297,2297,2297.4,19,17,31
9:28:56,2297.4,2297,2297.2,7,13,1
9:28:57,2297,2297,2297.2,4,12,1
9:28:57,2297.2,2297,2297.2,6,19,1
9:28:58,2297,2297,2297.2,2,13,1
9:28:58,2297.2,2297,2297.2,3,11,1
9:28:59,2297.2,2297,2297.2,9,7,2
9:28:59,2297,2297,2297.2,2,5,3
9:29:00,2297,2296.8,2297,5,30,16
9:29:00,2297,2297,2297.2,21,2,4
9:29:01,2297,2297,2297.2,6,3,3
9:29:02,2296.8,2296.8,2297.2,8,26,16
9:29:02,2296.8,2296.8,2297,9,25,1
9:29:03,2297.4,2296.8,2297.4,28,25,22
9:29:03,2296.8,2296.8,2297.2,11,16,1
9:29:04,2297.2,2297,2297.2,3,15,11
9:29:04,2297,2297,2297.2,4,7,4
9:29:05,2297,2297,2297.2,4,7,3
9:29:05,2297,2297,2297.2,1,6,3
9:29:06,2297,2297,2297.2,3,7,3
9:29:06,2297,2297,2297.2,4,6,3
9:29:07,2297,2297,2297.2,4,3,3
9:29:08,2297.2,2296.8,2297.2,12,24,6
9:29:08,2297.2,2296.8,2297,1,24,3
9:29:09,2297,2296.8,2297,1,25,6
9:29:09,2297,2296.8,2297,8,19,4
9:29:10,2297,2296.8,2297,4,16,5
9:29:10,2296.8,2296.6,2297,18,79,8
9:29:11,2296.6,2296.6,2296.8,5,79,22
9:29:12,2296.8,2296.6,2296.8,8,89,20
9:29:12,2296.6,2296.6,2296.8,13,76,21
9:29:13,2296.6,2296.6,2296.8,15,73,9
9:29:13,2296.6,2296.6,2296.8,10,63,9
9:29:14,2296.6,2296.6,2296.8,29,36,14
9:29:14,2296.6,2296.6,2296.8,9,27,14
9:29:15,2296.6,2296.6,2296.8,35,3,12
9:29:15,2296.8,2296.4,2296.6,10,23,1
9:29:16,2296.6,2296.4,2296.6,5,23,16
9:29:16,2296.4,2296.4,2296.6,9,21,21
9:29:17,2296.4,2296.4,2296.6,6,20,19
9:29:17,2296.4,2296.4,2296.6,14,7,26
9:29:18,2296.6,2296.4,2296.6,7,8,24
9:29:18,2296.6,2296.6,2296.8,31,3,7
9:29:19,2296.4,2296.4,2296.6,7,1,2
9:29:19,2296.6,2296.6,2296.8,20,6,7
9:29:20,2296.8,2296.6,2296.8,2,13,5
9:29:21,2296.6,2296.6,2296.8,1,17,18
9:29:21,2296.6,2296.6,2296.8,25,9,7
9:29:22,2296.6,2296.6,2296.8,2,7,7
9:29:22,2296.8,2296.6,2296.8,4,5,6
9:29:23,2296.8,2296.6,2296.8,12,1,5
9:29:23,2296.8,2296.4,2296.6,6,17,2
9:29:24,2296.4,2296.4,2296.6,17,15,12
9:29:24,2296.6,2296.4,2296.6,2,16,15
9:29:25,2296.6,2296.4,2296.6,12,16,6
9:29:25,2296.6,2296.4,2296.6,2,15,5
9:29:26,2296.6,2296.4,2296.6,12,9,1
9:29:26,2296.6,2296.4,2296.8,4,9,5
9:29:27,2296.8,2296.6,2296.8,7,5,3
9:29:27,2296.6,2296.6,2296.8,5,1,4
9:29:28,2296.8,2296.8,2297,6,6,27
9:29:28,2297,2296.8,2297,3,6,26
9:29:29,2296.8,2296.8,2297,20,13,11
9:29:29,2296.8,2296.8,2297,5,8,11
9:29:30,2297,2296.8,2297,5,8,6
9:29:30,2297,2297,2297.2,17,38,14
9:29:31,2297,2297,2297.2,25,18,23
9:29:31,2297,2297,2297.2,5,16,20
9:29:32,2297.2,2297,2297.2,5,18,16
9:29:32,2297.2,2297,2297.2,2,18,14
9:29:33,2297.2,2297,2297.2,9,13,11
9:29:33,2297.2,2297,2297.2,4,13,17
9:29:34,2297.2,2297,2297.2,1,13,18
9:29:34,2297.2,2297,2297.2,7,12,12
9:29:35,2297.2,2297,2297.2,5,11,8
9:29:35,2297.2,2297,2297.2,2,11,6
9:29:36,2297.2,2297,2297.2,1,11,15
9:29:36,2297.2,2297,2297.2,3,12,12
9:29:37,2297,2297,2297.2,11,10,5
9:29:37,2297,2296.8,2297.2,23,10,5
9:29:38,2297,2296.8,2297,2,12,4
9:29:38,2297.2,2296.8,2297.2,5,17,4
9:29:39,2297,2296.8,2297,1,17,2
9:29:39,2297.2,2297,2297.2,10,1,2
9:29:41,2297.2,2297,2297.4,3,4,23
9:29:41,2297,2297,2297.4,1,5,23
9:29:42,2297,2297,2297.2,1,12,3
9:29:43,2297.2,2297,2297.2,3,13,2
9:29:43,2297.2,2297,2297.2,1,15,2
9:29:44,2297,2297,2297.2,3,13,1
9:29:44,2297.2,2297.2,2297.4,2,6,24
9:29:45,2297.4,2297.2,2297.4,3,35,22
9:29:46,2297.4,2297.2,2297.4,26,57,9
9:29:46,2297.4,2297.4,2297.6,9,8,4
9:29:47,2297.4,2297.4,2297.6,10,8,2
9:29:47,2297.4,2297.4,2297.6,1,13,7
9:29:48,2297.6,2297.4,2297.6,4,12,20
9:29:48,2297.6,2297.4,2297.6,6,13,15
9:29:49,2297.6,2297.4,2297.6,9,14,20
9:29:49,2297.6,2297.4,2297.6,2,10,19
9:29:50,2297.4,2297.4,2297.6,4,10,16
9:29:50,2297.4,2297.4,2297.6,2,9,18
9:29:51,2297.4,2297.4,2297.6,3,7,27
9:29:51,2297.6,2297.4,2297.6,7,3,24
9:29:52,2297.6,2297.4,2297.6,3,1,23
9:29:52,2297.4,2297.2,2297.4,1,34,4
9:29:53,2297.4,2297.2,2297.4,3,34,8
9:29:53,2297.2,2297.2,2297.4,11,27,1
9:29:54,2297.4,2297.4,2297.6,1,27,24
9:29:54,2297.6,2297.4,2297.6,3,26,27
9:29:55,2297.4,2297.4,2297.6,2,27,28
9:29:55,2297.4,2297.4,2297.6,1,26,28
9:29:56,2297.4,2297.4,2297.6,3,30,27
9:29:57,2297.6,2297.4,2297.6,7,25,26
9:29:58,2297.4,2297.4,2297.6,15,13,26
9:29:59,2297.4,2297.2,2297.4,22,26,9
9:29:59,2297.4,2297.2,2297.4,6,23,8
9:30:00,2297.4,2297.2,2297.4,6,20,8
9:30:00,2297.6,2297.4,2297.6,26,18,18
9:30:01,2297.4,2297.4,2297.6,17,9,17
9:30:01,2297.2,2297.2,2297.6,29,11,5
9:30:02,2297.4,2297,2297.2,18,25,5
9:30:02,2297,2297,2297.2,14,14,4
9:30:03,2297.2,2297,2297.2,7,8,8
9:30:03,2297.2,2297,2297.2,7,5,4
9:30:04,2297,2296.8,2297,9,18,4
9:30:04,2296.8,2296.8,2297,15,4,4
9:30:05,2296.6,2296.6,2296.8,7,42,4
9:30:05,2296.8,2296.6,2296.8,9,36,1
9:30:06,2296.6,2296.6,2296.8,5,23,7
9:30:06,2296.8,2296.6,2296.8,9,17,4
9:30:07,2296.6,2296.6,2296.8,8,10,17
9:30:07,2296.6,2296.6,2296.8,6,5,15
9:30:08,2296.6,2296.6,2296.8,7,1,12
9:30:08,2296.8,2296.4,2296.6,11,22,1
9:30:09,2296.6,2296.2,2296.4,23,48,1
9:30:09,2296.4,2296.2,2296.6,6,43,14
9:30:10,2296.6,2296.2,2296.6,8,39,51
9:30:10,2296.4,2296.2,2296.4,8,34,27
9:30:11,2296.2,2296.2,2296.4,10,26,30
9:30:11,2296,2296,2296.2,31,56,7
9:30:12,2296,2296,2296.2,19,42,42
9:30:12,2296,2296,2296.2,22,18,43
9:30:13,2295.8,2295.8,2296,20,19,9
9:30:13,2295.8,2295.8,2296,17,5,58
9:30:14,2295.8,2295.6,2295.8,38,45,17
9:30:14,2295.8,2295.6,2295.8,19,30,36
9:30:15,2295.6,2295.6,2295.8,18,21,30
9:30:15,2295.6,2295.4,2295.6,26,64,25
9:30:16,2295.6,2295.6,2295.8,65,1,33
9:30:16,2295.6,2295.6,2295.8,23,15,31
9:30:17,2295.8,2295.6,2295.8,31,14,17
9:30:17,2295.6,2295.4,2295.8,21,14,15
9:30:18,2295.8,2295.6,2295.8,6,3,14
9:30:18,2295.4,2295.4,2295.6,20,9,6
9:30:19,2295.6,2295.6,2295.8,37,63,52
9:30:19,2295.6,2295.6,2295.8,51,15,53
9:30:20,2295.6,2295.2,2295.6,37,74,16
9:30:20,2295.6,2295.4,2295.6,13,6,29
9:30:21,2295.6,2295.2,2295.6,13,76,34
9:30:21,2295.4,2295.2,2295.4,17,74,16
9:30:22,2295.4,2295.4,2295.6,24,48,29
9:30:22,2295.4,2295.4,2295.6,30,30,19
9:30:23,2295.6,2295.4,2295.6,35,32,14
9:30:23,2295.4,2295.4,2295.6,14,29,14
9:30:24,2295.6,2295.6,2295.8,22,27,55
9:30:24,2295.8,2295.6,2295.8,10,22,54
9:30:25,2295.8,2295.6,2295.8,18,21,46
9:30:25,2295.8,2295.6,2295.8,13,18,30
9:30:26,2295.6,2295.4,2295.6,40,38,33
9:30:26,2295.6,2295.6,2295.8,33,10,28
9:30:27,2295.8,2295.6,2295.8,8,11,24
9:30:27,2295.6,2295.4,2295.6,37,42,11
9:30:28,2295.6,2295.4,2295.6,2,42,10
9:30:28,2295.6,2295.4,2295.6,29,22,7
9:30:29,2295.4,2295.6,2295.8,25,3,27
9:30:29,2295.8,2295.6,2295.8,4,21,41
9:30:30,2295.8,2295.6,2295.8,26,21,25
9:30:30,2295.6,2295.6,2295.8,53,6,11
9:30:31,2295.6,2295.6,2295.8,11,4,9
9:30:31,2295.8,2295.6,2295.8,9,3,2
9:30:32,2296,2295.8,2296,12,4,54
9:30:32,2295.6,2295.4,2295.6,12,6,6
9:30:33,2295.6,2295.4,2295.6,1,9,8
9:30:33,2295.8,2295.6,2295.8,27,9,3
9:30:34,2295.6,2295.6,2295.8,7,8,5
9:30:34,2295.6,2295.6,2295.8,5,7,3
9:30:35,2295.8,2295.6,2295.8,5,11,1
9:30:35,2296,2295.8,2296,7,14,56
9:30:36,2295.8,2295.8,2296,5,12,57
9:30:36,2296,2295.8,2296,45,7,19
9:30:37,2295.8,2295.8,2296,5,8,16
9:30:37,2296,2296,2296.2,27,18,51
9:30:38,2296,2296,2296.2,17,3,41
9:30:38,2296,2296,2296.2,17,25,30
9:30:39,2296,2296,2296.2,2,26,30
9:30:39,2296.2,2296,2296.2,13,21,23
9:30:40,2296.2,2296,2296.2,5,19,20
9:30:40,2296,2295.8,2296,33,12,28
9:30:41,2296,2295.8,2296,10,9,29
9:30:41,2295.8,2295.6,2295.8,13,50,12
9:30:42,2295.8,2295.6,2295.8,1,50,11
9:30:42,2295.8,2295.6,2295.8,2,50,9
9:30:43,2295.8,2295.8,2296,10,1,25
9:30:43,2295.8,2295.8,2296,1,2,26
9:30:44,2295.8,2295.8,2296,9,6,21
9:30:44,2295.6,2295.6,2295.8,17,47,1
9:30:45,2296,2295.6,2296,2,50,16
9:30:45,2296,2295.6,2295.8,2,50,1
9:30:46,2296,2295.8,2296,16,2,4
9:30:46,2296,2295.6,2296,5,48,4
9:30:47,2296,2295.8,2296,3,13,1
9:30:47,2296.2,2296,2296.2,6,14,17
9:30:48,2296,2296,2296.2,10,14,16
9:30:48,2296,2296,2296.2,6,10,15
9:30:49,2296.2,2296,2296.2,6,11,13
9:30:49,2296,2296,2296.2,18,6,10
9:30:50,2296.2,2296,2296.2,7,7,7
9:30:50,2296.2,2296.2,2296.4,12,15,8
9:30:51,2296.2,2296.2,2296.4,5,11,8
9:30:51,2296.4,2296.2,2296.4,6,9,6
9:30:52,2296.2,2296.2,2296.4,9,7,13
9:30:52,2296.2,2296.2,2296.4,5,27,21
9:30:53,2296,2296,2296.2,28,4,1
9:30:53,2296.4,2296,2296.2,5,1,51
9:30:54,2296.2,2295.8,2296.2,3,67,50
9:30:54,2295.8,2295.8,2296,11,58,1
9:30:55,2296,2296,2296.2,1,2,50
9:30:55,2296,2296,2296.2,4,1,49
9:30:56,2295.8,2295.8,2296,16,57,4
9:30:56,2296,2295.8,2296,1,57,6
9:30:57,2296,2295.8,2296,5,36,4
9:30:58,2296,2295.8,2296,2,36,4
9:30:58,2295.8,2295.8,2296.2,59,3,17
9:30:59,2296,2296,2296.2,8,21,37
9:30:59,2296,2296,2296.2,9,14,37
9:31:00,2296.2,2296,2296.2,5,12,34
9:31:00,2296.2,2296,2296.2,33,11,21
9:31:01,2296,2296,2296.2,10,3,21
9:31:01,2296.2,2296.2,2296.4,26,2,5
9:31:02,2296.4,2296.4,2296.6,12,23,24
9:31:02,2296.4,2296.4,2296.6,19,5,28
9:31:03,2296.6,2296.4,2296.6,16,3,15
9:31:03,2296.6,2296.4,2296.6,6,2,11
9:31:04,2296.4,2296.2,2296.4,26,20,14
9:31:04,2296.4,2296.4,2296.6,22,26,26
9:31:05,2296.6,2296.4,2296.6,13,34,27
9:31:05,2296.6,2296.6,2296.8,20,17,7
9:31:06,2296.8,2296.8,2297,14,9,19
9:31:06,2297,2296.8,2297,2,7,29
9:31:07,2297,2296.8,2297,43,6,3
9:31:07,2297.6,2297,2297.6,5,2,52
9:31:08,2297.2,2297,2297.2,6,17,16
9:31:08,2297,2297,2297.2,35,5,9
9:31:09,2297,2296.8,2297,8,6,8
9:31:09,2297,2296.8,2297,6,6,2
9:31:10,2296.8,2296.8,2297,4,2,3
9:31:10,2297,2296.8,2297,13,2,2
9:31:11,2296.6,2296.6,2296.8,4,4,1
9:31:11,2296.8,2296.6,2297,1,4,2
9:31:12,2296.6,2296.8,2297,2,4,7
9:31:12,2297,2296.4,2297,13,12,10
9:31:13,2297,2296.4,2297,10,14,12
9:31:13,2297,2296.6,2296.8,3,1,7
9:31:14,2297,2296.6,2296.8,2,1,14
9:31:14,2296.8,2296.6,2296.8,4,1,13
9:31:15,2297,2296.6,2297.2,22,17,13
9:31:15,2296.6,2296.6,2297,3,15,1
9:31:16,2296.4,2296.4,2296.6,21,4,16
9:31:17,2296.6,2296.4,2296.6,4,2,15
9:31:17,2296.6,2296.4,2296.6,3,3,12
9:31:18,2296.6,2296.4,2296.6,4,4,8
9:31:18,2296.4,2296.2,2296.4,4,22,3
9:31:19,2296.6,2296.2,2296.6,6,22,5
9:31:19,2296.6,2296.6,2296.8,5,5,4
9:31:20,2296.8,2296.6,2296.8,1,20,4
9:31:20,2296.8,2296.8,2297,2,1,18
9:31:21,2297,2297,2297.2,24,9,16
9:31:21,2297.2,2297,2297.2,3,8,14
9:31:22,2297,2296.8,2297,9,6,1
9:31:22,2297,2296.8,2297.2,1,6,14
9:31:23,2296.8,2296.8,2297,7,1,2
9:31:23,2297.2,2296.8,2297.2,3,7,12
9:31:24,2297.2,2296.8,2297,2,7,2
9:31:24,2297.2,2296.8,2297,5,7,1
9:31:25,2297,2296.8,2297,2,7,1
9:31:25,2296.8,2296.8,2297,4,6,10
9:31:26,2297,2297,2297.2,11,5,13
9:31:26,2297.2,2297,2297.2,10,1,9
9:31:27,2297.2,2297,2297.2,4,2,7
9:31:27,2297,2297,2297.2,6,1,2
9:31:28,2297.4,2297.2,2297.4,4,7,53
9:31:28,2297.2,2297.2,2297.4,22,11,42
9:31:29,2297.2,2297.2,2297.4,13,18,33
9:31:29,2297.2,2297.2,2297.4,7,16,28
9:31:30,2297.4,2297.2,2297.4,4,15,25
9:31:30,2297.2,2297,2297.2,27,3,6
9:31:31,2296.6,2296.6,2297.2,25,5,1
9:31:31,2296.2,2296.2,2297.2,22,21,13
9:31:32,2297,2296.4,2297,15,6,9
9:31:32,2296.6,2296.6,2297,14,9,5
9:31:33,2296.6,2296.6,2296.8,3,8,1
9:31:33,2297,2296.6,2297,10,8,12
9:31:34,2297,2296.6,2297,4,10,10
9:31:34,2297,2296.6,2297,8,10,3
9:31:35,2297,2297,2297.2,22,2,27
9:31:35,2297.2,2297,2297.2,1,2,27
9:31:36,2297,2297,2297.2,10,2,27
9:31:36,2297,2296.8,2297,3,11,5
9:31:37,2297,2297,2297.2,7,79,27
9:31:37,2297,2297,2297.2,22,75,21
9:31:38,2297.2,2297.2,2297.4,21,25,38
9:31:38,2297.4,2297.2,2297.4,13,30,27
9:31:39,2297.4,2297.2,2297.4,18,42,9
9:31:39,2297.4,2297.2,2297.4,4,41,7
9:31:40,2297.4,2297.2,2297.4,5,30,3
9:31:40,2297.4,2297.4,2297.6,6,11,58
9:31:41,2297.4,2297.4,2297.6,2,9,58
9:31:41,2297.4,2297.2,2297.4,9,36,7
9:31:42,2297.6,2297.4,2297.6,13,1,53
9:31:42,2297.2,2297.2,2297.6,8,36,50
9:31:43,2297.4,2297.4,2297.6,5,2,49
9:31:43,2297.6,2297.2,2297.6,26,15,47
9:31:44,2297.4,2297.2,2297.4,5,22,1
9:31:44,2297.2,2297.2,2297.4,2,21,29
9:31:45,2297.4,2297.2,2297.4,9,21,32
9:31:45,2297.4,2297.2,2297.4,4,12,28
9:31:46,2297.2,2297.2,2297.4,9,3,31
9:31:47,2297.2,2297.2,2297.4,3,4,31
9:31:48,2297.4,2297.2,2297.4,5,5,26
9:31:48,2297.4,2297.2,2297.4,4,14,22
9:31:49,2297.4,2297.2,2297.4,7,12,17
9:31:49,2297.4,2297.4,2297.6,6,8,59
9:31:50,2297.6,2297.4,2297.6,4,16,57
9:31:50,2297.6,2297.4,2297.6,4,20,53
9:31:51,2297.6,2297.4,2297.6,5,20,49
9:31:52,2297.6,2297.4,2297.6,2,20,47
9:31:52,2297.6,2297.4,2297.6,35,19,13
9:31:53,2297.6,2297.4,2297.8,14,20,23
9:31:53,2297.8,2297.6,2297.8,15,1,11
9:31:54,2297.8,2297.6,2297.8,16,4,2
9:31:54,2297.8,2297.8,2298,11,31,32
9:31:55,2298,2297.8,2298,8,31,25
9:31:55,2298,2297.8,2298,7,31,19
9:31:56,2298,2297.8,2298,18,30,5
9:31:56,2298.2,2298,2298.2,8,6,6
9:31:57,2298.2,2298.2,2298.4,10,3,38
9:31:57,2298.4,2298.2,2298.4,14,4,42
9:31:58,2298.2,2298,2298.2,21,21,16
9:31:58,2298.2,2298,2298.2,34,19,7
9:31:59,2298.2,2298.2,2298.4,26,8,40
9:31:59,2298.4,2298.2,2298.4,36,12,5
9:32:00,2298.2,2298.2,2298.4,20,12,1
9:32:00,2298.2,2298.2,2298.6,32,9,13
9:32:01,2298.6,2298.4,2298.6,8,3,14
9:32:01,2298.4,2298.2,2298.6,17,6,2
9:32:02,2298.6,2298.4,2298.6,8,1,16
9:32:02,2298.6,2298.2,2298.4,6,1,1
9:32:03,2298.4,2298.4,2298.6,6,9,28
9:32:03,2298.4,2298.4,2298.6,12,6,25
9:32:04,2298.4,2298.4,2298.6,4,6,24
9:32:04,2298.4,2298.2,2298.4,23,1,5
9:32:05,2298.4,2298.4,2298.6,10,5,3
9:32:05,2298.6,2298.6,2298.8,7,5,35
9:32:06,2298.2,2298.2,2298.4,39,1,11
9:32:06,2298.4,2298.2,2298.4,3,3,8
9:32:07,2298.2,2298.2,2298.4,10,11,1
9:32:07,2298.2,2298.2,2298.4,6,11,2
9:32:08,2298.6,2298.2,2298.4,8,8,1
9:32:08,2298.4,2298.4,2298.6,5,1,14
9:32:09,2298.6,2298.4,2298.6,6,4,23
9:32:09,2298.6,2298.4,2298.6,6,4,20
9:32:10,2298.6,2298.4,2298.6,4,4,17
9:32:10,2298.4,2298.4,2298.6,17,6,3
9:32:11,2298.6,2298.6,2298.8,6,2,20
9:32:11,2298.8,2298.4,2298.8,9,7,14
9:32:12,2298.6,2298.6,2298.8,8,5,11
9:32:12,2298.4,2298.6,2299,19,1,86
9:32:13,2299,2298.8,2299,18,9,75
9:32:13,2299,2298.8,2299,37,5,42
9:32:14,2299,2298.8,2299,16,1,31
9:32:14,2298.8,2298.6,2299,16,17,24
9:32:15,2299,2298.8,2299,23,4,1
9:32:15,2299,2299,2299.2,6,22,29
9:32:16,2299.2,2299,2299.2,18,34,16
9:32:16,2299,2299,2299.2,19,30,7
9:32:17,2299.4,2299.2,2299.4,11,9,29
9:32:17,2299,2299,2299.4,33,25,24
9:32:18,2299.4,2299.2,2299.4,8,9,17
9:32:18,2299.4,2299.2,2299.4,28,2,2
9:32:19,2299.4,2299.4,2299.6,12,44,36
9:32:19,2299.6,2299.4,2299.6,21,46,19
9:32:20,2299.4,2299.4,2299.6,15,44,10
9:32:20,2299.6,2299.6,2299.8,25,35,50
9:32:21,2299.8,2299.6,2299.8,21,48,33
9:32:21,2299.8,2299.6,2299.8,32,51,12
9:32:22,2300,2299.8,2300,19,28,34
9:32:22,2300.2,2300,2300.2,44,5,1
9:32:23,2300.2,2300.2,2300.8,44,19,3
9:32:23,2300.8,2300.4,2300.8,13,9,23
9:32:24,2300.6,2300.4,2300.6,36,9,31
9:32:24,2300.4,2300.2,2300.4,59,19,25
9:32:25,2300.4,2300.2,2300.4,51,2,10
9:32:25,2300.6,2300.4,2300.8,46,18,16
9:32:26,2300.6,2300.6,2300.8,17,17,13
9:32:26,2300.8,2300.8,2301,26,10,3
9:32:27,2301,2301,2301.2,38,37,9
9:32:27,2301.2,2301.2,2301.4,32,27,5
9:32:28,2301.6,2301.4,2301.6,13,26,13
9:32:28,2301.6,2301.4,2301.6,33,16,3
9:32:29,2301.4,2301.4,2301.6,27,2,20
9:32:29,2301.4,2301.2,2301.4,70,65,90
9:32:30,2301,2301,2301.2,87,13,12
9:32:30,2300.8,2300.8,2301,47,14,19
9:32:31,2301.2,2301,2301.2,38,3,18
9:32:31,2301.2,2301.2,2301.4,44,57,47
9:32:32,2301.4,2301.2,2301.4,19,54,32
9:32:32,2301.4,2301.6,2301.8,56,3,22
9:32:33,2301.8,2301.8,2302.4,76,2,3
9:32:33,2302.4,2302,2302.6,10,7,16
9:32:34,2302.6,2302.4,2302.8,44,24,41
9:32:34,2302.8,2302.6,2302.8,54,12,9
9:32:35,2302.8,2302.8,2303.2,63,19,8
9:32:35,2303.2,2303.2,2303.6,39,18,9
9:32:36,2303.8,2303.2,2303.8,67,14,10
9:32:36,2303.6,2303.4,2303.6,53,3,37
9:32:37,2302.8,2302.8,2303.2,51,22,12
9:32:37,2303,2302.8,2303,172,1,6
9:32:38,2303.2,2303.2,2303.8,40,16,5
9:32:38,2303.2,2303.2,2303.4,64,48,76
9:32:39,2303.2,2303,2303.2,129,37,37
9:32:39,2303,2303,2303.2,71,23,31
9:32:40,2302.8,2302.8,2303,51,16,21
9:32:40,2302.8,2302.6,2302.8,48,33,25
9:32:41,2302.6,2302.6,2302.8,36,19,31
9:32:41,2302.6,2302.6,2302.8,13,15,28
9:32:42,2302.6,2302.4,2302.6,15,8,30
9:32:42,2302.6,2302.4,2302.6,41,2,25
9:32:43,2302.4,2302.4,2302.6,13,2,28
9:32:43,2302.4,2302.2,2302.6,15,6,27
9:32:44,2302.4,2302.2,2302.4,35,12,7
9:32:44,2302.4,2302.4,2302.6,24,17,32
9:32:45,2302.2,2302.2,2302.4,22,33,4
9:32:45,2302.4,2302.4,2302.6,37,15,21
9:32:46,2302.4,2302.4,2302.6,9,11,19
9:32:46,2302.4,2302.4,2302.6,13,16,12
9:32:47,2302.6,2302.4,2302.6,11,21,10
9:32:47,2302.4,2302.2,2302.4,34,12,6
9:32:48,2302.2,2302.2,2302.4,10,9,13
9:32:48,2302.2,2302.2,2302.4,16,5,14
9:32:49,2302.2,2302.2,2302.4,17,3,4
9:32:49,2302.4,2302.4,2302.6,8,1,15
9:32:50,2302.4,2301.8,2302.2,23,17,1
9:32:50,2302.4,2302,2302.2,10,1,1
9:32:51,2302.2,2302.2,2302.4,10,11,6
9:32:51,2302.6,2302.6,2302.8,49,8,30
9:32:52,2302.8,2302.6,2302.8,8,5,25
9:32:52,2302.4,2302.2,2302.6,15,12,5
9:32:53,2302.6,2302.6,2302.8,13,45,30
9:32:53,2302.8,2302.6,2302.8,8,43,27
9:32:54,2302.8,2302.6,2302.8,21,42,9
9:32:54,2302.8,2302.8,2303,13,11,31
9:32:55,2303,2302.8,2303,21,4,19
9:32:55,2303.2,2303,2303.2,28,19,23
9:32:56,2303.2,2303,2303.2,21,16,16
9:32:56,2303.2,2303,2303.2,14,21,2
9:32:57,2303.2,2303.2,2303.4,17,3,40
9:32:57,2303.2,2303,2303.2,15,54,6
9:32:58,2303.2,2303.2,2303.4,39,6,21
9:32:58,2303.4,2303,2303.4,66,12,9
9:32:59,2303.4,2303.4,2303.6,28,22,36
9:32:59,2303.4,2303.4,2303.6,19,29,37
9:33:00,2303.6,2303.4,2303.6,7,29,33
9:33:00,2303.6,2303.4,2303.6,45,16,16
9:33:01,2303.6,2303.4,2303.6,60,3,1
9:33:01,2303.4,2303.2,2303.4,34,2,47
9:33:02,2303.2,2303,2303.2,58,6,60
9:33:02,2302.8,2302.8,2303,48,6,24
9:33:03,2302.8,2302.6,2302.8,45,48,16
9:33:03,2302.6,2302.6,2302.8,15,47,28
9:33:04,2302.6,2302.6,2303,57,59,16
9:33:04,2303,2302.8,2303,31,16,19
9:33:05,2303,2302.6,2303,42,33,9
9:33:05,2302.6,2302.6,2302.8,52,13,1
9:33:06,2302.6,2302.4,2302.6,27,17,12
9:33:06,2302.8,2302.8,2303,23,12,9
9:33:07,2303,2302.8,2303,21,9,6
9:33:07,2302.8,2302.6,2303,12,6,6
9:33:08,2302.6,2302.8,2303,14,7,10
9:33:08,2302.8,2302.8,2303,32,1,9
9:33:09,2302.8,2302.6,2303,13,8,12
9:33:09,2302.8,2302.6,2302.8,23,5,1
9:33:10,2302.6,2302.6,2302.8,11,3,4
9:33:10,2303,2302.8,2303,9,4,14
9:33:11,2302.8,2302.4,2302.6,5,20,1
9:33:11,2302.6,2302.6,2302.8,8,11,13
9:33:12,2302.8,2302.6,2302.8,8,37,11
9:33:12,2302.8,2302.6,2302.8,15,32,11
9:33:13,2302.6,2302.8,2303,26,15,25
9:33:13,2303,2302.8,2303,56,24,13
9:33:14,2303.2,2303,2303.2,39,17,9
9:33:14,2303.4,2303.2,2303.4,31,9,29
9:33:15,2303.4,2303.2,2303.4,19,38,16
9:33:15,2303.2,2303.4,2303.6,32,46,22
9:33:16,2303.8,2303.6,2303.8,48,37,22
9:33:16,2303.8,2303.8,2304,35,81,32
9:33:17,2304.2,2304,2304.2,38,21,6
9:33:17,2304.4,2304.4,2304.6,72,5,12
9:33:18,2304.6,2304.4,2304.6,62,1,3
9:33:18,2304.8,2304.6,2304.8,35,6,44
9:33:19,2304.2,2304.2,2304.6,72,104,33
9:33:19,2304.6,2304.4,2304.6,34,9,22
9:33:20,2304.6,2304.6,2304.8,38,17,11
9:33:20,2304.8,2304.8,2305,67,33,72
9:33:21,2304.8,2304.8,2305,37,107,46
9:33:21,2304.8,2305,2305.2,59,36,4
9:33:22,2305.2,2305.2,2305.6,43,8,10
9:33:22,2305.4,2305.2,2305.4,82,4,12
9:33:23,2305,2305,2305.2,63,63,11
9:33:23,2305,2305,2305.2,59,63,8
9:33:24,2305.4,2305.4,2305.6,38,3,16
9:33:24,2305.4,2305,2305.6,58,25,9
9:33:25,2305.4,2305.2,2305.4,27,3,5
9:33:25,2305.4,2305.4,2305.6,22,20,16
9:33:26,2305,2304.8,2305,73,130,48
9:33:26,2305.2,2305,2305.2,62,17,1
9:33:27,2305.2,2305.2,2305.4,9,53,38
9:33:27,2305.2,2305.2,2305.4,57,33,8
9:33:28,2305.6,2305.4,2305.6,42,30,16
9:33:28,2305.6,2305.2,2305.6,58,34,10
9:33:29,2305.4,2305.4,2305.6,46,4,16
9:33:29,2305.6,2305.2,2305.6,37,53,17
9:33:30,2305.6,2305.2,2305.4,30,47,1
9:33:30,2305.2,2305.2,2305.8,41,35,39
9:33:31,2305.4,2305.4,2305.6,47,2,17
9:33:31,2305.4,2305.4,2305.6,53,41,10
9:33:32,2305.8,2305.6,2305.8,31,3,11
9:33:32,2305.8,2305.8,2306,32,16,45
9:33:33,2306.2,2306,2306.2,82,18,4
9:33:33,2306,2306.2,2306.4,27,4,6
9:33:34,2306.4,2306.4,2306.6,21,17,2
9:33:34,2306.2,2306.2,2306.4,50,1,23
9:33:35,2306.2,2306,2306.2,37,14,5
9:33:35,2305.8,2305.6,2305.8,49,45,6
9:33:36,2305.8,2305.8,2306,37,1,30
9:33:36,2305.8,2305.8,2306,56,18,24
9:33:37,2306,2305.8,2306,27,2,28
9:33:37,2306,2305.6,2306,22,18,18
9:33:38,2306,2305.8,2306,27,7,35
9:33:38,2306,2305.8,2306,22,2,26
9:33:39,2306,2305.6,2306,12,12,21
9:33:39,2305.6,2305.6,2305.8,9,11,11
9:33:40,2306,2305.6,2306,24,3,26
9:33:40,2306,2305.8,2306,15,4,20
9:33:41,2305.8,2305.4,2305.6,17,30,2
9:33:41,2305.6,2305.4,2305.6,32,20,34
9:33:42,2305.6,2305.4,2305.6,12,27,22
9:33:42,2305.4,2305.2,2305.4,49,26,14
9:33:43,2305.4,2305.2,2305.4,19,21,5
9:33:43,2305.4,2305.2,2305.4,13,57,8
9:33:44,2305.2,2305.2,2305.4,23,38,6
9:33:44,2305.4,2305.4,2305.6,23,24,7
9:33:45,2305.2,2305.2,2305.4,72,10,46
9:33:45,2305.2,2305,2305.2,24,47,11
9:33:46,2305,2305,2305.2,16,47,94
9:33:46,2305,2305,2305.2,39,13,89
9:33:47,2304.8,2304.8,2305,36,11,79
9:33:47,2304.8,2304.6,2304.8,31,8,26
9:33:48,2304.6,2304.4,2304.6,51,7,25
9:33:48,2304.4,2304.2,2304.4,28,12,5
9:33:49,2304.2,2304.2,2304.6,34,8,36
9:33:49,2304.6,2304.4,2304.6,11,1,119
9:33:50,2304.2,2304.2,2304.4,16,27,12
9:33:50,2304.2,2304,2304.2,40,40,2
9:33:51,2304.2,2304,2304.2,9,43,28
9:33:51,2304,2304,2304.2,45,15,30
9:33:52,2304,2304,2304.2,71,4,9
9:33:52,2304.2,2304,2304.2,26,16,5
9:33:53,2304.2,2304.2,2304.4,38,21,14
9:33:53,2304.2,2304.2,2304.4,13,16,8
9:33:54,2304.2,2304.4,2304.6,67,8,125
9:33:54,2304.4,2304.4,2304.6,4,7,122
9:33:55,2304.4,2304.2,2304.4,13,3,5
9:33:55,2304.4,2304.2,2304.4,22,3,6
9:33:56,2304.2,2304,2304.2,10,2,9
9:33:56,2304.4,2304,2304.4,16,12,40
9:33:57,2304.4,2304,2304.2,1,21,3
9:33:57,2304.2,2304,2304.2,17,21,17
9:33:58,2304.2,2304,2304.2,17,27,11
9:33:58,2304.2,2304,2304.2,7,28,6
9:33:59,2303.8,2303.8,2304,47,5,8
9:33:59,2304,2303.8,2304,7,2,4
9:34:00,2304,2304,2304.2,23,5,11
9:34:00,2303.6,2303.4,2303.8,21,21,4
9:34:01,2303.8,2303.8,2304,34,19,94
9:34:01,2303.8,2303.4,2303.8,34,22,49
9:34:02,2303.6,2303.4,2303.6,11,21,30
9:34:02,2303.4,2303.2,2303.4,42,21,2
9:34:03,2303.6,2303.2,2303.6,18,19,11
9:34:03,2303.4,2303.2,2303.8,36,27,32
9:34:04,2303.4,2303.4,2303.8,12,15,31
9:34:04,2303.6,2303.6,2303.8,24,5,32
9:34:05,2303.2,2303.2,2303.4,39,10,4
9:34:05,2303.4,2303.4,2303.6,26,3,1
9:34:06,2303.6,2303.6,2303.8,44,7,19
9:34:06,2303.8,2303.6,2303.8,9,23,13
9:34:07,2303.6,2303.6,2303.8,14,13,8
9:34:07,2304,2303.6,2304,26,2,92
9:34:08,2303.6,2303.4,2303.6,5,3,1
9:34:08,2303.6,2303.6,2304,23,14,89
9:34:09,2303.6,2303.2,2303.6,28,17,28
9:34:09,2303.6,2303.2,2303.4,4,16,5
9:34:10,2303.2,2303.2,2303.4,17,26,4
9:34:10,2303.2,2303.2,2303.4,21,7,4
9:34:11,2303.6,2303,2303.6,29,14,14
9:34:11,2302.8,2302.6,2302.8,60,14,19
9:34:12,2302.8,2302.4,2302.8,37,31,4
9:34:12,2302.6,2302.8,2303,30,1,2
9:34:13,2303,2303,2303.2,14,34,3
9:34:13,2303,2303,2303.4,27,3,8
9:34:14,2303.2,2303.2,2303.6,22,3,12
9:34:14,2303,2302.8,2303,26,4,21
9:34:15,2303,2302.8,2303.2,27,12,23
9:34:15,2303,2303,2303.2,23,2,22
9:34:16,2303.2,2303.2,2303.6,48,18,22
9:34:16,2303.2,2303.2,2303.6,12,13,16
9:34:17,2303.2,2303.4,2303.6,11,3,14
9:34:17,2303.4,2303.4,2303.6,2,8,13
9:34:18,2303.6,2303.6,2303.8,15,8,11
9:34:18,2303.8,2303.6,2303.8,14,10,12
9:34:19,2303.8,2303.6,2303.8,37,3,2
9:34:19,2303.6,2303.6,2304,6,3,53
9:34:20,2304,2303.8,2304,9,9,51
9:34:20,2303.8,2303.8,2304,44,4,30
9:34:21,2303.6,2303.6,2303.8,10,2,23
9:34:21,2303.8,2303.6,2303.8,18,2,19
9:34:22,2303.8,2303.6,2303.8,17,1,9
9:34:22,2303.6,2303.4,2303.8,5,11,8
9:34:23,2303.6,2303.6,2303.8,20,10,56
9:34:23,2303.4,2303.4,2303.6,15,6,2
9:34:24,2303.8,2303.2,2303.4,16,19,8
9:34:24,2303.2,2303,2303.2,22,17,58
9:34:25,2303,2303,2303.2,11,10,77
9:34:25,2303,2302.8,2303.2,24,45,88
9:34:26,2303,2302.8,2303,11,38,24
9:34:26,2302.8,2302.8,2303,25,15,22
9:34:27,2302.8,2302.8,2303,7,15,32
9:34:27,2302.8,2302.8,2303,5,13,30
9:34:28,2302.8,2302.6,2302.8,29,12,12
9:34:28,2302.6,2302.6,2303,30,20,15
9:34:29,2302.8,2302.8,2303,21,17,14
9:34:29,2302.8,2302.8,2303,20,17,6
9:34:30,2302.8,2303,2303.2,12,1,27
9:34:30,2303,2303,2303.2,7,5,26
9:34:31,2303,2302.8,2303,18,26,5
9:34:31,2302.8,2302.8,2303,17,19,76
9:34:32,2302.4,2302.4,2302.8,56,24,14
9:34:32,2302.8,2302.6,2302.8,8,2,9
9:34:33,2302.6,2302.4,2302.6,13,19,20
9:34:33,2302.6,2302.2,2302.4,97,20,4
9:34:34,2302.4,2302.4,2303,5,2,62
9:34:34,2302.2,2302.2,2302.4,47,14,12
9:34:35,2302.4,2302.2,2302.4,14,13,2
9:34:35,2302.4,2302.2,2302.4,14,13,1
9:34:36,2302.2,2302.2,2302.6,21,1,7
9:34:36,2302.2,2302.4,2302.6,15,2,1
9:34:37,2302.2,2302.2,2302.8,28,2,36
9:34:37,2302.2,2302.2,2302.4,13,12,2
9:34:38,2302.4,2302.4,2302.6,14,5,2
9:34:38,2302.4,2302.2,2302.6,18,12,4
9:34:39,2302.2,2302,2302.6,21,35,3
9:34:39,2302,2302.2,2302.4,6,1,1
9:34:40,2302,2302,2302.2,5,34,2
9:34:40,2302.2,2302,2302.2,16,30,2
9:34:41,2302,2301.8,2302,52,23,32
9:34:41,2302,2301.8,2302,25,15,25
9:34:42,2301.8,2301.6,2301.8,35,23,2
9:34:42,2301.6,2301.6,2301.8,6,18,6
9:34:43,2301.8,2301.6,2301.8,19,23,1
9:34:43,2302.2,2301.8,2302.2,85,2,12
9:34:44,2301.8,2301.6,2302,22,10,6
9:34:44,2301.8,2301.8,2302,10,52,3
9:34:45,2302.2,2302,2302.2,31,1,7
9:34:45,2302.2,2302.2,2302.4,8,5,3
9:34:46,2302.2,2302.2,2302.4,9,15,4
9:34:46,2302.2,2302.2,2302.4,4,16,3
9:34:47,2302.4,2302.4,2302.6,9,1,23
9:34:47,2302.6,2302.2,2302.6,8,14,23
9:34:48,2302.2,2302.2,2302.4,7,23,1
9:34:48,2302.6,2302.4,2302.6,3,2,19
9:34:49,2302.4,2302.4,2302.6,10,3,12
9:34:49,2302.6,2302.4,2302.6,2,11,11
9:34:50,2302.6,2302.4,2302.6,10,13,8
9:34:50,2302.8,2302.6,2302.8,10,11,16
9:34:51,2302.8,2302.6,2302.8,3,11,14
9:34:51,2302.6,2302.6,2302.8,14,14,3
9:34:52,2302.8,2302.8,2303,9,4,24
9:34:52,2302.8,2302.8,2303,15,6,11
9:34:53,2302.6,2302.6,2302.8,17,14,16
9:34:53,2302.8,2302.6,2302.8,2,14,17
9:34:54,2302.8,2302.6,2302.8,7,11,25
9:34:54,2302.8,2302.6,2302.8,17,9,12
9:34:55,2302.8,2302.6,2302.8,12,8,4
9:34:55,2302.8,2302.6,2302.8,3,7,8
9:34:56,2302.6,2302.6,2302.8,1,6,10
9:34:56,2302.6,2302.4,2302.6,11,21,48
9:34:57,2302.6,2302.4,2302.6,13,11,45
9:34:57,2302.6,2302.4,2302.6,4,9,43
9:34:58,2302.6,2302.2,2302.6,14,45,39
9:34:58,2302.2,2302.2,2302.4,17,29,1
9:34:59,2302.2,2302.2,2302.6,3,27,38
9:34:59,2302.6,2302.2,2302.4,4,27,18
9:35:00,2302.4,2302.2,2302.4,18,27,16
9:35:00,2302.6,2302.4,2302.6,35,3,30
9:35:01,2302.6,2302.2,2302.6,50,4,20
9:35:01,2303,2302,2303,65,45,28
9:35:02,2302.6,2302.6,2303,15,6,27
9:35:02,2302.8,2302.8,2303,8,16,21
9:35:03,2303,2302.8,2303,31,8,1
9:35:03,2303,2303,2303.2,20,5,29
9:35:04,2303,2303,2303.2,9,73,28
9:35:04,2303.2,2303,2303.2,21,84,11
9:35:05,2303.2,2303.2,2303.4,20,104,9
9:35:05,2303.4,2303.4,2303.6,25,59,37
9:35:06,2303.6,2303.4,2303.6,31,68,8
9:35:06,2303.8,2303.6,2303.8,13,12,14
9:35:07,2304,2303.8,2304,35,6,12
9:35:07,2304,2303.8,2304,16,4,10
9:35:08,2304,2303.8,2304,16,6,16
9:35:08,2303.8,2303.8,2304,26,3,10
9:35:09,2304,2303.6,2303.8,12,26,2
9:35:09,2303.8,2303.6,2303.8,17,22,2
9:35:10,2303.8,2304,2304.4,48,1,7
9:35:10,2304.4,2304.4,2304.6,37,6,27
9:35:11,2304.4,2304,2304.4,22,2,21
9:35:11,2304.4,2304,2304.4,18,4,7
9:35:12,2304,2304,2304.6,38,4,44
9:35:12,2304,2304,2304.6,21,7,56
9:35:13,2304.4,2304,2304.4,19,9,7
9:35:13,2304.4,2304.2,2304.4,26,3,12
9:35:14,2304.2,2304.2,2304.6,31,4,59
9:35:14,2304.4,2304.4,2304.6,20,9,58
9:35:15,2304.4,2304.4,2304.6,10,8,54
9:35:15,2304.6,2304.4,2304.6,6,6,55
9:35:16,2304.6,2304.2,2304.6,41,2,52
9:35:16,2304.6,2304.2,2304.4,6,12,40
9:35:17,2304.4,2304.2,2304.4,20,2,34
9:35:17,2304,2304,2304.2,57,34,37
9:35:18,2304,2304,2304.2,20,30,25
9:35:18,2304,2304,2304.2,14,34,17
9:35:19,2304,2303.8,2304,39,14,16
9:35:19,2304,2303.6,2303.8,30,3,2
9:35:20,2303.8,2303.6,2303.8,10,1,12
9:35:20,2303.6,2303.6,2303.8,3,12,12
9:35:21,2303.6,2303.6,2303.8,12,12,8
9:35:21,2303.8,2303.6,2303.8,3,12,7
9:35:22,2303.8,2303.8,2304,8,3,20
9:35:22,2304,2303.6,2304,4,7,32
9:35:23,2304,2303.6,2304,13,13,25
9:35:23,2304,2303.6,2304,12,25,22
9:35:24,2303.4,2303.4,2303.6,28,12,21
9:35:24,2303.4,2303.2,2303.4,42,21,11
9:35:25,2303.2,2303.2,2303.4,8,20,4
9:35:25,2303.4,2303.2,2303.6,5,22,11
9:35:26,2303.4,2303.2,2303.6,1,22,11
9:35:26,2303.2,2303.2,2303.6,12,13,13
9:35:27,2303.4,2303.4,2303.6,6,1,28
9:35:27,2303.4,2303.2,2303.6,3,10,29
9:35:28,2303.2,2303.2,2303.6,1,9,31
9:35:28,2303.2,2303.2,2303.4,5,7,1
9:35:29,2303.2,2303.2,2303.4,2,6,3
9:35:29,2303.2,2303.2,2303.4,1,6,28
9:35:30,2303.2,2303.2,2303.4,7,1,35
9:35:30,2303,2303,2303.2,7,85,100
9:35:31,2303,2303,2303.2,46,43,91
9:35:31,2303,2302.8,2303,43,5,11
9:35:32,2302.4,2302.6,2302.8,25,1,1
9:35:32,2303,2302.6,2303,8,4,16
9:35:33,2302.6,2302.6,2302.8,7,1,1
9:35:33,2302.8,2302.8,2303,10,2,16
9:35:34,2302.8,2302.8,2303,6,6,16
9:35:34,2302.8,2302.8,2303,9,2,15
9:35:35,2303,2302.8,2303,3,2,24
9:35:35,2302.8,2302.6,2303,12,40,21
9:35:36,2302.8,2302.8,2303,9,18,16
9:35:36,2303,2303,2303.2,29,6,99
9:35:37,2303,2303,2303.2,10,3,93
9:35:37,2303,2303,2303.2,4,1,83
9:35:38,2303,2303,2303.2,4,8,84
9:35:38,2303,2303,2303.2,67,2,23
9:35:39,2303.2,2303,2303.2,19,21,4
9:35:39,2303,2303.2,2303.4,6,96,6
9:35:40,2303.4,2303.4,2303.6,19,64,6
9:35:40,2303.6,2303.6,2303.8,13,22,14
9:35:41,2303.6,2303.6,2304,28,22,22
9:35:41,2304,2303.8,2304,17,17,17
9:35:42,2304,2303.8,2304,10,18,9
9:35:42,2304,2303.8,2304,6,13,9
9:35:43,2304,2304,2304.2,11,15,11
9:35:43,2304,2304,2304.2,14,11,1
9:35:44,2304,2303.8,2304.2,13,5,2
9:35:44,2304,2303.8,2304,3,4,5
9:35:45,2303.8,2303.6,2303.8,10,5,1
9:35:46,2303.2,2303.2,2303.8,10,68,8
9:35:46,2303.8,2303.2,2303.8,19,60,13
9:35:47,2303.2,2303.4,2303.6,22,24,1
9:35:47,2303.6,2303.4,2303.6,3,28,5
9:35:48,2303.4,2303.2,2303.4,47,40,24
9:35:48,2303.4,2303.2,2303.4,25,18,23
9:35:49,2303.2,2302.4,2303.2,74,19,56
9:35:49,2303,2302.2,2303,29,11,87
9:35:50,2302.6,2302.4,2302.8,19,6,33
9:35:50,2302.4,2302,2302.4,15,57,5
9:35:51,2302,2302,2302.2,31,52,4
9:35:51,2302,2302,2302.4,17,58,1
9:35:52,2302,2302,2302.2,18,52,2
9:35:52,2302.2,2302.2,2302.4,26,7,5
9:35:53,2302.4,2302.4,2302.6,7,1,2
9:35:53,2302.6,2302.6,2302.8,6,8,7
9:35:54,2302.8,2302.6,2302.8,27,4,4
9:35:54,2302.6,2302.2,2302.6,11,1,11
9:35:55,2302.2,2302.2,2302.4,2,4,18
9:35:55,2302.2,2302,2302.2,4,130,9
9:35:56,2302,2302,2302.2,1,149,10
9:35:56,2302.4,2302.4,2302.6,16,29,15
9:35:57,2302.4,2302.4,2302.6,11,18,19
9:35:57,2302.2,2302.2,2302.4,29,26,7
9:35:58,2302.4,2302.2,2302.4,7,24,21
9:35:58,2302.4,2302.2,2302.4,21,36,4
9:35:59,2302.2,2302.2,2302.4,13,28,8
9:35:59,2302.4,2302.2,2302.4,3,27,10
9:36:00,2302.2,2302.2,2302.4,13,18,11
9:36:00,2302.4,2302.2,2302.4,13,11,17
9:36:01,2302.4,2302,2302.4,37,101,7
9:36:01,2302.2,2302,2302.4,9,102,3
9:36:02,2302.4,2302.2,2302.4,10,7,11
9:36:02,2302.2,2302.2,2302.4,6,3,21
9:36:03,2302.2,2302,2302.2,5,105,1
9:36:03,2302.4,2302.2,2302.4,20,28,16
9:36:04,2302.4,2302.2,2302.4,3,28,14
9:36:04,2302.6,2302.4,2302.6,19,9,9
9:36:05,2302.6,2302.4,2302.6,4,33,8
9:36:05,2302.8,2302.6,2303,12,14,7
9:36:06,2303,2302.6,2303,7,28,3
9:36:06,2303,2302.8,2303,3,4,1
9:36:07,2303,2302.8,2303,4,14,17
9:36:07,2302.8,2302.6,2302.8,27,21,1
9:36:08,2302.8,2302.6,2302.8,4,8,3
9:36:08,2302.8,2302.6,2302.8,2,7,5
9:36:09,2302.8,2302.8,2303,9,20,68
9:36:09,2302.8,2302.8,2303,14,4,76
9:36:10,2303,2302.8,2303,10,8,66
9:36:10,2302.6,2302.4,2302.6,14,32,26
9:36:11,2302.6,2302.4,2302.6,6,11,20
9:36:11,2302.6,2302.4,2302.6,13,10,8
9:36:12,2302.6,2302.6,2302.8,14,2,39
9:36:12,2302.6,2302.6,2302.8,12,2,29
9:36:13,2302.4,2302.2,2302.4,17,36,46
9:36:13,2302.2,2302.2,2302.4,22,17,45
9:36:14,2302.2,2302.2,2302.4,20,4,42
9:36:14,2302.2,2302,2302.2,20,127,18
9:36:15,2302.2,2302,2302.2,15,125,15
9:36:15,2302,2302,2302.2,20,107,20
9:36:16,2302,2302,2302.2,12,94,33
9:36:16,2302,2302,2302.2,48,49,52
9:36:17,2302,2301.8,2302,55,16,18
9:36:17,2301.6,2301.6,2301.8,30,15,18
9:36:18,2301.8,2301.6,2301.8,29,4,15
9:36:18,2301.6,2301.4,2301.6,18,25,8
9:36:19,2301.6,2301.6,2301.8,29,28,6
9:36:19,2301.4,2301.6,2301.8,54,5,1
9:36:20,2301.6,2301.4,2301.8,20,17,1
9:36:20,2301.4,2301.4,2301.6,25,1,1
9:36:21,2301.8,2301.2,2301.4,7,51,31
9:36:21,2301.2,2301.2,2301.4,10,53,42
9:36:22,2301.2,2301.2,2301.4,11,50,30
9:36:22,2301.2,2301.2,2301.4,24,35,22
9:36:23,2301.4,2301,2301.4,73,14,16
9:36:23,2301,2300.6,2301,45,21,2
9:36:24,2300.6,2300.8,2301,33,3,19
9:36:24,2300.8,2300.4,2300.8,60,2,11
9:36:25,2300.4,2300.2,2300.4,25,18,10
9:36:25,2300.4,2300.4,2300.8,52,34,82
9:36:26,2300.4,2300.4,2300.8,28,16,75
9:36:26,2300.4,2300.4,2300.8,17,5,79
9:36:27,2300.8,2300.6,2300.8,49,5,46
9:36:27,2300.6,2300.6,2300.8,23,2,44
9:36:28,2300.8,2300.6,2300.8,46,5,11
9:36:28,2300.8,2300.8,2301,29,25,19
9:36:29,2301.2,2301,2301.2,40,10,6
9:36:29,2301.2,2301,2301.4,21,9,13
9:36:30,2301.4,2301.2,2301.4,16,1,10
9:36:30,2301.4,2301,2301.4,8,5,12
9:36:31,2301,2300.8,2301,18,13,18
9:36:31,2301,2300.8,2301,17,12,13
9:36:32,2301,2300.8,2301,6,6,12
9:36:32,2301,2301,2301.2,29,33,5
9:36:33,2301.4,2301.2,2301.4,10,10,2
9:36:33,2301,2301,2301.2,16,33,20
9:36:34,2301,2301,2301.2,17,25,18
9:36:34,2301.2,2301,2301.2,28,10,2
9:36:35,2301.2,2300.8,2301.4,15,3,2
9:36:35,2301.4,2301.2,2301.4,5,3,4
9:36:36,2300.8,2300.8,2301,41,4,21
9:36:36,2301,2300.8,2301,12,4,19
9:36:37,2301,2300.6,2301,6,11,26
9:36:37,2301,2300.6,2301,4,16,22
9:36:38,2300.8,2300.6,2300.8,4,15,4
9:36:38,2300.8,2300.6,2300.8,3,22,2
9:36:39,2300.8,2300.6,2300.8,3,27,17
9:36:39,2300.8,2300.6,2300.8,14,17,13
9:36:40,2300.6,2300.4,2300.6,39,13,40
9:36:40,2300.6,2300.2,2300.6,40,38,40
9:36:41,2300.4,2300.2,2300.4,23,38,36
9:36:41,2300.4,2300.2,2300.4,42,18,15
9:36:42,2300.4,2300.2,2300.6,18,15,36
9:36:42,2300.6,2300.4,2300.6,9,1,35
9:36:43,2300.4,2300.4,2300.6,25,1,33
9:36:43,2300.6,2300.4,2300.6,10,24,29
9:36:44,2300.4,2300.4,2300.6,21,21,11
9:36:44,2300.6,2300.6,2300.8,18,61,4
9:36:45,2301,2300.6,2301,74,46,4
9:36:45,2301,2301,2301.4,29,12,13
9:36:46,2301,2301,2301.4,10,27,12
9:36:46,2301,2301,2301.6,27,13,12
9:36:47,2301.2,2301,2301.6,10,63,6
9:36:47,2301,2301,2301.6,9,62,3
9:36:48,2301.2,2301.2,2301.6,4,21,16
9:36:48,2301.4,2301.2,2301.4,5,36,1
9:36:49,2301.4,2301.2,2301.4,9,26,5
9:36:49,2301.4,2301.2,2301.6,11,18,16
9:36:50,2301.2,2301.2,2301.6,8,12,20
9:36:50,2301.6,2301.4,2301.6,2,5,19
9:36:51,2301.6,2301.6,2301.8,22,1,13
9:36:51,2301.4,2301.4,2301.6,3,39,1
9:36:52,2301.6,2301.6,2301.8,4,2,5
9:36:52,2301.8,2301.6,2301.8,3,5,3
9:36:53,2301.8,2301.6,2302,4,7,7
9:36:53,2302,2301.8,2302,3,1,5
9:36:54,2301.8,2301.8,2302,3,1,4
9:36:54,2301.8,2301.6,2302,4,11,2
9:36:55,2301.6,2301.8,2302,13,2,1
9:36:55,2301.8,2301.6,2302,15,2,3
9:36:56,2301.8,2301.6,2301.8,3,2,1
9:36:56,2302,2302,2302.2,10,35,18
9:36:57,2302,2302,2302.2,20,20,14
9:36:57,2302,2302,2302.2,12,8,14
9:36:58,2302,2301.8,2302,12,1,21
9:36:58,2301.8,2301.6,2301.8,2,25,16
9:36:59,2301.8,2301.6,2301.8,4,25,13
9:36:59,2301.6,2301.6,2301.8,4,23,12
9:37:00,2301.8,2301.8,2302,24,6,31
9:37:00,2301.8,2301.6,2301.8,11,26,19
9:37:01,2301.8,2301.6,2301.8,14,18,17
9:37:01,2301.6,2301.6,2301.8,17,15,3
9:37:02,2301.8,2301.8,2302,17,9,41
9:37:02,2302,2301.8,2302,31,7,13
9:37:03,2302,2302,2302.2,17,34,17
9:37:03,2302,2301.8,2302,89,1,9
9:37:04,2302.2,2302,2302.2,13,4,11
9:37:04,2302.4,2302.2,2302.4,22,3,10
9:37:05,2302.4,2302.2,2302.4,10,5,15
9:37:05,2302.4,2302.2,2302.4,18,2,1
9:37:06,2302.4,2302.4,2302.6,14,9,9
9:37:06,2302.6,2302.4,2302.6,2,22,8
9:37:07,2302.6,2302.4,2302.6,6,20,6
9:37:07,2302.6,2302.4,2302.6,16,9,4
9:37:08,2302.6,2302.6,2302.8,7,4,49
9:37:08,2302.6,2302.4,2302.6,20,8,8
9:37:09,2302.4,2302.2,2302.4,10,2,7
9:37:09,2302.6,2302.2,2302.4,11,2,31
9:37:10,2302.2,2302,2302.2,5,10,7
9:37:10,2302,2301.8,2302,24,3,8
9:37:11,2302,2301.8,2302,3,3,15
9:37:12,2301.8,2301.8,2302,20,10,7
9:37:12,2301.8,2301.8,2302,2,15,6
9:37:13,2302,2302,2302.2,9,19,6
9:37:13,2302,2302.2,2302.4,16,1,27
9:37:14,2302.4,2302.2,2302.4,12,19,17
9:37:14,2302.2,2302.2,2302.4,3,16,18
9:37:15,2302.4,2302.2,2302.4,2,19,16
9:37:16,2302.2,2302.4,2302.6,18,1,27
9:37:16,2302.6,2302,2302.4,7,10,30
9:37:17,2302,2302,2302.2,6,9,2
9:37:17,2302.2,2302,2302.4,4,7,29
9:37:18,2302.4,2302,2302.4,27,6,5
9:37:18,2302.4,2302,2302.4,3,10,4
9:37:19,2302,2302.2,2302.4,5,12,4
9:37:19,2302.4,2302.4,2302.6,7,3,26
9:37:20,2302.2,2302,2302.2,22,9,33
9:37:20,2302.2,2302,2302.2,36,2,2
9:37:21,2302.2,2302,2302.4,2,9,4
9:37:21,2302.4,2302,2302.4,2,8,9
9:37:22,2302,2302,2302.4,2,10,13
9:37:22,2302.2,2302.2,2302.4,3,2,12
9:37:23,2302.2,2302,2302.2,5,12,3
9:37:23,2302.2,2302,2302.2,2,11,9
9:37:24,2302.2,2302,2302.2,1,21,15
9:37:24,2302,2302,2302.2,12,12,13
9:37:25,2302,2302,2302.2,11,11,5
9:37:25,2302,2302,2302.2,14,7,1
9:37:26,2302.2,2302.2,2302.4,3,3,15
9:37:26,2302.2,2302.2,2302.4,2,2,15
9:37:27,2302,2302,2302.4,3,8,15
9:37:27,2302,2302,2302.4,3,15,14
9:37:28,2302.2,2302.2,2302.4,5,12,14
9:37:28,2302.4,2302.2,2302.4,1,17,13
9:37:29,2302.4,2302.4,2302.6,13,9,32
9:37:29,2302.4,2302.4,2302.6,4,5,32
9:37:30,2302.4,2302.4,2302.6,5,4,33
9:37:31,2302.4,2302.2,2302.6,4,21,33
9:37:31,2302.4,2302.4,2302.6,5,2,30
9:37:32,2302.6,2302.4,2302.6,6,3,29
9:37:32,2302.4,2302.4,2302.6,3,9,29
9:37:33,2302.4,2302.4,2302.6,5,6,29
9:37:33,2302.6,2302.2,2302.6,26,12,15
9:37:34,2302.6,2302.2,2302.6,1,12,15
9:37:34,2302.6,2302.2,2302.6,16,12,1
9:37:35,2302.8,2302.6,2302.8,3,23,82
9:37:35,2302.8,2302.6,2302.8,3,37,80
9:37:36,2302.8,2302.6,2302.8,6,38,75
9:37:36,2302.8,2302.6,2302.8,14,40,62
9:37:37,2302.8,2302.6,2302.8,1,40,61
9:37:37,2302.8,2302.6,2302.8,5,39,57
9:37:38,2302.8,2302.6,2302.8,13,38,46
9:37:38,2302.8,2302.6,2302.8,12,37,37
9:37:39,2302.6,2302.6,2302.8,6,33,35
9:37:39,2302.8,2302.6,2302.8,6,31,31
9:37:40,2302.6,2302.6,2302.8,24,9,28
9:37:40,2302.6,2302.6,2302.8,1,8,48
9:37:41,2302.4,2302.2,2302.6,13,19,33
9:37:41,2302.2,2302.2,2302.4,1,18,5
9:37:42,2302.2,2302.2,2302.4,6,15,16
9:37:42,2302.2,2302.2,2302.4,21,5,11
9:37:43,2302.2,2302,2302.2,18,26,31
9:37:43,2302.2,2302,2302.2,6,26,28
9:37:44,2302.2,2302.2,2302.4,23,8,7
9:37:44,2302.2,2302.2,2302.4,6,2,7
9:37:45,2302.4,2302.2,2302.4,1,7,6
9:37:45,2302.2,2302.2,2302.4,6,2,6
9:37:46,2302.2,2302,2302.4,2,16,1
9:37:46,2302.4,2302.4,2302.6,3,18,47
9:37:47,2302.4,2302.4,2302.6,3,15,32
9:37:47,2302.4,2302.4,2302.6,3,12,32
9:37:48,2302.4,2302.2,2302.6,14,1,27
9:37:48,2302.4,2302.2,2302.4,1,22,2
9:37:49,2302.2,2302.2,2302.4,10,14,5
9:37:49,2302.2,2302,2302.2,14,25,9
9:37:50,2302,2302,2302.2,1,24,11
9:37:50,2302.2,2302,2302.2,1,24,12
9:37:51,2302,2302,2302.2,14,10,8
9:37:51,2302,2301.8,2302,14,10,1
9:37:52,2302,2301.8,2302,1,10,2
9:37:52,2302,2302,2302.2,10,2,8
9:37:53,2302,2302,2302.2,8,9,5
9:37:53,2302,2302,2302.2,4,41,8
9:37:54,2302.2,2302,2302.4,10,40,9
9:37:54,2302.2,2302.2,2302.4,18,7,10
9:37:55,2302.4,2302.2,2302.4,7,6,5
9:37:55,2302.2,2302.2,2302.4,2,4,13
9:37:56,2302.2,2302.2,2302.4,2,10,13
9:37:57,2302.2,2302.2,2302.4,1,10,13
9:37:57,2302.2,2302.2,2302.4,2,9,12
9:37:58,2302.2,2302.2,2302.4,7,2,12
9:37:58,2302.2,2302.2,2302.4,2,5,16
9:37:59,2302.2,2302,2302.2,6,23,1
9:37:59,2302,2301.8,2302,24,8,24
9:38:00,2302,2301.8,2302,2,8,23
9:38:00,2302,2301.8,2302,2,8,21
9:38:01,2301.8,2301.8,2302,8,1,22
9:38:01,2301.8,2301.6,2302,3,33,23
9:38:02,2301.6,2301.6,2301.8,1,32,1
9:38:02,2302,2302,2302.2,24,6,4
9:38:03,2301.6,2301.6,2302,31,13,18
9:38:03,2302,2301.6,2302,6,11,16
9:38:04,2301.8,2301.8,2302,1,2,20
9:38:04,2301.8,2301.6,2301.8,5,12,1
9:38:06,2301.6,2301.6,2301.8,9,18,3
9:38:06,2301.6,2301.6,2301.8,1,17,3
9:38:07,2301.6,2301.6,2301.8,3,16,5
9:38:07,2301.6,2301.4,2301.6,18,28,9
9:38:08,2301.4,2301.4,2301.6,18,24,3
9:38:08,2301.4,2301.4,2301.8,8,19,1
9:38:09,2301.8,2301.4,2302,6,18,26
9:38:09,2301.4,2301.4,2301.6,6,20,11
9:38:10,2301.6,2301.4,2301.6,7,18,6
9:38:10,2301.4,2301.4,2301.6,1,17,7
9:38:11,2301.6,2301.4,2301.6,13,13,4
9:38:11,2301.4,2301.4,2301.6,4,9,4
9:38:12,2301.4,2301.4,2301.6,3,7,6
9:38:12,2301.6,2301.4,2301.6,10,1,2
9:38:13,2301.6,2301.4,2301.8,2,1,6
9:38:13,2301.4,2301.2,2301.4,9,24,1
9:38:14,2301.4,2301.4,2301.6,6,2,3
9:38:14,2301.6,2301.4,2301.6,6,4,2
9:38:15,2301.2,2301.2,2301.6,18,24,25
9:38:15,2301.4,2301.4,2301.6,5,1,28
9:38:16,2301.4,2301.4,2301.6,17,9,27
9:38:16,2301.6,2301.4,2301.6,7,9,24
9:38:17,2301.4,2301.4,2301.6,5,10,19
9:38:17,2301.6,2301.6,2301.8,22,9,16
9:38:18,2301.6,2301.6,2301.8,8,10,16
9:38:18,2301.8,2301.6,2301.8,11,12,5
9:38:19,2301.6,2301.6,2301.8,8,5,5
9:38:19,2301.6,2301.4,2301.6,9,30,22
9:38:20,2301.4,2301.4,2301.6,15,15,23
9:38:20,2301.6,2301.4,2301.6,5,14,24
9:38:21,2301.6,2301.4,2301.6,10,11,30
9:38:22,2301.4,2301.2,2301.4,11,16,27
9:38:22,2301,2301,2301.2,29,68,40
9:38:23,2301.2,2301,2301.2,39,33,36
9:38:23,2300.4,2300.4,2300.8,112,34,24
9:38:24,2300.8,2300.4,2300.6,5,21,27
9:38:24,2300.4,2300.4,2300.6,9,23,25
9:38:25,2300.4,2300.4,2300.6,12,18,21
9:38:25,2300.6,2300.6,2300.8,86,18,28
9:38:26,2300.6,2300.6,2300.8,4,17,29
9:38:26,2300.6,2300.6,2300.8,10,14,24
9:38:27,2300.6,2300.6,2300.8,7,9,22
9:38:27,2300.6,2300.6,2300.8,15,1,16
9:38:28,2300.4,2300.4,2300.8,11,18,13
9:38:28,2300.4,2300.4,2300.6,2,36,1
9:38:29,2300.4,2300.4,2300.6,16,27,7
9:38:29,2300.6,2300.4,2300.6,11,1,7
9:38:30,2300.2,2300.2,2300.4,16,5,4
9:38:30,2300,2300,2300.2,8,70,7
9:38:31,2300,2300,2300.2,47,39,1
9:38:31,2300,2300,2300.2,59,4,6
9:38:32,2299.8,2299.8,2300,21,2,13
9:38:32,2300,2299.8,2300,15,13,17
9:38:33,2299.8,2299.8,2300,23,6,6
9:38:33,2300.4,2300,2300.4,33,16,33
9:38:34,2300.2,2300.2,2300.4,21,46,27
9:38:34,2300.4,2300.4,2300.6,48,1,8
9:38:35,2300.6,2300.4,2300.6,15,9,1
9:38:35,2300.2,2300.2,2300.4,21,3,1
9:38:36,2300.4,2300.4,2300.8,10,13,19
9:38:36,2300.6,2300.4,2300.8,20,17,35
9:38:37,2300.8,2300.6,2300.8,6,3,34
9:38:37,2300.6,2300.4,2300.6,6,16,4
9:38:38,2300.4,2300.2,2300.4,31,25,79
9:38:38,2300,2300,2300.2,42,13,25
9:38:39,2300,2299.8,2300,84,5,37
9:38:39,2299.8,2299.6,2299.8,10,30,46
9:38:40,2299.8,2299.6,2299.8,25,32,22
9:38:40,2299.6,2299.8,2300,35,4,23
9:38:41,2299.8,2299.8,2300,27,17,1
9:38:41,2300.2,2300,2300.4,38,2,4
9:38:42,2300.2,2300.2,2300.4,35,8,11
9:38:42,2300.2,2300,2300.2,31,5,17
9:38:43,2300.2,2300,2300.2,3,4,17
9:38:43,2300,2300,2300.2,7,5,16
9:38:44,2300.2,2300,2300.2,7,2,13
9:38:44,2300,2300,2300.4,22,14,16
9:38:45,2300,2299.8,2300,20,46,9
9:38:45,2300,2299.8,2300,4,46,16
9:38:46,2300,2299.8,2300,6,46,12
9:38:46,2300,2299.8,2300,9,45,5
9:38:47,2300,2300,2300.2,6,1,1
