9:14:00,2190.2,2190.2,2191,448,3,14
9:15:00,2190,2189,2190,248,9,2
9:15:01,2188.8,2188.8,2189.6,141,63,9
9:15:01,2189,2188.8,2189.6,107,23,7
9:15:02,2189,2189,2189.4,175,7,8
9:15:02,2189.4,2189.6,2189.8,81,2,35
9:15:03,2189.6,2188.2,2189.6,100,1,89
9:15:03,2188.8,2188.6,2189,76,2,1
9:15:04,2188.6,2188.4,2188.6,67,15,22
9:15:04,2188.2,2188.4,2188.8,76,1,10
9:15:05,2188.4,2188,2188.4,33,23,6
9:15:05,2188.2,2187.6,2188.4,40,8,13
9:15:06,2188,2187.8,2188,46,15,8
9:15:06,2188,2188,2188.2,77,6,29
9:15:07,2188,2188,2188.4,100,12,24
9:15:07,2188,2187.4,2188,75,1,24
9:15:08,2187.8,2187.8,2188,127,23,21
9:15:08,2187.8,2187.8,2188,77,1,2
9:15:09,2188,2188,2188.4,45,26,3
9:15:09,2188,2187.8,2188,56,18,41
9:15:10,2187.8,2187.6,2188,83,7,5
9:15:10,2188,2187.6,2188.2,50,46,27
9:15:11,2187.6,2187.6,2187.8,46,44,5
9:15:11,2187.8,2187.8,2188,65,11,68
9:15:12,2188,2187.8,2188,56,3,57
9:15:12,2187.8,2187.6,2187.8,22,19,35
9:15:13,2187.6,2187.8,2188,79,1,32
9:15:13,2187.8,2187.8,2188,23,1,37
9:15:14,2188,2187.8,2188.4,59,8,28
9:15:14,2188,2188,2188.4,25,45,24
9:15:15,2188,2188.2,2188.4,121,11,26
9:15:15,2188.6,2188.6,2188.8,58,6,14
9:15:16,2188.6,2188.4,2188.6,51,10,14
9:15:16,2188.6,2188.2,2188.4,29,16,2
9:15:17,2188.4,2188,2188.4,80,1,3
9:15:17,2188.4,2188.2,2188.4,35,4,38
9:15:18,2188,2187.8,2188,22,1,11
9:15:18,2188.2,2187.6,2187.8,27,2,4
9:15:19,2187.6,2187.6,2188,17,1,13
9:15:19,2188.4,2187.8,2188.4,101,3,32
9:15:20,2188,2188,2188.2,53,1,21
9:15:20,2188,2187.8,2188,17,1,1
9:15:21,2187.8,2187.8,2188.2,19,5,9
9:15:21,2187.6,2187.4,2187.8,20,5,3
9:15:22,2188,2187.4,2188,21,9,20
9:15:22,2188,2187.4,2188,29,15,27
9:15:23,2187.6,2187.2,2187.4,41,66,1
9:15:23,2187.4,2187.4,2187.6,10,4,29
9:15:24,2187.4,2187.2,2187.4,27,57,1
9:15:24,2187.2,2187.2,2187.4,24,41,21
9:15:25,2187.2,2187.2,2187.4,56,2,8
9:15:25,2187.2,2187,2187.2,35,16,38
9:15:26,2187,2187,2187.2,94,9,6
9:15:26,2187.2,2187.2,2187.4,80,6,21
9:15:27,2187.2,2186.4,2187.2,40,9,38
9:15:27,2187,2186.6,2187,63,24,8
9:15:28,2186.8,2186.8,2187,31,16,58
9:15:28,2187,2186.8,2187,55,15,23
9:15:29,2187,2187,2187.4,62,14,15
9:15:29,2187.2,2187.2,2187.4,26,6,5
9:15:30,2187.2,2187.2,2187.4,7,6,3
9:15:30,2187.2,2187.4,2187.6,32,2,12
9:15:31,2187.4,2187.4,2187.6,19,19,7
9:15:31,2187.2,2187.2,2187.4,46,28,16
9:15:32,2187.4,2187.2,2187.4,23,1,24
9:15:32,2187.2,2187,2187.2,28,45,13
9:15:33,2187.4,2187,2187.4,53,33,7
9:15:33,2187,2187,2187.2,51,10,94
9:15:34,2187,2186.8,2187,30,13,11
9:15:34,2186.8,2186.6,2186.8,33,39,12
9:15:35,2187,2186.8,2187,24,30,63
9:15:35,2187,2186.8,2187,8,29,67
9:15:36,2187,2186.8,2187,32,36,58
9:15:36,2187,2187,2187.2,65,65,106
9:15:37,2187,2187,2187.2,56,27,82
9:15:37,2187.2,2187,2187.2,41,14,58
9:15:38,2187.2,2187,2187.2,35,26,29
9:15:38,2187.2,2187.2,2187.4,43,15,50
9:15:39,2187.2,2187.2,2187.4,34,9,50
9:15:39,2187.4,2187.2,2187.4,14,29,47
9:15:40,2187.4,2187.2,2187.4,18,26,40
9:15:40,2187.2,2187.2,2187.4,11,21,36
9:15:41,2187.4,2187.2,2187.4,37,16,16
9:15:41,2187,2187.4,2187.6,93,1,38
9:15:42,2187.2,2187,2187.4,6,17,20
9:15:42,2187.4,2187,2187.4,25,19,8
9:15:43,2187.4,2187,2187.2,10,21,1
9:15:43,2187.4,2187.4,2187.6,62,39,39
9:15:44,2187.4,2187.4,2187.6,18,27,36
9:15:44,2187.4,2187.4,2187.6,9,25,36
9:15:45,2187.6,2187.4,2187.6,1,25,35
9:15:45,2187.6,2187.4,2187.6,19,13,31
9:15:46,2187.4,2187.4,2187.6,12,7,27
9:15:46,2187.8,2187.6,2187.8,35,27,21
9:15:47,2187.6,2187.6,2187.8,13,25,19
9:15:47,2187.6,2187.6,2187.8,28,4,26
9:15:48,2187.8,2187.6,2187.8,13,8,14
9:15:48,2187.6,2187.4,2187.6,25,22,37
9:15:49,2187.6,2187.4,2187.6,11,22,30
9:15:49,2187.8,2187.8,2188,57,27,102
9:15:50,2188,2187.8,2188,11,23,102
9:15:50,2188,2187.8,2188,11,16,100
9:15:51,2188,2187.8,2188,10,13,95
9:15:51,2188,2187.8,2188,20,13,79
9:15:52,2187.8,2187.8,2188,4,12,76
9:15:52,2188,2187.8,2188,36,14,41
9:15:53,2188,2187.8,2188,21,5,34
9:15:53,2188,2187.8,2188,31,14,12
9:15:54,2188,2187.8,2188,12,1,8
9:15:54,2188,2187.8,2188,22,9,22
9:15:55,2188,2187.6,2188,14,14,15
9:15:55,2188,2187.8,2188,18,1,2
9:15:56,2188,2187.8,2188,12,10,2
9:15:56,2188.4,2188.2,2188.4,26,6,25
9:15:57,2187.8,2187.6,2187.8,21,16,39
9:15:57,2187.8,2187.6,2187.8,26,15,14
9:15:58,2187.8,2187.6,2187.8,17,18,1
9:15:58,2187.8,2187.8,2188,8,4,17
9:15:59,2188,2187.8,2188,8,3,11
9:15:59,2188,2187.8,2188,3,10,12
9:16:00,2187.8,2187.8,2188,8,18,7
9:16:00,2188,2188,2188.4,65,4,53
9:16:01,2187.8,2187.8,2188,24,9,6
9:16:01,2188,2188,2188.2,22,26,12
9:16:02,2188,2188,2188.2,18,13,10
9:16:02,2188,2188,2188.2,10,8,15
9:16:03,2187.8,2187.8,2188.2,14,3,21
9:16:03,2187.8,2187.8,2188,9,2,3
9:16:04,2187.8,2187.6,2187.8,14,31,71
9:16:04,2187.6,2187.6,2187.8,35,1,112
9:16:05,2187.6,2187.4,2187.6,18,34,51
9:16:05,2187.4,2187.2,2187.4,35,72,15
9:16:06,2187.6,2187.2,2187.6,86,55,22
9:16:06,2187.2,2187.2,2187.4,22,41,2
9:16:07,2187.2,2187.2,2187.4,21,23,5
9:16:07,2187.2,2187.2,2187.4,10,31,9
9:16:08,2187.2,2187.2,2187.4,19,13,8
9:16:08,2187.2,2187,2187.2,22,85,10
9:16:09,2187,2187,2187.2,8,84,61
9:16:09,2187,2187,2187.2,31,65,50
9:16:10,2187,2186.8,2187,117,37,46
9:16:10,2187,2186.8,2187,28,21,76
9:16:11,2186.8,2186.6,2186.8,75,21,3
9:16:11,2186.6,2186.6,2186.8,18,10,17
9:16:12,2186.6,2186.6,2187,56,6,46
9:16:12,2186.6,2186.8,2187,17,2,47
9:16:13,2187,2186.8,2187,20,1,35
9:16:13,2186.8,2186.4,2186.8,13,6,7
9:16:14,2186.8,2186.6,2186.8,4,9,12
9:16:14,2186.6,2186.4,2186.6,13,26,4
9:16:15,2186.6,2186.6,2186.8,22,2,13
9:16:15,2186.6,2186.6,2186.8,18,6,5
9:16:16,2186.8,2186.6,2186.8,15,10,4
9:16:16,2186.6,2186.6,2187,84,23,39
9:16:17,2186.2,2186.6,2186.8,41,3,2
9:16:17,2186.6,2186.2,2186.6,16,4,19
9:16:18,2186.6,2186.2,2186.6,36,5,1
9:16:18,2186.2,2186.2,2186.6,35,12,3
9:16:19,2186.6,2186.2,2186.6,17,14,6
9:16:19,2186.2,2186.2,2186.8,24,13,39
9:16:20,2186.6,2186.4,2186.6,14,5,9
9:16:20,2186.2,2186,2186.2,9,43,5
9:16:21,2186.2,2186,2186.2,17,45,6
9:16:21,2186,2186,2186.4,29,42,23
9:16:22,2186,2186,2186.2,31,13,18
9:16:22,2186,2186,2186.2,49,4,1
9:16:23,2186,2185.8,2186,29,8,13
9:16:23,2186,2185.8,2186,18,5,2
9:16:24,2186.2,2186.2,2186.4,24,5,1
9:16:24,2186.2,2186.2,2186.4,34,4,1
9:16:25,2186.2,2186.2,2186.4,21,43,1
9:16:25,2186.2,2186.2,2186.4,12,35,10
9:16:26,2186.2,2186.4,2186.6,26,38,25
9:16:26,2186.4,2186.4,2186.6,23,49,6
9:16:27,2186.6,2186.6,2186.8,25,15,54
9:16:27,2186.8,2186.6,2186.8,9,19,76
9:16:28,2186.6,2186.6,2186.8,7,19,80
9:16:28,2186.8,2186.6,2186.8,20,11,66
9:16:29,2186.6,2186.6,2186.8,4,8,66
9:16:29,2186.6,2186.4,2186.6,19,35,2
9:16:30,2186.6,2186.4,2186.6,18,30,18
9:16:30,2186.4,2186.4,2186.6,17,27,6
9:16:31,2186.6,2186.4,2186.6,9,27,3
9:16:31,2186.6,2186.4,2186.8,11,27,31
9:16:32,2186.6,2186.6,2186.8,18,9,62
9:16:32,2186.6,2186.6,2186.8,11,4,59
9:16:33,2186.4,2186.4,2186.8,12,21,57
9:16:33,2186.6,2186.2,2186.6,49,20,14
9:16:34,2186.6,2186.6,2186.8,15,6,55
9:16:34,2186.8,2186.6,2186.8,2,5,54
9:16:35,2186.6,2186.6,2186.8,35,72,54
9:16:35,2186.8,2186.6,2186.8,12,62,58
9:16:36,2186.8,2186.6,2186.8,46,60,18
9:16:36,2186.8,2186.8,2187,22,38,63
9:16:37,2186.8,2186.8,2187,5,38,63
9:16:37,2187,2187,2187.2,65,5,18
9:16:38,2187.2,2187,2187.2,6,1,21
9:16:38,2187.2,2186.8,2187.2,9,47,48
9:16:39,2187.2,2186.8,2187.2,13,42,49
9:16:39,2187,2186.8,2187,13,42,10
9:16:40,2187,2186.8,2187,13,40,24
9:16:40,2187,2186.8,2187,46,1,27
9:16:41,2187,2187,2187.2,37,36,13
9:16:41,2187,2187,2187.2,9,53,12
9:16:42,2187.2,2187,2187.2,15,122,2
9:16:42,2187.2,2187.2,2187.4,47,28,19
9:16:43,2187.2,2187.2,2187.4,19,32,18
9:16:43,2187.4,2187.2,2187.4,14,79,6
9:16:44,2187.4,2187.4,2187.6,6,10,49
9:16:44,2187.4,2187.4,2187.6,5,9,46
9:16:45,2187.4,2187.4,2187.6,5,10,43
9:16:45,2187.4,2187.4,2187.6,10,3,43
9:16:46,2187.4,2187.2,2187.6,5,82,44
9:16:46,2187.6,2187.4,2187.6,17,4,39
9:16:47,2187.6,2187.2,2187.6,15,80,33
9:16:47,2187.6,2187.2,2187.4,3,79,5
9:16:48,2187.2,2187.2,2187.4,3,79,6
9:16:48,2187.4,2187.2,2187.4,4,77,3
9:16:49,2187.4,2187.4,2187.6,9,1,37
9:16:49,2187.4,2187.2,2187.4,3,77,3
9:16:50,2187.4,2187.4,2187.6,7,6,35
9:16:50,2187.6,2187.4,2187.6,11,2,32
9:16:51,2187.4,2187.4,2187.6,1,7,33
9:16:51,2187.2,2187.2,2187.4,22,77,6
9:16:52,2187.2,2187.2,2187.4,6,75,4
9:16:52,2187.4,2187.2,2187.4,8,76,3
9:16:53,2187.4,2187.2,2187.4,4,74,2
9:16:53,2187.2,2187.2,2187.4,7,67,1
9:16:54,2187.4,2187.4,2187.6,4,7,36
9:16:54,2187.4,2187.2,2187.4,8,59,3
9:16:55,2187.2,2187.2,2187.4,7,72,6
9:16:56,2187.2,2187.2,2187.4,16,64,7
9:16:57,2187.2,2187.2,2187.4,2,64,10
9:16:57,2187.2,2187.2,2187.4,1,63,15
9:16:58,2187.2,2187.2,2187.4,2,61,20
9:16:58,2187.2,2187.2,2187.4,16,46,21
9:16:59,2187.2,2187.2,2187.4,27,23,22
9:16:59,2187.2,2187,2187.2,29,144,55
9:17:00,2187,2187,2187.2,6,142,56
9:17:00,2187.2,2187,2187.2,24,125,61
9:17:01,2187,2187,2187.2,29,100,59
9:17:01,2187.2,2187,2187.2,62,42,58
9:17:02,2187.2,2187,2187.2,39,1,52
9:17:02,2187,2186.8,2187,6,16,46
9:17:03,2187,2187,2187.2,85,39,48
9:17:03,2187.2,2187,2187.2,45,1,37
9:17:04,2187,2186.8,2187,3,6,2
9:17:04,2186.8,2186.6,2186.8,9,70,7
9:17:05,2186.8,2186.6,2186.8,1,70,7
9:17:05,2186.8,2186.8,2187.2,18,5,23
9:17:06,2187,2186.6,2187.2,12,68,23
9:17:06,2186.8,2186.8,2187.2,1,30,23
9:17:07,2187.2,2187.2,2187.4,33,67,30
9:17:07,2187.4,2187.4,2187.6,32,9,43
9:17:08,2187.4,2187.4,2187.6,14,5,34
9:17:08,2187.6,2187.4,2187.6,2,4,34
9:17:09,2187.6,2187.4,2187.6,19,2,18
9:17:09,2187.6,2187.2,2187.4,36,61,27
9:17:10,2187.2,2187.2,2187.4,3,60,25
9:17:10,2187.2,2187.2,2187.4,5,61,31
9:17:11,2187.2,2187.2,2187.4,17,56,26
9:17:11,2187.4,2187.2,2187.4,73,6,4
9:17:12,2187.4,2187.4,2187.6,4,2,13
9:17:12,2187.2,2187.2,2187.4,4,4,3
9:17:13,2187.4,2187.4,2187.6,5,38,12
9:17:13,2187.6,2187.6,2187.8,16,18,44
9:17:14,2187.8,2187.6,2187.8,9,13,40
9:17:14,2187.6,2187.6,2187.8,2,16,40
9:17:15,2187.6,2187.6,2187.8,9,5,41
9:17:15,2187.8,2187.6,2187.8,6,4,37
9:17:16,2187.6,2187.4,2187.6,10,41,6
9:17:16,2187.6,2187.4,2187.6,6,40,3
9:17:17,2187.6,2187.4,2187.6,14,39,5
9:17:17,2187.6,2187.4,2187.6,4,43,3
9:17:18,2187.4,2187.4,2187.6,25,26,2
9:17:18,2187.6,2187.6,2187.8,8,10,36
9:17:19,2187.6,2187.6,2187.8,12,6,39
9:17:19,2187.6,2187.4,2187.6,10,29,29
9:17:20,2187.6,2187.4,2187.6,32,4,22
9:17:20,2187.4,2187.4,2187.6,7,3,20
9:17:21,2187.4,2187.4,2187.6,12,18,12
9:17:21,2187.4,2187.4,2187.6,4,15,11
9:17:22,2187.4,2187.2,2187.4,16,30,35
9:17:22,2187.2,2187.2,2187.8,60,25,40
9:17:23,2187.6,2187.2,2187.6,13,16,4
9:17:23,2187.2,2187.2,2187.6,2,18,5
9:17:24,2187.6,2187.4,2187.6,2,3,14
9:17:25,2187.4,2187.4,2187.6,12,12,14
9:17:25,2187.6,2187.4,2187.6,2,12,14
9:17:26,2187.6,2187.4,2187.6,15,11,13
9:17:26,2187.6,2187.4,2187.6,10,6,9
9:17:27,2187.6,2187.4,2187.6,4,5,6
9:17:27,2187.4,2187.4,2187.6,3,3,5
9:17:28,2187.4,2187.4,2187.6,1,2,12
9:17:28,2187.6,2187.4,2187.6,10,2,2
9:17:29,2187.4,2187.4,2187.6,3,1,2
9:17:29,2187.4,2187.2,2187.6,3,37,1
9:17:30,2187.6,2187.6,2187.8,1,12,50
9:17:30,2187.6,2187.6,2187.8,7,8,49
9:17:31,2187.8,2187.6,2187.8,5,6,49
9:17:31,2187.6,2187.4,2187.6,7,3,3
9:17:32,2187.6,2187.4,2187.6,6,2,1
9:17:32,2187.6,2187.6,2187.8,14,1,50
9:17:33,2187.6,2187.2,2187.8,1,39,50
9:17:33,2187.8,2187.6,2187.8,4,1,48
9:17:34,2187.6,2187.6,2187.8,7,5,48
9:17:34,2187.6,2187.6,2187.8,8,2,48
9:17:35,2187.8,2187.6,2187.8,6,1,46
9:17:35,2187.6,2187.6,2187.8,2,2,46
9:17:36,2187.4,2187.2,2187.8,5,38,45
9:17:36,2187.6,2187.4,2187.6,1,2,2
9:17:37,2187.8,2187.4,2187.8,8,12,62
9:17:37,2187.6,2187.4,2187.6,5,12,11
9:17:38,2187.6,2187.4,2187.6,6,9,8
9:17:38,2187.6,2187.4,2187.6,2,11,6
9:17:39,2187.6,2187.4,2187.6,7,12,1
9:17:39,2187.4,2187.4,2187.6,2,10,3
9:17:40,2187.6,2187.4,2187.6,5,7,1
9:17:40,2187.6,2187.4,2187.8,3,5,70
9:17:41,2187.4,2187.2,2187.4,11,38,7
9:17:41,2187.2,2187.2,2187.4,7,35,3
9:17:42,2187.2,2187.2,2187.4,3,32,3
9:17:42,2187.4,2187.2,2187.4,4,30,1
9:17:43,2187.2,2187.2,2187.4,4,29,6
9:17:43,2187.2,2187.2,2187.4,2,42,7
9:17:44,2187.4,2187.2,2187.4,8,38,5
9:17:45,2187.2,2187.2,2187.4,2,36,20
9:17:45,2187.2,2187.2,2187.4,8,29,25
9:17:46,2187.2,2187.2,2187.4,17,12,45
9:17:46,2187.2,2187.2,2187.4,7,6,47
9:17:47,2187.2,2187.2,2187.4,8,1,43
9:17:47,2187.2,2187,2187.2,3,112,7
9:17:48,2187,2187,2187.2,1,111,8
9:17:48,2187,2187,2187.2,2,110,16
9:17:49,2187,2187,2187.2,22,89,22
9:17:49,2187,2187,2187.2,14,76,22
9:17:50,2187,2187,2187.2,32,44,22
9:17:50,2187,2187,2187.2,12,33,21
9:17:51,2187.2,2187,2187.2,11,25,19
9:17:51,2187,2186.8,2187,28,39,9
9:17:52,2187,2186.8,2187,6,38,9
9:17:52,2187,2186.8,2187,5,36,9
9:17:53,2186.8,2186.8,2187,10,30,8
9:17:54,2187,2186.8,2187,2,30,10
9:17:54,2186.8,2186.8,2187,8,40,11
9:17:55,2187,2186.8,2187,29,14,9
9:17:55,2186.8,2186.8,2187,2,13,12
9:17:56,2187,2186.8,2187,3,11,13
9:17:56,2186.8,2186.8,2187,4,7,17
9:17:57,2186.8,2186.8,2187,3,4,22
9:17:57,2186.8,2186.8,2187,4,8,19
9:17:58,2186.8,2186.8,2187,6,3,24
9:17:58,2186.6,2186.6,2186.8,7,87,2
9:17:59,2186.8,2186.6,2186.8,3,86,5
9:17:59,2186.6,2186.6,2186.8,9,87,4
9:18:00,2186.8,2186.6,2186.8,10,89,2
9:18:00,2186.8,2186.6,2186.8,11,82,6
9:18:01,2186.8,2186.6,2186.8,11,77,7
9:18:01,2186.6,2186.6,2186.8,14,67,8
9:18:02,2187,2186.8,2187,22,11,41
9:18:02,2186.8,2186.8,2187,9,14,41
9:18:03,2187,2186.8,2187,5,23,36
9:18:03,2186.8,2186.8,2187,10,20,34
9:18:04,2187,2186.8,2187,2,24,32
9:18:04,2186.8,2186.8,2187,14,31,30
9:18:05,2186.8,2186.8,2187,7,30,25
9:18:05,2187,2186.8,2187,7,27,19
9:18:06,2187,2186.8,2187,8,27,13
9:18:06,2187,2186.8,2187,8,38,9
9:18:07,2187,2187,2187.2,12,48,18
9:18:07,2187,2187,2187.2,4,49,18
9:18:08,2187,2187,2187.2,3,49,17
9:18:08,2187,2187,2187.2,5,44,17
9:18:09,2187.2,2187,2187.2,7,43,14
9:18:10,2187,2187,2187.2,2,41,15
9:18:10,2187.2,2187,2187.2,2,50,15
9:18:11,2187.2,2187,2187.2,11,57,4
9:18:11,2187.2,2187.2,2187.4,7,6,41
9:18:12,2187.2,2187.2,2187.4,1,6,41
9:18:12,2187.2,2187.2,2187.4,1,5,42
9:18:13,2187.2,2187.2,2187.4,4,3,42
9:18:13,2187.4,2187.2,2187.4,4,4,41
9:18:14,2187.4,2187.2,2187.4,1,4,40
9:18:14,2187.4,2187.2,2187.4,3,3,38
9:18:15,2187.4,2187.2,2187.4,2,4,36
9:18:15,2187.2,2187,2187.2,8,61,2
9:18:16,2187.2,2187,2187.4,2,63,36
9:18:16,2187.2,2187.2,2187.4,1,8,38
9:18:17,2187.4,2187.2,2187.4,10,5,31
9:18:17,2187.2,2187.2,2187.4,5,2,29
9:18:18,2187.2,2187.2,2187.4,16,1,18
9:18:18,2187.4,2187.2,2187.4,3,6,15
9:18:19,2187.2,2187.2,2187.4,7,5,15
9:18:19,2187.4,2187.2,2187.4,2,5,15
9:18:20,2187.4,2187.2,2187.4,2,6,13
9:18:20,2187,2186.8,2187.4,72,61,12
9:18:21,2187.2,2186.8,2187.2,1,62,3
9:18:21,2187.2,2186.8,2187.4,5,60,16
9:18:22,2187.2,2187,2187.2,3,1,2
9:18:22,2187.2,2187,2187.2,8,1,21
9:18:23,2187.2,2187,2187.2,5,1,8
9:18:23,2187.2,2187,2187.2,7,52,3
9:18:24,2187,2187,2187.4,5,51,31
9:18:24,2187,2187.2,2187.4,3,3,26
9:18:25,2187,2187.2,2187.4,16,2,26
9:18:25,2187.2,2187,2187.2,6,55,2
9:18:26,2187.2,2187,2187.2,1,56,2
9:18:26,2187.2,2187,2187.2,4,58,8
9:18:27,2187.2,2187,2187.2,4,60,6
9:18:27,2187,2187,2187.2,4,58,5
9:18:28,2187.2,2187,2187.2,6,56,12
9:18:29,2187.2,2187,2187.2,19,47,12
9:18:29,2187,2187,2187.2,4,52,9
9:18:30,2187.2,2187,2187.2,26,34,2
9:18:30,2187,2187,2187.4,4,32,29
9:18:31,2187,2187.2,2187.4,1,19,29
9:18:31,2187,2187.2,2187.4,11,8,29
9:18:32,2187.2,2187,2187.2,8,33,1
9:18:32,2187.2,2187,2187.4,2,33,29
9:18:33,2187,2187,2187.2,13,20,1
9:18:33,2187.2,2187,2187.4,1,20,29
9:18:34,2187.4,2187,2187.4,1,20,30
9:18:34,2187.2,2187,2187.2,8,14,5
9:18:35,2187.2,2187.2,2187.4,8,3,33
9:18:35,2187.4,2187.2,2187.4,1,3,34
9:18:36,2187.2,2187.2,2187.4,5,2,41
9:18:36,2187.2,2187.2,2187.4,1,4,41
9:18:37,2187.4,2187.2,2187.4,11,4,31
9:18:37,2187.4,2187.2,2187.4,5,7,26
9:18:38,2187.2,2187.2,2187.4,9,4,22
9:18:38,2187.2,2187.2,2187.4,2,11,22
9:18:39,2187.2,2187.2,2187.4,3,9,21
9:18:39,2187.4,2187.2,2187.4,4,11,18
9:18:40,2187.2,2187.2,2187.4,5,8,17
9:18:40,2187.4,2187.2,2187.4,12,9,5
9:18:41,2187.4,2187.2,2187.4,7,14,3
9:18:41,2187.4,2187.4,2187.6,4,49,39
9:18:42,2187.4,2187.4,2187.6,3,46,40
9:18:42,2187.4,2187.4,2187.6,2,44,40
9:18:43,2187.6,2187.4,2187.6,3,44,38
9:18:43,2187.6,2187.4,2187.6,12,45,27
9:18:44,2187.4,2187.2,2187.4,55,15,11
9:18:44,2187.4,2187.2,2187.4,8,15,22
9:18:45,2187.4,2187.2,2187.4,2,14,22
9:18:46,2187.4,2187.2,2187.4,3,21,21
9:18:46,2187.2,2187.2,2187.4,1,22,22
9:18:47,2187.4,2187.2,2187.4,7,20,18
9:18:47,2187.4,2187.2,2187.4,7,19,17
9:18:48,2187.4,2187.2,2187.4,4,18,30
9:18:49,2187.4,2187.2,2187.4,11,18,23
9:18:50,2187.4,2187.2,2187.4,4,18,19
9:18:50,2187.4,2187.2,2187.4,5,18,15
9:18:51,2187.2,2187.2,2187.4,4,16,13
9:18:51,2187.2,2187.2,2187.4,2,16,13
9:18:52,2187.4,2187.2,2187.4,2,15,12
9:18:52,2187.2,2187,2187.2,18,63,1
9:18:53,2187.2,2187.2,2187.4,2,6,16
9:18:53,2187.2,2187.2,2187.4,5,1,18
9:18:54,2187.4,2187.2,2187.4,3,2,17
9:18:54,2187.4,2187.2,2187.4,4,1,16
9:18:55,2187.2,2187.2,2187.4,1,2,26
9:18:55,2187.4,2187,2187.4,4,61,26
9:18:56,2187.4,2187,2187.2,11,61,2
9:18:56,2187.4,2187,2187.2,1,61,1
9:18:57,2187.4,2187.2,2187.4,4,8,22
9:18:57,2187.2,2187.2,2187.4,3,5,25
9:18:58,2187.2,2187.2,2187.4,1,5,25
9:18:58,2187.2,2187.2,2187.4,1,6,26
9:18:59,2187.2,2187,2187.4,20,65,26
9:18:59,2187,2187,2187.2,7,58,1
9:19:00,2187.2,2187,2187.2,1,58,7
9:19:00,2187.2,2187.2,2187.4,8,2,29
9:19:01,2187,2187,2187.4,6,56,31
9:19:01,2187.4,2187,2187.2,6,54,11
9:19:02,2187.2,2187,2187.2,22,63,11
9:19:03,2187,2187,2187.2,7,75,27
9:19:03,2187.2,2187,2187.2,17,60,25
9:19:04,2187.2,2187,2187.2,4,59,23
9:19:04,2187,2187,2187.2,21,39,25
9:19:05,2187,2187,2187.2,15,32,22
9:19:05,2187,2187,2187.2,39,52,20
9:19:06,2187,2187,2187.2,11,42,16
9:19:06,2187,2187,2187.2,1,41,15
9:19:07,2187,2187,2187.2,6,36,14
9:19:07,2187,2187,2187.2,13,23,15
9:19:08,2187,2186.8,2187,23,70,44
9:19:08,2187,2186.8,2187,35,52,28
9:19:09,2187,2186.8,2187,22,35,36
9:19:09,2186.8,2186.8,2187,42,2,38
9:19:10,2186.8,2186.6,2186.8,2,64,22
9:19:10,2186.8,2186.6,2186.8,5,61,20
9:19:11,2186.6,2186.6,2186.8,21,43,18
9:19:11,2186.6,2186.6,2186.8,4,39,20
9:19:12,2186.6,2186.6,2186.8,33,10,18
9:19:12,2186.6,2186.6,2186.8,18,7,27
9:19:13,2186.8,2186.4,2186.8,17,26,34
9:19:13,2186.4,2186.4,2186.6,3,33,4
9:19:14,2186.4,2186.4,2186.6,22,18,3
9:19:14,2186.4,2186.4,2186.6,8,10,4
9:19:15,2186.4,2186.4,2186.6,10,1,8
9:19:15,2186.4,2186.2,2186.4,8,62,11
9:19:16,2186.4,2186.2,2186.4,7,58,41
9:19:16,2186.2,2186.2,2186.4,12,52,41
9:19:17,2186.2,2186.2,2186.4,40,13,42
9:19:17,2186.2,2186,2186.2,13,113,51
9:19:18,2186.2,2186,2186.2,9,112,72
9:19:18,2186.2,2186,2186.2,11,104,70
9:19:19,2186,2186,2186.2,27,79,71
9:19:19,2186,2186,2186.2,36,47,50
9:19:20,2186.2,2186,2186.2,16,38,47
9:19:20,2186,2186,2186.4,83,9,27
9:19:21,2186.2,2186.2,2186.4,24,8,27
9:19:21,2186.2,2186.2,2186.4,35,9,6
9:19:22,2186.2,2186,2186.2,13,26,25
9:19:22,2186,2186,2186.2,20,21,20
9:19:23,2185.6,2185.8,2186,63,1,2
9:19:23,2186,2185.6,2185.8,30,26,1
9:19:24,2185.4,2185.4,2185.8,44,37,1
9:19:24,2185.4,2185.4,2185.8,54,27,105
9:19:25,2185.4,2185.4,2185.6,32,7,45
9:19:25,2185.4,2185.2,2185.4,23,118,37
9:19:26,2185.4,2185.2,2185.4,57,83,21
9:19:26,2185.2,2185.2,2185.4,30,75,15
9:19:27,2185.4,2185.2,2185.4,24,69,10
9:19:27,2185.4,2185.4,2185.6,49,7,25
9:19:28,2185.6,2185.4,2185.6,17,8,23
9:19:28,2185.6,2185.6,2185.8,44,2,14
9:19:29,2185.8,2185.8,2186,36,19,14
9:19:29,2185.6,2185.4,2185.6,51,15,11
9:19:30,2185.6,2185.4,2185.6,20,11,2
9:19:30,2185.6,2185.6,2185.8,10,29,31
9:19:31,2185.8,2185.6,2185.8,18,23,29
9:19:31,2185.6,2185.6,2185.8,18,21,30
9:19:32,2185.8,2185.6,2185.8,6,26,36
9:19:32,2185.8,2185.6,2185.8,15,24,27
9:19:33,2185.8,2185.6,2185.8,13,20,18
9:19:33,2186,2185.6,2186,25,30,31
9:19:34,2186,2185.8,2186,4,13,29
9:19:34,2186,2186,2186.2,39,14,20
9:19:35,2186.2,2186,2186.2,7,14,15
9:19:35,2186.2,2186,2186.2,8,15,16
9:19:36,2186.2,2186,2186.2,19,1,26
9:19:36,2186,2186,2186.2,2,22,27
9:19:37,2186,2186,2186.2,23,8,18
9:19:37,2186,2186,2186.2,4,6,18
9:19:38,2186,2185.8,2186,11,16,4
9:19:38,2185.8,2185.8,2186,2,14,8
9:19:39,2186,2185.8,2186,3,14,5
9:19:39,2185.8,2185.8,2186,2,13,8
9:19:40,2186,2185.8,2186,3,12,7
9:19:40,2186,2185.8,2186,13,8,3
9:19:41,2186,2185.8,2186,7,5,29
9:19:41,2185.8,2185.8,2186,5,14,43
9:19:42,2186,2185.8,2186,6,14,64
9:19:42,2185.8,2185.8,2186,13,5,61
9:19:43,2185.8,2185.6,2185.8,10,35,12
9:19:43,2185.8,2185.6,2185.8,1,36,24
9:19:44,2185.8,2185.6,2185.8,24,30,16
9:19:44,2185.8,2185.6,2185.8,15,29,15
9:19:45,2185.6,2185.6,2185.8,2,29,15
9:19:45,2185.6,2185.6,2185.8,14,25,5
9:19:46,2185.6,2185.6,2185.8,6,22,29
9:19:46,2185.8,2185.6,2185.8,14,22,18
9:19:47,2185.8,2185.6,2185.8,2,27,23
9:19:47,2185.8,2185.6,2185.8,14,15,46
9:19:48,2185.8,2185.6,2185.8,5,17,42
9:19:48,2185.8,2185.6,2185.8,13,7,22
9:19:49,2185.8,2185.6,2185.8,13,1,18
9:19:49,2185.6,2185.6,2185.8,16,2,8
9:19:50,2185.6,2185.6,2185.8,13,20,5
9:19:50,2185.4,2185.4,2185.6,42,36,24
9:19:51,2185.6,2185.4,2185.6,8,33,25
9:19:51,2185.4,2185.4,2185.6,10,27,21
9:19:52,2185.6,2185.6,2185.8,24,28,4
9:19:52,2185.4,2185.4,2185.6,44,21,31
9:19:53,2185.6,2185.4,2185.6,15,16,23
9:19:53,2185.4,2185.2,2185.4,24,91,3
9:19:54,2185.4,2185.2,2185.6,22,74,32
9:19:54,2185.6,2185.4,2185.6,29,1,6
9:19:55,2185.6,2185.4,2185.6,2,3,4
9:19:55,2185.6,2185.4,2185.6,15,5,3
9:19:56,2185.6,2185.4,2185.6,7,1,2
9:19:56,2185.4,2185.2,2185.4,11,61,16
9:19:57,2185.4,2185.2,2185.4,7,62,11
9:19:57,2185.4,2185.2,2185.4,21,56,6
9:19:58,2185.4,2185.4,2185.6,10,4,23
9:19:58,2185.4,2185.4,2185.6,2,5,22
9:19:59,2185.2,2185.2,2185.6,7,87,24
9:19:59,2185.4,2185.4,2185.6,6,4,20
9:20:00,2185.6,2185.4,2185.6,9,32,15
9:20:00,2185.4,2185.4,2185.8,53,30,31
9:20:01,2185.8,2185.8,2186,76,2,113
9:20:01,2185.4,2185.4,2185.8,50,11,17
9:20:02,2185.4,2185.4,2185.8,25,6,33
9:20:02,2185.8,2185.4,2185.8,36,1,64
9:20:03,2185.2,2185.2,2185.6,34,90,7
9:20:03,2185.6,2185.4,2185.8,10,2,51
9:20:04,2185.8,2185.2,2185.8,23,88,36
9:20:04,2185.4,2185.2,2185.4,11,86,2
9:20:05,2185.6,2185.2,2185.6,27,83,5
9:20:05,2185.4,2185.4,2185.8,40,4,32
9:20:06,2185.4,2185.6,2185.8,8,3,26
9:20:06,2185.8,2185.4,2185.8,23,9,10
9:20:07,2185.6,2185.4,2185.8,6,21,6
9:20:07,2185.8,2185.4,2185.8,14,35,11
9:20:08,2185.8,2185.4,2185.6,4,36,3
9:20:08,2185.8,2185.6,2185.8,4,1,21
9:20:09,2185.8,2185.6,2185.8,1,20,20
9:20:09,2185.8,2185.6,2185.8,16,19,10
9:20:10,2185.8,2185.6,2185.8,8,17,6
9:20:10,2186,2185.6,2186,18,17,116
9:20:11,2186,2185.8,2186,8,1,116
9:20:11,2186,2185.8,2186,6,23,114
9:20:12,2186,2185.8,2186,34,22,86
9:20:12,2186,2185.8,2186,1,23,83
9:20:13,2186,2185.8,2186,49,22,34
9:20:13,2186,2185.8,2186,11,21,33
9:20:14,2186,2185.8,2186,32,19,5
9:20:14,2186,2185.8,2186,3,23,2
9:20:15,2186,2186,2186.2,4,10,30
9:20:15,2186,2186,2186.2,14,18,28
9:20:16,2186.2,2186,2186.2,17,7,28
9:20:16,2186.2,2186,2186.2,2,9,27
9:20:17,2186.2,2186,2186.2,19,8,11
9:20:18,2186.2,2186,2186.2,10,20,20
9:20:18,2186.2,2186,2186.2,14,20,15
9:20:19,2186.2,2186,2186.2,16,16,3
9:20:19,2186.2,2186,2186.2,7,13,2
9:20:20,2186.2,2186,2186.2,3,16,1
9:20:20,2186.2,2186,2186.2,3,16,11
9:20:21,2186.2,2186.2,2186.4,23,18,36
9:20:21,2186.4,2186.2,2186.4,2,20,35
9:20:22,2186.2,2186.2,2186.4,4,17,35
9:20:22,2186.4,2186.2,2186.4,15,20,23
9:20:23,2186.2,2186.2,2186.4,11,20,21
9:20:23,2186.2,2186.2,2186.4,4,20,28
9:20:24,2186.4,2186.2,2186.4,6,20,26
9:20:25,2186.2,2186.2,2186.4,19,4,34
9:20:25,2186.2,2186,2186.2,13,20,1
9:20:26,2186.2,2186,2186.2,12,22,20
9:20:26,2186,2186,2186.2,5,21,18
9:20:27,2186.2,2186,2186.2,7,18,24
9:20:27,2186,2186,2186.2,13,13,20
9:20:28,2186,2186,2186.2,7,11,16
9:20:28,2186.2,2186,2186.2,5,11,11
9:20:29,2186,2186,2186.2,3,9,11
9:20:30,2186,2186,2186.2,2,23,26
9:20:30,2186,2186,2186.2,8,30,43
9:20:31,2185.8,2185.8,2186,31,26,20
9:20:31,2186,2185.8,2186,3,25,18
9:20:32,2186,2185.8,2186,2,30,22
9:20:32,2185.8,2185.8,2186,11,20,31
9:20:33,2185.8,2185.8,2186,5,15,31
9:20:33,2185.8,2185.6,2185.8,20,26,6
9:20:34,2185.8,2185.6,2185.8,1,26,57
9:20:34,2185.6,2185.6,2185.8,30,1,56
9:20:35,2185.6,2185.4,2185.6,6,38,66
9:20:35,2185.4,2185.4,2185.6,43,1,39
9:20:36,2185.2,2185.2,2185.4,21,70,23
9:20:36,2185.4,2185.2,2185.4,48,49,5
9:20:37,2185.4,2185.4,2185.6,30,1,12
9:20:37,2185.4,2185.4,2185.6,11,4,11
9:20:38,2185.4,2185.2,2185.4,11,35,3
9:20:38,2185.6,2185.4,2185.6,13,25,10
9:20:39,2185.4,2185.4,2185.6,6,21,9
9:20:39,2185.4,2185.4,2185.6,22,4,8
9:20:40,2185.4,2185.4,2185.6,1,6,12
9:20:40,2185.4,2185.4,2185.6,4,10,14
9:20:41,2185.6,2185.4,2185.6,6,10,11
9:20:41,2185.6,2185.2,2185.6,18,37,5
9:20:42,2185.2,2185,2185.8,56,288,13
9:20:42,2185.4,2185.4,2185.6,16,11,4
9:20:43,2185.6,2185.6,2185.8,32,10,12
9:20:43,2185.4,2185.4,2185.6,16,6,14
9:20:44,2185.2,2185.2,2185.4,15,6,11
9:20:44,2185.4,2185.2,2185.4,6,9,37
9:20:45,2185.2,2185.2,2185.4,21,13,54
9:20:45,2185.2,2185,2185.2,23,301,22
9:20:46,2185,2185,2185.2,15,296,27
9:20:46,2185,2185,2185.2,28,278,15
9:20:47,2185.2,2185,2185.2,69,222,5
9:20:47,2185.2,2185.2,2185.4,35,7,58
9:20:48,2185.2,2185.2,2185.4,23,25,58
9:20:48,2185.2,2185.2,2185.4,18,18,65
9:20:49,2185.2,2185.2,2185.4,65,24,23
9:20:49,2185.2,2185.2,2185.4,10,2,22
9:20:50,2185.2,2185,2185.2,9,183,1
9:20:50,2185.2,2185.2,2185.4,8,50,23
9:20:51,2185.2,2185.2,2185.4,1,49,23
9:20:51,2185.2,2185.2,2185.4,7,98,22
9:20:52,2185.2,2185.2,2185.4,6,95,24
9:20:52,2185.4,2185.4,2185.6,35,35,14
9:20:53,2185.4,2185.4,2185.6,10,140,10
9:20:53,2185.6,2185.6,2185.8,32,45,28
9:20:54,2185.8,2185.6,2185.8,21,44,14
9:20:54,2185.6,2185.6,2185.8,9,36,12
9:20:55,2185.8,2185.6,2185.8,2,54,11
9:20:55,2185.6,2185.6,2185.8,2,62,18
9:20:56,2185.8,2185.6,2185.8,4,61,20
9:20:56,2185.6,2185.6,2185.8,3,59,21
9:20:57,2185.8,2185.6,2185.8,16,58,15
9:20:57,2185.6,2185.6,2185.8,4,56,13
9:20:58,2185.8,2185.6,2185.8,5,57,9
9:20:58,2185.8,2185.8,2186,20,18,60
9:20:59,2186,2185.8,2186,7,20,66
9:20:59,2185.8,2185.8,2186,7,16,64
9:21:00,2185.8,2185.8,2186,7,21,62
9:21:01,2185.8,2185.8,2186,14,10,59
9:21:01,2185.6,2185.6,2186,25,54,48
9:21:02,2186,2185.6,2185.8,28,49,2
9:21:02,2185.6,2185.6,2186,23,29,30
9:21:03,2185.4,2185.4,2185.8,23,110,2
9:21:03,2185.4,2185.4,2185.8,10,100,16
9:21:04,2185.8,2185.4,2185.8,15,92,16
9:21:04,2185.6,2185.4,2185.8,4,90,19
9:21:05,2185.6,2185.4,2185.6,2,90,19
9:21:05,2185.6,2185.4,2185.6,9,86,14
9:21:06,2185.6,2185.4,2185.6,4,86,16
9:21:06,2185.4,2185.4,2185.6,2,85,15
9:21:07,2185.6,2185.4,2185.6,2,84,14
9:21:07,2185.4,2185.4,2185.6,9,79,9
9:21:08,2185.6,2185.4,2185.8,30,59,30
9:21:08,2185.6,2185.4,2185.6,4,58,2
9:21:09,2185.6,2185.4,2185.6,2,69,1
9:21:09,2185.8,2185.6,2185.8,10,1,27
9:21:10,2185.6,2185.6,2185.8,10,2,28
9:21:10,2185.8,2185.4,2185.8,7,69,22
9:21:11,2185.8,2185.6,2185.8,1,1,21
9:21:11,2185.8,2185.6,2185.8,4,10,19
9:21:12,2185.6,2185.6,2185.8,13,31,9
9:21:12,2185.8,2185.6,2185.8,22,16,7
9:21:13,2186,2185.6,2186,19,11,64
9:21:13,2185.8,2185.8,2186,10,6,64
9:21:14,2186,2185.6,2185.8,8,5,6
9:21:14,2185.6,2185.6,2185.8,3,7,5
9:21:15,2185.6,2185.6,2186,10,21,67
9:21:15,2185.6,2185.6,2186,1,18,66
9:21:16,2185.8,2185.6,2186,1,20,78
9:21:16,2186,2185.6,2186,4,25,74
9:21:17,2186,2185.6,2186,11,28,64
9:21:17,2186,2185.8,2186,3,1,81
9:21:18,2186,2185.8,2186,27,3,72
9:21:18,2186,2185.8,2186,3,2,70
9:21:19,2185.8,2185.6,2185.8,16,27,20
9:21:19,2185.8,2185.6,2185.8,8,34,14
9:21:20,2185.6,2185.6,2185.8,2,33,16
9:21:20,2185.6,2185.6,2185.8,3,31,15
9:21:21,2185.8,2185.6,2185.8,3,32,14
9:21:22,2185.8,2185.6,2185.8,9,33,5
9:21:22,2185.8,2185.6,2185.8,3,33,3
9:21:23,2186,2185.6,2185.8,5,38,1
9:21:23,2185.8,2185.6,2186,2,38,62
9:21:24,2185.6,2185.6,2185.8,2,37,1
9:21:24,2185.8,2185.8,2186,7,4,63
9:21:25,2185.8,2185.6,2186,7,47,67
9:21:26,2185.6,2185.6,2186,14,28,73
9:21:26,2186,2185.8,2186,5,1,77
9:21:27,2186,2185.6,2186,3,29,75
9:21:27,2185.6,2185.6,2185.8,8,23,8
9:21:28,2185.8,2185.6,2185.8,7,23,2
9:21:28,2185.8,2185.6,2185.8,1,22,16
9:21:29,2185.8,2185.6,2185.8,6,21,17
9:21:29,2185.6,2185.6,2185.8,18,6,23
9:21:30,2185.8,2185.4,2185.6,7,82,11
9:21:30,2185.6,2185.4,2185.6,6,80,8
9:21:31,2185.6,2185.4,2185.6,6,80,2
9:21:31,2185.6,2185.4,2185.8,4,81,45
9:21:32,2185.6,2185.4,2185.8,4,80,43
9:21:32,2185.4,2185.4,2185.8,3,78,39
9:21:33,2185.8,2185.6,2185.8,15,5,39
9:21:33,2185.4,2185.4,2185.8,50,26,39
9:21:34,2185.8,2185.4,2185.6,32,27,1
9:21:34,2185.6,2185.4,2185.6,4,26,4
9:21:35,2185.4,2185.4,2185.8,29,18,8
9:21:35,2185.4,2185.4,2185.6,6,14,28
9:21:36,2185.6,2185.4,2185.6,10,6,27
9:21:36,2185.4,2185.2,2185.4,8,188,1
9:21:37,2185.4,2185.4,2185.6,39,1,19
9:21:38,2185.4,2185.4,2185.6,3,6,20
9:21:38,2185.4,2185.4,2185.6,1,21,20
9:21:39,2185.4,2185.4,2185.6,10,26,16
9:21:39,2185.8,2185.4,2185.8,28,28,1
9:21:40,2186,2185.8,2186,2,5,94
9:21:40,2185.8,2185.8,2186,13,1,86
9:21:41,2185.6,2185.6,2185.8,4,2,3
9:21:41,2185.8,2185.6,2185.8,2,28,3
9:21:42,2185.6,2185.6,2185.8,1,28,3
9:21:42,2185.6,2185.6,2185.8,3,31,6
9:21:43,2185.8,2185.6,2185.8,15,18,7
9:21:43,2185.8,2185.8,2186,11,3,82
9:21:44,2186,2185.6,2186,5,33,84
9:21:44,2185.6,2185.6,2186,4,30,86
9:21:45,2186,2185.8,2186,4,1,83
9:21:45,2185.8,2185.6,2185.8,1,30,1
9:21:46,2186,2185.6,2186,10,23,81
9:21:46,2186,2185.6,2186,1,37,82
9:21:47,2186,2185.6,2186,7,24,75
9:21:47,2185.6,2185.6,2186,5,24,76
9:21:48,2186,2185.6,2186,7,20,76
9:21:48,2186,2185.6,2186,4,21,86
9:21:49,2186,2185.6,2186,2,20,85
9:21:49,2185.8,2185.6,2185.8,1,21,14
9:21:50,2185.8,2185.6,2185.8,2,20,12
9:21:50,2185.8,2185.6,2185.8,3,19,10
9:21:51,2185.6,2185.6,2185.8,4,17,14
9:21:52,2185.8,2185.6,2185.8,3,16,13
9:21:52,2185.8,2185.6,2185.8,15,13,1
9:21:53,2185.8,2185.6,2185.8,5,13,7
9:21:53,2186,2185.6,2185.8,9,19,1
9:21:54,2185.8,2185.6,2186,3,21,80
9:21:54,2186,2185.8,2186,5,1,76
9:21:55,2186,2185.8,2186,2,3,74
9:21:55,2186,2185.8,2186,1,10,73
9:21:56,2186,2185.8,2186,3,19,73
9:21:56,2185.8,2185.8,2186,7,14,72
9:21:57,2186,2185.8,2186,9,9,70
9:21:57,2186,2185.8,2186,20,10,50
9:21:58,2186,2185.8,2186,12,10,37
9:21:58,2186,2186,2186.2,41,7,73
9:21:59,2186,2186,2186.2,20,74,70
9:21:59,2186.2,2186,2186.2,64,24,60
9:22:00,2186,2186,2186.2,10,17,57
9:22:00,2186,2186,2186.2,4,20,54
9:22:01,2186,2186,2186.2,13,15,49
9:22:01,2186.2,2186,2186.2,10,6,42
9:22:02,2186.2,2186,2186.2,4,6,38
9:22:02,2186.2,2186,2186.2,23,6,15
9:22:03,2186.2,2186,2186.2,2,7,14
9:22:03,2186.2,2186,2186.2,6,10,8
9:22:04,2186,2185.8,2186,21,18,79
9:22:04,2185.8,2185.6,2186,56,27,46
9:22:05,2185.8,2185.6,2185.8,22,24,5
9:22:05,2185.8,2185.8,2186,18,2,52
9:22:06,2185.8,2185.8,2186,5,5,50
9:22:06,2186,2185.8,2186,4,5,46
9:22:07,2185.8,2185.8,2186,9,1,43
9:22:07,2185.8,2185.6,2185.8,3,24,2
9:22:08,2185.6,2185.6,2185.8,10,15,1
9:22:08,2185.8,2185.6,2185.8,2,15,2
9:22:09,2185.6,2185.6,2186,14,5,44
9:22:09,2185.4,2185.4,2185.6,25,70,34
9:22:10,2185.6,2185.4,2185.6,2,69,35
9:22:10,2185.6,2185.4,2185.6,4,69,34
9:22:11,2185.4,2185.4,2185.6,6,64,40
9:22:11,2185.4,2185.4,2185.6,6,57,41
9:22:12,2185.4,2185.4,2185.6,6,56,37
9:22:12,2185.4,2185.4,2185.6,13,45,35
9:22:13,2185.4,2185.4,2185.6,19,40,22
9:22:13,2185.4,2185.4,2185.6,16,27,20
9:22:14,2185.6,2185.4,2185.6,31,15,18
9:22:14,2185.4,2185.4,2185.6,3,13,19
9:22:15,2185.4,2185.2,2185.4,17,63,8
9:22:15,2185.2,2185.2,2185.4,9,56,8
9:22:16,2185.2,2185.2,2185.4,10,50,8
9:22:16,2185.2,2185.2,2185.4,18,35,7
9:22:17,2185.2,2185.2,2185.4,26,11,23
9:22:17,2185.2,2185,2185.2,25,231,26
9:22:18,2185.2,2185,2185.2,10,231,34
9:22:18,2185,2185,2185.2,24,208,40
9:22:19,2185.2,2185,2185.2,41,171,41
9:22:19,2185,2185,2185.2,63,112,43
9:22:20,2185,2185,2185.2,64,54,40
9:22:20,2185,2185,2185.2,14,42,37
9:22:21,2184.8,2184.8,2185,81,21,18
9:22:21,2184.6,2184.6,2185,55,29,52
9:22:22,2184.6,2184.8,2185,50,26,58
9:22:22,2184.6,2184.4,2184.8,102,21,8
9:22:23,2185,2185,2185.2,33,18,32
9:22:23,2185,2185,2185.2,14,11,30
9:22:24,2185.2,2184.6,2184.8,73,1,8
9:22:24,2184.8,2184.8,2185,52,6,8
9:22:25,2185,2184.6,2185,17,30,8
9:22:25,2184.8,2184.8,2185,6,3,7
9:22:26,2184.6,2184.6,2185,48,36,12
9:22:26,2184.6,2184.8,2185,6,10,41
9:22:27,2184.8,2184.8,2185,9,2,46
9:22:27,2184.8,2184.6,2185,16,71,39
9:22:28,2184.8,2184.6,2184.8,9,72,5
9:22:28,2184.8,2184.8,2185,36,2,23
9:22:29,2185,2184.8,2185,2,3,23
9:22:29,2185.2,2185,2185.2,41,12,8
9:22:30,2185,2184.8,2185,13,16,3
9:22:30,2185,2185,2185.2,9,1,9
9:22:31,2185.2,2185,2185.2,9,9,4
9:22:31,2185,2185,2185.2,4,27,3
9:22:32,2185,2185,2185.2,7,24,5
9:22:32,2185.2,2185.2,2185.4,13,9,15
9:22:33,2185.2,2185.2,2185.4,4,6,14
9:22:33,2185.2,2185.2,2185.4,4,3,14
9:22:34,2185.2,2185.2,2185.4,17,21,19
9:22:34,2185.2,2185.2,2185.4,8,14,18
9:22:35,2185.4,2185.2,2185.4,7,15,12
9:22:35,2185.4,2185.2,2185.4,4,19,14
9:22:36,2185.2,2185.2,2185.4,12,8,14
9:22:36,2185.2,2185.2,2185.4,4,15,16
9:22:37,2185.2,2185.2,2185.4,1,18,16
9:22:37,2185.2,2185.2,2185.4,2,16,17
9:22:38,2185.4,2185.2,2185.4,8,14,11
9:22:38,2185.2,2185.2,2185.4,1,13,11
9:22:39,2185.4,2185.2,2185.4,1,16,10
9:22:39,2185.2,2185.2,2185.4,2,15,9
9:22:40,2185.2,2185.2,2185.4,2,14,7
9:22:40,2185.4,2185.4,2185.6,7,12,27
9:22:41,2185.4,2185.4,2185.6,2,14,28
9:22:41,2185.6,2185.4,2185.6,5,11,29
9:22:42,2185.6,2185.4,2185.6,1,11,28
9:22:42,2185.6,2185.4,2185.6,6,13,23
9:22:43,2185.4,2185.4,2185.6,11,4,21
9:22:43,2185.4,2185.4,2185.6,4,1,21
9:22:44,2185.4,2185.2,2185.4,2,22,1
9:22:45,2185.4,2185.2,2185.4,2,29,2
9:22:45,2185.2,2185.2,2185.4,1,28,3
9:22:46,2185.4,2185.2,2185.4,3,31,1
9:22:46,2185.4,2185.2,2185.4,3,31,3
9:22:47,2185.2,2185.2,2185.4,1,31,4
9:22:47,2185.2,2185.2,2185.4,4,30,3
9:22:48,2185.4,2185.2,2185.4,29,18,1
9:22:48,2185.4,2185.2,2185.4,37,14,4
9:22:49,2185.2,2185.2,2185.4,10,5,5
9:22:49,2185,2185,2185.2,11,104,5
9:22:50,2185.2,2185,2185.2,3,104,10
9:22:50,2185.2,2185,2185.2,2,104,9
9:22:51,2185.2,2185.2,2185.4,10,1,20
9:22:51,2185.2,2185.2,2185.4,1,13,20
9:22:52,2185.4,2185.4,2185.6,21,4,11
9:22:53,2185.8,2185.6,2185.8,41,25,10
9:22:53,2185.8,2185.6,2185.8,2,35,8
9:22:54,2185.8,2185.6,2186,16,27,68
9:22:54,2186,2185.6,2186,3,26,65
9:22:55,2185.8,2185.6,2186,1,32,66
9:22:55,2186,2185.6,2186,3,31,64
9:22:56,2186,2185.8,2186,6,1,57
9:22:56,2186,2185.8,2186,4,1,53
9:22:57,2186,2185.8,2186,8,4,50
9:22:57,2186,2185.8,2186,1,4,49
9:22:58,2186,2185.8,2186,11,3,46
9:22:58,2186,2185.8,2186,10,3,37
9:22:59,2185.8,2185.6,2185.8,9,25,3
9:22:59,2185.8,2185.6,2186,14,14,34
9:23:00,2186,2185.6,2186,30,6,14
9:23:00,2185.4,2185.4,2186,13,35,12
9:23:01,2185.8,2185.6,2185.8,53,4,2
9:23:01,2186.2,2185.8,2186.2,9,1,12
9:23:02,2185.8,2185.6,2185.8,12,15,2
9:23:02,2185.6,2185.6,2185.8,6,14,3
9:23:03,2185.8,2185.8,2186,3,17,11
9:23:03,2186,2185.8,2186,27,13,4
9:23:04,2186,2186,2186.2,4,7,22
9:23:04,2186,2186,2186.2,5,10,21
9:23:05,2186,2186,2186.2,14,8,24
9:23:05,2186.2,2186,2186.2,4,17,22
9:23:06,2186.2,2185.8,2186.2,38,11,15
9:23:06,2186.2,2186,2186.2,14,4,2
9:23:07,2185.6,2185.4,2185.6,46,28,6
9:23:07,2185.6,2185.4,2185.6,5,29,1
9:23:08,2186,2185.6,2186,7,34,2
9:23:08,2186,2185.8,2186,9,4,6
9:23:09,2186,2185.6,2186,7,40,4
9:23:09,2186,2185.8,2186,1,2,12
9:23:10,2186,2185.6,2186,16,56,5
9:23:11,2186,2185.8,2186,2,3,7
9:23:11,2186,2185.8,2186,4,8,21
9:23:12,2185.8,2185.8,2186,3,12,22
9:23:12,2186,2185.8,2186,7,5,22
9:23:13,2186,2185.8,2186,6,5,16
9:23:13,2185.8,2185.8,2186,18,2,13
9:23:14,2185.8,2185.6,2185.8,7,54,2
9:23:14,2185.8,2185.6,2185.8,2,53,4
9:23:15,2186,2185.8,2186,7,5,14
9:23:15,2186,2185.8,2186,6,12,12
9:23:16,2186,2185.8,2186,12,13,4
9:23:17,2185.8,2186,2186.2,7,2,17
9:23:17,2186.2,2186,2186.2,3,12,16
9:23:18,2186,2186,2186.2,51,6,14
9:23:18,2186,2186,2186.2,4,7,14
9:23:19,2186.2,2186,2186.2,3,3,11
9:23:19,2186,2185.8,2186,6,14,8
9:23:20,2186.2,2186.2,2186.4,19,8,33
9:23:20,2186.4,2186.2,2186.4,8,5,31
9:23:21,2186.2,2186,2186.2,22,5,17
9:23:21,2186.2,2186,2186.2,16,4,3
9:23:22,2186,2186.2,2186.4,4,1,18
9:23:22,2186.2,2186,2186.4,5,7,17
9:23:23,2186.4,2186.2,2186.4,15,3,8
9:23:23,2186.4,2186.2,2186.4,5,9,4
9:23:24,2186.2,2186,2186.2,44,23,9
9:23:24,2186.4,2186.4,2186.6,16,1,55
9:23:25,2186.4,2186.2,2186.4,9,12,7
9:23:25,2186.6,2186.4,2186.6,31,6,53
9:23:26,2186.6,2186.4,2186.6,3,6,50
9:23:26,2186.6,2186.4,2186.6,12,8,45
9:23:27,2186.6,2186.4,2186.6,11,19,35
9:23:27,2186.6,2186.4,2186.6,6,22,35
9:23:28,2186.6,2186.4,2186.6,51,3,8
9:23:28,2186.6,2186.4,2186.6,11,3,11
9:23:29,2186.4,2186.2,2186.4,17,19,33
9:23:29,2186.6,2186.2,2186.6,42,21,10
9:23:30,2186.4,2186.4,2186.6,11,13,3
9:23:30,2186.6,2186.4,2186.6,4,10,3
9:23:31,2186.6,2186.6,2186.8,7,13,59
9:23:31,2186.8,2186.6,2186.8,9,18,51
9:23:32,2186.6,2186.6,2186.8,43,9,17
9:23:32,2186.6,2186.6,2186.8,16,6,4
9:23:33,2187,2186.8,2187,6,16,99
9:23:33,2186.8,2186.8,2187,29,14,128
9:23:34,2187,2186.8,2187,21,5,115
9:23:34,2186.8,2186.6,2186.8,73,25,6
9:23:35,2186.8,2186.6,2186.8,20,17,15
9:23:35,2186.8,2186.6,2186.8,15,30,22
9:23:36,2186.6,2186.4,2186.6,54,36,20
9:23:36,2186.6,2186.4,2186.6,1,36,24
9:23:37,2186.6,2186.4,2186.6,24,32,8
9:23:37,2186.8,2186.6,2186.8,15,1,28
9:23:38,2186.6,2186.6,2186.8,7,6,23
9:23:38,2186.8,2186.6,2186.8,4,6,21
9:23:39,2186.8,2186.6,2186.8,8,2,22
9:23:39,2186.8,2186.6,2186.8,24,5,4
9:23:40,2186.8,2186.6,2186.8,7,4,5
9:23:40,2186.6,2186.4,2186.8,8,30,7
9:23:41,2186.4,2186.4,2186.8,7,30,6
9:23:41,2186.8,2186.4,2186.8,10,31,16
9:23:42,2186.8,2186.6,2186.8,4,4,24
9:23:42,2186.8,2186.6,2186.8,5,4,19
9:23:43,2186.6,2186.4,2186.6,17,31,36
9:23:43,2186.6,2186.4,2186.6,29,32,9
9:23:44,2186.6,2186.6,2186.8,10,7,23
9:23:44,2186.6,2186.6,2186.8,5,5,26
9:23:45,2186.6,2186.6,2186.8,7,3,125
9:23:46,2186.6,2186.4,2186.6,8,32,1
9:23:46,2186.6,2186.4,2186.6,3,32,34
9:23:47,2186.8,2186.4,2186.6,51,29,2
9:23:48,2186.4,2186.2,2186.4,45,14,20
9:23:48,2186.2,2186.2,2186.4,6,16,15
9:23:49,2186.4,2186.2,2186.4,4,27,11
9:23:49,2186.2,2186.2,2186.4,1,27,11
9:23:50,2186.4,2186.2,2186.4,1,28,11
9:23:50,2186.4,2186.2,2186.4,4,27,9
9:23:51,2186.4,2186.2,2186.4,4,27,6
9:23:51,2186.4,2186.4,2186.6,7,7,8
9:23:52,2186.4,2186.4,2186.6,106,1,13
9:23:52,2186.4,2186,2186.6,6,16,28
9:23:53,2186.2,2186.2,2186.4,5,3,7
9:23:53,2186.2,2186.2,2186.4,3,1,6
9:23:54,2186.4,2186,2186.4,2,19,16
9:23:54,2186,2186,2186.4,10,11,19
9:23:55,2186.4,2186,2186.4,3,14,20
9:23:55,2186.2,2186,2186.2,2,14,1
9:23:56,2186.2,2186.2,2186.4,4,1,22
9:23:57,2186.2,2186,2186.2,2,13,3
9:23:58,2186,2186,2186.2,2,14,6
9:23:58,2186.2,2186,2186.2,4,14,2
9:23:59,2186,2186,2186.4,7,18,23
9:23:59,2186.4,2186.2,2186.4,8,2,21
9:24:00,2186.2,2186.2,2186.4,15,10,16
9:24:00,2186.2,2186.2,2186.4,9,4,16
9:24:01,2186.2,2186,2186.2,6,13,2
9:24:01,2186,2186,2186.4,35,2,6
9:24:02,2185.8,2185.8,2186.2,9,30,1
9:24:02,2186.2,2185.8,2186.2,10,23,34
9:24:03,2186,2186,2186.2,8,1,36
9:24:03,2186,2185.8,2186.2,4,31,36
9:24:04,2186.2,2186,2186.2,1,4,35
9:24:04,2186,2186,2186.2,6,3,33
9:24:05,2186.2,2186,2186.2,6,2,32
9:24:06,2186,2186,2186.2,4,3,32
9:24:06,2186,2186,2186.2,2,2,31
9:24:07,2186,2185.8,2186,2,34,17
9:24:07,2186,2185.8,2186,10,31,10
9:24:08,2186,2185.8,2186,3,30,8
9:24:08,2185.8,2185.8,2186,2,28,10
9:24:09,2185.8,2185.8,2186,11,21,7
9:24:10,2185.8,2185.8,2186,3,19,9
9:24:10,2185.8,2185.8,2186,3,16,14
9:24:11,2185.8,2185.6,2185.8,20,33,5
9:24:11,2185.8,2185.6,2185.8,6,33,4
9:24:12,2185.8,2185.6,2185.8,6,30,1
9:24:12,2185.6,2185.6,2185.8,4,25,1
9:24:13,2185.8,2185.6,2185.8,19,7,3
9:24:13,2185.6,2185.4,2185.6,8,102,2
9:24:14,2185.4,2185.4,2185.6,11,91,2
9:24:14,2185.4,2185.4,2185.6,14,78,2
9:24:15,2185.4,2185.4,2185.6,4,75,2
9:24:15,2185.4,2185.4,2185.6,12,64,2
9:24:16,2185.4,2185.4,2185.8,10,59,7
9:24:17,2185.4,2185.4,2185.8,11,58,2
9:24:17,2185.4,2185.4,2185.6,6,53,2
9:24:18,2185.6,2185.4,2185.6,1,52,4
9:24:18,2185.6,2185.6,2185.8,5,2,1
9:24:19,2185.4,2185.6,2185.8,3,7,1
9:24:19,2186,2185.6,2186,6,8,25
9:24:20,2185.6,2185.6,2186,16,2,25
9:24:20,2185.6,2185.6,2186,4,7,27
9:24:21,2186,2186,2186.2,31,17,42
9:24:21,2186,2186,2186.2,5,13,41
9:24:22,2186,2186,2186.2,2,11,41
9:24:22,2186.2,2186,2186.2,7,10,37
9:24:23,2186,2186,2186.2,7,3,41
9:24:23,2186,2186,2186.2,3,7,41
9:24:24,2186.2,2186,2186.2,2,6,40
9:24:24,2186,2185.8,2186,8,9,4
9:24:25,2186,2185.8,2186,1,9,8
9:24:25,2186,2185.8,2186,6,7,7
9:24:26,2185.8,2185.8,2186,3,1,7
9:24:26,2186,2185.8,2186,4,2,4
9:24:27,2186,2185.8,2186,6,5,8
9:24:28,2185.8,2185.8,2186,3,4,17
9:24:29,2185.8,2185.8,2186,1,11,17
9:24:29,2186,2185.8,2186,2,10,16
9:24:30,2185.8,2185.8,2186,2,9,18
9:24:30,2185.8,2185.6,2185.8,4,15,129
9:24:31,2185.6,2185.4,2185.6,70,8,51
9:24:31,2185.6,2185.2,2185.4,10,42,20
9:24:32,2185.4,2185.2,2185.4,22,22,22
9:24:32,2185.4,2185.2,2185.4,8,27,22
9:24:33,2185.2,2185.2,2185.4,7,21,19
9:24:33,2185.4,2185.2,2185.4,11,12,13
9:24:34,2185.2,2185.2,2185.4,14,5,8
9:24:34,2185.2,2185.2,2185.6,14,2,9
9:24:35,2185.2,2185.2,2185.6,1,1,12
9:24:35,2185.2,2185,2185.8,18,86,152
9:24:36,2185.2,2185.2,2185.6,3,14,5
9:24:36,2185.6,2185.2,2185.6,11,4,10
9:24:37,2185.2,2185,2185.4,12,80,1
9:24:37,2185,2185.2,2185.6,4,8,11
9:24:38,2185.6,2185.2,2185.6,5,7,9
9:24:38,2185.2,2185.2,2185.6,5,3,10
9:24:39,2185,2185,2185.2,5,83,9
9:24:39,2185.2,2185,2185.2,4,82,7
9:24:40,2185.2,2185,2185.2,11,75,4
9:24:40,2185.2,2185,2185.4,17,63,9
9:24:41,2185.2,2185,2185.2,4,62,8
9:24:41,2185,2185,2185.2,9,57,9
9:24:42,2185,2185,2185.2,7,52,9
9:24:42,2185,2185,2185.2,10,45,22
9:24:43,2185,2185,2185.2,9,92,21
9:24:43,2185,2185,2185.2,10,85,19
9:24:44,2185.2,2185,2185.2,20,81,4
9:24:44,2185,2185,2185.2,7,81,1
9:24:45,2185.2,2185.2,2185.4,14,1,11
9:24:45,2185.2,2185,2185.4,3,86,12
9:24:46,2185.2,2185.2,2185.4,7,7,12
9:24:46,2185.4,2185.2,2185.4,4,6,10
9:24:47,2185.2,2185.2,2185.4,5,5,5
9:24:47,2185.2,2185.2,2185.4,6,12,4
9:24:48,2185.4,2185.2,2185.4,4,21,1
9:24:48,2185.2,2185.4,2185.6,31,1,31
9:24:49,2185.2,2185.4,2185.6,5,2,34
9:24:49,2185.4,2185.2,2185.4,5,35,5
9:24:50,2185.6,2185.4,2185.6,19,1,28
9:24:51,2185.8,2185.6,2185.8,37,19,24
9:24:51,2185.6,2185.6,2185.8,21,7,15
9:24:52,2185.8,2185.6,2185.8,6,10,13
9:24:52,2185.6,2185.4,2185.6,13,36,20
9:24:53,2185.4,2185.4,2185.6,31,11,16
9:24:53,2185.6,2185.4,2185.6,2,6,16
9:24:54,2185.4,2185.4,2185.6,4,4,18
9:24:55,2185.4,2185.4,2185.6,2,4,19
9:24:55,2185.6,2185.4,2185.6,7,4,13
9:24:56,2185.4,2185.4,2185.6,1,3,13
9:24:56,2185.4,2185.4,2185.6,3,2,13
9:24:57,2185.4,2185.4,2185.6,1,2,12
9:24:58,2185.6,2185.4,2185.6,1,2,11
9:24:58,2185.4,2185.2,2185.4,3,40,98
9:24:59,2185.4,2185.2,2185.4,89,4,47
9:24:59,2185.2,2185,2185.2,16,118,4
9:25:00,2185.2,2185.2,2185.4,20,3,35
9:25:01,2185,2185,2185.2,13,117,9
9:25:01,2185,2185,2185.2,34,89,4
9:25:02,2185,2185,2185.2,11,80,4
9:25:02,2185.2,2185,2185.2,2,79,4
9:25:03,2185.2,2185,2185.2,10,78,1
9:25:03,2185,2185,2185.2,17,61,1
9:25:04,2185,2185,2185.2,2,59,2
9:25:04,2185.2,2185.2,2185.4,15,1,37
9:25:05,2185,2185,2185.2,5,50,6
9:25:05,2185,2185,2185.2,7,48,1
9:25:06,2185,2185,2185.2,5,45,7
9:25:06,2185,2185,2185.2,7,43,7
9:25:07,2185.2,2185,2185.2,30,20,3
9:25:07,2185.2,2185,2185.2,4,18,8
9:25:08,2185,2185,2185.2,4,15,16
9:25:08,2185,2185,2185.2,9,28,13
9:25:09,2185,2185,2185.2,11,28,5
9:25:09,2185,2185,2185.2,23,11,1
9:25:10,2185.2,2185.2,2185.4,1,25,40
9:25:10,2185.2,2185.2,2185.4,6,20,41
9:25:11,2185,2184.8,2185,34,61,10
9:25:11,2184.8,2184.8,2185,8,54,9
9:25:12,2185,2184.8,2185,4,53,6
9:25:12,2184.8,2184.8,2185,5,49,6
9:25:13,2184.8,2184.8,2185,14,40,12
9:25:13,2184.8,2184.8,2185,15,28,9
9:25:14,2184.8,2184.8,2185,10,20,11
9:25:14,2184.8,2184.8,2185,5,18,16
9:25:15,2184.8,2184.8,2185,8,14,18
9:25:15,2185,2184.8,2185,11,8,16
9:25:16,2184.6,2184.6,2184.8,9,94,2
9:25:16,2184.6,2184.6,2184.8,10,87,12
9:25:17,2184.6,2184.6,2184.8,30,57,13
9:25:17,2184.6,2184.6,2184.8,52,9,14
9:25:18,2184.4,2184.4,2184.8,26,50,10
9:25:18,2184.4,2184.4,2184.6,12,42,8
9:25:19,2184.4,2184.4,2184.6,32,21,13
9:25:19,2184.4,2184.4,2184.6,12,12,15
9:25:20,2184.2,2184.2,2184.4,17,76,7
9:25:20,2184.2,2184.2,2184.4,38,50,27
9:25:21,2184.2,2184.2,2184.4,15,39,46
9:25:21,2184.2,2184.2,2184.4,13,30,44
9:25:22,2184.2,2184.2,2184.4,28,3,55
9:25:22,2184.2,2184,2184.2,13,67,6
9:25:23,2184.2,2184,2184.2,21,51,4
9:25:23,2184,2184.2,2184.4,11,2,42
9:25:24,2184.2,2184.2,2184.4,28,2,38
9:25:24,2184.2,2184,2184.4,63,41,8
9:25:25,2184.4,2184.2,2184.4,43,35,3
9:25:25,2184.2,2184.4,2184.6,42,2,20
9:25:26,2184.4,2184.2,2184.4,19,4,1
9:25:26,2184.2,2184.2,2184.4,16,1,10
9:25:27,2184.6,2184.4,2184.6,27,4,19
9:25:27,2184.4,2184.4,2184.6,18,4,8
9:25:28,2184.2,2184.2,2184.4,11,5,19
9:25:28,2184.4,2184.2,2184.4,7,5,20
9:25:29,2184.4,2184,2184.2,17,94,1
9:25:29,2184.2,2184,2184.4,12,96,41
9:25:30,2184,2184,2184.2,5,94,9
9:25:30,2184.2,2184,2184.2,52,48,4
9:25:31,2184.2,2184,2184.2,6,57,6
9:25:31,2184,2184,2184.2,66,1,18
9:25:32,2184,2183.8,2184,21,21,1
9:25:32,2183.8,2183.8,2184,18,10,1
9:25:33,2183.6,2183.6,2183.8,26,57,18
9:25:33,2183.6,2183.6,2183.8,50,43,5
9:25:34,2183.8,2183.8,2184,31,31,33
9:25:34,2183.8,2183.8,2184,25,13,37
9:25:35,2183.8,2183.8,2184,26,27,33
9:25:35,2183.8,2183.8,2184,18,27,26
9:25:36,2183.8,2183.8,2184,15,30,23
9:25:36,2184,2183.8,2184,21,20,14
9:25:37,2183.8,2183.8,2184,13,16,12
9:25:37,2184,2183.8,2184,13,14,8
9:25:38,2184,2184,2184.2,14,10,15
9:25:38,2184.2,2183.8,2184.2,24,16,16
9:25:39,2184.2,2184,2184.2,5,11,16
9:25:39,2184,2184,2184.2,4,33,32
9:25:40,2184.2,2184,2184.2,50,27,2
9:25:40,2184,2184.2,2184.4,8,27,144
9:25:41,2184.2,2184.2,2184.4,7,32,147
9:25:41,2184.2,2184.2,2184.4,29,30,83
9:25:42,2184.2,2184.2,2184.4,21,28,63
9:25:42,2184.4,2184.2,2184.4,29,44,36
9:25:43,2184.4,2184.4,2184.6,36,35,8
9:25:43,2184.6,2184.4,2184.6,25,48,10
9:25:44,2184.6,2184.6,2184.8,19,2,3
9:25:44,2185,2184.8,2185,17,4,25
9:25:45,2184.4,2184.6,2184.8,27,2,1
9:25:45,2184.4,2184.4,2184.8,3,48,2
9:25:46,2184.8,2184.6,2184.8,3,1,23
9:25:46,2184.8,2184.4,2184.6,5,67,29
9:25:47,2184.4,2184.4,2184.6,4,75,46
9:25:47,2184.4,2184.4,2184.6,14,67,43
9:25:48,2184.4,2184.4,2184.6,11,50,39
9:25:48,2184.4,2184.4,2184.6,3,38,39
9:25:49,2184.6,2184.4,2184.6,9,35,42
9:25:49,2184.6,2184.4,2184.6,27,35,19
9:25:50,2184.4,2184.4,2184.6,10,28,18
9:25:50,2184.6,2184.4,2184.6,9,25,14
9:25:51,2184.6,2184.4,2184.6,7,44,13
9:25:51,2184.4,2184.6,2184.8,18,2,23
9:25:52,2184.6,2184.6,2184.8,3,3,22
9:25:52,2184.4,2184.4,2184.8,22,32,17
9:25:53,2184.4,2184.4,2184.8,13,25,18
9:25:53,2184.4,2184.4,2184.6,4,23,4
9:25:54,2184.4,2184.4,2184.6,3,21,5
9:25:54,2184.6,2184.4,2184.6,8,22,6
9:25:55,2184.4,2184.4,2184.6,8,16,4
9:25:55,2184.4,2184.4,2184.6,4,15,24
9:25:56,2184.4,2184.2,2184.4,18,36,5
9:25:56,2184.6,2184.2,2184.4,11,37,1
9:25:57,2184.4,2184.2,2184.4,9,30,6
9:25:57,2184.4,2184.2,2184.4,8,24,6
9:25:58,2184.2,2184.2,2184.4,4,22,6
9:25:58,2184.4,2184.2,2184.4,5,26,3
9:25:59,2184.4,2184.4,2184.6,9,98,19
9:25:59,2184.6,2184.4,2184.8,25,99,28
9:26:00,2184.6,2184.6,2184.8,2,48,28
9:26:00,2184.8,2184.6,2184.8,13,60,23
9:26:01,2184.6,2184.6,2184.8,7,63,26
9:26:01,2184.6,2184.6,2184.8,16,49,24
9:26:02,2184.8,2184.6,2184.8,12,44,19
9:26:02,2184.8,2184.6,2184.8,4,47,16
9:26:03,2184.8,2184.6,2184.8,7,44,19
9:26:03,2184.6,2184.6,2184.8,7,39,18
9:26:04,2184.6,2184.6,2184.8,8,34,18
9:26:04,2184.8,2184.6,2184.8,27,14,23
9:26:05,2184.8,2184.4,2184.6,23,103,1
9:26:05,2184.8,2184.6,2184.8,35,1,6
9:26:06,2184.8,2184.6,2184.8,4,7,3
9:26:06,2184.4,2184.4,2185,89,59,39
9:26:07,2184.6,2184.6,2184.8,30,1,15
9:26:07,2184.8,2184.6,2184.8,12,1,14
9:26:08,2184.6,2184.4,2184.6,6,35,6
9:26:08,2184.6,2184.4,2184.6,11,30,2
9:26:09,2184.4,2184.4,2184.6,3,29,22
9:26:09,2184.6,2184.4,2184.6,5,39,18
9:26:10,2184.4,2184.4,2184.6,17,23,27
9:26:10,2184.4,2184.4,2184.6,5,18,28
9:26:11,2184.4,2184.4,2184.6,3,15,29
9:26:12,2184.6,2184.4,2184.6,3,16,30
9:26:12,2184.6,2184.4,2184.6,19,6,23
9:26:13,2184.6,2184.4,2184.6,3,5,21
9:26:13,2184.4,2184.2,2184.4,9,38,2
9:26:14,2184.4,2184.2,2184.6,2,38,19
9:26:14,2184.4,2184.4,2184.6,4,13,19
9:26:15,2184.6,2184.4,2184.6,4,12,7
9:26:15,2184.6,2184.4,2184.6,10,10,2
9:26:16,2184.6,2184.4,2184.6,2,11,1
9:26:16,2184.4,2184.2,2184.4,14,37,32
9:26:17,2184.4,2184.2,2184.4,7,33,30
9:26:17,2184.4,2184.2,2184.4,1,34,29
9:26:18,2184.4,2184.2,2184.4,3,34,27
9:26:18,2184.4,2184.2,2184.4,2,35,46
9:26:19,2184.2,2184.2,2184.4,9,34,39
9:26:19,2184.2,2184.2,2184.4,13,31,29
9:26:20,2184.2,2184.2,2184.4,33,2,26
9:26:20,2184.2,2184,2184.2,3,95,4
9:26:21,2184,2184,2184.2,22,85,10
9:26:21,2184,2184,2184.2,7,78,12
9:26:22,2184.2,2184,2184.2,3,77,14
9:26:22,2184.2,2184,2184.2,6,74,12
9:26:23,2184,2184,2184.2,17,62,13
9:26:23,2184,2184,2184.2,38,28,13
9:26:24,2184,2184,2184.2,9,21,19
9:26:24,2184,2183.8,2184,26,31,42
9:26:25,2183.8,2183.8,2184,9,24,108
9:26:25,2183.6,2183.6,2183.8,27,106,43
9:26:26,2183.6,2183.6,2183.8,36,73,40
9:26:26,2183.8,2183.8,2184,120,3,121
9:26:27,2183.8,2183.6,2183.8,33,3,1
9:26:27,2183.6,2183.6,2184,12,17,124
9:26:28,2183.6,2183.6,2183.8,27,4,1
9:26:28,2183.8,2183.6,2183.8,21,21,1
9:26:29,2183.6,2183.6,2183.8,31,2,2
9:26:29,2183.6,2183.4,2183.6,30,13,8
9:26:30,2183.6,2183.4,2183.6,23,16,21
9:26:30,2183.8,2183.8,2184,42,65,121
9:26:31,2183.8,2183.8,2184,22,45,122
9:26:31,2184,2183.8,2184,57,21,89
9:26:32,2184,2183.8,2184,24,3,87
9:26:32,2184,2184,2184.2,93,10,20
9:26:33,2184.2,2184,2184.2,20,109,2
9:26:33,2184.4,2184.2,2184.4,50,100,10
9:26:34,2184.4,2184.4,2184.6,19,9,44
9:26:34,2184.2,2184.2,2184.4,115,14,20
9:26:35,2184.4,2184.2,2184.4,35,1,16
9:26:35,2184.4,2184,2184.4,20,121,61
9:26:36,2184.4,2184,2184.4,15,109,58
9:26:37,2184.4,2184.2,2184.4,2,1,56
9:26:37,2184.4,2184,2184.4,4,108,55
9:26:38,2184,2184,2184.2,21,89,6
9:26:38,2184.4,2184,2184.4,20,92,47
9:26:39,2184,2184,2184.4,11,83,62
9:26:39,2184,2184,2184.2,8,75,1
9:26:40,2184.2,2184,2184.2,5,73,15
9:26:40,2184,2184,2184.2,12,67,10
9:26:41,2184,2183.8,2184,92,7,17
9:26:41,2183.8,2183.6,2183.8,8,42,17
9:26:42,2183.8,2183.8,2184,27,3,48
9:26:42,2184,2183.6,2184,55,5,41
9:26:43,2183.8,2183.6,2183.8,2,12,1
9:26:43,2184,2183.6,2184,10,7,39
9:26:44,2183.6,2183.6,2183.8,21,10,9
9:26:44,2183.8,2183.6,2183.8,43,2,1
9:26:45,2183.6,2183.6,2184,18,1,8
9:26:45,2183.6,2183.4,2183.6,2,55,9
9:26:46,2184,2184,2184.2,24,9,12
9:26:46,2184,2184,2184.2,13,4,10
9:26:47,2184.2,2183.8,2184.2,15,65,15
9:26:47,2184.2,2184.2,2184.4,21,12,47
9:26:48,2184.4,2184.2,2184.4,54,11,6
9:26:48,2184.2,2184,2184.4,19,27,6
9:26:49,2184,2183.8,2184,33,68,15
9:26:49,2184.4,2183.8,2184,40,62,5
9:26:50,2184,2183.8,2184.2,11,63,2
9:26:50,2183.8,2184,2184.2,16,12,8
9:26:51,2184,2184,2184.2,12,7,7
9:26:51,2184.2,2184,2184.2,8,7,8
9:26:52,2184.2,2184,2184.2,4,9,4
9:26:52,2184.2,2184.2,2184.4,8,13,21
9:26:53,2184.2,2184,2184.2,13,20,12
9:26:53,2184.2,2184,2184.2,2,20,13
9:26:54,2184,2184,2184.2,13,11,10
9:26:54,2184.2,2184,2184.2,7,5,13
9:26:55,2184.2,2184,2184.2,3,5,11
9:26:55,2184,2184,2184.2,12,5,12
9:26:56,2184,2183.8,2184,5,73,11
9:26:56,2184,2183.8,2184,3,73,29
9:26:57,2183.8,2183.8,2184,9,71,32
9:26:57,2184,2183.8,2184,21,70,14
9:26:58,2183.8,2183.8,2184,19,53,17
9:26:58,2183.8,2183.8,2184,2,52,18
9:26:59,2183.8,2183.8,2184,10,51,10
9:26:59,2184,2184,2184.2,16,1,22
9:27:00,2184,2183.8,2184,1,39,2
9:27:00,2184,2184,2184.2,5,6,23
9:27:01,2184,2184,2184.2,53,9,16
9:27:01,2183.6,2183.6,2184,16,101,18
9:27:02,2183.8,2183.6,2183.8,53,75,24
9:27:02,2184,2183.6,2184,73,43,19
9:27:03,2183.6,2183.4,2183.6,47,72,5
9:27:03,2183.4,2183.4,2183.6,6,70,25
9:27:04,2183.4,2183.4,2183.6,11,84,23
9:27:04,2183.6,2183.4,2183.6,26,63,2
9:27:05,2183.8,2183.6,2183.8,33,23,11
9:27:05,2183.8,2183.6,2183.8,6,32,7
9:27:06,2183.6,2183.6,2183.8,2,21,5
9:27:06,2183.6,2183.6,2183.8,5,19,18
9:27:07,2183.6,2183.6,2183.8,9,11,17
9:27:07,2183.6,2183.6,2183.8,6,10,15
9:27:08,2183.6,2183.6,2183.8,5,11,11
9:27:08,2183.6,2183.6,2183.8,6,5,11
9:27:09,2183.6,2183.6,2183.8,1,15,12
9:27:09,2183.6,2183.6,2183.8,8,21,12
9:27:10,2183.6,2183.6,2183.8,5,23,11
9:27:11,2183.4,2183.6,2183.8,25,11,11
9:27:11,2183.6,2183.4,2183.6,14,48,4
9:27:12,2183.4,2183.4,2183.6,5,46,12
9:27:12,2183.4,2183.4,2183.6,2,46,11
9:27:13,2183.6,2183.4,2183.6,7,45,18
9:27:13,2183.4,2183.4,2183.6,27,26,10
9:27:14,2183.4,2183.2,2183.4,33,122,11
9:27:14,2183.2,2183.2,2183.4,3,119,16
9:27:15,2183.6,2183.4,2183.6,27,17,5
9:27:15,2183.4,2183.4,2183.6,9,8,6
9:27:16,2183.2,2183.2,2183.6,14,113,6
9:27:16,2183.4,2183.2,2183.4,12,111,35
9:27:17,2183.2,2183.2,2183.4,7,106,35
9:27:17,2183.4,2183.2,2183.4,20,90,34
9:27:18,2183.2,2183.2,2183.4,65,36,34
9:27:18,2183,2183,2183.2,80,128,7
9:27:19,2183,2183,2183.2,27,110,13
9:27:19,2183,2183,2183.2,21,92,100
9:27:20,2183,2183,2183.2,40,56,97
9:27:20,2183,2183,2183.2,52,6,99
9:27:21,2183,2182.8,2183,14,55,22
9:27:21,2182.8,2182.8,2183,9,53,23
9:27:22,2183,2182.8,2183,57,15,24
9:27:22,2183,2183,2183.2,44,8,97
9:27:23,2183.2,2183,2183.2,6,6,96
9:27:23,2183,2182.8,2183,52,8,8
9:27:24,2183,2182.8,2183,17,4,4
9:27:24,2183.2,2183,2183.2,43,14,78
9:27:25,2183,2183,2183.2,33,7,71
9:27:25,2183,2182.8,2183,22,1,11
9:27:26,2183.2,2182.8,2183.2,33,2,53
9:27:26,2182.8,2182.6,2182.8,10,50,1
9:27:27,2182.8,2182.8,2183,21,33,6
9:27:27,2182.8,2182.8,2183,21,22,12
9:27:28,2183,2182.8,2183,11,30,3
9:27:28,2182.8,2182.8,2183,12,24,5
9:27:29,2182.8,2183,2183.2,106,5,76
9:27:29,2183,2183,2183.2,13,7,76
9:27:30,2182.8,2182.8,2183,14,7,24
9:27:30,2182.8,2182.6,2182.8,10,37,10
9:27:31,2183,2182.8,2183,46,2,1
9:27:31,2183,2182.8,2183,54,3,13
9:27:32,2182.8,2182.4,2182.6,6,112,1
9:27:32,2182.8,2182.4,2183,11,112,69
9:27:33,2182.6,2182.4,2182.6,13,112,1
9:27:33,2183,2182.8,2183,30,9,58
9:27:34,2183,2182.8,2183,27,7,50
9:27:34,2183,2182.6,2183,25,2,39
9:27:35,2182.6,2182.6,2183,10,1,40
9:27:35,2182.6,2182.6,2182.8,5,13,18
9:27:36,2182.8,2182.6,2182.8,11,11,37
9:27:36,2182.6,2182.6,2182.8,9,13,32
9:27:37,2182.8,2182.6,2182.8,5,11,31
9:27:37,2182.4,2182.4,2182.6,32,106,6
9:27:38,2182.6,2182.4,2182.6,6,105,4
9:27:38,2182.6,2182.4,2182.6,8,103,6
9:27:39,2182.6,2182.6,2182.8,16,25,32
9:27:39,2182.6,2182.6,2182.8,10,18,33
9:27:40,2182.6,2182.6,2182.8,6,14,33
9:27:40,2182.8,2182.6,2182.8,5,17,34
9:27:41,2182.6,2182.6,2182.8,41,16,1
9:27:41,2182.6,2182.8,2183,7,5,43
9:27:42,2182.8,2182.8,2183,52,23,16
9:27:42,2182.6,2182.4,2182.6,54,108,14
9:27:43,2182.6,2182.4,2182.6,8,111,8
9:27:43,2182.6,2182.6,2182.8,19,5,1
9:27:44,2182.4,2182.4,2182.8,66,44,5
9:27:44,2182.6,2182.6,2182.8,14,4,14
9:27:45,2182.6,2182.4,2182.6,17,43,25
9:27:45,2182.4,2182.4,2182.8,61,45,46
9:27:46,2182.8,2182.4,2182.8,37,21,72
9:27:46,2182.8,2182.4,2182.6,7,20,21
9:27:47,2182.6,2182.4,2182.6,20,7,26
9:27:47,2182.4,2182.4,2182.6,4,6,29
9:27:48,2182.6,2182.6,2182.8,37,10,66
9:27:48,2182.6,2182.6,2182.8,3,15,67
9:27:49,2182.6,2182.6,2182.8,17,7,58
9:27:49,2182.8,2182.6,2182.8,4,10,57
9:27:50,2182.6,2182.6,2182.8,10,22,57
9:27:50,2182.6,2182.6,2182.8,11,14,57
9:27:51,2182.8,2182.6,2182.8,5,12,55
9:27:51,2182.8,2182.6,2182.8,6,10,52
9:27:52,2182.6,2182.6,2182.8,35,1,27
9:27:52,2182.8,2182.6,2182.8,4,5,27
9:27:53,2182.4,2182.2,2182.4,34,154,38
9:27:53,2182.4,2182.4,2182.6,41,1,3
9:27:54,2182.4,2182.2,2182.6,13,153,15
9:27:54,2182.4,2182.4,2182.6,15,14,9
9:27:55,2182.4,2182.4,2182.6,7,10,10
9:27:55,2182.4,2182.4,2182.6,5,9,17
9:27:56,2182.6,2182.4,2182.6,6,10,18
9:27:56,2182.4,2182.4,2182.6,6,14,14
9:27:57,2182.6,2182.4,2182.6,5,26,14
9:27:57,2182.6,2182.4,2182.6,13,31,3
9:27:58,2182.6,2182.4,2182.6,5,62,1
9:27:58,2182.6,2182.6,2182.8,9,21,24
9:27:59,2182.8,2182.6,2182.8,5,49,23
9:27:59,2182.8,2182.8,2183,26,4,56
9:28:00,2182.6,2182.6,2183,71,2,56
9:28:00,2182.8,2182.6,2183,28,6,64
9:28:01,2182.8,2182.6,2182.8,9,9,25
9:28:01,2182.8,2182.6,2182.8,18,10,21
9:28:02,2182.6,2182.6,2182.8,5,10,30
9:28:02,2182.6,2182.6,2182.8,9,12,34
9:28:03,2182.8,2182.6,2182.8,9,11,30
9:28:03,2182.8,2182.6,2182.8,10,9,24
9:28:04,2182.6,2182.4,2182.6,13,62,26
9:28:04,2182.6,2182.4,2182.6,16,62,12
9:28:05,2182.6,2182.6,2182.8,12,35,14
9:28:05,2182.8,2182.6,2182.8,6,36,10
9:28:06,2182.6,2182.6,2182.8,9,48,4
9:28:06,2182.8,2182.8,2183,25,23,102
9:28:07,2182.8,2182.8,2183,14,12,101
9:28:07,2183,2182.8,2183,2,15,100
9:28:08,2182.8,2182.8,2183,13,13,99
9:28:08,2183,2182.8,2183,6,14,95
9:28:09,2182.8,2182.8,2183,20,9,81
9:28:09,2183,2182.8,2183,15,9,68
9:28:10,2183,2182.8,2183,30,8,40
9:28:10,2183.2,2182.8,2183.2,45,6,89
9:28:11,2183.2,2183,2183.2,14,12,80
9:28:11,2183.2,2183,2183.2,28,3,80
9:28:12,2183.2,2183,2183.2,10,4,64
9:28:12,2183.2,2183,2183.2,12,3,63
9:28:13,2183.2,2182.8,2183.2,14,16,53
9:28:13,2183.2,2182.8,2183,14,3,3
9:28:14,2183,2182.8,2183.2,9,10,49
9:28:14,2183,2182.8,2183,5,10,21
9:28:15,2183,2182.8,2183,17,10,6
9:28:15,2183,2182.8,2183,7,10,14
9:28:16,2183,2182.8,2183,14,10,8
9:28:16,2183,2182.8,2183,4,23,5
9:28:17,2183,2183,2183.2,8,9,45
9:28:17,2183.2,2183,2183.2,2,9,58
9:28:18,2183,2183,2183.2,2,13,57
9:28:18,2183.2,2183,2183.2,10,15,48
9:28:19,2183,2183,2183.2,1,21,49
9:28:19,2183.2,2183,2183.2,3,33,46
9:28:20,2183.2,2183,2183.2,4,31,44
9:28:20,2183.2,2183,2183.2,9,29,38
9:28:21,2183.2,2183,2183.2,11,34,27
9:28:21,2183.2,2183,2183.2,7,39,21
9:28:22,2183.2,2183,2183.2,7,39,16
9:28:22,2183.4,2183.2,2183.4,18,7,40
9:28:23,2183.4,2183.2,2183.4,11,9,29
9:28:23,2183.2,2183,2183.2,25,44,46
9:28:24,2183.2,2183,2183.2,7,46,121
9:28:24,2183,2183,2183.2,26,28,114
9:28:25,2183,2182.8,2183,35,26,23
9:28:25,2183,2182.6,2183,37,75,44
9:28:26,2183,2182.8,2183,11,1,38
9:28:26,2183,2182.8,2183,22,2,17
9:28:27,2182.8,2182.8,2183,3,5,18
9:28:27,2182.8,2182.8,2183,13,5,6
9:28:28,2183,2183,2183.2,7,3,108
9:28:28,2183.2,2183,2183.2,10,5,100
9:28:29,2183,2183,2183.2,1,4,101
9:28:29,2183.2,2183,2183.2,13,5,89
9:28:30,2183,2182.8,2183,10,30,2
9:28:30,2183,2183,2183.2,4,10,100
9:28:31,2183,2183,2183.2,3,21,99
9:28:31,2183.2,2183,2183.2,2,35,99
9:28:32,2183,2183,2183.2,1,24,98
9:28:32,2183.2,2183,2183.2,13,26,86
9:28:33,2183,2183,2183.2,9,27,81
9:28:33,2183.2,2183,2183.2,7,25,77
9:28:34,2183,2183,2183.2,7,24,71
9:28:34,2183.2,2183,2183.2,13,17,65
9:28:35,2183,2183,2183.2,23,22,48
9:28:35,2183.2,2183,2183.2,12,24,37
9:28:36,2183.2,2183,2183.2,5,25,33
9:28:36,2183.2,2183,2183.2,7,25,27
9:28:37,2183.2,2183,2183.2,5,25,23
9:28:37,2183.2,2183,2183.2,2,28,22
9:28:38,2183,2183,2183.2,18,23,14
9:28:38,2183,2183,2183.2,9,18,56
9:28:39,2183.2,2183,2183.2,18,8,48
9:28:39,2183,2182.8,2183,19,49,11
9:28:40,2183,2182.8,2183,7,50,4
9:28:40,2182.8,2182.8,2183,5,40,1
9:28:41,2183.2,2183,2183.2,7,2,38
9:28:41,2183,2183,2183.2,1,1,39
9:28:42,2183,2182.8,2183.2,2,49,38
9:28:42,2183,2182.8,2183,6,50,30
9:28:43,2182.8,2182.8,2183,1,49,32
9:28:43,2183,2182.8,2183,5,52,27
9:28:44,2183,2182.8,2183,10,52,20
9:28:44,2183,2182.8,2183,45,50,37
9:28:45,2182.8,2182.8,2183,32,21,38
9:28:45,2182.8,2182.6,2182.8,24,87,26
9:28:46,2182.8,2182.6,2182.8,10,87,16
9:28:46,2182.6,2182.6,2182.8,1,86,25
9:28:47,2182.8,2182.6,2182.8,33,62,64
9:28:47,2182.6,2182.6,2182.8,10,57,59
9:28:48,2182.6,2182.6,2182.8,28,37,57
9:28:48,2182.6,2182.6,2182.8,18,33,42
9:28:49,2182.4,2182.4,2182.6,77,58,1
9:28:49,2182.4,2182.4,2182.6,3,59,59
9:28:50,2182.4,2182.4,2182.6,40,26,54
9:28:50,2182.4,2182.2,2182.4,30,159,73
9:28:51,2182.2,2182.2,2182.4,6,153,99
9:28:51,2182.2,2182.2,2182.4,46,108,101
9:28:52,2182.2,2182.2,2182.4,23,84,72
9:28:52,2182.2,2182,2182.2,84,180,11
9:28:53,2182,2182,2182.2,3,177,18
9:28:53,2182.2,2182.2,2182.4,44,1,37
9:28:54,2182.4,2182,2182.4,63,148,32
9:28:54,2182,2182,2182.2,28,102,5
9:28:55,2182.2,2182.2,2182.4,17,17,33
9:28:55,2182,2182,2182.2,19,116,2
9:28:56,2182.2,2182,2182.2,4,127,6
9:28:56,2182.2,2182.2,2182.4,11,4,29
9:28:57,2182,2182.2,2182.4,42,12,29
9:28:57,2182,2182.2,2182.4,28,49,19
9:28:58,2182.2,2182.2,2182.4,30,60,6
9:28:58,2182.2,2182.4,2182.6,13,2,28
9:28:59,2182.6,2182.4,2182.6,8,1,27
9:28:59,2182.2,2182.2,2182.4,11,103,8
9:29:00,2182.4,2182.4,2182.6,10,6,27
9:29:00,2182.4,2182.4,2182.6,19,1,24
9:29:01,2182.2,2182.4,2182.6,51,14,19
9:29:01,2182.6,2182.4,2182.6,9,14,14
9:29:02,2182.4,2182.4,2182.6,19,1,24
9:29:02,2182.4,2182.4,2182.6,9,1,23
9:29:03,2182.4,2182.2,2182.4,2,66,15
9:29:03,2182.4,2182.2,2182.4,52,21,13
9:29:04,2182.4,2182.2,2182.4,2,24,13
9:29:04,2182.4,2182.2,2182.4,12,24,6
9:29:05,2182.6,2182.4,2182.6,10,24,28
9:29:05,2182.6,2182.4,2182.6,4,23,25
9:29:06,2182.6,2182.4,2182.6,11,34,16
9:29:06,2182.6,2182.4,2182.6,17,34,5
9:29:07,2182.6,2182.4,2182.6,10,33,2
9:29:07,2182.6,2182.4,2182.6,5,29,2
9:29:08,2182.6,2182.6,2182.8,5,1,30
9:29:08,2182.6,2182.6,2182.8,7,1,34
9:29:09,2182.4,2182.4,2182.6,4,28,1
9:29:09,2182.6,2182.6,2182.8,5,3,31
9:29:10,2182.8,2182.6,2182.8,28,4,6
9:29:10,2182.6,2182.6,2182.8,6,4,2
9:29:11,2182.8,2182.6,2182.8,2,6,1
9:29:11,2182.6,2182.6,2182.8,1,5,2
9:29:12,2182.8,2182.8,2183,9,14,25
9:29:12,2183,2182.6,2183,20,14,21
9:29:13,2183,2182.8,2183,4,2,18
9:29:13,2182.8,2182.6,2182.8,18,18,1
9:29:14,2183,2182.8,2183,4,13,9
9:29:14,2183,2183,2183.2,19,3,50
9:29:15,2183,2183,2183.2,1,3,49
9:29:15,2183,2183,2183.2,14,3,39
9:29:16,2183.2,2182.8,2183.2,8,42,37
9:29:16,2183.2,2182.8,2183.2,3,43,34
9:29:17,2183,2183,2183.2,19,1,17
9:29:17,2183.2,2183,2183.2,13,5,5
9:29:18,2183,2182.8,2183,20,11,9
9:29:18,2183,2182.8,2183,1,21,8
9:29:19,2183,2182.8,2183.2,21,23,4
9:29:19,2183,2182.8,2183,2,25,2
9:29:20,2182.8,2183,2183.2,8,1,10
9:29:21,2183.2,2183,2183.2,3,11,26
9:29:21,2183,2182.8,2183,15,28,24
9:29:22,2183,2182.8,2183,7,27,18
9:29:22,2183,2182.8,2183,8,28,11
9:29:23,2183,2183,2183.2,11,1,32
9:29:23,2183,2183,2183.2,13,2,20
9:29:24,2183,2182.8,2183,7,30,16
9:29:24,2183,2182.8,2183,10,31,38
9:29:25,2183,2182.8,2183,27,35,11
9:29:25,2183,2182.8,2183,3,37,9
9:29:26,2182.8,2182.8,2183,6,24,9
9:29:26,2183,2182.8,2183,9,24,4
9:29:27,2183,2182.8,2183,1,25,4
9:29:27,2183,2183,2183.2,10,1,27
9:29:28,2183,2182.8,2183,5,19,4
9:29:28,2183,2182.8,2183,3,21,2
9:29:29,2183,2182.8,2183,8,21,26
9:29:29,2183,2182.8,2183,5,21,23
9:29:30,2183,2182.8,2183,22,8,24
9:29:30,2182.8,2182.6,2182.8,12,47,5
9:29:31,2182.6,2182.6,2182.8,10,37,5
9:29:31,2183,2182.8,2183,11,1,23
9:29:32,2182.8,2182.6,2182.8,4,34,2
9:29:32,2182.8,2182.8,2183,5,96,22
9:29:33,2183,2182.8,2183,3,96,19
9:29:33,2183,2183,2183.2,17,2,20
9:29:34,2183,2182.8,2183,22,103,1
9:29:34,2182.8,2182.8,2183.2,12,103,17
9:29:35,2183,2183,2183.2,11,9,15
9:29:35,2183.2,2183,2183.2,7,6,14
9:29:36,2183,2183,2183.2,3,4,15
9:29:36,2183,2183,2183.2,1,3,15
9:29:37,2183.2,2183,2183.2,1,3,14
9:29:37,2183.2,2183,2183.2,2,4,12
9:29:38,2183,2183,2183.2,3,5,13
9:29:39,2183.2,2183,2183.2,3,8,12
9:29:39,2183.2,2183,2183.2,3,11,9
9:29:40,2183,2183,2183.2,9,18,25
9:29:40,2183,2183,2183.2,5,14,28
9:29:41,2183,2183,2183.2,5,15,27
9:29:41,2183,2183,2183.2,9,11,24
9:29:42,2183.2,2183,2183.2,1,11,24
9:29:42,2183.6,2183,2183.6,100,14,12
9:29:43,2183.6,2183,2183.4,1,22,3
9:29:43,2183.4,2183.4,2183.6,6,3,12
9:29:44,2183.6,2183.2,2183.6,19,2,4
9:29:44,2183.4,2183.2,2183.4,8,2,13
9:29:45,2183.4,2183.2,2183.4,5,21,9
9:29:45,2183.4,2183.2,2183.4,10,38,1
9:29:46,2183.4,2183.4,2183.6,6,47,5
9:29:46,2183.6,2183.4,2183.6,3,54,4
9:29:47,2183.6,2183.4,2183.8,7,54,73
9:29:47,2183.8,2183.6,2183.8,6,2,60
9:29:48,2183.8,2183.6,2183.8,12,3,79
9:29:48,2183.6,2183.4,2183.8,58,54,32
9:29:49,2183.6,2183.4,2183.8,4,69,42
9:29:49,2183.8,2183.4,2183.8,40,68,11
9:29:50,2184,2183.8,2184,17,1,60
9:29:50,2183.8,2183.8,2184,27,2,52
9:29:51,2184,2183.8,2184,16,4,36
9:29:51,2183.6,2183.6,2184.2,104,1,5
9:29:52,2183.6,2183.6,2183.8,8,7,19
9:29:52,2183.8,2183.6,2183.8,16,4,6
9:29:53,2183.8,2183.8,2184,8,2,11
9:29:53,2184,2183.8,2184,8,3,13
9:29:54,2184,2183.8,2184,2,7,15
9:29:54,2184,2183.8,2184,20,5,19
9:29:55,2184,2183.8,2184,7,3,14
9:29:55,2183.8,2183.6,2183.8,8,25,13
9:29:56,2183.8,2183.8,2184,22,3,12
9:29:56,2184,2183.8,2184,5,2,11
9:29:57,2183.8,2183.6,2183.8,4,27,3
9:29:57,2183.8,2183.8,2184,7,3,38
9:29:58,2183.8,2183.8,2184,4,3,42
9:29:58,2183.8,2183.6,2183.8,8,36,24
9:29:59,2183.8,2183.6,2183.8,32,28,3
9:29:59,2183.6,2183.6,2183.8,13,25,30
9:30:00,2183.6,2183.6,2183.8,25,8,39
9:30:00,2183.4,2183.4,2183.6,91,69,24
9:30:01,2183.6,2183.4,2183.6,77,6,15
9:30:01,2183.2,2183.2,2183.4,32,9,1
9:30:02,2183,2183,2183.2,24,38,2
9:30:02,2183,2182.8,2183,50,119,53
9:30:03,2183,2182.8,2183,54,107,54
9:30:03,2182.8,2182.8,2183,30,104,30
9:30:04,2183,2182.8,2183,9,99,26
9:30:04,2182.8,2182.8,2183,22,80,22
9:30:05,2182.8,2182.8,2183,43,44,15
9:30:05,2182.8,2182.8,2183,16,35,20
9:30:06,2183,2182.8,2183,8,30,17
9:30:06,2182.8,2182.8,2183,6,30,11
9:30:07,2182.8,2182.6,2182.8,34,29,32
9:30:07,2182.8,2182.6,2182.8,9,25,28
9:30:08,2183,2182.8,2183,40,22,12
9:30:08,2182.8,2182.8,2183,9,16,11
9:30:09,2182.8,2182.8,2183,5,16,10
9:30:09,2183,2182.8,2183,5,16,6
9:30:10,2183,2182.8,2183,15,9,1
9:30:10,2183.2,2183,2183.2,5,4,8
9:30:11,2183,2182.8,2183.2,11,13,6
9:30:11,2183,2182.8,2183,5,15,14
9:30:12,2182.8,2182.8,2183,4,14,17
9:30:12,2183,2182.8,2183,5,16,13
9:30:13,2182.8,2182.8,2183,2,15,14
9:30:13,2183,2182.8,2183,4,13,10
9:30:14,2183,2182.8,2183,4,16,6
9:30:14,2183,2183,2183.2,12,13,7
9:30:15,2183,2183,2183.2,3,24,7
9:30:16,2183,2183,2183.2,6,21,16
9:30:16,2183.2,2183,2183.2,16,22,3
9:30:17,2183,2183,2183.2,9,14,3
9:30:17,2183.2,2183,2183.2,6,12,3
9:30:18,2183,2183,2183.2,5,9,1
9:30:18,2183.4,2183,2183.4,6,8,9
9:30:19,2183.2,2183,2183.4,2,8,12
9:30:19,2183,2183,2183.2,10,10,1
9:30:20,2183.2,2183,2183.2,24,5,11
9:30:20,2183.2,2183,2183.2,8,10,10
9:30:21,2183,2183,2183.2,12,2,8
9:30:21,2182.8,2182.8,2183,17,21,5
9:30:22,2183,2182.8,2183,7,16,4
9:30:22,2183,2182.8,2183,4,13,6
9:30:23,2183,2183.2,2183.4,49,1,10
9:30:23,2183,2183,2183.2,1,16,3
9:30:24,2183,2183,2183.2,13,6,5
9:30:24,2183.2,2183,2183.2,10,3,3
9:30:25,2182.8,2182.8,2183.2,7,19,11
9:30:25,2183,2183,2183.2,1,4,11
9:30:26,2183,2183,2183.2,4,2,13
9:30:26,2182.8,2182.8,2183,5,20,2
9:30:27,2183,2183,2183.2,12,1,14
9:30:27,2183.2,2182.8,2183.2,9,14,16
9:30:28,2182.8,2182.8,2183.2,5,10,15
9:30:28,2183.2,2182.8,2183,1,11,18
9:30:29,2183,2182.8,2183,7,11,12
9:30:29,2183,2182.6,2183,19,36,23
9:30:30,2182.8,2182.8,2183,7,1,34
9:30:30,2183,2182.6,2183,20,30,27
9:30:31,2182.6,2182.8,2183,3,4,28
9:30:31,2182.8,2182.6,2182.8,7,27,60
9:30:32,2182.6,2182.6,2182.8,9,20,59
9:30:32,2182.8,2182.4,2182.6,40,40,42
9:30:33,2182.4,2182.4,2182.6,24,18,54
9:30:33,2182.4,2182.2,2182.4,46,45,33
9:30:34,2182.2,2182.2,2182.4,12,38,28
9:30:34,2182.2,2182.2,2182.4,36,23,9
9:30:35,2182.2,2182.2,2182.6,34,10,63
9:30:35,2182.4,2182.4,2182.6,20,41,63
9:30:36,2182.4,2182.4,2182.6,12,36,68
9:30:36,2182.4,2182.4,2182.6,15,37,31
9:30:37,2182.4,2182.4,2182.6,28,17,18
9:30:37,2182.4,2182.4,2182.6,9,11,10
9:30:38,2182.4,2182.6,2182.8,17,1,52
9:30:38,2182.4,2182.4,2182.6,4,15,2
9:30:39,2182.4,2182.4,2182.8,15,13,54
9:30:39,2182.4,2182.4,2182.8,10,10,56
9:30:40,2182.6,2182.2,2182.6,17,12,12
9:30:40,2182.4,2182.2,2182.4,6,10,46
9:30:41,2182.2,2182.2,2182.4,16,5,40
9:30:41,2182,2182,2182.2,8,149,2
9:30:42,2182,2182,2182.2,58,101,49
9:30:42,2182,2182,2182.2,68,37,48
9:30:43,2181.8,2181.8,2182,50,70,22
9:30:43,2182,2181.8,2182,72,1,73
9:30:44,2181.6,2181.6,2181.8,16,50,35
9:30:44,2181.6,2181.6,2181.8,42,28,17
9:30:45,2181.8,2181.6,2181.8,42,22,17
9:30:45,2181.6,2181.4,2181.6,55,36,17
9:30:46,2181.4,2181.4,2181.8,80,6,16
9:30:46,2181.4,2181.2,2181.4,35,98,7
9:30:47,2181.4,2181.2,2181.4,61,71,63
9:30:47,2181.2,2181.2,2181.4,39,59,44
9:30:48,2181.2,2181.2,2181.4,26,42,44
9:30:48,2181.2,2181.2,2181.4,41,26,37
9:30:49,2181.2,2181.2,2181.4,77,1,9
9:30:49,2181.2,2181.2,2181.6,49,4,2
9:30:50,2181.2,2181.2,2181.6,73,33,30
9:30:50,2181.4,2181.4,2181.6,16,35,34
9:30:51,2181.4,2181.4,2181.6,35,9,38
9:30:51,2181.2,2181.2,2181.4,31,53,18
9:30:52,2181.4,2181.2,2181.4,23,37,9
9:30:52,2181.4,2181.4,2181.6,48,2,37
9:30:53,2181.2,2181,2181.2,11,147,4
9:30:53,2181.2,2181,2181.2,32,127,39
9:30:54,2181,2181,2181.2,32,120,29
9:30:54,2181,2181,2181.2,52,77,28
9:30:55,2181,2181,2181.2,49,40,18
9:30:55,2181,2181,2181.4,59,1,92
9:30:56,2181,2180.8,2181,4,78,22
9:30:56,2181,2181,2181.2,38,15,17
9:30:57,2181.2,2181,2181.4,68,8,82
9:30:57,2181.2,2181.2,2181.4,38,16,68
9:30:58,2181.2,2181.2,2181.4,20,4,68
9:30:58,2181,2181,2181.4,78,19,21
9:30:59,2181,2181,2181.2,27,16,20
9:30:59,2181.2,2181,2181.2,22,3,22
9:31:00,2180.8,2180.8,2181.4,32,84,27
9:31:00,2180.8,2180.8,2181.4,41,60,23
9:31:01,2181,2180.8,2181.2,51,54,8
9:31:01,2181,2181,2181.4,65,8,54
9:31:02,2181.4,2181.2,2181.4,88,10,27
9:31:02,2181.4,2181,2181.4,41,5,25
9:31:03,2181.2,2181,2181.6,77,22,8
9:31:03,2181.4,2181.4,2181.6,65,27,38
9:31:04,2181.6,2181.4,2181.6,47,17,20
9:31:04,2181.4,2181.2,2181.4,27,9,1
9:31:05,2181,2181.4,2181.6,23,2,33
9:31:05,2181.4,2181,2181.4,30,31,15
9:31:06,2181.4,2181.4,2181.6,27,4,35
9:31:06,2181.4,2181,2181.6,20,35,39
9:31:07,2181.4,2181,2181.4,7,44,7
9:31:07,2181.2,2181,2181.2,10,62,5
9:31:08,2181.2,2181.2,2181.4,17,6,30
9:31:08,2181.2,2181,2181.2,13,76,5
9:31:09,2181.2,2181,2181.2,19,69,9
9:31:09,2181.2,2181.2,2181.4,45,22,7
9:31:10,2181.4,2181.4,2181.6,20,19,27
9:31:10,2181.2,2181.4,2181.6,42,1,27
9:31:11,2181.6,2181.4,2181.6,10,10,26
9:31:11,2181.4,2181.2,2181.4,16,13,4
9:31:12,2181.6,2181.2,2181.6,19,9,22
9:31:12,2181.6,2181.4,2181.6,14,5,18
9:31:13,2181.6,2181.4,2181.6,13,5,10
9:31:13,2181.8,2181.6,2181.8,16,1,21
9:31:14,2181.8,2181.6,2181.8,13,1,18
9:31:14,2181.8,2181.6,2181.8,11,6,26
9:31:15,2181.6,2181.6,2181.8,7,9,36
9:31:15,2181.8,2181.6,2181.8,16,8,24
9:31:16,2181.8,2181.6,2181.8,40,5,7
9:31:16,2181.8,2181.6,2181.8,6,6,2
9:31:17,2181.8,2181.6,2181.8,12,9,14
9:31:17,2181.8,2181.6,2181.8,22,6,1
9:31:18,2181.8,2181.6,2181.8,2,5,1
9:31:18,2181.8,2181.8,2182,6,6,53
9:31:19,2181.8,2181.6,2181.8,8,12,3
9:31:19,2182,2181.6,2181.8,12,12,1
9:31:20,2181.8,2181.6,2181.8,26,13,1
9:31:20,2181.8,2181.8,2182,1,12,45
9:31:21,2182,2181.8,2182,12,29,35
9:31:21,2182,2181.8,2182,3,30,33
9:31:22,2182,2181.8,2182,4,27,33
9:31:22,2181.8,2181.8,2182,18,26,21
9:31:23,2182,2182,2182.2,28,4,21
9:31:23,2182,2181.8,2182,7,23,3
9:31:24,2182,2181.8,2182,7,26,6
9:31:24,2182.2,2182,2182.2,7,7,21
9:31:25,2182,2181.8,2182,15,29,2
9:31:25,2182,2181.8,2182,18,16,6
9:31:26,2181.8,2182,2182.2,9,1,36
9:31:26,2182.2,2182,2182.2,13,1,53
9:31:27,2181.8,2181.8,2182,2,46,24
9:31:27,2182,2181.8,2182,25,30,22
9:31:28,2182,2181.8,2182,15,29,15
9:31:28,2181.8,2181.8,2182,26,6,14
9:31:29,2181.8,2181.6,2181.8,15,57,3
9:31:29,2181.6,2181.6,2181.8,4,60,26
9:31:30,2181.8,2181.6,2181.8,8,57,21
9:31:30,2181.6,2181.6,2181.8,14,61,30
9:31:31,2181.6,2181.6,2181.8,21,49,31
9:31:31,2181.8,2181.6,2181.8,7,44,47
9:31:32,2181.8,2181.6,2181.8,6,43,44
9:31:32,2181.6,2181.6,2181.8,16,39,50
9:31:33,2181.8,2181.6,2181.8,44,35,10
9:31:33,2181.8,2181.6,2181.8,16,20,9
9:31:34,2181.6,2181.4,2181.6,28,5,27
9:31:34,2181.4,2181.2,2181.4,6,23,2
9:31:35,2181.6,2181.2,2181.6,23,23,20
9:31:35,2181.6,2181.4,2181.6,3,2,34
9:31:36,2181.6,2181.4,2181.6,6,1,29
9:31:36,2181.4,2181.4,2181.6,12,1,19
9:31:37,2181.6,2181.4,2181.6,1,1,19
9:31:37,2181.6,2181.6,2181.8,43,4,17
9:31:38,2181.4,2181.4,2181.6,20,2,2
9:31:38,2181.2,2181.2,2181.6,10,24,16
9:31:39,2181.4,2181.4,2181.6,4,100,16
9:31:39,2181.8,2181.8,2182,30,1,42
9:31:40,2181.8,2181.8,2182,16,4,27
9:31:40,2181.8,2181.6,2181.8,13,20,5
9:31:41,2181.6,2181.6,2182,13,31,34
9:31:41,2181.6,2181.6,2182,7,29,34
9:31:42,2182,2181.6,2182,8,29,30
9:31:42,2181.8,2181.8,2182,4,1,37
9:31:43,2182,2181.8,2182,1,2,46
9:31:43,2181.6,2181.6,2182,19,5,46
9:31:44,2181.4,2181.4,2181.8,66,92,3
9:31:44,2182,2181.4,2182,51,92,4
9:31:45,2182,2181.6,2181.8,1,27,20
9:31:45,2181.8,2181.6,2181.8,3,38,17
9:31:46,2181.8,2181.6,2181.8,4,37,14
9:31:46,2181.8,2181.6,2181.8,22,17,15
9:31:47,2181.8,2181.6,2181.8,21,3,12
9:31:47,2181.4,2181.4,2181.8,10,103,6
9:31:48,2182,2181.4,2182,34,104,56
9:31:48,2181.8,2181.8,2182,11,3,71
9:31:49,2181.8,2181.8,2182,1,2,71
9:31:49,2182,2181.8,2182,26,1,47
9:31:50,2182,2181.6,2181.8,4,19,1
9:31:50,2181.8,2181.6,2181.8,17,11,5
9:31:51,2181.4,2181.4,2181.8,26,93,13
9:31:51,2181.8,2181.6,2181.8,4,1,14
9:31:52,2181.8,2181.6,2181.8,2,1,13
9:31:52,2181.8,2181.4,2181.6,6,93,15
9:31:53,2181.6,2181.4,2181.6,15,88,10
9:31:53,2181.4,2181.4,2181.6,1,87,12
9:31:54,2181.6,2181.4,2181.6,4,86,9
9:31:54,2181.8,2181.6,2181.8,15,16,19
9:31:55,2181.4,2181.4,2181.8,35,81,7
9:31:55,2182,2181.4,2182,15,76,60
9:31:56,2181.6,2181.4,2182,4,77,63
9:31:56,2181.6,2181.6,2181.8,2,4,2
9:31:57,2181.8,2181.6,2181.8,1,4,5
9:31:57,2181.6,2181.4,2181.6,5,80,38
9:31:58,2181.4,2181.4,2181.6,21,61,40
9:31:58,2181.4,2181.4,2181.6,48,37,19
9:31:59,2181.4,2181.2,2181.4,42,60,10
9:31:59,2181.6,2181.2,2181.6,21,55,38
9:32:00,2181.4,2181.4,2181.6,35,4,36
9:32:00,2181,2181,2181.2,59,82,6
9:32:01,2181.2,2181,2181.2,9,82,1
9:32:01,2181.2,2181.2,2181.4,17,19,2
9:32:02,2181.2,2181.2,2181.4,13,25,5
9:32:02,2181.2,2181.2,2181.4,10,17,4
9:32:03,2181.2,2181.2,2181.4,12,6,3
9:32:03,2181.2,2181,2181.2,11,80,1
9:32:04,2181.4,2181.4,2181.6,5,5,31
9:32:04,2181.4,2181,2181.2,14,80,1
9:32:05,2181.2,2181,2181.2,29,59,14
9:32:05,2181.2,2181,2181.2,16,52,11
9:32:06,2181.2,2181,2181.2,21,38,7
9:32:06,2181.2,2181,2181.2,16,34,4
9:32:07,2181,2181,2181.2,32,3,22
9:32:07,2180.8,2180.8,2181,22,39,77
9:32:08,2180.6,2180.6,2180.8,56,189,22
9:32:08,2180.6,2180.6,2180.8,55,145,33
9:32:09,2180.6,2180.6,2180.8,32,122,27
9:32:09,2180.6,2180.6,2180.8,28,103,16
9:32:10,2180.6,2180.6,2181,43,81,19
9:32:10,2180.6,2180.8,2181,16,3,19
9:32:11,2180.8,2180.8,2181,38,4,5
9:32:11,2180.8,2180.8,2181,16,22,9
9:32:12,2180.8,2180.8,2181,5,19,11
9:32:12,2180.8,2180.8,2181,13,10,11
9:32:13,2180.8,2180.8,2181,6,4,30
9:32:13,2180.8,2180.8,2181,39,7,2
9:32:14,2180.8,2180.6,2180.8,18,70,8
9:32:14,2180.8,2180.8,2181.2,53,2,11
9:32:15,2181.2,2180.8,2181.2,4,5,12
9:32:15,2180.8,2180.4,2180.6,63,79,19
9:32:16,2180.6,2180.4,2180.6,18,73,7
9:32:16,2180.4,2180.4,2180.8,19,62,54
9:32:17,2180.6,2180.4,2180.6,24,51,1
9:32:17,2180.2,2180.2,2180.4,74,150,24
9:32:18,2180.4,2180.2,2180.4,23,147,6
9:32:18,2180.4,2180.2,2180.4,28,122,6
9:32:19,2180.2,2180.2,2180.4,87,42,1
9:32:19,2180.2,2180.2,2180.6,8,39,22
9:32:20,2180.4,2180.4,2180.6,38,9,12
9:32:20,2180.2,2180,2180.2,49,371,5
9:32:21,2180.6,2180.6,2180.8,50,21,53
9:32:21,2180.6,2180.6,2180.8,65,3,89
9:32:22,2180.4,2180.2,2180.4,28,36,1
9:32:22,2180.4,2180.4,2180.6,15,11,7
9:32:23,2180.4,2180.4,2180.6,14,3,8
9:32:23,2180.6,2180.6,2180.8,26,9,68
9:32:24,2180.6,2180.6,2180.8,3,6,68
9:32:24,2180.4,2180.4,2180.8,15,23,60
9:32:25,2180.8,2180.6,2180.8,24,28,36
9:32:25,2180.6,2180.6,2180.8,21,20,29
9:32:26,2180.6,2180.8,2181,41,18,45
9:32:26,2181,2180.8,2181,11,13,42
9:32:27,2180.8,2180.8,2181,16,5,35
9:32:27,2181.2,2181.2,2181.4,44,5,44
9:32:28,2181.2,2181,2181.2,14,4,2
9:32:28,2181,2181,2181.2,7,21,2
9:32:29,2181.2,2181,2181.2,7,34,4
9:32:29,2181.4,2181.2,2181.4,9,44,34
9:32:30,2181.4,2181.2,2181.4,13,35,32
9:32:30,2181.4,2181.4,2181.6,40,7,19
9:32:31,2181.8,2181.6,2181.8,25,3,40
9:32:31,2181.4,2181.4,2181.6,6,16,3
9:32:32,2181.8,2181.6,2181.8,24,5,23
9:32:32,2181.6,2181.6,2181.8,10,19,23
9:32:33,2181.8,2181.6,2181.8,13,16,15
9:32:33,2181.8,2181.6,2181.8,19,17,69
9:32:34,2181.8,2181.6,2181.8,8,16,64
9:32:34,2181.8,2181.4,2181.8,48,7,47
9:32:35,2181.8,2181.4,2181.6,26,8,4
9:32:35,2181.6,2181.4,2181.6,19,4,1
9:32:36,2181.6,2181.4,2181.6,1,25,1
9:32:36,2181.6,2181.6,2181.8,3,1,26
9:32:37,2181.6,2181.6,2181.8,5,1,28
9:32:37,2181.8,2181.6,2181.8,19,1,30
9:32:38,2181.4,2181.4,2181.6,8,29,1
9:32:38,2181.6,2181.4,2181.8,16,25,29
9:32:39,2181.6,2181.6,2181.8,14,6,27
9:32:39,2181.6,2181.4,2181.6,22,17,10
9:32:40,2181.6,2181.4,2181.8,16,20,13
9:32:40,2181.4,2181.2,2181.4,34,26,3
9:32:41,2181.6,2181.4,2181.6,14,4,1
9:32:41,2181.4,2181.4,2181.6,3,12,2
9:32:42,2182,2181.4,2181.6,18,13,4
9:32:42,2181.4,2181.4,2181.6,4,14,1
9:32:43,2181.8,2181.6,2181.8,4,4,15
9:32:43,2181.8,2181.6,2181.8,1,11,15
9:32:44,2181.8,2181.6,2181.8,5,16,16
9:32:44,2181.6,2181.6,2181.8,6,23,17
9:32:45,2181.8,2181.6,2181.8,2,26,16
9:32:45,2181.8,2181.6,2181.8,17,25,2
9:32:46,2181.8,2181.6,2181.8,10,27,13
9:32:46,2181.8,2181.8,2182,23,4,176
9:32:47,2181.8,2181.8,2182,11,4,179
9:32:47,2181.8,2181.6,2181.8,22,29,13
9:32:48,2181.8,2181.6,2181.8,12,24,17
9:32:48,2181.8,2181.6,2181.8,10,24,27
9:32:49,2181.6,2181.6,2181.8,12,27,17
9:32:49,2181.6,2181.6,2181.8,30,15,15
9:32:50,2181.6,2181.6,2182,23,1,189
9:32:50,2181.8,2181.6,2181.8,6,2,6
9:32:51,2181.8,2181.6,2181.8,3,5,4
9:32:51,2181.8,2181.6,2181.8,2,24,16
9:32:52,2181.8,2181.6,2181.8,13,25,9
9:32:52,2181.6,2181.4,2181.6,31,25,6
9:32:53,2181.4,2181.4,2181.6,7,24,4
9:32:53,2181.8,2181.4,2181.8,8,24,15
9:32:54,2181.6,2181.6,2181.8,12,6,22
9:32:54,2181.6,2181.4,2181.6,19,15,1
9:32:55,2181.6,2181.6,2181.8,6,3,12
9:32:55,2181.8,2181.6,2181.8,5,1,11
9:32:56,2181.6,2181.6,2181.8,2,1,12
9:32:56,2181.6,2181.4,2181.6,5,30,15
9:32:57,2181.6,2181.4,2181.6,9,30,6
9:32:57,2181.6,2181.4,2181.6,6,27,4
9:32:58,2181.6,2181.4,2181.6,3,28,1
9:32:58,2181.6,2181.6,2181.8,14,1,19
9:32:59,2181.6,2181.4,2181.6,120,24,18
9:32:59,2181.6,2181.4,2181.6,6,23,19
9:33:00,2181.6,2181.4,2181.6,1,38,23
9:33:00,2181.4,2181.4,2181.6,16,29,21
9:33:01,2181.4,2181.4,2181.6,25,6,23
9:33:01,2181.2,2181.2,2181.6,19,49,15
9:33:02,2181.2,2181.2,2181.4,20,30,6
9:33:02,2181.2,2181.2,2181.4,31,1,9
9:33:03,2181,2181,2181.4,8,62,8
9:33:03,2181.2,2181,2181.4,35,36,3
9:33:04,2181.4,2181,2181.4,8,34,1
9:33:04,2181.2,2181,2181.6,11,26,8
9:33:05,2181.2,2181.2,2181.6,7,2,12
9:33:05,2181.2,2181.2,2181.4,3,29,5
9:33:06,2181.4,2181.2,2181.4,5,28,3
9:33:06,2181.2,2181.2,2181.6,10,27,29
9:33:07,2181.2,2181.4,2181.6,3,2,27
9:33:07,2181.2,2181.2,2181.4,13,17,5
9:33:08,2181.4,2181.4,2181.6,7,14,24
9:33:08,2181.4,2181.4,2181.6,1,15,24
9:33:09,2181.4,2181.4,2181.6,15,9,15
9:33:09,2181.4,2181.4,2181.6,3,11,15
9:33:10,2181.6,2181.4,2181.6,4,12,14
9:33:10,2181.6,2181.4,2181.6,12,2,12
9:33:11,2181.6,2181.4,2181.6,3,4,9
9:33:11,2181.4,2181.4,2181.6,3,6,12
9:33:12,2181.6,2181.4,2181.6,4,7,10
9:33:12,2181.6,2181.4,2181.6,5,12,6
9:33:13,2181.4,2181.4,2181.6,6,7,6
9:33:13,2181.6,2181.4,2181.6,4,7,2
9:33:14,2181.6,2181.4,2181.8,10,7,74
9:33:14,2181.4,2181.4,2181.6,3,16,4
9:33:15,2181.8,2181.6,2181.8,21,2,60
9:33:15,2181.6,2181.6,2181.8,4,5,61
9:33:16,2181.6,2181.6,2181.8,1,23,61
9:33:16,2181.8,2181.6,2181.8,2,24,60
9:33:17,2181.8,2181.6,2181.8,12,16,57
9:33:17,2181.8,2181.6,2181.8,11,26,47
9:33:18,2181.8,2181.6,2181.8,35,28,16
9:33:18,2181.8,2181.8,2182,32,13,146
9:33:19,2181.8,2181.8,2182,14,7,140
9:33:19,2182,2181.8,2182,77,10,64
9:33:20,2182,2181.8,2182,43,19,27
9:33:20,2182,2182,2182.2,35,25,16
9:33:21,2182.4,2182.2,2182.4,27,5,41
9:33:21,2182.4,2181.8,2182.4,62,13,79
9:33:22,2182.4,2182,2182.4,76,2,29
9:33:22,2182.4,2182,2182.2,10,5,15
9:33:23,2182.2,2182.2,2182.4,35,7,27
9:33:23,2182.4,2182.2,2182.4,9,4,36
9:33:24,2182.2,2182.2,2182.4,8,2,24
9:33:24,2182.4,2182,2182.2,7,7,1
9:33:25,2182.4,2182,2182.4,20,6,37
9:33:25,2182.4,2182.2,2182.4,19,1,36
9:33:26,2182.4,2182.2,2182.4,34,2,5
9:33:26,2182.6,2182.2,2182.6,14,6,32
9:33:27,2182.6,2182.4,2182.6,7,6,30
9:33:27,2182.6,2182,2182.6,43,7,19
9:33:28,2182.6,2182.4,2182.6,25,16,7
9:33:28,2182.6,2182.6,2182.8,16,3,37
9:33:29,2182.6,2182.4,2182.6,28,18,6
9:33:29,2182.6,2182.4,2182.6,13,13,20
9:33:30,2182.4,2182,2182.4,77,11,4
9:33:30,2182.4,2182.4,2182.6,36,8,1
9:33:31,2182.4,2182.4,2182.6,3,31,26
9:33:31,2182.4,2182.4,2182.6,28,21,11
9:33:32,2182.6,2182.4,2182.6,9,22,8
9:33:32,2182.6,2182.6,2182.8,24,3,56
9:33:33,2182.8,2182.6,2182.8,8,4,58
9:33:33,2182.6,2182.4,2182.8,16,18,58
9:33:34,2182.4,2182.4,2182.8,20,14,58
9:33:34,2182.8,2182.6,2182.8,10,18,60
9:33:35,2182.6,2182.4,2182.6,26,15,28
9:33:35,2182.6,2182.4,2182.6,30,23,7
9:33:36,2182.6,2182.4,2182.6,10,23,4
9:33:36,2182.6,2182.4,2182.6,16,23,5
9:33:37,2182.6,2182.6,2182.8,39,8,54
9:33:37,2182.8,2182.6,2182.8,6,6,53
9:33:38,2182.6,2182.6,2182.8,7,41,49
9:33:38,2182.8,2182.6,2182.8,3,47,48
9:33:39,2182.8,2182.8,2183,75,6,188
9:33:39,2183,2182.8,2183,23,8,177
9:33:40,2183,2182.6,2183,25,32,163
9:33:40,2183,2182.6,2183,94,90,79
9:33:41,2183,2182.6,2183,35,69,68
9:33:41,2183,2182.8,2183,48,31,22
9:33:42,2183,2183,2183.2,46,56,18
9:33:42,2183.2,2183.2,2183.4,23,20,8
9:33:43,2183.4,2183.4,2183.6,22,19,18
9:33:43,2183.4,2183.4,2183.6,48,21,17
9:33:44,2183.4,2183.2,2183.4,35,9,2
9:33:44,2183.2,2183,2183.2,43,63,49
9:33:45,2183,2183,2183.2,31,51,49
9:33:45,2183,2183,2183.2,43,25,43
9:33:46,2183.2,2182.8,2183,83,8,10
9:33:46,2182.8,2182.6,2182.8,41,12,40
9:33:47,2182.6,2182.4,2182.6,22,32,4
9:33:47,2182.6,2182.4,2182.6,7,32,1
9:33:48,2182.6,2182.6,2182.8,5,73,42
9:33:48,2182.6,2182.6,2182.8,5,91,41
9:33:49,2182.6,2182.6,2182.8,15,81,40
9:33:49,2182.6,2182.6,2182.8,7,79,45
9:33:50,2182.6,2182.6,2182.8,6,79,48
9:33:50,2182.6,2182.6,2182.8,25,67,41
9:33:51,2182.8,2182.6,2182.8,6,65,42
9:33:51,2182.8,2182.6,2182.8,28,65,20
9:33:52,2182.8,2182.8,2183,35,9,15
9:33:52,2182.8,2182.8,2183,4,11,21
9:33:53,2182.8,2182.8,2183,9,16,11
9:33:53,2182.8,2182.8,2183,6,12,11
9:33:54,2183,2182.8,2183,7,10,21
9:33:54,2183,2182.8,2183,6,18,19
9:33:55,2183,2182.8,2183,14,16,16
9:33:55,2183.2,2183,2183.2,23,5,20
9:33:56,2182.8,2182.6,2182.8,25,37,42
9:33:56,2182.8,2182.6,2182.8,6,43,38
9:33:57,2182.6,2182.6,2182.8,8,41,35
9:33:57,2182.6,2182.4,2182.6,52,23,35
9:33:58,2182.6,2182.4,2182.6,3,23,33
9:33:58,2182.4,2182.4,2182.6,17,10,29
9:33:59,2182.4,2182.4,2182.6,9,2,28
9:33:59,2182.4,2182.2,2182.4,6,30,2
9:34:00,2182.2,2182.2,2182.4,3,40,13
9:34:00,2182.4,2182.2,2182.4,55,7,6
9:34:01,2182.2,2182.2,2182.4,8,1,3
9:34:01,2182.2,2182,2182.2,5,69,1
9:34:02,2182.2,2182,2182.2,2,68,2
9:34:02,2182.4,2182.4,2182.6,10,12,30
9:34:03,2182.4,2182.4,2182.6,12,1,31
9:34:03,2182.4,2182.2,2182.4,19,3,8
9:34:04,2182.4,2182.4,2182.6,9,4,36
9:34:04,2182.4,2182.4,2182.6,2,2,50
9:34:05,2182.4,2182.4,2182.6,6,1,47
9:34:05,2182.6,2182.2,2182.6,8,27,30
9:34:06,2182.4,2182.2,2182.4,2,26,18
9:34:06,2182.4,2182.2,2182.4,2,25,17
9:34:07,2182.4,2182.2,2182.4,8,48,21
9:34:07,2182.2,2182.2,2182.4,22,41,7
9:34:08,2182.2,2182.2,2182.4,8,37,9
9:34:08,2182.4,2182.2,2182.4,7,39,3
9:34:09,2182.4,2182.2,2182.6,15,32,38
9:34:09,2182.4,2182.2,2182.4,8,33,8
9:34:10,2182.2,2182.2,2182.4,22,16,15
9:34:10,2182.2,2182.2,2182.4,2,17,22
9:34:11,2182.2,2182.2,2182.4,10,15,26
9:34:11,2182.2,2182,2182.2,20,82,3
9:34:12,2182,2182,2182.2,1,80,4
9:34:12,2182,2182,2182.2,2,78,5
9:34:13,2182,2182,2182.2,12,68,9
9:34:13,2182,2182,2182.2,18,56,7
9:34:14,2182,2182,2182.2,6,52,6
9:34:14,2182,2182,2182.2,7,49,9
9:34:15,2182.2,2182,2182.2,5,46,14
9:34:15,2182,2182,2182.2,5,42,13
9:34:16,2182,2182,2182.2,47,7,10
9:34:16,2182,2182,2182.2,16,1,2
9:34:17,2182,2181.8,2182,5,35,4
9:34:17,2181.8,2181.8,2182,8,33,3
9:34:18,2182.2,2182.2,2182.4,17,16,29
9:34:18,2182.4,2182.2,2182.4,5,13,27
9:34:19,2182.2,2182.2,2182.4,8,10,25
9:34:19,2182.2,2182.2,2182.4,5,7,22
9:34:20,2182.4,2182.2,2182.4,3,6,20
9:34:20,2182.2,2182,2182.2,9,10,5
9:34:21,2182,2182,2182.2,3,8,6
9:34:21,2182,2181.8,2182.2,10,39,6
9:34:22,2182,2181.8,2182,2,41,1
9:34:22,2181.8,2181.8,2182,4,37,1
9:34:23,2181.8,2182,2182.2,6,1,12
9:34:23,2182.2,2181.8,2182.2,5,36,9
9:34:24,2182.2,2181.8,2182.2,1,36,11
9:34:24,2181.8,2181.8,2182.2,4,38,10
9:34:25,2182,2181.8,2182,1,38,5
9:34:25,2181.8,2181.8,2182,3,37,3
9:34:26,2182,2182,2182.2,14,29,12
9:34:26,2182.2,2182,2182.2,21,30,7
9:34:27,2182,2182,2182.2,4,29,8
9:34:27,2182.2,2182,2182.2,8,25,8
9:34:28,2182,2182,2182.2,10,18,8
9:34:29,2182,2182,2182.2,9,16,3
9:34:29,2182,2182,2182.2,4,15,31
9:34:30,2182,2182,2182.2,2,13,33
9:34:30,2182,2181.8,2182,17,31,10
9:34:31,2182,2181.8,2182,24,13,6
9:34:31,2182,2181.8,2182,3,13,6
9:34:32,2182.2,2181.8,2182,31,14,2
9:34:32,2181.8,2181.8,2182,3,15,2
9:34:33,2182,2181.8,2182.2,2,15,10
9:34:33,2181.8,2181.8,2182.2,8,12,10
9:34:34,2181.8,2181.8,2182.2,11,5,9
9:34:35,2181.8,2181.8,2182.2,8,3,8
9:34:35,2182.2,2182,2182.2,12,2,1
9:34:36,2182,2181.8,2182,2,4,1
9:34:36,2182,2181.8,2182,2,5,1
9:34:37,2182,2181.8,2182.2,4,6,2
9:34:37,2181.8,2181.8,2182.2,12,8,4
9:34:38,2182,2182,2182.2,17,18,3
9:34:39,2182,2182,2182.2,2,22,4
9:34:39,2182.4,2182.2,2182.4,11,67,28
9:34:40,2182.4,2182.2,2182.4,11,70,20
9:34:40,2182.2,2182.2,2182.6,50,45,84
9:34:41,2182.2,2182.2,2182.4,4,43,1
9:34:41,2182.2,2182.2,2182.4,2,42,8
9:34:42,2182.4,2182.2,2182.4,1,43,8
9:34:42,2182.4,2182.2,2182.4,5,40,5
9:34:43,2182.4,2182.2,2182.4,2,39,3
9:34:43,2182.4,2182.2,2182.4,1,49,4
9:34:44,2182.4,2182.2,2182.4,6,47,1
9:34:44,2182.4,2182.4,2182.6,5,5,77
9:34:45,2182.6,2182.4,2182.6,7,10,74
9:34:45,2182.6,2182.4,2182.6,5,12,72
9:34:46,2182.4,2182.4,2182.6,6,13,76
9:34:46,2182.6,2182.4,2182.6,7,12,70
9:34:47,2182.4,2182.2,2182.6,13,42,78
9:34:47,2182.6,2182.4,2182.6,4,2,93
9:34:48,2182.6,2182.4,2182.6,3,2,93
9:34:48,2182,2182.4,2182.6,50,2,94
9:34:49,2182.6,2182.4,2182.6,2,4,96
9:34:49,2182.4,2182.4,2182.6,2,4,99
9:34:50,2182.6,2182.4,2182.6,64,6,42
9:34:50,2182.4,2182.4,2182.6,8,7,41
9:34:51,2182.6,2182.4,2182.6,16,7,31
9:34:51,2182.6,2182.4,2182.6,22,6,16
9:34:52,2182.4,2182.4,2182.6,5,5,15
9:34:52,2182.4,2182.4,2182.6,4,4,12
9:34:53,2182.6,2182.6,2182.8,18,4,66
9:34:53,2182.6,2182.4,2182.6,5,4,6
9:34:54,2182.6,2182.4,2182.6,8,6,8
9:34:54,2182.6,2182.4,2182.6,2,9,6
9:34:55,2182.8,2182.4,2182.6,14,11,5
9:34:55,2182.6,2182.4,2182.6,2,11,8
9:34:56,2182.4,2182.4,2182.6,6,6,7
9:34:56,2182.4,2182.4,2182.6,6,4,8
9:34:57,2182.6,2182.4,2182.6,6,2,19
9:34:57,2182.6,2182.2,2182.4,6,21,2
9:34:58,2182.2,2182.2,2182.6,21,4,35
9:34:58,2182.4,2182,2182.6,11,76,37
9:34:59,2182.4,2182,2182.4,19,60,8
9:34:59,2182,2182.2,2182.4,11,1,9
9:35:00,2182.4,2182.2,2182.4,7,4,19
9:35:00,2182,2182.2,2182.4,58,2,35
9:35:01,2182.2,2181.8,2182.4,24,12,34
9:35:01,2181.8,2181.6,2181.8,20,40,2
9:35:02,2182.4,2182,2182.4,21,6,16
9:35:02,2181.6,2181.6,2182.2,11,31,26
9:35:03,2181.6,2181.6,2181.8,12,20,3
9:35:03,2181.6,2181.6,2181.8,18,7,2
9:35:04,2181.6,2181.4,2181.6,14,40,33
9:35:04,2181.4,2181.4,2181.6,3,39,38
9:35:05,2181.4,2181.4,2181.6,43,32,8
9:35:05,2181.6,2181.4,2181.6,9,38,3
9:35:06,2181.6,2181.4,2181.6,8,34,1
9:35:06,2181.4,2181.6,2181.8,9,8,4
9:35:07,2181.6,2181.6,2181.8,9,7,21
9:35:07,2181.6,2181.6,2181.8,5,14,20
9:35:08,2181.8,2181.6,2181.8,15,10,10
9:35:08,2181.6,2181.6,2181.8,5,10,7
9:35:09,2181.6,2181.8,2182,17,16,9
9:35:09,2181.8,2181.8,2182,6,12,9
9:35:10,2182,2181.8,2182,3,13,10
9:35:10,2182,2181.8,2182,6,14,18
9:35:11,2181.8,2181.6,2181.8,17,10,11
9:35:11,2181.8,2181.6,2181.8,3,10,12
9:35:12,2181.6,2181.6,2181.8,4,11,12
9:35:12,2181.8,2181.6,2181.8,1,13,13
9:35:13,2181.6,2181.6,2181.8,2,13,13
9:35:14,2181.8,2181.6,2181.8,10,9,17
9:35:14,2181.6,2181.4,2181.6,12,37,2
9:35:15,2181.4,2181.4,2181.6,23,15,9
9:35:15,2181.6,2181.4,2181.6,16,3,5
9:35:16,2181.4,2181.2,2181.4,16,142,16
9:35:16,2181.4,2181.2,2181.4,16,142,9
9:35:17,2181.4,2181.2,2181.4,6,161,7
9:35:17,2181.4,2181.4,2181.6,18,2,12
9:35:18,2181.6,2181.2,2181.6,7,159,5
9:35:18,2181.4,2181.4,2181.6,6,15,7
9:35:19,2181.4,2181.4,2181.6,9,10,7
9:35:19,2181.4,2181.2,2181.6,20,159,6
9:35:20,2181.6,2181.4,2181.6,1,8,6
9:35:20,2181.4,2181.4,2181.8,14,3,18
9:35:21,2181.4,2181.2,2181.8,5,161,18
9:35:21,2181.4,2181.4,2181.6,4,10,1
9:35:22,2181.4,2181.2,2181.4,24,163,5
9:35:22,2181.4,2181.4,2181.6,9,5,3
9:35:23,2181.6,2181.2,2181.6,11,161,2
9:35:23,2181.4,2181.2,2181.4,3,162,20
9:35:24,2181.2,2181.2,2181.4,2,161,20
9:35:24,2181.4,2181.2,2181.4,5,161,15
9:35:25,2181.2,2181.2,2181.4,10,156,12
9:35:25,2181.4,2181.4,2181.6,16,13,7
9:35:26,2181.2,2181.4,2181.6,21,1,3
9:35:26,2181.4,2181.2,2181.4,6,155,6
9:35:27,2181.4,2181.2,2181.4,7,155,5
9:35:27,2181.4,2181.4,2181.6,5,10,2
9:35:28,2181.4,2181.4,2181.6,3,9,3
9:35:28,2181.2,2181.2,2181.4,16,154,69
9:35:29,2181.4,2181.2,2181.4,5,154,83
9:35:29,2181.4,2181.2,2181.4,74,136,25
9:35:30,2181.4,2181.2,2181.4,99,41,21
9:35:30,2181.2,2181.2,2181.4,13,34,15
9:35:31,2181.2,2181.2,2181.4,38,6,10
9:35:31,2181.4,2181.2,2181.4,32,5,50
9:35:32,2181.4,2181.2,2181.4,11,2,42
9:35:32,2181.4,2181.2,2181.4,7,27,37
9:35:33,2181.2,2181.2,2181.4,10,22,33
9:35:33,2181.4,2181.2,2181.4,19,48,18
9:35:34,2181.4,2181.4,2181.6,22,61,15
9:35:34,2181.6,2181.6,2181.8,18,17,21
9:35:35,2181.8,2181.8,2182,23,19,19
9:35:36,2182,2181.8,2182,7,43,20
9:35:37,2182,2181.8,2182,4,27,22
9:35:37,2182,2181.8,2182,8,27,16
9:35:38,2182,2181.8,2182,5,26,15
9:35:38,2182,2181.8,2182,5,26,14
9:35:39,2181.8,2181.8,2182,4,25,11
9:35:39,2182,2181.8,2182,2,26,9
9:35:40,2182,2182,2182.2,15,1,7
9:35:40,2182,2181.8,2182,7,26,1
9:35:41,2181.8,2182,2182.2,5,10,12
9:35:41,2182,2182,2182.2,6,5,12
9:35:42,2182,2182,2182.2,3,12,15
9:35:42,2182,2182,2182.2,4,8,16
9:35:43,2182.2,2182,2182.2,6,9,14
9:35:43,2182,2182,2182.2,4,8,15
9:35:44,2182,2182,2182.2,15,4,11
9:35:44,2182,2181.8,2182,9,4,9
9:35:45,2182,2181.8,2182,7,3,7
9:35:45,2182,2181.8,2182,4,2,32
9:35:46,2182,2181.8,2182,5,1,28
9:35:46,2181.8,2181.6,2181.8,1,18,10
9:35:47,2181.8,2181.6,2181.8,6,17,6
9:35:47,2181.6,2181.6,2181.8,4,15,6
9:35:48,2182,2181.8,2182,13,1,24
9:35:48,2181.6,2181.6,2182,18,6,23
9:35:49,2182,2181.6,2182,1,6,24
9:35:49,2181.8,2181.6,2181.8,6,13,2
9:35:50,2182.2,2181.6,2182.2,38,14,9
9:35:50,2181.6,2181.6,2182,7,17,6
9:35:51,2181.6,2181.6,2182,7,14,4
9:35:51,2181.6,2181.8,2182,1,27,5
9:35:52,2181.8,2181.8,2182,4,27,5
9:35:52,2182,2181.8,2182,2,30,4
9:35:53,2182,2181.8,2182,2,31,3
9:35:53,2182.2,2181.8,2182.2,10,32,8
9:35:54,2182,2182,2182.2,1,11,8
9:35:55,2182,2182,2182.2,3,40,11
9:35:55,2182.2,2182,2182.2,13,32,10
9:35:56,2182.2,2182,2182.2,16,37,2
9:35:56,2182.2,2182.2,2182.4,10,1,13
9:35:57,2182.4,2182.2,2182.4,4,1,13
9:35:57,2182,2182,2182.4,10,22,17
9:35:58,2182.4,2182.2,2182.4,12,17,9
9:35:58,2182.4,2182.4,2182.6,15,4,51
9:35:59,2182.4,2182.2,2182.4,16,23,4
9:35:59,2182.4,2182.2,2182.4,3,27,6
9:36:00,2182.4,2182.2,2182.4,7,27,1
9:36:00,2182.2,2182.2,2182.4,25,18,3
9:36:01,2182,2182,2182.2,27,19,1
9:36:01,2182.2,2182,2182.2,19,28,23
9:36:02,2182.2,2182,2182.2,10,30,20
9:36:02,2182,2182,2182.2,6,26,20
9:36:03,2182,2182,2182.2,10,27,13
9:36:03,2182.2,2181.8,2182.2,18,35,6
9:36:04,2182.2,2182,2182.2,2,1,5
9:36:04,2182,2182,2182.2,5,2,6
9:36:05,2182.2,2182.2,2182.4,16,8,24
9:36:05,2182.2,2182.2,2182.4,7,4,24
9:36:06,2182.4,2182.2,2182.4,23,6,20
9:36:06,2182.4,2182.2,2182.4,3,7,21
9:36:07,2182.2,2182.2,2182.4,4,5,24
9:36:07,2182.2,2182,2182.2,6,10,8
9:36:08,2182.2,2182,2182.2,8,11,18
9:36:09,2182.4,2182.4,2182.6,46,18,57
9:36:09,2182.6,2182.4,2182.6,24,2,51
9:36:10,2182.4,2182.2,2182.4,4,5,20
9:36:10,2182.4,2182,2182.4,16,3,19
9:36:11,2182.4,2182.2,2182.4,21,1,5
9:36:11,2182.2,2182.2,2182.4,11,2,7
9:36:12,2182.4,2182.4,2182.6,10,44,52
9:36:12,2182.4,2182.4,2182.6,4,43,49
9:36:13,2182.8,2182.6,2182.8,79,16,52
9:36:13,2182.6,2182.6,2182.8,11,16,45
9:36:14,2182.8,2182.6,2182.8,39,17,14
9:36:14,2183,2182.8,2183,32,1,123
9:36:15,2183,2182.8,2183,109,1,26
9:36:15,2183.2,2182.8,2183.2,31,5,114
9:36:16,2183.2,2183,2183.2,9,19,110
9:36:16,2183.2,2183,2183.2,39,5,90
9:36:17,2183.2,2182.8,2183,25,3,33
9:36:17,2183,2182.6,2183,35,12,6
9:36:18,2182.8,2182.6,2182.8,45,1,1
9:36:18,2182.8,2182.6,2182.8,42,2,1
9:36:19,2182.8,2182.6,2182.8,8,11,1
9:36:19,2182.6,2182.8,2183,10,4,14
9:36:20,2183,2182.8,2183,7,11,6
9:36:20,2182.8,2182.8,2183,12,30,13
9:36:21,2182.8,2182.8,2183,20,15,10
9:36:21,2183,2183,2183.2,12,1,86
9:36:22,2182.8,2182.8,2183,18,13,3
9:36:22,2183,2183,2183.2,26,11,79
9:36:23,2183,2183,2183.2,5,14,80
9:36:23,2183,2183,2183.2,13,3,78
9:36:24,2183.2,2183,2183.2,5,3,80
9:36:24,2183.2,2183,2183.2,11,2,75
9:36:25,2183,2182.8,2183,25,26,23
9:36:25,2183,2182.8,2183,14,26,22
9:36:26,2183,2182.8,2183,25,23,9
9:36:26,2183.2,2182.8,2183.2,32,18,54
9:36:27,2183.2,2183,2183.2,24,12,46
9:36:27,2183.2,2183,2183.2,8,16,44
9:36:28,2183.2,2183,2183.2,20,16,37
9:36:28,2183,2182.8,2183,37,28,36
9:36:29,2182.8,2182.8,2183,17,35,52
9:36:29,2183,2182.8,2183,34,37,19
9:36:30,2182.8,2182.8,2183,8,36,19
9:36:30,2183,2182.8,2183,18,39,36
9:36:31,2182.8,2182.8,2183,31,21,27
9:36:31,2183,2182.8,2183,14,21,16
9:36:32,2182.8,2182.8,2183,24,2,14
9:36:32,2183,2182.8,2183,7,1,11
9:36:33,2182.8,2182.6,2182.8,4,16,7
9:36:33,2182.8,2182.8,2183,13,7,9
9:36:34,2183,2182.8,2183,2,9,9
9:36:34,2182.8,2182.8,2183,7,14,15
9:36:35,2183,2182.8,2183,3,12,17
9:36:35,2182.8,2182.8,2183,8,8,20
9:36:36,2182.8,2182.8,2183,4,4,24
9:36:36,2183,2182.6,2182.8,9,20,27
9:36:37,2182.6,2182.6,2182.8,3,19,32
9:36:37,2182.8,2182.6,2182.8,5,20,28
9:36:38,2182.8,2182.6,2182.8,3,20,27
9:36:38,2182.8,2182.6,2182.8,1,23,39
9:36:39,2182.8,2182.6,2182.8,8,21,35
9:36:39,2182.8,2182.6,2182.8,22,9,26
9:36:40,2182.8,2182.6,2182.8,6,13,26
9:36:40,2182.6,2182.6,2182.8,2,12,27
9:36:41,2182.8,2182.6,2182.8,3,17,25
9:36:41,2182.6,2182.6,2182.8,6,15,27
9:36:42,2182.6,2182.6,2182.8,9,9,25
9:36:42,2182.8,2182.6,2182.8,1,10,26
9:36:43,2182.6,2182.6,2182.8,2,9,35
9:36:43,2182.6,2182.4,2182.6,13,26,4
9:36:44,2182.6,2182.4,2182.6,4,27,7
9:36:45,2182.6,2182.4,2182.6,6,28,4
9:36:45,2182.6,2182.6,2182.8,8,1,49
9:36:46,2182.6,2182.6,2182.8,3,1,49
9:36:46,2182.8,2182.6,2182.8,4,1,47
9:36:47,2182.6,2182.6,2182.8,2,12,48
9:36:47,2182.6,2182.6,2182.8,15,20,45
9:36:48,2182.8,2182.6,2182.8,17,6,43
9:36:48,2182.6,2182.6,2182.8,15,1,37
9:36:49,2182.8,2182.6,2182.8,1,3,35
9:36:49,2182.8,2182.6,2182.8,1,3,35
9:36:50,2182.6,2182.4,2182.8,6,25,32
9:36:50,2182.8,2182.6,2182.8,5,1,33
9:36:51,2182.6,2182.6,2182.8,13,15,32
9:36:51,2182.6,2182.6,2182.8,6,9,33
9:36:52,2182.6,2182.6,2182.8,5,5,34
9:36:52,2182.6,2182.6,2182.8,1,6,34
9:36:53,2182.6,2182.6,2182.8,9,3,33
9:36:53,2182.6,2182.4,2182.6,5,26,2
9:36:54,2182.6,2182.4,2182.6,6,25,8
9:36:54,2182.6,2182.4,2182.6,14,25,12
9:36:55,2182.6,2182.4,2182.6,7,25,14
9:36:55,2182.6,2182.4,2182.6,28,11,2
9:36:56,2182.4,2182.4,2182.6,8,8,3
9:36:56,2182.4,2182.4,2182.6,6,5,10
9:36:57,2182.6,2182.4,2182.6,1,6,14
9:36:57,2182.4,2182.4,2182.6,9,1,13
9:36:58,2182.6,2182.2,2182.4,3,37,3
9:36:58,2182.2,2182.2,2182.4,8,37,1
9:36:59,2182.2,2182.2,2182.4,5,32,7
9:36:59,2182.2,2182.2,2182.4,11,28,1
9:37:00,2182.2,2182.2,2182.6,7,24,17
9:37:00,2182.2,2182.2,2182.6,20,4,19
9:37:01,2182.2,2182,2182.2,4,95,19
9:37:01,2182,2182,2182.2,42,67,5
9:37:02,2182,2182,2182.2,31,38,4
9:37:02,2182,2182,2182.2,6,35,3
9:37:03,2182,2181.8,2182,39,30,22
9:37:03,2181.8,2181.8,2182,26,17,37
9:37:04,2182,2181.8,2182,20,4,30
9:37:04,2182,2181.6,2181.8,10,36,4
9:37:05,2181.4,2181.4,2181.6,39,39,2
9:37:05,2181.6,2181.6,2181.8,21,5,18
9:37:06,2181.6,2181.6,2181.8,11,6,11
9:37:06,2181.6,2181.4,2181.6,15,40,17
9:37:07,2181.6,2181.4,2181.6,2,43,20
9:37:07,2181.6,2181.6,2181.8,24,12,11
9:37:08,2181.6,2181.4,2181.6,14,43,8
9:37:08,2181.6,2181.4,2181.6,9,37,5
9:37:09,2181.6,2181.6,2181.8,5,11,12
9:37:09,2181.8,2181.6,2181.8,2,11,12
9:37:10,2181.6,2181.6,2181.8,6,12,7
9:37:10,2181.6,2181.6,2181.8,3,19,11
9:37:11,2181.8,2181.6,2181.8,6,23,7
9:37:11,2181.6,2181.6,2181.8,9,18,2
9:37:12,2181.8,2181.6,2181.8,5,19,7
9:37:12,2181.8,2181.6,2181.8,5,19,2
9:37:13,2182,2182,2182.2,52,23,7
9:37:13,2182,2182,2182.2,3,23,7
9:37:14,2182,2182,2182.2,16,7,8
9:37:14,2182.2,2182.2,2182.4,12,11,32
9:37:15,2182.2,2182.2,2182.4,6,6,31
9:37:15,2182.2,2182.2,2182.4,5,2,46
9:37:16,2182.2,2182,2182.4,3,1,45
9:37:16,2182.4,2182.2,2182.4,10,1,36
9:37:17,2182.2,2182,2182.2,1,2,4
9:37:17,2182.2,2182,2182.2,1,6,26
9:37:18,2182.2,2182,2182.2,19,11,11
9:37:18,2182.2,2182,2182.2,4,6,10
9:37:19,2182,2182,2182.2,1,6,11
9:37:20,2182,2182,2182.2,8,3,15
9:37:21,2182,2181.8,2182,3,10,8
9:37:21,2181.8,2181.8,2182,8,7,7
9:37:22,2181.8,2181.8,2182,7,1,9
9:37:22,2181.8,2181.8,2182,17,4,4
9:37:23,2181.4,2181.4,2182,50,52,11
9:37:24,2181.8,2181.4,2181.8,7,38,5
9:37:24,2181.8,2181.6,2181.8,2,9,16
9:37:25,2181.8,2181.8,2182,27,6,14
9:37:25,2181.4,2181.4,2181.8,22,35,21
9:37:26,2181.4,2181.2,2181.4,61,61,3
9:37:26,2181.4,2181.4,2181.6,41,11,7
9:37:27,2181.4,2181.4,2181.6,31,6,9
9:37:27,2181.2,2181.2,2181.4,12,40,27
9:37:28,2181.2,2181.2,2181.4,29,34,43
9:37:28,2181.4,2181.2,2181.4,52,14,22
9:37:29,2181,2181,2181.2,16,123,4
9:37:29,2181.2,2181,2181.4,12,116,26
9:37:30,2181,2181,2181.2,85,33,1
9:37:30,2181,2180.8,2181,40,19,10
9:37:31,2180.6,2180.6,2180.8,38,12,3
9:37:31,2180.6,2180.6,2180.8,35,1,2
9:37:32,2180.6,2180.6,2180.8,17,7,4
9:37:32,2180.6,2180.6,2180.8,38,10,1
9:37:33,2180.8,2180.8,2181,23,28,23
9:37:33,2180.8,2180.6,2180.8,37,14,10
9:37:34,2180.6,2180.6,2180.8,21,3,7
9:37:34,2180.6,2180.4,2180.6,20,60,18
9:37:35,2180.6,2180.4,2180.6,16,57,11
9:37:35,2180.4,2180.4,2180.6,18,57,6
9:37:36,2180.4,2180.4,2180.8,56,66,17
9:37:36,2180.8,2180.6,2180.8,26,1,12
9:37:37,2180.6,2180.4,2180.6,38,31,16
9:37:37,2180.6,2180.6,2180.8,34,1,13
9:37:38,2180.4,2180.4,2180.6,15,30,12
9:37:38,2180.4,2180.4,2180.6,20,21,9
9:37:39,2180.6,2180.4,2180.6,22,23,15
9:37:39,2180.4,2180.2,2180.4,30,84,60
9:37:40,2180.2,2180.2,2180.4,88,56,11
9:37:40,2180,2180,2180.2,88,515,4
9:37:41,2180,2180,2180.4,70,500,14
9:37:41,2180.2,2180,2180.4,148,385,10
9:37:42,2180.2,2180.2,2180.4,60,20,10
9:37:42,2180,2180,2180.2,30,380,2
9:37:43,2180.2,2180.2,2180.4,205,1,1
9:37:43,2180,2180,2180.2,32,178,2
9:37:44,2180.2,2180.2,2180.4,25,2,10
9:37:44,2180,2180,2180.2,31,183,8
9:37:45,2180,2180,2180.2,40,166,11
9:37:45,2180,2180,2180.2,141,37,3
9:37:46,2180,2180,2180.2,39,9,7
9:37:46,2179.8,2179.8,2180,25,14,22
9:37:47,2180.2,2180.2,2180.4,81,32,22
9:37:47,2180.2,2180,2180.2,35,8,2
9:37:48,2180,2180,2180.2,69,17,35
9:37:48,2179.8,2179.8,2180.2,60,12,20
9:37:49,2180,2180,2180.2,16,2,35
9:37:49,2180,2179.8,2180,64,25,2
9:37:50,2179.8,2179.8,2180,18,42,4
9:37:50,2180,2180,2180.2,13,3,8
9:37:51,2180.2,2180.2,2180.4,41,27,26
9:37:51,2180.4,2180.2,2180.4,57,32,10
9:37:52,2180.2,2180.2,2180.4,15,28,1
9:37:52,2180.4,2180.2,2180.4,46,26,3
9:37:53,2180.2,2180.2,2180.4,32,29,4
9:37:53,2180.4,2180.4,2180.6,22,10,3
9:37:54,2180.6,2180.4,2180.6,11,60,22
9:37:54,2180.4,2180.4,2180.6,19,55,15
9:37:55,2180.6,2180.6,2180.8,17,4,9
9:37:55,2180.8,2180.6,2180.8,15,7,10
9:37:56,2180.6,2180.6,2180.8,41,2,30
9:37:56,2180.8,2180.4,2180.8,26,24,15
9:37:57,2180.8,2180.4,2180.8,14,29,7
9:37:57,2180.8,2180.4,2180.8,14,22,1
9:37:58,2180.8,2180.4,2181,8,18,23
9:37:58,2180.6,2180.4,2181,34,6,23
9:37:59,2180.8,2180.8,2181,12,4,25
9:37:59,2181,2180.4,2181,17,34,37
9:38:00,2180.4,2180.4,2181,18,41,36
9:38:00,2180.6,2180.6,2180.8,6,19,3
9:38:01,2180.8,2180.6,2180.8,18,7,5
9:38:01,2180.4,2180.4,2180.6,13,56,1
9:38:02,2180.6,2180.6,2181,28,8,28
9:38:02,2181,2180.6,2181,23,5,10
9:38:03,2181,2180.6,2181,15,33,4
9:38:03,2180.6,2180.8,2181,22,2,1
9:38:04,2181,2181,2181.2,3,40,1
9:38:04,2181.2,2181,2181.2,10,37,2
9:38:05,2181,2181,2181.2,13,34,9
9:38:05,2181.2,2181.2,2181.4,43,1,13
9:38:06,2181.2,2181,2181.4,11,2,12
9:38:06,2181.4,2180.8,2181.2,23,8,2
9:38:07,2181,2180.8,2181,2,12,36
9:38:07,2181,2180.8,2181,35,3,12
9:38:08,2181,2181,2181.2,25,27,7
9:38:08,2181,2181,2181.2,3,26,10
9:38:09,2181,2181,2181.2,2,26,9
