9:14:00,2305.4,2305.4,2305.6,415,10,1
9:15:00,2305.4,2305,2305.4,222,2,24
9:15:01,2305,2304.8,2305,88,5,56
9:15:01,2305,2305,2305.4,176,4,29
9:15:02,2305,2305,2305.4,114,2,32
9:15:02,2305.4,2305.4,2306,109,99,29
9:15:03,2305.8,2305.8,2306,56,15,16
9:15:03,2306.2,2306.2,2306.4,71,8,13
9:15:04,2306.4,2306.4,2306.6,80,2,5
9:15:04,2306.8,2306.8,2307,80,14,24
9:15:05,2307,2307,2307.2,100,2,11
9:15:05,2307.2,2307,2307.2,32,39,7
9:15:06,2307.2,2307,2307.4,100,32,35
9:15:06,2307.4,2307,2307.4,48,17,35
9:15:07,2307,2306.6,2307,63,4,32
9:15:07,2306.8,2306.6,2306.8,21,1,32
9:15:08,2306.6,2306.4,2306.6,25,4,41
9:15:08,2306.4,2306.4,2306.6,25,2,48
9:15:09,2306.4,2306,2306.4,24,62,36
9:15:09,2306.4,2306,2306.4,18,58,33
9:15:10,2306,2306,2306.4,39,30,30
9:15:10,2306,2306,2306.4,34,14,20
9:15:11,2306,2305.6,2306,32,34,16
9:15:11,2306,2305.6,2306,26,21,42
9:15:12,2305.4,2305.4,2305.8,51,78,4
9:15:12,2305.4,2305.4,2306,26,76,25
9:15:13,2305.4,2305.6,2305.8,53,3,8
9:15:13,2305.6,2305.6,2305.8,55,3,9
9:15:14,2305.4,2305.4,2305.6,20,23,2
9:15:14,2305.6,2305.2,2305.4,44,7,1
9:15:15,2305.2,2305,2305.2,22,34,13
9:15:15,2305.2,2305,2305.2,42,6,6
9:15:16,2305,2304.8,2305,48,3,6
9:15:16,2305,2304.8,2305,27,3,8
9:15:17,2304.8,2304.2,2304.8,12,21,11
9:15:17,2304.4,2304.4,2304.8,30,28,16
9:15:18,2304.2,2304.2,2304.4,65,25,2
9:15:18,2304,2303.8,2304,94,1,38
9:15:19,2303.6,2303.6,2303.8,74,15,41
9:15:19,2303.6,2303.4,2303.6,34,52,5
9:15:20,2303.6,2303.6,2303.8,25,4,18
9:15:20,2303.6,2303.8,2304.2,67,10,48
9:15:21,2304,2304,2304.2,55,53,20
9:15:21,2304.2,2304.2,2304.8,71,23,17
9:15:22,2304.8,2304.2,2304.8,19,43,26
9:15:22,2304.8,2304.8,2305,47,17,65
9:15:23,2304.8,2304.4,2304.6,23,2,3
9:15:23,2305,2304.8,2305,15,3,71
9:15:24,2304.8,2304.4,2304.8,21,6,2
9:15:24,2304.4,2304.4,2304.8,50,12,2
9:15:25,2304.4,2304.6,2304.8,5,2,10
9:15:25,2304.6,2304.6,2304.8,8,2,6
9:15:26,2304.8,2304.8,2305,9,4,25
9:15:26,2304.4,2304.2,2304.4,73,21,11
9:15:27,2303.8,2303.8,2304,120,11,3
9:15:27,2303.8,2303.8,2304,21,5,9
9:15:28,2303.8,2303.6,2303.8,30,9,6
9:15:28,2304.6,2303.8,2304.6,22,3,15
9:15:29,2304.4,2304.2,2304.4,21,1,19
9:15:29,2304.6,2304.4,2304.8,57,4,7
9:15:30,2304.4,2304.4,2304.8,7,4,8
9:15:30,2304.2,2304.6,2304.8,11,30,11
9:15:31,2305,2305,2305.2,43,25,3
9:15:31,2305,2305,2305.4,30,4,12
9:15:32,2305.4,2305.2,2305.4,23,39,1
9:15:32,2305.2,2305.2,2305.6,17,25,21
9:15:33,2305.2,2305.2,2305.6,18,24,19
9:15:33,2305.2,2305.2,2305.6,6,20,19
9:15:34,2305.2,2305.2,2305.4,10,21,7
9:15:34,2305.2,2305.2,2305.6,12,18,19
9:15:35,2305.2,2305.2,2305.6,5,15,19
9:15:35,2305.2,2305.2,2305.6,11,5,19
9:15:36,2305.2,2305,2305.2,33,89,1
9:15:36,2305.2,2305,2305.2,13,89,2
9:15:37,2305.2,2305.2,2305.4,17,13,21
9:15:37,2305.2,2305.2,2305.4,14,17,19
9:15:38,2305.2,2305.2,2305.4,15,16,15
9:15:38,2305.4,2305.4,2305.6,20,2,27
9:15:39,2305.4,2305.4,2305.6,5,17,30
9:15:39,2305.4,2305.4,2305.6,15,7,26
9:15:40,2305.4,2305.2,2305.4,13,18,6
9:15:40,2305.4,2305.2,2305.4,32,39,9
9:15:41,2305.2,2305.2,2305.4,16,31,17
9:15:41,2305.4,2305.2,2305.4,21,27,2
9:15:42,2305.4,2305.2,2305.4,7,23,5
9:15:42,2305.6,2305.4,2305.6,12,64,33
9:15:43,2305.4,2305.4,2305.6,5,61,34
9:15:43,2305.4,2305.4,2305.6,29,46,20
9:15:44,2305.6,2305.4,2305.6,15,39,14
9:15:44,2305.6,2305.4,2305.6,5,41,10
9:15:45,2305.6,2305.4,2305.6,44,1,11
9:15:45,2305.6,2305.2,2305.6,48,21,4
9:15:46,2305.4,2305.4,2305.6,17,8,9
9:15:46,2305.4,2305.4,2305.6,17,6,4
9:15:47,2305.4,2305.4,2305.6,11,2,13
9:15:47,2305.4,2305.2,2305.4,4,20,46
9:15:48,2305.4,2305.2,2305.4,1,22,82
9:15:48,2305.2,2305,2305.2,39,109,36
9:15:49,2305,2305,2305.2,54,66,62
9:15:49,2305,2305,2305.2,59,12,73
9:15:50,2305.2,2304.8,2305,77,3,1
9:15:50,2304.8,2304.8,2305,26,9,12
9:15:51,2304.8,2304.6,2304.8,17,35,38
9:15:51,2304.6,2304.6,2304.8,12,34,46
9:15:52,2304.8,2304.6,2304.8,32,11,38
9:15:52,2304.8,2304.6,2304.8,40,6,8
9:15:53,2304.8,2304.4,2304.6,21,2,1
9:15:53,2304.6,2304.6,2304.8,7,2,3
9:15:54,2304.4,2304.6,2304.8,9,1,3
9:15:54,2304.4,2304.4,2304.6,13,9,9
9:15:55,2304.6,2304.4,2304.6,6,9,7
9:15:55,2304.6,2304.4,2304.6,3,8,11
9:15:56,2304.4,2304.4,2304.6,3,6,12
9:15:56,2304.8,2304.4,2304.8,28,3,1
9:15:57,2304,2304,2304.4,40,48,29
9:15:57,2304.4,2304.2,2304.4,19,3,14
9:15:58,2304.2,2304.2,2304.4,7,10,9
9:15:58,2304.2,2304.2,2304.4,9,3,8
9:15:59,2304.2,2304.2,2304.4,2,11,16
9:15:59,2304.4,2304.4,2304.6,21,5,10
9:16:00,2304.6,2304.4,2304.8,25,5,1
9:16:00,2304.8,2304.6,2304.8,50,1,4
9:16:01,2304.8,2304.8,2305,37,1,16
9:16:01,2304.4,2304,2304.4,19,67,2
9:16:02,2304.8,2304.4,2304.8,10,1,28
9:16:02,2304.4,2304.4,2304.6,19,6,3
9:16:03,2304.6,2304.6,2304.8,59,1,22
9:16:03,2304.4,2304.2,2304.4,12,33,5
9:16:04,2304.4,2304.2,2304.4,5,32,2
9:16:04,2304.4,2304.4,2304.6,10,3,2
9:16:05,2304.6,2304.6,2304.8,23,7,18
9:16:05,2304.8,2304.6,2304.8,6,7,13
9:16:06,2304.8,2304.6,2304.8,4,17,17
9:16:06,2304.6,2304.4,2304.6,34,7,21
9:16:07,2304.4,2304.2,2304.4,27,25,9
9:16:07,2304.4,2304.2,2304.4,3,25,12
9:16:08,2304.6,2304.4,2304.6,22,34,2
9:16:08,2304.8,2304.6,2304.8,20,2,9
9:16:09,2304.6,2304.6,2304.8,4,1,10
9:16:09,2304.8,2304.6,2304.8,8,3,4
9:16:10,2304.8,2304.6,2304.8,3,10,4
9:16:10,2304.8,2304.6,2304.8,2,9,14
9:16:11,2304.6,2304.4,2304.6,11,39,7
9:16:11,2304.6,2304.6,2304.8,13,12,19
9:16:12,2304.6,2304.6,2304.8,1,12,26
9:16:12,2304.4,2304.6,2304.8,31,1,19
9:16:13,2304.6,2304.4,2304.6,2,42,1
9:16:13,2304.8,2304.4,2304.8,8,57,17
9:16:14,2304.8,2304.6,2304.8,16,1,12
9:16:14,2304.6,2304.6,2304.8,1,11,22
9:16:15,2304.6,2304.6,2304.8,16,18,15
9:16:15,2304.6,2304.6,2304.8,9,17,7
9:16:16,2304.8,2304.6,2304.8,8,13,3
9:16:16,2304.6,2304.6,2304.8,5,10,1
9:16:17,2304.8,2304.6,2304.8,1,10,3
9:16:17,2304.6,2304.6,2304.8,9,4,1
9:16:18,2304.6,2304.6,2304.8,2,1,2
9:16:18,2304.8,2304.4,2304.6,6,56,7
9:16:19,2304.8,2304.8,2305,33,17,40
9:16:19,2304.8,2304.4,2304.8,19,57,9
9:16:20,2304.4,2304.6,2304.8,14,2,8
9:16:20,2304.6,2304.4,2304.6,8,55,1
9:16:21,2304.6,2304.6,2304.8,3,22,4
9:16:21,2304.6,2304.6,2304.8,5,20,4
9:16:22,2304.6,2304.6,2304.8,3,21,5
9:16:22,2304.8,2304.6,2304.8,5,21,1
9:16:23,2304.8,2304.6,2305,2,23,43
9:16:23,2304.6,2304.4,2304.6,30,62,39
9:16:24,2304.6,2304.4,2304.6,7,61,34
9:16:24,2304.6,2304.4,2304.6,6,59,30
9:16:25,2304.6,2304.4,2304.6,25,56,9
9:16:25,2304.6,2304.4,2305,16,49,38
9:16:26,2304.8,2304.6,2304.8,20,2,6
9:16:26,2304.6,2304.6,2305,34,1,25
9:16:27,2304.8,2304.8,2305,3,9,27
9:16:27,2305,2304.8,2305,4,9,25
9:16:28,2304.8,2304.8,2305,12,6,17
9:16:28,2305,2304.8,2305,7,8,10
9:16:29,2305,2305,2305.2,11,31,64
9:16:29,2305.2,2305,2305.2,21,13,62
9:16:30,2305.2,2305,2305.2,5,17,57
9:16:30,2305.2,2305,2305.2,18,18,41
9:16:31,2305.2,2305,2305.2,3,17,39
9:16:31,2305,2305,2305.2,39,10,6
9:16:32,2305.2,2305.2,2305.4,37,5,51
9:16:32,2305.2,2305.2,2305.4,2,6,51
9:16:33,2305.2,2305.2,2305.4,4,3,52
9:16:33,2305.4,2305.4,2305.6,53,17,37
9:16:34,2305.4,2305.4,2305.6,4,44,36
9:16:34,2305.4,2305.4,2305.6,4,43,35
9:16:35,2305.4,2305.4,2305.6,70,27,1
9:16:35,2305.6,2305.6,2306,17,37,24
9:16:36,2305.6,2305.6,2306,6,52,24
9:16:36,2306,2305.8,2306,7,2,22
9:16:37,2306,2305.8,2306,22,1,4
9:16:37,2305.8,2305.6,2306,15,66,5
9:16:38,2306.2,2306,2306.2,14,5,7
9:16:38,2305.8,2305.6,2305.8,29,66,5
9:16:39,2305.8,2305.6,2305.8,8,70,49
9:16:39,2305.8,2305.6,2305.8,5,67,47
9:16:40,2305.8,2305.6,2305.8,15,66,46
9:16:40,2306,2305.8,2306,49,7,7
9:16:41,2306,2305.8,2306,5,4,8
9:16:41,2306,2305.8,2306,4,7,10
9:16:42,2306,2305.8,2306,8,9,6
9:16:42,2306,2306,2306.2,18,8,7
9:16:43,2306.2,2306,2306.2,3,18,5
9:16:43,2306.2,2306,2306.2,2,29,6
9:16:44,2306.2,2306.2,2306.4,7,1,12
9:16:44,2306.2,2306.2,2306.4,1,4,12
9:16:45,2306.2,2306,2306.2,8,20,2
9:16:45,2306,2306,2306.2,3,21,2
9:16:46,2306.2,2306.2,2306.4,14,2,1
9:16:46,2306.6,2306.4,2306.6,12,7,40
9:16:47,2306.4,2306.4,2306.6,14,1,40
9:16:47,2306.4,2306.4,2306.6,12,3,37
9:16:48,2306.2,2306,2306.6,8,22,36
9:16:48,2306.6,2306.4,2306.6,25,2,14
9:16:49,2306.4,2306.4,2306.6,3,2,13
9:16:49,2306.6,2306.4,2306.6,10,4,7
9:16:50,2306.8,2306.8,2307,59,9,36
9:16:50,2306.8,2306.8,2307,23,47,17
9:16:51,2307.2,2307,2307.2,24,29,12
9:16:51,2307.2,2307.2,2307.4,14,7,19
9:16:52,2307.4,2307.2,2307.4,15,6,16
9:16:52,2307.4,2307.2,2307.4,10,3,19
9:16:53,2307.2,2307,2307.2,9,16,58
9:16:53,2307.2,2306.8,2307,35,38,10
9:16:54,2307,2306.8,2307,19,26,17
9:16:54,2307,2306.8,2307,29,13,30
9:16:55,2307,2306.8,2307,13,7,33
9:16:55,2306.6,2306.4,2306.6,45,3,4
9:16:56,2307,2306.6,2306.8,9,1,6
9:16:56,2306.8,2306.6,2306.8,15,2,8
9:16:57,2306.6,2306.6,2306.8,3,7,9
9:16:57,2306.8,2306.6,2306.8,6,7,6
9:16:58,2306.8,2306.6,2306.8,4,8,3
9:16:58,2306.6,2306.6,2306.8,15,3,4
9:16:59,2306.6,2306.4,2306.8,4,19,5
9:16:59,2306.8,2306.8,2307,9,6,59
9:17:00,2307,2306.6,2307,17,1,57
9:17:01,2306.6,2306.4,2306.6,9,51,1
9:17:01,2306.8,2306.6,2306.8,41,1,4
9:17:02,2306.6,2306.6,2306.8,13,7,9
9:17:02,2306.6,2306.6,2306.8,7,3,9
9:17:03,2306.6,2306.6,2306.8,6,3,9
9:17:03,2306.6,2306.6,2306.8,4,1,7
9:17:04,2306.6,2306.6,2306.8,3,1,8
9:17:04,2306.6,2306.6,2306.8,5,2,7
9:17:05,2306.6,2306.4,2306.6,3,51,7
9:17:05,2306.6,2306.6,2306.8,10,3,6
9:17:06,2307,2306.6,2307,35,1,34
9:17:06,2306.6,2306.6,2306.8,23,5,2
9:17:07,2306.6,2306.6,2306.8,3,9,2
9:17:07,2306.8,2306.8,2307,15,2,26
9:17:08,2307,2306.8,2307,19,1,21
9:17:08,2306.8,2306.8,2307,6,2,22
9:17:09,2306.8,2306.8,2307,9,13,17
9:17:09,2307,2307,2307.2,40,30,14
9:17:10,2307.2,2307.2,2307.4,18,5,10
9:17:10,2307.4,2307.2,2307.4,9,12,1
9:17:11,2307.4,2307.4,2307.6,18,5,17
9:17:11,2307.4,2307.2,2307.4,26,1,6
9:17:12,2307.2,2307,2307.6,11,12,14
9:17:12,2307.4,2307,2307.2,10,13,4
9:17:13,2307,2307,2307.2,11,9,8
9:17:13,2307.4,2307.4,2307.6,21,8,38
9:17:14,2307.6,2307.2,2307.4,52,4,4
9:17:14,2307.4,2307.2,2307.4,3,2,5
9:17:15,2307.4,2307.2,2307.4,18,7,2
9:17:15,2307.2,2307.2,2307.4,11,7,3
9:17:16,2307.6,2307.2,2307.6,11,8,1
9:17:16,2307.4,2307.2,2307.4,3,6,1
9:17:17,2307.4,2307.4,2307.6,5,18,1
9:17:17,2307.6,2307.4,2307.8,14,14,28
9:17:18,2307.4,2307.4,2307.8,4,12,26
9:17:18,2307.4,2307.4,2307.6,3,18,5
9:17:19,2307.6,2307.6,2307.8,11,18,27
9:17:19,2307.8,2307.8,2308,27,1,122
9:17:20,2308,2307.6,2308,13,33,112
9:17:20,2307.8,2307.6,2307.8,17,30,1
9:17:21,2307.8,2307.8,2308,22,2,95
9:17:21,2308,2307.8,2308,45,31,77
9:17:22,2308,2307.8,2308,11,64,90
9:17:22,2308,2307.8,2308,50,56,49
9:17:23,2308,2307.8,2308,39,56,12
9:17:23,2308.2,2308,2308.2,23,8,2
9:17:24,2308.2,2308,2308.2,9,3,14
9:17:24,2308.2,2307.8,2308,21,56,1
9:17:25,2308,2307.8,2308,56,12,21
9:17:25,2307.8,2307.6,2307.8,30,26,53
9:17:26,2307.4,2307.4,2307.8,37,27,67
9:17:26,2307.6,2307.4,2307.6,16,18,19
9:17:27,2307.4,2307.4,2307.6,2,23,17
9:17:27,2307.8,2307.4,2307.6,31,24,9
9:17:28,2307.4,2307.4,2307.6,9,17,8
9:17:28,2307.6,2307.6,2307.8,32,1,37
9:17:29,2307.8,2307.6,2307.8,4,6,34
9:17:30,2307.4,2307.4,2307.8,20,23,14
9:17:30,2307.6,2307.4,2307.6,7,24,4
9:17:31,2307.6,2307.4,2307.6,8,20,1
9:17:31,2307.4,2307.2,2307.4,23,15,26
9:17:32,2307.2,2307.2,2307.4,4,21,31
9:17:32,2307.2,2307.2,2307.4,5,17,31
9:17:33,2307.2,2307.2,2307.4,7,12,32
9:17:33,2307.2,2307,2307.4,12,18,34
9:17:34,2307,2306.8,2307,22,12,30
9:17:34,2307,2306.8,2307,7,10,79
9:17:35,2306.8,2306.8,2307,33,5,58
9:17:35,2306.8,2306.6,2306.8,11,26,2
9:17:36,2306.6,2306.6,2306.8,5,22,2
9:17:36,2307,2306.8,2307,10,13,57
9:17:37,2306.8,2306.8,2307,54,11,13
9:17:37,2307,2306.8,2307,13,25,2
9:17:38,2307,2307,2307.2,4,1,1
9:17:38,2307,2306.8,2307,26,2,6
9:17:39,2307,2307,2307.2,10,9,2
9:17:39,2307,2307,2307.2,1,9,2
9:17:40,2306.8,2306.8,2307,10,1,8
9:17:40,2307,2306.8,2307,4,1,7
9:17:41,2307.2,2307.2,2307.4,13,8,37
9:17:41,2307.2,2307.2,2307.4,7,4,37
9:17:42,2307.2,2307,2307.2,6,1,9
9:17:42,2307.2,2307,2307.2,1,1,14
9:17:43,2307.2,2307,2307.2,4,1,11
9:17:43,2307,2306.8,2307.2,3,6,11
9:17:44,2306.8,2306.6,2306.8,21,7,18
9:17:45,2306.8,2306.6,2306.8,8,2,16
9:17:45,2306.8,2306.6,2306.8,11,1,9
9:17:46,2307,2307,2307.2,29,14,14
9:17:46,2307,2307,2307.2,9,5,15
9:17:47,2307.2,2307,2307.2,6,5,19
9:17:47,2307,2307,2307.2,3,6,20
9:17:48,2307,2307,2307.2,3,8,19
9:17:48,2307,2306.8,2307,13,13,3
9:17:49,2306.8,2306.8,2307,5,9,2
9:17:49,2306.8,2306.8,2307,3,6,3
9:17:50,2306.8,2306.8,2307,4,4,4
9:17:50,2306.8,2306.8,2307,4,1,7
9:17:51,2307,2306.6,2306.8,6,2,10
9:17:51,2306.6,2306.6,2306.8,4,1,9
9:17:52,2306.8,2306.4,2306.6,23,31,1
9:17:52,2306.6,2306.4,2306.6,3,31,1
9:17:53,2306.6,2306.6,2306.8,3,18,6
9:17:53,2306.6,2306.6,2306.8,6,12,6
9:17:54,2306.8,2306.6,2306.8,10,46,2
9:17:54,2306.6,2306.6,2306.8,3,43,2
9:17:55,2306.6,2306.6,2307,6,42,6
9:17:55,2306.6,2306.8,2307,3,4,8
9:17:56,2306.6,2306.8,2307,2,23,11
9:17:56,2306.8,2306.8,2307,9,16,12
9:17:57,2306.8,2306.8,2307,2,15,12
9:17:57,2306.8,2306.8,2307,7,8,13
9:17:58,2306.8,2306.8,2307,5,6,12
9:17:58,2306.8,2306.6,2306.8,6,49,1
9:17:59,2306.6,2306.6,2306.8,3,47,1
9:17:59,2306.6,2306.6,2307,2,46,23
9:18:00,2307,2306.6,2306.8,2,47,1
9:18:00,2307,2306.6,2307,5,45,21
9:18:01,2307,2306.6,2307,2,45,21
9:18:01,2306.6,2306.6,2307,5,44,18
9:18:02,2306.6,2306.6,2307,14,35,18
9:18:02,2306.6,2306.8,2307,1,1,18
9:18:03,2307,2306.6,2307,35,15,5
9:18:04,2306.6,2306.8,2307,3,1,26
9:18:04,2306.8,2306.6,2306.8,2,17,6
9:18:05,2307,2306.6,2307,31,18,2
9:18:06,2306.6,2306.4,2306.6,24,39,11
9:18:06,2306.6,2306.4,2306.6,10,39,2
9:18:07,2306.8,2306.4,2306.6,3,39,5
9:18:07,2306.6,2306.4,2306.6,7,39,3
9:18:08,2306.6,2306.6,2306.8,9,5,4
9:18:08,2306.6,2306.4,2306.6,5,38,3
9:18:09,2306.8,2306.4,2306.8,7,38,8
9:18:09,2307,2306.4,2307,3,37,15
9:18:10,2306.4,2306.6,2307,36,3,18
9:18:10,2306.4,2306.4,2306.6,6,11,1
9:18:11,2306.8,2306.4,2306.8,6,10,9
9:18:12,2306.6,2306.4,2306.6,3,11,21
9:18:12,2306.4,2306.4,2306.6,8,4,21
9:18:13,2306.6,2306.4,2306.6,2,3,19
9:18:13,2306.6,2306.6,2306.8,19,1,29
9:18:14,2306.6,2306.4,2306.8,1,3,30
9:18:14,2306.6,2306.4,2306.8,3,6,24
9:18:15,2306.6,2306.4,2306.8,1,8,24
9:18:15,2306.4,2306.4,2306.8,3,9,29
9:18:16,2306.8,2306.2,2306.8,21,44,18
9:18:16,2306.4,2306.4,2306.6,6,4,20
9:18:17,2306.4,2306.2,2306.4,47,41,16
9:18:17,2306.2,2306.2,2306.4,3,38,18
9:18:18,2306.2,2306.2,2306.4,4,77,15
9:18:19,2306.4,2306.4,2306.8,15,4,19
9:18:19,2306.2,2306.2,2306.8,11,74,18
9:18:20,2306.4,2306.4,2306.6,2,5,1
9:18:20,2306.6,2306.4,2306.8,1,14,20
9:18:21,2306.4,2306.4,2306.8,1,32,20
9:18:21,2306.6,2306.6,2306.8,1,1,20
9:18:22,2306.8,2306.4,2306.8,15,39,6
9:18:23,2306.4,2306.8,2307,9,1,16
9:18:23,2307,2306.6,2307,6,22,13
9:18:24,2306.6,2306.6,2307,4,67,12
9:18:25,2306.8,2306.8,2307,3,7,10
9:18:25,2307,2306.8,2307,3,7,8
9:18:26,2307,2306.8,2307,4,7,7
9:18:26,2306.8,2306.8,2307,3,17,7
9:18:27,2306.8,2306.8,2307,2,16,7
9:18:28,2306.8,2306.8,2307,6,1,10
9:18:28,2306.8,2306.8,2307,3,2,9
9:18:29,2307,2307,2307.2,14,23,15
9:18:29,2307,2307,2307.2,15,11,24
9:18:30,2307,2306.8,2307.2,11,2,24
9:18:30,2307,2306.8,2307,2,3,8
9:18:31,2306.8,2306.8,2307,2,2,7
9:18:31,2307,2306.8,2307,6,1,3
9:18:32,2307,2307,2307.2,3,1,28
9:18:33,2307,2306.8,2307.2,4,3,26
9:18:33,2306.8,2306.8,2307,1,2,3
9:18:34,2306.8,2306.8,2307,3,10,3
9:18:35,2306.8,2306.8,2307,6,6,31
9:18:36,2306.8,2306.8,2307,4,4,29
9:18:36,2307,2306.8,2307,2,4,28
9:18:37,2307,2306.8,2307,2,3,31
9:18:38,2307,2306.6,2307,10,14,27
9:18:38,2307,2306.6,2306.8,1,15,8
9:18:39,2306.6,2306.6,2306.8,1,16,9
9:18:39,2306.8,2306.6,2306.8,8,21,1
9:18:40,2307,2306.6,2307,2,21,27
9:18:40,2307,2306.6,2307,13,10,27
9:18:41,2307,2306.8,2307,1,1,26
9:18:42,2307,2306.8,2307,4,4,22
9:18:43,2307,2306.8,2307,2,7,21
9:18:44,2306.8,2306.8,2307,2,5,21
9:18:44,2306.8,2306.8,2307,1,4,26
9:18:45,2306.8,2306.8,2307,1,5,27
9:18:46,2306.8,2306.8,2307,4,3,25
9:18:46,2307,2306.8,2307,1,3,24
9:18:47,2306.8,2306.8,2307,4,1,22
9:18:47,2307,2306.8,2307,3,1,21
9:18:48,2306.8,2306.6,2307,1,41,21
9:18:48,2307,2306.6,2307,1,40,20
9:18:49,2307,2306.8,2307,1,1,29
9:18:50,2307,2306.8,2307,1,3,28
9:18:51,2307,2306.8,2307,3,7,25
9:18:51,2307,2306.8,2307,1,7,24
9:18:52,2306.8,2306.8,2307,1,8,14
9:18:52,2307,2306.8,2307,6,8,8
9:18:53,2307,2306.8,2307,7,10,3
9:18:54,2306.8,2306.8,2307,4,27,1
9:18:54,2307,2307,2307.2,4,1,26
9:18:55,2307,2307,2307.2,2,5,26
9:18:56,2307,2307,2307.2,1,5,26
9:18:56,2307.2,2307,2307.2,5,3,24
9:18:57,2307,2307,2307.2,1,6,24
9:18:58,2307,2307,2307.2,5,7,20
9:18:58,2307,2307,2307.2,5,5,18
9:18:59,2307.2,2307,2307.2,2,4,17
9:18:59,2307.2,2307,2307.2,2,7,15
9:19:00,2307.2,2307.2,2307.4,18,1,53
9:19:00,2307.2,2307,2307.4,1,5,53
9:19:01,2307.4,2307.2,2307.4,6,1,47
9:19:01,2307,2307,2307.4,13,12,39
9:19:02,2307.4,2307,2307.2,1,12,4
9:19:02,2307.2,2307.2,2307.4,4,3,38
9:19:03,2307.4,2307.2,2307.4,2,5,36
9:19:03,2307.2,2307.2,2307.4,2,7,36
9:19:04,2307.4,2307.2,2307.4,1,8,36
9:19:05,2307.4,2307.4,2307.6,36,68,27
9:19:06,2307.8,2307.6,2307.8,39,22,14
9:19:06,2307.8,2307.6,2308,15,19,35
9:19:07,2308,2307.8,2308,7,4,28
9:19:07,2307.8,2307.6,2307.8,9,19,31
9:19:08,2307.8,2307.6,2307.8,11,19,21
9:19:08,2307.8,2307.6,2307.8,10,1,13
9:19:09,2307.4,2307.4,2307.8,19,62,13
9:19:10,2307.4,2307.4,2307.6,4,61,10
9:19:10,2307.6,2307.4,2307.6,6,61,4
9:19:11,2307.6,2307.4,2307.6,4,59,5
9:19:11,2307.4,2307.4,2307.6,13,53,1
9:19:12,2307.8,2307.6,2307.8,9,18,10
9:19:12,2307.6,2307.6,2307.8,6,15,9
9:19:13,2307.6,2307.6,2307.8,18,5,14
9:19:13,2307.6,2307.6,2307.8,2,11,15
9:19:14,2307.6,2307.6,2307.8,4,8,15
9:19:14,2307.6,2307.6,2307.8,1,27,16
9:19:15,2307.6,2307.6,2307.8,2,31,16
9:19:15,2307.8,2307.6,2307.8,12,28,8
9:19:16,2307.6,2307.6,2307.8,3,28,26
9:19:16,2307.6,2307.6,2307.8,3,25,26
9:19:17,2307.8,2307.6,2307.8,23,6,24
9:19:17,2307.8,2307.6,2307.8,5,3,24
9:19:18,2307.6,2307.6,2307.8,3,1,24
9:19:18,2307.6,2307.6,2307.8,3,3,29
9:19:19,2307.6,2307.4,2307.6,7,54,14
9:19:19,2307.6,2307.4,2307.6,1,54,13
9:19:20,2307.6,2307.4,2307.6,47,17,3
9:19:20,2307.4,2307.4,2307.6,2,16,6
9:19:21,2307.6,2307.4,2307.6,12,21,27
9:19:21,2307.4,2307.4,2307.6,6,20,28
9:19:22,2307.6,2307.4,2307.6,5,16,23
9:19:23,2307.6,2307.4,2307.6,1,15,27
9:19:23,2307.4,2307.4,2307.6,11,7,29
9:19:24,2307.6,2307.4,2307.6,4,6,27
9:19:24,2307.6,2307.4,2307.6,23,8,5
9:19:26,2307.6,2307.4,2307.6,2,7,5
9:19:26,2307.4,2307.4,2307.6,4,9,2
9:19:27,2307.6,2307.6,2307.8,4,1,24
9:19:27,2307.6,2307.4,2307.8,3,10,27
9:19:28,2307.6,2307.6,2307.8,1,1,32
9:19:28,2307.6,2307.6,2307.8,3,21,34
9:19:29,2307.8,2307.6,2307.8,3,21,31
9:19:29,2307.6,2307.6,2307.8,20,19,13
9:19:30,2307.8,2307.6,2307.8,14,17,3
9:19:30,2307.8,2307.8,2308,4,2,89
9:19:31,2307.4,2307.8,2308,31,1,90
9:19:31,2307.8,2307.6,2307.8,9,8,12
9:19:32,2307.8,2307.6,2307.8,1,9,12
9:19:33,2307.6,2307.4,2307.6,10,4,5
9:19:34,2307.6,2307.4,2307.6,5,3,2
9:19:35,2307.6,2307.4,2307.6,1,3,1
9:19:35,2307.6,2307.4,2307.8,2,3,37
9:19:36,2307.8,2307.4,2307.6,1,3,7
9:19:36,2307.4,2307.2,2307.4,6,24,14
9:19:37,2307.2,2307.2,2307.4,6,22,19
9:19:37,2307.4,2307.2,2307.4,18,23,6
9:19:38,2307.2,2307.2,2307.4,35,18,1
9:19:38,2307.4,2307.2,2307.4,2,19,3
9:19:39,2307.6,2307.4,2307.6,4,8,12
9:19:39,2307.4,2307.4,2307.6,5,4,12
9:19:40,2307.4,2307.4,2307.6,3,6,12
9:19:40,2307.6,2307.4,2307.6,7,1,15
9:19:41,2307.4,2307.2,2307.6,2,22,17
9:19:42,2307.6,2307.2,2307.4,20,22,1
9:19:42,2307.6,2307.2,2307.6,1,29,2
9:19:43,2307.6,2307.2,2307.6,2,29,1
9:19:44,2307.8,2307.4,2307.8,5,9,61
9:19:45,2307.4,2307.6,2307.8,1,1,62
9:19:45,2307.4,2307.4,2307.6,4,7,2
9:19:46,2307.4,2307.4,2307.6,4,11,2
9:19:47,2307.6,2307.4,2307.8,4,14,63
9:19:47,2307.4,2307.4,2307.6,2,14,10
9:19:48,2307.8,2307.6,2307.8,13,2,59
9:19:49,2307.6,2307.6,2307.8,1,1,60
9:19:49,2307.4,2307.4,2307.6,6,15,1
9:19:50,2307.4,2307.4,2307.6,1,15,2
9:19:50,2307.6,2307.4,2307.8,4,15,59
9:19:51,2307.8,2307.4,2307.8,15,5,59
9:19:51,2307.8,2307.4,2307.6,1,5,3
9:19:52,2307.8,2307.4,2307.8,11,5,50
9:19:52,2307.4,2307.2,2307.4,8,31,12
9:19:53,2307.2,2307.2,2307.4,11,30,2
9:19:53,2307.4,2307.2,2307.4,1,30,1
9:19:54,2307.8,2307.2,2307.4,3,29,1
9:19:54,2307.4,2307.2,2307.6,4,29,1
9:19:55,2307.2,2307.4,2307.6,1,3,1
9:19:55,2307.2,2307.2,2307.4,3,29,1
9:19:56,2307.2,2307.4,2307.6,3,1,6
9:19:56,2307.4,2307.2,2307.6,8,28,9
9:19:57,2307.2,2307.2,2307.4,1,27,3
9:19:57,2307.4,2307.2,2307.4,1,28,2
9:19:58,2307.2,2307.2,2307.6,5,25,16
9:19:59,2307.4,2307.4,2307.6,1,11,16
9:20:00,2307.4,2307.4,2307.6,1,10,14
9:20:00,2307.4,2307.4,2307.6,6,8,11
9:20:01,2307.2,2307.2,2307.6,18,19,11
9:20:01,2307.4,2307.2,2307.4,18,13,2
9:20:02,2307,2307,2307.2,31,34,2
9:20:02,2307,2307,2307.2,11,25,2
9:20:03,2307,2307,2307.2,11,14,2
9:20:03,2307,2307,2307.2,5,14,2
9:20:04,2307,2307,2307.2,7,8,9
9:20:04,2307,2307,2307.2,6,13,7
9:20:05,2306.8,2306.8,2307,18,32,3
9:20:05,2307,2306.8,2307,9,24,4
9:20:06,2307,2306.8,2307,19,7,4
9:20:07,2306.8,2306.8,2307,1,7,10
9:20:08,2306.6,2306.6,2307,25,14,10
9:20:08,2306.8,2306.6,2307,5,11,10
9:20:09,2307,2307,2307.2,16,18,5
9:20:09,2307,2307,2307.2,8,15,5
9:20:10,2307,2307,2307.2,1,14,2
9:20:10,2307.2,2306.4,2307.2,36,12,1
9:20:11,2307.2,2306.8,2307.2,10,3,10
9:20:11,2307,2307,2307.2,1,12,13
9:20:12,2307,2307,2307.2,8,4,3
9:20:12,2307,2307,2307.2,1,3,5
9:20:13,2307,2307,2307.2,2,2,4
9:20:13,2307.2,2307,2307.2,2,6,3
9:20:14,2307,2306.8,2307,6,8,5
9:20:14,2307,2306.8,2307,1,9,4
9:20:15,2307,2306.8,2307,6,6,7
9:20:16,2307,2306.8,2307,7,3,6
9:20:16,2307,2306.8,2307,1,3,5
9:20:17,2306.8,2306.8,2307,1,3,6
9:20:18,2306.6,2306.6,2307,6,11,6
9:20:18,2307,2306.6,2306.8,1,21,3
9:20:19,2306.6,2306.6,2306.8,2,19,4
9:20:19,2307,2306.8,2307,10,10,6
9:20:20,2307,2306.8,2307,2,10,4
9:20:21,2306.8,2306.8,2307,1,9,5
9:20:22,2307,2307,2307.2,8,32,13
9:20:22,2307,2307,2307.2,16,16,13
9:20:23,2307,2307,2307.2,10,15,4
9:20:23,2307,2307,2307.2,4,13,3
9:20:24,2307,2307,2307.2,13,1,2
9:20:24,2306.8,2306.8,2307,2,5,22
9:20:25,2307,2306.8,2307,1,5,22
9:20:26,2307,2306.8,2307,1,2,22
9:20:27,2307,2306.8,2307,1,5,22
9:20:27,2306.8,2306.8,2307,1,4,22
9:20:28,2306.8,2306.8,2307,4,4,23
9:20:28,2306.8,2306.8,2307,1,3,26
9:20:29,2306.8,2306.8,2307,2,2,26
9:20:29,2307,2306.6,2307,4,26,25
9:20:30,2306.6,2306.6,2306.8,18,19,3
9:20:32,2306.6,2306.6,2306.8,3,18,22
9:20:32,2306.8,2306.6,2306.8,3,16,21
9:20:33,2306.8,2306.6,2306.8,3,14,21
9:20:34,2306.8,2306.6,2306.8,3,13,19
9:20:35,2306.6,2306.6,2306.8,1,12,20
9:20:35,2306.6,2306.6,2306.8,2,10,20
9:20:36,2306.6,2306.6,2306.8,2,8,20
9:20:36,2306.8,2306.6,2306.8,11,7,17
9:20:37,2306.6,2306.6,2306.8,2,6,16
9:20:37,2306.6,2306.6,2306.8,1,5,16
9:20:38,2306.6,2306.6,2306.8,1,5,16
9:20:39,2306.6,2306.6,2306.8,4,10,18
9:20:39,2306.6,2306.6,2306.8,3,9,19
9:20:40,2306.6,2306.6,2306.8,1,8,19
9:20:41,2306.6,2306.6,2306.8,3,11,20
9:20:42,2306.6,2306.6,2306.8,2,10,21
9:20:43,2306.6,2306.6,2306.8,2,14,20
9:20:43,2306.6,2306.6,2306.8,2,13,20
9:20:46,2306.6,2306.6,2306.8,1,13,25
9:20:47,2306.8,2306.6,2306.8,3,15,23
9:20:47,2306.6,2306.6,2306.8,2,13,23
9:20:48,2306.6,2306.6,2306.8,1,13,23
9:20:48,2306.8,2306.6,2306.8,2,15,23
9:20:50,2306.8,2306.6,2306.8,2,21,23
9:20:51,2306.6,2306.6,2306.8,1,23,22
9:20:52,2306.8,2306.6,2306.8,1,26,21
9:20:52,2306.8,2306.6,2306.8,1,26,21
9:20:53,2306.6,2306.6,2306.8,1,25,21
9:20:53,2306.8,2306.6,2306.8,12,24,10
9:20:54,2306.8,2306.6,2306.8,2,24,6
9:20:54,2306.8,2306.8,2307,6,7,47
9:20:55,2306.8,2306.8,2307,2,14,56
9:20:56,2306.8,2306.8,2307,5,15,55
9:20:56,2306.8,2306.8,2307,2,13,55
9:20:57,2307,2306.8,2307,3,11,52
9:20:57,2307,2306.8,2307,1,11,53
9:20:58,2306.8,2306.6,2306.8,12,22,3
9:20:58,2306.8,2306.6,2307,4,23,53
9:20:59,2307,2306.6,2306.8,1,24,1
9:20:59,2306.8,2306.6,2307,1,24,53
9:21:00,2307,2306.8,2307,20,10,33
9:21:01,2307,2306.8,2307,7,9,29
9:21:01,2306.8,2306.8,2307,5,5,26
9:21:02,2306.6,2306.6,2306.8,15,14,4
9:21:02,2306.8,2306.8,2307,7,2,26
9:21:03,2306.8,2306.8,2307,2,20,25
9:21:03,2306.8,2306.8,2307,3,17,25
9:21:04,2306.8,2306.8,2307,5,13,25
9:21:05,2306.8,2306.8,2307,2,14,26
9:21:05,2307,2306.8,2307,1,14,25
9:21:06,2306.8,2306.8,2307,1,13,25
9:21:07,2306.8,2306.8,2307,1,13,25
9:21:07,2307,2306.8,2307,3,12,24
9:21:08,2306.8,2306.8,2307,1,11,25
9:21:08,2306.8,2306.8,2307,1,10,25
9:21:09,2307,2306.8,2307,2,11,23
9:21:09,2306.8,2306.8,2307,2,9,23
9:21:10,2307,2306.8,2307,1,9,22
9:21:11,2307,2306.8,2307,3,9,20
9:21:11,2307,2306.8,2307,6,8,15
9:21:12,2307,2306.8,2307,1,10,14
9:21:13,2307,2306.8,2307,1,13,13
9:21:13,2307,2306.8,2307,11,12,3
9:21:14,2307,2306.8,2307,2,12,1
9:21:14,2307,2307,2307.2,1,6,6
9:21:15,2307.2,2306.8,2307.2,9,12,2
9:21:16,2307.2,2307,2307.2,1,1,11
9:21:17,2307.2,2307,2307.2,1,2,5
9:21:18,2307.2,2307.2,2307.4,5,4,13
9:21:18,2307.2,2307.2,2307.4,1,5,13
9:21:19,2307.2,2307.2,2307.4,4,5,13
9:21:19,2307.4,2307.2,2307.4,1,6,12
9:21:20,2307.4,2307.2,2307.4,2,8,10
9:21:21,2307.4,2307.2,2307.4,3,8,8
9:21:21,2307.4,2307.2,2307.4,3,8,5
9:21:22,2307.6,2307.4,2307.6,18,4,12
9:21:23,2307.6,2307.4,2307.6,3,8,10
9:21:24,2307.6,2307.4,2307.8,11,8,57
9:21:24,2307.8,2307.6,2307.8,1,3,58
9:21:25,2307.8,2307.6,2307.8,7,5,47
9:21:25,2307.6,2307.6,2307.8,9,2,42
9:21:26,2307.8,2307.6,2307.8,13,2,27
9:21:26,2307.8,2307.6,2307.8,15,5,13
9:21:27,2307.8,2307.8,2308,13,3,118
9:21:27,2307.8,2307.8,2308,2,4,107
9:21:28,2308,2307.8,2308,2,9,105
9:21:28,2308,2307.8,2308,5,19,101
9:21:29,2308,2307.8,2308,17,7,96
9:21:29,2308,2307.8,2308,2,7,94
9:21:30,2308,2307.8,2308,19,7,75
9:21:30,2308,2307.8,2308,9,7,65
9:21:31,2308,2307.8,2308,3,7,62
9:21:31,2308,2307.8,2308,6,11,57
9:21:32,2308,2307.8,2308,14,1,53
9:21:32,2308,2307.8,2308,3,1,51
9:21:33,2307.8,2307.6,2307.8,14,11,8
9:21:33,2307.8,2307.6,2308,22,11,38
9:21:34,2308,2307.6,2308,25,11,13
9:21:34,2307.8,2307.8,2308,7,7,11
9:21:35,2308,2307.8,2308,6,11,8
9:21:35,2308,2308,2308.2,19,22,28
9:21:36,2308.2,2308,2308.2,4,19,27
9:21:36,2308,2308,2308.2,20,5,22
9:21:37,2308,2307.8,2308,9,8,31
9:21:37,2308,2307.8,2308,16,2,24
9:21:38,2308,2307.8,2308,10,3,117
9:21:38,2307.8,2307.6,2307.8,31,41,33
9:21:39,2307.6,2307.6,2307.8,34,12,35
9:21:39,2307.8,2307.2,2307.6,30,4,9
9:21:40,2307.8,2307.2,2307.6,4,4,8
9:21:40,2307.8,2307.2,2307.6,1,7,27
9:21:41,2307.6,2307.4,2307.6,4,2,27
9:21:41,2307.6,2307.4,2307.6,3,3,25
9:21:42,2307.4,2307.4,2307.6,21,2,5
9:21:42,2307.6,2307.4,2307.6,2,5,3
9:21:43,2307.4,2307.4,2307.6,3,4,1
9:21:43,2307.6,2307.6,2307.8,2,51,23
9:21:44,2307.8,2307.6,2307.8,9,51,12
9:21:44,2307.8,2307.8,2308,16,4,133
9:21:45,2307.8,2307.8,2308,3,3,133
9:21:45,2307.8,2307.6,2308,4,48,133
9:21:46,2308,2307.6,2308,2,51,141
9:21:47,2307.8,2307.6,2307.8,3,51,1
9:21:47,2307.8,2307.6,2307.8,4,49,2
9:21:48,2307.6,2307.6,2308,3,48,140
9:21:48,2307.8,2307.6,2307.8,3,49,11
9:21:49,2307.8,2307.6,2307.8,9,44,11
9:21:50,2307.6,2307.6,2307.8,10,34,11
9:21:51,2307.6,2307.6,2307.8,2,33,15
9:21:51,2307.8,2307.8,2308,19,141,164
9:21:52,2307.8,2307.8,2308,28,136,142
9:21:52,2308,2307.8,2308,52,136,92
9:21:53,2308,2308,2308.2,95,19,14
9:21:53,2308,2308,2308.2,4,18,12
9:21:54,2308.2,2308,2308.2,7,18,17
9:21:54,2308,2308,2308.2,2,17,31
9:21:55,2308,2308,2308.2,6,15,27
9:21:55,2308.2,2308,2308.2,17,4,35
9:21:56,2307.8,2307.8,2308.2,11,134,35
9:21:56,2307.8,2307.8,2308,3,134,10
9:21:57,2308,2307.8,2308,4,133,9
9:21:57,2308,2308,2308.2,15,1,35
9:21:58,2308.2,2308,2308.2,10,1,29
9:21:58,2308,2308,2308.2,27,6,29
9:21:59,2308.2,2308,2308.2,18,2,25
9:21:59,2308,2308,2308.2,15,16,16
9:22:00,2308,2308,2308.2,3,14,16
9:22:00,2308.2,2308,2308.2,5,12,13
9:22:01,2308.2,2308.2,2308.4,41,21,21
9:22:01,2308.2,2308.2,2308.4,1,21,21
9:22:02,2308.6,2308.4,2308.6,59,2,11
9:22:02,2308.4,2308.4,2308.6,14,28,5
9:22:03,2308.4,2308.4,2308.6,18,22,1
9:22:03,2308.6,2308.6,2308.8,10,8,63
9:22:04,2308.6,2308.6,2308.8,11,4,62
9:22:04,2308.6,2308.4,2308.6,19,22,36
9:22:05,2308.6,2308.4,2308.6,19,12,29
9:22:05,2308.4,2308.2,2308.4,27,2,9
9:22:06,2308.4,2308,2308.2,7,4,12
9:22:06,2308,2307.8,2308,6,58,5
9:22:07,2308,2308,2308.2,5,5,16
9:22:07,2308,2308,2308.2,3,5,26
9:22:08,2308,2308,2308.2,10,2,26
9:22:08,2308.2,2308,2308.2,19,4,8
9:22:09,2308.2,2308.2,2308.4,11,14,12
9:22:09,2308.2,2308.2,2308.4,14,1,12
9:22:10,2308.2,2308,2308.2,12,5,3
9:22:11,2308.2,2308,2308.2,5,12,16
9:22:11,2308,2308,2308.2,10,2,22
9:22:12,2308,2307.8,2308,3,59,1
9:22:12,2308,2308,2308.2,1,29,23
9:22:13,2308,2308,2308.2,2,27,34
9:22:13,2308.2,2308,2308.2,14,17,32
9:22:14,2308,2308,2308.2,11,6,32
9:22:14,2308,2308,2308.2,1,6,32
9:22:15,2308,2308,2308.2,4,2,35
9:22:15,2308,2308,2308.2,4,9,39
9:22:16,2307.8,2307.8,2308.2,12,59,38
9:22:16,2307.8,2307.8,2308.2,7,52,38
9:22:17,2308.2,2307.8,2308,1,52,2
9:22:17,2308,2307.8,2308,1,52,1
9:22:18,2307.8,2307.8,2308,3,49,2
9:22:19,2308,2308,2308.2,16,1,37
9:22:19,2308,2308,2308.2,2,17,47
9:22:20,2308,2308,2308.2,4,13,38
9:22:20,2308,2308,2308.2,5,10,36
9:22:21,2308.2,2308,2308.2,5,15,31
9:22:21,2308,2308,2308.2,4,14,30
9:22:22,2308.2,2308,2308.2,10,13,21
9:22:22,2308,2308,2308.2,3,10,22
9:22:23,2308,2308,2308.2,16,10,7
9:22:23,2308,2308,2308.2,4,8,5
9:22:24,2308.2,2308.2,2308.4,8,8,24
9:22:24,2308.4,2308.2,2308.4,2,7,23
9:22:25,2308.2,2308.2,2308.4,1,7,26
9:22:25,2308.2,2308.2,2308.4,10,1,26
9:22:26,2308.4,2308.2,2308.4,4,1,23
9:22:26,2308.4,2308.2,2308.4,1,1,22
9:22:27,2308.4,2308,2308.4,3,26,21
9:22:28,2308,2308,2308.4,13,25,20
9:22:28,2308.4,2308.2,2308.4,2,1,19
9:22:29,2308,2308.2,2308.4,3,1,19
9:22:30,2308.4,2308.2,2308.4,10,48,12
9:22:30,2308.4,2308.4,2308.6,12,2,18
9:22:31,2308.4,2308.2,2308.4,5,35,19
9:22:31,2308.4,2308.2,2308.4,22,19,1
9:22:32,2308.4,2308.2,2308.4,7,13,5
9:22:32,2308.4,2308.2,2308.4,2,13,6
9:22:33,2308.4,2308.4,2308.6,7,6,19
9:22:33,2308.6,2308.4,2308.6,1,8,18
9:22:34,2308.4,2308.4,2308.6,3,9,16
9:22:34,2308.4,2308.4,2308.6,2,8,16
9:22:35,2308.6,2308.4,2308.6,1,8,15
9:22:36,2308.6,2308.4,2308.6,12,8,6
9:22:36,2308.6,2308.4,2308.6,2,16,4
9:22:37,2308.4,2308.4,2308.6,4,19,5
9:22:37,2308.6,2308.4,2308.6,4,16,7
9:22:38,2308.6,2308.4,2308.6,4,16,5
9:22:38,2308.4,2308.4,2308.6,3,9,5
9:22:39,2308.2,2308,2308.2,60,29,180
9:22:39,2308,2307.8,2308,54,37,26
9:22:40,2308,2307.8,2308,28,15,12
9:22:40,2308,2307.8,2308,8,14,19
9:22:41,2307.8,2307.8,2308,6,11,37
9:22:41,2307.8,2307.6,2307.8,17,67,4
9:22:42,2307.8,2307.6,2307.8,32,46,54
9:22:42,2307.6,2307.6,2307.8,44,5,64
9:22:43,2307.6,2307.4,2307.6,6,16,35
9:22:43,2307.6,2307.4,2307.6,13,22,39
9:22:44,2307.6,2307.4,2307.6,4,26,38
9:22:44,2307.4,2307.2,2307.4,30,18,19
9:22:45,2307.4,2307.2,2307.4,6,15,23
9:22:45,2307.2,2307,2307.2,21,82,14
9:22:46,2307,2307,2307.2,7,77,13
9:22:46,2307.2,2307,2307.2,8,73,13
9:22:47,2307.2,2307,2307.2,3,69,16
9:22:47,2307,2307,2307.2,21,54,16
9:22:48,2307.2,2307,2307.2,5,56,15
9:22:48,2307,2307,2307.2,13,46,11
9:22:49,2307.2,2307,2307.2,10,45,4
9:22:49,2307,2307,2307.2,21,27,5
9:22:50,2307,2307,2307.2,7,21,4
9:22:50,2307.2,2307,2307.2,4,18,3
9:22:51,2307.2,2307,2307.4,7,18,1
9:22:51,2307,2307.2,2307.6,27,2,2
9:22:52,2307,2307.2,2307.6,1,24,11
9:22:52,2307.6,2307.4,2307.6,2,14,9
9:22:53,2307.4,2307.4,2307.6,2,12,19
9:22:53,2307.6,2307.4,2307.6,2,13,18
9:22:54,2307.4,2307.4,2307.6,1,14,12
9:22:55,2307.6,2307.4,2307.6,3,14,10
9:22:55,2307.4,2307.4,2307.6,1,13,10
9:22:56,2307.6,2307.4,2307.6,1,13,9
9:22:56,2307.4,2307.4,2307.6,1,13,9
9:22:57,2307.4,2307.4,2307.6,2,13,9
9:22:59,2307.6,2307.4,2307.6,3,13,8
9:23:00,2307.6,2307.4,2307.6,4,11,15
9:23:00,2307.4,2307.4,2307.6,20,3,5
9:23:01,2307.6,2307.6,2307.8,6,2,15
9:23:02,2307.6,2307.6,2307.8,6,13,16
9:23:02,2307.6,2307.6,2307.8,1,12,17
9:23:03,2307.6,2307.6,2307.8,2,15,19
9:23:04,2307.6,2307.6,2307.8,1,14,20
9:23:04,2307.8,2307.6,2307.8,2,16,18
9:23:05,2307.6,2307.6,2307.8,3,13,19
9:23:05,2307.8,2307.6,2307.8,3,13,18
9:23:06,2307.8,2307.6,2307.8,1,13,17
9:23:06,2307.6,2307.6,2307.8,5,12,15
9:23:07,2307.8,2307.6,2307.8,5,10,12
9:23:07,2307.8,2307.6,2307.8,11,10,2
9:23:08,2307.4,2307.4,2307.8,17,6,1
9:23:08,2307.8,2307.6,2308,1,1,64
9:23:09,2307.8,2307.6,2307.8,2,1,9
9:23:09,2307.8,2307.6,2307.8,1,2,9
9:23:10,2307.6,2307.6,2307.8,4,1,8
9:23:11,2307.6,2307.6,2307.8,2,7,16
9:23:12,2307.8,2307.6,2307.8,6,3,20
9:23:13,2307.6,2307.4,2307.8,4,10,19
9:23:15,2307.4,2307.4,2307.6,2,9,5
9:23:16,2307.6,2307.4,2307.6,1,27,13
9:23:17,2307.4,2307.4,2307.6,1,26,13
9:23:17,2307.4,2307.4,2307.6,1,25,13
9:23:18,2307.4,2307.4,2307.6,1,25,13
9:23:19,2307.6,2307.4,2307.6,6,25,7
9:23:20,2307.4,2307.4,2307.6,1,24,7
9:23:20,2307.6,2307.4,2307.6,2,23,6
9:23:21,2307.6,2307.4,2307.6,6,42,1
9:23:21,2307.6,2307.4,2307.8,1,42,17
9:23:22,2307.8,2307.6,2307.8,1,3,16
9:23:22,2307.8,2307.6,2307.8,2,4,14
9:23:23,2307.6,2307.4,2307.6,4,43,6
9:23:23,2307.6,2307.4,2307.6,2,42,6
9:23:24,2307.6,2307.4,2307.6,2,42,4
9:23:24,2307.4,2307.4,2307.6,1,41,6
9:23:25,2307.6,2307.4,2307.6,2,41,4
9:23:27,2307.6,2307.4,2307.6,2,41,2
9:23:29,2307.6,2307.4,2307.6,2,43,3
9:23:29,2307.6,2307.4,2307.6,2,43,2
9:23:30,2307.4,2307.4,2307.6,1,42,2
9:23:30,2307.6,2307.4,2307.6,1,42,1
9:23:31,2307.6,2307.6,2307.8,1,2,8
9:23:32,2307.6,2307.4,2307.8,2,44,11
9:23:33,2307.4,2307.4,2307.6,1,43,1
9:23:35,2307.6,2307.4,2307.6,2,45,5
9:23:36,2307.4,2307.4,2307.6,5,40,5
9:23:37,2307.4,2307.4,2307.6,1,38,8
9:23:38,2307.6,2307.4,2307.6,1,39,11
9:23:41,2307.6,2307.4,2307.6,1,62,19
9:23:42,2307.4,2307.4,2307.6,1,61,20
9:23:43,2307.6,2307.4,2307.6,3,61,19
9:23:44,2307.6,2307.4,2307.6,1,60,17
9:23:45,2307.4,2307.4,2307.6,1,59,17
9:23:45,2307.4,2307.4,2307.6,4,57,16
9:23:46,2307.6,2307.4,2307.6,1,57,15
9:23:46,2307.4,2307.4,2307.6,2,55,15
9:23:47,2307.4,2307.4,2307.6,2,53,15
9:23:47,2307.4,2307.4,2307.6,1,52,15
9:23:48,2307.6,2307.4,2307.6,1,52,16
9:23:49,2307.4,2307.4,2307.6,1,51,16
9:23:51,2307.4,2307.4,2307.6,1,51,19
9:23:52,2307.4,2307.4,2307.6,2,50,18
9:23:53,2307.6,2307.6,2307.8,19,10,12
9:23:53,2307.6,2307.6,2307.8,3,7,12
9:23:54,2307.6,2307.6,2307.8,1,6,12
9:23:55,2307.6,2307.6,2307.8,3,8,12
9:23:58,2307.6,2307.6,2307.8,9,1,15
9:23:58,2307.6,2307.4,2307.8,1,49,15
9:23:59,2307.8,2307.6,2307.8,1,2,15
9:24:00,2307.6,2307.6,2307.8,1,1,15
9:24:01,2307.8,2307.6,2307.8,3,20,13
9:24:01,2307.8,2307.6,2307.8,15,21,1
9:24:02,2307.6,2307.8,2308,1,36,82
9:24:02,2308,2307.8,2308,3,34,81
9:24:03,2307.8,2307.8,2308,2,33,80
9:24:03,2308,2307.8,2308,26,33,52
9:24:05,2307.8,2307.8,2308,1,32,52
9:24:05,2308,2307.8,2308,1,32,51
9:24:06,2308,2307.8,2308,1,32,50
9:24:06,2307.8,2307.8,2308,1,31,50
9:24:07,2307.8,2307.8,2308,1,30,50
9:24:08,2307.8,2307.8,2308,4,28,48
9:24:09,2308,2307.8,2308,2,28,46
9:24:10,2307.8,2307.8,2308,1,27,45
9:24:11,2307.8,2307.8,2308,1,54,45
9:24:11,2308,2307.8,2308,1,54,44
9:24:13,2308,2307.8,2308,1,57,44
9:24:14,2308,2307.8,2308,2,57,42
9:24:15,2308,2307.8,2308,5,57,37
9:24:15,2307.8,2307.8,2308,17,55,23
9:24:16,2308,2307.8,2308,9,85,14
9:24:16,2308,2308,2308.2,15,13,17
9:24:17,2308,2308,2308.2,2,11,17
9:24:17,2308,2308,2308.2,12,6,21
9:24:18,2308.2,2308,2308.2,9,7,15
9:24:18,2308,2308,2308.2,5,6,13
9:24:19,2308.2,2308,2308.2,1,7,13
9:24:19,2308,2308,2308.2,6,2,12
9:24:20,2308.2,2308,2308.2,2,6,11
9:24:21,2308.2,2308,2308.2,7,6,7
9:24:22,2308.2,2308,2308.2,6,14,1
9:24:23,2308.2,2308,2308.2,2,14,1
9:24:23,2308,2308.2,2308.4,3,1,15
9:24:24,2308,2308.2,2308.4,1,3,15
9:24:24,2308.4,2308.2,2308.4,7,4,8
9:24:25,2308.2,2308.2,2308.4,1,4,8
9:24:25,2308.4,2308.2,2308.4,1,16,7
9:24:26,2308.2,2308.2,2308.4,10,9,4
9:24:26,2308.2,2308.2,2308.4,1,13,4
9:24:27,2308.2,2308.2,2308.4,2,12,5
9:24:27,2308.2,2308.2,2308.4,1,11,6
9:24:28,2308.2,2308.2,2308.4,2,11,5
9:24:28,2308.4,2308.2,2308.4,2,10,9
9:24:29,2308.2,2308.2,2308.4,1,9,9
9:24:29,2308.4,2308.4,2308.6,9,1,31
9:24:30,2308.2,2308.2,2308.4,2,8,51
9:24:30,2308.2,2308,2308.2,13,17,40
9:24:31,2307.8,2307.8,2308,18,85,21
9:24:31,2308.2,2307.8,2308.2,23,64,2
9:24:32,2307.8,2307.8,2308,2,62,1
9:24:33,2307.8,2307.8,2308,1,61,1
9:24:35,2308,2307.8,2308,1,62,1
9:24:35,2308,2308,2308.2,1,2,15
9:24:36,2307.8,2307.8,2308.2,5,69,15
9:24:37,2308,2307.8,2308,4,60,6
9:24:40,2308,2307.8,2308,2,71,16
9:24:40,2308,2307.8,2308,3,79,15
9:24:42,2308,2307.8,2308,3,70,15
9:24:43,2307.8,2307.8,2308,2,68,15
9:24:44,2307.8,2307.8,2308,1,67,15
9:24:45,2307.8,2307.8,2308,2,78,17
9:24:46,2307.8,2307.8,2308,1,68,24
9:24:47,2308,2307.8,2308,1,78,20
9:24:47,2307.8,2307.8,2308,4,74,18
9:24:48,2308,2307.8,2308,7,68,29
9:24:49,2308,2307.8,2308,1,61,28
9:24:49,2308,2307.8,2308,1,61,27
9:24:51,2308,2307.8,2308,1,63,27
9:24:52,2307.8,2307.8,2308,3,61,26
9:24:52,2307.8,2307.8,2308,2,56,26
9:24:53,2307.8,2307.8,2308,1,60,26
9:24:53,2308,2307.8,2308,1,62,26
9:24:54,2307.8,2307.8,2308,10,56,26
9:24:54,2307.8,2307.8,2308,8,55,24
9:24:55,2307.8,2307.8,2308,4,51,24
9:24:55,2307.8,2307.8,2308,2,49,24
9:24:56,2307.8,2307.8,2308,1,48,24
9:24:56,2307.8,2307.8,2308,19,29,26
9:24:57,2307.8,2307.8,2308,23,6,30
9:24:57,2307.8,2307.8,2308,5,1,32
9:24:58,2307.8,2307.8,2308,4,8,33
9:24:58,2307.8,2307.8,2308,2,6,33
9:24:59,2307.8,2307.6,2307.8,7,88,4
9:24:59,2307.8,2307.6,2307.8,1,88,15
9:25:00,2307.6,2307.6,2307.8,1,90,14
9:25:00,2307.6,2307.6,2307.8,1,101,14
9:25:01,2307.6,2307.6,2307.8,3,98,14
9:25:01,2307.8,2307.6,2307.8,5,95,12
9:25:02,2307.6,2307.6,2307.8,1,91,13
9:25:04,2307.8,2307.6,2307.8,5,85,23
9:25:04,2307.6,2307.6,2307.8,1,84,23
9:25:05,2307.6,2307.6,2307.8,6,78,26
9:25:05,2307.6,2307.6,2307.8,5,76,26
9:25:06,2307.6,2307.6,2307.8,5,74,24
9:25:06,2307.6,2307.6,2307.8,4,70,28
9:25:07,2307.8,2307.6,2307.8,4,69,60
9:25:07,2307.6,2307.6,2307.8,4,65,61
9:25:08,2307.6,2307.6,2307.8,35,30,60
9:25:08,2307.6,2307.4,2307.6,30,29,15
9:25:09,2307.6,2307.4,2307.6,5,25,19
9:25:09,2307.4,2307.4,2307.6,4,22,20
9:25:10,2307.6,2307.4,2307.6,18,11,8
9:25:10,2307.4,2307.4,2307.6,7,4,9
9:25:11,2307.8,2307.2,2307.4,16,27,1
9:25:11,2307.2,2307.2,2307.6,4,26,2
9:25:12,2307.4,2307.2,2307.6,2,27,4
9:25:12,2307.2,2307.2,2307.6,3,29,5
9:25:13,2307.2,2307.2,2307.4,3,28,2
9:25:13,2307.4,2307.4,2307.6,4,25,8
9:25:14,2307.4,2307.4,2307.6,6,19,10
9:25:14,2307.4,2307.4,2307.6,5,18,8
9:25:15,2307.4,2307.4,2307.6,8,10,10
9:25:15,2307.4,2307.4,2307.6,6,8,11
9:25:16,2307.4,2307.4,2307.6,2,6,11
9:25:16,2307.2,2307.2,2307.4,7,28,15
9:25:17,2307.2,2307.2,2307.4,5,26,12
9:25:17,2307.2,2307.2,2307.4,12,14,12
9:25:18,2307.4,2307.2,2307.4,16,1,12
9:25:18,2307.2,2307,2307.2,1,70,8
9:25:19,2307,2307,2307.2,6,79,9
9:25:19,2307.2,2307.2,2307.4,21,8,17
9:25:20,2307.2,2307,2307.4,8,74,19
9:25:20,2307,2307,2307.2,10,69,2
9:25:21,2307.2,2307,2307.2,11,61,2
9:25:21,2307,2307,2307.2,5,59,30
9:25:22,2307,2307,2307.2,12,47,30
9:25:22,2307,2307,2307.2,5,43,30
9:25:23,2307,2307,2307.2,6,39,30
9:25:23,2307,2307,2307.2,8,32,30
9:25:24,2307,2307,2307.2,3,29,31
9:25:24,2307,2307,2307.2,3,39,31
9:25:25,2307,2307,2307.2,3,36,31
9:25:25,2307,2307,2307.2,1,40,32
9:25:26,2307,2307,2307.2,12,34,37
9:25:26,2307,2307,2307.2,25,15,34
9:25:27,2307.2,2307,2307.2,12,6,32
9:25:27,2307,2307,2307.2,6,1,35
9:25:28,2307,2306.8,2307,6,31,17
9:25:28,2307,2307,2307.2,26,3,31
9:25:29,2307,2307,2307.2,2,1,31
9:25:29,2306.8,2306.8,2307,15,30,4
9:25:30,2307.2,2306.8,2307,10,30,4
9:25:30,2307,2306.8,2307,2,29,7
9:25:31,2307,2306.8,2307,6,27,25
9:25:31,2306.8,2306.8,2307,8,21,41
9:25:32,2306.8,2306.8,2307,5,20,39
9:25:32,2306.8,2306.8,2307,4,17,42
9:25:33,2306.8,2306.8,2307,3,15,43
9:25:33,2307,2306.8,2307,3,15,41
9:25:34,2306.8,2306.8,2307,3,14,40
9:25:34,2307,2306.8,2307,1,14,39
9:25:35,2306.8,2306.6,2306.8,14,49,37
9:25:35,2306.8,2306.6,2306.8,37,47,14
9:25:36,2306.6,2306.6,2306.8,2,44,19
9:25:37,2306.6,2306.6,2306.8,22,33,33
9:25:37,2306.8,2306.6,2306.8,16,24,57
9:25:38,2306.6,2306.6,2306.8,14,10,58
9:25:38,2306.6,2306.4,2306.8,9,60,59
9:25:39,2306.6,2306.4,2306.6,1,60,1
9:25:39,2306.6,2306.6,2306.8,12,7,60
9:25:40,2306.6,2306.6,2306.8,8,1,60
9:25:40,2306.6,2306.6,2306.8,3,9,76
9:25:41,2306.8,2306.6,2306.8,31,9,48
9:25:41,2306.6,2306.6,2306.8,4,43,48
9:25:42,2306.8,2306.6,2306.8,3,45,46
9:25:42,2306.6,2306.6,2306.8,17,40,34
9:25:43,2306.6,2306.6,2306.8,8,43,31
9:25:43,2306.6,2306.6,2306.8,4,45,29
9:25:44,2306.6,2306.6,2306.8,34,16,27
9:25:44,2306.8,2306.4,2306.8,23,52,25
9:25:45,2306.8,2306.4,2306.8,42,32,9
9:25:45,2306.4,2306.4,2306.8,2,30,13
9:25:46,2306.8,2306.4,2306.6,3,30,1
9:25:46,2306.8,2306.4,2306.8,5,26,10
9:25:47,2306.4,2306.4,2306.6,7,27,1
9:25:47,2306.4,2306.4,2306.8,19,21,3
9:25:48,2306.8,2306.4,2306.8,14,20,1
9:25:48,2306.4,2306.4,2306.8,4,16,1
9:25:49,2306.2,2306.2,2306.8,23,90,2
9:25:49,2306.8,2306.6,2306.8,17,3,8
9:25:50,2306.4,2306.2,2306.8,7,79,6
9:25:50,2306.6,2306.4,2306.8,4,5,8
9:25:51,2306.4,2306.4,2306.8,1,9,9
9:25:51,2306.4,2306.4,2306.8,9,10,4
9:25:52,2306.4,2306.4,2306.6,1,12,1
9:25:52,2306.4,2306.4,2306.6,1,29,3
9:25:53,2306.4,2306.4,2306.6,2,27,4
9:25:53,2306.4,2306.4,2306.6,5,26,1
9:25:54,2306.6,2306.4,2306.6,9,21,1
9:25:54,2306.4,2306.4,2306.6,3,24,1
9:25:55,2306.6,2306.6,2306.8,3,1,14
9:25:55,2306.6,2306.6,2306.8,1,19,16
9:25:56,2306.8,2306.6,2306.8,16,6,2
9:25:56,2306.8,2306.8,2307,10,32,68
9:25:57,2306.8,2306.8,2307,9,28,68
9:25:57,2306.6,2306.4,2306.6,40,16,4
9:25:58,2306.4,2306.4,2306.6,3,16,5
9:25:58,2306.4,2306.4,2306.6,2,24,5
9:25:59,2306.4,2306.4,2306.6,4,28,2
9:25:59,2306.6,2306.4,2306.6,2,27,1
9:26:00,2306.6,2306.6,2306.8,4,1,13
9:26:00,2306.4,2306.6,2306.8,8,2,13
9:26:01,2306.6,2306.4,2306.6,7,39,3
9:26:01,2306.6,2306.4,2306.6,4,38,3
9:26:02,2306.4,2306.4,2306.6,12,26,5
9:26:02,2306.4,2306.4,2306.6,8,31,5
9:26:03,2306.4,2306.4,2306.6,27,5,8
9:26:03,2306.6,2306.2,2306.6,12,88,7
9:26:04,2306.6,2306.4,2306.6,2,7,6
9:26:05,2306.6,2306.4,2306.6,2,9,4
9:26:06,2306.6,2306.4,2306.6,3,15,1
9:26:06,2306.8,2306.6,2306.8,4,1,8
9:26:07,2306.6,2306.4,2306.6,2,26,5
9:26:07,2306.4,2306.4,2306.6,5,22,2
9:26:08,2306.6,2306.4,2306.6,2,21,1
9:26:08,2306.8,2306.6,2307,11,1,66
9:26:09,2306.4,2306.6,2306.8,3,7,23
9:26:09,2306.6,2306.6,2306.8,1,15,26
9:26:10,2306.8,2306.6,2306.8,12,8,29
9:26:10,2306.6,2306.6,2306.8,5,54,30
9:26:11,2306.8,2306.6,2306.8,2,53,28
9:26:11,2306.8,2306.8,2307,25,13,77
9:26:12,2306.8,2306.8,2307,1,13,77
9:26:13,2307,2306.8,2307,3,22,77
9:26:13,2307,2306.8,2307,3,20,76
9:26:14,2307,2306.8,2307,3,28,74
9:26:14,2307,2306.8,2307,2,32,72
9:26:15,2306.8,2306.8,2307,7,29,71
9:26:15,2306.8,2306.8,2307,10,25,65
9:26:16,2307,2306.8,2307,21,25,45
9:26:16,2306.8,2306.8,2307,2,23,45
9:26:17,2306.8,2306.8,2307,2,21,49
9:26:17,2307,2306.8,2307,32,21,17
9:26:18,2307,2306.8,2307,10,16,12
9:26:18,2306.8,2306.8,2307.2,14,15,9
9:26:19,2306.8,2306.6,2306.8,18,59,2
9:26:19,2307,2306.8,2307,6,19,2
9:26:20,2306.8,2306.8,2307,9,23,3
9:26:20,2307,2306.8,2307,2,23,1
9:26:21,2306.8,2306.8,2307.2,3,24,9
9:26:21,2307,2306.8,2307.2,3,25,19
9:26:22,2306.8,2306.8,2307.2,1,25,20
9:26:22,2307,2307,2307.2,30,1,5
9:26:23,2307.4,2307,2307.4,10,9,11
9:26:23,2307,2307,2307.4,1,8,11
9:26:24,2307.6,2307,2307.6,18,9,25
9:26:24,2307,2307,2307.4,3,7,2
9:26:25,2307,2307,2307.4,1,6,2
9:26:25,2307.4,2307.2,2307.4,4,1,1
9:26:26,2307.2,2307,2307.4,3,9,10
9:26:26,2307.4,2307,2307.4,3,9,8
9:26:27,2307,2307,2307.4,6,3,8
9:26:27,2307,2307,2307.4,6,3,14
9:26:28,2307,2307,2307.2,1,2,2
9:26:28,2307,2306.8,2307,2,21,1
9:26:29,2307,2306.8,2307,1,21,1
9:26:30,2307,2306.8,2307.2,1,21,2
9:26:31,2307.2,2307.2,2307.4,6,3,9
9:26:31,2307.6,2307,2307.6,22,8,16
9:26:32,2307.2,2307,2307.2,1,9,2
9:26:32,2307.2,2307.2,2307.6,3,2,17
9:26:33,2307.2,2307.2,2307.4,1,2,2
9:26:33,2307.4,2307.2,2307.4,5,4,5
9:26:34,2307.2,2307.2,2307.4,4,1,6
9:26:34,2307.4,2307.4,2307.6,8,2,15
9:26:35,2307.6,2307.4,2307.6,1,2,14
9:26:36,2307.4,2307.4,2307.6,1,2,15
9:26:37,2307.6,2307.4,2307.6,5,3,13
9:26:37,2307.4,2307.4,2307.6,6,1,9
9:26:38,2307.6,2307.2,2307.6,6,4,8
9:26:38,2307.4,2307.2,2307.4,1,4,1
9:26:39,2307.6,2307.4,2307.6,8,1,6
9:26:39,2307.2,2307,2307.2,25,43,4
9:26:40,2307.2,2307,2307.2,1,43,4
9:26:40,2307.4,2307.4,2307.6,6,1,7
9:26:41,2307.4,2307,2307.4,2,46,7
9:26:42,2307.4,2307.2,2307.4,2,6,7
9:26:43,2307.4,2307.2,2307.4,4,6,4
9:26:44,2307.2,2307.2,2307.4,4,7,6
9:26:44,2307.2,2307.2,2307.4,4,4,6
9:26:45,2307.2,2307.2,2307.4,2,13,6
9:26:46,2307.2,2307.2,2307.4,1,23,6
9:26:47,2307.4,2307.2,2307.4,1,33,5
9:26:48,2307.4,2307.2,2307.4,2,47,3
9:26:48,2307.2,2307.2,2307.4,5,69,3
9:26:49,2307.4,2307.4,2307.6,3,8,28
9:26:49,2307.4,2307.4,2307.6,1,75,28
9:26:50,2307.6,2307.6,2307.8,28,50,27
9:26:50,2307.8,2307.8,2308,33,19,75
9:26:51,2308,2307.8,2308,59,9,17
9:26:51,2307.8,2307.8,2308,13,2,6
9:26:52,2308,2307.8,2308,5,2,9
9:26:52,2307.8,2307.6,2307.8,10,2,34
9:26:53,2307.6,2307.4,2307.6,2,9,6
9:26:54,2307.6,2307.4,2307.6,2,3,11
9:26:55,2307.6,2307.4,2307.6,1,3,11
9:26:55,2307.6,2307.6,2307.8,11,25,34
9:26:56,2307.6,2307.6,2307.8,1,24,34
9:26:56,2307.6,2307.6,2307.8,3,21,34
9:26:57,2307.8,2307.6,2307.8,26,26,8
9:26:57,2307.8,2307.6,2307.8,3,26,6
9:26:58,2307.8,2307.6,2307.8,3,27,5
9:26:59,2307.8,2307.6,2307.8,3,26,4
9:27:00,2307.8,2307.6,2307.8,1,26,3
9:27:00,2307.8,2307.6,2308.2,9,14,21
9:27:01,2307.8,2307.8,2308.2,16,1,23
9:27:01,2307.4,2307.8,2308.2,29,1,15
9:27:02,2308,2308,2308.2,27,25,2
9:27:02,2308.2,2308.2,2308.4,12,2,8
9:27:03,2308.4,2308.4,2308.6,19,10,52
9:27:03,2308.4,2308.4,2308.6,12,3,49
9:27:04,2308.4,2308.2,2308.4,15,2,34
9:27:04,2308.4,2308,2308.2,16,18,18
9:27:05,2308.2,2308,2308.2,13,18,7
9:27:05,2308.2,2308,2308.2,3,17,5
9:27:06,2308.2,2308.2,2308.4,12,3,26
9:27:06,2308,2307.8,2308,26,5,9
9:27:07,2308,2307.8,2308,3,5,10
9:27:07,2308.2,2307.8,2308.2,13,4,6
9:27:08,2308.2,2307.8,2308,1,4,1
9:27:08,2308.2,2307.8,2308,2,4,10
9:27:09,2307.8,2307.8,2308.2,11,3,8
9:27:10,2308.2,2308,2308.2,5,18,8
9:27:10,2308.2,2308,2308.2,2,18,7
9:27:11,2308.4,2308,2308.6,52,18,58
9:27:11,2308,2308,2308.6,9,18,58
9:27:12,2308,2308.2,2308.6,4,6,58
9:27:12,2308.6,2308.2,2308.6,3,6,57
9:27:13,2308.4,2308.2,2308.4,10,8,3
9:27:13,2308.6,2308.2,2308.6,6,10,46
9:27:14,2308.2,2308,2308.4,11,23,30
9:27:14,2308.2,2308,2308.2,7,21,5
9:27:15,2308.2,2308.2,2308.4,7,1,32
9:27:15,2308,2308,2308.2,3,20,3
9:27:16,2307.4,2307.4,2308,52,1,2
9:27:16,2307.4,2307.2,2307.4,1,43,1
9:27:17,2307.2,2307.4,2308,43,2,6
9:27:17,2308,2307.4,2307.8,1,16,6
9:27:18,2307.6,2307.4,2307.8,2,12,5
9:27:18,2308,2307.6,2307.8,20,1,2
9:27:20,2307.6,2307.6,2307.8,1,13,3
9:27:20,2307.6,2307.6,2307.8,2,12,3
9:27:21,2307.6,2307.6,2307.8,1,12,3
9:27:22,2307.8,2307.8,2308,4,2,9
9:27:22,2307.8,2307.6,2307.8,3,12,3
9:27:23,2307.8,2307.6,2307.8,3,10,2
9:27:23,2308,2307.6,2308,5,10,7
9:27:24,2307.8,2307.6,2308,1,12,10
9:27:25,2308,2307.8,2308,1,1,9
9:27:26,2308,2307.6,2308,3,15,8
9:27:27,2307.8,2307.6,2307.8,6,15,8
9:27:28,2307.6,2307.6,2307.8,2,15,9
9:27:29,2307.8,2307.6,2307.8,1,17,9
9:27:30,2307.6,2307.6,2307.8,1,17,9
9:27:31,2307.6,2307.6,2307.8,8,9,10
9:27:31,2307.6,2307.6,2307.8,3,8,9
9:27:32,2307.8,2307.6,2307.8,1,8,8
9:27:32,2307.6,2307.6,2307.8,1,7,11
9:27:33,2307.8,2307.6,2307.8,1,7,11
9:27:33,2307.8,2307.6,2307.8,1,25,10
9:27:34,2307.8,2307.6,2307.8,3,25,7
9:27:35,2307.8,2307.8,2308,8,8,30
9:27:35,2307.8,2307.8,2308,2,6,31
9:27:36,2307.8,2307.8,2308,2,19,33
9:27:37,2308,2307.8,2308,2,26,32
9:27:38,2308,2307.8,2308,2,30,35
9:27:38,2308,2307.8,2308,15,30,21
9:27:39,2307.8,2307.8,2308,2,29,20
9:27:40,2308,2307.8,2308,2,28,20
9:27:40,2308,2307.8,2308,1,28,19
9:27:41,2308,2307.8,2308,18,22,7
9:27:42,2308,2307.8,2308,7,22,1
9:27:42,2308,2307.8,2308,2,24,5
9:27:43,2308,2307.8,2308,1,24,4
9:27:44,2308,2307.8,2308,1,24,3
9:27:44,2308,2308,2308.2,4,26,19
9:27:45,2308,2308,2308.2,2,24,19
9:27:45,2308,2308,2308.2,16,13,15
9:27:47,2308,2308,2308.2,14,15,5
9:27:48,2308,2308,2308.2,1,15,11
9:27:48,2308,2308,2308.2,7,11,11
9:27:49,2308,2308,2308.2,2,11,11
9:27:50,2308,2308,2308.2,2,10,11
9:27:50,2308.2,2308,2308.2,9,8,5
9:27:51,2308,2308,2308.2,2,10,4
9:27:51,2308.2,2308,2308.2,1,10,3
9:27:52,2308,2307.8,2308,14,25,9
9:27:53,2307.8,2307.8,2308,4,21,11
9:27:53,2308,2307.8,2308,3,20,9
9:27:54,2308,2307.8,2308,3,20,8
9:27:54,2308,2307.8,2308,3,19,6
9:27:55,2307.8,2307.8,2308,1,18,6
9:27:55,2307.8,2307.6,2307.8,18,46,17
9:27:56,2307.8,2307.6,2307.8,5,47,12
9:27:56,2307.6,2307.6,2307.8,1,45,12
9:27:57,2307.8,2307.6,2307.8,2,44,11
9:27:58,2307.6,2307.6,2307.8,1,43,11
9:28:00,2307.6,2307.6,2307.8,2,41,11
9:28:01,2307.8,2307.6,2307.8,3,38,10
9:28:02,2308,2307.6,2308,38,24,4
9:28:02,2307.6,2307.6,2308,2,23,4
9:28:03,2307.6,2307.6,2308,9,22,37
9:28:04,2307.6,2307.6,2307.8,2,25,11
9:28:05,2307.8,2307.6,2307.8,2,27,15
9:28:05,2307.8,2307.6,2307.8,6,29,9
9:28:06,2307.6,2307.6,2307.8,2,28,3
9:28:06,2307.8,2307.6,2307.8,3,28,1
9:28:07,2307.6,2307.6,2307.8,2,27,2
9:28:08,2308,2307.8,2308,13,12,33
9:28:09,2307.8,2307.8,2308,4,11,34
9:28:09,2308,2307.8,2308,3,11,32
9:28:10,2308,2307.8,2308,3,14,30
9:28:10,2307.8,2307.8,2308,15,14,18
9:28:11,2308,2307.8,2308,10,22,9
9:28:11,2308,2308,2308.2,9,22,16
9:28:12,2308.2,2308,2308.2,4,17,12
9:28:12,2308.2,2308,2308.2,8,23,7
9:28:13,2308.2,2308.2,2308.4,7,88,55
9:28:13,2308.4,2308.2,2308.4,42,98,13
9:28:14,2308.4,2308.4,2308.6,13,41,79
9:28:14,2308.6,2308.4,2308.6,26,45,53
9:28:15,2308.6,2308.4,2308.6,5,27,49
9:28:15,2308.6,2308.4,2308.6,14,24,36
9:28:16,2308.4,2308.4,2308.6,11,3,33
9:28:16,2308.4,2308.4,2308.6,11,1,27
9:28:17,2308.6,2308.2,2308.6,6,98,23
9:28:17,2308.2,2308.2,2308.6,4,97,26
9:28:18,2308.6,2308.4,2308.6,4,10,27
9:28:18,2308.6,2308.4,2308.6,9,4,24
9:28:19,2308.6,2308.4,2308.6,6,13,18
9:28:19,2308.6,2308.4,2308.6,24,8,4
9:28:20,2308.6,2308.6,2308.8,11,4,89
9:28:20,2308.6,2308.4,2308.6,9,11,7
9:28:21,2308.6,2308.4,2308.6,4,9,6
9:28:21,2308.6,2308.4,2308.6,3,8,20
9:28:22,2308.6,2308.4,2308.6,8,7,26
9:28:22,2308.6,2308.4,2308.6,21,7,8
9:28:23,2308.6,2308.4,2308.6,9,7,7
9:28:23,2308.4,2308.4,2308.6,1,16,8
9:28:24,2308.4,2308.4,2308.6,3,14,7
9:28:24,2308.6,2308.4,2308.6,4,20,7
9:28:25,2308.4,2308.4,2308.6,17,5,6
9:28:25,2308.4,2308.2,2308.6,1,94,6
9:28:26,2308.6,2308.2,2308.6,7,94,13
9:28:26,2308.6,2308.6,2308.8,14,86,89
9:28:27,2308.6,2308.6,2308.8,11,107,79
9:28:27,2308.8,2308.6,2308.8,98,71,17
9:28:28,2309,2308.8,2309,50,27,42
9:28:28,2308.8,2308.8,2309,8,69,39
9:28:29,2309,2308.8,2309,33,70,8
9:28:29,2309.2,2309,2309.2,21,29,39
9:28:30,2309.2,2309,2309.2,43,41,65
9:28:30,2309.2,2309,2309.2,20,21,64
9:28:31,2309,2308.8,2309,32,71,35
9:28:31,2308.8,2308.8,2309,19,56,33
9:28:32,2309,2308.8,2309,10,55,26
9:28:32,2308.8,2308.8,2309,8,50,37
9:28:33,2309,2308.8,2309,5,49,36
9:28:33,2308.8,2308.8,2309,10,39,28
9:28:34,2309,2308.8,2309,7,37,27
9:28:34,2308.8,2308.8,2309,10,29,24
9:28:35,2309,2308.8,2309,5,30,23
9:28:35,2308.8,2308.8,2309,14,27,16
9:28:36,2308.8,2308.8,2309,2,26,16
9:28:36,2309,2309,2309.2,22,6,15
9:28:37,2309,2309,2309.2,2,15,15
9:28:37,2309.2,2309,2309.2,2,18,13
9:28:38,2309,2309,2309.2,4,18,13
9:28:38,2309.2,2309,2309.2,14,10,8
9:28:39,2309,2308.8,2309,18,24,89
9:28:39,2308.8,2308.6,2308.8,36,19,14
9:28:40,2308.8,2308.6,2308.8,10,12,11
9:28:40,2308.8,2308.6,2308.8,1,13,24
9:28:41,2308.8,2308.6,2308.8,12,13,13
9:28:42,2308.8,2308.6,2308.8,13,12,1
9:28:42,2308.6,2308.6,2308.8,1,11,1
9:28:43,2308.6,2308.6,2309,3,9,99
9:28:43,2308.6,2308.6,2308.8,6,4,2
9:28:44,2308.8,2308.8,2309,3,19,103
9:28:44,2308.8,2308.8,2309,22,117,83
9:28:45,2309,2308.8,2309,36,115,50
9:28:45,2309,2308.8,2309,37,114,15
9:28:46,2309,2309,2309.2,25,24,1
9:28:46,2309.2,2309,2309.2,9,25,22
9:28:47,2309,2309,2309.2,2,32,23
9:28:47,2309,2309,2309.2,8,30,22
9:28:48,2309,2309,2309.2,35,30,3
9:28:48,2309,2309,2309.2,3,27,14
9:28:49,2309,2308.8,2309,60,18,61
9:28:49,2308.8,2308.8,2309,14,5,64
9:28:50,2308.8,2308.6,2308.8,15,17,12
9:28:50,2308.8,2308.8,2309,12,8,67
9:28:51,2309,2308.8,2309,10,1,67
9:28:51,2309,2308.8,2309,6,1,62
9:28:52,2308.8,2308.8,2309,6,2,63
9:28:53,2308.6,2308.6,2309,5,22,60
9:28:54,2308.6,2308.6,2309,54,22,8
9:28:54,2309,2308.6,2309,1,22,8
9:28:55,2309,2308.8,2309,4,8,5
9:28:55,2309,2308.8,2309,3,8,2
9:28:56,2308.8,2308.8,2309,1,8,2
9:28:56,2309,2308.8,2309,2,8,7
9:28:57,2308.8,2308.8,2309,6,7,5
9:28:57,2308.8,2308.8,2309,8,4,7
9:28:58,2308.8,2308.8,2309,8,2,7
9:28:58,2308.8,2308.8,2309,1,1,7
9:28:59,2309,2309,2309.2,11,1,16
9:28:59,2309,2308.8,2309,2,1,1
9:29:00,2308.8,2308.8,2309.2,2,3,30
9:29:00,2309,2308.8,2309,1,3,4
9:29:01,2309,2308.8,2309.2,10,3,45
9:29:01,2308.8,2308.8,2309,7,5,3
9:29:02,2309,2308.8,2309,11,4,6
9:29:02,2309,2308.8,2309,14,6,1
9:29:03,2309,2308.8,2309,7,10,13
9:29:04,2309,2308.8,2309,2,13,13
9:29:04,2308.8,2308.8,2309,14,4,8
9:29:05,2308.8,2308.8,2309,6,1,9
9:29:05,2309,2309,2309.2,31,22,49
9:29:06,2309,2309,2309.2,20,2,50
9:29:06,2309.2,2309,2309.2,4,9,49
9:29:07,2309,2309,2309.2,1,8,49
9:29:07,2309,2309,2309.2,3,5,49
9:29:08,2309,2309,2309.2,5,2,47
9:29:08,2309,2308.8,2309.2,4,8,49
9:29:09,2309.2,2308.8,2309.2,4,11,46
9:29:09,2309.2,2308.8,2309,3,12,9
9:29:10,2308.8,2308.8,2309,5,9,10
9:29:10,2308.8,2308.8,2309,3,6,20
9:29:11,2309.2,2308.8,2309,43,6,3
9:29:11,2308.8,2308.8,2309,19,5,2
9:29:12,2309,2309,2309.2,4,11,28
9:29:12,2309,2309,2309.2,4,57,27
9:29:13,2309.2,2309,2309.2,4,57,24
9:29:13,2309.2,2309.2,2309.4,24,4,60
9:29:14,2309.2,2309.2,2309.4,3,3,69
9:29:14,2309,2309.2,2309.4,5,2,69
9:29:15,2309,2309,2309.2,12,1,11
9:29:15,2309,2308.8,2309,3,12,1
9:29:16,2309,2309,2309.2,1,4,19
9:29:16,2309.2,2309,2309.2,2,5,17
9:29:17,2309,2309,2309.2,2,4,20
9:29:17,2309.2,2309,2309.2,1,4,19
9:29:18,2309,2308.8,2309,5,16,8
9:29:18,2309,2308.8,2309,2,16,16
9:29:19,2308.8,2308.8,2309,22,15,8
9:29:19,2308.8,2308.8,2309,7,14,3
9:29:20,2309.2,2309,2309.2,18,16,16
9:29:20,2309.2,2309,2309.2,21,9,8
9:29:21,2309,2309,2309.2,15,44,18
9:29:21,2309.2,2309,2309.2,7,42,16
9:29:22,2309.2,2309,2309.2,14,48,4
9:29:22,2309.2,2309.2,2309.4,6,18,82
9:29:23,2309.2,2309,2309.4,34,56,77
9:29:23,2309,2309,2309.2,4,54,1
9:29:24,2309.4,2309,2309.2,26,54,1
9:29:24,2309.2,2309,2309.2,9,62,2
9:29:25,2309.4,2309.2,2309.4,22,2,28
9:29:25,2309.4,2309.2,2309.4,8,1,22
9:29:26,2309.4,2309.2,2309.4,11,33,20
9:29:26,2309.2,2309.2,2309.4,6,33,16
9:29:27,2309.4,2309.2,2309.4,8,34,8
9:29:27,2309.4,2309.2,2309.4,83,33,8
9:29:28,2309.4,2309.2,2309.4,14,25,14
9:29:28,2309.4,2309.2,2309.4,4,26,10
9:29:29,2309.4,2309.2,2309.4,5,28,8
9:29:29,2309.2,2309.2,2309.4,2,22,9
9:29:30,2309.4,2309.4,2309.6,6,8,28
9:29:30,2309.4,2309.4,2309.6,4,5,31
9:29:31,2309.4,2309.4,2309.6,4,11,31
9:29:31,2309.6,2309.4,2309.6,11,9,24
9:29:32,2309.4,2309.4,2309.6,1,8,25
9:29:32,2309.6,2309.4,2309.6,13,8,12
9:29:33,2309.4,2309.4,2309.6,5,11,11
9:29:33,2309.6,2309.4,2309.6,10,9,4
9:29:34,2309.4,2309.4,2309.6,5,6,4
9:29:34,2309.4,2309.2,2309.6,7,13,4
9:29:35,2309.6,2309.2,2309.6,2,14,20
9:29:35,2309.4,2309.2,2309.4,3,15,1
9:29:36,2309.6,2309.6,2309.8,33,24,188
9:29:36,2309.8,2309.6,2309.8,2,27,191
9:29:37,2309.6,2309.6,2309.8,31,17,172
9:29:37,2309.8,2309.6,2309.8,16,5,168
9:29:38,2309.8,2309.6,2309.8,1,8,167
9:29:38,2309.6,2309.6,2309.8,7,3,167
9:29:39,2309.8,2309.2,2309.6,19,15,6
9:29:39,2309.6,2309.2,2309.6,10,23,2
9:29:40,2309.6,2309.2,2309.6,3,24,1
9:29:40,2309.6,2309.4,2309.8,9,2,162
9:29:41,2309.6,2309.6,2309.8,6,6,161
9:29:41,2309.6,2309.6,2309.8,3,6,159
9:29:42,2309.8,2309.6,2309.8,8,3,162
9:29:42,2309.6,2309.6,2309.8,2,2,164
9:29:43,2309.8,2309.6,2309.8,5,1,162
9:29:43,2309.6,2309.6,2309.8,2,10,162
9:29:44,2309.8,2309.6,2309.8,11,16,153
9:29:44,2309.6,2309.6,2309.8,20,11,139
9:29:45,2309.6,2309.6,2309.8,6,6,139
9:29:45,2309.6,2309.6,2309.8,3,6,137
9:29:46,2309.6,2309.6,2309.8,40,1,109
9:29:46,2309.8,2309.6,2309.8,55,5,61
9:29:47,2309.8,2309.6,2309.8,10,8,51
9:29:47,2309.8,2309.6,2309.8,11,10,47
9:29:48,2309.8,2309.6,2309.8,1,10,53
9:29:48,2309.8,2309.6,2309.8,13,5,55
9:29:49,2309.8,2309.6,2309.8,7,2,69
9:29:49,2309.6,2309.4,2309.6,2,6,16
9:29:50,2309.4,2309.2,2309.6,9,38,73
9:29:50,2309.2,2309,2309.2,41,101,11
9:29:51,2309.2,2309,2309.2,19,94,2
9:29:51,2309.4,2309.2,2309.4,11,1,6
9:29:52,2309.4,2309.2,2309.4,12,23,2
9:29:52,2309.2,2309.2,2309.6,3,33,21
9:29:53,2309.4,2309.2,2309.4,4,38,4
9:29:53,2309.2,2309.2,2309.4,5,36,2
9:29:54,2309.4,2309.2,2309.4,2,38,2
9:29:54,2309.8,2309.4,2309.8,23,17,39
9:29:55,2309.6,2309.4,2309.6,3,30,3
9:29:55,2309.6,2309.6,2309.8,8,2,38
9:29:56,2309.6,2309.6,2309.8,1,19,39
9:29:56,2309.8,2309.6,2309.8,13,12,37
9:29:57,2309.8,2309.6,2309.8,9,7,30
9:29:57,2309.6,2309.6,2309.8,1,3,32
9:29:58,2309.4,2309.4,2309.8,16,36,23
9:29:58,2309.8,2309.4,2309.8,7,36,23
9:29:59,2309.6,2309.4,2309.8,14,35,13
9:29:59,2309.8,2309.4,2309.6,1,35,10
9:30:00,2309.6,2309.4,2309.6,2,34,9
9:30:00,2309.8,2309.6,2309.8,48,16,11
9:30:01,2309.8,2309.8,2310,37,1,70
9:30:01,2310,2309.6,2310,32,6,50
9:30:02,2310,2309.6,2310,24,8,32
9:30:02,2310,2309.8,2310,24,100,61
9:30:03,2310,2309.8,2310,32,101,33
9:30:03,2310,2310,2310.2,41,11,37
9:30:04,2310,2310,2310.2,11,5,31
9:30:04,2310.2,2310,2310.2,16,6,25
9:30:05,2310,2310,2310.2,34,1,43
9:30:05,2309.8,2309.8,2310,12,92,5
9:30:06,2309.8,2309.8,2310,25,70,10
9:30:06,2309.8,2309.8,2310,50,47,4
9:30:07,2310,2309.8,2310,10,42,22
9:30:07,2309.8,2309.6,2309.8,90,21,4
9:30:08,2310,2309.8,2310.2,12,4,28
9:30:08,2309.8,2309.6,2310,10,29,7
9:30:09,2310,2309.8,2310,7,5,3
9:30:09,2310,2309.8,2310,3,10,1
9:30:10,2310,2310,2310.2,1,1,32
9:30:10,2309.8,2309.8,2310.2,10,21,33
9:30:11,2309.8,2309.8,2310,2,20,4
9:30:11,2309.8,2309.8,2310,10,16,3
9:30:12,2310,2309.8,2310,11,14,1
9:30:12,2309.8,2309.8,2310.2,4,22,35
9:30:13,2309.8,2309.8,2310,5,19,2
9:30:13,2309.8,2309.8,2310,3,18,2
9:30:14,2309.8,2309.8,2310,4,14,2
9:30:14,2310,2310,2310.2,15,17,43
9:30:15,2310,2310,2310.2,18,35,41
9:30:15,2310,2310,2310.2,13,31,34
9:30:16,2310,2310,2310.2,7,26,34
9:30:16,2310.2,2310,2310.2,6,22,33
9:30:17,2310,2310,2310.2,11,13,34
9:30:17,2310,2309.8,2310,14,15,12
9:30:18,2310,2309.8,2310,68,22,1
9:30:18,2310.2,2310.2,2310.4,17,87,26
9:30:19,2310.4,2310.2,2310.4,30,87,7
9:30:19,2310.6,2310.4,2310.6,15,42,115
9:30:20,2310.4,2310.2,2310.6,70,74,100
9:30:20,2310.6,2310.4,2310.6,22,1,84
9:30:21,2310.4,2310.4,2310.6,13,79,81
9:30:21,2310.6,2310.4,2310.6,3,82,81
9:30:22,2310.4,2310.4,2310.6,13,70,77
9:30:22,2310.6,2310.4,2310.6,12,63,71
9:30:23,2310.4,2310.4,2310.6,4,61,77
9:30:23,2310.6,2310.4,2310.6,15,54,82
9:30:24,2310.4,2310.4,2310.6,18,53,65
9:30:24,2310.4,2310.4,2310.6,25,32,64
9:30:25,2310.4,2310.4,2310.6,10,24,63
9:30:25,2310.4,2310.4,2310.6,22,4,74
9:30:26,2310.4,2310.2,2310.4,21,1,30
9:30:26,2310.2,2310,2310.2,18,52,16
9:30:27,2310.2,2310,2310.2,6,50,14
9:30:27,2310,2310,2310.2,28,23,14
9:30:28,2310,2310,2310.2,4,19,23
9:30:28,2309.8,2309.8,2310,29,17,3
9:30:29,2310,2309.8,2310.2,9,16,20
9:30:29,2310.2,2310.2,2310.4,26,28,45
9:30:30,2310.2,2310,2310.2,28,3,2
9:30:30,2309.8,2310,2310.2,7,5,3
9:30:31,2309.8,2310,2310.2,10,27,23
9:30:31,2310,2310,2310.2,23,11,16
9:30:32,2309.8,2309.8,2310,74,4,4
9:30:32,2310,2309.8,2310,13,4,5
9:30:33,2309.8,2309.8,2310,3,2,6
9:30:33,2309.8,2309.6,2309.8,9,48,22
9:30:34,2309.8,2309.6,2309.8,18,44,14
9:30:34,2309.8,2309.6,2309.8,7,40,14
9:30:35,2309.8,2309.6,2309.8,2,39,14
9:30:35,2309.6,2309.6,2309.8,19,35,3
9:30:36,2309.6,2309.6,2310,51,16,18
9:30:36,2310,2309.8,2310,4,2,14
9:30:37,2309.8,2309.8,2310,1,1,17
9:30:37,2310,2309.8,2310,28,4,16
9:30:38,2309.8,2309.6,2309.8,9,8,5
9:30:39,2309.6,2309.4,2309.8,10,15,24
9:30:39,2309.8,2309.4,2309.8,2,15,35
9:30:40,2309.6,2309.2,2309.6,29,51,8
9:30:40,2309.4,2309.2,2309.4,3,47,4
9:30:41,2309.4,2309.4,2309.6,9,5,14
9:30:41,2309.2,2309.2,2309.4,7,35,1
9:30:42,2309.4,2309.4,2309.6,5,8,7
9:30:43,2309.2,2309.2,2309.4,13,48,6
9:30:43,2309.2,2309.2,2309.4,38,27,10
9:30:44,2309.2,2309.2,2309.4,6,47,13
9:30:44,2309.2,2309.2,2309.4,22,24,8
9:30:45,2309.4,2309.2,2309.4,33,7,4
9:30:45,2309.2,2309,2309.2,9,118,20
9:30:46,2309,2309,2309.2,25,115,1
9:30:46,2309,2309,2309.2,5,114,8
9:30:47,2309.6,2309.6,2309.8,32,8,28
9:30:47,2309.2,2309.6,2309.8,13,1,30
9:30:48,2309.6,2309.6,2309.8,4,2,34
9:30:48,2309.6,2309.6,2309.8,5,11,31
9:30:49,2309.6,2309.6,2309.8,17,8,21
9:30:49,2309.6,2309.2,2309.4,13,33,1
9:30:50,2309.4,2309.4,2309.6,2,4,19
9:30:50,2309.6,2309.4,2309.6,2,57,18
9:30:51,2309.4,2309.4,2309.6,5,51,18
9:30:51,2310,2309.6,2310,57,2,47
9:30:52,2309.8,2309.8,2310,9,21,49
9:30:52,2309.8,2309.8,2310,1,20,49
9:30:53,2310,2309.8,2310,14,22,37
9:30:53,2310,2310,2310.2,44,30,19
9:30:54,2310,2310,2310.2,1,35,21
9:30:54,2310,2310,2310.2,12,28,20
9:30:55,2310,2310,2310.2,10,23,16
9:30:55,2310,2310,2310.2,4,29,16
9:30:56,2310,2310,2310.2,15,24,8
9:30:56,2310.2,2310,2310.2,4,26,8
9:30:57,2310,2310,2310.2,25,2,16
9:30:57,2310.2,2310,2310.2,3,2,14
9:30:58,2310,2309.8,2310,2,22,39
9:30:58,2310,2309.8,2310,1,19,42
9:30:59,2309.8,2309.8,2310,8,13,42
9:30:59,2309.8,2309.6,2309.8,20,10,4
9:31:00,2309.8,2309.6,2309.8,1,19,3
9:31:00,2309.8,2309.6,2309.8,3,19,2
9:31:01,2309.6,2309.6,2309.8,31,3,4
9:31:01,2309.6,2309.4,2309.6,18,58,1
9:31:02,2309.4,2309.4,2309.6,17,44,5
9:31:02,2309.4,2309.4,2309.8,25,33,2
9:31:03,2309.8,2309.4,2309.8,5,31,2
9:31:03,2309.4,2309.4,2309.8,11,21,11
9:31:04,2309.6,2309.4,2309.6,5,21,3
9:31:04,2309.4,2309.4,2309.6,4,18,3
9:31:05,2309.4,2309.4,2309.6,3,16,14
9:31:05,2309.6,2309.4,2309.6,17,24,3
9:31:06,2309.6,2309.4,2309.6,10,19,3
9:31:06,2309.4,2309.4,2309.6,10,10,2
9:31:07,2309.6,2309.6,2309.8,7,31,14
9:31:07,2309.6,2309.6,2309.8,13,21,13
9:31:08,2309.6,2309.6,2309.8,5,24,12
9:31:08,2309.6,2309.6,2309.8,7,19,12
9:31:09,2309.6,2309.6,2309.8,1,18,15
9:31:10,2309.6,2309.6,2310,22,11,42
9:31:10,2309.6,2309.6,2309.8,7,4,4
9:31:11,2309.6,2309.4,2309.6,8,43,28
9:31:11,2309.4,2309.4,2309.6,5,53,25
9:31:12,2309.6,2309.4,2309.6,1,53,24
9:31:12,2309.6,2309.4,2309.6,12,36,23
9:31:13,2309.4,2309.4,2309.6,13,26,21
9:31:13,2309.4,2309.4,2309.6,3,23,21
9:31:14,2309.6,2309.6,2309.8,26,1,4
9:31:14,2309.6,2309.4,2309.8,1,46,4
9:31:15,2309.6,2309.6,2309.8,5,7,11
9:31:15,2309.8,2309.6,2309.8,18,1,6
9:31:16,2309.6,2309.6,2309.8,1,26,7
9:31:16,2309.6,2309.6,2309.8,5,24,24
9:31:17,2309.6,2309.6,2309.8,1,23,24
9:31:17,2309.8,2309.6,2309.8,4,22,22
9:31:18,2309.6,2309.6,2309.8,2,21,21
9:31:18,2309.6,2309.6,2309.8,7,14,21
9:31:19,2309.6,2309.4,2309.6,26,48,6
9:31:19,2309.6,2309.4,2309.6,1,48,7
9:31:20,2309.4,2309.4,2309.6,15,38,9
9:31:21,2309.4,2309.4,2309.8,24,26,25
9:31:21,2309.4,2309.4,2309.8,1,29,25
9:31:22,2309.4,2309.4,2309.6,10,19,37
9:31:22,2309.4,2309.4,2309.6,14,6,38
9:31:23,2309.4,2309.2,2309.4,7,30,18
9:31:23,2309.4,2309.2,2309.4,8,25,16
9:31:24,2309.4,2309.2,2309.4,2,26,33
9:31:24,2309.2,2309.2,2309.4,3,26,35
9:31:25,2309.2,2309.2,2309.4,1,25,35
9:31:25,2309.2,2309.2,2309.4,24,3,37
9:31:26,2309,2309.2,2309.4,35,1,45
9:31:26,2309.4,2309,2309.4,3,88,44
9:31:27,2309.2,2309.2,2309.4,4,16,42
9:31:27,2309.2,2309,2309.2,17,89,5
9:31:28,2309,2309,2309.2,2,90,10
9:31:28,2309,2309,2309.2,11,81,17
9:31:29,2309,2309,2309.2,24,56,22
9:31:29,2309,2309,2309.2,17,40,21
9:31:30,2309,2309,2309.2,7,36,22
9:31:30,2309,2308.8,2309,43,34,47
9:31:31,2309,2308.8,2309,41,23,32
9:31:31,2309,2308.8,2309,18,20,19
9:31:32,2308.8,2309,2309.2,25,2,51
9:31:32,2308.8,2308.8,2309,25,11,3
9:31:33,2309,2308.8,2309,4,12,2
9:31:33,2309,2309,2309.2,19,6,26
9:31:34,2309.2,2309.2,2309.4,30,32,26
9:31:34,2309.2,2309.2,2309.4,3,29,26
9:31:35,2309.2,2309.2,2309.4,24,41,5
9:31:35,2309.4,2309.4,2309.6,17,31,49
9:31:36,2309.4,2309.4,2309.6,6,27,48
9:31:36,2309.2,2309.2,2309.4,45,31,5
9:31:37,2309.2,2309.2,2309.4,1,31,6
9:31:38,2309.2,2309.2,2309.4,1,30,6
9:31:38,2309.4,2309.4,2309.6,7,2,9
9:31:39,2309.6,2309.2,2309.6,8,35,5
9:31:39,2309.2,2309.2,2309.4,1,35,1
9:31:40,2309.4,2309.2,2309.4,5,35,2
9:31:40,2309.2,2309.4,2309.6,7,4,7
9:31:41,2309.4,2309.4,2309.6,2,4,7
9:31:42,2309.6,2309.4,2309.6,1,4,17
9:31:42,2309.6,2309.4,2309.6,6,10,21
9:31:43,2309.4,2309.4,2309.6,11,9,11
9:31:43,2309.8,2309.6,2309.8,23,2,13
9:31:44,2309.8,2309.8,2310,14,27,84
9:31:44,2309.8,2309.8,2310,2,25,84
9:31:45,2309.8,2309.8,2310,4,21,84
9:31:45,2310,2309.8,2310,10,20,75
9:31:46,2310,2309.8,2310,5,20,71
9:31:46,2309.4,2309.2,2309.4,57,34,24
9:31:47,2309.8,2309.2,2309.4,28,33,1
9:31:47,2309.4,2309.4,2309.6,7,4,1
9:31:48,2309.8,2309.6,2309.8,44,29,30
9:31:49,2309.6,2309.6,2309.8,2,28,30
9:31:50,2309.6,2309.6,2309.8,5,24,34
9:31:51,2309.6,2309.6,2309.8,3,30,41
9:31:51,2309.6,2309.4,2309.6,43,16,22
9:31:52,2309.6,2309.4,2309.6,2,19,23
9:31:52,2309.6,2309.4,2309.6,5,18,18
9:31:53,2309.6,2309.4,2309.6,2,20,23
9:31:54,2309.6,2309.4,2309.6,4,20,23
9:31:55,2309.6,2309.4,2309.6,1,20,24
9:31:55,2309.4,2309.4,2309.6,18,2,25
9:31:56,2309.4,2309.4,2309.6,1,2,25
9:31:57,2309.6,2309.4,2309.6,4,2,29
9:31:58,2309.4,2309.2,2309.4,5,39,28
9:31:58,2309.4,2309.2,2309.4,9,39,20
9:31:59,2309.4,2309.2,2309.4,2,30,19
9:31:59,2309.2,2309.2,2309.4,1,29,21
9:32:00,2309.2,2309.2,2309.4,5,25,21
9:32:00,2309.6,2309.2,2309.6,33,25,19
9:32:01,2309.6,2309.4,2309.6,3,1,20
9:32:02,2309.2,2309.4,2309.6,6,4,17
9:32:02,2309.6,2309.6,2309.8,18,1,44
9:32:03,2309.6,2309.6,2309.8,1,1,44
9:32:03,2309.6,2309.4,2309.6,6,11,5
9:32:04,2309.6,2309.6,2309.8,13,10,48
9:32:05,2309.8,2309.6,2309.8,53,4,3
9:32:05,2309.8,2309.6,2309.8,3,7,2
9:32:06,2309.6,2309.6,2309.8,4,4,2
9:32:06,2309.6,2309.6,2310,44,4,52
9:32:07,2309.8,2309.6,2310,4,1,53
9:32:07,2309.6,2309.4,2309.6,7,10,31
9:32:08,2309.6,2309.4,2309.6,1,10,37
9:32:09,2309.4,2309.4,2309.6,1,9,37
9:32:09,2309.6,2309.4,2309.6,12,11,27
9:32:10,2309.6,2309.4,2309.6,3,11,24
9:32:10,2309.6,2309.4,2309.6,1,11,23
9:32:11,2309.4,2309.4,2309.6,3,8,23
9:32:11,2309.6,2309.4,2309.6,4,8,19
9:32:12,2309.4,2309.4,2309.6,1,8,22
9:32:12,2309.4,2309.4,2309.6,4,40,20
9:32:13,2309.6,2309.4,2309.6,10,43,10
9:32:13,2309.6,2309.4,2309.6,3,43,9
9:32:14,2309.4,2309.4,2309.6,2,42,9
9:32:14,2309.4,2309.6,2309.8,13,30,11
9:32:15,2309.8,2309.6,2309.8,4,29,11
9:32:15,2309.6,2309.6,2309.8,1,29,9
9:32:16,2309.6,2309.6,2309.8,2,28,10
9:32:16,2309.6,2309.6,2309.8,14,16,10
9:32:17,2309.6,2309.6,2309.8,1,15,13
9:32:17,2309.6,2309.6,2309.8,3,15,37
9:32:18,2309.6,2309.6,2309.8,13,14,27
9:32:18,2309.8,2309.6,2309.8,10,16,18
9:32:19,2309.4,2309.4,2309.8,29,42,18
9:32:19,2309.4,2309.4,2309.6,15,35,2
9:32:20,2309.8,2309.6,2309.8,4,33,18
9:32:20,2309.8,2309.6,2309.8,5,30,16
9:32:21,2309.8,2309.8,2310,17,7,64
9:32:21,2310,2309.8,2310,4,4,67
9:32:22,2310,2309.8,2310,3,4,64
9:32:22,2309.8,2309.8,2310,2,3,61
9:32:23,2310,2309.8,2310,17,3,46
9:32:23,2310,2309.8,2310.2,51,5,44
9:32:24,2310,2310,2310.2,9,12,44
9:32:24,2310.2,2310,2310.2,25,10,22
9:32:25,2310.2,2310,2310.2,22,15,11
9:32:25,2310.4,2310.2,2310.4,62,2,5
9:32:26,2310.4,2310.2,2310.4,16,12,4
9:32:26,2310.6,2310.4,2310.6,8,1,56
9:32:27,2310.6,2310.4,2310.6,26,2,52
9:32:27,2310.6,2310.4,2310.6,13,20,41
9:32:28,2310.6,2310.4,2310.6,16,18,27
9:32:28,2310.8,2310.6,2310.8,44,9,166
9:32:29,2310.8,2310.4,2310.8,32,18,150
9:32:29,2310.8,2310.4,2310.8,24,19,145
9:32:30,2310.8,2310.6,2310.8,31,1,135
9:32:30,2310.6,2310.4,2310.6,11,17,10
9:32:31,2310.8,2310.4,2310.6,23,14,3
9:32:31,2310.6,2310.4,2310.6,14,10,29
9:32:32,2310.4,2310.4,2310.6,14,2,38
9:32:32,2310.4,2310.2,2310.4,7,8,2
9:32:33,2310.4,2310.2,2310.4,5,8,3
9:32:33,2310.6,2310.4,2310.6,52,3,6
9:32:34,2310.4,2310.4,2310.6,26,2,3
9:32:34,2310.6,2310.4,2310.6,8,13,2
9:32:35,2310.6,2310.4,2310.6,13,11,4
9:32:35,2310.6,2310.4,2310.6,5,7,3
9:32:36,2310.6,2310.6,2310.8,16,2,111
9:32:36,2310.4,2310.2,2310.4,9,11,13
9:32:37,2310.2,2310.2,2310.4,8,11,7
9:32:37,2310.4,2310.4,2310.6,9,14,10
9:32:38,2310.6,2310.6,2310.8,13,4,113
9:32:38,2310.6,2310.4,2310.8,50,8,75
9:32:39,2310.8,2310.4,2310.8,10,7,74
9:32:39,2310.6,2310.6,2310.8,15,11,79
9:32:40,2310.8,2310.6,2310.8,38,14,44
9:32:40,2310.6,2310.6,2310.8,14,14,38
9:32:41,2310.8,2310.6,2310.8,39,8,14
9:32:41,2310.6,2310.6,2310.8,19,4,8
9:32:42,2310.8,2310.6,2310.8,4,2,8
9:32:42,2310.8,2310.6,2310.8,8,2,28
9:32:43,2310.8,2310.6,2310.8,4,1,29
9:32:43,2310.4,2310.4,2310.6,12,14,18
9:32:44,2310.6,2310.6,2310.8,31,3,33
9:32:44,2310.6,2310.6,2310.8,8,6,24
9:32:45,2310.6,2310.6,2310.8,5,10,26
9:32:45,2310.8,2310.6,2310.8,8,8,21
9:32:46,2310.6,2310.4,2310.6,15,13,9
9:32:46,2310.6,2310.4,2310.6,8,12,2
9:32:47,2310.8,2310.6,2310.8,6,1,22
9:32:47,2310.6,2310.6,2310.8,8,56,17
9:32:48,2310.6,2310.6,2310.8,9,50,15
9:32:48,2310.8,2310.8,2311,19,1,283
9:32:49,2310.8,2310.8,2311,16,21,270
9:32:49,2310.8,2310.8,2311,50,2,234
9:32:50,2310.8,2310.6,2310.8,60,49,2
9:32:50,2310.8,2310.6,2310.8,5,49,14
9:32:51,2310.8,2310.6,2310.8,6,52,29
9:32:51,2310.6,2310.6,2310.8,8,49,34
9:32:52,2310.8,2310.6,2310.8,4,47,33
9:32:52,2310.6,2310.6,2310.8,4,45,41
9:32:53,2310.6,2310.6,2310.8,9,40,41
9:32:53,2310.8,2310.6,2310.8,6,41,66
9:32:54,2310.6,2310.6,2310.8,44,19,57
9:32:54,2310.6,2310.4,2310.6,27,14,16
9:32:55,2310.4,2310.4,2310.6,3,13,18
9:32:55,2310.4,2310.4,2310.6,8,11,17
9:32:56,2310.4,2310.4,2310.6,8,20,14
9:32:56,2310.6,2310.6,2310.8,13,4,68
9:32:57,2310.6,2310.6,2310.8,1,4,67
9:32:57,2310.6,2310.4,2310.6,11,21,7
9:32:58,2310.6,2310.4,2310.6,4,33,4
9:32:58,2310.8,2310.6,2310.8,9,18,68
9:32:59,2310.6,2310.6,2310.8,7,12,69
9:32:59,2310.8,2310.6,2310.8,4,14,67
9:33:00,2310.8,2310.6,2310.8,9,17,61
9:33:00,2310.6,2310.6,2310.8,25,20,38
9:33:01,2310.8,2310.6,2310.8,14,19,26
9:33:01,2310.6,2310.6,2310.8,32,13,17
9:33:02,2310.8,2310.6,2310.8,41,12,1
9:33:02,2310.6,2310.6,2311,10,6,191
9:33:03,2311,2310.8,2311,14,8,182
9:33:03,2310.8,2310.4,2310.6,34,25,1
9:33:04,2310.6,2310.4,2310.8,3,23,3
9:33:04,2310.6,2310.6,2310.8,5,6,17
9:33:05,2310.8,2310.6,2310.8,27,3,9
9:33:05,2310.6,2310.6,2310.8,11,29,9
9:33:06,2310.6,2310.6,2311,60,28,180
9:33:06,2310.6,2310.6,2310.8,8,30,1
9:33:07,2310.6,2310.6,2310.8,3,29,1
9:33:07,2310.6,2310.6,2310.8,7,27,1
9:33:08,2310.6,2310.6,2311,4,25,183
9:33:09,2310.6,2310.4,2310.6,28,24,18
9:33:09,2310.6,2310.4,2310.6,34,19,15
9:33:10,2310.6,2310.4,2310.6,2,18,15
9:33:10,2310.4,2310.4,2310.6,1,17,15
9:33:11,2310.4,2310.2,2310.4,24,14,1
9:33:11,2310.4,2310.4,2310.6,4,1,14
9:33:12,2310.4,2310.2,2310.6,2,18,17
9:33:13,2310.6,2310.4,2310.6,1,6,26
9:33:13,2310.2,2310.2,2310.6,7,26,42
9:33:14,2310.2,2310.4,2310.6,5,5,47
9:33:14,2310.6,2310.4,2310.6,6,2,45
9:33:15,2310.4,2310.2,2310.4,10,22,40
9:33:15,2310.4,2310.2,2310.4,6,21,41
9:33:16,2310.2,2310.2,2310.4,15,9,41
9:33:16,2310.2,2310.2,2310.4,6,6,43
9:33:17,2310.4,2310.2,2310.4,3,4,42
9:33:17,2310.4,2310.2,2310.4,3,2,51
9:33:18,2310.2,2310,2310.2,4,32,1
9:33:18,2310.2,2310,2310.2,1,34,21
9:33:19,2310.2,2310,2310.2,33,15,21
9:33:20,2310.2,2309.8,2310.4,40,19,42
9:33:20,2309.8,2309.8,2310,14,11,6
9:33:21,2310,2309.8,2310.4,51,14,7
9:33:21,2310,2310.2,2310.4,28,1,2
9:33:22,2310.2,2310.2,2310.4,6,1,1
9:33:22,2310.2,2310,2310.4,4,40,1
9:33:23,2310.2,2310.2,2310.4,5,1,2
9:33:23,2310.4,2310.4,2310.6,4,2,54
9:33:24,2310.2,2310.2,2310.4,6,12,2
9:33:24,2310,2309.8,2310,60,13,1
9:33:25,2310.2,2310,2310.2,2,6,10
9:33:25,2310,2309.8,2310,11,14,16
9:33:26,2309.8,2309.6,2309.8,17,34,36
9:33:26,2309.6,2309.6,2309.8,17,20,35
9:33:27,2309.6,2309.4,2309.6,23,74,12
9:33:27,2309.4,2309.4,2309.6,9,72,6
9:33:28,2309.4,2309.4,2309.6,7,67,5
9:33:28,2309.6,2309.6,2309.8,7,4,33
9:33:29,2309.8,2309.6,2309.8,2,6,31
9:33:30,2309.6,2309.4,2309.6,34,67,17
9:33:30,2309.4,2309.6,2309.8,32,15,20
9:33:31,2309.6,2309.6,2309.8,10,7,21
9:33:31,2309.6,2309.4,2309.6,11,64,10
9:33:32,2309.8,2309.6,2309.8,14,1,19
9:33:32,2309.6,2309.4,2309.6,5,65,12
9:33:33,2309.6,2309.4,2309.6,7,66,9
9:33:33,2309.6,2309.4,2309.6,6,64,5
9:33:34,2309.6,2309.4,2309.6,4,62,3
9:33:34,2309.4,2309.4,2309.6,3,61,2
9:33:35,2309.6,2309.4,2309.6,33,30,1
9:33:35,2309.6,2309.4,2309.6,1,31,1
9:33:36,2309.4,2309.2,2309.4,46,39,15
9:33:36,2309.4,2309.2,2309.4,12,40,3
9:33:37,2309.2,2309,2309.2,41,56,5
9:33:37,2309,2309,2309.2,11,54,11
9:33:38,2309,2309,2309.2,6,48,11
9:33:38,2309,2309,2309.2,23,64,12
9:33:39,2309.2,2309,2309.2,41,59,9
9:33:39,2309.2,2309.2,2309.4,12,46,12
9:33:40,2309.4,2309.2,2309.4,4,51,9
9:33:40,2309.2,2309.2,2309.4,17,48,4
9:33:41,2309.2,2309.2,2309.4,8,39,4
9:33:41,2309.4,2309.2,2309.4,8,36,4
9:33:42,2309.2,2309.2,2309.4,6,42,2
9:33:43,2309.4,2309.4,2309.6,2,3,11
9:33:43,2309.6,2309.4,2309.6,57,2,4
9:33:44,2309.4,2309.4,2309.6,3,4,5
9:33:44,2309.4,2309.2,2309.6,11,4,9
9:33:45,2309.6,2309.2,2309.6,1,4,9
9:33:45,2309.4,2309.2,2309.6,1,4,9
9:33:46,2309.2,2309.4,2309.6,1,1,11
9:33:46,2309.4,2309.2,2309.6,9,4,11
9:33:47,2309.2,2309.2,2309.6,4,3,11
9:33:47,2309.2,2309.2,2309.4,2,5,1
9:33:48,2309.2,2309,2309.2,7,74,5
9:33:48,2309.2,2309.2,2309.4,9,2,1
9:33:49,2309.4,2309.4,2309.6,8,5,13
9:33:49,2309.6,2309.4,2309.6,2,11,13
9:33:50,2309.6,2309.4,2309.6,5,7,12
9:33:50,2309.6,2309.4,2309.6,7,1,11
9:33:51,2309.4,2309.2,2309.6,2,16,10
9:33:51,2309.2,2309.2,2309.4,1,26,9
9:33:52,2309.2,2309.2,2309.4,7,32,20
9:33:53,2309.4,2309.2,2309.4,3,30,29
9:33:53,2309.2,2309.2,2309.4,14,39,28
9:33:54,2309.4,2309.2,2309.4,7,33,28
9:33:54,2309.2,2309.2,2309.4,5,30,27
9:33:55,2309.2,2309.2,2309.4,4,26,27
9:33:56,2309.2,2309.2,2309.4,8,22,25
9:33:56,2309.2,2309.2,2309.4,14,13,22
9:33:57,2309.2,2309.2,2309.4,3,12,25
9:33:57,2309.2,2309.2,2309.4,7,10,13
9:33:58,2309.2,2309.2,2309.4,4,10,10
9:33:58,2309.2,2309.2,2309.4,5,9,8
9:33:59,2309.4,2309.2,2309.4,10,6,14
9:33:59,2309.4,2309.2,2309.4,12,4,12
9:34:00,2309.2,2309.2,2309.4,4,2,12
9:34:00,2309.2,2309.2,2309.4,9,19,8
9:34:01,2309.2,2309.2,2309.6,14,13,32
9:34:01,2309.2,2309.4,2309.6,7,2,31
9:34:02,2309.2,2309.2,2309.4,6,11,1
9:34:02,2309.4,2309.2,2309.4,11,11,8
9:34:03,2309.4,2309.4,2309.6,83,1,26
9:34:04,2309.6,2309.4,2309.6,3,3,25
9:34:05,2309.4,2309.2,2309.4,6,28,1
9:34:06,2309.2,2309.2,2309.6,20,15,23
9:34:06,2309.6,2309.4,2309.6,6,9,17
9:34:07,2309.4,2309.4,2309.6,7,3,18
9:34:07,2309.4,2309.4,2309.6,1,6,19
9:34:08,2309.4,2309.2,2309.4,7,18,8
9:34:08,2309.4,2309.2,2309.4,23,14,1
9:34:09,2309.6,2309.2,2309.6,8,14,12
9:34:09,2309.8,2309.4,2309.6,19,10,5
9:34:10,2309.6,2309.6,2309.8,9,1,35
9:34:10,2309.6,2309.4,2309.6,8,11,7
9:34:11,2309.6,2309.4,2309.6,2,31,8
9:34:11,2309.6,2309.4,2309.6,8,30,2
9:34:12,2309.6,2309.6,2309.8,3,9,34
9:34:12,2309.8,2309.6,2309.8,5,10,30
9:34:13,2309.8,2309.6,2309.8,5,8,28
9:34:13,2309.8,2309.6,2309.8,2,6,28
9:34:14,2309.6,2309.4,2309.6,15,26,5
9:34:14,2309.8,2309.6,2309.8,6,4,29
9:34:15,2309.8,2309.6,2309.8,2,6,27
9:34:15,2309.6,2309.6,2309.8,6,4,24
9:34:16,2309.6,2309.4,2309.8,6,23,24
9:34:16,2309.8,2309.6,2309.8,2,2,22
9:34:17,2309.6,2309.4,2309.6,2,26,1
9:34:17,2309.8,2309.6,2309.8,4,6,19
9:34:18,2309.6,2309.6,2309.8,1,5,19
9:34:19,2309.8,2309.8,2310,24,6,85
9:34:19,2310,2309.8,2310,4,3,84
9:34:20,2310,2309.8,2310,4,1,83
9:34:20,2309.8,2309.6,2309.8,17,13,4
9:34:21,2309.8,2309.8,2310,9,4,71
9:34:21,2309.8,2309.8,2310,4,3,69
9:34:22,2309.8,2309.8,2310,1,7,66
9:34:22,2309.8,2309.8,2310,1,6,66
9:34:23,2309.8,2309.8,2310,3,6,67
9:34:23,2309.8,2309.8,2310,5,3,68
9:34:24,2309.8,2309.8,2310,1,2,70
9:34:24,2309.8,2309.6,2310,2,15,70
9:34:25,2309.8,2309.6,2309.8,2,15,4
9:34:25,2309.8,2309.6,2309.8,10,16,6
9:34:26,2309.8,2309.6,2309.8,6,16,1
9:34:26,2309.8,2309.6,2309.8,7,10,3
9:34:27,2309.8,2309.6,2309.8,1,11,2
9:34:27,2309.6,2309.6,2309.8,1,10,6
9:34:28,2309.6,2309.6,2309.8,1,10,29
9:34:29,2309.6,2309.6,2309.8,8,2,34
9:34:29,2309.8,2309.6,2309.8,2,2,34
9:34:30,2309.4,2309.4,2309.6,4,63,1
9:34:30,2309.6,2309.4,2309.8,2,63,44
9:34:31,2309.4,2309.4,2309.8,3,61,41
9:34:31,2309.8,2309.4,2309.8,2,61,42
9:34:32,2309.8,2309.4,2309.6,3,61,1
9:34:32,2309.6,2309.4,2309.8,2,62,41
9:34:34,2309.6,2309.4,2309.8,3,62,41
9:34:35,2309.6,2309.4,2309.6,4,63,1
9:34:36,2309.4,2309.4,2309.6,2,63,9
9:34:37,2309.6,2309.4,2309.6,2,63,9
9:34:37,2309.4,2309.4,2309.6,8,57,8
9:34:38,2309.4,2309.4,2309.6,22,35,10
9:34:38,2309.4,2309.4,2309.6,10,25,10
9:34:39,2309.4,2309.4,2309.6,12,14,17
9:34:39,2309,2309.4,2309.6,64,1,15
9:34:40,2309.4,2309,2309.4,7,39,13
9:34:41,2309.2,2309.2,2309.4,1,1,22
9:34:41,2309.2,2309,2309.4,3,40,24
9:34:43,2309.4,2309,2309.4,3,39,19
9:34:43,2309.2,2309.2,2309.4,6,2,16
9:34:44,2309.2,2309.2,2309.4,2,3,11
9:34:44,2309.6,2309.6,2309.8,40,7,53
9:34:45,2309.4,2309.6,2309.8,11,10,53
9:34:45,2309.6,2309.6,2309.8,3,7,57
9:34:46,2309.6,2309.6,2309.8,11,6,47
9:34:46,2309.4,2309.4,2309.6,9,4,13
9:34:47,2309.4,2309.4,2309.6,5,15,15
9:34:48,2309.6,2309.4,2309.6,1,15,15
9:34:48,2309.4,2309.4,2309.6,1,14,17
9:34:49,2309.4,2309.4,2309.6,5,12,14
9:34:50,2309.6,2309.4,2309.6,9,12,6
9:34:50,2309.6,2309.4,2309.8,8,10,44
9:34:51,2309.4,2309.2,2309.4,13,12,23
9:34:52,2309.4,2309.2,2309.4,7,9,16
9:34:52,2309.4,2309.2,2309.4,1,9,16
9:34:53,2309.4,2309.2,2309.4,1,16,15
9:34:53,2309.2,2309.2,2309.4,2,15,14
9:34:54,2309.4,2309.2,2309.4,7,16,7
9:34:54,2309.2,2309.2,2309.4,8,18,2
9:34:55,2309.4,2309.2,2309.6,3,20,7
9:34:55,2309.4,2309.2,2309.4,3,20,7
9:34:56,2309.4,2309.4,2309.6,9,1,7
9:34:56,2309.4,2309.4,2309.6,1,3,7
9:34:57,2309.2,2309.2,2309.6,9,29,7
9:34:57,2309.2,2309.2,2309.6,1,29,7
9:34:58,2309.2,2309.2,2309.6,3,26,8
9:34:58,2309.6,2309.4,2309.6,4,1,5
9:34:59,2309.6,2309.4,2309.6,2,12,3
9:35:00,2309.8,2309.4,2309.8,8,10,44
9:35:00,2309.8,2309.6,2309.8,24,1,16
9:35:01,2309.8,2309.4,2310,50,10,58
9:35:01,2310,2309.4,2309.8,10,15,1
9:35:02,2309.4,2309.8,2310,25,11,47
9:35:02,2310,2309.8,2310,9,10,39
9:35:03,2310,2309.8,2310,10,3,36
9:35:03,2310,2309.8,2310,3,4,33
9:35:04,2309.8,2309.6,2309.8,7,6,55
9:35:04,2309.8,2309.6,2309.8,6,10,50
9:35:05,2309.6,2309.6,2309.8,13,1,49
9:35:05,2309.8,2309.6,2309.8,2,11,48
9:35:06,2309.8,2309.6,2309.8,4,3,44
9:35:06,2309.6,2309.6,2309.8,4,3,41
9:35:07,2309.6,2309.4,2309.6,9,4,4
9:35:08,2309.6,2309.6,2309.8,5,19,38
9:35:08,2309.8,2309.6,2309.8,18,13,21
9:35:09,2309.8,2309.6,2309.8,8,10,17
9:35:09,2309.8,2309.8,2310,17,4,44
9:35:10,2309.6,2309.4,2309.6,38,22,6
9:35:10,2309.6,2309.4,2309.6,5,24,2
9:35:11,2310,2309.6,2310,4,1,37
9:35:11,2310,2309.6,2310,1,2,39
9:35:12,2310,2309.6,2309.8,1,2,2
9:35:13,2309.6,2309.6,2309.8,2,2,9
9:35:13,2309.8,2309.6,2309.8,8,4,5
9:35:14,2309.8,2309.6,2309.8,7,2,6
9:35:14,2309.6,2309.6,2309.8,2,1,5
9:35:15,2309.8,2309.6,2309.8,3,3,6
9:35:16,2309.6,2309.6,2309.8,3,1,5
9:35:16,2309.8,2309.8,2310,5,1,47
9:35:17,2310,2309.8,2310,1,2,46
9:35:17,2310,2309.8,2310,8,2,41
9:35:18,2310,2309.8,2310,2,1,40
9:35:18,2309.8,2309.6,2309.8,1,5,2
9:35:19,2309.8,2309.6,2309.8,7,5,2
9:35:19,2309.8,2309.6,2309.8,2,4,3
9:35:20,2309.8,2309.8,2310,5,3,40
9:35:20,2310,2309.8,2310,1,4,39
9:35:21,2310,2309.8,2310,10,3,32
9:35:21,2310,2309.8,2310,4,10,28
9:35:22,2310,2309.8,2310,6,13,24
9:35:22,2310,2309.8,2310,5,17,19
9:35:23,2310,2309.8,2310,11,17,8
9:35:23,2310,2310,2310.2,8,19,48
9:35:24,2310.2,2310,2310.2,9,26,39
9:35:24,2310.2,2310,2310.2,14,28,25
9:35:25,2310.2,2310,2310.2,7,26,38
9:35:25,2310.2,2310,2310.2,5,27,33
9:35:26,2310.2,2310,2310.2,11,23,26
9:35:26,2310.2,2310,2310.2,12,23,16
9:35:27,2310.2,2310,2310.2,14,23,3
9:35:27,2310.2,2310.2,2310.4,4,2,15
9:35:28,2310.2,2310.2,2310.4,6,3,28
9:35:28,2310.4,2310.2,2310.4,6,5,33
9:35:29,2310.2,2310.2,2310.4,21,1,17
9:35:29,2310.4,2310.2,2310.4,12,1,3
9:35:30,2310.2,2310.2,2310.6,20,1,22
9:35:30,2310.6,2310.4,2310.6,5,6,17
9:35:31,2310.4,2310.2,2310.6,15,7,8
9:35:31,2310.4,2310.2,2310.4,9,7,3
9:35:32,2310.6,2310.4,2310.6,5,8,1
9:35:32,2310.6,2310.4,2310.6,11,8,2
9:35:33,2310.4,2310.2,2310.4,38,6,16
9:35:33,2310.4,2310.2,2310.4,8,5,9
9:35:34,2310.2,2310.2,2310.4,5,4,20
9:35:34,2310.2,2310,2310.4,10,42,17
9:35:35,2310.2,2310,2310.2,37,12,10
9:35:35,2310.2,2310,2310.2,9,9,4
9:35:36,2310.4,2310.2,2310.4,16,2,19
9:35:36,2310.2,2309.8,2310,5,48,2
9:35:37,2310,2309.8,2310.4,2,50,18
9:35:37,2310.4,2310,2310.4,3,9,16
9:35:38,2310,2309.8,2310.4,12,51,14
9:35:38,2310.4,2310,2310.4,18,2,15
9:35:39,2310,2310,2310.4,1,3,15
9:35:39,2310.4,2310.4,2310.6,15,33,6
9:35:40,2310.6,2310.6,2310.8,9,1,61
9:35:40,2310.6,2310.4,2310.6,17,33,13
9:35:41,2310.4,2310.4,2310.6,7,32,12
9:35:41,2310.4,2310.4,2310.6,7,28,12
9:35:42,2310.6,2310.4,2310.6,3,29,14
9:35:42,2310.6,2310.4,2310.6,4,27,13
9:35:43,2310.6,2310.4,2310.6,7,24,8
9:35:43,2310.6,2310.4,2310.6,2,23,9
9:35:44,2310.6,2310.4,2310.8,9,21,50
9:35:44,2310.6,2310.4,2310.8,4,20,50
9:35:45,2310.8,2310.6,2310.8,2,3,49
9:35:45,2310.8,2310.6,2310.8,6,2,48
9:35:46,2310.6,2310.4,2310.8,10,29,47
9:35:46,2310.6,2310.6,2310.8,6,1,48
9:35:47,2310.8,2310.6,2310.8,2,4,48
9:35:47,2310.8,2310.6,2310.8,6,2,48
9:35:48,2310.6,2310.6,2310.8,3,27,47
9:35:48,2310.8,2310.6,2310.8,20,19,40
9:35:49,2310.8,2310.6,2310.8,27,11,19
9:35:49,2310.8,2310.8,2311,28,6,187
9:35:50,2311,2310.8,2311,3,16,187
9:35:50,2310.8,2310.8,2311,24,5,173
9:35:51,2311,2310.8,2311,7,8,162
9:35:51,2310.8,2310.8,2311,40,23,150
9:35:52,2311,2310.8,2311,7,24,143
9:35:52,2311,2310.8,2311,32,23,114
9:35:53,2311,2310.8,2311,28,22,89
9:35:53,2311,2311,2311.2,89,15,23
9:35:54,2311,2311,2311.2,21,26,6
9:35:54,2311.4,2311.2,2311.4,15,2,73
9:35:55,2311,2311,2311.4,92,17,9
9:35:55,2311.6,2311.4,2311.6,33,25,71
9:35:56,2311.4,2311.4,2311.6,94,10,15
9:35:56,2311.6,2311.6,2311.8,23,10,61
9:35:57,2311.6,2311.6,2311.8,11,11,56
9:35:57,2311.6,2311.4,2311.6,28,14,3
9:35:58,2311.4,2311.4,2311.6,17,21,10
9:35:58,2311.4,2311.4,2311.6,48,16,100
9:35:59,2311.6,2311.2,2311.6,45,12,79
9:35:59,2311.2,2311.2,2311.4,8,10,38
9:36:00,2311.4,2311.4,2311.6,58,16,80
9:36:00,2311.6,2311.4,2311.6,42,25,52
9:36:01,2311.6,2311.4,2311.6,56,2,23
9:36:01,2311.6,2311.6,2311.8,29,7,33
9:36:02,2311.8,2311.4,2311.8,37,3,24
9:36:02,2311.8,2311.4,2311.8,35,7,1
9:36:03,2311.8,2311.6,2311.8,36,6,1
9:36:03,2311.8,2311.8,2312,26,9,49
9:36:04,2311.8,2311.8,2312,8,4,49
9:36:04,2311.8,2311.6,2311.8,18,8,2
9:36:05,2311.8,2311.6,2312,18,8,48
9:36:05,2311.8,2311.8,2312,15,3,48
9:36:06,2311.8,2311.6,2311.8,14,8,2
9:36:06,2311.8,2311.8,2312,6,4,85
9:36:07,2312,2311.6,2312,11,14,87
9:36:07,2312,2311.8,2312,33,1,75
9:36:08,2312,2311.8,2312,20,2,84
9:36:08,2311.8,2311.6,2311.8,16,11,2
9:36:09,2311.8,2311.6,2312,15,15,80
9:36:09,2311.6,2311.6,2311.8,5,14,9
9:36:10,2311.8,2311.6,2311.8,11,13,32
9:36:10,2311.4,2311.4,2311.6,17,13,5
9:36:11,2311.4,2311.2,2311.4,21,29,5
9:36:11,2311.2,2311.2,2311.6,21,36,13
9:36:12,2311.2,2311.2,2311.6,24,31,13
9:36:12,2311.2,2311,2311.2,41,34,3
9:36:13,2311.2,2311.2,2311.6,21,23,12
9:36:13,2311.2,2311.2,2311.6,23,14,10
9:36:14,2311.2,2311.2,2311.6,3,31,16
9:36:14,2311.2,2311.2,2311.6,11,22,16
9:36:15,2311.2,2311.2,2311.6,3,22,118
9:36:15,2311.4,2311.4,2311.6,13,6,116
9:36:16,2311.2,2311.2,2311.4,11,6,5
9:36:16,2311.2,2311,2311.2,17,34,18
9:36:17,2311.2,2311,2311.2,23,20,18
9:36:17,2311.2,2311.2,2311.4,48,33,5
9:36:18,2311.2,2311,2311.2,42,43,26
9:36:18,2311.2,2311,2311.2,17,37,18
9:36:19,2311,2311,2311.2,10,31,18
9:36:19,2311,2311,2311.2,21,24,4
9:36:20,2311.2,2311,2311.2,2,25,2
9:36:20,2311,2311,2311.2,20,10,1
9:36:21,2311.2,2311,2311.2,8,11,1
9:36:21,2311,2311,2311.2,19,8,10
9:36:22,2311,2311,2311.2,12,6,9
9:36:22,2311.2,2311,2311.2,4,9,12
9:36:23,2311,2311,2311.2,15,5,7
9:36:23,2311.2,2311,2311.2,6,14,2
9:36:24,2311.2,2311,2311.4,14,15,34
9:36:24,2311.4,2311.2,2311.4,9,10,32
9:36:25,2311.2,2311.2,2311.4,13,2,27
9:36:25,2311.4,2311.2,2311.4,8,10,21
9:36:26,2311.2,2311.2,2311.4,14,2,16
9:36:26,2311.4,2311.2,2311.4,16,3,6
9:36:27,2311.4,2311.4,2311.6,20,3,120
9:36:27,2311.6,2311.4,2311.6,3,12,117
9:36:28,2311.4,2311.2,2311.4,14,8,1
9:36:28,2311.2,2311.2,2311.4,11,4,8
9:36:29,2311.2,2311.2,2311.4,8,10,1
9:36:29,2311.6,2311.4,2311.6,2,1,115
9:36:30,2311.4,2311.4,2311.6,4,3,112
9:36:30,2311.4,2311.2,2311.4,3,11,2
9:36:31,2311.2,2311.2,2311.4,5,10,4
9:36:31,2311.4,2311.4,2311.6,8,3,113
9:36:32,2311.4,2311.4,2311.6,10,1,124
9:36:32,2311.2,2311.2,2311.4,8,6,1
9:36:33,2311.6,2311.2,2311.4,6,7,4
9:36:33,2311.4,2311.4,2311.6,8,1,111
9:36:34,2311.2,2311.2,2311.4,3,9,6
9:36:34,2311.2,2311.2,2311.4,4,8,4
9:36:35,2311.4,2311.2,2311.4,2,15,13
9:36:35,2311.2,2311.2,2311.4,15,3,12
9:36:36,2311.2,2311,2311.2,14,19,45
9:36:36,2311.2,2311,2311.2,19,11,34
9:36:37,2311.2,2311,2311.2,11,2,33
9:36:37,2311,2311,2311.2,6,1,32
9:36:38,2311,2310.8,2311,2,24,1
9:36:38,2311,2311,2311.2,12,15,40
9:36:39,2311,2311,2311.2,17,3,25
9:36:39,2311,2311,2311.2,3,14,23
9:36:40,2311,2310.8,2311,26,34,7
9:36:40,2311,2310.8,2311,2,34,6
9:36:41,2311,2310.8,2311,6,34,1
9:36:41,2311,2310.8,2311,6,32,3
9:36:42,2311,2311,2311.2,5,1,17
9:36:42,2311,2310.8,2311,19,29,3
9:36:43,2310.8,2310.8,2311,2,30,6
9:36:43,2311,2311,2311.2,8,13,13
9:36:44,2311,2311,2311.2,16,2,9
9:36:44,2311,2311,2311.2,6,3,9
9:36:45,2311,2311,2311.2,6,3,6
9:36:45,2311,2310.8,2311,4,30,1
9:36:46,2310.8,2310.8,2311,8,26,6
9:36:46,2311,2310.8,2311,2,30,5
9:36:47,2310.8,2310.8,2311,13,18,13
9:36:47,2311,2310.8,2311,7,14,13
9:36:48,2311,2310.8,2311,8,8,12
9:36:48,2310.8,2310.8,2311,5,4,11
9:36:49,2311,2310.8,2311,7,3,7
9:36:49,2311,2311,2311.2,9,92,32
9:36:50,2311.2,2311.2,2311.4,33,7,62
9:36:50,2311.4,2311,2311.4,1,94,62
9:36:51,2311.2,2311,2311.2,4,93,1
9:36:51,2311.4,2311.2,2311.4,3,33,60
9:36:52,2311.2,2311.2,2311.4,4,30,59
9:36:52,2311.4,2311.2,2311.4,104,4,55
9:36:53,2311.4,2311,2311.4,14,24,48
9:36:53,2311.4,2311,2311.2,1,25,14
9:36:54,2311.2,2311,2311.2,4,22,11
9:36:54,2311.2,2311,2311.2,12,23,16
9:36:55,2311.2,2311.2,2311.4,28,3,35
9:36:55,2311.4,2311.2,2311.4,2,3,34
9:36:56,2311.2,2311,2311.2,3,29,21
9:36:56,2311.2,2311,2311.4,36,36,41
9:36:57,2311.2,2311,2311.4,6,36,36
9:36:57,2311.4,2311.2,2311.4,1,1,37
9:36:58,2311.4,2311.2,2311.4,1,2,36
9:36:58,2311.4,2311.2,2311.4,3,2,33
9:36:59,2311.4,2311.2,2311.4,2,4,36
9:37:00,2311.4,2311.2,2311.4,1,4,35
9:37:00,2311.4,2311.2,2311.4,18,5,19
9:37:01,2311.4,2311.2,2311.4,3,6,17
9:37:01,2311.2,2311.2,2311.4,9,17,12
9:37:02,2311.6,2311.4,2311.6,20,42,112
9:37:02,2311.4,2311.4,2311.6,5,58,110
9:37:03,2311.4,2311.4,2311.6,1,57,109
9:37:03,2311.6,2311.4,2311.6,6,59,106
9:37:04,2311.4,2311.4,2311.6,97,39,15
9:37:04,2311.6,2311.4,2311.6,14,39,1
9:37:05,2311.6,2311.4,2311.8,3,45,64
9:37:05,2311.6,2311.6,2311.8,9,12,61
9:37:06,2311.8,2311.6,2311.8,2,11,62
9:37:07,2311.8,2311.6,2311.8,4,11,59
9:37:07,2311.6,2311.6,2311.8,24,7,58
9:37:08,2311.6,2311.6,2311.8,20,4,42
9:37:08,2311.8,2311.6,2311.8,27,3,18
9:37:09,2311.6,2311.6,2311.8,4,1,16
9:37:09,2311.6,2311.4,2311.8,4,44,15
9:37:10,2311.8,2311.4,2311.8,6,61,16
9:37:10,2311.6,2311.4,2311.6,15,63,6
9:37:11,2311.6,2311.6,2311.8,9,16,17
9:37:11,2311.8,2311.6,2311.8,2,17,16
9:37:12,2311.8,2311.8,2312,21,3,114
9:37:12,2311.8,2311.8,2312,19,43,97
9:37:13,2312,2311.8,2312,21,47,77
9:37:13,2312,2311.8,2312,56,47,23
9:37:14,2312,2311.8,2312,10,41,16
9:37:14,2312,2311.8,2312,10,41,6
9:37:15,2312,2312,2312.2,9,67,45
9:37:15,2312.2,2312,2312.2,12,70,74
9:37:16,2312,2312,2312.2,8,71,68
9:37:16,2312,2312,2312.2,42,82,32
9:37:17,2312.2,2312,2312.2,11,81,26
9:37:17,2312,2312,2312.2,43,47,15
9:37:18,2312,2312,2312.2,23,30,12
9:37:18,2312,2312,2312.2,11,26,39
9:37:19,2312,2311.8,2312,51,69,14
9:37:19,2311.8,2312,2312.2,43,1,33
9:37:20,2312.2,2312.2,2312.4,46,4,40
9:37:20,2312.2,2312.2,2312.4,39,4,16
9:37:21,2312.4,2312.2,2312.4,6,14,14
9:37:21,2312.4,2312.4,2312.6,34,17,27
9:37:22,2312.4,2312.4,2312.6,20,36,10
9:37:22,2312.6,2312.6,2312.8,14,39,88
9:37:23,2312.8,2312.6,2312.8,65,20,46
9:37:23,2312.8,2312.6,2312.8,34,15,18
9:37:24,2312.8,2312.6,2312.8,16,15,9
9:37:24,2312.8,2312.6,2313,23,11,92
9:37:25,2312.8,2312.6,2312.8,18,6,20
9:37:25,2312.8,2312.8,2313,42,2,110
9:37:26,2312.6,2312.4,2312.6,29,28,26
9:37:26,2312.6,2312.4,2312.6,27,23,33
9:37:27,2312.4,2312.4,2312.6,40,16,36
9:37:27,2312.6,2312.4,2312.6,21,4,21
9:37:28,2312.4,2312.2,2312.4,26,32,1
9:37:28,2312.4,2312.4,2312.6,6,2,37
9:37:29,2312.4,2312.2,2312.4,19,34,11
9:37:29,2312.4,2312.2,2312.4,7,34,4
9:37:30,2312.4,2312.2,2312.6,12,32,41
9:37:30,2312.8,2312.6,2312.8,63,10,47
9:37:31,2312.6,2312.6,2312.8,28,8,22
9:37:31,2312.8,2312.6,2312.8,7,10,14
9:37:32,2312.8,2312.6,2312.8,15,16,3
9:37:32,2312.8,2312.8,2313,6,15,87
9:37:33,2312.8,2312.8,2313,15,19,83
9:37:33,2313,2312.8,2313,60,8,40
9:37:34,2312.8,2312.8,2313,12,2,35
9:37:34,2313,2312.8,2313,59,1,25
9:37:35,2312.8,2312.6,2312.8,26,4,4
9:37:35,2312.6,2312.4,2312.8,34,10,2
9:37:36,2312.8,2312.8,2313.2,21,5,26
9:37:36,2313,2312.6,2312.8,9,22,1
9:37:37,2312.8,2312.8,2313.2,17,4,27
9:37:37,2312.6,2312.6,2312.8,7,21,1
9:37:38,2313,2313,2313.2,30,13,7
9:37:38,2313.2,2313.2,2313.4,16,2,32
9:37:39,2313.2,2313,2313.2,17,2,8
9:37:39,2313.4,2312.8,2313.4,23,3,36
9:37:40,2313,2312.8,2313,38,19,1
9:37:40,2313.4,2313.2,2313.4,31,1,2
9:37:41,2313.2,2313,2313.2,9,9,3
9:37:41,2313.4,2313.2,2313.4,17,1,1
9:37:42,2313.4,2313,2313.4,11,9,12
9:37:42,2313.4,2313,2313.4,14,18,4
9:37:43,2313,2313,2313.4,34,1,33
9:37:43,2313.2,2313,2313.2,13,5,19
9:37:44,2313,2313,2313.2,7,1,31
9:37:44,2313.2,2312.8,2313,5,32,13
9:37:45,2313,2312.8,2313,5,39,29
9:37:45,2313,2312.8,2313,7,36,26
9:37:46,2312.8,2312.8,2313,20,35,9
9:37:46,2313,2312.8,2313,14,27,4
9:37:47,2312.8,2312.8,2313.2,10,25,17
9:37:47,2313.2,2313,2313.2,5,2,14
9:37:48,2313,2312.8,2313,17,23,1
9:37:48,2313.2,2313.2,2313.4,14,17,53
9:37:49,2313.2,2313.2,2313.4,14,13,46
9:37:49,2313.4,2313.2,2313.4,10,10,26
9:37:50,2312.8,2312.8,2313,23,18,2
9:37:50,2313.2,2313,2313.2,12,23,45
9:37:51,2313.2,2313,2313.2,18,31,40
9:37:51,2313,2313,2313.2,25,12,35
9:37:52,2313,2313,2313.2,32,8,15
9:37:52,2313,2312.8,2313.2,16,18,11
9:37:53,2313.2,2312.8,2313,21,2,1
9:37:53,2312.8,2312.8,2313.2,14,3,19
9:37:54,2312.8,2312.6,2313,7,7,18
9:37:54,2312.8,2312.4,2312.8,26,40,11
9:37:55,2312.6,2312.4,2312.8,30,16,7
9:37:55,2312.4,2312.4,2312.8,9,11,6
9:37:56,2312.6,2312.4,2312.6,8,7,2
9:37:56,2312.4,2312.4,2312.8,36,1,15
9:37:57,2312.4,2312.2,2312.4,12,13,3
9:37:57,2312.2,2312.4,2313,26,3,38
9:37:58,2312.4,2312.4,2312.6,7,36,1
9:37:58,2312.6,2312.6,2312.8,3,33,2
9:37:59,2312.6,2312.6,2312.8,36,32,6
9:37:59,2312.8,2312.6,2312.8,15,30,3
9:38:00,2313,2312.6,2312.8,21,9,1
9:38:00,2313.2,2313,2313.2,33,7,35
9:38:01,2313,2313,2313.2,7,6,32
9:38:01,2313,2312.8,2313.2,18,17,22
9:38:02,2312.8,2312.8,2313.2,15,46,16
9:38:02,2313,2313,2313.2,30,30,14
9:38:03,2313.2,2313,2313.2,13,29,5
9:38:03,2313,2313,2313.2,6,38,6
9:38:04,2313.2,2313.2,2313.4,8,28,79
9:38:04,2313.2,2313.2,2313.4,6,33,82
9:38:05,2313.4,2313.2,2313.4,29,31,55
9:38:05,2313.4,2313.2,2313.4,31,13,67
9:38:06,2313,2313,2313.2,39,16,24
9:38:06,2313,2313,2313.2,22,9,21
9:38:07,2312.8,2312.8,2313,20,33,3
9:38:07,2313.2,2313,2313.2,16,1,28
9:38:08,2313.2,2312.8,2313,25,2,1
9:38:08,2312.8,2312.8,2313,3,4,14
9:38:09,2312.8,2312.8,2313,8,33,9
9:38:09,2312.8,2312.8,2313,6,32,19
9:38:10,2312.8,2312.8,2313,4,32,26
9:38:10,2312.8,2312.8,2313,4,30,24
9:38:11,2312.8,2312.8,2313,6,4,24
9:38:11,2312.8,2312.8,2313,28,6,24
9:38:12,2312.8,2312.6,2312.8,10,13,9
9:38:12,2312.8,2312.6,2312.8,4,23,9
9:38:13,2312.8,2312.6,2312.8,2,24,25
9:38:13,2312.8,2312.8,2313,39,24,40
9:38:14,2312.8,2312.8,2313,6,19,42
9:38:15,2312.8,2312.8,2313,6,34,41
9:38:15,2312.8,2312.8,2313,4,30,41
9:38:16,2312.8,2312.8,2313,23,12,40
9:38:16,2312.8,2312.8,2313,6,8,40
9:38:17,2312.8,2312.6,2312.8,40,25,1
9:38:17,2312.8,2312.8,2313,2,1,13
9:38:18,2312.6,2312.6,2312.8,9,23,13
9:38:18,2312.8,2312.6,2312.8,11,23,11
9:38:19,2312.8,2312.6,2312.8,3,23,8
9:38:19,2312.6,2312.6,2312.8,3,22,6
9:38:20,2312.8,2312.6,2312.8,4,22,2
9:38:20,2312.8,2312.8,2313,3,1,13
9:38:21,2312.8,2312.6,2312.8,12,27,6
9:38:21,2312.6,2312.6,2313,18,20,19
9:38:22,2312.6,2312.6,2313,17,19,7
9:38:22,2313,2312.6,2313.2,10,18,65
9:38:23,2312.6,2312.6,2312.8,11,17,2
9:38:23,2312.8,2312.6,2313,5,17,1
9:38:24,2312.8,2312.8,2313,7,2,2
9:38:24,2312.8,2312.8,2313,8,10,7
9:38:25,2312.8,2312.8,2313,5,11,25
9:38:25,2312.8,2312.8,2313,12,15,19
9:38:26,2312.8,2312.8,2313,12,15,8
9:38:26,2313,2312.8,2313,5,15,4
9:38:27,2312.8,2312.8,2313,9,18,7
9:38:27,2313,2312.8,2313,3,18,5
9:38:28,2312.8,2312.8,2313,6,14,6
9:38:28,2312.8,2312.8,2313,4,24,12
9:38:29,2312.8,2312.8,2313,3,22,13
9:38:29,2313,2312.8,2313,6,22,10
9:38:30,2313,2312.8,2313,27,1,4
9:38:30,2312.6,2312.6,2313.2,9,24,76
9:38:31,2313,2312.6,2312.8,2,24,2
9:38:31,2312.8,2312.6,2312.8,13,14,2
9:38:32,2312.6,2312.6,2312.8,2,15,2
9:38:32,2312.8,2312.8,2313,3,1,26
9:38:33,2313,2312.8,2313,3,1,23
9:38:33,2312.8,2312.6,2313,3,17,23
9:38:34,2312.6,2312.6,2312.8,5,13,3
9:38:34,2313,2312.8,2313,4,1,53
9:38:35,2312.8,2312.6,2313,1,14,56
9:38:35,2312.6,2312.6,2312.8,3,14,1
9:38:36,2312.8,2312.6,2312.8,4,13,3
9:38:36,2313,2312.6,2312.8,4,39,1
9:38:37,2313,2312.6,2313,9,14,55
9:38:37,2312.8,2312.6,2313,6,16,52
9:38:38,2312.8,2312.6,2312.8,4,31,8
9:38:38,2312.6,2312.6,2312.8,6,28,5
9:38:39,2312.8,2312.6,2312.8,5,27,27
9:38:39,2312.8,2312.6,2312.8,11,43,16
9:38:40,2312.6,2312.6,2312.8,27,20,2
9:38:40,2312.6,2312.6,2312.8,3,19,5
9:38:41,2312.6,2312.6,2312.8,13,10,4
9:38:41,2312.6,2312.6,2312.8,7,7,7
9:38:42,2312.6,2312.4,2312.6,10,40,10
9:38:42,2312.6,2312.4,2312.6,1,41,10
9:38:43,2312.6,2312.4,2312.6,1,55,9
9:38:43,2312.8,2312.6,2312.8,49,2,18
9:38:44,2312.6,2312.6,2312.8,22,1,17
9:38:44,2312.8,2312.6,2312.8,3,15,24
9:38:45,2312.6,2312.6,2312.8,12,24,14
9:38:45,2312.6,2312.4,2312.6,20,18,3
9:38:46,2312.6,2312.4,2312.6,10,9,7
9:38:46,2312.6,2312.6,2312.8,7,31,15
9:38:47,2312.8,2312.6,2312.8,8,26,13
9:38:47,2312.6,2312.6,2312.8,9,19,14
9:38:48,2312.8,2312.6,2312.8,7,31,10
9:38:48,2312.6,2312.6,2312.8,3,30,9
9:38:49,2312.8,2312.6,2312.8,11,25,12
9:38:49,2312.8,2312.6,2312.8,5,24,8
9:38:50,2312.6,2312.6,2312.8,4,23,5
9:38:50,2312.8,2312.6,2312.8,7,31,2
9:38:51,2312.6,2312.6,2312.8,13,20,2
9:38:51,2312.6,2312.4,2312.6,25,14,9
9:38:52,2312.4,2312.4,2312.6,14,16,8
9:38:52,2312.6,2312.4,2312.6,5,16,12
9:38:53,2312.6,2312.4,2312.6,1,17,12
9:38:53,2312.2,2312.2,2312.4,23,33,10
9:38:54,2312.4,2312.2,2312.4,5,32,9
9:38:54,2312.2,2312.2,2312.4,6,32,5
9:38:55,2312.4,2312.2,2312.4,4,33,1
9:38:55,2312.2,2312.4,2312.6,12,9,11
9:38:56,2312.2,2312.4,2312.6,13,4,8
9:38:56,2312.4,2312.4,2312.6,5,13,7
9:38:57,2312.4,2312.4,2312.8,8,32,13
9:38:57,2312.4,2312.6,2312.8,22,1,11
9:38:58,2312.4,2312.6,2312.8,21,7,12
9:38:58,2312.6,2312.8,2313,23,5,54
9:38:59,2312.8,2312.8,2313,2,3,55
9:38:59,2312.8,2312.8,2313,5,2,61
9:39:00,2312.6,2312.6,2313,5,9,61
9:39:00,2313,2312.8,2313,23,32,48
9:39:01,2312.8,2312.8,2313,36,6,37
9:39:01,2313,2313,2313.2,67,35,59
9:39:02,2313,2313,2313.2,34,8,52
9:39:02,2313.2,2313.2,2313.4,52,6,47
9:39:03,2313.2,2313.2,2313.4,1,8,47
9:39:03,2313.2,2313.2,2313.4,5,7,47
9:39:04,2313.2,2313,2313.2,10,12,1
9:39:04,2313.4,2313.2,2313.4,7,1,42
9:39:05,2313.4,2313.2,2313.4,37,10,6
9:39:05,2313.6,2313.4,2313.6,14,17,74
9:39:06,2313.4,2313.4,2313.6,50,34,31
9:39:06,2313.6,2313.6,2313.8,37,32,70
9:39:07,2313.8,2313.6,2313.8,42,26,31
9:39:07,2313.8,2313.6,2314,35,29,58
9:39:08,2314.4,2314,2314.4,80,19,71
9:39:08,2314.4,2314,2314.4,59,17,23
9:39:09,2314.4,2314,2314.2,27,15,2
9:39:09,2314.6,2314.4,2314.6,56,12,22
9:39:10,2314.6,2314.4,2314.6,27,8,6
9:39:10,2314.6,2314.6,2314.8,29,68,136
9:39:11,2314.8,2314.6,2314.8,38,48,129
9:39:11,2314.8,2314.6,2314.8,55,42,84
9:39:12,2314.8,2314.6,2314.8,72,24,33
9:39:12,2314.8,2314.6,2314.8,41,12,12
9:39:13,2314.8,2314.6,2314.8,26,12,6
9:39:13,2314.8,2314.6,2314.8,24,4,36
9:39:14,2314.6,2314.4,2314.6,50,10,9
9:39:14,2314.2,2314.2,2314.4,63,2,2
9:39:15,2314.2,2314,2314.2,26,19,28
9:39:15,2314,2314,2314.2,28,24,20
9:39:16,2314,2314,2314.2,30,3,27
9:39:16,2314.2,2313.8,2314,30,1,15
9:39:17,2314,2313.8,2314,44,18,5
9:39:17,2314,2314,2314.2,26,5,3
9:39:18,2314.2,2314.2,2314.4,6,4,10
9:39:18,2314.2,2314.2,2314.4,3,8,10
9:39:19,2314.4,2314.4,2314.6,24,1,20
9:39:19,2314.4,2314.4,2314.6,13,3,14
9:39:20,2314.6,2314.2,2314.6,22,6,5
9:39:20,2314.4,2314.4,2314.6,11,8,2
9:39:21,2314.8,2314.2,2314.6,18,16,1
9:39:21,2314.6,2314.4,2314.8,9,16,30
9:39:22,2314.4,2314.4,2314.8,37,2,22
9:39:22,2314.4,2314.4,2314.6,7,7,18
9:39:23,2314.4,2314.2,2314.6,46,16,5
9:39:23,2314.2,2314.2,2314.4,4,14,4
9:39:24,2314.2,2314,2314.2,50,18,24
9:39:24,2314.2,2314,2314.2,10,17,23
9:39:25,2314.2,2314,2314.2,7,16,21
9:39:25,2314.2,2314,2314.2,8,15,17
9:39:26,2314.2,2314,2314.2,9,15,11
9:39:26,2314.2,2314,2314.2,5,14,7
9:39:27,2314,2314,2314.2,8,11,2
9:39:27,2314,2313.8,2314,15,10,53
9:39:28,2314,2313.6,2314,27,13,40
9:39:28,2313.8,2313.6,2313.8,18,14,4
9:39:29,2313.6,2313.6,2313.8,26,2,2
9:39:29,2313.4,2313.8,2314,44,8,42
9:39:30,2314,2313.8,2314,12,2,44
9:39:30,2314,2313.8,2314,44,11,2
9:39:31,2314.2,2313.8,2314.2,6,9,3
9:39:31,2313.8,2313.8,2314.4,6,10,33
9:39:32,2313.8,2314,2314.4,5,9,35
9:39:32,2313.8,2314.2,2314.4,5,1,34
9:39:33,2314.4,2314,2314.2,4,8,1
9:39:33,2314.4,2314,2314.2,5,48,3
9:39:34,2314,2313.8,2314,56,28,8
9:39:34,2314,2313.8,2314,12,31,1
9:39:35,2314,2314,2314.2,6,35,26
9:39:35,2314,2314,2314.2,9,31,37
9:39:36,2314,2314,2314.2,83,13,38
9:39:36,2314,2314,2314.2,12,23,36
9:39:37,2314,2314,2314.2,30,12,22
9:39:37,2314,2313.8,2314,20,29,10
9:39:38,2314,2313.8,2314,4,32,8
9:39:38,2314,2314,2314.2,33,1,21
9:39:39,2314,2313.8,2314.2,4,27,25
9:39:39,2314,2314,2314.2,3,19,28
9:39:40,2314,2314,2314.2,16,10,25
9:39:40,2314,2314,2314.2,5,11,26
9:39:41,2314,2314,2314.2,2,38,25
9:39:41,2314.2,2314,2314.2,4,41,24
9:39:42,2314.2,2314,2314.2,25,37,6
9:39:42,2314.4,2314.2,2314.4,51,8,24
9:39:43,2314,2314,2314.4,8,23,20
9:39:43,2314.4,2314,2314.4,6,44,16
9:39:44,2314.2,2314,2314.4,22,29,12
9:39:44,2314.2,2314.2,2314.4,2,14,12
9:39:45,2314.2,2314.2,2314.4,6,10,15
9:39:45,2314.6,2314.6,2314.8,50,4,33
9:39:46,2314.6,2314.4,2314.6,41,19,1
9:39:46,2314.6,2314.4,2314.6,3,14,12
9:39:47,2314.4,2314.4,2314.8,25,5,11
9:39:47,2314.8,2314.6,2314.8,7,2,6
9:39:48,2314.4,2314.2,2314.4,13,20,3
9:39:48,2315,2314.4,2314.6,10,2,1
9:39:49,2314.4,2314.4,2314.6,12,3,6
9:39:49,2314.4,2314.4,2314.6,10,2,1
9:39:50,2314.8,2314.4,2314.6,5,3,1
9:39:50,2314.6,2314.6,2314.8,6,13,8
9:39:51,2314.6,2314.6,2314.8,4,21,7
9:39:51,2314.6,2314.6,2314.8,6,16,10
9:39:52,2314.6,2314.6,2314.8,17,8,5
9:39:52,2314.8,2314.6,2314.8,23,41,2
9:39:53,2314.6,2314.6,2314.8,26,19,6
9:39:53,2314.8,2314.6,2314.8,2,23,5
9:39:54,2314.8,2314.6,2314.8,12,45,13
9:39:54,2314.8,2314.6,2314.8,9,45,20
9:39:55,2314.6,2314.6,2314.8,27,52,2
9:39:55,2314.8,2314.8,2315,7,2,225
9:39:56,2314.8,2314.8,2315,19,9,224
9:39:56,2314.8,2314.6,2314.8,19,59,1
9:39:57,2314.6,2314.6,2314.8,4,64,16
9:39:57,2314.8,2314.6,2314.8,11,63,33
9:39:58,2314.8,2314.6,2314.8,34,70,17
9:39:58,2314.8,2314.6,2314.8,21,62,29
9:39:59,2314.8,2314.6,2314.8,5,63,52
9:39:59,2314.6,2314.6,2314.8,68,39,20
9:40:00,2314.6,2314.4,2314.6,51,34,6
9:40:00,2314.6,2314.6,2314.8,71,7,1
9:40:01,2314.6,2314.4,2315,58,5,224
9:40:01,2314.4,2314.4,2314.6,30,9,5
9:40:02,2314.6,2314.6,2315,33,8,220
9:40:02,2315,2314.6,2315,21,11,220
9:40:03,2314.6,2314.6,2314.8,34,4,1
9:40:03,2314.8,2314.8,2315,25,4,203
9:40:04,2314.6,2314.8,2315,10,2,201
9:40:04,2315,2314.8,2315,8,1,198
9:40:05,2314.8,2314.6,2315,14,29,188
9:40:05,2315,2314.6,2315,29,36,173
9:40:06,2315,2314.8,2315,3,81,172
9:40:06,2314.8,2314.8,2315,74,94,110
