9:14:00,2252,2251.2,2252,314,1,1
9:15:00,2252,2250.4,2251.2,112,3,10
9:15:01,2250.8,2250.6,2250.8,88,13,6
9:15:01,2250,2250,2250.4,84,24,2
9:15:02,2250.6,2249.8,2250.6,74,1,4
9:15:02,2250,2249.6,2249.8,71,1,2
9:15:03,2249.2,2249.2,2249.4,23,3,6
9:15:03,2249.2,2249,2249.2,43,39,9
9:15:04,2249.2,2249,2249.2,38,24,7
9:15:04,2249.2,2249.2,2249.4,48,4,5
9:15:05,2249.2,2248.8,2249.2,72,1,32
9:15:05,2249.2,2248.2,2249,57,19,1
9:15:06,2248.8,2248.2,2248.8,48,6,19
9:15:06,2248.4,2248.4,2248.6,31,5,28
9:15:07,2248.2,2248.2,2248.6,30,11,22
9:15:07,2248.4,2246.4,2248.2,133,17,1
9:15:08,2246.2,2246.6,2247.6,63,14,8
9:15:08,2247.2,2246.6,2247.2,73,1,32
9:15:09,2247,2246.8,2247,78,4,8
9:15:09,2247.2,2247,2247.2,55,14,2
9:15:10,2247.4,2247.4,2248,20,4,5
9:15:10,2248,2247.6,2248,25,40,8
9:15:11,2248.2,2248,2248.2,23,54,48
9:15:11,2248.2,2248,2248.2,53,48,12
9:15:12,2248.4,2248.2,2248.4,42,6,73
9:15:12,2248.2,2248,2248.2,47,50,17
9:15:13,2248.2,2248,2248.2,13,47,18
9:15:13,2248,2248,2248.4,37,47,55
9:15:14,2248,2248,2248.4,27,28,53
9:15:14,2248,2248,2248.4,42,21,41
9:15:15,2248.2,2248.2,2248.4,29,12,36
9:15:15,2248.2,2248.2,2248.4,10,13,45
9:15:16,2248.4,2248.2,2248.4,4,12,44
9:15:16,2248.4,2248.2,2248.4,33,9,15
9:15:17,2248.4,2248.2,2248.4,15,6,4
9:15:17,2248.2,2248.4,2248.6,16,26,9
9:15:18,2248.6,2248.4,2248.6,7,38,2
9:15:18,2248.6,2248.6,2248.8,22,27,25
9:15:19,2248.6,2248.6,2248.8,29,26,31
9:15:19,2248.2,2248,2248.2,91,46,31
9:15:20,2248.2,2248,2248.2,24,48,15
9:15:20,2248.2,2248,2248.2,20,39,12
9:15:21,2248,2248,2248.2,37,11,8
9:15:21,2248.4,2248.4,2248.6,28,14,54
9:15:22,2248.2,2248.2,2248.4,25,6,29
9:15:22,2248.2,2248,2248.2,19,13,34
9:15:23,2248,2247.8,2248,32,1,18
9:15:23,2247.8,2247.4,2247.8,20,7,14
9:15:24,2247.4,2247.2,2247.4,25,32,10
9:15:24,2247.8,2247.4,2247.8,27,5,36
9:15:25,2247.4,2247.4,2247.6,15,3,4
9:15:25,2247.4,2247.2,2247.4,9,22,1
9:15:26,2247.2,2247.2,2247.8,28,14,10
9:15:26,2247.2,2247.2,2247.8,13,20,9
9:15:27,2247.2,2247.2,2248,20,7,65
9:15:27,2247.8,2247.4,2247.8,11,18,13
9:15:28,2248,2247.8,2248,20,6,61
9:15:28,2247.8,2247.4,2247.8,34,3,9
9:15:29,2248,2247.4,2248,17,1,50
9:15:29,2248,2247.4,2247.8,28,21,3
9:15:30,2247.8,2247.8,2248,9,3,27
9:15:30,2247.8,2247.6,2247.8,17,1,7
9:15:31,2247.8,2247.6,2247.8,4,6,5
9:15:31,2248,2247.6,2247.8,9,7,7
9:15:32,2247.6,2247.4,2247.6,31,8,1
9:15:32,2247.2,2247.2,2248,22,18,15
9:15:33,2247.4,2247.4,2247.6,7,8,1
9:15:33,2247.8,2247.6,2247.8,6,9,21
9:15:34,2247.6,2247.4,2247.8,30,15,20
9:15:34,2247.6,2247.4,2247.6,5,16,3
9:15:35,2247.8,2247.6,2247.8,6,1,18
9:15:35,2247.8,2247.4,2247.6,7,19,1
9:15:36,2247.8,2247.4,2247.8,4,18,6
9:15:36,2247.6,2247.4,2247.6,17,30,2
9:15:37,2247.6,2247.4,2247.6,29,13,1
9:15:37,2247.6,2247.4,2247.8,25,3,5
9:15:38,2247.4,2247.2,2247.4,6,39,4
9:15:38,2247.6,2247.2,2247.6,24,25,1
9:15:39,2247.6,2247.6,2248,19,3,61
9:15:39,2247.2,2247.2,2247.4,10,21,3
9:15:40,2247.6,2247.4,2247.6,5,4,1
9:15:40,2247.2,2247.2,2247.4,13,19,4
9:15:41,2247.6,2247.4,2247.6,15,11,7
9:15:41,2247.2,2247,2247.2,46,107,8
9:15:42,2247.2,2247,2247.2,6,108,3
9:15:42,2247.6,2247.2,2247.6,16,1,12
9:15:43,2247.2,2247,2247.6,10,98,8
9:15:43,2247.6,2247,2247.6,29,94,13
9:15:44,2247.6,2247.2,2247.6,4,11,10
9:15:44,2247.2,2247.2,2247.6,5,6,13
9:15:45,2247.2,2247.2,2247.6,6,2,13
9:15:45,2247.4,2247.2,2247.4,3,3,4
9:15:46,2247.2,2247.2,2247.6,10,8,9
9:15:46,2247.6,2247.2,2247.6,6,15,6
9:15:47,2247.4,2247.4,2247.6,9,8,5
9:15:47,2247.6,2247.4,2247.6,11,22,11
9:15:48,2247.4,2247.4,2247.6,17,10,10
9:15:48,2247.6,2247.4,2247.6,11,9,2
9:15:49,2247.6,2247.4,2247.6,2,10,2
9:15:49,2247.4,2247.4,2247.6,3,11,11
9:15:50,2247.4,2247.4,2247.6,3,18,9
9:15:50,2247.4,2247.4,2247.6,15,11,8
9:15:51,2247.6,2247.4,2247.6,2,15,7
9:15:51,2247.6,2247.4,2247.6,5,14,5
9:15:52,2247.2,2247.2,2247.6,20,29,6
9:15:52,2247.6,2247.4,2247.8,9,8,37
9:15:53,2247.8,2247.6,2247.8,3,1,36
9:15:53,2247.8,2247.4,2247.8,5,8,32
9:15:54,2247.8,2247.6,2248,63,2,50
9:15:54,2247.6,2247.8,2248,17,15,50
9:15:55,2248,2247.8,2248,13,15,39
9:15:55,2248,2247.8,2248,7,15,34
9:15:56,2248,2247.8,2248,20,3,28
9:15:56,2247.8,2247.6,2248,4,6,27
9:15:57,2248,2247.6,2247.8,6,7,2
9:15:57,2248,2247.6,2247.8,12,7,1
9:15:58,2248,2248,2248.2,31,25,24
9:15:58,2248,2248,2248.2,2,26,26
9:15:59,2248.2,2248.2,2248.4,28,8,28
9:15:59,2248.2,2248.2,2248.4,6,7,28
9:16:00,2248,2248,2248.4,25,31,14
9:16:00,2248.4,2248.4,2248.6,37,2,22
9:16:01,2248.4,2248.4,2248.6,47,3,21
9:16:01,2248.6,2248.4,2248.6,25,8,18
9:16:02,2248.4,2248.4,2248.6,29,7,5
9:16:02,2248.4,2248,2248.4,25,8,33
9:16:03,2248.4,2248,2248.4,13,5,28
9:16:03,2248.4,2248,2248.2,15,4,2
9:16:04,2248,2248,2248.2,1,3,48
9:16:04,2247.8,2247.6,2248,5,22,8
9:16:05,2248,2247.6,2248,7,21,9
9:16:05,2248,2247.6,2248,10,20,16
9:16:06,2248,2247.6,2247.8,9,19,2
9:16:06,2247.8,2247.6,2248,6,19,10
9:16:07,2248,2247.8,2248,11,2,3
9:16:07,2248,2247.8,2248.2,7,1,50
9:16:08,2247.6,2247.6,2248,3,18,1
9:16:08,2248.2,2248,2248.2,7,3,48
9:16:09,2248,2247.8,2248.2,4,1,48
9:16:09,2248,2247.8,2248,2,1,2
9:16:10,2248,2247.8,2248,4,3,11
9:16:10,2248,2247.8,2248,10,3,2
9:16:11,2248,2247.8,2248,1,3,6
9:16:11,2247.8,2247.8,2248,8,1,4
9:16:12,2247.8,2247.8,2248,4,7,4
9:16:12,2248,2248,2248.2,24,7,5
9:16:13,2248,2247.6,2248,13,23,3
9:16:13,2248,2247.8,2248.2,4,2,7
9:16:14,2247.8,2247.6,2248,3,26,10
9:16:14,2247.6,2247.6,2248,9,24,6
9:16:15,2247.6,2247.6,2248,1,23,6
9:16:15,2247.6,2247.4,2247.6,25,44,17
9:16:16,2247.6,2247.4,2247.6,1,44,24
9:16:16,2247.6,2247.4,2247.6,5,42,22
9:16:17,2247.4,2247.4,2247.6,20,36,9
9:16:18,2247.6,2247.6,2247.8,17,22,6
9:16:18,2248,2247.6,2248,13,19,16
9:16:19,2248,2247.8,2248,2,6,16
9:16:19,2247.8,2247.8,2248,3,7,15
9:16:20,2247.6,2247.6,2248,11,25,14
9:16:20,2247.6,2247.8,2248,2,1,12
9:16:21,2247.8,2247.6,2247.8,6,25,1
9:16:21,2247.6,2247.6,2247.8,1,24,1
9:16:22,2247.8,2247.6,2248,2,25,12
9:16:22,2247.8,2247.6,2247.8,3,27,3
9:16:23,2247.8,2247.6,2247.8,1,27,2
9:16:23,2247.6,2247.6,2247.8,9,28,2
9:16:24,2247.8,2247.6,2248,2,28,23
9:16:25,2247.6,2247.6,2248,9,28,23
9:16:25,2247.8,2247.6,2248,2,30,23
9:16:26,2248,2247.6,2248,10,31,14
9:16:26,2248,2247.8,2248,13,2,4
9:16:27,2247.8,2247.8,2248.2,8,23,36
9:16:27,2248,2248,2248.2,1,6,36
9:16:28,2248,2248,2248.2,8,1,32
9:16:28,2248,2247.8,2248,3,25,12
9:16:29,2248,2247.8,2248,9,26,8
9:16:29,2248.2,2247.8,2248.2,13,26,28
9:16:30,2248,2247.8,2248,2,25,1
9:16:30,2247.8,2247.6,2247.8,27,36,1
9:16:31,2247.8,2247.8,2248,8,7,4
9:16:31,2248,2247.8,2248,1,7,9
9:16:32,2247.8,2247.8,2248,8,6,11
9:16:32,2248,2247.8,2248,4,5,13
9:16:33,2248,2247.8,2248,3,4,11
9:16:33,2247.8,2247.8,2248,1,3,11
9:16:34,2248,2248,2248.2,13,10,37
9:16:34,2248,2248,2248.2,3,8,37
9:16:35,2248,2248,2248.2,1,13,38
9:16:35,2248,2248,2248.2,11,6,38
9:16:36,2248,2248,2248.2,2,5,38
9:16:36,2248,2248,2248.2,12,2,40
9:16:37,2248.2,2247.8,2248.2,4,16,39
9:16:37,2248.2,2248.2,2248.4,44,6,71
9:16:38,2248,2247.8,2248.2,7,16,14
9:16:38,2248.2,2248,2248.2,5,3,15
9:16:39,2248.2,2248,2248.2,4,8,12
9:16:39,2248.2,2248,2248.2,5,14,28
9:16:40,2248.2,2248,2248.2,15,6,36
9:16:40,2248.2,2248,2248.2,5,6,33
9:16:41,2248,2247.8,2248,7,15,14
9:16:41,2247.8,2247.8,2248,5,12,14
9:16:42,2248,2247.8,2248,7,22,7
9:16:42,2247.8,2247.8,2248,21,21,2
9:16:43,2247.8,2247.8,2248,7,20,1
9:16:43,2248,2248,2248.2,13,6,28
9:16:44,2248.2,2248,2248.2,22,8,9
9:16:44,2248,2248,2248.2,3,5,3
9:16:45,2248.2,2248.2,2248.4,4,20,86
9:16:45,2248.2,2248.2,2248.4,7,15,87
9:16:46,2248.2,2248.2,2248.4,2,14,86
9:16:46,2248.4,2248.2,2248.4,10,10,87
9:16:47,2248.2,2248.2,2248.4,5,5,88
9:16:47,2248.4,2248.2,2248.4,1,6,90
9:16:48,2248,2248,2248.2,12,27,12
9:16:49,2248,2248,2248.2,4,25,30
9:16:49,2248.2,2248,2248.2,3,24,28
9:16:50,2248.2,2248,2248.2,4,24,24
9:16:50,2248,2248,2248.2,3,23,34
9:16:51,2248.2,2248,2248.2,4,24,30
9:16:51,2248.2,2248,2248.2,7,19,33
9:16:52,2248,2248,2248.2,5,16,32
9:16:52,2248.2,2248,2248.2,3,16,29
9:16:53,2248,2248,2248.2,5,18,26
9:16:53,2248.2,2248,2248.2,12,18,15
9:16:54,2248.2,2248,2248.2,21,5,10
9:16:54,2248.2,2248,2248.2,2,6,8
9:16:55,2248.2,2248,2248.2,6,6,5
9:16:55,2248,2248,2248.2,3,5,5
9:16:56,2248,2248,2248.2,2,14,4
9:16:56,2248.2,2248,2248.4,4,24,90
9:16:57,2248,2248.2,2248.4,24,1,90
9:16:57,2248.2,2248.2,2248.4,4,1,86
9:16:58,2248.4,2247.8,2248.4,15,54,78
9:16:58,2248.4,2248,2248.2,1,8,11
9:16:59,2248.2,2248,2248.2,1,9,11
9:16:59,2248.2,2248,2248.2,2,14,9
9:17:00,2247.8,2247.8,2248.2,38,32,9
9:17:00,2248.2,2248,2248.2,8,1,3
9:17:01,2248.2,2248,2248.2,5,9,1
9:17:01,2248.4,2248.2,2248.4,6,5,80
9:17:02,2248.4,2248.2,2248.4,19,3,64
9:17:02,2248.4,2248,2248.4,14,9,53
9:17:03,2248.4,2248.2,2248.4,3,8,57
9:17:03,2248.4,2248.2,2248.4,11,9,46
9:17:04,2248.4,2247.8,2248.4,66,39,20
9:17:04,2248.4,2248.4,2248.6,22,3,23
9:17:05,2248.6,2247.8,2248.6,28,25,20
9:17:05,2248.4,2248,2248.4,12,16,42
9:17:06,2248.2,2248.2,2248.4,11,6,31
9:17:06,2248.2,2248,2248.2,19,14,2
9:17:07,2248.2,2248,2248.2,2,16,11
9:17:07,2248,2248,2248.2,1,22,14
9:17:08,2248,2247.8,2248,32,38,3
9:17:08,2248,2247.8,2248,19,19,3
9:17:09,2248.2,2248,2248.2,13,3,8
9:17:09,2248.2,2248,2248.2,3,3,17
9:17:10,2248.2,2248,2248.2,3,33,22
9:17:10,2248.2,2248,2248.2,4,33,23
9:17:11,2248.2,2248,2248.2,10,27,19
9:17:11,2248.2,2248,2248.2,7,25,2
9:17:12,2248.2,2248,2248.2,3,26,4
9:17:12,2248.4,2248.2,2248.4,5,1,31
9:17:13,2248.2,2248,2248.4,1,30,31
9:17:13,2248.2,2248,2248.4,1,32,32
9:17:14,2248,2248,2248.4,11,27,26
9:17:14,2248,2248,2248.2,8,19,10
9:17:15,2248.2,2248,2248.2,8,19,2
9:17:15,2248.2,2248,2248.2,5,19,16
9:17:16,2248,2248,2248.2,4,17,15
9:17:16,2248,2248,2248.2,4,17,3
9:17:17,2248.2,2248,2248.2,2,17,1
9:17:17,2248.4,2248,2248.4,6,18,34
9:17:18,2248.2,2248,2248.2,3,17,4
9:17:20,2248.2,2248,2248.2,1,19,4
9:17:20,2248,2248,2248.2,13,9,2
9:17:21,2248.2,2248.2,2248.4,8,7,39
9:17:21,2248.2,2248.2,2248.4,3,8,39
9:17:22,2248.4,2248.2,2248.4,9,16,33
9:17:22,2248.2,2248.2,2248.4,1,15,33
9:17:23,2248.2,2248.2,2248.4,14,2,32
9:17:23,2248.2,2248.2,2248.4,1,1,32
9:17:24,2248.2,2248.2,2248.4,2,1,33
9:17:25,2248.4,2248.2,2248.4,32,2,4
9:17:25,2248.4,2248.4,2248.6,5,10,60
9:17:26,2248.4,2248.4,2248.6,3,16,59
9:17:27,2248.6,2248.4,2248.6,1,17,58
9:17:27,2248.4,2248.4,2248.6,4,13,58
9:17:29,2248.6,2248.4,2248.6,10,24,49
9:17:29,2248.6,2248.4,2248.6,3,22,48
9:17:30,2248.6,2248.4,2248.6,13,21,36
9:17:30,2248.4,2248.4,2248.6,3,19,35
9:17:31,2248.6,2248.4,2248.6,10,14,32
9:17:31,2248.6,2248.4,2248.6,1,14,31
9:17:32,2248.6,2248.4,2248.6,6,11,28
9:17:32,2248.4,2248.4,2248.6,8,5,26
9:17:33,2248.4,2248.2,2248.4,30,17,1
9:17:33,2248.6,2248.4,2248.6,3,11,13
9:17:34,2248.6,2248.4,2248.6,5,9,11
9:17:34,2248.4,2248.4,2248.6,11,1,18
9:17:35,2248.4,2248.2,2248.6,7,11,14
9:17:36,2248.4,2248.4,2248.6,2,1,35
9:17:36,2248.6,2248.4,2248.6,2,2,34
9:17:37,2248.6,2248.4,2248.6,1,2,33
9:17:37,2248.4,2248.4,2248.6,1,1,34
9:17:38,2248.6,2248.2,2248.4,2,13,1
9:17:38,2248.4,2248.4,2248.6,3,3,39
9:17:39,2248.2,2248.2,2248.6,4,12,39
9:17:39,2248.2,2248.2,2248.6,2,11,39
9:17:40,2248.6,2248.2,2248.6,4,8,38
9:17:40,2248.6,2248.2,2248.6,4,7,37
9:17:41,2248.6,2248.2,2248.4,1,7,5
9:17:41,2248.4,2248.2,2248.4,17,7,2
9:17:42,2248.4,2248.4,2248.6,17,3,51
9:17:42,2248.4,2248.2,2248.6,3,7,51
9:17:43,2248.4,2248.2,2248.4,1,7,4
9:17:44,2248.4,2248.2,2248.4,1,7,17
9:17:45,2248.4,2248.2,2248.4,6,7,20
9:17:46,2248.4,2248,2248.2,9,83,1
9:17:46,2248.2,2248,2248.2,4,83,2
9:17:47,2248.2,2248,2248.2,21,63,4
9:17:48,2248.2,2248,2248.2,4,62,3
9:17:48,2248.2,2248,2248.2,2,61,4
9:17:49,2248,2248,2248.2,4,60,3
9:17:50,2248,2248,2248.2,1,63,7
9:17:50,2248.2,2248,2248.2,1,65,12
9:17:51,2248.2,2248,2248.2,2,64,12
9:17:51,2248,2248,2248.2,3,61,12
9:17:52,2248,2248,2248.2,4,58,14
9:17:52,2248,2248,2248.2,6,52,14
9:17:53,2248,2248,2248.2,7,49,18
9:17:53,2248,2248,2248.2,11,49,17
9:17:54,2248.2,2248.2,2248.4,29,85,9
9:17:54,2248.4,2248.4,2248.6,24,23,32
9:17:55,2248.6,2248.4,2248.6,12,8,22
9:17:55,2248.4,2248.4,2248.6,7,16,21
9:17:56,2248.4,2248.4,2248.6,1,18,21
9:17:56,2248.4,2248.4,2248.6,4,14,21
9:17:57,2248.6,2248.6,2248.8,23,1,98
9:17:57,2248.6,2248.6,2248.8,1,1,98
9:17:58,2248.6,2248.6,2248.8,2,8,98
9:17:58,2248.6,2248.6,2248.8,1,8,98
9:17:59,2248.8,2248.6,2248.8,4,10,94
9:17:59,2248.6,2248.6,2248.8,3,14,94
9:18:00,2248.8,2248.6,2248.8,6,11,92
9:18:00,2248.8,2248.6,2248.8,7,9,91
9:18:01,2248.8,2248.6,2248.8,14,7,80
9:18:01,2248.6,2248.6,2248.8,6,3,79
9:18:02,2248.8,2248.6,2248.8,59,3,46
9:18:02,2248.6,2248.6,2248.8,5,2,45
9:18:03,2248.6,2248.6,2248.8,22,8,27
9:18:03,2248.6,2248.6,2248.8,6,6,25
9:18:04,2248.8,2248.6,2248.8,13,13,13
9:18:05,2248.6,2248.6,2248.8,1,13,17
9:18:05,2248.6,2248.6,2248.8,4,11,14
9:18:06,2248.6,2248.6,2248.8,2,9,14
9:18:06,2248.8,2248.6,2248.8,1,9,14
9:18:07,2248.8,2248.6,2248.8,3,3,25
9:18:08,2248.6,2248.6,2248.8,1,4,27
9:18:09,2248.6,2248.6,2248.8,2,2,27
9:18:09,2248.8,2248.6,2248.8,5,1,24
9:18:10,2248.4,2248.4,2248.6,3,6,2
9:18:11,2248.4,2248.4,2248.8,3,4,24
9:18:11,2248.4,2248.4,2248.8,2,3,25
9:18:12,2248.4,2248.4,2248.6,1,2,15
9:18:12,2248.4,2248.4,2248.6,1,1,15
9:18:13,2248.6,2248.2,2248.6,9,158,24
9:18:13,2248.2,2248.2,2248.4,1,157,2
9:18:14,2248.4,2248.4,2248.6,3,20,14
9:18:14,2248.4,2248.4,2248.6,1,35,14
9:18:15,2248.6,2248.4,2248.6,3,39,17
9:18:15,2248.4,2248.4,2248.6,6,33,17
9:18:16,2248.4,2248.4,2248.6,15,33,6
9:18:17,2248.6,2248.4,2248.6,5,26,5
9:18:17,2248.4,2248.4,2248.6,3,23,9
9:18:19,2248.4,2248.4,2248.6,6,17,23
9:18:20,2248.4,2248.4,2248.6,2,5,30
9:18:21,2248.6,2248.2,2248.6,8,162,34
9:18:22,2248.6,2248.2,2248.4,1,162,4
9:18:22,2248.2,2248.2,2248.4,1,161,5
9:18:23,2248.4,2248.2,2248.4,3,162,3
9:18:24,2248.6,2248.2,2248.6,12,162,40
9:18:24,2248.6,2248.2,2248.6,4,159,39
9:18:25,2248.6,2248.2,2248.6,33,157,11
9:18:26,2248.2,2248.2,2248.6,11,153,12
9:18:26,2248.6,2248.6,2248.8,14,2,42
9:18:27,2248.4,2248.4,2248.6,5,7,2
9:18:28,2248.4,2248.4,2248.6,2,21,2
9:18:28,2248.6,2248.6,2248.8,3,7,44
9:18:29,2248.6,2248.6,2248.8,2,8,44
9:18:29,2248.6,2248.6,2248.8,7,1,44
9:18:30,2248.8,2248.6,2248.8,11,10,35
9:18:30,2248.8,2248.6,2248.8,4,9,34
9:18:31,2248.6,2248.6,2248.8,15,4,24
9:18:32,2248.8,2248.6,2248.8,4,4,20
9:18:32,2248.8,2248.6,2248.8,12,8,9
9:18:33,2249,2248.8,2249,11,9,32
9:18:33,2249,2248.8,2249,6,10,27
9:18:34,2249,2248.8,2249,11,3,18
9:18:34,2248.8,2248.8,2249,2,3,19
9:18:35,2249,2248.8,2249,14,3,5
9:18:35,2249,2249,2249.2,6,2,51
9:18:36,2248.8,2249,2249.2,3,1,51
9:18:36,2249,2249,2249.2,2,3,51
9:18:37,2249.2,2249,2249.2,2,4,50
9:18:37,2249.2,2249,2249.2,39,3,12
9:18:38,2249.2,2248.8,2249.2,12,2,7
9:18:38,2249.2,2249.2,2249.4,8,7,40
9:18:39,2249.2,2249,2249.2,14,1,14
9:18:39,2249.2,2249,2249.2,1,1,23
9:18:40,2249,2248.8,2249,7,4,2
9:18:40,2248.8,2248.8,2249,7,1,6
9:18:41,2249,2248.8,2249,13,2,12
9:18:41,2249,2248.8,2249,4,7,8
9:18:42,2249,2248.8,2249,16,3,1
9:18:43,2249,2249,2249.2,7,1,43
9:18:43,2249,2248.8,2249,1,7,2
9:18:44,2249,2248.8,2249,7,7,26
9:18:45,2249,2248.8,2249,2,7,25
9:18:45,2249,2248.8,2249,4,8,23
9:18:46,2249,2249,2249.2,23,68,36
9:18:46,2249,2249,2249.2,10,100,28
9:18:47,2249,2249,2249.4,24,97,48
9:18:47,2249.2,2249.2,2249.4,7,2,47
9:18:48,2249.4,2249.2,2249.4,3,4,44
9:18:48,2249.4,2249,2249.4,4,114,42
9:18:49,2249.4,2249,2249.4,8,109,41
9:18:49,2249.4,2249,2249.4,16,109,28
9:18:50,2249.4,2249.2,2249.4,3,1,26
9:18:50,2249,2249.2,2249.4,6,1,22
9:18:51,2249.2,2249.2,2249.4,6,18,19
9:18:51,2249.4,2249.2,2249.4,6,18,13
9:18:52,2249.4,2249.2,2249.4,7,14,7
9:18:52,2249.4,2249.2,2249.4,6,14,3
9:18:53,2249.4,2249.2,2249.4,1,15,3
9:18:53,2249.4,2249.2,2249.4,4,15,6
9:18:54,2249.2,2249.2,2249.4,3,15,4
9:18:54,2249.4,2249.2,2249.4,3,24,5
9:18:55,2249.2,2249.2,2249.4,1,23,9
9:18:55,2249.2,2249.2,2249.4,3,21,9
9:18:56,2249.4,2249.2,2249.4,1,21,8
9:18:56,2249.4,2249.2,2249.4,4,22,4
9:18:57,2249.4,2249.2,2249.4,5,20,5
9:18:57,2249.4,2249.4,2249.6,6,25,70
9:18:58,2249.4,2249.4,2249.6,5,37,72
9:18:59,2249.6,2249.4,2249.6,6,33,67
9:18:59,2249.6,2249.4,2249.6,19,15,82
9:19:00,2249.4,2249.4,2249.6,38,14,48
9:19:00,2249.6,2249.4,2249.6,40,4,19
9:19:01,2249.6,2249.6,2249.8,21,14,122
9:19:01,2249.6,2249.6,2249.8,3,14,121
9:19:02,2249.8,2249.6,2249.8,17,4,117
9:19:02,2249.8,2249.4,2249.8,31,9,100
9:19:03,2249.6,2249.4,2249.6,4,8,7
9:19:03,2249.8,2249.4,2249.6,37,6,20
9:19:04,2249.6,2249.4,2249.6,4,15,22
9:19:04,2249.4,2249.4,2249.6,11,19,26
9:19:05,2249.6,2249.4,2249.6,1,19,27
9:19:05,2249.6,2249.4,2249.6,25,18,8
9:19:06,2249.6,2249.6,2249.8,21,7,74
9:19:06,2249.6,2249.6,2249.8,3,5,74
9:19:07,2249.4,2249.4,2249.6,8,18,5
9:19:07,2249.4,2249.4,2249.6,10,9,7
9:19:08,2249.6,2249.4,2249.6,4,6,9
9:19:08,2249.6,2249.4,2249.8,16,6,113
9:19:09,2249.4,2249.2,2249.4,8,33,35
9:19:09,2249.4,2249.2,2249.4,12,23,36
9:19:10,2249.2,2249.2,2249.4,5,23,32
9:19:10,2249.2,2249.2,2249.4,4,31,35
9:19:11,2249.2,2249.2,2249.4,21,10,37
9:19:12,2249.4,2249.2,2249.4,38,21,10
9:19:13,2249.4,2249.2,2249.4,18,18,2
9:19:13,2249.2,2249,2249.2,18,132,23
9:19:14,2249,2249,2249.2,3,130,28
9:19:14,2249.2,2249,2249.2,5,131,25
9:19:15,2249,2249,2249.2,8,125,24
9:19:15,2249,2249,2249.2,14,112,23
9:19:16,2249,2249,2249.2,2,110,23
9:19:16,2249,2249,2249.2,20,93,20
9:19:17,2249,2249,2249.2,5,89,19
9:19:17,2249,2249,2249.2,3,86,21
9:19:18,2249,2249,2249.2,30,57,21
9:19:18,2249,2249,2249.2,9,48,21
9:19:19,2249,2249,2249.2,15,34,21
9:19:19,2249,2249,2249.2,4,30,19
9:19:20,2249,2249,2249.2,8,22,19
9:19:20,2248.8,2248.8,2249,33,14,1
9:19:21,2248.8,2248.6,2248.8,14,5,11
9:19:21,2248.4,2248.4,2248.6,14,10,38
9:19:22,2248.2,2248.2,2248.4,21,159,11
9:19:22,2248.6,2248.2,2248.6,17,157,26
9:19:23,2248.4,2248.4,2248.6,10,18,26
9:19:23,2248.4,2248.4,2248.6,4,29,27
9:19:24,2248.4,2248.4,2248.6,3,29,27
9:19:24,2248.4,2248.4,2248.6,11,36,30
9:19:25,2248.4,2248.4,2248.6,7,24,36
9:19:25,2248.6,2248.4,2248.6,4,21,40
9:19:26,2248.4,2248.4,2248.6,12,29,33
9:19:26,2248.6,2248.6,2248.8,37,7,12
9:19:27,2248.6,2248.6,2248.8,1,12,14
9:19:27,2248.6,2248.8,2249,5,2,26
9:19:28,2248.6,2248.4,2248.6,14,29,14
9:19:28,2248.4,2248.4,2248.6,12,17,15
9:19:29,2248.4,2248.4,2248.6,5,15,12
9:19:29,2248.6,2248.4,2248.6,10,16,2
9:19:30,2248.8,2248.6,2248.8,4,3,1
9:19:30,2248.6,2248.6,2248.8,2,2,1
9:19:31,2248.6,2248.6,2248.8,1,1,1
9:19:31,2248.8,2248.6,2248.8,1,2,2
9:19:32,2248.6,2248.4,2248.6,2,21,14
9:19:33,2248.6,2248.4,2248.6,2,22,13
9:19:33,2248.6,2248.4,2248.6,1,24,12
9:19:34,2248.6,2248.4,2248.6,2,24,10
9:19:34,2248.6,2248.4,2248.6,2,25,10
9:19:35,2248.6,2248.6,2248.8,13,1,4
9:19:35,2248.6,2248.4,2248.8,1,25,4
9:19:36,2248.6,2248.6,2248.8,5,3,5
9:19:36,2248.6,2248.6,2248.8,1,3,5
9:19:37,2248.8,2248.6,2248.8,1,6,4
9:19:37,2248.6,2248.6,2248.8,4,2,4
9:19:38,2248.6,2248.6,2248.8,1,3,6
9:19:39,2248.8,2248.6,2248.8,1,4,6
9:19:39,2248.8,2248.8,2249,7,25,38
9:19:40,2248.8,2248.8,2249,2,25,38
9:19:40,2249,2248.8,2249,2,25,37
9:19:41,2248.8,2248.8,2249,8,29,39
9:19:41,2249,2248.8,2249,1,29,35
9:19:42,2249,2248.8,2249,1,29,34
9:19:43,2248.8,2248.8,2249,1,32,34
9:19:43,2249,2248.8,2249,10,32,24
9:19:44,2248.8,2248.8,2249,2,30,24
9:19:44,2249,2248.8,2249,23,29,2
9:19:45,2249,2248.8,2249,4,19,2
9:19:46,2249,2248.8,2249,3,21,10
9:19:47,2248.8,2248.8,2249,1,29,10
9:19:47,2249,2248.8,2249,1,29,10
9:19:49,2248.8,2248.8,2249,3,28,13
9:19:49,2249,2248.8,2249,5,24,7
9:19:50,2249,2248.8,2249,13,12,6
9:19:50,2248.8,2248.8,2249,7,5,6
9:19:51,2248.8,2248.8,2249,1,4,6
9:19:51,2249,2248.8,2249,5,4,2
9:19:52,2248.8,2248.6,2249,5,23,1
9:19:53,2248.8,2248.8,2249,1,7,15
9:19:54,2249,2248.8,2249,1,7,17
9:19:54,2248.8,2248.8,2249,1,6,17
9:19:55,2248.8,2248.8,2249,2,6,16
9:19:56,2248.8,2248.6,2248.8,6,25,6
9:19:57,2248.8,2248.6,2248.8,4,26,6
9:19:57,2248.6,2248.6,2248.8,1,26,11
9:19:58,2248.6,2248.6,2248.8,2,25,10
9:19:59,2248.6,2248.6,2248.8,14,13,9
9:19:59,2248.8,2248.6,2249,10,13,25
9:20:00,2248.6,2248.6,2249,1,23,25
9:20:00,2248.6,2248.6,2248.8,18,17,10
9:20:01,2249,2248.6,2249,15,15,18
9:20:01,2249,2248.8,2249,26,1,5
9:20:02,2248.8,2248.8,2249,3,1,5
9:20:02,2249.2,2248.8,2249.2,25,3,16
9:20:03,2249.2,2248.6,2248.8,13,1,13
9:20:03,2248.8,2248.8,2249.2,18,33,6
9:20:04,2249.2,2249.2,2249.4,26,10,15
9:20:04,2249.2,2248.8,2249,10,35,1
9:20:05,2249,2248.8,2249,4,35,1
9:20:05,2249,2249,2249.4,4,5,16
9:20:06,2249.4,2249,2249.4,6,5,13
9:20:06,2249.4,2249.4,2249.6,19,10,55
9:20:07,2249.4,2249.4,2249.6,2,9,63
9:20:07,2249.4,2249.4,2249.6,9,2,62
9:20:08,2249.4,2249.4,2249.6,1,1,63
9:20:08,2249.6,2249,2249.6,12,25,56
9:20:09,2249,2249,2249.4,20,4,22
9:20:09,2249.4,2249,2249.2,50,7,5
9:20:10,2249,2248.8,2249,19,3,3
9:20:10,2249.2,2249,2249.2,4,8,1
9:20:11,2249.2,2249.2,2249.4,4,45,13
9:20:11,2249.4,2249.4,2249.6,14,7,62
9:20:12,2249.6,2249.4,2249.6,11,6,53
9:20:12,2249.2,2249.2,2249.4,8,49,14
9:20:13,2249.4,2249.4,2249.6,16,85,54
9:20:13,2249.6,2249.4,2249.6,4,87,53
9:20:14,2249.8,2249.4,2249.8,65,79,71
9:20:14,2249.8,2249.4,2249.8,7,75,69
9:20:15,2250,2249.4,2250,105,76,38
9:20:15,2250,2249.8,2250,11,14,32
9:20:16,2249.8,2249.8,2250,7,11,28
9:20:16,2250.2,2250.2,2250.4,31,1,11
9:20:17,2250.4,2250.2,2250.4,5,1,45
9:20:17,2250.4,2250,2250.2,33,23,3
9:20:18,2250,2250,2250.2,20,12,62
9:20:18,2250,2249.8,2250,21,27,11
9:20:19,2249.8,2249.8,2250,16,25,6
9:20:19,2250,2249.8,2250,12,21,6
9:20:20,2249.8,2249.8,2250,9,19,3
9:20:20,2249.8,2249.8,2250,16,2,16
9:20:21,2250,2249.8,2250,7,2,24
9:20:21,2249.6,2249.6,2249.8,7,3,1
9:20:22,2250,2249.8,2250,4,1,28
9:20:22,2249.8,2249.6,2249.8,3,3,12
9:20:23,2249.8,2249.6,2249.8,2,3,13
9:20:23,2249.2,2249.2,2249.8,22,33,11
9:20:24,2249.8,2249.2,2249.8,5,36,11
9:20:24,2249.6,2249.2,2249.6,28,34,7
9:20:25,2249.6,2249.4,2249.6,3,5,6
9:20:26,2249.6,2249.4,2249.6,4,6,4
9:20:26,2249.4,2249.4,2249.6,3,4,5
9:20:27,2249.6,2249.4,2249.8,13,3,6
9:20:28,2249.6,2249.4,2249.6,1,5,1
9:20:29,2249.8,2249.4,2249.8,4,4,5
9:20:29,2249.8,2249.4,2249.8,1,5,6
9:20:30,2249.4,2249.4,2249.8,3,2,10
9:20:30,2249.8,2249.6,2249.8,2,2,9
9:20:32,2249.4,2249.4,2249.8,7,2,21
9:20:32,2249.8,2249.6,2249.8,2,1,20
9:20:33,2249.6,2249.6,2249.8,4,1,18
9:20:33,2249.8,2249.4,2249.8,2,2,18
9:20:34,2249.8,2249.4,2249.8,5,2,14
9:20:34,2249.6,2249.6,2249.8,2,5,16
9:20:35,2249.8,2249.6,2249.8,2,5,15
9:20:35,2249.6,2249.6,2249.8,7,1,19
9:20:36,2249.8,2249.6,2249.8,2,2,18
9:20:36,2249.6,2249.6,2249.8,1,1,19
9:20:37,2249.6,2249.4,2249.8,1,13,19
9:20:37,2249.6,2249.6,2249.8,2,2,22
9:20:38,2249.8,2249.6,2249.8,1,6,21
9:20:38,2249.4,2249.4,2249.6,9,13,16
9:20:39,2249.4,2249.4,2249.6,8,7,17
9:20:39,2249.4,2249.4,2249.6,2,16,17
9:20:40,2249.6,2249.4,2249.6,4,15,14
9:20:40,2249.6,2249.4,2249.6,11,15,3
9:20:41,2249.6,2249.4,2249.6,2,16,3
9:20:42,2249.6,2249.4,2249.8,3,16,22
9:20:42,2249.4,2249.4,2249.8,2,15,22
9:20:43,2249.8,2249.4,2249.8,1,17,25
9:20:44,2249.8,2249.4,2249.8,4,17,25
9:20:44,2249.6,2249.4,2249.8,7,18,24
9:20:45,2249.8,2249.4,2249.8,5,20,25
9:20:45,2249.4,2249.4,2249.8,3,17,26
9:20:46,2249.4,2249.4,2249.6,4,20,1
9:20:46,2249.4,2249.4,2249.6,1,19,1
9:20:47,2249.4,2249.4,2249.6,3,18,1
9:20:49,2249.4,2249.4,2249.6,1,20,4
9:20:50,2249.4,2249.4,2249.6,1,19,6
9:20:50,2249.4,2249.4,2249.6,2,17,6
9:20:52,2249.6,2249.4,2249.6,1,18,6
9:20:52,2249.4,2249.4,2249.6,1,18,6
9:20:53,2249.4,2249.4,2249.6,2,16,9
9:20:53,2249.6,2249.6,2249.8,9,4,29
9:20:54,2249.6,2249.6,2249.8,4,1,29
9:20:54,2249.6,2249.4,2249.8,1,20,29
9:20:55,2249.4,2249.4,2249.6,1,19,1
9:20:55,2249.4,2249.4,2249.8,12,9,29
9:20:57,2249.6,2249.4,2249.8,1,10,31
9:20:58,2249.4,2249.4,2249.6,2,10,3
9:20:59,2249.4,2249.4,2249.6,2,11,2
9:21:00,2249.6,2249.4,2249.6,2,11,2
9:21:00,2249.6,2249.4,2249.6,8,6,10
9:21:01,2249.6,2249.4,2249.6,7,6,9
9:21:01,2249.4,2249.4,2249.6,5,9,12
9:21:02,2249.4,2249.4,2249.6,3,9,13
9:21:02,2249.4,2249.2,2249.4,17,41,16
9:21:03,2249.2,2249.2,2249.4,10,31,20
9:21:04,2249.4,2249.2,2249.4,5,30,22
9:21:04,2249,2249,2249.2,36,76,6
9:21:05,2249,2249,2249.2,39,37,11
9:21:05,2249,2249,2249.2,17,20,23
9:21:06,2249,2248.8,2249,23,9,79
9:21:06,2248.8,2248.4,2248.8,32,29,30
9:21:07,2248.8,2248.4,2248.8,6,30,31
9:21:07,2248.4,2248.4,2248.8,14,33,34
9:21:08,2248.8,2248.4,2248.6,6,33,5
9:21:08,2248.4,2248.4,2248.6,19,29,2
9:21:09,2248.4,2248.4,2248.6,17,13,1
9:21:09,2248.4,2248.4,2248.6,7,8,8
9:21:10,2248.4,2248.4,2248.6,5,6,6
9:21:10,2248.4,2248.4,2248.6,6,2,6
9:21:11,2248.4,2248.2,2248.4,7,144,2
9:21:11,2248.2,2248.2,2248.4,15,141,1
9:21:12,2248.2,2248.4,2248.6,11,3,7
9:21:12,2248.4,2248.4,2248.6,4,5,6
9:21:13,2248.2,2248.2,2248.6,9,132,9
9:21:13,2248.6,2248.6,2248.8,12,43,6
9:21:14,2248.6,2248.6,2248.8,21,45,5
9:21:14,2248.6,2248.6,2248.8,1,47,7
9:21:15,2248.6,2248.6,2248.8,41,6,2
9:21:15,2248.6,2248.4,2248.6,6,12,2
9:21:16,2248.8,2248.6,2248.8,4,1,3
9:21:16,2248.6,2248.4,2248.8,5,16,4
9:21:17,2248.8,2248.8,2249,10,9,31
9:21:17,2248.8,2248.8,2249,6,4,30
9:21:18,2248.8,2248.8,2249,3,11,29
9:21:18,2249,2248.8,2249,4,11,26
9:21:19,2248.8,2248.8,2249,4,8,28
9:21:19,2249,2248.8,2249,2,7,27
9:21:20,2248.8,2248.8,2249,5,6,24
9:21:21,2249,2248.8,2249,5,6,20
9:21:21,2248.8,2248.8,2249,14,1,7
9:21:22,2248.8,2248.6,2249,1,6,7
9:21:22,2249,2248.8,2249,2,22,7
9:21:23,2248.6,2248.4,2248.6,28,55,34
9:21:23,2248.4,2248.4,2248.6,1,55,34
9:21:24,2248.4,2248.4,2248.6,4,52,35
9:21:24,2248.6,2248.4,2248.6,4,51,32
9:21:25,2248.4,2248.4,2248.6,4,54,31
9:21:25,2248.6,2248.4,2248.6,11,54,20
9:21:26,2248.4,2248.4,2248.8,25,53,3
9:21:26,2248.8,2248.8,2249,8,3,13
9:21:27,2248.8,2248.8,2249,14,1,3
9:21:27,2248.8,2248.6,2249,2,1,8
9:21:28,2248.4,2248.8,2249,37,2,8
9:21:28,2248.8,2248.8,2249,2,3,8
9:21:29,2249,2248.8,2249,1,1,8
9:21:30,2249,2248.6,2249,12,12,6
9:21:30,2248.8,2248.6,2248.8,6,9,8
9:21:31,2248.6,2248.6,2248.8,3,8,8
9:21:31,2248.6,2248.6,2248.8,1,7,11
9:21:32,2248.6,2248.6,2248.8,1,7,11
9:21:32,2248.8,2248.6,2248.8,1,10,17
9:21:33,2248.6,2248.6,2248.8,2,8,17
9:21:33,2248.8,2248.6,2248.8,17,7,2
9:21:34,2248.6,2248.6,2248.8,1,6,43
9:21:34,2248.6,2248.4,2248.6,9,41,2
9:21:35,2248.6,2248.4,2248.6,1,41,2
9:21:35,2248.6,2248.4,2248.6,2,42,1
9:21:36,2248.6,2248.6,2248.8,3,1,40
9:21:36,2248.4,2248.4,2248.6,7,38,25
9:21:37,2248.4,2248.4,2248.6,5,36,24
9:21:37,2248.4,2248.4,2248.6,3,35,25
9:21:38,2248.4,2248.4,2248.6,2,33,26
9:21:39,2248.6,2248.2,2248.6,93,92,28
9:21:39,2248.6,2248.2,2248.6,1,92,27
9:21:40,2248.6,2248.2,2248.6,1,92,37
9:21:40,2248.2,2248.2,2248.4,4,91,7
9:21:41,2248.2,2248.2,2248.4,3,91,5
9:21:41,2248.6,2248.4,2248.6,38,23,36
9:21:42,2248.6,2248.4,2248.6,5,23,33
9:21:42,2248.4,2248.4,2248.6,3,22,32
9:21:43,2248.4,2248.4,2248.6,14,8,32
9:21:43,2248.4,2248.4,2248.6,7,8,27
9:21:44,2248.4,2248.4,2248.6,2,6,26
9:21:44,2248.4,2248.4,2248.6,1,8,26
9:21:45,2248.4,2248.4,2248.6,1,10,27
9:21:45,2248.6,2248.4,2248.6,4,8,26
9:21:46,2248.4,2248.4,2248.6,3,8,26
9:21:46,2248.4,2248.4,2248.6,5,4,25
9:21:47,2248.4,2248.2,2248.4,4,67,3
9:21:47,2248.2,2248.2,2248.4,2,64,2
9:21:48,2248.4,2248.2,2248.4,1,65,2
9:21:48,2248.4,2248.2,2248.6,7,64,22
9:21:49,2248.2,2248.2,2248.4,26,38,14
9:21:49,2248.4,2248.2,2248.4,2,37,13
9:21:50,2248.2,2248.2,2248.4,17,24,12
9:21:50,2248.2,2248,2248.2,27,195,22
9:21:51,2248,2248,2248.4,31,194,3
9:21:51,2248,2248,2248.4,18,177,5
9:21:52,2248,2248,2248.4,10,173,5
9:21:52,2248.4,2248.2,2248.4,2,31,5
9:21:53,2248.2,2248.2,2248.4,2,37,9
9:21:53,2248.2,2248.2,2248.4,9,29,18
9:21:54,2248.2,2248.2,2248.4,5,33,37
9:21:54,2248.2,2248.2,2248.4,3,28,38
9:21:55,2248.2,2248.2,2248.4,5,26,35
9:21:55,2248.4,2248.2,2248.4,1,26,34
9:21:56,2248.2,2248.2,2248.4,7,19,35
9:21:56,2248.4,2248.2,2248.4,3,18,34
9:21:57,2248.2,2248.2,2248.4,8,18,34
9:21:57,2248.2,2248.2,2248.4,4,14,42
9:21:58,2248,2248,2248.2,28,163,2
9:21:58,2248.2,2248,2248.4,3,164,42
9:21:59,2248,2248,2248.4,1,163,42
9:21:59,2248,2248.2,2248.4,2,1,43
9:22:00,2248.2,2248,2248.2,1,165,13
9:22:00,2248,2248,2248.2,13,156,10
9:22:01,2248,2248,2248.2,14,151,8
9:22:01,2248.2,2248.2,2248.4,9,1,55
9:22:02,2248.2,2248.2,2248.4,3,1,35
9:22:02,2248.2,2248,2248.2,20,145,23
9:22:03,2248.2,2248.2,2248.4,30,10,35
9:22:03,2248.2,2248.2,2248.4,5,6,26
9:22:04,2248,2248,2248.4,69,81,26
9:22:04,2248.4,2248.2,2248.4,3,2,32
9:22:05,2248.2,2248.2,2248.4,23,6,11
9:22:05,2248.4,2248.4,2248.6,22,2,31
9:22:06,2248,2248.2,2248.4,8,1,1
9:22:06,2248.2,2248.2,2248.4,1,2,2
9:22:07,2248,2248.2,2248.4,7,3,7
9:22:08,2248.2,2248.2,2248.4,1,4,12
9:22:08,2248.2,2248,2248.4,5,69,11
9:22:09,2248.4,2248,2248.4,3,69,19
9:22:09,2248,2248,2248.2,3,67,7
9:22:10,2248,2248,2248.2,1,65,9
9:22:11,2248,2248,2248.2,3,63,10
9:22:11,2248,2248,2248.2,1,63,10
9:22:12,2248,2248,2248.2,66,3,7
9:22:12,2248,2247.8,2248,7,69,23
9:22:13,2248,2247.8,2248,3,69,43
9:22:14,2248,2247.8,2248,2,69,48
9:22:14,2247.8,2247.8,2248,10,61,58
9:22:15,2247.8,2247.8,2248,13,59,53
9:22:15,2247.8,2247.8,2248,2,57,53
9:22:16,2247.8,2247.8,2248,53,6,51
9:22:16,2247.8,2247.8,2248,39,1,19
9:22:17,2247.6,2247.6,2247.8,13,34,1
9:22:17,2247.6,2247.6,2248,18,31,15
9:22:18,2248,2247.6,2247.8,16,69,2
9:22:18,2247.6,2247.6,2247.8,6,66,1
9:22:19,2247.8,2247.8,2248,15,11,12
9:22:19,2247.8,2247.8,2248,20,9,1
9:22:20,2247.8,2247.8,2248,6,7,1
9:22:20,2247.8,2247.8,2248,1,15,7
9:22:21,2248,2247.8,2248,13,14,12
9:22:21,2247.8,2247.8,2248,9,13,13
9:22:22,2248,2247.8,2248,1,11,21
9:22:22,2248,2247.8,2248,2,13,31
9:22:23,2248,2247.8,2248,1,35,30
9:22:24,2247.8,2247.8,2248,26,35,5
9:22:24,2248.2,2248,2248.2,21,5,3
9:22:25,2248.2,2248,2248.2,2,21,3
9:22:25,2248,2248,2248.2,6,21,4
9:22:26,2248,2248,2248.2,2,20,5
9:22:26,2248.2,2248,2248.2,16,7,3
9:22:28,2248,2248,2248.4,11,8,22
9:22:28,2248.4,2248,2248.4,6,11,17
9:22:29,2248.4,2248,2248.4,2,11,16
9:22:29,2248,2248,2248.4,7,4,16
9:22:30,2248.4,2248,2248.4,1,7,17
9:22:30,2248.4,2248.2,2248.4,10,1,7
9:22:32,2248.4,2248,2248.4,13,27,6
9:22:32,2248.4,2248,2248.4,1,27,9
9:22:33,2248,2248,2248.4,5,26,10
9:22:33,2248.4,2248,2248.4,3,28,8
9:22:34,2248,2248,2248.2,3,27,1
9:22:34,2248.2,2248.2,2248.4,1,2,11
9:22:35,2248.2,2248.2,2248.4,2,1,10
9:22:35,2248,2248,2248.4,5,29,12
9:22:37,2248,2248.2,2248.4,11,3,7
9:22:37,2248,2248.2,2248.4,1,2,7
9:22:38,2248.4,2248.2,2248.4,3,1,5
9:22:38,2248,2248,2248.4,2,31,5
9:22:39,2248.4,2248,2248.4,1,31,5
9:22:39,2248.4,2248.2,2248.4,1,3,5
9:22:40,2248.2,2248.2,2248.4,1,2,5
9:22:40,2248.4,2248.4,2248.6,16,7,10
9:22:41,2248.6,2248.4,2248.6,3,7,8
9:22:42,2248.4,2248.2,2248.4,7,2,13
9:22:42,2248.4,2248.2,2248.4,4,6,9
9:22:43,2248.4,2248.2,2248.4,2,6,9
9:22:43,2248.4,2248.2,2248.4,6,9,3
9:22:44,2248.4,2248.2,2248.4,1,9,4
9:22:46,2248.2,2248.2,2248.4,1,10,5
9:22:47,2248.2,2248.2,2248.4,6,7,5
9:22:48,2248.4,2248.2,2248.4,1,9,5
9:22:49,2248.2,2248.2,2248.4,1,8,7
9:22:50,2248.2,2248.2,2248.4,5,5,5
9:22:50,2248.4,2248.2,2248.4,1,5,4
9:22:51,2248.4,2248.2,2248.4,2,14,3
9:22:51,2248.4,2248.2,2248.4,6,10,2
9:22:52,2248.4,2248.2,2248.4,1,10,1
9:22:52,2248.2,2248.2,2248.4,1,9,1
9:22:53,2248.4,2248.2,2248.6,1,9,14
9:22:54,2248.2,2248,2248.2,9,51,2
9:22:58,2248,2248,2248.2,4,61,2
9:22:58,2248.2,2248,2248.2,2,63,1
9:22:59,2248.2,2248.2,2248.4,1,1,9
9:22:59,2248,2248,2248.4,3,61,10
9:23:00,2248,2248,2248.4,1,60,10
9:23:00,2248.4,2248,2248.4,1,60,9
9:23:01,2248.2,2248.2,2248.4,1,14,9
9:23:01,2248.2,2248.2,2248.4,2,13,9
9:23:02,2248.2,2248.2,2248.4,2,12,11
9:23:03,2248.2,2248.2,2248.4,2,11,10
9:23:03,2248.2,2248.2,2248.4,1,17,17
9:23:04,2248.2,2248.2,2248.4,2,15,17
9:23:04,2248.4,2248.2,2248.4,13,4,15
9:23:05,2248.4,2248.2,2248.4,3,5,14
9:23:06,2248.2,2248.2,2248.4,4,3,15
9:23:06,2248.2,2248.2,2248.4,2,26,15
9:23:07,2248.4,2248.2,2248.4,4,26,17
9:23:08,2248.4,2248.2,2248.4,7,26,10
9:23:08,2248.4,2248.4,2248.6,10,5,28
9:23:09,2248.6,2248.4,2248.6,5,5,23
9:23:09,2248.4,2248.4,2248.6,2,3,23
9:23:10,2248.6,2248.4,2248.6,3,2,21
9:23:10,2248.6,2248.4,2248.6,20,2,2
9:23:11,2248.6,2248.6,2248.8,2,14,42
9:23:11,2248.8,2248.6,2248.8,2,15,41
9:23:12,2248.8,2248.6,2248.8,1,16,36
9:23:12,2248.8,2248.6,2248.8,6,14,32
9:23:13,2248.8,2248.6,2248.8,1,14,31
9:23:13,2248.8,2248.6,2248.8,2,13,30
9:23:14,2248.8,2248.6,2248.8,2,13,28
9:23:15,2248.8,2248.6,2248.8,6,10,37
9:23:16,2248.8,2248.6,2248.8,1,10,36
9:23:16,2248.8,2248.6,2248.8,1,10,35
9:23:17,2248.8,2248.6,2248.8,6,11,30
9:23:17,2248.8,2248.6,2248.8,1,11,29
9:23:18,2248.6,2248.6,2248.8,1,10,30
9:23:18,2248.8,2248.6,2248.8,1,9,29
9:23:19,2248.6,2248.6,2248.8,1,8,30
9:23:20,2248.6,2248.4,2248.6,8,24,3
9:23:20,2248.6,2248.6,2248.8,3,71,31
9:23:21,2248.6,2248.6,2248.8,3,70,45
9:23:21,2248.8,2248.6,2248.8,18,72,18
9:23:22,2248.8,2248.6,2248.8,4,70,16
9:23:23,2248.6,2248.6,2248.8,3,4,14
9:23:23,2248.6,2248.6,2248.8,3,3,12
9:23:24,2248.6,2248.6,2248.8,2,1,14
9:23:24,2248.6,2248.4,2248.6,1,25,14
9:23:25,2248.8,2248.8,2249,29,38,54
9:23:25,2249,2248.8,2249,3,39,51
9:23:26,2248.8,2248.8,2249,2,39,52
9:23:26,2248.8,2248.8,2249,1,38,53
9:23:27,2249,2248.8,2249,2,38,52
9:23:27,2249,2248.8,2249,3,38,50
9:23:28,2249,2248.8,2249,4,37,46
9:23:28,2249,2248.8,2249,1,37,46
9:23:29,2249,2248.8,2249,5,37,41
9:23:29,2248.8,2248.8,2249,11,27,40
9:23:30,2249,2248.8,2249,6,25,37
9:23:30,2249,2248.8,2249,1,25,36
9:23:31,2248.8,2248.8,2249,2,25,36
9:23:31,2249,2248.8,2249,4,25,32
9:23:32,2248.8,2248.8,2249,4,24,34
9:23:33,2248.8,2248.8,2249,3,23,33
9:23:33,2249,2248.8,2249,3,23,30
9:23:34,2249,2248.8,2249,1,23,29
9:23:36,2248.8,2248.8,2249,2,24,31
9:23:37,2249,2248.8,2249,3,24,32
9:23:37,2249,2248.8,2249,23,24,10
9:23:38,2249,2248.8,2249,6,23,6
9:23:39,2249,2248.8,2249,5,25,1
9:23:40,2248.8,2248.8,2249,3,23,5
9:23:40,2249,2248.8,2249,2,23,3
9:23:41,2249,2248.8,2249,4,23,8
9:23:41,2249,2248.8,2249,3,24,6
9:23:42,2248.8,2248.8,2249,1,11,7
9:23:43,2249,2248.8,2249,1,12,7
9:23:43,2249,2248.8,2249,1,11,10
9:23:44,2249,2248.8,2249,1,11,12
9:23:44,2248.8,2248.8,2249,6,9,8
9:23:45,2248.8,2248.8,2249,1,8,11
9:23:46,2248.8,2248.8,2249,1,9,12
9:23:47,2249,2248.8,2249,1,9,14
9:23:47,2248.8,2248.6,2249,11,31,15
9:23:48,2248.8,2248.6,2249,1,31,18
9:23:49,2248.6,2248.6,2249,3,28,20
9:23:49,2248.6,2248.6,2249,1,27,22
9:23:50,2248.6,2248.6,2249,1,26,24
9:23:50,2248.6,2248.6,2249,2,24,30
9:23:51,2248.6,2248.6,2248.8,5,19,1
9:23:51,2248.8,2248.6,2248.8,1,19,9
9:23:52,2248.6,2248.4,2248.6,19,42,4
9:23:52,2248.4,2248.4,2248.6,5,37,2
9:23:53,2248.4,2248.4,2248.6,1,35,1
9:23:53,2248.4,2248.4,2248.6,1,34,17
9:23:54,2248.6,2248.4,2248.6,1,34,16
9:23:55,2248.4,2248.4,2248.6,1,33,16
9:23:55,2248.4,2248.4,2248.6,11,31,8
9:23:56,2248.4,2248.4,2248.6,2,29,8
9:23:56,2248.4,2248.4,2248.6,2,27,8
9:23:57,2248.4,2248.4,2248.6,1,27,8
9:23:57,2248.6,2248.4,2248.6,7,28,2
9:23:58,2248.4,2248.4,2248.8,8,26,3
9:23:58,2248.6,2248.4,2249,7,25,42
9:24:00,2248.6,2248.6,2249,1,4,41
9:24:01,2249,2248.4,2249,10,24,39
9:24:01,2248.4,2248.4,2248.6,4,26,1
9:24:02,2248.6,2248.4,2248.8,3,29,6
9:24:02,2248.4,2248.4,2248.8,2,27,9
9:24:03,2248.4,2248.6,2248.8,1,30,13
9:24:03,2248.4,2248.6,2248.8,1,29,14
9:24:04,2248.8,2248.6,2248.8,1,30,10
9:24:05,2248.6,2248.6,2248.8,9,21,9
9:24:05,2248.6,2248.6,2248.8,2,19,10
9:24:06,2248.6,2248.6,2248.8,2,24,12
9:24:06,2248.6,2248.6,2248.8,1,25,13
9:24:07,2248.8,2248.6,2248.8,4,22,12
9:24:07,2248.6,2248.6,2248.8,3,19,12
9:24:08,2248.6,2248.6,2248.8,3,16,17
9:24:09,2248.6,2248.6,2248.8,1,15,17
9:24:10,2248.6,2248.6,2248.8,1,22,18
9:24:10,2248.8,2248.6,2248.8,1,22,17
9:24:11,2248.6,2248.6,2248.8,1,21,20
9:24:11,2248.6,2248.6,2248.8,1,20,23
9:24:13,2248.8,2248.6,2248.8,2,20,21
9:24:14,2248.6,2248.6,2248.8,1,12,22
9:24:15,2248.6,2248.6,2248.8,2,11,21
9:24:15,2248.6,2248.6,2248.8,1,10,24
9:24:16,2248.6,2248.6,2248.8,2,9,24
9:24:17,2248.6,2248.6,2248.8,1,15,24
9:24:18,2248.8,2248.8,2249,26,24,52
9:24:19,2248.8,2248.8,2249,6,21,51
9:24:19,2248.8,2248.8,2249,4,17,52
9:24:20,2249,2248.8,2249,12,18,40
9:24:20,2248.8,2248.8,2249,1,17,41
9:24:21,2249,2248.8,2249,1,17,40
9:24:21,2249,2248.8,2249,1,17,39
9:24:22,2248.8,2248.8,2249,2,15,43
9:24:22,2249,2248.8,2249,2,14,42
9:24:23,2249,2248.8,2249,2,14,39
9:24:24,2248.8,2248.8,2249,2,13,47
9:24:24,2249,2248.8,2249,2,15,45
9:24:25,2249,2249,2249.2,47,29,34
9:24:25,2249.2,2249,2249.2,25,29,10
9:24:26,2249.2,2249,2249.2,1,29,9
9:24:26,2249.2,2249,2249.2,5,31,4
9:24:27,2249,2249.2,2249.4,7,3,18
9:24:27,2249,2249.2,2249.4,3,2,18
9:24:28,2249.4,2249.2,2249.4,2,6,17
9:24:29,2249.4,2249.2,2249.4,11,1,13
9:24:29,2249.4,2249,2249.4,4,32,11
9:24:30,2249.4,2249,2249.4,4,32,11
9:24:30,2249.4,2249.2,2249.4,9,2,2
9:24:31,2249.2,2249.4,2249.6,11,1,10
9:24:31,2249.4,2249.4,2249.6,2,3,10
9:24:32,2249.6,2249.4,2249.6,2,3,9
9:24:32,2249.4,2249.2,2249.4,5,4,1
9:24:33,2249.6,2249.4,2249.6,5,6,6
9:24:33,2249.6,2249.4,2249.6,7,1,5
9:24:34,2249.4,2249.4,2249.6,2,1,6
9:24:34,2249.4,2249.2,2249.4,7,7,33
9:24:35,2249.4,2249.4,2249.6,40,7,12
9:24:35,2249.4,2249.4,2249.6,7,13,7
9:24:36,2249.6,2249.4,2249.6,1,18,11
9:24:36,2249.4,2249.4,2249.6,3,15,11
9:24:37,2249.4,2249.4,2249.6,4,11,13
9:24:37,2249.6,2249.4,2249.6,13,10,3
9:24:38,2249.6,2249.6,2249.8,3,1,59
9:24:38,2249.6,2249.4,2249.6,1,11,24
9:24:39,2249.4,2249.4,2249.6,7,11,22
9:24:39,2249.6,2249.6,2249.8,30,71,61
9:24:40,2249.6,2249.6,2249.8,1,71,64
9:24:40,2249.8,2249.6,2249.8,53,70,17
9:24:41,2249.8,2249.8,2250,19,49,69
9:24:41,2249.8,2249.8,2250,36,47,38
9:24:42,2250.8,2250.2,2250.8,118,3,18
9:24:42,2250.8,2250.4,2250.8,28,3,32
9:24:43,2250.6,2250.2,2250.6,67,2,6
9:24:43,2250.2,2250,2250.2,10,4,15
9:24:44,2250.4,2249.8,2250.4,35,46,4
9:24:44,2250,2250,2250.2,51,74,15
9:24:45,2250.2,2250.2,2250.4,23,5,27
9:24:45,2250.4,2250.2,2250.4,3,1,26
9:24:46,2250.2,2250.2,2250.4,1,2,36
9:24:46,2250.2,2250,2250.2,2,76,2
9:24:47,2250.2,2250,2250.2,8,78,9
9:24:47,2250.2,2250,2250.2,18,76,7
9:24:48,2250.2,2250,2250.2,3,80,18
9:24:48,2250.2,2250,2250.2,9,85,14
9:24:49,2250.2,2250,2250.2,15,85,9
9:24:49,2250,2250,2250.2,17,79,6
9:24:50,2250.4,2250.2,2250.4,9,2,37
9:24:50,2250.2,2250.2,2250.4,3,3,38
9:24:51,2250.2,2250.2,2250.4,36,3,5
9:24:51,2250.4,2250.4,2250.6,29,5,16
9:24:52,2250,2249.8,2250,93,36,23
9:24:52,2250,2249.8,2250,13,36,10
9:24:53,2250,2249.8,2250,7,32,7
9:24:53,2249.8,2249.8,2250.2,32,10,5
9:24:54,2249.8,2249.8,2250,13,3,6
9:24:54,2249.8,2249.8,2250,5,3,41
9:24:55,2249.8,2249.6,2249.8,8,75,55
9:24:55,2249.6,2249.6,2249.8,14,61,44
9:24:56,2249.6,2249.6,2249.8,8,53,43
9:24:56,2249.8,2249.6,2249.8,8,48,41
9:24:57,2249.6,2249.6,2249.8,19,28,42
9:24:57,2249.6,2249.6,2249.8,3,25,45
9:24:58,2249.6,2249.6,2249.8,3,23,45
9:24:58,2249.6,2249.6,2249.8,10,20,39
9:24:59,2249.6,2249.6,2249.8,3,19,38
9:25:00,2249.8,2249.6,2249.8,11,18,30
9:25:00,2249.8,2249.6,2249.8,4,18,26
9:25:01,2249.8,2249.6,2249.8,8,18,18
9:25:01,2249.8,2249.6,2249.8,6,23,13
9:25:02,2249.8,2249.6,2249.8,6,24,11
9:25:02,2249.6,2249.6,2249.8,4,23,11
9:25:03,2249.6,2249.6,2249.8,6,19,10
9:25:04,2249.6,2249.6,2249.8,2,17,12
9:25:04,2249.8,2249.6,2249.8,2,16,16
9:25:05,2249.6,2249.6,2249.8,3,11,24
9:25:05,2249.6,2249.6,2249.8,1,10,33
9:25:06,2249.4,2249.4,2249.6,12,15,18
9:25:06,2249.6,2249.4,2249.6,6,13,27
9:25:07,2249.4,2249.4,2249.6,1,12,33
9:25:07,2249.4,2249.4,2249.6,1,11,34
9:25:08,2249.4,2249.4,2249.6,36,3,11
9:25:08,2249.2,2249.2,2249.6,5,38,12
9:25:09,2249.6,2249.2,2249.6,5,34,13
9:25:09,2249.2,2249.4,2249.6,10,3,13
9:25:10,2249.2,2249.2,2249.4,6,30,1
9:25:10,2249.2,2249.2,2249.4,5,25,2
9:25:11,2249.2,2249.2,2249.4,2,24,5
9:25:11,2249.2,2249.2,2249.4,9,17,3
9:25:12,2249.4,2249.2,2249.4,3,18,2
9:25:12,2249.2,2249,2249.2,29,35,12
9:25:13,2249.2,2249,2249.2,1,25,11
9:25:13,2249,2249,2249.2,9,26,13
9:25:14,2249,2249,2249.2,8,18,18
9:25:14,2249,2249,2249.2,5,14,19
9:25:15,2249,2249,2249.2,15,10,8
9:25:15,2249,2249,2249.2,7,3,8
9:25:16,2249,2249,2249.2,5,1,7
9:25:16,2248.8,2248.8,2249,3,20,10
9:25:17,2249,2248.8,2249,4,28,8
9:25:17,2249,2248.8,2249,3,26,8
9:25:18,2249,2248.8,2249,1,26,7
9:25:18,2249,2249,2249.2,9,1,14
9:25:19,2249.2,2249,2249.2,3,1,11
9:25:19,2249,2248.8,2249,2,18,1
9:25:20,2249,2249,2249.2,1,1,11
9:25:20,2249.2,2249,2249.2,2,5,11
9:25:21,2249.2,2249,2249.2,2,5,11
9:25:21,2249.2,2249.2,2249.4,11,1,2
9:25:22,2249.6,2248.8,2249,24,18,5
9:25:22,2249,2249,2249.6,5,14,12
9:25:23,2249,2249,2249.4,1,15,3
9:25:23,2249,2249,2249.2,4,24,3
9:25:25,2249.2,2249.2,2249.4,3,6,14
9:25:26,2249.2,2249.2,2249.4,5,18,18
9:25:26,2249.2,2249.2,2249.4,12,6,17
9:25:27,2249.4,2249.2,2249.4,1,6,16
9:25:27,2249.2,2249,2249.2,27,29,26
9:25:28,2249,2249,2249.2,6,26,26
9:25:28,2249.2,2249,2249.2,2,27,24
9:25:29,2249,2248.8,2249,27,23,20
9:25:29,2249.2,2249.2,2249.4,51,26,1
9:25:30,2249.4,2249.4,2249.6,3,5,16
9:25:30,2249.4,2249.4,2249.6,2,3,16
9:25:31,2249.4,2249.4,2249.6,1,2,16
9:25:31,2249.4,2249.2,2249.4,3,29,13
9:25:32,2249.2,2249.2,2249.4,5,24,14
9:25:32,2249.4,2249.2,2249.4,2,25,13
9:25:33,2249.4,2249.2,2249.4,2,25,20
9:25:33,2249.2,2249.2,2249.4,3,23,20
9:25:34,2249.2,2249.2,2249.4,4,19,20
9:25:34,2249.2,2249.2,2249.4,1,18,20
9:25:35,2249.2,2249.2,2249.4,9,12,21
9:25:35,2249.2,2249.2,2249.4,22,10,1
9:25:36,2249,2249,2249.2,14,13,4
9:25:36,2249,2249,2249.2,2,12,4
9:25:37,2249.2,2249,2249.2,5,9,3
9:25:37,2249.2,2249,2249.2,1,9,2
9:25:38,2249,2249,2249.2,5,3,2
9:25:38,2249.2,2249,2249.2,3,2,4
9:25:39,2249,2248.8,2249.2,2,33,6
9:25:39,2249.2,2248.8,2249.2,5,33,1
9:25:41,2249,2249,2249.2,2,2,1
9:25:41,2249,2248.8,2249,3,34,1
9:25:42,2249.2,2248.8,2249.2,5,33,3
9:25:43,2249,2249,2249.2,1,4,12
9:25:44,2249.2,2249,2249.2,4,36,9
9:25:45,2249.2,2249,2249.2,6,36,7
9:25:45,2249.4,2249.2,2249.4,10,88,17
9:25:46,2249.2,2249.2,2249.4,18,85,8
9:25:46,2249.4,2249.4,2249.6,10,22,53
9:25:47,2249.4,2249.4,2249.6,4,9,44
9:25:48,2249.4,2249.4,2249.6,4,5,47
9:25:49,2249.6,2249.4,2249.6,5,4,54
9:25:49,2249.4,2249.4,2249.6,3,2,63
9:25:50,2249.2,2249.2,2249.4,3,71,2
9:25:50,2249.4,2249.2,2249.4,1,71,35
9:25:51,2249.2,2249.2,2249.4,28,43,10
9:25:51,2249.2,2249.2,2249.4,4,40,10
9:25:52,2249.2,2249.2,2249.4,6,39,9
9:25:52,2249.2,2249.2,2249.4,3,36,10
9:25:54,2249.4,2249.2,2249.4,1,36,10
9:25:54,2249.2,2249.2,2249.4,1,35,13
9:25:55,2249.2,2249.2,2249.4,3,34,13
9:25:55,2249.2,2249.2,2249.4,1,33,13
9:25:56,2249.4,2249.2,2249.4,1,34,14
9:25:58,2249.2,2249.2,2249.4,2,33,19
9:25:59,2249.2,2249.2,2249.4,5,31,17
9:26:00,2249.2,2249.2,2249.4,4,29,16
9:26:01,2249.4,2249.2,2249.4,1,30,15
9:26:02,2249.4,2249.4,2249.6,16,23,45
9:26:03,2249.4,2249.4,2249.6,4,21,46
9:26:04,2249.4,2249.4,2249.6,2,23,43
9:26:05,2249.6,2249.4,2249.6,10,23,33
9:26:05,2249.6,2249.4,2249.6,11,23,22
9:26:06,2249.6,2249.4,2249.6,2,23,21
9:26:06,2249.6,2249.4,2249.6,7,23,14
9:26:07,2249.6,2249.4,2249.6,2,22,13
9:26:07,2249.4,2249.4,2249.6,2,23,13
9:26:08,2249.4,2249.4,2249.6,2,22,12
9:26:08,2249.6,2249.6,2249.8,12,41,79
9:26:09,2249.6,2249.6,2249.8,1,40,79
9:26:09,2249.6,2249.6,2249.8,2,39,79
9:26:10,2249.8,2249.6,2249.8,3,39,76
9:26:10,2249.8,2249.6,2249.8,2,38,75
9:26:11,2249.8,2249.6,2249.8,4,37,71
9:26:12,2249.6,2249.6,2249.8,3,37,70
9:26:13,2249.8,2249.6,2249.8,15,27,65
9:26:13,2249.8,2249.6,2249.8,6,27,60
9:26:14,2249.8,2249.6,2249.8,14,27,47
9:26:14,2249.8,2249.6,2249.8,1,27,46
9:26:15,2249.8,2249.6,2249.8,3,29,44
9:26:16,2249.8,2249.6,2249.8,4,31,40
9:26:16,2249.8,2249.6,2249.8,2,32,39
9:26:17,2249.8,2249.6,2249.8,31,31,8
9:26:17,2249.6,2249.6,2249.8,3,29,7
9:26:18,2249.8,2249.6,2249.8,11,25,1
9:26:18,2249.6,2249.8,2250,7,16,74
9:26:20,2249.8,2249.8,2250,2,32,74
9:26:20,2250,2249.8,2250,2,32,71
9:26:21,2250,2249.8,2250,35,33,37
9:26:21,2250,2249.8,2250,10,32,29
9:26:22,2250,2249.8,2250,10,33,19
9:26:22,2250,2249.8,2250,2,33,17
9:26:23,2250,2250,2250.2,18,43,47
9:26:23,2250,2250,2250.2,3,43,45
9:26:24,2250.2,2250,2250.2,3,44,53
9:26:24,2250.2,2250,2250.2,4,45,51
9:26:25,2250,2250,2250.2,5,44,47
9:26:25,2250.2,2250,2250.2,4,42,47
9:26:26,2250.2,2250,2250.2,7,41,42
9:26:26,2250,2250,2250.2,5,36,43
9:26:27,2250.2,2250,2250.2,8,41,41
9:26:27,2250.2,2250,2250.2,26,41,18
9:26:28,2250,2250,2250.2,27,14,20
9:26:28,2250.2,2250,2250.2,4,15,16
9:26:29,2250.2,2250,2250.2,10,9,15
9:26:29,2250,2249.8,2250,18,29,13
9:26:30,2250,2249.8,2250,9,24,10
9:26:30,2250,2249.8,2250,1,25,23
9:26:31,2250,2249.8,2250,2,25,23
9:26:31,2250,2250,2250.2,24,16,23
9:26:32,2250,2250,2250.2,2,14,25
9:26:32,2250.2,2250,2250.2,4,16,26
9:26:33,2250.2,2250,2250.2,1,18,25
9:26:33,2250,2249.8,2250,22,26,21
9:26:34,2249.8,2249.8,2250,24,6,18
9:26:34,2250,2249.8,2250,4,6,14
9:26:35,2250,2249.8,2250,2,6,20
9:26:35,2250,2249.8,2250,1,7,21
9:26:36,2250,2249.8,2250,8,7,13
9:26:37,2250,2249.8,2250,6,7,14
9:26:37,2250,2249.8,2250,6,8,9
9:26:38,2250,2249.8,2250,2,8,8
9:26:38,2249.8,2249.8,2250,2,6,9
9:26:39,2250,2249.8,2250,3,7,12
9:26:40,2250,2249.8,2250,7,6,8
9:26:40,2250,2249.8,2250,3,5,17
9:26:41,2250,2249.8,2250,15,6,3
9:26:41,2250,2250,2250.2,6,9,33
9:26:42,2250,2250,2250.2,2,7,34
9:26:42,2250,2249.8,2250,7,7,11
9:26:43,2250,2249.8,2250,9,5,6
9:26:43,2250,2249.8,2250,3,7,5
9:26:44,2249.8,2249.8,2250,3,5,5
9:26:44,2249.8,2249.6,2249.8,5,48,3
9:26:45,2249.8,2249.6,2249.8,2,48,1
9:26:45,2250,2249.6,2250,20,30,7
9:26:46,2249.8,2249.8,2250,1,1,9
9:26:46,2250,2249.6,2250,3,32,15
9:26:47,2250,2249.6,2250,1,35,15
9:26:47,2250,2249.6,2250,1,35,21
9:26:48,2250,2249.8,2250,2,1,20
9:26:48,2250,2249.8,2250,2,1,23
9:26:49,2249.8,2249.6,2250,3,65,24
9:26:49,2249.8,2249.8,2250,1,1,27
9:26:50,2249.6,2249.8,2250,2,1,49
9:26:50,2250,2249.6,2250,3,64,48
9:26:51,2250,2249.6,2250,1,65,47
9:26:51,2250,2249.6,2250,10,63,41
9:26:52,2250,2249.6,2250,1,64,40
9:26:52,2250,2249.6,2250,2,63,44
9:26:53,2249.6,2249.6,2250,7,68,42
9:26:53,2250,2249.6,2250,5,60,37
9:26:54,2249.6,2249.6,2250,1,59,37
9:26:54,2250,2249.6,2250,2,60,37
9:26:55,2250,2249.6,2250,7,65,39
9:26:56,2250,2249.6,2250,1,65,38
9:26:56,2250,2249.6,2250,7,57,33
9:26:57,2250,2249.6,2250,31,45,14
9:26:57,2249.8,2249.8,2250,19,2,4
9:26:58,2250,2249.8,2250,1,2,6
9:26:58,2249.8,2249.8,2250,2,1,7
9:26:59,2250,2250,2250.2,10,10,42
9:26:59,2250.2,2250,2250.2,4,7,43
9:27:00,2250.2,2250,2250.2,2,7,41
9:27:00,2250.2,2250,2250.2,9,6,34
9:27:01,2250.2,2250,2250.2,8,6,27
9:27:01,2250.2,2249.8,2250.2,14,2,20
9:27:02,2249.8,2250.2,2250.4,27,2,47
9:27:02,2250.2,2250.2,2250.4,18,4,31
9:27:03,2250,2250,2250.2,12,8,8
9:27:04,2250.2,2250,2250.2,26,7,4
9:27:04,2250.4,2249.8,2250,23,12,1
9:27:05,2250.2,2249.8,2250.4,6,11,28
9:27:05,2250,2250,2250.2,34,1,1
9:27:06,2250.2,2250,2250.2,2,2,8
9:27:06,2250.2,2250,2250.2,3,2,11
9:27:07,2250,2250,2250.2,9,1,5
9:27:07,2250,2249.8,2250.2,5,17,5
9:27:08,2250.2,2249.8,2250.2,2,33,4
9:27:08,2249.8,2249.8,2250,3,33,1
9:27:09,2249.8,2249.8,2250,2,31,1
9:27:10,2250,2250,2250.2,2,3,10
9:27:10,2250,2250,2250.2,6,8,10
9:27:11,2250,2249.8,2250,6,39,18
9:27:11,2249.8,2249.8,2250,3,52,17
9:27:12,2250,2249.8,2250,2,52,16
9:27:12,2250,2250,2250.2,19,3,12
9:27:13,2250.2,2250,2250.2,4,16,17
9:27:14,2250,2250,2250.2,2,15,18
9:27:14,2250,2250,2250.2,1,15,18
9:27:15,2250.2,2250,2250.2,1,15,18
9:27:15,2250.2,2250,2250.2,1,16,17
9:27:16,2250,2250,2250.2,5,12,20
9:27:16,2250,2250,2250.2,8,12,21
9:27:17,2250,2250,2250.2,1,10,21
9:27:17,2250.2,2250,2250.2,1,13,22
9:27:18,2250,2250,2250.2,13,1,23
9:27:18,2250,2249.8,2250,1,140,1
9:27:19,2250.2,2250,2250.2,4,1,35
9:27:20,2250,2250,2250.2,1,29,35
9:27:20,2250,2250,2250.2,7,33,33
9:27:21,2250,2250,2250.2,5,32,33
9:27:21,2250,2250,2250.2,12,30,33
9:27:22,2250,2250,2250.2,2,28,33
9:27:22,2250.2,2250,2250.2,1,38,35
9:27:23,2250,2250,2250.2,5,26,34
9:27:24,2250,2250,2250.2,1,28,37
9:27:24,2250,2250,2250.2,4,17,38
9:27:25,2250,2250,2250.2,1,16,38
9:27:25,2250,2250,2250.2,8,10,37
9:27:26,2250,2250,2250.2,6,4,38
9:27:26,2250.2,2250,2250.2,2,3,37
9:27:27,2250,2250,2250.2,1,2,39
9:27:27,2250,2249.8,2250,2,148,3
9:27:29,2250,2249.8,2250,1,148,6
9:27:29,2250,2249.8,2250,4,147,4
9:27:30,2249.8,2249.8,2250,2,145,5
9:27:31,2250,2249.8,2250,2,145,3
9:27:31,2249.8,2249.8,2250,2,144,2
9:27:32,2250.2,2249.8,2250.2,3,143,57
9:27:32,2250.2,2249.8,2250.2,21,141,38
9:27:33,2249.8,2249.8,2250.2,2,140,39
9:27:34,2249.8,2249.8,2250,2,139,1
9:27:35,2250.2,2250.2,2250.4,44,8,54
9:27:35,2250.2,2250.2,2250.4,5,3,53
9:27:36,2250.2,2250.2,2250.4,2,1,53
9:27:36,2250.2,2249.8,2250,1,142,4
9:27:37,2250.2,2250,2250.2,6,2,6
9:27:37,2250,2250,2250.2,1,3,8
9:27:38,2250.2,2250,2250.2,2,14,6
9:27:38,2250,2250,2250.2,1,14,6
9:27:39,2250.2,2250,2250.2,27,14,9
9:27:39,2250.2,2250,2250.2,6,14,5
9:27:40,2250.2,2250,2250.2,1,114,9
9:27:40,2250.2,2250.2,2250.4,10,2,55
9:27:41,2250.2,2250.2,2250.4,39,3,29
9:27:41,2250.2,2250,2250.4,41,113,1
9:27:42,2250.2,2250.2,2250.4,3,6,2
9:27:42,2250.4,2250.4,2250.6,4,3,32
9:27:43,2250.4,2250.4,2250.6,2,1,31
9:27:43,2250.4,2250.2,2250.6,2,7,31
9:27:44,2250.2,2250,2250.2,20,130,10
9:27:44,2250.4,2250.2,2250.4,47,3,60
9:27:45,2250.2,2250.2,2250.4,10,12,56
9:27:45,2250.2,2250.2,2250.4,2,11,61
9:27:46,2250.2,2250.2,2250.4,11,11,51
9:27:46,2250.4,2250.2,2250.4,1,11,51
9:27:47,2250.4,2250.2,2250.4,11,14,45
9:27:47,2250.2,2250.2,2250.4,1,15,45
9:27:48,2250.4,2250.2,2250.4,3,18,46
9:27:48,2250.4,2250.2,2250.4,1,18,46
9:27:49,2250.4,2250.2,2250.4,4,18,40
9:27:50,2250.4,2250.2,2250.4,2,20,39
9:27:50,2250.2,2250.2,2250.4,5,15,39
9:27:51,2250.4,2250.2,2250.4,6,49,33
9:27:52,2250.4,2250.2,2250.4,1,49,31
9:27:52,2250.4,2250.2,2250.4,14,49,19
9:27:53,2250.4,2250.2,2250.4,8,50,11
9:27:53,2250.4,2250.2,2250.4,5,48,9
9:27:54,2250.4,2250.4,2250.6,22,3,23
9:27:55,2250.4,2250.4,2250.6,3,2,23
9:27:55,2250.4,2250.4,2250.6,2,2,23
9:27:56,2250.6,2250.4,2250.6,3,4,21
9:27:56,2250.6,2250.4,2250.6,1,4,21
9:27:57,2250.4,2250.4,2250.6,1,5,24
9:27:57,2250.6,2250.4,2250.6,24,8,16
9:27:58,2250.6,2250.4,2250.6,13,10,4
9:27:58,2250.4,2250.4,2250.6,4,9,2
9:27:59,2250.6,2250.6,2250.8,6,1,30
9:27:59,2250.8,2250.4,2250.6,6,19,1
9:28:00,2250.8,2250.6,2250.8,16,2,11
9:28:00,2250.8,2250.4,2250.8,15,19,5
9:28:01,2250.4,2250.4,2250.8,10,13,3
9:28:01,2250.8,2250.6,2250.8,5,11,33
9:28:02,2250.6,2250.4,2250.6,34,13,19
9:28:02,2250.4,2250.4,2250.6,22,7,22
9:28:03,2250.6,2250.4,2250.6,9,5,36
9:28:03,2250.4,2250.2,2250.4,10,51,18
9:28:04,2250.4,2250.2,2250.4,10,51,15
9:28:04,2250.2,2250.2,2250.4,7,45,17
9:28:05,2250.2,2250.2,2250.4,10,36,46
9:28:05,2250.4,2250.2,2250.4,2,36,48
9:28:06,2250.2,2250,2250.2,41,42,29
9:28:06,2250,2250,2250.2,7,36,33
9:28:07,2250,2250,2250.2,8,28,35
9:28:07,2250,2250,2250.2,32,15,28
9:28:08,2250,2250,2250.2,12,4,25
9:28:08,2250,2250,2250.2,7,4,19
9:28:09,2250,2249.8,2250,6,24,17
9:28:09,2250,2249.8,2250,7,20,25
9:28:10,2250,2249.8,2250,2,20,24
9:28:10,2250,2249.8,2250,14,8,35
9:28:11,2249.8,2249.6,2249.8,8,78,2
9:28:11,2249.8,2249.8,2250,7,1,39
9:28:12,2249.8,2249.6,2249.8,5,74,5
9:28:12,2250.2,2250.2,2250.4,58,42,23
9:28:13,2250.2,2250.2,2250.4,14,31,20
9:28:13,2250.2,2250.2,2250.4,15,16,22
9:28:14,2249.8,2249.8,2250,19,7,6
9:28:14,2249.8,2249.8,2250,1,7,7
9:28:15,2249.8,2249.8,2250,3,5,7
9:28:15,2249.8,2249.6,2249.8,5,76,1
9:28:16,2249.8,2249.6,2250,1,76,10
9:28:17,2249.8,2249.8,2250,1,78,11
9:28:18,2250,2249.8,2250,3,77,10
9:28:18,2250,2250,2250.2,12,3,12
9:28:19,2250,2250,2250.2,1,2,12
9:28:19,2250.2,2250,2250.2,2,9,13
9:28:20,2250,2250,2250.2,7,11,10
9:28:20,2250,2249.8,2250,11,79,7
9:28:21,2249.8,2249.8,2250,3,76,8
9:28:22,2249.8,2249.8,2250,3,76,9
9:28:22,2249.8,2249.8,2250,1,75,9
9:28:23,2250,2249.8,2250,3,75,8
9:28:23,2250,2249.8,2250,1,75,9
9:28:24,2249.8,2249.8,2250,10,76,11
9:28:24,2249.8,2249.8,2250,1,76,15
9:28:25,2250,2249.8,2250,2,75,15
9:28:25,2250,2249.8,2250,9,75,12
9:28:26,2249.8,2249.8,2250,4,71,13
9:28:26,2250,2249.8,2250,1,71,12
9:28:27,2249.8,2249.8,2250,3,69,13
9:28:27,2249.8,2249.8,2250,1,68,16
9:28:28,2250,2249.8,2250,2,68,14
9:28:28,2249.8,2249.8,2250,2,68,15
9:28:29,2249.8,2249.8,2250,6,65,12
9:28:29,2250,2249.8,2250,2,65,11
9:28:30,2250,2249.8,2250,3,65,9
9:28:30,2249.8,2249.8,2250,1,71,14
9:28:31,2250,2250,2250.2,19,32,46
9:28:31,2250,2250,2250.2,3,34,46
9:28:32,2250,2250,2250.2,31,5,52
9:28:32,2250.2,2250,2250.2,7,3,49
9:28:33,2250,2250,2250.2,1,3,49
9:28:34,2250.2,2250,2250.2,3,2,48
9:28:35,2250,2249.8,2250,3,70,1
9:28:36,2250,2250,2250.2,1,1,50
9:28:36,2250,2249.8,2250,3,69,18
9:28:37,2249.8,2249.8,2250,1,68,22
9:28:37,2250,2249.8,2250,34,71,16
9:28:38,2249.8,2249.8,2250,2,69,18
9:28:38,2250,2249.8,2250,1,69,17
9:28:39,2250,2250,2250.2,18,39,45
9:28:40,2250,2250,2250.2,2,39,48
9:28:40,2250,2250,2250.2,1,38,49
9:28:41,2250,2250,2250.2,2,36,50
9:28:41,2250,2250,2250.2,3,33,50
9:28:42,2250,2250,2250.2,2,32,50
9:28:42,2250,2250,2250.2,3,29,51
9:28:43,2250,2250,2250.2,2,28,52
9:28:43,2250,2250,2250.2,2,27,51
9:28:44,2250,2250,2250.2,12,15,52
9:28:44,2250,2250,2250.2,6,10,51
9:28:45,2250,2250,2250.2,4,6,51
9:28:45,2250,2250,2250.2,2,6,52
9:28:46,2250,2249.8,2250,7,77,1
9:28:48,2249.8,2249.8,2250,2,77,17
9:28:49,2250,2250,2250.2,24,28,53
9:28:50,2250,2250,2250.2,9,21,63
9:28:50,2250,2250,2250.2,3,19,62
9:28:51,2250,2250,2250.2,7,13,62
9:28:52,2250.2,2250,2250.2,4,13,68
9:28:52,2250,2250,2250.2,7,6,68
9:28:53,2250.2,2250,2250.2,52,5,17
9:28:54,2250.2,2250,2250.2,11,4,9
9:28:54,2250.2,2250.2,2250.4,13,7,31
9:28:55,2250.2,2250.2,2250.4,1,7,31
9:28:55,2250.2,2250.2,2250.4,5,2,31
9:28:56,2250.2,2250,2250.4,2,16,31
9:28:57,2250.2,2250,2250.2,4,15,8
9:28:59,2250.2,2250,2250.2,1,6,13
9:28:59,2250,2250,2250.2,3,4,13
9:29:01,2250.2,2250,2250.2,2,4,28
9:29:01,2250,2250,2250.2,2,3,27
9:29:02,2250,2250,2250.2,2,6,27
9:29:03,2249.8,2249.8,2250,8,84,3
9:29:04,2250,2249.8,2250,1,88,4
9:29:04,2249.8,2249.8,2250.2,8,84,31
9:29:05,2250,2249.8,2250.2,11,73,31
9:29:05,2249.8,2249.8,2250.2,2,72,33
9:29:06,2249.8,2249.8,2250.2,4,68,33
9:29:06,2249.8,2249.8,2250,3,65,1
9:29:07,2249.8,2249.8,2250,2,63,5
9:29:07,2249.8,2249.8,2250,5,58,5
9:29:08,2249.8,2249.8,2250,1,58,17
9:29:08,2249.8,2249.8,2250,3,56,33
9:29:09,2249.8,2249.8,2250,20,37,33
9:29:09,2249.8,2249.8,2250,15,22,33
9:29:10,2249.8,2249.6,2249.8,22,160,30
9:29:10,2249.6,2249.6,2249.8,3,157,32
9:29:11,2249.6,2249.6,2249.8,2,155,33
9:29:11,2249.6,2249.6,2249.8,8,151,36
9:29:12,2249.8,2249.6,2249.8,4,148,37
9:29:12,2249.6,2249.6,2249.8,10,138,37
9:29:13,2249.6,2249.6,2249.8,1,137,38
9:29:13,2249.6,2249.6,2249.8,1,136,38
9:29:14,2249.8,2249.6,2249.8,2,135,39
9:29:14,2249.6,2249.6,2249.8,27,110,37
9:29:15,2249.6,2249.6,2249.8,2,108,37
9:29:15,2249.8,2249.6,2249.8,40,70,36
9:29:16,2249.8,2249.6,2249.8,35,36,35
9:29:16,2249.6,2249.6,2249.8,10,27,35
9:29:17,2249.6,2249.6,2249.8,13,14,36
9:29:17,2249.6,2249.6,2249.8,3,12,36
9:29:18,2249.8,2249.6,2249.8,4,9,36
9:29:18,2249.6,2249.4,2249.6,9,12,13
9:29:19,2249.4,2249.4,2249.6,6,16,14
9:29:20,2249.6,2249.4,2249.6,2,17,21
9:29:20,2249.4,2249.4,2249.6,1,16,22
9:29:21,2249.4,2249.4,2249.6,3,14,21
9:29:21,2249.4,2249.4,2249.6,2,12,21
9:29:22,2249.6,2249.2,2249.6,13,74,21
9:29:22,2249.4,2249.2,2249.4,2,74,10
9:29:23,2249.4,2249.4,2249.6,17,49,21
9:29:23,2249.4,2249.4,2249.6,10,39,21
9:29:24,2249.4,2249.4,2249.6,5,35,21
9:29:24,2249.4,2249.4,2249.6,2,37,21
9:29:25,2249.4,2249.4,2249.6,6,36,22
9:29:25,2249.6,2249.4,2249.6,3,37,19
9:29:26,2249.4,2249.4,2249.6,5,34,22
9:29:26,2249.6,2249.4,2249.6,4,46,20
9:29:27,2249.6,2249.4,2249.6,4,44,18
9:29:27,2249.4,2249.4,2249.6,2,42,19
9:29:28,2249.4,2249.4,2249.6,3,42,18
9:29:28,2249.6,2249.4,2249.6,12,31,18
9:29:29,2249.6,2249.4,2249.6,1,32,17
9:29:29,2249.6,2249.4,2249.6,3,30,18
9:29:30,2249.4,2249.4,2249.6,5,27,16
9:29:30,2249.4,2249.4,2249.6,14,30,3
9:29:31,2249.4,2249.4,2249.6,2,37,4
9:29:31,2249.4,2249.4,2249.6,4,49,5
9:29:32,2249.6,2249.6,2249.8,7,1,33
9:29:32,2249.6,2249.4,2249.6,3,51,4
9:29:33,2249.4,2249.4,2249.6,2,54,8
9:29:34,2249.4,2249.4,2249.6,19,36,8
9:29:35,2249.4,2249.4,2249.6,1,41,8
9:29:35,2249.4,2249.4,2249.6,16,27,8
9:29:36,2249.6,2249.4,2249.6,1,27,7
9:29:36,2249.6,2249.4,2249.8,24,32,14
9:29:37,2249.6,2249.6,2250,19,18,28
9:29:37,2250,2249.8,2250,7,15,25
9:29:38,2249.6,2249.4,2249.8,19,32,14
9:29:38,2249.4,2249.6,2249.8,14,14,5
9:29:39,2249.6,2249.6,2249.8,2,12,5
9:29:39,2249.8,2249.6,2249.8,8,7,4
9:29:40,2249.6,2249.4,2249.8,3,34,2
9:29:41,2249.8,2249.4,2249.8,3,36,2
9:29:41,2249.8,2249.8,2250,8,19,20
9:29:42,2249.8,2249.8,2250,2,20,20
9:29:42,2250,2249.8,2250,2,18,18
9:29:43,2250,2249.8,2250,3,16,18
9:29:43,2249.8,2249.8,2250,4,12,20
9:29:44,2250,2249.8,2250,5,8,14
9:29:44,2250,2249.8,2250,1,8,13
9:29:45,2249.8,2249.8,2250,1,16,26
9:29:47,2249.8,2249.8,2250,1,28,40
9:29:48,2249.8,2249.8,2250,1,27,42
9:29:49,2249.8,2249.8,2250,1,26,43
9:29:51,2249.8,2249.8,2250,12,22,45
9:29:52,2250,2249.8,2250,1,24,44
9:29:52,2249.8,2249.8,2250,1,23,44
9:29:53,2250,2249.8,2250,6,20,41
9:29:53,2250,2249.8,2250,1,20,40
9:29:54,2249.8,2249.8,2250,1,20,50
9:29:54,2250,2249.8,2250,1,20,49
9:29:55,2250,2249.8,2250,5,20,46
9:29:56,2249.8,2249.8,2250,1,13,51
9:29:56,2250,2249.8,2250,3,12,49
9:29:57,2250,2249.8,2250,1,13,48
9:29:57,2250,2249.8,2250,13,13,35
9:29:58,2250,2249.8,2250,2,13,33
9:29:58,2249.8,2249.8,2250,1,12,33
9:29:59,2249.8,2249.8,2250,6,8,31
9:30:00,2250,2249.8,2250,14,7,23
9:30:00,2250,2250.2,2250.6,159,1,32
9:30:01,2249.6,2249.6,2249.8,16,24,5
9:30:01,2250.2,2250,2250.2,16,1,2
9:30:02,2250.2,2250.2,2250.4,11,59,1
9:30:02,2250.4,2250.4,2250.6,10,17,18
9:30:03,2250.2,2250.2,2250.6,30,40,9
9:30:03,2250.6,2250.4,2250.6,8,1,1
9:30:04,2250.8,2250.6,2250.8,5,11,29
9:30:04,2250.6,2250.6,2250.8,8,13,31
9:30:05,2250.8,2250.6,2250.8,27,10,7
9:30:05,2250.6,2250.8,2251,12,1,95
9:30:06,2250.8,2250.6,2250.8,16,16,9
9:30:06,2250.8,2250.6,2250.8,17,17,7
9:30:07,2251,2250.6,2251,12,14,92
9:30:07,2251,2250.6,2251,6,15,89
9:30:08,2250.8,2250.6,2251,18,15,80
9:30:08,2250.6,2250.6,2251,84,10,8
9:30:09,2251,2250.8,2251,15,3,22
9:30:09,2251,2251,2251.2,25,22,63
9:30:10,2251,2250.8,2251.2,23,3,62
9:30:10,2250.8,2250.8,2251,6,2,1
9:30:11,2251,2250.6,2251,14,5,9
9:30:11,2250.6,2250.6,2251,6,4,27
9:30:12,2250.8,2250.6,2250.8,8,4,7
9:30:12,2250.6,2250.4,2250.6,41,3,1
9:30:13,2250.6,2250.4,2250.6,2,10,3
9:30:13,2250.8,2250.4,2250.8,4,10,1
9:30:14,2250.4,2250.6,2250.8,3,1,4
9:30:14,2250.4,2250.4,2250.8,2,22,4
9:30:15,2250.6,2250.4,2250.6,7,21,8
9:30:15,2250.6,2250.4,2250.6,1,21,7
9:30:16,2250.4,2250.4,2250.6,1,20,7
9:30:16,2250.4,2250.4,2250.6,7,17,7
9:30:17,2250.8,2250.6,2250.8,9,20,8
9:30:17,2250.6,2250.6,2250.8,6,15,7
9:30:18,2250.6,2250.4,2250.6,22,17,2
9:30:18,2250.6,2250.4,2250.6,1,18,4
9:30:19,2250.8,2250.4,2250.8,9,17,7
9:30:19,2250.8,2250.4,2250.8,6,18,19
9:30:20,2250.6,2250.4,2250.8,6,18,20
9:30:21,2250.8,2250.4,2250.8,4,22,17
9:30:21,2250.4,2250.4,2250.6,3,20,1
9:30:22,2250.8,2250.6,2250.8,4,1,17
9:30:22,2250.8,2250.6,2250.8,1,3,16
9:30:23,2250.6,2250.6,2250.8,2,5,16
9:30:23,2250.8,2250.6,2250.8,3,6,36
9:30:24,2250.6,2250.6,2250.8,8,6,35
9:30:24,2250.6,2250.6,2250.8,34,5,2
9:30:25,2250.8,2250.6,2250.8,3,3,1
9:30:25,2250.8,2250.6,2250.8,3,6,12
9:30:26,2250.6,2250.6,2250.8,4,5,11
9:30:26,2250.8,2250.6,2250.8,3,4,30
9:30:27,2250.6,2250.4,2250.6,4,19,1
9:30:27,2250.6,2250.4,2250.6,2,19,7
9:30:28,2250.6,2250.4,2250.6,7,18,2
9:30:28,2250.6,2250.4,2250.6,1,18,3
9:30:29,2250.4,2250.2,2250.4,18,23,22
9:30:29,2250.4,2250.2,2250.4,18,8,20
9:30:30,2250.4,2250.2,2250.4,3,7,32
9:30:30,2250.2,2250,2250.2,10,67,9
9:30:31,2250.2,2250,2250.2,1,71,8
9:30:31,2250,2250,2250.4,44,76,2
9:30:32,2250.2,2250.2,2250.4,4,4,2
9:30:33,2250,2250,2250.4,52,33,3
9:30:34,2250.4,2250,2250.4,5,34,3
9:30:34,2250.2,2250,2250.2,3,33,1
9:30:35,2250,2250,2250.2,4,29,3
9:30:35,2250.4,2250.2,2250.4,5,2,7
9:30:36,2250.2,2250.2,2250.4,1,2,13
9:30:36,2250,2250,2250.2,6,25,1
9:30:37,2250.2,2250.2,2250.4,5,2,13
9:30:37,2250.2,2250,2250.4,3,25,13
9:30:38,2250.2,2250,2250.2,2,24,2
9:30:38,2250,2250,2250.2,7,17,4
9:30:39,2250,2250,2250.4,9,16,11
9:30:39,2250.6,2250,2250.6,35,17,80
9:30:40,2250,2250,2250.6,8,12,80
9:30:40,2250,2249.8,2250,12,30,12
9:30:41,2249.8,2249.8,2250,20,15,8
9:30:41,2250.4,2249.8,2250.4,10,16,8
9:30:42,2250.4,2249.8,2250.2,1,16,3
9:30:42,2250,2250,2250.2,3,8,2
9:30:43,2250,2250,2250.2,14,3,1
9:30:44,2250,2249.8,2250.4,7,16,24
9:30:44,2250,2249.8,2250,2,17,3
9:30:45,2250,2249.8,2250,2,18,2
9:30:45,2249.8,2249.8,2250,2,18,1
9:30:46,2250.4,2250,2250.4,31,2,10
9:30:46,2249.8,2249.8,2250,3,23,3
9:30:47,2250,2249.8,2250,3,23,1
9:30:47,2249.8,2249.8,2250,4,22,3
9:30:48,2250,2249.8,2250.2,5,22,1
9:30:48,2250.2,2250,2250.4,3,7,20
9:30:49,2250,2250,2250.2,3,9,1
9:30:50,2250,2250,2250.2,4,8,5
9:30:50,2250,2249.8,2250,9,26,18
9:30:51,2249.8,2249.8,2250,1,27,25
9:30:51,2249.8,2249.8,2250,3,36,24
9:30:52,2249.8,2249.8,2250,25,11,24
9:30:52,2249.8,2249.8,2250,8,5,23
9:30:53,2249.8,2249.8,2250,1,8,23
9:30:53,2249.8,2249.6,2249.8,14,35,13
9:30:54,2249.6,2249.6,2249.8,2,33,16
9:30:54,2249.6,2249.4,2249.6,35,22,3
9:30:55,2249.6,2249.6,2249.8,12,6,19
9:30:55,2249.8,2249.8,2250,32,6,24
9:30:56,2249.6,2249.2,2249.6,97,23,1
9:30:56,2249.6,2249.2,2249.6,1,27,2
9:30:57,2249.4,2249.4,2249.6,11,4,3
9:30:57,2249.8,2249.8,2250,21,31,26
9:30:58,2249.8,2249.8,2250,9,23,27
9:30:58,2249.8,2249.8,2250,10,14,26
9:30:59,2249.6,2249.6,2249.8,21,1,3
9:30:59,2249.8,2249.6,2249.8,5,3,5
9:31:00,2249.6,2249.6,2249.8,1,2,5
9:31:00,2249.6,2249.4,2249.6,5,4,3
9:31:01,2249.6,2249.2,2249.4,4,22,2
9:31:01,2249.8,2249.2,2249.8,5,21,11
9:31:02,2249.4,2249.4,2249.6,1,4,5
9:31:02,2249.4,2249.4,2249.6,2,3,6
9:31:03,2249.4,2249.2,2249.4,7,23,2
9:31:03,2249.4,2249.2,2249.4,12,13,1
9:31:04,2249.2,2249.2,2249.6,10,43,6
9:31:04,2249.2,2249.2,2249.4,14,32,2
9:31:05,2249.2,2249.2,2249.4,5,29,4
9:31:05,2249.2,2249.2,2249.4,13,16,4
9:31:06,2249.2,2249,2249.2,19,72,16
9:31:06,2249,2249,2249.2,27,48,22
9:31:07,2249,2249,2249.2,21,29,22
9:31:07,2249,2248.8,2249,31,33,1
9:31:08,2248.8,2248.8,2249,30,17,4
9:31:08,2248.8,2248.8,2249,24,9,11
9:31:09,2248.6,2248.6,2248.8,21,13,32
9:31:09,2248.6,2248.6,2248.8,11,7,31
9:31:10,2248.6,2248.4,2248.6,19,18,3
9:31:10,2248.6,2248.4,2248.6,5,15,9
9:31:11,2248.4,2248.4,2248.6,9,25,9
9:31:11,2248.6,2248.6,2248.8,25,21,34
9:31:12,2248.6,2248.2,2248.6,48,61,8
9:31:12,2248.6,2248.2,2248.6,25,54,11
9:31:13,2248.2,2248.4,2248.6,14,3,5
9:31:13,2248.6,2248.6,2248.8,9,12,28
9:31:14,2248.4,2248.4,2248.6,82,13,13
9:31:14,2248.4,2248.4,2248.6,14,16,9
9:31:15,2248.4,2248.2,2248.6,37,55,1
9:31:15,2248.4,2248.2,2248.6,9,60,1
9:31:16,2248.4,2248.4,2248.6,29,2,7
9:31:16,2248.6,2248.4,2248.6,9,9,3
9:31:17,2248.4,2248.4,2248.6,11,16,9
9:31:17,2248.4,2248.4,2248.6,2,21,11
9:31:18,2248.6,2248.4,2248.6,14,35,1
9:31:18,2248.4,2248.6,2248.8,8,3,23
9:31:19,2248.6,2248.6,2248.8,4,5,24
9:31:19,2248.4,2248.6,2248.8,6,1,25
9:31:20,2248.4,2248.6,2248.8,5,5,23
9:31:20,2248.4,2248.4,2248.6,11,45,2
9:31:21,2248.6,2248.4,2248.6,2,45,2
9:31:21,2248.6,2248.4,2248.8,2,45,25
9:31:22,2248.4,2248.4,2248.8,4,43,28
9:31:22,2248.4,2248.6,2248.8,2,1,29
9:31:23,2248.4,2248.4,2248.8,11,41,29
9:31:23,2248.6,2248.4,2248.6,7,40,50
9:31:24,2248.4,2248.4,2248.6,6,36,50
9:31:24,2248.4,2248.4,2248.6,12,23,51
9:31:25,2248.6,2248.4,2248.6,7,22,49
9:31:25,2248.6,2248.4,2248.6,10,21,43
9:31:26,2248.6,2248.4,2248.6,9,24,38
9:31:26,2248.6,2248.4,2248.6,9,19,36
9:31:27,2248.4,2248.4,2248.6,5,18,36
9:31:27,2248.4,2248.4,2248.6,27,47,13
9:31:28,2248.4,2248.4,2248.6,5,52,9
9:31:28,2248.6,2248.6,2248.8,10,16,34
9:31:29,2248.8,2248.4,2248.8,30,51,33
9:31:29,2248.4,2248.6,2248.8,1,2,34
9:31:30,2248.8,2248.6,2248.8,3,3,32
9:31:30,2248.6,2248.6,2248.8,2,5,32
9:31:31,2248.8,2248.4,2248.6,10,58,2
9:31:31,2248.6,2248.4,2248.6,4,61,2
9:31:32,2248.6,2248.4,2248.6,2,62,1
9:31:32,2248.4,2248.4,2248.6,10,54,2
9:31:33,2248.4,2248.4,2248.6,3,53,1
9:31:33,2248.4,2248.4,2248.6,2,50,1
9:31:34,2248.4,2248.6,2248.8,6,1,33
9:31:34,2248.6,2248.6,2248.8,18,8,19
9:31:35,2248.6,2248.6,2248.8,7,6,14
9:31:35,2248.8,2248.6,2248.8,12,1,10
9:31:36,2248.6,2248.6,2248.8,3,21,15
9:31:36,2248.6,2248.6,2248.8,2,21,18
9:31:37,2248.6,2248.6,2248.8,7,21,14
9:31:37,2248.8,2248.8,2249,12,2,17
9:31:38,2249,2248.8,2249,15,1,4
9:31:38,2248.8,2248.8,2249,1,4,5
9:31:39,2248.8,2248.6,2248.8,4,23,1
9:31:39,2249,2248.8,2249,5,11,8
9:31:40,2249,2248.8,2249,3,12,20
9:31:40,2248.8,2248.8,2249,5,21,20
9:31:41,2249,2248.8,2249,5,19,37
9:31:41,2248.8,2248.8,2249,2,18,38
9:31:42,2248.8,2248.8,2249,16,4,35
9:31:42,2248.8,2248.6,2248.8,4,19,1
9:31:43,2249,2248.8,2249,14,1,27
9:31:43,2249,2248.8,2249,1,2,27
9:31:44,2249,2248.6,2249,3,19,30
9:31:44,2248.6,2248.8,2249,1,1,30
9:31:45,2248.8,2248.8,2249,2,2,33
9:31:46,2248.8,2248.6,2248.8,3,16,1
9:31:46,2248.8,2248.6,2248.8,2,15,1
9:31:47,2248.8,2248.8,2249,2,18,36
9:31:47,2248.8,2248.8,2249,2,16,36
9:31:48,2249,2248.8,2249,1,17,38
9:31:48,2249,2248.8,2249,3,17,35
9:31:49,2248.8,2248.8,2249,10,12,32
9:31:49,2248.8,2248.8,2249,27,9,12
9:31:50,2249,2249,2249.2,13,25,9
9:31:51,2249,2249,2249.4,18,26,9
9:31:51,2249,2249,2249.2,4,26,1
9:31:52,2249.4,2249,2249.6,10,26,19
9:31:52,2249.6,2249,2249.6,10,18,24
9:31:53,2249,2249.2,2249.4,10,2,7
9:31:53,2249.2,2249.2,2249.4,5,2,9
9:31:54,2249.4,2249.2,2249.4,6,1,6
9:31:54,2249.4,2249,2249.4,2,15,6
9:31:55,2249.6,2249.2,2249.4,20,3,3
9:31:55,2249.4,2249.2,2249.4,2,4,2
9:31:56,2249.4,2249.2,2249.6,4,3,6
9:31:56,2249,2249,2249.6,22,23,10
9:31:57,2249.6,2249,2249.6,11,21,7
9:31:57,2249.2,2249,2249.4,3,21,1
9:31:58,2249.6,2249,2249.6,3,22,10
9:31:58,2249,2249.2,2249.6,1,1,13
9:31:59,2249.2,2249,2249.2,3,24,34
9:31:59,2249.2,2249,2249.2,13,30,21
9:32:00,2249,2249,2249.2,12,22,19
9:32:00,2249.2,2249,2249.2,17,22,2
9:32:01,2249.4,2249,2249.2,3,22,1
9:32:01,2249,2248.6,2249.6,55,22,19
9:32:02,2248.8,2248.6,2249.2,11,22,1
9:32:02,2249.2,2248.8,2249,6,2,1
9:32:03,2249.2,2248.8,2249.2,9,3,13
9:32:03,2248.8,2248.8,2249,20,5,2
9:32:04,2249,2248.8,2249,3,5,1
9:32:04,2249,2248.8,2249.2,3,6,8
9:32:05,2248.8,2248.8,2249.2,3,3,4
9:32:05,2248.8,2248.6,2248.8,6,10,10
9:32:06,2248.8,2248.6,2248.8,4,7,9
9:32:06,2248.4,2248.4,2248.6,8,69,1
9:32:07,2248.4,2248.4,2248.8,5,69,13
9:32:07,2248.8,2248.6,2248.8,10,3,3
9:32:08,2248.8,2248.8,2249,13,9,2
9:32:08,2248.8,2248.8,2249,8,2,4
9:32:09,2248.6,2248.6,2248.8,3,1,6
9:32:09,2248.4,2248.6,2248.8,6,2,6
9:32:10,2248.6,2248.6,2248.8,7,25,3
9:32:10,2248.6,2248.6,2248.8,4,22,5
9:32:11,2248.6,2248.6,2248.8,3,21,10
9:32:11,2248.6,2248.6,2248.8,1,22,12
9:32:12,2248.6,2248.4,2248.6,24,65,8
9:32:13,2248.6,2248.4,2248.8,10,85,13
9:32:13,2248.4,2248.4,2248.8,15,78,13
9:32:14,2248.8,2248.4,2248.8,1,76,13
9:32:14,2248.6,2248.4,2248.8,5,73,12
9:32:15,2248.4,2248.4,2248.6,7,72,4
9:32:15,2248.4,2248.4,2248.6,11,67,11
9:32:16,2248.4,2248.4,2248.6,18,52,11
9:32:16,2248.2,2248.2,2248.6,104,64,14
9:32:17,2248.2,2248.2,2248.4,7,58,18
9:32:17,2248.2,2248.2,2248.4,20,52,18
9:32:18,2248.2,2248,2248.2,59,190,5
9:32:18,2248.2,2248,2248.2,10,186,2
9:32:19,2248.2,2248.2,2248.4,7,16,17
9:32:19,2248.2,2248.2,2248.4,12,16,16
9:32:20,2248.2,2248.2,2248.4,12,17,16
9:32:20,2248.2,2248.2,2248.4,7,14,14
9:32:21,2248.4,2248.2,2248.4,2,25,13
9:32:21,2248.2,2248.2,2248.4,12,22,8
9:32:22,2248.2,2248.2,2248.4,11,31,10
9:32:22,2248.2,2248.2,2248.4,5,30,15
9:32:23,2248.4,2248.2,2248.4,11,42,9
9:32:23,2248.2,2248.2,2248.4,3,41,9
9:32:24,2248.2,2248.2,2248.4,8,34,8
9:32:24,2248.2,2248.2,2248.4,4,30,10
9:32:25,2248.2,2248.2,2248.4,9,25,16
9:32:25,2248.2,2248.2,2248.4,5,24,15
9:32:26,2248.2,2248.2,2248.4,8,21,16
9:32:26,2248.2,2248.2,2248.4,7,21,16
9:32:27,2248.4,2248.2,2248.4,3,25,15
9:32:27,2248.2,2248.2,2248.4,6,19,19
9:32:28,2248.2,2248.2,2248.4,2,18,23
9:32:29,2248.2,2248.2,2248.4,32,10,28
9:32:29,2248.2,2248.2,2248.4,6,5,28
9:32:30,2248.2,2248,2248.2,8,200,4
9:32:30,2248.2,2248,2248.2,5,202,7
9:32:31,2248.2,2248.2,2248.4,31,29,30
9:32:31,2248.2,2248.2,2248.4,8,25,31
9:32:32,2248,2248.2,2248.4,39,1,31
9:32:32,2248.2,2248.2,2248.4,10,18,29
9:32:33,2248.2,2248.2,2248.4,17,9,22
9:32:33,2248.2,2248.2,2248.4,8,3,23
9:32:34,2248.2,2248,2248.4,7,169,25
9:32:34,2248.4,2248,2248.2,1,171,9
9:32:35,2248.2,2248,2248.2,5,169,7
9:32:35,2248,2248,2248.2,14,160,18
9:32:36,2248,2248,2248.2,25,147,6
9:32:36,2248,2248,2248.4,42,117,38
9:32:37,2248.2,2248,2248.2,7,112,12
9:32:37,2248,2248,2248.2,11,102,17
9:32:38,2248.2,2248,2248.2,80,34,6
9:32:38,2248,2247.8,2248,37,63,4
9:32:39,2247.8,2247.8,2248,6,57,18
9:32:39,2247.8,2247.8,2248,2,57,23
9:32:40,2248,2247.8,2248,36,44,9
9:32:40,2248,2247.8,2248,15,34,6
9:32:41,2248,2247.8,2248,15,24,8
9:32:41,2247.8,2247.8,2248,4,20,8
9:32:42,2247.8,2247.8,2248,5,28,6
9:32:42,2248,2247.8,2248,15,25,5
9:32:43,2248,2248,2248.2,12,8,18
9:32:43,2248.2,2248.2,2248.4,30,1,51
9:32:44,2248.2,2248,2248.4,12,8,50
9:32:44,2248,2248,2248.2,2,22,1
9:32:45,2248,2248,2248.2,5,20,2
9:32:45,2248.2,2248.2,2248.4,4,4,52
9:32:46,2248,2248,2248.2,7,13,4
9:32:46,2248.2,2248,2248.2,9,16,5
9:32:47,2248.2,2248,2248.2,4,17,9
9:32:47,2248.2,2248,2248.4,12,15,58
9:32:48,2248.4,2248,2248.4,3,14,58
9:32:48,2248,2248,2248.2,4,12,1
9:32:49,2248,2248,2248.2,11,9,7
9:32:49,2248,2248,2248.2,8,5,13
9:32:50,2248,2248,2248.2,1,7,13
9:32:50,2248.2,2248,2248.2,4,7,14
9:32:51,2248.2,2248.2,2248.4,38,18,40
9:32:51,2248.2,2248.2,2248.4,1,17,41
9:32:52,2248.2,2248.2,2248.4,2,15,38
9:32:52,2248.4,2248.2,2248.4,3,15,35
9:32:53,2248.2,2248.2,2248.4,4,11,35
9:32:53,2248,2247.8,2248,48,49,3
9:32:54,2248,2248,2248.2,4,34,6
9:32:54,2248.2,2248,2248.2,1,40,5
9:32:55,2248.2,2248.2,2248.4,9,1,34
9:32:55,2248.2,2248.2,2248.4,6,4,34
9:32:56,2248.2,2248.2,2248.4,3,7,33
9:32:56,2248.4,2248.2,2248.4,10,6,26
9:32:57,2248,2248,2248.2,7,51,2
9:32:57,2248.2,2248.2,2248.4,12,9,26
9:32:58,2248.2,2248.2,2248.4,1,21,26
9:32:58,2248.2,2248.2,2248.4,5,36,29
9:32:59,2248.2,2248.2,2248.4,1,47,29
9:32:59,2248.4,2248.2,2248.4,5,43,30
9:33:00,2248.4,2248.2,2248.4,36,25,13
9:33:00,2248.4,2248.2,2248.4,8,25,8
9:33:01,2248.2,2248.2,2248.4,29,6,9
9:33:01,2248.4,2248.4,2248.6,25,32,37
9:33:02,2248.4,2248.4,2248.6,5,37,37
9:33:02,2248.6,2248.4,2248.6,2,36,36
9:33:03,2248.4,2248.4,2248.6,3,33,36
9:33:03,2248.6,2248.4,2248.6,15,31,23
9:33:04,2248.4,2248.4,2248.6,1,30,33
9:33:04,2248.6,2248.4,2248.6,17,30,27
9:33:05,2248.6,2248.4,2248.6,16,17,16
9:33:05,2248.6,2248.4,2248.6,13,16,4
9:33:06,2248.4,2248.4,2248.6,9,12,2
9:33:06,2248.6,2248.6,2248.8,3,17,17
9:33:07,2248.6,2248.6,2248.8,2,16,17
9:33:07,2248.8,2248.6,2248.8,3,15,15
9:33:08,2248.8,2248.6,2249,19,13,55
9:33:08,2248.8,2248.6,2248.8,13,2,2
9:33:09,2248.6,2248.4,2248.6,59,8,16
9:33:09,2248.6,2248.4,2248.6,36,7,1
9:33:10,2248.6,2248.4,2248.6,2,8,36
9:33:10,2248.4,2248.2,2248.4,8,9,2
9:33:11,2248.4,2248.2,2248.6,3,9,65
9:33:11,2248.6,2248.2,2248.4,44,9,14
9:33:12,2248.6,2248.2,2248.4,7,9,12
9:33:13,2248.2,2248.2,2248.4,24,9,12
9:33:13,2248.4,2248.2,2248.4,4,12,4
9:33:14,2248.2,2248,2248.2,14,124,38
9:33:14,2248.2,2248,2248.2,21,126,18
9:33:15,2248,2248,2248.2,1,127,18
9:33:15,2248.2,2248,2248.2,1,127,17
9:33:16,2248,2248,2248.2,5,124,15
9:33:16,2248,2248,2248.2,13,112,14
9:33:17,2248.2,2248,2248.2,5,110,12
9:33:17,2248.2,2248,2248.2,3,107,11
9:33:18,2248,2248,2248.2,1,106,11
9:33:18,2248,2248,2248.4,17,130,11
9:33:19,2248,2248.2,2248.4,2,27,11
9:33:19,2248.2,2248.2,2248.4,15,21,4
9:33:20,2248.2,2248.2,2248.4,9,20,3
9:33:20,2248.4,2248.2,2248.4,5,19,2
9:33:21,2248.2,2248.2,2248.4,10,20,4
9:33:21,2248.2,2248.2,2248.4,3,27,5
9:33:22,2248.2,2248.2,2248.4,2,30,5
9:33:22,2248.2,2248.2,2248.4,7,27,7
9:33:23,2248.2,2248.2,2248.4,3,28,18
9:33:23,2248.2,2248.2,2248.4,4,24,21
9:33:24,2248.2,2248.2,2248.4,3,22,21
9:33:24,2248.2,2248.2,2248.4,3,19,21
9:33:25,2248.4,2248.2,2248.4,4,18,19
9:33:25,2248.2,2248.2,2248.4,8,11,25
9:33:26,2248.2,2248.2,2248.4,5,6,26
9:33:26,2248.4,2248.2,2248.4,5,6,21
9:33:27,2248.2,2248.2,2248.4,1,8,22
9:33:27,2248,2248,2248.2,9,146,73
9:33:28,2248.2,2248,2248.2,47,142,30
9:33:28,2248,2248,2248.2,20,114,32
9:33:29,2248,2248,2248.2,20,93,45
9:33:29,2248.2,2248,2248.2,29,66,51
9:33:30,2248,2248,2248.2,21,56,41
9:33:30,2248,2248,2248.2,40,16,42
9:33:31,2248,2248,2248.2,5,14,41
9:33:31,2248,2247.8,2248,17,73,4
9:33:32,2248,2247.8,2248,2,75,5
9:33:32,2248,2247.8,2248,6,70,6
9:33:33,2248,2247.8,2248,11,69,28
9:33:33,2248,2247.8,2248,32,64,3
9:33:34,2248,2248,2248.2,6,4,53
9:33:35,2248,2247.8,2248,5,67,1
9:33:35,2248.2,2247.8,2248,5,69,3
9:33:36,2248,2247.8,2248,11,69,5
9:33:36,2247.8,2247.8,2248,4,70,15
9:33:37,2248,2247.8,2248,3,70,18
9:33:37,2248,2247.8,2248,1,72,39
9:33:38,2247.8,2247.8,2248,5,68,40
9:33:38,2247.8,2247.8,2248,11,59,44
9:33:39,2247.8,2247.8,2248,4,55,44
9:33:39,2247.8,2247.8,2248,4,52,44
9:33:40,2248,2247.8,2248,4,52,45
9:33:40,2247.8,2247.8,2248,7,52,43
9:33:41,2247.8,2247.8,2248,3,50,45
9:33:41,2247.8,2247.8,2248,2,49,47
9:33:42,2247.8,2247.8,2248,1,51,48
9:33:42,2247.8,2247.8,2248,8,43,48
9:33:43,2247.8,2247.8,2248,3,40,49
9:33:43,2247.8,2247.8,2248,5,36,55
9:33:44,2247.8,2247.8,2248,9,28,59
9:33:44,2247.8,2247.8,2248,28,1,59
9:33:45,2247.8,2247.6,2248,1,80,63
9:33:45,2248,2247.6,2248,7,79,65
9:33:46,2248,2247.6,2248,1,79,66
9:33:46,2247.6,2247.6,2248,1,79,65
9:33:47,2248,2247.6,2248,18,75,53
9:33:47,2247.6,2247.6,2248,5,74,62
9:33:48,2247.6,2247.6,2248,8,68,64
9:33:48,2247.6,2247.6,2248,53,66,13
9:33:49,2247.8,2247.6,2247.8,4,64,1
9:33:49,2247.8,2247.8,2248,3,50,14
9:33:50,2247.8,2247.8,2248,4,48,28
9:33:50,2247.8,2247.8,2248,1,50,30
9:33:51,2247.8,2247.8,2248,1,50,31
9:33:52,2248,2247.8,2248,3,49,29
9:33:52,2248,2247.8,2248,12,45,24
9:33:53,2247.8,2247.8,2248,3,49,26
9:33:53,2247.8,2247.8,2248,4,54,25
9:33:54,2248,2247.8,2248,3,53,24
9:33:54,2248,2247.8,2248,7,50,23
9:33:55,2247.8,2247.8,2248,2,48,23
9:33:55,2247.8,2247.8,2248,8,42,23
9:33:56,2248,2247.8,2248,3,44,23
9:33:56,2247.8,2247.8,2248,13,42,12
9:33:57,2247.8,2247.8,2248,7,47,7
9:33:57,2248,2247.8,2248,6,56,5
9:33:58,2248,2248,2248.2,6,14,58
9:33:58,2248,2248,2248.2,9,11,58
9:33:59,2248,2248,2248.2,11,2,58
9:33:59,2248,2248,2248.2,2,2,58
9:34:00,2247.8,2248,2248.2,4,24,53
9:34:00,2248,2248,2248.2,20,8,53
9:34:01,2248,2247.8,2248.2,26,57,38
9:34:01,2247.8,2247.8,2248,10,49,5
9:34:02,2248.2,2247.8,2248.2,23,37,33
9:34:02,2247.8,2247.8,2248.2,6,51,34
9:34:03,2248,2247.8,2248.2,12,53,25
9:34:04,2247.8,2247.8,2248,3,52,5
9:34:04,2248,2247.8,2248,5,48,5
9:34:05,2248,2247.8,2248,1,47,5
9:34:06,2248,2248,2248.2,8,6,29
9:34:06,2248,2247.8,2248,6,94,2
9:34:07,2247.8,2247.8,2248,2,93,1
9:34:07,2248,2248,2248.2,4,4,34
9:34:08,2248,2248,2248.2,22,6,11
9:34:08,2248,2248,2248.2,4,9,13
9:34:09,2248.2,2248,2248.4,16,12,26
9:34:09,2248.2,2248,2248.2,2,14,1
9:34:10,2248,2248,2248.2,12,4,1
9:34:10,2248.2,2248,2248.2,1,5,7
9:34:11,2248.2,2248.2,2248.4,17,2,26
9:34:11,2248,2247.8,2248,11,108,7
9:34:12,2248,2248,2248.2,10,21,7
9:34:12,2248.2,2248,2248.2,20,18,2
9:34:13,2248,2248,2248.2,6,31,2
9:34:13,2248,2248,2248.2,3,31,3
9:34:14,2248,2248,2248.2,3,35,1
9:34:14,2248,2248,2248.2,14,21,2
9:34:15,2248,2248,2248.2,2,27,7
9:34:15,2248,2248,2248.2,5,20,29
9:34:16,2248.2,2248,2248.2,25,1,28
9:34:16,2248,2247.8,2248.2,5,107,31
9:34:17,2248.2,2247.8,2248.2,12,107,21
9:34:17,2248.2,2247.8,2248.2,1,125,22
9:34:18,2248.2,2247.8,2248,21,113,42
9:34:18,2248,2247.8,2248,3,113,39
9:34:19,2248,2247.8,2248,16,113,24
9:34:19,2248,2247.8,2248,12,113,17
9:34:20,2248,2247.8,2248,11,113,7
9:34:20,2248,2247.8,2248,1,125,13
9:34:21,2248,2247.8,2248,9,107,15
9:34:21,2248,2247.8,2248,31,79,13
9:34:22,2248,2247.8,2248,3,77,11
9:34:22,2248,2247.8,2248,29,54,11
9:34:23,2248,2247.8,2248,2,54,12
9:34:23,2247.8,2247.8,2248,4,51,21
9:34:24,2248,2247.8,2248,14,44,22
9:34:24,2247.8,2247.8,2248,7,38,24
9:34:25,2247.8,2247.8,2248,6,37,21
9:34:25,2247.8,2247.8,2248,5,43,21
9:34:26,2248,2247.8,2248,19,35,11
9:34:26,2248,2247.8,2248,6,34,6
9:34:27,2247.8,2247.6,2247.8,36,86,5
9:34:27,2247.8,2247.6,2247.8,3,86,2
9:34:28,2247.8,2247.6,2248,2,86,5
9:34:28,2247.8,2247.8,2248,1,5,7
9:34:29,2247.8,2247.8,2248,2,7,13
9:34:29,2247.8,2247.8,2248,2,11,12
9:34:30,2247.8,2247.8,2248,2,9,14
9:34:30,2248,2247.8,2248,10,2,13
9:34:31,2247.6,2247.6,2247.8,5,84,2
9:34:32,2247.6,2247.6,2247.8,3,84,17
9:34:32,2247.6,2247.6,2247.8,15,94,5
9:34:33,2247.6,2247.6,2247.8,2,81,12
9:34:33,2247.8,2247.6,2247.8,1,82,17
9:34:34,2247.6,2247.6,2247.8,3,79,17
9:34:34,2247.6,2247.6,2247.8,4,79,15
9:34:35,2247.6,2247.6,2247.8,4,82,13
9:34:35,2247.6,2247.6,2247.8,23,58,12
9:34:36,2247.6,2247.6,2247.8,2,55,9
9:34:36,2247.6,2247.6,2247.8,5,50,13
9:34:37,2247.6,2247.6,2247.8,11,41,12
9:34:37,2247.6,2247.6,2247.8,5,37,11
9:34:38,2247.8,2247.6,2247.8,3,37,10
9:34:38,2247.8,2247.6,2247.8,1,38,14
9:34:39,2247.8,2247.6,2247.8,13,37,2
9:34:39,2247.6,2247.6,2247.8,10,28,1
9:34:40,2247.8,2247.6,2247.8,1,29,2
9:34:40,2247.6,2247.6,2247.8,25,7,6
9:34:41,2247.6,2247.6,2247.8,6,1,9
9:34:41,2247.4,2247.4,2247.6,3,89,1
9:34:42,2247.4,2247.4,2247.6,20,82,28
9:34:42,2247.4,2247.4,2247.6,24,73,17
9:34:43,2247.4,2247.4,2247.6,18,73,4
9:34:43,2247.4,2247.4,2247.6,7,66,5
9:34:44,2247.4,2247.4,2247.6,5,63,5
9:34:44,2247.4,2247.4,2247.6,13,52,4
9:34:45,2247.6,2247.4,2247.6,7,47,4
9:34:45,2247.4,2247.6,2247.8,20,1,12
9:34:46,2247.4,2247.4,2247.6,31,15,2
9:34:46,2247.6,2247.4,2247.6,2,16,2
9:34:47,2247.4,2247.4,2247.6,11,13,12
9:34:47,2247.4,2247.4,2247.6,14,4,5
9:34:48,2247.4,2247.2,2247.6,9,85,6
9:34:48,2247.6,2247.4,2247.6,6,7,7
9:34:49,2247.4,2247.4,2247.6,7,6,7
9:34:49,2247.4,2247.2,2247.4,16,83,1
9:34:50,2247.6,2247.4,2247.6,13,17,8
9:34:50,2247.6,2247.4,2247.6,23,6,10
9:34:51,2247.2,2247.2,2247.4,14,87,1
9:34:51,2247.2,2247.4,2247.6,8,1,16
9:34:52,2247.2,2247.2,2247.4,19,76,8
9:34:52,2247.4,2247.2,2247.6,16,72,11
9:34:53,2247.2,2247.2,2247.6,5,67,15
9:34:53,2247.4,2247.2,2247.4,9,59,2
9:34:54,2247.4,2247.4,2247.6,4,7,22
9:34:54,2247.4,2247.4,2247.6,4,6,24
9:34:55,2247.4,2247.2,2247.6,8,67,25
9:34:55,2247.4,2247.4,2247.6,5,3,25
9:34:56,2247.4,2247.2,2247.4,6,64,20
9:34:56,2247.2,2247.2,2247.4,13,66,9
9:34:57,2247.2,2247.2,2247.4,14,65,4
9:34:57,2247.4,2247.2,2247.4,33,34,7
9:34:58,2247.4,2247.2,2247.6,23,31,22
9:34:58,2247.4,2247.2,2247.4,11,23,10
9:34:59,2247.4,2247.2,2247.4,12,12,9
9:34:59,2247.2,2247.2,2247.4,1,11,26
9:35:00,2247.2,2247,2247.2,16,97,5
9:35:00,2247,2247,2247.2,47,54,9
9:35:01,2247,2246.8,2247,81,5,9
9:35:01,2246.4,2246.4,2246.8,56,27,29
9:35:02,2246.4,2246.4,2246.6,37,5,12
9:35:02,2246.4,2246.2,2246.4,46,28,29
9:35:03,2246.2,2246.2,2246.4,31,26,30
9:35:03,2246.4,2246.2,2246.4,35,31,37
9:35:04,2246.4,2246.4,2246.6,52,14,5
9:35:04,2246.6,2246.6,2246.8,36,16,60
9:35:05,2246.8,2246.6,2246.8,7,23,64
9:35:05,2246.8,2246.6,2246.8,12,7,61
9:35:06,2246.4,2246.4,2246.6,24,14,16
9:35:06,2246.4,2246.4,2246.6,27,4,11
9:35:07,2246.6,2246.4,2246.6,5,8,8
9:35:07,2246.4,2246.2,2246.4,22,34,5
9:35:08,2246.4,2246.2,2246.4,7,32,2
9:35:08,2246.4,2246.2,2246.4,9,28,1
9:35:09,2246.2,2246.2,2246.6,27,9,7
9:35:09,2246.2,2246,2246.2,21,45,8
9:35:10,2246.2,2246,2246.2,21,34,35
9:35:10,2246,2245.8,2246,60,15,3
9:35:11,2245.8,2245.6,2245.8,31,19,4
9:35:11,2245.6,2245.8,2246,26,11,10
9:35:12,2246,2246,2246.2,59,7,30
9:35:12,2246,2246,2246.2,19,45,31
9:35:13,2246.2,2246,2246.2,34,19,36
9:35:13,2246.2,2246,2246.2,39,3,16
9:35:14,2246.2,2245.8,2246.2,20,5,10
9:35:14,2246.2,2246.2,2246.4,17,3,5
9:35:15,2246.2,2246.2,2246.4,13,2,4
9:35:15,2246.4,2246.2,2246.4,3,4,5
9:35:16,2246,2246.2,2246.4,6,1,6
9:35:16,2246.4,2246,2246.2,5,25,3
9:35:17,2246.2,2246.2,2246.4,18,22,2
9:35:17,2246.4,2246.4,2246.6,6,1,15
9:35:18,2246.2,2246.2,2246.6,7,19,15
9:35:18,2246.2,2246.2,2246.6,8,21,17
9:35:19,2246.2,2246.2,2246.6,4,29,18
9:35:19,2246.6,2246.2,2246.6,16,27,5
9:35:20,2246.2,2246.2,2246.8,32,8,57
9:35:20,2246.8,2246.2,2246.8,22,7,51
9:35:21,2246.6,2246.2,2246.6,21,12,7
9:35:21,2246.2,2246.2,2246.6,9,8,6
9:35:22,2246.6,2246.2,2246.6,5,14,20
9:35:22,2246.6,2246.6,2246.8,24,5,42
9:35:23,2246.6,2246.6,2246.8,10,1,38
9:35:23,2246.8,2246.6,2246.8,15,5,35
9:35:24,2246.6,2246.6,2246.8,22,2,18
9:35:24,2246.8,2246.6,2246.8,11,7,18
9:35:25,2246.8,2246.6,2246.8,5,17,22
9:35:25,2246.8,2246.6,2246.8,12,23,15
9:35:26,2246.6,2246.6,2246.8,19,15,13
9:35:26,2246.8,2246.6,2246.8,1,10,18
9:35:27,2246.8,2246.6,2246.8,8,5,20
9:35:27,2246.6,2246.6,2246.8,12,8,13
9:35:28,2246.8,2246.6,2246.8,9,5,12
9:35:28,2246.8,2246.6,2246.8,6,8,8
9:35:29,2246.8,2246.6,2246.8,3,7,9
9:35:29,2246.8,2246.8,2247,12,11,45
9:35:30,2246.6,2246.6,2247,23,3,37
9:35:30,2247,2246.8,2247,23,1,35
9:35:31,2247,2246.6,2247,4,1,32
9:35:31,2246.4,2246.4,2246.6,6,5,1
9:35:32,2246.8,2246.6,2247,14,2,24
9:35:32,2247,2246.6,2247,4,3,19
9:35:33,2246.6,2246.6,2246.8,2,16,54
9:35:33,2246.8,2246.6,2246.8,13,16,43
9:35:34,2246.6,2246.6,2246.8,2,9,43
9:35:34,2246.8,2246.4,2246.8,17,17,39
9:35:35,2246.8,2246.8,2247,42,20,24
9:35:35,2247,2246.8,2247,3,34,25
9:35:36,2247,2246.8,2247,7,31,21
9:35:36,2247,2246.8,2247,13,30,12
9:35:37,2247.2,2247,2247.2,14,1,38
9:35:37,2247,2247,2247.2,1,11,47
9:35:38,2247,2247,2247.2,12,5,42
9:35:38,2247,2247,2247.2,3,13,41
9:35:39,2247,2247,2247.2,36,13,6
9:35:39,2247,2247,2247.2,33,3,6
9:35:40,2247.2,2247,2247.2,2,6,7
9:35:40,2247,2246.8,2247.2,13,36,21
9:35:41,2246.8,2246.8,2247,2,34,1
9:35:41,2246.8,2246.8,2247,2,32,1
9:35:42,2247,2247,2247.2,3,1,23
9:35:42,2247.2,2247,2247.2,4,1,30
9:35:43,2247,2247,2247.2,5,1,28
9:35:43,2247.2,2247,2247.2,4,3,28
9:35:44,2247.2,2247,2247.2,9,2,26
9:35:44,2246.8,2246.8,2247,20,25,1
9:35:45,2247.2,2246.8,2247.2,6,24,5
9:35:46,2246.8,2247,2247.2,8,9,6
9:35:46,2247,2247,2247.2,2,7,6
9:35:47,2247,2247,2247.2,3,5,11
9:35:47,2247,2247,2247.2,3,2,12
9:35:48,2247,2247,2247.2,1,30,14
9:35:48,2247.2,2247,2247.2,4,28,14
9:35:49,2247,2247,2247.2,17,15,16
9:35:49,2247.2,2247,2247.2,12,11,12
9:35:50,2247,2247,2247.2,12,6,12
9:35:50,2247.2,2247.2,2247.4,13,2,20
9:35:51,2247.2,2247.2,2247.4,2,1,26
9:35:51,2247.4,2247.2,2247.4,3,2,25
9:35:52,2247.4,2247.2,2247.4,4,5,21
9:35:52,2247.4,2247,2247.4,22,21,10
9:35:53,2247.2,2247,2247.2,3,23,4
9:35:53,2247.4,2247,2247.4,12,17,10
9:35:54,2247.4,2247,2247.2,5,17,6
9:35:54,2247.2,2247,2247.2,3,20,5
9:35:55,2247.2,2247,2247.2,3,18,11
9:35:55,2247.2,2247,2247.2,10,16,4
9:35:56,2247.2,2247,2247.2,4,15,2
9:35:56,2247.2,2247,2247.2,5,12,1
9:35:57,2247.2,2247.2,2247.4,4,9,35
9:35:57,2247.2,2247,2247.2,11,12,1
9:35:58,2247,2246.8,2247,15,41,16
9:35:58,2247,2246.8,2247,5,41,12
9:35:59,2247,2246.8,2247,5,38,12
9:35:59,2247,2246.8,2247,7,35,15
9:36:00,2247,2246.8,2247,1,35,15
9:36:00,2247,2246.8,2247,11,27,20
9:36:01,2247,2246.8,2247,14,17,16
9:36:01,2247,2247,2247.2,18,4,13
9:36:02,2246.8,2246.8,2247,10,12,3
9:36:02,2246.8,2246.6,2246.8,25,18,5
9:36:03,2246.8,2246.6,2246.8,3,15,4
9:36:03,2246.8,2246.6,2246.8,5,15,3
9:36:04,2246.8,2246.6,2246.8,2,16,2
9:36:04,2246.8,2246.6,2246.8,2,10,1
9:36:05,2246.6,2246.6,2246.8,4,6,2
9:36:05,2246.4,2246.4,2246.8,9,40,2
9:36:06,2246.8,2246.4,2246.8,1,41,2
9:36:06,2246.8,2246.6,2246.8,2,1,4
9:36:07,2246.4,2246.4,2246.8,5,29,5
9:36:07,2246.8,2246.6,2246.8,6,14,1
9:36:08,2246.6,2246.6,2246.8,3,12,2
9:36:08,2246.8,2246.6,2246.8,17,1,1
9:36:09,2246.6,2246.6,2247,3,3,9
9:36:09,2246.6,2246.6,2247,4,4,7
9:36:10,2246.6,2246.6,2247,10,7,8
9:36:10,2246.6,2246.4,2246.6,12,35,32
9:36:11,2246.6,2246.4,2246.6,27,33,6
9:36:11,2246.4,2246.4,2246.6,6,30,3
9:36:12,2246.4,2246.4,2246.6,3,30,30
9:36:12,2246.6,2246.4,2246.6,8,27,25
9:36:13,2246.6,2246.6,2246.8,28,16,1
9:36:13,2246.6,2246.6,2246.8,1,18,3
9:36:14,2246.8,2246.6,2246.8,21,9,3
9:36:14,2246.6,2246.4,2246.6,14,30,15
9:36:15,2246.6,2246.4,2246.6,4,32,11
9:36:15,2246.6,2246.4,2246.6,1,34,11
9:36:16,2246.4,2246.4,2246.6,39,2,6
9:36:16,2246.4,2246.4,2246.6,4,1,5
9:36:17,2246.2,2246.2,2246.6,6,118,32
9:36:17,2246.4,2246.2,2246.6,3,117,32
9:36:18,2246.4,2246.2,2246.4,14,110,7
9:36:18,2246.4,2246.2,2246.4,7,109,2
9:36:19,2246.4,2246.4,2246.6,7,3,55
9:36:19,2246.4,2246.2,2246.4,7,109,25
9:36:20,2246.4,2246.2,2246.4,7,112,50
9:36:20,2246.4,2246.2,2246.4,57,65,39
9:36:21,2246.4,2246,2246.2,76,61,4
9:36:21,2246,2246,2246.2,10,52,3
9:36:22,2246.2,2246,2246.2,13,41,13
9:36:22,2246,2246,2246.2,3,42,13
9:36:23,2246.2,2246,2246.2,7,38,7
9:36:23,2246,2246,2246.2,9,37,5
9:36:24,2246,2245.8,2246,51,17,10
9:36:24,2246,2245.8,2246,7,16,5
9:36:25,2246,2245.8,2246,9,11,3
9:36:25,2246,2246,2246.2,6,2,7
9:36:26,2246.2,2246,2246.2,4,4,4
9:36:26,2246,2245.8,2246,47,5,1
9:36:27,2246,2246,2246.2,6,1,4
9:36:27,2246.2,2246.2,2246.4,7,28,32
9:36:28,2246.4,2246.2,2246.4,12,22,29
9:36:28,2246,2246,2246.2,23,20,14
9:36:29,2246,2246,2246.2,9,38,7
9:36:29,2246,2246,2246.2,8,35,19
9:36:30,2246.2,2246,2246.2,8,36,16
9:36:30,2246.2,2246,2246.2,25,16,9
9:36:31,2246,2245.8,2246,19,61,3
9:36:31,2246,2245.8,2246,9,65,9
9:36:32,2246,2245.8,2246,55,13,6
9:36:32,2246,2246,2246.2,4,1,23
9:36:33,2246,2246,2246.2,16,2,24
9:36:33,2246,2245.8,2246.2,4,10,23
9:36:34,2246,2245.8,2246,4,10,1
9:36:34,2246,2245.8,2246.2,2,10,23
9:36:35,2246,2245.8,2246,2,9,15
9:36:35,2246,2245.8,2246,4,14,16
9:36:36,2246,2245.8,2246,2,15,20
9:36:36,2246,2245.8,2246,5,19,18
9:36:37,2246,2245.8,2246,11,47,17
9:36:37,2246,2246,2246.2,19,28,29
9:36:38,2246.4,2246.2,2246.4,51,10,31
9:36:38,2246.6,2246.4,2246.6,35,23,67
9:36:39,2246.4,2246.4,2246.6,12,24,71
9:36:39,2246.6,2246.4,2246.6,1,25,73
9:36:40,2246.4,2246.4,2246.6,1,29,74
9:36:40,2246.6,2246.4,2246.6,6,21,69
9:36:41,2246.6,2246.4,2246.6,3,24,66
9:36:41,2246.6,2246.4,2246.6,2,24,66
9:36:42,2246.4,2246.4,2246.6,3,23,64
9:36:42,2246.4,2246.4,2246.6,1,22,64
9:36:43,2246.4,2246.4,2246.6,1,18,71
9:36:43,2246.6,2246.4,2246.6,3,19,69
9:36:44,2246.4,2246.4,2246.6,1,18,70
9:36:44,2246.4,2246.4,2246.6,12,10,44
9:36:45,2246.6,2246.4,2246.6,9,7,39
9:36:45,2246.4,2246.2,2246.4,12,60,91
9:36:46,2246.4,2246.2,2246.4,11,50,90
9:36:46,2246.2,2246.2,2246.4,3,50,90
9:36:47,2246.2,2246.2,2246.4,2,49,99
9:36:47,2246.4,2246.2,2246.4,3,25,98
9:36:48,2246.2,2246.2,2246.4,20,5,98
9:36:48,2246.2,2246,2246.2,9,88,5
9:36:49,2246.2,2246.2,2246.4,5,2,98
9:36:49,2246.2,2246,2246.2,4,88,19
9:36:50,2246.2,2246,2246.2,6,86,24
9:36:50,2246.2,2246,2246.2,1,85,31
9:36:51,2246,2246,2246.2,2,84,31
9:36:51,2246,2246,2246.2,30,57,30
9:36:52,2246.2,2246,2246.2,46,14,25
9:36:52,2246,2245.8,2246,17,28,5
9:36:53,2246,2246,2246.2,16,16,18
9:36:53,2246,2245.8,2246,17,36,1
9:36:54,2246,2245.8,2246.2,5,32,23
9:36:54,2246.2,2245.8,2246.2,7,30,19
9:36:55,2245.8,2246,2246.2,3,2,19
9:36:55,2246.2,2245.8,2246,5,28,3
9:36:56,2246.2,2246.2,2246.4,25,2,93
9:36:56,2245.8,2245.8,2246,12,22,1
9:36:57,2246.2,2246,2246.4,5,40,94
9:36:57,2246.4,2246,2246.4,8,34,86
9:36:58,2246,2246.2,2246.4,3,1,86
9:36:58,2246.2,2246,2246.2,11,34,1
9:36:59,2246.2,2246.2,2246.4,15,1,75
9:36:59,2246.4,2246.2,2246.4,1,2,74
9:37:00,2246.2,2246.2,2246.4,3,14,73
9:37:00,2246.4,2246.2,2246.4,12,7,71
9:37:01,2246.2,2246.2,2246.4,10,1,71
9:37:01,2246.2,2246,2246.2,4,52,7
9:37:02,2246.4,2246.2,2246.4,18,18,69
9:37:02,2246.2,2246,2246.2,29,35,6
9:37:03,2246,2246,2246.2,28,39,39
9:37:03,2246.2,2246,2246.2,12,41,55
9:37:04,2246,2246,2246.2,28,18,51
9:37:04,2246,2245.8,2246,23,28,4
9:37:05,2246,2245.8,2246,3,29,1
9:37:05,2246,2245.8,2246,20,21,2
9:37:06,2246,2245.8,2246,2,22,1
9:37:06,2246,2246,2246.2,3,1,52
9:37:07,2245.8,2246,2246.2,2,2,52
9:37:07,2246,2246,2246.2,5,4,52
9:37:08,2246.2,2246,2246.2,1,8,53
9:37:08,2246.2,2246,2246.2,4,8,51
9:37:09,2246,2245.8,2246,8,30,17
9:37:09,2246,2245.8,2246,17,30,1
9:37:10,2246,2245.8,2246,1,30,18
9:37:10,2246,2245.8,2246,1,30,17
9:37:11,2246,2245.8,2246,5,34,14
9:37:11,2246,2246,2246.2,14,7,52
9:37:12,2246.2,2246,2246.2,8,7,47
9:37:12,2246,2246,2246.2,10,15,47
9:37:13,2246,2246,2246.2,4,20,47
9:37:13,2246.2,2246,2246.2,5,16,46
9:37:14,2246.2,2246,2246.2,7,18,41
9:37:14,2246,2246,2246.2,2,17,40
9:37:15,2246.2,2246,2246.2,37,14,7
9:37:15,2246.2,2246.2,2246.4,14,8,78
9:37:16,2246.2,2246.2,2246.4,3,11,77
9:37:17,2246.4,2246.2,2246.4,51,14,29
9:37:17,2246.2,2246.2,2246.6,38,13,51
9:37:18,2246.6,2246.4,2246.6,2,50,49
9:37:18,2246.6,2246.4,2246.6,2,54,44
9:37:19,2246.6,2246.4,2246.6,17,50,31
9:37:19,2246.6,2246.4,2246.6,8,49,26
9:37:20,2246.6,2246.6,2246.8,26,14,26
9:37:20,2246.6,2246.6,2246.8,11,9,27
9:37:21,2246.6,2246.6,2246.8,3,12,27
9:37:21,2246.6,2246.6,2246.8,24,8,9
9:37:22,2246.8,2246.8,2247,16,7,37
9:37:22,2246.8,2246.6,2246.8,14,6,35
9:37:23,2246.8,2246.6,2246.8,3,5,41
9:37:23,2246.8,2246.6,2246.8,11,4,36
9:37:24,2246.6,2246.6,2246.8,4,2,34
9:37:24,2246.8,2246.6,2246.8,9,1,34
9:37:25,2246.8,2246.4,2246.8,15,53,21
9:37:25,2246.8,2246.8,2247,32,11,34
9:37:26,2247,2246.8,2247,4,15,32
9:37:26,2246.8,2246.8,2247,15,11,24
9:37:27,2247,2246.8,2247,9,9,17
9:37:27,2246.8,2246.8,2247,2,10,19
9:37:28,2247,2246.8,2247,14,8,7
9:37:28,2247,2247,2247.2,14,8,15
9:37:29,2247,2247,2247.2,3,10,11
9:37:29,2247,2247,2247.2,11,1,11
9:37:30,2247.2,2247,2247.2,3,1,8
9:37:30,2247.2,2246.8,2247,5,5,1
9:37:31,2247,2247,2247.2,15,3,3
9:37:31,2247.2,2246.8,2247,10,1,20
9:37:32,2247,2246.8,2247,2,1,19
9:37:32,2246.8,2246.8,2247,1,6,20
9:37:33,2246.8,2246.8,2247,4,11,17
9:37:33,2247,2246.8,2247,3,11,14
9:37:34,2246.8,2246.8,2247,1,11,20
9:37:34,2247,2247,2247.2,23,4,15
9:37:35,2246.6,2246.6,2247.2,21,2,15
9:37:35,2246.4,2246.4,2247,20,35,6
9:37:36,2247,2246.6,2246.8,15,13,1
9:37:36,2246.6,2247,2247.2,4,5,10
9:37:37,2247,2246.8,2247,9,3,24
9:37:37,2246.6,2246.6,2247,9,11,24
9:37:38,2247,2246.6,2247,18,10,11
9:37:38,2247,2246.6,2247,4,11,9
9:37:39,2247,2246.8,2247,2,1,8
9:37:39,2246.8,2246.6,2246.8,1,9,3
9:37:40,2246.8,2246.6,2246.8,2,11,1
9:37:40,2246.8,2246.6,2247,1,11,10
9:37:41,2246.6,2246.6,2247,5,12,9
9:37:42,2247,2246.8,2247,1,2,8
9:37:42,2247,2246.8,2247,3,2,10
9:37:43,2246.8,2246.8,2247,4,1,22
9:37:44,2246.8,2246.6,2246.8,1,14,1
9:37:45,2246.8,2246.6,2246.8,4,12,2
9:37:46,2246.8,2246.6,2246.8,2,12,1
9:37:46,2246.6,2246.6,2247,5,15,39
9:37:47,2246.8,2246.8,2247,2,1,40
9:37:47,2246.8,2246.8,2247,2,2,39
9:37:48,2246.8,2246.8,2247,1,2,40
9:37:48,2246.8,2246.8,2247,4,1,47
9:37:49,2246.8,2246.6,2247,2,27,48
9:37:50,2247,2246.6,2247,35,30,13
9:37:50,2246.6,2246.6,2247,2,29,15
9:37:51,2246.8,2246.6,2247,7,29,14
9:37:51,2247,2246.6,2247,11,20,17
9:37:52,2247,2246.6,2246.8,3,18,1
9:37:52,2247,2246.8,2247,1,15,23
9:37:53,2247,2246.8,2247,6,15,17
9:37:53,2246.8,2246.8,2247,2,14,17
9:37:54,2247,2246.8,2247,9,23,9
9:37:54,2246.8,2246.8,2247,2,21,10
9:37:55,2246.8,2246.8,2247,32,21,21
9:37:56,2247,2246.8,2247,2,25,19
9:37:56,2247,2246.8,2247,16,14,19
9:37:57,2247,2246.8,2247,14,14,10
9:37:58,2247,2246.8,2247,5,12,7
9:37:58,2246.8,2246.8,2247,1,11,7
9:37:59,2246.8,2246.8,2247,5,6,7
9:37:59,2247,2246.8,2247,6,7,5
9:38:00,2246.8,2246.6,2246.8,8,25,6
9:38:00,2246.8,2246.6,2246.8,2,20,7
9:38:01,2246.8,2246.6,2246.8,3,21,4
9:38:01,2247,2246.8,2247,9,3,9
9:38:02,2247,2246.8,2247,7,3,10
9:38:02,2246.8,2246.8,2247,11,2,4
9:38:03,2246.8,2246.6,2246.8,4,32,16
9:38:03,2246.8,2246.6,2246.8,3,33,29
9:38:04,2246.8,2246.6,2246.8,15,35,15
9:38:05,2246.8,2246.8,2247,48,20,8
9:38:05,2246.8,2246.8,2247,3,26,8
9:38:06,2247,2247,2247.2,26,1,20
9:38:06,2247,2246.8,2247,2,23,2
9:38:07,2247,2246.8,2247,4,20,7
9:38:07,2246.8,2246.8,2247,4,17,20
9:38:08,2247,2246.8,2247,3,10,21
9:38:08,2246.4,2246.4,2247,26,39,19
9:38:09,2246.4,2246.4,2247,22,22,22
9:38:09,2246.8,2246.6,2246.8,12,2,10
9:38:10,2246.6,2246.6,2246.8,3,1,11
9:38:10,2246.8,2246.6,2246.8,1,1,8
9:38:11,2246.6,2246.6,2246.8,4,2,6
9:38:12,2246.6,2246.4,2246.8,9,18,5
9:38:13,2246.4,2246.4,2246.8,2,21,24
9:38:13,2246.4,2246.4,2246.8,20,4,26
9:38:14,2246.4,2246.2,2246.4,4,27,13
9:38:14,2246.4,2246.2,2246.4,3,28,10
9:38:15,2246.2,2246.2,2246.4,17,11,24
9:38:16,2246.4,2246.2,2246.4,4,10,21
9:38:16,2246.2,2246,2246.4,11,102,20
9:38:17,2246,2246,2246.2,2,124,15
9:38:17,2246,2246,2246.2,4,99,15
9:38:18,2246,2246,2246.4,43,81,20
9:38:18,2246,2246,2246.4,55,26,39
9:38:19,2246.4,2245.8,2246.4,29,42,43
9:38:19,2246.2,2246,2246.2,15,1,15
9:38:20,2245.8,2245.6,2246,34,37,13
9:38:20,2245.6,2245.6,2246,12,34,14
9:38:21,2246,2245.4,2246,37,21,17
9:38:21,2245.2,2245.2,2245.4,25,60,7
9:38:22,2245.2,2245.2,2245.4,51,20,5
9:38:22,2245,2245,2245.2,36,124,12
9:38:23,2245,2245,2245.2,108,59,3
9:38:23,2245,2245,2245.2,58,23,7
9:38:24,2245.2,2245,2245.2,24,6,12
9:38:24,2245,2245,2245.2,7,11,14
9:38:25,2245,2244.8,2245,45,33,9
9:38:25,2245.2,2245.2,2245.4,48,19,2
9:38:26,2245.4,2245.4,2245.6,14,40,7
9:38:26,2245.6,2245.6,2245.8,27,2,1
9:38:27,2245.4,2245.4,2245.8,11,7,14
9:38:27,2245.8,2245.4,2245.6,6,7,2
9:38:28,2245.4,2245.2,2245.6,13,34,1
9:38:28,2245.6,2245.6,2245.8,5,29,12
9:38:29,2245.6,2245.6,2245.8,16,20,1
9:38:29,2245.6,2245.6,2246,15,12,10
9:38:30,2245.8,2245.6,2246,6,9,9
9:38:30,2245.6,2245.4,2245.6,12,13,10
9:38:31,2245.6,2245.4,2245.6,9,36,11
9:38:31,2245.4,2245.4,2245.6,2,51,11
9:38:32,2245.4,2245.6,2246,20,4,17
9:38:32,2245.4,2245.4,2245.8,54,24,1
9:38:33,2245.4,2245.4,2245.6,3,27,1
9:38:33,2245.4,2245.6,2245.8,25,1,12
9:38:34,2245.8,2245.6,2245.8,3,3,9
9:38:34,2245.8,2245.6,2245.8,8,20,7
9:38:35,2245.8,2245.8,2246,13,59,33
9:38:35,2245.8,2245.8,2246,2,59,33
9:38:36,2245.8,2245.8,2246,8,52,28
9:38:36,2246,2245.8,2246,4,50,31
9:38:37,2246,2245.8,2246,3,49,34
9:38:37,2245.8,2245.6,2245.8,54,24,10
9:38:38,2245.6,2245.6,2245.8,34,23,1
9:38:38,2245.6,2245.4,2245.6,26,20,41
9:38:39,2245.4,2245.4,2245.6,24,5,33
9:38:39,2245.4,2245.2,2245.4,18,45,42
9:38:40,2245.2,2245,2245.2,47,112,2
9:38:41,2245.2,2245,2245.2,7,109,13
9:38:41,2245.2,2245,2245.2,37,75,10
9:38:42,2245,2245,2245.2,16,60,11
9:38:42,2245,2245,2245.2,13,48,60
9:38:43,2245,2245,2245.2,33,34,37
9:38:43,2245,2244.8,2245,56,10,21
9:38:44,2245,2244.8,2245,7,8,17
9:38:44,2245,2245,2245.2,26,8,13
9:38:45,2245,2245,2245.2,4,57,13
9:38:45,2245.2,2245.2,2245.4,19,19,28
9:38:46,2245.4,2245.2,2245.4,5,59,24
9:38:46,2245.4,2245.2,2245.4,21,82,7
9:38:47,2245.2,2245.4,2245.6,14,21,2
9:38:47,2245.2,2245.4,2245.6,1,34,2
9:38:48,2245.4,2245.4,2245.6,34,11,1
9:38:48,2245.2,2245.2,2245.6,18,67,20
9:38:49,2245.4,2245.2,2245.4,3,83,7
9:38:49,2245.4,2245.2,2245.4,2,82,14
9:38:50,2245.4,2245.2,2245.4,2,80,14
9:38:50,2245.4,2245.4,2245.6,14,5,25
9:38:51,2245.4,2245.2,2245.4,7,57,13
9:38:51,2245.2,2245.2,2245.4,9,57,7
9:38:52,2245.2,2245.2,2245.4,5,42,4
9:38:52,2245.4,2245.4,2245.6,39,1,24
9:38:53,2245.2,2245.4,2245.6,2,2,27
9:38:53,2245.4,2245.2,2245.6,3,40,31
9:38:54,2245.4,2245.2,2245.4,1,40,1
9:38:54,2245.2,2245,2245.2,48,93,14
9:38:55,2245.2,2245,2245.2,10,93,5
9:38:55,2245.2,2245,2245.2,3,93,11
9:38:56,2245,2245,2245.4,32,75,25
9:38:56,2245.4,2245.2,2245.4,4,12,24
9:38:57,2245.2,2245.2,2245.4,11,5,25
9:38:57,2245,2245,2245.2,50,43,12
9:38:58,2245.2,2245,2245.2,7,37,35
9:38:58,2245,2244.8,2245,58,13,13
9:38:59,2244.8,2244.6,2244.8,13,80,5
9:38:59,2245,2245,2245.2,45,4,12
9:39:00,2244.8,2244.8,2245,10,2,7
9:39:00,2244.6,2244.6,2245,70,44,1
9:39:01,2244.6,2244.8,2245,63,2,1
9:39:01,2244.8,2244.8,2245,44,11,6
9:39:02,2244.8,2244.8,2245,43,8,3
9:39:02,2244.4,2244.8,2245,26,7,1
9:39:03,2245,2245,2245.2,29,1,15
9:39:03,2245,2244.8,2245,22,19,11
9:39:04,2245,2244.8,2245,13,16,3
9:39:04,2244.8,2244.8,2245,14,11,1
9:39:05,2245,2245,2245.2,4,9,23
9:39:05,2245.2,2245,2245.2,4,8,28
9:39:06,2245,2245,2245.2,2,7,27
9:39:06,2245.2,2245,2245.2,17,7,22
9:39:07,2245.2,2245,2245.2,16,4,11
9:39:07,2245.2,2245,2245.4,15,16,35
9:39:08,2245,2244.8,2245,31,18,4
9:39:08,2244.8,2245,2245.4,8,1,26
9:39:09,2245.2,2245,2245.2,32,4,19
9:39:09,2245,2244.8,2245,10,19,2
9:39:10,2245.2,2244.8,2245.2,41,23,5
9:39:10,2244.8,2244.6,2244.8,33,9,7
9:39:11,2244.8,2244.6,2244.8,2,10,10
9:39:11,2244.6,2244.4,2244.6,13,37,1
9:39:12,2244.6,2244.6,2244.8,13,1,19
9:39:12,2244.8,2244.6,2244.8,3,2,19
9:39:13,2244.8,2244.6,2244.8,3,2,14
9:39:13,2244.6,2244.4,2244.6,9,83,13
9:39:14,2244.6,2244.6,2244.8,16,11,23
9:39:14,2244.8,2244.6,2244.8,6,34,20
9:39:15,2244.6,2244.6,2244.8,8,55,28
9:39:15,2244.8,2244.6,2244.8,47,24,14
9:39:16,2244.8,2244.6,2244.8,20,41,9
9:39:16,2244.6,2244.6,2244.8,14,24,8
9:39:17,2244.8,2244.6,2244.8,7,24,5
9:39:17,2244.6,2244.6,2244.8,7,19,3
9:39:18,2244.8,2244.8,2245,8,18,10
9:39:18,2244.8,2244.8,2245,4,15,10
9:39:19,2244.8,2244.8,2245,7,9,11
9:39:19,2244.8,2244.8,2245,5,10,13
9:39:20,2245,2244.8,2245,17,3,9
9:39:20,2245,2244.8,2245,4,3,14
9:39:21,2245,2244.6,2245,14,48,19
9:39:21,2245,2244.6,2245,9,49,15
9:39:22,2245,2244.8,2245,4,1,24
9:39:23,2245,2244.8,2245,4,1,21
9:39:23,2245,2244.8,2245,3,4,18
9:39:24,2245,2244.8,2245,16,4,3
9:39:24,2245,2244.8,2245,8,3,1
9:39:25,2245,2245,2245.2,2,13,26
9:39:25,2245,2245,2245.2,3,13,26
9:39:26,2245,2245,2245.2,5,12,23
9:39:26,2245,2245,2245.2,18,13,9
9:39:27,2245,2245,2245.2,8,11,5
9:39:27,2245,2245,2245.2,2,10,4
9:39:28,2245.2,2245,2245.2,4,9,1
9:39:28,2245.2,2245,2245.4,1,11,36
9:39:29,2245.4,2245.2,2245.4,11,10,26
9:39:29,2245.2,2245.2,2245.4,2,9,24
9:39:30,2245.2,2245.2,2245.4,12,11,16
9:39:30,2245.2,2245.2,2245.4,5,10,14
9:39:31,2245.4,2245.2,2245.4,3,10,10
9:39:31,2245.4,2245.4,2245.6,11,60,34
9:39:32,2245.6,2245.4,2245.6,14,61,19
9:39:33,2245.6,2245.4,2245.6,29,61,3
9:39:33,2245.4,2245.4,2245.6,13,49,11
9:39:34,2245.6,2245.4,2245.6,5,49,20
9:39:34,2245.6,2245.4,2245.6,5,48,33
9:39:35,2245.6,2245.4,2245.6,8,43,35
9:39:35,2245.6,2245.4,2245.6,7,43,30
9:39:36,2245.4,2245.4,2245.6,8,41,34
9:39:36,2245.6,2245.4,2245.6,2,42,35
9:39:37,2245.4,2245.4,2245.6,5,39,34
9:39:37,2245.6,2245.4,2245.6,3,39,32
9:39:38,2245.6,2245.4,2245.6,4,39,29
9:39:38,2245.4,2245.4,2245.6,2,38,28
9:39:39,2245.4,2245.4,2245.6,2,39,29
9:39:39,2245.4,2245.4,2245.6,3,38,27
9:39:40,2245.6,2245.4,2245.6,19,34,15
9:39:40,2245.6,2245.4,2245.6,2,33,15
9:39:41,2245.6,2245.4,2245.6,7,33,10
9:39:41,2245.4,2245.4,2245.6,8,34,6
9:39:42,2245.6,2245.4,2245.6,6,33,3
9:39:43,2245.6,2245.4,2245.6,1,33,2
9:39:43,2245.6,2245.6,2245.8,7,4,77
9:39:44,2245.8,2245.4,2245.6,11,34,1
9:39:44,2245.6,2245.4,2245.6,27,34,4
9:39:45,2245.6,2245.4,2245.6,5,34,24
9:39:45,2245.6,2245.4,2245.6,27,36,16
9:39:46,2245.4,2245.4,2245.6,14,23,22
9:39:46,2245.6,2245.4,2245.6,2,24,21
9:39:47,2245.6,2245.4,2245.6,1,24,32
9:39:47,2245.4,2245.4,2245.6,20,20,18
9:39:48,2245.4,2245.4,2245.6,1,20,24
9:39:49,2245.4,2245.4,2245.6,6,19,21
9:39:49,2245.4,2245.4,2245.6,1,19,21
9:39:50,2245.6,2245.4,2245.6,2,19,22
9:39:51,2245.4,2245.4,2245.6,3,23,22
9:39:51,2245.6,2245.4,2245.6,3,23,20
9:39:52,2245.6,2245.6,2245.8,24,14,65
9:39:52,2245.6,2245.6,2245.8,2,12,65
9:39:53,2245.6,2245.4,2245.6,12,25,4
9:39:53,2245.4,2245.4,2245.6,2,29,7
9:39:54,2245.6,2245.4,2245.8,9,29,65
9:39:54,2245.6,2245.4,2245.6,4,29,3
9:39:55,2245.4,2245.4,2245.6,1,29,5
9:39:55,2245.4,2245.4,2245.6,14,28,5
9:39:56,2245.4,2245.4,2245.6,6,28,10
9:39:57,2245.6,2245.4,2245.6,9,28,7
9:39:57,2245.2,2245.2,2245.6,43,32,4
9:39:58,2245.2,2245.2,2245.4,10,22,10
9:39:58,2245.4,2245.2,2245.4,4,22,8
9:39:59,2245.4,2245.2,2245.4,13,12,16
9:39:59,2245.4,2245.2,2245.4,16,10,8
