9:14:00,2309.6,2309.4,2309.6,230,4,1
9:15:00,2309.6,2309.6,2310.4,253,46,3
9:15:01,2309,2308.4,2309,300,3,4
9:15:01,2308.6,2308.2,2308.6,111,28,11
9:15:02,2308.2,2308,2308.2,143,20,23
9:15:02,2308,2307,2308,83,81,39
9:15:03,2307.8,2307.2,2307.6,59,11,6
9:15:03,2307.2,2306.8,2307.2,107,9,4
9:15:04,2306.8,2306.6,2306.8,96,15,24
9:15:04,2306.4,2306.2,2306.4,27,22,7
9:15:05,2306.4,2306,2306.6,84,6,23
9:15:05,2306,2305.8,2306,142,2,3
9:15:06,2306,2305.4,2306,58,3,21
9:15:06,2306,2306,2306.2,78,20,5
9:15:07,2306.4,2306.4,2306.6,92,21,1
9:15:07,2306.4,2306.4,2306.8,62,33,39
9:15:08,2306.8,2306.6,2306.8,40,27,11
9:15:08,2307,2306.8,2307,54,47,1
9:15:09,2307,2307,2307.2,56,42,2
9:15:09,2307.2,2307.2,2307.8,46,25,9
9:15:10,2307.6,2307.2,2307.6,11,9,14
9:15:10,2307.6,2307.2,2308,39,20,32
9:15:11,2307.6,2307.6,2307.8,12,20,1
9:15:11,2308,2307.8,2308,17,26,21
9:15:12,2308,2308,2308.2,36,18,30
9:15:12,2308.2,2308,2308.2,40,34,4
9:15:13,2308.2,2308.2,2308.4,13,45,8
9:15:13,2308.2,2308.4,2308.8,20,3,3
9:15:14,2308.8,2308.6,2308.8,32,2,20
9:15:14,2308.6,2308.2,2308.8,66,109,13
9:15:15,2308.4,2308.4,2308.8,63,24,33
9:15:15,2308.6,2308.2,2308.6,97,118,7
9:15:16,2308.8,2308.6,2308.8,32,1,6
9:15:16,2309,2308.8,2309,26,12,32
9:15:17,2308.2,2308.6,2308.8,37,3,5
9:15:17,2308.8,2308.8,2309,19,11,33
9:15:18,2309,2308.8,2309,13,36,41
9:15:18,2308.8,2308.8,2309,46,9,31
9:15:19,2308.8,2308.8,2309,51,7,2
9:15:19,2308.8,2308.6,2308.8,23,11,13
9:15:20,2308.8,2308.6,2308.8,15,6,7
9:15:20,2308.8,2308.6,2308.8,10,1,13
9:15:21,2308.6,2308.2,2308.6,36,99,48
9:15:21,2308.2,2308.2,2308.4,63,48,21
9:15:22,2308,2308,2308.2,106,2,19
9:15:22,2307.8,2307.8,2308,37,1,26
9:15:23,2307.6,2307.6,2307.8,15,29,25
9:15:23,2307.8,2307.8,2308,39,17,26
9:15:24,2307.8,2307.6,2308,48,8,7
9:15:24,2307.6,2307.6,2307.8,22,10,37
9:15:25,2307.6,2307.6,2307.8,19,8,34
9:15:25,2307.6,2307.6,2307.8,18,4,23
9:15:26,2307.2,2307.2,2307.8,27,50,5
9:15:26,2307.8,2307.8,2308,30,12,9
9:15:27,2307.4,2307.8,2308,37,5,5
9:15:27,2307.8,2307.8,2308,10,1,7
9:15:28,2307.4,2307.4,2307.6,4,9,5
9:15:28,2307.6,2307.4,2307.6,2,12,3
9:15:29,2307.6,2307.6,2308.4,43,38,20
9:15:29,2308,2307.8,2308.2,14,11,7
9:15:30,2308,2307.8,2308,10,5,7
9:15:30,2307.6,2307.6,2308.4,82,47,22
9:15:31,2307.8,2307.8,2308,6,9,2
9:15:31,2307.8,2307.8,2308,10,11,6
9:15:32,2308,2307.8,2308,4,8,7
9:15:32,2308,2308,2308.2,11,5,15
9:15:33,2307.8,2307.6,2307.8,18,57,6
9:15:33,2308,2307.6,2307.8,17,57,7
9:15:34,2308,2308,2308.2,18,66,10
9:15:34,2308.2,2308,2308.4,22,55,29
9:15:35,2308.4,2308.4,2308.6,47,4,31
9:15:35,2308.4,2308,2308.4,73,35,2
9:15:36,2308.4,2308,2308.4,19,24,2
9:15:36,2308,2308,2308.4,14,15,17
9:15:37,2308,2308,2308.2,15,7,12
9:15:37,2308.2,2308,2308.2,14,19,7
9:15:38,2308.2,2308,2308.2,12,16,1
9:15:38,2308.2,2308.2,2308.6,41,12,21
9:15:39,2308,2308.2,2308.6,29,31,21
9:15:39,2307.8,2307.6,2307.8,70,49,31
9:15:40,2307.8,2307.6,2307.8,25,49,7
9:15:40,2308.2,2308,2308.2,25,3,27
9:15:41,2308,2307.8,2308.2,5,7,30
9:15:41,2308,2307.8,2308.2,2,6,31
9:15:42,2307.8,2307.8,2308.2,10,7,25
9:15:42,2307.8,2307.8,2308,6,12,2
9:15:43,2308.2,2308,2308.2,14,3,28
9:15:43,2308.8,2308,2308.8,72,1,115
9:15:44,2308.2,2308.2,2308.6,1,16,10
9:15:44,2308.2,2308.2,2308.4,4,15,2
9:15:45,2308.4,2308.4,2308.6,9,8,19
9:15:45,2308.4,2308.4,2308.6,7,5,21
9:15:46,2308.6,2308.4,2308.6,7,4,19
9:15:46,2308.6,2308.2,2308.4,23,1,1
9:15:47,2308,2308,2308.6,17,66,3
9:15:47,2308.4,2308.6,2308.8,10,5,118
9:15:48,2308.6,2308.6,2308.8,4,1,118
9:15:48,2308.2,2308.2,2308.4,13,2,7
9:15:49,2308.4,2308,2308.2,9,64,4
9:15:49,2308.4,2308.2,2308.4,10,12,3
9:15:50,2308.2,2308.2,2308.4,8,6,2
9:15:50,2308,2308.2,2308.4,108,2,3
9:15:51,2308,2308,2308.2,8,63,10
9:15:51,2308.2,2308,2308.2,1,64,12
9:15:52,2308,2308,2308.2,9,60,8
9:15:52,2308.4,2308.4,2308.6,34,5,2
9:15:53,2308.4,2308.4,2308.6,2,3,3
9:15:53,2308.2,2308,2308.4,15,54,3
9:15:54,2308.4,2308.4,2308.6,9,4,17
9:15:54,2308.4,2308.4,2308.6,4,3,20
9:15:55,2308.4,2308.2,2308.4,5,8,1
9:15:56,2308.4,2308.2,2308.4,3,7,1
9:15:56,2308.4,2308,2308.4,28,72,2
9:15:57,2308,2308,2308.2,3,74,1
9:15:57,2308,2308,2308.4,26,56,4
9:15:58,2308.2,2308.2,2308.4,9,9,1
9:15:58,2308,2308,2308.4,18,48,2
9:15:59,2308.4,2308,2308.6,3,47,39
9:15:59,2308,2308,2308.4,1,48,14
9:16:00,2308,2308,2308.2,13,37,1
9:16:00,2308,2308,2308.4,42,30,33
9:16:01,2308.2,2308,2308.4,17,29,24
9:16:01,2308.4,2308,2308.4,51,6,7
9:16:02,2308.6,2308,2308.6,28,3,20
9:16:02,2308.4,2308.2,2308.6,10,7,15
9:16:03,2308.6,2308.2,2308.6,4,6,13
9:16:03,2308.2,2308.2,2308.4,6,18,5
9:16:04,2308.2,2308.4,2308.6,15,6,11
9:16:04,2308.6,2308.2,2308.6,18,4,4
9:16:05,2308.6,2308.4,2308.6,37,5,3
9:16:05,2308.4,2308.4,2308.8,12,2,41
9:16:06,2308.6,2308.4,2308.6,6,4,5
9:16:06,2308.4,2308.4,2308.8,28,3,22
9:16:07,2308.6,2308.4,2308.8,23,13,7
9:16:07,2308.4,2308.6,2308.8,8,25,5
9:16:08,2309,2308.8,2309,37,14,88
9:16:08,2308.8,2308.6,2308.8,102,6,52
9:16:09,2308.8,2308.4,2308.6,5,6,2
9:16:09,2308.6,2308.4,2308.6,58,6,4
9:16:10,2308.6,2308.4,2308.6,10,6,8
9:16:10,2308.6,2308.4,2308.8,10,6,5
9:16:11,2308.8,2308.8,2309,11,5,49
9:16:11,2308.6,2308.6,2309,16,1,40
9:16:12,2308.6,2308.4,2309,4,32,39
9:16:12,2309,2308.6,2308.8,13,7,9
9:16:13,2308.8,2308.6,2308.8,8,12,3
9:16:13,2308.8,2308.8,2309,11,1,30
9:16:14,2308.8,2308.8,2309,10,2,38
9:16:14,2308.8,2308.8,2309,15,5,19
9:16:15,2308.8,2308.8,2309,4,2,18
9:16:15,2309,2308.8,2309,14,2,11
9:16:16,2308.8,2308.6,2308.8,8,4,1
9:16:16,2308.8,2308.6,2308.8,7,5,6
9:16:17,2308.8,2308.6,2308.8,3,6,18
9:16:17,2308.8,2308.6,2308.8,8,3,13
9:16:18,2308.4,2308.4,2308.6,21,14,17
9:16:18,2308.4,2308.4,2308.6,5,11,15
9:16:19,2308.4,2308.2,2308.4,16,10,28
9:16:20,2308.2,2308,2308.2,12,49,8
9:16:20,2308,2308,2308.2,2,48,11
9:16:21,2308.2,2308,2308.2,11,43,4
9:16:21,2308,2308,2308.2,37,7,4
9:16:22,2308.2,2308.2,2308.4,10,1,28
9:16:22,2308,2307.8,2308,12,47,13
9:16:23,2308,2308,2308.2,35,1,21
9:16:23,2308,2307.8,2308,4,25,3
9:16:24,2308,2307.8,2308,4,24,27
9:16:24,2307.8,2307.8,2308,4,21,27
9:16:25,2307.6,2307.6,2307.8,22,57,15
9:16:25,2307.8,2307.8,2308,20,2,46
9:16:26,2307.6,2307.6,2307.8,9,52,4
9:16:26,2307.6,2307.6,2307.8,10,43,7
9:16:27,2307.8,2307.6,2307.8,2,42,9
9:16:27,2307.6,2307.6,2307.8,8,37,7
9:16:28,2307.6,2307.6,2307.8,14,29,1
9:16:28,2307.6,2307.6,2308,21,15,46
9:16:29,2307.6,2307.6,2307.8,11,6,18
9:16:29,2307.4,2307.4,2307.6,12,10,2
9:16:30,2307.6,2307.6,2307.8,39,3,13
9:16:30,2307.6,2307.6,2307.8,18,2,10
9:16:31,2307.6,2307.4,2307.6,4,2,14
9:16:31,2307.6,2307.2,2307.6,6,71,18
9:16:32,2307.4,2307.2,2307.4,4,73,14
9:16:32,2307.4,2307.2,2307.4,17,69,1
9:16:33,2307.6,2307.2,2307.6,7,68,29
9:16:33,2307.2,2307.2,2307.6,6,63,29
9:16:34,2307.2,2307.2,2307.4,27,49,1
9:16:34,2307.2,2307.2,2307.6,25,35,24
9:16:35,2307.4,2307.2,2307.4,7,49,4
9:16:35,2307.2,2307.4,2307.6,13,1,27
9:16:36,2307.4,2307.2,2307.6,16,32,27
9:16:36,2307.2,2307.2,2307.6,19,16,31
9:16:37,2307.2,2307.2,2307.6,17,1,30
9:16:37,2307.4,2307,2307.2,4,31,13
9:16:38,2307,2307,2307.2,4,27,26
9:16:38,2307,2307,2307.2,10,24,44
9:16:39,2307,2307,2307.2,17,20,32
9:16:39,2307,2307,2307.2,15,7,29
9:16:40,2306.8,2306.8,2307,22,3,6
9:16:40,2306.8,2306.6,2306.8,5,11,10
9:16:41,2306.8,2306.8,2307,14,13,19
9:16:41,2306.8,2306.8,2307,26,6,13
9:16:42,2306.6,2306.6,2306.8,14,16,11
9:16:42,2307,2306.6,2306.8,29,14,8
9:16:43,2306.8,2306.8,2307,14,6,2
9:16:43,2306.6,2306.4,2306.6,49,26,2
9:16:44,2306.8,2306.6,2306.8,5,56,10
9:16:44,2306.8,2306.6,2307,25,33,3
9:16:45,2306.8,2306.6,2306.8,58,1,7
9:16:45,2306.8,2306.8,2307,17,1,8
9:16:46,2306.8,2306.8,2307,11,10,16
9:16:46,2306.8,2306.8,2307,10,10,14
9:16:47,2306.8,2306.8,2307,26,12,14
9:16:47,2307,2306.8,2307,10,9,11
9:16:48,2306.8,2306.8,2307,16,2,13
9:16:48,2307,2306.8,2307,12,1,9
9:16:49,2306.6,2306.6,2306.8,20,1,2
9:16:49,2306.6,2306.6,2307.2,14,7,13
9:16:50,2307.2,2306.6,2307.2,11,6,10
9:16:50,2306.8,2306.8,2307,3,3,19
9:16:51,2307,2306.8,2307,6,1,17
9:16:51,2307,2306.8,2307,15,1,20
9:16:52,2307,2306.4,2306.6,7,27,2
9:16:52,2306.6,2306.4,2306.6,14,25,1
9:16:53,2306.6,2306.4,2306.6,13,15,1
9:16:53,2306.4,2306.4,2306.8,13,9,4
9:16:54,2306.4,2306.6,2306.8,3,1,3
9:16:54,2306.6,2306.8,2307,10,1,18
9:16:55,2306.8,2306.8,2307,5,10,17
9:16:55,2307,2306.8,2307,4,12,17
9:16:56,2306.4,2306.4,2306.6,21,7,47
9:16:56,2306.4,2306.2,2306.4,9,37,7
9:16:57,2306.4,2306.4,2306.6,11,1,47
9:16:57,2306.6,2306.4,2306.6,1,18,51
9:16:58,2306.4,2306.4,2306.6,10,12,48
9:16:58,2306.2,2306.2,2306.6,18,36,43
9:16:59,2306.6,2306.2,2306.6,34,37,25
9:16:59,2306.4,2306.4,2306.6,11,1,24
9:17:00,2306.4,2306.4,2306.6,7,3,22
9:17:00,2306.6,2306.4,2306.6,18,7,34
9:17:01,2306.4,2306.4,2306.6,16,7,31
9:17:01,2306.2,2306.2,2306.4,20,24,3
9:17:02,2306.6,2306.4,2306.8,42,14,34
9:17:02,2306.6,2306.6,2306.8,5,3,32
9:17:03,2306.6,2306.6,2306.8,24,17,16
9:17:03,2306.6,2306.6,2306.8,36,11,1
9:17:04,2307,2307,2307.2,40,15,10
9:17:04,2307.2,2307,2307.2,14,4,8
9:17:05,2307.2,2307.2,2307.4,13,2,14
9:17:05,2307,2307,2307.2,10,14,12
9:17:06,2307.2,2307,2307.2,15,16,9
9:17:06,2307,2306.8,2307,24,17,1
9:17:07,2307.4,2307.2,2307.4,11,1,7
9:17:07,2307,2306.8,2307.4,5,15,8
9:17:08,2307.4,2306.8,2307.4,5,14,6
9:17:08,2307.4,2307.4,2307.6,9,1,15
9:17:09,2307.4,2307.2,2307.6,10,2,15
9:17:09,2307.6,2307.2,2307.6,17,2,4
9:17:10,2307.2,2307,2307.2,9,14,13
9:17:10,2307.2,2307,2307.2,10,15,6
9:17:11,2307.4,2307,2307.6,7,14,7
9:17:11,2307,2307.2,2307.6,1,2,10
9:17:12,2307.4,2307.2,2307.4,3,23,1
9:17:13,2307.4,2307.4,2307.6,13,6,15
9:17:13,2307.6,2307.4,2307.6,6,3,14
9:17:14,2307.4,2307.4,2307.6,2,1,14
9:17:14,2307.6,2307.4,2307.6,5,3,13
9:17:15,2307.6,2307.4,2307.6,1,6,12
9:17:15,2307.6,2307.4,2307.6,1,7,11
9:17:16,2307.4,2307.4,2307.6,12,6,1
9:17:16,2307.4,2307.4,2307.6,3,6,1
9:17:17,2307.6,2307.4,2307.6,9,10,7
9:17:17,2307.6,2307.6,2307.8,8,10,36
9:17:18,2307.6,2307.6,2307.8,2,9,36
9:17:18,2307.6,2307.6,2307.8,6,7,33
9:17:19,2307.6,2307.6,2307.8,16,7,18
9:17:19,2307.8,2307.6,2307.8,8,2,16
9:17:20,2307.6,2307.4,2307.6,11,10,89
9:17:20,2307.6,2307.2,2307.6,30,8,83
9:17:21,2307.4,2307.2,2307.4,8,9,5
9:17:21,2307.4,2307.2,2307.4,4,7,3
9:17:22,2307.2,2307.2,2307.4,2,6,2
9:17:22,2307.6,2307.4,2307.6,15,12,82
9:17:23,2307.6,2307.4,2307.6,3,13,91
9:17:23,2307.4,2307.4,2307.6,1,14,81
9:17:24,2307.4,2307.4,2307.6,10,9,81
9:17:24,2307.6,2307,2307.6,20,28,75
9:17:25,2307.4,2307.2,2307.4,6,9,24
9:17:25,2307.2,2307.2,2307.4,10,3,21
9:17:26,2307.4,2307.4,2307.6,28,19,78
9:17:26,2307.4,2307.4,2307.6,6,14,78
9:17:27,2307.4,2307.4,2307.6,18,89,65
9:17:27,2307.6,2307.4,2307.6,19,86,49
9:17:28,2307.6,2307.4,2307.6,37,85,12
9:17:28,2307.4,2307.4,2307.6,10,83,5
9:17:29,2307.6,2307.4,2307.6,34,83,1
9:17:29,2307.6,2307.6,2308,1,13,11
9:17:30,2307.6,2307.6,2308,4,14,10
9:17:30,2308,2307.6,2308,6,9,12
9:17:31,2308,2307.8,2308,5,1,7
9:17:31,2308,2307.6,2308,2,14,6
9:17:32,2307.6,2307.8,2308,2,3,6
9:17:32,2308,2307.8,2308,5,3,1
9:17:33,2308,2308,2308.2,2,7,44
9:17:33,2308,2308,2308.2,2,6,44
9:17:34,2308,2307.8,2308,6,6,6
9:17:34,2307.8,2307.8,2308.2,13,5,41
9:17:35,2307.8,2307.6,2307.8,13,39,90
9:17:35,2307.6,2307.6,2307.8,35,4,90
9:17:36,2307.4,2307.4,2307.6,8,10,12
9:17:36,2307.4,2307.2,2307.4,17,13,15
9:17:37,2307.4,2307.2,2307.4,9,7,14
9:17:37,2307.2,2307.2,2307.4,5,3,13
9:17:38,2307.4,2307,2307.6,16,70,18
9:17:38,2307.2,2307.2,2307.4,4,13,1
9:17:39,2307.4,2307.4,2307.6,1,1,15
9:17:39,2307.4,2307.2,2307.6,14,2,4
9:17:40,2307.6,2307.2,2307.6,4,6,7
9:17:41,2307.2,2307.4,2307.6,11,8,2
9:17:41,2307.2,2307.4,2307.6,2,83,2
9:17:42,2307.4,2307.4,2307.6,18,82,7
9:17:42,2307.8,2307.4,2307.8,29,65,79
9:17:43,2307.8,2307.6,2307.8,13,1,77
9:17:43,2307.8,2307.6,2307.8,3,1,74
9:17:44,2307.8,2307.4,2307.8,6,47,73
9:17:44,2307.4,2307.4,2307.8,2,46,76
9:17:45,2307.4,2307.4,2307.8,11,36,75
9:17:45,2307.4,2307.4,2307.6,5,35,24
9:17:46,2307.4,2307.4,2307.6,17,18,26
9:17:46,2307.6,2307.4,2307.6,3,17,30
9:17:47,2307.4,2307.4,2307.6,15,10,44
9:17:47,2307.6,2307.2,2307.6,13,12,45
9:17:48,2307.6,2307.2,2307.4,1,13,13
9:17:48,2307.4,2307.2,2307.4,3,13,38
9:17:49,2307.2,2307,2307.2,27,65,14
9:17:49,2307.2,2307,2307.2,26,65,4
9:17:50,2307.2,2307,2307.2,9,59,6
9:17:50,2307.2,2307,2307.2,8,58,2
9:17:51,2307,2307.2,2307.4,3,1,5
9:17:51,2307.6,2307.2,2307.6,11,27,17
9:17:52,2307.2,2307.2,2307.6,12,25,23
9:17:53,2307.2,2307.2,2307.6,1,26,39
9:17:53,2307.4,2307.4,2307.6,3,12,39
9:17:54,2307.4,2307.4,2307.6,9,7,36
9:17:55,2307.4,2307.2,2307.4,7,13,5
9:17:55,2307.4,2307.2,2307.4,7,13,19
9:17:56,2307.4,2307.2,2307.4,10,10,25
9:17:56,2307.2,2307.2,2307.4,1,9,25
9:17:57,2307.2,2307.2,2307.4,7,3,24
9:17:57,2307.2,2307.2,2307.4,3,1,23
9:17:58,2307.2,2307,2307.2,2,62,24
9:17:58,2307,2307,2307.2,3,60,25
9:17:59,2307,2307,2307.2,30,31,25
9:17:59,2307.2,2307,2307.2,4,32,22
9:18:00,2307.2,2307,2307.2,6,31,20
9:18:00,2307.2,2307,2307.2,7,26,18
9:18:01,2307,2307,2307.2,17,12,15
9:18:01,2307.4,2307.2,2307.4,34,1,1
9:18:02,2307.4,2307.4,2307.6,3,5,25
9:18:02,2307.4,2307.4,2307.6,4,6,23
9:18:03,2307.2,2307.2,2307.4,12,1,7
9:18:03,2307,2307,2307.2,2,10,5
9:18:04,2307,2307,2307.2,2,9,4
9:18:04,2307.2,2307,2307.2,3,7,3
9:18:05,2307,2306.8,2307,8,42,2
9:18:05,2307.2,2306.8,2307.2,4,41,3
9:18:06,2307.2,2307.2,2307.4,5,2,10
9:18:06,2307.2,2307.2,2307.4,2,3,10
9:18:07,2307.2,2307.2,2307.4,2,3,9
9:18:08,2307,2307,2307.2,5,6,15
9:18:08,2307,2307,2307.2,2,4,15
9:18:09,2307,2307,2307.2,3,1,17
9:18:09,2307.2,2306.8,2307.2,6,41,14
9:18:10,2307,2306.8,2307,5,40,17
9:18:11,2306.8,2306.8,2307,3,37,18
9:18:11,2306.8,2306.8,2307,17,37,6
9:18:12,2307,2307,2307.2,18,28,16
9:18:12,2307,2307,2307.2,13,24,10
9:18:13,2307.2,2307,2307.2,11,19,10
9:18:13,2307.2,2307,2307.2,6,19,6
9:18:14,2307,2307,2307.2,27,17,1
9:18:15,2307,2307.2,2307.4,11,1,26
9:18:15,2307,2307,2307.4,11,6,22
9:18:16,2307.2,2307,2307.2,2,6,8
9:18:17,2307,2306.8,2307,7,25,6
9:18:17,2307,2306.8,2307.2,18,15,8
9:18:18,2306.8,2306.8,2307.2,4,13,7
9:18:18,2307,2306.8,2307,4,13,11
9:18:19,2306.6,2306.6,2307,19,30,10
9:18:19,2306.8,2306.8,2307,4,1,11
9:18:20,2307,2306.6,2306.8,3,30,7
9:18:20,2306.6,2306.6,2306.8,1,29,22
9:18:21,2306.8,2306.6,2306.8,25,20,7
9:18:22,2306.6,2306.4,2306.6,31,12,2
9:18:22,2306.4,2306.4,2306.6,2,11,1
9:18:23,2306.4,2306.2,2306.4,19,32,10
9:18:23,2306.4,2306.2,2306.4,26,17,6
9:18:24,2306.4,2306.2,2306.4,7,12,10
9:18:24,2306.2,2306,2306.2,14,108,3
9:18:25,2306.2,2306.2,2306.4,10,3,11
9:18:25,2306.2,2306.2,2306.4,20,30,5
9:18:26,2306.2,2306.2,2306.4,24,28,2
9:18:26,2306.4,2306.4,2306.8,11,4,1
9:18:27,2306.2,2306.2,2306.6,16,18,2
9:18:27,2306.2,2306.4,2306.6,7,3,2
9:18:28,2306.2,2306.2,2306.8,14,6,5
9:18:28,2306.2,2306.2,2306.4,2,6,1
9:18:29,2306.4,2306.2,2306.4,7,5,2
9:18:29,2306.2,2306.2,2306.4,5,3,4
9:18:30,2306.2,2306,2306.2,9,106,10
9:18:30,2306.6,2306.2,2306.4,13,13,1
9:18:31,2306.4,2306.2,2306.6,6,13,3
9:18:31,2306.2,2306.2,2306.4,5,9,2
9:18:32,2306.2,2306.2,2306.4,2,10,3
9:18:32,2306.2,2306.2,2306.4,6,6,2
9:18:33,2306.2,2306.2,2306.4,12,26,1
9:18:34,2306.2,2306.2,2306.8,23,15,10
9:18:34,2306.2,2306.4,2306.8,11,37,7
9:18:35,2306.2,2306.4,2306.6,1,36,1
9:18:35,2306.4,2306.4,2306.6,19,19,5
9:18:36,2306.4,2306.4,2306.6,14,8,2
9:18:36,2306.6,2306.4,2306.6,4,6,7
9:18:37,2306.6,2306.6,2306.8,13,3,5
9:18:37,2306.4,2306.2,2306.4,11,23,3
9:18:38,2306.4,2306.4,2306.6,8,9,3
9:18:38,2306.6,2306.6,2306.8,4,2,7
9:18:39,2306.8,2306.6,2306.8,4,4,4
9:18:39,2306.8,2306.6,2306.8,2,3,2
9:18:40,2306.6,2306.6,2306.8,2,3,3
9:18:40,2306.6,2306.4,2306.6,3,5,2
9:18:41,2306.6,2306.4,2306.6,2,7,1
9:18:42,2306.6,2306.6,2306.8,14,1,4
9:18:42,2306.8,2306.6,2306.8,1,2,3
9:18:43,2306.4,2306.2,2306.4,7,30,11
9:18:43,2306.4,2306.4,2306.8,12,4,2
9:18:44,2306.8,2306.4,2306.8,3,5,1
9:18:44,2306.8,2306.8,2307,4,32,19
9:18:45,2306.8,2306.8,2307,1,31,20
9:18:45,2306.8,2306.8,2307,4,31,18
9:18:46,2307,2306.8,2307,1,33,20
9:18:46,2306.8,2306.8,2307,6,29,17
9:18:47,2306.8,2306.8,2307,4,27,16
9:18:47,2307,2306.8,2307,6,28,10
9:18:48,2307,2306.8,2307,5,29,9
9:18:49,2307,2306.8,2307,4,27,8
9:18:49,2306.8,2306.8,2307,4,26,6
9:18:50,2307,2306.8,2307,4,26,3
9:18:50,2307,2306.8,2307.2,4,25,22
9:18:51,2307.2,2306.8,2307.2,22,14,12
9:18:52,2307,2306.8,2307,2,14,3
9:18:52,2307,2306.8,2307,1,14,4
9:18:53,2307.2,2306.8,2307.2,12,16,3
9:18:53,2307,2307,2307.2,2,13,2
9:18:54,2307.2,2307.2,2307.4,6,35,19
9:18:55,2307.4,2307.2,2307.4,3,35,17
9:18:55,2307.6,2307.4,2307.6,26,34,29
9:18:56,2307.6,2307.4,2307.6,4,32,26
9:18:56,2307.6,2307.4,2307.6,11,28,19
9:18:57,2307.4,2307.4,2307.6,19,28,5
9:18:57,2307.8,2307.4,2307.8,10,26,91
9:18:58,2307.8,2307.4,2307.8,10,24,84
9:18:58,2307.6,2307.4,2307.6,17,22,9
9:18:59,2307.6,2307.4,2307.6,20,21,2
9:18:59,2307.6,2307.4,2307.6,11,20,9
9:19:00,2307.6,2307.4,2307.6,8,21,1
9:19:00,2307.6,2307.4,2307.6,2,22,1
9:19:01,2307.6,2307.6,2307.8,4,3,65
9:19:01,2307.6,2307.4,2307.6,7,21,3
9:19:02,2307.8,2307.4,2307.6,7,26,3
9:19:02,2307.6,2307.6,2307.8,4,15,62
9:19:03,2307.6,2307.6,2307.8,14,15,52
9:19:03,2307.8,2307.6,2307.8,19,15,36
9:19:04,2307.8,2307.6,2307.8,3,15,33
9:19:04,2308,2307.8,2308,43,15,40
9:19:05,2307.8,2307.8,2308,9,12,36
9:19:05,2308,2307.8,2308,33,15,14
9:19:06,2308,2308,2308.2,16,3,29
9:19:06,2308,2308,2308.2,32,10,9
9:19:07,2308.2,2308.2,2308.4,11,12,21
9:19:07,2308.4,2308.2,2308.4,10,17,16
9:19:08,2308.4,2308.2,2308.6,33,4,9
9:19:08,2308.6,2308.6,2308.8,14,2,20
9:19:09,2308.6,2308.6,2308.8,37,3,14
9:19:09,2308.8,2308.8,2309.6,88,12,15
9:19:10,2309,2309,2309.4,14,15,8
9:19:10,2309.6,2309.4,2309.6,24,24,13
9:19:11,2309.8,2309.6,2309.8,20,33,97
9:19:11,2310,2309.6,2310,112,19,11
9:19:12,2309.8,2310.2,2310.6,29,5,17
9:19:12,2310.8,2310.6,2310.8,21,51,7
9:19:13,2310.6,2310.6,2310.8,59,47,1
9:19:13,2311.4,2311,2311.4,30,2,13
9:19:14,2310.8,2310.8,2311.6,43,51,9
9:19:14,2311.4,2311.4,2311.8,41,4,5
9:19:15,2311.6,2311.6,2311.8,61,5,11
9:19:15,2311.8,2311,2311.6,53,19,5
9:19:16,2311.6,2311.8,2312,48,1,20
9:19:16,2311.6,2311,2311.8,86,3,10
9:19:17,2311.2,2311,2311.8,48,30,6
9:19:17,2311.6,2311.2,2311.6,69,48,4
9:19:18,2312,2311.6,2312,62,1,9
9:19:18,2312.4,2311.8,2312.4,54,19,4
9:19:19,2312.4,2312.4,2312.6,27,11,5
9:19:19,2312.6,2312.6,2312.8,77,26,11
9:19:20,2312.8,2312.8,2313,105,17,45
9:19:20,2313,2312.8,2313,42,12,30
9:19:21,2313.2,2313,2313.4,68,24,18
9:19:21,2313,2312.8,2313,64,18,4
9:19:22,2313.2,2313,2313.2,54,3,11
9:19:22,2312.6,2312.4,2313,31,2,108
9:19:23,2312.4,2312.2,2312.6,87,12,1
9:19:23,2312,2312,2312.4,77,25,21
9:19:24,2312.2,2312,2312.2,33,24,45
9:19:24,2312.2,2311.8,2312.2,44,22,31
9:19:25,2312.4,2312.2,2312.4,47,1,18
9:19:25,2312.4,2312.4,2312.6,39,10,5
9:19:26,2312.6,2312.6,2312.8,29,5,5
9:19:26,2312.4,2312.4,2312.6,30,2,9
9:19:27,2312.6,2312.6,2313,31,5,38
9:19:27,2312.6,2312.6,2312.8,6,5,12
9:19:28,2313,2312.6,2313,33,5,30
9:19:28,2312.8,2312.4,2312.6,41,2,1
9:19:29,2313,2312.8,2313,27,1,12
9:19:29,2312.8,2312.6,2312.8,14,23,2
9:19:30,2312.8,2312.8,2313,11,10,6
9:19:30,2313.4,2313.2,2313.4,21,6,21
9:19:31,2313.4,2313,2313.2,65,19,10
9:19:31,2313.2,2313,2313.2,52,10,7
9:19:32,2313.2,2313.2,2313.8,38,21,47
9:19:32,2313.6,2313.4,2313.6,16,2,4
9:19:33,2313.6,2313.6,2313.8,35,11,49
9:19:33,2313.8,2313.6,2313.8,11,57,48
9:19:34,2314,2313.8,2314,62,36,10
9:19:34,2314.4,2314,2314.4,47,27,6
9:19:35,2314,2314,2314.6,73,4,20
9:19:35,2314,2314,2314.4,45,14,9
9:19:36,2314,2313.8,2314,26,67,2
9:19:36,2314,2313.8,2314.2,71,35,38
9:19:37,2313.6,2313.6,2313.8,58,60,3
9:19:37,2313.2,2313.2,2313.4,79,5,11
9:19:38,2313.4,2313,2313.4,27,1,14
9:19:38,2313,2312.8,2313,19,13,17
9:19:39,2313,2313,2313.2,104,10,6
9:19:39,2313,2312.6,2313,34,1,17
9:19:40,2312.6,2312.4,2312.6,37,6,7
9:19:40,2312.4,2312.2,2312.4,12,9,18
9:19:41,2312.2,2312.2,2312.4,35,6,11
9:19:41,2312.4,2312,2312.2,28,7,2
9:19:42,2312.2,2312.2,2312.6,32,41,12
9:19:42,2312.6,2312.4,2312.6,25,17,9
9:19:43,2312.6,2312.6,2312.8,34,4,1
9:19:43,2313,2312.6,2313,12,1,2
9:19:44,2312.8,2312.8,2313,22,28,12
9:19:44,2312.8,2312.8,2313,10,26,5
9:19:45,2313,2312.8,2313,27,15,3
9:19:45,2313.4,2312.8,2313.4,11,15,12
9:19:46,2313,2313,2313.2,14,12,19
9:19:46,2313.2,2313,2313.2,37,80,17
9:19:47,2313.4,2313.4,2313.6,29,8,19
9:19:47,2313.4,2313.4,2313.8,35,49,23
9:19:48,2313.6,2313.8,2314,28,7,17
9:19:48,2313.8,2313.8,2314,73,27,12
9:19:49,2313.8,2313.8,2314.2,59,10,1
9:19:49,2314,2314.2,2314.4,33,4,5
9:19:50,2314.2,2313.8,2314.2,30,1,17
9:19:50,2313.8,2313.6,2313.8,14,9,11
9:19:51,2313.6,2313.6,2313.8,25,4,10
9:19:51,2313.8,2313.6,2313.8,12,1,2
9:19:52,2313.4,2313.4,2313.6,10,5,3
9:19:52,2313.6,2313.2,2313.4,13,6,5
9:19:53,2313,2313,2313.4,11,70,2
9:19:53,2313.2,2313.2,2313.4,7,4,3
9:19:54,2313.6,2313.6,2313.8,51,16,9
9:19:54,2313.6,2313.6,2313.8,7,14,10
9:19:55,2313.4,2313.2,2313.6,17,2,8
9:19:55,2313.6,2313,2313.6,40,77,9
9:19:56,2313.6,2313.6,2314,51,60,24
9:19:56,2313.8,2313.8,2314,14,23,23
9:19:57,2314.4,2314,2314.4,52,9,12
9:19:57,2313.8,2313.8,2314,27,7,1
9:19:58,2314,2313.6,2313.8,20,70,2
9:19:58,2313.8,2313.8,2314,27,2,23
9:19:59,2313.8,2313.6,2313.8,13,70,24
9:19:59,2313.6,2313.6,2313.8,35,48,77
9:20:00,2313.2,2313.2,2313.4,55,3,9
9:20:00,2313.2,2313,2313.2,56,73,27
9:20:01,2313.6,2313,2313.6,127,12,21
9:20:01,2313,2313,2313.6,49,7,13
9:20:02,2313.4,2313,2313.6,76,10,6
9:20:02,2313.6,2313.2,2313.6,48,31,15
9:20:03,2313.6,2313.4,2313.6,15,12,13
9:20:03,2313.6,2313.6,2313.8,51,50,39
9:20:04,2313.6,2313.8,2314,59,7,52
9:20:04,2314,2314,2314.2,65,43,1
9:20:05,2314.2,2314.2,2314.4,11,53,8
9:20:05,2314.4,2314.4,2314.8,38,6,98
9:20:06,2314.8,2314.6,2314.8,101,7,51
9:20:06,2314.8,2314.4,2314.8,31,32,45
9:20:07,2314.6,2314.6,2314.8,42,4,37
9:20:07,2314.8,2314.4,2314.6,51,34,19
9:20:08,2314.6,2314.4,2314.6,33,26,10
9:20:08,2314.6,2314.4,2314.6,52,7,3
9:20:09,2314.8,2314.6,2315,35,32,114
9:20:09,2314.8,2314.8,2315,15,2,120
9:20:10,2315,2314.8,2315,39,14,95
9:20:10,2315.2,2315.2,2315.4,140,25,5
9:20:11,2315.6,2315.4,2315.6,128,6,7
9:20:11,2315.6,2315.6,2316,54,3,17
9:20:12,2315.4,2315.2,2315.4,30,5,9
9:20:12,2315.4,2315.4,2315.8,78,2,4
9:20:13,2315.4,2315.4,2315.8,46,1,49
9:20:13,2315.4,2315.4,2315.6,55,28,53
9:20:14,2315.2,2315,2315.2,49,1,29
9:20:14,2314.8,2314.6,2314.8,23,3,28
9:20:15,2314.8,2314.4,2314.8,21,2,27
9:20:15,2314.4,2314.2,2314.4,14,9,2
9:20:16,2314.2,2314.2,2314.4,22,15,1
9:20:16,2314.2,2314.4,2314.6,18,4,2
9:20:17,2314.8,2314.4,2314.8,16,1,9
9:20:17,2314.8,2314.2,2314.8,11,15,5
9:20:18,2314.2,2314.2,2314.4,4,21,3
9:20:18,2314.4,2314.2,2314.4,14,18,5
9:20:19,2314.2,2314.2,2314.4,11,11,9
9:20:19,2314.2,2314.2,2314.6,14,1,1
9:20:20,2314.2,2314,2314.4,16,15,2
9:20:20,2314,2314,2314.2,19,2,2
9:20:21,2314.2,2313.8,2314.2,7,8,65
9:20:21,2313.8,2313.8,2314,9,2,20
9:20:22,2313.8,2313.6,2313.8,21,11,35
9:20:22,2313.8,2313.6,2313.8,10,7,44
9:20:23,2313.6,2313.4,2313.6,23,4,2
9:20:23,2313.6,2313.4,2313.6,5,6,12
9:20:24,2313.4,2313.2,2313.4,9,32,2
9:20:24,2313.4,2313.4,2313.6,34,4,8
9:20:25,2313.6,2313.2,2313.4,24,2,2
9:20:25,2313.4,2313,2313.4,18,12,1
9:20:26,2313.4,2313,2313.4,5,18,1
9:20:26,2313.4,2313.2,2313.4,6,17,3
9:20:27,2313,2312.8,2313.2,32,28,8
9:20:27,2313,2312.8,2313,14,29,24
9:20:28,2313,2312.8,2313,43,2,9
9:20:28,2313,2312.8,2313,18,1,4
9:20:29,2313.2,2313.2,2313.4,10,4,4
9:20:29,2313,2313,2313.2,21,20,4
9:20:30,2313,2313,2313.2,17,16,8
9:20:30,2313.2,2313,2313.2,12,10,5
9:20:31,2312.8,2312.8,2313,21,14,6
9:20:31,2313,2313,2313.2,14,8,4
9:20:32,2313,2312.8,2313,12,10,6
9:20:32,2313,2312.8,2313,13,3,37
9:20:33,2312.8,2312.6,2312.8,17,4,24
9:20:33,2312.8,2312.6,2312.8,6,3,27
9:20:34,2312.6,2312.4,2312.6,7,19,1
9:20:34,2312.4,2312.4,2312.6,16,8,7
9:20:35,2312.4,2312.4,2312.6,17,9,3
9:20:35,2312.4,2312.4,2312.6,16,10,7
9:20:36,2312.4,2312.4,2312.6,9,6,1
9:20:36,2312.6,2312.6,2312.8,27,10,1
9:20:37,2312.4,2312.4,2312.8,18,4,1
9:20:37,2312.4,2312.8,2313,6,2,31
9:20:38,2312.8,2312.8,2313,5,4,32
9:20:38,2312.6,2312.6,2312.8,9,14,12
9:20:39,2312.8,2312.6,2312.8,18,3,9
9:20:39,2312.6,2312.6,2312.8,17,1,8
9:20:40,2313,2312.8,2313,11,1,27
9:20:40,2312.8,2312.8,2313,36,5,13
9:20:41,2313,2312.8,2313,5,5,4
9:20:41,2313,2312.8,2313.2,7,3,22
9:20:42,2312.8,2312.8,2313.2,22,2,9
9:20:42,2312.8,2312.6,2312.8,16,14,3
9:20:43,2313,2312.6,2313,18,2,3
9:20:43,2312.6,2312.4,2312.6,5,22,9
9:20:44,2313,2313,2313.2,12,9,7
9:20:44,2312.6,2312.4,2312.6,19,22,2
9:20:45,2313,2312.6,2313,14,2,5
9:20:45,2312.8,2312.8,2313,12,5,5
9:20:46,2313,2313,2313.2,6,3,16
9:20:46,2313,2313,2313.2,11,3,15
9:20:47,2313,2313,2313.2,8,30,15
9:20:47,2313,2313,2313.2,6,41,15
9:20:48,2313,2313,2313.2,18,16,2
9:20:48,2313.2,2313.2,2313.4,5,46,12
9:20:49,2313.4,2313.2,2313.4,13,56,9
9:20:49,2313.2,2313.2,2313.4,14,48,9
9:20:50,2313.2,2313.2,2313.4,11,41,4
9:20:50,2313.4,2313.2,2313.4,10,43,6
9:20:51,2313.2,2313.2,2313.4,24,34,5
9:20:51,2313.4,2313.2,2313.4,35,2,2
9:20:52,2313.4,2313.4,2313.6,14,6,12
9:20:52,2313,2313,2313.2,11,38,6
9:20:53,2313.2,2313,2313.2,4,39,4
9:20:53,2313.2,2313.2,2313.4,5,8,5
9:20:54,2313.2,2313,2313.2,14,41,6
9:20:54,2313,2313,2313.2,1,41,6
9:20:55,2313.2,2313,2313.2,6,41,3
9:20:55,2313.2,2313,2313.2,2,41,1
9:20:56,2313.2,2313.2,2313.4,9,1,4
9:20:56,2313.4,2313.2,2313.4,1,11,3
9:20:57,2313.2,2313.2,2313.4,2,11,3
9:20:58,2313.2,2313.2,2313.4,5,11,2
9:20:58,2313.4,2313.2,2313.4,1,11,1
9:20:59,2313.2,2313.2,2313.4,15,3,50
9:21:00,2313.2,2313,2313.2,6,46,11
9:21:00,2313,2313,2313.2,27,24,6
9:21:01,2313,2313,2313.2,22,7,6
9:21:01,2313,2312.8,2313,12,33,5
9:21:02,2312.8,2312.8,2313,6,40,7
9:21:02,2313,2313,2313.2,10,2,20
9:21:03,2313,2312.8,2313,8,34,6
9:21:03,2312.8,2312.8,2313,10,27,4
9:21:04,2312.8,2312.8,2313,4,25,3
9:21:04,2313,2312.8,2313.2,4,15,19
9:21:05,2313.2,2312.8,2313,9,16,4
9:21:05,2313,2312.8,2313,3,26,8
9:21:06,2313,2313,2313.2,23,11,7
9:21:06,2313,2313,2313.2,1,10,7
9:21:07,2313,2313,2313.2,1,18,2
9:21:07,2313.2,2313,2313.2,7,20,2
9:21:08,2313,2313,2313.4,9,14,65
9:21:08,2313,2313,2313.4,6,10,65
9:21:09,2313,2313,2313.2,7,3,10
9:21:09,2312.8,2312.8,2313,10,21,12
9:21:10,2312.8,2312.6,2312.8,25,59,14
9:21:10,2312.8,2312.6,2312.8,55,10,11
9:21:11,2313.2,2313.2,2313.4,44,1,17
9:21:11,2312.8,2312.4,2312.8,9,15,4
9:21:12,2312.6,2312.6,2313,15,24,4
9:21:12,2313,2312.8,2313,9,41,2
9:21:13,2313,2313,2313.2,18,7,3
9:21:13,2313,2313,2313.2,3,5,5
9:21:14,2313,2313,2313.2,2,6,8
9:21:14,2313.2,2313,2313.2,8,11,3
9:21:15,2313,2313,2313.2,11,1,4
9:21:15,2313.2,2313.2,2313.4,5,2,23
9:21:16,2313,2312.8,2313,9,52,2
9:21:16,2313,2313,2313.4,13,12,22
9:21:17,2313.2,2313.2,2313.4,3,6,36
9:21:17,2313.2,2313.2,2313.4,10,12,25
9:21:18,2313.4,2313.2,2313.4,6,10,21
9:21:18,2313.2,2313.2,2313.4,11,5,18
9:21:19,2313.2,2313.2,2313.4,7,6,16
9:21:19,2313.2,2313,2313.2,20,27,1
9:21:20,2313,2313,2313.2,4,23,3
9:21:20,2313,2313,2313.2,5,18,3
9:21:21,2313.2,2313,2313.2,1,17,23
9:21:21,2313,2313,2313.2,6,11,23
9:21:22,2313,2313,2313.2,3,8,24
9:21:22,2313,2313,2313.2,2,33,25
9:21:23,2313,2313,2313.2,20,20,20
9:21:23,2313,2313,2313.2,2,20,23
9:21:24,2313,2313,2313.2,12,11,20
9:21:24,2313,2313,2313.2,10,5,17
9:21:25,2312.8,2312.8,2313,11,5,5
9:21:25,2312.8,2312.8,2313,6,8,3
9:21:26,2313,2312.8,2313,1,17,3
9:21:26,2313,2313,2313.2,5,1,18
9:21:27,2312.8,2312.8,2313,2,17,4
9:21:27,2312.8,2312.8,2313,17,5,1
9:21:28,2313,2312.8,2313,2,5,4
9:21:28,2312.8,2312.8,2313,3,4,4
9:21:29,2313,2312.8,2313.2,5,5,19
9:21:29,2312.8,2312.8,2313,9,1,2
9:21:30,2312.8,2312.6,2312.8,2,27,6
9:21:30,2312.8,2312.6,2312.8,3,27,4
9:21:31,2312.8,2312.6,2312.8,3,26,6
9:21:31,2312.8,2312.6,2312.8,2,30,5
9:21:32,2312.8,2312.6,2312.8,1,30,4
9:21:32,2312.6,2312.6,2312.8,7,24,3
9:21:33,2312.6,2312.4,2312.6,26,22,15
9:21:33,2312.6,2312.4,2312.6,10,18,9
9:21:34,2312.4,2312.4,2312.6,11,13,6
9:21:34,2312.4,2312.2,2312.4,15,98,2
9:21:35,2312.4,2312.4,2312.6,12,23,5
9:21:35,2312.4,2312.4,2312.6,19,10,5
9:21:36,2312.8,2312.8,2313,19,20,6
9:21:36,2312.8,2312.8,2313,13,7,6
9:21:37,2312.8,2312.8,2313,5,3,5
9:21:37,2312.6,2312.8,2313,4,1,6
9:21:38,2313,2312.8,2313,7,1,2
9:21:38,2313,2312.6,2312.8,4,4,1
9:21:39,2312.8,2312.6,2312.8,2,5,1
9:21:39,2312.8,2312.6,2313,3,15,1
9:21:40,2312.6,2312.6,2313.2,2,15,20
9:21:40,2312.6,2313,2313.2,1,2,20
9:21:41,2313,2312.8,2313,3,1,9
9:21:42,2312.8,2312.8,2313,2,1,8
9:21:42,2313,2312.8,2313,1,5,7
9:21:43,2313,2312.8,2313,9,17,2
9:21:43,2313,2313,2313.2,3,15,24
9:21:44,2313.2,2313,2313.2,13,3,23
9:21:44,2313.2,2313,2313.2,6,2,19
9:21:45,2313.2,2313,2313.2,3,2,17
9:21:45,2313,2313,2313.2,2,10,17
9:21:46,2313.2,2313,2313.2,1,14,19
9:21:46,2313,2313,2313.2,3,11,19
9:21:47,2313,2313,2313.2,9,8,37
9:21:47,2313,2313,2313.2,49,6,7
9:21:48,2313,2313,2313.2,4,5,8
9:21:48,2313.2,2313,2313.2,1,5,7
9:21:49,2313,2313,2313.2,3,2,14
9:21:50,2313.2,2313,2313.2,6,4,10
9:21:50,2313,2312.8,2313,8,19,19
9:21:51,2313,2312.8,2313,4,19,24
9:21:51,2312.8,2312.8,2313,10,4,14
9:21:52,2312.8,2312.8,2313,4,3,14
9:21:52,2312.8,2312.8,2313,3,2,12
9:21:53,2313,2313,2313.2,17,38,8
9:21:53,2313,2313,2313.2,3,35,8
9:21:54,2313.2,2313.2,2313.4,10,4,15
9:21:54,2313.4,2313.2,2313.4,3,29,14
9:21:55,2313.4,2313.4,2313.6,15,39,23
9:21:55,2313.6,2313.6,2313.8,31,1,19
9:21:56,2313.6,2313.6,2313.8,5,1,26
9:21:56,2313.8,2313.6,2313.8,13,7,7
9:21:57,2313.6,2313.6,2313.8,9,5,1
9:21:57,2313.8,2313.8,2314,13,8,32
9:21:58,2314,2313.8,2314,15,3,31
9:21:58,2314,2313.8,2314,9,3,24
9:21:59,2313.8,2314,2314.2,33,13,76
9:21:59,2314.2,2314,2314.2,26,1,73
9:22:00,2314,2313.8,2314,3,2,26
9:22:00,2314,2313.8,2314,24,1,16
9:22:01,2313.8,2313.8,2314,24,9,25
9:22:01,2314,2313.8,2314,11,7,22
9:22:02,2313.8,2313.4,2313.8,16,43,3
9:22:02,2313.8,2313.4,2313.8,9,57,9
9:22:03,2313.8,2313.4,2313.8,8,35,10
9:22:03,2313.6,2313.6,2313.8,1,16,15
9:22:04,2313.8,2313.6,2313.8,4,15,12
9:22:04,2313.8,2313.6,2313.8,4,14,29
9:22:05,2313.8,2313.6,2313.8,19,4,20
9:22:05,2313.6,2313.6,2313.8,8,4,21
9:22:06,2313.4,2313.4,2313.8,41,12,19
9:22:06,2313.6,2313.4,2313.6,6,8,9
9:22:07,2313.4,2313.4,2313.6,8,8,8
9:22:07,2313.6,2313.4,2313.6,9,1,14
9:22:08,2313.2,2313.2,2313.4,2,50,13
9:22:08,2313.2,2313.2,2313.4,10,50,45
9:22:09,2313.4,2313.2,2313.4,4,45,47
9:22:09,2313.2,2313,2313.2,51,42,4
9:22:10,2313.2,2313.2,2313.4,8,1,37
9:22:10,2313.4,2313.2,2313.4,25,1,27
9:22:11,2313.4,2313.2,2313.4,1,14,29
9:22:11,2313.4,2313.2,2313.4,2,18,28
9:22:12,2313.4,2313.2,2313.4,5,16,26
9:22:12,2313.2,2313.2,2313.4,7,14,25
9:22:13,2313.2,2313.2,2313.4,2,13,25
9:22:13,2313.2,2313.2,2313.4,14,10,14
9:22:14,2313.2,2313.2,2313.4,1,9,14
9:22:14,2313.2,2313,2313.2,10,54,22
9:22:15,2313,2313,2313.2,25,51,14
9:22:15,2313.2,2313,2313.2,7,40,12
9:22:16,2313,2313,2313.2,3,38,13
9:22:16,2313,2313,2313.2,11,35,8
9:22:17,2313,2313,2313.2,3,35,9
9:22:17,2313.2,2313,2313.2,7,30,8
9:22:18,2313,2313,2313.2,5,27,5
9:22:18,2313,2313,2313.2,19,6,5
9:22:19,2313,2312.8,2313,7,21,1
9:22:19,2312.8,2312.8,2313,14,10,4
9:22:20,2312.8,2312.8,2313,6,4,42
9:22:20,2312.6,2312.6,2312.8,12,2,1
9:22:21,2312.6,2312.6,2312.8,17,28,4
9:22:21,2312.8,2312.6,2312.8,14,21,15
9:22:22,2312.8,2312.6,2312.8,20,4,17
9:22:22,2312.6,2312.6,2312.8,4,6,17
9:22:23,2312.6,2312.6,2312.8,12,3,15
9:22:23,2312.6,2312.6,2312.8,7,5,15
9:22:24,2312.6,2312.6,2312.8,3,5,14
9:22:24,2312.8,2312.6,2312.8,14,2,14
9:22:25,2312.8,2312.6,2312.8,1,3,13
9:22:25,2312.6,2312.6,2312.8,2,3,13
9:22:26,2312.6,2312.6,2312.8,1,8,13
9:22:26,2312.8,2312.6,2312.8,4,5,12
9:22:27,2312.6,2312.4,2312.6,5,13,14
9:22:27,2312.6,2312.4,2312.6,2,18,20
9:22:28,2312.4,2312.4,2312.6,2,13,22
9:22:28,2312.4,2312.4,2312.6,2,12,25
9:22:29,2312.6,2312.4,2312.6,10,12,16
9:22:29,2312.6,2312.4,2312.6,11,11,7
9:22:30,2312.4,2312.2,2312.4,21,86,41
9:22:30,2312.4,2312.2,2312.4,7,86,35
9:22:31,2312.4,2312.2,2312.4,36,86,1
9:22:31,2312.2,2312.2,2312.6,14,79,5
9:22:32,2312.6,2312.4,2312.6,3,11,4
9:22:32,2312.6,2312.4,2312.6,4,18,6
9:22:33,2312.6,2312.6,2312.8,18,40,13
9:22:33,2312.6,2312.6,2312.8,9,35,11
9:22:34,2312.8,2312.6,2313,16,30,51
9:22:34,2313,2312.8,2313,3,1,47
9:22:35,2313,2312.6,2313,8,24,54
9:22:35,2313,2312.6,2313,3,30,43
9:22:36,2312.6,2312.6,2313,5,39,38
9:22:36,2312.6,2312.6,2313,2,37,38
9:22:37,2312.6,2312.6,2313,12,27,38
9:22:37,2313,2312.6,2313,4,27,36
9:22:38,2313,2312.6,2313,5,25,34
9:22:38,2313,2312.6,2313,5,23,31
9:22:39,2312.6,2312.6,2313,7,25,26
9:22:39,2312.6,2312.6,2313,3,24,25
9:22:40,2313,2312.6,2313,3,23,24
9:22:40,2312.6,2312.6,2312.8,7,20,2
9:22:41,2312.8,2312.8,2313,2,1,20
9:22:41,2313,2312.8,2313,5,1,25
9:22:42,2313,2312.6,2313,2,20,25
9:22:42,2312.6,2312.6,2312.8,1,23,3
9:22:43,2312.6,2312.6,2312.8,3,21,2
9:22:43,2313,2312.8,2313,5,3,25
9:22:44,2312.8,2312.8,2313,1,2,35
9:22:44,2312.8,2312.8,2313,11,3,27
9:22:45,2313,2312.6,2313,7,35,32
9:22:45,2312.8,2312.6,2313,15,33,13
9:22:46,2313,2312.8,2313.2,16,1,34
9:22:47,2312.8,2312.8,2313.2,7,1,41
9:22:47,2313,2313,2313.2,46,7,25
9:22:48,2313,2313,2313.2,13,5,16
9:22:48,2313,2312.8,2313,7,1,9
9:22:49,2313,2313,2313.2,21,11,4
9:22:49,2313,2313,2313.2,5,7,7
9:22:50,2313.2,2313.2,2313.4,15,4,14
9:22:50,2313.2,2313.2,2313.4,5,3,11
9:22:51,2313.2,2313,2313.2,9,7,3
9:22:51,2313.2,2313.2,2313.4,3,7,6
9:22:52,2313.4,2313.2,2313.4,5,18,7
9:22:52,2313.2,2313.2,2313.4,2,20,7
9:22:53,2313.4,2313.4,2313.6,7,5,30
9:22:53,2313.6,2313.4,2313.6,7,7,34
9:22:54,2313.6,2313.4,2313.6,9,7,24
9:22:55,2313.4,2313.4,2313.6,4,8,36
9:22:56,2313.6,2313.2,2313.6,41,19,7
9:22:56,2313.4,2313.4,2313.6,1,2,9
9:22:57,2313.4,2313.2,2313.4,7,18,59
9:22:57,2313.4,2313.2,2313.4,15,4,63
9:22:58,2313.2,2313,2313.2,15,7,18
9:22:58,2313.2,2313,2313.2,2,7,21
9:22:59,2313.2,2313,2313.2,7,1,30
9:22:59,2313,2312.8,2313,2,3,2
9:23:00,2312.8,2312.6,2312.8,4,33,2
9:23:00,2312.8,2312.6,2313,2,33,6
9:23:01,2312.6,2312.8,2313,1,6,6
9:23:01,2313,2312.8,2313,1,6,15
9:23:02,2312.8,2312.8,2313,1,5,15
9:23:02,2312.8,2312.8,2313,9,1,15
9:23:03,2312.8,2312.6,2312.8,3,32,5
9:23:04,2312.8,2312.6,2312.8,9,32,10
9:23:04,2312.8,2312.6,2312.8,5,30,7
9:23:05,2312.4,2312.4,2312.6,33,10,7
9:23:05,2312.4,2312.4,2312.8,11,7,8
9:23:06,2312.6,2312.4,2312.6,15,2,59
9:23:06,2312.2,2312.2,2312.4,11,93,14
9:23:07,2312.4,2312.2,2312.4,28,78,30
9:23:07,2312.2,2312.2,2312.4,21,54,12
9:23:08,2312.2,2312.2,2312.4,12,44,8
9:23:08,2312.2,2312.2,2312.4,8,46,1
9:23:09,2312.2,2312.2,2312.4,45,15,1
9:23:09,2312.2,2312,2312.2,19,102,43
9:23:10,2312.2,2312,2312.2,14,106,37
9:23:10,2312.2,2312,2312.2,44,71,22
9:23:11,2312,2312,2312.2,28,44,28
9:23:11,2312,2312,2312.2,30,20,30
9:23:12,2312,2311.8,2312,24,44,34
9:23:12,2312,2311.8,2312,8,46,36
9:23:13,2311.8,2311.8,2312,6,37,44
9:23:13,2312,2311.8,2312,13,39,42
9:23:14,2312,2311.8,2312,21,25,36
9:23:14,2311.8,2311.8,2312,11,19,38
9:23:15,2312,2311.8,2312,31,10,35
9:23:15,2312,2311.8,2312,15,7,29
9:23:16,2311.8,2311.8,2312,26,5,28
9:23:16,2311.8,2311.6,2311.8,22,42,10
9:23:17,2311.6,2311.6,2311.8,20,41,3
9:23:17,2311.6,2311.6,2311.8,16,34,18
9:23:18,2311.6,2311.6,2311.8,4,32,21
9:23:18,2311.6,2311.6,2311.8,15,23,15
9:23:19,2311.8,2311.6,2311.8,12,13,16
9:23:19,2311.6,2311.6,2311.8,4,4,31
9:23:20,2311.6,2311.6,2311.8,16,7,22
9:23:20,2311.6,2311.6,2311.8,5,14,21
9:23:21,2311.6,2311.6,2311.8,14,8,20
9:23:21,2311.8,2311.8,2312,23,5,30
9:23:22,2311.8,2311.8,2312,3,20,29
9:23:22,2311.8,2311.8,2312,17,16,28
9:23:23,2311.8,2311.8,2312,19,6,22
9:23:23,2312,2312,2312.2,30,8,15
9:23:24,2312,2312,2312.2,5,3,20
9:23:24,2312,2311.8,2312,5,2,4
9:23:25,2312,2312,2312.2,4,1,21
9:23:25,2312.2,2312,2312.2,3,4,20
9:23:26,2312,2311.8,2312,10,4,15
9:23:26,2312,2311.8,2312,4,3,12
9:23:27,2311.6,2311.6,2312,21,26,2
9:23:27,2312.2,2312,2312.2,3,12,16
9:23:28,2312,2312,2312.2,2,11,19
9:23:28,2312,2312,2312.2,6,5,21
9:23:29,2312,2311.8,2312,5,24,22
9:23:29,2312,2311.8,2312,3,25,19
9:23:30,2312,2311.8,2312,12,25,8
9:23:30,2311.8,2311.8,2312,2,23,10
9:23:31,2312,2311.8,2312,1,24,13
9:23:31,2312,2311.8,2312,1,34,12
9:23:32,2311.8,2311.8,2312,4,30,12
9:23:32,2312,2311.8,2312,5,30,7
9:23:33,2312,2311.8,2312,1,31,6
9:23:33,2312,2312,2312.2,9,2,21
9:23:34,2312.2,2311.8,2312.2,5,30,24
9:23:34,2312,2311.8,2312,4,41,2
9:23:35,2312,2311.8,2312,1,72,1
9:23:35,2312,2311.8,2312,1,72,1
9:23:36,2312,2312,2312.2,5,25,20
9:23:36,2312.2,2312,2312.2,4,27,19
9:23:37,2312.2,2312,2312.2,7,27,12
9:23:37,2312.2,2312,2312.2,11,29,3
9:23:38,2312.4,2312,2312.4,8,27,12
9:23:38,2312,2312,2312.4,2,27,28
9:23:39,2312,2312.2,2312.4,4,2,22
9:23:39,2312,2312,2312.2,3,29,1
9:23:40,2312.2,2312,2312.4,3,26,22
9:23:41,2312.2,2312.2,2312.4,1,22,23
9:23:41,2312.4,2312.2,2312.4,1,23,22
9:23:42,2312.4,2312.2,2312.4,2,22,24
9:23:43,2312.4,2312.2,2312.4,4,21,21
9:23:44,2312.4,2312.2,2312.4,5,26,16
9:23:44,2312.4,2312.2,2312.4,3,26,13
9:23:45,2312.4,2312.2,2312.4,6,24,10
9:23:45,2312.4,2312.2,2312.4,7,18,9
9:23:46,2312.4,2312.2,2312.4,9,18,5
9:23:46,2312.4,2312.2,2312.4,8,16,2
9:23:47,2312.4,2312.2,2312.4,2,16,17
9:23:47,2312.4,2312.2,2312.4,2,16,15
9:23:48,2312.4,2312.2,2312.4,2,16,14
9:23:48,2312.2,2312,2312.2,20,40,2
9:23:49,2312,2312,2312.2,8,38,7
9:23:49,2312,2311.8,2312,38,46,20
9:23:50,2311.8,2311.8,2312,3,44,23
9:23:51,2311.8,2311.6,2311.8,48,28,32
9:23:51,2311.8,2311.6,2311.8,4,29,32
9:23:52,2311.8,2311.6,2311.8,11,19,28
9:23:52,2311.8,2311.6,2311.8,2,20,26
9:23:53,2311.8,2311.6,2311.8,6,16,25
9:23:53,2311.8,2311.6,2311.8,3,15,23
9:23:54,2311.6,2311.4,2311.6,17,26,1
9:23:55,2311.6,2311.4,2311.6,1,27,2
9:23:55,2311.6,2311.6,2311.8,7,34,21
9:23:56,2311.8,2311.6,2311.8,19,29,7
9:23:56,2311.6,2311.6,2311.8,9,32,7
9:23:57,2311.6,2311.6,2311.8,12,23,5
9:23:57,2311.6,2311.6,2311.8,1,22,5
9:23:58,2311.6,2311.6,2312,12,17,4
9:23:58,2311.8,2311.2,2312,54,98,2
9:23:59,2311.8,2311.4,2311.8,45,12,5
9:23:59,2311.6,2311.4,2311.6,7,14,2
9:24:00,2311.8,2311.6,2311.8,7,4,13
9:24:00,2311.6,2311.6,2311.8,21,2,4
9:24:01,2311.6,2311.6,2311.8,15,1,9
9:24:01,2311.8,2311.6,2311.8,11,4,4
9:24:02,2312,2311.6,2312,9,1,6
9:24:02,2312.2,2311.8,2312.2,7,2,9
9:24:03,2312.2,2312,2312.2,4,1,7
9:24:03,2312,2311.8,2312.2,3,4,5
9:24:04,2312.4,2312.2,2312.4,9,4,5
9:24:04,2312.2,2312,2312.2,9,13,2
9:24:05,2312.4,2312.2,2312.4,3,2,5
9:24:05,2312.4,2312.2,2312.4,1,6,4
9:24:06,2312.2,2312.4,2312.6,10,2,19
9:24:06,2312.4,2312.4,2312.6,3,3,19
9:24:07,2312.4,2312.4,2312.6,11,2,12
9:24:07,2312.6,2312.4,2312.6,2,6,12
9:24:08,2312.6,2312.6,2312.8,16,2,11
9:24:08,2312.6,2312.6,2312.8,7,1,9
9:24:09,2312.4,2312.4,2312.6,8,14,26
9:24:09,2312.6,2312.4,2312.6,7,12,22
9:24:10,2312.4,2312.4,2312.6,3,11,22
9:24:10,2312.4,2312.4,2312.6,4,10,20
9:24:11,2312.4,2312.4,2312.6,19,5,7
9:24:11,2312.4,2312.4,2312.6,2,4,6
9:24:12,2312.6,2312.6,2312.8,12,17,6
9:24:12,2312.6,2312.6,2312.8,1,21,6
9:24:13,2312.6,2312.6,2312.8,16,11,1
9:24:13,2312.6,2312.6,2313,7,42,30
9:24:14,2312.6,2312.6,2313,9,41,26
9:24:15,2312.8,2312.6,2313,3,41,24
9:24:15,2313,2313,2313.2,26,7,17
9:24:16,2313,2313,2313.2,10,5,9
9:24:16,2313.2,2313,2313.2,6,7,3
9:24:17,2313.4,2313.2,2313.4,9,4,4
9:24:17,2313.6,2313.4,2313.6,10,4,13
9:24:18,2313.4,2313.4,2313.6,4,5,11
9:24:18,2313.6,2313.4,2313.6,14,5,3
9:24:19,2313.6,2313.6,2313.8,7,8,29
9:24:19,2313.8,2313.6,2313.8,7,35,26
9:24:20,2313.8,2313.6,2313.8,5,43,23
9:24:20,2313.8,2313.6,2313.8,61,1,7
9:24:21,2313.8,2313.8,2314,9,21,72
9:24:21,2314,2313.8,2314,20,8,76
9:24:22,2314,2313.4,2313.8,35,16,2
9:24:22,2313.4,2313.4,2313.8,16,10,17
9:24:23,2313.4,2313.4,2313.6,10,15,6
9:24:23,2313.4,2313.2,2313.4,22,7,11
9:24:24,2313.2,2313.2,2313.4,10,3,14
9:24:24,2313.6,2313.4,2313.6,43,12,5
9:24:25,2313.8,2313.4,2313.8,15,9,5
9:24:25,2313.8,2313.4,2313.6,2,16,1
9:24:26,2313.6,2313.6,2313.8,13,5,3
9:24:26,2313.8,2313.6,2313.8,4,3,3
9:24:27,2313.8,2313.8,2314,8,8,51
9:24:27,2313.8,2313.8,2314,9,8,61
9:24:28,2313.8,2313.6,2313.8,41,24,17
9:24:28,2313.6,2313.6,2313.8,5,29,17
9:24:29,2313.8,2313.6,2313.8,7,29,11
9:24:29,2313.8,2313.6,2313.8,2,26,13
9:24:30,2313.6,2313.6,2313.8,19,9,16
9:24:30,2313.6,2313.4,2313.6,19,8,3
9:24:31,2313.4,2313.4,2313.6,14,2,1
9:24:31,2313.6,2313.2,2313.6,7,9,1
9:24:32,2313.2,2313.2,2313.6,9,3,2
9:24:33,2313.6,2313.4,2313.6,3,3,7
9:24:33,2313.6,2313.6,2313.8,15,15,27
9:24:34,2313.6,2313.6,2313.8,9,13,21
9:24:34,2313.8,2313.6,2313.8,2,15,20
9:24:35,2313.8,2313.8,2314,40,41,46
9:24:35,2313.8,2313.8,2314,13,38,47
9:24:36,2314,2314,2314.2,65,31,2
9:24:36,2314.4,2314.4,2314.6,47,14,17
9:24:37,2314.6,2314.6,2314.8,27,7,25
9:24:37,2314.8,2314.6,2314.8,29,15,47
9:24:38,2314.8,2314.6,2314.8,46,12,9
9:24:38,2314.6,2314.4,2314.6,24,1,28
9:24:39,2314.8,2314.2,2314.8,42,34,1
9:24:39,2314.4,2314.4,2314.8,17,7,6
9:24:40,2314.8,2314.4,2314.8,16,8,7
9:24:40,2314.4,2314.6,2314.8,17,2,5
9:24:41,2314.8,2314.2,2314.6,59,24,2
9:24:41,2314.6,2314.2,2314.6,6,27,5
9:24:42,2314.6,2314.2,2314.6,9,20,10
9:24:42,2314.2,2314,2314.2,39,80,22
9:24:43,2314.2,2314,2314.4,25,83,10
9:24:43,2314,2314.2,2314.4,20,3,4
9:24:44,2314.4,2314.4,2314.8,19,4,26
9:24:44,2314.6,2314.4,2314.8,4,3,31
9:24:45,2314.4,2314.4,2314.8,26,7,15
9:24:45,2314.4,2314.4,2314.6,6,1,1
9:24:46,2314.6,2314.4,2314.8,6,5,13
9:24:46,2314.4,2314.2,2314.4,4,5,11
9:24:47,2314.6,2314.6,2314.8,20,5,15
9:24:47,2314.6,2314.4,2314.6,5,17,8
9:24:48,2314.4,2314.2,2314.4,34,3,23
9:24:49,2314,2313.8,2314,30,3,7
9:24:49,2314.4,2313.8,2314.4,21,6,13
9:24:50,2314.4,2313.8,2314.2,13,2,6
9:24:50,2313.6,2314,2314.2,7,1,6
9:24:51,2314.2,2313.6,2314.2,21,19,4
9:24:51,2313.8,2314.2,2314.4,19,1,12
9:24:52,2314.2,2314.2,2314.4,9,1,12
9:24:52,2313.8,2313.8,2314.2,28,2,2
9:24:53,2314,2313.8,2314,10,8,7
9:24:53,2313.8,2313.6,2313.8,9,18,1
9:24:54,2313.6,2313.6,2314,8,13,5
9:24:54,2313.6,2313.6,2313.8,3,11,1
9:24:55,2313.8,2314,2314.2,8,2,8
9:24:55,2313.6,2313.6,2314.2,8,11,13
9:24:56,2313.6,2313.6,2314.2,4,9,11
9:24:56,2314,2313.8,2314.2,3,1,14
9:24:57,2313.6,2313.4,2313.6,10,8,1
9:24:57,2314.2,2313.6,2314.2,15,1,1
9:24:58,2314.2,2313.6,2314.2,4,12,9
9:24:58,2313.8,2313.8,2314,4,2,3
9:24:59,2313.8,2313.6,2314.2,5,6,8
9:24:59,2313.6,2313.6,2314.2,15,4,5
9:25:00,2313.6,2313.8,2314.2,3,1,2
9:25:00,2314.2,2313.8,2314,28,4,6
9:25:01,2314,2313.6,2314,9,12,5
9:25:01,2313.8,2313.6,2313.8,12,12,13
9:25:02,2313.4,2313.4,2313.6,42,7,5
9:25:02,2313.4,2313.4,2313.6,4,7,5
9:25:03,2313.4,2313.2,2313.4,16,15,9
9:25:03,2313.4,2313.4,2313.6,13,15,4
9:25:04,2313.4,2313.4,2313.6,15,1,4
9:25:04,2313.4,2313.4,2313.6,11,6,4
9:25:05,2313.4,2313.4,2313.6,6,4,3
9:25:05,2313.4,2313.4,2313.6,17,4,2
9:25:06,2313,2313,2313.6,30,93,2
9:25:06,2313,2313.2,2313.4,8,5,1
9:25:07,2313.2,2313.4,2313.6,13,1,7
9:25:07,2313.2,2313.2,2313.4,7,6,1
9:25:08,2313,2313,2313.2,11,91,5
9:25:08,2313.2,2313.2,2313.4,8,3,6
9:25:09,2313,2313,2313.2,7,89,1
9:25:09,2313,2313,2313.4,12,88,30
9:25:10,2313.2,2313.2,2313.4,5,5,30
9:25:10,2313,2313,2313.2,12,84,9
9:25:11,2313,2313,2313.2,1,83,41
9:25:11,2313,2313,2313.2,35,50,41
9:25:12,2313,2312.8,2313,61,15,1
9:25:12,2312.8,2312.8,2313,23,13,2
9:25:13,2313,2312.8,2313,6,8,6
9:25:13,2312.8,2312.8,2313,10,5,3
9:25:14,2312.8,2312.8,2313,6,4,2
9:25:14,2313,2313,2313.2,3,5,45
9:25:15,2313,2312.8,2313.2,7,7,45
9:25:15,2312.8,2312.8,2313.2,11,3,43
9:25:16,2313,2312.8,2313,12,10,2
9:25:16,2313.2,2313,2313.2,3,2,36
9:25:17,2313.2,2313,2313.2,6,3,34
9:25:17,2313.2,2313,2313.2,6,8,33
9:25:18,2313,2313,2313.2,2,12,32
9:25:18,2313.2,2313,2313.2,20,13,13
9:25:19,2313.2,2313,2313.2,8,18,6
9:25:19,2313.4,2313.2,2313.4,37,57,22
9:25:20,2313.4,2313.2,2313.4,26,47,5
9:25:20,2313.2,2313.4,2313.6,12,3,10
9:25:21,2313.6,2313.4,2313.6,1,14,31
9:25:22,2313.2,2313.4,2313.6,18,1,30
9:25:22,2313.4,2313.4,2313.6,4,2,28
9:25:23,2313.4,2313.4,2313.6,12,3,22
9:25:23,2313.4,2313.4,2313.6,3,1,21
9:25:24,2313.4,2313.2,2313.4,1,31,1
9:25:24,2313.2,2313.2,2313.6,2,27,22
9:25:25,2313.2,2313.2,2313.4,4,26,1
9:25:26,2313.2,2313.2,2313.4,1,26,10
9:25:27,2313.4,2313.2,2313.4,2,24,8
9:25:27,2313.4,2313.2,2313.4,13,12,7
9:25:28,2313.2,2313.2,2313.4,5,9,6
9:25:28,2313.2,2313,2313.2,10,7,3
9:25:29,2312.8,2312.8,2313.2,14,19,3
9:25:30,2312.8,2312.8,2313.2,1,18,3
9:25:30,2313.2,2312.8,2313.4,13,8,7
9:25:31,2313,2312.8,2313.2,2,8,1
9:25:31,2312.8,2312.8,2313.2,7,5,1
9:25:32,2312.8,2312.6,2312.8,35,17,4
9:25:32,2312.8,2312.2,2312.8,41,22,8
9:25:33,2312.8,2312.2,2312.8,27,2,2
9:25:33,2312.4,2312.2,2312.6,18,1,21
9:25:34,2312.4,2312,2312.2,19,24,1
9:25:34,2312,2312,2312.4,9,24,10
9:25:35,2312.4,2312,2312.4,12,18,4
9:25:35,2312.4,2312.2,2312.4,4,4,3
9:25:36,2312.6,2312.4,2312.6,12,1,14
9:25:36,2312.6,2312.4,2312.6,1,3,8
9:25:37,2312.4,2312.2,2312.4,6,29,3
9:25:38,2312.4,2312.2,2312.6,5,29,7
9:25:38,2312.6,2312.2,2312.6,1,29,7
9:25:39,2312.6,2312.6,2312.8,10,1,1
9:25:39,2312.6,2312.4,2312.6,5,7,9
9:25:40,2312.6,2312.6,2312.8,9,4,7
9:25:40,2312.6,2312.6,2312.8,4,4,11
9:25:41,2312.6,2312.6,2312.8,2,4,30
9:25:41,2312.8,2312.6,2312.8,2,4,28
9:25:42,2312.6,2312.4,2312.8,8,20,26
9:25:42,2312.8,2312.4,2312.8,5,20,21
9:25:43,2312.8,2312.4,2312.8,4,20,19
9:25:43,2312.4,2312.4,2312.8,1,19,19
9:25:44,2312.4,2312.6,2312.8,1,2,19
9:25:44,2312.6,2312.6,2312.8,1,1,19
9:25:45,2312.4,2312.4,2312.8,4,20,20
9:25:46,2312.4,2312.6,2312.8,1,2,27
9:25:47,2312.6,2312.6,2312.8,1,3,49
9:25:47,2312.8,2312.4,2312.6,4,17,50
9:25:48,2312.4,2312.4,2312.6,5,13,83
9:25:48,2312.2,2312,2312.2,49,32,7
9:25:49,2312,2311.8,2312,40,22,24
9:25:49,2312,2311.8,2312,35,4,74
9:25:50,2311.8,2311.6,2311.8,10,31,21
9:25:50,2311.6,2311.6,2311.8,23,19,15
9:25:51,2311.8,2311.2,2311.8,53,60,6
9:25:51,2311.4,2311.4,2311.6,5,28,4
9:25:52,2311.8,2311.6,2311.8,24,10,4
9:25:52,2311.8,2311.8,2312,5,2,50
9:25:53,2311.8,2311.8,2312,10,4,46
9:25:53,2311.8,2311.8,2312,8,9,54
9:25:54,2312,2311.8,2312,5,6,53
9:25:54,2311.4,2311.2,2311.4,39,60,13
9:25:55,2311.6,2311.6,2312,21,4,55
9:25:55,2311.8,2311.6,2312,7,5,54
9:25:56,2312,2311.4,2311.8,8,11,3
9:25:56,2312,2311.4,2311.8,3,12,2
9:25:57,2311.4,2311.8,2312,7,2,52
9:25:57,2312,2311.8,2312,8,2,48
9:25:58,2312,2311.8,2312,2,2,46
9:25:58,2312,2311.8,2312,3,1,45
9:25:59,2311.8,2311.4,2311.8,1,9,4
9:25:59,2311.8,2311.4,2311.8,2,18,4
9:26:00,2311.4,2311.2,2311.4,21,66,31
9:26:00,2311.4,2311.2,2311.4,15,66,21
9:26:01,2311.2,2311.2,2311.4,28,55,5
9:26:01,2311.2,2311.2,2311.4,36,25,2
9:26:02,2312,2311.6,2312,19,2,45
9:26:02,2311.6,2311.4,2311.6,3,17,3
9:26:03,2311.4,2311.2,2311.8,28,22,3
9:26:03,2311.4,2311.6,2311.8,17,1,4
9:26:04,2311.8,2311.4,2311.8,8,17,31
9:26:04,2311.6,2311.4,2311.6,21,13,18
9:26:05,2311.6,2311.4,2311.6,6,4,18
9:26:05,2311.4,2311.2,2311.4,4,26,11
9:26:06,2311.6,2311.2,2311.6,21,18,3
9:26:06,2311.6,2311.6,2311.8,25,23,21
9:26:07,2311.2,2311,2311.2,37,89,3
9:26:07,2311.2,2311.2,2311.6,16,15,1
9:26:08,2311.4,2311.2,2311.4,14,9,4
9:26:08,2311.2,2311.2,2311.4,38,23,14
9:26:09,2311.2,2311.2,2311.4,8,16,14
9:26:09,2311.2,2311.2,2311.4,7,13,11
9:26:10,2311.4,2311.2,2311.4,5,18,16
9:26:10,2311.2,2311.2,2311.4,9,13,15
9:26:11,2311.4,2311.2,2311.4,8,13,9
9:26:11,2311.2,2311.2,2311.4,14,16,7
9:26:12,2311.4,2311.2,2311.4,5,19,4
9:26:12,2311.4,2311.4,2311.6,11,4,7
9:26:13,2311.6,2311.2,2311.6,20,2,5
9:26:13,2311.2,2311.2,2311.6,10,1,9
9:26:14,2311.2,2311.4,2311.6,3,2,11
9:26:14,2311.4,2311.2,2311.4,20,4,1
9:26:15,2311.4,2311.2,2311.6,6,7,7
9:26:15,2311.2,2311,2311.2,8,86,2
9:26:16,2311.2,2311,2311.2,17,82,2
9:26:16,2311,2311,2311.2,25,62,1
9:26:17,2311,2311,2311.2,22,52,1
9:26:17,2311.2,2311.2,2311.4,21,5,6
9:26:18,2311,2311,2311.2,15,36,30
9:26:18,2311,2311.2,2311.4,74,4,4
9:26:19,2311.2,2310.8,2311,17,59,1
9:26:19,2311.2,2311,2311.2,8,52,19
9:26:20,2311.2,2311,2311.2,14,46,10
9:26:20,2311.2,2311,2311.2,24,28,1
9:26:21,2311.2,2311,2311.2,4,25,4
9:26:21,2311,2311,2311.2,10,19,2
9:26:22,2311.2,2311,2311.2,1,27,1
9:26:22,2311.2,2311.2,2311.4,3,29,2
9:26:23,2311.2,2311.2,2311.6,27,13,6
9:26:23,2311.4,2311.4,2311.6,10,12,5
9:26:24,2311.4,2311.4,2311.6,6,8,4
9:26:24,2311.6,2311.4,2311.6,3,6,2
9:26:25,2311.4,2311.2,2311.4,8,32,11
9:26:25,2311.2,2311.2,2311.4,3,27,14
9:26:26,2311.4,2311.4,2311.6,16,6,18
9:26:26,2311.2,2311.2,2311.4,16,18,2
9:26:27,2311.4,2311.2,2311.4,2,19,1
9:26:27,2311.2,2311.2,2311.4,6,19,2
9:26:28,2311.2,2311.2,2311.4,6,29,1
9:26:28,2311.4,2311.4,2311.6,1,11,20
9:26:29,2311.6,2311.4,2311.6,2,11,21
9:26:29,2311.4,2311.4,2311.6,18,3,17
9:26:30,2311.6,2311.4,2311.6,1,12,18
9:26:30,2311.4,2311.4,2311.6,1,17,24
9:26:31,2311.6,2311.4,2311.6,5,14,23
9:26:31,2311.6,2311.4,2311.6,15,15,13
9:26:32,2311.4,2311.4,2311.6,5,12,14
9:26:32,2311.6,2311.4,2311.6,2,15,10
9:26:33,2311.4,2311.4,2311.6,10,5,22
9:26:33,2311.6,2311.4,2311.6,12,7,15
9:26:34,2311.4,2311.4,2311.6,4,5,20
9:26:34,2311.4,2311.4,2311.6,1,4,20
9:26:35,2311.6,2311.4,2311.6,2,4,18
9:26:35,2311.6,2311.6,2311.8,20,3,24
9:26:36,2311.8,2311.4,2311.8,8,3,22
9:26:36,2311.6,2311.4,2311.8,4,7,20
9:26:37,2311.6,2311.4,2311.6,11,4,2
9:26:37,2311.4,2311.4,2311.6,5,5,1
9:26:38,2311.4,2311.2,2311.4,8,28,12
9:26:38,2311.4,2311.2,2311.4,1,28,11
9:26:39,2311.6,2311.6,2311.8,24,10,21
9:26:39,2311.6,2311.2,2311.4,17,29,28
9:26:40,2311.2,2311.2,2311.4,14,25,20
9:26:40,2311.4,2311.2,2311.4,15,33,5
9:26:41,2311.2,2311.2,2311.4,23,66,1
9:26:41,2311.8,2311.4,2311.8,6,3,10
9:26:42,2311.8,2311.8,2312,19,1,21
9:26:43,2312,2311.6,2312,8,55,19
9:26:43,2311.8,2311.6,2311.8,17,44,5
9:26:44,2311.8,2311.6,2311.8,17,30,4
9:26:44,2311.8,2311.6,2311.8,3,30,1
9:26:45,2311.8,2311.8,2312,1,5,15
9:26:45,2311.8,2311.8,2312,2,14,17
9:26:46,2311.8,2311.8,2312,6,9,21
9:26:46,2312,2311.8,2312,6,9,15
9:26:47,2312,2311.8,2312,2,10,16
9:26:47,2312,2311.8,2312,4,11,12
9:26:48,2312,2311.8,2312,2,13,10
9:26:48,2311.8,2311.8,2312,10,5,13
9:26:49,2312,2312,2312.2,17,9,13
9:26:49,2312,2312,2312.2,4,45,11
9:26:50,2312.2,2312,2312.2,5,41,7
9:26:50,2312,2312,2312.2,5,41,6
9:26:51,2312.2,2312.2,2312.4,6,2,9
9:26:52,2312.2,2312.2,2312.4,1,7,12
9:26:52,2312.2,2312.2,2312.4,7,2,12
9:26:53,2312.2,2312,2312.2,5,21,21
9:26:53,2312.2,2312,2312.2,4,19,17
9:26:54,2312.2,2311.8,2312.2,33,3,15
9:26:54,2312,2311.8,2312.2,9,3,7
9:26:55,2312.2,2311.8,2312,3,3,1
9:26:55,2311.8,2311.6,2312,4,45,1
9:26:56,2312.2,2311.6,2312.2,7,44,9
9:26:57,2312.2,2311.8,2312.2,1,1,9
9:26:57,2311.8,2311.8,2312.2,2,1,10
9:26:58,2311.8,2311.6,2311.8,10,44,1
9:26:58,2312,2311.8,2312.2,2,1,12
9:26:59,2311.8,2312,2312.2,1,1,12
9:27:00,2311.8,2311.8,2312,6,1,4
9:27:00,2312,2312,2312.2,5,1,18
9:27:01,2312,2311.8,2312,12,3,40
9:27:01,2312,2311.8,2312,2,4,38
9:27:02,2312,2311.8,2312,8,2,33
9:27:02,2311.6,2311.6,2311.8,32,20,24
9:27:03,2311.6,2311.6,2312,6,16,33
9:27:03,2311.8,2311.6,2312,11,6,36
9:27:04,2311.6,2311.6,2311.8,11,6,1
9:27:04,2311.8,2311.6,2312,2,6,32
9:27:05,2311.8,2311.6,2312,1,14,33
9:27:05,2312,2311.6,2312,8,13,27
9:27:06,2312,2311.8,2312,17,16,10
9:27:07,2312,2312,2312.2,11,36,14
9:27:07,2312.2,2312.2,2312.4,14,7,10
9:27:08,2312.2,2312.2,2312.4,12,2,11
9:27:08,2312.4,2312.2,2312.4,4,2,7
9:27:09,2312.4,2312.2,2312.4,7,11,3
9:27:09,2312.6,2312.4,2312.6,6,2,35
9:27:10,2312.6,2312.4,2312.6,7,5,28
9:27:10,2312.4,2312.4,2312.6,8,3,22
9:27:11,2312.6,2312.4,2312.6,3,3,19
9:27:11,2312.6,2312.2,2312.6,18,4,13
9:27:12,2312.2,2312.2,2312.4,1,3,12
9:27:12,2312.2,2312.2,2312.4,4,3,11
9:27:13,2312.4,2312.2,2312.4,4,3,15
9:27:13,2312.4,2312.2,2312.4,5,2,11
9:27:14,2312.4,2312.2,2312.4,5,2,8
9:27:15,2312.4,2312.4,2312.6,11,4,17
9:27:15,2312.6,2312.4,2312.6,1,6,17
9:27:16,2312.6,2312.4,2312.6,1,6,16
9:27:16,2312.4,2312.4,2312.6,15,4,4
9:27:17,2312.6,2312.4,2312.8,4,7,10
9:27:17,2312.6,2312.6,2312.8,3,1,8
9:27:18,2312.6,2312.8,2313,12,1,22
9:27:18,2313,2312.8,2313,8,4,16
9:27:19,2313,2312.8,2313,11,1,9
9:27:19,2313,2313,2313.2,10,23,2
9:27:20,2313.2,2313.2,2313.4,4,7,16
9:27:20,2313.4,2313.2,2313.4,3,7,21
9:27:21,2313.2,2313,2313.2,18,44,40
9:27:21,2313.2,2313,2313.2,32,35,27
9:27:22,2313,2313,2313.2,43,15,2
9:27:22,2313,2313,2313.2,8,12,2
9:27:23,2313.4,2313.2,2313.4,13,10,18
9:27:23,2313.2,2313.2,2313.4,2,8,26
9:27:24,2313.2,2313.2,2313.4,12,1,13
9:27:24,2313.2,2313,2313.4,10,1,27
9:27:25,2313.2,2312.8,2313.2,5,5,75
9:27:25,2313,2312.8,2313,2,4,15
9:27:26,2312.8,2312.6,2312.8,6,8,2
9:27:26,2312.6,2312.4,2312.6,9,6,13
9:27:27,2312.6,2312.4,2312.8,21,1,8
9:27:27,2312.8,2312.2,2312.8,10,4,14
9:27:28,2312.2,2312.2,2312.8,3,6,4
9:27:29,2312.8,2312.6,2312.8,5,2,2
9:27:30,2312.4,2312.2,2312.8,7,13,2
9:27:31,2312.4,2312.4,2312.8,2,1,7
9:27:31,2312.4,2312.2,2312.6,2,15,3
9:27:32,2312.4,2312.2,2312.4,1,15,1
9:27:32,2312.4,2312.2,2312.6,2,23,3
9:27:33,2312.2,2312.2,2312.6,2,22,3
9:27:33,2312.2,2312.4,2312.6,1,23,4
9:27:34,2312.8,2312.6,2312.8,18,1,5
9:27:34,2312.6,2312.6,2312.8,1,1,13
9:27:35,2312.8,2312.8,2313,7,4,5
9:27:35,2312.6,2312.2,2312.8,7,23,1
9:27:36,2312.8,2312.4,2312.8,1,4,10
9:27:36,2312.8,2312.6,2312.8,2,1,9
9:27:37,2312.6,2312.6,2312.8,2,2,10
9:27:38,2312.6,2312.4,2312.8,12,16,6
9:27:38,2312.8,2312.4,2312.8,1,16,8
9:27:39,2312.4,2312.4,2312.8,4,12,10
9:27:39,2312.8,2312.4,2312.8,1,13,14
9:27:40,2312.4,2312.4,2312.8,1,12,15
9:27:40,2312.4,2312.2,2312.4,12,23,38
9:27:41,2312.4,2312.2,2312.4,8,27,31
9:27:41,2312.4,2312.2,2312.4,3,28,28
9:27:42,2312.2,2312.2,2312.4,6,22,32
9:27:42,2312.2,2312.2,2312.4,12,12,30
9:27:43,2312.4,2312.2,2312.4,7,10,25
9:27:43,2312.2,2312.2,2312.4,12,4,24
9:27:44,2312.2,2312.2,2312.4,2,3,23
9:27:44,2312.4,2312.2,2312.4,3,6,20
9:27:45,2312.2,2312.2,2312.4,3,6,19
9:27:46,2312.4,2312.4,2312.6,21,7,1
9:27:47,2312.4,2312.4,2312.6,2,7,3
9:27:47,2312.6,2312.6,2312.8,5,22,24
9:27:48,2312.8,2312.6,2312.8,10,21,20
9:27:48,2312.8,2312.8,2313,20,11,14
9:27:49,2313,2312.8,2313,10,11,7
9:27:50,2313,2313,2313.2,7,2,9
9:27:50,2313.2,2313,2313.2,3,3,8
9:27:51,2312.8,2312.8,2313.2,10,13,3
9:27:51,2313,2313,2313.2,8,5,3
9:27:52,2313,2313,2313.2,5,2,1
9:27:52,2313,2313,2313.2,1,2,2
9:27:53,2313,2312.8,2313,6,13,38
9:27:54,2312.8,2312.8,2313,11,6,36
9:27:54,2312.8,2312.6,2312.8,6,9,3
9:27:55,2312.8,2312.6,2313,7,12,37
9:27:56,2312.6,2312.6,2312.8,3,9,1
9:27:56,2312.8,2312.6,2312.8,2,8,3
9:27:57,2312.8,2312.6,2312.8,1,8,2
9:27:58,2313,2312.8,2313,4,1,41
9:27:58,2312.8,2312.8,2313,2,14,41
9:27:59,2313,2312.8,2313,2,14,39
9:28:00,2312.8,2312.8,2313,11,4,38
9:28:01,2312.8,2312.8,2313,8,5,35
9:28:01,2313,2312.6,2313,2,17,33
9:28:02,2313,2312.8,2313,10,1,25
9:28:02,2313,2312.6,2312.8,13,20,4
9:28:03,2312.8,2312.8,2313,7,5,14
9:28:03,2313,2312.8,2313,13,8,2
9:28:04,2313,2313,2313.2,4,61,13
9:28:04,2313.2,2313.2,2313.4,33,60,10
9:28:05,2313.6,2313.4,2313.6,20,62,11
9:28:05,2313.8,2313.6,2313.8,32,71,9
9:28:06,2314,2313.8,2314,34,50,45
9:28:06,2314.2,2314,2314.2,47,15,26
9:28:07,2314,2314.2,2314.4,32,2,17
9:28:07,2314.4,2314.4,2314.6,21,9,23
9:28:08,2314.4,2314.4,2314.6,29,1,32
9:28:08,2314.6,2314.6,2314.8,45,22,65
9:28:09,2314.4,2314.2,2314.8,38,10,64
9:28:09,2314.2,2314,2314.2,38,19,4
9:28:10,2314.8,2314.2,2314.8,17,54,36
9:28:10,2314.6,2314.4,2314.6,12,2,2
9:28:11,2314.6,2314.6,2314.8,24,5,52
9:28:11,2314.6,2314.6,2314.8,25,4,43
9:28:12,2314.6,2314.4,2314.6,21,4,30
9:28:12,2314.4,2314.4,2314.6,15,2,29
9:28:13,2314.4,2314.2,2314.4,5,57,6
9:28:13,2314.2,2314.2,2314.4,11,52,9
9:28:14,2314.6,2314.4,2314.6,37,2,12
9:28:14,2314.4,2314.4,2314.6,11,1,12
9:28:15,2314.4,2314.6,2314.8,24,28,38
9:28:15,2314.8,2314.6,2314.8,25,21,21
9:28:16,2314.6,2314.8,2315,44,16,112
9:28:16,2315,2314.8,2315,48,1,86
9:28:17,2314.8,2314.8,2315,30,7,63
9:28:17,2315.2,2315,2315.2,68,18,28
9:28:18,2315.2,2315,2315.2,31,9,48
9:28:18,2315,2315,2315.2,26,3,28
9:28:19,2314.8,2314.6,2315,24,2,24
9:28:19,2314.6,2314.6,2314.8,14,1,2
9:28:20,2314.8,2314.4,2314.8,12,11,78
9:28:20,2314.2,2314.2,2314.4,24,38,7
9:28:21,2314,2314,2314.2,80,1,6
9:28:21,2314.4,2314.2,2314.4,16,56,18
9:28:22,2314.6,2314.4,2314.6,32,26,10
9:28:22,2314.6,2314.6,2314.8,16,24,57
9:28:23,2314.8,2314.6,2314.8,31,6,32
9:28:23,2314.8,2314.6,2314.8,1,6,34
9:28:24,2314.6,2314.6,2314.8,14,3,28
9:28:24,2314.8,2314.4,2314.8,18,10,13
9:28:25,2314.4,2314.4,2314.6,18,9,10
9:28:25,2314.8,2314.6,2314.8,14,4,1
9:28:26,2314.6,2314.6,2314.8,6,3,2
9:28:26,2314.6,2314.6,2315,11,18,30
9:28:27,2314.8,2314.6,2314.8,22,26,13
9:28:27,2314.8,2314.8,2315,14,11,59
9:28:28,2314.8,2314.8,2315,16,19,43
9:28:28,2314.8,2314.8,2315,9,17,43
9:28:29,2315,2314.8,2315,18,8,42
9:28:29,2314.8,2314.8,2315,2,9,41
9:28:30,2314.8,2314.6,2314.8,12,28,64
9:28:30,2314.6,2314.6,2314.8,27,9,78
9:28:31,2314.4,2314.2,2314.4,38,4,18
9:28:31,2314.2,2314,2314.2,12,16,20
9:28:32,2314,2314,2314.2,9,12,17
9:28:32,2314,2314,2314.2,6,9,15
9:28:33,2314.2,2314,2314.2,8,5,11
9:28:33,2314.2,2314,2314.2,3,6,9
9:28:34,2314,2314,2314.2,8,8,5
9:28:34,2314.2,2314,2314.4,8,15,27
9:28:35,2314,2314.2,2314.4,23,11,26
9:28:35,2314.2,2314.2,2314.4,11,3,25
9:28:36,2314.2,2314.2,2314.4,3,6,21
9:28:37,2314.4,2314.2,2314.4,2,6,21
9:28:37,2314.2,2314.2,2314.4,5,2,11
9:28:38,2314.2,2314,2314.4,3,3,11
9:28:38,2314.2,2314,2314.4,3,3,9
9:28:39,2314,2314,2314.2,2,2,10
9:28:39,2314.2,2314,2314.2,1,2,9
9:28:40,2314.2,2314,2314.2,6,2,6
9:28:40,2314,2314,2314.4,12,21,13
9:28:41,2314,2314.2,2314.4,4,21,13
9:28:41,2314.4,2314.2,2314.4,5,20,9
9:28:42,2314.2,2314.2,2314.6,12,19,11
9:28:42,2314.2,2314.4,2314.6,2,3,11
9:28:43,2314.6,2314.4,2314.6,1,4,10
9:28:43,2314.6,2314.4,2314.6,2,8,9
9:28:44,2314.4,2314.4,2314.6,1,10,9
9:28:44,2314.6,2314.4,2314.8,15,11,75
9:28:45,2314.8,2314.4,2314.8,2,11,89
9:28:45,2314.4,2314.4,2314.6,4,8,10
9:28:46,2314.4,2314.2,2314.4,10,24,6
9:28:46,2314.2,2314.2,2314.8,29,31,81
9:28:47,2314.2,2314.2,2314.6,5,29,4
9:28:47,2314.6,2314.4,2314.6,2,1,2
9:28:48,2314.6,2314.4,2314.6,1,1,1
9:28:48,2314.4,2314.4,2314.6,5,2,4
9:28:49,2314.4,2314.2,2314.6,4,36,4
9:28:49,2314.4,2314.2,2314.6,3,35,5
9:28:50,2314.6,2314.2,2314.4,2,35,1
9:28:50,2314.6,2314.2,2314.6,1,52,9
9:28:51,2314.6,2314.2,2314.6,5,46,3
9:28:52,2314.4,2314.2,2314.4,3,46,8
9:28:53,2314.4,2314.2,2314.4,3,45,10
9:28:53,2314.4,2314.2,2314.4,8,48,2
9:28:54,2314.4,2314.2,2314.4,2,49,2
9:28:54,2314.4,2314.2,2314.4,4,45,7
9:28:55,2314.4,2314.4,2314.6,12,15,7
9:28:55,2314.4,2314.4,2314.6,10,5,7
9:28:56,2314.6,2314.4,2314.6,8,2,7
9:28:56,2314.4,2314.4,2314.6,1,3,7
9:28:57,2314.2,2314.2,2314.6,12,57,4
9:28:57,2314.4,2314.4,2314.6,1,3,4
9:28:58,2314.6,2314.4,2314.6,4,3,6
9:28:58,2314.4,2314.4,2314.6,1,9,7
9:28:59,2314.4,2314.4,2314.6,10,1,8
9:28:59,2314.6,2314.2,2314.6,4,59,7
9:29:00,2314.6,2314.4,2314.6,5,1,13
9:29:00,2314.6,2314.2,2314.4,23,45,1
9:29:01,2314.6,2314.2,2314.4,7,50,1
9:29:01,2314.4,2314.2,2314.4,7,49,4
9:29:02,2314.2,2314.2,2314.4,9,44,25
9:29:02,2314.2,2314,2314.2,49,37,5
9:29:03,2314,2314,2314.2,16,25,61
9:29:03,2314,2313.8,2314.2,25,59,63
9:29:04,2313.8,2313.8,2314,51,8,5
9:29:04,2314,2314,2314.2,11,5,14
9:29:05,2313.8,2313.4,2313.8,30,30,61
9:29:05,2313.6,2313.6,2313.8,18,13,55
9:29:06,2313.8,2313.6,2313.8,30,13,29
9:29:06,2313.8,2313.6,2313.8,19,6,19
9:29:07,2313.2,2313.2,2313.6,72,14,1
9:29:07,2313.8,2313.6,2313.8,13,14,14
9:29:08,2313.6,2313.6,2313.8,9,9,11
9:29:08,2313.8,2313.6,2313.8,11,2,7
9:29:09,2313.8,2313.6,2314,10,8,20
9:29:09,2313.6,2313.6,2314,4,7,20
9:29:10,2313.8,2313.8,2314,8,4,20
9:29:11,2313.8,2313.8,2314,1,5,20
9:29:11,2313.6,2313.6,2313.8,6,8,72
9:29:12,2313.6,2313.6,2313.8,4,7,69
9:29:12,2313.6,2313.4,2313.6,9,17,20
9:29:13,2313.8,2313.6,2313.8,19,1,71
9:29:13,2313.8,2313.4,2313.6,1,10,1
9:29:14,2313.4,2313.2,2313.4,19,18,23
9:29:14,2313.4,2313.2,2313.4,14,17,18
9:29:15,2313.2,2313.2,2313.4,19,2,14
9:29:15,2313.2,2313,2313.2,7,19,4
9:29:16,2313.2,2313,2313.2,4,17,2
9:29:16,2313,2313,2313.2,5,13,3
9:29:17,2313.2,2313,2313.4,3,14,18
9:29:17,2313.2,2313,2313.2,5,13,3
9:29:18,2313,2313.2,2313.4,19,18,18
9:29:18,2313.4,2313.4,2313.6,37,2,11
9:29:19,2313.6,2313.6,2313.8,15,19,111
9:29:19,2313.4,2313.2,2313.4,25,18,5
9:29:20,2313.4,2313.2,2313.4,8,22,1
9:29:20,2313.2,2313.4,2313.8,14,5,108
9:29:21,2313.8,2313.4,2313.8,1,5,108
9:29:21,2313.4,2313.4,2313.6,3,13,3
9:29:22,2313.6,2313.6,2313.8,7,14,108
9:29:22,2313.6,2313.6,2313.8,5,13,109
9:29:23,2313.8,2313.6,2313.8,6,10,106
9:29:24,2313.8,2313.6,2313.8,1,13,101
9:29:25,2313.6,2313.6,2313.8,13,16,98
9:29:25,2313.8,2313.6,2313.8,22,6,27
9:29:26,2314,2314,2314.2,66,4,7
9:29:26,2314.4,2314.4,2314.6,61,5,18
9:29:27,2314.4,2314.2,2314.4,23,1,6
9:29:28,2314.4,2314.2,2314.4,9,3,8
9:29:28,2314.4,2314.2,2314.4,6,3,3
9:29:29,2314.4,2314.2,2314.4,2,3,2
9:29:29,2314.2,2314.2,2314.4,3,3,1
9:29:30,2314.4,2314.4,2314.6,2,8,2
9:29:30,2314.4,2314.4,2314.6,5,3,2
9:29:31,2314.6,2314.4,2314.6,1,16,1
9:29:31,2314.6,2314.6,2314.8,3,3,32
9:29:32,2314.6,2314.6,2314.8,14,1,24
9:29:32,2314.8,2314.6,2314.8,10,2,14
9:29:33,2314.8,2314.8,2315,15,9,63
9:29:34,2315,2314.8,2315,32,30,34
9:29:34,2315.2,2315,2315.2,49,23,19
9:29:35,2315.4,2315,2315.4,43,23,7
9:29:35,2315.2,2315.2,2315.6,27,18,22
9:29:36,2315.6,2315.4,2315.6,43,4,11
9:29:36,2315.6,2315.4,2315.8,34,1,46
9:29:37,2315.4,2315,2315.4,21,19,17
9:29:37,2315.6,2315.6,2315.8,22,2,36
9:29:38,2315.4,2315.2,2315.4,24,1,1
9:29:38,2315.4,2315.2,2315.4,23,9,2
9:29:39,2315.8,2315,2315.8,27,17,22
9:29:39,2315.4,2315.4,2315.6,10,29,2
9:29:40,2315.8,2315.6,2315.8,14,34,36
9:29:40,2316,2315.8,2316.2,76,11,6
9:29:41,2316.2,2316.2,2316.4,23,6,32
9:29:41,2316.4,2316,2316.4,77,23,12
9:29:42,2316.6,2316.4,2316.6,56,32,17
9:29:42,2316.4,2316.4,2316.6,91,15,19
9:29:43,2316.4,2316.2,2316.4,38,1,7
9:29:43,2315.8,2315.8,2316.2,51,6,12
9:29:44,2316.4,2315.6,2316.4,89,36,51
9:29:44,2316.2,2315.8,2316.2,38,20,8
9:29:45,2315.8,2315.8,2316.2,33,11,10
9:29:45,2315.8,2315.8,2316,10,6,1
9:29:46,2315.8,2315.6,2315.8,20,30,2
9:29:46,2315.6,2315.6,2315.8,20,22,17
9:29:47,2315.6,2315.4,2315.6,58,35,8
9:29:47,2315.6,2315.4,2315.8,42,5,13
9:29:48,2315,2314.8,2315.4,26,3,2
9:29:48,2314.8,2315,2315.2,13,3,1
9:29:49,2315,2315,2315.4,5,32,20
9:29:49,2315,2315.2,2315.4,21,1,14
9:29:50,2315.2,2315.2,2315.4,11,11,9
9:29:50,2315.2,2315.2,2315.4,12,1,6
9:29:51,2315.4,2315.2,2315.4,8,25,3
9:29:51,2315.2,2315.2,2315.6,13,16,8
9:29:52,2315.2,2315.2,2315.6,5,14,13
9:29:52,2315.2,2315.2,2315.6,8,9,46
9:29:53,2315,2314.8,2315,26,8,28
9:29:53,2314.6,2314.6,2314.8,16,2,18
9:29:54,2314.6,2314.2,2314.6,22,10,4
9:29:54,2314.6,2314.4,2314.6,16,2,2
9:29:55,2314.6,2314.4,2314.8,5,1,7
9:29:55,2314.2,2314.2,2314.4,5,14,14
9:29:56,2314.2,2314.2,2314.4,21,6,9
9:29:56,2314.4,2314,2314.2,14,6,1
9:29:57,2314,2314,2314.4,13,1,6
9:29:57,2314.4,2313.8,2314.4,13,24,5
9:29:58,2314.4,2314.2,2314.4,6,1,16
9:29:58,2313.8,2314,2314.4,10,8,11
9:29:59,2314,2313.8,2314,30,22,2
9:29:59,2313.8,2313.8,2314,17,12,6
9:30:00,2313.8,2313.8,2314,17,3,5
9:30:00,2313.8,2313.8,2314.4,52,1,2
9:30:01,2314.2,2314.2,2314.4,31,66,7
9:30:01,2314.6,2314.4,2314.6,29,6,1
9:30:02,2314.6,2314.6,2314.8,7,32,28
9:30:02,2314.6,2314.6,2314.8,6,39,28
9:30:03,2314.6,2314.6,2314.8,10,27,21
9:30:03,2314.6,2314.6,2315,29,19,50
9:30:04,2314.8,2314.4,2314.8,21,12,5
9:30:04,2314.4,2314.4,2314.6,9,10,3
9:30:05,2314.8,2314.8,2315,27,30,50
9:30:05,2314.4,2314.4,2314.8,57,5,7
9:30:06,2314.6,2314.4,2314.8,5,5,13
9:30:06,2314.6,2314.4,2314.6,9,2,1
9:30:07,2314.2,2314.2,2314.4,3,65,8
9:30:07,2314.2,2314.2,2314.6,32,50,2
9:30:08,2314.4,2314.4,2314.8,3,4,17
9:30:08,2314.2,2314.2,2314.4,15,42,1
9:30:09,2314.4,2314.4,2314.8,3,3,22
9:30:09,2314.2,2314.2,2314.4,10,40,29
9:30:10,2314.4,2314.2,2314.4,3,40,26
9:30:10,2314.2,2314.2,2314.4,38,5,60
9:30:11,2314.4,2314,2314.2,12,24,23
9:30:11,2314,2314,2314.2,14,15,24
9:30:12,2314,2313.8,2314,17,26,5
9:30:12,2313.8,2313.8,2314,19,12,3
9:30:13,2313.8,2313.8,2314,18,3,3
9:30:13,2313.8,2313.6,2313.8,19,12,30
9:30:14,2313.8,2313.6,2313.8,23,6,17
9:30:14,2313.8,2313.8,2314,27,25,6
9:30:15,2314,2314,2314.2,10,11,17
9:30:15,2314.2,2314,2314.2,9,32,8
9:30:16,2314,2314.2,2314.4,13,4,55
9:30:16,2314.4,2314.2,2314.4,17,10,38
9:30:17,2314.4,2314.2,2314.4,14,2,36
9:30:17,2314,2314,2314.2,13,18,3
9:30:18,2314.2,2314,2314.2,3,18,1
9:30:18,2314.2,2314,2314.2,5,17,7
9:30:19,2314,2314,2314.2,5,13,9
9:30:19,2314.2,2314,2314.2,14,11,1
9:30:20,2314.2,2314,2314.2,1,11,6
9:30:21,2314,2313.8,2314,11,9,2
9:30:21,2314.2,2313.8,2314.2,5,7,5
9:30:22,2313.8,2313.6,2313.8,17,20,7
9:30:22,2313.6,2313.6,2313.8,5,16,7
9:30:23,2313.8,2313.6,2313.8,6,13,4
9:30:23,2313.8,2313.6,2313.8,11,7,2
9:30:24,2313.6,2313.4,2313.6,15,33,20
9:30:24,2313.6,2313.4,2313.6,18,33,4
9:30:25,2313.4,2313.4,2313.6,23,16,13
9:30:25,2313.6,2313.2,2313.4,23,32,1
9:30:26,2313.2,2313.4,2313.6,10,1,9
9:30:26,2313.2,2313.2,2313.4,4,21,3
9:30:27,2313.4,2313.4,2313.6,10,2,12
9:30:27,2313.2,2313.2,2313.4,10,19,2
9:30:28,2313.4,2313.2,2313.6,6,20,5
9:30:28,2313.2,2313.2,2313.8,13,22,8
9:30:29,2313.4,2313.4,2313.8,4,2,8
9:30:29,2313.4,2313.2,2313.4,17,21,8
9:30:30,2313.4,2313.2,2313.4,7,31,2
9:30:30,2313.8,2313.2,2313.8,12,32,3
9:30:31,2313.4,2313.4,2313.8,3,4,18
9:30:31,2313.8,2313.6,2313.8,14,20,10
9:30:32,2313.8,2313.2,2313.8,30,35,10
9:30:32,2313.4,2313.4,2313.6,1,2,13
9:30:33,2313.6,2313.4,2313.6,5,5,10
9:30:33,2313.4,2313.4,2313.6,3,4,12
9:30:34,2313.6,2313.4,2313.6,3,6,12
9:30:34,2313.4,2313.4,2313.6,1,14,13
9:30:35,2313.4,2313.4,2313.6,11,10,13
9:30:35,2313.2,2313.2,2313.4,12,26,43
9:30:36,2313.2,2313.2,2313.4,4,41,43
9:30:36,2313.4,2313.2,2313.4,37,12,35
9:30:37,2313.4,2313.2,2313.4,11,8,28
9:30:37,2313.2,2313,2313.2,14,67,35
9:30:38,2313.2,2313,2313.2,18,70,23
9:30:38,2313,2313,2313.2,38,39,17
9:30:39,2313,2312.8,2313,46,18,85
9:30:39,2312.6,2312.6,2312.8,34,20,36
9:30:40,2312.6,2312.6,2312.8,29,4,26
9:30:40,2312.6,2312.4,2312.6,25,31,8
9:30:41,2312.8,2312.8,2313,30,11,91
9:30:41,2312.4,2312.4,2312.6,82,7,7
9:30:42,2312.6,2312.4,2312.6,3,9,5
9:30:42,2312.4,2312.4,2312.6,30,1,1
9:30:43,2312.6,2312.6,2312.8,11,18,36
9:30:43,2312.4,2312.2,2312.4,46,46,1
9:30:44,2312.2,2312.2,2312.6,9,43,20
9:30:44,2312.4,2312.2,2312.4,42,22,41
9:30:45,2312.2,2312.2,2312.4,18,10,37
9:30:45,2312.2,2312,2312.2,17,54,23
9:30:46,2312.2,2312,2312.2,61,30,1
9:30:46,2312,2312,2312.2,12,23,6
9:30:47,2312,2311.8,2312,33,18,2
9:30:47,2311.8,2311.6,2311.8,31,40,15
9:30:48,2312.2,2311.8,2312.2,25,3,12
9:30:48,2312.2,2311.8,2312.2,15,1,22
9:30:49,2312,2312,2312.2,5,1,25
9:30:49,2312.2,2311.8,2312,20,20,11
9:30:50,2312,2311.8,2312,11,16,30
9:30:50,2311.8,2311.8,2312,13,13,28
9:30:51,2312,2312,2312.2,32,50,21
9:30:51,2312,2312,2312.2,39,31,8
9:30:52,2312.2,2312,2312.2,30,16,8
9:30:52,2312.6,2312.2,2312.6,38,15,3
9:30:53,2312.4,2312.4,2312.6,7,11,7
9:30:53,2312.4,2312.2,2312.4,12,22,6
9:30:54,2312.4,2312.2,2312.4,2,23,4
9:30:54,2312.4,2312.2,2312.4,9,17,1
9:30:55,2312.2,2312.2,2312.4,2,18,3
9:30:55,2312.2,2312.2,2312.4,7,16,4
9:30:56,2312.2,2312.2,2312.4,13,4,4
9:30:56,2312.4,2312.2,2312.4,5,3,7
9:30:57,2312.2,2312,2312.6,13,24,22
9:30:58,2312.4,2312.2,2312.4,15,8,3
9:30:58,2312.4,2312.2,2312.6,6,18,35
9:30:59,2312.4,2312.2,2312.6,5,28,33
9:30:59,2312.2,2312.2,2312.6,4,26,33
9:31:00,2312.2,2312.4,2312.6,8,1,33
9:31:00,2312.2,2312.2,2312.4,34,15,13
9:31:01,2312.2,2312.2,2312.4,14,9,12
9:31:01,2312,2312,2312.2,14,27,14
9:31:02,2312.2,2312,2312.2,19,26,7
9:31:02,2312,2312,2312.2,13,29,2
9:31:03,2312.4,2312.2,2312.4,13,6,6
9:31:03,2312.2,2311.8,2312.4,49,14,8
9:31:04,2311.8,2311.8,2312.2,4,17,7
9:31:04,2312.2,2312,2312.2,4,1,5
9:31:05,2312,2311.8,2312,5,17,4
9:31:05,2312.2,2312,2312.2,17,1,6
9:31:06,2312,2311.8,2312,6,13,3
9:31:06,2312,2311.8,2312,4,13,43
9:31:07,2311.8,2311.6,2311.8,13,22,14
9:31:07,2311.6,2311.6,2311.8,40,10,5
9:31:08,2311.6,2311.4,2311.6,22,13,6
9:31:08,2311.4,2311.6,2311.8,33,2,6
9:31:09,2311.6,2311.2,2311.8,6,87,5
9:31:09,2311.2,2311.2,2311.6,15,84,7
9:31:10,2311.6,2311.4,2311.6,16,4,6
9:31:10,2311.4,2311.4,2311.6,74,2,2
9:31:11,2311.4,2311,2311.2,26,45,1
9:31:11,2311.2,2311,2311.2,12,37,6
9:31:12,2311.2,2311,2311.2,35,14,4
9:31:12,2311.2,2311.2,2311.4,33,37,23
9:31:13,2311,2311,2311.4,45,6,26
9:31:13,2311.2,2311,2311.2,10,27,8
9:31:14,2311,2311,2311.2,19,17,1
9:31:14,2311.2,2311.2,2311.4,23,10,26
9:31:15,2311.2,2311.2,2311.4,12,3,27
9:31:15,2311.2,2311,2311.4,12,17,20
9:31:16,2311.2,2310.8,2311.2,31,27,10
9:31:16,2311.2,2311,2311.4,48,20,18
9:31:17,2310.8,2310.6,2310.8,43,22,2
9:31:17,2310.8,2310.6,2310.8,18,16,1
9:31:18,2310.6,2310.4,2310.6,35,23,44
9:31:18,2310.4,2310.2,2310.4,81,26,3
9:31:19,2310.2,2310.2,2310.4,40,15,2
9:31:19,2310.2,2310,2310.2,49,142,4
9:31:20,2310,2310,2311,42,141,2
9:31:20,2310,2310.2,2310.4,87,5,15
9:31:21,2310.4,2310.2,2310.4,30,12,13
9:31:21,2310.2,2310,2310.4,43,111,13
9:31:22,2310.2,2310,2310.2,29,89,1
9:31:22,2310,2310,2310.2,17,85,2
9:31:23,2310.2,2310.2,2310.4,29,16,12
9:31:23,2310.4,2310.2,2310.4,11,14,18
9:31:24,2310.2,2310.2,2310.6,84,3,2
9:31:24,2310.6,2310.4,2310.6,8,1,16
9:31:25,2310.4,2310.2,2310.4,15,12,24
9:31:25,2310.2,2310.2,2310.4,14,10,20
9:31:26,2310.2,2310.2,2310.4,12,1,20
9:31:26,2310.2,2310,2310.4,9,76,22
9:31:27,2310.2,2310,2310.2,6,77,13
9:31:27,2310.2,2310.2,2310.4,33,10,23
9:31:28,2310,2310,2310.4,49,52,40
9:31:28,2310.2,2310.2,2310.4,12,6,39
9:31:29,2310.2,2310,2310.2,36,47,4
9:31:29,2310,2310,2310.2,28,30,7
9:31:30,2310.2,2310,2310.2,12,27,2
9:31:30,2310.2,2310.2,2310.4,33,1,9
9:31:31,2310,2310,2310.2,13,7,4
9:31:31,2309.8,2309.8,2310.2,48,7,1
9:31:32,2310,2309.8,2310,19,2,3
9:31:32,2310,2310,2310.2,18,19,13
9:31:33,2310.2,2309.8,2310,31,1,1
9:31:33,2310,2310,2310.2,3,4,11
9:31:34,2310.2,2310,2310.2,12,11,2
9:31:34,2310.2,2310.2,2310.4,7,9,9
9:31:35,2310.2,2310.2,2310.4,5,20,9
9:31:35,2310.2,2310.2,2310.4,13,21,5
9:31:36,2310.6,2310.4,2310.6,11,25,16
9:31:36,2310.6,2310.4,2310.6,10,20,17
9:31:37,2310.6,2310.4,2310.6,6,16,15
9:31:37,2310.2,2310.2,2310.6,42,20,1
9:31:38,2310.4,2310.2,2310.4,16,20,22
9:31:38,2310.4,2310.2,2310.4,15,15,9
9:31:39,2310.2,2310,2310.4,24,45,1
9:31:39,2310.4,2310,2310.2,11,48,35
9:31:40,2310.2,2310,2310.2,33,75,5
9:31:40,2310.4,2310.2,2310.4,25,4,2
9:31:41,2310.2,2310.4,2310.6,24,1,5
9:31:41,2310.4,2310.4,2310.6,3,19,8
9:31:42,2310.6,2310.4,2310.6,18,10,2
9:31:42,2310.4,2310.2,2310.4,18,32,4
9:31:43,2310.4,2310.2,2310.4,2,42,48
9:31:43,2310.4,2310.2,2310.4,4,38,50
9:31:44,2310.4,2310.2,2310.4,25,17,40
9:31:44,2310.2,2310.2,2310.4,22,3,36
9:31:45,2310.4,2310,2310.4,16,83,29
9:31:45,2310,2310.4,2310.6,71,1,2
9:31:46,2310.2,2310.4,2310.6,7,1,1
9:31:46,2310.4,2310,2310.4,11,76,2
9:31:47,2310.2,2310.2,2310.4,15,6,3
9:31:47,2310.2,2310.2,2310.4,10,4,7
9:31:48,2310,2310.2,2310.4,35,10,11
9:31:48,2310.2,2310,2310.2,33,47,1
9:31:49,2310.4,2310.2,2310.4,17,1,17
9:31:49,2310.4,2310,2310.2,6,49,1
9:31:50,2310.2,2310,2310.2,5,51,2
9:31:50,2310.2,2310.2,2310.4,4,2,12
9:31:51,2310,2310.2,2310.4,40,1,10
9:31:51,2310.2,2310,2310.4,39,27,15
9:31:52,2310,2310.2,2310.4,3,7,17
9:31:52,2310.4,2310.2,2310.4,8,13,26
9:31:53,2310.4,2310.2,2310.4,11,21,23
9:31:53,2310.4,2310.2,2310.4,12,12,21
9:31:54,2310.2,2310,2310.2,38,45,20
9:31:54,2310.2,2310,2310.2,4,45,47
9:31:55,2310.2,2310,2310.2,3,48,47
9:31:55,2310,2310,2310.2,18,34,68
9:31:56,2310,2310,2310.2,26,13,66
9:31:56,2310,2310,2310.2,20,6,59
9:31:57,2310.2,2310,2310.2,56,8,7
9:31:57,2309.8,2309.8,2310,27,20,27
9:31:58,2310,2309.8,2310,21,20,7
9:31:58,2310,2309.8,2310,5,20,3
9:31:59,2309.8,2309.8,2310.2,32,3,21
9:31:59,2309.8,2309.8,2310,2,20,18
9:32:00,2310,2309.8,2310,21,8,10
9:32:00,2309.8,2309.6,2309.8,14,30,8
9:32:01,2309.8,2309.6,2309.8,11,44,3
9:32:01,2309.8,2309.6,2309.8,16,38,4
9:32:02,2309.8,2309.8,2310,17,26,7
9:32:02,2309.8,2309.8,2310,27,13,6
9:32:03,2310,2310,2310.2,18,11,24
9:32:03,2310.2,2310,2310.2,8,8,22
9:32:04,2310.2,2310,2310.2,9,8,14
9:32:04,2309.6,2309.4,2309.6,75,9,2
9:32:05,2309.6,2309.6,2309.8,28,8,2
9:32:05,2309.6,2309.6,2309.8,57,28,16
9:32:06,2309.6,2309.6,2309.8,34,3,8
9:32:06,2310,2309.8,2310,30,29,21
9:32:07,2310,2309.8,2310,7,37,19
9:32:07,2310,2309.8,2310,2,39,20
9:32:08,2310,2309.8,2310,16,40,5
9:32:08,2310,2310,2310.2,9,6,7
9:32:09,2310.2,2310,2310.2,7,32,2
9:32:09,2310.4,2310.2,2310.4,8,8,29
9:32:10,2310.2,2310.2,2310.4,10,1,15
9:32:10,2310.4,2310,2310.4,21,52,10
9:32:11,2310.4,2310.4,2310.6,13,9,23
9:32:11,2310.6,2310.4,2310.6,10,8,22
9:32:12,2310.6,2310.4,2310.8,16,10,18
9:32:12,2310.8,2310.4,2310.8,4,10,17
9:32:13,2310.8,2310.4,2310.8,7,17,42
9:32:13,2310.8,2310.4,2310.6,6,16,16
9:32:14,2310.6,2310.4,2310.6,15,5,22
9:32:14,2310.6,2310.4,2310.6,5,4,26
9:32:15,2310.4,2310.4,2310.6,20,7,14
9:32:15,2310,2310,2310.6,65,17,12
9:32:16,2310.6,2310.6,2310.8,17,1,49
9:32:16,2310.6,2310,2310.6,7,25,11
9:32:17,2310,2310.4,2310.6,3,3,10
9:32:17,2310.6,2310.4,2310.6,10,17,4
9:32:18,2310.6,2310.4,2310.6,7,6,8
9:32:18,2310.6,2310.2,2310.4,13,28,1
9:32:19,2310.2,2310.2,2310.4,6,22,1
9:32:19,2310.4,2310.2,2310.4,1,23,4
9:32:20,2310.4,2310.4,2310.6,12,16,13
9:32:20,2310.6,2310.4,2310.6,11,10,14
9:32:21,2310.6,2310.2,2310.6,3,17,14
9:32:21,2310.2,2310.2,2310.4,7,16,2
9:32:22,2310.6,2310.4,2310.6,7,2,13
9:32:22,2310.4,2310.2,2310.4,3,14,3
9:32:23,2310.6,2310.2,2310.6,10,13,13
9:32:23,2310.4,2310.2,2310.6,2,13,13
9:32:24,2310.2,2310.2,2310.6,10,3,15
9:32:24,2310.6,2310.2,2310.6,2,4,14
9:32:25,2310.2,2310.2,2310.6,5,1,13
9:32:25,2310.4,2310,2310.2,6,44,2
9:32:26,2310.4,2310.2,2310.6,9,5,14
9:32:26,2310.2,2310,2310.2,8,51,4
9:32:27,2310.2,2310.2,2310.6,6,4,15
9:32:27,2310.4,2310.4,2310.6,8,11,13
9:32:28,2310.4,2310.4,2310.6,12,3,11
9:32:28,2310.6,2310.2,2310.6,8,11,9
9:32:29,2310.6,2310.2,2310.6,9,8,18
9:32:29,2310.2,2310.2,2310.6,5,8,17
9:32:30,2310.6,2310.2,2310.6,5,7,17
9:32:30,2310.2,2310.2,2310.6,2,7,17
9:32:31,2310.2,2310.2,2310.6,3,6,17
9:32:31,2310.2,2310.2,2310.6,2,4,18
9:32:32,2310.6,2310.2,2310.6,9,1,14
9:32:32,2310.2,2310,2310.4,2,59,3
9:32:33,2310.6,2310.4,2310.6,5,3,13
9:32:33,2310.4,2310.4,2310.6,5,5,14
9:32:34,2310.6,2310,2310.4,10,72,1
9:32:34,2310.6,2310.4,2310.6,3,1,12
9:32:35,2310.4,2310.4,2310.6,1,1,16
9:32:35,2310.2,2310.2,2310.4,4,6,2
9:32:36,2310.4,2310.4,2310.6,5,5,25
9:32:36,2310.2,2310.2,2310.6,8,7,26
9:32:37,2310.2,2310.2,2310.4,5,5,7
9:32:37,2310.6,2310.4,2310.6,9,1,25
9:32:38,2310.2,2310.2,2310.4,6,5,1
9:32:38,2310.2,2310.2,2310.4,11,1,1
9:32:39,2310.4,2310.2,2310.4,3,10,13
9:32:40,2310.2,2310,2310.2,14,88,21
9:32:40,2310.2,2310,2310.2,3,88,19
9:32:41,2310,2310,2310.2,5,83,24
9:32:42,2310.2,2310,2310.2,16,73,20
9:32:42,2310,2310,2310.2,6,69,13
9:32:43,2310.2,2310,2310.2,8,66,16
9:32:43,2310,2310,2310.2,20,53,10
9:32:44,2310,2310,2310.2,6,49,9
9:32:44,2310.2,2310,2310.2,11,46,1
9:32:45,2310,2310,2310.4,6,41,12
9:32:45,2310.4,2310.2,2310.4,3,5,11
9:32:46,2310.2,2310.2,2310.4,5,1,12
9:32:46,2310.2,2310.2,2310.4,2,10,12
9:32:47,2310.2,2310.2,2310.4,6,6,11
9:32:47,2310.4,2310.2,2310.4,4,11,11
9:32:48,2310.2,2310,2310.2,22,35,15
9:32:48,2310.2,2310,2310.2,16,34,2
9:32:49,2310,2310,2310.2,3,33,4
9:32:49,2310,2310,2310.2,10,29,9
9:32:50,2310,2310,2310.2,9,20,16
9:32:50,2310,2310,2310.2,27,2,18
9:32:51,2310,2309.8,2310,6,49,24
9:32:51,2310,2309.8,2310,5,47,36
9:32:52,2310,2309.8,2310,7,45,33
9:32:52,2309.8,2309.8,2310,19,28,32
9:32:53,2309.8,2309.8,2310,3,25,33
9:32:53,2310,2309.8,2310,25,5,31
9:32:54,2309.8,2309.8,2310,10,5,31
9:32:54,2310,2309.8,2310,4,4,31
9:32:55,2310,2309.8,2310,26,4,7
9:32:55,2309.8,2309.6,2309.8,8,16,12
9:32:56,2309.8,2309.6,2309.8,11,13,7
9:32:56,2309.6,2309.6,2309.8,8,12,1
9:32:57,2309.8,2309.8,2310,3,2,6
9:32:57,2309.6,2309.8,2310,15,3,5
9:32:58,2309.8,2309.6,2309.8,5,9,4
9:32:58,2309.6,2309.6,2309.8,15,1,2
9:32:59,2309.6,2309.4,2309.6,24,1,6
9:32:59,2309.2,2309.6,2309.8,24,1,2
9:33:00,2309.6,2309.2,2309.4,11,29,1
9:33:00,2309.4,2309.4,2309.6,19,8,21
9:33:01,2309.4,2309,2309.2,46,47,6
9:33:01,2309,2309,2309.4,34,29,18
9:33:02,2309.4,2309,2309.2,33,8,5
9:33:02,2309,2308.8,2309,36,70,2
9:33:03,2308.8,2308.8,2309.2,23,73,5
9:33:03,2309,2309,2309.6,76,15,5
9:33:04,2309,2309.2,2309.6,40,12,31
9:33:04,2309.2,2309.2,2309.6,11,1,25
9:33:05,2309.4,2309,2309.4,9,20,16
9:33:05,2309.2,2309.2,2309.4,13,1,13
9:33:06,2309,2308.8,2309.2,29,51,4
9:33:06,2308.8,2308.8,2309.2,15,45,3
9:33:07,2309.2,2308.8,2309.2,6,41,18
9:33:07,2309.2,2308.8,2309.2,12,36,12
9:33:08,2308.8,2308.8,2309.2,29,30,3
9:33:08,2309,2309,2309.4,6,2,6
9:33:09,2309.4,2309.2,2309.4,10,2,7
9:33:09,2309.4,2309.4,2309.6,22,7,21
9:33:10,2309.4,2309.4,2309.6,6,1,21
9:33:10,2308.8,2309.4,2309.6,18,1,23
9:33:11,2309,2309,2309.2,4,18,1
9:33:11,2309.6,2309,2309.6,4,26,26
9:33:12,2309.2,2309.2,2309.6,1,1,27
9:33:12,2309,2309.2,2309.4,8,2,5
9:33:13,2309.4,2309.2,2309.4,8,7,4
9:33:14,2309.4,2309.2,2309.4,3,5,13
9:33:14,2309.2,2309.2,2309.4,8,4,9
9:33:15,2309.4,2309.2,2309.4,6,3,12
9:33:15,2309.4,2309.2,2309.4,5,13,9
9:33:16,2309.2,2309.2,2309.4,7,6,8
9:33:16,2309.6,2309.4,2309.6,10,40,27
9:33:17,2309.4,2309.4,2309.6,18,25,28
9:33:17,2309.6,2309.4,2309.6,16,16,25
9:33:18,2309.4,2309.4,2309.6,14,7,20
9:33:18,2309.4,2309.4,2309.6,5,5,18
9:33:19,2309.6,2309.2,2309.4,9,17,4
9:33:19,2309.4,2309.2,2309.4,5,16,1
9:33:20,2309.4,2309.4,2309.6,1,5,26
9:33:20,2309.6,2309.2,2309.6,10,16,22
9:33:21,2309.2,2309.2,2309.6,2,17,22
9:33:21,2309.6,2309.4,2309.6,1,1,21
9:33:22,2309.6,2309.4,2309.6,4,2,18
9:33:22,2309.6,2309.4,2309.6,15,2,10
9:33:23,2309.6,2309.4,2309.6,4,5,13
9:33:23,2309.6,2309.4,2309.6,5,2,11
9:33:24,2309.4,2309.2,2309.4,3,20,3
9:33:24,2309.6,2309.6,2309.8,14,1,16
9:33:25,2309.8,2309.2,2309.6,12,18,11
9:33:25,2309.2,2309.2,2309.6,9,13,21
9:33:26,2309.6,2309.4,2309.6,2,3,22
9:33:26,2309.4,2309.4,2309.6,16,2,20
9:33:27,2309.6,2309.4,2309.6,6,1,15
9:33:27,2309.6,2309.4,2309.6,4,3,14
9:33:28,2309.6,2309.6,2309.8,18,36,9
9:33:28,2310,2309.8,2310,16,18,20
9:33:29,2309.8,2309.8,2310,12,19,10
9:33:29,2310,2310,2310.2,12,51,22
9:33:30,2310,2310,2310.2,13,46,18
9:33:30,2310.4,2310.2,2310.4,27,6,12
9:33:31,2310.4,2310.2,2310.4,33,3,2
9:33:31,2310.2,2310,2310.2,11,42,28
9:33:32,2310.4,2310.2,2310.6,39,3,40
9:33:32,2310.4,2310.2,2310.4,2,3,23
9:33:33,2310.4,2310.2,2310.4,2,4,31
9:33:33,2310.4,2310.2,2310.4,9,3,25
9:33:34,2310.4,2310.2,2310.4,5,8,20
9:33:34,2310.2,2310.2,2310.4,8,7,13
9:33:35,2310.4,2310.2,2310.4,2,7,6
9:33:35,2310.2,2310.2,2310.4,5,3,5
9:33:36,2310.4,2310,2310.4,6,46,4
9:33:36,2310.4,2310.2,2310.4,13,7,3
9:33:37,2310.4,2310.2,2310.6,6,10,50
9:33:37,2310.6,2310.4,2310.6,3,3,47
9:33:38,2310.6,2310.4,2310.6,5,2,43
9:33:38,2310.6,2310.2,2310.6,21,10,29
9:33:39,2310.6,2310.4,2310.6,6,2,24
9:33:39,2310.6,2310.2,2310.4,8,13,5
9:33:40,2310.6,2310.4,2310.6,23,7,5
9:33:40,2310.4,2310.4,2310.6,6,2,5
9:33:41,2310.6,2310.2,2310.6,3,16,8
9:33:41,2310,2310.4,2310.6,27,1,5
9:33:42,2310.4,2310,2310.6,1,14,21
9:33:42,2310,2310,2310.6,6,14,20
9:33:43,2310.4,2310.2,2310.4,2,1,4
9:33:43,2310.2,2310.2,2310.4,7,5,5
9:33:44,2310.6,2310.2,2310.6,13,3,12
9:33:44,2310.2,2310.4,2310.6,1,1,24
9:33:45,2310,2310,2310.2,5,11,3
9:33:45,2310.2,2310,2310.2,4,11,3
9:33:46,2310,2310,2310.2,3,10,1
9:33:46,2310,2310,2310.4,5,7,4
9:33:47,2310,2310,2310.4,2,6,6
9:33:47,2310,2310,2310.4,4,4,7
9:33:48,2310.4,2310,2310.4,3,4,10
9:33:49,2310.4,2310.2,2310.4,1,10,14
9:33:49,2310.2,2310.2,2310.4,1,9,20
9:33:50,2310.2,2310.2,2310.4,1,8,21
9:33:51,2310.4,2310.2,2310.4,2,8,43
9:33:51,2310.4,2310.2,2310.4,2,7,24
9:33:52,2310.2,2310,2310.2,7,11,11
9:33:52,2310.2,2310,2310.2,3,11,19
9:33:53,2310.2,2310,2310.2,12,5,7
9:33:53,2310,2310,2310.4,8,4,18
9:33:54,2310,2310,2310.4,4,2,21
9:33:55,2310,2310,2310.4,1,2,22
9:33:55,2310.4,2310,2310.4,3,2,22
9:33:56,2310,2310,2310.2,1,1,2
9:33:57,2310,2309.8,2310.2,1,18,4
9:33:58,2310.2,2309.8,2310.2,1,18,3
9:33:58,2310,2310,2310.4,13,26,33
9:33:59,2310.2,2310.2,2310.4,3,1,34
9:34:00,2310.2,2310.2,2310.4,3,13,34
9:34:00,2310.2,2310.2,2310.4,19,1,28
9:34:01,2310,2310,2310.2,14,16,5
9:34:01,2310,2310,2310.2,1,20,9
9:34:02,2310,2310,2310.2,8,15,3
9:34:02,2310,2310,2310.2,1,15,3
9:34:03,2310,2310,2310.2,9,8,6
9:34:03,2310,2310,2310.2,9,3,5
9:34:04,2310.2,2310,2310.2,3,9,2
9:34:04,2310,2309.8,2310,10,21,19
9:34:05,2310,2309.8,2310,2,20,18
9:34:05,2309.8,2309.8,2310,3,19,18
9:34:06,2309.8,2309.8,2310,4,17,17
9:34:06,2310,2309.8,2310,15,6,14
9:34:07,2309.6,2309.6,2309.8,10,21,8
9:34:07,2309.6,2309.6,2309.8,20,20,5
9:34:08,2309.6,2309.6,2309.8,3,20,15
9:34:08,2309.8,2309.6,2309.8,11,19,10
9:34:09,2309.6,2309.4,2309.6,23,7,1
9:34:09,2309.6,2309.4,2309.6,1,7,1
9:34:10,2309.6,2309.4,2309.6,4,6,13
9:34:11,2309.4,2309.4,2309.6,15,1,13
9:34:11,2309.6,2309.4,2309.6,5,2,2
9:34:12,2309.4,2309.2,2309.4,6,49,1
9:34:12,2309.2,2309.2,2309.4,16,33,6
9:34:13,2309.6,2309.2,2309.6,17,23,1
9:34:13,2309.2,2309.2,2309.4,18,7,1
9:34:14,2309.2,2309.2,2309.4,4,6,6
9:34:14,2309.2,2309.2,2309.4,10,1,4
9:34:15,2309.2,2309,2309.2,1,36,5
9:34:15,2309,2309,2309.4,6,35,5
9:34:16,2309,2309,2309.2,9,29,35
9:34:16,2308.8,2308.8,2309,42,34,11
9:34:17,2308.8,2308.8,2309,42,6,17
9:34:17,2308.8,2308.6,2308.8,8,45,1
9:34:18,2308.6,2308.6,2308.8,14,38,6
9:34:18,2308.8,2308.6,2308.8,25,31,4
9:34:19,2308.6,2308.6,2308.8,27,7,4
9:34:19,2308.6,2308.6,2308.8,16,2,3
9:34:20,2308.8,2308.4,2308.6,7,6,12
9:34:20,2308.4,2308.2,2308.4,20,41,1
9:34:21,2308.6,2308.4,2308.6,15,16,9
9:34:21,2308.4,2308.4,2308.6,11,11,5
9:34:22,2308.6,2308.6,2309,9,19,21
9:34:22,2308.6,2308.6,2308.8,17,14,1
9:34:23,2308.6,2308.6,2309,12,11,17
9:34:23,2308.6,2308.4,2308.6,15,16,49
9:34:24,2308.4,2308.4,2308.6,29,1,59
9:34:24,2308.4,2308.2,2308.4,24,56,7
9:34:25,2308.4,2308.2,2308.4,55,5,9
9:34:25,2308.4,2308,2308.4,16,51,2
9:34:26,2308.4,2308,2308.2,9,49,2
9:34:26,2308.2,2308,2308.2,32,31,33
9:34:27,2308,2307.8,2308,35,7,9
9:34:27,2307.8,2308,2308.2,22,3,34
9:34:28,2308,2307.6,2308,24,9,35
9:34:28,2308,2307.8,2308,19,1,11
9:34:29,2308,2307.6,2308,26,2,10
9:34:29,2307.4,2307.4,2307.8,69,9,61
9:34:30,2307.2,2307.2,2307.4,41,13,11
9:34:30,2307.4,2307.4,2307.6,33,8,20
9:34:31,2307.4,2307.4,2307.6,32,3,13
9:34:31,2307.2,2307.2,2307.4,47,7,36
9:34:32,2307.2,2307,2307.2,25,35,2
9:34:32,2307.4,2307,2307.4,33,20,21
9:34:33,2307.2,2307.2,2307.4,8,6,19
9:34:33,2307.4,2307.2,2307.4,17,16,15
9:34:34,2307.4,2307.4,2307.6,39,4,9
9:34:34,2307.4,2307.4,2307.6,41,3,8
9:34:35,2307.8,2307.6,2307.8,19,15,45
9:34:35,2307.6,2307.6,2307.8,18,2,48
9:34:36,2307.6,2307.4,2307.6,21,19,10
9:34:36,2307.6,2307.4,2307.8,21,10,36
9:34:37,2307.8,2307.6,2307.8,7,2,30
9:34:37,2307.6,2307.6,2307.8,8,3,23
9:34:38,2307.8,2307.6,2307.8,4,20,26
9:34:38,2307.8,2307.6,2307.8,14,14,13
9:34:39,2308,2308,2308.2,33,13,35
9:34:39,2308,2308,2308.2,11,7,46
9:34:40,2308,2307.8,2308,19,20,1
9:34:40,2308,2307.8,2308,2,19,3
9:34:41,2308,2307.8,2308,6,20,38
9:34:41,2307.8,2307.8,2308,4,20,38
9:34:42,2308,2307.8,2308,20,20,20
9:34:42,2308,2307.8,2308,6,19,16
9:34:43,2308,2307.8,2308,10,15,10
9:34:43,2308,2307.8,2308.2,13,14,17
9:34:44,2307.8,2307.6,2307.8,21,28,67
9:34:44,2307.8,2307.6,2307.8,11,29,57
9:34:45,2307.8,2307.6,2307.8,9,28,50
9:34:45,2307.6,2307.6,2307.8,7,24,50
9:34:46,2307.8,2307.6,2307.8,2,24,49
9:34:46,2307.8,2307.6,2307.8,27,24,25
9:34:47,2307.8,2307.6,2307.8,20,22,13
9:34:47,2307.6,2307.6,2307.8,11,25,16
9:34:48,2307.8,2307.6,2307.8,8,23,14
9:34:48,2307.8,2307.6,2307.8,5,24,10
9:34:49,2307.6,2307.6,2307.8,13,20,4
9:34:49,2307.8,2307.8,2308,4,10,17
9:34:50,2307.8,2307.8,2308,1,10,27
9:34:50,2307.8,2307.8,2308,2,17,30
9:34:51,2308,2307.8,2308,10,19,20
9:34:51,2308,2307.8,2308,19,21,1
9:34:52,2307.8,2307.8,2308,3,24,1
9:34:52,2308,2308,2308.2,3,1,38
9:34:53,2308,2308,2308.2,2,5,37
9:34:53,2308.2,2308,2308.2,4,6,34
9:34:54,2308,2308,2308.2,2,9,33
9:34:54,2308.2,2308,2308.2,15,29,18
9:34:55,2308.2,2308,2308.2,23,22,3
9:34:55,2308,2308,2308.4,24,3,14
9:34:56,2308,2308.2,2308.4,3,2,15
9:34:56,2308,2308,2308.2,6,4,3
9:34:57,2308,2308,2308.2,2,4,5
9:34:57,2308,2308,2308.2,9,6,3
9:34:58,2308,2308,2308.2,10,10,6
9:34:58,2308.2,2308,2308.2,5,11,2
9:34:59,2308.2,2307.6,2308.4,59,26,13
9:34:59,2308.2,2308,2308.2,8,15,4
9:35:00,2308,2308,2308.2,29,13,3
9:35:00,2308,2308,2308.4,15,4,5
9:35:01,2308.2,2308,2308.4,25,3,15
9:35:01,2308,2307.6,2307.8,6,18,1
9:35:02,2307.8,2307.6,2308,11,15,9
9:35:02,2307.8,2307.6,2307.8,3,17,3
9:35:03,2307.8,2307.6,2307.8,5,17,1
9:35:03,2307.8,2307.8,2308,1,4,14
9:35:04,2307.8,2307.8,2308,1,4,14
9:35:04,2308,2307.8,2308,2,16,14
9:35:05,2308,2307.8,2308,5,16,10
9:35:05,2308,2307.8,2308,3,15,4
9:35:06,2307.8,2307.6,2308,19,19,5
9:35:06,2308,2308,2308.2,5,1,35
9:35:07,2308,2307.8,2308,21,5,5
9:35:07,2308,2307.8,2308,2,7,18
9:35:08,2307.8,2307.6,2307.8,11,11,3
9:35:08,2307.6,2307.4,2307.6,14,40,62
9:35:09,2307.4,2307.4,2307.6,54,17,56
9:35:09,2307.2,2307.2,2307.4,39,43,48
9:35:10,2307.2,2307.2,2307.4,10,39,51
9:35:10,2307.4,2307.2,2307.4,33,28,24
9:35:11,2307.2,2307.2,2307.4,22,33,7
9:35:11,2307.6,2307.4,2307.6,11,9,53
9:35:12,2307.6,2307.4,2307.6,11,28,45
9:35:12,2307.6,2307.4,2307.6,53,17,11
9:35:13,2307.6,2307.4,2307.6,7,17,4
9:35:13,2307.8,2307.6,2308,9,5,17
9:35:14,2307.6,2307.8,2308,11,5,15
9:35:14,2308,2307.8,2308,7,1,15
9:35:15,2308,2307.6,2308,1,10,15
9:35:15,2307.8,2307.6,2307.8,5,10,86
9:35:16,2307.8,2307.6,2307.8,47,5,46
9:35:16,2307.6,2307.4,2307.6,6,10,40
9:35:17,2307.4,2307.2,2307.4,18,44,12
9:35:17,2307.4,2307.2,2307.4,14,46,1
9:35:18,2307.4,2307.4,2307.6,7,1,22
9:35:18,2307.6,2307.4,2307.6,4,7,2
9:35:19,2307.6,2307.4,2307.8,3,8,49
9:35:19,2307.6,2307.4,2307.8,3,13,49
9:35:20,2307.4,2307.4,2307.8,1,16,50
9:35:20,2307.4,2307.4,2307.6,4,15,13
9:35:21,2307.6,2307.4,2307.6,13,10,7
9:35:21,2307.6,2307.6,2307.8,16,2,46
9:35:22,2307.6,2307.4,2307.8,6,8,45
9:35:22,2307.8,2307.4,2307.6,10,11,1
9:35:23,2307.6,2307.4,2307.6,15,25,3
9:35:23,2307.8,2307.6,2307.8,7,1,28
9:35:24,2307.4,2307.4,2307.6,17,25,1
9:35:24,2307.8,2307.6,2307.8,8,1,25
9:35:25,2307.6,2307.4,2307.8,5,24,22
9:35:25,2307.8,2307.4,2307.8,1,37,21
9:35:26,2307.6,2307.4,2307.8,1,30,21
9:35:27,2307.4,2307.4,2307.8,5,27,20
9:35:27,2307.6,2307.6,2307.8,13,1,20
9:35:28,2307.8,2307.4,2307.8,4,29,17
9:35:28,2307.6,2307.4,2307.6,2,29,7
9:35:29,2307.6,2307.6,2307.8,9,15,17
9:35:29,2307.8,2307.8,2308,18,5,40
9:35:30,2307.6,2307.6,2307.8,10,22,1
9:35:30,2307.8,2307.8,2308,8,21,40
9:35:31,2308,2307.8,2308,12,37,28
9:35:32,2308,2307.8,2308,12,37,17
9:35:32,2307.8,2307.8,2308,38,3,10
9:35:33,2308.2,2308,2308.2,14,1,41
9:35:33,2308.2,2308,2308.2,5,2,41
9:35:34,2308,2307.8,2308.2,9,7,33
9:35:34,2308.2,2307.8,2308.2,19,7,16
9:35:35,2308.2,2308,2308.4,16,1,10
9:35:35,2308.2,2307.8,2308.4,7,8,11
9:35:36,2308.4,2308,2308.4,3,2,9
9:35:36,2308.2,2308,2308.2,3,2,2
9:35:37,2308.4,2308.4,2308.6,19,12,21
9:35:37,2308.6,2308.4,2308.6,20,2,11
9:35:38,2308.4,2308.2,2308.4,7,51,22
9:35:38,2308.6,2308.4,2308.6,15,10,14
9:35:39,2308.6,2308.4,2308.6,3,15,17
9:35:39,2308.6,2308.4,2308.6,22,1,10
9:35:40,2308.2,2308.2,2308.4,9,74,11
9:35:40,2308.4,2308.2,2308.4,4,88,13
9:35:41,2308.4,2308.2,2308.6,16,88,13
9:35:41,2308.6,2308.6,2308.8,16,10,20
9:35:42,2308.8,2308.6,2308.8,5,13,16
9:35:42,2308.6,2308.6,2308.8,13,11,13
9:35:43,2309,2308.8,2309,38,6,4
9:35:43,2308.8,2308.6,2308.8,16,6,18
9:35:44,2308.4,2308.4,2308.8,16,3,16
9:35:44,2308.8,2308.4,2308.8,6,7,12
9:35:45,2308.4,2308.4,2308.8,14,7,1
9:35:45,2308.8,2308.4,2309.4,5,8,4
9:35:46,2308.8,2308.6,2308.8,5,10,1
9:35:46,2309.4,2308.8,2309.4,9,5,1
9:35:47,2309,2309,2309.2,5,1,2
9:35:47,2309.2,2308.8,2309.2,5,7,2
9:35:48,2309.4,2309.2,2309.6,7,5,9
9:35:48,2309.4,2309.2,2309.6,4,13,10
9:35:49,2309.6,2309.6,2309.8,16,10,22
9:35:49,2309.8,2309.6,2309.8,11,14,22
9:35:50,2309.6,2309.6,2309.8,23,9,20
9:35:50,2309.6,2309.2,2309.6,14,13,21
9:35:51,2310,2309.2,2309.4,50,11,3
9:35:51,2309.4,2309.2,2309.6,6,11,7
9:35:52,2309.6,2309.4,2309.6,3,3,13
9:35:52,2309.8,2309.8,2310,22,33,17
9:35:53,2309.8,2309.8,2310,17,19,16
9:35:53,2309.8,2309.8,2310,44,22,7
9:35:54,2309.8,2309.8,2310,8,16,5
9:35:54,2309.8,2309.8,2310,4,14,3
9:35:55,2309.8,2309.8,2310,26,3,3
9:35:55,2309.8,2309.6,2310,7,7,10
9:35:56,2310,2309.6,2309.8,8,6,15
9:35:56,2309.8,2309.6,2309.8,6,5,21
9:35:57,2309.8,2309.6,2309.8,10,5,38
9:35:57,2309.6,2309.4,2309.6,13,3,6
9:35:58,2309.4,2309.4,2309.6,5,2,3
9:35:58,2309.6,2309.4,2309.6,4,1,3
9:35:59,2309.6,2309.4,2309.6,1,10,4
9:35:59,2309.4,2309.4,2309.6,10,5,15
9:36:00,2309.6,2309.4,2309.6,5,4,12
9:36:00,2309.6,2309.2,2309.6,22,3,9
9:36:01,2309,2309,2309.6,19,8,8
9:36:01,2309.6,2309,2309.6,9,8,9
9:36:02,2309.8,2309.8,2310,36,2,45
9:36:02,2309.6,2309.2,2309.6,7,37,2
9:36:03,2309.4,2309.4,2309.8,9,18,7
9:36:03,2309.6,2309.6,2309.8,6,4,7
9:36:04,2309.6,2309.6,2309.8,4,5,6
9:36:04,2309.6,2309.4,2309.6,8,24,9
9:36:05,2309.8,2309.6,2310,23,31,49
9:36:05,2310,2309.8,2310,36,18,17
9:36:06,2310,2309.6,2309.8,42,2,1
9:36:06,2310,2309.8,2310,21,11,12
9:36:07,2310,2309.8,2310,3,12,9
9:36:07,2310,2309.8,2310,10,8,15
9:36:08,2310,2309.8,2310,6,9,21
9:36:08,2309.8,2309.8,2310,8,7,12
9:36:09,2310,2309.8,2310,11,1,9
9:36:09,2310,2309.8,2310,13,1,28
9:36:10,2309.8,2309.6,2309.8,13,11,9
9:36:10,2309.8,2309.8,2310,44,1,23
9:36:11,2310,2309.8,2310,4,1,42
9:36:11,2309.8,2309.8,2310,1,2,42
9:36:12,2310,2309.8,2310,7,1,38
9:36:12,2309.8,2309.8,2310,2,2,38
9:36:13,2309.8,2309.8,2310,1,2,38
9:36:13,2310,2309.8,2310,2,4,59
9:36:14,2310,2309.8,2310,4,2,57
9:36:14,2310,2309.6,2310,18,15,43
9:36:15,2309.6,2309.6,2309.8,2,17,2
9:36:15,2310,2309.6,2310,4,16,42
9:36:16,2309.8,2309.6,2309.8,5,15,5
9:36:16,2309.8,2309.6,2309.8,3,15,2
9:36:17,2309.8,2309.8,2310,9,4,42
9:36:17,2309.8,2309.8,2310,4,2,41
9:36:18,2310,2309.8,2310,7,5,35
9:36:18,2310,2309.8,2310,36,11,1
9:36:19,2310.2,2310,2310.2,13,65,2
9:36:19,2310.4,2310.2,2310.4,9,50,12
9:36:20,2310.6,2310.4,2310.6,18,43,20
9:36:20,2310.6,2310.6,2310.8,54,4,22
9:36:21,2310.8,2310.6,2310.8,20,3,20
9:36:21,2310.6,2310.4,2310.6,11,33,28
9:36:22,2310.6,2310.4,2310.6,20,33,14
9:36:22,2310.6,2310.4,2310.6,5,33,21
9:36:23,2310.6,2310.4,2310.6,15,33,30
9:36:23,2310.4,2310.4,2310.6,27,6,32
9:36:24,2310,2309.8,2310,30,21,15
9:36:24,2310,2309.8,2310,10,19,29
9:36:25,2310,2310,2310.4,32,6,11
9:36:25,2310,2310,2310.4,4,4,13
9:36:26,2310,2310,2310.2,3,1,3
9:36:26,2310.2,2310.2,2310.4,6,3,10
9:36:27,2310,2310,2310.2,18,22,17
9:36:27,2310.2,2310,2310.2,7,21,11
9:36:28,2310,2310,2310.2,2,22,12
9:36:28,2310.2,2310,2310.2,25,23,12
9:36:29,2310.4,2310.2,2310.4,20,5,10
9:36:30,2310.2,2310.2,2310.4,1,9,11
9:36:30,2310.4,2310.2,2310.4,1,14,10
9:36:31,2310.2,2310.2,2310.4,1,13,20
9:36:31,2310.6,2310.4,2310.6,24,6,46
9:36:32,2310.4,2310.4,2310.6,21,4,27
9:36:32,2310.6,2310.2,2310.4,11,13,1
9:36:33,2310.2,2310,2310.2,21,50,7
9:36:33,2310.4,2310,2310.4,11,49,3
9:36:34,2310.4,2310.4,2310.6,9,31,19
9:36:34,2310.4,2310.4,2310.6,4,32,18
9:36:35,2310.4,2310.4,2310.6,20,18,19
9:36:35,2310.6,2310.4,2310.6,11,41,10
9:36:36,2310.4,2310.4,2310.6,8,31,9
9:36:36,2310.6,2310.4,2310.6,17,1,5
9:36:37,2310.2,2310,2310.2,45,84,7
9:36:37,2310.6,2310,2310.4,9,87,6
9:36:38,2310.4,2310,2310.2,4,65,50
9:36:38,2310,2310,2310.2,4,64,48
9:36:39,2310,2310,2310.2,10,56,48
9:36:39,2310.2,2310,2310.2,13,49,47
9:36:40,2310,2310,2310.2,8,52,44
9:36:40,2310,2310,2310.2,1,57,44
9:36:41,2310.2,2310,2310.2,9,51,41
9:36:41,2310,2310,2310.2,7,46,40
9:36:42,2310.2,2310,2310.2,4,45,37
9:36:42,2310.2,2310.2,2310.4,40,5,14
9:36:43,2310,2310,2310.4,18,33,15
9:36:43,2310.4,2310,2310.4,5,31,14
9:36:44,2310.4,2310.2,2310.4,54,3,12
9:36:44,2310.4,2310.2,2310.4,4,4,8
9:36:45,2310.4,2310.2,2310.4,13,20,11
9:36:46,2310.4,2310.2,2310.4,1,9,11
9:36:46,2310.2,2310.2,2310.4,4,9,11
9:36:47,2310.2,2310.2,2310.4,1,8,14
9:36:47,2310.2,2310.2,2310.4,5,4,14
9:36:48,2310.4,2310.2,2310.4,6,1,11
9:36:48,2310.4,2310,2310.2,6,4,27
9:36:49,2310.2,2309.8,2310.2,16,9,28
9:36:49,2309.8,2309.6,2310.2,9,18,28
9:36:50,2309.8,2309.8,2310,5,1,1
9:36:51,2309.8,2309.8,2310,5,3,5
9:36:51,2310,2309.8,2310,6,4,3
9:36:52,2309.8,2309.6,2309.8,18,10,19
9:36:53,2309.8,2309.6,2309.8,1,11,19
9:36:53,2309.8,2309.6,2309.8,8,11,15
9:36:54,2309.8,2309.6,2309.8,4,11,12
9:36:54,2309.6,2309.6,2309.8,3,8,12
9:36:55,2309.4,2309.4,2309.6,14,7,9
9:36:55,2309.4,2309.4,2309.6,10,3,3
9:36:56,2309.8,2309.4,2309.6,7,1,4
9:36:56,2309.6,2309.4,2309.8,7,1,6
9:36:57,2309.2,2309.2,2309.4,10,4,13
9:36:57,2309.4,2309.2,2309.4,3,3,41
9:36:58,2309.2,2309,2309.2,8,16,11
9:36:58,2309.2,2309.2,2309.4,39,9,42
9:36:59,2309.4,2309.2,2309.4,6,7,41
9:36:59,2309.4,2309.2,2309.4,27,5,18
9:37:00,2309.2,2309.2,2309.4,19,10,14
9:37:00,2309.2,2308.8,2309.2,10,16,27
9:37:01,2309.2,2308.8,2309.2,13,9,18
9:37:01,2308.8,2308.8,2309.2,10,14,20
9:37:02,2308.8,2308.8,2309.2,10,6,19
9:37:02,2309.2,2308.8,2309.2,16,11,11
9:37:03,2308.8,2309.2,2309.4,15,1,26
9:37:03,2308.8,2308.8,2309,31,22,1
9:37:04,2309.2,2309,2309.2,9,2,27
9:37:04,2309,2309,2309.2,17,7,21
9:37:05,2309,2309,2309.2,4,5,22
9:37:05,2309,2308.8,2309,11,18,85
9:37:06,2308.6,2308.6,2309,33,15,79
9:37:06,2308.6,2308.6,2308.8,9,14,53
9:37:07,2308.4,2308.4,2308.6,18,16,4
9:37:07,2308.6,2308.4,2308.8,32,6,51
9:37:08,2308.6,2308.4,2308.6,4,4,2
9:37:08,2308.6,2308.4,2308.6,6,1,3
9:37:09,2308.4,2308.2,2308.4,10,48,35
9:37:09,2308.4,2308.2,2308.4,10,45,32
9:37:10,2308.4,2308.2,2308.4,13,42,22
9:37:10,2308.6,2308.4,2308.6,28,3,2
9:37:11,2308.6,2308.2,2308.6,10,39,1
9:37:11,2308.6,2308.6,2308.8,9,1,49
9:37:12,2308.8,2308.2,2308.8,5,42,43
9:37:13,2308.6,2308.4,2308.6,4,32,23
9:37:13,2308.4,2308.4,2308.6,6,36,28
9:37:14,2308.4,2308.4,2308.6,5,35,25
9:37:14,2308.4,2308.4,2308.6,9,28,25
9:37:15,2308.6,2308.4,2308.6,12,19,22
9:37:15,2308.6,2308.4,2308.6,7,15,16
9:37:16,2308.6,2308.4,2308.6,13,8,10
9:37:16,2308.6,2308.4,2308.6,7,8,4
9:37:17,2308.6,2308.4,2308.6,10,3,2
9:37:17,2308.4,2308.2,2308.4,11,46,8
9:37:18,2308.4,2308.2,2308.4,2,46,6
9:37:19,2308.6,2308.2,2308.6,41,20,7
9:37:19,2308.2,2308.4,2308.6,8,9,19
9:37:20,2308.2,2308.4,2308.6,7,14,20
9:37:20,2308.6,2308.4,2308.6,3,13,21
9:37:21,2308.6,2308.4,2308.6,5,9,20
9:37:21,2308.4,2308.4,2308.6,3,20,18
9:37:22,2308.4,2308.4,2308.6,5,15,18
9:37:22,2308.4,2308.4,2308.6,9,15,11
9:37:23,2308.4,2308.4,2308.6,12,23,11
9:37:23,2308.6,2308.6,2308.8,19,9,47
9:37:24,2308.8,2308.6,2308.8,15,58,37
9:37:24,2308.8,2308.8,2309,18,20,89
9:37:25,2309,2308.8,2309,61,13,35
9:37:25,2309,2308.8,2309,7,11,27
9:37:26,2309.2,2309.2,2309.4,33,24,6
9:37:26,2309.4,2309.2,2309.4,18,12,1
9:37:27,2309.4,2309.2,2309.4,2,11,23
9:37:28,2309.4,2309.2,2309.4,9,11,14
9:37:28,2309.4,2309.2,2309.4,11,11,4
9:37:29,2309.4,2309.2,2309.4,7,6,2
9:37:29,2309.2,2309.2,2309.4,2,4,2
9:37:30,2309.2,2309,2309.2,4,5,14
9:37:30,2309.2,2309.2,2309.4,14,3,3
9:37:31,2309.6,2309,2309.6,7,1,12
9:37:31,2309,2308.8,2309,6,4,47
9:37:32,2309,2308.6,2309,14,14,47
9:37:32,2309,2308.6,2309,1,14,46
9:37:33,2309,2308.6,2309,4,14,42
9:37:33,2308.6,2308.4,2308.6,16,30,4
9:37:34,2308.6,2308.4,2308.6,4,29,1
9:37:34,2308.8,2308.6,2308.8,2,15,4
9:37:35,2308.6,2308.6,2308.8,12,15,5
9:37:35,2308.8,2308.6,2308.8,2,15,3
9:37:36,2308.8,2308.6,2308.8,1,16,22
9:37:36,2308.8,2308.4,2308.6,19,29,38
9:37:37,2308.4,2308.4,2308.6,10,19,48
9:37:37,2308.4,2308.2,2308.6,26,33,41
9:37:38,2308.2,2308,2308.2,39,74,13
9:37:38,2308.2,2308,2308.2,3,77,10
9:37:39,2308,2308,2308.4,15,71,4
9:37:39,2308.4,2308.2,2308.4,4,19,2
9:37:40,2308.2,2308.2,2308.4,10,22,2
9:37:40,2308.2,2308.2,2308.4,7,17,2
9:37:41,2308.4,2308.4,2308.6,2,7,26
9:37:41,2308.6,2308.4,2308.6,6,7,20
9:37:42,2308.6,2308.4,2308.6,5,4,18
9:37:42,2308.6,2308.4,2308.6,5,4,14
9:37:43,2308.4,2308.4,2308.6,6,8,14
9:37:43,2308.4,2308.4,2308.6,5,8,16
9:37:44,2308.6,2308.6,2308.8,18,15,27
9:37:45,2308.8,2308.6,2308.8,4,33,18
9:37:45,2308.8,2308.6,2308.8,9,34,9
9:37:46,2308.8,2308.8,2309,9,1,52
9:37:46,2309,2308.6,2309,6,39,49
9:37:47,2309,2308.6,2309,11,39,40
9:37:47,2309,2308.6,2309,2,40,39
9:37:48,2309,2308.6,2308.8,4,24,1
9:37:48,2309,2308.6,2308.8,11,18,1
9:37:49,2308.8,2308.4,2308.6,21,4,1
9:37:49,2308.6,2308.6,2308.8,21,16,1
9:37:50,2308.6,2308.6,2308.8,3,14,13
9:37:50,2308.8,2308.6,2308.8,2,14,12
9:37:51,2308.6,2308.6,2308.8,4,13,12
9:37:51,2308.8,2308.4,2308.6,17,8,2
9:37:52,2308.6,2308.4,2308.6,1,8,5
9:37:52,2308.6,2308.6,2308.8,5,2,10
9:37:53,2308.8,2308.6,2308.8,1,17,10
9:37:53,2308.6,2308.6,2308.8,1,16,2
9:37:54,2308.8,2308.8,2309,2,8,32
9:37:54,2308.8,2308.8,2309,8,1,32
9:37:55,2308.8,2308.6,2309,1,28,32
9:37:55,2309,2308.6,2309,8,27,24
9:37:56,2308.6,2308.6,2308.8,1,27,1
9:37:56,2308.6,2308.6,2309,12,17,24
9:37:57,2308.6,2308.6,2308.8,13,4,4
9:37:57,2309,2308.6,2309,16,3,15
9:37:58,2308.6,2308.4,2308.6,12,8,3
9:37:59,2308.6,2308.4,2308.6,3,11,21
9:37:59,2308.6,2308.4,2308.6,5,10,26
9:38:00,2308.6,2308.4,2308.6,6,10,20
9:38:00,2308.4,2308.2,2308.6,15,80,18
9:38:01,2308.6,2308.2,2308.4,1,80,2
9:38:01,2308.4,2308.2,2308.6,3,80,18
9:38:02,2308.2,2308.2,2308.6,7,77,23
9:38:02,2308.2,2308.2,2308.4,6,71,2
9:38:03,2308.6,2308.2,2308.6,10,73,20
9:38:04,2308.4,2308.2,2308.4,10,71,11
9:38:04,2308.2,2308.2,2308.4,61,17,4
9:38:05,2308.2,2308.2,2308.4,4,14,4
9:38:05,2308.2,2308,2308.2,16,122,5
9:38:06,2308.2,2308,2308.2,24,102,2
9:38:06,2308,2308,2308.2,4,101,1
9:38:07,2308,2308,2308.2,38,64,2
9:38:07,2308,2308,2308.2,75,1,4
9:38:08,2308,2307.8,2308,48,1,34
9:38:08,2307.4,2307.4,2307.8,12,16,12
9:38:09,2307.4,2307.4,2307.6,17,15,2
9:38:09,2307.6,2307.6,2307.8,23,9,8
9:38:10,2307.6,2307.6,2307.8,10,3,6
9:38:10,2307.6,2307.4,2307.6,5,33,4
9:38:11,2307.4,2307.4,2307.8,28,20,7
9:38:11,2307.6,2307.4,2307.6,8,18,6
9:38:12,2307.8,2307.8,2308,19,52,40
9:38:12,2307.8,2307.8,2308,7,47,39
9:38:13,2308,2307.8,2308,8,46,34
9:38:13,2307.8,2307.8,2308,5,43,30
9:38:14,2307.8,2307.8,2308,9,34,27
9:38:14,2307.8,2307.8,2308,8,31,19
9:38:15,2308,2307.8,2308,6,30,15
9:38:15,2308,2307.8,2308,14,31,1
9:38:16,2308,2307.8,2308,3,29,1
9:38:16,2308,2308,2308.2,2,8,23
9:38:17,2308.2,2308,2308.2,8,3,33
9:38:17,2308,2308,2308.2,2,3,33
9:38:18,2308,2308,2308.2,3,1,33
9:38:18,2308,2307.8,2308,36,31,13
9:38:19,2308.2,2307.8,2308,16,33,3
9:38:19,2308.2,2308,2308.2,30,23,16
9:38:20,2308.2,2308,2308.2,24,4,13
9:38:21,2308,2308,2308.2,2,18,27
9:38:21,2308,2308,2308.2,1,18,24
9:38:22,2308,2308,2308.2,16,2,24
9:38:22,2308.2,2308,2308.2,1,4,23
9:38:23,2308.2,2308.2,2308.4,28,9,4
9:38:23,2308.2,2308.2,2308.4,4,7,7
9:38:24,2308.2,2308.2,2308.4,2,6,6
9:38:24,2308.2,2307.8,2308.2,7,10,3
9:38:25,2308.2,2307.8,2308.2,2,11,1
9:38:25,2308.2,2308,2308.2,1,2,3
9:38:26,2308,2307.8,2308.4,7,12,7
9:38:26,2308,2308.2,2308.4,2,3,7
9:38:27,2308.2,2308.2,2308.4,3,1,7
9:38:27,2308,2308,2308.2,4,2,19
9:38:28,2308,2307.8,2308,2,14,17
9:38:29,2308,2307.8,2308,6,14,11
9:38:29,2307.8,2307.8,2308,5,16,7
9:38:30,2308,2307.8,2308,2,33,5
9:38:30,2307.8,2307.8,2308,2,33,4
9:38:31,2307.8,2308,2308.2,1,1,22
9:38:31,2308.2,2308,2308.2,3,3,21
9:38:32,2308,2307.8,2308,9,37,1
9:38:32,2308.2,2308,2308.2,3,8,19
9:38:33,2308.2,2308,2308.2,9,8,11
9:38:33,2308,2308,2308.2,2,7,12
9:38:34,2308.2,2308.2,2308.4,14,5,9
9:38:34,2308.2,2308.2,2308.4,2,11,8
9:38:35,2308.4,2308.2,2308.4,4,44,4
