9:14:00,2183.4,2183,2183.4,216,9,14
9:15:00,2183.4,2183.4,2184,192,40,18
9:15:01,2183.8,2183.8,2184.2,50,2,3
9:15:01,2184,2183.6,2183.8,108,1,7
9:15:02,2183.4,2183.2,2183.4,127,15,11
9:15:02,2183,2182.4,2183,88,10,4
9:15:03,2182.8,2182.4,2183,99,34,3
9:15:03,2182.4,2182.4,2182.8,99,22,3
9:15:04,2183,2182.8,2183,62,3,15
9:15:04,2183,2182.6,2183,25,22,7
9:15:05,2182.8,2182.8,2183.2,65,17,8
9:15:05,2182.8,2182.8,2183.2,16,19,7
9:15:06,2183,2183,2183.2,56,4,6
9:15:06,2182.8,2182.6,2182.8,16,3,3
9:15:07,2182.6,2182.4,2182.6,22,2,20
9:15:07,2182.2,2182.2,2182.4,38,9,29
9:15:08,2182,2182,2182.2,11,16,19
9:15:08,2181.8,2181.8,2182.2,25,20,44
9:15:09,2182,2181.8,2182,74,16,18
9:15:09,2181.6,2181.6,2182,24,13,15
9:15:10,2181.8,2181.8,2182,37,1,9
9:15:10,2181.8,2181.2,2181.8,39,26,3
9:15:11,2181.8,2181.4,2181.6,23,5,2
9:15:11,2181.4,2181.2,2181.4,30,16,9
9:15:12,2181.4,2181.4,2181.6,25,48,4
9:15:12,2181.6,2181.6,2181.8,31,18,17
9:15:13,2181.8,2181.8,2182,28,12,10
9:15:13,2182.2,2182,2182.2,21,8,6
9:15:14,2182.2,2182,2182.2,11,15,9
9:15:14,2182,2182,2182.2,25,19,10
9:15:15,2182.2,2182,2182.2,21,10,6
9:15:15,2182.2,2182.2,2182.4,45,2,64
9:15:16,2182.2,2181.8,2182,8,10,1
9:15:16,2182.4,2181.8,2182.4,11,9,58
9:15:17,2182,2181.6,2182.2,20,11,1
9:15:17,2182.4,2181.8,2182.4,27,13,52
9:15:18,2182.2,2182.2,2182.4,76,37,36
9:15:18,2181.6,2181.8,2182,53,2,2
9:15:19,2182,2182.2,2182.4,23,1,35
9:15:19,2181.6,2181.4,2181.6,23,15,34
9:15:20,2181.4,2181.4,2181.6,58,1,15
9:15:20,2181.8,2181.2,2181.4,28,25,4
9:15:21,2181.4,2181.2,2181.4,17,17,3
9:15:21,2181.4,2181,2181.2,41,68,21
9:15:22,2181,2181,2181.2,79,11,1
9:15:22,2180.8,2180.6,2180.8,20,25,4
9:15:23,2180.4,2180.2,2180.4,47,31,18
9:15:23,2180.4,2180.2,2180.4,22,25,6
9:15:24,2180.2,2180,2180.2,59,35,17
9:15:24,2180.6,2180.2,2180.6,43,16,21
9:15:25,2180.4,2180.4,2180.6,10,19,18
9:15:25,2181,2180.6,2181,50,10,18
9:15:26,2180.8,2180.8,2181,10,13,16
9:15:26,2180.6,2180.6,2181,37,3,2
9:15:27,2180.4,2180.4,2180.6,22,57,1
9:15:27,2180.6,2180.6,2181,13,4,1
9:15:28,2180.8,2180.4,2180.8,22,54,6
9:15:28,2180.6,2180.4,2180.6,56,11,1
9:15:29,2181,2181,2181.2,31,11,12
9:15:29,2180.8,2180.8,2181,13,3,7
9:15:30,2180.8,2180.6,2180.8,17,48,2
9:15:30,2180.6,2180.6,2180.8,29,22,2
9:15:31,2180.8,2180.8,2181,19,1,29
9:15:31,2180.8,2180.6,2180.8,12,7,95
9:15:32,2180.6,2180.4,2180.6,9,11,38
9:15:32,2180.4,2180,2180.2,87,44,4
9:15:33,2180.4,2180,2180.4,62,2,23
9:15:33,2180.2,2180.2,2180.4,17,2,17
9:15:34,2180.4,2180.2,2180.4,11,24,9
9:15:34,2180.4,2180.4,2180.6,26,23,27
9:15:35,2180.6,2180.4,2180.6,29,23,19
9:15:35,2180.4,2180.4,2180.6,37,5,11
9:15:36,2180.6,2180.6,2180.8,16,7,106
9:15:36,2180.4,2180.4,2180.6,16,2,8
9:15:37,2180.4,2180.2,2180.4,5,24,27
9:15:37,2180.2,2180.2,2180.4,25,2,25
9:15:38,2180,2179.8,2180,36,6,3
9:15:38,2179.8,2179.6,2179.8,21,41,8
9:15:39,2179.8,2179.6,2180,18,29,1
9:15:39,2180,2179.8,2180,25,33,9
9:15:40,2180,2180,2180.2,15,16,37
9:15:40,2180,2180,2180.2,30,19,21
9:15:41,2180.2,2180.2,2180.4,29,24,17
9:15:41,2180.4,2180.4,2180.6,21,5,23
9:15:42,2180.2,2180.2,2180.4,71,23,5
9:15:42,2180.2,2180.4,2180.6,11,2,9
9:15:43,2180.6,2180.4,2180.6,8,46,6
9:15:43,2180.6,2180.6,2180.8,17,2,110
9:15:44,2180.6,2180.6,2180.8,8,8,107
9:15:44,2180.8,2180.4,2180.6,26,30,1
9:15:45,2180.6,2180.6,2180.8,10,47,103
9:15:45,2180.8,2180.6,2180.8,43,49,65
9:15:46,2181,2180.8,2181,98,24,63
9:15:46,2181,2180.8,2181,34,14,42
9:15:47,2181,2181,2181.2,60,71,15
9:15:47,2181.2,2181,2181.2,37,118,3
9:15:48,2181.4,2181.2,2181.4,12,22,16
9:15:48,2181.4,2181.2,2181.4,11,35,9
9:15:49,2181.4,2181.4,2181.6,29,21,73
9:15:49,2181.4,2181.2,2181.4,84,40,11
9:15:50,2181.4,2181.2,2181.4,16,40,12
9:15:50,2181.2,2181.2,2181.4,5,37,17
9:15:51,2181.4,2181.2,2181.4,1,35,17
9:15:51,2181.2,2181.2,2181.4,5,34,14
9:15:52,2181.4,2181.2,2181.4,3,35,12
9:15:52,2181.2,2181.2,2181.4,9,26,18
9:15:53,2181.2,2181,2181.2,53,94,13
9:15:53,2181.2,2181,2181.2,16,94,2
9:15:54,2181.4,2181.4,2181.6,41,13,24
9:15:54,2181.6,2181.4,2181.6,10,17,19
9:15:55,2181.4,2181.4,2181.6,14,6,17
9:15:55,2181.2,2181.2,2181.4,22,2,2
9:15:56,2181.4,2181.2,2181.4,1,12,13
9:15:56,2181.4,2181.2,2181.4,19,14,19
9:15:57,2181.4,2181.2,2181.4,5,14,28
9:15:57,2181.2,2181.2,2181.4,4,10,28
9:15:58,2181.4,2181.2,2181.4,7,6,30
9:15:58,2181,2181,2181.2,31,80,2
9:15:59,2181.2,2181.2,2181.4,14,1,38
9:15:59,2181.2,2181,2181.2,10,73,17
9:16:00,2181.2,2181,2181.2,6,73,17
9:16:00,2181,2181,2181.2,57,49,15
9:16:01,2181.2,2181.2,2181.4,65,7,43
9:16:01,2180.8,2180.8,2181,70,21,29
9:16:02,2180.8,2180.6,2180.8,35,14,6
9:16:02,2180.6,2180.6,2180.8,15,11,3
9:16:03,2180.8,2180.8,2181,17,43,41
9:16:03,2180.8,2180.8,2181,6,41,41
9:16:04,2181,2180.8,2181,28,37,20
9:16:04,2181,2181,2181.2,28,28,9
9:16:05,2181.2,2181,2181.2,8,24,6
9:16:05,2181.2,2181,2181.2,26,4,2
9:16:06,2181.2,2180.8,2181.2,8,42,19
9:16:06,2180.8,2180.8,2181,4,38,6
9:16:07,2181.2,2180.8,2181.2,18,35,11
9:16:07,2181,2180.8,2181,2,35,8
9:16:08,2181,2180.8,2181,27,15,63
9:16:08,2180.6,2180.6,2180.8,50,13,9
9:16:09,2180.8,2180.4,2180.8,49,31,4
9:16:09,2180.8,2180.4,2180.6,10,31,3
9:16:10,2180.6,2180.4,2180.6,12,23,1
9:16:10,2180.4,2180.4,2180.6,10,13,7
9:16:11,2180.6,2180.4,2180.6,3,12,5
9:16:11,2180.4,2180.2,2180.4,16,34,22
9:16:12,2180.2,2180.2,2180.4,12,23,23
9:16:12,2180.2,2180.2,2180.4,14,10,31
9:16:13,2180.2,2180.2,2180.4,12,1,34
9:16:13,2180.2,2180,2180.2,11,52,26
9:16:14,2180.2,2180,2180.2,8,51,27
9:16:14,2180,2180,2180.2,16,35,29
9:16:15,2180.2,2180,2180.2,20,29,28
9:16:15,2180.2,2180,2180.2,27,6,30
9:16:16,2180,2180,2180.2,10,3,27
9:16:16,2180.2,2179.8,2180.2,19,7,17
9:16:17,2180,2180,2180.2,12,2,23
9:16:17,2180,2180,2180.2,8,5,21
9:16:18,2180,2179.8,2180,12,17,13
9:16:18,2179.6,2180,2180.2,68,1,32
9:16:19,2180.2,2180,2180.2,15,13,32
9:16:19,2179.8,2179.8,2180,17,1,11
9:16:20,2180,2179.6,2179.8,16,1,47
9:16:20,2179.8,2179.4,2179.6,34,12,4
9:16:21,2179.6,2179.4,2179.6,13,7,10
9:16:21,2179.6,2179.6,2179.8,13,4,65
9:16:22,2179.4,2179.2,2179.4,21,24,9
9:16:22,2179.2,2179.2,2179.4,19,18,8
9:16:23,2179.2,2179,2179.8,66,9,64
9:16:23,2179.4,2179.4,2179.6,12,22,28
9:16:24,2179.6,2179.4,2179.6,25,10,24
9:16:24,2179.4,2179.4,2179.6,11,1,32
9:16:25,2179.6,2179.2,2179.6,33,5,2
9:16:25,2179.4,2179.2,2179.4,8,10,8
9:16:26,2179.2,2179.4,2179.8,23,5,66
9:16:26,2179.2,2179.2,2179.4,8,33,8
9:16:27,2179.4,2179.2,2179.4,17,27,3
9:16:27,2179.4,2179.4,2179.8,17,14,64
9:16:28,2179.2,2179.2,2179.6,18,27,1
9:16:28,2179.4,2179.4,2179.6,9,9,1
9:16:29,2179.6,2179.4,2179.8,9,6,65
9:16:29,2179.8,2179.4,2179.6,5,6,2
9:16:30,2179.6,2179.4,2179.6,5,3,2
9:16:30,2179.6,2179.6,2179.8,12,33,68
9:16:31,2179.6,2179.6,2179.8,8,30,69
9:16:31,2179.6,2179.6,2179.8,8,23,71
9:16:32,2179.8,2179.6,2179.8,15,23,70
9:16:32,2179.8,2179.6,2179.8,10,25,55
9:16:33,2179.8,2179.6,2179.8,21,14,55
9:16:33,2179.8,2179.6,2179.8,42,2,37
9:16:34,2179.8,2179.6,2179.8,12,2,28
9:16:34,2179.6,2179.6,2179.8,6,3,26
9:16:35,2179.4,2179.4,2179.6,5,21,4
9:16:35,2179.8,2179.6,2179.8,10,24,24
9:16:36,2179.6,2179.6,2179.8,16,12,24
9:16:36,2179.6,2179.6,2179.8,10,16,25
9:16:37,2179.8,2179.6,2179.8,16,13,15
9:16:37,2179.8,2179.6,2179.8,3,23,12
9:16:38,2179.8,2179.6,2179.8,6,34,6
9:16:38,2179.8,2179.8,2180,8,5,47
9:16:39,2180,2179.8,2180,1,9,57
9:16:39,2180,2179.8,2180,5,8,53
9:16:40,2179.8,2179.8,2180,13,18,41
9:16:40,2179.6,2179.8,2180,68,1,2
9:16:41,2180,2179.6,2180.2,4,13,26
9:16:41,2179.6,2179.6,2179.8,4,15,1
9:16:42,2180,2180,2180.2,5,4,26
9:16:42,2180.2,2179.6,2180.2,12,31,28
9:16:43,2180,2179.6,2180,12,29,1
9:16:43,2179.6,2179.6,2180,5,32,8
9:16:44,2180,2179.8,2180,1,8,23
9:16:44,2180,2179.8,2180,4,7,25
9:16:45,2179.8,2179.8,2180,5,4,25
9:16:45,2179.8,2179.6,2179.8,7,37,13
9:16:46,2179.8,2179.6,2179.8,10,39,9
9:16:47,2179.6,2179.6,2179.8,1,59,9
9:16:47,2179.6,2179.6,2179.8,5,45,5
9:16:48,2179.8,2179.6,2179.8,4,45,4
9:16:48,2179.8,2179.6,2179.8,3,44,2
9:16:49,2179.6,2179.6,2179.8,11,52,1
9:16:49,2179.8,2179.8,2180,5,1,59
9:16:50,2179.6,2179.6,2180,15,39,60
9:16:51,2179.8,2179.8,2180,9,3,61
9:16:51,2179.6,2179.6,2179.8,11,40,1
9:16:52,2179.8,2179.6,2180,2,41,82
9:16:52,2179.8,2179.8,2180,1,4,86
9:16:53,2179.8,2179.6,2179.8,8,41,15
9:16:53,2179.8,2179.6,2179.8,7,35,17
9:16:54,2179.8,2179.6,2179.8,9,42,13
9:16:54,2179.6,2179.6,2179.8,4,41,17
9:16:55,2179.6,2179.6,2179.8,30,30,13
9:16:55,2179.8,2179.8,2180,15,2,92
9:16:56,2180,2179.8,2180,34,1,92
9:16:56,2179.8,2179.6,2180,5,1,89
9:16:57,2179.4,2179.8,2180,13,1,89
9:16:57,2179.8,2179.6,2179.8,7,1,1
9:16:58,2179.8,2179.6,2179.8,8,3,2
9:16:59,2179.6,2179.6,2179.8,2,4,2
9:16:59,2180,2179.8,2180,3,3,116
9:17:00,2179.8,2179.8,2180,5,17,116
9:17:00,2179.8,2179.8,2180,14,7,116
9:17:01,2179.8,2179.8,2180,8,1,121
9:17:01,2179.6,2179.6,2179.8,8,4,6
9:17:02,2179.8,2179.6,2179.8,18,4,14
9:17:02,2179.8,2179.4,2179.8,8,14,19
9:17:03,2179.8,2179.6,2179.8,1,1,21
9:17:03,2179.6,2179.4,2179.6,2,16,2
9:17:04,2179.6,2179.6,2179.8,6,1,21
9:17:05,2179.8,2179.6,2179.8,7,1,19
9:17:05,2179.4,2179.6,2179.8,4,2,22
9:17:06,2179.6,2179.4,2179.6,8,23,43
9:17:06,2179.4,2179.4,2179.6,8,21,38
9:17:07,2179.6,2179.4,2179.6,13,12,35
9:17:07,2179.4,2179.4,2179.6,4,9,34
9:17:08,2179.2,2179.2,2179.4,16,82,6
9:17:08,2179.2,2179.2,2179.4,14,72,3
9:17:09,2179.2,2179.2,2179.4,17,57,1
9:17:09,2179.2,2179.2,2179.4,21,36,3
9:17:10,2179.2,2179.2,2179.4,33,7,12
9:17:10,2179.2,2179,2179.2,11,64,33
9:17:11,2179.2,2179,2179.2,34,46,32
9:17:11,2179,2179,2179.2,24,27,90
9:17:12,2179,2179,2179.2,30,4,83
9:17:12,2179,2178.8,2179,4,14,20
9:17:13,2179,2178.8,2179,12,23,19
9:17:13,2178.8,2178.8,2179,24,15,10
9:17:14,2179,2179,2179.2,23,5,82
9:17:14,2179,2178.6,2179,24,39,5
9:17:15,2179,2178.8,2179,5,11,1
9:17:15,2178.8,2178.8,2179.2,9,10,82
9:17:16,2179,2179,2179.2,9,25,81
9:17:16,2179,2179,2179.2,3,26,80
9:17:17,2179,2179,2179.2,37,37,59
9:17:17,2179.2,2179,2179.2,26,21,41
9:17:18,2179.2,2179,2179.2,30,17,16
9:17:18,2179.2,2179,2179.2,19,13,3
9:17:19,2179.2,2179,2179.2,13,12,2
9:17:19,2179.2,2179,2179.2,11,8,8
9:17:20,2179.2,2179,2179.4,13,7,7
9:17:20,2179.2,2179.2,2179.4,3,1,21
9:17:21,2179.4,2179.2,2179.4,5,2,23
9:17:21,2179.4,2179.2,2179.4,1,3,9
9:17:22,2179,2179,2179.4,15,3,9
9:17:22,2179.2,2179,2179.4,6,3,4
9:17:23,2179.4,2179.4,2179.6,5,2,38
9:17:24,2179.4,2179.4,2179.6,4,6,40
9:17:24,2179.4,2179.4,2179.6,2,4,40
9:17:25,2179.4,2179.4,2179.6,2,2,41
9:17:25,2179.6,2179.2,2179.6,12,9,34
9:17:26,2179.6,2179.2,2179.4,3,9,5
9:17:26,2179.6,2179.2,2179.6,5,9,34
9:17:27,2179.4,2179.4,2179.6,3,3,33
9:17:27,2179.6,2179.4,2179.6,1,3,33
9:17:28,2179.4,2179.2,2179.4,6,29,1
9:17:28,2179.4,2179.4,2179.6,2,13,39
9:17:29,2179.6,2179.4,2179.6,4,12,37
9:17:29,2179.4,2179.4,2179.6,1,33,39
9:17:30,2179.6,2179.4,2179.6,3,33,35
9:17:30,2179.6,2179.4,2179.6,30,33,8
9:17:31,2179.4,2179.4,2179.6,6,31,5
9:17:31,2179.6,2179.4,2179.6,3,31,2
9:17:32,2179.8,2179.4,2179.8,7,33,15
9:17:32,2179.8,2179.6,2179.8,5,3,10
9:17:33,2179.8,2179.6,2179.8,1,5,10
9:17:33,2179.6,2179.6,2179.8,5,7,7
9:17:34,2179.8,2179.6,2179.8,5,6,3
9:17:34,2179.8,2179.6,2179.8,2,6,1
9:17:35,2179.8,2179.8,2180,3,10,99
9:17:35,2180,2179.8,2180,2,11,98
9:17:36,2180,2179.8,2180,24,11,76
9:17:37,2179.8,2179.6,2179.8,14,27,21
9:17:37,2179.6,2179.6,2179.8,10,27,15
9:17:38,2179.8,2179.6,2180,16,26,78
9:17:38,2179.8,2179.6,2179.8,2,26,2
9:17:39,2179.6,2179.6,2179.8,6,23,6
9:17:39,2179.8,2179.6,2179.8,4,21,7
9:17:40,2179.8,2179.6,2179.8,3,23,15
9:17:41,2179.8,2179.6,2179.8,16,25,14
9:17:41,2179.6,2179.6,2179.8,14,15,18
9:17:42,2179.6,2179.6,2179.8,7,8,21
9:17:42,2179.6,2179.6,2179.8,14,2,17
9:17:43,2179.6,2179.6,2179.8,3,2,15
9:17:43,2179.6,2179.4,2179.6,2,19,49
9:17:44,2179.6,2179.4,2179.6,3,19,51
9:17:44,2179.6,2179.4,2179.6,1,21,52
9:17:45,2179.6,2179.4,2179.6,3,21,50
9:17:45,2179.6,2179.4,2179.6,3,19,50
9:17:46,2179.6,2179.4,2179.6,2,20,48
9:17:46,2179.6,2179.4,2179.6,7,18,45
9:17:47,2179.6,2179.4,2179.6,3,17,42
9:17:47,2179.6,2179.4,2179.6,3,16,40
9:17:48,2179.6,2179.4,2179.6,2,15,39
9:17:49,2179.6,2179.4,2179.6,1,16,38
9:17:50,2179.6,2179.4,2179.6,5,16,34
9:17:50,2179.6,2179.4,2179.6,1,16,33
9:17:51,2179.6,2179.4,2179.6,12,15,25
9:17:52,2179.6,2179.4,2179.6,18,9,19
9:17:52,2179.6,2179.4,2179.6,14,9,5
9:17:53,2179.6,2179.4,2179.6,3,11,4
9:17:53,2179.4,2179.4,2179.6,1,15,4
9:17:54,2179.4,2179.4,2179.6,6,31,5
9:17:54,2179.6,2179.4,2179.6,2,31,3
9:17:55,2179.6,2179.6,2179.8,3,22,32
9:17:55,2179.8,2179.6,2179.8,1,24,32
9:17:56,2179.8,2179.6,2179.8,1,29,31
9:17:56,2179.6,2179.6,2179.8,1,30,30
9:17:57,2179.6,2179.4,2179.6,49,43,6
9:17:57,2179.8,2179.6,2179.8,8,4,27
9:17:58,2179.8,2179.6,2179.8,4,5,27
9:17:58,2179.8,2179.6,2179.8,8,2,20
9:17:59,2179.6,2179.6,2179.8,1,1,20
9:18:00,2179.8,2179.8,2180,23,19,112
9:18:00,2179.8,2179.8,2180,7,13,110
9:18:01,2180,2179.8,2180,6,17,104
9:18:02,2179.8,2179.8,2180,25,11,85
9:18:02,2179.8,2179.8,2180,29,10,60
9:18:03,2180,2179.8,2180,18,10,41
9:18:03,2180,2179.8,2180,12,26,36
9:18:04,2180,2179.8,2180,18,24,17
9:18:04,2180,2179.8,2180,5,23,13
9:18:05,2180,2180,2180.2,18,16,28
9:18:05,2180,2180,2180.2,1,18,28
9:18:06,2180.2,2180,2180.2,1,18,27
9:18:06,2180,2180,2180.2,1,19,27
9:18:07,2180,2180,2180.2,7,21,26
9:18:07,2180.2,2180,2180.2,21,23,7
9:18:08,2180,2179.8,2180,26,21,7
9:18:08,2180.2,2180,2180.2,9,1,4
9:18:09,2180,2179.8,2180,10,22,32
9:18:09,2180,2180,2180.2,34,9,17
9:18:10,2180,2180,2180.2,10,11,17
9:18:11,2180,2180,2180.2,4,10,17
9:18:11,2180.2,2180,2180.2,1,10,22
9:18:12,2180,2180,2180.2,7,13,20
9:18:12,2180,2179.8,2180,14,22,38
9:18:13,2180,2179.8,2180,15,24,24
9:18:13,2180,2179.8,2180,3,24,21
9:18:14,2180,2179.8,2180,15,24,8
9:18:14,2180,2179.8,2180,3,25,5
9:18:15,2180,2179.8,2180,2,25,3
9:18:15,2180,2180,2180.2,3,2,26
9:18:16,2180,2180,2180.2,2,3,27
9:18:16,2180,2180,2180.2,1,3,27
9:18:17,2180,2180,2180.2,2,9,27
9:18:17,2180.2,2180,2180.2,9,8,23
9:18:18,2180,2180,2180.2,1,8,23
9:18:18,2180.2,2180,2180.2,1,8,21
9:18:19,2180.2,2179.8,2180.2,11,28,20
9:18:19,2179.8,2179.8,2180,8,24,1
9:18:20,2180,2180,2180.2,2,2,20
9:18:20,2179.8,2180,2180.2,7,1,22
9:18:21,2179.8,2179.8,2180,3,19,4
9:18:21,2179.8,2179.8,2180,8,11,6
9:18:22,2180,2179.8,2180,8,7,6
9:18:22,2180,2179.8,2180,1,7,11
9:18:23,2179.8,2179.6,2179.8,8,18,12
9:18:23,2179.8,2179.8,2180,12,33,14
9:18:24,2179.8,2179.8,2180,5,28,17
9:18:24,2180,2180,2180.2,20,11,30
9:18:25,2180,2180,2180.2,16,1,30
9:18:25,2180,2179.8,2180,10,30,9
9:18:26,2179.8,2179.8,2180,1,30,9
9:18:27,2179.8,2179.8,2180,8,29,8
9:18:27,2180,2180,2180.2,9,1,32
9:18:28,2180,2180,2180.2,4,1,33
9:18:28,2179.8,2179.8,2180.2,5,29,32
9:18:29,2179.8,2179.8,2180,1,33,4
9:18:29,2180,2179.8,2180,3,34,4
9:18:30,2179.8,2179.8,2180,2,33,14
9:18:30,2179.8,2179.8,2180,3,30,15
9:18:31,2180,2179.8,2180,9,31,14
9:18:31,2179.8,2179.8,2180,11,27,7
9:18:32,2180,2180,2180.2,9,6,41
9:18:32,2180.2,2180,2180.2,4,11,40
9:18:33,2180,2180,2180.2,1,11,40
9:18:33,2180,2180,2180.2,3,17,40
9:18:34,2180,2180,2180.2,6,12,40
9:18:34,2179.8,2179.8,2180,13,29,3
9:18:35,2180,2179.8,2180,1,29,7
9:18:35,2180,2179.8,2180,5,30,3
9:18:36,2180,2179.8,2180,4,30,1
9:18:36,2179.8,2179.8,2180.2,3,30,55
9:18:37,2180.2,2179.8,2180.2,25,30,34
9:18:37,2179.8,2179.8,2180,2,29,1
9:18:38,2180,2179.8,2180.2,3,31,33
9:18:38,2180.2,2179.8,2180.2,2,31,31
9:18:40,2180,2179.8,2180,2,36,2
9:18:41,2180,2179.8,2180,1,59,1
9:18:41,2180,2180,2180.2,4,10,35
9:18:42,2180.2,2180,2180.2,2,13,33
9:18:42,2180.2,2180,2180.2,30,19,5
9:18:43,2180,2180,2180.2,6,21,3
9:18:43,2180,2180,2180.2,11,12,3
9:18:44,2180,2179.8,2180,27,47,4
9:18:44,2180,2179.8,2180,3,57,2
9:18:45,2180.2,2179.8,2180.2,3,57,2
9:18:45,2180,2180,2180.2,6,6,6
9:18:46,2180,2180,2180.2,1,9,8
9:18:46,2180.2,2180,2180.2,11,1,10
9:18:47,2180,2180,2180.2,5,4,13
9:18:48,2180,2180,2180.2,13,7,2
9:18:49,2180.2,2180.2,2180.4,4,27,56
9:18:49,2180.2,2180.2,2180.4,4,27,53
9:18:50,2180.2,2180.2,2180.4,18,12,51
9:18:50,2180.4,2180.2,2180.4,9,12,43
9:18:51,2180.4,2180.2,2180.4,5,10,41
9:18:51,2180.2,2180.2,2180.4,4,8,39
9:18:52,2180.2,2180.2,2180.4,6,2,39
9:18:52,2180.4,2180.2,2180.4,4,1,37
9:18:53,2180.4,2180.2,2180.4,2,1,35
9:18:53,2180.4,2180.2,2180.4,10,9,25
9:18:54,2180.2,2180.2,2180.4,3,10,25
9:18:54,2180.4,2180.2,2180.4,2,10,23
9:18:55,2180.4,2180.2,2180.4,2,10,21
9:18:55,2180.4,2180.2,2180.4,3,11,19
9:18:56,2180.4,2180.2,2180.4,2,16,17
9:18:57,2180.2,2180.2,2180.4,7,14,16
9:18:57,2180.6,2180.4,2180.6,19,30,30
9:18:58,2180.4,2180.4,2180.6,1,36,31
9:18:58,2180.6,2180.4,2180.6,9,36,22
9:18:59,2180.6,2180.4,2180.6,2,35,21
9:18:59,2180.6,2180.4,2180.6,1,35,21
9:19:00,2180.6,2180.4,2180.6,4,32,17
9:19:00,2180.6,2180.4,2180.6,11,33,6
9:19:01,2180.6,2180.6,2180.8,29,1,35
9:19:01,2180.8,2180.6,2180.8,6,1,30
9:19:02,2180.8,2180.4,2180.8,44,22,13
9:19:02,2180.6,2180.6,2180.8,8,1,10
9:19:03,2180.8,2180.6,2180.8,12,14,4
9:19:03,2180.6,2180.6,2180.8,3,15,3
9:19:04,2180.8,2180.6,2180.8,4,15,4
9:19:04,2180.8,2180.6,2180.8,6,15,1
9:19:05,2181,2180.8,2181,40,2,76
9:19:05,2180.8,2180.6,2180.8,26,1,38
9:19:06,2180.8,2180.6,2180.8,3,1,37
9:19:06,2180.8,2180.4,2180.6,17,24,2
9:19:07,2180.8,2180.4,2180.8,14,27,32
9:19:07,2180.8,2180.6,2180.8,1,2,33
9:19:08,2180.8,2180.6,2180.8,6,2,28
9:19:08,2180.8,2180.8,2181,30,13,79
9:19:09,2180.8,2180.8,2181,5,16,79
9:19:09,2181,2180.8,2181,11,11,78
9:19:10,2181,2180.8,2181,1,11,80
9:19:10,2180.8,2180.8,2181,48,9,44
9:19:11,2180.8,2180.8,2181,7,9,41
9:19:11,2181,2180.8,2181,4,9,38
9:19:12,2181,2180.8,2181,4,10,39
9:19:12,2181,2180.8,2181,1,11,39
9:19:13,2180.8,2180.8,2181,11,1,39
9:19:13,2181,2181,2181.2,44,5,22
9:19:14,2181,2181,2181.2,2,7,22
9:19:14,2181,2181,2181.2,1,6,22
9:19:15,2181,2181,2181.2,2,4,23
9:19:15,2180.8,2180.6,2180.8,8,2,7
9:19:16,2180.6,2180.6,2180.8,6,4,9
9:19:16,2180.8,2180.6,2180.8,4,18,7
9:19:17,2180.8,2180.6,2180.8,1,4,6
9:19:17,2180.6,2180.6,2180.8,2,3,4
9:19:18,2180.8,2180.6,2180.8,9,1,8
9:19:18,2180.4,2180.4,2180.6,7,16,1
9:19:19,2180.4,2180.4,2180.6,2,14,1
9:19:19,2180.4,2180.4,2180.6,4,12,2
9:19:20,2180.4,2180.4,2180.6,2,11,1
9:19:20,2180.6,2180.4,2180.6,7,10,4
9:19:21,2180.4,2180.4,2180.6,6,4,23
9:19:21,2180.4,2180.2,2180.4,5,22,3
9:19:22,2180.2,2180,2180.2,30,54,5
9:19:22,2180.2,2180,2180.2,2,53,4
9:19:23,2180,2180,2180.2,4,49,5
9:19:23,2179.8,2179.8,2180,53,58,17
9:19:24,2180,2179.8,2180,7,53,19
9:19:24,2179.8,2179.8,2180,26,46,1
9:19:25,2180,2180,2180.2,8,2,5
9:19:25,2180,2179.8,2180,2,43,2
9:19:26,2180,2179.8,2180,8,38,3
9:19:26,2179.8,2179.8,2180,7,32,4
9:19:27,2179.8,2179.8,2180,10,23,2
9:19:27,2180,2180,2180.2,15,19,5
9:19:28,2180,2180,2180.2,11,10,5
9:19:28,2180,2180,2180.2,6,8,6
9:19:29,2179.8,2179.8,2180,16,22,15
9:19:30,2179.8,2179.8,2180,8,15,17
9:19:30,2179.8,2179.6,2179.8,24,17,2
9:19:31,2179.6,2179.6,2179.8,4,14,1
9:19:31,2179.6,2179.6,2179.8,29,9,13
9:19:32,2179.4,2179.4,2179.6,18,38,4
9:19:32,2179.6,2179.6,2179.8,11,34,9
9:19:33,2179.6,2179.6,2179.8,4,30,9
9:19:33,2179.8,2179.6,2179.8,13,23,4
9:19:34,2179.6,2179.6,2179.8,9,17,4
9:19:34,2179.6,2179.6,2179.8,10,7,4
9:19:35,2179.8,2179.8,2180,9,38,30
9:19:35,2180.2,2179.8,2180,53,27,1
9:19:36,2180,2180,2180.2,1,4,10
9:19:36,2180,2179.8,2180,9,26,2
9:19:37,2179.8,2179.8,2180,4,25,5
9:19:38,2179.8,2179.8,2180,1,24,5
9:19:38,2179.8,2179.8,2180,4,20,6
9:19:39,2179.8,2179.8,2180,3,18,7
9:19:39,2179.8,2179.8,2180,4,14,7
9:19:40,2180,2179.8,2180,5,12,4
9:19:41,2180,2179.8,2180,2,12,7
9:19:41,2179.8,2179.8,2180,1,11,7
9:19:42,2180,2179.8,2180,1,13,15
9:19:43,2180,2179.8,2180,6,10,15
9:19:43,2179.8,2179.8,2180,3,8,17
9:19:44,2179.8,2179.8,2180,2,9,17
9:19:45,2180,2179.8,2180,6,8,20
9:19:45,2179.8,2179.8,2180,5,3,22
9:19:46,2180,2180,2180.2,36,6,18
9:19:46,2180,2179.8,2180,9,3,11
9:19:47,2179.8,2179.8,2180,10,4,12
9:19:48,2179.8,2179.8,2180,1,3,14
9:19:48,2179.8,2179.8,2180,2,5,16
9:19:49,2180,2179.8,2180,1,6,15
9:19:50,2180,2179.8,2180,1,10,18
9:19:50,2180,2179.8,2180,1,11,22
9:19:51,2179.8,2179.8,2180,1,10,22
9:19:51,2179.8,2179.8,2180,1,10,26
9:19:52,2179.8,2179.8,2180,2,8,26
9:19:52,2179.8,2179.8,2180,3,5,26
9:19:53,2180,2179.8,2180,4,3,24
9:19:53,2179.8,2179.8,2180,1,2,24
9:19:54,2179.6,2179.6,2179.8,6,21,1
9:19:55,2179.8,2179.8,2180,1,4,24
9:19:55,2180,2179.8,2180,4,6,21
9:19:56,2180,2179.8,2180,6,5,19
9:19:56,2179.8,2179.6,2179.8,12,28,1
9:19:57,2180,2179.6,2180,2,28,19
9:19:58,2180,2179.8,2180,2,4,20
9:19:58,2179.8,2179.8,2180,3,2,19
9:19:59,2180,2180,2180.2,25,18,44
9:19:59,2180,2180,2180.2,7,11,44
9:20:00,2180,2180,2180.2,3,8,45
9:20:00,2180,2179.8,2180,16,1,13
9:20:01,2179.8,2179.6,2179.8,23,39,11
9:20:01,2179.8,2179.6,2179.8,23,33,8
9:20:02,2180,2179.6,2180,19,30,5
9:20:02,2180.2,2179.6,2180.2,12,30,46
9:20:03,2180,2179.6,2180,6,28,7
9:20:03,2179.8,2179.6,2179.8,4,29,2
9:20:04,2180,2179.6,2180,3,29,10
9:20:04,2179.6,2179.6,2180,6,25,10
9:20:05,2180,2179.8,2180,4,8,7
9:20:05,2180,2179.8,2180,3,6,8
9:20:06,2179.6,2179.6,2179.8,12,20,2
9:20:06,2179.8,2179.6,2179.8,1,20,3
9:20:07,2180,2179.8,2180,13,1,7
9:20:07,2180,2179.6,2180,6,25,4
9:20:08,2180,2179.6,2180,13,24,11
9:20:08,2180,2179.8,2180,3,2,20
9:20:09,2180,2179.8,2180,5,2,15
9:20:09,2180,2179.8,2180,3,1,13
9:20:10,2179.8,2179.8,2180,3,2,14
9:20:10,2179.6,2179.6,2180,25,8,12
9:20:11,2180,2179.6,2180,2,8,11
9:20:12,2179.6,2179.6,2179.8,3,8,4
9:20:12,2179.6,2179.6,2179.8,2,10,6
9:20:13,2179.8,2179.8,2180,10,1,17
9:20:13,2179.8,2179.6,2179.8,1,7,4
9:20:14,2179.8,2179.6,2179.8,4,8,1
9:20:14,2179.6,2179.6,2179.8,3,3,1
9:20:15,2179.8,2179.8,2180,2,5,24
9:20:15,2179.8,2179.8,2180,4,1,24
9:20:16,2179.8,2179.6,2179.8,4,7,2
9:20:17,2179.8,2179.6,2179.8,6,7,6
9:20:17,2179.8,2179.6,2179.8,4,5,7
9:20:18,2179.8,2179.8,2180,13,4,28
9:20:19,2179.6,2179.4,2179.6,8,46,13
9:20:20,2179.6,2179.4,2179.6,1,49,12
9:20:20,2179.6,2179.6,2179.8,13,23,5
9:20:21,2179.6,2179.6,2179.8,1,22,6
9:20:21,2179.6,2179.6,2179.8,5,22,9
9:20:22,2179.6,2179.6,2179.8,7,17,7
9:20:22,2179.6,2179.6,2179.8,2,15,7
9:20:23,2179.8,2179.6,2179.8,1,16,7
9:20:23,2179.8,2179.6,2179.8,4,15,6
9:20:24,2179.6,2179.6,2179.8,3,12,7
9:20:24,2179.6,2179.6,2179.8,2,25,8
9:20:25,2179.8,2179.8,2180,9,5,51
9:20:25,2179.6,2179.6,2179.8,21,8,1
9:20:26,2179.6,2179.6,2179.8,3,15,1
9:20:28,2179.6,2179.6,2179.8,4,21,11
9:20:29,2179.6,2179.6,2179.8,27,6,1
9:20:29,2179.6,2179.6,2180,2,5,66
9:20:30,2179.6,2179.4,2179.6,5,53,20
9:20:30,2179.4,2179.4,2179.6,19,37,18
9:20:31,2179.6,2179.4,2179.6,9,33,17
9:20:31,2179.4,2179.4,2179.6,6,28,22
9:20:32,2179.4,2179.4,2179.6,7,22,22
9:20:32,2179.6,2179.4,2179.6,6,22,26
9:20:33,2179.6,2179.4,2179.6,12,11,25
9:20:33,2179.4,2179.2,2179.4,21,52,10
9:20:34,2179.2,2179.2,2179.4,7,45,14
9:20:34,2179.4,2179.2,2179.4,11,39,16
9:20:35,2179.4,2179.2,2179.4,10,30,20
9:20:35,2179.2,2179.2,2179.4,22,8,21
9:20:36,2179.2,2179,2179.2,21,55,3
9:20:36,2179,2179,2179.2,22,35,8
9:20:37,2179,2179,2179.2,9,27,11
9:20:37,2179.2,2179,2179.2,17,12,19
9:20:38,2178.8,2178.8,2179.2,15,26,21
9:20:38,2179,2178.8,2179,13,17,8
9:20:39,2178.8,2178.8,2179,9,13,8
9:20:39,2178.8,2179,2179.2,23,35,23
9:20:40,2179,2179,2179.2,21,18,20
9:20:40,2179,2178.8,2179,30,4,5
9:20:41,2178.8,2178.8,2179,12,19,8
9:20:41,2178.8,2178.8,2179,9,10,12
9:20:42,2178.8,2178.8,2179,10,3,19
9:20:42,2179,2178.8,2179,6,2,21
9:20:43,2178.8,2178.6,2178.8,10,30,2
9:20:43,2178.6,2178.6,2178.8,3,28,10
9:20:44,2178.4,2178.4,2178.8,58,13,2
9:20:44,2178.2,2178.2,2178.4,27,41,5
9:20:45,2178.2,2178.2,2178.6,34,26,35
9:20:45,2178.2,2178.2,2178.4,24,6,1
9:20:46,2178.2,2178,2178.2,23,60,2
9:20:46,2178.2,2178,2178.2,27,56,59
9:20:47,2178,2178,2178.2,20,41,56
9:20:47,2178.2,2178,2178.2,36,29,35
9:20:48,2178.2,2178,2178.2,43,8,16
9:20:48,2178.2,2178,2178.2,31,12,2
9:20:49,2178.2,2178.2,2178.4,17,25,1
9:20:49,2178.2,2178.2,2178.6,12,16,45
9:20:50,2178.2,2178.2,2178.6,14,12,59
9:20:50,2178.2,2178.2,2178.4,23,1,7
9:20:51,2178,2178,2178.2,9,30,3
9:20:51,2178,2178,2178.2,14,21,11
9:20:52,2178,2178,2178.2,42,8,14
9:20:52,2178,2177.8,2178,18,50,8
9:20:53,2178.2,2178,2178.2,38,1,36
9:20:53,2177.8,2177.8,2178,10,25,4
9:20:54,2177.8,2177.8,2178,21,26,2
9:20:54,2177.8,2177.8,2178,10,9,4
9:20:55,2177.8,2177.8,2178,7,5,3
9:20:55,2177.8,2177.6,2177.8,11,26,1
9:20:56,2178,2177.8,2178,7,1,6
9:20:56,2177.8,2177.6,2177.8,15,24,4
9:20:57,2177.8,2177.6,2178,8,37,17
9:20:57,2178,2177.8,2178,12,5,14
9:20:58,2177.8,2177.8,2178,21,3,8
9:20:58,2178,2177.8,2178,18,9,4
9:20:59,2178,2177.8,2178,5,42,9
9:20:59,2178.2,2178,2178.2,28,41,46
9:21:00,2178.2,2178,2178.2,36,57,16
9:21:00,2178,2178,2178.4,42,43,16
9:21:01,2178,2178.2,2178.4,5,2,22
9:21:01,2178,2178,2178.2,10,27,10
9:21:02,2178,2178,2178.2,23,17,4
9:21:02,2178,2178,2178.2,31,31,8
9:21:03,2178,2178,2178.2,11,43,9
9:21:03,2178.2,2178,2178.2,11,28,10
9:21:04,2178,2178,2178.2,8,21,7
9:21:04,2178.2,2178,2178.2,9,17,9
9:21:05,2178.2,2178,2178.2,11,12,6
9:21:05,2178.2,2178,2178.2,10,8,2
9:21:06,2178.2,2178.2,2178.4,4,7,7
9:21:06,2178.2,2178.2,2178.4,13,4,13
9:21:07,2178.4,2178,2178.4,6,14,30
9:21:07,2178.2,2178,2178.2,5,26,4
9:21:08,2178,2178,2178.4,33,11,14
9:21:08,2178,2178,2178.4,5,9,27
9:21:09,2178.2,2178,2178.2,8,15,19
9:21:09,2178,2178,2178.2,2,3,29
9:21:10,2178,2177.8,2178,6,29,2
9:21:10,2178.2,2178,2178.2,11,5,37
9:21:11,2177.8,2177.6,2177.8,38,22,13
9:21:11,2177.6,2177.6,2177.8,14,15,6
9:21:12,2177.6,2177.6,2177.8,28,2,3
9:21:12,2177.4,2177.4,2177.6,14,44,10
9:21:13,2177.4,2177.4,2177.6,37,18,12
9:21:13,2177.6,2177.4,2177.6,12,14,8
9:21:14,2177.4,2177.4,2177.6,15,1,11
9:21:14,2177.8,2177.6,2177.8,18,5,12
9:21:15,2177.6,2177.6,2177.8,10,1,9
9:21:15,2177.6,2177.6,2177.8,7,8,21
9:21:16,2177.8,2177.6,2177.8,4,7,17
9:21:16,2177.6,2177.6,2177.8,18,3,6
9:21:17,2177.8,2177.6,2178,5,18,11
9:21:17,2178,2177.8,2178,19,4,11
9:21:18,2177.8,2177.8,2178,5,3,13
9:21:18,2178,2177.8,2178,6,8,15
9:21:19,2177.8,2177.6,2177.8,10,11,1
9:21:19,2177.6,2177.6,2177.8,2,12,3
9:21:20,2177.6,2177.6,2177.8,6,10,5
9:21:20,2177.6,2177.6,2177.8,5,14,4
9:21:21,2177.6,2177.6,2177.8,6,9,13
9:21:21,2177.6,2177.6,2177.8,9,4,10
9:21:22,2177.8,2177.6,2177.8,3,5,10
9:21:22,2177.8,2177.6,2177.8,2,4,9
9:21:23,2177.8,2177.6,2178,16,2,27
9:21:23,2177.8,2177.8,2178,3,1,27
9:21:24,2177.6,2177.4,2177.6,8,32,16
9:21:24,2177.6,2177.4,2177.6,5,32,11
9:21:25,2177.6,2177.4,2177.6,7,32,4
9:21:25,2177.6,2177.6,2177.8,11,10,1
9:21:26,2177.6,2177.8,2178,7,4,42
9:21:26,2177.8,2177.8,2178,6,1,41
9:21:27,2178,2177.6,2178,14,43,34
9:21:27,2178,2177.6,2177.8,3,47,5
9:21:28,2177.6,2177.6,2177.8,6,47,1
9:21:28,2177.8,2177.8,2178,4,2,35
9:21:29,2178,2177.8,2178,8,1,31
9:21:29,2177.6,2177.8,2178,10,14,31
9:21:30,2178,2177.8,2178,11,24,21
9:21:30,2177.8,2177.8,2178,11,19,19
9:21:31,2178,2177.8,2178,7,19,21
9:21:31,2178,2177.8,2178,1,22,20
9:21:32,2178,2177.8,2178,2,22,18
9:21:32,2178,2178,2178.2,19,33,40
9:21:33,2178.2,2178,2178.2,7,32,37
9:21:33,2178,2178,2178.2,7,30,37
9:21:34,2178,2178,2178.2,7,27,33
9:21:34,2178.2,2178,2178.2,5,28,30
9:21:35,2178,2178,2178.2,10,24,25
9:21:35,2178.2,2178,2178.2,2,35,23
9:21:36,2178.2,2178,2178.2,7,34,20
9:21:36,2178,2178,2178.2,6,33,15
9:21:37,2178.2,2178,2178.2,3,30,13
9:21:37,2178.2,2178,2178.2,11,30,4
9:21:38,2178.2,2178,2178.2,4,33,2
9:21:38,2178.2,2178,2178.4,2,33,17
9:21:39,2178.4,2178,2178.4,3,36,17
9:21:39,2178.4,2178.2,2178.4,9,22,14
9:21:40,2178.2,2178.2,2178.4,6,25,10
9:21:40,2178.4,2178.2,2178.4,27,4,4
9:21:41,2178.4,2178.4,2178.6,4,5,9
9:21:41,2178.6,2178.4,2178.6,4,4,9
9:21:42,2178.4,2178.4,2178.6,4,3,18
9:21:43,2178.4,2178.2,2178.6,5,7,24
9:21:43,2178.6,2178.2,2178.6,4,9,23
9:21:44,2178.6,2178.2,2178.4,2,13,1
9:21:44,2178.4,2178.2,2178.4,10,13,2
9:21:45,2178.6,2178.4,2178.6,9,3,17
9:21:45,2178.2,2178.4,2178.6,10,1,22
9:21:46,2178.4,2178.4,2178.6,10,3,18
9:21:46,2178.6,2178.4,2178.6,4,5,15
9:21:47,2178.6,2178.4,2178.6,3,7,13
9:21:47,2178.6,2178.4,2178.6,1,16,16
9:21:48,2178.6,2178.4,2178.6,3,15,14
9:21:49,2178.6,2178.4,2178.6,17,6,11
9:21:49,2178.6,2178.4,2178.6,1,7,12
9:21:50,2178.4,2178.4,2178.6,1,6,13
9:21:50,2178.6,2178.4,2178.6,4,4,21
9:21:51,2178.4,2178.2,2178.6,4,21,26
9:21:51,2178.6,2178.2,2178.4,6,20,4
9:21:52,2178.2,2178.2,2178.4,1,19,16
9:21:52,2178.2,2178.2,2178.4,4,13,16
9:21:53,2178.2,2178.2,2178.4,13,2,20
9:21:54,2178.2,2178,2178.2,4,48,11
9:21:55,2178,2178,2178.2,2,47,14
9:21:55,2178.2,2178,2178.2,3,47,10
9:21:56,2178.2,2178,2178.2,5,49,5
9:21:56,2178.2,2178,2178.2,23,28,3
9:21:57,2178.2,2178,2178.2,2,28,1
9:21:57,2178,2178,2178.2,4,27,4
9:21:58,2178,2178,2178.2,8,20,5
9:21:58,2178.2,2178,2178.2,1,22,4
9:21:59,2178,2178,2178.2,3,50,14
9:21:59,2178,2178,2178.2,14,36,14
9:22:00,2178.2,2178,2178.2,5,36,10
9:22:00,2178,2178,2178.2,8,31,11
9:22:01,2178.2,2178,2178.2,12,28,3
9:22:01,2178,2178,2178.2,13,16,3
9:22:02,2178,2178.2,2178.4,26,3,23
9:22:02,2178.2,2178.2,2178.4,3,11,23
9:22:03,2178.2,2178.2,2178.4,8,11,19
9:22:03,2178.2,2178.2,2178.4,4,22,19
9:22:04,2178.4,2178.2,2178.4,6,20,16
9:22:04,2178.4,2178.2,2178.4,7,16,13
9:22:05,2178.4,2178.2,2178.4,4,14,12
9:22:05,2178.4,2178.2,2178.4,5,14,7
9:22:06,2178.4,2178.2,2178.4,5,19,3
9:22:06,2178.2,2178.2,2178.4,7,16,2
9:22:07,2178.6,2178.2,2178.6,5,15,17
9:22:07,2178.2,2178.2,2178.4,1,18,1
9:22:08,2178.2,2178,2178.2,20,12,2
9:22:08,2178.2,2178.2,2178.6,3,3,22
9:22:09,2178.4,2178.2,2178.4,5,5,12
9:22:09,2178.2,2178.2,2178.4,3,8,18
9:22:10,2178.4,2178.2,2178.4,3,6,12
9:22:11,2178.2,2178.2,2178.4,1,7,12
9:22:11,2178.2,2178.2,2178.4,2,6,11
9:22:12,2178.2,2178,2178.2,7,18,53
9:22:12,2178.2,2178,2178.2,9,10,54
9:22:13,2178,2177.8,2178,15,56,42
9:22:13,2177.8,2177.8,2178,20,50,41
9:22:14,2178,2177.8,2178,3,49,38
9:22:14,2177.8,2177.8,2178,1,48,38
9:22:15,2177.8,2177.8,2178,4,46,27
9:22:15,2178,2177.8,2178,17,40,17
9:22:16,2177.8,2177.8,2178,8,32,18
9:22:16,2178,2177.8,2178,4,31,16
9:22:17,2177.8,2177.8,2178,1,30,10
9:22:17,2177.8,2177.8,2178,7,24,9
9:22:18,2178,2177.8,2178,2,24,7
9:22:18,2178,2178,2178.2,7,7,54
9:22:19,2178,2178,2178.2,3,6,54
9:22:20,2178,2178,2178.2,2,4,54
9:22:20,2178,2177.8,2178.2,6,27,53
9:22:21,2178.2,2177.8,2178.2,1,29,52
9:22:21,2177.8,2177.8,2178,1,29,2
9:22:22,2178,2177.8,2178,1,29,6
9:22:22,2178,2177.8,2178,2,28,12
9:22:23,2178,2177.8,2178,10,32,5
9:22:23,2177.8,2177.8,2178,3,31,5
9:22:24,2178,2177.8,2178,1,32,3
9:22:25,2177.8,2177.8,2178,3,30,17
9:22:25,2178,2177.8,2178,8,30,9
9:22:26,2178,2177.8,2178,2,31,9
9:22:26,2178,2177.8,2178,2,31,15
9:22:27,2177.8,2177.8,2178,1,30,18
9:22:28,2178,2177.8,2178,2,32,21
9:22:28,2178,2177.8,2178,5,31,18
9:22:29,2177.8,2177.8,2178,38,10,3
9:22:29,2177.8,2177.8,2178,3,7,4
9:22:30,2177.8,2177.8,2178,2,6,8
9:22:30,2177.8,2177.6,2178,6,41,12
9:22:31,2178,2177.8,2178,1,2,11
9:22:31,2177.8,2177.8,2178,5,10,10
9:22:32,2178,2177.8,2178,1,13,16
9:22:33,2177.8,2177.8,2178,1,12,16
9:22:33,2177.8,2177.8,2178,3,11,16
9:22:34,2178,2177.8,2178,9,8,10
9:22:34,2177.8,2177.8,2178,5,7,9
9:22:35,2178,2177.8,2178,1,7,7
9:22:35,2177.8,2177.8,2178,3,5,12
9:22:36,2177.8,2177.6,2178.2,21,45,54
9:22:36,2178,2177.6,2178.2,3,46,54
9:22:37,2177.8,2177.6,2177.8,38,12,1
9:22:37,2177.8,2177.6,2177.8,3,12,3
9:22:38,2177.8,2177.8,2178.2,3,2,88
9:22:39,2177.8,2177.6,2177.8,2,11,1
9:22:39,2177.8,2177.6,2178,1,12,2
9:22:40,2178,2177.6,2178,3,11,21
9:22:41,2177.6,2177.6,2177.8,4,11,1
9:22:41,2177.6,2177.6,2178,1,11,24
9:22:42,2177.8,2177.6,2178,3,12,26
9:22:42,2178,2177.6,2178,11,11,17
9:22:43,2177.6,2177.8,2178,1,8,17
9:22:43,2177.6,2177.8,2178,1,7,18
9:22:44,2177.8,2177.8,2178,3,13,18
9:22:44,2177.8,2177.8,2178,11,5,18
9:22:45,2178,2177.8,2178,10,1,11
9:22:45,2177.8,2177.8,2178,4,3,11
9:22:46,2177.8,2177.6,2178,3,24,13
9:22:48,2178,2177.8,2178,1,9,16
9:22:48,2178,2177.8,2178,3,11,15
9:22:49,2177.8,2177.8,2178,1,15,16
9:22:49,2177.8,2177.6,2177.8,16,36,24
9:22:50,2177.6,2177.6,2177.8,1,37,25
9:22:50,2177.6,2177.6,2177.8,4,35,42
9:22:51,2177.6,2177.6,2177.8,12,24,42
9:22:51,2177.6,2177.6,2177.8,13,11,43
9:22:52,2177.6,2177.4,2177.6,11,61,3
9:22:52,2177.4,2177.4,2177.6,12,52,3
9:22:53,2177.4,2177.4,2177.6,2,50,6
9:22:53,2177.4,2177.4,2177.6,7,46,3
9:22:54,2177.6,2177.4,2177.6,4,46,4
9:22:54,2177.4,2177.4,2177.6,2,44,6
9:22:55,2177.8,2177.4,2177.8,8,42,43
9:22:55,2177.4,2177.6,2177.8,12,1,44
9:22:56,2177.4,2177.4,2177.6,3,32,1
9:22:56,2177.6,2177.6,2177.8,15,2,75
9:22:57,2177.4,2177.4,2177.6,7,20,13
9:22:58,2177.4,2177.4,2177.6,18,3,19
9:22:58,2177.6,2177.4,2177.6,5,1,21
9:22:59,2177.2,2177.2,2177.4,2,57,2
9:22:59,2177.6,2177.2,2177.8,45,56,64
9:23:00,2177.2,2177.4,2177.6,8,2,2
9:23:00,2177.4,2177.4,2177.6,12,12,2
9:23:01,2177.4,2177.4,2177.6,2,15,2
9:23:01,2177.4,2177.4,2177.6,15,10,2
9:23:02,2177.6,2177.4,2177.6,3,14,1
9:23:02,2177.4,2177.2,2177.4,16,47,27
9:23:03,2177.4,2177.2,2177.4,6,47,21
9:23:03,2177.4,2177.2,2177.4,4,47,19
9:23:04,2177.2,2177.2,2177.4,2,50,18
9:23:04,2177.4,2177.2,2177.4,7,50,11
9:23:05,2177.2,2177.2,2177.6,19,48,4
9:23:05,2177.4,2177.4,2177.6,2,42,20
9:23:06,2177.4,2177.4,2177.6,3,52,27
9:23:06,2177.6,2177.4,2177.6,27,55,3
9:23:07,2177.6,2177.6,2177.8,13,4,68
9:23:07,2177.8,2177.6,2177.8,21,22,53
9:23:08,2177.6,2177.6,2177.8,28,6,40
9:23:08,2177.8,2177.6,2177.8,9,7,33
9:23:09,2177.8,2177.6,2177.8,15,13,8
9:23:09,2177.8,2177.6,2177.8,7,19,2
9:23:10,2177.8,2177.8,2178,6,1,28
9:23:10,2177.6,2177.8,2178,4,1,27
9:23:11,2177.8,2177.6,2178,9,8,20
9:23:11,2178,2177.6,2178,14,11,7
9:23:12,2178.2,2177.8,2178.2,10,3,77
9:23:12,2178,2177.6,2178,8,13,8
9:23:13,2178,2177.6,2178,3,15,30
9:23:13,2178,2177.6,2178,5,17,47
9:23:14,2178,2177.6,2177.8,21,7,3
9:23:14,2178,2177.8,2178,5,3,34
9:23:15,2177.8,2177.6,2177.8,4,10,1
9:23:15,2177.6,2177.6,2177.8,3,11,5
9:23:16,2177.6,2177.6,2178,8,14,35
9:23:17,2178,2177.8,2178,5,1,36
9:23:17,2177.8,2177.6,2178,4,16,34
9:23:18,2178,2177.8,2178,11,1,24
9:23:18,2178,2177.8,2178,1,1,24
9:23:19,2178,2177.8,2178,3,1,18
9:23:19,2177.8,2177.6,2178,2,21,17
9:23:20,2178,2177.8,2178,5,1,11
9:23:20,2178,2177.8,2178,10,1,7
9:23:21,2177.8,2177.6,2177.8,5,34,3
9:23:22,2177.8,2177.6,2177.8,4,34,4
9:23:22,2177.8,2177.6,2177.8,5,35,1
9:23:23,2178,2177.8,2178,3,1,2
9:23:23,2178,2177.8,2178.2,3,4,86
9:23:24,2177.8,2177.8,2178,4,4,10
9:23:24,2178,2177.8,2178,1,5,25
9:23:25,2178,2177.8,2178,5,7,10
9:23:25,2177.8,2177.8,2178,6,9,6
9:23:26,2178.2,2177.8,2178.2,7,11,85
9:23:27,2178,2177.8,2178,2,15,15
9:23:27,2178,2178,2178.2,1,3,86
9:23:28,2178,2178,2178.2,1,6,100
9:23:28,2178.2,2178,2178.2,22,9,67
9:23:29,2178.2,2178,2178.2,16,8,52
9:23:29,2178.2,2178,2178.2,21,17,33
9:23:30,2178.2,2178,2178.2,11,18,22
9:23:30,2178.2,2178,2178.2,13,26,11
9:23:31,2178.2,2178.2,2178.4,11,51,18
9:23:31,2178.4,2178.2,2178.4,6,58,12
9:23:32,2178.4,2178.4,2178.6,16,4,11
9:23:32,2178.6,2178.4,2178.6,2,5,30
9:23:33,2178.4,2178.4,2178.6,9,1,32
9:23:33,2178.4,2178.4,2178.6,4,3,32
9:23:34,2178.6,2178.4,2178.6,2,5,34
9:23:34,2178.8,2178.6,2178.8,35,69,19
9:23:35,2178.8,2178.8,2179,19,19,24
9:23:35,2179,2178.8,2179,13,9,18
9:23:36,2178.8,2178.8,2179,19,15,4
9:23:36,2179,2179,2179.2,13,12,6
9:23:37,2179,2179,2179.2,12,8,8
9:23:37,2179.2,2179.2,2179.4,13,95,18
9:23:38,2179.4,2179.2,2179.6,34,86,9
9:23:38,2179.6,2179.4,2179.6,10,36,1
9:23:39,2179.6,2179.6,2179.8,5,10,19
9:23:39,2180,2179.8,2180,25,4,88
9:23:40,2179.6,2179.6,2180,9,16,88
9:23:40,2179.8,2179.6,2179.8,6,16,5
9:23:41,2179.6,2179.6,2179.8,12,12,30
9:23:41,2179.6,2179.6,2179.8,10,8,53
9:23:42,2179.6,2179.6,2179.8,5,10,58
9:23:42,2179.8,2179.6,2179.8,12,1,60
9:23:43,2179.8,2179.4,2179.6,4,18,1
9:23:43,2179.8,2179.6,2179.8,31,2,56
9:23:44,2179.4,2179.4,2179.6,5,16,3
9:23:44,2179.6,2179.4,2179.6,13,7,5
9:23:45,2179.4,2179.2,2179.4,11,5,16
9:23:45,2179.4,2179.2,2179.4,10,3,21
9:23:46,2179.2,2179.2,2179.4,31,3,3
9:23:46,2179.4,2179.4,2179.6,9,95,20
9:23:47,2179.4,2179.4,2179.8,39,104,26
9:23:47,2179.6,2179.6,2179.8,13,47,19
9:23:48,2179.8,2179.8,2180,27,15,120
9:23:48,2179.8,2179.8,2180,23,3,120
9:23:49,2179.6,2179.6,2180,43,24,94
9:23:49,2180,2179.6,2180,29,23,82
9:23:50,2180,2179.4,2180,74,99,43
9:23:50,2180,2179.4,2180,30,92,32
9:23:51,2179.8,2179.4,2179.8,11,90,22
9:23:51,2179.8,2179.4,2179.8,6,88,21
9:23:52,2179.8,2179.4,2179.8,4,87,33
9:23:52,2179.6,2179.4,2179.6,12,88,8
9:23:53,2179.6,2179.4,2179.6,20,14,4
9:23:53,2179.6,2179.4,2179.6,11,19,11
9:23:54,2179.4,2179.2,2179.4,7,23,3
9:23:54,2179.4,2179.4,2179.6,12,43,26
9:23:55,2179.2,2179.2,2179.4,56,8,10
9:23:56,2179.4,2179.2,2179.4,4,10,18
9:23:56,2179.2,2179,2179.2,15,12,7
9:23:57,2179.2,2178.8,2179.2,33,7,3
9:23:57,2178.8,2178.8,2179.2,3,6,1
9:23:58,2179.2,2178.8,2179.4,1,11,6
9:23:58,2178.8,2178.8,2179,1,10,1
9:23:59,2178.8,2178.8,2179,2,8,1
9:23:59,2178.8,2178.8,2179.2,6,9,6
9:24:00,2178.8,2178.8,2179.2,3,8,4
9:24:00,2178.8,2178.6,2179.2,16,13,4
9:24:01,2179.2,2178.8,2179.2,3,2,9
9:24:01,2179.2,2179.2,2179.4,28,37,12
9:24:02,2179.6,2179.4,2179.6,24,1,28
9:24:02,2179.6,2179.2,2179.4,3,27,1
9:24:03,2179.4,2179.2,2179.6,18,16,20
9:24:03,2179.2,2179.2,2179.6,5,16,21
9:24:04,2179.2,2179.2,2179.4,14,2,2
9:24:04,2179.6,2179,2179.2,6,4,1
9:24:05,2179,2179,2179.4,5,6,53
9:24:05,2179,2179,2179.2,2,6,30
9:24:06,2179.2,2178.8,2179.2,28,1,21
9:24:06,2179,2178.6,2179,2,17,1
9:24:07,2179.2,2178.6,2178.8,7,17,3
9:24:07,2178.6,2178.6,2178.8,1,21,3
9:24:08,2178.6,2178.6,2178.8,1,20,10
9:24:08,2178.6,2178.6,2178.8,2,19,10
9:24:09,2178.6,2178.6,2178.8,4,19,11
9:24:09,2178.6,2178.6,2178.8,4,29,10
9:24:10,2178.8,2178.6,2178.8,8,29,2
9:24:10,2178.8,2178.8,2179,2,3,4
9:24:11,2178.6,2178.8,2179,11,1,4
9:24:11,2178.8,2178.6,2178.8,1,35,1
9:24:12,2178.8,2178.8,2179,1,1,13
9:24:12,2179,2178.6,2179,3,36,13
9:24:13,2179,2178.8,2179,2,1,12
9:24:13,2179,2178.8,2179,2,63,11
9:24:14,2179,2178.8,2179,8,57,12
9:24:14,2179,2179,2179.2,15,13,6
9:24:15,2179,2179,2179.2,3,11,3
9:24:15,2179,2179,2179.4,8,6,59
9:24:16,2179.4,2179.2,2179.4,9,5,52
9:24:16,2179.2,2179.2,2179.4,3,2,52
9:24:17,2179.4,2179.2,2179.4,5,2,49
9:24:17,2179.4,2179,2179.4,18,7,33
9:24:18,2179,2179,2179.2,2,6,1
9:24:18,2179.4,2179,2179.4,6,4,31
9:24:19,2179.4,2179,2179.2,2,4,10
9:24:19,2179.2,2179,2179.2,9,1,11
9:24:20,2179.2,2178.8,2179.2,8,57,5
9:24:20,2179.2,2178.8,2179.2,7,55,3
9:24:22,2179,2178.8,2179.2,2,55,5
9:24:22,2179.2,2179.2,2179.4,5,1,38
9:24:23,2179.2,2179,2179.4,1,8,41
9:24:24,2179,2179,2179.2,1,26,5
9:24:24,2179,2179,2179.2,2,24,5
9:24:25,2179,2179,2179.2,12,13,5
9:24:25,2179,2179,2179.2,1,12,6
9:24:26,2179,2179,2179.2,1,11,10
9:24:26,2179.2,2179,2179.2,1,11,37
9:24:28,2179,2178.8,2179,11,10,27
9:24:28,2178.8,2178.8,2179,3,8,42
9:24:29,2178.8,2178.8,2179,4,5,69
9:24:30,2179,2178.8,2179,4,3,67
9:24:30,2179,2178.8,2179,1,4,66
9:24:31,2179,2178.8,2179,1,8,65
9:24:31,2178.8,2178.6,2178.8,8,28,32
9:24:32,2178.8,2178.6,2178.8,2,28,31
9:24:32,2178.8,2178.6,2178.8,1,28,31
9:24:33,2178.8,2178.6,2178.8,2,28,30
9:24:33,2178.6,2178.6,2178.8,1,27,30
9:24:34,2178.6,2178.6,2178.8,5,24,29
9:24:34,2178.8,2178.6,2178.8,3,22,27
9:24:35,2178.8,2178.6,2178.8,3,20,25
9:24:35,2178.6,2178.6,2178.8,3,18,24
9:24:36,2178.6,2178.6,2178.8,10,8,31
9:24:36,2178.6,2178.6,2178.8,1,7,31
9:24:37,2178.6,2178.6,2178.8,6,1,31
9:24:37,2178.6,2178.6,2178.8,1,1,31
9:24:38,2178.4,2178.4,2178.8,10,5,32
9:24:39,2178.8,2178.4,2178.6,1,6,5
9:24:39,2178.4,2178.4,2178.6,1,11,8
9:24:40,2178.4,2178.4,2178.6,8,3,10
9:24:40,2178.4,2178.2,2178.6,17,24,12
9:24:41,2178.6,2178.2,2178.6,2,24,11
9:24:41,2178.2,2178.2,2178.4,2,23,1
9:24:42,2178.6,2178.2,2178.6,8,21,9
9:24:42,2178.6,2178.2,2178.4,1,21,4
9:24:43,2178.4,2178.2,2178.6,6,19,36
9:24:43,2178.2,2178.2,2178.4,3,16,2
9:24:44,2178.4,2178.2,2178.4,1,16,1
9:24:44,2178.2,2178.2,2178.4,1,15,2
9:24:45,2178.2,2178.2,2178.4,2,13,2
9:24:46,2178.4,2178.2,2178.4,5,12,7
9:24:46,2178.2,2178.2,2178.4,5,7,7
9:24:47,2178.2,2178.2,2178.4,13,2,8
9:24:48,2178.2,2178.2,2178.4,1,3,10
9:24:49,2178.4,2178.2,2178.4,1,5,15
9:24:51,2178.4,2178.2,2178.4,1,34,11
9:24:51,2178.2,2178.2,2178.4,7,29,10
9:24:52,2178.4,2178.2,2178.4,9,27,5
9:24:52,2178.4,2178.2,2178.6,6,31,52
9:24:53,2178.2,2178.2,2178.6,8,28,50
9:24:54,2178.2,2178.2,2178.6,5,23,50
9:24:56,2178.4,2178.2,2178.4,5,22,10
9:24:56,2178.4,2178.2,2178.4,5,22,5
9:24:57,2178.2,2178.2,2178.4,3,21,4
9:24:58,2178.2,2178,2178.2,21,36,20
9:24:58,2178,2178,2178.2,1,35,22
9:24:59,2178.2,2178,2178.2,1,35,21
9:24:59,2178.2,2178,2178.2,36,2,21
9:25:00,2178,2178,2178.2,4,2,20
9:25:01,2177.8,2177.8,2178,4,9,7
9:25:01,2177.8,2177.8,2178,1,8,7
9:25:02,2178,2177.6,2177.8,11,32,1
9:25:02,2178,2177.6,2177.8,3,31,9
9:25:03,2177.6,2177.6,2177.8,2,30,9
9:25:03,2177.6,2177.6,2177.8,3,28,22
9:25:04,2177.6,2177.6,2177.8,4,24,22
9:25:04,2177.6,2177.6,2177.8,24,6,14
9:25:05,2177.8,2177.4,2177.6,14,13,6
9:25:05,2177.4,2177.4,2177.6,4,9,8
9:25:06,2177.6,2177.4,2177.6,5,8,7
9:25:06,2177.6,2177.2,2177.4,13,64,1
9:25:07,2177.4,2177.4,2177.6,25,2,1
9:25:07,2177.6,2177.6,2177.8,3,18,11
9:25:08,2177.6,2177.6,2177.8,15,13,3
9:25:08,2177.8,2177.6,2177.8,8,6,2
9:25:09,2177.8,2177.6,2178,7,4,14
9:25:10,2177.6,2177.6,2178,2,9,17
9:25:10,2177.8,2177.6,2178,6,8,17
9:25:11,2177.6,2177.4,2177.6,9,19,16
9:25:11,2177.6,2177.4,2177.6,3,19,17
9:25:12,2177.4,2177.4,2177.6,5,20,16
9:25:13,2177.4,2177.4,2177.6,12,40,6
9:25:13,2177.6,2177.4,2177.6,13,29,6
9:25:14,2177.6,2177.4,2177.6,3,30,4
9:25:14,2177.6,2177.4,2177.6,7,29,1
9:25:15,2177.6,2177.6,2177.8,2,1,9
9:25:16,2177.6,2177.6,2177.8,1,5,10
9:25:16,2177.8,2177.6,2177.8,1,7,9
9:25:17,2177.8,2177.6,2177.8,8,10,1
9:25:17,2178,2177.8,2178,15,3,20
9:25:18,2177.8,2177.8,2178,2,2,23
9:25:18,2178,2177.8,2178,6,2,21
9:25:19,2177.6,2177.8,2178,4,2,20
9:25:19,2178,2177.6,2178,3,7,19
9:25:20,2177.8,2177.6,2178,4,6,18
9:25:20,2177.8,2177.8,2178,6,14,18
9:25:21,2178,2177.8,2178,4,11,17
9:25:21,2177.8,2177.6,2177.8,11,10,7
9:25:22,2177.8,2177.6,2177.8,5,10,2
9:25:22,2177.8,2177.6,2177.8,2,13,3
9:25:23,2177.8,2177.6,2177.8,3,14,1
9:25:23,2177.8,2177.6,2178,2,16,18
9:25:24,2177.6,2177.6,2178,4,17,18
9:25:25,2178,2177.6,2178,3,17,19
9:25:26,2178,2177.6,2177.8,2,20,2
9:25:27,2177.8,2177.6,2178,4,25,18
9:25:28,2178,2177.8,2178,1,1,17
9:25:28,2177.6,2177.6,2178,10,36,10
9:25:29,2178,2177.6,2178,3,35,9
9:25:29,2178,2177.6,2178,4,34,8
9:25:30,2178,2177.6,2178,2,34,6
9:25:31,2178,2177.6,2178,2,38,7
9:25:31,2178,2177.8,2178.2,8,3,24
9:25:32,2178,2177.8,2178.2,1,4,24
9:25:33,2178,2178,2178.2,1,9,28
9:25:34,2178.2,2178,2178.2,1,11,27
9:25:34,2178,2178,2178.2,9,7,23
9:25:35,2178.2,2178,2178.2,2,7,21
9:25:35,2178.2,2178,2178.2,6,2,24
9:25:36,2178,2178,2178.2,1,2,25
9:25:37,2178,2177.8,2178.2,4,33,25
9:25:38,2178.2,2177.8,2178,3,34,1
9:25:38,2178.2,2178,2178.2,10,1,14
9:25:39,2178,2177.8,2178,2,35,3
9:25:40,2178,2177.8,2178,2,37,2
9:25:40,2178,2178,2178.2,3,3,13
9:25:41,2178.2,2178,2178.2,1,6,14
9:25:42,2178.2,2178,2178.2,1,6,14
9:25:42,2178.2,2178,2178.2,4,8,12
9:25:43,2178.2,2178,2178.2,1,9,14
9:25:43,2178.2,2178,2178.2,1,11,13
9:25:44,2178,2178,2178.2,1,10,16
9:25:45,2178.2,2178,2178.2,4,12,18
9:25:46,2178,2178,2178.2,4,8,18
9:25:47,2178.2,2178,2178.2,5,9,21
9:25:47,2178,2178,2178.2,1,8,27
9:25:48,2178.2,2178,2178.2,4,9,32
9:25:48,2178.2,2178,2178.2,5,7,29
9:25:49,2178.2,2178,2178.2,2,7,35
9:25:50,2178.2,2178,2178.2,6,4,37
9:25:50,2177.8,2177.8,2178,8,49,6
9:25:51,2178,2177.8,2178,5,49,37
9:25:51,2177.8,2177.8,2178,33,17,10
9:25:52,2178,2177.8,2178,18,1,10
9:25:52,2177.6,2177.6,2177.8,5,46,4
9:25:53,2177.6,2177.6,2177.8,2,43,3
9:25:53,2177.6,2177.6,2177.8,3,40,2
9:25:54,2177.6,2177.6,2177.8,1,39,7
9:25:54,2177.8,2177.6,2177.8,2,38,7
9:25:55,2177.8,2177.6,2177.8,4,37,6
9:25:55,2177.6,2177.6,2177.8,5,34,5
9:25:56,2177.8,2177.8,2178,5,16,9
9:25:56,2177.8,2177.8,2178,5,12,9
9:25:57,2178,2178,2178.2,10,1,5
9:25:57,2178,2177.8,2178.2,1,15,5
9:25:58,2178,2178,2178.2,1,9,5
9:25:59,2178.2,2178,2178.2,1,9,5
9:25:59,2178.2,2178,2178.2,3,7,4
9:26:00,2178.2,2178,2178.2,2,7,2
9:26:00,2178,2178,2178.2,1,6,2
9:26:01,2178.2,2178,2178.2,1,7,2
9:26:01,2178,2178,2178.4,13,1,24
9:26:02,2178,2177.8,2178,5,20,12
9:26:02,2177.8,2177.8,2178,2,19,13
9:26:03,2177.8,2177.8,2178,10,9,13
9:26:03,2177.8,2177.8,2178,4,5,14
9:26:04,2177.8,2177.8,2178,4,2,14
9:26:04,2177.8,2177.8,2178,5,1,11
9:26:05,2178,2177.8,2178,2,1,9
9:26:06,2178,2177.8,2178,2,3,8
9:26:06,2178,2177.8,2178,1,3,9
9:26:07,2178,2177.8,2178,3,3,6
9:26:08,2178,2177.8,2178,1,5,5
9:26:08,2178,2177.8,2178,3,7,3
9:26:09,2177.8,2178,2178.2,17,1,34
9:26:10,2178.2,2177.8,2178.2,17,19,18
9:26:10,2177.8,2177.8,2178,2,18,1
9:26:11,2178,2178,2178.2,1,2,18
9:26:12,2178.2,2178.2,2178.4,23,32,23
9:26:13,2178.4,2178.2,2178.4,20,38,5
9:26:13,2178.6,2178.4,2178.6,6,11,20
9:26:14,2178.6,2178.4,2178.6,3,14,33
9:26:15,2178.4,2178.4,2178.6,3,13,32
9:26:15,2178.2,2178,2178.2,29,57,23
9:26:16,2178.2,2178,2178.2,8,57,17
9:26:16,2178.2,2178,2178.2,4,55,16
9:26:17,2178.6,2178.6,2178.8,34,15,53
9:26:17,2178.6,2178.6,2178.8,7,8,55
9:26:18,2178.4,2178.2,2178.6,13,4,27
9:26:18,2178.4,2178.2,2178.4,3,4,5
9:26:19,2178.4,2178.2,2178.4,3,5,11
9:26:19,2178.4,2178.4,2178.6,11,7,33
9:26:20,2178.4,2178.2,2178.4,10,5,14
9:26:20,2178.4,2178.2,2178.4,4,4,11
9:26:21,2178.4,2178.2,2178.4,1,5,10
9:26:21,2178.2,2178.2,2178.4,2,4,9
9:26:22,2178.4,2178.2,2178.4,1,6,8
9:26:23,2178.4,2178.2,2178.4,2,6,7
9:26:23,2178.4,2178.2,2178.4,1,6,6
9:26:24,2178.4,2178.2,2178.4,1,6,5
9:26:24,2178.4,2178.2,2178.4,3,6,2
9:26:25,2178.2,2178.2,2178.4,1,7,3
9:26:25,2178.2,2178.2,2178.4,2,7,3
9:26:26,2178.4,2178.2,2178.4,1,9,8
9:26:27,2178.2,2178.2,2178.4,4,8,6
9:26:27,2178.4,2178.2,2178.4,5,8,2
9:26:28,2178.4,2178.2,2178.4,3,11,2
9:26:28,2178.4,2178.2,2178.6,3,10,33
9:26:29,2178.4,2178.2,2178.6,2,11,33
9:26:30,2178.2,2178.2,2178.6,1,13,34
9:26:31,2178.2,2178.4,2178.6,12,1,34
9:26:31,2178.2,2178.2,2178.6,6,3,31
9:26:32,2178.2,2178.2,2178.6,2,1,31
9:26:33,2178,2178,2178.4,4,71,5
9:26:34,2178.2,2178.2,2178.4,7,4,6
9:26:34,2178.4,2178.4,2178.6,9,9,27
9:26:35,2178.6,2178.4,2178.6,2,8,26
9:26:35,2178.4,2178.4,2178.6,1,11,26
9:26:37,2178.4,2178.4,2178.6,9,2,32
9:26:37,2178.4,2178.2,2178.4,4,3,8
9:26:38,2178.4,2178.2,2178.4,1,6,7
9:26:39,2178.2,2178.2,2178.4,1,9,9
9:26:40,2178.4,2178.2,2178.4,2,10,9
9:26:40,2178.2,2178.2,2178.4,1,12,9
9:26:41,2178.2,2178.2,2178.4,1,13,9
9:26:41,2178.4,2178.2,2178.4,2,19,8
9:26:43,2178.4,2178.2,2178.4,1,21,5
9:26:43,2178.2,2178.2,2178.4,9,13,4
9:26:44,2178.4,2178.4,2178.6,17,2,34
9:26:44,2178.4,2178.2,2178.6,5,8,32
9:26:45,2178.6,2178.2,2178.4,1,8,2
9:26:45,2178.4,2178.4,2178.6,2,42,31
9:26:46,2178.6,2178.4,2178.6,2,42,30
9:26:46,2178.6,2178.4,2178.6,2,43,29
9:26:47,2178.6,2178.4,2178.6,2,44,27
9:26:47,2178.6,2178.6,2178.8,27,16,60
9:26:48,2178.8,2178.6,2178.8,1,17,60
9:26:48,2178.8,2178.6,2178.8,5,17,55
9:26:49,2178.8,2178.6,2178.8,6,18,54
9:26:49,2178.6,2178.6,2178.8,10,10,54
9:26:50,2178.6,2178.6,2178.8,5,9,51
9:26:50,2178.6,2178.4,2178.8,17,44,49
9:26:51,2178.8,2178.4,2178.8,2,44,46
9:26:51,2178.4,2178.4,2178.8,16,43,33
9:26:52,2178.8,2178.4,2178.8,1,43,33
9:26:52,2178.6,2178.4,2178.8,2,43,32
9:26:53,2178.8,2178.6,2178.8,4,2,29
9:26:53,2178.8,2178.6,2178.8,2,2,27
9:26:54,2178.8,2178.6,2178.8,1,2,26
9:26:54,2178.6,2178.6,2178.8,2,3,27
9:26:55,2178.6,2178.6,2178.8,1,2,27
9:26:55,2178.6,2178.6,2178.8,3,1,26
9:26:56,2178.8,2178.4,2178.8,11,47,20
9:26:57,2178.8,2178.4,2178.6,5,47,13
9:26:57,2178.6,2178.4,2178.6,1,47,16
9:26:58,2178.4,2178.4,2178.6,8,40,16
9:26:58,2178.6,2178.4,2178.6,5,40,17
9:26:59,2178.6,2178.4,2178.6,7,41,13
9:26:59,2178.6,2178.4,2178.6,4,41,10
9:27:00,2178.4,2178.2,2178.4,45,14,39
9:27:00,2178.8,2178.8,2179,75,10,82
9:27:01,2179,2178.8,2179,9,2,81
9:27:01,2178.2,2178.2,2178.6,15,10,6
9:27:02,2178.2,2178.2,2178.4,10,1,1
9:27:02,2178.6,2178.6,2178.8,11,4,16
9:27:03,2178.8,2178.6,2178.8,1,4,40
9:27:03,2178.6,2178.6,2178.8,1,4,26
9:27:04,2178.6,2178.4,2178.6,4,3,5
9:27:04,2178.4,2178.2,2178.6,5,3,3
9:27:05,2178.6,2178.2,2178.6,1,3,2
9:27:05,2178.6,2178.6,2178.8,5,3,34
9:27:06,2178.8,2178.6,2178.8,2,2,34
9:27:06,2178.8,2178.6,2178.8,1,3,33
9:27:07,2178.8,2178.6,2178.8,8,4,26
9:27:07,2178.4,2178.2,2178.6,7,8,21
9:27:08,2178.6,2178.2,2178.6,1,10,22
9:27:08,2178.2,2178.2,2178.6,4,9,20
9:27:09,2178.6,2178.2,2178.6,2,13,26
9:27:10,2178.2,2178,2178.2,21,91,6
9:27:10,2178.2,2178,2178.2,5,91,1
9:27:11,2178.2,2178.2,2178.6,1,1,24
9:27:11,2178.6,2178.2,2178.4,1,2,5
9:27:12,2178.2,2178.2,2178.4,1,16,5
9:27:12,2178.4,2178.2,2178.4,2,7,5
9:27:13,2178.2,2178.2,2178.4,3,7,3
9:27:14,2178.2,2178,2178.4,3,97,4
9:27:15,2178.2,2178,2178.4,2,98,5
9:27:16,2178,2178,2178.4,6,95,10
9:27:16,2178.2,2178,2178.2,1,109,1
9:27:17,2178.4,2178,2178.6,13,108,32
9:27:17,2178.6,2178.2,2178.6,2,2,31
9:27:18,2178,2178,2178.4,17,93,1
9:27:18,2178.4,2178.2,2178.6,2,2,32
9:27:19,2178.2,2178.2,2178.6,1,2,44
9:27:19,2178.4,2178.4,2178.6,1,1,34
9:27:20,2178.4,2178.2,2178.4,6,4,5
9:27:20,2178.2,2178.2,2178.4,1,6,9
9:27:21,2178.4,2178.2,2178.4,3,2,7
9:27:23,2178.4,2178.2,2178.4,2,3,16
9:27:24,2178.4,2178.2,2178.4,1,5,15
9:27:24,2178.4,2178.2,2178.4,8,5,8
9:27:25,2178.4,2178.2,2178.4,3,5,5
9:27:25,2178.2,2178.2,2178.4,2,3,12
9:27:26,2178.4,2178.2,2178.4,2,4,10
9:27:26,2178.2,2178.2,2178.4,1,4,10
9:27:27,2178.4,2178.2,2178.4,1,5,10
9:27:27,2178.2,2178.2,2178.4,2,4,10
9:27:28,2178.2,2178.2,2178.4,1,3,13
9:27:28,2178.2,2178.2,2178.4,2,2,12
9:27:29,2178.4,2178.2,2178.4,1,3,11
9:27:30,2178.2,2178.2,2178.4,1,2,11
9:27:30,2178.2,2178,2178.4,2,128,11
9:27:31,2178.4,2178.2,2178.4,2,1,16
9:27:32,2178.2,2178.2,2178.4,2,14,16
9:27:32,2178.2,2178.2,2178.4,6,63,13
9:27:33,2178.2,2178.2,2178.4,3,44,10
9:27:33,2178.4,2178.4,2178.6,16,11,61
9:27:34,2178.4,2178.2,2178.6,3,49,64
9:27:35,2178.4,2178.2,2178.6,1,46,64
9:27:35,2178.2,2178.2,2178.6,2,44,64
9:27:36,2178.6,2178.2,2178.6,2,38,63
9:27:37,2178.2,2178.2,2178.6,1,38,63
9:27:37,2178.2,2178.2,2178.6,2,36,64
9:27:38,2178.6,2178.2,2178.6,1,36,64
9:27:38,2178.6,2178.2,2178.4,7,36,4
9:27:39,2178.2,2178.2,2178.4,1,35,6
9:27:39,2178.4,2178.2,2178.6,6,26,59
9:27:40,2178.2,2178.2,2178.6,18,14,53
9:27:40,2178.4,2178.2,2178.4,3,26,5
9:27:41,2178.2,2178.2,2178.4,3,9,20
9:27:41,2178.2,2178,2178.2,10,132,7
9:27:42,2178.2,2178,2178.2,9,133,1
9:27:42,2178.2,2178,2178.2,3,131,2
9:27:43,2178,2178,2178.2,6,141,8
9:27:43,2178.2,2178.2,2178.4,8,3,20
9:27:44,2178.2,2178,2178.4,4,127,40
9:27:44,2178.4,2178,2178.4,2,141,41
9:27:45,2178.4,2178,2178.4,2,127,40
9:27:45,2178,2178.2,2178.4,6,1,44
9:27:46,2178.2,2178,2178.2,2,135,3
9:27:47,2178.2,2178,2178.2,2,135,3
9:27:48,2178,2178,2178.2,6,119,10
9:27:49,2178,2178,2178.2,2,118,9
9:27:50,2178.2,2178,2178.2,21,98,38
9:27:51,2178,2177.8,2178,98,34,38
9:27:51,2177.8,2177.8,2178,18,30,51
9:27:52,2178,2177.8,2178,6,26,55
9:27:52,2177.8,2177.8,2178,3,23,56
9:27:53,2177.8,2177.8,2178,7,17,55
9:27:53,2177.8,2177.8,2178,10,7,56
9:27:54,2177.8,2177.8,2178,5,4,55
9:27:54,2177.8,2177.8,2178,4,2,56
9:27:55,2178,2177.6,2177.8,4,44,1
9:27:56,2177.6,2177.6,2177.8,1,43,6
9:27:56,2177.8,2177.6,2177.8,4,42,3
9:27:57,2177.6,2177.6,2177.8,5,40,2
9:27:57,2177.6,2177.6,2177.8,2,43,2
9:27:58,2177.6,2177.6,2177.8,5,39,6
9:27:58,2177.6,2177.6,2177.8,6,33,7
9:27:59,2177.6,2177.6,2177.8,2,32,6
9:27:59,2177.6,2177.6,2177.8,2,30,6
9:28:00,2177.6,2177.6,2177.8,13,17,4
9:28:00,2177.8,2177.6,2177.8,2,17,2
9:28:01,2177.6,2177.6,2177.8,5,12,3
9:28:01,2177.8,2177.6,2177.8,3,13,11
9:28:02,2177.6,2177.6,2177.8,12,32,10
9:28:02,2177.6,2177.6,2177.8,2,31,10
9:28:03,2177.6,2177.6,2177.8,3,29,11
9:28:03,2177.6,2177.6,2177.8,4,26,10
9:28:04,2177.6,2177.6,2177.8,3,24,9
9:28:04,2177.8,2177.6,2177.8,1,24,8
9:28:05,2177.6,2177.6,2177.8,1,25,22
9:28:05,2177.6,2177.4,2177.6,28,31,10
9:28:06,2177.4,2177.4,2177.6,24,14,7
9:28:06,2177.4,2177.4,2177.6,7,7,9
9:28:07,2177.4,2177.2,2177.4,7,86,28
9:28:07,2177.2,2177.2,2177.4,8,90,30
9:28:08,2177.2,2177.2,2177.4,18,79,29
9:28:08,2177.4,2177.2,2177.4,10,71,25
9:28:09,2177.2,2177.2,2177.4,32,43,25
9:28:09,2177.2,2177.2,2177.4,15,31,27
9:28:10,2177.2,2177.2,2177.4,30,1,27
9:28:10,2177.2,2177,2177.2,8,90,3
9:28:11,2177.2,2177,2177.2,16,88,3
9:28:11,2177.2,2177,2177.2,6,85,3
9:28:12,2177.2,2177.2,2177.4,7,22,21
9:28:12,2177.2,2177.2,2177.4,13,18,20
9:28:13,2177.2,2177.2,2177.4,44,5,5
9:28:13,2177.2,2177.2,2177.4,7,6,6
9:28:14,2177.4,2177.4,2177.6,21,9,20
9:28:14,2177.4,2177.2,2177.4,10,5,1
9:28:15,2177.2,2177.4,2177.6,5,2,22
9:28:15,2177.4,2177.2,2177.6,4,5,22
9:28:16,2177,2177,2177.4,22,75,1
9:28:16,2177.2,2177.2,2177.6,12,17,22
9:28:17,2177.2,2177.2,2177.4,21,1,10
9:28:17,2177.2,2177,2177.2,5,75,1
9:28:18,2177,2177,2177.4,11,73,5
9:28:18,2177.2,2177,2177.2,15,73,2
9:28:19,2177,2177,2177.2,3,71,4
9:28:19,2177.2,2177,2177.2,30,48,7
9:28:20,2177,2177,2177.2,2,47,10
9:28:20,2177,2177,2177.2,38,13,18
9:28:21,2177,2176.8,2177,17,41,6
9:28:21,2176.8,2176.8,2177,11,45,14
9:28:22,2176.8,2176.8,2177,23,29,33
9:28:22,2176.8,2176.8,2177,44,7,11
9:28:23,2176.6,2176.6,2176.8,15,62,32
9:28:23,2176.6,2176.6,2176.8,19,50,61
9:28:24,2176.6,2176.6,2176.8,16,40,60
9:28:24,2176.6,2176.6,2176.8,28,16,59
9:28:25,2176.8,2176.6,2176.8,17,11,49
9:28:25,2176.6,2176.4,2176.6,21,26,53
9:28:26,2176.4,2176.4,2176.6,48,3,51
9:28:26,2176.4,2176.2,2176.6,17,100,54
9:28:27,2176.6,2176.2,2176.4,23,98,2
9:28:27,2176.4,2176.4,2176.6,18,63,38
9:28:28,2176.6,2176.4,2176.6,10,75,36
9:28:28,2176.6,2176.4,2176.6,20,86,24
9:28:29,2176.6,2176.6,2176.8,95,55,62
9:28:29,2176.8,2176.6,2176.8,26,66,56
9:28:30,2176.6,2176.6,2176.8,12,74,50
9:28:30,2176.8,2176.6,2176.8,20,77,42
9:28:31,2176.6,2176.6,2176.8,4,74,41
9:28:31,2176.6,2176.6,2176.8,65,44,8
9:28:32,2176.8,2176.6,2176.8,7,36,6
9:28:32,2176.6,2176.6,2176.8,8,31,6
9:28:33,2176.8,2176.6,2176.8,3,27,14
9:28:33,2176.8,2176.6,2176.8,15,5,14
9:28:34,2176.6,2176.6,2176.8,6,4,14
9:28:34,2176.6,2176.6,2176.8,3,2,14
9:28:35,2176.8,2176.4,2176.6,5,24,1
9:28:35,2176.6,2176.6,2176.8,4,1,13
9:28:36,2176.4,2176.4,2176.6,5,25,3
9:28:36,2176.6,2176.4,2176.8,5,24,19
9:28:37,2176.8,2176.4,2176.6,3,24,4
9:28:37,2176.4,2176.4,2176.6,8,24,4
9:28:38,2176.6,2176.6,2176.8,11,2,19
9:28:38,2176.6,2176.4,2176.8,4,21,18
9:28:39,2176.8,2176.4,2176.8,11,21,11
9:28:39,2176.8,2176.6,2176.8,5,1,9
9:28:40,2176.8,2176.6,2176.8,2,3,8
9:28:40,2176.6,2176.6,2176.8,2,24,9
9:28:41,2176.8,2176.6,2176.8,7,29,7
9:28:41,2176.6,2176.6,2176.8,1,41,12
9:28:42,2176.8,2176.6,2176.8,5,38,12
9:28:42,2176.6,2176.6,2176.8,3,37,10
9:28:43,2176.8,2176.6,2176.8,4,51,10
9:28:43,2176.8,2176.6,2176.8,9,34,9
9:28:44,2176.8,2176.6,2177,21,24,56
9:28:44,2177,2176.8,2177,5,2,54
9:28:45,2176.8,2176.6,2176.8,9,20,2
9:28:45,2176.8,2176.6,2177,2,20,54
9:28:46,2177,2176.4,2177,57,5,55
9:28:46,2177,2176.4,2176.8,4,8,1
9:28:47,2176.6,2176.4,2176.6,8,20,7
9:28:47,2176.6,2176.4,2176.6,9,2,19
9:28:48,2176.4,2176.2,2176.4,10,112,22
9:28:48,2176.4,2176.2,2176.4,5,113,40
9:28:49,2176.2,2176.2,2176.4,22,94,29
9:28:49,2176.2,2176.2,2176.4,17,90,26
9:28:50,2176.2,2176.2,2176.4,9,82,29
9:28:50,2176.2,2176.2,2176.4,20,68,21
9:28:51,2176.4,2176.2,2176.4,4,67,19
9:28:51,2176.4,2176.2,2176.6,25,64,3
9:28:52,2176.6,2176.4,2176.6,10,25,1
9:28:52,2176.4,2176.4,2176.8,17,45,16
9:28:53,2176.4,2176.4,2176.8,4,58,17
9:28:53,2176.8,2176.6,2176.8,1,2,16
9:28:54,2176.6,2176.6,2176.8,17,22,9
9:28:54,2176.8,2176.6,2176.8,5,21,6
9:28:55,2177,2176.6,2176.8,13,19,1
9:28:55,2176.6,2176.6,2176.8,3,19,1
9:28:56,2176.8,2176.6,2177,3,2,57
9:28:56,2176.6,2176.6,2176.8,1,2,1
9:28:57,2176.8,2176.6,2176.8,6,4,6
9:28:57,2176.6,2176.6,2176.8,5,19,6
9:28:58,2176.8,2176.8,2177,16,8,58
9:28:58,2176.8,2176.8,2177,6,3,60
9:28:59,2176.8,2176.8,2177,2,2,62
9:28:59,2176.8,2176.6,2177,3,21,61
9:29:00,2177,2176.8,2177,2,1,62
9:29:00,2176.8,2176.6,2176.8,6,19,2
9:29:01,2176.8,2176.6,2176.8,10,15,12
9:29:01,2176.8,2176.6,2176.8,2,14,13
9:29:02,2176.8,2176.6,2176.8,7,10,11
9:29:02,2176.6,2176.4,2176.6,13,51,4
9:29:03,2176.6,2176.4,2176.8,14,42,9
9:29:03,2176.4,2176.4,2176.8,6,42,8
9:29:04,2176.6,2176.6,2176.8,4,23,6
9:29:04,2176.6,2176.6,2177,11,33,67
9:29:05,2176.6,2176.6,2177,4,33,67
9:29:05,2176.6,2176.6,2177,6,37,66
9:29:06,2176.6,2176.6,2176.8,17,33,3
9:29:06,2176.6,2176.6,2176.8,4,33,2
9:29:07,2176.8,2176.6,2176.8,4,31,20
9:29:07,2176.6,2176.6,2176.8,7,14,20
9:29:08,2176.6,2176.6,2176.8,7,8,34
9:29:09,2176.8,2176.6,2176.8,11,4,29
9:29:09,2176.4,2176.4,2176.8,10,65,26
9:29:10,2176.6,2176.4,2176.8,1,66,26
9:29:10,2176.8,2176.6,2176.8,3,1,24
9:29:11,2176.6,2176.6,2176.8,6,9,24
9:29:11,2176.6,2176.6,2176.8,17,16,8
9:29:12,2176.6,2176.6,2176.8,6,13,7
9:29:12,2176.8,2176.8,2177,7,12,64
9:29:13,2176.8,2176.8,2177,2,12,64
9:29:13,2176.8,2176.8,2177,5,11,64
9:29:14,2176.8,2176.8,2177,2,9,65
9:29:14,2177,2176.8,2177,10,4,58
9:29:15,2176.8,2176.6,2176.8,8,15,14
9:29:15,2176.8,2176.6,2176.8,2,29,14
9:29:16,2176.8,2176.6,2176.8,6,29,8
9:29:16,2176.8,2176.8,2177,10,7,60
9:29:17,2177,2176.8,2177,3,13,61
9:29:17,2177,2176.8,2177,3,19,61
9:29:18,2177,2176.8,2177,4,29,58
9:29:18,2177,2176.8,2177,7,34,51
9:29:19,2177,2176.8,2177,14,31,42
9:29:19,2177.2,2177,2177.2,45,37,27
9:29:20,2177,2177,2177.2,2,40,32
9:29:20,2177,2177,2177.2,10,39,23
9:29:21,2177,2177,2177.2,8,39,17
9:29:21,2177.2,2177,2177.2,3,39,14
9:29:22,2177.2,2177,2177.2,2,39,14
9:29:22,2177.2,2177,2177.2,8,37,8
9:29:23,2177.2,2177,2177.2,6,36,2
9:29:23,2177.4,2177.2,2177.4,6,4,19
9:29:24,2177.4,2177.2,2177.4,1,9,18
9:29:25,2177.2,2177.2,2177.4,4,12,16
9:29:25,2177.2,2177.2,2177.4,9,11,11
9:29:26,2177.2,2177.2,2177.4,7,9,7
9:29:27,2177.4,2177.2,2177.4,13,7,5
9:29:27,2177.4,2177.2,2177.4,5,6,2
9:29:28,2177.4,2177.2,2177.6,2,6,7
9:29:28,2177.4,2177.2,2177.6,1,7,9
9:29:29,2177.6,2177.4,2177.6,5,2,4
9:29:29,2177.6,2177.4,2177.6,1,2,3
9:29:30,2177.4,2177.2,2177.6,9,19,1
9:29:30,2177.2,2177.2,2177.8,5,18,12
9:29:31,2177.2,2177.2,2177.8,2,23,12
9:29:31,2177.8,2177.4,2177.8,3,2,16
9:29:32,2177.8,2177.2,2177.8,6,24,13
9:29:32,2177.8,2177.2,2177.6,3,23,2
9:29:33,2177.2,2177.6,2177.8,13,1,12
9:29:33,2177.8,2177.2,2177.6,12,16,24
9:29:35,2177.2,2177.2,2177.4,19,11,13
9:29:35,2177.4,2177.2,2177.4,2,12,27
9:29:36,2177.2,2177.2,2177.4,2,12,13
9:29:36,2177.4,2177.2,2177.4,4,12,9
9:29:37,2177.4,2177.2,2177.4,5,10,7
9:29:37,2177.4,2177.2,2177.4,1,10,7
9:29:39,2177.4,2177.2,2177.4,7,2,1
9:29:40,2177.2,2177.2,2177.6,12,3,49
9:29:40,2177.2,2177.2,2177.4,2,2,1
9:29:41,2177.2,2177.2,2177.4,1,2,1
9:29:42,2177.4,2177.2,2177.4,2,2,7
9:29:44,2177.4,2177.2,2177.4,15,3,11
9:29:44,2177.2,2177.2,2177.4,1,3,44
9:29:45,2177.4,2177.2,2177.4,3,2,42
9:29:45,2177.2,2177,2177.2,6,32,21
9:29:46,2177.2,2177,2177.2,7,32,27
9:29:46,2177,2177,2177.2,2,30,27
9:29:47,2177.2,2177,2177.2,4,30,24
9:29:48,2177.2,2177,2177.2,14,29,12
9:29:48,2177,2177,2177.2,2,28,13
9:29:49,2177.2,2177,2177.2,4,26,11
9:29:49,2177.2,2177,2177.2,3,28,11
9:29:50,2177.2,2177,2177.2,2,28,10
9:29:51,2177,2177,2177.2,4,24,10
9:29:51,2177,2177,2177.2,7,23,4
9:29:52,2177,2177,2177.2,16,8,4
9:29:52,2177.2,2177,2177.2,5,7,33
9:29:53,2177,2177,2177.2,2,5,33
9:29:53,2177,2177,2177.2,4,2,38
9:29:54,2177,2176.8,2177,2,24,1
9:29:54,2177,2176.8,2177,1,18,18
9:29:55,2176.8,2176.8,2177,1,17,19
9:29:56,2176.8,2176.8,2177,1,16,19
9:29:56,2176.8,2176.8,2177,4,13,19
9:29:57,2176.8,2176.8,2177,1,12,24
9:29:57,2176.8,2176.8,2177,7,7,23
9:29:58,2176.8,2176.8,2177,6,1,24
9:29:58,2176.8,2176.6,2176.8,1,18,1
9:29:59,2176.6,2176.4,2176.6,20,77,13
9:29:59,2176.6,2176.4,2176.6,21,77,2
9:30:00,2176.4,2176.4,2176.6,7,71,2
9:30:00,2176.8,2176.6,2176.8,46,1,11
9:30:01,2176.4,2176.4,2176.6,27,45,32
9:30:01,2176.4,2176.4,2176.6,24,33,23
9:30:02,2176.6,2176.4,2176.6,34,18,10
9:30:02,2177,2176.8,2177,27,4,13
9:30:03,2177.2,2176.8,2177.2,21,5,39
9:30:03,2176.8,2176.8,2177,3,11,3
9:30:04,2177,2176.8,2177.2,6,10,40
9:30:04,2176.8,2176.6,2176.8,10,15,4
9:30:05,2176.8,2176.8,2177.2,17,11,36
9:30:06,2177.2,2176.8,2177,4,12,2
9:30:06,2177,2176.8,2177,3,24,2
9:30:07,2177,2176.8,2177,1,24,3
9:30:08,2177,2176.8,2177,3,10,7
9:30:08,2177,2176.8,2177,4,9,5
9:30:09,2176.8,2177,2177.2,9,1,40
9:30:10,2177.2,2177,2177.2,3,5,38
9:30:10,2177.2,2177,2177.2,3,26,38
9:30:11,2177.2,2177,2177.2,8,25,33
9:30:11,2177,2177,2177.2,18,9,32
9:30:12,2177.2,2177,2177.2,2,10,19
9:30:12,2177.2,2177.2,2177.4,23,29,7
9:30:13,2177.4,2177.4,2177.6,8,4,28
9:30:13,2177.6,2177.4,2177.6,6,9,24
9:30:14,2177.6,2177.4,2177.6,4,10,21
9:30:14,2177.6,2177.4,2177.6,2,9,20
9:30:15,2177.6,2177.4,2177.6,3,11,18
9:30:15,2177.4,2177.4,2177.6,3,10,18
9:30:16,2177.6,2177.4,2177.6,3,8,15
9:30:16,2177.4,2177.4,2177.6,2,6,15
9:30:17,2177.4,2177.2,2177.4,7,34,1
9:30:17,2177.4,2177.4,2177.6,1,4,14
9:30:18,2178,2177.4,2177.8,37,5,1
9:30:18,2177.8,2177.6,2177.8,2,5,1
9:30:19,2178,2177.6,2178,8,8,18
9:30:19,2177.6,2177.6,2177.8,8,9,3
9:30:20,2177.6,2177.6,2178,13,9,8
9:30:20,2177.8,2177.6,2177.8,3,8,1
9:30:21,2177.6,2177.6,2178,13,13,4
9:30:21,2177.6,2177.6,2178,11,8,2
9:30:22,2178,2178,2178.2,7,1,7
9:30:22,2178,2177.6,2177.8,2,9,1
9:30:23,2177.8,2177.6,2178,3,10,3
9:30:23,2177.8,2177.8,2178,3,1,2
9:30:24,2177.8,2177.6,2177.8,1,14,3
9:30:24,2177.8,2177.6,2177.8,2,10,2
9:30:25,2177.8,2177.8,2178,2,1,6
9:30:25,2177.8,2177.8,2178,6,2,9
9:30:26,2177.6,2177.6,2178,6,13,7
9:30:26,2178,2177.6,2178,5,12,23
9:30:27,2177.6,2177.6,2177.8,4,10,19
9:30:27,2177.6,2177.4,2177.6,24,14,11
9:30:28,2177.6,2177.4,2177.6,13,9,4
9:30:28,2177.6,2177.4,2177.6,3,7,5
9:30:29,2177.6,2177.4,2177.6,5,6,5
9:30:29,2177.4,2177.2,2177.4,7,38,4
9:30:30,2177.4,2177.2,2177.4,2,38,2
9:30:30,2177.4,2177.2,2177.4,2,37,1
9:30:31,2177.2,2177.2,2177.6,3,36,7
9:30:31,2177.2,2177.2,2177.6,4,35,6
9:30:32,2177.2,2177.4,2177.6,1,20,18
9:30:32,2177.4,2177.4,2177.6,3,23,18
9:30:33,2177.6,2177.6,2177.8,28,7,41
9:30:33,2177.8,2177.6,2177.8,21,1,43
9:30:34,2177.4,2177.4,2177.8,2,12,46
9:30:35,2177.6,2177.4,2177.8,4,19,46
9:30:35,2177.4,2177.4,2177.6,1,18,1
9:30:36,2177.8,2177.4,2177.8,11,10,46
9:30:36,2177.8,2177.4,2177.6,1,12,1
9:30:37,2177.4,2177.4,2177.6,2,11,1
9:30:37,2177.4,2177.4,2177.6,3,9,2
9:30:38,2177.6,2177.4,2177.6,8,6,1
9:30:38,2177.6,2177.4,2177.6,5,5,15
9:30:39,2177.6,2177.4,2177.6,2,6,13
9:30:39,2177.6,2177.4,2177.6,6,14,3
9:30:40,2177.4,2177.2,2177.4,15,39,1
9:30:40,2177.6,2177.6,2177.8,4,1,50
9:30:41,2177.4,2177.2,2177.4,2,38,1
9:30:41,2177.4,2177.2,2177.8,4,45,51
9:30:42,2177.4,2177.4,2177.8,1,1,51
9:30:42,2177.2,2177.2,2177.6,2,46,3
9:30:43,2177.4,2177.4,2177.6,2,4,4
9:30:43,2177.6,2177.4,2177.6,5,3,3
9:30:44,2177.4,2177.4,2177.6,7,14,3
9:30:44,2177.4,2177.4,2177.6,1,13,4
9:30:45,2177.6,2177.6,2177.8,4,3,55
9:30:45,2177.6,2177.4,2177.6,3,13,1
9:30:46,2177.6,2177.4,2177.6,1,15,1
9:30:46,2177.4,2177.2,2177.4,19,46,10
9:30:47,2177.4,2177.2,2177.4,1,47,10
9:30:47,2177.4,2177.2,2177.4,4,49,10
9:30:48,2177.4,2177.2,2177.4,6,49,4
9:30:48,2177.4,2177.2,2177.4,32,18,4
9:30:49,2177.2,2177.2,2177.4,6,14,6
9:30:49,2177.2,2177.2,2177.4,3,11,8
9:30:50,2177.2,2177,2177.2,11,21,1
9:30:50,2177.4,2177,2177.4,3,21,7
9:30:51,2177.4,2177.2,2177.4,2,2,5
9:30:51,2177,2176.8,2177,35,14,12
9:30:52,2176.8,2176.8,2177,2,24,12
9:30:52,2176.8,2176.8,2177,13,11,13
9:30:53,2177,2176.8,2177,3,9,13
9:30:53,2177,2176.8,2177,2,9,11
9:30:54,2177,2176.8,2177,2,8,10
9:30:54,2176.8,2176.8,2177,3,20,9
9:30:55,2176.8,2176.8,2177,1,19,9
9:30:55,2177,2176.8,2177,4,18,6
9:30:56,2176.8,2176.8,2177,3,18,5
9:30:56,2177,2176.8,2177,2,17,4
9:30:57,2177,2177,2177.2,12,38,1
9:30:57,2177,2177,2177.4,8,32,5
9:30:58,2177,2177,2177.4,3,35,5
9:30:58,2177,2177,2177.4,4,32,7
9:31:00,2177.2,2177.2,2177.4,7,7,8
9:31:00,2176.8,2176.8,2177.2,65,20,1
9:31:01,2176.8,2176.8,2177,2,18,3
9:31:01,2176.8,2176.8,2177,4,16,2
9:31:02,2176.6,2176.6,2176.8,13,10,1
9:31:02,2176.6,2176.6,2176.8,8,3,4
9:31:03,2176.6,2176.4,2176.6,13,11,6
9:31:03,2176.6,2176.4,2176.6,5,10,11
9:31:04,2176.6,2176.4,2176.6,12,9,21
9:31:04,2176.4,2176.2,2176.6,12,136,28
9:31:05,2176.2,2176.2,2176.4,4,132,17
9:31:05,2176.2,2176.2,2176.4,16,120,15
9:31:06,2176.2,2176.2,2176.4,30,92,17
9:31:06,2176.2,2176.2,2176.4,88,5,20
9:31:07,2176.2,2176,2176.2,8,103,12
9:31:07,2176.2,2176,2176.2,19,100,81
9:31:08,2176,2176,2176.2,38,66,74
9:31:08,2176.2,2176,2176.2,39,29,74
9:31:09,2176,2175.8,2176,30,67,4
9:31:09,2176,2175.8,2176,6,72,11
9:31:10,2176,2176,2176.2,81,5,84
9:31:10,2176.2,2175.6,2175.8,49,65,1
9:31:11,2176,2176,2176.2,19,4,87
9:31:11,2176,2176,2176.2,8,4,87
9:31:12,2176,2175.8,2176,12,6,9
9:31:12,2175.8,2175.8,2176,9,2,8
9:31:13,2176,2175.8,2176,9,3,11
9:31:13,2175.8,2175.8,2176,7,1,45
9:31:14,2175.8,2175.6,2175.8,8,60,37
9:31:14,2175.6,2175.6,2175.8,10,56,39
9:31:15,2175.6,2175.6,2175.8,38,21,42
9:31:15,2175.6,2175.4,2175.6,25,22,8
9:31:16,2175.6,2175.4,2175.6,5,32,24
9:31:16,2175.6,2175.2,2175.6,41,122,20
9:31:17,2175.4,2175.2,2175.6,6,119,26
9:31:17,2175.2,2175.2,2175.6,132,22,15
9:31:18,2175.6,2175.4,2175.6,55,3,13
9:31:18,2175,2175,2175.2,5,60,18
9:31:19,2175.2,2175,2175.2,17,75,7
9:31:19,2175.2,2175.2,2175.4,49,5,6
9:31:20,2175.4,2175.2,2175.4,38,8,4
9:31:20,2175.2,2175.2,2175.4,21,4,2
9:31:21,2175.2,2175.2,2175.6,17,27,28
9:31:21,2175.6,2175.4,2175.6,30,3,23
9:31:22,2175.6,2175.4,2175.6,32,6,25
9:31:22,2175,2175,2175.2,11,36,6
9:31:23,2175.4,2175.2,2175.4,11,17,4
9:31:23,2175.4,2175.2,2175.4,25,15,11
9:31:24,2175.4,2175.2,2175.4,25,14,11
9:31:24,2175.2,2175.2,2175.4,20,5,9
9:31:25,2175.4,2175.2,2175.4,13,4,6
9:31:25,2175.6,2175.4,2175.6,11,5,13
9:31:26,2175.4,2175.4,2175.6,4,103,13
9:31:26,2175.8,2175.6,2175.8,26,29,53
9:31:27,2175.6,2175.6,2175.8,23,31,44
9:31:27,2175.6,2175.6,2175.8,27,83,30
9:31:28,2175.6,2175.6,2175.8,15,69,23
9:31:28,2175.8,2175.8,2176,28,16,64
9:31:29,2175.8,2175.8,2176,5,18,64
9:31:29,2176,2175.8,2176,24,7,48
9:31:30,2175.8,2175.8,2176,17,4,36
9:31:30,2175.8,2175.8,2176,6,3,36
9:31:31,2176,2175.8,2176,12,4,36
9:31:31,2175.8,2175.6,2175.8,13,64,21
9:31:32,2175.8,2175.6,2175.8,10,62,21
9:31:32,2175.8,2175.6,2175.8,7,48,27
9:31:33,2175.8,2175.6,2175.8,12,45,31
9:31:33,2175.6,2175.6,2175.8,22,26,32
9:31:34,2175.6,2175.4,2175.6,55,103,27
9:31:34,2175.6,2175.4,2175.6,44,88,1
9:31:35,2175.6,2175.4,2175.8,14,76,13
9:31:35,2175.8,2175.4,2175.8,16,71,6
9:31:36,2175.4,2175.4,2175.8,48,30,6
9:31:36,2175.6,2175.4,2175.6,2,30,6
9:31:37,2175.6,2175.4,2175.6,12,29,13
9:31:37,2175.4,2175.4,2175.8,8,25,13
9:31:38,2175.4,2175.4,2175.8,7,20,13
9:31:38,2175.8,2175.6,2175.8,4,2,11
9:31:39,2175.8,2175.4,2175.8,8,22,10
9:31:39,2175.8,2175.4,2175.8,4,21,12
9:31:40,2175.4,2175.4,2175.6,3,45,2
9:31:40,2175.6,2175.4,2175.8,6,41,12
9:31:41,2175.8,2175.6,2175.8,5,6,9
9:31:41,2175.8,2175.6,2175.8,5,5,8
9:31:42,2175.6,2175.6,2175.8,6,26,11
9:31:43,2175.8,2175.8,2176,12,2,40
9:31:43,2175.6,2175.6,2176,21,13,41
9:31:44,2175.6,2175.8,2176,2,2,42
9:31:44,2176,2175.6,2176,10,32,41
9:31:45,2176,2175.6,2176,5,32,39
9:31:45,2175.8,2175.6,2176,9,29,48
9:31:46,2176,2175.6,2176,14,27,45
9:31:46,2175.6,2175.6,2176,3,26,49
9:31:47,2175.6,2175.6,2176,12,23,45
9:31:47,2175.6,2175.6,2176,4,22,47
9:31:48,2175.6,2175.4,2175.6,25,49,7
9:31:48,2175.4,2175.4,2175.6,2,48,11
9:31:49,2175.6,2175.4,2175.6,6,45,6
9:31:49,2175.4,2175.4,2175.6,6,43,3
9:31:50,2175.6,2175.4,2175.6,18,29,1
9:31:50,2175.6,2175.4,2175.6,4,27,2
9:31:51,2175.4,2175.4,2175.8,28,4,15
9:31:51,2175.4,2175.2,2175.4,5,61,2
9:31:52,2175.4,2175.2,2175.4,1,62,7
9:31:52,2175.4,2175.2,2175.4,2,62,14
9:31:53,2175.4,2175.2,2175.4,9,61,22
9:31:53,2175.2,2175.2,2175.4,5,62,23
9:31:54,2175.2,2175.2,2175.4,4,60,20
9:31:54,2175.2,2175.2,2175.4,13,58,14
9:31:55,2175.2,2175.2,2175.4,24,52,9
9:31:55,2175.2,2175.2,2175.4,9,45,6
9:31:56,2175.2,2175.2,2175.4,6,39,4
9:31:56,2175.4,2175.4,2175.6,23,23,11
9:31:57,2175.4,2175.4,2175.6,11,21,4
9:31:57,2175.4,2175.4,2175.6,4,17,10
9:31:58,2175.4,2175.4,2175.6,6,23,7
9:31:58,2175.6,2175.4,2175.6,20,16,3
9:31:59,2175.6,2175.4,2175.6,15,15,17
9:31:59,2175.6,2175.4,2175.6,2,17,15
9:32:00,2175.4,2175.4,2175.6,19,46,7
9:32:00,2175.6,2175.4,2175.6,25,34,3
9:32:01,2175.6,2175.6,2175.8,20,34,32
9:32:01,2175.6,2175.6,2175.8,20,16,34
9:32:02,2175.8,2175.6,2175.8,33,9,17
9:32:02,2175.2,2175.2,2175.8,54,42,8
9:32:03,2175.4,2175.2,2175.4,7,35,1
9:32:03,2175.2,2175.4,2175.8,29,4,15
9:32:04,2175.4,2175.4,2175.6,5,5,1
9:32:04,2175,2175,2175.4,32,132,10
9:32:05,2175,2175,2175.2,15,122,2
9:32:05,2175,2175,2175.4,47,35,4
9:32:06,2175,2175,2175.2,57,32,6
9:32:06,2175,2174.8,2175,42,36,19
9:32:07,2174.8,2174.8,2175,26,19,49
9:32:07,2174.8,2174.6,2174.8,29,51,3
9:32:08,2174.6,2174.6,2174.8,63,20,1
9:32:08,2174.6,2174.8,2175,27,2,30
9:32:09,2174.8,2174.8,2175,25,10,29
9:32:09,2175,2174.8,2175,24,27,19
9:32:10,2175,2175,2175.2,27,13,32
9:32:10,2175,2175,2175.2,21,11,28
9:32:11,2175.2,2175,2175.2,20,22,16
9:32:11,2175,2175,2175.2,4,22,16
9:32:12,2175,2175,2175.2,16,10,15
9:32:12,2175,2175,2175.2,5,7,15
9:32:13,2174.8,2174.8,2175,14,18,2
9:32:13,2175.2,2175.2,2175.4,24,33,21
9:32:14,2175.2,2175.2,2175.4,10,73,23
9:32:14,2175.2,2175.2,2175.6,47,51,16
9:32:15,2175.2,2175.2,2175.6,6,47,7
9:32:15,2175.2,2175.2,2175.6,7,45,3
9:32:16,2175.6,2175.6,2175.8,16,53,48
9:32:16,2175.6,2175.6,2175.8,4,50,49
9:32:17,2175.6,2175.6,2175.8,13,43,43
9:32:17,2175.6,2175.6,2175.8,8,38,40
9:32:18,2175.8,2175.6,2175.8,17,28,42
9:32:18,2175.6,2175.6,2175.8,16,26,29
9:32:19,2175.8,2175.6,2175.8,14,23,20
9:32:19,2175.6,2175.6,2175.8,14,10,21
9:32:20,2175.6,2175.6,2175.8,11,4,18
9:32:20,2175.6,2175.4,2175.8,5,14,33
9:32:21,2175.4,2175.4,2175.6,3,11,3
9:32:21,2175.4,2175.4,2175.6,1,10,3
9:32:22,2175.4,2175.4,2175.6,1,9,20
9:32:22,2175.4,2175.2,2175.4,10,61,18
9:32:23,2175.4,2175.2,2175.4,45,19,15
9:32:24,2175.4,2175.2,2175.4,3,21,12
9:32:24,2175.4,2175.2,2175.4,5,30,10
9:32:25,2175.4,2175.2,2175.4,1,31,9
9:32:25,2175.6,2175.2,2175.6,11,30,37
9:32:26,2175.2,2175.2,2175.6,18,21,32
9:32:26,2175.4,2175.4,2175.6,3,2,32
9:32:27,2175.2,2175.2,2175.6,4,21,62
9:32:27,2175.6,2175.4,2175.6,2,1,67
9:32:28,2175.4,2175.2,2175.4,5,26,18
9:32:28,2175.4,2175.2,2175.4,3,27,19
9:32:29,2175.4,2175.2,2175.4,15,16,10
9:32:29,2175.4,2175.2,2175.4,9,15,5
9:32:30,2175.2,2175,2175.2,20,27,2
9:32:30,2175.2,2175,2175.2,4,24,1
9:32:31,2175.4,2175,2175.2,2,24,1
9:32:31,2175,2175,2175.2,3,27,5
9:32:32,2175,2175,2175.2,12,20,3
9:32:32,2175.2,2175.2,2175.4,8,6,8
9:32:33,2175,2175.2,2175.4,10,1,8
9:32:33,2175.2,2175,2175.2,12,11,4
9:32:34,2175,2175,2175.2,7,8,7
9:32:34,2175.2,2175,2175.2,4,8,3
9:32:35,2175.2,2175,2175.2,3,7,2
9:32:35,2175,2174.8,2175.2,9,21,2
9:32:36,2175.2,2175.2,2175.4,9,2,19
9:32:36,2175,2174.8,2175,10,22,9
9:32:37,2175,2174.8,2175,7,20,11
9:32:37,2174.8,2174.8,2175,4,21,8
9:32:38,2175,2174.8,2175,10,16,5
9:32:38,2175.2,2175,2175.2,16,2,3
9:32:39,2175,2175,2175.2,4,1,8
9:32:39,2175,2174.8,2175,6,12,1
9:32:40,2175,2175,2175.2,7,13,5
9:32:40,2175,2175,2175.2,10,11,2
9:32:41,2174.8,2175,2175.4,19,2,17
9:32:41,2175.4,2175.2,2175.4,5,2,14
9:32:42,2175.2,2175,2175.2,9,4,8
9:32:42,2174.8,2174.6,2174.8,23,12,8
9:32:43,2174.8,2174.6,2174.8,5,12,3
9:32:43,2174.8,2174.6,2175,13,3,27
9:32:44,2174.8,2174.6,2174.8,7,6,14
9:32:44,2174.6,2174.6,2174.8,6,3,17
9:32:45,2174.6,2174.6,2174.8,3,2,17
9:32:45,2174.4,2174.4,2174.6,5,28,8
9:32:46,2174.6,2174.4,2174.6,3,30,17
9:32:46,2174.6,2174.4,2174.6,29,25,1
9:32:47,2174.4,2174.4,2174.6,8,17,4
9:32:47,2174.6,2174.6,2174.8,9,27,14
9:32:48,2174.8,2174.6,2174.8,26,9,5
9:32:48,2174.6,2174.6,2175,21,9,37
9:32:49,2174.6,2174.6,2174.8,3,9,9
9:32:49,2174.4,2174.4,2174.8,14,17,12
9:32:50,2174.6,2174.4,2174.6,5,13,4
9:32:50,2174.6,2174.6,2174.8,8,4,11
9:32:51,2174.4,2174.4,2174.8,7,12,13
9:32:51,2174.4,2174.2,2174.4,16,65,40
9:32:52,2174.4,2174.2,2174.4,13,72,44
9:32:52,2174.2,2174.2,2174.4,6,68,47
9:32:53,2174.2,2174.2,2174.4,34,32,47
9:32:53,2174.4,2174,2174.4,49,98,44
9:32:54,2174.2,2174,2174.2,18,96,8
9:32:54,2174.2,2174.2,2174.4,28,2,36
9:32:55,2174,2174,2174.2,88,11,3
9:32:55,2173.8,2173.8,2174,30,16,8
9:32:56,2174,2173.8,2174,17,21,4
9:32:56,2174,2174,2174.4,22,3,30
9:32:57,2174.4,2173.8,2174.4,38,4,27
9:32:57,2174.2,2174,2174.2,28,23,3
9:32:58,2174.2,2174,2174.2,9,21,2
9:32:58,2174,2174.2,2174.4,24,9,28
9:32:59,2174.2,2174,2174.2,82,8,4
9:32:59,2174,2174.2,2174.4,7,5,2
9:33:00,2174.4,2174.2,2174.4,32,1,2
9:33:00,2174.2,2174,2174.4,18,1,11
9:33:01,2174.2,2174.2,2174.4,41,11,32
9:33:01,2173.6,2173.6,2174,68,70,1
9:33:02,2173.6,2173.8,2174,110,3,8
9:33:02,2173.6,2173.2,2173.4,28,33,2
9:33:03,2173.6,2173.4,2173.6,13,7,1
9:33:03,2173.2,2173.2,2173.4,31,27,6
9:33:04,2173,2173,2173.2,41,50,1
9:33:04,2172.8,2172.8,2173,81,16,3
9:33:05,2172.6,2172.6,2172.8,39,9,34
9:33:05,2172.6,2172.4,2172.6,49,8,34
9:33:06,2172.6,2172.6,2172.8,83,27,18
9:33:06,2172.8,2172.8,2173,41,9,10
9:33:07,2173,2173,2173.2,71,14,7
9:33:07,2173.2,2173,2173.2,25,24,15
9:33:08,2173.2,2173,2173.2,25,28,7
9:33:08,2173.2,2173,2173.2,41,35,4
9:33:09,2173.8,2173.4,2173.8,51,1,13
9:33:09,2173.2,2173.2,2173.6,22,38,16
9:33:10,2173.4,2173.2,2173.4,18,48,9
9:33:10,2173.4,2173.2,2173.4,11,45,23
9:33:11,2173.2,2173.2,2173.4,25,30,11
9:33:11,2173.4,2173.2,2173.4,19,11,6
9:33:12,2173.4,2173.2,2173.4,10,5,11
9:33:12,2173.2,2173,2173.4,18,48,4
9:33:13,2173,2173,2173.2,18,42,9
9:33:13,2173,2173,2173.2,31,28,29
9:33:14,2173.2,2173,2173.2,10,37,24
9:33:14,2173.2,2172.8,2173,53,30,38
9:33:15,2173,2172.8,2173,14,19,45
9:33:15,2172.8,2172.6,2173,35,53,23
9:33:16,2172.8,2172.6,2172.8,6,52,23
9:33:16,2172.6,2172.6,2172.8,9,55,17
9:33:17,2172.6,2172.6,2172.8,34,31,11
9:33:17,2172.6,2172.4,2172.6,42,28,3
9:33:18,2172.4,2172.4,2172.6,25,14,30
9:33:18,2172.6,2172.6,2172.8,72,6,1
9:33:19,2172.6,2172.2,2172.6,19,73,2
9:33:19,2172.8,2172.4,2172.8,10,5,4
9:33:20,2172.6,2172.8,2173,12,2,76
9:33:20,2172.6,2172.6,2172.8,29,5,1
9:33:21,2172.6,2172.6,2172.8,22,14,5
9:33:21,2172.8,2172.8,2173,10,4,64
9:33:22,2172.8,2172.8,2173,28,12,78
9:33:22,2173,2172.8,2173,79,18,17
9:33:23,2173,2173,2173.2,46,28,19
9:33:23,2173,2173,2173.2,34,4,18
9:33:24,2173,2172.8,2173,18,17,32
9:33:24,2172.8,2172.8,2173,8,12,31
9:33:25,2173,2172.8,2173,11,10,24
9:33:25,2173,2172.6,2173,39,29,21
9:33:26,2172.8,2172.6,2173,8,38,17
9:33:26,2172.6,2172.4,2172.8,43,39,1
9:33:27,2172.8,2172.8,2173,13,6,15
9:33:27,2172.8,2172.4,2172.8,44,12,6
9:33:28,2172.8,2172.6,2172.8,10,21,15
9:33:28,2172.6,2172.6,2172.8,18,18,13
9:33:29,2172.6,2172.6,2172.8,4,35,15
9:33:29,2172.8,2172.6,2172.8,2,37,15
9:33:30,2172.6,2172.6,2172.8,13,29,9
9:33:30,2172.8,2172.6,2172.8,9,31,1
9:33:31,2173,2172.8,2173,16,5,23
9:33:31,2173,2172.8,2173,11,5,12
9:33:32,2173,2172.8,2173,18,9,7
9:33:32,2172.8,2172.8,2173,5,15,7
9:33:33,2173,2172.8,2173,2,48,7
9:33:33,2173,2173,2173.2,12,10,35
9:33:34,2173.2,2173,2173.2,2,15,34
9:33:34,2173.2,2173,2173.2,5,18,35
9:33:35,2173.2,2173,2173.2,11,16,31
9:33:35,2173,2173,2173.2,12,17,20
9:33:36,2173,2173,2173.2,18,26,4
9:33:36,2173,2173.2,2173.4,20,1,19
9:33:37,2173.2,2173,2173.2,8,23,18
9:33:37,2173.2,2173,2173.2,10,23,9
9:33:38,2173.2,2173,2173.2,1,23,8
9:33:38,2173.2,2173,2173.2,8,25,6
9:33:39,2173.2,2173,2173.2,9,19,9
9:33:39,2173,2173,2173.2,20,3,7
9:33:40,2173.2,2173.2,2173.4,14,10,24
9:33:40,2173.2,2173,2173.2,16,9,9
9:33:41,2173.2,2173,2173.2,7,7,11
9:33:41,2173.2,2173,2173.2,18,3,3
9:33:42,2173,2172.8,2173,16,33,10
9:33:42,2173.2,2173.2,2173.4,33,1,34
9:33:43,2173.2,2173,2173.2,4,1,1
9:33:43,2173.4,2173,2173.4,3,2,33
9:33:44,2173.2,2173,2173.4,5,3,33
9:33:44,2173,2172.8,2173,6,36,2
9:33:45,2173,2173,2173.2,6,2,7
9:33:46,2173.2,2173,2173.2,7,1,28
9:33:46,2173,2172.8,2173,7,37,11
9:33:47,2173,2172.8,2173,2,37,29
9:33:47,2173,2172.8,2173,2,37,34
9:33:48,2173,2172.8,2173,25,37,14
9:33:48,2173,2172.8,2173,35,5,9
9:33:49,2172.8,2172.6,2172.8,8,43,10
9:33:49,2172.8,2172.6,2172.8,15,45,11
9:33:50,2172.6,2172.6,2172.8,19,38,8
9:33:50,2172.6,2172.6,2172.8,4,37,6
9:33:51,2172.6,2172.6,2172.8,7,36,5
9:33:51,2172.6,2172.6,2172.8,5,35,1
9:33:52,2172.6,2172.6,2173,27,12,7
9:33:53,2172.8,2172.8,2173,9,1,7
9:33:53,2172.8,2172.6,2172.8,1,18,13
9:33:54,2172.6,2172.6,2172.8,4,20,8
9:33:54,2172.8,2172.6,2172.8,4,20,4
9:33:55,2172.8,2172.6,2172.8,3,17,10
9:33:55,2172.8,2172.6,2172.8,4,18,18
9:33:56,2172.6,2172.6,2172.8,4,15,17
9:33:56,2172.6,2172.6,2172.8,6,16,24
9:33:57,2172.6,2172.6,2172.8,6,13,21
9:33:57,2172.8,2172.6,2172.8,31,1,23
9:33:58,2172.8,2172.6,2172.8,11,2,18
9:33:58,2172.6,2172.4,2172.6,12,32,1
9:33:59,2172.8,2172.6,2172.8,8,4,12
9:33:59,2172.8,2172.6,2172.8,19,5,5
9:34:00,2172.8,2172.6,2172.8,2,20,4
9:34:00,2172.8,2172.8,2173,80,4,20
9:34:01,2172.8,2172.8,2173,32,2,12
9:34:01,2172.6,2172.6,2173,48,7,6
9:34:02,2172.8,2172.6,2172.8,31,4,2
9:34:02,2172.8,2172.6,2173.2,4,7,22
9:34:03,2172.6,2172.4,2172.6,23,4,17
9:34:03,2172.6,2172.2,2172.6,23,86,12
9:34:04,2172.8,2172.6,2172.8,14,3,2
9:34:04,2172.6,2172.6,2172.8,4,16,12
9:34:05,2172.8,2172.8,2173,41,3,16
9:34:05,2172.8,2172.6,2172.8,6,3,1
9:34:06,2172.6,2172.6,2172.8,10,6,7
9:34:06,2172.8,2172.6,2172.8,7,11,30
9:34:07,2172.8,2172.6,2172.8,5,10,29
9:34:07,2172.8,2172.6,2172.8,19,1,36
9:34:08,2172.6,2172.4,2172.6,12,12,29
9:34:08,2172.6,2172.4,2172.6,19,3,20
9:34:09,2172.4,2172.2,2172.4,4,110,25
9:34:09,2172.2,2172.2,2172.4,4,108,27
9:34:10,2172.4,2172.2,2172.4,36,76,26
9:34:10,2172.2,2172.2,2172.4,42,49,12
9:34:11,2172,2172,2172.2,84,128,42
9:34:11,2172,2172,2172.2,33,97,48
9:34:12,2172,2171.8,2172,116,82,21
9:34:12,2171.8,2171.8,2172,74,50,7
9:34:13,2171.8,2171.6,2171.8,108,37,27
9:34:13,2171.8,2171.6,2171.8,31,30,21
9:34:14,2171.6,2171.6,2171.8,9,34,27
9:34:14,2171.8,2171.6,2171.8,28,29,5
9:34:15,2172,2171.8,2172,9,51,16
9:34:15,2172,2171.8,2172,21,58,4
9:34:16,2172,2172,2172.2,26,27,6
9:34:16,2172,2172,2172.4,64,1,3
9:34:17,2171.8,2172,2172.2,22,2,4
9:34:17,2171.8,2171.8,2172,31,30,1
9:34:18,2172,2171.8,2172,30,6,28
9:34:18,2171.8,2171.6,2171.8,16,27,45
9:34:19,2171.4,2171.4,2171.6,31,46,15
9:34:19,2171.4,2171.2,2171.4,55,57,4
9:34:20,2171,2171,2171.2,80,69,1
9:34:20,2171,2171,2171.2,53,26,12
9:34:21,2171.4,2170.8,2171,46,29,1
9:34:21,2171,2170.8,2171,51,2,3
9:34:22,2170.8,2170.6,2170.8,53,56,10
9:34:22,2170.8,2170.8,2171,49,6,1
9:34:23,2170.8,2170.8,2171.2,46,2,8
9:34:23,2170.8,2170.8,2171.2,61,23,16
9:34:24,2170.6,2170.8,2171,45,2,1
9:34:24,2171,2170.6,2170.8,26,33,15
9:34:25,2170.6,2170.6,2170.8,55,13,5
9:34:25,2170.4,2170.4,2170.6,33,44,4
9:34:26,2170.4,2170.4,2170.6,40,10,1
9:34:26,2170.4,2170.2,2170.4,40,104,2
9:34:27,2170.4,2170.4,2170.6,41,22,2
9:34:27,2170.2,2170.4,2171,84,1,5
9:34:28,2170.4,2170.2,2170.4,159,3,1
9:34:28,2170.4,2170,2170.4,35,61,3
9:34:29,2170,2170,2170.2,56,24,2
9:34:29,2169.8,2169.6,2169.8,101,16,31
9:34:30,2169.4,2169.2,2169.4,89,34,4
9:34:30,2169.4,2169.4,2169.6,61,3,19
9:34:31,2169.8,2169.6,2169.8,101,5,5
9:34:31,2169.8,2169.8,2170,21,21,60
9:34:32,2170,2169.6,2170,62,43,42
9:34:32,2170,2169.6,2170,51,32,35
9:34:33,2170,2170,2170.2,40,23,35
9:34:33,2170.2,2170,2170.2,36,20,16
9:34:34,2170,2170,2170.2,39,1,26
9:34:34,2170,2170,2170.4,59,18,11
9:34:35,2170.4,2170.2,2170.4,15,2,10
9:34:35,2171,2170.2,2171,35,2,18
9:34:36,2170.8,2170.4,2170.8,38,12,15
9:34:36,2170.8,2170.4,2170.6,47,2,1
9:34:37,2170.6,2170.2,2170.6,16,4,10
9:34:37,2170.2,2170,2170.2,14,37,8
9:34:38,2170.4,2170.2,2170.6,20,11,16
9:34:38,2170.2,2170,2170.2,34,27,8
9:34:39,2170.4,2170.2,2170.4,32,1,2
9:34:39,2170.2,2170,2170.2,11,37,13
9:34:40,2170.2,2170,2170.2,20,24,9
9:34:40,2170,2170,2170.4,31,18,14
9:34:41,2170,2169.8,2170,44,11,15
9:34:41,2170,2170,2170.6,66,4,30
9:34:42,2169.8,2169.6,2169.8,44,28,12
9:34:42,2170,2169.6,2170,13,30,1
9:34:43,2170,2170,2170.2,39,15,2
9:34:43,2170.2,2170.2,2170.4,11,8,25
9:34:44,2170,2169.8,2170,43,17,69
9:34:44,2169.8,2169.6,2169.8,81,25,36
9:34:45,2169.6,2169.4,2169.6,68,35,9
9:34:45,2169.2,2169,2169.2,59,75,4
9:34:46,2169,2169,2169.2,85,19,1
9:34:46,2169.8,2169,2169.8,57,9,6
9:34:47,2169.2,2169.2,2169.8,55,38,11
9:34:47,2169.4,2169.4,2169.8,84,137,16
9:34:48,2169.6,2169.6,2170,51,111,46
9:34:48,2170,2170,2170.2,68,72,4
9:34:49,2170.2,2170.2,2170.4,44,58,20
9:34:49,2170.2,2170.4,2170.6,57,5,9
9:34:50,2170.4,2170.4,2170.6,42,7,1
9:34:50,2170.4,2170.2,2170.4,30,21,11
9:34:51,2170.8,2170.6,2171,22,1,5
9:34:51,2171,2170.6,2171,19,9,11
9:34:52,2171,2170.6,2171,16,3,11
9:34:52,2171,2171,2171.2,24,39,2
9:34:53,2171,2171,2171.2,20,22,1
9:34:53,2171.2,2171,2171.2,15,12,20
9:34:54,2170.6,2170.6,2171,30,2,35
9:34:54,2170.8,2170.4,2170.8,47,30,30
9:34:55,2170.6,2170.4,2170.6,27,26,2
9:34:55,2170.6,2170.4,2170.6,21,13,9
9:34:56,2170.4,2170.4,2170.8,18,29,1
9:34:56,2170.4,2170.4,2170.8,13,29,2
9:34:57,2170.4,2170.2,2170.4,36,11,9
9:34:57,2170.2,2170,2170.2,16,29,1
9:34:58,2170.2,2170.2,2170.4,15,2,8
9:34:58,2170.2,2170,2170.2,24,64,4
9:34:59,2170.2,2170,2170.2,20,65,65
9:34:59,2170.2,2170,2170.2,55,78,10
9:35:00,2170,2170,2170.2,18,78,8
9:35:00,2170,2170,2170.4,104,13,11
9:35:01,2170.2,2170.2,2170.6,129,13,10
9:35:01,2169.8,2169.2,2169.6,90,44,2
9:35:02,2169.6,2169.4,2169.6,79,2,6
9:35:02,2170,2169.6,2170,52,3,10
9:35:03,2170,2169.6,2169.8,27,16,4
9:35:03,2169.6,2169.6,2170,72,22,2
9:35:04,2170,2169.8,2170,9,56,12
9:35:04,2170.2,2170.2,2170.4,21,9,17
9:35:05,2170.4,2170.2,2170.4,31,6,9
9:35:05,2170.2,2170.2,2170.4,8,17,19
9:35:06,2170.4,2170.4,2170.6,42,19,37
9:35:06,2170.6,2170.4,2170.6,35,1,35
9:35:07,2170.6,2170.2,2170.4,15,12,16
9:35:07,2170.4,2170.2,2170.4,35,3,3
9:35:08,2170.6,2170.6,2170.8,48,11,15
9:35:08,2170.6,2170.6,2170.8,12,1,18
9:35:09,2170.6,2170.4,2170.6,48,36,11
9:35:09,2170.6,2170.4,2170.6,22,25,13
9:35:10,2170.8,2170.6,2170.8,26,2,2
9:35:10,2170.6,2170.4,2170.6,44,12,22
9:35:11,2170.6,2170.2,2170.6,31,15,26
9:35:11,2170.4,2170.2,2170.4,29,6,2
9:35:12,2170.8,2170.6,2170.8,28,3,5
9:35:12,2170.4,2170.4,2170.6,29,10,35
9:35:13,2170.4,2170.2,2170.4,21,2,4
9:35:13,2170.6,2170,2170.6,13,53,30
9:35:14,2170.6,2170,2170.6,6,48,27
9:35:14,2170.4,2170.2,2170.4,15,10,8
9:35:15,2170.4,2170.2,2170.4,21,6,1
9:35:15,2170.2,2170,2170.4,23,41,2
9:35:16,2170.4,2170.4,2170.6,10,7,18
9:35:16,2170.6,2170,2170.6,13,43,15
9:35:17,2170.4,2170.2,2170.4,30,3,7
9:35:17,2170.4,2170.2,2170.4,21,3,4
9:35:18,2170.6,2170.4,2170.6,9,2,8
9:35:18,2170.4,2170.2,2170.6,4,9,8
9:35:19,2170.2,2170,2170.2,28,9,17
9:35:19,2170.2,2169.8,2170,29,54,8
9:35:20,2169.8,2169.8,2170.2,25,52,17
9:35:20,2170,2169.8,2170,6,52,1
9:35:21,2169.8,2170,2170.2,3,28,20
9:35:21,2170.2,2170,2170.2,41,6,17
9:35:22,2169.8,2169.8,2170.2,37,35,17
9:35:22,2170.2,2170.2,2170.4,19,5,23
9:35:23,2170.2,2170.2,2170.4,8,2,22
9:35:23,2170.2,2170,2170.2,7,6,1
9:35:24,2170.2,2170.2,2170.4,14,4,20
9:35:24,2170.2,2170.2,2170.4,4,10,22
9:35:25,2170.4,2170.2,2170.4,25,41,6
9:35:25,2170.4,2170.2,2170.6,17,40,9
9:35:26,2170.4,2170.4,2170.6,7,5,9
9:35:26,2170.6,2170.4,2170.6,13,17,2
9:35:27,2170.6,2170.4,2170.6,6,9,13
9:35:27,2170.2,2170.2,2170.4,22,41,2
9:35:28,2170.4,2170.4,2170.6,5,4,18
9:35:28,2170.4,2170.4,2170.6,11,1,20
9:35:29,2170.4,2170.2,2170.4,4,43,4
9:35:29,2170.4,2170.4,2170.6,23,1,23
9:35:30,2170.4,2170.4,2170.6,6,5,22
9:35:30,2170.6,2170.2,2170.6,10,26,23
9:35:31,2170.6,2170.2,2170.6,4,25,22
9:35:31,2170.4,2170.2,2170.4,7,21,6
9:35:32,2170.4,2170.2,2170.6,11,16,22
9:35:32,2170.2,2170,2170.4,23,75,12
9:35:33,2170.2,2170.2,2170.4,6,2,17
9:35:33,2170.2,2170,2170.2,8,77,2
9:35:34,2170,2170.2,2170.4,11,1,12
9:35:34,2170,2170,2170.2,10,66,2
9:35:35,2170,2170,2170.2,10,64,26
9:35:35,2170,2170,2170.2,20,51,22
9:35:36,2170,2170,2170.2,10,49,20
9:35:36,2170.2,2170,2170.2,14,38,19
9:35:37,2170,2170,2170.2,7,32,19
9:35:37,2170,2170,2170.2,8,25,18
9:35:38,2170.2,2170,2170.2,8,31,13
9:35:38,2170.2,2170.2,2170.4,14,1,12
9:35:39,2170.2,2170.2,2170.4,10,1,11
9:35:39,2170,2170.2,2170.4,10,1,11
9:35:40,2170.2,2170.2,2170.4,23,13,11
9:35:41,2170.4,2170.2,2170.4,14,27,7
9:35:41,2170.4,2170.2,2170.4,5,25,4
9:35:42,2170.4,2170.2,2170.4,9,26,4
9:35:42,2170.4,2170.2,2170.4,7,20,4
9:35:43,2170.4,2170.2,2170.4,4,24,2
9:35:43,2170.2,2170.4,2170.6,19,3,43
9:35:44,2170.4,2170.4,2170.6,3,5,43
9:35:45,2170.4,2170.4,2170.6,7,19,41
9:35:45,2170.6,2170.4,2170.6,22,17,23
9:35:46,2170.4,2170.4,2170.6,4,20,23
9:35:46,2170.6,2170.4,2170.6,12,17,16
9:35:47,2170.6,2170.6,2170.8,21,3,29
9:35:47,2170.8,2170.4,2170.8,16,8,28
9:35:48,2170.8,2170.6,2170.8,24,1,9
9:35:48,2170.8,2170.8,2171,11,3,35
9:35:49,2171,2170.6,2170.8,15,9,16
9:35:49,2170.8,2170.4,2170.8,69,5,3
9:35:50,2170.8,2170.4,2170.8,30,4,1
9:35:50,2170.8,2170.4,2170.8,19,10,24
9:35:51,2170.4,2170.8,2171,29,28,27
9:35:51,2171,2170.8,2171,6,30,25
9:35:52,2171,2170.8,2171,5,38,27
9:35:52,2171,2170.8,2171,18,39,14
9:35:53,2171,2171,2171.2,19,9,29
9:35:53,2171,2170.8,2171,22,24,13
9:35:54,2171,2170.8,2171,11,26,8
9:35:54,2171,2170.8,2171,22,25,35
9:35:55,2170.8,2170.8,2171,16,23,25
9:35:55,2170.6,2170.6,2170.8,30,4,8
9:35:56,2170.6,2170.4,2170.6,9,28,4
9:35:56,2170.6,2170.4,2170.6,11,25,21
9:35:57,2170.6,2170.4,2170.6,22,37,3
9:35:57,2170.8,2170.4,2170.8,28,40,13
9:35:58,2170.4,2170.4,2170.8,1,40,13
9:35:58,2170.6,2170.6,2170.8,15,2,14
9:35:59,2170.6,2170.6,2170.8,4,18,13
9:35:59,2170.8,2170.6,2170.8,8,20,6
9:36:00,2171,2170.8,2171,14,3,55
9:36:00,2170.8,2170.4,2170.6,38,9,10
9:36:01,2171,2170.2,2171,49,31,62
9:36:01,2170.2,2170.4,2170.8,49,10,28
9:36:02,2170,2170,2170.6,35,137,3
9:36:02,2170.2,2170,2170.2,71,136,1
9:36:03,2171,2170.6,2171,25,1,43
9:36:03,2170.2,2170.2,2170.4,5,10,2
9:36:04,2170.4,2170.4,2170.8,16,22,18
9:36:04,2170.6,2170.4,2170.6,14,26,2
9:36:05,2170.4,2170.4,2170.8,20,65,11
9:36:05,2170.6,2170.4,2170.8,8,63,12
9:36:06,2170.6,2170.6,2170.8,7,50,13
9:36:06,2170.8,2170.6,2170.8,9,50,9
9:36:07,2170.8,2170.8,2171,17,13,74
9:36:07,2171,2170.8,2171,11,13,69
9:36:08,2171,2170.8,2171,8,16,64
9:36:08,2171,2170.8,2171,5,13,66
9:36:09,2171,2171,2171.2,73,37,38
9:36:09,2171.2,2171,2171.2,11,45,29
9:36:10,2171.2,2171.2,2171.4,35,5,20
9:36:10,2171.6,2171.4,2171.6,29,25,53
9:36:11,2171.4,2171.4,2171.6,20,17,49
9:36:11,2171.2,2171.2,2171.4,42,23,4
9:36:12,2171.4,2171.4,2171.6,52,25,43
9:36:12,2171.4,2171.4,2171.6,22,18,40
9:36:13,2171.6,2171.4,2171.6,38,2,25
9:36:13,2171.4,2171,2171.4,44,65,25
9:36:14,2171.4,2171,2171.4,22,65,28
9:36:14,2171.4,2171,2171.4,12,62,27
9:36:15,2171.4,2171,2171.4,22,62,7
9:36:15,2171.4,2171.2,2171.4,16,14,16
9:36:16,2171.4,2171.2,2171.4,8,20,11
9:36:16,2171.2,2171.2,2171.4,16,14,9
9:36:17,2171.4,2171.4,2171.6,23,2,22
9:36:17,2171.6,2171.4,2171.6,13,12,17
9:36:18,2171.4,2171.4,2171.6,11,14,16
9:36:18,2171.6,2171.4,2171.6,18,7,6
9:36:19,2171.6,2171.6,2171.8,26,4,17
9:36:19,2171.6,2171.4,2171.8,10,4,18
9:36:20,2171.6,2171.6,2171.8,7,1,19
9:36:20,2171.4,2171.2,2171.4,21,5,4
9:36:21,2171,2171,2171.2,12,64,1
9:36:21,2171.4,2171.4,2171.6,13,2,3
9:36:22,2171.2,2171.2,2171.4,13,5,4
9:36:22,2171.2,2171,2171.2,7,69,11
9:36:23,2171,2171,2171.2,16,61,3
9:36:23,2171.2,2171,2171.4,5,73,9
9:36:24,2171.4,2171.2,2171.4,5,23,10
9:36:24,2171.2,2171.2,2171.4,13,15,6
9:36:25,2171.4,2171.2,2171.4,7,13,1
9:36:25,2171.2,2171.2,2171.4,2,17,4
9:36:26,2171.2,2171.2,2171.4,14,8,3
9:36:26,2171.4,2171,2171.2,15,58,2
9:36:27,2171.2,2171.4,2171.6,3,1,27
9:36:27,2171.2,2171.2,2171.4,3,1,5
9:36:28,2171.8,2171,2171.8,56,70,29
9:36:28,2171.4,2171.2,2171.6,9,13,4
9:36:29,2171.6,2171.2,2171.6,8,21,2
9:36:29,2171.6,2171.6,2171.8,22,12,20
9:36:30,2172,2171.8,2172,46,1,78
9:36:30,2171.8,2171.8,2172,16,1,75
9:36:31,2171.2,2171,2171.2,40,80,1
9:36:31,2171.6,2171.2,2171.6,13,2,4
9:36:32,2171.6,2171.4,2171.6,8,2,11
9:36:32,2171.6,2171.2,2171.6,10,9,6
9:36:33,2171.4,2171.2,2171.4,17,14,10
9:36:33,2171.4,2171.2,2171.4,3,22,7
9:36:34,2171.4,2171.2,2171.4,5,23,5
9:36:34,2171.4,2171.2,2171.4,4,22,2
9:36:35,2171.6,2171.2,2171.8,3,22,21
9:36:35,2171.2,2171.4,2171.6,1,1,4
9:36:36,2171.6,2171.2,2171.6,2,23,6
9:36:36,2171.6,2171.6,2171.8,10,1,29
9:36:37,2171.4,2171.2,2171.8,3,25,48
9:36:37,2171.8,2171.4,2171.8,7,1,48
9:36:38,2171.2,2171.2,2171.8,4,27,48
9:36:38,2171.8,2171.4,2171.6,3,3,7
9:36:39,2171.4,2171.2,2171.4,17,17,5
9:36:39,2171.2,2171.2,2171.4,3,19,3
9:36:40,2171.2,2171.2,2171.4,9,15,3
9:36:40,2171.4,2171.4,2171.6,5,2,42
9:36:41,2171.6,2171.4,2171.6,8,2,41
9:36:41,2171.6,2171.2,2171.6,3,19,40
9:36:42,2171.2,2171.2,2171.6,3,27,40
9:36:42,2171.6,2171.2,2171.6,3,26,23
9:36:43,2171.6,2171.2,2171.6,11,27,33
9:36:43,2171.6,2171.2,2171.6,1,31,34
9:36:44,2171.4,2171.4,2171.6,4,5,32
9:36:44,2171.6,2171.4,2171.6,1,9,34
9:36:45,2171.4,2171.4,2171.6,5,7,34
9:36:45,2171.6,2171.4,2171.6,7,3,34
9:36:46,2171.4,2171.4,2171.6,19,1,29
9:36:46,2171.4,2171.4,2171.6,3,22,31
9:36:47,2171.6,2171.4,2171.6,16,26,19
9:36:47,2171.6,2171.6,2171.8,20,10,79
9:36:48,2171.6,2171.6,2171.8,30,77,64
9:36:48,2171.8,2171.6,2171.8,14,75,50
9:36:49,2171.8,2171.8,2172,51,9,129
9:36:49,2171.8,2171.8,2172,11,23,124
9:36:50,2171.8,2171.6,2172,34,40,112
9:36:50,2171.8,2171.6,2171.8,6,37,4
9:36:51,2172,2171.6,2172,28,37,95
9:36:51,2172,2171.6,2172,10,36,92
9:36:52,2172,2171.6,2172,6,35,89
9:36:52,2171.6,2171.6,2172,66,32,26
9:36:53,2172,2171.6,2172,6,31,22
9:36:53,2172,2171.8,2172,4,5,20
9:36:54,2172,2171.8,2172,2,7,25
9:36:54,2172,2171.8,2172,6,6,24
9:36:55,2171.8,2171.8,2172,6,12,20
9:36:55,2172,2171.8,2172,8,14,20
9:36:56,2171.8,2171.8,2172,5,10,20
9:36:56,2171.8,2171.8,2172,1,11,22
9:36:57,2172,2171.8,2172,41,21,2
9:36:57,2172,2171.8,2172,5,19,6
9:36:58,2172,2171.8,2172,7,19,3
9:36:58,2171.8,2171.8,2172,13,11,2
9:36:59,2171.8,2171.8,2172,6,7,6
9:36:59,2172,2172,2172.2,13,11,45
9:37:00,2171.8,2171.6,2171.8,25,40,1
9:37:00,2171.6,2171.6,2171.8,13,37,20
9:37:01,2172,2171.6,2172,45,36,71
9:37:01,2171.6,2171.6,2172,41,32,48
9:37:02,2171.8,2171.6,2171.8,13,27,31
9:37:02,2171.8,2171.6,2171.8,16,25,18
9:37:03,2171.6,2171.6,2171.8,24,8,25
9:37:03,2171.6,2171.6,2171.8,11,6,19
9:37:04,2171.4,2171.4,2171.6,15,16,1
9:37:04,2171.8,2171.6,2171.8,5,4,19
9:37:05,2171.6,2171.6,2171.8,13,8,11
9:37:05,2171.8,2171.6,2171.8,15,11,20
9:37:06,2171.6,2171.6,2171.8,29,6,13
9:37:06,2171.8,2171.8,2172,15,14,76
9:37:07,2171.8,2171.8,2172,11,4,75
9:37:07,2171.6,2171.4,2171.6,41,15,43
9:37:08,2171.2,2171.2,2171.6,21,22,40
9:37:08,2171.6,2171.2,2171.6,3,22,47
9:37:09,2171.4,2171.4,2171.6,6,12,47
9:37:09,2171.4,2171.4,2171.6,11,4,45
9:37:10,2171.4,2171.2,2171.4,4,31,2
9:37:10,2171.2,2171.2,2171.6,10,27,66
9:37:11,2171.4,2171.2,2171.4,5,33,3
9:37:12,2171.2,2171.2,2171.4,7,27,10
9:37:12,2171.2,2171.2,2171.4,4,23,10
9:37:13,2171.2,2171.2,2171.4,9,14,27
9:37:13,2171.2,2171,2171.2,24,80,1
9:37:14,2171.2,2171.2,2171.4,2,28,31
9:37:14,2171.2,2171.2,2171.4,9,21,29
9:37:15,2171.2,2171.2,2171.4,12,11,28
9:37:15,2171.2,2171.2,2171.4,3,9,28
9:37:16,2171.2,2171.2,2171.4,3,17,26
9:37:16,2171.2,2171.2,2171.4,5,12,28
9:37:17,2171.4,2171.2,2171.4,9,6,28
9:37:17,2171.2,2171,2171.4,11,82,25
9:37:18,2171.2,2171.2,2171.4,5,10,25
9:37:18,2171.2,2171.2,2171.4,8,5,23
9:37:19,2171.4,2171.2,2171.4,6,3,21
9:37:19,2171.2,2171.2,2171.4,5,9,20
9:37:20,2171.2,2171.2,2171.4,6,5,21
9:37:20,2171.4,2171.2,2171.4,1,6,21
9:37:21,2171.4,2171.2,2171.4,4,8,17
9:37:21,2171.2,2171.2,2171.4,2,24,17
9:37:22,2171.4,2171.4,2171.6,23,5,74
9:37:22,2171.6,2171.4,2171.6,16,20,64
9:37:23,2171.4,2171.4,2171.6,2,18,64
9:37:23,2171.4,2171.4,2171.6,6,18,63
9:37:24,2171.4,2171.4,2171.6,2,16,63
9:37:24,2171.6,2171.4,2171.6,5,11,61
9:37:25,2171.4,2171.4,2171.6,3,8,64
9:37:25,2171.6,2171.4,2171.6,4,9,60
9:37:26,2171.4,2171.4,2171.6,7,1,58
9:37:26,2171.4,2171.4,2171.6,4,2,55
9:37:27,2171.4,2171.4,2171.6,1,3,56
9:37:27,2171.6,2171.4,2171.6,2,4,55
9:37:28,2171.4,2171.4,2171.6,6,2,51
9:37:28,2171.2,2171.2,2171.6,6,14,53
9:37:29,2171.6,2171.4,2171.6,1,1,51
9:37:29,2171.4,2171.2,2171.6,3,14,50
9:37:30,2171.4,2171.2,2171.4,5,15,3
9:37:30,2171.2,2171.2,2171.4,1,14,14
9:37:31,2171.2,2171.2,2171.4,1,15,17
9:37:31,2171.2,2171,2171.2,17,117,12
9:37:32,2171.2,2171,2171.2,1,117,11
9:37:32,2171,2171,2171.2,38,80,12
9:37:33,2171,2171,2171.2,77,5,18
9:37:33,2171,2170.8,2171,16,15,23
9:37:34,2170.8,2170.8,2171,12,17,11
9:37:35,2170.8,2170.8,2171,7,15,8
9:37:35,2171,2170.8,2171,11,16,10
9:37:36,2170.8,2170.8,2171,4,16,8
9:37:36,2170.8,2170.6,2170.8,19,23,7
9:37:37,2170.8,2170.6,2170.8,2,22,17
9:37:37,2170.6,2170.6,2170.8,11,20,9
9:37:38,2170.8,2170.6,2170.8,2,20,10
9:37:38,2170.6,2170.6,2170.8,7,19,6
9:37:39,2170.8,2170.8,2171,8,8,13
9:37:39,2170.6,2170.6,2170.8,20,12,37
9:37:40,2170.8,2170.6,2170.8,5,12,35
9:37:40,2170.8,2170.6,2170.8,8,8,33
9:37:41,2170.6,2170.6,2170.8,6,3,32
9:37:41,2170.6,2170.4,2170.6,4,78,37
9:37:42,2170.6,2170.4,2170.6,10,77,32
9:37:42,2170.4,2170.4,2170.6,3,76,32
9:37:43,2170.4,2170.4,2170.6,24,68,16
9:37:43,2170.6,2170.6,2170.8,29,35,33
9:37:44,2170.8,2170.6,2170.8,11,32,28
9:37:44,2170.8,2170.8,2171,31,27,27
9:37:45,2170.8,2170.8,2171,11,29,21
9:37:45,2170.8,2170.8,2171,5,28,21
9:37:46,2171,2170.8,2171,17,16,17
9:37:46,2170.8,2170.8,2171,6,11,15
9:37:47,2170.8,2170.6,2171,9,46,16
9:37:47,2171,2170.6,2170.8,3,46,2
9:37:48,2170.8,2170.6,2170.8,3,47,2
9:37:48,2170.8,2170.6,2170.8,16,47,4
9:37:49,2170.8,2170.6,2170.8,1,50,3
9:37:50,2170.8,2170.8,2171,5,1,17
9:37:51,2170.8,2170.8,2171,2,7,17
9:37:51,2170.8,2170.8,2171,2,5,17
9:37:52,2171,2170.8,2171,4,4,14
9:37:52,2170.8,2170.8,2171,4,2,12
9:37:53,2170.6,2170.6,2171,8,65,8
9:37:54,2170.6,2170.8,2171,2,6,8
9:37:55,2171,2171,2171.2,25,18,13
9:37:56,2171,2171,2171.2,21,1,10
9:37:57,2171,2171,2171.2,2,2,13
9:37:57,2171,2170.8,2171,3,20,1
9:37:58,2171.2,2171,2171.2,3,1,11
9:37:58,2171.2,2171,2171.2,1,1,10
9:37:59,2171.2,2171,2171.2,2,1,8
9:38:00,2171.2,2171,2171.2,7,4,1
9:38:00,2171,2171.2,2171.4,23,1,21
9:38:01,2171,2171,2171.4,9,9,18
9:38:01,2171.4,2171.4,2171.6,27,1,28
9:38:02,2171.6,2171.4,2171.6,4,1,34
9:38:02,2171,2171,2171.4,8,3,2
9:38:03,2171.4,2171,2171.6,4,3,32
9:38:03,2171.2,2171,2171.2,5,12,9
9:38:04,2171.6,2171.2,2171.6,13,8,31
9:38:04,2171.2,2171.2,2171.6,5,2,29
9:38:05,2171.4,2171.2,2171.4,3,5,9
9:38:05,2171.4,2171.2,2171.4,7,5,4
9:38:06,2171.4,2171.4,2171.6,7,7,30
9:38:06,2171.2,2171.2,2171.4,9,8,10
9:38:07,2171.4,2171.2,2171.4,7,7,8
9:38:07,2171.4,2171.2,2171.4,13,6,2
9:38:08,2171.2,2171.2,2171.4,3,5,2
9:38:08,2171.6,2171.4,2171.6,7,3,30
9:38:09,2171.4,2171.4,2171.6,2,1,30
9:38:09,2171.6,2171.4,2171.6,3,1,30
9:38:10,2171.6,2171.6,2171.8,42,4,32
9:38:11,2171.6,2171.6,2171.8,5,5,29
9:38:11,2171.8,2171.6,2171.8,23,11,8
9:38:12,2172,2171.8,2172,10,8,77
9:38:12,2172,2171.8,2172,36,8,53
9:38:13,2172,2171.6,2172,35,20,39
9:38:13,2172,2171.8,2172,33,5,13
9:38:14,2172,2171.8,2172,9,8,4
9:38:14,2171.8,2171.6,2171.8,13,25,6
9:38:15,2171.8,2172,2172.2,14,1,57
9:38:15,2171.8,2171.8,2172,36,4,20
9:38:16,2171.8,2171.6,2171.8,14,25,1
9:38:16,2171.8,2171.6,2172,7,19,24
9:38:17,2171.8,2171.6,2171.8,7,17,10
9:38:17,2172.2,2171.6,2172.2,36,16,55
9:38:18,2172.2,2171.6,2172.2,14,6,53
9:38:18,2172,2171.8,2172.2,28,7,31
9:38:19,2172.2,2172,2172.2,37,6,4
9:38:19,2172.2,2172.2,2172.4,11,4,26
9:38:20,2172.2,2172,2172.2,5,9,10
9:38:20,2172.2,2172,2172.2,12,12,1
9:38:21,2172.4,2172.2,2172.4,7,3,24
9:38:21,2172.2,2172,2172.2,6,14,17
9:38:22,2172.4,2172.2,2172.4,28,17,17
9:38:22,2172.6,2172.2,2172.6,29,15,22
9:38:23,2172,2171.8,2172,77,72,3
9:38:23,2172.6,2172.4,2172.6,13,21,16
9:38:24,2172.6,2172.4,2172.6,4,20,16
9:38:24,2172.6,2172.4,2172.6,15,14,20
9:38:25,2172.6,2172.2,2172.6,21,69,13
9:38:25,2172.6,2172.4,2172.6,8,3,9
9:38:26,2172.6,2172.6,2172.8,15,4,33
9:38:26,2172.8,2172.6,2172.8,20,6,30
9:38:27,2172.8,2172.6,2172.8,19,19,29
9:38:27,2172.8,2172.6,2172.8,14,16,21
9:38:28,2172.8,2172.6,2172.8,27,15,4
9:38:28,2172.6,2172.6,2172.8,28,6,2
9:38:29,2172.8,2172.6,2172.8,16,2,3
9:38:29,2172.8,2172.4,2172.8,27,6,11
9:38:30,2172.8,2172.6,2172.8,5,1,21
9:38:30,2172.8,2172.8,2173,30,27,78
9:38:31,2172.8,2172.8,2173,9,21,82
9:38:31,2173,2172.8,2173,28,10,71
9:38:32,2172.8,2172.6,2172.8,44,6,17
9:38:32,2172.8,2172.6,2172.8,36,10,13
9:38:33,2172.8,2172.6,2172.8,9,6,23
9:38:33,2172.6,2172.4,2172.6,22,13,2
9:38:34,2172.8,2172.6,2172.8,18,43,15
9:38:34,2172.8,2172.6,2172.8,9,48,14
9:38:35,2172.8,2172.6,2172.8,7,51,10
9:38:35,2172.8,2172.6,2172.8,4,56,6
9:38:36,2172.8,2172.8,2173,11,6,41
9:38:36,2172.8,2172.6,2172.8,34,42,4
9:38:37,2172.8,2172.6,2172.8,6,38,4
9:38:37,2172.8,2172.6,2172.8,7,40,12
9:38:38,2172.6,2172.6,2172.8,36,20,8
9:38:38,2172.6,2172.6,2172.8,14,17,8
9:38:39,2173,2172.6,2173,23,10,41
9:38:39,2172.8,2172.6,2172.8,17,2,18
9:38:40,2172.6,2172.4,2172.6,27,73,7
9:38:40,2172.6,2172.6,2172.8,8,7,24
9:38:41,2172.6,2172.6,2172.8,5,8,26
9:38:41,2172.6,2172.4,2172.6,14,75,11
9:38:42,2172.6,2172.4,2172.6,48,37,7
9:38:42,2172.6,2172.4,2172.6,4,38,6
9:38:43,2172.4,2172.4,2172.6,14,29,9
9:38:43,2172.6,2172.4,2172.6,14,23,10
9:38:44,2172.4,2172.4,2172.6,16,11,8
9:38:44,2172.4,2172.4,2172.6,12,3,8
9:38:45,2172.6,2172.4,2172.6,6,3,10
9:38:45,2172.6,2172.2,2172.6,8,47,8
9:38:46,2172.2,2172.2,2172.4,18,35,9
9:38:46,2172.2,2172.2,2172.4,6,34,5
9:38:47,2172.4,2172.2,2172.4,2,33,4
9:38:47,2172.2,2172.2,2172.6,10,27,13
9:38:48,2172.2,2172.2,2172.6,14,26,13
9:38:48,2172.4,2172.2,2172.4,2,27,2
9:38:49,2172.2,2172.4,2172.6,4,13,32
9:38:49,2172.6,2172.4,2172.6,2,17,32
9:38:50,2172.6,2172.4,2172.6,6,21,29
9:38:50,2172.4,2172.4,2172.6,6,21,9
9:38:51,2172.4,2172.4,2172.6,25,8,4
9:38:51,2172.4,2172.2,2172.4,8,34,8
9:38:52,2172.4,2172.2,2172.4,5,32,5
9:38:52,2172.6,2172.4,2172.6,9,4,6
9:38:53,2172.4,2172.2,2172.4,4,32,6
9:38:53,2172.6,2172.2,2172.4,8,32,2
9:38:54,2172.2,2172.2,2172.6,6,31,16
9:38:54,2172.2,2172.2,2172.4,13,30,1
9:38:55,2172.2,2172.4,2172.6,6,6,3
9:38:55,2172.4,2172.2,2172.4,10,31,4
9:38:56,2172.2,2172.2,2172.6,13,32,2
9:38:56,2172.6,2172.2,2172.8,6,32,48
9:38:57,2172.4,2172.4,2172.8,6,2,48
9:38:57,2172.6,2172.4,2172.8,3,6,50
9:38:58,2172.6,2172.6,2172.8,4,1,53
9:38:58,2172.4,2172.4,2172.6,5,8,5
9:38:59,2172.4,2172.4,2172.6,2,7,20
9:38:59,2172.6,2172.4,2172.6,10,4,37
9:39:00,2172.6,2172.4,2172.6,11,4,26
9:39:00,2172.2,2172.2,2172.6,12,24,30
9:39:01,2172.6,2172.6,2172.8,61,14,96
9:39:01,2172.6,2172.6,2172.8,14,3,95
9:39:02,2172.8,2172.4,2172.6,11,1,5
9:39:02,2172.4,2172.4,2172.6,5,13,23
9:39:03,2172.6,2172.4,2172.6,23,50,9
9:39:03,2172.4,2172.6,2172.8,20,1,93
9:39:04,2172.6,2172.6,2172.8,5,26,94
9:39:04,2172.8,2172.6,2172.8,33,35,73
9:39:05,2172.6,2172.6,2172.8,6,35,73
9:39:05,2172.8,2172.6,2172.8,4,35,71
9:39:06,2172.8,2172.6,2172.8,20,20,56
9:39:06,2172.6,2172.6,2172.8,10,17,49
9:39:07,2172.8,2172.6,2172.8,7,16,43
9:39:07,2172.8,2172.6,2172.8,13,20,34
9:39:08,2172.6,2172.6,2172.8,36,19,19
9:39:08,2172.8,2172.6,2172.8,5,20,8
9:39:09,2172.8,2172.8,2173,11,15,97
9:39:09,2173,2172.8,2173,10,17,88
9:39:10,2172.8,2172.8,2173,44,2,65
9:39:10,2173,2172.8,2173,16,3,52
9:39:11,2173,2172.6,2172.8,32,17,1
9:39:11,2173,2173,2173.2,29,2,66
9:39:12,2173.2,2173,2173.2,8,3,67
9:39:12,2173.2,2172.8,2173.2,27,14,52
