9:14:00,2313.4,2313.2,2313.6,366,37,2
9:15:00,2314.8,2313.4,2314.8,404,46,4
9:15:01,2313.8,2313.8,2314.4,202,3,4
9:15:01,2314.4,2314.4,2315,92,7,35
9:15:02,2314.4,2314,2314.4,124,52,2
9:15:02,2314.2,2314,2314.2,157,4,10
9:15:03,2313.8,2313.6,2313.8,75,64,23
9:15:03,2313.4,2313.4,2313.6,126,143,38
9:15:04,2313.8,2313.4,2313.8,140,50,2
9:15:04,2313.4,2313.4,2314,92,13,3
9:15:05,2313.6,2313,2313.6,163,7,18
9:15:05,2313.4,2312.2,2313.4,173,35,4
9:15:06,2313,2312,2313,132,125,46
9:15:06,2312.2,2312.2,2312.4,71,16,1
9:15:07,2312,2312,2312.2,128,102,3
9:15:07,2312,2312.2,2313,103,10,44
9:15:08,2312.2,2312.6,2312.8,45,5,2
9:15:08,2312.8,2312.8,2313,87,1,38
9:15:09,2313.2,2313,2313.4,101,3,21
9:15:09,2313.2,2312.2,2313.2,66,52,4
9:15:10,2313,2312.6,2313,54,12,26
9:15:10,2312.8,2312.6,2312.8,40,7,6
9:15:11,2312.6,2312.6,2312.8,33,1,7
9:15:11,2313.4,2313.2,2313.6,34,3,11
9:15:12,2313.2,2313,2313.2,55,9,3
9:15:12,2313.2,2313.2,2313.8,23,23,3
9:15:13,2313.6,2313.4,2313.6,35,7,3
9:15:13,2313.6,2313.6,2313.8,56,34,3
9:15:14,2313.6,2313.8,2314,19,52,23
9:15:14,2314,2314,2315,89,18,67
9:15:15,2315,2314.4,2315,46,14,21
9:15:15,2314.8,2315,2315.4,55,2,23
9:15:16,2315.2,2315.2,2315.4,40,21,12
9:15:16,2315.4,2315.4,2315.6,54,7,12
9:15:17,2315.6,2315,2315.6,33,2,3
9:15:17,2315.6,2315.6,2315.8,79,27,26
9:15:18,2315.8,2315.6,2315.8,71,1,5
9:15:18,2315.6,2315.4,2315.6,47,3,1
9:15:19,2315.6,2315.8,2316,28,1,40
9:15:19,2315.6,2315.4,2315.6,44,2,20
9:15:20,2315.8,2315.6,2315.8,51,113,15
9:15:20,2315.8,2315.8,2316,53,38,26
9:15:21,2316.6,2316.2,2316.6,42,84,3
9:15:21,2316.6,2316.6,2316.8,68,20,3
9:15:22,2317,2317,2317.4,58,7,31
9:15:22,2316.8,2316.2,2317,41,11,9
9:15:23,2316,2316,2316.6,73,39,9
9:15:23,2316.6,2316.6,2316.8,67,5,56
9:15:24,2316.6,2316.2,2316.4,151,10,18
9:15:24,2316.2,2316,2316.2,47,36,2
9:15:25,2316,2315.8,2316,73,21,38
9:15:25,2315.8,2315.6,2315.8,53,113,7
9:15:26,2315.8,2315.8,2316,39,4,58
9:15:26,2315.8,2315.8,2316,92,26,26
9:15:27,2316,2316,2316.2,50,3,10
9:15:27,2316.2,2316.2,2316.4,32,3,5
9:15:28,2316.4,2316.4,2316.6,23,2,10
9:15:28,2316.6,2316.2,2316.6,34,2,1
9:15:29,2316.4,2316.2,2316.6,30,2,6
9:15:29,2316,2316,2316.4,17,40,5
9:15:30,2316.4,2316,2316.4,8,38,2
9:15:30,2316.2,2316,2316.4,39,31,19
9:15:31,2316.2,2316,2316.2,66,1,1
9:15:31,2316,2315.8,2316,14,21,20
9:15:32,2315.8,2315.8,2316,24,18,17
9:15:32,2316.2,2316,2316.2,39,6,3
9:15:33,2316.2,2315.8,2316.2,41,15,3
9:15:33,2315.8,2315.8,2316,10,9,2
9:15:34,2316.2,2316.2,2316.4,24,2,8
9:15:34,2316,2316.2,2316.4,35,1,6
9:15:35,2316.4,2316,2316.6,13,23,12
9:15:35,2316.2,2316.2,2316.4,34,6,20
9:15:36,2316.2,2316.2,2316.4,27,7,8
9:15:36,2316.2,2316.2,2316.6,18,2,7
9:15:37,2316.4,2316.4,2316.6,12,1,5
9:15:37,2316.4,2316.4,2316.6,62,11,4
9:15:38,2316.6,2316.6,2316.8,33,33,2
9:15:38,2316.8,2317,2317.4,10,10,21
9:15:39,2317.2,2317.2,2317.4,25,8,15
9:15:39,2317,2316.8,2317,15,17,28
9:15:40,2316.8,2316.8,2317,22,5,19
9:15:40,2316.8,2316.6,2316.8,16,38,22
9:15:41,2316.4,2316.4,2316.8,62,1,31
9:15:41,2316.4,2316.2,2316.6,17,3,10
9:15:42,2316.4,2316,2316.4,25,39,8
9:15:42,2316.4,2316.4,2316.6,18,40,33
9:15:43,2316.4,2316.4,2316.6,11,43,34
9:15:43,2316.4,2316.4,2316.6,17,39,14
9:15:44,2316.4,2316.4,2316.6,13,32,11
9:15:44,2316.4,2316.6,2316.8,33,6,2
9:15:45,2316.8,2316.8,2317,10,4,31
9:15:45,2316.4,2316.4,2316.6,13,29,1
9:15:46,2316.4,2316.6,2317,35,1,29
9:15:46,2316.8,2316.8,2317,20,1,25
9:15:47,2317,2316.6,2317,45,4,1
9:15:47,2317,2316.6,2317,1,9,6
9:15:48,2317,2316.6,2317,11,17,5
9:15:48,2316.4,2316.4,2316.6,35,6,1
9:15:49,2317,2316.4,2316.6,4,7,1
9:15:49,2316.4,2316.4,2316.6,5,4,19
9:15:50,2316.6,2316.2,2316.4,54,22,11
9:15:50,2316.4,2316.2,2316.4,31,6,19
9:15:51,2316.2,2316,2316.2,26,60,3
9:15:51,2316.2,2316.2,2316.4,35,6,7
9:15:52,2316.2,2316,2316.4,16,42,50
9:15:52,2316.4,2316.2,2316.4,44,1,37
9:15:53,2316,2316,2316.2,29,52,20
9:15:53,2316,2316,2316.2,25,43,10
9:15:54,2316,2316,2316.2,10,52,22
9:15:54,2316.2,2316,2316.2,46,48,5
9:15:55,2316.2,2316,2316.2,6,49,2
9:15:55,2316.2,2316.2,2316.4,7,23,22
9:15:56,2316.4,2316.2,2316.4,19,20,14
9:15:56,2316.4,2316.4,2316.8,33,18,19
9:15:57,2316.6,2316.4,2316.6,39,20,1
9:15:57,2317,2316.6,2317,13,10,7
9:15:58,2317.2,2316.8,2317.2,14,3,37
9:15:58,2317.2,2317,2317.2,11,10,27
9:15:59,2317.2,2317,2317.2,18,6,13
9:15:59,2317.2,2317.2,2317.4,29,25,22
9:16:00,2317.2,2317.2,2317.4,35,2,21
9:16:00,2317.4,2317,2317.4,70,3,22
9:16:01,2317,2316.8,2317.2,31,3,43
9:16:01,2317,2316.6,2317,16,13,47
9:16:02,2316.6,2316.6,2316.8,18,13,18
9:16:02,2316.4,2316.4,2316.6,49,19,3
9:16:03,2316.8,2316.6,2316.8,17,12,3
9:16:03,2316.6,2316.6,2316.8,5,7,3
9:16:04,2316.4,2316.4,2317,24,34,53
9:16:04,2316.8,2316.8,2317,18,16,46
9:16:05,2317,2316.8,2317,56,1,21
9:16:05,2317.2,2317,2317.2,38,1,36
9:16:06,2317.2,2317,2317.2,3,16,35
9:16:06,2317,2317,2317.2,28,11,16
9:16:07,2317,2316.8,2317,38,19,1
9:16:07,2317,2317,2317.2,24,18,9
9:16:08,2317.2,2317.2,2317.4,42,11,29
9:16:08,2316.8,2316.8,2317,18,10,52
9:16:09,2317,2316.8,2317,15,11,42
9:16:09,2317,2316.6,2316.8,80,5,8
9:16:10,2317,2316.6,2317,19,4,70
9:16:10,2316.8,2316.6,2316.8,20,18,10
9:16:11,2316.6,2316.6,2316.8,38,3,17
9:16:11,2316.8,2316.4,2316.6,35,30,3
9:16:12,2316.6,2316.8,2317,11,5,78
9:16:12,2317,2316.8,2317,18,1,68
9:16:13,2316.6,2316.6,2316.8,2,15,14
9:16:13,2316.8,2316.6,2316.8,6,14,12
9:16:14,2316.8,2316.6,2316.8,11,28,4
9:16:14,2316.8,2316.6,2316.8,4,29,1
9:16:15,2317,2316.8,2317,6,27,87
9:16:15,2316.8,2316.8,2317,26,7,101
9:16:16,2316.8,2316.8,2317,19,11,89
9:16:16,2317,2316.6,2317,38,9,85
9:16:17,2316.8,2316.6,2316.8,7,5,11
9:16:17,2316.8,2316.6,2316.8,8,1,10
9:16:18,2316.8,2316.6,2316.8,5,26,10
9:16:18,2316.8,2316.8,2317,24,27,94
9:16:19,2316.8,2316.8,2317,3,30,94
9:16:19,2317,2316.8,2317,22,23,83
9:16:20,2316.8,2316.8,2317,13,18,77
9:16:20,2316.8,2316.8,2317,28,16,54
9:16:21,2316.8,2316.8,2317,34,9,28
9:16:21,2317,2317,2317.2,32,20,41
9:16:22,2317.2,2317,2317.2,64,1,17
9:16:22,2316.8,2317,2317.2,15,1,9
9:16:23,2317.4,2317.2,2317.4,16,31,29
9:16:23,2317.2,2317.2,2317.4,4,27,29
9:16:24,2317.6,2317.4,2317.6,49,108,6
9:16:24,2317.8,2317.6,2317.8,22,46,5
9:16:25,2318,2317.8,2318,54,22,74
9:16:25,2317.8,2317.8,2318,73,14,22
9:16:26,2318,2317.6,2318,56,4,4
9:16:26,2317.8,2317.6,2317.8,10,9,9
9:16:27,2318,2317.4,2317.6,41,101,4
9:16:27,2318,2317.8,2318,27,13,13
9:16:28,2318,2317.8,2318,42,10,7
9:16:28,2318,2318,2318.2,13,8,16
9:16:29,2318,2317.8,2318,20,4,18
9:16:29,2317.8,2317.6,2317.8,25,8,4
9:16:30,2318,2318,2318.2,17,5,5
9:16:30,2318,2317.8,2318,16,14,2
9:16:31,2318,2318,2318.2,16,20,5
9:16:31,2318,2318,2318.4,20,9,14
9:16:32,2318.4,2318.4,2318.6,15,14,32
9:16:32,2318.4,2318.4,2318.6,27,15,20
9:16:33,2318.6,2318.4,2318.8,41,12,41
9:16:33,2318,2318,2318.6,92,9,30
9:16:34,2318.6,2318.2,2318.4,21,1,8
9:16:34,2318.2,2318,2318.4,13,14,17
9:16:35,2318.4,2318,2318.4,25,17,18
9:16:35,2318,2318,2318.2,16,23,24
9:16:36,2318.2,2317.8,2318,50,21,20
9:16:36,2318,2317.8,2318,15,19,9
9:16:37,2317.8,2317.8,2318,18,8,16
9:16:37,2317.8,2317.6,2317.8,13,12,4
9:16:38,2317.6,2317.6,2318,6,11,14
9:16:38,2317.8,2317.8,2318,5,3,12
9:16:39,2318,2317.8,2318,9,20,4
9:16:39,2318,2317.8,2318,2,23,3
9:16:40,2317.8,2317.8,2318,11,5,35
9:16:40,2317.6,2317.6,2317.8,22,15,10
9:16:41,2318,2317.6,2317.8,19,15,5
9:16:41,2317.8,2317.8,2318,18,71,25
9:16:42,2317.8,2317.8,2318,25,75,10
9:16:42,2318,2318,2318.2,21,35,4
9:16:43,2318.2,2318.2,2318.4,13,5,18
9:16:43,2318.4,2318.2,2318.4,21,21,17
9:16:44,2318.4,2318.2,2318.4,12,28,12
9:16:44,2318.6,2318.4,2318.6,16,37,19
9:16:45,2318.4,2318.4,2318.6,32,58,17
9:16:45,2318.4,2318.4,2318.6,18,67,8
9:16:46,2318.6,2318.6,2318.8,19,4,48
9:16:46,2318.6,2318.6,2318.8,4,49,47
9:16:47,2318.8,2318.6,2318.8,12,42,40
9:16:47,2318.8,2318.6,2318.8,41,32,15
9:16:48,2318.8,2318.8,2319,20,6,31
9:16:48,2318.8,2318.8,2319,29,28,20
9:16:49,2318.8,2319,2319.4,38,11,70
9:16:49,2319.4,2319.2,2319.4,40,6,39
9:16:50,2319.2,2319,2319.2,44,3,62
9:16:50,2319,2318.8,2319,19,16,54
9:16:51,2318.8,2318.6,2318.8,21,30,82
9:16:51,2318.6,2318.4,2318.6,53,72,24
9:16:52,2318.6,2318.4,2318.6,54,46,5
9:16:52,2318.6,2318.4,2318.6,57,25,9
9:16:53,2318.4,2318.6,2318.8,28,9,42
9:16:53,2318.6,2318.4,2318.6,12,4,9
9:16:54,2318.6,2318.6,2318.8,28,27,38
9:16:54,2318.6,2318.6,2318.8,21,18,40
9:16:55,2318.6,2318.4,2318.8,25,18,37
9:16:55,2318.4,2318.4,2318.6,8,13,9
9:16:56,2318.4,2318.4,2318.6,11,26,4
9:16:56,2318.4,2318.4,2318.6,6,39,26
9:16:57,2318.4,2318.4,2318.6,7,37,23
9:16:57,2318.4,2318.4,2318.6,18,26,20
9:16:58,2318.6,2318.4,2318.6,20,22,5
9:16:58,2318.4,2318.2,2318.4,29,19,1
9:16:59,2318.6,2318.2,2318.4,5,19,10
9:16:59,2318.6,2318.6,2318.8,36,30,41
9:17:00,2318.6,2318.6,2318.8,9,23,35
9:17:00,2318.6,2318.6,2318.8,10,17,38
9:17:01,2318.6,2318.4,2318.6,30,6,5
9:17:01,2318.6,2318.4,2318.6,11,9,8
9:17:02,2318.2,2318.2,2318.4,23,38,1
9:17:02,2318.2,2318.2,2318.4,30,22,8
9:17:03,2318.2,2318.2,2318.4,36,13,1
9:17:03,2318.4,2318.2,2318.4,13,5,19
9:17:04,2318.2,2318,2318.2,5,116,28
9:17:04,2318,2318,2318.4,60,95,19
9:17:05,2318,2318,2318.4,39,65,19
9:17:05,2318.4,2318.2,2318.6,35,10,37
9:17:06,2318,2318,2318.2,65,4,12
9:17:06,2318,2318,2318.2,20,8,21
9:17:07,2318,2317.8,2318,8,80,3
9:17:07,2317.8,2317.8,2318,56,28,62
9:17:08,2317.8,2317.8,2318,11,24,59
9:17:08,2317.8,2317.6,2317.8,24,22,10
9:17:09,2317.6,2317.8,2318,56,1,24
9:17:09,2318,2317.6,2318,2,20,28
9:17:10,2318,2317.8,2318,18,23,18
9:17:10,2317.8,2317.8,2318,7,26,29
9:17:11,2317.8,2317.8,2318,19,20,17
9:17:11,2318,2317.8,2318.2,22,30,14
9:17:12,2318,2318,2318.2,10,15,14
9:17:12,2318.2,2318.2,2318.4,17,3,20
9:17:13,2318.2,2318,2318.2,26,12,19
9:17:13,2318,2318,2318.2,1,12,28
9:17:14,2318,2318,2318.2,29,10,7
9:17:14,2317.8,2317.8,2318,14,18,12
9:17:15,2318,2317.8,2318,12,18,3
9:17:15,2318,2317.8,2318,7,14,12
9:17:16,2317.8,2317.8,2318,8,7,11
9:17:16,2317.6,2317.6,2317.8,14,20,2
9:17:17,2317.6,2317.4,2317.6,32,5,1
9:17:17,2318,2317.4,2318,11,4,14
9:17:18,2318,2317.4,2318,29,9,5
9:17:18,2317.4,2317.6,2318,4,3,4
9:17:19,2317.6,2317.6,2317.8,10,6,2
9:17:19,2317.6,2317.6,2317.8,12,45,2
9:17:20,2317.8,2317.8,2318,15,12,4
9:17:20,2317.8,2317.8,2318,7,10,6
9:17:21,2317.8,2317.8,2318,22,11,2
9:17:21,2318.2,2317.8,2318.2,7,12,14
9:17:22,2317.8,2317.8,2318,1,13,2
9:17:22,2317.8,2317.8,2318,3,11,2
9:17:23,2317.8,2317.8,2318,15,11,16
9:17:23,2318,2318,2318.2,17,13,8
9:17:24,2318,2318,2318.4,16,13,23
9:17:24,2318,2318,2318.4,4,13,23
9:17:25,2318.2,2318.2,2318.4,10,15,14
9:17:25,2318.2,2318.4,2318.6,16,5,32
9:17:26,2318.4,2318.4,2318.6,9,2,26
9:17:26,2318.4,2318.2,2318.4,15,9,9
9:17:27,2318.4,2318.2,2318.4,14,1,6
9:17:27,2318.2,2318,2318.4,3,15,10
9:17:28,2318.4,2318.4,2318.6,20,8,28
9:17:28,2318.6,2318,2318.4,23,14,1
9:17:29,2318.2,2318,2318.2,2,13,1
9:17:29,2318.4,2318.2,2318.6,7,30,21
9:17:30,2318.4,2318.2,2318.4,1,31,1
9:17:30,2318.4,2318.4,2318.6,4,19,21
9:17:31,2318.4,2318.4,2318.6,5,25,17
9:17:31,2318.6,2318.6,2318.8,20,19,56
9:17:32,2318.8,2318.6,2318.8,18,37,40
9:17:32,2318.6,2318.6,2318.8,17,33,27
9:17:33,2318.8,2318.8,2319,29,17,51
9:17:33,2318.8,2318.8,2319,5,17,52
9:17:34,2318.8,2318.8,2319,3,21,55
9:17:34,2318.8,2318.8,2319.2,67,13,32
9:17:35,2319,2318.8,2319.2,9,18,31
9:17:35,2318.8,2318.8,2319,13,20,27
9:17:36,2319,2318.8,2319,28,19,71
9:17:36,2319,2318.8,2319,21,22,66
9:17:37,2318.8,2318.6,2318.8,23,30,4
9:17:37,2318.8,2318.6,2318.8,12,27,8
9:17:38,2318.8,2318.6,2318.8,6,37,5
9:17:38,2318.6,2318.6,2318.8,16,35,2
9:17:39,2318.8,2318.6,2318.8,11,34,7
9:17:39,2318.6,2318.6,2318.8,3,32,6
9:17:40,2318.8,2318.6,2318.8,1,32,15
9:17:40,2318.6,2318.6,2318.8,3,30,17
9:17:41,2318.8,2318.6,2318.8,1,30,19
9:17:41,2318.8,2318.2,2318.8,55,59,16
9:17:42,2318.8,2318.2,2318.8,1,59,25
9:17:42,2318.4,2318.4,2318.8,5,2,25
9:17:43,2318.6,2318.4,2318.8,10,1,27
9:17:43,2318.6,2318.4,2318.6,2,9,20
9:17:44,2318.4,2318.2,2318.4,2,59,1
9:17:44,2318.4,2318.2,2318.4,6,39,3
9:17:45,2318.4,2318.4,2318.6,5,3,25
9:17:45,2318.4,2318.4,2318.6,3,6,25
9:17:46,2318.4,2318.4,2318.6,14,4,26
9:17:46,2318.6,2318.4,2318.6,5,4,21
9:17:47,2318.4,2318.4,2318.6,10,2,21
9:17:47,2318.4,2318.2,2318.4,14,26,4
9:17:48,2318.4,2318.2,2318.6,5,33,18
9:17:48,2318.4,2318.4,2318.6,1,4,18
9:17:49,2318.6,2318.4,2318.6,2,23,18
9:17:49,2318.6,2318.4,2318.6,12,21,8
9:17:50,2318.6,2318.6,2318.8,9,2,31
9:17:50,2318.6,2318.6,2318.8,4,12,31
9:17:51,2318.8,2318.6,2318.8,13,11,22
9:17:51,2318.6,2318.4,2318.6,12,11,11
9:17:52,2318.4,2318.4,2318.6,5,11,7
9:17:52,2318.8,2318.6,2318.8,20,13,16
9:17:53,2318.4,2318.4,2318.8,22,4,36
9:17:53,2318.6,2318.4,2318.8,2,4,37
9:17:54,2318.4,2318.4,2318.6,1,3,8
9:17:54,2318.6,2318.4,2318.6,7,1,7
9:17:55,2318.6,2318.4,2318.6,1,3,18
9:17:56,2318.4,2318.4,2318.6,6,3,16
9:17:56,2318.4,2318.4,2318.6,1,2,18
9:17:57,2318.4,2318.2,2318.4,8,29,7
9:17:57,2318.4,2318.2,2318.4,14,16,6
9:17:58,2318.2,2318,2318.2,24,38,71
9:17:59,2318,2318,2318.2,13,27,69
9:17:59,2317.8,2317.8,2318,62,20,2
9:18:00,2318.2,2317.8,2318.2,4,25,36
9:18:00,2318.2,2317.8,2318.2,16,21,28
9:18:01,2317.8,2317.8,2318,11,21,6
9:18:01,2317.8,2317.8,2318,9,21,4
9:18:02,2318,2317.8,2318,5,21,2
9:18:02,2317.8,2317.8,2318.2,8,18,23
9:18:03,2317.8,2317.8,2318.2,4,18,26
9:18:03,2318,2317.8,2318,7,13,1
9:18:04,2317.8,2317.8,2318,11,10,5
9:18:04,2317.8,2317.8,2318.2,2,11,28
9:18:05,2318,2317.8,2318.2,1,15,30
9:18:05,2317.8,2317.8,2318,10,12,20
9:18:06,2317.8,2317.6,2317.8,17,66,9
9:18:06,2317.8,2317.6,2317.8,4,63,9
9:18:07,2317.8,2317.8,2318,15,3,22
9:18:07,2317.8,2317.8,2318,13,3,20
9:18:08,2318,2317.8,2318,6,4,15
9:18:08,2317.8,2317.8,2318,11,7,13
9:18:09,2317.8,2317.8,2318,2,6,14
9:18:09,2317.8,2317.8,2318,2,10,14
9:18:10,2317.6,2317.6,2317.8,13,53,13
9:18:10,2317.6,2317.6,2317.8,6,56,11
9:18:11,2317.8,2317.6,2317.8,13,63,1
9:18:11,2317.8,2317.8,2318,26,1,18
9:18:12,2317.6,2317.6,2317.8,6,36,7
9:18:12,2317.6,2317.6,2317.8,9,34,3
9:18:13,2317.8,2317.6,2317.8,5,34,12
9:18:13,2317.4,2317.4,2317.6,37,17,26
9:18:14,2317.4,2317.2,2317.4,20,62,6
9:18:14,2317.4,2317.2,2317.4,4,61,34
9:18:15,2317.2,2317.2,2317.4,18,49,17
9:18:15,2317.2,2317.2,2317.4,28,28,10
9:18:16,2317.4,2317.2,2317.4,23,12,7
9:18:16,2317.2,2317.2,2317.4,20,2,7
9:18:17,2317,2317,2317.2,5,60,8
9:18:17,2317,2317,2317.4,26,62,5
9:18:18,2317,2317,2317.2,27,58,43
9:18:18,2317,2317,2317.2,35,26,43
9:18:19,2317.2,2317,2317.2,37,5,29
9:18:19,2317.2,2316.8,2317,21,16,2
9:18:20,2317,2316.8,2317,12,28,23
9:18:20,2316.8,2316.8,2317,13,38,28
9:18:21,2317,2316.8,2317,22,18,31
9:18:21,2317,2317,2317.2,62,1,17
9:18:22,2317,2317,2317.2,21,46,14
9:18:22,2317.2,2317.2,2317.4,32,12,2
9:18:23,2317.4,2317.4,2317.6,17,9,28
9:18:23,2317.6,2317.4,2317.6,4,13,27
9:18:24,2317.6,2317.4,2317.6,9,12,22
9:18:24,2317.2,2317.2,2317.6,24,30,24
9:18:25,2317.4,2317.4,2317.6,2,2,25
9:18:25,2317.2,2317.2,2317.4,15,20,17
9:18:26,2317.6,2317.2,2317.6,21,20,19
9:18:26,2317.4,2317.2,2317.4,13,16,2
9:18:27,2317.2,2317.2,2317.4,9,10,1
9:18:27,2317.4,2317.2,2317.4,10,5,7
9:18:28,2317.2,2317.2,2317.4,4,4,5
9:18:28,2317.2,2317,2317.2,7,63,6
9:18:29,2317,2317,2317.2,11,57,5
9:18:30,2317.2,2317.2,2317.4,45,17,13
9:18:30,2317.2,2317.2,2317.4,1,16,13
9:18:31,2317.4,2317.2,2317.4,1,17,12
9:18:31,2317.2,2317.2,2317.4,2,30,12
9:18:32,2317.4,2317.2,2317.4,4,29,9
9:18:32,2317.4,2317.2,2317.4,15,27,2
9:18:33,2317.4,2317.4,2317.6,5,59,13
9:18:33,2317.4,2317.4,2317.6,13,50,16
9:18:34,2317.8,2317.6,2317.8,23,10,8
9:18:34,2317.8,2317.8,2318,9,12,29
9:18:35,2317.8,2317.8,2318,15,5,23
9:18:35,2318,2317.6,2317.8,16,28,1
9:18:36,2318,2317.6,2317.8,4,28,1
9:18:36,2317.8,2317.6,2317.8,12,18,1
9:18:37,2317.8,2317.8,2318,4,1,9
9:18:37,2318,2317.6,2318,9,19,3
9:18:38,2318.2,2317.8,2318,10,6,1
9:18:38,2318.2,2318,2318.4,3,6,58
9:18:40,2318,2317.8,2318.4,18,14,55
9:18:40,2318.2,2317.8,2318,1,17,1
9:18:41,2317.8,2317.8,2318,3,14,1
9:18:41,2318,2317.8,2318.2,1,14,39
9:18:42,2318,2318,2318.2,1,2,40
9:18:43,2318.2,2318,2318.2,22,3,18
9:18:43,2318.2,2318,2318.2,16,2,5
9:18:44,2318.2,2318,2318.2,2,2,4
9:18:44,2318.2,2318,2318.2,3,10,2
9:18:45,2318,2318,2318.2,1,9,4
9:18:45,2318,2318,2318.2,6,4,3
9:18:46,2318.2,2318,2318.2,7,4,2
9:18:46,2318,2318,2318.2,1,3,4
9:18:47,2318.2,2317.8,2318.2,6,20,3
9:18:47,2318,2317.8,2318.2,3,20,3
9:18:48,2317.8,2317.8,2318,3,19,5
9:18:48,2317.8,2317.8,2318,1,18,8
9:18:49,2318,2318,2318.2,8,1,24
9:18:49,2318.2,2318,2318.2,1,2,23
9:18:50,2318,2318,2318.2,1,1,18
9:18:50,2318,2317.8,2318.2,9,12,18
9:18:51,2318,2317.8,2318,3,12,2
9:18:51,2318,2317.8,2318,6,10,2
9:18:52,2318,2317.8,2318,2,9,1
9:18:52,2318.2,2317.8,2318.2,4,9,8
9:18:53,2318,2317.8,2318.2,1,9,8
9:18:53,2318,2317.8,2318.2,6,4,8
9:18:54,2318.2,2318,2318.2,3,21,6
9:18:55,2318,2318,2318.2,13,12,5
9:18:55,2318.2,2318,2318.2,10,9,8
9:18:56,2318.2,2318,2318.2,1,14,7
9:18:56,2318.2,2318,2318.2,4,16,6
9:18:57,2318.2,2318,2318.2,7,11,4
9:18:57,2318,2318,2318.2,13,4,3
9:18:58,2318.2,2318.2,2318.4,5,1,61
9:18:58,2318,2318,2318.2,2,7,1
9:18:59,2318,2318,2318.2,1,11,8
9:18:59,2318.2,2318,2318.2,4,12,4
9:19:00,2318.2,2318,2318.2,1,12,7
9:19:00,2318,2318,2318.2,9,4,7
9:19:01,2318.2,2318,2318.2,6,3,2
9:19:01,2318,2317.8,2318.2,3,12,3
9:19:02,2318.4,2318.2,2318.4,5,2,62
9:19:02,2318.2,2317.8,2318.2,4,12,2
9:19:03,2318.2,2318,2318.2,2,7,2
9:19:03,2318.2,2318.2,2318.4,25,13,63
9:19:04,2318.2,2318.2,2318.4,2,11,63
9:19:04,2318.2,2318.2,2318.4,5,8,63
9:19:05,2318.2,2318,2318.2,11,2,18
9:19:05,2318.2,2318,2318.2,5,9,17
9:19:06,2318,2318,2318.2,8,2,19
9:19:06,2318.2,2318,2318.2,3,11,18
9:19:07,2318.2,2318,2318.2,6,13,12
9:19:07,2318.2,2318,2318.2,5,13,12
9:19:08,2318,2317.8,2318,14,16,16
9:19:08,2318,2317.8,2318,1,16,16
9:19:09,2318,2317.8,2318,1,16,15
9:19:09,2318,2317.8,2318,9,9,14
9:19:10,2318,2317.8,2318,1,9,12
9:19:10,2317.8,2317.8,2318,3,8,11
9:19:11,2318,2317.8,2318.2,11,18,16
9:19:11,2317.8,2318,2318.2,2,5,16
9:19:12,2318,2318,2318.2,3,9,16
9:19:12,2318,2318,2318.2,5,4,16
9:19:13,2318,2317.8,2318.2,4,17,16
9:19:13,2317.8,2317.8,2318,2,19,2
9:19:14,2318,2317.8,2318,1,19,12
9:19:14,2317.8,2317.8,2318,1,19,12
9:19:15,2317.8,2317.8,2318,18,10,4
9:19:15,2317.8,2317.8,2318,1,15,6
9:19:16,2317.8,2317.8,2318,6,9,6
9:19:16,2318,2317.8,2318,1,11,6
9:19:17,2317.8,2317.8,2318,6,7,4
9:19:17,2317.8,2317.8,2318,2,5,4
9:19:18,2317.8,2317.8,2318,6,1,3
9:19:18,2318,2317.6,2317.8,3,28,1
9:19:19,2317.8,2317.6,2317.8,2,27,1
9:19:19,2317.6,2317.6,2317.8,2,25,9
9:19:20,2317.6,2317.6,2317.8,2,23,10
9:19:20,2317.6,2317.6,2317.8,17,16,10
9:19:21,2317.6,2317.6,2317.8,15,10,8
9:19:21,2317.6,2317.6,2317.8,7,3,14
9:19:22,2317.4,2317.4,2317.8,5,79,17
9:19:22,2317.6,2317.4,2317.6,1,77,7
9:19:23,2317.4,2317.4,2317.6,3,75,8
9:19:23,2317.4,2317.4,2317.6,3,72,8
9:19:24,2317.4,2317.4,2317.6,3,69,11
9:19:24,2317.4,2317.4,2317.6,7,63,14
9:19:25,2317.4,2317.4,2317.6,17,52,12
9:19:25,2317.4,2317.4,2317.8,37,30,19
9:19:26,2317.4,2317.4,2317.8,1,30,21
9:19:26,2317.4,2317.4,2317.8,5,25,21
9:19:27,2317.4,2317.4,2317.6,6,19,9
9:19:27,2317.4,2317.4,2317.6,1,18,9
9:19:28,2317.6,2317.2,2317.4,30,35,1
9:19:28,2317.4,2317.2,2317.4,2,35,1
9:19:29,2317.4,2317.4,2317.6,3,9,9
9:19:29,2317.4,2317.4,2317.6,4,7,10
9:19:30,2317.4,2317.2,2317.4,17,34,17
9:19:30,2317.4,2317.2,2317.4,1,34,19
9:19:31,2317.2,2317.2,2317.4,4,30,21
9:19:31,2317.4,2317.2,2317.4,1,29,20
9:19:32,2317.2,2317.2,2317.4,22,7,21
9:19:32,2317.4,2317.4,2317.6,38,20,4
9:19:33,2317.4,2317.4,2317.6,4,16,7
9:19:33,2317.4,2317.4,2317.6,14,3,9
9:19:34,2317.4,2317.4,2317.6,2,9,13
9:19:35,2317.4,2317.4,2317.6,6,9,14
9:19:35,2317.6,2317.4,2317.6,1,9,9
9:19:36,2317.4,2317.4,2317.6,3,7,8
9:19:36,2317.6,2317.4,2317.6,2,7,8
9:19:37,2317.2,2317.2,2317.4,15,4,20
9:19:38,2317.4,2317.2,2317.4,12,4,8
9:19:38,2317.2,2317,2317.2,5,92,33
9:19:39,2317.2,2317,2317.2,23,93,10
9:19:39,2317,2317,2317.2,4,90,9
9:19:40,2317,2317,2317.2,2,88,9
9:19:40,2317,2317,2317.2,9,80,8
9:19:41,2317,2317,2317.4,30,70,3
9:19:41,2317.2,2317,2317.4,6,72,4
9:19:42,2317.2,2317.2,2317.4,4,22,13
9:19:42,2317.4,2317.2,2317.4,2,25,11
9:19:43,2317.2,2317.2,2317.4,14,14,2
9:19:43,2317,2317,2317.4,25,59,23
9:19:44,2317.4,2317,2317.4,3,58,22
9:19:44,2317.2,2317,2317.2,4,58,3
9:19:45,2317,2317,2317.2,1,58,7
9:19:45,2317,2317,2317.2,20,41,4
9:19:46,2317.4,2317,2317.2,12,34,9
9:19:46,2317,2317,2317.2,5,30,9
9:19:47,2317,2317,2317.2,4,27,38
9:19:47,2317,2317,2317.2,5,34,38
9:19:48,2317,2317,2317.2,8,30,34
9:19:48,2317.2,2317,2317.2,25,26,16
9:19:49,2317.2,2317,2317.2,12,32,11
9:19:49,2317.2,2317,2317.2,5,30,8
9:19:50,2317.2,2317,2317.2,5,30,3
9:19:50,2317,2317.2,2317.4,29,9,31
9:19:51,2317.2,2317.2,2317.4,4,6,30
9:19:51,2317.2,2317.2,2317.4,2,14,30
9:19:52,2317.4,2317.2,2317.4,3,13,28
9:19:53,2317.2,2317.2,2317.4,5,9,34
9:19:53,2317.4,2317.2,2317.4,6,7,33
9:19:54,2317.2,2317.2,2317.4,6,7,28
9:19:54,2317.2,2317.2,2317.4,5,2,29
9:19:55,2317.2,2317.2,2317.4,1,2,29
9:19:55,2317.4,2317,2317.4,25,7,25
9:19:56,2317.4,2317.2,2317.4,2,1,24
9:19:56,2317.2,2317,2317.4,1,7,24
9:19:57,2317.4,2317,2317.2,1,8,7
9:19:57,2317.2,2317,2317.2,1,8,7
9:19:58,2317,2316.8,2317,22,35,15
9:19:58,2317,2316.8,2317,1,35,17
9:19:59,2317,2316.8,2317,5,34,19
9:19:59,2317,2316.8,2317,8,31,16
9:20:00,2316.8,2316.8,2317,4,28,13
9:20:00,2316.8,2316.2,2316.8,99,93,65
9:20:01,2316.2,2316.2,2316.8,26,56,64
9:20:01,2316.2,2316.2,2316.6,34,24,10
9:20:02,2316.2,2316.2,2316.4,16,9,4
9:20:02,2316,2316,2316.2,55,61,19
9:20:03,2316,2316,2316.2,13,57,23
9:20:03,2316.2,2316,2316.2,24,37,47
9:20:04,2316.2,2316,2316.2,13,35,52
9:20:04,2316,2316,2316.2,69,5,15
9:20:05,2316.2,2316.2,2316.8,37,2,29
9:20:05,2316.2,2316.4,2316.6,17,2,8
9:20:06,2316.6,2316.6,2316.8,15,1,28
9:20:06,2316.4,2316.4,2316.6,17,3,16
9:20:07,2316.4,2316.4,2316.6,7,4,12
9:20:07,2316.6,2316.4,2316.6,11,1,15
9:20:08,2316.4,2316.2,2316.4,4,14,1
9:20:08,2316.4,2316.2,2316.4,19,12,1
9:20:09,2316.2,2316.2,2316.6,3,11,5
9:20:09,2316.6,2316.4,2316.6,5,2,3
9:20:10,2316.4,2316.2,2316.4,23,12,2
9:20:10,2316.8,2316.2,2316.8,10,19,21
9:20:11,2316.4,2316.2,2316.8,4,22,23
9:20:11,2316.6,2316.4,2316.6,4,8,1
9:20:12,2316.4,2316.4,2316.6,19,7,1
9:20:12,2316.6,2316.4,2316.8,20,6,3
9:20:13,2317,2316.8,2317,9,4,19
9:20:13,2317,2316.8,2317,8,1,17
9:20:14,2317,2316.8,2317,3,2,14
9:20:14,2317,2316.8,2317,6,1,9
9:20:15,2317,2316.8,2317,6,4,8
9:20:15,2317,2317,2317.2,8,2,8
9:20:16,2317,2317,2317.2,5,3,4
9:20:16,2317,2317,2317.4,12,3,16
9:20:17,2317,2316.8,2317.4,11,5,16
9:20:17,2317,2317.2,2317.4,2,1,16
9:20:18,2317.4,2317.2,2317.4,5,7,12
9:20:18,2317,2317,2317.4,12,5,16
9:20:19,2317,2317,2317.4,3,13,15
9:20:19,2317.4,2317,2317.2,1,13,1
9:20:20,2317.2,2317,2317.4,5,9,17
9:20:20,2317.4,2316.6,2317.4,24,17,17
9:20:21,2317.4,2316.8,2317.2,3,4,5
9:20:21,2316.6,2316.8,2317.2,10,1,6
9:20:22,2317.2,2316.8,2317,6,6,1
9:20:22,2317.2,2316.8,2317,2,8,3
9:20:23,2317,2316.8,2317.2,4,8,1
9:20:23,2316.8,2317,2317.2,5,1,1
9:20:24,2317.2,2317,2317.4,2,1,28
9:20:24,2317.4,2317.2,2317.4,4,1,30
9:20:25,2317.2,2317,2317.4,4,13,28
9:20:25,2317,2317,2317.4,8,10,25
9:20:26,2316.8,2316.8,2317.4,11,24,27
9:20:26,2317.4,2317,2317.4,4,1,24
9:20:27,2317,2316.8,2317,4,25,4
9:20:28,2317,2316.8,2317,3,24,4
9:20:28,2316.8,2316.8,2317,2,22,5
9:20:29,2317.2,2316.8,2317.2,10,21,2
9:20:29,2317,2316.8,2317,9,16,7
9:20:30,2317,2317,2317.2,9,18,1
9:20:31,2317,2317.2,2317.4,8,7,29
9:20:31,2317,2317.2,2317.4,1,6,29
9:20:32,2317.2,2317.2,2317.4,3,4,28
9:20:32,2317.4,2317.2,2317.4,2,3,27
9:20:33,2317.4,2317.2,2317.4,9,3,18
9:20:33,2317.2,2317,2317.4,4,26,21
9:20:34,2317,2317.2,2317.4,7,1,21
9:20:34,2317.4,2317.2,2317.4,9,1,19
9:20:35,2317.2,2317,2317.4,2,28,19
9:20:35,2317.4,2317,2317.4,3,28,16
9:20:36,2317.2,2317,2317.4,10,28,11
9:20:36,2317,2317,2317.2,5,33,4
9:20:37,2317,2317,2317.2,3,32,2
9:20:37,2317.4,2317.2,2317.6,14,4,18
9:20:38,2317.2,2317.2,2317.4,1,8,1
9:20:38,2317.2,2317.2,2317.4,1,22,1
9:20:39,2317.4,2317.2,2317.4,3,25,5
9:20:39,2317.2,2317.2,2317.4,4,23,4
9:20:40,2317.4,2317.2,2317.4,4,10,2
9:20:40,2317.4,2317.4,2317.6,2,20,25
9:20:41,2317.6,2317.4,2317.6,1,22,24
9:20:41,2317.4,2317.4,2317.6,3,22,22
9:20:42,2317.6,2317.4,2317.6,1,24,21
9:20:42,2317.6,2317.4,2317.6,6,23,10
9:20:43,2317.4,2317.4,2317.6,2,22,9
9:20:43,2317.6,2317.4,2317.6,4,22,6
9:20:44,2317.6,2317.6,2317.8,10,6,43
9:20:44,2317.8,2317.6,2317.8,15,8,28
9:20:45,2317.6,2317.6,2317.8,12,7,20
9:20:45,2317.8,2317.6,2317.8,6,10,16
9:20:46,2317.8,2317.6,2317.8,2,13,14
9:20:47,2317.6,2317.6,2317.8,16,12,4
9:20:47,2317.8,2317.8,2318,4,3,66
9:20:48,2318,2317.8,2318,2,25,65
9:20:48,2318,2317.8,2318,13,19,52
9:20:49,2318,2317.8,2318,15,19,41
9:20:49,2318,2317.8,2318,8,24,33
9:20:50,2318,2317.8,2318,2,27,31
9:20:50,2318,2317.8,2318,11,24,24
9:20:51,2318,2318,2318.2,28,5,33
9:20:51,2318.2,2318,2318.2,18,1,31
9:20:52,2318.2,2317.8,2318,4,30,1
9:20:52,2318,2317.8,2318.2,10,24,34
9:20:53,2318.2,2318,2318.2,6,6,28
9:20:53,2318.2,2318,2318.2,20,6,9
9:20:54,2318.2,2318.2,2318.4,12,14,29
9:20:54,2318,2318,2318.4,19,10,29
9:20:55,2318.4,2318,2318.4,7,11,24
9:20:55,2318.4,2318.2,2318.4,1,1,23
9:20:56,2318.2,2318,2318.2,16,13,1
9:20:56,2318.4,2318.2,2318.4,6,1,4
9:20:57,2318.4,2318.4,2318.6,5,1,34
9:20:57,2318.6,2318.4,2318.6,13,2,24
9:20:58,2318.6,2318.4,2318.6,4,4,20
9:20:58,2318.6,2318.4,2318.6,15,1,16
9:20:59,2318.8,2318.6,2318.8,23,7,62
9:20:59,2318.6,2318.4,2318.6,33,2,4
9:21:00,2318.6,2318.6,2318.8,16,3,37
9:21:00,2318.6,2318.6,2318.8,13,10,44
9:21:01,2318.8,2318.4,2318.8,33,1,25
9:21:01,2318.6,2318.6,2318.8,5,16,22
9:21:02,2318.8,2318.6,2318.8,15,19,12
9:21:02,2318.6,2318.6,2318.8,17,15,2
9:21:03,2318.8,2318.8,2319,14,3,58
9:21:03,2318.8,2318.6,2318.8,13,22,9
9:21:04,2318.8,2318.6,2318.8,10,18,14
9:21:04,2318.8,2318.6,2318.8,9,14,35
9:21:05,2318.6,2318.4,2318.6,22,1,19
9:21:05,2318.4,2318.4,2318.6,25,1,5
9:21:06,2318.6,2318.6,2318.8,6,2,41
9:21:06,2318.6,2318.6,2318.8,6,17,39
9:21:07,2318.8,2318.6,2318.8,12,12,23
9:21:07,2318.8,2318.6,2318.8,6,18,11
9:21:08,2318.8,2318.8,2319,32,10,61
9:21:08,2318.8,2318.8,2319,31,19,32
9:21:09,2319,2318.8,2319,13,19,24
9:21:09,2319,2319,2319.2,48,45,20
9:21:10,2319.4,2319.2,2319.4,32,2,25
9:21:10,2319.4,2319.2,2319.4,10,14,19
9:21:11,2319.6,2319.4,2319.6,33,6,13
9:21:11,2319.6,2319.4,2319.6,41,1,1
9:21:12,2319.6,2319.6,2319.8,8,38,33
9:21:12,2319.8,2319.6,2319.8,26,29,24
9:21:13,2319.6,2319.6,2319.8,45,2,6
9:21:13,2319.8,2319.8,2320,43,6,161
9:21:14,2319.6,2319.4,2319.6,21,4,9
9:21:14,2319.4,2319.2,2319.4,17,1,11
9:21:15,2319.4,2319.2,2319.4,38,1,5
9:21:15,2319.2,2319,2319.2,31,30,6
9:21:16,2319.2,2319,2319.2,12,30,28
9:21:16,2319.2,2319,2319.2,14,22,23
9:21:17,2319,2319,2319.2,13,11,23
9:21:17,2318.8,2318.6,2318.8,28,21,1
9:21:18,2319,2318.6,2319,11,21,1
9:21:18,2319.2,2318.8,2319,17,11,8
9:21:19,2319,2318.8,2319,7,11,5
9:21:19,2319,2318.8,2319,1,21,4
9:21:20,2319,2319,2319.2,5,10,5
9:21:20,2319,2319,2319.2,4,9,5
9:21:21,2319,2319,2319.2,6,4,5
9:21:21,2319.2,2318.8,2319,11,22,3
9:21:22,2318.8,2318.8,2319,5,21,4
9:21:22,2319,2318.8,2319,13,21,14
9:21:23,2319,2318.8,2319,2,21,13
9:21:23,2319,2319,2319.2,21,9,8
9:21:24,2319.2,2319,2319.2,14,4,5
9:21:24,2319.2,2319,2319.2,1,14,6
9:21:25,2319.4,2319.4,2319.6,12,12,12
9:21:25,2319.4,2319.4,2319.6,2,10,12
9:21:26,2319.6,2319.4,2319.6,13,5,10
9:21:26,2319.6,2319.4,2319.6,9,3,3
9:21:27,2319.6,2319.4,2319.6,3,3,2
9:21:27,2319.6,2319.6,2319.8,6,12,32
9:21:28,2319.6,2319.6,2319.8,11,5,29
9:21:28,2319.6,2319.4,2319.6,11,3,1
9:21:29,2319.4,2319.4,2319.6,23,1,6
9:21:29,2319.2,2319.2,2319.4,6,8,3
9:21:30,2319.4,2319.2,2319.4,3,8,10
9:21:31,2319.6,2319.4,2319.6,13,1,12
9:21:31,2319.6,2319.6,2319.8,15,112,18
9:21:32,2319.6,2319.8,2320,41,1,164
9:21:32,2319.8,2319.8,2320,148,8,55
9:21:33,2320,2320,2320.2,59,4,60
9:21:33,2320.2,2320,2320.2,41,40,37
9:21:34,2320.2,2320,2320.2,36,27,34
9:21:34,2320,2319.6,2320,59,93,3
9:21:35,2319.8,2319.6,2319.8,16,88,19
9:21:35,2319.6,2319.6,2319.8,23,84,37
9:21:36,2319.8,2319.6,2319.8,46,53,19
9:21:36,2319.6,2319.6,2319.8,19,43,23
9:21:37,2319.6,2319.6,2319.8,22,26,20
9:21:37,2319.6,2319.6,2319.8,13,14,19
9:21:38,2319.6,2319.4,2319.6,22,3,11
9:21:38,2319.6,2319.2,2319.4,8,44,2
9:21:39,2319.4,2319.2,2319.4,14,44,9
9:21:39,2319.4,2319.2,2319.4,11,42,3
9:21:40,2319.6,2319.6,2319.8,16,7,25
9:21:40,2319.8,2319.8,2320,37,24,13
9:21:41,2320,2319.8,2320,12,24,4
9:21:41,2320,2319.8,2320,13,13,6
9:21:42,2320,2320,2320.2,19,11,6
9:21:42,2320,2319.8,2320,15,16,28
9:21:43,2320,2319.8,2320,11,6,27
9:21:43,2319.8,2319.6,2319.8,12,14,11
9:21:44,2319.6,2319.6,2319.8,18,16,7
9:21:44,2320,2319.8,2320,28,1,23
9:21:45,2319.8,2319.6,2319.8,8,11,6
9:21:45,2319.8,2319.8,2320,6,4,24
9:21:46,2319.8,2319.8,2320,35,3,27
9:21:46,2319.8,2319.8,2320,1,3,27
9:21:47,2319.8,2319.8,2320,5,1,26
9:21:47,2319.8,2319.6,2319.8,6,20,3
9:21:48,2319.8,2319.6,2319.8,17,5,13
9:21:48,2319.8,2319.6,2319.8,6,2,17
9:21:49,2320,2319.4,2320,43,22,18
9:21:50,2319.6,2319.4,2319.8,15,16,1
9:21:50,2319.8,2319.4,2320,7,21,21
9:21:51,2319.6,2319.4,2319.8,2,22,4
9:21:51,2319.8,2319.6,2320,9,6,25
9:21:52,2319.6,2319.4,2319.6,15,21,1
9:21:52,2319.4,2319.4,2319.6,1,21,6
9:21:53,2319.4,2319.4,2319.6,2,19,7
9:21:53,2319.6,2319.4,2319.8,8,12,5
9:21:54,2319.4,2319.4,2319.8,3,9,5
9:21:54,2319.4,2319.4,2319.8,7,3,16
9:21:55,2319.6,2319.4,2319.6,6,5,1
9:21:55,2319.6,2319.4,2319.6,1,5,5
9:21:56,2319.6,2319.6,2319.8,20,1,13
9:21:56,2319.6,2319.6,2319.8,2,26,12
9:21:57,2319.8,2319.8,2320,24,8,33
9:21:57,2319.6,2319.6,2319.8,12,15,1
9:21:58,2319.8,2319.8,2320,19,26,31
9:21:58,2320,2319.8,2320,7,24,33
9:21:59,2319.8,2319.8,2320,2,23,33
9:21:59,2319.8,2319.8,2320,23,24,15
9:22:00,2319.8,2319.8,2320,9,18,16
9:22:01,2319.8,2319.8,2320,12,16,12
9:22:01,2320,2319.8,2320,23,5,1
9:22:02,2319.8,2319.8,2320,16,1,9
9:22:02,2320,2319.6,2320,47,70,5
9:22:03,2319.8,2320,2320.4,18,1,21
9:22:03,2320.2,2320.2,2320.4,11,2,14
9:22:04,2320.2,2320,2320.2,7,3,4
9:22:04,2320,2320,2320.2,10,1,5
9:22:05,2320,2320,2320.2,4,4,4
9:22:05,2320.2,2320.2,2320.4,18,2,22
9:22:06,2320,2319.8,2320,10,3,22
9:22:06,2320,2320,2320.2,29,11,7
9:22:07,2320.2,2320,2320.2,4,31,12
9:22:07,2320.4,2320.2,2320.4,25,5,21
9:22:08,2320,2320,2320.4,16,27,17
9:22:08,2320.4,2320.4,2320.6,20,1,57
9:22:09,2320.6,2320.4,2320.6,33,1,38
9:22:09,2320.4,2320.2,2320.6,8,5,34
9:22:10,2320.4,2320.4,2320.6,22,5,13
9:22:10,2320.2,2320.2,2320.4,8,28,10
9:22:11,2320.4,2320.4,2320.6,16,8,14
9:22:11,2320.6,2320.4,2320.6,17,21,2
9:22:12,2320.4,2320.6,2320.8,6,14,75
9:22:12,2320.6,2320.6,2320.8,10,6,74
9:22:13,2320.6,2320.6,2320.8,11,9,65
9:22:13,2320.8,2320.6,2320.8,12,6,66
9:22:14,2320.8,2320.6,2320.8,24,1,62
9:22:14,2320.6,2320.4,2320.6,25,8,1
9:22:15,2320.6,2320.4,2320.6,17,8,5
9:22:15,2320.4,2320.2,2320.4,24,16,17
9:22:16,2320.6,2320.4,2320.6,19,1,30
9:22:16,2320,2320,2320.4,11,16,5
9:22:17,2320.4,2320,2320.4,8,16,5
9:22:17,2320,2320,2320.4,22,4,28
9:22:18,2320.4,2320,2320.4,9,2,24
9:22:18,2320,2319.8,2320,10,41,33
9:22:19,2320,2319.8,2320,7,39,29
9:22:19,2319.8,2319.8,2320,26,21,58
9:22:20,2319.8,2319.8,2320,9,16,59
9:22:20,2319.8,2319.8,2320,8,8,62
9:22:21,2320,2319.8,2320,8,10,43
9:22:21,2319.8,2319.8,2320,2,8,43
9:22:22,2320,2319.8,2320,7,19,37
9:22:22,2319.8,2319.8,2320,9,14,35
9:22:23,2319.8,2320,2320.2,54,25,6
9:22:23,2320.2,2320,2320.2,5,22,5
9:22:24,2320,2320.2,2320.4,13,5,15
9:22:24,2320.2,2320.2,2320.4,1,4,16
9:22:25,2320,2320,2320.2,13,10,8
9:22:25,2320,2320,2320.2,7,10,8
9:22:26,2320.2,2320,2320.2,5,10,8
9:22:26,2320.2,2320,2320.2,8,5,6
9:22:27,2320,2320,2320.2,5,3,4
9:22:27,2320,2320,2320.4,12,31,10
9:22:28,2320,2320,2320.2,10,29,1
9:22:28,2320.2,2320.2,2320.4,4,1,10
9:22:29,2320,2320,2320.4,6,28,7
9:22:29,2320.2,2320,2320.2,10,21,4
9:22:30,2320.4,2320,2320.4,6,22,5
9:22:30,2320.2,2320,2320.2,2,21,2
9:22:31,2320,2320,2320.2,7,16,2
9:22:31,2320,2320.2,2320.4,3,1,7
9:22:32,2320,2320.2,2320.4,3,8,16
9:22:32,2320.2,2320.2,2320.4,5,6,14
9:22:33,2320.2,2320,2320.2,7,19,18
9:22:33,2320.2,2320,2320.2,6,17,15
9:22:34,2320.2,2320,2320.2,3,16,64
9:22:34,2320,2319.8,2320.2,18,18,64
9:22:35,2320,2319.8,2320,7,17,36
9:22:35,2319.8,2319.8,2320,9,18,33
9:22:36,2320,2319.8,2320,9,12,30
9:22:36,2319.6,2319.6,2320,18,100,24
9:22:37,2319.6,2319.6,2319.8,6,98,4
9:22:37,2319.6,2319.6,2319.8,6,101,3
9:22:38,2320,2319.8,2320,15,5,15
9:22:38,2319.8,2319.8,2320,1,9,8
9:22:39,2320,2320,2320.2,27,8,70
9:22:39,2320,2319.8,2320.2,10,21,69
9:22:40,2319.8,2319.8,2320,4,19,16
9:22:40,2319.8,2319.8,2320,2,22,16
9:22:41,2319.8,2319.8,2320,7,23,10
9:22:41,2320,2319.8,2320,6,29,6
9:22:42,2319.8,2319.8,2320.2,8,27,70
9:22:43,2319.8,2319.8,2320,12,29,6
9:22:44,2319.8,2319.8,2320,19,28,9
9:22:44,2319.8,2319.8,2320,5,24,11
9:22:45,2319.8,2319.8,2320,1,23,16
9:22:45,2319.8,2319.8,2320,2,25,17
9:22:46,2320,2319.8,2320,5,25,14
9:22:46,2319.8,2319.8,2320,5,21,13
9:22:47,2319.8,2319.8,2320,3,15,14
9:22:47,2319.8,2319.8,2320,6,16,19
9:22:48,2319.8,2319.6,2319.8,18,92,27
9:22:49,2319.8,2319.6,2319.8,2,94,34
9:22:50,2319.8,2319.6,2319.8,1,93,34
9:22:50,2319.8,2319.6,2319.8,9,91,27
9:22:51,2319.6,2319.6,2319.8,2,89,27
9:22:52,2319.6,2319.6,2319.8,6,99,42
9:22:52,2319.6,2319.6,2319.8,2,97,42
9:22:53,2319.6,2319.6,2319.8,14,84,25
9:22:53,2319.6,2319.6,2319.8,1,85,27
9:22:54,2319.8,2319.6,2319.8,2,84,27
9:22:54,2319.6,2319.6,2319.8,36,48,28
9:22:55,2319.8,2319.6,2319.8,8,47,22
9:22:55,2319.6,2319.6,2319.8,8,39,23
9:22:56,2319.6,2319.6,2319.8,13,26,25
9:22:56,2319.6,2319.6,2319.8,10,18,33
9:22:57,2319.6,2319.4,2319.6,19,51,1
9:22:57,2319.6,2319.6,2319.8,8,6,78
9:22:58,2319.8,2319.6,2319.8,5,5,80
9:22:58,2319.6,2319.4,2319.6,6,49,12
9:22:59,2319.6,2319.4,2319.6,17,34,29
9:22:59,2319.6,2319.4,2319.6,8,43,52
9:23:00,2319.6,2319.4,2319.6,4,42,54
9:23:00,2319.6,2319.4,2319.6,21,32,39
9:23:01,2319.4,2319.4,2319.6,6,32,36
9:23:01,2319.4,2319.4,2319.6,13,23,31
9:23:02,2319.4,2319.4,2319.6,4,24,33
9:23:02,2319.6,2319.4,2319.6,2,23,33
9:23:03,2319.4,2319.4,2319.6,3,20,23
9:23:03,2319.4,2319.4,2319.6,9,16,22
9:23:04,2319.4,2319.4,2319.6,7,10,21
9:23:04,2319.4,2319.2,2319.4,10,32,11
9:23:05,2319.2,2319.2,2319.4,4,30,10
9:23:05,2319.4,2319.2,2319.4,6,26,10
9:23:06,2319.4,2319.2,2319.4,8,19,11
9:23:06,2319.4,2319.2,2319.4,8,12,10
9:23:07,2319.2,2319.2,2319.4,8,4,11
9:23:07,2319.2,2319.2,2319.4,3,3,13
9:23:08,2319.4,2319.2,2319.4,3,1,13
9:23:08,2319.2,2319,2319.2,6,56,2
9:23:09,2319.2,2319.2,2319.4,8,23,13
9:23:09,2319.4,2319.2,2319.4,9,21,7
9:23:10,2319.4,2319.2,2319.4,6,21,6
9:23:10,2319.4,2319.4,2319.6,12,3,16
9:23:11,2319.2,2319.2,2319.6,11,26,16
9:23:11,2319.2,2319.2,2319.4,4,22,1
9:23:12,2319.2,2319.2,2319.6,6,26,25
9:23:12,2319.4,2319.4,2319.6,2,2,24
9:23:13,2319.4,2319.2,2319.4,5,27,1
9:23:13,2319.2,2319.2,2319.4,2,26,2
9:23:14,2319.2,2319.2,2319.4,2,25,2
9:23:14,2319.4,2319.2,2319.4,6,21,2
9:23:15,2319.2,2319.2,2319.4,1,21,2
9:23:16,2319.4,2319.2,2319.4,10,43,1
9:23:16,2319.2,2319.4,2319.6,4,8,28
9:23:17,2319.6,2319.4,2319.6,4,8,25
9:23:17,2319.6,2319.4,2319.6,7,22,19
9:23:18,2319.6,2319.4,2319.6,10,25,12
9:23:18,2319.6,2319.6,2319.8,19,6,66
9:23:19,2319.6,2319.6,2319.8,3,3,66
9:23:20,2319.8,2319.6,2319.8,4,13,62
9:23:21,2319.8,2319.6,2319.8,4,11,60
9:23:21,2319.8,2319.6,2319.8,2,11,59
9:23:22,2319.6,2319.6,2319.8,3,9,58
9:23:22,2319.8,2319.6,2319.8,2,13,56
9:23:23,2319.8,2319.6,2319.8,10,16,46
9:23:23,2319.6,2319.6,2319.8,5,15,42
9:23:24,2319.8,2319.6,2319.8,5,15,37
9:23:24,2319.8,2319.6,2319.8,8,12,32
9:23:25,2319.6,2319.6,2319.8,3,12,30
9:23:25,2319.8,2319.6,2319.8,1,13,29
9:23:26,2319.8,2319.6,2319.8,3,13,26
9:23:26,2319.6,2319.6,2319.8,1,13,27
9:23:27,2319.8,2319.6,2319.8,10,13,17
9:23:27,2319.8,2319.6,2319.8,1,16,16
9:23:28,2319.8,2319.6,2319.8,3,15,19
9:23:28,2319.8,2319.6,2319.8,13,13,8
9:23:29,2319.8,2319.6,2319.8,9,11,2
9:23:29,2319.8,2319.8,2320,3,2,41
9:23:30,2320,2319.6,2320,10,11,45
9:23:30,2319.6,2319.8,2320,2,1,45
9:23:31,2319.8,2319.6,2319.8,1,11,9
9:23:32,2319.8,2319.6,2319.8,1,11,19
9:23:33,2319.8,2319.6,2319.8,4,12,26
9:23:33,2319.6,2319.6,2319.8,1,12,29
9:23:34,2319.8,2319.6,2319.8,3,11,26
9:23:34,2319.8,2319.6,2319.8,3,10,25
9:23:35,2319.8,2319.6,2319.8,4,10,23
9:23:35,2319.8,2319.6,2319.8,1,10,23
9:23:36,2319.8,2319.6,2319.8,1,10,22
9:23:36,2319.8,2319.6,2319.8,1,10,21
9:23:37,2319.8,2319.6,2319.8,3,11,21
9:23:37,2319.8,2319.6,2319.8,3,9,20
9:23:38,2319.6,2319.4,2319.6,12,9,10
9:23:39,2319.6,2319.6,2319.8,11,13,21
9:23:39,2319.6,2319.6,2319.8,1,12,40
9:23:40,2319.6,2319.6,2319.8,4,9,39
9:23:40,2319.6,2319.6,2319.8,1,8,37
9:23:41,2319.6,2319.6,2319.8,3,9,35
9:23:42,2319.6,2319.6,2319.8,2,7,36
9:23:43,2319.6,2319.4,2319.6,8,10,3
9:23:43,2319.4,2319.4,2319.6,2,8,3
9:23:45,2319.4,2319.4,2319.6,3,5,24
9:23:47,2319.6,2319.4,2319.6,8,4,21
9:23:47,2319.4,2319.2,2319.4,4,23,5
9:23:48,2319.2,2319.4,2319.6,7,1,24
9:23:49,2319.4,2319.4,2319.6,2,3,26
9:23:50,2319.4,2319.2,2319.6,4,21,25
9:23:50,2319.6,2319.2,2319.6,20,22,9
9:23:52,2319.6,2319.4,2319.6,2,12,9
9:23:53,2319.4,2319.4,2319.6,1,12,9
9:23:54,2319.6,2319.4,2319.6,6,8,8
9:23:54,2319.4,2319.4,2319.6,1,7,9
9:23:55,2319.4,2319.4,2319.6,3,5,9
9:23:55,2319.6,2319.4,2319.6,4,2,8
9:23:56,2319.4,2319.4,2319.6,3,3,8
9:23:56,2319.4,2319.4,2319.6,1,2,8
9:23:57,2319.6,2319.4,2319.6,1,2,7
9:23:57,2319.4,2319.4,2319.6,1,1,9
9:23:58,2319.4,2319.2,2319.8,10,24,43
9:24:00,2319.4,2319.4,2319.8,2,1,44
9:24:00,2319.8,2319.4,2319.6,3,3,1
9:24:01,2319.4,2319.4,2319.6,3,3,14
9:24:01,2319.4,2319.2,2319.4,8,29,1
9:24:02,2319.4,2319.2,2319.4,4,29,3
9:24:02,2319.4,2319.2,2319.4,5,26,2
9:24:03,2319.2,2319.4,2319.6,34,3,1
9:24:03,2319.4,2319.4,2319.6,3,1,2
9:24:04,2319.4,2319.4,2319.6,1,2,2
9:24:04,2319.6,2319.4,2319.6,2,3,1
9:24:05,2319.4,2319.2,2319.4,3,26,17
9:24:05,2319.4,2319.2,2319.4,1,26,17
9:24:06,2319.4,2319.2,2319.4,3,25,18
9:24:06,2319.4,2319.2,2319.4,8,44,11
9:24:07,2319.2,2319.2,2319.4,2,44,10
9:24:08,2319.4,2319.4,2319.6,26,9,4
9:24:08,2319.4,2319.4,2319.6,5,4,5
9:24:09,2319.6,2319.6,2319.8,5,2,30
9:24:09,2319.6,2319.4,2319.6,2,13,5
9:24:10,2319.6,2319.4,2319.6,2,14,4
9:24:10,2319.6,2319.6,2319.8,5,15,30
9:24:11,2319.8,2319.6,2319.8,2,14,29
9:24:11,2319.6,2319.4,2319.6,24,14,5
9:24:12,2319.6,2319.4,2319.6,2,15,9
9:24:12,2319.6,2319.6,2319.8,18,1,34
9:24:13,2319.4,2319.4,2319.8,6,8,31
9:24:13,2319.8,2319.6,2319.8,10,2,22
9:24:14,2319.8,2319.6,2319.8,3,3,19
9:24:14,2319.6,2319.6,2319.8,2,1,19
9:24:15,2319.6,2319.6,2319.8,1,2,19
9:24:15,2319.6,2319.6,2319.8,1,1,22
9:24:16,2319.6,2319.4,2319.8,2,17,23
9:24:17,2319.4,2319.4,2319.8,1,17,23
9:24:17,2319.8,2319.4,2319.8,1,17,22
9:24:18,2319.8,2319.4,2319.6,16,17,1
9:24:18,2319.8,2319.8,2320,8,1,111
9:24:19,2320,2319.8,2320,6,7,109
9:24:19,2320,2319.8,2320,40,7,69
9:24:20,2320,2319.8,2320,16,6,55
9:24:20,2320,2319.8,2320,3,8,52
9:24:21,2320,2319.8,2320,25,7,29
9:24:21,2320,2319.8,2320,12,7,20
9:24:22,2320,2320,2320.2,21,8,18
9:24:22,2320,2320,2320.2,11,11,7
9:24:23,2320.2,2320,2320.2,2,12,5
9:24:23,2320.2,2320,2320.4,5,12,50
9:24:24,2320.2,2320,2320.4,9,14,44
9:24:24,2320.4,2320,2320.2,10,17,1
9:24:25,2320.2,2320.2,2320.4,4,1,40
9:24:25,2320.4,2320.2,2320.4,6,29,36
9:24:26,2320.4,2320.2,2320.4,37,20,8
9:24:26,2320.4,2320.4,2320.6,16,59,15
9:24:27,2320.8,2320.6,2320.8,17,14,12
9:24:27,2320.8,2320.8,2321,38,15,61
9:24:28,2321,2320.8,2321,14,13,48
9:24:28,2321,2320.8,2321,8,7,44
9:24:29,2320.8,2320.6,2320.8,22,45,1
9:24:29,2320.8,2320.6,2320.8,20,41,1
9:24:30,2321,2320.6,2321,19,38,25
9:24:30,2321,2320.6,2321,2,38,24
9:24:31,2321,2320.8,2321,13,5,18
9:24:31,2320.8,2320.6,2320.8,19,31,8
9:24:32,2320.8,2320.6,2320.8,21,23,9
9:24:32,2320.8,2320.6,2320.8,7,22,4
9:24:33,2320.8,2320.6,2320.8,13,14,10
9:24:33,2320.6,2320.6,2320.8,10,7,7
9:24:34,2320.4,2320.4,2320.6,14,81,3
9:24:34,2320.8,2320.4,2320.8,13,81,19
9:24:35,2320.4,2320.4,2320.8,19,78,2
9:24:35,2320.8,2320.6,2320.8,2,16,2
9:24:36,2320.8,2320.8,2321,5,1,18
9:24:36,2321,2320.6,2320.8,5,15,1
9:24:37,2320.8,2320.6,2320.8,7,13,1
9:24:37,2321,2320.8,2321,4,11,18
9:24:38,2321,2320.8,2321,9,24,10
9:24:38,2320.8,2321,2321.2,18,5,8
9:24:39,2321,2321,2321.4,18,5,42
9:24:39,2321.4,2321.2,2321.4,16,4,27
9:24:40,2321.4,2321.4,2321.6,41,19,30
9:24:40,2321.2,2321,2321.2,62,45,14
9:24:41,2321.2,2321.2,2321.4,18,8,1
9:24:41,2321.2,2321.2,2321.4,18,6,15
9:24:42,2321.2,2321,2321.2,13,42,4
9:24:42,2321.2,2321,2321.4,36,30,30
9:24:43,2321,2321,2321.2,9,29,1
9:24:43,2321.2,2321,2321.4,8,29,37
9:24:44,2321.2,2321,2321.2,20,20,3
9:24:44,2321,2320.8,2321,23,32,4
9:24:45,2321,2320.8,2321,54,36,8
9:24:45,2321,2320.8,2321,10,45,16
9:24:46,2321,2320.8,2321,19,44,18
9:24:46,2320.8,2321,2321.2,35,1,12
9:24:47,2321.2,2321,2321.2,11,5,8
9:24:47,2321,2321,2321.2,4,14,9
9:24:48,2321,2321,2321.2,7,8,11
9:24:48,2321,2320.8,2321,12,21,4
9:24:49,2321.2,2320.8,2321,7,22,1
9:24:49,2321,2320.8,2321,7,22,1
9:24:50,2320.8,2320.6,2320.8,33,26,26
9:24:50,2320.8,2320.6,2320.8,2,28,25
9:24:51,2320.8,2320.6,2320.8,16,26,11
9:24:51,2321,2320.6,2321,14,26,19
9:24:52,2320.6,2320.8,2321,7,1,19
9:24:52,2320.6,2320.6,2320.8,10,17,2
9:24:53,2320.6,2320.8,2321,5,1,15
9:24:53,2321,2320.8,2321,1,1,14
9:24:54,2320.8,2320.8,2321,1,4,14
9:24:54,2320.8,2320.8,2321,3,3,14
9:24:55,2321,2320.8,2321,12,5,4
9:24:55,2320.8,2320.8,2321,1,4,5
9:24:56,2320.8,2320.8,2321,3,1,5
9:24:56,2321,2320.8,2321,1,2,13
9:24:57,2320.8,2320.6,2320.8,2,36,2
9:24:57,2320.8,2320.8,2321,4,2,16
9:24:58,2320.8,2320.8,2321,2,1,15
9:24:58,2320.8,2320.6,2320.8,4,36,1
9:24:59,2320.8,2320.6,2320.8,1,37,1
9:24:59,2320.8,2320.6,2320.8,12,26,1
9:25:00,2320.6,2320.8,2321,10,3,8
9:25:00,2320.8,2320.8,2321,18,5,6
9:25:01,2320.8,2320.8,2321.2,15,4,11
9:25:02,2321,2320.8,2321,12,4,6
9:25:02,2320.8,2320.8,2321,2,6,12
9:25:03,2321,2321,2321.2,21,5,6
9:25:03,2321,2321,2321.4,11,7,69
9:25:04,2321,2320.8,2321,11,8,1
9:25:04,2321,2320.8,2321,12,12,3
9:25:05,2320.8,2321,2321.2,16,3,14
9:25:05,2321,2321,2321.2,7,1,15
9:25:06,2320.8,2320.8,2321.2,9,1,9
9:25:06,2321,2320.8,2321,7,1,5
9:25:07,2320.8,2320.8,2321,2,7,5
9:25:07,2321.4,2320.8,2321.2,28,10,4
9:25:08,2320.8,2320.8,2321.4,27,4,59
9:25:08,2321.4,2321,2321.4,6,2,55
9:25:09,2320.8,2321,2321.4,8,1,58
9:25:09,2321,2321,2321.4,3,10,57
9:25:10,2321,2320.8,2321,10,19,1
9:25:10,2321.2,2320.8,2321.2,4,21,7
9:25:11,2321.2,2320.8,2321,2,29,3
9:25:12,2320.8,2320.8,2321.2,18,28,33
9:25:13,2321.2,2321,2321.2,22,4,15
9:25:13,2321,2321,2321.2,2,2,22
9:25:14,2321.2,2321,2321.2,17,9,18
9:25:15,2321,2321,2321.2,3,16,23
9:25:15,2321.2,2321.2,2321.4,40,9,55
9:25:16,2321.2,2321.2,2321.4,1,16,55
9:25:16,2321.2,2321.2,2321.4,3,14,56
9:25:17,2321.2,2321.2,2321.4,8,12,55
9:25:17,2321.2,2321.2,2321.4,7,6,51
9:25:18,2321.4,2321.2,2321.4,18,7,33
9:25:18,2321.4,2321,2321.4,17,18,39
9:25:19,2321.2,2321.2,2321.4,5,5,41
9:25:20,2321.2,2321.2,2321.4,4,5,40
9:25:20,2321.4,2321.2,2321.4,24,2,20
9:25:21,2321.2,2321,2321.2,3,19,9
9:25:21,2321,2321,2321.2,7,19,3
9:25:22,2321.2,2321,2321.4,6,21,29
9:25:22,2321.4,2321,2321.4,45,10,10
9:25:23,2321.2,2321.2,2321.4,9,6,10
9:25:23,2321.4,2321.2,2321.4,8,4,4
9:25:24,2321.2,2321.2,2321.4,11,8,2
9:25:24,2321.6,2321.4,2321.6,13,4,33
9:25:25,2321.4,2321.2,2321.4,10,16,2
9:25:25,2321.6,2321.2,2321.6,11,16,27
9:25:26,2321.4,2321.4,2321.6,6,1,27
9:25:26,2321.4,2321.2,2321.4,3,3,9
9:25:27,2321.4,2321.2,2321.4,10,5,1
9:25:27,2321.4,2321.4,2321.6,2,7,27
9:25:28,2321.6,2321.6,2321.8,29,36,115
9:25:28,2321.6,2321.6,2321.8,5,31,116
9:25:29,2321.6,2321.6,2321.8,7,25,115
9:25:29,2321.8,2321.6,2321.8,44,17,79
9:25:30,2321.8,2321.6,2321.8,3,22,76
9:25:30,2321.8,2321.6,2321.8,4,21,74
9:25:31,2321.6,2321.6,2321.8,13,18,71
9:25:31,2321.8,2321.6,2321.8,6,19,65
9:25:32,2321.8,2321.6,2321.8,13,20,55
9:25:32,2321.8,2321.6,2321.8,27,8,41
9:25:33,2321.6,2321.6,2321.8,10,6,33
9:25:33,2321.6,2321.6,2321.8,4,6,30
9:25:34,2321.8,2321.6,2321.8,30,2,5
9:25:34,2321.6,2321.4,2321.6,4,13,7
9:25:35,2321.6,2321.4,2321.8,10,12,6
9:25:35,2321.8,2321.4,2321.8,2,13,5
9:25:36,2321.4,2321.2,2321.4,18,16,28
9:25:36,2321.4,2321.2,2321.4,8,14,26
9:25:37,2321.4,2321.2,2321.4,7,14,24
9:25:37,2321.4,2321.2,2321.4,10,10,18
9:25:38,2321.2,2321,2321.2,12,40,5
9:25:38,2321,2321,2321.2,10,32,27
9:25:39,2321,2321,2321.2,3,31,26
9:25:39,2321.2,2321,2321.2,4,30,23
9:25:40,2321,2321,2321.2,24,9,21
9:25:40,2320.8,2320.8,2321,19,47,1
9:25:41,2321,2321,2321.2,8,22,27
9:25:41,2321.2,2321,2321.2,8,19,23
9:25:42,2321,2321,2321.2,6,16,21
9:25:42,2321,2321,2321.2,4,49,11
9:25:43,2321.2,2321,2321.4,44,24,18
9:25:43,2321.2,2321.2,2321.4,9,4,17
9:25:44,2321.4,2321.2,2321.4,2,3,17
9:25:44,2321.2,2321.2,2321.4,2,9,17
9:25:45,2321.2,2321.2,2321.4,2,8,17
9:25:45,2321,2321,2321.2,18,15,1
9:25:46,2321.2,2321,2321.2,1,16,5
9:25:46,2321.2,2320.8,2321.2,23,46,13
9:25:47,2321.2,2321,2321.2,12,7,4
9:25:47,2321,2321,2321.2,7,41,9
9:25:48,2321.2,2321.2,2321.4,12,1,24
9:25:48,2321.2,2321.2,2321.4,2,52,25
9:25:49,2321.4,2321.4,2321.6,30,8,13
9:25:49,2321.8,2321.6,2321.8,22,6,21
9:25:50,2321.8,2321.6,2322,23,54,135
9:25:50,2322,2321.8,2322,52,6,87
9:25:51,2322,2321.8,2322,16,21,73
9:25:51,2322,2321.8,2322,18,23,60
9:25:52,2322,2321.8,2322,54,63,8
9:25:52,2322,2322,2322.2,14,1,28
9:25:53,2322,2321.8,2322.2,40,38,19
9:25:53,2322,2321.8,2322,3,42,51
9:25:54,2321.8,2321.8,2322,69,27,19
9:25:54,2321.8,2321.4,2321.8,41,14,66
9:25:55,2321.6,2321.4,2321.6,18,1,37
9:25:55,2321.6,2321.2,2321.6,22,14,29
9:25:56,2321.6,2321.2,2321.6,3,14,32
9:25:56,2321.2,2321.2,2321.4,8,13,7
9:25:57,2321.6,2321.2,2321.6,31,10,17
9:25:57,2321.4,2321.2,2321.4,2,10,1
9:25:58,2321.4,2321.2,2321.4,4,8,2
9:25:58,2321.4,2321.2,2321.4,3,7,2
9:25:59,2321.2,2321.2,2321.4,15,14,8
9:25:59,2321.2,2321.2,2321.4,8,14,8
9:26:00,2321.4,2321.4,2321.6,12,7,9
9:26:01,2321.4,2321.4,2321.6,9,8,6
9:26:01,2321.6,2321.2,2321.6,11,15,3
9:26:02,2321.6,2321.2,2321.4,2,14,3
9:26:02,2321.4,2321.2,2321.4,3,15,2
9:26:03,2321.2,2321.2,2321.4,7,12,12
9:26:03,2321.2,2321.2,2321.4,13,1,10
9:26:04,2321,2321,2321.2,20,38,5
9:26:04,2321.4,2321.4,2321.6,23,15,5
9:26:05,2321.4,2321.2,2321.6,15,6,8
9:26:05,2321.2,2321.2,2321.4,1,24,9
9:26:06,2321.4,2321.2,2321.4,2,28,7
9:26:06,2321.2,2321.2,2321.4,3,27,11
9:26:07,2321.4,2321.2,2321.4,6,24,3
9:26:07,2321.2,2321.2,2321.4,7,18,4
9:26:08,2321.2,2321.2,2321.4,16,7,2
9:26:08,2321.2,2321.2,2321.4,2,24,6
9:26:09,2321.2,2321.2,2321.4,16,9,11
9:26:09,2321.2,2321.2,2321.4,2,8,9
9:26:10,2321.2,2321,2321.4,8,46,11
9:26:10,2321,2321,2321.4,2,45,10
9:26:11,2321.2,2321,2321.2,6,44,5
9:26:11,2321,2321,2321.2,8,36,6
9:26:12,2321,2321,2321.2,9,28,7
9:26:12,2321,2321,2321.2,16,12,8
9:26:13,2321,2320.8,2321,8,53,12
9:26:13,2320.8,2320.8,2321,7,50,12
9:26:14,2320.8,2320.8,2321,5,45,16
9:26:14,2320.8,2320.8,2321,8,39,16
9:26:15,2320.8,2320.8,2321,7,33,15
9:26:15,2320.8,2320.8,2321,14,19,21
9:26:16,2320.8,2320.8,2321,17,6,19
9:26:16,2320.8,2320.8,2321,1,13,20
9:26:17,2320.8,2320.8,2321,9,9,24
9:26:17,2320.8,2320.8,2321,6,5,72
9:26:18,2320.8,2320.6,2321,7,37,73
9:26:18,2320.6,2320.6,2320.8,9,34,15
9:26:19,2320.8,2320.6,2320.8,2,36,14
9:26:19,2320.6,2320.6,2320.8,2,35,16
9:26:20,2320.6,2320.6,2320.8,15,27,9
9:26:20,2320.6,2320.6,2320.8,26,22,1
9:26:21,2320.6,2320.6,2320.8,5,23,3
9:26:21,2320.6,2320.6,2320.8,12,15,1
9:26:22,2320.8,2320.6,2320.8,8,8,1
9:26:22,2320.6,2320.6,2321,12,20,67
9:26:23,2320.8,2320.8,2321,17,7,68
9:26:23,2320.6,2320.8,2321,24,6,69
9:26:24,2320.8,2320.8,2321,5,13,69
9:26:24,2320.8,2320.8,2321,10,7,64
9:26:25,2321,2320.8,2321,6,2,64
9:26:25,2320.8,2320.8,2321,4,11,64
9:26:26,2320.8,2320.8,2321,1,10,65
9:26:26,2320.8,2320.8,2321,1,9,65
9:26:27,2320.8,2320.8,2321,5,11,64
9:26:27,2321,2320.8,2321,5,8,63
9:26:28,2320.8,2320.8,2321,3,6,63
9:26:28,2320.8,2320.6,2320.8,24,1,2
9:26:29,2320.4,2320.4,2320.6,2,75,2
9:26:29,2320.4,2320.4,2320.6,9,71,3
9:26:30,2320.4,2320.4,2320.6,6,65,13
9:26:30,2320.4,2320.4,2320.6,15,51,9
9:26:31,2320.4,2320.4,2320.6,13,42,10
9:26:31,2320.4,2320.4,2320.6,16,27,9
9:26:32,2320.4,2320.4,2320.6,2,26,8
9:26:32,2320.4,2320.4,2320.6,19,11,9
9:26:33,2320.2,2320.2,2320.4,13,81,2
9:26:33,2320.2,2320.2,2320.4,7,74,4
9:26:34,2320.2,2320.2,2320.4,22,55,4
9:26:34,2320.2,2320.2,2320.4,17,39,3
9:26:35,2320.4,2320.2,2320.6,25,18,10
9:26:35,2320.2,2320.2,2320.4,9,18,1
9:26:36,2320.2,2320,2320.2,23,42,19
9:26:36,2320,2320,2320.2,11,32,19
9:26:37,2320.2,2320,2320.2,28,6,19
9:26:37,2320.2,2319.8,2320.2,13,7,16
9:26:38,2319.8,2319.6,2320,7,12,5
9:26:38,2319.8,2319.6,2319.8,3,12,2
9:26:39,2319.6,2319.4,2319.6,29,38,6
9:26:39,2319.6,2319.6,2319.8,14,1,1
9:26:40,2319.6,2319.6,2319.8,15,5,1
9:26:40,2319.6,2319.6,2320,19,16,60
9:26:41,2319.8,2319.8,2320,10,1,58
9:26:41,2320,2319.6,2320,15,15,54
9:26:42,2319.6,2319.6,2319.8,14,4,1
9:26:42,2319.6,2319.6,2319.8,8,20,4
9:26:43,2319.6,2319.6,2319.8,4,17,28
9:26:43,2319.6,2319.6,2319.8,11,9,27
9:26:44,2319.6,2319.4,2319.6,12,32,11
9:26:44,2319.6,2319.4,2319.6,7,32,12
9:26:45,2319.6,2319.4,2319.6,4,52,10
9:26:45,2319.4,2319.4,2319.6,2,52,10
9:26:46,2319.6,2319.4,2319.6,3,52,8
9:26:46,2319.6,2319.6,2319.8,23,9,7
9:26:47,2319.6,2319.4,2319.6,32,26,2
9:26:47,2319.6,2319.4,2319.8,14,15,8
9:26:48,2319.4,2319.2,2319.4,18,29,5
9:26:48,2319.6,2319.2,2319.8,12,24,11
9:26:49,2319.8,2319.2,2319.8,5,23,20
9:26:49,2319.2,2319,2319.2,32,52,28
9:26:50,2319.2,2319,2319.2,31,51,2
9:26:50,2319,2319.6,2319.8,7,1,18
9:26:51,2319.2,2319.2,2319.4,31,1,1
9:26:51,2319.4,2319.2,2319.6,13,18,9
9:26:52,2319.2,2319.2,2319.6,6,26,10
9:26:52,2319.6,2319.4,2319.6,3,3,6
9:26:53,2319.6,2319.4,2319.6,3,2,10
9:26:53,2319.4,2319.4,2319.6,6,2,11
9:26:54,2319.2,2319.2,2319.6,6,24,11
9:26:54,2319.2,2319.2,2319.4,5,22,1
9:26:55,2319.4,2319.2,2319.4,11,29,1
9:26:55,2319.4,2319.2,2319.4,10,40,13
9:26:56,2319.2,2319.2,2319.4,19,35,2
9:26:56,2319.4,2319.4,2319.6,4,3,14
9:26:57,2319.6,2319.4,2319.6,3,5,12
9:26:58,2319.4,2319.4,2319.6,3,6,15
9:26:58,2319.4,2319.2,2319.4,7,37,6
9:26:59,2319.4,2319.2,2319.4,8,35,4
9:26:59,2319.6,2319.2,2319.6,8,35,10
9:27:00,2319.2,2319.2,2319.6,2,33,10
9:27:00,2319.4,2319.4,2319.6,4,4,14
9:27:01,2319.4,2319.4,2319.6,5,1,12
9:27:01,2319.2,2319.2,2319.6,29,13,6
9:27:02,2319.2,2319,2319.2,14,63,2
9:27:02,2319.4,2319.2,2319.4,6,6,4
9:27:03,2319,2319,2319.2,32,42,3
9:27:03,2319,2319,2319.4,11,34,7
9:27:04,2319,2319,2319.2,40,26,4
9:27:04,2319,2319,2319.4,21,14,30
9:27:05,2319.2,2318.8,2319.4,65,30,33
9:27:05,2319.2,2318.8,2319.2,20,26,29
9:27:06,2318.8,2318.8,2319,10,20,5
9:27:06,2319,2318.8,2319,11,23,11
9:27:07,2319,2318.8,2319,8,17,9
9:27:07,2319,2318.8,2319,9,20,7
9:27:08,2319,2318.8,2319,32,3,25
9:27:08,2319,2319,2319.2,34,9,33
9:27:09,2318.8,2318.6,2318.8,17,56,18
9:27:09,2318.8,2318.6,2318.8,18,57,7
9:27:10,2318.6,2318.6,2318.8,19,41,6
9:27:10,2318.8,2318.8,2319,17,1,8
9:27:11,2318.8,2318.8,2319,12,2,6
9:27:11,2318.8,2318.8,2319,5,3,7
9:27:12,2318.8,2318.8,2319,2,1,15
9:27:12,2318.8,2318.6,2318.8,6,36,29
9:27:13,2318.6,2318.6,2318.8,29,33,13
9:27:13,2318.8,2318.6,2318.8,3,36,17
9:27:14,2318.6,2318.6,2318.8,7,34,16
9:27:14,2318.6,2318.6,2318.8,14,24,13
9:27:15,2318.8,2318.6,2318.8,4,22,19
9:27:15,2318.8,2318.6,2318.8,10,21,13
9:27:16,2318.8,2318.8,2319,21,1,46
9:27:16,2318.8,2318.6,2318.8,1,17,4
9:27:17,2319,2318.6,2319,6,18,46
9:27:17,2318.6,2318.6,2318.8,9,15,14
9:27:18,2318.8,2318.6,2318.8,7,14,9
9:27:18,2318.8,2318.8,2319,15,8,37
9:27:19,2318.6,2318.8,2319,15,2,47
9:27:19,2318.6,2318.6,2318.8,6,12,4
9:27:20,2318.6,2318.6,2318.8,17,7,20
9:27:20,2318.6,2318.4,2318.6,13,24,3
9:27:21,2318.8,2318.6,2318.8,23,1,26
9:27:21,2318.8,2318.4,2318.6,14,20,5
9:27:22,2318.6,2318.6,2318.8,10,5,26
9:27:22,2318.8,2318.6,2318.8,16,5,12
9:27:23,2318.6,2318.4,2318.6,22,4,1
9:27:23,2318.8,2318.4,2318.8,3,11,10
9:27:24,2318.4,2318.4,2318.6,17,17,2
9:27:24,2318.6,2318.4,2318.6,15,9,1
9:27:25,2318.6,2318.6,2319,13,1,59
9:27:25,2318.4,2318.4,2319,19,11,42
9:27:26,2318.8,2318.6,2319,11,3,41
9:27:26,2318.4,2318.4,2318.6,29,22,4
9:27:27,2318.6,2318.6,2318.8,29,1,1
9:27:27,2318.6,2318.6,2318.8,12,18,15
9:27:28,2318.8,2318.6,2318.8,4,23,12
9:27:28,2318.8,2318.8,2319,15,18,42
9:27:29,2319,2318.8,2319,18,6,38
9:27:29,2318.8,2318.8,2319,16,9,29
9:27:30,2319,2318.8,2319,16,16,17
9:27:30,2319,2318.8,2319,21,12,7
9:27:31,2319,2319,2319.2,20,2,12
9:27:31,2318.8,2318.8,2319.2,22,1,12
9:27:32,2318.6,2318.6,2318.8,20,53,5
9:27:32,2318.8,2318.6,2318.8,23,31,4
9:27:33,2318.6,2318.6,2318.8,9,24,9
9:27:33,2318.8,2318.6,2318.8,5,26,10
9:27:34,2318.8,2318.6,2318.8,9,25,6
9:27:34,2318.6,2318.6,2318.8,7,22,2
9:27:35,2318.8,2318.6,2319,6,19,22
9:27:35,2318.6,2318.4,2318.8,20,44,1
9:27:36,2318.4,2318.4,2318.6,2,42,2
9:27:36,2318.6,2318.4,2318.6,6,40,3
9:27:37,2318.4,2318.4,2318.6,6,34,6
9:27:37,2318.6,2318.4,2318.6,6,34,2
9:27:38,2318.4,2318.4,2318.6,27,15,1
9:27:38,2318.6,2318.6,2318.8,20,2,4
9:27:39,2318.6,2318.4,2318.6,5,14,5
9:27:39,2318.6,2318.6,2318.8,6,1,13
9:27:40,2318.6,2318.4,2318.6,1,17,19
9:27:40,2318.4,2318.4,2318.6,9,13,24
9:27:41,2318.6,2318.2,2318.6,17,74,21
9:27:41,2318.6,2318.2,2318.6,14,74,13
9:27:42,2318.6,2318.2,2318.6,12,71,9
9:27:42,2318.6,2318.4,2318.6,26,1,5
9:27:43,2318.6,2318.4,2318.6,5,3,3
9:27:43,2318.4,2318.4,2318.6,3,13,1
9:27:44,2318.4,2318.4,2318.8,4,16,13
9:27:45,2318.8,2318.4,2318.6,6,14,3
9:27:45,2318.6,2318.4,2318.6,3,18,10
9:27:46,2318.6,2318.4,2318.6,6,20,7
9:27:46,2318.6,2318.4,2318.6,3,17,9
9:27:47,2318.4,2318.4,2318.6,6,34,8
9:27:47,2318.4,2318.4,2318.6,3,43,9
9:27:48,2318.6,2318.4,2318.6,2,49,9
9:27:49,2318.4,2318.4,2318.6,42,9,8
9:27:49,2318.6,2318.4,2318.8,13,19,10
9:27:50,2318.2,2318.2,2318.8,38,54,9
9:27:50,2318.8,2318.4,2318.8,6,8,10
9:27:51,2318.8,2318.4,2318.6,3,6,19
9:27:51,2318.4,2318.4,2318.6,3,5,19
9:27:52,2318.6,2318.4,2318.6,10,2,28
9:27:52,2318.4,2318.2,2318.4,3,63,1
9:27:53,2318.2,2318.2,2318.6,12,60,21
9:27:53,2318.6,2318.6,2318.8,26,27,6
9:27:54,2318.6,2318.6,2318.8,4,23,11
9:27:54,2318.6,2318.6,2318.8,1,24,14
9:27:55,2318.8,2318.6,2318.8,5,23,9
9:27:55,2318.8,2318.6,2318.8,7,28,4
9:27:56,2318.6,2318.6,2318.8,2,31,3
9:27:56,2318.6,2318.6,2318.8,6,27,1
9:27:57,2318.8,2318.6,2319,1,28,49
9:27:57,2318.6,2318.6,2319,8,22,50
9:27:58,2319,2318.8,2319,3,1,48
9:27:58,2318.6,2318.6,2318.8,3,21,7
9:27:59,2318.6,2318.6,2318.8,10,14,4
9:27:59,2318.8,2318.8,2319,4,2,53
9:28:00,2318.8,2318.6,2318.8,7,13,13
9:28:00,2318.6,2318.6,2318.8,5,11,13
9:28:01,2318.8,2318.6,2318.8,10,5,10
9:28:01,2318.8,2318.6,2318.8,6,7,5
9:28:02,2318.8,2318.8,2319,11,41,56
9:28:02,2318.8,2318.8,2319,8,52,55
9:28:03,2319,2318.8,2319,21,48,39
9:28:03,2319,2318.8,2319,29,34,15
9:28:04,2319,2318.8,2319,6,34,9
9:28:04,2318.8,2318.8,2319,4,31,9
9:28:05,2319,2319,2319.2,16,57,16
9:28:05,2319,2319,2319.2,3,59,14
9:28:06,2319,2319,2319.2,4,56,14
9:28:06,2319.2,2319,2319.2,3,58,11
9:28:07,2319,2319,2319.2,7,58,9
9:28:07,2319.2,2319,2319.2,46,18,5
9:28:08,2319,2319,2319.2,11,10,8
9:28:08,2319,2319,2319.2,5,10,18
9:28:09,2319,2319,2319.2,16,3,9
9:28:09,2319,2318.8,2319,13,29,65
9:28:10,2318.8,2318.6,2318.8,33,64,17
9:28:10,2318.6,2318.6,2319.2,65,20,10
9:28:11,2319.2,2318.8,2319,2,3,1
9:28:11,2319.2,2319,2319.2,9,1,8
9:28:12,2318.8,2318.8,2319,4,2,2
9:28:12,2319,2318.6,2319.2,5,32,9
9:28:13,2319.2,2318.8,2319.2,2,4,8
9:28:14,2318.8,2318.6,2318.8,6,37,5
9:28:15,2318.8,2318.6,2318.8,3,39,2
9:28:15,2318.8,2318.6,2319.2,4,40,18
9:28:16,2319,2318.8,2319,12,11,8
9:28:16,2318.8,2318.8,2319,1,11,8
9:28:17,2319,2318.8,2319,7,11,1
9:28:17,2319,2318.8,2319,1,11,1
9:28:18,2318.8,2318.8,2319,10,3,3
9:28:18,2319,2319,2319.2,3,2,20
9:28:19,2319,2319,2319.2,1,2,25
9:28:19,2318.8,2318.8,2319,5,6,2
9:28:20,2319,2318.8,2319,2,12,1
9:28:20,2319,2319,2319.2,5,6,27
9:28:21,2319,2319,2319.2,1,8,36
9:28:22,2319,2319,2319.2,6,2,39
9:28:22,2319,2319,2319.2,3,1,44
9:28:23,2319,2319,2319.2,1,2,36
9:28:23,2319.2,2318.8,2319.2,13,22,25
9:28:24,2319,2319,2319.2,4,6,27
9:28:24,2319.2,2319,2319.2,26,17,1
9:28:25,2319.2,2319.2,2319.4,14,12,35
9:28:25,2319.2,2319.2,2319.4,11,17,34
9:28:26,2319.2,2319.2,2319.4,20,16,16
9:28:26,2319.4,2319.2,2319.4,13,16,3
9:28:27,2319.2,2319.2,2319.4,12,7,2
9:28:27,2319.4,2319.4,2319.6,10,4,27
9:28:28,2319.4,2319.4,2319.6,1,6,27
9:28:28,2319.6,2319.4,2319.6,11,6,16
9:28:29,2319.4,2319.4,2319.6,6,15,14
9:28:29,2319.6,2319.4,2319.6,3,15,13
9:28:30,2319.6,2319.4,2319.6,5,14,10
9:28:30,2319.6,2319.4,2319.6,11,7,6
9:28:31,2319.6,2319.6,2319.8,6,9,18
9:28:31,2319.6,2319.4,2319.8,11,7,22
9:28:32,2319.8,2319.6,2319.8,10,4,12
9:28:32,2319.6,2319.4,2319.6,9,8,10
9:28:33,2319.6,2319.4,2319.6,9,13,2
9:28:33,2319.6,2319.4,2319.6,6,29,1
9:28:34,2319.4,2319.6,2319.8,7,2,7
9:28:34,2319.6,2319.6,2319.8,1,1,8
9:28:35,2319.8,2319.6,2319.8,11,17,1
9:28:35,2319.6,2319.6,2319.8,1,16,2
9:28:36,2319.8,2319.6,2319.8,1,16,2
9:28:36,2319.8,2319.8,2320,2,1,24
9:28:37,2319.8,2319.8,2320,10,3,19
9:28:38,2319.8,2319.8,2320,1,2,19
9:28:38,2320,2319.8,2320,2,1,19
9:28:39,2320,2319.6,2320,9,22,12
9:28:39,2319.8,2319.8,2320,4,10,11
9:28:40,2320,2319.8,2320,7,9,5
9:28:40,2320,2319.8,2320,6,7,1
9:28:41,2320,2320,2320.2,1,16,5
9:28:42,2320,2319.8,2320,28,10,7
9:28:42,2319.8,2319.8,2320,8,9,1
9:28:43,2320,2320,2320.2,5,16,2
9:28:43,2319.8,2319.8,2320,20,8,9
9:28:44,2320.2,2319.8,2320.2,15,7,2
9:28:44,2320.6,2320,2320.6,10,2,68
9:28:45,2320,2320,2320.4,9,11,9
9:28:45,2320.6,2320,2320.6,23,7,45
9:28:46,2320.2,2320.2,2320.4,3,3,15
9:28:46,2320.2,2320,2320.2,5,9,18
9:28:47,2320.2,2320,2320.2,3,11,15
9:28:47,2320,2320,2320.2,2,11,14
9:28:48,2320.2,2320,2320.2,3,13,13
9:28:49,2320.2,2320,2320.2,5,13,11
9:28:49,2320.2,2320,2320.2,4,14,21
9:28:50,2320,2320,2320.2,4,14,17
9:28:50,2320.2,2320,2320.2,18,1,13
9:28:51,2320,2319.8,2320,10,29,6
9:28:51,2320,2320,2320.2,24,1,9
9:28:52,2320,2319.8,2320,2,26,3
9:28:52,2320,2320,2320.2,4,9,9
9:28:53,2320.2,2320,2320.2,2,9,7
9:28:53,2320,2320,2320.2,2,12,6
9:28:54,2320.2,2320,2320.2,2,12,5
9:28:54,2320.2,2320,2320.2,1,12,5
9:28:55,2320.2,2320,2320.2,2,12,5
9:28:55,2320,2320,2320.2,3,12,4
9:28:56,2320.2,2320,2320.2,3,11,4
9:28:57,2320.2,2320,2320.4,7,13,28
9:28:57,2320,2320,2320.4,11,3,35
9:28:58,2320,2320,2320.2,4,4,7
9:28:59,2320,2319.8,2320.2,10,30,10
9:28:59,2320,2319.8,2320.2,3,30,50
9:29:00,2320,2320,2320.2,9,3,49
9:29:00,2320,2319.8,2320,12,31,11
9:29:01,2319.8,2319.8,2320,1,30,12
9:29:01,2320,2319.8,2320,4,29,11
9:29:02,2319.8,2319.8,2320,7,23,10
9:29:02,2319.8,2319.8,2320,4,20,16
9:29:03,2319.8,2319.8,2320,3,18,19
9:29:03,2319.8,2319.6,2320,18,23,20
9:29:04,2320,2319.6,2319.8,2,23,2
9:29:05,2319.8,2319.6,2319.8,1,22,4
9:29:06,2319.8,2319.6,2319.8,6,21,4
9:29:06,2319.6,2319.6,2319.8,2,20,3
9:29:07,2319.6,2319.6,2319.8,2,18,4
9:29:07,2319.6,2319.6,2319.8,4,14,10
9:29:08,2319.6,2319.6,2319.8,9,5,18
9:29:08,2319.6,2319.6,2319.8,4,2,18
9:29:09,2319.6,2319.4,2319.6,4,5,4
9:29:09,2319.4,2319.4,2319.6,3,2,7
9:29:10,2319.4,2319.4,2319.6,4,17,8
9:29:10,2319.4,2319.4,2319.6,8,10,34
9:29:11,2319.4,2319.4,2319.6,9,1,34
9:29:11,2319.6,2319.2,2319.4,29,39,31
9:29:12,2319.4,2319.2,2319.4,3,41,33
9:29:12,2319.2,2319.2,2319.4,9,32,36
9:29:13,2319.2,2319.2,2319.4,21,13,34
9:29:13,2319.2,2319,2319.2,15,12,23
9:29:14,2319.2,2319,2319.2,12,9,20
9:29:14,2319,2319,2319.2,1,12,20
9:29:15,2319,2319,2319.2,3,9,20
9:29:15,2319,2319,2319.2,1,10,21
9:29:16,2319,2319,2319.2,8,5,19
9:29:16,2319,2318.8,2319,5,18,1
9:29:17,2319,2319,2319.2,10,18,19
9:29:17,2319,2319,2319.2,2,17,19
9:29:18,2319,2319,2319.2,6,12,21
9:29:18,2319,2319,2319.2,2,11,21
9:29:19,2319.2,2319,2319.2,2,9,22
9:29:19,2319,2319,2319.2,3,7,31
9:29:20,2319,2319,2319.2,6,6,32
9:29:20,2319.2,2319,2319.2,3,4,31
9:29:21,2319,2319,2319.2,1,4,32
9:29:21,2319,2318.8,2319,4,28,5
9:29:22,2319,2318.8,2319,2,28,12
9:29:23,2318.8,2318.8,2319,2,27,14
9:29:23,2318.8,2318.8,2319,3,25,13
9:29:24,2318.8,2318.8,2319,6,19,13
9:29:24,2318.8,2318.8,2319,2,18,13
9:29:25,2318.8,2318.8,2319,4,16,17
9:29:25,2318.8,2318.8,2319,4,12,21
9:29:26,2319,2318.8,2319,5,12,19
9:29:26,2318.8,2318.8,2319,2,10,20
9:29:27,2318.8,2318.8,2319,6,6,19
9:29:27,2318.8,2318.8,2319,3,4,20
9:29:28,2318.8,2318.8,2319,1,3,21
9:29:28,2318.8,2318.6,2318.8,4,73,9
9:29:29,2318.6,2318.6,2318.8,2,72,9
9:29:29,2318.8,2318.6,2318.8,4,71,7
9:29:30,2319,2318.6,2318.8,23,72,1
9:29:30,2318.6,2318.6,2318.8,12,68,1
9:29:31,2318.6,2318.6,2319,3,67,7
9:29:31,2318.8,2318.6,2319,7,66,8
9:29:32,2318.6,2318.6,2319,2,64,8
9:29:32,2319,2318.8,2319,2,8,7
9:29:33,2318.8,2318.8,2319.2,12,11,20
9:29:34,2318.8,2319,2319.2,1,1,20
9:29:34,2319.2,2319,2319.2,1,1,19
9:29:35,2319,2318.8,2319,2,14,57
9:29:35,2318.8,2318.8,2319,7,9,58
9:29:36,2319,2318.8,2319,1,10,57
9:29:36,2318.8,2318.8,2319,3,4,56
9:29:37,2318.8,2318.6,2319,6,69,67
9:29:37,2318.6,2318.6,2318.8,5,64,3
9:29:39,2319,2318.6,2318.8,16,73,1
9:29:39,2318.6,2318.6,2318.8,3,70,1
9:29:40,2318.6,2318.6,2319,18,55,60
9:29:40,2318.8,2318.6,2319,2,54,60
9:29:41,2318.8,2318.6,2319,4,52,49
9:29:41,2318.6,2318.6,2318.8,6,46,3
9:29:42,2318.8,2318.6,2319,6,46,58
9:29:42,2318.6,2318.6,2319,5,41,60
9:29:43,2318.6,2318.6,2318.8,28,13,2
9:29:43,2318.6,2318.6,2319,6,10,64
9:29:44,2318.8,2318.6,2318.8,7,5,16
9:29:44,2318.8,2318.6,2318.8,2,6,14
9:29:45,2318.6,2318.4,2318.6,12,44,23
9:29:45,2318.6,2318.4,2318.6,2,44,23
9:29:46,2318.6,2318.4,2318.6,9,50,27
9:29:46,2318.6,2318.4,2318.6,5,48,27
9:29:47,2318.4,2318.4,2318.6,37,11,28
9:29:47,2318.4,2318.2,2318.4,19,44,43
9:29:48,2318.2,2318.2,2318.4,2,48,44
9:29:48,2318.2,2318.2,2318.4,7,44,46
9:29:49,2318.2,2318.2,2318.4,5,40,51
9:29:49,2318.2,2318.2,2318.4,32,10,51
9:29:50,2318.2,2318.2,2318.4,8,10,49
9:29:50,2318,2318,2318.2,21,98,5
9:29:51,2318.2,2318,2318.2,28,77,38
9:29:51,2318,2318,2318.2,13,64,37
9:29:52,2318,2318,2318.2,16,57,30
9:29:52,2318,2318,2318.2,26,31,29
9:29:53,2318,2318,2318.2,21,17,23
9:29:53,2318,2318,2318.2,19,4,33
9:29:54,2318,2317.8,2318,10,32,46
9:29:54,2318,2317.8,2318,22,20,48
9:29:55,2318,2317.8,2318,4,17,80
9:29:55,2317.8,2317.8,2318,13,7,77
9:29:56,2318,2317.8,2318,9,3,82
9:29:56,2317.8,2317.6,2317.8,5,34,21
9:29:57,2317.6,2317.6,2317.8,5,31,22
9:29:57,2317.6,2317.6,2317.8,8,23,28
9:29:58,2317.6,2317.6,2317.8,31,2,23
9:29:58,2317.8,2317.4,2317.6,25,4,9
9:29:59,2317.4,2317.4,2317.6,4,3,15
9:29:59,2317.4,2317.2,2317.6,19,35,6
9:30:00,2317.2,2317.2,2317.4,19,26,7
9:30:00,2317.2,2317.2,2317.6,32,21,7
9:30:01,2317.2,2317,2317.2,53,40,20
9:30:01,2317.2,2317,2317.2,40,11,24
9:30:02,2317.2,2316.6,2317,41,82,1
9:30:02,2317.2,2316.8,2317.2,24,1,10
9:30:03,2317.2,2316.8,2317.2,39,23,8
9:30:03,2316.8,2316.6,2316.8,53,61,3
9:30:04,2317.2,2317,2317.2,29,11,6
9:30:04,2317.2,2317,2317.2,10,35,25
9:30:05,2317,2317,2317.2,24,26,24
9:30:05,2317,2317,2317.2,32,7,16
9:30:06,2316.8,2316.8,2317,30,9,27
9:30:06,2316.8,2316.8,2317,12,7,22
9:30:07,2316.8,2316.6,2316.8,9,59,19
9:30:07,2316.8,2316.6,2317,24,58,24
9:30:08,2317,2316.6,2316.8,15,56,2
9:30:08,2316.6,2316.6,2317,30,36,19
9:30:09,2316.8,2316.8,2317,6,5,17
9:30:09,2317,2316.6,2317,19,33,8
9:30:10,2316.6,2316.6,2316.8,12,26,5
9:30:10,2316.8,2316.8,2317,13,22,11
9:30:11,2316.8,2316.8,2317,10,69,4
9:30:11,2317,2317,2317.2,29,18,6
9:30:12,2317,2317,2317.4,35,26,19
9:30:12,2317,2317.2,2317.4,2,2,19
9:30:13,2317.4,2317.2,2317.4,21,5,11
9:30:13,2317.4,2317.2,2317.4,21,3,5
9:30:14,2317.6,2317.4,2317.6,15,16,2
9:30:14,2317.6,2317.6,2317.8,5,4,28
9:30:15,2317.6,2317.4,2317.6,20,26,5
9:30:15,2317.4,2317.4,2317.6,11,23,22
9:30:16,2317.6,2317.4,2317.6,9,26,46
9:30:16,2317.4,2317.4,2317.6,42,1,21
9:30:17,2317.4,2317.2,2317.4,21,42,12
9:30:17,2317.2,2317.2,2317.4,9,34,14
9:30:18,2317.2,2317.2,2317.4,9,30,9
9:30:18,2317.4,2317.2,2317.4,2,30,9
9:30:19,2317.4,2317.2,2317.4,9,29,12
9:30:19,2317.2,2317.2,2317.4,4,35,12
9:30:20,2317.2,2317.2,2317.6,17,21,11
9:30:20,2317.4,2317.2,2317.4,3,21,1
9:30:21,2317.4,2317.4,2317.6,8,6,17
9:30:21,2317.4,2317.4,2317.6,5,7,17
9:30:22,2317.6,2317.4,2317.6,6,21,19
9:30:22,2317.4,2317.4,2317.6,28,9,3
9:30:23,2317.8,2317.6,2317.8,8,3,12
9:30:23,2317.6,2317.6,2317.8,6,5,10
9:30:24,2318,2317.8,2318,12,18,21
9:30:24,2318,2317.8,2318,3,19,18
9:30:25,2318,2318,2318.4,26,7,11
9:30:26,2318.4,2318,2318.4,5,29,10
9:30:26,2318.2,2318.4,2318.8,18,1,4
9:30:27,2318.8,2318.8,2319,11,2,44
9:30:27,2318.8,2318.6,2318.8,22,1,4
9:30:28,2318.8,2318.4,2318.8,15,3,18
9:30:28,2318.8,2318.4,2318.8,5,3,14
9:30:29,2318.8,2318.6,2318.8,2,1,14
9:30:29,2318.4,2318.4,2319,16,3,41
9:30:30,2318.8,2318.4,2318.8,4,12,1
9:30:30,2318.6,2318.6,2318.8,5,8,6
9:30:31,2318.8,2318.6,2318.8,10,7,5
9:30:31,2318.8,2318.6,2318.8,1,11,9
9:30:32,2318.8,2318.6,2318.8,9,8,7
9:30:32,2318.6,2318.6,2318.8,6,3,4
9:30:33,2318.8,2318.4,2318.6,6,6,23
9:30:33,2318.6,2318.4,2318.6,4,6,20
9:30:34,2318.4,2318.2,2318.4,11,11,3
9:30:34,2318.2,2318.2,2318.4,1,10,3
9:30:35,2318.2,2318.2,2318.4,4,7,11
9:30:35,2318.4,2318.2,2318.4,5,7,12
9:30:36,2318.2,2318.2,2318.4,1,6,12
9:30:36,2318,2318,2318.2,16,28,4
9:30:37,2318,2318,2318.2,2,27,7
9:30:37,2318,2318,2318.2,4,26,8
9:30:38,2318.2,2318,2318.2,3,26,5
9:30:38,2318,2318,2318.2,7,20,10
9:30:39,2318,2318,2318.2,2,19,9
9:30:39,2318,2318,2318.2,6,16,8
9:30:40,2318.2,2318,2318.2,1,16,8
9:30:40,2318.2,2318.2,2318.4,10,1,12
9:30:41,2318.4,2318.4,2318.6,13,10,6
9:30:41,2318.4,2318.4,2318.6,3,7,6
9:30:42,2318.4,2318.4,2318.6,5,10,2
9:30:42,2318.4,2318.4,2318.6,10,1,1
9:30:43,2318.4,2318.2,2318.4,2,28,4
9:30:43,2318.4,2318.2,2318.6,4,29,3
9:30:44,2318.4,2318.4,2318.6,5,5,1
9:30:44,2318.2,2318.2,2318.6,11,21,7
9:30:45,2318.4,2318.2,2318.4,2,20,21
9:30:46,2318.2,2318.2,2318.4,4,17,21
9:30:46,2318.2,2318.2,2318.4,10,11,19
9:30:47,2318.2,2318.2,2318.4,3,11,18
9:30:47,2318.4,2318.2,2318.4,3,11,15
9:30:48,2318.4,2318.2,2318.4,3,11,13
9:30:48,2318.2,2318.2,2318.4,4,9,11
9:30:49,2318.4,2318.2,2318.4,2,9,10
9:30:49,2318.2,2318.2,2318.4,2,8,10
9:30:50,2318.2,2318.2,2318.4,4,18,7
9:30:50,2318.2,2318.2,2318.4,4,16,5
9:30:51,2318.4,2318.2,2318.4,3,17,3
9:30:51,2318.4,2318.4,2318.6,7,1,21
9:30:52,2318.2,2318.2,2318.4,7,8,2
9:30:52,2318.2,2318.2,2318.4,6,11,1
9:30:53,2318.2,2318.2,2318.4,1,25,1
9:30:53,2318.4,2318.2,2318.4,1,31,2
9:30:54,2318.4,2318.4,2318.6,7,2,20
9:30:54,2318.2,2318.4,2318.6,5,12,20
9:30:55,2318.4,2318.4,2318.6,13,15,13
9:30:55,2318.6,2318.6,2318.8,14,2,30
9:30:56,2318.6,2318.6,2318.8,2,1,29
9:30:56,2318.8,2318.6,2318.8,1,3,29
9:30:57,2318.8,2318.6,2318.8,12,71,18
9:30:57,2319,2318.8,2319,26,19,65
9:30:58,2319.2,2319,2319.2,72,19,1
9:30:58,2319.2,2319.2,2319.4,5,5,13
9:30:59,2319.4,2319.2,2319.4,11,6,10
9:30:59,2319.4,2319.2,2319.4,20,7,4
9:31:00,2319.4,2319.2,2319.4,2,7,2
9:31:00,2319.4,2319.4,2319.6,21,11,8
9:31:01,2319.8,2319.6,2319.8,42,1,9
9:31:01,2319.6,2319.4,2319.6,5,13,2
9:31:02,2319.8,2319.4,2319.8,9,11,6
9:31:02,2319.6,2319.4,2319.6,15,11,5
9:31:03,2319.8,2319.4,2319.8,10,8,13
9:31:03,2319.6,2319.6,2320,28,3,30
9:31:04,2320,2319.6,2320,11,1,25
9:31:04,2320,2319.6,2320,17,8,9
9:31:05,2320.4,2320.2,2320.4,23,2,14
9:31:05,2320.4,2320,2320.4,11,38,6
9:31:06,2320.4,2320.4,2320.8,17,10,33
9:31:06,2320.8,2320.6,2320.8,11,32,24
9:31:07,2320.8,2320.8,2321,54,11,103
9:31:07,2321,2320.4,2320.8,58,13,1
9:31:08,2320.8,2320.4,2320.6,16,13,1
9:31:08,2320.4,2320,2320.4,24,62,3
9:31:09,2320.8,2320.8,2321,32,10,56
9:31:09,2320.4,2320.4,2321,25,6,50
9:31:10,2320.4,2320,2320.4,44,60,1
9:31:10,2320.8,2320.6,2320.8,7,1,6
9:31:11,2320.8,2320.6,2320.8,19,8,7
9:31:11,2320.4,2320.4,2320.6,9,17,7
9:31:12,2320.4,2320.4,2320.6,12,10,6
9:31:12,2320.8,2320.6,2320.8,21,3,17
9:31:13,2320.8,2320.4,2320.8,7,5,14
9:31:13,2320.8,2320.4,2320.8,5,5,14
9:31:14,2320.8,2320.4,2320.8,19,2,2
9:31:14,2320.4,2320.4,2320.6,3,1,8
9:31:15,2320.4,2320.2,2320.4,5,7,1
9:31:15,2320.6,2320.4,2320.6,10,20,6
9:31:16,2320.4,2320.4,2320.6,6,18,4
9:31:16,2320.2,2320.2,2320.6,21,10,8
9:31:17,2320.6,2320.2,2320.6,9,10,2
9:31:17,2320.2,2320.2,2320.4,14,7,1
9:31:18,2320.2,2320,2320.4,9,8,15
9:31:18,2320.4,2320,2320.4,1,8,15
9:31:19,2320,2320,2320.4,7,12,13
9:31:19,2320.4,2320,2320.4,5,22,10
9:31:20,2320,2320,2320.2,10,21,1
9:31:20,2320,2320,2320.6,24,7,11
9:31:21,2320.2,2320.2,2320.4,6,2,10
9:31:21,2320.4,2320.2,2320.4,3,1,9
9:31:22,2320.2,2320.2,2320.4,6,8,8
9:31:22,2320.4,2320.2,2320.4,4,8,5
9:31:23,2320.4,2320.4,2320.6,10,47,17
9:31:23,2320.4,2320.4,2320.6,8,40,20
9:31:24,2320.6,2320.6,2320.8,26,4,29
9:31:24,2320.4,2320.4,2320.6,5,34,1
9:31:25,2320.8,2320.4,2320.8,9,33,29
9:31:25,2320.4,2320.4,2320.6,11,24,2
9:31:26,2320.8,2320.6,2320.8,25,34,21
9:31:26,2320.8,2320.6,2320.8,8,28,22
9:31:27,2320.8,2320.6,2321,28,26,92
9:31:27,2320.8,2320.6,2320.8,56,22,2
9:31:28,2320.8,2320.8,2321,21,6,32
9:31:28,2320.8,2320.6,2320.8,30,33,2
9:31:29,2320.8,2320.8,2321,9,12,30
9:31:29,2321,2320.8,2321,5,13,29
9:31:30,2320.8,2320.8,2321,30,14,21
9:31:30,2321,2320.8,2321,1,35,20
9:31:31,2321,2321,2321.2,26,4,39
9:31:31,2321.2,2321,2321.2,17,2,25
9:31:32,2321.2,2320.8,2321.2,9,30,21
9:31:32,2321,2321,2321.2,17,9,7
9:31:33,2321.4,2321.2,2321.4,32,37,24
9:31:33,2321.2,2321.2,2321.4,17,48,20
9:31:34,2321.4,2321.4,2321.6,30,25,12
9:31:34,2321.6,2321.6,2321.8,20,3,25
9:31:35,2321.6,2321.6,2321.8,10,7,19
9:31:35,2321.6,2321.4,2321.6,26,28,7
9:31:36,2321.8,2321.6,2321.8,44,3,3
9:31:36,2321.6,2321.4,2321.6,22,27,17
9:31:37,2321.6,2321.4,2321.6,26,9,31
9:31:37,2321.6,2321.2,2321.4,40,33,22
9:31:38,2321.4,2321,2321.2,108,5,21
9:31:38,2321.2,2321,2321.2,21,5,12
9:31:39,2321,2321,2321.4,27,8,6
9:31:39,2321.2,2321.2,2321.4,8,15,10
9:31:40,2321.2,2321.2,2321.4,9,26,5
9:31:40,2321.4,2321.4,2321.6,20,2,29
9:31:41,2321.6,2321.4,2321.6,21,1,13
9:31:41,2321.4,2321.4,2321.6,7,5,13
9:31:42,2321.6,2321.4,2321.6,2,8,12
9:31:42,2321.2,2321,2321.4,18,6,4
9:31:43,2321,2321,2321.4,10,11,8
9:31:43,2321.4,2321,2321.4,14,10,13
9:31:44,2321,2321,2321.4,4,6,18
9:31:44,2321,2320.8,2321.2,13,15,4
9:31:45,2320.8,2320.8,2321,2,13,1
9:31:45,2321.4,2320.8,2321.2,11,9,1
9:31:46,2320.8,2320.6,2320.8,11,6,81
9:31:46,2320.4,2320.4,2320.6,21,7,3
9:31:47,2320.4,2320.2,2320.6,9,14,20
9:31:47,2320.6,2320.4,2320.6,3,10,24
9:31:48,2320.2,2320.2,2320.4,13,18,5
9:31:48,2320.2,2320.2,2320.4,8,14,2
9:31:49,2320.6,2320.4,2320.6,4,2,23
9:31:49,2320.6,2320.2,2320.8,38,21,83
9:31:50,2320.6,2320.6,2320.8,4,1,84
9:31:50,2320.8,2320.2,2320.6,5,27,9
9:31:51,2320.6,2320.4,2320.6,2,19,11
9:31:51,2320.6,2320.4,2320.6,2,27,13
9:31:52,2320.4,2320.4,2320.6,2,25,13
9:31:52,2320.6,2320.6,2320.8,7,3,83
9:31:53,2320.8,2320.6,2320.8,2,5,83
9:31:53,2320.8,2320.6,2320.8,2,8,81
9:31:54,2320.6,2320.6,2320.8,12,6,71
9:31:54,2320.8,2320.6,2320.8,8,4,69
9:31:55,2320.6,2320.6,2320.8,4,4,68
9:31:55,2320.6,2320.6,2320.8,4,1,67
9:31:56,2320.6,2320.6,2320.8,1,1,68
9:31:56,2320.6,2320.4,2320.6,6,16,1
9:31:57,2320.6,2320.4,2320.6,9,13,1
9:31:57,2320.6,2320.4,2320.6,2,12,1
9:31:58,2320.4,2320.4,2320.6,6,8,25
9:31:58,2320.4,2320.4,2320.6,5,6,23
9:31:59,2320.4,2320.2,2320.4,8,20,3
9:32:00,2320.2,2320.2,2320.4,10,26,7
9:32:00,2320.2,2320.2,2320.4,6,23,5
9:32:01,2320.4,2320.2,2320.6,10,21,35
9:32:01,2320.2,2320.2,2320.4,12,9,4
9:32:02,2320.2,2320.2,2320.4,3,7,16
9:32:02,2320.2,2320,2320.2,12,39,26
9:32:03,2319.8,2319.8,2320,47,3,5
9:32:03,2320,2319.6,2319.8,24,5,10
9:32:04,2319.6,2319.6,2319.8,12,2,10
9:32:04,2319.6,2319.6,2319.8,7,11,10
9:32:05,2319.6,2319.6,2319.8,11,1,9
9:32:05,2319.8,2319.6,2319.8,9,13,5
9:32:06,2319.8,2319.8,2320,27,5,6
9:32:06,2319.8,2319.8,2320.2,15,4,66
9:32:07,2319.8,2319.8,2320.2,8,5,64
9:32:07,2319.8,2319.8,2320,3,2,2
9:32:08,2319.6,2319.6,2319.8,9,2,8
9:32:08,2319.6,2319.6,2319.8,7,4,25
9:32:09,2319.8,2319.4,2319.8,6,6,24
9:32:09,2319.8,2319.8,2320,34,3,5
9:32:10,2319.4,2319.4,2319.6,22,13,1
9:32:10,2319.6,2319.6,2319.8,10,2,2
9:32:11,2319.8,2319.6,2319.8,5,4,1
9:32:11,2319.6,2319.6,2319.8,5,2,9
9:32:12,2319.6,2319.4,2319.6,12,13,29
9:32:12,2319.6,2319.4,2319.6,4,12,28
9:32:13,2319.6,2319.4,2319.6,2,12,27
9:32:13,2319.6,2319.4,2319.6,9,7,23
9:32:14,2319.4,2319.4,2319.6,9,2,21
9:32:14,2319.6,2319.2,2319.6,22,19,2
9:32:15,2319.4,2319.2,2319.4,3,20,1
9:32:15,2319.6,2319.6,2319.8,9,23,16
9:32:16,2319.6,2319.6,2319.8,23,10,15
9:32:16,2319.2,2319.2,2319.6,15,19,3
9:32:17,2319.6,2319.4,2319.8,8,2,7
9:32:17,2319.2,2319.2,2319.4,11,27,9
9:32:18,2319.4,2319.4,2319.6,10,12,2
9:32:18,2319.4,2319.4,2319.6,1,33,2
9:32:19,2319.6,2319.6,2319.8,4,7,9
9:32:19,2319.8,2319.6,2320,16,9,7
9:32:20,2319.6,2319.8,2320,3,1,8
9:32:20,2319.6,2319.6,2320,6,32,8
9:32:21,2320,2319.8,2320,6,5,7
9:32:21,2319.8,2319.8,2320,5,2,8
9:32:22,2319.8,2319.6,2319.8,3,39,1
9:32:22,2319.6,2319.6,2319.8,1,39,1
9:32:23,2319.8,2319.8,2320,1,2,10
9:32:23,2319.8,2319.8,2320,3,1,12
9:32:24,2319.8,2319.6,2319.8,1,39,1
9:32:24,2320,2319.6,2320,9,40,15
9:32:25,2319.6,2319.8,2320,4,7,17
9:32:25,2320,2319.8,2320,4,7,14
9:32:26,2319.8,2319.8,2320,7,5,13
9:32:26,2320,2319.8,2320,7,4,12
9:32:27,2320,2319.8,2320,2,3,12
9:32:27,2319.8,2319.8,2320,2,2,11
9:32:28,2320,2319.8,2320,3,2,8
9:32:28,2319.8,2319.8,2320,1,1,8
9:32:29,2320,2319.8,2320,1,1,8
9:32:30,2319.8,2319.6,2319.8,2,39,18
9:32:30,2319.8,2319.6,2319.8,7,41,13
9:32:31,2319.8,2319.6,2319.8,4,34,9
9:32:31,2319.8,2319.6,2319.8,10,34,1
9:32:32,2319.6,2319.6,2319.8,2,33,2
9:32:32,2319.8,2319.6,2319.8,6,28,1
9:32:33,2319.6,2319.6,2320,6,25,12
9:32:33,2319.6,2319.8,2320,5,17,12
9:32:34,2319.6,2319.8,2320,3,14,13
9:32:34,2319.8,2319.8,2320,1,13,14
9:32:35,2320,2319.8,2320,1,18,14
9:32:36,2320,2320,2320.2,16,28,7
9:32:37,2320,2320,2320.2,2,26,7
9:32:37,2320,2320,2320.2,2,29,7
9:32:38,2320.2,2320,2320.2,2,29,6
9:32:39,2320,2320.2,2320.4,8,1,11
9:32:40,2320.2,2320,2320.2,2,38,10
9:32:40,2320.2,2320,2320.2,4,38,8
9:32:41,2320.2,2320,2320.2,3,38,7
9:32:41,2320.2,2320.2,2320.4,12,2,11
9:32:42,2320.4,2320.2,2320.4,4,26,7
9:32:43,2320.2,2320.4,2320.6,8,5,43
9:32:43,2320.6,2320.4,2320.6,1,5,43
9:32:44,2320.4,2320.4,2320.6,1,4,43
9:32:44,2320.6,2320.2,2320.6,8,23,33
9:32:45,2320.6,2320.2,2320.6,8,27,29
9:32:45,2320.6,2320.2,2320.6,19,27,11
9:32:46,2320.6,2320.4,2320.6,4,15,9
9:32:46,2320.6,2320.4,2320.6,3,16,8
9:32:47,2320.6,2320.4,2320.6,6,17,2
9:32:47,2320.8,2320.6,2320.8,15,15,53
9:32:48,2320.8,2320.6,2320.8,4,16,54
9:32:48,2320.8,2320.6,2320.8,13,7,58
9:32:49,2320.8,2320.6,2320.8,4,6,55
9:32:49,2320.6,2320.4,2320.8,6,7,55
9:32:50,2320.8,2320.6,2320.8,1,1,54
9:32:50,2320.6,2320.4,2320.6,3,3,2
9:32:51,2320.6,2320.6,2320.8,17,7,55
9:32:51,2320.6,2320.6,2320.8,9,2,54
9:32:52,2320.4,2320.2,2320.8,8,8,49
9:32:52,2320.6,2320.4,2320.6,2,7,8
9:32:53,2320.6,2320.4,2320.6,2,9,11
9:32:53,2320.4,2320.2,2320.4,16,11,19
9:32:54,2320.4,2320.2,2320.4,21,5,11
9:32:54,2320.2,2320.2,2320.4,5,2,10
9:32:55,2320.4,2320.2,2320.4,3,2,7
9:32:55,2320.2,2320.2,2320.4,1,2,7
9:32:56,2320.4,2320,2320.4,3,48,6
9:32:56,2320.4,2320.4,2320.6,8,15,16
9:32:57,2320.6,2320.4,2320.6,6,10,17
9:32:57,2320.6,2320.4,2320.6,22,6,1
9:32:58,2320.4,2320.2,2320.8,10,5,51
9:32:58,2320.8,2320.4,2320.8,2,1,50
9:32:59,2320.4,2320.2,2320.8,1,5,50
9:32:59,2320.4,2320.4,2320.6,3,3,6
9:33:00,2320.4,2320.2,2320.4,6,6,1
9:33:00,2320.2,2320.4,2320.6,3,4,8
9:33:01,2320.8,2320.4,2320.6,28,5,3
9:33:01,2320.6,2320.4,2320.6,2,11,8
9:33:02,2320.4,2320.2,2320.4,14,5,20
9:33:02,2320.4,2320.2,2320.4,6,6,15
9:33:03,2320.2,2320.2,2320.4,8,16,9
9:33:04,2320.4,2320.4,2320.6,9,1,13
9:33:04,2320.4,2320.2,2320.4,5,35,14
9:33:05,2320.4,2320.2,2320.4,2,36,13
9:33:05,2320.2,2320.2,2320.4,1,33,13
9:33:06,2320.2,2320.2,2320.4,3,34,13
9:33:06,2320.4,2320.2,2320.4,1,34,13
9:33:07,2320.4,2320.2,2320.4,2,34,13
9:33:07,2320.4,2320.2,2320.4,1,38,16
9:33:08,2320.4,2320.2,2320.4,2,38,15
9:33:08,2320.4,2320.2,2320.4,12,28,15
9:33:09,2320.4,2320.2,2320.4,4,27,14
9:33:09,2320.2,2320.2,2320.4,5,24,17
9:33:10,2320.2,2320.2,2320.4,5,22,20
9:33:10,2320.4,2320.2,2320.4,11,21,10
9:33:11,2320.4,2320.2,2320.4,3,21,7
9:33:11,2320.4,2320.4,2320.6,18,3,17
9:33:12,2320.6,2320.4,2320.6,13,2,13
9:33:12,2320.6,2320.6,2320.8,14,16,46
9:33:13,2320.8,2320.6,2320.8,27,35,22
9:33:14,2320.8,2320.8,2321,24,51,44
9:33:14,2321,2320.8,2321,15,44,32
9:33:15,2321,2321,2321.2,33,12,53
9:33:15,2321.2,2321,2321.2,13,15,44
9:33:16,2321.2,2321,2321.2,27,10,34
9:33:16,2321.2,2321,2321.2,15,11,22
9:33:17,2321.2,2321,2321.2,9,11,14
9:33:17,2321.2,2321,2321.4,16,10,18
9:33:18,2321.2,2321,2321.4,11,12,17
9:33:18,2321.6,2321.4,2321.6,31,1,39
9:33:19,2321.6,2321.2,2321.4,6,9,2
9:33:19,2321.2,2321.2,2321.4,7,6,6
9:33:20,2321.2,2321.4,2321.6,16,1,28
9:33:20,2321.4,2321.4,2321.6,4,16,26
9:33:21,2321.6,2321.6,2321.8,28,13,43
9:33:21,2321.6,2321.6,2321.8,14,13,34
9:33:22,2321.8,2321.8,2322,38,12,64
9:33:22,2322,2321.8,2322,45,11,46
9:33:23,2322,2321.6,2321.8,34,1,13
9:33:23,2322,2322,2322.2,65,21,21
9:33:24,2322.2,2321.8,2322,40,22,14
9:33:24,2322.2,2321.8,2322.2,43,2,9
9:33:25,2322,2321.6,2322,37,5,2
9:33:25,2321.6,2321.6,2321.8,38,6,16
9:33:26,2321.8,2321.8,2322,27,5,29
9:33:26,2321.8,2321.8,2322,19,3,33
9:33:27,2322,2321.8,2322,15,1,25
9:33:27,2321.8,2321.6,2322,22,7,12
9:33:28,2321.6,2321.6,2321.8,10,1,8
9:33:28,2321.8,2321.8,2322,12,3,17
9:33:29,2322,2322,2322.2,21,6,6
9:33:29,2322,2321.2,2322,55,34,1
9:33:30,2321.8,2321.8,2322.4,44,3,30
9:33:30,2322,2322,2322.2,12,8,16
9:33:31,2322.4,2322,2322.4,22,7,43
9:33:31,2322.2,2322,2322.2,34,7,3
9:33:32,2321.8,2321.8,2322.2,25,4,3
9:33:32,2321.8,2321.8,2322.2,29,11,10
9:33:33,2322.2,2321.8,2322,10,17,6
9:33:33,2322.4,2322,2322.4,26,7,6
9:33:34,2322,2322,2322.4,10,11,1
9:33:34,2322.4,2322.2,2322.4,21,1,15
9:33:35,2322.2,2322,2322.2,20,5,1
9:33:35,2322.2,2321.8,2322,18,12,5
9:33:36,2322,2321.8,2322,7,9,29
9:33:36,2321.8,2321.8,2322,12,3,24
9:33:37,2321.8,2321.6,2321.8,12,20,38
9:33:37,2321.8,2321.6,2321.8,19,10,34
9:33:38,2321.6,2321.4,2321.6,36,5,18
9:33:38,2321.6,2321.4,2321.6,8,2,16
9:33:39,2321.4,2321.2,2321.4,5,42,1
9:33:39,2321.6,2321.4,2321.6,5,4,11
9:33:40,2321.2,2321.2,2321.4,14,35,1
9:33:40,2321.6,2321.6,2321.8,10,13,49
9:33:41,2321.6,2321.6,2321.8,25,10,27
9:33:41,2321.6,2321.6,2321.8,23,1,26
9:33:42,2321.4,2321.4,2321.6,4,8,1
9:33:42,2321.6,2321.4,2321.6,2,9,1
9:33:43,2321.4,2321.4,2321.6,5,7,9
9:33:43,2321.6,2321.4,2321.6,21,5,2
9:33:44,2321.6,2321.6,2321.8,8,1,21
9:33:44,2321.6,2321.6,2321.8,5,17,20
9:33:45,2321.6,2321.6,2321.8,6,16,19
9:33:45,2321.8,2321.6,2321.8,4,24,17
9:33:46,2321.6,2321.4,2321.6,31,1,33
9:33:46,2321.6,2321.6,2321.8,40,2,16
9:33:48,2321.6,2321.6,2321.8,2,10,30
9:33:48,2321.8,2321.6,2321.8,2,10,29
9:33:49,2321.6,2321.6,2321.8,21,9,9
9:33:49,2321.8,2321.6,2321.8,1,13,8
9:33:50,2321.6,2321.4,2321.6,19,10,5
9:33:50,2321.8,2321.4,2321.8,6,10,6
9:33:51,2321.8,2321.6,2321.8,1,1,5
9:33:51,2321.8,2321.6,2321.8,1,10,22
9:33:52,2321.8,2321.6,2321.8,3,10,21
9:33:52,2321.6,2321.6,2321.8,29,13,2
9:33:53,2321.8,2321.6,2321.8,9,8,1
9:33:53,2321.6,2321.8,2322,10,3,78
9:33:54,2321.4,2321.4,2321.8,6,16,1
9:33:54,2321.8,2321.4,2321.6,1,17,2
9:33:55,2321.4,2321.4,2321.6,9,13,7
9:33:55,2321.4,2321.4,2321.6,13,3,4
9:33:56,2321.4,2321.4,2321.6,7,1,6
9:33:56,2321.6,2321.4,2321.6,6,8,12
9:33:57,2321.4,2321.4,2321.6,16,1,18
9:33:57,2321.2,2321.2,2321.4,12,41,1
9:33:58,2321.4,2321.2,2321.4,9,41,3
9:33:58,2321.4,2321.4,2321.6,6,2,17
9:33:59,2321.6,2321.4,2321.6,19,5,8
9:33:59,2321.4,2321.4,2321.6,9,49,6
9:34:00,2321.6,2321.6,2321.8,6,1,27
9:34:00,2321.4,2321.6,2321.8,14,5,14
9:34:01,2321.6,2321.4,2321.6,26,57,8
9:34:01,2321.8,2321.6,2321.8,13,19,12
9:34:02,2321.6,2321.6,2321.8,24,3,11
9:34:02,2321.6,2321.4,2321.6,9,56,20
9:34:03,2321.6,2321.6,2321.8,61,4,20
9:34:03,2321.6,2321.4,2321.6,5,47,2
9:34:04,2321.4,2321.4,2321.6,6,44,17
9:34:04,2321.4,2321.4,2321.6,9,40,13
9:34:05,2321.6,2321.4,2321.6,10,49,40
9:34:05,2321.4,2321.4,2321.6,25,30,35
9:34:06,2321.2,2321.2,2321.4,43,40,22
9:34:06,2321.2,2321.2,2321.4,31,11,34
9:34:07,2321.4,2321.2,2321.4,2,10,34
9:34:07,2321.2,2321.2,2321.6,99,7,1
9:34:08,2321,2321,2321.2,19,35,5
9:34:08,2321.2,2321.2,2321.4,7,32,1
9:34:09,2321.2,2321.2,2321.6,4,44,4
9:34:09,2321.2,2321.4,2321.6,29,5,2
9:34:10,2321.4,2321.4,2321.6,12,34,2
9:34:10,2321.6,2321.6,2321.8,17,2,31
9:34:11,2321.4,2321.2,2321.4,31,53,76
9:34:11,2321.2,2321.2,2321.4,16,38,80
9:34:12,2321.4,2321.2,2321.4,29,21,58
9:34:12,2321.2,2321.2,2321.4,13,26,61
9:34:13,2321.2,2321,2321.2,28,37,10
9:34:13,2321.2,2321,2321.2,3,37,8
9:34:14,2321,2321,2321.2,6,34,8
9:34:14,2321,2321,2321.2,7,29,8
9:34:15,2321,2321,2321.2,4,27,6
9:34:15,2321.2,2321,2321.2,4,25,9
9:34:16,2321,2321,2321.2,9,18,7
9:34:16,2321.2,2321,2321.2,8,18,5
9:34:17,2321.2,2321,2321.2,1,20,5
9:34:17,2321,2321,2321.2,6,15,8
9:34:18,2321,2321,2321.2,16,3,5
9:34:18,2321,2320.8,2321.2,5,9,8
9:34:19,2321,2320.8,2321,3,9,5
9:34:19,2321,2321,2321.2,5,11,7
9:34:20,2321,2321,2321.2,9,6,4
9:34:20,2321,2321,2321.2,4,5,2
9:34:21,2320.8,2320.8,2321,17,32,20
9:34:21,2321,2320.8,2321,3,41,19
9:34:22,2320.8,2320.8,2321,3,19,19
9:34:22,2320.8,2320.8,2321,15,16,8
9:34:23,2320.8,2320.8,2321,8,12,4
9:34:23,2321,2320.8,2321,3,15,2
9:34:24,2320.8,2320.8,2321,3,13,1
9:34:24,2320.8,2320.6,2320.8,15,25,8
9:34:25,2320.8,2320.6,2320.8,7,25,2
9:34:25,2320.8,2320.6,2321,2,25,4
9:34:26,2320.6,2320.6,2321,4,23,3
9:34:26,2320.8,2320.8,2321,14,8,4
9:34:27,2320.8,2320.8,2321,5,23,3
9:34:27,2321,2320.8,2321,2,26,1
9:34:28,2320.8,2320.8,2321.2,3,25,4
9:34:28,2321.2,2321,2321.2,3,4,3
9:34:29,2320.8,2320.8,2321.2,5,23,3
9:34:29,2321.2,2320.8,2321.4,4,26,47
9:34:30,2321,2320.8,2321.4,2,27,49
9:34:30,2320.8,2320.8,2321.2,3,26,1
9:34:31,2321.2,2320.8,2321,1,27,1
9:34:31,2321,2321,2321.4,4,4,47
9:34:32,2321.4,2321,2321.4,1,4,46
9:34:32,2321,2321,2321.4,1,4,47
9:34:33,2321.4,2321,2321.4,1,4,46
9:34:33,2321.4,2321,2321.4,5,3,49
9:34:34,2321,2320.8,2321.4,4,41,50
9:34:34,2321.4,2320.8,2321.4,3,42,50
9:34:35,2320.8,2320.8,2321.4,12,34,51
9:34:35,2320.8,2321,2321.2,3,1,1
9:34:36,2320.8,2320.8,2321,13,24,1
9:34:36,2320.8,2320.8,2321,13,12,5
9:34:37,2321,2320.8,2321,1,13,4
9:34:37,2321,2320.8,2321,3,43,9
9:34:38,2321.2,2321,2321.2,10,2,4
9:34:38,2321.2,2320.8,2321.2,13,36,3
9:34:39,2321,2321,2321.2,5,9,1
9:34:39,2321,2321.2,2321.4,3,1,57
9:34:40,2321.4,2321.2,2321.4,10,2,47
9:34:40,2321.4,2321.2,2321.4,26,1,22
9:34:41,2321.6,2321.4,2321.6,38,15,28
9:34:41,2321.8,2321.6,2321.8,44,20,40
9:34:42,2321.6,2321.6,2321.8,20,34,24
9:34:42,2321.8,2321.6,2321.8,12,29,14
9:34:43,2321.8,2321.6,2321.8,7,27,8
9:34:43,2321.8,2321.6,2321.8,4,27,4
9:34:44,2321.6,2321.6,2322,13,26,93
9:34:44,2321.6,2321.6,2321.8,5,23,3
9:34:45,2321.8,2321.6,2321.8,4,13,13
9:34:45,2321.6,2321.6,2321.8,5,8,18
9:34:46,2321.6,2321.6,2321.8,7,4,42
9:34:46,2321.6,2321.6,2321.8,4,1,43
9:34:47,2321.6,2321.4,2321.8,4,3,43
9:34:47,2321.8,2321.4,2321.8,12,3,34
9:34:48,2321.6,2321.4,2321.6,1,18,5
9:34:48,2321.4,2321.4,2321.6,8,16,1
9:34:49,2321.8,2321.4,2321.8,12,11,16
9:34:49,2321.6,2321.6,2321.8,2,33,15
9:34:50,2321.6,2321.6,2321.8,8,54,4
9:34:50,2321.8,2321.8,2322,10,59,153
9:34:51,2322,2321.8,2322,32,35,126
9:34:51,2322,2321.8,2322,35,33,93
9:34:52,2322,2321.8,2322,21,31,72
9:34:52,2322,2321.8,2322,13,31,62
9:34:53,2321.8,2321.8,2322,28,16,49
9:34:53,2321.8,2321.8,2322,5,4,47
9:34:54,2322,2321.8,2322,3,3,45
9:34:54,2321.8,2321.6,2322,4,55,46
9:34:55,2322,2321.6,2322,14,55,36
9:34:55,2322,2321.6,2321.8,11,55,4
9:34:56,2321.8,2321.8,2322,9,7,32
9:34:56,2322,2321.6,2322,22,45,41
9:34:57,2321.6,2321.8,2322,11,29,40
9:34:57,2322,2321.8,2322,18,14,37
9:34:58,2322,2321.8,2322,17,13,31
9:34:58,2321.8,2321.8,2322,11,9,24
9:34:59,2321.8,2321.8,2322,44,1,2
9:34:59,2322,2322,2322.2,8,9,23
9:35:00,2322.2,2322,2322.2,5,36,21
9:35:00,2322.4,2322.2,2322.4,58,43,23
9:35:01,2322.4,2322.4,2322.6,30,5,45
9:35:01,2322.4,2322.2,2322.4,27,44,1
9:35:02,2322.4,2322.2,2322.4,17,41,3
9:35:02,2322.2,2322,2322.2,17,44,16
9:35:03,2322,2322,2322.2,28,22,27
9:35:03,2322,2321.8,2322,22,51,9
9:35:04,2322,2321.8,2322,18,42,14
9:35:04,2322,2321.8,2322,22,22,23
9:35:05,2321.8,2321.8,2322,7,18,23
9:35:05,2322,2322,2322.2,30,54,24
9:35:06,2322,2322,2322.2,31,23,22
9:35:06,2322,2322,2322.2,11,13,19
9:35:07,2321.8,2321.8,2322,14,15,10
9:35:07,2322,2321.8,2322,11,14,13
9:35:08,2322,2321.8,2322,7,13,25
9:35:08,2322,2321.8,2322,10,10,21
9:35:09,2321.8,2321.8,2322,9,3,41
9:35:09,2321.8,2321.6,2321.8,5,47,3
9:35:10,2321.8,2321.6,2321.8,4,46,26
9:35:10,2321.6,2321.6,2321.8,4,53,26
9:35:11,2321.6,2321.6,2321.8,45,30,7
9:35:11,2321.8,2321.8,2322,17,6,42
9:35:12,2321.8,2321.6,2321.8,18,22,1
9:35:12,2321.8,2321.6,2321.8,23,13,2
9:35:13,2321.8,2321.6,2321.8,6,10,4
9:35:13,2321.8,2321.6,2321.8,2,10,12
9:35:14,2321.6,2321.6,2321.8,12,7,5
9:35:14,2321.8,2321.6,2321.8,9,6,1
9:35:15,2321.8,2321.6,2321.8,14,13,2
9:35:15,2321.6,2321.6,2321.8,6,18,6
9:35:16,2321.6,2321.6,2321.8,5,17,3
9:35:16,2321.6,2321.8,2322,12,1,28
9:35:17,2321.6,2321.4,2321.6,11,7,11
9:35:17,2321.6,2321.6,2321.8,22,1,9
9:35:18,2321.2,2321.2,2321.8,15,19,35
9:35:18,2321.6,2321.4,2321.6,6,3,6
9:35:19,2321.8,2321.4,2321.6,14,1,2
9:35:19,2321.4,2321.2,2321.4,2,18,15
9:35:20,2321.4,2321.2,2321.4,7,17,8
9:35:20,2321.2,2321.2,2321.4,2,16,8
9:35:21,2321.4,2321.2,2321.4,5,16,4
9:35:21,2321.2,2321.2,2321.4,4,13,3
9:35:22,2321.2,2321.4,2321.6,16,1,9
9:35:22,2321.2,2321.2,2321.4,7,9,6
9:35:23,2321.2,2321.2,2321.4,8,4,24
9:35:23,2321.2,2321.2,2321.4,4,1,23
9:35:24,2321.2,2321,2321.2,1,44,4
9:35:24,2321,2321,2321.2,5,43,3
9:35:25,2321.4,2321,2321.4,4,44,22
9:35:25,2321.2,2321,2321.4,31,20,19
9:35:26,2321,2321.2,2321.4,6,4,18
9:35:26,2321.2,2321.2,2321.4,4,1,17
9:35:27,2321,2321,2321.2,16,16,5
9:35:27,2321,2321,2321.2,7,13,4
9:35:28,2321,2321,2321.2,8,5,7
9:35:28,2321,2321,2321.2,3,5,17
9:35:29,2321,2321,2321.2,5,2,21
9:35:29,2321,2320.8,2321,4,19,6
9:35:30,2321,2320.8,2321,8,18,58
9:35:30,2320.8,2320.6,2320.8,23,23,6
9:35:31,2320.6,2320.6,2320.8,24,5,4
9:35:31,2320.4,2320.4,2320.6,6,20,3
9:35:32,2320.4,2320.4,2320.6,13,11,5
9:35:32,2320.2,2320.2,2320.4,18,37,21
9:35:33,2320.2,2320.2,2320.4,6,34,32
9:35:33,2320.4,2320.4,2320.6,35,3,3
9:35:34,2320.2,2320.2,2320.6,9,40,6
9:35:34,2320.4,2320.4,2320.6,6,2,7
9:35:35,2320.6,2320.4,2320.8,15,23,7
9:35:35,2320.4,2320.4,2320.8,54,10,5
9:35:36,2320.4,2320.6,2320.8,1,3,10
9:35:36,2320.8,2320.6,2320.8,4,15,7
9:35:37,2320.6,2320.6,2320.8,12,11,21
9:35:37,2320.8,2320.6,2321,2,11,64
9:35:38,2320.6,2320.8,2321,4,2,63
9:35:38,2320.8,2320.8,2321,4,5,81
9:35:39,2320.8,2320.8,2321,3,4,79
9:35:39,2320.6,2320.6,2320.8,6,14,5
9:35:40,2320.8,2320.6,2320.8,4,8,1
9:35:40,2320.8,2320.6,2320.8,2,7,19
9:35:41,2320.8,2320.6,2320.8,4,5,57
9:35:41,2320.8,2320.6,2320.8,7,11,50
9:35:42,2320.4,2320.4,2320.6,17,6,26
9:35:42,2320.6,2320.4,2320.6,5,17,21
9:35:43,2320.6,2320.4,2320.6,2,16,20
9:35:43,2320.6,2320.4,2320.6,2,6,20
9:35:44,2320.4,2320.2,2320.4,11,42,7
9:35:44,2320.4,2320.4,2320.6,7,10,19
9:35:45,2320.6,2320.4,2320.6,2,12,17
9:35:45,2320.6,2320.4,2320.6,11,7,16
9:35:46,2320.4,2320,2320.4,82,54,1
9:35:46,2320.4,2320.2,2320.6,1,1,17
9:35:47,2320.4,2320.4,2320.6,1,1,19
9:35:47,2320,2320,2320.2,16,53,18
9:35:48,2320,2320,2320.2,8,55,11
9:35:48,2320,2320,2320.2,22,38,16
9:35:49,2320,2320,2320.2,9,39,11
9:35:49,2320.2,2320,2320.2,33,15,5
9:35:50,2320.2,2320.2,2320.4,6,1,9
9:35:50,2320.2,2320.2,2320.4,8,7,8
9:35:51,2320.2,2320.2,2320.4,11,2,3
9:35:51,2320.2,2320,2320.2,3,15,1
9:35:52,2320,2320,2320.4,3,14,2
9:35:52,2320.2,2320.2,2320.4,4,7,1
9:35:53,2320.6,2320.4,2320.6,6,3,8
9:35:53,2320.6,2320.4,2320.6,6,1,3
9:35:54,2320.2,2320.4,2320.6,2,2,4
9:35:54,2320.4,2320.2,2320.4,3,24,9
9:35:55,2320.2,2320.2,2320.4,3,25,13
9:35:55,2320.4,2320.2,2320.4,10,33,4
9:35:56,2320.4,2320.4,2320.6,7,6,5
9:35:56,2320.8,2320.6,2320.8,8,2,24
9:35:57,2320.8,2320.8,2321,24,7,77
9:35:57,2320.8,2320.8,2321,18,35,63
9:35:58,2320.8,2320.8,2321,2,33,63
9:35:58,2321,2320.8,2321,27,31,39
9:35:59,2321,2320.8,2321,27,6,17
9:35:59,2321,2320.8,2321,7,4,23
9:36:00,2321,2320.8,2321,12,11,11
9:36:00,2320.8,2321,2321.2,17,1,4
9:36:01,2321,2320.8,2321.2,6,2,3
9:36:01,2321,2320.8,2321.2,10,22,11
9:36:02,2321.2,2321,2321.2,7,2,9
9:36:02,2321.2,2321,2321.2,5,2,10
9:36:03,2321.2,2321,2321.2,26,2,11
9:36:03,2321,2321,2321.2,2,1,11
9:36:04,2321.4,2321,2321.4,12,1,4
9:36:04,2321.4,2321.4,2321.6,7,16,9
9:36:05,2321.4,2321.4,2321.6,13,4,8
9:36:05,2321.4,2321.2,2321.4,8,5,4
9:36:06,2321.4,2321.2,2321.4,1,2,13
9:36:06,2321.8,2321.8,2322,45,34,31
9:36:07,2321.8,2321.8,2322,21,14,29
9:36:07,2321.8,2321.8,2322,9,13,21
9:36:08,2322,2321.8,2322,5,15,16
9:36:08,2321.8,2321.8,2322,2,14,15
9:36:09,2321.8,2321.4,2321.8,32,4,15
9:36:09,2322,2321.6,2322,18,1,14
9:36:10,2322.2,2321.6,2321.8,19,1,2
9:36:10,2321.8,2321.8,2322.2,11,1,13
9:36:11,2321.6,2321.4,2321.6,15,4,7
9:36:11,2321.6,2321.4,2321.8,9,11,3
9:36:12,2321.6,2321.6,2322,6,16,1
9:36:12,2322,2321.8,2322,2,2,31
9:36:13,2322,2321.8,2322,9,10,28
9:36:13,2322,2321.8,2322,5,18,21
9:36:14,2322,2321.8,2322,2,17,20
9:36:14,2322,2321.8,2322,14,16,8
9:36:15,2322,2321.8,2322,2,17,6
9:36:15,2322,2322,2322.2,9,1,12
9:36:16,2322.2,2322,2322.2,5,6,9
9:36:16,2322,2322,2322.2,7,26,5
9:36:17,2322.2,2322,2322.2,25,9,1
9:36:17,2322.2,2322.2,2322.4,6,27,45
9:36:18,2322.4,2322.2,2322.4,18,26,30
9:36:18,2322.2,2322.2,2322.6,67,27,1
9:36:19,2322.8,2322.6,2322.8,14,2,119
9:36:19,2322.4,2322.4,2322.6,37,28,24
9:36:20,2322.4,2322.6,2322.8,64,11,74
9:36:20,2322.8,2322.6,2322.8,24,1,77
9:36:21,2322.8,2322.4,2322.8,10,24,74
9:36:21,2322.4,2322.4,2322.6,26,18,15
9:36:22,2322.8,2322.6,2322.8,74,2,13
9:36:22,2322.8,2322.4,2322.8,28,18,6
9:36:23,2322.6,2322.4,2322.6,15,19,10
9:36:23,2322.6,2322.6,2322.8,16,52,5
9:36:24,2322.8,2322.6,2322.8,27,64,6
9:36:24,2322.8,2322.8,2323,21,3,106
9:36:25,2323,2322.8,2323,2,5,105
9:36:25,2323,2322.8,2323,23,16,86
9:36:26,2323,2322.8,2323,58,8,37
9:36:26,2323,2322.8,2323,25,19,15
9:36:27,2323,2322.8,2323.2,23,13,18
9:36:27,2323.2,2323,2323.2,20,7,37
9:36:28,2323,2322.8,2323,32,13,3
9:36:28,2323,2322.6,2323,24,61,21
9:36:29,2322.8,2322.6,2322.8,16,50,25
9:36:29,2322.6,2322.6,2322.8,10,54,18
9:36:30,2322.8,2322.6,2322.8,21,46,48
9:36:30,2322.6,2322.6,2322.8,23,30,45
9:36:31,2322.6,2322.6,2322.8,33,15,39
9:36:31,2322.6,2322.4,2322.6,33,19,15
9:36:32,2322.4,2322.4,2322.6,4,20,14
9:36:32,2322.8,2322.6,2322.8,48,3,6
9:36:33,2323,2322.8,2323,18,1,20
9:36:33,2322.8,2322.8,2323,7,14,21
9:36:34,2323,2323,2323.2,26,2,26
9:36:34,2323.2,2323,2323.2,16,1,23
9:36:35,2322.8,2322.6,2323,13,5,2
9:36:35,2323.2,2323,2323.2,14,3,15
9:36:36,2322.8,2322.6,2323,14,4,2
9:36:36,2322.6,2322.6,2323,41,5,2
9:36:37,2322.6,2322.6,2323,9,8,11
9:36:37,2322.6,2322.6,2323,7,1,14
9:36:38,2322.8,2322.6,2322.8,1,2,2
9:36:38,2323,2323,2323.2,20,52,26
9:36:39,2323.2,2323,2323.2,32,28,25
9:36:39,2323,2323,2323.2,6,25,23
9:36:40,2323.2,2323,2323.2,9,21,20
9:36:40,2323,2322.8,2323,41,5,9
9:36:41,2322.8,2322.6,2322.8,19,15,9
9:36:41,2322.6,2322.6,2322.8,13,14,2
9:36:42,2322.6,2322.6,2322.8,12,12,9
9:36:42,2322.8,2322.6,2322.8,6,12,3
9:36:43,2322.6,2322.6,2323,12,9,16
9:36:43,2322.6,2322.6,2322.8,7,4,3
9:36:44,2322.8,2322.8,2323,9,4,26
9:36:44,2323,2322.8,2323,12,5,17
9:36:45,2323,2322.8,2323,3,8,25
9:36:45,2322.8,2322.8,2323,19,19,21
9:36:46,2323,2322.8,2323,8,25,18
9:36:46,2323,2323,2323.2,22,45,24
9:36:47,2323.2,2323,2323.2,13,94,12
9:36:47,2323,2323.2,2323.4,29,14,13
9:36:48,2323.6,2323.4,2323.6,75,7,44
9:36:48,2323.6,2323.4,2323.6,19,5,37
9:36:49,2323.6,2323.4,2323.6,23,2,38
9:36:49,2323.4,2323.2,2323.4,19,8,31
9:36:50,2323.2,2323,2323.2,29,78,4
9:36:50,2323,2323,2323.2,20,76,5
9:36:51,2323,2323,2323.4,16,83,23
9:36:51,2323.4,2323,2323.4,32,70,15
9:36:52,2323,2323,2323.2,8,69,5
9:36:52,2323,2323,2323.6,87,21,31
9:36:53,2323.2,2323.2,2323.4,6,7,13
9:36:53,2323.2,2323.2,2323.4,11,2,10
9:36:54,2323.2,2323.2,2323.4,9,21,13
9:36:54,2323.2,2323.2,2323.4,20,9,5
9:36:55,2323.2,2323.2,2323.6,10,18,37
9:36:55,2323.2,2323,2323.2,10,27,5
9:36:56,2323,2323,2323.2,5,25,7
9:36:56,2323,2323,2323.2,29,4,35
9:36:57,2323,2322.8,2323,14,23,34
9:36:57,2322.8,2322.8,2323,21,7,46
9:36:58,2322.6,2322.6,2322.8,28,38,14
9:36:58,2322.6,2322.6,2323,52,13,45
9:36:59,2322.6,2322.4,2322.6,17,44,6
9:36:59,2322.4,2322.6,2323,8,18,37
9:37:00,2322.6,2322.6,2322.8,14,21,3
9:37:00,2322.6,2322.6,2322.8,15,39,3
9:37:01,2322.6,2322.6,2322.8,10,23,10
9:37:01,2322.6,2322.6,2322.8,10,18,5
9:37:02,2323,2322.6,2323,21,4,29
9:37:02,2322.8,2322.6,2322.8,8,2,1
9:37:03,2322.6,2322.8,2323,7,2,29
9:37:03,2323,2322.8,2323,7,1,24
9:37:04,2322.8,2322.6,2322.8,5,18,1
9:37:04,2322.6,2322.8,2323,15,2,21
9:37:05,2322.8,2322.8,2323,4,3,20
9:37:05,2322.8,2322.6,2323,15,22,9
9:37:06,2323,2322.8,2323,5,37,6
9:37:06,2323,2323,2323.2,16,21,9
9:37:07,2323.2,2323.2,2323.4,11,4,23
9:37:07,2323.2,2323.2,2323.4,40,20,10
9:37:08,2323.4,2323.2,2323.4,24,12,6
9:37:08,2323.4,2323.4,2323.6,7,6,45
9:37:09,2323.6,2323.4,2323.6,8,1,44
9:37:09,2323.4,2323.4,2323.6,5,1,41
9:37:10,2323.4,2323.2,2323.4,14,20,36
9:37:10,2323.4,2323.4,2323.6,46,4,54
9:37:11,2323.4,2323.2,2323.4,16,5,31
9:37:11,2323.2,2323,2323.2,11,17,27
9:37:12,2323,2323,2323.2,10,15,26
9:37:12,2323,2323,2323.2,9,20,25
9:37:13,2323,2323,2323.2,10,17,18
9:37:13,2323.2,2323.2,2323.4,28,36,58
9:37:14,2323.2,2323.2,2323.4,5,42,45
9:37:14,2323.4,2323.2,2323.4,19,25,33
9:37:15,2323.2,2323.2,2323.4,38,11,11
9:37:15,2323.2,2323.2,2323.4,3,17,10
9:37:16,2323.2,2323.2,2323.4,3,12,11
9:37:17,2323.2,2323.2,2323.4,5,14,29
9:37:17,2323.2,2323,2323.4,16,30,38
9:37:18,2323.4,2323,2323.4,27,39,23
9:37:18,2323.2,2323,2323.2,4,40,6
9:37:19,2323,2323.2,2323.4,14,22,31
9:37:19,2323.4,2323.2,2323.4,14,10,30
9:37:20,2323.4,2323.2,2323.4,22,15,10
9:37:20,2323.2,2323.2,2323.4,8,7,11
9:37:21,2323.2,2323.2,2323.4,10,1,13
9:37:21,2323.2,2323,2323.4,6,50,12
9:37:22,2323,2323,2323.2,4,53,1
9:37:22,2323.2,2323,2323.2,4,52,1
9:37:23,2323.2,2323,2323.2,3,53,2
9:37:23,2323,2323,2323.2,9,52,7
9:37:24,2323.2,2323,2323.2,6,50,6
9:37:24,2323,2323,2323.2,10,43,2
9:37:25,2323.2,2323,2323.2,35,13,19
9:37:25,2323.2,2323,2323.2,9,13,20
9:37:26,2323.2,2322.8,2323,35,10,1
9:37:26,2322.8,2322.8,2323,5,11,11
9:37:27,2323,2322.8,2323,14,30,1
9:37:27,2322.8,2322.8,2323,4,39,3
9:37:28,2323,2323,2323.2,8,53,6
9:37:28,2323.2,2323.2,2323.4,7,1,11
9:37:29,2323.2,2323.2,2323.4,17,17,8
9:37:29,2323.4,2323.4,2323.6,11,7,58
9:37:30,2323.4,2323.4,2323.6,6,1,59
9:37:30,2323.2,2323.2,2323.4,35,38,12
9:37:31,2323.4,2323.2,2323.4,38,16,11
9:37:31,2323.4,2323.2,2323.4,3,15,9
9:37:32,2323.4,2323.2,2323.4,23,2,2
9:37:32,2323.2,2323,2323.2,16,60,5
9:37:33,2323.4,2323,2323.4,16,61,5
9:37:33,2323.2,2323.2,2323.4,4,1,7
9:37:34,2323.6,2323.4,2323.6,10,39,35
9:37:34,2323.4,2323.4,2323.6,14,26,35
9:37:35,2323.4,2323.4,2323.6,22,11,35
9:37:35,2323.4,2323.4,2323.6,24,8,14
9:37:36,2323.6,2323.4,2323.6,13,6,6
9:37:36,2323.6,2323.4,2323.8,8,4,181
9:37:37,2323.6,2323.4,2323.6,3,2,3
9:37:37,2323.6,2323.2,2323.6,11,27,9
9:37:38,2323.6,2323.2,2323.4,8,26,1
9:37:38,2323.4,2323.2,2323.4,4,26,12
9:37:39,2323.4,2323.2,2323.4,20,18,3
9:37:39,2323.2,2323.2,2323.6,9,20,9
9:37:40,2323.2,2323.2,2323.6,15,15,9
9:37:40,2323.4,2323.4,2323.6,3,11,9
9:37:41,2323.4,2323.4,2323.6,3,17,13
9:37:41,2323.4,2323.4,2323.6,8,10,12
9:37:42,2323.4,2323.4,2323.6,2,9,19
9:37:42,2323.4,2323.2,2323.4,9,18,9
9:37:43,2323.2,2323.2,2323.4,10,14,5
9:37:43,2323.2,2323.2,2323.4,8,8,6
9:37:44,2323.4,2323.4,2323.6,8,1,22
9:37:44,2323.6,2323.4,2323.6,8,4,14
9:37:45,2323.4,2323.4,2323.6,1,6,14
9:37:45,2323.4,2323.4,2323.6,1,26,24
9:37:46,2323.4,2323.4,2323.6,14,15,29
9:37:46,2323.6,2323.4,2323.6,3,14,38
9:37:47,2323.4,2323.4,2323.6,5,12,37
9:37:47,2323.4,2323.4,2323.6,4,8,38
9:37:48,2323.4,2323.4,2323.6,10,5,35
9:37:48,2323.4,2323.4,2323.6,10,4,26
9:37:49,2323.2,2323,2323.2,25,88,8
9:37:49,2323,2323.6,2323.8,40,1,189
9:37:50,2323.6,2323.2,2323.6,7,37,1
9:37:50,2323.6,2323.4,2323.6,2,4,10
9:37:51,2323.4,2323.4,2323.6,3,6,13
9:37:51,2323.6,2323.2,2323.6,30,41,2
9:37:52,2323.4,2323.6,2323.8,6,9,190
9:37:52,2323.6,2323.4,2323.6,12,11,5
9:37:53,2323.4,2323.4,2323.6,3,9,6
9:37:53,2323.4,2323.4,2323.8,9,5,201
9:37:54,2323.6,2323.4,2323.6,9,10,10
9:37:54,2323.6,2323.4,2323.6,10,1,9
9:37:55,2323.6,2323.6,2323.8,27,14,207
9:37:55,2323.8,2323.6,2323.8,7,11,203
9:37:56,2323.6,2323.6,2323.8,17,7,193
9:37:56,2323.8,2323.6,2323.8,14,12,184
9:37:57,2323.6,2323.6,2323.8,14,8,181
9:37:57,2323.8,2323.4,2323.6,13,4,1
9:37:58,2323.8,2323.4,2323.6,3,4,12
9:37:58,2323.4,2323.4,2323.6,11,1,51
9:37:59,2323.6,2323.2,2323.4,24,7,17
9:37:59,2323.2,2323,2323.2,11,101,1
9:38:00,2323,2323,2323.2,6,98,9
9:38:00,2323.4,2323.2,2323.4,14,13,28
9:38:01,2323.4,2323,2323.2,37,91,3
9:38:01,2323,2323.2,2323.4,29,1,17
9:38:02,2323,2323,2323.4,10,83,7
9:38:02,2323.4,2323.2,2323.4,12,7,4
9:38:03,2323.2,2323.2,2323.4,26,3,30
9:38:03,2323.2,2323,2323.2,6,87,1
9:38:04,2323.2,2323,2323.2,4,86,5
9:38:04,2323,2323,2323.2,6,83,31
9:38:05,2323,2323,2323.2,18,69,29
9:38:05,2323.2,2323,2323.2,15,55,28
9:38:06,2323,2322.8,2323,61,43,5
9:38:06,2322.8,2322.6,2322.8,58,24,2
9:38:07,2323,2322.6,2323,13,19,10
9:38:07,2322.6,2322.4,2323,37,32,5
9:38:08,2322.6,2322.4,2322.6,18,36,3
9:38:08,2322.6,2322.8,2323,21,1,10
9:38:09,2322.8,2322.8,2323,9,4,8
9:38:09,2323,2322.8,2323,7,4,7
9:38:10,2322.8,2322.6,2322.8,10,24,10
9:38:10,2322.6,2322.6,2322.8,3,37,9
9:38:11,2322.6,2322.6,2323,27,39,9
9:38:11,2323,2322.8,2323,9,11,6
9:38:12,2322.8,2322.8,2323,6,10,5
9:38:12,2322.8,2322.8,2323,10,12,8
9:38:13,2322.6,2322.8,2323,15,4,10
9:38:13,2322.8,2322.8,2323,7,6,9
9:38:14,2322.8,2322.8,2323,4,9,7
9:38:14,2322.8,2322.8,2323,12,10,4
9:38:15,2322.8,2322.8,2323,6,14,4
9:38:15,2322.8,2323,2323.2,7,18,10
9:38:16,2323,2323,2323.2,7,11,10
9:38:16,2323,2323,2323.2,8,3,11
9:38:17,2323,2322.8,2323,16,16,56
9:38:17,2323,2322.8,2323,35,4,35
9:38:18,2323,2322.8,2323,6,3,32
9:38:18,2323,2322.8,2323,12,1,26
9:38:19,2322.8,2322.6,2322.8,1,18,5
9:38:19,2322.8,2322.8,2323,18,26,18
9:38:20,2323,2323,2323.2,41,1,12
9:38:20,2322.8,2323,2323.2,7,2,13
9:38:21,2323,2323,2323.2,1,3,15
9:38:21,2323,2322.8,2323.2,3,19,15
9:38:22,2323,2322.8,2323,3,20,1
9:38:22,2323,2323,2323.2,4,2,15
9:38:24,2323.2,2323,2323.2,17,38,18
9:38:24,2323.2,2323.2,2323.4,25,4,62
9:38:25,2323.4,2323.2,2323.4,1,4,61
9:38:25,2323.2,2323.2,2323.4,8,1,56
9:38:26,2323,2323,2323.2,2,41,1
9:38:26,2323.2,2323,2323.4,4,40,59
9:38:27,2323.4,2323.2,2323.4,4,1,55
9:38:27,2323,2323,2323.2,6,37,1
9:38:28,2323.4,2323,2323.4,2,38,54
9:38:28,2323,2323,2323.2,7,35,9
9:38:29,2323.2,2323,2323.2,2,36,7
9:38:29,2323,2323,2323.2,3,35,11
9:38:30,2323.2,2323,2323.2,2,35,15
9:38:30,2323,2323,2323.2,2,37,16
9:38:31,2323.2,2323,2323.2,7,37,14
9:38:31,2323.2,2323,2323.2,1,42,14
9:38:32,2323,2323,2323.2,1,43,14
9:38:33,2323.2,2323,2323.2,2,43,13
9:38:33,2323,2323,2323.2,3,42,12
