9:14:00,2318,2318,2318.2,466,96,3
9:15:00,2318,2317,2318,367,64,52
9:15:01,2317,2316.6,2316.8,312,9,1
9:15:01,2316.6,2316.2,2316.6,183,1,20
9:15:02,2316.2,2315.6,2316.2,212,22,19
9:15:02,2316,2315.8,2316,184,9,1
9:15:03,2316,2316,2316.2,189,15,4
9:15:03,2317.2,2316.4,2317.2,185,6,1
9:15:04,2318,2316.8,2318,185,3,269
9:15:04,2317,2317,2317.6,216,20,1
9:15:05,2316.8,2316.4,2316.8,86,16,4
9:15:05,2317.2,2316.8,2317.2,64,1,39
9:15:06,2317,2316.8,2317,78,20,16
9:15:06,2316.8,2316.4,2316.8,71,1,1
9:15:07,2316.8,2316.4,2316.8,57,28,11
9:15:07,2316.8,2316.8,2317,56,2,1
9:15:08,2316.8,2316.8,2317.2,53,7,6
9:15:08,2317,2317,2317.2,78,15,3
9:15:09,2317,2317,2317.2,58,87,5
9:15:09,2317.2,2317.2,2317.8,21,20,21
9:15:10,2317.8,2317.4,2317.8,63,101,23
9:15:10,2317.8,2317.8,2318,35,14,197
9:15:11,2318,2317.8,2318,181,21,52
9:15:11,2318,2318,2318.2,71,51,8
9:15:12,2318.2,2318.2,2318.8,84,78,2
9:15:12,2318.8,2318.8,2319,27,7,18
9:15:13,2318.6,2318.6,2318.8,59,1,10
9:15:13,2319.4,2318.8,2319.4,44,43,7
9:15:14,2318.8,2318.8,2319,84,35,4
9:15:14,2319.4,2319.2,2319.4,36,1,6
9:15:15,2319.2,2319.4,2319.8,55,7,60
9:15:15,2319.6,2319.4,2319.6,54,3,15
9:15:16,2319,2319,2319.4,19,27,2
9:15:16,2319,2319,2319.6,52,22,6
9:15:17,2319.4,2319.4,2319.6,69,1,2
9:15:17,2319,2319,2319.4,26,29,47
9:15:18,2319,2319,2319.4,18,20,43
9:15:18,2319,2318.8,2319,42,43,2
9:15:19,2318.8,2318.8,2319,40,12,117
9:15:19,2319,2318.4,2318.8,83,4,2
9:15:20,2318.2,2318.2,2318.4,28,8,6
9:15:20,2318.4,2318,2318.6,34,36,48
9:15:21,2318.6,2318.2,2318.6,18,7,19
9:15:21,2318.6,2318.2,2318.6,17,5,11
9:15:22,2318.2,2318.4,2318.6,8,1,1
9:15:22,2318.4,2318.4,2318.6,21,3,1
9:15:23,2318.6,2318.4,2318.6,13,3,19
9:15:23,2318.4,2318,2318.4,22,37,2
9:15:24,2318.6,2318.4,2318.6,13,5,4
9:15:24,2318.6,2318,2318.4,30,31,13
9:15:25,2318.4,2318,2318.4,12,32,6
9:15:25,2318.2,2318.4,2318.6,25,4,33
9:15:26,2318.2,2318,2318.4,10,40,12
9:15:26,2318.8,2318.2,2318.8,108,10,10
9:15:27,2318.8,2318.4,2318.8,15,3,15
9:15:27,2318.4,2318,2318.4,20,48,37
9:15:28,2318.4,2318,2318.4,10,53,29
9:15:28,2318,2317.8,2318,68,17,35
9:15:29,2317.8,2317.8,2318,37,6,12
9:15:29,2318,2317.6,2318,22,20,4
9:15:30,2318.4,2317.6,2318.2,104,16,1
9:15:30,2318,2317.8,2318.2,18,12,15
9:15:31,2318,2318,2318.2,13,8,18
9:15:31,2318.2,2318,2318.2,24,3,9
9:15:32,2318,2317.8,2318.2,16,14,3
9:15:32,2317.8,2318.2,2318.4,25,1,5
9:15:33,2318.2,2318.2,2318.4,7,5,4
9:15:33,2318.2,2318.2,2318.4,6,25,2
9:15:34,2318.2,2318.2,2318.6,28,2,9
9:15:34,2318.2,2318.2,2318.6,20,2,9
9:15:35,2318.2,2318.2,2318.6,4,6,32
9:15:35,2318.4,2318.4,2318.6,27,3,15
9:15:36,2318.6,2318.2,2318.6,33,3,4
9:15:36,2318,2317.8,2318,20,11,86
9:15:37,2318,2317.6,2318,29,19,78
9:15:37,2317.8,2317.6,2317.8,16,19,3
9:15:38,2317.8,2317.6,2317.8,19,11,2
9:15:38,2318,2317.6,2318,19,14,59
9:15:39,2318,2317.4,2317.6,52,27,1
9:15:39,2318,2317.8,2318,10,21,33
9:15:40,2318,2317.8,2318,7,18,34
9:15:40,2317.8,2317.8,2318,5,14,32
9:15:41,2318,2317.8,2318,8,16,28
9:15:41,2318.2,2317.8,2318.2,43,15,52
9:15:42,2317.8,2317.6,2317.8,40,7,17
9:15:42,2318,2318,2318.2,20,17,51
9:15:43,2318.2,2318,2318.2,15,11,44
9:15:43,2318,2317.8,2318,27,6,32
9:15:44,2318,2317.8,2318,8,3,49
9:15:44,2317.8,2317.6,2317.8,10,22,5
9:15:45,2317.8,2317.6,2317.8,2,23,3
9:15:45,2317.8,2317.6,2317.8,26,17,99
9:15:46,2317.8,2317.6,2317.8,4,17,97
9:15:46,2317.6,2317.4,2317.6,33,16,121
9:15:47,2317.2,2317.2,2317.4,68,51,29
9:15:47,2317.4,2317,2317.6,84,103,63
9:15:48,2317.2,2317,2317.2,18,94,1
9:15:48,2317.2,2317.2,2317.6,22,9,18
9:15:49,2317.2,2317.2,2317.4,28,51,1
9:15:49,2317.4,2317.4,2317.6,8,49,13
9:15:50,2317.8,2317.6,2317.8,18,26,106
9:15:50,2317.6,2317.6,2317.8,14,26,98
9:15:51,2317.6,2317.6,2317.8,7,31,96
9:15:51,2317.8,2317.6,2317.8,13,35,85
9:15:52,2317.4,2317.4,2317.8,59,43,65
9:15:52,2317.8,2317.6,2317.8,17,2,57
9:15:53,2317.4,2317.4,2317.6,11,38,10
9:15:53,2317.4,2317.4,2317.6,4,36,12
9:15:54,2317.6,2317.4,2317.6,22,26,8
9:15:54,2317.6,2317.4,2317.6,15,28,1
9:15:55,2317.4,2317.6,2317.8,9,1,56
9:15:55,2317.6,2317.2,2317.4,34,58,3
9:15:56,2317.6,2317.6,2317.8,91,9,2
9:15:56,2318,2317.8,2318,30,2,66
9:15:57,2317.6,2317.4,2317.6,13,18,5
9:15:57,2317.6,2317.6,2317.8,15,33,2
9:15:58,2317.8,2317.6,2318,13,22,67
9:15:58,2317.8,2317.8,2318,9,84,70
9:15:59,2318,2317.8,2318,29,83,51
9:15:59,2318,2317.8,2318,28,84,31
9:16:00,2318,2317.8,2318,20,80,17
9:16:00,2318,2318,2318.2,73,1,24
9:16:01,2318,2318,2318.2,17,4,21
9:16:01,2318.2,2317.8,2318.2,8,53,25
9:16:02,2318,2317.8,2318,35,28,19
9:16:02,2317.8,2317.8,2318,16,28,8
9:16:03,2317.8,2317.6,2317.8,42,11,2
9:16:03,2318,2317.8,2318,9,2,24
9:16:04,2317.8,2317.6,2317.8,7,9,2
9:16:04,2317.6,2317.6,2317.8,21,2,1
9:16:05,2317.4,2317.4,2317.6,13,26,9
9:16:05,2317.8,2317.4,2317.8,11,27,4
9:16:06,2317.6,2317.4,2317.6,12,24,1
9:16:06,2317.6,2317.4,2317.6,6,21,101
9:16:07,2317.4,2317.2,2317.4,34,102,9
9:16:07,2317.2,2317.2,2317.4,97,18,19
9:16:08,2317.2,2317.2,2317.4,25,3,9
9:16:08,2317.2,2317,2317.2,12,100,8
9:16:09,2317.4,2317.4,2317.6,13,3,93
9:16:09,2317.2,2317.2,2317.4,14,6,4
9:16:10,2317.2,2317.2,2317.4,12,11,2
9:16:10,2317.2,2317.2,2317.4,6,7,1
9:16:11,2317.6,2317.2,2317.6,10,17,88
9:16:11,2317.6,2317.4,2317.6,83,1,6
9:16:12,2317.2,2317.2,2318,60,1,16
9:16:12,2317.8,2317.4,2317.8,8,7,2
9:16:13,2317.6,2317.6,2317.8,65,4,20
9:16:13,2317.8,2317.6,2317.8,4,3,22
9:16:14,2317.6,2317.4,2317.8,4,4,23
9:16:14,2317.8,2317.6,2317.8,1,5,24
9:16:15,2317.8,2317.6,2317.8,2,7,23
9:16:15,2317.6,2317.4,2317.6,13,11,8
9:16:16,2317.4,2317.4,2317.6,9,4,10
9:16:16,2317.2,2317.2,2317.6,7,14,25
9:16:17,2317.6,2317.2,2317.6,8,14,24
9:16:17,2317.2,2317.2,2317.4,4,13,7
9:16:18,2317.2,2317.2,2317.4,4,13,6
9:16:18,2317.6,2317.4,2317.6,8,2,30
9:16:19,2317.6,2317.4,2317.6,6,1,24
9:16:19,2317.6,2317.2,2317.4,9,13,25
9:16:20,2317.2,2317.2,2317.4,10,10,22
9:16:20,2317.4,2317.2,2317.4,7,20,17
9:16:21,2317.2,2317.2,2317.4,6,19,33
9:16:21,2317.2,2317,2317.4,22,116,31
9:16:22,2317.2,2317,2317.2,5,116,20
9:16:22,2317.2,2317,2317.2,5,126,30
9:16:23,2317,2317,2317.2,4,125,30
9:16:23,2317.2,2317,2317.2,18,116,21
9:16:24,2317,2317,2317.2,15,107,11
9:16:24,2317,2317,2317.2,5,104,24
9:16:25,2317,2317,2317.2,18,95,16
9:16:25,2317,2317,2317.4,34,88,32
9:16:26,2317,2317,2317.2,4,89,1
9:16:26,2317,2317.2,2317.4,11,1,29
9:16:27,2317.2,2317.2,2317.4,18,6,16
9:16:27,2317.2,2317.2,2317.4,20,26,4
9:16:28,2317.4,2317.4,2317.6,31,20,41
9:16:28,2317.6,2317.4,2317.6,1,21,39
9:16:29,2317.6,2317.4,2317.6,11,15,37
9:16:29,2317.4,2317.4,2317.6,9,10,34
9:16:30,2317.4,2317.4,2317.6,7,10,28
9:16:30,2317.4,2317.4,2317.6,10,3,19
9:16:31,2317.6,2317.4,2317.6,3,8,13
9:16:31,2317.4,2317.6,2317.8,29,1,33
9:16:32,2317.4,2317.4,2317.8,2,7,33
9:16:32,2317.4,2317.4,2317.6,2,8,8
9:16:33,2317.6,2317.6,2317.8,10,13,33
9:16:33,2317.8,2317.6,2317.8,1,14,55
9:16:34,2317.8,2317.6,2317.8,10,15,45
9:16:34,2317.6,2317.6,2317.8,18,14,41
9:16:35,2317.8,2317.6,2317.8,14,18,27
9:16:35,2317.6,2317.6,2317.8,8,11,27
9:16:36,2317.8,2317.6,2317.8,3,10,25
9:16:36,2317.6,2317.6,2317.8,9,16,21
9:16:37,2317.6,2317.6,2317.8,4,22,19
9:16:37,2317.6,2317.6,2317.8,2,26,29
9:16:38,2317.8,2317.8,2318,30,7,127
9:16:38,2318,2317.8,2318,17,1,122
9:16:39,2318,2317.8,2318,25,3,91
9:16:39,2317.8,2317.8,2318,24,2,73
9:16:40,2318,2317.8,2318,15,3,60
9:16:40,2317.8,2317.6,2317.8,32,28,74
9:16:41,2317.8,2317.6,2317.8,45,8,51
9:16:41,2317.8,2317.6,2317.8,56,12,7
9:16:42,2317.8,2317.8,2318,18,18,57
9:16:42,2317.8,2317.8,2318,30,1,48
9:16:43,2317.8,2317.6,2317.8,4,10,1
9:16:43,2318,2317.8,2318,9,1,55
9:16:44,2317.8,2317.8,2318,1,2,81
9:16:44,2318,2317.6,2318,55,11,33
9:16:45,2317.8,2317.8,2318,2,9,33
9:16:45,2318,2317.8,2318.2,33,17,60
9:16:46,2318.2,2318,2318.2,5,7,56
9:16:46,2318.2,2318,2318.2,3,17,55
9:16:47,2318.2,2317.8,2318.2,29,19,50
9:16:47,2317.8,2317.8,2318,18,5,3
9:16:48,2318.2,2317.8,2318.2,8,5,49
9:16:48,2318,2318,2318.2,6,1,49
9:16:49,2317.8,2317.6,2317.8,15,69,18
9:16:49,2317.8,2317.6,2317.8,6,70,12
9:16:50,2318.2,2317.6,2318.2,62,69,30
9:16:50,2318.2,2317.8,2318.2,6,19,24
9:16:51,2318.2,2317.8,2318,5,30,1
9:16:51,2317.8,2318,2318.2,13,9,18
9:16:52,2318,2318,2318.2,17,7,3
9:16:52,2318,2318,2318.2,2,7,3
9:16:53,2318.2,2318,2318.2,1,7,2
9:16:53,2318.2,2318.2,2318.4,6,1,34
9:16:54,2318.2,2318.2,2318.4,1,5,34
9:16:54,2318.4,2318.2,2318.4,9,1,30
9:16:55,2318.4,2318.2,2318.4,3,1,29
9:16:55,2318.4,2318,2318.4,6,23,24
9:16:56,2318.4,2318,2318.2,3,24,2
9:16:56,2318.4,2318,2318.4,4,24,22
9:16:57,2318.4,2318,2318.4,11,21,19
9:16:57,2318.4,2318,2318.4,7,27,14
9:16:58,2318.2,2318,2318.6,26,28,68
9:16:58,2318.2,2318,2318.4,3,27,29
9:16:59,2318.4,2318.2,2318.4,4,2,25
9:16:59,2318.2,2318.2,2318.4,2,2,26
9:17:00,2318.2,2318.2,2318.4,10,1,24
9:17:00,2318,2318,2318.2,4,33,7
9:17:01,2318,2318,2318.2,14,27,1
9:17:01,2318.2,2318,2318.2,8,31,7
9:17:02,2318.2,2318,2318.2,4,30,10
9:17:02,2318.2,2318,2318.2,4,31,9
9:17:03,2318.2,2318,2318.2,1,31,9
9:17:03,2318.2,2318,2318.2,2,35,7
9:17:04,2318,2318,2318.2,1,34,7
9:17:05,2318.2,2318,2318.2,1,36,8
9:17:05,2318,2318,2318.2,11,27,9
9:17:06,2318.2,2318,2318.2,1,27,9
9:17:06,2318.2,2318,2318.4,11,38,53
9:17:07,2318.2,2318.2,2318.4,6,5,53
9:17:08,2318.2,2318.2,2318.4,3,6,58
9:17:08,2318.4,2318.2,2318.4,12,2,51
9:17:09,2318.2,2318,2318.2,8,44,1
9:17:09,2318.4,2318,2318.4,6,44,53
9:17:10,2318.2,2318,2318.2,24,25,1
9:17:11,2318.2,2318.2,2318.4,2,4,53
9:17:11,2318.2,2318,2318.2,7,28,59
9:17:12,2318.2,2318,2318.2,24,11,55
9:17:12,2318,2318,2318.2,71,8,20
9:17:13,2318,2317.8,2318,10,112,20
9:17:13,2317.8,2317.8,2318,7,106,20
9:17:14,2317.8,2317.8,2318.2,28,102,24
9:17:14,2317.8,2318,2318.2,2,12,23
9:17:15,2318.2,2318,2318.2,1,13,22
9:17:15,2318,2318,2318.2,1,27,26
9:17:16,2318.2,2318.2,2318.4,27,5,55
9:17:16,2318.2,2318.2,2318.4,2,3,60
9:17:17,2318.2,2318.2,2318.4,12,14,50
9:17:17,2318.4,2318.2,2318.4,2,25,48
9:17:18,2318.4,2318.2,2318.4,30,24,19
9:17:18,2318.4,2318.4,2318.6,21,15,84
9:17:19,2318.6,2318.4,2318.6,4,23,81
9:17:19,2318.4,2318.4,2318.6,15,17,77
9:17:20,2318.4,2318.4,2318.6,10,15,69
9:17:20,2318.6,2318.4,2318.6,2,15,67
9:17:21,2318.6,2318.4,2318.6,7,14,63
9:17:21,2318.4,2318.4,2318.6,6,10,63
9:17:22,2318.6,2318.4,2318.6,9,8,55
9:17:23,2318.2,2318.2,2318.6,20,78,54
9:17:23,2318.6,2318.4,2318.6,15,1,49
9:17:24,2318.2,2318.2,2318.6,30,55,57
9:17:24,2318.6,2318.2,2318.6,2,55,56
9:17:25,2318.6,2318.2,2318.6,2,55,55
9:17:25,2318.4,2318.4,2318.6,1,2,55
9:17:26,2318.6,2318.4,2318.6,3,1,54
9:17:26,2318.4,2318.2,2318.4,10,63,5
9:17:27,2318.4,2318.2,2318.4,3,63,2
9:17:27,2318.4,2318.2,2318.4,4,63,6
9:17:28,2318.6,2318.4,2318.6,8,2,59
9:17:28,2318.6,2318.4,2318.6,5,1,55
9:17:29,2318.6,2318.4,2318.6,9,13,55
9:17:29,2318.4,2318.4,2318.6,1,12,56
9:17:30,2318.6,2318.4,2318.6,5,40,52
9:17:30,2318.4,2318.4,2318.6,9,35,51
9:17:31,2318.4,2318.4,2318.6,18,34,34
9:17:31,2318.6,2318.4,2318.6,7,36,28
9:17:32,2318.6,2318.4,2318.6,15,36,15
9:17:32,2318.6,2318.4,2318.6,3,38,14
9:17:33,2318.6,2318.4,2318.6,3,41,11
9:17:33,2318.6,2318.4,2318.6,11,43,1
9:17:34,2318.6,2318.6,2318.8,3,2,71
9:17:34,2318.6,2318.2,2318.4,56,76,5
9:17:35,2318.6,2318.6,2318.8,9,13,69
9:17:35,2318.6,2318.4,2318.6,15,1,19
9:17:36,2318.6,2318.4,2318.6,6,14,13
9:17:36,2318.6,2318.4,2318.6,3,14,11
9:17:37,2318.6,2318.4,2318.6,10,14,5
9:17:37,2318.6,2318.4,2318.6,3,20,9
9:17:38,2318.4,2318.4,2318.6,14,12,8
9:17:39,2318.6,2318.4,2318.6,6,10,6
9:17:39,2318.6,2318.4,2318.6,2,17,5
9:17:40,2318.6,2318.4,2318.6,3,18,3
9:17:40,2318.6,2318.4,2318.6,1,22,2
9:17:41,2318.6,2318.4,2318.6,5,22,1
9:17:41,2318.6,2318.4,2318.6,3,31,2
9:17:42,2318.6,2318.6,2318.8,6,3,74
9:17:42,2318.8,2318.6,2318.8,1,48,88
9:17:43,2318.6,2318.6,2318.8,10,39,88
9:17:43,2318.8,2318.6,2318.8,28,40,64
9:17:44,2318.6,2318.6,2318.8,18,38,48
9:17:44,2318.6,2318.6,2318.8,26,30,44
9:17:45,2318.6,2318.6,2318.8,32,2,40
9:17:45,2318.6,2318.6,2318.8,11,7,31
9:17:46,2318.6,2318.6,2318.8,12,5,31
9:17:46,2318.8,2318.6,2318.8,2,40,29
9:17:47,2318.8,2318.6,2318.8,6,44,28
9:17:47,2318.8,2318.6,2318.8,2,52,29
9:17:48,2318.8,2318.6,2318.8,2,64,37
9:17:48,2318.6,2318.6,2318.8,5,64,33
9:17:49,2318.8,2318.8,2319,35,63,104
9:17:49,2318.8,2318.8,2319,7,98,103
9:17:50,2319,2318.8,2319,29,75,76
9:17:50,2319,2318.8,2319.2,85,68,12
9:17:51,2319,2319,2319.2,3,20,11
9:17:51,2319,2319,2319.4,28,74,15
9:17:52,2319.4,2319.2,2319.4,22,1,7
9:17:52,2319.4,2319.2,2319.4,35,3,37
9:17:53,2319.2,2319,2319.2,29,44,4
9:17:53,2319,2319,2319.2,19,29,15
9:17:54,2319,2319,2319.2,28,17,14
9:17:54,2319.2,2319,2319.2,21,6,19
9:17:55,2319,2319,2319.2,17,5,6
9:17:55,2319.2,2319,2319.2,3,5,6
9:17:56,2319.2,2318.8,2319.2,13,58,3
9:17:56,2319.2,2319,2319.2,2,4,4
9:17:57,2318.8,2318.8,2319,10,55,18
9:17:57,2319,2318.8,2319,19,41,25
9:17:58,2319,2318.8,2319,9,37,20
9:17:58,2319,2318.8,2319,3,37,20
9:17:59,2318.8,2318.8,2319,17,35,9
9:17:59,2318.8,2318.8,2319,8,44,7
9:18:00,2319,2318.8,2319,14,44,14
9:18:00,2318.8,2318.8,2319,13,36,17
9:18:01,2318.8,2318.8,2319,36,18,10
9:18:01,2318.8,2318.8,2319,20,3,6
9:18:02,2318.6,2318.6,2318.8,25,47,36
9:18:02,2318.6,2318.6,2318.8,11,38,36
9:18:03,2318.6,2318.6,2318.8,3,35,37
9:18:03,2318.6,2318.6,2318.8,15,28,49
9:18:04,2318.6,2318.6,2318.8,7,22,51
9:18:04,2318.8,2318.6,2318.8,9,18,48
9:18:05,2318.6,2318.6,2318.8,12,7,48
9:18:05,2318.6,2318.4,2318.6,9,16,52
9:18:06,2318.6,2318.4,2318.6,10,6,61
9:18:06,2318.4,2318.2,2318.4,11,66,2
9:18:07,2318.4,2318.4,2318.6,16,43,60
9:18:07,2318.4,2318.4,2318.6,1,45,60
9:18:08,2318.4,2318.4,2318.6,9,40,58
9:18:08,2318.6,2318.4,2318.6,7,43,58
9:18:09,2318.4,2318.4,2318.6,2,43,58
9:18:09,2318.6,2318.4,2318.6,4,40,57
9:18:10,2318.6,2318.4,2318.6,5,40,53
9:18:10,2318.4,2318.4,2318.6,2,38,53
9:18:11,2318.4,2318.4,2318.6,5,33,53
9:18:11,2318.4,2318.4,2318.6,2,31,54
9:18:12,2318.6,2318.4,2318.6,7,27,51
9:18:12,2318.6,2318.4,2318.6,7,28,45
9:18:13,2318.6,2318.4,2318.6,31,27,15
9:18:13,2318.6,2318.4,2318.6,5,24,13
9:18:14,2318.6,2318.4,2318.6,6,32,7
9:18:14,2318.6,2318.6,2318.8,8,5,56
9:18:16,2318.6,2318.6,2318.8,1,12,57
9:18:16,2318.8,2318.6,2318.8,2,12,55
9:18:17,2318.8,2318.6,2318.8,1,13,55
9:18:17,2318.6,2318.6,2318.8,12,1,55
9:18:18,2318.8,2318.4,2318.8,3,21,53
9:18:18,2318.8,2318.6,2318.8,1,1,52
9:18:19,2318.8,2318.6,2318.8,4,5,48
9:18:19,2318.6,2318.6,2318.8,6,1,45
9:18:20,2318.8,2318.6,2318.8,11,3,36
9:18:20,2318.6,2318.6,2318.8,2,3,35
9:18:21,2318.6,2318.6,2318.8,2,22,36
9:18:21,2318.6,2318.6,2318.8,6,19,35
9:18:22,2318.6,2318.6,2318.8,12,17,32
9:18:22,2318.6,2318.6,2318.8,2,15,32
9:18:23,2318.8,2318.6,2318.8,6,10,31
9:18:23,2318.6,2318.6,2318.8,4,6,33
9:18:24,2318.6,2318.6,2318.8,4,6,30
9:18:25,2318.6,2318.6,2318.8,1,13,32
9:18:26,2318.6,2318.6,2318.8,11,12,22
9:18:26,2318.6,2318.6,2318.8,6,6,45
9:18:27,2318.6,2318.6,2318.8,1,5,45
9:18:27,2318.6,2318.6,2318.8,8,5,44
9:18:28,2318.8,2318.4,2318.6,19,30,4
9:18:28,2318.8,2318.4,2318.6,2,37,8
9:18:29,2318.4,2318.4,2318.6,5,36,6
9:18:29,2318.4,2318.4,2318.6,11,25,8
9:18:30,2318.6,2318.6,2318.8,14,5,33
9:18:30,2318.6,2318.4,2318.6,6,24,19
9:18:31,2318.6,2318.4,2318.6,4,24,16
9:18:32,2318.6,2318.4,2318.6,3,27,23
9:18:32,2318.6,2318.4,2318.6,12,17,21
9:18:33,2318.4,2318.4,2318.6,3,14,21
9:18:33,2318.4,2318.4,2318.6,3,13,21
9:18:34,2318.4,2318.2,2318.4,14,74,46
9:18:35,2318.2,2318.2,2318.4,1,73,50
9:18:35,2318.2,2318.2,2318.4,4,71,49
9:18:36,2318.2,2318.2,2318.4,6,67,47
9:18:36,2318.2,2318.2,2318.4,1,66,47
9:18:37,2318.2,2318.2,2318.4,1,64,47
9:18:37,2318.2,2318.2,2318.4,2,63,47
9:18:38,2318.4,2318.2,2318.4,11,60,39
9:18:38,2318.2,2318.2,2318.4,10,53,36
9:18:39,2318.2,2318.2,2318.4,1,53,36
9:18:39,2318.4,2318.2,2318.4,1,53,35
9:18:40,2318.2,2318.2,2318.4,3,51,35
9:18:40,2318.2,2318.2,2318.4,2,50,35
9:18:41,2318.2,2318.2,2318.4,1,51,35
9:18:41,2318.2,2318.2,2318.4,5,46,35
9:18:42,2318.2,2318.2,2318.4,1,46,41
9:18:43,2318.4,2318.2,2318.4,7,46,44
9:18:43,2318.2,2318.2,2318.4,4,42,57
9:18:44,2318.2,2318.2,2318.4,1,41,57
9:18:44,2318.4,2318.2,2318.4,20,86,52
9:18:45,2318.2,2318.2,2318.4,26,60,52
9:18:45,2318.4,2318.2,2318.4,18,44,52
9:18:46,2318.2,2318.2,2318.4,1,48,52
9:18:46,2318.4,2318.2,2318.4,4,45,51
9:18:47,2318.2,2318.2,2318.4,2,46,53
9:18:47,2318.4,2318.2,2318.4,1,46,53
9:18:48,2318.4,2318.2,2318.4,3,45,51
9:18:48,2318.2,2318.2,2318.4,5,41,51
9:18:49,2318.4,2318.2,2318.4,1,41,50
9:18:49,2318.2,2318.2,2318.4,3,40,50
9:18:50,2318.2,2318.2,2318.4,11,38,49
9:18:51,2318.2,2318.2,2318.4,2,37,48
9:18:51,2318.2,2318.2,2318.4,1,36,48
9:18:52,2318.2,2318.2,2318.4,1,35,48
9:18:52,2318.2,2318.2,2318.4,12,32,40
9:18:53,2318.2,2318.2,2318.4,1,31,44
9:18:53,2318.2,2318,2318.2,31,119,1
9:18:54,2318.2,2318,2318.2,1,119,25
9:18:55,2318.2,2318,2318.2,1,120,25
9:18:55,2318.2,2318,2318.2,6,117,28
9:18:56,2318,2318,2318.2,1,118,39
9:18:56,2318,2318,2318.2,34,86,37
9:18:57,2318.2,2318,2318.2,6,82,39
9:18:57,2318,2318,2318.2,21,66,40
9:18:58,2318,2318,2318.2,61,5,40
9:18:58,2317.8,2317.8,2318,29,9,14
9:18:59,2317.8,2317.8,2318,11,1,15
9:18:59,2317.8,2317.6,2317.8,4,50,4
9:19:00,2317.8,2317.6,2317.8,1,52,7
9:19:00,2317.8,2317.6,2317.8,11,46,9
9:19:01,2317.8,2317.6,2318,23,33,81
9:19:01,2317.6,2317.6,2318,20,26,68
9:19:02,2317.6,2317.4,2317.6,28,36,7
9:19:02,2317.4,2317.4,2318,15,34,67
9:19:03,2317.6,2317.4,2317.6,27,13,1
9:19:03,2317.4,2317.2,2317.4,13,121,1
9:19:04,2317.4,2317.2,2317.4,7,121,6
9:19:04,2317.4,2317.2,2317.4,3,119,6
9:19:05,2317.2,2317.2,2317.4,9,114,5
9:19:05,2317.4,2317.4,2317.6,12,2,18
9:19:06,2317.4,2317.2,2317.6,3,113,18
9:19:06,2317.6,2317.4,2317.6,8,12,18
9:19:07,2317.4,2317.4,2317.6,8,5,19
9:19:07,2317.4,2317.2,2317.4,22,118,18
9:19:08,2317.2,2317.2,2317.4,12,111,17
9:19:08,2317.2,2317.2,2317.4,103,14,153
9:19:09,2317.4,2317,2317.2,34,109,7
9:19:09,2317,2316.8,2317,134,54,11
9:19:10,2316.8,2316.8,2317,27,36,15
9:19:10,2316.8,2316.8,2317,31,22,13
9:19:11,2316.8,2316.8,2317,15,27,3
9:19:11,2317,2317,2317.2,18,15,11
9:19:12,2316.8,2316.8,2317,22,11,12
9:19:12,2316.8,2316.8,2317,12,3,19
9:19:13,2316.8,2316.6,2316.8,11,21,10
9:19:13,2316.6,2316.6,2316.8,24,15,1
9:19:14,2316.6,2316.4,2316.8,18,12,6
9:19:14,2316.6,2316.4,2316.6,19,8,25
9:19:15,2316.4,2316.2,2316.4,51,151,11
9:19:15,2316.2,2316.2,2316.4,5,163,116
9:19:16,2316.2,2316.2,2316.4,30,149,99
9:19:16,2316.2,2316.2,2316.4,46,124,86
9:19:17,2316.2,2316.2,2316.4,21,107,83
9:19:17,2316.2,2316.2,2316.4,56,97,48
9:19:18,2316.4,2316.2,2316.4,41,72,37
9:19:18,2316.2,2316.2,2316.6,94,33,2
9:19:19,2316.6,2316.4,2316.8,34,22,11
9:19:19,2316.6,2316.6,2316.8,19,17,20
9:19:20,2316.6,2316.6,2316.8,14,15,21
9:19:20,2316.8,2316.6,2316.8,13,42,20
9:19:21,2316.8,2316.6,2316.8,8,36,22
9:19:21,2316.6,2316.6,2316.8,7,35,29
9:19:22,2316.8,2316.6,2316.8,28,28,12
9:19:22,2316.6,2316.8,2317,15,4,15
9:19:23,2317,2316.8,2317,12,2,14
9:19:23,2316.8,2316.8,2317,4,7,12
9:19:24,2317,2316.8,2317,7,10,9
9:19:24,2316.8,2316.8,2317,10,16,7
9:19:25,2317,2317,2317.2,15,12,17
9:19:25,2317,2317,2317.2,17,6,9
9:19:26,2316.8,2316.8,2317,16,3,2
9:19:26,2317,2317,2317.2,12,22,2
9:19:27,2317,2317,2317.2,7,18,9
9:19:27,2317,2317,2317.4,20,9,120
9:19:28,2317.4,2317,2317.2,4,7,32
9:19:28,2317,2316.8,2317,10,31,2
9:19:29,2317,2316.8,2317,5,31,1
9:19:29,2317.2,2316.8,2317.2,37,42,3
9:19:30,2317.2,2316.8,2317,13,35,1
9:19:30,2317.2,2317,2317.2,7,7,1
9:19:31,2317.2,2317,2317.2,1,8,1
9:19:31,2317.2,2317.2,2317.4,6,2,120
9:19:32,2317.2,2317,2317.2,4,28,2
9:19:32,2317.2,2317,2317.2,4,28,2
9:19:33,2317.2,2317,2317.4,6,31,122
9:19:33,2317,2317,2317.4,2,34,121
9:19:34,2317.4,2317.2,2317.4,6,3,117
9:19:34,2317.2,2317.2,2317.4,3,1,117
9:19:35,2317.2,2317,2317.2,2,37,2
9:19:35,2317,2317,2317.2,6,35,1
9:19:36,2317.2,2317,2317.2,4,34,1
9:19:36,2317,2317,2317.4,4,32,117
9:19:37,2317,2317.2,2317.4,2,1,117
9:19:37,2317.2,2317,2317.4,1,34,118
9:19:38,2317.2,2317,2317.4,1,34,118
9:19:38,2317,2317,2317.2,8,28,2
9:19:39,2317,2317,2317.2,1,27,2
9:19:39,2317.2,2317,2317.2,1,27,4
9:19:40,2317,2317,2317.2,2,26,3
9:19:40,2317.2,2317,2317.2,2,28,1
9:19:41,2317.2,2317,2317.2,9,23,1
9:19:41,2317.2,2317,2317.2,2,23,3
9:19:42,2317,2317,2317.2,2,25,3
9:19:42,2317.2,2317.2,2317.4,4,2,118
9:19:43,2317.2,2317.2,2317.4,1,5,118
9:19:43,2317.2,2317,2317.2,5,33,1
9:19:44,2317,2317,2317.4,4,32,117
9:19:44,2317,2317,2317.2,3,31,63
9:19:45,2317.2,2317,2317.2,1,37,62
9:19:45,2317,2316.8,2317,38,29,2
9:19:46,2316.8,2316.8,2317,6,27,21
9:19:46,2317,2316.8,2317,13,15,30
9:19:47,2316.8,2316.8,2317,3,13,33
9:19:47,2316.8,2316.8,2317,11,3,32
9:19:48,2316.8,2316.8,2317,3,1,33
9:19:48,2317,2316.8,2317,1,1,43
9:19:49,2316.8,2316.6,2316.8,6,15,1
9:19:49,2316.6,2316.6,2316.8,13,9,6
9:19:50,2316.8,2316.6,2316.8,12,1,15
9:19:50,2316.8,2316.6,2316.8,14,1,2
9:19:51,2316.6,2316.6,2316.8,5,23,42
9:19:51,2316.6,2316.6,2316.8,6,19,40
9:19:52,2316.8,2316.6,2316.8,12,18,32
9:19:52,2316.6,2316.6,2316.8,8,14,29
9:19:53,2316.6,2316.6,2316.8,29,22,2
9:19:53,2316.6,2316.6,2316.8,7,22,4
9:19:54,2316.8,2316.8,2317,16,5,34
9:19:54,2317,2316.8,2317,25,7,33
9:19:55,2317,2316.8,2317,13,4,25
9:19:55,2316.6,2316.6,2316.8,13,5,1
9:19:56,2316.4,2316.4,2316.8,24,27,18
9:19:56,2316.6,2316.4,2316.6,6,23,6
9:19:57,2316.6,2316.4,2316.6,4,24,7
9:19:57,2316.4,2316.2,2316.4,25,70,15
9:19:58,2316.4,2316.2,2316.4,6,70,9
9:19:58,2316.4,2316.2,2316.4,12,61,6
9:19:59,2316.4,2316.4,2316.8,28,9,21
9:19:59,2316.8,2316.8,2317,41,17,39
9:20:00,2316.8,2316.8,2317,12,7,38
9:20:00,2316.8,2316.2,2316.8,24,52,9
9:20:01,2316.8,2316.8,2317,29,3,28
9:20:01,2316.8,2316.6,2316.8,39,1,9
9:20:02,2317,2316.6,2317,19,2,7
9:20:02,2316.8,2316.4,2316.8,24,9,1
9:20:03,2316.8,2316.8,2317,7,1,1
9:20:03,2316.8,2316.4,2317.2,19,17,63
9:20:04,2316.6,2316.6,2317,11,5,22
9:20:04,2316.6,2316.6,2317,5,13,22
9:20:05,2317,2316.6,2317,6,13,16
9:20:05,2316.6,2316.6,2317,3,12,17
9:20:06,2316.8,2316.8,2317,5,1,19
9:20:06,2317,2316.8,2317,6,1,17
9:20:07,2317,2316.8,2317,12,2,7
9:20:07,2316.8,2316.8,2317,5,2,12
9:20:08,2317,2316.8,2317,10,3,5
9:20:08,2317,2316.6,2316.8,8,12,24
9:20:09,2316.8,2316.6,2316.8,13,14,11
9:20:09,2316.8,2316.6,2316.8,6,13,7
9:20:10,2317,2316.8,2317,16,14,8
9:20:10,2316.8,2316.8,2317,6,8,22
9:20:11,2316.8,2316.8,2317,4,13,20
9:20:11,2316.8,2316.8,2317,12,9,21
9:20:12,2316.8,2316.8,2317,15,5,15
9:20:12,2316.6,2316.6,2316.8,8,15,1
9:20:13,2317,2316.8,2317,3,12,14
9:20:13,2316.8,2316.8,2317,5,8,14
9:20:14,2317,2316.8,2317,4,11,33
9:20:14,2316.8,2316.8,2317,4,11,32
9:20:15,2317,2316.8,2317,14,8,28
9:20:15,2316.8,2316.8,2317,4,8,29
9:20:16,2316.8,2316.6,2317,12,21,27
9:20:16,2316.6,2316.6,2316.8,3,19,1
9:20:17,2316.6,2316.6,2317,10,17,23
9:20:17,2316.8,2316.6,2316.8,9,47,3
9:20:18,2316.6,2316.6,2316.8,6,46,1
9:20:18,2316.8,2316.6,2316.8,23,28,2
9:20:19,2316.8,2316.6,2316.8,4,27,11
9:20:19,2316.6,2316.6,2316.8,11,16,14
9:20:20,2316.6,2316.6,2316.8,15,6,13
9:20:20,2316.6,2316.6,2316.8,8,3,25
9:20:21,2316.6,2316.4,2316.6,6,36,5
9:20:21,2316.6,2316.4,2316.6,10,34,4
9:20:22,2316.6,2316.4,2316.8,5,33,23
9:20:22,2316.4,2316.4,2316.8,15,31,26
9:20:23,2316.8,2316.6,2316.8,4,27,22
9:20:23,2316.6,2316.6,2316.8,25,2,15
9:20:24,2316.6,2316.6,2316.8,5,11,9
9:20:24,2316.6,2316.4,2316.8,11,35,9
9:20:25,2316.8,2316.6,2316.8,4,24,7
9:20:25,2316.8,2316.6,2316.8,4,22,5
9:20:26,2316.6,2316.6,2316.8,3,21,5
9:20:26,2316.8,2316.6,2316.8,6,20,1
9:20:27,2317,2316.6,2317,8,14,33
9:20:27,2316.6,2316.6,2317,6,8,53
9:20:28,2317,2316.6,2317,3,8,51
9:20:28,2316.6,2316.8,2317,5,1,50
9:20:29,2316.8,2316.6,2317,4,11,47
9:20:29,2316.6,2316.6,2316.8,2,11,1
9:20:30,2317,2316.6,2317,3,11,45
9:20:30,2317,2316.6,2317,6,8,43
9:20:31,2316.6,2316.4,2316.6,12,43,2
9:20:31,2316.6,2316.4,2316.6,4,41,3
9:20:32,2317,2316.6,2317,6,27,40
9:20:32,2316.6,2316.6,2317,4,40,39
9:20:33,2317,2316.6,2317,8,40,33
9:20:33,2316.6,2316.8,2317,2,16,33
9:20:34,2317,2316.8,2317,5,15,29
9:20:34,2316.8,2317,2317.2,40,27,66
9:20:35,2317,2317,2317.2,4,35,64
9:20:35,2317.2,2317,2317.2,10,31,57
9:20:36,2317,2317,2317.2,11,24,53
9:20:36,2317.2,2317,2317.2,2,18,52
9:20:37,2317,2317,2317.2,4,16,51
9:20:37,2317,2317,2317.2,3,15,49
9:20:38,2317.2,2317,2317.2,3,15,47
9:20:38,2317.2,2317,2317.2,8,15,49
9:20:39,2317.2,2317,2317.2,23,15,28
9:20:39,2317.2,2317,2317.2,19,14,10
9:20:40,2317,2317,2317.2,9,17,8
9:20:40,2317.2,2317,2317.2,4,24,5
9:20:41,2317.2,2317,2317.2,11,18,1
9:20:41,2317.2,2317.2,2317.4,1,6,145
9:20:42,2317.4,2317,2317.4,9,19,144
9:20:42,2317.4,2317.2,2317.4,2,8,142
9:20:43,2317.4,2317.2,2317.4,5,8,137
9:20:43,2317.4,2317.2,2317.4,6,8,130
9:20:44,2317.4,2317.2,2317.4,15,2,122
9:20:44,2317.4,2317.2,2317.4,4,3,118
9:20:45,2317.4,2317.2,2317.4,7,9,111
9:20:45,2317.4,2317.2,2317.4,8,8,107
9:20:46,2317.4,2317.2,2317.4,4,6,106
9:20:46,2317.4,2317.2,2317.4,5,6,102
9:20:47,2317.4,2317.2,2317.4,2,6,100
9:20:47,2317.4,2317.2,2317.4,5,6,95
9:20:48,2317.4,2317.2,2317.4,6,6,89
9:20:48,2317.2,2317.2,2317.4,4,3,89
9:20:49,2317.4,2317.2,2317.4,1,3,88
9:20:49,2317.2,2317.2,2317.4,1,4,88
9:20:50,2317.2,2317,2317.2,8,47,2
9:20:50,2317.2,2317,2317.2,1,48,2
9:20:51,2317.2,2317,2317.4,3,47,87
9:20:51,2317.2,2317.2,2317.4,2,5,87
9:20:52,2317.4,2317.2,2317.4,3,11,73
9:20:53,2317.4,2317.2,2317.4,1,11,72
9:20:53,2317.2,2317.2,2317.4,3,9,71
9:20:54,2317.4,2317.2,2317.4,1,15,70
9:20:54,2317.4,2317.2,2317.4,22,11,52
9:20:55,2317.4,2317.2,2317.4,9,11,43
9:20:55,2317.4,2317.2,2317.4,17,21,26
9:20:56,2317.4,2317.2,2317.4,7,20,20
9:20:56,2317.4,2317.2,2317.4,5,19,17
9:20:57,2317.4,2317.2,2317.4,3,22,14
9:20:57,2317.4,2317.2,2317.4,1,22,13
9:20:58,2317.4,2317.4,2317.6,15,2,14
9:20:58,2317.6,2317.4,2317.6,2,4,12
9:20:59,2317.6,2317.4,2317.6,8,6,4
9:20:59,2317.6,2317.6,2317.8,4,2,23
9:21:00,2317.8,2317.4,2317.6,17,3,2
9:21:00,2317.4,2317.4,2317.8,6,2,25
9:21:01,2317.8,2317.2,2317.6,17,25,12
9:21:01,2317.6,2317.2,2317.6,6,23,9
9:21:02,2317.2,2317.2,2317.4,17,21,1
9:21:02,2317.2,2317.2,2317.4,11,19,1
9:21:03,2317.2,2317.4,2317.6,6,1,5
9:21:03,2317.8,2317.6,2318,16,1,48
9:21:04,2317.6,2317.4,2317.8,1,6,2
9:21:05,2317.8,2317.6,2317.8,2,11,3
9:21:05,2317.8,2317.6,2317.8,5,7,3
9:21:06,2317.6,2317.6,2317.8,17,13,1
9:21:06,2317.6,2317.6,2317.8,7,9,6
9:21:07,2317.8,2317.6,2317.8,1,9,5
9:21:07,2317.8,2317.6,2317.8,4,9,4
9:21:08,2317.8,2317.6,2317.8,4,7,2
9:21:08,2317.8,2317.6,2317.8,6,8,1
9:21:09,2317.8,2317.8,2318,3,2,48
9:21:09,2317.8,2317.8,2318,1,6,48
9:21:10,2317.8,2317.8,2318,3,5,47
9:21:10,2318,2317.8,2318,5,10,43
9:21:11,2318,2317.6,2318,24,11,29
9:21:11,2317.8,2317.6,2317.8,10,11,4
9:21:12,2318,2317.8,2318,12,5,15
9:21:12,2318,2317.8,2318,9,3,10
9:21:13,2318,2317.8,2318,2,3,8
9:21:13,2318,2317.8,2318,1,4,7
9:21:14,2317.6,2317.6,2318.2,14,14,23
9:21:14,2318,2317.6,2317.8,16,14,1
9:21:15,2318,2317.8,2318,1,3,2
9:21:15,2318,2317.8,2318.2,5,6,9
9:21:16,2318,2318,2318.2,1,1,9
9:21:16,2318.2,2318.2,2318.4,12,3,56
9:21:17,2318.4,2317.8,2318,26,2,1
9:21:17,2318,2318,2318.4,12,17,40
9:21:18,2318.2,2318.2,2318.4,15,2,47
9:21:18,2318.4,2318,2318.2,11,17,1
9:21:19,2318.4,2318.2,2318.4,5,3,41
9:21:19,2318.4,2318,2318.4,6,35,37
9:21:20,2318.4,2318.4,2318.6,43,65,26
9:21:20,2318.8,2318.6,2318.8,30,22,26
9:21:21,2318.8,2318.6,2318.8,11,25,17
9:21:21,2318.6,2318.6,2318.8,18,24,3
9:21:22,2318.6,2318.8,2319,7,3,63
9:21:22,2318.8,2318.6,2319,8,20,63
9:21:23,2319,2318.6,2319,13,17,55
9:21:23,2319,2318.6,2319,28,11,32
9:21:24,2319,2318.6,2319,15,9,22
9:21:24,2319,2318.6,2319,28,4,4
9:21:25,2319.2,2319,2319.2,10,1,13
9:21:25,2319,2319,2319.2,18,10,2
9:21:26,2319.2,2319,2319.2,2,11,2
9:21:26,2319,2319.2,2319.4,4,9,33
9:21:27,2319.2,2319.2,2319.4,16,1,39
9:21:27,2319.2,2319.2,2319.4,15,13,36
9:21:28,2319.2,2319,2319.2,33,14,16
9:21:28,2319,2319,2319.2,23,12,8
9:21:29,2319.2,2319.2,2319.4,21,13,6
9:21:29,2319.2,2319,2319.4,17,13,3
9:21:30,2319.4,2319.4,2319.6,11,6,64
9:21:30,2319.4,2319.2,2319.4,11,9,1
9:21:31,2319.2,2319.2,2319.4,17,10,5
9:21:31,2319.4,2319.4,2319.6,7,18,73
9:21:32,2319.4,2319.4,2319.6,10,13,79
9:21:32,2319.6,2319.2,2319.6,67,44,34
9:21:33,2319.4,2319.4,2319.8,43,48,47
9:21:33,2319.6,2319.6,2319.8,8,35,48
9:21:34,2320,2319.8,2320,72,20,38
9:21:34,2320.4,2320.2,2320.4,61,34,3
9:21:35,2320.2,2320.4,2320.6,99,4,32
9:21:35,2320.4,2320,2320.4,23,38,34
9:21:36,2320,2320,2320.2,33,34,53
9:21:36,2320.2,2320,2320.2,59,26,40
9:21:37,2320,2319.8,2320,46,13,45
9:21:37,2319.6,2319.6,2319.8,51,17,4
9:21:38,2319.8,2319.6,2320,30,1,55
9:21:38,2320,2319.6,2320,48,3,45
9:21:39,2319.4,2319.4,2319.8,17,16,6
9:21:39,2319.8,2319.4,2319.6,3,16,1
9:21:40,2319.8,2319.6,2319.8,5,1,4
9:21:40,2319.8,2319.6,2319.8,3,1,3
9:21:41,2319.8,2319.4,2319.6,3,33,1
9:21:41,2319.4,2319.4,2319.6,33,7,1
9:21:42,2319.6,2319.6,2319.8,25,5,24
9:21:42,2319.4,2319.4,2319.6,33,5,31
9:21:43,2319.6,2319.4,2319.8,34,5,23
9:21:43,2319.6,2319.6,2319.8,9,3,41
9:21:44,2319.8,2319.6,2319.8,26,3,28
9:21:44,2319.4,2319.4,2319.6,10,21,20
9:21:45,2319.4,2319.4,2319.6,13,29,12
9:21:45,2319.6,2319.4,2319.6,5,27,16
9:21:46,2319.6,2319.4,2319.6,46,9,2
9:21:46,2319.4,2319.4,2319.6,10,1,2
9:21:47,2319.4,2319.2,2319.6,13,35,5
9:21:47,2319.6,2319.2,2319.6,2,35,4
9:21:48,2319.2,2319.2,2319.4,1,35,1
9:21:48,2319.2,2319.2,2319.4,7,35,1
9:21:49,2319.4,2319.4,2319.6,2,3,24
9:21:49,2319.4,2319.4,2319.6,6,4,23
9:21:50,2319.4,2319.4,2319.6,1,3,45
9:21:50,2319.4,2319.2,2319.6,16,36,34
9:21:51,2319.4,2319.2,2319.4,2,37,2
9:21:51,2319.2,2319.2,2319.4,3,36,5
9:21:52,2319.4,2319.2,2319.4,2,36,4
9:21:52,2319.2,2319.2,2319.4,15,32,5
9:21:53,2319.2,2319.2,2319.4,17,17,5
9:21:53,2319.4,2319.2,2319.4,12,17,9
9:21:54,2319.4,2319.2,2319.6,11,18,44
9:21:54,2319.2,2319.2,2319.6,2,17,44
9:21:55,2319.2,2319.2,2319.4,3,15,26
9:21:55,2319.2,2319.2,2319.4,2,33,25
9:21:56,2319.4,2319.2,2319.4,27,25,24
9:21:56,2319.4,2319.2,2319.4,3,24,23
9:21:57,2319.2,2319.2,2319.4,1,23,25
9:21:57,2319.4,2319.2,2319.4,4,24,24
9:21:58,2319.2,2319.2,2319.4,4,21,24
9:21:58,2319.4,2319.2,2319.4,10,20,24
9:21:59,2319.2,2319.2,2319.4,9,13,27
9:21:59,2319.2,2319.2,2319.4,3,13,26
9:22:00,2319.2,2319,2319.2,18,103,12
9:22:00,2319.2,2319.2,2319.4,31,4,12
9:22:01,2319,2319.2,2319.4,14,2,5
9:22:01,2319.6,2319.2,2319.6,38,12,8
9:22:02,2319.4,2319.4,2319.6,17,18,2
9:22:02,2319.4,2319.4,2319.8,33,7,33
9:22:03,2319.4,2319.4,2319.8,9,1,30
9:22:03,2319.6,2319.4,2319.6,3,1,5
9:22:04,2319.2,2319.4,2319.6,8,4,21
9:22:04,2319.6,2319.2,2319.4,8,31,2
9:22:05,2319.4,2319.2,2319.4,2,31,9
9:22:05,2319.4,2319.2,2319.4,3,30,17
9:22:06,2319.4,2319.2,2319.4,7,31,10
9:22:06,2319.2,2319.2,2319.4,1,30,15
9:22:07,2319.2,2319.2,2319.4,18,20,17
9:22:07,2319.2,2319.2,2319.4,24,3,7
9:22:08,2319,2319,2319.2,13,152,1
9:22:08,2319.2,2319,2319.2,13,142,4
9:22:09,2319.2,2319,2319.2,3,141,3
9:22:09,2319.2,2319,2319.2,2,141,11
9:22:10,2319,2319,2319.2,2,140,11
9:22:10,2319,2319,2319.2,3,169,9
9:22:11,2319.2,2319,2319.2,1,169,8
9:22:11,2319.2,2319.2,2319.4,9,19,21
9:22:12,2319.2,2319.2,2319.4,2,24,16
9:22:12,2319.2,2319.2,2319.4,8,18,16
9:22:13,2319.4,2319.2,2319.4,13,30,4
9:22:13,2319.2,2319.2,2319.4,4,30,4
9:22:14,2319.4,2319.4,2319.6,10,17,27
9:22:14,2319.4,2319.4,2319.6,1,16,27
9:22:15,2319.4,2319.4,2319.6,23,2,21
9:22:15,2319.4,2319.2,2319.4,2,33,1
9:22:16,2319.4,2319.2,2319.6,11,29,20
9:22:16,2319.4,2319.2,2319.4,20,11,2
9:22:17,2319.4,2319.2,2319.4,12,1,1
9:22:17,2319.2,2319,2319.4,3,181,12
9:22:18,2319.2,2319.2,2319.4,11,4,17
9:22:18,2319.2,2319,2319.2,13,182,1
9:22:19,2319.4,2319,2319.4,3,182,22
9:22:19,2319.4,2319.2,2319.4,20,6,2
9:22:20,2319.2,2319.2,2319.4,4,7,6
9:22:21,2319.2,2319.2,2319.4,3,21,10
9:22:21,2319.2,2319.2,2319.4,6,15,14
9:22:22,2319.4,2319.2,2319.4,3,28,13
9:22:22,2319.2,2319.2,2319.4,4,21,14
9:22:23,2319.2,2319.2,2319.4,10,11,14
9:22:23,2319,2319,2319.2,15,182,1
9:22:24,2319.2,2319.2,2319.4,3,18,21
9:22:24,2319.2,2319.2,2319.4,6,20,26
9:22:25,2319.2,2319.2,2319.4,8,12,29
9:22:26,2319.4,2319.2,2319.4,2,13,29
9:22:26,2319.2,2319.2,2319.4,5,14,27
9:22:27,2319.4,2319.2,2319.4,2,13,31
9:22:27,2319.2,2319.2,2319.4,9,6,29
9:22:28,2319.2,2319.2,2319.4,1,6,29
9:22:28,2319.2,2319.2,2319.4,1,6,29
9:22:29,2319,2319,2319.4,13,185,28
9:22:29,2319.4,2319.2,2319.4,2,6,31
9:22:30,2319.2,2319.2,2319.4,4,3,31
9:22:30,2319.4,2319,2319.4,5,184,30
9:22:31,2319,2319,2319.2,1,183,2
9:22:31,2319,2319,2319.2,3,180,2
9:22:32,2319,2319,2319.2,2,180,4
9:22:32,2319,2319,2319.2,3,178,5
9:22:33,2319.2,2319,2319.2,2,177,4
9:22:34,2319,2319,2319.2,26,152,4
9:22:34,2319.2,2319,2319.2,24,130,3
9:22:35,2319,2319,2319.2,5,126,23
9:22:35,2319,2319,2319.2,4,122,26
9:22:36,2319,2319,2319.2,36,87,27
9:22:36,2319,2319,2319.2,24,63,36
9:22:37,2319,2319,2319.2,17,51,33
9:22:37,2319,2319,2319.2,3,48,34
9:22:38,2319,2319,2319.2,3,45,34
9:22:38,2319.2,2319,2319.2,2,44,23
9:22:39,2319,2319,2319.2,1,93,25
9:22:39,2319.2,2319,2319.2,4,102,16
9:22:40,2319.2,2319.2,2319.4,25,18,55
9:22:40,2319.2,2319.2,2319.4,2,28,55
9:22:41,2319.2,2319.2,2319.4,6,39,55
9:22:42,2319.2,2319.2,2319.4,1,39,56
9:22:42,2319.4,2319.2,2319.4,8,29,48
9:22:43,2319.4,2319.2,2319.4,31,21,18
9:22:43,2319.2,2319.2,2319.4,1,20,20
9:22:44,2319.4,2319.2,2319.4,5,48,19
9:22:44,2319.4,2319.2,2319.4,6,45,16
9:22:45,2319.4,2319.2,2319.4,5,53,11
9:22:45,2319.4,2319.4,2319.6,16,1,51
9:22:46,2319.6,2319.4,2319.6,3,1,46
9:22:46,2319.6,2319.4,2319.6,1,7,46
9:22:47,2319.6,2319.4,2319.6,4,12,42
9:22:47,2319.4,2319.4,2319.6,9,9,36
9:22:48,2319.6,2319.4,2319.6,5,11,31
9:22:49,2319.6,2319.4,2319.6,3,12,31
9:22:49,2319.4,2319.4,2319.6,3,10,33
9:22:50,2319.6,2319.4,2319.6,1,11,33
9:22:50,2319.6,2319.4,2319.6,4,8,33
9:22:51,2319.4,2319.4,2319.6,13,5,23
9:22:51,2319.4,2319.4,2319.6,8,2,22
9:22:52,2319.4,2319.4,2319.6,1,8,28
9:22:53,2319.4,2319.4,2319.6,1,16,28
9:22:53,2319.4,2319.4,2319.6,2,24,27
9:22:54,2319.6,2319.4,2319.6,3,24,25
9:22:54,2319.6,2319.4,2319.6,7,24,22
9:22:55,2319.4,2319.4,2319.6,1,23,22
9:22:55,2319.6,2319.4,2319.6,1,24,21
9:22:56,2319.6,2319.4,2319.6,4,22,20
9:22:56,2319.6,2319.4,2319.6,1,24,20
9:22:57,2319.4,2319.4,2319.6,22,22,2
9:22:57,2319.4,2319.4,2319.6,9,22,6
9:22:58,2319.6,2319.4,2319.6,7,17,4
9:22:58,2319.6,2319.4,2319.6,1,18,3
9:22:59,2319.8,2319.4,2319.8,4,18,62
9:22:59,2319.6,2319.4,2319.8,1,17,62
9:23:00,2319.6,2319.6,2319.8,13,1,64
9:23:00,2319.8,2319.6,2319.8,12,9,54
9:23:01,2319.6,2319.6,2319.8,7,8,49
9:23:01,2319.6,2319.6,2319.8,17,1,43
9:23:02,2319.6,2319.4,2319.8,5,15,43
9:23:02,2319.4,2319.6,2319.8,4,1,44
9:23:03,2319.4,2319.4,2319.8,2,12,52
9:23:03,2319.4,2319.4,2319.6,2,10,5
9:23:04,2319.4,2319.4,2319.6,3,8,11
9:23:04,2319.4,2319.2,2319.4,10,28,2
9:23:05,2319.4,2319.2,2319.4,2,28,6
9:23:05,2319.2,2319.2,2319.4,3,25,6
9:23:06,2319.2,2319.2,2319.4,1,24,6
9:23:06,2319.4,2319.2,2319.4,3,22,5
9:23:07,2319.2,2319,2319.6,33,46,27
9:23:07,2319,2319,2319.4,2,34,1
9:23:08,2319,2319,2319.4,18,23,9
9:23:08,2319.2,2319.2,2319.4,4,1,13
9:23:09,2319,2319,2319.2,2,23,4
9:23:09,2319,2319,2319.2,4,22,12
9:23:10,2319.2,2319,2319.2,6,17,11
9:23:10,2319.2,2319,2319.2,12,6,19
9:23:11,2318.8,2318.8,2319.2,11,42,20
9:23:11,2319.2,2319,2319.2,6,7,15
9:23:12,2318.8,2318.8,2319,20,37,2
9:23:12,2319,2318.8,2319,12,28,11
9:23:13,2318.8,2318.8,2319.2,15,25,19
9:23:13,2319,2318.8,2319.2,1,25,19
9:23:14,2319.2,2319,2319.2,6,3,19
9:23:14,2319,2319,2319.2,5,4,16
9:23:15,2319,2319,2319.2,7,3,12
9:23:16,2319,2319,2319.2,3,3,12
9:23:16,2319,2318.8,2319.2,3,25,12
9:23:17,2318.8,2318.8,2319,2,24,8
9:23:17,2319,2319,2319.2,10,8,11
9:23:18,2319,2319,2319.2,2,7,10
9:23:18,2319,2319,2319.2,7,1,9
9:23:19,2319,2318.8,2319.2,6,22,11
9:23:19,2319,2318.8,2319.2,1,22,11
9:23:20,2318.8,2318.8,2319.2,7,21,12
9:23:20,2318.8,2318.8,2319,6,16,2
9:23:21,2319,2319,2319.2,4,8,12
9:23:21,2319.2,2319,2319.2,4,4,11
9:23:22,2319,2318.8,2319.2,4,20,12
9:23:22,2319,2318.8,2319,7,15,2
9:23:23,2319,2319,2319.2,4,15,22
9:23:23,2318.8,2319,2319.2,32,30,25
9:23:24,2319.2,2319,2319.2,4,31,29
9:23:24,2319,2319,2319.2,1,30,29
9:23:25,2319,2319,2319.2,3,29,27
9:23:25,2319,2319,2319.2,1,29,27
9:23:26,2319.2,2319,2319.4,30,29,15
9:23:26,2319,2319,2319.4,1,28,15
9:23:27,2319.2,2319.2,2319.4,2,1,15
9:23:27,2319,2319,2319.4,3,35,16
9:23:28,2319.2,2319,2319.2,2,34,8
9:23:28,2319.2,2319,2319.2,1,35,7
9:23:29,2319,2319,2319.2,1,34,7
9:23:29,2319.2,2319,2319.2,1,34,6
9:23:30,2319.2,2319,2319.2,1,36,8
9:23:31,2319.2,2319,2319.2,22,17,6
9:23:31,2319,2319,2319.2,16,3,4
9:23:32,2319.2,2319,2319.2,13,3,1
9:23:32,2319,2319,2319.2,1,2,2
9:23:33,2319.2,2319,2319.2,3,1,11
9:23:33,2319,2318.8,2319.2,2,15,10
9:23:34,2319.2,2319,2319.2,5,19,10
9:23:35,2319,2319,2319.2,3,18,10
9:23:35,2319,2319,2319.2,6,14,6
9:23:36,2319.2,2319,2319.2,2,16,5
9:23:36,2319,2319,2319.2,3,13,5
9:23:37,2319,2319,2319.2,3,12,5
9:23:37,2319.2,2319.2,2319.4,5,2,21
9:23:38,2319.2,2319.2,2319.4,1,1,21
9:23:38,2319,2319,2319.4,5,8,22
9:23:40,2319,2319,2319.2,6,4,8
9:23:40,2319.4,2319,2319.4,21,4,13
9:23:41,2319.2,2319,2319.4,1,3,13
9:23:42,2319,2319,2319.4,4,2,22
9:23:42,2319,2319,2319.4,6,5,22
9:23:43,2319,2319,2319.4,1,6,23
9:23:43,2319.2,2319,2319.4,6,11,21
9:23:44,2319,2319,2319.4,6,5,21
9:23:44,2319,2318.8,2319,6,30,4
9:23:45,2319,2318.8,2319,3,31,1
9:23:46,2318.8,2318.8,2319,1,31,12
9:23:46,2319,2319,2319.2,12,6,2
9:23:47,2319.2,2319,2319.2,1,8,2
9:23:48,2319.2,2319,2319.2,2,7,3
9:23:48,2319,2319,2319.2,1,7,8
9:23:49,2319,2319,2319.2,4,4,8
9:23:49,2319,2319,2319.2,2,4,8
9:23:50,2319,2319,2319.2,1,5,8
9:23:51,2319.2,2319,2319.2,5,3,10
9:23:51,2319.2,2319,2319.2,2,2,11
9:23:52,2319,2319,2319.2,9,2,4
9:23:53,2319,2319,2319.2,1,6,6
9:23:54,2319,2319,2319.2,1,6,10
9:23:55,2319.2,2319,2319.2,1,9,9
9:23:55,2319,2319,2319.2,2,7,10
9:23:56,2319,2319,2319.2,4,3,12
9:23:57,2319,2319,2319.2,3,1,12
9:23:57,2319,2319,2319.2,1,1,21
9:23:58,2319.2,2319,2319.2,13,1,8
9:23:58,2319,2318.8,2319,1,37,5
9:23:59,2319,2318.8,2319,2,37,5
9:23:59,2319.2,2319,2319.2,6,1,8
9:24:00,2319.2,2318.8,2319.2,7,39,5
9:24:00,2319.2,2319.2,2319.4,13,9,35
9:24:01,2319.2,2319.2,2319.4,4,8,35
9:24:01,2319,2319,2319.4,31,82,36
9:24:02,2319,2319.2,2319.4,6,7,36
9:24:02,2319.2,2319.2,2319.4,14,9,24
9:24:03,2319.4,2319.2,2319.4,25,8,24
9:24:03,2319.4,2319.2,2319.4,23,14,3
9:24:04,2319.4,2319.2,2319.6,6,19,64
9:24:04,2319.6,2319.4,2319.6,7,4,60
9:24:05,2319.4,2319.4,2319.6,6,15,58
9:24:06,2319.6,2319.4,2319.6,1,28,57
9:24:06,2319.6,2319.4,2319.6,2,28,56
9:24:07,2319.6,2319.4,2319.6,1,28,54
9:24:07,2319.6,2319.4,2319.6,7,28,48
9:24:08,2319.6,2319.4,2319.6,13,19,45
9:24:08,2319.4,2319.4,2319.6,5,18,40
9:24:09,2319.6,2319.4,2319.6,7,18,37
9:24:09,2319.4,2319.4,2319.6,7,12,40
9:24:10,2319.6,2319.4,2319.6,9,10,33
9:24:10,2319.4,2319.4,2319.6,1,9,35
9:24:11,2319.6,2319.4,2319.6,3,9,49
9:24:11,2319.6,2319.4,2319.6,2,8,48
9:24:12,2319.4,2319.4,2319.6,9,5,44
9:24:12,2319.4,2319.4,2319.6,4,10,41
9:24:13,2319.6,2319.4,2319.6,7,11,36
9:24:13,2319.6,2319.4,2319.6,7,62,29
9:24:14,2319.6,2319.4,2319.6,14,61,26
9:24:14,2319.6,2319.6,2319.8,29,9,55
9:24:15,2319.6,2319.6,2319.8,2,35,54
9:24:15,2319.8,2319.6,2319.8,9,52,45
9:24:16,2319.8,2319.6,2319.8,5,42,43
9:24:16,2319.8,2319.6,2319.8,34,43,17
9:24:17,2319.6,2319.6,2320,22,38,195
9:24:17,2320,2319.8,2320,5,4,144
9:24:18,2319.8,2319.8,2320,8,9,142
9:24:18,2319.8,2319.8,2320,23,12,121
9:24:19,2320,2319.8,2320,6,41,119
9:24:19,2320,2319.8,2320,7,41,113
9:24:20,2319.8,2319.8,2320,25,42,91
9:24:20,2320,2319.8,2320,54,20,39
9:24:21,2319.8,2319.8,2320,11,17,30
9:24:21,2320,2319.8,2320,39,4,5
9:24:22,2319.8,2319.8,2320,17,2,2
9:24:22,2319.6,2319.6,2320,7,14,50
9:24:23,2320,2319.6,2320,11,22,59
9:24:23,2320,2319.6,2319.8,4,25,60
9:24:24,2320,2319.6,2319.8,4,25,61
9:24:24,2319.6,2319.6,2319.8,60,22,9
9:24:25,2319.8,2319.8,2320,11,9,31
9:24:25,2319.8,2319.8,2320,1,9,32
9:24:26,2319.8,2319.8,2320,1,10,41
9:24:26,2320,2319.8,2320,4,17,38
9:24:27,2319.8,2319.8,2320,10,12,39
9:24:27,2319.8,2319.8,2320,9,7,35
9:24:28,2320,2319.8,2320,6,6,33
9:24:28,2319.6,2319.6,2320,14,28,31
9:24:29,2319.6,2319.6,2319.8,4,27,13
9:24:29,2319.8,2319.6,2319.8,6,27,7
9:24:30,2319.8,2319.6,2319.8,8,27,1
9:24:30,2320,2319.6,2320,11,26,41
9:24:31,2320,2319.8,2320,2,4,39
9:24:31,2320,2319.6,2320,6,25,39
9:24:32,2320,2319.8,2320,3,6,38
9:24:32,2320,2320,2320.2,54,51,57
9:24:33,2320,2320,2320.2,6,50,55
9:24:33,2320,2320,2320.2,3,51,55
9:24:34,2320.2,2320,2320.2,11,41,54
9:24:34,2320.2,2320,2320.2,8,40,50
9:24:35,2320,2320,2320.2,3,39,49
9:24:35,2320.2,2320,2320.2,15,30,50
9:24:36,2320.2,2320,2320.2,26,20,38
9:24:36,2319.8,2319.8,2320,22,18,37
9:24:37,2320,2319.8,2320,4,16,35
9:24:37,2320,2319.8,2320,14,10,28
9:24:38,2319.8,2319.8,2320,9,8,23
9:24:38,2320,2319.8,2320,4,11,19
9:24:39,2319.8,2319.8,2320,15,12,31
9:24:39,2320,2319.8,2320,2,13,33
9:24:40,2319.8,2319.8,2320,17,1,28
9:24:40,2319.8,2319.6,2319.8,5,54,3
9:24:41,2319.8,2319.6,2319.8,6,54,6
9:24:42,2319.8,2319.6,2319.8,1,55,5
9:24:42,2319.8,2319.6,2319.8,1,55,4
9:24:43,2319.6,2319.6,2319.8,5,53,1
9:24:43,2319.8,2319.8,2320,8,7,38
9:24:44,2320,2319.8,2320,3,7,36
9:24:44,2320,2319.8,2320,3,7,37
9:24:45,2319.8,2319.8,2320,2,17,38
9:24:45,2319.8,2319.8,2320,7,12,38
9:24:46,2319.6,2319.6,2319.8,24,56,13
9:24:46,2319.8,2319.6,2319.8,4,57,14
9:24:47,2319.6,2319.6,2319.8,8,52,12
9:24:47,2319.6,2319.6,2319.8,4,51,10
9:24:48,2319.6,2319.6,2319.8,5,48,9
9:24:48,2319.6,2319.6,2319.8,2,46,9
9:24:49,2319.8,2319.6,2319.8,2,45,10
9:24:49,2319.6,2319.6,2319.8,7,42,9
9:24:50,2319.8,2319.6,2319.8,1,41,10
9:24:50,2319.8,2319.6,2319.8,8,37,9
9:24:51,2319.6,2319.6,2319.8,7,58,11
9:24:51,2319.6,2319.6,2319.8,1,59,13
9:24:52,2319.8,2319.6,2319.8,51,18,25
9:24:53,2319.6,2319.6,2319.8,1,8,31
9:24:53,2319.6,2319.6,2319.8,7,3,53
9:24:54,2319.4,2319.4,2319.6,9,24,7
9:24:54,2319.4,2319.4,2319.6,3,23,12
9:24:55,2319.4,2319.4,2319.6,8,14,14
9:24:55,2319.6,2319.4,2319.6,1,14,14
9:24:56,2319.4,2319.4,2319.6,8,10,11
9:24:56,2319.6,2319.4,2319.6,3,9,9
9:24:57,2319.6,2319.4,2319.6,6,12,7
9:24:57,2319.4,2319.4,2319.6,1,11,7
9:24:58,2319.4,2319.4,2319.6,2,10,7
9:24:58,2319.4,2319.4,2319.6,1,10,16
9:24:59,2319.6,2319.4,2319.6,12,9,5
9:25:00,2319.4,2319.4,2319.6,1,8,9
9:25:00,2319.4,2319.2,2319.4,11,11,6
9:25:01,2319.4,2319.2,2319.4,7,20,2
9:25:01,2319.2,2319.4,2319.6,10,1,10
9:25:02,2319.4,2319.2,2319.4,2,16,1
9:25:02,2319.6,2319.2,2319.6,4,16,10
9:25:03,2319.4,2319.4,2319.6,2,2,12
9:25:03,2319.4,2319.2,2319.4,2,15,3
9:25:04,2319.2,2319.2,2319.4,3,15,4
9:25:04,2319.2,2319.2,2319.4,2,12,4
9:25:05,2319.2,2319.2,2319.4,4,11,2
9:25:05,2319.2,2319.2,2319.4,8,5,8
9:25:06,2319.2,2319.2,2319.4,4,4,7
9:25:06,2319.2,2319.2,2319.4,2,2,10
9:25:07,2319.2,2319.2,2319.4,1,1,10
9:25:07,2319.2,2319,2319.4,2,92,9
9:25:08,2319,2319,2319.2,1,91,3
9:25:09,2319.2,2319,2319.4,7,89,5
9:25:10,2319.2,2319,2319.2,4,86,16
9:25:10,2319.2,2319,2319.2,7,82,14
9:25:11,2319,2319,2319.2,5,78,21
9:25:12,2319,2319,2319.2,5,73,28
9:25:12,2319,2319,2319.2,3,71,23
9:25:13,2319,2319,2319.2,3,69,23
9:25:14,2319,2319,2319.2,3,70,32
9:25:14,2319.2,2319,2319.2,12,69,21
9:25:15,2319,2319,2319.2,6,63,21
9:25:15,2319,2319,2319.2,3,62,20
9:25:16,2319,2319,2319.2,2,60,21
9:25:16,2319,2319,2319.2,3,57,21
9:25:17,2319,2319,2319.2,4,54,23
9:25:18,2319,2319,2319.2,11,42,24
9:25:18,2319.2,2319,2319.2,7,36,23
9:25:19,2319,2319,2319.2,16,21,23
9:25:19,2319,2319,2319.2,4,18,23
9:25:20,2319,2319,2319.2,12,7,31
9:25:20,2319,2319,2319.2,9,4,31
9:25:21,2319.2,2318.8,2319,5,53,1
9:25:21,2319,2318.8,2319,2,53,1
9:25:22,2319,2318.8,2319,7,49,10
9:25:23,2318.8,2318.8,2319,3,46,13
9:25:23,2318.8,2318.8,2319,17,41,1
9:25:24,2318.8,2318.8,2319,17,25,1
9:25:24,2319,2318.8,2319,17,21,8
9:25:25,2318.8,2318.8,2319,21,15,4
9:25:25,2318.8,2318.8,2319,5,10,4
9:25:26,2318.8,2318.8,2319,7,3,5
9:25:26,2318.8,2318.8,2319,5,2,1
9:25:27,2318.8,2318.6,2318.8,2,51,1
9:25:27,2318.8,2318.8,2319,3,17,6
9:25:28,2318.8,2318.8,2319,14,27,5
9:25:28,2318.8,2318.8,2319,3,28,5
9:25:29,2319,2318.8,2319,1,29,4
9:25:29,2319,2318.8,2319.2,6,29,33
9:25:30,2319.2,2318.8,2319.2,1,38,34
9:25:30,2319,2319,2319.2,1,1,34
9:25:31,2318.8,2319,2319.2,29,3,6
9:25:32,2319.2,2319,2319.2,3,3,5
9:25:32,2319,2318.8,2319,5,31,77
9:25:33,2319,2318.8,2319,68,25,15
9:25:33,2318.8,2318.8,2319,2,13,15
9:25:34,2319,2318.8,2319,1,22,15
9:25:34,2319,2318.8,2319,4,20,14
9:25:35,2318.8,2318.8,2319,7,19,8
9:25:35,2319,2318.8,2319,8,18,2
9:25:36,2319,2319,2319.2,2,22,8
9:25:36,2319,2319,2319.2,6,22,3
9:25:37,2319,2319,2319.2,5,20,1
9:25:37,2319,2319,2319.2,2,27,2
9:25:38,2319,2319,2319.2,4,28,1
9:25:38,2319,2319,2319.2,1,27,2
9:25:39,2319,2319,2319.2,3,25,2
9:25:40,2319.2,2319,2319.2,4,22,3
9:25:40,2319.2,2319,2319.2,2,22,7
9:25:41,2319.2,2319.2,2319.4,8,16,7
9:25:41,2319.2,2319.2,2319.4,10,6,7
9:25:43,2319.4,2319.4,2319.6,9,38,22
9:25:44,2319.6,2319.4,2319.6,1,41,22
9:25:44,2319.6,2319.4,2319.6,7,45,20
9:25:45,2319.6,2319.4,2319.6,10,44,11
9:25:45,2319.6,2319.4,2319.6,4,38,8
9:25:46,2319.8,2319.6,2319.8,11,6,22
9:25:46,2319.8,2319.6,2319.8,6,53,19
9:25:47,2319.8,2319.8,2320,19,19,50
9:25:47,2319.8,2319.8,2320.2,63,88,119
9:25:48,2320.2,2320,2320.2,55,11,71
9:25:48,2320,2320,2320.2,17,14,58
9:25:49,2320,2320,2320.2,13,11,47
9:25:49,2320.2,2320.2,2320.4,47,27,25
9:25:50,2320.4,2320.2,2320.4,1,63,23
9:25:50,2320.6,2320.4,2320.6,64,28,25
9:25:51,2320.6,2320.4,2320.6,42,21,12
9:25:51,2320.6,2320.6,2320.8,31,49,62
9:25:52,2320.6,2320.6,2320.8,22,70,46
9:25:52,2320.8,2320.6,2320.8,33,67,17
9:25:53,2320.8,2320.8,2321,21,4,29
9:25:53,2320.8,2320.6,2320.8,24,67,8
9:25:54,2320.8,2320.6,2320.8,10,76,15
9:25:54,2320.6,2320.6,2320.8,24,72,20
9:25:55,2320.6,2320.6,2320.8,42,54,8
9:25:55,2320.8,2320.6,2320.8,22,44,31
9:25:56,2320.6,2320.6,2320.8,44,27,5
9:25:56,2320.8,2320.6,2320.8,23,6,20
9:25:57,2320.8,2320.8,2321,31,64,86
9:25:57,2321,2320.8,2321,10,112,82
9:25:58,2321,2320.8,2321,84,105,4
9:25:58,2321.2,2321,2321.2,19,100,10
9:25:59,2321.4,2321.2,2321.4,24,7,9
9:25:59,2321.4,2321.2,2321.4,22,5,7
9:26:00,2321.4,2321.4,2321.6,31,30,10
9:26:00,2321.4,2321.4,2321.6,41,47,12
9:26:01,2321.6,2321.6,2321.8,25,23,37
9:26:01,2321.8,2321.6,2321.8,18,24,28
9:26:02,2321.6,2321.6,2321.8,37,3,13
9:26:02,2321.6,2321.4,2321.6,53,38,38
9:26:03,2321.2,2321.2,2321.4,50,20,3
9:26:03,2321.4,2321.2,2321.4,8,18,29
9:26:04,2321.2,2321.2,2321.4,25,4,8
9:26:04,2321.2,2321,2321.2,28,69,8
9:26:05,2321.2,2321,2321.2,10,84,1
9:26:05,2321,2321,2321.2,15,90,1
9:26:06,2321,2321,2321.2,24,63,20
9:26:06,2321,2321,2321.2,54,47,41
9:26:07,2321.2,2321,2321.2,51,11,27
9:26:07,2321,2320.8,2321,19,67,1
9:26:08,2321,2320.8,2321,2,66,7
9:26:08,2321,2321,2321.2,22,1,43
9:26:09,2321,2320.8,2321,10,56,7
9:26:09,2320.8,2320.8,2321,9,51,7
9:26:10,2321,2320.8,2321,15,42,8
9:26:10,2320.8,2320.8,2321.2,23,28,43
9:26:11,2320.8,2321,2321.2,4,1,44
9:26:11,2320.8,2320.8,2321.2,7,18,52
9:26:12,2320.8,2320.8,2321,18,10,1
9:26:12,2321,2320.6,2320.8,52,10,1
9:26:13,2321,2320.6,2320.8,10,9,2
9:26:13,2321,2320.6,2321,19,8,11
9:26:14,2320.6,2320.4,2320.6,11,16,4
9:26:14,2320.4,2320.4,2320.6,3,21,38
9:26:15,2320.4,2320.4,2320.6,4,21,36
9:26:15,2320.4,2320.4,2320.6,14,29,36
9:26:16,2320.4,2320.4,2320.6,4,34,34
9:26:16,2320.4,2320.4,2320.6,6,29,34
9:26:17,2320.6,2320.4,2320.6,3,29,31
9:26:17,2320.4,2320.4,2320.6,4,26,30
9:26:18,2320.4,2320.4,2320.6,7,23,31
9:26:18,2320.4,2320.4,2320.6,25,21,13
9:26:19,2320.6,2320.6,2320.8,15,8,5
9:26:19,2320.8,2320.8,2321,9,1,30
9:26:20,2320.8,2320.8,2321,5,4,20
9:26:20,2320.8,2320.8,2321,3,1,22
9:26:21,2321,2320.6,2321,2,18,22
9:26:22,2320.8,2320.8,2321,2,1,31
9:26:22,2321,2320.6,2321,8,20,29
9:26:23,2320.8,2320.6,2320.8,13,12,4
9:26:23,2320.8,2320.8,2321,11,1,32
9:26:24,2321,2320.8,2321,1,1,32
9:26:24,2320.8,2320.8,2321,1,1,33
9:26:25,2321,2320.8,2321,2,5,33
9:26:25,2321,2320.8,2321,5,2,33
9:26:26,2320.8,2320.6,2320.8,2,18,3
9:26:26,2321,2320.8,2321,15,1,48
9:26:27,2320.6,2320.6,2320.8,11,15,1
9:26:28,2320.6,2320.6,2321,9,8,49
9:26:28,2321,2320.8,2321,2,1,50
9:26:29,2320.8,2320.8,2321,60,1,19
9:26:30,2320.8,2320.4,2320.8,1,65,2
9:26:30,2320.8,2320.6,2320.8,17,14,1
9:26:31,2320.6,2320.6,2320.8,9,18,5
9:26:31,2320.8,2320.6,2320.8,4,17,5
9:26:32,2320.8,2320.8,2321,7,1,37
9:26:32,2320.6,2320.6,2321,9,15,39
9:26:33,2320.6,2320.4,2320.6,19,64,4
9:26:33,2320.4,2320.4,2320.6,1,63,5
9:26:34,2320.8,2320.8,2321,21,38,64
9:26:34,2320.8,2320.8,2321,2,36,70
9:26:35,2321,2320.8,2321,16,34,56
9:26:35,2320.8,2320.8,2321,13,32,52
9:26:36,2320.8,2320.8,2321,2,32,56
9:26:36,2321,2320.8,2321,13,23,53
9:26:37,2320.8,2320.8,2321,5,19,52
9:26:37,2320.8,2320.6,2320.8,22,24,31
9:26:39,2320.6,2320.6,2320.8,2,27,33
9:26:40,2320.6,2320.6,2320.8,3,25,34
9:26:40,2320.6,2320.6,2320.8,5,20,34
9:26:41,2320.8,2320.6,2320.8,10,20,25
9:26:41,2320.6,2320.6,2320.8,1,20,25
9:26:42,2320.6,2320.6,2320.8,3,18,25
9:26:42,2320.6,2320.6,2320.8,12,6,22
9:26:43,2320.6,2320.4,2320.6,18,71,4
9:26:43,2320.4,2320.4,2320.6,2,70,9
9:26:44,2320.6,2320.4,2320.6,4,69,11
9:26:44,2320.6,2320.4,2320.6,1,70,13
9:26:45,2320.6,2320.6,2320.8,25,20,15
9:26:45,2320.8,2320.6,2320.8,11,20,6
9:26:46,2320.6,2320.6,2320.8,4,22,5
9:26:47,2320.8,2320.6,2320.8,2,29,6
9:26:47,2320.8,2320.6,2320.8,9,26,5
9:26:48,2320.8,2320.6,2320.8,21,10,1
9:26:48,2320.8,2320.6,2320.8,2,10,1
9:26:49,2321,2320.8,2321,6,1,78
9:26:49,2320.8,2320.8,2321,4,5,79
9:26:50,2320.6,2320.6,2321,12,7,76
9:26:50,2320.8,2320.6,2320.8,3,8,6
9:26:51,2320.6,2320.6,2320.8,12,1,12
9:26:51,2320.8,2320.6,2320.8,3,5,23
9:26:52,2320.6,2320.4,2320.8,11,71,44
9:26:53,2320.6,2320.6,2320.8,3,31,49
9:26:54,2320.6,2320.6,2320.8,2,29,51
9:26:54,2320.6,2320.6,2320.8,2,28,41
9:26:55,2320.6,2320.6,2320.8,1,27,45
9:26:55,2320.6,2320.6,2320.8,14,14,43
9:26:56,2320.8,2320.6,2320.8,5,14,38
9:26:57,2320.6,2320.6,2320.8,4,11,41
9:26:58,2320.8,2320.6,2320.8,10,11,33
9:26:58,2320.6,2320.6,2320.8,6,11,28
9:26:59,2320.8,2320.6,2320.8,2,12,27
9:26:59,2320.6,2320.6,2320.8,6,17,28
9:27:00,2320.6,2320.6,2320.8,2,15,29
9:27:01,2320.6,2320.6,2320.8,7,15,23
9:27:01,2320.6,2320.6,2320.8,3,27,31
9:27:02,2320.8,2320.6,2320.8,3,27,29
9:27:02,2320.6,2320.6,2320.8,1,29,29
9:27:03,2320.6,2320.6,2320.8,1,29,29
9:27:03,2320.8,2320.6,2320.8,3,27,31
9:27:04,2320.8,2320.6,2320.8,4,25,30
9:27:04,2320.8,2320.6,2320.8,10,25,20
9:27:05,2320.8,2320.6,2320.8,1,26,19
9:27:05,2320.8,2320.6,2320.8,15,25,7
9:27:06,2320.8,2320.6,2320.8,1,35,7
9:27:06,2320.8,2320.6,2321,7,35,73
9:27:07,2320.8,2320.8,2321,6,13,70
9:27:08,2321,2320.8,2321,3,26,68
9:27:08,2321,2320.8,2321,8,26,56
9:27:09,2321,2320.8,2321,1,31,55
9:27:09,2321,2320.8,2321,37,30,20
9:27:10,2321.2,2321,2321.2,22,4,53
9:27:10,2321,2321,2321.2,8,40,51
9:27:11,2321,2321,2321.2,14,45,37
9:27:11,2321.2,2321,2321.2,5,45,32
9:27:12,2321.2,2321,2321.2,5,41,26
9:27:12,2321.2,2321,2321.2,3,42,23
9:27:13,2321,2321,2321.2,17,37,15
9:27:13,2321.2,2321,2321.2,4,37,21
9:27:14,2321.2,2321,2321.2,1,42,27
9:27:14,2321,2321,2321.2,9,41,17
9:27:15,2321.2,2321,2321.2,2,41,26
9:27:15,2321,2321,2321.2,2,40,25
9:27:16,2321.2,2321,2321.2,2,40,44
9:27:16,2321.2,2321,2321.2,1,40,54
9:27:17,2321,2321,2321.2,40,2,50
9:27:17,2321,2320.8,2321,4,16,36
9:27:18,2321,2320.8,2321,3,15,37
9:27:18,2321,2320.8,2321,5,16,35
9:27:19,2320.8,2320.8,2321,15,8,39
9:27:19,2321,2320.8,2321,3,7,41
9:27:20,2320.8,2320.8,2321,10,3,42
9:27:21,2320.8,2320.8,2321,2,8,50
9:27:21,2320.8,2320.8,2321,2,7,51
9:27:22,2320.8,2320.8,2321,3,4,50
9:27:22,2320.8,2320.6,2320.8,9,38,17
9:27:23,2320.6,2320.6,2320.8,4,37,14
9:27:24,2320.6,2320.6,2320.8,1,37,19
9:27:24,2320.8,2320.6,2320.8,13,25,20
9:27:25,2320.6,2320.6,2320.8,1,24,21
9:27:25,2320.8,2320.6,2320.8,12,15,21
9:27:26,2320.6,2320.6,2320.8,11,4,21
9:27:26,2320.6,2320.4,2320.8,5,79,21
9:27:27,2320.8,2320.4,2320.6,1,80,9
9:27:27,2320.6,2320.4,2320.6,4,77,8
9:27:28,2320.4,2320.4,2320.6,15,62,8
9:27:29,2320.6,2320.4,2320.6,2,62,6
9:27:29,2320.4,2320.4,2320.6,9,59,3
9:27:30,2320.6,2320.4,2320.6,5,60,1
9:27:31,2320.6,2320.4,2320.6,18,47,6
9:27:31,2320.4,2320.4,2320.6,1,46,17
9:27:32,2320.4,2320.4,2320.6,2,45,22
9:27:32,2320.4,2320.4,2320.6,14,33,20
9:27:33,2320.6,2320.4,2320.6,6,33,40
9:27:33,2320.4,2320.4,2320.6,5,28,40
9:27:34,2320.6,2320.4,2320.6,14,14,46
9:27:34,2320.4,2320.4,2320.6,6,11,45
9:27:35,2320.4,2320.4,2320.6,13,9,34
9:27:35,2320.4,2320.4,2320.6,8,1,34
9:27:36,2320.2,2320.2,2320.4,2,29,10
9:27:37,2320.2,2320.2,2320.4,12,24,5
9:27:38,2320.2,2320.2,2320.4,14,16,1
9:27:38,2320.2,2320.2,2320.4,2,14,7
9:27:39,2320.2,2320.2,2320.4,3,29,7
9:27:39,2320.2,2320.2,2320.4,2,27,7
9:27:40,2320.4,2320.4,2320.6,8,28,30
9:27:40,2320.4,2320.4,2320.6,3,25,30
9:27:41,2320.4,2320.4,2320.6,1,50,30
9:27:41,2320.4,2320.4,2320.6,11,43,33
9:27:42,2320.6,2320.4,2320.6,1,45,32
9:27:42,2320.4,2320.4,2320.6,7,40,31
9:27:43,2320.6,2320.4,2320.6,4,45,30
9:27:43,2320.4,2320.4,2320.6,17,29,30
9:27:44,2320.4,2320.4,2320.6,5,24,30
9:27:44,2320.6,2320.4,2320.6,1,24,29
9:27:45,2320.4,2320.4,2320.6,5,19,30
9:27:45,2320.4,2320.4,2320.6,1,38,30
9:27:46,2320.6,2320.4,2320.6,5,40,25
9:27:47,2320.6,2320.4,2320.6,23,33,15
9:27:47,2320.6,2320.4,2320.6,1,38,14
9:27:48,2320.4,2320.4,2320.6,11,35,6
9:27:48,2320.6,2320.4,2320.6,4,35,6
9:27:49,2320.6,2320.4,2320.8,7,37,34
9:27:50,2320.8,2320.6,2320.8,1,2,35
9:27:50,2320.6,2320.6,2320.8,3,6,34
9:27:51,2320.6,2320.4,2320.8,7,39,29
9:27:51,2320.8,2320.4,2320.8,7,40,21
9:27:52,2320.6,2320.4,2320.8,2,40,22
9:27:53,2320.4,2320.4,2320.8,2,40,22
9:27:55,2320.4,2320.4,2320.6,1,42,2
9:27:56,2320.4,2320.4,2320.6,9,33,5
9:27:57,2320.4,2320.4,2320.6,2,32,5
9:27:58,2320.4,2320.4,2320.6,4,28,6
9:27:58,2320.4,2320.4,2320.6,3,24,9
9:27:59,2320.6,2320.4,2320.6,1,24,9
9:27:59,2320.4,2320.4,2320.6,6,18,29
9:28:00,2320.4,2320.4,2320.6,4,15,28
9:28:00,2320.4,2320.4,2320.6,2,13,29
9:28:01,2320.6,2320.4,2320.6,1,13,28
9:28:01,2320.4,2320.4,2320.6,1,12,29
9:28:02,2320.4,2320.4,2320.6,8,10,27
9:28:02,2320.6,2320.4,2320.6,2,11,26
9:28:03,2320.6,2320.4,2320.6,1,11,28
9:28:03,2320.6,2320.4,2320.6,1,11,29
9:28:04,2320.4,2320.4,2320.6,1,10,29
9:28:05,2320.4,2320.4,2320.6,2,8,29
9:28:05,2320.4,2320.4,2320.6,8,1,29
9:28:06,2320.4,2320.2,2320.4,1,45,10
9:28:07,2320.4,2320.2,2320.4,2,44,14
9:28:07,2320.4,2320.2,2320.4,8,41,9
9:28:08,2320.2,2320.2,2320.4,2,39,9
9:28:08,2320.4,2320.2,2320.4,3,38,8
9:28:09,2320.4,2320.2,2320.4,2,37,9
9:28:10,2320.2,2320.2,2320.4,2,36,13
9:28:10,2320.2,2320.2,2320.4,2,34,14
9:28:11,2320.4,2320.2,2320.4,6,29,13
9:28:11,2320.2,2320.2,2320.4,3,25,13
9:28:12,2320.2,2320.2,2320.4,21,4,16
9:28:13,2320.2,2320,2320.2,4,107,3
9:28:13,2320,2320,2320.2,1,106,13
9:28:14,2320.2,2320,2320.2,30,88,2
9:28:14,2320,2320,2320.2,10,78,6
9:28:15,2320.2,2320,2320.2,10,71,6
9:28:15,2320.2,2320,2320.2,21,53,10
9:28:16,2320,2320,2320.2,3,51,11
9:28:16,2320,2320,2320.2,5,48,19
9:28:17,2320,2320,2320.2,3,45,20
9:28:17,2320,2320,2320.2,13,42,20
9:28:18,2320,2320,2320.2,4,40,19
9:28:18,2320,2320,2320.2,3,37,19
9:28:19,2320,2320,2320.2,2,36,19
9:28:19,2320,2320,2320.2,20,15,20
9:28:20,2320,2319.8,2320.2,15,41,20
9:28:21,2319.8,2319.8,2320,6,37,1
9:28:21,2319.8,2319.8,2320,7,31,4
9:28:22,2319.8,2319.8,2320,10,21,5
9:28:22,2320,2319.8,2320,15,10,4
9:28:23,2319.8,2319.8,2320,10,1,4
9:28:23,2319.8,2319.8,2320,6,7,2
9:28:24,2319.8,2319.8,2320,7,6,6
9:28:24,2320,2320,2320.2,14,15,32
9:28:25,2320,2320,2320.2,1,16,32
9:28:25,2320.2,2320,2320.2,10,10,29
9:28:26,2320,2320,2320.2,3,14,29
9:28:26,2320.2,2320,2320.2,2,24,27
9:28:27,2320.2,2320,2320.2,1,29,26
9:28:27,2320,2320,2320.2,3,29,25
9:28:28,2320,2320,2320.2,3,27,25
9:28:28,2320.2,2320,2320.2,1,27,29
9:28:29,2320,2320,2320.2,15,13,23
9:28:29,2320,2320,2320.2,6,8,23
9:28:30,2320.2,2320,2320.2,7,5,21
9:28:30,2320,2320,2320.2,1,7,21
9:28:31,2320,2320,2320.2,3,4,21
9:28:31,2320,2319.8,2320.2,5,11,20
9:28:32,2319.8,2319.6,2319.8,13,38,3
9:28:32,2320,2319.6,2320,4,38,16
9:28:33,2320,2319.8,2320,1,1,31
9:28:34,2319.8,2319.8,2320,5,17,33
9:28:35,2319.8,2319.8,2320,8,11,29
9:28:36,2320,2319.6,2320,13,40,29
9:28:36,2320,2319.8,2320,1,1,28
9:28:37,2320,2319.6,2320,19,40,11
9:28:37,2319.8,2319.6,2320,2,40,15
9:28:38,2319.8,2319.8,2320,21,4,9
9:28:39,2319.8,2319.8,2320,4,15,14
9:28:39,2319.8,2319.8,2320,4,13,17
9:28:40,2319.8,2319.8,2320,3,20,17
9:28:40,2320,2319.8,2320,7,9,14
9:28:41,2319.8,2319.8,2320,4,6,17
9:28:41,2319.8,2319.8,2320,2,6,18
9:28:42,2319.8,2319.8,2320,1,21,18
9:28:42,2320,2319.8,2320,1,21,26
9:28:43,2319.8,2319.8,2320,3,19,41
9:28:44,2319.8,2319.8,2320,1,19,42
9:28:44,2320,2319.8,2320,6,14,44
9:28:45,2319.8,2319.8,2320,3,11,44
9:28:45,2319.8,2319.6,2319.8,12,49,2
9:28:46,2319.8,2319.6,2319.8,1,59,1
9:28:46,2319.8,2319.6,2319.8,1,62,1
9:28:47,2319.8,2319.8,2320,5,16,47
9:28:47,2319.8,2319.8,2320,1,33,47
9:28:48,2319.8,2319.8,2320,16,19,44
9:28:48,2319.8,2319.8,2320,3,16,46
9:28:49,2319.8,2319.8,2320,12,11,46
9:28:49,2319.6,2319.6,2320,21,53,46
9:28:50,2319.8,2319.6,2320,6,49,47
9:28:50,2319.8,2319.6,2319.8,7,49,7
9:28:51,2319.8,2319.6,2320,9,55,44
9:28:51,2319.8,2319.6,2320,2,55,54
9:28:52,2320,2319.8,2320,7,15,48
9:28:52,2319.8,2319.8,2320,1,21,57
9:28:53,2320,2319.8,2320,11,11,49
9:28:53,2319.8,2319.8,2320,4,8,49
9:28:54,2319.8,2319.8,2320,1,8,49
9:28:54,2319.8,2319.8,2320,2,7,49
9:28:55,2320,2319.8,2320,1,7,48
9:28:55,2319.8,2319.8,2320,3,4,50
9:28:56,2319.8,2319.8,2320,1,4,50
9:28:56,2319.8,2319.8,2320,2,19,50
9:28:57,2319.8,2319.8,2320,1,18,51
9:28:57,2319.8,2319.8,2320,8,18,49
9:28:58,2320,2319.8,2320,19,34,35
9:28:58,2319.8,2319.8,2320,1,33,35
9:28:59,2320,2320,2320.2,36,1,21
9:28:59,2320.2,2320,2320.2,9,2,24
9:29:00,2320.2,2320.2,2320.4,25,2,30
9:29:01,2320.6,2320.6,2320.8,46,198,18
9:29:01,2320.6,2320.8,2321,55,3,26
9:29:02,2321,2320.6,2321,18,186,20
9:29:02,2321,2320.6,2321,14,191,6
9:29:03,2321,2320.8,2321,4,16,13
9:29:03,2321,2320.8,2321,10,16,7
9:29:04,2321,2321,2321.2,7,41,51
9:29:04,2321.2,2321,2321.2,56,80,8
9:29:05,2321.2,2321.2,2321.4,8,89,74
9:29:05,2321.4,2321.2,2321.4,14,76,73
9:29:06,2321.2,2321.2,2321.4,29,58,48
9:29:06,2321.2,2321.2,2321.4,6,55,45
9:29:07,2321.2,2321.2,2321.4,52,29,8
9:29:07,2321.6,2321.4,2321.6,11,33,30
9:29:08,2321.6,2321.4,2321.8,55,22,25
9:29:08,2321.6,2321.4,2321.6,5,21,27
9:29:09,2321.6,2321.4,2321.6,5,22,29
9:29:09,2321.6,2321.4,2321.6,24,18,18
9:29:10,2321.6,2321.4,2321.6,39,10,26
9:29:10,2321.4,2321.2,2321.4,20,16,23
9:29:11,2321.2,2321.2,2321.4,17,11,40
9:29:11,2321.2,2321,2321.2,12,33,35
9:29:12,2320.8,2320.6,2320.8,12,1,9
9:29:12,2320.2,2320.2,2320.6,2,6,4
9:29:13,2320.2,2320.2,2320.6,4,12,5
9:29:13,2320.6,2320.2,2320.6,1,17,4
9:29:14,2320.6,2320.6,2321,12,23,9
9:29:14,2320.6,2320.6,2320.8,3,21,3
9:29:15,2320.8,2320.6,2320.8,10,21,9
9:29:15,2320.8,2320.6,2320.8,2,20,9
9:29:16,2320.8,2320.6,2320.8,5,17,6
9:29:16,2320.8,2320.6,2320.8,5,21,2
9:29:17,2320.8,2320.6,2320.8,4,18,4
9:29:18,2320.6,2320.6,2320.8,6,15,3
9:29:19,2320.6,2320.4,2320.8,17,17,2
9:29:19,2320.6,2320.4,2320.8,2,17,11
9:29:20,2320.6,2320.6,2320.8,2,4,14
9:29:21,2320.8,2320.6,2320.8,1,6,24
9:29:21,2320.6,2320.4,2320.6,8,19,17
9:29:22,2320.6,2320.4,2320.6,2,26,15
9:29:22,2320.4,2320.4,2320.6,7,24,2
9:29:23,2320.4,2320.4,2320.6,3,21,3
9:29:23,2320.6,2320.4,2320.6,1,21,2
9:29:24,2320.4,2320.4,2320.6,3,19,1
9:29:24,2320.4,2320.4,2320.6,1,18,1
9:29:25,2320.6,2320.6,2320.8,2,4,23
9:29:26,2320.8,2320.6,2320.8,4,12,22
9:29:26,2320.6,2320.6,2320.8,11,1,22
9:29:27,2320.6,2320.4,2320.6,3,19,9
9:29:27,2320.4,2320.4,2320.6,1,18,9
9:29:28,2320.6,2320.6,2320.8,12,5,25
9:29:28,2320.8,2320.6,2320.8,4,2,25
9:29:29,2320.4,2320.4,2320.8,7,19,24
9:29:29,2320.8,2320.4,2320.8,1,20,23
9:29:30,2320.4,2320.4,2320.8,9,19,17
9:29:31,2320.6,2320.4,2320.8,6,16,16
9:29:31,2320.8,2320.4,2320.8,1,16,16
9:29:32,2320.8,2320.4,2320.8,1,16,15
9:29:33,2320.6,2320.6,2320.8,1,1,17
9:29:34,2320.8,2320.6,2320.8,1,1,16
9:29:34,2320.8,2320.4,2320.8,4,39,14
9:29:35,2320.8,2320.4,2320.8,1,41,13
9:29:36,2320.8,2320.6,2320.8,2,10,14
9:29:36,2320.6,2320.6,2320.8,2,8,14
9:29:37,2320.6,2320.6,2320.8,2,6,14
9:29:37,2320.6,2320.6,2320.8,3,4,14
9:29:38,2320.8,2320.6,2320.8,1,9,14
9:29:38,2320.8,2320.6,2320.8,1,9,15
9:29:39,2320.6,2320.6,2320.8,2,4,37
9:29:40,2320.6,2320.6,2320.8,4,2,35
9:29:40,2320.6,2320.4,2320.8,3,46,38
9:29:41,2320.6,2320.6,2320.8,1,1,40
9:29:41,2320.6,2320.6,2320.8,1,5,40
9:29:43,2320.6,2320.6,2320.8,3,8,40
9:29:43,2320.4,2320.4,2320.8,10,34,40
9:29:44,2320.6,2320.6,2320.8,2,2,42
9:29:44,2320.6,2320.4,2320.6,2,40,1
9:29:45,2320.4,2320.4,2320.6,2,38,1
9:29:45,2320.8,2320.6,2320.8,3,20,51
9:29:46,2320.6,2320.6,2320.8,13,7,51
9:29:46,2320.6,2320.6,2320.8,1,9,52
9:29:47,2320.6,2320.6,2320.8,6,4,53
9:29:47,2320.8,2320.6,2320.8,1,4,53
9:29:49,2320.6,2320.6,2320.8,1,6,60
9:29:49,2320.6,2320.4,2320.6,8,58,3
9:29:50,2320.6,2320.4,2320.6,2,59,5
9:29:51,2320.6,2320.4,2320.6,3,56,5
9:29:51,2320.4,2320.4,2320.6,6,53,3
9:29:52,2320.4,2320.4,2320.6,1,56,7
9:29:53,2320.6,2320.4,2320.6,7,57,2
9:29:54,2320.4,2320.4,2320.8,5,54,66
9:29:54,2320.4,2320.4,2320.8,4,52,66
9:29:55,2320.4,2320.4,2320.8,1,52,67
9:29:55,2320.4,2320.4,2320.8,1,51,67
9:29:56,2320.6,2320.6,2320.8,2,2,67
9:29:57,2320.6,2320.6,2320.8,1,1,67
9:29:57,2320.6,2320.4,2320.8,1,52,68
9:29:58,2320.4,2320.4,2320.6,2,50,5
9:29:58,2320.6,2320.4,2320.6,5,51,1
9:29:59,2320.8,2320.4,2320.8,4,51,71
9:30:00,2320.4,2320.4,2320.8,2,51,71
9:30:00,2320.8,2320.6,2320.8,23,12,62
9:30:01,2320.8,2320.6,2320.8,3,19,59
9:30:01,2320.6,2320.6,2320.8,23,18,41
9:30:02,2321,2320.8,2321,49,34,26
9:30:02,2320.8,2320.8,2321.2,62,23,12
9:30:03,2321,2321,2321.2,5,18,9
9:30:03,2321,2321,2321.2,7,19,3
9:30:04,2321.4,2321.2,2321.4,5,26,49
9:30:04,2321.4,2321.2,2321.4,6,21,66
9:30:05,2321.2,2321.2,2321.4,7,21,60
9:30:05,2321.2,2321,2321.2,35,12,2
9:30:06,2321.2,2321.2,2321.4,6,2,53
9:30:06,2321.4,2321.2,2321.4,7,1,61
9:30:07,2321.2,2321,2321.2,7,8,5
9:30:07,2321.2,2321,2321.2,8,6,2
9:30:08,2321.2,2320.6,2321.2,35,11,19
9:30:08,2321,2320.6,2321,21,12,1
9:30:09,2321,2320.8,2321,2,13,8
9:30:09,2321,2320.8,2321,4,21,6
9:30:10,2320.8,2320.8,2321,9,22,1
9:30:10,2321,2320.8,2321.2,3,22,21
9:30:11,2321,2320.8,2321.2,13,26,12
9:30:11,2320.8,2321,2321.2,5,11,13
9:30:12,2321.2,2321,2321.2,14,11,2
9:30:12,2321.2,2321,2321.4,3,17,63
9:30:13,2321,2321,2321.4,8,10,63
9:30:13,2321,2320.8,2321,13,13,5
9:30:14,2320.8,2320.8,2321.4,37,14,36
9:30:14,2320.8,2320.6,2320.8,19,17,12
9:30:15,2320.8,2320.6,2320.8,2,18,10
9:30:15,2320.6,2320.4,2320.6,28,75,2
9:30:16,2320.6,2320.4,2320.6,2,76,1
9:30:16,2320.6,2320.4,2320.8,12,67,30
9:30:17,2320.4,2320.4,2320.6,5,65,11
9:30:17,2320.6,2320.4,2320.6,5,66,12
9:30:18,2320.4,2320.4,2320.6,7,60,11
9:30:18,2320.4,2320.4,2320.6,7,59,6
9:30:19,2320.6,2320.4,2320.6,1,61,5
9:30:19,2320.6,2320.4,2320.6,6,57,3
9:30:20,2320.4,2320.4,2320.8,8,55,37
9:30:20,2320.6,2320.4,2320.6,1,63,1
9:30:21,2320.6,2320.4,2320.8,25,41,16
9:30:21,2320.6,2320.6,2320.8,4,3,16
9:30:22,2320.8,2320.8,2321,31,64,6
9:30:22,2321,2321,2321.2,6,2,16
9:30:23,2321.2,2321.2,2321.4,17,20,58
9:30:23,2321.4,2321.2,2321.4,47,20,11
9:30:24,2321.4,2321.4,2321.6,13,1,45
9:30:24,2321.6,2321.4,2321.6,15,7,34
9:30:25,2321.6,2321.4,2321.6,14,2,26
9:30:25,2321.4,2321.4,2321.6,13,3,15
9:30:26,2321.6,2321.6,2321.8,17,5,102
9:30:26,2321.4,2321.2,2321.6,11,18,5
9:30:27,2321.6,2321.4,2321.6,7,5,28
9:30:27,2321.4,2321.4,2321.6,24,3,26
9:30:28,2321.4,2321.4,2321.6,22,11,51
9:30:28,2321.4,2321.2,2321.4,28,18,1
9:30:29,2321.2,2321.2,2321.4,5,16,2
9:30:29,2321.4,2321.2,2321.4,3,15,28
9:30:30,2321.2,2321.2,2321.4,23,14,26
9:30:30,2321.2,2321.2,2321.4,10,11,28
9:30:31,2321.2,2321.2,2321.4,4,8,39
9:30:31,2321.2,2321.2,2321.4,6,5,38
9:30:32,2321.2,2321,2321.4,6,4,37
9:30:32,2321,2321,2321.2,7,5,3
9:30:33,2321,2321,2321.2,13,5,7
9:30:33,2321,2321,2321.2,17,3,6
9:30:34,2321,2321,2321.2,5,12,3
9:30:34,2321,2321,2321.2,17,17,4
9:30:35,2321.2,2321.2,2321.4,6,1,31
9:30:35,2321.2,2321,2321.4,30,17,4
9:30:36,2321.2,2321,2321.2,4,17,1
9:30:36,2321.2,2321.2,2321.4,2,8,20
9:30:37,2321.2,2321.2,2321.4,1,8,20
9:30:37,2321.2,2321.2,2321.4,3,2,21
9:30:38,2321.2,2321.2,2321.4,7,6,20
9:30:38,2321.2,2321.2,2321.4,4,2,20
9:30:39,2321.2,2321,2321.2,6,18,1
9:30:39,2321.4,2321,2321.4,12,18,14
9:30:40,2321.2,2321,2321.4,13,7,13
9:30:40,2321.4,2321,2321.2,1,7,1
9:30:41,2321.4,2321,2321.2,1,8,4
9:30:41,2321,2320.8,2321,11,6,12
9:30:42,2321,2320.8,2321,5,6,10
9:30:42,2321,2320.8,2321,4,6,6
9:30:43,2321,2320.8,2321.2,7,9,22
9:30:43,2321.6,2321,2321.4,53,6,1
9:30:44,2321.4,2321,2321.6,2,7,43
9:30:44,2321,2321.2,2321.4,2,13,3
9:30:45,2321.4,2321.2,2321.6,3,13,43
9:30:46,2321.6,2321.4,2321.6,5,3,42
9:30:47,2321.6,2321.4,2321.6,3,1,42
9:30:47,2321.6,2321.2,2321.6,2,26,41
9:30:48,2321.6,2321.2,2321.4,2,26,16
9:30:48,2321.2,2321.2,2321.6,33,12,42
9:30:49,2321.2,2321.2,2321.4,6,5,1
9:30:49,2321.2,2321.2,2321.4,33,3,1
9:30:50,2321.4,2321.2,2321.4,5,4,3
9:30:50,2321.4,2321.2,2321.4,2,8,17
9:30:51,2321.2,2321.2,2321.4,4,8,15
9:30:51,2321.4,2321,2321.4,15,28,11
9:30:52,2321.2,2321.2,2321.4,2,10,12
9:30:52,2321.2,2321.2,2321.4,2,9,12
9:30:53,2321.4,2321.2,2321.4,7,9,7
9:30:54,2321.4,2321.2,2321.4,5,10,2
9:30:54,2321.2,2321.2,2321.4,6,6,4
9:30:55,2321.2,2321.2,2321.4,4,3,3
9:30:55,2321.2,2321.4,2321.6,5,10,18
9:30:56,2321.4,2321.4,2321.6,8,6,33
9:30:56,2321.4,2321.4,2321.6,4,10,33
9:30:57,2321.4,2321.4,2321.6,5,11,33
9:30:57,2321.4,2321.4,2321.6,3,9,33
9:30:58,2321.6,2321.4,2321.6,1,10,33
9:30:58,2321.4,2321.4,2321.6,12,4,27
9:30:59,2321.2,2321,2321.2,11,39,9
9:30:59,2321.4,2321.2,2321.4,11,1,2
9:31:00,2321,2321,2321.6,11,37,24
9:31:00,2321,2321.2,2321.4,13,2,2
9:31:01,2321.6,2321.2,2321.4,21,3,2
9:31:01,2321.4,2321.2,2321.4,15,4,2
9:31:02,2321.6,2321.2,2321.6,5,7,7
9:31:02,2321.2,2321,2321.2,19,19,12
9:31:03,2321.4,2320.8,2321.2,43,15,1
9:31:03,2320.8,2320.6,2320.8,20,22,34
9:31:04,2320.8,2320.6,2320.8,5,23,37
9:31:04,2320.8,2320.6,2320.8,3,21,51
9:31:05,2320.8,2320.6,2320.8,14,8,51
9:31:05,2320.6,2320.4,2320.6,11,29,17
9:31:06,2320.4,2320.4,2320.6,20,10,17
9:31:06,2320.2,2320.2,2320.4,24,27,3
9:31:07,2320.4,2320,2320.4,39,80,1
9:31:07,2320,2320,2320.2,18,68,8
9:31:08,2320.2,2320,2320.2,16,59,3
9:31:08,2320,2320,2320.2,20,41,2
9:31:09,2320.2,2320.2,2320.4,16,2,7
9:31:09,2320,2320,2320.2,27,4,1
9:31:10,2320.2,2320,2320.2,1,4,7
9:31:10,2320.2,2320,2320.2,8,2,6
9:31:11,2320,2320,2320.2,7,10,6
9:31:12,2320,2320,2320.2,3,9,7
9:31:12,2320.2,2320,2320.2,11,8,1
9:31:13,2320,2319.8,2320,10,21,13
9:31:13,2320,2319.8,2320,6,23,8
9:31:14,2320,2319.8,2320,8,21,4
9:31:14,2320,2319.8,2320,5,19,1
9:31:15,2320,2319.8,2320,1,21,1
9:31:15,2319.8,2319.8,2320.2,3,18,6
9:31:16,2320,2320,2320.2,8,4,5
9:31:16,2320,2320,2320.2,8,2,5
9:31:17,2320.2,2320,2320.2,12,46,3
9:31:17,2320.2,2320.2,2320.4,4,10,5
9:31:18,2320.4,2320.2,2320.4,1,12,4
9:31:18,2320.4,2320.2,2320.4,13,1,2
9:31:19,2320.2,2320,2320.2,2,51,9
9:31:19,2320.2,2320,2320.2,2,59,13
9:31:20,2320,2320,2320.2,13,47,6
9:31:20,2320,2320,2320.2,9,41,6
9:31:21,2320.2,2320,2320.2,1,47,6
9:31:21,2320,2320,2320.2,4,46,4
9:31:22,2320.2,2320,2320.2,3,47,1
9:31:22,2320,2320,2320.4,9,40,14
9:31:23,2320.2,2320,2320.2,2,45,1
9:31:23,2320.2,2320.2,2320.4,26,6,3
9:31:24,2320.4,2320.2,2320.4,1,16,6
9:31:25,2320.4,2320.2,2320.4,7,10,5
9:31:25,2320.2,2320.2,2320.4,2,11,4
9:31:26,2320.2,2320.2,2320.4,3,3,2
9:31:27,2320.4,2320.2,2320.4,1,4,2
9:31:27,2320.4,2320.4,2320.6,8,2,17
9:31:28,2320,2320.4,2320.6,14,1,17
9:31:28,2320.4,2320.2,2320.6,1,1,17
9:31:29,2320.6,2320.2,2320.6,1,1,17
9:31:29,2320.2,2320.2,2320.4,5,1,5
9:31:30,2320.4,2320,2320.4,33,18,4
9:31:31,2320,2320,2320.4,8,15,7
9:31:32,2320.6,2320,2320.6,21,20,7
9:31:32,2320.8,2320,2320.4,28,15,1
9:31:33,2320,2320,2320.4,3,13,1
9:31:33,2320,2320,2320.4,4,11,2
9:31:34,2320,2320,2320.8,21,4,1
9:31:35,2320.2,2320.2,2320.6,3,18,1
9:31:35,2320.4,2320.2,2320.6,1,22,2
9:31:36,2320.6,2320.4,2320.6,1,3,2
9:31:36,2320.4,2320.4,2320.6,3,2,3
9:31:37,2320.4,2320.4,2320.6,5,14,2
9:31:37,2320.6,2320.4,2320.8,4,13,29
9:31:38,2320.6,2320.4,2320.6,1,13,1
9:31:38,2320.4,2320.4,2320.6,1,13,1
9:31:39,2320.4,2320.4,2320.8,7,12,31
9:31:39,2320.8,2320.4,2320.8,8,12,34
9:31:40,2320.4,2320.4,2320.6,1,13,35
9:31:41,2320.4,2320.2,2320.4,28,16,4
9:31:41,2320.6,2320.2,2320.4,10,15,1
9:31:42,2320.2,2320.2,2320.4,12,4,18
9:31:43,2320.2,2320.2,2320.4,7,2,109
9:31:43,2320.4,2320.2,2320.4,44,2,97
9:31:44,2320,2319.8,2320,22,23,44
9:31:44,2319.8,2319.6,2319.8,28,42,31
9:31:45,2319.8,2319.6,2319.8,29,30,9
9:31:45,2319.6,2319.6,2319.8,3,34,7
9:31:46,2319.6,2319.6,2319.8,1,34,7
9:31:46,2319.6,2319.6,2319.8,25,15,4
9:31:47,2319.8,2319.6,2320,4,16,50
9:31:47,2319.6,2319.6,2320,33,19,15
9:31:48,2320,2319.8,2320,1,10,14
9:31:48,2319.8,2319.8,2320,2,11,16
9:31:49,2320,2319.8,2320,5,10,14
9:31:49,2319.8,2319.6,2320,10,12,5
9:31:50,2319.6,2319.6,2319.8,1,28,1
9:31:50,2319.8,2319.8,2320,3,7,8
9:31:51,2319.8,2319.8,2320,2,5,8
9:31:51,2320,2319.8,2320,7,24,4
9:31:52,2320,2320,2320.2,7,7,11
9:31:52,2320,2320,2320.2,7,3,7
9:31:53,2320,2320,2320.2,2,6,7
9:31:53,2320.2,2320,2320.2,8,2,8
9:31:54,2320,2320,2320.2,3,2,8
9:31:54,2320,2319.8,2320.2,2,22,8
9:31:55,2320.2,2319.8,2320.2,9,27,4
9:31:56,2319.8,2319.8,2320,3,24,3
9:31:56,2319.8,2319.8,2320,1,24,3
9:31:57,2319.8,2319.8,2320.2,13,15,7
9:31:57,2320.2,2319.8,2320,2,15,5
9:31:58,2319.8,2319.8,2320,2,16,20
9:31:58,2320,2319.8,2320,14,3,20
9:31:59,2320,2319.8,2320,1,3,20
9:31:59,2319.6,2319.6,2319.8,18,23,1
9:32:00,2320,2320,2320.2,12,8,16
9:32:00,2320,2319.8,2320,14,1,8
9:32:01,2319.6,2319.6,2319.8,4,23,1
9:32:01,2319.6,2319.4,2319.6,30,30,48
9:32:02,2319.6,2319.2,2319.6,37,90,45
9:32:02,2319.2,2319.2,2319.6,2,88,45
9:32:03,2319.2,2319.2,2319.6,44,84,18
9:32:03,2319.2,2319.2,2319.6,26,76,9
9:32:04,2319.4,2319.4,2319.6,29,13,9
9:32:04,2319.4,2319.4,2319.6,15,1,7
9:32:05,2319.6,2319.4,2319.6,10,25,3
9:32:05,2319.4,2319.4,2319.6,5,23,4
9:32:06,2319.6,2319.4,2319.6,2,24,2
9:32:06,2319.6,2319.6,2319.8,4,14,12
9:32:07,2319.8,2319.6,2319.8,7,12,16
9:32:07,2319.8,2319.4,2319.8,32,6,10
9:32:08,2319.8,2319.4,2319.8,4,5,16
9:32:08,2319.8,2319.8,2320,17,4,20
9:32:09,2319.8,2319.8,2320,7,14,13
9:32:09,2319.8,2319.8,2320,13,3,12
9:32:10,2319.6,2319.4,2319.8,5,15,2
9:32:10,2320,2319.4,2319.8,10,18,1
9:32:11,2319.4,2319.4,2319.8,1,18,2
9:32:11,2319.8,2319.6,2319.8,6,2,7
9:32:12,2319.6,2319.6,2319.8,1,10,8
9:32:12,2319.6,2319.8,2320,12,1,22
9:32:13,2319.8,2319.6,2319.8,10,21,1
9:32:13,2319.8,2319.8,2320,1,9,15
9:32:14,2319.8,2319.8,2320,4,5,17
9:32:14,2320,2319.8,2320,3,3,16
9:32:15,2319.8,2319.6,2320,5,27,14
9:32:15,2320,2319.6,2320,12,23,12
9:32:16,2320,2319.8,2320,1,2,12
9:32:16,2319.6,2319.6,2320,3,24,12
9:32:17,2320,2319.6,2320,4,24,11
9:32:17,2320,2319.6,2320,12,27,3
9:32:18,2320,2319.8,2320,1,15,6
9:32:18,2320,2319.8,2320,3,17,10
9:32:19,2319.8,2319.8,2320,1,16,10
9:32:19,2320,2319.8,2320,2,36,13
9:32:20,2320,2319.8,2320,12,39,2
9:32:21,2320,2320,2320.2,2,23,10
9:32:21,2320,2320,2320.2,2,33,10
9:32:22,2320,2320,2320.2,1,33,10
9:32:22,2320,2319.8,2320,34,26,1
9:32:23,2319.8,2319.8,2320,7,21,1
9:32:23,2320,2319.8,2320.2,6,17,16
9:32:24,2320.2,2320,2320.2,5,26,16
9:32:24,2320,2320,2320.2,15,12,16
9:32:25,2320,2320,2320.2,1,11,16
9:32:25,2320,2320,2320.2,3,8,16
9:32:27,2320.2,2319.8,2320.2,11,22,14
9:32:27,2320.2,2319.8,2320.2,2,23,14
9:32:28,2320.2,2319.8,2320.2,2,23,12
9:32:28,2319.8,2319.8,2320.2,1,22,14
9:32:29,2320,2319.8,2320.2,2,23,15
9:32:29,2319.8,2319.8,2320.2,5,22,22
9:32:31,2320,2319.8,2320,2,24,5
9:32:32,2320,2319.8,2320,26,26,8
9:32:32,2320,2319.8,2320,2,25,21
9:32:33,2320,2319.8,2320,6,26,17
9:32:33,2320,2319.8,2320,5,26,13
9:32:34,2319.8,2319.8,2320,5,26,10
9:32:34,2320,2319.8,2320,7,27,3
9:32:35,2320,2319.8,2320,1,27,3
9:32:35,2320,2320,2320.2,3,1,16
9:32:36,2320,2319.8,2320.2,4,31,13
9:32:37,2320,2319.8,2320,4,32,2
9:32:38,2319.8,2319.8,2320,1,33,8
9:32:39,2319.8,2319.8,2320,1,33,8
9:32:39,2320,2319.8,2320,2,33,7
9:32:40,2319.8,2319.8,2320,2,37,9
9:32:40,2319.8,2319.8,2320,2,35,9
9:32:41,2320,2320,2320.2,17,37,26
9:32:41,2320,2320,2320.2,11,26,27
9:32:42,2320.2,2320,2320.2,2,28,25
9:32:42,2320,2320,2320.2,20,28,5
9:32:43,2320.2,2320.2,2320.4,6,8,19
9:32:43,2320.4,2320.2,2320.4,6,20,16
9:32:44,2320.2,2320.2,2320.4,10,11,16
9:32:44,2320.4,2320.2,2320.4,5,15,11
9:32:45,2320.4,2320.2,2320.4,17,4,9
9:32:45,2320.2,2320.2,2320.4,2,10,11
9:32:46,2320.2,2320.2,2320.4,3,12,9
9:32:46,2320.4,2320.2,2320.4,4,15,5
9:32:47,2320.6,2320.2,2320.6,16,12,20
9:32:48,2320.6,2320.4,2320.6,1,11,19
9:32:49,2320.6,2320.6,2320.8,26,6,6
9:32:49,2320.6,2320.6,2320.8,6,8,2
9:32:50,2320.8,2320.6,2320.8,2,7,2
9:32:50,2320.6,2320.6,2320.8,5,4,10
9:32:51,2320.8,2320.6,2320.8,1,4,34
9:32:51,2320.6,2320.6,2320.8,5,1,33
9:32:52,2320.6,2320.4,2320.6,7,18,18
9:32:52,2320.6,2320.4,2320.6,3,18,15
9:32:53,2320.6,2320.4,2320.6,2,18,13
9:32:53,2320.6,2320.4,2320.6,8,17,16
9:32:54,2320.6,2320.4,2320.6,1,17,15
9:32:54,2320.6,2320.4,2320.6,1,18,14
9:32:55,2320.4,2320.4,2320.6,10,8,15
9:32:55,2320.4,2320.4,2320.6,4,7,25
9:32:56,2320.6,2320.2,2320.6,9,9,28
9:32:56,2320.6,2320.2,2320.6,2,13,27
9:32:57,2320.6,2320.2,2320.6,1,20,16
9:32:57,2320.6,2320.2,2320.6,15,35,1
9:32:58,2320.6,2320.6,2320.8,5,26,12
9:32:58,2320.6,2320.6,2320.8,21,16,4
9:32:59,2320.8,2320.6,2320.8,7,17,1
9:32:59,2320.8,2320.8,2321,3,13,34
9:33:00,2321,2320.8,2321,9,13,33
9:33:01,2320.8,2320.8,2321,24,18,16
9:33:01,2321.2,2321,2321.2,22,1,5
9:33:02,2321.2,2321.2,2321.4,18,3,27
9:33:02,2321.4,2321.2,2321.4,22,1,29
9:33:03,2321.2,2321.2,2321.4,21,3,21
9:33:03,2321.4,2321,2321.4,12,1,17
9:33:04,2321.4,2321,2321.4,11,10,7
9:33:04,2321.4,2321,2321.4,15,9,3
9:33:05,2321,2321,2321.6,9,9,33
9:33:05,2321.4,2321.4,2321.6,3,3,33
9:33:06,2321.4,2321.4,2321.6,12,1,38
9:33:06,2321.6,2321.2,2321.4,5,8,4
9:33:07,2321.4,2321.2,2321.6,10,6,38
9:33:07,2321.6,2321.4,2321.6,11,1,31
9:33:08,2321.6,2321.2,2321.6,8,5,24
9:33:08,2321.2,2321.2,2321.4,17,5,1
9:33:09,2321.2,2321,2321.2,11,3,6
9:33:09,2321.2,2321,2321.2,5,3,8
9:33:10,2321,2321,2321.2,2,2,7
9:33:10,2321.2,2321,2321.2,1,2,7
9:33:11,2321.2,2321,2321.2,7,2,2
9:33:12,2321,2321,2321.2,2,3,4
9:33:12,2321,2321,2321.2,2,5,4
9:33:13,2321,2320.8,2321.2,9,13,2
9:33:13,2321.2,2320.8,2321.2,1,13,8
9:33:14,2320.8,2320.8,2321,4,27,9
9:33:14,2321,2320.8,2321,1,27,9
9:33:15,2321,2320.8,2321,1,27,9
9:33:15,2321.2,2321.2,2321.4,27,3,32
9:33:16,2321.2,2321.2,2321.4,4,4,29
9:33:16,2321,2321,2321.2,8,1,3
9:33:17,2321.2,2321,2321.2,3,4,1
9:33:17,2321.2,2321,2321.2,8,4,2
9:33:18,2321,2321.2,2321.4,5,1,20
9:33:18,2321,2321,2321.4,6,7,17
9:33:19,2321.2,2321.2,2321.4,2,1,17
9:33:19,2321.2,2321.2,2321.4,4,11,14
9:33:20,2321.4,2321.2,2321.4,14,8,2
9:33:20,2321.4,2321.4,2321.6,15,2,56
9:33:21,2321.6,2321.2,2321.6,12,18,47
9:33:21,2321.6,2321.2,2321.6,12,8,45
9:33:22,2321.6,2321.2,2321.4,5,6,24
9:33:22,2321.4,2321.2,2321.4,9,5,17
9:33:23,2321.4,2321.2,2321.6,20,3,43
9:33:23,2321.2,2321.2,2321.4,1,4,4
9:33:24,2321.6,2321.4,2321.6,9,1,41
9:33:24,2321.4,2321.2,2321.4,2,11,1
9:33:25,2321.4,2321.2,2321.6,1,26,42
9:33:25,2321.6,2321.4,2321.6,5,12,42
9:33:26,2321.4,2321.4,2321.6,6,54,40
9:33:26,2321.4,2321.4,2321.6,11,56,34
9:33:27,2321.8,2321.6,2321.8,92,43,91
9:33:27,2321.8,2321.6,2321.8,49,36,45
9:33:28,2321.8,2321.6,2321.8,16,35,32
9:33:28,2321.8,2321.6,2321.8,27,32,14
9:33:29,2321.8,2321.6,2321.8,17,31,1
9:33:29,2321.8,2321.6,2321.8,13,20,1
9:33:30,2321.6,2321.6,2321.8,32,12,13
9:33:30,2321.6,2321.4,2321.6,124,43,29
9:33:31,2321.6,2321.4,2321.6,27,42,23
9:33:31,2321.6,2321.4,2321.6,16,41,23
9:33:32,2321.6,2321.4,2321.6,6,42,17
9:33:32,2321.6,2321.4,2321.6,25,26,12
9:33:33,2322,2321.4,2322,36,27,66
9:33:33,2321.6,2321.4,2321.6,5,26,37
9:33:34,2321.8,2321.8,2322,41,6,67
9:33:34,2321.6,2321.8,2322,10,3,67
9:33:35,2321.8,2321.6,2322,9,4,67
9:33:35,2322,2321.8,2322,7,1,60
9:33:36,2322,2321.8,2322,7,6,62
9:33:36,2322,2321.8,2322,18,11,49
9:33:37,2321.8,2321.8,2322,14,10,39
9:33:37,2322,2321.8,2322,54,20,7
9:33:38,2322,2322,2322.2,8,9,72
9:33:38,2322.2,2321.8,2322.2,32,30,51
9:33:39,2322,2321.8,2322,18,14,23
9:33:39,2322,2321.8,2322,18,11,11
9:33:40,2322,2321.8,2322,34,2,3
9:33:40,2321.4,2322,2322.2,71,3,13
9:33:41,2321.8,2321.4,2322,13,33,31
9:33:41,2321.8,2321.6,2321.8,6,3,2
9:33:42,2321.8,2321.6,2321.8,5,11,1
9:33:42,2321.8,2321.8,2322,13,4,33
9:33:43,2321.8,2321.8,2322,8,1,46
9:33:43,2321.8,2321.8,2322,3,1,52
9:33:44,2321.8,2321.6,2321.8,6,10,1
9:33:44,2321.8,2321.6,2321.8,3,20,14
9:33:45,2321.8,2321.6,2321.8,2,21,23
9:33:45,2321.6,2321.6,2321.8,7,14,30
9:33:46,2321.6,2321.6,2321.8,34,10,2
9:33:46,2321.6,2321.6,2321.8,5,7,3
9:33:47,2321.8,2321.6,2321.8,1,17,2
9:33:47,2321.6,2321.6,2322,11,16,55
9:33:48,2321.6,2321.8,2322,16,3,58
9:33:48,2322,2321.8,2322,4,2,67
9:33:49,2322,2321.6,2322,5,3,65
9:33:49,2321.8,2321.6,2321.8,4,4,2
9:33:50,2321.6,2321.4,2321.6,11,38,21
9:33:50,2321.6,2321.4,2321.6,5,37,17
9:33:51,2321.6,2321.4,2321.6,18,41,7
9:33:51,2321.6,2321.6,2321.8,16,13,6
9:33:52,2321.8,2321.6,2321.8,8,33,16
9:33:52,2321.8,2321.8,2322,10,5,97
9:33:53,2322,2321.8,2322,4,5,93
9:33:53,2322,2321.8,2322,5,8,93
9:33:54,2321.8,2321.8,2322,1,7,97
9:33:54,2321.8,2321.6,2321.8,19,37,24
9:33:55,2321.8,2321.6,2321.8,2,37,22
9:33:55,2321.6,2321.6,2321.8,3,34,41
9:33:56,2321.8,2321.6,2321.8,2,34,44
9:33:56,2321.6,2321.6,2321.8,11,5,56
9:33:57,2321.6,2321.4,2321.6,8,40,12
9:33:57,2321.4,2321.4,2321.6,14,28,13
9:33:58,2321.4,2321.4,2321.6,13,7,13
9:33:58,2321.4,2321.4,2321.6,3,5,17
9:33:59,2321.6,2321.2,2321.6,16,47,17
9:33:59,2321.8,2321.6,2321.8,36,6,48
9:34:00,2321.6,2321.6,2321.8,38,5,13
9:34:00,2321.8,2321.8,2322,33,8,84
9:34:01,2322,2321.8,2322,3,34,78
9:34:01,2321.8,2321.8,2322,21,26,68
9:34:02,2321.8,2321.8,2322,6,25,63
9:34:02,2322,2321.8,2322,19,26,56
9:34:03,2321.8,2321.8,2322,12,23,47
9:34:03,2322,2321.8,2322,16,20,41
9:34:04,2322,2321.8,2322,18,15,29
9:34:04,2321.8,2321.8,2322,22,1,24
9:34:05,2321.8,2321.6,2322,2,6,25
9:34:05,2321.8,2321.6,2321.8,2,9,10
9:34:06,2321.6,2321.6,2321.8,6,6,11
9:34:06,2321.8,2321.8,2322,11,1,44
9:34:07,2322,2321.6,2322,3,8,42
9:34:07,2321.8,2321.8,2322,3,2,41
9:34:08,2322,2321.6,2322,6,28,39
9:34:08,2322,2321.6,2322,6,23,35
9:34:09,2321.8,2321.8,2322,21,10,52
9:34:09,2322,2321.8,2322,4,7,49
9:34:10,2321.8,2321.8,2322,10,5,41
9:34:10,2321.6,2321.4,2321.6,13,9,1
9:34:11,2321.8,2321.6,2321.8,3,2,24
9:34:11,2321.8,2321.4,2321.6,11,10,7
9:34:12,2321.6,2321.6,2321.8,11,4,31
9:34:12,2321.6,2321.4,2321.8,5,10,34
9:34:13,2321.4,2321.4,2321.6,3,15,5
9:34:13,2321.4,2321.4,2321.6,18,13,3
9:34:14,2321.4,2321.4,2321.6,3,12,4
9:34:14,2321.4,2321.4,2321.6,5,11,3
9:34:15,2321.4,2321.4,2321.8,7,9,26
9:34:15,2321.6,2321.6,2321.8,4,17,25
9:34:16,2321.8,2321.6,2321.8,3,15,26
9:34:16,2321.6,2321.6,2321.8,3,28,23
9:34:17,2321.6,2321.6,2321.8,2,29,27
9:34:18,2321.6,2321.6,2322,34,26,71
9:34:18,2321.8,2321.6,2321.8,2,26,3
9:34:19,2321.8,2321.8,2322,8,7,70
9:34:19,2321.8,2321.6,2321.8,19,27,1
9:34:20,2321.6,2321.8,2322,11,1,55
9:34:20,2321.8,2321.6,2322,11,28,46
9:34:21,2321.8,2321.8,2322,3,7,45
9:34:21,2321.8,2321.8,2322,2,13,46
9:34:22,2321.8,2321.8,2322,2,18,47
9:34:23,2321.8,2321.8,2322,40,10,16
9:34:23,2322,2321.8,2322,17,15,3
9:34:24,2322,2322,2322.2,8,12,18
9:34:24,2322,2322,2322.2,4,10,18
9:34:25,2322.2,2322,2322.2,3,9,28
9:34:25,2322.2,2322,2322.2,1,10,32
9:34:26,2322.2,2322,2322.2,17,3,21
9:34:26,2322.2,2322,2322.2,15,4,11
9:34:27,2322,2321.8,2322,4,3,18
9:34:27,2322,2321.6,2322,7,37,18
9:34:28,2322,2321.6,2321.8,3,38,1
9:34:28,2321.8,2321.6,2322,2,38,19
9:34:29,2322,2321.6,2322.2,24,44,28
9:34:29,2321.6,2321.6,2322,9,62,3
9:34:30,2322,2321.8,2322,2,5,6
9:34:30,2322,2321.8,2322,5,4,2
9:34:31,2321.8,2321.8,2322,2,3,22
9:34:31,2321.8,2321.8,2322,6,4,20
9:34:32,2322,2321.8,2322,2,4,30
9:34:32,2321.8,2321.6,2322,6,64,32
9:34:33,2321.8,2321.6,2322,1,64,37
9:34:34,2322,2321.6,2322,23,55,54
9:34:34,2322,2321.6,2322,26,54,37
9:34:35,2321.8,2321.6,2322,22,36,97
9:34:35,2321.6,2321.6,2322,3,46,98
9:34:36,2321.8,2321.6,2321.8,10,46,26
9:34:36,2321.6,2321.6,2321.8,8,41,33
9:34:37,2321.6,2321.6,2321.8,35,9,38
9:34:37,2321.6,2321.6,2321.8,4,6,48
9:34:38,2321.6,2321.4,2321.6,15,21,10
9:34:38,2321.8,2321.4,2321.6,15,25,1
9:34:39,2321.6,2321.4,2321.6,21,5,1
9:34:39,2321.6,2321.6,2321.8,2,6,49
9:34:40,2321.4,2321.2,2321.4,27,38,14
9:34:40,2321.4,2321.2,2321.4,1,38,13
9:34:41,2321.4,2321.2,2321.4,7,40,9
9:34:41,2321.4,2321.2,2321.4,2,40,9
9:34:42,2321.2,2321.2,2321.4,6,34,8
9:34:43,2321.2,2321.2,2321.4,8,28,7
9:34:43,2321.4,2321.2,2321.4,3,26,15
9:34:44,2321.2,2321.2,2321.4,3,24,19
9:34:45,2321.4,2321.2,2321.4,3,25,17
9:34:45,2321.4,2321.2,2321.4,2,24,21
9:34:46,2321.2,2321.2,2321.4,31,13,2
9:34:46,2321.4,2321.4,2321.6,22,22,23
9:34:47,2321.4,2321.4,2321.6,2,24,25
9:34:47,2321.4,2321.4,2321.6,3,22,26
9:34:48,2321.6,2321.4,2321.6,8,22,19
9:34:48,2321.4,2321.4,2321.6,5,24,20
9:34:49,2321.6,2321.4,2321.6,19,9,17
9:34:49,2321.6,2321.4,2321.6,8,6,8
9:34:50,2321.4,2321.4,2321.6,2,5,6
9:34:51,2321.6,2321.6,2321.8,6,6,43
9:34:51,2321.6,2321.6,2321.8,8,1,40
9:34:52,2321.4,2321.4,2321.8,9,2,40
9:34:53,2321.4,2321.4,2321.6,5,12,18
9:34:54,2321.6,2321.4,2321.6,5,5,14
9:34:54,2321,2320.8,2321,83,30,18
9:34:55,2321,2320.8,2321,5,30,13
9:34:55,2321.4,2320.8,2321.4,18,30,4
9:34:56,2321.4,2321,2321.4,3,37,4
9:34:56,2321.4,2321.2,2321.4,4,1,38
9:34:57,2321,2321.2,2321.4,17,20,33
9:34:57,2321.4,2321.2,2321.4,2,43,48
9:34:58,2321.4,2321.2,2321.4,13,32,47
9:34:58,2321.2,2321.2,2321.4,6,32,45
9:34:59,2321.4,2321.2,2321.4,18,33,28
9:35:00,2321.2,2321.2,2321.4,1,34,23
9:35:00,2321.6,2321.2,2321.6,36,47,15
9:35:01,2320.8,2320.8,2321,114,34,11
9:35:01,2320.8,2320.8,2321.2,24,31,1
9:35:02,2321.2,2321,2321.2,12,1,1
9:35:02,2321.4,2321.2,2321.6,2,1,16
9:35:03,2321,2321,2321.4,5,9,1
9:35:03,2321,2321.2,2321.4,2,2,1
9:35:04,2321,2321,2321.4,4,18,21
9:35:04,2321,2320.8,2321,19,35,82
9:35:05,2320.8,2320.6,2320.8,45,30,21
9:35:05,2320.8,2320.6,2320.8,17,30,8
9:35:06,2320.6,2320.6,2320.8,3,29,8
9:35:06,2320.8,2320.6,2321,3,31,82
9:35:07,2320.6,2320.6,2321,13,20,83
9:35:07,2320.6,2320.6,2320.8,7,19,2
9:35:08,2320.6,2320.6,2320.8,6,15,2
9:35:08,2320.6,2320.4,2320.6,18,20,3
9:35:09,2320.6,2320.4,2320.6,2,20,2
9:35:09,2320.6,2320.6,2320.8,3,2,4
9:35:10,2321,2320.6,2320.8,13,1,5
9:35:10,2320.6,2320.6,2320.8,2,13,15
9:35:11,2320.6,2320.6,2320.8,5,9,12
9:35:11,2320.6,2320.6,2320.8,4,13,13
9:35:12,2320.8,2320.6,2320.8,8,12,6
9:35:12,2320.8,2320.6,2320.8,2,13,5
9:35:13,2320.8,2320.6,2320.8,7,12,1
9:35:13,2320.8,2320.6,2321,9,7,97
9:35:14,2320.6,2320.6,2321,1,11,98
9:35:14,2320.8,2320.6,2321,3,13,98
9:35:15,2321,2320.6,2321,2,14,96
9:35:15,2320.8,2320.6,2321,2,16,96
9:35:16,2321,2320.6,2321,4,16,96
9:35:17,2320.8,2320.6,2320.8,5,19,28
9:35:17,2320.6,2320.6,2320.8,14,5,30
9:35:18,2320.6,2320.6,2320.8,8,1,28
9:35:18,2320.6,2320.4,2320.8,7,77,28
9:35:19,2320.8,2320.6,2320.8,16,16,18
9:35:19,2320.6,2320.6,2320.8,10,28,17
9:35:20,2320.6,2320.6,2320.8,8,25,15
9:35:20,2320.6,2320.6,2320.8,2,25,20
9:35:21,2320.8,2320.8,2321,23,1,102
9:35:21,2321,2320.6,2321,2,23,101
9:35:22,2320.6,2320.6,2320.8,5,23,1
9:35:23,2320.8,2320.6,2320.8,2,25,1
9:35:24,2320.8,2320.8,2321,2,3,103
9:35:24,2321,2320.8,2321,4,7,120
9:35:25,2321,2320.8,2321,1,10,119
9:35:25,2320.8,2320.8,2321,1,11,121
9:35:26,2321,2320.8,2321,43,11,78
9:35:26,2320.8,2320.8,2321,3,11,76
9:35:27,2321,2320.8,2321,19,23,67
9:35:27,2321,2320.8,2321,10,26,57
9:35:28,2321,2320.8,2321,8,27,50
9:35:28,2321,2320.8,2321,5,33,46
9:35:29,2320.8,2320.8,2321,21,14,45
9:35:29,2321,2320.8,2321,1,20,44
9:35:30,2321,2320.8,2321,19,16,27
9:35:30,2321,2320.8,2321,22,16,15
9:35:31,2321,2320.8,2321,1,17,66
9:35:31,2321,2320.8,2321,3,17,63
9:35:32,2320.8,2320.6,2320.8,18,50,3
9:35:32,2320.8,2320.6,2320.8,9,55,17
9:35:33,2320.8,2320.6,2320.8,4,55,13
9:35:33,2320.8,2320.6,2320.8,1,55,14
9:35:34,2320.8,2320.6,2320.8,1,55,13
9:35:34,2320.8,2320.6,2320.8,1,53,12
9:35:35,2320.8,2320.6,2320.8,3,54,11
9:35:35,2320.6,2320.6,2320.8,2,54,21
9:35:36,2320.4,2320.4,2320.8,89,59,21
9:35:37,2320.4,2320.4,2320.6,4,56,1
9:35:37,2320.8,2320.4,2320.6,8,52,9
9:35:38,2320.4,2320.4,2320.6,2,42,11
9:35:38,2320.4,2320.4,2320.6,6,40,8
9:35:39,2320.6,2320.6,2320.8,15,8,11
9:35:39,2320.6,2320.6,2320.8,8,8,10
9:35:40,2320.6,2320.6,2320.8,2,7,21
9:35:40,2320.8,2320.6,2320.8,14,18,10
9:35:41,2320.8,2320.6,2320.8,5,17,7
9:35:42,2320.8,2320.6,2320.8,1,19,11
9:35:42,2320.8,2320.6,2320.8,2,18,11
9:35:43,2320.8,2320.6,2320.8,1,18,12
9:35:43,2320.8,2320.6,2320.8,2,16,11
9:35:44,2320.8,2320.6,2320.8,4,20,9
9:35:44,2320.8,2320.6,2320.8,1,22,8
9:35:45,2320.8,2320.8,2321,12,1,78
9:35:46,2320.8,2320.6,2321,2,22,77
9:35:47,2320.6,2320.6,2321,3,25,76
9:35:47,2320.6,2320.6,2320.8,1,24,1
9:35:48,2320.8,2320.6,2320.8,7,31,16
9:35:49,2320.8,2320.6,2320.8,12,24,14
9:35:50,2320.8,2320.6,2320.8,5,34,9
9:35:51,2320.6,2320.6,2320.8,2,35,9
9:35:52,2320.8,2320.6,2320.8,9,36,3
9:35:52,2320.8,2320.6,2321,3,36,84
9:35:53,2320.6,2320.6,2321,23,15,83
9:35:53,2320.6,2320.4,2320.6,29,65,1
9:35:54,2320.6,2320.4,2320.8,4,64,2
9:35:55,2320.6,2320.4,2320.8,2,75,15
9:35:55,2320.8,2320.6,2320.8,3,3,13
9:35:56,2320.8,2320.6,2320.8,2,4,20
9:35:57,2320.6,2320.6,2320.8,3,1,13
9:35:57,2320.6,2320.6,2320.8,1,2,12
9:35:58,2320.6,2320.4,2320.6,2,67,1
9:35:58,2320.6,2320.6,2320.8,6,2,10
9:35:59,2320.8,2320.6,2320.8,4,1,7
9:35:59,2320.8,2320.6,2320.8,1,1,6
9:36:00,2320.8,2320.6,2320.8,2,11,5
9:36:00,2320.8,2320.8,2321,14,6,80
9:36:01,2321,2320.6,2321,28,15,58
9:36:01,2320.6,2320.6,2320.8,1,19,3
9:36:02,2320.6,2320.6,2321,28,16,46
9:36:02,2321,2320.8,2321,7,1,39
9:36:03,2321,2320.8,2321,1,25,38
9:36:03,2321,2320.8,2321,11,25,27
9:36:04,2321,2321,2321.2,28,8,25
9:36:04,2321.2,2321,2321.2,8,9,17
9:36:05,2321,2321,2321.2,5,7,14
9:36:05,2321,2321,2321.2,6,5,12
9:36:06,2321.2,2320.8,2321.2,30,49,2
9:36:06,2321,2321,2321.2,5,2,2
9:36:07,2321,2320.8,2321.4,4,50,20
9:36:07,2321.2,2321,2321.4,2,1,20
9:36:08,2321.2,2321.2,2321.4,4,1,27
9:36:08,2321,2320.8,2321,4,31,6
9:36:09,2321,2320.8,2321,2,30,4
9:36:09,2321,2320.8,2321,7,30,2
9:36:10,2321,2321,2321.2,2,5,3
9:36:10,2321.2,2321,2321.2,19,2,12
9:36:11,2321,2321,2321.2,2,3,11
9:36:11,2321,2321,2321.2,1,2,13
9:36:12,2320.8,2320.8,2321.2,7,15,13
9:36:14,2321,2320.8,2321,3,17,1
9:36:14,2321,2321,2321.2,2,1,16
9:36:15,2321,2320.8,2321,15,18,9
9:36:16,2320.8,2320.8,2321,1,17,21
9:36:16,2320.8,2320.8,2321,4,15,20
9:36:17,2320.8,2320.8,2321,7,8,21
9:36:17,2320.8,2320.6,2320.8,8,28,8
9:36:18,2320.6,2320.6,2320.8,10,13,9
9:36:19,2320.6,2320.4,2320.6,17,60,11
9:36:19,2320.6,2320.4,2320.6,12,60,24
9:36:20,2320.4,2320.4,2320.6,7,66,22
9:36:20,2320.6,2320.4,2320.6,2,54,20
9:36:21,2320.4,2320.4,2320.6,15,39,21
9:36:21,2320.4,2320.4,2320.6,12,27,23
9:36:22,2320.4,2320.4,2320.6,13,23,14
9:36:22,2320.6,2320.4,2320.6,4,22,12
9:36:23,2320.4,2320.4,2320.6,5,17,12
9:36:23,2320.4,2320.4,2320.6,4,15,12
9:36:24,2320.6,2320.4,2320.6,3,15,21
9:36:24,2320.4,2320.4,2320.6,2,13,22
9:36:25,2320.4,2320.4,2320.6,13,2,20
9:36:25,2320.4,2320.2,2320.4,4,138,66
9:36:26,2320.4,2320.2,2320.4,3,137,68
9:36:26,2320.4,2320.2,2320.4,7,135,64
9:36:27,2320.2,2320.2,2320.4,1,136,76
9:36:27,2320.4,2320.2,2320.4,13,129,73
9:36:28,2320.4,2320.2,2320.4,4,129,79
9:36:28,2320.4,2320.2,2320.4,3,127,78
9:36:29,2320.4,2320.2,2320.4,28,101,76
9:36:29,2320.2,2320.2,2320.4,27,76,87
9:36:30,2320.2,2320.2,2320.4,28,56,79
9:36:30,2320.2,2320.2,2320.4,28,29,81
9:36:31,2320.2,2320,2320.2,31,209,14
9:36:31,2320,2320,2320.2,13,207,7
9:36:32,2320.2,2320,2320.4,11,206,91
9:36:32,2320,2320,2320.4,19,195,83
9:36:33,2320,2320,2320.4,47,150,81
9:36:33,2320,2320,2320.2,6,144,1
9:36:34,2320,2320.2,2320.4,30,4,86
9:36:34,2320,2320,2320.2,6,124,17
9:36:35,2320,2320,2320.2,9,127,22
9:36:35,2320,2320,2320.2,5,124,23
9:36:36,2320.2,2320,2320.2,7,139,18
9:36:37,2320,2320,2320.2,13,129,29
9:36:37,2320.2,2320,2320.2,20,110,28
9:36:38,2320,2320,2320.2,4,110,26
9:36:38,2320,2320,2320.2,8,102,25
9:36:39,2320.2,2320,2320.2,39,65,36
9:36:40,2320,2320,2320.2,7,64,34
9:36:40,2320.2,2320,2320.2,1,71,34
9:36:41,2320,2320,2320.2,4,70,37
9:36:41,2320.2,2320,2320.2,12,71,25
9:36:42,2320,2320,2320.2,21,58,19
9:36:42,2320,2320,2320.2,9,52,19
9:36:43,2320,2320,2320.2,9,57,17
9:36:43,2320,2320,2320.2,5,64,21
9:36:44,2320.2,2320,2320.2,5,62,21
9:36:44,2320.2,2320.2,2320.4,24,9,42
9:36:45,2320.2,2320.2,2320.4,1,24,42
9:36:45,2320.2,2320.2,2320.4,6,57,40
9:36:46,2320.2,2320.2,2320.4,21,74,32
9:36:46,2320.4,2320.2,2320.4,48,52,1
9:36:47,2320.4,2320.2,2320.6,7,50,5
9:36:47,2320.4,2320.4,2320.6,1,8,10
9:36:48,2320.4,2320.4,2320.6,2,9,15
9:36:48,2320.4,2320.4,2320.6,5,13,14
9:36:49,2320.4,2320.4,2320.6,1,14,14
9:36:49,2320.6,2320.4,2320.8,16,28,42
9:36:50,2320.4,2320.4,2320.8,11,18,41
9:36:50,2320.4,2320.4,2320.8,4,15,43
9:36:52,2320.4,2320.4,2320.6,3,16,2
9:36:52,2320.6,2320.4,2320.6,11,6,12
9:36:53,2320.6,2320.4,2320.6,1,27,11
9:36:53,2320.4,2320.4,2320.6,5,23,27
9:36:54,2320.6,2320.4,2320.6,3,23,16
9:36:54,2320.6,2320.4,2320.6,2,24,32
9:36:55,2320.6,2320.4,2320.6,7,23,26
9:36:55,2320.6,2320.4,2320.6,3,31,23
9:36:56,2320.4,2320.4,2320.6,2,29,25
9:36:56,2320.6,2320.4,2320.6,1,30,24
9:36:57,2320.6,2320.4,2320.6,1,31,24
9:36:58,2320.4,2320.4,2320.6,1,30,24
9:36:58,2320.4,2320.4,2320.6,4,28,22
9:36:59,2320.6,2320.4,2320.6,2,31,22
9:36:59,2320.4,2320.4,2320.6,1,30,22
9:37:00,2320.4,2320.4,2320.6,2,29,22
9:37:00,2320.6,2320.4,2320.6,2,34,22
9:37:01,2320.6,2320.4,2320.6,6,34,16
9:37:01,2320.6,2320.4,2320.6,4,33,14
9:37:02,2320.4,2320.4,2320.6,18,17,13
9:37:02,2320.6,2320.4,2320.6,13,17,3
9:37:03,2320.6,2320.4,2320.6,6,13,2
9:37:03,2320.8,2320.4,2320.6,6,16,3
9:37:04,2320.4,2320.4,2320.8,5,18,59
9:37:05,2320.6,2320.4,2320.6,12,16,21
9:37:05,2320.6,2320.6,2320.8,22,14,74
9:37:06,2320.8,2320.6,2320.8,10,30,73
9:37:06,2320.6,2320.6,2320.8,29,1,74
9:37:07,2320.8,2320.4,2320.8,26,3,51
9:37:07,2320.8,2320.6,2320.8,37,1,28
9:37:08,2320.4,2320.4,2320.6,2,15,1
9:37:08,2320.8,2320.6,2320.8,2,1,26
9:37:09,2320.8,2320.6,2320.8,3,5,24
9:37:09,2320.6,2320.6,2320.8,2,9,23
9:37:10,2320.8,2320.6,2320.8,3,9,21
9:37:10,2320.8,2320.6,2320.8,2,9,20
9:37:11,2320.8,2320.6,2320.8,5,9,15
9:37:12,2320.8,2320.6,2320.8,6,14,9
9:37:12,2320.8,2320.6,2320.8,5,17,4
9:37:13,2320.8,2320.6,2320.8,5,17,21
9:37:13,2320.8,2320.6,2320.8,9,16,22
9:37:14,2320.8,2320.6,2320.8,5,14,19
9:37:14,2320.8,2320.6,2320.8,3,14,17
9:37:15,2320.8,2320.6,2320.8,6,16,13
9:37:15,2320.6,2320.6,2320.8,5,16,9
9:37:16,2320.8,2320.6,2320.8,7,17,3
9:37:16,2320.8,2320.8,2321,3,26,35
9:37:17,2320.8,2320.8,2321,25,7,32
9:37:17,2321,2320.8,2321,26,2,8
9:37:18,2321,2321,2321.2,15,34,28
9:37:18,2321.2,2321,2321.2,7,36,23
9:37:19,2321.2,2321,2321.2,5,41,19
9:37:19,2321.2,2321,2321.2,18,40,2
9:37:20,2321.2,2321.2,2321.4,2,6,38
9:37:20,2321.2,2321.2,2321.4,33,1,37
9:37:21,2321,2321,2321.2,10,21,4
9:37:21,2321.4,2321.2,2321.4,5,3,38
9:37:22,2321,2321,2321.2,27,16,21
9:37:22,2321.2,2321,2321.2,8,16,22
9:37:23,2321.2,2321,2321.2,5,16,23
9:37:23,2321.2,2321,2321.2,14,18,11
9:37:24,2321,2320.8,2321,28,18,8
9:37:24,2321,2320.8,2321,12,17,8
9:37:25,2321,2320.8,2321,1,17,7
9:37:25,2321,2320.8,2321,2,17,5
9:37:26,2321,2320.8,2321,2,17,5
9:37:27,2321,2320.8,2321,2,16,4
9:37:27,2321,2320.8,2321,3,17,4
9:37:28,2321,2320.8,2321,1,18,3
9:37:28,2321,2320.8,2321,1,15,2
9:37:29,2321,2320.8,2321,1,18,3
9:37:29,2320.8,2320.8,2321.2,5,17,27
9:37:30,2321,2320.8,2321,5,18,1
9:37:30,2321,2320.8,2321.2,5,17,27
9:37:31,2321,2320.8,2321.2,1,17,27
9:37:31,2321.2,2320.8,2321.2,20,6,31
9:37:32,2321,2320.8,2321,6,5,10
9:37:32,2320.8,2320.8,2321,3,4,7
9:37:33,2320.8,2320.8,2321,3,2,6
9:37:33,2321,2320.8,2321,3,2,4
9:37:34,2321,2320.8,2321,2,8,2
9:37:34,2320.8,2320.8,2321,3,7,1
9:37:35,2321,2320.8,2321.2,2,7,28
9:37:35,2320.8,2320.8,2321,6,1,1
9:37:36,2320.8,2320.8,2321.2,4,2,28
9:37:37,2321.2,2320.8,2321.2,1,8,28
9:37:38,2321,2321,2321.2,4,1,39
9:37:38,2321.2,2320.8,2321,3,16,1
9:37:39,2321,2320.8,2321,1,17,2
9:37:40,2321,2320.8,2321,4,94,2
9:37:40,2321,2321,2321.2,2,3,40
9:37:41,2321.2,2321,2321.2,1,11,41
9:37:41,2321.2,2321,2321.2,21,29,29
9:37:42,2321.2,2321,2321.2,4,32,28
9:37:42,2321,2321,2321.2,2,31,27
9:37:43,2321,2321,2321.2,23,12,25
9:37:43,2321,2321,2321.2,1,18,26
9:37:44,2321.2,2321,2321.2,3,17,29
9:37:44,2321.2,2321,2321.2,2,17,28
9:37:45,2321.2,2321,2321.2,4,17,25
9:37:46,2321,2321,2321.2,5,13,30
9:37:46,2320.8,2320.8,2321,26,97,15
9:37:47,2321,2320.8,2321,1,98,14
9:37:47,2321,2320.8,2321,3,97,16
9:37:48,2320.8,2320.8,2321,3,102,22
9:37:49,2321,2320.8,2321,4,91,14
9:37:49,2321,2320.8,2321,5,91,9
9:37:50,2320.8,2320.8,2321,1,90,11
9:37:50,2321,2320.8,2321,1,99,13
9:37:51,2321,2320.8,2321,3,90,17
9:37:52,2321,2320.8,2321,2,89,15
9:37:52,2321,2320.8,2321,2,97,14
9:37:53,2321,2320.8,2321,7,95,15
9:37:53,2321,2320.8,2321,3,89,12
9:37:54,2321,2320.8,2321,2,89,10
9:37:54,2321,2320.8,2321,4,127,12
9:37:55,2321,2320.8,2321.2,12,132,37
9:37:55,2321,2320.8,2321.2,8,132,38
9:37:56,2320.8,2320.8,2321,7,96,2
9:37:56,2320.8,2321,2321.2,11,9,35
9:37:57,2321,2321,2321.2,1,13,37
9:37:58,2321.2,2321,2321.2,5,9,37
9:37:58,2321,2321,2321.2,4,7,37
9:38:00,2321,2320.8,2321.2,7,96,38
9:38:00,2321.2,2321,2321.2,7,2,40
9:38:01,2320.8,2320.8,2321.2,14,89,36
9:38:01,2320.8,2320.8,2321,13,88,1
9:38:02,2320.8,2320.8,2321.2,16,84,18
9:38:02,2321.2,2321,2321.2,2,8,17
9:38:03,2320.8,2320.8,2321,24,67,48
9:38:03,2321,2320.8,2321,17,69,55
9:38:04,2320.8,2320.8,2321,8,64,56
9:38:04,2320.8,2320.8,2321,52,16,60
9:38:05,2320.6,2320.6,2320.8,19,36,47
9:38:05,2320.6,2320.6,2320.8,3,43,54
9:38:06,2320.6,2320.6,2320.8,15,31,51
9:38:06,2320.6,2320.6,2320.8,4,27,53
9:38:07,2320.6,2320.6,2320.8,6,21,53
9:38:07,2320.6,2320.6,2320.8,3,19,38
9:38:08,2320.8,2320.6,2320.8,3,22,36
9:38:08,2320.6,2320.6,2320.8,2,21,36
9:38:09,2320.6,2320.6,2320.8,7,15,29
9:38:10,2320.4,2320.4,2320.8,17,27,29
9:38:11,2320.6,2320.4,2320.6,1,27,2
9:38:12,2320.4,2320.4,2320.6,3,24,3
9:38:13,2320.4,2320.4,2320.6,2,23,23
9:38:13,2320.4,2320.4,2320.6,3,21,32
9:38:14,2320.4,2320.4,2320.6,2,19,36
9:38:14,2320.2,2320.2,2320.4,20,51,7
9:38:15,2320.2,2320.2,2320.4,8,58,18
9:38:15,2320.4,2320.2,2320.4,3,57,19
9:38:16,2320.4,2320.2,2320.4,21,46,17
9:38:16,2320.2,2320.2,2320.4,5,43,18
9:38:17,2320.2,2320.2,2320.4,44,2,19
9:38:17,2320.2,2320,2320.2,10,122,8
9:38:18,2320.2,2320,2320.2,5,121,7
9:38:18,2320.2,2320,2320.2,1,121,7
9:38:19,2320,2320,2320.2,10,109,9
9:38:19,2320,2320,2320.2,3,106,9
9:38:20,2320,2320,2320.2,4,103,11
9:38:20,2320.2,2320,2320.2,4,100,12
9:38:21,2320,2320,2320.2,8,92,13
9:38:21,2320,2320,2320.2,4,88,14
9:38:22,2320,2320,2320.2,36,62,3
9:38:22,2319.8,2319.8,2320,66,115,23
9:38:23,2319.8,2319.8,2320,20,96,23
9:38:23,2319.8,2319.8,2320,41,83,1
9:38:24,2320,2320,2320.2,25,27,4
9:38:24,2320,2320,2320.4,23,15,20
9:38:25,2320,2320,2320.4,10,29,13
9:38:25,2320,2320,2320.4,16,24,17
9:38:26,2319.8,2320,2320.4,27,3,16
9:38:26,2320,2320,2320.4,24,1,2
9:38:27,2320.4,2320.2,2320.6,2,3,31
9:38:27,2320,2320,2320.4,5,32,1
9:38:28,2320.2,2320,2320.2,2,31,1
9:38:28,2320.4,2320.4,2320.6,3,11,31
9:38:29,2320.4,2320.4,2320.6,1,10,31
9:38:29,2320.6,2320.4,2320.6,1,10,30
9:38:30,2320.4,2320.4,2320.6,9,2,31
9:38:30,2320.4,2320.2,2320.6,3,30,37
9:38:31,2320.2,2320.2,2320.4,2,42,5
9:38:32,2320.4,2320.2,2320.6,5,32,38
9:38:32,2320.2,2320.4,2320.6,21,1,20
9:38:33,2320.2,2320.2,2320.4,2,14,1
9:38:33,2320.6,2320.2,2320.6,22,9,5
9:38:34,2320.2,2320.4,2320.6,1,2,7
9:38:34,2320.6,2320.4,2320.6,3,1,4
9:38:35,2320,2320,2320.2,22,53,31
9:38:35,2320.2,2320,2320.2,7,42,25
9:38:36,2320,2320,2320.2,6,33,20
9:38:36,2320.2,2320,2320.2,15,30,19
9:38:37,2320,2320,2320.2,4,28,18
9:38:37,2320.2,2320,2320.4,23,24,4
9:38:38,2320,2320,2320.4,6,52,5
9:38:38,2320.4,2320.2,2320.4,3,16,3
9:38:39,2320.4,2320.2,2320.4,1,16,3
9:38:39,2320.2,2320.2,2320.4,5,26,4
9:38:40,2320.2,2320.2,2320.4,6,27,4
9:38:40,2320.2,2320.2,2320.4,3,27,2
9:38:41,2320.4,2320.4,2320.6,5,2,15
9:38:41,2320.4,2320.4,2320.6,1,1,15
9:38:42,2320.6,2320.4,2320.6,1,3,15
9:38:42,2320.4,2320.4,2320.6,2,1,15
9:38:43,2320.6,2320.4,2320.6,8,11,8
9:38:43,2320.6,2320.4,2320.6,1,12,6
9:38:44,2320.6,2320.4,2320.6,4,10,4
9:38:44,2320.6,2320.4,2320.6,1,11,4
9:38:45,2320.4,2320.4,2320.6,1,10,4
9:38:45,2320.4,2320.4,2320.6,4,7,3
9:38:46,2320.6,2320.4,2320.6,10,7,3
9:38:46,2320.6,2320.4,2320.6,1,9,5
9:38:47,2320.6,2320.4,2320.6,4,7,4
9:38:47,2320.4,2320.4,2320.6,2,11,3
9:38:48,2320.6,2320.4,2320.6,3,16,3
9:38:48,2320.6,2320.4,2320.6,6,11,3
9:38:49,2320.4,2320.4,2320.6,3,9,3
9:38:49,2320.6,2320.6,2320.8,5,15,10
9:38:50,2320.6,2320.6,2320.8,11,4,10
9:38:50,2320.8,2320.6,2320.8,1,5,9
9:38:51,2320.8,2320.6,2320.8,5,9,4
9:38:51,2320.8,2320.6,2320.8,2,10,2
9:38:52,2320.8,2320.6,2320.8,1,10,2
9:38:52,2320.8,2320.6,2320.8,4,7,1
9:38:53,2320.8,2320.6,2320.8,2,8,10
9:38:53,2320.8,2320.6,2320.8,1,8,15
9:38:54,2320.6,2320.4,2320.8,9,11,25
9:38:54,2320.8,2320.4,2320.6,2,10,6
9:38:55,2320.6,2320.4,2320.6,3,10,5
9:38:55,2320.6,2320.4,2320.6,2,13,3
9:38:56,2320.6,2320.4,2320.8,3,13,18
9:38:56,2320.4,2320.4,2320.6,6,23,4
9:38:57,2320.6,2320.6,2320.8,5,3,19
9:38:57,2320.6,2320.6,2320.8,5,11,19
9:38:58,2320.8,2320.6,2320.8,11,13,8
9:38:58,2320.6,2320.6,2320.8,2,15,9
9:38:59,2320.8,2320.6,2320.8,8,16,3
9:38:59,2320.6,2320.6,2320.8,2,14,2
9:39:00,2320.6,2320.6,2320.8,1,13,12
9:39:00,2320.8,2320.8,2321,15,11,15
9:39:01,2320.8,2320.8,2321,8,8,10
9:39:01,2320.8,2320.8,2321,4,7,9
9:39:02,2321,2320.8,2321,4,6,7
9:39:02,2321.2,2321,2321.2,12,3,10
9:39:03,2321.2,2321,2321.2,7,4,4
9:39:03,2321.4,2321.2,2321.4,11,1,6
9:39:04,2321.4,2321.2,2321.4,2,3,5
9:39:04,2321.4,2321.2,2321.4,6,3,2
9:39:05,2321.6,2321,2321.6,9,18,38
9:39:05,2321.2,2321.6,2322,97,1,61
9:39:06,2322,2321.2,2322,15,2,56
9:39:06,2321.6,2321.6,2321.8,25,2,9
9:39:07,2321.6,2321.6,2321.8,16,6,1
9:39:07,2322,2321.8,2322,18,7,36
9:39:08,2321.8,2321.8,2322,5,3,35
9:39:08,2321.6,2321.8,2322,15,1,25
9:39:09,2322,2322,2322.2,39,9,17
9:39:09,2322.2,2322,2322.2,16,8,13
9:39:10,2322.2,2322,2322.4,22,8,23
9:39:10,2322.4,2322.2,2322.4,17,3,21
9:39:11,2322.6,2322.2,2322.6,58,6,15
9:39:11,2322.6,2322.6,2322.8,104,8,14
9:39:12,2322.8,2322.4,2322.8,25,8,23
9:39:12,2322.8,2322.4,2322.8,25,8,4
9:39:13,2322.8,2322.4,2322.8,25,6,13
9:39:13,2322.6,2322.4,2322.6,15,7,10
9:39:14,2322.8,2322.4,2322.6,19,8,2
9:39:14,2322.6,2322.4,2322.6,26,4,4
9:39:15,2322.6,2322.6,2323,27,3,119
9:39:15,2322.4,2322.4,2322.6,9,4,8
9:39:16,2322.4,2322.2,2322.6,24,6,6
9:39:16,2322.6,2322.4,2322.6,7,1,5
9:39:17,2322.6,2322.4,2322.6,26,13,8
9:39:17,2322.4,2322.4,2322.6,10,6,7
9:39:18,2322.4,2322,2322.4,13,9,22
9:39:18,2322,2321.8,2322,17,4,3
9:39:19,2322,2322,2322.2,9,1,6
