9:14:00,2154,2153.8,2154,304,1,59
9:15:00,2153,2152.6,2153,183,24,1
9:15:01,2152.6,2151.2,2152.6,302,184,34
9:15:01,2151.2,2151.6,2152.2,142,6,13
9:15:02,2152.6,2152.2,2152.6,150,5,5
9:15:02,2152.4,2152.4,2152.8,70,58,15
9:15:03,2153,2152.8,2153,118,17,31
9:15:03,2152.8,2152.6,2152.8,101,28,7
9:15:04,2152.6,2152.4,2152.6,149,19,17
9:15:04,2152.6,2152.8,2153.6,106,1,35
9:15:05,2153,2153,2153.4,89,5,7
9:15:05,2152.6,2152.6,2153,80,7,42
9:15:06,2152.4,2152.2,2152.4,46,43,6
9:15:06,2152.4,2152.2,2152.4,53,39,3
9:15:07,2152.4,2152.4,2153.2,105,12,15
9:15:07,2152.6,2152.6,2153,49,41,13
9:15:08,2153,2153,2153.2,38,2,18
9:15:08,2153.2,2152.6,2153.2,26,41,1
9:15:09,2153.2,2152.6,2153.2,36,23,21
9:15:09,2153.2,2152.8,2153.4,37,6,32
9:15:10,2153.2,2153,2153.2,27,6,1
9:15:10,2153.2,2153.2,2153.4,12,7,37
9:15:11,2153.4,2153,2153.4,38,28,12
9:15:11,2153.4,2153.4,2153.8,104,30,117
9:15:12,2153.8,2153.6,2153.8,90,7,101
9:15:12,2153.6,2153.6,2153.8,10,3,95
9:15:13,2153.8,2153.6,2153.8,25,2,92
9:15:13,2153.8,2153.4,2153.6,26,56,15
9:15:14,2153.6,2153.4,2153.6,19,53,10
9:15:14,2153.6,2153.4,2153.6,11,51,15
9:15:15,2153.4,2153.4,2153.6,33,34,6
9:15:15,2153.4,2153.4,2153.6,13,34,9
9:15:16,2153.6,2153.4,2153.6,17,29,4
9:15:16,2153.4,2153.4,2153.6,46,9,5
9:15:17,2153.4,2153.2,2153.4,40,2,36
9:15:17,2153.2,2153,2153.4,13,38,28
9:15:18,2153,2152.8,2153,79,7,3
9:15:18,2152.8,2152.6,2152.8,37,11,18
9:15:19,2153,2152.6,2153,41,6,8
9:15:19,2152.6,2152.4,2153,24,63,17
9:15:20,2152.6,2152.4,2152.8,31,56,3
9:15:20,2152.4,2152.8,2153,37,11,10
9:15:21,2152.8,2152.8,2153,29,26,21
9:15:21,2152.8,2152.8,2153,23,23,5
9:15:22,2153,2153,2153.2,15,4,5
9:15:22,2153,2152.8,2153,29,19,48
9:15:23,2152.8,2152.8,2153,37,1,35
9:15:23,2153,2152.6,2153,15,39,25
9:15:24,2152.6,2152.6,2152.8,5,36,2
9:15:24,2152.8,2152.8,2153,7,2,33
9:15:25,2153,2152.8,2153,42,5,24
9:15:25,2153,2153,2153.2,41,2,4
9:15:26,2153.2,2153.2,2153.4,11,35,28
9:15:26,2153.2,2153.2,2153.4,20,20,23
9:15:27,2153.2,2153.2,2153.4,26,12,5
9:15:27,2153.4,2153.2,2153.4,9,6,2
9:15:28,2153.4,2153.4,2153.6,2,1,26
9:15:28,2153.2,2153,2153.2,14,93,4
9:15:29,2153,2153,2153.2,8,103,3
9:15:29,2153.2,2153.2,2153.4,20,22,28
9:15:30,2153.4,2153.4,2153.6,37,38,31
9:15:30,2153.6,2153.4,2153.6,22,22,29
9:15:31,2153.6,2153.4,2153.6,53,30,3
9:15:31,2153.4,2153.4,2153.6,38,5,3
9:15:32,2153.6,2153.4,2153.8,11,1,94
9:15:32,2153.4,2153.2,2153.4,7,60,6
9:15:33,2153.2,2153.2,2153.4,55,12,64
9:15:33,2153.2,2153.2,2153.4,20,2,62
9:15:34,2153.4,2153,2153.2,113,66,6
9:15:34,2153,2153,2153.2,35,57,5
9:15:35,2153.4,2153.2,2153.6,19,1,9
9:15:35,2153.4,2153,2153.6,23,48,5
9:15:36,2153.2,2153.2,2153.6,17,13,24
9:15:36,2153.2,2153.2,2153.4,11,9,16
9:15:37,2153.2,2153.2,2153.4,5,7,17
9:15:37,2153.4,2153.2,2153.4,17,3,11
9:15:38,2153.2,2153,2153.2,20,51,6
9:15:38,2153.2,2153,2153.2,12,53,3
9:15:39,2153.2,2153.2,2153.4,15,9,14
9:15:39,2153.2,2153,2153.2,22,42,4
9:15:40,2153,2153,2153.2,20,34,2
9:15:40,2153.2,2153,2153.2,19,31,1
9:15:41,2153,2153,2153.2,34,1,17
9:15:41,2153.2,2152.8,2153.2,24,43,38
9:15:42,2153,2152.8,2153,4,48,15
9:15:42,2153,2152.8,2153,10,46,49
9:15:43,2153,2152.8,2153,2,45,50
9:15:43,2153,2152.8,2153,34,20,41
9:15:44,2152.8,2152.6,2152.8,29,31,6
9:15:44,2152.6,2152.6,2152.8,11,22,24
9:15:45,2152.6,2152.6,2152.8,32,2,18
9:15:45,2152.6,2152.4,2152.6,24,79,19
9:15:46,2152.6,2152.4,2152.6,5,76,30
9:15:46,2152.4,2152.4,2152.6,23,63,21
9:15:47,2152.4,2152.4,2152.6,12,59,18
9:15:47,2152.6,2152.4,2152.6,14,59,7
9:15:48,2152.6,2152.4,2152.6,6,54,12
9:15:48,2152.8,2152.8,2153,40,15,41
9:15:49,2152.8,2152.8,2153,19,4,39
9:15:49,2152.6,2152.6,2153,11,35,40
9:15:50,2152.6,2152.8,2153,3,6,39
9:15:50,2152.8,2152.8,2153,11,6,38
9:15:51,2152.8,2152.6,2152.8,19,44,3
9:15:51,2152.8,2152.6,2152.8,5,45,5
9:15:52,2152.8,2152.8,2153,7,5,40
9:15:52,2152.6,2152.6,2153,13,52,51
9:15:53,2153,2152.6,2153,8,53,52
9:15:53,2153,2152.6,2153,4,53,52
9:15:54,2152.6,2152.6,2152.8,6,59,1
9:15:54,2153,2152.6,2153,7,57,49
9:15:55,2153,2152.6,2153,17,58,34
9:15:55,2152.6,2152.8,2153,8,2,30
9:15:56,2153,2152.8,2153,3,7,30
9:15:56,2153,2152.8,2153,11,8,29
9:15:57,2152.8,2152.8,2153,13,2,28
9:15:57,2153,2152.8,2153,5,5,23
9:15:58,2153,2152.8,2153,3,8,23
9:15:58,2152.8,2152.8,2153,7,5,22
9:15:59,2153,2152.8,2153,36,21,6
9:15:59,2152.8,2152.8,2153.2,14,19,43
9:16:00,2153,2152.8,2153,7,16,18
9:16:00,2152.8,2152.8,2153,22,8,30
9:16:01,2152.6,2152.6,2152.8,80,62,1
9:16:01,2152.8,2152.6,2152.8,11,60,4
9:16:02,2152.8,2152.8,2153,52,5,7
9:16:02,2153,2152.8,2153,22,9,3
9:16:03,2152.8,2152.8,2153,54,5,5
9:16:03,2152.8,2152.8,2153,8,6,4
9:16:04,2152.8,2152.8,2153,10,7,20
9:16:04,2152.6,2152.6,2152.8,11,60,22
9:16:05,2152.6,2152.6,2152.8,12,54,19
9:16:05,2152.8,2152.6,2153,21,54,39
9:16:06,2152.8,2152.6,2152.8,9,51,3
9:16:06,2152.8,2152.6,2152.8,22,46,4
9:16:07,2152.6,2152.6,2152.8,13,32,4
9:16:07,2152.8,2152.6,2153,15,29,41
9:16:08,2153,2152.6,2152.8,4,29,1
9:16:08,2152.8,2152.8,2153,20,2,36
9:16:09,2152.6,2152.4,2152.6,46,58,7
9:16:09,2152.4,2152.4,2152.6,7,57,2
9:16:10,2152.6,2152.6,2152.8,13,9,8
9:16:10,2152.6,2152.6,2152.8,14,54,18
9:16:11,2152.8,2152.6,2152.8,13,55,8
9:16:11,2152.6,2152.6,2152.8,7,52,8
9:16:12,2152.6,2152.6,2152.8,6,50,6
9:16:12,2152.8,2152.8,2153,8,1,42
9:16:13,2152.6,2152.8,2153,18,1,46
9:16:13,2153,2152.8,2153,19,4,35
9:16:14,2153,2152.8,2153,8,13,35
9:16:14,2152.8,2152.8,2153,28,5,20
9:16:15,2152.8,2152.8,2153,2,3,22
9:16:15,2152.8,2152.8,2153,11,3,14
9:16:16,2153,2152.8,2153,16,19,1
9:16:16,2152.8,2153,2153.2,8,5,26
9:16:17,2153.2,2153,2153.2,11,4,26
9:16:17,2153.2,2153,2153.2,5,4,24
9:16:18,2153,2153,2153.2,3,6,24
9:16:18,2153.2,2153,2153.2,9,1,22
9:16:19,2153,2152.8,2153.2,5,25,20
9:16:19,2153.2,2152.8,2153.2,12,24,16
9:16:20,2153,2153,2153.2,3,18,16
9:16:20,2153,2153,2153.2,6,13,16
9:16:21,2153.2,2153,2153.2,19,13,3
9:16:21,2153.2,2152.8,2153.2,25,22,1
9:16:22,2153,2153,2153.4,12,2,42
9:16:22,2153.2,2153,2153.2,6,2,2
9:16:23,2153.2,2153,2153.4,5,8,37
9:16:23,2153,2152.8,2153,12,28,6
9:16:24,2153,2153,2153.2,22,15,12
9:16:24,2153,2153,2153.2,4,39,14
9:16:25,2153.2,2153,2153.2,9,37,18
9:16:25,2153.2,2153,2153.2,10,38,10
9:16:26,2153.2,2153,2153.2,18,32,10
9:16:26,2153,2153,2153.2,4,32,7
9:16:27,2153.4,2153.2,2153.4,15,11,53
9:16:27,2153.2,2153.2,2153.4,1,12,40
9:16:28,2153.4,2153.2,2153.4,10,5,42
9:16:28,2153.2,2153.2,2153.4,42,48,38
9:16:29,2153.2,2153.2,2153.4,24,39,25
9:16:29,2153.4,2153.2,2153.4,20,36,11
9:16:30,2153.6,2153.4,2153.6,22,1,68
9:16:30,2153.6,2153.6,2153.8,103,16,67
9:16:31,2153.6,2153.6,2153.8,23,5,58
9:16:31,2153.8,2153.6,2153.8,37,7,31
9:16:32,2153.8,2153.6,2153.8,20,2,28
9:16:32,2153.8,2153.4,2153.8,30,3,10
9:16:33,2153.4,2153.4,2153.8,22,11,7
9:16:33,2153.6,2153.6,2153.8,18,2,19
9:16:34,2153.8,2153.6,2153.8,2,6,19
9:16:34,2153.6,2153.4,2153.8,14,34,16
9:16:35,2153.4,2153.4,2153.6,24,33,1
9:16:35,2153.8,2153.4,2153.8,6,33,3
9:16:36,2153.8,2153.4,2154,5,34,95
9:16:36,2153.8,2153.8,2154,6,10,96
9:16:37,2153.8,2153.4,2154,18,35,98
9:16:37,2154,2153.6,2154,16,2,89
9:16:38,2154,2153.6,2154,48,19,58
9:16:38,2153.8,2153.8,2154,18,4,48
9:16:39,2153.8,2153.6,2153.8,16,5,1
9:16:39,2154,2153.8,2154,22,15,35
9:16:40,2154,2153.8,2154,12,8,32
9:16:40,2154,2153.8,2154,18,5,22
9:16:41,2153.8,2153.8,2154,3,14,22
9:16:41,2154,2153.8,2154,18,14,10
9:16:42,2153.8,2153.8,2154,8,15,6
9:16:42,2154,2153.8,2154,9,16,1
9:16:43,2154,2153.8,2154,5,20,18
9:16:43,2153.8,2153.8,2154,7,17,39
9:16:44,2154,2153.8,2154,31,18,50
9:16:44,2153.8,2153.6,2153.8,30,15,8
9:16:45,2154,2153.6,2153.8,28,15,20
9:16:45,2153.8,2153.6,2153.8,5,20,33
9:16:46,2153.8,2153.6,2153.8,1,21,47
9:16:46,2153.8,2153.6,2153.8,2,31,48
9:16:47,2153.6,2153.6,2153.8,20,32,37
9:16:47,2153.6,2153.6,2153.8,11,32,36
9:16:48,2153.8,2153.6,2153.8,5,32,33
9:16:48,2153.8,2153.6,2153.8,12,34,24
9:16:49,2153.8,2153.6,2153.8,11,40,15
9:16:49,2153.6,2153.6,2153.8,4,38,15
9:16:50,2153.8,2153.8,2154,20,10,75
9:16:50,2154,2153.8,2154,11,40,73
9:16:51,2154,2153.8,2154,20,14,64
9:16:51,2153.8,2153.6,2153.8,27,15,17
9:16:52,2153.6,2153.6,2153.8,8,12,16
9:16:52,2153.8,2153.6,2153.8,5,16,13
9:16:53,2153.8,2153.6,2153.8,13,16,5
9:16:53,2153.8,2153.6,2153.8,2,16,3
9:16:54,2153.6,2153.6,2153.8,17,8,1
9:16:54,2153.8,2153.6,2153.8,1,8,1
9:16:55,2153.6,2153.4,2153.6,15,28,35
9:16:55,2153.6,2153.4,2153.6,4,28,42
9:16:56,2153.4,2153.4,2153.6,42,3,37
9:16:56,2153.6,2153.2,2153.4,23,16,2
9:16:57,2153.2,2153.2,2153.4,2,15,4
9:16:57,2153.2,2153.2,2153.4,7,14,41
9:16:58,2153.4,2153.2,2153.4,10,7,38
9:16:58,2153.4,2153.2,2153.4,4,6,36
9:16:59,2153.2,2153.2,2153.4,7,5,31
9:16:59,2153.2,2153.2,2153.4,4,4,30
9:17:00,2153.4,2153.2,2153.4,10,1,24
9:17:00,2153.4,2153,2153.4,9,64,16
9:17:01,2153.2,2153.2,2153.4,5,1,16
9:17:01,2153,2153,2153.4,4,61,19
9:17:02,2153.2,2153,2153.2,9,59,6
9:17:02,2153,2153,2153.4,29,44,14
9:17:03,2153.4,2153,2153.2,12,43,1
9:17:03,2153,2153,2153.6,24,30,32
9:17:04,2153,2153,2153.6,4,40,32
9:17:04,2153,2153.2,2153.4,9,3,21
9:17:05,2153,2153,2153.4,39,29,3
9:17:05,2153.4,2153.4,2153.6,34,2,31
9:17:06,2152.8,2152.8,2153,23,24,1
9:17:06,2152.8,2153,2153.4,11,4,3
9:17:07,2153.2,2153,2153.2,4,11,12
9:17:07,2153,2152.8,2153,26,20,77
9:17:08,2152.8,2152.6,2152.8,28,53,3
9:17:08,2152.8,2152.6,2152.8,9,46,4
9:17:09,2152.8,2152.6,2152.8,22,27,32
9:17:09,2152.6,2152.4,2152.6,30,43,5
9:17:10,2152.6,2152.4,2152.6,24,21,11
9:17:10,2152.4,2152.4,2152.6,13,9,15
9:17:11,2152.2,2152.2,2152.4,17,47,20
9:17:11,2152.2,2152.2,2152.4,15,35,42
9:17:12,2152,2152,2152.4,41,106,42
9:17:12,2152,2152,2152.2,5,102,6
9:17:13,2152.2,2152.2,2152.4,34,13,44
9:17:13,2152.2,2152.2,2152.4,16,3,42
9:17:14,2152.2,2152.2,2152.4,8,8,40
9:17:14,2152.2,2152.2,2152.4,22,8,30
9:17:15,2152.4,2152.2,2152.4,16,11,25
9:17:15,2152.4,2152.2,2152.4,12,5,20
9:17:16,2152.2,2152.2,2152.4,12,43,16
9:17:16,2152.2,2152.4,2152.6,23,10,18
9:17:17,2152.4,2152.4,2152.6,28,4,17
9:17:17,2152.2,2152.2,2152.6,18,21,18
9:17:18,2152.4,2152.2,2152.6,12,19,20
9:17:18,2152.6,2152.2,2152.6,9,17,19
9:17:19,2152.2,2152.2,2152.4,7,13,8
9:17:19,2152.2,2152,2152.2,21,108,17
9:17:20,2152.2,2152,2152.2,5,106,16
9:17:20,2152.2,2152,2152.2,11,98,14
9:17:21,2152,2152,2152.2,18,90,11
9:17:21,2152,2152,2152.4,32,84,27
9:17:22,2152,2152,2152.2,12,77,4
9:17:22,2152,2152,2152.2,50,31,18
9:17:23,2152,2151.8,2152,34,28,3
9:17:23,2151.8,2151.8,2152,29,4,27
9:17:24,2151.8,2151.8,2152,6,10,35
9:17:24,2152,2152,2152.2,52,4,25
9:17:25,2151.8,2151.8,2152,20,3,8
9:17:25,2152,2152,2152.2,14,5,29
9:17:26,2152,2151.8,2152,24,53,30
9:17:26,2151.8,2151.8,2152,14,41,35
9:17:27,2151.8,2151.8,2152,7,39,35
9:17:27,2152,2151.8,2152,51,36,3
9:17:28,2152,2151.8,2152,15,25,5
9:17:28,2151.8,2151.8,2152,6,35,4
9:17:29,2151.8,2151.8,2152,25,23,5
9:17:29,2151.8,2151.8,2152,1,28,5
9:17:30,2152,2151.8,2152,7,56,2
9:17:30,2151.8,2151.8,2152,15,59,1
9:17:31,2151.8,2151.8,2152.2,70,11,58
9:17:31,2152.2,2151.8,2152.2,9,20,58
9:17:32,2151.8,2151.8,2152,3,17,1
9:17:32,2151.8,2152,2152.2,10,10,51
9:17:33,2152.2,2152,2152.2,5,8,50
9:17:33,2152,2152,2152.2,5,19,48
9:17:34,2152,2152,2152.2,10,14,46
9:17:34,2151.8,2151.6,2151.8,53,90,8
9:17:35,2152,2151.8,2152,26,2,46
9:17:35,2151.8,2151.6,2151.8,3,92,3
9:17:36,2151.8,2151.8,2152,20,14,68
9:17:36,2151.6,2151.8,2152,20,3,70
9:17:37,2151.8,2151.8,2152,6,14,71
9:17:37,2152,2151.8,2152,5,25,74
9:17:38,2151.8,2151.8,2152,10,17,80
9:17:38,2151.8,2151.8,2152,4,17,84
9:17:39,2152,2151.8,2152,5,17,106
9:17:39,2151.8,2151.8,2152,15,37,104
9:17:40,2152,2151.8,2152,9,35,87
9:17:40,2151.6,2151.6,2151.8,13,111,1
9:17:41,2152,2151.8,2152,10,8,85
9:17:41,2152,2151.8,2152,32,18,57
9:17:42,2151.8,2151.8,2152,8,30,58
9:17:42,2151.8,2151.8,2152,55,40,37
9:17:43,2151.8,2151.8,2152,22,34,34
9:17:43,2152,2151.8,2152,46,26,10
9:17:44,2152,2151.8,2152,11,25,5
9:17:44,2152,2152,2152.2,39,15,47
9:17:45,2151.8,2151.6,2151.8,22,112,15
9:17:45,2151.6,2151.6,2151.8,13,106,8
9:17:46,2152,2151.8,2152,12,1,13
9:17:46,2152,2151.8,2152,8,1,17
9:17:47,2151.8,2151.6,2151.8,4,111,11
9:17:47,2151.8,2151.6,2151.8,4,122,9
9:17:48,2151.8,2151.6,2151.8,5,131,6
9:17:48,2151.8,2151.6,2151.8,7,129,3
9:17:49,2151.8,2151.6,2151.8,8,136,1
9:17:49,2151.8,2151.8,2152,5,6,52
9:17:50,2151.8,2151.8,2152,21,11,62
9:17:51,2151.8,2151.8,2152,21,20,45
9:17:51,2151.8,2151.8,2152,3,14,47
9:17:52,2152,2151.8,2152,27,33,24
9:17:52,2151.8,2151.8,2152,16,15,14
9:17:53,2151.8,2151.8,2152.2,35,9,48
9:17:53,2151.8,2152,2152.2,1,3,48
9:17:54,2151.8,2151.8,2152,4,24,6
9:17:54,2152,2151.8,2152,8,22,3
9:17:55,2151.8,2151.8,2152,2,23,2
9:17:55,2151.8,2151.6,2151.8,14,135,8
9:17:56,2152,2151.8,2152,16,1,8
9:17:56,2151.8,2151.6,2152,5,141,11
9:17:57,2152,2151.8,2152,18,18,1
9:17:57,2152,2151.8,2152,5,19,1
9:17:58,2151.8,2151.8,2152.2,10,12,52
9:17:58,2151.8,2151.8,2152.2,9,10,52
9:17:59,2151.8,2151.8,2152.2,2,12,51
9:17:59,2151.8,2151.8,2152,4,8,1
9:18:00,2151.8,2151.8,2152,2,7,5
9:18:00,2151.6,2151.6,2151.8,14,149,9
9:18:01,2151.8,2151.6,2151.8,4,147,10
9:18:01,2151.8,2151.6,2151.8,28,123,7
9:18:02,2151.8,2151.6,2151.8,6,116,3
9:18:02,2151.8,2151.8,2152,21,45,4
9:18:03,2151.8,2151.8,2152,50,1,3
9:18:03,2152,2151.8,2152,6,2,9
9:18:04,2152,2152,2152.2,24,5,74
9:18:04,2152,2151.8,2152,9,21,5
9:18:05,2152,2151.8,2152,4,25,4
9:18:05,2152,2152,2152.2,21,8,68
9:18:06,2152,2151.8,2152.2,15,21,65
9:18:06,2152.2,2152,2152.2,2,20,64
9:18:07,2152.2,2152,2152.2,5,31,60
9:18:07,2152.2,2152,2152.2,6,43,54
9:18:08,2152.2,2152,2152.2,9,45,46
9:18:08,2152.2,2152,2152.2,3,46,45
9:18:09,2152.2,2152,2152.2,8,46,37
9:18:09,2152.2,2152,2152.2,6,51,31
9:18:10,2152.2,2152,2152.2,30,49,3
9:18:10,2152.4,2152.2,2152.4,6,6,46
9:18:11,2152.4,2152.2,2152.4,1,15,45
9:18:11,2152.4,2152.2,2152.4,5,16,41
9:18:12,2152.2,2152.2,2152.4,3,16,39
9:18:12,2152.2,2152.2,2152.4,5,32,38
9:18:13,2152.4,2152.2,2152.4,4,33,34
9:18:13,2152.4,2152.2,2152.4,1,34,33
9:18:14,2152.4,2152.2,2152.4,1,34,32
9:18:14,2152.2,2152.2,2152.4,5,33,31
9:18:15,2152.2,2152.2,2152.4,4,29,31
9:18:15,2152.2,2152.2,2152.4,6,28,27
9:18:16,2152.2,2152.2,2152.4,4,28,47
9:18:16,2152.2,2152.2,2152.4,15,14,49
9:18:17,2152.2,2152.2,2152.4,7,7,49
9:18:17,2152.2,2152.2,2152.4,12,9,50
9:18:18,2152.4,2152.2,2152.4,2,9,50
9:18:18,2152.4,2152.2,2152.4,1,12,50
9:18:19,2152.2,2152.2,2152.4,2,12,52
9:18:19,2152.2,2152.2,2152.4,4,13,51
9:18:20,2152.4,2152.2,2152.4,1,13,50
9:18:21,2152.2,2152.2,2152.4,1,13,45
9:18:22,2152.4,2152.2,2152.4,1,13,48
9:18:22,2152.2,2152.2,2152.4,4,15,48
9:18:23,2152.4,2152.2,2152.4,2,16,48
9:18:23,2152.2,2152.2,2152.4,2,14,48
9:18:24,2152.4,2152.4,2152.6,51,51,68
9:18:24,2152.6,2152.4,2152.6,10,52,59
9:18:25,2152.4,2152.4,2152.6,7,45,58
9:18:25,2152.6,2152.4,2152.6,6,42,57
9:18:26,2152.4,2152.4,2152.6,10,43,49
9:18:26,2152.4,2152.4,2152.6,1,42,49
9:18:27,2152.4,2152.4,2152.6,5,39,49
9:18:27,2152.6,2152.4,2152.6,1,40,49
9:18:28,2152.6,2152.4,2152.6,7,39,43
9:18:28,2152.6,2152.4,2152.6,1,40,44
9:18:29,2152.6,2152.4,2152.6,36,40,26
9:18:29,2152.6,2152.4,2152.6,7,37,21
9:18:30,2152.4,2152.4,2152.6,18,27,14
9:18:30,2152.6,2152.4,2152.6,2,28,12
9:18:31,2152.6,2152.4,2152.6,18,19,7
9:18:31,2152.6,2152.4,2152.6,1,20,6
9:18:32,2152.6,2152.4,2152.6,4,22,2
9:18:32,2152.4,2152.4,2152.6,1,21,2
9:18:33,2152.6,2152.4,2152.6,4,20,1
9:18:33,2152.6,2152.4,2152.8,2,24,49
9:18:34,2152.6,2152.4,2152.6,3,23,26
9:18:34,2152.6,2152.4,2152.6,6,18,26
9:18:35,2152.4,2152.2,2152.4,21,38,12
9:18:35,2152.2,2152.2,2152.4,1,38,12
9:18:37,2152.4,2152.2,2152.4,5,17,23
9:18:37,2152.4,2152.2,2152.4,10,21,29
9:18:38,2152.4,2152.2,2152.4,3,19,30
9:18:38,2152.2,2152.2,2152.4,13,6,30
9:18:39,2152.2,2152.2,2152.4,3,5,28
9:18:39,2152,2152,2152.4,9,70,31
9:18:40,2152,2152,2152.4,2,69,30
9:18:40,2152,2152,2152.2,8,62,1
9:18:41,2152,2152,2152.2,2,62,6
9:18:42,2152,2152,2152.2,3,59,6
9:18:42,2152,2152,2152.2,1,63,16
9:18:43,2152,2152,2152.2,2,62,18
9:18:43,2152,2152,2152.2,5,57,20
9:18:44,2152,2152,2152.2,4,53,21
9:18:44,2152,2152,2152.2,47,12,18
9:18:45,2152,2152,2152.2,20,5,6
9:18:45,2152,2151.8,2152,8,66,87
9:18:46,2152,2151.8,2152,37,34,90
9:18:46,2151.8,2151.8,2152,36,8,91
9:18:47,2151.6,2151.6,2151.8,27,110,37
9:18:47,2151.6,2151.6,2151.8,9,101,49
9:18:48,2151.6,2151.6,2151.8,42,69,39
9:18:48,2151.6,2151.6,2151.8,64,27,38
9:18:49,2151.6,2151.4,2151.6,48,95,51
9:18:49,2151.4,2151.4,2151.6,18,90,49
9:18:50,2151.6,2151.4,2151.6,39,62,57
9:18:50,2151.6,2151.4,2151.6,58,6,59
9:18:51,2151.4,2151.2,2151.4,8,154,1
9:18:51,2151.6,2151.4,2151.6,47,2,24
9:18:52,2151.6,2151.4,2151.6,11,50,15
9:18:52,2151.6,2151.6,2151.8,19,5,42
9:18:53,2151.6,2151.6,2151.8,9,17,44
9:18:54,2151.6,2151.6,2151.8,15,35,42
9:18:54,2151.6,2151.6,2151.8,38,12,47
9:18:55,2151.6,2151.6,2151.8,5,11,47
9:18:55,2151.6,2151.6,2151.8,8,11,41
9:18:56,2151.6,2151.6,2151.8,16,9,30
9:18:56,2151.6,2151.6,2151.8,4,5,31
9:18:57,2151.8,2151.4,2151.6,18,54,1
9:18:57,2151.8,2151.6,2151.8,14,35,16
9:18:58,2152,2152,2152.2,73,66,58
9:18:58,2152.2,2152,2152.2,12,63,49
9:18:59,2152.2,2152,2152.2,17,57,44
9:18:59,2152,2152,2152.2,1,62,44
9:19:00,2152,2152,2152.2,2,63,46
9:19:00,2152.2,2152,2152.2,22,32,25
9:19:01,2152.2,2152,2152.2,1,32,24
9:19:01,2152,2152,2152.2,22,17,8
9:19:02,2152.2,2152,2152.2,14,10,4
9:19:02,2152.2,2152.2,2152.4,9,19,25
9:19:03,2152.2,2152.2,2152.4,2,18,25
9:19:03,2152.2,2152.2,2152.4,1,17,25
9:19:04,2152.2,2152.2,2152.4,9,21,19
9:19:04,2152.2,2152.2,2152.4,13,10,17
9:19:05,2152.6,2152.2,2152.6,20,6,26
9:19:05,2152.6,2152.4,2152.6,5,1,23
9:19:06,2152,2152,2152.6,9,4,23
9:19:06,2152.4,2152.2,2152.6,2,1,23
9:19:07,2152.6,2152.2,2152.6,5,15,25
9:19:07,2152.6,2152.2,2152.6,4,15,20
9:19:08,2152.6,2152.2,2152.6,4,14,21
9:19:08,2152.6,2152.2,2152.4,3,15,1
9:19:09,2152.6,2152.4,2152.6,4,2,18
9:19:09,2152.4,2152.4,2152.6,1,1,21
9:19:10,2152.4,2152.2,2152.4,3,19,17
9:19:10,2152.4,2152.2,2152.4,5,18,13
9:19:11,2152.4,2152.2,2152.4,12,5,8
9:19:12,2152.4,2152.2,2152.4,5,4,13
9:19:13,2152.4,2152.2,2152.4,1,7,31
9:19:14,2152.4,2152.2,2152.4,2,6,27
9:19:14,2152.4,2152.2,2152.4,2,6,25
9:19:15,2152.2,2152,2152.2,10,46,21
9:19:16,2152.2,2152,2152.2,12,34,16
9:19:17,2152.2,2152,2152.2,8,33,16
9:19:17,2152,2152,2152.2,4,31,14
9:19:18,2152.2,2152,2152.2,3,36,13
9:19:18,2152,2152,2152.2,4,38,8
9:19:19,2152.2,2152.2,2152.4,10,48,28
9:19:19,2152.2,2152.2,2152.4,21,43,14
9:19:20,2152.4,2152.4,2152.6,15,7,26
9:19:20,2152.4,2152.4,2152.6,6,2,27
9:19:21,2152.4,2152.4,2152.6,5,3,28
9:19:21,2152.4,2152.4,2152.6,1,4,28
9:19:22,2152.2,2152.2,2152.6,8,49,53
9:19:23,2152.2,2152.2,2152.6,3,46,53
9:19:23,2152.2,2152.2,2152.6,3,47,54
9:19:24,2152.4,2152.4,2152.6,3,1,56
9:19:25,2152.6,2152.2,2152.6,7,52,55
9:19:25,2152.6,2152.2,2152.6,9,52,52
9:19:26,2152.4,2152.2,2152.4,6,48,20
9:19:26,2152.4,2152.2,2152.4,22,30,16
9:19:27,2152.4,2152.2,2152.4,8,27,14
9:19:28,2152.4,2152.2,2152.4,1,27,13
9:19:28,2152.2,2152.2,2152.4,1,27,13
9:19:29,2152.4,2152.2,2152.4,1,27,15
9:19:29,2152.6,2152.4,2152.6,18,4,86
9:19:30,2152.4,2152.4,2152.6,2,3,92
9:19:30,2152.4,2152.2,2152.4,8,29,12
9:19:31,2152.4,2152.2,2152.4,2,29,11
9:19:31,2152.4,2152.2,2152.4,1,29,17
9:19:32,2152.4,2152.2,2152.4,1,29,17
9:19:32,2152.4,2152.2,2152.4,6,29,11
9:19:33,2152.4,2152.2,2152.4,1,28,11
9:19:33,2152.4,2152.2,2152.4,2,28,12
9:19:34,2152,2152,2152.2,30,63,2
9:19:34,2152.2,2152,2152.2,1,63,1
9:19:35,2152.2,2152,2152.4,6,58,30
9:19:35,2152.2,2152.2,2152.4,5,1,34
9:19:36,2152.2,2152,2152.2,2,68,1
9:19:36,2152,2152,2152.2,6,63,1
9:19:37,2152.2,2152.2,2152.4,3,3,38
9:19:37,2152.2,2152.2,2152.4,3,1,38
9:19:38,2152.2,2152,2152.2,7,70,5
9:19:39,2152,2152,2152.2,1,69,27
9:19:39,2152,2152,2152.2,3,70,32
9:19:40,2152,2152,2152.2,3,67,48
9:19:40,2152,2152,2152.2,13,56,49
9:19:41,2152,2152,2152.2,2,54,49
9:19:41,2152,2152,2152.2,33,34,40
9:19:42,2152,2152,2152.2,17,20,31
9:19:42,2152.2,2152,2152.2,5,19,28
9:19:43,2152,2152,2152.2,21,15,27
9:19:43,2152.2,2152,2152.2,5,18,23
9:19:44,2152,2152,2152.2,2,20,16
9:19:45,2152,2152,2152.2,2,18,16
9:19:46,2152,2152,2152.2,2,16,16
9:19:46,2152.2,2152,2152.2,6,17,24
9:19:47,2152,2152,2152.2,6,11,25
9:19:47,2152,2152,2152.2,1,10,25
9:19:48,2152.2,2152.2,2152.4,25,22,30
9:19:48,2152.2,2152,2152.2,23,10,12
9:19:49,2152,2151.8,2152,15,40,16
9:19:49,2152,2151.8,2152,2,40,19
9:19:50,2152,2151.8,2152,1,41,18
9:19:50,2152,2151.8,2152,7,42,13
9:19:51,2151.8,2151.8,2152,2,40,13
9:19:51,2151.8,2151.8,2152,1,39,14
9:19:52,2152,2151.8,2152,2,43,13
9:19:52,2152,2151.8,2152,24,27,5
9:19:53,2152,2151.8,2152,14,16,3
9:19:53,2151.8,2151.8,2152,3,14,4
9:19:54,2151.8,2151.8,2152,2,14,13
9:19:54,2152,2151.8,2152,1,15,18
9:19:55,2152,2151.8,2152,2,16,18
9:19:55,2151.8,2151.8,2152,2,15,19
9:19:56,2151.8,2151.8,2152,6,11,16
9:19:56,2151.8,2151.8,2152,10,11,9
9:19:57,2152,2151.8,2152,2,11,9
9:19:57,2151.8,2151.6,2151.8,13,55,16
9:19:58,2151.6,2151.6,2151.8,3,53,17
9:19:58,2151.6,2151.6,2151.8,3,51,17
9:19:59,2151.6,2151.6,2151.8,6,47,17
9:19:59,2151.8,2151.6,2151.8,11,41,13
9:20:00,2151.8,2151.6,2151.8,5,37,12
9:20:00,2151.6,2151.6,2151.8,13,29,39
9:20:01,2151.4,2151.4,2151.6,46,51,15
9:20:01,2151.4,2151.4,2151.6,24,32,43
9:20:02,2151.4,2151.4,2151.6,32,3,45
9:20:02,2151.4,2151.2,2151.4,10,103,26
9:20:03,2151.2,2151.2,2151.4,68,39,21
9:20:03,2150.8,2150.8,2151,116,84,2
9:20:04,2150.8,2150.6,2150.8,93,76,9
9:20:04,2150.6,2150.6,2151,90,12,10
9:20:05,2150.8,2150.8,2151,74,56,2
9:20:05,2151,2151,2151.4,57,45,8
9:20:06,2151.4,2151.2,2151.4,11,30,7
9:20:06,2151.2,2151.2,2151.4,36,8,2
9:20:07,2151.6,2151.2,2151.6,14,8,73
9:20:07,2151.6,2151.2,2151.6,11,22,69
9:20:08,2151.2,2151.2,2151.6,11,20,68
9:20:08,2151.2,2151,2151.2,33,48,6
9:20:09,2151.2,2151,2151.2,19,37,1
9:20:09,2151.2,2151,2151.2,17,48,8
9:20:10,2151,2151,2151.2,6,43,8
9:20:10,2151.2,2151,2151.2,25,26,2
9:20:11,2151.2,2151,2151.4,8,23,9
9:20:11,2151,2151,2151.4,12,15,7
9:20:12,2151.2,2151.2,2151.4,10,16,7
9:20:12,2151.2,2151.2,2151.4,6,22,6
9:20:13,2151.2,2151.2,2151.4,4,25,4
9:20:13,2151.2,2151.2,2151.4,6,26,2
9:20:14,2151.4,2151.4,2151.6,4,30,59
9:20:14,2151.4,2151.4,2151.6,3,28,59
9:20:15,2151.6,2151.4,2151.6,3,28,58
9:20:16,2151.4,2151.4,2151.6,2,28,58
9:20:16,2151.4,2151.2,2151.4,44,57,2
9:20:17,2151.2,2151.2,2151.4,21,33,6
9:20:17,2151.6,2151.4,2151.6,18,22,52
9:20:18,2151.4,2151.4,2151.6,7,18,53
9:20:18,2151.4,2151.2,2151.4,70,27,7
9:20:19,2151.6,2151.6,2151.8,22,63,27
9:20:19,2151.6,2151.6,2151.8,34,59,1
9:20:20,2151.8,2151.8,2152,11,9,40
9:20:20,2152,2151.6,2151.8,23,47,1
9:20:21,2152,2151.8,2152,3,1,38
9:20:21,2152,2151.8,2152,7,3,32
9:20:22,2152,2151.8,2152,8,7,29
9:20:22,2152,2151.8,2152,20,15,12
9:20:23,2151.8,2151.8,2152,3,15,26
9:20:23,2151.8,2151.8,2152,7,84,21
9:20:24,2151.8,2151.8,2152,1,84,53
9:20:24,2151.8,2151.8,2152,10,83,45
9:20:25,2152,2151.8,2152,16,83,31
9:20:25,2151.8,2151.8,2152,1,82,31
9:20:26,2151.8,2151.8,2152,4,79,30
9:20:26,2151.8,2151.8,2152,2,88,29
9:20:27,2151.8,2151.8,2152,28,70,26
9:20:27,2152,2151.8,2152,3,69,30
9:20:28,2152,2151.8,2152,14,68,20
9:20:28,2151.8,2151.8,2152,19,53,20
9:20:29,2151.8,2151.8,2152,6,47,20
9:20:29,2151.8,2151.8,2152,23,25,20
9:20:30,2152,2151.8,2152,24,6,17
9:20:30,2152,2151.6,2152,32,67,23
9:20:31,2152,2151.6,2152,4,66,31
9:20:32,2152,2151.8,2152,3,5,50
9:20:32,2151.8,2151.8,2152,3,5,48
9:20:33,2151.8,2151.8,2152,5,2,55
9:20:33,2151.8,2151.6,2152,4,66,55
9:20:34,2152,2151.8,2152,1,1,56
9:20:34,2152,2151.8,2152,2,1,60
9:20:35,2152,2151.8,2152,1,10,60
9:20:35,2151.8,2151.8,2152,2,8,61
9:20:36,2152,2151.8,2152,10,1,58
9:20:36,2151.8,2151.8,2152,2,1,58
9:20:37,2152,2151.8,2152,3,1,59
9:20:38,2152,2151.6,2152,9,70,60
9:20:39,2152,2151.6,2152,2,70,61
9:20:39,2152,2151.6,2152,5,71,58
9:20:40,2151.8,2151.6,2152,4,82,57
9:20:41,2152,2151.6,2152,9,79,54
9:20:41,2152,2151.6,2151.8,7,79,1
9:20:42,2151.6,2151.8,2152,2,1,48
9:20:42,2152,2151.8,2152,2,3,47
9:20:43,2152,2151.8,2152,7,3,63
9:20:43,2152,2151.8,2152,4,4,60
9:20:44,2151.8,2151.8,2152,2,4,61
9:20:44,2151.8,2151.8,2152,1,5,61
9:20:45,2152,2151.8,2152,1,9,61
9:20:45,2151.8,2151.8,2152,1,9,61
9:20:46,2151.8,2151.8,2152,1,11,61
9:20:46,2152,2151.8,2152,1,12,60
9:20:47,2151.8,2151.8,2152,7,8,60
9:20:47,2152,2151.8,2152,4,8,59
9:20:48,2152,2151.8,2152,2,7,58
9:20:50,2151.8,2151.8,2152,4,5,60
9:20:50,2152,2151.8,2152,1,5,60
9:20:51,2151.8,2151.8,2152,9,2,64
9:20:51,2151.8,2151.8,2152,7,12,61
9:20:52,2152,2151.8,2152,11,13,52
9:20:52,2151.8,2151.8,2152,2,11,53
9:20:53,2152,2151.8,2152,46,12,7
9:20:53,2152,2151.8,2152,3,14,4
9:20:54,2152,2152,2152.2,4,37,47
9:20:54,2152,2152,2152.2,10,34,47
9:20:55,2152,2152,2152.2,7,34,41
9:20:55,2152,2152,2152.2,8,31,39
9:20:56,2152.2,2152,2152.2,1,34,37
9:20:57,2152.2,2152,2152.2,2,35,38
9:20:57,2152.2,2152,2152.2,2,35,36
9:20:58,2152,2152,2152.2,3,32,36
9:20:58,2152.2,2152,2152.2,20,33,24
9:20:59,2152.2,2152,2152.2,3,33,21
9:21:00,2152,2152,2152.2,3,53,31
9:21:01,2152.2,2152,2152.2,2,53,30
9:21:01,2152,2152,2152.2,5,51,31
9:21:02,2152,2152,2152.2,13,43,29
9:21:02,2152.2,2152,2152.2,2,43,27
9:21:03,2152.2,2152,2152.2,12,43,17
9:21:03,2152,2152,2152.2,2,41,17
9:21:04,2152.2,2152,2152.2,7,41,10
9:21:04,2152.2,2152.2,2152.4,13,6,61
9:21:05,2152.2,2152.2,2152.4,2,5,61
9:21:05,2152.4,2152.2,2152.4,3,8,60
9:21:06,2152.2,2152.2,2152.4,2,9,60
9:21:06,2152.2,2152.2,2152.4,6,4,60
9:21:07,2152.4,2152.2,2152.4,2,7,61
9:21:07,2152.2,2152.2,2152.4,5,13,58
9:21:08,2152.2,2152.2,2152.4,4,14,55
9:21:08,2152.4,2152.2,2152.4,4,23,54
9:21:09,2152.4,2152.2,2152.4,8,20,50
9:21:09,2152.4,2152.2,2152.4,30,24,21
9:21:10,2152.4,2152.2,2152.6,23,38,129
9:21:10,2152.2,2152.2,2152.6,6,36,127
9:21:11,2152.6,2152.4,2152.6,3,5,124
9:21:11,2152.6,2152.4,2152.6,8,13,118
9:21:12,2152.6,2152.4,2152.6,3,15,121
9:21:12,2152.6,2152.4,2152.6,7,18,117
9:21:13,2152.6,2152.4,2152.6,2,19,116
9:21:13,2152.4,2152.4,2152.6,13,6,113
9:21:14,2152.4,2152.4,2152.6,6,12,112
9:21:14,2152.6,2152.4,2152.6,5,13,108
9:21:15,2152.4,2152.4,2152.6,11,4,106
9:21:15,2152.6,2152.4,2152.6,2,5,104
9:21:16,2152.6,2152.4,2152.6,3,6,101
9:21:16,2152.4,2152.4,2152.6,6,2,100
9:21:17,2152.6,2152.2,2152.4,14,9,5
9:21:17,2152.6,2152.2,2152.4,1,10,7
9:21:18,2152.2,2152.2,2152.4,3,8,9
9:21:18,2152.4,2152.2,2152.4,1,9,9
9:21:19,2152.4,2152.2,2152.4,2,10,17
9:21:19,2152.4,2152.2,2152.4,9,10,15
9:21:20,2152.4,2152.2,2152.4,2,10,17
9:21:20,2152.2,2152.2,2152.4,3,8,19
9:21:21,2152.4,2152.2,2152.4,1,8,22
9:21:22,2152,2152,2152.2,12,17,22
9:21:22,2152.2,2152,2152.2,2,16,21
9:21:23,2152,2152,2152.2,6,11,24
9:21:23,2152.2,2152,2152.2,1,11,23
9:21:24,2152,2152,2152.2,24,15,3
9:21:24,2152.2,2152,2152.2,3,14,3
9:21:25,2152,2152,2152.2,1,13,3
9:21:26,2152,2152,2152.4,8,21,42
9:21:26,2152,2152.2,2152.4,1,1,47
9:21:27,2152.2,2152,2152.2,4,42,1
9:21:28,2152.2,2152.2,2152.4,20,1,46
9:21:28,2152.2,2152,2152.4,7,29,40
9:21:29,2152,2152,2152.2,3,28,2
9:21:31,2152,2152,2152.2,3,34,7
9:21:32,2152,2152,2152.2,1,38,8
9:21:33,2152,2152,2152.2,1,42,8
9:21:33,2152.2,2152,2152.2,1,42,8
9:21:34,2152,2152,2152.2,2,40,8
9:21:34,2152.2,2152,2152.2,2,40,7
9:21:35,2152.2,2152,2152.2,1,41,6
9:21:35,2152.2,2152,2152.2,1,71,7
9:21:36,2152,2152,2152.2,2,70,6
9:21:36,2152,2152,2152.2,5,68,4
9:21:38,2152.2,2152.2,2152.4,9,1,64
9:21:38,2152.4,2152,2152.4,5,67,63
9:21:39,2152.2,2152,2152.4,1,68,65
9:21:40,2152,2152,2152.4,4,68,64
9:21:41,2152,2152,2152.4,1,72,67
9:21:43,2152.2,2152,2152.4,3,76,71
9:21:45,2152,2152,2152.2,5,72,3
9:21:46,2152.2,2152,2152.2,5,72,1
9:21:46,2152.2,2152,2152.2,1,87,28
9:21:48,2152,2152,2152.2,6,73,32
9:21:51,2152.2,2152,2152.2,4,70,41
9:21:51,2152.2,2152,2152.2,1,71,41
9:21:52,2152.2,2152,2152.2,2,70,40
9:21:52,2152,2152,2152.2,22,48,45
9:21:53,2152,2151.8,2152,49,59,10
9:21:54,2151.8,2151.8,2152,4,54,13
9:21:54,2151.8,2151.8,2152,7,47,14
9:21:55,2151.8,2151.8,2152,20,28,13
9:21:56,2151.8,2151.8,2152,15,13,14
9:21:56,2151.8,2151.8,2152,2,11,20
9:21:57,2151.8,2151.8,2152,2,10,25
9:21:57,2151.8,2151.8,2152,4,6,25
9:21:58,2151.8,2151.8,2152,3,3,28
9:21:58,2151.8,2151.8,2152,2,1,29
9:21:59,2151.8,2151.8,2152,5,1,29
9:21:59,2151.8,2151.6,2152,11,98,29
9:22:00,2151.6,2151.6,2152,2,97,31
9:22:00,2151.6,2151.6,2151.8,3,94,1
9:22:01,2151.8,2151.6,2151.8,38,63,2
9:22:01,2151.8,2151.6,2152,2,63,24
9:22:02,2151.6,2151.6,2152,1,62,24
9:22:02,2152,2151.6,2152,7,63,18
9:22:03,2152,2151.6,2152,8,61,13
9:22:04,2151.6,2151.6,2151.8,2,59,1
9:22:04,2151.8,2151.6,2152,6,59,8
9:22:05,2151.8,2151.8,2152,1,1,18
9:22:06,2152,2151.8,2152,1,13,20
9:22:07,2151.8,2151.8,2152,1,14,12
9:22:07,2151.8,2151.8,2152,2,16,22
9:22:08,2152,2151.8,2152,2,17,20
9:22:09,2152,2151.8,2152,2,21,23
9:22:10,2151.8,2151.8,2152,1,20,23
9:22:10,2151.8,2151.8,2152,1,20,26
9:22:11,2152,2151.8,2152,21,4,22
9:22:11,2151.8,2151.8,2152,1,4,22
9:22:12,2151.8,2151.8,2152,4,2,29
9:22:13,2152,2151.8,2152,2,2,27
9:22:13,2152,2151.8,2152,2,5,25
9:22:14,2151.8,2151.8,2152,2,3,27
9:22:14,2152,2151.8,2152,1,3,30
9:22:15,2151.8,2151.6,2152,5,44,30
9:22:15,2152,2151.6,2152,3,43,29
9:22:16,2152,2151.4,2151.8,49,40,2
9:22:17,2151.6,2151.4,2151.8,1,40,16
9:22:18,2151.8,2151.4,2151.8,3,40,17
9:22:18,2151.8,2151.6,2151.8,11,1,17
9:22:19,2151.8,2151.6,2151.8,5,3,15
9:22:19,2151.8,2151.6,2151.8,2,5,22
9:22:20,2151.6,2151.6,2151.8,1,4,19
9:22:20,2151.6,2151.6,2151.8,1,4,19
9:22:21,2151.6,2151.4,2151.6,6,32,2
9:22:21,2151.6,2151.4,2151.8,3,32,19
9:22:22,2151.8,2151.4,2151.8,1,32,19
9:22:23,2151.4,2151.6,2151.8,2,1,19
9:22:24,2151.4,2151.4,2151.8,2,34,24
9:22:24,2151.6,2151.4,2151.8,3,33,24
9:22:25,2151.4,2151.4,2151.8,3,30,24
9:22:26,2151.4,2151.4,2151.8,3,30,23
9:22:26,2151.4,2151.6,2151.8,22,1,23
9:22:27,2151.6,2151.4,2151.8,1,8,26
9:22:27,2151.4,2151.2,2151.4,12,51,13
9:22:28,2151.2,2151.2,2151.4,4,51,17
9:22:28,2151.4,2151.2,2151.4,4,50,20
9:22:29,2151.2,2151.2,2151.4,6,47,19
9:22:29,2151.2,2151.2,2151.4,4,45,18
9:22:30,2151.2,2151.2,2151.4,10,38,34
9:22:30,2151.2,2151,2151.2,39,99,1
9:22:31,2151,2151,2151.2,35,72,4
9:22:31,2151,2151,2151.4,31,59,30
9:22:32,2151,2151,2151.2,12,47,8
9:22:32,2151,2151,2151.2,21,37,1
9:22:33,2151,2151,2151.2,11,32,12
9:22:33,2151,2151,2151.2,4,28,12
9:22:34,2151,2151,2151.2,18,22,1
9:22:34,2150.8,2150.8,2151,48,38,8
9:22:35,2151,2150.8,2151,14,31,2
9:22:35,2150.8,2150.8,2151,2,30,8
9:22:36,2151,2150.8,2151,8,28,7
9:22:36,2151,2150.8,2151,9,27,4
9:22:37,2151,2150.8,2151,5,24,7
9:22:37,2150.8,2150.8,2151,8,32,3
9:22:38,2151,2151,2151.2,11,3,2
9:22:38,2151,2150.8,2151.2,35,13,2
9:22:39,2150.8,2150.8,2151.2,33,23,2
9:22:39,2151.2,2151,2151.2,17,1,5
9:22:40,2151,2151,2151.2,15,3,3
9:22:40,2150.8,2150.8,2151,8,10,52
9:22:41,2150.6,2150.6,2150.8,30,85,33
9:22:41,2150.6,2150.6,2150.8,18,76,36
9:22:42,2150.8,2150.6,2150.8,11,70,38
9:22:42,2150.8,2150.8,2151,44,13,74
9:22:43,2150.8,2150.8,2151,13,8,87
9:22:43,2150.6,2150.6,2150.8,17,66,3
9:22:44,2150.8,2150.6,2150.8,4,67,4
9:22:44,2150.6,2150.6,2150.8,6,74,2
9:22:45,2150.8,2150.6,2150.8,70,45,1
9:22:45,2150.8,2150.8,2151,4,12,54
9:22:46,2150.8,2150.6,2150.8,17,59,2
9:22:46,2150.6,2150.6,2150.8,14,57,3
9:22:47,2150.8,2150.8,2151,16,25,45
9:22:47,2150.8,2150.8,2151,9,50,43
9:22:48,2151,2150.8,2151,9,45,41
9:22:48,2151,2150.8,2151,39,40,22
9:22:49,2151,2151,2151.2,25,6,21
9:22:49,2151,2151,2151.2,6,17,20
9:22:50,2151,2151,2151.2,4,16,20
9:22:50,2151,2151,2151.2,24,7,9
9:22:51,2151.2,2151,2151.2,6,13,8
9:22:51,2151.2,2151,2151.2,3,14,8
9:22:52,2151.2,2151,2151.2,3,14,6
9:22:52,2151.2,2151,2151.2,2,15,4
9:22:53,2151.2,2151,2151.4,9,14,16
9:22:53,2151.4,2151,2151.4,10,13,9
9:22:54,2151.2,2151,2151.4,5,11,4
9:22:54,2151.4,2151,2151.4,3,10,5
9:22:55,2151.4,2151.2,2151.4,5,1,17
9:22:55,2151.2,2151.2,2151.4,1,4,17
9:22:56,2151.2,2151.2,2151.4,7,4,12
9:22:56,2151.2,2151,2151.4,10,21,5
9:22:57,2151,2151,2151.4,4,20,8
9:22:58,2151.2,2151.2,2151.4,1,1,8
9:22:58,2151.4,2151.2,2151.4,1,3,7
9:22:59,2151.4,2151.2,2151.6,13,1,20
9:22:59,2151.2,2151.2,2151.6,2,4,19
9:23:00,2151.6,2151.2,2151.4,1,8,1
9:23:00,2151.2,2151,2151.4,36,20,10
9:23:01,2151.4,2151.4,2151.6,22,1,10
9:23:01,2151.2,2151.2,2151.6,3,1,13
9:23:02,2151.6,2151.2,2151.4,8,10,1
9:23:02,2151.2,2151.2,2151.6,12,1,10
9:23:03,2151.4,2151.4,2151.6,2,31,10
9:23:03,2151.6,2151.4,2151.6,4,29,10
9:23:04,2151.6,2151.4,2151.6,21,10,10
9:23:04,2151.4,2151.4,2151.6,2,10,9
9:23:05,2151.6,2151.4,2151.6,3,10,6
9:23:05,2151.4,2151.4,2151.6,1,9,6
9:23:07,2151.6,2151.4,2151.6,14,11,7
9:23:07,2151.6,2151.4,2151.6,5,9,5
9:23:08,2151.6,2151.4,2151.6,7,11,5
9:23:08,2151.4,2151.4,2151.6,2,10,4
9:23:09,2151.6,2151.4,2151.6,3,9,3
9:23:09,2151.6,2151.4,2151.6,1,11,3
9:23:10,2151.6,2151.4,2151.6,1,11,5
9:23:10,2151.6,2151.4,2151.6,2,15,4
9:23:11,2151.6,2151.6,2151.8,9,7,64
9:23:11,2151.6,2151.6,2151.8,3,5,63
9:23:12,2151.6,2151.4,2151.6,10,22,16
9:23:12,2151.4,2151.4,2151.6,4,21,63
9:23:13,2151.4,2151.4,2151.6,2,18,63
9:23:13,2151.4,2151.2,2151.4,20,22,5
9:23:14,2151.4,2151.2,2151.4,3,20,8
9:23:15,2151.2,2151.2,2151.4,1,17,6
9:23:15,2151.2,2151.2,2151.4,3,16,7
9:23:16,2151.2,2151.2,2151.4,8,9,6
9:23:17,2151.2,2151.2,2151.4,4,8,10
9:23:18,2151.2,2151.2,2151.4,6,3,14
9:23:19,2151,2151,2151.4,44,52,14
9:23:19,2151,2151,2151.2,8,43,4
9:23:20,2151,2151,2151.2,8,37,2
9:23:20,2151,2151,2151.4,11,32,13
9:23:21,2151.4,2151.2,2151.4,2,3,13
9:23:22,2151.2,2151,2151.2,3,31,13
9:23:23,2151.2,2151,2151.2,1,38,14
9:23:23,2151,2151,2151.2,6,32,14
9:23:24,2151,2151,2151.2,3,31,13
9:23:24,2151,2151,2151.2,15,31,1
9:23:25,2151,2151,2151.2,2,34,1
9:23:25,2151,2151,2151.2,1,34,10
9:23:26,2151.2,2151,2151.2,4,34,7
9:23:26,2151.2,2151,2151.2,3,34,5
9:23:27,2151.2,2151,2151.2,3,32,25
9:23:28,2151,2151,2151.2,35,2,24
9:23:28,2151,2150.8,2151,3,52,6
9:23:29,2150.8,2150.8,2151,3,49,58
9:23:29,2150.8,2150.8,2151,9,43,60
9:23:30,2150.8,2150.8,2151,43,1,60
9:23:30,2151,2150.8,2151,1,1,59
9:23:31,2150.8,2150.6,2150.8,1,66,3
9:23:31,2150.8,2150.6,2151,3,65,59
9:23:32,2150.6,2150.6,2150.8,2,63,2
9:23:32,2150.8,2150.6,2150.8,7,60,2
9:23:33,2150.8,2150.8,2151,6,7,62
9:23:33,2150.8,2150.8,2151,3,4,62
9:23:34,2150.8,2150.8,2151,9,3,61
9:23:34,2150.8,2150.8,2151,2,13,61
9:23:35,2151,2150.8,2151,9,17,62
9:23:36,2150.8,2150.8,2151,2,24,68
9:23:36,2150.8,2150.8,2151,2,29,69
9:23:37,2150.8,2150.8,2151,3,27,70
9:23:38,2150.8,2150.8,2151,2,30,72
9:23:39,2151,2150.8,2151,3,32,72
9:23:39,2151,2150.8,2151,16,31,61
9:23:40,2151,2150.8,2151,1,33,60
9:23:40,2151,2150.8,2151,1,33,61
9:23:41,2151,2150.8,2151,13,38,52
9:23:41,2150.8,2150.8,2151,1,38,60
9:23:42,2151,2150.8,2151,4,39,61
9:23:42,2150.8,2150.8,2151,6,41,57
9:23:43,2151,2150.8,2151,2,40,56
9:23:43,2151,2150.8,2151,43,17,44
9:23:44,2151,2150.8,2151,9,17,36
9:23:44,2151.2,2150.8,2151.2,48,15,26
9:23:45,2151,2151,2151.2,1,2,26
9:23:45,2151,2151,2151.2,8,14,25
9:23:46,2151.2,2151,2151.2,2,20,24
9:23:46,2151.2,2151,2151.2,7,22,27
9:23:47,2151,2151,2151.2,16,7,26
9:23:47,2151.2,2151,2151.2,7,2,26
9:23:48,2151,2151,2151.2,10,5,27
9:23:48,2151,2151,2151.2,1,5,27
9:23:49,2151,2151,2151.2,4,1,27
9:23:49,2151.2,2151,2151.2,2,1,25
9:23:50,2151.2,2150.8,2151,4,21,1
9:23:50,2150.8,2150.8,2151.2,2,22,22
9:23:51,2151.2,2150.8,2151.2,1,22,22
9:23:51,2150.6,2150.6,2151,23,93,2
9:23:52,2151,2150.8,2151,1,1,1
9:23:52,2150.8,2150.6,2151,1,95,7
9:23:53,2151,2150.8,2151,6,1,6
9:23:53,2151,2150.6,2151.2,14,93,18
9:23:54,2150.8,2150.6,2151,7,95,1
9:23:54,2150.8,2150.8,2151,2,13,5
9:23:55,2151,2150.8,2151,10,13,4
9:23:55,2151,2150.8,2151,8,16,4
9:23:56,2150.8,2150.8,2151,1,17,6
9:23:56,2151,2150.8,2151,4,16,5
9:23:57,2151,2150.8,2151,1,16,4
9:23:57,2151,2150.8,2151,2,16,5
9:23:58,2150.8,2150.8,2151,13,10,2
9:23:58,2151,2150.8,2151,7,9,3
9:23:59,2151,2150.8,2151,2,10,4
9:24:00,2151.2,2151,2151.2,11,1,90
9:24:00,2151,2151,2151.2,10,69,86
9:24:01,2151,2151,2151.2,14,64,83
9:24:01,2151,2151,2151.2,45,20,82
9:24:02,2151,2151,2151.2,11,9,82
9:24:02,2151,2151,2151.2,7,3,82
9:24:03,2151.2,2150.8,2151.2,9,19,76
9:24:03,2150.8,2150.6,2150.8,20,103,7
9:24:04,2150.8,2150.8,2151,8,2,9
9:24:04,2151,2150.8,2151,8,1,14
9:24:05,2151,2150.6,2151,4,99,15
9:24:05,2151,2150.6,2151,4,98,22
9:24:06,2150.8,2150.8,2151,22,1,21
9:24:07,2151,2150.8,2151,1,2,22
9:24:08,2150.8,2150.6,2150.8,10,101,61
9:24:08,2150.8,2150.6,2150.8,4,101,57
9:24:09,2150.6,2150.6,2150.8,21,81,59
9:24:09,2150.6,2150.6,2150.8,82,2,58
9:24:10,2150.4,2150.4,2150.6,14,190,31
9:24:10,2150.6,2150.4,2150.6,12,193,65
9:24:11,2150.6,2150.4,2150.6,14,182,61
9:24:11,2150.4,2150.4,2150.6,18,166,60
9:24:12,2150.4,2150.4,2150.6,4,164,53
9:24:12,2150.4,2150.4,2150.6,16,160,49
9:24:13,2150.6,2150.4,2150.6,11,154,43
9:24:13,2150.6,2150.4,2150.6,15,143,41
9:24:14,2150.4,2150.4,2150.6,17,144,27
9:24:14,2150.6,2150.4,2150.6,20,127,14
9:24:15,2150.6,2150.4,2150.6,37,102,20
9:24:15,2150.6,2150.6,2150.8,29,18,66
9:24:16,2150.8,2150.6,2150.8,5,17,62
9:24:16,2150.6,2150.6,2150.8,13,31,60
9:24:17,2150.8,2150.6,2150.8,2,27,59
9:24:17,2150.8,2150.6,2150.8,4,33,62
9:24:18,2150.8,2150.6,2150.8,5,37,58
9:24:18,2150.8,2150.6,2150.8,6,40,54
9:24:19,2150.8,2150.6,2150.8,8,43,49
9:24:19,2150.8,2150.6,2150.8,8,41,43
9:24:20,2150.8,2150.6,2150.8,15,47,29
9:24:20,2150.8,2150.6,2150.8,15,55,14
9:24:21,2150.8,2150.8,2151,14,20,47
9:24:22,2151,2150.8,2151,5,27,37
9:24:22,2151,2150.8,2151,19,29,20
9:24:23,2151,2150.8,2151,4,27,17
9:24:23,2151,2150.8,2151,12,27,6
9:24:24,2151,2150.8,2151,37,27,3
9:24:24,2151,2150.8,2151,7,27,2
9:24:25,2151.2,2151,2151.2,3,2,82
9:24:26,2151,2150.8,2151,13,18,10
9:24:26,2151,2150.8,2151,2,19,9
9:24:27,2150.8,2150.8,2151,6,18,6
9:24:27,2150.8,2150.8,2151,11,7,6
9:24:28,2151,2150.8,2151,15,8,4
9:24:28,2150.8,2150.6,2150.8,10,73,20
9:24:29,2150.8,2150.6,2150.8,7,70,15
9:24:29,2150.8,2150.6,2150.8,11,68,11
9:24:30,2150.8,2150.6,2150.8,1,68,10
9:24:30,2150.8,2150.6,2150.8,3,67,9
9:24:31,2150.8,2150.6,2150.8,4,67,9
9:24:32,2150.6,2150.6,2150.8,2,64,9
9:24:32,2150.8,2150.6,2150.8,2,65,13
9:24:33,2150.8,2150.6,2150.8,6,67,7
9:24:33,2150.8,2150.6,2150.8,3,67,6
9:24:34,2151,2150.6,2151,13,65,95
9:24:34,2150.6,2150.6,2151,1,65,96
9:24:35,2151,2150.8,2151,1,1,97
9:24:35,2150.6,2150.6,2150.8,57,14,1
9:24:36,2150.8,2150.8,2151,4,1,99
9:24:36,2150.8,2150.6,2150.8,1,14,26
9:24:37,2150.8,2150.6,2150.8,10,15,16
9:24:38,2150.6,2150.4,2150.6,18,147,2
9:24:38,2150.6,2150.6,2150.8,29,2,24
9:24:39,2150.8,2150.4,2150.8,8,121,18
9:24:41,2150.6,2150.6,2150.8,2,26,29
9:24:42,2150.6,2150.6,2150.8,2,28,24
9:24:42,2150.8,2150.6,2150.8,3,27,25
9:24:43,2150.6,2150.6,2150.8,19,22,22
9:24:43,2150.8,2150.6,2150.8,18,17,11
9:24:44,2150.6,2150.6,2150.8,8,13,9
9:24:44,2150.6,2150.6,2150.8,2,13,10
9:24:45,2150.8,2150.6,2151,11,14,113
9:24:45,2150.6,2150.6,2150.8,2,4,2
9:24:46,2150.8,2150.6,2151,9,4,111
9:24:46,2150.6,2150.4,2150.6,10,128,5
9:24:47,2150.6,2150.4,2150.6,3,132,16
9:24:47,2150.6,2150.4,2150.6,2,134,16
9:24:48,2150.6,2150.4,2150.6,1,134,16
9:24:48,2150.6,2150.4,2150.6,1,138,15
9:24:49,2150.4,2150.4,2150.6,4,135,14
9:24:49,2150.6,2150.4,2150.6,1,133,13
9:24:50,2150.6,2150.4,2150.6,9,132,6
9:24:50,2150.6,2150.4,2150.6,5,136,1
9:24:51,2150.4,2150.4,2150.8,2,136,29
9:24:51,2150.6,2150.6,2150.8,2,7,32
9:24:52,2150.6,2150.6,2150.8,1,20,33
9:24:52,2150.8,2150.6,2150.8,16,15,27
9:24:53,2150.6,2150.6,2150.8,7,14,23
9:24:53,2150.6,2150.4,2150.6,26,119,2
9:24:54,2150.6,2150.6,2150.8,5,7,22
9:24:54,2150.6,2150.6,2150.8,2,6,22
9:24:55,2150.4,2150.4,2150.6,26,110,19
9:24:55,2150.4,2150.4,2150.6,11,100,30
9:24:56,2150.6,2150.4,2150.6,1,100,31
9:24:57,2150.4,2150.4,2150.6,64,37,36
9:24:57,2150.4,2150.4,2150.6,21,19,28
9:24:58,2150.2,2150.2,2150.4,22,299,2
9:24:58,2150.2,2150.2,2150.4,16,285,36
9:24:59,2150.4,2150.2,2150.4,25,263,35
9:24:59,2150.4,2150.2,2150.4,17,256,33
9:25:00,2150.2,2150.2,2150.4,7,253,30
9:25:00,2150.2,2150.2,2150.4,25,230,30
9:25:01,2150.2,2150.2,2150.4,46,209,5
9:25:01,2150.2,2150.2,2150.4,11,202,1
9:25:02,2150.4,2150.4,2150.6,30,16,20
9:25:02,2150.6,2150.4,2150.6,26,15,19
9:25:03,2150.6,2150.4,2150.6,6,39,15
9:25:03,2150.2,2150.4,2150.6,63,2,13
9:25:04,2150.6,2150.4,2150.6,6,2,12
9:25:04,2150.6,2150.4,2150.6,8,1,20
9:25:05,2150.6,2150.2,2150.6,13,209,26
9:25:05,2150.6,2150.4,2150.6,10,2,27
9:25:06,2150.4,2150.2,2150.4,8,208,14
9:25:06,2150.4,2150.2,2150.4,3,214,11
9:25:07,2150.4,2150.2,2150.4,2,209,11
9:25:07,2150.4,2150.2,2150.4,2,203,10
9:25:08,2150.4,2150.4,2150.6,12,1,24
9:25:08,2150.6,2150.4,2150.6,4,5,23
9:25:09,2150.2,2150.4,2150.6,12,2,30
9:25:09,2150.6,2150.4,2150.6,4,8,28
9:25:10,2150.6,2150.4,2150.6,1,19,29
9:25:10,2150.4,2150.4,2150.6,5,22,35
9:25:11,2150.6,2150.4,2150.6,6,26,30
9:25:11,2150.6,2150.4,2150.6,10,28,20
9:25:12,2150.6,2150.6,2150.8,23,22,37
9:25:13,2150.8,2150.6,2150.8,11,37,31
9:25:13,2150.8,2150.6,2150.8,33,26,36
9:25:14,2150.6,2150.6,2150.8,14,43,24
9:25:14,2150.8,2150.6,2150.8,3,33,21
9:25:15,2150.8,2150.6,2150.8,5,34,16
9:25:16,2150.8,2150.6,2150.8,7,38,9
9:25:16,2150.8,2150.6,2150.8,6,39,17
9:25:17,2150.8,2150.6,2150.8,3,39,14
9:25:17,2150.8,2150.8,2151,18,6,138
9:25:18,2151,2150.8,2151,5,12,137
9:25:18,2150.8,2150.8,2151,10,7,133
9:25:19,2150.8,2150.8,2151,4,13,133
9:25:19,2150.8,2150.8,2151,4,13,130
9:25:20,2150.8,2150.8,2151,6,21,126
9:25:20,2150.8,2150.8,2151,1,23,125
9:25:21,2150.8,2150.8,2151,5,23,121
9:25:21,2151,2150.8,2151,3,24,118
9:25:22,2151,2150.8,2151,21,23,96
9:25:22,2150.8,2150.8,2151,10,25,91
9:25:23,2151,2150.8,2151,9,27,102
9:25:23,2151,2150.8,2151,15,28,87
9:25:24,2151,2150.8,2151,41,29,46
9:25:24,2151,2150.8,2151,4,30,41
9:25:25,2151,2151,2151.2,47,66,98
9:25:25,2151,2151,2151.2,72,32,63
9:25:26,2151.2,2151,2151.2,38,37,25
9:25:26,2151.2,2151,2151.2,5,41,21
9:25:27,2151.2,2151,2151.2,5,41,18
9:25:27,2151,2151,2151.2,11,40,10
9:25:28,2151.4,2151.2,2151.4,11,2,26
9:25:28,2151.2,2151.2,2151.4,5,2,27
9:25:29,2151.2,2151.2,2151.4,10,1,21
9:25:29,2151.4,2151.2,2151.4,1,5,22
9:25:30,2151.2,2151.2,2151.4,3,7,21
9:25:30,2151.2,2151.2,2151.4,8,4,21
9:25:31,2151.4,2151,2151.4,15,65,16
9:25:31,2151,2151,2151.2,32,33,1
9:25:32,2151.4,2151.2,2151.4,11,1,13
9:25:32,2151.2,2151,2151.2,9,39,1
9:25:33,2151.2,2151.2,2151.4,8,4,26
9:25:33,2151.2,2151.2,2151.4,11,56,27
9:25:34,2151.2,2151.2,2151.4,9,54,23
9:25:34,2151.4,2151.2,2151.4,3,55,22
9:25:35,2151.4,2151.2,2151.4,2,54,22
9:25:35,2151.2,2151.2,2151.4,1,53,23
9:25:36,2151.2,2151.2,2151.4,8,50,21
9:25:36,2151.4,2151.2,2151.4,12,52,10
9:25:37,2151.4,2151.4,2151.6,12,8,94
9:25:37,2151.2,2151.4,2151.6,19,3,97
9:25:38,2151.4,2151.2,2151.4,21,48,12
9:25:38,2151.2,2151.2,2151.6,16,45,105
9:25:39,2151.4,2151.2,2151.4,27,27,1
9:25:39,2151.6,2151.2,2151.4,21,28,27
9:25:40,2151.4,2151.2,2151.4,4,30,26
9:25:40,2151.4,2151.2,2151.4,11,19,30
9:25:41,2151.4,2151.2,2151.4,3,22,30
9:25:41,2151.2,2151.2,2151.4,10,22,44
9:25:42,2151.4,2151.2,2151.4,20,10,41
9:25:42,2151.4,2151.2,2151.4,2,10,41
9:25:43,2151.2,2151.2,2151.4,4,10,39
9:25:43,2151.2,2151,2151.4,12,50,59
9:25:44,2151.2,2151,2151.2,12,50,10
9:25:44,2151.2,2151,2151.2,5,79,8
9:25:45,2151.2,2151,2151.2,1,82,9
9:25:45,2151,2151,2151.2,13,43,9
9:25:46,2151,2151,2151.2,5,44,7
9:25:47,2151.2,2151,2151.2,1,47,11
9:25:48,2151,2151,2151.2,1,47,20
9:25:48,2151.2,2151,2151.2,49,18,3
9:25:49,2151,2151,2151.2,10,40,5
9:25:49,2151.2,2151,2151.2,1,40,4
9:25:50,2151.2,2151,2151.2,3,40,3
9:25:51,2151.2,2151,2151.2,2,43,2
9:25:51,2151.2,2151,2151.2,1,44,1
9:25:52,2151,2151,2151.2,1,14,1
9:25:52,2151.4,2151,2151.4,3,15,72
9:25:53,2151.2,2151,2151.2,1,15,2
9:25:53,2151,2151,2151.2,1,14,2
9:25:54,2151.4,2151.2,2151.4,15,1,71
9:25:55,2151.4,2151,2151.4,2,6,71
9:25:55,2151.4,2151,2151.4,1,36,70
9:25:56,2151.4,2151,2151.4,1,36,71
9:25:57,2151.4,2151.2,2151.4,6,2,68
9:25:57,2151.4,2151.2,2151.4,5,7,73
9:25:58,2151.2,2151.2,2151.4,6,8,75
9:25:58,2151,2151,2151.2,30,34,1
9:25:59,2151.2,2151,2151.4,5,38,78
9:25:59,2151.4,2151.2,2151.4,1,1,77
9:26:00,2151.2,2151,2151.2,4,39,17
9:26:00,2151,2151,2151.2,5,35,18
9:26:01,2151,2151,2151.2,3,37,19
9:26:01,2151,2151,2151.2,9,35,21
9:26:02,2151,2151,2151.2,9,35,14
9:26:02,2151,2151,2151.2,5,34,13
9:26:03,2151,2151,2151.2,3,31,13
9:26:03,2151.2,2151,2151.4,13,33,87
9:26:04,2151,2151,2151.4,1,32,88
9:26:04,2151.2,2151.2,2151.4,3,4,87
9:26:05,2151.2,2151.2,2151.4,2,3,87
9:26:05,2151.2,2151.2,2151.4,2,3,87
9:26:06,2151,2151,2151.4,15,32,78
9:26:07,2151.4,2151,2151.4,22,31,62
9:26:07,2151.2,2151,2151.2,3,30,5
9:26:08,2151.2,2151,2151.2,4,29,5
9:26:08,2151.2,2151.2,2151.4,7,13,64
9:26:09,2151.2,2151.2,2151.4,1,17,65
9:26:09,2151.2,2151.2,2151.4,16,2,65
9:26:10,2151.4,2151.2,2151.4,20,1,50
9:26:11,2151.2,2151,2151.2,2,41,13
9:26:11,2151.2,2151,2151.4,24,42,42
9:26:12,2151.2,2151.2,2151.4,6,2,38
9:26:12,2151.2,2151,2151.4,2,44,38
9:26:13,2151.2,2151.2,2151.4,20,45,37
9:26:13,2151.2,2151.2,2151.4,15,32,36
9:26:14,2151.4,2151.2,2151.4,1,33,35
9:26:14,2151.2,2151.2,2151.4,6,29,35
9:26:15,2151.2,2151.2,2151.4,6,25,45
9:26:15,2151.2,2151.2,2151.4,1,23,45
9:26:16,2151.4,2151.2,2151.4,3,19,45
9:26:17,2151.4,2151.2,2151.4,1,19,45
9:26:17,2151.4,2151.2,2151.4,3,17,44
9:26:18,2151.4,2151.2,2151.4,6,19,43
9:26:18,2151.4,2151.2,2151.4,4,18,40
9:26:19,2151.4,2151.2,2151.4,1,19,39
9:26:19,2151.4,2151.2,2151.4,3,19,36
9:26:20,2151.4,2151.2,2151.4,1,20,37
9:26:20,2151.4,2151.2,2151.4,3,19,92
9:26:21,2151.4,2151.2,2151.4,3,17,91
9:26:21,2151.4,2151.2,2151.4,14,12,83
9:26:22,2151.2,2151.2,2151.4,12,1,82
9:26:22,2151,2151,2151.4,7,55,82
9:26:23,2151,2151,2151.4,2,54,83
9:26:23,2151.4,2151,2151.4,2,54,83
9:26:24,2151.2,2151,2151.2,1,55,9
9:26:24,2151.2,2151,2151.2,2,54,7
9:26:25,2151.2,2151,2151.2,2,55,10
9:26:25,2151,2151,2151.4,11,56,84
9:26:26,2151,2151,2151.2,1,62,1
9:26:27,2151.2,2151,2151.2,1,62,5
9:26:27,2151.2,2151.2,2151.4,8,16,96
9:26:28,2151.2,2151.2,2151.4,2,25,94
9:26:28,2151.2,2151.2,2151.4,9,23,93
9:26:29,2151.2,2151.2,2151.4,2,26,95
9:26:29,2151.2,2151.2,2151.4,3,26,98
9:26:30,2151.2,2151.2,2151.4,3,25,97
9:26:30,2151.2,2151.2,2151.4,1,24,98
9:26:31,2151.2,2151.2,2151.4,2,23,100
9:26:32,2151.2,2151.2,2151.4,2,18,101
9:26:32,2151.2,2151.2,2151.4,4,15,100
9:26:33,2151.2,2151,2151.4,15,69,102
9:26:34,2151.2,2151,2151.2,6,63,5
9:26:35,2151,2151,2151.2,7,64,1
9:26:36,2151,2151,2151.2,12,53,33
9:26:37,2151,2151,2151.2,14,39,34
9:26:37,2151.2,2150.8,2151,44,45,9
9:26:38,2150.8,2150.8,2151,20,28,18
9:26:38,2151,2150.8,2151,13,30,24
9:26:39,2150.8,2150.8,2151,4,27,23
9:26:39,2150.8,2150.8,2151,12,16,24
9:26:40,2150.8,2150.8,2151,2,15,24
9:26:40,2150.8,2150.8,2151,3,12,24
9:26:41,2151,2150.8,2151,2,11,23
9:26:41,2150.8,2150.8,2151,3,10,21
9:26:42,2150.8,2150.8,2151,1,12,23
9:26:42,2151,2150.8,2151,11,14,10
9:26:43,2151.2,2150.8,2151,22,14,1
9:26:44,2150.8,2150.8,2151.2,6,11,47
9:26:45,2150.8,2151,2151.2,1,3,47
9:26:45,2151.2,2151,2151.2,4,2,47
9:26:46,2151,2151,2151.2,3,3,46
9:26:47,2151,2151,2151.2,3,20,46
9:26:47,2151,2151,2151.2,4,17,46
9:26:48,2151.2,2151,2151.2,6,19,42
9:26:50,2151.2,2151,2151.2,5,19,38
9:26:50,2151.2,2151,2151.2,1,23,37
9:26:51,2151,2151,2151.2,3,24,34
9:26:52,2151,2151,2151.2,12,13,35
9:26:53,2151,2151,2151.2,1,12,35
9:26:53,2151,2151,2151.2,1,12,35
9:26:54,2151,2151,2151.2,2,9,35
9:26:55,2151,2151,2151.2,2,5,35
9:26:55,2151.2,2151,2151.2,1,6,34
9:26:56,2151,2151,2151.2,5,2,34
9:26:56,2151,2150.8,2151,2,21,2
9:26:57,2151,2150.8,2151,3,23,2
9:26:58,2151,2151,2151.2,2,18,38
9:26:58,2151,2151,2151.2,1,17,39
9:26:59,2151.2,2151,2151.2,2,24,38
9:27:00,2151.2,2151,2151.2,1,26,38
9:27:01,2151,2151,2151.2,10,19,38
9:27:01,2151,2151,2151.2,8,16,36
9:27:02,2151,2151,2151.2,2,15,39
9:27:03,2151,2151,2151.2,1,15,45
9:27:03,2151,2151,2151.2,2,13,46
9:27:04,2150.8,2150.8,2151.2,14,28,48
9:27:05,2150.8,2150.8,2151,6,27,13
9:27:05,2150.8,2150.8,2151,2,30,3
9:27:06,2151,2150.8,2151,2,30,2
9:27:07,2150.8,2150.8,2151,1,30,3
9:27:08,2151,2150.8,2151,4,31,3
9:27:08,2151,2150.8,2151,1,31,3
9:27:09,2151,2151,2151.2,23,30,59
9:27:10,2151,2151,2151.2,6,24,70
9:27:11,2151,2151,2151.2,2,23,72
9:27:11,2151,2151,2151.2,1,22,71
9:27:12,2151,2151,2151.2,13,9,71
9:27:12,2151,2150.8,2151,11,25,2
9:27:13,2150.8,2151,2151.2,3,5,71
9:27:13,2151,2151,2151.2,4,1,71
9:27:14,2151,2151,2151.2,1,4,74
9:27:14,2151,2151,2151.2,2,2,74
9:27:15,2151,2151,2151.2,1,4,76
9:27:15,2151,2151,2151.2,1,4,76
9:27:16,2151,2151,2151.2,2,2,78
9:27:16,2151,2151,2151.2,2,1,80
9:27:17,2151.2,2151,2151.2,1,1,91
9:27:18,2151.2,2150.8,2151,2,32,7
9:27:18,2151,2150.8,2151,1,32,8
9:27:20,2151,2150.8,2151,5,34,9
9:27:20,2151,2150.8,2151,12,26,36
9:27:21,2151,2150.8,2151,2,26,35
9:27:21,2151,2150.8,2151,2,26,33
9:27:22,2151,2150.8,2151,2,25,32
9:27:23,2151,2150.8,2151,8,19,32
9:27:23,2151,2150.8,2151,3,19,30
9:27:24,2151,2150.8,2151,11,18,20
9:27:25,2151,2150.8,2151,8,12,19
9:27:25,2151,2150.8,2151,2,13,17
9:27:26,2151,2151,2151.2,20,32,94
9:27:26,2151,2151,2151.2,3,33,93
9:27:27,2151,2151,2151.2,2,32,93
9:27:27,2151.2,2151,2151.2,6,38,90
9:27:28,2151,2151,2151.2,3,35,90
9:27:28,2151,2151,2151.2,7,34,86
9:27:29,2151,2151,2151.2,1,38,86
9:27:29,2151,2151,2151.2,1,37,86
9:27:30,2151.2,2151,2151.2,7,37,79
9:27:30,2151,2151,2151.2,3,37,78
9:27:31,2151,2151,2151.2,1,38,78
9:27:31,2151,2151,2151.2,13,37,65
9:27:32,2151,2151,2151.2,2,37,66
9:27:32,2151.2,2151,2151.2,3,35,63
9:27:33,2151.2,2151,2151.2,25,15,59
9:27:33,2151.2,2151,2151.2,15,15,45
9:27:34,2151,2151,2151.2,3,16,44
9:27:35,2151,2150.8,2151,18,14,4
9:27:35,2151,2150.8,2151.2,4,14,56
9:27:36,2151,2150.8,2151,2,17,1
9:27:37,2151.2,2150.8,2151.2,3,17,57
9:27:38,2151.2,2151,2151.2,3,35,59
9:27:38,2151.2,2151,2151.2,4,32,58
9:27:40,2151.2,2151,2151.2,8,34,47
9:27:40,2151.2,2151,2151.2,4,47,44
9:27:41,2151.2,2151,2151.2,9,47,36
9:27:41,2151.2,2151.2,2151.4,37,12,120
9:27:42,2151.2,2151.2,2151.4,8,11,118
9:27:44,2151.4,2151.2,2151.4,4,11,113
9:27:44,2151.2,2151.2,2151.4,12,13,104
9:27:45,2151.2,2151.2,2151.4,1,12,105
9:27:47,2151.2,2151.2,2151.4,1,17,105
9:27:47,2151.4,2151.2,2151.4,4,16,102
9:27:48,2151.4,2151.2,2151.4,3,16,104
9:27:48,2151.4,2151.2,2151.4,2,17,102
9:27:49,2151.4,2151.2,2151.4,5,17,97
9:27:49,2151.4,2151.2,2151.4,8,15,93
9:27:50,2151.2,2151.2,2151.4,3,14,92
9:27:50,2151.4,2151.2,2151.4,7,13,82
9:27:51,2151.4,2151.2,2151.4,1,14,81
9:27:51,2151.4,2151.2,2151.4,1,14,80
9:27:52,2151.4,2151.2,2151.4,1,14,80
9:27:52,2151.2,2151.2,2151.4,4,12,79
9:27:53,2151.4,2151.2,2151.4,1,12,77
9:27:53,2151.4,2151.2,2151.4,2,12,75
9:27:54,2151.4,2151.2,2151.4,6,11,73
9:27:54,2151.4,2151.2,2151.4,5,11,68
9:27:55,2151.4,2151.2,2151.4,3,11,68
9:27:56,2151.4,2151.2,2151.4,1,12,71
9:27:56,2151.4,2151.2,2151.4,2,12,72
9:27:57,2151.4,2151.2,2151.4,2,12,70
9:27:57,2151.4,2151.2,2151.4,14,9,59
9:27:58,2151.4,2151.2,2151.4,41,9,20
9:27:58,2151.4,2151.2,2151.4,3,9,18
9:27:59,2151.4,2151.2,2151.4,6,20,12
9:27:59,2151.4,2151.2,2151.4,11,21,1
9:28:00,2151.4,2151.2,2151.4,11,24,13
9:28:00,2151.4,2151.2,2151.4,8,25,5
9:28:01,2151.4,2151.2,2151.6,9,28,99
9:28:01,2151.4,2151.4,2151.6,4,12,99
9:28:02,2151.4,2151.4,2151.6,69,10,32
9:28:03,2151.4,2151.4,2151.6,2,15,33
9:28:03,2151.6,2151.4,2151.6,4,15,29
9:28:04,2151.4,2151.4,2151.6,15,13,17
9:28:04,2151.8,2151.4,2151.8,31,9,55
9:28:05,2151.8,2151.4,2151.6,23,10,1
9:28:05,2151.6,2151.4,2151.6,34,10,3
9:28:06,2151.8,2151.6,2151.8,15,1,31
9:28:06,2151.8,2151.6,2151.8,1,10,41
9:28:07,2151.8,2151.6,2151.8,6,11,34
9:28:07,2151.6,2151.6,2151.8,7,12,31
9:28:08,2151.8,2151.6,2151.8,2,12,29
9:28:08,2151.8,2151.6,2151.8,10,13,20
9:28:09,2151.8,2151.6,2151.8,8,30,16
9:28:09,2151.8,2151.6,2151.8,7,30,10
9:28:10,2151.8,2151.6,2151.8,4,29,7
9:28:10,2151.8,2151.8,2152,7,1,104
9:28:11,2152,2151.8,2152,1,4,103
9:28:11,2152,2151.8,2152,7,5,97
9:28:12,2152,2151.8,2152,7,5,93
9:28:12,2152,2151.8,2152,11,35,87
9:28:13,2152,2151.8,2152,22,32,70
9:28:13,2151.8,2151.8,2152,52,27,24
9:28:14,2152,2151.8,2152,43,10,12
9:28:14,2152.2,2152,2152.2,14,4,28
9:28:15,2151.8,2151.8,2152,16,9,2
9:28:15,2152,2152,2152.2,17,12,9
9:28:16,2152.2,2152,2152.2,11,40,7
9:28:16,2152.2,2152,2152.2,8,45,2
9:28:17,2152.2,2152,2152.2,16,39,48
9:28:17,2152,2152,2152.2,64,4,21
9:28:18,2152,2151.8,2152,20,21,17
9:28:18,2152,2151.8,2152,2,22,22
9:28:19,2152,2151.8,2152,21,28,7
9:28:19,2152,2151.8,2152,9,28,6
9:28:20,2152,2151.8,2152,3,29,6
9:28:20,2152.2,2151.8,2152,9,28,3
9:28:21,2152,2151.8,2152,1,28,7
9:28:21,2151.8,2151.8,2152,8,23,15
9:28:22,2151.8,2151.8,2152,5,23,12
9:28:22,2152,2151.8,2152,20,11,7
9:28:23,2152,2151.8,2152,3,11,4
9:28:23,2151.8,2151.8,2152,1,13,4
9:28:24,2152,2152,2152.2,6,2,99
9:28:24,2152,2151.8,2152,3,15,20
9:28:25,2151.8,2151.8,2152,2,14,24
9:28:25,2151.8,2151.8,2152,2,16,72
9:28:26,2151.8,2151.8,2152,7,19,71
9:28:26,2152,2151.8,2152,9,11,69
9:28:27,2151.8,2151.8,2152,38,9,49
9:28:27,2152,2151.8,2152,6,15,51
9:28:28,2151.8,2151.8,2152,1,18,51
9:28:28,2152,2151.8,2152,2,21,51
9:28:29,2152,2151.8,2152,3,20,56
9:28:30,2152,2151.8,2152,2,20,59
9:28:31,2152,2151.8,2152,6,18,55
9:28:31,2152,2151.8,2152,5,17,55
9:28:32,2151.8,2151.8,2152,2,15,56
9:28:32,2151.8,2151.8,2152,3,16,57
9:28:33,2152,2151.8,2152,4,16,77
9:28:33,2151.8,2151.8,2152,2,17,77
9:28:34,2151.8,2151.8,2152,3,17,97
9:28:34,2151.8,2151.8,2152,1,16,99
9:28:35,2151.8,2151.6,2151.8,18,35,2
9:28:35,2152,2151.6,2151.8,11,35,4
9:28:36,2151.6,2151.6,2152,7,32,97
9:28:37,2151.4,2151.2,2151.4,43,44,71
9:28:37,2151.4,2151.2,2151.4,46,2,67
9:28:38,2151.2,2151,2151.2,10,60,8
9:28:38,2151.2,2151.2,2151.4,8,9,67
9:28:39,2151.4,2151,2151.4,13,57,65
9:28:39,2151.4,2151,2151.4,56,27,10
9:28:40,2151.2,2151.2,2151.4,9,13,9
9:28:41,2151.4,2151.2,2151.4,1,17,9
9:28:41,2151.4,2151.2,2151.4,6,13,3
9:28:42,2151.4,2151,2151.4,17,26,1
9:28:43,2151.2,2151,2151.4,2,45,3
9:28:44,2151.2,2151,2151.4,2,45,4
9:28:45,2151.4,2151.4,2151.6,4,9,2
9:28:45,2151.4,2151.4,2151.6,1,8,3
9:28:46,2151.4,2151.2,2151.4,8,1,3
9:28:46,2151.2,2151.2,2151.4,1,2,9
9:28:47,2151.4,2151.2,2151.6,14,13,6
9:28:48,2151.2,2151.2,2151.4,9,4,1
9:28:48,2151.4,2151.2,2151.4,1,5,5
9:28:49,2151.4,2151.4,2151.6,5,3,13
9:28:49,2151.4,2151.4,2151.6,1,7,13
9:28:50,2151.4,2151.4,2151.6,9,6,11
9:28:50,2151.4,2151.2,2151.6,7,9,10
9:28:51,2151.2,2151.2,2151.6,1,12,16
9:28:51,2151.6,2151.2,2151.6,6,13,13
9:28:52,2151.2,2151.2,2151.6,11,13,23
9:28:52,2151.2,2151.2,2151.4,1,12,1
9:28:53,2151.4,2151.2,2151.4,1,14,9
9:28:53,2151.4,2151.2,2151.4,1,14,8
9:28:54,2151.2,2151.2,2151.4,4,12,7
9:28:54,2151.2,2151.2,2151.4,4,9,9
9:28:56,2151.4,2151.2,2151.4,5,7,12
9:28:56,2151.4,2151.2,2151.4,2,7,12
9:28:57,2151.2,2151.2,2151.6,14,9,39
9:28:57,2151.2,2151.2,2151.4,5,4,36
9:28:58,2151.2,2151.2,2151.4,4,1,37
9:28:59,2151.2,2151,2151.4,2,70,36
9:29:00,2151.2,2151,2151.2,1,70,2
9:29:00,2151,2151,2151.2,3,67,3
9:29:01,2151.4,2151.2,2151.4,13,1,37
9:29:01,2151,2151,2151.4,4,60,38
9:29:02,2151.4,2151,2151.4,4,63,35
9:29:02,2151,2151,2151.2,15,49,16
9:29:03,2151,2151,2151.2,12,45,7
9:29:03,2151.2,2151,2151.2,2,47,10
9:29:04,2151,2151,2151.2,12,35,12
9:29:04,2151,2151,2151.2,9,27,31
9:29:05,2151,2151,2151.2,8,19,29
9:29:05,2151,2151,2151.2,6,14,30
9:29:06,2151.2,2151,2151.2,18,3,26
9:29:07,2151.2,2151,2151.2,2,4,25
9:29:08,2151,2150.8,2151,9,31,14
9:29:08,2151,2150.8,2151,4,30,12
9:29:09,2151,2150.8,2151,1,30,11
9:29:09,2151.2,2151,2151.2,12,4,26
9:29:10,2151.2,2151,2151.2,1,5,25
9:29:10,2151,2151,2151.2,4,25,25
9:29:11,2151,2151,2151.2,4,28,24
9:29:11,2151,2151,2151.2,13,26,13
9:29:12,2151,2151,2151.2,17,29,2
9:29:12,2151.2,2151,2151.2,4,26,1
9:29:13,2151.4,2151.2,2151.4,22,1,25
9:29:13,2151.2,2151,2151.4,3,10,23
9:29:14,2151.2,2151,2151.2,11,20,2
9:29:14,2151,2151,2151.4,4,19,13
9:29:15,2151,2151,2151.4,1,18,13
9:29:15,2151.4,2151,2151.4,5,19,10
9:29:16,2151,2151.2,2151.4,3,1,10
9:29:16,2151,2151,2151.4,21,1,12
9:29:17,2151,2151,2151.4,2,3,13
9:29:17,2151.4,2151,2151.2,3,4,7
9:29:18,2151,2150.8,2151.2,6,44,14
9:29:20,2151,2150.8,2151,7,43,13
9:29:20,2151,2150.8,2151,5,43,9
9:29:21,2151,2150.8,2151,1,43,8
9:29:21,2151,2150.8,2151,3,62,9
9:29:22,2150.8,2150.8,2151,5,64,6
9:29:22,2151,2151,2151.2,8,8,18
9:29:23,2151.2,2151,2151.2,9,5,12
9:29:23,2151,2151,2151.2,8,14,13
9:29:24,2151,2151,2151.2,5,9,13
9:29:24,2151,2151,2151.2,6,4,12
9:29:25,2151,2150.8,2151.2,4,66,7
9:29:25,2151,2150.8,2151.2,3,66,5
9:29:26,2150.8,2151,2151.2,5,1,5
9:29:26,2150.8,2150.8,2151.2,6,57,5
9:29:27,2151,2150.8,2151,2,57,2
9:29:27,2151,2150.8,2151,4,54,2
9:29:28,2150.8,2150.8,2151,5,49,6
9:29:28,2150.8,2150.8,2151,3,46,27
9:29:29,2150.8,2150.8,2151,32,14,28
9:29:29,2150.8,2150.6,2150.8,16,107,1
9:29:30,2150.6,2150.6,2150.8,11,99,4
9:29:30,2150.8,2150.6,2150.8,8,94,9
9:29:31,2150.6,2150.6,2150.8,17,85,5
9:29:31,2150.8,2150.6,2150.8,8,82,2
9:29:32,2150.6,2150.6,2150.8,8,80,3
9:29:32,2150.6,2150.6,2151,18,75,42
9:29:33,2150.8,2150.8,2151,8,12,43
9:29:33,2150.8,2150.8,2151,4,11,44
9:29:34,2150.8,2150.8,2151,7,15,46
9:29:34,2150.8,2150.8,2151,11,15,49
9:29:35,2150.8,2150.8,2151,4,12,49
9:29:35,2150.8,2150.8,2151,3,10,49
9:29:36,2150.8,2150.8,2151,3,8,49
9:29:36,2150.8,2150.8,2151,2,9,50
9:29:37,2150.8,2150.8,2151,1,8,52
9:29:37,2150.8,2150.6,2150.8,9,70,4
9:29:38,2150.8,2150.6,2150.8,3,69,3
9:29:38,2150.6,2150.6,2150.8,1,68,4
9:29:39,2150.8,2150.6,2150.8,2,69,3
9:29:39,2150.6,2150.6,2150.8,4,66,4
9:29:40,2150.8,2150.6,2151,5,75,83
9:29:40,2150.6,2150.6,2151,1,74,83
9:29:41,2150.6,2150.6,2151,2,74,82
9:29:41,2151,2150.8,2151,2,1,85
9:29:42,2150.8,2150.8,2151,3,1,86
9:29:42,2150.8,2150.8,2151,5,1,89
9:29:43,2150.8,2150.8,2151,5,3,91
9:29:43,2150.8,2150.8,2151,2,6,101
9:29:44,2150.8,2150.8,2151,1,5,96
9:29:44,2150.8,2150.8,2151,4,3,99
9:29:45,2150.8,2150.6,2150.8,3,77,10
9:29:45,2150.6,2150.6,2150.8,3,74,29
9:29:46,2150.6,2150.6,2150.8,5,69,29
9:29:46,2150.8,2150.6,2150.8,2,75,30
9:29:47,2150.6,2150.6,2150.8,47,31,28
9:29:47,2150.6,2150.6,2150.8,26,8,31
9:29:48,2150.6,2150.4,2150.6,10,85,17
9:29:48,2150.4,2150.4,2150.6,6,91,15
9:29:49,2150.8,2150.4,2150.8,40,82,32
9:29:49,2150.4,2150.4,2150.8,6,78,29
9:29:50,2150.4,2150.4,2150.8,21,58,29
9:29:50,2150.6,2150.4,2150.6,2,59,1
9:29:51,2150.4,2150.4,2150.8,9,51,29
9:29:51,2150.4,2150.4,2150.8,8,50,33
9:29:52,2150.4,2150.4,2150.8,2,69,34
9:29:52,2150.4,2150.4,2150.8,7,63,33
9:29:53,2150.8,2150.6,2150.8,9,1,33
9:29:53,2150.4,2150.4,2150.6,4,56,5
9:29:54,2150.4,2150.4,2150.6,2,55,7
9:29:54,2150.4,2150.4,2150.6,9,48,6
9:29:55,2150.4,2150.4,2150.6,6,44,5
9:29:55,2150.4,2150.4,2150.6,42,27,2
9:29:56,2150.6,2150.4,2150.6,9,24,1
9:29:56,2150.4,2150.6,2150.8,16,2,35
9:29:57,2150.4,2150.6,2150.8,2,4,35
9:29:57,2150.4,2150.4,2150.8,6,13,35
9:29:58,2150.6,2150.4,2150.8,7,31,36
9:29:58,2150.6,2150.6,2150.8,10,2,29
9:29:59,2150.6,2150.6,2150.8,1,11,30
9:29:59,2150.6,2150.6,2150.8,4,9,30
9:30:00,2150.6,2150.6,2150.8,6,20,31
9:30:00,2150.6,2150.4,2150.6,65,25,12
9:30:01,2150.4,2150.4,2150.6,32,3,5
9:30:01,2150.2,2150.2,2150.8,21,172,5
9:30:02,2150.4,2150.4,2150.6,18,26,4
9:30:02,2150.8,2150.4,2151,48,11,132
9:30:03,2150.4,2150.4,2150.6,8,8,1
9:30:03,2150.4,2150.2,2150.4,38,176,2
9:30:04,2150.6,2150.4,2150.8,14,52,9
9:30:04,2150.4,2150.4,2150.8,2,54,28
9:30:05,2150.6,2150.6,2150.8,4,7,32
9:30:05,2150.6,2150.6,2150.8,3,12,39
9:30:06,2150.6,2150.6,2150.8,8,10,38
9:30:06,2150.6,2150.6,2150.8,8,11,35
9:30:07,2150.6,2150.6,2150.8,3,9,34
9:30:07,2150.6,2150.6,2150.8,4,6,35
9:30:08,2150.6,2150.6,2150.8,6,3,36
9:30:08,2150.8,2150.6,2150.8,3,6,33
9:30:09,2150.6,2150.6,2150.8,1,7,33
9:30:10,2150.8,2150.6,2150.8,19,16,18
9:30:10,2150.8,2150.6,2150.8,2,16,17
9:30:11,2150.6,2150.6,2150.8,18,4,13
9:30:11,2150.8,2150.6,2150.8,5,1,6
9:30:12,2150.8,2150.8,2151,11,2,101
9:30:12,2150.8,2150.6,2151,3,8,94
9:30:13,2150.6,2150.6,2151,3,7,93
9:30:13,2151,2150.6,2151,3,25,93
9:30:14,2150.8,2150.8,2151,1,48,92
9:30:14,2150.8,2150.8,2151,21,47,72
9:30:15,2151,2150.8,2151,34,48,47
9:30:15,2151,2150.8,2151,24,48,26
9:30:16,2151.2,2151,2151.2,29,39,10
9:30:16,2151.2,2151.2,2151.4,12,1,30
9:30:17,2151.4,2151.2,2151.4,7,3,26
9:30:17,2151.4,2151,2151.2,10,58,1
9:30:18,2151.4,2151.2,2151.4,2,9,19
9:30:18,2151.4,2151.2,2151.4,6,9,16
9:30:19,2151.4,2151.2,2151.4,12,11,5
9:30:19,2151.4,2151.2,2151.4,1,17,4
9:30:20,2151.4,2151.2,2151.4,3,30,1
9:30:20,2151.4,2151.4,2151.6,4,10,43
9:30:21,2151.6,2151.4,2151.6,31,11,13
9:30:21,2151.6,2151.6,2151.8,16,40,38
9:30:22,2151.8,2151.6,2151.8,10,36,33
9:30:22,2151.8,2151.6,2151.8,16,27,26
9:30:23,2151.8,2151.6,2151.8,23,27,6
9:30:23,2151.8,2151.8,2152,13,2,97
9:30:24,2151.8,2151.8,2152,6,5,95
9:30:24,2151.8,2151.8,2152,11,5,91
9:30:25,2151.8,2151.8,2152,4,7,94
9:30:25,2152,2151.8,2152,11,5,87
9:30:26,2151.6,2151.6,2151.8,32,26,5
9:30:26,2151.8,2151.8,2152,6,42,66
9:30:27,2151.8,2151.8,2152,7,37,70
9:30:27,2151.8,2151.8,2152,8,37,69
9:30:28,2152,2151.8,2152,3,37,70
9:30:28,2152,2151.8,2152,15,2,65
9:30:29,2151.6,2151.6,2151.8,13,32,1
9:30:29,2151.6,2151.6,2151.8,3,30,4
9:30:30,2152,2151.8,2152,7,4,64
9:30:30,2151.8,2151.6,2151.8,6,37,56
9:30:31,2151.6,2151.6,2151.8,8,33,54
9:30:31,2151.6,2151.6,2151.8,7,35,54
9:30:32,2151.8,2151.6,2151.8,39,1,59
9:30:32,2151.6,2151.4,2151.6,4,14,22
9:30:33,2151.6,2151.4,2151.6,5,15,20
9:30:33,2151.6,2151.4,2151.6,6,17,19
9:30:34,2151.6,2151.4,2151.6,18,15,7
9:30:34,2151.6,2151.4,2151.6,7,17,2
9:30:35,2151.6,2151.4,2151.8,2,20,70
9:30:35,2151.6,2151.4,2151.6,1,20,1
9:30:36,2151.6,2151.4,2151.8,1,20,71
9:30:36,2151.8,2151.6,2151.8,7,3,66
9:30:37,2151.6,2151.6,2151.8,3,6,65
9:30:38,2151.8,2151.6,2151.8,2,18,65
9:30:38,2151.6,2151.6,2151.8,7,21,63
9:30:39,2151.6,2151.6,2151.8,4,23,61
9:30:39,2151.8,2151.6,2151.8,37,23,26
9:30:40,2151.8,2151.6,2151.8,6,40,20
9:30:40,2151.8,2151.8,2152,23,5,91
9:30:41,2151.8,2151.8,2152,3,5,90
9:30:41,2152,2151.8,2152,6,7,84
9:30:42,2151.8,2151.8,2152,2,6,90
9:30:42,2151.8,2151.6,2151.8,12,45,28
9:30:43,2151.8,2151.6,2151.8,1,45,29
9:30:43,2151.6,2151.6,2151.8,2,43,30
9:30:44,2151.6,2151.6,2151.8,5,40,31
9:30:44,2151.6,2151.6,2151.8,7,34,31
9:30:45,2151.8,2151.6,2151.8,1,36,39
9:30:45,2151.8,2151.6,2151.8,4,35,35
9:30:46,2151.8,2151.6,2151.8,4,38,36
9:30:46,2151.8,2151.6,2151.8,23,37,15
9:30:47,2151.6,2151.6,2151.8,17,23,14
9:30:48,2151.8,2151.6,2151.8,6,26,29
9:30:48,2151.6,2151.6,2151.8,30,2,31
9:30:49,2151.8,2151.6,2151.8,3,7,34
9:30:49,2151.8,2151.6,2151.8,10,6,31
9:30:50,2151.8,2151.6,2151.8,7,6,24
9:30:50,2151.8,2151.6,2151.8,2,7,26
9:30:51,2151.6,2151.6,2151.8,1,6,47
9:30:51,2151.6,2151.6,2151.8,6,1,47
9:30:52,2151.6,2151.4,2151.8,2,47,54
9:30:52,2151.8,2151.4,2151.6,5,47,1
9:30:53,2151.6,2151.4,2151.6,3,46,4
9:30:53,2151.8,2151.4,2151.8,13,45,49
9:30:54,2151.8,2151.6,2151.8,11,1,39
9:30:54,2151.8,2151.4,2151.6,4,43,11
9:30:55,2151.8,2151.4,2151.6,1,43,13
9:30:55,2151.6,2151.4,2151.6,3,43,10
9:30:56,2151.4,2151.4,2151.6,3,40,10
9:30:56,2151.4,2151.4,2151.6,5,37,8
9:30:57,2151.4,2151.4,2151.6,4,34,9
9:30:57,2151.6,2151.4,2151.6,11,34,5
9:30:58,2151.4,2151.4,2151.6,2,32,5
9:30:58,2151.4,2151.4,2151.6,7,30,1
9:30:59,2151.6,2151.6,2151.8,2,1,49
9:31:00,2151.8,2151.4,2151.6,3,30,3
9:31:00,2151.2,2151.2,2151.8,39,21,46
9:31:01,2151.2,2151.2,2151.4,13,10,1
9:31:01,2151.4,2151,2151.2,16,95,3
9:31:02,2151,2151,2151.2,14,88,3
9:31:02,2151.4,2151.2,2151.6,36,2,2
9:31:03,2151.2,2151.2,2151.6,3,13,1
9:31:03,2151.2,2151.2,2151.6,2,26,3
9:31:04,2151.6,2151.4,2151.6,10,10,10
9:31:04,2151.6,2151.4,2151.6,3,10,11
9:31:05,2151.4,2151.4,2151.6,6,6,13
9:31:05,2151.6,2151.4,2151.6,4,4,14
9:31:06,2151.4,2151.4,2151.6,1,6,17
9:31:06,2151.4,2151.4,2151.6,2,5,17
9:31:07,2151.6,2151.4,2151.6,1,5,16
9:31:07,2151.4,2151.4,2151.6,4,1,17
9:31:08,2151.4,2151.4,2151.6,3,1,16
9:31:08,2151.6,2151.2,2151.4,2,47,1
9:31:09,2151.4,2151.2,2151.4,2,48,12
9:31:09,2151.4,2151.2,2151.4,14,49,2
9:31:10,2151.2,2151.4,2151.6,4,3,20
9:31:10,2151.4,2151.4,2151.6,3,1,20
9:31:11,2151.2,2151.2,2151.6,9,43,19
9:31:11,2151.4,2151.4,2151.6,5,7,14
9:31:12,2151.6,2151.4,2151.6,12,26,6
9:31:12,2151.6,2151.4,2151.6,3,34,4
9:31:13,2151.8,2151.6,2151.8,7,9,65
9:31:13,2151.8,2151.6,2151.8,4,14,62
9:31:14,2151.8,2151.4,2151.8,26,55,57
9:31:15,2151.6,2151.4,2151.6,5,43,4
9:31:15,2151.6,2151.4,2151.8,16,44,58
9:31:16,2151.8,2151.4,2151.8,1,44,56
9:31:16,2151.8,2151.4,2151.6,11,46,10
9:31:17,2151.6,2151.4,2151.6,7,40,3
9:31:17,2151.4,2151.4,2151.6,2,38,3
9:31:18,2151.6,2151.4,2151.6,1,39,23
9:31:18,2151.4,2151.4,2151.6,4,39,22
9:31:19,2151.6,2151.4,2151.6,15,40,7
9:31:19,2151.6,2151.4,2151.6,5,36,8
9:31:20,2151.6,2151.4,2151.6,5,34,5
9:31:21,2151.6,2151.4,2151.6,2,34,3
9:31:22,2151.4,2151.4,2151.6,2,34,5
9:31:22,2151.6,2151.4,2151.6,4,32,3
9:31:23,2151.4,2151.4,2151.6,4,40,15
9:31:24,2151.6,2151.4,2151.6,3,41,21
9:31:25,2151.4,2151.4,2151.6,13,32,19
9:31:25,2151.6,2151.4,2151.6,2,31,20
9:31:26,2151.4,2151.4,2151.6,7,26,19
9:31:26,2151.4,2151.4,2151.6,7,20,19
9:31:27,2151.4,2151.2,2151.4,20,53,1
9:31:27,2151.2,2151.2,2151.4,1,53,1
9:31:28,2151.4,2151.4,2151.6,3,2,26
9:31:28,2151.4,2151.2,2151.4,8,51,25
9:31:29,2151.2,2151.2,2151.4,4,47,24
9:31:30,2151.4,2151.2,2151.4,20,39,14
9:31:30,2151.4,2151.2,2151.4,1,38,13
9:31:31,2151.4,2151.2,2151.4,2,38,12
9:31:31,2151.4,2151.2,2151.4,2,38,25
9:31:32,2151.2,2151.2,2151.4,9,29,25
9:31:33,2151.2,2151,2151.2,32,43,16
9:31:33,2151.2,2151,2151.2,1,44,17
9:31:34,2151.4,2151,2151.2,19,44,1
9:31:34,2151,2150.8,2151,47,64,21
9:31:35,2151,2150.8,2151,1,64,34
9:31:35,2151,2150.8,2151,2,64,32
9:31:36,2151,2150.8,2151,1,65,32
9:31:36,2150.8,2150.8,2151,7,60,31
9:31:37,2151,2150.8,2151,3,59,29
9:31:37,2150.8,2150.8,2151,1,58,31
9:31:38,2151,2151,2151.4,38,2,9
9:31:38,2151,2150.8,2151.4,3,55,12
9:31:39,2151,2151,2151.2,1,24,1
9:31:39,2151,2151,2151.4,22,11,14
9:31:40,2151,2151,2151.4,2,9,14
9:31:40,2151,2151,2151.4,3,7,14
9:31:41,2151,2151,2151.4,2,17,16
9:31:42,2151,2151,2151.2,1,28,1
9:31:42,2151.2,2151.2,2151.4,1,25,21
9:31:43,2151.2,2151.2,2151.4,20,9,14
9:31:44,2151.2,2151.2,2151.4,2,8,16
9:31:44,2151.2,2151.2,2151.4,1,8,16
9:31:45,2151.2,2151.2,2151.4,4,4,15
9:31:45,2151.2,2151,2151.2,4,40,5
9:31:46,2151,2151,2151.2,2,38,6
9:31:46,2151.2,2151,2151.2,1,39,5
9:31:47,2151.2,2151,2151.2,2,38,4
9:31:47,2151.2,2151,2151.2,1,38,3
9:31:48,2151.2,2151,2151.2,9,32,1
9:31:48,2151,2151,2151.2,1,40,7
9:31:49,2151.2,2151,2151.2,7,37,7
9:31:49,2151.2,2151,2151.2,2,40,6
9:31:50,2151,2151,2151.2,5,40,3
9:31:50,2151.4,2151,2151.2,10,46,14
9:31:51,2151,2151,2151.2,2,44,14
9:31:51,2151,2151,2151.2,4,41,13
9:31:52,2151,2151,2151.2,15,26,13
9:31:52,2151,2151,2151.2,7,24,15
9:31:53,2151.2,2151,2151.2,2,27,14
9:31:54,2151,2151,2151.2,1,29,18
9:31:55,2151,2150.8,2151,30,84,3
9:31:56,2151,2150.8,2151.2,4,84,10
9:31:56,2151,2150.8,2151,4,83,1
9:31:57,2151.2,2151,2151.2,2,1,9
9:31:57,2151.2,2151.2,2151.4,27,5,17
9:31:58,2151.2,2151.2,2151.4,1,8,23
9:31:58,2151.4,2151.2,2151.4,4,3,22
9:31:59,2151.4,2151.2,2151.4,7,3,15
9:31:59,2151.4,2151.2,2151.4,8,3,7
9:32:00,2151.4,2151.2,2151.4,5,3,6
9:32:01,2151,2151,2151.4,8,13,7
9:32:01,2150.8,2151,2151.4,23,1,20
9:32:02,2151.4,2150.8,2151.4,4,76,24
9:32:03,2151,2150.8,2151,35,76,9
9:32:03,2151,2150.8,2151,8,77,3
9:32:04,2151,2151,2151.2,4,3,11
9:32:04,2151.2,2151,2151.2,4,6,9
9:32:05,2151.2,2151,2151.2,1,10,11
9:32:05,2151.2,2151,2151.2,3,10,9
9:32:06,2151.4,2151.2,2151.4,16,2,18
9:32:06,2151.2,2151.2,2151.4,1,7,19
9:32:07,2151.2,2151.2,2151.4,4,6,19
9:32:07,2151.6,2151.4,2151.6,27,1,12
9:32:08,2151.4,2151.4,2151.6,5,3,8
9:32:08,2151.4,2151.4,2151.6,3,6,10
9:32:09,2151.4,2151.4,2151.6,4,4,9
9:32:09,2151.4,2151.4,2151.6,18,9,9
9:32:10,2151.4,2151.4,2151.6,3,9,11
9:32:10,2151.6,2151.4,2151.6,10,1,2
9:32:11,2151.6,2151.6,2151.8,4,34,57
9:32:11,2151.8,2151.6,2151.8,36,32,23
9:32:12,2151.8,2151.8,2152,26,8,238
9:32:12,2152,2151.8,2152,24,12,216
9:32:13,2152,2151.8,2152,27,7,194
9:32:13,2152,2151.6,2152,18,29,185
9:32:14,2151.8,2151.8,2152,7,4,183
9:32:14,2152,2151.8,2152,33,4,151
9:32:15,2152,2151.8,2152,8,3,145
9:32:15,2152,2151.8,2152,3,5,147
9:32:16,2152,2151.8,2152,34,1,118
9:32:16,2152,2151.8,2152,1,2,123
9:32:17,2151.8,2151.8,2152,8,19,121
9:32:17,2151.8,2151.8,2152,6,20,118
9:32:18,2152,2151.8,2152,2,25,117
9:32:18,2151.8,2151.8,2152,15,26,100
9:32:19,2152,2151.8,2152,32,24,81
9:32:19,2152,2151.8,2152,20,20,65
9:32:20,2152,2151.8,2152,26,6,58
9:32:20,2152,2151.8,2152,20,12,40
9:32:21,2152,2151.8,2152,13,6,31
9:32:21,2152,2151.8,2152,16,6,16
9:32:22,2152,2151.8,2152,16,8,1
9:32:22,2151.8,2151.8,2152,6,5,13
9:32:23,2151.8,2151.6,2151.8,18,35,24
9:32:23,2151.6,2151.6,2151.8,20,19,21
9:32:24,2151.8,2151.6,2151.8,14,19,8
9:32:24,2151.8,2151.6,2151.8,2,19,7
9:32:25,2151.8,2151.6,2151.8,1,19,7
9:32:25,2151.6,2151.6,2151.8,7,15,9
9:32:26,2151.8,2151.6,2151.8,2,16,14
9:32:26,2151.6,2151.6,2151.8,1,15,15
9:32:27,2151.8,2151.6,2151.8,13,15,5
9:32:27,2151.8,2151.6,2151.8,10,20,1
9:32:28,2151.8,2151.6,2151.8,5,19,5
9:32:28,2151.8,2151.8,2152,18,1,13
9:32:29,2151.8,2151.8,2152,4,2,11
9:32:30,2151.8,2151.8,2152,2,6,10
9:32:30,2152,2151.8,2152,10,9,3
9:32:31,2151.8,2151.8,2152,1,17,4
9:32:31,2152.2,2152,2152.2,6,1,182
9:32:32,2152,2151.8,2152,4,24,12
9:32:32,2151.8,2151.8,2152,29,22,1
9:32:33,2152,2151.8,2152,23,14,18
9:32:33,2151.8,2151.8,2152,23,13,20
9:32:34,2151.8,2151.8,2152,12,13,16
9:32:34,2151.8,2151.8,2152,12,5,74
9:32:35,2151.6,2151.6,2152,32,31,73
9:32:35,2151.6,2151.6,2151.8,6,30,8
9:32:36,2151.8,2151.6,2151.8,8,27,4
9:32:36,2151.6,2151.6,2151.8,2,27,8
9:32:37,2151.8,2151.6,2151.8,2,27,14
9:32:37,2151.8,2151.6,2151.8,15,25,2
9:32:38,2151.6,2151.6,2151.8,4,23,7
9:32:38,2151.6,2151.6,2151.8,2,22,9
9:32:39,2151.6,2151.6,2151.8,6,23,5
9:32:39,2151.8,2151.8,2152,13,1,58
9:32:40,2151.8,2151.6,2151.8,1,23,1
9:32:40,2151.6,2151.6,2151.8,2,27,4
9:32:41,2151.8,2151.6,2151.8,1,27,4
9:32:41,2151.6,2151.6,2151.8,9,30,14
9:32:42,2152,2151.8,2152,23,4,50
9:32:42,2151.8,2151.8,2152,3,4,52
9:32:43,2151.6,2151.6,2152,26,34,38
9:32:43,2152,2151.8,2152,4,26,37
9:32:44,2151.8,2151.8,2152,20,36,25
9:32:44,2151.8,2151.8,2152,6,39,20
9:32:45,2151.8,2151.8,2152,7,37,19
9:32:45,2152.2,2151.8,2152.2,63,38,140
9:32:46,2152.2,2152,2152.2,1,4,139
9:32:46,2152.2,2152,2152.2,2,14,138
9:32:47,2152.2,2152,2152.2,15,4,132
9:32:47,2152,2151.8,2152.2,7,42,131
9:32:48,2152.2,2151.8,2152.2,6,52,127
9:32:48,2151.8,2151.8,2152,9,45,1
9:32:49,2152.2,2152,2152.2,3,1,133
9:32:49,2152,2151.8,2152,8,46,1
9:32:50,2152.2,2151.8,2152.2,23,38,118
9:32:50,2151.8,2151.8,2152,11,33,26
9:32:51,2152,2151.8,2152,15,24,20
9:32:51,2152,2151.8,2152,5,29,23
9:32:52,2151.8,2151.8,2152,3,29,27
9:32:52,2152,2151.8,2152,3,30,34
9:32:53,2152,2151.8,2152,9,31,30
9:32:53,2152,2151.8,2152,8,33,30
9:32:54,2152,2151.8,2152,7,31,23
9:32:54,2152,2151.8,2152,10,31,15
9:32:55,2152,2151.8,2152,8,28,11
9:32:55,2151.8,2151.8,2152,7,29,65
9:32:56,2152,2151.8,2152,3,32,62
9:32:56,2152,2151.8,2152,18,31,55
9:32:57,2151.8,2151.8,2152,11,28,55
9:32:58,2151.8,2151.8,2152,3,25,56
9:32:58,2152,2151.8,2152,27,7,48
9:32:59,2151.8,2151.8,2152,6,7,45
9:32:59,2151.8,2151.6,2151.8,8,45,4
9:33:00,2151.8,2151.6,2151.8,3,45,5
9:33:00,2151.8,2151.6,2151.8,5,47,6
9:33:01,2151.8,2151.6,2151.8,7,44,1
9:33:01,2152,2151.8,2152,5,5,80
9:33:02,2152,2151.8,2152,10,5,73
9:33:02,2152,2151.8,2152,4,7,69
9:33:03,2152,2151.8,2152,8,2,67
9:33:03,2151.8,2151.8,2152,1,2,84
9:33:04,2151.8,2151.6,2151.8,5,47,6
9:33:04,2151.8,2151.6,2151.8,17,35,4
9:33:05,2151.8,2151.6,2151.8,5,32,17
9:33:05,2151.6,2151.6,2151.8,3,33,21
9:33:06,2151.8,2151.6,2151.8,13,34,6
9:33:06,2152,2151.8,2152,14,5,69
9:33:07,2151.6,2151.6,2151.8,10,58,34
9:33:07,2151.6,2151.6,2151.8,8,64,33
9:33:08,2151.6,2151.6,2151.8,44,25,29
9:33:08,2151.6,2151.4,2151.6,27,55,4
9:33:09,2151.8,2151.6,2151.8,6,5,43
9:33:09,2151.8,2151.6,2151.8,2,4,43
9:33:10,2151.8,2151.6,2151.8,4,18,40
9:33:10,2151.6,2151.6,2151.8,18,7,40
9:33:11,2151.6,2151.6,2151.8,2,5,39
9:33:11,2151.6,2151.6,2151.8,4,1,48
9:33:12,2151.8,2151.6,2151.8,3,1,45
9:33:13,2151.6,2151.6,2151.8,3,5,43
9:33:14,2151.6,2151.4,2151.8,17,57,41
9:33:14,2151.4,2151.4,2151.8,22,56,21
9:33:15,2151.4,2151.4,2151.6,4,53,13
9:33:15,2151.4,2151.4,2151.8,16,54,20
9:33:16,2151.4,2151.4,2151.8,28,26,21
9:33:16,2151.4,2151.6,2151.8,1,1,21
9:33:17,2151.4,2151.4,2151.6,7,19,1
9:33:17,2151.6,2151.4,2151.8,3,16,27
9:33:18,2151.6,2151.4,2151.6,2,16,1
9:33:19,2151.4,2151.4,2151.6,13,5,13
9:33:19,2151.6,2151.4,2151.6,2,4,26
9:33:20,2151.6,2151.4,2151.6,4,6,26
9:33:20,2151.6,2151.4,2151.6,10,5,19
9:33:21,2151.4,2151.2,2151.4,15,39,1
9:33:21,2151.4,2151.2,2151.6,1,39,27
9:33:22,2151.6,2151.2,2151.6,8,38,20
9:33:22,2151.6,2151.2,2151.4,1,39,10
9:33:23,2151.4,2151.2,2151.4,22,19,7
9:33:23,2151.4,2151.2,2151.4,2,20,19
9:33:24,2151.4,2151.2,2151.4,6,17,22
9:33:24,2151.2,2151.2,2151.4,10,10,20
9:33:25,2151.2,2151,2151.2,26,79,9
9:33:25,2151,2151,2151.2,17,79,15
9:33:26,2151,2151,2151.2,6,76,12
9:33:26,2151,2151,2151.2,11,67,10
9:33:27,2151,2151,2151.2,10,61,8
9:33:27,2151,2151,2151.2,8,54,12
9:33:28,2151,2151,2151.2,3,51,12
9:33:28,2151,2151,2151.2,4,48,12
9:33:29,2151.2,2151,2151.2,2,52,20
9:33:29,2151.2,2151,2151.2,15,38,21
9:33:30,2151.2,2151,2151.2,4,49,19
9:33:30,2151,2151,2151.2,11,40,23
9:33:31,2151,2151,2151.2,8,38,24
9:33:31,2151,2151,2151.2,3,35,24
9:33:32,2151.2,2151,2151.2,3,35,23
9:33:32,2151,2151,2151.2,3,39,22
9:33:33,2151,2151,2151.2,1,38,22
9:33:33,2151,2151,2151.2,12,27,22
9:33:34,2151,2151,2151.2,2,27,21
9:33:34,2151,2151,2151.2,23,12,19
9:33:35,2151,2150.8,2151,14,88,1
9:33:35,2151,2151,2151.2,30,4,19
9:33:36,2151.2,2151,2151.2,4,6,16
9:33:36,2151,2150.8,2151.2,16,85,17
9:33:37,2151,2151,2151.2,20,10,18
9:33:37,2151,2151,2151.2,3,10,17
9:33:38,2151,2151,2151.2,3,9,19
9:33:38,2151,2151,2151.2,3,13,20
9:33:39,2151,2151,2151.2,4,13,25
9:33:39,2151,2150.8,2151,34,67,5
9:33:40,2151,2151,2151.2,7,25,62
9:33:40,2151.2,2151,2151.2,2,25,61
9:33:41,2151.2,2151,2151.2,12,16,61
9:33:41,2151.2,2151,2151.2,23,15,40
9:33:42,2151.2,2151,2151.2,6,10,40
9:33:42,2151,2151,2151.2,8,3,40
9:33:43,2151.2,2151,2151.2,3,3,40
9:33:43,2151.2,2151,2151.2,7,4,39
9:33:44,2151.2,2151,2151.2,3,6,37
9:33:45,2151,2151,2151.2,1,16,37
9:33:45,2151,2150.8,2151,18,77,4
9:33:46,2151,2150.8,2151,5,76,8
9:33:47,2151,2151,2151.2,16,3,39
9:33:47,2151,2151,2151.2,3,3,39
9:33:48,2151.2,2151.2,2151.4,40,18,16
9:33:48,2151.2,2151.2,2151.4,2,18,16
9:33:49,2151.4,2151.4,2151.6,23,26,29
9:33:49,2151.4,2151.4,2151.6,17,12,29
9:33:50,2151.4,2151.4,2151.6,7,7,28
9:33:50,2151.4,2151.4,2151.6,3,4,28
9:33:51,2151.4,2151.2,2151.4,7,30,2
9:33:51,2151.4,2151.2,2151.4,1,30,2
9:33:52,2151.4,2151.2,2151.4,5,26,11
9:33:52,2151.4,2151.2,2151.4,3,25,10
9:33:53,2151.2,2151.2,2151.4,5,22,9
9:33:53,2151.4,2151.2,2151.4,4,21,7
9:33:54,2151.4,2151.2,2151.4,1,21,6
9:33:55,2151.2,2151.2,2151.4,8,18,1
9:33:56,2151.6,2151.4,2151.6,7,1,29
9:33:56,2151.4,2151.2,2151.4,4,15,10
9:33:57,2151.2,2151.2,2151.4,2,13,11
9:33:57,2151.4,2151.2,2151.4,2,13,10
9:33:58,2151.2,2151.2,2151.4,3,10,13
9:33:58,2151.4,2151.2,2151.4,13,2,3
9:33:59,2151.4,2151.4,2151.6,6,2,33
9:33:59,2151.4,2151.2,2151.6,2,2,47
9:34:00,2151.2,2151.2,2151.4,1,1,1
9:34:00,2151,2151,2151.4,29,21,13
9:34:01,2151.2,2151,2151.6,17,17,31
9:34:01,2151.6,2151,2151.6,9,18,26
9:34:02,2151,2151,2151.2,6,25,14
9:34:03,2151,2151,2151.2,5,23,12
9:34:03,2151.2,2151,2151.2,4,27,8
9:34:04,2151,2151.2,2151.4,11,2,8
9:34:04,2151.4,2151.2,2151.4,2,3,25
9:34:05,2151.2,2151.2,2151.4,1,2,25
9:34:05,2151.2,2151.2,2151.4,1,3,27
9:34:06,2151.2,2151,2151.2,4,36,12
9:34:06,2151.2,2151,2151.2,10,37,2
9:34:07,2151,2151,2151.4,15,36,44
9:34:07,2151.2,2151,2151.2,9,30,11
9:34:08,2151.2,2151,2151.2,17,16,25
9:34:08,2151,2150.8,2151,20,89,6
9:34:09,2151,2150.8,2151,6,87,7
9:34:09,2151,2150.8,2151,34,53,22
9:34:10,2151,2150.8,2151,4,54,24
9:34:10,2150.8,2150.8,2151,28,27,9
9:34:11,2150.8,2150.8,2151,14,21,4
9:34:11,2151,2150.8,2151,5,19,24
9:34:12,2150.8,2150.8,2151,10,16,17
9:34:12,2150.8,2150.8,2151,15,2,22
9:34:13,2150.6,2150.6,2150.8,5,91,67
9:34:13,2150.6,2150.6,2150.8,37,86,42
9:34:14,2150.6,2150.6,2150.8,6,100,46
9:34:14,2150.8,2150.6,2150.8,33,78,40
9:34:15,2150.6,2150.4,2150.6,94,87,15
9:34:15,2150.6,2150.4,2150.6,13,87,5
9:34:16,2150.4,2150.4,2150.6,16,92,9
9:34:16,2150.4,2150.4,2150.6,30,88,1
9:34:17,2150.4,2150.4,2150.8,17,76,44
9:34:17,2150.4,2150.4,2150.6,67,13,8
9:34:18,2150.2,2150.2,2150.6,106,101,5
9:34:18,2150.2,2150.2,2150.4,13,92,5
9:34:19,2150.2,2150.2,2150.4,66,30,6
9:34:19,2150,2150,2150.2,37,224,50
9:34:20,2150,2150,2150.2,57,187,90
9:34:20,2150,2150,2150.2,192,5,74
9:34:21,2149.8,2149.8,2150,19,44,130
9:34:21,2149.8,2149.6,2149.8,66,66,27
9:34:22,2149.4,2149.4,2149.6,165,79,8
9:34:22,2149.8,2149.6,2150,65,23,55
9:34:23,2150,2149.8,2150,55,1,52
9:34:23,2149.8,2149.8,2150,62,18,27
9:34:24,2149.8,2149.8,2150,44,19,22
9:34:24,2150.2,2150,2150.2,50,75,35
9:34:25,2150,2150,2150.2,63,48,11
9:34:25,2150.2,2150.2,2150.6,30,1,2
9:34:26,2150,2150,2150.2,27,38,1
9:34:26,2150.2,2150.2,2150.6,28,15,14
9:34:27,2150.6,2150.2,2150.6,43,32,26
9:34:27,2150.6,2150.2,2150.8,51,37,5
9:34:28,2150.8,2150.8,2151.2,61,10,17
9:34:28,2150.8,2150.8,2151.2,24,2,28
9:34:29,2150.8,2150.8,2151,27,4,33
9:34:29,2150.8,2150.8,2151,5,1,46
9:34:30,2151,2150.6,2151,5,1,51
9:34:30,2151,2150.6,2150.8,5,5,27
9:34:31,2150.8,2150.6,2150.8,59,5,11
9:34:31,2150.8,2150.6,2150.8,3,6,16
9:34:32,2150.6,2150.6,2150.8,20,5,5
9:34:32,2150.6,2150.6,2150.8,3,5,6
9:34:33,2150.8,2150.8,2151,15,10,23
9:34:33,2150.8,2150.8,2151,8,3,22
9:34:34,2151,2150.8,2151,5,11,30
9:34:34,2151,2150.8,2151,28,11,2
9:34:35,2151,2151,2151.2,8,15,12
9:34:35,2151,2151,2151.2,23,1,13
9:34:36,2151,2150.8,2151,10,19,1
9:34:36,2151,2150.8,2151,2,24,1
9:34:37,2151,2150.8,2151,4,56,6
9:34:37,2151,2150.8,2151,6,52,5
9:34:38,2151,2151,2151.2,13,14,18
9:34:38,2151,2151,2151.2,3,17,17
9:34:39,2151,2151,2151.2,6,14,15
9:34:39,2151,2151,2151.2,5,10,16
9:34:40,2151,2151,2151.2,6,9,17
9:34:40,2151,2151,2151.2,4,8,17
9:34:41,2151.2,2151,2151.2,5,5,15
9:34:41,2151,2150.8,2151,6,59,27
9:34:42,2151,2150.8,2151,2,60,28
9:34:42,2150.8,2150.8,2151,9,52,37
9:34:43,2151,2150.8,2151,22,42,27
9:34:43,2151,2150.8,2151,4,42,25
9:34:44,2151,2150.8,2151,2,43,25
9:34:44,2151,2150.8,2151,37,11,23
9:34:45,2151,2150.8,2151,9,8,24
9:34:45,2151,2150.8,2151,18,7,10
9:34:46,2151,2150.8,2151,6,9,4
9:34:46,2151,2150.8,2151,3,12,3
9:34:47,2151,2151,2151.2,4,4,31
9:34:47,2151,2151,2151.2,1,17,31
9:34:48,2151.2,2151,2151.2,1,19,32
9:34:48,2151,2151,2151.2,1,36,31
9:34:49,2151,2151,2151.2,21,33,21
9:34:49,2151.2,2151,2151.2,5,32,17
9:34:50,2151.2,2151,2151.2,4,32,14
9:34:50,2151.4,2151,2151.4,21,14,42
9:34:51,2151.2,2151,2151.2,19,15,1
9:34:51,2151,2151,2151.4,3,17,34
9:34:52,2151.2,2151.2,2151.4,21,1,33
9:34:52,2151.2,2151.2,2151.4,24,6,28
9:34:53,2151.2,2151.2,2151.4,3,12,29
9:34:53,2151.2,2151.2,2151.4,2,14,28
9:34:54,2151.4,2151.2,2151.4,2,25,27
9:34:54,2151.2,2151.2,2151.4,15,12,27
9:34:55,2151.2,2151.2,2151.4,5,11,25
9:34:55,2151.4,2151.2,2151.4,12,12,14
9:34:56,2151.4,2151.2,2151.4,4,11,13
9:34:56,2151.4,2151.2,2151.4,3,12,10
9:34:57,2151.4,2151.4,2151.6,16,22,26
9:34:57,2151.6,2151.4,2151.6,1,23,25
9:34:58,2151.6,2151.4,2151.6,17,21,10
9:34:58,2151.6,2151.6,2151.8,96,2,50
9:34:59,2151.8,2151.6,2151.8,19,1,42
9:34:59,2151.6,2151.4,2151.8,28,15,34
9:35:00,2151.4,2151.4,2151.8,34,6,16
9:35:00,2151.8,2151.4,2151.8,22,6,45
9:35:01,2151.6,2151.6,2151.8,64,5,20
9:35:01,2151.4,2151.4,2151.8,53,8,2
9:35:02,2151,2151,2151.4,36,19,19
9:35:02,2151.4,2151,2151.4,23,13,7
9:35:03,2151.2,2151.2,2151.6,27,45,2
9:35:03,2151.2,2151.4,2151.6,2,32,7
9:35:04,2151.4,2151.4,2151.6,7,12,9
9:35:04,2151.4,2151.4,2151.6,4,12,7
9:35:05,2151.4,2151.4,2151.6,3,10,9
9:35:05,2151.6,2151.4,2151.6,10,4,7
9:35:06,2151.6,2151.4,2151.6,7,2,7
9:35:06,2151.6,2151.4,2151.6,5,3,6
9:35:07,2151.8,2151.6,2151.8,20,38,55
9:35:07,2151.8,2151.6,2151.8,2,40,64
9:35:08,2151.8,2151.6,2151.8,36,23,44
9:35:08,2151.8,2151.6,2151.8,18,18,38
9:35:09,2151.8,2151.8,2152,42,6,269
9:35:09,2152,2151.8,2152,24,12,250
9:35:10,2151.8,2151.6,2152,31,32,250
9:35:10,2151.8,2151.6,2151.8,59,25,5
9:35:11,2152,2151.8,2152,25,2,199
9:35:11,2152,2151.8,2152,107,1,99
9:35:12,2152,2151.8,2152,43,12,82
9:35:12,2152,2152,2152.2,121,2,164
9:35:13,2152,2152,2152.2,30,11,145
9:35:13,2152,2152,2152.2,38,16,116
9:35:14,2152.2,2152,2152.2,75,3,74
9:35:14,2152,2151.8,2152,39,27,9
9:35:15,2152,2151.8,2152,37,15,26
9:35:15,2152,2151.8,2152,19,15,33
9:35:16,2151.8,2151.8,2152,15,12,22
9:35:16,2152,2151.8,2152,17,7,13
9:35:17,2152,2151.8,2152,36,7,19
9:35:17,2152,2151.6,2152,65,32,12
9:35:18,2151.6,2151.6,2152,3,38,33
9:35:18,2151.8,2151.8,2152,5,1,32
9:35:19,2152,2151.8,2152,28,5,32
9:35:19,2152,2151.8,2152,4,6,51
9:35:20,2152,2151.8,2152,4,7,47
9:35:20,2152,2151.8,2152,15,1,49
9:35:21,2151.8,2151.8,2152,3,4,81
9:35:22,2151.8,2151.6,2151.8,33,44,19
9:35:22,2151.6,2151.6,2151.8,14,50,18
9:35:23,2151.8,2151.6,2151.8,15,56,26
9:35:23,2151.8,2151.6,2151.8,3,54,25
9:35:24,2151.8,2151.6,2151.8,12,56,15
9:35:24,2151.8,2151.6,2151.8,10,59,10
9:35:25,2151.8,2151.6,2151.8,4,59,8
9:35:25,2152,2151.6,2151.8,9,58,2
9:35:26,2151.6,2151.6,2152,9,68,98
9:35:26,2151.8,2151.8,2152,2,3,98
9:35:27,2152,2151.8,2152,22,4,83
9:35:27,2151.8,2151.8,2152,2,3,98
9:35:28,2151.8,2151.8,2152,15,2,88
9:35:28,2152,2151.8,2152,9,5,88
9:35:29,2151.8,2151.8,2152,4,3,88
9:35:30,2151.8,2151.8,2152,12,26,84
9:35:30,2152,2151.8,2152,28,27,72
9:35:31,2152,2151.8,2152,4,25,96
9:35:31,2152,2151.8,2152,5,29,89
9:35:32,2152,2151.8,2152,9,33,95
9:35:32,2152,2151.8,2152,10,31,101
9:35:33,2152,2151.8,2152,13,31,90
9:35:33,2152,2151.8,2152,16,29,86
9:35:34,2152,2151.8,2152,6,29,87
9:35:34,2152,2151.8,2152,2,30,88
9:35:35,2151.8,2151.8,2152,6,28,106
9:35:35,2152,2151.8,2152,10,28,111
9:35:36,2152,2151.8,2152,4,25,108
9:35:36,2151.8,2151.8,2152,9,18,118
9:35:37,2151.6,2151.6,2151.8,29,89,55
9:35:37,2151.8,2151.6,2151.8,3,90,53
9:35:38,2151.8,2151.6,2151.8,1,90,64
9:35:38,2151.6,2151.6,2151.8,10,86,63
9:35:39,2151.6,2151.6,2151.8,4,85,79
9:35:39,2151.8,2151.6,2151.8,8,78,80
9:35:40,2151.8,2151.6,2151.8,6,77,99
9:35:40,2151.6,2151.6,2151.8,16,61,104
9:35:41,2151.6,2151.6,2151.8,27,34,77
9:35:41,2151.6,2151.6,2151.8,12,27,79
9:35:42,2151.6,2151.6,2151.8,12,16,81
9:35:42,2151.6,2151.4,2151.6,18,50,23
9:35:43,2151.6,2151.4,2151.6,4,51,5
9:35:44,2151.4,2151.4,2151.6,4,51,1
9:35:44,2151.6,2151.4,2151.8,3,53,90
9:35:45,2151.8,2151.4,2151.6,1,53,11
9:35:45,2151.6,2151.6,2151.8,13,10,89
9:35:46,2151.6,2151.6,2151.8,4,7,90
9:35:47,2151.8,2151.6,2151.8,1,8,78
9:35:49,2151.8,2151.6,2151.8,1,13,80
9:35:49,2151.8,2151.6,2151.8,9,13,71
9:35:50,2151.8,2151.6,2151.8,1,14,70
9:35:50,2151.8,2151.6,2151.8,1,15,69
9:35:51,2151.8,2151.6,2151.8,8,14,64
9:35:51,2151.6,2151.6,2151.8,9,9,61
9:35:52,2151.8,2151.6,2151.8,5,6,59
9:35:52,2151.8,2151.6,2151.8,13,10,56
9:35:53,2151.6,2151.6,2151.8,1,20,55
9:35:53,2151.6,2151.6,2151.8,1,22,56
9:35:55,2151.6,2151.6,2151.8,4,24,53
9:35:55,2151.6,2151.6,2151.8,3,22,52
9:35:56,2151.6,2151.6,2151.8,1,23,54
9:35:56,2151.8,2151.6,2151.8,1,28,54
9:35:57,2151.6,2151.4,2151.6,33,83,10
9:35:57,2151.6,2151.4,2151.6,1,84,13
9:35:58,2151.4,2151.4,2151.6,9,80,8
9:35:58,2151.6,2151.4,2151.6,14,80,9
9:35:59,2151.6,2151.4,2151.6,3,82,20
9:35:59,2151.4,2151.4,2151.6,11,71,20
9:36:00,2151.6,2151.4,2151.6,13,79,28
9:36:00,2151.6,2151.4,2151.6,8,76,24
9:36:01,2151.4,2151.4,2151.6,11,69,25
9:36:01,2151.6,2151.4,2151.6,6,69,19
9:36:02,2151.6,2151.4,2151.6,3,70,17
9:36:02,2151.6,2151.4,2151.8,19,75,60
9:36:03,2151.4,2151.4,2151.8,2,74,60
9:36:03,2151.4,2151.4,2151.8,4,68,60
9:36:04,2151.6,2151.6,2151.8,12,2,49
9:36:05,2151.6,2151.6,2151.8,1,1,52
9:36:05,2151.6,2151.4,2151.6,3,94,1
9:36:06,2151.4,2151.4,2151.8,6,93,60
9:36:07,2151.4,2151.4,2151.6,2,93,6
9:36:08,2151.4,2151.4,2151.6,5,88,19
9:36:09,2151.6,2151.4,2151.6,10,80,17
9:36:09,2151.4,2151.4,2151.6,2,82,21
9:36:10,2151.6,2151.4,2151.6,5,79,52
9:36:11,2151.4,2151.4,2151.6,6,78,53
9:36:11,2151.6,2151.4,2151.6,2,81,50
9:36:12,2151.4,2151.4,2151.6,20,69,52
9:36:12,2151.6,2151.6,2151.8,56,4,103
9:36:13,2151.6,2151.6,2151.8,18,6,88
9:36:13,2151.4,2151.4,2151.6,71,11,10
9:36:14,2151.4,2151.4,2151.6,1,11,13
9:36:14,2151.6,2151.4,2151.6,2,22,15
9:36:15,2151.4,2151.4,2151.6,2,20,15
9:36:15,2151.4,2151.4,2151.6,2,19,17
9:36:16,2151.4,2151.4,2151.6,3,11,17
9:36:16,2151.6,2151.4,2151.6,1,12,16
9:36:17,2151.4,2151.4,2151.6,3,12,35
9:36:17,2151.4,2151.4,2151.6,2,30,35
9:36:18,2151.6,2151.4,2151.6,5,32,32
9:36:19,2151.4,2151.4,2151.6,2,30,33
9:36:20,2151.4,2151.4,2151.6,2,29,40
9:36:20,2151.6,2151.4,2151.6,6,27,36
9:36:21,2151.4,2151.4,2151.6,17,13,38
9:36:21,2151.4,2151.4,2151.6,1,12,38
9:36:22,2151.4,2151.4,2151.6,10,2,38
9:36:22,2151.4,2151.2,2151.4,2,54,58
9:36:23,2151.4,2151.2,2151.4,43,12,63
9:36:23,2151.2,2151,2151.2,27,83,19
9:36:24,2151,2151,2151.2,5,81,17
9:36:24,2151,2151,2151.2,3,79,23
9:36:25,2151,2151,2151.2,13,69,16
9:36:25,2151,2151,2151.2,15,60,23
9:36:26,2151,2151,2151.2,30,36,19
9:36:26,2151,2151,2151.2,10,28,7
9:36:27,2151,2151,2151.2,3,27,8
9:36:27,2151.2,2151,2151.2,16,18,6
9:36:28,2151.2,2151,2151.2,8,21,7
9:36:28,2151,2151,2151.2,2,20,7
9:36:29,2151.2,2151,2151.2,2,22,6
9:36:29,2151,2151,2151.2,3,22,4
9:36:30,2151.2,2151,2151.2,1,23,7
9:36:30,2151,2151,2151.2,10,13,9
9:36:31,2151.2,2151.2,2151.4,30,8,44
9:36:31,2151.4,2151.2,2151.4,5,9,41
9:36:32,2151.2,2151.2,2151.4,1,11,41
9:36:32,2151.2,2151.2,2151.4,3,8,41
9:36:33,2151.2,2151.2,2151.4,5,27,41
9:36:33,2151.2,2151.2,2151.4,1,26,42
9:36:34,2151.2,2151.2,2151.4,2,24,42
9:36:35,2151,2151,2151.4,29,30,41
9:36:35,2151.2,2151,2151.4,2,30,42
9:36:36,2151,2151,2151.2,2,36,2
9:36:37,2151,2151,2151.2,8,29,20
9:36:37,2151,2151,2151.2,12,28,14
9:36:38,2151.2,2151,2151.2,8,29,29
9:36:38,2151,2151,2151.2,25,5,28
9:36:39,2151,2150.8,2151,15,30,11
9:36:39,2151,2150.8,2151,7,30,4
9:36:40,2151,2150.8,2151,3,32,2
9:36:40,2150.8,2150.8,2151,3,43,3
9:36:41,2150.8,2150.8,2151,15,29,4
9:36:41,2150.8,2150.8,2151,8,23,5
9:36:42,2150.8,2150.8,2151,8,18,5
9:36:42,2150.8,2150.8,2151,7,14,5
9:36:43,2150.8,2150.8,2151,4,10,6
9:36:43,2150.8,2150.6,2151.2,26,46,26
9:36:44,2150.8,2150.8,2151,1,7,2
9:36:44,2150.8,2150.8,2151,11,6,10
9:36:45,2150.6,2150.6,2151,11,44,12
9:36:45,2151,2150.6,2151,10,42,5
9:36:46,2150.8,2150.6,2150.8,8,42,14
9:36:46,2150.6,2150.6,2150.8,10,37,9
9:36:47,2150.6,2150.6,2150.8,11,36,6
9:36:47,2150.8,2150.6,2150.8,9,50,4
9:36:48,2150.8,2150.6,2150.8,4,49,2
9:36:48,2151,2150.6,2150.8,14,50,1
9:36:49,2150.8,2150.8,2151,10,7,6
9:36:49,2150.8,2150.8,2151,19,12,1
9:36:50,2150.8,2150.8,2151.2,6,10,13
9:36:50,2151,2150.8,2151.2,2,16,13
9:36:51,2150.8,2150.8,2151.2,15,14,4
9:36:51,2150.8,2151.2,2151.4,8,1,32
9:36:52,2151.2,2151.2,2151.4,7,10,33
9:36:52,2151.2,2151.2,2151.4,4,7,35
9:36:53,2151.2,2151,2151.2,8,1,1
9:36:53,2151,2151,2151.2,14,6,5
9:36:54,2151,2151,2151.2,1,6,5
9:36:54,2151,2150.8,2151.2,9,37,2
9:36:55,2151.2,2150.8,2151.2,1,38,4
9:36:55,2151.2,2151,2151.2,15,3,17
9:36:56,2151.2,2151,2151.2,3,5,18
9:36:56,2151,2151,2151.2,9,2,13
9:36:57,2151.2,2151,2151.2,10,2,11
9:36:57,2151.2,2150.8,2151.2,3,28,10
9:36:58,2151.2,2151,2151.2,3,47,12
9:36:58,2151.2,2151,2151.2,1,47,13
9:36:59,2151,2151,2151.2,7,46,6
9:36:59,2151.2,2151,2151.4,20,35,27
9:37:00,2151,2151.2,2151.4,1,1,27
9:37:00,2151,2151,2151.4,7,30,25
9:37:01,2151,2151.2,2151.4,1,1,25
9:37:01,2151.4,2151,2151.2,2,32,1
9:37:02,2151.2,2151,2151.2,17,19,1
9:37:02,2151,2151,2151.2,7,18,7
9:37:03,2151,2151,2151.2,2,17,5
9:37:03,2151,2151,2151.2,4,14,25
9:37:04,2151.2,2151,2151.2,21,16,9
9:37:04,2151,2151,2151.2,15,15,17
9:37:05,2151.2,2151,2151.2,6,15,12
9:37:05,2151.2,2151,2151.2,5,25,13
9:37:06,2151,2151,2151.2,2,27,12
9:37:06,2151.2,2151,2151.2,3,28,11
9:37:07,2151,2151,2151.2,2,27,10
9:37:07,2151.2,2151.2,2151.4,16,8,45
9:37:08,2151.4,2151.2,2151.4,21,8,26
9:37:08,2151.4,2151.2,2151.4,9,10,19
9:37:09,2151.4,2151.2,2151.4,4,21,18
9:37:09,2151.2,2151.2,2151.4,2,22,18
9:37:10,2151.2,2151.2,2151.4,5,20,17
9:37:10,2151.4,2151.2,2151.4,3,21,15
9:37:11,2151.2,2151.2,2151.4,1,19,15
9:37:12,2151.2,2151.2,2151.4,4,1,51
9:37:12,2151.2,2151,2151.2,3,45,5
9:37:13,2151.2,2151,2151.2,32,46,13
9:37:13,2151.2,2151,2151.2,1,47,12
9:37:14,2151,2151,2151.2,29,18,16
9:37:14,2151.2,2151,2151.2,7,15,12
9:37:15,2151,2151,2151.2,1,15,12
9:37:15,2151,2151,2151.2,9,6,20
9:37:16,2151,2151,2151.2,4,2,20
9:37:16,2151,2150.8,2151.2,5,133,20
9:37:17,2151,2151,2151.2,2,5,19
9:37:18,2151,2151,2151.2,5,3,30
9:37:19,2151.2,2151,2151.2,4,7,28
9:37:20,2151.2,2151,2151.2,3,11,28
9:37:20,2151,2151,2151.2,3,8,28
9:37:21,2151,2151,2151.2,10,10,28
9:37:21,2151,2150.8,2151,11,129,41
9:37:22,2151,2150.8,2151,1,130,40
9:37:22,2151,2150.8,2151,2,130,43
9:37:23,2151,2150.8,2151,2,129,41
9:37:23,2151,2150.8,2151,9,128,32
9:37:24,2151,2150.8,2151,5,124,27
9:37:24,2150.8,2150.8,2151,1,124,28
9:37:25,2150.8,2150.8,2151,8,114,27
9:37:25,2150.8,2150.8,2151,5,113,24
9:37:26,2150.8,2150.8,2151,2,114,28
9:37:26,2151,2150.8,2151,3,113,27
9:37:27,2150.8,2150.8,2151,11,102,32
9:37:27,2150.8,2150.8,2151,6,108,32
9:37:28,2150.8,2150.8,2151,23,96,18
9:37:28,2150.8,2150.8,2151,13,85,17
9:37:29,2150.8,2150.8,2151,7,84,10
9:37:29,2150.8,2150.8,2151,38,48,11
9:37:30,2150.8,2150.8,2151,1,47,11
9:37:30,2150.8,2150.8,2151,1,47,18
9:37:31,2150.8,2150.8,2151,23,25,33
9:37:31,2151,2150.6,2150.8,34,52,53
9:37:32,2150.6,2150.6,2150.8,14,44,47
9:37:32,2150.6,2150.6,2150.8,39,6,48
9:37:33,2150.6,2150.4,2150.6,12,34,4
9:37:33,2150.6,2150.6,2150.8,12,4,17
9:37:34,2150.6,2150.4,2150.8,8,44,18
9:37:34,2150.6,2150.6,2150.8,4,2,17
9:37:35,2150.8,2150.6,2150.8,2,3,16
9:37:35,2150.6,2150.6,2150.8,8,3,16
9:37:36,2150.6,2150.4,2150.6,4,48,14
9:37:36,2150.6,2150.4,2150.6,3,56,13
9:37:37,2150.6,2150.4,2150.8,15,51,13
9:37:37,2150.6,2150.6,2150.8,12,3,14
9:37:38,2150.6,2150.6,2150.8,4,2,14
9:37:38,2150.6,2150.6,2150.8,2,1,14
9:37:39,2150.6,2150.4,2150.8,2,47,15
9:37:39,2150.8,2150.4,2150.6,3,48,1
9:37:40,2150.4,2150.4,2150.6,3,55,8
9:37:40,2150.6,2150.4,2150.6,15,42,12
9:37:41,2150.6,2150.6,2150.8,18,5,12
9:37:41,2150.6,2150.6,2150.8,11,6,14
9:37:42,2150.6,2150.6,2150.8,2,5,16
9:37:42,2150.8,2150.6,2150.8,2,32,16
9:37:43,2150.6,2150.6,2150.8,6,29,16
9:37:43,2150.8,2150.8,2151,20,9,59
9:37:44,2150.8,2150.6,2150.8,14,31,4
9:37:44,2150.8,2150.6,2150.8,4,33,4
9:37:45,2150.6,2150.6,2150.8,2,32,3
9:37:45,2150.6,2150.6,2151,6,32,58
9:37:46,2151,2150.8,2151,4,5,56
9:37:46,2151,2150.8,2151,4,4,54
9:37:47,2150.8,2150.8,2151,1,6,54
9:37:47,2150.8,2150.6,2150.8,6,28,1
9:37:48,2150.6,2150.6,2150.8,2,30,3
9:37:48,2150.8,2150.6,2150.8,4,58,12
9:37:49,2150.8,2150.6,2150.8,1,59,17
9:37:50,2150.8,2150.6,2150.8,2,58,20
9:37:50,2150.8,2150.6,2150.8,6,79,14
9:37:51,2150.8,2150.6,2150.8,5,80,20
9:37:51,2150.8,2150.6,2150.8,3,83,15
9:37:52,2150.8,2150.6,2150.8,2,84,18
9:37:52,2150.6,2150.6,2150.8,4,81,18
9:37:53,2150.8,2150.6,2150.8,14,82,5
9:37:53,2150.6,2150.8,2151,31,6,62
9:37:54,2150.6,2150.8,2151,20,1,68
9:37:54,2150.8,2150.8,2151,4,7,67
9:37:55,2150.8,2150.8,2151,2,8,69
9:37:55,2150.8,2150.8,2151,2,7,71
9:37:56,2150.8,2150.6,2150.8,7,47,5
9:37:56,2150.8,2150.6,2150.8,2,52,3
9:37:57,2150.8,2150.6,2150.8,14,49,1
9:37:58,2150.8,2150.8,2151,7,2,91
9:37:59,2150.8,2150.8,2151,1,3,103
9:37:59,2150.6,2150.6,2150.8,6,48,3
9:38:00,2150.8,2150.6,2150.8,3,51,1
9:38:01,2150.6,2150.6,2150.8,14,41,42
9:38:01,2150.8,2150.6,2150.8,28,14,37
9:38:02,2150.4,2150.4,2150.6,22,71,17
9:38:02,2150.4,2150.4,2150.6,18,75,22
9:38:03,2150.6,2150.4,2150.6,2,74,21
9:38:03,2150.6,2150.4,2150.6,7,72,32
9:38:04,2150.6,2150.4,2150.6,16,70,20
9:38:04,2150.6,2150.4,2150.6,34,41,16
9:38:05,2150.6,2150.4,2150.6,4,41,13
9:38:06,2150.6,2150.6,2150.8,16,18,32
9:38:06,2150.6,2150.6,2150.8,7,14,30
9:38:07,2150.8,2150.6,2150.8,2,16,22
9:38:07,2150.6,2150.6,2150.8,20,8,20
9:38:08,2151,2150.6,2150.8,34,22,1
9:38:08,2150.8,2150.6,2151,22,27,95
9:38:09,2150.8,2150.6,2151,2,32,95
9:38:09,2151,2150.6,2150.8,1,37,1
9:38:10,2150.8,2150.8,2151,1,1,94
9:38:10,2151,2150.8,2151,1,2,93
9:38:11,2150.8,2150.8,2151,2,11,97
9:38:12,2150.8,2150.8,2151,12,23,85
9:38:12,2150.8,2150.8,2151,1,44,85
9:38:13,2150.8,2150.8,2151,28,50,60
9:38:13,2151.2,2151,2151.2,76,21,56
9:38:14,2151.2,2151,2151.2,17,22,41
9:38:14,2151.2,2151,2151.2,36,24,20
9:38:15,2151,2151,2151.2,15,20,16
9:38:15,2151,2151,2151.2,1,23,17
9:38:16,2151.2,2151,2151.2,2,24,21
9:38:16,2151,2151,2151.2,5,23,33
9:38:17,2151.2,2151,2151.2,9,18,55
9:38:17,2151.2,2151,2151.2,6,15,68
9:38:18,2151,2151,2151.2,10,5,75
9:38:18,2151,2150.8,2151,12,21,46
9:38:19,2151,2150.8,2151,13,14,41
9:38:20,2151,2150.8,2151,4,17,43
9:38:20,2150.8,2150.8,2151,3,15,42
9:38:21,2151,2150.8,2151,11,15,31
9:38:21,2151,2150.8,2151,1,15,30
9:38:22,2151,2150.8,2151,1,16,29
9:38:22,2150.8,2150.8,2151,4,13,29
9:38:23,2150.8,2150.6,2150.8,18,26,10
9:38:23,2150.8,2150.6,2150.8,13,21,5
9:38:24,2150.8,2150.6,2150.8,5,24,9
9:38:24,2150.8,2150.6,2150.8,6,30,9
9:38:25,2150.8,2150.6,2150.8,5,29,19
9:38:25,2150.8,2150.6,2150.8,8,29,11
9:38:26,2150.8,2150.6,2150.8,1,29,10
9:38:26,2150.8,2150.6,2150.8,10,29,1
9:38:27,2150.8,2150.8,2151,2,3,36
9:38:27,2150.6,2150.6,2150.8,12,50,14
9:38:28,2150.8,2150.6,2150.8,2,52,12
9:38:29,2150.8,2150.6,2150.8,2,52,11
9:38:30,2150.8,2150.6,2150.8,1,61,15
9:38:30,2150.8,2150.6,2150.8,4,61,13
9:38:31,2150.6,2150.6,2150.8,43,19,13
9:38:31,2150.8,2150.8,2151,65,1,46
9:38:32,2150.8,2150.4,2150.6,4,106,2
9:38:32,2150.8,2150.6,2150.8,4,3,35
9:38:33,2150.4,2150.4,2150.8,37,105,13
9:38:33,2150.8,2150.6,2150.8,5,4,12
9:38:34,2150.6,2150.6,2150.8,3,5,17
9:38:35,2150.6,2150.6,2150.8,1,7,19
9:38:35,2150.8,2150.6,2150.8,3,5,19
9:38:36,2150.6,2150.4,2150.6,7,109,7
9:38:36,2150.4,2150.4,2150.6,17,93,57
9:38:37,2150.4,2150.4,2150.6,13,80,57
9:38:37,2150.6,2150.4,2150.6,63,30,49
9:38:38,2150.4,2150.2,2150.4,33,179,7
9:38:38,2150.4,2150.2,2150.4,4,176,15
9:38:39,2150.2,2150.2,2150.4,3,173,17
9:38:39,2150.2,2150.2,2150.4,7,168,17
9:38:40,2150.2,2150.2,2150.4,15,156,14
9:38:40,2150.4,2150.2,2150.4,5,152,7
9:38:41,2150.4,2150.2,2150.4,5,150,7
9:38:41,2150.2,2150.2,2150.6,16,144,47
9:38:42,2150.2,2150.2,2150.6,8,144,47
9:38:42,2150.6,2150.4,2150.6,4,3,45
9:38:43,2150.2,2150.2,2150.6,5,140,47
9:38:43,2150.2,2150.2,2150.4,6,137,5
9:38:44,2150.6,2150.2,2150.6,13,137,44
9:38:44,2150.6,2150.2,2150.6,5,136,42
9:38:45,2150.2,2150.2,2150.6,7,130,41
9:38:46,2150.4,2150.2,2150.4,3,129,16
9:38:46,2150.4,2150.2,2150.4,7,124,11
9:38:47,2150.6,2150.4,2150.6,16,21,65
9:38:47,2150.4,2150.4,2150.6,13,15,59
9:38:48,2150.4,2150.4,2150.6,2,19,56
9:38:48,2150.4,2150.2,2150.4,23,124,37
9:38:49,2150.4,2150.2,2150.4,9,124,39
9:38:49,2150.4,2150.2,2150.4,24,126,16
9:38:50,2150.4,2150.2,2150.4,8,127,9
9:38:50,2150.4,2150.4,2150.6,26,14,59
9:38:51,2150.4,2150.4,2150.6,2,23,65
9:38:51,2150.4,2150.4,2150.6,2,21,66
9:38:52,2150.4,2150.4,2150.6,1,30,67
9:38:52,2150.6,2150.4,2150.6,27,18,62
9:38:53,2150.4,2150.4,2150.6,5,13,62
9:38:53,2150.4,2150.4,2150.6,5,18,60
9:38:54,2150.4,2150.4,2150.6,13,6,60
9:38:54,2150.4,2150.4,2150.6,7,6,57
9:38:55,2150.4,2150.4,2150.6,4,2,58
9:38:55,2150.6,2150.4,2150.6,7,1,52
9:38:56,2150.4,2150.2,2150.4,4,134,25
9:38:56,2150.2,2150.2,2150.4,2,134,38
9:38:57,2150.4,2150.2,2150.4,5,135,40
9:38:57,2150.4,2150.2,2150.4,3,136,39
9:38:58,2150.2,2150.2,2150.4,19,129,39
9:38:58,2150.4,2150.2,2150.4,3,129,39
9:38:59,2150.2,2150.2,2150.4,22,107,36
9:38:59,2150.4,2150.2,2150.4,37,73,37
9:39:00,2150.4,2150.2,2150.4,25,51,36
9:39:00,2150.2,2150.2,2150.4,38,13,42
9:39:01,2150,2150,2150.2,62,73,9
9:39:01,2150.2,2150,2150.2,48,58,44
9:39:02,2150,2150,2150.2,30,35,53
9:39:02,2150.2,2150,2150.2,19,52,46
9:39:03,2150,2150,2150.2,41,12,48
9:39:03,2150,2150,2150.2,7,18,46
9:39:04,2150.2,2149.8,2150.2,40,40,44
9:39:04,2149.8,2149.8,2150,15,42,33
9:39:05,2150,2149.8,2150,23,26,32
9:39:05,2150,2149.8,2150,6,35,62
9:39:06,2149.8,2149.8,2150,15,31,59
9:39:06,2150,2149.8,2150,13,25,57
9:39:07,2150,2149.8,2150,57,4,10
9:39:07,2150,2149.8,2150,31,41,12
9:39:08,2150,2150,2150.2,19,26,84
9:39:08,2150,2150,2150.2,9,41,76
9:39:09,2150.2,2150,2150.2,7,45,61
9:39:09,2150.2,2150,2150.2,30,40,48
9:39:10,2150.2,2150,2150.2,16,33,46
9:39:10,2150.2,2150,2150.2,23,27,37
9:39:11,2150.2,2150,2150.2,1,55,36
9:39:11,2150.2,2150,2150.2,15,52,22
9:39:12,2150.2,2150,2150.2,2,73,21
9:39:12,2150.2,2150.2,2150.4,29,11,24
9:39:13,2150.4,2150.2,2150.4,5,14,22
9:39:13,2150.4,2150.2,2150.4,18,13,17
9:39:14,2150.2,2150.2,2150.4,3,17,19
9:39:14,2150.2,2150.2,2150.4,3,15,28
9:39:15,2150.2,2150.2,2150.4,2,14,30
9:39:15,2150.2,2150.2,2150.4,8,11,28
9:39:16,2150.2,2150.2,2150.4,12,7,25
9:39:16,2150.4,2150.2,2150.4,7,6,23
9:39:17,2150.2,2150,2150.2,10,88,2
9:39:17,2150.2,2150,2150.2,1,89,1
9:39:18,2150.4,2150.2,2150.4,4,2,26
9:39:18,2150.4,2150.2,2150.4,3,5,27
9:39:19,2150.4,2150.2,2150.4,5,6,27
9:39:19,2150.4,2150.2,2150.4,5,7,26
9:39:20,2150.2,2150,2150.2,11,88,35
9:39:20,2150.2,2150,2150.2,7,92,32
9:39:21,2150.2,2150,2150.2,20,90,15
9:39:21,2150.2,2150,2150.2,3,100,27
9:39:22,2150,2150,2150.2,12,92,27
9:39:22,2150,2150,2150.2,18,93,17
9:39:23,2150.2,2150,2150.2,1,101,17
9:39:23,2150.2,2150,2150.2,6,114,19
9:39:24,2150.2,2150,2150.2,4,115,17
9:39:24,2150,2150,2150.2,23,98,15
9:39:25,2150.2,2150,2150.2,2,98,15
9:39:25,2150.2,2150,2150.2,15,92,6
9:39:26,2150.2,2150.2,2150.4,18,4,52
9:39:26,2150.2,2150,2150.2,9,93,2
9:39:27,2150.2,2150.2,2150.4,5,5,51
9:39:27,2150.4,2150.2,2150.4,32,1,50
9:39:28,2150.2,2150.2,2150.4,6,6,51
9:39:28,2150.2,2150.2,2150.4,7,3,49
9:39:29,2150.4,2150.2,2150.4,2,4,47
9:39:29,2150.4,2150.2,2150.4,6,1,45
9:39:30,2150.4,2150.2,2150.4,1,2,44
9:39:30,2150.4,2150.2,2150.4,4,39,43
9:39:31,2150.4,2150.2,2150.4,3,41,40
9:39:31,2150.4,2150.2,2150.4,17,41,25
9:39:32,2150.4,2150.4,2150.6,26,16,52
9:39:32,2150.6,2150.4,2150.6,14,26,40
9:39:33,2150.6,2150.4,2150.6,8,59,35
9:39:33,2150.6,2150.4,2150.6,7,62,29
9:39:34,2150.6,2150.6,2150.8,40,7,39
9:39:34,2150.6,2150.6,2150.8,6,10,39
9:39:35,2150.8,2150.6,2150.8,16,2,35
9:39:35,2150.8,2150.6,2150.8,2,2,45
9:39:36,2150.6,2150.4,2150.8,35,64,13
9:39:36,2150.6,2150.6,2150.8,17,2,7
9:39:37,2151,2150.8,2151,13,8,65
9:39:37,2150.8,2150.8,2151,5,4,64
9:39:38,2151,2150.8,2151,27,3,45
9:39:38,2150.8,2150.6,2150.8,11,7,11
9:39:39,2150.8,2150.6,2150.8,1,7,14
9:39:39,2150.6,2150.6,2150.8,3,6,27
9:39:40,2150.6,2150.6,2150.8,3,7,30
9:39:40,2150.8,2150.6,2150.8,3,7,33
9:39:41,2150.6,2150.6,2150.8,3,5,35
9:39:41,2150.8,2150.6,2150.8,4,4,34
9:39:42,2150.8,2150.6,2150.8,4,2,34
