9:14:00,2197.2,2197,2197.4,240,22,5
9:15:00,2197,2196.2,2197,208,31,8
9:15:01,2196.2,2195.2,2196.4,211,25,2
9:15:01,2195.6,2195.6,2196,124,11,4
9:15:02,2195.2,2195,2195.2,50,39,24
9:15:02,2195.2,2195.2,2196.4,162,12,2
9:15:03,2195.6,2195.6,2196.6,66,27,1
9:15:03,2195.8,2196,2196.4,77,1,12
9:15:04,2196.2,2196.6,2196.8,58,2,54
9:15:04,2196.4,2196.4,2196.6,33,43,43
9:15:05,2196,2196,2196.4,63,7,3
9:15:05,2196.4,2195.6,2196.2,75,3,2
9:15:06,2195.6,2195.6,2196,42,1,65
9:15:06,2195.6,2195.2,2195.8,27,16,43
9:15:07,2195.4,2195.2,2195.4,18,22,34
9:15:07,2195.2,2195,2195.2,57,38,37
9:15:08,2195.2,2195,2195.2,63,7,13
9:15:08,2195.2,2195.2,2195.4,62,71,5
9:15:09,2195.4,2195.4,2195.6,35,76,33
9:15:09,2195.6,2195.6,2196,116,60,82
9:15:10,2196,2195.8,2196,42,28,47
9:15:10,2196,2195.6,2196,59,36,43
9:15:11,2195.6,2195.6,2195.8,60,23,5
9:15:11,2195.6,2195.6,2195.8,15,15,6
9:15:12,2196.2,2196.2,2196.4,78,5,17
9:15:12,2196,2196,2196.2,40,2,10
9:15:13,2195.8,2195.6,2195.8,11,2,13
9:15:13,2195.6,2195.4,2195.6,11,45,10
9:15:14,2195.6,2195.2,2195.4,61,50,9
9:15:14,2195.4,2195.2,2195.4,57,22,11
9:15:15,2195.2,2195,2195.2,31,16,3
9:15:15,2194.8,2194.6,2194.8,43,20,4
9:15:16,2195,2194.6,2195,51,16,44
9:15:16,2194.8,2194.8,2195,19,6,11
9:15:17,2195,2195,2195.2,32,6,28
9:15:17,2195,2195,2195.2,19,5,49
9:15:18,2195,2194.8,2195.2,22,2,48
9:15:18,2194.8,2194.6,2194.8,5,23,9
9:15:19,2195.2,2194.8,2195.2,38,8,34
9:15:19,2194.8,2194.6,2194.8,17,22,21
9:15:20,2195,2194.8,2195,56,1,9
9:15:20,2194.8,2195,2195.2,28,1,29
9:15:21,2194.6,2194.6,2194.8,17,12,8
9:15:21,2194.6,2194.8,2195,26,4,56
9:15:22,2195,2194.8,2195,46,11,33
9:15:22,2194.8,2194.4,2194.8,35,39,3
9:15:23,2194.4,2194.4,2194.6,13,42,4
9:15:23,2194.6,2194.6,2194.8,34,29,31
9:15:24,2194.8,2194.6,2194.8,25,12,46
9:15:24,2194.6,2194.6,2194.8,14,2,47
9:15:25,2194.6,2194.4,2194.6,9,62,31
9:15:25,2194.6,2194.4,2194.6,20,62,33
9:15:26,2194.4,2194.2,2194.6,85,28,10
9:15:26,2194.4,2194.2,2194.4,26,23,14
9:15:27,2194.2,2194,2194.2,55,49,9
9:15:27,2193.4,2192,2193.6,180,19,2
9:15:28,2191.2,2191.2,2191.8,56,17,30
9:15:28,2190.6,2190.6,2191,106,6,2
9:15:29,2191,2191,2191.2,133,6,20
9:15:29,2191.4,2191.6,2191.8,97,29,15
9:15:30,2192,2192,2192.6,83,82,11
9:15:30,2192.6,2192.2,2192.6,76,41,12
9:15:31,2192.4,2192.2,2192.4,50,36,7
9:15:31,2192.2,2192.4,2192.6,22,7,15
9:15:32,2192.4,2192.2,2192.4,74,1,1
9:15:32,2192.6,2192.6,2192.8,21,12,4
9:15:33,2192.6,2192.6,2192.8,12,6,4
9:15:33,2192.6,2192.4,2192.6,21,6,7
9:15:34,2192.6,2192.6,2192.8,20,2,5
9:15:34,2192.6,2192.4,2192.6,25,1,2
9:15:35,2192.8,2192.8,2193,7,11,24
9:15:35,2193,2192.8,2193,26,8,3
9:15:36,2193.2,2193,2193.2,19,2,6
9:15:36,2193.2,2193.2,2193.4,6,5,2
9:15:37,2192.8,2192.8,2193.2,22,2,1
9:15:37,2193.2,2193,2193.2,20,1,18
9:15:38,2192.6,2192.6,2193,37,27,50
9:15:38,2192.8,2192.6,2192.8,20,26,22
9:15:39,2192.6,2192.4,2192.6,66,15,27
9:15:39,2192.6,2192.4,2192.6,20,12,9
9:15:40,2192.4,2192.2,2192.6,20,7,8
9:15:40,2192.2,2192.2,2192.6,9,17,17
9:15:41,2192.6,2192.6,2192.8,32,2,33
9:15:41,2192.4,2192.6,2192.8,47,60,20
9:15:42,2192.8,2192.6,2192.8,30,54,1
9:15:42,2193,2192.8,2193.2,81,40,18
9:15:43,2193,2193,2193.2,6,11,18
9:15:43,2193.2,2193,2193.2,10,6,23
9:15:44,2193.2,2193,2193.2,17,2,12
9:15:44,2192.8,2192.8,2193,23,46,1
9:15:45,2193,2192.8,2193.2,11,35,5
9:15:45,2193.2,2193,2193.2,7,7,6
9:15:46,2193,2192.8,2193.4,21,24,6
9:15:46,2193,2192.8,2193,27,28,17
9:15:47,2193,2192.8,2193,30,12,5
9:15:47,2192.6,2192.6,2193,28,111,7
9:15:48,2193,2192.8,2193,6,1,18
9:15:48,2193,2192.8,2193,29,45,8
9:15:49,2193,2193,2193.2,14,8,6
9:15:49,2193.2,2193,2193.2,4,28,6
9:15:50,2193.2,2193,2193.2,14,48,4
9:15:50,2193,2193,2193.2,10,61,2
9:15:51,2193,2193.2,2193.4,55,10,19
9:15:51,2193.2,2193.2,2193.4,35,8,10
9:15:52,2193.2,2193,2193.2,13,14,2
9:15:52,2193,2192.8,2193,20,25,11
9:15:53,2193,2192.8,2193,17,19,1
9:15:53,2193,2192.8,2193,27,18,7
9:15:54,2193,2192.8,2193,12,14,1
9:15:54,2193,2192.8,2193.2,2,19,11
9:15:55,2193.4,2193.2,2193.4,14,1,15
9:15:55,2193,2192.8,2193.2,6,18,9
9:15:56,2193,2192.8,2193,9,38,18
9:15:56,2193,2192.8,2193.2,35,24,24
9:15:57,2193,2193,2193.2,19,4,22
9:15:57,2193.2,2193,2193.2,8,17,20
9:15:58,2193,2193,2193.2,21,6,15
9:15:58,2193,2193,2193.2,4,6,14
9:15:59,2193.2,2193,2193.2,5,25,15
9:15:59,2193.2,2193,2193.2,14,21,6
9:16:00,2193,2193,2193.2,15,9,3
9:16:00,2193,2192.8,2193,35,14,1
9:16:01,2193,2193.2,2193.6,55,1,27
9:16:01,2193.2,2193.2,2193.6,28,2,20
9:16:02,2193,2193.2,2193.4,23,10,5
9:16:02,2193.4,2193.2,2193.4,17,20,13
9:16:03,2193.4,2193.2,2193.4,8,6,12
9:16:03,2193,2193,2193.2,14,28,10
9:16:04,2193.2,2193,2193.2,15,23,7
9:16:04,2193.2,2193.2,2193.4,12,1,22
9:16:05,2193,2193,2193.4,14,14,17
9:16:05,2193,2193,2193.4,6,12,16
9:16:06,2193.2,2193,2193.4,4,15,17
9:16:06,2193.4,2193,2193.2,12,77,74
9:16:07,2193.4,2193.4,2193.6,99,13,26
9:16:07,2193.4,2193.4,2193.6,28,1,15
9:16:08,2193.4,2193.2,2193.4,9,2,1
9:16:08,2193,2193.2,2193.4,14,2,1
9:16:09,2193.4,2193,2193.4,7,89,4
9:16:09,2193.4,2193.2,2193.6,7,6,9
9:16:10,2193.4,2193.2,2193.4,23,22,2
9:16:10,2193.2,2193.2,2193.4,22,38,5
9:16:11,2193.4,2193.4,2193.6,7,7,12
9:16:11,2193.4,2193.4,2193.6,11,13,9
9:16:12,2193.6,2193.6,2193.8,19,14,95
9:16:12,2193.8,2193.6,2193.8,12,6,92
9:16:13,2193.8,2193.6,2193.8,38,1,77
9:16:13,2193.6,2193.4,2193.6,14,33,4
9:16:14,2193.8,2193.6,2193.8,21,1,63
9:16:14,2193.6,2193.6,2193.8,12,7,54
9:16:15,2193.8,2193.6,2193.8,6,14,51
9:16:15,2193.8,2193.6,2193.8,34,30,19
9:16:16,2193.8,2193.6,2193.8,18,29,5
9:16:16,2193.8,2193.8,2194,11,28,37
9:16:17,2194,2193.8,2194,6,35,34
9:16:17,2193.8,2193.8,2194,7,31,33
9:16:18,2193.8,2193.8,2194,15,37,20
9:16:18,2194,2193.8,2194,15,39,11
9:16:19,2194,2193.8,2194,2,35,10
9:16:19,2194,2193.8,2194,37,6,7
9:16:20,2194,2193.8,2194,9,54,2
9:16:20,2193.8,2194,2194.2,53,4,13
9:16:21,2194,2194,2194.2,5,24,15
9:16:21,2194,2194,2194.2,18,16,14
9:16:22,2194,2194,2194.2,9,164,12
9:16:22,2194,2194.2,2194.4,18,7,13
9:16:23,2194.6,2194.4,2194.6,35,3,6
9:16:23,2194.4,2194.4,2194.6,9,47,4
9:16:24,2194.6,2194.4,2194.6,18,36,55
9:16:24,2194.4,2194.4,2194.6,14,48,50
9:16:25,2194.4,2194.4,2194.6,29,28,100
9:16:25,2194.2,2194.2,2194.4,32,4,13
9:16:26,2194,2194,2194.2,35,140,15
9:16:26,2194.2,2194,2194.2,44,119,22
9:16:27,2194.2,2194,2194.2,14,115,15
9:16:27,2194.2,2194,2194.2,26,96,10
9:16:28,2194,2194,2194.2,4,104,10
9:16:28,2194.2,2194,2194.2,53,89,49
9:16:29,2194,2194,2194.2,13,79,49
9:16:29,2194,2194,2194.2,47,34,54
9:16:30,2194,2193.8,2194,45,77,29
9:16:30,2194,2193.8,2194,10,71,43
9:16:31,2194.2,2194,2194.2,61,1,51
9:16:31,2194,2193.8,2194,5,65,1
9:16:32,2194,2194,2194.2,24,7,44
9:16:32,2194,2194,2194.2,9,5,42
9:16:33,2194.2,2194,2194.2,3,4,40
9:16:33,2194,2193.8,2194.2,7,55,40
9:16:34,2194,2193.8,2194,2,55,24
9:16:34,2193.8,2193.8,2194,13,44,24
9:16:35,2193.8,2193.8,2194,6,44,20
9:16:35,2194,2193.8,2194,5,43,41
9:16:36,2193.8,2193.8,2194,3,41,43
9:16:36,2194,2193.8,2194,21,26,37
9:16:37,2194.2,2194,2194.2,44,6,36
9:16:37,2194.2,2194,2194.2,1,6,35
9:16:38,2194.2,2194,2194.2,6,15,35
9:16:38,2194.2,2194,2194.2,4,14,31
9:16:39,2194.2,2194,2194.2,12,44,29
9:16:39,2194,2194,2194.2,5,40,29
9:16:40,2194.2,2194,2194.2,16,37,18
9:16:40,2194,2193.8,2194,42,31,16
9:16:41,2193.8,2193.8,2194,13,40,10
9:16:41,2194,2193.8,2194,8,41,3
9:16:42,2194.2,2194,2194.2,7,4,18
9:16:43,2193.8,2194,2194.2,9,15,18
9:16:43,2194.2,2194,2194.2,5,26,15
9:16:44,2194,2194,2194.2,30,4,18
9:16:44,2194,2193.8,2194.2,22,59,18
9:16:45,2194,2194,2194.2,1,6,22
9:16:45,2194,2193.8,2194,10,59,7
9:16:46,2194,2193.8,2194,5,59,2
9:16:46,2194,2193.8,2194.2,4,61,32
9:16:47,2194.2,2194,2194.2,11,1,22
9:16:47,2194,2194,2194.2,4,5,24
9:16:48,2194,2194,2194.2,6,3,23
9:16:48,2194,2194,2194.2,4,3,24
9:16:49,2194,2193.8,2194,6,68,2
9:16:49,2194.2,2194,2194.2,5,2,24
9:16:50,2194,2194,2194.2,8,2,23
9:16:50,2194,2193.8,2194,4,69,39
9:16:51,2194,2193.8,2194,31,69,9
9:16:52,2193.8,2193.8,2194,5,68,13
9:16:52,2194,2193.8,2194,3,67,17
9:16:53,2193.8,2193.8,2194,13,61,23
9:16:54,2193.8,2193.8,2194,10,51,23
9:16:54,2193.8,2193.8,2194,5,49,26
9:16:55,2194,2193.8,2194,39,11,25
9:16:55,2194,2193.6,2193.8,28,39,12
9:16:56,2193.6,2193.6,2193.8,4,38,9
9:16:56,2193.8,2193.6,2193.8,3,39,6
9:16:57,2193.6,2193.6,2194,30,22,20
9:16:57,2193.8,2193.6,2194,2,21,20
9:16:58,2194,2193.6,2194,3,22,19
9:16:59,2194,2193.6,2194,3,22,16
9:16:59,2193.6,2193.6,2194,6,19,33
9:17:00,2193.6,2193.6,2193.8,1,20,3
9:17:00,2193.8,2193.6,2193.8,10,13,2
9:17:01,2194,2193.6,2194,9,8,41
9:17:01,2194,2193.6,2193.8,17,2,1
9:17:02,2193.8,2193.4,2193.8,9,33,3
9:17:02,2193.8,2193.6,2193.8,7,31,3
9:17:03,2193.6,2193.6,2193.8,5,28,2
9:17:03,2193.8,2193.6,2193.8,9,25,2
9:17:04,2193.6,2193.6,2194,10,22,67
9:17:04,2193.6,2193.4,2193.6,34,42,44
9:17:05,2193.6,2193.4,2193.6,7,41,43
9:17:05,2193.6,2193.4,2193.6,14,32,44
9:17:06,2193.6,2193.4,2193.6,24,15,43
9:17:06,2193.4,2193.2,2193.4,27,39,18
9:17:07,2193.4,2193.2,2193.4,4,38,26
9:17:07,2193.4,2193.2,2193.4,9,32,27
9:17:08,2193.4,2193.2,2193.4,32,13,24
9:17:08,2193.4,2193.2,2193.4,8,32,21
9:17:09,2193.2,2193.2,2193.4,12,22,20
9:17:09,2193.2,2193.2,2193.4,4,19,17
9:17:10,2193.2,2193.2,2193.4,13,10,17
9:17:10,2193.2,2193.2,2193.4,7,11,15
9:17:11,2193,2193,2193.2,17,189,1
9:17:11,2193.2,2193,2193.2,19,180,1
9:17:12,2193.2,2193.2,2193.4,14,28,7
9:17:12,2193.2,2193.2,2193.4,15,30,42
9:17:13,2193.2,2193.2,2193.4,14,49,49
9:17:14,2193.2,2193.2,2193.4,13,48,49
9:17:14,2193.2,2193.2,2193.4,19,30,49
9:17:15,2193.2,2193.2,2193.4,2,28,49
9:17:15,2193.2,2193.2,2193.4,11,19,50
9:17:16,2193.4,2193.2,2193.4,22,25,29
9:17:16,2193.2,2193.2,2193.4,6,19,29
9:17:17,2193.4,2193.2,2193.4,10,12,31
9:17:18,2193.2,2193.2,2193.4,12,9,28
9:17:18,2193.4,2193.2,2193.4,13,1,23
9:17:19,2193.2,2193.2,2193.4,14,1,12
9:17:19,2193.2,2193,2193.2,1,142,35
9:17:20,2193.2,2193,2193.2,2,141,34
9:17:20,2193.2,2193,2193.2,7,138,31
9:17:21,2193,2193,2193.2,12,128,30
9:17:21,2193,2193,2193.2,10,120,40
9:17:22,2193,2193,2193.2,5,117,41
9:17:22,2193,2193,2193.2,20,108,30
9:17:23,2193.2,2193,2193.2,28,86,25
9:17:23,2193,2193,2193.2,18,68,25
9:17:24,2193,2192.8,2193,69,35,34
9:17:24,2192.8,2192.8,2193,27,20,27
9:17:25,2192.8,2192.8,2193,1,18,43
9:17:25,2192.8,2192.8,2193,10,12,40
9:17:26,2192.8,2192.8,2193,13,10,41
9:17:26,2192.8,2192.8,2193,7,7,41
9:17:27,2192.6,2192.6,2192.8,8,60,1
9:17:27,2193,2192.6,2192.8,5,60,1
9:17:28,2192.6,2192.6,2192.8,6,64,2
9:17:28,2192.6,2192.6,2193,13,62,20
9:17:29,2192.6,2192.6,2192.8,68,4,2
9:17:29,2192.6,2192.6,2192.8,2,5,4
9:17:30,2192.4,2192.4,2192.8,8,17,58
9:17:30,2192.4,2192.4,2192.6,5,16,17
9:17:31,2192.6,2192.4,2192.6,22,2,15
9:17:31,2192.4,2192.2,2192.4,10,68,1
9:17:32,2192.4,2192.4,2192.6,11,18,3
9:17:32,2192.8,2192.6,2192.8,5,9,60
9:17:33,2192.6,2192.6,2192.8,7,18,57
9:17:33,2192.6,2192.6,2192.8,3,37,81
9:17:34,2192.8,2192.6,2192.8,31,33,59
9:17:34,2192.6,2192.6,2192.8,5,46,60
9:17:35,2192.6,2192.6,2192.8,6,54,77
9:17:35,2192.6,2192.6,2192.8,10,50,76
9:17:36,2192.8,2192.6,2192.8,4,37,78
9:17:36,2192.8,2192.6,2192.8,16,23,84
9:17:37,2192.6,2192.6,2192.8,20,6,82
9:17:37,2192.8,2192.6,2192.8,7,6,81
9:17:38,2192.8,2192.6,2192.8,27,6,65
9:17:38,2192.8,2192.6,2192.8,56,27,13
9:17:39,2192.8,2192.8,2193,16,2,44
9:17:39,2193,2192.8,2193,33,21,15
9:17:40,2192.8,2192.8,2193,3,7,14
9:17:40,2193,2192.8,2193,4,9,13
9:17:41,2193,2192.8,2193,7,8,9
9:17:41,2193,2192.8,2193,12,8,3
9:17:42,2193,2192.8,2193.2,3,9,70
9:17:42,2192.8,2192.8,2193.2,5,11,72
9:17:43,2193.2,2192.8,2193,63,13,1
9:17:43,2192.8,2192.8,2193,11,11,2
9:17:44,2192.8,2192.8,2193,10,4,12
9:17:44,2193,2192.8,2193,5,19,12
9:17:45,2192.8,2193,2193.4,32,1,6
9:17:45,2192.8,2193,2193.4,10,10,5
9:17:46,2193.2,2193,2193.4,6,11,4
9:17:46,2193.2,2193,2193.4,4,10,5
9:17:47,2193,2192.8,2193.4,25,26,5
9:17:48,2193.4,2193,2193.4,7,10,5
9:17:48,2193.4,2193,2193.4,7,8,3
9:17:49,2193.4,2193,2193.4,2,13,12
9:17:49,2193.4,2193,2193.4,1,13,11
9:17:50,2193.4,2193.2,2193.4,1,1,12
9:17:50,2193.2,2193,2193.2,6,15,1
9:17:51,2193,2193,2193.4,7,14,6
9:17:52,2193,2193,2193.4,11,17,17
9:17:53,2193.4,2193,2193.4,9,18,8
9:17:53,2193.4,2193,2193.4,2,26,8
9:17:54,2193,2193,2193.4,2,36,8
9:17:54,2193.6,2193.4,2193.6,12,4,32
9:17:55,2193.4,2193.4,2193.6,4,2,32
9:17:55,2193.4,2193.4,2193.6,1,5,32
9:17:56,2193.4,2193.4,2193.6,1,3,31
9:17:56,2193.4,2193.2,2193.4,12,1,22
9:17:57,2193.4,2193.2,2193.4,1,2,22
9:17:57,2193.4,2193.2,2193.4,1,3,22
9:17:58,2193.4,2193.2,2193.4,5,12,23
9:17:59,2193.2,2193.2,2193.4,5,10,24
9:17:59,2193.2,2193.2,2193.4,2,10,23
9:18:00,2193.2,2193.2,2193.4,3,7,24
9:18:00,2193.2,2193,2193.2,8,66,1
9:18:01,2193,2193,2193.2,3,61,3
9:18:01,2193,2193,2193.2,16,46,4
9:18:02,2193,2193,2193.4,14,47,26
9:18:02,2193,2193,2193.4,12,39,26
9:18:03,2193,2193,2193.4,23,20,25
9:18:04,2193.2,2193,2193.2,7,20,3
9:18:05,2193.2,2193,2193.2,2,26,2
9:18:05,2193,2193,2193.2,3,25,2
9:18:06,2193,2193,2193.2,2,25,2
9:18:06,2193.2,2193,2193.4,5,24,39
9:18:07,2193,2193,2193.4,8,19,38
9:18:07,2193,2193,2193.4,10,44,38
9:18:08,2193,2193,2193.2,5,44,1
9:18:08,2193.4,2193,2193.4,9,39,37
9:18:09,2193.4,2193,2193.4,4,40,39
9:18:09,2193,2193.2,2193.4,2,1,39
9:18:10,2193.2,2193,2193.2,12,42,3
9:18:11,2193.4,2193.2,2193.4,16,1,35
9:18:11,2193,2193,2193.4,2,31,35
9:18:12,2193.4,2193,2193.4,1,33,34
9:18:12,2193.4,2193,2193.4,8,34,32
9:18:13,2193,2193,2193.4,17,23,27
9:18:13,2193.4,2193,2193.4,2,25,26
9:18:14,2193.4,2193.2,2193.4,12,1,19
9:18:14,2193,2193.2,2193.4,3,2,19
9:18:15,2193.4,2193.2,2193.4,1,4,18
9:18:15,2193.4,2193.4,2193.6,18,10,49
9:18:16,2193.2,2193,2193.2,18,29,17
9:18:16,2193.2,2193,2193.2,10,32,9
9:18:17,2193.2,2193,2193.2,4,34,5
9:18:17,2193.2,2193,2193.2,3,34,3
9:18:18,2193.2,2193.2,2193.4,4,2,7
9:18:20,2193.4,2193.4,2193.6,12,11,51
9:18:21,2193.4,2193.4,2193.6,3,8,51
9:18:21,2193.4,2193.4,2193.6,4,26,53
9:18:22,2193.4,2193.4,2193.6,1,25,54
9:18:22,2193.4,2193.4,2193.6,2,24,69
9:18:23,2193.6,2193.4,2193.6,23,14,56
9:18:23,2193.6,2193.4,2193.6,4,16,52
9:18:24,2193.4,2193.4,2193.6,6,12,51
9:18:24,2193.6,2193.4,2193.6,21,14,30
9:18:25,2193.6,2193.4,2193.6,2,14,29
9:18:25,2193.6,2193.4,2193.6,1,16,28
9:18:26,2193.6,2193.4,2193.6,9,14,21
9:18:26,2193.6,2193.6,2193.8,21,10,14
9:18:27,2193.6,2193.6,2193.8,23,6,10
9:18:27,2194,2193.6,2194,14,9,85
9:18:28,2194,2193.8,2194,10,4,75
9:18:28,2193.8,2193.6,2193.8,6,20,1
9:18:29,2193.6,2193.6,2194,12,19,61
9:18:29,2194,2193.8,2194,5,3,56
9:18:30,2194,2193.8,2194,3,3,53
9:18:30,2193.8,2193.8,2194,4,1,53
9:18:31,2194,2193.8,2194,2,2,71
9:18:31,2194,2193.8,2194,1,2,71
9:18:32,2194,2193.6,2193.8,7,19,12
9:18:32,2194,2193.6,2193.8,2,22,13
9:18:33,2194,2193.6,2193.8,10,20,8
9:18:33,2193.8,2193.8,2194,40,6,69
9:18:34,2193.8,2193.6,2193.8,39,1,14
9:18:35,2193.6,2193.4,2193.6,3,8,5
9:18:35,2193.6,2193.4,2193.6,3,9,2
9:18:36,2193.4,2193.4,2193.6,13,6,1
9:18:37,2193.2,2193.2,2193.6,8,11,5
9:18:38,2193.6,2193,2193.4,17,85,3
9:18:38,2193,2193,2193.2,5,81,1
9:18:39,2193,2193,2193.2,21,81,6
9:18:40,2193.6,2193.2,2193.6,24,3,5
9:18:41,2193.6,2193.2,2193.6,5,16,7
9:18:41,2193.4,2193.2,2193.6,3,17,7
9:18:42,2193.2,2193.2,2193.6,2,17,8
9:18:42,2193.2,2193.2,2193.6,1,19,8
9:18:43,2193.4,2193.2,2193.4,1,8,1
9:18:43,2193.6,2193.2,2193.6,3,10,7
9:18:44,2193.6,2193.2,2193.6,3,11,4
9:18:44,2193.2,2193.2,2193.6,2,8,3
9:18:45,2193.6,2193.2,2193.6,1,8,2
9:18:45,2193.2,2193.2,2193.6,5,5,2
9:18:46,2193.6,2193.6,2193.8,5,15,69
9:18:46,2193.6,2193.4,2193.6,26,21,4
9:18:47,2193.6,2193.4,2193.6,2,26,5
9:18:48,2193.4,2193.4,2193.6,3,23,25
9:18:49,2193.6,2193.4,2193.6,2,22,24
9:18:49,2193.6,2193.4,2193.6,1,22,30
9:18:50,2193.6,2193.4,2193.6,4,20,28
9:18:51,2193.6,2193.4,2193.6,2,28,28
9:18:51,2193.6,2193.4,2193.6,2,30,27
9:18:52,2193.6,2193.4,2193.6,5,31,22
9:18:52,2193.4,2193.4,2193.6,2,31,21
9:18:53,2193.4,2193.4,2193.6,9,24,19
9:18:54,2193.4,2193.4,2193.6,2,24,18
9:18:54,2193.4,2193.4,2193.6,4,23,15
9:18:55,2193.4,2193.4,2193.6,2,21,16
9:18:55,2193.4,2193.4,2193.6,2,20,17
9:18:56,2193.6,2193.4,2193.6,2,20,17
9:18:57,2193.4,2193.2,2193.4,20,30,6
9:18:57,2193.4,2193.2,2193.4,4,33,2
9:18:58,2193.4,2193.2,2193.4,1,33,44
9:18:58,2193.4,2193.2,2193.4,4,33,43
9:18:59,2193.2,2193.2,2193.4,1,32,43
9:18:59,2193.4,2193.2,2193.4,6,31,38
9:19:00,2193.4,2193.2,2193.4,2,35,37
9:19:00,2193.2,2193.2,2193.4,3,34,37
9:19:01,2193.2,2193.2,2193.4,2,33,37
9:19:01,2193.4,2193.2,2193.4,8,29,33
9:19:02,2193.2,2193.2,2193.4,19,24,20
9:19:02,2193.2,2193.2,2193.4,21,4,20
9:19:03,2193.4,2193,2193.4,20,134,7
9:19:03,2193.2,2193.2,2193.4,5,2,56
9:19:04,2193.2,2193.2,2193.4,7,10,53
9:19:04,2193.2,2193,2193.2,6,135,59
9:19:05,2193,2193,2193.2,13,135,47
9:19:05,2193,2193,2193.2,8,133,41
9:19:06,2193,2193,2193.2,3,130,41
9:19:06,2193,2193,2193.2,14,119,39
9:19:07,2193,2193,2193.2,4,115,39
9:19:07,2193.2,2193,2193.2,1,115,38
9:19:08,2193,2193,2193.2,4,113,37
9:19:08,2193.2,2193,2193.2,23,114,18
9:19:09,2193,2193,2193.2,13,104,25
9:19:10,2193.2,2193,2193.2,10,101,19
9:19:11,2193,2193,2193.2,2,100,19
9:19:11,2193,2193,2193.2,6,98,16
9:19:12,2193.2,2193,2193.2,2,97,16
9:19:12,2193,2193,2193.2,51,46,22
9:19:13,2193,2193,2193.2,19,35,15
9:19:13,2193,2193,2193.2,30,6,17
9:19:14,2193,2192.8,2193,7,48,9
9:19:14,2193,2192.8,2193,11,58,4
9:19:15,2192.8,2192.8,2193,4,56,4
9:19:15,2193,2192.8,2193,3,54,30
9:19:16,2192.8,2192.8,2193,28,31,33
9:19:16,2192.8,2192.8,2193,9,25,30
9:19:17,2193,2192.8,2193,8,18,35
9:19:17,2192.8,2192.6,2192.8,22,53,5
9:19:18,2192.6,2192.6,2192.8,10,48,3
9:19:18,2192.6,2192.6,2192.8,6,43,6
9:19:19,2192.6,2192.6,2192.8,10,37,7
9:19:19,2192.6,2192.6,2192.8,15,35,12
9:19:20,2192.6,2192.6,2192.8,29,18,39
9:19:20,2192.6,2192.4,2192.6,24,23,25
9:19:21,2192.2,2192.2,2192.4,31,71,5
9:19:21,2192.4,2192.2,2192.4,10,66,2
9:19:22,2192.2,2192.2,2192.4,34,36,6
9:19:22,2192.2,2192.2,2192.6,19,25,30
9:19:23,2192.2,2192.2,2192.6,19,27,26
9:19:23,2192.2,2192.4,2192.6,15,10,20
9:19:24,2192.4,2192.4,2192.6,12,10,18
9:19:24,2192.4,2192.4,2192.6,9,71,18
9:19:25,2192.6,2192.4,2192.6,35,43,14
9:19:25,2192.6,2192.6,2192.8,27,15,40
9:19:26,2192.6,2192.6,2192.8,3,31,40
9:19:26,2192.6,2192.6,2192.8,3,23,39
9:19:27,2192.6,2192.6,2192.8,1,27,39
9:19:27,2192.8,2192.6,2192.8,10,18,38
9:19:28,2192.6,2192.6,2192.8,9,12,46
9:19:28,2192.8,2192.6,2192.8,2,13,45
9:19:29,2192.6,2192.4,2192.6,16,36,1
9:19:29,2192.4,2192.4,2192.6,8,35,9
9:19:30,2192.6,2192.4,2192.8,14,35,60
9:19:30,2192.4,2192.4,2192.6,3,32,6
9:19:31,2192.4,2192.4,2192.6,11,27,9
9:19:31,2192.6,2192.4,2192.6,1,28,29
9:19:32,2192.6,2192.4,2192.6,11,23,22
9:19:32,2192.4,2192.4,2192.6,6,20,77
9:19:33,2192.4,2192.4,2192.6,18,4,75
9:19:33,2192.4,2192.2,2192.4,16,20,11
9:19:34,2192.2,2192.2,2192.4,5,19,18
9:19:34,2192.2,2192,2192.2,42,150,4
9:19:35,2192.4,2192.2,2192.4,6,2,12
9:19:35,2192.4,2192.2,2192.4,12,8,13
9:19:36,2192.4,2192.2,2192.4,3,42,21
9:19:36,2192.4,2192.2,2192.4,10,51,20
9:19:37,2192.4,2192.2,2192.4,17,44,13
9:19:37,2192.4,2192.2,2192.4,10,42,9
9:19:38,2192.2,2192.2,2192.4,9,34,7
9:19:38,2192.4,2192.2,2192.4,14,35,14
9:19:39,2192.4,2192.2,2192.4,5,36,14
9:19:39,2192.2,2192.2,2192.4,2,36,15
9:19:40,2192.4,2192.2,2192.4,8,33,16
9:19:40,2192.2,2192.2,2192.4,12,27,12
9:19:41,2192.4,2192.2,2192.4,5,25,9
9:19:41,2192.2,2192.2,2192.4,7,19,11
9:19:42,2192.4,2192.4,2192.6,19,4,91
9:19:42,2192.4,2192.4,2192.6,3,3,91
9:19:43,2192.4,2192.4,2192.6,5,2,91
9:19:43,2192.4,2192.2,2192.4,4,25,4
9:19:44,2192.4,2192.2,2192.4,3,27,4
9:19:44,2192.2,2192.2,2192.4,1,27,14
9:19:45,2192.4,2192.2,2192.4,4,26,11
9:19:45,2192.4,2192.2,2192.4,5,26,12
9:19:46,2192.4,2192.2,2192.4,5,28,7
9:19:46,2192.2,2192.2,2192.4,13,19,4
9:19:47,2192.4,2192.2,2192.4,7,14,21
9:19:47,2192.2,2192.2,2192.4,2,13,22
9:19:48,2192,2192,2192.2,15,154,17
9:19:48,2192,2192,2192.2,6,151,16
9:19:49,2192.2,2192,2192.2,10,148,9
9:19:49,2192,2192,2192.2,35,122,9
9:19:50,2192.2,2192.2,2192.4,43,42,24
9:19:50,2192.2,2192.2,2192.4,29,19,21
9:19:51,2192.2,2192.2,2192.4,10,14,21
9:19:51,2192.4,2192.2,2192.4,2,13,21
9:19:52,2192.2,2192.2,2192.4,2,14,54
9:19:52,2192.2,2192.2,2192.4,8,21,51
9:19:53,2192.2,2192.2,2192.4,11,11,51
9:19:53,2192.2,2192.2,2192.4,5,8,49
9:19:54,2192.2,2192.2,2192.4,4,6,49
9:19:54,2192.2,2192,2192.2,31,112,2
9:19:55,2192.2,2192.2,2192.4,3,1,45
9:19:55,2192,2192.2,2192.4,8,3,45
9:19:56,2192.2,2192.2,2192.4,4,1,44
9:19:56,2192.2,2192.2,2192.4,61,4,44
9:19:57,2192.2,2192,2192.2,13,45,5
9:19:57,2192.2,2192,2192.2,1,48,11
9:19:58,2192.2,2192,2192.2,40,17,31
9:19:58,2192,2191.8,2192,21,41,9
9:19:59,2192,2191.8,2192,23,36,21
9:19:59,2191.8,2191.8,2192,10,33,25
9:20:00,2192,2191.8,2192,14,41,18
9:20:00,2191.8,2191.8,2192,32,27,7
9:20:01,2191.8,2191.6,2192,41,49,1
9:20:01,2192,2191.8,2192,29,4,23
9:20:02,2192,2191.6,2192,69,40,23
9:20:02,2191.6,2191.6,2192,29,35,17
9:20:03,2191.6,2191.6,2191.8,9,30,2
9:20:03,2191.8,2191.6,2191.8,20,28,4
9:20:04,2192,2191.8,2192,18,6,7
9:20:04,2191.8,2191.6,2191.8,14,29,5
9:20:05,2191.6,2191.6,2191.8,8,26,4
9:20:05,2191.8,2191.8,2192,11,2,12
9:20:06,2191.8,2191.6,2191.8,11,19,13
9:20:06,2191.8,2191.8,2192,31,3,21
9:20:07,2191.8,2191.6,2191.8,10,15,3
9:20:07,2191.8,2191.6,2191.8,6,12,11
9:20:08,2191.8,2191.6,2191.8,12,9,10
9:20:08,2191.6,2191.4,2191.6,13,19,1
9:20:09,2191.6,2191.4,2191.8,12,23,5
9:20:09,2191.6,2191.4,2191.6,12,23,11
9:20:10,2192,2191.8,2192,30,1,16
9:20:10,2192,2191.8,2192,31,1,13
9:20:11,2192,2192,2192.2,15,37,28
9:20:11,2192,2192,2192.2,10,36,28
9:20:12,2192.2,2192,2192.2,11,29,24
9:20:12,2192,2191.8,2192.2,73,8,20
9:20:13,2192,2191.8,2192,8,11,40
9:20:13,2191.8,2191.8,2192,8,10,42
9:20:14,2192,2191.8,2192,17,1,40
9:20:14,2192,2191.6,2192,4,13,45
9:20:15,2192,2191.8,2192,29,1,16
9:20:15,2192,2191.8,2192,12,2,8
9:20:16,2191.8,2191.6,2192,9,17,9
9:20:16,2192,2191.8,2192.2,17,6,32
9:20:17,2192,2191.8,2192.2,1,6,33
9:20:17,2192,2192,2192.2,8,2,33
9:20:18,2192.2,2191.8,2192.2,13,16,32
9:20:18,2192.2,2191.8,2192.2,1,21,32
9:20:19,2192.2,2192,2192.2,4,13,31
9:20:19,2192.2,2192,2192.2,26,20,6
9:20:20,2192.2,2192.2,2192.4,13,23,29
9:20:20,2192.2,2192.2,2192.4,14,16,25
9:20:21,2192.4,2192.2,2192.4,2,44,24
9:20:21,2192.2,2192.2,2192.4,14,43,13
9:20:22,2192.4,2192.2,2192.4,12,42,3
9:20:22,2192.2,2192.2,2192.6,16,34,12
9:20:23,2192.6,2192.4,2192.6,7,3,5
9:20:23,2192.6,2192.4,2192.8,8,5,32
9:20:24,2192.8,2192.4,2192.6,3,7,1
9:20:24,2192.6,2192.4,2192.6,10,4,1
9:20:25,2192.6,2192.6,2192.8,7,4,28
9:20:25,2192.4,2192.2,2192.4,37,25,4
9:20:26,2192.4,2192.2,2192.4,3,24,3
9:20:26,2192.4,2192.2,2192.6,4,23,6
9:20:27,2192.6,2192.4,2192.6,2,4,22
9:20:27,2192.6,2192.4,2192.6,5,3,21
9:20:28,2192.4,2192.4,2192.6,4,3,22
9:20:28,2192.4,2192.4,2192.6,3,2,21
9:20:29,2192.4,2192.2,2192.6,5,35,9
9:20:29,2192.6,2192.2,2192.6,11,33,1
9:20:30,2192.6,2192.4,2192.6,4,2,10
9:20:31,2192.4,2192.6,2192.8,1,5,41
9:20:31,2192.8,2192.6,2192.8,1,10,41
9:20:32,2192.8,2192.6,2192.8,4,9,50
9:20:32,2192.6,2192.4,2192.6,30,4,9
9:20:33,2192.6,2192.4,2192.6,2,6,8
9:20:33,2192.6,2192.4,2192.6,2,5,18
9:20:34,2192.4,2192.2,2192.6,10,36,7
9:20:34,2192.4,2192.4,2192.6,2,3,8
9:20:35,2192.6,2192.4,2192.6,7,1,3
9:20:35,2192.4,2192.2,2192.6,1,38,3
9:20:36,2192.6,2192.4,2192.6,1,3,7
9:20:36,2192.4,2192.4,2192.6,3,12,20
9:20:37,2192.6,2192.4,2192.6,5,10,7
9:20:37,2192.6,2192.4,2192.6,3,14,6
9:20:38,2192.6,2192.4,2192.6,6,13,1
9:20:38,2192.8,2192.4,2192.8,22,22,39
9:20:39,2192.4,2192.6,2192.8,1,20,41
9:20:39,2192.8,2192.6,2192.8,1,26,40
9:20:40,2192.6,2192.6,2192.8,2,26,41
9:20:40,2192.6,2192.6,2192.8,3,25,41
9:20:41,2192.8,2192.6,2192.8,18,26,26
9:20:41,2192.8,2192.6,2192.8,1,28,27
9:20:42,2192.8,2192.6,2192.8,5,27,26
9:20:42,2192.8,2192.6,2192.8,3,32,25
9:20:43,2192.8,2192.6,2192.8,10,23,24
9:20:43,2192.8,2192.6,2192.8,14,21,12
9:20:44,2192.8,2192.6,2192.8,12,21,1
9:20:44,2192.8,2192.8,2193,5,57,49
9:20:45,2192.8,2192.8,2193,4,59,48
9:20:45,2193,2192.8,2193,4,61,55
9:20:46,2192.8,2192.8,2193,5,67,51
9:20:46,2192.8,2192.8,2193,11,63,44
9:20:47,2193,2192.8,2193,1,64,44
9:20:48,2192.8,2192.8,2193,2,63,45
9:20:48,2193,2192.8,2193,11,63,34
9:20:49,2192.8,2192.8,2193,22,43,33
9:20:49,2193,2192.8,2193,1,43,32
9:20:50,2193,2192.8,2193,17,31,38
9:20:50,2193,2192.8,2193,4,30,37
9:20:51,2192.8,2192.8,2193,24,7,55
9:20:51,2192.8,2192.6,2192.8,11,20,11
9:20:52,2192.6,2192.6,2192.8,2,19,12
9:20:52,2192.6,2192.6,2192.8,11,8,20
9:20:53,2192.6,2192.6,2192.8,5,6,24
9:20:53,2192.8,2192.6,2192.8,1,6,36
9:20:54,2192.4,2192.2,2192.4,45,15,7
9:20:54,2192,2192,2192.4,26,39,10
9:20:55,2192,2192,2192.2,1,38,2
9:20:55,2192.4,2192.2,2192.4,10,16,2
9:20:56,2192.2,2192.2,2192.4,1,19,2
9:20:56,2192.2,2192.2,2192.4,2,21,12
9:20:57,2192.2,2192.2,2192.4,6,17,20
9:20:57,2192.2,2192.2,2192.4,3,15,19
9:20:58,2192.2,2192.2,2192.4,11,4,18
9:20:58,2192.2,2192.2,2192.4,6,3,15
9:20:59,2192.2,2192,2192.2,7,36,1
9:20:59,2192.2,2192,2192.2,2,36,1
9:21:00,2192,2192.2,2192.4,5,2,14
9:21:00,2192,2192.2,2192.4,10,27,14
9:21:01,2192.2,2192.2,2192.4,27,4,13
9:21:01,2192,2192,2192.4,19,24,13
9:21:02,2192,2192,2192.2,19,7,6
9:21:02,2192.4,2192.2,2192.4,33,2,5
9:21:03,2192,2192,2192.2,5,2,1
9:21:03,2192,2192,2192.2,2,1,12
9:21:04,2192,2191.8,2192,3,53,2
9:21:04,2191.8,2191.8,2192.2,9,48,11
9:21:05,2192.2,2191.8,2192.2,5,48,8
9:21:05,2191.8,2191.8,2192.2,44,15,9
9:21:06,2192.2,2191.8,2192.2,5,14,9
9:21:06,2191.8,2191.8,2192,13,13,1
9:21:07,2191.8,2191.6,2191.8,15,26,3
9:21:07,2191.8,2191.8,2192,4,1,7
9:21:08,2192,2191.6,2192,19,11,7
9:21:08,2191.6,2191.6,2192,7,9,8
9:21:09,2191.2,2191.2,2191.8,31,77,21
9:21:09,2191.2,2191.2,2191.4,31,57,4
9:21:10,2191.2,2191.2,2191.4,25,36,4
9:21:10,2191.2,2191,2191.2,43,103,25
9:21:11,2191,2191,2191.2,64,47,22
9:21:11,2191,2191,2191.2,28,25,21
9:21:12,2190.8,2190.8,2191,33,28,4
9:21:12,2190.8,2190.8,2191,23,28,3
9:21:13,2191,2191,2191.2,33,10,22
9:21:13,2191,2191,2191.2,32,9,8
9:21:14,2191,2191,2191.2,31,28,6
9:21:14,2191.2,2191.2,2191.6,16,10,20
9:21:15,2191.6,2191.2,2191.6,5,19,7
9:21:15,2191.6,2191.4,2191.6,5,5,6
9:21:16,2191.6,2191.2,2191.4,9,24,1
9:21:16,2191.2,2191.2,2191.6,29,3,4
9:21:17,2191.2,2191.4,2191.6,2,3,12
9:21:17,2191.2,2191.2,2191.6,4,3,13
9:21:18,2191.2,2191,2191.2,6,19,1
9:21:18,2191.2,2191,2191.4,21,11,22
9:21:19,2191.2,2191,2191.2,15,5,8
9:21:19,2190.8,2190.8,2191,25,10,8
9:21:20,2190.8,2190.6,2190.8,14,54,5
9:21:20,2190.8,2190.6,2190.8,45,18,13
9:21:21,2190.6,2190.4,2190.6,35,19,8
9:21:21,2190.4,2190.2,2190.4,48,70,1
9:21:22,2190.2,2190.2,2190.6,66,6,17
9:21:22,2190,2190,2190.2,31,238,31
9:21:23,2190.4,2190,2190.4,151,134,13
9:21:23,2190.2,2190.2,2190.4,71,20,10
9:21:24,2190.2,2190.2,2190.4,18,13,12
9:21:24,2190.4,2190.2,2190.4,22,33,9
9:21:25,2190.4,2190.4,2190.6,41,17,32
9:21:25,2190.6,2190.4,2190.6,15,38,22
9:21:26,2190.4,2190.4,2190.6,17,34,15
9:21:26,2190.4,2190.2,2190.4,47,28,14
9:21:27,2190.4,2190.2,2190.4,24,18,4
9:21:27,2190.4,2190.2,2190.6,9,14,10
9:21:28,2190.6,2190.2,2190.6,8,14,8
9:21:28,2190.6,2190.2,2190.6,15,10,3
9:21:29,2190.2,2190,2190.4,24,125,1
9:21:29,2190.2,2190,2190.2,3,124,1
9:21:30,2190.4,2190.6,2190.8,14,5,15
9:21:30,2190.6,2190.4,2190.6,13,4,39
9:21:31,2190.6,2190,2190.4,40,115,1
9:21:31,2190.2,2190.2,2190.4,18,1,10
9:21:32,2190.2,2190,2190.2,21,115,8
9:21:32,2190.2,2190.2,2190.6,66,14,30
9:21:33,2190.2,2190,2190.2,18,117,15
9:21:33,2190,2190,2190.2,6,114,14
9:21:34,2190,2190,2190.2,6,110,12
9:21:34,2190,2190,2190.2,46,76,9
9:21:35,2190,2189.8,2190,94,16,63
9:21:35,2189.8,2189.2,2189.8,52,24,21
9:21:36,2189.2,2189.4,2189.6,32,2,12
9:21:36,2189.4,2189.4,2189.6,36,8,13
9:21:37,2189.6,2189.6,2189.8,37,28,8
9:21:37,2189.8,2189.8,2190,47,33,40
9:21:38,2189.8,2189.8,2190,4,68,26
9:21:38,2190.2,2190.2,2190.4,44,24,18
9:21:39,2190.2,2190.4,2190.6,32,1,31
9:21:39,2190.4,2190.2,2190.4,6,26,3
9:21:40,2190.4,2190.4,2190.6,19,4,15
9:21:40,2190.6,2190.2,2190.4,18,13,2
9:21:41,2190.2,2190.2,2190.4,17,8,5
9:21:41,2190.4,2190,2190.4,25,50,9
9:21:42,2190,2190,2190.2,4,62,1
9:21:42,2190.2,2190,2190.2,13,58,2
9:21:43,2190.2,2190.2,2190.4,10,21,1
9:21:43,2190.6,2190.6,2190.8,18,16,18
9:21:44,2190.6,2190.6,2190.8,4,25,20
9:21:44,2190.6,2190.6,2190.8,13,22,16
9:21:45,2190.4,2190.2,2190.8,40,43,10
9:21:45,2190.8,2190.8,2191,25,5,15
9:21:46,2190.8,2190.8,2191,7,7,14
9:21:46,2190.8,2190.6,2190.8,4,2,3
9:21:47,2190.8,2190.6,2190.8,7,23,3
9:21:47,2190.8,2190.6,2191,8,26,16
9:21:48,2191,2190.6,2191,9,25,15
9:21:48,2190.6,2190.6,2190.8,18,14,1
9:21:49,2190.8,2190.8,2191,2,1,8
9:21:49,2190.8,2190.8,2191,15,5,10
9:21:50,2190.6,2190.6,2191,22,16,41
9:21:51,2190.8,2190.6,2191,4,16,44
9:21:51,2190.8,2190.6,2190.8,3,18,24
9:21:52,2190.6,2190.6,2190.8,16,12,14
9:21:52,2190.8,2190.6,2190.8,1,22,17
9:21:53,2191,2190.6,2191,61,1,39
9:21:53,2190.8,2190.4,2190.8,4,7,1
9:21:54,2190.6,2190.4,2190.8,3,11,5
9:21:54,2190.4,2190.6,2190.8,11,1,9
9:21:55,2190.6,2190.4,2191,19,2,55
9:21:55,2190.4,2190.4,2190.6,4,2,9
9:21:56,2190.6,2190.4,2190.6,8,9,13
9:21:56,2190.4,2190.4,2190.6,3,31,11
9:21:57,2190.8,2190.4,2190.8,18,32,2
9:21:57,2190.8,2190.6,2190.8,2,14,4
9:21:58,2190.4,2190.8,2191,44,1,68
9:21:58,2190.8,2190.8,2191,1,3,68
9:21:59,2190.6,2190.6,2190.8,26,20,1
9:21:59,2190.8,2190.6,2190.8,1,22,3
9:22:00,2190.8,2190.6,2190.8,1,26,2
9:22:00,2190.8,2190.8,2191,15,7,45
9:22:01,2190.6,2190.6,2190.8,34,7,1
9:22:01,2190.8,2190.6,2190.8,13,13,20
9:22:02,2190.8,2190.6,2190.8,23,13,12
9:22:02,2190.8,2190.8,2191,20,5,36
9:22:03,2190.8,2190.6,2190.8,9,18,5
9:22:03,2190.6,2190.6,2190.8,2,16,5
9:22:04,2191,2190.6,2191,27,9,24
9:22:04,2190.8,2190.6,2190.8,24,9,4
9:22:05,2190.8,2190.6,2190.8,8,10,2
9:22:05,2190.8,2190.8,2191,12,3,17
9:22:06,2190.8,2190.6,2190.8,7,4,2
9:22:06,2190.6,2190.8,2191,10,1,15
9:22:07,2190.8,2190.8,2191,6,1,12
9:22:07,2190.8,2190.6,2191,1,41,51
9:22:08,2190.6,2190.6,2190.8,4,39,4
9:22:09,2191,2190.8,2191,41,3,36
9:22:09,2190.8,2190.8,2191,2,3,45
9:22:10,2190.8,2190.6,2190.8,8,26,6
9:22:10,2190.8,2190.6,2190.8,3,30,8
9:22:11,2190.6,2190.6,2190.8,11,20,8
9:22:11,2190.8,2190.6,2190.8,14,29,8
9:22:12,2190.8,2190.6,2190.8,25,9,8
9:22:12,2190.6,2190.6,2190.8,20,11,18
9:22:13,2190.8,2190.6,2190.8,3,12,18
9:22:13,2190.6,2190.6,2190.8,1,11,25
9:22:14,2190.6,2190.6,2190.8,18,4,21
9:22:14,2190.8,2190.6,2190.8,8,1,21
9:22:15,2190.8,2190.6,2190.8,1,2,21
9:22:15,2190.8,2190.6,2190.8,7,2,16
9:22:16,2190.8,2190.6,2190.8,4,6,14
9:22:16,2190.8,2190.6,2190.8,7,6,12
9:22:17,2190.8,2190.6,2190.8,2,9,10
9:22:17,2190.8,2190.6,2190.8,8,8,2
9:22:18,2190.6,2190.8,2191,36,19,7
9:22:18,2191,2190.8,2191,4,24,3
9:22:19,2191,2191,2191.2,6,27,19
9:22:19,2191,2191,2191.2,5,26,33
9:22:20,2191,2191,2191.2,26,22,24
9:22:20,2191.2,2191,2191.2,12,8,28
9:22:21,2191,2191,2191.2,8,1,24
9:22:21,2191.2,2190.8,2191.2,27,25,1
9:22:22,2191.2,2191.2,2191.4,5,6,102
9:22:22,2191.2,2191,2191.2,14,2,5
9:22:23,2191,2190.8,2191,10,25,17
9:22:24,2191,2190.8,2191,4,26,16
9:22:24,2191,2190.8,2191,8,22,16
9:22:25,2191,2190.8,2191,1,23,15
9:22:25,2191,2190.8,2191,5,23,10
9:22:26,2191,2190.8,2191,1,23,9
9:22:26,2191,2190.8,2191,4,31,5
9:22:27,2190.8,2190.8,2191,3,30,3
9:22:27,2191,2190.8,2191,6,36,5
9:22:28,2191,2190.8,2191,2,38,4
9:22:29,2190.8,2190.8,2191,13,26,13
9:22:30,2191,2190.8,2191,4,27,28
9:22:30,2191,2190.8,2191,6,26,27
9:22:31,2191,2190.8,2191,7,26,32
9:22:31,2191,2190.8,2191,29,4,31
9:22:32,2190.8,2190.6,2190.8,7,19,34
9:22:32,2190.6,2190.6,2190.8,8,17,27
9:22:33,2190.6,2190.6,2190.8,28,10,3
9:22:33,2190.6,2190.6,2190.8,2,27,4
9:22:34,2190.8,2190.8,2191,7,14,27
9:22:34,2190.8,2190.8,2191,6,11,25
9:22:35,2190.8,2190.8,2191,13,3,20
9:22:35,2191,2190.8,2191,1,3,25
9:22:36,2191,2190.6,2190.8,8,26,1
9:22:36,2190.6,2190.6,2190.8,3,23,2
9:22:37,2190.8,2190.6,2190.8,14,24,5
9:22:37,2190.8,2190.6,2190.8,3,23,4
9:22:38,2190.8,2190.6,2190.8,1,23,3
9:22:38,2190.8,2190.6,2190.8,1,23,2
9:22:39,2190.8,2190.6,2191,2,23,1
9:22:40,2190.6,2190.6,2190.8,4,22,2
9:22:41,2191,2191,2191.2,3,5,56
9:22:41,2191,2191,2191.2,1,4,56
9:22:42,2191,2190.8,2191.2,4,1,56
9:22:43,2190.8,2190.8,2191,1,3,13
9:22:43,2191,2190.8,2191,4,3,10
9:22:44,2191,2190.8,2191,1,4,31
9:22:44,2190.8,2190.8,2191,13,3,20
9:22:45,2191,2190.8,2191,1,3,19
9:22:45,2191.2,2191,2191.2,20,2,57
9:22:46,2191,2191,2191.2,1,2,58
9:22:46,2190.8,2190.8,2191.2,4,4,58
9:22:47,2191.2,2190.8,2191,1,6,13
9:22:48,2191,2191,2191.2,19,2,57
9:22:48,2191.2,2191,2191.2,1,3,56
9:22:49,2191,2191,2191.2,2,3,55
9:22:50,2191,2191,2191.2,6,2,51
9:22:50,2191.2,2190.8,2191.2,6,11,48
9:22:51,2191.2,2190.8,2191,1,11,3
9:22:51,2191,2190.8,2191,1,13,3
9:22:52,2190.8,2190.8,2191,3,13,1
9:22:52,2191,2190.8,2191,2,14,6
9:22:53,2191,2190.8,2191,3,12,6
9:22:53,2191,2190.8,2191,1,12,5
9:22:54,2191,2190.8,2191,11,11,6
9:22:55,2191,2190.8,2191,2,21,18
9:22:55,2191,2190.8,2191,1,21,17
9:22:56,2191,2190.8,2191,3,21,17
9:22:56,2191,2190.8,2191.2,20,21,54
9:22:57,2190.8,2190.8,2191.2,10,14,54
9:22:57,2191.2,2190.8,2191,1,14,1
9:22:58,2190.8,2190.8,2191,1,16,2
9:22:58,2191.2,2191,2191.2,7,1,49
9:22:59,2191,2191,2191.2,1,1,49
9:23:00,2191,2191,2191.2,2,2,49
9:23:00,2190.8,2191,2191.2,4,7,50
9:23:01,2191,2190.8,2191,30,11,18
9:23:01,2191,2190.8,2191,5,8,32
9:23:02,2190.8,2190.8,2191,15,6,29
9:23:02,2190.8,2190.6,2190.8,4,44,4
9:23:03,2190.6,2190.6,2191,3,41,30
9:23:03,2190.6,2190.6,2190.8,7,37,12
9:23:04,2190.6,2190.6,2190.8,33,35,6
9:23:04,2190.6,2190.6,2190.8,30,7,4
9:23:05,2191,2190.6,2191,18,1,15
9:23:05,2190.6,2190.4,2190.6,1,24,12
9:23:06,2190.6,2190.4,2190.6,1,25,18
9:23:06,2190.6,2190.6,2190.8,18,24,8
9:23:07,2190.6,2190.6,2190.8,6,25,3
9:23:07,2190.8,2190.8,2191,4,6,23
9:23:08,2190.8,2190.8,2191,4,2,23
9:23:08,2190.8,2190.8,2191,10,12,15
9:23:09,2191,2190.8,2191,7,30,30
9:23:10,2191,2190.8,2191,34,25,1
9:23:10,2191,2191,2191.2,8,1,65
9:23:11,2191.2,2191,2191.2,4,15,64
9:23:11,2191.2,2191,2191.2,1,26,63
9:23:12,2191.2,2191,2191.2,1,26,62
9:23:12,2191,2191,2191.2,62,31,3
9:23:13,2191.4,2191.2,2191.4,19,48,89
9:23:13,2191.4,2191.2,2191.4,4,55,85
9:23:14,2191.4,2191.2,2191.4,10,52,78
9:23:14,2191.4,2191.2,2191.4,54,52,25
9:23:15,2191.4,2191.2,2191.4,9,48,19
9:23:15,2191.4,2191.2,2191.4,11,46,8
9:23:16,2191.4,2191.2,2191.4,35,19,5
9:23:16,2191.4,2191.2,2191.4,6,10,8
9:23:17,2191.2,2191,2191.2,11,21,19
9:23:17,2191.2,2191,2191.2,3,20,18
9:23:18,2191.2,2191,2191.2,7,15,18
9:23:18,2191.2,2191,2191.2,3,15,16
9:23:19,2191.2,2191,2191.2,3,16,15
9:23:19,2191,2191,2191.2,11,5,14
9:23:20,2191.2,2191,2191.4,14,6,31
9:23:21,2191,2191,2191.2,1,7,3
9:23:21,2191.2,2191,2191.2,2,7,2
9:23:22,2191.4,2190.8,2191.4,14,17,32
9:23:23,2191.4,2191.2,2191.4,3,1,29
9:23:23,2191.4,2191.2,2191.4,3,8,27
9:23:24,2191.4,2191.2,2191.4,3,9,24
9:23:24,2191.4,2191.2,2191.4,5,7,21
9:23:25,2191.2,2191.2,2191.4,1,6,21
9:23:25,2191.2,2191.2,2191.4,4,6,18
9:23:26,2191.4,2191.2,2191.4,21,1,2
9:23:27,2191.4,2191.4,2191.6,7,33,31
9:23:28,2191.4,2191.4,2191.6,5,29,31
9:23:28,2191.4,2191.4,2191.6,20,11,32
9:23:29,2191.4,2191.4,2191.6,15,8,31
9:23:29,2191.4,2191.2,2191.4,9,1,11
9:23:30,2191.4,2191.2,2191.4,2,1,9
9:23:30,2191.4,2191.2,2191.4,5,1,6
9:23:31,2191.2,2191,2191.4,6,33,3
9:23:31,2191.4,2191,2191.4,2,31,7
9:23:32,2191.2,2191.2,2191.4,5,3,6
9:23:32,2191.2,2191,2191.4,5,34,10
9:23:33,2191,2191,2191.4,20,15,11
9:23:33,2191.4,2191,2191.4,20,1,10
9:23:34,2191.4,2191,2191.4,4,1,22
9:23:34,2191.2,2191,2191.2,15,2,4
9:23:35,2191,2191,2191.2,3,3,5
9:23:36,2191.4,2191.2,2191.4,6,1,20
9:23:36,2191.2,2191,2191.4,6,5,14
9:23:37,2191,2191.2,2191.4,1,7,4
9:23:38,2191.2,2191.2,2191.4,5,9,6
9:23:38,2191.4,2191.2,2191.4,3,19,3
9:23:39,2191.4,2191.4,2191.6,9,31,68
9:23:39,2191.4,2191.4,2191.6,1,31,68
9:23:40,2191.6,2191.4,2191.6,12,30,57
9:23:40,2191.4,2191.4,2191.6,14,21,52
9:23:41,2191.6,2191.4,2191.6,24,20,29
9:23:41,2191.4,2191.4,2191.6,16,5,31
9:23:42,2191.4,2191.4,2191.6,3,5,33
9:23:42,2191.4,2191.2,2191.4,9,20,28
9:23:43,2191.4,2191.2,2191.4,6,10,26
9:23:43,2191.4,2191.2,2191.4,2,7,47
9:23:44,2191.2,2191,2191.2,9,11,9
9:23:44,2191,2191,2191.2,3,10,14
9:23:45,2191,2191,2191.2,10,7,12
9:23:45,2191,2190.8,2191,9,27,12
9:23:46,2190.8,2190.8,2191,6,22,12
9:23:46,2191,2190.8,2191,10,21,4
9:23:47,2191,2191,2191.2,26,6,9
9:23:47,2191,2191,2191.2,1,22,9
9:23:48,2191,2191,2191.2,8,17,22
9:23:49,2191,2191,2191.2,2,17,22
9:23:49,2191,2190.8,2191,17,5,1
9:23:50,2191,2190.8,2191.2,4,4,23
9:23:50,2191.2,2191,2191.2,5,1,23
9:23:51,2191,2190.8,2191.2,1,5,23
9:23:51,2191.2,2190.8,2191,22,3,2
9:23:52,2191,2190.8,2191,3,3,1
9:23:52,2191,2190.8,2191,1,3,9
9:23:53,2190.8,2190.8,2191,1,2,9
9:23:53,2191,2190.8,2191,2,3,10
9:23:54,2190.8,2190.8,2191,1,8,11
9:23:54,2191,2190.8,2191,11,9,4
9:23:55,2191,2190.8,2191,2,9,3
9:23:55,2191,2190.8,2191,2,23,3
9:23:56,2191,2190.8,2191,3,23,1
9:23:57,2190.8,2190.8,2191,10,13,20
9:23:57,2190.8,2190.8,2191,4,12,19
9:23:58,2190.8,2190.6,2190.8,15,75,16
9:23:58,2190.8,2190.6,2190.8,4,74,13
9:23:59,2190.6,2190.6,2190.8,1,73,14
9:23:59,2190.6,2190.6,2190.8,3,72,14
9:24:00,2190.6,2190.6,2190.8,9,65,16
9:24:00,2190.6,2190.6,2190.8,28,39,14
9:24:01,2190.4,2190.4,2190.6,44,27,22
9:24:01,2190.2,2190.2,2190.4,35,52,7
9:24:02,2190.4,2190.2,2190.4,6,49,18
9:24:02,2190.2,2190.2,2190.4,21,28,22
9:24:03,2190.2,2190.2,2190.4,11,18,21
9:24:03,2190.2,2190.2,2190.4,7,13,20
9:24:04,2190.4,2190.2,2190.4,3,12,19
9:24:04,2190.4,2190,2190.4,63,85,14
9:24:05,2190,2190.2,2190.4,6,11,10
9:24:05,2190.4,2190.2,2190.4,12,11,4
9:24:06,2190.4,2190.2,2190.4,4,12,3
9:24:06,2190.4,2190.2,2190.4,4,13,1
9:24:07,2190.2,2190.4,2190.6,5,1,22
9:24:07,2190.4,2190.4,2190.6,4,6,22
9:24:08,2190.4,2190.4,2190.6,2,9,22
9:24:09,2190.4,2190.4,2190.6,1,9,20
9:24:10,2190.4,2190.4,2190.6,4,22,17
9:24:10,2190.6,2190.6,2190.8,19,7,11
9:24:11,2190.8,2190.6,2190.8,7,6,8
9:24:11,2190.8,2190.6,2190.8,8,18,2
9:24:12,2190.8,2190.8,2191,9,1,32
9:24:12,2191,2190.6,2191,7,24,27
9:24:13,2191,2190.8,2191,1,1,26
9:24:13,2191,2190.8,2191,8,1,18
9:24:14,2191,2190.6,2191,3,27,17
9:24:14,2191,2190.8,2191,2,1,16
9:24:15,2191,2190.8,2191,4,4,14
9:24:15,2191,2190.8,2191,3,3,16
9:24:16,2191,2190.8,2191,1,6,21
9:24:17,2190.8,2190.8,2191,6,3,19
9:24:17,2190.6,2190.6,2191,13,31,12
9:24:18,2191,2190.8,2191,2,26,10
9:24:19,2191,2190.8,2191,6,22,8
9:24:19,2191,2190.8,2191,10,22,2
9:24:20,2191,2191,2191.2,2,2,61
9:24:20,2191,2190.8,2191.2,2,22,61
9:24:21,2190.8,2190.8,2191.2,1,21,60
9:24:21,2191,2190.8,2191,2,21,7
9:24:22,2190.8,2190.8,2191,2,19,6
9:24:22,2191,2190.8,2191,1,19,5
9:24:23,2191,2191,2191.2,6,5,62
9:24:24,2191,2191,2191.2,4,4,62
9:24:24,2190.8,2191,2191.2,5,7,62
9:24:25,2191.2,2191,2191.2,3,10,59
9:24:26,2191.2,2191,2191.2,14,7,59
9:24:26,2191,2191,2191.2,1,6,59
9:24:27,2191.2,2191,2191.2,3,6,57
9:24:27,2191.2,2191,2191.2,23,1,56
9:24:28,2191.2,2191,2191.2,4,1,52
9:24:28,2191,2190.8,2191,3,8,20
9:24:29,2191,2190.8,2191,4,8,19
9:24:29,2191,2190.8,2191,4,8,15
9:24:30,2191,2190.8,2191,3,8,13
9:24:30,2191,2190.8,2191,4,7,10
9:24:31,2191,2190.8,2191,1,7,19
9:24:31,2190.6,2190.6,2191,11,33,18
9:24:32,2190.8,2190.6,2191,1,49,21
9:24:32,2190.8,2190.6,2190.8,7,47,19
9:24:33,2190.8,2190.6,2190.8,4,46,17
9:24:33,2190.8,2190.6,2190.8,6,43,16
9:24:34,2190.8,2190.6,2190.8,1,45,15
9:24:34,2190.8,2190.6,2190.8,2,52,13
9:24:35,2190.6,2190.6,2190.8,21,32,12
9:24:35,2190.8,2190.6,2190.8,4,33,13
9:24:36,2190.6,2190.6,2190.8,16,30,12
9:24:36,2190.8,2190.6,2190.8,11,26,6
9:24:37,2190.8,2190.8,2191,14,18,40
9:24:38,2190.8,2190.6,2190.8,19,28,1
9:24:39,2190.8,2190.6,2191,2,29,40
9:24:39,2190.6,2190.6,2191,7,29,35
9:24:40,2191,2190.6,2191,1,29,34
9:24:40,2190.6,2190.6,2191,2,27,34
9:24:41,2190.6,2190.8,2191,1,1,34
9:24:41,2190.6,2190.6,2191,7,20,35
9:24:42,2190.6,2190.6,2191,3,38,37
9:24:43,2190.6,2190.6,2191,16,37,24
9:24:44,2191,2190.6,2191,14,36,20
9:24:44,2191,2190.6,2190.8,12,38,2
9:24:45,2191,2190.6,2190.8,2,38,1
9:24:45,2190.8,2190.6,2190.8,2,41,12
9:24:46,2190.6,2190.6,2190.8,9,35,10
9:24:46,2190.6,2190.6,2190.8,4,33,9
9:24:47,2190.8,2190.6,2190.8,2,39,7
9:24:47,2190.8,2190.6,2190.8,4,38,5
9:24:48,2190.6,2190.6,2190.8,8,30,7
9:24:48,2190.8,2190.6,2190.8,18,20,3
9:24:49,2190.6,2190.6,2190.8,2,21,2
9:24:49,2190.6,2190.6,2190.8,10,12,5
9:24:50,2190.6,2190.6,2190.8,11,2,5
9:24:50,2190.6,2190.4,2190.6,4,34,1
9:24:51,2190.6,2190.6,2190.8,1,1,9
9:24:52,2190.6,2190.4,2190.8,2,36,12
9:24:53,2190.8,2190.6,2190.8,2,3,16
9:24:53,2190.8,2190.6,2190.8,3,3,13
9:24:54,2190.6,2190.6,2190.8,3,8,19
9:24:54,2190.6,2190.6,2190.8,6,4,19
9:24:55,2190.8,2190.6,2190.8,6,8,11
9:24:55,2190.8,2190.6,2190.8,1,8,10
9:24:56,2190.6,2190.4,2190.6,13,40,17
9:24:56,2190.6,2190.4,2190.6,15,40,3
9:24:57,2190.4,2190.4,2190.8,5,39,10
9:24:58,2190.6,2190.6,2190.8,4,5,10
9:24:58,2190.6,2190.6,2190.8,55,13,10
9:24:59,2190.6,2190.6,2190.8,4,14,7
9:24:59,2190.6,2190.6,2190.8,9,27,6
9:25:00,2190.8,2190.8,2191,27,4,30
9:25:00,2190.8,2190.6,2191,10,4,29
9:25:01,2190.6,2190.6,2190.8,2,3,1
9:25:01,2190.6,2190.6,2190.8,2,2,5
9:25:02,2190.6,2190.4,2190.6,5,4,2
9:25:02,2190.4,2190.4,2190.6,2,4,1
9:25:03,2190.4,2190.4,2190.6,2,3,10
9:25:03,2190.2,2190.2,2190.6,16,36,8
9:25:04,2190.6,2190.2,2190.6,2,39,7
9:25:04,2190.4,2190.4,2190.6,4,1,5
9:25:05,2190.2,2190.2,2190.6,14,30,1
9:25:05,2190.6,2190.2,2190.6,2,31,2
9:25:06,2190.4,2190.4,2190.6,5,11,4
9:25:06,2190.2,2190.4,2190.6,3,3,3
9:25:07,2190.6,2190.4,2190.6,1,3,5
9:25:07,2190.4,2190.2,2190.6,7,26,5
9:25:08,2190.4,2190.4,2190.6,1,1,14
9:25:08,2190.4,2190.2,2190.6,1,27,14
9:25:09,2190.4,2190.2,2190.4,8,27,64
9:25:09,2190.2,2190,2190.2,33,140,17
9:25:10,2190.2,2190,2190.2,129,19,27
9:25:10,2189.8,2189.8,2190,22,36,39
9:25:11,2190,2189.8,2190,37,11,35
9:25:11,2189.8,2189.6,2189.8,16,20,1
9:25:12,2189.6,2189.8,2190,15,26,36
9:25:12,2189.8,2189.8,2190,23,19,21
9:25:13,2189.8,2190,2190.2,33,7,9
9:25:13,2189.8,2190,2190.2,17,14,9
9:25:14,2190,2190,2190.2,12,11,5
9:25:14,2190.4,2190.2,2190.4,13,5,62
9:25:15,2190.2,2190.2,2190.4,6,5,63
9:25:15,2190.2,2190.2,2190.4,3,4,63
9:25:16,2190.4,2190,2190.4,13,10,60
9:25:16,2190.4,2190.2,2190.4,2,2,62
9:25:17,2190.2,2190.2,2190.4,2,1,62
9:25:17,2190.2,2190,2190.2,5,13,6
9:25:18,2190,2190,2190.2,3,14,4
9:25:18,2190.2,2190,2190.2,8,16,4
9:25:19,2190,2190,2190.2,2,16,3
9:25:19,2190.2,2190,2190.2,2,17,4
9:25:20,2190,2190,2190.2,4,15,3
9:25:21,2190.2,2190.2,2190.4,26,18,71
9:25:21,2190.2,2190,2190.2,19,17,23
9:25:22,2190,2190,2190.2,13,6,22
9:25:22,2190,2190,2190.2,3,6,22
9:25:23,2190.2,2190,2190.2,2,10,24
9:25:23,2190,2190,2190.2,8,17,28
9:25:24,2190.2,2190,2190.2,13,9,26
9:25:24,2190,2190,2190.2,5,25,30
9:25:25,2190.2,2190,2190.2,2,25,34
9:25:25,2190.2,2190,2190.2,14,26,20
9:25:26,2190,2189.8,2190,47,18,9
9:25:26,2190,2189.8,2190,6,18,3
9:25:27,2190,2190,2190.2,6,5,25
9:25:28,2190,2189.8,2190,18,20,5
9:25:28,2189.8,2189.8,2190,4,18,13
9:25:29,2190,2189.8,2190,8,17,6
9:25:29,2190,2189.8,2190,3,13,5
9:25:30,2190,2189.8,2190,4,12,4
9:25:30,2190,2190,2190.2,6,1,25
9:25:31,2190.2,2190,2190.2,2,15,26
9:25:31,2190,2190,2190.2,8,9,26
9:25:32,2190,2190,2190.2,7,15,22
9:25:32,2190.2,2190,2190.2,2,26,20
9:25:33,2190.2,2190.2,2190.4,22,4,65
9:25:33,2190.2,2190.2,2190.4,3,20,66
9:25:34,2190.2,2190.2,2190.4,64,26,5
9:25:34,2190.4,2190.4,2190.6,7,57,31
9:25:35,2190.6,2190.6,2190.8,35,2,13
9:25:35,2190.6,2190.8,2191,35,2,33
9:25:36,2190.8,2190.8,2191,7,14,31
9:25:36,2190.8,2190.8,2191,4,13,30
9:25:37,2191,2190.8,2191,8,18,24
9:25:37,2191,2190.8,2191,6,16,19
9:25:38,2190.8,2190.8,2191,2,15,19
9:25:38,2191,2190.8,2191,11,14,10
9:25:39,2191,2190.8,2191,9,14,4
9:25:39,2190.8,2190.8,2191,7,19,24
9:25:40,2191,2190.8,2191,20,4,20
9:25:40,2190.8,2190.8,2191,3,3,28
9:25:41,2191,2190.8,2191,14,3,15
9:25:41,2190.8,2190.6,2191,7,8,13
9:25:42,2191,2190.8,2191,5,1,8
9:25:42,2191,2190.6,2191,3,7,9
9:25:43,2191,2190.6,2191,5,9,7
9:25:43,2191,2190.6,2191,6,6,7
9:25:44,2190.8,2190.6,2190.8,9,7,1
9:25:44,2190.6,2190.4,2190.6,15,33,30
9:25:45,2190.6,2190.4,2190.6,8,32,22
9:25:45,2190.6,2190.4,2190.6,1,29,22
9:25:46,2190.6,2190.4,2190.6,20,14,7
9:25:46,2190.8,2190.4,2190.6,9,15,2
9:25:47,2190.8,2190.6,2190.8,4,1,2
9:25:47,2190.8,2190.6,2190.8,1,5,1
9:25:48,2190.8,2190.8,2191,2,2,24
9:25:48,2191,2190.8,2191,2,8,26
9:25:49,2191,2190.8,2191,8,7,20
9:25:49,2191,2190.8,2191,3,17,19
9:25:50,2191,2190.8,2191,3,35,36
9:25:51,2191,2190.8,2191,8,30,35
9:25:51,2191,2190.8,2191,3,31,33
9:25:52,2191,2191,2191.2,33,8,73
9:25:52,2191,2191,2191.2,3,13,73
9:25:53,2191.2,2191,2191.2,1,16,73
9:25:53,2191,2191,2191.2,5,15,81
9:25:54,2191.2,2191,2191.2,7,17,75
9:25:54,2191,2191,2191.2,12,20,65
9:25:55,2191,2191,2191.2,3,21,63
9:25:55,2191.2,2191,2191.2,19,14,55
9:25:56,2191.2,2191,2191.2,6,12,52
9:25:56,2191.2,2191,2191.2,17,13,36
9:25:57,2191,2190.8,2191.2,32,30,27
9:25:57,2191.2,2190.8,2191.2,13,30,15
9:25:58,2191,2191,2191.2,9,6,9
9:25:58,2191.4,2191.2,2191.4,12,1,40
9:25:59,2191.4,2191.2,2191.4,3,4,38
9:25:59,2191.2,2191.2,2191.4,8,2,33
9:26:00,2191.2,2191.2,2191.4,4,3,30
9:26:00,2191.2,2191.2,2191.4,2,3,30
9:26:01,2191.4,2191,2191.2,6,21,2
9:26:01,2191.2,2191,2191.2,14,15,10
9:26:02,2191,2191,2191.2,2,14,37
9:26:02,2191.2,2191,2191.2,4,17,37
9:26:03,2191,2190.8,2191,22,26,36
9:26:03,2191,2190.8,2191,1,35,35
9:26:04,2191,2190.8,2191,2,35,33
9:26:04,2190.8,2190.8,2191,2,34,33
9:26:05,2191,2190.8,2191,2,33,34
9:26:05,2190.8,2190.8,2191,5,32,30
9:26:06,2190.8,2190.8,2191,1,31,30
9:26:06,2191,2190.8,2191,21,11,31
9:26:07,2190.8,2190.8,2191,1,10,11
9:26:07,2190.8,2190.8,2191,6,11,10
9:26:08,2191,2190.8,2191,4,24,7
9:26:08,2191.2,2191,2191.2,8,9,50
9:26:09,2191.2,2191,2191.2,15,20,41
9:26:10,2191,2191,2191.2,4,17,40
9:26:10,2191,2191,2191.2,2,15,43
9:26:11,2191,2191,2191.2,10,11,42
9:26:11,2191.2,2191,2191.2,5,8,42
9:26:12,2191,2191,2191.2,1,9,49
9:26:12,2191,2191,2191.2,1,18,50
9:26:13,2191.2,2191,2191.2,3,19,48
9:26:13,2191.2,2191,2191.2,3,34,45
9:26:14,2191,2191,2191.2,3,43,45
9:26:14,2191.2,2191,2191.2,15,32,42
9:26:15,2191.2,2191.2,2191.4,42,8,57
9:26:15,2191.2,2191,2191.2,12,32,29
9:26:16,2191.2,2191,2191.2,5,39,28
9:26:16,2191.2,2191,2191.2,1,99,40
9:26:17,2191.2,2191,2191.2,1,99,38
9:26:17,2191.2,2191,2191.2,26,96,13
9:26:18,2191.2,2191,2191.2,21,88,3
9:26:18,2191.2,2191,2191.4,3,88,94
9:26:19,2191.4,2191.2,2191.4,12,1,84
9:26:19,2191.2,2191.2,2191.4,32,1,82
9:26:20,2191.4,2191.2,2191.4,5,15,81
9:26:20,2191.2,2191.2,2191.4,3,14,79
9:26:21,2191.2,2191.2,2191.4,7,17,76
9:26:21,2191.2,2191.2,2191.4,11,8,74
9:26:22,2191.2,2191.2,2191.4,7,3,73
9:26:22,2191.4,2191.2,2191.4,1,3,72
9:26:23,2191.4,2191.2,2191.4,4,2,69
9:26:23,2191.4,2191.2,2191.4,3,13,66
9:26:24,2191.4,2191.2,2191.4,24,12,45
9:26:24,2191.4,2191.2,2191.4,7,11,40
9:26:25,2191.2,2191.2,2191.4,31,12,12
9:26:25,2191.4,2191.2,2191.4,8,13,4
9:26:26,2191.2,2191.2,2191.6,17,11,48
9:26:26,2191.6,2191.4,2191.6,2,4,46
9:26:27,2191.4,2191.4,2191.6,5,3,43
9:26:27,2191.6,2191.2,2191.6,14,20,34
9:26:28,2191.4,2191.4,2191.6,24,3,12
9:26:28,2191.6,2191.4,2191.6,10,9,4
9:26:29,2191.6,2191.6,2191.8,5,6,43
9:26:29,2191.6,2191.4,2191.8,12,9,47
9:26:30,2191.6,2191.6,2191.8,17,7,36
9:26:30,2191.6,2191.4,2191.6,11,9,4
9:26:31,2191.8,2191.6,2191.8,22,2,23
9:26:31,2191.8,2191.4,2191.8,15,15,22
9:26:32,2191.6,2191.4,2191.6,15,15,7
9:26:32,2191.6,2191.4,2191.6,17,10,2
9:26:33,2191.6,2191.4,2191.6,11,10,2
9:26:33,2191.6,2191.4,2191.6,3,11,11
9:26:34,2191.6,2191.4,2191.6,4,11,12
9:26:34,2191.6,2191.4,2191.6,12,5,8
9:26:35,2191.6,2191.4,2191.6,6,6,6
9:26:35,2191.6,2191.4,2191.6,6,2,5
9:26:36,2191.6,2191.4,2191.6,3,3,21
9:26:36,2191.4,2191.2,2191.4,6,51,2
9:26:37,2191.6,2191.4,2191.6,7,1,19
9:26:37,2191.6,2191.4,2191.6,22,2,19
9:26:38,2191.4,2191.2,2191.4,12,48,15
9:26:38,2191.6,2191.6,2191.8,38,10,36
9:26:39,2191.6,2191.6,2191.8,2,8,37
9:26:39,2191.8,2191.6,2191.8,20,3,23
9:26:40,2191.6,2191.4,2191.6,5,9,1
9:26:40,2191.8,2191.6,2191.8,11,2,13
9:26:41,2191.6,2191.4,2191.6,3,19,1
9:26:41,2191.4,2191.6,2191.8,6,1,16
9:26:42,2191.4,2191.4,2191.6,7,18,1
9:26:42,2191.8,2191.4,2191.6,4,18,3
9:26:43,2191.4,2191.4,2191.6,1,17,7
9:26:43,2191.6,2191.4,2191.6,5,14,6
9:26:44,2191.6,2191.4,2191.6,4,16,5
9:26:44,2191.6,2191.6,2191.8,12,2,16
9:26:45,2191.4,2191.4,2191.8,8,19,17
9:26:45,2191.6,2191.4,2191.6,2,20,15
9:26:46,2191.6,2191.4,2191.6,2,22,19
9:26:46,2191.4,2191.4,2191.6,1,22,23
9:26:47,2191.4,2191.2,2191.4,31,69,7
9:26:47,2191.4,2191.2,2191.4,1,70,7
9:26:48,2191.4,2191.2,2191.4,4,71,3
9:26:48,2191.4,2191.2,2191.6,4,71,85
9:26:49,2191.6,2191.2,2191.6,15,59,88
9:26:49,2191.6,2191.2,2191.4,4,58,4
9:26:50,2191.6,2191.2,2191.6,9,55,87
9:26:50,2191.4,2191.4,2191.6,3,2,129
9:26:51,2191.6,2191.4,2191.6,10,5,124
9:26:51,2191.2,2191.2,2191.4,19,52,44
9:26:52,2191.2,2191.2,2191.4,40,12,45
9:26:52,2191.2,2191,2191.2,16,36,14
9:26:53,2191.2,2191,2191.2,11,36,58
9:26:53,2191,2191,2191.2,25,15,55
9:26:54,2191,2190.8,2191,27,21,29
9:26:54,2191,2190.8,2191,1,21,106
9:26:55,2190.8,2190.6,2190.8,36,4,11
9:26:55,2190.8,2190.4,2190.8,8,15,17
9:26:56,2190.8,2190.2,2190.8,22,74,15
9:26:56,2190.8,2190.2,2190.4,3,88,1
9:26:57,2190.2,2190.2,2190.4,31,57,1
9:26:57,2190.4,2190.4,2190.8,17,11,21
9:26:58,2190.4,2190.4,2190.8,4,10,16
9:26:58,2190.2,2190.2,2190.4,58,16,33
9:26:59,2190.2,2190.2,2190.4,9,8,33
9:26:59,2190.2,2190,2190.2,8,51,4
9:27:00,2190,2190,2190.2,39,16,2
9:27:00,2189.8,2189.8,2190,27,20,29
9:27:01,2189.8,2189.6,2189.8,43,12,20
9:27:01,2189.6,2189.4,2189.6,26,17,17
9:27:02,2189.2,2189.2,2189.4,30,23,4
9:27:02,2189,2189,2189.2,52,90,5
9:27:03,2189.2,2189,2189.4,41,80,15
9:27:03,2189.2,2189.2,2189.4,42,4,18
9:27:04,2189.4,2189.2,2189.4,59,6,1
9:27:04,2189.2,2189.2,2189.4,20,23,2
9:27:05,2189.4,2189.4,2189.6,33,17,30
9:27:05,2189.6,2189.4,2189.6,30,18,26
9:27:06,2189.4,2189.4,2189.6,12,11,31
9:27:06,2189.4,2189.2,2189.4,32,54,1
9:27:07,2189.2,2189.2,2189.4,29,33,2
9:27:07,2189.2,2189.2,2189.4,20,22,2
9:27:08,2189.4,2189.2,2189.4,18,17,3
9:27:08,2189.4,2189,2189.2,26,52,14
9:27:09,2189,2189,2189.2,34,23,10
9:27:09,2188.8,2189.4,2189.6,114,1,7
9:27:10,2189,2188.8,2189,26,11,3
9:27:10,2189,2189,2189.2,37,23,6
9:27:11,2189.2,2189.2,2189.4,41,41,32
9:27:11,2189.4,2189.2,2189.4,55,27,3
9:27:12,2189.4,2189.4,2189.6,31,1,5
9:27:12,2189.4,2189.4,2189.6,28,4,1
9:27:13,2189.4,2189.2,2189.4,8,17,3
9:27:13,2189.2,2189.2,2189.4,5,19,3
9:27:14,2189.8,2189.4,2189.8,22,1,51
9:27:14,2189.2,2189.2,2189.4,4,25,1
9:27:15,2189.4,2189.2,2189.6,9,18,1
9:27:15,2189.2,2189.2,2189.8,8,14,57
9:27:16,2189.8,2189.4,2189.8,52,5,23
9:27:16,2189.4,2189.4,2189.6,3,8,4
9:27:17,2189.6,2189.4,2189.6,3,13,3
9:27:17,2189.4,2189.4,2189.8,6,10,10
9:27:18,2189.8,2189.4,2189.8,12,13,5
9:27:18,2189.6,2189.8,2190,9,1,12
9:27:19,2189.6,2189.6,2189.8,2,25,1
9:27:19,2189.8,2189.6,2189.8,1,29,17
9:27:20,2189.6,2189.6,2189.8,18,19,3
9:27:20,2190,2189.8,2190,24,1,18
9:27:21,2190,2189.8,2190,14,10,18
9:27:21,2189.8,2189.8,2190,1,17,19
9:27:22,2190,2189.8,2190,6,22,16
9:27:22,2190,2189.8,2190,12,21,5
9:27:23,2190,2189.8,2190,2,22,4
9:27:23,2190,2190,2190.2,8,13,14
9:27:24,2190.2,2190,2190.2,13,14,3
9:27:24,2190,2190,2190.2,8,6,3
9:27:25,2189.8,2189.8,2190,18,9,1
9:27:25,2190.2,2190,2190.2,5,2,5
9:27:26,2190,2190,2190.2,3,10,21
9:27:26,2190,2190,2190.2,5,8,19
9:27:27,2190,2190,2190.2,5,6,24
9:27:27,2190.2,2190,2190.2,2,6,23
9:27:28,2190.2,2190,2190.2,11,4,14
9:27:28,2190,2190,2190.2,8,30,13
9:27:29,2190.2,2190.2,2190.4,18,10,56
9:27:29,2190.4,2190,2190.4,25,26,44
9:27:30,2190.4,2190.2,2190.4,3,5,41
9:27:30,2190.2,2190.2,2190.4,4,7,39
9:27:31,2190.4,2190.2,2190.4,9,3,34
9:27:31,2190.4,2190.2,2190.4,12,1,25
9:27:32,2190.4,2190.2,2190.4,13,3,13
9:27:32,2190.4,2190.2,2190.4,7,17,7
9:27:33,2190.4,2190.2,2190.4,4,20,8
9:27:33,2190.2,2190.2,2190.4,8,18,2
9:27:34,2190.4,2190.2,2190.6,3,17,10
9:27:34,2190.2,2190,2190.2,24,39,3
9:27:35,2190.4,2190,2190.2,8,39,12
9:27:35,2190.2,2190,2190.2,8,40,14
9:27:36,2190.2,2190,2190.2,13,36,7
9:27:36,2190.2,2190,2190.2,7,31,6
9:27:37,2190,2189.8,2190,34,18,2
9:27:37,2189.8,2189.8,2190,6,17,23
9:27:38,2189.8,2189.8,2190,12,13,26
9:27:38,2189.8,2189.8,2190,2,9,28
9:27:39,2190,2189.8,2190,4,7,17
9:27:39,2189.8,2189.6,2189.8,8,12,2
9:27:40,2189.8,2189.6,2189.8,4,9,2
9:27:40,2189.6,2189.6,2189.8,2,8,2
9:27:41,2189.8,2189.6,2189.8,2,8,24
9:27:41,2189.6,2189.4,2189.6,8,14,9
9:27:42,2189.6,2189.4,2189.6,1,14,14
9:27:42,2189.6,2189.4,2189.6,12,13,9
9:27:43,2189.6,2189.2,2189.6,18,60,10
9:27:43,2189.6,2189.2,2189.6,1,62,9
9:27:44,2189.4,2189.2,2189.4,5,63,6
9:27:44,2189.2,2189.2,2189.4,13,61,4
9:27:45,2189.4,2189.2,2189.4,9,55,21
9:27:45,2189.2,2189.2,2189.4,9,46,27
9:27:46,2189.2,2189.2,2189.4,25,21,27
9:27:46,2189.2,2189,2189.2,64,39,11
9:27:47,2189,2189,2189.2,19,29,16
9:27:47,2189,2189,2189.2,15,16,14
9:27:48,2189,2189,2189.2,5,16,17
9:27:48,2189.2,2189,2189.2,12,23,16
9:27:49,2189,2189,2189.2,16,29,16
9:27:49,2189.2,2189,2189.2,7,30,11
9:27:50,2189,2189,2189.2,8,27,15
9:27:50,2189,2189,2189.2,18,27,11
9:27:51,2189.4,2189,2189.4,14,34,2
9:27:51,2189.2,2189,2189.2,6,33,5
9:27:52,2189,2189,2189.2,4,32,2
9:27:52,2189.2,2189,2189.2,8,48,1
9:27:53,2189.2,2189.2,2189.6,6,1,3
9:27:53,2189.2,2189.2,2189.4,7,28,2
9:27:54,2189.4,2189.4,2189.6,5,18,3
9:27:54,2189.4,2189.4,2189.6,3,24,2
9:27:55,2189.4,2189.4,2189.6,2,64,4
9:27:55,2189.6,2189.4,2189.6,26,43,1
9:27:56,2189.6,2189.6,2189.8,5,27,10
9:27:56,2189.6,2189.6,2189.8,13,42,3
9:27:57,2189.6,2189.6,2189.8,4,40,7
9:27:57,2189.8,2189.6,2189.8,6,40,5
9:27:58,2189.6,2189.6,2189.8,2,38,5
9:27:58,2189.8,2189.6,2189.8,4,39,3
9:27:59,2189.6,2189.6,2189.8,6,27,9
9:27:59,2189.8,2189.8,2190,20,11,33
9:28:00,2189.8,2189.8,2190,3,15,49
9:28:00,2190,2189.8,2190,11,13,47
9:28:01,2189.8,2189.8,2190,3,11,48
9:28:01,2190,2189.8,2190,8,14,34
9:28:02,2190,2189.8,2190,9,20,33
9:28:02,2190,2190,2190.2,35,3,10
9:28:03,2190.2,2190,2190.2,10,1,2
9:28:03,2190.2,2190,2190.2,2,11,4
9:28:04,2190.2,2190.2,2190.4,5,41,7
9:28:04,2190.6,2190.2,2190.6,27,31,9
9:28:05,2190.6,2190.4,2190.6,1,8,8
9:28:05,2190.8,2190.4,2190.8,11,7,23
9:28:06,2190.8,2190.4,2190.8,4,8,21
9:28:06,2190.6,2190.4,2190.6,10,9,1
9:28:07,2190.6,2190.4,2190.8,5,10,22
9:28:07,2190.8,2190.6,2190.8,3,1,20
9:28:08,2190.4,2190.4,2190.6,20,2,38
9:28:08,2190.6,2190.2,2190.4,11,31,1
9:28:09,2190.2,2190.2,2190.4,2,32,4
9:28:09,2190.4,2190.2,2190.4,1,32,22
9:28:10,2190.4,2190.2,2190.4,12,23,10
9:28:10,2190.2,2190.2,2190.4,7,22,7
9:28:11,2190.4,2190.2,2190.4,4,22,4
9:28:11,2190.2,2190.2,2190.4,1,23,14
9:28:12,2190.4,2190.2,2190.4,1,31,13
9:28:12,2190.2,2190.2,2190.6,46,5,39
9:28:13,2190.4,2190.2,2190.6,4,6,39
9:28:13,2190.4,2190.2,2190.6,2,7,40
9:28:14,2190.2,2190.2,2190.6,3,11,40
9:28:15,2190.4,2190.2,2190.4,7,13,4
9:28:16,2190.2,2190.2,2190.4,1,14,9
9:28:16,2190.4,2190.2,2190.4,2,16,8
9:28:17,2190.2,2190.2,2190.4,1,15,9
9:28:17,2190.4,2190.2,2190.4,1,15,8
9:28:18,2190.4,2190.2,2190.4,1,16,8
9:28:18,2190.2,2190.2,2190.4,8,8,7
9:28:19,2190.4,2190.2,2190.4,2,8,7
9:28:19,2190.2,2190.2,2190.4,1,7,17
9:28:20,2190.4,2190.2,2190.4,2,8,16
9:28:20,2190.2,2190.2,2190.4,7,3,14
9:28:21,2190.4,2190.2,2190.4,6,4,10
9:28:21,2190.4,2190.2,2190.4,2,3,19
9:28:22,2190.4,2190.2,2190.4,3,2,16
9:28:22,2190.2,2190.2,2190.4,2,1,15
9:28:23,2190.4,2190.2,2190.4,1,1,14
9:28:23,2190.2,2190.2,2190.4,1,1,14
9:28:24,2190.4,2190.2,2190.4,1,1,15
9:28:24,2190.4,2190.2,2190.4,3,6,16
9:28:25,2190.2,2190.2,2190.4,4,2,32
9:28:25,2190.4,2190.2,2190.4,1,4,56
9:28:26,2190.2,2190.2,2190.4,2,4,56
9:28:26,2190.2,2190,2190.2,6,31,29
9:28:27,2190.2,2190,2190.2,4,33,26
9:28:27,2190,2190,2190.2,23,14,23
9:28:28,2190,2190,2190.2,22,12,3
9:28:28,2190,2190,2190.2,4,10,7
9:28:29,2190,2189.8,2190,12,19,8
9:28:29,2190,2190,2190.2,9,9,12
9:28:30,2190.2,2190,2190.2,8,5,5
9:28:30,2190.2,2190,2190.2,1,7,5
9:28:31,2190,2190,2190.2,1,13,5
9:28:31,2190,2190,2190.2,1,12,9
9:28:32,2190.2,2190,2190.2,5,20,12
9:28:33,2190,2190,2190.2,5,16,11
9:28:33,2190.2,2190,2190.2,3,15,10
9:28:34,2190.2,2190.2,2190.4,10,35,63
9:28:34,2190.4,2190.2,2190.4,6,37,62
9:28:35,2190.4,2190.2,2190.4,3,39,74
9:28:36,2190.2,2190.2,2190.4,43,37,33
9:28:36,2190.2,2190.2,2190.4,5,36,30
9:28:37,2190.4,2190.4,2190.6,44,3,66
9:28:37,2190.6,2190.4,2190.6,1,4,65
9:28:38,2190.4,2190.4,2190.6,5,7,76
9:28:39,2190.6,2190.4,2190.6,4,7,75
9:28:40,2190.6,2190.4,2190.6,1,9,75
9:28:40,2190.4,2190.4,2190.6,17,5,69
9:28:41,2190.6,2190.4,2190.6,21,9,50
9:28:41,2190.6,2190.4,2190.6,7,11,45
9:28:42,2190.6,2190.4,2190.6,50,3,4
9:28:42,2190.6,2190.6,2190.8,22,2,18
9:28:43,2190.8,2190.6,2190.8,14,19,4
9:28:43,2190.6,2190.6,2190.8,1,18,4
9:28:44,2190.6,2190.6,2190.8,12,15,1
9:28:44,2190.8,2190.6,2191,4,14,60
9:28:45,2190.6,2190.6,2190.8,2,16,3
9:28:45,2190.8,2190.6,2190.8,8,10,4
9:28:46,2190.6,2190.4,2190.6,21,6,21
9:28:46,2190.6,2190.4,2190.6,1,6,20
9:28:47,2190.6,2190.4,2190.6,4,9,25
9:28:47,2190.6,2190.4,2190.6,3,17,36
9:28:48,2190.4,2190.4,2190.6,12,16,26
9:28:48,2190.6,2190.4,2190.6,11,20,10
9:28:49,2190.6,2190.4,2190.6,1,21,11
9:28:50,2190.6,2190.4,2190.6,3,25,10
9:28:50,2190.4,2190.4,2190.6,18,11,8
9:28:51,2190.6,2190.4,2190.6,2,15,7
9:28:52,2190.6,2190.4,2190.6,1,18,8
9:28:53,2190.6,2190.4,2190.6,6,18,2
9:28:54,2190.6,2190.4,2190.6,1,20,3
9:28:54,2190.6,2190.2,2190.6,22,42,1
9:28:55,2190.2,2190.2,2190.8,7,36,31
9:28:55,2190.6,2190.6,2190.8,1,1,33
9:28:56,2190.6,2190.2,2190.6,2,36,2
9:28:57,2190.2,2190.2,2190.4,14,36,1
9:28:57,2190.6,2190.2,2190.6,7,31,9
9:28:58,2190.8,2190.2,2190.8,13,26,54
9:28:58,2190.8,2190.2,2190.6,4,26,2
9:28:59,2190.6,2190.4,2190.6,6,4,8
9:29:00,2190.4,2190.4,2190.6,6,3,4
9:29:00,2190.8,2190.4,2190.8,6,3,56
9:29:01,2190.4,2190.2,2190.8,3,27,60
9:29:01,2190.8,2190.2,2190.8,37,34,30
9:29:02,2190.8,2190.4,2190.6,5,2,2
9:29:02,2190.6,2190.4,2190.6,3,23,22
9:29:03,2190.4,2190.4,2190.6,5,22,19
9:29:03,2190.4,2190.4,2190.6,2,21,1
9:29:04,2190.8,2190.6,2190.8,4,1,26
9:29:05,2190.6,2190.4,2190.6,2,22,20
9:29:06,2190.6,2190.4,2190.6,21,3,17
9:29:06,2190.6,2190.4,2190.6,8,5,9
9:29:07,2190.4,2190.4,2190.6,4,7,10
9:29:07,2190.6,2190.4,2190.6,2,6,9
9:29:08,2190.6,2190.4,2190.6,5,7,4
9:29:08,2190.6,2190.4,2190.6,1,10,3
9:29:09,2190.6,2190.4,2190.6,1,16,3
9:29:09,2190.6,2190.4,2190.6,2,16,1
9:29:10,2190.4,2190.6,2190.8,5,1,35
9:29:10,2190.6,2190.6,2190.8,5,2,33
9:29:11,2190.8,2190.6,2190.8,2,4,32
9:29:11,2190.6,2190.4,2190.6,5,12,17
9:29:12,2190.6,2190.4,2190.6,1,16,16
9:29:12,2190.4,2190.4,2190.6,2,15,16
9:29:13,2190.4,2190.4,2190.6,2,18,16
9:29:13,2190.6,2190.4,2190.6,1,18,35
9:29:14,2190.6,2190.4,2190.6,2,18,35
9:29:14,2190.6,2190.4,2190.6,2,18,33
9:29:15,2190.4,2190.4,2190.6,4,16,32
9:29:15,2190.4,2190.4,2190.6,6,15,27
9:29:16,2190.4,2190.4,2190.6,2,15,26
9:29:16,2190.6,2190.4,2190.6,3,14,24
9:29:17,2190.4,2190.4,2190.6,2,12,24
9:29:17,2190.4,2190.4,2190.6,1,11,24
9:29:18,2190.4,2190.4,2190.6,1,10,25
9:29:18,2190.6,2190.4,2190.6,2,10,23
9:29:19,2190.4,2190.4,2190.6,4,10,22
9:29:19,2190.4,2190.4,2190.6,2,8,22
9:29:20,2190.4,2190.4,2190.6,3,6,21
9:29:20,2190.6,2190.4,2190.6,1,7,21
9:29:21,2190.6,2190.6,2190.8,23,28,41
9:29:21,2190.6,2190.6,2190.8,3,25,41
9:29:22,2190.6,2190.6,2190.8,2,23,46
9:29:22,2190.6,2190.6,2190.8,2,21,46
9:29:23,2190.8,2190.6,2190.8,2,20,45
9:29:23,2190.6,2190.6,2190.8,4,19,42
9:29:24,2190.6,2190.6,2190.8,2,18,42
9:29:24,2190.8,2190.6,2190.8,4,19,38
9:29:25,2190.6,2190.4,2190.6,19,9,1
9:29:25,2190.6,2190.4,2190.6,1,9,1
9:29:26,2190.4,2190.4,2190.6,1,8,11
9:29:26,2190.6,2190.4,2190.6,6,8,7
9:29:27,2190.6,2190.4,2190.6,1,9,8
9:29:28,2190.6,2190.4,2190.6,2,8,9
9:29:28,2190.6,2190.4,2190.6,3,7,9
9:29:29,2190.6,2190.4,2190.6,4,12,25
9:29:30,2190.6,2190.4,2190.6,5,10,22
9:29:30,2190.4,2190.4,2190.6,6,4,23
9:29:31,2190.4,2190.4,2190.6,4,5,21
9:29:31,2190.4,2190.2,2190.4,10,43,6
9:29:32,2190.4,2190.2,2190.4,12,33,5
9:29:32,2190.4,2190.2,2190.4,4,31,3
9:29:33,2190.2,2190.2,2190.4,4,26,13
9:29:34,2190.2,2190.2,2190.4,6,20,13
9:29:34,2190.4,2190.2,2190.4,1,25,12
9:29:35,2190.4,2190.2,2190.4,1,25,1
9:29:35,2190.2,2190.2,2190.4,5,20,5
9:29:36,2190.2,2190.2,2190.4,1,20,5
9:29:39,2190.2,2190.2,2190.4,1,20,13
9:29:40,2190.2,2190.2,2190.4,9,11,13
9:29:40,2190.2,2190.2,2190.4,7,6,16
9:29:41,2190.4,2190.2,2190.4,5,5,15
9:29:41,2190,2190,2190.2,8,40,1
9:29:42,2190.2,2190.2,2190.4,1,3,19
9:29:42,2190.2,2190.2,2190.4,1,2,16
9:29:43,2190.2,2190.2,2190.4,5,3,14
9:29:43,2190,2190,2190.4,6,37,15
9:29:44,2190.4,2190.2,2190.4,1,3,14
9:29:44,2190.4,2190.2,2190.4,3,4,12
9:29:45,2190.2,2190.2,2190.4,4,3,11
9:29:45,2190.2,2190.2,2190.4,1,3,11
9:29:46,2190.2,2190,2190.2,6,37,5
9:29:46,2190.2,2190,2190.2,2,37,10
9:29:47,2190.2,2190,2190.2,2,47,8
9:29:48,2190.2,2190,2190.2,1,39,8
9:29:49,2190.2,2190,2190.2,2,39,7
9:29:50,2190,2190,2190.2,1,38,8
9:29:51,2190,2190,2190.2,6,43,7
9:29:52,2190,2190,2190.2,7,41,3
9:29:52,2190.4,2190,2190.2,9,31,1
9:29:53,2190,2190,2190.2,4,30,1
9:29:53,2190.2,2190.2,2190.4,1,1,14
9:29:54,2190.2,2190,2190.2,3,32,9
9:29:54,2190,2190,2190.2,13,32,7
9:29:55,2190.2,2190,2190.2,4,20,8
9:29:55,2190,2190,2190.2,4,19,13
9:29:56,2190,2190,2190.2,4,13,12
9:29:57,2190,2190,2190.2,5,10,12
9:29:57,2190,2189.6,2190,61,9,7
9:29:58,2189.6,2189.6,2189.8,1,8,2
9:29:58,2189.8,2189.4,2189.8,17,18,4
9:29:59,2189.6,2189.2,2189.4,24,17,1
9:29:59,2189.4,2189.2,2189.4,6,18,4
9:30:00,2189.2,2189.2,2189.4,7,15,3
9:30:00,2189,2189,2189.2,73,71,2
9:30:01,2188.8,2188.8,2189,88,29,1
9:30:01,2189.2,2189.2,2189.8,40,17,4
9:30:02,2189,2189,2189.8,57,1,13
9:30:02,2189.2,2189.2,2189.6,24,7,33
9:30:03,2189.4,2189.2,2189.4,19,1,13
9:30:03,2189,2189,2189.4,18,11,13
9:30:04,2189.2,2189,2189.2,7,8,44
9:30:04,2189,2188.8,2189,16,23,1
9:30:05,2188.8,2188.8,2189,28,5,4
9:30:05,2188.8,2188.6,2189,12,26,6
9:30:06,2188.6,2188.6,2188.8,19,12,2
9:30:06,2188.6,2188.4,2188.6,50,18,20
9:30:07,2188.4,2188.2,2188.4,26,48,2
9:30:07,2188,2188,2188.2,181,31,1
9:30:08,2188,2187.6,2188,104,17,22
9:30:08,2187.4,2187.4,2187.6,87,44,2
9:30:09,2187.6,2187.6,2187.8,117,37,10
9:30:09,2188,2187.8,2188,103,136,36
9:30:10,2188.2,2188,2188.4,81,110,9
9:30:10,2188.4,2188.2,2188.4,33,73,3
9:30:11,2188.4,2188.4,2188.6,35,10,34
9:30:11,2188.4,2188.4,2188.6,72,15,15
9:30:12,2188.6,2188.4,2188.6,25,22,5
9:30:12,2188.6,2188.4,2188.6,19,24,10
9:30:13,2188.6,2188.4,2188.6,13,18,10
9:30:13,2188.4,2188.6,2188.8,25,39,7
9:30:14,2188.6,2188.6,2188.8,3,39,7
9:30:14,2188.8,2188.6,2188.8,29,22,1
9:30:15,2188.6,2188.6,2188.8,18,17,13
9:30:15,2188.6,2188.6,2188.8,11,11,12
9:30:16,2188.6,2188.6,2188.8,8,13,8
9:30:16,2188.8,2188.8,2189,13,9,7
9:30:17,2188.8,2188.8,2189,11,5,3
9:30:17,2188.6,2188.6,2189,20,15,39
9:30:18,2188.8,2188.6,2188.8,6,23,5
9:30:18,2188.8,2188.6,2188.8,20,16,12
9:30:19,2189,2189,2189.2,54,11,14
9:30:19,2189,2189,2189.2,8,9,9
9:30:20,2189,2189,2189.2,5,7,6
9:30:20,2189,2189,2189.4,9,4,9
9:30:21,2189,2189,2189.4,9,5,5
9:30:21,2189.4,2189,2189.4,3,5,5
9:30:22,2189,2189,2189.4,3,8,6
9:30:22,2189.8,2189,2189.8,14,6,6
9:30:23,2189.8,2189.6,2189.8,7,1,4
9:30:23,2189.8,2189.4,2189.6,4,3,31
9:30:24,2189.2,2189,2189.2,15,11,3
9:30:24,2189,2188.8,2189,19,35,22
9:30:25,2189,2188.8,2189,6,36,18
9:30:25,2189,2188.8,2189,5,39,13
9:30:26,2189,2189,2189.2,13,7,16
9:30:26,2189,2189,2189.2,3,13,15
9:30:27,2189.2,2189,2189.2,8,15,9
9:30:27,2189,2189,2189.2,19,14,1
9:30:28,2189.4,2189.2,2189.4,7,3,4
9:30:28,2189.2,2189.2,2189.4,12,5,4
9:30:29,2189.4,2189.2,2189.4,4,3,2
9:30:29,2189.4,2189.2,2189.4,3,11,5
9:30:30,2189.2,2189,2189.4,13,17,5
9:30:30,2189.4,2189.4,2189.6,11,3,38
9:30:31,2189.4,2189.2,2189.4,6,1,3
9:30:31,2189.2,2189,2189.2,6,17,2
9:30:32,2189.4,2189.2,2189.4,10,1,48
9:30:32,2189,2189,2189.4,5,24,48
9:30:33,2189.2,2189,2189.2,17,14,7
9:30:33,2189,2188.8,2189,18,45,10
9:30:34,2189,2188.8,2189,9,41,11
9:30:34,2189,2188.8,2189,5,41,7
9:30:35,2189,2189,2189.2,11,56,10
9:30:35,2189.2,2189.2,2189.4,13,3,64
9:30:36,2189.2,2189.2,2189.4,5,10,38
9:30:36,2189.4,2189.2,2189.4,27,10,11
9:30:37,2189.6,2189.6,2189.8,21,10,16
9:30:37,2189.6,2189.8,2190,23,3,25
9:30:38,2189.6,2189.4,2189.8,13,6,3
9:30:38,2189.8,2189.8,2190,4,2,22
9:30:39,2189.8,2189.8,2190,12,12,19
9:30:39,2189.8,2189.8,2190,11,7,11
9:30:40,2189.8,2189.6,2189.8,14,1,22
9:30:40,2189.6,2189.4,2189.6,8,6,1
9:30:41,2189.6,2189.4,2189.8,6,5,27
9:30:41,2189.8,2189.4,2189.6,3,10,2
9:30:42,2189.6,2189.4,2189.6,6,7,3
9:30:42,2189.2,2189.2,2189.4,13,14,17
9:30:43,2189.4,2189.2,2189.4,15,7,5
9:30:43,2189.4,2189.2,2189.4,3,7,11
9:30:44,2189.4,2189.2,2189.4,14,6,2
9:30:44,2189.8,2189.2,2189.8,6,7,26
9:30:45,2189.4,2189.6,2189.8,3,1,26
9:30:45,2189.8,2189.6,2189.8,7,1,25
9:30:46,2189.4,2189.4,2189.8,6,39,22
9:30:46,2189.6,2189.6,2189.8,3,12,23
9:30:47,2189.6,2189.6,2189.8,7,9,21
9:30:47,2189.6,2189.6,2189.8,8,2,20
9:30:48,2189.6,2189.4,2189.6,4,41,11
9:30:48,2189.6,2189.4,2189.6,3,39,21
9:30:49,2189.6,2189.4,2189.6,16,29,20
9:30:49,2189.6,2189.2,2189.4,37,22,6
9:30:50,2189.2,2189.2,2189.4,17,9,10
9:30:50,2189.2,2189.2,2189.4,6,8,5
9:30:51,2189.4,2189.4,2189.6,7,1,13
9:30:51,2189.4,2189.4,2189.6,3,2,13
9:30:52,2189.4,2189.4,2189.6,1,5,13
9:30:52,2189.6,2189.4,2189.6,2,9,11
9:30:53,2189.4,2189.4,2189.6,5,5,12
9:30:53,2189.6,2189.4,2189.6,3,8,12
9:30:54,2189.4,2189.4,2189.6,2,7,12
9:30:54,2189.6,2189.4,2189.6,7,5,8
9:30:55,2189.6,2189.6,2189.8,12,43,24
9:30:55,2189.6,2189.6,2189.8,6,38,23
9:30:56,2189.8,2189.6,2189.8,4,39,15
9:30:56,2189.6,2189.6,2189.8,13,34,7
9:30:57,2189.6,2189.6,2189.8,6,36,3
9:30:57,2189.6,2189.8,2190,18,42,28
9:30:58,2190,2189.8,2190,3,42,26
9:30:58,2190,2189.8,2190,9,36,24
9:30:59,2190,2189.8,2190,22,32,8
9:30:59,2190,2190,2190.2,9,48,24
9:31:00,2190,2190,2190.2,22,46,11
9:31:00,2190,2189.8,2190,56,31,8
9:31:01,2190,2190,2190.4,22,8,48
9:31:01,2189.8,2189.8,2190.2,19,24,41
9:31:02,2189.8,2189.8,2190,20,15,2
9:31:02,2190,2189.8,2190,7,12,1
9:31:03,2189.6,2189.6,2190,17,28,9
9:31:03,2189.8,2189.6,2189.8,10,19,1
9:31:04,2190,2190,2190.2,16,1,37
9:31:04,2190,2190,2190.2,14,20,36
9:31:05,2189.6,2189.6,2189.8,27,12,2
9:31:05,2189.6,2189.4,2189.6,32,57,13
9:31:06,2189.6,2189.4,2189.6,14,49,8
9:31:06,2189.6,2189.8,2190,14,1,25
9:31:07,2190,2189.6,2190,3,22,24
9:31:07,2190,2189.6,2189.8,1,22,7
9:31:08,2189.8,2189.6,2189.8,7,31,1
9:31:08,2189.8,2189.8,2190,19,1,7
9:31:09,2189.8,2189.6,2190,1,32,7
9:31:09,2189.6,2189.8,2190,2,9,14
9:31:10,2189.8,2189.8,2190,4,8,22
9:31:10,2190,2189.8,2190,7,8,16
9:31:11,2190,2190,2190.2,20,8,28
9:31:11,2190,2190,2190.2,3,6,28
9:31:12,2190,2190,2190.2,6,4,24
9:31:12,2190.2,2190,2190.2,5,7,22
9:31:13,2190.2,2190,2190.2,5,6,18
9:31:13,2190.2,2190.2,2190.4,36,12,42
9:31:14,2190.4,2190.2,2190.4,18,14,26
9:31:14,2190.4,2190.2,2190.4,28,25,2
9:31:15,2190.2,2190.4,2190.6,12,43,45
9:31:15,2190.4,2190.4,2190.6,13,57,36
9:31:16,2190.6,2190.4,2190.6,25,41,13
9:31:16,2190.6,2190.4,2190.6,9,41,6
9:31:17,2190.6,2190.6,2190.8,11,2,37
9:31:17,2190.6,2190.6,2190.8,12,39,32
9:31:18,2190.8,2190.6,2190.8,30,38,5
9:31:18,2191,2190.8,2191,8,32,81
9:31:19,2191,2190.8,2191,48,40,36
9:31:19,2191,2190.8,2191,41,23,12
9:31:20,2190.8,2190.8,2191.2,30,25,16
9:31:20,2190.8,2190.8,2191,31,27,21
9:31:21,2190.6,2190.6,2190.8,41,39,1
9:31:21,2190.8,2190.6,2190.8,33,16,32
9:31:22,2190.6,2190.4,2190.8,25,17,40
9:31:22,2190.2,2190.2,2190.6,24,33,24
9:31:23,2190.6,2190.2,2190.6,12,32,18
9:31:23,2190.6,2190.2,2190.6,9,24,25
9:31:24,2190.6,2190.2,2190.6,16,23,11
9:31:24,2190.6,2190.2,2190.6,8,25,4
9:31:25,2190.4,2190.2,2190.6,1,24,4
9:31:25,2190.6,2190.6,2190.8,2,3,18
9:31:26,2190.6,2190.6,2190.8,5,4,18
9:31:26,2190.8,2190.6,2190.8,16,2,6
9:31:27,2190.8,2190.6,2191,6,11,36
9:31:27,2191,2190.6,2191,22,11,15
9:31:28,2190.6,2190.6,2190.8,12,10,18
9:31:28,2190.8,2190.6,2190.8,6,10,13
9:31:29,2191,2190.6,2191,16,9,14
9:31:29,2190.8,2190.8,2191,4,2,16
9:31:30,2190.8,2190.8,2191,1,2,27
9:31:30,2190.8,2190.6,2190.8,7,16,3
9:31:31,2190.8,2190.6,2190.8,20,12,11
9:31:31,2190.6,2190.6,2190.8,9,4,12
9:31:32,2190.8,2190.6,2190.8,4,3,13
9:31:32,2190.8,2190.8,2191,18,2,37
9:31:33,2190.8,2190.8,2191,17,40,37
9:31:33,2191,2190.8,2191,27,36,16
9:31:34,2191,2190.8,2191,11,35,6
9:31:34,2191.2,2191,2191.2,7,48,21
9:31:35,2191,2191,2191.2,23,45,2
9:31:35,2191.2,2191.2,2191.4,8,12,27
9:31:36,2191.2,2191.2,2191.4,17,4,22
9:31:36,2191.4,2191.2,2191.4,33,1,1
9:31:37,2191.4,2191.2,2191.4,10,2,24
9:31:37,2191.4,2191.4,2191.6,27,9,32
9:31:38,2191.4,2191,2191.4,19,67,6
9:31:38,2191.4,2191.2,2191.4,16,1,19
9:31:39,2191.4,2191.2,2191.4,15,3,21
9:31:39,2191.2,2191,2191.2,12,50,17
9:31:40,2191.2,2191,2191.2,21,41,13
9:31:40,2191.2,2191,2191.2,32,16,10
9:31:41,2191,2190.8,2191,19,45,7
9:31:41,2190.8,2190.8,2191,4,43,5
9:31:42,2191,2190.8,2191,26,24,2
9:31:42,2190.8,2190.8,2191,11,18,9
9:31:43,2190.8,2190.8,2191,13,11,19
9:31:43,2191,2190.8,2191,5,10,16
9:31:44,2190.8,2190.8,2191,8,6,17
9:31:45,2191,2190.8,2191,3,7,15
9:31:45,2191,2190.8,2191,11,10,9
9:31:46,2191,2190.8,2191,5,9,6
9:31:46,2190.8,2190.6,2190.8,11,18,26
9:31:47,2190.8,2190.6,2190.8,8,21,20
9:31:47,2190.6,2190.6,2190.8,4,19,19
9:31:48,2191,2190.8,2191,29,12,9
9:31:48,2190.8,2190.8,2191,2,15,9
9:31:49,2190.8,2190.6,2190.8,18,17,8
9:31:49,2190.8,2190.8,2191,13,53,25
9:31:50,2191,2190.8,2191,5,54,20
9:31:50,2191,2190.8,2191,60,12,5
9:31:51,2191,2191,2191.2,5,16,80
9:31:51,2191,2191,2191.2,3,16,80
9:31:52,2191.2,2191,2191.2,28,2,78
9:31:52,2191.2,2191,2191.2,4,6,74
9:31:53,2191,2190.8,2191.2,9,14,72
9:31:53,2191.2,2190.8,2191.2,3,16,79
9:31:54,2190.8,2190.8,2191.2,38,17,59
9:31:55,2191,2191,2191.2,7,23,60
9:31:55,2191.2,2191,2191.2,7,34,45
9:31:56,2191.2,2191,2191.2,22,15,33
9:31:56,2191,2191,2191.2,4,15,32
9:31:57,2191.2,2191,2191.2,38,19,3
9:31:57,2191.2,2191,2191.4,3,20,16
9:31:58,2191.2,2191,2191.2,8,18,6
9:31:58,2191.4,2191.2,2191.4,9,1,15
9:31:59,2191.4,2191.2,2191.4,13,1,9
9:31:59,2191.2,2191.2,2191.4,2,4,4
9:32:00,2191.6,2191.4,2191.6,10,1,61
9:32:00,2191,2191,2191.4,27,18,1
9:32:01,2191.2,2191,2191.2,20,14,5
9:32:01,2191,2191,2191.2,20,8,14
9:32:02,2191,2191,2191.2,13,2,22
9:32:02,2190.8,2190.8,2191,20,59,11
9:32:03,2191,2190.8,2191,3,62,9
9:32:03,2191,2190.8,2191,13,57,1
9:32:04,2191,2191,2191.2,8,41,14
9:32:04,2191,2191,2191.2,3,39,14
9:32:05,2191.2,2191,2191.2,17,28,6
9:32:05,2191.2,2191,2191.2,5,31,3
9:32:06,2191,2190.8,2191,29,63,2
9:32:06,2191.2,2190.8,2191.2,4,67,2
9:32:07,2190.8,2191,2191.2,1,1,3
9:32:07,2191.2,2191,2191.2,9,13,1
9:32:08,2191,2191.2,2191.4,10,1,35
9:32:08,2191,2190.8,2191,19,75,14
9:32:09,2191,2191,2191.2,15,7,5
9:32:09,2191.2,2191.2,2191.4,7,1,36
9:32:10,2191.2,2191,2191.2,2,12,3
9:32:10,2191.2,2191,2191.2,4,28,1
9:32:11,2191.2,2191,2191.2,1,28,1
9:32:11,2191.2,2191,2191.2,4,31,1
9:32:12,2191.2,2191,2191.2,13,24,26
9:32:12,2191,2191,2191.2,4,21,29
9:32:13,2191,2190.8,2191,23,77,48
9:32:13,2190.8,2190.8,2191,11,75,44
9:32:14,2191,2190.8,2191,23,61,37
9:32:14,2191,2190.8,2191,5,62,33
9:32:15,2191,2190.8,2191,5,61,34
9:32:15,2191,2190.8,2191,3,61,32
9:32:16,2190.8,2190.8,2191,20,51,27
9:32:16,2191,2190.8,2191,12,45,21
9:32:17,2191,2190.8,2191,5,46,11
9:32:17,2190.8,2190.8,2191,1,49,12
9:32:18,2191,2190.8,2191,8,48,8
9:32:18,2191,2190.8,2191,6,46,4
9:32:19,2191,2190.8,2191,3,45,5
9:32:20,2190.8,2190.8,2191,2,45,10
9:32:20,2190.8,2190.8,2191,1,45,13
9:32:21,2190.8,2190.8,2191,2,43,13
9:32:21,2190.8,2190.8,2191,3,44,11
9:32:22,2190.8,2190.8,2191,2,42,11
9:32:22,2191,2190.8,2191,9,49,6
9:32:23,2191,2190.8,2191,2,38,5
9:32:23,2191,2190.8,2191,1,40,4
9:32:24,2191,2190.8,2191,4,39,4
9:32:24,2190.8,2190.8,2191,4,36,3
9:32:25,2191,2191,2191.2,8,6,40
9:32:25,2191,2191,2191.2,4,2,41
9:32:26,2191.2,2191,2191.2,1,2,41
9:32:26,2190.8,2190.8,2191,6,35,3
9:32:27,2191,2191,2191.2,5,14,39
9:32:28,2191,2191,2191.2,3,33,49
9:32:28,2191,2191,2191.2,10,28,48
9:32:29,2191.2,2191,2191.2,9,28,42
9:32:29,2191.2,2191,2191.2,42,26,2
9:32:30,2191,2191.2,2191.4,24,29,56
9:32:30,2191.2,2191.2,2191.4,1,38,56
9:32:31,2191.4,2191.2,2191.4,45,23,13
9:32:31,2191.4,2191.4,2191.6,15,15,131
9:32:32,2191.6,2191.4,2191.6,29,12,109
9:32:32,2191.2,2191.2,2191.6,21,13,102
9:32:33,2191.6,2191.4,2191.6,11,5,127
9:32:33,2191.4,2191.2,2191.4,29,16,7
9:32:34,2191.4,2191.2,2191.4,4,16,4
9:32:34,2191.4,2191.2,2191.4,6,14,18
9:32:35,2191.4,2191.2,2191.4,25,2,4
9:32:35,2191.2,2191.2,2191.4,4,9,14
9:32:36,2191.4,2191.2,2191.4,2,11,20
9:32:36,2191.4,2191.2,2191.4,5,11,17
9:32:37,2191.4,2191.2,2191.4,18,5,6
9:32:37,2191.2,2191.2,2191.4,13,2,5
9:32:38,2191.4,2191.2,2191.4,4,7,13
9:32:38,2191.4,2191.2,2191.4,8,7,28
9:32:39,2191.2,2191.2,2191.4,11,10,25
9:32:39,2191.4,2191.2,2191.4,8,11,17
9:32:40,2191.2,2191.2,2191.4,5,10,19
9:32:41,2191.2,2191.2,2191.4,10,4,18
9:32:41,2191.4,2191,2191.4,6,24,21
9:32:42,2191.4,2191,2191.2,1,26,2
9:32:42,2191.2,2191,2191.2,4,24,7
9:32:43,2191.2,2191,2191.2,2,24,9
9:32:43,2191,2191,2191.2,4,24,45
9:32:44,2191.2,2191,2191.2,4,24,48
9:32:44,2191,2190.8,2191,29,48,26
9:32:45,2191,2190.8,2191,1,50,25
9:32:45,2191,2190.8,2191,1,50,28
9:32:46,2190.8,2190.8,2191,6,49,24
9:32:46,2191,2190.8,2191,3,49,21
9:32:47,2190.8,2190.8,2191,15,35,20
9:32:47,2190.8,2191,2191.2,37,4,40
9:32:48,2191,2191,2191.2,32,6,34
9:32:48,2190.8,2190.6,2190.8,21,35,33
9:32:49,2190.8,2190.6,2190.8,2,35,31
9:32:49,2190.8,2190.6,2190.8,4,37,29
9:32:50,2190.8,2190.8,2191,31,5,3
9:32:50,2190.8,2190.8,2191,3,6,8
9:32:51,2190.8,2190.8,2191,17,16,15
9:32:51,2191,2190.8,2191,10,14,13
9:32:52,2190.8,2190.8,2191,4,14,13
9:32:52,2190.8,2190.8,2191,1,15,18
9:32:53,2190.8,2190.6,2190.8,11,43,38
9:32:53,2190.8,2190.6,2190.8,3,43,35
9:32:54,2190.8,2190.6,2190.8,7,43,32
9:32:55,2190.6,2190.6,2190.8,46,2,27
9:32:55,2190.6,2190.4,2190.6,7,21,1
9:32:56,2190.4,2190.4,2190.6,3,21,6
9:32:56,2190.6,2190.4,2190.6,3,20,7
9:32:57,2190.6,2190.4,2190.6,17,5,5
9:32:57,2190.4,2190.6,2190.8,14,15,19
9:32:58,2190.4,2190.4,2190.6,20,6,17
9:32:58,2190.6,2190.4,2190.6,22,5,23
9:32:59,2190.4,2190.2,2190.4,35,46,11
9:32:59,2190.4,2190.2,2190.4,1,46,10
9:33:00,2190.4,2190.4,2190.8,22,6,17
9:33:00,2190.2,2190.2,2190.4,16,38,2
9:33:01,2190.2,2190.4,2190.8,15,3,16
9:33:01,2190.4,2190.4,2190.8,32,1,15
9:33:02,2190.4,2190.4,2190.6,21,13,2
9:33:02,2190.6,2190.4,2190.8,41,2,7
9:33:03,2190.8,2190.8,2191,19,16,29
9:33:03,2190.8,2190.8,2191,7,15,27
9:33:04,2190.8,2190.8,2191,6,10,23
9:33:04,2191,2190.2,2191,20,35,21
9:33:05,2190.2,2190.2,2190.8,15,43,21
9:33:05,2190.8,2190.4,2190.8,13,6,23
9:33:06,2190.8,2190.4,2190.8,18,3,32
9:33:06,2190.4,2190.2,2190.4,13,32,26
9:33:07,2190.4,2190.2,2190.4,13,22,23
9:33:07,2190.4,2190.2,2190.4,25,19,3
9:33:08,2190.2,2190.2,2190.6,7,18,11
9:33:09,2190.6,2190.4,2190.6,3,16,23
9:33:09,2190.4,2190.4,2190.6,4,13,23
9:33:10,2190.4,2190.4,2190.6,13,1,24
9:33:10,2190.6,2190.6,2190.8,26,19,44
9:33:11,2190.6,2190.6,2190.8,25,15,24
9:33:11,2190.8,2190.6,2190.8,9,9,40
9:33:12,2190.8,2190.6,2190.8,7,9,32
9:33:12,2190.6,2190.6,2190.8,2,11,34
9:33:13,2190.6,2190.6,2190.8,1,24,36
9:33:14,2190.6,2190.6,2190.8,13,13,34
9:33:14,2190.8,2190.6,2190.8,3,12,32
9:33:15,2190.6,2190.4,2190.6,15,7,38
9:33:15,2190.4,2190.2,2190.6,8,32,38
9:33:16,2190.6,2190.2,2190.4,3,35,10
9:33:16,2190.6,2190.4,2190.6,18,5,34
9:33:17,2190.6,2190.4,2190.6,27,22,20
9:33:17,2190.6,2190.4,2190.6,15,22,5
9:33:18,2190.6,2190.4,2190.6,3,25,3
9:33:18,2190.6,2190.6,2190.8,3,4,36
9:33:19,2190.6,2190.6,2190.8,6,6,38
9:33:20,2190.8,2190.6,2190.8,21,27,39
9:33:20,2190.8,2190.6,2190.8,45,18,6
9:33:21,2190.8,2190.8,2191,6,38,38
9:33:21,2191,2190.8,2191,37,61,3
9:33:22,2191,2191,2191.2,4,34,29
9:33:22,2191.2,2191,2191.2,7,39,22
9:33:23,2191,2191,2191.2,3,38,21
9:33:23,2191.2,2191,2191.2,15,32,12
9:33:24,2191.2,2191,2191.2,10,33,5
9:33:24,2191.2,2191,2191.2,15,36,26
9:33:25,2191,2191,2191.2,6,31,26
9:33:25,2191,2191,2191.2,9,23,23
9:33:26,2191.2,2191,2191.2,7,22,22
9:33:26,2191.2,2191,2191.2,4,38,19
9:33:27,2191,2191,2191.2,4,35,21
9:33:27,2191.4,2191.2,2191.4,25,6,52
9:33:28,2191.4,2191.2,2191.4,16,10,47
9:33:28,2191.2,2191.2,2191.4,2,9,46
9:33:29,2191.4,2191.2,2191.4,23,22,28
9:33:29,2191.4,2191.2,2191.4,9,46,21
9:33:30,2191.2,2191.4,2191.6,27,35,103
9:33:30,2191.6,2191.4,2191.6,58,46,45
9:33:31,2191.6,2191.4,2191.6,41,46,5
9:33:31,2191.8,2191.6,2191.8,23,37,54
9:33:32,2191.8,2191.6,2191.8,44,31,30
9:33:32,2192,2191.8,2192,34,13,95
9:33:33,2192,2191.8,2192,29,15,73
9:33:33,2192,2191.6,2191.8,88,28,13
9:33:34,2191.8,2191.8,2192.2,46,17,24
9:33:34,2192.2,2191.8,2192.2,33,21,19
9:33:35,2192.2,2192,2192.2,33,2,11
9:33:35,2192,2191.8,2192,16,9,6
9:33:36,2192.2,2191.8,2192.2,23,4,5
9:33:36,2191.8,2191.6,2192.2,33,29,18
9:33:37,2192,2191.6,2191.8,13,24,3
9:33:37,2191.8,2191.8,2192,11,3,48
9:33:38,2191.8,2191.6,2191.8,22,43,16
9:33:38,2191.8,2191.6,2191.8,11,39,18
9:33:39,2191.8,2191.6,2191.8,14,35,8
9:33:39,2191.8,2191.6,2191.8,8,33,9
9:33:40,2192,2191.6,2192,20,34,54
9:33:40,2192,2191.8,2192,8,6,43
9:33:41,2191.8,2191.6,2191.8,8,33,1
9:33:41,2192,2191.8,2192,6,3,42
9:33:42,2192.2,2192,2192.2,57,18,26
9:33:42,2192,2192,2192.2,19,2,24
9:33:43,2192.2,2192,2192.2,6,6,27
9:33:43,2192,2191.8,2192,9,16,28
9:33:44,2192,2191.8,2192,24,8,13
9:33:44,2192,2191.8,2192,12,32,8
9:33:45,2192.2,2192,2192.2,24,5,38
9:33:45,2192,2192,2192.2,6,2,41
9:33:46,2192,2192,2192.2,88,1,3
9:33:46,2192.2,2192.2,2192.4,14,17,70
9:33:47,2192.2,2192.2,2192.4,9,75,69
9:33:47,2192.4,2192.2,2192.4,56,74,16
9:33:48,2192.4,2192.4,2192.6,30,6,59
9:33:48,2192.4,2192.4,2192.6,14,2,49
9:33:49,2192.6,2192.2,2192.4,40,52,1
9:33:49,2192.8,2192.4,2192.8,71,9,59
9:33:50,2192.4,2192.2,2192.6,66,9,18
9:33:50,2192.2,2192.2,2192.4,15,15,1
9:33:51,2192.6,2192.2,2192.6,20,12,30
9:33:51,2192.6,2192.2,2192.8,52,28,51
9:33:52,2192.2,2192.2,2192.4,22,23,1
9:33:52,2192.4,2192.2,2192.6,23,14,9
9:33:53,2192.2,2192.2,2192.6,40,7,31
9:33:53,2192.4,2192.2,2192.4,26,8,16
9:33:54,2192.4,2192.2,2192.4,10,3,50
9:33:54,2192.4,2192,2192.4,62,36,30
9:33:55,2192.2,2192,2192.4,3,41,36
9:33:55,2192.2,2192.2,2192.4,6,13,34
9:33:56,2192.4,2192.2,2192.4,15,4,30
9:33:56,2192.4,2192.2,2192.4,4,18,29
9:33:57,2192.4,2192.2,2192.4,8,23,21
9:33:57,2192.2,2192.2,2192.4,14,21,18
9:33:58,2192.4,2192.2,2192.4,31,20,7
9:33:58,2192.2,2192.2,2192.4,29,10,3
9:33:59,2192.2,2192,2192.2,12,57,3
9:33:59,2192.4,2192,2192.4,25,60,24
9:34:00,2192.2,2192,2192.2,4,60,8
9:34:00,2192,2192,2192.2,29,61,9
9:34:01,2192.4,2192.2,2192.4,33,1,33
9:34:01,2192.4,2192.2,2192.4,50,3,1
9:34:02,2192.4,2192.4,2192.6,12,3,77
9:34:02,2192.4,2192.2,2192.4,13,8,6
9:34:03,2192.2,2192.2,2192.4,2,8,9
9:34:03,2192.4,2192.2,2192.4,13,22,22
9:34:04,2192.4,2192.4,2192.6,46,6,74
9:34:04,2192.4,2192.4,2192.6,15,22,66
9:34:05,2192.4,2192.4,2192.6,11,24,67
9:34:05,2192.4,2192.4,2192.6,10,18,67
9:34:06,2192.4,2192.2,2192.4,19,38,1
9:34:06,2192.4,2192.4,2192.6,3,14,71
9:34:07,2192.4,2192.4,2192.6,16,11,60
9:34:07,2192.4,2192.4,2192.6,12,15,57
9:34:08,2192.6,2192.2,2192.4,30,54,1
9:34:08,2192.6,2192.4,2192.6,21,3,31
9:34:09,2192.4,2192.4,2192.6,4,3,30
9:34:09,2192.6,2192.2,2192.6,21,56,15
9:34:10,2192.4,2192.4,2192.6,3,8,27
9:34:10,2192.6,2192.4,2192.6,12,7,17
9:34:11,2192.4,2192.4,2192.6,7,5,15
9:34:11,2192.6,2192.4,2192.6,9,11,9
9:34:12,2192.6,2192.4,2192.6,12,3,5
9:34:12,2192.6,2192.4,2192.6,29,10,2
9:34:13,2192.6,2192.6,2192.8,4,27,66
9:34:13,2192.6,2192.6,2192.8,7,28,64
9:34:14,2192.6,2192.6,2192.8,3,38,62
9:34:14,2192.6,2192.6,2192.8,17,42,55
9:34:15,2192.8,2192.6,2192.8,47,41,9
9:34:15,2192.6,2192.6,2193,47,27,140
9:34:16,2193,2192.8,2193,46,20,135
9:34:16,2193,2192.8,2193,69,28,69
9:34:17,2192.8,2192.8,2193,33,23,45
9:34:17,2193,2193,2193.2,67,4,24
9:34:18,2193,2193,2193.2,7,1,24
9:34:18,2192.8,2192.8,2193,20,6,17
9:34:19,2192.6,2192.6,2193,13,48,52
9:34:19,2193,2192.6,2192.8,6,47,2
9:34:20,2192.8,2192.6,2192.8,29,22,17
9:34:20,2192.8,2192.6,2192.8,6,12,38
9:34:21,2192.6,2192.6,2192.8,7,15,41
9:34:21,2192.6,2192.4,2192.6,33,24,7
9:34:22,2192.4,2192.4,2192.6,14,33,3
9:34:22,2192.4,2192.4,2192.6,20,20,3
9:34:23,2192.6,2192.4,2192.8,9,25,28
9:34:23,2192.4,2192.4,2192.8,4,25,27
9:34:24,2192.8,2192.6,2192.8,12,9,17
9:34:24,2192.8,2192.6,2192.8,9,1,16
9:34:25,2192.8,2192.6,2192.8,1,10,15
9:34:25,2192.4,2192.4,2192.6,12,30,6
9:34:26,2192.4,2192.4,2192.6,10,34,12
9:34:26,2192.6,2192.4,2192.6,20,32,18
9:34:27,2192.6,2192.4,2192.6,10,33,9
9:34:27,2192.6,2192.4,2192.6,6,33,8
9:34:28,2192.4,2192.4,2192.6,21,22,2
9:34:28,2192.4,2192.4,2192.6,10,23,7
9:34:29,2192.6,2192.4,2192.6,8,23,15
9:34:29,2192.4,2192.4,2192.6,4,31,17
9:34:30,2192.6,2192.4,2192.6,18,19,37
9:34:30,2192.4,2192.4,2192.6,10,16,30
9:34:31,2192.4,2192.2,2192.6,23,56,28
9:34:31,2192.2,2192.2,2192.6,10,46,38
9:34:32,2192.4,2192.4,2192.6,7,9,38
9:34:32,2192.4,2192.4,2192.6,12,6,30
9:34:33,2192.4,2192.2,2192.4,7,56,1
9:34:33,2192.2,2192.2,2192.4,3,53,5
9:34:34,2192.2,2192.2,2192.4,6,51,4
9:34:34,2192.4,2192.4,2192.6,7,8,31
9:34:35,2192.4,2192.4,2192.6,6,9,34
9:34:35,2192.4,2192.2,2192.4,38,52,11
9:34:36,2192.6,2192.2,2192.4,16,54,3
9:34:36,2192.4,2192.2,2192.4,7,54,6
9:34:37,2192.4,2192.4,2192.6,8,17,31
9:34:37,2192.4,2192.4,2192.6,10,17,33
9:34:38,2192.4,2192.4,2192.6,8,26,33
9:34:38,2192.6,2192.4,2192.6,6,23,30
9:34:39,2192.4,2192.4,2192.6,3,22,35
9:34:39,2192.4,2192.4,2192.6,15,22,24
9:34:40,2192.6,2192.4,2192.6,10,25,48
9:34:41,2192.6,2192.4,2192.6,41,24,9
9:34:41,2192.4,2192.2,2192.4,35,58,27
9:34:42,2192.4,2192.2,2192.4,2,58,25
9:34:42,2192.4,2192.2,2192.4,9,72,20
9:34:43,2192.4,2192.2,2192.4,12,74,8
9:34:43,2192.4,2192.4,2192.6,8,12,19
9:34:44,2192.6,2192.4,2192.6,10,14,16
9:34:44,2192.4,2192.4,2192.6,2,20,17
9:34:45,2192.4,2192.2,2192.4,42,75,4
9:34:45,2192.2,2192.2,2192.4,11,67,3
9:34:46,2192.6,2192.4,2192.6,11,7,21
9:34:46,2192.4,2192.4,2192.6,5,25,26
9:34:47,2192.4,2192.4,2192.6,1,49,26
9:34:47,2192.4,2192.4,2192.6,12,38,25
9:34:48,2192.6,2192.4,2192.6,4,38,24
9:34:48,2192.4,2192.2,2192.4,47,71,2
9:34:49,2192.2,2192.2,2192.6,5,70,32
9:34:49,2192.2,2192.2,2192.6,1,70,33
9:34:50,2192.4,2192.2,2192.4,5,71,1
9:34:50,2192.4,2192.2,2192.4,1,73,2
9:34:51,2192.4,2192.2,2192.4,26,75,38
9:34:51,2192.2,2192.2,2192.4,26,52,21
9:34:52,2192.2,2192.2,2192.4,52,4,16
9:34:52,2192.2,2192,2192.2,6,77,72
9:34:53,2192,2192,2192.2,8,71,89
9:34:53,2192.2,2192,2192.2,16,66,82
9:34:54,2192.2,2192,2192.2,23,47,78
9:34:54,2192,2192,2192.2,12,48,81
9:34:55,2192,2192,2192.2,4,47,80
9:34:55,2192.2,2192,2192.2,12,40,79
9:34:56,2192,2192,2192.2,13,29,79
9:34:56,2192.2,2192,2192.2,2,29,72
9:34:57,2192,2191.8,2192,32,37,34
9:34:57,2192,2191.8,2192,5,37,30
9:34:58,2191.8,2191.6,2191.8,57,28,10
9:34:58,2191.6,2191.6,2191.8,18,19,23
9:34:59,2191.6,2191.4,2191.6,26,14,11
9:34:59,2191.4,2191.2,2191.4,28,39,1
9:35:00,2191.4,2191.2,2191.4,20,49,23
9:35:00,2191.2,2191.2,2191.4,21,61,6
9:35:01,2191.2,2191.2,2191.6,49,57,2
9:35:01,2191.2,2191.6,2191.8,28,4,14
9:35:02,2192,2191.2,2192,43,45,35
9:35:02,2191.6,2191.4,2191.8,9,18,7
9:35:03,2191.8,2191.8,2192,11,18,37
9:35:03,2192,2191.8,2192,16,34,21
9:35:04,2192,2191.8,2192,15,34,8
9:35:04,2191.8,2191.8,2192.2,37,17,60
9:35:05,2192.2,2192,2192.2,6,5,56
9:35:05,2191.8,2191.8,2192,12,11,1
9:35:06,2192.2,2192.2,2192.4,61,2,24
9:35:06,2192,2191.8,2192,6,17,36
9:35:07,2192,2191.8,2192,6,17,35
9:35:07,2192,2191.8,2192,35,11,6
9:35:08,2191.8,2191.8,2192,4,9,5
9:35:08,2192,2191.8,2192,6,9,2
9:35:09,2192,2191.8,2192,1,9,27
9:35:09,2192,2191.8,2192,10,4,25
9:35:10,2191.8,2191.8,2192,18,5,10
9:35:10,2192,2191.8,2192,10,5,1
9:35:11,2191.8,2191.8,2192,2,13,7
9:35:11,2192,2191.8,2192,8,12,3
9:35:12,2191.8,2191.6,2191.8,17,24,12
9:35:12,2192,2192,2192.2,24,1,15
9:35:13,2191.8,2191.8,2192,2,3,2
9:35:13,2192,2191.8,2192,10,3,1
9:35:14,2192,2192,2192.2,19,6,21
9:35:14,2192,2192,2192.2,1,7,21
9:35:15,2192,2191.8,2192,7,3,3
9:35:15,2192,2191.8,2192.2,3,6,21
9:35:16,2192,2191.8,2192,2,37,1
9:35:16,2192,2192,2192.2,3,7,27
9:35:17,2192,2192,2192.2,3,14,31
9:35:17,2192,2192,2192.2,24,12,31
9:35:18,2192,2192,2192.2,9,20,25
9:35:18,2192.2,2192,2192.2,8,29,17
9:35:19,2192.2,2192,2192.2,5,26,15
9:35:19,2192.2,2192,2192.2,3,24,18
9:35:20,2192.2,2192,2192.2,12,26,7
9:35:20,2192,2192,2192.2,9,27,2
9:35:21,2192.2,2192.2,2192.4,9,7,37
9:35:21,2192,2192,2192.2,12,34,5
9:35:22,2192.2,2192.2,2192.4,5,6,51
9:35:22,2192.2,2192,2192.2,13,29,39
9:35:23,2192.2,2192,2192.2,5,28,55
9:35:23,2192.2,2192,2192.2,72,12,3
9:35:24,2192,2191.8,2192,23,92,10
9:35:24,2192,2191.8,2192,2,94,28
9:35:25,2192,2191.8,2192,58,54,12
9:35:25,2191.8,2191.8,2192,6,52,14
9:35:26,2191.8,2191.8,2192,18,54,9
9:35:26,2191.8,2191.8,2192,19,39,5
9:35:27,2191.8,2191.8,2192.2,40,27,23
9:35:27,2192,2192,2192.2,16,8,23
9:35:28,2192.2,2192,2192.2,1,9,22
9:35:29,2192.2,2192,2192.2,14,2,21
9:35:29,2191.8,2191.8,2192,3,28,8
9:35:30,2192,2191.8,2192,8,29,3
9:35:30,2192,2191.8,2192,7,23,19
9:35:31,2192,2191.8,2192,24,10,19
9:35:32,2191.8,2191.8,2192,4,8,18
9:35:32,2191.8,2191.8,2192,15,2,21
9:35:34,2191.8,2191.8,2192,5,13,22
9:35:34,2191.8,2191.8,2192,9,6,20
9:35:35,2191.8,2191.8,2192,6,11,16
9:35:35,2191.8,2191.8,2192,3,8,18
9:35:36,2191.8,2191.8,2192,10,3,13
9:35:36,2191.8,2191.6,2192,8,25,8
9:35:37,2192,2191.8,2192,2,2,14
9:35:37,2191.8,2191.8,2192,5,2,14
9:35:38,2191.6,2191.6,2192,33,8,12
9:35:39,2191.6,2191.6,2191.8,2,8,2
9:35:40,2191.6,2191.6,2191.8,2,6,62
9:35:40,2191.6,2191.4,2191.6,9,31,31
9:35:41,2191.6,2191.4,2191.6,20,12,33
9:35:41,2191.4,2191.2,2191.4,12,55,1
9:35:42,2191.4,2191.2,2191.4,10,50,8
9:35:42,2191.4,2191.4,2191.6,28,26,33
9:35:43,2191.2,2191.2,2191.4,27,42,46
9:35:43,2191.2,2191.2,2191.4,4,38,48
9:35:44,2191.4,2191.2,2191.4,19,41,39
9:35:44,2191.6,2191.4,2191.8,48,7,78
9:35:45,2191.4,2191.4,2191.8,2,7,78
9:35:45,2191.4,2191.4,2191.8,4,35,90
9:35:46,2191.4,2191.4,2191.8,2,34,93
9:35:46,2191.4,2191.4,2191.6,7,41,1
9:35:47,2191.6,2191.6,2191.8,5,1,87
9:35:47,2191.8,2191.4,2191.8,3,29,85
9:35:48,2191.4,2191.4,2191.6,18,22,1
9:35:48,2191.4,2191.4,2191.6,1,24,4
9:35:49,2191.4,2191.4,2191.6,5,19,18
9:35:49,2191.2,2191.2,2191.4,22,49,7
9:35:50,2191.2,2191.2,2191.4,8,45,26
9:35:50,2191.2,2191.2,2191.4,2,43,29
9:35:51,2191.4,2191.2,2191.4,8,36,29
9:35:51,2191.4,2191,2191.2,43,60,12
9:35:52,2191,2191,2191.2,14,55,11
9:35:52,2191,2191,2191.2,44,15,56
9:35:53,2191,2190.8,2191,20,32,4
9:35:53,2190.8,2190.8,2191,14,26,5
9:35:54,2191,2191,2191.2,22,32,40
9:35:54,2191,2191,2191.2,33,9,40
9:35:55,2191.2,2191,2191.2,7,10,40
9:35:55,2190.8,2190.8,2191.2,38,5,38
9:35:56,2191,2190.8,2191.2,18,6,38
9:35:56,2191.2,2190.8,2191,7,5,2
9:35:57,2191,2191,2191.2,7,37,36
9:35:57,2191.2,2191,2191.2,9,31,34
9:35:58,2191,2191,2191.2,10,23,35
9:35:58,2191.2,2191,2191.2,7,18,34
9:35:59,2191.2,2191,2191.2,12,8,33
9:35:59,2191.2,2191.2,2191.4,45,9,32
9:36:00,2191,2190.8,2191,14,37,17
9:36:00,2190.8,2190.8,2191.2,44,26,6
9:36:01,2191.2,2190.8,2191.2,28,9,3
9:36:01,2190.6,2190.6,2190.8,66,22,9
9:36:02,2190.6,2190.6,2191,30,4,4
9:36:02,2190.8,2190.4,2190.6,17,14,1
9:36:03,2190.4,2190.2,2190.4,21,54,1
9:36:03,2190.2,2190.2,2191.2,26,44,12
9:36:04,2190.6,2190.4,2191,97,10,36
9:36:04,2190.4,2190.4,2190.8,54,7,13
9:36:05,2190.4,2190.4,2190.6,25,10,21
9:36:05,2190.6,2190.4,2190.6,20,2,21
9:36:06,2190.6,2190.6,2190.8,36,9,22
9:36:06,2190.6,2190.6,2190.8,11,2,22
9:36:07,2190.6,2190.4,2190.6,16,17,2
9:36:07,2190.4,2190.4,2190.8,5,17,24
9:36:08,2190.6,2190.4,2190.8,12,8,24
9:36:08,2190.6,2190.6,2190.8,14,9,14
9:36:09,2190.6,2190.6,2190.8,6,7,14
9:36:09,2190.6,2190.6,2190.8,18,20,12
9:36:10,2190.8,2190.8,2191,39,38,31
9:36:10,2190.8,2190.8,2191,18,27,29
9:36:11,2190.8,2190.8,2191,1,26,29
9:36:11,2191,2190.8,2191,8,26,23
9:36:12,2191,2190.8,2191,4,23,32
9:36:12,2191,2190.8,2191,15,19,21
9:36:13,2191,2190.8,2191,3,19,19
9:36:13,2190.8,2190.8,2191,1,16,26
9:36:14,2190.8,2190.8,2191,10,10,26
9:36:14,2190.8,2190.8,2191,8,2,26
9:36:15,2190.6,2190.6,2190.8,6,39,18
9:36:15,2190.6,2190.6,2190.8,10,34,18
9:36:16,2190.8,2190.6,2190.8,7,31,16
9:36:16,2190.8,2190.8,2191,20,1,13
9:36:17,2190.6,2190.6,2190.8,3,36,1
9:36:17,2190.6,2190.6,2190.8,2,35,1
9:36:18,2190.8,2190.8,2191,33,2,13
9:36:18,2190.6,2190.6,2190.8,4,2,33
9:36:19,2190.6,2190.4,2190.6,7,57,1
9:36:19,2190.6,2190.6,2190.8,19,5,30
9:36:20,2190.6,2190.6,2190.8,4,4,30
9:36:20,2190.8,2190.6,2190.8,5,5,75
9:36:21,2190.8,2190.6,2190.8,8,9,76
9:36:21,2190.6,2190.6,2190.8,8,3,76
9:36:22,2190.6,2190.4,2190.6,5,55,40
9:36:22,2190.6,2190.4,2190.6,6,55,37
9:36:23,2190.4,2190.4,2190.6,2,56,36
9:36:23,2190.4,2190.4,2190.6,6,70,38
9:36:24,2190.4,2190.4,2190.6,7,64,37
9:36:24,2190.4,2190.4,2190.6,1,63,37
9:36:25,2190.6,2190.4,2190.6,9,58,37
9:36:25,2190.4,2190.4,2190.6,2,71,37
9:36:26,2190.4,2190.4,2190.6,48,23,38
9:36:26,2190.6,2190.4,2190.6,13,23,46
9:36:27,2190.4,2190.4,2190.6,11,13,45
9:36:27,2190.6,2190.4,2190.6,31,40,20
9:36:28,2190.4,2190.4,2190.6,16,60,19
9:36:28,2190.6,2190.4,2190.6,9,60,11
9:36:29,2190.6,2190.6,2190.8,12,44,56
9:36:29,2190.6,2190.6,2190.8,43,52,27
9:36:30,2190.8,2190.6,2190.8,24,38,7
9:36:30,2190.8,2190.6,2190.8,2,44,5
9:36:31,2190.8,2190.8,2191,27,7,31
9:36:31,2190.8,2190.8,2191,6,3,31
9:36:32,2190.8,2190.8,2191,4,10,30
9:36:33,2190.8,2190.6,2191,11,79,29
9:36:34,2191,2190.8,2191,4,1,28
9:36:34,2190.8,2190.6,2190.8,3,72,10
9:36:35,2190.6,2190.6,2190.8,6,67,9
9:36:35,2190.8,2190.6,2190.8,1,68,12
9:36:36,2190.8,2190.6,2190.8,4,66,10
9:36:36,2190.8,2190.6,2190.8,32,60,6
9:36:37,2190.8,2190.6,2190.8,1,61,7
9:36:37,2190.8,2190.6,2190.8,2,61,10
9:36:38,2191,2190.8,2191,13,13,42
9:36:38,2191,2190.8,2191,3,12,39
9:36:39,2190.8,2190.8,2191,5,11,38
9:36:39,2190.8,2190.8,2191,9,23,33
9:36:40,2190.8,2190.8,2191,2,21,33
9:36:40,2190.8,2190.8,2191,7,16,31
9:36:42,2191,2190.8,2191,2,25,29
9:36:42,2191,2190.8,2191,2,26,28
9:36:43,2191,2190.8,2191,3,25,27
9:36:43,2191,2190.8,2191,1,25,26
9:36:44,2191,2190.8,2191,3,18,23
9:36:44,2190.8,2190.8,2191,23,15,4
9:36:45,2190.8,2190.8,2191,1,15,5
9:36:45,2190.8,2190.8,2191.2,6,14,31
9:36:46,2191.2,2190.8,2191.2,2,14,30
9:36:46,2191,2191,2191.2,2,4,33
9:36:47,2191.2,2190.8,2191.2,5,17,32
9:36:47,2191.2,2190.8,2191.2,2,19,31
9:36:48,2190.8,2190.8,2191.2,18,19,16
9:36:48,2190.8,2190.8,2191.2,12,19,5
9:36:49,2191.2,2191,2191.2,2,1,4
9:36:49,2191.2,2190.8,2191.2,3,17,2
9:36:50,2191.2,2191,2191.2,1,1,1
9:36:50,2191.2,2191.2,2191.4,1,26,33
9:36:51,2191.2,2191.2,2191.4,15,16,29
9:36:51,2191.4,2191.2,2191.4,5,12,28
9:36:52,2191.4,2191.2,2191.4,7,13,21
9:36:52,2191.4,2191.2,2191.4,6,11,19
9:36:53,2191.4,2191.2,2191.4,2,14,18
9:36:53,2191.4,2191.2,2191.4,5,13,15
9:36:54,2191.4,2191.2,2191.4,4,14,21
9:36:54,2191.4,2191.2,2191.4,6,13,17
9:36:55,2191.4,2191.2,2191.4,5,14,13
9:36:55,2191.4,2191.2,2191.4,2,16,11
9:36:56,2191.2,2191.2,2191.4,10,11,8
9:36:56,2191.4,2191.2,2191.4,2,11,6
9:36:57,2191.4,2191.2,2191.4,3,10,5
9:36:57,2191.2,2191.2,2191.4,4,10,2
9:36:58,2191.4,2191.2,2191.6,7,6,28
9:36:58,2191.2,2191,2191.4,6,6,2
9:36:59,2191.4,2191.2,2191.4,17,1,3
9:36:59,2191.4,2191,2191.4,3,1,19
9:37:00,2190.8,2190.8,2191,18,8,16
9:37:00,2190.8,2190.8,2191.4,37,6,10
9:37:01,2191.4,2191.4,2191.6,18,13,33
9:37:01,2191.2,2191.2,2191.6,35,7,39
9:37:02,2191.6,2191.2,2191.4,39,1,9
9:37:02,2191.6,2191,2191.4,27,1,7
9:37:03,2191,2191,2191.2,12,3,1
9:37:03,2191.2,2190.8,2191.2,12,11,7
9:37:04,2191.2,2190.8,2191.2,12,8,5
9:37:04,2191.2,2190.8,2191.2,10,3,12
9:37:05,2191.2,2190.8,2191,3,6,1
9:37:05,2191,2190.8,2191.2,2,5,13
9:37:06,2191,2190.8,2191,8,15,18
9:37:06,2190.8,2190.8,2191,11,5,18
9:37:07,2191,2190.8,2191,7,7,11
9:37:07,2190.8,2190.8,2191,7,1,15
9:37:08,2191,2191,2191.2,21,29,5
9:37:08,2191,2191,2191.2,8,30,4
9:37:09,2191,2191,2191.2,6,22,5
9:37:09,2191,2191,2191.2,9,24,5
9:37:10,2191.2,2191.2,2191.4,7,6,25
9:37:10,2191.2,2191,2191.4,19,12,25
9:37:11,2191.4,2191,2191.4,2,12,24
9:37:11,2191.2,2191,2191.4,3,11,23
9:37:12,2191,2191,2191.2,3,13,8
9:37:13,2191,2191,2191.2,3,12,7
9:37:13,2191,2191,2191.2,7,8,10
9:37:14,2191,2191,2191.2,1,12,11
9:37:14,2191.2,2190.8,2191.2,20,13,6
9:37:15,2191,2191,2191.2,10,5,20
9:37:16,2191,2191,2191.2,1,6,21
9:37:16,2191.2,2191,2191.2,1,6,21
9:37:17,2191.2,2191,2191.2,3,10,19
9:37:17,2191,2191,2191.2,2,8,19
9:37:18,2191.2,2191,2191.2,1,24,18
9:37:18,2191.2,2191,2191.2,8,24,12
9:37:19,2191,2191,2191.2,11,24,3
9:37:19,2191.2,2191.2,2191.4,3,3,34
9:37:20,2191.2,2191.2,2191.4,4,7,33
9:37:20,2191.4,2191.2,2191.4,5,4,32
9:37:21,2191.4,2191.2,2191.4,3,5,30
9:37:21,2191,2191,2191.2,21,20,42
9:37:22,2191.2,2191,2191.2,9,17,41
9:37:22,2191,2190.8,2191.2,17,17,48
9:37:23,2191.2,2190.8,2191.2,7,18,43
9:37:23,2190.8,2190.8,2191,4,16,7
9:37:24,2191,2190.8,2191,3,16,5
9:37:24,2191,2191,2191.2,6,6,37
9:37:25,2191,2191,2191.2,1,7,38
9:37:25,2191,2191,2191.2,4,5,38
9:37:26,2191.2,2191,2191.2,5,5,35
9:37:27,2191.2,2191,2191.2,10,3,27
9:37:27,2191,2191,2191.2,1,2,29
9:37:28,2191.2,2190.8,2191,4,18,1
9:37:28,2190.8,2190.8,2191,3,17,1
9:37:29,2190.8,2190.8,2191,5,20,1
9:37:30,2191.2,2190.8,2191.2,6,20,31
9:37:30,2191.2,2191,2191.2,2,10,31
9:37:31,2191,2191,2191.2,1,11,32
9:37:32,2191,2190.8,2191,13,29,20
9:37:32,2190.6,2190.6,2190.8,36,91,43
9:37:33,2190.6,2190.6,2190.8,26,68,41
9:37:33,2190.6,2190.6,2190.8,60,11,31
9:37:34,2190.8,2190.4,2190.6,17,138,9
9:37:34,2190.4,2190.4,2190.6,7,136,4
9:37:35,2190.4,2190.4,2190.6,12,126,8
9:37:35,2190.6,2190.4,2190.6,28,100,6
9:37:36,2190.4,2190.4,2190.6,18,87,1
9:37:36,2190.4,2190.4,2190.6,8,80,1
9:37:37,2190.4,2190.4,2190.6,9,71,8
9:37:37,2190.4,2190.4,2190.8,56,44,26
9:37:38,2190.4,2190.4,2190.6,4,40,8
9:37:38,2190.4,2190.4,2190.6,15,35,10
9:37:39,2190.4,2190.4,2190.6,3,37,8
9:37:39,2190.4,2190.4,2190.6,2,36,8
9:37:40,2190.4,2190.4,2190.6,5,35,5
9:37:40,2190.6,2190.6,2190.8,7,3,28
9:37:41,2190.8,2190.6,2190.8,7,4,27
9:37:41,2190.8,2190.6,2190.8,14,12,17
9:37:42,2190.6,2190.6,2190.8,2,13,17
9:37:42,2190.6,2190.6,2190.8,1,17,16
9:37:43,2190.8,2190.6,2190.8,1,21,15
9:37:43,2190.6,2190.6,2190.8,10,19,15
9:37:44,2190.6,2190.6,2190.8,7,14,14
9:37:44,2190.6,2190.6,2190.8,3,11,14
9:37:45,2190.8,2190.6,2190.8,2,10,15
9:37:45,2190.6,2190.6,2190.8,3,11,15
9:37:46,2190.8,2190.6,2190.8,2,14,13
9:37:46,2190.6,2190.6,2190.8,2,13,13
9:37:47,2190.6,2190.6,2190.8,5,9,13
9:37:47,2190.8,2190.6,2190.8,14,7,2
9:37:48,2190.6,2190.6,2190.8,8,1,4
9:37:48,2190.4,2190.4,2190.6,2,41,3
9:37:49,2190.6,2190.4,2190.6,28,31,34
9:37:49,2190.4,2190.4,2190.6,1,29,39
9:37:50,2190.4,2190.4,2190.6,16,15,50
9:37:50,2190.4,2190.2,2190.4,15,171,17
9:37:51,2190.2,2190.2,2190.4,1,166,32
9:37:51,2190.4,2190.2,2190.4,2,165,26
9:37:52,2190.2,2190.2,2190.4,10,155,34
9:37:52,2190.2,2190.2,2190.4,18,149,26
9:37:53,2190.2,2190.2,2190.4,8,144,24
9:37:53,2190.2,2190.2,2190.4,12,133,26
9:37:54,2190.2,2190.2,2190.4,42,90,19
9:37:54,2190.4,2190.2,2190.4,19,102,11
9:37:55,2190.2,2190.2,2190.4,2,100,21
9:37:55,2190.2,2190.2,2190.4,5,105,24
9:37:56,2190.2,2190.2,2190.4,35,78,18
9:37:56,2190.4,2190.2,2190.4,8,72,15
9:37:57,2190.2,2190.2,2190.4,31,44,15
9:37:57,2190.2,2190.2,2190.4,16,37,8
9:37:58,2190.2,2190,2190.2,46,301,3
9:37:58,2190,2190,2190.2,6,300,20
9:37:59,2190,2190,2190.2,154,166,4
9:37:59,2190,2190,2190.2,63,103,5
9:38:00,2190,2190,2190.2,71,74,4
9:38:00,2190.2,2190.2,2190.6,51,4,7
9:38:01,2190.4,2190.2,2190.6,45,19,9
9:38:01,2190.2,2190.4,2190.6,20,2,8
9:38:02,2190.6,2190.4,2190.6,11,4,7
9:38:02,2190.4,2190.4,2190.6,9,2,5
9:38:03,2190.4,2190.4,2190.6,5,3,3
9:38:03,2190.6,2190.4,2190.6,7,3,7
9:38:04,2190.4,2190.4,2190.6,3,2,15
9:38:04,2190.2,2190.2,2190.6,6,72,17
9:38:05,2190.6,2190.4,2190.6,3,1,14
9:38:05,2190.6,2190.4,2190.6,8,8,22
9:38:06,2190.4,2190.4,2190.6,3,14,21
9:38:06,2190.4,2190.4,2190.6,5,24,28
9:38:07,2190.6,2190.4,2190.6,13,30,15
9:38:07,2190.6,2190.6,2190.8,15,4,21
9:38:08,2190.6,2190.6,2190.8,2,15,23
9:38:08,2190.6,2190.6,2190.8,4,15,22
9:38:09,2190.8,2190.6,2190.8,1,34,23
9:38:09,2190.8,2190.6,2190.8,5,35,22
9:38:10,2190.8,2190.6,2190.8,4,35,19
9:38:10,2190.8,2190.6,2190.8,5,35,15
9:38:11,2190.8,2190.6,2190.8,1,35,13
9:38:11,2190.6,2190.6,2190.8,2,34,16
9:38:12,2190.8,2190.6,2190.8,4,33,12
9:38:12,2190.8,2190.6,2190.8,6,31,7
9:38:13,2190.8,2190.6,2190.8,5,29,2
9:38:13,2190.8,2190.8,2191,4,3,38
9:38:14,2191,2190.8,2191,1,6,37
9:38:14,2190.8,2190.8,2191,4,4,37
9:38:15,2191,2190.8,2191,9,26,28
9:38:15,2191,2190.8,2191,3,24,29
9:38:16,2190.8,2190.8,2191,5,25,25
9:38:17,2191,2190.8,2191,3,30,24
9:38:17,2191,2190.8,2191,3,30,21
9:38:18,2190.8,2190.8,2191,1,30,21
9:38:19,2190.8,2190.8,2191,2,29,25
9:38:19,2191,2190.8,2191,1,29,27
9:38:20,2190.8,2190.8,2191,11,23,24
9:38:20,2190.8,2190.8,2191,4,19,26
9:38:21,2190.8,2190.8,2191,3,16,30
9:38:21,2190.8,2190.8,2191,2,15,31
9:38:22,2190.8,2190.8,2191,3,12,31
9:38:22,2190.8,2190.8,2191,3,11,28
9:38:23,2190.8,2190.8,2191,9,2,29
9:38:23,2190.8,2190.6,2190.8,2,8,4
9:38:24,2190.6,2190.6,2190.8,3,5,2
9:38:24,2190.6,2190.6,2190.8,1,5,7
9:38:25,2190.6,2190.6,2190.8,2,4,9
9:38:25,2190.8,2190.6,2190.8,1,5,19
9:38:26,2190.8,2190.6,2190.8,1,5,21
9:38:27,2190.6,2190.4,2190.8,10,17,20
9:38:27,2190.8,2190.4,2190.8,2,16,19
9:38:28,2190.8,2190.4,2190.8,1,16,19
9:38:28,2190.4,2190.6,2190.8,2,1,20
9:38:29,2190.6,2190.6,2190.8,1,1,20
9:38:29,2190.6,2190.4,2190.6,1,15,12
9:38:30,2190.6,2190.4,2190.6,1,15,23
9:38:31,2190.6,2190.4,2190.6,1,19,22
9:38:31,2190.4,2190.4,2190.6,3,18,22
9:38:32,2190.4,2190.2,2190.4,20,77,20
9:38:32,2190.4,2190.2,2190.4,3,81,17
9:38:33,2190.4,2190.2,2190.4,9,86,32
9:38:33,2190.4,2190.2,2190.4,13,86,19
9:38:34,2190.4,2190.2,2190.4,9,86,12
9:38:34,2190.4,2190.2,2190.6,12,86,14
9:38:35,2190.2,2190.2,2190.6,20,54,4
9:38:35,2190.2,2190.4,2190.6,2,1,5
9:38:36,2190.2,2190.4,2190.6,1,3,4
9:38:36,2190.4,2190.4,2190.6,27,9,10
9:38:37,2190.4,2190.4,2190.6,3,9,11
9:38:37,2190.4,2190.4,2190.6,3,6,20
9:38:38,2190.4,2190.4,2190.6,6,20,20
9:38:38,2190.6,2190.4,2190.6,12,19,2
9:38:39,2190.6,2190.4,2190.6,1,19,5
9:38:39,2190.4,2190.4,2190.6,4,18,4
9:38:40,2190.4,2190.4,2190.6,2,22,4
9:38:40,2190.6,2190.4,2190.6,8,17,3
9:38:42,2190.6,2190.4,2190.6,9,19,11
9:38:43,2190.4,2190.4,2190.6,2,21,11
9:38:43,2190.6,2190.4,2190.6,3,19,14
9:38:44,2190.4,2190.4,2190.6,1,19,15
9:38:44,2190.4,2190.4,2190.6,2,19,14
9:38:45,2190.6,2190.4,2190.6,2,19,13
9:38:45,2190.6,2190.4,2190.6,2,22,12
9:38:47,2190.4,2190.2,2190.4,26,67,28
9:38:48,2190.4,2190.2,2190.4,2,68,31
9:38:48,2190.4,2190.2,2190.4,5,67,28
9:38:49,2190.4,2190.2,2190.4,7,67,30
9:38:49,2190.4,2190.2,2190.4,5,67,27
9:38:50,2190.4,2190.2,2190.4,2,69,30
9:38:50,2190.2,2190.2,2190.4,5,66,30
9:38:51,2190.4,2190.2,2190.4,2,66,28
9:38:51,2190.4,2190.2,2190.4,4,69,25
9:38:52,2190.4,2190.2,2190.4,8,57,18
9:38:52,2190.2,2190.2,2190.4,17,52,14
9:38:53,2190.2,2190.2,2190.4,53,1,12
9:38:53,2190.2,2190,2190.2,4,114,1
9:38:54,2190,2190,2190.2,22,108,4
