9:14:00,2283.2,2283.2,2283.4,144,80,1
9:15:00,2285.2,2285.2,2285.6,185,18,3
9:15:01,2286.8,2285.8,2287,144,6,25
9:15:01,2288.8,2287,2289,211,36,4
9:15:02,2287.4,2287.4,2288.6,160,6,5
9:15:02,2288.2,2287.6,2288.2,143,4,23
9:15:03,2287,2287,2287.6,92,46,11
9:15:03,2287,2287,2287.4,148,2,24
9:15:04,2286.8,2285.6,2286.8,73,39,2
9:15:04,2286,2286,2286.4,70,7,24
9:15:05,2284.6,2284.2,2284.6,128,19,1
9:15:05,2284.6,2284,2284.2,142,29,5
9:15:06,2283.8,2283.8,2284,47,9,1
9:15:06,2284,2284,2284.2,56,18,3
9:15:07,2284.2,2284.2,2285.6,73,57,16
9:15:07,2284.6,2284.6,2285,61,37,2
9:15:08,2286,2285.2,2286,43,17,26
9:15:08,2285.6,2285.6,2285.8,26,9,20
9:15:09,2286,2285.8,2286,46,40,16
9:15:09,2286,2285.8,2286.2,38,36,23
9:15:10,2286.2,2286.2,2286.8,75,60,3
9:15:10,2286.6,2286.4,2286.8,70,14,10
9:15:11,2286.8,2286.8,2287,49,1,122
9:15:11,2286.8,2286.6,2286.8,42,10,2
9:15:12,2286.4,2286.2,2286.4,40,12,45
9:15:12,2286.2,2284.6,2286,257,9,35
9:15:13,2285.6,2284.8,2285.6,31,14,58
9:15:13,2284.6,2284.4,2284.6,31,2,6
9:15:14,2284.6,2284.4,2284.6,53,2,30
9:15:14,2284.2,2284,2284.2,25,6,3
9:15:15,2284.4,2283.6,2284.2,39,81,2
9:15:15,2283.8,2283.6,2284,24,83,10
9:15:16,2284.2,2284.2,2284.4,42,6,22
9:15:16,2284.2,2284,2284.2,45,3,1
9:15:17,2284,2283.8,2284,22,64,4
9:15:17,2284,2284,2284.6,67,7,54
9:15:18,2284.2,2284.2,2284.6,66,7,7
9:15:18,2284.2,2284.2,2284.8,45,17,21
9:15:19,2284.2,2284.2,2284.4,39,12,13
9:15:19,2284.6,2284.4,2284.6,76,2,14
9:15:20,2284,2284,2284.4,14,8,1
9:15:20,2284.4,2284.4,2285,49,3,8
9:15:21,2284.8,2284.4,2284.8,35,24,3
9:15:21,2284.4,2284.6,2286,63,5,19
9:15:22,2286,2285.2,2286,77,9,12
9:15:22,2285.6,2285.6,2285.8,30,17,6
9:15:23,2286.2,2286,2286.2,34,4,1
9:15:23,2286.4,2286.2,2287,39,10,162
9:15:24,2285.4,2285,2285.4,81,21,6
9:15:24,2286.8,2286.2,2286.8,78,7,26
9:15:25,2286.2,2286.2,2286.4,15,5,14
9:15:25,2285.4,2285.4,2285.6,36,11,1
9:15:26,2285.6,2285.6,2286,13,15,3
9:15:26,2285.6,2285.6,2286,16,1,10
9:15:27,2286,2286,2286.2,21,16,17
9:15:27,2286,2285.6,2286,34,3,5
9:15:28,2285.6,2285.6,2286,5,25,2
9:15:28,2286.2,2286,2286.2,18,4,14
9:15:29,2286,2285.6,2286,10,22,4
9:15:29,2285.6,2286,2286.2,14,49,13
9:15:30,2286,2286,2286.2,11,42,10
9:15:30,2285.8,2285.8,2286,58,9,17
9:15:31,2285.8,2285.8,2286,17,6,4
9:15:31,2285.8,2285.6,2285.8,16,20,17
9:15:32,2285.4,2285.4,2285.8,21,1,32
9:15:32,2285.4,2285.2,2285.4,22,3,36
9:15:33,2285,2284.8,2285.2,19,5,27
9:15:33,2284.6,2284.6,2284.8,9,53,9
9:15:34,2284.6,2284.6,2284.8,16,41,16
9:15:34,2284.8,2284.8,2285,50,8,14
9:15:35,2285,2285,2285.2,24,18,19
9:15:35,2285,2285,2285.2,30,8,7
9:15:36,2285.2,2285.2,2285.4,14,12,29
9:15:36,2285.2,2285.2,2285.4,15,14,28
9:15:37,2285.4,2285,2285.4,22,6,21
9:15:37,2285.4,2285,2285.4,5,2,20
9:15:38,2285.2,2284.8,2285.2,9,3,16
9:15:38,2284.8,2284.6,2284.8,7,11,2
9:15:39,2284.6,2284.4,2284.6,35,36,49
9:15:39,2284.6,2284.4,2284.6,45,6,36
9:15:40,2284.2,2284.2,2284.4,22,1,9
9:15:40,2284.4,2284,2284.2,14,29,3
9:15:41,2284.2,2284.2,2284.4,35,7,9
9:15:41,2284.2,2284.2,2284.4,20,27,4
9:15:42,2284.4,2284.4,2284.6,25,53,36
9:15:42,2284.6,2284.4,2284.6,17,45,27
9:15:43,2285,2285,2285.2,67,8,24
9:15:43,2284.6,2284.6,2285,17,23,2
9:15:44,2285,2285,2285.2,14,5,19
9:15:44,2285.2,2285,2285.2,5,3,19
9:15:45,2285,2284.8,2285,7,2,1
9:15:45,2285,2285,2285.2,8,4,30
9:15:46,2285.2,2285,2285.2,5,6,28
9:15:46,2285,2284.8,2285,39,7,11
9:15:47,2285,2285,2285.4,15,7,29
9:15:47,2285.2,2285,2285.4,1,19,34
9:15:48,2285,2285.2,2285.4,4,1,36
9:15:48,2285.2,2285.2,2285.4,24,1,16
9:15:49,2285.2,2285.2,2285.6,21,2,6
9:15:49,2285.6,2285,2285.2,3,18,3
9:15:50,2285.4,2285.4,2285.6,13,7,16
9:15:50,2285.4,2285.4,2285.6,2,6,19
9:15:51,2285.2,2285.2,2285.4,20,3,17
9:15:51,2285.4,2285.2,2285.4,15,2,4
9:15:52,2285.2,2285,2285.2,10,22,3
9:15:52,2285,2285,2285.2,21,1,3
9:15:53,2285,2284.8,2285,6,10,2
9:15:53,2284.6,2284.6,2284.8,13,36,11
9:15:54,2284.6,2284.6,2284.8,5,34,9
9:15:54,2284.6,2284.8,2285,31,1,8
9:15:55,2285,2285,2285.2,16,46,23
9:15:55,2285,2285,2285.2,27,22,11
9:15:56,2285.2,2285.2,2285.4,40,4,31
9:15:56,2284.6,2284.6,2285,14,33,3
9:15:57,2285,2284.8,2285,4,3,24
9:15:57,2284.8,2284.6,2284.8,11,32,36
9:15:58,2284.6,2284.6,2284.8,28,7,44
9:15:58,2284.6,2284.4,2284.6,32,58,17
9:15:59,2284.4,2284.4,2284.6,39,25,22
9:15:59,2284.6,2284.2,2284.6,42,33,15
9:16:00,2284.4,2284.2,2284.4,30,7,11
9:16:00,2284,2284,2284.8,51,45,16
9:16:01,2284.4,2284.2,2284.6,20,25,11
9:16:01,2284.4,2284.4,2284.6,48,6,14
9:16:02,2284.2,2284,2284.4,36,39,25
9:16:02,2284,2284,2284.2,30,20,4
9:16:03,2284,2283.8,2284,68,25,9
9:16:03,2283.8,2283.8,2284,23,7,8
9:16:04,2284,2283.6,2283.8,53,28,1
9:16:04,2284,2283.6,2284,18,35,4
9:16:05,2283.6,2283.8,2284.2,32,5,2
9:16:05,2284.4,2284,2284.4,27,40,8
9:16:06,2284.2,2284.2,2284.4,29,14,6
9:16:06,2284.2,2284.4,2284.6,41,6,22
9:16:07,2284.6,2284.4,2284.6,7,24,20
9:16:07,2284.4,2284.4,2284.6,18,16,14
9:16:08,2284.6,2284.4,2284.6,20,6,5
9:16:08,2284.6,2284,2284.4,41,17,1
9:16:09,2284.4,2284,2284.2,2,17,5
9:16:09,2284,2284,2284.4,15,11,21
9:16:10,2284,2284,2284.2,13,1,25
9:16:10,2284,2283.8,2284,10,4,7
9:16:11,2283.8,2283.6,2283.8,6,9,15
9:16:11,2283.6,2283.4,2283.8,18,86,29
9:16:12,2283.6,2283.4,2283.8,7,86,17
9:16:12,2283.4,2283.4,2283.6,31,83,4
9:16:13,2283.4,2283.4,2283.6,39,69,5
9:16:13,2283.6,2283.6,2283.8,50,8,2
9:16:14,2283.4,2283.4,2283.6,13,42,1
9:16:14,2283.2,2283.2,2283.4,57,83,28
9:16:15,2283.4,2283.2,2283.4,30,70,44
9:16:15,2283,2283,2283.2,111,88,60
9:16:16,2282.8,2282.6,2282.8,114,8,31
9:16:16,2282.2,2282.2,2282.4,35,2,1
9:16:17,2282.2,2281.4,2282.2,44,21,1
9:16:17,2281.6,2281.6,2282,22,46,14
9:16:18,2282,2282,2282.2,73,24,24
9:16:18,2282,2281.6,2282,63,30,6
9:16:19,2282,2281.8,2282,22,16,1
9:16:19,2282,2282.2,2282.4,20,1,2
9:16:20,2282,2282,2282.2,27,35,10
9:16:20,2282,2282,2282.2,29,37,10
9:16:21,2282.2,2282.2,2282.6,21,6,22
9:16:21,2282.2,2282.2,2282.6,19,24,20
9:16:22,2282.4,2282.4,2282.6,12,23,14
9:16:22,2283,2282.6,2283,52,3,10
9:16:23,2283,2282.2,2282.8,22,31,7
9:16:23,2282.2,2282.4,2282.6,15,8,33
9:16:24,2282.6,2282.2,2282.6,32,23,12
9:16:24,2282.2,2282.2,2282.4,9,22,7
9:16:25,2282.2,2282.2,2282.6,20,13,20
9:16:25,2282.2,2282,2282.2,21,39,4
9:16:26,2282,2282,2282.2,26,23,1
9:16:26,2282,2282,2282.2,18,7,1
9:16:27,2281.8,2281.8,2282,16,8,20
9:16:27,2282,2281.6,2281.8,32,20,2
9:16:28,2281.6,2281.6,2282,13,13,16
9:16:28,2281,2281.8,2282,57,1,17
9:16:29,2281,2282,2282.2,30,20,20
9:16:29,2282.2,2281.6,2282,45,2,1
9:16:30,2281.8,2281.6,2281.8,15,2,21
9:16:30,2281.6,2281.2,2281.6,60,9,16
9:16:31,2281.4,2281.2,2281.4,7,17,9
9:16:31,2281.4,2281.4,2281.6,21,5,18
9:16:32,2281.4,2281.4,2281.6,49,21,1
9:16:32,2281.8,2281.8,2282,9,3,12
9:16:33,2282.2,2282,2282.4,114,5,1
9:16:33,2282,2282,2282.4,8,12,8
9:16:34,2282,2282,2282.4,41,1,4
9:16:34,2282,2282,2282.4,14,17,9
9:16:35,2282.2,2281.6,2282.2,33,18,7
9:16:35,2282,2282,2282.2,5,4,6
9:16:36,2282,2281.8,2282,8,1,5
9:16:36,2281.6,2281.8,2282,9,7,17
9:16:37,2282,2281.8,2282,4,8,15
9:16:37,2281.8,2281.8,2282,5,8,20
9:16:38,2281.8,2281.6,2281.8,26,10,6
9:16:38,2281.8,2281.6,2281.8,13,9,1
9:16:39,2282,2281.4,2282,27,40,5
9:16:39,2281.6,2281.6,2281.8,8,4,2
9:16:40,2281.8,2281.6,2281.8,2,34,7
9:16:40,2281.6,2281.8,2282,18,13,2
9:16:41,2282,2282,2282.2,19,4,13
9:16:41,2282,2282,2282.2,12,7,7
9:16:42,2282,2282,2282.2,10,3,1
9:16:42,2282.2,2282.2,2282.4,4,17,20
9:16:43,2282.2,2282.2,2282.4,29,7,14
9:16:43,2282.2,2282.2,2282.4,3,4,16
9:16:44,2282,2282,2282.2,13,8,8
9:16:44,2282.2,2281.8,2282,25,10,1
9:16:45,2281.8,2281.8,2282.2,10,3,9
9:16:46,2282,2281.8,2282,1,5,9
9:16:46,2281.8,2281.8,2282,4,2,15
9:16:47,2282,2281.8,2282,12,3,12
9:16:47,2281.8,2281.6,2281.8,5,19,4
9:16:48,2282,2281.8,2282,36,1,6
9:16:48,2282,2281.8,2282,5,3,5
9:16:49,2281.8,2282,2282.2,15,1,16
9:16:49,2282,2281.8,2282,13,1,3
9:16:50,2281.8,2281.6,2281.8,16,12,19
9:16:50,2282,2281.8,2282,23,12,4
9:16:51,2281.8,2281.8,2282,3,12,3
9:16:51,2282,2281.8,2282.2,9,6,24
9:16:52,2282,2281.8,2282,3,7,6
9:16:52,2282,2281.8,2282,2,7,6
9:16:53,2281.6,2281.4,2281.6,19,32,15
9:16:53,2281.6,2281.4,2281.6,8,32,7
9:16:54,2281.6,2281.4,2281.6,5,31,25
9:16:54,2281.6,2281.4,2281.6,4,31,21
9:16:55,2281.6,2281.6,2281.8,33,3,30
9:16:55,2281.6,2281.6,2281.8,10,7,37
9:16:56,2281.8,2281.6,2281.8,3,38,36
9:16:56,2281.8,2281.6,2281.8,16,36,23
9:16:57,2282,2281.8,2282,41,44,18
9:16:57,2282,2281.8,2282,17,39,12
9:16:58,2282,2282,2282.2,18,1,30
9:16:58,2281.8,2282,2282.2,9,8,26
9:16:59,2282.2,2282,2282.2,13,6,24
9:16:59,2282,2281.8,2282,12,26,25
9:17:00,2281.8,2281.8,2282,24,9,23
9:17:00,2282,2281.8,2282,7,4,21
9:17:01,2282,2281.8,2282,7,1,26
9:17:01,2282,2281.6,2282,11,25,25
9:17:02,2281.6,2281.6,2282,29,19,14
9:17:02,2281.8,2281.8,2282,8,1,11
9:17:03,2282,2282,2282.2,27,13,26
9:17:03,2282.2,2282,2282.2,9,30,27
9:17:04,2282.2,2282,2282.2,8,41,22
9:17:04,2282.4,2282.2,2282.4,45,1,16
9:17:05,2282.2,2282.2,2282.4,15,12,6
9:17:05,2282.2,2282.2,2282.4,27,15,4
9:17:06,2282.2,2282.2,2282.4,4,13,4
9:17:06,2282.4,2282.2,2282.6,16,18,17
9:17:07,2282.2,2282,2282.2,21,12,5
9:17:07,2282.4,2282,2282.4,16,10,25
9:17:08,2282,2282,2282.2,5,9,24
9:17:08,2282.2,2282,2282.2,18,10,27
9:17:09,2282,2282,2282.2,13,3,23
9:17:09,2282,2281.8,2282,9,10,7
9:17:10,2281.8,2281.8,2282,5,7,5
9:17:10,2282,2281.8,2282,2,7,6
9:17:11,2282,2281.8,2282,25,1,6
9:17:11,2282,2281.6,2282,13,6,6
9:17:12,2281.6,2281.4,2281.6,27,6,2
9:17:12,2282,2281.8,2282,7,18,5
9:17:13,2282,2281.8,2282,14,6,8
9:17:13,2281.6,2281.4,2281.6,30,5,17
9:17:14,2281.6,2281.4,2281.6,3,5,21
9:17:14,2281.6,2281.2,2281.4,26,40,18
9:17:15,2281.4,2281.2,2281.4,13,40,12
9:17:15,2281.4,2281.2,2281.4,26,16,14
9:17:16,2281.2,2281.2,2281.4,16,7,12
9:17:16,2281,2281,2281.2,15,97,11
9:17:17,2281.2,2281,2281.2,39,86,9
9:17:17,2281,2281,2281.2,7,80,13
9:17:18,2281.4,2281.2,2281.4,27,12,10
9:17:18,2281.4,2281.2,2281.4,16,3,6
9:17:19,2281.6,2281.4,2281.6,10,2,19
9:17:19,2281.4,2281.4,2281.6,1,30,14
9:17:20,2281.4,2281.4,2281.6,40,8,2
9:17:20,2281.6,2281.4,2281.8,9,14,1
9:17:21,2281.4,2281.2,2281.8,23,18,9
9:17:21,2281,2281.6,2281.8,22,1,22
9:17:22,2281.6,2281.4,2281.6,5,24,3
9:17:22,2281.4,2281.4,2281.6,6,20,17
9:17:23,2281.4,2281.2,2281.4,21,15,4
9:17:24,2281.4,2281.2,2281.4,28,12,3
9:17:24,2281.2,2281.2,2281.4,6,6,28
9:17:25,2281.2,2281,2281.2,10,102,21
9:17:25,2281.2,2281,2281.2,51,56,21
9:17:26,2281,2281,2281.2,44,34,1
9:17:26,2281,2280.8,2281,38,35,14
9:17:27,2281,2280.6,2281,54,65,11
9:17:27,2281,2280.6,2281,27,50,12
9:17:28,2280.8,2280.8,2281,6,37,13
9:17:28,2281,2281,2281.2,20,6,19
9:17:29,2281,2281,2281.4,25,21,18
9:17:29,2281,2281,2281.4,26,3,12
9:17:30,2281,2281,2281.4,1,7,14
9:17:30,2280.8,2280.8,2281.4,21,28,14
9:17:31,2280.8,2281,2281.2,6,5,3
9:17:31,2281.2,2281.2,2281.4,11,10,10
9:17:32,2281.2,2281,2281.2,24,1,1
9:17:32,2281,2281,2281.2,39,4,2
9:17:33,2281,2281,2281.2,6,10,4
9:17:33,2281.2,2281.2,2281.4,20,2,11
9:17:34,2281.4,2281.4,2281.6,16,1,16
9:17:34,2281.4,2281.2,2281.4,4,20,2
9:17:35,2281.4,2281.2,2281.4,1,26,2
9:17:35,2281.4,2281.2,2281.6,4,26,18
9:17:36,2281.2,2281.4,2281.6,4,3,18
9:17:36,2281.6,2281.4,2281.6,10,4,10
9:17:37,2281.6,2281.4,2281.6,5,2,9
9:17:38,2281.4,2281.4,2281.6,4,4,15
9:17:38,2281.6,2281.6,2281.8,17,5,4
9:17:39,2281.6,2281.6,2281.8,1,5,4
9:17:40,2281.8,2281.6,2281.8,4,4,24
9:17:40,2281.8,2281.6,2281.8,3,4,21
9:17:41,2281.4,2281.4,2281.6,9,5,3
9:17:41,2281.8,2281.6,2281.8,25,1,1
9:17:42,2281.6,2281.4,2281.8,2,4,5
9:17:42,2282,2281.8,2282,11,4,84
9:17:43,2281.8,2281.4,2281.6,19,18,5
9:17:43,2281.4,2281.4,2281.6,5,22,16
9:17:44,2281.6,2281.6,2281.8,20,16,4
9:17:44,2281.6,2281.6,2281.8,12,14,11
9:17:45,2281.8,2281.6,2281.8,13,16,3
9:17:45,2281.6,2281.6,2281.8,14,6,2
9:17:46,2281.8,2281.6,2281.8,1,9,1
9:17:46,2281.8,2281.6,2281.8,9,9,8
9:17:47,2281.8,2281.6,2281.8,6,18,4
9:17:47,2281.8,2281.6,2281.8,1,22,3
9:17:48,2281.8,2281.6,2281.8,1,22,4
9:17:48,2281.8,2281.6,2281.8,5,22,9
9:17:49,2281.8,2281.6,2281.8,6,24,5
9:17:49,2281.6,2281.6,2281.8,21,5,4
9:17:50,2281.6,2281.4,2281.6,5,35,12
9:17:50,2281.6,2281.4,2281.6,8,32,13
9:17:51,2281.6,2281.4,2281.6,8,25,11
9:17:51,2281.4,2281.2,2281.6,21,20,13
9:17:52,2281.8,2281.2,2281.4,20,22,2
9:17:52,2281.2,2281.2,2281.4,7,19,7
9:17:53,2281.4,2281.2,2281.4,9,11,6
9:17:53,2281.6,2281.2,2281.8,9,11,4
9:17:54,2281.2,2281.2,2281.8,1,11,9
9:17:54,2281.2,2281.4,2281.6,2,9,1
9:17:55,2281.4,2281.4,2281.6,6,15,6
9:17:55,2281.6,2281.4,2281.6,1,16,5
9:17:56,2281.6,2281.4,2281.6,1,13,5
9:17:56,2281.6,2281.6,2281.8,5,2,57
9:17:57,2281.6,2281.6,2281.8,1,3,35
9:17:57,2281.6,2281.4,2281.6,9,26,7
9:17:58,2281.8,2281.6,2281.8,17,5,37
9:17:58,2281.6,2281.6,2281.8,3,3,37
9:17:59,2281.6,2281.6,2281.8,1,11,41
9:17:59,2281.6,2281.6,2281.8,6,11,36
9:18:00,2281.8,2281.6,2281.8,2,17,34
9:18:00,2281.8,2281.6,2281.8,1,37,33
9:18:01,2281.6,2281.6,2281.8,41,8,16
9:18:01,2281.8,2281.8,2282,25,8,96
9:18:02,2282,2281.8,2282,8,8,93
9:18:02,2281.8,2281.8,2282,16,6,79
9:18:03,2282,2281.8,2282,5,8,75
9:18:03,2282,2281.8,2282,6,6,71
9:18:04,2281.8,2281.8,2282,10,5,64
9:18:04,2281.6,2281.6,2282,10,11,65
9:18:05,2282,2281.8,2282,1,2,64
9:18:05,2282,2281.6,2282,12,14,56
9:18:06,2282,2281.6,2282,7,15,50
9:18:06,2282,2281.6,2282,2,15,48
9:18:07,2282,2281.6,2281.8,1,15,1
9:18:07,2282,2281.6,2282,26,13,27
9:18:08,2281.8,2281.6,2281.8,5,43,10
9:18:08,2281.8,2281.6,2281.8,3,44,8
9:18:09,2282,2281.8,2282,12,10,34
9:18:09,2282,2281.8,2282,15,11,20
9:18:10,2281.8,2281.8,2282,9,17,15
9:18:10,2282,2282,2282.2,17,5,10
9:18:11,2282,2282,2282.2,7,7,4
9:18:11,2282.4,2282,2282.4,13,8,13
9:18:12,2282.2,2282,2282.2,14,19,8
9:18:13,2282.2,2282,2282.2,9,20,11
9:18:13,2282,2282,2282.2,5,22,18
9:18:14,2282.2,2282,2282.2,3,18,36
9:18:14,2282,2282,2282.2,11,17,29
9:18:15,2282.2,2282,2282.2,13,6,26
9:18:15,2282.2,2282,2282.2,7,4,22
9:18:16,2282.2,2282,2282.2,17,13,14
9:18:16,2282.2,2282,2282.2,4,12,11
9:18:17,2282,2282.2,2282.4,44,4,7
9:18:17,2282.2,2282.2,2282.4,3,2,6
9:18:18,2282.2,2282.2,2282.4,2,22,5
9:18:18,2282.4,2282.4,2282.6,17,5,58
9:18:19,2282.4,2282.2,2282.4,16,12,45
9:18:19,2282.2,2282.2,2282.4,13,11,35
9:18:20,2282.4,2282.2,2282.4,5,4,37
9:18:20,2282.4,2282.2,2282.4,2,6,39
9:18:21,2282,2282,2282.2,16,40,3
9:18:21,2282.2,2282.2,2282.4,9,2,30
9:18:22,2282,2282,2282.2,4,39,4
9:18:22,2282.2,2282,2282.2,1,41,5
9:18:23,2281.8,2281.8,2282,46,12,11
9:18:23,2282,2281.8,2282,3,12,9
9:18:24,2282,2281.8,2282,17,9,10
9:18:24,2281.8,2281.8,2282,9,1,12
9:18:25,2282,2281.8,2282,2,6,12
9:18:26,2282,2281.8,2282,7,7,5
9:18:27,2282,2281.8,2282,3,8,6
9:18:27,2281.8,2281.8,2282,7,6,17
9:18:28,2282,2282,2282.2,22,2,30
9:18:28,2282.2,2282,2282.2,1,2,29
9:18:29,2282.2,2282,2282.2,1,4,28
9:18:29,2282,2282,2282.2,5,3,34
9:18:30,2282.2,2282,2282.2,23,3,12
9:18:30,2282,2281.8,2282,5,24,11
9:18:31,2282,2281.8,2282,4,24,7
9:18:31,2282,2281.8,2282,12,20,2
9:18:32,2281.8,2281.8,2282.2,6,18,12
9:18:33,2282,2282,2282.2,7,7,12
9:18:33,2282,2282,2282.2,12,28,11
9:18:34,2282,2282,2282.2,3,28,10
9:18:34,2282.2,2282.2,2282.4,11,3,39
9:18:35,2282,2282,2282.4,4,26,39
9:18:36,2282,2282,2282.2,6,22,2
9:18:36,2282.2,2282,2282.2,2,23,1
9:18:37,2282.4,2282,2282.4,5,33,35
9:18:37,2282,2282,2282.2,1,32,10
9:18:38,2282.2,2282,2282.2,2,33,8
9:18:38,2282.2,2282,2282.2,3,33,5
9:18:39,2282.2,2282,2282.2,1,33,8
9:18:40,2282.2,2282,2282.2,9,38,11
9:18:40,2282.2,2282,2282.2,11,38,3
9:18:41,2282.2,2282,2282.2,2,38,6
9:18:41,2282.2,2282,2282.2,4,39,2
9:18:42,2282.2,2282,2282.2,4,39,8
9:18:42,2282,2282,2282.2,2,38,31
9:18:43,2282,2282,2282.2,3,37,30
9:18:43,2282,2282,2282.2,30,10,30
9:18:44,2281.8,2281.8,2282.2,15,41,30
9:18:44,2281.8,2281.8,2282,5,37,1
9:18:45,2281.8,2281.8,2282.2,16,26,31
9:18:45,2282.2,2281.8,2282.2,23,23,14
9:18:46,2281.8,2281.8,2282,3,20,1
9:18:46,2281.8,2281.8,2282.2,5,24,19
9:18:47,2282,2282,2282.2,2,2,19
9:18:47,2282.2,2282,2282.2,2,53,18
9:18:48,2282,2282,2282.2,8,50,12
9:18:48,2282.2,2282.2,2282.4,15,10,41
9:18:49,2282.2,2282.2,2282.4,1,10,42
9:18:50,2282.2,2282.2,2282.4,11,2,41
9:18:50,2282,2282,2282.2,3,59,8
9:18:51,2282.4,2282,2282.2,21,59,10
9:18:51,2282,2282,2282.2,8,55,6
9:18:52,2282,2282,2282.2,1,55,6
9:18:52,2282.2,2282,2282.2,2,56,5
9:18:53,2282.2,2282,2282.2,2,58,6
9:18:54,2282.2,2282,2282.2,6,54,5
9:18:54,2282,2282,2282.2,1,53,4
9:18:55,2282.2,2282,2282.2,4,52,7
9:18:56,2282,2282,2282.2,5,49,7
9:18:56,2282.2,2282,2282.2,1,50,6
9:18:57,2282.2,2282.2,2282.4,9,14,30
9:18:58,2282.4,2282.2,2282.4,1,25,29
9:18:58,2282.2,2282.2,2282.4,6,23,30
9:18:59,2282.4,2282.2,2282.4,7,31,23
9:19:00,2282.4,2282.2,2282.4,13,30,11
9:19:00,2282.4,2282.4,2282.6,11,17,57
9:19:01,2282.4,2282.4,2282.6,3,22,56
9:19:02,2282.6,2282.4,2282.6,8,19,51
9:19:02,2282.4,2282.2,2282.4,26,33,15
9:19:03,2282.2,2282.2,2282.4,24,24,6
9:19:03,2282.4,2282.2,2282.4,3,24,3
9:19:04,2282.6,2282.4,2282.6,29,1,24
9:19:04,2282.4,2282.2,2282.4,6,27,5
9:19:05,2282.2,2282.2,2282.4,5,24,4
9:19:05,2282.4,2282.4,2282.6,8,4,26
9:19:06,2282.6,2282.4,2282.6,1,13,27
9:19:06,2282.4,2282.4,2282.6,2,12,27
9:19:07,2282.4,2282.4,2282.6,13,12,15
9:19:07,2282.6,2282.6,2282.8,16,13,43
9:19:08,2282.6,2282.6,2282.8,2,15,42
9:19:08,2282.6,2282.6,2282.8,4,20,39
9:19:09,2282.8,2282.6,2282.8,14,20,26
9:19:09,2282.8,2282.6,2282.8,9,38,21
9:19:10,2282.6,2282.6,2282.8,2,37,20
9:19:10,2282.8,2282.8,2283,25,31,25
9:19:11,2283,2282.8,2283,5,31,22
9:19:11,2282.8,2282.8,2283,4,29,19
9:19:12,2283,2282.8,2283,6,1,18
9:19:12,2283,2283,2283.2,20,9,11
9:19:13,2283,2282.8,2283,19,7,21
9:19:13,2283,2282.8,2283,19,1,27
9:19:14,2283,2282.6,2282.8,21,30,6
9:19:14,2283,2282.6,2283,10,30,19
9:19:15,2283,2282.6,2283,26,18,12
9:19:15,2282.8,2282.6,2282.8,8,17,3
9:19:16,2282.6,2282.8,2283,9,2,8
9:19:16,2282.8,2282.6,2282.8,11,16,1
9:19:17,2283,2282.8,2283,11,6,3
9:19:17,2282.8,2282.6,2282.8,10,17,3
9:19:18,2283,2282.6,2283,20,9,2
9:19:18,2282.6,2282.6,2283,3,8,1
9:19:19,2282.8,2282.6,2283,6,12,13
9:19:19,2283,2282.6,2282.8,4,13,5
9:19:20,2283,2282.6,2283,12,7,24
9:19:20,2282.6,2282.8,2283,3,2,23
9:19:21,2283,2282.8,2283,4,6,23
9:19:21,2283,2282.8,2283,5,5,21
9:19:22,2282.8,2282.6,2282.8,18,13,29
9:19:22,2282.6,2282.6,2282.8,4,21,29
9:19:23,2282.6,2282.6,2282.8,15,15,62
9:19:23,2282.6,2282.6,2282.8,20,7,50
9:19:24,2282.6,2282.4,2282.6,13,20,43
9:19:24,2282.6,2282.4,2282.6,18,4,37
9:19:25,2282.6,2282.4,2282.6,15,4,22
9:19:25,2282.6,2282.4,2282.6,7,4,17
9:19:26,2282.6,2282.4,2282.6,5,29,16
9:19:26,2282.6,2282.4,2282.6,18,23,1
9:19:27,2282.4,2282.6,2282.8,2,4,55
9:19:27,2282.8,2282.6,2282.8,3,3,55
9:19:28,2282.6,2282.6,2282.8,1,2,55
9:19:28,2282.8,2282.6,2282.8,4,2,52
9:19:29,2282.6,2282.4,2282.6,4,24,12
9:19:29,2282.4,2282.4,2282.6,3,24,11
9:19:30,2282.4,2282.4,2282.6,5,22,8
9:19:30,2282.4,2282.4,2282.6,4,11,36
9:19:31,2282.4,2282.2,2282.4,21,31,16
9:19:32,2282.2,2282.2,2282.4,15,21,36
9:19:33,2282.2,2282.2,2282.4,1,20,45
9:19:33,2282.2,2282.2,2282.4,5,15,44
9:19:34,2282.2,2282.2,2282.4,4,13,42
9:19:35,2282.2,2282,2282.4,11,95,43
9:19:35,2282,2282,2282.2,3,92,3
9:19:36,2282.2,2282.2,2282.4,10,8,43
9:19:36,2282,2282,2282.2,19,77,1
9:19:37,2282,2282,2282.4,11,70,43
9:19:37,2282,2282.2,2282.4,6,8,43
9:19:38,2282.2,2282,2282.2,8,67,5
9:19:38,2282,2282,2282.2,2,65,6
9:19:39,2282,2282,2282.2,3,63,5
9:19:39,2282,2282,2282.2,2,61,5
9:19:40,2282,2282,2282.2,21,41,25
9:19:40,2282,2282,2282.2,20,24,28
9:19:41,2281.8,2281.8,2282,30,21,7
9:19:41,2281.8,2281.6,2281.8,24,21,15
9:19:42,2281.6,2281.6,2281.8,16,20,18
9:19:42,2281.6,2281.6,2281.8,10,11,19
9:19:43,2281.4,2281.4,2281.6,15,17,2
9:19:43,2281.6,2281.4,2281.6,9,14,2
9:19:44,2281.4,2281.4,2281.6,8,7,10
9:19:44,2281.4,2281.2,2281.4,10,52,2
9:19:45,2281.4,2281.2,2281.4,10,47,3
9:19:45,2281.2,2281.2,2281.4,7,46,4
9:19:46,2281.4,2281.4,2281.6,14,11,9
9:19:46,2281.4,2281.4,2281.6,7,10,11
9:19:47,2281.6,2281.4,2281.6,20,2,9
9:19:47,2281.6,2281.4,2281.6,7,1,5
9:19:48,2281.4,2281.4,2281.6,3,1,7
9:19:48,2281.4,2281.4,2281.6,4,2,7
9:19:49,2281.6,2281.6,2281.8,9,4,7
9:19:49,2281.6,2281.6,2281.8,4,1,7
9:19:50,2281.4,2281.2,2281.4,4,46,41
9:19:50,2281.4,2281.2,2281.4,12,46,33
9:19:51,2281.2,2281.2,2281.4,7,41,32
9:19:51,2281.4,2281.2,2281.4,9,42,25
9:19:52,2281.2,2281.2,2281.4,2,42,27
9:19:52,2281.2,2281.2,2281.4,5,37,27
9:19:53,2281.2,2281.2,2281.4,21,16,27
9:19:53,2281.2,2281.2,2281.4,11,10,30
9:19:54,2281,2281,2281.2,12,80,2
9:19:54,2281.4,2281.2,2281.4,18,14,19
9:19:55,2281.2,2281.2,2281.4,12,9,23
9:19:55,2281.2,2281.2,2281.4,5,5,24
9:19:56,2281.2,2281.2,2281.4,2,38,24
9:19:56,2281.2,2281.2,2281.4,9,36,24
9:19:57,2281.4,2281.2,2281.6,31,49,7
9:19:57,2281.8,2281.6,2281.8,26,2,7
9:19:58,2281.8,2281.6,2282,10,2,25
9:19:58,2282,2281.6,2281.8,2,1,12
9:19:59,2281.6,2281.4,2281.8,2,19,26
9:20:00,2281.8,2281.4,2281.8,15,15,15
9:20:00,2281.4,2281.4,2281.6,16,4,2
9:20:01,2281.6,2281.2,2281.6,18,35,4
9:20:01,2281.6,2281.6,2281.8,6,1,3
9:20:02,2281.8,2281.8,2282,21,2,15
9:20:02,2282,2281.6,2281.8,14,16,2
9:20:03,2281.8,2281.8,2282,3,3,8
9:20:03,2282,2281.6,2282,11,12,5
9:20:04,2282,2282,2282.2,16,1,15
9:20:04,2282,2281.6,2282,3,15,10
9:20:05,2282,2281.6,2282,13,15,2
9:20:05,2282,2282,2282.2,3,4,16
9:20:06,2282,2282,2282.2,4,11,16
9:20:06,2281.6,2281.6,2282,12,18,13
9:20:07,2282,2281.6,2282,2,18,15
9:20:08,2282,2281.6,2281.8,8,18,2
9:20:08,2281.8,2281.8,2282,22,17,1
9:20:09,2282,2281.8,2282.2,6,29,22
9:20:10,2282.2,2281.8,2282.2,9,29,14
9:20:10,2282,2281.8,2282.2,2,32,13
9:20:11,2281.8,2281.8,2282,3,31,1
9:20:11,2281.8,2281.8,2282,21,14,3
9:20:12,2281.8,2281.8,2282,2,13,2
9:20:13,2281.8,2281.6,2281.8,13,20,2
9:20:13,2281.8,2281.6,2282,3,21,7
9:20:14,2282,2281.8,2282,2,7,5
9:20:14,2282,2281.8,2282,3,8,3
9:20:15,2281.8,2281.8,2282,2,21,3
9:20:16,2282.2,2282,2282.2,12,9,18
9:20:16,2282.2,2282,2282.2,3,11,16
9:20:17,2282,2282,2282.2,1,10,17
9:20:17,2282,2282,2282.2,9,8,16
9:20:18,2282,2282,2282.2,2,6,16
9:20:18,2282.2,2282,2282.2,6,4,13
9:20:19,2282,2282,2282.2,3,3,12
9:20:19,2282.2,2282,2282.2,10,5,2
9:20:20,2282,2282,2282.2,3,2,2
9:20:20,2282.2,2282.2,2282.4,12,4,29
9:20:21,2282.2,2282.2,2282.4,1,3,29
9:20:21,2282.2,2282.2,2282.4,1,2,30
9:20:22,2282.4,2282.2,2282.4,1,3,29
9:20:22,2282.4,2282.2,2282.4,5,2,25
9:20:23,2282.2,2282.2,2282.4,1,2,26
9:20:23,2282.4,2282.2,2282.4,4,1,22
9:20:24,2282.4,2282.2,2282.4,11,1,12
9:20:25,2282.4,2282,2282.4,21,15,2
9:20:25,2282.4,2282.2,2282.4,3,10,1
9:20:26,2282.2,2282.2,2282.6,2,10,12
9:20:26,2282.2,2282.2,2282.6,1,9,12
9:20:27,2282.6,2282.4,2282.6,4,1,21
9:20:27,2282.4,2282.2,2282.6,3,28,21
9:20:28,2282.6,2282.2,2282.6,1,28,20
9:20:28,2282.6,2282.4,2282.6,1,1,20
9:20:29,2282.6,2282.4,2282.6,4,1,16
9:20:29,2282.4,2282.4,2282.6,1,3,17
9:20:30,2282.6,2282.4,2282.6,4,2,16
9:20:30,2282.6,2282.4,2282.6,6,2,10
9:20:31,2282.6,2282.4,2282.8,10,2,36
9:20:31,2282.6,2282.4,2282.6,7,1,5
9:20:32,2282.6,2282.6,2282.8,14,38,39
9:20:32,2282.8,2282.6,2282.8,4,45,36
9:20:33,2282.6,2282.6,2282.8,7,46,30
9:20:33,2282.6,2282.6,2282.8,23,42,13
9:20:34,2282.8,2282.6,2282.8,7,42,7
9:20:34,2282.8,2282.6,2282.8,2,43,6
9:20:35,2282.8,2282.6,2282.8,14,44,4
9:20:35,2282.6,2282.6,2283,6,44,39
9:20:36,2283,2282.6,2282.8,1,48,10
9:20:36,2283,2282.6,2283,13,48,37
9:20:37,2282.6,2282.6,2282.8,12,40,14
9:20:37,2283,2282.8,2283,20,1,31
9:20:38,2283,2282.8,2283,7,2,25
9:20:39,2283,2282.8,2283,9,10,17
9:20:39,2283,2282.8,2283,8,14,14
9:20:40,2282.8,2282.8,2283,14,14,1
9:20:40,2283,2282.8,2283,7,16,10
9:20:41,2282.8,2282.8,2283,8,11,8
9:20:41,2283,2282.8,2283,2,10,8
9:20:42,2283,2282.8,2283,9,9,5
9:20:42,2283,2283,2283.2,6,6,6
9:20:43,2283,2282.8,2283.2,10,11,5
9:20:43,2282.8,2283,2283.2,2,2,5
9:20:44,2283,2283,2283.2,2,16,5
9:20:44,2283.2,2283,2283.2,2,24,7
9:20:45,2283,2283,2283.2,3,23,5
9:20:45,2283.2,2283,2283.4,9,21,9
9:20:46,2283,2283,2283.2,13,11,1
9:20:46,2283.2,2283,2283.2,3,11,5
9:20:47,2283,2283,2283.2,11,4,19
9:20:47,2283,2282.8,2283.2,43,13,15
9:20:48,2283,2282.8,2283,10,13,5
9:20:48,2283.2,2282.8,2283,12,16,5
9:20:49,2283,2282.8,2283.2,7,12,14
9:20:49,2283.2,2283,2284,83,6,2
9:20:50,2283.4,2283.4,2284.2,8,10,1
9:20:50,2284.2,2283.6,2284,9,43,3
9:20:51,2284.6,2284.4,2284.6,20,3,1
9:20:51,2284.8,2284.6,2284.8,30,11,4
9:20:52,2284.8,2284.8,2285,19,3,29
9:20:52,2284.8,2284.2,2284.8,28,6,7
9:20:53,2284.8,2284.2,2284.8,40,5,6
9:20:53,2284.2,2284.2,2284.6,11,24,8
9:20:54,2284.6,2284.4,2284.6,11,10,4
9:20:54,2284.6,2284.6,2284.8,12,6,21
9:20:55,2284.8,2284.6,2284.8,77,13,1
9:20:55,2284.6,2284.8,2285,19,18,1
9:20:56,2285,2285,2285.6,38,4,7
9:20:56,2285.6,2285.6,2285.8,15,4,15
9:20:57,2285.6,2285.8,2286.2,55,17,20
9:20:57,2286.4,2285.8,2286.4,51,31,4
9:20:58,2286.4,2286,2286.4,30,7,7
9:20:58,2286.4,2286.4,2286.6,94,50,6
9:20:59,2286.4,2286.4,2286.6,88,38,10
9:20:59,2286.8,2286.8,2287,61,8,18
9:21:00,2286.6,2286.6,2286.8,30,28,8
9:21:00,2287,2286.6,2287,85,12,2
9:21:01,2286.6,2286.6,2286.8,72,7,6
9:21:01,2286.4,2286.2,2286.6,97,12,52
9:21:02,2286,2285.8,2286,31,32,11
9:21:02,2285.6,2285.2,2285.6,72,1,15
9:21:03,2285.8,2285.4,2285.8,98,13,62
9:21:03,2285.6,2285.6,2285.8,61,1,41
9:21:04,2285.6,2285.6,2285.8,61,10,23
9:21:04,2285.4,2285.4,2285.6,67,3,1
9:21:05,2285.6,2285.4,2286,28,1,17
9:21:05,2285.4,2285.4,2285.8,13,43,4
9:21:06,2285.8,2285.6,2285.8,20,29,1
9:21:06,2286.2,2285.8,2286.2,73,15,15
9:21:07,2286.4,2286.2,2286.4,39,22,23
9:21:07,2285.8,2286.4,2286.6,89,4,43
9:21:08,2286.8,2286.6,2286.8,52,50,9
9:21:08,2286.8,2286.6,2287.2,70,54,52
9:21:09,2287.2,2286.8,2287.2,26,58,31
9:21:09,2287.2,2287.2,2287.4,51,2,2
9:21:10,2287.6,2287.6,2287.8,36,7,42
9:21:10,2287.8,2287.4,2287.6,53,53,7
9:21:11,2287.6,2288,2288.2,147,10,5
9:21:11,2288.6,2288.4,2288.6,61,1,1
9:21:12,2288.6,2288.6,2288.8,28,1,51
9:21:12,2289,2289,2289.4,98,33,20
9:21:13,2289.6,2289.4,2289.8,156,9,28
9:21:13,2290,2289.8,2290,74,14,66
9:21:14,2290.2,2290.2,2290.4,136,59,1
9:21:14,2291.8,2290.6,2291.8,130,14,5
9:21:15,2291,2291,2291.4,80,25,19
9:21:15,2290.8,2290.8,2291,126,23,2
9:21:16,2290.6,2290.4,2290.6,162,18,25
9:21:16,2290.4,2290.2,2290.4,122,18,3
9:21:17,2290.4,2290,2290.4,94,69,19
9:21:17,2290.2,2290.2,2290.4,100,4,23
9:21:18,2289.8,2289.8,2290,116,4,27
9:21:18,2289.8,2289.4,2289.6,34,16,3
9:21:19,2289.6,2289.6,2290,38,18,19
9:21:19,2289.8,2289.8,2290,63,1,9
9:21:20,2289.8,2289.6,2289.8,23,1,17
9:21:20,2289.6,2289.2,2289.6,21,2,23
9:21:21,2289,2289,2289.2,17,4,24
9:21:21,2288.4,2288.2,2288.8,78,23,1
9:21:22,2288.6,2288.4,2288.6,24,24,2
9:21:22,2288.6,2288.6,2289,33,18,18
9:21:23,2288.6,2288.6,2289.2,41,8,22
9:21:23,2288.6,2288.8,2289,19,4,35
9:21:24,2289,2288.8,2289,29,1,26
9:21:24,2288.8,2288.4,2288.8,38,4,2
9:21:25,2288.8,2288.4,2288.8,32,6,8
9:21:25,2288.6,2288.6,2288.8,9,30,2
9:21:26,2288.8,2288.8,2289,21,7,7
9:21:26,2289,2289,2289.2,27,3,20
9:21:27,2289.2,2289.2,2289.6,33,2,42
9:21:27,2289.4,2288.8,2289,10,21,2
9:21:28,2289,2289,2289.4,17,1,2
9:21:28,2289.4,2289,2289.4,9,11,11
9:21:29,2289.4,2289.4,2289.6,70,2,1
9:21:29,2289.6,2289.6,2289.8,23,14,17
9:21:30,2289.6,2289.6,2290,33,1,65
9:21:30,2290,2289.8,2290,42,34,42
9:21:31,2290.2,2290,2290.2,74,11,31
9:21:31,2290,2290.2,2290.4,49,13,19
9:21:32,2290,2289.8,2290.2,24,8,9
9:21:32,2289.8,2289.6,2289.8,15,17,2
9:21:33,2289.8,2289.2,2289.8,71,7,12
9:21:33,2289.4,2289.2,2289.4,13,1,11
9:21:34,2289,2289,2289.2,22,11,17
9:21:34,2289.2,2289,2289.2,8,7,17
9:21:35,2289,2288.8,2289,18,14,6
9:21:35,2289,2288.8,2289,13,13,6
9:21:36,2288.8,2288.6,2288.8,24,25,30
9:21:36,2288.8,2288.6,2288.8,10,32,31
9:21:37,2289,2288.6,2289,41,20,58
9:21:37,2288.6,2288.4,2288.6,26,23,6
9:21:38,2288.6,2288.4,2288.6,17,16,3
9:21:38,2288.8,2288.6,2288.8,11,10,5
9:21:39,2288.4,2288.4,2288.6,18,13,3
9:21:39,2288.4,2288.6,2289,28,14,42
9:21:40,2288.6,2288.6,2288.8,9,22,7
9:21:40,2288.8,2288.8,2289,12,20,41
9:21:41,2288.8,2288.8,2289,35,17,14
9:21:41,2289.2,2289,2289.2,24,29,9
9:21:42,2289.2,2289.2,2289.4,21,49,6
9:21:42,2289.6,2289.6,2289.8,32,2,69
9:21:43,2289.8,2289.4,2289.8,46,26,52
9:21:43,2289.8,2289.8,2290,56,5,93
9:21:44,2289.6,2289.6,2289.8,34,5,8
9:21:44,2289.8,2289.6,2289.8,13,12,3
9:21:45,2289.6,2289.4,2289.6,22,25,4
9:21:45,2290,2289.8,2290,21,2,78
9:21:46,2289.4,2289.2,2289.4,79,30,11
9:21:46,2290,2289.8,2290,46,10,72
9:21:47,2289.4,2289.2,2289.4,32,19,8
9:21:47,2289.4,2289.2,2289.4,10,22,1
9:21:48,2289.4,2289.2,2289.4,23,21,1
9:21:48,2289.4,2289.4,2289.6,10,11,7
9:21:49,2289.6,2289.4,2289.6,5,17,6
9:21:49,2289.2,2289,2289.2,60,44,21
9:21:50,2289.2,2289,2289.2,9,45,26
9:21:50,2289.2,2289,2289.2,25,41,6
9:21:51,2289,2289,2289.4,20,28,3
9:21:51,2289.4,2289.4,2289.6,13,61,9
9:21:52,2289.6,2289.4,2289.6,35,56,4
9:21:52,2289.6,2289.6,2289.8,8,15,26
9:21:53,2289.8,2289.6,2289.8,14,13,20
9:21:53,2289.6,2289.6,2289.8,12,18,16
9:21:54,2289.8,2289.6,2289.8,13,26,8
9:21:54,2289.8,2289.8,2290,15,3,88
9:21:55,2289.8,2289.8,2290,28,7,86
9:21:55,2289.6,2289.4,2289.6,17,36,9
9:21:56,2289.8,2289.6,2289.8,17,1,9
9:21:56,2289.6,2289.6,2289.8,30,12,9
9:21:57,2289.6,2289.6,2289.8,14,8,14
9:21:57,2289.4,2289.4,2289.6,30,28,24
9:21:58,2289.4,2289.2,2289.4,33,34,8
9:21:58,2289.2,2289.2,2289.4,25,10,24
9:21:59,2289.4,2289.2,2289.4,25,6,8
9:21:59,2289,2289,2289.2,33,31,111
9:22:00,2288.8,2288.6,2288.8,72,21,11
9:22:00,2288.2,2288.2,2288.4,51,51,14
9:22:01,2288.2,2288.2,2288.4,11,46,11
9:22:01,2288.6,2288.4,2288.6,51,3,8
9:22:02,2288.4,2288.6,2289,34,2,3
9:22:02,2289,2288.8,2289,5,1,8
9:22:03,2289.2,2288.8,2289.2,25,10,20
9:22:03,2288.8,2288.6,2288.8,39,16,45
9:22:04,2288.6,2288.4,2288.6,31,35,46
9:22:04,2288.4,2288.4,2288.6,18,9,47
9:22:05,2288.6,2288.2,2288.6,11,47,46
9:22:05,2288.4,2288.4,2288.8,109,7,6
9:22:06,2288.8,2288.4,2288.8,3,7,5
9:22:06,2288.4,2288.6,2288.8,17,30,13
9:22:07,2288.8,2288.8,2289,24,10,81
9:22:07,2289,2288.8,2289,49,56,58
9:22:08,2289,2288.8,2289,39,66,37
9:22:08,2289.2,2289,2289.2,95,61,10
9:22:09,2289.2,2289.2,2289.6,27,55,11
9:22:09,2289.8,2289.6,2289.8,73,1,10
9:22:10,2289.8,2289.6,2290,13,12,104
9:22:10,2290,2289.6,2290,30,7,94
9:22:11,2289.6,2289.4,2290,44,9,59
9:22:11,2290,2289.6,2289.8,6,4,7
9:22:12,2289.4,2289.4,2289.8,22,9,14
9:22:12,2289.4,2289.4,2289.8,16,8,2
9:22:13,2289.8,2289.8,2290,25,9,55
9:22:13,2289.8,2289.8,2290,8,4,52
9:22:14,2289.8,2289.4,2289.8,18,18,25
9:22:14,2289.4,2289.4,2289.8,30,9,12
9:22:15,2289.6,2289.4,2290,18,6,50
9:22:15,2289.4,2289.4,2289.8,8,2,7
9:22:16,2289.4,2289.8,2290,28,11,47
9:22:16,2289.8,2289.8,2290,3,9,47
9:22:17,2290,2289.8,2290,33,1,36
9:22:17,2289.8,2289.6,2290,16,18,29
9:22:18,2290,2289.8,2290,9,16,24
9:22:18,2290.2,2290,2290.2,40,77,5
9:22:19,2290.4,2290.2,2290.4,53,50,4
9:22:19,2290.4,2290.6,2290.8,35,18,44
9:22:20,2290.8,2290.2,2290.8,86,20,34
9:22:20,2290.6,2290.4,2290.6,31,4,41
9:22:21,2290.4,2290.2,2290.6,44,7,22
9:22:21,2290.4,2290,2290.4,29,50,48
9:22:22,2290.2,2290,2290.2,77,42,10
9:22:22,2290.6,2290.4,2290.6,23,1,2
9:22:23,2290.2,2290,2290.4,11,31,1
9:22:23,2290.4,2290.2,2290.4,16,8,17
9:22:24,2290.2,2290.2,2290.4,15,1,11
9:22:24,2290.4,2290.2,2290.4,13,2,3
9:22:25,2290.2,2290,2290.2,10,28,93
9:22:25,2290.2,2289.6,2290,60,16,7
9:22:26,2289.6,2289.6,2289.8,39,3,20
9:22:26,2289.6,2289.6,2289.8,17,7,18
9:22:27,2290.2,2289.6,2290.2,45,2,79
9:22:27,2289.6,2289.8,2290,12,8,6
9:22:28,2289.8,2289.8,2290.2,25,11,79
9:22:28,2290.2,2289.8,2290.2,4,9,79
9:22:29,2290.2,2289.8,2290.2,9,4,76
9:22:29,2289.8,2289.8,2290,9,1,1
9:22:30,2290,2289.6,2290.2,6,11,69
9:22:30,2290.2,2289.6,2290.2,4,11,65
9:22:31,2290,2289.6,2290,6,11,4
9:22:31,2289.6,2289.6,2289.8,4,10,1
9:22:32,2289.6,2289.6,2289.8,3,9,19
9:22:32,2289.8,2289.6,2289.8,11,2,15
9:22:33,2289,2289.6,2289.8,17,2,15
9:22:33,2289.6,2289.2,2289.8,2,6,16
9:22:34,2289.2,2289.2,2289.6,3,6,1
9:22:34,2289.8,2289.4,2289.8,2,9,13
9:22:35,2289.8,2289.4,2289.8,12,9,30
9:22:35,2289.2,2289.2,2289.8,18,10,31
9:22:36,2289.2,2289.4,2289.8,12,1,30
9:22:36,2289.8,2289.4,2289.6,4,1,5
9:22:37,2289.8,2289.2,2289.8,24,5,16
9:22:38,2289.6,2289.2,2289.6,8,14,1
9:22:38,2289.2,2289.2,2289.4,7,9,1
9:22:39,2289.6,2289.6,2289.8,2,2,18
9:22:39,2289.8,2289.6,2289.8,2,9,16
9:22:40,2289.8,2289.6,2289.8,16,6,9
9:22:40,2289.8,2289.6,2289.8,4,4,17
9:22:41,2289.8,2289.6,2289.8,4,3,14
9:22:41,2289.4,2289.4,2289.6,28,10,1
9:22:42,2289.4,2289.4,2289.6,6,4,13
9:22:42,2289.4,2289.2,2289.4,9,5,2
9:22:43,2289.6,2289.6,2289.8,47,3,20
9:22:43,2289.6,2289.6,2289.8,3,1,25
9:22:44,2289.4,2289.4,2289.6,15,3,4
9:22:45,2289.6,2289.4,2289.6,6,2,4
9:22:45,2289.4,2289.2,2289.6,6,8,3
9:22:46,2289.6,2289,2289.6,19,56,1
9:22:46,2289.6,2289.6,2289.8,10,2,21
9:22:47,2289.6,2289.6,2289.8,25,1,21
9:22:47,2289.8,2289.2,2289.8,24,11,21
9:22:48,2289.2,2289.2,2289.6,9,6,44
9:22:48,2289.4,2289.4,2289.6,17,14,34
9:22:49,2289.4,2289.2,2289.4,30,5,15
9:22:49,2289,2289,2289.2,38,55,24
9:22:50,2289.2,2289,2289.2,14,62,22
9:22:50,2289,2289,2289.2,33,30,27
9:22:51,2289,2289,2289.2,19,28,11
9:22:51,2289,2288.8,2289,33,30,38
9:22:52,2289,2288.8,2289,11,31,39
9:22:52,2288.8,2288.8,2289,19,18,35
9:22:53,2288.8,2288.8,2289,13,5,35
9:22:53,2288.8,2288.8,2289,10,25,27
9:22:54,2288.8,2288.8,2289,10,18,26
9:22:54,2289,2288.6,2289,37,25,14
9:22:55,2288.8,2288.8,2289,7,1,13
9:22:55,2288.8,2288.8,2289.2,20,11,10
9:22:56,2288.8,2288.8,2289.2,15,5,9
9:22:56,2289.2,2289,2289.2,2,8,4
9:22:57,2289,2289,2289.2,1,8,8
9:22:57,2289.4,2289.2,2289.4,10,1,7
9:22:58,2289.4,2289.4,2289.6,10,11,29
9:22:58,2289.4,2289.4,2289.6,7,13,29
9:22:59,2289.6,2289.4,2289.6,14,10,20
9:22:59,2289.6,2289.4,2289.6,6,5,19
9:23:00,2289.4,2289.4,2289.6,16,4,79
9:23:00,2289.4,2289.2,2289.4,17,51,18
9:23:01,2289.2,2289.2,2289.4,53,3,38
9:23:01,2289,2289,2289.2,32,12,34
9:23:02,2289,2288.8,2289,34,18,8
9:23:02,2288.8,2288.8,2289,18,5,39
9:23:03,2289,2288.8,2289,14,11,33
9:23:03,2288.8,2288.6,2288.8,11,26,2
9:23:04,2289.2,2289.2,2289.4,80,20,41
9:23:04,2289.2,2289.2,2289.4,19,17,44
9:23:05,2289.2,2289.2,2289.4,19,9,31
9:23:05,2289.2,2289.2,2289.4,15,3,21
9:23:06,2289.2,2289,2289.2,8,36,5
9:23:06,2289,2289,2289.2,4,43,6
9:23:07,2289.2,2289.2,2289.4,13,8,24
9:23:07,2289.4,2289.2,2289.4,24,4,18
9:23:08,2289.2,2289,2289.2,16,44,15
9:23:08,2289.2,2289,2289.2,12,44,11
9:23:09,2289,2289,2289.2,9,35,8
9:23:09,2289,2289,2289.2,20,14,35
9:23:10,2288.8,2288.6,2288.8,24,26,5
9:23:10,2288.2,2288.2,2289,64,45,23
9:23:11,2288,2288.4,2288.6,88,8,4
9:23:11,2288.4,2288.4,2289,40,4,38
9:23:12,2288.4,2288.4,2288.6,17,45,17
9:23:12,2288.6,2288.6,2288.8,49,2,15
9:23:13,2288.4,2288.2,2288.4,31,1,15
9:23:13,2288.2,2288,2288.2,9,16,16
9:23:14,2288,2288,2288.2,12,8,19
9:23:14,2287.8,2287.8,2288.2,27,12,5
9:23:15,2287.8,2287.8,2288,8,6,5
9:23:15,2287.8,2287.4,2287.8,21,6,5
9:23:16,2287.8,2287.6,2287.8,9,13,15
9:23:16,2287.6,2287.4,2287.8,40,15,7
9:23:17,2287.6,2287.6,2287.8,7,2,1
9:23:17,2287.8,2287.8,2288,15,13,6
9:23:18,2288,2288,2288.2,19,7,14
9:23:18,2288,2287.8,2288,37,3,2
9:23:19,2288.4,2288.2,2288.4,10,11,21
9:23:19,2288.4,2288.2,2288.4,13,3,18
9:23:20,2288.4,2288,2288.4,9,7,13
9:23:20,2288.4,2288.2,2288.6,24,30,2
9:23:21,2288.6,2288.6,2288.8,10,13,14
9:23:21,2288.8,2288.8,2289,12,17,24
9:23:22,2288.8,2288.8,2289,5,24,17
9:23:22,2289.2,2289,2289.2,26,20,28
9:23:23,2289,2289,2289.2,14,17,18
9:23:23,2289,2289,2289.2,5,13,17
9:23:24,2289.2,2289.2,2289.4,25,20,25
9:23:24,2289.2,2289.2,2289.4,5,22,25
9:23:25,2289.2,2289.2,2289.4,5,18,24
9:23:25,2289.2,2289.2,2289.4,5,14,34
9:23:26,2289.2,2289.2,2289.4,9,17,27
9:23:26,2289.4,2289.2,2289.4,14,8,24
9:23:27,2289.2,2289.2,2289.4,3,6,23
9:23:27,2289,2289,2289.4,15,22,18
9:23:28,2289.4,2289,2289.4,8,20,12
9:23:28,2289.4,2289.2,2289.4,3,28,11
9:23:29,2289.2,2289.2,2289.4,7,22,10
9:23:29,2289.4,2289.2,2289.4,24,11,2
9:23:30,2289.4,2289.4,2289.6,16,1,17
9:23:30,2289.4,2289.2,2289.4,16,6,6
9:23:31,2289.6,2289.6,2289.8,23,27,83
9:23:31,2289.6,2289.6,2289.8,9,20,82
9:23:32,2289.8,2289.6,2289.8,10,17,75
9:23:32,2289.6,2289.6,2289.8,5,13,74
9:23:33,2289.8,2289.6,2289.8,14,5,69
9:23:33,2289.6,2289.4,2289.6,18,4,13
9:23:34,2289.4,2289.4,2289.6,9,1,9
9:23:34,2289.6,2289.4,2289.6,10,1,4
9:23:35,2289.6,2289.2,2289.6,3,9,8
9:23:35,2289.2,2289.2,2289.6,3,7,9
9:23:36,2289.2,2289.2,2289.6,2,10,11
9:23:36,2289.6,2289.4,2289.8,13,7,66
9:23:37,2289.8,2289.4,2289.8,2,9,66
9:23:37,2289.8,2289.6,2289.8,7,7,61
9:23:38,2289.6,2289.6,2289.8,5,4,63
9:23:38,2289.6,2289.4,2289.8,7,21,67
9:23:39,2289.6,2289.6,2289.8,19,5,60
9:23:39,2289.8,2289.6,2289.8,3,5,57
9:23:40,2289.6,2289.6,2289.8,13,3,47
9:23:40,2289.4,2289.4,2289.8,10,6,47
9:23:41,2289.6,2289.6,2289.8,7,7,41
9:23:41,2289.8,2289.6,2289.8,17,5,27
9:23:42,2289.8,2289.6,2289.8,7,1,25
9:23:42,2289.8,2289.8,2290,32,35,113
9:23:43,2290,2289.8,2290,24,33,95
9:23:43,2290.2,2290,2290.2,155,73,13
9:23:44,2290.4,2290.2,2290.4,42,29,5
9:23:44,2290.6,2290.4,2290.6,29,10,8
9:23:45,2290.8,2290.6,2290.8,54,11,48
9:23:45,2290.6,2290.4,2290.6,50,8,1
9:23:46,2290.6,2290.2,2290.6,39,17,2
9:23:46,2290.6,2290.2,2290.4,42,5,3
9:23:47,2290,2290,2290.2,19,32,15
9:23:47,2290.2,2290,2290.2,27,20,11
9:23:48,2289.8,2289.8,2290,32,19,1
9:23:48,2290,2289.8,2290,31,16,2
9:23:49,2289.8,2289.8,2290,10,14,1
9:23:49,2290,2290,2290.2,3,3,5
9:23:50,2289.8,2289.8,2290,5,12,6
9:23:50,2290,2289.8,2290,14,9,6
9:23:51,2290,2289.8,2290.2,8,9,6
9:23:52,2290.2,2289.8,2290.2,5,9,5
9:23:52,2290,2289.8,2290.2,7,9,4
9:23:53,2290.2,2289.8,2290.2,4,8,2
9:23:53,2290.2,2290.2,2290.4,3,49,5
9:23:54,2290.4,2290.2,2290.4,1,49,4
9:23:54,2290.4,2290.4,2290.6,9,63,30
9:23:55,2290.6,2290.6,2290.8,35,32,20
9:23:55,2291.2,2290.8,2291.2,73,32,6
9:23:56,2291.2,2291.2,2291.4,18,14,4
9:23:56,2291.2,2291.4,2291.6,20,13,7
9:23:57,2291.4,2291.2,2291.4,26,8,3
9:23:57,2291.2,2290.8,2291,25,15,1
9:23:58,2290.6,2290.6,2290.8,46,1,25
9:23:58,2290.6,2290.4,2290.6,22,21,10
9:23:59,2290.4,2290.2,2290.4,38,8,2
9:23:59,2290.2,2290.4,2290.8,15,1,30
9:24:00,2290.6,2290,2290.6,8,12,11
9:24:00,2290.8,2290.6,2290.8,36,1,43
9:24:01,2290.6,2290.4,2290.6,81,34,9
9:24:01,2290.8,2290.6,2291,40,2,4
9:24:02,2291.4,2291.4,2291.6,65,8,8
9:24:02,2292,2291.8,2292,45,15,65
9:24:03,2292.2,2292.2,2292.4,103,12,17
9:24:03,2292.4,2292.4,2292.6,62,11,6
9:24:04,2291.6,2291.6,2292.2,62,12,48
9:24:04,2291.8,2290.6,2291.8,169,5,64
9:24:05,2291,2291,2291.4,43,14,30
9:24:05,2290.8,2290.8,2291,106,23,3
9:24:06,2291,2290.6,2291,54,1,17
9:24:06,2291,2290.6,2291,28,5,15
9:24:07,2291.2,2290.8,2291.2,42,11,9
9:24:07,2291,2291,2291.2,22,2,4
9:24:08,2291.4,2291,2291.4,10,3,11
9:24:08,2291.2,2291,2291.2,20,1,14
9:24:09,2290.8,2290.8,2291,44,3,2
9:24:09,2291,2290.8,2291.2,15,1,1
9:24:10,2291.2,2291.2,2291.4,26,12,34
9:24:10,2291.2,2291.2,2291.4,11,7,31
9:24:11,2291.2,2291.2,2291.4,18,19,22
9:24:11,2291.4,2291.2,2291.4,15,18,10
9:24:12,2291.2,2291.2,2291.6,19,9,17
9:24:12,2291.4,2291.4,2291.6,13,12,13
9:24:13,2291.6,2291.4,2291.8,21,7,44
9:24:13,2291.6,2291.6,2291.8,19,4,38
9:24:14,2291.6,2291.6,2291.8,13,1,33
9:24:14,2291.6,2291.6,2291.8,15,40,30
9:24:15,2291.6,2291.6,2291.8,45,11,14
9:24:15,2291.8,2291.8,2292,40,28,29
9:24:16,2291.8,2291.8,2292,10,19,28
9:24:16,2292,2291.8,2292,12,16,26
9:24:17,2291.8,2291.6,2291.8,38,9,6
9:24:17,2291.4,2291.2,2291.4,41,18,11
9:24:18,2291.2,2291,2291.2,44,40,4
9:24:18,2291,2291,2291.6,12,35,7
9:24:19,2291.6,2291.2,2291.4,6,5,7
9:24:19,2291.2,2291,2291.2,14,29,1
9:24:20,2291,2291.2,2291.6,22,2,13
9:24:20,2291.4,2291.2,2291.6,3,8,13
9:24:21,2291.2,2291.2,2291.6,15,1,5
9:24:21,2291,2291,2291.6,8,17,2
9:24:22,2291.2,2291.2,2291.6,12,7,4
9:24:22,2291.2,2291.6,2291.8,31,8,9
9:24:23,2291.6,2291.6,2291.8,3,8,9
9:24:23,2291.8,2291.8,2292,20,14,20
9:24:24,2292,2291.8,2292,25,7,5
9:24:24,2292,2292,2292.2,15,80,8
9:24:25,2292.4,2292.2,2292.4,34,14,19
9:24:25,2292.4,2292.4,2292.6,49,15,30
9:24:26,2292.6,2292.6,2292.8,36,44,25
9:24:26,2292.6,2292.6,2292.8,36,24,25
9:24:27,2292.6,2292.4,2292.6,54,7,2
9:24:27,2292.4,2292.2,2292.4,27,7,25
9:24:28,2292.4,2292,2292.4,37,84,48
9:24:28,2292,2292,2292.2,39,63,12
9:24:29,2292,2292,2292.2,25,50,2
9:24:29,2292,2292,2292.2,41,32,8
9:24:30,2292.2,2292.2,2292.4,10,15,46
9:24:30,2292.4,2292,2292.4,27,25,42
9:24:31,2292,2292,2292.4,15,32,32
9:24:31,2292.2,2292,2292.2,8,42,4
9:24:32,2292.2,2292.2,2292.4,20,5,49
9:24:32,2292.2,2292.2,2292.4,21,5,34
9:24:33,2292.2,2292,2292.2,24,28,9
9:24:33,2292.2,2292,2292.2,15,25,1
9:24:34,2292.2,2292.2,2292.4,24,3,27
9:24:34,2292.2,2292.2,2292.4,6,15,28
9:24:35,2292.2,2292,2292.2,32,6,8
9:24:35,2292,2292,2292.4,17,3,21
9:24:36,2292,2292,2292.2,7,1,23
9:24:36,2292,2291.8,2292,5,13,10
9:24:37,2291.8,2291.8,2292,23,5,10
9:24:37,2291.8,2291.8,2292,10,2,30
9:24:38,2292,2291.6,2291.8,34,14,5
9:24:38,2291.6,2291.2,2291.8,39,23,19
9:24:39,2291.8,2291.4,2291.8,13,5,24
9:24:39,2291.6,2291.6,2291.8,10,11,24
9:24:40,2291.4,2291.4,2291.6,36,21,20
9:24:40,2291.4,2291.4,2291.6,6,30,15
9:24:41,2291.6,2291.4,2291.6,15,27,3
9:24:41,2291.6,2291.6,2291.8,19,31,3
9:24:42,2291.6,2291.8,2292,24,7,21
9:24:42,2291.8,2291.8,2292,11,12,15
9:24:43,2292,2291.8,2292,10,14,14
9:24:43,2292.2,2292.2,2292.4,30,14,46
9:24:44,2292.2,2292.2,2292.4,23,9,38
9:24:44,2292.2,2292,2292.2,35,11,2
9:24:45,2292.2,2292,2292.2,2,10,3
9:24:45,2292,2292,2292.2,5,5,10
9:24:46,2292,2291.8,2292,13,15,3
9:24:46,2292,2292,2292.2,12,4,9
9:24:47,2292,2292,2292.2,18,33,2
9:24:47,2292.2,2292.2,2292.4,6,26,18
9:24:48,2292.4,2292.4,2292.6,30,15,24
9:24:48,2292.4,2292.4,2292.6,22,22,12
9:24:49,2292.6,2292.6,2292.8,32,9,2
9:24:49,2292.6,2292.6,2292.8,10,6,3
9:24:50,2292.8,2292.4,2292.6,14,6,10
9:24:50,2292.4,2292.4,2292.6,52,7,1
9:24:51,2293,2292.8,2293,13,1,56
9:24:51,2292.6,2292.4,2292.6,19,9,1
9:24:52,2292.4,2292.4,2293,18,8,50
9:24:52,2292.4,2292.6,2292.8,9,2,14
9:24:53,2292.8,2292.6,2292.8,6,3,22
9:24:53,2292.4,2292.4,2292.6,17,2,6
9:24:54,2292.6,2292.4,2292.6,11,2,29
9:24:54,2292.6,2292.4,2292.6,5,1,28
9:24:55,2292.4,2292.2,2292.4,36,33,24
9:24:55,2292.6,2292.4,2292.6,39,10,14
9:24:56,2292.2,2292.2,2292.4,34,16,2
9:24:56,2292.6,2292.4,2292.6,14,6,7
9:24:57,2292.4,2292.4,2292.6,19,7,2
9:24:57,2292.8,2292.4,2292.8,26,7,31
9:24:58,2292.4,2292.4,2292.8,3,5,31
9:24:58,2292.4,2292.2,2292.4,17,8,42
9:24:59,2292.2,2292,2292.2,28,58,20
9:24:59,2292,2292,2292.2,60,9,2
9:25:00,2291.8,2291.6,2291.8,22,4,17
9:25:00,2292,2291.8,2292,31,10,82
9:25:01,2291.8,2291.6,2291.8,84,1,4
9:25:01,2291.6,2291.4,2291.6,22,38,4
9:25:02,2291.4,2291.4,2291.6,45,23,3
9:25:02,2291.6,2291.6,2292,12,14,40
9:25:03,2291.8,2291.6,2291.8,27,5,1
9:25:03,2291.8,2291.8,2292,20,5,35
9:25:04,2291.8,2291.8,2292,25,3,23
9:25:04,2291.8,2291.8,2292,26,6,4
9:25:05,2292,2292,2292.2,14,43,2
9:25:05,2292.4,2292.2,2292.4,19,28,37
9:25:06,2292.4,2292.4,2292.6,45,16,16
9:25:06,2292.6,2292.6,2292.8,38,3,40
9:25:07,2291.8,2291.8,2292,45,28,35
9:25:07,2291.8,2291.8,2292.4,50,16,22
9:25:08,2292.2,2292,2292.2,8,12,1
9:25:08,2292.4,2292,2292.4,11,5,19
9:25:09,2292,2291.8,2292.2,9,13,3
9:25:09,2291.8,2291.6,2291.8,16,38,9
9:25:10,2292,2291.8,2292,23,5,11
9:25:10,2291.8,2291.8,2292,13,1,3
9:25:11,2292,2292,2292.2,21,2,4
9:25:11,2291.8,2291.6,2291.8,6,32,22
9:25:12,2291.6,2291.8,2292.2,24,3,8
9:25:12,2291.6,2291.6,2292.2,32,9,5
9:25:13,2291.6,2291.6,2291.8,5,16,17
9:25:13,2291.6,2291.6,2291.8,20,8,20
9:25:14,2291.8,2291.6,2291.8,7,8,23
9:25:14,2291.6,2291.6,2291.8,18,44,23
9:25:15,2291.8,2291.6,2291.8,6,42,17
9:25:15,2291.8,2291.8,2292,42,13,3
9:25:16,2292,2292,2292.2,53,7,4
9:25:16,2292.4,2292.2,2292.4,15,35,29
9:25:17,2292.4,2292.2,2292.4,21,33,14
9:25:17,2292.4,2292.2,2292.4,11,29,7
9:25:18,2292.2,2292.4,2292.6,11,7,38
9:25:18,2292.4,2292.4,2292.6,22,15,29
9:25:19,2292.4,2292.4,2292.6,2,15,28
9:25:19,2292.6,2292.4,2292.6,6,16,26
9:25:20,2292.4,2292.4,2292.6,15,3,26
9:25:20,2292.2,2292.2,2292.4,10,24,6
9:25:21,2292.4,2292.4,2292.6,10,4,21
9:25:21,2292.4,2292.2,2292.4,9,25,6
9:25:22,2292.4,2292.2,2292.4,10,23,1
9:25:22,2292,2291.8,2292.2,27,7,90
9:25:23,2292,2291.6,2292,21,27,20
9:25:23,2291.8,2291.6,2291.8,24,24,33
9:25:24,2291.6,2291.6,2291.8,10,15,34
9:25:24,2291.6,2291.4,2291.8,22,8,28
9:25:25,2291.6,2291.4,2291.6,6,10,2
9:25:25,2291.4,2291.4,2291.6,16,3,2
9:25:26,2291.8,2291.2,2291.6,24,34,5
9:25:26,2291.4,2291.4,2291.6,29,39,1
9:25:27,2291.4,2291.6,2292,19,2,15
9:25:27,2291.6,2291.6,2292,12,3,8
9:25:28,2291.4,2291.6,2292,14,8,6
9:25:28,2291.4,2291.4,2291.6,36,21,2
9:25:29,2291.6,2291.6,2292,6,9,6
9:25:29,2291.6,2291.6,2292,5,7,7
9:25:30,2291.2,2291.2,2291.6,41,5,27
9:25:30,2291.4,2291.2,2291.4,8,4,3
9:25:31,2291.2,2291,2291.2,27,45,85
9:25:31,2291,2291,2291.2,52,26,61
9:25:32,2291.2,2290.8,2291,43,10,38
9:25:32,2290.8,2290.8,2291,11,13,36
9:25:33,2290.8,2290.6,2290.8,22,27,2
9:25:33,2290.8,2290.8,2291,30,4,48
9:25:34,2290.8,2290.8,2291,45,7,30
9:25:34,2290.8,2290.8,2291,32,8,19
9:25:35,2290.8,2290.8,2291,17,16,6
9:25:35,2291,2291,2291.2,13,23,50
9:25:36,2291.2,2290.8,2291.2,52,10,31
9:25:36,2290.8,2290.8,2291,9,9,5
9:25:37,2291,2291,2291.2,25,24,19
9:25:37,2291.2,2291,2291.2,15,14,4
9:25:38,2291,2291,2291.2,13,7,1
9:25:38,2291,2290.8,2291,11,18,1
9:25:39,2291.2,2291.2,2291.6,17,14,10
9:25:39,2291.4,2291.2,2291.4,17,17,8
9:25:40,2291.2,2291.2,2291.4,6,12,14
9:25:40,2291.2,2291.2,2291.4,9,8,12
9:25:41,2291.2,2291,2291.2,9,7,4
9:25:41,2291.2,2291.2,2291.4,11,7,4
9:25:42,2291.2,2291.2,2291.4,20,22,5
9:25:42,2291.2,2291.2,2291.4,28,5,2
9:25:43,2291.2,2291.2,2291.4,3,3,2
9:25:43,2291.4,2291.2,2291.6,9,5,6
9:25:44,2291.4,2291.4,2291.6,4,3,17
9:25:45,2291.6,2291.4,2291.6,22,4,19
9:25:45,2291.6,2291.2,2291.6,19,3,7
9:25:46,2291.4,2291.2,2291.4,2,11,1
9:25:46,2291.2,2291.2,2291.4,3,13,13
9:25:47,2291.2,2291.2,2291.4,6,7,14
9:25:47,2291.2,2291.2,2291.4,3,9,14
9:25:48,2291.2,2291.2,2291.4,3,6,15
9:25:48,2291,2291,2291.2,8,21,14
9:25:49,2291.2,2291,2291.2,3,24,16
9:25:49,2291,2291,2291.2,9,20,20
9:25:50,2291.2,2291,2291.2,16,10,26
9:25:50,2291,2291,2291.2,18,16,13
9:25:51,2291,2291,2291.2,14,5,12
9:25:51,2291,2290.8,2291,14,17,34
9:25:52,2291,2290.8,2291.2,42,16,6
9:25:52,2290.8,2290.8,2291.2,4,13,7
9:25:53,2291.4,2291,2291.6,26,8,19
9:25:53,2291.2,2291.2,2291.4,5,7,9
9:25:54,2291.2,2291.2,2291.4,2,9,10
9:25:54,2291,2290.8,2291,31,34,10
9:25:55,2291,2291,2291.2,13,21,1
9:25:55,2291.2,2291,2291.2,4,21,2
9:25:56,2291,2291,2291.2,7,20,2
9:25:56,2291.2,2291.2,2291.4,11,8,7
9:25:57,2291,2290.8,2291,29,49,4
9:25:57,2290.8,2291,2291.2,11,1,2
9:25:58,2291.2,2291.2,2291.4,3,3,8
9:25:58,2291,2291,2291.2,5,5,3
9:25:59,2290.8,2291,2291.2,6,1,3
9:25:59,2291,2290.8,2291,7,49,22
9:26:00,2291,2290.8,2291,3,49,22
9:26:00,2291,2290.8,2291,9,50,21
9:26:01,2291,2290.8,2291,11,50,22
9:26:01,2291,2290.8,2291,4,48,21
9:26:02,2290.8,2290.8,2291,14,43,17
9:26:02,2291,2290.8,2291,13,33,15
9:26:03,2290.8,2290.8,2291,3,31,14
9:26:03,2290.8,2290.8,2291,7,28,14
9:26:04,2290.8,2290.8,2291,12,19,13
9:26:04,2290.8,2290.6,2290.8,26,27,15
9:26:05,2290.8,2290.6,2290.8,19,24,9
9:26:05,2290.6,2290.6,2290.8,21,13,26
9:26:06,2290.6,2290.6,2290.8,14,2,15
9:26:06,2290.6,2290.4,2290.6,8,132,24
9:26:07,2290.4,2290.4,2290.8,42,121,18
9:26:07,2290.6,2290.6,2290.8,8,34,19
9:26:08,2290.6,2290.6,2290.8,7,42,15
9:26:08,2290.6,2290.6,2290.8,32,18,10
9:26:09,2290.6,2290.6,2291,46,4,32
9:26:09,2290.6,2290.6,2290.8,9,16,1
9:26:10,2290.6,2290.6,2290.8,7,14,10
9:26:10,2290.8,2290.6,2290.8,7,13,16
9:26:11,2290.6,2290.6,2290.8,5,15,13
9:26:11,2290.6,2290.6,2290.8,10,24,10
9:26:12,2290.8,2290.6,2290.8,6,23,9
9:26:12,2290.8,2290.8,2291,12,5,39
9:26:13,2291,2290.8,2291,8,16,35
9:26:13,2291,2290.8,2291,2,19,29
9:26:14,2290.8,2290.8,2291,7,28,29
9:26:14,2291,2290.8,2291,24,27,7
9:26:15,2291,2291,2291.2,9,31,13
9:26:15,2291.2,2291,2291.2,6,36,12
9:26:16,2291.2,2291,2291.2,4,38,13
9:26:16,2291.4,2291.2,2291.4,18,14,38
9:26:17,2291.2,2291.2,2291.4,17,14,22
9:26:17,2291.2,2291.2,2291.4,10,15,15
9:26:18,2291.4,2291.2,2291.4,11,8,14
9:26:18,2291.4,2291.2,2291.4,9,13,8
9:26:19,2291.4,2291.4,2291.6,21,53,19
9:26:19,2291.6,2291.6,2291.8,21,7,11
9:26:20,2291.8,2291.6,2291.8,13,6,3
9:26:20,2292,2291.8,2292,16,7,14
9:26:21,2292,2292,2292.2,33,37,98
9:26:21,2292.2,2292,2292.2,25,37,86
9:26:22,2292.2,2292,2292.2,17,28,77
9:26:22,2292.2,2292,2292.2,23,25,61
9:26:23,2292.2,2292,2292.2,46,26,17
9:26:23,2292.2,2292,2292.2,5,26,12
9:26:24,2292.2,2292,2292.2,11,19,9
9:26:24,2292.2,2292,2292.4,17,13,40
9:26:25,2292.2,2292,2292.2,3,14,7
9:26:25,2292.2,2292,2292.2,15,7,5
9:26:26,2292.2,2292,2292.2,31,6,6
9:26:26,2292,2291.8,2292.2,22,12,6
9:26:27,2292.4,2292.2,2292.4,5,2,47
9:26:27,2292,2291.8,2292,17,14,1
9:26:28,2292.4,2292,2292.4,9,3,42
9:26:28,2292,2292.2,2292.4,2,2,42
9:26:29,2292.4,2292.2,2292.4,42,2,4
9:26:30,2292,2292.4,2292.6,26,63,59
9:26:30,2292.6,2292.6,2292.8,61,4,36
9:26:31,2293,2292.8,2293,64,6,17
9:26:31,2293,2293,2293.2,35,8,8
9:26:32,2293.8,2293.2,2293.8,52,34,43
9:26:32,2293.6,2293.2,2293.6,62,31,23
9:26:33,2294,2293.8,2294,54,1,15
9:26:33,2293.8,2293.2,2293.8,57,27,12
9:26:34,2293.8,2293.6,2293.8,27,1,31
9:26:34,2293.6,2293.2,2293.6,56,21,8
9:26:35,2293.2,2293,2293.2,40,34,1
9:26:35,2293,2293.2,2293.6,40,3,12
9:26:36,2293.4,2293.4,2293.8,95,9,7
9:26:36,2293.8,2293.6,2293.8,6,23,7
9:26:37,2294,2294,2294.4,40,9,35
9:26:37,2294.4,2294.4,2294.6,33,27,27
9:26:38,2294.8,2294.6,2294.8,45,3,35
9:26:38,2294.6,2294.4,2294.6,29,15,15
9:26:39,2294.6,2294,2294.4,78,6,8
9:26:39,2293.8,2293.8,2294.2,97,31,17
9:26:40,2294.2,2294,2294.2,22,1,15
9:26:40,2293.8,2293.8,2294,36,25,16
9:26:41,2294.4,2294,2294.4,53,7,1
9:26:41,2294.6,2294.4,2294.6,17,6,77
9:26:42,2294.6,2294.4,2294.6,37,22,41
9:26:42,2293.8,2293.8,2294,56,10,64
9:26:43,2294,2294,2294.4,90,5,51
9:26:43,2294.4,2294,2294.2,11,14,7
9:26:44,2294.2,2294.2,2294.4,76,59,34
9:26:44,2294.4,2294.2,2294.4,82,16,4
9:26:45,2294.4,2294.4,2294.6,35,36,32
9:26:45,2294.6,2294.6,2294.8,44,60,40
9:26:46,2294.8,2294.6,2294.8,42,35,24
9:26:46,2294.8,2294.6,2294.8,39,50,4
9:26:47,2294.6,2294.6,2295,39,80,102
9:26:47,2294.8,2294.8,2295,69,40,63
9:26:48,2294.8,2294.8,2295.2,103,33,17
9:26:48,2295,2295,2295.2,36,3,22
9:26:49,2295,2295.2,2295.4,59,1,10
9:26:49,2295.2,2295.2,2295.6,79,16,8
9:26:50,2295.4,2295.6,2295.8,23,8,25
9:26:50,2296,2296,2296.2,92,1,9
9:26:51,2296.8,2296.2,2296.8,47,8,26
9:26:51,2297.2,2296.8,2297.4,94,2,24
9:26:52,2297.4,2297,2297.4,58,1,6
9:26:52,2297.2,2296.8,2297,68,23,5
9:26:53,2296.8,2296.2,2296.6,62,15,6
9:26:53,2296.4,2296,2296.4,60,3,45
9:26:54,2296,2295.8,2296,69,38,9
9:26:54,2296.2,2296,2296.2,54,45,14
9:26:55,2296,2296,2296.2,47,11,6
9:26:55,2296,2296.2,2296.4,34,5,20
9:26:56,2295.8,2295.8,2296,30,21,9
9:26:56,2296,2296,2296.2,29,1,34
9:26:57,2296,2296,2296.2,23,4,25
9:26:57,2296,2295.8,2296,76,4,8
9:26:58,2296,2295.8,2296,8,1,27
9:26:58,2295.8,2295.4,2295.8,22,8,26
9:26:59,2295.4,2295.2,2295.4,11,39,2
9:26:59,2295.4,2295.4,2295.8,40,27,42
9:27:00,2295.6,2295.4,2295.6,43,9,8
9:27:00,2295.8,2295.4,2295.8,75,10,16
9:27:01,2295.6,2295.4,2295.6,43,9,10
9:27:01,2295.4,2295.2,2295.4,49,41,29
9:27:02,2295.2,2295,2295.2,70,23,13
9:27:02,2295.4,2295.2,2295.8,82,11,8
9:27:03,2295.2,2295,2295.2,37,8,22
9:27:03,2295.8,2295.2,2295.8,58,10,14
9:27:04,2295.4,2295.4,2295.8,60,9,11
9:27:04,2295.6,2295.6,2295.8,29,33,9
9:27:05,2296,2296,2296.2,54,4,11
9:27:05,2296.4,2296.2,2296.4,38,88,6
9:27:06,2296.8,2296.6,2296.8,63,11,2
9:27:06,2297.4,2297.2,2297.4,32,3,43
9:27:07,2297.4,2297.4,2297.8,92,61,29
9:27:07,2297.4,2297.6,2297.8,59,4,2
9:27:08,2297.8,2297.6,2298,47,9,121
9:27:08,2297.6,2297.4,2297.6,59,114,1
9:27:09,2297.4,2297.4,2297.8,90,92,24
9:27:09,2297.8,2297.8,2298,114,77,107
9:27:10,2298,2297.8,2298,59,52,85
9:27:10,2297.8,2297.8,2298,68,22,53
9:27:11,2297.8,2298.2,2298.4,100,39,20
9:27:11,2298.8,2298.4,2298.8,62,5,49
9:27:12,2298,2298,2298.6,73,91,14
9:27:12,2298,2298,2298.4,51,59,29
9:27:13,2298.2,2298,2298.2,141,26,13
9:27:13,2298.4,2298.4,2298.6,78,1,4
9:27:14,2298.2,2298.2,2298.8,29,2,3
9:27:14,2298.4,2298.6,2298.8,14,23,4
9:27:15,2299,2298.8,2299,104,40,45
9:27:15,2299,2299,2299.4,117,13,29
9:27:16,2299.4,2299.4,2299.6,42,5,26
9:27:16,2299.6,2299.6,2299.8,58,11,42
9:27:17,2299.6,2299.6,2300,115,2,315
9:27:17,2299.6,2299,2299.6,58,7,3
9:27:18,2299,2299,2299.2,113,2,8
9:27:18,2298.8,2298.6,2298.8,127,28,5
9:27:19,2298.6,2298.6,2299,51,11,12
9:27:19,2298.6,2298.6,2298.8,65,13,15
9:27:20,2298.2,2298.2,2298.6,18,14,1
9:27:20,2298.4,2298.4,2298.6,44,3,5
9:27:21,2298.2,2298,2298.4,53,12,25
9:27:21,2298,2298.2,2298.4,6,6,39
9:27:22,2298.2,2298,2298.2,53,10,1
9:27:22,2298,2298.2,2298.4,33,1,14
9:27:23,2298.2,2298.2,2298.4,14,10,8
9:27:23,2298.4,2298.4,2298.6,36,25,1
9:27:24,2298.8,2298.8,2299,19,1,22
9:27:24,2299,2298.6,2299,31,36,4
9:27:25,2298.8,2298.8,2299,15,5,4
9:27:25,2299.2,2299.2,2299.4,22,9,4
9:27:26,2299.4,2299.4,2299.6,28,2,16
9:27:26,2299.4,2299,2299.4,40,69,2
9:27:27,2299,2299,2299.4,44,37,8
9:27:27,2299.4,2299.2,2299.4,18,2,2
9:27:28,2299,2298.6,2299,70,13,2
9:27:28,2298.8,2298.8,2299.2,55,8,8
9:27:29,2298.8,2298.6,2298.8,22,4,7
9:27:29,2298.4,2298.4,2298.6,20,12,8
9:27:30,2298.4,2298.4,2298.8,18,7,29
9:27:30,2298.6,2298.2,2298.4,31,11,1
9:27:31,2298.2,2298.2,2298.4,26,1,21
9:27:31,2298.4,2297.8,2298.4,54,19,2
9:27:32,2298.2,2298,2298.2,8,5,54
9:27:32,2297.8,2297.8,2298.2,16,19,53
9:27:33,2297.8,2297.8,2298,19,11,5
9:27:33,2297.8,2297.6,2298,16,18,6
9:27:34,2297.8,2297.6,2297.8,24,11,15
9:27:34,2297.6,2297.6,2297.8,10,12,9
9:27:35,2297.8,2297.6,2297.8,15,1,11
9:27:35,2297.8,2297.8,2298,22,1,55
9:27:36,2297.8,2297.8,2298,9,17,56
9:27:36,2297.8,2297.8,2298.2,78,10,35
9:27:37,2297.8,2297.4,2297.8,41,41,2
9:27:37,2298.2,2297.8,2298.2,40,4,8
9:27:38,2297.8,2298,2298.2,19,5,7
9:27:38,2298.4,2298,2298.6,32,3,6
9:27:39,2298,2298.2,2298.6,5,3,7
9:27:39,2298.2,2298,2298.2,16,15,5
9:27:40,2298.2,2297.8,2298.2,20,24,1
9:27:40,2298.2,2298.2,2298.4,14,23,8
9:27:41,2298.4,2298.2,2298.4,6,111,5
9:27:41,2298.6,2298.6,2298.8,31,12,1
9:27:42,2299,2299,2299.2,26,44,3
9:27:42,2299.2,2299.2,2299.6,56,39,6
9:27:43,2299.6,2299.4,2299.6,89,10,4
9:27:43,2299.4,2299.4,2299.6,38,8,1
9:27:44,2299.6,2299.4,2299.8,21,40,81
9:27:44,2299.8,2299.2,2299.4,103,3,10
9:27:45,2299.8,2299.6,2299.8,70,1,66
9:27:45,2299.6,2299.4,2299.6,37,8,7
9:27:46,2299.4,2299.4,2299.8,21,9,48
9:27:46,2299.4,2299.4,2299.8,62,33,1
9:27:47,2299.8,2299.8,2300,61,2,350
9:27:47,2299.8,2299.8,2300,182,17,281
9:27:48,2300,2299.8,2300,71,5,230
9:27:48,2299.8,2299.4,2299.8,95,50,7
9:27:49,2299.4,2299.4,2299.8,34,45,9
9:27:49,2299.6,2299.4,2299.6,45,31,19
9:27:50,2299.2,2299,2299.2,108,43,16
9:27:50,2299,2299,2299.2,49,1,18
9:27:51,2299,2299,2299.8,91,2,18
9:27:51,2299.2,2299.2,2299.4,14,2,1
9:27:52,2299,2299.2,2299.4,44,2,1
9:27:52,2299.6,2299.6,2299.8,31,4,24
9:27:53,2299.6,2299.2,2299.8,16,10,24
9:27:53,2299.4,2299.4,2299.6,7,10,2
9:27:54,2299.2,2299.2,2299.4,28,8,2
9:27:54,2299.2,2299.2,2299.8,8,5,29
9:27:55,2299.4,2299.2,2299.4,5,7,3
9:27:55,2299.2,2299,2299.2,12,16,15
9:27:56,2299.2,2299,2299.2,9,18,8
9:27:56,2299,2298.8,2299,20,5,7
9:27:57,2299,2298.8,2299,9,2,7
9:27:57,2298.8,2298.6,2298.8,4,67,14
9:27:58,2298.8,2298.6,2298.8,15,64,22
9:27:58,2298.6,2298.6,2298.8,31,38,9
9:27:59,2298.4,2298.2,2298.4,49,23,9
9:27:59,2298.4,2298.2,2298.4,14,15,3
9:28:00,2298.2,2298,2298.2,17,40,4
9:28:00,2298,2298,2298.6,50,24,15
9:28:01,2298,2298,2298.4,9,22,16
9:28:01,2298,2297.8,2298.2,45,19,10
9:28:02,2297.8,2297.6,2297.8,25,30,26
9:28:02,2297.8,2297.6,2297.8,31,28,26
9:28:03,2297.6,2297.4,2297.6,30,38,5
9:28:03,2297.8,2297.6,2297.8,17,1,22
9:28:04,2297.8,2297.6,2297.8,25,3,17
9:28:04,2297.8,2297.6,2297.8,11,2,15
9:28:05,2297.8,2297.6,2297.8,21,12,8
9:28:05,2298,2297.8,2298,38,62,22
9:28:06,2298,2298,2298.2,26,38,1
9:28:06,2298.2,2298.2,2298.6,18,64,10
9:28:07,2298.4,2298.4,2298.6,14,35,14
9:28:07,2298.6,2298.6,2298.8,21,5,92
9:28:08,2298.6,2298.4,2298.6,8,50,12
9:28:08,2298.4,2298.4,2298.6,21,34,8
9:28:09,2298.6,2298.6,2298.8,58,17,42
9:28:09,2298.8,2298.6,2298.8,2,19,40
9:28:10,2298.6,2298.6,2298.8,15,10,36
9:28:10,2298.8,2298.4,2298.6,28,23,1
9:28:11,2298.6,2298.6,2298.8,10,1,28
9:28:11,2298.6,2298.4,2298.6,36,22,1
9:28:12,2298.8,2298.8,2299,10,21,33
9:28:12,2298.8,2298.8,2299,7,18,33
9:28:13,2299,2298.8,2299,25,18,8
9:28:13,2299.2,2298.6,2299.2,45,6,13
9:28:14,2299.2,2299,2299.2,10,70,23
9:28:14,2299.2,2299,2299.2,18,65,9
9:28:15,2299.4,2299.4,2299.6,29,26,33
9:28:15,2299.8,2299.6,2299.8,45,14,45
9:28:16,2300,2299.8,2300,57,8,186
9:28:16,2300,2299.8,2300,104,8,87
9:28:17,2300,2299.8,2300,44,6,45
9:28:17,2300,2300,2300.2,69,46,11
9:28:18,2300,2300,2300.2,51,23,15
9:28:18,2299.8,2299.6,2299.8,53,7,18
9:28:19,2299.4,2299.2,2299.4,51,71,11
9:28:19,2299.4,2299.2,2299.4,69,8,41
9:28:20,2299,2299,2299.2,28,57,61
9:28:20,2299,2299,2299.2,53,15,50
9:28:21,2299,2298.8,2299,30,7,18
9:28:21,2298.8,2298.6,2298.8,8,11,16
9:28:22,2298.8,2298.6,2298.8,25,8,7
9:28:22,2298.4,2298.4,2298.6,20,7,9
9:28:23,2298.4,2298.4,2298.6,11,3,5
9:28:23,2298.4,2298.4,2298.8,9,9,30
9:28:24,2298.6,2298.4,2298.6,13,5,58
9:28:24,2298.6,2298.2,2298.4,13,54,7
9:28:25,2298.4,2298.2,2298.4,40,28,34
9:28:25,2298.2,2298,2298.2,32,67,11
9:28:26,2298,2298,2298.2,35,41,7
9:28:26,2298.2,2298,2298.2,7,41,5
9:28:27,2298,2298,2298.2,11,35,6
9:28:27,2298.2,2298,2298.4,34,10,18
9:28:28,2298,2298,2298.4,5,9,6
9:28:28,2298.2,2298.2,2298.4,9,2,3
9:28:29,2298.4,2298,2298.4,7,10,5
9:28:29,2298,2298.2,2298.4,5,1,4
9:28:30,2298.4,2298.4,2298.6,15,3,45
9:28:30,2298.6,2298,2298.6,4,16,47
9:28:31,2298.4,2298,2298.4,5,72,5
9:28:31,2298,2298,2298.2,19,68,11
9:28:32,2298.2,2298,2298.2,10,73,2
9:28:32,2298.2,2298.2,2298.4,4,2,11
9:28:33,2298.2,2298.2,2298.4,6,1,17
9:28:33,2298.2,2298.2,2298.4,21,12,16
9:28:34,2298.2,2298.2,2298.4,24,7,13
9:28:34,2298.4,2298.2,2298.4,11,11,3
9:28:35,2298.4,2298.4,2298.6,13,4,44
9:28:35,2298.6,2298.4,2298.6,18,2,34
9:28:36,2298.6,2298.2,2298.6,19,11,21
9:28:36,2298.6,2298.4,2298.6,15,4,8
9:28:37,2298.6,2298.6,2298.8,15,10,1
9:28:37,2298.8,2298.8,2299,13,12,15
9:28:38,2299,2299,2299.2,15,5,7
9:28:38,2299.2,2299,2299.2,8,3,5
9:28:39,2299.2,2299.2,2299.4,11,9,4
9:28:39,2299.4,2299.4,2299.6,17,5,46
9:28:40,2299.4,2299.4,2299.6,4,9,48
9:28:40,2299.2,2299.2,2299.6,22,16,42
9:28:41,2299.2,2299.2,2299.4,8,11,9
9:28:41,2299.2,2299,2299.2,14,11,3
9:28:42,2299,2299,2299.2,18,3,30
9:28:42,2299,2298.8,2299,15,6,39
9:28:43,2299,2298.8,2299,10,6,81
9:28:43,2298.8,2298.6,2298.8,10,57,19
9:28:44,2298.6,2298.6,2298.8,32,33,96
9:28:44,2298.6,2298.6,2298.8,19,19,95
9:28:45,2298.4,2298.4,2298.6,37,65,58
9:28:45,2298.4,2298.4,2298.6,7,62,109
9:28:46,2298.6,2298.4,2298.6,45,24,73
9:28:46,2298.2,2298,2298.2,31,98,22
9:28:47,2298.2,2298,2298.2,13,50,46
9:28:47,2298,2298,2298.2,66,6,25
9:28:48,2297.8,2297.8,2298,12,19,13
9:28:48,2298,2298,2298.2,55,37,3
9:28:49,2298.2,2298.2,2298.4,29,42,44
9:28:49,2298.2,2298.2,2298.4,29,43,20
9:28:50,2298.2,2298.2,2298.4,22,28,17
9:28:50,2298.2,2298.2,2298.4,15,18,11
9:28:51,2298.2,2298.2,2298.4,15,3,3
9:28:51,2298.2,2298,2298.4,5,50,5
9:28:52,2298.4,2298.4,2298.6,17,10,26
9:28:52,2298.4,2298.4,2298.6,3,12,26
9:28:53,2298.4,2298.2,2298.4,19,79,16
9:28:53,2298.4,2298.2,2298.4,10,75,11
9:28:54,2298.4,2298.4,2298.6,12,12,49
9:28:54,2298.4,2298.4,2298.6,13,1,49
9:28:55,2298.4,2298.4,2298.6,32,51,19
9:28:55,2298.4,2298.4,2298.6,5,49,22
9:28:56,2298.6,2298.4,2298.6,24,48,1
9:28:56,2298.6,2298.6,2298.8,34,39,27
9:28:57,2298.6,2298.6,2298.8,16,32,24
9:28:57,2299,2298.6,2299,39,40,18
9:28:58,2299,2299,2299.2,28,3,15
9:28:58,2299,2298.8,2299,6,5,3
9:28:59,2299,2299,2299.2,16,15,16
9:28:59,2299.2,2299,2299.2,4,65,15
9:29:00,2299.4,2299.2,2299.4,48,1,12
9:29:00,2299.4,2299.4,2299.6,34,22,36
9:29:01,2299.6,2299.4,2299.6,11,20,31
9:29:01,2299.4,2299.4,2299.6,34,8,4
9:29:02,2299.8,2299.6,2299.8,18,13,39
9:29:02,2299.8,2299.6,2299.8,20,9,29
9:29:03,2299.8,2299.4,2299.6,25,2,1
9:29:03,2299.6,2299.6,2299.8,24,92,12
9:29:04,2300,2299.8,2300,57,11,48
9:29:04,2300.2,2300.2,2300.4,94,16,8
9:29:05,2300.6,2300.4,2300.8,47,27,8
9:29:05,2300.4,2300.8,2301,51,2,16
9:29:06,2301,2300.8,2301,72,1,3
9:29:06,2300.6,2300.4,2300.6,52,13,21
9:29:07,2300.4,2300,2300.4,54,5,25
9:29:07,2300,2299.8,2300,20,54,9
9:29:08,2299.8,2299.8,2300,41,41,9
9:29:08,2300,2299.8,2300,60,12,8
9:29:09,2300.4,2300.4,2300.6,87,3,30
9:29:09,2300,2300,2300.4,33,7,5
9:29:10,2300,2300.2,2300.4,12,6,12
9:29:10,2300.2,2300,2300.2,15,38,1
9:29:11,2300,2300,2300.2,14,51,1
9:29:11,2300,2300.2,2300.4,5,10,10
9:29:12,2300.6,2300.6,2300.8,39,1,22
9:29:12,2301,2300.8,2301.2,54,6,1
9:29:13,2301.4,2301.2,2301.6,29,19,12
9:29:13,2301.6,2301.6,2301.8,33,9,12
9:29:14,2301,2300.8,2301,105,4,28
9:29:14,2301,2300.2,2300.6,46,9,13
9:29:15,2300.4,2300,2300.4,43,55,1
9:29:15,2300.6,2300.6,2300.8,61,58,20
9:29:16,2301,2300.8,2301,26,6,17
9:29:16,2301,2301,2301.2,52,1,4
9:29:17,2300.8,2300.6,2300.8,36,23,34
9:29:17,2301.4,2301,2301.4,69,1,3
9:29:18,2301,2301,2301.4,41,1,15
9:29:18,2300.6,2300.4,2300.6,16,3,1
9:29:19,2300.6,2300.6,2300.8,51,5,1
9:29:19,2301,2300.6,2301,35,3,23
9:29:20,2300.8,2300.8,2301,18,27,27
9:29:20,2300.8,2300.8,2301,11,17,27
9:29:21,2301,2300.8,2301,25,26,9
9:29:21,2301.2,2301.2,2301.4,22,3,6
9:29:22,2301,2301,2301.2,19,9,1
9:29:22,2301.4,2301.4,2301.6,14,7,18
9:29:23,2301.2,2301.2,2301.4,27,35,6
9:29:23,2301.4,2301.2,2301.4,13,28,1
9:29:24,2301.6,2301.4,2301.6,16,17,1
9:29:24,2301.6,2301.6,2301.8,25,2,18
9:29:25,2301.4,2301.6,2301.8,16,2,7
9:29:25,2301.8,2301.2,2301.8,17,18,5
9:29:26,2301.8,2301.4,2301.8,21,6,5
9:29:26,2301.6,2301.4,2301.6,13,1,19
9:29:27,2301.4,2301.2,2301.4,27,17,57
9:29:27,2301,2301,2301.2,47,17,52
9:29:28,2300.8,2300.8,2301,169,32,14
9:29:28,2300.6,2300.4,2300.6,47,5,7
9:29:29,2300.6,2300.6,2300.8,35,31,15
9:29:29,2300.8,2300.8,2301,31,9,7
9:29:30,2301,2300.8,2301,30,7,14
9:29:30,2301.2,2300.6,2301.2,41,1,23
9:29:31,2300.8,2300.8,2301,16,2,12
9:29:31,2300.8,2300.6,2300.8,23,21,1
9:29:32,2300.8,2300.8,2301,7,2,5
9:29:32,2300.8,2300.6,2300.8,11,22,17
9:29:33,2300.6,2300.6,2301,20,20,4
9:29:33,2300.6,2300.6,2301,3,17,7
9:29:34,2300.6,2300.6,2301,2,16,7
9:29:34,2300.6,2300.8,2301,1,29,17
9:29:35,2300.8,2300.8,2301,11,21,23
9:29:35,2300.8,2300.8,2301,25,13,7
9:29:36,2301,2300.8,2301,14,11,11
9:29:36,2301,2301,2301.2,25,1,21
9:29:37,2301,2301,2301.2,21,20,22
9:29:37,2301,2301,2301.2,13,12,20
9:29:38,2301.2,2301,2301.2,10,15,14
9:29:38,2301,2301,2301.2,8,9,13
9:29:39,2301.2,2301,2301.2,5,7,10
9:29:39,2301,2301,2301.2,14,5,8
9:29:40,2301.2,2301,2301.2,12,2,9
9:29:40,2301,2300.8,2301,6,42,6
9:29:41,2300.8,2300.8,2301,17,43,2
9:29:41,2300.8,2300.8,2301,5,40,8
9:29:42,2301,2300.8,2301,9,34,20
9:29:42,2300.8,2300.8,2301,20,14,20
9:29:43,2300.8,2300.6,2300.8,22,15,30
9:29:43,2300.6,2300.4,2300.6,16,24,6
9:29:44,2300.4,2300.4,2300.6,9,16,33
9:29:44,2300.4,2300.4,2300.6,12,24,28
9:29:45,2300.2,2300,2300.2,37,161,1
9:29:45,2300.2,2300.2,2300.4,8,8,17
9:29:46,2300,2300,2300.4,29,157,4
9:29:46,2300.2,2300,2300.2,22,156,2
9:29:47,2300.2,2300.2,2300.4,54,3,2
9:29:47,2300.4,2300,2300.4,12,104,1
9:29:48,2300.2,2300.2,2300.4,7,5,1
9:29:48,2300.2,2300.2,2300.4,11,1,1
9:29:49,2300.2,2300,2300.2,51,73,9
9:29:49,2300,2300,2300.2,27,51,20
9:29:50,2299.8,2299.8,2300,63,50,44
9:29:50,2299.8,2299.8,2300,25,28,44
9:29:51,2299.6,2299.4,2299.6,41,1,7
9:29:51,2299.4,2299.4,2299.6,17,11,6
9:29:52,2299.4,2299.4,2299.8,29,5,68
9:29:52,2299.4,2299.2,2299.4,19,3,8
9:29:53,2299.2,2298.8,2299.2,22,2,24
9:29:53,2299.2,2298.6,2298.8,28,27,7
9:29:54,2299,2298.6,2299.2,55,11,5
9:29:54,2298.8,2298.8,2299.2,28,3,6
9:29:55,2298.8,2298.8,2299.2,22,2,3
9:29:55,2298.6,2299,2299.2,27,4,4
9:29:56,2299,2299,2299.2,18,15,2
9:29:56,2299,2299,2299.2,21,13,1
9:29:57,2299.2,2299.2,2299.4,20,13,42
9:29:57,2299.4,2299.2,2299.4,44,5,38
9:29:58,2299.2,2299.2,2299.4,14,8,30
9:29:58,2299.4,2299,2299.2,13,4,1
9:29:59,2299.4,2299.2,2299.4,14,2,16
9:29:59,2299.2,2299,2299.2,13,5,8
9:30:00,2298.8,2298.8,2299,35,7,16
9:30:00,2298.8,2298.2,2298.8,128,68,39
9:30:01,2298.8,2298.2,2298.6,53,66,3
9:30:01,2298.8,2298.2,2298.8,29,56,1
9:30:02,2298.8,2298.4,2299,84,11,1
9:30:02,2298.8,2298.6,2299,34,1,9
9:30:03,2298.6,2298.6,2298.8,38,23,17
9:30:03,2298.6,2298.6,2298.8,39,1,2
9:30:04,2298.6,2298.4,2298.6,9,16,7
9:30:04,2298.6,2298.4,2298.6,24,15,28
9:30:05,2298.4,2298.2,2298.4,35,29,20
9:30:05,2298.4,2298,2298.2,46,89,5
9:30:06,2298,2298,2298.2,22,76,3
9:30:06,2298,2298,2298.2,29,51,9
9:30:07,2298,2298,2298.2,55,4,29
9:30:07,2298,2297.8,2298,6,28,13
9:30:08,2298,2297.8,2298,19,25,18
9:30:08,2298,2298,2298.2,46,18,35
9:30:09,2298.2,2298,2298.2,48,12,10
9:30:09,2298.2,2298.2,2298.4,39,60,27
9:30:10,2298.4,2298.4,2298.6,55,12,32
9:30:10,2298.6,2298.6,2298.8,63,5,7
9:30:11,2298.8,2298.8,2299,35,16,45
9:30:11,2298.8,2298.8,2299,29,4,28
9:30:12,2298.8,2298.6,2299,16,10,21
9:30:12,2298.8,2298.6,2299,22,11,12
9:30:13,2298.8,2298.6,2298.8,8,9,7
9:30:13,2298.8,2298.6,2298.8,6,9,5
9:30:14,2299,2298.6,2298.8,18,6,5
9:30:14,2298.8,2298.6,2298.8,6,4,11
9:30:15,2298.8,2298.6,2298.8,2,4,32
9:30:15,2298.6,2298.4,2298.6,14,20,20
9:30:16,2298.4,2298.4,2298.6,14,4,21
9:30:16,2298.6,2298.2,2298.6,40,40,3
9:30:17,2298.2,2298.2,2298.6,11,32,1
9:30:17,2298.8,2298.4,2298.8,12,29,23
9:30:18,2298.4,2298.4,2298.8,10,31,18
9:30:18,2298.6,2298.6,2298.8,12,4,16
9:30:19,2298.4,2298.4,2298.8,6,28,15
9:30:19,2298.8,2298.8,2299,27,3,38
9:30:20,2298.8,2298.4,2298.8,22,13,35
9:30:20,2298.8,2298.4,2298.8,11,10,32
9:30:21,2298.6,2298.4,2298.6,10,8,1
9:30:21,2298.8,2298.6,2298.8,11,9,28
9:30:22,2298.8,2298.8,2299,44,35,50
9:30:22,2298.8,2298.8,2299,20,17,49
9:30:23,2299,2298.8,2299,33,17,17
9:30:23,2299,2299,2299.2,20,27,47
9:30:24,2299,2299,2299.2,2,25,47
9:30:24,2299,2299,2299.2,21,21,33
9:30:25,2299.2,2299,2299.2,8,33,27
9:30:25,2299,2299,2299.2,24,26,22
9:30:26,2299,2299,2299.2,9,18,32
9:30:26,2299,2299,2299.2,32,16,4
9:30:27,2299.2,2299,2299.2,17,2,2
9:30:27,2299.2,2299.2,2299.4,7,8,6
9:30:28,2299.2,2299.4,2299.6,23,9,50
9:30:28,2299.6,2299.4,2299.6,5,10,47
9:30:29,2299.4,2299.4,2299.6,18,8,38
9:30:29,2299.6,2299.4,2299.6,28,5,16
9:30:30,2299.6,2299.4,2299.6,6,4,11
9:30:30,2299.6,2299.4,2299.6,12,4,1
9:30:31,2299.6,2299.6,2299.8,20,61,42
9:30:31,2299.8,2299.6,2299.8,15,83,32
9:30:32,2299.6,2299.6,2299.8,26,87,7
9:30:32,2300,2299.8,2300,21,54,50
9:30:33,2300,2299.8,2300,14,54,39
9:30:33,2300,2299.8,2300,18,50,22
9:30:34,2299.8,2299.8,2300,16,48,9
9:30:34,2300,2300,2300.2,18,1,27
9:30:35,2300,2299.8,2300,12,45,5
9:30:35,2300,2299.8,2300.2,38,45,15
9:30:36,2300,2299.8,2300,23,29,4
9:30:36,2300,2299.8,2300.2,11,24,16
9:30:37,2300.2,2300,2300.2,30,4,15
9:30:37,2300,2299.6,2299.8,12,87,17
9:30:38,2299.8,2299.6,2299.8,20,84,4
9:30:38,2299.6,2299.6,2300,20,70,19
9:30:39,2299.8,2299.6,2300.2,22,69,15
9:30:39,2300.2,2300.2,2300.4,34,66,2
9:30:40,2300.2,2300.2,2300.6,24,60,26
9:30:40,2300.8,2300.4,2300.8,32,18,13
9:30:41,2300.8,2300.6,2300.8,30,1,3
9:30:41,2300.8,2300.8,2301,17,8,27
9:30:42,2301,2300.2,2301,63,54,15
9:30:42,2300.8,2300.4,2300.8,32,24,22
9:30:43,2300.6,2300.4,2300.6,20,39,3
9:30:43,2300.8,2300.4,2300.8,27,28,7
9:30:44,2300.8,2300.4,2300.8,28,9,3
9:30:44,2301,2300.8,2301,16,4,2
9:30:45,2301,2301,2301.2,14,6,1
9:30:45,2301.2,2301.2,2301.4,4,9,7
9:30:46,2301.4,2301.2,2301.4,12,18,5
9:30:46,2301.4,2301.4,2301.6,6,3,14
9:30:47,2301.6,2301.6,2301.8,18,2,21
9:30:47,2301.6,2301.6,2301.8,11,4,15
9:30:48,2301.4,2301.4,2301.6,11,8,1
9:30:48,2301.6,2301.4,2301.8,18,8,6
9:30:49,2301.6,2301.2,2301.6,27,19,6
9:30:49,2301.2,2301.2,2301.4,13,9,6
9:30:50,2301.4,2300.8,2301.2,36,58,4
9:30:50,2301.2,2301.2,2301.6,13,1,4
9:30:51,2301,2301,2301.2,22,1,1
9:30:51,2301.4,2301,2301.2,8,18,4
9:30:52,2301.2,2301.2,2301.4,15,7,10
9:30:52,2302,2301,2302,45,12,53
9:30:53,2301.8,2301.8,2302,28,3,42
9:30:53,2302,2302,2302.4,79,39,8
9:30:54,2302.4,2302.2,2302.4,15,17,3
9:30:54,2302.4,2302.4,2303,133,1,23
9:30:55,2302.4,2302.4,2302.8,61,48,26
9:30:55,2302.4,2302.4,2303,75,12,1
9:30:56,2302.4,2302.2,2302.4,74,1,13
9:30:56,2302.2,2302,2302.2,32,1,5
9:30:57,2302,2301.6,2302,42,8,13
9:30:57,2301.8,2301.6,2301.8,34,13,2
9:30:58,2302,2301.6,2302,36,12,6
9:30:58,2301.6,2301.4,2301.6,18,4,8
9:30:59,2301.6,2301.6,2302,16,5,20
9:30:59,2301.8,2301.8,2302,19,3,20
9:31:00,2302,2301.8,2302,43,36,10
9:31:00,2301.8,2301.4,2301.8,56,9,1
9:31:01,2302,2302,2302.2,22,3,12
9:31:01,2302,2301.8,2302,18,3,6
9:31:02,2301.8,2301.6,2301.8,24,3,49
9:31:02,2301.6,2301.4,2301.6,32,2,28
9:31:03,2301.2,2301.2,2301.4,40,92,44
9:31:03,2301.4,2301.2,2301.4,105,21,37
9:31:04,2301,2300.8,2301,39,48,23
9:31:04,2300.8,2300.8,2301,37,34,1
9:31:05,2300.6,2300.8,2301.2,45,1,27
9:31:05,2301,2301,2301.2,60,14,19
9:31:06,2301.2,2301.2,2301.4,44,3,29
9:31:06,2300.6,2300.6,2300.8,44,8,2
9:31:07,2300.8,2300.6,2300.8,16,8,1
9:31:07,2300.8,2300.4,2301,18,1,3
9:31:08,2300.4,2300.2,2300.4,15,60,5
9:31:08,2300.4,2300.4,2300.6,44,3,1
9:31:09,2300.4,2300.2,2300.4,21,34,26
9:31:09,2300.2,2300,2300.2,38,16,21
9:31:10,2299.8,2299.8,2300,44,6,25
9:31:10,2299.4,2299.4,2299.6,41,5,9
9:31:11,2299.2,2299.2,2299.4,16,18,20
9:31:11,2299.4,2299,2299.2,23,2,27
9:31:12,2299,2299,2299.2,79,3,35
9:31:12,2299,2298.2,2299,9,37,13
9:31:13,2298.8,2298.4,2298.8,10,10,30
9:31:13,2298.4,2298.4,2298.8,36,29,2
9:31:14,2298.8,2298.8,2299,45,24,23
9:31:14,2298.6,2298.6,2299,38,15,21
9:31:15,2298.6,2298.6,2299,23,7,21
9:31:15,2299,2298.8,2299,22,2,13
9:31:16,2299,2298.6,2298.8,13,23,9
9:31:16,2298.6,2298.6,2298.8,27,16,7
9:31:17,2298.8,2298.8,2299,29,9,7
9:31:17,2298.8,2298.8,2299.2,14,15,36
9:31:18,2298.8,2298.8,2299,28,17,2
9:31:18,2299,2299,2299.2,19,2,36
9:31:19,2298.8,2298.6,2299.2,16,17,34
9:31:19,2298.6,2298.6,2299.2,5,16,33
9:31:20,2299,2298.6,2299.2,19,8,32
9:31:20,2298.6,2298.6,2299,6,17,11
9:31:21,2298.6,2298.6,2298.8,12,9,2
9:31:21,2298.8,2298.8,2299,22,13,3
9:31:22,2298.8,2298.8,2299,14,5,27
9:31:22,2298.6,2298.6,2298.8,10,7,86
9:31:23,2298.8,2298.4,2298.6,20,18,55
9:31:23,2298.2,2298.2,2298.4,51,17,53
9:31:24,2298.2,2298,2298.2,45,23,22
9:31:24,2298,2297.8,2298.2,71,28,1
9:31:25,2298.2,2298.2,2298.4,33,1,40
9:31:25,2297.6,2298,2298.4,29,1,24
9:31:26,2297.8,2297.6,2297.8,28,23,26
9:31:26,2297.8,2297.8,2298,38,17,12
9:31:27,2298.2,2297.8,2298.2,22,28,22
9:31:27,2298.2,2298,2298.2,22,7,21
9:31:28,2298,2297.6,2298,46,22,25
9:31:28,2298,2297.6,2298,55,19,71
9:31:29,2297.6,2297.6,2297.8,12,9,18
9:31:29,2297.6,2297.4,2297.6,39,3,30
9:31:30,2297.4,2297.2,2297.4,15,78,2
9:31:30,2297.4,2297.2,2297.6,31,67,31
9:31:31,2297.6,2297.2,2297.6,70,36,1
9:31:31,2297.4,2297.4,2297.8,51,18,12
9:31:32,2297.2,2297.2,2297.4,40,36,3
9:31:32,2297.8,2297.4,2297.8,22,3,2
9:31:33,2297.6,2297.4,2297.6,37,11,2
9:31:33,2298,2297.8,2298,101,1,86
9:31:34,2297.8,2297.2,2297.4,65,22,1
9:31:34,2297.6,2297.4,2297.6,4,5,94
9:31:35,2297.2,2297,2297.4,65,27,50
9:31:35,2297,2296.8,2297,55,20,13
9:31:36,2296.8,2296.8,2297,39,13,20
9:31:36,2296.8,2296.6,2296.8,24,18,10
9:31:37,2296.6,2296.6,2296.8,33,19,3
9:31:37,2296.4,2296.4,2296.6,47,8,8
9:31:38,2296.6,2296.2,2296.6,33,42,8
9:31:38,2296.2,2296.2,2296.6,91,6,1
9:31:39,2296.2,2296.4,2296.6,35,6,10
9:31:39,2296.2,2296.2,2296.4,60,2,29
9:31:40,2296.6,2296.4,2296.6,55,1,3
9:31:40,2296.2,2296,2296.4,22,14,3
9:31:41,2296,2296.2,2296.4,9,9,14
9:31:41,2296.8,2296.4,2296.8,37,15,10
9:31:42,2296.4,2296.2,2296.8,68,1,8
9:31:42,2296.8,2296.4,2296.8,21,13,8
9:31:43,2296.8,2296.6,2296.8,25,13,6
9:31:43,2297,2296.6,2297,28,1,9
9:31:44,2297,2296.6,2297,38,4,3
9:31:44,2296.6,2296.8,2297,21,22,7
9:31:45,2296.8,2296.8,2297,17,22,1
9:31:45,2296.8,2297,2297.2,23,2,2
9:31:46,2297.2,2297,2297.2,14,37,16
9:31:46,2297.2,2297,2297.2,9,47,15
9:31:47,2297,2297,2297.2,23,26,12
9:31:47,2297,2297,2297.2,14,27,5
9:31:48,2297.2,2297,2297.2,43,4,8
9:31:48,2297.2,2297,2297.2,10,9,3
9:31:49,2296.8,2296.8,2297,25,12,4
9:31:49,2297,2296.8,2297,3,12,3
9:31:50,2297,2297.2,2297.4,12,5,7
9:31:50,2297.2,2297.2,2297.4,4,28,8
9:31:51,2297.4,2297.4,2297.6,40,5,8
9:31:51,2297.4,2297.4,2297.6,6,5,19
9:31:52,2297.4,2297.4,2297.6,17,1,15
9:31:52,2297.4,2297.2,2297.4,12,20,7
9:31:53,2297.2,2297.2,2297.4,2,18,13
9:31:53,2297.2,2297.2,2297.4,12,13,5
9:31:54,2297.4,2297.2,2297.4,2,13,5
9:31:54,2297.4,2297.2,2297.4,16,5,10
9:31:55,2297.2,2297,2297.2,13,54,4
9:31:55,2297.2,2297.2,2297.4,35,4,11
9:31:56,2297.2,2297.2,2297.4,29,8,1
9:31:56,2297.4,2297.4,2297.6,23,12,8
9:31:57,2297.4,2297.4,2297.6,18,25,4
9:31:57,2297.8,2297.6,2297.8,52,1,27
9:31:58,2297.4,2297.6,2297.8,3,1,27
9:31:58,2297.8,2297.6,2297.8,13,3,25
9:31:59,2297.4,2297.4,2297.8,7,14,24
9:31:59,2297.4,2297.2,2297.8,18,40,24
9:32:00,2297.4,2297.4,2297.6,7,94,1
9:32:00,2298,2297.6,2298,42,9,13
9:32:01,2297.8,2297.8,2298.2,28,5,2
9:32:01,2298.2,2298.2,2298.4,15,27,21
9:32:02,2298.4,2298.2,2298.4,22,33,16
9:32:02,2298.4,2298.2,2298.4,8,33,8
9:32:03,2298.2,2298.2,2298.6,15,31,5
9:32:03,2298.4,2298.4,2298.6,12,17,2
9:32:04,2298.2,2298.2,2298.4,49,9,15
9:32:04,2298.2,2298,2298.2,24,8,6
9:32:05,2298,2297.8,2298,20,13,13
9:32:05,2298,2297.6,2297.8,17,8,22
9:32:06,2297.4,2297.4,2297.6,15,82,11
9:32:06,2297.6,2297.8,2298,47,16,28
9:32:07,2297.8,2297.6,2298,19,6,24
9:32:07,2297.8,2297.8,2298,6,1,25
9:32:08,2298,2297.6,2298,20,18,10
9:32:08,2297.8,2297.6,2297.8,1,23,6
9:32:09,2297.8,2297.8,2298,21,2,11
9:32:09,2297.6,2297.6,2298,3,23,12
9:32:10,2297.6,2297.6,2298,12,22,1
9:32:10,2298,2297.8,2298.2,10,14,10
9:32:11,2298,2298,2298.2,85,3,4
9:32:11,2298,2298,2298.2,7,6,14
9:32:12,2298,2298,2298.2,6,4,16
9:32:12,2298.2,2298.2,2298.6,44,2,2
9:32:13,2298.2,2298.2,2298.4,5,11,4
9:32:13,2298.4,2298.4,2298.6,14,4,9
9:32:14,2298.4,2298.4,2298.6,24,28,1
9:32:14,2298.8,2298.4,2298.8,7,25,10
9:32:15,2298.4,2298.4,2298.8,11,21,8
9:32:15,2298.4,2298.4,2298.6,26,15,25
9:32:16,2298.6,2298.4,2298.6,14,11,16
9:32:16,2298.4,2298.2,2298.4,21,6,27
9:32:17,2298.2,2298,2298.2,12,13,13
9:32:17,2298,2297.8,2298.2,13,2,16
9:32:18,2297.6,2297.6,2297.8,14,5,1
9:32:18,2297.6,2297.6,2298,4,3,9
9:32:19,2298,2297.6,2298,53,4,11
9:32:19,2297.4,2297.2,2297.4,14,18,18
9:32:20,2297.2,2297,2297.2,21,52,22
9:32:20,2297,2297,2297.2,61,12,13
9:32:21,2297.2,2297,2297.2,5,9,11
9:32:21,2296.8,2296.8,2297,28,20,7
9:32:22,2296.8,2296.8,2297,19,8,27
9:32:22,2297,2296.8,2297,49,3,27
9:32:23,2296.4,2296.4,2296.6,25,2,12
9:32:23,2296.8,2296.6,2296.8,25,15,6
9:32:24,2296.8,2296.6,2296.8,8,24,24
9:32:24,2297,2296.8,2297.2,46,1,19
9:32:25,2296.8,2296.6,2297,7,20,1
9:32:25,2296.8,2296.8,2297,13,11,1
9:32:26,2296.6,2296.6,2297.2,17,35,18
9:32:26,2297,2296.8,2297,4,1,8
9:32:27,2296.8,2296.8,2297,5,2,14
9:32:27,2297,2296.8,2297,19,19,3
9:32:28,2296.8,2296.8,2297.2,13,16,14
9:32:28,2297.2,2297,2297.2,5,1,10
9:32:29,2297,2296.8,2297,8,19,1
9:32:30,2296.8,2296.6,2296.8,25,10,6
9:32:30,2296.6,2296.4,2296.6,18,6,2
9:32:31,2297,2296.8,2297,33,39,7
9:32:31,2296.8,2296.8,2297,52,8,4
9:32:32,2296.8,2296.6,2296.8,11,1,4
9:32:32,2296.8,2296.8,2297,15,8,5
9:32:33,2297,2296.8,2297,10,2,6
9:32:33,2296.8,2296.6,2296.8,6,5,2
9:32:34,2296.6,2296.4,2297.6,46,6,22
9:32:34,2297.6,2297.6,2297.8,50,14,4
9:32:35,2297.8,2298.2,2298.4,33,3,14
9:32:35,2297.8,2298,2298.2,26,6,23
9:32:36,2297.8,2297.8,2298,22,23,10
9:32:36,2297.8,2297.8,2298,2,21,13
9:32:37,2298,2298,2298.2,17,6,21
9:32:37,2297.8,2298,2298.2,9,4,19
9:32:38,2298.2,2297.8,2298.2,25,2,1
9:32:38,2298,2297.8,2298,13,2,4
9:32:39,2298,2298,2298.2,6,35,9
9:32:39,2298.2,2298.2,2298.4,5,7,4
9:32:40,2298.2,2298.2,2298.4,19,4,1
9:32:40,2298.2,2298,2298.2,15,32,14
9:32:41,2298,2298,2298.4,24,28,14
9:32:41,2298.4,2298.4,2298.6,33,2,18
9:32:42,2298.2,2298,2298.2,10,10,5
9:32:42,2298,2298,2298.2,9,3,6
9:32:43,2298.2,2298,2298.2,7,25,9
9:32:43,2298,2298,2298.2,4,23,16
9:32:44,2298,2298,2298.2,6,20,30
9:32:44,2298,2297.8,2298,28,1,10
9:32:45,2298,2297.6,2297.8,11,15,5
9:32:45,2297.6,2297.6,2297.8,12,8,9
9:32:46,2297.6,2297.6,2297.8,4,5,9
9:32:46,2297.6,2297.6,2297.8,4,8,16
9:32:47,2297.8,2297,2297.8,14,29,21
9:32:47,2297.4,2297.4,2297.6,6,1,18
9:32:48,2297.6,2297.2,2297.6,3,13,26
9:32:48,2297.2,2297.2,2297.4,14,2,2
9:32:49,2296.8,2296.6,2296.8,22,10,3
9:32:49,2296.8,2296.6,2296.8,12,6,2
9:32:50,2296.8,2296.8,2297.2,4,15,3
9:32:50,2297.4,2297.4,2297.6,15,8,6
9:32:51,2297.4,2297.4,2297.8,13,2,7
9:32:51,2297.8,2297.4,2297.8,19,5,3
9:32:52,2297.8,2297.4,2297.8,2,5,2
9:32:52,2297.4,2297.4,2297.8,1,14,2
9:32:53,2298,2297.4,2298,3,14,20
9:32:53,2298,2297.6,2298,5,10,20
9:32:54,2297.4,2297.8,2298,26,2,12
9:32:54,2298,2298,2298.2,13,13,11
9:32:55,2298.2,2298,2298.2,9,10,5
9:32:55,2298.2,2298.2,2298.4,9,2,15
9:32:56,2298,2298,2298.4,5,8,15
9:32:56,2298.2,2298,2298.4,2,8,15
9:32:57,2298.4,2298.4,2298.6,26,15,19
9:32:57,2298,2298,2298.2,19,6,24
9:32:58,2298,2297.8,2298,10,4,6
9:32:58,2298,2297.8,2298,3,2,11
9:32:59,2298,2297.8,2298,11,1,21
9:32:59,2298,2297.8,2298,12,2,17
9:33:00,2298,2298,2298.2,31,19,24
9:33:00,2298.2,2298,2298.2,21,21,10
9:33:01,2298.4,2298.2,2298.4,21,2,2
9:33:01,2298.4,2298.4,2298.6,9,2,21
9:33:02,2298.6,2298.4,2298.6,19,17,5
9:33:02,2298.6,2298.6,2298.8,36,13,18
9:33:03,2298.6,2298.6,2298.8,14,19,16
9:33:03,2299,2298.8,2299,18,5,17
9:33:04,2299,2298.8,2299,6,6,22
9:33:04,2298.6,2298.6,2299,20,23,19
9:33:05,2299,2299,2299.2,27,3,19
9:33:05,2299.2,2298.8,2299.2,31,1,11
9:33:06,2298.8,2298.8,2299.2,10,2,9
9:33:06,2299,2298.8,2299.2,12,5,5
9:33:07,2299.2,2299,2299.2,29,1,1
9:33:07,2299.2,2299.2,2299.6,23,21,14
9:33:08,2299.6,2299.2,2299.6,18,18,7
9:33:08,2299.8,2299.6,2299.8,21,17,24
9:33:09,2299.8,2299.4,2299.8,60,17,3
9:33:09,2299.8,2299.8,2300,11,42,34
9:33:10,2299.8,2299.8,2300,25,45,20
9:33:10,2300.4,2300,2300.4,31,5,42
9:33:11,2299.8,2299.8,2300.4,42,25,34
9:33:11,2299.8,2299.8,2300,26,22,1
9:33:12,2299.2,2299.2,2300.2,44,38,23
9:33:12,2300,2299.4,2300,8,6,36
9:33:13,2299.2,2299.2,2299.8,41,30,37
9:33:13,2299.4,2299.2,2299.6,12,25,8
9:33:14,2299.4,2299.2,2299.4,10,23,1
9:33:14,2299.4,2299.2,2299.4,8,27,4
9:33:15,2299.2,2299.2,2299.4,21,13,7
9:33:15,2299.2,2299.2,2299.4,9,5,10
9:33:16,2299,2299,2299.2,16,6,29
9:33:16,2299,2298.8,2299,43,9,7
9:33:17,2298.8,2298.8,2299,12,5,6
9:33:17,2299.2,2299.2,2299.4,18,4,7
9:33:18,2299.2,2299,2299.2,16,6,7
9:33:18,2299.2,2299.2,2299.4,13,1,5
9:33:19,2299,2299,2299.2,11,4,2
9:33:19,2299.2,2299.2,2299.4,8,7,5
9:33:20,2299.4,2299.2,2299.4,8,10,5
9:33:20,2299.4,2299.4,2299.8,10,19,36
9:33:21,2299.8,2299.6,2299.8,2,10,35
9:33:21,2299.8,2299.8,2300,49,12,27
9:33:22,2300,2300,2300.4,36,7,13
9:33:22,2300.4,2300.4,2300.6,17,10,12
9:33:23,2300,2300,2300.6,41,9,2
9:33:23,2300.2,2300.2,2300.4,29,6,21
9:33:24,2299.8,2299.8,2300.2,23,30,37
9:33:24,2300,2299.8,2300,18,24,4
9:33:25,2300,2300,2300.2,10,28,36
9:33:25,2300.2,2300,2300.2,26,41,8
9:33:26,2300.2,2300.2,2300.4,23,4,32
9:33:26,2300.8,2300.8,2301,75,2,14
9:33:27,2300.4,2300.4,2300.8,16,54,1
9:33:27,2300.8,2300.6,2301,30,19,4
9:33:28,2300.8,2300.8,2301,17,7,14
9:33:28,2300.8,2300.6,2300.8,22,8,11
9:33:29,2300.8,2300.8,2301,48,3,10
9:33:29,2300.8,2300.8,2301,9,2,9
9:33:30,2301,2300.8,2301,14,4,9
9:33:30,2301,2300.4,2301.2,22,58,6
9:33:31,2301,2300.8,2301,8,2,7
9:33:31,2301.2,2301.2,2301.4,31,5,11
9:33:32,2301.4,2301.4,2301.6,62,7,18
9:33:32,2301.2,2301.2,2301.6,19,7,18
9:33:33,2301.6,2301.4,2301.6,31,4,1
9:33:33,2301.8,2301.8,2302,48,4,31
9:33:34,2301.6,2301.6,2301.8,59,10,11
9:33:34,2301.8,2301.8,2302.2,50,50,13
9:33:35,2302.2,2301.8,2302.2,22,58,4
9:33:35,2302.2,2302.2,2302.6,31,22,2
9:33:36,2302.8,2302.6,2302.8,86,2,18
9:33:36,2302.8,2302.8,2303,46,59,49
9:33:37,2302.8,2302.8,2303.2,84,129,11
9:33:37,2303.4,2303.2,2303.4,70,28,6
9:33:38,2304,2303.6,2304,154,10,12
9:33:38,2305,2304.2,2305,230,8,78
9:33:39,2305,2305,2305.2,208,8,13
9:33:39,2305,2304.2,2305,142,23,2
9:33:40,2304.8,2304.4,2304.6,86,10,4
9:33:40,2304.2,2304,2304.2,300,14,2
9:33:41,2304.4,2304.2,2304.4,76,6,33
9:33:41,2304,2303.8,2305.2,211,28,8
9:33:42,2304.2,2304.2,2304.8,68,18,8
9:33:42,2304.6,2304.6,2305.2,91,53,1
9:33:43,2305.4,2305.4,2306,80,4,30
9:33:43,2306,2306,2307.6,125,18,18
9:33:44,2306.4,2306.8,2307.2,182,1,1
9:33:44,2307.2,2307.2,2308,176,35,23
9:33:45,2307.8,2307.2,2307.8,185,30,26
9:33:45,2307.4,2306.8,2307.2,136,1,1
9:33:46,2306.6,2306.6,2306.8,107,5,15
9:33:46,2306.8,2306.6,2307.4,172,8,3
9:33:47,2308,2308,2308.2,174,21,13
9:33:47,2308.4,2308.4,2308.6,108,34,4
9:33:48,2309,2308.8,2309,171,55,2
9:33:48,2309.2,2309.2,2309.8,59,54,32
9:33:49,2310,2309.8,2310,113,38,18
9:33:49,2309.8,2310,2310.4,101,16,5
9:33:50,2310,2310,2310.4,60,67,5
9:33:50,2310.2,2309.8,2310.2,157,85,2
9:33:51,2309.8,2309,2309.8,179,35,63
9:33:51,2309,2309,2309.4,129,30,5
9:33:52,2309.4,2308.6,2309,170,40,46
9:33:52,2309,2308.6,2309,105,21,6
9:33:53,2309,2308.4,2308.6,71,3,7
9:33:53,2308.4,2308.2,2308.4,57,12,7
9:33:54,2308.4,2308.4,2308.6,41,18,8
9:33:54,2308.2,2308,2308.2,81,95,7
9:33:55,2308.2,2308.2,2308.4,80,6,42
9:33:55,2308,2308,2308.2,65,22,16
9:33:56,2307.6,2307.4,2307.6,47,6,7
9:33:56,2307.2,2307.2,2307.4,31,2,17
9:33:57,2307,2306.2,2307,31,13,1
9:33:57,2306.4,2306.4,2306.8,17,9,38
9:33:58,2306.6,2306.6,2306.8,25,12,9
9:33:58,2306.6,2306.4,2306.6,56,5,1
9:33:59,2306.8,2306.6,2307,36,24,22
9:33:59,2306.6,2306.8,2307,46,17,21
9:34:00,2307,2307,2307.2,47,1,18
9:34:00,2307.6,2307.4,2307.6,73,17,3
9:34:01,2307.8,2307.8,2308,83,19,70
9:34:01,2308,2307.6,2308,152,1,16
9:34:02,2307.6,2307.2,2307.6,46,4,33
9:34:02,2307,2307,2307.2,47,74,26
9:34:03,2306.6,2306.6,2306.8,147,12,1
9:34:03,2306,2306,2306.4,44,11,33
9:34:04,2306,2305.8,2306,47,4,18
9:34:04,2304.8,2304.6,2304.8,85,13,1
9:34:05,2304.8,2304.8,2305.8,85,32,15
9:34:05,2305.8,2305,2305.8,104,19,20
9:34:06,2305.4,2305.4,2305.6,153,3,25
9:34:06,2305.4,2305.2,2305.4,53,1,2
9:34:07,2305.6,2305.6,2305.8,33,4,19
9:34:07,2305.8,2305.8,2306,56,6,15
9:34:08,2306,2306.2,2306.6,66,11,32
9:34:08,2306.4,2306.4,2306.6,31,28,26
9:34:09,2306.6,2306.6,2307,45,6,27
9:34:09,2306.8,2306.8,2307,42,3,2
9:34:10,2307.2,2307.2,2307.4,39,14,22
9:34:10,2307,2307,2307.2,30,54,21
9:34:11,2307,2307,2307.4,70,40,1
9:34:11,2307.4,2307,2307.2,51,22,3
9:34:12,2307,2307,2307.2,33,5,11
9:34:12,2306.8,2306.6,2306.8,36,18,1
9:34:13,2306.6,2306.6,2307.8,62,7,5
9:34:13,2306.8,2306.8,2307.4,19,49,20
9:34:14,2307.4,2307.2,2307.4,35,74,15
9:34:14,2307.6,2307.6,2307.8,44,57,7
9:34:15,2308,2308,2308.2,71,45,6
9:34:15,2308.4,2308.4,2308.6,54,13,26
9:34:16,2308.6,2308.6,2309,61,76,10
9:34:16,2308.6,2308.6,2309.2,45,81,1
9:34:17,2309,2309.2,2309.4,18,1,7
9:34:17,2309,2308.8,2309,53,17,1
9:34:18,2309.2,2309.2,2309.4,35,6,19
9:34:18,2309.4,2309.2,2309.4,41,4,7
9:34:19,2309.2,2309,2309.2,35,4,50
9:34:19,2309.2,2308.6,2309,25,60,33
9:34:20,2308.8,2308.6,2308.8,60,49,14
9:34:20,2308.4,2308.2,2308.4,92,6,11
9:34:21,2307.8,2307.8,2308,39,16,3
9:34:21,2308,2308,2308.2,32,19,1
9:34:22,2308,2308,2308.4,30,3,2
9:34:22,2308.4,2308.2,2308.4,11,9,3
9:34:23,2308.4,2308.2,2308.6,18,6,13
9:34:23,2308.6,2308.4,2308.6,13,22,12
9:34:24,2308.4,2308.8,2309,37,18,14
9:34:24,2309.2,2309,2309.2,62,74,25
9:34:25,2309.4,2309.4,2309.6,65,13,20
9:34:25,2309.8,2309.6,2309.8,86,31,22
9:34:26,2310,2309.8,2310,70,12,42
9:34:26,2310,2309.6,2310,65,16,20
9:34:27,2310,2309.4,2309.6,63,1,52
9:34:27,2309.2,2309,2309.2,69,2,61
9:34:28,2308.8,2308.6,2308.8,21,62,63
9:34:28,2308.6,2308.2,2308.6,103,2,1
9:34:29,2308.2,2308,2308.2,21,4,14
9:34:29,2307.8,2307.6,2308,41,3,22
9:34:30,2307.8,2307.2,2307.6,22,2,19
9:34:30,2307.4,2307.4,2307.6,24,2,6
9:34:31,2307.4,2307.2,2307.4,9,2,3
9:34:31,2307.2,2307,2307.4,17,10,2
9:34:32,2307.2,2306.6,2307.2,48,4,3
9:34:32,2307.4,2307.2,2307.6,21,2,1
9:34:33,2307.6,2307.4,2307.6,12,1,8
9:34:33,2307.2,2307,2307.2,29,21,20
9:34:34,2307.4,2307,2307.4,23,20,3
9:34:34,2307.2,2307.6,2308,30,2,23
9:34:35,2307.4,2307.2,2307.6,10,3,9
9:34:35,2307.6,2307.2,2307.6,8,2,14
9:34:36,2308,2307.8,2308,23,1,20
9:34:36,2308,2307.4,2308,49,2,1
9:34:37,2308,2307.8,2308,21,13,7
9:34:37,2307.6,2308,2308.4,52,5,2
9:34:38,2308.2,2308.2,2309,14,3,35
9:34:38,2308.2,2308.4,2308.6,7,23,2
9:34:39,2308.8,2308.6,2309,17,3,35
9:34:39,2308.2,2308.2,2308.4,45,3,28
9:34:40,2308,2308,2308.2,29,13,23
9:34:40,2308.2,2308,2308.2,22,2,7
9:34:41,2308.2,2308,2308.2,19,46,9
9:34:41,2308.2,2308,2308.2,2,52,8
9:34:42,2308,2308,2308.2,17,48,1
9:34:42,2308,2308.2,2308.4,12,8,23
9:34:43,2308.2,2308.2,2308.4,10,22,16
9:34:43,2308.2,2308.2,2308.6,28,13,8
9:34:44,2308.6,2308.6,2308.8,24,8,2
9:34:44,2308.6,2308.6,2308.8,31,13,9
9:34:45,2308.4,2308.4,2309,34,27,43
9:34:45,2309,2308.6,2309,34,1,28
9:34:46,2308.6,2308.6,2308.8,7,1,5
9:34:46,2308.4,2308.4,2308.6,36,2,13
9:34:47,2308.4,2308.2,2308.4,6,12,15
9:34:47,2308.4,2308.2,2308.4,54,5,16
9:34:48,2308,2308,2308.2,57,2,45
9:34:48,2307.6,2307.6,2308.2,41,4,34
9:34:49,2307.6,2307.6,2307.8,18,3,36
9:34:49,2307.4,2307.4,2307.6,31,3,13
9:34:50,2307.2,2307.2,2307.4,13,10,1
9:34:50,2307.2,2307,2307.2,15,18,2
9:34:51,2307.2,2307.2,2307.4,12,4,7
9:34:51,2307.4,2307.2,2307.4,22,1,16
9:34:52,2307.4,2307.4,2307.6,24,7,17
9:34:52,2307,2307,2307.6,28,7,1
9:34:53,2307.4,2307,2307.4,8,9,10
9:34:53,2307,2307,2307.4,13,18,2
9:34:54,2307.8,2307,2307.8,31,8,12
9:34:54,2307.6,2307.4,2307.8,4,11,30
9:34:55,2307.4,2307.4,2307.8,11,12,25
9:34:55,2307.8,2307.4,2307.8,29,4,4
9:34:56,2308.4,2307.6,2308.4,55,2,1
9:34:56,2307.8,2307.6,2307.8,19,27,74
9:34:57,2307.8,2307.6,2307.8,60,1,39
9:34:57,2307.2,2307.2,2307.4,25,6,2
9:34:58,2307.4,2307,2307.4,63,37,75
9:34:58,2307.4,2307.2,2307.4,7,9,71
9:34:59,2307.2,2307,2307.2,37,17,31
9:34:59,2307.2,2306.6,2307,69,15,5
9:35:00,2306.6,2306.4,2306.6,44,19,36
9:35:00,2307.8,2307.2,2307.8,234,5,20
9:35:01,2308.6,2307.2,2308.6,89,33,3
9:35:01,2308,2308.6,2309,82,3,11
9:35:02,2309,2309.2,2309.4,48,6,21
9:35:02,2309.6,2309.6,2309.8,102,13,154
9:35:03,2309.8,2309.6,2309.8,64,9,101
9:35:03,2309.6,2309.4,2309.6,52,13,2
9:35:04,2309.2,2309,2309.2,33,1,11
9:35:04,2308.8,2308.6,2309,36,10,2
9:35:05,2308.6,2308,2308.8,43,16,14
9:35:05,2308.6,2308.2,2308.6,28,9,30
9:35:06,2308.2,2308.2,2308.4,77,11,4
9:35:06,2308.2,2308.4,2308.8,17,9,3
9:35:07,2309,2308.8,2309,33,7,18
9:35:07,2309,2308.8,2309,43,14,31
9:35:08,2309.2,2309.2,2309.4,42,7,17
9:35:08,2309.4,2309.4,2309.6,20,7,11
9:35:09,2309.6,2309.6,2309.8,64,18,60
9:35:09,2310,2309.8,2310,105,8,78
9:35:10,2310.2,2310,2310.4,139,12,10
9:35:10,2310.4,2310.4,2311,72,8,30
9:35:11,2310.4,2310.4,2310.6,104,25,37
9:35:11,2310.2,2310,2310.2,118,24,46
9:35:12,2310,2309.6,2310,83,32,17
9:35:12,2309.6,2309.4,2309.6,64,2,23
9:35:13,2309,2309,2309.4,37,6,1
9:35:13,2309.2,2309,2309.2,68,19,1
9:35:14,2309.2,2309,2309.4,19,7,1
9:35:14,2309.4,2309.2,2309.8,34,1,8
9:35:15,2309.2,2309.4,2309.6,12,2,14
9:35:15,2309.4,2309.2,2309.4,24,4,7
9:35:16,2309.4,2309.4,2309.6,11,2,3
9:35:16,2309.4,2309.4,2310,19,5,41
9:35:17,2309.8,2309.8,2310,22,12,66
9:35:17,2309.8,2309.6,2310,39,7,42
9:35:18,2310,2309.8,2310,10,9,42
9:35:18,2310,2310,2310.2,59,10,13
9:35:19,2310.4,2310,2310.4,40,12,15
9:35:19,2310.4,2310.2,2310.4,29,2,9
9:35:20,2310.2,2310,2310.8,36,122,3
9:35:20,2310.2,2310.4,2310.8,14,28,11
9:35:21,2311.4,2310.8,2311.4,30,35,45
9:35:21,2311,2311.2,2311.4,65,2,13
9:35:22,2311.4,2311.4,2311.6,49,23,18
9:35:22,2311.6,2310.8,2311.2,64,24,1
9:35:23,2310.8,2310.6,2310.8,60,4,37
9:35:23,2310.4,2310.2,2310.4,60,11,5
9:35:24,2310.2,2310,2310.2,40,126,34
9:35:24,2310,2310,2310.2,35,109,47
9:35:25,2310,2310,2310.2,67,69,32
9:35:25,2309.6,2309.6,2310,102,22,6
9:35:26,2309.8,2309.8,2310,39,12,23
9:35:26,2309.8,2309.6,2309.8,50,6,2
9:35:27,2309.6,2309.8,2310,11,7,2
9:35:27,2309.8,2309.6,2309.8,12,7,1
9:35:28,2310,2309.8,2310,21,3,4
9:35:28,2309.8,2309.6,2309.8,5,10,1
9:35:29,2309.8,2309.8,2310,7,1,3
9:35:29,2309.6,2309.6,2309.8,5,14,4
9:35:30,2309.6,2309.4,2309.6,27,10,16
9:35:30,2309.6,2309,2309.2,36,33,8
9:35:31,2309,2309,2309.2,27,18,1
9:35:31,2309.2,2309.2,2309.6,15,26,12
9:35:32,2309.2,2309.2,2309.6,13,21,7
9:35:32,2309.2,2309.6,2309.8,18,2,24
9:35:33,2309.4,2309.4,2309.6,38,25,59
9:35:33,2309.6,2309.4,2309.6,25,25,37
9:35:34,2309.4,2309.2,2309.4,27,37,20
9:35:34,2309.2,2309.2,2309.4,10,32,17
9:35:35,2309.2,2309.2,2309.4,9,26,18
9:35:35,2309.2,2309.2,2309.4,13,35,14
9:35:36,2309.2,2309,2309.2,38,24,5
9:35:36,2309.2,2309,2309.2,25,5,28
9:35:37,2308.8,2308.8,2309,23,2,19
9:35:37,2308.6,2308.6,2308.8,17,4,15
9:35:38,2308.8,2308.6,2308.8,6,1,15
9:35:38,2308.4,2308.6,2308.8,31,5,10
9:35:39,2308.6,2308.6,2309,28,11,5
9:35:39,2308.8,2308.8,2309,15,8,1
9:35:40,2309,2309,2309.2,13,11,38
9:35:40,2309,2309,2309.2,30,7,34
9:35:41,2309.2,2308.8,2309.2,21,13,24
9:35:41,2308.6,2308.6,2309.2,17,21,22
9:35:42,2308.6,2308.6,2309,17,14,2
9:35:42,2309,2308.2,2309,51,9,1
9:35:43,2308.6,2308.2,2308.6,4,26,13
9:35:43,2308.2,2308,2308.2,37,52,6
9:35:44,2308,2308.2,2308.6,28,1,13
9:35:44,2308.2,2308,2308.2,15,30,6
9:35:45,2308,2308,2308.4,22,22,11
9:35:45,2308,2308,2308.2,20,7,10
9:35:46,2307.8,2307.6,2307.8,15,6,23
9:35:46,2307.6,2307.4,2307.6,12,10,3
9:35:47,2307.2,2307.2,2307.4,37,5,5
9:35:47,2307,2306.8,2307,26,9,2
9:35:48,2307,2306.4,2306.8,62,5,1
9:35:48,2306.6,2306.6,2306.8,7,6,16
9:35:49,2306,2306,2306.2,52,11,16
9:35:49,2306.2,2306,2306.2,36,2,5
9:35:50,2305.4,2305.4,2306,59,96,1
9:35:50,2305.6,2305.6,2306,32,39,7
9:35:51,2306.2,2305.6,2306.2,108,10,6
9:35:51,2306.2,2306.2,2306.4,29,4,12
9:35:52,2306.6,2306,2306.2,50,1,1
9:35:52,2305.8,2305.8,2306,17,69,8
9:35:53,2306,2306,2306.6,80,11,32
9:35:53,2306,2306.2,2306.4,14,8,17
9:35:54,2306.4,2306.2,2306.4,33,1,5
9:35:54,2306.4,2306.2,2306.4,27,2,5
9:35:55,2306.2,2306,2306.2,35,16,2
9:35:55,2306.6,2306.2,2306.6,12,3,16
9:35:56,2306,2306,2306.2,31,14,9
9:35:56,2306.2,2306,2306.2,15,14,4
9:35:57,2306,2306,2306.2,35,11,1
9:35:57,2306,2305.8,2306,23,55,2
9:35:58,2306,2305.8,2306,3,57,16
9:35:58,2305.8,2305.8,2306,39,49,2
9:35:59,2306,2306,2306.6,30,1,10
9:35:59,2306,2306,2306.4,11,25,13
9:36:00,2306,2305.8,2306,56,26,68
9:36:00,2306,2305.6,2306,83,25,16
9:36:01,2305.8,2305.6,2305.8,96,25,23
9:36:01,2305.6,2305.6,2305.8,30,23,16
9:36:02,2305.4,2305.4,2305.6,50,133,7
9:36:02,2305.8,2305.8,2306,32,1,15
9:36:03,2305.8,2305.8,2306,36,2,20
9:36:03,2306,2305.6,2305.8,37,3,1
9:36:04,2305.6,2305.6,2305.8,19,2,8
9:36:04,2305.6,2305.6,2305.8,17,2,23
9:36:05,2305.6,2305.4,2305.6,16,120,2
9:36:05,2305.4,2305.4,2306,63,89,66
9:36:06,2305.4,2305.4,2305.6,14,88,7
9:36:06,2305.4,2305.8,2306,55,1,69
9:36:07,2305.2,2305.2,2305.4,88,125,3
9:36:07,2305.6,2305.2,2305.6,31,102,5
9:36:08,2305.2,2305.2,2305.4,40,75,12
9:36:08,2305.6,2305.2,2305.6,64,58,10
9:36:09,2305.2,2305.2,2305.4,39,41,14
9:36:09,2305.4,2305.4,2305.6,86,20,8
9:36:10,2305.6,2305.4,2305.6,12,13,7
9:36:10,2305.6,2305.4,2305.6,36,17,1
9:36:11,2305.8,2305.6,2305.8,36,10,14
9:36:11,2305.8,2305.8,2306,20,1,72
9:36:12,2306,2305.8,2306,30,8,64
9:36:12,2305.8,2305.8,2306,36,21,35
9:36:13,2306,2305.8,2306,32,20,10
9:36:13,2306.2,2306.2,2306.4,22,46,23
9:36:14,2306.8,2306.6,2306.8,38,5,8
9:36:14,2307.2,2306.6,2307.2,26,3,1
9:36:15,2307.2,2307,2307.6,33,22,5
9:36:15,2307.8,2307.6,2307.8,21,1,3
9:36:16,2307.6,2307.6,2308.2,42,5,2
9:36:16,2308.2,2307.8,2308.6,10,13,3
9:36:17,2308,2308,2308.4,51,1,6
9:36:17,2308.4,2307.8,2308.4,26,8,15
9:36:18,2308,2307.8,2308,43,1,3
9:36:18,2307.8,2307.6,2307.8,21,9,39
9:36:19,2307.6,2307.4,2307.8,14,3,44
9:36:19,2307.8,2307.2,2307.8,39,12,44
9:36:20,2307.6,2307.4,2307.6,37,23,4
9:36:20,2307.4,2307.4,2307.8,23,12,24
9:36:21,2307.4,2307.4,2307.8,15,4,24
9:36:21,2308,2307.4,2308,31,3,2
9:36:22,2308,2307.8,2308,1,2,4
9:36:22,2307.8,2307.8,2308,16,14,1
9:36:23,2308.4,2308.2,2308.4,30,1,4
9:36:23,2308.6,2308.6,2308.8,41,10,3
9:36:24,2308.6,2308.6,2308.8,15,6,7
9:36:24,2308.2,2308.2,2308.6,30,1,1
9:36:25,2308.2,2308,2308.2,31,27,8
9:36:25,2308.6,2308.2,2308.6,20,3,52
9:36:26,2308.2,2308,2308.4,32,11,5
9:36:26,2308.6,2308,2308.2,8,12,1
9:36:27,2308.4,2308.4,2308.6,50,18,24
9:36:27,2308.2,2308.2,2308.4,23,8,3
9:36:28,2308.2,2308.2,2308.4,17,4,2
9:36:28,2308.4,2308.2,2308.6,9,6,10
9:36:29,2308.2,2308.2,2308.6,7,3,5
9:36:29,2308.4,2308.4,2308.6,7,24,4
9:36:30,2308.8,2308.8,2309,33,5,42
9:36:30,2309,2309,2309.2,46,16,15
9:36:31,2309.4,2309.4,2309.6,42,5,28
9:36:31,2309.6,2309.2,2309.6,49,27,5
9:36:32,2309.4,2309.6,2309.8,24,4,9
9:36:32,2309.8,2309.6,2309.8,24,13,5
9:36:33,2309.6,2309.6,2310,16,11,99
9:36:33,2309.6,2309.4,2309.6,28,3,5
9:36:34,2309.2,2309.2,2309.6,47,12,6
9:36:34,2309.2,2309.2,2309.4,7,7,11
9:36:35,2309,2309,2309.2,42,7,37
9:36:35,2309,2308.6,2309,33,1,1
9:36:36,2308.8,2308.2,2309,8,9,21
9:36:36,2308.2,2308.2,2308.4,17,23,3
9:36:37,2309,2308.6,2309,46,1,2
9:36:37,2309,2308.6,2309,15,13,2
9:36:38,2308.6,2308.6,2309,18,2,1
9:36:38,2309.2,2308.6,2309.2,24,3,32
9:36:39,2308.8,2308.6,2309.2,3,5,33
9:36:39,2308.6,2308.4,2308.6,41,19,45
9:36:40,2308.6,2308.4,2308.6,31,18,29
9:36:40,2308.6,2308.4,2308.6,22,7,26
9:36:41,2308.6,2308.4,2308.6,5,4,28
9:36:41,2308.4,2308.2,2308.4,9,2,14
9:36:42,2308.4,2308,2308.4,7,17,11
9:36:42,2308,2308,2308.2,10,9,10
9:36:43,2308,2307.8,2308,14,6,15
9:36:43,2308.2,2307.8,2308.2,27,1,1
9:36:44,2307.8,2307.6,2307.8,14,8,2
9:36:44,2307.6,2307.6,2307.8,16,4,8
9:36:45,2307.6,2307.6,2307.8,8,15,2
9:36:45,2307.8,2307.8,2308,7,4,6
9:36:46,2307.6,2307.6,2308.2,37,4,1
9:36:46,2308,2308,2308.2,7,7,1
9:36:47,2308,2308,2308.2,7,6,7
9:36:47,2308,2307.8,2308.2,10,11,18
9:36:48,2308.2,2307.8,2308.2,5,11,19
9:36:48,2307.8,2307.8,2308,3,9,1
9:36:49,2307.8,2307.8,2308,2,8,16
9:36:49,2307.8,2307.6,2307.8,11,1,9
9:36:50,2307.6,2307.4,2307.6,10,2,5
9:36:50,2307.4,2307.4,2307.6,18,21,12
9:36:51,2307.4,2307.4,2307.6,10,13,10
9:36:51,2307.4,2307.4,2307.6,5,8,11
9:36:52,2307.6,2307.2,2307.4,12,16,4
9:36:52,2307.4,2307.2,2307.4,5,15,6
9:36:53,2307.2,2307.2,2307.4,13,4,13
9:36:53,2307.2,2307.2,2307.4,12,1,15
9:36:54,2306.6,2306.6,2307,21,5,18
9:36:54,2307,2306.8,2307,13,4,16
9:36:55,2306.8,2306.2,2306.6,11,2,2
9:36:55,2306.2,2306.2,2306.6,6,10,11
9:36:56,2306.4,2306.4,2306.6,14,2,5
9:36:56,2306.4,2306.4,2306.6,8,14,3
9:36:57,2307,2306.6,2307,16,1,14
9:36:57,2306.4,2306.4,2306.8,13,12,4
9:36:58,2306.8,2306.4,2306.6,12,8,1
9:36:58,2306.4,2306.6,2307,4,4,12
9:36:59,2306.2,2306.4,2306.6,17,1,11
9:36:59,2306.6,2306.6,2306.8,19,4,2
9:37:00,2306.8,2306.6,2306.8,8,37,1
9:37:00,2306.8,2306.8,2307,14,24,10
9:37:01,2306.8,2307,2307.2,23,1,5
9:37:01,2307.2,2306.8,2307.4,12,12,19
9:37:02,2307.4,2307,2307.2,18,14,5
9:37:02,2307,2306.8,2307,18,8,6
9:37:03,2306.6,2306.6,2306.8,11,39,15
9:37:03,2306.8,2306.6,2306.8,28,28,3
9:37:04,2306.6,2306.6,2308,73,11,69
9:37:04,2306.8,2306.8,2307.6,25,45,14
9:37:05,2307.2,2307.2,2307.6,23,6,11
9:37:05,2307.4,2307.4,2307.8,24,7,6
9:37:06,2307.4,2307.6,2307.8,14,2,1
9:37:06,2307.8,2307.4,2307.6,9,3,1
9:37:07,2307,2307,2307.6,18,11,4
9:37:07,2307.6,2307.2,2307.6,8,5,3
9:37:08,2307.6,2307.2,2307.4,3,6,1
9:37:08,2307.2,2307,2307.2,17,10,2
9:37:09,2307.8,2307.8,2308,7,14,65
9:37:09,2308,2307.8,2308,13,9,57
9:37:10,2307.6,2307.4,2307.6,15,4,7
9:37:10,2307.6,2307.4,2307.6,9,5,2
9:37:11,2307.6,2307.4,2307.6,2,10,6
9:37:11,2307.6,2307.4,2307.6,3,13,3
9:37:12,2307.8,2307.6,2308,5,29,54
9:37:12,2308,2307.8,2308,10,8,49
9:37:13,2308,2308,2308.2,91,3,1
9:37:13,2308.6,2308.4,2308.6,29,9,8
9:37:14,2308.8,2308.6,2308.8,21,1,5
9:37:14,2308.6,2308.6,2308.8,16,7,6
9:37:15,2308.8,2308.8,2309,19,25,11
9:37:15,2308.8,2308.8,2309,17,32,12
9:37:16,2309,2308.8,2309,10,34,5
9:37:16,2308.8,2308.8,2309,19,26,5
9:37:17,2309,2309,2309.2,44,3,13
9:37:17,2308.8,2308.6,2309,12,6,2
9:37:18,2308.6,2308.4,2308.6,14,5,5
9:37:18,2308.4,2308.2,2308.4,8,6,1
9:37:19,2308.4,2308.4,2308.6,9,6,8
9:37:19,2308.2,2308.2,2308.4,13,9,11
9:37:20,2308.2,2308.2,2308.4,10,3,16
9:37:20,2308,2307.6,2308,12,15,2
9:37:21,2307.6,2307.8,2308,3,7,7
9:37:21,2307.6,2307.6,2307.8,17,4,3
9:37:22,2307.6,2307.6,2308,7,3,10
9:37:22,2307.6,2307.4,2307.6,11,13,12
9:37:23,2307.6,2307.4,2307.6,7,10,28
9:37:23,2307.4,2307.2,2307.4,13,9,13
9:37:24,2307,2307,2307.2,21,8,8
9:37:24,2306.8,2306.6,2307,22,22,7
9:37:25,2307,2306.6,2307,2,28,21
9:37:25,2306.6,2306.4,2306.8,29,19,1
9:37:26,2306.6,2306.4,2306.6,2,26,3
9:37:27,2306.8,2306.8,2307,28,1,24
9:37:27,2306.4,2306.2,2306.4,29,4,14
9:37:28,2306.6,2306.4,2306.6,18,19,1
9:37:28,2306.6,2306.6,2306.8,16,21,5
9:37:29,2306.8,2306.8,2307,19,3,12
9:37:29,2306.8,2306.8,2307.2,29,6,6
9:37:30,2307,2307,2307.2,26,5,3
9:37:30,2307,2307.2,2307.4,6,6,9
9:37:31,2307.4,2307.2,2307.4,11,3,4
9:37:31,2307.2,2307.2,2307.4,12,1,4
9:37:32,2307.4,2307.4,2307.6,8,4,25
9:37:32,2307.4,2307.4,2307.6,6,8,25
9:37:33,2307.4,2307.4,2307.6,8,4,23
9:37:33,2306.8,2306.8,2307.2,31,4,3
9:37:34,2306.8,2306.6,2307.2,8,49,3
9:37:34,2306.8,2306.8,2307,3,9,3
9:37:35,2306.6,2306.6,2306.8,11,41,1
9:37:35,2306.8,2306.8,2307,11,14,1
9:37:36,2306.6,2306.6,2306.8,19,31,53
9:37:36,2306.6,2306.4,2306.6,32,7,35
9:37:37,2306.4,2306,2306.4,16,31,65
9:37:37,2306,2306,2306.2,28,8,20
9:37:38,2305.8,2305.8,2306,18,7,21
9:37:38,2305.8,2305.8,2306,6,1,32
9:37:39,2306,2305.6,2305.8,21,21,11
9:37:39,2305.6,2305.6,2305.8,50,16,14
9:37:40,2305.4,2305.4,2305.6,26,159,29
9:37:40,2305.4,2305.4,2305.6,46,124,19
9:37:41,2305.4,2305.4,2305.8,74,99,16
9:37:41,2305.4,2305.4,2305.6,24,78,27
9:37:42,2305.4,2305.4,2305.6,28,55,23
9:37:42,2305.2,2305,2305.2,106,163,2
9:37:43,2305,2305,2305.4,80,94,17
9:37:43,2305.2,2304.8,2305,111,7,2
9:37:44,2304.4,2304,2304.4,65,13,3
9:37:44,2304,2304.2,2304.4,21,4,5
9:37:45,2303.6,2303.6,2304,32,5,12
9:37:45,2303.6,2303.4,2303.6,39,7,13
9:37:46,2303.6,2303.6,2304,61,4,12
9:37:46,2303.6,2303.2,2304,21,6,14
9:37:47,2303.6,2303.6,2303.8,36,26,3
9:37:47,2304,2304,2304.2,54,4,46
9:37:48,2304,2303.8,2304,52,19,14
9:37:48,2303.6,2303.8,2304,49,5,15
9:37:49,2304.2,2304,2304.2,70,5,17
9:37:49,2303.4,2303.4,2304,27,11,8
9:37:50,2303.8,2303.4,2303.6,59,17,1
9:37:50,2303.6,2303.6,2304.2,42,4,1
9:37:51,2303.4,2303.4,2303.6,43,12,16
9:37:51,2304,2303.2,2303.4,53,34,5
9:37:52,2303.6,2303.8,2304,42,1,19
9:37:52,2303.8,2303.6,2303.8,33,2,49
9:37:53,2303.6,2303.2,2303.6,22,9,10
9:37:53,2303.2,2303,2303.2,33,20,39
9:37:54,2303.2,2302.6,2303.2,69,8,6
9:37:54,2303,2302.2,2302.6,60,38,25
9:37:55,2302.4,2302.4,2302.6,18,44,22
9:37:55,2303,2302.4,2303,63,2,13
9:37:56,2302.4,2302.6,2302.8,72,1,8
9:37:56,2302.4,2302.4,2303,29,9,1
9:37:57,2302.6,2302.6,2303,64,6,1
9:37:57,2303.2,2303,2303.2,47,25,7
9:37:58,2303.2,2303.2,2303.4,43,6,4
9:37:58,2302.6,2302.6,2303.4,80,15,2
9:37:59,2303.2,2303,2303.2,17,12,3
9:37:59,2303.8,2303.4,2303.8,103,30,23
9:38:00,2303.8,2303.4,2303.8,32,62,9
9:38:00,2303.8,2303.6,2305,78,26,26
9:38:01,2304,2304,2304.8,100,16,1
9:38:01,2305,2305,2305.4,47,1,8
9:38:02,2305.2,2305,2305.2,29,19,13
9:38:02,2305,2305,2305.4,44,6,8
