9:14:00,2296.8,2296,2296.8,298,11,38
9:15:00,2296.8,2296,2296.8,219,1,2
9:15:01,2297,2297,2297.4,270,15,6
9:15:01,2296.8,2296,2296.8,139,3,4
9:15:02,2296,2295.6,2296,138,44,3
9:15:02,2295.8,2295.4,2295.6,97,3,64
9:15:03,2295.2,2295,2295.2,101,100,5
9:15:03,2295.2,2295.2,2295.4,137,9,32
9:15:04,2295,2294.4,2294.8,88,53,9
9:15:04,2295,2294.6,2295.2,111,19,16
9:15:05,2295,2294.6,2295.2,71,18,9
9:15:05,2295.2,2294.8,2295.2,63,48,1
9:15:06,2295,2295,2295.2,55,26,14
9:15:06,2295.2,2295.2,2295.6,83,40,26
9:15:07,2295.4,2295.2,2295.6,29,48,17
9:15:07,2295.4,2295.6,2295.8,58,1,1
9:15:08,2295.6,2295.6,2296,19,4,75
9:15:08,2295.8,2295.8,2296,46,27,57
9:15:09,2295.8,2295.6,2295.8,51,13,2
9:15:09,2296,2295.8,2296,22,75,37
9:15:10,2295.8,2295.8,2296,65,102,23
9:15:10,2296.2,2296.2,2296.6,55,2,2
9:15:11,2296,2296,2296.8,103,64,28
9:15:11,2296.8,2296.2,2296.6,59,40,2
9:15:12,2296.6,2296.4,2296.6,28,3,5
9:15:12,2296.4,2296,2296.4,59,46,10
9:15:13,2296.8,2296.4,2296.8,26,8,22
9:15:13,2296.4,2296,2296.6,24,31,56
9:15:14,2296.2,2296.2,2296.6,40,14,39
9:15:14,2296.4,2296,2296.4,32,41,20
9:15:15,2296.4,2296,2296.4,9,39,27
9:15:15,2296,2295.8,2296,35,104,2
9:15:16,2295.8,2295.8,2296,30,95,42
9:15:16,2295.8,2295.8,2296,28,70,61
9:15:17,2295.8,2295.8,2296,48,42,30
9:15:17,2295.8,2295.8,2296,52,3,39
9:15:18,2295.6,2295.4,2295.6,28,12,74
9:15:18,2295.4,2295.2,2295.4,24,20,12
9:15:19,2295.4,2295,2295.2,26,30,4
9:15:19,2295,2295,2295.2,26,14,4
9:15:20,2295,2294.8,2295,28,17,19
9:15:20,2294.8,2294.6,2294.8,25,9,6
9:15:21,2294.8,2294.4,2295,52,30,1
9:15:21,2294.8,2294.6,2294.8,22,17,8
9:15:22,2294.6,2294.6,2294.8,20,15,6
9:15:22,2294.6,2294.4,2294.8,46,23,4
9:15:23,2294.4,2294.4,2294.6,17,15,1
9:15:23,2294.6,2294.6,2294.8,17,8,5
9:15:24,2294.6,2294.4,2294.6,34,22,21
9:15:24,2294.6,2294.4,2294.6,22,15,34
9:15:25,2294.4,2294.2,2294.4,28,23,2
9:15:25,2294.4,2294.2,2294.6,48,20,3
9:15:26,2294.6,2294.6,2294.8,20,53,16
9:15:26,2294.6,2294.8,2295,69,20,26
9:15:27,2295,2294.8,2295,38,22,4
9:15:27,2295,2295,2295.2,13,4,13
9:15:28,2295,2295,2295.2,14,27,19
9:15:28,2295.2,2295,2295.2,6,24,18
9:15:29,2295.4,2295.2,2295.4,23,33,6
9:15:29,2295.4,2295.2,2295.6,8,33,76
9:15:30,2295.2,2295.2,2295.6,14,30,75
9:15:30,2295.2,2295.2,2295.4,11,21,1
9:15:31,2295.4,2295,2295.2,33,22,3
9:15:31,2295,2295,2295.2,7,20,21
9:15:32,2295,2294.8,2295,24,26,28
9:15:32,2294.8,2294.6,2294.8,21,23,12
9:15:33,2294.8,2294.6,2294.8,9,32,10
9:15:33,2294.8,2294.6,2294.8,2,52,9
9:15:34,2294.8,2294.8,2295,13,6,44
9:15:34,2294.8,2294.6,2295,16,49,39
9:15:35,2294.8,2294.6,2295,2,48,40
9:15:35,2294.8,2294.6,2294.8,25,64,27
9:15:36,2294.8,2294.6,2294.8,12,63,16
9:15:36,2294.8,2294.6,2294.8,4,62,13
9:15:37,2294.8,2294.6,2294.8,21,48,12
9:15:37,2294.6,2294.6,2294.8,9,42,15
9:15:38,2294.6,2294.4,2294.6,55,7,6
9:15:38,2294.4,2294.4,2294.6,45,1,15
9:15:39,2294.2,2294,2294.2,53,46,11
9:15:39,2294,2294,2294.2,19,31,8
9:15:40,2294,2293.8,2294,43,13,1
9:15:40,2294.2,2294.2,2294.4,19,20,15
9:15:41,2294.4,2294.2,2294.4,17,9,15
9:15:41,2294.4,2294.2,2294.4,9,6,12
9:15:42,2294.2,2294.2,2294.4,13,1,6
9:15:42,2294.2,2294.2,2294.4,8,14,3
9:15:43,2294.2,2294.2,2294.6,12,11,38
9:15:43,2294.4,2294.4,2294.6,14,2,40
9:15:44,2294.4,2294.2,2294.4,14,7,11
9:15:44,2294.2,2294.2,2294.4,25,5,1
9:15:45,2294.2,2294.2,2294.4,4,5,1
9:15:45,2294.4,2294.4,2294.6,11,24,26
9:15:46,2294.4,2294.4,2294.6,22,6,28
9:15:46,2294.2,2294.2,2294.4,60,13,1
9:15:47,2294.2,2294,2294.2,25,62,18
9:15:47,2294.2,2294,2294.2,7,66,12
9:15:48,2294.2,2294,2294.2,9,63,12
9:15:48,2294,2294,2294.2,2,78,20
9:15:49,2294.2,2294,2294.2,8,66,16
9:15:49,2294.2,2294,2294.2,11,60,16
9:15:50,2294,2294,2294.2,9,57,12
9:15:50,2294.2,2294.2,2294.4,17,12,7
9:15:51,2294.2,2294.2,2294.4,9,27,7
9:15:51,2294.4,2294.4,2294.6,20,20,36
9:15:52,2294.4,2294.4,2294.6,6,16,33
9:15:52,2294.6,2294.4,2294.6,11,17,27
9:15:53,2294.6,2294.4,2294.6,28,15,1
9:15:53,2294.8,2294.2,2294.8,23,27,41
9:15:54,2294.2,2294.6,2294.8,13,1,35
9:15:54,2294.8,2294.4,2294.6,14,2,6
9:15:55,2294.6,2294.4,2294.6,19,18,2
9:15:55,2294.6,2294.4,2294.6,1,16,4
9:15:56,2294.6,2294.4,2294.6,6,19,12
9:15:56,2294.2,2294.2,2294.4,33,18,3
9:15:57,2294.6,2294.4,2294.6,7,1,8
9:15:57,2294.6,2294.4,2294.6,1,4,9
9:15:58,2294.6,2294.4,2294.6,1,4,8
9:15:58,2294.2,2294,2294.2,40,112,42
9:15:59,2294.2,2294,2294.2,1,112,41
9:15:59,2294.2,2294,2294.2,6,112,36
9:16:00,2294.2,2294,2294.2,14,109,23
9:16:00,2294.2,2294.2,2294.4,41,63,8
9:16:01,2294.4,2294.4,2294.8,68,2,34
9:16:01,2294.4,2294.4,2294.8,62,7,32
9:16:02,2294.8,2294.4,2294.6,7,43,1
9:16:02,2294.6,2294.6,2294.8,69,7,24
9:16:03,2294.2,2294.2,2294.4,13,19,3
9:16:03,2294.4,2294.2,2294.6,25,19,20
9:16:04,2294.4,2294.4,2294.6,5,1,36
9:16:04,2294.4,2294.2,2294.4,10,25,5
9:16:05,2294.4,2294.4,2294.6,25,62,25
9:16:05,2294.6,2294.4,2294.6,16,62,10
9:16:06,2294.6,2294.4,2294.6,17,63,13
9:16:06,2294.6,2294.4,2294.6,5,61,13
9:16:07,2294.4,2294.4,2294.6,3,64,27
9:16:07,2294.6,2294.4,2294.6,15,57,28
9:16:08,2294.6,2294.4,2294.6,2,58,32
9:16:08,2294.6,2294.4,2294.6,13,56,24
9:16:09,2294.6,2294.4,2294.6,9,52,22
9:16:09,2294.6,2294.4,2294.6,8,53,25
9:16:10,2294.6,2294.4,2294.6,10,53,20
9:16:10,2294.6,2294.6,2294.8,23,3,52
9:16:11,2294.6,2294.4,2294.6,63,6,5
9:16:11,2294.4,2294.2,2294.4,8,39,1
9:16:12,2294.4,2294.2,2294.4,5,39,10
9:16:12,2294.4,2294.2,2294.4,9,32,4
9:16:13,2294.4,2294.2,2294.4,6,30,2
9:16:13,2294.4,2294.2,2294.4,4,29,3
9:16:14,2294.6,2294.4,2294.6,6,2,8
9:16:14,2294.4,2294.2,2294.4,3,29,3
9:16:15,2294.6,2294.2,2294.6,6,30,6
9:16:15,2294.6,2294.2,2294.4,2,32,4
9:16:16,2294.2,2294.4,2294.6,13,3,4
9:16:16,2294.2,2294.2,2294.6,22,11,4
9:16:17,2294.4,2294.2,2294.4,11,2,1
9:16:17,2294.6,2294,2294.2,16,119,51
9:16:18,2294,2294,2294.2,68,61,50
9:16:18,2294,2293.8,2294,63,37,16
9:16:19,2293.6,2293.6,2293.8,48,89,27
9:16:19,2293.6,2293.6,2293.8,23,74,20
9:16:20,2293.6,2293.6,2293.8,36,71,19
9:16:20,2293.8,2293.8,2294,39,15,46
9:16:21,2293.8,2293.8,2294,26,3,49
9:16:21,2293.8,2293.8,2294,6,5,45
9:16:22,2293.8,2293.8,2294,11,1,44
9:16:22,2293.8,2293.8,2294,2,1,37
9:16:23,2293.8,2293.8,2294,10,1,35
9:16:23,2294,2293.8,2294,4,1,30
9:16:24,2293.8,2293.6,2293.8,2,65,47
9:16:24,2293.6,2293.6,2293.8,14,58,40
9:16:25,2293.8,2293.6,2293.8,3,72,38
9:16:25,2293.6,2293.6,2293.8,18,55,65
9:16:26,2293.4,2293.4,2293.6,72,29,11
9:16:26,2293.6,2293.4,2293.6,7,27,12
9:16:27,2293.8,2293.6,2293.8,23,2,56
9:16:27,2293.8,2293.4,2293.8,14,15,69
9:16:28,2293.8,2293.4,2293.6,1,17,16
9:16:28,2293.4,2293.4,2293.6,12,8,23
9:16:29,2293.4,2293.4,2293.6,14,2,17
9:16:29,2293.4,2293.4,2293.6,14,4,4
9:16:30,2293.6,2293.4,2293.6,10,3,10
9:16:30,2293.6,2293.4,2293.6,19,24,7
9:16:31,2293.8,2293.6,2293.8,18,1,62
9:16:31,2293.4,2293.4,2293.8,20,9,61
9:16:33,2293.8,2293.6,2293.8,6,2,60
9:16:33,2293.6,2293.6,2293.8,5,4,63
9:16:34,2293.6,2293.6,2293.8,3,2,64
9:16:34,2293.4,2293.4,2293.8,4,17,61
9:16:35,2293.8,2293.4,2293.8,3,18,61
9:16:35,2293.6,2293.4,2293.6,6,15,4
9:16:36,2293.4,2293.4,2293.6,12,6,7
9:16:36,2293.4,2293.4,2293.6,2,4,11
9:16:37,2293.4,2293.4,2293.6,2,5,25
9:16:37,2293.4,2293.2,2293.4,8,58,5
9:16:38,2293.4,2293.2,2293.4,4,59,4
9:16:38,2293.2,2293.2,2293.4,33,58,1
9:16:39,2293.4,2293.4,2293.8,5,10,43
9:16:39,2293.6,2293.6,2293.8,3,4,43
9:16:40,2293.6,2293.6,2293.8,2,2,42
9:16:40,2293.4,2293.4,2293.8,16,17,41
9:16:41,2293.4,2293.4,2293.8,2,44,40
9:16:41,2293.8,2293.6,2293.8,1,2,33
9:16:42,2293.8,2293.8,2294,35,8,37
9:16:42,2293.8,2293.6,2293.8,9,8,4
9:16:43,2293.4,2293.4,2293.8,10,19,10
9:16:43,2293.4,2293.4,2293.8,6,34,15
9:16:44,2293.8,2293.4,2293.8,5,20,20
9:16:44,2293.8,2293.4,2293.8,3,19,18
9:16:45,2293.4,2293.4,2293.6,5,21,5
9:16:45,2293.6,2293.4,2293.6,5,20,3
9:16:46,2293.4,2293.4,2293.6,6,19,9
9:16:46,2293.4,2293.4,2293.6,1,26,13
9:16:47,2293.4,2293.4,2293.6,5,27,18
9:16:47,2293.4,2293.4,2293.6,1,26,18
9:16:48,2293.4,2293.4,2293.6,3,25,18
9:16:49,2293.4,2293.4,2293.6,1,25,24
9:16:49,2293.6,2293.4,2293.6,5,24,21
9:16:50,2293.6,2293.4,2293.6,1,28,21
9:16:51,2293.4,2293.4,2293.6,1,27,41
9:16:51,2293.4,2293.4,2293.6,9,25,40
9:16:52,2293.6,2293.4,2293.6,6,26,35
9:16:52,2293.4,2293.4,2293.6,15,11,36
9:16:53,2293.6,2293.4,2293.6,11,12,26
9:16:53,2293.4,2293.4,2293.6,6,12,22
9:16:54,2293.4,2293.4,2293.6,4,8,22
9:16:54,2293.6,2293.4,2293.6,11,8,11
9:16:55,2293.4,2293.4,2293.6,9,1,10
9:16:55,2293.4,2293.4,2293.6,14,8,8
9:16:56,2293.6,2293.2,2293.6,28,74,3
9:16:56,2293.4,2293.2,2293.4,2,80,3
9:16:57,2293.4,2293.2,2293.4,1,81,2
9:16:57,2293.2,2293.2,2293.4,2,74,2
9:16:58,2293.2,2293.2,2293.6,11,71,16
9:16:58,2293.6,2293.2,2293.6,12,62,15
9:16:59,2293.6,2293.2,2293.6,6,58,18
9:16:59,2293.6,2293.6,2293.8,43,49,22
9:17:00,2293.6,2293.6,2293.8,36,21,23
9:17:00,2293.8,2293.6,2293.8,6,18,22
9:17:01,2293.6,2293.4,2293.6,24,38,6
9:17:01,2293.4,2293.4,2293.6,4,49,6
9:17:02,2293.6,2293.6,2293.8,10,23,20
9:17:02,2293.6,2293.6,2293.8,12,23,19
9:17:03,2293.8,2293.6,2293.8,6,38,18
9:17:03,2293.6,2293.6,2293.8,12,21,26
9:17:04,2293.8,2293.6,2293.8,12,21,16
9:17:04,2293.6,2293.6,2293.8,14,14,17
9:17:05,2293.8,2293.6,2293.8,4,10,15
9:17:05,2293.8,2293.6,2293.8,1,13,20
9:17:06,2293.8,2293.6,2293.8,7,11,14
9:17:06,2293.8,2293.6,2293.8,3,14,14
9:17:07,2293.6,2293.6,2293.8,4,13,13
9:17:07,2293.8,2293.8,2294,13,3,75
9:17:08,2293.8,2293.6,2293.8,6,12,2
9:17:08,2293.6,2293.8,2294,10,3,74
9:17:09,2293.8,2293.8,2294,3,5,78
9:17:09,2294,2293.8,2294,2,5,64
9:17:10,2293.8,2293.8,2294,1,15,65
9:17:10,2293.8,2293.8,2294,4,14,64
9:17:11,2294,2293.8,2294,41,3,37
9:17:11,2294,2294,2294.2,38,17,48
9:17:12,2293.8,2293.6,2293.8,28,19,6
9:17:12,2294,2294,2294.2,14,6,48
9:17:13,2294,2294,2294.2,20,1,48
9:17:14,2294.2,2294,2294.2,7,2,48
9:17:14,2294.2,2293.6,2294,24,21,12
9:17:15,2294,2293.6,2294,5,22,14
9:17:15,2294,2293.6,2294,2,24,36
9:17:16,2294,2293.6,2294,25,7,30
9:17:16,2293.8,2293.6,2293.8,3,7,2
9:17:17,2293.6,2293.4,2293.6,45,38,1
9:17:17,2293.8,2293.4,2293.6,2,39,6
9:17:18,2293.8,2293.6,2293.8,9,2,2
9:17:18,2293.8,2293.6,2294,2,2,8
9:17:19,2293.6,2293.8,2294,1,2,9
9:17:19,2294,2293.6,2294,4,4,8
9:17:20,2293.8,2293.6,2294,1,8,9
9:17:21,2294,2293.6,2294,4,7,60
9:17:21,2293.6,2293.6,2293.8,5,5,9
9:17:22,2293.4,2293.6,2293.8,10,1,10
9:17:22,2293.8,2293.8,2294,12,6,63
9:17:23,2293.8,2293.8,2294,3,5,62
9:17:23,2293.8,2293.8,2294,4,2,63
9:17:24,2293.8,2293.8,2294,1,1,63
9:17:24,2293.8,2293.6,2293.8,1,18,1
9:17:25,2293.8,2293.6,2293.8,4,21,9
9:17:25,2293.8,2293.8,2294,13,5,89
9:17:26,2293.6,2293.6,2294,14,13,99
9:17:26,2293.8,2293.6,2294,3,14,98
9:17:27,2293.8,2293.6,2293.8,2,14,8
9:17:28,2293.6,2293.4,2293.6,17,39,10
9:17:28,2293.6,2293.6,2293.8,18,15,34
9:17:29,2293.6,2293.6,2293.8,14,2,33
9:17:29,2293.8,2293.6,2293.8,3,4,43
9:17:30,2293.8,2293.6,2293.8,1,5,62
9:17:31,2293.6,2293.4,2293.6,5,34,28
9:17:31,2293.6,2293.4,2293.6,1,34,32
9:17:32,2293.4,2293.4,2293.6,10,35,51
9:17:32,2293.4,2293.4,2293.6,15,21,52
9:17:33,2293.4,2293.2,2293.4,24,61,13
9:17:33,2293.6,2293.2,2293.6,22,60,46
9:17:34,2293.6,2293.2,2293.6,37,27,45
9:17:34,2293.2,2293.2,2293.6,16,10,45
9:17:35,2293,2293,2293.2,21,71,3
9:17:35,2293,2293,2293.2,45,29,13
9:17:36,2293.2,2293,2293.2,23,16,3
9:17:36,2293.2,2293,2293.2,3,14,5
9:17:37,2293.2,2293,2293.2,8,9,3
9:17:37,2293,2292.8,2293,28,13,24
9:17:38,2292.8,2292.8,2293,11,15,23
9:17:38,2292.6,2292.6,2292.8,37,2,1
9:17:39,2292.6,2292.8,2293,23,16,19
9:17:39,2292.4,2292.8,2293,19,10,24
9:17:40,2292.8,2292.4,2292.6,32,2,1
9:17:40,2293,2292.4,2293,5,2,18
9:17:41,2292.4,2292.4,2292.8,6,17,4
9:17:41,2292.6,2292.4,2292.8,4,12,12
9:17:42,2292.8,2292.4,2292.8,10,8,10
9:17:42,2292.4,2292.6,2292.8,7,4,7
9:17:43,2292.4,2292.2,2292.8,13,53,9
9:17:43,2292.6,2292.4,2292.6,9,22,4
9:17:44,2292.4,2292.4,2292.8,11,52,10
9:17:44,2292.4,2292.4,2292.8,8,67,10
9:17:45,2292.6,2292.6,2292.8,4,10,11
9:17:45,2292.6,2292.6,2292.8,4,28,11
9:17:46,2292.6,2292.6,2292.8,2,26,17
9:17:46,2292.6,2292.6,2292.8,1,26,18
9:17:47,2292.6,2292.6,2292.8,7,7,18
9:17:47,2292.6,2292.6,2292.8,6,4,15
9:17:48,2292.6,2292.4,2292.8,4,102,16
9:17:48,2292.6,2292.4,2292.6,5,116,2
9:17:49,2292.6,2292.6,2292.8,7,13,10
9:17:49,2292.6,2292.6,2292.8,2,17,12
9:17:50,2292.8,2292.6,2292.8,5,19,18
9:17:50,2292.6,2292.6,2292.8,7,37,20
9:17:51,2292.6,2292.6,2292.8,4,22,19
9:17:51,2292.6,2292.4,2292.8,23,106,18
9:17:52,2292.4,2292.4,2292.6,30,85,1
9:17:52,2292.6,2292.6,2292.8,5,4,4
9:17:53,2292.6,2292.6,2292.8,11,1,8
9:17:53,2292.6,2292.4,2292.8,3,85,19
9:17:54,2292.6,2292.4,2292.8,4,83,19
9:17:54,2292.4,2292.4,2292.6,2,88,1
9:17:55,2292.4,2292.4,2292.6,24,60,13
9:17:55,2292.4,2292.4,2292.6,13,51,14
9:17:56,2292.4,2292.4,2292.6,13,39,17
9:17:56,2292.4,2292.4,2292.6,8,35,15
9:17:57,2292.6,2292.4,2292.6,14,22,26
9:17:57,2292.6,2292.2,2292.6,41,90,9
9:17:58,2292.6,2292.2,2292.6,4,90,7
9:17:58,2292.6,2292.4,2292.6,3,2,10
9:17:59,2292.2,2292.4,2292.6,5,1,10
9:17:59,2292.6,2292.2,2292.4,7,96,2
9:18:00,2292.4,2292.2,2292.4,7,91,9
9:18:00,2292.2,2292.2,2292.4,20,92,5
9:18:01,2292.4,2292.2,2292.4,4,88,11
9:18:01,2292.4,2292.2,2292.4,5,88,7
9:18:02,2292.4,2292.2,2292.4,17,79,2
9:18:02,2292.4,2292.4,2292.6,14,8,20
9:18:03,2292.4,2292.2,2292.4,11,70,11
9:18:03,2292.2,2292.2,2292.4,32,43,6
9:18:04,2292.4,2292.2,2292.4,7,37,3
9:18:04,2292.2,2292.2,2292.4,28,12,3
9:18:05,2292.4,2292.4,2292.6,26,25,41
9:18:05,2292.4,2292.4,2292.6,7,19,42
9:18:06,2292.6,2292.4,2292.6,27,15,21
9:18:06,2292.4,2292.4,2292.6,6,17,23
9:18:07,2292.6,2292.4,2292.6,15,31,9
9:18:07,2292.4,2292.4,2292.6,7,29,7
9:18:08,2292.6,2292.4,2292.6,2,33,11
9:18:09,2292.6,2292.4,2292.6,3,30,9
9:18:09,2292.4,2292.4,2292.6,7,26,11
9:18:10,2292.4,2292.4,2292.6,3,25,11
9:18:10,2292.6,2292.4,2292.6,5,26,6
9:18:11,2292.4,2292.4,2292.6,2,27,5
9:18:11,2292.8,2292.6,2292.8,7,1,44
9:18:12,2292.6,2292.4,2292.8,4,24,44
9:18:12,2292.4,2292.4,2292.6,13,23,1
9:18:13,2292.4,2292.4,2292.6,2,22,1
9:18:13,2292.4,2292.4,2292.6,1,20,1
9:18:14,2292.4,2292.4,2292.6,1,22,6
9:18:14,2292.8,2292.6,2292.8,10,1,31
9:18:15,2292.4,2292.2,2292.4,29,31,11
9:18:15,2292.4,2292.2,2292.4,3,31,8
9:18:16,2292.4,2292.2,2292.4,5,31,3
9:18:16,2292.4,2292.4,2292.6,7,5,8
9:18:17,2292.8,2292.4,2292.8,17,4,26
9:18:17,2292.8,2292.2,2292.8,13,30,25
9:18:18,2292.8,2292.4,2292.8,11,4,24
9:18:18,2292.8,2292.4,2292.8,1,4,22
9:18:19,2292.8,2292.4,2292.6,6,7,2
9:18:20,2292.4,2292.4,2292.6,2,13,2
9:18:20,2292.6,2292.6,2292.8,5,25,23
9:18:21,2292.6,2292.6,2292.8,5,21,22
9:18:21,2292.6,2292.6,2292.8,5,20,21
9:18:22,2292.8,2292.6,2292.8,4,22,18
9:18:22,2292.8,2292.6,2292.8,1,22,17
9:18:23,2292.6,2292.6,2292.8,17,12,10
9:18:23,2292.4,2292.4,2292.6,34,17,1
9:18:24,2292.6,2292.4,2292.6,10,14,6
9:18:25,2292.6,2292.4,2292.6,3,18,7
9:18:25,2292.4,2292.2,2292.4,21,32,2
9:18:26,2292.6,2292.4,2292.6,21,11,6
9:18:26,2292.4,2292.4,2292.6,2,10,7
9:18:27,2292.6,2292.6,2292.8,8,13,4
9:18:27,2292.6,2292.6,2292.8,2,13,4
9:18:28,2292.6,2292.6,2292.8,11,7,4
9:18:28,2292.8,2292.8,2293,11,4,23
9:18:29,2292.6,2292.6,2292.8,6,5,16
9:18:29,2292.8,2292.6,2292.8,10,3,9
9:18:30,2292.6,2292.6,2292.8,3,4,27
9:18:31,2292.6,2292.4,2292.6,9,38,5
9:18:31,2292.6,2292.4,2292.8,5,49,31
9:18:32,2292.8,2292.4,2292.8,27,49,15
9:18:32,2292.8,2292.6,2292.8,3,1,15
9:18:33,2292.4,2292.4,2292.8,18,41,7
9:18:33,2292.8,2292.8,2293,11,11,26
9:18:34,2292.8,2292.8,2293,3,9,25
9:18:34,2292.8,2292.8,2293,11,6,17
9:18:35,2293,2292.8,2293,1,8,16
9:18:35,2293,2293,2293.2,16,5,13
9:18:36,2293.2,2292.8,2293.2,32,20,12
9:18:36,2293.2,2293.2,2293.4,39,24,27
9:18:37,2293.2,2293.2,2293.4,3,22,27
9:18:37,2293.2,2293.2,2293.4,7,15,21
9:18:38,2293.4,2293,2293.4,30,1,10
9:18:38,2293,2293,2293.2,4,2,2
9:18:39,2293.4,2293.2,2293.4,6,75,8
9:18:39,2293.2,2293.2,2293.6,12,72,109
9:18:40,2293.6,2293.4,2293.6,12,7,109
9:18:40,2293.4,2293.2,2293.4,11,70,6
9:18:41,2293.4,2293.2,2293.4,6,71,1
9:18:41,2293.4,2293.2,2293.4,5,72,3
9:18:42,2293.6,2293.4,2293.6,25,1,92
9:18:42,2293.4,2293.4,2293.6,4,3,91
9:18:43,2293.4,2293.4,2293.6,3,1,90
9:18:43,2293.4,2293.4,2293.6,2,2,89
9:18:44,2293.4,2293.2,2293.6,2,75,90
9:18:44,2293.6,2293.4,2293.6,6,1,84
9:18:45,2293.4,2293.2,2293.4,5,75,1
9:18:45,2293.6,2293.2,2293.4,11,82,1
9:18:46,2293.2,2293.2,2293.4,1,81,4
9:18:46,2293.6,2293.2,2293.6,7,81,72
9:18:47,2293.6,2293.2,2293.6,13,70,70
9:18:48,2293.6,2293.4,2293.6,1,1,70
9:18:48,2293.4,2293.2,2293.4,4,71,2
9:18:49,2293.2,2293.2,2293.4,10,69,3
9:18:49,2293.4,2293.4,2293.6,6,15,68
9:18:50,2293.4,2293.2,2293.4,32,59,1
9:18:50,2293.4,2293.2,2293.4,1,61,3
9:18:51,2293.4,2293.4,2293.6,3,23,63
9:18:51,2293.4,2293.4,2293.6,17,8,61
9:18:52,2293.4,2293.4,2293.6,1,12,61
9:18:53,2293.4,2293.4,2293.6,3,8,64
9:18:54,2293.2,2293.2,2293.6,20,77,60
9:18:55,2293.6,2293.2,2293.4,1,77,6
9:18:55,2293.2,2293.2,2293.4,4,76,3
9:18:57,2293.4,2293.2,2293.4,6,76,6
9:18:57,2293.4,2293.2,2293.4,14,65,3
9:18:58,2293.4,2293.2,2293.4,3,63,2
9:18:58,2293.2,2293.2,2293.4,2,62,2
9:18:59,2293.2,2293.2,2293.4,8,54,3
9:19:00,2293.2,2293.2,2293.4,4,51,4
9:19:00,2293.4,2293.2,2293.4,3,51,22
9:19:01,2293.4,2293.2,2293.4,45,8,23
9:19:02,2293.4,2293,2293.4,13,16,23
9:19:03,2293.4,2293,2293.2,1,17,12
9:19:03,2293.2,2293,2293.2,4,18,8
9:19:04,2293,2293,2293.2,7,16,3
9:19:05,2292.8,2292.8,2293,24,41,11
9:19:06,2293,2292.8,2293,12,30,9
9:19:06,2292.8,2292.8,2293,6,8,11
9:19:07,2292.8,2292.8,2293,2,6,12
9:19:07,2292.8,2292.4,2293.2,46,22,3
9:19:08,2292.8,2292.6,2292.8,1,17,5
9:19:09,2292.8,2292.6,2292.8,4,2,8
9:19:09,2292.6,2292.6,2292.8,6,2,28
9:19:10,2292.6,2292.4,2292.8,4,21,27
9:19:10,2292.4,2292.4,2292.8,20,1,27
9:19:11,2292.4,2292.2,2292.4,2,30,2
9:19:11,2292.2,2292.2,2292.4,2,29,2
9:19:12,2292.2,2292.2,2292.4,5,25,8
9:19:12,2292.2,2292.2,2292.4,5,20,10
9:19:13,2292.2,2292,2292.2,35,40,22
9:19:13,2292,2291.8,2292,40,15,10
9:19:14,2291.8,2291.6,2291.8,23,53,14
9:19:14,2291.8,2291.6,2291.8,28,39,5
9:19:15,2291.8,2291.8,2292,17,27,13
9:19:15,2291.8,2291.8,2292,14,21,14
9:19:16,2291.8,2291.8,2292,23,9,13
9:19:16,2291.8,2291.8,2292,6,19,12
9:19:17,2291.8,2291.8,2292,13,8,10
9:19:17,2292,2291.8,2292,2,7,10
9:19:18,2291.8,2291.8,2292,5,12,13
9:19:18,2291.6,2291.6,2291.8,24,39,2
9:19:19,2291.6,2291.6,2291.8,6,36,2
9:19:19,2291.6,2291.6,2291.8,15,23,1
9:19:20,2291.6,2291.6,2291.8,8,17,1
9:19:20,2291.6,2291.6,2292,14,4,12
9:19:21,2291.8,2291.8,2292,9,4,12
9:19:21,2291.6,2291.6,2291.8,6,2,1
9:19:22,2291.6,2291.6,2291.8,11,2,2
9:19:22,2291.6,2291.6,2291.8,8,1,19
9:19:23,2291.6,2291.4,2291.6,4,13,6
9:19:23,2291.4,2291.2,2291.6,22,88,2
9:19:24,2291.4,2291.2,2291.4,23,77,4
9:19:24,2291.6,2291.2,2291.6,34,58,38
9:19:25,2291.2,2291.4,2291.6,19,2,43
9:19:25,2291.4,2291.2,2291.6,16,30,42
9:19:26,2291.2,2291.2,2291.4,30,3,52
9:19:26,2291.4,2291.2,2291.4,9,1,53
9:19:27,2291.2,2291,2291.2,6,45,6
9:19:27,2291,2291,2291.2,5,40,9
9:19:28,2291,2291,2291.2,12,34,23
9:19:28,2291,2290.8,2291,42,19,30
9:19:29,2291,2290.8,2291,40,13,8
9:19:29,2290.8,2290.6,2290.8,24,40,13
9:19:30,2290.6,2290.6,2290.8,11,39,43
9:19:30,2290.8,2290.6,2290.8,27,25,34
9:19:31,2290.8,2290.6,2290.8,26,21,20
9:19:31,2290.6,2290.6,2290.8,20,22,19
9:19:32,2290.6,2290.4,2290.6,44,29,6
9:19:32,2290.6,2290.6,2290.8,24,10,16
9:19:33,2290.8,2290.6,2290.8,12,17,22
9:19:33,2290.6,2290.6,2290.8,18,15,16
9:19:34,2290.6,2290.4,2290.6,41,20,1
9:19:34,2290.6,2290.4,2290.6,9,20,1
9:19:35,2290.8,2290.6,2290.8,11,33,5
9:19:35,2290.6,2290.6,2290.8,18,17,10
9:19:36,2290.8,2290.6,2290.8,10,8,8
9:19:36,2290.6,2290.6,2290.8,8,8,4
9:19:37,2290.6,2290.6,2290.8,18,10,2
9:19:37,2290.4,2290.4,2290.6,18,18,1
9:19:38,2290.8,2290.6,2291,13,4,22
9:19:38,2290.4,2290.4,2290.6,24,5,5
9:19:39,2290.2,2290.2,2290.4,10,85,7
9:19:39,2290.4,2290.2,2290.6,45,66,19
9:19:40,2290.2,2290.2,2290.4,31,38,16
9:19:40,2290.4,2290.2,2290.4,15,34,6
9:19:41,2290.4,2290.2,2290.4,47,11,14
9:19:41,2290.2,2290,2290.2,23,115,14
9:19:42,2290,2290,2290.2,19,100,11
9:19:42,2290,2290,2290.2,12,94,4
9:19:43,2290.2,2290,2290.2,75,23,12
9:19:43,2289.6,2289.4,2290,72,30,5
9:19:44,2289.4,2289.6,2289.8,30,2,3
9:19:44,2289.6,2289.8,2290,24,1,21
9:19:45,2290,2289.6,2289.8,21,29,2
9:19:45,2289.6,2289.6,2290,30,24,19
9:19:46,2289.8,2289.8,2290,15,2,26
9:19:46,2289.8,2289.6,2289.8,32,31,30
9:19:47,2289.6,2289.6,2289.8,26,10,51
9:19:47,2289.4,2289.4,2289.6,19,2,7
9:19:48,2289.4,2289.2,2289.4,8,17,16
9:19:48,2289.4,2289.4,2289.6,63,1,11
9:19:49,2289.2,2289,2289.2,19,14,9
9:19:49,2289.2,2289,2289.2,11,23,10
9:19:50,2289.2,2289.2,2289.4,53,7,9
9:19:50,2289.2,2289.2,2289.4,64,6,3
9:19:51,2289.8,2289.2,2289.8,18,9,38
9:19:51,2289.4,2289.2,2289.4,44,7,76
9:19:52,2289.4,2289.2,2289.4,29,10,78
9:19:52,2289,2289,2289.2,27,13,7
9:19:53,2289.2,2289,2289.2,15,47,24
9:19:53,2289.2,2289,2289.2,10,52,33
9:19:54,2289,2289,2289.2,8,49,31
9:19:54,2289,2289,2289.2,18,44,20
9:19:55,2289.2,2289.2,2289.4,66,3,86
9:19:55,2289.2,2289.2,2289.4,23,9,79
9:19:56,2289.2,2289.2,2289.4,20,3,75
9:19:56,2289.2,2289.2,2289.4,24,52,71
9:19:57,2289.4,2289.2,2289.4,23,53,65
9:19:57,2289.6,2289.4,2289.6,91,108,2
9:19:58,2289.6,2289.6,2289.8,29,42,33
9:19:58,2289.6,2289.6,2289.8,63,26,10
9:19:59,2289.6,2289.6,2289.8,4,23,22
9:19:59,2289.8,2289.6,2289.8,9,23,42
9:20:00,2289.6,2289.6,2289.8,43,16,22
9:20:00,2289.8,2289.6,2289.8,27,20,6
9:20:01,2289.8,2289.8,2290,81,2,30
9:20:01,2289.6,2289.4,2289.6,20,35,5
9:20:02,2289.8,2289.4,2289.8,21,22,17
9:20:02,2289.8,2289.6,2289.8,8,2,19
9:20:03,2289.6,2289.4,2289.8,15,22,13
9:20:03,2289.6,2289.4,2289.8,17,18,3
9:20:04,2289.6,2289.6,2289.8,9,1,1
9:20:04,2289.8,2289.8,2290,28,2,31
9:20:05,2290,2289.6,2289.8,7,13,4
9:20:05,2289.4,2289.4,2289.6,16,17,60
9:20:06,2289.2,2289.2,2289.4,29,53,4
9:20:06,2289.4,2289.2,2289.4,15,52,5
9:20:07,2289.2,2289.2,2289.4,7,50,6
9:20:07,2289.2,2289.2,2289.4,27,28,2
9:20:08,2289,2289,2289.2,31,24,8
9:20:08,2289,2288.8,2289,29,31,5
9:20:09,2288.8,2288.8,2289,39,1,22
9:20:09,2288.6,2288.6,2288.8,43,13,44
9:20:10,2288.4,2288.4,2288.6,37,20,25
9:20:10,2288.2,2288.2,2288.4,21,30,3
9:20:11,2288.2,2288.2,2288.6,18,18,28
9:20:11,2288,2288,2288.2,38,41,10
9:20:12,2288.4,2288.4,2288.6,142,36,14
9:20:12,2288.6,2288.2,2288.6,60,4,1
9:20:13,2288.4,2288.2,2288.4,29,19,17
9:20:13,2288.2,2288.2,2288.4,27,16,18
9:20:14,2288.2,2288.2,2288.4,37,9,11
9:20:14,2288.2,2288,2288.2,21,26,9
9:20:15,2288.2,2288.2,2288.4,14,37,5
9:20:15,2288.4,2288.4,2288.6,29,20,7
9:20:16,2288.4,2288.4,2288.8,55,21,36
9:20:16,2288.6,2288.6,2288.8,8,4,42
9:20:17,2288.6,2288.4,2288.8,29,31,33
9:20:17,2288.8,2288.6,2288.8,18,56,29
9:20:18,2288.6,2288.6,2288.8,8,51,29
9:20:18,2288.8,2288.6,2288.8,15,52,15
9:20:19,2288.8,2288.6,2288.8,27,40,4
9:20:19,2288.8,2288.6,2288.8,22,27,1
9:20:20,2288.8,2288.8,2289,22,56,21
9:20:20,2288.8,2288.8,2289.2,69,20,33
9:20:21,2288.8,2288.8,2289.2,12,11,32
9:20:21,2289.2,2289.2,2289.4,25,76,4
9:20:22,2289.4,2289.4,2289.6,45,8,58
9:20:22,2289.4,2289.4,2289.6,10,1,73
9:20:23,2289.6,2289.2,2289.6,10,70,70
9:20:23,2289.6,2289.2,2289.4,5,73,20
9:20:24,2289.4,2289.2,2289.4,8,73,15
9:20:24,2289.4,2289.2,2289.4,10,74,11
9:20:25,2289.2,2289.2,2289.4,12,70,18
9:20:25,2289.2,2289.2,2289.4,32,44,14
9:20:26,2289.2,2289.2,2289.4,35,18,22
9:20:26,2289.2,2289,2289.2,23,10,4
9:20:27,2288.8,2288.8,2289.2,16,12,6
9:20:27,2289.2,2289,2289.2,2,6,9
9:20:28,2289,2289,2289.4,27,15,11
9:20:28,2289.2,2289,2289.4,4,15,13
9:20:29,2289.4,2289,2289.2,4,16,1
9:20:29,2289.2,2289,2289.2,3,16,1
9:20:30,2289.4,2289.2,2289.4,3,17,13
9:20:30,2289.2,2289.2,2289.4,5,24,11
9:20:31,2289.4,2289.2,2289.4,8,23,7
9:20:32,2289.4,2289.4,2289.6,7,7,57
9:20:32,2289.2,2289.2,2289.4,14,33,10
9:20:33,2289.2,2289.2,2289.4,5,31,10
9:20:33,2289.4,2289.2,2289.4,4,29,7
9:20:34,2289.2,2289,2289.2,34,23,51
9:20:34,2289.2,2289,2289.2,20,12,42
9:20:35,2288.8,2288.8,2289,17,24,5
9:20:35,2289.2,2288.8,2289,3,24,4
9:20:36,2288.8,2288.8,2289,4,22,29
9:20:36,2289,2288.8,2289,3,21,27
9:20:37,2288.8,2288.8,2289,4,20,24
9:20:37,2289,2288.8,2289,5,19,26
9:20:38,2288.8,2288.8,2289,4,18,24
9:20:38,2289,2288.8,2289,3,17,22
9:20:39,2288.8,2288.8,2289,6,12,21
9:20:39,2288.8,2288.8,2289,18,2,15
9:20:40,2289,2288.8,2289,5,1,13
9:20:40,2288.8,2288.6,2289,6,15,12
9:20:41,2288.8,2288.6,2289,12,15,12
9:20:41,2288.8,2288.6,2289,4,33,11
9:20:42,2288.6,2288.6,2288.8,5,48,1
9:20:42,2288.8,2288.8,2289,10,11,30
9:20:43,2289,2288.8,2289,13,2,27
9:20:43,2288.8,2288.8,2289,10,12,25
9:20:44,2289,2288.8,2289,1,16,24
9:20:44,2288.8,2288.6,2288.8,12,68,1
9:20:45,2288.8,2288.6,2288.8,1,69,1
9:20:45,2288.8,2288.6,2289,8,65,31
9:20:46,2288.6,2288.6,2289,11,56,38
9:20:46,2289,2288.6,2288.8,3,57,2
9:20:47,2288.8,2288.8,2289,5,7,40
9:20:47,2288.8,2288.8,2289,3,10,41
9:20:48,2288.8,2288.8,2289,3,13,42
9:20:48,2288.8,2288.8,2289,4,11,44
9:20:49,2288.8,2288.8,2289,7,6,44
9:20:49,2289,2288.6,2288.8,47,64,1
9:20:50,2288.8,2288.6,2288.8,4,64,1
9:20:50,2288.8,2288.8,2289,29,14,6
9:20:51,2288.8,2288.8,2289,6,26,9
9:20:51,2289,2288.8,2289,4,24,17
9:20:52,2288.8,2288.8,2289,1,26,20
9:20:52,2288.8,2288.8,2289,2,25,21
9:20:53,2288.8,2288.8,2289,2,25,21
9:20:53,2289,2288.8,2289,13,25,8
9:20:54,2289,2288.8,2289,9,23,1
9:20:54,2289,2289,2289.2,5,22,75
9:20:55,2289,2289,2289.2,10,14,74
9:20:55,2289,2289,2289.2,3,12,75
9:20:56,2289,2289,2289.2,7,13,73
9:20:56,2289.2,2289,2289.2,2,13,71
9:20:57,2289,2289,2289.2,4,11,70
9:20:57,2289.2,2289,2289.2,8,11,62
9:20:58,2289,2289,2289.2,13,24,52
9:20:58,2289.2,2289,2289.2,2,24,50
9:20:59,2289.2,2289,2289.2,2,35,48
9:20:59,2289.2,2289.2,2289.4,48,8,23
9:21:00,2289.2,2289.2,2289.4,25,2,14
9:21:00,2289,2289,2289.2,18,25,12
9:21:01,2289.2,2289,2289.2,4,25,3
9:21:01,2289.2,2289,2289.2,19,9,14
9:21:02,2288.8,2288.8,2289,17,15,6
9:21:02,2289.2,2288.8,2289.2,15,12,18
9:21:03,2288.8,2288.8,2289,6,11,39
9:21:03,2288.8,2288.8,2289,13,11,35
9:21:04,2289,2288.6,2288.8,17,54,1
9:21:04,2288.6,2288.6,2288.8,7,52,4
9:21:05,2288.8,2288.6,2288.8,4,52,1
9:21:05,2289,2288.8,2289,53,7,30
9:21:06,2288.8,2288.8,2289,3,5,29
9:21:06,2288.8,2288.8,2289,2,8,35
9:21:07,2289,2288.8,2289,12,19,28
9:21:07,2288.8,2288.8,2289,8,12,22
9:21:08,2289,2288.8,2289,5,15,19
9:21:08,2288.8,2288.8,2289,5,13,26
9:21:09,2288.8,2288.8,2289,4,16,25
9:21:09,2288.8,2288.8,2289,2,13,25
9:21:10,2288.8,2288.8,2289,1,24,30
9:21:10,2289,2288.8,2289,27,24,3
9:21:11,2289,2288.8,2289,2,24,1
9:21:11,2288.8,2288.8,2289,2,22,1
9:21:12,2288.8,2288.8,2289,2,20,2
9:21:12,2288.8,2288.8,2289,5,17,3
9:21:13,2289,2288.8,2289,4,16,8
9:21:13,2288.8,2288.8,2289,6,11,9
9:21:14,2289,2288.8,2289,2,11,7
9:21:15,2289,2289,2289.2,19,1,48
9:21:15,2288.8,2288.8,2289,5,8,1
9:21:16,2288.8,2288.8,2289,1,7,3
9:21:16,2289,2289,2289.2,4,4,47
9:21:17,2289.2,2289,2289.2,6,5,37
9:21:17,2289,2289,2289.2,4,31,38
9:21:18,2289,2289,2289.2,21,27,19
9:21:18,2289.2,2289,2289.2,18,28,1
9:21:19,2289.2,2289.2,2289.4,13,4,25
9:21:19,2289.4,2289.2,2289.4,2,19,24
9:21:20,2289.4,2289.2,2289.4,3,22,23
9:21:20,2289.4,2289.2,2289.4,9,21,17
9:21:21,2289.4,2289.2,2289.4,8,20,12
9:21:21,2289.6,2289.2,2289.6,18,31,54
9:21:22,2289.2,2289.4,2289.6,2,17,56
9:21:22,2289.4,2289.4,2289.6,16,3,55
9:21:23,2289.4,2289.4,2289.6,23,3,37
9:21:23,2289.6,2289.4,2289.6,5,2,36
9:21:24,2289.6,2289.2,2289.6,21,27,20
9:21:24,2289.6,2289.2,2289.6,11,22,14
9:21:25,2289.6,2289.2,2289.6,5,22,9
9:21:25,2289.6,2289.6,2289.8,9,10,31
9:21:26,2289.6,2289.6,2289.8,4,7,31
9:21:26,2289.8,2289.6,2289.8,13,1,28
9:21:27,2289.4,2289.4,2289.6,7,1,2
9:21:27,2289.8,2289.6,2289.8,5,1,27
9:21:28,2289.8,2289.6,2289.8,5,5,32
9:21:28,2289.6,2289.6,2289.8,5,16,74
9:21:29,2289.6,2289.6,2289.8,14,8,69
9:21:29,2289.8,2289.6,2289.8,9,4,65
9:21:30,2289.8,2289.4,2289.6,6,9,8
9:21:30,2289.6,2289.4,2289.6,4,9,4
9:21:31,2289.8,2289.4,2289.6,13,11,28
9:21:31,2289.6,2289.4,2289.6,7,4,26
9:21:32,2289.4,2289.4,2289.6,15,1,22
9:21:32,2289.6,2289.4,2289.6,5,2,18
9:21:33,2289.4,2289.4,2289.6,17,1,5
9:21:33,2289.6,2289.4,2289.6,6,7,1
9:21:34,2289.4,2289.2,2289.4,11,18,7
9:21:34,2289.2,2289.2,2289.4,2,18,6
9:21:35,2289.4,2289.2,2289.4,2,22,7
9:21:35,2289.4,2289.2,2289.4,8,16,24
9:21:36,2289.4,2289.2,2289.4,6,15,19
9:21:36,2289.2,2289.2,2289.4,9,5,19
9:21:37,2289.4,2289,2289.4,7,13,21
9:21:37,2289.2,2289,2289.2,2,16,2
9:21:38,2289,2289,2289.2,14,2,2
9:21:38,2288.8,2288.8,2289,10,27,2
9:21:39,2289.2,2289.2,2289.4,11,2,24
9:21:39,2288.8,2288.8,2289,13,17,2
9:21:40,2289,2288.8,2289.2,9,18,11
9:21:40,2289,2288.8,2289.2,4,18,10
9:21:41,2288.8,2288.8,2289.2,1,19,11
9:21:41,2289.2,2288.8,2289.2,7,14,10
9:21:42,2288.8,2288.8,2289,11,3,2
9:21:42,2288.8,2288.8,2289,3,3,10
9:21:43,2288.6,2288.6,2288.8,6,41,1
9:21:43,2288.8,2288.6,2289,14,37,11
9:21:44,2289,2288.6,2289,4,36,58
9:21:44,2288.6,2288.6,2288.8,22,16,15
9:21:45,2288.6,2288.4,2288.6,27,29,6
9:21:45,2288.6,2288.4,2288.6,20,13,6
9:21:46,2288.6,2288.4,2288.6,12,2,16
9:21:46,2288.2,2288.2,2288.4,13,90,10
9:21:47,2288.2,2288.2,2288.4,10,90,4
9:21:47,2288.2,2288.2,2288.6,33,70,10
9:21:48,2288.4,2288.4,2288.6,16,1,10
9:21:48,2288.2,2288.2,2288.4,32,30,38
9:21:49,2288.2,2288.2,2288.4,23,27,23
9:21:49,2288.2,2288.2,2288.4,14,13,23
9:21:50,2288.2,2288,2288.2,49,77,49
9:21:50,2288,2288,2288.2,41,66,23
9:21:51,2288,2288,2288.2,49,32,14
9:21:51,2288.2,2288,2288.2,21,18,11
9:21:52,2288,2287.8,2288,20,6,9
9:21:52,2287.4,2287.4,2287.6,24,11,2
9:21:53,2288,2287.6,2288,131,3,18
9:21:53,2287.6,2287,2287.6,30,41,4
9:21:54,2287.6,2287.2,2287.6,26,14,12
9:21:54,2287.2,2287.2,2287.6,21,10,11
9:21:55,2287.6,2287.6,2287.8,33,30,2
9:21:55,2288,2287.6,2288,18,36,16
9:21:56,2287.6,2287.6,2288,2,35,16
9:21:56,2287.8,2287.6,2287.8,23,19,1
9:21:57,2287.6,2287.6,2288,12,12,10
9:21:57,2287.6,2287.6,2288,11,7,8
9:21:58,2288,2287.6,2288,10,6,2
9:21:58,2287.6,2287.4,2287.6,9,6,1
9:21:59,2287.6,2287.8,2288.2,13,1,22
9:21:59,2288,2287.6,2288,11,15,32
9:22:00,2287.8,2287.8,2288,25,12,20
9:22:00,2287.8,2287.6,2287.8,20,13,3
9:22:01,2287.6,2287.6,2288,11,21,25
9:22:01,2287.6,2287.8,2288,11,2,26
9:22:02,2288,2287.6,2288,32,14,2
9:22:02,2288,2287.8,2288,13,18,2
9:22:03,2288.4,2288.2,2288.4,32,3,14
9:22:03,2288.4,2288,2288.4,18,12,4
9:22:04,2288.2,2288,2288.2,12,21,3
9:22:04,2288.4,2288.2,2288.4,17,10,5
9:22:05,2288.2,2288.2,2288.6,10,9,7
9:22:05,2288.6,2288.2,2288.6,6,18,1
9:22:06,2288.4,2288.4,2288.8,5,1,15
9:22:06,2288.6,2288.4,2288.6,8,1,8
9:22:07,2288.4,2288.4,2288.6,4,2,5
9:22:07,2288.6,2288.6,2288.8,6,1,12
9:22:08,2288.2,2288.2,2288.6,7,16,2
9:22:08,2288.8,2288.2,2288.8,5,14,18
9:22:09,2288.6,2288.2,2288.8,9,9,15
9:22:09,2288.2,2288.2,2288.6,9,8,4
9:22:10,2288.2,2288,2288.2,14,40,23
9:22:10,2288.2,2288,2288.2,14,35,16
9:22:11,2288.2,2288,2288.2,2,35,14
9:22:11,2288,2288,2288.2,8,33,10
9:22:12,2288,2287.8,2288,36,10,13
9:22:12,2288,2287.8,2288,9,10,4
9:22:13,2288,2287.8,2288,11,8,3
9:22:13,2287.8,2287.6,2287.8,38,15,4
9:22:14,2287.8,2287.8,2288,4,2,4
9:22:14,2287.8,2287.6,2288,4,27,11
9:22:15,2288,2287.6,2288,4,29,8
9:22:15,2287.6,2287.8,2288,1,1,13
9:22:16,2287.8,2287.6,2288,3,32,14
9:22:16,2288,2287.6,2288,7,32,7
9:22:17,2287.6,2287.6,2287.8,10,26,5
9:22:17,2287.8,2287.6,2287.8,4,29,1
9:22:18,2287.6,2287.6,2287.8,7,23,8
9:22:18,2287.8,2287.6,2287.8,13,13,11
9:22:19,2287.8,2287.4,2287.6,17,18,26
9:22:19,2287.6,2287.4,2287.6,15,13,16
9:22:20,2287.4,2287.2,2287.4,16,16,25
9:22:20,2287.2,2287.2,2287.4,5,14,10
9:22:21,2287.2,2287.2,2287.4,12,18,4
9:22:21,2287.2,2287,2287.2,66,92,1
9:22:22,2287,2287,2287.2,29,72,2
9:22:22,2287.2,2287.2,2287.4,17,1,2
9:22:23,2287.2,2287.2,2287.6,14,12,17
9:22:23,2287.2,2287.2,2287.4,10,8,1
9:22:24,2287.2,2287.2,2287.6,9,26,17
9:22:24,2287.4,2287.4,2287.6,11,6,16
9:22:25,2287,2287,2287.2,73,63,2
9:22:25,2287.4,2287,2287.4,9,64,3
9:22:26,2287.2,2287,2287.2,14,58,2
9:22:26,2287.4,2287.4,2287.8,60,46,4
9:22:27,2287.8,2287.6,2287.8,7,6,3
9:22:27,2287.4,2287.6,2287.8,58,4,11
9:22:28,2287.6,2287.4,2287.8,9,8,10
9:22:28,2287.4,2287.4,2287.6,1,9,1
9:22:29,2287.8,2287.6,2287.8,3,2,17
9:22:30,2287.6,2287.4,2287.8,6,13,24
9:22:30,2287.6,2287.4,2287.6,7,13,46
9:22:31,2287.6,2287.4,2287.6,8,10,41
9:22:31,2287.4,2287.2,2287.4,7,40,4
9:22:32,2287.4,2287.4,2287.6,8,42,40
9:22:32,2287.4,2287.4,2287.6,9,40,41
9:22:33,2287.4,2287.4,2287.6,32,38,12
9:22:33,2287.6,2287.4,2287.6,2,37,11
9:22:34,2287.6,2287.4,2287.6,3,39,8
9:22:34,2287.6,2287.4,2287.6,6,38,4
9:22:35,2287.6,2287.6,2287.8,10,5,12
9:22:35,2287.8,2287.6,2287.8,3,5,11
9:22:36,2287.8,2287.8,2288,11,2,34
9:22:37,2287.8,2287.6,2288,2,28,34
9:22:37,2288,2287.8,2288,3,2,30
9:22:38,2288,2287.8,2288,29,1,2
9:22:38,2288,2287.8,2288,11,19,30
9:22:39,2288,2287.8,2288,5,20,25
9:22:39,2288,2287.8,2288,4,5,29
9:22:40,2288,2287.8,2288,2,5,28
9:22:40,2287.8,2287.6,2287.8,29,32,26
9:22:41,2287.8,2287.6,2287.8,2,27,27
9:22:42,2287.8,2287.6,2287.8,3,28,26
9:22:42,2287.8,2287.6,2287.8,3,27,24
9:22:43,2287.8,2287.6,2287.8,9,30,16
9:22:44,2287.8,2287.6,2287.8,1,27,15
9:22:44,2287.8,2287.6,2287.8,5,27,11
9:22:45,2287.8,2287.6,2287.8,5,27,6
9:22:45,2287.8,2287.6,2288,8,25,33
9:22:46,2287.8,2287.8,2288,22,11,12
9:22:47,2288,2287.8,2288,4,10,9
9:22:48,2288,2287.8,2288,2,13,8
9:22:48,2288,2287.8,2288,3,18,5
9:22:49,2288,2287.8,2288,1,19,4
9:22:49,2287.8,2288,2288.2,13,2,12
9:22:50,2288.2,2288,2288.2,1,2,11
9:22:50,2288.2,2288,2288.2,3,1,10
9:22:51,2288.2,2288,2288.2,1,2,10
9:22:51,2288,2287.8,2288,5,17,2
9:22:52,2288.2,2287.8,2288.2,4,18,8
9:22:52,2288.2,2288,2288.2,1,1,12
9:22:53,2288.2,2288,2288.2,2,2,14
9:22:53,2287.8,2287.8,2288.2,4,20,12
9:22:54,2288,2288,2288.2,3,1,11
9:22:54,2288.2,2288,2288.2,3,3,8
9:22:55,2288.2,2288,2288.2,6,3,2
9:22:55,2288.2,2288.2,2288.4,2,1,10
9:22:56,2288.2,2288,2288.2,4,7,9
9:22:57,2288.2,2288.2,2288.4,12,40,8
9:22:57,2288.4,2288.2,2288.4,4,40,5
9:22:58,2288.4,2288.2,2288.4,2,39,4
9:22:58,2288.4,2288.4,2288.6,5,2,18
9:22:59,2288.6,2288.4,2288.6,4,3,16
9:22:59,2288.6,2288.4,2288.6,2,3,14
9:23:00,2288.6,2288.6,2288.8,26,9,52
9:23:00,2288.4,2288.4,2288.6,24,2,16
9:23:01,2288.6,2288.4,2288.6,3,2,14
9:23:01,2288.6,2288.4,2288.6,10,1,5
9:23:02,2288.8,2288.2,2288.8,30,30,50
9:23:02,2288.8,2288.4,2288.6,1,4,28
9:23:03,2288.6,2288.4,2288.6,3,14,27
9:23:03,2288.6,2288.4,2288.6,9,13,22
9:23:04,2288.6,2288.4,2288.6,3,4,19
9:23:04,2288.6,2288.4,2288.6,4,4,16
9:23:05,2288.6,2288.4,2288.6,4,5,11
9:23:05,2288.4,2288.4,2288.6,4,2,14
9:23:06,2288.4,2288.2,2288.6,4,34,15
9:23:06,2288.6,2288.2,2288.6,4,35,13
9:23:07,2288.6,2288.2,2288.6,2,36,14
9:23:07,2288.4,2288.4,2288.6,4,1,28
9:23:08,2288.2,2288.2,2288.4,29,15,4
9:23:08,2288.4,2288.2,2288.4,2,15,2
9:23:09,2288.4,2288.2,2288.4,2,13,3
9:23:09,2288.4,2288.2,2288.6,3,14,35
9:23:10,2288.2,2288,2288.2,29,16,6
9:23:10,2288.2,2288,2288.2,4,15,4
9:23:11,2288.2,2288,2288.2,5,14,2
9:23:11,2288.2,2288.2,2288.6,9,22,35
9:23:12,2288.2,2288.2,2288.4,11,13,2
9:23:12,2288.2,2288.2,2288.4,1,12,4
9:23:13,2288.2,2288.2,2288.4,10,4,4
9:23:13,2288.2,2288,2288.4,4,14,4
9:23:14,2288,2288,2288.2,1,32,6
9:23:15,2288,2288,2288.2,6,27,6
9:23:15,2288,2288,2288.2,6,25,3
9:23:16,2288,2288,2288.2,2,24,22
9:23:16,2288,2288,2288.2,5,22,19
9:23:17,2288.2,2288,2288.2,4,20,18
9:23:17,2288,2288,2288.2,4,17,18
9:23:18,2288,2288,2288.2,12,16,8
9:23:19,2288.2,2288,2288.2,2,19,9
9:23:19,2288.2,2288,2288.2,6,19,3
9:23:20,2288,2288,2288.2,2,17,3
9:23:21,2288,2288,2288.2,6,12,57
9:23:22,2287.8,2287.8,2288,18,12,24
9:23:22,2288,2287.8,2288,2,12,37
9:23:23,2288,2287.8,2288,9,16,18
9:23:23,2288,2287.8,2288,5,15,17
9:23:24,2288,2287.8,2288,8,10,6
9:23:25,2288,2287.8,2288,6,8,4
9:23:25,2288.2,2287.8,2288,33,8,2
9:23:26,2288.2,2288,2288.2,7,1,29
9:23:26,2287.8,2287.8,2288.2,3,8,29
9:23:27,2288,2287.8,2288,4,8,1
9:23:27,2288,2287.8,2288.2,1,13,30
9:23:28,2287.8,2287.8,2288.2,7,14,40
9:23:29,2287.8,2287.8,2288,3,13,3
9:23:29,2288,2288,2288.2,6,4,41
9:23:30,2287.8,2287.8,2288,7,21,1
9:23:30,2287.8,2287.8,2288.2,5,21,41
9:23:31,2287.8,2287.8,2288.2,12,10,41
9:23:32,2288,2287.8,2288,2,11,8
9:23:33,2287.6,2287.6,2288,20,28,10
9:23:34,2288,2287.8,2288,13,1,7
9:23:34,2287.6,2287.6,2288,13,8,15
9:23:35,2287.6,2287.6,2288,5,4,15
9:23:35,2287.6,2287.4,2287.8,7,13,3
9:23:36,2287.8,2287.4,2287.8,4,10,3
9:23:36,2287.4,2287.4,2287.6,10,4,1
9:23:37,2287.4,2287.4,2287.6,1,3,3
9:23:37,2287.6,2287.4,2287.6,2,3,2
9:23:38,2287.6,2287.6,2287.8,25,48,5
9:23:38,2287.8,2287.8,2288,10,18,20
9:23:39,2287.8,2287.8,2288,3,16,22
9:23:39,2287.8,2287.8,2288,18,7,21
9:23:40,2287.8,2287.8,2288,2,6,21
9:23:40,2287.8,2287.8,2288,3,4,22
9:23:41,2287.8,2287.6,2287.8,8,44,4
9:23:42,2287.6,2287.6,2287.8,1,43,8
9:23:42,2288,2287.8,2288,12,5,26
9:23:43,2287.8,2287.8,2288,1,5,27
9:23:43,2287.6,2287.6,2287.8,6,48,1
9:23:44,2288,2287.8,2288,5,5,32
9:23:44,2287.8,2287.8,2288,1,5,32
9:23:45,2287.8,2287.8,2288,4,7,38
9:23:46,2287.8,2287.8,2288,2,6,43
9:23:47,2287.8,2287.6,2287.8,7,53,3
9:23:47,2288,2287.6,2288,6,57,41
9:23:48,2287.6,2287.8,2288,6,1,39
9:23:49,2287.8,2287.6,2288,7,54,34
9:23:50,2287.8,2287.8,2288,4,14,37
9:23:50,2287.8,2287.8,2288,6,14,39
9:23:51,2287.8,2287.8,2288,13,1,39
9:23:51,2288.2,2288,2288.2,42,11,51
9:23:52,2288,2288,2288.2,6,6,52
9:23:52,2288,2288,2288.2,2,4,52
9:23:53,2288,2287.8,2288,4,18,1
9:23:54,2288.2,2287.8,2288.2,36,20,20
9:23:54,2288,2288,2288.2,1,2,20
9:23:55,2288,2288,2288.2,13,24,9
9:23:55,2288.2,2288.2,2288.4,9,34,24
9:23:56,2288.4,2288.2,2288.4,1,38,24
9:23:56,2288.2,2288.2,2288.4,13,37,11
9:23:57,2288.6,2288.4,2288.6,16,41,43
9:23:57,2288.6,2288.4,2288.6,13,68,34
9:23:58,2288.6,2288.6,2288.8,35,6,54
9:23:58,2288.8,2288.6,2288.8,25,12,32
9:23:59,2288.6,2288.4,2288.6,16,64,2
9:23:59,2288.4,2288.4,2288.8,5,64,27
9:24:00,2288.6,2288.6,2288.8,5,1,28
9:24:00,2288.6,2288.6,2288.8,7,20,28
9:24:01,2288.6,2288.6,2288.8,8,17,24
9:24:01,2288.8,2288.6,2288.8,15,4,23
9:24:02,2288.8,2288.8,2289,30,23,39
9:24:02,2289,2288.8,2289,4,24,35
9:24:03,2289,2288.8,2289,38,2,19
9:24:03,2289,2288.8,2289,16,3,3
9:24:04,2289,2289,2289.4,15,12,24
9:24:04,2289,2289,2289.4,25,42,2
9:24:05,2289.4,2289.4,2289.6,4,1,17
9:24:05,2289.4,2289.4,2289.6,4,8,14
9:24:06,2289.6,2289.4,2289.6,23,21,6
9:24:06,2289.8,2289.6,2289.8,7,15,26
9:24:07,2289.8,2289.6,2289.8,12,25,18
9:24:07,2289.8,2289.8,2290,32,13,31
9:24:08,2290,2289.8,2290,12,23,25
9:24:08,2290,2289.8,2290,15,24,25
9:24:09,2290.2,2290,2290.2,45,14,9
9:24:09,2290,2290.2,2290.4,39,1,6
9:24:10,2290.2,2290,2290.2,17,7,2
9:24:10,2290,2289.8,2290,30,25,43
9:24:11,2290,2289.8,2290,32,7,49
9:24:11,2289.8,2289.6,2289.8,33,48,17
9:24:12,2289.6,2289.6,2289.8,18,44,6
9:24:12,2290,2289.8,2290,11,12,67
9:24:13,2290,2289.8,2290,29,24,55
9:24:13,2290,2289.8,2290,15,24,33
9:24:14,2289.8,2289.8,2290,16,22,17
9:24:14,2289.8,2289.8,2290,3,22,15
9:24:15,2290,2290,2290.2,16,49,4
9:24:15,2290.2,2290,2290.4,33,54,34
9:24:16,2290,2290,2290.2,2,53,27
9:24:16,2290.2,2290,2290.2,15,58,15
9:24:17,2290,2290,2290.2,20,46,28
9:24:17,2290.2,2290,2290.2,18,35,27
9:24:18,2290,2290,2290.2,12,32,22
9:24:18,2290.2,2290,2290.2,7,28,23
9:24:19,2290.2,2290.2,2290.4,31,3,42
9:24:19,2290.4,2290.2,2290.4,13,1,39
9:24:20,2290.4,2290.2,2290.4,10,3,34
9:24:20,2290.4,2290.2,2290.4,14,1,25
9:24:21,2290.4,2290.2,2290.4,23,2,10
9:24:21,2290.4,2290,2290.6,35,31,11
9:24:22,2290.2,2290,2290.6,8,33,10
9:24:22,2290.6,2290.6,2290.8,18,3,66
9:24:23,2290.6,2290.4,2290.8,31,2,67
9:24:23,2290.8,2290.4,2290.8,17,4,62
9:24:24,2290.6,2290.4,2290.6,19,6,6
9:24:24,2290.6,2290.4,2290.6,24,15,34
9:24:25,2290.4,2290.4,2290.6,19,12,24
9:24:25,2290.6,2290.4,2290.6,30,4,5
9:24:26,2290.6,2290.6,2290.8,7,8,71
9:24:26,2290.6,2290.6,2290.8,3,7,72
9:24:27,2290.6,2290.6,2290.8,6,9,72
9:24:27,2290.8,2290.6,2290.8,15,42,67
9:24:28,2290.8,2290.6,2290.8,10,40,60
9:24:28,2290.6,2290.6,2290.8,23,28,51
9:24:29,2290.8,2290.6,2290.8,36,28,15
9:24:29,2290.6,2290.6,2290.8,20,15,12
9:24:30,2290.6,2290.6,2290.8,17,15,9
9:24:30,2290.8,2290.6,2290.8,19,8,17
9:24:31,2290.6,2290.6,2290.8,23,3,62
9:24:31,2290.6,2290.4,2290.6,7,17,16
9:24:32,2290.6,2290.4,2290.6,7,19,45
9:24:32,2290.6,2290.4,2290.6,34,13,41
9:24:33,2290.2,2290.2,2290.4,24,15,5
9:24:33,2290.4,2290.2,2290.6,9,37,20
9:24:34,2290.6,2290.4,2290.6,2,3,22
9:24:34,2290.4,2290.4,2290.6,23,6,3
9:24:35,2290.4,2290.4,2290.8,12,31,69
9:24:35,2290.4,2290.6,2290.8,1,5,47
9:24:36,2290.6,2290.6,2290.8,7,13,48
9:24:36,2290.6,2290.6,2290.8,3,13,47
9:24:37,2290.8,2290.6,2290.8,2,14,55
9:24:37,2290.6,2290.6,2290.8,10,7,54
9:24:38,2290.8,2290.6,2290.8,8,12,50
9:24:38,2290.6,2290.4,2290.6,15,40,60
9:24:39,2290.6,2290.4,2290.6,3,40,59
9:24:39,2290.6,2290.4,2290.6,8,30,53
9:24:40,2290.6,2290.2,2290.6,49,3,34
9:24:40,2290.6,2290.2,2290.6,16,12,32
9:24:41,2290.2,2290.2,2290.6,11,16,31
9:24:41,2290.4,2290.4,2290.6,3,11,30
9:24:42,2290.4,2290.2,2290.4,28,10,1
9:24:42,2290.2,2290.2,2290.6,7,4,35
9:24:43,2290,2290,2290.4,18,45,8
9:24:43,2290,2290,2290.4,16,33,7
9:24:44,2290,2290,2290.4,1,32,26
9:24:44,2290.6,2290.4,2290.6,32,2,35
9:24:45,2290.4,2290.4,2290.6,3,9,35
9:24:45,2290.4,2290.2,2290.6,6,1,33
9:24:46,2290.2,2290.2,2290.4,1,11,3
9:24:46,2290.2,2290.2,2290.6,9,18,35
9:24:47,2290.2,2290.2,2290.6,3,18,37
9:24:47,2290.2,2290.2,2290.4,2,17,3
9:24:48,2290.6,2290.2,2290.6,29,19,16
9:24:48,2290.4,2290.2,2290.4,5,16,18
9:24:49,2290.2,2290.2,2290.4,14,3,18
9:24:49,2290.4,2290.2,2290.4,9,11,17
9:24:50,2290.4,2290.4,2290.6,19,2,27
9:24:50,2290.4,2290.2,2290.4,12,13,2
9:24:51,2290.4,2290.2,2290.4,2,12,4
9:24:51,2290.2,2290.2,2290.4,1,15,4
9:24:52,2290.6,2290.2,2290.6,22,19,39
9:24:53,2290.2,2290.4,2290.6,1,1,40
9:24:53,2290.2,2290.2,2290.6,2,13,42
9:24:54,2290.2,2290.2,2290.4,6,8,5
9:24:54,2290.6,2290.4,2290.6,38,1,16
9:24:55,2290.4,2290.2,2290.6,1,9,18
9:24:55,2290.2,2290.2,2290.4,2,12,27
9:24:56,2290.4,2290.2,2290.4,7,17,22
9:24:56,2290.2,2290.2,2290.4,21,11,5
9:24:57,2290.4,2290.2,2290.4,3,10,4
9:24:57,2290,2290.2,2290.4,33,5,5
9:24:58,2290.4,2290.2,2290.4,5,8,2
9:24:58,2290.4,2290.4,2290.6,5,1,36
9:24:59,2290.2,2290,2290.2,10,27,1
9:24:59,2290.2,2290,2290.4,1,27,2
9:25:00,2290.4,2290.2,2290.4,7,9,4
9:25:00,2290.4,2290.4,2290.6,53,9,10
9:25:01,2290.6,2290.4,2290.6,22,5,4
9:25:01,2290.4,2290.2,2290.4,30,18,14
9:25:02,2290.8,2290.4,2290.8,20,13,68
9:25:02,2290.8,2290.4,2290.6,21,9,3
9:25:03,2290.8,2290.2,2290.8,28,27,41
9:25:03,2291,2290.4,2291,47,15,34
9:25:04,2291,2290.6,2291,9,10,28
9:25:04,2291,2291,2291.2,38,11,22
9:25:05,2291.2,2291,2291.2,14,14,9
9:25:05,2291.4,2291.2,2291.4,17,1,24
9:25:06,2291.2,2291.2,2291.4,21,1,7
9:25:06,2291.6,2291.2,2291.6,13,7,11
9:25:07,2291.4,2291.4,2291.6,6,6,9
9:25:07,2291.6,2291.4,2291.6,10,5,3
9:25:08,2291.4,2291.2,2291.4,21,12,21
9:25:08,2291.2,2291.2,2291.4,11,9,14
9:25:09,2291.4,2291,2291.4,24,14,6
9:25:09,2291.4,2291.2,2291.4,13,6,6
9:25:10,2291,2290.8,2291,24,7,38
9:25:10,2291,2290.8,2291,20,2,34
9:25:11,2291,2290.8,2291,34,2,1
9:25:11,2291.2,2291,2291.2,14,16,43
9:25:12,2291,2291,2291.2,10,15,37
9:25:12,2291.2,2291,2291.2,9,15,32
9:25:13,2291,2291,2291.2,2,15,32
9:25:13,2291,2291,2291.2,9,7,32
9:25:14,2291,2290.8,2291.2,27,41,24
9:25:14,2290.8,2290.8,2291,11,30,1
9:25:15,2290.8,2290.6,2290.8,32,17,26
9:25:15,2290.8,2290.6,2290.8,13,6,25
9:25:16,2290.6,2290.6,2290.8,3,4,25
9:25:16,2290.6,2290.6,2291.2,36,2,39
9:25:17,2291,2290.6,2291,13,11,23
9:25:17,2290.8,2290.8,2291,1,3,23
9:25:18,2291,2291,2291.2,24,5,50
9:25:18,2291,2290.8,2291.2,5,5,50
9:25:19,2291,2290.8,2291.2,3,4,50
9:25:19,2290.8,2290.8,2291.2,2,2,38
9:25:20,2290.6,2290.6,2291,7,6,2
9:25:20,2291,2290.6,2291,2,7,16
9:25:21,2291,2290.4,2291,11,31,15
9:25:21,2291,2290.6,2290.8,1,8,5
9:25:22,2290.6,2290.4,2290.6,8,30,3
9:25:23,2290.8,2290.8,2291,22,12,41
9:25:23,2290.8,2290.8,2291,8,9,41
9:25:24,2290.8,2290.8,2291,7,4,40
9:25:24,2290.8,2290.8,2291,4,1,41
9:25:25,2290.8,2290.6,2290.8,8,16,13
9:25:25,2290.8,2290.6,2290.8,5,18,14
9:25:26,2290.6,2290.6,2290.8,11,10,14
9:25:26,2290.8,2290.6,2290.8,3,10,14
9:25:27,2290.6,2290.6,2290.8,3,9,15
9:25:27,2290.8,2290.6,2290.8,2,10,14
9:25:28,2290.6,2290.6,2290.8,4,7,13
9:25:28,2290.6,2290.6,2290.8,1,6,13
9:25:29,2290.8,2290.6,2290.8,7,5,7
9:25:29,2290.6,2290.6,2290.8,5,2,6
9:25:30,2290.6,2290.6,2290.8,2,1,5
9:25:30,2290.8,2290.6,2290.8,1,13,4
9:25:31,2290.6,2290.6,2290.8,1,12,5
9:25:31,2290.6,2290.4,2290.6,14,44,10
9:25:32,2290.4,2290.4,2290.6,7,39,10
9:25:32,2290.4,2290.4,2290.6,2,37,15
9:25:33,2290.6,2290.4,2290.6,2,37,16
9:25:33,2290.4,2290.4,2290.6,18,35,1
9:25:34,2290.6,2290.4,2290.8,2,34,17
9:25:34,2290.6,2290.4,2290.6,2,35,4
9:25:35,2290.6,2290.4,2290.6,3,33,3
9:25:35,2290.6,2290.4,2290.6,4,32,1
9:25:36,2290.6,2290.6,2290.8,6,95,18
9:25:36,2290.8,2290.8,2291,32,11,72
9:25:37,2291,2290.8,2291,6,11,66
9:25:37,2290.6,2290.6,2291,19,88,66
9:25:38,2291,2290.6,2291,46,105,23
9:25:38,2291,2290.8,2291,5,4,72
9:25:39,2291,2290.8,2291,2,23,71
9:25:39,2291,2290.8,2291,26,15,46
9:25:40,2291,2290.8,2291,2,21,45
9:25:40,2290.8,2290.8,2291,15,6,46
9:25:41,2291,2290.8,2291,3,7,43
9:25:41,2291,2290.8,2291,39,6,11
9:25:42,2291,2291,2291.2,12,16,45
9:25:42,2291,2291,2291.2,5,12,45
9:25:43,2291,2291,2291.2,10,3,45
9:25:43,2291,2290.8,2291,6,5,3
9:25:44,2290.8,2290.8,2291,4,3,14
9:25:44,2290.6,2290.6,2291,13,129,32
9:25:45,2290.6,2290.6,2290.8,2,128,2
9:25:45,2290.8,2290.6,2290.8,3,130,3
9:25:46,2290.8,2290.6,2290.8,2,128,1
9:25:46,2290.8,2290.6,2290.8,10,124,8
9:25:47,2290.8,2290.6,2290.8,3,124,18
9:25:47,2290.6,2290.6,2290.8,4,120,28
9:25:48,2290.6,2290.6,2290.8,4,116,31
9:25:48,2290.6,2290.6,2290.8,2,115,46
9:25:49,2290.6,2290.6,2290.8,36,79,71
9:25:49,2290.6,2290.6,2290.8,42,38,78
9:25:50,2290.6,2290.4,2290.6,39,39,59
9:25:50,2290.4,2290.4,2290.6,25,14,118
9:25:51,2290.2,2290.2,2290.4,29,15,73
9:25:51,2290,2290,2290.2,24,37,97
9:25:52,2289.8,2289.6,2289.8,46,8,11
9:25:52,2289.6,2289.4,2289.6,26,10,31
9:25:53,2289.2,2289.2,2289.4,41,5,6
9:25:53,2289.2,2289.2,2289.4,24,12,21
9:25:54,2289.2,2289,2289.2,51,1,14
9:25:54,2289.2,2288.8,2289,3,7,9
9:25:55,2289,2288.8,2289,18,20,7
9:25:55,2288.8,2289,2289.2,44,21,24
9:25:56,2289.2,2289,2289.4,33,30,6
9:25:56,2289.2,2289.2,2289.4,10,5,9
9:25:57,2289.2,2289.2,2289.4,16,16,9
9:25:57,2289.2,2289.2,2289.4,16,1,9
9:25:58,2289.2,2289,2289.4,12,24,2
9:25:58,2289.2,2289,2289.4,4,16,3
9:25:59,2288.2,2288.2,2289.4,55,20,4
9:25:59,2289,2288.6,2289,10,5,6
9:26:00,2288.8,2288.2,2288.6,14,7,4
9:26:00,2288.2,2288.2,2289.2,44,6,8
9:26:01,2288.6,2289.2,2289.6,83,12,1
9:26:01,2289.6,2289.4,2290,22,21,3
9:26:02,2290,2290,2290.2,10,5,4
9:26:02,2290.2,2290.2,2290.4,15,20,6
9:26:03,2290.4,2290.2,2290.4,31,21,1
9:26:03,2290.2,2290.2,2290.6,11,18,7
9:26:04,2290.6,2290.6,2290.8,19,2,4
9:26:04,2290.6,2290.4,2290.6,6,3,4
9:26:05,2290.4,2290.4,2290.6,4,2,2
9:26:05,2290.4,2290.2,2290.6,7,11,14
9:26:06,2290.6,2290.4,2290.6,4,3,22
9:26:06,2290.4,2290.2,2290.4,4,11,13
9:26:07,2290.2,2290.2,2290.4,3,10,24
9:26:07,2290.2,2290.2,2290.4,3,8,44
9:26:08,2290.2,2290.2,2290.4,5,3,46
9:26:08,2290.2,2290,2290.2,5,3,13
9:26:09,2290.4,2290,2290.2,17,8,2
9:26:09,2290,2290,2290.2,1,8,2
9:26:10,2290,2290.2,2290.4,6,1,35
9:26:10,2290,2290,2290.2,2,7,1
9:26:11,2290.2,2290.2,2290.4,2,5,16
9:26:11,2290.2,2290.2,2290.4,2,8,16
9:26:12,2290.2,2290.2,2290.4,6,8,11
9:26:12,2290.2,2290.2,2290.4,1,12,12
9:26:13,2290.4,2290.2,2290.4,1,16,12
9:26:13,2290.2,2290.2,2290.4,1,15,12
9:26:14,2290.4,2290.2,2290.4,1,17,12
9:26:14,2290.4,2290.2,2290.4,2,18,10
9:26:15,2290.4,2290.2,2290.4,8,12,18
9:26:15,2290.4,2290.2,2290.4,1,12,35
9:26:16,2290.2,2290.2,2290.4,11,3,34
9:26:16,2290.2,2290,2290.2,4,18,6
9:26:17,2290.2,2290.2,2290.4,8,43,34
9:26:17,2290.2,2290.2,2290.4,2,41,34
9:26:18,2290.4,2290.2,2290.4,18,42,16
9:26:18,2290.4,2290.4,2290.6,20,14,42
9:26:19,2290.4,2290.4,2290.6,2,13,42
9:26:19,2290.2,2290.4,2290.6,38,2,46
9:26:20,2290.6,2290.4,2290.6,2,4,45
9:26:20,2290.6,2290.4,2290.6,5,5,41
9:26:21,2290.6,2290.4,2290.6,5,5,37
9:26:21,2290.4,2290.4,2290.6,10,4,31
9:26:22,2290.4,2290.4,2290.6,1,3,32
9:26:22,2290.8,2290.4,2290.8,34,4,55
9:26:23,2290.8,2290.6,2290.8,1,20,55
9:26:23,2290.6,2290.6,2290.8,4,19,54
9:26:24,2290.8,2290.6,2290.8,2,19,52
9:26:24,2290.8,2290.6,2290.8,4,18,50
9:26:25,2290.6,2290.6,2290.8,7,16,45
9:26:25,2290.6,2290.6,2290.8,2,15,53
9:26:26,2290.8,2290.6,2290.8,13,5,50
9:26:26,2290.6,2290.4,2290.6,7,7,29
9:26:27,2290.4,2290.2,2290.4,18,34,1
9:26:27,2290.4,2290.2,2290.4,1,35,6
9:26:28,2290.4,2290.2,2290.4,6,34,1
9:26:28,2290.6,2290.4,2290.6,2,1,26
9:26:29,2290.6,2290.2,2290.6,5,35,22
9:26:29,2290.4,2290.4,2290.6,10,5,45
9:26:30,2290.4,2290.4,2290.6,10,1,28
9:26:30,2290.6,2290.4,2290.6,5,12,25
9:26:31,2290.6,2290.4,2290.6,4,24,22
9:26:31,2290.4,2290.6,2290.8,23,12,51
9:26:32,2290.4,2290.6,2290.8,4,27,51
9:26:32,2290.6,2290.4,2290.6,46,27,5
9:26:33,2290.6,2290.4,2290.6,5,31,2
9:26:33,2290.6,2290.4,2290.8,2,31,52
9:26:34,2290.6,2290.6,2290.8,3,29,62
9:26:34,2290.6,2290.6,2290.8,1,28,63
9:26:35,2290.8,2290.6,2290.8,39,17,36
9:26:35,2291,2291,2291.2,76,24,35
9:26:36,2291.2,2291,2291.2,24,21,15
9:26:36,2291.2,2291,2291.2,11,17,8
9:26:37,2291.2,2291.2,2291.4,18,1,17
9:26:37,2291.4,2291.2,2291.4,7,3,22
9:26:38,2291.2,2291.2,2291.4,2,2,22
9:26:38,2291,2291,2291.2,5,12,4
9:26:39,2291,2291,2291.2,6,10,5
9:26:39,2291.2,2291,2291.2,8,9,15
9:26:40,2291.2,2291,2291.2,13,5,7
9:26:40,2291.2,2290.8,2291.2,17,2,2
9:26:41,2290.8,2290.6,2290.8,5,19,7
9:26:41,2291.2,2291.2,2291.4,12,2,24
9:26:42,2291.2,2291,2291.4,9,1,34
9:26:42,2291,2290.8,2291,4,5,32
9:26:43,2291,2290.8,2291,8,11,32
9:26:43,2290.8,2290.6,2290.8,28,19,1
9:26:44,2290.6,2290.6,2291,5,18,5
9:26:44,2291,2290.8,2291,5,3,4
9:26:45,2291,2290.8,2291,3,3,27
9:26:45,2291,2290.8,2291,3,2,27
9:26:46,2291,2290.8,2291,2,2,25
9:26:46,2290.8,2290.8,2291,2,1,24
9:26:47,2291,2290.6,2291,14,15,11
9:26:47,2291,2290.6,2291,2,4,25
9:26:48,2291,2290.6,2291,1,4,26
9:26:49,2290.8,2290.6,2290.8,2,36,18
9:26:50,2290.6,2290.6,2290.8,33,15,45
9:26:50,2290.8,2290.4,2290.8,19,28,42
9:26:51,2290.4,2290.4,2290.6,7,23,37
9:26:51,2290.4,2290.4,2290.6,8,14,43
9:26:52,2290.4,2290.4,2290.6,2,12,43
9:26:52,2290.4,2290.4,2290.6,7,10,38
9:26:53,2290.4,2290.4,2290.6,3,8,38
9:26:54,2290.4,2290.4,2290.6,4,5,38
9:26:55,2290.4,2290.4,2290.6,1,6,33
9:26:55,2290.4,2290.4,2290.6,6,2,33
9:26:56,2290.4,2290.2,2290.8,39,59,22
9:26:56,2290.4,2290.6,2290.8,3,4,22
9:26:57,2290.8,2290.6,2290.8,8,6,15
9:26:57,2290.8,2290.6,2290.8,4,8,15
9:26:58,2290.6,2290.6,2290.8,4,8,45
9:26:59,2290.6,2290.6,2290.8,3,4,50
9:26:59,2290.8,2290.6,2290.8,1,12,52
9:27:00,2290.8,2290.6,2290.8,4,13,50
9:27:01,2290.6,2290.6,2290.8,9,8,47
9:27:01,2290.8,2290.6,2290.8,6,8,44
9:27:02,2290.6,2290.6,2290.8,7,3,26
9:27:02,2290.6,2290.6,2290.8,4,1,25
9:27:03,2290.4,2290.4,2290.8,7,70,25
9:27:03,2290.4,2290.6,2290.8,7,26,25
9:27:04,2290.6,2290.6,2290.8,13,14,22
9:27:04,2290.6,2290.6,2290.8,6,10,10
9:27:05,2290.6,2290.6,2290.8,5,8,8
9:27:05,2290.6,2290.6,2290.8,9,2,6
9:27:06,2290.6,2290.6,2290.8,1,1,7
9:27:06,2290.6,2290.4,2290.6,2,63,9
9:27:07,2290.4,2290.4,2290.8,8,58,8
9:27:08,2290.4,2290.4,2290.6,12,47,3
9:27:08,2290.6,2290.6,2290.8,25,8,37
9:27:09,2290.4,2290.4,2290.8,14,30,33
9:27:09,2290.4,2290.6,2290.8,6,1,34
9:27:10,2290.4,2290.4,2290.6,5,21,3
9:27:10,2290.6,2290.4,2290.8,1,21,33
9:27:11,2290.6,2290.4,2290.6,2,21,7
9:27:11,2290.6,2290.4,2290.6,1,21,11
9:27:12,2290.4,2290.4,2290.6,9,13,28
9:27:12,2290.4,2290.4,2290.6,8,6,28
9:27:13,2290.4,2290.2,2290.4,7,69,39
9:27:13,2290.4,2290.2,2290.4,8,69,43
9:27:14,2290.2,2290.2,2290.4,4,67,41
9:27:14,2290.2,2290.2,2290.4,3,65,40
9:27:15,2290.2,2290.2,2290.4,10,55,31
9:27:16,2290.2,2290.2,2290.4,3,52,28
9:27:16,2290.2,2290.2,2290.4,3,50,27
9:27:17,2290.2,2290.2,2290.4,32,19,25
9:27:17,2290.2,2290.2,2290.4,3,16,25
9:27:18,2290.2,2290.2,2290.4,12,4,28
9:27:18,2290.2,2290.2,2290.4,4,1,28
9:27:19,2290.4,2290.2,2290.4,5,1,23
9:27:19,2290.2,2290,2290.2,1,146,2
9:27:20,2290.2,2290.2,2290.4,7,5,24
9:27:20,2290.2,2290.2,2290.4,4,14,19
9:27:21,2290.2,2290.2,2290.4,6,16,20
9:27:21,2290.2,2290.2,2290.4,4,22,23
9:27:22,2290.2,2290.2,2290.4,1,21,30
9:27:23,2290.4,2290.2,2290.4,1,21,29
9:27:23,2290.4,2290.2,2290.4,3,20,27
9:27:24,2290.2,2290.2,2290.4,4,17,27
9:27:26,2290.4,2290.2,2290.4,3,21,30
9:27:27,2290.4,2290.2,2290.4,9,14,30
9:27:28,2290.2,2290.2,2290.4,1,13,30
9:27:28,2290.4,2290.2,2290.4,4,10,29
9:27:29,2290.2,2290.2,2290.4,1,9,30
9:27:30,2290.2,2290.2,2290.4,9,3,29
9:27:30,2290.4,2290.2,2290.4,1,3,29
9:27:31,2290.2,2290.2,2290.4,2,2,38
9:27:31,2290.2,2290.2,2290.4,2,1,39
9:27:32,2290.2,2290.2,2290.4,3,18,41
9:27:33,2290.2,2290.2,2290.4,5,15,39
9:27:33,2290.2,2290.2,2290.4,2,15,39
9:27:34,2290.4,2290.2,2290.4,2,15,43
9:27:35,2290.4,2290.2,2290.4,2,14,44
9:27:36,2290.2,2290,2290.2,20,173,45
9:27:36,2290.2,2290,2290.2,2,173,43
9:27:37,2290,2290,2290.2,5,173,39
9:27:37,2290,2290,2290.2,24,149,42
9:27:38,2290,2290,2290.2,72,78,73
9:27:38,2290.2,2290,2290.2,7,72,72
9:27:39,2289.8,2289.8,2290,73,9,2
9:27:39,2289.8,2289.6,2289.8,15,4,2
9:27:40,2289.6,2289.6,2289.8,1,21,2
9:27:40,2289.8,2289.8,2290,13,8,26
9:27:41,2289.8,2289.8,2290,5,5,25
9:27:41,2290,2289.8,2290,4,25,25
9:27:42,2289.8,2289.8,2290,2,32,25
9:27:42,2289.8,2289.8,2290,8,25,24
9:27:43,2289.8,2289.8,2290,1,25,25
9:27:44,2289.8,2289.8,2290,5,20,25
9:27:44,2289.8,2289.8,2290,6,14,26
9:27:45,2290,2289.8,2290,2,10,26
9:27:45,2289.8,2289.6,2289.8,12,20,5
9:27:46,2289.8,2289.8,2290,7,11,29
9:27:47,2289.8,2289.8,2290,1,11,30
9:27:47,2290,2289.8,2290,6,9,28
9:27:48,2289.8,2289.8,2290,3,8,30
9:27:49,2289.8,2289.8,2290,7,42,32
9:27:50,2290,2289.8,2290,9,41,26
9:27:50,2290,2289.8,2290,11,39,20
9:27:51,2290,2289.8,2290,7,39,15
9:27:51,2290,2289.8,2290,9,39,7
9:27:52,2290.2,2290,2290.2,15,10,30
9:27:52,2290,2290,2290.2,1,1,30
9:27:53,2290,2290,2290.2,3,15,30
9:27:53,2290.2,2290,2290.2,11,30,20
9:27:54,2290.2,2290,2290.2,14,29,8
9:27:54,2290,2290,2290.2,5,28,6
9:27:55,2290,2290,2290.2,6,29,4
9:27:55,2290.2,2290,2290.2,5,25,3
9:27:56,2290.2,2290,2290.2,2,24,2
9:27:56,2290,2290,2290.2,5,19,2
9:27:57,2290,2290,2290.4,25,22,15
9:27:58,2290,2290.2,2290.4,2,13,15
9:27:58,2290.2,2290.2,2290.4,1,12,15
9:28:00,2290.4,2290.2,2290.4,1,12,14
9:28:01,2290.4,2290.2,2290.4,2,11,13
9:28:01,2290.2,2290.2,2290.4,4,11,10
9:28:02,2290.2,2290.2,2290.4,2,10,9
9:28:02,2290.6,2290.6,2290.8,26,7,52
9:28:03,2290.6,2290.4,2290.6,8,2,5
9:28:03,2290.6,2290.4,2290.6,1,2,6
9:28:04,2290.6,2290.4,2290.6,2,3,9
9:28:04,2290.4,2290.4,2290.6,7,2,4
9:28:05,2290.4,2290.4,2290.6,3,1,2
9:28:05,2290.6,2290.2,2290.6,2,20,2
9:28:06,2290.8,2290.2,2290.8,7,20,50
9:28:07,2290.6,2290.4,2290.6,2,14,2
9:28:08,2290.6,2290.4,2290.6,3,15,2
9:28:08,2290.6,2290.6,2290.8,3,12,49
9:28:09,2290.6,2290.6,2290.8,2,11,49
9:28:09,2290.8,2290.4,2290.8,15,15,45
9:28:10,2290.8,2290.6,2290.8,10,2,39
9:28:10,2290.6,2290.4,2290.6,3,12,27
9:28:11,2290.6,2290.4,2290.6,4,12,24
9:28:11,2290.4,2290.4,2290.6,2,3,24
9:28:12,2290.6,2290.4,2290.6,1,3,23
9:28:12,2290.6,2290.4,2290.6,2,2,23
9:28:13,2290.6,2290.4,2290.6,3,1,22
9:28:13,2290.6,2290.4,2290.6,2,1,20
9:28:14,2290.4,2290.2,2290.6,1,20,20
9:28:15,2290.6,2290.2,2290.6,1,22,19
9:28:16,2290.4,2290.2,2290.4,1,21,1
9:28:16,2290.6,2290.4,2290.6,5,9,16
9:28:17,2290.6,2290.4,2290.6,4,10,13
9:28:18,2290.4,2290.2,2290.4,18,25,2
9:28:19,2290.4,2290.4,2290.6,2,30,16
9:28:19,2290.6,2290.4,2290.6,3,30,14
9:28:20,2290.6,2290.4,2290.6,1,30,14
9:28:20,2290.4,2290.4,2290.6,1,29,14
9:28:21,2290.4,2290.4,2290.6,2,28,14
9:28:21,2290.6,2290.4,2290.6,1,28,13
9:28:22,2290.6,2290.4,2290.6,4,27,11
9:28:22,2290.6,2290.4,2290.6,5,28,7
9:28:23,2290.6,2290.6,2290.8,8,11,42
9:28:23,2290.4,2290.6,2290.8,15,2,42
9:28:24,2290.6,2290.6,2290.8,14,1,41
9:28:24,2290.8,2290.6,2290.8,3,1,38
9:28:25,2290.6,2290.6,2290.8,6,1,35
9:28:25,2290.8,2290.6,2290.8,2,3,33
9:28:26,2290.8,2290.6,2290.8,3,4,30
9:28:26,2290.6,2290.6,2291,32,2,88
9:28:27,2291,2290.8,2291,30,2,60
9:28:28,2291,2290.8,2291,55,2,5
9:28:28,2291,2291,2291.2,9,42,40
9:28:29,2291.2,2291,2291.2,22,47,19
9:28:29,2291.2,2291,2291.2,10,48,10
9:28:30,2291.2,2291.2,2291.4,14,22,59
9:28:30,2291.2,2291.2,2291.4,16,28,45
9:28:31,2291.4,2291,2291.4,61,2,38
9:28:31,2291.2,2291,2291.2,16,13,11
9:28:32,2291.2,2291.2,2291.4,26,5,31
9:28:32,2291,2290.8,2291,18,2,8
9:28:33,2291,2290.8,2291,7,2,4
9:28:33,2291.4,2291,2291.2,44,2,10
9:28:34,2291.2,2291,2291.2,3,3,13
9:28:35,2291.2,2291,2291.2,6,2,9
9:28:35,2291.2,2291.2,2291.4,9,5,72
9:28:36,2291.2,2291.2,2291.4,4,5,72
9:28:36,2291.2,2291,2291.2,10,10,8
9:28:37,2291.2,2291.2,2291.4,21,7,60
9:28:37,2291,2291,2291.2,13,5,1
9:28:38,2291.2,2291,2291.2,1,5,1
9:28:38,2291.4,2291.2,2291.4,2,11,59
9:28:39,2291.2,2291.2,2291.4,8,4,58
9:28:39,2291.4,2291.2,2291.4,6,3,54
9:28:40,2291.4,2291.2,2291.4,9,2,48
9:28:40,2291.4,2291.2,2291.4,21,11,31
9:28:41,2291.4,2291.2,2291.4,16,11,18
9:28:41,2291.4,2291.4,2291.6,33,9,23
9:28:42,2291.6,2291.4,2291.6,13,16,13
9:28:42,2291.8,2291.6,2291.8,17,14,45
9:28:43,2291.8,2291.6,2291.8,11,17,36
9:28:43,2292,2291.8,2292,37,4,50
9:28:44,2292,2291.8,2292,29,5,23
9:28:44,2292,2291.6,2292,27,21,15
9:28:45,2291.6,2291.6,2291.8,31,14,1
9:28:45,2291.8,2291.8,2292.2,26,1,11
9:28:46,2292,2291.8,2292,14,14,2
9:28:46,2292,2291.8,2292,19,12,5
9:28:47,2291.8,2292,2292.2,18,1,12
9:28:47,2292.2,2292,2292.2,8,12,16
9:28:48,2291.8,2291.8,2292.2,23,12,12
9:28:48,2292.2,2291.8,2292.4,24,3,17
9:28:49,2291.8,2291.8,2292,5,7,1
9:28:49,2292.2,2292,2292.2,7,3,1
9:28:50,2292,2292,2292.4,16,4,7
9:28:50,2292.4,2292.2,2292.4,4,10,7
9:28:51,2292.6,2292.4,2292.6,16,1,43
9:28:51,2292.4,2292.2,2292.4,22,6,20
9:28:52,2292.6,2292.2,2292.6,28,6,30
9:28:52,2292.6,2292.4,2292.6,45,19,29
9:28:53,2292.6,2292.4,2292.6,13,15,29
9:28:53,2292.4,2292.4,2292.6,16,13,31
9:28:54,2292.4,2292.4,2292.6,15,8,23
9:28:54,2292.4,2292.2,2292.4,13,4,5
9:28:55,2292.4,2292.2,2292.4,34,2,40
9:28:55,2292.4,2292.2,2292.4,34,14,34
9:28:56,2292,2292,2292.2,32,5,13
9:28:56,2292,2292,2292.2,9,13,20
9:28:57,2292.2,2292,2292.2,36,6,15
9:28:57,2292.2,2291.6,2292,10,11,12
9:28:58,2291.6,2291.8,2292,7,1,8
9:28:58,2291.8,2291.8,2292,7,7,18
9:28:59,2292,2291.8,2292,2,8,26
9:28:59,2291.8,2291.8,2292,19,7,10
9:29:00,2291.8,2292,2292.2,13,1,15
9:29:00,2292.2,2291.8,2292.2,4,22,13
9:29:01,2292,2292,2292.2,5,5,9
9:29:01,2292.2,2292,2292.2,9,3,14
9:29:02,2292,2292,2292.2,4,9,24
9:29:02,2292,2292,2292.2,7,3,24
9:29:03,2292.2,2291.8,2292.2,14,29,18
9:29:03,2292,2291.8,2292,2,27,12
9:29:04,2292,2291.6,2292,41,2,7
9:29:04,2292.2,2291.8,2292,12,4,1
9:29:05,2292.2,2291.8,2292,4,2,6
9:29:05,2291.8,2291.8,2292,11,2,9
9:29:06,2291.8,2291.8,2292,4,23,7
9:29:06,2292,2291.8,2292,6,26,3
9:29:07,2292,2291.8,2292,11,18,3
9:29:07,2292,2291.8,2292,2,17,2
9:29:08,2292.2,2291.8,2292,7,20,2
9:29:08,2291.8,2291.8,2292.2,18,18,20
9:29:09,2292,2292,2292.2,2,11,20
9:29:09,2292,2292,2292.2,22,10,1
9:29:10,2292.2,2292.2,2292.4,3,32,46
9:29:10,2292.2,2292.2,2292.4,9,24,47
9:29:11,2292.4,2292.2,2292.4,10,23,38
9:29:11,2292.2,2292.2,2292.4,22,18,22
9:29:12,2292.6,2292.4,2292.6,29,1,19
9:29:12,2292.4,2292.4,2292.6,2,6,18
9:29:13,2292.6,2292.4,2292.6,11,4,22
9:29:13,2292.6,2292.4,2292.6,7,2,18
9:29:14,2292.6,2292.4,2292.6,9,9,14
9:29:14,2292.6,2292.2,2292.6,29,11,5
9:29:15,2292.6,2292.6,2292.8,6,7,69
9:29:15,2292.6,2292.2,2292.8,9,16,68
9:29:16,2292.6,2292,2292.8,24,45,68
9:29:16,2292.2,2292.2,2292.6,12,5,64
9:29:17,2292.2,2292.2,2292.4,10,4,2
9:29:17,2292.2,2292.2,2292.4,3,2,18
9:29:18,2292.4,2292.2,2292.4,14,19,31
9:29:18,2292.2,2292.2,2292.4,3,22,60
9:29:19,2292.2,2292.2,2292.4,5,14,66
9:29:19,2292.4,2292,2292.2,25,38,6
9:29:20,2292.4,2292,2292.2,1,38,22
9:29:20,2292,2292,2292.2,7,33,26
9:29:21,2292,2292,2292.2,8,28,27
9:29:21,2292,2292,2292.2,3,27,41
9:29:22,2292.2,2292,2292.2,14,16,42
9:29:22,2292,2292,2292.2,21,5,36
9:29:23,2292,2291.8,2292,9,44,6
9:29:23,2292,2291.8,2292,5,58,3
9:29:24,2292,2291.8,2292,7,53,2
9:29:24,2291.8,2291.8,2292,4,50,6
9:29:25,2292,2291.8,2292,6,48,2
9:29:25,2291.8,2291.8,2292,4,44,2
9:29:26,2292,2292,2292.2,7,4,32
9:29:26,2292,2292,2292.2,2,3,33
9:29:27,2292.2,2292,2292.2,4,2,37
9:29:27,2292.2,2292,2292.2,7,17,36
9:29:28,2292.2,2292,2292.2,21,13,20
9:29:28,2292.2,2292,2292.2,12,23,14
9:29:29,2292.2,2292.2,2292.4,15,11,21
9:29:29,2292.2,2292.2,2292.4,13,26,18
9:29:30,2292.2,2292.2,2292.4,1,25,15
9:29:30,2292.2,2292.2,2292.4,5,20,15
9:29:31,2292.2,2292.2,2292.4,5,18,22
9:29:32,2292.2,2292.2,2292.4,1,17,24
9:29:33,2292.2,2292.2,2292.4,3,44,26
9:29:33,2292.2,2292.2,2292.4,4,42,26
9:29:34,2292.4,2292.2,2292.4,2,43,24
9:29:35,2292.4,2292.2,2292.4,3,42,23
9:29:35,2292.2,2292.2,2292.4,5,38,23
9:29:36,2292.4,2292.2,2292.4,1,38,22
9:29:36,2292.4,2292.2,2292.4,5,37,18
9:29:37,2292.4,2292.2,2292.4,24,35,6
9:29:37,2292.2,2292.2,2292.4,1,34,6
9:29:38,2292.2,2292.2,2292.4,18,18,5
9:29:38,2292.4,2292.2,2292.4,3,18,2
9:29:39,2292.4,2292.2,2292.4,4,17,3
9:29:39,2292.6,2292.2,2292.6,7,16,64
9:29:40,2292.2,2292.2,2292.4,4,14,1
9:29:40,2292.2,2292.2,2292.4,4,13,7
9:29:41,2292.2,2292.2,2292.4,1,13,11
9:29:41,2292.2,2292.2,2292.4,5,12,11
9:29:42,2292.4,2292.2,2292.4,3,11,18
9:29:42,2292.2,2292.2,2292.4,4,10,18
9:29:43,2292.2,2292,2292.2,19,62,59
9:29:43,2292,2292,2292.2,11,54,55
9:29:44,2292,2292,2292.2,5,50,56
9:29:44,2292.2,2292,2292.2,3,62,55
9:29:45,2292,2292,2292.2,1,82,55
9:29:45,2292.2,2292,2292.2,7,78,52
9:29:46,2292,2292,2292.2,7,73,41
9:29:47,2292.2,2292,2292.2,28,58,7
9:29:47,2292,2292.2,2292.4,17,11,14
9:29:48,2292.2,2292,2292.2,12,53,20
9:29:48,2292,2292,2292.2,2,54,22
9:29:49,2292,2292,2292.2,5,50,22
9:29:49,2292.2,2292,2292.2,3,48,23
9:29:50,2292,2292,2292.2,7,43,23
9:29:50,2292,2292,2292.2,9,42,18
9:29:51,2292,2292,2292.2,14,27,19
9:29:51,2292,2292,2292.2,2,30,19
9:29:52,2292,2292,2292.2,21,20,11
9:29:52,2292,2292,2292.2,1,20,15
9:29:54,2292,2292,2292.2,8,14,16
9:29:54,2292,2292,2292.2,3,11,16
9:29:55,2292,2291.8,2292.2,11,48,18
9:29:55,2291.8,2291.8,2292.2,42,29,8
9:29:56,2292,2291.8,2292,1,29,3
9:29:56,2291.8,2291.8,2292,2,28,15
9:29:57,2292,2291.8,2292,1,28,16
9:29:57,2291.8,2291.8,2292,6,25,15
9:29:58,2291.8,2291.8,2292,1,24,18
9:29:58,2292,2291.8,2292,5,24,14
9:29:59,2292,2291.8,2292,3,25,12
9:29:59,2292,2291.8,2292,15,21,1
9:30:00,2292.4,2291.8,2292.4,19,19,38
9:30:00,2292.4,2292,2292.4,31,20,21
9:30:01,2292,2292,2292.4,9,18,14
9:30:01,2292.2,2292,2292.2,30,9,10
9:30:02,2292.2,2292,2292.2,13,10,2
9:30:02,2292.2,2292,2292.4,4,10,3
9:30:03,2292.2,2292,2292.2,6,19,2
9:30:03,2292,2292,2292.2,3,9,1
9:30:04,2291.8,2291.8,2292,12,20,32
9:30:04,2291.8,2291.8,2292,13,11,32
9:30:05,2291.8,2291.8,2292,6,4,38
9:30:05,2292,2291.8,2292,3,2,39
9:30:06,2291.8,2291.6,2291.8,7,62,5
9:30:06,2291.8,2291.6,2291.8,11,61,1
9:30:07,2291.8,2291.6,2292,8,55,41
9:30:07,2291.6,2291.8,2292,31,1,41
9:30:08,2291.8,2291.8,2292,4,15,41
9:30:08,2291.8,2291.8,2292,7,18,41
9:30:09,2291.8,2291.8,2292,13,6,41
9:30:09,2291.8,2291.6,2292,6,29,44
9:30:10,2291.8,2291.6,2291.8,5,25,1
9:30:10,2291.6,2291.6,2291.8,9,16,5
9:30:11,2291.6,2291.6,2291.8,9,8,5
9:30:11,2291.8,2291.6,2291.8,16,4,4
9:30:12,2291.6,2291.4,2291.6,7,14,2
9:30:12,2291.4,2291.4,2291.6,5,9,3
9:30:13,2291.8,2291.6,2291.8,18,15,6
9:30:13,2291.6,2291.6,2291.8,7,8,8
9:30:14,2291.6,2291.6,2291.8,13,3,8
9:30:14,2291.4,2291.6,2291.8,4,1,10
9:30:15,2291.8,2291.4,2291.8,13,1,8
9:30:15,2291.6,2291.6,2291.8,7,3,8
9:30:16,2291.6,2291.4,2291.6,6,12,2
9:30:16,2291.8,2291.8,2292,34,6,49
9:30:17,2291.8,2291.8,2292,4,2,51
9:30:17,2291.8,2291.8,2292,3,9,52
9:30:18,2291.8,2291.8,2292,2,8,53
9:30:18,2291.6,2291.6,2291.8,19,4,1
9:30:19,2291.6,2291.6,2291.8,3,3,2
9:30:19,2291.6,2291.4,2291.8,5,7,11
9:30:20,2291.6,2291.4,2291.6,6,3,2
9:30:20,2291.6,2291.6,2291.8,5,1,15
9:30:21,2291.6,2291.2,2291.8,1,39,23
9:30:21,2291.2,2291.2,2291.4,3,39,1
9:30:22,2291.2,2291.2,2291.4,25,16,1
9:30:22,2291.2,2291.2,2291.4,8,8,1
9:30:23,2291.4,2291.2,2291.6,10,5,4
9:30:23,2291.2,2291,2291.2,7,34,2
9:30:24,2291.2,2291,2291.2,9,33,3
9:30:24,2291,2291,2291.6,18,54,10
9:30:25,2291.2,2291.2,2291.4,4,13,2
9:30:25,2291.2,2291.2,2291.4,15,2,8
9:30:26,2291.2,2291.2,2291.4,22,3,8
9:30:26,2291,2291,2291.2,10,43,6
9:30:27,2291.2,2291,2291.2,19,26,9
9:30:27,2291.2,2291.2,2291.4,20,23,18
9:30:28,2291.4,2291.2,2291.4,38,1,17
9:30:28,2291,2291,2291.2,7,8,1
9:30:29,2291,2291,2291.4,5,6,17
9:30:29,2291.4,2291,2291.4,7,7,13
9:30:30,2291,2291,2291.2,4,5,2
9:30:30,2291.2,2291,2291.2,4,8,3
9:30:31,2291.2,2291,2291.2,2,7,3
9:30:31,2291,2290.8,2291,8,67,10
9:30:32,2291,2290.8,2291,8,68,5
9:30:32,2290.8,2290.8,2291,5,62,8
9:30:33,2291.4,2291,2291.4,33,2,7
9:30:33,2291,2291,2291.6,13,6,11
9:30:34,2291,2291,2291.2,5,9,4
9:30:34,2291,2291,2291.2,8,8,5
9:30:35,2291,2290.8,2291,9,60,1
9:30:35,2291,2291,2291.2,4,9,9
9:30:36,2291,2290.8,2291.2,13,60,9
9:30:36,2291.2,2290.8,2291,1,60,1
9:30:37,2290.8,2290.8,2291.2,3,60,8
9:30:37,2290.8,2290.8,2291,2,58,2
9:30:38,2291,2290.8,2291,2,58,1
9:30:38,2290.8,2290.8,2291,5,55,5
9:30:39,2290.8,2290.8,2291,2,53,5
9:30:39,2290.8,2290.8,2291.2,13,51,8
9:30:40,2290.8,2290.8,2291.2,1,52,8
9:30:40,2291.4,2291.2,2291.4,19,2,6
9:30:41,2291.2,2291.2,2291.4,7,1,11
9:30:41,2291.2,2290.8,2291,1,51,1
9:30:42,2290.8,2290.8,2291,2,50,2
9:30:42,2291,2290.8,2291,4,49,6
9:30:43,2291.2,2290.8,2291.2,11,50,2
9:30:43,2291,2291,2291.2,1,3,3
9:30:44,2291.2,2291,2291.4,5,9,11
9:30:44,2291.2,2291,2291.4,3,9,10
9:30:45,2291.4,2291,2291.2,1,9,1
9:30:45,2291,2291,2291.4,6,5,23
9:30:46,2291.4,2291,2291.4,4,3,22
9:30:46,2291.2,2291,2291.2,6,7,3
9:30:47,2291,2291,2291.2,2,5,3
9:30:47,2291,2291,2291.2,26,5,1
9:30:49,2291,2291,2291.2,1,11,3
9:30:50,2291,2291,2291.2,1,11,4
9:30:50,2291.2,2291,2291.2,5,10,3
9:30:51,2291,2291,2291.2,2,10,4
9:30:51,2291,2291,2291.2,6,5,5
9:30:52,2291,2291,2291.4,6,6,10
9:30:52,2291,2291,2291.2,1,5,3
9:30:53,2291,2290.8,2291,12,54,5
9:30:53,2290.8,2290.8,2291,4,51,5
9:30:54,2290.8,2290.8,2291,18,46,2
9:30:54,2290.8,2290.8,2291,32,15,1
9:30:55,2290.8,2290.6,2290.8,22,19,1
9:30:55,2290.6,2290.4,2290.6,27,9,10
9:30:56,2290.6,2290.4,2290.6,8,5,10
9:30:56,2290.4,2290.4,2290.6,7,7,15
9:30:57,2290.6,2290.2,2290.4,9,35,2
9:30:57,2290.4,2290.2,2290.6,8,31,10
9:30:58,2290.2,2290.4,2290.6,4,2,12
9:30:58,2290.2,2290.2,2290.4,10,27,2
9:30:59,2290.2,2290.2,2290.4,7,27,14
9:30:59,2290.2,2290,2290.2,34,37,20
9:31:00,2290.2,2290,2290.2,12,30,16
9:31:00,2290,2290,2290.2,12,21,17
9:31:01,2290,2289.8,2290,34,12,9
9:31:01,2289.8,2289.8,2290,20,6,16
9:31:02,2289.6,2289.6,2289.8,12,6,74
9:31:02,2289.4,2289.4,2289.6,37,19,38
9:31:03,2289.4,2289.2,2289.4,41,39,5
9:31:03,2289.2,2289,2289.2,42,31,8
9:31:04,2289.4,2289,2289.4,14,27,14
9:31:04,2289.2,2288.8,2289.2,61,12,5
9:31:05,2289.2,2289,2289.4,39,6,1
9:31:05,2289.2,2289.2,2289.4,15,7,4
9:31:06,2289.2,2289.4,2289.6,22,10,19
9:31:06,2289.4,2289.4,2289.6,2,9,18
9:31:07,2289.4,2289,2289.4,13,5,2
9:31:07,2289.4,2289.2,2289.4,11,1,3
9:31:08,2289.4,2289,2289.4,17,6,10
9:31:08,2289,2289,2289.2,4,10,1
9:31:09,2289.4,2289,2289.4,14,6,5
9:31:09,2289,2289,2289.2,3,3,7
9:31:10,2289,2288.6,2289,19,4,1
9:31:10,2288.6,2288.4,2288.6,20,17,40
9:31:11,2288.4,2288.4,2288.6,21,16,34
9:31:11,2288.4,2288.2,2288.4,36,25,17
9:31:12,2288.2,2288.2,2288.4,57,12,31
9:31:12,2288.2,2288,2288.2,50,53,1
9:31:13,2288.2,2288,2288.2,12,49,27
9:31:13,2288.2,2288,2288.2,48,16,21
9:31:14,2287.8,2287.8,2288,28,12,51
9:31:14,2287.8,2287.8,2288,16,40,49
9:31:15,2287.8,2287.8,2288,77,3,35
9:31:15,2287.8,2287.6,2287.8,38,53,10
9:31:16,2287.8,2287.8,2288,29,33,31
9:31:16,2287.8,2288,2288.2,57,11,35
9:31:17,2288,2288,2288.2,43,4,14
9:31:17,2287.8,2287.8,2288,24,22,1
9:31:18,2287.8,2287.8,2288,33,13,8
9:31:18,2287.8,2287.8,2288,16,9,16
9:31:19,2288,2288,2288.2,51,8,18
9:31:19,2288,2288,2288.2,25,26,23
9:31:20,2288.2,2288,2288.2,11,44,14
9:31:20,2288.2,2288.2,2288.4,19,21,5
9:31:21,2288.2,2288.2,2288.6,25,26,32
9:31:21,2288.4,2288.2,2288.4,20,18,1
9:31:22,2288.2,2288.2,2288.4,10,13,7
9:31:22,2288.2,2288,2288.2,17,40,14
9:31:23,2288.2,2288,2288.2,10,37,10
9:31:23,2288.2,2288,2288.2,24,16,15
9:31:24,2287.8,2287.8,2288,20,20,60
9:31:24,2287.8,2287.6,2287.8,41,73,9
9:31:25,2287.8,2287.6,2287.8,39,24,33
9:31:25,2287.6,2287.4,2287.6,31,11,13
9:31:26,2287.6,2287.4,2287.6,11,7,46
9:31:26,2287.4,2287.2,2287.4,19,32,59
9:31:27,2287.2,2287.2,2287.4,29,10,69
9:31:27,2287,2287,2287.2,21,59,29
9:31:28,2287,2287,2287.2,22,41,58
9:31:28,2287,2286.8,2287,69,29,17
9:31:29,2286.8,2286.8,2287,60,3,28
9:31:29,2286.4,2286.4,2286.6,55,11,2
9:31:30,2286.2,2286.6,2286.8,40,7,35
9:31:30,2286.6,2286.2,2286.8,70,28,21
9:31:31,2286.6,2286.4,2286.6,26,37,10
9:31:31,2286.6,2286.6,2286.8,44,15,32
9:31:32,2286.4,2286.2,2286.4,69,13,1
9:31:32,2286.4,2286.4,2286.6,61,4,3
9:31:33,2286.4,2286.2,2286.4,27,1,1
9:31:33,2286.6,2286.4,2286.6,22,1,6
9:31:34,2286.6,2286.2,2286.4,31,3,1
9:31:34,2286.2,2286,2286.2,20,84,6
9:31:35,2286.4,2286,2286.2,58,71,1
9:31:35,2286.4,2286.2,2286.4,18,1,10
9:31:36,2286.2,2286.2,2286.4,27,17,3
9:31:36,2286.6,2286.4,2286.6,16,48,9
9:31:37,2286.8,2286.6,2286.8,47,67,12
9:31:37,2286.8,2286.8,2287,90,19,41
9:31:38,2287,2286.8,2287,31,27,23
9:31:38,2287,2286.8,2287,5,31,21
9:31:39,2286.8,2286.8,2287.2,39,27,50
9:31:39,2287,2286.8,2287,56,30,5
9:31:40,2286.8,2286.6,2286.8,49,35,3
9:31:40,2286.8,2286.6,2286.8,27,15,17
9:31:41,2286.4,2286.4,2286.6,54,3,11
9:31:41,2286.6,2286.2,2286.6,20,42,9
9:31:42,2286.2,2286.2,2286.4,27,24,1
9:31:42,2286.2,2286.2,2286.4,20,12,5
9:31:43,2286.4,2286,2286.2,35,72,5
9:31:43,2286.2,2286,2286.2,37,60,66
9:31:44,2285.6,2285.6,2286,92,29,21
9:31:44,2285.6,2285.4,2285.6,30,30,5
9:31:45,2285.2,2285.2,2285.4,55,89,12
9:31:45,2285.6,2285.4,2285.6,93,60,71
9:31:46,2285.6,2285.4,2285.6,55,54,43
9:31:46,2285.6,2285.6,2286,73,21,41
9:31:47,2285.6,2285.6,2286,30,13,35
9:31:47,2285.6,2285.4,2285.6,55,14,8
9:31:48,2285.4,2285.6,2286,51,2,23
9:31:48,2285.6,2285.6,2285.8,26,7,5
9:31:49,2285.6,2285.4,2285.6,46,22,14
9:31:49,2285.6,2285.4,2285.6,16,11,26
9:31:50,2285.6,2285.4,2285.6,51,8,26
9:31:50,2285.6,2285.4,2285.6,19,13,18
9:31:51,2285.4,2285.6,2285.8,35,2,3
9:31:51,2285.6,2285.8,2286,22,16,14
9:31:52,2285.8,2285.8,2286,23,9,4
9:31:52,2286,2285.8,2286,53,11,9
9:31:53,2285.8,2285.6,2285.8,20,24,15
9:31:53,2285.6,2285.6,2285.8,5,29,14
9:31:54,2285.8,2285.6,2285.8,25,26,3
9:31:54,2285.8,2285.6,2285.8,22,40,1
9:31:55,2285.8,2285.6,2286,23,39,7
9:31:55,2285.6,2285.6,2286.2,62,27,28
9:31:56,2286,2285.8,2286,16,12,5
9:31:56,2286,2285.8,2286,11,14,11
9:31:57,2285.8,2285.6,2286,44,40,1
9:31:57,2286,2285.6,2286,11,42,25
9:31:58,2285.6,2285.6,2286,19,41,16
9:31:58,2285.8,2285.6,2285.8,26,36,1
9:31:59,2286,2286,2286.2,33,48,27
9:31:59,2285.8,2285.8,2286,56,7,3
9:32:00,2286.2,2286,2286.2,22,21,7
9:32:00,2285.8,2285.8,2286,79,41,2
9:32:01,2285.8,2286,2286.2,104,1,2
9:32:01,2286.2,2286,2286.2,40,10,1
9:32:02,2286.6,2286,2286.6,72,3,12
9:32:02,2286.2,2286.2,2286.6,14,7,20
9:32:03,2286.4,2286,2286.4,55,19,49
9:32:03,2286,2286.2,2286.4,43,2,27
9:32:04,2286,2286,2286.2,32,6,8
9:32:04,2286,2286,2286.2,19,12,2
9:32:05,2286.2,2286,2286.2,22,13,20
9:32:05,2286.2,2285.6,2286,36,10,1
9:32:06,2286,2285.8,2286,14,1,1
9:32:06,2285.6,2285.4,2285.8,52,45,1
9:32:07,2286,2285.8,2286,37,7,1
9:32:07,2285.8,2286,2286.2,44,1,10
9:32:08,2285.6,2285.4,2285.6,9,26,4
9:32:08,2285.6,2285.6,2285.8,27,7,16
9:32:09,2285.8,2285.4,2285.8,43,1,15
9:32:09,2285.4,2285.2,2285.6,10,60,5
9:32:10,2285.4,2285.2,2285.4,8,57,19
9:32:10,2285.4,2285,2285.4,64,135,19
9:32:11,2285,2285,2285.2,78,114,31
9:32:11,2285,2285,2285.2,95,36,39
9:32:12,2284.6,2284.6,2284.8,74,14,21
9:32:12,2284.2,2284.2,2284.6,105,15,6
9:32:13,2284.4,2284.4,2284.6,65,21,16
9:32:13,2284.6,2284.6,2285,81,15,88
9:32:14,2284.8,2284.8,2285,40,4,90
9:32:14,2284.6,2284.6,2284.8,51,34,4
9:32:15,2284.4,2284.2,2284.4,79,19,29
9:32:15,2284.2,2284,2284.2,33,25,2
9:32:16,2284,2283.8,2284,47,5,8
9:32:16,2283.6,2283.6,2283.8,41,32,18
9:32:17,2283.6,2283.4,2283.6,52,4,3
9:32:17,2283.4,2283.8,2284,75,3,11
9:32:18,2284.2,2284,2284.2,96,20,3
9:32:18,2284,2283.2,2284.4,105,19,1
9:32:19,2283.8,2283.6,2284,17,1,21
9:32:19,2283.6,2283.4,2283.6,32,12,12
9:32:20,2283.4,2283.2,2283.4,31,16,7
9:32:20,2283.2,2283,2283.2,74,16,19
9:32:21,2283.2,2282.8,2283,101,4,1
9:32:21,2282.6,2282.6,2282.8,24,20,39
9:32:22,2282.8,2282.6,2282.8,82,5,4
9:32:22,2282.8,2282.8,2283.4,60,97,13
9:32:23,2283.6,2283.2,2283.6,64,3,17
9:32:23,2283.4,2283.4,2283.8,134,51,11
9:32:24,2283.4,2283.2,2283.4,69,27,48
9:32:24,2283.4,2283.2,2283.4,66,16,7
9:32:25,2283,2283,2283.2,40,6,5
9:32:25,2283.2,2283,2283.2,22,2,1
9:32:26,2283.4,2283.4,2283.6,19,3,8
9:32:26,2283.4,2283.2,2283.4,14,48,45
9:32:27,2283.2,2283.2,2283.4,31,35,74
9:32:27,2283.2,2283.2,2283.4,26,31,58
9:32:28,2283,2283,2283.2,61,2,6
9:32:28,2283.4,2283.2,2283.4,70,1,32
9:32:29,2283.4,2282.8,2283.4,32,21,13
9:32:29,2283.2,2283,2283.2,12,45,43
9:32:30,2283.4,2283.4,2283.6,109,15,20
9:32:30,2283.4,2283.4,2283.6,18,6,16
9:32:31,2283.6,2283.6,2283.8,39,16,12
9:32:31,2283.6,2283.6,2283.8,18,4,19
9:32:32,2283.4,2283.2,2283.6,34,22,11
9:32:32,2283.6,2283.6,2283.8,14,1,20
9:32:33,2283.8,2283.6,2283.8,2,4,18
9:32:33,2283.8,2283.8,2284,37,32,50
9:32:34,2283.8,2283.8,2284,9,40,46
9:32:34,2283.8,2283.6,2283.8,57,3,13
9:32:35,2284,2283.6,2284,22,3,31
9:32:35,2283.8,2283.6,2283.8,37,3,35
9:32:36,2283.8,2283.4,2283.8,30,21,39
9:32:36,2283.4,2283.4,2283.6,10,26,4
9:32:37,2283.6,2283.4,2283.6,4,20,24
9:32:37,2283.8,2283.6,2283.8,49,25,17
9:32:38,2283.6,2283.6,2283.8,16,23,6
9:32:38,2284,2283.8,2284,10,2,35
9:32:39,2283.6,2283.4,2283.6,41,7,2
9:32:39,2283.8,2283.6,2283.8,9,3,11
9:32:40,2283.6,2283.6,2283.8,4,1,15
9:32:40,2283.4,2283.4,2283.6,6,16,39
9:32:41,2283.6,2283.4,2283.6,9,16,33
9:32:41,2283.6,2283.2,2283.4,51,34,1
9:32:42,2283.4,2283.2,2283.4,9,33,6
9:32:42,2283.2,2283,2283.2,39,64,3
9:32:43,2283.2,2283,2283.2,3,64,1
9:32:43,2283,2283.2,2283.4,37,2,5
9:32:44,2283,2283,2283.2,11,34,2
9:32:44,2283,2283,2283.2,31,4,3
9:32:45,2283,2282.8,2283,18,12,10
9:32:45,2282.8,2282.8,2283.6,74,7,32
9:32:46,2283.4,2283.2,2283.4,12,1,6
9:32:46,2283.6,2283.4,2283.6,39,14,32
9:32:47,2283.4,2283.4,2283.6,12,10,33
9:32:47,2283.4,2282.6,2283.4,37,44,19
9:32:48,2283.2,2283,2283.2,16,13,33
9:32:48,2283.2,2283,2283.4,21,6,40
9:32:49,2283.2,2282.8,2283.2,25,31,2
9:32:49,2283,2283,2283.2,11,1,2
9:32:50,2283.2,2282.8,2283.2,20,18,2
9:32:50,2283.2,2283.2,2283.4,27,11,39
9:32:51,2283.2,2283,2283.2,21,5,6
9:32:51,2283.2,2283.2,2283.4,44,8,2
9:32:52,2283.2,2283.2,2283.4,15,15,6
9:32:52,2283.4,2283.2,2283.4,12,37,2
9:32:53,2283.4,2283.4,2283.6,23,4,46
9:32:53,2283.4,2283.4,2283.6,41,15,11
9:32:54,2283.6,2283.6,2283.8,15,2,34
9:32:54,2283.8,2283.6,2283.8,6,1,44
9:32:55,2283.8,2283.6,2283.8,14,14,43
9:32:55,2283.8,2283.6,2283.8,29,9,19
9:32:56,2283.8,2283.4,2283.8,30,20,2
9:32:56,2283.8,2283.8,2284.4,69,5,10
9:32:57,2283.8,2283.8,2284.2,13,8,8
9:32:57,2284.2,2283.8,2284,15,10,2
9:32:58,2284,2284,2284.2,15,2,19
9:32:58,2284,2283.6,2284,41,47,5
9:32:59,2284,2284,2284.2,24,71,16
9:32:59,2284.2,2284,2284.2,7,70,16
9:33:00,2284.2,2284.2,2284.4,44,15,8
9:33:00,2284,2284,2284.6,33,53,29
9:33:01,2284.6,2284.2,2284.4,63,2,2
9:33:01,2284,2284,2284.2,27,47,15
9:33:02,2284,2284,2284.2,43,21,9
9:33:02,2284,2284,2284.2,27,8,1
9:33:03,2284.4,2284.2,2284.4,10,1,22
9:33:03,2284.4,2284.2,2284.4,29,2,7
9:33:04,2284.4,2284.2,2284.4,28,4,1
9:33:04,2284.4,2284.4,2284.6,5,25,25
9:33:05,2284.6,2284.4,2284.6,23,10,20
9:33:05,2284.6,2284.4,2284.6,19,13,7
9:33:06,2284.6,2284.4,2284.6,16,10,17
9:33:06,2284.6,2284.6,2284.8,23,25,33
9:33:07,2284.8,2284.6,2284.8,42,65,22
9:33:07,2284.8,2284.8,2285,47,5,20
9:33:08,2285,2284.8,2285,20,16,13
9:33:08,2285.2,2285,2285.2,18,1,7
9:33:09,2285.2,2285.2,2285.4,16,27,28
9:33:09,2285.2,2285,2285.2,92,12,1
9:33:10,2285.4,2285.2,2285.4,14,4,16
9:33:10,2285.2,2285,2285.2,20,24,2
9:33:11,2285.6,2285.4,2285.6,15,3,55
9:33:11,2285.4,2285.2,2285.4,13,19,5
9:33:12,2285.4,2285.2,2285.4,32,4,23
9:33:12,2285.4,2285.2,2285.4,12,9,29
9:33:13,2285.2,2285,2285.4,22,35,24
9:33:13,2285.4,2285.2,2285.4,22,4,14
9:33:14,2285.2,2285.4,2285.6,24,1,59
9:33:14,2285.6,2285.4,2285.6,11,4,59
9:33:15,2285.4,2285.2,2285.4,10,6,8
9:33:15,2285.4,2285.2,2285.4,18,12,13
9:33:16,2285.4,2285.2,2285.4,20,10,2
9:33:16,2285.6,2285.2,2285.6,23,24,54
9:33:17,2285.6,2285.4,2285.6,14,1,46
9:33:17,2285.6,2285.4,2285.6,9,9,39
9:33:18,2285.4,2285.4,2285.6,8,43,34
9:33:18,2285.4,2285,2285.4,87,20,1
9:33:19,2285.4,2285.2,2285.8,45,26,23
9:33:19,2285.6,2285.4,2285.6,4,5,14
9:33:20,2285.6,2285.2,2285.4,13,28,1
9:33:20,2285.6,2285.4,2285.6,6,1,27
9:33:21,2285.6,2285.4,2285.6,4,1,25
9:33:21,2285.6,2285.6,2285.8,25,12,28
9:33:22,2285.6,2285.6,2285.8,12,30,27
9:33:22,2285.8,2285.6,2285.8,9,30,24
9:33:23,2285.8,2285.6,2286,36,34,21
9:33:23,2285.6,2285.6,2286,9,29,18
9:33:24,2286,2285.8,2286,5,12,19
9:33:24,2285.8,2285.6,2285.8,27,34,7
9:33:25,2285.6,2285.6,2285.8,24,24,6
9:33:25,2286.2,2286,2286.2,26,2,7
9:33:26,2285.8,2285.6,2286,21,20,26
9:33:26,2286,2285.6,2286,37,17,6
9:33:27,2286,2286,2286.2,17,7,6
9:33:27,2286,2286,2286.2,23,1,14
9:33:28,2286.2,2286,2286.2,4,19,27
9:33:28,2286.2,2286,2286.2,15,21,32
9:33:29,2286.2,2286,2286.2,24,2,32
9:33:29,2286,2285.6,2286.2,20,21,23
9:33:30,2286.2,2285.6,2286.2,27,24,2
9:33:30,2286,2285.8,2286,6,29,7
9:33:31,2286,2285.8,2286,21,26,11
9:33:31,2286,2286,2286.2,23,5,11
9:33:32,2286,2285.8,2286,20,12,1
9:33:32,2285.8,2285.8,2286,14,4,54
9:33:33,2285.8,2285.6,2285.8,24,20,7
9:33:33,2285.6,2285.6,2285.8,12,16,16
9:33:34,2285.6,2285.4,2285.6,35,18,20
9:33:34,2285.4,2285.2,2285.4,33,34,10
9:33:35,2285.4,2285.2,2285.4,21,21,9
9:33:35,2285.2,2285.2,2285.4,13,24,3
9:33:36,2285.2,2285.2,2285.4,7,22,4
9:33:36,2285.2,2285.2,2285.4,5,19,27
9:33:37,2285.2,2285.2,2285.4,12,19,18
9:33:37,2285.2,2285,2285.2,33,25,23
9:33:38,2285,2285,2285.2,5,22,23
9:33:38,2285.4,2284.6,2285.4,108,28,9
9:33:39,2284.8,2284.8,2285.2,5,3,12
9:33:39,2285,2284.8,2285.2,5,4,4
9:33:40,2285.2,2285,2285.2,10,2,19
9:33:40,2284.8,2284.8,2285,6,13,2
9:33:41,2284.8,2284.8,2285,2,24,4
9:33:41,2285,2284.8,2285,4,31,8
9:33:42,2285,2284.8,2285,2,30,7
9:33:42,2284.8,2284.8,2285.2,21,39,27
9:33:43,2285.2,2285,2285.2,14,2,14
9:33:43,2285,2285,2285.2,4,20,14
9:33:44,2285.2,2285.2,2285.4,17,15,18
9:33:44,2285.6,2285.4,2285.6,49,13,17
9:33:45,2285.4,2285.4,2285.6,25,19,7
9:33:45,2285.6,2285.6,2285.8,21,4,8
9:33:46,2285.6,2285.6,2285.8,5,105,9
9:33:46,2286,2285.8,2286,22,16,23
9:33:47,2286.4,2286,2286.4,53,15,19
9:33:47,2286.4,2286.2,2286.6,33,8,38
9:33:48,2286.2,2286,2286.2,45,6,12
9:33:48,2286.2,2286.2,2286.6,36,87,2
9:33:49,2286.4,2286.4,2286.6,10,20,17
9:33:49,2286.6,2286.6,2286.8,20,24,21
9:33:50,2286.8,2286.6,2286.8,36,20,10
9:33:50,2286.8,2286.8,2287,26,44,40
9:33:51,2286.8,2286.8,2287,66,1,41
9:33:51,2286.8,2286.8,2287,8,8,59
9:33:52,2286.8,2286.6,2286.8,31,6,32
9:33:52,2286.6,2286.4,2286.6,22,4,1
9:33:53,2286.4,2286.4,2286.6,15,7,18
9:33:53,2286.4,2286.4,2286.6,15,17,13
9:33:54,2286.4,2286.4,2286.6,10,13,19
9:33:54,2286.4,2286.2,2286.4,21,22,74
9:33:55,2286.2,2286,2286.2,37,5,15
9:33:55,2285.8,2285.8,2286,8,4,5
9:33:56,2285.6,2285.6,2285.8,7,63,5
9:33:56,2286,2285.8,2286,13,13,1
9:33:57,2286,2286,2286.4,22,12,85
9:33:57,2286.4,2286.2,2286.4,9,1,85
9:33:58,2286.2,2286,2286.2,9,14,4
9:33:58,2286.2,2286,2286.2,6,22,1
9:33:59,2286,2285.8,2286,35,9,52
9:33:59,2286,2285.8,2286,13,10,43
9:34:00,2285.8,2285.8,2286,47,4,3
9:34:00,2286,2286,2286.2,30,22,16
9:34:01,2286.2,2286.2,2286.4,24,21,14
9:34:01,2286.4,2286.2,2286.4,7,19,14
9:34:02,2286.4,2286.2,2286.4,16,9,13
9:34:02,2286.2,2286.4,2286.6,24,1,17
9:34:03,2286.4,2286.2,2286.4,12,8,15
9:34:03,2286.6,2286.6,2286.8,53,3,26
9:34:04,2286.4,2286.6,2286.8,8,9,25
9:34:04,2286.6,2286.6,2286.8,5,8,24
9:34:05,2286.8,2286.6,2286.8,10,10,15
9:34:05,2286.2,2286.2,2286.6,36,8,42
9:34:06,2286.6,2286.6,2286.8,46,47,17
9:34:06,2287,2286.8,2287,20,10,38
9:34:07,2287.2,2287,2287.2,54,1,15
9:34:07,2287.2,2287.2,2287.4,23,3,17
9:34:08,2287.4,2287.2,2287.4,35,30,19
9:34:08,2287.4,2287.4,2287.6,43,9,1
9:34:09,2287.6,2287.6,2287.8,19,17,8
9:34:09,2287.6,2287.6,2288,21,30,16
9:34:10,2288.2,2288.2,2288.4,32,6,6
9:34:10,2288.6,2288.4,2288.6,25,5,13
9:34:11,2288,2288,2288.6,125,4,1
9:34:11,2288,2288,2288.2,32,9,14
9:34:12,2288,2287.8,2288,62,36,15
9:34:12,2288,2287.8,2288,18,35,1
9:34:13,2288,2288,2288.2,27,1,4
9:34:13,2288,2288,2288.4,16,1,14
9:34:14,2288,2288,2288.2,20,5,1
9:34:14,2288.2,2288.2,2288.4,9,12,15
9:34:15,2288.4,2288.2,2288.6,29,14,23
9:34:15,2288.6,2288.6,2288.8,34,9,42
9:34:16,2288.4,2288.4,2288.8,58,5,13
9:34:16,2288.6,2288.6,2289,25,8,16
9:34:17,2289,2289,2289.4,30,16,3
9:34:17,2289.2,2289.2,2289.6,40,5,19
9:34:18,2289.8,2289.6,2289.8,35,3,29
9:34:18,2289.6,2289.8,2290,68,9,20
9:34:19,2289.6,2289.4,2289.8,41,17,2
9:34:19,2289.8,2290,2290.6,40,9,30
9:34:20,2289.8,2289.8,2290,42,80,25
9:34:20,2290.2,2290,2290.2,81,69,7
9:34:21,2290.4,2290.2,2290.4,153,5,3
9:34:21,2290.6,2290.4,2290.6,41,30,24
9:34:22,2290.4,2290.4,2290.6,20,40,10
9:34:22,2291,2290.6,2291,35,65,12
9:34:23,2291,2291,2291.4,35,21,5
9:34:23,2291.8,2291.6,2291.8,57,13,8
9:34:24,2291.4,2291.4,2291.6,59,11,15
9:34:24,2291.6,2291.6,2292,90,30,3
9:34:25,2291.6,2291,2291.4,122,59,8
9:34:25,2291.6,2291,2291.4,73,34,1
9:34:26,2291.6,2291,2291.6,85,26,10
9:34:26,2291.2,2290.6,2291,95,42,2
9:34:27,2291.4,2291,2291.4,63,4,35
9:34:27,2291,2291,2291.2,71,38,32
9:34:28,2291.2,2291,2291.4,59,31,19
9:34:28,2291,2291,2291.4,44,38,4
9:34:29,2291.4,2291.4,2291.6,29,1,27
9:34:29,2291.2,2291.2,2291.6,42,26,39
9:34:30,2291.6,2291.4,2291.6,106,12,1
9:34:30,2291.6,2291.6,2291.8,59,52,4
9:34:31,2291.8,2291.8,2292,35,67,6
9:34:31,2292.2,2292.2,2292.4,46,20,12
9:34:32,2292.4,2292.6,2292.8,74,2,24
9:34:32,2292.8,2292.8,2293,52,6,61
9:34:33,2293,2293,2293.4,164,1,46
9:34:33,2293.4,2293.2,2293.4,71,18,9
9:34:34,2293.2,2293.2,2293.8,127,19,16
9:34:34,2293.4,2293.4,2293.6,39,33,2
9:34:35,2293.4,2293,2293.4,114,116,3
9:34:35,2293.4,2293.2,2293.4,125,10,11
9:34:36,2293.4,2293.6,2294,90,2,10
9:34:36,2293.8,2293.6,2294,88,21,20
9:34:37,2294.2,2294,2294.4,79,123,85
9:34:37,2294.2,2294.2,2294.4,122,21,3
9:34:38,2294.6,2294.6,2294.8,35,11,43
9:34:38,2294.8,2294.4,2294.8,95,202,17
9:34:39,2295,2294.8,2295,78,25,83
9:34:39,2295.2,2295,2295.2,130,9,6
9:34:40,2295,2295.2,2295.4,33,32,5
9:34:40,2295.2,2295.4,2295.6,119,5,26
9:34:41,2295.4,2295.2,2295.4,91,16,31
9:34:41,2295.2,2294.8,2295,68,122,19
9:34:42,2295.2,2295,2295.2,245,1,21
9:34:42,2295,2294.4,2295,86,58,30
9:34:43,2294.6,2294.4,2294.6,153,40,8
9:34:43,2294.4,2294,2294.4,131,58,15
9:34:44,2294,2294,2294.4,128,5,6
9:34:44,2294,2293.6,2294,34,5,33
9:34:45,2294,2293.4,2294,153,13,5
9:34:45,2293.6,2293.6,2293.8,25,73,9
9:34:46,2293.8,2294,2294.4,110,9,13
9:34:46,2293.8,2293.8,2294.4,79,10,9
9:34:47,2294,2294,2294.4,38,4,29
9:34:47,2294.4,2293.6,2294.4,30,17,10
9:34:48,2293.8,2293.8,2294.2,49,9,15
9:34:48,2293.8,2293.8,2294,45,8,15
9:34:49,2293.8,2294,2294.2,69,6,1
9:34:49,2294.4,2294.2,2294.4,20,3,18
9:34:50,2294.2,2294.2,2294.4,16,42,16
9:34:50,2294.4,2294.4,2294.6,52,27,32
9:34:51,2294.8,2294.6,2294.8,79,2,2
9:34:51,2295,2294.8,2295,106,7,79
9:34:52,2295,2294.8,2295,54,25,51
9:34:52,2294.6,2294.4,2294.6,128,1,7
9:34:53,2294.4,2294,2294.6,86,20,3
9:34:53,2294.6,2294.2,2294.4,54,2,10
9:34:54,2294.4,2294.2,2294.6,41,18,18
9:34:54,2294.4,2294.2,2294.6,20,11,12
9:34:55,2294,2294,2294.2,35,8,9
9:34:55,2294.2,2293.8,2294,27,64,1
9:34:56,2294,2293.8,2294,14,61,2
9:34:56,2294.2,2294,2294.2,16,26,9
9:34:57,2293.8,2293.8,2294.2,52,41,10
9:34:57,2294.4,2294.2,2294.4,41,5,11
9:34:58,2294,2294,2294.2,16,23,12
9:34:58,2294,2294,2294.2,59,14,15
9:34:59,2294,2293.8,2294,30,31,3
9:34:59,2293.8,2294,2294.2,19,1,11
9:35:00,2293.8,2293.6,2293.8,37,19,33
9:35:00,2293.4,2293.2,2293.4,90,51,9
9:35:01,2293.4,2293.4,2293.6,86,3,20
9:35:01,2293,2293,2293.2,49,18,4
9:35:02,2293.8,2293.6,2293.8,49,4,24
9:35:02,2293,2293,2293.4,53,10,2
9:35:03,2293.4,2293.2,2293.4,50,20,14
9:35:03,2293.4,2293.4,2293.6,47,7,16
9:35:04,2293.8,2293.4,2293.8,42,2,1
9:35:04,2293.8,2293.6,2293.8,57,2,9
9:35:05,2293.8,2293,2293.6,59,1,1
9:35:05,2293.4,2293.2,2293.4,26,2,41
9:35:06,2293,2293,2293.2,59,2,2
9:35:06,2293.2,2293,2293.2,6,9,9
9:35:07,2293,2293,2293.2,15,27,2
9:35:07,2293.2,2293.2,2293.4,38,44,15
9:35:08,2293.4,2293.4,2293.6,28,21,15
9:35:08,2293.6,2293.6,2293.8,44,94,2
9:35:09,2294,2294,2294.2,112,15,17
9:35:09,2294.6,2294.4,2294.6,51,49,18
9:35:10,2294.8,2294.6,2294.8,90,12,81
9:35:10,2294.8,2294.8,2295,100,8,56
9:35:11,2295,2294.8,2295.2,74,11,23
9:35:11,2295,2295,2295.2,26,16,10
9:35:12,2295.2,2295.2,2295.4,40,6,25
9:35:12,2295.2,2295.2,2295.4,60,14,26
9:35:13,2295.6,2295.4,2295.6,34,18,27
9:35:13,2295.6,2295.2,2295.6,57,15,2
9:35:14,2295.6,2295.6,2295.8,67,39,11
9:35:14,2296,2295.8,2296,82,13,20
9:35:15,2296.2,2296.2,2296.4,62,4,6
9:35:15,2296.4,2296.4,2296.8,85,36,36
9:35:16,2297,2296.8,2297,134,13,62
9:35:16,2297,2296.8,2297,125,39,18
9:35:17,2297.4,2297.2,2297.4,89,33,5
9:35:17,2297.6,2297.6,2298,152,1,81
9:35:18,2298,2297.4,2298,124,24,1
9:35:18,2298.6,2298.4,2298.6,106,1,60
9:35:19,2298.8,2298.6,2298.8,176,9,48
9:35:19,2299,2298.8,2299,169,24,29
9:35:20,2299,2299,2299.6,85,10,107
9:35:20,2299.2,2299,2299.2,72,116,9
9:35:21,2299,2299,2299.6,213,20,70
9:35:21,2299.6,2299.2,2299.4,51,77,3
9:35:22,2299.2,2299.6,2299.8,185,3,78
9:35:22,2299.6,2299.4,2299.6,213,2,1
9:35:23,2299.4,2299.8,2300,120,3,176
9:35:23,2299.6,2299.6,2299.8,150,39,1
9:35:24,2299.8,2299.8,2300,154,3,93
9:35:24,2299.8,2299.6,2299.8,80,33,9
9:35:25,2300,2299.8,2300,74,4,45
9:35:25,2299.6,2299.4,2299.6,103,9,29
9:35:26,2299.2,2299,2299.2,111,18,22
9:35:26,2298.8,2298.6,2298.8,131,92,47
9:35:27,2298.8,2298,2298.6,213,27,25
9:35:27,2298.2,2298,2298.4,100,1,3
9:35:28,2298,2298,2298.4,73,2,48
9:35:28,2298,2298,2298.2,90,6,3
9:35:29,2297.4,2297.4,2297.8,74,31,4
9:35:29,2297.8,2297.6,2297.8,32,21,98
9:35:30,2297.4,2297.2,2297.4,106,7,1
9:35:30,2297.2,2297,2297.2,37,44,1
9:35:31,2297.6,2297,2297.6,69,11,15
9:35:31,2297.2,2297.2,2297.6,59,4,25
9:35:32,2296.8,2296.8,2297,54,4,4
9:35:32,2297,2297,2297.2,66,10,6
9:35:33,2297.2,2297.2,2297.4,35,7,8
9:35:33,2297.2,2297.2,2297.6,74,5,3
9:35:34,2297.6,2297.2,2297.6,41,2,12
9:35:34,2297.2,2297.6,2297.8,46,16,70
9:35:35,2297,2297,2297.2,70,35,6
9:35:35,2297.6,2297,2297.6,40,28,26
9:35:36,2297.6,2297.6,2297.8,66,11,20
9:35:36,2297.2,2297,2297.2,90,18,5
9:35:37,2297.6,2297,2297.6,53,3,35
9:35:37,2297.2,2297,2297.2,25,22,2
9:35:38,2297.2,2297,2297.2,36,2,5
9:35:38,2297.2,2297.2,2297.4,23,16,9
9:35:39,2297.2,2297.2,2297.4,13,19,5
9:35:39,2297,2297,2297.2,68,2,4
9:35:40,2297.2,2297.2,2297.6,64,1,21
9:35:40,2297.2,2297.2,2297.6,19,11,21
9:35:41,2297.2,2297,2297.2,48,11,18
9:35:41,2297.6,2297.6,2298,126,21,15
9:35:42,2297.6,2297.8,2298,14,7,15
9:35:42,2298,2298,2298.6,65,1,32
9:35:43,2298.4,2298.2,2298.6,41,9,17
9:35:43,2298.6,2298.4,2298.8,32,2,9
9:35:44,2298.2,2298.2,2298.6,23,7,11
9:35:44,2298.4,2298,2298.4,44,26,46
9:35:45,2298,2298,2298.4,20,18,35
9:35:45,2298,2298,2298.2,26,11,46
9:35:46,2298.4,2298.4,2298.6,119,9,13
9:35:46,2298.8,2298.8,2299,36,16,45
9:35:47,2299,2298.6,2299,33,4,29
9:35:47,2298.8,2298.2,2299.2,84,16,33
9:35:48,2298.8,2298.6,2298.8,13,5,2
9:35:48,2298.8,2298.8,2299.2,44,13,29
9:35:49,2298.8,2298.8,2299,45,7,17
9:35:49,2299.2,2298.6,2299.2,48,1,13
9:35:50,2298.6,2298.2,2298.6,7,15,47
9:35:50,2298.8,2298.2,2298.8,86,16,9
9:35:51,2298.4,2298.4,2298.6,27,6,14
9:35:51,2298.6,2298.2,2298.6,23,14,8
9:35:52,2298.4,2298.4,2298.6,19,5,13
9:35:52,2298.2,2298.2,2298.6,20,6,8
9:35:53,2298.4,2298.2,2298.4,24,6,32
9:35:53,2298.8,2298.4,2298.8,85,16,17
9:35:54,2298.4,2298,2298.2,19,11,1
9:35:54,2298.2,2298,2298.6,35,2,1
9:35:55,2298.6,2298,2298.2,28,4,5
9:35:55,2298.4,2298.2,2298.8,42,6,19
9:35:56,2298.2,2298.2,2298.4,17,9,1
9:35:56,2298.4,2298.4,2298.8,16,3,19
9:35:57,2298.2,2298.4,2298.6,13,1,3
9:35:57,2298.4,2298,2298.4,25,22,2
9:35:58,2298.4,2298,2298.4,11,20,1
9:35:58,2298.4,2298.2,2298.4,59,5,4
9:35:59,2298.6,2298.6,2298.8,25,9,18
9:35:59,2298.8,2298.4,2298.6,36,32,10
9:36:00,2298.6,2298.6,2298.8,40,15,4
9:36:00,2299.2,2298.8,2299.2,129,46,19
9:36:01,2299.6,2299.2,2299.6,88,1,54
9:36:01,2299.6,2299.6,2299.8,68,9,69
9:36:02,2299.6,2299.8,2300,171,4,2
9:36:02,2300.2,2300.2,2300.8,83,52,9
9:36:03,2302,2301,2302,105,2,13
9:36:03,2302,2302,2302.6,123,18,1
9:36:04,2303,2302.6,2303,194,7,23
9:36:04,2302.6,2302,2302.6,169,54,21
9:36:05,2302.4,2302,2302.6,100,64,38
9:36:05,2302,2302,2302.2,160,23,29
9:36:06,2301.2,2301.2,2302,101,5,53
9:36:06,2301.2,2301.2,2301.6,65,23,3
9:36:07,2301.2,2300.8,2301,97,7,1
9:36:07,2300.8,2300.6,2300.8,50,3,8
9:36:08,2300.8,2300.6,2300.8,40,7,1
9:36:08,2300.6,2300.4,2300.6,37,41,35
9:36:09,2300.6,2300.4,2300.6,36,37,13
9:36:09,2300.8,2300.6,2300.8,60,2,1
9:36:10,2300.8,2300.8,2301.2,27,8,103
9:36:10,2301,2301,2301.2,109,12,32
9:36:11,2301.2,2301,2301.2,69,1,9
9:36:11,2301.4,2301.4,2301.6,72,12,18
9:36:12,2301.8,2301.8,2302,47,10,81
9:36:12,2301.8,2301.6,2301.8,100,3,1
9:36:13,2302,2302,2302.2,108,34,7
9:36:13,2302.4,2302.4,2302.6,77,9,38
9:36:14,2302,2301.8,2302,183,3,16
9:36:14,2302,2301.6,2301.8,67,29,22
9:36:15,2302,2301.2,2302,88,1,7
9:36:15,2301.6,2301.2,2301.8,69,17,2
9:36:16,2301.4,2301.4,2301.6,53,1,2
9:36:16,2301.6,2301.6,2302,46,24,9
9:36:17,2301.6,2301.8,2302,26,2,13
9:36:17,2302,2302,2302.4,86,6,8
9:36:18,2302.2,2302.4,2302.6,42,2,6
9:36:18,2301.8,2301.8,2302,106,16,7
9:36:19,2302.2,2302.2,2302.6,54,7,5
9:36:19,2302.2,2302,2302.2,63,12,11
9:36:20,2302.2,2301.8,2302,50,3,6
9:36:20,2302,2301.4,2301.6,51,7,18
9:36:21,2301.2,2301.2,2301.4,38,12,9
9:36:21,2301,2300.8,2301,40,5,38
9:36:22,2300.6,2300.6,2300.8,101,59,10
9:36:22,2300.6,2300.4,2300.6,70,24,6
9:36:23,2300.4,2300.4,2300.8,56,18,3
9:36:23,2300.6,2300.6,2300.8,32,3,1
9:36:24,2300.8,2300.4,2300.6,17,2,15
9:36:24,2300.4,2300.2,2300.4,26,15,8
9:36:25,2300.8,2300.8,2301,29,7,24
9:36:25,2300.4,2300.4,2300.8,22,8,6
9:36:26,2300.6,2300.8,2301,42,1,19
9:36:26,2300.4,2300.4,2300.8,32,11,8
9:36:27,2300.6,2300.6,2301.2,47,5,3
9:36:27,2300.8,2300.8,2301.2,25,23,8
9:36:28,2301,2301,2301.2,23,58,5
9:36:28,2301.4,2301.4,2301.6,25,30,2
9:36:29,2301.6,2301.6,2301.8,24,35,4
9:36:29,2301.6,2301.6,2302,64,40,33
9:36:30,2302,2301.8,2302,16,12,29
9:36:30,2302,2301.6,2302,38,33,6
9:36:31,2302,2302,2302.2,22,31,23
9:36:31,2302.2,2302,2302.2,15,24,19
9:36:32,2302,2301.8,2302,31,3,1
9:36:32,2302,2301.6,2302,35,98,11
9:36:33,2301.8,2301.6,2301.8,11,95,39
9:36:33,2301.8,2301.6,2301.8,18,99,27
9:36:34,2301.6,2301.6,2301.8,132,10,7
9:36:34,2301.6,2301.4,2301.6,17,3,7
9:36:35,2301.2,2301.2,2301.4,28,19,23
9:36:35,2301.2,2301.2,2301.4,26,4,48
9:36:36,2301.2,2301,2301.2,19,5,63
9:36:36,2301.2,2300.8,2301,41,12,8
9:36:37,2301,2300.6,2300.8,22,14,7
9:36:37,2300.6,2300.4,2300.6,26,21,5
9:36:38,2300.6,2300.6,2300.8,38,12,24
9:36:38,2300.8,2300.6,2300.8,21,14,22
9:36:39,2300.6,2300.4,2300.6,42,26,20
9:36:39,2300.4,2300.4,2300.6,26,7,16
9:36:40,2300.6,2300.4,2300.6,12,6,24
9:36:40,2300.6,2300.6,2300.8,42,21,13
9:36:41,2300.8,2300.6,2300.8,26,1,10
9:36:41,2300.6,2300.2,2300.6,32,37,63
9:36:42,2300.2,2300.2,2300.4,44,37,14
9:36:42,2300.2,2300.2,2300.4,34,15,20
9:36:43,2300,2300,2300.2,25,105,34
9:36:43,2300.2,2300,2300.2,39,70,16
9:36:44,2300,2299.8,2300.2,72,14,19
9:36:44,2299.4,2299.4,2300,51,5,19
9:36:45,2299.4,2299.4,2299.8,52,49,2
9:36:45,2299.8,2299.6,2299.8,13,4,6
9:36:46,2299.8,2299.8,2300,39,38,24
9:36:46,2299.6,2299.6,2299.8,70,67,5
9:36:47,2300,2299.8,2300,32,1,4
9:36:47,2300,2299.8,2300,36,11,1
9:36:48,2300,2300,2300.2,36,5,2
9:36:48,2300,2300,2300.2,12,25,4
9:36:49,2300.2,2300,2300.2,8,26,3
9:36:49,2300,2300.2,2300.4,18,5,13
9:36:50,2300.2,2300,2300.4,21,4,2
9:36:50,2300.2,2299.8,2300.2,11,34,1
9:36:51,2300,2299.8,2300,27,36,5
9:36:51,2300.6,2299.8,2300.6,39,38,36
9:36:52,2300.2,2300,2300.2,14,14,1
9:36:52,2300.2,2299.8,2300.2,17,33,1
9:36:53,2299.8,2299.8,2300,6,31,1
9:36:53,2300.2,2300,2300.2,5,3,7
9:36:54,2300,2299.8,2300,7,45,14
9:36:54,2300,2299.8,2300,9,42,9
9:36:55,2300,2300,2300.2,22,26,7
9:36:55,2300,2300,2300.2,14,15,7
9:36:56,2300.2,2300,2300.2,30,17,9
9:36:56,2300.2,2300,2300.2,17,13,1
9:36:57,2300,2299.8,2300,14,45,14
9:36:57,2299.8,2299.8,2300,15,42,15
9:36:58,2299.8,2299.8,2300,19,34,14
9:36:58,2300,2299.8,2300,37,3,45
9:36:59,2299.8,2299.6,2299.8,54,1,32
9:36:59,2299.6,2299.4,2299.6,25,10,17
9:37:00,2299.6,2299.4,2299.6,27,10,7
9:37:00,2299.6,2299.6,2299.8,25,6,34
9:37:01,2299.2,2299.2,2299.4,52,12,13
9:37:01,2299.4,2299,2299.2,66,17,2
9:37:02,2299.2,2299.2,2299.4,40,5,1
9:37:02,2299.2,2298.8,2299.2,41,16,7
9:37:03,2299,2298.8,2299,30,31,11
9:37:03,2298.8,2298.8,2299.2,44,27,14
9:37:04,2299,2299,2299.2,22,6,14
9:37:04,2299,2298.8,2299,61,2,5
9:37:05,2299,2299,2299.6,33,23,26
9:37:05,2299,2298.8,2299,59,3,2
9:37:06,2299,2299,2299.4,23,10,5
9:37:06,2299,2299,2299.4,29,14,4
9:37:07,2299,2298.8,2299,47,20,37
9:37:07,2299,2298.6,2299,41,24,46
9:37:08,2298.8,2298.6,2298.8,31,8,17
9:37:08,2298.8,2298.4,2298.6,11,21,18
9:37:09,2298.4,2298.2,2298.4,25,47,44
9:37:09,2298.2,2298.2,2298.4,15,35,49
9:37:10,2298,2298,2298.2,59,24,103
9:37:10,2298,2297.2,2298,90,19,28
9:37:11,2297.2,2297.2,2297.6,18,8,28
9:37:11,2297.2,2296.8,2297.2,65,15,12
9:37:12,2297,2297,2297.6,63,7,18
9:37:12,2297.2,2297.2,2297.6,57,23,7
9:37:13,2297.2,2297.6,2297.8,35,3,8
9:37:13,2297.6,2297.4,2297.6,57,1,56
9:37:14,2297.2,2297.2,2297.4,79,1,2
9:37:14,2297,2297,2297.2,25,23,2
9:37:15,2297.4,2297.2,2297.4,31,1,8
9:37:15,2297.2,2297,2297.2,25,1,3
9:37:16,2297,2296.4,2297,15,60,4
9:37:16,2297,2296.6,2296.8,20,1,5
9:37:17,2296.8,2296.8,2297,34,5,13
9:37:17,2296.8,2296.4,2296.8,89,46,3
9:37:18,2296.8,2296.6,2296.8,39,15,57
9:37:18,2296.6,2296.4,2296.6,41,42,1
9:37:19,2296.6,2296.4,2296.6,68,34,3
9:37:19,2296.6,2296.4,2296.8,36,15,38
9:37:20,2296.6,2296.2,2296.6,40,25,11
9:37:20,2296.6,2296.4,2296.8,43,14,21
9:37:21,2296.8,2296.4,2296.8,48,14,9
9:37:21,2296.6,2296.6,2297,29,29,6
9:37:22,2297.2,2296.8,2297.2,17,78,17
9:37:22,2297.4,2297.4,2297.6,43,2,35
9:37:23,2297.6,2297.6,2298,59,28,17
9:37:23,2297.6,2297.6,2297.8,13,15,16
9:37:24,2297.6,2297.2,2297.6,39,13,3
9:37:24,2297.6,2297.4,2297.6,26,38,11
9:37:25,2297.6,2297.4,2297.6,16,36,1
9:37:25,2297.4,2297.4,2297.6,31,14,7
9:37:26,2297.6,2297.4,2297.8,15,14,35
9:37:26,2297.4,2297.2,2297.4,22,19,9
9:37:27,2297.8,2297.6,2297.8,14,5,34
9:37:27,2297.6,2297.6,2297.8,13,1,9
9:37:28,2297.4,2297.4,2297.8,9,23,6
9:37:28,2297.6,2297.6,2297.8,31,7,5
9:37:29,2297.8,2297.6,2297.8,11,5,3
9:37:29,2297.8,2297.6,2297.8,2,14,29
9:37:30,2297.8,2297.6,2297.8,6,12,29
9:37:30,2297.6,2297.4,2297.6,30,27,1
9:37:31,2297.4,2297.4,2297.6,7,28,35
9:37:31,2297.6,2297.2,2297.6,61,21,12
9:37:32,2297.4,2297.2,2297.4,9,21,23
9:37:32,2297.2,2297,2297.2,29,45,5
9:37:33,2297.2,2297,2297.2,10,40,58
9:37:33,2297,2297,2297.2,11,31,69
9:37:34,2297.2,2296.8,2297,38,39,4
9:37:34,2297,2296.8,2297,4,39,3
9:37:35,2297.2,2297,2297.2,14,3,61
9:37:35,2297.2,2297,2297.2,24,21,61
9:37:36,2297.2,2297,2297.2,40,20,29
9:37:36,2297.2,2297.2,2297.4,46,28,14
9:37:37,2297.4,2297.4,2297.6,20,83,25
9:37:37,2298,2297.6,2298,44,14,14
9:37:38,2298,2297.8,2298,33,6,1
9:37:38,2297.8,2297.8,2298.2,20,1,11
9:37:39,2298,2297.8,2298,14,1,20
9:37:39,2297.6,2297.6,2298,11,25,32
9:37:40,2298,2297.8,2298,6,28,29
9:37:40,2298,2297.8,2298,21,28,14
9:37:41,2298,2297.8,2298,6,26,12
9:37:41,2298,2298,2298.2,27,98,14
9:37:42,2298,2298,2298.2,14,107,5
9:37:42,2298.2,2298.2,2298.4,9,51,9
9:37:43,2298.4,2298.4,2298.6,73,43,4
9:37:43,2299,2298.6,2299,26,15,7
9:37:44,2299.2,2299.2,2299.4,20,26,6
9:37:44,2299.2,2299.2,2299.4,20,9,8
9:37:45,2299.4,2299,2299.4,36,3,5
9:37:45,2299.2,2298.8,2299.2,39,6,18
9:37:46,2299.2,2298.8,2299.4,37,2,3
9:37:46,2299.4,2298.8,2299.4,26,9,10
9:37:47,2298.8,2298.8,2299.2,9,5,4
9:37:47,2299,2299,2299.2,5,3,9
9:37:48,2299,2298.6,2298.8,15,11,8
9:37:48,2298.8,2298.6,2298.8,27,8,27
9:37:49,2298.6,2298.6,2298.8,39,1,1
9:37:49,2298.6,2298.4,2298.6,12,13,14
9:37:50,2298.6,2298.2,2298.6,40,3,12
9:37:50,2298.2,2298,2298.2,17,122,1
9:37:51,2298.2,2298.2,2298.4,10,17,2
9:37:51,2298.4,2298.4,2298.6,34,3,13
9:37:52,2298.4,2298.4,2298.6,10,10,14
9:37:52,2298.4,2298.4,2298.6,12,18,23
9:37:53,2298.6,2298.4,2298.6,2,16,23
9:37:53,2298.6,2298.4,2298.6,4,17,22
9:37:54,2298.6,2298.4,2298.6,9,38,20
9:37:54,2298.6,2298.4,2298.6,9,39,20
9:37:55,2298.4,2298.4,2298.6,28,15,22
9:37:55,2298.6,2298.4,2298.6,1,19,21
9:37:56,2298.6,2298.4,2298.6,4,19,19
9:37:56,2298.6,2298.4,2298.6,18,17,5
9:37:57,2298.6,2298.4,2298.6,4,17,5
9:37:57,2298.6,2298.6,2298.8,5,6,7
9:37:58,2299,2298.8,2299,18,1,57
9:37:58,2299,2298.6,2299,16,9,44
9:37:59,2299,2298.6,2299,19,10,28
9:37:59,2298.8,2298.6,2299,26,10,7
9:38:00,2299,2299,2299.2,13,6,9
9:38:00,2299.4,2298.6,2299.4,39,10,16
9:38:01,2299.2,2299.2,2299.4,38,7,7
9:38:01,2299.2,2299,2299.2,17,17,13
9:38:02,2299.2,2299.2,2299.4,36,68,5
9:38:02,2299.4,2299.4,2299.6,21,39,6
9:38:03,2299.8,2299.6,2299.8,34,32,49
9:38:03,2299.8,2299.6,2299.8,37,23,19
9:38:04,2300,2299.6,2300,57,4,20
9:38:04,2299.8,2299.6,2299.8,37,55,7
9:38:05,2300,2300,2300.4,42,3,4
9:38:05,2300.2,2299.8,2300.2,26,19,32
9:38:06,2300.2,2299.8,2300,18,19,7
9:38:06,2300.2,2300,2300.2,58,11,22
9:38:07,2300,2300,2300.2,24,5,18
9:38:07,2300,2299.8,2300,20,8,8
9:38:08,2300,2299.6,2299.8,36,45,1
9:38:08,2299.8,2299.6,2300,44,24,3
9:38:09,2299.8,2299.8,2300,43,1,31
9:38:09,2299.8,2299.4,2299.8,20,50,5
9:38:10,2299.8,2299.4,2299.6,14,49,10
9:38:10,2299.8,2299.4,2299.8,54,17,33
9:38:11,2299.2,2299.2,2299.4,64,38,40
9:38:11,2299,2299,2299.2,50,23,2
9:38:12,2299,2299,2299.2,26,2,53
9:38:12,2299,2298.8,2299,19,7,36
9:38:13,2298.8,2298.6,2298.8,25,17,4
9:38:13,2298.6,2298.6,2298.8,29,8,65
9:38:14,2298.6,2298.6,2299.2,106,7,47
9:38:14,2298.4,2298.4,2298.6,15,16,44
9:38:15,2298.6,2298.6,2298.8,55,52,7
9:38:15,2298.8,2298.8,2299,16,16,7
9:38:16,2299,2299,2299.2,40,29,57
9:38:16,2299,2299,2299.2,7,22,55
9:38:17,2299.2,2299,2299.2,16,8,54
9:38:17,2299,2299,2299.2,5,6,52
9:38:18,2299,2299,2299.2,8,5,49
9:38:18,2299,2298.8,2299,12,15,2
9:38:19,2298.8,2298.8,2299,13,12,1
9:38:19,2299,2298.8,2299,8,11,16
9:38:20,2299,2298.6,2299,13,14,16
9:38:20,2299,2298.6,2299,1,14,21
9:38:21,2298.6,2298.6,2298.8,5,12,1
9:38:21,2298.8,2298.6,2298.8,8,7,7
9:38:22,2298.6,2298.6,2298.8,13,6,4
9:38:22,2298.6,2298.4,2298.6,9,17,42
9:38:23,2298.4,2298.2,2298.4,79,40,4
9:38:23,2298.4,2298.4,2298.8,35,9,5
9:38:24,2298.4,2298.4,2298.6,6,10,1
9:38:24,2298.6,2298.6,2298.8,10,32,3
9:38:25,2299,2298.8,2299,26,55,20
9:38:25,2298.8,2299,2299.2,24,10,22
9:38:26,2299.2,2299.2,2299.4,25,18,36
