9:14:00,2311.2,2311,2311.2,492,1,4
9:15:00,2310.4,2310.4,2311,173,8,57
9:15:01,2310.4,2310.2,2310.4,101,17,5
9:15:01,2309.8,2309.8,2310,97,4,23
9:15:02,2309.2,2309.2,2309.6,102,1,19
9:15:02,2309.2,2309.2,2309.4,82,70,1
9:15:03,2309.6,2309.6,2309.8,84,6,32
9:15:03,2309.8,2309.8,2310,116,16,5
9:15:04,2310.2,2310,2310.2,76,23,49
9:15:04,2310,2310,2310.2,82,16,11
9:15:05,2309.6,2309.4,2310,31,22,2
9:15:05,2309.4,2309.2,2309.4,102,27,23
9:15:06,2309.2,2309,2309.2,87,46,20
9:15:06,2308.6,2308.6,2308.8,60,7,12
9:15:07,2308.8,2308.2,2308.6,21,48,1
9:15:07,2308.4,2308.4,2308.6,16,25,8
9:15:08,2308.4,2308.4,2309,55,5,5
9:15:08,2308.6,2308.6,2309.6,39,14,10
9:15:09,2309,2308.8,2309,45,43,12
9:15:09,2309,2309,2310,164,1,21
9:15:10,2309.4,2309.4,2309.8,34,5,10
9:15:10,2309.4,2309.6,2310,110,1,1
9:15:11,2310,2310,2310.2,35,7,9
9:15:11,2310.2,2310,2310.2,17,1,5
9:15:12,2310,2309.8,2310,13,24,27
9:15:12,2308.8,2308.6,2308.8,90,15,19
9:15:13,2308.8,2308.6,2308.8,78,2,1
9:15:13,2309.8,2308.8,2310,30,9,63
9:15:14,2309.6,2309.4,2309.8,19,1,10
9:15:14,2309.2,2309.2,2309.6,45,2,1
9:15:15,2309,2309,2309.6,19,17,32
9:15:15,2309,2308.8,2309,31,49,19
9:15:16,2309.2,2309,2309.4,57,3,50
9:15:16,2309,2308.8,2309,11,97,21
9:15:17,2309.4,2309,2309.6,111,7,8
9:15:17,2309.6,2309.4,2309.6,5,27,8
9:15:18,2309.6,2309.6,2309.8,19,5,12
9:15:18,2309.8,2309.8,2310,39,8,78
9:15:19,2309.8,2309.8,2310,22,5,100
9:15:19,2309.8,2309.6,2309.8,23,13,8
9:15:20,2309.4,2309.4,2309.6,38,6,5
9:15:20,2309.6,2309.6,2309.8,20,30,19
9:15:21,2309.6,2309.6,2309.8,24,19,8
9:15:21,2309.6,2309.6,2309.8,11,11,9
9:15:22,2309.6,2309.6,2309.8,21,1,3
9:15:22,2309.6,2309.4,2309.6,16,3,1
9:15:23,2309.6,2309.2,2309.6,12,9,21
9:15:23,2309.6,2309.2,2309.6,4,11,29
9:15:24,2309.2,2309.2,2309.4,22,5,2
9:15:24,2309.6,2309.2,2309.6,44,2,7
9:15:25,2309,2309,2309.2,10,36,7
9:15:25,2309.2,2309,2309.2,8,37,6
9:15:26,2309.2,2309,2309.6,20,39,17
9:15:26,2309.6,2309.2,2309.6,18,1,26
9:15:27,2309.2,2309.2,2309.6,2,2,33
9:15:27,2309.4,2309.2,2309.6,1,5,38
9:15:28,2309.2,2309.2,2309.6,27,3,13
9:15:28,2309.6,2309.6,2309.8,16,16,50
9:15:29,2309.6,2309.2,2309.6,62,7,1
9:15:29,2309.2,2309.2,2310,41,2,94
9:15:30,2309.6,2309.4,2309.6,9,3,1
9:15:30,2309.6,2309.6,2309.8,23,3,3
9:15:31,2309.8,2309.8,2310,17,2,88
9:15:31,2309.8,2309.4,2309.6,9,23,6
9:15:32,2309.6,2309.6,2309.8,19,20,4
9:15:32,2309.8,2309.8,2310,18,1,86
9:15:33,2309.8,2309.8,2310,46,2,51
9:15:33,2309.8,2309.8,2310,14,1,42
9:15:34,2310,2310,2310.6,101,54,15
9:15:34,2310.2,2310.2,2310.4,21,27,2
9:15:35,2310.4,2310.2,2310.4,16,6,8
9:15:35,2310.4,2310.2,2310.4,14,1,19
9:15:36,2310,2310,2310.2,21,76,46
9:15:36,2310,2310,2310.2,52,18,56
9:15:37,2309.8,2309.6,2309.8,25,7,4
9:15:37,2309.6,2309.4,2309.6,11,22,21
9:15:38,2309.4,2309.4,2309.6,8,9,15
9:15:38,2309.6,2309.4,2309.6,3,11,16
9:15:39,2309.6,2309.6,2309.8,25,3,7
9:15:39,2309.4,2309.4,2309.8,8,9,4
9:15:40,2309.6,2309.6,2309.8,5,36,5
9:15:40,2309.6,2309.6,2309.8,17,31,2
9:15:41,2309.6,2309.6,2309.8,16,28,18
9:15:41,2309.6,2309.6,2309.8,10,27,12
9:15:42,2309.8,2309.6,2309.8,25,6,7
9:15:42,2309.8,2309.6,2309.8,48,8,4
9:15:43,2309.2,2309.2,2309.6,36,5,35
9:15:43,2309.4,2309.2,2309.6,17,8,20
9:15:44,2309.4,2309.2,2309.4,43,4,5
9:15:44,2309.6,2309.2,2309.6,12,6,10
9:15:45,2309.2,2309,2309.2,36,50,5
9:15:45,2309.2,2309,2309.2,6,50,1
9:15:46,2309,2309.2,2309.4,17,14,22
9:15:46,2309.4,2309.2,2309.4,13,9,20
9:15:47,2309.2,2309.2,2309.4,20,13,4
9:15:47,2309.2,2309.2,2309.6,18,34,14
9:15:48,2309.4,2309.4,2309.6,4,8,12
9:15:48,2309.4,2309.4,2309.8,28,12,43
9:15:49,2309.4,2309.2,2309.4,39,9,7
9:15:49,2309.2,2309.2,2309.4,3,11,13
9:15:50,2309.2,2309.2,2309.4,2,12,31
9:15:50,2309.4,2309.2,2309.4,6,14,27
9:15:51,2309.2,2309.2,2309.4,7,11,25
9:15:51,2309.4,2309.2,2309.4,9,20,18
9:15:52,2309.4,2309.4,2309.6,20,1,19
9:15:52,2309.4,2309.4,2309.6,79,26,13
9:15:53,2309.6,2309.6,2309.8,21,7,42
9:15:53,2309.6,2309.6,2309.8,8,4,37
9:15:54,2309.6,2309.6,2309.8,15,2,38
9:15:54,2309.6,2309.6,2310,43,1,146
9:15:55,2309.4,2309.4,2309.6,8,13,20
9:15:55,2309.6,2309.6,2310,29,18,146
9:15:56,2309.6,2309.6,2310,2,18,126
9:15:56,2310,2309.6,2310,58,25,71
9:15:57,2310,2309.8,2310,41,46,34
9:15:57,2310,2309.8,2310,40,44,1
9:15:58,2309.8,2309.8,2310.2,50,34,14
9:15:58,2309.8,2309.8,2310.2,3,4,24
9:15:59,2310,2309.8,2310,2,7,1
9:15:59,2310.2,2309.6,2309.8,11,37,2
9:16:00,2309.8,2309.8,2310,20,49,40
9:16:00,2310,2309.8,2310,46,60,29
9:16:01,2310,2309.8,2310,48,36,21
9:16:01,2310,2309.8,2310,4,37,21
9:16:02,2309.8,2309.8,2310,4,35,20
9:16:02,2310,2310,2310.2,35,22,36
9:16:03,2310,2310,2310.2,7,24,37
9:16:03,2310,2309.8,2310,36,32,76
9:16:04,2309.8,2309.8,2310,29,9,76
9:16:04,2309.8,2309.6,2309.8,65,42,27
9:16:05,2309.6,2309.6,2309.8,23,34,20
9:16:05,2309.8,2309.6,2309.8,18,32,24
9:16:06,2309.6,2309.6,2309.8,5,36,26
9:16:06,2309.8,2309.6,2309.8,12,35,18
9:16:07,2309.6,2309.6,2309.8,12,26,16
9:16:07,2309.6,2309.6,2309.8,14,17,10
9:16:08,2309.8,2309.6,2309.8,11,13,9
9:16:08,2309.6,2309.6,2309.8,9,9,4
9:16:09,2309.6,2309.4,2309.6,17,50,8
9:16:09,2309.4,2309.4,2309.6,9,43,14
9:16:10,2309.4,2309.4,2309.6,17,37,4
9:16:10,2309.6,2309.4,2309.6,19,24,1
9:16:11,2309.6,2309.6,2309.8,3,41,14
9:16:11,2309.8,2309.6,2309.8,15,37,11
9:16:12,2309.8,2309.6,2310,12,37,71
9:16:12,2309.8,2309.8,2310,2,16,72
9:16:13,2309.8,2309.8,2310,12,5,78
9:16:13,2309.8,2309.8,2310,10,6,75
9:16:14,2310,2309.8,2310,5,2,76
9:16:14,2310,2309.8,2310,44,2,34
9:16:15,2310,2309.8,2310,5,10,32
9:16:15,2310,2310,2310.2,35,2,45
9:16:16,2310,2310,2310.2,13,2,44
9:16:16,2310,2309.8,2310.2,7,21,45
9:16:17,2310,2310,2310.2,1,6,47
9:16:17,2310.2,2310,2310.2,2,35,52
9:16:18,2310,2309.8,2310,39,21,17
9:16:18,2310,2309.8,2310,4,21,15
9:16:19,2310.2,2310,2310.2,24,23,47
9:16:20,2310,2310,2310.2,4,51,45
9:16:20,2310,2310,2310.2,3,48,45
9:16:21,2310.2,2310.2,2310.4,53,12,25
9:16:21,2310.4,2310.2,2310.4,37,5,2
9:16:22,2310.2,2310.2,2310.6,9,3,19
9:16:22,2310.2,2310.4,2310.6,3,5,19
9:16:23,2310.4,2310.2,2310.4,12,3,7
9:16:23,2310.4,2310,2310.4,14,53,16
9:16:24,2310,2310,2310.4,40,35,1
9:16:24,2310,2310,2310.4,3,33,1
9:16:25,2310,2310,2310.4,37,17,12
9:16:25,2310.2,2310.2,2310.4,18,5,7
9:16:26,2310.4,2310,2310.2,18,11,13
9:16:26,2310.2,2310,2310.2,25,28,7
9:16:27,2310,2310,2310.2,22,12,5
9:16:27,2310.2,2310.2,2310.4,5,5,11
9:16:28,2310.2,2310.2,2310.4,4,3,10
9:16:28,2310.2,2310.2,2310.4,6,1,10
9:16:29,2310.2,2310.2,2310.4,6,6,10
9:16:29,2310.2,2310.2,2310.4,6,6,11
9:16:30,2310.2,2310,2310.2,8,13,8
9:16:30,2310.2,2310,2310.4,9,13,9
9:16:31,2310,2310,2310.2,2,13,1
9:16:31,2310.4,2310,2310.4,4,14,8
9:16:32,2310,2310,2310.2,4,13,9
9:16:32,2310.2,2310,2310.2,2,14,12
9:16:33,2310.2,2310.2,2310.4,22,23,18
9:16:34,2310.4,2310.2,2310.4,5,19,19
9:16:34,2310.2,2310.2,2310.4,5,14,20
9:16:35,2310.2,2310.2,2310.4,9,11,21
9:16:35,2310.2,2310,2310.2,12,43,28
9:16:36,2310,2310,2310.2,5,41,27
9:16:36,2310.2,2310,2310.2,10,42,20
9:16:37,2310.2,2310,2310.2,18,35,11
9:16:37,2310.2,2310,2310.2,24,21,3
9:16:38,2310,2309.8,2310,27,35,5
9:16:38,2310,2309.8,2310,3,35,26
9:16:39,2310,2309.8,2310,6,26,30
9:16:39,2309.8,2309.8,2310,4,14,29
9:16:40,2309.8,2309.6,2309.8,25,61,49
9:16:40,2309.8,2309.8,2310,77,1,1
9:16:41,2310,2309.6,2309.8,5,64,1
9:16:41,2309.6,2309.6,2309.8,3,66,10
9:16:42,2309.8,2309.8,2310,12,4,1
9:16:42,2309.8,2309.8,2310,3,2,3
9:16:43,2310,2310,2310.2,7,13,12
9:16:43,2309.8,2309.6,2310,16,66,2
9:16:44,2309.8,2309.6,2310,4,66,2
9:16:44,2309.6,2309.6,2310,3,64,3
9:16:45,2309.6,2309.6,2310,8,56,8
9:16:45,2309.6,2309.6,2309.8,5,51,9
9:16:46,2309.6,2309.6,2309.8,11,43,10
9:16:46,2309.8,2309.8,2310,11,5,17
9:16:47,2309.6,2309.6,2309.8,44,39,5
9:16:47,2309.6,2309.6,2309.8,3,37,11
9:16:48,2309.6,2309.6,2309.8,2,36,11
9:16:48,2309.6,2309.6,2309.8,4,33,12
9:16:49,2309.8,2309.6,2309.8,3,34,11
9:16:49,2309.8,2309.6,2309.8,1,35,13
9:16:50,2309.8,2309.6,2309.8,4,35,14
9:16:50,2309.6,2309.6,2309.8,3,32,15
9:16:51,2309.6,2309.6,2309.8,7,29,15
9:16:51,2309.6,2309.6,2309.8,5,25,14
9:16:52,2309.6,2309.4,2309.6,27,26,20
9:16:52,2309.6,2309.4,2309.6,2,26,21
9:16:53,2309.6,2309.4,2309.6,8,20,22
9:16:53,2309.4,2309.4,2309.6,19,14,9
9:16:54,2309.4,2309.4,2309.6,2,12,10
9:16:54,2309.6,2309.4,2309.6,8,10,4
9:16:55,2309.4,2309.4,2309.6,4,10,4
9:16:55,2309.4,2309.4,2309.6,2,8,5
9:16:56,2309.4,2309.4,2309.6,7,4,4
9:16:56,2309.4,2309.2,2309.4,11,70,2
9:16:57,2309.4,2309.2,2309.4,3,73,3
9:16:58,2309.2,2309.2,2309.4,5,64,8
9:16:58,2309.2,2309,2309.2,74,103,5
9:16:59,2309.2,2309.2,2309.4,9,40,7
9:16:59,2309.2,2309.2,2309.4,8,32,12
9:17:00,2309.2,2309.2,2309.4,11,41,14
9:17:00,2309.4,2309.2,2309.4,4,40,14
9:17:01,2309.2,2309.2,2309.4,8,40,13
9:17:01,2309.4,2309.2,2309.4,10,40,8
9:17:02,2309.4,2309.4,2309.6,10,11,21
9:17:02,2309.6,2309.6,2309.8,26,18,14
9:17:03,2309.8,2309.6,2309.8,6,15,11
9:17:03,2309.6,2309.4,2309.6,17,25,1
9:17:04,2309.6,2309.6,2309.8,8,8,15
9:17:04,2309.6,2309.6,2309.8,4,4,20
9:17:05,2309.6,2309.6,2309.8,3,1,18
9:17:05,2309.6,2309.4,2309.6,6,32,4
9:17:06,2309.6,2309.6,2309.8,7,36,23
9:17:06,2309.6,2309.6,2309.8,1,36,23
9:17:07,2309.8,2309.6,2309.8,25,16,20
9:17:07,2309.8,2309.6,2309.8,3,18,17
9:17:08,2309.6,2309.6,2309.8,12,8,18
9:17:08,2309.6,2309.6,2309.8,9,2,18
9:17:09,2309.6,2309.6,2309.8,7,4,13
9:17:09,2309.8,2309.8,2310,13,29,82
9:17:10,2310,2309.8,2310,25,38,59
9:17:10,2310,2309.8,2310,2,38,58
9:17:11,2309.8,2309.8,2310,10,28,78
9:17:11,2309.8,2309.8,2310,2,26,78
9:17:12,2310,2309.8,2310,5,27,75
9:17:12,2309.8,2309.8,2310,4,25,75
9:17:13,2310,2309.8,2310,6,24,70
9:17:13,2309.8,2309.8,2310,6,20,69
9:17:14,2310,2309.8,2310,31,20,38
9:17:14,2310,2309.8,2310,10,21,28
9:17:15,2310,2309.8,2310,2,21,28
9:17:15,2310,2310,2310.2,28,59,37
9:17:16,2310,2310,2310.2,29,49,26
9:17:16,2310,2310,2310.2,25,50,3
9:17:17,2310.2,2310.2,2310.4,5,4,47
9:17:17,2310,2310.2,2310.4,6,106,46
9:17:18,2310.4,2310.2,2310.4,27,110,18
9:17:18,2310.4,2310.4,2310.6,20,57,46
9:17:19,2310.6,2310.4,2310.6,28,56,20
9:17:19,2310.8,2310.6,2310.8,33,8,11
9:17:20,2310.4,2310.4,2311,26,61,157
9:17:20,2310.8,2310.4,2310.8,12,55,13
9:17:21,2310.8,2310.4,2310.8,11,34,19
9:17:21,2310.4,2310.4,2310.8,9,30,50
9:17:22,2310.4,2310.4,2310.6,6,24,4
9:17:22,2310.8,2310.4,2310.8,45,26,12
9:17:23,2310.8,2310.4,2310.8,10,21,9
9:17:23,2310.8,2310.4,2310.6,23,1,1
9:17:24,2310.2,2310.2,2310.4,11,106,1
9:17:24,2310.4,2310.2,2310.4,5,104,8
9:17:25,2310.4,2310.6,2310.8,11,10,22
9:17:25,2310.6,2310.6,2310.8,6,5,22
9:17:26,2310.4,2310.4,2310.6,12,50,29
9:17:26,2310.6,2310.4,2310.6,19,51,17
9:17:27,2310.6,2310.4,2310.6,2,53,14
9:17:27,2310.4,2310.4,2310.6,11,51,10
9:17:28,2310.6,2310.4,2310.6,5,48,11
9:17:28,2310.6,2310.6,2310.8,12,5,33
9:17:29,2310.6,2310.6,2310.8,1,5,34
9:17:29,2310.6,2310.6,2310.8,10,3,32
9:17:30,2310.4,2310.4,2310.6,8,54,13
9:17:30,2310.6,2310.4,2310.6,12,52,5
9:17:31,2310.6,2310.6,2310.8,7,6,39
9:17:31,2310.8,2310.6,2310.8,29,27,17
9:17:32,2310.8,2310.8,2311,19,15,165
9:17:32,2310.8,2310.8,2311,35,2,154
9:17:33,2310.8,2310.6,2311,6,46,154
9:17:33,2311,2310.8,2311,19,1,149
9:17:34,2311,2310.6,2311,26,38,131
9:17:34,2311,2310.6,2311,15,37,121
9:17:35,2311,2310.6,2311,10,36,122
9:17:35,2310.8,2310.6,2310.8,16,32,1
9:17:36,2311,2310.6,2311,11,33,111
9:17:36,2311,2310.6,2311,6,33,110
9:17:37,2310.6,2310.6,2311,15,31,100
9:17:37,2311,2310.6,2311,14,22,88
9:17:38,2311,2310.8,2311,9,1,82
9:17:38,2310.6,2310.6,2311,16,23,70
9:17:39,2310.8,2310.6,2310.8,16,22,15
9:17:39,2310.8,2310.6,2310.8,14,26,9
9:17:40,2310.8,2310.6,2310.8,8,25,3
9:17:40,2311,2310.6,2310.8,6,27,3
9:17:41,2310.8,2310.6,2310.8,1,28,24
9:17:41,2310.8,2310.6,2310.8,14,17,27
9:17:42,2310.8,2310.6,2310.8,14,14,21
9:17:42,2310.8,2310.6,2310.8,14,16,24
9:17:43,2310.6,2310.6,2310.8,5,13,35
9:17:43,2310.8,2310.6,2310.8,4,17,31
9:17:44,2310.8,2310.6,2310.8,12,16,21
9:17:44,2310.8,2310.6,2310.8,5,22,18
9:17:45,2310.8,2310.6,2310.8,9,24,14
9:17:45,2310.8,2310.6,2310.8,9,17,13
9:17:46,2310.8,2310.6,2310.8,20,15,16
9:17:47,2310.8,2310.6,2310.8,10,12,19
9:17:47,2310.6,2310.6,2310.8,1,11,24
9:17:48,2310.6,2310.4,2310.6,14,61,5
9:17:48,2310.4,2310.4,2310.6,13,60,9
9:17:49,2310.6,2310.6,2310.8,15,1,21
9:17:49,2310.8,2310.4,2310.8,22,50,16
9:17:50,2310.4,2310.6,2310.8,21,6,16
9:17:50,2310.8,2310.6,2310.8,4,5,15
9:17:51,2310.6,2310.4,2310.6,5,31,15
9:17:51,2310.6,2310.4,2310.6,2,32,18
9:17:52,2310.6,2310.4,2310.6,10,28,46
9:17:52,2310.4,2310.4,2310.6,18,11,48
9:17:53,2310.6,2310.4,2310.6,10,9,41
9:17:53,2310.4,2310.2,2310.4,10,113,8
9:17:54,2310.2,2310.2,2310.4,4,112,7
9:17:54,2310.2,2310.2,2310.4,3,16,7
9:17:55,2310.2,2310,2310.4,16,113,6
9:17:55,2310.2,2310,2310.4,2,73,11
9:17:56,2310.2,2310,2310.2,37,48,1
9:17:56,2310,2310,2310.2,11,39,5
9:17:57,2310.2,2310.2,2310.4,32,3,15
9:17:57,2310.2,2310.2,2310.4,9,1,13
9:17:58,2310,2310,2310.2,8,15,1
9:17:58,2310.2,2310,2310.4,3,18,4
9:17:59,2310.4,2310,2310.2,2,18,24
9:17:59,2310,2310,2310.2,14,5,24
9:18:00,2310,2310,2310.2,8,4,18
9:18:00,2310,2310,2310.2,3,11,18
9:18:01,2310.2,2310,2310.2,5,10,17
9:18:01,2310.2,2310,2310.2,19,19,4
9:18:02,2310.4,2310.2,2310.4,16,4,2
9:18:02,2310.2,2310.2,2310.4,4,8,1
9:18:03,2310.2,2310.2,2310.4,2,10,1
9:18:03,2310.2,2310.2,2310.4,2,9,2
9:18:04,2310.2,2310.2,2310.4,2,8,2
9:18:04,2310.2,2310.2,2310.4,3,8,4
9:18:05,2310.4,2310.4,2310.6,6,1,48
9:18:05,2310.4,2310.2,2310.6,2,13,49
9:18:06,2310.4,2310.2,2310.4,2,13,11
9:18:06,2310.2,2310.2,2310.4,7,20,10
9:18:07,2310.2,2310.4,2310.6,21,1,49
9:18:07,2310.6,2310.4,2310.6,42,2,9
9:18:08,2310.2,2310,2310.2,38,72,20
9:18:08,2310.2,2310,2310.2,5,81,17
9:18:09,2310.2,2310.2,2310.4,17,17,3
9:18:10,2310.4,2310.2,2310.4,7,19,6
9:18:10,2310.2,2310.2,2310.4,3,17,8
9:18:11,2310.4,2310.2,2310.6,8,17,3
9:18:11,2310.6,2310.4,2310.6,1,2,3
9:18:12,2310.2,2310.2,2310.6,9,16,1
9:18:12,2310.4,2310.4,2310.6,2,2,1
9:18:13,2310.4,2310.2,2310.6,3,31,11
9:18:13,2310.2,2310.2,2310.6,3,30,10
9:18:14,2310.6,2310.6,2310.8,10,32,81
9:18:14,2310.6,2310.6,2310.8,9,25,81
9:18:15,2310.6,2310.6,2310.8,2,24,80
9:18:15,2310.6,2310.6,2310.8,10,20,74
9:18:16,2310.6,2310.6,2310.8,7,23,72
9:18:16,2310.6,2310.6,2310.8,5,21,71
9:18:17,2310.6,2310.6,2310.8,4,18,70
9:18:17,2310.8,2310.6,2310.8,2,18,68
9:18:18,2310.8,2310.6,2310.8,45,19,35
9:18:18,2310.8,2310.6,2310.8,11,18,27
9:18:19,2310.8,2310.8,2311,32,8,107
9:18:19,2310.8,2310.8,2311,7,36,102
9:18:20,2311,2310.8,2311,2,57,100
9:18:20,2311,2311,2311.2,103,8,45
9:18:21,2311.2,2311,2311.2,30,4,19
9:18:21,2310.8,2310.8,2311,42,66,8
9:18:22,2311.2,2310.8,2311,34,65,40
9:18:22,2311,2310.8,2311,17,65,39
9:18:23,2311,2310.8,2311,8,66,42
9:18:23,2311,2310.8,2311,7,65,39
9:18:24,2311,2310.8,2311,4,62,37
9:18:24,2310.8,2310.8,2311,3,60,36
9:18:25,2311,2310.8,2311,1,60,36
9:18:25,2311,2310.8,2311,6,58,31
9:18:26,2310.8,2310.8,2311,8,36,27
9:18:26,2311,2311,2311.2,29,1,2
9:18:27,2310.8,2310.8,2311,15,31,6
9:18:27,2310.8,2310.8,2311,3,29,7
9:18:28,2311.2,2310.8,2311.2,11,31,1
9:18:29,2310.8,2310.8,2311.2,14,29,4
9:18:29,2310.8,2310.6,2310.8,48,10,3
9:18:30,2310.6,2310.6,2311.2,11,27,4
9:18:30,2311,2310.6,2311,7,26,8
9:18:31,2311,2310.8,2311,8,13,1
9:18:31,2310.8,2310.6,2310.8,23,25,9
9:18:32,2310.6,2310.8,2311.2,27,1,23
9:18:32,2311,2310.8,2311,6,1,5
9:18:33,2311,2310.6,2310.8,3,26,2
9:18:33,2311,2310.6,2310.8,2,41,5
9:18:34,2310.8,2310.8,2311,14,1,7
9:18:34,2311,2310.8,2311,4,8,9
9:18:35,2311,2310.8,2311,7,20,7
9:18:36,2310.8,2310.8,2311,7,18,8
9:18:36,2310.8,2310.8,2311,2,17,10
9:18:37,2311,2310.8,2311,3,17,7
9:18:37,2311,2310.8,2311,13,41,8
9:18:38,2310.8,2310.8,2311,3,39,8
9:18:38,2310.8,2310.8,2311,21,19,7
9:18:39,2311,2310.8,2311,8,21,2
9:18:40,2311,2310.8,2311,8,21,14
9:18:40,2310.8,2310.8,2311,9,21,13
9:18:41,2310.8,2310.6,2310.8,26,33,2
9:18:41,2311,2310.6,2311,3,33,11
9:18:42,2311,2310.6,2310.8,5,35,4
9:18:42,2311,2310.6,2310.8,2,35,2
9:18:43,2310.8,2310.6,2310.8,2,36,1
9:18:44,2310.6,2310.6,2310.8,4,33,2
9:18:44,2310.6,2310.6,2310.8,3,33,1
9:18:45,2310.6,2310.6,2311,4,30,15
9:18:45,2310.8,2310.6,2311,1,30,18
9:18:46,2310.8,2310.8,2311,2,2,19
9:18:47,2310.8,2310.8,2311,1,1,19
9:18:47,2310.8,2310.6,2311,4,40,21
9:18:48,2310.8,2310.6,2311,3,39,21
9:18:48,2310.6,2310.6,2311,8,37,24
9:18:49,2311,2310.6,2311,10,33,23
9:18:49,2310.6,2310.8,2311,3,3,37
9:18:51,2310.8,2310.8,2311,9,4,33
9:18:51,2311,2310.8,2311,5,3,32
9:18:52,2310.6,2310.6,2310.8,27,7,3
9:18:52,2310.6,2310.6,2310.8,1,10,5
9:18:53,2310.8,2310.6,2310.8,3,12,10
9:18:53,2310.8,2310.6,2310.8,5,15,7
9:18:54,2310.6,2310.6,2310.8,3,18,5
9:18:54,2310.6,2310.6,2310.8,3,18,3
9:18:55,2310.6,2310.6,2310.8,2,20,4
9:18:56,2310.8,2310.6,2310.8,4,17,5
9:18:56,2310.8,2310.6,2310.8,17,3,3
9:18:57,2310.6,2310.4,2310.6,5,19,9
9:18:57,2310.4,2310.4,2310.6,1,18,12
9:18:58,2310.6,2310.4,2310.6,1,17,12
9:18:58,2310.6,2310.4,2310.6,5,15,11
9:18:59,2310.4,2310.4,2310.6,3,12,24
9:18:59,2310.4,2310.2,2310.4,14,62,9
9:19:00,2310.4,2310.2,2310.4,3,62,12
9:19:00,2310.2,2310.2,2310.4,8,62,6
9:19:01,2310.4,2310.2,2310.4,8,60,5
9:19:01,2310.2,2310.4,2310.6,7,1,27
9:19:02,2310.2,2310.2,2310.4,16,55,1
9:19:02,2310.4,2310.2,2310.6,5,55,28
9:19:03,2310.6,2310.4,2310.6,4,1,25
9:19:03,2310.4,2310.4,2310.6,1,7,25
9:19:04,2310.4,2310.4,2310.6,6,7,24
9:19:04,2310.4,2310.4,2310.6,3,23,24
9:19:05,2310.6,2310.4,2310.6,1,23,23
9:19:05,2310.6,2310.4,2310.6,6,19,21
9:19:06,2310.4,2310.2,2310.4,28,57,12
9:19:06,2310.4,2310.2,2310.4,9,57,5
9:19:07,2310.2,2310.2,2310.4,7,50,5
9:19:07,2310.4,2310.2,2310.4,1,50,15
9:19:08,2310.4,2310.2,2310.4,4,50,17
9:19:08,2310.4,2310.2,2310.4,1,50,19
9:19:09,2310.2,2310.2,2310.4,2,48,19
9:19:09,2310.2,2310.2,2310.4,13,37,17
9:19:10,2310.4,2310.2,2310.4,5,33,16
9:19:10,2310.4,2310.2,2310.4,2,32,17
9:19:11,2310.2,2310.2,2310.4,6,27,16
9:19:11,2310.2,2310.2,2310.4,10,17,19
9:19:12,2310.2,2310,2310.2,18,86,20
9:19:12,2310.2,2310,2310.2,7,87,15
9:19:13,2310,2310,2310.2,9,82,21
9:19:13,2310,2310,2310.2,10,78,17
9:19:14,2310,2310,2310.2,9,75,13
9:19:14,2310.2,2310,2310.2,2,75,12
9:19:15,2310,2310,2310.2,6,120,9
9:19:15,2310,2310,2310.2,82,38,9
9:19:16,2310.2,2310.2,2310.4,10,66,32
9:19:16,2310.2,2310.2,2310.4,34,32,34
9:19:17,2310.2,2310.2,2310.4,14,24,27
9:19:17,2310.2,2310.2,2310.4,12,12,31
9:19:18,2310.2,2310.2,2310.4,16,4,30
9:19:18,2310,2310,2310.2,13,40,4
9:19:19,2310.2,2310,2310.2,3,42,2
9:19:20,2310,2310,2310.2,2,41,10
9:19:20,2310.2,2310,2310.2,2,41,9
9:19:21,2310.2,2310,2310.2,8,37,7
9:19:21,2310.2,2310,2310.2,2,37,9
9:19:22,2310,2310,2310.2,5,38,10
9:19:23,2310.2,2310,2310.2,43,2,3
9:19:23,2310,2309.8,2310.2,4,51,9
9:19:24,2310.2,2310,2310.2,4,27,10
9:19:24,2310,2310,2310.2,19,9,10
9:19:25,2310,2310,2310.2,3,10,5
9:19:25,2310,2310,2310.2,3,10,6
9:19:26,2310,2310,2310.2,3,37,6
9:19:26,2310,2310,2310.2,11,29,6
9:19:27,2310,2310,2310.2,5,75,6
9:19:27,2310.2,2310,2310.2,11,73,1
9:19:28,2310.2,2310.2,2310.4,8,1,29
9:19:28,2310.2,2310.2,2310.4,7,2,27
9:19:29,2310.2,2310,2310.4,6,71,27
9:19:29,2310.4,2310.2,2310.4,1,4,28
9:19:30,2310.2,2310.2,2310.4,1,3,28
9:19:30,2310.2,2310.2,2310.4,4,7,29
9:19:31,2310.2,2310.2,2310.4,1,6,29
9:19:31,2310.4,2310.2,2310.4,1,6,36
9:19:32,2310.2,2310.2,2310.4,10,6,29
9:19:33,2310.2,2310.2,2310.4,1,5,33
9:19:34,2310.2,2310.2,2310.4,5,2,37
9:19:35,2310.4,2310.2,2310.4,3,3,35
9:19:35,2310.2,2310,2310.4,3,78,35
9:19:36,2310.2,2310,2310.2,1,78,52
9:19:36,2310.2,2310,2310.2,2,77,50
9:19:37,2310,2310,2310.2,24,55,51
9:19:37,2310,2310,2310.2,5,51,52
9:19:38,2310.2,2310,2310.2,63,22,20
9:19:38,2310,2310,2310.2,8,14,20
9:19:39,2310.2,2309.8,2310.2,27,54,18
9:19:40,2310,2310,2310.2,3,1,25
9:19:40,2310,2309.8,2310,5,56,1
9:19:41,2309.8,2309.8,2310,3,57,1
9:19:42,2309.8,2309.8,2310,1,57,2
9:19:43,2310,2309.8,2310,9,69,11
9:19:43,2309.8,2309.8,2310,2,67,12
9:19:44,2309.8,2309.8,2310,14,65,3
9:19:44,2309.8,2309.8,2310,3,63,8
9:19:45,2309.8,2309.8,2310,11,63,3
9:19:45,2310,2310,2310.2,7,48,30
9:19:46,2310,2310,2310.2,4,50,30
9:19:47,2310.2,2310.2,2310.4,42,28,34
9:19:47,2310.2,2310.2,2310.4,3,30,34
9:19:48,2310.2,2310.2,2310.4,9,30,30
9:19:48,2310.2,2310.2,2310.4,1,49,40
9:19:49,2310.2,2310.2,2310.4,4,47,41
9:19:50,2310.2,2310.2,2310.4,1,46,41
9:19:50,2310.2,2310.2,2310.4,4,43,41
9:19:51,2310.2,2310.2,2310.4,1,42,45
9:19:52,2310.2,2310.2,2310.4,2,50,46
9:19:52,2310.4,2310.2,2310.4,3,40,44
9:19:53,2310.2,2310.2,2310.4,8,33,44
9:19:53,2310.4,2310.2,2310.4,6,32,39
9:19:54,2310.4,2310.2,2310.4,1,32,39
9:19:54,2310.2,2310.2,2310.4,1,41,40
9:19:55,2310.2,2310.2,2310.4,4,38,39
9:19:55,2310.4,2310.2,2310.4,9,38,30
9:19:56,2310.4,2310.2,2310.4,4,38,29
9:19:56,2310.4,2310.4,2310.6,29,12,65
9:19:57,2310.4,2310.2,2310.4,19,21,32
9:19:57,2310.4,2310.2,2310.4,23,23,9
9:19:58,2310.4,2310.2,2310.4,4,23,8
9:19:58,2310.4,2310.2,2310.4,12,18,5
9:19:59,2310.6,2310.2,2310.6,7,17,64
9:19:59,2310.2,2310.4,2310.6,1,3,62
9:20:00,2310.6,2310.4,2310.6,1,3,62
9:20:00,2310.6,2310.4,2310.6,17,3,51
9:20:01,2310.6,2310.4,2310.6,11,5,42
9:20:01,2310.4,2310.4,2310.6,10,11,40
9:20:02,2310.6,2310.4,2310.6,16,1,39
9:20:02,2310.6,2310.4,2310.6,4,1,35
9:20:03,2310.6,2310.4,2310.6,5,1,30
9:20:03,2310.6,2310.4,2310.6,9,1,21
9:20:04,2310.4,2310.2,2310.4,3,16,1
9:20:04,2310.4,2310.2,2310.6,2,26,19
9:20:05,2310.4,2310.4,2310.6,8,4,23
9:20:06,2310.6,2310.4,2310.6,1,16,22
9:20:06,2310.4,2310.2,2310.4,18,19,6
9:20:07,2310.4,2310.2,2310.4,2,25,5
9:20:08,2310.4,2310.4,2310.6,6,6,24
9:20:09,2310.4,2310.4,2310.6,2,5,27
9:20:10,2310.4,2310.4,2310.6,5,11,28
9:20:12,2310.4,2310.4,2310.6,11,12,34
9:20:12,2310.6,2310.4,2310.6,2,12,32
9:20:13,2310.4,2310.4,2310.6,1,11,32
9:20:13,2310.4,2310.4,2310.6,1,10,33
9:20:14,2310.6,2310.4,2310.6,10,11,23
9:20:15,2310.4,2310.4,2310.6,3,8,23
9:20:15,2310.4,2310.4,2310.6,1,7,23
9:20:16,2310.6,2310.4,2310.6,2,7,20
9:20:16,2310.4,2310.4,2310.6,1,6,20
9:20:17,2310.6,2310.4,2310.6,3,5,18
9:20:18,2310.6,2310.4,2310.6,11,6,7
9:20:19,2310.4,2310.4,2310.6,4,4,5
9:20:19,2310.6,2310.4,2310.6,3,4,6
9:20:20,2310.6,2310.4,2310.6,1,4,4
9:20:20,2310.4,2310.4,2310.6,1,3,5
9:20:21,2310.6,2310.4,2310.6,4,6,30
9:20:21,2310.6,2310.4,2310.6,3,5,28
9:20:22,2310.4,2310.4,2310.6,4,1,28
9:20:22,2310.6,2310.2,2310.6,3,37,26
9:20:23,2310.6,2310.2,2310.6,1,37,27
9:20:23,2310.6,2310.2,2310.6,3,37,24
9:20:24,2310.4,2310.4,2310.6,1,9,25
9:20:24,2310.6,2310.4,2310.6,1,10,24
9:20:25,2310.4,2310.4,2310.6,2,10,26
9:20:27,2310.6,2310.4,2310.6,5,24,27
9:20:27,2310.4,2310.4,2310.6,5,23,23
9:20:28,2310.6,2310.4,2310.6,10,24,13
9:20:28,2310.6,2310.6,2310.8,13,5,39
9:20:29,2310.6,2310.6,2310.8,5,4,40
9:20:30,2310.6,2310.6,2310.8,2,4,41
9:20:31,2310.8,2310.6,2310.8,3,3,41
9:20:31,2310.6,2310.4,2310.6,5,28,5
9:20:32,2310.6,2310.4,2310.6,5,29,1
9:20:32,2310.8,2310.4,2310.8,7,29,34
9:20:33,2310.8,2310.4,2310.6,3,27,1
9:20:33,2310.8,2310.4,2310.8,3,27,30
9:20:34,2310.8,2310.4,2310.8,13,19,27
9:20:34,2310.8,2310.6,2310.8,3,1,24
9:20:35,2310.8,2310.6,2310.8,5,2,21
9:20:35,2310.8,2310.8,2311,21,33,85
9:20:36,2311,2310.8,2311,17,26,73
9:20:36,2311,2310.8,2311,7,25,67
9:20:37,2311,2310.8,2311,12,25,56
9:20:37,2311,2310.8,2311,20,25,37
9:20:38,2311,2310.8,2311,7,24,31
9:20:38,2311,2310.8,2311,5,24,26
9:20:39,2311,2310.8,2311,14,24,12
9:20:39,2311,2310.8,2311,3,27,10
9:20:40,2310.8,2310.8,2311,4,26,8
9:20:40,2311,2310.8,2311,7,25,2
9:20:41,2311,2310.8,2311,12,23,45
9:20:41,2310.8,2310.6,2310.8,25,13,32
9:20:42,2310.8,2310.6,2310.8,8,14,24
9:20:42,2310.8,2310.6,2310.8,10,14,26
9:20:43,2310.8,2310.6,2310.8,7,14,19
9:20:43,2310.8,2310.6,2310.8,2,14,17
9:20:44,2310.8,2310.6,2310.8,2,13,23
9:20:44,2310.8,2310.6,2310.8,9,14,17
9:20:45,2310.8,2310.6,2310.8,8,13,9
9:20:45,2310.8,2310.6,2310.8,8,12,2
9:20:46,2310.8,2310.6,2310.8,5,12,1
9:20:46,2310.6,2310.6,2310.8,8,5,3
9:20:47,2310.8,2310.6,2310.8,4,4,2
9:20:48,2310.8,2310.6,2310.8,3,5,2
9:20:48,2310.6,2310.6,2310.8,1,4,8
9:20:49,2310.8,2310.6,2310.8,1,4,7
9:20:49,2310.8,2310.6,2310.8,2,4,6
9:20:50,2310.8,2310.6,2310.8,1,4,11
9:20:50,2310.8,2310.6,2310.8,1,5,10
9:20:51,2310.8,2310.6,2310.8,3,5,9
9:20:51,2310.8,2310.6,2310.8,4,6,10
9:20:52,2310.8,2310.6,2310.8,5,5,7
9:20:52,2310.6,2310.6,2310.8,5,1,6
9:20:53,2310.8,2310.6,2310.8,18,1,1
9:20:53,2310.6,2310.6,2310.8,2,5,10
9:20:54,2310.6,2310.6,2310.8,2,6,14
9:20:54,2310.4,2310.2,2310.4,12,56,6
9:20:55,2310.4,2310.2,2310.4,5,56,11
9:20:56,2310.2,2310.2,2310.4,15,44,8
9:20:56,2310.2,2310.2,2310.4,3,43,8
9:20:57,2310.4,2310.2,2310.4,2,42,14
9:20:57,2310.2,2310.2,2310.4,5,37,18
9:20:58,2310.4,2310.2,2310.4,1,37,17
9:20:58,2310.2,2310.2,2310.4,1,36,13
9:20:59,2310.2,2310.2,2310.4,1,35,13
9:20:59,2310.4,2310.2,2310.4,10,40,4
9:21:00,2310.2,2310.2,2310.4,5,35,4
9:21:00,2310.2,2310.6,2310.8,25,1,44
9:21:01,2310.8,2310.2,2310.6,5,38,1
9:21:01,2310.2,2310.2,2310.6,5,35,3
9:21:02,2310.6,2310.4,2310.6,1,2,16
9:21:02,2310.4,2310.4,2310.6,2,1,16
9:21:03,2310.4,2310.2,2310.4,3,36,1
9:21:03,2310.2,2310.2,2310.4,3,34,1
9:21:04,2310.4,2310.2,2310.6,5,35,16
9:21:04,2310.2,2310.2,2310.4,23,17,4
9:21:05,2310.2,2310.2,2310.6,6,15,13
9:21:05,2310.2,2310.2,2310.6,4,13,14
9:21:06,2310.6,2310.2,2310.6,2,12,13
9:21:06,2310.4,2310.2,2310.4,2,12,9
9:21:07,2310.4,2310.2,2310.4,2,23,10
9:21:07,2310.2,2310.2,2310.4,10,20,5
9:21:08,2310.4,2310.2,2310.4,1,21,4
9:21:08,2310.4,2310.4,2310.6,5,13,29
9:21:09,2310.4,2310.4,2310.6,6,13,27
9:21:09,2310.6,2310.4,2310.6,5,12,22
9:21:10,2310.6,2310.4,2310.6,14,7,16
9:21:10,2310.4,2310.2,2310.4,14,47,2
9:21:11,2310.4,2310.2,2310.4,4,49,3
9:21:11,2310.4,2310.2,2310.6,3,46,12
9:21:12,2310.6,2310.2,2310.6,7,51,9
9:21:12,2310.2,2310.2,2310.4,3,49,19
9:21:13,2310.4,2310.2,2310.4,4,47,18
9:21:13,2310.4,2310.2,2310.4,2,47,17
9:21:14,2310.4,2310.2,2310.4,2,47,16
9:21:15,2310.4,2310.2,2310.4,1,49,15
9:21:15,2310.4,2310.2,2310.4,3,48,14
9:21:16,2310.2,2310.2,2310.4,5,43,15
9:21:16,2310.2,2310.2,2310.4,1,52,15
9:21:17,2310.4,2310.2,2310.4,6,51,10
9:21:17,2310.2,2310.2,2310.4,10,42,10
9:21:18,2310.4,2310.2,2310.4,2,42,9
9:21:18,2310.2,2310.2,2310.4,9,41,3
9:21:19,2310.2,2310.2,2310.4,1,40,3
9:21:19,2310.4,2310.2,2310.4,3,40,1
9:21:20,2310.4,2310.2,2310.6,1,40,12
9:21:21,2310.4,2310.2,2310.4,4,42,1
9:21:22,2310.4,2310.2,2310.6,6,48,21
9:21:23,2310.2,2310.2,2310.4,1,48,3
9:21:24,2310.4,2310.4,2310.6,5,1,22
9:21:24,2310.2,2310.4,2310.6,3,1,22
9:21:25,2310.2,2310.2,2310.6,2,49,27
9:21:26,2310.4,2310.2,2310.4,1,55,3
9:21:26,2310.2,2310.2,2310.4,7,49,13
9:21:27,2310.2,2310.2,2310.4,8,42,13
9:21:28,2310.4,2310.2,2310.4,1,42,12
9:21:28,2310.2,2310.2,2310.4,7,36,11
9:21:29,2310.2,2310,2310.2,37,269,64
9:21:29,2310.2,2310,2310.2,11,268,55
9:21:30,2310.2,2310,2310.2,5,267,51
9:21:30,2310,2310,2310.2,47,223,62
9:21:31,2310,2310,2310.2,17,206,62
9:21:31,2310,2310,2310.2,7,201,60
9:21:32,2310,2310,2310.2,78,128,62
9:21:32,2310.2,2310,2310.2,3,127,61
9:21:33,2310,2310,2310.2,64,66,59
9:21:33,2310.2,2310,2310.2,61,6,58
9:21:34,2310,2309.8,2310,8,59,2
9:21:34,2310,2309.8,2310,1,68,7
9:21:35,2309.8,2309.8,2310.2,20,65,47
9:21:35,2309.8,2309.8,2310,16,55,1
9:21:36,2309.8,2309.8,2310,1,54,21
9:21:36,2310,2310,2310.2,69,1,45
9:21:37,2309.6,2309.6,2309.8,10,42,1
9:21:37,2309.6,2309.6,2309.8,10,34,1
9:21:38,2309.8,2309.6,2309.8,2,34,1
9:21:38,2309.6,2309.6,2310,5,29,10
9:21:39,2309.6,2309.8,2310,21,2,13
9:21:39,2309.6,2309.6,2309.8,4,8,5
9:21:40,2309.6,2309.6,2309.8,11,1,3
9:21:40,2309.6,2309.6,2309.8,6,95,10
9:21:41,2309.6,2309.6,2309.8,6,91,6
9:21:41,2309.8,2309.8,2310,7,23,25
9:21:42,2309.8,2309.8,2310,1,27,26
9:21:42,2309.6,2309.6,2309.8,42,102,13
9:21:43,2309.6,2309.6,2309.8,9,101,8
9:21:43,2309.8,2309.6,2309.8,2,102,8
9:21:44,2309.6,2309.6,2309.8,17,89,5
9:21:44,2309.6,2309.6,2309.8,3,94,6
9:21:45,2309.6,2309.6,2309.8,7,88,8
9:21:45,2309.8,2309.8,2310,12,2,28
9:21:46,2309.8,2309.8,2310,5,1,29
9:21:46,2309.8,2309.6,2310,8,84,33
9:21:47,2309.6,2309.6,2309.8,5,81,3
9:21:47,2309.8,2309.6,2309.8,6,76,2
9:21:48,2309.6,2309.6,2309.8,3,76,6
9:21:49,2309.6,2309.6,2309.8,2,76,5
9:21:49,2309.8,2309.6,2309.8,27,53,3
9:21:50,2309.6,2309.6,2309.8,7,49,2
9:21:50,2309.8,2309.6,2309.8,6,51,1
9:21:51,2309.8,2309.6,2309.8,8,44,2
9:21:51,2309.8,2309.6,2309.8,2,43,3
9:21:52,2309.6,2309.6,2309.8,7,40,4
9:21:53,2309.8,2309.8,2310,14,1,44
9:21:53,2309.6,2309.6,2310,5,39,42
9:21:54,2309.6,2309.6,2309.8,4,39,1
9:21:54,2309.6,2309.6,2309.8,3,36,1
9:21:55,2309.6,2309.6,2309.8,1,36,11
9:21:55,2309.6,2309.6,2309.8,2,35,14
9:21:56,2309.6,2309.6,2309.8,5,31,14
9:21:56,2309.8,2309.6,2309.8,2,31,16
9:21:57,2309.6,2309.6,2309.8,5,27,16
9:21:57,2309.6,2309.6,2309.8,3,25,16
9:21:58,2309.6,2309.6,2309.8,6,20,15
9:21:58,2309.4,2309.4,2309.6,21,59,3
9:21:59,2309.6,2309.4,2309.6,4,59,44
9:21:59,2309.4,2309.4,2309.6,4,56,45
9:22:00,2309.6,2309.4,2309.6,7,52,47
9:22:00,2309.4,2309.4,2309.6,13,42,56
9:22:01,2309.4,2309.4,2309.6,13,31,47
9:22:01,2309.2,2309.2,2309.4,37,94,2
9:22:02,2309.2,2309.2,2309.4,49,82,4
9:22:02,2309.4,2309.4,2309.6,5,7,18
9:22:03,2309.2,2309.2,2309.6,47,55,18
9:22:03,2309.2,2309.2,2309.4,3,44,8
9:22:04,2309.4,2309.2,2309.4,6,42,4
9:22:04,2309.4,2309.4,2309.6,10,10,18
9:22:05,2309.4,2309.4,2309.6,4,9,19
9:22:05,2309.4,2309.4,2309.6,5,6,19
9:22:06,2309.4,2309.4,2309.6,11,11,19
9:22:06,2309.6,2309.4,2309.6,35,1,14
9:22:07,2309.6,2309.4,2309.6,3,4,19
9:22:07,2309.4,2309.2,2309.4,4,48,34
9:22:08,2309.4,2309.2,2309.4,23,44,19
9:22:08,2309.2,2309.2,2309.4,8,79,13
9:22:09,2309.2,2309.2,2309.4,6,76,12
9:22:09,2309.4,2309.2,2309.4,40,38,15
9:22:10,2309.4,2309.2,2309.4,4,38,11
9:22:10,2309.4,2309.2,2309.4,7,33,11
9:22:11,2309.2,2309.2,2309.4,1,43,12
9:22:12,2309.6,2309.6,2309.8,59,25,18
9:22:12,2309.6,2309.6,2309.8,11,15,17
9:22:13,2309.8,2309.6,2309.8,3,13,16
9:22:13,2309.6,2309.6,2309.8,12,3,32
9:22:14,2309.8,2309.4,2309.8,5,15,32
9:22:14,2309.4,2309.4,2309.6,1,22,20
9:22:15,2309.6,2309.4,2309.6,13,30,30
9:22:15,2309.6,2309.4,2309.6,1,18,30
9:22:16,2309.6,2309.4,2309.6,3,18,29
9:22:16,2309.4,2309.4,2309.6,3,15,29
9:22:17,2309.6,2309.4,2309.6,16,15,13
9:22:17,2309.4,2309.4,2309.6,2,13,13
9:22:18,2309.4,2309.4,2309.6,1,12,35
9:22:18,2309.6,2309.4,2309.6,2,14,33
9:22:19,2309.6,2309.4,2309.6,5,15,29
9:22:19,2309.4,2309.4,2309.6,2,14,30
9:22:20,2309.6,2309.4,2309.6,11,3,31
9:22:20,2309.4,2309.2,2309.4,3,93,1
9:22:21,2309.4,2309.2,2309.6,4,93,30
9:22:21,2309.6,2309.4,2309.6,6,1,24
9:22:22,2309.4,2309.2,2309.6,1,90,26
9:22:22,2309.6,2309.4,2309.6,3,24,23
9:22:23,2309.4,2309.4,2309.6,6,21,23
9:22:23,2309.4,2309.4,2309.6,2,27,29
9:22:24,2309.6,2309.4,2309.6,1,27,29
9:22:24,2309.4,2309.4,2309.6,4,29,27
9:22:25,2309.6,2309.4,2309.6,3,24,28
9:22:26,2309.6,2309.4,2309.6,9,24,40
9:22:26,2309.6,2309.4,2309.6,1,25,39
9:22:27,2309.6,2309.4,2309.6,2,24,38
9:22:27,2309.4,2309.4,2309.6,1,24,38
9:22:28,2309.4,2309.4,2309.6,1,28,38
9:22:28,2309.6,2309.4,2309.6,4,42,34
9:22:29,2309.4,2309.4,2309.6,12,31,33
9:22:29,2309.6,2309.4,2309.6,14,31,22
9:22:30,2309.6,2309.4,2309.6,15,33,7
9:22:30,2309.4,2309.4,2309.6,2,35,12
9:22:31,2309.6,2309.4,2309.6,2,35,11
9:22:31,2309.4,2309.4,2309.6,2,33,11
9:22:32,2309.6,2309.4,2309.6,3,32,9
9:22:32,2309.6,2309.4,2309.6,1,32,8
9:22:33,2309.6,2309.4,2309.6,4,33,5
9:22:33,2309.6,2309.4,2309.6,2,35,4
9:22:34,2309.4,2309.4,2309.6,12,23,4
9:22:34,2309.6,2309.4,2309.6,2,22,3
9:22:35,2309.6,2309.4,2309.6,1,22,2
9:22:36,2309.6,2309.4,2309.6,6,15,11
9:22:36,2309.4,2309.4,2309.6,2,13,12
9:22:37,2309.6,2309.4,2309.6,3,14,10
9:22:38,2309.4,2309.4,2309.6,1,13,11
9:22:39,2309.4,2309.4,2309.6,2,20,13
9:22:39,2309.6,2309.4,2309.6,1,20,12
9:22:40,2309.4,2309.4,2309.6,6,15,13
9:22:40,2309.4,2309.4,2309.6,1,14,13
9:22:42,2309.6,2309.4,2309.6,6,19,7
9:22:42,2309.4,2309.4,2309.6,10,35,1
9:22:43,2309.6,2309.6,2309.8,1,2,49
9:22:43,2309.6,2309.4,2309.6,4,34,3
9:22:44,2309.6,2309.4,2309.8,2,35,49
9:22:44,2309.6,2309.6,2309.8,1,49,48
9:22:45,2309.6,2309.6,2309.8,31,18,48
9:22:45,2309.6,2309.6,2309.8,3,16,147
9:22:46,2309.6,2309.6,2309.8,8,8,147
9:22:46,2309.6,2309.4,2309.6,10,36,9
9:22:47,2309.6,2309.4,2309.6,3,37,14
9:22:48,2309.6,2309.6,2309.8,14,2,150
9:22:48,2309.8,2309.6,2309.8,22,2,131
9:22:49,2309.8,2309.4,2309.6,3,36,2
9:22:49,2309.6,2309.6,2309.8,2,2,130
9:22:50,2309.6,2309.4,2309.6,4,39,3
9:22:50,2309.6,2309.4,2309.6,7,40,2
9:22:51,2309.6,2309.4,2309.6,2,41,1
9:22:51,2309.6,2309.6,2309.8,1,1,131
9:22:52,2309.8,2309.4,2309.8,7,41,128
9:22:52,2309.4,2309.6,2309.8,1,1,137
9:22:53,2309.6,2309.4,2309.8,4,41,125
9:22:54,2309.6,2309.4,2309.6,1,42,3
9:22:55,2309.4,2309.4,2309.6,3,43,1
9:22:55,2309.6,2309.4,2309.6,1,44,1
9:22:56,2309.6,2309.4,2309.8,1,45,127
9:22:57,2309.6,2309.6,2309.8,2,5,128
9:22:58,2309.6,2309.6,2309.8,7,8,124
9:23:00,2309.6,2309.6,2309.8,1,13,124
9:23:00,2309.6,2309.6,2309.8,3,15,124
9:23:01,2309.6,2309.6,2309.8,1,11,124
9:23:01,2309.8,2309.6,2309.8,9,6,121
9:23:02,2309.4,2309.4,2309.8,13,54,119
9:23:02,2309.4,2309.4,2309.6,1,53,3
9:23:03,2309.6,2309.4,2309.6,1,55,2
9:23:03,2309.6,2309.4,2309.6,1,55,3
9:23:04,2309.6,2309.4,2309.8,3,55,119
9:23:04,2309.4,2309.6,2309.8,1,2,119
9:23:05,2309.8,2309.6,2309.8,1,9,118
9:23:05,2309.8,2309.6,2309.8,2,12,116
9:23:06,2309.6,2309.6,2309.8,1,12,116
9:23:06,2309.6,2309.6,2309.8,1,32,116
9:23:07,2309.6,2309.6,2309.8,2,31,115
9:23:07,2309.8,2309.6,2309.8,1,36,115
9:23:08,2309.8,2309.6,2309.8,2,39,113
9:23:08,2309.6,2309.6,2309.8,11,39,103
9:23:09,2309.8,2309.6,2309.8,6,41,97
9:23:09,2309.8,2309.6,2309.8,67,50,29
9:23:10,2310,2309.8,2310,39,93,94
9:23:10,2310,2309.8,2310,10,94,94
9:23:11,2310,2309.8,2310,43,95,51
9:23:11,2310,2309.8,2310,19,95,32
9:23:12,2310,2309.8,2310,6,94,27
9:23:12,2309.8,2309.8,2310,7,93,23
9:23:13,2309.8,2309.8,2310,2,91,23
9:23:13,2310,2309.8,2310,2,91,23
9:23:14,2310,2309.8,2310,2,91,21
9:23:14,2309.8,2309.8,2310,21,70,18
9:23:15,2310,2309.8,2310,24,51,13
9:23:15,2310,2309.8,2310,2,52,16
9:23:16,2310,2309.8,2310,15,50,16
9:23:16,2310,2309.8,2310,1,50,21
9:23:17,2310,2309.8,2310,12,50,10
9:23:17,2309.8,2309.8,2310,6,48,12
9:23:18,2310,2309.8,2310,1,16,12
9:23:18,2310,2309.8,2310,6,15,7
9:23:19,2310,2310,2310.2,24,2,53
9:23:19,2310.2,2309.8,2310,12,15,1
9:23:20,2309.8,2309.8,2310,10,6,4
9:23:21,2310,2309.8,2310,4,6,2
9:23:22,2310,2309.8,2310,1,7,10
9:23:22,2310,2309.8,2310,4,8,6
9:23:23,2309.8,2309.8,2310.2,1,24,53
9:23:24,2310,2309.8,2310.2,1,25,53
9:23:24,2310,2309.8,2310,2,24,1
9:23:25,2309.8,2309.8,2310,2,21,2
9:23:26,2309.8,2309.8,2310,1,20,6
9:23:26,2310,2309.8,2310.2,6,20,58
9:23:27,2310,2310,2310.2,1,26,59
9:23:28,2310.2,2310,2310.2,17,19,52
9:23:28,2310,2310,2310.2,7,15,52
9:23:29,2310.2,2310,2310.2,11,12,41
9:23:29,2310.2,2310,2310.2,14,22,27
9:23:30,2310,2310,2310.2,6,25,24
9:23:31,2310.2,2310,2310.2,9,28,22
9:23:32,2310,2310,2310.2,15,23,13
9:23:33,2310,2310,2310.2,10,16,13
9:23:34,2310.2,2310,2310.2,10,17,3
9:23:35,2310.2,2310,2310.2,8,17,4
9:23:35,2310,2310,2310.2,4,14,3
9:23:36,2310.2,2310,2310.2,4,12,4
9:23:37,2310.2,2310,2310.2,4,12,1
9:23:38,2310.2,2310,2310.2,2,13,1
9:23:38,2310.2,2310.2,2310.4,2,1,52
9:23:39,2310.2,2310,2310.2,1,13,2
9:23:39,2310.2,2310,2310.2,1,14,1
9:23:40,2310.2,2310,2310.2,1,17,2
9:23:42,2310.2,2310,2310.2,2,18,6
9:23:42,2310.2,2310,2310.2,2,18,4
9:23:44,2310.2,2310,2310.2,1,18,19
9:23:44,2310,2310,2310.2,12,8,21
9:23:45,2310,2309.8,2310.2,24,27,6
9:23:46,2309.8,2310,2310.2,3,1,16
9:23:46,2310,2309.8,2310.2,5,23,16
9:23:47,2310.2,2309.8,2310.2,4,22,15
9:23:47,2309.8,2309.8,2310,1,23,1
9:23:48,2309.8,2309.8,2310,6,18,4
9:23:48,2309.8,2309.8,2310,3,16,3
9:23:49,2309.8,2309.8,2310,1,15,3
9:23:50,2309.8,2309.8,2310,2,14,3
9:23:50,2310,2309.8,2310,6,10,1
9:23:51,2310,2309.6,2310.2,21,15,21
9:23:53,2309.6,2309.6,2310,6,9,6
9:23:54,2310,2309.6,2310,2,9,13
9:23:55,2309.6,2309.4,2309.6,10,58,20
9:23:55,2309.6,2309.4,2309.6,12,38,8
9:23:56,2309.6,2309.4,2309.6,10,38,7
9:23:57,2309.6,2309.4,2309.8,1,37,12
9:23:58,2309.4,2309.4,2309.8,1,36,12
9:23:58,2309.4,2309.4,2309.8,1,35,16
9:23:59,2309.4,2309.4,2309.8,9,27,15
9:23:59,2309.4,2309.4,2309.8,12,15,15
9:24:00,2309.4,2309.4,2309.6,13,3,9
9:24:01,2309.2,2309.2,2309.4,6,78,3
9:24:01,2309.4,2309.2,2309.6,10,78,9
9:24:02,2309.2,2309.2,2309.4,32,47,1
9:24:02,2309.2,2309.2,2309.4,15,34,1
9:24:03,2309.2,2309.2,2309.4,11,23,3
9:24:03,2309.2,2309,2309.2,30,152,2
9:24:04,2309,2309,2309.2,56,97,11
9:24:04,2309,2309,2309.2,31,62,15
9:24:05,2309,2309,2309.2,37,29,17
9:24:05,2309.2,2309,2309.2,13,18,18
9:24:06,2309,2308.8,2309.2,20,72,21
9:24:06,2309,2309,2309.2,31,7,33
9:24:07,2309,2308.8,2309,9,50,18
9:24:07,2309,2308.8,2309,9,57,10
9:24:08,2308.8,2308.8,2309,18,45,25
9:24:08,2308.8,2308.8,2309,38,29,4
9:24:09,2308.8,2308.8,2309,22,14,11
9:24:09,2308.8,2308.8,2309,22,7,7
9:24:10,2309,2308.8,2309,24,7,7
9:24:10,2308.8,2308.8,2309,3,4,7
9:24:11,2309,2308.6,2309,21,26,1
9:24:11,2308.8,2308.6,2308.8,33,1,6
9:24:12,2308.6,2308.4,2308.6,3,43,2
9:24:12,2308.6,2308.4,2308.6,14,38,4
9:24:13,2308.6,2308.6,2308.8,15,1,17
9:24:13,2308.8,2308.8,2309,26,5,75
9:24:14,2308.6,2308.6,2308.8,10,26,34
9:24:14,2308.6,2308.6,2308.8,21,10,33
9:24:15,2308.6,2308.6,2308.8,18,4,46
9:24:15,2308.8,2308.6,2308.8,1,6,42
9:24:16,2308.6,2308.4,2308.8,7,32,56
9:24:16,2308.8,2308.6,2308.8,3,1,55
9:24:17,2308.6,2308.4,2308.6,6,32,2
9:24:17,2308.6,2308.4,2308.6,8,30,2
9:24:18,2308.6,2308.4,2308.6,14,30,12
9:24:18,2308.6,2308.4,2308.6,6,78,11
9:24:19,2308.4,2308.4,2308.6,10,75,8
9:24:19,2308.4,2308.4,2308.6,26,53,1
9:24:20,2308.6,2308.6,2308.8,20,26,48
9:24:20,2308.6,2308.6,2308.8,29,20,28
9:24:21,2308.6,2308.6,2308.8,7,23,27
9:24:21,2308.6,2308.6,2308.8,32,13,21
9:24:22,2308.8,2308.6,2308.8,9,6,18
9:24:22,2308.6,2308.6,2308.8,3,8,16
9:24:23,2308.6,2308.6,2308.8,2,9,16
9:24:23,2308.6,2308.6,2308.8,3,8,17
9:24:24,2308.6,2308.6,2308.8,7,9,15
9:24:24,2308.6,2308.6,2308.8,3,9,29
9:24:25,2308.6,2308.6,2308.8,8,7,29
9:24:25,2308.6,2308.6,2308.8,17,3,17
9:24:26,2308.6,2308.4,2308.6,25,62,6
9:24:26,2308.4,2308.4,2308.8,13,62,3
9:24:27,2308.4,2308.4,2308.8,4,60,2
9:24:27,2308.4,2308.4,2308.6,9,59,7
9:24:28,2308.6,2308.6,2308.8,13,1,3
9:24:28,2308.8,2308.6,2308.8,9,3,1
9:24:29,2308.8,2308.8,2309,3,1,88
9:24:29,2308.6,2308.4,2308.8,9,54,2
9:24:30,2308.4,2308.4,2308.8,3,55,2
9:24:30,2308.6,2308.6,2308.8,12,6,4
9:24:31,2308.6,2308.6,2308.8,12,39,9
9:24:31,2308.8,2308.6,2308.8,13,29,9
9:24:32,2308.6,2308.6,2308.8,8,22,2
9:24:32,2308.6,2308.4,2308.6,33,60,39
9:24:33,2308.6,2308.4,2308.6,27,60,14
9:24:33,2308.6,2308.4,2308.6,10,56,10
9:24:34,2308.8,2308.4,2308.8,19,57,2
9:24:34,2308.8,2308.4,2308.8,3,56,1
9:24:35,2308.4,2308.6,2308.8,12,7,6
9:24:35,2308.4,2308.6,2308.8,20,2,6
9:24:36,2308.6,2308.4,2308.8,3,35,11
9:24:36,2308.4,2308.4,2308.6,5,31,1
9:24:37,2308.4,2308.4,2308.6,4,28,5
9:24:37,2308.4,2308.4,2308.6,3,26,16
9:24:38,2308.6,2308.4,2308.6,1,26,15
9:24:38,2308.6,2308.4,2308.6,10,23,10
9:24:39,2308.4,2308.4,2308.6,5,21,11
9:24:39,2308.4,2308.4,2308.6,10,12,10
9:24:40,2308.4,2308.4,2308.6,8,6,10
9:24:40,2308.4,2308.4,2308.6,4,5,8
9:24:41,2308.4,2308.4,2308.6,4,27,9
9:24:41,2308.4,2308.4,2308.6,5,23,9
9:24:42,2308.6,2308.4,2308.6,7,21,5
9:24:42,2308.6,2308.4,2308.6,5,20,1
9:24:43,2308.6,2308.4,2308.6,6,17,1
9:24:43,2308.4,2308.4,2308.6,11,7,1
9:24:44,2308.4,2308.4,2308.6,7,8,5
9:24:45,2308.4,2308.4,2308.6,6,20,3
9:24:45,2308.4,2308.4,2308.6,12,10,2
9:24:46,2308.6,2308.4,2308.6,13,2,5
9:24:46,2308.2,2308.4,2308.6,5,2,8
9:24:47,2308.2,2308.2,2308.4,16,105,29
9:24:47,2308.4,2308.2,2308.4,2,104,42
9:24:48,2308.4,2308.2,2308.4,3,104,52
9:24:48,2308.4,2308.2,2308.4,9,101,108
9:24:49,2308.2,2308.2,2308.4,35,69,108
9:24:49,2308.4,2308.2,2308.4,50,22,100
9:24:50,2308.2,2308,2308.2,24,174,2
9:24:50,2308.2,2308,2308.2,12,168,5
9:24:51,2308,2308,2308.2,12,159,5
9:24:51,2308,2308,2308.4,31,137,94
9:24:52,2308,2308,2308.4,11,135,96
9:24:52,2308,2308,2308.2,24,129,3
9:24:53,2308.2,2308.2,2308.4,14,14,109
9:24:53,2308.4,2308.2,2308.4,6,22,108
9:24:54,2308.2,2308.2,2308.4,8,38,108
9:24:54,2308.2,2308.2,2308.4,8,50,98
9:24:55,2308.4,2308.2,2308.4,57,19,75
9:24:55,2308.2,2308.2,2308.4,66,22,13
9:24:56,2308.2,2308.2,2308.4,11,27,6
9:24:56,2308.4,2308.4,2308.6,6,1,13
9:24:57,2308.4,2308.2,2308.4,9,38,43
9:24:57,2308.4,2308.2,2308.4,14,65,30
9:24:58,2308.4,2308.2,2308.4,37,46,29
9:24:58,2308.2,2308.2,2308.4,7,42,31
9:24:59,2308.4,2308.2,2308.4,10,39,25
9:24:59,2308.2,2308,2308.2,50,131,11
9:25:00,2308,2308,2308.2,7,129,8
9:25:00,2308,2308,2308.2,33,108,5
9:25:01,2308,2308,2308.2,24,96,9
9:25:01,2308,2308,2308.2,20,84,5
9:25:02,2308,2308,2308.2,19,67,18
9:25:02,2307.8,2307.8,2308.2,92,16,14
9:25:03,2307.4,2307.4,2307.8,55,6,2
9:25:03,2307.6,2307.8,2308,16,1,1
9:25:04,2308,2308,2308.2,7,42,36
9:25:04,2308,2307.6,2308,43,10,1
9:25:05,2307.8,2307.8,2308,4,10,3
9:25:05,2307.6,2307.4,2307.6,45,13,10
9:25:06,2307.4,2307.4,2307.6,9,22,13
9:25:06,2307.6,2307.4,2307.6,8,27,2
9:25:07,2307.4,2307.4,2307.8,10,21,5
9:25:07,2307.4,2307.6,2307.8,10,15,12
9:25:08,2307.6,2307.6,2307.8,2,50,22
9:25:08,2307.8,2307.6,2307.8,21,36,19
9:25:09,2307.6,2307.6,2307.8,29,27,4
9:25:09,2307.8,2307.8,2308.2,51,2,32
9:25:10,2308,2308,2308.2,14,86,19
9:25:10,2308.2,2308,2308.2,8,85,12
9:25:11,2308,2308,2308.2,58,33,4
9:25:11,2308,2308,2308.4,18,24,40
9:25:12,2308,2308.2,2308.4,5,28,39
9:25:12,2308.2,2308,2308.2,53,25,20
9:25:13,2308,2308,2308.2,4,22,22
9:25:13,2308.2,2308,2308.2,12,9,24
9:25:14,2308,2307.8,2308,36,9,10
9:25:14,2307.8,2307.6,2307.8,20,50,15
9:25:15,2308,2307.6,2308,41,57,1
9:25:15,2308,2307.8,2308.2,2,9,30
9:25:16,2308.2,2307.6,2308.2,46,20,24
9:25:16,2308.2,2307.8,2308,9,1,1
9:25:17,2307.6,2307.6,2308,15,18,1
9:25:17,2308,2307.6,2307.8,4,18,18
9:25:18,2307.6,2307.6,2307.8,21,7,7
9:25:18,2307.8,2307.6,2307.8,4,7,3
9:25:19,2307.6,2307.6,2308,6,7,4
9:25:19,2307.6,2307.4,2307.6,20,30,7
9:25:20,2307.6,2307.6,2307.8,12,19,2
9:25:20,2307.6,2307.6,2307.8,6,19,1
9:25:21,2307.8,2307.6,2307.8,12,32,2
9:25:21,2307.8,2307.6,2308,10,25,16
9:25:22,2307.6,2307.8,2308,8,1,48
9:25:22,2308,2307.8,2308,3,2,49
9:25:23,2308,2307.8,2308,6,1,46
9:25:23,2308,2307.8,2308,5,6,43
9:25:24,2307.8,2307.6,2307.8,7,22,19
9:25:24,2307.8,2307.6,2307.8,1,23,28
9:25:25,2307.8,2307.6,2307.8,14,32,16
9:25:25,2307.6,2307.6,2307.8,34,4,13
9:25:26,2307.6,2307.6,2307.8,4,3,10
9:25:26,2307.8,2307.6,2307.8,10,15,3
9:25:27,2307.8,2307.8,2308,5,1,57
9:25:27,2307.6,2307.4,2307.6,20,68,23
9:25:28,2307.6,2307.4,2307.6,12,68,13
9:25:28,2307.6,2307.6,2307.8,17,13,4
9:25:29,2307.8,2307.8,2308,18,9,60
9:25:29,2307.8,2307.8,2308,5,10,59
9:25:30,2308,2307.8,2308,15,8,49
9:25:30,2307.8,2307.8,2308,2,10,51
9:25:31,2307.8,2307.8,2308,9,2,53
9:25:31,2307.8,2307.8,2308,2,3,55
9:25:32,2308,2307.8,2308,1,4,54
9:25:32,2308,2307.8,2308,1,6,53
9:25:33,2308,2307.8,2308,4,5,53
9:25:34,2308,2307.8,2308,27,8,25
9:25:34,2308,2307.8,2308,3,6,24
9:25:35,2308,2307.8,2308,1,10,23
9:25:35,2308.4,2308,2308.4,78,31,6
9:25:36,2308.4,2308.2,2308.4,14,2,6
9:25:36,2308.4,2308.4,2308.6,15,37,13
9:25:37,2308.6,2308.4,2308.6,23,35,5
9:25:38,2308.6,2308.6,2308.8,5,32,25
9:25:38,2308.8,2308.6,2308.8,36,8,22
9:25:39,2308.8,2308.6,2308.8,2,15,22
9:25:39,2308.6,2308.6,2308.8,2,14,27
9:25:40,2308.8,2308.6,2308.8,5,14,26
9:25:40,2308.8,2308.6,2308.8,7,16,24
9:25:41,2308.6,2308.6,2308.8,12,8,21
9:25:41,2308.6,2308.4,2308.6,9,35,11
9:25:42,2308.6,2308.4,2308.6,13,34,1
9:25:42,2308.4,2308.4,2308.6,11,26,6
9:25:43,2308.6,2308.4,2308.8,8,24,21
9:25:43,2308.8,2308.4,2308.8,8,24,21
9:25:44,2308.4,2308.4,2308.6,4,23,12
9:25:44,2308.6,2308.4,2308.6,1,22,11
9:25:45,2308.6,2308.4,2308.6,3,22,12
9:25:46,2308.4,2308.4,2308.6,4,21,12
9:25:47,2308.4,2308.4,2308.6,4,21,12
9:25:47,2308.6,2308.4,2308.6,21,20,1
9:25:48,2308.4,2308.2,2308.6,20,55,2
9:25:48,2308.6,2308.2,2308.6,5,55,3
9:25:49,2308.4,2308.2,2308.4,9,55,11
9:25:49,2308.6,2308.4,2308.6,18,6,13
9:25:50,2308.4,2308.4,2308.6,1,7,19
9:25:50,2308.6,2308.4,2308.6,4,7,16
9:25:51,2308.4,2308.2,2308.6,13,69,21
9:25:51,2308.6,2308.4,2308.6,2,1,41
9:25:52,2308.6,2308.4,2308.6,1,5,40
9:25:52,2308.6,2308.4,2308.6,2,5,39
9:25:53,2308.6,2308.4,2308.6,2,4,41
9:25:53,2308.6,2308.4,2308.6,1,4,40
9:25:54,2308.4,2308.4,2308.6,1,3,40
9:25:54,2308.6,2308.4,2308.6,3,5,37
9:25:55,2308.6,2308.4,2308.6,35,6,2
9:25:55,2308.4,2308.2,2308.4,6,70,8
9:25:56,2308.2,2308.2,2308.4,8,67,5
9:25:57,2308.6,2308.6,2308.8,10,35,63
9:25:57,2308.8,2308.6,2308.8,3,33,62
9:25:58,2308.6,2308.6,2308.8,4,30,64
9:25:58,2308.6,2308.4,2308.6,30,8,1
9:25:59,2308.4,2308.4,2308.8,2,15,65
9:26:00,2308.4,2308.4,2308.6,1,21,23
9:26:00,2308.4,2308.4,2308.6,26,4,19
9:26:01,2308.4,2308.2,2308.4,5,69,2
9:26:01,2308.4,2308.4,2308.6,8,2,23
9:26:02,2308.2,2308.2,2308.4,9,74,1
9:26:02,2308.4,2308.2,2308.4,13,66,6
9:26:03,2308.4,2308.4,2308.6,10,1,33
9:26:03,2308.6,2308.4,2308.6,2,1,33
9:26:04,2308.2,2308.2,2308.4,10,60,1
9:26:04,2308.6,2308.4,2308.6,8,1,27
9:26:05,2308.4,2308.4,2308.6,1,2,28
9:26:06,2308.4,2308.2,2308.4,3,61,10
9:26:06,2308.4,2308.2,2308.4,4,60,9
9:26:07,2308.4,2308.2,2308.4,2,60,11
9:26:07,2308.4,2308.2,2308.4,4,59,8
9:26:08,2308.6,2308.2,2308.6,9,59,26
9:26:08,2308.4,2308.2,2308.6,3,59,24
9:26:09,2308.2,2308.4,2308.6,2,1,24
9:26:10,2308.6,2308.4,2308.6,1,1,45
9:26:11,2308.2,2308.2,2308.6,3,61,50
9:26:12,2308.6,2308.4,2308.6,2,1,53
9:26:13,2308.4,2308.2,2308.4,6,62,34
9:26:13,2308.4,2308.2,2308.4,5,62,29
9:26:14,2308.2,2308.2,2308.4,4,59,28
9:26:14,2308.2,2308.2,2308.4,40,19,28
9:26:15,2308.2,2308.2,2308.4,17,6,28
9:26:15,2308.2,2308,2308.2,8,28,4
9:26:16,2308,2308,2308.4,4,26,27
9:26:16,2308.2,2308,2308.4,1,30,29
9:26:17,2308,2308,2308.4,3,35,29
9:26:17,2308.4,2308,2308.4,6,33,28
9:26:18,2308,2308,2308.4,2,32,29
9:26:18,2308,2308,2308.4,32,1,29
9:26:19,2308,2308,2308.2,1,1,8
9:26:19,2308,2307.8,2308,3,23,2
9:26:20,2308,2307.8,2308,14,16,6
9:26:20,2307.8,2307.6,2307.8,20,34,3
9:26:21,2307.6,2307.6,2307.8,2,32,3
9:26:21,2307.6,2307.6,2307.8,4,28,3
9:26:22,2307.6,2307.6,2307.8,7,22,2
9:26:22,2307.6,2307.6,2307.8,2,22,1
9:26:23,2307.6,2307.6,2307.8,4,19,2
9:26:23,2307.6,2307.6,2307.8,4,16,2
9:26:24,2307.6,2307.6,2307.8,4,17,1
9:26:24,2307.8,2307.8,2308,2,5,3
9:26:25,2307.8,2307.8,2308,7,1,3
9:26:25,2307.6,2307.8,2308,2,1,3
9:26:26,2308,2307.8,2308,1,3,3
9:26:26,2307.8,2307.8,2308,3,3,4
9:26:27,2308,2308,2308.2,4,2,7
9:26:28,2308,2307.8,2308,3,7,7
9:26:29,2308,2307.8,2308,1,27,7
9:26:29,2308,2307.8,2308,1,27,6
9:26:30,2308,2307.8,2308,1,27,6
9:26:31,2308,2307.8,2308,6,24,7
9:26:32,2307.8,2307.8,2308,2,24,7
9:26:33,2308,2307.8,2308,1,27,8
9:26:33,2307.8,2307.8,2308,4,28,12
9:26:34,2307.8,2307.8,2308,4,25,12
9:26:34,2307.8,2307.8,2308,18,9,13
9:26:35,2308,2307.8,2308,5,7,15
9:26:36,2307.8,2307.8,2308,3,6,13
9:26:36,2308,2308,2308.2,13,7,15
9:26:37,2308,2308,2308.2,5,3,14
9:26:37,2308,2308,2308.2,2,53,16
9:26:38,2308,2308,2308.2,1,55,17
9:26:38,2308.2,2308,2308.2,9,51,12
9:26:39,2308,2308,2308.2,7,50,7
9:26:40,2308,2308,2308.2,2,50,7
9:26:40,2308.2,2308,2308.2,4,49,4
9:26:41,2308,2308,2308.2,1,49,4
9:26:42,2308.2,2308,2308.2,3,48,2
9:26:43,2308,2308,2308.4,3,47,64
9:26:43,2308,2308,2308.2,22,26,1
9:26:44,2308.2,2308,2308.2,2,26,12
9:26:45,2308,2308,2308.2,1,25,23
9:26:45,2308,2308,2308.2,1,25,28
9:26:46,2308,2308,2308.2,1,24,28
9:26:47,2308,2308,2308.2,1,29,33
9:26:47,2308,2308,2308.2,3,26,36
9:26:48,2308.2,2308,2308.2,3,25,38
9:26:48,2308.2,2308,2308.2,7,21,40
9:26:49,2308.2,2308,2308.2,2,21,38
9:26:49,2308,2308,2308.2,7,15,39
9:26:50,2308,2308,2308.2,5,13,38
9:26:50,2308,2308,2308.2,4,9,40
9:26:51,2308,2308,2308.2,1,10,40
9:26:51,2308,2308,2308.2,5,10,36
9:26:52,2308,2308,2308.2,3,8,35
9:26:53,2308,2308,2308.2,7,8,29
9:26:53,2308.2,2308,2308.2,2,8,27
9:26:54,2308.2,2308,2308.2,2,9,25
9:26:55,2308,2308,2308.2,2,5,26
9:26:56,2308.2,2308.2,2308.4,26,74,68
9:26:56,2308.2,2308.2,2308.4,1,75,68
9:26:58,2308.4,2308.2,2308.4,1,75,68
9:26:58,2308.4,2308.2,2308.4,6,72,65
9:26:59,2308.2,2308.2,2308.4,2,70,65
9:26:59,2308.2,2308.2,2308.4,2,69,64
9:27:00,2308.2,2308.2,2308.4,2,69,65
9:27:00,2308.2,2308.2,2308.4,2,78,64
9:27:01,2308.2,2308.2,2308.4,7,73,62
9:27:01,2308.2,2308.2,2308.4,20,57,58
9:27:02,2308.2,2308.2,2308.4,12,46,77
9:27:02,2308.4,2308.2,2308.4,15,45,63
9:27:03,2308.2,2308.2,2308.4,15,32,61
9:27:03,2308.2,2308.2,2308.4,3,31,59
9:27:04,2308.4,2308.2,2308.4,1,31,58
9:27:04,2308.2,2308.2,2308.4,1,40,58
9:27:05,2308.4,2308.2,2308.4,23,20,55
9:27:05,2308.4,2308.2,2308.4,5,18,52
9:27:06,2308.4,2308.2,2308.4,3,18,50
9:27:06,2308.4,2308.2,2308.4,18,17,33
9:27:07,2308.4,2308.2,2308.4,2,17,31
9:27:07,2308.4,2308.2,2308.4,10,19,21
9:27:08,2308.4,2308,2308.4,28,18,17
9:27:08,2308.4,2308.2,2308.4,4,1,13
9:27:09,2308.4,2308,2308.4,8,22,6
9:27:09,2308.6,2308.2,2308.6,23,30,30
9:27:10,2308.6,2308.4,2308.6,2,2,28
9:27:10,2308.6,2308.4,2308.6,4,1,25
9:27:11,2308.6,2308.4,2308.6,1,9,24
9:27:12,2308.6,2308.4,2308.6,8,12,16
9:27:12,2308.6,2308.4,2308.6,3,15,13
9:27:13,2308.6,2308.4,2308.6,3,15,13
9:27:13,2308.6,2308.4,2308.6,4,18,9
9:27:14,2308.6,2308.4,2308.6,3,18,6
9:27:14,2308.8,2308.4,2308.8,56,17,83
9:27:15,2308.4,2308.6,2308.8,6,2,78
9:27:15,2308.8,2308.6,2308.8,5,1,75
9:27:16,2308.8,2308.6,2308.8,39,2,36
9:27:16,2308.6,2308.4,2308.8,23,17,17
9:27:17,2308.8,2308.4,2308.8,2,18,16
9:27:17,2308.8,2308.6,2308.8,1,6,15
9:27:18,2308.8,2308.6,2308.8,1,6,15
9:27:18,2308.8,2308.6,2308.8,4,7,11
9:27:19,2308.8,2308.6,2308.8,3,8,8
9:27:20,2308.8,2308.6,2308.8,2,11,6
9:27:20,2308.8,2308.6,2308.8,8,11,4
9:27:21,2308.8,2308.8,2309,7,4,60
9:27:21,2309,2308.8,2309,11,5,50
9:27:22,2309,2308.8,2309,4,9,49
9:27:22,2309,2308.8,2309,11,6,46
9:27:23,2309,2308.8,2309,4,7,42
9:27:23,2308.8,2308.8,2309,13,2,36
9:27:24,2309,2308.6,2309,6,11,33
9:27:24,2309,2308.6,2309,3,8,33
9:27:25,2309,2308.6,2309,7,7,30
9:27:25,2308.6,2308.8,2309,2,1,30
9:27:26,2309,2308.6,2309,8,6,29
9:27:26,2309,2308.6,2308.8,12,12,1
9:27:27,2308.8,2308.6,2308.8,1,13,1
9:27:27,2308.8,2308.6,2308.8,3,15,2
9:27:28,2308.8,2308.6,2309,3,18,21
9:27:28,2308.8,2308.6,2309,2,17,21
9:27:29,2309,2309,2309.2,28,3,42
9:27:29,2309,2309,2309.2,2,4,41
9:27:30,2309.2,2309,2309.2,35,5,7
9:27:30,2309.2,2309,2309.2,2,6,5
9:27:31,2309.2,2309,2309.4,6,9,35
9:27:32,2309.2,2309.2,2309.4,7,6,29
9:27:32,2309.2,2309,2309.4,7,9,28
9:27:33,2309.2,2309,2309.2,3,9,37
9:27:33,2309.2,2309,2309.2,4,8,34
9:27:34,2309,2309,2309.2,5,4,53
9:27:34,2309,2309,2309.2,8,3,47
9:27:35,2309,2308.8,2309,5,9,3
9:27:35,2308.8,2308.8,2309,3,9,5
9:27:36,2308.8,2308.8,2309,4,6,5
9:27:36,2309,2308.8,2309,1,6,39
9:27:37,2308.8,2308.8,2309,2,5,43
9:27:37,2308.8,2308.6,2308.8,7,16,7
9:27:38,2308.8,2308.6,2308.8,2,23,11
9:27:38,2308.8,2308.6,2308.8,3,23,9
9:27:39,2308.8,2308.6,2308.8,3,23,6
9:27:39,2308.8,2308.6,2308.8,2,25,6
9:27:40,2308.8,2308.6,2308.8,1,25,5
9:27:41,2308.6,2308.6,2308.8,14,8,3
9:27:41,2308.8,2308.6,2308.8,2,8,12
9:27:42,2308.8,2308.6,2308.8,2,15,21
9:27:42,2308.6,2308.6,2308.8,5,10,21
9:27:43,2308.8,2308.6,2308.8,1,12,20
9:27:43,2308.6,2308.6,2308.8,2,10,20
9:27:44,2308.8,2308.6,2308.8,1,11,19
9:27:44,2308.6,2308.6,2308.8,4,10,15
9:27:45,2308.8,2308.6,2308.8,2,11,13
9:27:46,2308.8,2308.6,2308.8,2,13,11
9:27:46,2308.6,2308.6,2308.8,2,22,10
9:27:47,2308.8,2308.6,2308.8,5,22,5
9:27:48,2308.8,2308.6,2308.8,4,30,3
9:27:48,2308.8,2308.6,2309,3,33,82
9:27:50,2309,2308.8,2309,2,5,86
9:27:51,2309,2308.8,2309,15,5,72
9:27:51,2309,2308.8,2309,1,5,71
9:27:52,2309,2308.8,2309,9,1,67
9:27:53,2308.8,2308.8,2309,2,3,74
9:27:54,2309,2308.6,2308.8,6,36,1
9:27:54,2309,2308.6,2309,1,37,72
9:27:55,2308.6,2308.6,2308.8,5,32,1
9:27:56,2308.8,2308.6,2308.8,1,34,1
9:27:56,2308.8,2308.8,2309,1,1,87
9:27:57,2308.8,2308.8,2309,3,9,85
9:27:57,2308.8,2308.8,2309,10,4,84
9:27:58,2308.8,2308.8,2309,1,3,84
9:27:58,2309,2308.8,2309,9,6,75
9:27:59,2308.8,2308.8,2309,1,8,76
9:27:59,2308.8,2308.8,2309,3,6,76
9:28:00,2308.8,2308.6,2309,11,28,84
9:28:00,2309,2308.6,2309,5,32,81
9:28:01,2309,2308.6,2309,11,32,72
9:28:02,2309,2308.8,2309,1,5,77
9:28:03,2308.8,2308.8,2309,3,5,75
9:28:04,2308.8,2308.8,2309,3,4,81
9:28:04,2308.8,2308.8,2309,4,2,84
9:28:05,2308.8,2308.8,2309,1,7,86
9:28:05,2308.8,2308.8,2309,3,4,88
9:28:06,2309,2308.8,2309,6,8,84
9:28:07,2308.8,2308.8,2309,3,5,83
9:28:08,2308.8,2308.8,2309,2,5,78
9:28:08,2309,2308.8,2309,6,12,72
9:28:09,2308.8,2308.8,2309,1,12,73
9:28:10,2308.8,2308.8,2309,5,8,73
9:28:10,2309,2308.8,2309,1,14,72
9:28:11,2309,2308.8,2309,1,14,71
9:28:11,2309,2308.8,2309,2,13,70
9:28:12,2309,2308.8,2309,8,12,63
9:28:12,2308.8,2308.8,2309,9,11,55
9:28:13,2309,2308.8,2309,14,14,44
9:28:13,2309,2308.8,2309,2,14,43
9:28:14,2309,2308.8,2309,2,14,43
9:28:14,2308.8,2308.8,2309,1,14,44
9:28:15,2309,2308.8,2309,2,15,42
9:28:15,2309,2308.8,2309,2,17,41
9:28:16,2309,2308.8,2309,1,17,42
9:28:16,2309,2308.8,2309,1,29,41
9:28:17,2309,2308.8,2309,2,17,39
9:28:17,2309,2308.8,2309,2,17,37
9:28:18,2309,2308.8,2309,1,19,36
9:28:18,2308.8,2308.8,2309,3,18,34
9:28:19,2309,2308.8,2309,1,23,41
9:28:19,2309,2308.8,2309,13,25,28
9:28:20,2308.8,2308.8,2309,10,24,21
9:28:20,2309,2308.8,2309,1,34,22
9:28:21,2308.8,2308.8,2309,12,34,12
9:28:21,2308.8,2308.8,2309,3,32,12
9:28:22,2309,2308.8,2309,2,33,10
9:28:23,2308.8,2308.6,2309,33,36,12
9:28:24,2309,2308.6,2309,3,36,10
9:28:24,2309,2308.6,2308.8,10,36,1
9:28:25,2308.8,2308.6,2308.8,7,36,1
9:28:25,2308.8,2308.6,2309,2,36,2
9:28:26,2308.8,2308.6,2308.8,8,30,8
9:28:26,2308.8,2308.6,2308.8,1,30,7
9:28:27,2308.8,2308.6,2308.8,1,30,6
9:28:27,2309,2308.6,2309,7,30,16
9:28:29,2308.8,2308.6,2309,2,30,20
9:28:30,2309,2308.8,2309,2,1,19
9:28:30,2309,2308.8,2309,4,8,15
9:28:31,2309,2308.8,2309,1,12,16
9:28:31,2308.8,2308.8,2309,8,9,12
9:28:32,2308.8,2308.6,2308.8,9,32,13
9:28:32,2308.8,2308.6,2308.8,2,32,11
9:28:33,2308.8,2308.6,2308.8,1,32,11
9:28:33,2308.6,2308.6,2308.8,3,31,9
9:28:34,2308.6,2308.6,2308.8,2,30,10
9:28:34,2308.8,2308.6,2308.8,1,30,10
9:28:35,2308.6,2308.6,2308.8,7,30,4
9:28:35,2308.6,2308.6,2308.8,2,28,4
9:28:37,2308.8,2308.6,2308.8,1,29,3
9:28:37,2308.6,2308.6,2308.8,13,15,4
9:28:38,2308.6,2308.6,2308.8,12,11,1
9:28:39,2308.6,2308.6,2308.8,3,8,18
9:28:40,2308.6,2308.4,2308.6,14,72,5
9:28:40,2308.6,2308.4,2308.6,3,72,9
9:28:41,2308.4,2308.4,2308.6,3,69,9
9:28:41,2308.4,2308.4,2308.6,1,68,11
9:28:42,2308.4,2308.4,2308.6,12,58,11
9:28:43,2308.6,2308.4,2308.6,1,58,4
9:28:43,2308.6,2308.4,2308.6,1,58,3
9:28:44,2308.4,2308.4,2308.6,1,65,3
9:28:45,2308.4,2308.4,2308.6,1,64,5
9:28:45,2308.4,2308.4,2308.6,11,53,5
9:28:48,2308.4,2308.4,2308.6,1,53,16
9:28:48,2308.4,2308.4,2308.6,3,51,17
9:28:49,2308.4,2308.4,2308.6,5,46,18
9:28:49,2308.6,2308.4,2308.6,3,44,19
9:28:50,2308.4,2308.4,2308.6,1,44,19
9:28:50,2308.4,2308.4,2308.6,2,42,19
9:28:51,2308.4,2308.4,2308.6,1,41,19
9:28:51,2308.6,2308.4,2308.6,1,45,20
9:28:52,2308.6,2308.4,2308.6,1,45,19
9:28:52,2308.4,2308.4,2308.6,1,44,19
9:28:53,2308.4,2308.4,2308.6,2,44,19
9:28:54,2308.6,2308.4,2308.6,1,44,18
9:28:55,2308.4,2308.4,2308.6,5,39,20
9:28:55,2308.4,2308.4,2308.6,16,38,5
9:28:56,2308.6,2308.6,2308.8,5,1,20
9:28:56,2308.6,2308.4,2308.8,1,64,20
9:28:57,2308.4,2308.4,2308.6,2,63,2
9:28:57,2308.6,2308.4,2308.6,1,63,1
9:28:58,2308.6,2308.4,2308.8,4,63,21
9:28:58,2308.8,2308.6,2308.8,4,2,19
9:28:59,2308.8,2308.6,2308.8,2,2,17
9:29:00,2308.4,2308.4,2308.8,19,57,17
9:29:01,2308.6,2308.6,2308.8,2,1,18
9:29:01,2308.8,2308.6,2308.8,1,1,17
9:29:02,2308.4,2308.4,2308.6,27,35,1
9:29:02,2308.4,2308.4,2308.6,13,24,3
9:29:03,2308.4,2308.4,2308.8,7,22,14
9:29:04,2308.4,2308.4,2308.6,4,19,1
9:29:05,2308.6,2308.2,2308.6,32,61,1
9:29:06,2308.2,2308.2,2308.6,1,60,4
9:29:06,2308.2,2308.2,2308.6,13,58,14
9:29:07,2308.2,2308.2,2308.6,4,55,16
9:29:07,2308.2,2308.2,2308.6,6,51,14
9:29:08,2308.2,2308.2,2308.6,1,51,14
9:29:08,2308.2,2308.2,2308.6,2,49,15
9:29:09,2308.2,2308.2,2308.6,9,40,20
9:29:09,2308.2,2308.2,2308.6,3,37,21
9:29:10,2308.6,2308.2,2308.6,1,37,20
9:29:10,2308.2,2308.2,2308.6,1,36,21
9:29:11,2308.2,2308.2,2308.6,2,35,24
9:29:11,2308.2,2308.2,2308.6,1,34,25
9:29:12,2308.2,2308.2,2308.6,31,3,25
9:29:12,2308.4,2308.2,2308.6,3,2,25
9:29:13,2308.2,2308.2,2308.4,2,1,5
9:29:13,2308.4,2308.4,2308.6,10,4,25
9:29:14,2308.2,2308.2,2308.4,5,2,1
9:29:14,2308.6,2308.2,2308.6,12,7,15
9:29:15,2308.2,2308.2,2308.6,1,8,15
9:29:15,2308.2,2308.2,2308.6,12,32,6
9:29:16,2308.4,2308.4,2308.6,2,10,7
9:29:16,2308.2,2308.4,2308.6,20,4,5
9:29:17,2308.4,2308.4,2308.6,2,2,8
9:29:17,2308.6,2308.2,2308.6,4,35,10
9:29:19,2308.4,2308.2,2308.4,2,35,4
9:29:19,2308.4,2308.2,2308.4,3,35,2
9:29:20,2308.2,2308.2,2308.4,1,35,2
9:29:20,2308.2,2308.2,2308.4,1,35,3
9:29:21,2308.4,2308.2,2308.4,3,35,2
9:29:21,2308.4,2308.2,2308.4,13,25,1
9:29:22,2308.2,2308.2,2308.4,1,24,2
9:29:22,2308.2,2308.2,2308.4,2,23,13
9:29:23,2308.4,2308.2,2308.4,10,24,9
9:29:23,2308.2,2308.2,2308.4,6,19,26
9:29:24,2308.2,2308.2,2308.4,5,15,31
9:29:24,2308.2,2308.2,2308.4,4,11,30
9:29:25,2308.2,2308.2,2308.4,4,7,38
9:29:25,2308.2,2308,2308.2,7,55,2
9:29:26,2308.2,2308,2308.2,1,55,13
9:29:26,2308.2,2308,2308.2,1,57,12
9:29:27,2308,2308,2308.2,2,56,12
9:29:27,2308,2308,2308.2,1,55,12
9:29:28,2308.2,2308,2308.2,10,47,14
9:29:28,2308,2308,2308.2,4,45,13
9:29:29,2308.2,2308.2,2308.4,16,4,38
9:29:29,2308,2308,2308.4,7,43,38
9:29:30,2308,2308,2308.2,1,43,4
9:29:31,2308.2,2308,2308.2,3,44,3
9:29:31,2308.2,2308.2,2308.4,4,17,40
9:29:32,2308.2,2308,2308.2,18,43,64
9:29:32,2308.2,2308,2308.2,1,43,68
9:29:33,2308.2,2308,2308.2,5,47,63
9:29:33,2308,2308,2308.2,5,44,61
9:29:34,2308,2308,2308.2,11,38,62
9:29:34,2308,2308,2308.2,10,30,60
9:29:35,2308,2307.8,2308,32,17,4
9:29:35,2308,2307.8,2308,1,17,13
9:29:36,2308,2307.8,2308,11,11,13
9:29:36,2308,2308,2308.2,14,20,61
9:29:37,2308.2,2308,2308.2,1,26,77
9:29:37,2308,2308,2308.2,6,23,77
9:29:38,2308,2308,2308.2,7,17,80
9:29:39,2308,2308,2308.2,10,7,80
9:29:39,2308,2308,2308.2,6,6,77
9:29:40,2308,2307.8,2308,6,13,2
9:29:40,2307.8,2307.8,2308,1,14,6
9:29:41,2307.8,2307.8,2308,5,13,15
9:29:42,2307.8,2307.8,2308,13,3,32
9:29:42,2307.8,2307.8,2308,1,2,32
9:29:43,2308,2307.6,2308,12,29,27
9:29:43,2308,2307.6,2307.8,1,29,44
9:29:44,2307.8,2307.6,2307.8,1,29,47
9:29:44,2307.6,2307.6,2307.8,2,28,48
9:29:45,2307.6,2307.6,2307.8,10,18,48
9:29:45,2307.8,2307.6,2307.8,5,16,47
9:29:46,2307.6,2307.6,2307.8,5,13,47
9:29:46,2307.8,2307.6,2307.8,4,12,57
9:29:47,2307.6,2307.4,2307.6,14,90,7
9:29:47,2307.4,2307.4,2307.6,14,88,12
9:29:48,2307.6,2307.4,2307.6,30,70,5
9:29:48,2307.4,2307.4,2307.6,5,68,5
9:29:49,2307.4,2307.4,2307.6,6,64,15
9:29:49,2307.6,2307.6,2307.8,23,1,52
9:29:50,2307.4,2307.4,2307.6,2,65,6
9:29:50,2307.4,2307.4,2307.6,2,64,10
9:29:51,2307.6,2307.6,2307.8,17,1,53
9:29:51,2307.8,2307.6,2307.8,8,14,52
9:29:52,2307.8,2307.6,2307.8,2,20,52
9:29:52,2307.6,2307.6,2307.8,35,4,52
9:29:53,2307.6,2307.6,2307.8,6,7,56
9:29:53,2307.8,2307.6,2307.8,6,3,59
9:29:54,2307.6,2307.4,2307.6,6,74,16
9:29:54,2307.6,2307.4,2307.6,5,78,25
9:29:55,2307.4,2307.4,2307.6,22,59,17
9:29:55,2307.4,2307.4,2307.6,22,46,12
9:29:56,2307.6,2307.4,2307.6,13,35,15
9:29:56,2307.4,2307.4,2307.6,21,16,14
9:29:57,2307.4,2307.4,2307.6,6,15,45
9:29:57,2307.6,2307.4,2307.6,1,17,44
9:29:58,2307.6,2307.4,2307.6,18,2,41
9:29:58,2307.6,2307.2,2307.6,17,82,32
9:29:59,2307.4,2307.2,2307.6,3,82,32
9:30:00,2307.4,2307.2,2307.4,24,75,1
9:30:00,2307.2,2307.4,2307.6,29,1,23
9:30:01,2307.2,2307.2,2307.4,24,36,20
9:30:01,2307.2,2307.2,2307.4,15,32,19
9:30:02,2307.4,2307.2,2307.4,29,9,16
9:30:02,2307.2,2307,2307.2,13,103,1
9:30:03,2307,2307,2307.4,13,96,14
9:30:03,2307,2307,2307.2,31,80,3
9:30:04,2307.2,2307,2307.4,78,9,5
9:30:04,2307,2306.8,2307,24,22,9
9:30:05,2307,2306.8,2307,15,14,5
9:30:05,2306.8,2306.8,2307,17,10,4
9:30:06,2307,2306.8,2307,23,5,2
9:30:06,2307,2307,2307.2,15,2,3
9:30:07,2307.2,2307.2,2307.4,40,4,6
9:30:07,2307.2,2307.2,2307.4,16,4,2
9:30:08,2307.2,2307,2307.4,4,28,3
9:30:08,2307,2307,2307.4,20,76,5
9:30:09,2307.4,2307.2,2307.4,9,3,7
9:30:09,2307.2,2307.2,2307.4,27,3,7
9:30:10,2307.4,2307.2,2307.4,9,9,17
9:30:10,2307.2,2307.2,2307.4,4,8,40
9:30:11,2307.4,2307.2,2307.4,6,2,38
9:30:11,2307.4,2307,2307.2,26,54,1
9:30:12,2307,2307,2307.4,3,59,25
9:30:12,2307,2307,2307.2,8,58,7
9:30:13,2307.2,2307,2307.2,27,49,1
9:30:13,2307.2,2307.2,2307.4,30,2,36
9:30:14,2307.4,2307,2307.4,9,27,32
9:30:14,2307.4,2307.2,2307.4,4,2,31
9:30:15,2307.2,2307,2307.2,3,27,2
9:30:15,2307.2,2307.2,2307.4,5,1,32
9:30:16,2307.2,2307,2307.4,8,37,29
9:30:16,2307.4,2307,2307.4,14,39,17
9:30:17,2307.4,2307.2,2307.4,2,3,12
9:30:17,2307.2,2307.2,2307.4,2,6,11
9:30:18,2307.2,2307.2,2307.4,22,3,12
9:30:18,2307,2307,2307.2,6,42,2
9:30:19,2307.4,2307,2307.4,4,44,11
9:30:19,2307.4,2307,2307.4,11,49,5
9:30:20,2307.2,2307.2,2307.4,2,2,5
9:30:20,2307.4,2307.2,2307.4,6,36,6
9:30:21,2307.2,2307.2,2307.4,2,35,8
9:30:21,2307.4,2307.2,2307.4,5,37,4
9:30:22,2307.6,2307.4,2307.6,13,2,17
9:30:22,2307.4,2307.4,2307.6,15,2,7
9:30:23,2307.4,2307.4,2307.6,1,2,7
9:30:23,2307.6,2307.4,2307.8,14,1,58
9:30:24,2307.4,2307.2,2307.8,8,34,48
9:30:24,2307.2,2307.4,2307.6,2,2,2
9:30:25,2307.4,2307.4,2307.6,2,2,3
9:30:25,2307.6,2307.4,2307.6,1,14,13
9:30:26,2307.6,2307.4,2307.6,2,14,12
9:30:26,2307.6,2307.4,2307.6,7,17,7
9:30:27,2307.4,2307.4,2307.6,1,16,7
9:30:27,2307.6,2307.4,2307.6,10,15,14
9:30:28,2307.6,2307.4,2307.6,10,8,2
9:30:28,2307.6,2307.4,2307.6,6,5,2
9:30:29,2307.6,2307.6,2307.8,3,1,49
9:30:29,2307.8,2307.6,2307.8,11,3,39
9:30:30,2307.8,2307.4,2307.8,8,16,45
9:30:30,2307.8,2307.4,2307.8,14,16,30
9:30:31,2307.8,2307.6,2307.8,9,2,28
9:30:31,2307.8,2307.6,2307.8,5,2,23
9:30:32,2307.6,2307.4,2307.8,16,28,11
9:30:32,2308,2307.8,2308,15,25,29
9:30:33,2308,2307.8,2308,30,22,4
9:30:33,2307.8,2307.8,2308.2,18,22,57
9:30:34,2307.8,2307.8,2308,3,19,1
9:30:34,2307.8,2307.6,2307.8,26,9,10
9:30:35,2307.8,2307.4,2307.8,19,31,4
9:30:35,2307.8,2307.8,2308,5,5,14
9:30:36,2308,2307.8,2308,3,5,15
9:30:36,2307.8,2307.6,2307.8,9,2,8
9:30:37,2307.8,2307.6,2308,8,4,27
9:30:37,2308,2307.8,2308,10,4,21
9:30:38,2307.8,2307.8,2308,1,3,23
9:30:39,2308,2307.8,2308,4,10,34
9:30:39,2307.8,2307.6,2307.8,27,26,3
9:30:40,2308,2307.6,2308,14,26,15
9:30:40,2307.8,2307.6,2308,5,32,14
9:30:41,2308,2307.8,2308,1,1,16
9:30:42,2308,2307.8,2308,25,12,42
9:30:42,2307.8,2307.8,2308,9,11,36
9:30:43,2308,2307.8,2308,12,16,30
9:30:44,2308,2307.8,2308,2,15,29
9:30:45,2308,2307.8,2308,5,11,30
9:30:45,2308,2307.8,2308,1,11,30
9:30:46,2307.8,2307.8,2308,11,7,28
9:30:46,2308,2307.8,2308,22,7,6
9:30:47,2307.8,2307.8,2308,2,5,6
9:30:47,2308,2308,2308.2,11,34,62
9:30:48,2308,2308,2308.2,14,22,62
9:30:48,2308,2308,2308.2,4,19,63
9:30:49,2308,2308,2308.2,1,20,63
9:30:49,2308.2,2308,2308.2,2,19,62
9:30:50,2308,2308,2308.2,3,17,63
9:30:51,2308,2308,2308.2,1,38,69
9:30:52,2308,2308,2308.2,18,26,71
9:30:52,2308.2,2308,2308.2,2,36,70
9:30:53,2308.2,2308,2308.2,10,35,64
9:30:53,2308.2,2308,2308.2,22,17,73
9:30:54,2308,2308,2308.2,8,14,79
9:30:54,2308.2,2308,2308.2,23,13,58
9:30:55,2308,2308,2308.2,20,11,40
9:30:55,2308,2308,2308.2,29,3,19
9:30:56,2308.2,2308,2308.2,5,2,15
9:30:56,2308.2,2308,2308.2,2,2,17
9:30:57,2308.2,2308.2,2308.4,17,13,31
9:30:58,2308.4,2308.2,2308.4,1,21,30
9:30:59,2308.2,2308.2,2308.4,5,20,37
9:30:59,2308.4,2308.2,2308.4,13,19,38
9:31:00,2308.2,2308.2,2308.4,1,19,39
9:31:00,2308.4,2308.2,2308.4,10,19,29
9:31:01,2308.4,2308.2,2308.4,3,19,28
9:31:01,2308.2,2308.2,2308.4,5,18,24
9:31:02,2308.4,2308.4,2308.6,30,30,29
9:31:02,2308.4,2308.4,2308.6,20,15,25
9:31:03,2308.6,2308.4,2308.6,1,21,24
9:31:03,2308.4,2308.4,2308.6,2,26,34
9:31:04,2308.6,2308.4,2308.6,10,26,25
9:31:04,2308.6,2308.4,2308.6,30,8,13
9:31:05,2308.6,2308.4,2308.6,9,1,11
9:31:05,2308.4,2308.2,2308.4,4,12,1
9:31:06,2308.4,2308.2,2308.4,6,12,4
9:31:06,2308.4,2308.4,2308.6,14,15,5
9:31:07,2308.4,2308.4,2308.6,3,19,9
9:31:08,2308.4,2308.4,2308.6,4,18,9
9:31:08,2308.6,2308.4,2308.6,7,19,2
9:31:09,2308.6,2308.6,2308.8,10,52,38
9:31:09,2308.6,2308.6,2308.8,10,43,37
9:31:10,2308.8,2308.8,2309,40,1,34
9:31:10,2308.8,2308.8,2309,14,2,25
9:31:11,2308.8,2308.6,2308.8,17,50,16
9:31:11,2309,2308.6,2309,34,50,3
9:31:12,2309,2309,2309.2,5,98,14
9:31:12,2309,2309,2309.4,71,69,32
9:31:13,2309.4,2309.2,2309.4,13,17,25
9:31:13,2309.4,2309.2,2309.4,19,20,8
9:31:14,2309.6,2309.4,2309.6,14,17,20
9:31:14,2309.6,2309.6,2309.8,25,46,68
9:31:15,2309.8,2309.6,2309.8,36,58,46
9:31:15,2309.8,2309.6,2309.8,34,37,36
9:31:16,2309.6,2309.4,2309.8,61,51,14
9:31:16,2309.6,2309.4,2309.6,7,52,26
9:31:17,2309.6,2309.4,2309.6,15,51,66
9:31:17,2309.4,2309.4,2309.6,47,14,61
9:31:18,2309.4,2309.2,2309.4,30,6,74
9:31:18,2309.2,2309,2309.2,9,75,13
9:31:19,2309,2309,2309.2,33,53,2
9:31:19,2309,2309,2309.2,9,48,2
9:31:20,2309,2309,2309.2,7,44,4
9:31:20,2309,2309,2309.2,21,24,4
9:31:21,2309.2,2309,2309.2,32,4,13
9:31:21,2309,2309,2309.2,5,3,20
9:31:22,2309,2309,2309.2,5,2,18
9:31:22,2309.2,2309,2309.2,6,3,15
9:31:23,2309,2308.8,2309,13,6,28
9:31:23,2308.8,2308.8,2309,50,14,8
9:31:24,2309.2,2309.2,2309.4,18,1,57
9:31:24,2309,2309,2309.4,23,15,38
9:31:25,2309,2308.8,2309,38,32,11
9:31:25,2309,2308.8,2309,1,32,11
9:31:26,2309,2308.8,2309,11,31,3
9:31:26,2309,2309,2309.2,4,14,22
9:31:27,2309,2309,2309.2,5,11,20
9:31:28,2309.2,2309,2309.2,12,10,12
9:31:29,2309,2308.8,2309,21,23,5
9:31:29,2309,2308.8,2309,7,18,6
9:31:30,2309,2308.8,2309,7,18,3
9:31:30,2308.8,2308.8,2309,2,16,3
9:31:31,2308.8,2308.8,2309,2,16,6
9:31:31,2308.8,2308.8,2309,3,14,36
9:31:32,2309,2308.8,2309,2,14,44
9:31:32,2308.8,2308.8,2309,6,13,40
9:31:33,2309,2308.8,2309,31,4,29
9:31:33,2309.2,2309,2309.2,45,1,32
9:31:34,2308.8,2308.6,2308.8,4,32,29
9:31:34,2308.8,2308.6,2308.8,26,31,27
9:31:35,2308.8,2308.6,2308.8,2,31,25
9:31:35,2308.8,2308.6,2308.8,2,33,24
9:31:36,2308.8,2308.6,2308.8,19,25,13
9:31:36,2308.8,2308.6,2308.8,9,24,5
9:31:37,2309,2309,2309.2,15,7,41
9:31:37,2309,2309,2309.2,4,9,42
9:31:38,2309,2309,2309.2,3,6,45
9:31:38,2309,2309,2309.2,1,6,49
9:31:39,2309.2,2309,2309.2,10,5,42
9:31:39,2309.2,2309,2309.2,15,1,26
9:31:40,2309,2308.8,2309,2,8,54
9:31:40,2309,2308.8,2309,6,9,51
9:31:41,2309,2308.8,2309,1,9,51
9:31:41,2308.8,2308.8,2309,5,5,52
9:31:42,2308.8,2308.6,2308.8,6,31,4
9:31:42,2308.8,2308.6,2309,11,29,57
9:31:43,2308.6,2308.6,2308.8,7,22,1
9:31:43,2308.8,2308.6,2309,1,22,71
9:31:44,2309,2308.8,2309,3,10,70
9:31:45,2308.8,2308.6,2308.8,11,22,1
9:31:46,2308.6,2308.6,2308.8,32,10,3
9:31:46,2308.8,2308.2,2308.8,23,23,2
9:31:47,2308.6,2308.4,2308.6,3,1,2
9:31:48,2308.8,2308.4,2308.8,3,1,10
9:31:48,2308.4,2308.4,2308.8,3,1,10
9:31:49,2308.8,2308.4,2308.8,1,5,15
9:31:49,2308.6,2308.4,2308.8,1,5,15
9:31:50,2308.4,2308.2,2308.4,6,23,12
9:31:50,2308.4,2308.2,2308.8,20,17,11
9:31:51,2308.6,2308.4,2308.6,4,11,5
9:31:51,2308.4,2308.4,2308.6,9,9,1
9:31:52,2308.4,2308.4,2308.6,2,8,2
9:31:52,2308.4,2308.4,2308.6,1,7,2
9:31:53,2308.6,2308.4,2308.6,4,5,1
9:31:53,2308.6,2308.4,2308.8,5,4,15
9:31:54,2308.4,2308.2,2308.4,4,41,5
9:31:54,2308.2,2308.2,2308.4,3,43,7
9:31:55,2308.4,2308.2,2308.4,1,46,7
9:31:55,2308.2,2308,2308.2,48,38,10
9:31:56,2308.2,2308,2308.2,6,36,6
9:31:56,2308.2,2308,2308.2,6,31,5
9:31:57,2308,2308,2308.2,13,26,2
9:31:58,2308,2308,2308.2,5,24,5
9:31:58,2308,2307.8,2308,24,14,12
9:31:59,2308,2307.8,2308,18,9,3
9:31:59,2308,2308,2308.2,12,27,8
9:32:00,2308,2308,2308.2,8,40,4
9:32:00,2308,2308,2308.4,37,11,11
9:32:01,2308.2,2308.2,2308.4,25,4,10
9:32:01,2308.2,2308.2,2308.4,2,2,11
9:32:02,2308,2308,2308.4,4,3,11
9:32:02,2307.8,2307.8,2308,8,22,28
9:32:03,2307.8,2307.8,2308,5,30,27
9:32:03,2307.8,2307.8,2308,32,23,2
9:32:04,2308.2,2308.2,2308.4,15,15,12
9:32:04,2308.2,2308.2,2308.4,9,14,11
9:32:05,2308.2,2308,2308.2,14,1,1
9:32:05,2308,2308,2308.2,9,17,2
9:32:06,2308.2,2308.2,2308.4,9,38,13
9:32:06,2308.2,2308.2,2308.4,6,32,16
9:32:07,2308.2,2308.2,2308.4,4,30,11
9:32:08,2308.2,2308,2308.2,44,53,17
9:32:08,2308.6,2308,2308.2,20,53,1
9:32:09,2308,2308,2308.2,12,45,47
9:32:09,2308,2308,2308.2,8,42,46
9:32:10,2308.2,2308,2308.2,6,42,47
9:32:10,2308.2,2308,2308.2,7,39,48
9:32:11,2308.2,2308,2308.2,1,39,47
9:32:11,2308.2,2308.2,2308.4,50,1,2
9:32:12,2308.2,2308,2308.2,1,39,5
9:32:12,2308.2,2308.2,2308.4,7,16,2
9:32:13,2308.2,2308.2,2308.4,1,16,2
9:32:13,2308.2,2308.2,2308.4,4,18,2
9:32:14,2308.4,2308.4,2308.6,9,5,14
9:32:14,2308.4,2308.4,2308.6,4,32,14
9:32:15,2308.4,2308.4,2308.6,26,11,17
9:32:15,2308.4,2308.2,2308.6,12,21,16
9:32:16,2308.6,2308.4,2308.6,3,1,16
9:32:16,2308.6,2308.2,2308.4,9,17,1
9:32:17,2308.4,2308.4,2308.6,1,9,14
9:32:17,2308.4,2308.4,2308.6,2,7,14
9:32:18,2308.4,2308.4,2308.6,6,7,10
9:32:19,2308.4,2308.4,2308.6,4,24,11
9:32:19,2308.6,2308.4,2308.6,4,27,8
9:32:20,2308.6,2308.4,2308.6,5,27,3
9:32:21,2308.6,2308.4,2308.6,2,30,1
9:32:21,2308.6,2308.4,2308.8,4,30,17
9:32:22,2308.8,2308.4,2308.8,3,30,20
9:32:23,2308.4,2308.4,2308.8,2,28,25
9:32:23,2308.8,2308.6,2308.8,2,5,24
9:32:24,2308.8,2308.6,2308.8,8,4,17
9:32:24,2308.6,2308.4,2308.6,6,49,6
9:32:25,2308.4,2308.4,2308.6,8,43,5
9:32:25,2308.8,2308.4,2308.8,50,23,11
9:32:26,2308.8,2308.6,2308.8,13,1,8
9:32:26,2308.8,2308.4,2308.8,2,24,9
9:32:27,2308.4,2308.6,2308.8,1,1,10
9:32:27,2308.4,2308.4,2308.6,1,23,1
9:32:28,2308.8,2308.6,2308.8,10,1,2
9:32:29,2308.4,2308.4,2308.8,4,27,2
9:32:29,2308.6,2308.6,2308.8,1,23,7
9:32:30,2308.6,2308.4,2308.6,26,29,18
9:32:31,2308.4,2308.4,2308.6,18,13,30
9:32:31,2308.4,2308.4,2308.6,10,4,31
9:32:32,2308.4,2308.4,2308.6,3,1,31
9:32:32,2308.6,2308.4,2308.6,1,1,34
9:32:33,2308.2,2308.2,2308.6,22,24,33
9:32:33,2308.6,2308.2,2308.4,1,27,1
9:32:34,2308.2,2308.2,2308.4,3,25,7
9:32:35,2308.4,2308.2,2308.4,2,24,20
9:32:35,2308.2,2308.2,2308.4,1,23,21
9:32:36,2308.2,2308.2,2308.4,3,20,22
9:32:37,2308.4,2308.2,2308.4,1,20,29
9:32:37,2308.4,2308.2,2308.4,10,16,23
9:32:38,2308.2,2308.2,2308.4,4,15,23
9:32:38,2308.2,2308.2,2308.4,2,13,23
9:32:39,2308.4,2308.2,2308.4,3,12,21
9:32:39,2308.4,2308.4,2308.6,29,7,31
9:32:40,2308.2,2308,2308.2,21,66,1
9:32:40,2308.2,2308,2308.2,1,67,1
9:32:41,2308.2,2308.2,2308.4,2,9,2
9:32:41,2308.4,2308.2,2308.4,4,19,34
9:32:42,2308.4,2308.2,2308.4,3,23,32
9:32:42,2308.4,2308.2,2308.4,5,25,31
9:32:43,2308.2,2308.2,2308.4,6,11,31
9:32:43,2308.4,2308.2,2308.4,9,3,30
9:32:44,2308,2308,2308.2,9,64,20
9:32:44,2308.2,2308,2308.2,4,64,17
9:32:45,2308,2308,2308.2,2,62,18
9:32:45,2308.2,2308,2308.2,3,62,16
9:32:46,2308,2308,2308.2,4,62,15
9:32:46,2308,2308,2308.2,1,64,15
9:32:47,2308.2,2308,2308.2,11,61,8
9:32:47,2308.2,2308,2308.2,20,48,4
9:32:48,2308,2308.2,2308.4,45,1,1
9:32:48,2308.2,2308,2308.4,23,48,1
9:32:49,2308.4,2308.4,2308.6,3,8,34
9:32:49,2308.4,2308.4,2308.6,11,5,27
9:32:50,2308.4,2308.4,2308.6,2,4,27
9:32:50,2308.2,2308,2308.4,30,55,3
9:32:51,2308,2308,2308.4,7,61,1
9:32:51,2308,2308,2308.6,21,59,12
9:32:52,2308,2308,2308.6,3,47,12
9:32:52,2308.6,2308.2,2308.6,3,1,10
9:32:53,2308.6,2308.2,2308.4,1,27,4
9:32:53,2308.2,2308.2,2308.4,8,21,2
9:32:54,2308.4,2308.4,2308.6,6,24,10
9:32:54,2308.2,2308.2,2308.4,28,25,2
9:32:55,2308.2,2308.2,2308.4,1,29,5
9:32:56,2308.4,2308.2,2308.4,5,30,1
9:32:56,2308.4,2308.2,2308.6,1,30,20
9:32:57,2308.4,2308.4,2308.6,9,32,20
9:32:57,2308.4,2308.4,2308.6,2,30,20
9:32:58,2308.4,2308.4,2308.6,3,27,20
9:32:58,2308.4,2308.4,2308.6,9,26,21
9:32:59,2308.6,2308.4,2308.6,2,30,19
9:32:59,2308.6,2308.4,2308.6,2,30,18
9:33:00,2308.4,2308.4,2308.6,2,31,17
9:33:00,2308.6,2308.4,2308.6,18,29,4
9:33:01,2308.6,2308.6,2308.8,16,1,69
9:33:01,2308.8,2308.6,2308.8,2,1,68
9:33:02,2308.4,2308.4,2308.8,20,23,55
9:33:02,2308.8,2308.6,2308.8,13,1,43
9:33:03,2308.8,2308.6,2308.8,3,1,40
9:33:03,2308.8,2308.6,2308.8,1,2,39
9:33:04,2308.8,2308.6,2308.8,13,2,26
9:33:04,2308.8,2308.6,2308.8,5,7,21
9:33:05,2308.8,2308.6,2308.8,5,27,17
9:33:06,2308.6,2308.8,2309,21,16,86
9:33:06,2308.8,2308.8,2309,5,13,86
9:33:07,2308.8,2308.8,2309,13,9,84
9:33:07,2309,2308.8,2309,1,9,91
9:33:08,2309,2308.8,2309,14,8,84
9:33:08,2309,2308.8,2309,9,9,75
9:33:09,2309,2308.8,2309,24,10,56
9:33:09,2309,2308.8,2309,5,10,51
9:33:10,2308.8,2308.8,2309,3,9,50
9:33:10,2309,2309,2309.2,51,2,37
9:33:11,2309,2309,2309.2,3,1,35
9:33:11,2309.2,2309,2309.2,17,3,21
9:33:12,2309,2308.8,2309,6,13,3
9:33:12,2309,2309,2309.2,3,1,20
9:33:13,2309,2309,2309.2,9,15,37
9:33:13,2309.2,2309,2309.2,5,15,33
9:33:14,2309,2309,2309.2,7,14,28
9:33:14,2309.2,2309,2309.2,9,9,25
9:33:15,2309,2309,2309.2,13,6,18
9:33:15,2309.2,2309,2309.2,3,6,15
9:33:16,2309,2308.8,2309,66,23,21
9:33:16,2309,2308.8,2309.2,21,23,8
9:33:17,2309.2,2309.2,2309.4,52,2,3
9:33:17,2309.2,2309,2309.2,2,36,2
9:33:18,2309.2,2309.2,2309.4,4,3,4
9:33:18,2309.4,2309.2,2309.4,8,14,1
9:33:19,2309.4,2309.4,2309.6,11,10,69
9:33:19,2309.4,2309.4,2309.6,10,28,63
9:33:20,2309.4,2309.4,2309.6,19,26,55
9:33:20,2309.6,2309.6,2309.8,57,34,72
9:33:21,2309.6,2309.6,2309.8,20,26,65
9:33:21,2309.8,2309.6,2309.8,22,15,54
9:33:22,2309.4,2309.6,2309.8,37,2,48
9:33:22,2309.8,2309.6,2309.8,17,1,49
9:33:23,2309.6,2309.4,2309.6,32,40,11
9:33:23,2309.6,2309.4,2309.6,19,36,7
9:33:24,2309.4,2309.4,2309.8,41,6,13
9:33:24,2309.6,2309.4,2309.6,9,6,3
9:33:25,2309.6,2309.4,2309.6,11,11,1
9:33:25,2309.4,2309.4,2309.6,4,10,10
9:33:26,2309.4,2309.4,2309.6,6,10,9
9:33:26,2309.6,2309.4,2309.6,4,6,6
9:33:27,2309.6,2309.4,2309.6,8,7,3
9:33:27,2309.6,2309.6,2309.8,6,5,18
9:33:28,2309.6,2309.4,2309.6,11,10,2
9:33:28,2309.8,2309.4,2309.8,5,11,22
9:33:29,2309.6,2309.4,2309.6,4,8,3
9:33:29,2309.6,2309.6,2309.8,8,2,36
9:33:30,2309.8,2309.6,2309.8,6,7,32
9:33:30,2309.6,2309.6,2309.8,3,11,31
9:33:31,2309.8,2309.6,2309.8,16,16,21
9:33:31,2309.6,2309.6,2309.8,19,7,19
9:33:32,2309.6,2309.4,2309.6,12,10,13
9:33:32,2309.6,2309.4,2309.6,6,11,10
9:33:33,2309.6,2309.4,2309.6,11,10,2
9:33:33,2309.6,2309.6,2309.8,5,17,54
9:33:34,2309.6,2309.6,2309.8,5,14,54
9:33:34,2309.8,2309.4,2309.8,24,24,53
9:33:35,2309.4,2309.4,2309.6,4,22,1
9:33:35,2309.8,2309.4,2309.6,2,27,2
9:33:36,2309.6,2309.4,2309.6,5,29,27
9:33:36,2309.4,2309.4,2309.6,9,31,22
9:33:37,2309.6,2309.4,2309.6,20,16,31
9:33:37,2309.4,2309.4,2309.6,5,15,29
9:33:38,2309.6,2309.4,2309.6,1,20,29
9:33:38,2309.6,2309.4,2309.6,6,18,32
9:33:39,2309.4,2309.4,2309.6,8,15,29
9:33:39,2309.4,2309.4,2309.6,4,17,26
9:33:40,2309.6,2309.4,2309.6,10,17,17
9:33:40,2309.6,2309.4,2309.6,12,6,16
9:33:41,2309.6,2309.4,2309.6,8,10,11
9:33:41,2309.6,2309.4,2309.6,9,10,8
9:33:42,2309.4,2309.2,2309.4,31,38,4
9:33:42,2309.6,2309.4,2309.6,9,1,3
9:33:43,2309.6,2309.4,2309.6,3,2,6
9:33:43,2309.6,2309.4,2309.6,2,6,5
9:33:44,2309.4,2309.4,2309.8,12,1,77
9:33:44,2309.6,2309.4,2309.6,6,14,1
9:33:45,2309.4,2309.2,2309.4,20,85,55
9:33:45,2309.2,2309.2,2309.4,19,87,39
9:33:46,2309.2,2309.2,2309.4,6,85,37
9:33:46,2309.4,2309.2,2309.4,29,71,24
9:33:47,2309.2,2309.2,2309.4,53,21,31
9:33:47,2309.4,2309.2,2309.4,23,5,33
9:33:48,2309.4,2309.2,2309.4,5,5,30
9:33:48,2309.4,2309.4,2309.6,22,6,28
9:33:49,2309.4,2309.2,2309.4,26,1,6
9:33:49,2309.2,2309.2,2309.4,6,2,4
9:33:50,2309.2,2309.2,2309.4,10,3,4
9:33:50,2309.2,2309.2,2309.4,3,2,3
9:33:51,2309.4,2309,2309.4,8,84,1
9:33:51,2309,2309,2309.2,16,69,1
9:33:52,2309,2309,2309.2,2,69,3
9:33:52,2309,2309,2309.2,20,51,9
9:33:53,2309.2,2309,2309.2,19,35,7
9:33:53,2309.2,2309.2,2309.4,15,2,3
9:33:54,2309.2,2309.2,2309.4,1,1,13
9:33:54,2309.2,2309.2,2309.4,3,1,21
9:33:55,2309,2309,2309.2,5,31,9
9:33:55,2309,2308.8,2309.2,37,21,4
9:33:56,2308.8,2309,2309.2,7,1,3
9:33:56,2308.8,2309,2309.2,6,2,5
9:33:57,2309.2,2309,2309.2,6,1,10
9:33:57,2309,2308.8,2309.2,11,14,8
9:33:58,2309.2,2308.8,2309,3,14,2
9:33:58,2309,2309,2309.2,7,2,2
9:33:59,2309.2,2309,2309.2,2,1,3
9:33:59,2309.2,2308.8,2309,14,17,15
9:34:00,2309,2308.8,2309,16,17,1
9:34:00,2309.4,2308.8,2309.4,26,16,1
9:34:01,2309.4,2309,2309.4,52,2,10
9:34:01,2309.8,2309.2,2309.4,28,1,2
9:34:02,2309.2,2309.6,2309.8,30,1,76
9:34:02,2309.2,2308.8,2309.6,31,18,44
9:34:03,2309.2,2309,2309.2,1,6,11
9:34:03,2309.2,2309.2,2309.4,36,9,1
9:34:04,2309.2,2309.4,2309.6,6,1,55
9:34:04,2309.2,2309.2,2309.4,12,5,34
9:34:05,2309.2,2309,2309.2,15,14,24
9:34:05,2309.2,2309,2309.2,44,17,9
9:34:06,2309,2309,2309.2,2,22,18
9:34:06,2309.4,2309,2309.4,43,1,28
9:34:07,2309.2,2309.2,2309.4,3,20,28
9:34:07,2309.4,2309.2,2309.4,1,23,47
9:34:08,2309.2,2309,2309.2,31,15,6
9:34:08,2309.2,2309,2309.2,4,15,24
9:34:09,2309,2309,2309.2,8,14,22
9:34:09,2309,2308.8,2309,17,22,47
9:34:10,2308.8,2308.8,2309,27,2,41
9:34:10,2308.8,2308.6,2308.8,4,38,5
9:34:11,2308.6,2308.6,2308.8,5,36,7
9:34:11,2308.6,2308.6,2308.8,9,31,4
9:34:12,2308.6,2308.6,2308.8,34,3,8
9:34:12,2308.6,2308.4,2308.8,3,31,8
9:34:13,2308.6,2308.4,2308.6,14,27,8
9:34:13,2308.6,2308.6,2308.8,20,9,34
9:34:14,2308.6,2308.4,2308.8,10,27,27
9:34:15,2308.6,2308.4,2308.6,46,5,1
9:34:15,2308.6,2308.4,2308.6,6,11,1
9:34:16,2308.4,2308.2,2308.4,16,25,13
9:34:16,2308.2,2308.2,2308.4,26,33,37
9:34:17,2308.4,2308.2,2308.4,14,27,29
9:34:17,2308.2,2308.2,2308.4,41,2,22
9:34:18,2308.2,2308,2308.2,9,53,55
9:34:18,2308.2,2308,2308.2,61,34,14
9:34:19,2307.8,2307.8,2308.2,41,18,12
9:34:19,2307.6,2307.8,2308,32,5,17
9:34:20,2307.8,2307.2,2307.8,50,52,7
9:34:20,2307.4,2307.2,2307.4,7,38,37
9:34:21,2307.4,2307.2,2307.4,48,20,8
9:34:21,2307.2,2307.2,2307.4,15,9,3
9:34:22,2307.4,2307.2,2307.4,13,10,14
9:34:22,2307.2,2307,2307.2,30,52,6
9:34:23,2307,2306.8,2307,57,33,5
9:34:23,2307,2307,2307.2,17,27,26
9:34:24,2307,2306.8,2307,51,27,6
9:34:24,2307.2,2307,2307.2,16,6,25
9:34:25,2307,2306.8,2307,14,56,5
9:34:25,2307,2306.8,2307,62,49,5
9:34:26,2307.2,2307,2307.2,17,22,12
9:34:26,2307.2,2307,2307.4,15,33,14
9:34:27,2307.4,2307.2,2307.4,19,2,9
9:34:27,2307.4,2307.2,2307.4,2,4,18
9:34:28,2307.2,2307.2,2307.4,4,1,28
9:34:28,2307.4,2307.2,2307.4,8,14,29
9:34:29,2307.2,2307.2,2307.4,7,18,27
9:34:29,2307.4,2307.2,2307.4,8,29,23
9:34:30,2307.2,2307.2,2307.4,23,14,17
9:34:30,2307.4,2307.2,2307.4,15,10,9
9:34:31,2307.2,2307,2307.2,33,94,1
9:34:31,2307.2,2307,2307.2,7,68,1
9:34:32,2307.4,2307.4,2307.6,19,6,24
9:34:32,2307.6,2307.2,2307.6,10,2,31
9:34:33,2307.2,2307,2307.2,7,104,9
9:34:33,2307.4,2307,2307.4,20,99,46
9:34:34,2307.4,2307.2,2307.4,3,13,43
9:34:34,2307.2,2307.2,2307.4,23,8,36
9:34:35,2307.2,2307.2,2307.4,7,6,35
9:34:35,2307.2,2307.2,2307.4,7,8,36
9:34:36,2307.2,2307,2307.2,17,103,24
9:34:36,2307.2,2307,2307.2,12,104,25
9:34:37,2307.2,2307,2307.2,34,79,14
9:34:37,2307.2,2307,2307.4,26,71,39
9:34:38,2307.2,2307,2307.4,4,71,37
9:34:38,2306.8,2306.8,2307,102,37,1
9:34:39,2307,2306.8,2307,34,15,66
9:34:39,2306.6,2306.6,2306.8,22,341,31
9:34:40,2306.8,2306.6,2306.8,66,289,22
9:34:40,2306.6,2306.6,2306.8,46,262,7
9:34:41,2306.8,2306.6,2306.8,30,246,8
9:34:41,2306.6,2306.6,2306.8,44,214,3
9:34:42,2306.6,2306.6,2307,53,167,113
9:34:42,2306.6,2306.8,2307,33,8,114
9:34:43,2306.6,2306.6,2307,15,135,110
9:34:43,2306.6,2306.8,2307,17,1,108
9:34:44,2306.6,2306.6,2307,12,116,107
9:34:44,2307,2306.6,2307,41,114,73
9:34:45,2306.8,2306.6,2307,7,117,71
9:34:45,2307,2306.8,2307,14,5,68
9:34:46,2307,2306.8,2307,20,14,57
9:34:46,2307,2306.8,2307,14,34,55
9:34:47,2307,2306.8,2307,19,38,48
9:34:47,2307,2306.8,2307,25,59,25
9:34:48,2307,2306.8,2307,7,90,22
9:34:48,2306.8,2306.8,2307,20,82,13
9:34:49,2307,2307,2307.2,19,3,7
9:34:49,2307.2,2307,2307.2,4,10,16
9:34:50,2307,2306.8,2307.2,25,74,22
9:34:50,2307,2306.8,2307.2,4,73,22
9:34:51,2307.2,2307,2307.2,6,17,39
9:34:51,2307.2,2307,2307.2,13,18,37
9:34:52,2307,2306.8,2307,20,97,2
9:34:52,2307,2307,2307.2,9,51,33
9:34:53,2307.2,2307,2307.2,16,56,19
9:34:53,2307,2307,2307.2,24,39,19
9:34:54,2307.2,2307,2307.2,5,38,16
9:34:54,2307,2307,2307.2,20,39,4
9:34:55,2307.2,2307.2,2307.4,4,5,35
9:34:55,2307.2,2307.2,2307.4,21,3,36
9:34:56,2307.2,2307,2307.2,14,37,7
9:34:56,2307.2,2307.2,2307.4,7,6,35
9:34:57,2307.4,2307.2,2307.4,14,6,24
9:34:57,2307,2307,2307.2,7,42,35
9:34:58,2307.2,2307,2307.2,28,30,35
9:34:58,2307.2,2307,2307.2,23,24,25
9:34:59,2307,2307,2307.2,22,18,15
9:34:59,2307.2,2307.2,2307.4,25,1,14
9:35:00,2307.2,2307.2,2307.4,7,2,12
9:35:00,2307.2,2306.8,2307.2,28,135,4
9:35:01,2307.4,2307,2307.4,35,4,20
9:35:01,2307.2,2307,2307.2,43,3,2
9:35:02,2307.2,2307.2,2307.4,19,4,20
9:35:02,2307.4,2307.2,2307.4,4,5,16
9:35:03,2307.2,2307,2307.2,14,29,17
9:35:03,2307.4,2307,2307.4,31,29,3
9:35:04,2307.6,2307.2,2307.6,18,1,33
9:35:04,2307.2,2307,2307.2,15,31,8
9:35:05,2307.4,2307.2,2307.4,10,1,6
9:35:05,2307.4,2307.2,2307.4,4,12,34
9:35:06,2307.4,2307.2,2307.4,8,10,56
9:35:06,2307.2,2307.2,2307.4,9,2,56
9:35:07,2307.4,2307,2307.4,45,54,33
9:35:07,2307.4,2307.2,2307.4,4,1,30
9:35:08,2307.4,2307.2,2307.4,6,2,26
9:35:08,2307.2,2307,2307.4,29,49,18
9:35:09,2307.2,2307,2307.2,5,56,3
9:35:09,2307.2,2307,2307.4,8,57,16
9:35:10,2307.4,2307.2,2307.4,12,10,11
9:35:10,2307.2,2307,2307.2,12,52,10
9:35:11,2307.2,2307,2307.2,10,52,1
9:35:11,2307.4,2307.2,2307.4,2,81,9
9:35:12,2307.4,2307.4,2307.6,12,6,32
9:35:12,2307.6,2307.4,2307.6,16,13,17
9:35:13,2307.6,2307.4,2307.6,13,9,15
9:35:13,2307.4,2307.4,2307.6,1,18,15
9:35:14,2307.6,2307.4,2307.6,2,18,14
9:35:14,2307.4,2307.4,2307.6,12,33,5
9:35:15,2307.6,2307.6,2307.8,8,5,21
9:35:15,2307.6,2307.6,2307.8,11,13,21
9:35:16,2307.6,2307.6,2307.8,15,1,31
9:35:16,2307.6,2307.4,2307.8,11,36,37
9:35:17,2307.4,2307.4,2307.6,7,43,18
9:35:17,2307.6,2307.6,2307.8,40,35,27
9:35:18,2307.8,2307.6,2307.8,10,35,31
9:35:18,2307.8,2307.6,2307.8,26,16,27
9:35:19,2307.8,2307.6,2307.8,25,4,23
9:35:19,2307.4,2307.4,2307.6,15,47,21
9:35:20,2307.6,2307.4,2307.6,7,47,20
9:35:20,2307.6,2307.4,2307.6,9,45,28
9:35:21,2307.6,2307.4,2307.6,17,43,17
9:35:21,2307.4,2307.4,2307.6,4,42,16
9:35:22,2307.6,2307.4,2307.6,10,39,10
9:35:23,2307.6,2307.4,2307.6,9,39,3
9:35:23,2307.6,2307.4,2307.6,4,39,1
9:35:24,2307.6,2307.4,2307.6,3,39,9
9:35:24,2307.6,2307.4,2307.6,12,38,2
9:35:25,2307.4,2307.4,2307.6,13,29,8
9:35:25,2307.6,2307.6,2307.8,12,1,44
9:35:26,2307.8,2307.4,2307.8,5,17,42
9:35:26,2307.6,2307.4,2307.6,5,16,22
9:35:27,2307.6,2307.4,2307.6,18,7,14
9:35:27,2307.4,2307.4,2307.6,1,6,20
9:35:28,2307.4,2307.4,2307.6,2,4,35
9:35:28,2307.4,2307.2,2307.4,6,96,6
9:35:29,2307.6,2307.2,2307.4,16,90,1
9:35:29,2307.6,2307.2,2307.4,2,91,2
9:35:30,2307.2,2307.2,2307.6,4,91,38
9:35:30,2307.2,2307.4,2307.6,1,1,38
9:35:31,2307.2,2307.2,2307.4,9,87,8
9:35:31,2307.4,2307.2,2307.4,1,88,7
9:35:32,2307.4,2307.2,2307.4,4,97,3
9:35:33,2307.6,2307.2,2307.6,27,90,7
9:35:33,2307.2,2307.2,2307.4,1,90,1
9:35:34,2307.6,2307.6,2307.8,11,15,59
9:35:34,2307.6,2307.6,2307.8,1,14,59
9:35:35,2307.6,2307.4,2307.6,16,5,11
9:35:35,2307.4,2307.4,2307.6,1,5,11
9:35:36,2307.4,2307.4,2307.6,3,11,11
9:35:36,2307.6,2307.4,2307.6,2,13,9
9:35:37,2307.6,2307.4,2307.6,2,14,9
9:35:38,2307.6,2307.4,2307.6,2,17,12
9:35:38,2307.4,2307.6,2307.8,19,1,69
9:35:39,2307.8,2307.4,2307.6,2,18,28
9:35:39,2307.6,2307.4,2307.6,1,18,28
9:35:40,2307.6,2307.4,2307.6,8,14,25
9:35:40,2307.6,2307.4,2307.6,1,14,24
9:35:41,2307.6,2307.4,2307.6,10,98,19
9:35:41,2307.4,2307.4,2307.6,1,98,21
9:35:42,2307.8,2307.6,2307.8,23,15,70
9:35:42,2307.6,2307.6,2307.8,12,13,60
9:35:43,2307.8,2307.6,2307.8,8,5,54
9:35:43,2307.6,2307.6,2307.8,3,4,54
9:35:44,2307.6,2307.6,2307.8,3,3,54
9:35:45,2307.6,2307.6,2307.8,4,3,51
9:35:45,2307.8,2307.6,2307.8,2,4,50
9:35:46,2307.6,2307.6,2307.8,1,4,51
9:35:46,2307.8,2307.6,2307.8,2,8,50
9:35:47,2307.6,2307.6,2307.8,1,56,53
9:35:49,2307.8,2307.6,2307.8,4,58,50
9:35:49,2307.6,2307.6,2307.8,3,60,48
9:35:50,2307.8,2307.6,2307.8,3,58,47
9:35:51,2307.6,2307.6,2307.8,2,61,47
9:35:51,2307.8,2307.6,2307.8,3,61,46
9:35:52,2307.6,2307.6,2307.8,3,59,46
9:35:52,2307.8,2307.6,2307.8,4,66,42
9:35:53,2307.6,2307.6,2307.8,4,65,41
9:35:53,2307.8,2307.6,2307.8,1,61,40
9:35:54,2307.8,2307.6,2307.8,3,66,37
9:35:54,2307.8,2307.6,2307.8,6,76,36
9:35:55,2307.8,2307.8,2308,36,14,60
9:35:55,2307.8,2307.8,2308,3,41,60
9:35:56,2308,2307.8,2308,8,51,54
9:35:56,2308,2307.8,2308,11,53,44
9:35:57,2308,2307.8,2308,2,54,43
9:35:57,2308,2307.8,2308,11,54,33
9:35:58,2307.8,2307.8,2308,4,55,31
9:35:58,2308,2307.8,2308,1,58,30
9:35:59,2307.8,2307.8,2308,3,56,29
9:35:59,2308,2307.8,2308,2,54,28
9:36:00,2307.8,2307.8,2308,2,53,32
9:36:00,2308,2307.8,2308,15,42,30
9:36:01,2307.8,2307.8,2308,71,1,6
9:36:01,2307.6,2307.6,2308,13,77,18
9:36:02,2307.6,2307.6,2307.8,28,50,16
9:36:02,2307.6,2307.6,2307.8,10,45,17
9:36:03,2307.6,2307.6,2307.8,7,41,22
9:36:03,2307.8,2307.6,2307.8,1,41,24
9:36:04,2307.8,2307.6,2307.8,8,37,26
9:36:04,2307.6,2307.6,2307.8,9,30,31
9:36:05,2307.6,2307.6,2307.8,22,9,31
9:36:05,2307.6,2307.6,2307.8,4,6,27
9:36:06,2307.6,2307.4,2307.6,9,110,3
9:36:06,2307.6,2307.4,2307.6,4,116,5
9:36:07,2307.6,2307.4,2307.6,3,117,2
9:36:07,2307.4,2307.6,2307.8,8,21,26
9:36:08,2307.6,2307.6,2307.8,3,20,24
9:36:08,2307.8,2307.6,2307.8,9,28,19
9:36:09,2307.8,2307.6,2307.8,21,12,29
9:36:09,2307.6,2307.6,2307.8,3,11,33
9:36:10,2307.6,2307.6,2307.8,4,10,32
9:36:10,2307.6,2307.4,2307.6,17,110,26
9:36:11,2307.6,2307.4,2307.6,13,99,34
9:36:12,2307.6,2307.4,2307.6,3,96,40
9:36:12,2307.4,2307.4,2307.6,1,95,40
9:36:13,2307.6,2307.4,2307.6,45,62,26
9:36:13,2307.4,2307.4,2307.6,5,62,25
9:36:14,2307.6,2307.4,2307.6,1,63,27
9:36:14,2307.4,2307.4,2307.6,21,42,30
9:36:15,2307.4,2307.4,2307.6,5,40,29
9:36:15,2307.4,2307.2,2307.4,42,119,46
9:36:16,2307.4,2307.2,2307.4,25,99,44
9:36:16,2307.2,2307.2,2307.4,1,98,54
9:36:17,2307.4,2307.2,2307.4,3,98,51
9:36:17,2307.2,2307.2,2307.4,4,96,54
9:36:18,2307.2,2307.2,2307.4,4,92,57
9:36:18,2307.2,2307.2,2307.4,4,88,57
9:36:19,2307.2,2307.2,2307.4,18,73,58
9:36:19,2307.2,2307.2,2307.4,2,72,70
9:36:20,2307.2,2307.2,2307.4,4,69,70
9:36:20,2307.2,2307.2,2307.4,28,42,70
9:36:21,2307.4,2307.2,2307.4,22,24,71
9:36:21,2307.2,2307.2,2307.4,23,2,71
9:36:22,2307.2,2307.2,2307.4,5,3,72
9:36:23,2307.2,2307,2307.4,6,116,69
9:36:23,2307.2,2307,2307.2,5,116,12
9:36:24,2307,2307,2307.2,13,111,4
9:36:24,2307,2307,2307.2,4,111,3
9:36:25,2307.2,2307,2307.2,3,109,2
9:36:25,2307,2307,2307.2,12,98,3
9:36:26,2307.2,2307,2307.4,8,95,74
9:36:26,2307,2307,2307.4,29,68,75
9:36:27,2307,2307,2307.4,33,41,71
9:36:27,2307.2,2307.2,2307.4,3,8,69
9:36:28,2307.4,2307.2,2307.4,3,6,68
9:36:28,2307.2,2307.2,2307.4,13,6,55
9:36:29,2307.4,2307.2,2307.4,31,8,44
9:36:29,2307.4,2307.2,2307.4,32,3,21
9:36:30,2307.4,2307.2,2307.4,5,30,17
9:36:30,2307.2,2307.2,2307.6,31,29,11
9:36:31,2307.4,2307.4,2307.6,3,2,11
9:36:31,2307.4,2307.4,2307.6,1,2,21
9:36:32,2307.4,2307.2,2307.6,2,35,21
9:36:32,2307.2,2307.2,2307.6,6,32,35
9:36:33,2307.2,2307.2,2307.6,1,32,35
9:36:34,2307.4,2307.2,2307.6,1,34,38
9:36:34,2307.6,2307.2,2307.6,1,33,38
9:36:35,2307.4,2307.2,2307.4,5,34,11
9:36:36,2307.2,2307.2,2307.4,11,32,21
9:36:37,2307.4,2307.2,2307.4,4,55,23
9:36:37,2307.2,2307.2,2307.4,13,50,20
9:36:38,2307,2307,2307.2,57,48,30
9:36:38,2307.2,2307,2307.2,17,48,21
9:36:39,2307.2,2307,2307.2,28,21,20
9:36:39,2307.2,2307,2307.2,11,18,18
9:36:40,2307.2,2307,2307.2,19,27,3
9:36:40,2307,2307,2307.2,8,23,7
9:36:41,2307.2,2307,2307.2,7,24,1
9:36:41,2307.2,2307.2,2307.4,3,4,8
9:36:42,2307.2,2307.2,2307.4,4,7,8
9:36:43,2307.2,2307.2,2307.4,5,9,21
9:36:44,2307.4,2307.2,2307.4,4,9,19
9:36:44,2307.4,2307.2,2307.4,4,19,19
9:36:45,2307.4,2307.2,2307.4,4,18,18
9:36:45,2307.2,2307.2,2307.4,5,21,17
9:36:46,2307.2,2307.2,2307.4,3,20,7
9:36:46,2307.4,2307.2,2307.4,1,22,6
9:36:47,2307.2,2307.2,2307.4,1,23,9
9:36:47,2307.2,2307.2,2307.4,5,25,6
9:36:48,2307.4,2307.2,2307.4,1,26,5
9:36:48,2307.2,2307.2,2307.6,7,25,30
9:36:49,2307.4,2307.2,2307.6,11,19,30
9:36:49,2307.4,2307.4,2307.6,5,2,30
9:36:50,2307.4,2307.4,2307.6,8,12,29
9:36:50,2307.4,2307.4,2307.6,6,9,28
9:36:51,2307.6,2307.4,2307.6,1,21,27
9:36:51,2307.4,2307.4,2307.6,5,18,26
9:36:52,2307.4,2307.4,2307.6,3,16,27
9:36:52,2307.4,2307.4,2307.6,2,15,27
9:36:53,2307.6,2307.4,2307.6,8,16,20
9:36:53,2307.4,2307.2,2307.4,16,21,14
9:36:54,2307.4,2307.2,2307.4,5,21,10
9:36:55,2307.4,2307.2,2307.4,2,22,10
9:36:55,2307.4,2307.2,2307.4,7,25,5
9:36:56,2307.2,2307.2,2307.4,9,21,3
9:36:56,2307.4,2307.4,2307.6,3,12,26
9:36:58,2307.6,2307.6,2307.8,36,7,36
9:36:59,2307.6,2307.6,2307.8,7,1,36
9:36:59,2307.6,2307.6,2307.8,1,6,39
9:37:00,2307.8,2307.6,2307.8,2,5,38
9:37:00,2307.6,2307.6,2307.8,2,4,38
9:37:01,2307.4,2307.6,2307.8,7,1,35
9:37:01,2307.4,2307.4,2307.6,2,24,19
9:37:02,2307.6,2307.6,2307.8,19,5,44
9:37:02,2307.8,2307.6,2307.8,5,1,50
9:37:03,2307.8,2307.4,2307.8,2,16,50
9:37:03,2307.8,2307.6,2307.8,1,2,49
9:37:04,2307.4,2307.2,2307.4,26,24,2
9:37:04,2307.8,2307.4,2307.8,9,5,47
9:37:05,2307.4,2307.4,2307.6,8,2,2
9:37:05,2307.6,2307.4,2307.8,8,1,41
9:37:06,2307.6,2307.4,2307.8,4,1,40
9:37:06,2307.4,2307.4,2307.8,7,7,39
9:37:07,2307.2,2307.2,2307.4,22,20,6
9:37:08,2307.4,2307.2,2307.4,11,14,3
9:37:08,2307.2,2307.2,2307.4,5,9,3
9:37:09,2307.4,2307.4,2307.6,3,4,110
9:37:09,2307.4,2307.4,2307.6,5,1,113
9:37:10,2307.4,2307.2,2307.4,7,9,26
9:37:10,2307.2,2307.2,2307.4,5,8,61
9:37:11,2307.4,2307.2,2307.4,4,5,64
9:37:11,2307.4,2307.2,2307.4,10,98,58
9:37:12,2307.2,2307.2,2307.4,8,92,56
9:37:12,2307.2,2307.2,2307.4,76,16,47
9:37:13,2307.4,2307.2,2307.4,24,33,6
9:37:13,2307.2,2307.2,2307.4,3,34,5
9:37:14,2307.4,2307.2,2307.4,1,34,5
9:37:15,2307.2,2307.2,2307.4,1,33,13
9:37:15,2307.2,2307.2,2307.4,1,33,14
9:37:16,2307.2,2307.2,2307.4,22,11,17
9:37:16,2307.2,2307.2,2307.4,3,11,17
9:37:17,2307.2,2307.2,2307.4,2,10,18
9:37:17,2307.2,2307.2,2307.4,5,6,25
9:37:18,2307,2307,2307.2,8,130,4
9:37:18,2307.2,2307.2,2307.4,7,4,27
9:37:19,2307.2,2307,2307.4,30,135,3
9:37:19,2307.4,2307.2,2307.4,1,6,2
9:37:20,2307.2,2307.2,2307.4,1,117,12
9:37:21,2307.2,2307.2,2307.4,4,116,11
9:37:21,2307.4,2307.4,2307.6,20,9,118
9:37:22,2307.6,2307.4,2307.6,58,6,63
9:37:22,2307.6,2307.4,2307.6,4,11,59
9:37:23,2307.6,2307.4,2307.6,7,25,58
9:37:23,2307.6,2307.4,2307.6,1,27,57
9:37:24,2307.6,2307.4,2307.6,2,32,58
9:37:24,2307.6,2307.4,2307.6,28,30,32
9:37:25,2307.6,2307.4,2307.6,2,30,32
9:37:25,2307.6,2307.4,2307.6,37,21,5
9:37:26,2307.6,2307.6,2307.8,5,7,42
9:37:26,2307.8,2307.6,2307.8,10,8,32
9:37:27,2307.6,2307.6,2307.8,1,7,35
9:37:27,2307.8,2307.6,2307.8,5,10,30
9:37:28,2307.8,2307.6,2307.8,5,8,27
9:37:28,2307.8,2307.6,2307.8,4,29,23
9:37:29,2307.6,2307.6,2307.8,21,19,17
9:37:29,2307.4,2307.2,2307.4,44,145,237
9:37:30,2307.4,2307.2,2307.4,53,100,229
9:37:30,2307.2,2307.2,2307.4,32,71,226
9:37:31,2307.4,2307.2,2307.4,18,55,223
9:37:31,2307.2,2307.2,2307.4,37,18,223
9:37:32,2307.4,2307.2,2307.4,21,6,214
9:37:32,2307.2,2307,2307.2,9,152,9
9:37:33,2307,2307,2307.2,74,109,3
9:37:33,2307,2307,2307.2,44,79,3
9:37:34,2307,2307,2307.2,63,19,8
9:37:35,2307,2306.8,2307,24,101,2
9:37:35,2307,2306.8,2307,4,101,3
9:37:36,2306.8,2306.8,2307,13,90,1
9:37:36,2306.8,2306.8,2307.2,20,83,14
9:37:37,2307,2307,2307.2,8,3,11
9:37:37,2306.8,2306.8,2307,12,75,6
9:37:38,2306.8,2306.8,2307.2,30,64,14
9:37:38,2306.8,2306.8,2307,11,57,1
9:37:39,2306.8,2306.8,2307,3,61,49
9:37:39,2307,2306.8,2307,32,56,22
9:37:40,2306.8,2306.8,2307,17,50,14
9:37:40,2306.8,2306.8,2307,6,46,12
9:37:41,2307,2306.8,2307,14,47,2
9:37:41,2307,2306.8,2307.2,7,47,16
9:37:42,2307,2307,2307.2,1,13,15
9:37:42,2307,2307,2307.2,4,26,15
9:37:43,2307,2307,2307.2,7,24,14
9:37:43,2307,2307,2307.2,2,43,13
9:37:44,2307,2307,2307.2,4,120,12
9:37:44,2307.2,2307.2,2307.4,14,8,35
9:37:45,2307.2,2307.2,2307.4,1,13,35
9:37:45,2307.2,2307.2,2307.4,2,23,35
9:37:46,2307.4,2307.2,2307.4,4,28,41
9:37:46,2307.2,2307.2,2307.4,3,28,41
9:37:47,2307.2,2307.2,2307.4,27,4,41
9:37:48,2307.2,2307.2,2307.4,1,3,53
9:37:48,2307.4,2307.2,2307.4,6,3,52
9:37:49,2307.2,2307.2,2307.4,1,62,55
9:37:49,2307.2,2307.2,2307.4,2,61,54
9:37:50,2307.4,2307.2,2307.4,4,60,48
9:37:50,2307.4,2307.2,2307.6,54,60,30
9:37:51,2307.4,2307.4,2307.6,3,5,32
9:37:52,2307.4,2307.4,2307.6,1,4,38
9:37:52,2307.4,2307.2,2307.6,5,64,41
9:37:54,2307.6,2307.4,2307.6,3,2,39
9:37:54,2307.4,2307.2,2307.6,2,65,40
9:37:55,2307.2,2307.2,2307.6,7,58,42
9:37:55,2307.2,2307.2,2307.6,2,56,43
9:37:56,2307.2,2307.4,2307.6,2,2,43
9:37:57,2307.4,2307.2,2307.4,2,76,36
9:37:57,2307.2,2307.2,2307.4,4,76,34
9:37:59,2307.4,2307.2,2307.4,3,80,77
9:37:59,2307.2,2307.2,2307.4,37,69,52
9:38:00,2307.2,2307.2,2307.4,32,57,60
9:38:00,2307.2,2307.2,2307.4,15,42,60
9:38:01,2307.2,2307.2,2307.4,21,22,59
9:38:01,2307.2,2307.2,2307.4,9,13,59
9:38:02,2307.4,2307.2,2307.4,1,16,59
9:38:02,2307.2,2307.2,2307.4,18,12,44
9:38:03,2307.4,2307.2,2307.4,12,11,35
9:38:03,2307.2,2307.2,2307.4,2,13,47
9:38:04,2307.2,2307.2,2307.4,1,14,51
9:38:04,2307.4,2307.2,2307.4,2,14,51
9:38:05,2307.4,2307.2,2307.4,12,36,43
9:38:06,2307.2,2307.2,2307.4,1,37,43
9:38:06,2307.2,2307.2,2307.4,18,33,43
9:38:07,2307.4,2307.2,2307.4,28,34,20
9:38:08,2307.4,2307.2,2307.4,5,36,15
9:38:08,2307.2,2307.2,2307.4,9,27,15
9:38:09,2307.4,2307.2,2307.4,5,29,10
9:38:09,2307.4,2307.2,2307.4,13,30,3
9:38:10,2307.2,2307.2,2307.4,2,30,2
9:38:10,2307.4,2307.2,2307.4,10,22,1
9:38:11,2307.6,2307.4,2307.6,5,1,42
9:38:11,2307.4,2307.2,2307.4,2,22,2
9:38:12,2307.2,2307.2,2307.4,1,21,3
9:38:12,2307.4,2307.4,2307.6,4,21,44
9:38:13,2307.6,2307.4,2307.6,4,21,40
9:38:13,2307.4,2307.4,2307.6,2,21,48
9:38:14,2307.6,2307.4,2307.6,12,22,39
9:38:14,2307.4,2307.4,2307.6,6,18,37
9:38:15,2307.4,2307.4,2307.6,13,20,31
9:38:15,2307.6,2307.4,2307.6,2,20,29
9:38:16,2307.6,2307.4,2307.6,6,22,25
9:38:17,2307.4,2307.4,2307.6,18,20,9
9:38:17,2307.6,2307.4,2307.6,2,20,7
9:38:18,2307.6,2307.6,2307.8,7,17,51
9:38:19,2307.6,2307.6,2307.8,11,15,50
9:38:20,2307.8,2307.6,2307.8,9,12,44
9:38:20,2307.6,2307.6,2307.8,13,1,43
9:38:21,2307.6,2307.4,2307.8,4,25,41
9:38:21,2307.4,2307.4,2307.6,4,23,2
9:38:22,2307.6,2307.4,2307.6,1,23,1
9:38:22,2307.6,2307.6,2307.8,2,9,40
9:38:23,2307.6,2307.6,2307.8,4,7,39
9:38:23,2307.8,2307.6,2307.8,23,6,16
9:38:24,2307.8,2307.6,2307.8,1,6,19
9:38:24,2307.8,2307.6,2307.8,4,6,16
9:38:25,2307.8,2307.6,2307.8,6,6,12
9:38:25,2307.6,2307.6,2307.8,2,7,12
9:38:26,2307.8,2307.6,2307.8,10,9,3
9:38:26,2307.8,2307.6,2307.8,1,13,2
9:38:27,2307.8,2307.8,2308,3,5,60
9:38:27,2307.6,2307.6,2308,11,12,60
9:38:28,2308,2307.8,2308,13,1,48
9:38:28,2308,2307.6,2308,6,14,45
9:38:29,2308,2307.6,2308,10,22,36
9:38:29,2308,2307.8,2308,3,13,34
9:38:30,2308,2307.8,2308,2,16,32
9:38:30,2307.8,2307.8,2308,16,15,29
9:38:31,2307.8,2307.8,2308,1,16,29
9:38:31,2308,2307.8,2308,4,15,27
9:38:32,2307.8,2307.8,2308,18,13,13
9:38:32,2308,2307.8,2308,2,14,11
9:38:33,2307.8,2307.8,2308,1,13,12
9:38:33,2308,2307.8,2308,7,12,6
9:38:34,2307.8,2307.8,2308,2,13,6
9:38:34,2308,2307.8,2308.2,19,16,44
9:38:35,2308,2307.8,2308,3,26,2
9:38:35,2308.2,2307.8,2308,5,26,3
9:38:36,2308,2307.8,2308,5,26,5
9:38:36,2308,2307.8,2308,7,24,12
9:38:37,2307.8,2307.8,2308,6,24,17
9:38:37,2308,2307.8,2308,25,22,6
9:38:38,2307.8,2307.8,2308,3,20,7
9:38:38,2308,2307.8,2308,6,19,3
9:38:39,2307.8,2308,2308.2,4,4,48
9:38:39,2308,2307.8,2308.2,5,20,48
9:38:40,2308,2308,2308.2,2,1,48
9:38:41,2308,2307.8,2308.2,6,23,45
9:38:42,2307.8,2307.8,2308,3,35,39
9:38:42,2308,2307.8,2308,2,35,49
9:38:43,2308,2307.8,2308,26,23,36
9:38:43,2307.8,2307.8,2308,21,2,38
9:38:44,2307.8,2307.6,2308,8,33,36
9:38:45,2308,2307.6,2307.8,8,33,2
9:38:45,2307.8,2307.6,2307.8,5,32,1
9:38:46,2307.6,2307.6,2307.8,7,26,1
9:38:46,2307.6,2307.6,2307.8,3,27,3
9:38:47,2307.8,2307.6,2307.8,2,27,1
9:38:47,2307.8,2307.6,2307.8,4,25,2
9:38:48,2307.8,2307.6,2307.8,2,24,1
9:38:49,2307.6,2307.6,2307.8,2,22,2
9:38:49,2307.6,2307.6,2307.8,1,21,2
9:38:50,2307.8,2307.6,2308,3,27,49
9:38:51,2307.6,2307.8,2308,2,1,50
9:38:52,2308,2307.8,2308,2,1,51
9:38:52,2307.8,2307.8,2308,1,6,51
9:38:53,2307.8,2307.8,2308,4,7,55
9:38:53,2307.8,2307.6,2307.8,7,26,4
9:38:54,2308,2307.6,2308,7,28,56
9:38:55,2307.6,2307.6,2307.8,2,26,12
9:38:56,2307.6,2307.6,2307.8,8,18,14
9:38:57,2307.8,2307.6,2307.8,1,18,15
9:38:58,2307.6,2307.6,2307.8,12,7,21
9:38:58,2307.6,2307.4,2307.6,12,45,9
9:38:59,2307.6,2307.4,2307.6,2,47,7
9:38:59,2307.4,2307.4,2307.6,6,41,7
9:39:00,2307.4,2307.4,2307.6,7,36,5
9:39:00,2307.4,2307.4,2307.6,6,30,5
9:39:01,2307.4,2307.4,2307.6,2,28,5
9:39:01,2307.6,2307.6,2307.8,7,3,16
9:39:02,2307.6,2307.4,2307.8,5,25,16
9:39:02,2307.6,2307.6,2307.8,5,11,16
9:39:03,2307.6,2307.6,2307.8,2,10,27
9:39:03,2307.6,2307.6,2307.8,5,6,16
9:39:04,2307.6,2307.6,2307.8,1,5,16
9:39:04,2307.8,2307.6,2307.8,5,5,10
9:39:05,2307.6,2307.6,2307.8,11,2,12
9:39:05,2307.8,2307.6,2307.8,1,2,11
9:39:06,2307.6,2307.4,2307.6,6,21,4
9:39:06,2307.6,2307.6,2307.8,4,8,8
9:39:07,2307.8,2307.6,2307.8,3,8,9
9:39:08,2307.8,2307.6,2307.8,1,11,12
9:39:09,2307.8,2307.6,2307.8,1,13,12
9:39:09,2307.8,2307.6,2307.8,6,13,6
9:39:10,2307.6,2307.6,2307.8,1,12,9
9:39:11,2307.8,2307.8,2308,11,24,74
9:39:12,2307.8,2307.8,2308,19,25,60
9:39:12,2307.8,2307.8,2308,36,4,26
9:39:13,2308,2308,2308.2,26,27,54
9:39:13,2308.2,2308,2308.2,27,40,29
9:39:14,2308,2308,2308.2,15,29,15
9:39:14,2308.2,2308,2308.2,9,29,6
9:39:15,2308.2,2308,2308.2,7,26,4
9:39:15,2308.2,2308.2,2308.4,5,4,65
9:39:16,2308.4,2308,2308.4,10,27,60
9:39:16,2308.4,2308,2308.4,28,25,42
9:39:17,2308.4,2308,2308.4,47,17,8
9:39:18,2308,2308,2308.2,8,12,1
9:39:18,2308.2,2308.2,2308.4,6,1,6
9:39:19,2308.2,2308,2308.4,4,17,6
9:39:19,2308,2308,2308.4,1,17,11
9:39:20,2308.4,2308,2308.4,4,17,7
9:39:21,2308.2,2308.2,2308.4,8,12,11
9:39:21,2308.2,2308.2,2308.4,5,9,21
9:39:22,2308.2,2308.2,2308.4,3,6,21
9:39:22,2308.4,2308.4,2308.6,45,6,82
9:39:23,2308.2,2308,2308.2,8,22,17
9:39:23,2308,2308,2308.2,20,8,11
9:39:24,2308,2308,2308.2,8,6,6
9:39:24,2308.2,2308,2308.2,1,6,5
9:39:25,2308.2,2308.2,2308.4,5,2,15
9:39:25,2308.2,2308.2,2308.4,2,2,14
9:39:26,2308.4,2308,2308.4,12,17,13
9:39:27,2308.4,2308.2,2308.4,3,1,12
9:39:27,2308.4,2308,2308.4,4,17,12
9:39:28,2308.4,2308.2,2308.4,1,3,11
9:39:28,2308.4,2308.2,2308.4,2,18,12
9:39:29,2308.4,2308.2,2308.4,6,17,11
9:39:29,2308.2,2308.2,2308.4,1,19,12
9:39:30,2308.4,2308.2,2308.4,8,23,8
9:39:30,2308.4,2308.2,2308.4,2,23,6
9:39:31,2308.2,2308.2,2308.4,8,21,25
9:39:31,2308.2,2308.2,2308.4,8,22,22
9:39:32,2308.6,2308.2,2308.6,28,19,101
9:39:32,2308.2,2308.2,2308.6,5,18,99
9:39:33,2308.4,2308.2,2308.4,6,18,4
9:39:33,2308.4,2308.4,2308.6,6,15,97
9:39:34,2308.4,2308.4,2308.6,6,11,102
9:39:34,2308.6,2308.4,2308.6,10,8,98
9:39:35,2308.6,2308.4,2308.6,2,9,96
9:39:35,2308.4,2308.4,2308.6,3,8,95
9:39:36,2308.6,2308.4,2308.6,4,10,91
9:39:36,2308.6,2308.4,2308.6,2,21,90
9:39:37,2308.6,2308.4,2308.6,4,22,86
9:39:37,2308.6,2308.4,2308.6,18,22,75
9:39:38,2308.6,2308.4,2308.6,2,26,72
9:39:38,2308.6,2308.4,2308.6,5,29,69
9:39:39,2308.4,2308.2,2308.4,44,36,33
9:39:39,2308.2,2308.2,2308.4,4,33,33
9:39:40,2308.4,2308.2,2308.4,9,35,24
9:39:40,2308.4,2308.2,2308.4,11,29,22
