9:14:00,2309,2308.8,2309,81,1,53
9:15:00,2309,2309,2309.6,154,19,19
9:15:01,2309.8,2309.4,2309.8,60,6,5
9:15:01,2309.6,2309.6,2310,62,3,38
9:15:02,2310,2310,2310.2,86,42,1
9:15:02,2310.2,2310.2,2311.6,227,23,9
9:15:03,2311.2,2310.6,2311.2,106,19,5
9:15:03,2310.8,2310.8,2311.2,45,6,21
9:15:04,2311.2,2310.8,2311.6,127,1,4
9:15:04,2311.4,2311.2,2311.4,59,6,26
9:15:05,2311.4,2311.4,2311.6,65,13,12
9:15:05,2311.4,2311,2311.4,55,1,1
9:15:06,2311.6,2311.2,2311.6,41,1,17
9:15:06,2311,2311,2311.4,95,19,9
9:15:07,2311,2310.8,2311,31,1,4
9:15:07,2310.4,2310,2310.6,36,44,5
9:15:08,2310.2,2310.2,2310.4,52,5,8
9:15:08,2310.6,2310.4,2310.6,54,1,81
9:15:09,2310.4,2310,2310.4,47,3,16
9:15:09,2310.2,2310,2310.2,23,5,23
9:15:10,2310,2309.2,2310,56,9,2
9:15:10,2309.2,2309,2309.2,77,70,6
9:15:11,2309.8,2309.2,2309.8,89,17,12
9:15:11,2309.8,2309.4,2309.8,53,16,2
9:15:12,2309,2308.8,2309,47,7,34
9:15:12,2309,2308.6,2308.8,26,2,7
9:15:13,2308.6,2308.2,2308.4,21,17,9
9:15:13,2308.2,2308.2,2308.4,13,13,10
9:15:14,2308.2,2308.2,2308.4,36,25,10
9:15:14,2308.2,2308.4,2308.6,64,13,33
9:15:15,2308.6,2308.2,2308.6,23,4,23
9:15:15,2308.2,2308,2308.2,76,37,9
9:15:16,2308.2,2308,2308.2,17,43,1
9:15:16,2308.2,2308.2,2309,17,3,18
9:15:17,2308.8,2308.6,2308.8,13,2,6
9:15:17,2308.8,2308.8,2309,55,13,13
9:15:18,2309.2,2309,2309.4,18,7,7
9:15:18,2308.8,2308.6,2308.8,49,2,6
9:15:19,2309.4,2309,2309.4,12,1,6
9:15:19,2309.2,2309,2309.2,5,10,1
9:15:20,2309.6,2309,2309.8,19,9,4
9:15:20,2309.2,2309.2,2309.4,31,38,1
9:15:21,2309.6,2309.4,2309.6,16,6,1
9:15:21,2309.6,2309.6,2309.8,35,2,1
9:15:22,2309.8,2309.4,2309.8,7,23,4
9:15:22,2309.8,2309.4,2309.8,8,16,7
9:15:23,2309.6,2309.4,2309.8,16,5,14
9:15:23,2309.8,2309.2,2309.8,17,5,10
9:15:24,2309.6,2309.4,2309.6,29,1,16
9:15:24,2309.6,2309.2,2309.6,14,27,8
9:15:25,2309.6,2309.2,2309.4,29,11,4
9:15:25,2309.2,2309.2,2309.4,13,2,1
9:15:26,2309,2309,2309.2,15,122,13
9:15:26,2309.2,2309,2309.6,28,118,41
9:15:27,2309.2,2309.2,2309.6,10,12,41
9:15:27,2309.2,2309.2,2309.4,26,32,1
9:15:28,2309.2,2309.2,2309.4,3,32,1
9:15:28,2309.4,2309.2,2309.4,15,28,6
9:15:29,2309.2,2309.2,2309.4,11,17,10
9:15:29,2309.4,2309.2,2309.4,10,7,5
9:15:30,2309.4,2309.4,2309.6,19,31,26
9:15:30,2309.6,2309.4,2309.6,7,25,25
9:15:31,2309.6,2309.6,2309.8,44,5,23
9:15:31,2309.6,2309.6,2309.8,14,7,13
9:15:32,2309.6,2309.6,2309.8,22,6,1
9:15:32,2309.8,2309.8,2310,3,11,38
9:15:33,2309.8,2309.8,2310,2,14,38
9:15:33,2309,2309,2309.8,75,123,8
9:15:34,2309.6,2309.4,2309.6,29,2,39
9:15:34,2309.4,2309,2309.2,41,120,9
9:15:35,2309.2,2309,2309.2,16,121,8
9:15:35,2309.4,2309.2,2309.4,23,8,16
9:15:36,2309.2,2309.2,2309.4,6,7,16
9:15:36,2309.4,2309.4,2309.6,31,3,30
9:15:37,2309.2,2309.4,2309.6,5,3,36
9:15:37,2309.6,2309.2,2309.4,8,6,2
9:15:38,2309.4,2309.2,2309.6,12,14,26
9:15:38,2309.2,2309,2309.2,19,110,3
9:15:39,2309.4,2309.4,2309.6,8,8,18
9:15:39,2309.4,2309.2,2309.4,14,14,6
9:15:40,2309.4,2309.2,2309.4,5,31,4
9:15:40,2309.2,2309.2,2309.4,14,26,1
9:15:41,2309.4,2309.2,2309.6,2,26,15
9:15:41,2309.6,2309.4,2309.6,3,2,13
9:15:42,2309.6,2309.4,2309.6,1,9,12
9:15:42,2309.6,2309.6,2309.8,15,23,29
9:15:43,2309.6,2309.6,2309.8,5,22,31
9:15:43,2309.8,2309.6,2309.8,3,21,30
9:15:44,2309.6,2309.6,2309.8,10,18,25
9:15:44,2309.8,2309.8,2310,109,5,6
9:15:45,2309.8,2309.8,2310,2,20,5
9:15:45,2310,2309.8,2310,8,20,1
9:15:46,2310.2,2310,2310.2,5,6,17
9:15:46,2310.2,2310,2310.2,10,13,15
9:15:47,2310,2310,2310.2,7,13,10
9:15:47,2310,2310,2310.2,11,20,4
9:15:48,2310.2,2310.2,2310.4,7,2,26
9:15:48,2310.4,2310.2,2310.4,19,11,23
9:15:49,2310,2310,2310.2,17,14,1
9:15:49,2310.2,2310.2,2310.4,3,3,20
9:15:50,2310.2,2310.2,2310.4,9,22,20
9:15:50,2310.2,2310.2,2310.4,7,16,15
9:15:51,2310.2,2310.2,2310.4,2,27,15
9:15:51,2310.2,2310.2,2310.4,13,20,12
9:15:52,2310.2,2310,2310.2,24,51,14
9:15:52,2310.2,2310,2310.2,8,50,7
9:15:53,2310,2310,2310.2,8,55,5
9:15:53,2310,2310,2310.2,16,43,5
9:15:54,2310,2310,2310.2,12,35,33
9:15:54,2310,2310,2310.2,27,29,19
9:15:55,2310,2309.8,2310,55,1,9
9:15:55,2309.8,2309.8,2310,21,6,4
9:15:56,2309.6,2309.6,2310,14,7,4
9:15:56,2310.2,2310,2310.2,9,1,32
9:15:57,2309.6,2309.6,2310,17,3,2
9:15:57,2310,2310,2310.2,21,82,21
9:15:58,2310,2310,2310.4,79,30,22
9:15:58,2310,2310.2,2310.4,2,9,22
9:15:59,2310.2,2310.2,2310.4,4,16,21
9:15:59,2310,2310.2,2310.4,7,5,21
9:16:00,2310.4,2310.2,2310.4,8,6,18
9:16:00,2310.6,2310,2310.6,35,39,21
9:16:01,2310.6,2310,2310.8,33,38,41
9:16:01,2310.6,2310.6,2310.8,7,4,41
9:16:02,2310.6,2310.4,2310.6,7,20,9
9:16:02,2310.6,2310.4,2310.6,20,29,2
9:16:03,2310.6,2310.4,2310.6,7,25,6
9:16:03,2310.6,2310.4,2310.6,28,17,9
9:16:04,2310.4,2310.4,2310.6,24,4,13
9:16:04,2310.6,2310.2,2310.4,29,16,4
9:16:05,2310.2,2310.2,2310.4,19,3,3
9:16:05,2310.4,2310.4,2310.6,8,9,7
9:16:06,2310.6,2310.6,2310.8,24,12,43
9:16:06,2310.6,2310.6,2310.8,25,2,30
9:16:07,2310.6,2310.6,2310.8,8,4,29
9:16:07,2310.6,2310.4,2310.6,6,10,5
9:16:08,2310.4,2310.2,2310.4,16,17,7
9:16:08,2310.4,2310.4,2310.8,39,8,29
9:16:09,2310.6,2310.2,2310.6,11,16,1
9:16:09,2310.2,2310.2,2310.6,3,16,1
9:16:10,2310,2310,2310.2,18,57,1
9:16:10,2310.6,2310.2,2310.4,2,3,1
9:16:11,2310.6,2310.4,2310.6,9,5,10
9:16:11,2310.6,2310.4,2310.6,4,2,9
9:16:12,2310.6,2310.4,2310.6,12,30,3
9:16:12,2310.6,2310.6,2310.8,8,5,36
9:16:13,2310.8,2310.8,2311,47,29,40
9:16:13,2311,2310.8,2311,32,27,11
9:16:14,2311.2,2311,2311.2,15,34,15
9:16:14,2311.4,2311.4,2311.6,31,2,13
9:16:15,2311.6,2311.4,2311.6,20,5,11
9:16:15,2311.4,2311.4,2311.6,15,2,15
9:16:16,2311.4,2311.2,2311.4,11,18,34
9:16:16,2311.4,2311.2,2311.4,17,13,23
9:16:17,2311.4,2311,2311.4,27,25,9
9:16:17,2311.4,2311,2311.4,35,3,25
9:16:18,2310.8,2310.8,2311,21,7,1
9:16:18,2310.8,2310.6,2310.8,56,16,6
9:16:19,2311.4,2310.8,2311.4,40,1,1
9:16:19,2310.8,2310.8,2311.2,28,3,2
9:16:20,2310.8,2310.6,2310.8,10,11,41
9:16:20,2310.6,2310.4,2310.6,15,57,1
9:16:21,2310.6,2310.4,2310.6,21,55,4
9:16:21,2310.4,2310.4,2310.6,1,54,5
9:16:22,2310.6,2310.6,2310.8,5,49,34
9:16:22,2310.8,2310.6,2310.8,7,54,29
9:16:23,2311.2,2311,2311.2,33,2,1
9:16:23,2311.4,2311.2,2311.4,4,28,26
9:16:24,2311.4,2311.2,2311.4,7,30,24
9:16:24,2311.4,2311.2,2311.4,10,25,18
9:16:25,2311.2,2311.2,2311.4,16,15,14
9:16:25,2311.2,2311.2,2311.4,3,15,15
9:16:26,2311.4,2311.4,2311.6,27,1,25
9:16:26,2311.4,2311.4,2311.6,5,7,25
9:16:27,2311.4,2311.4,2311.6,10,3,25
9:16:27,2311.4,2311.4,2311.6,10,4,26
9:16:28,2311.4,2311.2,2311.4,10,21,12
9:16:28,2311.4,2311.2,2311.4,10,21,12
9:16:29,2311.2,2311.2,2311.4,15,22,20
9:16:29,2311.4,2311.2,2311.4,50,15,5
9:16:30,2311.4,2311.2,2311.4,3,15,4
9:16:30,2311.4,2311.2,2311.4,10,13,1
9:16:31,2311.2,2311.4,2311.6,4,3,14
9:16:31,2311.4,2311.4,2311.6,2,1,15
9:16:32,2311.4,2311.4,2311.6,3,1,56
9:16:32,2311.6,2311.2,2311.6,12,12,54
9:16:33,2311.4,2311.2,2311.4,4,11,17
9:16:33,2311.2,2311.2,2311.4,12,9,19
9:16:34,2311.4,2311.2,2311.4,11,10,35
9:16:34,2311.6,2311.2,2311.4,58,17,1
9:16:35,2311.4,2311.2,2311.6,20,16,38
9:16:35,2311.4,2311.4,2311.6,1,1,38
9:16:36,2311.2,2311.2,2311.4,25,34,1
9:16:36,2311.4,2311.4,2311.6,5,3,33
9:16:37,2311.2,2311.4,2311.6,8,17,33
9:16:37,2311.6,2311.4,2311.6,25,24,16
9:16:38,2311.6,2311.6,2311.8,52,7,51
9:16:38,2311.6,2311.6,2311.8,29,4,27
9:16:39,2311.4,2311.4,2311.6,31,7,1
9:16:39,2312.2,2312.2,2312.4,61,28,33
9:16:40,2312.4,2312.2,2312.4,55,1,8
9:16:40,2312.2,2311.8,2312.2,28,6,12
9:16:41,2312.2,2311.8,2312,15,7,9
9:16:41,2312,2311.8,2312,33,12,28
9:16:42,2311.8,2311.6,2311.8,39,18,23
9:16:42,2311.8,2311.6,2311.8,35,12,2
9:16:43,2311.8,2311.6,2312,14,12,9
9:16:43,2311.8,2311.6,2312,6,18,7
9:16:44,2311.6,2311.6,2312,9,15,4
9:16:44,2312,2311.8,2312,4,1,2
9:16:45,2311.8,2311.6,2311.8,58,1,2
9:16:45,2312,2311.6,2311.8,14,13,15
9:16:46,2311.8,2311.6,2311.8,17,15,10
9:16:46,2311.8,2311.8,2312,17,3,15
9:16:47,2311.8,2311.6,2311.8,37,18,2
9:16:47,2311.6,2311.6,2312,8,18,9
9:16:48,2311.6,2311.6,2312,10,27,19
9:16:48,2311.8,2311.8,2312,3,2,13
9:16:49,2311.8,2311.6,2311.8,13,28,1
9:16:49,2312,2312,2312.2,36,4,3
9:16:50,2312,2312,2312.2,8,22,3
9:16:50,2312,2312,2312.2,3,25,5
9:16:51,2312,2312,2312.2,31,22,4
9:16:51,2312,2312,2312.4,10,19,6
9:16:52,2312.2,2312,2312.2,10,16,12
9:16:52,2312,2312,2312.2,9,14,15
9:16:53,2312,2311.8,2312.2,31,29,35
9:16:53,2311.8,2311.8,2312.2,13,27,25
9:16:54,2312,2311.8,2312,9,27,9
9:16:54,2312.4,2312.4,2312.6,43,1,70
9:16:55,2311.8,2311.8,2312,26,10,1
9:16:55,2312,2312,2312.2,23,21,2
9:16:56,2312.2,2312.2,2312.4,6,7,2
9:16:56,2312.2,2312.2,2312.4,5,10,11
9:16:57,2312.2,2312.2,2312.4,2,10,17
9:16:57,2312.2,2312.2,2312.4,9,8,12
9:16:58,2312.2,2312.2,2312.4,13,11,4
9:16:58,2312.2,2312.2,2312.4,7,8,6
9:16:59,2312.2,2312,2312.4,10,34,4
9:16:59,2312.4,2312,2312.2,10,39,1
9:17:00,2312,2312,2312.2,7,22,1
9:17:00,2312.2,2312,2312.2,53,23,6
9:17:01,2312,2311.8,2312,35,41,2
9:17:01,2312,2311.8,2312,30,33,1
9:17:02,2312.2,2312,2312.2,33,1,17
9:17:02,2312,2312,2312.2,8,24,16
9:17:03,2312,2312,2312.2,34,7,2
9:17:03,2312.2,2312.2,2312.4,20,4,9
9:17:04,2312.4,2312.2,2312.4,73,2,8
9:17:04,2312.2,2312,2312.2,15,29,4
9:17:05,2312.4,2312,2312.4,15,26,2
9:17:05,2312.2,2312,2312.2,14,29,14
9:17:06,2312,2312,2312.2,10,24,10
9:17:06,2312,2312,2312.2,14,17,9
9:17:07,2312,2311.8,2312,21,2,5
9:17:07,2311.8,2311.6,2312,12,14,8
9:17:08,2311.6,2311.6,2312,18,13,29
9:17:08,2311.8,2311.6,2311.8,6,39,11
9:17:09,2311.6,2311.6,2311.8,12,35,21
9:17:09,2311.8,2311.6,2311.8,6,35,18
9:17:10,2311.6,2311.6,2311.8,21,14,18
9:17:10,2311.6,2311.4,2311.6,18,12,12
9:17:11,2311.6,2311.4,2311.6,11,7,19
9:17:11,2311.6,2311.4,2311.6,3,18,28
9:17:12,2311.4,2311.4,2312,104,21,39
9:17:12,2311.6,2311.6,2312,7,1,41
9:17:13,2311.8,2311.8,2312,16,3,42
9:17:13,2312,2311.8,2312,8,12,39
9:17:14,2312,2311.8,2312,8,12,33
9:17:14,2311.8,2311.8,2312,10,14,32
9:17:15,2311.8,2311.8,2312,3,14,34
9:17:15,2311.8,2311.8,2312,4,12,32
9:17:16,2311.8,2311.8,2312,10,5,33
9:17:16,2311.8,2311.8,2312,12,6,37
9:17:17,2312,2311.8,2312,7,10,39
9:17:17,2311.8,2311.8,2312,4,7,40
9:17:18,2311.8,2311.6,2311.8,12,22,2
9:17:18,2311.8,2311.6,2311.8,4,19,3
9:17:19,2311.6,2311.6,2311.8,7,13,5
9:17:20,2311.6,2311.6,2311.8,2,19,6
9:17:20,2311.8,2311.6,2311.8,1,21,7
9:17:21,2311.6,2311.6,2311.8,1,21,63
9:17:21,2311.6,2311.6,2311.8,12,12,69
9:17:22,2311.6,2311.4,2311.6,25,14,1
9:17:22,2311.4,2311.4,2311.6,8,8,32
9:17:23,2311.4,2311.2,2311.4,8,63,25
9:17:23,2311.4,2311.2,2311.4,9,50,20
9:17:24,2311.4,2311.2,2311.4,5,46,45
9:17:24,2311.2,2311.2,2311.4,36,42,14
9:17:25,2311.2,2311.2,2311.4,12,55,18
9:17:25,2311.2,2311.2,2311.4,8,60,13
9:17:26,2311.2,2311.2,2311.4,7,54,13
9:17:26,2311.4,2311.2,2311.4,13,48,11
9:17:27,2311.2,2311.2,2311.4,28,20,11
9:17:27,2311.4,2311.4,2311.6,13,15,34
9:17:28,2311.4,2311.4,2311.6,6,20,33
9:17:28,2311.6,2311.4,2311.6,9,14,13
9:17:29,2311.2,2311.2,2311.4,17,17,7
9:17:29,2311.2,2311.2,2311.4,12,17,52
9:17:30,2311.4,2311.2,2311.4,6,28,57
9:17:30,2311.4,2311.2,2311.4,4,28,75
9:17:31,2311.4,2311.2,2311.4,13,20,72
9:17:31,2311.4,2311.2,2311.4,6,52,69
9:17:32,2311.2,2311.2,2311.4,4,52,66
9:17:32,2311.2,2311.2,2311.4,1,52,66
9:17:33,2311.2,2311.2,2311.4,1,51,66
9:17:33,2311.4,2311.2,2311.4,2,51,64
9:17:34,2311.2,2311.2,2311.4,50,1,66
9:17:34,2311.2,2311.2,2311.4,8,8,59
9:17:35,2311,2311,2311.2,21,97,108
9:17:35,2311.2,2311,2311.2,21,79,111
9:17:36,2311,2311,2311.2,27,59,109
9:17:36,2311,2311,2311.2,71,35,110
9:17:37,2311,2311,2311.2,13,24,109
9:17:37,2311,2311,2311.2,9,18,108
9:17:38,2311.2,2311,2311.2,2,17,107
9:17:38,2311,2311,2311.2,2,23,107
9:17:39,2311,2311,2311.2,30,6,107
9:17:39,2311.2,2311,2311.2,2,8,105
9:17:40,2310.8,2310.8,2311,9,34,1
9:17:40,2310.8,2310.8,2311,5,44,2
9:17:41,2310.8,2310.8,2311,7,38,2
9:17:41,2310.8,2310.8,2311,19,23,1
9:17:42,2311,2311,2311.2,5,4,110
9:17:42,2311,2310.8,2311.2,5,26,112
9:17:43,2310.8,2310.8,2311.2,3,24,112
9:17:44,2311,2310.8,2311.2,12,35,110
9:17:45,2310.8,2311,2311.2,2,1,110
9:17:45,2310.8,2310.8,2311.2,1,33,111
9:17:46,2311.2,2311,2311.2,7,8,109
9:17:46,2311,2311,2311.2,5,3,111
9:17:47,2311,2311,2311.2,2,18,112
9:17:47,2311.2,2311,2311.2,8,14,113
9:17:48,2311,2311,2311.2,5,21,115
9:17:49,2311,2311,2311.2,2,20,113
9:17:49,2311,2311,2311.2,10,15,109
9:17:50,2311.2,2311,2311.2,7,13,101
9:17:50,2311,2311,2311.2,2,14,102
9:17:51,2311,2311,2311.2,1,14,102
9:17:51,2311.2,2311,2311.2,5,17,100
9:17:52,2311,2311,2311.2,2,16,100
9:17:52,2311,2311,2311.2,6,13,97
9:17:53,2311,2311,2311.2,7,8,96
9:17:53,2311,2311,2311.2,18,2,85
9:17:54,2311.2,2311.2,2311.4,88,17,11
9:17:54,2311.2,2311.2,2311.4,14,12,8
9:17:55,2311.4,2311.4,2311.6,9,16,19
9:17:55,2311.6,2311.4,2311.6,25,5,13
9:17:56,2311.8,2311.6,2311.8,21,7,14
9:17:56,2311.6,2311.2,2311.6,10,25,48
9:17:57,2311.2,2311,2311.6,38,12,12
9:17:57,2311.4,2311,2311.4,4,23,8
9:17:58,2311,2311.2,2311.4,4,2,7
9:17:58,2311.2,2311.2,2311.4,4,10,4
9:17:59,2311.6,2311.4,2311.6,7,2,7
9:18:00,2311.6,2311.4,2311.6,4,2,2
9:18:00,2311.8,2311.4,2311.8,9,5,11
9:18:01,2311.6,2311.6,2311.8,1,1,11
9:18:01,2311.6,2311.6,2312,17,6,64
9:18:02,2311.6,2311.4,2311.6,11,3,2
9:18:02,2311.8,2311.8,2312,6,4,63
9:18:03,2312,2311.8,2312,7,2,63
9:18:03,2312,2311.8,2312,5,1,61
9:18:04,2312,2311.6,2312,15,18,56
9:18:04,2312,2311.6,2312,13,18,45
9:18:05,2312,2311.6,2311.8,2,20,34
9:18:05,2311.6,2311.8,2312,36,1,46
9:18:06,2312,2311.6,2311.8,5,22,25
9:18:06,2311.8,2311.6,2311.8,4,20,24
9:18:07,2311.8,2311.6,2311.8,9,21,15
9:18:07,2311.6,2311.6,2311.8,17,19,1
9:18:08,2311.8,2311.6,2311.8,3,19,2
9:18:08,2311.8,2311.6,2311.8,2,19,2
9:18:09,2311.6,2311.6,2311.8,3,19,22
9:18:09,2311.8,2311.6,2311.8,1,19,22
9:18:10,2311.6,2311.4,2311.6,25,5,28
9:18:11,2311.6,2311.4,2311.6,6,2,32
9:18:11,2311.4,2311.4,2311.6,1,1,32
9:18:12,2311.4,2311.2,2311.4,7,19,7
9:18:12,2311.4,2311.2,2311.4,3,23,4
9:18:13,2311.2,2311.2,2311.4,2,22,22
9:18:13,2311.2,2311.2,2311.4,1,21,25
9:18:14,2311.4,2311.2,2311.4,4,19,30
9:18:14,2311.2,2311.2,2311.4,4,18,29
9:18:15,2311.2,2311.2,2311.4,1,19,29
9:18:15,2311.4,2311.2,2311.4,1,36,25
9:18:16,2311.2,2311.2,2311.4,9,28,27
9:18:16,2311.2,2311.2,2311.4,3,25,27
9:18:17,2311.2,2311.2,2311.4,5,22,25
9:18:17,2311.2,2311.2,2311.4,3,19,25
9:18:18,2311.4,2311.2,2311.4,3,22,22
9:18:19,2311.2,2311.2,2311.4,11,17,19
9:18:20,2311.4,2311.4,2311.6,26,10,9
9:18:20,2311.4,2311.4,2311.6,2,9,9
9:18:21,2311.4,2311.4,2311.6,1,9,9
9:18:21,2311.4,2311.4,2311.6,11,8,9
9:18:22,2311.4,2311.2,2311.6,9,9,10
9:18:22,2311.2,2311.2,2311.6,4,7,9
9:18:23,2311.4,2311.2,2311.6,6,34,9
9:18:24,2311.2,2311.2,2311.6,9,26,10
9:18:24,2311.2,2311.4,2311.6,8,1,11
9:18:25,2311.4,2311.4,2311.6,17,6,2
9:18:26,2311.4,2311.4,2311.6,6,5,1
9:18:26,2311.8,2311.4,2311.8,8,11,5
9:18:27,2311.8,2311.4,2311.8,6,10,1
9:18:27,2312,2311.6,2311.8,10,1,1
9:18:28,2311.4,2311.8,2312,16,1,54
9:18:28,2311.8,2311.8,2312,7,3,54
9:18:29,2312,2311.8,2312,12,2,43
9:18:29,2312,2311.8,2312,3,4,41
9:18:30,2312,2311.8,2312,5,3,37
9:18:30,2312,2312,2312.2,49,22,28
9:18:31,2312,2312,2312.2,14,11,29
9:18:31,2312,2311.8,2312,23,2,3
9:18:32,2312,2311.6,2312.2,7,3,25
9:18:32,2312,2311.6,2312.2,6,8,24
9:18:33,2312.2,2311.8,2312,4,1,2
9:18:33,2312.2,2312,2312.2,3,3,24
9:18:34,2312.2,2312,2312.2,4,1,21
9:18:34,2312.2,2311.8,2312.2,24,9,10
9:18:35,2312.4,2312.2,2312.4,13,7,18
9:18:35,2312.4,2312.2,2312.4,12,15,13
9:18:36,2312.4,2312.4,2312.6,19,7,77
9:18:36,2312.6,2312.4,2312.6,35,12,65
9:18:37,2312.6,2312.2,2312.6,21,13,49
9:18:37,2312.8,2312.6,2312.8,55,1,61
9:18:38,2312.8,2312.6,2312.8,11,5,55
9:18:38,2312.8,2312.6,2312.8,28,13,48
9:18:39,2312.8,2312.6,2312.8,35,14,20
9:18:39,2312.8,2312.8,2313,24,3,46
9:18:40,2312.8,2312.8,2313,14,5,43
9:18:40,2313,2312.8,2313,9,16,39
9:18:41,2313,2313,2313.4,52,74,2
9:18:41,2313.4,2313.4,2313.6,35,14,19
9:18:42,2313.6,2313.6,2313.8,26,10,17
9:18:42,2313.6,2313.4,2313.6,32,10,1
9:18:43,2313.6,2313.2,2314.2,56,5,11
9:18:43,2314,2313.8,2314,13,1,18
9:18:44,2314,2314,2314.2,70,1,6
9:18:44,2314.6,2314.2,2314.6,34,12,19
9:18:45,2314.2,2314.4,2314.6,16,7,16
9:18:45,2313.8,2313.6,2313.8,49,9,20
9:18:46,2313.6,2313.6,2314,48,4,1
9:18:46,2313.6,2313.6,2313.8,27,18,5
9:18:47,2313.6,2313.6,2313.8,22,10,2
9:18:47,2313.6,2313.4,2313.6,16,1,15
9:18:48,2313.4,2313,2313.4,12,100,1
9:18:48,2313.2,2313.2,2313.6,82,13,5
9:18:49,2313.6,2313.4,2313.6,22,4,6
9:18:49,2313.4,2313.4,2313.6,11,7,7
9:18:50,2313.4,2313.4,2313.6,14,3,3
9:18:50,2313.4,2313.2,2313.4,8,20,2
9:18:51,2313.4,2313.2,2313.4,13,14,3
9:18:51,2313.4,2313.2,2313.4,11,13,1
9:18:52,2313.4,2313.2,2313.6,9,11,18
9:18:52,2313.2,2313,2313.2,46,57,29
9:18:53,2313.2,2313,2313.2,5,55,30
9:18:53,2313.2,2313,2313.2,18,58,20
9:18:54,2313.6,2313,2313.4,46,45,1
9:18:54,2313.2,2313.2,2313.6,3,5,27
9:18:55,2313.2,2313.2,2313.4,1,11,4
9:18:55,2313.4,2313.2,2313.6,10,21,21
9:18:56,2313.2,2313.2,2313.4,4,33,3
9:18:56,2313.6,2313.4,2313.6,10,5,22
9:18:57,2313.4,2313.4,2313.6,7,1,23
9:18:57,2313.4,2313.2,2313.6,7,36,24
9:18:58,2313.4,2313.2,2313.6,12,40,31
9:18:58,2313.4,2313.2,2313.6,4,41,37
9:18:59,2313.2,2313.2,2313.4,23,38,7
9:18:59,2313.4,2313.2,2313.4,9,38,3
9:19:00,2313.2,2313.2,2313.4,13,35,8
9:19:00,2313.2,2313.2,2313.4,7,34,6
9:19:01,2313.6,2313.2,2313.6,25,20,18
9:19:01,2313,2313,2313.4,47,67,14
9:19:02,2313.2,2313.2,2313.4,3,6,35
9:19:02,2313.4,2313,2313.2,13,68,21
9:19:03,2313,2313,2313.2,19,54,28
9:19:03,2313.2,2313,2313.2,2,53,27
9:19:04,2313,2313,2313.2,21,37,35
9:19:04,2313,2313,2313.2,25,22,27
9:19:05,2312.8,2312.8,2313,44,23,2
9:19:05,2313,2312.8,2313.2,28,14,22
9:19:06,2312.8,2312.8,2313.2,10,13,14
9:19:06,2312.8,2313,2313.2,7,5,29
9:19:07,2313,2313,2313.2,4,4,27
9:19:07,2313,2312.8,2313.2,28,14,27
9:19:08,2312.8,2312.8,2313,3,13,3
9:19:08,2313,2312.8,2313,5,12,4
9:19:09,2312.8,2312.6,2312.8,22,57,37
9:19:09,2312.8,2312.6,2312.8,5,66,36
9:19:10,2312.8,2312.6,2312.8,5,62,35
9:19:10,2312.8,2312.6,2312.8,15,47,28
9:19:11,2312.8,2312.6,2312.8,9,64,22
9:19:11,2312.6,2312.6,2312.8,34,32,20
9:19:12,2312.8,2312.6,2312.8,15,29,11
9:19:12,2312.6,2312.6,2312.8,24,21,5
9:19:13,2312.6,2312.6,2312.8,13,13,2
9:19:13,2312.4,2312.4,2312.6,22,17,13
9:19:14,2312.4,2312.4,2312.6,11,13,8
9:19:14,2312.6,2312.2,2312.4,40,35,25
9:19:15,2312.2,2312.2,2312.4,8,32,33
9:19:15,2312.2,2312.2,2312.4,3,31,25
9:19:16,2312.2,2312.2,2312.4,6,26,26
9:19:16,2311.8,2311.6,2311.8,88,19,15
9:19:17,2311.6,2311.6,2311.8,16,14,6
9:19:17,2311.6,2311.6,2311.8,8,19,4
9:19:18,2311.8,2311.8,2312,21,14,7
9:19:18,2312,2311.8,2312,13,26,4
9:19:19,2311.8,2311.8,2312.2,20,32,21
9:19:19,2311.8,2311.8,2312.2,2,34,21
9:19:20,2311.8,2312,2312.2,1,1,21
9:19:20,2312.2,2311.8,2312.2,4,34,10
9:19:21,2312.2,2311.8,2312.2,8,33,4
9:19:21,2311.8,2312,2312.2,3,6,3
9:19:22,2311.8,2311.8,2312,13,33,1
9:19:22,2312.2,2311.8,2312.2,3,41,4
9:19:23,2312,2311.8,2312.4,27,40,13
9:19:23,2312,2311.8,2312,5,42,6
9:19:24,2311.8,2312,2312.4,18,2,17
9:19:24,2312.4,2312,2312.4,5,17,18
9:19:25,2312.4,2312,2312.2,5,18,1
9:19:25,2312,2312,2312.2,1,19,3
9:19:26,2312.4,2312,2312.4,17,17,7
9:19:26,2312,2312,2312.4,2,16,6
9:19:27,2312,2312,2312.2,2,14,1
9:19:27,2312,2312,2312.2,7,7,1
9:19:28,2312.4,2311.8,2312.4,13,36,5
9:19:28,2312,2311.8,2312,5,36,9
9:19:29,2312.6,2312.4,2312.6,45,8,26
9:19:29,2312.6,2312.4,2312.6,29,3,2
9:19:30,2312.2,2312.2,2312.4,7,2,1
9:19:31,2312.4,2312.4,2312.6,6,17,7
9:19:31,2312.4,2312.4,2312.6,5,16,5
9:19:32,2312.8,2312.4,2312.8,6,17,14
9:19:32,2312.8,2312.4,2312.8,2,18,13
9:19:33,2313,2312.8,2313,26,2,15
9:19:33,2312.8,2312.4,2312.8,23,13,26
9:19:34,2312.8,2312.4,2312.8,12,7,18
9:19:34,2312.8,2312.8,2313,22,21,30
9:19:35,2312.8,2312.8,2313,9,14,29
9:19:35,2312.8,2312.8,2313,17,6,55
9:19:36,2312.8,2312.8,2313,9,16,57
9:19:36,2312.8,2312.8,2313,5,16,54
9:19:37,2313,2312.8,2313,3,14,54
9:19:37,2313,2312.8,2313,5,12,56
9:19:38,2312.8,2312.8,2313,3,9,58
9:19:38,2313,2312.8,2313,1,9,58
9:19:39,2313,2312.8,2313,30,11,29
9:19:39,2312.8,2312.8,2313,2,9,30
9:19:40,2313,2312.8,2313,3,8,29
9:19:40,2313,2312.8,2313,7,8,25
9:19:41,2313,2312.8,2313,28,9,1
9:19:41,2313,2313,2313.2,4,3,41
9:19:42,2313,2313,2313.2,3,5,40
9:19:42,2313,2313,2313.2,2,4,40
9:19:43,2313,2313,2313.2,12,3,40
9:19:43,2313.2,2312.8,2313,12,7,5
9:19:44,2313,2312.8,2313,8,3,4
9:19:44,2313,2312.8,2313,1,3,6
9:19:45,2313,2312.8,2313,4,3,5
9:19:45,2313,2312.8,2313,3,4,33
9:19:46,2313,2312.8,2313,2,4,33
9:19:46,2312.8,2312.8,2313,3,2,43
9:19:47,2312.6,2312.4,2312.6,16,18,15
9:19:47,2312.6,2312.4,2312.6,11,19,12
9:19:48,2312.6,2312.4,2312.6,8,18,6
9:19:48,2312.6,2312.4,2312.6,2,17,5
9:19:49,2312.6,2312.4,2312.6,3,17,3
9:19:49,2312.6,2312.6,2312.8,3,7,90
9:19:50,2312.6,2312.6,2312.8,2,11,99
9:19:50,2312.6,2312.6,2312.8,9,2,97
9:19:51,2312.6,2312.4,2312.6,12,17,1
9:19:51,2312.6,2312.4,2312.6,2,20,10
9:19:52,2312.4,2312.4,2312.6,11,22,20
9:19:52,2312.4,2312.2,2312.4,29,10,8
9:19:53,2312.4,2312.2,2312.4,4,10,5
9:19:53,2312.2,2312.4,2312.6,11,20,30
9:19:54,2312.4,2312.4,2312.6,7,20,25
9:19:54,2312.4,2312.4,2312.6,5,15,34
9:19:55,2312.6,2312.4,2312.6,1,16,22
9:19:55,2312.6,2312.4,2312.6,19,8,11
9:19:56,2312.6,2312.6,2312.8,15,39,106
9:19:56,2312.6,2312.6,2312.8,2,37,106
9:19:57,2312.6,2312.6,2312.8,4,34,106
9:19:57,2312.8,2312.6,2312.8,6,33,101
9:19:58,2312.8,2312.6,2312.8,5,29,100
9:19:59,2312.6,2312.6,2312.8,2,27,100
9:19:59,2312.6,2312.6,2312.8,2,26,100
9:20:00,2312.6,2312.6,2312.8,1,25,100
9:20:01,2312.8,2312.6,2312.8,27,22,90
9:20:01,2312.8,2312.6,2312.8,33,22,57
9:20:02,2312.8,2312.4,2312.8,40,8,35
9:20:02,2312.8,2312.6,2312.8,7,18,31
9:20:03,2312.8,2312.6,2312.8,9,1,23
9:20:03,2312.6,2312.4,2312.8,1,8,23
9:20:04,2312.8,2312.6,2312.8,3,1,25
9:20:04,2312.6,2312.4,2312.8,1,29,25
9:20:05,2312.4,2312.6,2312.8,6,1,24
9:20:05,2312.8,2312.8,2313,29,2,52
9:20:06,2312.8,2312.8,2313,1,1,51
9:20:06,2313,2313,2313.2,60,4,46
9:20:07,2313,2313,2313.2,6,7,45
9:20:07,2313.2,2313,2313.2,24,1,41
9:20:08,2313,2312.8,2313.2,4,2,39
9:20:08,2312.8,2312.6,2313,8,78,24
9:20:09,2313,2312.6,2313,2,77,24
9:20:09,2312.8,2312.8,2313,7,9,41
9:20:10,2313,2312.8,2313,20,3,25
9:20:10,2312.8,2312.8,2313,2,7,26
9:20:11,2313,2312.8,2313,4,19,23
9:20:11,2313,2312.8,2313,2,20,24
9:20:12,2312.8,2312.8,2313,5,19,20
9:20:12,2313,2312.8,2313,1,7,19
9:20:13,2313,2312.8,2313,14,4,8
9:20:13,2313,2312.8,2313,1,6,7
9:20:14,2313,2312.8,2313,3,5,5
9:20:14,2312.8,2312.8,2313,4,2,5
9:20:15,2312.8,2312.6,2313,3,94,11
9:20:16,2312.8,2312.8,2313,1,2,11
9:20:16,2313,2312.8,2313,5,5,8
9:20:17,2312.8,2312.8,2313,2,6,9
9:20:17,2313,2312.8,2313,7,2,8
9:20:18,2312.8,2312.8,2313,4,2,16
9:20:18,2313,2312.8,2313,2,1,25
9:20:19,2312.8,2312.8,2313,1,1,27
9:20:19,2313,2312.8,2313,3,12,25
9:20:20,2313,2312.8,2313,16,31,11
9:20:20,2313,2312.8,2313,2,37,10
9:20:21,2313,2313,2313.2,10,22,39
9:20:21,2313,2313,2313.2,6,33,38
9:20:22,2313.2,2313,2313.2,5,33,33
9:20:22,2313.2,2313,2313.2,11,33,23
9:20:23,2312.8,2312.8,2313.2,65,33,8
9:20:23,2313.2,2313,2313.2,1,3,7
9:20:24,2313.2,2313.2,2313.6,28,1,24
9:20:24,2313.2,2313.2,2313.6,1,20,25
9:20:25,2312.8,2312.8,2313.6,64,17,22
9:20:25,2313.4,2313,2313.2,2,8,1
9:20:26,2313.2,2313,2313.2,11,1,3
9:20:26,2312.8,2312.8,2313.2,6,8,10
9:20:27,2312.8,2312.8,2313.2,7,26,12
9:20:27,2312.8,2312.8,2313.2,14,44,33
9:20:28,2313.2,2313,2313.2,3,2,30
9:20:28,2313.2,2313,2313.2,4,2,26
9:20:29,2313.2,2312.8,2313.2,19,43,11
9:20:29,2313,2312.8,2313,12,33,1
9:20:30,2313,2312.8,2313,1,33,2
9:20:30,2313,2312.8,2313.2,5,30,15
9:20:31,2312.8,2312.8,2313,2,32,2
9:20:31,2313.2,2312.8,2313.2,4,33,68
9:20:32,2312.8,2313,2313.2,2,11,78
9:20:32,2313,2312.8,2313,11,34,12
9:20:33,2312.8,2312.8,2313,11,27,24
9:20:33,2313,2312.8,2313,1,27,47
9:20:34,2312.8,2312.8,2313,11,23,63
9:20:34,2312.8,2312.6,2312.8,24,96,14
9:20:35,2312.6,2312.6,2312.8,2,94,24
9:20:35,2312.6,2312.6,2312.8,14,81,24
9:20:36,2312.6,2312.6,2312.8,36,56,14
9:20:36,2312.6,2312.6,2312.8,14,47,12
9:20:37,2312.6,2312.6,2312.8,2,44,19
9:20:38,2312.6,2312.6,2312.8,3,43,17
9:20:38,2312.6,2312.6,2312.8,2,39,35
9:20:39,2312.6,2312.6,2312.8,11,29,34
9:20:39,2312.6,2312.6,2312.8,57,11,31
9:20:40,2312.8,2312.6,2312.8,8,4,30
9:20:40,2312.6,2312.4,2312.6,8,11,16
9:20:41,2312.4,2312.4,2312.6,3,11,15
9:20:41,2312.4,2312.4,2312.6,11,16,8
9:20:42,2312.4,2312.4,2312.6,2,14,9
9:20:42,2312.6,2312.6,2312.8,18,40,6
9:20:43,2312.6,2312.6,2313,12,57,83
9:20:43,2312.6,2312.6,2312.8,3,60,1
9:20:44,2312.8,2312.8,2313,5,3,66
9:20:44,2312.8,2312.8,2313,2,3,65
9:20:45,2312.8,2312.8,2313,2,6,65
9:20:45,2313,2312.8,2313,5,2,64
9:20:46,2312.8,2312.8,2313,3,7,63
9:20:46,2313,2312.8,2313,1,11,67
9:20:47,2312.8,2312.8,2313,3,9,67
9:20:47,2312.8,2312.8,2313,1,9,69
9:20:48,2313,2312.8,2313,42,8,30
9:20:48,2313,2312.8,2313,2,11,29
9:20:49,2313,2312.8,2313,7,34,27
9:20:50,2313,2312.8,2313,29,24,1
9:20:50,2313.2,2313,2313.2,5,1,97
9:20:51,2313,2312.8,2313.2,3,22,96
9:20:51,2313,2312.8,2313.2,2,23,95
9:20:52,2313.2,2313,2313.2,3,3,92
9:20:52,2313,2313,2313.2,1,3,92
9:20:53,2313,2312.8,2313,5,14,49
9:20:53,2312.8,2312.8,2313,3,12,50
9:20:54,2312.8,2312.8,2313,7,1,60
9:20:55,2312.8,2312.6,2312.8,5,15,5
9:20:55,2312.8,2312.6,2312.8,3,17,2
9:20:56,2312.6,2312.6,2312.8,3,16,7
9:20:57,2312.8,2312.6,2312.8,4,17,7
9:20:58,2312.6,2312.6,2312.8,1,29,8
9:20:58,2312.8,2312.6,2312.8,3,29,6
9:20:59,2312.6,2312.6,2312.8,4,26,5
9:20:59,2313,2312.8,2313,15,1,71
9:21:00,2313,2312.8,2313,12,2,60
9:21:00,2313,2312.8,2313,20,9,41
9:21:01,2312.8,2312.8,2313,2,8,43
9:21:01,2312.8,2312.8,2313,23,22,20
9:21:02,2312.8,2312.8,2313,20,5,19
9:21:02,2313,2312.8,2313,15,3,4
9:21:03,2312.8,2312.6,2312.8,6,28,11
9:21:04,2312.6,2312.6,2312.8,10,20,12
9:21:05,2312.6,2312.6,2312.8,3,18,14
9:21:05,2312.6,2312.6,2312.8,5,14,17
9:21:06,2312.6,2312.6,2312.8,2,12,20
9:21:06,2312.4,2312.4,2312.6,14,25,3
9:21:07,2312.4,2312.4,2312.6,19,4,12
9:21:08,2312.4,2312.2,2312.4,16,46,2
9:21:09,2312.2,2312.2,2312.4,25,23,2
9:21:10,2312.2,2312.2,2312.4,14,9,6
9:21:10,2312,2312,2312.2,12,50,12
9:21:11,2312,2312,2312.2,13,38,27
9:21:11,2312,2312,2312.2,3,55,37
9:21:12,2312,2312,2312.2,52,30,13
9:21:12,2312,2311.8,2312,52,87,21
9:21:13,2311.8,2311.8,2312,6,82,26
9:21:13,2311.8,2311.8,2312.2,58,52,88
9:21:14,2312,2311.8,2312,9,63,3
9:21:14,2311.8,2311.8,2312,2,65,12
9:21:15,2312,2312,2312.2,24,12,89
9:21:15,2312,2312,2312.2,17,1,87
9:21:16,2312,2312,2312.2,7,3,88
9:21:16,2312,2311.8,2312.2,9,56,86
9:21:17,2312,2311.8,2312,5,61,3
9:21:18,2311.8,2312,2312.2,5,3,88
9:21:18,2312,2312,2312.2,3,3,89
9:21:19,2312,2311.8,2312,5,62,1
9:21:19,2312,2311.8,2312,3,61,3
9:21:20,2311.8,2311.8,2312,3,59,3
9:21:20,2312.2,2311.8,2312,5,62,3
9:21:21,2312,2311.8,2312,4,61,2
9:21:21,2311.8,2311.8,2312.2,8,56,90
9:21:22,2311.8,2311.8,2312,3,56,5
9:21:22,2312,2311.8,2312,2,57,5
9:21:23,2312.2,2311.8,2312.2,6,60,91
9:21:23,2312.2,2311.8,2312,47,42,1
9:21:24,2311.8,2311.8,2312,2,42,1
9:21:24,2311.8,2311.8,2312,6,36,3
9:21:25,2311.8,2311.8,2312,3,36,4
9:21:25,2311.8,2311.8,2312,13,25,4
9:21:26,2311.8,2311.8,2312,3,26,7
9:21:26,2312,2312,2312.2,9,4,77
9:21:27,2312,2311.8,2312,7,25,11
9:21:27,2312,2312,2312.2,15,1,78
9:21:28,2312.2,2311.8,2312.2,2,21,77
9:21:28,2311.8,2311.8,2312,4,18,9
9:21:29,2311.8,2311.8,2312,21,4,16
9:21:29,2311.8,2311.6,2312,5,85,16
9:21:30,2311.8,2311.6,2311.8,1,95,4
9:21:30,2312,2311.8,2312,7,2,22
9:21:31,2311.8,2311.6,2311.8,8,93,43
9:21:31,2311.8,2311.6,2311.8,3,106,41
9:21:32,2311.6,2311.6,2311.8,3,93,39
9:21:32,2311.8,2311.6,2311.8,4,92,35
9:21:33,2311.8,2311.6,2311.8,4,91,33
9:21:33,2311.8,2311.6,2311.8,2,91,31
9:21:34,2311.6,2311.6,2311.8,6,86,31
9:21:34,2311.8,2311.6,2311.8,15,72,30
9:21:35,2311.6,2311.6,2311.8,1,71,31
9:21:35,2311.6,2311.6,2311.8,8,65,29
9:21:36,2311.6,2311.6,2311.8,7,61,29
9:21:36,2311.6,2311.6,2311.8,3,59,28
9:21:37,2311.6,2311.6,2311.8,35,24,28
9:21:37,2311.6,2311.6,2311.8,6,18,28
9:21:38,2311.6,2311.6,2311.8,11,7,28
9:21:38,2311.6,2311.6,2311.8,2,14,28
9:21:39,2311.6,2311.6,2311.8,11,5,27
9:21:39,2311.6,2311.6,2311.8,6,2,24
9:21:40,2311.6,2311.4,2311.6,2,49,3
9:21:40,2311.4,2311.4,2311.6,12,42,4
9:21:41,2311.6,2311.4,2311.6,6,40,1
9:21:41,2311.6,2311.6,2311.8,7,9,25
9:21:42,2311.6,2311.6,2311.8,5,7,24
9:21:42,2311.8,2311.6,2311.8,4,31,23
9:21:43,2311.6,2311.6,2311.8,3,41,23
9:21:43,2311.8,2311.6,2311.8,4,32,21
9:21:44,2311.8,2311.8,2312,22,4,37
9:21:44,2311.6,2311.6,2312,10,33,31
9:21:45,2311.6,2311.6,2312,4,36,33
9:21:45,2311.6,2311.6,2311.8,2,37,1
9:21:46,2312,2311.6,2311.8,2,38,1
9:21:46,2311.6,2311.6,2312,7,40,33
9:21:47,2312,2311.8,2312,3,6,32
9:21:47,2312,2311.6,2312,13,44,31
9:21:48,2311.6,2311.8,2312,5,1,31
9:21:48,2311.6,2311.6,2312,1,36,32
9:21:49,2311.6,2311.6,2312,2,36,32
9:21:49,2311.6,2311.6,2312,8,33,30
9:21:50,2312,2311.6,2312,2,35,29
9:21:51,2311.6,2311.6,2312,1,33,49
9:21:51,2312,2311.6,2312,2,34,47
9:21:53,2312,2311.8,2312,4,5,44
9:21:53,2312,2311.8,2312,2,4,44
9:21:54,2312,2311.8,2312,40,8,3
9:21:55,2311.8,2311.8,2312,8,3,2
9:21:55,2312,2311.8,2312.2,2,5,73
9:21:56,2311.8,2311.8,2312.2,3,5,73
9:21:56,2312.2,2311.6,2312.2,9,47,72
9:21:58,2312.2,2312,2312.2,7,1,70
9:21:58,2312.2,2311.8,2312.2,2,3,69
9:21:59,2312.2,2311.6,2312.2,19,50,67
9:21:59,2312.2,2311.8,2312,6,16,9
9:22:00,2311.8,2311.8,2312,1,19,11
9:22:01,2311.8,2311.8,2312,7,14,12
9:22:01,2311.8,2311.8,2312,7,9,12
9:22:02,2311.6,2311.6,2312,23,44,16
9:22:02,2311.8,2311.6,2311.8,7,54,1
9:22:03,2311.6,2311.6,2312,4,51,20
9:22:03,2312,2311.6,2312,29,48,1
9:22:04,2311.6,2311.6,2312,1,47,1
9:22:04,2312,2311.6,2312,1,53,3
9:22:05,2312,2311.8,2312,2,12,1
9:22:05,2312,2312,2312.2,3,10,75
9:22:06,2312,2312,2312.2,1,23,74
9:22:06,2312,2312,2312.2,1,8,74
9:22:07,2312,2312,2312.2,3,7,74
9:22:07,2312.2,2312,2312.2,4,6,72
9:22:08,2312,2312,2312.2,2,4,72
9:22:08,2312,2312,2312.2,1,3,73
9:22:09,2312.2,2312,2312.2,11,1,63
9:22:10,2312.2,2312,2312.2,2,5,62
9:22:10,2312,2312,2312.2,2,11,62
9:22:11,2312,2312,2312.2,4,7,62
9:22:11,2312,2312,2312.2,3,6,63
9:22:12,2312.2,2312,2312.2,2,5,63
9:22:12,2312.2,2312,2312.2,1,5,62
9:22:13,2312,2311.8,2312,5,36,2
9:22:13,2312,2311.8,2312,2,37,1
9:22:14,2312.2,2312,2312.2,3,21,74
9:22:14,2312.2,2312,2312.2,3,21,71
9:22:15,2312,2312,2312.2,2,50,72
9:22:15,2312.2,2312,2312.2,20,48,54
9:22:16,2312,2312,2312.2,24,43,35
9:22:16,2312.2,2312,2312.2,29,43,8
9:22:17,2312.2,2312,2312.2,8,40,3
9:22:17,2312.2,2312,2312.2,3,39,2
9:22:18,2312.4,2312,2312.2,4,40,1
9:22:18,2312.2,2312.2,2312.4,1,5,13
9:22:19,2312.2,2312,2312.4,6,41,25
9:22:20,2312.2,2312,2312.2,6,42,4
9:22:20,2312.2,2312.2,2312.4,4,6,26
9:22:21,2312.2,2312.2,2312.4,5,2,27
9:22:22,2312.2,2312,2312.4,2,46,27
9:22:23,2312.2,2312.2,2312.4,1,3,28
9:22:24,2312.4,2312.2,2312.4,9,3,19
9:22:24,2312.2,2312.2,2312.4,4,9,18
9:22:25,2312.2,2312.2,2312.4,2,11,15
9:22:25,2312.4,2312.2,2312.4,1,12,14
9:22:26,2312.4,2312.2,2312.4,6,12,9
9:22:26,2312.4,2312.2,2312.4,1,13,8
9:22:27,2312.4,2312.4,2312.6,8,2,17
9:22:28,2312.4,2312.2,2312.4,2,16,7
9:22:28,2312.2,2312.2,2312.4,2,15,6
9:22:29,2312.4,2312.4,2312.6,7,20,17
9:22:29,2312.4,2312.4,2312.6,2,18,27
9:22:30,2312.4,2312.4,2312.6,2,17,27
9:22:30,2312.6,2312.4,2312.6,1,21,26
9:22:31,2312.6,2312.4,2312.6,6,22,21
9:22:31,2312.6,2312.4,2312.6,21,23,7
9:22:32,2312.4,2312.4,2312.6,6,22,2
9:22:32,2312.6,2312.6,2312.8,4,1,23
9:22:33,2312.6,2312.4,2312.6,2,22,12
9:22:33,2312.6,2312.4,2312.6,11,21,2
9:22:34,2312.6,2312.6,2312.8,2,1,25
9:22:34,2312.4,2312.4,2312.6,6,32,36
9:22:35,2312.6,2312.4,2312.6,2,32,34
9:22:35,2312.6,2312.4,2312.6,1,33,33
9:22:36,2312.4,2312.4,2312.6,3,30,38
9:22:36,2312.4,2312.4,2312.6,4,28,37
9:22:37,2312.6,2312.4,2312.6,2,29,38
9:22:37,2312.6,2312.4,2312.6,12,28,27
9:22:38,2312.6,2312.4,2312.6,1,28,28
9:22:38,2312.4,2312.4,2312.6,4,24,30
9:22:39,2312.6,2312.4,2312.6,9,20,27
9:22:39,2312.6,2312.4,2312.6,2,19,23
9:22:40,2312.6,2312.6,2312.8,23,12,23
9:22:40,2312.6,2312.6,2312.8,1,11,33
9:22:41,2312.8,2312.6,2312.8,2,10,32
9:22:41,2312.8,2312.6,2312.8,2,15,31
9:22:42,2312.8,2312.6,2312.8,1,16,30
9:22:42,2312.8,2312.6,2312.8,4,16,31
9:22:43,2312.8,2312.6,2312.8,6,17,25
9:22:44,2312.8,2312.6,2312.8,5,18,21
9:22:45,2312.8,2312.6,2312.8,2,19,19
9:22:45,2312.8,2312.6,2312.8,2,20,18
9:22:46,2312.8,2312.6,2312.8,2,21,16
9:22:46,2312.8,2312.6,2312.8,9,22,10
9:22:47,2312.8,2312.6,2312.8,2,23,9
9:22:48,2312.8,2312.6,2312.8,5,23,15
9:22:48,2312.8,2312.6,2312.8,5,23,30
9:22:49,2312.8,2312.6,2312.8,1,24,36
9:22:49,2312.6,2312.6,2312.8,19,7,28
9:22:50,2312.6,2312.4,2312.6,8,22,21
9:22:50,2312.6,2312.4,2312.6,6,21,18
9:22:51,2312.4,2312.4,2312.6,33,20,5
9:22:51,2312.4,2312.4,2312.6,2,19,3
9:22:52,2312.8,2312.4,2312.6,27,22,1
9:22:52,2312.4,2312.4,2312.6,1,20,2
9:22:53,2312.6,2312.4,2312.6,1,20,1
9:22:53,2312.8,2312.6,2312.8,4,1,58
9:22:54,2312.4,2312.2,2312.4,42,28,4
9:22:54,2312.2,2312.2,2312.4,1,27,9
9:22:55,2312.4,2312.2,2312.4,1,27,8
9:22:55,2312.4,2312.2,2312.4,7,22,2
9:22:56,2312.8,2312.2,2312.6,23,12,1
9:22:57,2312.2,2312.2,2312.4,8,7,1
9:22:57,2312.2,2312.2,2312.4,2,5,1
9:22:58,2312.2,2312.2,2312.6,5,20,11
9:22:58,2312.4,2312.2,2312.6,2,21,11
9:22:59,2312.8,2312.2,2312.8,21,28,34
9:22:59,2312.6,2312.6,2312.8,2,1,34
9:23:00,2312.8,2312.4,2312.6,4,6,2
9:23:00,2312.8,2312.6,2312.8,10,17,26
9:23:01,2312.8,2312.6,2312.8,4,12,22
9:23:01,2312.6,2312.6,2312.8,1,11,23
9:23:02,2312.8,2312.6,2312.8,11,12,13
9:23:03,2312.6,2312.4,2312.8,13,18,12
9:23:04,2312.6,2312.4,2312.6,3,18,1
9:23:04,2312.6,2312.4,2312.6,3,18,1
9:23:05,2312.6,2312.4,2312.8,2,24,14
9:23:05,2312.4,2312.4,2312.6,1,24,1
9:23:06,2312.6,2312.6,2312.8,1,1,19
9:23:06,2312.6,2312.6,2312.8,1,20,20
9:23:07,2312.6,2312.6,2312.8,1,22,25
9:23:08,2312.6,2312.6,2312.8,8,18,22
9:23:08,2312.6,2312.6,2312.8,1,20,23
9:23:09,2312.8,2312.6,2312.8,1,20,23
9:23:09,2312.8,2312.6,2312.8,3,19,24
9:23:10,2312.6,2312.6,2312.8,1,18,24
9:23:10,2312.6,2312.6,2312.8,3,15,24
9:23:11,2312.6,2312.6,2312.8,20,6,14
9:23:11,2312.8,2312.8,2313,22,11,96
9:23:12,2313,2312.8,2313,8,4,95
9:23:12,2313,2312.8,2313,7,4,92
9:23:13,2312.8,2312.8,2313,7,3,87
9:23:13,2312.8,2312.6,2312.8,10,8,3
9:23:14,2313,2312.8,2313,34,1,57
9:23:14,2313,2312.6,2312.8,3,11,4
9:23:15,2312.6,2312.6,2312.8,5,9,8
9:23:15,2313,2312.8,2313,9,13,59
9:23:16,2313,2312.8,2313,7,8,57
9:23:16,2312.4,2312.4,2312.6,31,24,1
9:23:17,2312.4,2312.4,2312.6,8,13,1
9:23:17,2312.6,2312.4,2312.8,1,13,11
9:23:18,2312.8,2312.8,2313,14,13,59
9:23:18,2313,2312.8,2313,1,13,61
9:23:19,2312.8,2312.6,2312.8,13,5,39
9:23:19,2312.4,2312.6,2312.8,9,1,40
9:23:20,2312.6,2312.6,2312.8,5,1,41
9:23:20,2312.8,2312.6,2312.8,2,1,39
9:23:21,2312.8,2312.6,2312.8,2,18,37
9:23:22,2312.6,2312.6,2312.8,6,13,37
9:23:23,2312.8,2312.6,2312.8,13,3,34
9:23:23,2312.6,2312.4,2312.6,4,27,8
9:23:24,2312.6,2312.4,2312.6,1,27,7
9:23:24,2312.6,2312.4,2312.6,4,27,9
9:23:25,2312.6,2312.6,2312.8,15,1,36
9:23:26,2312.6,2312.6,2312.8,1,5,37
9:23:26,2312.8,2312.6,2312.8,1,12,34
9:23:27,2312.8,2312.6,2312.8,3,10,33
9:23:27,2312.6,2312.6,2312.8,1,23,33
9:23:28,2312.8,2312.6,2312.8,6,36,30
9:23:29,2312.6,2312.6,2312.8,5,34,28
9:23:30,2312.8,2312.6,2312.8,4,37,29
9:23:30,2312.6,2312.6,2312.8,5,34,22
9:23:31,2312.6,2312.6,2312.8,2,33,26
9:23:31,2312.8,2312.6,2312.8,5,33,24
9:23:32,2312.6,2312.6,2312.8,4,31,24
9:23:32,2312.6,2312.6,2312.8,1,22,24
9:23:36,2312.6,2312.6,2312.8,1,23,27
9:23:36,2312.8,2312.6,2312.8,1,23,26
9:23:37,2312.8,2312.6,2312.8,2,23,24
9:23:38,2312.6,2312.6,2312.8,1,22,25
9:23:38,2312.6,2312.6,2312.8,8,17,23
9:23:39,2312.8,2312.6,2312.8,6,16,18
9:23:39,2312.6,2312.6,2312.8,2,14,19
9:23:40,2312.6,2312.6,2312.8,3,12,21
9:23:41,2312.6,2312.4,2312.6,16,32,8
9:23:41,2312.6,2312.6,2312.8,2,1,47
9:23:42,2312.6,2312.4,2312.8,1,33,47
9:23:42,2312.6,2312.4,2312.6,1,33,8
9:23:43,2312.6,2312.4,2312.6,5,33,4
9:23:45,2312.6,2312.4,2312.6,2,33,7
9:23:46,2312.4,2312.4,2312.6,1,33,8
9:23:46,2312.4,2312.4,2312.6,1,35,8
9:23:47,2312.4,2312.4,2312.6,2,33,8
9:23:48,2312.6,2312.4,2312.6,2,34,10
9:23:48,2312.4,2312.4,2312.6,1,33,12
9:23:49,2312.4,2312.4,2312.6,1,33,14
9:23:50,2312.6,2312.4,2312.6,1,35,14
9:23:50,2312.4,2312.4,2312.6,34,3,14
9:23:51,2312.4,2312.2,2312.6,3,36,20
9:23:51,2312.2,2312.2,2312.4,1,34,7
9:23:52,2312.2,2312.2,2312.4,5,29,8
9:23:52,2312.4,2312.2,2312.4,4,28,6
9:23:53,2312.2,2312.2,2312.4,2,26,18
9:23:53,2312.4,2312.2,2312.4,8,20,16
9:23:54,2312.2,2312.2,2312.4,3,18,15
9:23:54,2312.2,2312.2,2312.4,6,14,26
9:23:55,2312.2,2312.2,2312.4,1,13,27
9:23:55,2312.2,2312.2,2312.4,32,4,6
9:23:56,2312.2,2312,2312.2,7,93,7
9:23:57,2312.2,2312.2,2312.4,16,3,7
9:23:57,2312.2,2312.2,2312.4,9,1,6
9:23:58,2312.2,2312,2312.2,4,86,11
9:23:58,2312.2,2312,2312.2,3,88,8
9:23:59,2312.2,2312,2312.2,2,87,8
9:23:59,2312,2312,2312.2,6,81,7
9:24:00,2312,2312,2312.2,24,59,12
9:24:00,2312,2312,2312.2,11,50,11
9:24:01,2312.2,2312,2312.2,28,27,8
9:24:01,2312,2312,2312.2,5,24,7
9:24:02,2312,2312,2312.2,3,21,8
9:24:02,2312,2312,2312.2,1,19,13
9:24:03,2312.2,2312,2312.2,11,15,8
9:24:03,2311.8,2311.8,2312.2,32,25,20
9:24:04,2311.8,2311.8,2312,6,19,2
9:24:04,2311.8,2311.8,2312,10,10,2
9:24:05,2311.8,2311.6,2312,26,55,7
9:24:05,2312,2311.6,2312,13,52,5
9:24:06,2311.6,2311.6,2311.8,1,51,1
9:24:06,2311.8,2311.8,2312,3,7,11
9:24:07,2311.8,2311.6,2312.2,45,28,10
9:24:07,2312,2312,2312.2,8,3,13
9:24:08,2312,2312,2312.2,2,15,14
9:24:08,2312.2,2311.8,2312.2,13,7,11
9:24:09,2311.8,2311.8,2312,1,7,3
9:24:09,2312,2311.8,2312,3,9,9
9:24:10,2311.8,2311.8,2312,4,6,11
9:24:10,2311.8,2311.8,2312,7,3,8
9:24:11,2312,2311.8,2312,1,6,12
9:24:11,2311.6,2311.6,2311.8,7,40,1
9:24:12,2312,2311.6,2312,2,41,13
9:24:13,2311.8,2311.6,2311.8,4,38,17
9:24:13,2311.6,2311.6,2311.8,18,24,14
9:24:14,2311.6,2311.6,2311.8,2,22,21
9:24:14,2311.6,2311.6,2311.8,13,15,19
9:24:15,2311.8,2311.8,2312,34,32,17
9:24:15,2311.8,2311.8,2312,1,32,18
9:24:16,2312,2311.8,2312,25,12,14
9:24:16,2311.8,2311.8,2312,11,9,16
9:24:17,2311.8,2311.8,2312,7,22,16
9:24:17,2312,2311.8,2312,3,20,16
9:24:18,2312,2311.8,2312,2,21,17
9:24:18,2311.8,2311.8,2312,1,21,20
9:24:19,2311.8,2311.8,2312,12,14,20
9:24:20,2311.8,2311.8,2312,8,8,22
9:24:21,2312,2311.8,2312,23,5,2
9:24:21,2311.8,2311.6,2311.8,6,20,11
9:24:22,2311.6,2311.6,2311.8,13,14,5
9:24:22,2311.8,2311.8,2312,6,30,11
9:24:23,2312,2311.8,2312,3,29,9
9:24:23,2311.8,2311.8,2312,16,15,9
9:24:24,2312,2311.8,2312,1,16,9
9:24:24,2311.8,2311.8,2312,1,16,15
9:24:25,2311.8,2311.8,2312,6,8,15
9:24:26,2311.8,2311.8,2312,4,4,27
9:24:26,2311.8,2311.8,2312,2,3,27
9:24:27,2311.8,2311.6,2312,3,40,27
9:24:28,2312,2311.6,2312,4,34,24
9:24:28,2311.6,2311.6,2312,21,33,5
9:24:29,2311.6,2311.6,2311.8,1,35,2
9:24:30,2311.6,2311.6,2311.8,5,33,3
9:24:30,2311.8,2311.6,2311.8,1,33,2
9:24:31,2311.6,2311.8,2312,6,16,11
9:24:31,2311.8,2311.8,2312,8,10,10
9:24:32,2311.8,2311.8,2312,4,9,11
9:24:32,2311.8,2311.8,2312,2,9,12
9:24:33,2311.8,2311.8,2312,1,8,12
9:24:33,2312,2311.8,2312,5,5,11
9:24:34,2311.8,2311.8,2312,4,2,23
9:24:34,2312,2311.8,2312,1,2,24
9:24:35,2311.8,2311.6,2311.8,2,37,9
9:24:35,2311.6,2311.6,2311.8,1,36,9
9:24:36,2311.8,2311.8,2312,54,1,2
9:24:37,2311.8,2311.6,2311.8,7,36,3
9:24:37,2311.8,2311.6,2311.8,5,36,4
9:24:38,2311.6,2311.6,2311.8,6,34,1
9:24:38,2311.6,2311.6,2311.8,10,24,2
9:24:39,2311.8,2311.6,2312,2,24,5
9:24:39,2311.4,2311.4,2311.6,35,30,1
9:24:40,2311.4,2311.4,2311.6,18,12,1
9:24:40,2311.4,2311.4,2311.6,4,10,2
9:24:41,2311.6,2311.4,2311.8,3,11,2
9:24:41,2311.8,2311.6,2311.8,1,2,1
9:24:42,2311.6,2311.6,2311.8,9,14,8
9:24:42,2311.6,2311.4,2311.6,14,10,44
9:24:43,2311.4,2311.4,2311.6,5,7,43
9:24:43,2311.4,2311.4,2311.6,40,1,10
9:24:44,2311.4,2311.4,2311.6,2,1,9
9:24:45,2311.6,2311.4,2311.6,8,34,3
9:24:46,2311.6,2311.4,2311.6,2,33,4
9:24:46,2311.6,2311.6,2311.8,8,10,10
9:24:47,2311.4,2311.2,2311.4,62,95,23
9:24:47,2311.4,2311.2,2311.4,17,92,10
9:24:48,2311.2,2311.2,2311.4,15,82,5
9:24:48,2311.4,2311.2,2311.4,24,66,16
9:24:49,2311.2,2311.2,2311.4,35,48,4
9:24:49,2311.4,2311.4,2311.6,12,1,2
9:24:50,2311.2,2311.2,2311.4,28,21,4
9:24:50,2311.2,2311.2,2311.4,9,13,8
9:24:51,2311.2,2311,2311.2,16,122,5
9:24:51,2311,2311,2311.2,4,122,8
9:24:52,2311.2,2311.2,2311.4,24,5,11
9:24:52,2311.4,2311,2311.4,21,114,10
9:24:53,2311.2,2311.2,2311.4,3,7,11
9:24:53,2311.2,2311.2,2311.4,7,5,18
9:24:54,2311.2,2311.2,2311.4,6,18,28
9:24:55,2311.4,2311.2,2311.4,14,9,32
9:24:55,2311.2,2311.2,2311.4,5,3,31
9:24:56,2311.4,2311.2,2311.4,5,1,28
9:24:56,2311,2311,2311.2,3,121,4
9:24:57,2311,2311,2311.2,1,120,7
9:24:57,2311.2,2311,2311.2,71,53,4
9:24:58,2311,2311,2311.2,25,36,17
9:24:58,2311,2311,2311.2,22,15,31
9:24:59,2310.8,2310.8,2311,25,43,23
9:24:59,2310.8,2310.8,2311,21,24,34
9:25:00,2310.8,2310.8,2311,28,7,22
9:25:00,2310.6,2310.6,2310.8,34,14,1
9:25:01,2310.8,2310.8,2311,22,2,13
9:25:01,2310.8,2310.8,2311.2,72,2,14
9:25:02,2310.8,2310.8,2311,17,14,1
9:25:02,2311,2311,2311.2,22,16,12
9:25:03,2311,2311,2311.2,25,47,14
9:25:03,2311,2311,2311.2,23,41,4
9:25:04,2311.2,2311,2311.2,4,43,1
9:25:04,2311,2311,2311.2,6,37,3
9:25:05,2311.2,2311,2311.2,11,33,9
9:25:05,2311,2311,2311.2,5,30,11
9:25:06,2311,2311,2311.2,10,26,10
9:25:06,2311,2311,2311.2,21,11,23
9:25:07,2311,2311,2311.2,8,18,21
9:25:07,2311.2,2311,2311.2,4,17,18
9:25:08,2311,2311,2311.2,3,17,18
9:25:08,2311,2310.8,2311,39,19,7
9:25:09,2311,2310.8,2311,14,17,9
9:25:09,2310.8,2310.8,2311,7,23,5
9:25:10,2310.8,2310.8,2311,5,21,11
9:25:10,2310.8,2310.8,2311.2,31,5,5
9:25:11,2310.8,2310.6,2310.8,7,7,1
9:25:11,2310.8,2310.6,2310.8,4,47,7
9:25:12,2310.6,2310.6,2310.8,8,43,10
9:25:12,2310.8,2310.6,2310.8,5,39,3
9:25:13,2310.6,2310.6,2310.8,11,32,1
9:25:13,2310.6,2310.6,2311,28,14,35
9:25:14,2311,2310.8,2311,9,6,32
9:25:14,2310.8,2310.8,2311,1,9,34
9:25:15,2310.8,2310.6,2310.8,10,8,10
9:25:15,2310.8,2310.6,2310.8,6,6,13
9:25:16,2310.6,2310.6,2310.8,6,3,29
9:25:16,2310.6,2310.4,2310.6,7,53,3
9:25:17,2310.6,2310.4,2310.6,10,51,5
9:25:17,2310.6,2310.4,2310.6,14,45,14
9:25:18,2310.6,2310.4,2310.6,9,42,11
9:25:18,2310.6,2310.4,2310.6,8,39,9
9:25:19,2310.6,2310.4,2310.8,19,31,13
9:25:20,2310.6,2310.4,2310.6,4,29,1
9:25:20,2310.8,2310.6,2310.8,3,3,12
9:25:21,2310.6,2310.4,2310.6,7,30,2
9:25:21,2310.8,2310.6,2310.8,3,1,22
9:25:22,2310.4,2310.6,2310.8,5,4,22
9:25:22,2310.6,2310.6,2310.8,13,7,13
9:25:23,2310.6,2310.6,2310.8,9,7,10
9:25:23,2310.6,2310.4,2310.8,14,27,10
9:25:24,2310.4,2310.4,2310.6,13,15,3
9:25:24,2310.4,2310.4,2310.6,2,13,7
9:25:25,2310.4,2310.4,2310.6,9,5,8
9:25:25,2310.4,2310.2,2310.4,10,40,14
9:25:26,2310.4,2310.2,2310.4,4,40,1
9:25:26,2310.2,2310.2,2310.4,9,37,4
9:25:27,2310.2,2310.2,2310.4,5,34,5
9:25:27,2310.2,2310.2,2310.4,6,34,5
9:25:28,2310.2,2310.2,2310.4,37,2,1
9:25:28,2310.2,2310,2310.6,8,71,39
9:25:29,2310,2310,2310.2,6,71,47
9:25:29,2310,2310,2310.2,23,54,45
9:25:30,2310.4,2310.2,2310.4,82,5,2
9:25:30,2310.2,2310,2310.2,19,17,42
9:25:31,2310,2310,2310.2,4,17,46
9:25:31,2310,2310,2310.2,2,19,68
9:25:32,2310,2310,2310.2,23,18,67
9:25:32,2310,2309.8,2310,23,21,2
9:25:33,2310,2309.8,2310.2,9,29,67
9:25:33,2310.2,2309.8,2310.2,27,16,60
9:25:34,2309.8,2309.6,2309.8,26,38,28
9:25:34,2309.6,2309.6,2309.8,22,21,31
9:25:35,2309.6,2309.6,2309.8,13,16,25
9:25:35,2309.6,2309.6,2309.8,20,50,22
9:25:36,2310.2,2309.8,2310.2,56,1,76
9:25:36,2310,2310,2310.2,13,15,73
9:25:37,2309.8,2309.8,2310.2,29,37,70
9:25:37,2309.8,2309.8,2310,15,32,18
9:25:38,2310,2309.8,2310,15,27,15
9:25:38,2310,2309.8,2310,16,26,9
9:25:39,2309.8,2309.8,2310,5,27,11
9:25:39,2310,2309.8,2310,4,34,11
9:25:40,2310,2309.8,2310,6,34,9
9:25:40,2310,2309.8,2310,21,21,12
9:25:41,2310,2309.6,2309.8,25,53,14
9:25:41,2309.8,2309.6,2309.8,6,54,14
9:25:42,2309.8,2309.6,2309.8,9,53,13
9:25:42,2309.8,2309.6,2309.8,1,55,14
9:25:43,2309.8,2309.6,2309.8,15,47,12
9:25:43,2309.8,2309.6,2309.8,5,47,8
9:25:44,2309.8,2309.6,2310,12,46,33
9:25:44,2309.6,2309.8,2310,35,1,33
9:25:45,2309.8,2309.8,2310,21,26,29
9:25:46,2309.6,2309.6,2310,28,16,37
9:25:46,2309.6,2309.6,2310,21,9,26
9:25:47,2309.8,2309.6,2309.8,15,9,10
9:25:47,2309.6,2309.4,2309.8,10,39,15
9:25:48,2309.6,2309.4,2309.8,17,39,29
9:25:48,2309.4,2309.2,2309.4,42,69,35
9:25:49,2309.2,2309.2,2309.4,16,56,40
9:25:49,2309.2,2309.2,2309.4,28,22,39
9:25:50,2309,2309,2309.2,27,62,19
9:25:50,2309,2308.8,2309,65,30,10
9:25:51,2308.6,2308.6,2308.8,34,17,10
9:25:51,2308.2,2308.2,2308.4,57,31,1
9:25:52,2308.4,2308.4,2308.6,26,21,17
9:25:52,2308,2308,2308.2,94,66,5
9:25:53,2308.2,2308.2,2308.4,54,23,82
9:25:53,2308.2,2308,2308.2,68,12,11
9:25:54,2308,2307.6,2307.8,36,41,5
9:25:54,2307.8,2307.6,2307.8,70,21,4
9:25:55,2307.8,2307.8,2308,52,8,13
9:25:55,2307.8,2308,2308.2,67,5,47
9:25:56,2308,2308,2308.2,55,2,15
9:25:56,2308,2307.6,2308,40,13,3
9:25:57,2307.8,2307.8,2308,29,6,11
9:25:57,2307.8,2307.6,2307.8,24,18,1
9:25:58,2307.8,2307.6,2307.8,27,8,9
9:25:58,2307.8,2307.8,2308,41,6,30
9:25:59,2307.6,2307.4,2307.6,28,55,17
9:25:59,2307.6,2307.6,2307.8,45,10,7
9:26:00,2307.8,2307.8,2308,56,2,18
9:26:00,2307.6,2307.6,2308,41,14,7
9:26:01,2308,2307.8,2308,21,25,12
9:26:01,2308,2308,2308.4,94,53,69
9:26:02,2308,2308.2,2308.4,34,15,80
9:26:02,2308.2,2308,2308.2,38,81,1
9:26:03,2308.2,2308,2308.2,24,69,1
9:26:03,2308.4,2308.2,2308.4,9,23,60
9:26:04,2308.2,2308.2,2308.4,73,16,18
9:26:04,2308.4,2308.4,2308.6,40,5,37
9:26:05,2308.4,2308.4,2308.6,40,13,31
9:26:05,2308.6,2308.4,2308.6,7,17,27
9:26:06,2308.4,2308.2,2308.6,64,23,6
9:26:06,2308.6,2308.4,2308.6,36,3,4
9:26:07,2308.6,2308.4,2308.6,15,14,31
9:26:07,2308.4,2308.2,2308.4,27,35,6
9:26:08,2308.6,2308.4,2308.6,22,1,31
9:26:08,2308.4,2308.2,2308.4,11,20,13
9:26:09,2308.4,2308,2308.4,55,41,29
9:26:09,2308,2308,2308.2,7,40,13
9:26:10,2308,2308,2308.2,20,33,18
9:26:10,2308.2,2308,2308.2,23,22,13
9:26:11,2308,2307.8,2308,28,22,1
9:26:11,2308.2,2307.6,2308.2,42,16,8
9:26:12,2308.2,2308,2308.2,5,16,4
9:26:12,2308,2307.8,2308,20,1,4
9:26:13,2307.8,2307.6,2307.8,16,18,14
9:26:13,2308,2307.8,2308,25,1,15
9:26:14,2307.8,2307.6,2307.8,13,23,4
9:26:14,2307.8,2307.6,2307.8,9,22,3
9:26:15,2308,2308,2308.2,32,64,7
9:26:15,2308,2308,2308.4,17,73,21
9:26:16,2308,2308,2308.2,7,73,2
9:26:16,2308,2308.2,2308.4,28,6,21
9:26:17,2308.4,2308.2,2308.4,7,11,17
9:26:17,2308.4,2308.2,2308.4,12,37,14
9:26:18,2308.4,2308.2,2308.4,8,33,13
9:26:18,2308.2,2308.2,2308.6,15,34,35
9:26:19,2308.2,2308.2,2308.6,5,31,35
9:26:19,2308.6,2308.2,2308.6,18,23,29
9:26:20,2308.6,2308.4,2308.6,38,1,34
9:26:20,2308.4,2308,2308.6,4,42,36
9:26:21,2308.2,2308,2308.2,4,45,1
9:26:21,2308.2,2308,2308.4,14,45,33
9:26:22,2308.4,2308.2,2308.4,3,3,50
9:26:22,2308.2,2308,2308.2,21,47,4
9:26:23,2308.2,2308,2308.2,25,46,8
9:26:23,2308,2307.8,2308,54,48,20
9:26:24,2308,2307.8,2308,6,48,19
9:26:24,2307.8,2307.8,2308.2,40,38,18
9:26:25,2308.2,2307.8,2308,36,10,1
9:26:25,2307.8,2307.6,2307.8,17,34,16
9:26:26,2307.8,2307.6,2307.8,29,30,9
9:26:27,2307.8,2307.6,2307.8,12,20,7
9:26:27,2307.8,2307.6,2307.8,69,1,5
9:26:28,2307.4,2307.2,2307.6,11,54,12
9:26:28,2307.6,2307.2,2307.4,11,53,15
9:26:29,2307.4,2307.2,2307.4,8,51,21
9:26:29,2307.2,2307.2,2307.4,26,29,17
9:26:30,2307.4,2307.2,2307.4,6,24,16
9:26:30,2307.2,2307,2307.2,33,94,1
9:26:31,2307.2,2307,2307.2,15,90,6
9:26:31,2307,2307,2307.2,36,68,1
9:26:32,2307,2307.2,2307.6,69,4,13
9:26:32,2307.6,2307.2,2307.6,27,4,7
9:26:33,2307.4,2307.4,2307.8,19,6,6
9:26:33,2307.4,2307.4,2307.6,7,3,1
9:26:34,2307.4,2307.4,2307.6,4,17,17
9:26:34,2307.4,2307.4,2307.6,2,23,8
9:26:35,2307.8,2307.4,2307.8,21,24,13
9:26:35,2307.6,2307.6,2307.8,5,6,13
9:26:36,2307.6,2307.6,2307.8,24,6,15
9:26:36,2307.8,2307.6,2307.8,5,6,14
9:26:37,2307.4,2307.4,2307.8,13,2,17
9:26:37,2307.8,2307.4,2307.8,12,5,10
9:26:38,2307.4,2307.4,2307.8,3,4,8
9:26:38,2307.6,2307.4,2307.6,8,20,16
9:26:39,2307.6,2307.4,2307.6,17,19,12
9:26:39,2307.4,2307.4,2307.6,8,20,6
9:26:40,2307.6,2307.4,2307.6,3,24,3
9:26:40,2307.6,2307.6,2307.8,7,2,12
9:26:41,2307.6,2307.6,2307.8,3,2,13
9:26:41,2307.8,2307.6,2307.8,8,17,9
9:26:42,2307.6,2307.6,2307.8,24,2,11
9:26:42,2307.8,2307.8,2308,14,11,25
9:26:43,2307.8,2307.8,2308,2,10,26
9:26:43,2307.8,2307.8,2308,6,6,26
9:26:44,2307.8,2307.8,2308,18,5,14
9:26:44,2308,2308,2308.2,18,14,10
9:26:45,2308,2308,2308.2,6,16,9
9:26:45,2308.2,2308,2308.2,1,19,8
9:26:46,2308,2308,2308.2,20,6,5
9:26:46,2308.2,2308,2308.2,38,9,16
9:26:47,2308.2,2308,2308.2,9,8,11
9:26:47,2308,2308,2308.2,5,5,14
9:26:48,2308,2308,2308.2,8,6,12
9:26:48,2308,2308,2308.2,10,5,3
9:26:49,2308.2,2308.2,2308.4,19,26,23
9:26:49,2308.2,2308.2,2308.4,29,26,3
9:26:50,2308.2,2308.2,2308.4,1,25,8
9:26:50,2308.4,2308.2,2308.4,8,22,8
9:26:51,2308.4,2308.2,2308.4,3,22,37
9:26:51,2308.4,2308.2,2308.4,7,23,31
9:26:52,2308.2,2308,2308.2,24,17,5
9:26:52,2308,2308,2308.2,5,15,14
9:26:53,2308,2307.8,2308,30,14,13
9:26:53,2308.2,2307.8,2308.4,22,10,31
9:26:54,2308.2,2308,2308.2,2,1,1
9:26:54,2308,2307.8,2308.2,23,1,1
9:26:55,2308.4,2308,2308.4,16,1,31
9:26:55,2308.2,2308.2,2308.4,2,2,32
9:26:56,2308.4,2308.2,2308.4,4,1,31
9:26:56,2308.4,2308,2308.4,3,7,29
9:26:57,2308,2308,2308.4,4,24,29
9:26:57,2308.2,2308,2308.4,10,22,35
9:26:58,2308.4,2308.2,2308.4,8,1,36
9:26:58,2308.2,2308,2308.4,10,23,28
9:26:59,2308.4,2308.2,2308.4,2,3,26
9:26:59,2308.4,2308.2,2308.4,3,4,24
9:27:00,2308.4,2308.2,2308.4,2,6,23
9:27:00,2308.4,2308.2,2308.4,17,1,15
9:27:01,2308.4,2308.2,2308.4,5,1,19
9:27:01,2308.2,2308,2308.2,20,32,2
9:27:02,2308.2,2308,2308.2,6,39,6
9:27:02,2308.2,2308.2,2308.4,8,10,15
9:27:03,2308.2,2308.2,2308.4,6,5,16
9:27:03,2308.2,2308.2,2308.4,2,5,17
9:27:04,2308,2308,2308.2,6,39,1
9:27:04,2308.4,2308.2,2308.4,4,1,26
9:27:05,2308.2,2308.2,2308.4,8,7,26
9:27:05,2308.2,2308.2,2308.4,6,3,24
9:27:06,2308,2308,2308.4,15,36,24
9:27:06,2308.2,2308.2,2308.4,10,15,30
9:27:07,2308.2,2308.2,2308.4,2,23,32
9:27:08,2308,2308,2308.2,26,42,1
9:27:08,2308,2308,2308.2,33,40,2
9:27:09,2308.2,2308,2308.2,3,39,8
9:27:09,2308.2,2308,2308.2,6,39,22
9:27:10,2308.2,2308,2308.2,7,36,29
9:27:10,2308,2308,2308.2,29,7,29
9:27:11,2307.8,2307.8,2308,8,15,56
9:27:11,2308,2307.6,2308,71,25,16
9:27:12,2307.6,2307.4,2307.6,26,20,10
9:27:12,2307.6,2307.4,2307.6,2,18,9
9:27:13,2307.4,2307.4,2307.6,3,15,18
9:27:13,2307.4,2307.4,2307.6,6,68,15
9:27:14,2307.4,2307.4,2307.6,13,58,14
9:27:14,2307.6,2307.6,2307.8,19,16,6
9:27:15,2307.6,2307.6,2307.8,13,14,5
9:27:15,2307.6,2307.6,2307.8,7,19,5
9:27:16,2307.6,2307.8,2308,15,2,29
9:27:16,2307.6,2307.6,2308,7,8,30
9:27:17,2308,2307.6,2308,1,8,29
9:27:17,2307.8,2307.8,2308,8,16,27
9:27:18,2308,2307.8,2308,5,14,27
9:27:18,2307.8,2307.8,2308,1,13,28
9:27:19,2308,2307.8,2308,4,10,27
9:27:19,2307.8,2307.8,2308,8,5,28
9:27:20,2307.8,2307.6,2307.8,8,8,13
9:27:20,2307.8,2307.6,2307.8,3,18,15
9:27:21,2307.6,2307.6,2307.8,7,12,15
9:27:21,2307.6,2307.6,2307.8,6,13,11
9:27:22,2307.8,2307.6,2307.8,2,14,16
9:27:22,2307.8,2307.6,2307.8,8,15,8
9:27:23,2307.8,2307.6,2307.8,6,15,4
9:27:23,2307.8,2307.6,2307.8,3,14,2
9:27:24,2307.8,2307.8,2308,14,24,22
9:27:25,2308,2307.8,2308,15,42,7
9:27:25,2308,2307.8,2308,15,39,5
9:27:26,2308,2308,2308.2,16,5,23
9:27:26,2307.8,2307.6,2307.8,61,12,4
9:27:27,2308.2,2308,2308.2,10,5,31
9:27:27,2308,2307.8,2308,9,36,2
9:27:28,2308,2307.8,2308.2,16,30,28
9:27:28,2308,2307.8,2308.2,8,26,28
9:27:29,2307.8,2307.8,2308.2,11,16,30
9:27:29,2307.8,2307.8,2308.2,3,15,28
9:27:30,2307.8,2307.8,2308.2,7,11,31
9:27:30,2307.8,2307.8,2308.2,12,10,25
9:27:31,2308,2307.8,2308,4,8,12
9:27:31,2307.8,2307.8,2308,4,5,11
9:27:32,2308,2307.8,2308,1,6,13
9:27:33,2307.8,2307.8,2308,1,11,16
9:27:34,2308,2308,2308.2,17,25,32
9:27:35,2308,2308,2308.2,17,20,52
9:27:35,2308.2,2308,2308.2,4,19,50
9:27:36,2308,2308,2308.2,1,19,50
9:27:36,2308,2307.8,2308,23,33,11
9:27:37,2307.8,2307.8,2308,10,32,4
9:27:37,2308,2307.8,2308,2,32,3
9:27:38,2308,2308,2308.2,5,9,46
9:27:38,2308,2308,2308.2,4,5,46
9:27:39,2308.2,2308,2308.2,5,5,44
9:27:40,2308.2,2308,2308.2,4,4,43
9:27:40,2308.2,2308,2308.2,1,6,45
9:27:41,2308.2,2308,2308.2,1,6,43
9:27:42,2308,2308,2308.2,1,11,43
9:27:42,2308,2308,2308.2,1,12,44
9:27:43,2308,2308,2308.2,2,25,44
9:27:43,2308,2308,2308.2,2,28,43
9:27:44,2308.2,2308,2308.2,1,30,42
9:27:44,2308.2,2308,2308.2,2,29,41
9:27:45,2308,2308,2308.2,19,30,23
9:27:45,2308,2308,2308.2,41,11,17
9:27:46,2308.4,2308.2,2308.4,18,6,34
9:27:46,2308.4,2308.2,2308.4,2,13,32
9:27:48,2308.2,2308.2,2308.4,3,12,29
9:27:48,2308.4,2308.2,2308.4,2,11,28
9:27:49,2308.2,2308.2,2308.4,3,8,28
9:27:49,2308.4,2308.2,2308.4,2,8,49
9:27:50,2308.2,2308,2308.4,9,19,48
9:27:50,2308.4,2308,2308.2,1,19,1
9:27:51,2308.2,2308,2308.4,3,18,50
9:27:51,2308.2,2308.2,2308.4,3,1,48
9:27:52,2308.2,2308.2,2308.4,2,1,47
9:27:53,2308.2,2308.2,2308.4,3,3,48
9:27:53,2308.2,2308.2,2308.4,2,4,47
9:27:54,2308.4,2308.2,2308.4,3,4,46
9:27:54,2308.4,2308.2,2308.4,6,3,45
9:27:56,2308.4,2308.2,2308.4,1,15,44
9:27:56,2308.4,2308.2,2308.4,1,15,43
9:27:57,2308.4,2308.2,2308.4,4,21,41
9:27:57,2308.4,2308.2,2308.4,18,28,24
9:27:58,2308.4,2308.2,2308.4,21,28,9
9:27:58,2308.4,2308.2,2308.4,2,28,7
9:27:59,2308.2,2308.2,2308.4,5,28,5
9:27:59,2308.4,2308.2,2308.4,3,25,2
9:28:00,2308.6,2308.6,2308.8,69,31,54
9:28:00,2308.6,2308.6,2308.8,11,22,53
9:28:01,2308.8,2308.6,2308.8,8,16,51
9:28:01,2308.8,2308.6,2308.8,18,13,41
9:28:02,2309,2308.8,2309,49,24,15
9:28:02,2308.8,2308.8,2309,7,28,10
9:28:03,2308.8,2308.8,2309,14,18,7
9:28:03,2309,2309,2309.2,10,11,16
9:28:04,2308.8,2308.8,2309.2,13,21,16
9:28:04,2308.8,2308.8,2309.2,7,18,16
9:28:05,2309,2308.8,2309,6,19,1
9:28:05,2309,2308.8,2309,5,112,14
9:28:06,2309,2308.8,2309,14,113,23
9:28:06,2309.2,2309,2309.2,39,15,18
9:28:07,2309,2309,2309.2,10,35,13
9:28:07,2309.2,2309.2,2309.4,28,1,42
9:28:08,2309.4,2309.2,2309.4,14,25,29
9:28:08,2309.2,2309.2,2309.4,18,15,23
9:28:09,2309.4,2309,2309.4,33,38,17
9:28:09,2309.4,2309.2,2309.6,32,1,5
9:28:10,2309.4,2309.4,2309.6,9,10,1
9:28:10,2309.6,2309.4,2309.6,11,20,5
9:28:11,2309.6,2309.6,2310,21,11,39
9:28:11,2310,2309.6,2310,23,12,26
9:28:12,2310,2309.6,2310,18,9,17
9:28:12,2310.4,2310,2310.4,32,6,1
9:28:13,2310.6,2310.4,2310.6,11,5,1
9:28:13,2310.4,2310.4,2310.6,17,4,11
9:28:14,2309.6,2309.6,2310.4,54,79,34
9:28:14,2310,2309.8,2310,22,9,1
9:28:15,2309.8,2309.6,2310,31,81,1
9:28:15,2310,2310,2310.2,30,3,13
9:28:16,2310,2309.6,2310,9,85,3
9:28:16,2309.6,2309.6,2310.2,8,87,12
9:28:17,2310.2,2310,2310.2,17,2,1
9:28:17,2310,2309.8,2310.4,13,3,70
9:28:18,2310.2,2309.8,2310.2,9,10,27
9:28:18,2310,2309.8,2310.2,7,6,30
9:28:19,2309.8,2309.8,2310,3,9,41
9:28:19,2309.8,2309.6,2309.8,28,74,5
9:28:20,2309.8,2309.6,2309.8,12,74,1
9:28:20,2309.8,2309.8,2310,15,1,43
9:28:21,2309.8,2309.8,2310,10,8,48
9:28:21,2309.8,2309.8,2310,14,2,48
9:28:22,2309.8,2309.6,2309.8,3,69,7
9:28:22,2309.6,2309.6,2309.8,3,68,15
9:28:23,2309.8,2309.6,2309.8,6,67,20
9:28:23,2309.8,2309.6,2310.2,111,43,28
9:28:24,2309.8,2309.8,2310,2,1,10
9:28:24,2309.8,2309.8,2310,11,18,4
9:28:25,2309.8,2309.8,2310,2,17,3
9:28:25,2310,2310,2310.2,5,12,29
9:28:26,2310,2310,2310.2,7,9,29
9:28:26,2310,2310,2310.2,4,5,29
9:28:27,2310.2,2309.8,2310.2,9,17,27
9:28:27,2310.2,2309.8,2310.2,16,16,15
9:28:28,2310,2309.8,2310,18,16,10
9:28:28,2309.8,2309.8,2310,8,14,6
9:28:29,2310,2310,2310.2,35,20,3
9:28:29,2310.2,2310,2310.2,2,20,5
9:28:30,2310,2310,2310.2,3,18,11
9:28:30,2310,2310,2310.2,7,17,11
9:28:31,2310.2,2310,2310.2,8,11,7
9:28:31,2310.2,2310,2310.2,10,2,7
9:28:32,2310,2310,2310.2,6,10,16
9:28:32,2310.2,2310,2310.2,5,10,14
9:28:33,2310.2,2310.2,2310.4,19,12,44
9:28:33,2310.2,2310.2,2310.4,25,19,44
9:28:34,2310.2,2310.2,2310.4,3,24,45
9:28:34,2310.2,2310.2,2310.4,42,30,12
9:28:35,2310.2,2310.2,2310.4,8,30,5
9:28:35,2310.4,2310.4,2310.6,14,12,19
9:28:36,2310.6,2310.4,2310.6,5,70,16
9:28:36,2310.6,2310.6,2310.8,18,8,18
9:28:37,2310.6,2310.6,2310.8,14,21,9
9:28:37,2310.8,2310.6,2310.8,9,24,1
9:28:38,2311,2310.8,2311,5,1,45
9:28:38,2310.8,2310.8,2311,25,11,27
9:28:39,2311,2311,2311.2,33,11,8
9:28:39,2311,2311,2311.2,13,5,5
9:28:40,2311.2,2311,2311.2,13,20,1
9:28:40,2311.2,2310.8,2311,47,18,1
9:28:41,2311,2311,2311.2,18,1,9
9:28:41,2311.2,2311,2311.2,44,12,4
9:28:42,2310.8,2310.8,2311,21,16,39
9:28:42,2310.8,2310.8,2311,10,15,37
9:28:43,2310.6,2310.6,2310.8,22,8,7
9:28:43,2310.6,2310.6,2310.8,6,18,9
9:28:44,2310.6,2310.6,2310.8,4,20,13
9:28:44,2310.8,2310.8,2311,19,6,37
9:28:45,2310.8,2310.8,2311,10,5,35
9:28:45,2310.8,2310.6,2311,5,19,35
9:28:46,2310.8,2310.8,2311,3,1,35
9:28:46,2310.8,2310.6,2311,2,19,42
9:28:47,2310.6,2310.6,2310.8,7,19,3
9:28:47,2310.8,2310.6,2310.8,2,19,12
9:28:48,2310.6,2310.6,2310.8,4,16,13
9:28:48,2310.8,2310.6,2310.8,41,13,1
9:28:49,2310.6,2310.6,2311,36,19,12
9:28:49,2310.6,2310.6,2310.8,2,22,2
9:28:50,2310.6,2310.6,2310.8,17,20,2
9:28:50,2310.6,2310.6,2310.8,7,18,3
9:28:51,2310.6,2310.6,2310.8,3,15,5
9:28:51,2310.8,2310.6,2310.8,1,15,4
9:28:52,2310.6,2310.8,2311,30,21,18
9:28:52,2310.6,2310.8,2311,3,19,19
9:28:53,2310.8,2310.8,2311,5,15,19
9:28:53,2310.8,2310.8,2311,12,6,23
9:28:54,2310.8,2310.8,2311,4,4,23
9:28:54,2310.8,2310.6,2310.8,5,6,31
9:28:55,2310.8,2310.6,2310.8,7,5,26
9:28:55,2310.8,2310.6,2310.8,2,7,28
9:28:56,2310.8,2310.6,2310.8,4,7,32
9:28:56,2310.8,2310.6,2310.8,5,8,29
9:28:57,2310.6,2310.6,2310.8,5,5,28
9:28:58,2310.8,2310.6,2310.8,1,6,30
9:28:58,2310.8,2310.6,2310.8,6,6,30
9:28:59,2310.8,2310.6,2310.8,4,5,29
9:28:59,2310.6,2310.4,2310.8,10,41,33
9:29:00,2310.8,2310.6,2310.8,2,20,32
9:29:00,2310.8,2310.6,2310.8,15,15,23
9:29:01,2310.6,2310.4,2310.6,18,41,3
9:29:01,2310.8,2310.6,2310.8,32,2,11
9:29:02,2310.4,2310.4,2310.6,13,22,5
9:29:02,2311,2310.4,2311,42,20,42
9:29:03,2311,2310.6,2311,13,26,38
9:29:03,2310.8,2310.6,2310.8,5,24,9
9:29:04,2310.8,2310.8,2311,15,26,42
9:29:04,2311,2310.8,2311,12,24,37
9:29:05,2311,2310.8,2311,20,29,24
9:29:05,2311,2311,2311.2,30,6,21
9:29:06,2311.2,2311,2311.2,11,9,17
9:29:06,2311,2311,2311.2,5,14,17
9:29:07,2311.4,2311.2,2311.4,23,44,43
9:29:07,2311.4,2311.2,2311.4,10,42,37
9:29:08,2311.4,2311.2,2311.4,26,42,13
9:29:08,2311.4,2311.4,2311.6,28,16,28
9:29:09,2311.6,2311.4,2311.6,3,32,28
9:29:09,2311.4,2311.4,2311.6,8,32,36
9:29:10,2311.4,2311.4,2311.6,41,31,3
9:29:10,2311.8,2311.6,2311.8,8,41,28
9:29:11,2311.6,2311.6,2311.8,20,30,26
9:29:11,2311.8,2311.6,2311.8,19,25,19
9:29:12,2311.6,2311.6,2311.8,28,26,3
9:29:12,2311.8,2311.8,2312,26,28,85
9:29:13,2312,2311.8,2312,10,27,81
9:29:13,2312,2311.8,2312,10,80,74
9:29:14,2311.8,2311.8,2312,55,70,36
9:29:14,2312,2312,2312.2,44,19,8
9:29:15,2312.2,2312,2312.2,18,22,4
9:29:15,2312.2,2312.2,2312.4,30,8,23
9:29:16,2312.4,2312.2,2312.4,18,26,10
9:29:16,2312.2,2312.2,2312.4,18,16,4
9:29:17,2312.6,2312.4,2312.6,9,36,31
9:29:17,2312.4,2312.4,2312.6,25,21,31
9:29:18,2312.6,2312.4,2312.6,12,24,28
9:29:18,2312.6,2312.2,2312.6,39,38,25
9:29:19,2312.6,2312.2,2312.4,18,36,29
9:29:19,2312.4,2312.2,2312.4,45,23,8
9:29:20,2312.6,2312.4,2312.6,42,2,17
9:29:20,2312,2312,2312.2,21,33,28
9:29:21,2312.2,2312,2312.2,5,45,29
9:29:21,2312.2,2312,2312.2,6,47,28
9:29:22,2312.2,2312,2312.2,13,30,21
9:29:22,2312.2,2312.2,2312.4,67,9,13
9:29:23,2312,2311.8,2312,21,68,3
9:29:23,2311.8,2312,2312.4,35,1,30
9:29:24,2312,2312,2312.2,20,8,3
9:29:24,2312.4,2312,2312.2,13,10,3
9:29:25,2312,2311.8,2312,18,47,4
9:29:25,2312,2312,2312.2,21,4,2
9:29:26,2312.2,2312,2312.2,11,18,5
9:29:26,2312.2,2312,2312.2,3,16,4
9:29:27,2312.2,2312,2312.4,10,16,18
9:29:27,2312.2,2312.2,2312.4,1,5,18
9:29:28,2312.4,2312,2312.4,7,17,18
9:29:28,2312.2,2312,2312.4,5,22,18
9:29:29,2312.4,2312,2312.4,5,20,23
9:29:29,2312.4,2312,2312.4,16,12,16
9:29:30,2312,2312,2312.2,5,8,11
9:29:30,2312,2311.8,2312,16,50,2
9:29:31,2312.4,2311.8,2312.2,24,49,2
9:29:31,2312.4,2312,2312.2,11,11,2
9:29:32,2312,2312,2312.4,12,8,57
9:29:32,2312,2312,2312.2,8,3,3
9:29:33,2312.2,2312,2312.2,4,8,5
9:29:33,2312.2,2312.2,2312.4,10,2,58
9:29:34,2312,2311.8,2312,11,60,48
9:29:34,2312,2311.8,2312,3,60,51
9:29:35,2312,2311.8,2312,31,59,22
9:29:35,2312,2311.8,2312,17,60,7
9:29:36,2311.8,2311.8,2312.2,11,58,13
9:29:36,2312,2312,2312.2,4,4,9
9:29:37,2312,2312,2312.2,6,4,8
9:29:37,2312,2312,2312.2,3,3,15
9:29:38,2311.8,2311.8,2312,12,55,1
9:29:38,2312,2311.8,2312.2,5,55,20
9:29:39,2312,2311.8,2312.2,3,56,19
9:29:39,2311.8,2311.8,2312,8,50,1
9:29:40,2311.8,2311.8,2312.2,4,47,18
9:29:40,2311.8,2312,2312.2,2,1,61
9:29:41,2312,2311.8,2312.2,1,44,69
9:29:41,2311.8,2311.8,2312,2,42,28
9:29:42,2311.8,2311.8,2312,9,34,36
9:29:42,2311.8,2311.6,2311.8,50,27,76
9:29:43,2311.4,2311.4,2311.6,30,3,17
9:29:43,2311.2,2311.2,2311.6,7,27,26
9:29:44,2311.6,2311.2,2311.6,19,57,8
9:29:44,2311.4,2311.4,2311.6,6,4,8
9:29:45,2311.4,2311.4,2311.6,4,26,2
9:29:45,2311.4,2311.4,2311.8,38,31,86
9:29:46,2311.4,2311.4,2311.6,13,18,3
9:29:46,2311.4,2311.4,2311.6,6,13,2
9:29:47,2311.8,2311.4,2311.6,11,13,1
9:29:47,2311.6,2311.4,2311.6,15,11,3
9:29:48,2311.4,2311.4,2311.6,9,20,3
9:29:48,2311.4,2311.4,2311.8,26,1,82
9:29:49,2311.2,2311.2,2311.4,3,18,1
9:29:49,2311.8,2311.2,2311.8,14,18,83
9:29:50,2311.4,2311.2,2311.6,5,21,2
9:29:50,2311.2,2311.2,2311.6,8,16,5
9:29:51,2311.8,2311.2,2311.6,32,16,6
9:29:51,2311.2,2311.4,2311.6,10,1,1
9:29:52,2311.2,2311.4,2311.6,2,20,1
9:29:52,2311.6,2311.4,2311.8,2,19,63
9:29:53,2311.4,2311.4,2311.6,1,19,30
9:29:53,2311.6,2311.4,2311.6,2,19,28
9:29:54,2311.6,2311.4,2311.6,17,19,34
9:29:54,2311.4,2311.4,2311.6,5,16,33
9:29:55,2311.6,2311.4,2311.6,1,17,37
9:29:55,2311.6,2311.4,2311.6,10,18,30
9:29:56,2311.4,2311.4,2311.6,17,32,16
9:29:56,2311.8,2311.6,2311.8,18,4,64
9:29:57,2311.6,2311.6,2311.8,4,6,62
9:29:57,2311.8,2311.6,2311.8,14,13,49
9:29:58,2311.8,2311.6,2311.8,3,23,47
9:29:58,2311.8,2311.6,2311.8,1,25,46
9:29:59,2311.8,2311.6,2311.8,4,26,44
9:29:59,2311.8,2311.6,2311.8,14,26,38
9:30:00,2311.8,2311.6,2311.8,10,27,29
9:30:00,2312,2312,2312.2,79,1,58
9:30:01,2312.2,2312,2312.2,22,1,39
9:30:01,2312,2311.8,2312.2,35,50,17
9:30:02,2312,2312,2312.4,21,14,67
9:30:02,2312,2312,2312.4,43,10,29
9:30:03,2312.2,2312,2312.2,8,22,6
9:30:03,2312,2312.2,2312.4,19,30,19
9:30:04,2312.2,2312.2,2312.4,13,29,15
9:30:04,2312.6,2312.4,2312.6,20,12,41
9:30:05,2312.4,2312.4,2312.6,21,42,28
9:30:05,2312.6,2312.4,2312.6,31,42,9
9:30:06,2312.6,2312.6,2312.8,29,11,104
9:30:06,2312.4,2312.4,2312.8,24,37,99
9:30:07,2312.8,2312.6,2312.8,36,7,84
9:30:07,2312.8,2312.4,2312.8,32,30,68
9:30:08,2312.8,2312.8,2313,70,16,126
9:30:08,2313,2312.8,2313,25,13,114
9:30:09,2313,2312.8,2313,33,23,95
9:30:09,2313,2312.8,2313,76,20,22
9:30:10,2313.2,2313,2313.2,54,12,40
9:30:10,2313,2313,2313.2,11,13,70
9:30:11,2313.2,2313,2313.2,19,7,66
9:30:11,2313,2312.8,2313,24,6,109
9:30:12,2313,2312.6,2312.8,32,2,68
9:30:12,2312.6,2312.4,2312.6,42,45,3
9:30:13,2312.8,2312.4,2312.8,98,6,44
9:30:13,2312.6,2312.4,2312.6,13,10,1
9:30:14,2312.6,2312.4,2312.6,17,16,5
9:30:14,2312.4,2312.4,2312.8,12,10,68
9:30:15,2312.4,2312.4,2312.6,5,23,11
9:30:15,2312.4,2312.4,2312.6,27,4,9
9:30:16,2312.4,2312.2,2312.4,10,29,3
9:30:16,2312.4,2312.2,2312.4,2,28,4
9:30:17,2312.2,2312.2,2312.4,7,24,2
9:30:17,2312.4,2312.2,2312.4,11,24,5
9:30:18,2312.2,2312.2,2312.4,8,17,7
9:30:18,2312.2,2312.2,2312.4,9,14,5
9:30:19,2312.2,2312.2,2312.4,25,3,10
9:30:19,2312.2,2312,2312.2,4,27,120
9:30:20,2312.2,2312,2312.2,4,29,119
9:30:20,2312,2312,2312.2,30,2,119
9:30:21,2312.2,2311.8,2312,5,32,14
9:30:21,2311.8,2311.8,2312,4,38,23
9:30:22,2311.8,2311.8,2312,32,21,8
9:30:22,2312.2,2311.8,2312.2,25,14,115
9:30:23,2311.8,2312,2312.2,4,1,116
9:30:23,2311.8,2311.8,2312,4,9,6
9:30:24,2311.8,2311.8,2312.2,12,5,114
9:30:24,2312.2,2311.8,2312.2,9,17,113
9:30:25,2311.8,2311.8,2312.2,8,10,113
9:30:25,2311.8,2311.8,2312,10,6,5
9:30:26,2311.8,2311.6,2312,8,19,6
9:30:26,2311.8,2311.6,2312,1,29,10
9:30:27,2311.8,2311.6,2312,4,29,12
9:30:27,2311.8,2311.6,2312,13,29,9
9:30:28,2311.8,2311.8,2312,3,3,12
9:30:28,2312,2311.8,2312,7,2,24
9:30:29,2312,2311.8,2312,1,16,24
9:30:29,2312,2311.8,2312,4,23,21
9:30:30,2312,2311.8,2312,1,29,24
9:30:30,2311.8,2311.8,2312,3,27,24
9:30:31,2311.8,2311.8,2312,8,23,20
9:30:31,2312,2311.8,2312,2,26,19
9:30:32,2311.8,2311.8,2312,2,25,18
9:30:32,2312,2311.8,2312,2,28,18
9:30:33,2311.8,2311.8,2312,16,26,18
9:30:33,2312,2311.8,2312,2,31,19
9:30:34,2311.8,2311.8,2312,5,26,23
9:30:34,2311.8,2311.8,2312,33,13,4
9:30:35,2311.8,2311.8,2312,3,11,5
9:30:35,2312,2311.8,2312,14,2,2
9:30:36,2311.8,2311.6,2312,2,22,5
9:30:36,2311.8,2312,2312.2,17,1,54
9:30:37,2311.8,2311.8,2312.2,5,12,54
9:30:37,2311.8,2311.8,2312,1,14,9
9:30:38,2311.8,2311.8,2312,5,16,9
9:30:38,2311.8,2311.8,2312,5,11,10
9:30:39,2312,2311.8,2312,8,8,6
9:30:39,2311.8,2311.6,2311.8,13,29,9
9:30:40,2311.6,2311.6,2311.8,2,27,10
9:30:40,2311.8,2311.6,2311.8,3,26,9
9:30:41,2311.6,2311.6,2311.8,4,25,8
9:30:41,2311.6,2311.6,2311.8,13,23,4
9:30:42,2311.6,2311.4,2311.6,24,23,15
9:30:42,2311.6,2311.4,2311.6,42,19,2
9:30:43,2311.6,2311.4,2311.6,4,17,3
9:30:43,2311.4,2311.4,2311.6,11,7,4
9:30:44,2311.4,2311.4,2311.6,8,1,15
9:30:44,2311.2,2311.2,2311.4,4,77,2
9:30:45,2311.4,2311.2,2311.6,10,71,21
9:30:45,2311.2,2311.2,2311.4,10,62,3
9:30:46,2311.2,2311.2,2311.4,9,54,3
9:30:46,2311.4,2311.2,2311.4,11,54,5
9:30:47,2311.2,2311.2,2311.4,5,61,3
9:30:47,2311.2,2311.2,2311.4,1,63,5
9:30:48,2311.4,2311.2,2311.4,32,39,3
9:30:48,2311.2,2311.2,2311.4,23,17,4
9:30:49,2311.2,2311.2,2311.4,18,1,3
9:30:49,2311,2311,2311.2,3,57,2
9:30:50,2311.2,2311,2311.2,14,46,9
9:30:50,2311,2311,2311.2,13,37,2
9:30:51,2311,2311,2311.2,3,34,8
9:30:51,2311,2311,2311.2,11,25,8
9:30:52,2311,2311,2311.2,6,19,11
9:30:52,2311,2311,2311.2,4,16,12
9:30:53,2311,2311,2311.2,2,15,17
9:30:53,2311,2311,2311.2,10,17,17
9:30:54,2311,2311,2311.2,11,18,18
9:30:54,2311,2311,2311.2,9,16,18
9:30:55,2311.2,2311,2311.2,8,23,14
9:30:55,2311.2,2311,2311.2,7,24,8
9:30:56,2311,2310.8,2311,63,64,1
9:30:56,2311,2310.8,2311,25,52,24
9:30:57,2311,2310.8,2311,8,60,23
9:30:57,2310.8,2310.8,2311,8,53,73
9:30:58,2310.8,2310.8,2311,49,47,99
9:30:58,2311,2310.8,2311,27,32,88
9:30:59,2310.8,2310.8,2311,25,9,88
9:30:59,2311,2310.8,2311,9,8,80
9:31:00,2310.8,2310.6,2310.8,23,13,2
9:31:00,2310.6,2310.6,2310.8,6,10,4
9:31:01,2310.8,2310.8,2311,6,11,4
9:31:01,2311,2311,2311.2,15,17,91
9:31:02,2311.2,2311,2311.2,44,4,61
9:31:02,2311.2,2310.6,2311.2,31,18,47
9:31:03,2311.2,2310.6,2311.2,38,61,16
9:31:03,2311,2310.8,2311,20,3,74
9:31:04,2311,2310.8,2311,13,11,64
9:31:04,2310.8,2310.8,2311,29,23,48
9:31:05,2311,2310.8,2311,4,24,45
9:31:05,2310.8,2310.8,2311,13,20,29
9:31:06,2310.8,2310.8,2311,14,17,19
9:31:06,2311,2310.8,2311,27,10,18
9:31:07,2310.8,2310.8,2311,7,8,16
9:31:07,2311,2311,2311.2,28,4,14
9:31:08,2310.8,2310.8,2311,9,44,27
9:31:08,2311,2310.8,2311,2,49,27
9:31:09,2311,2310.8,2311,10,50,17
9:31:09,2310.8,2310.8,2311,15,46,7
9:31:10,2310.8,2310.8,2311,7,40,6
9:31:10,2311,2311,2311.2,10,3,15
9:31:11,2311,2310.8,2311,8,37,8
9:31:11,2310.8,2310.8,2311,13,39,3
9:31:12,2310.8,2310.8,2311,7,38,2
9:31:12,2310.8,2310.8,2311,7,32,2
9:31:13,2310.6,2310.6,2310.8,38,53,8
9:31:13,2310.8,2310.6,2310.8,22,41,2
9:31:14,2310.6,2310.6,2310.8,11,33,29
9:31:14,2310.6,2310.4,2310.6,35,67,50
9:31:15,2310.6,2310.4,2310.6,74,16,32
9:31:15,2310.4,2310.2,2310.4,20,48,19
9:31:16,2310.2,2310.2,2310.4,15,37,23
9:31:16,2310.2,2310.2,2310.4,30,12,22
9:31:17,2310.2,2310.2,2310.4,16,2,24
9:31:17,2310,2310,2310.2,15,57,20
9:31:18,2310,2310,2310.2,7,58,18
9:31:18,2310,2310,2310.2,20,39,20
9:31:19,2310,2310,2310.2,12,32,21
9:31:19,2310.2,2310,2310.2,18,27,18
9:31:20,2309.6,2309.6,2310,51,19,17
9:31:20,2309.6,2309.8,2310,6,22,23
9:31:21,2309.8,2309.8,2310,17,30,29
9:31:21,2310,2309.8,2310,30,12,21
9:31:22,2309.8,2309.8,2310,18,10,22
9:31:22,2310,2309.8,2310,16,3,15
9:31:23,2309.6,2309.6,2309.8,12,11,1
9:31:23,2309.8,2309.6,2309.8,5,8,5
9:31:24,2309.6,2309.6,2309.8,14,19,6
9:31:24,2309.6,2309.4,2309.8,20,33,7
9:31:25,2309.6,2309.6,2309.8,7,15,7
9:31:25,2309.6,2309.6,2309.8,23,9,3
9:31:26,2309.6,2309.6,2309.8,5,11,2
9:31:26,2309.8,2309.8,2310,5,3,41
9:31:27,2309.8,2309.6,2310,12,11,40
9:31:27,2309.6,2309.6,2309.8,6,8,1
9:31:28,2309.8,2309.8,2310,5,5,42
9:31:28,2309.8,2309.6,2309.8,10,15,12
9:31:29,2309.6,2309.6,2309.8,10,33,17
9:31:29,2310,2309.8,2310,28,1,47
9:31:30,2309.6,2309.8,2310,32,3,46
9:31:30,2310,2309.8,2310,6,2,75
9:31:31,2310,2309.6,2310,61,26,22
9:31:31,2310,2309.6,2310,19,27,5
9:31:32,2310,2309.8,2310.2,8,12,53
9:31:32,2309.6,2309.4,2309.6,70,49,6
9:31:33,2310,2309.8,2310,11,1,1
9:31:33,2310,2310,2310.2,31,2,58
9:31:34,2310.2,2309.8,2310,19,2,39
9:31:34,2309.6,2309.6,2309.8,27,33,13
9:31:35,2309.8,2309.6,2309.8,1,34,27
9:31:35,2309.8,2309.6,2309.8,10,39,17
9:31:36,2309.6,2309.6,2309.8,12,44,6
9:31:36,2309.8,2309.8,2310,15,1,92
9:31:37,2310,2309.8,2310,8,20,90
9:31:37,2309.8,2309.8,2310,12,13,95
9:31:38,2310,2309.8,2310,21,2,92
9:31:38,2309.8,2309.6,2309.8,5,44,1
9:31:39,2309.8,2309.6,2309.8,3,44,4
9:31:39,2309.8,2309.6,2309.8,19,44,4
9:31:40,2309.8,2309.6,2309.8,1,46,3
9:31:40,2309.6,2309.6,2309.8,14,47,9
9:31:41,2309.8,2309.8,2310,20,13,94
9:31:41,2310,2309.8,2310,1,18,97
9:31:42,2310,2309.8,2310,8,15,81
9:31:42,2309.6,2309.8,2310,19,3,66
9:31:43,2310,2309.6,2310,15,81,54
9:31:43,2309.8,2309.8,2310,6,4,51
9:31:44,2309.8,2309.6,2310,23,83,53
9:31:44,2310,2309.6,2310,3,84,59
9:31:45,2310,2309.6,2309.8,4,83,1
9:31:45,2309.8,2309.6,2310,1,83,67
9:31:46,2309.6,2309.6,2310,6,82,63
9:31:46,2309.6,2309.6,2309.8,11,75,10
9:31:47,2309.8,2309.8,2310,10,1,72
9:31:47,2309.6,2309.8,2310,2,2,75
9:31:48,2310,2309.8,2310,7,3,74
9:31:48,2310,2309.6,2310,13,76,66
9:31:49,2309.8,2309.6,2310,1,77,67
9:31:49,2309.8,2309.6,2310,1,77,68
9:31:50,2309.6,2309.6,2309.8,1,80,1
9:31:51,2309.8,2309.6,2309.8,5,77,2
9:31:51,2309.6,2309.6,2310,37,46,78
9:31:52,2309.6,2309.6,2309.8,41,7,18
9:31:52,2309.6,2309.4,2309.6,8,60,15
9:31:53,2309.6,2309.4,2309.6,6,59,10
9:31:53,2309.6,2309.4,2309.6,6,59,13
9:31:54,2309.6,2309.6,2309.8,16,17,30
9:31:54,2309.8,2309.6,2309.8,4,16,27
9:31:55,2309.6,2309.6,2309.8,9,9,28
9:31:55,2309.6,2309.6,2309.8,3,14,30
9:31:56,2309.6,2309.6,2309.8,14,1,30
9:31:56,2309.8,2309.4,2309.6,13,59,1
9:31:57,2309.6,2309.6,2309.8,4,1,22
9:31:57,2309.8,2309.8,2310,30,1,71
9:31:58,2309.4,2309.6,2310,6,1,72
9:31:58,2309.6,2309.6,2309.8,4,30,4
9:31:59,2309.6,2309.6,2309.8,6,26,15
9:31:59,2309.8,2309.6,2309.8,2,27,14
9:32:00,2309.6,2309.6,2309.8,2,27,22
9:32:00,2309.8,2309.4,2309.8,44,50,10
9:32:01,2309.6,2309.4,2309.8,8,44,14
9:32:01,2309.4,2309.4,2309.6,31,32,6
9:32:02,2310,2309.4,2309.8,60,23,1
9:32:02,2309.8,2309.4,2309.8,20,11,12
9:32:03,2309.4,2309.2,2309.4,22,54,13
9:32:03,2309.2,2309.2,2309.4,7,87,8
9:32:04,2309.2,2309.2,2309.4,6,81,8
9:32:04,2309.2,2309.2,2309.4,33,46,7
9:32:05,2309.4,2309.2,2309.4,35,14,9
9:32:05,2309.2,2309,2309.4,16,49,11
9:32:06,2309.4,2309,2309.2,4,60,1
9:32:06,2309.2,2309,2309.4,24,45,17
9:32:07,2309,2309,2309.2,6,49,60
9:32:07,2309,2309,2309.2,30,28,82
9:32:08,2309,2308.8,2309,34,28,43
9:32:08,2308.6,2308.6,2309,31,43,42
9:32:09,2309,2308.8,2309,27,25,35
9:32:09,2308.6,2308.6,2309,38,41,37
9:32:10,2308.6,2308.6,2308.8,15,30,6
9:32:10,2308.8,2308.6,2308.8,40,20,7
9:32:11,2308.6,2308.6,2308.8,21,6,4
9:32:11,2308.6,2308.6,2308.8,6,4,3
9:32:12,2308.8,2308.6,2308.8,10,5,2
9:32:12,2308.6,2308.4,2308.6,8,16,2
9:32:13,2308.6,2308.6,2308.8,18,7,2
9:32:13,2308.6,2308.2,2308.6,20,61,13
9:32:14,2308.2,2308.4,2308.6,7,1,10
9:32:14,2308.4,2308.2,2308.6,19,61,15
9:32:15,2308.4,2308.2,2308.4,30,58,13
9:32:15,2308.4,2308.2,2308.4,21,47,4
9:32:16,2308.6,2308.2,2308.6,16,37,8
9:32:16,2308.2,2308.2,2308.4,17,26,22
9:32:17,2308.2,2308.2,2308.4,15,22,18
9:32:17,2308.4,2308.2,2308.4,29,17,5
9:32:18,2308.2,2308,2308.2,21,65,24
9:32:18,2308.2,2308,2308.2,12,64,22
9:32:19,2308.2,2308,2308.2,25,47,14
9:32:19,2308.2,2308.2,2308.4,61,2,9
9:32:20,2308,2307.8,2308,35,56,14
9:32:20,2308.2,2308.2,2308.4,36,2,7
9:32:21,2308,2307.8,2308,20,58,1
9:32:21,2308,2308,2308.2,12,3,1
9:32:22,2308.2,2308,2308.4,7,24,9
9:32:22,2308.2,2308.2,2308.4,7,18,16
9:32:23,2308.4,2308.2,2308.4,15,5,14
9:32:23,2308.2,2308.2,2308.4,20,2,12
9:32:24,2308.2,2308,2308.2,10,75,1
9:32:24,2308.4,2308.4,2308.6,25,11,8
9:32:25,2308.4,2308.4,2308.6,3,9,8
9:32:25,2308.4,2308.4,2308.6,5,7,33
9:32:26,2308.6,2308.4,2308.6,3,6,32
9:32:26,2308.4,2308.2,2308.4,8,25,8
9:32:27,2308.2,2308.2,2308.4,8,21,7
9:32:27,2308.4,2308.2,2308.4,13,23,1
9:32:28,2308.4,2308.2,2308.4,1,26,2
9:32:28,2308.2,2308.2,2308.6,3,27,30
9:32:29,2308.2,2308.2,2308.4,2,27,1
9:32:29,2308.2,2308.4,2308.6,32,2,29
9:32:30,2308.6,2308.4,2308.6,4,18,22
9:32:30,2308.6,2308.4,2308.6,11,13,19
9:32:31,2308.6,2308.4,2308.6,25,5,15
9:32:31,2308.6,2308.2,2308.6,13,1,14
9:32:32,2308.6,2308.4,2308.6,13,1,22
9:32:32,2308.6,2308.2,2308.4,2,7,9
9:32:33,2308.4,2308.2,2308.4,7,8,18
9:32:33,2308.2,2308.2,2308.4,13,8,7
9:32:34,2308.4,2308.2,2308.4,5,31,8
9:32:34,2308.2,2308.2,2308.4,11,27,5
9:32:35,2308.4,2308.4,2308.6,7,12,26
9:32:35,2308.2,2308,2308.2,39,82,28
9:32:36,2308,2308,2308.2,27,79,7
9:32:36,2308.2,2308,2308.2,12,69,5
9:32:37,2308.2,2308.2,2308.4,6,8,25
9:32:37,2308,2308,2308.4,13,67,25
9:32:38,2308,2308.2,2308.4,4,7,26
9:32:38,2308.2,2308.2,2308.4,2,6,26
9:32:39,2308.4,2308.2,2308.4,6,6,23
9:32:39,2308.2,2308,2308.2,6,70,6
9:32:40,2308.2,2308,2308.2,10,67,1
9:32:40,2308.2,2308,2308.4,7,62,26
9:32:41,2308,2307.8,2308,62,64,11
9:32:41,2308,2307.8,2308,4,65,10
9:32:42,2308,2307.8,2308,21,48,9
9:32:42,2308,2307.8,2308.2,22,38,55
9:32:43,2308,2307.8,2308,12,30,7
9:32:43,2307.8,2307.8,2308,5,27,29
9:32:44,2307.8,2307.8,2308,9,23,35
9:32:44,2307.8,2307.8,2308,15,15,35
9:32:45,2307.8,2307.8,2308,15,9,27
9:32:45,2307.8,2307.8,2308,6,6,19
9:32:46,2308,2307.8,2308,15,8,11
9:32:46,2307.8,2307.8,2308,8,12,9
9:32:47,2308,2308,2308.2,33,18,54
9:32:47,2308.2,2308,2308.2,7,50,52
9:32:48,2308,2308,2308.2,9,47,46
9:32:48,2308.2,2308,2308.2,42,42,5
9:32:49,2308,2308.2,2308.4,10,6,29
9:32:49,2308,2308,2308.4,37,26,8
9:32:50,2308,2308,2308.4,11,22,13
9:32:50,2308,2308,2308.4,13,21,13
9:32:51,2308,2308,2308.4,6,15,15
9:32:51,2308.4,2308,2308.4,21,17,11
9:32:52,2308,2307.8,2308,20,15,15
9:32:52,2308,2307.8,2308,8,13,12
9:32:53,2308,2307.8,2308,3,12,10
9:32:53,2308,2307.8,2308,3,13,8
9:32:54,2308,2307.8,2308,16,12,9
9:32:54,2308,2307.8,2308,5,10,7
9:32:55,2308,2307.8,2308.2,10,11,1
9:32:55,2308.2,2308.2,2308.4,2,1,12
9:32:56,2308.2,2308,2308.2,1,10,1
9:32:56,2308.2,2308,2308.2,14,18,7
9:32:57,2308.2,2308,2308.2,3,19,4
9:32:57,2308.4,2308,2308.2,13,19,1
9:32:58,2308.2,2308,2308.2,2,18,2
9:32:58,2308,2308.2,2308.4,18,1,12
9:32:59,2308.2,2308,2308.2,2,9,16
9:32:59,2308.2,2308,2308.2,2,10,15
9:33:00,2308.2,2308,2308.2,6,12,14
9:33:00,2308.2,2308,2308.2,9,6,21
9:33:01,2307.8,2307.8,2308.2,14,23,32
9:33:01,2307.8,2307.8,2308,16,14,35
9:33:02,2308,2307.6,2307.8,24,78,5
9:33:02,2307.6,2307.6,2307.8,35,56,13
9:33:03,2307.6,2307.6,2307.8,31,29,11
9:33:03,2307.6,2307.4,2307.6,33,28,5
9:33:04,2307.4,2307.4,2307.6,12,22,27
9:33:04,2307.4,2307.4,2307.6,15,11,31
9:33:05,2307.4,2307.2,2307.4,22,23,24
9:33:05,2307.2,2307.2,2307.4,7,20,12
9:33:06,2307.2,2307,2307.2,23,91,2
9:33:06,2307.2,2307,2307.2,36,80,11
9:33:07,2307,2307.2,2307.4,47,3,12
9:33:07,2307.2,2307.2,2307.4,48,17,6
9:33:08,2307,2307,2307.2,41,29,7
9:33:08,2307.4,2307.2,2307.6,40,20,28
9:33:09,2307,2307,2307.2,36,44,7
9:33:09,2307,2307,2307.2,22,33,7
9:33:10,2307,2306.8,2307,49,14,66
9:33:10,2306.8,2306.6,2306.8,36,38,10
9:33:11,2306.4,2306.4,2306.6,65,48,12
9:33:11,2306.2,2306.2,2306.4,66,45,10
9:33:12,2306.2,2306,2306.2,80,164,41
9:33:12,2306.2,2306,2306.2,91,134,3
9:33:13,2306.2,2306.2,2306.4,58,37,50
9:33:13,2306.2,2306,2306.2,116,104,7
9:33:14,2306,2306.2,2306.4,39,2,46
9:33:14,2306,2306,2306.2,91,60,1
9:33:15,2306,2306,2306.2,53,20,6
9:33:15,2306,2305.8,2306,31,22,28
9:33:16,2305.8,2305.6,2305.8,40,41,15
9:33:16,2305.6,2305.6,2305.8,29,19,45
9:33:17,2305.6,2305.6,2305.8,45,2,46
9:33:17,2305.6,2305.4,2305.6,34,24,89
9:33:18,2305.6,2305.4,2305.6,54,3,68
9:33:18,2305.4,2305.2,2305.4,61,46,17
9:33:19,2305.4,2305.2,2305.4,61,6,8
9:33:19,2305.2,2305,2305.2,30,115,39
9:33:20,2305.2,2305,2305.4,121,87,27
9:33:20,2305,2305,2305.4,120,17,25
9:33:21,2305.2,2304.8,2305,39,22,6
9:33:21,2304.8,2304.6,2305,66,2,4
9:33:22,2304.8,2304.8,2305,61,5,21
9:33:22,2305,2305,2305.2,45,37,5
9:33:23,2305,2305.2,2305.4,50,81,24
9:33:23,2305.6,2305.4,2305.6,50,19,82
9:33:24,2305.4,2305.4,2305.6,33,7,75
9:33:24,2305.6,2305.6,2305.8,99,8,76
9:33:25,2305.8,2305.6,2305.8,90,24,22
9:33:25,2305.8,2305.4,2305.8,51,3,28
9:33:26,2305.8,2305.2,2305.6,41,68,2
9:33:26,2305.4,2305.2,2305.4,14,66,3
9:33:27,2305.6,2305.4,2305.6,23,7,11
9:33:27,2305.6,2305.4,2305.6,17,23,26
9:33:28,2305.6,2305.4,2305.6,21,20,28
9:33:28,2305.4,2305.4,2305.6,31,1,18
9:33:29,2305.4,2305.2,2305.4,21,70,4
9:33:29,2305.4,2305.2,2305.4,4,70,13
9:33:30,2305.6,2305.4,2305.6,19,5,11
9:33:30,2305.4,2305.4,2305.8,34,41,20
9:33:31,2305.4,2305.4,2305.6,25,21,1
9:33:31,2305.6,2305.4,2305.8,25,37,17
9:33:32,2305.4,2305.4,2305.6,15,31,2
9:33:32,2305.6,2305.4,2305.8,3,30,17
9:33:33,2305.4,2305.4,2305.8,21,11,25
9:33:33,2305.6,2305.4,2305.6,14,7,1
9:33:34,2305.6,2305.4,2305.6,11,20,23
9:33:34,2305.6,2305.4,2305.6,12,21,39
9:33:35,2305.4,2305.4,2305.6,17,11,34
9:33:35,2305.4,2305.4,2305.6,27,5,16
9:33:36,2305.2,2305.2,2305.6,13,89,19
9:33:36,2305.6,2305.4,2305.6,4,1,16
9:33:37,2305.6,2305.4,2305.6,8,20,18
9:33:37,2305.4,2305.4,2305.6,14,33,12
9:33:38,2305.6,2305.4,2305.6,13,39,1
9:33:38,2305.8,2305.6,2305.8,18,1,27
9:33:39,2305.6,2305.4,2305.6,14,12,13
9:33:39,2305.6,2305.2,2305.6,31,87,9
9:33:40,2305.4,2305.2,2305.4,4,89,2
9:33:40,2305.6,2305.4,2305.6,10,2,7
9:33:41,2305.4,2305.4,2305.6,3,3,38
9:33:41,2305.6,2305.4,2305.6,18,2,24
9:33:42,2305.4,2305.2,2305.4,15,92,21
9:33:42,2305.4,2305.2,2305.4,23,91,5
9:33:43,2305.4,2305.2,2305.4,7,90,5
9:33:43,2305.6,2305.4,2305.6,7,5,18
9:33:44,2305.4,2305.4,2305.6,13,3,30
9:33:44,2305.4,2305.2,2305.6,5,87,34
9:33:45,2305.6,2305.4,2305.6,18,1,33
9:33:45,2305.6,2305.4,2305.6,8,9,33
9:33:46,2305.6,2305.4,2305.6,7,5,32
9:33:46,2305.4,2305.4,2305.6,18,3,31
9:33:47,2305.4,2305.2,2305.4,13,96,2
9:33:47,2305.4,2305.2,2305.4,10,96,1
9:33:48,2305.2,2305.2,2305.4,4,93,1
9:33:48,2305.4,2305.2,2305.4,5,93,1
9:33:49,2305.4,2305.2,2305.4,9,89,4
9:33:49,2305.4,2305.4,2305.6,7,17,30
9:33:50,2305.4,2305.4,2305.6,21,12,24
9:33:50,2305.4,2305.4,2305.6,10,8,29
9:33:51,2305.6,2305.4,2305.6,15,20,31
9:33:51,2305.4,2305.4,2305.6,13,46,24
9:33:52,2305.6,2305.4,2305.6,15,48,17
9:33:52,2305.8,2305.6,2305.8,20,19,25
9:33:53,2305.6,2305.6,2305.8,14,39,14
9:33:53,2305.6,2305.6,2305.8,21,40,10
9:33:54,2305.6,2305.6,2305.8,9,44,8
9:33:54,2305.8,2305.6,2305.8,8,42,7
9:33:55,2305.8,2305.8,2306,38,10,83
9:33:55,2306,2305.8,2306,10,5,112
9:33:56,2305.8,2305.6,2305.8,12,30,27
9:33:56,2305.8,2305.6,2305.8,24,9,23
9:33:57,2305.6,2305.4,2305.8,27,90,54
9:33:57,2305.6,2305.4,2305.6,17,93,8
9:33:58,2305.8,2305.6,2305.8,11,7,62
9:33:58,2305.6,2305.4,2305.6,13,94,14
9:33:59,2305.8,2305.4,2305.8,58,51,63
9:33:59,2305.6,2305.6,2305.8,12,14,66
9:34:00,2305.8,2305.6,2305.8,14,5,65
9:34:00,2305.6,2305.6,2305.8,21,3,89
9:34:01,2305.6,2305.6,2305.8,25,4,72
9:34:01,2305.6,2305.6,2305.8,10,3,61
9:34:02,2305.8,2305.6,2305.8,12,1,61
9:34:02,2305.8,2305.6,2305.8,11,5,55
9:34:03,2305.6,2305.4,2305.6,29,43,2
9:34:03,2305.6,2305.4,2305.6,8,45,26
9:34:04,2305.6,2305.4,2305.6,12,45,15
9:34:04,2305.6,2305.4,2305.6,11,49,16
9:34:05,2305.4,2305.4,2305.6,38,52,9
9:34:05,2305.6,2305.4,2305.6,6,53,17
9:34:06,2305.6,2305.4,2305.6,13,55,10
9:34:06,2305.4,2305.4,2305.6,8,52,10
9:34:07,2305.6,2305.4,2305.8,11,54,11
9:34:07,2305.6,2305.4,2305.6,3,52,2
9:34:08,2305.6,2305.6,2305.8,22,77,17
9:34:08,2305.6,2305.6,2305.8,13,76,11
9:34:09,2305.6,2305.8,2306,41,1,101
9:34:09,2305.8,2305.8,2306,9,2,96
9:34:10,2306,2305.8,2306,6,16,95
9:34:10,2306,2305.8,2306,32,23,65
9:34:11,2306,2305.8,2306,67,20,16
9:34:11,2306.2,2306,2306.2,20,8,7
9:34:12,2306,2306,2306.2,3,27,5
9:34:12,2306.2,2306.2,2306.4,8,19,24
9:34:13,2306.4,2306.2,2306.4,3,30,36
9:34:13,2306.2,2306.2,2306.4,32,30,12
9:34:14,2306.4,2306.2,2306.4,14,28,2
9:34:14,2306.4,2306.4,2306.6,23,22,15
9:34:15,2306.6,2306.4,2306.6,21,17,37
9:34:15,2306.6,2306.4,2306.6,21,15,33
9:34:16,2306.6,2306.2,2306.4,39,36,3
9:34:16,2306.4,2306.2,2306.4,44,36,13
9:34:17,2306.4,2306.4,2306.6,19,14,40
9:34:17,2306.4,2306.4,2306.6,21,25,26
9:34:18,2306.4,2306.2,2306.4,49,39,24
9:34:18,2306.2,2306.2,2306.4,27,26,8
9:34:19,2306.4,2306.4,2306.6,10,1,31
9:34:19,2306.6,2306.4,2306.6,27,20,8
9:34:20,2306.6,2306.6,2306.8,13,15,63
9:34:20,2306.6,2306.4,2306.6,20,34,19
9:34:21,2306.4,2306.4,2306.6,19,31,10
9:34:21,2306.6,2306.4,2306.6,30,28,9
9:34:22,2306.6,2306.4,2306.6,7,29,15
9:34:22,2306.6,2306.4,2306.6,11,30,16
9:34:23,2306.6,2306.4,2306.6,14,25,11
9:34:23,2306.6,2306.4,2306.6,10,25,41
9:34:24,2306.6,2306.4,2306.6,27,8,48
9:34:24,2306.6,2306.2,2306.4,16,30,4
9:34:25,2306.6,2306.2,2306.6,15,25,42
9:34:25,2306.4,2306.2,2306.6,4,25,43
9:34:26,2306.6,2306.4,2306.6,7,1,50
9:34:26,2306.4,2306.2,2306.4,2,24,4
9:34:27,2306.6,2306.2,2306.6,10,21,51
9:34:27,2306.6,2306.2,2306.6,8,22,49
9:34:28,2306.4,2306.2,2306.4,9,21,17
9:34:28,2306.6,2306.4,2306.6,26,1,50
9:34:29,2306.6,2306.2,2306.6,8,19,43
9:34:29,2306.4,2306.2,2306.4,3,23,1
9:34:30,2306.6,2306.4,2306.6,8,5,39
9:34:30,2306.2,2306.2,2306.6,31,9,31
9:34:31,2306.6,2306.4,2306.6,13,2,28
9:34:31,2306.4,2306.2,2306.4,3,12,2
9:34:32,2306.4,2306.4,2306.6,24,4,34
9:34:32,2306.6,2306.4,2306.6,4,6,33
9:34:33,2306.4,2306.2,2306.4,11,15,1
9:34:33,2306.6,2306.2,2306.6,2,16,30
9:34:34,2306.6,2306.2,2306.4,1,17,2
9:34:34,2306.4,2306.4,2306.6,5,7,30
9:34:35,2306.4,2306.4,2306.6,3,6,32
9:34:35,2306.6,2306.2,2306.6,7,19,32
9:34:36,2306.6,2306.4,2306.6,12,46,29
9:34:36,2306.6,2306.4,2306.6,3,47,37
9:34:37,2306.6,2306.4,2306.6,34,46,9
9:34:37,2306.6,2306.4,2306.6,11,48,2
9:34:38,2306.6,2306.4,2306.8,8,44,99
9:34:38,2306.8,2306.4,2306.8,14,40,90
9:34:39,2306.4,2306.4,2306.8,3,40,88
9:34:39,2306.6,2306.4,2306.6,13,31,6
9:34:40,2306.8,2306.4,2306.8,8,40,77
9:34:40,2306.4,2306.4,2306.6,33,19,1
9:34:41,2306.4,2306.4,2306.8,8,19,76
9:34:41,2306.8,2306.6,2306.8,4,2,75
9:34:42,2306.6,2306.6,2306.8,5,10,73
9:34:42,2306.6,2306.6,2306.8,11,4,72
9:34:43,2306.6,2306.6,2306.8,3,5,72
9:34:43,2306.8,2306.6,2306.8,2,7,89
9:34:44,2306.8,2306.6,2306.8,5,6,87
9:34:44,2306.6,2306.6,2306.8,9,2,84
9:34:45,2306.8,2306.6,2306.8,38,1,57
9:34:45,2306.6,2306.4,2306.6,4,25,1
9:34:46,2306.6,2306.6,2306.8,6,12,56
9:34:46,2306.8,2306.8,2307,57,7,34
9:34:47,2306.8,2306.8,2307,26,25,16
9:34:47,2307,2306.8,2307,11,24,22
9:34:48,2307.2,2306.8,2307.2,24,24,23
9:34:48,2307.2,2307,2307.2,15,8,8
9:34:49,2307.2,2307,2307.4,18,12,36
9:34:49,2307.2,2307,2307.2,8,17,8
9:34:50,2307.2,2307,2307.2,9,18,8
9:34:50,2307.2,2307,2307.2,3,18,26
9:34:51,2307,2307,2307.2,29,15,2
9:34:51,2307,2307,2307.2,5,11,5
9:34:52,2307,2307,2307.2,6,6,7
9:34:52,2307,2306.8,2307,15,32,5
9:34:53,2307,2306.8,2307,4,31,1
9:34:53,2307,2307,2307.2,13,17,1
9:34:54,2307,2307,2307.2,2,20,1
9:34:54,2307,2307,2307.2,2,22,13
9:34:55,2307,2307,2307.2,9,21,9
9:34:55,2307,2307,2307.2,8,17,14
9:34:56,2307.2,2307.2,2307.4,26,30,53
9:34:56,2307.2,2307.2,2307.4,9,26,51
9:34:57,2307.2,2307,2307.2,26,13,2
9:34:57,2307.2,2307.2,2307.4,7,2,49
9:34:58,2307.2,2307,2307.2,4,15,10
9:34:58,2307,2307,2307.2,8,9,22
9:34:59,2307.2,2307,2307.2,14,1,24
9:34:59,2307,2306.8,2307,4,31,31
9:35:00,2306.8,2306.8,2307,21,29,13
9:35:00,2306.8,2306.8,2307,26,5,14
9:35:01,2306.4,2306.4,2306.6,59,9,10
9:35:01,2306.4,2306.2,2306.4,29,21,2
9:35:02,2306.2,2306.2,2306.4,28,5,6
9:35:02,2306,2306,2306.2,10,52,1
9:35:03,2306.4,2306,2306.4,25,45,3
9:35:03,2306.6,2306.2,2306.6,18,6,5
9:35:04,2306.2,2306.2,2306.6,7,3,5
9:35:04,2306.8,2306.2,2306.8,19,4,20
9:35:05,2306.2,2306,2306.6,39,15,11
9:35:06,2306,2306,2306.2,6,19,5
9:35:06,2306.2,2306.2,2306.6,7,2,20
9:35:07,2306.4,2306.4,2306.6,9,28,21
9:35:07,2306.4,2306.4,2306.6,6,25,20
9:35:08,2306.4,2306.4,2306.6,2,24,20
9:35:08,2306.4,2306.4,2306.6,16,9,20
9:35:09,2306.4,2306.4,2306.6,18,6,5
9:35:09,2306.4,2306.2,2306.4,11,3,5
9:35:10,2306.4,2306.2,2306.4,1,6,9
9:35:10,2306.2,2306.2,2306.4,5,3,10
9:35:11,2306.4,2306,2306.4,8,29,57
9:35:12,2306.2,2306,2306.2,2,30,5
9:35:12,2306,2306,2306.2,3,33,11
9:35:13,2306,2306,2306.2,8,28,16
9:35:13,2306,2306,2306.2,5,21,17
9:35:14,2306.2,2306.2,2306.4,25,6,53
9:35:14,2306.2,2306.2,2306.4,7,3,53
9:35:15,2306.2,2306.2,2306.4,5,7,54
9:35:15,2306.2,2306.2,2306.4,1,7,54
9:35:16,2306.2,2306.2,2306.4,4,7,53
9:35:16,2306.2,2306.2,2306.4,5,3,53
9:35:17,2306.2,2306,2306.4,11,66,53
9:35:17,2306.2,2306,2306.2,5,66,19
9:35:18,2306.2,2306,2306.2,4,74,18
9:35:18,2306.2,2306,2306.2,4,73,23
9:35:19,2306.2,2306,2306.2,2,76,25
9:35:19,2306,2306,2306.2,1,77,30
9:35:20,2306,2306,2306.2,23,59,49
9:35:20,2306,2306,2306.2,46,14,48
9:35:21,2305.8,2305.8,2306,24,16,8
9:35:21,2305.8,2305.8,2306,6,10,16
9:35:22,2305.6,2305.6,2305.8,16,33,3
9:35:22,2306,2306,2306.2,23,13,55
9:35:23,2305.8,2305.6,2306,18,35,3
9:35:23,2305.6,2305.6,2306,9,24,7
9:35:24,2306,2306,2306.2,16,14,55
9:35:24,2306,2306,2306.2,11,5,55
9:35:25,2306,2305.8,2306,6,9,2
9:35:25,2306,2305.8,2306,4,8,1
9:35:26,2306,2306,2306.2,9,11,46
9:35:26,2305.8,2305.8,2306,27,1,2
9:35:27,2305.8,2305.6,2305.8,2,22,12
9:35:28,2305.6,2305.6,2305.8,17,15,6
9:35:28,2305.4,2305.4,2305.6,25,25,22
9:35:29,2305.6,2305.4,2305.6,22,18,12
9:35:29,2305.6,2305.8,2306,41,6,44
9:35:30,2305.8,2305.8,2306,5,6,67
9:35:30,2305.8,2305.6,2305.8,7,14,4
9:35:31,2305.8,2305.6,2305.8,6,12,9
9:35:31,2305.8,2305.8,2306,21,5,67
9:35:32,2306,2305.8,2306,4,5,69
9:35:32,2305.8,2305.8,2306,5,8,68
9:35:33,2305.8,2305.8,2306,1,20,68
9:35:33,2305.8,2305.8,2306,11,28,62
9:35:34,2306,2305.8,2306,23,35,41
9:35:34,2306,2305.8,2306.2,41,28,47
9:35:35,2306,2306,2306.2,29,15,20
9:35:35,2306.2,2306,2306.2,6,25,15
9:35:36,2306.2,2306.2,2306.4,22,1,50
9:35:36,2306.4,2306.2,2306.4,32,8,20
9:35:37,2306.4,2306.2,2306.4,8,10,15
9:35:37,2306.4,2306.2,2306.4,6,11,21
9:35:38,2306.4,2306.2,2306.4,1,32,42
9:35:38,2306.2,2306.2,2306.4,7,34,39
9:35:39,2306.2,2306.2,2306.4,19,32,22
9:35:39,2306.4,2306.2,2306.4,10,32,12
9:35:40,2306.4,2306.4,2306.6,13,10,21
9:35:40,2306.4,2306.2,2306.4,11,44,27
9:35:41,2306.2,2306.2,2306.4,4,60,24
9:35:41,2306.4,2306.2,2306.4,16,67,10
9:35:42,2306.4,2306.4,2306.6,11,8,27
9:35:42,2306.4,2306.4,2306.6,3,7,27
9:35:43,2306.6,2306.4,2306.6,7,30,26
9:35:43,2306.6,2306.4,2306.6,4,31,26
9:35:44,2306.6,2306.4,2306.6,4,34,23
9:35:44,2306.6,2306.4,2306.6,6,33,20
9:35:45,2306.6,2306.4,2306.6,15,34,6
9:35:45,2306.6,2306.4,2306.6,5,35,2
9:35:46,2306.4,2306.6,2306.8,3,7,31
9:35:46,2306.8,2306.6,2306.8,18,6,38
9:35:47,2306.6,2306.6,2306.8,5,5,24
9:35:47,2306.8,2306.6,2306.8,2,5,23
9:35:48,2306.8,2306.6,2306.8,9,9,15
9:35:48,2306.6,2306.6,2306.8,1,16,15
9:35:49,2306.8,2306.8,2307,16,22,30
9:35:49,2306.8,2306.8,2307,2,31,30
9:35:50,2307,2306.8,2307,5,35,25
9:35:50,2307,2306.8,2307,39,1,22
9:35:51,2306.8,2306.8,2307,10,1,14
9:35:51,2307,2306.8,2307,11,1,8
9:35:52,2306.8,2306.6,2306.8,3,18,5
9:35:52,2306.8,2306.8,2307,11,3,16
9:35:53,2307,2306.8,2307,6,4,22
9:35:53,2307,2306.8,2307,2,3,36
9:35:54,2306.8,2306.8,2307,3,4,39
9:35:54,2306.8,2306.6,2306.8,5,20,9
9:35:55,2307,2306.6,2307,13,20,41
9:35:55,2306.8,2306.6,2306.8,1,20,12
9:35:56,2307,2306.6,2307,25,20,26
9:35:56,2306.8,2306.8,2307,2,1,28
9:35:57,2307,2306.6,2306.8,3,20,1
9:35:57,2307,2306.6,2307,3,19,28
9:35:58,2306.8,2306.6,2307,2,19,27
9:35:58,2307,2306.6,2306.8,2,19,22
9:35:59,2306.6,2306.6,2306.8,10,11,22
9:35:59,2306.8,2306.6,2306.8,5,10,18
9:36:00,2306.4,2306.4,2306.8,21,19,20
9:36:00,2306.4,2306.4,2306.8,18,2,20
9:36:01,2306.2,2306.2,2306.8,7,45,21
9:36:01,2306.2,2306.2,2306.4,13,39,28
9:36:02,2306,2306,2306.2,81,4,1
9:36:02,2305.8,2305.8,2306,6,23,33
9:36:03,2305.8,2305.8,2306,12,22,29
9:36:03,2306,2305.8,2306,6,18,1
9:36:04,2305.8,2305.8,2306.2,14,4,45
9:36:04,2305.8,2305.8,2306,3,3,1
9:36:05,2305.8,2305.8,2306,5,2,1
9:36:05,2305.8,2305.6,2305.8,8,26,2
9:36:06,2305.8,2306,2306.2,3,4,45
9:36:06,2305.6,2305.6,2305.8,10,28,2
9:36:07,2305.6,2305.8,2306,6,1,3
9:36:07,2305.8,2305.6,2306,9,21,5
9:36:08,2305.6,2305.8,2306,12,18,6
9:36:08,2305.8,2305.8,2306,14,5,9
9:36:09,2306,2305.8,2306,6,4,8
9:36:09,2305.8,2305.6,2305.8,33,11,62
9:36:10,2305.6,2305.4,2305.6,16,34,13
9:36:10,2305.4,2305.2,2305.4,52,54,9
9:36:11,2305.2,2305,2305.2,55,174,18
9:36:11,2305,2305,2305.2,16,164,14
9:36:12,2305,2305,2305.2,132,37,9
9:36:12,2304.8,2304.6,2304.8,93,10,4
9:36:13,2304.6,2304.6,2304.8,51,23,9
9:36:13,2304.2,2304.2,2304.6,101,22,52
9:36:14,2304.2,2304,2304.2,70,110,15
9:36:14,2304,2304,2304.2,35,84,19
9:36:15,2304,2304,2304.2,47,44,5
9:36:15,2304,2303.6,2304,93,14,24
9:36:16,2303.6,2303.2,2303.6,70,38,10
9:36:16,2303.6,2303.2,2303.6,43,35,22
9:36:17,2303.6,2303.6,2303.8,47,46,7
9:36:17,2303.8,2303.8,2304,40,131,42
9:36:18,2304.6,2304.2,2304.6,123,1,54
9:36:18,2304.4,2304.4,2304.6,33,68,18
9:36:19,2304.6,2304.6,2305,34,14,88
9:36:19,2305,2304.8,2305,16,3,71
9:36:20,2304.8,2304.6,2304.8,33,16,3
9:36:20,2304.6,2304.6,2304.8,40,22,3
9:36:21,2304.6,2304.6,2305,13,22,12
9:36:21,2304.8,2304.6,2304.8,4,25,16
9:36:22,2304.8,2304.6,2304.8,8,24,12
9:36:22,2304.8,2304.6,2304.8,28,6,5
9:36:23,2304.6,2304.4,2304.6,20,6,24
9:36:23,2304.6,2304.2,2304.6,59,10,58
9:36:24,2304.4,2304.2,2304.4,16,9,39
9:36:24,2304.2,2304.2,2304.4,18,3,37
9:36:25,2304.4,2304.2,2304.4,14,5,23
9:36:25,2304.4,2304,2304.2,18,67,1
9:36:26,2304,2304.2,2304.4,15,4,12
9:36:26,2304.6,2304.2,2304.6,45,12,33
9:36:27,2304.6,2304.2,2304.6,28,16,14
9:36:27,2304.8,2304.2,2304.8,31,27,3
9:36:28,2304.8,2304.8,2305,12,5,23
9:36:28,2304.8,2305,2305.2,36,22,14
9:36:29,2305.2,2305,2305.2,15,22,1
9:36:29,2305.2,2305,2305.4,17,24,11
9:36:30,2305.2,2305,2305.2,10,16,3
9:36:30,2305,2305,2305.2,7,13,1
9:36:31,2305.2,2305,2305.2,3,11,3
9:36:31,2305,2305,2305.4,18,3,32
9:36:32,2305,2304.8,2305,12,6,11
9:36:32,2304.8,2304.8,2305,9,5,14
9:36:33,2304.8,2304.8,2305,6,6,13
9:36:33,2305,2304.8,2305,4,14,12
9:36:34,2304.8,2304.8,2305,1,12,25
9:36:34,2305,2304.8,2305,4,11,24
9:36:35,2304.8,2304.8,2305,14,2,20
9:36:35,2305,2304.8,2305,2,2,21
9:36:36,2304.8,2304.6,2304.8,3,29,4
9:36:36,2304.8,2304.6,2304.8,4,27,3
9:36:37,2304.8,2304.6,2304.8,3,28,3
9:36:37,2305,2304.6,2305,50,8,30
9:36:38,2305,2304.8,2305,4,11,39
9:36:38,2304.6,2304.6,2305,16,4,38
9:36:39,2304.8,2304.8,2305,3,3,38
9:36:39,2305,2304.8,2305,7,8,31
9:36:40,2304.6,2304.4,2304.6,12,20,20
9:36:40,2304.6,2304.4,2304.6,18,27,2
9:36:41,2304.6,2304.4,2304.6,16,22,8
9:36:41,2304.6,2304.4,2304.6,9,18,3
9:36:42,2304.4,2304.2,2304.4,24,124,13
9:36:42,2304.2,2304.2,2304.4,14,118,5
9:36:43,2304.4,2304.6,2304.8,21,3,20
9:36:43,2304.2,2304.4,2304.8,25,3,27
9:36:44,2304.6,2304.4,2304.8,1,21,30
9:36:44,2304.4,2304.4,2304.6,10,26,6
9:36:45,2304.2,2304.2,2304.6,32,145,9
9:36:45,2304.6,2304.4,2304.6,19,4,10
9:36:46,2304.4,2304.4,2304.6,17,2,26
9:36:46,2304.2,2304.4,2304.6,7,4,24
9:36:47,2304.4,2304.2,2304.4,6,129,14
9:36:47,2304.4,2304.2,2304.4,43,102,98
9:36:48,2304.4,2304.2,2304.4,8,100,109
9:36:48,2304.2,2304,2304.2,112,51,86
9:36:49,2303.8,2303.8,2304,97,6,25
9:36:49,2304,2303.8,2304,29,5,27
9:36:50,2303.8,2303.8,2304,13,1,22
9:36:50,2304,2304,2304.2,54,3,54
9:36:51,2304,2304,2304.2,18,10,45
9:36:51,2303.8,2303.8,2304,49,4,3
9:36:52,2304,2304,2304.2,24,15,14
9:36:52,2304,2304,2304.2,24,6,6
9:36:53,2303.8,2303.8,2304,22,30,14
9:36:53,2304,2303.8,2304,5,38,15
9:36:54,2303.8,2303.8,2304,25,31,14
9:36:54,2304.2,2304,2304.2,23,8,6
9:36:55,2304,2304,2304.2,8,14,4
9:36:55,2304,2304,2304.2,18,29,4
9:36:56,2304,2304,2304.2,13,37,3
9:36:56,2304.2,2304.2,2304.4,18,11,110
9:36:57,2304.2,2304.2,2304.4,20,9,116
9:36:57,2304.2,2304.2,2304.4,7,3,116
9:36:58,2304,2304,2304.4,40,43,114
9:36:58,2304.2,2304,2304.2,5,53,6
9:36:59,2304.2,2304.2,2304.4,13,26,113
9:36:59,2304.2,2304.2,2304.4,7,29,111
9:37:00,2304.4,2304.2,2304.4,18,29,103
9:37:00,2304.4,2304.2,2304.4,49,8,87
9:37:01,2304.2,2304.2,2304.4,73,7,42
9:37:01,2304.2,2304,2304.4,72,37,27
9:37:02,2304.4,2304.2,2304.4,97,9,2
9:37:02,2304.4,2304.4,2304.6,44,6,11
9:37:03,2304.4,2304.4,2304.6,8,30,11
9:37:03,2304.8,2304.6,2304.8,20,4,21
9:37:04,2304.8,2304.4,2304.6,22,27,1
9:37:04,2304.6,2304.4,2304.6,18,22,1
9:37:05,2304.6,2304.4,2304.6,16,21,26
9:37:05,2304.4,2304.4,2304.6,17,9,51
9:37:06,2304.4,2304.2,2304.4,15,9,79
9:37:06,2304.2,2304,2304.2,22,2,20
9:37:07,2304,2303.8,2304,12,62,28
9:37:07,2303.8,2303.8,2304,47,47,83
9:37:08,2303.8,2303.8,2304,38,9,86
9:37:08,2303.8,2303.6,2303.8,19,64,94
9:37:09,2303.8,2303.6,2303.8,13,63,84
9:37:09,2303.6,2303.4,2303.6,63,28,12
9:37:10,2303.6,2303.4,2303.6,55,11,7
9:37:10,2303.6,2303.4,2303.6,26,3,6
9:37:11,2303.6,2303.2,2303.4,37,70,1
9:37:11,2303.4,2303.2,2303.4,78,36,3
9:37:12,2303.2,2303.2,2303.6,20,22,17
9:37:12,2303.2,2302.6,2303,162,17,1
9:37:13,2302.2,2302.2,2302.4,91,12,1
9:37:13,2302,2302.4,2302.6,216,7,3
9:37:14,2301.6,2301.6,2302.4,147,43,1
9:37:14,2301.8,2301.8,2302.2,56,34,14
9:37:15,2302.2,2302.2,2302.4,77,35,28
9:37:15,2302.4,2302.4,2302.6,54,40,16
9:37:16,2302.6,2302.8,2303.2,64,1,81
9:37:16,2303,2303,2303.2,20,23,78
9:37:17,2303,2302.6,2303,57,43,70
9:37:17,2302.8,2302.6,2302.8,23,44,8
9:37:18,2303,2302.8,2303,64,1,34
9:37:18,2302.8,2302.8,2303,20,1,25
9:37:19,2303,2302.8,2303,11,17,36
9:37:19,2303,2302.8,2303,28,5,30
9:37:20,2302.8,2302.8,2303,44,4,1
9:37:20,2303,2303,2303.2,10,55,64
9:37:21,2303.2,2303,2303.2,12,52,59
9:37:21,2303.2,2303,2303.2,11,44,57
9:37:22,2303.2,2303,2303.2,45,44,14
9:37:22,2303,2303.2,2303.4,38,9,15
9:37:23,2303.4,2303.2,2303.4,7,17,18
9:37:23,2303.2,2303.2,2303.4,4,15,18
9:37:24,2303.4,2303.2,2303.4,9,13,15
9:37:24,2303.4,2303.4,2303.6,16,5,6
9:37:25,2303.6,2303.6,2303.8,41,1,20
9:37:25,2303.6,2303.6,2303.8,52,5,11
9:37:26,2303.6,2303.4,2303.6,13,4,2
9:37:26,2303.6,2303.6,2303.8,7,7,18
9:37:27,2303.8,2303.6,2303.8,20,6,16
9:37:27,2303.6,2303.4,2303.6,8,7,3
9:37:28,2303.6,2303.4,2303.6,3,6,2
9:37:28,2303.4,2303.4,2303.6,15,2,6
9:37:29,2303.6,2303.4,2303.6,14,24,7
9:37:29,2303.4,2303.4,2303.8,15,20,29
9:37:30,2303.6,2303.4,2303.6,11,19,1
9:37:30,2303.6,2303.4,2303.6,25,17,5
9:37:31,2303.6,2303.6,2304,24,19,16
9:37:31,2303.8,2303.6,2303.8,3,20,1
9:37:32,2303.6,2303.6,2304,8,15,16
9:37:32,2303.6,2303.8,2304,13,8,14
9:37:33,2304,2304,2304.2,21,7,4
9:37:33,2304.2,2304,2304.4,8,60,11
9:37:34,2304.4,2304.2,2304.4,10,19,7
9:37:34,2304.2,2304.2,2304.4,25,12,15
9:37:35,2304.4,2304.2,2304.4,9,9,9
9:37:35,2304.4,2304.2,2304.4,20,13,10
9:37:36,2304.4,2304.2,2304.4,18,4,16
9:37:36,2304.4,2304,2304.2,7,60,1
9:37:37,2304.4,2304.2,2304.4,16,18,8
9:37:37,2304.4,2304.4,2304.6,32,29,12
9:37:38,2304.4,2304.4,2304.8,39,27,3
9:37:38,2304.6,2304.4,2304.8,11,23,2
9:37:39,2304.8,2304.8,2305,14,5,21
9:37:39,2304.8,2304.8,2305,15,27,17
9:37:40,2305,2304.8,2305,9,28,10
9:37:40,2304.8,2304.8,2305,6,27,8
9:37:41,2305,2304.8,2305,10,27,11
9:37:41,2305,2304.8,2305,10,25,15
9:37:42,2305,2305,2305.2,26,1,17
9:37:42,2305.2,2305,2305.2,26,3,15
9:37:43,2304.8,2304.8,2305.2,11,10,18
9:37:43,2305,2304.8,2305.2,16,9,16
9:37:44,2305.2,2305,2305.4,22,4,16
9:37:44,2305,2304.8,2305,31,8,7
9:37:45,2304.8,2304.8,2305,62,1,1
9:37:45,2305.2,2305,2305.2,4,58,19
9:37:46,2305,2305,2305.2,5,53,19
9:37:46,2305.2,2305.2,2305.4,35,5,101
9:37:47,2305.2,2304.8,2305.2,62,7,11
9:37:47,2305.2,2305,2305.2,19,1,16
9:37:48,2305,2304.8,2305,12,12,43
9:37:48,2305,2304.8,2305,2,12,47
9:37:49,2304.8,2304.8,2305,20,6,44
9:37:49,2304.8,2304.8,2305,42,24,12
9:37:50,2304.8,2304.8,2305,6,23,18
9:37:50,2305,2304.8,2305,9,21,11
9:37:51,2305,2304.8,2305.2,16,30,21
9:37:51,2304.8,2305,2305.2,4,1,21
9:37:52,2305.2,2304.8,2305,3,29,10
9:37:52,2305,2305,2305.2,14,1,22
9:37:53,2304.8,2304.8,2305.2,5,30,20
9:37:53,2304.8,2305,2305.2,35,1,26
9:37:54,2305,2304.6,2305,5,15,13
9:37:54,2305,2304.6,2305,9,15,6
9:37:55,2305,2304.8,2305,2,1,13
9:37:55,2304.8,2304.6,2304.8,14,15,11
9:37:56,2304.8,2304.6,2304.8,4,14,8
9:37:56,2304.6,2304.6,2305,15,11,51
9:37:57,2304.6,2304.6,2305,4,9,51
9:37:57,2304.6,2304.6,2304.8,3,12,3
9:37:58,2304.6,2304.4,2304.6,13,25,1
9:37:59,2304.4,2304.4,2304.6,1,25,7
9:38:00,2304.6,2304.4,2304.6,6,23,7
9:38:00,2304.2,2304.2,2304.4,33,117,3
9:38:01,2304.2,2304.4,2304.8,15,2,39
9:38:01,2304.8,2304.4,2304.8,10,14,38
9:38:02,2304.4,2304.4,2304.6,46,15,3
9:38:02,2304.6,2304.6,2304.8,9,3,11
9:38:03,2304.8,2304.8,2305,14,16,62
9:38:03,2304.8,2304.8,2305,36,4,41
9:38:04,2305,2304.8,2305,25,4,20
9:38:04,2304.8,2304.6,2304.8,6,29,1
9:38:05,2304.8,2304.8,2305,72,14,1
9:38:05,2305,2305,2305.2,9,14,47
9:38:06,2305.2,2305,2305.2,1,15,46
9:38:06,2305,2305,2305.2,17,1,46
9:38:07,2305.2,2305,2305.2,22,2,40
9:38:07,2305.2,2304.8,2305.2,12,36,36
9:38:08,2305,2304.8,2305,6,37,2
9:38:08,2304.8,2304.8,2305,27,32,8
9:38:09,2304.6,2304.6,2304.8,46,33,12
9:38:09,2304.8,2304.6,2304.8,4,113,11
9:38:10,2305,2304.6,2305,15,114,11
9:38:10,2304.8,2304.8,2305,2,22,14
9:38:11,2304.8,2304.8,2305,15,25,5
9:38:11,2305,2304.8,2305,10,69,7
9:38:12,2304.8,2304.8,2305,38,35,12
9:38:12,2304.8,2304.8,2305,55,2,38
9:38:13,2305,2304.6,2304.8,15,130,23
9:38:13,2304.6,2304.6,2304.8,35,100,25
9:38:14,2304.8,2304.6,2304.8,6,96,45
9:38:14,2304.6,2304.6,2304.8,89,10,45
9:38:15,2304.6,2304.4,2304.6,42,43,141
9:38:15,2304.6,2304.2,2304.4,46,11,7
9:38:16,2304.2,2304,2304.2,15,67,20
9:38:16,2304.2,2304,2304.2,8,64,35
9:38:17,2304,2304,2304.6,190,5,29
9:38:17,2304.4,2304.2,2304.4,10,26,5
9:38:18,2304.4,2304.4,2304.6,12,6,29
9:38:18,2304.4,2304.2,2304.6,8,67,28
9:38:19,2304.6,2304.4,2304.6,7,6,23
9:38:19,2304.4,2304.6,2304.8,28,1,22
9:38:20,2304.6,2304.4,2304.6,4,78,22
9:38:20,2304.6,2304.4,2304.6,5,84,23
9:38:21,2304.4,2304.4,2304.6,7,79,18
9:38:21,2304.4,2304.4,2304.6,5,75,17
9:38:22,2304.6,2304.6,2304.8,23,3,22
9:38:22,2304.4,2304.4,2304.8,8,74,21
9:38:23,2304.6,2304.4,2304.6,15,66,3
9:38:23,2304.6,2304.4,2304.6,3,67,5
9:38:24,2304.4,2304.4,2304.6,1,68,14
9:38:24,2304.6,2304.6,2304.8,17,7,20
9:38:25,2304.6,2304.6,2304.8,1,36,21
9:38:25,2304.6,2304.6,2304.8,11,50,19
9:38:26,2304.8,2304.6,2304.8,8,53,15
9:38:26,2304.6,2304.6,2304.8,13,52,19
9:38:27,2304.8,2304.8,2305,22,30,46
9:38:27,2304.8,2304.8,2305,2,28,47
9:38:28,2304.8,2304.8,2305,2,26,52
9:38:28,2304.8,2304.8,2305,2,26,59
9:38:29,2304.8,2304.8,2305,4,22,59
9:38:29,2304.8,2304.8,2305,24,17,41
9:38:30,2304.8,2304.8,2305,9,14,39
9:38:30,2305,2304.6,2305,32,44,35
9:38:31,2304.8,2304.6,2304.8,4,43,2
9:38:31,2304.6,2304.6,2304.8,2,42,3
9:38:32,2304.8,2304.6,2304.8,1,42,3
9:38:32,2304.6,2304.6,2304.8,5,36,3
9:38:33,2304.8,2304.6,2304.8,2,35,3
