9:14:00,2247.6,2247.2,2247.8,309,2,3
9:15:00,2246.6,2246.4,2247,172,3,10
9:15:01,2246.6,2246.2,2246.6,187,14,2
9:15:01,2246.4,2245,2246,109,80,2
9:15:02,2245.4,2245.4,2245.8,81,13,12
9:15:02,2245.2,2245.2,2246.2,48,19,3
9:15:03,2245.4,2245.2,2245.4,54,8,1
9:15:03,2245.4,2245.4,2246.2,93,5,6
9:15:04,2245.4,2245.2,2245.4,73,6,6
9:15:04,2245.8,2245.4,2246,45,14,11
9:15:05,2245.6,2245.2,2245.6,74,10,9
9:15:05,2245.2,2245,2245.2,47,51,8
9:15:06,2244.8,2244.6,2244.8,94,5,1
9:15:06,2244.8,2244.8,2245,96,7,37
9:15:07,2244.6,2244.2,2244.8,107,9,9
9:15:07,2244.8,2244.4,2244.8,66,36,5
9:15:08,2245.2,2245.2,2245.4,59,3,26
9:15:08,2245.4,2245.4,2246,75,37,1
9:15:09,2246,2246,2246.4,53,2,3
9:15:09,2246.4,2246.4,2246.6,38,34,6
9:15:10,2246.2,2246.2,2246.8,126,50,12
9:15:10,2246.4,2246.6,2246.8,20,5,7
9:15:11,2246.6,2246.4,2246.6,39,18,11
9:15:11,2246.8,2246.8,2247,41,1,49
9:15:12,2246.8,2246.6,2247,21,2,64
9:15:12,2246.4,2246.4,2246.6,67,6,2
9:15:13,2247,2247,2247.2,39,9,69
9:15:13,2247.2,2246.8,2247.4,91,2,3
9:15:14,2247.4,2247.4,2247.6,39,9,4
9:15:14,2247.6,2247.6,2247.8,40,21,17
9:15:15,2248,2247.8,2248,38,15,25
9:15:15,2248,2247.8,2248,60,27,16
9:15:16,2248.2,2248,2248.2,43,16,5
9:15:16,2248,2248,2248.2,40,9,19
9:15:17,2247.8,2247.8,2248,63,7,6
9:15:17,2248.2,2248.2,2248.4,50,7,2
9:15:18,2247.6,2247.4,2247.6,35,18,6
9:15:18,2247.6,2247.4,2247.6,22,15,34
9:15:19,2247.6,2247.4,2247.6,16,9,105
9:15:19,2247.4,2247.2,2247.4,43,6,97
9:15:20,2247.2,2247,2247.2,26,32,35
9:15:20,2246.8,2246.6,2246.8,40,24,4
9:15:21,2246.8,2246.6,2247.2,64,16,28
9:15:21,2246.8,2246.8,2247.6,104,3,186
9:15:22,2247.4,2247,2247.4,35,5,19
9:15:22,2246.8,2246.6,2246.8,36,9,10
9:15:23,2246.4,2246.2,2246.4,35,8,18
9:15:23,2246.4,2246.4,2246.6,38,60,1
9:15:24,2246.2,2246,2246.2,71,18,2
9:15:24,2246.2,2246,2246.2,8,17,5
9:15:25,2246.2,2246.2,2246.4,36,16,9
9:15:25,2246,2246,2246.2,33,21,13
9:15:26,2246,2246,2246.2,20,13,53
9:15:26,2246,2245.8,2246,17,13,91
9:15:27,2246,2245.6,2245.8,24,6,2
9:15:27,2245.6,2245.4,2245.6,16,12,21
9:15:28,2245.6,2245.4,2245.6,16,4,15
9:15:28,2245.4,2245.4,2245.6,46,7,23
9:15:29,2245.4,2245.2,2245.4,18,17,10
9:15:29,2245.4,2245.2,2245.4,12,19,10
9:15:30,2245.4,2245,2245.2,29,110,2
9:15:30,2245.2,2245,2245.2,41,99,20
9:15:31,2245,2245,2245.2,35,75,20
9:15:31,2245,2244.8,2245,87,42,30
9:15:32,2245,2244.8,2245,34,25,30
9:15:32,2244.4,2244.4,2244.8,46,3,28
9:15:33,2244.8,2244.4,2244.8,18,10,41
9:15:33,2244.4,2244,2244.4,56,10,8
9:15:34,2244,2243.8,2244,22,17,4
9:15:34,2243.8,2243.4,2243.8,93,2,5
9:15:35,2243,2243,2243.2,152,9,4
9:15:35,2243.2,2243.2,2243.4,59,26,6
9:15:36,2243.2,2243.6,2243.8,65,15,23
9:15:36,2243.6,2243.8,2244,43,3,2
9:15:37,2244.4,2243.8,2244.4,23,26,34
9:15:37,2244.2,2244,2244.2,19,21,2
9:15:38,2244.4,2244.2,2244.4,20,42,28
9:15:38,2244.4,2244.2,2244.4,54,5,13
9:15:39,2244.4,2244.4,2245,15,5,35
9:15:39,2244.4,2244.4,2244.8,14,16,4
9:15:40,2244.8,2244.8,2245,11,16,32
9:15:40,2244.8,2244.8,2245,6,37,31
9:15:41,2245,2244.8,2245,22,24,22
9:15:41,2245.2,2245,2245.2,80,54,1
9:15:42,2245.2,2245,2245.4,2,56,2
9:15:42,2245.4,2245.4,2245.8,8,3,5
9:15:43,2245.4,2245.4,2245.8,11,5,11
9:15:43,2245.4,2245.4,2245.6,11,1,2
9:15:44,2245.4,2245.4,2245.6,17,6,13
9:15:44,2245.4,2245.4,2245.6,2,4,21
9:15:45,2245.4,2245.4,2245.6,6,31,21
9:15:45,2245.4,2245.4,2246,45,20,91
9:15:46,2245.6,2245.6,2245.8,35,49,2
9:15:46,2245.8,2245.8,2246,4,1,85
9:15:47,2245.8,2245.8,2246,75,8,43
9:15:47,2245.8,2245.6,2245.8,65,18,7
9:15:48,2245.6,2245.6,2245.8,16,26,7
9:15:48,2245.8,2245.8,2246.2,31,17,24
9:15:49,2246.2,2245.8,2246.2,23,8,25
9:15:49,2246,2246,2246.2,23,6,22
9:15:50,2246.2,2246,2246.2,7,7,22
9:15:50,2246,2245.8,2246,13,41,1
9:15:51,2246,2245.8,2246,10,44,1
9:15:51,2246,2246,2246.2,7,26,10
9:15:52,2246.2,2246.2,2246.4,16,6,5
9:15:52,2246.4,2246.4,2246.6,8,3,5
9:15:53,2246.2,2246.2,2246.4,6,9,19
9:15:53,2246.4,2246.2,2246.4,10,5,21
9:15:54,2246,2246,2246.4,22,26,13
9:15:54,2246.4,2246.2,2246.4,23,16,8
9:15:55,2246.4,2246.4,2246.6,10,1,6
9:15:55,2246.4,2246,2246.4,4,6,43
9:15:56,2246.2,2246,2246.2,17,4,3
9:15:56,2245.8,2245.8,2246.4,47,26,18
9:15:57,2245.6,2245.6,2245.8,38,21,20
9:15:57,2245.8,2245.6,2245.8,12,26,8
9:15:58,2245.6,2245.6,2245.8,6,20,7
9:15:58,2245.8,2245.8,2246,11,70,3
9:15:59,2245.8,2245.8,2246,9,62,2
9:15:59,2246,2246,2246.2,14,44,8
9:16:00,2246,2246,2246.2,14,40,13
9:16:00,2246,2246,2246.4,26,65,27
9:16:01,2246,2246,2246.2,44,42,10
9:16:01,2246.4,2246.2,2246.4,36,4,9
9:16:02,2246,2246.2,2246.4,32,3,5
9:16:02,2246.4,2246.2,2246.4,24,6,4
9:16:03,2246,2246,2246.4,21,3,2
9:16:03,2246,2246,2246.4,17,6,7
9:16:04,2246.4,2246.2,2246.4,8,1,11
9:16:04,2246.4,2246.2,2246.4,12,8,5
9:16:05,2246.2,2246,2246.2,13,18,3
9:16:05,2246.4,2246.4,2246.6,9,3,14
9:16:06,2246.2,2246.2,2246.4,9,3,2
9:16:06,2246.2,2246,2246.2,19,83,13
9:16:07,2246.4,2246.2,2246.4,18,1,2
9:16:07,2246.4,2246.4,2246.6,19,23,16
9:16:08,2246.4,2246.4,2246.6,17,30,8
9:16:08,2247,2246.8,2247,20,5,29
9:16:09,2247,2246.6,2246.8,20,28,2
9:16:09,2247,2247,2247.2,24,32,8
9:16:10,2246.8,2246.8,2247,46,1,2
9:16:10,2247,2246.6,2246.8,11,28,4
9:16:11,2246.6,2246.4,2246.6,39,15,5
9:16:11,2247,2246.6,2247,8,1,7
9:16:12,2247,2246.4,2246.8,4,15,2
9:16:12,2246.4,2246.4,2246.8,7,12,4
9:16:13,2246.8,2246.4,2246.8,4,15,6
9:16:13,2246.8,2246.4,2246.8,3,15,4
9:16:14,2247,2246.4,2247,17,14,14
9:16:14,2246.8,2246.4,2246.6,21,14,7
9:16:15,2246.8,2246.6,2246.8,17,1,5
9:16:15,2246.8,2246.6,2246.8,8,2,3
9:16:16,2246.6,2246.4,2246.6,11,12,3
9:16:16,2247,2246.8,2247,5,1,17
9:16:17,2246.6,2246.4,2246.6,17,11,1
9:16:17,2246.4,2246.6,2247,10,1,11
9:16:18,2246.4,2246.4,2247,2,15,11
9:16:18,2246.4,2246.4,2246.8,9,10,1
9:16:19,2247,2247,2247.2,17,36,8
9:16:19,2247,2247,2247.2,17,43,8
9:16:20,2247,2247,2247.2,24,41,5
9:16:20,2247,2247,2247.2,1,40,5
9:16:21,2247,2247,2247.4,21,25,53
9:16:21,2247.2,2247,2247.2,9,25,39
9:16:22,2247,2247,2247.2,16,11,43
9:16:22,2247,2247,2247.2,23,1,26
9:16:23,2247,2246.8,2247,4,10,1
9:16:23,2246.8,2246.6,2246.8,17,15,7
9:16:24,2247,2247,2247.2,54,2,26
9:16:24,2246.6,2246.6,2247,8,9,9
9:16:25,2246.6,2246.6,2246.8,2,8,10
9:16:25,2246.6,2246.4,2246.6,11,10,45
9:16:26,2246.2,2246.2,2246.4,29,10,8
9:16:26,2246.2,2246,2246.2,13,32,20
9:16:27,2246.2,2246,2246.2,12,31,10
9:16:27,2246,2246,2246.4,22,25,10
9:16:28,2246,2246,2246.4,19,8,9
9:16:28,2246.2,2246,2246.2,13,9,3
9:16:29,2246,2246,2246.2,3,7,2
9:16:29,2246,2246,2246.4,8,3,11
9:16:30,2246.2,2245.8,2246.2,5,14,1
9:16:30,2245.8,2245.8,2246,5,10,3
9:16:31,2246,2246,2246.4,13,46,11
9:16:31,2245.6,2245.8,2246.4,107,18,11
9:16:32,2245.8,2246,2246.4,1,3,11
9:16:32,2246,2245.4,2246,22,10,17
9:16:33,2245.8,2245.6,2246,3,1,18
9:16:33,2245.6,2245.6,2246,15,1,11
9:16:34,2245.6,2245.6,2246,5,1,15
9:16:34,2246,2245.4,2245.6,16,9,1
9:16:35,2245.2,2245,2245.2,21,94,1
9:16:35,2245.2,2245,2245.2,14,93,8
9:16:36,2245.2,2245.2,2245.6,15,29,6
9:16:36,2245.2,2245.4,2245.6,1,7,6
9:16:37,2245.8,2245.4,2245.8,27,7,7
9:16:37,2245.6,2245.6,2245.8,1,1,7
9:16:38,2245.4,2245.6,2245.8,6,20,7
9:16:38,2245.6,2245.6,2245.8,6,20,7
9:16:39,2245.8,2245.8,2246,9,4,8
9:16:39,2245.8,2245.8,2246,1,6,8
9:16:40,2246,2245.8,2246,1,11,13
9:16:40,2246,2245.8,2246,2,10,18
9:16:41,2246,2245.8,2246,1,10,19
9:16:41,2245.6,2245.6,2246,28,15,20
9:16:42,2246,2245.8,2246,12,4,8
9:16:42,2245.8,2245.8,2246,6,1,10
9:16:43,2245.8,2245.6,2245.8,35,15,8
9:16:43,2245.6,2245.6,2245.8,2,14,9
9:16:44,2245.6,2245.6,2245.8,12,18,6
9:16:44,2245.8,2245.6,2245.8,3,18,3
9:16:45,2245.8,2245.6,2245.8,2,31,4
9:16:45,2245.8,2245.6,2246,16,30,23
9:16:46,2246,2245.8,2246,9,3,26
9:16:46,2246,2245.8,2246,1,4,25
9:16:47,2245.8,2245.6,2245.8,7,28,9
9:16:47,2245.6,2245.6,2245.8,6,23,24
9:16:48,2245.6,2245.8,2246,36,1,2
9:16:48,2245.6,2245.6,2245.8,3,9,2
9:16:49,2245.8,2245.6,2245.8,18,7,8
9:16:49,2245.8,2245.6,2245.8,12,1,9
9:16:50,2245.8,2245.6,2245.8,1,1,9
9:16:50,2246,2245.4,2246,12,10,4
9:16:51,2245.8,2245.6,2245.8,2,3,1
9:16:52,2245.8,2245.8,2246,1,2,7
9:16:52,2246,2245.8,2246,4,1,7
9:16:53,2246,2245.8,2246,2,2,7
9:16:53,2246,2245.8,2246.2,10,3,5
9:16:54,2245.8,2246,2246.2,1,2,5
9:16:54,2246,2245.8,2246,4,8,3
9:16:55,2245.8,2245.6,2245.8,11,19,6
9:16:55,2245.8,2245.6,2245.8,1,19,5
9:16:56,2245.8,2245.6,2245.8,2,27,3
9:16:56,2245.6,2245.8,2246,10,2,4
9:16:57,2246,2245.8,2246,2,2,2
9:16:57,2245.8,2245.8,2246,1,30,9
9:16:58,2245.8,2245.8,2246,6,24,10
9:16:58,2246,2245.8,2246,2,23,9
9:16:59,2246,2245.8,2246,1,24,20
9:17:00,2246,2245.8,2246,4,23,22
9:17:00,2245.8,2245.8,2246,9,18,18
9:17:01,2245.8,2245.6,2245.8,23,38,22
9:17:01,2245.6,2245.6,2245.8,16,24,21
9:17:02,2245.8,2245.6,2245.8,35,1,10
9:17:02,2245.4,2245.4,2245.6,7,10,3
9:17:03,2245.8,2245.6,2245.8,9,14,7
9:17:03,2245.6,2245.6,2245.8,4,12,5
9:17:04,2245.6,2245.6,2245.8,2,21,5
9:17:04,2245.6,2245.6,2245.8,12,16,3
9:17:05,2245.8,2245.8,2246,5,2,31
9:17:05,2245.6,2245.6,2245.8,4,23,1
9:17:06,2245.8,2245.6,2246,1,23,38
9:17:06,2245.6,2245.6,2245.8,6,17,1
9:17:07,2245.6,2245.6,2246,33,4,19
9:17:07,2245.6,2245.6,2245.8,5,1,4
9:17:08,2245.4,2245.6,2246,13,1,18
9:17:08,2245.4,2245.4,2245.8,6,2,4
9:17:09,2245.6,2245.4,2245.8,10,1,11
9:17:09,2245.6,2245.4,2245.6,79,1,6
9:17:10,2245.2,2245.2,2245.4,4,13,13
9:17:10,2245.4,2245.2,2245.4,17,13,8
9:17:11,2245.2,2245.2,2245.4,4,12,7
9:17:11,2245.2,2245.2,2245.6,14,17,6
9:17:12,2245.2,2245.2,2245.4,5,14,2
9:17:12,2245.4,2245.4,2245.6,4,7,2
9:17:13,2245.4,2245.2,2245.6,12,10,2
9:17:13,2245.6,2245.6,2245.8,3,3,5
9:17:14,2245.6,2245.6,2245.8,1,2,5
9:17:14,2245.6,2245.4,2245.8,2,3,7
9:17:15,2245.6,2245.4,2245.6,1,5,1
9:17:16,2245.4,2245.4,2245.6,2,6,34
9:17:16,2245.6,2245.4,2245.6,3,5,31
9:17:17,2245.4,2245.2,2245.4,7,6,4
9:17:18,2245.4,2245.2,2245.6,12,3,33
9:17:18,2245.4,2245.2,2245.4,1,3,6
9:17:19,2245.4,2245.2,2245.4,1,12,8
9:17:19,2245.2,2245.2,2245.4,5,9,7
9:17:20,2245.4,2245,2245.4,13,109,5
9:17:20,2245.6,2245,2245.2,40,109,1
9:17:21,2245.4,2245.2,2245.4,6,1,2
9:17:21,2245.4,2245.2,2245.6,19,4,6
9:17:22,2245.4,2245.2,2245.4,3,12,9
9:17:22,2245.2,2245,2245.2,40,94,2
9:17:23,2245,2245,2245.4,6,90,7
9:17:23,2245,2245,2245.2,21,76,1
9:17:24,2245,2245,2245.2,16,73,8
9:17:24,2245,2245,2245.2,8,69,19
9:17:25,2245,2245,2245.2,5,64,19
9:17:25,2245.2,2245,2245.2,28,37,19
9:17:26,2245,2245,2245.2,19,18,18
9:17:26,2245,2245,2245.2,18,1,15
9:17:27,2245,2244.6,2245,13,21,3
9:17:27,2245,2244.8,2245,3,1,1
9:17:28,2244.8,2244.8,2245,9,8,3
9:17:28,2244.4,2244.4,2244.8,68,37,1
9:17:29,2245,2245,2245.2,16,11,14
9:17:29,2245,2245,2245.2,22,43,10
9:17:30,2245.2,2245,2245.4,32,21,9
9:17:30,2245.4,2245,2245.4,13,10,7
9:17:31,2245.2,2245.2,2245.4,2,8,7
9:17:31,2245.2,2245.2,2245.4,10,5,2
9:17:32,2245.2,2245.2,2245.4,3,3,2
9:17:32,2245.2,2245.2,2245.4,3,5,2
9:17:33,2245.2,2245.2,2245.4,6,2,1
9:17:33,2245.2,2245.2,2245.4,1,2,3
9:17:34,2245.2,2245.2,2245.4,3,9,4
9:17:34,2245.4,2245.2,2245.4,6,5,3
9:17:35,2245.4,2245.2,2245.4,2,5,2
9:17:35,2245.4,2245.2,2245.4,1,5,2
9:17:36,2245,2245,2245.4,12,7,1
9:17:36,2245.2,2245,2245.4,1,9,1
9:17:37,2245.4,2245,2245.6,1,12,7
9:17:37,2245.2,2245,2245.4,1,13,1
9:17:38,2245.4,2245.4,2245.6,1,2,8
9:17:38,2245.4,2245.4,2245.6,1,1,8
9:17:39,2245.6,2245.4,2245.6,2,1,6
9:17:39,2245.4,2245.4,2246,34,1,44
9:17:40,2245.8,2245.4,2246,4,16,44
9:17:41,2245.4,2245.6,2245.8,6,1,4
9:17:41,2245.6,2245.6,2245.8,2,1,3
9:17:42,2245.8,2245.6,2245.8,5,2,7
9:17:42,2245.8,2245.8,2246,10,2,44
9:17:43,2245.8,2245.6,2245.8,2,12,1
9:17:43,2245.8,2245.6,2245.8,3,13,1
9:17:44,2245.8,2245.6,2245.8,3,32,3
9:17:44,2245.8,2245.6,2245.8,1,32,2
9:17:45,2245.8,2245.8,2246,2,4,44
9:17:46,2246,2245.8,2246,1,14,70
9:17:46,2245.8,2245.8,2246,1,15,70
9:17:47,2246,2245.8,2246,23,19,48
9:17:47,2245.8,2245.8,2246,5,15,47
9:17:48,2246,2245.8,2246,12,15,41
9:17:48,2246,2245.8,2246,10,15,33
9:17:49,2246,2245.8,2246,12,15,23
9:17:49,2246,2245.8,2246,3,15,22
9:17:50,2246,2245.8,2246,1,14,22
9:17:50,2246,2245.8,2246,1,14,19
9:17:51,2246,2245.8,2246,5,11,16
9:17:51,2246,2245.8,2246,12,11,4
9:17:52,2245.8,2245.8,2246.2,5,10,9
9:17:52,2246.2,2246,2246.2,4,3,6
9:17:53,2246.2,2246,2246.2,1,3,5
9:17:54,2245.8,2245.8,2246.2,8,8,4
9:17:54,2246.2,2245.8,2246.2,6,10,2
9:17:55,2246.2,2245.8,2246.2,5,7,1
9:17:55,2246.2,2245.8,2246.2,2,7,1
9:17:56,2246,2245.8,2246.2,1,8,9
9:17:56,2246.2,2246,2246.2,1,3,9
9:17:57,2246.2,2245.8,2246,16,1,1
9:17:57,2246,2245.8,2246.2,1,1,5
9:17:58,2246.2,2246,2246.2,7,5,2
9:17:59,2246.2,2246,2246.2,1,10,2
9:17:59,2246.2,2246,2246.2,1,10,1
9:18:00,2246,2246,2246.4,3,8,11
9:18:00,2246.4,2246,2246.4,13,4,3
9:18:01,2246.4,2246,2246.4,4,4,1
9:18:01,2246.4,2246.2,2246.4,15,3,6
9:18:02,2246.6,2246.4,2246.6,11,4,46
9:18:02,2246.4,2246.2,2246.4,5,5,1
9:18:03,2246.2,2245.8,2246.2,11,17,13
9:18:03,2246.6,2246.4,2246.6,25,1,36
9:18:04,2246.6,2246.2,2246.4,12,7,3
9:18:04,2246.4,2246.2,2246.4,10,1,23
9:18:05,2246.4,2246.2,2246.4,1,1,23
9:18:05,2246,2246,2246.4,3,4,22
9:18:06,2246.4,2246,2246.4,6,4,17
9:18:06,2246.4,2246,2246.2,1,13,1
9:18:07,2246,2246,2246.2,1,12,1
9:18:07,2246.4,2246.2,2246.4,3,1,18
9:18:08,2246.2,2246.2,2246.4,9,2,9
9:18:09,2246.2,2246.2,2246.4,3,11,5
9:18:09,2246.4,2246.2,2246.4,1,16,4
9:18:10,2246.4,2246.4,2246.6,5,12,35
9:18:10,2246.4,2246.4,2246.6,2,12,35
9:18:11,2246.4,2246.4,2246.6,3,9,36
9:18:11,2246.4,2246.4,2246.6,4,8,33
9:18:12,2246.4,2246.4,2246.6,1,7,33
9:18:12,2246.4,2246.4,2246.6,2,5,33
9:18:13,2246.4,2246.4,2246.6,3,5,31
9:18:13,2246.6,2246.4,2246.6,4,5,46
9:18:14,2246.6,2246.4,2246.6,2,6,48
9:18:14,2246.4,2246.4,2246.6,2,5,47
9:18:15,2246.4,2246.2,2246.6,5,20,47
9:18:16,2246.6,2246.4,2246.6,1,1,47
9:18:16,2246.4,2246.4,2246.6,2,1,48
9:18:17,2246.6,2246.4,2246.6,1,1,47
9:18:17,2246.6,2246.4,2246.6,1,1,46
9:18:18,2246.2,2246.2,2246.6,9,18,40
9:18:18,2246.6,2246.2,2246.4,2,18,6
9:18:19,2246.4,2246.4,2246.6,8,3,41
9:18:19,2246.4,2246.2,2246.6,4,15,41
9:18:20,2246.2,2246.4,2246.6,1,1,41
9:18:21,2246.4,2246.4,2246.6,1,2,41
9:18:22,2246.4,2246.2,2246.4,4,15,16
9:18:22,2246.4,2246.2,2246.4,5,15,61
9:18:23,2246.2,2246.2,2246.4,11,8,57
9:18:23,2246.2,2246,2246.2,31,24,9
9:18:24,2246.2,2246,2246.4,12,24,56
9:18:24,2246.4,2246,2246.4,25,15,46
9:18:25,2246,2246,2246.4,10,13,38
9:18:25,2246,2246,2246.2,5,10,1
9:18:26,2246,2245.8,2246.2,22,16,5
9:18:26,2246.2,2245.8,2246,4,17,1
9:18:27,2245.8,2245.8,2246.2,5,15,3
9:18:28,2245.8,2245.8,2246,1,14,1
9:18:29,2245.8,2245.8,2246,6,8,1
9:18:30,2246,2245.8,2246,5,8,6
9:18:30,2245.8,2245.8,2246,1,7,6
9:18:31,2245.8,2245.8,2246,1,6,6
9:18:31,2245.8,2245.8,2246,2,4,6
9:18:32,2245.8,2245.6,2246,4,16,7
9:18:32,2245.6,2245.6,2245.8,1,15,1
9:18:33,2245.6,2245.6,2245.8,1,14,1
9:18:33,2245.8,2245.6,2246,1,14,10
9:18:34,2245.6,2245.6,2245.8,1,13,2
9:18:34,2245.6,2245.6,2245.8,3,11,1
9:18:35,2245.6,2245.6,2245.8,1,10,5
9:18:35,2246,2245.8,2246,14,6,10
9:18:36,2245.8,2245.8,2246,5,1,10
9:18:36,2245.8,2245.6,2245.8,1,4,2
9:18:37,2245.8,2245.8,2246,3,3,12
9:18:37,2245.8,2245.6,2245.8,4,7,1
9:18:38,2245.8,2245.6,2245.8,2,7,9
9:18:38,2245.4,2245.2,2245.4,25,17,3
9:18:39,2245,2245,2245.4,22,63,1
9:18:39,2245,2245,2245.4,4,60,1
9:18:40,2245,2245,2245.8,11,52,9
9:18:40,2245.6,2245.4,2245.6,7,1,1
9:18:41,2245.4,2245.2,2245.6,1,24,1
9:18:42,2245.2,2245.6,2245.8,2,4,9
9:18:42,2245.4,2245.6,2245.8,5,2,10
9:18:43,2245.8,2245.6,2245.8,4,9,10
9:18:43,2245.8,2245.4,2245.6,2,2,1
9:18:45,2245.4,2245.4,2245.6,2,1,3
9:18:45,2245.4,2245.2,2245.4,1,17,13
9:18:47,2245.4,2245.2,2245.4,4,17,16
9:18:48,2245.2,2245.2,2245.4,7,17,11
9:18:49,2245.4,2245.2,2245.4,1,19,11
9:18:49,2245.2,2245.2,2245.4,1,18,11
9:18:50,2245.2,2245.2,2245.4,6,14,13
9:18:51,2245.2,2245.2,2245.4,1,13,15
9:18:52,2245.4,2245.2,2245.4,3,10,13
9:18:52,2245.2,2245,2245.4,11,64,13
9:18:53,2245.2,2245,2245.2,1,64,4
9:18:54,2245,2245,2245.4,55,25,15
9:18:54,2245,2245,2245.2,7,20,5
9:18:55,2245,2244.8,2245,24,16,73
9:18:55,2244.6,2244.6,2244.8,31,1,21
9:18:56,2244.6,2244.4,2244.6,3,38,53
9:18:56,2244.4,2244.4,2244.6,41,13,49
9:18:57,2244.4,2244.4,2244.6,5,9,46
9:18:57,2244.4,2244.4,2244.6,9,1,10
9:18:58,2244.4,2244.4,2244.6,9,5,2
9:18:58,2244.6,2244.6,2244.8,8,10,5
9:18:59,2244.8,2244.6,2244.8,5,8,2
9:18:59,2244.6,2244.6,2244.8,5,20,1
9:19:00,2244.8,2244.6,2245,6,18,51
9:19:00,2244.6,2244.6,2245,11,15,50
9:19:01,2244.4,2244.4,2244.6,35,5,20
9:19:01,2244.4,2244.2,2244.4,16,33,11
9:19:02,2244.2,2244.2,2244.4,22,16,7
9:19:02,2244.2,2244.2,2244.4,16,4,8
9:19:03,2244.2,2244.2,2244.4,6,1,7
9:19:03,2244.2,2244,2244.2,3,46,2
9:19:04,2244.2,2244,2244.2,4,46,1
9:19:04,2244.2,2244,2244.2,32,22,2
9:19:05,2244.4,2244.2,2244.4,9,4,1
9:19:05,2244.4,2244.2,2244.6,7,5,24
9:19:06,2244.6,2244.4,2244.6,7,6,23
9:19:06,2244.4,2244.4,2244.6,1,5,23
9:19:07,2244.2,2244.2,2244.4,12,5,19
9:19:07,2244.2,2244.2,2244.4,5,3,18
9:19:08,2244.4,2244.2,2244.4,7,5,16
9:19:08,2244.4,2244.2,2244.4,17,5,6
9:19:09,2244.4,2244.2,2244.4,15,6,21
9:19:09,2244.4,2244,2244.4,8,31,21
9:19:10,2244.2,2244,2244.4,20,24,13
9:19:10,2244.4,2244,2244.2,10,20,1
9:19:11,2244,2244,2244.2,5,15,2
9:19:11,2244,2244,2244.2,7,9,7
9:19:12,2244,2243.8,2244,29,74,11
9:19:12,2243.8,2243.6,2243.8,84,14,9
9:19:13,2243.6,2243.6,2243.8,1,13,10
9:19:13,2243.6,2243.6,2243.8,6,7,13
9:19:14,2243.2,2243.2,2243.4,59,13,33
9:19:14,2243.2,2243.2,2243.4,25,2,25
9:19:15,2243,2243,2243.2,7,46,16
9:19:15,2243,2243,2243.2,30,31,3
9:19:16,2242.4,2242.2,2243,45,15,58
9:19:16,2242.2,2242.2,2242.4,38,3,10
9:19:17,2242.2,2242,2242.2,37,13,4
9:19:17,2242.2,2241.6,2242.2,76,54,32
9:19:18,2241.8,2241.8,2242.2,53,28,30
9:19:18,2242.2,2242,2242.2,61,30,8
9:19:19,2242.4,2242.4,2243,86,26,10
9:19:19,2242.8,2242.6,2242.8,25,16,3
9:19:20,2242.8,2242.4,2243,43,47,1
9:19:20,2243,2243,2243.2,18,37,11
9:19:21,2243.2,2243.2,2243.4,40,2,1
9:19:21,2243.2,2243.4,2243.6,50,1,11
9:19:22,2243.8,2243.6,2243.8,36,2,4
9:19:22,2243.4,2243.4,2243.6,28,66,2
9:19:23,2243.6,2243.6,2243.8,8,4,1
9:19:23,2243.6,2243.6,2244,10,14,25
9:19:24,2243.8,2243.8,2244,4,2,25
9:19:24,2244,2243.8,2244,13,3,24
9:19:25,2244,2243.6,2243.8,25,10,1
9:19:25,2243.8,2243.8,2244,14,10,12
9:19:26,2243.8,2243.8,2244,6,7,11
9:19:26,2243.8,2243.6,2244,9,16,13
9:19:27,2244,2244,2244.2,14,34,9
9:19:27,2244,2244,2244.2,8,26,14
9:19:28,2244,2244,2244.2,16,23,13
9:19:28,2244.2,2244,2244.2,20,45,17
9:19:29,2244.2,2244,2244.2,26,22,16
9:19:29,2244,2243.8,2244,30,1,2
9:19:30,2244,2243.6,2244,14,8,4
9:19:30,2244,2243.6,2244,12,7,12
9:19:31,2243.6,2243.6,2244,12,7,16
9:19:32,2243.6,2243.6,2244,3,4,19
9:19:33,2244,2243.8,2244,2,5,18
9:19:33,2244,2243.8,2244,21,4,21
9:19:34,2244,2243.6,2244,6,33,20
9:19:34,2243.6,2243.4,2243.6,38,78,22
9:19:35,2243.6,2243.4,2243.6,27,60,16
9:19:35,2243.6,2243.4,2243.6,25,59,2
9:19:36,2244,2243.6,2244,6,3,22
9:19:36,2243.6,2243.6,2244,3,13,30
9:19:37,2244,2244,2244.2,48,7,22
9:19:37,2244.2,2244,2244.2,2,13,21
9:19:38,2244.2,2244,2244.2,7,12,16
9:19:38,2244.2,2244.2,2244.4,20,45,16
9:19:39,2244.4,2244.2,2244.4,1,45,15
9:19:39,2244.2,2244.2,2244.4,26,24,14
9:19:40,2244.2,2244.2,2244.4,6,21,11
9:19:40,2244.6,2244.4,2244.6,15,7,11
9:19:41,2244.6,2244.4,2244.6,6,5,22
9:19:41,2244.6,2244.4,2244.6,17,2,8
9:19:42,2244.2,2244.2,2244.4,15,14,1
9:19:42,2244.4,2244.2,2244.6,6,15,9
9:19:43,2244.2,2244.2,2244.6,4,11,9
9:19:43,2244.2,2244.2,2244.6,3,10,9
9:19:44,2244.2,2244.2,2244.6,9,2,22
9:19:45,2244.6,2244.2,2244.4,11,1,1
9:19:45,2244,2244,2244.2,4,14,1
9:19:46,2244,2244,2244.4,8,8,1
9:19:46,2244.2,2244.2,2244.4,4,2,8
9:19:47,2244.2,2244.2,2244.4,2,2,32
9:19:48,2244,2244,2244.2,3,7,22
9:19:48,2244.2,2244,2244.2,1,7,37
9:19:49,2244,2244,2244.2,22,4,32
9:19:49,2244,2243.8,2244,4,41,5
9:19:50,2243.8,2243.8,2244,4,40,72
9:19:50,2244,2243.8,2244,24,17,64
9:19:51,2243.8,2243.6,2243.8,18,64,33
9:19:51,2243.8,2243.6,2243.8,5,61,43
9:19:52,2243.6,2243.6,2243.8,3,59,42
9:19:52,2243.8,2243.6,2243.8,9,54,38
9:19:53,2243.6,2243.6,2243.8,2,52,39
9:19:53,2243.8,2243.6,2243.8,5,49,38
9:19:54,2243.8,2243.6,2243.8,1,49,43
9:19:54,2243.6,2243.4,2243.6,75,68,2
9:19:55,2243.6,2243.4,2243.6,2,68,15
9:19:55,2243.6,2243.6,2243.8,15,5,5
9:19:56,2243.6,2243.6,2243.8,3,3,6
9:19:56,2243.8,2243.6,2243.8,6,18,4
9:19:57,2243.6,2243.6,2243.8,5,15,4
9:19:57,2243.6,2243.6,2243.8,2,7,8
9:19:58,2243.8,2243.6,2243.8,5,13,7
9:19:58,2243.8,2243.6,2243.8,9,8,4
9:19:59,2243.6,2243.6,2243.8,2,7,4
9:19:59,2243.8,2243.8,2244,9,8,59
9:20:00,2243.8,2243.8,2244,1,10,60
9:20:01,2243.8,2243.8,2244,27,4,54
9:20:01,2243.6,2243.6,2243.8,35,15,2
9:20:02,2243.8,2243.6,2243.8,12,13,1
9:20:02,2244,2243.6,2244,13,12,43
9:20:03,2243.6,2243.6,2244,4,10,44
9:20:03,2244,2243.8,2244,3,4,42
9:20:04,2243.4,2243.6,2243.8,21,2,1
9:20:04,2243.8,2243.6,2243.8,4,1,1
9:20:05,2243.8,2243.6,2243.8,7,9,3
9:20:05,2244,2243.6,2243.8,6,9,1
9:20:06,2244,2243.8,2244,3,2,39
9:20:06,2244,2243.8,2244,1,3,38
9:20:07,2244,2243.8,2244,28,8,11
9:20:07,2244,2244,2244.2,16,4,33
9:20:08,2244.2,2244,2244.2,4,19,32
9:20:08,2244.2,2244,2244.2,11,17,29
9:20:09,2244.2,2244,2244.2,17,31,13
9:20:09,2244.2,2244,2244.2,6,32,6
9:20:10,2244.4,2244.2,2244.4,11,1,6
9:20:10,2244.4,2244.2,2244.4,4,2,4
9:20:11,2244.2,2244.4,2244.6,6,2,31
9:20:11,2244.6,2244.2,2244.6,8,12,27
9:20:12,2244.4,2244.4,2244.6,49,1,25
9:20:12,2244.4,2244.2,2244.4,3,11,8
9:20:13,2244.2,2244.2,2244.4,4,9,14
9:20:14,2244.2,2244.2,2244.4,4,8,11
9:20:14,2244.4,2244.2,2244.4,6,8,12
9:20:15,2244.2,2244,2244.2,12,4,2
9:20:15,2244,2244,2244.4,7,4,7
9:20:16,2244.4,2244,2244.4,17,5,11
9:20:16,2244,2244,2244.2,3,4,2
9:20:17,2244.2,2244,2244.2,2,3,1
9:20:17,2244.2,2243.8,2244.2,9,5,5
9:20:18,2244.2,2243.8,2244.2,5,3,3
9:20:18,2244.2,2244.2,2244.4,16,2,8
9:20:19,2244,2243.8,2244.4,3,11,8
9:20:19,2244.4,2244.4,2244.6,12,4,29
9:20:20,2244.4,2244.4,2244.6,1,3,29
9:20:20,2244.4,2244.4,2244.6,1,2,29
9:20:21,2244.6,2244.4,2244.6,4,1,28
9:20:21,2244.6,2244.4,2244.6,1,5,27
9:20:22,2244.6,2244.4,2244.6,4,5,23
9:20:22,2244.4,2244.4,2244.6,3,3,22
9:20:23,2244.4,2244.4,2244.6,1,2,22
9:20:23,2244.4,2244.4,2244.6,1,1,22
9:20:24,2244.4,2244.2,2244.6,1,5,22
9:20:24,2244.6,2244.2,2244.6,4,5,20
9:20:25,2244.6,2244.2,2244.6,1,5,20
9:20:26,2244.6,2244.2,2244.6,3,5,19
9:20:26,2244.6,2244.6,2244.8,19,12,45
9:20:27,2244.6,2244.6,2244.8,3,9,45
9:20:27,2244.6,2244.2,2244.6,14,6,5
9:20:28,2244.6,2244.2,2244.6,4,6,2
9:20:28,2244.6,2244.4,2244.6,1,5,2
9:20:29,2244.6,2244.4,2244.6,3,5,3
9:20:29,2244.6,2244.4,2244.8,6,5,42
9:20:30,2244.6,2244.6,2244.8,6,2,39
9:20:30,2244.6,2244.4,2244.6,2,5,4
9:20:31,2244.4,2244.4,2244.6,3,3,6
9:20:31,2244.6,2244.4,2244.6,2,5,4
9:20:32,2244.6,2244.6,2244.8,8,6,40
9:20:33,2244.8,2244.6,2244.8,11,5,31
9:20:33,2244.6,2244.4,2244.6,5,8,15
9:20:34,2244.6,2244.4,2244.6,20,7,3
9:20:34,2244.6,2244.6,2244.8,3,10,31
9:20:35,2244.8,2244.8,2245,34,3,56
9:20:36,2245,2244.8,2245,2,3,55
9:20:36,2244.8,2244.8,2245,3,3,56
9:20:37,2245,2244.8,2245,32,2,27
9:20:37,2245,2244.6,2245,10,13,19
9:20:38,2245,2244.8,2245,5,3,16
9:20:38,2245.2,2245,2245.2,26,17,3
9:20:39,2245,2245,2245.2,18,67,3
9:20:39,2245.2,2245.2,2245.4,5,15,11
9:20:40,2245.4,2245.2,2245.6,11,32,32
9:20:40,2245.6,2245.4,2245.6,13,4,20
9:20:41,2245.4,2245.2,2245.4,15,21,79
9:20:41,2245.4,2245.2,2245.4,13,6,70
9:20:42,2245.2,2245,2245.2,12,74,10
9:20:42,2245.2,2245,2245.2,9,82,11
9:20:43,2245,2245,2245.2,5,77,15
9:20:43,2245,2245,2245.2,38,40,15
9:20:44,2245,2245,2245.2,3,19,14
9:20:44,2245,2245,2245.2,7,15,19
9:20:45,2245.2,2245,2245.2,5,12,18
9:20:45,2245,2245,2245.2,6,14,13
9:20:46,2245.2,2245,2245.2,20,11,3
9:20:46,2245,2245,2245.2,12,2,21
9:20:47,2245,2245,2245.2,1,7,22
9:20:47,2245.2,2245.2,2245.4,32,19,80
9:20:48,2245.2,2245.2,2245.4,14,6,81
9:20:48,2245.4,2245.2,2245.4,5,3,81
9:20:49,2245.4,2245.2,2245.4,7,1,77
9:20:49,2245.2,2245,2245.4,7,13,78
9:20:50,2245,2244.8,2245,19,9,19
9:20:50,2245,2244.8,2245,9,9,11
9:20:51,2245,2244.8,2245,1,9,13
9:20:51,2245,2244.8,2245,1,14,12
9:20:52,2245,2245,2245.2,12,12,7
9:20:52,2245.2,2245,2245.2,7,15,4
9:20:53,2245,2245,2245.4,7,15,81
9:20:54,2245,2245,2245.2,2,14,2
9:20:55,2245.2,2245,2245.2,1,19,1
9:20:55,2245.2,2245,2245.4,1,22,77
9:20:56,2245.2,2245.2,2245.4,2,9,77
9:20:56,2245.2,2245.2,2245.4,5,6,78
9:20:57,2245.2,2245,2245.4,6,32,79
9:20:57,2245,2245,2245.2,2,32,1
9:20:58,2245.4,2245,2245.4,2,33,80
9:20:58,2245.2,2245,2245.2,2,32,1
9:20:59,2245.4,2245,2245.4,7,32,74
9:20:59,2245.2,2245.2,2245.4,2,4,74
9:21:00,2245.2,2245,2245.2,7,33,7
9:21:00,2245.4,2245.2,2245.4,35,1,85
9:21:01,2245.4,2245,2245.4,7,26,80
9:21:01,2245.4,2245,2245.4,18,11,82
9:21:02,2245.2,2245.2,2245.4,19,9,77
9:21:02,2245,2245,2245.2,10,11,3
9:21:03,2245.2,2245,2245.2,4,9,6
9:21:03,2245.2,2245,2245.2,4,7,4
9:21:04,2245.2,2245,2245.2,5,4,3
9:21:04,2245,2244.8,2245.2,5,10,3
9:21:05,2245.2,2244.8,2245.2,11,2,16
9:21:06,2244.8,2244.8,2245,2,4,11
9:21:07,2244.6,2244.6,2245,15,6,5
9:21:07,2245,2244.6,2245,3,4,4
9:21:08,2244.8,2244.6,2244.8,9,7,1
9:21:08,2244.6,2244.6,2244.8,2,7,1
9:21:09,2244.4,2244.4,2244.8,11,9,2
9:21:10,2244.4,2244.4,2244.8,5,8,8
9:21:10,2244.4,2244.4,2244.6,2,8,1
9:21:11,2244.4,2244.4,2244.8,7,5,6
9:21:11,2244.4,2244.6,2244.8,4,1,5
9:21:12,2244.4,2244.2,2244.4,3,16,2
9:21:12,2244.4,2244.4,2244.8,3,2,6
9:21:13,2244.4,2244.4,2244.8,3,4,5
9:21:13,2244.4,2244.4,2244.6,3,4,1
9:21:14,2244.4,2244.4,2244.6,6,7,6
9:21:15,2244.6,2244.4,2244.6,6,1,5
9:21:15,2244.2,2244.2,2244.4,3,12,6
9:21:16,2244.4,2244.2,2244.4,9,12,1
9:21:16,2244,2244.2,2244.4,22,1,4
9:21:17,2244.4,2244.4,2244.6,7,1,5
9:21:17,2244.2,2244,2244.2,3,9,4
9:21:18,2244.2,2244,2244.4,15,6,2
9:21:18,2244,2244.2,2244.4,2,2,3
9:21:19,2244.2,2244.2,2244.4,1,2,6
9:21:19,2244.2,2244.2,2244.4,3,12,7
9:21:20,2244.2,2244.2,2244.4,2,13,8
9:21:20,2244.2,2244.2,2244.4,4,24,2
9:21:21,2244.4,2244.2,2244.4,2,24,1
9:21:21,2244.4,2244.4,2244.6,2,5,5
9:21:22,2244.6,2244.4,2244.6,1,6,18
9:21:23,2244.4,2244.4,2244.6,1,2,18
9:21:23,2244.4,2244.2,2244.6,4,29,18
9:21:24,2244.6,2244.2,2244.6,3,30,16
9:21:24,2244.6,2244.4,2244.6,10,2,8
9:21:25,2244.6,2244.2,2244.6,9,37,2
9:21:25,2244.6,2244.6,2244.8,2,13,10
9:21:26,2244.8,2244.8,2245,12,1,16
9:21:26,2244.6,2244.6,2244.8,3,10,5
9:21:27,2244.8,2244.8,2245,5,5,18
9:21:27,2245,2244.8,2245,6,3,15
9:21:28,2245,2244.8,2245,2,3,12
9:21:28,2245,2244.8,2245,6,2,9
9:21:29,2245,2244.8,2245,2,8,8
9:21:29,2245,2244.8,2245,2,7,8
9:21:30,2245,2244.8,2245,3,7,6
9:21:30,2245,2244.8,2245.2,7,7,18
9:21:31,2245,2245,2245.2,3,2,19
9:21:31,2245.2,2244.8,2245,7,8,2
9:21:32,2245,2244.8,2245,10,1,1
9:21:32,2245.2,2244.8,2245.2,6,1,18
9:21:33,2245,2244.8,2245,5,2,7
9:21:34,2245,2245,2245.2,11,2,17
9:21:34,2245.2,2245,2245.2,7,3,10
9:21:35,2245,2245,2245.2,5,2,7
9:21:35,2245,2244.8,2245,6,3,4
9:21:36,2245,2244.8,2245,4,4,3
9:21:36,2245,2244.8,2245.2,3,6,5
9:21:37,2245,2244.8,2245,1,8,19
9:21:37,2245,2244.8,2245,5,8,18
9:21:38,2245,2244.8,2245,6,8,14
9:21:38,2245,2244.8,2245,4,9,11
9:21:39,2245,2244.8,2245,4,9,7
9:21:39,2245,2244.8,2245,5,11,2
9:21:40,2245,2245,2245.2,4,1,12
9:21:40,2245.4,2245,2245.4,36,1,47
9:21:41,2245,2245,2245.2,3,1,1
9:21:42,2244.8,2244.6,2244.8,23,9,2
9:21:42,2244.6,2244.4,2244.6,12,9,32
9:21:43,2244.4,2244.2,2244.4,12,33,15
9:21:43,2244.4,2244.2,2244.4,2,33,13
9:21:44,2244.4,2244.2,2244.4,6,33,7
9:21:45,2244.4,2244.2,2244.4,4,31,5
9:21:46,2244.4,2244.4,2244.6,7,2,31
9:21:46,2244.6,2244.4,2244.6,13,2,18
9:21:47,2244.6,2244.6,2245,18,24,7
9:21:48,2245,2244.8,2245,1,12,3
9:21:48,2245,2244.8,2245,5,19,3
9:21:49,2245,2244.8,2245,1,20,2
9:21:50,2244.8,2244.8,2245,4,16,2
9:21:50,2245,2244.8,2245,3,14,27
9:21:51,2244.8,2244.6,2244.8,16,24,2
9:21:51,2244.6,2244.6,2244.8,5,22,1
9:21:52,2244.8,2244.6,2244.8,1,23,3
9:21:53,2244.8,2244.6,2244.8,2,24,1
9:21:53,2244.8,2244.6,2244.8,1,25,3
9:21:54,2244.6,2244.6,2244.8,9,16,3
9:21:54,2244.8,2244.6,2245,3,16,30
9:21:56,2244.8,2244.6,2244.8,2,25,1
9:21:56,2244.6,2244.6,2244.8,9,16,3
9:21:58,2244.6,2244.6,2244.8,3,14,14
9:21:59,2244.8,2244.6,2244.8,6,14,9
9:22:00,2244.8,2244.6,2244.8,5,19,1
9:22:00,2244.8,2244.8,2245,1,1,41
9:22:01,2244.6,2244.6,2245,7,19,36
9:22:02,2244.8,2244.8,2245,3,28,35
9:22:03,2245,2244.8,2245,9,37,29
9:22:03,2245,2244.8,2245,12,27,16
9:22:04,2245,2244.8,2245,13,17,14
9:22:04,2245,2244.8,2245,7,17,7
9:22:05,2244.8,2244.8,2245,5,13,8
9:22:05,2245,2244.8,2245,4,13,4
9:22:06,2245,2245,2245.2,4,4,18
9:22:06,2245,2245,2245.2,1,3,18
9:22:08,2245.2,2245,2245.2,4,6,16
9:22:08,2245.2,2245,2245.2,4,5,13
9:22:09,2245.4,2245.2,2245.4,21,30,47
9:22:09,2245.2,2245.2,2245.4,3,27,47
9:22:10,2245.2,2245.2,2245.4,1,30,47
9:22:10,2245.4,2245.2,2245.4,3,31,44
9:22:11,2245.4,2245.2,2245.4,3,31,42
9:22:11,2245.4,2245.2,2245.4,5,30,39
9:22:12,2245.2,2245.2,2245.4,11,27,31
9:22:12,2245.4,2245.2,2245.4,6,29,25
9:22:13,2245.4,2245.4,2245.6,25,3,130
9:22:13,2245.6,2245.4,2245.6,2,9,128
9:22:14,2245.4,2245.4,2245.6,2,10,127
9:22:14,2245.6,2245.4,2245.6,7,7,123
9:22:15,2245.6,2245.4,2245.6,6,7,116
9:22:15,2245.6,2245.4,2245.6,3,7,113
9:22:16,2245.4,2245.4,2245.6,20,5,96
9:22:16,2245.4,2245.4,2245.6,2,5,95
9:22:17,2245.6,2245.4,2245.6,9,6,88
9:22:17,2245.6,2245.4,2245.6,4,7,84
9:22:18,2245.6,2245.4,2245.6,3,11,81
9:22:18,2245.6,2245.4,2245.6,6,13,76
9:22:19,2245.6,2245.4,2245.6,12,12,66
9:22:19,2245.6,2245.4,2245.6,27,11,40
9:22:20,2245.6,2245.4,2245.6,4,11,36
9:22:20,2245.8,2245.6,2245.8,37,24,39
9:22:21,2245.8,2245.6,2245.8,16,21,31
9:22:21,2245.8,2245.6,2245.8,21,22,10
9:22:22,2245.8,2245.6,2245.8,6,22,4
9:22:22,2245.8,2245.6,2246,7,19,24
9:22:23,2246,2245.6,2246,5,23,22
9:22:23,2246,2245.8,2246,4,11,18
9:22:24,2246,2246,2246.2,17,15,12
9:22:24,2246,2246,2246.2,2,19,11
9:22:25,2246,2245.8,2246,21,4,8
9:22:25,2246,2245.6,2246,15,32,51
9:22:26,2246,2245.6,2245.8,10,33,5
9:22:26,2245.6,2245.6,2245.8,14,24,7
9:22:27,2245.6,2245.6,2245.8,4,19,18
9:22:27,2245.6,2245.6,2245.8,21,5,17
9:22:28,2245.8,2245.6,2245.8,4,7,17
9:22:28,2245.6,2245.6,2245.8,7,2,16
9:22:29,2245.8,2245.6,2245.8,28,1,8
9:22:29,2245.8,2245.6,2245.8,13,2,12
9:22:30,2245.8,2245.6,2245.8,3,5,18
9:22:30,2245.8,2245.6,2245.8,4,3,18
9:22:31,2245.8,2245.6,2245.8,3,2,17
9:22:31,2245.8,2245.6,2245.8,3,3,26
9:22:32,2245.8,2245.6,2245.8,5,2,25
9:22:32,2245.6,2245.6,2245.8,1,1,25
9:22:33,2245.8,2245.6,2245.8,3,1,25
9:22:33,2245.8,2245.4,2245.8,2,17,27
9:22:34,2245.6,2245.4,2245.8,7,17,21
9:22:34,2245.6,2245.4,2245.8,2,17,27
9:22:35,2245.8,2245.6,2245.8,7,1,23
9:22:35,2245.8,2245.6,2245.8,12,8,13
9:22:36,2245.8,2245.6,2245.8,2,8,11
9:22:36,2245.8,2245.6,2245.8,5,6,12
9:22:37,2245.6,2245.6,2245.8,6,2,9
9:22:38,2245.8,2245.4,2245.8,4,18,9
9:22:39,2245.6,2245.4,2245.8,4,22,7
9:22:39,2245.8,2245.4,2245.8,9,21,2
9:22:40,2245.6,2245.4,2245.8,3,21,2
9:22:41,2245.4,2245.4,2245.8,2,20,3
9:22:41,2245.4,2245.4,2245.8,1,21,3
9:22:42,2245.4,2245.6,2245.8,1,1,4
9:22:43,2245.8,2245.4,2245.8,4,21,4
9:22:44,2245.8,2245.4,2245.8,5,22,3
9:22:44,2245.8,2245.4,2245.6,1,22,1
9:22:45,2245.4,2245.4,2245.8,4,20,4
9:22:45,2245.6,2245.4,2245.6,5,22,6
9:22:46,2245.6,2245.4,2245.6,1,22,5
9:22:46,2245.8,2245.8,2246,26,2,198
9:22:47,2246,2245.4,2245.8,3,10,5
9:22:48,2245.6,2245.4,2245.8,2,11,35
9:22:48,2245.8,2245.4,2245.8,1,15,38
9:22:49,2245.8,2245.4,2245.8,16,1,37
9:22:49,2245.6,2245.2,2245.6,3,66,4
9:22:50,2245.6,2245.2,2245.6,4,66,3
9:22:52,2245.6,2245.4,2245.6,1,1,7
9:22:53,2245.6,2245.4,2245.6,2,6,7
9:22:54,2245.4,2245.4,2245.6,3,3,4
9:22:55,2245.4,2245.4,2245.6,5,4,1
9:22:55,2245.6,2245.4,2245.8,1,4,33
9:22:56,2245.4,2245.6,2245.8,7,3,36
9:22:56,2245.4,2245.2,2245.6,5,74,3
9:22:57,2245.2,2245.4,2245.6,1,1,3
9:22:58,2245.6,2245.4,2245.6,2,2,6
9:22:58,2245.4,2245.4,2245.6,2,1,6
9:22:59,2245.2,2245.2,2245.6,12,74,2
9:22:59,2245.2,2245.2,2245.6,1,73,3
9:23:00,2245.4,2245.4,2245.6,1,5,13
9:23:00,2245.4,2245.2,2245.4,5,78,1
9:23:01,2245.4,2245.2,2245.6,5,77,16
9:23:02,2245.2,2245.2,2245.6,1,75,16
9:23:02,2245.6,2245.2,2245.6,2,75,11
9:23:03,2245.6,2245.2,2245.6,2,76,11
9:23:04,2245.6,2245.4,2245.6,3,2,9
9:23:04,2245.2,2245.2,2245.6,10,67,10
9:23:05,2245.2,2245.2,2245.4,9,62,20
9:23:05,2245.2,2245.2,2245.4,18,45,20
9:23:06,2245,2245,2245.2,56,14,15
9:23:06,2245.2,2245,2245.4,25,7,20
9:23:07,2245,2244.8,2245,9,27,6
9:23:07,2244.8,2244.8,2245,3,25,5
9:23:08,2245,2245,2245.4,8,13,18
9:23:08,2245,2245,2245.4,1,12,19
9:23:09,2245,2245,2245.4,2,17,19
9:23:09,2245,2245,2245.4,4,14,19
9:23:10,2245,2245,2245.4,9,14,20
9:23:10,2245,2245,2245.4,3,14,20
9:23:11,2245.4,2245,2245.4,1,15,20
9:23:12,2245,2245,2245.4,2,14,20
9:23:13,2245,2245,2245.4,2,16,21
9:23:14,2245.4,2245,2245.4,10,18,14
9:23:15,2245.4,2245,2245.4,10,18,6
9:23:15,2245.4,2245,2245.4,3,17,4
9:23:16,2245.2,2245.2,2245.4,3,2,2
9:23:16,2245.4,2245.2,2245.4,7,1,3
9:23:17,2245.2,2245.2,2245.4,1,1,4
9:23:18,2245.4,2245.2,2245.4,1,1,3
9:23:19,2245.2,2245,2245.2,1,20,1
9:23:19,2245.2,2245,2245.4,2,20,3
9:23:20,2245.4,2245,2245.4,1,23,3
9:23:22,2245.2,2245.2,2245.4,1,3,4
9:23:23,2245.4,2245.2,2245.4,1,3,14
9:23:24,2245.2,2245.2,2245.4,1,2,17
9:23:24,2245.4,2245.2,2245.4,5,1,15
9:23:25,2245.2,2245,2245.4,3,21,14
9:23:26,2245.4,2245.2,2245.4,3,2,11
9:23:27,2245.4,2245.2,2245.4,1,2,11
9:23:29,2245.2,2245.2,2245.4,1,2,12
9:23:30,2245.2,2245.2,2245.4,1,1,12
9:23:30,2245.4,2245.4,2245.6,18,13,16
9:23:31,2245.4,2245.4,2245.6,1,14,17
9:23:32,2245.6,2245.4,2245.6,1,14,16
9:23:33,2245.6,2245.4,2245.6,2,13,15
9:23:34,2245.4,2245.4,2245.6,2,11,15
9:23:35,2245.6,2245.6,2245.8,19,11,57
9:23:37,2245.6,2245.6,2245.8,1,21,57
9:23:37,2245.8,2245.6,2245.8,11,20,47
9:23:38,2245.8,2245.6,2245.8,1,21,46
9:23:38,2245.6,2245.6,2245.8,32,21,17
9:23:39,2245.8,2245.6,2245.8,19,9,9
9:23:39,2246,2245.8,2246,10,8,201
9:23:40,2246,2245.8,2246,6,6,197
9:23:40,2245.8,2245.8,2246,3,5,195
9:23:41,2245.8,2245.8,2246,76,3,122
9:23:41,2246,2245.8,2246,65,4,57
9:23:42,2246,2245.8,2246,47,9,11
9:23:42,2246,2246,2246.2,14,29,16
9:23:43,2246.2,2246,2246.2,7,29,19
9:23:43,2246.2,2246,2246.2,6,28,14
9:23:44,2246.2,2246,2246.2,11,29,11
9:23:44,2246.2,2246,2246.2,3,31,18
9:23:45,2246.2,2246,2246.2,11,27,12
9:23:45,2246,2246.2,2246.4,15,1,70
9:23:46,2246.2,2246.2,2246.4,4,1,70
9:23:47,2246,2246.2,2246.4,6,1,70
9:23:47,2246.2,2246,2246.2,3,21,15
9:23:48,2246.2,2246,2246.2,10,12,15
9:23:48,2246,2245.8,2246,14,7,1
9:23:49,2245.8,2245.8,2246.2,12,6,11
9:23:50,2245.8,2245.8,2246,5,4,6
9:23:50,2246,2245.8,2246,3,4,6
9:23:51,2245.8,2245.6,2245.8,4,5,2
9:23:52,2245.8,2245.6,2245.8,1,6,11
9:23:53,2245.8,2245.6,2245.8,1,8,10
9:23:54,2245.6,2245.6,2245.8,5,8,10
9:23:54,2245.8,2245.6,2245.8,7,7,4
9:23:55,2245.8,2245.6,2245.8,1,7,3
9:23:56,2245.8,2245.6,2245.8,13,5,9
9:23:57,2245.8,2245.6,2245.8,4,5,5
9:23:58,2245.8,2245.6,2245.8,11,5,2
9:23:58,2245.8,2245.6,2246,3,15,19
9:23:59,2245.8,2245.6,2246,1,15,19
9:24:00,2245.6,2245.6,2246,4,12,22
9:24:00,2246,2245.6,2246,8,14,16
9:24:01,2246,2245.6,2246,8,14,10
9:24:02,2246,2245.8,2246,1,7,9
9:24:03,2245.8,2245.8,2246,5,3,8
9:24:03,2245.8,2245.8,2246,1,2,26
9:24:04,2246,2245.8,2246,1,2,25
9:24:05,2245.8,2245.6,2245.8,2,25,8
9:24:06,2246,2245.6,2245.8,10,34,1
9:24:06,2246,2245.8,2246,3,11,30
9:24:07,2246,2245.8,2246,8,16,22
9:24:08,2245.8,2245.8,2246,6,10,22
9:24:08,2246,2245.8,2246,23,16,1
9:24:09,2246,2246,2246.2,2,1,26
9:24:09,2245.8,2245.8,2246.2,5,13,26
9:24:10,2246.2,2246,2246.2,2,1,33
9:24:11,2246,2245.8,2246,2,15,55
9:24:11,2245.6,2245.6,2245.8,22,28,31
9:24:12,2245.8,2245.6,2245.8,30,18,24
9:24:12,2245.8,2245.6,2245.8,2,23,22
9:24:13,2245.8,2245.6,2245.8,3,23,20
9:24:13,2245.8,2245.6,2245.8,11,23,9
9:24:14,2245.6,2245.6,2245.8,2,22,3
9:24:14,2245.8,2245.6,2245.8,1,22,2
9:24:15,2245.6,2245.6,2245.8,13,9,12
9:24:16,2245.8,2245.6,2245.8,3,8,15
9:24:16,2245.6,2245.4,2245.6,9,19,3
9:24:17,2245.4,2245.4,2245.6,23,13,1
9:24:17,2245.6,2245.6,2245.8,5,1,6
9:24:18,2245.8,2245.6,2246,8,27,119
9:24:19,2245.6,2245.6,2246,34,12,100
9:24:19,2245.8,2245.6,2245.8,2,12,5
9:24:20,2245.6,2245.6,2245.8,1,12,5
9:24:21,2245.6,2245.6,2245.8,5,18,1
9:24:21,2245.6,2245.6,2245.8,1,17,2
9:24:22,2245.8,2245.6,2245.8,5,14,1
9:24:22,2245.6,2245.6,2245.8,5,9,2
9:24:23,2245.8,2245.6,2246,4,7,113
9:24:23,2245.6,2245.6,2245.8,2,6,1
9:24:24,2245.8,2245.6,2245.8,1,6,7
9:24:24,2245.8,2245.6,2245.8,1,6,6
9:24:25,2245.8,2245.6,2245.8,1,8,10
9:24:26,2245.6,2245.6,2245.8,6,3,10
9:24:27,2245.6,2245.6,2245.8,3,2,12
9:24:28,2245.6,2245.4,2245.8,2,31,12
9:24:28,2245.8,2245.6,2245.8,4,2,14
9:24:29,2245.8,2245.6,2245.8,1,4,20
9:24:30,2245.6,2245.6,2245.8,3,4,23
9:24:30,2245.8,2245.6,2245.8,2,4,17
9:24:31,2245.8,2245.6,2245.8,1,5,16
9:24:32,2245.8,2245.6,2245.8,5,13,11
9:24:32,2245.6,2245.6,2245.8,2,12,11
9:24:33,2245.6,2245.6,2245.8,10,5,15
9:24:33,2245.8,2245.6,2245.8,1,5,14
9:24:34,2245.6,2245.4,2245.6,5,28,4
9:24:34,2245.8,2245.4,2245.8,20,28,18
9:24:35,2245.8,2245.4,2245.6,2,38,1
9:24:35,2245.4,2245.4,2245.6,19,42,1
9:24:36,2245.6,2245.4,2245.6,9,42,4
9:24:36,2245.6,2245.6,2245.8,4,1,2
9:24:37,2245.8,2245.8,2246,4,16,172
9:24:37,2245.8,2245.8,2246,10,9,172
9:24:38,2245.8,2245.8,2246,2,7,172
9:24:38,2245.8,2245.6,2245.8,7,3,2
9:24:39,2245.6,2245.6,2245.8,2,7,12
9:24:40,2245.6,2245.6,2245.8,3,5,14
9:24:41,2245.8,2245.4,2245.8,6,40,12
9:24:42,2245.8,2245.6,2245.8,3,2,9
9:24:42,2245.8,2245.6,2245.8,1,2,9
9:24:44,2245.8,2245.6,2245.8,3,13,8
9:24:44,2245.6,2245.6,2245.8,3,10,9
9:24:45,2245.6,2245.6,2245.8,10,1,9
9:24:46,2245.8,2245.6,2245.8,1,4,8
9:24:46,2245.8,2245.6,2245.8,1,4,13
9:24:47,2245.8,2245.6,2245.8,5,1,13
9:24:47,2245.8,2245.4,2245.8,18,26,15
9:24:48,2245.8,2245.6,2245.8,1,1,16
9:24:49,2245.6,2245.4,2245.8,2,26,15
9:24:49,2245.8,2245.4,2245.8,6,26,11
9:24:50,2245.4,2245.4,2245.8,1,26,12
9:24:52,2245.4,2245.4,2245.6,4,23,2
9:24:54,2245.4,2245.4,2245.6,11,13,2
9:24:55,2245.4,2245.4,2245.8,3,12,15
9:24:55,2245.6,2245.6,2245.8,2,1,16
9:24:56,2245.4,2245.4,2245.8,2,11,17
9:24:56,2245.6,2245.4,2245.6,1,11,2
9:24:58,2245.6,2245.4,2245.6,2,13,1
9:24:59,2245.6,2245.4,2245.6,2,13,4
9:24:59,2245.4,2245.4,2245.6,2,11,5
9:25:00,2245.6,2245.4,2245.6,2,11,3
9:25:01,2245.6,2245.4,2245.8,8,11,40
9:25:01,2245.8,2245.4,2245.8,1,11,43
9:25:02,2245.4,2245.4,2245.8,10,5,41
9:25:03,2245.6,2245.4,2245.6,1,5,1
9:25:04,2245.6,2245.4,2245.8,1,5,43
9:25:05,2245.6,2245.4,2245.8,1,5,43
9:25:05,2245.8,2245.6,2245.8,1,1,42
9:25:06,2245.8,2245.4,2245.6,3,11,5
9:25:07,2245.6,2245.4,2245.6,1,10,4
9:25:07,2245.6,2245.4,2245.6,2,11,2
9:25:08,2245.6,2245.4,2245.8,3,11,45
9:25:08,2245.4,2245.4,2245.8,1,17,46
9:25:10,2245.4,2245.4,2245.8,5,19,50
9:25:11,2245.8,2245.4,2245.8,1,18,50
9:25:11,2245.4,2245.4,2245.6,3,16,1
9:25:12,2245.4,2245.4,2245.6,2,15,1
9:25:12,2245.8,2245.4,2245.8,2,15,51
9:25:13,2245.8,2245.6,2245.8,1,1,50
9:25:14,2245.6,2245.4,2245.6,1,16,1
9:25:14,2245.8,2245.4,2245.8,2,16,50
9:25:15,2245.8,2245.4,2245.8,10,16,41
9:25:16,2245.4,2245.6,2245.8,1,4,41
9:25:16,2245.8,2245.4,2245.8,5,15,40
9:25:18,2245.8,2245.6,2245.8,1,2,42
9:25:18,2245.6,2245.6,2245.8,2,1,42
9:25:19,2245.6,2245.6,2245.8,1,4,42
9:25:19,2245.8,2245.6,2245.8,4,4,38
9:25:20,2245.8,2245.6,2245.8,1,7,37
9:25:20,2245.8,2245.6,2245.8,3,20,35
9:25:21,2245.8,2245.6,2245.8,8,29,27
9:25:21,2245.8,2245.6,2245.8,11,25,16
9:25:22,2245.8,2245.6,2245.8,5,21,13
9:25:22,2245.8,2245.6,2245.8,10,25,3
9:25:23,2245.8,2245.8,2246,3,36,178
9:25:23,2246,2245.8,2246,2,36,177
9:25:24,2246,2245.8,2246,3,36,174
9:25:24,2246,2245.8,2246,3,39,173
9:25:25,2246,2245.8,2246,2,39,172
9:25:26,2246,2245.8,2246,18,32,161
9:25:26,2246,2245.8,2246,2,32,159
9:25:27,2245.8,2245.8,2246,4,31,156
9:25:27,2246,2245.8,2246,5,31,151
9:25:28,2246,2245.8,2246,1,33,150
9:25:29,2246,2245.8,2246,14,35,136
9:25:29,2246,2245.8,2246,12,37,124
9:25:30,2246,2245.8,2246,39,45,85
9:25:30,2246,2245.8,2246,45,52,40
9:25:31,2246.2,2246,2246.2,42,9,37
9:25:31,2246.2,2246,2246.2,1,12,37
9:25:32,2246.2,2246,2246.2,9,11,28
9:25:32,2246.2,2246.2,2246.4,35,9,72
9:25:33,2246.4,2246.2,2246.4,1,9,71
9:25:33,2246.4,2246.2,2246.4,51,1,33
9:25:34,2246.4,2246,2246.4,25,34,12
9:25:34,2246.2,2246,2246.2,12,36,10
9:25:35,2246.2,2246.2,2246.4,18,3,11
9:25:35,2246.4,2246.2,2246.4,8,3,4
9:25:36,2246.4,2246.2,2246.4,5,2,12
9:25:36,2246.4,2246.4,2246.6,15,9,29
9:25:37,2246.6,2246.4,2246.6,5,9,26
9:25:37,2246.4,2246.4,2246.6,3,7,26
9:25:38,2246.4,2246.4,2246.6,38,2,17
9:25:38,2246.6,2246.6,2246.8,20,3,47
9:25:39,2246.8,2246.6,2246.8,11,4,36
9:25:39,2246.6,2246.4,2246.6,9,8,12
9:25:40,2246.6,2246.4,2246.8,30,9,23
9:25:40,2246.8,2246.4,2246.6,5,17,2
9:25:41,2246.6,2246.6,2246.8,10,7,16
9:25:41,2246.8,2246.6,2246.8,9,8,18
9:25:42,2246.6,2246.4,2246.8,21,44,5
9:25:42,2247,2246.8,2247,53,1,47
9:25:43,2246.8,2246.8,2247,55,12,4
9:25:43,2247,2246.8,2247,3,8,1
9:25:44,2247,2247,2247.2,35,24,12
9:25:44,2247.2,2247.2,2247.4,16,2,55
9:25:45,2247.2,2247,2247.2,13,28,14
9:25:45,2247.2,2247,2247.2,30,25,3
9:25:46,2247.2,2247,2247.2,20,18,14
9:25:46,2247,2247,2247.2,20,7,26
9:25:47,2247,2246.8,2247,68,2,34
9:25:47,2247,2246.8,2247,12,13,46
9:25:48,2247,2247,2247.2,58,4,4
9:25:48,2247.2,2247.2,2247.4,16,16,56
9:25:49,2247.2,2247.2,2247.4,17,5,53
9:25:49,2247.4,2247,2247.4,8,28,56
9:25:50,2247.4,2247,2247.4,23,22,40
9:25:50,2247.4,2247.4,2247.6,82,4,32
9:25:51,2247.4,2247.4,2247.6,1,8,33
9:25:51,2247.4,2247.2,2247.4,24,1,8
9:25:52,2247.4,2247.4,2247.6,23,8,21
9:25:52,2247.4,2247.2,2247.4,9,28,23
9:25:53,2247.2,2247.2,2247.4,2,31,24
9:25:53,2247.2,2247.2,2247.4,3,31,48
9:25:54,2247.2,2247.2,2247.4,64,58,7
9:25:54,2247.2,2247.2,2247.4,49,11,20
9:25:55,2247.2,2247,2247.2,38,60,32
9:25:55,2247,2247,2247.2,14,64,43
9:25:56,2247.2,2247,2247.2,17,59,35
9:25:56,2247.2,2247,2247.2,9,57,30
9:25:57,2247.2,2247,2247.2,58,10,29
9:25:57,2247.2,2247,2247.2,6,37,25
9:25:58,2247,2247,2247.2,8,35,41
9:25:58,2247,2247,2247.2,3,32,48
9:25:59,2247,2247,2247.2,12,26,48
9:25:59,2247,2246.8,2247,32,40,21
9:26:00,2246.8,2246.8,2247,33,7,22
9:26:00,2247,2246.8,2247,5,3,24
9:26:01,2247,2246.8,2247,6,4,34
9:26:01,2247,2246.8,2247,5,13,31
9:26:02,2247,2247,2247.2,34,43,70
9:26:02,2247,2247,2247.2,30,13,66
9:26:03,2247.2,2247,2247.2,8,8,66
9:26:03,2247,2246.8,2247,20,17,39
9:26:04,2246.8,2246.8,2247,1,16,43
9:26:04,2247,2246.8,2247,12,13,36
9:26:05,2247,2246.8,2247,2,14,34
9:26:05,2246.8,2246.8,2247,5,17,32
9:26:06,2246.8,2246.8,2247,7,14,30
9:26:06,2246.8,2246.6,2246.8,17,43,37
9:26:07,2246.6,2246.6,2246.8,5,41,39
9:26:07,2246.8,2246.6,2246.8,4,43,40
9:26:08,2246.8,2246.6,2246.8,12,35,37
9:26:08,2246.8,2246.6,2246.8,2,35,38
9:26:09,2246.8,2246.6,2246.8,1,36,38
9:26:09,2246.8,2246.6,2246.8,6,32,40
9:26:10,2246.6,2246.6,2246.8,5,35,37
9:26:11,2247,2246.6,2247,44,33,48
9:26:11,2246.8,2246.6,2246.8,5,33,8
9:26:12,2247,2246.6,2247,55,33,6
9:26:13,2247,2246.8,2247,2,30,6
9:26:13,2246.8,2246.8,2247.2,10,38,70
9:26:14,2246.8,2246.8,2247,5,58,1
9:26:14,2247,2247,2247.2,3,4,62
9:26:15,2247,2247,2247.2,20,6,43
9:26:15,2247,2247,2247.2,7,23,37
9:26:16,2247.2,2247.2,2247.4,43,14,16
9:26:16,2247.4,2247.2,2247.4,10,10,10
9:26:17,2247.2,2247.2,2247.4,10,17,3
9:26:17,2247.6,2247.4,2247.6,8,2,23
9:26:18,2247.6,2247.4,2247.6,9,7,16
9:26:18,2247.2,2247.2,2247.6,26,2,12
9:26:19,2247.4,2247.4,2247.6,5,6,12
9:26:19,2247.6,2247.4,2247.6,17,14,2
9:26:20,2247.6,2247.6,2247.8,4,14,65
9:26:20,2247.6,2247.6,2247.8,15,7,66
9:26:21,2247.8,2247.6,2247.8,4,10,63
9:26:21,2247.6,2247.6,2247.8,18,2,62
9:26:22,2247.6,2247.4,2247.6,19,13,15
9:26:22,2247.6,2247.4,2247.6,17,12,6
9:26:23,2247.8,2247.4,2247.8,10,7,60
9:26:23,2247.6,2247,2247.6,12,74,22
9:26:24,2247.6,2247.4,2247.6,8,5,34
9:26:24,2247.4,2247.2,2247.4,12,1,4
9:26:25,2247.4,2247.4,2247.6,5,1,34
9:26:25,2247.4,2247,2247.4,12,81,11
9:26:26,2247.4,2247,2247.4,15,75,29
9:26:26,2247.4,2247,2247.2,26,75,3
9:26:27,2247,2247,2247.2,2,76,3
9:26:27,2247.4,2247,2247.4,14,67,12
9:26:28,2247,2247.2,2247.4,5,3,9
9:26:28,2247.2,2247.2,2247.4,9,3,5
9:26:29,2247.2,2247.2,2247.4,3,8,13
9:26:29,2247.2,2247.2,2247.4,4,12,10
9:26:30,2247.2,2247.2,2247.4,3,11,10
9:26:30,2247.2,2247.2,2247.4,4,9,14
9:26:31,2247.2,2247.2,2247.4,4,5,17
9:26:32,2247.4,2247.2,2247.4,7,4,17
9:26:32,2247.4,2247.2,2247.4,3,3,15
9:26:33,2247.2,2247,2247.2,3,113,8
9:26:34,2247.2,2247.2,2247.4,10,9,18
9:26:35,2247.4,2247.2,2247.4,4,24,25
9:26:36,2247.2,2247.2,2247.4,30,10,11
9:26:36,2247.4,2247.2,2247.4,11,2,15
9:26:37,2247.4,2247.2,2247.4,3,3,16
9:26:37,2247.4,2247.2,2247.4,4,4,14
9:26:38,2247.2,2247,2247.4,4,172,15
9:26:38,2247.2,2247,2247.2,7,172,5
9:26:39,2247.2,2247,2247.2,17,169,1
9:26:39,2247.2,2247.2,2247.4,3,1,13
9:26:40,2247.4,2247.2,2247.4,3,6,12
9:26:41,2247.2,2247.2,2247.4,2,6,20
9:26:41,2247.2,2247.2,2247.4,2,4,20
9:26:42,2247.2,2247.2,2247.4,2,5,21
9:26:43,2247.4,2247.2,2247.4,6,2,20
9:26:43,2247.2,2247,2247.4,3,175,19
9:26:44,2247.4,2247.2,2247.4,3,3,19
9:26:44,2247.2,2247.2,2247.4,1,5,19
9:26:45,2247.2,2247,2247.2,6,172,19
9:26:45,2247,2247,2247.2,4,170,65
9:26:46,2247,2247,2247.2,8,165,62
9:26:46,2247,2247,2247.2,14,157,70
9:26:47,2247.2,2247,2247.2,14,144,69
9:26:47,2247,2247,2247.2,51,93,63
9:26:48,2247,2247,2247.2,58,36,65
9:26:48,2247,2247,2247.2,9,27,66
9:26:49,2247,2246.8,2247,28,57,90
9:26:50,2247,2246.8,2247,4,56,93
9:26:50,2246.8,2246.8,2247,14,43,92
9:26:51,2247,2246.8,2247,10,38,91
9:26:51,2246.8,2246.8,2247,3,35,91
9:26:52,2246.8,2246.8,2247,5,34,87
9:26:52,2246.8,2246.8,2247,5,38,84
9:26:53,2246.8,2246.8,2247,6,48,83
9:26:53,2246.8,2246.8,2247,22,58,82
9:26:54,2246.8,2246.8,2247,4,54,82
9:26:54,2246.8,2246.8,2247,3,58,81
9:26:55,2246.8,2246.8,2247,2,58,83
9:26:55,2246.8,2246.8,2247,2,57,83
9:26:56,2246.8,2246.8,2247,1,56,83
9:26:56,2247,2246.8,2247,7,50,83
9:26:57,2246.8,2246.8,2247,5,46,84
9:26:57,2247,2246.8,2247,3,46,115
9:26:58,2247,2246.8,2247,3,44,114
9:26:58,2246.8,2246.8,2247,3,41,114
9:26:59,2246.8,2246.8,2247,6,35,116
9:26:59,2247,2246.8,2247,6,35,110
9:27:00,2246.8,2246.8,2247,25,30,90
9:27:00,2246.8,2246.8,2247,45,27,50
9:27:01,2247,2246.8,2247,24,28,57
9:27:02,2247,2246.8,2247,8,24,53
9:27:02,2247,2246.8,2247,4,22,52
9:27:03,2247,2246.8,2247,7,21,58
9:27:03,2247,2246.8,2247,3,25,56
9:27:04,2247,2246.8,2247,1,25,56
9:27:04,2247,2246.8,2247,19,24,41
9:27:05,2246.8,2246.8,2247,26,18,21
9:27:05,2247,2247,2247.2,25,21,57
9:27:06,2247.2,2247,2247.2,4,24,55
9:27:06,2247,2247,2247.2,14,17,55
9:27:07,2247,2247,2247.2,4,16,54
9:27:07,2247.2,2247,2247.2,2,15,53
9:27:08,2247.2,2247,2247.2,1,26,52
9:27:09,2247,2247,2247.2,16,23,39
9:27:10,2247,2247,2247.2,11,18,36
9:27:11,2247.2,2247,2247.2,10,18,27
9:27:11,2247,2246.8,2247,19,18,32
9:27:12,2247,2246.8,2247,5,19,27
9:27:12,2247,2246.8,2247,1,19,31
9:27:13,2247,2246.8,2247,24,19,7
9:27:13,2247,2247,2247.2,8,9,28
9:27:14,2247,2247,2247.2,6,4,29
9:27:14,2247,2246.8,2247,5,24,4
9:27:15,2247,2246.8,2247,3,24,2
9:27:16,2246.8,2246.8,2247,2,32,7
9:27:16,2246.8,2246.8,2247,16,21,8
9:27:17,2247,2246.8,2247,2,20,8
9:27:17,2247,2246.8,2247,2,19,7
9:27:18,2246.8,2246.8,2247,3,17,8
9:27:18,2247,2246.8,2247,1,18,7
9:27:19,2247,2246.8,2247,2,18,6
9:27:20,2246.8,2246.8,2247,4,16,9
9:27:20,2247,2246.8,2247,3,14,10
9:27:21,2247,2246.8,2247,9,12,7
9:27:22,2246.8,2246.8,2247,1,14,8
9:27:23,2246.8,2246.8,2247,2,15,8
9:27:23,2247,2246.8,2247,1,15,7
9:27:24,2247,2246.8,2247,1,16,6
9:27:25,2247,2246.8,2247,1,17,8
9:27:26,2247,2246.8,2247,3,19,7
9:27:26,2246.8,2246.8,2247,8,11,9
9:27:27,2246.8,2246.8,2247,1,11,9
9:27:27,2247,2247,2247.2,12,33,41
9:27:28,2247,2247,2247.2,3,54,41
9:27:28,2247.2,2247,2247.2,11,56,30
9:27:29,2247,2247,2247.2,16,50,20
9:27:29,2247.2,2247,2247.2,20,48,3
9:27:30,2247.2,2247.2,2247.4,3,50,26
9:27:30,2247.2,2247.2,2247.4,2,48,26
9:27:31,2247.4,2247.2,2247.4,21,39,23
9:27:31,2247.4,2247.2,2247.4,8,37,17
9:27:32,2247.2,2247.2,2247.4,3,35,16
9:27:32,2247.2,2247.2,2247.4,1,34,16
9:27:33,2247.2,2247.2,2247.4,12,32,9
9:27:33,2247.4,2247.2,2247.4,2,32,10
9:27:34,2247.2,2247,2247.2,40,52,18
9:27:34,2247.2,2247,2247.2,1,38,27
9:27:35,2247.2,2247,2247.2,3,6,27
9:27:35,2247,2246.8,2247,6,23,7
9:27:36,2247,2246.8,2247,1,23,6
9:27:36,2247,2246.8,2247,5,24,6
9:27:37,2246.8,2246.8,2247,3,21,16
9:27:37,2247,2246.8,2247,5,19,14
9:27:38,2247,2246.8,2247,2,20,12
9:27:38,2246.8,2246.8,2247,1,19,12
9:27:39,2247,2247,2247.2,14,40,29
9:27:40,2247,2247,2247.2,1,40,30
9:27:42,2247,2247,2247.2,3,39,31
9:27:42,2247,2247,2247.2,1,39,32
9:27:43,2247.2,2247,2247.2,1,41,31
9:27:44,2247,2247,2247.2,6,35,32
9:27:44,2247,2247,2247.2,2,33,36
9:27:45,2247,2247,2247.2,7,32,34
9:27:46,2247,2247,2247.2,1,32,38
9:27:46,2247.2,2247,2247.2,1,32,48
9:27:47,2247,2247,2247.2,2,30,50
9:27:48,2247,2247,2247.2,1,30,54
9:27:48,2247.2,2247,2247.2,2,29,55
9:27:49,2247.2,2247,2247.2,3,27,62
9:27:49,2247,2247,2247.2,3,23,66
9:27:50,2247,2247,2247.2,7,18,68
9:27:50,2247,2247,2247.2,14,4,68
9:27:51,2246.8,2246.8,2247,10,32,49
9:27:51,2246.8,2246.8,2247,3,30,78
9:27:52,2246.8,2246.6,2246.8,30,52,17
9:27:52,2246.8,2246.8,2247,21,2,43
9:27:53,2247,2246.6,2247,3,38,46
9:27:54,2246.8,2246.8,2247,2,4,42
9:27:54,2246.8,2246.8,2247,2,3,42
9:27:56,2246.8,2246.8,2247,3,16,43
9:27:57,2246.8,2246.8,2247,1,15,42
9:27:57,2247,2246.8,2247,11,15,34
9:27:58,2247,2246.8,2247,1,16,35
9:27:58,2246.8,2246.8,2247,1,15,35
9:27:59,2246.8,2246.8,2247,17,14,20
9:27:59,2246.8,2246.8,2247,1,13,20
9:28:00,2246.8,2246.8,2247,2,12,20
9:28:00,2246.8,2246.8,2247.2,34,9,44
9:28:01,2247,2246.8,2247.2,10,4,47
9:28:02,2247,2246.8,2247.2,1,4,47
9:28:03,2247,2247,2247.2,4,6,47
9:28:03,2247,2247,2247.2,2,4,47
9:28:05,2247,2247,2247.2,1,7,47
9:28:05,2247,2246.8,2247,8,9,2
9:28:06,2247,2246.8,2247,2,9,3
9:28:06,2246.8,2246.8,2247.2,13,8,42
9:28:08,2247,2247,2247.2,2,2,43
9:28:08,2247,2247,2247.2,1,4,45
9:28:09,2247,2246.8,2247.2,4,7,47
9:28:10,2247.2,2246.8,2247,3,7,1
9:28:10,2246.8,2246.8,2247,1,6,1
9:28:11,2246.8,2246.8,2247,1,5,3
9:28:11,2247,2246.8,2247,2,4,12
9:28:12,2247,2246.8,2247,2,4,13
9:28:13,2247,2246.8,2247,1,6,13
9:28:14,2247,2246.8,2247,1,6,13
9:28:14,2247,2246.8,2247,2,7,14
9:28:15,2246.8,2246.8,2247,1,8,14
9:28:15,2246.8,2246.8,2247,3,5,14
9:28:16,2247,2246.8,2247,3,5,11
9:28:16,2246.8,2246.8,2247,1,4,13
9:28:17,2246.8,2246.8,2247,1,3,18
9:28:17,2246.8,2246.8,2247,1,2,18
9:28:18,2246.8,2246.6,2246.8,4,67,2
9:28:18,2246.8,2246.6,2246.8,1,67,1
9:28:19,2246.8,2246.8,2247,1,2,25
9:28:19,2247,2246.8,2247,2,1,24
9:28:20,2246.8,2246.6,2247,3,68,26
9:28:20,2247,2246.6,2247,1,69,26
9:28:21,2246.8,2246.8,2247,3,1,26
9:28:21,2246.8,2246.6,2247,1,67,38
9:28:22,2246.8,2246.6,2247,1,67,34
9:28:23,2246.8,2246.8,2247,1,1,35
9:28:23,2247,2246.8,2247,4,1,35
9:28:24,2246.8,2246.6,2247,1,79,36
9:28:25,2246.6,2246.8,2247,1,1,36
9:28:25,2247,2246.6,2247,7,78,30
9:28:26,2246.6,2246.6,2247,13,68,38
9:28:30,2246.8,2246.6,2246.8,1,78,10
9:28:30,2246.6,2246.6,2246.8,7,73,13
9:28:31,2246.8,2246.6,2246.8,5,74,13
9:28:32,2246.8,2246.6,2246.8,12,90,7
9:28:32,2246.6,2246.6,2247,18,79,50
9:28:33,2246.6,2246.6,2247,51,28,54
9:28:33,2246.6,2246.6,2246.8,3,25,1
9:28:34,2246.8,2246.6,2246.8,2,24,5
9:28:34,2246.8,2246.6,2246.8,3,25,3
9:28:35,2246.6,2246.6,2246.8,3,22,9
9:28:35,2246.8,2246.6,2246.8,1,22,9
9:28:36,2246.6,2246.6,2246.8,5,17,10
9:28:36,2246.6,2246.6,2246.8,4,13,10
9:28:37,2246.8,2246.6,2246.8,11,3,11
9:28:37,2246.6,2246.6,2246.8,1,2,13
9:28:39,2246.6,2246.6,2246.8,1,1,16
9:28:40,2246.6,2246.4,2246.6,4,20,1
9:28:41,2246.4,2246.4,2246.6,2,22,10
9:28:41,2246.4,2246.4,2246.6,2,18,10
9:28:42,2246.4,2246.4,2246.6,5,16,11
9:28:42,2246.4,2246.4,2246.6,8,8,13
9:28:43,2246.2,2246.2,2246.4,11,26,24
9:28:43,2246.2,2246.2,2246.4,3,25,22
9:28:44,2246.2,2246.2,2246.4,9,16,23
9:28:44,2246.4,2246.2,2246.4,12,5,23
9:28:45,2246,2246,2246.2,6,47,7
9:28:45,2246,2246,2246.2,8,43,4
9:28:46,2246,2246,2246.2,7,38,3
9:28:46,2246,2246,2246.2,20,19,4
9:28:47,2245.6,2245.6,2246.2,71,6,4
9:28:47,2245.6,2245.8,2246,15,23,6
9:28:48,2246,2246,2246.2,20,6,3
9:28:48,2245.8,2245.8,2246,16,13,3
9:28:49,2245.8,2245.4,2245.6,5,12,2
9:28:49,2246,2245.8,2246,8,55,9
9:28:50,2245.8,2245.8,2246,18,54,8
9:28:50,2246,2245.8,2246,16,32,6
9:28:51,2245.8,2245.8,2246,10,22,6
9:28:51,2245.8,2245.8,2246,11,11,6
9:28:52,2245.8,2245.8,2246,4,11,5
9:28:52,2245.8,2245.6,2245.8,12,10,3
9:28:53,2245.6,2245.6,2245.8,6,7,2
9:28:53,2245.6,2245.4,2245.6,8,17,3
9:28:54,2245.4,2245.4,2245.6,2,27,2
9:28:54,2245.4,2245.4,2245.6,19,8,2
9:28:55,2245.4,2245.2,2245.4,39,18,4
9:28:55,2245.2,2245.2,2245.4,1,17,8
9:28:56,2245.4,2245.2,2245.4,8,16,3
9:28:56,2245.4,2245.2,2245.4,11,7,7
9:28:57,2245.4,2245.2,2245.4,13,1,4
9:28:57,2245.2,2245,2245.2,9,24,4
9:28:58,2245.2,2245,2245.2,11,26,10
9:28:58,2245.2,2245,2245.2,7,24,7
9:28:59,2245,2244.8,2245,30,8,20
9:28:59,2244.8,2244.6,2244.8,14,21,2
9:29:00,2244.6,2244.6,2244.8,16,9,51
9:29:00,2244.2,2244.2,2244.4,47,47,1
9:29:01,2244.2,2244.2,2244.4,31,21,2
9:29:01,2244,2244,2244.6,57,42,10
9:29:02,2244.4,2244.4,2244.6,12,37,6
9:29:02,2244.6,2244.4,2244.8,25,34,51
9:29:03,2244.8,2244.6,2244.8,27,1,46
9:29:03,2244.8,2244.4,2244.6,26,32,3
9:29:04,2244.4,2244.4,2244.6,8,36,1
9:29:04,2244.8,2244.6,2244.8,7,30,22
9:29:05,2244.6,2244.6,2245,41,36,6
9:29:05,2244.8,2244.8,2245.2,15,16,10
9:29:06,2245,2244.8,2245.2,4,25,10
9:29:06,2245.2,2245,2245.2,5,5,14
9:29:07,2245,2245.2,2245.4,16,1,18
9:29:07,2245.2,2245.2,2245.4,6,1,17
9:29:08,2245.2,2245.2,2245.4,5,2,17
9:29:08,2245.4,2245.2,2245.4,4,2,19
9:29:09,2245.4,2245,2245.2,10,2,2
9:29:09,2245.2,2245,2245.2,1,3,6
9:29:10,2245.2,2245.2,2245.4,11,1,16
9:29:10,2245.4,2245.2,2245.4,2,4,14
9:29:11,2245.2,2245.2,2245.4,2,2,16
9:29:11,2245.4,2245.2,2245.4,7,4,11
9:29:12,2245.4,2245.2,2245.4,4,4,7
9:29:12,2245.2,2245,2245.2,5,33,1
9:29:13,2245,2245,2245.4,4,31,6
9:29:13,2245,2245,2245.2,2,31,1
9:29:14,2245.4,2245.2,2245.4,3,6,6
9:29:14,2245.2,2245.2,2245.4,2,7,7
9:29:15,2245.2,2245,2245.2,12,34,4
9:29:15,2245.2,2245,2245.4,4,36,9
9:29:16,2245.2,2245.2,2245.4,4,9,9
9:29:17,2245.2,2245.2,2245.4,1,17,13
9:29:17,2245.2,2245.2,2245.4,2,16,13
9:29:18,2245.2,2245.2,2245.4,4,13,12
9:29:18,2245.4,2245.2,2245.4,11,14,2
9:29:19,2245.2,2245.2,2245.4,3,21,1
9:29:19,2245.4,2245.2,2245.4,5,20,9
9:29:20,2245.4,2245.2,2245.4,7,23,2
9:29:20,2245.4,2245.4,2245.6,2,1,17
9:29:21,2245.4,2245.2,2245.6,2,23,18
9:29:21,2245.4,2245.4,2245.6,10,10,20
9:29:22,2245.6,2245.6,2245.8,20,80,9
9:29:22,2246,2245.6,2246,21,81,5
9:29:23,2246,2245.8,2246,3,34,2
9:29:23,2246,2246,2246.2,8,3,7
9:29:24,2246,2246,2246.2,1,3,7
9:29:24,2245.8,2245.8,2246.2,12,9,17
9:29:25,2246,2246,2246.2,7,5,14
9:29:25,2245.8,2245.8,2246,3,1,10
9:29:26,2246,2245.8,2246,2,1,8
9:29:26,2246,2245.8,2246,7,1,1
9:29:27,2246,2246,2246.2,4,1,13
9:29:27,2246,2246,2246.2,1,1,13
9:29:28,2246.2,2246,2246.2,5,1,8
9:29:28,2246,2245.8,2246.2,1,2,8
9:29:29,2246.2,2245.8,2246.2,4,8,7
9:29:29,2246.2,2245.8,2246,2,7,1
9:29:30,2246.2,2246,2246.2,4,31,3
9:29:30,2246,2246,2246.2,1,30,3
9:29:31,2246.2,2246.2,2246.4,3,1,8
9:29:31,2246.2,2246.2,2246.4,2,1,7
9:29:32,2246.2,2246.2,2246.4,2,1,6
9:29:32,2246.4,2246.2,2246.4,13,12,5
9:29:33,2246.4,2246.2,2246.4,4,13,2
9:29:33,2246.4,2246.4,2246.6,4,4,9
9:29:34,2246.4,2246.2,2246.6,7,13,8
9:29:34,2246.4,2246.2,2246.4,4,18,33
9:29:35,2246.4,2246.2,2246.4,4,26,31
9:29:35,2246.2,2246.2,2246.4,16,4,34
9:29:36,2246.2,2246.2,2246.4,8,13,32
9:29:36,2246.4,2246.2,2246.4,6,13,27
9:29:37,2246.2,2246.2,2246.4,2,11,28
9:29:37,2246.4,2246.2,2246.4,2,11,30
9:29:38,2246.2,2246,2246.2,21,9,17
9:29:38,2246.2,2246,2246.2,3,9,17
9:29:39,2246.2,2246,2246.2,1,9,22
9:29:39,2246.2,2246,2246.2,1,9,12
9:29:40,2246.2,2246,2246.2,1,9,12
9:29:40,2246,2246,2246.2,6,3,7
9:29:41,2246,2246,2246.2,1,4,7
9:29:41,2246.2,2246,2246.2,2,4,5
9:29:42,2246,2246,2246.2,3,4,3
9:29:42,2246,2246,2246.2,1,3,4
9:29:43,2246,2245.8,2246,4,11,2
9:29:43,2246,2245.8,2246,1,12,9
9:29:44,2246,2245.8,2246,11,8,3
9:29:45,2245.8,2245.6,2245.8,9,42,1
9:29:45,2245.8,2245.8,2246,1,4,3
9:29:46,2246,2245.8,2246,2,4,1
9:29:46,2246,2246,2246.2,1,2,5
9:29:47,2246.2,2245.8,2246,5,4,5
9:29:47,2246,2245.8,2246,6,10,7
9:29:48,2246,2245.8,2246,3,11,7
9:29:48,2246,2246,2246.2,8,8,1
9:29:49,2246,2245.8,2246,12,12,2
9:29:49,2246,2245.8,2246,5,14,1
9:29:50,2246,2246,2246.2,3,16,3
9:29:50,2246,2246,2246.2,11,11,3
9:29:51,2246.2,2246.2,2246.4,6,34,27
9:29:51,2246.4,2246.2,2246.4,11,37,17
9:29:52,2246.2,2246.2,2246.4,5,35,14
9:29:52,2246.2,2246.2,2246.4,14,39,1
9:29:53,2246.2,2246.2,2246.4,11,29,1
9:29:53,2246.4,2246.4,2246.6,1,7,26
9:29:54,2246.4,2246.4,2246.6,1,8,26
9:29:54,2246.6,2246.4,2246.6,2,9,25
9:29:55,2246.6,2246.4,2246.6,2,9,23
9:29:55,2246.6,2246.4,2246.6,7,6,20
9:29:56,2246.4,2246.4,2246.6,6,3,21
9:29:56,2246.6,2246.6,2246.8,21,61,38
9:29:57,2246.6,2246.6,2246.8,35,42,23
9:29:57,2246.8,2246.6,2246.8,9,43,12
9:29:58,2246.8,2246.6,2246.8,5,46,7
9:29:58,2246.8,2246.6,2247,11,46,63
9:29:59,2247,2246.6,2247,7,45,58
9:29:59,2246.8,2246.6,2246.8,6,48,8
9:30:00,2246.6,2246.6,2247,15,43,65
9:30:00,2246.6,2246.6,2247,36,31,60
9:30:01,2246.6,2246.6,2246.8,16,30,1
9:30:01,2247,2246.6,2247,14,19,55
9:30:02,2247,2246.6,2247,57,13,9
9:30:02,2247,2247,2247.2,11,19,23
9:30:03,2247.2,2247,2247.2,12,20,12
9:30:03,2247.4,2247.2,2247.4,13,32,24
9:30:04,2247.6,2247.4,2247.6,37,13,26
9:30:04,2247.6,2247.4,2247.6,28,21,2
9:30:05,2247.8,2247.6,2247.8,12,7,62
9:30:05,2247.6,2247.4,2247.6,22,19,1
9:30:06,2247.6,2247.4,2247.6,35,4,4
9:30:06,2247.6,2247.4,2247.6,38,2,2
9:30:07,2247.8,2247.2,2247.8,11,1,44
9:30:07,2247.6,2247.2,2247.6,6,5,27
9:30:08,2247.6,2247.2,2247.6,17,12,18
9:30:08,2247.2,2247.2,2247.6,10,9,5
9:30:09,2247.2,2247.2,2247.6,9,12,2
9:30:09,2247.6,2247.6,2247.8,4,19,54
9:30:10,2247.6,2247.6,2247.8,1,31,54
9:30:10,2247.8,2247.6,2247.8,25,32,45
9:30:11,2247.8,2247.6,2247.8,25,12,41
9:30:11,2247.8,2247.6,2247.8,46,10,3
9:30:12,2247.8,2247.6,2247.8,3,13,2
9:30:12,2247.6,2247.6,2247.8,14,4,1
9:30:13,2247.6,2247.4,2247.6,10,2,7
9:30:13,2247.4,2247.2,2247.4,13,14,2
9:30:14,2247.2,2247.4,2247.6,6,2,2
9:30:14,2247.4,2247.2,2247.6,4,16,2
9:30:15,2247.6,2247.2,2247.8,18,17,7
9:30:15,2247.4,2247.2,2247.6,5,16,1
9:30:16,2247.8,2247.6,2247.8,4,3,8
9:30:16,2247.4,2247.2,2247.6,9,18,2
9:30:17,2247.6,2247.2,2247.4,2,17,1
9:30:17,2247.4,2247.4,2247.6,2,3,5
9:30:18,2247.6,2247.4,2247.6,4,3,3
9:30:18,2247.6,2247.4,2247.6,4,1,6
9:30:19,2247.6,2247.4,2247.6,2,5,8
9:30:19,2247.4,2247.4,2247.6,3,3,9
9:30:20,2247.4,2247.2,2247.4,3,22,8
9:30:20,2247.4,2247.2,2247.4,1,22,8
9:30:21,2247.2,2247.2,2247.4,1,24,12
9:30:21,2247.4,2247.2,2247.4,1,24,21
9:30:22,2247.4,2247.2,2247.4,12,20,22
9:30:22,2247.2,2247,2247.2,32,24,5
9:30:23,2247,2247,2247.2,17,11,3
9:30:23,2247,2247,2247.2,11,1,9
9:30:24,2247,2246.8,2247,16,4,11
9:30:24,2247,2246.8,2247,3,5,12
9:30:25,2246.8,2246.8,2247,3,4,11
9:30:25,2246.6,2246.6,2247,8,2,111
9:30:26,2246.6,2246.6,2246.8,20,1,29
9:30:26,2246.6,2246.4,2246.6,2,1,14
9:30:27,2246.4,2246.2,2246.4,4,5,12
9:30:27,2246.4,2246.2,2246.4,3,4,12
9:30:28,2246.4,2246,2246.4,6,29,11
9:30:28,2246.4,2246,2246.2,2,29,15
9:30:29,2246,2246,2246.2,17,33,11
9:30:29,2246,2246,2246.2,10,24,16
9:30:30,2245.8,2245.8,2246,46,22,4
9:30:30,2245.8,2245.8,2246,7,17,5
9:30:31,2245.2,2245.2,2246.2,52,27,11
9:30:31,2245.4,2245.4,2245.8,7,2,3
9:30:32,2245.4,2245.4,2245.8,10,7,7
9:30:32,2245.4,2245.2,2245.4,9,16,5
9:30:33,2245.2,2245.2,2245.8,19,11,4
9:30:33,2245.8,2245.2,2245.8,2,11,4
9:30:34,2245.2,2245.2,2245.8,9,8,6
9:30:34,2245.2,2245.2,2245.8,11,1,11
9:30:35,2245.6,2245.2,2245.6,4,5,5
9:30:35,2245.2,2245.2,2245.6,9,9,4
9:30:36,2245.2,2245.4,2245.6,1,1,3
9:30:36,2245.4,2245.4,2245.6,5,3,1
9:30:37,2245.4,2245.4,2245.6,15,2,6
9:30:37,2245.6,2245.6,2245.8,13,6,5
9:30:38,2245.8,2245.8,2246,14,4,5
9:30:38,2246,2245.6,2246,7,1,3
9:30:39,2246,2245.6,2246,2,1,20
9:30:40,2246,2245.6,2246,6,7,14
9:30:40,2245.6,2245.6,2245.8,1,6,3
9:30:41,2245.6,2245.6,2245.8,1,7,2
9:30:41,2246,2245.8,2246,4,14,15
9:30:42,2245.8,2245.8,2246,3,12,15
9:30:42,2245.8,2245.8,2246,4,9,14
9:30:43,2246,2245.8,2246,16,8,1
9:30:43,2246,2246,2246.2,5,6,7
9:30:44,2246,2246,2246.2,2,7,7
9:30:44,2246.2,2246,2246.2,9,4,4
9:30:45,2246.2,2246,2246.2,2,9,3
9:30:45,2246.2,2246,2246.2,2,8,6
9:30:46,2246.2,2246,2246.2,7,5,2
9:30:46,2246.2,2246,2246.2,6,3,5
9:30:47,2246.6,2246.2,2246.6,25,1,1
9:30:48,2246.6,2246.2,2246.6,5,14,3
9:30:48,2246.6,2246.2,2246.8,4,13,11
9:30:49,2246.6,2246.4,2246.8,4,2,12
9:30:49,2246.8,2246.4,2246.8,4,4,15
9:30:50,2246.6,2246.6,2246.8,4,1,25
9:30:50,2246.8,2246.4,2246.8,5,2,22
9:30:51,2246.4,2246.4,2246.6,1,2,1
9:30:51,2246.8,2246.4,2246.8,2,2,24
9:30:52,2246.2,2246.2,2246.8,5,13,31
9:30:52,2246.8,2246.2,2246.8,15,12,17
9:30:53,2246.6,2246.6,2246.8,2,2,12
9:30:54,2246.6,2246.6,2246.8,7,5,10
9:30:54,2246.6,2246.6,2246.8,2,6,9
9:30:55,2246.8,2246.6,2246.8,1,6,8
9:30:55,2246.6,2246.8,2247,9,1,20
9:30:56,2246.8,2246.8,2247,7,1,20
9:30:56,2247,2246.6,2247,13,13,10
9:30:57,2246.8,2246.6,2246.8,2,13,2
9:30:57,2246.8,2246.6,2246.8,1,13,3
9:30:58,2247,2246.8,2247,5,30,11
9:30:59,2246.8,2246.8,2247.2,19,27,5
9:30:59,2247,2247,2247.2,6,6,4
9:31:00,2247,2247.2,2247.4,14,1,8
9:31:00,2247,2247.2,2247.4,1,3,8
9:31:01,2247.2,2247.2,2247.4,4,3,16
9:31:01,2247,2247,2247.2,4,1,15
9:31:02,2247,2246.8,2247,6,45,3
9:31:02,2247.2,2246.8,2247.2,15,46,7
9:31:03,2247,2247,2247.4,10,6,66
9:31:03,2247,2247,2247.2,7,5,10
9:31:04,2247.2,2247,2247.2,4,5,8
9:31:04,2247.2,2247.2,2247.4,10,5,65
9:31:05,2247.2,2247.2,2247.4,2,4,66
9:31:05,2247.2,2247,2247.4,5,5,66
9:31:06,2247.2,2247,2247.2,6,6,2
9:31:07,2247.2,2247,2247.2,6,4,7
9:31:07,2247,2247,2247.2,6,4,9
9:31:08,2247.2,2247,2247.2,2,3,10
9:31:08,2247,2246.8,2247,5,47,13
9:31:09,2246.8,2246.8,2247,3,47,11
9:31:09,2247,2246.8,2247,4,47,11
9:31:10,2247,2246.8,2247,1,30,10
9:31:10,2247,2246.8,2247,1,8,10
9:31:11,2246.8,2246.8,2247,1,7,10
9:31:11,2247,2247,2247.2,25,2,15
9:31:12,2247.2,2247,2247.2,2,2,16
9:31:12,2247,2246.8,2247,6,3,18
9:31:13,2247,2246.8,2247,2,6,16
9:31:13,2247,2246.8,2247,9,2,11
9:31:14,2247,2246.8,2247,11,1,1
9:31:15,2246.8,2246.6,2247,2,24,3
9:31:15,2247,2247,2247.2,3,1,35
9:31:16,2247,2247,2247.2,5,3,35
9:31:16,2247.2,2247,2247.2,4,2,32
9:31:17,2247.2,2247,2247.2,3,3,31
9:31:17,2247,2246.8,2247,8,2,7
9:31:18,2246.8,2246.6,2246.8,6,27,15
9:31:18,2246.8,2246.6,2246.8,7,36,50
9:31:19,2246.6,2246.6,2246.8,3,33,66
9:31:19,2246.6,2246.4,2246.6,34,15,4
9:31:20,2246.6,2246.4,2246.6,2,14,4
9:31:20,2246.6,2246.4,2246.6,2,4,3
9:31:21,2246.6,2246.4,2246.6,1,4,2
9:31:21,2246.4,2246.4,2246.6,2,7,3
9:31:22,2246.6,2246.4,2246.6,1,11,2
9:31:22,2246.6,2246.4,2246.8,7,7,69
9:31:23,2246.6,2246.4,2246.6,6,3,6
9:31:23,2246.6,2246.6,2246.8,7,21,69
9:31:24,2246.6,2246.4,2246.6,22,2,12
9:31:25,2246.8,2246.4,2246.8,16,3,66
9:31:26,2246.4,2246.2,2246.4,3,6,7
9:31:26,2246.4,2246.4,2246.6,7,5,3
9:31:27,2246.4,2246.4,2246.6,3,21,2
9:31:28,2246.6,2246.4,2246.6,9,14,4
9:31:28,2246.6,2246.4,2246.6,1,14,3
9:31:29,2246.6,2246.6,2246.8,14,5,65
9:31:29,2246.8,2246.6,2246.8,3,4,64
9:31:30,2246.4,2246.2,2246.6,9,9,1
9:31:30,2246.6,2246.4,2246.8,1,1,64
9:31:31,2246.4,2246.4,2246.6,3,2,3
9:31:31,2246.6,2246.4,2246.6,1,2,2
9:31:32,2246.6,2246.4,2246.6,3,2,4
9:31:32,2246.6,2246.4,2246.6,1,3,3
9:31:33,2246.4,2246.4,2246.6,2,1,3
9:31:33,2246.8,2246.6,2246.8,4,1,62
9:31:34,2246.6,2246.4,2246.6,1,7,7
9:31:34,2246.6,2246.4,2246.6,6,35,3
9:31:35,2246.6,2246.4,2246.8,3,38,62
9:31:35,2246.8,2246.6,2246.8,11,29,51
9:31:36,2246.8,2246.6,2246.8,24,41,28
9:31:36,2246.8,2246.8,2247,28,26,20
9:31:37,2247,2247,2247.2,25,17,42
9:31:37,2247.2,2247,2247.2,32,18,10
9:31:38,2247.2,2247,2247.2,6,16,4
9:31:38,2247.2,2247,2247.2,1,16,3
9:31:39,2247,2247,2247.2,22,21,1
9:31:39,2247.2,2247.2,2247.4,19,2,71
9:31:40,2247.2,2247.2,2247.4,15,6,71
9:31:40,2247.2,2247,2247.2,9,19,29
9:31:41,2247.2,2247.2,2247.4,29,22,68
9:31:42,2247.2,2247.2,2247.4,5,22,67
9:31:42,2247.4,2247.2,2247.4,2,22,78
9:31:43,2247.2,2247.2,2247.4,7,19,81
9:31:43,2247.2,2247,2247.2,23,12,57
9:31:44,2247.2,2247,2247.2,3,10,58
9:31:45,2247,2247,2247.2,4,16,50
9:31:45,2247.2,2247,2247.2,16,1,50
9:31:46,2247,2246.8,2247,5,1,1
9:31:46,2246.8,2246.6,2247,1,10,12
9:31:47,2247,2246.8,2247,2,5,15
9:31:47,2247,2246.8,2247,5,2,15
9:31:48,2247,2246.6,2247,3,10,18
9:31:48,2247,2246.6,2247,1,10,18
9:31:49,2246.8,2246.6,2246.8,3,9,22
9:31:50,2246.6,2246.6,2246.8,27,1,2
9:31:50,2246.8,2246.8,2247,6,1,15
9:31:51,2246.8,2246.6,2246.8,2,1,1
9:31:51,2246.8,2246.6,2247,2,7,14
9:31:52,2246.6,2246.6,2246.8,1,10,1
9:31:52,2247,2246.8,2247,2,12,11
9:31:53,2247,2246.8,2247,1,12,11
9:31:53,2247,2246.8,2247,3,13,9
9:31:54,2247,2246.8,2247,2,12,18
9:31:54,2247,2246.8,2247,6,13,14
9:31:55,2246.8,2246.8,2247,1,8,15
9:31:56,2247,2246.8,2247,1,8,14
9:31:56,2246.8,2246.8,2247,1,8,14
9:31:57,2247,2246.8,2247,1,8,14
9:31:57,2246.8,2246.8,2247,1,7,14
9:31:58,2247,2246.8,2247,1,7,13
9:31:58,2247,2247,2247.2,13,4,29
9:31:59,2247.2,2247,2247.2,1,6,28
9:32:00,2246.8,2246.6,2247.2,17,19,29
9:32:00,2247.2,2246.6,2247.2,11,21,24
9:32:01,2247.2,2246.6,2247.2,2,22,22
9:32:01,2247,2246.8,2247.2,5,2,19
9:32:02,2247.2,2246.8,2247.2,3,10,16
9:32:02,2247.4,2246.8,2247.4,18,11,101
9:32:03,2247.2,2246.8,2247.4,2,10,102
9:32:03,2247,2246.8,2247,25,10,14
9:32:04,2247,2246.8,2247,2,11,23
9:32:04,2247,2246.8,2247,15,11,7
9:32:05,2247,2246.8,2247,3,9,6
9:32:05,2247,2246.8,2247,1,9,5
9:32:06,2246.8,2246.6,2247,16,39,7
9:32:06,2246.8,2246.6,2246.8,6,39,1
9:32:07,2247.2,2246.6,2247.2,13,39,14
9:32:08,2247,2247,2247.2,13,2,11
9:32:09,2247.2,2247,2247.2,2,3,10
9:32:09,2247.2,2246.6,2247.2,7,40,13
9:32:10,2246.6,2247,2247.2,14,1,31
9:32:11,2247,2246.6,2247,1,37,1
9:32:11,2247.2,2246.6,2247.2,6,37,28
9:32:12,2247.2,2246.6,2247.2,10,42,22
9:32:13,2246.6,2246.6,2247,3,38,1
9:32:13,2247,2247,2247.2,1,1,22
9:32:14,2247,2246.8,2247.2,2,2,31
9:32:15,2246.6,2246.6,2247,41,3,2
9:32:16,2247,2246.8,2247,2,2,11
9:32:17,2246.8,2246.6,2246.8,2,18,6
9:32:17,2246.8,2246.6,2246.8,2,18,4
9:32:18,2246.8,2246.6,2246.8,18,4,1
9:32:18,2246.6,2246.8,2247,3,6,17
9:32:19,2247,2247,2247.2,17,18,24
9:32:19,2246.8,2246.8,2247,27,2,11
9:32:20,2247,2246.8,2247,7,2,20
9:32:20,2246.8,2246.8,2247,8,1,16
9:32:21,2246.6,2246.6,2246.8,8,2,1
9:32:21,2246.6,2246.6,2246.8,3,7,1
9:32:22,2247,2246.8,2247,5,1,11
9:32:22,2246.6,2246.6,2247,2,8,16
9:32:23,2246.6,2246.6,2246.8,4,4,1
9:32:23,2246.8,2246.8,2247,2,2,17
9:32:24,2247,2246.6,2247,8,4,19
9:32:25,2246.8,2246.6,2247,2,10,23
9:32:26,2246.8,2246.8,2247,14,2,12
9:32:26,2246.8,2246.8,2247,2,1,12
9:32:27,2247,2246.6,2247,8,16,6
9:32:28,2247,2247,2247.2,6,15,29
9:32:29,2247,2246.8,2247,20,4,3
9:32:29,2247.2,2246.8,2247.2,4,4,29
9:32:30,2247,2246.8,2247,6,5,3
9:32:30,2247,2247,2247.2,4,2,30
9:32:31,2247.2,2247,2247.2,10,3,26
9:32:31,2247,2246.8,2247,21,11,8
9:32:32,2247,2246.8,2247,1,11,7
9:32:32,2247,2246.8,2247,5,12,2
9:32:33,2246.8,2246.8,2247.2,5,10,20
9:32:34,2247.2,2247,2247.2,7,5,14
9:32:34,2247.2,2247,2247.2,5,13,11
9:32:35,2247.2,2247,2247.2,3,18,10
9:32:35,2247.4,2247,2247.4,18,21,73
9:32:36,2247.2,2247,2247.4,1,21,72
9:32:37,2247.2,2247,2247.2,4,21,6
9:32:37,2247,2247.2,2247.4,36,1,63
9:32:38,2247.4,2247.2,2247.4,5,6,62
9:32:38,2247.2,2247,2247.2,8,3,3
9:32:39,2247,2246.8,2247.2,5,16,4
9:32:39,2247.2,2247,2247.2,5,1,4
9:32:40,2247.2,2247,2247.2,1,3,6
9:32:40,2247,2246.8,2247,5,17,4
9:32:41,2247,2246.8,2247.2,9,17,8
9:32:41,2247.2,2247,2247.2,1,2,7
9:32:42,2247.2,2247,2247.2,1,2,12
9:32:42,2247.4,2247.2,2247.4,34,31,53
9:32:43,2247.4,2247.2,2247.4,28,30,26
9:32:43,2247.4,2247.4,2247.6,36,6,31
9:32:44,2247.6,2247.4,2247.6,2,18,29
9:32:44,2247.8,2247.6,2247.8,40,3,56
9:32:45,2247.8,2247.6,2247.8,6,16,51
9:32:45,2247.8,2247.6,2247.8,14,17,43
9:32:46,2247.8,2247.6,2247.8,29,8,35
9:32:46,2247.6,2247.4,2247.6,20,30,1
9:32:47,2247.6,2247.4,2247.6,10,21,4
9:32:47,2247.8,2247.4,2247.8,8,20,30
9:32:48,2247.6,2247.4,2247.6,4,20,32
9:32:48,2247.6,2247.4,2247.6,13,20,35
9:32:49,2247.6,2247.4,2247.6,10,20,29
9:32:49,2247.6,2247.4,2247.6,10,17,23
9:32:50,2247.6,2247.4,2247.6,10,18,13
9:32:50,2247.4,2247.4,2247.6,12,15,5
9:32:51,2247.4,2247.4,2247.8,8,14,41
9:32:51,2247.6,2247.6,2247.8,8,2,38
9:32:52,2247.6,2247.6,2247.8,3,10,37
9:32:53,2247.8,2247.6,2247.8,1,10,36
9:32:53,2247.6,2247.6,2247.8,4,10,33
9:32:54,2248,2247.8,2248,73,2,107
9:32:54,2247.8,2247.6,2247.8,16,4,11
9:32:55,2247.8,2247.8,2248,11,2,103
9:32:55,2247.8,2247.8,2248,8,12,100
9:32:56,2248,2247.8,2248,7,76,89
9:32:56,2248,2247.8,2248,31,69,69
9:32:57,2248,2248,2248.2,72,32,11
9:32:57,2248.4,2248.2,2248.4,14,15,37
9:32:58,2248.6,2248.4,2248.6,63,3,92
9:32:58,2248.4,2248,2248.2,93,18,1
9:32:59,2248.2,2248.2,2248.4,35,5,3
9:32:59,2248.2,2248,2248.2,32,21,13
9:33:00,2248.2,2248.2,2248.4,68,3,29
9:33:00,2248.4,2248,2248.2,58,5,6
9:33:01,2248.2,2248.4,2248.6,110,1,27
9:33:01,2248.6,2248.2,2248.6,18,1,40
9:33:02,2248.8,2248.6,2248.8,60,1,30
9:33:02,2248.8,2248.6,2248.8,34,3,18
9:33:03,2248.8,2248.8,2249,50,40,13
9:33:03,2249.2,2249,2249.2,41,20,12
9:33:04,2249,2248.8,2249,42,19,12
9:33:04,2249,2249,2249.4,53,18,77
9:33:05,2249,2248.8,2249.2,48,15,41
9:33:05,2248.8,2248.6,2248.8,51,8,3
9:33:06,2248.6,2248.6,2248.8,19,16,7
9:33:06,2248.4,2248.2,2248.4,38,62,5
9:33:07,2248.4,2248.4,2248.6,11,12,8
9:33:07,2248.4,2248.4,2248.6,9,19,8
9:33:08,2248.4,2248.4,2248.6,15,11,38
9:33:08,2248.4,2248.2,2248.4,19,62,19
9:33:09,2248.4,2248.2,2248.4,35,32,46
9:33:09,2248.2,2248.2,2248.4,93,16,7
9:33:10,2248.2,2248.2,2248.4,31,10,1
9:33:10,2248.2,2248,2248.2,16,62,32
9:33:11,2248.2,2248,2248.2,13,70,28
9:33:11,2248.2,2248,2248.2,8,67,30
9:33:12,2248,2248,2248.2,11,58,33
9:33:12,2248,2248,2248.2,24,35,33
9:33:13,2248,2248,2248.2,8,30,32
9:33:13,2248,2248,2248.2,11,25,30
9:33:14,2248.2,2248,2248.2,29,18,8
9:33:14,2248.2,2248,2248.2,4,18,7
9:33:15,2248.2,2248,2248.2,23,2,6
9:33:15,2247.8,2247.8,2248,7,58,2
9:33:16,2248.2,2248.2,2248.4,12,30,12
9:33:16,2248.2,2248.2,2248.4,13,27,3
9:33:17,2248.2,2248.2,2248.4,11,20,6
9:33:18,2248.2,2248.2,2248.4,14,8,4
9:33:18,2248.2,2248.2,2248.4,13,8,8
9:33:19,2248.2,2248.2,2248.4,3,5,10
9:33:19,2248.2,2248.2,2248.4,13,4,11
9:33:20,2248.2,2248,2248.4,10,49,8
9:33:20,2248.2,2248,2248.2,20,48,19
9:33:21,2248.2,2248,2248.2,2,56,18
9:33:21,2248,2248,2248.2,12,55,7
9:33:22,2248.2,2248,2248.2,6,55,1
9:33:22,2248,2248,2248.4,15,43,25
9:33:23,2248,2248,2248.2,1,42,3
9:33:23,2248,2248,2248.4,17,28,28
9:33:24,2248,2248,2248.4,3,25,33
9:33:24,2248.4,2248,2248.4,20,25,15
9:33:25,2248,2248,2248.2,3,26,14
9:33:25,2248.2,2248,2248.2,10,22,8
9:33:26,2248.2,2248,2248.2,2,25,6
9:33:26,2248.2,2248,2248.4,8,23,18
9:33:27,2248,2248,2248.4,4,20,18
9:33:27,2248,2248.2,2248.4,1,31,18
9:33:28,2248.4,2248.2,2248.4,4,36,17
9:33:28,2248.4,2248.2,2248.4,1,43,15
9:33:29,2248.4,2248.2,2248.4,8,40,14
9:33:29,2248.2,2248.2,2248.4,20,39,1
9:33:30,2248.4,2248.4,2248.6,5,3,49
9:33:30,2248.2,2248.2,2248.6,6,33,49
9:33:31,2248.6,2248.2,2248.6,13,41,40
9:33:31,2248.4,2248.2,2248.4,13,40,2
9:33:32,2248.2,2248.2,2248.4,12,40,1
9:33:32,2248.6,2248.4,2248.6,4,1,29
9:33:33,2248.4,2248.4,2248.6,1,3,32
9:33:33,2248.4,2248.4,2248.6,32,2,15
9:33:34,2248.4,2248.2,2248.6,9,39,15
9:33:34,2248.6,2248.2,2248.6,24,44,2
9:33:35,2248.6,2248.4,2248.6,4,16,8
9:33:35,2248.4,2248.4,2248.6,10,19,10
9:33:36,2248.6,2248.4,2248.6,3,26,8
9:33:36,2248.6,2248.4,2248.6,21,17,2
9:33:37,2248.6,2248.4,2248.6,9,9,18
9:33:37,2248.6,2248.4,2248.6,18,10,20
9:33:38,2248.4,2248.4,2248.6,8,9,18
9:33:38,2248.6,2248.6,2248.8,38,25,94
9:33:39,2248.6,2248.6,2248.8,2,24,94
9:33:39,2248.8,2248.6,2248.8,16,23,78
9:33:40,2248.6,2248.6,2248.8,6,34,74
9:33:40,2248.6,2248.6,2248.8,43,1,66
9:33:41,2248.8,2248.6,2248.8,54,1,16
9:33:41,2248.6,2248.4,2248.6,4,1,1
9:33:42,2248.8,2248.4,2248.8,3,13,14
9:33:42,2248.6,2248.4,2248.8,8,13,8
9:33:43,2249,2248.6,2249,13,2,71
9:33:43,2248.6,2248.6,2249,3,1,69
9:33:44,2249,2248.6,2249,4,1,62
9:33:44,2248.8,2248.8,2249,7,2,61
9:33:45,2249,2248.8,2249,4,3,57
9:33:45,2249,2248.8,2249,4,5,54
9:33:46,2249,2248.8,2249,25,4,31
9:33:46,2249,2248.8,2249,3,5,29
9:33:47,2249,2248.8,2249,14,9,17
9:33:47,2248.8,2249,2249.2,19,1,22
9:33:48,2249,2249,2249.2,16,1,21
9:33:48,2249.2,2249,2249.2,15,1,21
9:33:49,2249.2,2248.8,2249,10,18,1
9:33:49,2249.2,2249,2249.2,7,9,15
9:33:50,2249,2248.8,2249,32,18,17
9:33:50,2248.8,2248.8,2249.4,43,34,68
9:33:51,2249,2249,2249.2,51,6,6
9:33:51,2249,2249,2249.2,6,57,5
9:33:52,2249,2249,2249.2,11,56,20
9:33:52,2249.2,2249,2249.2,35,49,19
9:33:53,2249,2249,2249.2,18,38,14
9:33:53,2249.2,2249,2249.2,18,28,7
9:33:54,2249,2248.8,2249,39,26,14
9:33:54,2249,2248.8,2249,19,15,64
9:33:55,2249,2248.8,2249,40,7,52
9:33:55,2248.8,2248.6,2248.8,11,10,11
9:33:56,2248.6,2248.6,2248.8,10,14,32
9:33:56,2248.8,2248.6,2248.8,7,12,39
9:33:57,2248.6,2248.4,2248.6,26,15,1
9:33:57,2248.8,2248.6,2248.8,12,3,22
9:33:58,2248.6,2248.4,2248.6,5,15,1
9:33:58,2248.6,2248.4,2248.8,7,13,23
9:33:59,2248.6,2248.4,2248.6,3,15,5
9:33:59,2248.6,2248.4,2248.6,2,15,3
9:34:00,2248.2,2248.2,2248.4,18,41,5
9:34:00,2248.4,2248.6,2249,48,1,87
9:34:01,2248.2,2248.2,2248.4,5,47,25
9:34:01,2248.4,2248.2,2248.4,27,27,27
9:34:02,2248.4,2248.4,2248.6,34,23,3
9:34:02,2248.6,2248.4,2248.8,16,10,11
9:34:03,2248.4,2248.4,2248.8,7,4,11
9:34:03,2248.8,2248.4,2248.8,7,2,18
9:34:04,2248.4,2248.2,2248.4,11,11,1
9:34:04,2248.6,2248.2,2248.6,19,5,7
9:34:05,2248.6,2248.4,2248.6,9,2,16
9:34:05,2248.4,2248.2,2248.4,11,5,17
9:34:06,2248.2,2248,2248.2,8,38,4
9:34:06,2248.2,2248,2248.2,5,35,6
9:34:07,2248.2,2248,2248.2,40,2,1
9:34:07,2248.2,2247.8,2248,4,66,37
9:34:08,2248,2247.8,2248,3,65,36
9:34:08,2247.8,2247.8,2248,21,48,51
9:34:09,2248,2247.8,2248,9,47,43
9:34:09,2248,2247.8,2248,28,33,18
9:34:10,2247.8,2247.8,2248,10,24,16
9:34:10,2248,2248,2248.2,22,4,8
9:34:11,2248,2248,2248.2,7,13,7
9:34:11,2248,2248,2248.2,4,18,7
9:34:12,2248.2,2248.2,2248.4,14,27,18
9:34:12,2248.4,2248.2,2248.4,8,23,15
9:34:13,2248.2,2248,2248.4,24,16,16
9:34:13,2247.8,2247.8,2248,19,20,5
9:34:14,2248,2247.8,2248,5,17,3
9:34:14,2248,2247.8,2248,5,16,1
9:34:15,2248,2248,2248.2,7,21,4
9:34:15,2248,2248.2,2248.4,17,1,16
9:34:16,2248,2248,2248.2,2,14,15
9:34:16,2248.2,2248,2248.2,8,34,12
9:34:17,2248,2248,2248.2,5,34,10
9:34:17,2248.2,2248,2248.2,20,27,7
9:34:18,2248,2248,2248.2,22,10,4
9:34:18,2248,2248,2248.2,5,9,3
9:34:19,2248.2,2248,2248.2,6,28,5
9:34:19,2248.2,2247.8,2248.2,35,32,1
9:34:20,2248,2247.8,2248,1,32,1
9:34:20,2248.2,2248,2248.2,22,2,2
9:34:21,2248,2247.8,2248,4,34,1
9:34:21,2248,2248,2248.4,4,7,5
9:34:22,2248.2,2248,2248.2,3,6,2
9:34:22,2248.4,2248,2248.4,5,15,3
9:34:23,2248,2248.2,2248.4,3,15,3
9:34:23,2248,2248.2,2248.4,2,15,4
9:34:24,2248,2248.2,2248.4,5,11,7
9:34:24,2248.2,2248.2,2248.4,2,9,7
9:34:25,2248.6,2248.4,2248.6,12,18,17
9:34:25,2248.4,2248.4,2248.6,2,17,16
9:34:26,2248.6,2248.4,2248.6,5,14,15
9:34:26,2248.6,2248.6,2248.8,22,9,45
9:34:27,2248.6,2248.6,2248.8,5,6,46
9:34:27,2248.8,2248.6,2248.8,11,9,37
9:34:28,2248.6,2248.6,2248.8,5,8,36
9:34:28,2248.6,2248.4,2248.6,12,14,16
9:34:29,2248.6,2248.4,2248.6,11,14,10
9:34:29,2248.6,2248.4,2248.6,5,14,5
9:34:30,2248.6,2248.6,2248.8,8,10,30
9:34:30,2248.6,2248.6,2248.8,3,12,29
9:34:31,2248.6,2248.6,2248.8,2,20,29
9:34:31,2248.8,2248.6,2248.8,11,21,19
9:34:32,2248.6,2248.6,2248.8,1,20,22
9:34:32,2249,2248.8,2249,70,9,41
9:34:33,2248.8,2248.8,2249,12,4,35
9:34:33,2249,2248.8,2249,24,8,11
9:34:34,2249,2249,2249.2,11,29,37
9:34:34,2249,2249,2249.2,11,35,37
9:34:35,2249,2249,2249.2,4,38,36
9:34:35,2249,2249,2249.2,9,20,43
9:34:36,2249,2249,2249.2,7,20,38
9:34:36,2249.4,2249.2,2249.4,47,3,75
9:34:37,2249,2248.8,2249,27,17,24
9:34:37,2248.8,2248.6,2248.8,29,12,12
9:34:38,2248.8,2248.6,2248.8,5,12,7
9:34:38,2248.8,2248.8,2249.4,64,1,29
9:34:39,2249,2248.8,2249,2,17,1
9:34:39,2249,2248.8,2249,13,6,1
9:34:40,2248.8,2249,2249.2,7,1,6
9:34:40,2249,2249,2249.2,15,2,2
9:34:41,2249,2249,2249.2,31,7,1
9:34:41,2249.2,2249,2249.2,8,1,1
9:34:42,2248.8,2248.8,2249,6,4,9
9:34:42,2249,2248.8,2249,7,5,15
9:34:43,2249,2248.8,2249,10,4,12
9:34:43,2249,2248.8,2249,11,3,2
9:34:44,2248.8,2249,2249.2,7,1,24
9:34:44,2249,2248.6,2249,4,25,1
9:34:45,2248.8,2248.8,2249,21,2,1
9:34:45,2249.2,2248.6,2249,6,38,3
9:34:46,2249,2248.6,2249.2,5,38,13
9:34:46,2249,2248.8,2249,7,2,6
9:34:47,2248.8,2248.8,2249,3,10,7
9:34:47,2249.2,2249.2,2249.4,29,39,60
9:34:48,2249.2,2249.2,2249.4,2,38,60
9:34:48,2249.2,2249.2,2249.4,9,32,57
9:34:49,2249.2,2249.2,2249.4,22,19,54
9:34:49,2249,2249,2249.2,31,7,8
9:34:50,2249.2,2249,2249.2,13,4,5
9:34:50,2249,2249,2249.2,10,10,13
9:34:51,2249,2249,2249.2,6,7,12
9:34:51,2249.2,2249,2249.2,5,5,13
9:34:52,2249,2248.8,2249,18,16,4
9:34:52,2249.2,2248.8,2249.2,6,18,8
9:34:53,2249,2249,2249.2,54,2,13
9:34:53,2248.8,2248.6,2249.2,10,10,11
9:34:54,2248.6,2248.4,2248.6,23,18,2
9:34:54,2248.8,2248.4,2249,5,19,48
9:34:55,2248.6,2248.4,2248.8,6,19,27
9:34:55,2248.4,2248.2,2248.4,35,26,30
9:34:56,2248.4,2248.2,2248.4,23,13,21
9:34:56,2248.4,2248.2,2248.4,14,12,12
9:34:57,2248.4,2248.2,2248.4,12,11,1
9:34:57,2248.4,2248.4,2248.8,1,6,15
9:34:58,2248.8,2248.4,2248.8,6,8,7
9:34:58,2248.4,2248.4,2248.8,7,22,1
9:34:59,2248.6,2248.8,2249,9,1,53
9:34:59,2248.8,2248.6,2248.8,9,1,3
9:35:00,2248.8,2248.6,2248.8,4,19,1
9:35:00,2248.8,2248.8,2249,35,15,40
9:35:01,2249,2248.8,2249,54,10,1
9:35:01,2249,2249,2249.2,14,6,43
9:35:02,2248.8,2248.8,2249.4,90,13,36
9:35:02,2249.2,2249.2,2249.4,9,1,30
9:35:03,2249.2,2248.8,2249.2,13,24,12
9:35:03,2249.2,2249.2,2249.4,26,1,27
9:35:04,2249.2,2248.8,2249.4,6,18,27
9:35:04,2248.8,2248.8,2249.2,31,4,3
9:35:05,2249,2249,2249.2,4,14,21
9:35:05,2249,2249,2249.2,17,12,14
9:35:06,2249,2249,2249.2,4,9,21
9:35:06,2249,2249,2249.2,5,4,25
9:35:07,2249,2249,2249.2,11,1,24
9:35:07,2249.2,2248.8,2249,21,11,4
9:35:08,2249,2248.8,2249.2,6,11,7
9:35:08,2248.8,2248.8,2249.2,15,5,9
9:35:09,2249.2,2249,2249.2,7,1,4
9:35:09,2249.2,2248.8,2249,6,14,1
9:35:10,2248.8,2248.8,2249.2,8,10,5
9:35:10,2249,2249,2249.2,13,5,4
9:35:11,2248.8,2248.6,2248.8,12,7,13
9:35:11,2248.6,2248.6,2248.8,7,8,9
9:35:12,2248.6,2248.4,2248.6,10,49,6
9:35:12,2248.4,2248.4,2248.6,3,40,5
9:35:13,2248.8,2248.6,2248.8,9,2,11
9:35:13,2248.8,2248.6,2249,12,4,20
9:35:14,2248.6,2248.6,2249,2,4,21
9:35:14,2248.6,2248.6,2249,5,4,24
9:35:15,2248.6,2248.6,2248.8,3,5,1
9:35:15,2248.6,2248.4,2248.6,9,42,2
9:35:16,2248.6,2248.4,2248.6,4,41,1
9:35:16,2248.4,2248.4,2248.8,3,39,2
9:35:17,2248.4,2248.4,2248.8,2,38,4
9:35:17,2248.8,2248.4,2248.8,13,27,4
9:35:18,2248.4,2248.4,2248.8,3,30,3
9:35:18,2248.6,2248.6,2248.8,15,15,1
9:35:19,2248.6,2248.6,2248.8,6,11,4
9:35:19,2248.4,2248.4,2248.8,17,23,18
9:35:20,2248.4,2248.4,2248.8,11,24,11
9:35:20,2248.8,2248.6,2248.8,3,1,11
9:35:21,2248.6,2248.4,2248.8,9,29,5
9:35:21,2248.4,2248.4,2248.6,4,53,2
9:35:22,2248.4,2248.4,2248.8,15,40,6
9:35:22,2248.8,2248.6,2248.8,14,8,2
9:35:23,2248.6,2248.6,2249,11,9,59
9:35:23,2248.6,2248.6,2249,3,9,65
9:35:24,2248.6,2248.6,2249,7,4,66
9:35:24,2248.6,2248.4,2248.8,5,28,2
9:35:25,2248.4,2248.4,2249,16,30,54
9:35:25,2248.6,2248.6,2248.8,2,1,5
9:35:26,2248.4,2248.2,2248.4,44,40,12
9:35:26,2249,2248.2,2249,44,40,32
9:35:27,2248.4,2248.4,2248.8,36,9,18
9:35:27,2248.8,2248.4,2248.6,2,2,24
9:35:28,2248.6,2248.2,2248.6,26,41,22
9:35:28,2248.2,2248.2,2248.6,6,36,15
9:35:29,2248.6,2248.4,2248.6,3,3,14
9:35:29,2248.6,2248.6,2248.8,9,1,29
9:35:30,2248.6,2248.6,2248.8,2,1,30
9:35:30,2248.4,2248.2,2248.4,21,36,30
9:35:31,2248.4,2248.2,2248.4,9,33,76
9:35:31,2248.4,2248.2,2248.4,13,27,77
9:35:32,2248.2,2248,2248.2,32,97,43
9:35:32,2248.2,2248,2248.2,14,94,76
9:35:33,2248.2,2248,2248.2,52,46,73
9:35:33,2248,2248,2248.2,19,32,71
9:35:34,2247.8,2247.8,2248,36,40,19
9:35:34,2248,2248,2248.2,23,2,49
9:35:35,2248,2248,2248.2,14,4,39
9:35:35,2248,2248,2248.2,7,15,40
9:35:36,2248,2248,2248.2,7,20,41
9:35:36,2248.2,2248,2248.2,10,24,34
9:35:37,2248,2248,2248.2,20,21,22
9:35:37,2248,2248,2248.2,2,22,20
9:35:38,2248,2247.8,2248,32,39,1
9:35:38,2248,2247.8,2248,3,38,18
9:35:39,2247.8,2247.8,2248,34,19,6
9:35:39,2248,2247.8,2248,9,14,4
9:35:40,2248,2247.8,2248,7,9,3
9:35:40,2247.8,2247.8,2248,3,8,4
9:35:41,2247.8,2247.8,2248,16,7,6
9:35:41,2248,2247.6,2247.8,16,45,20
9:35:42,2248,2247.6,2247.8,2,45,18
9:35:42,2247.8,2247.6,2247.8,18,45,4
9:35:43,2247.8,2247.6,2248,4,46,4
9:35:43,2248,2247.6,2248,13,44,4
9:35:44,2247.6,2247.6,2248,4,38,6
9:35:44,2248,2248,2248.2,8,8,11
9:35:45,2248,2248,2248.2,4,8,12
9:35:45,2248,2248,2248.2,5,5,13
9:35:46,2248,2248,2248.2,3,3,13
9:35:46,2248,2247.8,2248,3,26,1
9:35:47,2247.8,2247.8,2248.2,7,20,13
9:35:47,2247.8,2247.8,2248,2,18,1
9:35:48,2247.8,2247.8,2248,13,5,3
9:35:48,2248,2247.8,2248.2,3,7,13
9:35:49,2247.8,2247.8,2248.2,8,1,13
9:35:49,2247.8,2247.8,2248.2,1,1,13
9:35:50,2247.8,2247.8,2248.2,4,3,13
9:35:50,2247.8,2247.6,2248.2,6,49,13
9:35:51,2247.8,2247.8,2248,2,7,1
9:35:51,2247.8,2247.8,2248.2,2,33,13
9:35:52,2248.2,2248,2248.2,5,10,12
9:35:52,2248.2,2248,2248.2,6,11,10
9:35:53,2248,2248,2248.2,20,1,3
9:35:53,2248.4,2248.2,2248.4,5,2,81
9:35:54,2248,2247.8,2248,15,39,5
9:35:54,2248,2247.8,2248,3,62,2
9:35:55,2247.8,2248,2248.2,22,2,12
9:35:55,2248.2,2248,2248.2,2,31,11
9:35:56,2248,2248,2248.2,5,39,18
9:35:57,2248.2,2248,2248.2,12,37,9
9:35:57,2248,2248,2248.2,4,32,9
9:35:58,2248.2,2248.2,2248.4,10,2,80
9:35:58,2248.2,2248.2,2248.4,1,1,82
9:35:59,2248,2248,2248.2,4,28,9
9:35:59,2248,2248,2248.2,2,27,16
9:36:00,2248.2,2248,2248.2,2,31,37
9:36:00,2248,2248,2248.2,40,17,14
9:36:01,2248.2,2248,2248.2,4,20,11
9:36:01,2248.2,2248.2,2248.4,13,9,82
9:36:02,2248.4,2248.2,2248.4,7,8,72
9:36:02,2248.4,2248.2,2248.4,18,5,58
9:36:03,2248.2,2248.2,2248.4,8,1,58
9:36:03,2248.2,2248,2248.2,16,17,3
9:36:04,2248.2,2248.2,2248.4,4,2,43
9:36:04,2248.2,2248,2248.2,15,18,1
9:36:05,2248.4,2248,2248.4,25,21,13
9:36:05,2248.2,2248.2,2248.4,1,14,14
9:36:06,2248.4,2248.2,2248.6,14,18,14
9:36:06,2248.2,2248.4,2248.6,10,11,8
9:36:07,2248.6,2248.4,2248.6,4,8,7
9:36:07,2248.4,2248.4,2248.6,7,1,6
9:36:08,2248.6,2248.2,2248.6,15,18,2
9:36:08,2248.2,2248.4,2248.6,4,1,5
9:36:09,2248.6,2248.6,2248.8,18,69,20
9:36:09,2248.6,2248.6,2248.8,2,68,42
9:36:10,2248.6,2248.6,2248.8,14,66,29
9:36:10,2248.8,2248.6,2248.8,21,64,10
9:36:11,2248.8,2248.6,2248.8,1,65,9
9:36:11,2248.6,2248.6,2248.8,10,64,5
9:36:12,2248.6,2248.6,2249,42,45,38
9:36:12,2248.6,2248.6,2248.8,2,43,8
9:36:13,2248.8,2248.6,2248.8,4,44,6
9:36:13,2248.8,2248.6,2248.8,6,44,9
9:36:14,2248.8,2248.8,2249,16,1,36
9:36:14,2248.8,2248.6,2249,4,43,36
9:36:15,2248.6,2248.6,2249,8,37,36
9:36:15,2249,2248.8,2249,1,1,35
9:36:16,2248.6,2248.6,2248.8,7,34,1
9:36:16,2249,2248.6,2249,6,32,27
9:36:17,2248.8,2248.6,2248.8,3,31,8
9:36:17,2248.8,2248.6,2248.8,4,30,5
9:36:18,2248.8,2248.6,2248.8,5,29,2
9:36:18,2248.8,2248.6,2248.8,6,24,3
9:36:19,2248.8,2248.6,2248.8,1,24,8
9:36:20,2248.6,2248.6,2248.8,13,14,30
9:36:20,2248.6,2248.6,2248.8,26,5,13
9:36:21,2248.6,2248.4,2248.6,8,8,2
9:36:21,2248.8,2248.4,2248.8,4,14,18
9:36:22,2248.8,2248.4,2248.8,1,24,19
9:36:22,2248.8,2248.4,2248.6,1,24,1
9:36:23,2248.6,2248.4,2248.8,6,23,18
9:36:23,2248.4,2248.4,2248.8,4,22,15
9:36:24,2248.6,2248.4,2248.6,2,22,10
9:36:25,2248.4,2248.4,2248.6,2,24,9
9:36:25,2248.6,2248.4,2248.6,2,29,8
9:36:26,2248.4,2248.4,2248.6,1,30,9
9:36:26,2248.4,2248.4,2248.6,2,29,9
9:36:27,2248.4,2248.4,2248.6,1,28,10
9:36:27,2248.6,2248.6,2248.8,12,6,21
9:36:28,2248.6,2248.4,2248.6,9,25,1
9:36:28,2248.4,2248.4,2248.6,1,27,1
9:36:29,2248.6,2248.6,2248.8,1,1,24
9:36:29,2248.6,2248.6,2248.8,4,1,24
9:36:30,2248.6,2248.4,2248.8,3,22,24
9:36:30,2248.8,2248.6,2248.8,2,1,24
9:36:31,2248.8,2248.6,2248.8,1,2,24
9:36:31,2248.6,2248.4,2248.8,2,23,24
9:36:32,2248.4,2248.4,2248.8,3,23,30
9:36:32,2248.4,2248.4,2248.8,3,29,30
9:36:33,2248.6,2248.4,2248.6,10,28,2
9:36:33,2248.4,2248.4,2248.6,1,27,3
9:36:34,2248.8,2248.8,2249,31,7,71
9:36:34,2248.8,2248.8,2249,1,7,74
9:36:35,2249,2248.8,2249,3,6,73
9:36:35,2248.8,2248.8,2249,7,1,73
9:36:36,2248.8,2248.6,2248.8,1,56,1
9:36:36,2249,2249,2249.2,77,24,52
9:36:37,2249.2,2249,2249.2,14,31,42
9:36:37,2249.2,2249.2,2249.4,44,15,66
9:36:38,2249.4,2249.2,2249.4,32,24,38
9:36:38,2249.4,2249.2,2249.4,20,25,20
9:36:39,2249.2,2249.2,2249.6,41,14,61
9:36:39,2249.6,2249.4,2249.6,9,1,57
9:36:40,2249.4,2249.2,2249.4,7,12,30
9:36:40,2249.2,2249.2,2249.4,11,3,47
9:36:41,2249.4,2249,2249.4,9,24,51
9:36:41,2249.4,2249,2249.2,4,24,1
9:36:42,2249.4,2249,2249.4,38,24,24
9:36:42,2249.4,2249,2249.4,10,21,21
9:36:43,2249.4,2249,2249.2,5,19,2
9:36:43,2249.4,2249,2249.2,21,21,1
9:36:44,2249.4,2249.4,2249.6,19,3,65
9:36:44,2249.6,2249.2,2249.4,4,4,9
9:36:45,2249.2,2249.2,2249.4,2,3,12
9:36:45,2249.4,2249.2,2249.4,3,3,15
9:36:46,2249.4,2249.2,2249.4,7,3,10
9:36:46,2249.2,2249,2249.2,11,23,1
9:36:47,2249.4,2249,2249.2,2,30,1
9:36:47,2249.4,2249,2249.2,3,34,1
9:36:48,2249,2249,2249.2,3,32,4
9:36:48,2249.2,2249.2,2249.4,5,7,8
9:36:49,2249.2,2249.2,2249.4,5,10,9
9:36:49,2249.4,2249.2,2249.4,5,12,10
9:36:50,2249.2,2249.2,2249.4,4,9,11
9:36:50,2249.2,2249.2,2249.4,6,7,8
9:36:51,2249.2,2249.2,2249.4,8,5,17
9:36:51,2249.2,2249,2249.4,8,64,15
9:36:52,2249,2249,2249.4,5,63,3
9:36:52,2249.4,2249.4,2249.6,4,1,73
9:36:53,2249,2249,2249.4,7,63,2
9:36:53,2249,2249.4,2249.6,9,4,75
9:36:54,2249.4,2249.4,2249.6,4,4,76
9:36:54,2249.4,2249.4,2249.6,5,1,74
9:36:55,2249.2,2249.2,2249.4,10,6,1
9:36:55,2249.4,2249.2,2249.4,1,9,1
9:36:56,2249.2,2249.2,2249.4,3,7,2
9:36:56,2249.4,2249.2,2249.4,10,1,6
9:36:57,2249.2,2249,2249.2,2,65,23
9:36:57,2249.2,2249,2249.2,13,59,10
9:36:58,2249.2,2249,2249.2,17,52,2
9:36:58,2249.2,2249,2249.2,15,49,3
9:36:59,2249.2,2249,2249.2,1,49,6
9:36:59,2249,2249,2249.2,8,44,16
9:37:00,2249,2249,2249.2,40,6,29
9:37:00,2249.2,2248.8,2249,17,8,18
9:37:01,2248.8,2248.8,2249,10,1,17
9:37:01,2249,2248.6,2249,11,59,12
9:37:02,2249,2248.8,2249,12,3,11
9:37:02,2248.8,2248.8,2249,2,6,12
9:37:03,2248.8,2248.8,2249,6,2,13
9:37:03,2248.6,2248.8,2249,8,1,16
9:37:04,2248.6,2248.6,2248.8,3,54,13
9:37:04,2248.8,2248.6,2248.8,12,47,15
9:37:05,2248.8,2248.6,2248.8,7,44,16
9:37:05,2248.6,2248.6,2248.8,4,41,47
9:37:06,2248.6,2248.6,2248.8,3,40,53
9:37:06,2248.6,2248.6,2248.8,19,21,61
9:37:07,2248.6,2248.6,2248.8,1,21,61
9:37:07,2248.6,2248.4,2248.6,25,32,23
9:37:08,2248.6,2248.4,2248.6,11,28,23
9:37:08,2248.6,2248.6,2248.8,31,18,51
9:37:09,2248.8,2248.6,2248.8,63,5,1
9:37:09,2248.8,2248.8,2249,3,14,11
9:37:10,2248.8,2248.8,2249,7,10,9
9:37:10,2249,2248.8,2249,8,16,6
9:37:11,2249,2248.8,2249,9,16,10
9:37:11,2248.4,2248.2,2248.4,60,60,1
9:37:12,2248.2,2248.2,2248.8,8,57,25
9:37:12,2248.8,2248.4,2248.6,4,25,9
9:37:13,2248.4,2248.4,2248.6,5,22,13
9:37:13,2248.4,2248.2,2248.4,25,63,9
9:37:14,2248.4,2248.4,2248.6,18,3,20
9:37:14,2248.6,2248.4,2248.6,3,1,19
9:37:15,2248.4,2248.2,2248.4,23,55,14
9:37:15,2248.2,2248.2,2248.4,5,57,13
9:37:16,2248.2,2248.4,2248.6,37,1,31
9:37:16,2247.8,2247.8,2248.6,97,4,31
9:37:17,2248.2,2248,2248.4,2,3,36
9:37:17,2247.8,2247.6,2247.8,22,58,1
9:37:18,2247.6,2247.8,2248,29,1,5
9:37:18,2247.8,2247.8,2248,11,8,4
9:37:19,2247.8,2247.8,2248.2,16,2,12
9:37:19,2247.8,2247.8,2248,2,30,1
9:37:20,2247.8,2247.8,2248.2,24,15,11
9:37:20,2247.8,2247.8,2248.4,62,8,10
9:37:21,2248,2248,2248.2,10,6,8
9:37:21,2247.8,2247.6,2247.8,38,51,5
9:37:22,2247.6,2247.6,2247.8,12,39,3
9:37:22,2247.6,2247.6,2247.8,11,36,2
9:37:23,2248,2247.8,2248,26,7,12
9:37:23,2247.6,2247.6,2248,25,10,12
9:37:24,2247.8,2247.6,2248,6,10,12
9:37:24,2247.6,2247.6,2248,7,18,16
9:37:25,2247.6,2247.6,2248,5,17,17
9:37:25,2247.4,2247.6,2248,29,1,18
9:37:26,2247.6,2247.4,2247.6,5,20,4
9:37:26,2247.6,2247.4,2247.6,20,26,2
9:37:27,2247.6,2247.4,2247.6,14,18,6
9:37:27,2247.6,2247.4,2247.6,9,40,15
9:37:28,2247.6,2247.4,2247.6,9,40,9
9:37:28,2247.4,2247.4,2247.8,16,36,12
9:37:29,2247.6,2247.4,2247.8,8,36,13
9:37:29,2247.6,2247.2,2247.4,95,7,2
9:37:30,2247.4,2247.2,2247.4,6,5,5
9:37:30,2247.2,2247,2247.4,35,46,1
9:37:31,2247.4,2247,2247.6,27,32,9
9:37:31,2247.2,2247,2247.2,29,16,2
9:37:32,2248,2247,2248,91,1,10
9:37:32,2247.4,2247.2,2247.8,7,25,8
9:37:33,2247.4,2247.2,2247.6,4,39,2
9:37:33,2247.4,2247.4,2247.6,8,9,2
9:37:34,2247.2,2247.2,2247.6,39,7,2
9:37:34,2247,2246.8,2247,24,32,11
9:37:35,2247,2247,2247.2,20,3,16
9:37:35,2247,2247,2247.2,27,3,8
9:37:36,2247.6,2247,2247.6,31,1,1
9:37:36,2247,2247,2247.4,6,14,10
9:37:37,2247.2,2247,2247.2,7,8,2
9:37:37,2247.2,2247,2247.2,25,4,2
9:37:38,2247.2,2246.8,2247.4,13,38,8
9:37:38,2247,2247,2247.4,3,1,10
9:37:39,2247.4,2247,2247.4,14,11,16
9:37:39,2247,2247.2,2247.4,13,4,15
9:37:40,2247.2,2247.2,2247.4,4,2,14
9:37:40,2247.2,2247,2247.2,3,23,9
9:37:41,2247,2247,2247.2,8,18,8
9:37:41,2247.4,2247.4,2247.6,33,5,4
9:37:42,2247.6,2247.4,2247.8,8,1,29
9:37:42,2247.8,2247.2,2247.4,8,4,1
9:37:43,2247.4,2247.2,2247.4,14,1,1
9:37:43,2247.2,2247.2,2247.4,7,13,6
9:37:44,2247.4,2247.2,2247.4,3,14,3
9:37:44,2247.2,2247.2,2247.6,4,11,18
9:37:45,2247.2,2247.2,2247.6,8,7,10
9:37:45,2247.2,2247.2,2247.4,4,6,2
9:37:46,2247.4,2247.4,2247.6,28,3,10
9:37:46,2247.4,2247.4,2247.6,1,2,9
9:37:47,2247.6,2247.4,2247.6,3,1,8
9:37:47,2247.2,2247,2247.6,19,75,2
9:37:48,2247.2,2247.2,2247.4,2,6,6
9:37:48,2247.4,2247.2,2247.4,3,12,11
9:37:49,2247.2,2247.2,2247.4,4,22,13
9:37:49,2247.4,2247.2,2247.4,11,24,3
9:37:50,2247.6,2247.2,2247.6,8,31,3
9:37:50,2247.2,2247.2,2247.8,5,31,30
9:37:51,2247.2,2247.2,2247.6,3,33,6
9:37:51,2247.4,2247.4,2247.6,2,1,18
9:37:52,2247.4,2247.2,2247.4,11,37,1
9:37:52,2247.2,2247.2,2247.6,8,34,13
9:37:53,2247.6,2247.2,2247.6,2,33,12
9:37:54,2247.2,2247.2,2247.4,1,32,7
9:37:55,2247.2,2247.2,2247.4,5,32,8
9:37:55,2247.4,2247.2,2247.4,3,34,6
9:37:56,2247.2,2247.2,2247.4,6,31,4
9:37:56,2247.2,2247.2,2247.4,33,21,1
9:37:57,2247.4,2247.4,2247.6,4,4,8
9:37:57,2247.4,2247.2,2247.4,7,36,9
9:37:58,2247.4,2247.2,2247.4,1,36,8
9:37:58,2247.2,2247.2,2247.4,3,37,7
9:37:59,2247.4,2247.2,2247.4,4,34,8
9:37:59,2247.4,2247.4,2247.6,11,2,9
9:38:00,2247.2,2247.2,2247.6,4,39,9
9:38:00,2247.6,2247.2,2247.6,5,39,5
9:38:01,2247.6,2247.2,2247.6,41,5,2
9:38:01,2247.8,2247,2247.4,24,126,1
9:38:02,2247.4,2247,2247.4,8,123,4
9:38:02,2247.8,2247.4,2247.8,16,26,32
9:38:03,2247.6,2247.4,2247.6,8,26,17
9:38:03,2247.6,2247.4,2247.6,2,25,18
9:38:04,2247.4,2247.4,2247.6,10,23,14
9:38:04,2247.6,2247.4,2247.6,8,23,6
9:38:05,2247.4,2247.2,2247.4,26,35,39
9:38:05,2247.2,2247.2,2247.4,31,5,42
9:38:06,2247.2,2247,2247.2,39,143,10
9:38:06,2247,2247,2247.2,13,137,3
9:38:07,2247.2,2247,2247.2,7,135,1
9:38:07,2247.2,2247.2,2247.4,7,10,37
9:38:08,2247.4,2247.2,2247.4,15,8,34
9:38:08,2247.2,2247.2,2247.4,9,13,33
9:38:09,2247.2,2247.2,2247.4,9,18,35
9:38:09,2247.2,2247.2,2247.4,22,28,24
9:38:10,2247.4,2247.4,2247.6,26,25,6
9:38:10,2247.6,2247.4,2247.6,6,25,2
9:38:11,2247.6,2247.6,2247.8,5,18,18
9:38:11,2247.8,2247.6,2247.8,5,15,17
9:38:12,2247.6,2247.4,2247.6,19,27,1
9:38:12,2247.8,2247.6,2247.8,4,12,17
9:38:13,2247.8,2247.6,2247.8,7,12,13
9:38:13,2247.6,2247.6,2247.8,1,11,13
9:38:14,2247.6,2247.6,2248,37,19,21
9:38:14,2247.6,2247.8,2248,6,1,18
9:38:15,2247.8,2247.6,2247.8,6,24,3
9:38:15,2248,2247.8,2248.2,27,4,35
9:38:16,2248.2,2248,2248.2,2,10,39
9:38:16,2248,2248,2248.2,12,4,30
9:38:17,2248,2248,2248.2,8,3,24
9:38:17,2248.2,2248.2,2248.4,25,6,7
9:38:18,2248.2,2248.2,2248.4,10,3,2
9:38:18,2248.6,2248.4,2248.6,9,2,17
9:38:19,2248.4,2248.4,2248.6,3,1,16
9:38:19,2248.4,2248.2,2248.4,5,2,1
9:38:20,2248.2,2247.8,2248,7,24,1
9:38:20,2248.4,2248,2248.4,10,3,6
9:38:21,2248.4,2248.2,2248.4,5,2,3
9:38:21,2248.4,2248.2,2248.4,2,1,7
9:38:22,2248.4,2248,2248.4,4,4,7
9:38:22,2248,2248,2248.2,2,9,1
9:38:23,2248,2248,2248.6,13,6,23
9:38:23,2248.2,2248.2,2248.4,1,2,5
9:38:24,2248.2,2248.2,2248.4,2,1,7
9:38:24,2248.2,2248.2,2248.4,1,1,7
9:38:25,2248.2,2248.2,2248.4,1,4,7
9:38:26,2248.4,2248.2,2248.4,4,1,8
9:38:26,2248.2,2248,2248.4,2,15,8
9:38:27,2248,2248,2248.2,7,8,2
9:38:27,2248.2,2248,2248.2,1,41,5
9:38:28,2248.2,2248,2248.2,2,48,3
9:38:28,2248,2248,2248.2,2,47,2
9:38:29,2248,2248,2248.2,2,45,3
9:38:29,2248.2,2248,2248.2,2,46,1
9:38:30,2248,2248,2248.2,1,45,1
9:38:30,2248.4,2248.2,2248.4,12,3,16
9:38:31,2248.4,2248.2,2248.4,11,2,6
9:38:31,2248.4,2248.2,2248.4,1,6,9
9:38:32,2248.2,2248.2,2248.4,3,6,8
9:38:32,2248.2,2248.2,2248.4,2,9,7
9:38:33,2248.2,2248.2,2248.4,6,6,5
9:38:33,2248.2,2248.2,2248.4,2,6,6
9:38:34,2248.4,2248.2,2248.4,1,6,5
9:38:34,2248.2,2248.2,2248.4,3,5,8
9:38:35,2248.2,2248.2,2248.4,3,13,13
9:38:35,2248.4,2248.2,2248.4,5,13,17
9:38:36,2248.4,2248.2,2248.4,2,12,17
9:38:36,2248.4,2248.2,2248.4,3,21,17
9:38:37,2248.4,2248.2,2248.4,6,29,14
9:38:37,2248.2,2248.2,2248.4,4,28,15
9:38:38,2248.4,2248.2,2248.4,12,17,14
9:38:38,2248.2,2248.2,2248.4,7,10,14
9:38:39,2248.4,2248.2,2248.4,21,4,2
9:38:39,2248.4,2248.4,2248.6,13,22,35
9:38:40,2248.6,2248.4,2248.6,37,15,9
9:38:40,2248.6,2248.4,2248.6,16,10,14
9:38:41,2248.6,2248.4,2248.6,4,9,11
9:38:41,2248.4,2248.2,2248.4,62,7,4
9:38:42,2248.2,2248.2,2248.6,6,7,20
9:38:42,2248.6,2248.2,2248.4,13,6,1
9:38:43,2248.4,2248.2,2248.4,10,6,1
9:38:44,2248.4,2248.4,2248.6,2,3,18
9:38:44,2248.6,2248.4,2248.6,4,17,21
9:38:45,2248.6,2248.4,2248.6,5,13,20
9:38:45,2248.6,2248.6,2248.8,23,4,22
9:38:46,2248.6,2248.4,2248.8,5,11,22
9:38:46,2248.6,2248.6,2248.8,4,15,23
9:38:47,2248.6,2248.6,2248.8,15,16,14
9:38:47,2248.8,2248.8,2249,16,51,42
9:38:48,2248.8,2248.8,2249,7,71,37
9:38:48,2249,2249,2249.2,39,20,18
9:38:49,2249.2,2249.2,2249.4,19,8,46
9:38:49,2249.4,2249.2,2249.4,7,11,42
9:38:50,2249.4,2249.2,2249.4,10,10,40
9:38:50,2249.2,2249,2249.2,28,13,2
9:38:51,2249.2,2249.2,2249.4,19,8,27
9:38:51,2249.8,2249,2249.2,124,3,3
9:38:52,2248.8,2248.8,2249.2,22,64,17
9:38:52,2249.2,2249,2249.2,9,20,9
9:38:53,2249.4,2249.2,2249.4,14,1,16
9:38:53,2249.4,2249.2,2249.4,9,2,14
9:38:54,2249.2,2249,2249.2,8,36,1
9:38:54,2249.4,2249.2,2249.4,11,4,12
9:38:55,2249.8,2249.6,2249.8,17,12,89
9:38:55,2249.8,2249.4,2249.8,30,5,73
9:38:56,2250,2249.8,2250,129,3,22
9:38:56,2249.8,2250,2250.2,51,5,4
9:38:57,2250.4,2250.2,2250.4,17,23,45
9:38:57,2250.2,2250.2,2250.4,22,17,38
9:38:58,2250.2,2250,2250.2,107,113,17
9:38:58,2250.2,2250,2250.2,129,67,2
9:38:59,2250.6,2250.4,2250.6,26,11,74
9:38:59,2250.4,2250.4,2250.6,35,13,65
9:39:00,2250.4,2250,2250.4,43,2,8
9:39:00,2250.6,2250.4,2250.6,129,2,38
9:39:01,2250.4,2250.2,2250.4,78,9,8
9:39:01,2250.4,2250,2250.2,165,12,4
9:39:02,2250.8,2250.8,2251,54,1,12
9:39:02,2250.8,2250.2,2250.8,118,8,15
9:39:03,2250.6,2250.4,2250.8,112,33,8
9:39:03,2250.4,2250.6,2250.8,39,1,11
9:39:04,2250.8,2250.8,2251,31,4,3
9:39:04,2251,2250.8,2251,30,4,4
9:39:05,2250.8,2250.6,2250.8,14,2,1
9:39:05,2250.6,2250.4,2250.6,13,9,10
9:39:06,2250.4,2250.2,2250.4,20,27,8
9:39:06,2250.4,2250.2,2250.4,30,2,8
9:39:07,2250.2,2250,2250.2,34,13,30
9:39:07,2250,2249.8,2250,27,1,1
9:39:08,2249.8,2249.6,2249.8,15,6,2
9:39:08,2249.8,2249.8,2250,12,5,5
9:39:09,2250,2250,2250.2,24,2,24
9:39:09,2250.2,2250,2250.2,19,9,13
9:39:10,2250,2249.8,2250,17,26,2
9:39:10,2249.8,2249.8,2250,33,13,46
9:39:11,2249.8,2249.8,2250,39,1,23
9:39:11,2249.8,2249.6,2249.8,13,11,40
9:39:12,2249.8,2249.6,2249.8,4,7,38
9:39:12,2249.6,2249.6,2249.8,9,9,34
9:39:13,2249.6,2249.6,2249.8,7,2,35
9:39:13,2249.6,2249.4,2249.6,17,8,4
9:39:14,2249.6,2249.6,2249.8,32,6,10
9:39:14,2249.6,2249.6,2249.8,7,1,8
9:39:15,2249.8,2249.4,2249.8,6,21,6
9:39:15,2249.6,2249.4,2249.6,14,17,3
9:39:16,2249.4,2249.4,2249.6,7,34,2
9:39:16,2249.6,2249.4,2249.8,2,34,4
9:39:17,2249.8,2249.8,2250,10,8,40
9:39:17,2250,2249.8,2250,40,4,4
9:39:18,2250,2250,2250.2,7,3,13
9:39:18,2250,2250,2250.2,2,6,13
9:39:19,2250,2249.8,2250,11,4,1
9:39:19,2250.2,2249.8,2250.4,10,3,16
9:39:20,2250,2250,2250.2,5,1,4
9:39:20,2250.2,2250.2,2250.4,12,5,14
9:39:21,2250,2249.8,2250,11,3,2
9:39:21,2249.8,2249.8,2250.2,7,1,2
9:39:22,2250.2,2249.8,2250.2,7,9,9
9:39:22,2249.8,2249.8,2250.2,2,1,11
9:39:23,2249.8,2249.6,2250,1,81,6
9:39:23,2250,2249.6,2250,4,82,8
9:39:24,2250,2249.8,2250,10,19,4
9:39:24,2249.8,2249.8,2250,5,15,3
9:39:25,2250,2249.8,2250,9,14,1
9:39:25,2250,2249.8,2250,4,22,3
9:39:26,2249.8,2250,2250.2,14,30,43
9:39:26,2250,2250,2250.2,9,24,41
9:39:27,2250.2,2250,2250.2,13,31,34
9:39:27,2250.2,2250,2250.2,10,28,29
9:39:28,2250.2,2250,2250.2,2,28,31
9:39:28,2250,2250,2250.2,2,26,33
9:39:29,2250,2250,2250.2,5,24,30
9:39:29,2250,2250,2250.4,44,20,23
9:39:30,2250,2250,2250.2,37,16,1
9:39:30,2250.2,2250,2250.2,9,16,1
9:39:31,2250.2,2250.2,2250.4,6,7,1
9:39:31,2250.2,2250.2,2250.4,5,2,6
9:39:32,2250.2,2250,2250.4,4,14,6
9:39:32,2250,2250,2250.2,4,12,2
9:39:33,2250.2,2250,2250.2,3,11,6
9:39:33,2250.2,2250,2250.2,10,11,5
9:39:34,2250,2250,2250.2,1,12,9
9:39:34,2250.2,2250.2,2250.4,21,4,9
9:39:35,2250.4,2250.2,2250.4,5,16,5
9:39:35,2250.2,2250.2,2250.4,20,4,4
9:39:36,2250.4,2250.4,2250.6,12,8,51
9:39:36,2250.6,2250.4,2250.6,14,34,48
9:39:37,2250.6,2250.4,2250.6,42,33,10
9:39:37,2250.6,2250.6,2250.8,12,37,30
9:39:38,2250.8,2250.6,2250.8,30,38,14
9:39:38,2250.8,2250.8,2251,23,4,36
9:39:39,2251,2250.8,2251,16,23,31
9:39:39,2251,2250.8,2251,10,21,39
9:39:40,2251.2,2250.8,2251.2,58,16,78
9:39:40,2251,2250.8,2251,21,17,20
9:39:41,2251,2250.8,2251,37,2,21
9:39:41,2250.8,2250.6,2250.8,40,18,4
9:39:42,2250.8,2250.6,2250.8,39,16,1
9:39:42,2251,2250.6,2250.8,27,22,1
9:39:43,2250.6,2250.6,2250.8,15,11,1
9:39:43,2250.8,2250.6,2250.8,35,19,8
9:39:44,2250.6,2250.6,2250.8,20,5,2
9:39:44,2251.2,2251,2251.2,33,1,45
9:39:45,2251,2250.8,2251,8,19,12
9:39:45,2250.8,2250.8,2251,11,16,11
9:39:46,2250.8,2250.8,2251,17,27,4
9:39:46,2250.8,2250.8,2251,8,39,4
9:39:47,2250.8,2250.8,2251,13,41,1
9:39:47,2251,2251,2251.2,5,28,43
9:39:48,2251.2,2251,2251.2,36,102,21
9:39:48,2251.4,2251.2,2251.4,32,40,18
9:39:49,2251.6,2251.6,2251.8,81,3,83
9:39:49,2251.8,2251.8,2252,100,12,93
9:39:50,2252.6,2252.4,2252.6,162,6,38
9:39:50,2252.8,2252.6,2252.8,113,3,20
9:39:51,2252,2252,2253,84,13,119
9:39:51,2252.6,2252.6,2252.8,132,1,99
9:39:52,2252.6,2252.2,2252.6,89,3,58
9:39:52,2252.2,2252.2,2252.4,53,1,41
9:39:53,2252.4,2252,2252.2,60,2,1
9:39:53,2252.2,2252.2,2252.4,25,5,32
9:39:54,2251.8,2251.8,2252,11,30,1
9:39:54,2252,2252,2252.2,31,7,38
9:39:55,2252,2252,2252.2,37,13,44
9:39:55,2252,2251.8,2252,43,20,7
9:39:56,2252,2251.8,2252,16,16,19
9:39:56,2252,2251.8,2252,19,8,21
9:39:57,2251.8,2251.6,2251.8,16,18,7
9:39:57,2251.8,2251.6,2251.8,26,16,10
9:39:58,2251.6,2251.6,2251.8,17,13,8
9:39:58,2251.8,2251.8,2252,20,1,29
9:39:59,2251.6,2251.4,2251.6,9,9,1
9:39:59,2251.4,2251.4,2251.8,12,3,16
9:40:00,2251.4,2251.4,2251.6,13,3,14
9:40:00,2251.6,2251.2,2251.4,63,14,1
9:40:01,2251.4,2251.4,2251.8,37,10,2
9:40:01,2251.4,2251.4,2251.8,57,1,4
9:40:02,2251.8,2251.8,2252,31,1,63
