9:14:00,2182,2182,2182.4,278,20,2
9:15:00,2183.8,2182.4,2183.8,192,157,64
9:15:01,2183.8,2183.8,2184,310,7,59
9:15:01,2184.6,2184,2184.6,192,3,115
9:15:02,2184.2,2184,2184.2,94,2,27
9:15:02,2183.8,2182.4,2183.8,94,247,101
9:15:03,2183.4,2183.2,2183.4,208,5,26
9:15:03,2183.2,2182.4,2183.2,156,221,21
9:15:04,2183.2,2182.6,2183,98,1,1
9:15:04,2182.6,2182.6,2182.8,109,14,3
9:15:05,2183,2183,2183.2,58,3,30
9:15:05,2182.6,2182.4,2183,168,107,6
9:15:06,2183,2182.6,2183,118,34,1
9:15:06,2183.2,2182.8,2183.2,40,1,15
9:15:07,2183,2183,2183.2,24,9,11
9:15:07,2183.2,2183,2183.2,43,29,3
9:15:08,2183.2,2183.2,2183.4,64,6,21
9:15:08,2183,2182.8,2183,45,15,4
9:15:09,2182.8,2182.8,2183,44,4,3
9:15:09,2183,2183,2183.4,27,20,11
9:15:10,2183,2182.8,2183,39,7,16
9:15:10,2182.8,2182.4,2182.8,38,138,6
9:15:11,2182.6,2182.4,2182.6,12,138,4
9:15:11,2182.6,2182.6,2182.8,45,7,43
9:15:12,2182.8,2182.4,2182.6,49,121,14
9:15:12,2182.4,2182.4,2182.6,128,36,32
9:15:13,2182.2,2182.2,2182.4,84,21,57
9:15:13,2182.2,2182,2182.2,78,146,24
9:15:14,2182.4,2182.2,2182.4,139,6,70
9:15:14,2182.2,2182,2182.2,34,69,42
9:15:15,2182.2,2182,2182.2,55,50,38
9:15:15,2182,2182,2182.2,43,26,28
9:15:16,2182,2182,2182.2,46,9,23
9:15:16,2182,2181.8,2182,27,4,112
9:15:17,2182,2181.6,2181.8,73,2,3
9:15:17,2181.6,2181.4,2181.6,18,19,18
9:15:18,2181.6,2181.4,2181.6,24,14,40
9:15:18,2181.4,2181.4,2181.6,52,28,19
9:15:19,2181.6,2181.2,2181.6,52,89,6
9:15:19,2181.4,2181.2,2181.4,27,89,65
9:15:20,2181.4,2181.4,2181.8,93,57,25
9:15:20,2181.6,2181.6,2181.8,20,8,25
9:15:21,2181.6,2181.6,2181.8,57,1,3
9:15:21,2181.8,2181.6,2181.8,23,2,1
9:15:22,2181.6,2181.8,2182,28,2,155
9:15:22,2181.8,2181.6,2181.8,49,1,3
9:15:23,2181.8,2181.8,2182,49,37,122
9:15:23,2182,2181.8,2182,15,32,119
9:15:24,2181.4,2181.4,2181.8,61,54,10
9:15:24,2181.8,2181.6,2181.8,36,5,10
9:15:25,2181.6,2181.6,2181.8,22,35,3
9:15:25,2182,2181.6,2181.8,31,29,1
9:15:26,2182,2181.8,2182,46,2,68
9:15:26,2181.8,2181.6,2182,21,20,57
9:15:27,2181.6,2181.8,2182,14,9,58
9:15:27,2181.8,2181.8,2182,55,16,47
9:15:28,2181.8,2181.6,2181.8,75,1,4
9:15:28,2181.8,2181.8,2182,8,2,24
9:15:29,2182,2181.4,2181.8,34,76,3
9:15:29,2182.2,2182,2182.2,12,49,29
9:15:30,2182,2182,2182.2,16,42,24
9:15:30,2182.2,2182,2182.2,8,75,23
9:15:31,2182.2,2182,2182.2,28,71,1
9:15:31,2182.2,2182.2,2182.4,35,20,27
9:15:32,2182.2,2182.2,2182.4,38,11,7
9:15:32,2182.2,2182.2,2182.4,9,9,2
9:15:33,2182.6,2182.4,2182.6,13,12,9
9:15:33,2182.2,2182.2,2182.4,24,15,5
9:15:34,2182.2,2182.2,2182.4,13,17,12
9:15:34,2182.4,2182.2,2182.6,13,20,8
9:15:35,2182.2,2182.2,2182.6,11,17,6
9:15:35,2182.6,2182.6,2182.8,11,14,35
9:15:36,2182.8,2182.6,2182.8,11,10,30
9:15:36,2182.8,2182.6,2182.8,20,25,14
9:15:37,2182.6,2182.6,2182.8,8,32,16
9:15:37,2183,2182.8,2183,51,11,14
9:15:38,2183,2182.8,2183,14,3,10
9:15:38,2183.2,2182.8,2183.2,33,4,50
9:15:39,2183.2,2183,2183.2,6,7,47
9:15:39,2182.8,2182.8,2183,30,8,12
9:15:40,2183,2182.8,2183,15,8,3
9:15:40,2183,2182.8,2183,20,9,1
9:15:41,2183,2182.8,2183,20,9,13
9:15:41,2183,2182.8,2183,16,10,3
9:15:42,2183,2183,2183.2,9,12,133
9:15:42,2183,2183,2183.2,25,3,127
9:15:43,2183,2182.8,2183,16,9,17
9:15:43,2182.8,2182.8,2183,27,5,23
9:15:44,2182.8,2182.6,2182.8,32,30,11
9:15:44,2182.8,2182.6,2182.8,5,38,10
9:15:45,2182.6,2182.6,2182.8,18,27,12
9:15:45,2183,2182.6,2183,20,27,9
9:15:46,2182.6,2182.6,2182.8,25,15,3
9:15:46,2182.4,2182.2,2182.4,29,49,9
9:15:47,2182.4,2182.4,2182.6,133,5,8
9:15:47,2182.6,2182.4,2182.6,44,13,15
9:15:48,2182.6,2182.4,2182.6,8,19,13
9:15:48,2182.6,2182.4,2182.6,25,8,8
9:15:49,2182.6,2182.4,2182.6,7,6,8
9:15:49,2182,2182,2182.6,22,8,7
9:15:50,2182.6,2182,2182.4,11,3,1
9:15:50,2182.6,2182.2,2182.4,10,2,33
9:15:51,2182,2182,2182.2,8,4,5
9:15:51,2182.4,2181.8,2182,48,33,2
9:15:52,2181.8,2181.6,2182.2,50,4,41
9:15:52,2181.8,2181.6,2181.8,6,14,11
9:15:53,2181.6,2181.6,2182,51,4,38
9:15:53,2181.4,2181.6,2182,12,4,34
9:15:54,2182,2181.4,2181.8,19,58,1
9:15:54,2181.6,2181.4,2181.6,9,55,7
9:15:55,2181.6,2181.4,2181.6,37,51,1
9:15:55,2181.6,2181.4,2181.6,5,50,1
9:15:56,2181.4,2181.4,2181.6,24,29,10
9:15:56,2181.4,2181.4,2181.6,9,25,6
9:15:57,2181.6,2181.4,2181.6,12,35,4
9:15:57,2181.6,2181.6,2181.8,45,8,3
9:15:58,2181.8,2181.6,2181.8,18,9,2
9:15:58,2181.6,2181.6,2181.8,10,26,2
9:15:59,2181.6,2181.6,2181.8,3,27,2
9:15:59,2181.8,2181.8,2182,7,2,40
9:16:00,2182,2181.8,2182,21,3,37
9:16:00,2182,2181.8,2182,63,3,46
9:16:01,2182,2181.8,2182,16,2,35
9:16:01,2182,2181.6,2182,44,1,32
9:16:02,2181.8,2181.8,2182,9,5,33
9:16:02,2182,2181.4,2182,23,25,18
9:16:03,2182,2181.6,2182,15,16,15
9:16:03,2181.8,2181.6,2181.8,13,14,36
9:16:04,2181.6,2181.4,2181.8,24,26,30
9:16:04,2181.6,2181.4,2181.6,21,26,3
9:16:05,2181.4,2181.4,2181.8,15,21,27
9:16:05,2181.6,2181.4,2181.8,18,16,20
9:16:06,2181.4,2181.2,2181.4,52,98,13
9:16:06,2181.4,2181.2,2181.4,8,101,7
9:16:07,2181.4,2181.4,2181.6,16,34,3
9:16:07,2182,2181.6,2182,6,3,33
9:16:08,2181.8,2181.8,2182,6,6,32
9:16:08,2181.8,2181.8,2182,11,6,31
9:16:09,2181.8,2181.8,2182,11,6,23
9:16:09,2182,2181.6,2182,13,25,20
9:16:10,2181.6,2181.6,2181.8,3,24,1
9:16:10,2181.8,2181.6,2182,2,25,23
9:16:11,2181.8,2181.8,2182,10,9,66
9:16:11,2181.8,2181.8,2182,7,31,66
9:16:12,2182,2181.8,2182,8,23,67
9:16:12,2182,2181.8,2182,11,23,57
9:16:13,2182,2181.8,2182,11,20,54
9:16:13,2182,2181.8,2182,25,22,37
9:16:14,2182,2181.8,2182,4,28,33
9:16:14,2182,2182,2182.2,47,70,19
9:16:15,2182.2,2182.2,2182.4,22,9,36
9:16:15,2182.4,2182.2,2182.4,36,14,5
9:16:16,2182.6,2182.4,2182.6,12,7,60
9:16:16,2182.4,2182.4,2182.6,7,4,58
9:16:17,2182.6,2182.6,2182.8,76,32,85
9:16:17,2182.8,2182.6,2182.8,13,25,83
9:16:18,2182.6,2182.6,2182.8,22,26,65
9:16:18,2182.8,2182.6,2182.8,10,41,55
9:16:19,2182.8,2182.6,2182.8,59,26,16
9:16:19,2182.8,2182.6,2182.8,5,25,14
9:16:20,2182.6,2182.6,2182.8,13,18,8
9:16:20,2182.8,2182.6,2182.8,19,13,37
9:16:21,2182.6,2182.4,2182.8,39,17,6
9:16:21,2182.6,2182.4,2182.6,4,18,3
9:16:22,2182.8,2182.4,2182.8,15,15,21
9:16:22,2182.6,2182.4,2182.8,36,11,6
9:16:23,2182.6,2182.4,2182.8,14,13,18
9:16:23,2182.4,2182.4,2182.8,15,2,22
9:16:24,2182.8,2182.2,2182.6,20,18,6
9:16:24,2182.8,2182.6,2182.8,17,1,17
9:16:25,2182.4,2182,2182.4,56,16,21
9:16:25,2182.2,2182,2182.2,40,3,18
9:16:26,2182.2,2182,2182.2,8,6,10
9:16:26,2182.8,2182,2182.8,39,46,19
9:16:27,2182.4,2182.4,2182.6,44,17,31
9:16:27,2182.2,2182.2,2182.4,83,4,9
9:16:28,2182.4,2182.2,2182.4,9,7,1
9:16:28,2182.6,2182.4,2182.6,4,2,3
9:16:29,2182.4,2182.4,2182.8,5,2,5
9:16:29,2183,2182.4,2182.8,9,5,3
9:16:30,2182.2,2182.2,2182.6,12,18,25
9:16:30,2182.4,2182.2,2182.6,9,14,18
9:16:31,2182.4,2182.4,2182.6,1,9,18
9:16:31,2182.6,2182.4,2182.6,10,7,13
9:16:32,2182.4,2182.2,2182.4,18,20,9
9:16:32,2182.4,2182.2,2182.4,12,27,4
9:16:33,2182.4,2182.2,2182.4,3,32,3
9:16:33,2182.2,2182.2,2182.4,6,31,4
9:16:34,2182.4,2182.4,2182.6,13,9,17
9:16:34,2182.4,2182.4,2182.6,5,7,16
9:16:35,2182.6,2182.4,2182.6,2,7,15
9:16:35,2182.6,2182.4,2182.6,6,83,12
9:16:36,2182.6,2182.6,2182.8,15,7,15
9:16:36,2182.8,2182.8,2183,16,16,96
9:16:37,2183,2182.6,2182.8,21,50,1
9:16:37,2182.6,2182.6,2183,26,28,90
9:16:38,2182.6,2182.6,2183,48,24,63
9:16:38,2182.8,2182.8,2183,24,46,52
9:16:39,2182.8,2182.8,2183,10,39,49
9:16:39,2183,2183,2183.2,65,32,134
9:16:40,2183,2183,2183.2,3,35,133
9:16:40,2183.2,2183,2183.2,48,29,95
9:16:41,2183,2183,2183.2,12,23,89
9:16:41,2183.2,2183,2183.2,54,5,61
9:16:42,2183,2183,2183.2,7,7,58
9:16:42,2182.8,2182.8,2183,17,32,13
9:16:43,2183,2182.8,2183,29,22,17
9:16:43,2183,2182.8,2183.2,27,21,46
9:16:44,2183,2183,2183.2,2,12,48
9:16:44,2183.2,2183,2183.2,9,9,50
9:16:45,2183,2182.8,2183,27,14,7
9:16:45,2183,2182.8,2183,8,14,3
9:16:46,2183,2183,2183.2,29,6,46
9:16:46,2183,2183,2183.2,12,9,38
9:16:47,2183.2,2183,2183.2,13,14,38
9:16:47,2183,2183,2183.2,14,5,43
9:16:48,2183,2182.8,2183,13,16,57
9:16:48,2182.8,2182.8,2183,28,7,67
9:16:49,2182.8,2182.6,2182.8,19,27,47
9:16:49,2183,2182.6,2182.8,73,2,1
9:16:50,2183,2182.6,2182.8,5,3,3
9:16:50,2182.8,2182.6,2183,14,2,50
9:16:51,2182.8,2182.6,2182.8,11,7,7
9:16:51,2182.8,2182.6,2183,17,2,53
9:16:52,2182.8,2182.8,2183,4,3,57
9:16:52,2182.8,2182.6,2183,5,4,60
9:16:53,2183,2182.6,2183,5,3,58
9:16:53,2182.8,2182.8,2183,2,1,61
9:16:54,2183,2182.6,2182.8,5,4,1
9:16:54,2183,2182.6,2182.8,6,4,5
9:16:55,2182.6,2182.4,2182.6,12,38,18
9:16:55,2182.6,2182.4,2182.6,11,33,12
9:16:56,2182.6,2182.4,2182.6,11,25,11
9:16:56,2182.4,2182.4,2182.8,20,20,8
9:16:57,2182.6,2182.4,2182.6,2,20,52
9:16:57,2182.4,2182.4,2182.6,37,15,20
9:16:58,2182.6,2182.4,2182.6,6,14,20
9:16:58,2182.6,2182.6,2182.8,29,41,9
9:16:59,2182.6,2182.6,2182.8,29,20,1
9:16:59,2182.8,2182.8,2183,4,4,78
9:17:00,2183,2182.6,2183,6,27,83
9:17:00,2182.6,2182.6,2182.8,4,28,6
9:17:01,2182.6,2182.8,2183,14,1,87
9:17:01,2182.6,2182.6,2182.8,7,18,21
9:17:02,2182.8,2182.6,2182.8,10,16,7
9:17:02,2182.6,2182.6,2183,20,9,85
9:17:03,2182.8,2182.4,2183,18,23,85
9:17:03,2182.8,2182.6,2182.8,4,1,7
9:17:04,2182.6,2182.6,2182.8,12,9,17
9:17:04,2182.8,2182.6,2182.8,11,11,27
9:17:05,2183,2182.6,2182.8,36,9,1
9:17:05,2182.8,2182.8,2183,11,4,84
9:17:06,2183,2183,2183.2,106,16,52
9:17:06,2183.2,2183,2183.2,39,13,26
9:17:07,2183.2,2183,2183.2,16,9,15
9:17:07,2183.2,2183,2183.2,12,12,4
9:17:08,2183.4,2183.2,2183.4,29,3,31
9:17:08,2183,2183,2183.4,11,6,30
9:17:09,2183.4,2183.2,2183.4,11,2,23
9:17:09,2183,2183,2183.2,19,9,1
9:17:10,2182.8,2182.8,2183.2,18,18,5
9:17:10,2183.4,2183.2,2183.4,14,4,2
9:17:11,2183.2,2183.2,2183.6,12,2,47
9:17:11,2183.4,2183.2,2183.4,24,1,2
9:17:12,2182.8,2183.2,2183.4,7,2,1
9:17:12,2183.2,2183.2,2183.6,9,18,53
9:17:13,2183.2,2183.2,2183.6,26,16,33
9:17:13,2183.2,2183.2,2183.6,21,1,31
9:17:14,2183.2,2182.8,2183.2,19,58,31
9:17:14,2183.2,2182.8,2183.2,22,55,17
9:17:15,2183.2,2183,2183.2,15,5,6
9:17:15,2183,2183,2183.2,5,8,15
9:17:16,2183.2,2183,2183.4,27,1,21
9:17:16,2183,2182.8,2183,4,53,2
9:17:17,2183,2182.8,2183,3,50,4
9:17:17,2182.8,2182.8,2183.2,6,50,9
9:17:18,2183.2,2183,2183.2,8,1,4
9:17:18,2183.2,2183,2183.2,3,1,2
9:17:19,2183,2182.8,2183,6,52,2
9:17:19,2183.2,2183,2183.2,7,5,4
9:17:20,2183,2183,2183.2,3,3,4
9:17:20,2183,2183.2,2183.4,6,2,34
9:17:21,2183,2183,2183.2,6,31,1
9:17:21,2183.2,2183,2183.2,5,48,2
9:17:22,2183.2,2183.2,2183.4,5,5,40
9:17:22,2183.2,2183.2,2183.4,3,5,40
9:17:23,2183.2,2183,2183.4,5,56,39
9:17:23,2183.2,2183,2183.2,14,58,11
9:17:24,2183.2,2183,2183.2,3,63,12
9:17:24,2183,2183,2183.2,1,64,12
9:17:25,2183,2183,2183.2,27,49,3
9:17:25,2183,2183,2183.2,5,46,1
9:17:26,2183.2,2183.2,2183.4,9,13,37
9:17:26,2183.4,2183.2,2183.4,6,11,40
9:17:27,2183.4,2183.2,2183.4,4,8,39
9:17:27,2183,2183,2183.4,12,49,40
9:17:28,2183.4,2183.2,2183.4,16,7,38
9:17:28,2183.4,2183.2,2183.4,23,1,37
9:17:29,2183.4,2183.2,2183.4,4,16,34
9:17:29,2183.4,2183.2,2183.4,14,11,28
9:17:30,2183.4,2183.2,2183.4,8,8,29
9:17:30,2183.2,2183,2183.2,13,30,20
9:17:31,2183.2,2183,2183.2,7,33,17
9:17:31,2183.2,2183,2183.2,9,32,14
9:17:32,2183.2,2183,2183.2,22,26,3
9:17:32,2183.2,2183.2,2183.4,3,1,31
9:17:33,2183.2,2183,2183.2,5,27,2
9:17:33,2183,2183,2183.2,7,21,11
9:17:34,2183.2,2183,2183.2,17,15,11
9:17:34,2183.2,2183,2183.2,7,12,12
9:17:35,2183.2,2183,2183.2,11,4,11
9:17:35,2183,2182.8,2183,11,44,25
9:17:36,2183,2182.8,2183,4,43,24
9:17:36,2183,2182.8,2183,17,43,9
9:17:37,2183,2182.8,2183,15,32,12
9:17:37,2182.8,2182.8,2183,3,29,50
9:17:38,2183,2182.8,2183,3,29,47
9:17:38,2183,2182.8,2183,25,8,46
9:17:39,2182.8,2182.6,2182.8,24,55,1
9:17:39,2182.8,2182.6,2183,7,56,45
9:17:40,2182.8,2182.6,2182.8,6,56,1
9:17:40,2182.6,2182.6,2183,15,42,44
9:17:41,2182.6,2182.6,2183,6,37,45
9:17:41,2182.6,2182.6,2183,2,40,45
9:17:42,2182.6,2182.6,2182.8,4,37,9
9:17:42,2182.8,2182.8,2183,11,2,53
9:17:43,2182.6,2182.6,2182.8,4,33,25
9:17:43,2182.8,2182.6,2182.8,3,31,32
9:17:44,2182.6,2182.6,2182.8,12,24,46
9:17:44,2182.6,2182.4,2182.6,24,20,30
9:17:45,2182.4,2182.4,2182.6,7,13,59
9:17:45,2182.6,2182.4,2182.6,2,13,57
9:17:46,2182.6,2182.2,2182.4,34,48,25
9:17:46,2182.2,2182.2,2182.4,5,48,47
9:17:47,2182.2,2182.2,2182.4,12,37,53
9:17:47,2182.2,2182.2,2182.4,46,30,18
9:17:48,2182.2,2182.2,2182.4,11,19,18
9:17:48,2182.2,2182.2,2182.4,30,4,5
9:17:49,2182.2,2182.2,2182.4,6,4,2
9:17:49,2182.4,2182,2182.6,8,147,9
9:17:50,2182.2,2182.2,2182.6,19,48,6
9:17:50,2182.8,2182.2,2182.6,13,52,3
9:17:51,2182.6,2182.6,2182.8,17,19,5
9:17:51,2182.8,2182.8,2183,6,2,60
9:17:52,2182.6,2182.8,2183,3,2,61
9:17:52,2182.6,2182.6,2182.8,14,25,1
9:17:53,2182.8,2182.8,2183,6,1,59
9:17:53,2182.6,2182.6,2182.8,2,33,1
9:17:54,2182.8,2182.6,2182.8,2,35,1
9:17:54,2182.6,2182.6,2182.8,1,34,4
9:17:55,2182.8,2182.6,2182.8,2,40,4
9:17:56,2182.6,2182.6,2182.8,2,38,39
9:17:56,2182.8,2182.6,2182.8,6,48,34
9:17:57,2182.6,2182.6,2182.8,15,39,36
9:17:57,2182.6,2182.6,2182.8,1,41,37
9:17:58,2182.8,2182.6,2182.8,20,23,35
9:17:58,2182.6,2182.6,2182.8,11,12,42
9:17:59,2182.8,2182.6,2182.8,19,2,36
9:17:59,2182.4,2182.4,2182.8,23,5,18
9:18:00,2182.8,2182.4,2182.8,8,8,17
9:18:00,2182.8,2182.6,2182.8,10,2,9
9:18:01,2182.8,2182.4,2182.8,3,19,10
9:18:01,2182.8,2182.6,2182.8,4,1,11
9:18:02,2182.4,2182.2,2182.4,25,58,14
9:18:02,2182.4,2182.2,2182.4,9,58,6
9:18:03,2182.4,2182.4,2182.6,7,2,9
9:18:03,2182.4,2182.4,2182.6,8,13,13
9:18:04,2182.6,2182.4,2182.6,6,8,13
9:18:04,2182.4,2182.4,2182.6,5,7,10
9:18:05,2182.4,2182.4,2182.6,4,6,13
9:18:05,2182.4,2182.4,2182.6,4,3,24
9:18:06,2182.2,2182.2,2182.4,5,56,100
9:18:06,2182.4,2182,2182.2,100,170,8
9:18:07,2182.4,2182,2182.4,64,157,41
9:18:07,2182.2,2182,2182.2,16,156,3
9:18:08,2182,2182,2182.2,3,154,4
9:18:08,2182.2,2182,2182.2,105,51,2
9:18:09,2182.2,2182.2,2182.4,16,2,55
9:18:09,2182.2,2182,2182.2,28,31,9
9:18:10,2182,2182,2182.2,3,32,10
9:18:10,2182,2182,2182.2,4,41,9
9:18:11,2182.2,2182.2,2182.4,18,28,57
9:18:11,2182.2,2182,2182.2,29,42,1
9:18:12,2182.2,2182.2,2182.4,4,28,59
9:18:12,2182,2182,2182.2,63,5,2
9:18:13,2182,2181.8,2182,8,80,2
9:18:13,2182,2181.8,2182,6,82,5
9:18:14,2182,2182,2182.2,22,8,4
9:18:14,2182,2181.8,2182,13,82,2
9:18:15,2181.8,2181.8,2182,14,72,3
9:18:15,2181.8,2181.8,2182,3,70,4
9:18:16,2182,2182,2182.2,12,9,14
9:18:16,2182,2181.8,2182,11,71,11
9:18:17,2182,2182,2182.2,31,3,6
9:18:17,2182.2,2181.8,2182.2,7,86,6
9:18:18,2181.8,2181.8,2182.2,10,86,6
9:18:18,2181.8,2182,2182.2,1,10,7
9:18:19,2182.2,2182,2182.2,5,15,5
9:18:19,2182,2182,2182.2,8,32,5
9:18:20,2182,2182,2182.2,5,28,6
9:18:20,2182,2182,2182.2,7,25,6
9:18:21,2182,2182,2182.2,7,18,6
9:18:21,2182.2,2182,2182.2,1,20,6
9:18:22,2182,2182,2182.2,6,58,8
9:18:23,2182.2,2182,2182.2,8,60,1
9:18:23,2182.2,2182.2,2182.4,3,17,67
9:18:24,2182.2,2182.2,2182.4,5,12,67
9:18:24,2182.2,2182.2,2182.4,2,16,66
9:18:25,2182.2,2182.2,2182.4,3,13,66
9:18:25,2182.2,2182.2,2182.4,1,12,66
9:18:26,2182.2,2182.2,2182.4,5,10,63
9:18:27,2182.2,2182.2,2182.4,3,12,64
9:18:27,2182.2,2182.2,2182.4,9,4,64
9:18:28,2182.2,2182.2,2182.4,4,1,64
9:18:28,2182.2,2182.2,2182.4,1,21,64
9:18:29,2182.4,2182.2,2182.4,7,15,63
9:18:29,2182.2,2182.2,2182.4,1,14,64
9:18:30,2182.4,2182.2,2182.4,4,14,61
9:18:30,2182.2,2182.2,2182.4,5,46,62
9:18:31,2182.2,2182.2,2182.4,1,46,63
9:18:31,2182.4,2182.2,2182.4,3,49,61
9:18:32,2182.4,2182.2,2182.4,22,43,45
9:18:32,2182.4,2182.2,2182.4,30,29,32
9:18:33,2182.2,2182.2,2182.4,12,30,28
9:18:33,2182.4,2182.2,2182.4,2,29,27
9:18:34,2182.4,2182.2,2182.4,1,36,28
9:18:35,2182.4,2182.2,2182.4,19,35,14
9:18:36,2182.4,2182.2,2182.4,1,35,13
9:18:36,2182.2,2182.2,2182.4,3,33,13
9:18:37,2182.2,2182.2,2182.4,10,32,5
9:18:37,2182.4,2182.2,2182.4,3,36,3
9:18:38,2182.4,2182.4,2182.6,10,4,10
9:18:38,2182.4,2182.4,2182.6,4,3,8
9:18:39,2182.6,2182.4,2182.6,4,6,7
9:18:39,2182.6,2182.4,2182.6,5,8,2
9:18:40,2182.4,2182.4,2182.6,4,5,3
9:18:40,2182.4,2182.4,2182.6,1,4,5
9:18:41,2182.4,2182.4,2182.6,1,4,7
9:18:41,2182.4,2182.4,2182.6,2,2,7
9:18:42,2182.6,2182.4,2182.6,7,2,8
9:18:42,2182.6,2182.4,2182.6,6,2,5
9:18:43,2182.6,2182.4,2182.6,4,3,2
9:18:43,2182.4,2182.2,2182.4,4,36,5
9:18:44,2182.6,2182.6,2182.8,27,25,39
9:18:44,2182.6,2182.6,2182.8,12,15,42
9:18:45,2182.8,2182.6,2182.8,10,15,32
9:18:45,2182.6,2182.4,2182.6,16,6,9
9:18:46,2182.6,2182.4,2182.6,1,6,9
9:18:46,2182.6,2182.4,2182.6,4,9,14
9:18:47,2182.6,2182.4,2182.6,3,7,17
9:18:47,2182.6,2182.4,2182.6,2,8,15
9:18:48,2182.4,2182.2,2182.4,11,39,4
9:18:48,2182.4,2182.2,2182.4,4,39,19
9:18:49,2182.2,2182.2,2182.4,22,29,1
9:18:49,2182.4,2182.2,2182.4,2,30,1
9:18:50,2182.2,2182.2,2182.4,2,31,1
9:18:50,2182.4,2182.2,2182.4,8,25,1
9:18:51,2182.4,2182.2,2182.6,4,25,9
9:18:51,2182.2,2182.2,2182.6,1,25,9
9:18:52,2182.2,2182.2,2182.4,1,26,1
9:18:53,2182.2,2182,2182.2,28,101,9
9:18:54,2182,2182,2182.2,3,100,7
9:18:54,2182.2,2182,2182.2,9,95,8
9:18:55,2182.2,2182,2182.2,8,94,4
9:18:55,2182,2182,2182.2,5,89,4
9:18:56,2182.2,2182,2182.2,4,87,5
9:18:56,2182.2,2182,2182.4,5,88,14
9:18:57,2182,2182,2182.4,3,86,14
9:18:57,2182,2182,2182.2,2,87,3
9:18:58,2182,2182,2182.4,6,85,24
9:18:58,2182.4,2182,2182.4,3,83,26
9:18:59,2182.2,2182,2182.4,7,85,26
9:18:59,2182,2182,2182.4,32,55,25
9:19:00,2182,2182,2182.2,1,57,1
9:19:00,2182,2182,2182.2,6,58,1
9:19:01,2182,2182,2182.2,1,53,1
9:19:01,2182,2182,2182.4,11,43,22
9:19:02,2182.4,2182.2,2182.4,5,6,17
9:19:02,2182.2,2182.2,2182.4,6,3,16
9:19:03,2182.2,2182.2,2182.4,10,6,9
9:19:03,2182.2,2182.2,2182.4,7,4,7
9:19:04,2182.4,2182.2,2182.4,2,8,6
9:19:04,2182.2,2182.2,2182.4,6,5,5
9:19:05,2182.2,2182,2182.2,13,54,27
9:19:05,2182.2,2182,2182.2,1,54,26
9:19:06,2182.2,2182,2182.2,6,54,21
9:19:07,2182,2182,2182.2,8,48,22
9:19:07,2182,2182,2182.2,8,47,17
9:19:08,2182,2182,2182.2,5,49,14
9:19:08,2182,2182,2182.2,3,47,14
9:19:09,2182,2182,2182.2,2,46,15
9:19:09,2182,2182,2182.2,8,39,21
9:19:10,2182.2,2182,2182.2,13,30,24
9:19:10,2182,2181.8,2182,33,104,18
9:19:11,2182,2181.8,2182,35,104,17
9:19:11,2182,2181.8,2182,6,100,18
9:19:12,2181.8,2181.8,2182,14,86,18
9:19:12,2181.8,2181.8,2182,3,84,19
9:19:13,2181.8,2181.8,2182,6,82,23
9:19:13,2181.8,2181.8,2182,41,42,25
9:19:14,2181.8,2181.8,2182,16,26,25
9:19:14,2181.8,2181.6,2181.8,35,46,66
9:19:15,2181.6,2181.6,2181.8,25,22,74
9:19:15,2181.6,2181.4,2181.6,25,66,10
9:19:16,2181.4,2181.4,2181.6,32,34,29
9:19:16,2181.4,2181.4,2181.6,8,29,27
9:19:17,2181.4,2181.4,2181.6,51,16,5
9:19:17,2181.4,2181.4,2181.8,19,1,126
9:19:18,2181.4,2181.2,2181.4,5,68,4
9:19:18,2181.4,2181.2,2181.6,15,60,2
9:19:19,2181.4,2181.2,2181.6,36,40,3
9:19:19,2181.4,2181.2,2181.4,2,39,36
9:19:20,2181.2,2181.2,2181.4,23,18,36
9:19:20,2181.2,2181.2,2181.4,16,5,37
9:19:21,2181.2,2181.2,2181.4,5,1,38
9:19:21,2181,2181,2181.2,9,65,33
9:19:22,2181,2181,2181.2,42,36,28
9:19:22,2181,2181,2181.2,35,2,40
9:19:23,2180.8,2180.8,2181,11,12,30
9:19:23,2181,2180.8,2181,20,9,21
9:19:24,2180.8,2180.8,2181,8,1,28
9:19:24,2181,2180.8,2181,12,17,33
9:19:25,2181,2181,2181.2,48,6,46
9:19:25,2181,2180.8,2181,11,27,3
9:19:26,2181,2181,2181.2,18,46,39
9:19:26,2181,2181,2181.2,4,47,40
9:19:27,2181,2181,2181.2,13,39,41
9:19:27,2181,2181,2181.2,26,24,35
9:19:28,2181.2,2181,2181.2,33,21,12
9:19:28,2181.2,2181.2,2181.4,16,40,41
9:19:29,2181.2,2181.2,2181.4,19,26,36
9:19:29,2181.2,2181,2181.2,28,53,25
9:19:30,2181.2,2181,2181.2,4,61,28
9:19:30,2181.2,2181,2181.2,10,55,36
9:19:31,2181.2,2181,2181.2,1,52,35
9:19:31,2181,2181,2181.2,6,56,30
9:19:32,2181.2,2181.2,2181.4,33,4,37
9:19:32,2181.2,2181,2181.2,10,77,3
9:19:33,2181.2,2181,2181.2,12,79,20
9:19:33,2181,2181,2181.2,27,89,2
9:19:34,2181.2,2181,2181.2,4,91,3
9:19:34,2181,2181.2,2181.4,11,7,38
9:19:35,2181.2,2181.2,2181.4,12,4,38
9:19:35,2181.2,2181.2,2181.4,5,1,39
9:19:36,2181.4,2181.4,2181.6,47,21,13
9:19:36,2181.4,2181.4,2181.6,6,15,13
9:19:37,2181.4,2181.4,2181.6,3,16,12
9:19:37,2181.6,2181.4,2181.6,8,13,7
9:19:38,2181.6,2181.4,2181.6,5,15,4
9:19:38,2181.6,2181.4,2181.6,4,20,2
9:19:39,2181.6,2181.6,2181.8,3,20,32
9:19:39,2181.6,2181.6,2181.8,5,16,32
9:19:40,2181.8,2181.6,2181.8,5,15,30
9:19:41,2181.6,2181.6,2181.8,5,25,28
9:19:41,2181.8,2181.6,2181.8,1,25,27
9:19:42,2181.8,2181.4,2181.8,28,22,26
9:19:42,2181.8,2181.4,2181.8,7,22,21
9:19:43,2181.8,2181.4,2181.8,16,34,8
9:19:44,2181.8,2181.6,2181.8,1,18,7
9:19:44,2181.8,2181.6,2181.8,2,18,6
9:19:45,2181.8,2181.8,2182,7,31,60
9:19:45,2182,2181.8,2182,6,43,59
9:19:46,2182,2181.8,2182,17,30,47
9:19:46,2182,2181.8,2182,36,27,15
9:19:47,2182,2181.8,2182,1,29,14
9:19:47,2181.8,2181.8,2182,3,28,28
9:19:48,2182,2181.8,2182,2,25,26
9:19:48,2181.8,2181.8,2182,11,23,21
9:19:49,2182,2181.8,2182,7,43,22
9:19:49,2181.8,2181.8,2182,3,48,21
9:19:50,2182,2181.8,2182,3,48,21
9:19:50,2181.8,2181.8,2182,3,59,22
9:19:51,2181.8,2181.8,2182,13,33,24
9:19:51,2182,2181.8,2182,15,34,9
9:19:52,2182,2181.8,2182,7,34,6
9:19:52,2181.8,2181.8,2182,3,33,5
9:19:53,2181.8,2181.8,2182.2,28,18,30
9:19:54,2182,2182,2182.2,1,10,31
9:19:54,2182,2182,2182.2,4,14,31
9:19:55,2182,2182,2182.2,8,11,38
9:19:56,2182,2182,2182.2,3,10,38
9:19:56,2182,2182,2182.2,6,7,36
9:19:57,2182,2182,2182.2,9,2,32
9:19:57,2182,2181.8,2182,5,23,3
9:19:58,2182,2181.8,2182,3,37,2
9:19:58,2182,2181.8,2182,3,21,1
9:19:59,2182,2182,2182.2,1,3,32
9:19:59,2182.2,2182,2182.2,1,3,34
9:20:00,2182,2182,2182.2,2,2,34
9:20:00,2181.8,2181.8,2182.2,39,30,20
9:20:01,2182.2,2182,2182.2,25,1,11
9:20:01,2182,2181.8,2182,3,17,13
9:20:02,2182,2181.8,2182,13,15,22
9:20:02,2182,2181.8,2182,1,15,22
9:20:03,2182,2181.8,2182,14,14,9
9:20:03,2181.8,2182,2182.2,11,3,14
9:20:04,2181.8,2181.8,2182.2,5,19,14
9:20:04,2182.2,2182,2182.2,21,10,28
9:20:05,2182,2182,2182.2,3,10,36
9:20:05,2182.2,2182,2182.2,1,11,38
9:20:06,2182,2182,2182.2,3,11,37
9:20:06,2182,2182,2182.2,8,3,40
9:20:07,2182,2181.8,2182,5,44,2
9:20:07,2181.8,2181.8,2182,2,45,3
9:20:08,2181.8,2181.8,2182,1,49,10
9:20:09,2182,2181.8,2182,9,54,17
9:20:09,2182,2181.8,2182,1,54,16
9:20:10,2182,2181.8,2182,4,54,21
9:20:10,2181.8,2181.8,2182,9,70,14
9:20:11,2182,2181.8,2182,9,56,7
9:20:11,2182,2182,2182.2,8,22,49
9:20:12,2182,2182,2182.2,1,23,54
9:20:12,2182,2182,2182.2,1,24,54
9:20:13,2182,2182,2182.2,4,20,56
9:20:13,2182,2182,2182.2,9,14,56
9:20:14,2182.2,2182,2182.2,9,16,48
9:20:15,2182.2,2182,2182.2,2,36,47
9:20:15,2182,2182,2182.2,1,36,48
9:20:16,2182.2,2182,2182.2,31,44,16
9:20:16,2182.2,2182.2,2182.4,18,7,35
9:20:17,2182.4,2182.2,2182.4,4,13,31
9:20:17,2182.4,2182.2,2182.4,9,22,22
9:20:18,2182.4,2182.2,2182.4,7,23,18
9:20:18,2182.4,2182.4,2182.6,20,1,51
9:20:19,2182.6,2182.4,2182.6,7,4,45
9:20:19,2182.4,2182.2,2182.4,15,18,16
9:20:20,2182.4,2182.2,2182.4,9,17,8
9:20:20,2182.4,2182.2,2182.4,4,15,6
9:20:21,2182.4,2182.2,2182.4,8,14,20
9:20:21,2182.4,2182.2,2182.4,5,5,18
9:20:22,2182.4,2182.2,2182.4,6,3,16
9:20:22,2182.2,2182.2,2182.4,3,2,15
9:20:23,2182.4,2182.2,2182.4,7,4,10
9:20:23,2182.4,2182.4,2182.6,20,2,48
9:20:24,2182.6,2182.4,2182.6,17,2,34
9:20:24,2182.4,2182.2,2182.4,22,4,3
9:20:25,2182.4,2182.2,2182.4,16,26,16
9:20:25,2182.4,2182.2,2182.4,7,29,11
9:20:26,2182.4,2182.2,2182.4,4,29,7
9:20:26,2182.6,2182.4,2182.6,7,25,16
9:20:27,2182.4,2182.4,2182.6,1,28,17
9:20:27,2182.6,2182.4,2182.6,4,29,14
9:20:28,2182.6,2182.4,2182.6,4,29,11
9:20:28,2182.6,2182.6,2182.8,13,15,55
9:20:29,2182.6,2182.6,2182.8,2,21,55
9:20:29,2182.8,2182.6,2182.8,1,22,54
9:20:30,2182.8,2182.6,2182.8,8,22,47
9:20:30,2183,2182.8,2183,51,51,110
9:20:31,2183,2182.8,2183,10,58,101
9:20:31,2183,2182.8,2183,28,64,86
9:20:32,2183,2182.8,2183,6,67,80
9:20:32,2183,2182.8,2183,73,71,10
9:20:33,2183,2183,2183.2,43,9,13
9:20:33,2183.2,2183,2183.2,7,30,6
9:20:34,2183.2,2183,2183.2,14,31,8
9:20:34,2183.4,2183.2,2183.4,13,1,85
9:20:35,2183.2,2183,2183.2,20,50,5
9:20:35,2183.2,2183.2,2183.4,11,2,86
9:20:36,2183.2,2183.2,2183.4,21,4,68
9:20:36,2183.4,2183.2,2183.4,17,5,53
9:20:37,2183.4,2183.2,2183.4,45,9,14
9:20:37,2183.4,2183.2,2183.6,30,4,56
9:20:38,2183.6,2183.4,2183.6,24,6,45
9:20:38,2183.4,2183.4,2183.6,26,10,28
9:20:39,2183.6,2183.4,2183.6,21,15,15
9:20:39,2183.6,2183.6,2183.8,20,28,31
9:20:40,2183.8,2183.6,2183.8,23,26,18
9:20:40,2183.8,2183.6,2183.8,21,24,2
9:20:41,2183.8,2183.8,2184,12,14,57
9:20:41,2183.8,2183.8,2184,25,2,51
9:20:42,2183.8,2183.6,2183.8,24,31,3
9:20:42,2184,2184,2184.2,68,3,1
9:20:43,2184,2183.6,2184,57,29,9
9:20:43,2184,2184,2184.2,30,4,2
9:20:44,2184,2184,2184.2,43,3,1
9:20:44,2184,2184.2,2184.4,20,4,40
9:20:45,2184.2,2183.8,2184,21,13,20
9:20:45,2184,2183.8,2184,21,26,1
9:20:46,2184,2183.8,2184,16,30,3
9:20:46,2183.8,2183.8,2184.2,16,29,53
9:20:47,2183.8,2183.8,2184,16,25,5
9:20:47,2184,2184,2184.2,32,3,52
9:20:48,2184.2,2183.6,2183.8,24,23,1
9:20:48,2183.6,2183.6,2183.8,15,22,18
9:20:49,2183.8,2183.8,2184,49,12,7
9:20:49,2184,2183.8,2184,13,12,5
9:20:50,2183.8,2183.8,2184,11,10,12
9:20:50,2183.8,2183.8,2184,8,8,10
9:20:51,2184,2184,2184.2,84,6,5
9:20:51,2184.2,2184,2184.2,7,6,2
9:20:52,2184.2,2184.2,2184.4,22,3,55
9:20:52,2184,2184,2184.2,7,10,3
9:20:53,2184,2183.8,2184,25,75,14
9:20:53,2184.2,2184,2184.2,20,14,1
9:20:54,2184.2,2184.2,2184.4,17,25,52
9:20:54,2184.4,2184.2,2184.4,29,48,37
9:20:55,2184.4,2184.2,2184.4,48,34,3
9:20:55,2184.4,2184.4,2184.6,16,37,96
9:20:56,2184.4,2184.4,2184.6,56,28,59
9:20:56,2184.6,2184.4,2184.6,25,29,53
9:20:57,2184.4,2184.4,2184.6,43,16,40
9:20:57,2184.4,2184.4,2184.6,23,4,50
9:20:58,2184.4,2184.2,2184.4,23,27,34
9:20:58,2184.4,2184.2,2184.4,22,17,47
9:20:59,2184,2184,2184.4,34,24,47
9:20:59,2184.4,2184,2184.2,51,15,2
9:21:00,2184.4,2184,2184.2,44,7,2
9:21:00,2183.8,2183.8,2184,25,41,35
9:21:01,2183.8,2183.8,2184,23,34,45
9:21:01,2184,2183.8,2184,34,30,16
9:21:02,2183.8,2183.6,2183.8,53,12,1
9:21:02,2183.8,2183.6,2183.8,11,12,1
9:21:03,2184,2184,2184.2,10,10,11
9:21:03,2184,2184,2184.2,4,11,17
9:21:04,2184.2,2184,2184.2,29,7,1
9:21:04,2184,2183.8,2184,18,10,7
9:21:05,2184.2,2184.2,2184.4,11,4,21
9:21:05,2184.4,2184.2,2184.4,7,1,19
9:21:06,2184,2183.8,2184,23,19,1
9:21:06,2184.2,2184,2184.2,29,16,4
9:21:07,2183.8,2184,2184.2,40,17,3
9:21:07,2184.2,2184,2184.2,37,21,41
9:21:08,2184.2,2184,2184.2,17,11,36
9:21:08,2184,2183.8,2184,18,11,7
9:21:09,2183.8,2183.6,2183.8,24,27,3
9:21:09,2183.8,2183.6,2183.8,14,20,4
9:21:10,2184,2183.6,2184,17,18,21
9:21:10,2183.4,2183.4,2184,25,29,32
9:21:11,2183.6,2183.6,2184,4,1,49
9:21:11,2183.4,2183.6,2183.8,2,3,9
9:21:12,2183.6,2183.4,2183.6,5,28,1
9:21:12,2183.6,2183.4,2183.6,7,27,2
9:21:13,2183.4,2183.4,2183.8,19,17,29
9:21:13,2183.4,2183.4,2183.6,16,5,2
9:21:14,2183.6,2183.4,2183.6,11,1,4
9:21:14,2183.2,2183,2183.2,9,37,1
9:21:15,2183.6,2183.4,2183.6,25,1,4
9:21:15,2183.6,2183.2,2183.6,5,6,11
9:21:16,2183.2,2183.2,2183.4,3,11,3
9:21:17,2183.2,2183.2,2183.4,7,6,2
9:21:17,2183.4,2183,2183.2,9,21,2
9:21:18,2183.4,2183.4,2183.6,7,32,23
9:21:18,2183.4,2183.4,2183.6,3,32,22
9:21:19,2183.6,2183.4,2183.6,1,35,9
9:21:19,2183.6,2183.6,2183.8,16,3,8
9:21:20,2183.6,2183.6,2183.8,4,5,10
9:21:21,2183.4,2183.4,2183.6,12,49,10
9:21:21,2183.6,2183.4,2183.6,3,49,10
9:21:22,2183.4,2183.4,2183.6,3,77,9
9:21:22,2183.4,2183.4,2183.6,13,76,1
9:21:23,2183.6,2183.6,2183.8,6,16,10
9:21:23,2183.8,2183.6,2183.8,5,19,13
9:21:24,2183.6,2183.6,2183.8,6,27,28
9:21:24,2183.6,2183.6,2183.8,6,24,28
9:21:25,2183.6,2183.6,2183.8,2,18,29
9:21:25,2183.6,2183.6,2183.8,1,17,41
9:21:26,2183.6,2183.6,2183.8,14,16,33
9:21:26,2183.6,2183.6,2183.8,6,17,29
9:21:27,2183.6,2183.6,2183.8,4,14,29
9:21:27,2183.8,2183.6,2183.8,3,14,29
9:21:28,2183.6,2183.6,2183.8,1,13,29
9:21:28,2183.6,2183.6,2183.8,3,22,31
9:21:29,2183.6,2183.6,2183.8,3,20,30
9:21:29,2183.6,2183.6,2183.8,13,21,24
9:21:30,2183.6,2183.6,2183.8,6,22,30
9:21:30,2183.8,2183.6,2183.8,4,20,30
9:21:31,2183.8,2183.6,2183.8,4,24,29
9:21:31,2183.8,2183.6,2183.8,9,17,27
9:21:32,2183.8,2183.8,2184,36,3,56
9:21:32,2184,2183.8,2184,6,1,52
9:21:33,2183.6,2183.8,2184,4,1,52
9:21:33,2183.8,2183.8,2184,2,2,52
9:21:34,2183.8,2183.6,2184,2,7,52
9:21:34,2184,2183.6,2184,4,8,52
9:21:35,2184,2183.6,2184,3,12,50
9:21:35,2183.8,2183.8,2184,2,2,50
9:21:36,2183.8,2183.6,2183.8,2,18,1
9:21:36,2183.6,2183.6,2183.8,5,20,2
9:21:37,2183.8,2183.6,2183.8,3,21,1
9:21:37,2183.8,2183.8,2184,5,2,49
9:21:38,2184,2183.8,2184,2,2,49
9:21:38,2183.6,2183.6,2184,19,16,46
9:21:39,2183.6,2183.6,2184,1,21,46
9:21:39,2183.8,2183.6,2184,9,18,46
9:21:40,2184,2183.6,2184,3,18,45
9:21:40,2184,2183.6,2183.8,3,18,4
9:21:41,2183.6,2183.6,2183.8,2,20,5
9:21:41,2183.8,2183.8,2184,10,5,49
9:21:42,2183.8,2183.8,2184,2,9,50
9:21:43,2184,2183.8,2184,1,17,49
9:21:43,2183.8,2183.8,2184,4,17,47
9:21:44,2184,2183.8,2184,4,23,45
9:21:44,2183.8,2183.8,2184,4,22,43
9:21:45,2184,2183.8,2184,27,21,18
9:21:45,2184,2183.8,2184,11,18,12
9:21:46,2184,2184,2184.2,13,21,55
9:21:46,2184,2184,2184.2,15,25,48
9:21:47,2184,2184,2184.2,24,4,47
9:21:47,2184,2184,2184.2,5,7,43
9:21:48,2184,2183.8,2184,8,20,24
9:21:48,2183.8,2183.8,2184,14,19,17
9:21:49,2184,2184,2184.2,23,29,60
9:21:50,2184,2184,2184.2,18,15,61
9:21:50,2184,2184,2184.2,8,9,60
9:21:51,2184,2184,2184.2,3,8,58
9:21:51,2184,2183.8,2184,10,20,3
9:21:52,2183.8,2183.8,2184,4,17,6
9:21:52,2184,2183.8,2184,2,16,9
9:21:53,2183.8,2183.8,2184,5,12,52
9:21:53,2184,2183.8,2184,4,13,49
9:21:54,2183.8,2183.6,2183.8,21,59,6
9:21:54,2183.6,2183.6,2183.8,16,64,2
9:21:55,2183.8,2183.8,2184,4,1,52
9:21:55,2183.8,2183.6,2184,1,63,55
9:21:56,2183.8,2183.6,2183.8,1,50,3
9:21:56,2183.6,2183.6,2183.8,1,50,8
9:21:57,2183.6,2183.6,2183.8,17,44,3
9:21:57,2183.8,2183.6,2183.8,11,35,14
9:21:58,2183.8,2183.8,2184,20,3,67
9:21:58,2184,2183.6,2184,4,34,73
9:21:59,2183.8,2183.6,2183.8,1,49,2
9:21:59,2183.8,2183.6,2183.8,2,61,1
9:22:00,2183.8,2183.8,2184,7,8,77
9:22:00,2183.8,2183.8,2184,5,6,78
9:22:01,2184,2183.8,2184,15,8,83
9:22:01,2184,2183.8,2184,4,11,82
9:22:02,2183.8,2183.6,2183.8,12,177,14
9:22:02,2183.8,2183.6,2183.8,12,178,3
9:22:03,2184,2183.8,2184,73,13,20
9:22:03,2183.8,2183.8,2184,16,8,8
9:22:04,2184,2184,2184.2,9,37,63
9:22:04,2184,2184,2184.2,3,37,61
9:22:05,2184,2184,2184.2,1,36,61
9:22:05,2184,2184,2184.2,2,28,63
9:22:06,2184,2184,2184.2,8,22,62
9:22:06,2184.2,2184,2184.2,5,20,60
9:22:07,2184.2,2184,2184.2,18,5,57
9:22:07,2184,2184,2184.2,2,5,58
9:22:08,2184.2,2184,2184.2,9,2,54
9:22:08,2184.2,2183.8,2184.2,14,36,53
9:22:09,2184.2,2184,2184.2,8,10,48
9:22:09,2184.2,2184,2184.2,19,11,32
9:22:10,2184.2,2184,2184.2,11,11,23
9:22:10,2184,2184,2184.2,19,6,10
9:22:11,2184,2184.2,2184.4,22,3,26
9:22:11,2184.2,2184.2,2184.4,2,3,26
9:22:12,2184.2,2184.2,2184.4,1,11,26
9:22:12,2184.4,2184.2,2184.4,33,11,2
9:22:13,2184.6,2184.4,2184.6,7,9,60
9:22:13,2184.6,2184.6,2184.8,60,10,95
9:22:14,2184.6,2184.6,2184.8,23,12,73
9:22:14,2184.8,2184.6,2184.8,58,19,31
9:22:15,2184.8,2184.8,2185,51,2,128
9:22:15,2185,2184.8,2185,46,3,87
9:22:16,2184.8,2184.8,2185,78,2,44
9:22:16,2185,2184.8,2185,34,21,11
9:22:17,2185,2185,2185.2,53,19,66
9:22:17,2185,2185,2185.2,49,6,52
9:22:18,2185,2184.8,2185,82,23,56
9:22:18,2185,2184.8,2185,70,1,20
9:22:19,2185,2184.6,2184.8,46,5,3
9:22:19,2185.2,2184.8,2185,62,1,1
9:22:20,2185.2,2185,2185.2,18,1,20
9:22:20,2184.8,2184.8,2185.2,11,8,17
9:22:21,2185.2,2185,2185.2,23,3,6
9:22:21,2185,2184.2,2185,82,12,23
9:22:22,2184.4,2184.4,2184.8,56,1,25
9:22:22,2184,2184,2184.6,17,11,5
9:22:23,2184.4,2184,2184.4,16,11,5
9:22:23,2185,2184.6,2185,24,4,35
9:22:24,2184.8,2184.2,2185,27,23,39
9:22:24,2184.8,2184.4,2184.8,14,8,28
9:22:25,2184.8,2184.2,2185,39,12,47
9:22:25,2184.6,2184.4,2184.6,10,15,37
9:22:26,2184.4,2184.2,2184.4,26,16,2
9:22:26,2184.2,2184.2,2184.4,3,18,1
9:22:27,2184.4,2184.4,2184.6,7,3,12
9:22:27,2184.4,2184.4,2184.6,11,8,4
9:22:28,2184.4,2184.4,2184.6,8,3,2
9:22:28,2184.4,2184.2,2184.6,9,15,4
9:22:29,2184.2,2184.2,2184.6,11,11,54
9:22:29,2184.2,2184,2184.4,17,71,14
9:22:30,2184.4,2184,2184.4,19,58,17
9:22:30,2184,2184,2184.4,24,46,42
9:22:31,2184.2,2184.2,2184.4,7,1,40
9:22:31,2184.4,2184,2184.2,31,56,2
9:22:32,2184,2184.2,2184.4,4,22,17
9:22:32,2184.4,2184.2,2184.4,21,17,12
9:22:33,2184.2,2184.2,2184.4,18,15,9
9:22:33,2184.2,2184.2,2184.4,2,20,11
9:22:34,2184.2,2184.2,2184.4,3,23,12
9:22:34,2184.2,2184.2,2184.4,12,14,10
9:22:35,2184.2,2184.2,2184.4,5,19,12
9:22:35,2184.4,2184.2,2184.4,11,22,11
9:22:36,2184.4,2184.2,2184.4,8,16,10
9:22:36,2184.4,2184.2,2184.4,7,13,7
9:22:37,2184.4,2184.2,2184.4,12,12,11
9:22:38,2184.2,2184.2,2184.4,21,8,6
9:22:38,2184.4,2184.2,2184.4,5,6,4
9:22:39,2184.4,2184.4,2184.6,7,9,63
9:22:39,2184.4,2184.4,2184.6,5,7,64
9:22:40,2184.2,2184,2184.4,24,83,3
9:22:40,2184.6,2184.2,2184.6,8,11,67
9:22:41,2184.2,2184.2,2184.4,1,14,1
9:22:41,2184.4,2184.4,2184.6,4,2,68
9:22:42,2184.2,2184.2,2184.4,8,17,9
9:22:42,2184.2,2184.2,2184.4,3,21,13
9:22:43,2184.4,2184.2,2184.4,4,22,15
9:22:43,2184.4,2184.2,2184.4,2,23,17
9:22:44,2184.4,2184.2,2184.4,6,36,27
9:22:44,2184.4,2184.2,2184.4,8,30,25
9:22:45,2184.4,2184.2,2184.4,1,30,27
9:22:45,2184.4,2184.2,2184.4,8,30,21
9:22:46,2184.2,2184.2,2184.4,18,12,44
9:22:46,2184.4,2184.2,2184.4,4,13,40
9:22:47,2184.2,2184,2184.2,16,94,1
9:22:47,2184.4,2184.2,2184.4,2,1,45
9:22:48,2184.4,2184,2184.4,11,93,39
9:22:48,2184,2184,2184.2,22,118,1
9:22:49,2184,2184,2184.4,11,115,32
9:22:49,2184.4,2184.2,2184.4,8,38,28
9:22:50,2184.4,2184.2,2184.4,4,35,28
9:22:50,2184.2,2184.2,2184.4,7,35,23
9:22:51,2184.2,2184.2,2184.4,4,34,22
9:22:51,2184.2,2184.2,2184.4,8,27,24
9:22:52,2184.2,2184.2,2184.4,21,11,25
9:22:52,2184.4,2184.2,2184.4,4,11,30
9:22:53,2184.2,2184,2184.4,15,131,30
9:22:53,2184.2,2184.2,2184.4,4,9,30
9:22:54,2184.4,2184.2,2184.4,10,6,25
9:22:54,2184.2,2184.2,2184.4,1,5,27
9:22:55,2184.4,2184.2,2184.4,11,5,22
9:22:55,2184,2184,2184.4,6,134,22
9:22:56,2184.4,2184.2,2184.4,2,10,21
9:22:56,2184.2,2184.2,2184.4,2,9,20
9:22:57,2184.4,2184.2,2184.4,12,14,8
9:22:57,2184.2,2184.2,2184.4,5,12,6
9:22:58,2184.2,2184.2,2184.4,11,13,3
9:22:58,2184.2,2184.2,2184.4,1,13,9
9:22:59,2184.4,2184.2,2184.4,4,14,6
9:22:59,2184.4,2184.2,2184.4,6,12,1
9:23:00,2184.4,2184.2,2184.6,2,12,78
9:23:00,2184.6,2184.4,2184.6,5,1,73
9:23:01,2184.4,2184.2,2184.4,3,12,16
9:23:01,2184.4,2184.2,2184.4,20,4,7
9:23:02,2184.4,2184.2,2184.4,31,3,10
9:23:02,2184.4,2184.2,2184.4,4,6,42
9:23:03,2184.2,2184,2184.2,11,157,3
9:23:03,2184,2184,2184.4,5,156,45
9:23:04,2184,2184,2184.4,21,142,41
9:23:04,2184,2184,2184.4,8,135,46
9:23:05,2184,2184,2184.2,34,134,1
9:23:05,2184,2184,2184.4,6,132,21
9:23:06,2184.2,2184.2,2184.4,6,3,24
9:23:06,2184.2,2184.2,2184.4,1,17,25
9:23:07,2184,2184,2184.2,26,135,27
9:23:07,2184.2,2184,2184.2,16,133,12
9:23:08,2184,2184,2184.2,21,126,11
9:23:08,2184.2,2184,2184.2,14,126,2
9:23:09,2184,2184,2184.2,18,110,3
9:23:09,2184,2184,2184.2,13,98,3
9:23:10,2184.2,2184,2184.2,2,99,30
9:23:10,2184,2184,2184.2,18,84,29
9:23:11,2184,2184,2184.2,10,77,40
9:23:11,2183.8,2183.8,2184,78,56,21
9:23:12,2184,2183.8,2184,7,49,30
9:23:12,2184,2183.8,2184,10,45,30
9:23:13,2183.8,2183.8,2184,2,44,34
9:23:13,2183.8,2183.8,2184,16,30,49
9:23:14,2183.8,2183.8,2184,3,28,44
9:23:14,2183.8,2183.8,2184,1,27,45
9:23:15,2183.8,2183.8,2184,12,20,45
9:23:15,2183.8,2183.8,2184,10,10,46
9:23:16,2184,2183.8,2184,8,4,44
9:23:16,2183.8,2183.8,2184,6,8,44
9:23:17,2183.8,2183.8,2184,6,7,47
9:23:17,2183.8,2183.8,2184,7,1,57
9:23:18,2184,2183.6,2183.8,6,152,4
9:23:18,2183.8,2183.8,2184,8,27,53
9:23:19,2184,2183.8,2184,7,38,52
9:23:19,2183.8,2183.8,2184,7,69,51
9:23:20,2183.8,2183.8,2184,15,67,38
9:23:20,2184,2183.8,2184,29,64,21
9:23:21,2184,2183.8,2184,6,59,29
9:23:21,2183.8,2183.8,2184,14,58,17
9:23:22,2183.8,2183.8,2184,2,56,17
9:23:22,2183.8,2183.8,2184,5,52,18
9:23:23,2184,2183.8,2184,6,51,18
9:23:23,2183.8,2183.8,2184,4,49,19
9:23:24,2183.8,2183.8,2184,16,51,4
9:23:24,2184,2184,2184.2,4,18,28
9:23:25,2184.2,2184,2184.2,6,19,27
9:23:26,2184,2184,2184.2,3,17,26
9:23:26,2184.2,2184,2184.2,7,14,26
9:23:27,2184,2184,2184.2,10,8,26
9:23:27,2184.2,2184,2184.2,7,5,28
9:23:28,2184,2183.8,2184,7,61,26
9:23:28,2183.8,2183.8,2184,2,60,32
9:23:29,2184,2183.8,2184,1,58,31
9:23:30,2184,2183.8,2184,10,60,26
9:23:30,2183.8,2183.8,2184,10,50,29
9:23:31,2184,2183.8,2184,3,48,30
9:23:31,2184,2183.8,2184,5,49,26
9:23:32,2184,2183.8,2184,1,50,29
9:23:32,2184,2183.8,2184,2,50,28
9:23:33,2184,2183.8,2184,2,49,41
9:23:33,2183.8,2183.8,2184,2,49,26
9:23:35,2184,2183.8,2184,1,64,38
9:23:35,2184,2183.8,2184,7,44,37
9:23:36,2184,2183.8,2184,3,45,35
9:23:37,2183.8,2183.8,2184,2,44,33
9:23:37,2183.8,2183.8,2184,3,42,34
9:23:38,2184,2183.8,2184,6,56,30
9:23:38,2184,2183.8,2184,2,42,28
9:23:39,2183.8,2183.8,2184,2,40,28
9:23:39,2183.8,2183.8,2184,1,40,28
9:23:40,2184,2183.8,2184,22,39,8
9:23:41,2184,2183.8,2184,7,39,2
9:23:42,2184,2183.8,2184,4,37,3
9:23:43,2184,2183.8,2184,12,26,3
9:23:43,2184,2183.8,2184,1,28,6
9:23:44,2184,2183.8,2184,2,30,4
9:23:44,2183.8,2183.8,2184,1,29,5
9:23:45,2184,2183.8,2184,1,30,13
9:23:45,2184,2183.8,2184,1,30,12
9:23:46,2184,2183.8,2184,6,26,13
9:23:46,2183.8,2183.8,2184,30,17,17
9:23:47,2183.8,2183.8,2184,1,18,17
9:23:47,2183.8,2183.8,2184,8,17,10
9:23:48,2183.8,2183.6,2183.8,17,217,12
9:23:48,2183.8,2183.6,2183.8,11,235,1
9:23:49,2183.8,2183.6,2183.8,2,235,9
9:23:49,2183.8,2183.6,2183.8,2,236,8
9:23:50,2183.8,2183.6,2183.8,8,235,4
9:23:50,2183.8,2183.8,2184,3,9,9
9:23:51,2183.8,2183.8,2184,2,19,10
9:23:51,2184,2183.8,2184,5,24,12
9:23:53,2183.8,2183.8,2184,3,28,8
9:23:54,2183.8,2183.8,2184,2,26,10
9:23:54,2184,2183.8,2184,2,26,10
9:23:55,2184,2183.8,2184,2,29,21
9:23:55,2184,2183.8,2184,1,34,20
9:23:56,2184,2183.8,2184,1,32,21
9:23:56,2183.8,2183.8,2184,1,32,26
9:23:57,2183.8,2183.8,2184,3,33,26
9:23:57,2184,2183.8,2184,6,38,25
9:23:58,2184,2183.8,2184,5,39,22
9:23:58,2184,2183.8,2184,1,39,24
9:23:59,2184,2183.8,2184,3,49,27
9:23:59,2184,2183.8,2184,10,48,17
9:24:00,2183.8,2183.8,2184,2,46,17
9:24:00,2183.8,2183.8,2184,21,26,17
9:24:01,2183.8,2183.8,2184,14,18,13
9:24:01,2184,2183.8,2184,11,19,18
9:24:02,2184.2,2184,2184.2,24,1,78
9:24:02,2184,2184,2184.2,8,3,74
9:24:03,2184.2,2183.8,2184.2,9,24,73
9:24:03,2184.2,2183.8,2184.2,1,24,72
9:24:04,2183.8,2183.8,2184,3,24,1
9:24:04,2184.2,2183.8,2184.2,4,22,69
9:24:05,2184,2184,2184.2,2,1,68
9:24:05,2184,2184,2184.2,7,1,63
9:24:06,2184.2,2184,2184.2,4,2,62
9:24:07,2184,2184,2184.2,4,12,61
9:24:08,2184,2184,2184.2,19,9,50
9:24:08,2184,2184,2184.2,3,10,50
9:24:09,2184,2184,2184.2,2,8,51
9:24:09,2184,2184,2184.2,5,6,50
9:24:10,2184,2184,2184.2,5,1,50
9:24:10,2184.2,2184,2184.2,3,5,60
9:24:11,2184.2,2184,2184.2,24,3,39
9:24:11,2184,2183.8,2184,5,40,56
9:24:12,2184,2183.8,2184,13,31,54
9:24:12,2184,2183.8,2184,18,17,51
9:24:13,2184,2183.8,2184,3,20,52
9:24:13,2184,2183.8,2184,6,22,54
9:24:14,2184,2183.8,2184,3,22,52
9:24:14,2184,2183.8,2184,3,23,50
9:24:15,2184,2183.8,2184,5,23,46
9:24:15,2184,2183.8,2184,4,21,45
9:24:16,2184,2183.8,2184,3,22,42
9:24:16,2183.8,2183.8,2184,3,21,40
9:24:17,2184,2183.8,2184,1,21,39
9:24:17,2183.8,2183.8,2184,21,6,39
9:24:18,2183.8,2183.6,2183.8,8,238,1
9:24:18,2183.6,2183.6,2183.8,3,237,1
9:24:19,2184,2183.6,2184,12,235,34
9:24:19,2183.6,2183.6,2183.8,3,234,3
9:24:20,2183.6,2183.6,2183.8,7,228,2
9:24:20,2183.8,2183.8,2184,6,4,45
9:24:21,2183.8,2183.8,2184,1,4,48
9:24:22,2184,2183.8,2184,6,2,48
9:24:22,2184,2183.8,2184,2,1,48
9:24:23,2183.8,2183.6,2184,1,234,55
9:24:24,2183.6,2183.6,2183.8,7,234,5
9:24:24,2183.8,2183.6,2183.8,1,234,6
9:24:25,2183.8,2183.6,2183.8,1,234,5
9:24:25,2183.8,2183.6,2183.8,3,233,4
9:24:26,2183.8,2183.6,2183.8,1,233,3
9:24:26,2183.6,2183.6,2183.8,1,233,3
9:24:27,2183.6,2183.6,2183.8,10,224,7
9:24:27,2183.8,2183.6,2183.8,2,225,7
9:24:28,2183.8,2183.6,2183.8,2,224,11
9:24:28,2183.6,2183.6,2183.8,5,222,12
9:24:29,2183.6,2183.6,2183.8,22,202,13
9:24:29,2183.6,2183.6,2183.8,2,200,11
9:24:30,2183.6,2183.6,2183.8,4,198,10
9:24:30,2183.8,2183.6,2183.8,17,198,9
9:24:31,2183.8,2183.6,2183.8,17,191,15
9:24:31,2183.6,2183.6,2183.8,56,136,14
9:24:32,2183.8,2183.6,2183.8,1,136,15
9:24:32,2183.8,2183.6,2183.8,14,124,21
9:24:33,2183.6,2183.6,2183.8,23,100,28
9:24:33,2183.6,2183.6,2183.8,6,94,31
9:24:34,2183.6,2183.6,2183.8,14,81,33
9:24:34,2183.6,2183.6,2183.8,31,49,39
9:24:35,2183.6,2183.4,2183.6,51,41,82
9:24:35,2183.6,2183.4,2183.6,41,5,83
9:24:36,2183.2,2183.2,2183.4,6,92,28
9:24:36,2183.2,2183.2,2183.4,10,85,33
9:24:37,2183.2,2183.2,2183.4,26,63,27
9:24:37,2183.2,2183.2,2183.4,6,57,27
9:24:38,2183.4,2183.2,2183.4,6,52,22
9:24:38,2183.2,2183.2,2183.4,23,33,20
9:24:39,2183.2,2183.2,2183.4,18,17,19
9:24:39,2183.2,2183.2,2183.4,1,19,19
9:24:40,2183.2,2183.2,2183.4,12,8,19
9:24:40,2183,2183,2183.2,28,128,8
9:24:41,2183.2,2183.2,2183.4,15,9,13
9:24:41,2183.4,2183.2,2183.4,15,10,8
9:24:42,2183.2,2183,2183.2,21,127,34
9:24:42,2183,2183,2183.2,16,121,25
9:24:43,2183.2,2183,2183.2,16,159,10
9:24:43,2183,2183,2183.4,26,151,21
9:24:44,2183.2,2183.2,2183.4,17,2,21
9:24:44,2183.2,2183.2,2183.4,10,7,24
9:24:45,2183.4,2183.2,2183.4,11,7,21
9:24:45,2183.2,2183.2,2183.4,3,46,21
9:24:46,2183.4,2183.4,2183.6,27,6,24
9:24:46,2183.2,2183.2,2183.4,42,18,2
9:24:47,2183.4,2183.2,2183.4,13,9,4
9:24:47,2183.4,2183.2,2183.4,2,12,4
9:24:48,2183.2,2183.2,2183.4,36,1,11
9:24:48,2183.2,2183,2183.2,11,153,23
9:24:49,2183.2,2183,2183.2,8,154,16
9:24:49,2183.2,2183.2,2183.4,19,13,14
9:24:50,2183.2,2183.2,2183.4,9,9,12
9:24:50,2183.2,2183,2183.2,13,170,9
9:24:51,2183,2183,2183.2,3,171,7
9:24:51,2183.2,2183,2183.2,10,165,4
9:24:52,2183,2183,2183.2,11,188,6
9:24:53,2183.2,2183,2183.2,3,187,4
9:24:53,2183.2,2183.2,2183.4,3,17,17
9:24:54,2183.4,2183.2,2183.4,11,18,20
9:24:54,2183.2,2183.2,2183.4,6,30,19
9:24:55,2183.2,2183.2,2183.4,37,4,19
9:24:55,2183.4,2183.2,2183.4,9,5,13
9:24:56,2183.4,2183.2,2183.4,5,7,15
9:24:56,2183.2,2183.2,2183.4,1,8,17
9:24:57,2183.2,2183.2,2183.4,6,8,12
9:24:57,2183.2,2183.2,2183.4,2,7,14
9:24:58,2183.4,2183.2,2183.4,10,7,6
9:24:58,2183.4,2183.2,2183.6,7,10,29
9:24:59,2183.2,2183.2,2183.4,5,9,7
9:25:00,2183.4,2183.2,2183.4,10,43,17
9:25:00,2183.6,2183.4,2183.6,27,5,20
9:25:01,2183.4,2183.4,2183.6,7,2,18
9:25:01,2183.4,2183.2,2183.4,11,40,2
9:25:02,2183.2,2183.2,2183.6,27,22,20
9:25:02,2183.2,2183.4,2183.6,3,1,25
9:25:03,2183.4,2183.2,2183.4,6,25,6
9:25:03,2183.2,2183.2,2183.4,3,25,11
9:25:04,2183.4,2183.2,2183.4,5,22,22
9:25:04,2183.2,2183.2,2183.4,3,20,35
9:25:05,2183.2,2183.2,2183.4,1,24,35
9:25:05,2183.4,2183.2,2183.4,1,26,44
9:25:06,2183.4,2183.2,2183.4,3,25,43
9:25:06,2183.4,2183.2,2183.4,4,26,40
9:25:07,2183.2,2183.2,2183.4,4,24,40
9:25:07,2183.2,2183.2,2183.4,9,19,66
9:25:08,2183.2,2183.2,2183.4,1,18,37
9:25:08,2183.4,2183.2,2183.4,1,19,36
9:25:09,2183.2,2183.2,2183.4,4,17,35
9:25:09,2183.2,2183,2183.2,17,184,15
9:25:10,2183.2,2183,2183.2,3,183,19
9:25:11,2183.2,2183,2183.2,7,182,20
9:25:11,2183,2183,2183.2,1,183,26
9:25:12,2183,2183,2183.2,1,184,28
9:25:12,2183.2,2183,2183.2,4,182,28
9:25:13,2183,2183,2183.2,7,178,35
9:25:13,2183,2183,2183.2,8,170,37
9:25:14,2183.2,2183,2183.2,1,171,39
9:25:14,2183,2183,2183.2,7,166,40
9:25:15,2183,2183,2183.2,6,159,41
9:25:15,2183,2183,2183.2,4,156,41
9:25:16,2183.2,2183,2183.2,5,155,38
9:25:16,2183.2,2183,2183.2,12,144,37
9:25:17,2183.2,2183,2183.2,3,144,34
9:25:17,2183,2183,2183.2,9,135,36
9:25:18,2183,2183,2183.2,2,135,40
9:25:18,2183,2183,2183.2,7,134,41
9:25:19,2183.2,2183,2183.2,52,86,40
9:25:19,2183,2183,2183.2,48,38,41
9:25:20,2183,2183,2183.2,35,8,35
9:25:20,2183,2182.8,2183,8,52,2
9:25:21,2182.8,2182.8,2183,19,36,40
9:25:21,2182.8,2182.8,2183,2,38,54
9:25:22,2182.8,2182.8,2183,16,22,56
9:25:22,2182.8,2182.8,2183,1,24,58
9:25:23,2183,2182.8,2183,10,19,54
9:25:23,2182.8,2182.8,2183,7,13,73
9:25:24,2183,2182.8,2183,7,14,73
9:25:24,2183,2182.8,2183,27,14,52
9:25:25,2182.8,2182.8,2183,9,13,57
9:25:25,2183,2182.8,2183,4,17,56
9:25:26,2183,2182.8,2183,13,10,51
9:25:26,2183,2182.8,2183,3,14,56
9:25:27,2183,2182.8,2183,5,11,56
9:25:27,2183,2182.8,2183,1,12,62
9:25:28,2183,2182.8,2183,4,11,60
9:25:28,2182.8,2182.8,2183,2,10,60
9:25:29,2183,2182.8,2183,2,12,58
9:25:29,2182.8,2182.8,2183,3,12,58
9:25:30,2183,2182.8,2183,3,12,58
9:25:30,2183,2182.8,2183,7,11,55
9:25:31,2183,2182.8,2183,24,1,43
9:25:31,2182.8,2182.8,2183,3,2,41
9:25:32,2182.6,2182.6,2183,3,64,41
9:25:32,2183,2182.8,2183,11,30,33
9:25:33,2182.8,2182.8,2183,12,20,33
9:25:33,2183,2182.8,2183,12,22,17
9:25:34,2183,2183,2183.2,33,22,77
9:25:34,2183,2183,2183.2,10,17,79
9:25:35,2183,2183,2183.2,6,17,78
9:25:35,2183,2183,2183.2,10,11,75
9:25:36,2183.2,2183,2183.2,1,16,74
9:25:36,2183,2183,2183.2,3,14,74
9:25:37,2183.2,2183,2183.2,7,12,72
9:25:37,2183,2183,2183.2,4,9,72
9:25:38,2183,2183,2183.2,3,6,72
9:25:38,2183,2183,2183.2,3,7,70
9:25:39,2183,2183,2183.2,4,4,70
9:25:39,2183,2183,2183.2,2,3,69
9:25:40,2183,2182.8,2183.2,3,43,69
9:25:41,2182.8,2182.8,2183,6,38,4
9:25:42,2183,2182.8,2183,7,34,7
9:25:42,2183,2182.8,2183,4,34,9
9:25:43,2182.8,2182.8,2183,4,32,8
9:25:43,2183,2182.8,2183,8,29,4
9:25:44,2182.8,2182.8,2183,12,26,5
9:25:45,2182.8,2182.8,2183,3,29,4
9:25:45,2182.8,2182.8,2183,6,25,3
9:25:46,2182.8,2182.8,2183,4,21,9
9:25:46,2183,2182.8,2183,1,21,18
9:25:47,2182.8,2182.8,2183,1,26,26
9:25:47,2182.8,2182.8,2183,9,18,39
9:25:48,2182.8,2182.8,2183,1,17,62
9:25:49,2183,2182.8,2183,1,18,66
9:25:49,2182.8,2182.6,2183,19,82,71
9:25:50,2183,2182.6,2183,14,82,62
9:25:50,2182.6,2182.6,2182.8,6,81,8
9:25:51,2182.8,2182.6,2182.8,1,84,75
9:25:51,2182.6,2182.6,2182.8,70,47,26
9:25:52,2182.8,2182.6,2182.8,13,39,18
9:25:52,2182.6,2182.6,2182.8,11,28,20
9:25:53,2182.6,2182.6,2182.8,5,26,18
9:25:53,2182.6,2182.6,2182.8,3,24,17
9:25:54,2182.8,2182.6,2182.8,12,16,14
9:25:54,2182.8,2182.6,2182.8,3,17,1
9:25:55,2183,2182.8,2183,13,3,27
9:25:55,2182.8,2182.8,2183,7,2,29
9:25:56,2183,2182.8,2183,2,1,27
9:25:56,2182.8,2182.6,2182.8,1,16,4
9:25:57,2182.8,2182.6,2182.8,4,16,2
9:25:57,2182.6,2182.6,2182.8,11,17,1
9:25:58,2182.8,2182.8,2183,4,33,29
9:25:58,2182.8,2182.8,2183,18,15,29
9:25:59,2182.8,2182.8,2183,22,14,9
9:25:59,2183,2182.8,2183,2,16,9
9:26:00,2183,2183,2183.2,11,1,74
9:26:00,2183,2182.8,2183,7,67,6
9:26:01,2183,2182.8,2183,4,64,6
9:26:01,2183,2182.8,2183.2,6,65,72
9:26:02,2183,2182.8,2183,1,67,3
9:26:02,2183,2182.8,2183,1,68,2
9:26:03,2183,2182.8,2183.2,4,67,23
9:26:03,2183,2182.8,2183,6,63,1
9:26:04,2183,2183,2183.2,3,19,22
9:26:04,2183,2183,2183.2,1,21,22
9:26:05,2183,2183,2183.2,4,69,19
9:26:05,2183.2,2183,2183.2,6,102,14
9:26:06,2183.4,2183.2,2183.4,30,28,19
9:26:06,2183.4,2183.2,2183.4,12,21,9
9:26:07,2183.4,2183.2,2183.4,2,23,7
9:26:07,2183.4,2183.2,2183.4,3,28,5
9:26:08,2183.4,2183.2,2183.4,5,28,1
9:26:08,2183.6,2183.4,2183.6,6,2,15
9:26:09,2183.6,2183.4,2183.6,1,3,15
9:26:09,2183.4,2183.4,2183.6,12,2,10
9:26:10,2183.4,2183.4,2183.6,6,7,7
9:26:10,2183.6,2183.6,2183.8,7,2,15
9:26:11,2183.6,2183.6,2183.8,4,4,14
9:26:11,2183.8,2183.6,2183.8,3,3,13
9:26:12,2183.8,2183.6,2183.8,6,7,16
9:26:12,2183.6,2183.4,2183.6,16,33,2
9:26:13,2183.8,2183.6,2183.8,5,2,8
9:26:13,2183.8,2183.6,2183.8,1,8,7
9:26:14,2183.6,2183.4,2183.6,15,37,5
9:26:14,2183.6,2183.4,2183.6,6,39,4
9:26:15,2183.6,2183.4,2183.6,3,39,2
9:26:15,2183.4,2183.4,2183.6,5,35,1
9:26:16,2183.6,2183.6,2183.8,1,1,15
9:26:16,2183.6,2183.4,2183.6,9,28,4
9:26:17,2183.8,2183.6,2183.8,8,5,24
9:26:18,2183.6,2183.4,2183.6,8,34,9
9:26:18,2183.8,2183.6,2183.8,34,3,3
9:26:19,2183.8,2183.6,2183.8,1,5,7
9:26:19,2183.6,2183.6,2184,9,7,106
9:26:20,2183.8,2183.8,2184,3,1,105
9:26:20,2183.8,2183.6,2183.8,3,15,16
9:26:21,2183.6,2183.6,2183.8,4,13,14
9:26:21,2183.8,2183.6,2183.8,1,14,19
9:26:22,2183.6,2183.4,2183.6,38,42,20
9:26:22,2183.6,2183.4,2183.6,16,40,7
9:26:23,2183.8,2183.8,2184,11,1,110
9:26:23,2183.6,2183.6,2183.8,5,1,1
9:26:24,2183.6,2183.4,2183.6,4,40,1
9:26:24,2183.6,2183.4,2183.8,3,44,5
9:26:25,2183.8,2183.4,2183.8,6,45,5
9:26:25,2183.8,2183.6,2183.8,2,2,6
9:26:26,2183.8,2183.6,2183.8,4,6,6
9:26:27,2183.6,2183.4,2183.6,69,47,5
9:26:27,2183.4,2183.4,2183.6,2,47,5
9:26:28,2183.4,2183.6,2183.8,7,1,3
9:26:28,2183.6,2183.6,2183.8,1,5,6
9:26:29,2183.8,2183.8,2184,8,1,124
9:26:29,2183.6,2183.6,2183.8,3,6,1
9:26:30,2183.8,2183.6,2183.8,6,56,2
9:26:30,2184,2183.8,2184,5,7,123
9:26:31,2183.8,2183.8,2184,3,9,123
9:26:32,2183.8,2183.8,2184,2,21,122
9:26:32,2184,2183.8,2184,5,21,118
9:26:33,2184,2183.8,2184,12,20,110
9:26:33,2184,2183.8,2184,48,30,63
9:26:34,2184,2183.8,2184,29,30,36
9:26:34,2184,2183.8,2184,18,23,22
9:26:35,2184,2183.8,2184,7,21,17
9:26:35,2184.2,2184,2184.2,18,30,31
9:26:36,2184.2,2184.2,2184.4,34,8,77
9:26:36,2184.4,2184.2,2184.4,3,13,76
9:26:37,2184.4,2184.2,2184.4,11,10,68
9:26:37,2184.4,2184.2,2184.4,17,10,59
9:26:38,2184.2,2184.2,2184.4,24,4,41
9:26:38,2184.4,2184.2,2184.4,25,3,18
9:26:39,2184.2,2184,2184.2,16,48,2
9:26:39,2184.2,2184,2184.2,10,46,9
9:26:40,2184.4,2184.2,2184.4,16,1,8
9:26:40,2184.2,2184.2,2184.4,5,9,6
9:26:41,2184.2,2184.2,2184.4,14,3,1
9:26:41,2184.2,2184.2,2184.4,4,5,3
9:26:42,2184.2,2184.4,2184.6,11,20,62
9:26:42,2184.6,2184.4,2184.6,4,23,59
9:26:43,2184.4,2184.4,2184.6,5,24,66
9:26:43,2184.6,2184.4,2184.6,7,23,61
9:26:44,2184.6,2184.4,2184.6,3,24,59
9:26:44,2184.6,2184.4,2184.6,15,22,48
9:26:45,2184.6,2184.4,2184.6,5,23,43
9:26:45,2184.6,2184.4,2184.6,6,21,39
9:26:46,2184.6,2184.6,2184.8,54,9,23
9:26:46,2184.6,2184.6,2184.8,4,6,23
9:26:47,2184.8,2184.4,2184.8,27,11,21
9:26:47,2184.6,2184.4,2184.8,21,11,31
9:26:48,2184.8,2184.4,2184.6,26,9,1
9:26:48,2184.4,2184.4,2184.6,13,6,15
9:26:49,2185,2184.4,2185,35,8,65
9:26:49,2184.8,2184.6,2184.8,14,2,20
9:26:50,2184.8,2184.4,2184.8,12,14,11
9:26:50,2184.8,2184.6,2184.8,10,2,5
9:26:51,2184.8,2184.6,2185,7,4,64
9:26:51,2184.8,2184.8,2185,8,2,61
9:26:52,2184.8,2184.8,2185,13,2,59
9:26:52,2184.8,2184.6,2184.8,9,2,1
9:26:53,2184.8,2184.6,2184.8,16,2,12
9:26:53,2184.8,2184.6,2184.8,4,2,12
9:26:54,2184.8,2184.4,2184.8,12,29,9
9:26:54,2184.8,2184.6,2184.8,3,4,10
9:26:55,2185,2184.8,2185,17,1,72
9:26:55,2184.8,2184.8,2185,6,1,72
9:26:56,2185,2184.4,2185,8,31,71
9:26:56,2184.8,2184.6,2185,18,2,63
9:26:57,2184.6,2184.6,2184.8,7,10,3
9:26:57,2185,2184.8,2185,54,16,26
9:26:58,2185,2184.8,2185,5,15,22
9:26:58,2185,2185,2185.2,35,10,162
9:26:59,2185.2,2185,2185.2,28,6,141
9:26:59,2184.8,2184.8,2185,30,26,1
9:27:00,2185,2184.8,2185,10,28,11
9:27:00,2185,2184.8,2185,33,18,22
9:27:01,2184.8,2184.6,2184.8,34,38,13
9:27:01,2184.8,2184.6,2184.8,21,48,9
9:27:02,2185,2184.8,2185,25,2,18
9:27:02,2185,2184.8,2185,18,18,16
9:27:03,2184.8,2184.6,2184.8,34,30,11
9:27:03,2184.8,2184.6,2184.8,7,29,6
9:27:04,2184.8,2184.6,2184.8,26,12,1
9:27:04,2184.6,2184.6,2184.8,5,9,3
9:27:05,2184.8,2184.6,2184.8,5,7,6
9:27:05,2184.6,2184.6,2184.8,8,2,23
9:27:06,2184.6,2184.4,2184.6,15,37,5
9:27:06,2184.4,2184.4,2184.6,8,33,9
9:27:07,2184.6,2184.6,2184.8,11,7,23
9:27:07,2184.6,2184.4,2184.6,12,29,2
9:27:08,2184.6,2184.6,2184.8,4,2,26
9:27:08,2184.6,2184.4,2184.6,19,14,6
9:27:09,2184.4,2184.4,2184.6,8,41,4
9:27:09,2184.6,2184.6,2184.8,5,20,28
9:27:10,2184.6,2184.6,2184.8,16,12,32
9:27:10,2184.6,2184.4,2184.8,19,50,18
9:27:11,2184.4,2184.4,2184.6,9,52,1
9:27:11,2184.4,2184.4,2184.6,4,52,1
9:27:12,2184.6,2184.4,2184.6,2,51,3
9:27:13,2184.6,2184.4,2184.6,5,49,2
9:27:13,2184.6,2184.6,2184.8,4,19,29
9:27:14,2184.6,2184.6,2184.8,1,39,29
9:27:14,2184.6,2184.6,2184.8,6,36,29
9:27:15,2184.8,2184.6,2184.8,16,41,16
9:27:15,2184.8,2184.6,2184.8,5,46,20
9:27:16,2184.8,2184.6,2184.8,42,93,30
9:27:16,2184.8,2184.6,2184.8,17,89,22
9:27:17,2184.8,2184.6,2185,66,54,81
9:27:17,2184.8,2184.8,2185,5,1,80
9:27:18,2184.8,2184.6,2185,12,54,70
9:27:18,2184.8,2184.8,2185,1,4,72
9:27:19,2185,2184.8,2185,8,9,71
9:27:19,2184.8,2184.8,2185,4,8,72
9:27:20,2184.8,2184.8,2185,20,1,72
9:27:20,2184.8,2184.8,2185,4,29,74
9:27:21,2184.8,2184.8,2185,3,27,75
9:27:21,2185,2184.8,2185,4,29,87
9:27:22,2184.8,2184.8,2185,18,28,75
9:27:22,2185,2184.8,2185,65,27,12
9:27:23,2185,2184.8,2185,16,41,2
9:27:23,2185,2185,2185.2,9,29,151
9:27:24,2185,2185,2185.2,9,38,144
9:27:24,2185.2,2185,2185.2,5,38,140
9:27:25,2185,2185,2185.2,8,38,137
9:27:25,2185,2185,2185.2,6,33,135
9:27:26,2185.2,2185,2185.2,6,32,135
9:27:26,2185.2,2185,2185.2,12,26,132
9:27:27,2185,2185,2185.2,6,32,130
9:27:27,2185.2,2185,2185.2,11,31,120
9:27:28,2185,2185,2185.2,17,17,118
9:27:28,2185.2,2185,2185.2,27,14,94
9:27:29,2185,2184.8,2185,18,26,8
9:27:29,2185,2185,2185.2,22,35,92
9:27:30,2185,2185,2185.2,7,34,91
9:27:30,2185.2,2185,2185.2,9,34,82
9:27:31,2185.2,2185,2185.2,56,30,30
9:27:31,2185,2185.2,2185.4,40,5,76
9:27:32,2185.4,2185.2,2185.4,23,35,72
9:27:32,2185.4,2185.2,2185.4,24,16,63
9:27:33,2185.4,2185.2,2185.4,29,14,44
9:27:33,2185.4,2185.2,2185.4,33,1,25
9:27:34,2185.4,2185.2,2185.4,18,6,18
9:27:34,2185.4,2185,2185.4,44,19,17
9:27:35,2185.4,2185.4,2185.6,53,8,106
9:27:35,2185,2185,2185.4,23,23,10
9:27:36,2185,2185,2185.2,19,20,14
9:27:36,2185.4,2185.2,2185.4,22,41,27
9:27:37,2185.4,2185.2,2185.4,42,35,9
9:27:37,2185.2,2185.2,2185.4,19,31,1
9:27:38,2185.4,2185.4,2185.6,5,2,107
9:27:38,2185.6,2185.2,2185.6,14,52,98
9:27:39,2185.2,2185.2,2185.4,43,27,4
9:27:39,2185.4,2185.4,2185.6,18,10,90
9:27:40,2185.6,2185.4,2185.6,2,68,89
9:27:40,2185.4,2185.2,2185.6,93,43,66
9:27:41,2185.6,2185.4,2185.8,81,5,69
9:27:41,2185.6,2185.6,2185.8,11,1,64
9:27:42,2185.8,2185.6,2185.8,30,12,55
9:27:42,2185.6,2185.6,2185.8,12,16,45
9:27:43,2185.8,2185.6,2185.8,41,12,31
9:27:43,2185.8,2185.6,2185.8,48,9,11
9:27:44,2185.8,2185.8,2186,40,39,139
9:27:44,2185.8,2185.8,2186,28,19,138
9:27:45,2185.8,2185.8,2186,38,26,111
9:27:45,2186,2185.8,2186,30,47,83
9:27:46,2186,2185.6,2186,93,1,72
9:27:46,2186.2,2186,2186.2,83,24,28
9:27:47,2186,2186,2186.2,14,40,33
9:27:47,2186,2186,2186.2,60,2,19
9:27:48,2186,2185.8,2186,32,15,30
9:27:48,2185.8,2185.6,2185.8,29,1,19
9:27:49,2185.6,2185.4,2185.6,15,27,9
9:27:49,2185.4,2185.4,2185.6,15,26,1
9:27:50,2185.4,2185.6,2185.8,21,1,13
9:27:50,2185.6,2185.4,2185.6,13,34,1
9:27:51,2185.8,2185.6,2185.8,10,1,12
9:27:51,2185.8,2185.8,2186,17,1,84
9:27:52,2185.6,2185.6,2185.8,15,36,3
9:27:52,2185.8,2185.6,2185.8,12,29,16
9:27:53,2185.8,2185.6,2185.8,27,15,38
9:27:53,2185.6,2185.6,2185.8,12,8,44
9:27:54,2185.8,2185.4,2185.8,32,32,37
9:27:54,2185.6,2185.4,2185.8,5,39,47
9:27:55,2185.8,2185.4,2185.8,8,38,48
9:27:55,2185.4,2185.4,2185.8,13,36,51
9:27:56,2185.4,2185.4,2185.8,3,33,58
9:27:56,2185.4,2185.4,2185.8,4,45,60
9:27:57,2185.8,2185.4,2185.8,11,56,55
9:27:57,2185.8,2185.4,2185.8,16,49,51
9:27:58,2185.4,2185.4,2185.6,54,39,1
9:27:58,2185.6,2185.8,2186,23,1,87
9:27:59,2185.8,2185.8,2186,8,9,88
9:27:59,2186,2185.8,2186,2,11,82
9:28:00,2185.8,2185.6,2185.8,17,60,1
9:28:00,2185.8,2185.8,2186,16,9,79
9:28:01,2185.8,2185.8,2186,15,8,67
9:28:01,2185.8,2185.8,2186,24,21,57
9:28:02,2185.8,2185.6,2185.8,31,60,12
9:28:02,2185.6,2185.6,2185.8,39,59,2
9:28:03,2185.8,2185.6,2185.8,15,53,37
9:28:03,2185.6,2185.6,2185.8,36,35,72
9:28:04,2185.6,2185.4,2185.6,38,43,31
9:28:04,2185.4,2185.4,2185.6,22,23,29
9:28:05,2185.6,2185.4,2185.6,31,18,53
9:28:05,2185.6,2185.4,2185.6,12,12,51
9:28:06,2185.4,2185.2,2185.4,28,59,6
9:28:06,2185.2,2185.4,2185.6,27,2,47
9:28:07,2185.4,2185.4,2185.6,5,8,50
9:28:07,2185.4,2185.4,2185.6,8,22,20
9:28:08,2185.4,2185.4,2185.6,26,62,11
9:28:08,2185.4,2185.6,2185.8,15,1,41
9:28:09,2185.8,2185.6,2185.8,21,4,32
9:28:09,2185.6,2185.6,2185.8,7,18,31
9:28:10,2185.6,2185.4,2185.6,44,38,1
9:28:10,2185.6,2185.6,2186,18,1,136
9:28:11,2185.6,2185.4,2185.6,3,42,2
9:28:11,2185.4,2185.4,2185.6,7,38,3
9:28:12,2185.6,2185.4,2185.6,8,34,2
9:28:12,2185.8,2185.4,2185.8,3,40,13
9:28:13,2185.4,2185.4,2185.6,5,38,3
9:28:13,2185.4,2185.4,2185.6,1,37,4
9:28:14,2185.6,2185.4,2185.6,13,28,1
9:28:14,2185.6,2185.4,2185.6,10,29,1
9:28:15,2185.6,2185.4,2185.6,3,45,1
9:28:15,2185.4,2185.6,2185.8,11,1,44
9:28:16,2185.8,2185.6,2185.8,1,1,58
9:28:16,2185.6,2185.4,2185.6,1,41,5
9:28:17,2185.4,2185.4,2185.6,14,30,16
9:28:17,2185.6,2185.4,2185.6,8,27,23
9:28:18,2185.6,2185.4,2185.6,13,18,41
9:28:18,2185.4,2185.2,2185.4,19,19,10
9:28:19,2185.2,2185.2,2185.4,14,16,2
9:28:19,2185.6,2185.2,2185.4,12,16,2
9:28:20,2185.4,2185.2,2185.4,6,11,13
9:28:20,2185.2,2185.2,2185.4,4,9,16
9:28:21,2185.4,2185.2,2185.4,8,11,9
9:28:21,2185.2,2185.2,2185.4,3,17,9
9:28:22,2185.4,2185.2,2185.4,10,19,2
9:28:22,2185.2,2185.2,2185.6,9,17,36
9:28:23,2185.2,2185.4,2185.6,24,2,37
9:28:23,2185.4,2185.4,2185.6,13,4,31
9:28:24,2185.2,2185.4,2185.6,6,5,37
9:28:24,2185.4,2185.2,2185.4,5,1,2
9:28:25,2185,2185,2185.4,13,57,1
9:28:25,2185.6,2185,2185.6,9,56,36
9:28:26,2185,2185.2,2185.6,3,2,37
9:28:26,2185.4,2185.2,2185.4,18,2,18
9:28:27,2185.4,2185.2,2185.4,3,3,18
9:28:27,2185.2,2184.8,2185.4,61,16,14
9:28:28,2185.2,2185,2185.2,21,2,2
9:28:28,2184.6,2184.8,2185.2,3,1,6
9:28:29,2184.8,2184.8,2185.2,1,3,6
9:28:29,2184.6,2184.6,2185.2,18,5,12
9:28:30,2184.6,2184.4,2184.6,8,18,27
9:28:30,2184.4,2184.4,2184.6,8,12,28
9:28:31,2184.4,2184.4,2184.6,20,7,13
9:28:31,2184.6,2184.2,2184.4,21,41,13
9:28:32,2184.6,2184.6,2184.8,28,13,3
9:28:32,2184.8,2184.8,2185,10,1,3
9:28:33,2184.8,2184.8,2185,36,21,1
9:28:33,2185,2184.8,2185,7,8,1
9:28:34,2185.2,2185,2185.2,6,8,72
9:28:34,2185,2185,2185.2,5,4,72
9:28:35,2185,2184.8,2185,4,19,18
9:28:35,2184.8,2184.8,2185,1,19,18
9:28:36,2185,2184.8,2185,3,28,45
9:28:36,2185,2184.8,2185,5,26,44
9:28:37,2185,2184.8,2185,4,26,44
9:28:37,2185,2184.8,2185,7,20,44
9:28:38,2184.8,2184.8,2185,2,19,48
9:28:38,2185,2184.8,2185,1,20,55
9:28:39,2185,2184.8,2185,4,18,55
9:28:39,2185,2185,2185.2,58,53,70
9:28:40,2185,2185,2185.2,10,49,64
9:28:40,2185,2185,2185.2,5,51,60
9:28:41,2185.2,2185,2185.2,7,49,59
9:28:41,2185.2,2185,2185.2,6,49,55
9:28:42,2185,2185,2185.2,4,52,58
9:28:42,2185.2,2185,2185.2,2,51,58
9:28:43,2185.2,2185,2185.2,2,50,60
9:28:43,2185.2,2185,2185.2,1,52,59
9:28:44,2185,2185,2185.2,1,50,60
9:28:44,2185,2185,2185.2,3,48,61
9:28:45,2185.2,2185,2185.2,17,71,50
9:28:46,2185,2185,2185.2,2,83,54
9:28:47,2185,2185,2185.2,9,77,57
9:28:47,2185.2,2185,2185.2,14,64,57
9:28:48,2185,2185,2185.2,3,61,57
9:28:48,2185,2185,2185.2,3,58,57
9:28:49,2185,2185,2185.2,2,66,57
9:28:49,2185,2185,2185.2,7,62,56
9:28:50,2185.2,2185,2185.2,1,63,55
9:28:50,2185.2,2185,2185.2,8,64,49
9:28:51,2185,2185,2185.2,4,63,48
9:28:51,2185,2185,2185.2,2,61,48
9:28:52,2185,2185,2185.2,13,50,47
9:28:52,2185,2185,2185.2,17,33,47
9:28:53,2185.2,2185,2185.2,5,33,42
9:28:53,2185,2185,2185.2,17,17,41
9:28:54,2185.2,2185,2185.2,30,9,36
9:28:54,2185,2185,2185.2,4,6,36
9:28:55,2185,2184.8,2185,8,54,15
9:28:55,2185,2184.8,2185,2,54,17
9:28:56,2185,2184.8,2185,5,53,22
9:28:57,2184.8,2184.8,2185,6,75,26
9:28:57,2184.8,2184.8,2185,3,74,29
9:28:58,2184.8,2184.8,2185,9,65,31
9:28:58,2184.8,2184.8,2185,1,64,34
9:28:59,2185,2184.8,2185,19,63,20
9:29:00,2185,2184.8,2185,2,63,20
9:29:00,2185,2184.8,2185,1,63,20
9:29:01,2185,2184.8,2185,4,66,18
9:29:01,2184.8,2184.8,2185,6,61,18
9:29:02,2185,2184.8,2185,4,110,18
9:29:02,2184.8,2184.8,2185,3,108,19
9:29:03,2185,2185,2185.2,24,98,49
9:29:03,2185,2185,2185.2,36,94,23
9:29:04,2185.2,2185.2,2185.4,28,24,43
9:29:05,2185.2,2185.2,2185.4,2,38,43
9:29:05,2185.4,2185.2,2185.4,17,23,41
9:29:06,2185.2,2185.2,2185.4,28,7,31
9:29:06,2185.4,2185.2,2185.4,32,6,4
9:29:07,2185.4,2185.2,2185.6,9,4,76
9:29:07,2185.6,2185.4,2185.6,1,3,74
9:29:08,2185.2,2185,2185.2,19,91,5
9:29:08,2185.4,2185.2,2185.4,7,4,3
9:29:09,2185.2,2185.2,2185.4,2,7,41
9:29:09,2185.4,2185,2185.4,13,101,59
9:29:10,2185.2,2185.2,2185.4,12,1,64
9:29:11,2185.2,2185.2,2185.4,1,1,64
9:29:11,2185.4,2185.2,2185.4,5,1,59
9:29:12,2185.2,2185,2185.2,2,104,4
9:29:12,2185.2,2185.2,2185.4,58,2,15
9:29:13,2185.2,2185,2185.4,2,104,7
9:29:13,2185.4,2185.2,2185.4,8,33,5
9:29:14,2185.4,2185.4,2185.6,11,22,81
9:29:14,2185.4,2185.4,2185.6,6,34,78
9:29:15,2185.4,2185.4,2185.6,3,24,75
9:29:15,2185.6,2185.4,2185.6,13,21,65
9:29:16,2185.6,2185.4,2185.6,2,20,64
9:29:16,2185.6,2185.4,2185.6,5,20,58
9:29:17,2185.4,2185.4,2185.6,6,14,54
9:29:17,2185.6,2185.4,2185.6,5,15,53
9:29:18,2185.4,2185.4,2185.6,54,12,2
9:29:19,2185.8,2185.6,2185.8,4,3,47
9:29:19,2185.6,2185.6,2185.8,2,3,47
9:29:20,2185.8,2185.6,2185.8,1,6,45
9:29:20,2185.8,2185.6,2185.8,3,9,42
9:29:21,2185.8,2185.6,2185.8,10,6,36
9:29:21,2185.8,2185.6,2185.8,8,7,28
9:29:22,2186,2185.6,2186,36,44,72
9:29:22,2186,2185.8,2186,6,7,65
9:29:23,2186,2186,2186.2,95,3,9
9:29:23,2186.2,2186.2,2186.4,12,17,59
9:29:24,2186.2,2186.2,2186.4,8,22,54
9:29:24,2186.4,2186.2,2186.4,16,29,57
9:29:25,2186.6,2186.4,2186.6,72,33,55
9:29:25,2186.6,2186.4,2186.6,52,19,21
9:29:26,2186.4,2186.2,2186.4,78,15,17
9:29:26,2186.2,2186.4,2186.6,19,4,3
9:29:27,2186.8,2186.2,2186.4,13,19,1
9:29:27,2186.4,2186.4,2186.8,6,2,79
9:29:28,2186.6,2186.4,2186.8,16,3,71
9:29:28,2186.6,2186.4,2186.6,21,4,1
9:29:29,2186.6,2186.4,2186.6,24,19,10
9:29:29,2186.4,2186.4,2186.6,6,18,29
9:29:30,2186.4,2186.4,2186.6,15,11,47
9:29:30,2186.4,2186.2,2186.4,24,27,19
9:29:31,2186.4,2186.2,2186.4,37,25,9
9:29:31,2186.4,2186.2,2186.4,37,2,25
9:29:32,2186.2,2186,2186.2,10,12,3
9:29:32,2186.2,2186,2186.2,15,4,4
9:29:33,2186.2,2186,2186.2,12,8,12
9:29:33,2186.2,2186,2186.2,8,9,8
9:29:34,2186.2,2186,2186.2,7,10,29
9:29:34,2186,2186,2186.2,5,13,27
9:29:35,2186,2186,2186.2,25,5,17
9:29:35,2186,2185.8,2186,14,7,22
9:29:36,2186,2185.8,2186,15,5,11
9:29:36,2186,2185.8,2186,9,18,9
9:29:37,2185.8,2185.8,2186,25,7,1
9:29:37,2186,2186,2186.2,5,2,18
9:29:38,2186,2185.8,2186,3,7,1
9:29:38,2186,2186,2186.2,8,7,19
9:29:39,2186,2186,2186.2,4,10,17
9:29:39,2186,2186,2186.2,3,16,78
9:29:40,2186.2,2186,2186.2,9,16,70
9:29:40,2185.8,2185.8,2186,24,8,12
9:29:41,2186,2185.8,2186,29,1,1
9:29:41,2186,2185.8,2186,5,10,5
9:29:42,2186,2185.8,2186,3,10,5
9:29:42,2186,2185.8,2186,1,10,6
9:29:43,2186,2185.8,2186,4,10,5
9:29:43,2185.8,2185.8,2186,5,10,8
9:29:44,2186,2185.8,2186,8,9,2
9:29:44,2186.2,2186,2186.2,10,1,75
9:29:45,2186,2185.8,2186,1,10,11
9:29:45,2186,2185.8,2186,7,14,15
9:29:46,2186,2186,2186.2,27,7,78
9:29:46,2186,2186,2186.2,7,11,77
9:29:47,2186,2186,2186.2,5,8,78
9:29:47,2186,2186,2186.2,14,25,81
9:29:48,2186.2,2186,2186.2,8,27,80
9:29:48,2186.2,2186,2186.2,9,25,77
9:29:49,2186.2,2186,2186.2,1,26,80
9:29:49,2186,2185.8,2186,45,26,42
9:29:50,2186,2185.8,2186,38,25,6
9:29:50,2186,2185.8,2186,8,24,6
9:29:51,2186.2,2186,2186.2,11,10,67
9:29:51,2186,2185.8,2186,43,23,6
9:29:52,2185.8,2185.8,2186,8,30,12
9:29:52,2185.8,2185.8,2186,4,32,11
9:29:53,2186,2185.8,2186,20,22,16
9:29:53,2186,2185.8,2186,9,21,11
9:29:54,2185.8,2185.6,2185.8,28,16,16
9:29:54,2185.8,2185.6,2185.8,8,16,8
9:29:55,2185.6,2185.6,2185.8,3,17,7
9:29:55,2185.8,2185.6,2185.8,37,18,2
9:29:56,2185.4,2185.4,2185.6,32,27,30
9:29:56,2185.6,2185.4,2185.6,3,27,32
9:29:57,2185.4,2185.4,2185.6,32,42,15
9:29:57,2185.8,2185.6,2185.8,24,2,3
9:29:58,2186,2185.8,2186,9,6,5
9:29:58,2185.8,2185.8,2186,5,5,5
9:29:59,2185.8,2185.8,2186,5,2,7
9:29:59,2185.8,2185.6,2186,3,35,5
9:30:00,2185.8,2185.8,2186,1,1,22
9:30:00,2186,2186,2186.2,78,14,18
9:30:01,2186.2,2186.2,2186.4,28,12,46
9:30:01,2186.2,2186.2,2186.4,22,13,31
9:30:02,2186.2,2185.8,2186,65,36,14
9:30:02,2185.8,2185.8,2186,39,17,9
9:30:03,2186,2185.8,2186,8,19,21
9:30:03,2185.8,2185.8,2186,5,15,34
9:30:04,2185.8,2185.8,2186,14,1,34
9:30:04,2185.6,2185.6,2185.8,6,35,8
9:30:05,2185.6,2185.6,2185.8,4,34,7
9:30:05,2185.8,2185.6,2185.8,5,31,4
9:30:06,2186,2185.8,2186,10,13,37
9:30:06,2185.6,2185.4,2185.6,49,37,9
9:30:07,2185.6,2185.4,2185.6,11,37,8
9:30:07,2186,2185.4,2186,13,39,33
9:30:08,2186,2185.6,2186,3,5,42
9:30:08,2185.6,2185.6,2185.8,1,32,5
9:30:09,2185.8,2185.6,2185.8,3,32,4
9:30:09,2185.8,2185.6,2186,2,37,15
9:30:10,2185.8,2185.6,2186,3,52,15
9:30:10,2185.6,2185.8,2186,15,19,19
9:30:11,2186,2186,2186.2,17,3,15
9:30:11,2186,2186,2186.2,2,2,14
9:30:12,2186,2186,2186.2,6,4,13
9:30:12,2186,2186,2186.2,3,2,13
9:30:13,2186,2185.8,2186,4,23,13
9:30:13,2185.8,2185.8,2186,1,22,14
9:30:14,2186,2185.8,2186,2,22,15
9:30:14,2185.8,2185.8,2186,18,8,14
9:30:15,2186,2185.8,2186,10,6,28
9:30:15,2185.6,2185.6,2185.8,8,54,2
9:30:16,2185.8,2185.8,2186,10,10,30
9:30:16,2185.8,2185.8,2186,9,4,32
9:30:17,2185.8,2185.6,2186,5,53,33
9:30:17,2185.6,2185.6,2185.8,2,56,2
9:30:18,2185.6,2185.6,2185.8,4,53,3
9:30:18,2185.8,2185.6,2185.8,3,52,3
9:30:19,2185.6,2185.6,2185.8,2,50,3
9:30:19,2185.6,2185.6,2185.8,5,45,3
9:30:20,2185.8,2185.6,2185.8,29,25,4
9:30:20,2185.6,2185.4,2185.6,36,62,54
9:30:21,2185.4,2185.4,2185.6,19,48,39
9:30:21,2185.6,2185.4,2185.6,22,31,36
9:30:22,2185.4,2185.2,2185.4,35,61,35
9:30:22,2185.4,2185.2,2185.4,1,60,34
9:30:23,2185.2,2185.2,2185.4,12,51,32
9:30:23,2185.2,2185.2,2185.4,47,11,30
9:30:24,2185.2,2185.2,2185.4,9,6,28
9:30:24,2185.2,2185,2185.4,7,131,29
9:30:25,2185,2185,2185.2,43,94,18
9:30:25,2185,2185,2185.2,18,81,44
9:30:26,2185,2185,2185.2,47,37,45
9:30:26,2185,2185,2185.2,19,19,46
9:30:27,2185,2184.8,2185.2,27,50,39
9:30:27,2184.8,2184.8,2185,5,46,28
9:30:28,2184.8,2184.8,2185,23,28,25
9:30:28,2184.8,2184.8,2185,24,12,22
9:30:29,2184.8,2184.8,2185,27,10,11
9:30:29,2184.8,2184.8,2185,10,23,16
9:30:30,2184.8,2185,2185.2,22,1,37
9:30:30,2185.2,2185,2185.2,7,2,32
9:30:31,2185,2185,2185.2,5,1,31
9:30:31,2185.2,2184.8,2185,3,31,1
9:30:32,2184.8,2184.8,2185,5,27,3
9:30:32,2185,2184.8,2185,8,29,2
9:30:33,2184.8,2184.8,2185,4,31,1
9:30:33,2184.8,2185,2185.2,6,10,32
9:30:34,2185,2185,2185.2,19,3,29
9:30:34,2185,2184.8,2185,7,31,3
9:30:35,2184.8,2184.8,2185,4,32,4
9:30:35,2185.2,2185,2185.2,10,3,26
9:30:36,2185,2185,2185.2,8,3,25
9:30:36,2185.2,2185,2185.2,2,5,25
9:30:37,2185.2,2185,2185.2,22,60,22
9:30:37,2185.2,2185,2185.2,23,63,5
9:30:38,2185.2,2185.2,2185.4,10,33,5
9:30:38,2185.4,2185.4,2185.6,8,6,10
9:30:39,2185.6,2185.4,2185.6,7,9,3
9:30:39,2185.2,2185.2,2185.4,13,30,1
9:30:40,2185.4,2185.4,2185.8,3,1,9
9:30:41,2185.4,2185.4,2185.6,1,2,2
9:30:42,2185.6,2185.4,2185.6,4,3,3
9:30:42,2185.4,2185.4,2185.6,1,2,6
9:30:43,2185.4,2185.4,2185.6,9,17,6
9:30:43,2185.4,2185.4,2185.6,1,16,6
9:30:44,2185.4,2185.4,2185.8,8,16,42
9:30:44,2185.4,2185.6,2185.8,4,1,43
9:30:45,2185.4,2185.4,2185.6,7,9,6
9:30:45,2185.4,2185.4,2185.6,5,7,6
9:30:46,2185.6,2185.2,2185.6,27,17,2
9:30:46,2185.8,2185.2,2185.6,11,17,1
9:30:47,2185.6,2185.2,2185.6,3,10,7
9:30:47,2185.6,2185.2,2185.4,4,10,4
9:30:48,2185.2,2185.2,2185.4,1,12,5
9:30:48,2185.4,2185.4,2185.6,8,13,6
9:30:49,2185.6,2185.4,2185.6,23,11,4
9:30:49,2185.6,2185.6,2185.8,12,20,13
9:30:50,2185.6,2185.6,2185.8,2,18,14
9:30:50,2185.6,2185.4,2185.6,20,39,5
9:30:51,2185.4,2185.4,2185.6,20,28,7
9:30:51,2185.6,2185.6,2185.8,10,11,17
9:30:52,2185.6,2185.6,2185.8,9,2,17
9:30:52,2185.6,2185.6,2185.8,1,9,18
9:30:53,2185.4,2185.4,2185.6,12,27,13
9:30:53,2185.6,2185.4,2185.6,1,27,13
9:30:54,2185.6,2185.4,2185.6,17,12,34
9:30:54,2185.6,2185.4,2185.6,3,11,42
9:30:55,2185.4,2185.2,2185.4,13,22,40
9:30:55,2185.2,2185.2,2185.4,17,18,32
9:30:56,2185.2,2185.2,2185.4,11,9,33
9:30:56,2185.2,2185.2,2185.4,8,7,28
9:30:57,2185.2,2185.2,2185.4,5,3,30
9:30:57,2185.4,2185,2185.4,8,179,26
9:30:58,2185.2,2185,2185.2,1,139,2
9:30:58,2185.2,2185,2185.2,4,137,1
9:30:59,2185,2185,2185.2,9,128,2
9:30:59,2185.4,2185.2,2185.4,37,1,33
9:31:00,2185,2185,2185.2,4,94,6
9:31:00,2185.2,2185,2185.2,14,84,8
9:31:01,2185,2185,2185.2,20,80,2
9:31:01,2185,2185,2185.2,12,69,3
9:31:02,2185.2,2185.2,2185.4,45,5,1
9:31:02,2185.8,2185.2,2185.8,61,1,8
9:31:03,2185.2,2185,2185.6,24,57,15
9:31:03,2185.4,2185.4,2185.6,8,2,14
9:31:04,2185.4,2185.2,2185.4,5,8,1
9:31:04,2185.4,2185.2,2185.4,1,14,2
9:31:05,2185.2,2185.4,2185.6,9,1,26
9:31:05,2185.6,2185.2,2185.6,3,12,27
9:31:06,2185.6,2185.2,2185.6,2,11,27
9:31:06,2185.2,2185,2185.2,17,63,5
9:31:07,2185,2185,2185.4,9,61,1
9:31:07,2185,2185,2185.4,5,57,7
9:31:08,2185.4,2185.4,2185.6,14,1,30
9:31:08,2185.2,2185,2185.4,12,49,8
9:31:09,2185.2,2185,2185.2,3,50,3
9:31:09,2185,2185,2185.2,13,33,3
9:31:10,2185,2185,2185.2,14,19,16
9:31:10,2185,2184.8,2185,40,28,65
9:31:11,2184.8,2184.6,2184.8,41,60,18
9:31:11,2184.6,2184.4,2184.6,67,31,10
9:31:12,2184.4,2184.4,2184.6,7,72,9
9:31:12,2184.4,2184.4,2184.6,43,31,7
9:31:13,2184.4,2184.4,2184.6,21,12,4
9:31:13,2184.2,2184.2,2184.4,42,60,17
9:31:14,2184.2,2184.2,2184.4,7,55,24
9:31:14,2184.4,2184.2,2184.4,23,36,31
9:31:15,2184.4,2184.2,2184.4,33,28,23
9:31:15,2184.4,2184.2,2184.4,34,30,6
9:31:16,2184.6,2184.4,2184.8,14,40,15
9:31:16,2184.6,2184.6,2184.8,13,4,7
9:31:17,2184.4,2184.6,2184.8,10,3,9
9:31:17,2184.4,2184.6,2184.8,3,9,15
9:31:18,2184.8,2184.6,2184.8,3,7,14
9:31:18,2184.8,2184.6,2184.8,16,7,2
9:31:19,2184.6,2184.6,2184.8,7,7,2
9:31:19,2184.6,2184.4,2184.6,9,93,1
9:31:20,2184.6,2184.6,2184.8,6,2,1
9:31:20,2184.6,2184.4,2184.6,5,94,2
9:31:21,2184.6,2184.4,2184.8,10,100,5
9:31:21,2184.6,2184.4,2184.6,11,111,2
9:31:22,2184.6,2184.4,2184.6,2,94,2
9:31:22,2184.6,2184.6,2184.8,8,9,39
9:31:23,2184.8,2184.6,2184.8,9,1,45
9:31:23,2184.6,2184.4,2184.6,1,95,1
9:31:24,2184.6,2184.4,2184.6,10,122,12
9:31:24,2184.6,2184.4,2184.6,1,122,13
9:31:25,2184.4,2184.4,2184.6,11,117,17
9:31:25,2184.4,2184.4,2184.6,12,105,21
9:31:26,2184.4,2184.4,2184.6,2,71,32
9:31:26,2184.4,2184.4,2184.6,53,45,11
9:31:27,2184.4,2184.4,2184.6,14,30,14
9:31:27,2184.4,2184.4,2184.6,3,30,13
9:31:28,2184.4,2184.4,2184.6,13,18,19
9:31:28,2184.4,2184.4,2184.6,6,12,18
9:31:29,2184.6,2184.4,2184.6,11,8,18
9:31:29,2184.6,2184.4,2184.6,11,2,14
9:31:30,2184.4,2184.2,2184.4,3,62,2
9:31:30,2184.4,2184.2,2184.6,2,65,15
9:31:31,2184.6,2184.2,2184.4,1,60,8
9:31:31,2184.2,2184.2,2184.8,32,57,27
9:31:32,2184.4,2184.4,2184.8,15,2,24
9:31:32,2184.8,2184.4,2184.8,23,15,2
9:31:33,2184.6,2184.4,2184.8,3,35,5
9:31:33,2185,2184.4,2184.8,17,69,1
9:31:34,2184.6,2184.8,2185,14,1,10
9:31:34,2185.2,2184.6,2185,26,17,1
9:31:35,2184.8,2184.6,2184.8,12,22,8
9:31:36,2184.8,2184.6,2184.8,12,23,12
9:31:36,2184.8,2184.6,2184.8,5,22,8
9:31:37,2184.8,2184.6,2184.8,5,27,8
9:31:37,2184.8,2184.6,2184.8,14,25,5
9:31:38,2184.6,2184.6,2184.8,6,25,1
9:31:38,2184.8,2184.6,2184.8,3,24,2
9:31:39,2184.6,2184.6,2184.8,4,21,2
9:31:39,2184.6,2184.6,2184.8,2,21,6
9:31:40,2184.6,2184.6,2184.8,5,17,5
9:31:40,2184.6,2184.6,2184.8,9,9,9
9:31:41,2184.8,2184.8,2185,20,8,75
9:31:41,2184.6,2184.4,2184.8,21,23,1
9:31:42,2184.6,2184.4,2184.6,6,23,1
9:31:42,2184.6,2184.4,2184.6,7,23,1
9:31:43,2184.4,2184.4,2184.6,1,27,5
9:31:43,2184.8,2184.6,2184.8,9,9,5
9:31:44,2184.8,2184.6,2184.8,8,10,2
9:31:44,2184.6,2184.6,2185,9,4,82
9:31:45,2184.6,2184.6,2184.8,3,2,4
9:31:46,2184.6,2184.6,2185,7,4,84
9:31:46,2184.6,2184.6,2185,3,4,84
9:31:47,2184.6,2184.6,2184.8,4,1,23
9:31:47,2184.8,2184.4,2184.6,6,35,11
9:31:48,2184.6,2184.4,2184.6,11,30,14
9:31:48,2184.4,2184.4,2184.6,3,26,21
9:31:49,2184.6,2184.4,2184.6,18,20,8
9:31:49,2184.6,2184.4,2184.6,16,12,2
9:31:50,2184.4,2184.4,2184.6,5,9,2
9:31:50,2184.6,2184.6,2184.8,4,1,20
9:31:51,2184.8,2184.4,2184.6,12,18,1
9:31:51,2184.6,2184.4,2184.6,8,16,16
9:31:52,2184.6,2184.4,2184.6,2,18,15
9:31:52,2184.4,2184.4,2184.6,12,47,19
9:31:53,2184.6,2184.4,2184.6,4,47,20
9:31:54,2184.4,2184.4,2184.6,7,48,14
9:31:54,2184.4,2184.4,2184.6,4,46,12
9:31:55,2184.6,2184.6,2184.8,23,18,29
9:31:55,2184.6,2184.6,2184.8,5,15,29
9:31:56,2184.6,2184.6,2184.8,13,4,31
9:31:56,2184.8,2184.6,2184.8,3,18,32
9:31:57,2184.8,2184.6,2184.8,7,20,28
9:31:57,2184.6,2184.6,2184.8,4,20,28
9:31:58,2184.6,2184.6,2184.8,1,22,30
9:31:58,2184.6,2184.6,2184.8,18,13,22
9:31:59,2184.6,2184.6,2184.8,4,13,23
9:32:00,2184.6,2184.6,2184.8,1,13,26
9:32:00,2185,2184.6,2185,36,12,99
9:32:01,2184.6,2184.6,2185,25,12,86
9:32:01,2184.6,2184.6,2185,6,10,87
9:32:02,2184.6,2184.4,2184.6,16,52,17
9:32:02,2184.4,2184.4,2184.6,2,49,18
9:32:03,2184.6,2184.4,2184.6,3,48,19
9:32:03,2184.6,2184.4,2184.6,19,43,9
9:32:04,2184.4,2184.6,2184.8,13,1,14
9:32:04,2184.4,2184.4,2184.8,20,42,3
9:32:05,2184.4,2184.4,2184.8,2,42,4
9:32:05,2184.4,2184.6,2184.8,3,10,4
9:32:06,2184.6,2184.6,2184.8,9,6,15
9:32:06,2184.6,2184.6,2184.8,9,4,17
9:32:07,2184.4,2184.4,2184.6,17,40,8
9:32:07,2184.6,2184.6,2184.8,11,1,6
9:32:08,2184.6,2184.4,2184.6,10,45,6
9:32:08,2184.6,2184.6,2184.8,21,4,12
9:32:09,2184.8,2184.4,2184.8,23,39,6
9:32:09,2184.8,2184.8,2185,10,55,107
9:32:10,2184.8,2184.8,2185,5,53,105
9:32:10,2185,2184.8,2185,7,49,104
9:32:11,2185,2184.8,2185,6,51,98
9:32:11,2185,2184.8,2185,19,43,87
9:32:12,2185,2184.8,2185,23,46,64
9:32:12,2185,2184.8,2185,40,45,21
9:32:13,2184.8,2184.8,2185,7,45,16
9:32:13,2185,2184.8,2185,26,27,9
9:32:14,2185,2185,2185.2,18,13,20
9:32:14,2185,2185,2185.2,4,58,20
9:32:15,2185,2185,2185.2,14,50,15
9:32:15,2185,2185,2185.2,20,35,16
9:32:16,2185,2185,2185.2,17,33,4
9:32:16,2185,2185,2185.2,11,25,3
9:32:17,2185.2,2185,2185.2,2,27,1
9:32:17,2185,2185,2185.2,13,14,3
9:32:18,2185.2,2185,2185.2,26,8,1
9:32:18,2185,2184.8,2185,13,31,19
9:32:19,2184.8,2184.8,2185,9,25,16
9:32:19,2184.8,2184.8,2185,5,21,16
9:32:20,2185,2184.8,2185,12,21,6
9:32:20,2184.8,2184.8,2185,5,19,16
9:32:21,2184.8,2184.8,2185,4,15,17
9:32:21,2185,2185,2185.2,25,1,7
9:32:22,2184.8,2184.6,2184.8,8,13,6
9:32:22,2184.8,2184.6,2184.8,4,13,4
9:32:23,2184.8,2184.6,2184.8,5,12,8
9:32:23,2184.8,2184.8,2185,8,9,2
9:32:24,2185,2185,2185.2,7,8,9
9:32:24,2185,2185,2185.2,1,8,13
9:32:25,2185,2185,2185.2,5,6,12
9:32:25,2185,2185,2185.2,2,4,12
9:32:26,2185,2184.8,2185,4,8,2
9:32:26,2185,2184.8,2185,1,10,3
9:32:27,2185,2184.8,2185,2,10,1
9:32:28,2185,2184.8,2185,1,15,1
9:32:28,2185,2184.8,2185.2,2,14,19
9:32:29,2185,2184.8,2185.2,1,15,19
9:32:29,2185,2184.8,2185,2,13,1
9:32:30,2185,2185,2185.2,9,4,20
9:32:30,2185.2,2185,2185.2,2,5,18
9:32:31,2185,2185,2185.2,1,14,18
9:32:31,2185,2185,2185.2,19,10,4
9:32:32,2185.2,2185,2185.2,8,8,2
9:32:32,2185.2,2185,2185.2,3,6,1
9:32:33,2185.2,2185,2185.2,11,6,1
9:32:33,2185.4,2185.2,2185.4,3,5,20
9:32:34,2185.4,2185.2,2185.4,7,1,18
9:32:34,2185.4,2185.2,2185.4,12,4,8
9:32:35,2185.4,2185.2,2185.4,2,4,6
9:32:35,2185.4,2185.2,2185.4,3,5,4
9:32:36,2185.4,2185.2,2185.4,3,5,3
9:32:36,2185.4,2185.2,2185.6,3,7,38
9:32:37,2185.4,2185.4,2185.6,1,1,37
9:32:37,2185.2,2185,2185.2,13,10,8
9:32:38,2185.2,2185,2185.2,2,12,8
9:32:39,2185.2,2185,2185.2,4,14,5
9:32:39,2185,2185,2185.2,14,8,3
9:32:40,2185.2,2185,2185.2,9,5,1
9:32:40,2185.2,2184.8,2185.2,7,17,1
9:32:41,2185.2,2185,2185.4,1,3,9
9:32:41,2185,2185,2185.4,3,4,11
9:32:42,2185.4,2185,2185.4,1,7,11
9:32:42,2185.4,2185,2185.4,7,9,6
9:32:43,2185,2185,2185.4,1,8,10
9:32:43,2185,2185,2185.4,1,12,10
9:32:44,2185.4,2185,2185.4,1,19,10
9:32:44,2185,2185,2185.4,1,29,10
9:32:45,2185.2,2185,2185.2,3,78,2
9:32:45,2185.4,2185,2185.4,4,78,15
9:32:46,2185.6,2185.4,2185.6,17,6,43
9:32:46,2185.4,2185.4,2185.6,27,1,29
9:32:47,2185.8,2185.6,2185.8,37,6,54
9:32:47,2185.6,2185.6,2185.8,7,6,50
9:32:48,2185.8,2185.6,2185.8,12,7,40
9:32:48,2185.8,2185.6,2185.8,10,27,33
9:32:49,2185.8,2185.6,2185.8,14,28,21
9:32:49,2185.8,2185.6,2185.8,8,26,20
9:32:50,2185.8,2185.6,2185.8,13,26,10
9:32:50,2185.6,2185.6,2185.8,5,24,8
9:32:51,2185.8,2185.6,2185.8,9,25,1
9:32:51,2185.6,2185.6,2185.8,14,21,7
9:32:52,2185.6,2185.4,2185.6,27,4,20
9:32:52,2185.6,2185.4,2185.6,5,5,15
9:32:53,2185.6,2185.4,2185.6,5,5,11
9:32:53,2185.4,2185.2,2185.4,7,18,18
9:32:54,2185.4,2185.2,2185.4,1,18,18
9:32:54,2185.4,2185.2,2185.4,3,17,16
9:32:55,2185.4,2185.2,2185.4,12,14,7
9:32:55,2185.4,2185.2,2185.4,1,14,8
9:32:56,2185.4,2185.2,2185.4,2,14,6
9:32:56,2185.2,2185.2,2185.4,3,13,6
9:32:57,2185.4,2185.4,2185.6,10,12,19
9:32:57,2185.4,2185.4,2185.6,1,17,19
9:32:58,2185.4,2185.4,2185.6,3,16,20
9:32:58,2185.6,2185.4,2185.6,14,16,6
9:32:59,2185.6,2185.6,2185.8,7,3,33
9:32:59,2185.6,2185.4,2185.6,3,17,7
9:33:00,2185.6,2185.4,2185.6,6,16,7
9:33:00,2185.4,2185.4,2185.6,2,17,9
9:33:01,2185.4,2185.4,2185.6,23,2,11
9:33:01,2185.6,2185.6,2185.8,19,1,38
9:33:02,2185.2,2185.2,2185.8,16,13,49
9:33:02,2185.6,2185.4,2185.6,14,1,14
9:33:03,2185.6,2185.2,2185.6,9,16,7
9:33:03,2185.2,2185.2,2185.6,5,12,9
9:33:04,2185.2,2185.2,2185.6,3,10,26
9:33:04,2185.2,2185.2,2185.6,8,7,9
9:33:05,2185.6,2185.2,2185.4,2,10,1
9:33:05,2185.2,2185.2,2185.4,9,1,1
9:33:06,2185.2,2185,2185.2,1,32,5
9:33:06,2185,2185,2185.2,5,31,1
9:33:07,2185.2,2185.2,2185.4,2,1,7
9:33:07,2185,2185,2185.2,6,26,1
9:33:08,2185,2185,2185.2,5,28,2
9:33:09,2185.2,2185,2185.2,3,40,2
9:33:09,2185,2185,2185.2,1,25,22
9:33:10,2185.2,2185,2185.2,5,22,22
9:33:10,2185,2184.8,2185,43,29,30
9:33:11,2185,2184.8,2185,1,28,113
9:33:11,2184.8,2184.6,2184.8,53,20,34
9:33:12,2184.6,2184.4,2184.6,54,29,2
9:33:12,2184.6,2184.2,2184.6,33,53,7
9:33:13,2184.4,2184.2,2184.4,19,54,13
9:33:14,2184.4,2184.2,2184.4,7,50,10
9:33:14,2184.4,2184.4,2184.6,20,2,11
9:33:15,2184.2,2184.2,2184.4,15,42,1
9:33:15,2184.4,2184.4,2184.6,4,14,11
9:33:16,2184.6,2184.6,2184.8,19,30,8
9:33:16,2184.6,2184.6,2185,19,20,112
9:33:17,2184.4,2184.6,2185,23,1,112
9:33:17,2184.6,2184.4,2184.8,5,14,4
9:33:18,2184.4,2184.4,2184.6,2,11,6
9:33:18,2184.4,2184.4,2184.6,3,11,10
9:33:19,2184.6,2184.4,2184.6,9,10,7
9:33:19,2184.4,2184.2,2184.4,13,69,12
9:33:20,2184.4,2184.2,2184.4,1,77,15
9:33:20,2184.4,2184.2,2184.4,22,107,4
9:33:21,2184.4,2184.4,2184.6,25,6,5
9:33:21,2184.4,2184.4,2184.8,27,2,77
9:33:22,2184.2,2184.2,2184.4,23,90,5
9:33:22,2184.4,2184.2,2184.4,47,66,1
9:33:23,2184.2,2184.4,2184.6,24,2,2
9:33:23,2184.2,2184.2,2184.4,8,47,4
9:33:24,2184.2,2184.2,2184.4,20,36,1
9:33:24,2184.2,2184.2,2184.4,58,3,22
9:33:25,2184.2,2184,2184.2,40,215,8
9:33:25,2184,2184,2184.2,28,199,5
9:33:26,2184,2184,2184.2,57,145,41
9:33:26,2184,2184,2184.2,87,69,37
9:33:27,2183.8,2183.8,2184,73,60,53
9:33:27,2183.8,2183.8,2184,38,47,61
9:33:28,2183.8,2183.8,2184,95,11,13
9:33:28,2184,2183.8,2184,27,6,19
9:33:29,2184,2183.8,2184.2,40,1,60
9:33:29,2184,2183.8,2184,12,7,1
9:33:30,2183.6,2183.6,2183.8,31,48,31
9:33:30,2183.8,2183.6,2183.8,45,38,41
9:33:31,2183.6,2183.6,2183.8,37,20,67
9:33:31,2183.6,2183.4,2183.6,25,28,7
9:33:32,2183.6,2183.4,2183.6,30,23,4
9:33:32,2183.6,2183.4,2183.6,28,12,46
9:33:33,2183.2,2183.2,2183.4,24,69,3
9:33:33,2183.4,2183.2,2183.4,25,56,31
9:33:34,2183.2,2183,2183.2,77,94,8
9:33:34,2183,2183,2183.2,20,82,14
9:33:35,2183,2183,2183.2,73,20,5
9:33:35,2182.8,2182.8,2183,45,24,11
9:33:36,2183,2182.8,2183,27,46,3
9:33:36,2183,2182.8,2183,26,32,7
9:33:37,2183,2183,2183.2,63,45,16
9:33:37,2183,2183,2183.2,13,44,13
9:33:38,2183,2183,2183.2,42,21,6
9:33:38,2183,2183,2183.2,19,19,12
9:33:39,2183,2183,2183.2,11,18,25
9:33:39,2183,2182.8,2183,25,44,6
9:33:40,2183,2182.8,2183,29,36,1
9:33:40,2183,2182.8,2183,12,37,1
9:33:41,2182.8,2182.8,2183,33,9,1
9:33:41,2183.2,2183,2183.2,18,2,37
9:33:42,2183,2182.8,2183.2,24,2,39
9:33:42,2182.8,2182.8,2183,17,51,3
9:33:43,2183,2182.8,2183.2,12,52,42
9:33:43,2183,2183,2183.2,15,33,37
9:33:44,2183,2183,2183.2,19,27,36
9:33:44,2183,2183,2183.2,9,36,35
9:33:45,2183,2183,2183.2,31,49,34
9:33:45,2183,2183,2183.2,11,40,36
9:33:46,2183,2183,2183.2,23,10,32
9:33:46,2183.2,2183,2183.2,17,38,23
9:33:47,2183,2183,2183.2,8,35,23
9:33:47,2183,2183,2183.2,14,24,23
9:33:48,2183.2,2183,2183.2,10,26,34
9:33:48,2183,2183,2183.2,24,10,29
9:33:49,2183.2,2182.8,2183.2,13,65,29
9:33:49,2183,2182.8,2183.2,5,63,34
9:33:50,2183,2183,2183.2,18,4,30
9:33:50,2183,2182.8,2183,6,59,11
9:33:51,2183,2182.8,2183,19,57,8
9:33:51,2183,2182.8,2183,10,79,5
9:33:52,2182.8,2182.8,2183,3,79,9
9:33:52,2183,2182.8,2183,8,62,9
9:33:53,2183,2182.8,2183,3,61,13
9:33:53,2182.8,2182.8,2183,13,52,23
9:33:54,2183,2183,2183.2,36,16,52
9:33:54,2183,2182.8,2183,47,17,5
9:33:55,2182.8,2182.8,2183,8,13,5
9:33:55,2182.8,2182.8,2183,27,9,11
9:33:56,2182.8,2182.8,2183,23,8,6
9:33:56,2182.8,2182.8,2183,19,7,12
9:33:57,2182.8,2182.6,2182.8,17,47,7
9:33:57,2183,2182.8,2183,18,2,10
9:33:58,2182.8,2182.6,2182.8,11,45,3
9:33:58,2182.8,2182.6,2182.8,25,45,85
9:33:59,2182.6,2182.6,2182.8,43,6,84
9:33:59,2182.4,2182.4,2182.6,24,53,19
9:34:00,2182.4,2182.4,2182.6,45,34,83
9:34:00,2182.4,2182.2,2182.4,62,62,12
9:34:01,2182.4,2182.2,2182.4,37,56,2
9:34:01,2182.2,2182.2,2182.4,47,23,6
9:34:02,2182.2,2182.4,2182.6,30,9,85
9:34:02,2182.4,2182.4,2182.6,42,12,55
9:34:03,2182.6,2182.4,2182.6,45,38,42
9:34:03,2182.4,2182.2,2182.6,58,17,35
9:34:04,2182.4,2182.4,2182.6,18,12,45
9:34:04,2182.4,2182.4,2182.6,15,9,41
9:34:05,2182.4,2182.4,2182.6,13,5,42
9:34:05,2182.4,2182.2,2182.4,62,29,12
9:34:06,2182.6,2182.4,2182.8,16,1,97
9:34:06,2182.4,2182.4,2182.8,97,12,34
9:34:07,2182.4,2182.4,2182.8,17,8,34
9:34:07,2182.6,2182.4,2182.6,49,3,6
9:34:08,2182.4,2182.2,2182.6,15,45,4
9:34:08,2182.8,2182.4,2182.8,21,20,35
9:34:09,2182.4,2182.4,2182.6,6,19,2
9:34:09,2182.4,2182.4,2182.6,3,32,8
9:34:10,2182.4,2182.4,2182.6,17,31,6
9:34:10,2182.8,2182.6,2182.8,16,4,36
9:34:11,2182.6,2182.6,2182.8,8,11,32
9:34:11,2182.4,2182.6,2182.8,16,4,34
9:34:12,2182.8,2182.6,2182.8,19,2,31
9:34:12,2182.6,2182.4,2182.6,11,37,4
9:34:13,2182.6,2182.4,2182.6,15,33,1
9:34:13,2182.8,2182.6,2182.8,24,8,32
9:34:14,2182.6,2182.6,2182.8,13,5,25
9:34:14,2182.8,2182.6,2182.8,13,1,23
9:34:15,2182.8,2182.6,2182.8,4,5,20
9:34:15,2182.8,2182.8,2183,25,6,66
9:34:16,2182.6,2182.6,2182.8,13,4,2
9:34:16,2182.8,2182.6,2182.8,7,3,14
9:34:17,2182.6,2182.6,2182.8,23,6,17
9:34:17,2182.6,2182.6,2182.8,6,8,33
9:34:18,2182.6,2182.4,2182.6,13,34,4
9:34:18,2182.4,2182.4,2182.6,5,33,3
9:34:19,2182.8,2182.6,2182.8,8,3,45
9:34:19,2182.8,2182.6,2182.8,9,1,45
9:34:20,2182.4,2182.4,2182.6,23,32,2
9:34:20,2182.6,2182.4,2182.6,7,30,4
9:34:21,2182.6,2182.6,2182.8,6,3,58
9:34:21,2182.8,2182.6,2182.8,13,4,60
9:34:22,2182.4,2182.4,2182.6,15,21,3
9:34:22,2182.4,2182.4,2182.6,5,22,3
9:34:23,2182.4,2182.4,2182.6,19,5,24
9:34:23,2182.4,2182.2,2182.4,11,68,74
9:34:24,2182.2,2182.2,2182.4,29,41,112
9:34:24,2182,2182,2182.2,84,87,155
9:34:25,2182,2182,2182.2,100,28,138
9:34:25,2181.8,2181.8,2182,72,30,64
9:34:26,2181.8,2181.6,2181.8,60,2,1
9:34:26,2181.8,2181.8,2182,18,1,225
9:34:27,2181.8,2181.4,2181.8,104,2,2
9:34:27,2181.4,2181.4,2181.8,11,4,38
9:34:28,2181.4,2181.2,2181.4,83,16,3
9:34:28,2181.4,2181.2,2181.4,13,12,9
9:34:29,2181.2,2181.2,2181.6,41,10,6
9:34:29,2181,2181,2181.2,34,113,10
9:34:30,2181.2,2181,2181.4,39,96,19
9:34:30,2181.2,2181.2,2181.6,44,32,10
9:34:31,2181.6,2181.4,2181.6,34,5,3
9:34:31,2181.6,2181.2,2181.6,72,4,2
9:34:32,2181.2,2181.2,2181.4,12,32,19
9:34:32,2181.2,2181.2,2181.4,15,27,12
9:34:33,2181.4,2181.2,2181.4,15,19,12
9:34:33,2181.2,2181.2,2181.4,14,32,6
9:34:34,2181.8,2181.4,2181.8,25,2,29
9:34:34,2181.4,2181.6,2181.8,6,7,30
9:34:35,2181.6,2181.6,2181.8,30,1,21
9:34:35,2181.8,2181.6,2181.8,14,5,31
9:34:36,2181.8,2181.6,2181.8,10,13,29
9:34:36,2181.4,2181.4,2181.8,35,34,13
9:34:37,2181.8,2181.6,2181.8,8,7,10
9:34:37,2181.6,2181.6,2181.8,20,32,5
9:34:38,2181.8,2181.6,2181.8,6,31,3
9:34:38,2181.8,2181.8,2182,17,2,106
9:34:39,2181.8,2181.6,2181.8,44,4,30
9:34:39,2181.8,2181.4,2181.8,17,83,29
9:34:40,2181.8,2181.4,2181.6,6,85,2
9:34:40,2181.8,2181.6,2181.8,3,9,45
9:34:41,2181.6,2181.4,2181.6,17,87,21
9:34:41,2181.4,2181.4,2181.6,8,86,20
9:34:42,2181.6,2181.4,2181.6,16,78,13
9:34:42,2181.4,2181.4,2181.6,32,53,6
9:34:43,2181.4,2181.4,2181.6,6,50,8
9:34:43,2181.4,2181.4,2181.6,13,47,9
9:34:44,2181.4,2181.4,2181.6,14,42,8
9:34:44,2181.6,2181.6,2181.8,10,1,58
9:34:45,2181.8,2181.6,2181.8,9,1,54
9:34:45,2181.4,2181.4,2181.8,7,43,55
9:34:46,2181.4,2181.4,2181.6,6,42,1
9:34:46,2181.4,2181.4,2181.6,1,43,15
9:34:47,2181.4,2181.4,2181.6,25,35,20
9:34:47,2181.4,2181.4,2181.6,38,8,19
9:34:48,2181.4,2181.4,2181.6,11,1,28
9:34:48,2181.4,2181.2,2181.4,6,114,8
9:34:49,2181.4,2181.2,2181.4,18,112,17
9:34:49,2181.6,2181.4,2181.6,23,2,16
9:34:50,2181.4,2181.4,2181.6,9,42,25
9:34:50,2181.8,2181.6,2181.8,37,3,62
9:34:51,2181.6,2181.6,2181.8,48,8,56
9:34:51,2181.6,2181.6,2181.8,7,16,54
9:34:52,2181.6,2181.6,2181.8,75,3,53
9:34:52,2181.8,2181.4,2181.6,22,37,2
9:34:53,2181.4,2181.4,2181.8,6,54,48
9:34:53,2181.6,2181.6,2181.8,3,1,47
9:34:54,2181.6,2181.6,2181.8,26,3,31
9:34:54,2181.6,2181.6,2181.8,17,14,27
9:34:55,2181.6,2181.6,2181.8,6,13,31
9:34:55,2181.8,2181.8,2182,44,36,64
9:34:56,2181.8,2181.8,2182,12,27,65
9:34:56,2181.8,2181.8,2182,25,22,45
9:34:57,2182,2181.8,2182,10,16,44
9:34:57,2181.8,2181.8,2182,19,18,39
9:34:58,2182,2181.8,2182,9,13,38
9:34:58,2182,2181.6,2182,9,38,39
9:34:59,2181.8,2181.6,2181.8,14,39,1
9:34:59,2181.8,2181.8,2182,10,4,28
9:35:00,2181.8,2181.8,2182,25,10,7
9:35:00,2181.6,2181.6,2181.8,59,14,8
9:35:01,2181.4,2181.4,2181.6,71,50,3
9:35:01,2181.4,2181.4,2181.6,43,29,16
9:35:02,2181.2,2181.2,2181.6,44,118,20
9:35:02,2181.2,2181.2,2181.4,10,118,10
9:35:03,2181.4,2181.4,2181.6,31,1,5
9:35:03,2181.4,2181.4,2181.6,17,9,2
9:35:04,2181.4,2181.4,2181.6,22,3,3
9:35:04,2181.6,2181.4,2181.8,6,22,14
9:35:05,2181.6,2181.6,2181.8,9,3,22
9:35:05,2181.4,2181.6,2181.8,32,4,30
9:35:06,2181.6,2181.6,2181.8,12,3,27
9:35:06,2181.8,2181.4,2181.6,18,26,12
9:35:07,2181.6,2181.4,2181.6,21,25,10
9:35:07,2181.6,2181.4,2181.6,4,29,20
9:35:08,2181.4,2181.4,2181.6,17,19,19
9:35:08,2181.6,2181.4,2181.6,13,18,9
9:35:09,2181.4,2181.4,2181.6,4,19,8
9:35:09,2181.8,2181.6,2181.8,32,3,17
9:35:10,2181.6,2181.6,2181.8,25,7,18
9:35:10,2181.6,2181.4,2181.8,10,4,17
9:35:11,2181.8,2181.6,2182,21,1,34
9:35:11,2181.8,2181.6,2181.8,24,6,4
9:35:12,2181.8,2181.6,2181.8,19,14,4
9:35:12,2181.6,2181.4,2181.8,12,61,9
9:35:13,2181.8,2181.6,2181.8,24,7,14
9:35:13,2181.6,2181.6,2181.8,71,6,15
9:35:14,2181.6,2181.6,2181.8,11,6,17
9:35:14,2181.8,2181.6,2181.8,9,5,12
9:35:15,2181.8,2181.6,2181.8,26,1,5
9:35:15,2181.6,2181.6,2182,19,3,37
9:35:16,2182,2181.8,2182,13,7,32
9:35:16,2181.8,2181.8,2182,14,22,34
9:35:17,2182,2181.8,2182,15,2,29
9:35:17,2182,2182,2182.2,36,32,5
9:35:18,2182,2182,2182.4,7,35,21
9:35:18,2182,2182,2182.4,29,6,34
9:35:19,2182.2,2182.2,2182.4,15,24,79
9:35:19,2182.4,2182.2,2182.4,12,19,72
9:35:20,2182.2,2182.2,2182.4,14,15,67
9:35:20,2182.4,2182.2,2182.4,16,9,58
9:35:21,2182.2,2182.2,2182.4,14,6,49
9:35:21,2182.4,2182.2,2182.4,16,6,9
9:35:22,2182.2,2182,2182.2,15,56,1
9:35:22,2182.2,2182,2182.2,23,57,6
9:35:23,2182,2182,2182.2,33,37,1
9:35:23,2182.2,2182,2182.2,20,31,8
9:35:24,2182.2,2182,2182.2,4,31,6
9:35:24,2182,2182,2182.2,31,7,6
9:35:25,2182.2,2182,2182.4,11,4,12
9:35:25,2182,2181.8,2182,9,19,21
9:35:26,2181.8,2181.8,2182,1,17,23
9:35:26,2182,2181.8,2182,6,28,17
9:35:27,2181.8,2181.8,2182,13,38,10
9:35:27,2182,2181.8,2182,4,36,7
9:35:28,2181.8,2181.8,2182,9,32,8
9:35:28,2181.8,2181.8,2182,8,32,1
9:35:29,2182,2181.8,2182,5,28,5
9:35:29,2181.8,2181.8,2182,5,26,14
9:35:30,2181.8,2181.8,2182,4,26,14
9:35:30,2181.8,2181.8,2182,14,21,14
9:35:31,2181.8,2181.8,2182,20,10,9
9:35:31,2181.8,2181.8,2182,5,7,7
9:35:32,2181.8,2181.8,2182,8,2,9
9:35:32,2181.8,2181.6,2182,11,27,9
9:35:33,2182,2181.8,2182,4,60,7
9:35:33,2181.8,2181.8,2182,3,59,7
9:35:34,2182.2,2182.2,2182.4,81,5,32
9:35:34,2182.2,2182.2,2182.4,5,3,33
9:35:35,2182.2,2182,2182.2,3,42,1
9:35:35,2182.4,2182.2,2182.4,9,1,33
9:35:36,2182,2182,2182.2,2,42,1
9:35:36,2182.4,2182,2182.2,7,38,1
9:35:37,2182,2182,2182.4,12,38,27
9:35:37,2182.4,2182,2182.4,3,44,26
9:35:38,2182,2182,2182.2,1,48,2
9:35:38,2182.4,2182,2182.2,22,32,1
9:35:39,2182.4,2182.4,2182.6,39,14,106
9:35:39,2182.6,2182.4,2182.6,11,5,104
9:35:40,2182.2,2182.2,2182.4,8,1,34
9:35:40,2182.2,2182.2,2182.4,14,22,39
9:35:41,2182.2,2182.2,2182.4,6,21,37
9:35:41,2182.4,2182.2,2182.4,11,25,28
9:35:42,2182.4,2182.2,2182.4,1,26,31
9:35:42,2182.2,2182.2,2182.4,13,14,31
9:35:43,2182.2,2182.2,2182.4,14,8,25
9:35:43,2182.4,2182.2,2182.4,30,8,3
9:35:44,2182.2,2182.2,2182.4,5,4,6
9:35:44,2182.2,2182.2,2182.6,11,7,102
9:35:45,2182.2,2182.2,2182.4,3,5,2
9:35:46,2182.2,2182.2,2182.4,4,8,3
9:35:46,2182.4,2182.2,2182.4,10,6,1
9:35:47,2182.4,2182.4,2182.6,7,48,103
9:35:47,2182.2,2182,2182.2,64,51,8
9:35:48,2182.2,2182,2182.2,5,52,5
9:35:48,2182.2,2182,2182.4,10,51,94
9:35:49,2182.2,2182,2182.2,1,53,3
9:35:49,2182,2182,2182.2,1,53,77
9:35:50,2182,2182,2182.2,21,36,77
9:35:50,2182,2181.8,2182,40,37,8
9:35:51,2181.8,2181.8,2182,27,14,26
9:35:51,2181.8,2181.8,2182,4,10,70
9:35:52,2181.8,2181.6,2181.8,10,45,1
9:35:52,2182,2181.8,2182,7,16,85
9:35:53,2182,2181.8,2182,3,14,84
9:35:53,2182,2181.8,2182,5,10,83
9:35:54,2181.8,2181.6,2182,55,14,83
9:35:55,2181.8,2181.8,2182,2,7,83
9:35:55,2181.8,2181.8,2182,5,4,83
9:35:56,2182,2181.8,2182,4,1,84
9:35:56,2181.8,2181.6,2181.8,11,15,1
9:35:57,2181.6,2181.6,2181.8,6,18,27
9:35:58,2181.8,2181.6,2181.8,9,15,33
9:35:58,2181.8,2181.6,2181.8,23,1,38
9:35:59,2181.6,2181.4,2181.6,4,84,33
9:35:59,2181.6,2181.4,2181.6,3,84,33
9:36:00,2181.4,2181.4,2181.6,4,83,39
9:36:00,2181.4,2181.4,2181.6,69,22,31
9:36:01,2181.4,2181.4,2181.6,15,9,32
9:36:01,2181.2,2181.2,2181.4,17,125,5
9:36:02,2181.2,2181.2,2181.4,56,70,15
9:36:02,2181.4,2181.2,2181.4,10,63,28
9:36:03,2181.2,2181.2,2181.4,39,39,20
9:36:03,2181.2,2181.2,2181.4,16,31,20
9:36:04,2181.2,2181.2,2181.4,29,3,22
9:36:04,2181.2,2181,2181.2,13,168,18
9:36:05,2181,2181,2181.2,17,165,15
9:36:05,2181,2181,2181.2,26,154,7
9:36:06,2181.2,2181.2,2181.4,94,38,14
9:36:06,2181.2,2181,2181.4,40,122,12
9:36:07,2181,2181.2,2181.4,31,3,10
9:36:07,2181.2,2181,2181.2,8,111,2
9:36:08,2181.2,2181.2,2181.4,16,8,7
9:36:08,2181,2181,2181.2,74,42,6
9:36:09,2181,2181,2181.2,12,47,103
9:36:09,2181,2180.8,2181,58,41,29
9:36:10,2181,2180.8,2181,36,15,49
9:36:10,2180.8,2180.6,2180.8,18,60,11
9:36:11,2180.8,2180.6,2180.8,36,37,11
9:36:11,2180.6,2180.6,2180.8,45,7,2
9:36:12,2180.4,2180.4,2180.6,56,60,2
9:36:12,2180.4,2180.4,2180.6,61,16,4
9:36:13,2180.4,2180.8,2181,82,2,31
9:36:13,2180.2,2180.2,2180.4,32,213,2
9:36:14,2180.4,2180.4,2180.8,37,53,17
9:36:14,2180.4,2180.4,2180.8,93,3,1
9:36:15,2180.8,2180.8,2181,30,34,46
9:36:15,2180.2,2180.2,2181,50,204,44
9:36:16,2180.8,2180.4,2180.8,26,35,23
9:36:16,2180.4,2180.4,2180.6,68,2,1
9:36:17,2180.6,2180.2,2180.6,31,205,10
9:36:17,2180.6,2180.2,2180.6,25,195,5
9:36:18,2180.4,2180.2,2180.4,62,176,5
9:36:18,2180.4,2180.4,2180.6,9,1,1
9:36:19,2180.6,2180.6,2180.8,43,1,25
9:36:19,2180.6,2180.4,2180.8,34,53,31
9:36:20,2180.4,2180.2,2180.4,76,165,3
9:36:20,2180.4,2180.2,2180.4,7,165,1
9:36:21,2180.4,2180.4,2180.6,51,4,26
9:36:21,2180.2,2180.2,2180.4,16,161,8
9:36:22,2180.4,2180.2,2180.4,16,162,34
9:36:22,2180.2,2180.2,2180.4,51,119,35
9:36:23,2180.2,2180.2,2180.4,46,95,19
9:36:23,2180.2,2180.2,2180.4,67,57,2
9:36:24,2180.4,2180.2,2180.4,67,2,14
9:36:24,2180,2180,2180.2,11,231,11
9:36:25,2180,2180,2180.2,44,210,9
9:36:25,2180,2180,2180.4,185,61,24
9:36:26,2180,2180,2180.2,71,16,3
9:36:26,2180,2180,2180.4,52,28,2
9:36:27,2180,2180,2180.2,36,38,14
9:36:27,2180.2,2180.2,2180.4,22,29,5
9:36:28,2180.4,2180.4,2180.6,36,9,25
9:36:28,2180.6,2180.4,2180.6,27,5,21
9:36:29,2180.2,2180.2,2180.6,14,11,20
9:36:29,2180.4,2180.4,2180.6,5,7,19
9:36:30,2180.4,2180.4,2180.6,23,22,9
9:36:30,2180.2,2180.2,2180.4,41,14,1
9:36:31,2180.4,2180.2,2180.6,11,18,6
9:36:31,2180.4,2180.4,2180.6,6,1,23
9:36:32,2180.4,2180.2,2180.4,32,15,2
9:36:32,2180.4,2180.2,2180.4,11,31,5
9:36:33,2180.4,2180.2,2180.6,15,37,12
9:36:33,2180.2,2180.2,2180.4,8,47,5
9:36:34,2181,2180.2,2181,56,48,35
9:36:34,2180.6,2180.6,2181,6,2,45
9:36:35,2180.8,2180.8,2181,14,2,47
9:36:35,2181,2180.6,2181,28,1,26
9:36:36,2180.4,2180.6,2180.8,10,2,4
9:36:36,2180.8,2180.6,2180.8,6,17,4
9:36:37,2180.6,2180.6,2180.8,21,7,7
9:36:37,2180.8,2180.6,2180.8,8,14,6
9:36:38,2180.6,2180.4,2180.6,37,20,10
9:36:38,2180.4,2180.2,2180.4,44,127,17
9:36:39,2180.6,2180.4,2180.6,21,1,10
9:36:39,2180.4,2180.4,2180.6,5,27,14
9:36:40,2180.4,2180.4,2180.6,12,41,8
9:36:40,2180.6,2180.6,2180.8,16,4,11
9:36:41,2180.6,2180.6,2180.8,16,12,12
9:36:41,2180.6,2180.6,2181,22,7,48
9:36:42,2180.6,2180.4,2180.6,13,41,81
9:36:42,2180.4,2180.4,2180.6,3,41,109
9:36:43,2180.2,2180.2,2180.4,39,135,71
9:36:43,2180.4,2180.2,2180.4,46,97,74
9:36:44,2180.4,2180.2,2180.4,21,80,66
9:36:44,2180.4,2180.2,2180.4,75,68,9
9:36:45,2180.2,2180.2,2180.4,24,59,6
9:36:45,2180.4,2180.2,2180.4,12,66,2
9:36:46,2180.2,2180.2,2180.4,14,55,4
9:36:46,2180.2,2180.2,2180.6,12,70,89
9:36:47,2180.2,2180.2,2180.4,19,67,4
9:36:47,2180.2,2180.2,2180.6,32,60,92
9:36:48,2180.4,2180.4,2180.6,6,1,100
9:36:48,2180.6,2180.2,2180.4,9,63,2
9:36:49,2180.2,2180.2,2180.4,12,55,10
9:36:49,2180.4,2180.2,2180.4,3,53,25
9:36:50,2180.4,2180.2,2180.4,11,52,14
9:36:50,2180.4,2180.2,2180.4,11,45,13
9:36:51,2180.2,2180.2,2180.6,18,32,91
9:36:51,2180,2180,2180.2,54,206,21
9:36:52,2180.2,2180,2180.2,9,203,22
9:36:52,2180.2,2180,2180.2,30,201,5
9:36:53,2180,2180,2180.2,4,197,7
9:36:53,2180.2,2180.2,2180.4,12,92,3
9:36:54,2180.4,2180.4,2180.6,19,17,84
9:36:54,2180.6,2180.4,2180.6,14,23,74
9:36:55,2180.6,2180.4,2180.6,44,50,36
9:36:55,2180.6,2180.4,2180.6,40,39,2
9:36:56,2180.8,2180.6,2180.8,11,14,65
9:36:56,2180.6,2180.6,2180.8,5,35,66
9:36:57,2180.6,2180.6,2180.8,7,31,66
9:36:57,2180.6,2180.6,2180.8,11,20,68
9:36:58,2180.6,2180.6,2180.8,18,7,64
9:36:58,2180.4,2180.4,2180.6,10,32,4
9:36:59,2180.8,2180.4,2180.8,16,28,59
9:36:59,2180.6,2180.4,2180.6,7,31,1
9:37:00,2180.6,2180.4,2180.6,17,28,5
9:37:00,2180.4,2180.4,2180.6,11,28,19
9:37:01,2180.4,2180.4,2180.6,11,33,38
9:37:01,2180.6,2180.4,2180.6,17,13,49
9:37:02,2180.2,2180.2,2180.4,49,84,13
9:37:02,2180.4,2180.2,2180.4,23,84,99
9:37:03,2180.2,2180.2,2180.4,25,70,91
9:37:03,2180.4,2180.2,2180.4,39,35,87
9:37:04,2180.2,2180,2180.2,38,206,1
9:37:04,2180.2,2180.2,2180.4,20,1,82
9:37:05,2180,2180,2180.2,11,204,2
9:37:05,2180.2,2180.2,2180.4,11,3,78
9:37:06,2180.4,2180.2,2180.4,20,7,64
9:37:06,2180.4,2180.2,2180.4,18,16,62
9:37:07,2180.2,2180.2,2180.4,5,34,62
9:37:07,2180.2,2180.2,2180.4,59,20,28
9:37:08,2180.4,2180.4,2180.6,36,29,56
9:37:08,2180.4,2180.4,2180.6,19,63,48
9:37:09,2180.4,2180.4,2180.6,14,48,49
9:37:09,2180.6,2180.6,2180.8,53,34,64
9:37:10,2180.8,2180.6,2180.8,15,46,54
9:37:10,2180.8,2180.6,2180.8,29,48,29
9:37:11,2180.8,2180.8,2181,34,8,96
9:37:11,2181,2180.8,2181,115,3,82
9:37:12,2181,2180.8,2181,44,1,41
9:37:12,2181,2180.4,2180.8,9,10,1
9:37:13,2181,2181,2181.2,45,18,21
9:37:13,2180.6,2180.6,2181,25,1,39
9:37:14,2181,2180.6,2181,11,5,46
9:37:14,2180.8,2180.6,2181,14,8,48
9:37:15,2180.8,2180.8,2181,14,1,36
9:37:15,2181,2180.6,2181,25,14,13
9:37:16,2180.6,2180.4,2180.6,25,15,45
9:37:16,2180.6,2180.4,2180.6,16,17,31
9:37:17,2180.6,2180.4,2180.6,18,35,13
9:37:17,2180.6,2180.4,2180.6,11,38,13
9:37:18,2180.4,2180.4,2180.6,5,38,9
9:37:18,2180.6,2180.4,2180.6,4,39,5
9:37:19,2180.6,2180.6,2180.8,5,4,22
9:37:19,2180.6,2180.6,2180.8,21,32,23
9:37:20,2180.8,2180.6,2180.8,8,32,25
9:37:20,2180.6,2180.6,2180.8,2,33,19
9:37:21,2180.8,2180.6,2180.8,8,43,14
9:37:21,2180.8,2180.6,2180.8,6,45,12
9:37:22,2180.6,2180.6,2180.8,4,48,5
9:37:22,2180.8,2180.6,2180.8,6,45,3
9:37:23,2181,2180.8,2181,4,1,58
9:37:23,2180.8,2180.8,2181,2,4,52
9:37:24,2181,2180.8,2181,2,4,50
9:37:24,2181,2180.8,2181,12,8,41
9:37:25,2180.8,2180.8,2181,3,10,40
9:37:25,2181,2180.8,2181,1,14,43
9:37:26,2181,2180.8,2181,5,17,39
9:37:26,2181,2180.8,2181,7,28,33
9:37:27,2181,2180.8,2181,2,29,33
9:37:27,2180.8,2180.8,2181,32,28,3
9:37:28,2181.2,2181,2181.2,4,20,32
9:37:28,2181.2,2181,2181.2,9,19,25
9:37:29,2181.2,2181,2181.2,4,21,22
9:37:29,2181,2181,2181.2,23,10,16
9:37:30,2181.2,2181,2181.2,5,12,25
9:37:30,2181.2,2181,2181.2,14,9,16
9:37:31,2181,2181,2181.2,6,7,24
9:37:31,2181.2,2181,2181.2,17,3,12
9:37:32,2181,2180.8,2181,13,36,3
9:37:32,2181,2180.8,2181,3,37,6
9:37:33,2181,2180.8,2181,4,39,18
9:37:33,2181,2180.8,2181,5,39,18
9:37:34,2181,2180.8,2181,6,36,13
9:37:34,2181,2180.8,2181,7,35,11
9:37:35,2181,2180.8,2181,2,36,11
9:37:35,2181,2180.8,2181,1,36,10
9:37:36,2180.8,2180.8,2181,8,36,7
9:37:37,2180.8,2180.8,2181,6,32,7
9:37:37,2181,2180.8,2181,7,31,4
9:37:38,2180.8,2180.8,2181,18,16,4
9:37:38,2180.8,2180.8,2181,3,13,15
9:37:39,2180.8,2180.6,2180.8,17,38,37
9:37:39,2180.8,2180.6,2180.8,31,20,28
9:37:40,2180.6,2180.6,2180.8,4,19,29
9:37:40,2180.6,2180.4,2180.6,25,49,31
9:37:41,2180.6,2180.4,2180.6,11,48,22
9:37:41,2180.6,2180.4,2180.6,3,48,20
9:37:42,2180.6,2180.4,2180.6,6,47,15
9:37:42,2180.6,2180.4,2180.6,18,31,27
9:37:43,2180.4,2180.4,2180.6,7,28,26
9:37:43,2180.6,2180.4,2180.6,7,27,23
9:37:44,2180.6,2180.4,2180.6,17,14,34
9:37:44,2180.6,2180.4,2180.6,25,35,20
9:37:45,2180.6,2180.4,2180.6,8,32,17
9:37:45,2180.6,2180.4,2180.6,5,33,12
9:37:46,2180.6,2180.4,2180.6,7,30,10
9:37:46,2180.6,2180.4,2180.6,3,30,21
9:37:47,2180.6,2180.4,2180.6,3,31,20
9:37:47,2180.4,2180.4,2180.6,20,28,5
9:37:48,2180.6,2180.4,2180.6,2,28,3
9:37:48,2180.6,2180.4,2180.6,3,29,1
9:37:49,2180.6,2180.4,2180.8,2,37,63
9:37:49,2180.4,2180.4,2180.6,2,40,2
9:37:50,2180.6,2180.4,2180.6,6,35,30
9:37:50,2180.4,2180.4,2180.6,4,34,29
9:37:51,2180.6,2180.4,2180.6,12,33,24
9:37:51,2180.4,2180.4,2180.6,6,29,23
9:37:52,2180.4,2180.4,2180.6,9,37,16
9:37:52,2180.4,2180.4,2180.6,11,37,6
9:37:53,2180.4,2180.4,2180.6,2,36,5
9:37:53,2180.4,2180.4,2180.6,4,36,3
9:37:54,2180.6,2180.6,2180.8,6,1,92
9:37:54,2180.6,2180.6,2180.8,2,1,93
9:37:55,2180.8,2180.4,2180.8,2,38,92
9:37:55,2180.8,2180.4,2180.8,3,39,89
9:37:56,2180.4,2180.4,2180.8,23,17,89
9:37:56,2180.8,2180.4,2180.8,3,17,88
9:37:57,2180.8,2180.4,2180.6,1,18,1
9:37:57,2180.6,2180.4,2180.6,1,19,2
9:37:58,2180.4,2180.4,2180.6,2,19,1
9:37:58,2180.4,2180.4,2180.6,2,17,2
9:37:59,2180.2,2180.2,2180.4,27,87,14
9:37:59,2180.2,2180.2,2180.4,6,86,10
9:38:00,2180.4,2180.4,2180.6,17,21,6
9:38:00,2180.2,2180.2,2180.4,37,85,3
9:38:01,2180.4,2180.2,2180.4,37,56,9
9:38:01,2180.4,2180.2,2180.4,28,36,22
9:38:02,2180.2,2180.2,2180.4,7,31,24
9:38:02,2180.2,2180,2180.2,36,283,12
9:38:03,2180,2180,2180.2,30,268,4
9:38:03,2180,2180,2180.2,63,207,6
9:38:04,2180,2180,2180.2,22,191,30
9:38:04,2180,2180,2180.2,51,152,21
9:38:05,2180,2180,2180.2,22,139,17
9:38:05,2180,2180,2180.2,12,131,15
9:38:06,2180,2180,2180.2,14,113,15
9:38:06,2180,2180,2180.2,6,109,14
9:38:07,2180,2180,2180.2,18,97,13
9:38:07,2180.2,2180,2180.2,11,89,11
9:38:08,2180,2180,2180.2,22,70,8
9:38:08,2180,2180,2180.2,30,40,7
9:38:09,2180.2,2180.2,2180.4,25,24,11
9:38:09,2180.2,2180.2,2180.4,11,14,10
9:38:10,2180.2,2180.2,2180.4,8,42,8
9:38:10,2180.4,2180.4,2180.6,10,24,11
9:38:11,2180.4,2180.4,2180.6,7,22,12
9:38:11,2180.4,2180.4,2180.6,24,15,12
9:38:12,2180.4,2180.4,2180.6,8,11,8
9:38:12,2180.4,2180.4,2180.6,2,10,8
9:38:13,2180.6,2180.4,2180.6,6,6,5
9:38:13,2180.6,2180.2,2180.8,13,23,71
9:38:14,2180.8,2180.4,2180.6,5,1,2
9:38:14,2180.6,2180.6,2180.8,8,4,67
9:38:15,2180.8,2180.6,2180.8,12,3,56
9:38:15,2180.8,2180.6,2180.8,10,2,80
9:38:16,2180.8,2180.6,2180.8,4,1,78
9:38:16,2180.6,2180.6,2180.8,2,3,77
9:38:17,2180.8,2180.6,2180.8,17,16,60
9:38:17,2180.8,2180.6,2180.8,3,17,31
9:38:18,2180.8,2180.6,2180.8,13,17,21
9:38:18,2181,2180.8,2181.2,46,108,15
