9:14:00,2193,2192.8,2193,336,1,6
9:15:00,2192.8,2192,2192.8,142,84,30
9:15:01,2193.8,2192.2,2193.8,312,30,36
9:15:01,2192.8,2192.6,2192.8,83,29,12
9:15:02,2192,2192,2192.2,231,32,1
9:15:02,2191.4,2191.4,2192,104,11,8
9:15:03,2191.2,2191.2,2191.4,53,52,9
9:15:03,2191,2191,2191.2,189,15,7
9:15:04,2191,2190.6,2191,30,4,17
9:15:04,2191.2,2190.2,2191.2,101,64,43
9:15:05,2191,2190.4,2191,81,45,24
9:15:05,2190.6,2191,2191.2,87,1,54
9:15:06,2190.6,2190.6,2191,61,51,6
9:15:06,2190.6,2190.6,2190.8,69,7,5
9:15:07,2190.6,2190.4,2190.6,64,2,4
9:15:07,2190.6,2190.2,2190.4,22,61,20
9:15:08,2190.2,2190,2190.2,78,45,2
9:15:08,2189.8,2189.6,2189.8,58,9,14
9:15:09,2189.2,2189,2189.2,60,23,29
9:15:09,2189.2,2188.8,2189.2,43,21,13
9:15:10,2189,2189,2189.4,87,31,3
9:15:10,2189.2,2189.4,2189.8,82,11,31
9:15:11,2189.8,2189.6,2189.8,67,103,2
9:15:11,2189.8,2189.8,2190,105,24,47
9:15:12,2190,2190,2190.2,92,34,92
9:15:12,2190.2,2190,2190.2,114,106,33
9:15:13,2190.2,2190,2190.2,129,67,6
9:15:13,2190.4,2190.2,2190.4,64,61,11
9:15:14,2190.2,2190.2,2190.6,63,86,28
9:15:14,2190.6,2190.4,2190.6,24,10,15
9:15:15,2190.4,2190.2,2190.4,134,88,1
9:15:15,2190.2,2190.4,2190.8,17,1,1
9:15:16,2190.2,2190.2,2190.8,102,78,1
9:15:16,2190.2,2190.2,2190.4,78,59,25
9:15:17,2190.4,2190.2,2190.4,33,53,6
9:15:17,2190.2,2190,2190.2,116,52,34
9:15:18,2190,2190,2190.2,54,8,31
9:15:18,2190,2189.8,2190,48,45,32
9:15:19,2189.8,2189.8,2190,65,28,1
9:15:19,2190.2,2190,2190.2,63,19,32
9:15:20,2190.2,2189.8,2190,46,2,1
9:15:20,2190,2190,2190.2,55,12,3
9:15:21,2190,2190.2,2190.4,12,5,37
9:15:21,2189.8,2189.4,2189.8,76,2,2
9:15:22,2190,2189.4,2190,77,6,31
9:15:22,2189.4,2189.2,2189.4,54,75,8
9:15:23,2190,2189.8,2190,42,2,39
9:15:23,2189.4,2189.4,2189.8,63,2,7
9:15:24,2189.2,2189.2,2189.4,91,56,6
9:15:24,2189.2,2189.2,2189.4,57,11,2
9:15:25,2189.4,2189.4,2190,39,9,2
9:15:25,2189.6,2189.6,2189.8,21,10,14
9:15:26,2189.8,2189.4,2189.6,46,10,3
9:15:26,2189.6,2189.6,2190,17,3,45
9:15:27,2189.6,2189.6,2190,10,19,53
9:15:27,2189.6,2189.6,2190,55,20,4
9:15:28,2190,2189.8,2190,9,17,2
9:15:28,2189.8,2189.8,2190.2,29,5,16
9:15:29,2190,2189.4,2189.6,55,29,1
9:15:29,2190.2,2190,2190.2,23,13,7
9:15:30,2190,2190,2190.4,32,4,13
9:15:30,2190.2,2190.2,2190.4,30,1,13
9:15:31,2190,2189.6,2190.4,31,32,3
9:15:31,2189.8,2189.8,2190,6,18,1
9:15:32,2190.4,2190.4,2190.6,11,6,53
9:15:32,2190,2190,2190.2,45,1,2
9:15:33,2190,2189.6,2190,8,37,4
9:15:33,2190,2189.6,2189.8,4,37,25
9:15:34,2189.8,2189.6,2189.8,7,37,20
9:15:34,2189.8,2189.6,2189.8,19,48,6
9:15:35,2190,2189.8,2190,21,15,3
9:15:35,2190,2189.8,2190,7,18,10
9:15:36,2189.8,2189.8,2190,13,23,19
9:15:36,2189.8,2189.8,2190,18,39,13
9:15:37,2190,2190,2190.2,22,11,19
9:15:37,2190.2,2190.2,2190.4,19,82,29
9:15:38,2190.2,2190.2,2190.4,60,47,5
9:15:38,2190.4,2190.2,2190.6,55,28,48
9:15:39,2190.2,2190.2,2190.6,25,16,47
9:15:39,2190.2,2190.2,2190.4,8,9,22
9:15:40,2190.4,2190,2190.4,11,27,20
9:15:40,2190,2190,2190.2,5,32,4
9:15:41,2190.2,2190,2190.2,29,31,18
9:15:41,2190,2190,2190.2,15,23,17
9:15:42,2190.2,2190,2190.2,39,21,4
9:15:42,2190.2,2190,2190.6,34,14,36
9:15:43,2190.4,2190.4,2190.6,9,2,33
9:15:43,2190,2190,2190.4,37,32,14
9:15:44,2190.4,2190,2190.4,36,32,19
9:15:44,2190.2,2190.2,2190.4,4,4,20
9:15:45,2190.4,2190.2,2190.4,19,5,3
9:15:45,2190.2,2190.2,2190.4,6,16,3
9:15:46,2190.2,2190,2190.2,26,34,10
9:15:46,2190,2190,2190.2,9,30,7
9:15:47,2190.2,2190,2190.2,20,31,4
9:15:47,2190.2,2190,2190.4,16,20,23
9:15:48,2190.2,2190.2,2190.4,19,28,25
9:15:48,2190.2,2189.8,2190.2,37,53,13
9:15:49,2190.2,2189.8,2190.2,32,39,2
9:15:49,2190.2,2190.2,2190.4,12,4,45
9:15:50,2190.2,2190,2190.2,11,7,22
9:15:51,2190.2,2190,2190.2,11,11,29
9:15:51,2190,2190,2190.2,2,13,30
9:15:52,2190.2,2190,2190.2,5,13,27
9:15:52,2190,2190,2190.2,9,26,25
9:15:53,2190,2189.8,2190.2,23,44,27
9:15:53,2189.8,2189.8,2190,2,43,12
9:15:54,2190,2189.8,2190,9,39,18
9:15:54,2190,2189.8,2190.2,22,36,29
9:15:55,2190.2,2189.8,2190.2,37,31,4
9:15:55,2190.2,2189.8,2190.2,1,31,3
9:15:56,2190,2190,2190.2,10,15,10
9:15:56,2190.2,2190,2190.2,26,18,7
9:15:57,2190,2189.8,2190,45,14,1
9:15:57,2189.8,2189.8,2190,7,10,3
9:15:58,2189.8,2190,2190.2,6,17,14
9:15:58,2190,2190,2190.2,26,38,16
9:15:59,2190,2190,2190.2,12,40,24
9:15:59,2190,2190,2190.2,5,67,25
9:16:00,2190.2,2190.2,2190.4,32,48,67
9:16:00,2190.4,2190.2,2190.4,44,50,43
9:16:01,2190.2,2190.2,2190.4,47,26,23
9:16:01,2190.2,2190.2,2190.4,24,19,12
9:16:02,2190.2,2190.2,2190.6,41,2,106
9:16:02,2190.4,2190.4,2190.6,20,9,104
9:16:03,2190.4,2190.4,2190.6,22,4,90
9:16:03,2190.2,2190.2,2190.4,12,2,10
9:16:04,2190.4,2190.2,2190.4,10,8,2
9:16:04,2190.4,2190.2,2190.6,2,10,91
9:16:05,2190.6,2190.4,2190.6,4,2,92
9:16:05,2190.6,2190.4,2190.6,1,3,102
9:16:06,2190.6,2190.2,2190.4,31,18,5
9:16:06,2190.4,2190.2,2190.4,3,17,21
9:16:07,2190.2,2190.2,2190.4,11,15,28
9:16:07,2190.4,2190.2,2190.4,22,10,55
9:16:08,2190.2,2190,2190.2,15,92,22
9:16:08,2190,2190,2190.2,9,91,22
9:16:09,2190.2,2190,2190.2,8,91,15
9:16:09,2190,2190,2190.2,17,93,28
9:16:10,2190.2,2190,2190.2,8,91,19
9:16:10,2190,2190,2190.2,30,80,3
9:16:11,2190.2,2190,2190.2,7,77,1
9:16:11,2190,2190,2190.2,4,74,1
9:16:12,2190,2190,2190.2,9,69,3
9:16:12,2190,2190,2190.2,23,50,3
9:16:13,2190,2190,2190.2,10,44,5
9:16:13,2190,2190,2190.2,23,23,28
9:16:14,2190,2189.8,2190,33,29,28
9:16:14,2190,2189.6,2189.8,63,57,2
9:16:15,2190,2189.8,2190,4,1,8
9:16:15,2190,2189.8,2190,8,17,14
9:16:16,2189.8,2189.6,2189.8,23,55,7
9:16:16,2189.8,2189.6,2189.8,5,55,3
9:16:17,2189.6,2189.6,2190,9,53,9
9:16:17,2189.6,2189.4,2189.8,65,38,1
9:16:18,2189.8,2189.8,2190,46,7,11
9:16:18,2189.8,2189.6,2189.8,11,3,6
9:16:19,2189.6,2189.6,2189.8,16,13,3
9:16:19,2189.6,2189.4,2189.6,17,8,2
9:16:20,2189.8,2189.4,2189.8,11,8,3
9:16:20,2189.4,2189.4,2189.8,16,20,10
9:16:21,2189.4,2189.4,2189.6,11,15,4
9:16:21,2189.6,2189.6,2189.8,6,8,6
9:16:22,2189.4,2189.4,2189.6,22,12,2
9:16:22,2189.4,2189.4,2189.6,11,19,2
9:16:23,2189.4,2189.6,2189.8,17,3,3
9:16:23,2189.6,2189.4,2189.8,24,4,1
9:16:24,2189.6,2189.4,2190,8,7,81
9:16:24,2189.8,2189.6,2189.8,3,2,26
9:16:25,2189.6,2189.4,2189.6,13,2,3
9:16:25,2189.4,2189.2,2189.4,10,38,37
9:16:26,2189.2,2189.2,2189.4,38,4,37
9:16:26,2189.4,2189,2189.2,10,66,5
9:16:27,2189,2189,2189.4,57,30,36
9:16:27,2189,2189,2189.2,8,24,9
9:16:28,2189,2189,2189.2,29,2,13
9:16:28,2189,2188.8,2189,16,45,12
9:16:29,2189,2188.8,2189,11,45,15
9:16:29,2189,2188.8,2189,15,35,7
9:16:30,2189,2189,2189.2,22,2,5
9:16:30,2189.2,2189.2,2189.4,16,10,40
9:16:31,2189.4,2189.2,2189.4,6,12,37
9:16:31,2189.2,2189.2,2189.4,18,2,31
9:16:32,2189,2189,2189.4,16,38,19
9:16:32,2189,2189,2189.2,14,36,2
9:16:33,2189,2188.8,2189,81,20,35
9:16:33,2189,2188.8,2189,14,14,32
9:16:34,2188.8,2188.6,2188.8,24,11,7
9:16:34,2188.8,2188.4,2188.8,14,15,7
9:16:35,2188.6,2188.4,2188.6,31,10,8
9:16:35,2188.4,2188.2,2188.4,23,29,16
9:16:36,2188.4,2188.4,2188.8,31,16,19
9:16:36,2188.4,2188.2,2188.4,35,14,7
9:16:37,2188.4,2188.4,2188.8,13,15,14
9:16:37,2188.2,2188.2,2188.8,29,14,13
9:16:38,2188.4,2188.4,2188.8,16,2,18
9:16:38,2188.4,2188.4,2188.8,8,22,20
9:16:39,2188.4,2188.2,2188.4,36,8,30
9:16:39,2188.4,2188.2,2188.4,26,8,14
9:16:40,2188.2,2188,2188.2,41,54,14
9:16:40,2188.2,2188.2,2188.4,19,2,9
9:16:41,2188.2,2188,2188.2,13,51,12
9:16:41,2188.2,2188,2188.2,18,47,4
9:16:42,2188,2188,2188.2,8,46,14
9:16:42,2188,2188,2188.4,34,43,41
9:16:43,2188.2,2188.2,2188.4,23,4,45
9:16:43,2188.4,2188,2188.4,23,26,39
9:16:44,2188.4,2188,2188.4,15,21,34
9:16:44,2188,2188,2188.2,17,16,1
9:16:45,2188,2188,2188.2,29,9,4
9:16:45,2188.2,2188.2,2188.4,17,8,5
9:16:46,2188.4,2188.2,2188.4,19,2,2
9:16:46,2188.4,2188.2,2188.4,13,47,6
9:16:47,2188.4,2188.4,2188.6,21,25,5
9:16:47,2188.6,2188.6,2188.8,6,32,24
9:16:48,2188.8,2188.6,2188.8,8,29,44
9:16:48,2188.6,2188.6,2188.8,21,7,34
9:16:49,2188.8,2188.4,2188.8,18,93,30
9:16:49,2188.8,2188.6,2188.8,15,4,20
9:16:50,2188.8,2188.6,2188.8,33,38,1
9:16:50,2189,2188.8,2189,4,17,46
9:16:51,2188.8,2188.8,2189,2,19,47
9:16:51,2189,2188.8,2189,6,16,45
9:16:52,2189,2188.8,2189,7,19,44
9:16:52,2189,2188.8,2189,41,9,17
9:16:53,2189.2,2189,2189.2,21,3,7
9:16:53,2189.2,2189,2189.2,9,1,1
9:16:54,2189.2,2189,2189.2,13,1,9
9:16:54,2189,2188.8,2189,8,18,6
9:16:55,2189,2188.8,2189,12,17,2
9:16:55,2189,2188.8,2189,2,18,2
9:16:56,2189,2188.8,2189,25,1,1
9:16:56,2189,2189,2189.2,4,2,10
9:16:57,2189,2189,2189.2,7,9,8
9:16:57,2189,2188.8,2189,23,10,6
9:16:58,2188.8,2188.6,2189,13,47,6
9:16:58,2189,2189,2189.2,7,1,13
9:16:59,2189.2,2189,2189.2,4,10,22
9:16:59,2189,2189,2189.2,4,13,19
9:17:00,2188.6,2188.6,2189,22,48,1
9:17:00,2188.6,2188.6,2189,9,43,3
9:17:01,2189,2188.8,2189,22,12,9
9:17:01,2189,2189,2189.2,14,2,18
9:17:02,2189.2,2189.2,2189.4,44,4,8
9:17:02,2189.2,2189,2189.2,10,6,1
9:17:03,2189.4,2189.2,2189.4,9,3,3
9:17:03,2189,2189,2189.4,14,21,3
9:17:04,2189.4,2189,2189.6,11,10,23
9:17:04,2189.6,2189.2,2189.6,14,2,14
9:17:05,2189.6,2189.4,2189.6,8,1,9
9:17:05,2189.6,2189.6,2189.8,10,1,30
9:17:06,2189.8,2189.6,2189.8,12,1,20
9:17:06,2189.6,2189.4,2189.6,7,2,4
9:17:07,2189.8,2189.6,2189.8,9,5,20
9:17:07,2189.6,2189.6,2189.8,12,7,11
9:17:08,2189.8,2189.6,2189.8,8,7,7
9:17:08,2190,2189.8,2190,10,4,33
9:17:09,2190,2189.8,2190,10,9,29
9:17:09,2190,2189.8,2190,18,7,22
9:17:10,2190,2189.8,2190,14,8,27
9:17:10,2190,2189.8,2190,3,6,28
9:17:11,2190,2189.6,2190,16,7,19
9:17:11,2190,2190,2190.2,20,11,21
9:17:12,2190,2190,2190.2,10,8,19
9:17:12,2190.2,2190,2190.2,1,17,24
9:17:13,2190.2,2190,2190.2,21,2,21
9:17:13,2190,2189.8,2190.2,8,8,28
9:17:14,2190.2,2189.8,2190.2,3,8,27
9:17:14,2190.2,2190.2,2190.4,55,1,52
9:17:15,2190,2189.8,2190,8,14,10
9:17:15,2189.8,2189.8,2190,7,12,5
9:17:16,2190,2190,2190.2,19,2,2
9:17:16,2190,2189.8,2190,4,11,1
9:17:17,2190.2,2190,2190.2,4,5,8
9:17:17,2190.2,2190.2,2190.4,27,37,52
9:17:18,2190.4,2190.2,2190.4,23,37,31
9:17:18,2190.4,2190.2,2190.4,5,35,29
9:17:19,2190.4,2190.2,2190.4,11,36,23
9:17:19,2190.2,2190.2,2190.4,23,35,3
9:17:20,2190.4,2190.4,2190.6,39,5,56
9:17:20,2190.4,2190.4,2190.6,18,6,43
9:17:21,2190.6,2190.2,2190.6,16,23,42
9:17:21,2190.6,2190.4,2190.6,44,3,1
9:17:22,2190.6,2190.4,2190.8,23,4,43
9:17:22,2190.8,2190.6,2190.8,16,2,34
9:17:23,2190.8,2190.6,2190.8,23,12,18
9:17:23,2191,2190.8,2191,29,26,79
9:17:24,2191,2190.8,2191,5,35,81
9:17:24,2191,2190.8,2191,31,30,53
9:17:25,2190.6,2190.6,2191,59,8,23
9:17:25,2191,2191,2191.2,30,24,16
9:17:26,2191,2191,2191.2,37,1,19
9:17:26,2191,2190.6,2191,15,10,27
9:17:27,2190.8,2190.6,2190.8,10,7,15
9:17:27,2190.6,2190.6,2190.8,26,7,21
9:17:28,2190.8,2190.6,2190.8,6,5,19
9:17:28,2190.6,2190.6,2190.8,9,1,19
9:17:29,2190.4,2190.4,2190.6,15,13,11
9:17:29,2190.4,2190.4,2190.8,23,11,18
9:17:30,2190.6,2190.6,2190.8,7,4,23
9:17:30,2190.6,2190.6,2190.8,2,2,30
9:17:31,2190.4,2190.4,2190.6,8,10,31
9:17:31,2190.6,2190.4,2190.6,16,12,15
9:17:32,2190.6,2190.4,2190.6,6,14,11
9:17:32,2190.6,2190.4,2190.6,13,8,10
9:17:33,2190.6,2190.4,2190.6,13,6,15
9:17:33,2190.6,2190.4,2190.6,14,7,15
9:17:34,2190.6,2190.4,2190.6,7,6,15
9:17:34,2190.4,2190.4,2190.6,11,1,13
9:17:35,2190.4,2190.2,2190.4,12,34,4
9:17:35,2190.6,2190.4,2190.6,7,9,6
9:17:36,2190.8,2190.4,2190.8,11,10,41
9:17:36,2190.6,2190.6,2190.8,2,14,42
9:17:37,2190.6,2190.6,2190.8,5,23,41
9:17:37,2190.8,2190.6,2190.8,14,23,29
9:17:38,2190.6,2190.6,2190.8,21,19,13
9:17:38,2190.8,2190.6,2190.8,4,19,20
9:17:39,2190.8,2190.6,2190.8,3,20,19
9:17:39,2190.8,2190.6,2190.8,8,20,11
9:17:40,2190.8,2190.6,2190.8,8,13,15
9:17:40,2190.8,2190.6,2190.8,4,13,17
9:17:41,2190.6,2190.6,2190.8,2,12,23
9:17:41,2190.6,2190.6,2190.8,10,14,15
9:17:42,2190.6,2190.6,2190.8,5,10,16
9:17:42,2190.6,2190.6,2190.8,20,1,13
9:17:43,2190.6,2190.4,2190.6,2,20,1
9:17:43,2190.6,2190.4,2190.6,23,10,1
9:17:44,2190.6,2190.6,2190.8,10,2,9
9:17:44,2190.6,2190.4,2190.6,5,9,8
9:17:45,2190.6,2190.4,2190.6,7,6,6
9:17:45,2190.4,2190.4,2190.6,6,3,4
9:17:46,2190.4,2190.4,2190.6,20,12,3
9:17:47,2190.4,2190.4,2190.6,7,9,5
9:17:47,2190.6,2190.4,2190.6,4,7,9
9:17:48,2190.6,2190.4,2190.6,6,5,12
9:17:49,2190.4,2190.2,2190.4,7,31,10
9:17:49,2190.6,2190.2,2190.6,14,28,14
9:17:50,2190.6,2190.6,2190.8,19,1,27
9:17:50,2190.4,2190.4,2190.6,11,2,1
9:17:51,2190.6,2190.4,2190.6,4,1,1
9:17:51,2190.8,2190.4,2190.8,4,2,85
9:17:52,2190.4,2190.4,2190.6,1,2,4
9:17:52,2190.4,2190.2,2190.4,7,29,10
9:17:53,2190.2,2190.2,2190.4,3,28,8
9:17:53,2190.2,2190.2,2190.4,6,27,35
9:17:54,2190.2,2190.2,2190.4,8,20,38
9:17:54,2190.4,2190.2,2190.4,1,20,39
9:17:55,2190.4,2190.2,2190.4,12,20,31
9:17:55,2190.4,2190,2190.4,23,85,28
9:17:56,2190.2,2190.2,2190.4,3,1,27
9:17:57,2190.2,2190,2190.2,5,92,1
9:17:57,2190,2190.2,2190.4,17,1,25
9:17:58,2190.2,2190,2190.2,6,90,6
9:17:59,2190,2190,2190.2,6,89,4
9:17:59,2190.2,2190,2190.4,7,88,24
9:18:00,2190.4,2190.2,2190.4,2,7,23
9:18:01,2190.4,2190.4,2190.6,29,32,56
9:18:01,2190.4,2190.4,2190.6,32,3,38
9:18:02,2190.6,2190.4,2190.6,33,1,9
9:18:02,2190.4,2190.4,2190.6,20,7,2
9:18:03,2190.4,2190.4,2190.6,5,5,1
9:18:03,2190.8,2190.4,2190.8,6,7,99
9:18:04,2190.6,2190.4,2190.6,7,6,6
9:18:04,2190.6,2190.4,2190.6,7,3,5
9:18:05,2190.2,2190.2,2190.6,8,9,29
9:18:05,2190.6,2190.2,2190.4,13,5,31
9:18:06,2190.4,2190.2,2190.4,13,4,23
9:18:06,2190.2,2190,2190.2,6,88,1
9:18:07,2190.4,2190.2,2190.4,2,2,25
9:18:07,2190,2190.2,2190.4,3,13,25
9:18:08,2190.2,2190,2190.2,16,90,4
9:18:08,2190.2,2190,2190.4,5,91,23
9:18:09,2190.2,2190.2,2190.4,5,11,22
9:18:09,2190.2,2190.2,2190.4,16,13,15
9:18:10,2190.4,2190.2,2190.4,10,10,8
9:18:10,2190.2,2190,2190.2,51,70,4
9:18:11,2190,2190,2190.4,11,73,11
9:18:11,2190,2190,2190.2,2,73,2
9:18:12,2190,2190,2190.2,3,72,2
9:18:12,2190.2,2190,2190.2,5,70,4
9:18:13,2190.2,2190,2190.2,6,68,11
9:18:13,2190,2190,2190.2,5,66,12
9:18:14,2190.2,2189.8,2190.2,74,24,12
9:18:14,2189.8,2189.8,2190.2,2,23,34
9:18:15,2189.8,2189.8,2190,6,19,8
9:18:15,2189.8,2189.8,2190,5,14,13
9:18:16,2190,2189.6,2189.8,19,24,1
9:18:16,2189.8,2189.6,2190,9,24,109
9:18:17,2189.8,2189.8,2190,36,19,115
9:18:17,2189.8,2189.8,2190,11,8,115
9:18:18,2189.4,2189.4,2189.6,10,11,1
9:18:18,2189.4,2189.4,2189.8,8,10,18
9:18:19,2189.4,2189.4,2189.8,15,5,31
9:18:19,2189.4,2189.4,2189.6,2,5,1
9:18:20,2189.4,2189.4,2189.8,7,1,38
9:18:20,2189.4,2189.2,2189.4,3,22,1
9:18:21,2189.2,2189.2,2189.8,10,17,37
9:18:21,2189.2,2189.2,2189.4,13,18,1
9:18:22,2189.2,2189.2,2189.4,13,9,4
9:18:22,2189,2189,2189.4,13,59,5
9:18:23,2189.2,2189,2189.2,6,60,1
9:18:23,2189,2189,2189.2,7,55,3
9:18:24,2189,2189,2189.2,16,48,4
9:18:25,2189.2,2189.2,2189.4,10,27,6
9:18:25,2189.2,2189.2,2189.4,11,20,5
9:18:26,2189.2,2189.2,2189.4,13,19,5
9:18:26,2189.4,2189,2189.4,25,44,5
9:18:27,2189,2189,2189.2,27,21,1
9:18:27,2189.2,2189,2189.2,3,24,4
9:18:28,2189.2,2189,2189.2,8,20,6
9:18:28,2189.2,2189,2189.2,5,25,4
9:18:29,2189,2189,2189.2,9,20,4
9:18:29,2189.2,2189.2,2189.4,10,1,2
9:18:30,2189.2,2189.2,2189.4,27,6,2
9:18:30,2189.2,2188.8,2189,17,15,1
9:18:31,2189.2,2188.8,2189,3,17,1
9:18:31,2189,2189,2189.2,2,5,25
9:18:32,2189,2189,2189.2,5,3,24
9:18:32,2189.2,2189,2189.2,4,21,22
9:18:33,2189,2188.8,2189,25,44,35
9:18:33,2189,2188.8,2189,31,14,35
9:18:34,2188.8,2188.6,2188.8,30,15,2
9:18:34,2188.6,2188.6,2189,17,14,12
9:18:35,2188.6,2188.6,2188.8,6,11,1
9:18:35,2188.8,2188.8,2189,14,2,9
9:18:36,2188.8,2188.8,2189,15,2,9
9:18:36,2188.8,2188.8,2189,7,1,16
9:18:37,2188.6,2188.6,2188.8,2,6,49
9:18:37,2188.6,2188.6,2188.8,4,3,56
9:18:38,2188.4,2188.4,2188.6,14,38,14
9:18:38,2188.6,2188.4,2188.6,7,37,8
9:18:39,2188.6,2188.4,2188.6,8,34,9
9:18:39,2188.4,2188.4,2188.6,12,28,6
9:18:40,2188.6,2188.4,2188.6,16,15,7
9:18:40,2188.8,2188.6,2188.8,30,9,43
9:18:41,2188.4,2188.4,2188.6,13,7,22
9:18:41,2188.4,2188.4,2188.6,20,2,8
9:18:42,2188.4,2188.2,2188.4,23,58,5
9:18:42,2188.4,2188.2,2188.4,56,70,4
9:18:43,2188.6,2188.6,2188.8,10,7,12
9:18:43,2188.6,2188.4,2188.6,42,27,35
9:18:44,2188.6,2188.6,2189,39,17,25
9:18:44,2188.8,2188.6,2189,9,18,26
9:18:45,2188.8,2188.8,2189,20,1,11
9:18:45,2188.8,2188.8,2189,17,6,3
9:18:46,2188.8,2189,2189.2,11,3,33
9:18:46,2189,2189,2189.2,5,1,31
9:18:47,2189.2,2188.8,2189.2,3,11,30
9:18:47,2189.2,2188.8,2189,2,12,1
9:18:48,2189,2189,2189.2,3,5,33
9:18:48,2189,2188.8,2189,7,13,1
9:18:49,2188.8,2188.8,2189,2,12,51
9:18:49,2189,2188.8,2189,15,12,39
9:18:50,2189,2188.8,2189,5,10,37
9:18:50,2188.8,2188.8,2189,1,9,38
9:18:51,2189,2188.8,2189,4,8,40
9:18:51,2188.8,2188.8,2189,38,9,5
9:18:52,2188.8,2188.8,2189,2,12,5
9:18:52,2189,2189,2189.2,6,16,34
9:18:53,2189,2189,2189.2,10,13,24
9:18:53,2189,2189,2189.2,3,18,24
9:18:54,2189,2189,2189.2,6,13,24
9:18:54,2189.2,2189,2189.2,5,12,22
9:18:55,2189,2189,2189.2,17,9,7
9:18:55,2189,2189,2189.2,5,7,7
9:18:56,2189.2,2189.2,2189.4,11,4,17
9:18:56,2189,2188.8,2189,37,41,13
9:18:57,2189,2188.8,2189,6,43,14
9:18:57,2189,2189,2189.4,16,11,16
9:18:58,2189.2,2189.2,2189.4,1,1,107
9:18:58,2189,2189,2189.2,7,15,6
9:18:59,2189.2,2189,2189.2,2,25,30
9:19:00,2189.2,2189,2189.2,4,18,30
9:19:00,2189.2,2189,2189.2,8,18,25
9:19:01,2189,2189,2189.2,11,8,26
9:19:01,2189.2,2189,2189.2,10,1,29
9:19:02,2189.2,2188.8,2189,15,46,1
9:19:02,2188.8,2188.8,2189,9,38,2
9:19:03,2189,2189,2189.2,9,8,26
9:19:03,2189,2188.8,2189,20,38,26
9:19:04,2189,2188.8,2189,1,39,26
9:19:04,2189,2188.8,2189,14,37,22
9:19:05,2188.8,2188.8,2189,4,35,21
9:19:05,2188.8,2188.8,2189,5,50,22
9:19:06,2188.8,2188.8,2189,3,48,22
9:19:06,2189,2188.8,2189,22,48,2
9:19:07,2188.8,2188.8,2189.2,11,46,135
9:19:07,2189.2,2189,2189.2,5,1,129
9:19:08,2188.8,2188.8,2189,5,42,38
9:19:08,2189,2188.8,2189,1,42,37
9:19:09,2189,2188.8,2189,6,40,33
9:19:09,2189,2188.8,2189,1,40,38
9:19:10,2189,2188.8,2189,6,40,36
9:19:11,2188.8,2188.8,2189,4,39,36
9:19:11,2188.8,2188.8,2189,2,39,37
9:19:12,2189,2188.8,2189,7,36,36
9:19:12,2188.8,2188.8,2189,3,34,36
9:19:13,2188.8,2188.8,2189,4,31,37
9:19:14,2188.8,2188.6,2188.8,38,62,13
9:19:14,2188.6,2188.6,2188.8,5,61,33
9:19:15,2188.8,2188.6,2188.8,27,60,12
9:19:15,2188.6,2188.6,2188.8,21,39,31
9:19:16,2188.8,2188.6,2188.8,3,37,31
9:19:16,2188.8,2188.6,2188.8,34,6,31
9:19:17,2188.6,2188.4,2188.6,10,52,37
9:19:17,2188.6,2188.4,2188.6,3,52,39
9:19:18,2188.6,2188.4,2188.6,2,51,39
9:19:18,2188.4,2188.4,2188.6,9,42,41
9:19:19,2188.4,2188.4,2188.6,5,39,42
9:19:19,2188.4,2188.4,2188.6,35,4,42
9:19:20,2188.2,2188.2,2188.4,8,75,2
9:19:20,2188.2,2188.2,2188.4,2,74,6
9:19:21,2188.2,2188.2,2188.4,14,66,1
9:19:21,2188.2,2188.2,2188.4,7,64,8
9:19:22,2188.4,2188.2,2188.4,5,60,8
9:19:22,2188.2,2188.2,2188.4,22,38,13
9:19:23,2188.2,2188.2,2188.4,34,5,13
9:19:23,2188.2,2188,2188.2,16,167,10
9:19:24,2188.2,2188,2188.2,10,166,10
9:19:24,2188,2188,2188.2,9,163,14
9:19:25,2188.4,2188.4,2188.6,37,46,15
9:19:25,2188,2188.4,2188.8,80,3,41
9:19:26,2188.2,2188,2188.2,7,136,2
9:19:26,2188.2,2188.2,2188.4,7,17,4
9:19:27,2188.2,2188.2,2188.4,5,21,3
9:19:27,2188.4,2188.2,2188.4,8,27,11
9:19:28,2188.2,2188.2,2188.4,2,29,16
9:19:28,2188.2,2188.2,2188.4,6,29,12
9:19:29,2188.2,2188.2,2188.4,5,29,13
9:19:29,2188.4,2188.4,2188.6,45,6,4
9:19:30,2188.6,2188.2,2188.6,11,20,2
9:19:30,2188.4,2188.4,2188.6,9,14,33
9:19:31,2188.4,2188.4,2188.6,13,1,36
9:19:31,2188.4,2188.4,2188.6,2,2,37
9:19:32,2188.6,2188.2,2188.4,3,32,5
9:19:32,2188.6,2188.2,2188.4,1,49,7
9:19:33,2188.4,2188.2,2188.4,3,54,7
9:19:33,2188.2,2188.2,2188.4,3,52,6
9:19:34,2188.2,2188.2,2188.4,7,51,4
9:19:34,2188.2,2188.2,2188.6,7,55,35
9:19:35,2188.4,2188.4,2188.6,2,2,34
9:19:35,2188.6,2188.2,2188.4,25,55,2
9:19:36,2188.6,2188.2,2188.6,22,52,15
9:19:36,2188.4,2188.4,2188.6,1,1,15
9:19:37,2188.2,2188.4,2188.6,3,11,16
9:19:37,2188.4,2188.4,2188.6,10,25,17
9:19:38,2188.4,2188.4,2188.6,5,20,17
9:19:38,2188.6,2188.6,2188.8,23,6,51
9:19:39,2188.6,2188.6,2188.8,7,7,51
9:19:39,2188.8,2188.4,2188.6,15,24,1
9:19:40,2188.6,2188.6,2188.8,2,4,48
9:19:40,2188.6,2188.4,2188.6,4,26,1
9:19:41,2188.6,2188.4,2188.6,3,26,8
9:19:41,2188.6,2188.4,2188.6,3,27,17
9:19:42,2188.6,2188.4,2188.6,3,26,15
9:19:42,2188.6,2188.4,2188.6,12,10,15
9:19:43,2188.4,2188.4,2188.6,9,10,14
9:19:43,2188.6,2188.4,2188.6,1,11,13
9:19:44,2188.6,2188.4,2188.6,4,11,13
9:19:45,2188.6,2188.4,2188.6,1,17,20
9:19:46,2188.6,2188.4,2188.6,11,13,13
9:19:46,2188.6,2188.4,2188.6,4,13,10
9:19:47,2188.6,2188.4,2188.6,3,16,20
9:19:48,2188.4,2188.4,2188.6,15,5,16
9:19:48,2188.6,2188.4,2188.6,4,4,13
9:19:49,2188.6,2188.4,2188.6,1,15,12
9:19:49,2188.4,2188.4,2188.6,2,16,13
9:19:50,2188.6,2188.4,2188.6,4,14,13
9:19:50,2188.4,2188.2,2188.4,21,82,71
9:19:51,2188.2,2188.2,2188.4,6,82,66
9:19:51,2188.2,2188.2,2188.4,51,50,49
9:19:52,2188.2,2188.2,2188.4,19,31,48
9:19:52,2188.2,2188.2,2188.6,82,1,12
9:19:53,2188.2,2188,2188.4,14,168,5
9:19:53,2188.4,2188.2,2188.4,3,8,4
9:19:54,2188,2188.2,2188.4,146,12,3
9:19:54,2188.2,2188,2188.2,27,37,25
9:19:55,2188.2,2188,2188.2,2,42,33
9:19:55,2188,2187.8,2188,39,42,40
9:19:56,2188,2187.8,2188,16,42,26
9:19:56,2187.8,2187.8,2188,57,26,45
9:19:57,2187.6,2187.6,2187.8,35,48,4
9:19:57,2187.8,2187.4,2187.8,64,6,5
9:19:58,2187.8,2187.4,2187.8,20,10,2
9:19:58,2187.4,2187.2,2187.4,80,183,30
9:19:59,2187.2,2187.2,2188,76,174,50
9:19:59,2187.8,2187.4,2187.8,18,75,7
9:20:00,2187.6,2187.6,2187.8,26,8,12
9:20:00,2187.6,2187.8,2188,33,3,49
9:20:01,2187.6,2187.6,2187.8,28,21,9
9:20:01,2188,2187.8,2188,57,27,45
9:20:02,2187.8,2187.8,2188,34,5,46
9:20:02,2188,2187.8,2188,7,7,45
9:20:03,2187.6,2187.4,2187.6,28,33,5
9:20:03,2188,2187.6,2188,37,1,42
9:20:04,2187.8,2187.4,2187.8,20,7,3
9:20:04,2187.8,2187.4,2187.8,15,12,22
9:20:05,2187.8,2187.4,2187.6,11,57,2
9:20:05,2187.6,2187.4,2187.8,12,59,28
9:20:06,2187.8,2187.6,2187.8,8,4,20
9:20:06,2187.8,2187.8,2188,34,12,118
9:20:07,2187.8,2187.8,2188,15,13,109
9:20:07,2187.8,2187.8,2188,38,4,88
9:20:08,2187.6,2187.6,2188,23,59,79
9:20:08,2187.8,2187.8,2188,4,5,81
9:20:09,2188,2187.8,2188,10,3,82
9:20:09,2187.8,2187.6,2188,5,69,82
9:20:10,2187.8,2187.6,2187.8,5,69,4
9:20:10,2187.6,2187.6,2187.8,33,39,6
9:20:11,2187.8,2187.6,2187.8,12,28,3
9:20:11,2187.6,2187.6,2187.8,12,16,15
9:20:12,2187.6,2187.6,2187.8,8,10,19
9:20:12,2187.8,2187.8,2188,30,41,86
9:20:13,2187.8,2187.8,2188,28,17,91
9:20:13,2187.8,2187.8,2188,19,25,91
9:20:14,2187.8,2187.8,2188,21,17,82
9:20:14,2187.8,2187.8,2188,8,14,79
9:20:15,2187.8,2187.8,2188,14,14,70
9:20:15,2187.8,2187.8,2188,2,14,74
9:20:16,2187.8,2187.8,2188,1,13,74
9:20:16,2188,2187.8,2188,2,18,73
9:20:17,2188,2187.8,2188,4,17,71
9:20:17,2187.8,2187.8,2188,6,14,73
9:20:18,2187.8,2187.8,2188,33,27,49
9:20:18,2188,2187.8,2188,10,27,43
9:20:19,2187.8,2187.8,2188,10,26,36
9:20:19,2188,2187.8,2188,7,21,48
9:20:20,2188,2187.8,2188,2,22,46
9:20:20,2187.8,2187.8,2188,9,22,38
9:20:21,2188,2187.8,2188,5,22,34
9:20:21,2188,2187.8,2188,3,22,32
9:20:22,2188,2187.8,2188,10,20,25
9:20:22,2188,2187.8,2188,6,27,19
9:20:23,2188,2187.8,2188,3,27,17
9:20:23,2188.2,2188,2188.2,19,39,40
9:20:24,2188.2,2188,2188.2,9,44,35
9:20:24,2188.2,2188,2188.2,8,51,29
9:20:25,2188.2,2188,2188.2,17,50,13
9:20:25,2188.2,2188,2188.4,13,51,34
9:20:26,2188.4,2188.2,2188.4,1,15,33
9:20:26,2188.4,2188.2,2188.4,24,16,13
9:20:27,2188.4,2188.2,2188.4,3,16,11
9:20:27,2188.4,2188.2,2188.6,11,26,18
9:20:28,2188.4,2188.2,2188.4,13,24,1
9:20:28,2188.4,2188.4,2188.6,6,1,21
9:20:29,2188.4,2188.4,2188.6,7,33,20
9:20:29,2188.4,2188.4,2188.6,3,32,19
9:20:30,2188.6,2188.4,2188.6,3,32,17
9:20:30,2188.6,2188.4,2188.6,4,37,15
9:20:31,2188.4,2188.4,2188.6,6,34,12
9:20:31,2188.4,2188.4,2188.6,10,33,4
9:20:32,2188.4,2188.4,2188.8,8,32,67
9:20:32,2188.6,2188.4,2188.6,5,32,14
9:20:33,2188.6,2188.4,2188.6,2,32,14
9:20:33,2188.4,2188.4,2188.6,1,32,27
9:20:34,2188.4,2188.4,2188.6,4,31,26
9:20:34,2188.6,2188.4,2188.6,4,36,28
9:20:35,2188.4,2188.4,2188.6,3,37,26
9:20:35,2188.6,2188.4,2188.6,2,37,35
9:20:36,2188.6,2188.4,2188.6,29,20,23
9:20:36,2188.6,2188.4,2188.6,19,18,15
9:20:37,2188.4,2188.4,2188.6,11,11,12
9:20:37,2188.4,2188.2,2188.4,23,53,39
9:20:38,2188.4,2188.2,2188.4,4,55,53
9:20:38,2188.4,2188.2,2188.4,3,53,51
9:20:39,2188.2,2188.2,2188.4,14,47,33
9:20:39,2188.2,2188.2,2188.4,2,45,33
9:20:40,2188.4,2188.2,2188.4,2,46,45
9:20:41,2188.4,2188.2,2188.4,2,44,45
9:20:41,2188.2,2188.2,2188.4,4,43,48
9:20:42,2188.2,2188.2,2188.4,11,39,41
9:20:43,2188.4,2188.2,2188.4,2,44,42
9:20:43,2188.4,2188.2,2188.4,13,43,27
9:20:44,2188.2,2188.2,2188.4,10,33,28
9:20:44,2188.2,2188.2,2188.4,9,44,28
9:20:45,2188.4,2188.2,2188.4,3,58,28
9:20:46,2188.4,2188.2,2188.4,16,57,13
9:20:46,2188.2,2188.2,2188.4,15,56,1
9:20:47,2188.2,2188.4,2188.6,6,3,35
9:20:48,2188.6,2188.4,2188.6,48,103,8
9:20:48,2188.6,2188.6,2188.8,10,27,95
9:20:49,2188.6,2188.6,2188.8,16,38,81
9:20:49,2188.6,2188.6,2188.8,3,30,81
9:20:50,2188.8,2188.6,2188.8,6,32,75
9:20:50,2188.8,2188.6,2188.8,15,31,62
9:20:51,2188.6,2188.6,2188.8,14,26,54
9:20:52,2188.6,2188.6,2188.8,4,25,52
9:20:52,2188.8,2188.6,2188.8,27,20,30
9:20:53,2188.8,2188.6,2188.8,12,17,22
9:20:53,2188.8,2188.6,2188.8,3,18,38
9:20:54,2188.8,2188.6,2188.8,3,17,36
9:20:54,2188.8,2188.6,2188.8,3,17,34
9:20:55,2188.6,2188.6,2188.8,6,20,31
9:20:55,2188.6,2188.6,2188.8,9,11,31
9:20:56,2188.8,2188.8,2189,35,1,56
9:20:56,2188.8,2188.6,2188.8,8,11,15
9:20:57,2188.6,2188.6,2188.8,8,10,13
9:20:57,2188.8,2188.8,2189,22,92,55
9:20:58,2189,2188.8,2189,29,92,26
9:20:58,2188.8,2188.8,2189,11,82,39
9:20:59,2188.8,2188.8,2189,3,94,35
9:20:59,2189,2188.8,2189,3,95,21
9:21:00,2188.8,2188.8,2189,2,95,20
9:21:00,2189,2188.8,2189,25,84,16
9:21:01,2188.8,2188.8,2189,15,71,17
9:21:01,2189,2188.8,2189,22,51,21
9:21:02,2189,2189,2189.2,52,3,25
9:21:02,2189,2188.8,2189,10,32,18
9:21:03,2188.8,2188.8,2189,19,30,8
9:21:03,2189,2188.8,2189,4,29,7
9:21:04,2188.8,2188.8,2189,3,27,9
9:21:04,2189,2189,2189.2,9,40,24
9:21:05,2189,2189,2189.2,7,35,27
9:21:05,2189,2189,2189.2,4,31,26
9:21:06,2189,2189,2189.2,10,24,25
9:21:06,2189,2189,2189.2,21,5,23
9:21:07,2188.8,2188.8,2189,35,1,19
9:21:07,2189.2,2189.2,2189.4,47,59,23
9:21:08,2189.4,2189.2,2189.4,53,8,25
9:21:08,2189,2189,2189.2,12,7,1
9:21:09,2189.2,2189,2189.2,15,12,2
9:21:09,2189.2,2189,2189.2,1,11,3
9:21:10,2189,2189,2189.2,8,12,9
9:21:10,2189.2,2189,2189.2,7,8,6
9:21:11,2189.2,2189,2189.2,2,8,4
9:21:11,2189.2,2189,2189.2,15,3,13
9:21:12,2189,2189,2189.2,8,3,6
9:21:12,2189.2,2189.2,2189.4,7,1,21
9:21:13,2189,2189,2189.2,4,17,1
9:21:13,2189.2,2189,2189.2,6,16,2
9:21:14,2189,2189,2189.4,4,14,21
9:21:14,2189.2,2189.2,2189.4,14,2,11
9:21:15,2189,2189,2189.2,24,6,13
9:21:15,2189,2189,2189.2,3,4,12
9:21:16,2189.2,2189.2,2189.4,16,1,17
9:21:17,2189.6,2189,2189.2,29,5,1
9:21:17,2189.4,2189.4,2189.6,7,1,20
9:21:18,2189,2188.8,2189,19,6,1
9:21:18,2188.8,2188.6,2188.8,26,80,6
9:21:19,2188.8,2188.8,2189.2,6,13,20
9:21:19,2189.2,2188.8,2189,3,15,5
9:21:20,2189.2,2188.8,2189,4,35,2
9:21:20,2188.8,2188.8,2189,5,27,1
9:21:21,2188.8,2188.8,2189,4,24,6
9:21:21,2189.2,2189,2189.2,7,11,26
9:21:22,2189,2188.8,2189.2,22,19,26
9:21:22,2189,2189,2189.2,6,17,26
9:21:23,2189,2189,2189.2,7,11,27
9:21:23,2189.4,2189.2,2189.4,35,75,10
9:21:24,2189.2,2189.2,2189.6,23,81,25
9:21:24,2189.6,2189.4,2189.6,14,34,12
9:21:25,2189.6,2189.4,2189.6,33,19,13
9:21:25,2189.4,2189.4,2189.6,19,20,3
9:21:26,2189.6,2189.6,2189.8,11,36,26
9:21:26,2189.8,2189.6,2189.8,10,35,19
9:21:27,2189.6,2189.2,2189.4,100,79,5
9:21:27,2189.6,2189.2,2189.6,8,80,9
9:21:28,2189.6,2189.4,2189.6,11,19,18
9:21:28,2189.4,2189.4,2189.6,34,13,1
9:21:29,2189.6,2189.4,2189.8,6,22,1
9:21:29,2189.4,2189.4,2189.6,2,22,1
9:21:30,2189.6,2189.4,2189.6,2,21,1
9:21:30,2189.6,2189.6,2189.8,3,6,2
9:21:31,2189.6,2189.6,2189.8,1,13,7
9:21:31,2189.8,2189.6,2189.8,11,5,10
9:21:32,2190,2189.8,2190,12,49,63
9:21:32,2190,2189.8,2190,7,51,69
9:21:33,2190,2189.8,2190,14,51,56
9:21:33,2190,2189.8,2190,32,49,36
9:21:34,2190,2189.8,2190,16,68,21
9:21:34,2190,2189.8,2190,43,57,1
9:21:35,2190,2190,2190.2,16,15,41
9:21:35,2190,2190,2190.2,10,12,36
9:21:36,2190,2190,2190.2,2,15,37
9:21:36,2190.2,2190,2190.2,9,11,34
9:21:37,2190,2190,2190.2,10,7,29
9:21:37,2190,2189.8,2190,46,63,7
9:21:38,2190,2189.8,2190,10,63,3
9:21:38,2190,2190.2,2190.4,4,10,44
9:21:39,2190,2190,2190.4,16,4,46
9:21:39,2190,2190,2190.2,6,28,21
9:21:40,2190.2,2190,2190.2,26,29,5
9:21:40,2190.2,2190,2190.2,3,40,12
9:21:41,2190,2190,2190.2,6,37,23
9:21:41,2190.2,2190,2190.2,4,47,20
9:21:42,2190.2,2190,2190.2,25,40,17
9:21:42,2190,2190,2190.2,12,59,14
9:21:43,2190.2,2190.2,2190.4,18,21,49
9:21:43,2190.4,2190.2,2190.4,10,22,43
9:21:44,2190.2,2190.2,2190.4,3,23,42
9:21:44,2190.4,2190.4,2190.6,50,3,21
9:21:45,2190.6,2190.4,2190.6,9,7,17
9:21:45,2190.4,2190.4,2190.6,14,26,5
9:21:46,2190.6,2190.6,2190.8,14,3,60
9:21:46,2190.4,2190.4,2190.8,11,46,58
9:21:47,2190.8,2190.4,2190.8,24,47,45
9:21:47,2190.8,2190.6,2190.8,33,1,40
9:21:48,2191,2190.8,2191,42,11,112
9:21:48,2190.8,2190.4,2190.8,33,17,5
9:21:49,2190.6,2190.6,2190.8,30,3,1
9:21:49,2190.8,2190.6,2190.8,25,3,7
9:21:50,2190.6,2190.6,2191,65,11,76
9:21:50,2190.6,2190.6,2190.8,5,11,6
9:21:51,2190.6,2190.8,2191,26,8,71
9:21:51,2190.8,2190.8,2191,7,9,74
9:21:52,2190.8,2190.8,2191,12,15,70
9:21:52,2190.8,2190.8,2191,1,25,71
9:21:53,2191.2,2190.8,2191.2,78,29,17
9:21:53,2191,2191,2191.4,32,6,94
9:21:54,2190.8,2190.6,2190.8,50,9,56
9:21:54,2190.6,2190.4,2190.6,30,26,7
9:21:55,2190.6,2190.4,2190.8,9,26,60
9:21:55,2190.8,2190.6,2190.8,29,33,52
9:21:56,2190.8,2190.6,2190.8,25,22,42
9:21:56,2190.8,2190.6,2190.8,30,29,13
9:21:57,2190.8,2190.8,2191,24,25,3
9:21:57,2190.8,2190.8,2191,10,24,11
9:21:58,2190.8,2190.8,2191,4,29,12
9:21:58,2191,2190.8,2191,10,11,13
9:21:59,2190.8,2190.8,2191,9,20,45
9:21:59,2190.8,2190.8,2191,25,7,78
9:22:00,2190.8,2190.6,2190.8,60,43,7
9:22:00,2190.6,2190.6,2190.8,24,39,12
9:22:01,2190.6,2190.6,2190.8,32,25,8
9:22:01,2190.8,2190.6,2190.8,16,22,18
9:22:02,2190.6,2190.6,2190.8,30,12,12
9:22:02,2190.6,2190.4,2190.6,33,16,11
9:22:03,2190.6,2190.4,2190.6,14,7,8
9:22:03,2190.4,2190.4,2190.6,21,4,13
9:22:04,2190.4,2190.4,2190.6,9,3,33
9:22:04,2190.4,2190.2,2190.4,16,15,5
9:22:05,2190.2,2190.2,2190.4,12,18,4
9:22:05,2190.6,2190.6,2190.8,63,5,30
9:22:06,2190.4,2190.2,2190.4,8,15,49
9:22:06,2190.4,2190.2,2190.4,19,11,41
9:22:07,2190.2,2190.2,2190.4,20,1,32
9:22:07,2190.2,2190,2190.2,6,129,9
9:22:08,2190.4,2190,2190.4,17,126,26
9:22:08,2190.2,2190.2,2190.4,15,19,24
9:22:09,2190.4,2190.2,2190.4,6,21,24
9:22:09,2190.2,2190.2,2190.4,9,36,24
9:22:10,2190.2,2190.2,2190.4,7,37,23
9:22:10,2190.4,2190.2,2190.4,18,40,10
9:22:11,2190.2,2190.2,2190.4,6,38,11
9:22:11,2190.4,2190.2,2190.4,5,60,14
9:22:12,2190.4,2190.2,2190.4,2,68,14
9:22:12,2190.4,2190.4,2190.6,37,8,22
9:22:13,2190.4,2190.4,2190.6,15,6,14
9:22:13,2190.4,2190.4,2190.6,5,16,14
9:22:14,2190.6,2190.4,2190.6,4,31,12
9:22:14,2190.4,2190.4,2190.6,16,19,3
9:22:15,2190.6,2190.4,2190.6,2,20,2
9:22:15,2190.4,2190.4,2190.8,23,10,20
9:22:16,2190.8,2190.4,2190.8,23,15,2
9:22:16,2191,2190.4,2191,7,9,106
9:22:17,2190.8,2190.4,2191,10,14,107
9:22:17,2190.4,2190.4,2190.6,1,39,1
9:22:18,2190.8,2190.6,2190.8,18,2,29
9:22:18,2190.8,2190.6,2190.8,5,3,26
9:22:19,2190.6,2190.6,2190.8,4,8,25
9:22:19,2190.6,2190.6,2190.8,6,8,25
9:22:20,2190.6,2190.6,2190.8,10,4,20
9:22:20,2190.8,2190.6,2190.8,17,3,8
9:22:21,2190.8,2190.6,2191,12,6,118
9:22:21,2190.8,2190.6,2191,4,8,118
9:22:22,2190.8,2190.6,2191,1,13,117
9:22:22,2191,2190.8,2191,11,8,107
9:22:23,2190.8,2190.8,2191,30,6,81
9:22:23,2191,2190.8,2191,5,4,79
9:22:24,2190.8,2190.8,2191,89,23,1
9:22:24,2191,2191,2191.2,9,17,36
9:22:25,2191.2,2191,2191.2,6,24,35
9:22:25,2191.2,2191,2191.2,5,47,35
9:22:26,2191.2,2191.2,2191.4,41,1,98
9:22:26,2191.2,2191,2191.2,13,42,3
9:22:27,2191.4,2191.2,2191.4,58,8,47
9:22:27,2191.4,2191.2,2191.4,11,4,50
9:22:28,2191.2,2191.2,2191.4,30,92,32
9:22:28,2191.4,2191.4,2191.6,37,57,43
9:22:29,2191.8,2191.6,2191.8,46,8,35
9:22:29,2192,2191.8,2192,78,1,101
9:22:30,2192,2191.8,2192,33,4,75
9:22:30,2192,2191.8,2192.2,95,2,3
9:22:31,2192,2192,2192.2,31,7,3
9:22:31,2192,2192,2192.2,20,5,4
9:22:32,2192,2192,2192.2,23,15,38
9:22:32,2192,2191.8,2192,27,2,4
9:22:33,2191.8,2191.4,2191.8,15,79,7
9:22:33,2191.8,2191.6,2191.8,23,3,2
9:22:34,2191.6,2191.6,2191.8,27,2,3
9:22:34,2191.6,2191.6,2192,12,7,15
9:22:35,2191.8,2191.8,2192,10,84,13
9:22:35,2192,2192,2192.2,22,22,34
9:22:36,2192,2191.8,2192,58,80,10
9:22:36,2191.8,2191.8,2192,29,67,21
9:22:37,2192,2191.8,2192,14,66,44
9:22:37,2192,2191.8,2192,96,9,9
9:22:38,2191.8,2191.6,2191.8,18,8,19
9:22:38,2191.8,2191.6,2191.8,23,9,9
9:22:39,2191.8,2191.8,2192,26,8,13
9:22:39,2192,2191.8,2192,9,4,13
9:22:40,2192,2191.8,2192,12,11,37
9:22:40,2192,2191.8,2192,10,14,37
9:22:41,2192,2191.8,2192,16,6,35
9:22:41,2192,2191.8,2192,24,2,23
9:22:42,2192,2191.6,2192,15,26,14
9:22:42,2191.8,2191.6,2192,7,27,29
9:22:43,2192,2191.8,2192,18,10,14
9:22:43,2192,2192,2192.2,24,27,35
9:22:44,2192.2,2192,2192.2,25,23,19
9:22:44,2192.2,2192,2192.2,17,20,6
9:22:45,2192.4,2192.2,2192.4,24,29,24
9:22:45,2192.4,2192.2,2192.4,36,24,21
9:22:46,2192.2,2192.2,2192.4,11,21,15
9:22:46,2192.4,2192.2,2192.4,15,18,7
9:22:47,2192.4,2192.2,2192.4,13,48,7
9:22:47,2192.2,2192.2,2192.4,14,39,35
9:22:48,2192.4,2192.4,2192.6,38,1,55
9:22:48,2192.4,2192.2,2192.4,36,33,8
9:22:49,2192.4,2192.2,2192.4,21,27,51
9:22:49,2192.4,2192.2,2192.4,16,23,49
9:22:50,2192.2,2192,2192.2,38,40,24
9:22:50,2192.2,2192,2192.2,43,28,13
9:22:51,2192.2,2192,2192.2,20,21,30
9:22:51,2192,2192,2192.2,36,3,33
9:22:52,2192.2,2191.8,2192,47,12,1
9:22:52,2192,2191.8,2192,3,18,9
9:22:53,2192,2192,2192.2,13,22,18
9:22:53,2192,2192,2192.2,26,4,14
9:22:54,2191.8,2191.8,2192.2,5,24,19
9:22:54,2192,2192,2192.2,4,2,20
9:22:55,2192,2192,2192.2,5,1,22
9:22:55,2191.8,2191.8,2192,2,25,10
9:22:56,2192,2191.8,2192,6,24,7
9:22:56,2192,2191.8,2192,6,24,9
9:22:57,2191.8,2191.8,2192,5,21,10
9:22:57,2192,2191.8,2192,8,19,22
9:22:58,2192,2191.8,2192,7,18,25
9:22:58,2191.8,2191.6,2191.8,24,33,11
9:22:59,2191.6,2191.6,2191.8,1,32,13
9:22:59,2191.6,2191.6,2191.8,12,30,5
9:23:00,2191.8,2191.6,2191.8,7,27,6
9:23:00,2192,2191.8,2192,9,3,68
9:23:01,2191.8,2191.8,2192,4,2,84
9:23:01,2191.8,2191.6,2191.8,5,28,28
9:23:02,2191.6,2191.6,2191.8,17,22,22
9:23:02,2191.8,2191.6,2191.8,133,29,13
9:23:03,2191.6,2191.6,2191.8,20,24,6
9:23:03,2191.8,2191.6,2191.8,9,38,10
9:23:04,2191.8,2191.6,2191.8,4,36,20
9:23:04,2191.8,2191.6,2191.8,16,26,15
9:23:05,2191.6,2191.6,2191.8,16,14,11
9:23:05,2191.6,2191.6,2191.8,6,10,13
9:23:06,2191.6,2191.6,2191.8,14,2,14
9:23:06,2191.6,2191.6,2191.8,5,1,21
9:23:07,2191.8,2191.6,2191.8,4,1,26
9:23:07,2191.8,2191.4,2191.6,9,53,2
9:23:08,2191.6,2191.4,2191.6,10,34,3
9:23:08,2191.6,2191.4,2191.6,2,33,4
9:23:09,2191.4,2191.4,2191.6,13,29,4
9:23:09,2191.4,2191.4,2191.6,8,24,2
9:23:10,2191.6,2191.4,2191.8,6,21,32
9:23:10,2191.4,2191.4,2191.6,7,17,1
9:23:11,2191.4,2191.4,2191.6,8,21,2
9:23:11,2191.4,2191.4,2191.6,12,13,18
9:23:12,2191.4,2191.2,2191.4,27,37,1
9:23:12,2191.2,2191.2,2191.4,4,35,3
9:23:13,2191.2,2191.2,2191.4,2,33,5
9:23:13,2191.2,2191.2,2191.4,3,32,10
9:23:14,2191.2,2191.2,2191.4,10,28,6
9:23:14,2191.2,2191.2,2191.4,3,26,7
9:23:15,2191.6,2191.2,2191.8,42,41,50
9:23:15,2191.4,2191.2,2191.6,1,41,3
9:23:16,2191.2,2191.4,2191.6,28,38,5
9:23:16,2191.6,2191.6,2191.8,11,5,48
9:23:17,2191.6,2191.6,2191.8,8,22,45
9:23:17,2191.6,2191.6,2191.8,19,14,46
9:23:18,2191.6,2191.6,2191.8,19,23,33
9:23:18,2191.8,2191.6,2191.8,3,23,33
9:23:19,2191.8,2191.6,2191.8,17,22,21
9:23:19,2191.8,2191.6,2192,71,31,59
9:23:20,2191.6,2191.6,2192,6,47,60
9:23:20,2192,2191.8,2192,3,13,57
9:23:21,2191.8,2191.8,2192,41,11,22
9:23:21,2192,2192,2192.2,24,2,42
9:23:22,2192,2192,2192.2,17,8,29
9:23:22,2192.2,2192,2192.2,15,13,21
9:23:23,2192,2192,2192.2,5,23,28
9:23:23,2192.2,2192,2192.2,10,27,18
9:23:24,2192,2192,2192.2,4,22,15
9:23:24,2192,2192,2192.2,9,25,14
9:23:25,2192,2192,2192.2,11,17,8
9:23:25,2192.2,2192.2,2192.4,13,6,36
9:23:26,2192.2,2192.2,2192.4,7,4,33
9:23:26,2192.4,2192.2,2192.4,13,1,39
9:23:27,2192,2192,2192.4,21,15,26
9:23:27,2192.4,2192.2,2192.4,18,3,16
9:23:28,2192.2,2192.2,2192.6,22,4,63
9:23:28,2192.2,2192.4,2192.6,5,2,65
9:23:29,2192.4,2192.4,2192.6,5,32,65
9:23:29,2192.4,2192.4,2192.6,9,34,65
9:23:30,2192.6,2192.4,2192.6,33,27,40
9:23:30,2192.6,2192.4,2192.6,36,20,11
9:23:31,2192.6,2192.6,2192.8,16,16,51
9:23:31,2192.8,2192.6,2192.8,26,13,34
9:23:32,2192.8,2192.6,2192.8,10,16,26
9:23:32,2192.8,2192.8,2193,30,4,139
9:23:33,2192.6,2192.6,2192.8,18,23,44
9:23:33,2192.8,2192.6,2192.8,36,28,13
9:23:34,2192.8,2192.6,2192.8,21,29,31
9:23:34,2192.6,2192.6,2192.8,20,20,34
9:23:35,2192.8,2192.8,2193,35,62,140
9:23:35,2193,2192.8,2193,13,63,147
9:23:36,2193,2192.8,2193,34,67,120
9:23:36,2193,2192.8,2193,81,74,42
9:23:37,2193,2193,2193.2,55,140,107
9:23:37,2193.2,2193,2193.2,110,121,10
9:23:38,2193.2,2193.2,2193.4,54,40,4
9:23:38,2193.4,2193.4,2193.6,18,10,73
9:23:39,2193.4,2193.4,2193.6,63,10,20
9:23:39,2193.6,2193.6,2193.8,54,1,27
9:23:40,2193.8,2193.8,2194,37,5,39
9:23:40,2194,2194,2194.2,60,5,1
9:23:41,2194.6,2194.2,2194.6,53,41,14
9:23:41,2194.6,2194.6,2194.8,56,55,46
9:23:42,2194.8,2194.8,2195,123,1,136
9:23:42,2194.6,2194.4,2194.8,89,7,64
9:23:43,2194.2,2194.2,2194.6,64,50,48
9:23:43,2194.4,2194.2,2194.4,97,39,3
9:23:44,2194.2,2194.4,2194.6,39,5,15
9:23:44,2194.4,2194.4,2194.6,65,9,1
9:23:45,2194.6,2194.6,2194.8,29,1,24
9:23:45,2194.6,2194.6,2194.8,46,17,19
9:23:46,2194.6,2194.6,2195,43,3,143
9:23:46,2194.8,2194.8,2195,12,34,131
9:23:47,2195,2194.8,2195,20,39,80
9:23:47,2195,2195,2195.2,104,10,11
9:23:48,2195.2,2195.2,2195.4,48,10,19
9:23:48,2195,2195,2195.2,82,68,15
9:23:49,2195.2,2195,2195.2,116,15,5
9:23:49,2195.2,2194.6,2195.2,141,35,12
9:23:50,2195,2194.8,2195,31,3,37
9:23:50,2195,2194.8,2195,30,2,34
9:23:51,2194.8,2194.6,2194.8,40,1,15
9:23:51,2195,2195,2195.2,51,3,16
9:23:52,2195.2,2195,2195.2,29,13,11
9:23:52,2195.2,2195.2,2195.4,54,27,22
9:23:53,2195.4,2195.4,2195.6,58,34,4
9:23:53,2195.8,2195.6,2195.8,42,15,32
9:23:54,2195.6,2195.6,2196,100,2,26
9:23:54,2195.4,2195.6,2196,51,1,13
9:23:55,2195.6,2195.4,2195.6,87,5,5
9:23:55,2195.6,2195.6,2195.8,62,3,8
9:23:56,2195.8,2195.6,2195.8,44,7,2
9:23:56,2195.6,2195.4,2195.8,52,11,4
9:23:57,2195.6,2195.4,2195.6,31,12,4
9:23:57,2195.4,2195.2,2195.4,32,26,7
9:23:58,2195.4,2195.2,2195.4,14,18,1
9:23:58,2195.6,2195.2,2195.6,40,13,25
9:23:59,2195.2,2195,2195.2,31,46,3
9:23:59,2195,2195,2195.2,41,28,18
9:24:00,2195.2,2195,2195.2,32,31,4
9:24:00,2195.2,2195,2195.2,114,1,11
9:24:01,2195.2,2194.6,2195,30,9,22
9:24:01,2194.8,2194.6,2194.8,26,29,7
9:24:02,2195.2,2194.8,2195.4,77,3,8
9:24:02,2194.8,2194.8,2195,42,20,2
9:24:03,2194.8,2195,2195.2,66,11,5
9:24:03,2195.2,2195,2195.4,42,23,18
9:24:04,2194.8,2194.6,2194.8,72,23,32
9:24:04,2194.8,2194.8,2195,63,15,43
9:24:05,2194.8,2194.8,2195,23,2,67
9:24:05,2194.6,2194.6,2194.8,19,8,9
9:24:06,2194.8,2194.4,2194.6,18,16,1
9:24:06,2194.4,2194.6,2194.8,28,9,27
9:24:07,2194.6,2194.4,2194.6,24,18,24
9:24:07,2194.4,2194.2,2194.4,24,26,13
9:24:08,2194.6,2194.2,2194.6,48,15,34
9:24:08,2194.2,2194.2,2194.6,19,21,37
9:24:09,2194.2,2194,2194.4,36,47,1
9:24:09,2194,2194.2,2194.4,17,3,8
9:24:10,2194.2,2194.2,2194.4,47,3,6
9:24:10,2194.2,2194.2,2194.4,14,2,3
9:24:11,2194,2194,2194.2,37,30,13
9:24:11,2194,2194,2194.2,26,21,32
9:24:12,2194,2194,2194.2,13,18,27
9:24:12,2194.2,2194.2,2194.4,51,15,27
9:24:13,2194,2194,2194.2,41,8,3
9:24:13,2194,2194,2194.2,39,14,49
9:24:14,2194,2193.8,2194,28,13,9
9:24:14,2193.8,2193.8,2194,6,11,12
9:24:15,2193.8,2193.6,2193.8,25,13,22
9:24:15,2193.8,2193.6,2193.8,11,10,18
9:24:16,2193.6,2193.4,2193.6,43,17,6
9:24:16,2193.6,2193.4,2193.6,26,2,11
9:24:17,2193.6,2193.2,2193.4,23,34,1
9:24:17,2193.6,2193.4,2193.6,29,24,10
9:24:18,2193.6,2193.6,2193.8,17,9,12
9:24:18,2193.6,2193.6,2193.8,8,6,11
9:24:19,2193.6,2193.6,2193.8,11,6,9
9:24:19,2193.6,2193.6,2193.8,12,23,5
9:24:20,2193.6,2193.6,2194,33,27,11
9:24:20,2194,2193.8,2194,11,3,6
9:24:21,2193.8,2193.6,2194.2,13,36,74
9:24:21,2193.8,2193.8,2194,23,1,2
9:24:22,2194.2,2193.8,2194,8,4,2
9:24:22,2193.8,2193.6,2193.8,8,31,7
9:24:23,2193.6,2193.6,2193.8,4,24,8
9:24:23,2193.8,2193.6,2193.8,14,24,2
9:24:24,2193.8,2193.6,2193.8,18,20,1
9:24:24,2193.8,2193.4,2193.6,47,49,14
9:24:25,2193.4,2193.4,2193.6,15,47,14
9:24:25,2193.4,2193.4,2193.6,28,52,1
9:24:26,2193.6,2193.4,2193.6,28,53,28
9:24:26,2193.8,2193.6,2193.8,36,19,3
9:24:27,2193.8,2193.6,2194,14,22,33
9:24:27,2193.6,2193.6,2194,22,14,26
9:24:28,2193.6,2193.4,2193.6,33,52,19
9:24:28,2193.6,2193.4,2193.6,10,53,13
9:24:29,2193.4,2193.4,2193.6,8,50,12
9:24:29,2193.4,2193.4,2193.6,22,36,7
9:24:30,2193.6,2193.4,2193.6,9,37,1
9:24:30,2193.8,2193.4,2193.8,26,29,3
9:24:31,2193.4,2193.4,2193.6,12,29,1
9:24:31,2193.6,2193.6,2193.8,3,6,12
9:24:32,2193.6,2193.6,2193.8,3,4,12
9:24:32,2193.8,2193.4,2193.6,20,28,7
9:24:33,2194,2193.8,2194,13,1,73
9:24:33,2194,2193.4,2194,18,33,68
9:24:34,2193.6,2193.6,2193.8,5,18,8
9:24:34,2194,2193.8,2194,28,1,60
9:24:35,2194,2193.8,2194,15,14,58
9:24:35,2194,2193.8,2194,3,14,68
9:24:36,2194,2193.8,2194,5,20,50
9:24:36,2193.8,2193.8,2194,17,19,38
9:24:37,2193.8,2193.8,2194,25,16,17
9:24:37,2194,2193.8,2194,3,20,17
9:24:38,2194,2193.8,2194.2,20,20,77
9:24:38,2194.2,2194,2194.2,2,7,75
9:24:39,2194,2193.8,2194,11,21,17
9:24:39,2194,2193.8,2194,5,22,12
9:24:40,2194,2193.8,2194,6,21,28
9:24:40,2194,2193.8,2194,13,21,20
9:24:41,2193.8,2193.8,2194,4,17,23
9:24:41,2193.8,2193.8,2194,11,7,24
9:24:42,2193.6,2193.6,2194,16,71,19
9:24:42,2194,2193.8,2194,13,4,17
9:24:43,2193.8,2193.6,2193.8,5,76,7
9:24:43,2193.6,2193.6,2193.8,3,104,6
9:24:44,2193.8,2193.6,2193.8,6,105,2
9:24:44,2194,2193.8,2194,7,6,19
9:24:45,2194,2194,2194.2,26,39,73
9:24:45,2194,2194,2194.2,1,39,73
9:24:46,2194,2194,2194.2,3,37,72
9:24:46,2194,2194,2194.2,21,41,63
9:24:47,2194.2,2194,2194.2,36,18,61
9:24:47,2194,2194,2194.2,6,16,59
9:24:48,2194.2,2194,2194.2,13,6,57
9:24:48,2193.8,2193.8,2194.2,16,25,55
9:24:49,2194.2,2193.8,2194,7,25,4
9:24:49,2194,2193.8,2194,9,17,4
9:24:50,2194.2,2194,2194.2,12,1,55
9:24:50,2194.2,2193.8,2194,11,19,1
9:24:51,2193.8,2193.8,2194,11,12,4
9:24:51,2194,2193.8,2194,17,1,1
9:24:52,2193.8,2193.6,2193.8,3,130,5
9:24:53,2193.8,2193.6,2193.8,3,141,4
9:24:53,2193.6,2193.8,2194,8,11,41
9:24:54,2194,2193.8,2194,10,18,40
9:24:54,2194,2193.8,2194,12,18,27
9:24:55,2193.8,2193.8,2194,10,13,29
9:24:55,2193.8,2193.8,2194,9,15,21
9:24:56,2194,2193.8,2194,5,118,16
9:24:56,2194,2194,2194.2,30,28,49
9:24:57,2194.2,2194,2194.2,37,43,15
9:24:57,2194,2194,2194.2,39,11,12
9:24:58,2194,2194,2194.2,6,21,11
9:24:58,2194.2,2194,2194.4,15,17,26
9:24:59,2194,2194,2194.4,14,30,17
9:24:59,2194.4,2194,2194.4,3,27,16
9:25:00,2194.4,2194,2194.4,7,38,28
9:25:00,2194.4,2194,2194.4,45,30,40
9:25:01,2194.2,2194,2194.2,30,26,15
9:25:01,2194,2193.8,2194,22,125,1
9:25:02,2194,2194,2194.4,19,8,39
9:25:02,2194,2193.8,2194,32,130,8
9:25:03,2194,2194,2194.2,14,4,5
9:25:03,2194.2,2194,2194.2,7,18,2
9:25:04,2194.4,2194.2,2194.4,13,1,22
9:25:04,2194.2,2194.2,2194.4,16,13,21
9:25:05,2194.2,2194,2194.2,17,22,1
9:25:05,2194,2194.2,2194.4,2,2,23
9:25:06,2194.4,2194.2,2194.4,16,10,14
9:25:06,2194.2,2194.2,2194.6,21,7,47
9:25:07,2194.2,2194.2,2194.6,17,11,47
9:25:07,2194.2,2194,2194.2,26,41,36
9:25:08,2194.2,2194,2194.2,14,49,25
9:25:08,2194.2,2194,2194.2,15,43,18
9:25:09,2194.2,2194,2194.2,17,41,11
9:25:09,2194,2194,2194.2,9,38,12
9:25:10,2194,2194,2194.2,3,45,13
9:25:10,2194.2,2194,2194.2,2,37,23
9:25:11,2194,2194,2194.2,4,34,30
9:25:11,2194,2194,2194.2,21,13,38
9:25:12,2194,2193.8,2194,13,138,31
9:25:12,2193.8,2193.8,2194,9,134,52
9:25:13,2193.8,2193.8,2194,9,131,62
9:25:13,2193.8,2193.8,2194,26,106,56
9:25:14,2193.6,2193.6,2194,137,107,71
9:25:14,2193.6,2193.6,2193.8,22,70,56
9:25:15,2193.6,2193.6,2193.8,34,51,61
9:25:15,2193.6,2193.4,2193.6,71,37,136
9:25:16,2193.4,2193.2,2193.4,77,15,87
9:25:16,2193.2,2193.2,2193.4,13,6,101
9:25:17,2193,2193,2193.2,40,62,26
9:25:17,2193,2193,2193.2,49,14,38
9:25:18,2193,2192.8,2193,28,52,6
9:25:18,2193,2192.8,2193,30,44,17
9:25:19,2193,2192.8,2193,34,22,15
9:25:19,2192.8,2192.8,2193,8,33,16
9:25:20,2192.6,2192.6,2192.8,60,55,9
9:25:20,2192.8,2192.6,2193,72,3,63
9:25:21,2192.6,2192.6,2192.8,13,2,1
9:25:21,2192.4,2192.4,2192.6,7,10,1
9:25:22,2192.4,2192.4,2192.8,36,1,11
9:25:22,2192.4,2192.4,2192.6,12,3,2
9:25:23,2192.6,2192.2,2192.4,28,14,3
9:25:23,2192,2192.4,2192.6,36,1,16
9:25:24,2192.6,2192.6,2192.8,48,12,4
9:25:24,2192.2,2192,2192.2,42,67,2
9:25:25,2192.2,2192.2,2192.4,32,15,1
9:25:25,2192.2,2192.2,2192.6,29,28,7
9:25:26,2192.4,2192.4,2192.6,10,7,11
9:25:26,2192.2,2192.2,2192.4,33,35,19
9:25:27,2192.2,2192.2,2192.4,30,11,17
9:25:27,2192.4,2192,2192.2,18,100,1
9:25:28,2192.6,2192.4,2192.6,23,4,29
9:25:28,2192.4,2192.2,2192.4,9,6,3
9:25:29,2192.6,2192.4,2192.6,21,5,25
9:25:29,2192.2,2192.2,2192.4,9,47,8
9:25:30,2192.4,2192.2,2192.4,18,41,3
9:25:30,2192.4,2192.2,2192.6,8,47,42
9:25:31,2192.4,2192.4,2192.6,8,2,36
9:25:31,2192.4,2192.2,2192.4,3,76,7
9:25:32,2192.4,2192.2,2192.4,23,64,5
9:25:32,2192.4,2192.2,2192.4,5,64,4
9:25:33,2192.4,2192.4,2192.6,14,34,39
9:25:33,2192.4,2192.4,2192.6,14,30,38
9:25:34,2192.6,2192.4,2192.6,6,40,33
9:25:34,2192.4,2192.4,2192.6,8,47,27
9:25:35,2192.4,2192.4,2192.6,8,62,24
9:25:35,2192.8,2192.6,2192.8,28,5,22
9:25:36,2192.6,2192.6,2192.8,12,21,19
9:25:36,2192.8,2192.6,2192.8,6,21,17
9:25:37,2192.6,2192.6,2192.8,5,29,16
9:25:37,2192.8,2192.6,2192.8,6,27,15
9:25:38,2192.6,2192.6,2192.8,28,11,6
9:25:38,2192.8,2192.6,2192.8,5,7,8
9:25:39,2192.8,2192.6,2192.8,9,1,9
9:25:39,2192.8,2192.6,2192.8,12,6,4
9:25:40,2192.6,2192.6,2192.8,5,3,7
9:25:40,2192.8,2192.6,2192.8,6,5,6
9:25:41,2192.8,2192.6,2192.8,5,11,10
9:25:41,2192.6,2192.4,2192.8,17,61,8
9:25:42,2192.6,2192.6,2192.8,17,9,6
9:25:42,2192.8,2192.6,2192.8,6,20,5
9:25:43,2192.8,2192.6,2192.8,10,19,4
9:25:43,2192.8,2192.8,2193,5,5,30
9:25:44,2192.8,2192.6,2192.8,13,24,7
9:25:44,2192.6,2192.4,2192.6,28,44,9
9:25:45,2193,2192.4,2193,23,44,26
9:25:45,2192.8,2192.6,2193,3,2,28
9:25:46,2192.6,2192.6,2192.8,2,9,13
9:25:46,2192.8,2192.6,2192.8,9,6,10
9:25:47,2192.6,2192.6,2192.8,1,6,12
9:25:47,2192.8,2192.6,2192.8,3,6,10
9:25:48,2192.8,2192.6,2192.8,2,7,8
9:25:48,2192.8,2192.6,2192.8,3,11,6
9:25:49,2192.8,2192.6,2192.8,4,33,3
9:25:49,2192.8,2192.6,2192.8,2,41,1
9:25:50,2192.6,2192.6,2193,11,31,31
9:25:50,2192.6,2192.8,2193,4,1,61
9:25:51,2193,2192.6,2193,3,38,59
9:25:51,2192.6,2192.6,2193,7,34,60
9:25:52,2193,2192.6,2193,6,40,54
9:25:52,2193,2192.6,2193,13,39,43
9:25:53,2192.6,2192.6,2193,5,42,47
9:25:54,2193,2192.6,2193,1,42,46
9:25:54,2193,2192.8,2193,3,28,49
9:25:55,2193,2192.8,2193,5,25,47
9:25:55,2193,2192.8,2193,2,24,47
9:25:56,2193,2192.8,2193,4,25,43
9:25:56,2193,2192.8,2193,6,26,37
9:25:57,2193,2192.8,2193,8,21,36
9:25:57,2193,2192.8,2193,1,21,35
9:25:58,2193,2192.8,2193.2,37,20,32
9:25:59,2193,2193,2193.2,1,11,33
9:25:59,2193.2,2193,2193.2,3,9,32
9:26:00,2193,2193,2193.2,4,10,30
9:26:00,2193.2,2193,2193.2,7,6,24
9:26:01,2192.8,2193,2193.2,9,13,24
9:26:01,2193.2,2193,2193.2,17,2,18
9:26:02,2193,2193,2193.2,2,2,18
9:26:02,2193,2192.8,2193,4,28,29
9:26:03,2193,2192.8,2193,4,26,32
9:26:03,2193,2192.8,2193,7,25,26
9:26:04,2193,2192.8,2193,6,27,22
9:26:04,2193,2192.8,2193,5,30,19
9:26:05,2192.8,2192.8,2193,4,28,20
9:26:05,2192.8,2192.8,2193,9,27,12
9:26:06,2192.8,2192.8,2193,7,23,10
9:26:06,2193,2192.8,2193,5,23,6
9:26:07,2192.8,2192.8,2193,14,15,3
9:26:07,2193,2193,2193.2,6,25,20
9:26:08,2193,2193,2193.2,1,24,20
9:26:08,2193.2,2193,2193.2,5,22,19
9:26:09,2193,2193,2193.2,5,20,17
9:26:09,2193.2,2193,2193.2,13,22,4
9:26:10,2193.2,2193,2193.2,2,21,4
9:26:10,2193.2,2193,2193.2,3,22,2
9:26:11,2193.4,2193,2193.4,4,22,18
9:26:11,2193,2193.2,2193.4,7,11,12
9:26:12,2193.2,2193.2,2193.4,6,10,10
9:26:12,2193.4,2193.2,2193.4,5,18,9
9:26:13,2193.4,2193.2,2193.4,6,21,5
9:26:13,2193.4,2193.4,2193.6,5,10,14
9:26:14,2193.6,2193.4,2193.6,6,20,12
9:26:14,2193.6,2193.4,2193.6,3,23,10
9:26:15,2193.8,2193.6,2193.8,11,20,15
9:26:15,2193.6,2193.6,2193.8,11,18,11
9:26:16,2193.8,2193.8,2194,17,5,14
9:26:16,2194,2193.8,2194,6,18,10
9:26:17,2194.2,2194,2194.2,47,57,14
9:26:17,2194.2,2194.2,2194.4,20,10,110
9:26:18,2194.4,2194.2,2194.4,15,9,99
9:26:18,2194.2,2194,2194.2,32,62,4
9:26:19,2194.2,2194,2194.2,37,70,12
9:26:19,2194,2194,2194.2,29,72,1
9:26:20,2194,2194,2194.2,19,61,3
9:26:20,2194.2,2194,2194.2,13,52,2
9:26:21,2194.2,2194,2194.2,16,53,13
9:26:21,2194,2194,2194.2,8,50,9
9:26:22,2194,2194.2,2194.4,16,2,68
9:26:22,2194.2,2194.2,2194.4,4,1,68
9:26:23,2194.2,2194.2,2194.4,7,1,67
9:26:23,2194.2,2194.2,2194.4,8,1,75
9:26:24,2194.4,2194.2,2194.4,13,9,59
9:26:24,2194.2,2194.2,2194.4,6,11,58
9:26:25,2194.2,2194.2,2194.4,7,9,57
9:26:25,2194.4,2194.2,2194.4,29,27,29
9:26:26,2194.4,2194.2,2194.4,35,22,1
9:26:26,2194.8,2194.4,2194.8,35,49,23
9:26:27,2194.8,2194.6,2194.8,14,3,25
9:26:27,2194.6,2194.6,2194.8,22,18,10
9:26:28,2194.8,2194.8,2195,20,52,52
9:26:28,2195,2194.8,2195,29,67,29
9:26:29,2195,2194.8,2195,13,94,16
9:26:29,2195.2,2195.2,2195.4,40,1,14
9:26:30,2195.4,2195.2,2195.4,40,5,5
9:26:30,2195.4,2195.2,2195.4,17,5,4
9:26:31,2195.6,2195.4,2195.6,31,3,7
9:26:31,2195.6,2195.6,2195.8,67,3,35
9:26:32,2195.8,2195.4,2195.8,51,25,3
9:26:32,2196,2195.8,2196,59,35,13
9:26:33,2196.2,2196,2196.2,44,44,27
9:26:33,2196.4,2196.2,2196.4,61,117,1
9:26:34,2196.6,2196.4,2196.6,62,47,15
9:26:34,2196.8,2196.6,2196.8,95,16,1
9:26:35,2197,2196.8,2197,51,10,12
9:26:35,2196.8,2196.6,2196.8,81,29,4
9:26:36,2196.8,2196.6,2196.8,80,12,40
9:26:36,2196.4,2196.4,2196.6,96,14,49
9:26:37,2196.6,2196.2,2196.6,202,149,1
9:26:37,2196.4,2196.4,2196.6,29,18,1
9:26:38,2197.2,2197.2,2197.4,109,28,26
9:26:38,2197.6,2197.6,2197.8,108,11,62
9:26:39,2197.8,2197.8,2198,102,12,70
9:26:39,2197.4,2197.4,2198,111,4,24
9:26:40,2197.8,2197.6,2197.8,93,1,25
9:26:40,2197.6,2197.4,2197.6,106,2,15
9:26:41,2197.4,2197,2197.4,82,5,52
9:26:41,2197.2,2197,2197.2,81,11,15
9:26:42,2197,2197,2197.2,66,1,9
9:26:42,2197,2196.8,2197,98,26,7
9:26:43,2197.2,2197.2,2197.6,42,13,42
9:26:43,2197,2197.2,2197.4,58,1,2
9:26:44,2197.2,2197,2197.2,35,13,3
9:26:44,2197.6,2197.2,2197.6,65,16,12
9:26:45,2197.4,2197.4,2197.6,40,3,12
9:26:45,2197.2,2197,2197.2,18,5,22
9:26:46,2197,2197,2197.4,37,7,3
9:26:46,2197,2197,2197.6,43,27,9
9:26:47,2197.2,2197.2,2197.4,17,28,2
9:26:47,2197.6,2197.4,2197.6,42,6,11
9:26:48,2197.6,2197.6,2197.8,74,9,7
9:26:48,2198,2197.8,2198,18,74,58
9:26:49,2198,2198,2198.2,82,45,55
9:26:49,2198.2,2198.2,2198.6,132,18,19
9:26:50,2198.6,2198.4,2198.6,76,5,19
9:26:50,2198.2,2198.2,2198.4,156,28,24
9:26:51,2198,2197.8,2198,105,92,17
9:26:51,2197.8,2197.8,2198,70,53,2
9:26:52,2197.8,2197.8,2198.4,106,19,23
9:26:52,2198.2,2198,2198.2,57,3,20
9:26:53,2197.8,2197.6,2197.8,26,21,8
9:26:53,2197.8,2197.6,2197.8,42,11,40
9:26:54,2197.2,2197,2197.2,73,60,1
9:26:54,2197,2197,2197.6,37,27,20
9:26:55,2197.2,2197.2,2197.4,32,8,23
9:26:55,2197.4,2197,2197.2,37,24,1
9:26:56,2197.4,2197.2,2197.4,22,4,2
9:26:56,2197.2,2197,2197.2,21,35,43
9:26:57,2196.8,2196.6,2196.8,102,49,12
9:26:57,2196.8,2196.6,2196.8,13,47,9
9:26:58,2196.8,2196.8,2197,18,3,10
9:26:58,2196.8,2196.6,2197,41,40,1
9:26:59,2197.2,2197,2197.2,13,13,50
9:26:59,2197,2197,2197.2,10,11,49
9:27:00,2197,2196.8,2197,16,19,5
9:27:00,2196.8,2196.8,2197,56,20,1
9:27:01,2197,2196.8,2197,51,10,12
9:27:01,2196.8,2196.6,2196.8,36,55,31
9:27:02,2196.6,2196.6,2196.8,65,24,13
9:27:02,2196.4,2196.4,2196.6,37,25,6
9:27:03,2196.4,2196.4,2196.6,5,22,16
9:27:03,2196.6,2196.4,2196.6,27,31,17
9:27:04,2196.6,2196.4,2196.6,34,28,6
9:27:04,2196.6,2196.6,2196.8,51,5,47
9:27:05,2196.6,2196.6,2196.8,18,23,38
9:27:05,2196.8,2196.6,2196.8,8,27,33
9:27:06,2196.6,2196.6,2197,83,35,50
9:27:06,2196.6,2196.6,2197,42,35,19
9:27:07,2196.6,2196.8,2197,28,18,23
9:27:07,2197,2197,2197.2,76,23,8
9:27:08,2197.2,2197.2,2197.4,28,6,4
9:27:08,2197.2,2197.2,2197.6,14,9,41
9:27:09,2197.2,2197.2,2197.4,14,15,3
9:27:09,2197.2,2197,2197.4,15,39,13
9:27:10,2197.4,2197.2,2197.4,11,2,32
9:27:10,2197.2,2197.2,2197.4,31,98,13
9:27:11,2197.4,2197.2,2197.4,26,87,2
9:27:11,2197.4,2197.4,2197.6,78,52,29
9:27:12,2197.8,2197.6,2197.8,65,20,26
9:27:12,2197.8,2197.8,2198,30,12,32
9:27:13,2197.8,2197.6,2197.8,51,50,4
9:27:13,2197.6,2197.6,2198.2,23,39,46
9:27:14,2197.8,2197.8,2198,11,12,31
9:27:14,2197.8,2197.6,2197.8,31,17,17
9:27:15,2197.8,2197.6,2197.8,34,2,16
9:27:15,2197.6,2197.4,2197.8,66,20,12
9:27:16,2198.2,2197.8,2198.2,30,4,47
9:27:16,2197.8,2197.8,2198,12,6,1
9:27:17,2197.8,2197.8,2198.2,17,10,47
9:27:17,2198.2,2198,2198.2,20,2,45
9:27:18,2197.8,2197.8,2198,10,3,1
9:27:18,2198,2198,2198.2,58,22,30
9:27:19,2197.8,2197.8,2198,32,1,2
9:27:19,2198,2198,2198.2,19,14,32
9:27:20,2198,2198,2198.2,35,29,33
9:27:20,2198.2,2198.2,2198.4,74,41,35
9:27:21,2198.6,2198.6,2198.8,65,1,90
9:27:21,2198.8,2198.4,2198.8,58,42,45
9:27:22,2199,2198.8,2199,78,20,141
9:27:22,2198.6,2198.6,2198.8,127,18,5
9:27:23,2198.4,2198.4,2198.6,169,24,5
9:27:23,2198.4,2198.4,2198.8,99,10,1
9:27:24,2198.6,2198.2,2198.6,88,6,2
9:27:24,2198.6,2198.4,2198.6,55,3,1
9:27:25,2198.8,2198.6,2198.8,25,29,70
9:27:25,2198.6,2198.6,2198.8,28,19,64
9:27:26,2198.2,2198.2,2198.6,98,34,3
9:27:26,2199,2199,2199.2,46,1,16
9:27:27,2198.8,2198.8,2199,7,4,21
9:27:27,2199,2199,2199.2,46,27,23
9:27:28,2199.4,2199.2,2199.4,47,26,24
9:27:28,2199.6,2199.4,2199.6,63,10,128
9:27:29,2199.6,2199.2,2199.6,97,10,83
9:27:29,2199,2198.8,2199,112,40,6
9:27:30,2199,2198.8,2199,56,5,1
9:27:30,2199.2,2199,2199.2,38,5,4
9:27:31,2199,2198.6,2199,64,11,4
9:27:31,2199,2198.6,2199,28,11,9
9:27:32,2198.6,2198.4,2198.6,26,13,1
9:27:32,2198.6,2198.6,2199,38,2,15
9:27:33,2198.8,2198.4,2198.8,40,33,16
9:27:33,2198.4,2198.4,2198.6,26,15,23
9:27:34,2198.4,2198.4,2198.6,11,13,17
9:27:34,2198.6,2198.2,2198.6,29,47,7
9:27:35,2198.4,2198.2,2198.4,18,52,1
9:27:35,2198.6,2198.6,2198.8,44,5,36
9:27:36,2198.4,2198.4,2198.8,21,6,26
9:27:36,2198.8,2198.4,2198.6,2,9,2
9:27:37,2198.4,2198.2,2198.4,17,38,3
9:27:37,2198.4,2198.2,2198.4,5,36,1
9:27:38,2198.4,2198.4,2198.6,21,27,16
9:27:38,2198.4,2198.4,2198.6,27,6,17
9:27:39,2198.4,2198.2,2198.6,20,29,4
9:27:39,2198.4,2198,2198.2,48,50,1
9:27:40,2198,2198,2198.4,9,44,63
9:27:40,2198.4,2198,2198.2,33,49,9
9:27:41,2197.8,2197.6,2197.8,76,14,33
9:27:41,2197.8,2197.4,2197.6,33,27,7
9:27:42,2197.6,2197.4,2197.6,23,21,6
9:27:42,2197.6,2197.6,2197.8,20,2,23
9:27:43,2197.6,2197.4,2197.6,46,30,1
9:27:43,2197.6,2197.6,2198,16,2,52
9:27:44,2197.6,2197.6,2197.8,74,1,8
9:27:44,2197.8,2197.6,2198.4,45,1,58
9:27:45,2197.8,2197.8,2198,6,5,1
9:27:45,2198.4,2197.8,2198.4,10,1,31
9:27:46,2198,2197.8,2198.2,10,16,9
9:27:46,2198,2198,2198.2,12,2,6
9:27:47,2197.8,2197.6,2197.8,27,14,9
9:27:47,2197.8,2197.6,2197.8,9,15,6
9:27:48,2198,2197.8,2198,12,5,15
9:27:48,2198,2197.6,2198,23,16,1
9:27:49,2197.8,2197.8,2198.2,21,5,6
9:27:49,2197.8,2198,2198.2,4,45,7
9:27:50,2198.2,2198.2,2198.4,23,3,38
9:27:50,2198.4,2198.2,2198.4,9,7,32
9:27:51,2198.4,2198,2198.2,10,37,1
9:27:51,2198,2198,2198.2,35,14,6
9:27:52,2198.2,2198,2198.2,9,10,4
9:27:52,2198,2197.8,2198,23,9,14
9:27:53,2197.8,2197.8,2198,11,5,12
9:27:53,2198,2197.8,2198,5,5,18
9:27:54,2197.8,2197.8,2198,7,2,20
9:27:54,2197.8,2197.6,2197.8,9,27,2
9:27:55,2197.6,2197.6,2197.8,8,23,17
9:27:55,2197.8,2197.6,2197.8,9,22,16
9:27:56,2197.4,2197.4,2197.8,35,32,9
9:27:56,2197.4,2197.4,2197.6,10,29,27
9:27:57,2197.4,2197.4,2197.6,9,30,21
9:27:57,2197.4,2197.4,2197.6,14,33,20
9:27:58,2197.4,2197.4,2197.6,27,19,8
9:27:58,2197.4,2197.2,2197.4,23,133,3
9:27:59,2197.4,2197.4,2197.6,13,13,7
9:27:59,2197.6,2197.6,2197.8,23,4,21
9:28:00,2197.6,2197.6,2197.8,9,1,17
9:28:00,2197.4,2197.4,2197.8,17,55,20
9:28:01,2197.6,2197.6,2197.8,92,1,1
9:28:01,2197.8,2197.8,2198,20,5,23
9:28:02,2197.4,2197.4,2197.8,46,55,18
9:28:02,2197.8,2197.4,2197.8,23,53,13
9:28:03,2197.6,2197.4,2197.8,25,46,23
9:28:03,2197.6,2197.4,2197.6,25,45,39
9:28:04,2197.4,2197.4,2197.8,92,13,15
9:28:04,2197.4,2197.2,2197.4,20,165,2
9:28:05,2197.4,2197.4,2197.6,14,4,12
9:28:05,2197.4,2197.4,2197.6,9,2,10
9:28:06,2197.4,2197.4,2197.6,25,7,10
9:28:06,2197.4,2197.4,2197.6,16,7,3
9:28:07,2197.6,2197.4,2197.6,28,12,6
9:28:07,2197.6,2197.6,2197.8,17,13,18
9:28:08,2197.6,2197.6,2197.8,6,18,30
9:28:08,2197.8,2197.6,2197.8,11,27,25
9:28:09,2197.6,2197.6,2197.8,2,28,25
9:28:09,2197.8,2197.6,2197.8,16,18,17
9:28:10,2197.6,2197.6,2198,32,17,65
9:28:10,2197.6,2197.6,2198,25,16,45
9:28:11,2197.6,2197.8,2198,8,2,42
9:28:11,2197.8,2197.8,2198,1,9,42
9:28:12,2197.8,2197.8,2198,4,17,43
9:28:12,2197.8,2197.8,2198,7,14,40
9:28:13,2197.8,2197.8,2198,6,10,40
9:28:13,2198,2197.8,2198,5,11,42
9:28:14,2197.8,2197.6,2197.8,22,32,10
9:28:14,2197.8,2197.6,2197.8,16,22,7
9:28:15,2197.8,2197.6,2197.8,8,22,7
9:28:15,2198,2197.6,2198,22,41,37
9:28:16,2198,2197.8,2198,20,38,23
9:28:16,2198,2197.8,2198,5,38,20
9:28:17,2198,2198,2198.2,26,12,62
9:28:17,2198.2,2198,2198.2,34,24,34
9:28:18,2198,2198,2198.2,48,113,4
9:28:18,2198.4,2198.2,2198.4,29,156,9
9:28:19,2198.8,2198.6,2198.8,43,1,67
9:28:19,2198.8,2198.8,2199,88,9,68
9:28:20,2199,2198.8,2199,50,6,26
9:28:20,2198.8,2198.8,2199,33,9,21
9:28:21,2198.8,2198.6,2198.8,15,10,7
9:28:21,2198.8,2198.6,2198.8,6,10,2
9:28:22,2198.8,2198.4,2198.6,12,33,4
9:28:22,2198.4,2198.4,2198.6,9,28,16
9:28:23,2198.4,2198.4,2198.6,21,11,20
9:28:23,2198.4,2198.2,2198.4,18,71,17
9:28:24,2198.4,2198.2,2198.4,5,69,20
9:28:24,2198.4,2198.4,2198.6,40,1,33
9:28:25,2198.2,2198.2,2198.4,11,58,1
9:28:25,2198.6,2198.4,2198.6,11,1,56
9:28:26,2198.4,2198.2,2198.6,20,54,43
9:28:26,2198.2,2198.2,2198.6,10,18,40
9:28:27,2198,2198,2198.6,104,30,37
9:28:27,2198,2198,2198.6,57,29,1
9:28:28,2198.4,2198.2,2198.4,14,11,21
9:28:28,2198.2,2198.2,2198.4,14,2,47
9:28:29,2198.2,2198,2198.2,12,26,16
9:28:29,2198,2198,2198.2,9,25,12
9:28:30,2198.2,2198,2198.2,14,14,35
9:28:30,2198.2,2198,2198.2,20,1,30
9:28:31,2198,2197.8,2198,13,48,2
9:28:31,2198,2197.8,2198,8,45,24
9:28:32,2198,2197.8,2198,16,31,30
9:28:32,2197.8,2197.6,2197.8,58,5,15
9:28:33,2197.8,2197.8,2198,25,1,36
9:28:33,2197.8,2197.4,2197.8,32,12,18
9:28:34,2197.4,2197.4,2197.8,7,22,28
9:28:34,2197.8,2197.4,2197.8,27,19,12
9:28:35,2197.4,2197.4,2197.8,40,2,14
9:28:35,2197.4,2197.2,2197.4,9,144,6
9:28:36,2197.4,2197.4,2197.6,19,2,10
9:28:36,2197.6,2197.2,2197.6,18,140,1
9:28:37,2197.4,2197.4,2197.6,17,14,20
9:28:37,2197.2,2197.4,2197.6,26,4,20
9:28:38,2197.4,2197.4,2197.6,20,5,14
9:28:38,2197.4,2197.2,2197.4,31,106,9
9:28:39,2197.2,2197.2,2197.4,11,108,12
9:28:39,2197.2,2197.2,2197.4,12,100,23
9:28:40,2197.4,2197.2,2197.4,40,61,60
9:28:40,2197,2197,2197.2,68,67,72
9:28:41,2197,2197,2197.2,77,1,105
9:28:41,2197,2196.8,2197,35,19,90
9:28:42,2196.8,2196.6,2196.8,27,31,21
9:28:42,2196.8,2196.6,2196.8,51,32,17
9:28:43,2196.6,2196.6,2197,41,25,88
9:28:43,2197,2196.8,2197,28,2,80
9:28:44,2196.6,2196.6,2196.8,22,25,5
9:28:44,2196.6,2196.6,2196.8,11,33,7
9:28:45,2197,2196.8,2197,75,9,89
9:28:45,2196.8,2196.8,2197,15,8,84
9:28:46,2196.6,2196.6,2197,39,21,69
9:28:46,2196.8,2196.8,2197,18,8,64
9:28:47,2196.8,2196.8,2197,23,1,60
9:28:47,2197,2196.6,2197,40,19,30
9:28:48,2196.8,2196.6,2197,8,38,29
9:28:48,2196.8,2196.8,2197,38,30,21
9:28:49,2196.8,2196.8,2197.2,40,40,48
9:28:49,2197,2197,2197.2,18,17,39
9:28:50,2197,2197,2197.2,16,14,27
9:28:50,2197,2197,2197.2,10,27,43
9:28:51,2197.2,2197,2197.2,43,27,2
9:28:51,2197,2197,2197.2,12,17,1
9:28:52,2197.2,2197.2,2197.4,6,1,14
9:28:52,2197,2197,2197.4,14,32,14
9:28:53,2197,2197,2197.4,8,35,11
9:28:53,2197,2197,2197.2,3,43,3
9:28:54,2197,2197,2197.2,1,44,5
9:28:54,2197.2,2197,2197.4,7,49,17
9:28:55,2197.4,2197.2,2197.4,2,1,16
9:28:55,2197.4,2197,2197.4,19,56,15
9:28:56,2197,2197,2197.2,6,53,18
9:28:56,2197.2,2197,2197.2,4,54,14
9:28:57,2197.2,2197,2197.2,4,53,23
9:28:57,2197.2,2197,2197.2,10,49,21
9:28:58,2197,2197,2197.2,1,51,22
9:28:58,2197,2197,2197.2,4,48,26
9:28:59,2197,2197,2197.2,30,33,19
9:28:59,2197,2197,2197.2,25,12,16
9:29:00,2197,2196.8,2197,13,52,3
9:29:00,2197,2197,2197.2,33,33,21
9:29:01,2197,2197,2197.2,4,43,20
9:29:01,2197.2,2197.2,2197.4,33,1,27
9:29:02,2197.2,2197.2,2197.4,6,8,30
9:29:02,2197.2,2197.2,2197.4,13,46,30
9:29:03,2197.4,2197.2,2197.4,9,55,24
9:29:03,2197.4,2197.2,2197.4,21,40,16
9:29:04,2197.4,2197.2,2197.4,9,59,8
9:29:04,2197.4,2197.4,2197.6,8,62,21
9:29:05,2197.6,2197.4,2197.6,22,60,7
9:29:05,2197.6,2197.6,2197.8,13,51,25
9:29:06,2197.8,2197.8,2198,29,3,51
9:29:06,2198,2197.8,2198,54,5,2
9:29:07,2198,2198,2198.2,2,11,39
9:29:07,2198.2,2198,2198.2,7,27,32
9:29:08,2198.2,2198,2198.4,29,32,20
9:29:08,2198.2,2198,2198.2,19,48,1
9:29:09,2198.2,2198.2,2198.4,7,20,8
9:29:09,2198.2,2198.2,2198.4,11,16,6
9:29:10,2198.4,2198.2,2198.4,8,12,9
9:29:10,2198.4,2198.2,2198.4,5,13,6
9:29:11,2198.4,2198.4,2198.6,28,49,2
9:29:11,2198.6,2198.4,2198.6,16,51,5
9:29:12,2198.6,2198.6,2198.8,8,26,29
9:29:12,2198.8,2198.6,2198.8,14,45,29
9:29:13,2198.6,2198.8,2199,40,4,44
9:29:13,2199,2198.8,2199,24,10,31
9:29:14,2199.2,2199,2199.2,38,9,45
9:29:14,2199,2199,2199.2,37,16,10
9:29:15,2199.4,2199.2,2199.4,29,23,16
9:29:15,2199.4,2199.4,2199.6,18,1,73
9:29:16,2199.6,2199.4,2199.6,66,8,37
9:29:16,2199.4,2199.2,2199.4,23,40,4
9:29:17,2199.4,2199.4,2199.6,42,2,9
9:29:17,2199.6,2199.4,2199.6,17,2,3
9:29:18,2199.8,2199.2,2199.8,26,35,303
9:29:18,2199.6,2199.6,2199.8,60,6,290
9:29:19,2199.6,2199.4,2199.8,60,28,263
9:29:19,2199.4,2199.4,2199.6,95,42,1
9:29:20,2199.6,2199.4,2199.6,70,32,1
9:29:20,2199.6,2199.4,2199.6,38,15,16
9:29:21,2199.4,2199.2,2199.4,36,29,52
9:29:21,2199.4,2199,2199.2,87,59,10
9:29:22,2199,2198.8,2199,87,27,3
9:29:22,2198.8,2198.8,2199.2,26,44,4
9:29:23,2199.2,2199,2199.2,27,32,20
9:29:23,2199.4,2199.2,2199.4,37,6,26
9:29:24,2199.2,2199.2,2199.4,17,4,33
9:29:24,2199.2,2199.2,2199.4,9,5,30
9:29:25,2199.4,2199,2199.4,21,38,24
9:29:25,2199.2,2199,2199.2,7,39,11
9:29:26,2199.2,2199,2199.2,9,37,9
9:29:26,2199,2198.6,2199.2,61,58,2
9:29:27,2199,2199,2199.2,33,2,16
9:29:27,2199,2198.8,2199,21,9,25
9:29:28,2198.8,2198.6,2198.8,18,54,20
9:29:28,2198.8,2198.6,2198.8,13,51,14
9:29:29,2198.8,2198.6,2199,26,44,14
9:29:29,2199,2198.6,2199,16,43,4
9:29:30,2198.6,2198.6,2199,18,38,1
9:29:30,2198.6,2198.6,2199.2,7,35,9
9:29:31,2198.6,2198.6,2199,10,35,1
9:29:31,2198.8,2198.8,2199.2,15,10,13
9:29:32,2199,2199,2199.2,22,45,12
9:29:32,2199.2,2199.2,2199.4,29,5,90
9:29:33,2199.2,2199.2,2199.4,25,3,89
9:29:33,2199.4,2199,2199.2,37,25,1
9:29:34,2199.2,2199.2,2199.4,11,1,85
9:29:34,2199.2,2199.2,2199.4,6,1,83
9:29:35,2199,2199,2199.2,12,23,23
9:29:35,2199,2199,2199.2,11,23,20
9:29:36,2198.8,2198.6,2198.8,33,37,27
9:29:36,2198.8,2198.6,2198.8,5,38,22
9:29:37,2198.6,2198.6,2198.8,12,30,18
9:29:37,2198.6,2198.6,2198.8,13,20,37
9:29:38,2198.6,2198.6,2198.8,9,13,46
9:29:38,2198.6,2198.4,2198.6,43,26,2
9:29:39,2198.6,2198.4,2198.6,11,23,55
9:29:39,2198.4,2198.4,2198.6,27,18,47
9:29:40,2198.4,2198.4,2198.6,20,1,47
9:29:40,2198.4,2198.2,2198.4,21,20,2
9:29:41,2198.4,2198.2,2198.4,9,32,1
9:29:41,2198.4,2198.2,2198.4,8,27,29
9:29:42,2198.4,2198.2,2198.4,12,22,29
9:29:42,2198.2,2198.2,2198.4,29,18,13
9:29:43,2198.2,2198,2198.2,23,56,20
9:29:43,2198.2,2198,2198.2,4,57,31
9:29:44,2198.2,2198,2198.2,11,49,58
9:29:44,2198,2197.8,2198.2,63,16,45
9:29:45,2197.8,2197.8,2198,1,15,68
9:29:45,2197.8,2197.8,2198,7,15,75
9:29:46,2197.8,2197.6,2197.8,16,14,8
9:29:46,2197.6,2197.6,2197.8,15,2,22
9:29:47,2197.6,2197.4,2197.8,13,10,19
9:29:47,2197.8,2197.6,2197.8,12,1,20
9:29:48,2197.6,2197.4,2197.6,11,12,8
9:29:48,2197.6,2197.4,2197.6,8,21,23
9:29:49,2197.4,2197.4,2197.6,18,14,9
9:29:49,2197.6,2197.6,2197.8,37,16,14
9:29:50,2197.8,2197.6,2197.8,23,16,5
9:29:50,2197.8,2197.6,2198,13,14,69
9:29:51,2197.8,2197.6,2197.8,17,3,26
9:29:51,2197.8,2197.6,2197.8,6,5,27
9:29:52,2197.6,2197.4,2197.8,30,24,16
9:29:52,2197.8,2197.4,2197.8,5,22,15
9:29:53,2197.4,2197.4,2197.8,18,23,1
9:29:53,2198,2197.8,2198,10,20,20
9:29:54,2198,2197.8,2198,13,19,11
9:29:54,2197.8,2197.8,2198,6,14,11
9:29:55,2197.8,2197.8,2198,14,24,1
9:29:55,2197.8,2197.8,2198.2,8,30,28
9:29:56,2197.8,2197.8,2198.2,8,28,28
9:29:56,2197.8,2197.8,2198,4,25,1
9:29:57,2197.8,2197.8,2198.2,13,10,24
9:29:57,2198,2197.8,2198.2,7,7,22
9:29:58,2198,2197.8,2198,3,6,2
9:29:58,2198,2197.8,2198,5,6,25
9:29:59,2198,2197.8,2198,11,1,36
9:29:59,2197.8,2197.6,2197.8,8,16,10
9:30:00,2197.8,2197.6,2197.8,7,17,28
9:30:00,2197.4,2197.4,2197.8,100,44,5
9:30:01,2197.6,2197.6,2198.2,95,9,25
9:30:01,2198,2197.8,2198,65,3,2
9:30:02,2198.4,2198.2,2198.4,63,1,22
9:30:02,2198,2197.8,2198,30,8,5
9:30:03,2198.2,2198,2198.2,27,19,14
9:30:03,2198,2197.8,2198,47,9,4
9:30:04,2198,2197.8,2198,7,11,3
9:30:04,2197.6,2197.6,2197.8,15,5,6
9:30:05,2197.4,2197.4,2197.6,23,10,17
9:30:05,2197.2,2197.2,2197.4,15,31,8
9:30:06,2197.2,2197.2,2197.4,16,20,12
9:30:06,2197,2197,2197.2,26,74,1
9:30:07,2197,2197,2197.2,47,34,12
9:30:07,2197,2196.8,2197,73,4,3
9:30:08,2196.6,2196.6,2196.8,21,36,4
9:30:08,2196.8,2196.8,2197,7,15,17
9:30:09,2196.8,2196.6,2196.8,25,32,20
9:30:09,2196.6,2196.6,2196.8,23,20,48
9:30:10,2196.8,2196.6,2196.8,32,19,25
9:30:10,2196.6,2196.4,2196.6,53,1,25
9:30:11,2196.4,2196.2,2196.6,19,57,40
9:30:11,2196.4,2196.4,2196.6,46,13,38
9:30:12,2196.4,2196.2,2196.4,38,38,2
9:30:12,2196.4,2196.2,2196.4,64,26,26
9:30:13,2196.2,2196.2,2196.4,29,20,19
9:30:13,2196.2,2196.2,2196.4,16,24,23
9:30:14,2196.4,2196.4,2196.6,76,2,54
9:30:14,2196,2196,2196.2,18,84,7
9:30:15,2196.2,2196,2196.2,62,43,10
9:30:15,2196.4,2196.2,2196.4,39,4,6
9:30:16,2195.8,2195.8,2196,58,21,20
9:30:16,2195.8,2195.6,2195.8,43,15,8
9:30:17,2195.8,2195.4,2195.6,36,25,1
9:30:17,2195.6,2195.4,2195.6,15,39,5
9:30:18,2196,2196,2196.2,33,13,20
9:30:18,2196,2196,2196.4,160,6,1
9:30:19,2196.4,2196,2196.4,25,1,10
9:30:19,2196,2195.6,2196,47,13,19
9:30:20,2195.8,2195.8,2196,10,9,21
9:30:20,2196,2195.8,2196,10,8,27
9:30:21,2195.8,2195.6,2196,29,31,19
9:30:21,2196,2195.8,2196,44,1,13
9:30:22,2196,2195.8,2196,14,38,8
9:30:22,2196,2196,2196.2,39,8,5
9:30:23,2196.2,2196,2196.2,20,45,2
9:30:23,2196,2196,2196.2,92,17,5
9:30:24,2196.2,2196,2196.2,14,14,1
9:30:24,2196.2,2196.2,2196.4,45,1,15
9:30:25,2196.2,2196.2,2196.4,7,1,31
9:30:25,2196.2,2196.2,2196.4,24,1,13
9:30:26,2196,2195.8,2196,39,17,2
9:30:26,2196.2,2196,2196.2,14,6,9
9:30:27,2196.2,2196,2196.4,16,26,13
9:30:27,2196,2196.2,2196.4,14,1,10
9:30:28,2196,2196,2196.2,23,2,3
9:30:28,2196,2196,2196.2,8,33,7
9:30:29,2196.2,2196,2196.2,16,31,4
9:30:29,2196,2196,2196.2,7,26,8
9:30:30,2196,2196,2196.2,13,18,19
9:30:30,2196.2,2196,2196.2,19,2,17
9:30:31,2196,2195.8,2196,8,27,6
9:30:31,2196,2195.8,2196,14,28,19
9:30:32,2196,2195.8,2196,25,26,4
9:30:32,2196,2196,2196.2,25,4,50
9:30:33,2196,2196,2196.2,8,4,51
9:30:33,2196,2195.8,2196,50,1,14
9:30:34,2196,2195.8,2196,9,1,23
9:30:34,2195.6,2195.6,2195.8,8,44,2
9:30:35,2195.8,2195.8,2196,8,5,33
9:30:35,2195.8,2195.8,2196,25,1,33
9:30:36,2196,2195.8,2196,21,26,25
9:30:36,2195.8,2195.8,2196,14,17,24
9:30:37,2195.8,2195.8,2196,19,5,23
9:30:37,2196,2195.8,2196,24,3,21
9:30:38,2195.8,2195.6,2196,8,27,23
9:30:38,2196,2195.6,2196,23,26,3
9:30:39,2195.8,2195.8,2196,5,4,6
9:30:39,2196,2196,2196.2,13,5,54
9:30:40,2196,2196,2196.2,25,19,55
9:30:40,2196,2196,2196.2,3,21,54
9:30:41,2196,2196,2196.2,9,38,50
9:30:41,2196,2196,2196.2,14,32,43
9:30:42,2196,2196,2196.2,23,29,25
9:30:42,2196.2,2196,2196.2,14,31,21
9:30:43,2196.2,2196,2196.2,15,41,9
9:30:43,2196.2,2196,2196.2,7,40,9
9:30:44,2196,2196,2196.2,11,45,4
9:30:44,2196,2196,2196.2,12,43,1
9:30:45,2196.2,2196.2,2196.4,2,15,17
9:30:45,2196.4,2196.2,2196.4,7,24,16
9:30:46,2196.4,2196.2,2196.4,44,1,6
9:30:46,2196.4,2196.4,2196.6,13,1,47
9:30:47,2196.2,2196,2196.2,14,53,1
9:30:47,2196.2,2196.2,2196.4,14,14,26
9:30:48,2196.4,2196.2,2196.4,7,13,51
9:30:48,2196.2,2196.2,2196.4,20,13,40
9:30:49,2196.4,2196.2,2196.4,21,8,29
9:30:49,2196.2,2196.2,2196.4,4,7,32
9:30:50,2196.2,2196.2,2196.4,6,4,33
9:30:50,2196.4,2196.2,2196.4,7,5,28
9:30:51,2196.2,2196.2,2196.4,8,8,22
9:30:51,2196.4,2196.2,2196.4,6,7,18
9:30:52,2196.2,2196.2,2196.4,11,5,14
9:30:52,2196.2,2196.2,2196.4,2,6,14
9:30:53,2196.4,2196.2,2196.4,6,4,11
9:30:53,2196.2,2196.2,2196.4,2,5,12
9:30:54,2196.2,2196.2,2196.4,4,3,11
9:30:54,2196.4,2196,2196.2,17,94,1
9:30:55,2196.4,2196.4,2196.6,17,1,41
9:30:55,2196.4,2196.2,2196.6,3,2,41
9:30:56,2196.4,2196.2,2196.6,6,3,41
9:30:56,2196.2,2196.2,2196.4,9,11,7
9:30:57,2196.2,2196.2,2196.4,5,5,8
9:30:57,2196.2,2196.2,2196.4,8,4,5
9:30:58,2196.2,2196.2,2196.4,4,18,20
9:30:59,2196.4,2196.2,2196.4,45,3,9
9:30:59,2196.4,2196.4,2196.6,17,7,41
9:31:00,2196.4,2196.4,2196.6,5,7,39
9:31:00,2196.4,2196,2196.4,22,85,19
9:31:01,2196.4,2196.2,2196.6,22,1,35
9:31:01,2196.2,2196.2,2196.6,31,15,24
9:31:02,2196.2,2196.2,2196.6,35,24,27
9:31:02,2196.6,2196.6,2196.8,36,25,20
9:31:03,2196.6,2196.6,2196.8,8,30,24
9:31:03,2196.6,2196.6,2196.8,5,42,22
9:31:04,2196.6,2196.6,2196.8,14,46,12
9:31:04,2196.8,2196.6,2196.8,10,44,5
9:31:05,2196.8,2196.6,2197,6,46,15
9:31:05,2197,2196.8,2197,13,4,14
9:31:06,2196.8,2196.8,2197,7,21,14
9:31:06,2196.8,2196.8,2197,29,8,2
9:31:07,2197,2197,2197.2,7,6,4
9:31:07,2197.4,2197,2197.2,14,33,5
9:31:08,2197.2,2197,2197.2,23,40,4
9:31:08,2197.2,2197.2,2197.4,21,16,8
9:31:09,2197,2197,2197.4,22,77,9
9:31:09,2197,2197.2,2197.4,56,1,5
9:31:10,2197.4,2197.2,2197.4,3,7,15
9:31:10,2197.4,2197.2,2197.4,10,16,21
9:31:11,2197.2,2197,2197.4,21,6,13
9:31:11,2197,2197,2197.2,9,12,12
9:31:12,2197.2,2196.8,2197,31,13,16
9:31:12,2197,2196.8,2197,53,2,3
9:31:13,2196.8,2196.8,2197,36,14,2
9:31:13,2197,2196.8,2197,7,16,23
9:31:14,2197,2196.8,2197,14,16,11
9:31:14,2196.8,2196.8,2197,2,15,13
9:31:15,2197,2196.8,2197,10,10,12
9:31:15,2197,2197,2197.4,18,6,9
9:31:16,2197,2196.8,2197,6,8,8
9:31:16,2196.8,2196.6,2196.8,12,47,1
9:31:17,2196.8,2196.8,2197,1,5,9
9:31:17,2196.8,2196.8,2197,1,9,13
9:31:18,2196.8,2196.6,2196.8,10,47,17
9:31:18,2196.6,2196.6,2196.8,5,44,17
9:31:19,2196.6,2196.6,2196.8,2,43,19
9:31:19,2196.6,2196.6,2196.8,43,2,18
9:31:20,2196.6,2196.4,2196.6,9,23,71
9:31:20,2196.4,2196.2,2196.4,42,33,23
9:31:21,2196,2196,2196.2,46,60,34
9:31:21,2196,2196,2196.2,28,41,33
9:31:22,2196,2195.8,2196,64,53,117
9:31:22,2196,2195.8,2196,26,31,115
9:31:23,2195.6,2195.6,2195.8,36,61,27
9:31:23,2195.6,2195.6,2195.8,7,55,39
9:31:24,2195.6,2195.6,2195.8,23,48,34
9:31:24,2195.6,2195.4,2195.6,53,43,10
9:31:25,2195.4,2195.4,2195.6,9,36,26
9:31:25,2195.4,2195.4,2195.6,15,26,29
9:31:26,2195.4,2195.4,2195.6,13,20,29
9:31:26,2195.6,2195.4,2195.6,27,2,22
9:31:27,2195.4,2195.4,2195.6,8,2,24
9:31:27,2195.4,2195.2,2195.4,14,94,5
9:31:28,2195.2,2195.2,2195.4,12,94,11
9:31:28,2195.2,2195.2,2195.4,54,50,9
9:31:29,2195.4,2195.2,2195.4,23,31,11
9:31:29,2195.2,2195,2195.2,50,125,10
9:31:30,2195.4,2195,2195.2,18,123,23
9:31:30,2195,2195,2195.2,11,119,19
9:31:31,2195,2194.8,2195,131,13,2
9:31:31,2194.8,2194.2,2194.8,142,14,1
9:31:32,2194.2,2194,2194.2,23,46,6
9:31:32,2194.8,2194,2194.8,60,23,9
9:31:33,2194.2,2194.2,2194.6,118,27,35
9:31:33,2194.8,2194.6,2194.8,77,1,8
9:31:34,2194.6,2194.4,2194.6,34,7,12
9:31:34,2194.4,2194.2,2194.4,69,10,41
9:31:35,2194.2,2193.8,2194.2,28,1,1
9:31:35,2194.2,2193.8,2194.2,31,11,22
9:31:36,2193.8,2193.6,2193.8,44,11,5
9:31:36,2193.6,2193.2,2193.4,56,23,2
9:31:37,2193.6,2193.4,2193.6,90,9,3
9:31:37,2193,2193,2193.4,51,7,66
9:31:38,2193,2192.8,2193,63,13,10
9:31:38,2192.8,2192.6,2192.8,71,20,43
9:31:39,2192.4,2192.4,2192.6,33,24,6
9:31:39,2192.8,2192.6,2192.8,110,27,111
9:31:40,2192.6,2192.6,2192.8,82,11,67
9:31:40,2192.4,2192.2,2192.4,30,36,19
9:31:41,2192.8,2192.4,2192.8,76,44,14
9:31:41,2192.6,2192.8,2193,69,3,27
9:31:42,2193,2193,2193.2,70,24,4
9:31:42,2193.4,2193.2,2193.4,80,46,14
9:31:43,2193.2,2193.2,2193.4,70,33,22
9:31:43,2193.4,2193.2,2193.4,32,35,6
9:31:44,2193,2193.4,2193.6,76,1,11
9:31:44,2193.2,2193,2193.2,23,6,31
9:31:45,2193.4,2193.2,2193.4,84,1,29
9:31:45,2193,2193,2193.2,19,3,48
9:31:46,2192.8,2192.8,2193,21,18,8
9:31:46,2193,2192.8,2193,21,12,6
9:31:47,2193.4,2193.4,2194,137,27,5
9:31:47,2193.6,2193.6,2194,23,28,1
9:31:48,2193.6,2193.4,2193.8,51,57,2
9:31:48,2193.8,2193.4,2193.8,12,58,2
9:31:49,2194,2193.8,2194,10,2,16
9:31:49,2194,2193.6,2194,12,4,13
9:31:50,2194,2193.6,2194,17,8,13
9:31:50,2194,2193.6,2194,14,8,11
9:31:51,2194,2194,2194.2,22,3,4
9:31:51,2193.8,2193.8,2194.2,15,2,1
9:31:52,2193.6,2194,2194.2,10,1,17
9:31:52,2194,2193.8,2194,17,4,6
9:31:53,2193.8,2193.6,2194,12,13,9
9:31:53,2194,2193.6,2193.8,10,7,7
9:31:54,2193.8,2193.6,2193.8,8,4,8
9:31:54,2193.8,2193.8,2194,9,16,20
9:31:55,2193.8,2193.6,2193.8,29,5,33
9:31:55,2193.8,2193.6,2193.8,11,5,28
9:31:56,2193.4,2193.6,2193.8,19,1,26
9:31:56,2193.8,2193.6,2193.8,30,9,4
9:31:57,2193.8,2193.4,2194,46,47,17
9:31:57,2193.8,2193.8,2194,13,12,16
9:31:58,2193.8,2193.8,2194,10,12,21
9:31:58,2193.8,2193.6,2193.8,20,28,8
9:31:59,2193.8,2193.6,2193.8,10,27,3
9:31:59,2193.6,2193.6,2193.8,6,45,20
9:32:00,2193.8,2193.6,2193.8,10,47,12
9:32:00,2193.6,2193.4,2193.6,100,52,61
9:32:01,2193.6,2193.4,2193.6,46,21,66
9:32:01,2193.6,2193.2,2193.4,54,78,11
9:32:02,2193.4,2193.2,2193.6,25,71,63
9:32:02,2193.6,2193.4,2193.6,23,14,62
9:32:03,2193.6,2193.4,2193.6,52,16,28
9:32:03,2193.6,2193.6,2193.8,35,9,10
9:32:04,2193.8,2193.6,2193.8,26,14,7
9:32:04,2193.8,2193.8,2194,38,6,15
9:32:05,2193.6,2193.6,2194,17,34,23
9:32:05,2194,2193.8,2194,22,3,20
9:32:06,2193.8,2193.6,2194,11,9,16
9:32:06,2194,2193.8,2194,15,1,14
9:32:07,2193.6,2193.6,2193.8,13,2,1
9:32:07,2193.8,2193.4,2193.8,16,67,7
9:32:08,2193.8,2193.6,2193.8,18,1,10
9:32:08,2193.8,2193.6,2193.8,14,4,28
9:32:09,2193.6,2193.6,2193.8,14,13,22
9:32:09,2193.6,2193.6,2193.8,24,4,8
9:32:10,2193.6,2193.6,2193.8,12,4,3
9:32:10,2193.6,2193.4,2193.6,13,81,23
9:32:11,2193.4,2193.4,2193.6,8,80,21
9:32:11,2193.6,2193.4,2193.6,26,82,8
9:32:12,2193.8,2193.6,2194,13,5,31
9:32:12,2193.8,2193.6,2194,6,19,37
9:32:13,2193.6,2193.6,2193.8,9,56,15
9:32:13,2193.6,2193.6,2193.8,4,65,12
9:32:14,2194,2193.8,2194,12,2,42
9:32:14,2193.8,2193.8,2194,5,17,41
9:32:15,2193.8,2193.8,2194,2,32,42
9:32:15,2194,2193.8,2194,10,31,34
9:32:16,2194,2193.8,2194,8,48,29
9:32:16,2194,2193.8,2194,12,46,28
9:32:17,2193.8,2193.8,2194,17,32,25
9:32:17,2194,2193.8,2194,13,35,15
9:32:18,2194,2193.8,2194,8,34,9
9:32:18,2194,2193.8,2194,15,33,1
9:32:19,2194,2194,2194.2,10,44,31
9:32:19,2194,2194,2194.2,68,6,32
9:32:20,2194,2193.8,2194,10,37,13
9:32:20,2194,2193.8,2194,43,9,4
9:32:21,2194,2193.8,2194,5,10,33
9:32:21,2193.8,2193.6,2193.8,25,89,2
9:32:22,2193.6,2193.6,2193.8,7,86,23
9:32:22,2193.8,2193.6,2193.8,3,88,32
9:32:23,2193.6,2193.6,2193.8,15,83,30
9:32:23,2193.6,2193.6,2193.8,14,73,36
9:32:24,2193.6,2193.6,2193.8,32,57,21
9:32:24,2193.6,2193.6,2193.8,5,56,19
9:32:25,2193.8,2193.6,2193.8,13,50,12
9:32:25,2193.8,2193.6,2193.8,5,53,11
9:32:26,2193.8,2193.6,2193.8,40,21,4
9:32:26,2193.6,2193.6,2193.8,15,21,1
9:32:27,2193.6,2193.4,2193.6,24,114,27
9:32:27,2193.6,2193.4,2193.6,6,114,21
9:32:28,2193.4,2193.4,2193.6,12,105,30
9:32:28,2193.4,2193.4,2193.6,46,59,31
9:32:29,2193.4,2193.4,2193.6,35,31,24
9:32:29,2193.4,2193.2,2193.4,40,101,33
9:32:30,2193.4,2193.2,2193.4,24,92,53
9:32:30,2193.2,2193.2,2193.4,13,99,47
9:32:31,2193.2,2193.2,2193.4,15,92,47
9:32:31,2193.2,2193.2,2193.4,14,82,47
9:32:32,2193.2,2193,2193.2,110,141,23
9:32:32,2193.2,2193,2193.2,12,143,21
9:32:33,2193,2193,2193.2,69,76,24
9:32:33,2192.8,2192.8,2193.2,88,33,24
9:32:34,2192.8,2192.8,2193,9,26,18
9:32:34,2193,2192.8,2193,24,30,5
9:32:35,2192.8,2192.8,2193.2,31,10,40
9:32:35,2192.6,2192.6,2192.8,13,52,2
9:32:36,2192.8,2192.8,2193,17,13,2
9:32:36,2192.8,2192.8,2193,25,4,2
9:32:37,2192.8,2192.6,2192.8,22,43,35
9:32:37,2192.8,2192.6,2192.8,28,26,26
9:32:38,2192.6,2192.6,2192.8,10,27,32
9:32:38,2192.6,2192.4,2192.8,36,36,27
9:32:39,2192.6,2192.4,2192.6,17,36,2
9:32:39,2192.4,2192.4,2192.8,30,16,22
9:32:40,2192.6,2192.4,2192.6,21,9,1
9:32:40,2192.4,2192.4,2192.8,39,1,19
9:32:41,2192.4,2192.4,2192.6,20,21,2
9:32:41,2192.4,2192.6,2192.8,28,2,15
9:32:42,2192.8,2192.4,2192.8,28,1,17
9:32:42,2192.4,2192.4,2192.6,17,1,1
9:32:43,2192.4,2192.4,2192.6,13,1,2
9:32:43,2192.2,2192.2,2192.4,27,96,6
9:32:44,2192.6,2192.4,2192.6,39,4,1
9:32:44,2192.6,2192.6,2192.8,13,1,24
9:32:45,2192.4,2192.4,2192.6,15,34,1
9:32:45,2192.6,2192.4,2192.6,18,136,7
9:32:46,2192.6,2192.6,2192.8,17,92,30
9:32:46,2192.8,2192.8,2193,36,4,25
9:32:47,2193,2193,2193.2,46,8,30
9:32:47,2193.2,2193,2193.2,9,4,31
9:32:48,2193,2192.8,2193,12,26,7
9:32:48,2193,2192.8,2193,11,24,4
9:32:49,2193,2192.8,2193,11,24,1
9:32:49,2193,2192.8,2193,11,27,3
9:32:50,2192.8,2193,2193.2,17,5,30
9:32:50,2192.8,2192.6,2193.2,37,113,54
9:32:51,2193.2,2193,2193.2,47,1,11
9:32:51,2192.6,2192.6,2192.8,18,104,1
9:32:52,2193,2193,2193.2,11,14,4
9:32:52,2193.4,2193.2,2193.4,15,1,11
9:32:53,2193,2193,2193.2,9,2,2
9:32:53,2193.4,2193,2193.2,5,15,3
9:32:54,2193.2,2193,2193.2,21,6,19
9:32:54,2193.2,2193,2193.2,10,7,18
9:32:55,2193,2192.8,2193,8,56,2
9:32:55,2192.8,2192.8,2193,37,48,11
9:32:56,2193.2,2193,2193.2,18,10,19
9:32:56,2192.8,2192.8,2193,23,36,27
9:32:57,2192.8,2192.8,2193,5,35,25
9:32:57,2192.8,2192.8,2193,3,34,24
9:32:58,2193,2192.8,2193,5,36,22
9:32:58,2193,2192.8,2193,3,48,28
9:32:59,2193,2192.8,2193,15,49,14
9:32:59,2192.8,2193,2193.2,44,1,45
9:33:00,2192.8,2193,2193.2,6,7,45
9:33:00,2193,2192.8,2193.2,49,29,44
9:33:01,2192.6,2192.6,2192.8,42,105,1
9:33:01,2193.2,2192.6,2193.2,35,95,43
9:33:02,2192.6,2192.6,2192.8,24,79,1
9:33:02,2192.6,2192.6,2192.8,12,69,10
9:33:03,2192.6,2192.6,2192.8,17,59,13
9:33:03,2192.6,2192.6,2192.8,11,56,14
9:33:04,2193,2192.8,2193,20,8,27
9:33:04,2192.8,2192.8,2193,16,3,30
9:33:05,2193,2192.8,2193,11,14,26
9:33:05,2193,2192.8,2193.2,15,44,63
9:33:06,2193.2,2193,2193.2,29,40,35
9:33:06,2193,2193,2193.2,47,25,7
9:33:07,2193.2,2193.2,2193.4,15,15,16
9:33:07,2193.4,2193.2,2193.4,12,2,11
9:33:08,2193.4,2193.2,2193.4,6,1,48
9:33:08,2193.4,2193.2,2193.4,33,1,33
9:33:09,2193.2,2193,2193.2,12,107,10
9:33:09,2193.4,2193.2,2193.4,19,3,29
9:33:10,2193.4,2193.2,2193.4,10,17,20
9:33:10,2193.4,2193.2,2193.4,9,29,20
9:33:11,2193.4,2193.2,2193.4,16,34,5
9:33:11,2193.4,2193.2,2193.6,16,25,20
9:33:12,2193.6,2193.4,2193.6,6,2,16
9:33:12,2193.6,2193.4,2193.6,15,1,8
9:33:13,2193.4,2193.4,2193.6,74,11,7
9:33:13,2193.6,2193.6,2193.8,8,11,25
9:33:14,2193.6,2193.6,2193.8,18,5,17
9:33:14,2193.6,2193.4,2193.6,22,22,21
9:33:15,2194,2193.8,2194,52,39,15
9:33:15,2193.8,2193.8,2194,21,34,2
9:33:16,2194,2193.8,2194,14,35,9
9:33:16,2194,2193.8,2194,22,59,8
9:33:17,2194,2193.8,2194,21,59,1
9:33:17,2194,2193.8,2194,23,43,3
9:33:18,2194,2194,2194.2,6,4,27
9:33:18,2194,2193.8,2194,31,35,9
9:33:19,2194,2193.8,2194,14,32,3
9:33:19,2194,2193.8,2194,24,23,6
9:33:20,2194,2193.8,2194,7,20,46
9:33:20,2194,2193.6,2193.8,52,31,12
9:33:21,2193.8,2193.6,2193.8,45,11,9
9:33:21,2193.8,2193.8,2194.2,26,2,44
9:33:22,2193.8,2193.4,2193.6,9,33,2
9:33:22,2193.8,2193.4,2193.8,9,58,10
9:33:23,2194,2193.8,2194,15,27,14
9:33:23,2193.8,2193.8,2194,22,13,12
9:33:24,2193.6,2193.6,2193.8,17,19,31
9:33:24,2193.6,2193.6,2193.8,17,10,78
9:33:25,2193.6,2193.4,2193.8,40,47,66
9:33:25,2193.6,2193.4,2193.6,4,47,7
9:33:26,2193.6,2193.4,2193.6,8,46,4
9:33:26,2193.6,2193.6,2193.8,8,11,66
9:33:27,2193.6,2193.6,2193.8,7,12,66
9:33:27,2193.4,2193.4,2193.6,29,43,21
9:33:28,2193.4,2193.4,2193.6,50,9,8
9:33:28,2193.4,2193.2,2193.4,22,15,27
9:33:29,2193.2,2193,2193.2,18,42,11
9:33:29,2193.2,2193,2193.2,7,39,14
9:33:30,2193,2193,2193.2,28,51,10
9:33:30,2193,2193,2193.2,27,25,10
9:33:31,2193,2193,2193.2,8,34,9
9:33:31,2193.2,2193,2193.2,13,24,8
9:33:32,2193,2192.8,2193,27,58,3
9:33:33,2192.8,2192.8,2193,4,59,1
9:33:33,2193.2,2193,2193.2,8,1,12
9:33:34,2192.8,2192.6,2192.8,61,71,8
9:33:34,2192.8,2192.6,2192.8,32,55,26
9:33:35,2192.6,2192.6,2192.8,26,38,24
9:33:35,2192.4,2192.4,2192.6,97,20,72
9:33:36,2192.4,2192.2,2192.4,25,75,18
9:33:36,2192.2,2192.2,2192.4,72,14,21
9:33:37,2192,2192,2192.2,25,122,42
9:33:37,2192,2192,2192.2,85,44,49
9:33:38,2192,2192,2192.2,37,12,55
9:33:38,2192,2191.8,2192,54,7,28
9:33:39,2192,2191.6,2192,50,25,22
9:33:39,2191.6,2191.6,2191.8,37,3,1
9:33:40,2191.2,2191.2,2191.4,105,57,39
9:33:40,2191,2191,2191.2,145,7,63
9:33:41,2190.6,2190.6,2191,54,326,45
9:33:41,2190.8,2190.8,2191,211,4,34
9:33:42,2191,2191,2191.2,112,40,111
9:33:42,2191,2190.8,2191,121,44,14
9:33:43,2190.8,2190.8,2191,42,47,33
9:33:43,2190.8,2190.8,2191,54,48,21
9:33:44,2190.8,2190.8,2191,47,36,8
9:33:44,2190.8,2190.6,2190.8,70,166,9
9:33:45,2190.6,2190.6,2190.8,26,154,35
9:33:45,2190.8,2190.6,2190.8,54,144,25
9:33:46,2190.6,2190.6,2190.8,113,70,21
9:33:46,2190.8,2190.6,2190.8,76,20,3
9:33:47,2191,2190.6,2191,99,12,5
9:33:47,2190.6,2190.8,2191.2,35,6,31
9:33:48,2190.8,2190.8,2191,18,86,2
9:33:48,2191,2190.8,2191,50,76,22
9:33:49,2191,2191,2191.2,73,6,29
9:33:49,2190.8,2190.8,2191,25,28,21
9:33:50,2190.8,2190.8,2191,28,27,17
9:33:50,2191,2191,2191.2,26,79,39
9:33:51,2191,2191,2191.2,54,62,15
9:33:51,2191,2191,2191.2,41,36,3
9:33:52,2191,2191,2191.2,14,44,12
9:33:52,2191.2,2191,2191.2,7,66,47
9:33:53,2191.2,2191,2191.2,5,88,96
9:33:53,2191.2,2191,2191.2,67,53,97
9:33:54,2191.2,2191,2191.2,65,15,63
9:33:54,2191,2190.8,2191,20,70,16
9:33:55,2191,2190.8,2191,14,63,65
9:33:55,2190.8,2190.8,2191,41,49,58
9:33:56,2190.8,2190.8,2191,19,41,32
9:33:56,2191,2190.8,2191,28,51,20
9:33:57,2191,2190.8,2191,38,24,44
9:33:57,2191.2,2191,2191.2,61,8,28
9:33:58,2191,2191,2191.2,13,7,34
9:33:58,2191,2191,2191.2,54,116,9
9:33:59,2191.2,2191.2,2191.4,34,14,8
9:33:59,2191.4,2191.4,2191.6,62,24,40
9:34:00,2191.4,2191.4,2191.6,38,13,41
9:34:00,2191.4,2191.2,2191.4,38,27,6
9:34:01,2191,2191.2,2191.4,41,5,8
9:34:01,2191,2191.2,2191.4,22,9,35
9:34:02,2191,2191,2191.4,19,105,41
9:34:02,2191.4,2191.2,2191.4,24,6,40
9:34:03,2191.4,2191,2191.2,32,94,1
9:34:03,2191,2191,2191.2,15,92,4
9:34:04,2191.2,2191,2191.2,16,81,10
9:34:04,2191,2191,2191.2,13,103,20
9:34:05,2191,2191,2191.2,46,83,7
9:34:05,2191.2,2191.2,2191.4,34,2,39
9:34:06,2191.2,2191,2191.2,21,73,30
9:34:06,2191.2,2191,2191.2,8,68,27
9:34:07,2191.2,2191,2191.2,33,46,55
9:34:07,2191,2190.8,2191,66,32,50
9:34:08,2190.8,2190.6,2190.8,39,99,10
9:34:08,2190.6,2190.6,2190.8,27,76,12
9:34:09,2190.8,2190.6,2190.8,10,73,13
9:34:09,2191,2190.8,2191,104,27,94
9:34:10,2190.8,2190.8,2191,37,1,100
9:34:10,2191,2190.4,2190.8,8,66,5
9:34:11,2190.6,2190.4,2190.6,64,24,13
9:34:11,2190.4,2190.2,2190.4,41,105,32
9:34:12,2190.2,2190.2,2190.4,92,27,26
9:34:12,2190,2190,2190.4,39,148,26
9:34:13,2190.4,2190,2190.2,145,74,3
9:34:13,2190.4,2190,2190.2,51,44,1
9:34:14,2190,2190.2,2190.4,95,10,2
9:34:14,2190.2,2190.4,2190.6,33,2,9
9:34:15,2190.6,2190.2,2190.6,20,39,11
9:34:15,2190.4,2190.4,2190.6,27,2,7
9:34:16,2190.6,2190.6,2190.8,30,27,28
9:34:16,2190.6,2190.4,2190.6,36,27,1
9:34:17,2190.6,2190.4,2190.6,6,16,50
9:34:17,2190.4,2190.4,2190.6,24,7,49
9:34:18,2190.4,2190.2,2190.4,25,19,5
9:34:18,2190.6,2190.6,2190.8,72,15,35
9:34:19,2190.6,2190.6,2190.8,35,15,37
9:34:19,2190.4,2190.4,2190.8,24,6,31
9:34:20,2190.6,2190.2,2190.6,26,14,15
9:34:20,2190.4,2190.4,2190.6,3,2,23
9:34:21,2190.2,2190,2190.2,29,45,20
9:34:21,2190.4,2190,2190.4,47,35,13
9:34:22,2190.4,2190,2190.4,59,15,12
9:34:22,2190.4,2190.4,2190.6,41,2,20
9:34:23,2190.2,2190.2,2190.6,8,7,18
9:34:23,2190.2,2190.2,2190.6,8,28,16
9:34:24,2190.6,2190.4,2190.6,27,47,16
9:34:24,2190.4,2190.4,2190.6,37,52,4
9:34:25,2190.6,2190.6,2190.8,8,55,40
9:34:25,2190.8,2190.6,2190.8,41,40,28
9:34:26,2190.6,2190.6,2190.8,8,36,26
9:34:26,2190.8,2190.6,2190.8,25,21,22
9:34:27,2190.8,2190.6,2190.8,13,14,27
9:34:27,2190.8,2190.6,2190.8,6,15,27
9:34:28,2190.6,2190.4,2190.6,20,45,8
9:34:28,2190.6,2190.4,2190.6,8,45,7
9:34:29,2190.8,2190.6,2190.8,11,2,22
9:34:29,2190.6,2190.6,2190.8,4,11,23
9:34:30,2190.6,2190.6,2190.8,12,8,16
9:34:30,2190.8,2190.6,2190.8,20,1,17
9:34:31,2190.6,2190.6,2190.8,5,11,16
9:34:31,2190.8,2190.6,2190.8,8,17,13
9:34:32,2190.6,2190.6,2190.8,16,13,3
9:34:32,2191,2190.8,2191,25,16,36
9:34:33,2191,2190.8,2191,15,7,31
9:34:33,2190.8,2190.8,2191,3,10,30
9:34:34,2190.8,2190.8,2191,19,12,18
9:34:34,2190.8,2190.8,2191,9,4,17
9:34:35,2191,2190.8,2191,7,3,14
9:34:35,2190.8,2190.6,2190.8,19,17,3
9:34:36,2190.8,2190.6,2190.8,5,17,4
9:34:36,2190.8,2190.8,2191,11,6,36
9:34:37,2191,2190.8,2191,18,6,26
9:34:37,2191,2191,2191.2,31,2,48
9:34:38,2191.2,2191,2191.2,20,3,29
9:34:38,2191.2,2190.8,2191.2,17,15,33
9:34:39,2191.2,2190.6,2191.2,22,25,34
9:34:39,2191,2190.8,2191,22,8,28
9:34:40,2191.2,2191,2191.2,39,6,21
9:34:40,2190.8,2190.6,2190.8,34,10,5
9:34:41,2191,2190.6,2191,22,12,12
9:34:41,2190.8,2190.8,2191,14,1,10
9:34:42,2191,2190.6,2191,21,4,10
9:34:42,2190.6,2190.6,2191,3,3,17
9:34:43,2190.6,2190.6,2190.8,8,4,1
9:34:43,2190.8,2190.6,2191,7,3,29
9:34:44,2191,2190.8,2191,4,1,28
9:34:44,2190.8,2190.8,2191,4,1,29
9:34:45,2191,2190.8,2191,3,1,29
9:34:45,2190.8,2190.6,2190.8,12,42,5
9:34:46,2190.8,2190.6,2190.8,7,41,24
9:34:46,2190.8,2190.6,2190.8,6,45,19
9:34:47,2190.6,2190.6,2190.8,8,49,15
9:34:47,2190.8,2190.6,2190.8,5,52,23
9:34:48,2190.8,2190.6,2190.8,9,52,18
9:34:48,2190.8,2190.6,2190.8,10,63,12
9:34:49,2190.8,2190.6,2190.8,10,61,12
9:34:49,2190.8,2190.6,2190.8,10,72,5
9:34:50,2190.8,2190.8,2191,18,51,37
9:34:50,2191,2190.8,2191,8,58,35
9:34:51,2190.8,2190.8,2191,15,59,26
9:34:51,2190.8,2190.8,2191,7,51,27
9:34:52,2191,2190.8,2191,12,47,26
9:34:52,2191,2190.8,2191,17,38,20
9:34:53,2191,2190.8,2191,9,32,18
9:34:53,2191,2190.8,2191,8,33,17
9:34:54,2191,2190.8,2191,15,28,10
9:34:54,2191,2190.8,2191,10,20,9
9:34:55,2191,2191,2191.2,25,9,31
9:34:55,2191.2,2191,2191.2,9,17,25
9:34:56,2191,2191,2191.2,11,16,21
9:34:56,2191.2,2191,2191.2,9,25,15
9:34:57,2191.2,2191,2191.2,8,25,10
9:34:57,2191.2,2191,2191.4,19,17,47
9:34:58,2191.4,2191.2,2191.4,12,6,41
9:34:58,2191.2,2191.2,2191.4,12,1,41
9:34:59,2191.4,2191,2191.4,14,8,39
9:34:59,2191,2191,2191.2,15,4,16
9:35:00,2191.2,2191,2191.2,5,12,22
9:35:00,2190.8,2190.8,2191.2,46,10,45
9:35:01,2190.8,2190.8,2191,92,3,30
9:35:01,2191,2190.6,2191,87,1,14
9:35:02,2190.8,2190.4,2190.6,29,19,1
9:35:02,2190.4,2190.4,2190.8,17,7,29
9:35:03,2190.2,2190.2,2190.6,9,129,3
9:35:03,2190.4,2190.2,2190.4,7,128,4
9:35:04,2190.4,2190.2,2190.4,13,125,6
9:35:04,2190.2,2190.4,2190.6,17,2,2
9:35:05,2190.6,2190.6,2190.8,17,12,30
9:35:05,2190.6,2190.6,2190.8,6,8,29
9:35:06,2190.4,2190.4,2190.6,11,7,13
9:35:06,2190.4,2190.4,2190.6,2,8,13
9:35:07,2190.6,2190.4,2190.6,5,34,12
9:35:07,2190.4,2190.4,2190.6,28,9,10
9:35:08,2190.6,2190.4,2190.6,5,30,19
9:35:08,2190.4,2190.4,2190.6,23,10,17
9:35:09,2190.4,2190.2,2190.4,21,123,17
9:35:09,2190.4,2190.2,2190.4,22,123,20
9:35:10,2190.2,2190.2,2190.4,19,116,15
9:35:10,2190.2,2190.2,2190.4,35,109,8
9:35:11,2190.4,2190.4,2190.6,41,2,8
9:35:11,2190.2,2190.2,2190.4,55,32,28
9:35:12,2190.2,2190.2,2190.4,35,4,28
9:35:12,2190.2,2190,2190.2,56,195,71
9:35:13,2190,2190,2190.2,76,125,72
9:35:13,2190,2190,2190.2,81,45,81
9:35:14,2189.8,2189.8,2190,64,70,141
9:35:14,2189.8,2189.6,2189.8,79,59,18
9:35:15,2189.4,2189.4,2189.6,79,21,1
9:35:15,2189.6,2189.6,2189.8,51,13,15
9:35:16,2190,2189.8,2190,32,22,199
9:35:16,2190,2189.8,2190,60,19,191
9:35:17,2190,2189.8,2190,29,34,181
9:35:17,2189.8,2189.8,2190,21,20,163
9:35:18,2190,2189.8,2190,13,14,156
9:35:18,2190,2189.6,2190,45,9,140
9:35:19,2189.6,2189.4,2189.6,40,16,1
9:35:19,2189.6,2189.6,2189.8,21,1,2
9:35:20,2189.6,2189.6,2190,12,1,104
9:35:20,2189.6,2189.4,2189.6,51,8,6
9:35:21,2189.6,2189.4,2189.6,11,6,10
9:35:21,2189.6,2189.4,2189.8,35,8,8
9:35:22,2189.4,2189.2,2189.4,19,123,16
9:35:22,2189.4,2189.4,2189.6,30,2,6
9:35:23,2189.6,2189.6,2189.8,17,1,3
9:35:23,2189.6,2189.4,2189.6,31,1,1
9:35:24,2189.6,2189.4,2189.8,19,17,18
9:35:24,2189.6,2189.6,2189.8,6,41,27
9:35:25,2189.6,2189.6,2189.8,15,47,16
9:35:25,2189.8,2189.8,2190,27,16,67
9:35:26,2190,2189.8,2190,7,15,64
9:35:26,2189.8,2189.8,2190,2,21,65
9:35:27,2190,2189.8,2190,27,39,28
9:35:27,2190,2189.8,2190,21,37,18
9:35:28,2190,2189.8,2190,16,37,6
9:35:28,2189.8,2189.8,2190,4,38,23
9:35:29,2190,2189.8,2190,6,38,37
9:35:29,2190,2189.8,2190,9,35,33
9:35:30,2190,2189.8,2190,28,8,52
9:35:30,2190,2189.8,2190,26,5,51
9:35:31,2189.8,2189.6,2189.8,16,41,4
9:35:31,2189.8,2189.6,2189.8,6,42,1
9:35:32,2189.8,2189.6,2189.8,20,28,1
9:35:32,2189.8,2189.8,2190,20,6,58
9:35:33,2189.8,2189.8,2190,13,58,81
9:35:33,2190,2189.8,2190,18,53,68
9:35:34,2190,2189.8,2190,33,43,44
9:35:34,2190,2189.8,2190,40,56,2
9:35:35,2190,2190,2190.2,12,22,27
9:35:35,2190,2190,2190.2,14,36,16
9:35:36,2190.2,2190,2190.2,15,22,17
9:35:36,2190.2,2190,2190.2,12,22,11
9:35:37,2190,2190,2190.2,6,30,9
9:35:37,2190,2190,2190.2,12,29,19
9:35:38,2190.2,2190,2190.2,7,25,19
9:35:38,2190,2190,2190.2,5,23,25
9:35:39,2190.2,2190.2,2190.4,41,5,34
9:35:39,2190.2,2190.2,2190.4,3,2,42
9:35:40,2190.2,2190,2190.2,13,18,3
9:35:40,2190.2,2190,2190.2,9,11,16
9:35:41,2190,2190,2190.2,9,4,24
9:35:41,2190,2189.8,2190,6,74,6
9:35:42,2189.8,2189.8,2190,28,53,8
9:35:42,2190.2,2189.8,2190.2,16,54,104
9:35:43,2189.8,2189.8,2190,10,52,12
9:35:43,2189.8,2189.8,2190,32,21,18
9:35:44,2189.8,2189.8,2190,26,10,29
9:35:44,2189.8,2189.8,2190,11,9,46
9:35:45,2189.8,2189.6,2189.8,14,47,5
9:35:45,2189.8,2189.6,2189.8,4,47,3
9:35:46,2189.8,2189.8,2190,12,2,29
9:35:46,2190,2189.8,2190,3,3,29
9:35:47,2190,2189.8,2190,11,8,22
9:35:47,2190,2189.8,2190,3,12,21
9:35:48,2190,2189.8,2190,3,21,18
9:35:48,2190,2189.8,2190,17,22,16
9:35:49,2189.8,2189.8,2190,8,19,16
9:35:49,2190,2190,2190.2,21,1,94
9:35:50,2190.2,2189.8,2190,5,22,1
9:35:50,2190.2,2189.8,2190,2,44,1
9:35:51,2189.8,2189.8,2190,1,54,2
9:35:51,2190,2190,2190.2,10,25,92
9:35:52,2190.2,2190,2190.2,21,31,71
9:35:52,2190.2,2190,2190.2,29,21,60
9:35:53,2190,2190,2190.2,35,43,29
9:35:53,2190.2,2190.2,2190.4,31,33,50
9:35:54,2190.2,2190.2,2190.4,11,47,43
9:35:54,2190.4,2190.2,2190.4,21,45,25
9:35:55,2190.4,2190.2,2190.4,7,43,21
9:35:55,2190.6,2190.2,2190.4,38,27,10
9:35:56,2190.2,2190.2,2190.4,4,50,8
9:35:56,2190.4,2190.2,2190.4,3,48,9
9:35:57,2190.6,2190.4,2190.6,14,6,23
9:35:57,2190.4,2190.2,2190.4,13,48,18
9:35:58,2190.4,2190.4,2190.6,40,42,20
9:35:58,2190.4,2190.4,2190.6,4,39,20
9:35:59,2190.6,2190.4,2190.6,3,45,22
9:35:59,2190.6,2190.4,2190.6,11,43,20
9:36:00,2190.6,2190.4,2190.6,3,45,17
9:36:00,2190.4,2190.4,2190.6,55,21,5
9:36:01,2190.6,2190.6,2190.8,19,15,10
9:36:01,2190.8,2190.8,2191,20,1,44
9:36:02,2190.8,2190.6,2190.8,93,21,19
9:36:02,2190.8,2190.6,2190.8,8,23,16
9:36:03,2190.8,2190.8,2191,25,12,2
9:36:03,2191.2,2190.8,2191.2,12,9,11
9:36:04,2191.2,2191,2191.2,6,3,21
9:36:04,2191.2,2190.8,2191,23,29,1
9:36:05,2190.8,2190.6,2190.8,67,38,12
9:36:05,2190.8,2190.8,2191,34,2,10
9:36:06,2190.6,2190.8,2191,22,1,40
9:36:06,2190.6,2190.8,2191,56,5,2
9:36:07,2191,2191,2191.2,14,3,20
9:36:07,2191,2190.8,2191,7,18,10
9:36:08,2190.8,2190.8,2191,9,13,10
9:36:08,2191,2190.8,2191,8,14,3
9:36:09,2191,2191,2191.2,11,6,20
9:36:09,2191.2,2191,2191.2,6,9,16
9:36:10,2191,2191,2191.2,34,16,6
9:36:10,2191,2191,2191.2,16,8,2
9:36:11,2191.2,2191,2191.2,15,14,13
9:36:11,2191,2190.8,2191,23,38,2
9:36:12,2191,2191,2191.2,10,1,21
9:36:12,2191.2,2191.2,2191.4,26,3,39
9:36:13,2191,2190.8,2191,15,38,19
9:36:13,2191,2190.8,2191,20,25,22
9:36:14,2191,2190.8,2191,23,23,1
9:36:14,2191.2,2191,2191.2,22,6,14
9:36:15,2191,2191,2191.2,11,3,22
9:36:15,2191.2,2191,2191.2,7,5,21
9:36:16,2191,2190.8,2191,19,19,9
9:36:16,2191.2,2191,2191.2,35,10,10
9:36:17,2191.2,2191.2,2191.4,13,47,99
9:36:17,2191.4,2191.2,2191.4,35,30,74
9:36:18,2191.4,2191.2,2191.4,22,27,58
9:36:18,2191.4,2191.2,2191.4,23,29,37
9:36:19,2191.4,2191.2,2191.4,30,26,10
9:36:19,2191.4,2191.2,2191.4,29,31,8
9:36:20,2191.6,2191.4,2191.6,29,13,59
9:36:20,2191.4,2191.4,2191.6,11,10,64
9:36:21,2191.6,2191.4,2191.6,21,4,55
9:36:21,2191.4,2191.4,2191.6,11,3,50
9:36:22,2191.4,2191.2,2191.4,19,41,1
9:36:22,2191.6,2191.4,2191.6,22,1,27
9:36:23,2191.4,2191.2,2191.4,21,32,2
9:36:23,2191.8,2191.6,2191.8,30,1,60
9:36:24,2191.6,2191.4,2191.6,11,7,2
9:36:24,2191.6,2191.4,2191.6,29,22,56
9:36:25,2191.4,2191.4,2191.6,12,25,47
9:36:25,2191.4,2191.4,2191.6,21,3,47
9:36:26,2191.6,2191.4,2191.6,34,3,29
9:36:26,2191.4,2191.4,2191.6,3,3,28
9:36:27,2191.6,2191.4,2191.6,16,30,19
9:36:27,2191.4,2191.4,2191.6,20,10,5
9:36:28,2191.6,2191.6,2191.8,37,2,21
9:36:28,2191.6,2191.6,2191.8,11,1,21
9:36:29,2191.6,2191.6,2191.8,7,2,28
9:36:29,2191.6,2191.6,2191.8,15,21,24
9:36:30,2191.8,2191.6,2191.8,6,3,24
9:36:30,2191.6,2191.6,2192,41,2,33
9:36:31,2192,2191.8,2192,4,14,66
9:36:31,2192,2191.8,2192,43,14,51
9:36:32,2192,2191.8,2192,49,15,8
9:36:32,2192.2,2192,2192.2,15,2,15
9:36:33,2192.2,2192,2192.2,17,5,2
9:36:33,2192,2192.2,2192.4,11,1,30
9:36:34,2192.4,2192.2,2192.4,27,3,19
9:36:34,2192.2,2192,2192.2,23,24,10
9:36:35,2192.2,2192.2,2192.4,21,6,19
9:36:35,2192.2,2192.2,2192.4,14,4,27
9:36:36,2192.2,2192.2,2192.4,16,2,45
9:36:36,2192.2,2192,2192.2,25,23,8
9:36:37,2192.2,2192,2192.2,40,1,38
9:36:37,2192.2,2192,2192.2,10,1,51
9:36:38,2191.8,2191.6,2191.8,35,38,14
9:36:38,2191.8,2191.6,2191.8,51,6,3
9:36:39,2192,2191.8,2192,9,2,35
9:36:39,2192,2191.8,2192,8,2,48
9:36:40,2192,2191.8,2192,6,1,61
9:36:40,2191.8,2191.8,2192,10,1,72
9:36:41,2191.6,2191.6,2191.8,13,2,14
9:36:41,2191.8,2191.6,2191.8,11,5,17
9:36:42,2191.6,2191.6,2191.8,29,7,29
9:36:42,2191.6,2191.6,2191.8,32,6,18
9:36:43,2191.6,2191.4,2191.6,22,22,15
9:36:43,2191.6,2191.4,2191.6,6,42,51
9:36:44,2191.6,2191.4,2191.6,8,39,71
9:36:44,2191.4,2191.4,2191.6,11,34,63
9:36:45,2191.6,2191.4,2191.6,36,6,55
9:36:45,2191.6,2191.4,2191.6,3,6,53
9:36:46,2191.6,2191.4,2191.6,52,1,9
9:36:46,2191.6,2191.2,2191.6,12,39,1
9:36:47,2191.8,2191.6,2191.8,2,1,27
9:36:47,2191.6,2191.4,2191.6,3,6,3
9:36:48,2191.6,2191.6,2191.8,13,31,29
9:36:48,2191.8,2191.6,2191.8,11,30,31
9:36:49,2191.8,2191.6,2191.8,29,20,14
9:36:49,2191.8,2191.6,2191.8,7,23,9
9:36:50,2191.8,2191.6,2191.8,21,20,8
9:36:50,2191.8,2191.6,2191.8,18,8,3
9:36:51,2191.8,2191.8,2192,7,14,57
9:36:51,2191.8,2191.8,2192,9,7,56
9:36:52,2191.8,2191.8,2192,5,10,53
9:36:52,2191.8,2191.8,2192,11,3,49
9:36:53,2192,2191.8,2192,9,2,56
9:36:53,2191.8,2191.6,2191.8,5,27,7
9:36:54,2192,2191.6,2192,19,26,48
9:36:54,2191.8,2191.6,2191.8,10,22,41
9:36:55,2191.8,2191.6,2191.8,18,44,26
9:36:55,2191.8,2191.6,2191.8,1,65,26
9:36:56,2191.4,2191.4,2191.6,77,30,56
9:36:56,2191.6,2191.4,2191.6,38,7,53
9:36:57,2191.6,2191.4,2191.6,5,7,50
9:36:57,2191.6,2191.4,2191.6,28,4,28
9:36:58,2191.6,2191.4,2191.6,12,5,17
9:36:59,2191.4,2191.4,2191.6,2,13,25
9:36:59,2191.4,2191.4,2191.6,7,6,25
9:37:00,2191.4,2191.4,2191.6,8,1,24
9:37:00,2191.4,2191.2,2191.4,3,57,1
9:37:01,2191.2,2191.2,2191.4,19,40,12
9:37:01,2191.2,2191.2,2191.4,30,12,23
9:37:02,2191.2,2191.2,2191.6,40,5,22
9:37:02,2191.2,2191,2191.2,8,40,3
9:37:03,2191,2191,2191.2,13,35,50
9:37:03,2191,2191,2191.2,5,33,50
9:37:04,2190.8,2190.8,2191,53,16,30
9:37:04,2190.8,2190.8,2191,14,12,22
9:37:05,2190.6,2190.6,2191,25,42,21
9:37:05,2191,2190.8,2191,18,1,21
9:37:06,2190.6,2190.6,2191,7,30,33
9:37:06,2191,2190.6,2191,9,40,33
9:37:07,2190.8,2190.6,2190.8,5,39,1
9:37:07,2190.8,2190.8,2191,16,6,34
9:37:08,2191,2190.8,2191,36,7,5
9:37:08,2190.8,2190.8,2191,24,13,4
9:37:09,2191,2190.8,2191.2,10,17,53
9:37:09,2190.8,2190.8,2191,7,16,1
9:37:10,2190.8,2190.8,2191,3,19,5
9:37:10,2190.8,2190.8,2191,6,16,6
9:37:11,2191,2190.8,2191,11,6,8
9:37:11,2190.6,2190.6,2190.8,9,36,10
9:37:12,2190.8,2190.6,2190.8,5,35,11
9:37:12,2191,2191,2191.2,38,2,64
9:37:13,2190.8,2190.8,2191,7,43,1
9:37:13,2190.8,2190.8,2191,18,44,30
9:37:14,2190.8,2190.8,2191,19,44,20
9:37:14,2191,2190.8,2191,25,21,19
9:37:15,2190.8,2190.8,2191,4,18,22
9:37:15,2190.8,2190.8,2191,17,14,5
9:37:16,2191,2190.6,2190.8,30,40,2
9:37:16,2190.8,2190.6,2190.8,5,42,5
9:37:17,2190.8,2190.6,2190.8,6,37,42
9:37:17,2190.6,2190.6,2190.8,23,20,52
9:37:18,2190.6,2190.4,2190.6,25,21,7
9:37:18,2190.6,2190.4,2190.6,1,21,37
9:37:19,2190.4,2190.2,2190.4,22,40,3
9:37:19,2190.2,2190.2,2190.4,10,37,30
9:37:20,2190,2190,2190.2,53,84,1
9:37:20,2190,2190,2190.2,19,69,7
9:37:21,2190,2190,2190.2,43,33,13
9:37:21,2190,2190,2190.2,31,6,11
9:37:22,2190,2189.6,2189.8,44,51,3
9:37:22,2189.6,2189.6,2189.8,21,50,2
9:37:23,2190,2189.8,2190,11,63,38
9:37:23,2189.8,2189.8,2190.4,70,57,25
9:37:24,2190.4,2190,2190.4,54,32,11
9:37:24,2190,2190,2190.4,20,21,11
9:37:25,2190,2190,2190.4,19,31,9
9:37:25,2190,2190.2,2190.4,4,3,28
9:37:26,2190.2,2190,2190.2,20,35,3
9:37:26,2190.2,2190,2190.2,21,31,22
9:37:27,2190,2190,2190.2,9,24,25
9:37:27,2190,2190,2190.2,11,16,27
9:37:28,2190,2189.8,2190.2,28,14,27
9:37:28,2189.8,2189.8,2190,8,7,2
9:37:29,2190,2189.8,2190,4,11,20
9:37:29,2189.8,2189.8,2190,14,3,25
9:37:30,2189.8,2189.6,2189.8,10,43,27
9:37:30,2189.6,2189.6,2190,42,29,64
9:37:31,2189.8,2189.6,2189.8,10,28,51
9:37:31,2189.6,2189.4,2189.6,44,40,2
9:37:32,2189.6,2189.4,2189.6,16,29,2
9:37:32,2189.4,2189.4,2189.6,11,24,32
9:37:33,2189.2,2189.2,2189.4,44,63,23
9:37:33,2189.2,2189.2,2189.4,41,51,21
9:37:34,2189.2,2189.2,2189.4,48,29,26
9:37:34,2189.4,2189.2,2189.8,106,1,53
9:37:35,2189,2189,2189.2,70,200,6
9:37:35,2189.2,2189.2,2189.6,71,10,32
9:37:36,2189.2,2189.2,2189.6,29,34,30
9:37:36,2189.2,2189.2,2189.6,16,54,34
9:37:37,2189.4,2189.4,2189.6,37,4,29
9:37:37,2189.6,2189.2,2189.6,26,30,37
9:37:38,2189.6,2189.4,2189.6,44,2,30
9:37:38,2189.6,2189.4,2189.6,19,5,24
9:37:39,2189.4,2189.2,2189.4,10,3,8
9:37:39,2189.4,2189.2,2189.4,2,5,9
9:37:40,2189.4,2189.4,2189.6,11,1,20
9:37:40,2189.4,2189.2,2189.4,21,36,27
9:37:41,2189.4,2189.2,2189.4,11,37,25
9:37:41,2189.4,2189.2,2189.4,6,39,23
9:37:42,2189.4,2189.2,2189.4,15,35,13
9:37:42,2189.4,2189.4,2189.6,30,57,23
9:37:43,2189.6,2189.6,2189.8,29,4,55
9:37:43,2189.6,2189.6,2189.8,4,2,56
9:37:44,2189.8,2189.6,2189.8,5,7,66
9:37:44,2189.8,2189.6,2189.8,30,3,45
9:37:45,2189.8,2189.8,2190,73,39,52
9:37:45,2190,2189.8,2190,14,37,42
9:37:46,2190,2189.8,2190,11,36,33
9:37:46,2190,2189.8,2190,18,38,26
9:37:47,2190,2189.8,2190,15,34,17
9:37:47,2190,2189.8,2190,6,31,13
9:37:48,2189.8,2189.8,2190,29,15,15
9:37:48,2190,2189.8,2190,28,4,14
9:37:49,2189.8,2189.6,2189.8,7,7,4
9:37:49,2189.8,2189.6,2190,22,7,29
9:37:50,2189.8,2189.8,2190,20,37,24
9:37:50,2189.8,2189.8,2190,5,33,27
9:37:51,2189.8,2189.8,2190,6,29,26
9:37:51,2189.8,2189.8,2190,2,29,26
9:37:52,2190,2189.8,2190,6,30,21
9:37:52,2190,2189.8,2190,17,39,9
9:37:53,2190,2190,2190.2,12,18,15
