9:14:00,2245,2245,2245.2,232,4,5
9:15:00,2246,2245.4,2246,162,2,6
9:15:01,2246.2,2246,2246.2,58,1,43
9:15:01,2246.2,2245.6,2246.6,103,1,3
9:15:02,2246.2,2245.8,2246.2,89,37,11
9:15:02,2246.2,2245.8,2246,61,12,4
9:15:03,2246,2246,2246.2,62,1,4
9:15:03,2245.8,2245.8,2246,34,2,5
9:15:04,2246,2245.4,2246.4,28,23,5
9:15:04,2245.8,2245.6,2245.8,28,2,2
9:15:05,2246,2245.8,2246,26,5,1
9:15:05,2245.6,2245.4,2245.8,16,23,1
9:15:06,2245.8,2245.8,2246,18,7,23
9:15:06,2245.6,2245.6,2246,34,13,9
9:15:07,2245.4,2245.4,2245.6,24,8,18
9:15:07,2245.4,2245.4,2245.8,41,4,7
9:15:08,2245.6,2245.4,2245.6,24,1,16
9:15:08,2245.2,2245.2,2245.4,22,101,19
9:15:09,2245.2,2245.2,2245.4,37,84,2
9:15:09,2245.4,2245.2,2245.4,41,62,8
9:15:10,2245.4,2245.2,2245.4,60,11,5
9:15:10,2245.4,2245,2245.2,34,111,4
9:15:11,2245,2245,2245.2,20,97,9
9:15:11,2245.2,2245.2,2245.8,31,2,24
9:15:12,2245.4,2245.2,2245.4,35,14,5
9:15:12,2245.4,2245.2,2245.4,7,27,7
9:15:13,2245.4,2245.4,2245.6,50,6,26
9:15:13,2245.4,2245.4,2245.6,13,1,12
9:15:14,2245.6,2245,2245.6,26,72,7
9:15:14,2245.4,2245.2,2245.4,3,31,3
9:15:15,2245.6,2245,2245.4,48,74,1
9:15:15,2245.8,2245.6,2245.8,10,3,32
9:15:16,2245.4,2245.4,2245.8,129,10,14
9:15:16,2245.4,2245.4,2245.8,34,4,2
9:15:17,2245.6,2245.4,2246,51,21,9
9:15:17,2246,2246,2246.2,9,7,4
9:15:18,2246.4,2246.4,2246.6,9,47,2
9:15:18,2246.6,2246.6,2246.8,7,59,8
9:15:19,2247,2246.8,2247,37,41,30
9:15:19,2247,2247,2247.2,83,2,1
9:15:20,2247.4,2247.4,2247.8,12,3,29
9:15:20,2247.2,2247.2,2247.4,32,9,1
9:15:21,2247,2246.6,2247,92,56,3
9:15:21,2246.8,2246.6,2246.8,17,52,9
9:15:22,2246.8,2246.6,2246.8,45,43,2
9:15:22,2246.6,2246.6,2246.8,24,39,4
9:15:23,2246.8,2246.6,2246.8,36,24,14
9:15:23,2246.8,2246.6,2246.8,13,16,30
9:15:24,2246.8,2246.6,2246.8,29,3,15
9:15:24,2246.8,2246.8,2247,24,15,2
9:15:25,2247,2246.6,2247,24,4,1
9:15:25,2247,2246.8,2247,20,4,4
9:15:26,2247,2246.6,2247,12,31,3
9:15:26,2246.6,2246.6,2247,18,39,1
9:15:27,2246.6,2246.6,2247,10,40,23
9:15:27,2246.8,2246.6,2246.8,12,43,2
9:15:28,2246.8,2246.6,2247,14,33,85
9:15:28,2246.6,2246.6,2246.8,22,19,10
9:15:29,2246.6,2246.6,2246.8,19,1,9
9:15:29,2246.2,2246.2,2246.4,7,15,33
9:15:30,2246.4,2246.2,2246.4,49,5,33
9:15:30,2246.2,2246.2,2246.4,13,5,23
9:15:31,2246.6,2245.8,2246,83,11,7
9:15:31,2245.4,2245.4,2245.6,18,24,7
9:15:32,2245.6,2245.4,2245.6,28,10,12
9:15:32,2245.6,2245.4,2245.6,12,17,2
9:15:33,2246,2245.2,2245.4,53,73,1
9:15:33,2245.4,2245.4,2246,10,3,2
9:15:34,2245.4,2245.4,2245.8,21,2,5
9:15:34,2245.6,2245.6,2245.8,9,5,11
9:15:35,2246,2245.2,2246,22,72,8
9:15:35,2245.6,2245.4,2245.6,3,3,1
9:15:36,2245.2,2245.4,2245.6,4,2,5
9:15:36,2245.4,2245.4,2245.8,8,4,12
9:15:37,2245.8,2245.8,2246,12,3,11
9:15:37,2245.8,2245.6,2246,13,2,3
9:15:38,2245.6,2245.4,2245.6,16,29,1
9:15:38,2246,2245.8,2246,8,1,1
9:15:39,2246,2245.6,2246,3,17,3
9:15:39,2245.8,2245.8,2246,4,4,4
9:15:40,2246,2245.8,2246,8,4,2
9:15:40,2246,2245.8,2246,3,3,9
9:15:41,2246,2245.8,2246,1,4,8
9:15:41,2246,2246,2246.2,12,5,49
9:15:42,2246,2246,2246.2,4,15,48
9:15:42,2246,2246,2246.2,11,16,49
9:15:43,2246,2246,2246.2,5,13,48
9:15:43,2246,2246,2246.2,6,13,44
9:15:44,2246,2246,2246.2,1,13,44
9:15:44,2245.8,2245.8,2246.2,20,1,43
9:15:45,2246,2246,2246.2,6,3,38
9:15:45,2246,2245.8,2246,5,1,3
9:15:46,2246,2246,2246.2,9,1,39
9:15:46,2246,2245.6,2245.8,3,18,2
9:15:47,2246,2245.6,2246,14,25,61
9:15:47,2246,2245.8,2246,10,10,61
9:15:48,2245.8,2245.6,2245.8,23,21,16
9:15:48,2245.8,2245.6,2245.8,5,23,13
9:15:49,2245.8,2245.6,2245.8,15,16,14
9:15:49,2245.6,2245.6,2245.8,15,5,25
9:15:50,2245.8,2245.6,2245.8,5,17,20
9:15:50,2245.6,2245.6,2245.8,11,5,21
9:15:51,2245.6,2245.4,2245.6,20,60,3
9:15:51,2245.6,2245.6,2245.8,14,2,10
9:15:52,2245.6,2245.6,2245.8,4,5,5
9:15:52,2245.6,2245.6,2245.8,11,4,3
9:15:53,2245.4,2245.6,2245.8,8,14,6
9:15:53,2245.6,2245.6,2245.8,4,26,3
9:15:54,2245.8,2245.6,2246,5,26,64
9:15:54,2245.6,2245.6,2246,4,23,65
9:15:55,2246,2245.8,2246,3,5,61
9:15:55,2245.8,2245.8,2246,8,3,58
9:15:56,2245.8,2245.6,2245.8,11,37,1
9:15:56,2245.6,2245.6,2246,23,18,57
9:15:57,2245.6,2245.6,2245.8,3,16,1
9:15:57,2245.8,2245.6,2246,25,13,40
9:15:58,2246,2245.6,2245.8,6,10,5
9:15:58,2245.6,2245.4,2245.6,12,48,25
9:15:59,2245.6,2245.4,2245.6,1,48,25
9:15:59,2245.6,2245.4,2245.6,19,41,14
9:16:00,2245.4,2245.4,2245.6,46,3,9
9:16:00,2245.2,2245.2,2245.4,53,82,2
9:16:01,2245.6,2245.2,2245.8,20,88,89
9:16:01,2245.8,2245.4,2245.8,6,9,106
9:16:02,2245.2,2245.2,2245.4,19,87,1
9:16:02,2245.6,2245.2,2245.6,31,77,40
9:16:03,2245.4,2245.2,2245.4,10,72,3
9:16:03,2245.2,2245.2,2245.6,28,52,29
9:16:04,2245.4,2245.4,2245.6,4,1,42
9:16:04,2245.2,2245.2,2245.4,21,33,2
9:16:05,2245.4,2245.4,2245.6,11,3,31
9:16:05,2245.4,2245.4,2245.6,1,7,30
9:16:06,2245.2,2245.4,2245.6,13,1,29
9:16:06,2245.6,2245.2,2245.6,3,47,26
9:16:07,2245.4,2245.2,2245.4,4,31,3
9:16:07,2245.4,2245.4,2245.6,5,1,25
9:16:08,2245.6,2245.2,2245.6,11,23,22
9:16:08,2245.2,2245.2,2245.6,2,25,24
9:16:09,2245.6,2245.2,2245.6,15,26,11
9:16:09,2245.2,2245.2,2245.6,5,28,8
9:16:10,2245.2,2245.4,2245.6,7,13,11
9:16:10,2245.4,2245.4,2245.6,1,15,12
9:16:11,2245.6,2245.4,2245.6,5,17,13
9:16:11,2245.4,2245.4,2245.8,29,5,41
9:16:12,2245.6,2245.4,2245.6,34,10,5
9:16:12,2245.6,2245.4,2245.6,13,14,6
9:16:13,2245.6,2245.6,2245.8,8,4,11
9:16:13,2245.8,2245.6,2245.8,5,17,8
9:16:14,2245.8,2245.6,2245.8,14,10,3
9:16:14,2245.8,2245.8,2246,28,4,26
9:16:15,2246,2245.8,2246,6,4,26
9:16:15,2246,2245.8,2246,18,2,24
9:16:16,2245.8,2245.8,2246,7,3,22
9:16:16,2246,2245.8,2246,9,2,14
9:16:17,2246,2245.8,2246,11,1,5
9:16:17,2246,2245.8,2246,6,1,1
9:16:18,2246,2246,2246.2,2,4,34
9:16:18,2246,2246,2246.2,2,9,34
9:16:19,2246.2,2246,2246.2,4,8,33
9:16:19,2246,2246,2246.2,2,8,32
9:16:20,2246.2,2246,2246.2,7,10,26
9:16:20,2246.2,2246,2246.2,9,6,23
9:16:21,2246.2,2246,2246.2,6,9,18
9:16:21,2246.2,2246,2246.2,6,10,15
9:16:22,2246.2,2246,2246.2,18,5,5
9:16:22,2246.2,2246.2,2246.4,6,1,26
9:16:23,2246,2246,2246.4,3,6,27
9:16:23,2246.4,2246.2,2246.4,1,4,26
9:16:24,2246.2,2246.2,2246.4,3,3,27
9:16:24,2246.2,2246,2246.2,5,8,3
9:16:25,2246.4,2246.2,2246.4,7,1,21
9:16:25,2246.4,2246.2,2246.4,11,4,12
9:16:26,2246.2,2246.4,2246.6,14,9,8
9:16:27,2246.6,2246.6,2247,39,14,105
9:16:27,2247,2246.6,2247,6,9,105
9:16:28,2247,2246.8,2247,9,1,97
9:16:28,2247,2246.6,2247,38,10,77
9:16:29,2247,2246.6,2247,11,10,71
9:16:29,2247,2246.6,2247,3,10,70
9:16:30,2247,2246.6,2247,8,7,68
9:16:30,2246.8,2246.6,2246.8,9,2,5
9:16:31,2246.8,2246.6,2246.8,8,2,9
9:16:31,2246.8,2246.6,2246.8,7,4,5
9:16:32,2246.8,2246.4,2246.8,10,11,2
9:16:32,2246.8,2246.4,2246.8,5,17,13
9:16:33,2246.8,2246.4,2246.6,2,17,3
9:16:33,2246.8,2246.6,2246.8,6,6,36
9:16:34,2246.6,2246.6,2246.8,5,6,33
9:16:34,2246.6,2246.6,2246.8,3,8,31
9:16:35,2246.8,2246.6,2246.8,7,3,31
9:16:35,2246.6,2246.4,2246.6,12,18,3
9:16:36,2246.4,2246.4,2246.6,28,8,1
9:16:36,2246.8,2246.4,2246.8,8,3,24
9:16:37,2246.8,2246.2,2246.8,9,8,19
9:16:37,2246.4,2246,2246.8,14,15,30
9:16:38,2246.4,2246.4,2246.6,1,1,16
9:16:39,2246.4,2246.2,2246.4,3,5,2
9:16:40,2246.4,2246.4,2246.6,4,1,16
9:16:40,2246.2,2246.2,2246.4,4,4,1
9:16:41,2246.4,2246.4,2246.6,3,2,16
9:16:41,2246.4,2246.4,2246.6,7,6,11
9:16:42,2246.6,2246.4,2246.6,4,17,7
9:16:42,2246.6,2246.6,2246.8,8,3,29
9:16:43,2246.8,2246.6,2246.8,5,3,24
9:16:43,2246.6,2246.6,2246.8,2,8,25
9:16:44,2246.4,2246.4,2246.8,26,22,19
9:16:44,2246.8,2246.6,2246.8,40,6,6
9:16:45,2246.6,2246.6,2246.8,3,6,5
9:16:45,2246.6,2246.6,2246.8,11,1,6
9:16:46,2246.8,2246.8,2247,16,3,92
9:16:46,2246.8,2246.8,2247,7,1,93
9:16:47,2246.8,2246.6,2247,4,4,93
9:16:47,2246.8,2246.6,2247,4,3,93
9:16:48,2246.8,2246.6,2247,18,2,78
9:16:48,2246.8,2246.6,2246.8,21,1,1
9:16:49,2246.8,2246.6,2246.8,6,1,59
9:16:49,2246.6,2246.6,2246.8,3,5,59
9:16:50,2246.8,2246.4,2246.6,14,16,16
9:16:50,2246.8,2246.4,2246.6,3,16,3
9:16:51,2246.6,2246.4,2246.8,17,7,123
9:16:51,2246.6,2246.6,2246.8,16,3,114
9:16:52,2246.8,2246.4,2246.6,8,5,31
9:16:52,2246.4,2246.4,2246.6,3,5,38
9:16:53,2246.6,2246.4,2246.6,4,5,37
9:16:53,2246.6,2246.2,2246.6,9,17,39
9:16:54,2246.2,2246.4,2246.6,23,4,37
9:16:54,2246.6,2246.4,2246.6,4,4,35
9:16:55,2246.6,2246.4,2246.6,18,3,22
9:16:55,2246.6,2246.4,2246.6,7,7,21
9:16:56,2246.4,2246.4,2246.6,6,19,18
9:16:56,2246.4,2246.4,2246.6,18,23,2
9:16:57,2246.6,2246.6,2246.8,9,6,112
9:16:57,2246.6,2246.6,2246.8,4,3,112
9:16:58,2246.6,2246.6,2246.8,2,1,112
9:16:58,2246.6,2246.4,2246.6,6,20,8
9:16:59,2246.6,2246.4,2246.6,16,10,3
9:17:00,2246,2246,2246.4,23,61,4
9:17:00,2246,2246,2246.4,11,64,1
9:17:01,2246.4,2246,2246.6,1,66,10
9:17:01,2246.6,2246.4,2246.6,4,1,22
9:17:02,2246.4,2246.4,2246.6,21,12,7
9:17:02,2246.4,2246.4,2246.6,3,14,4
9:17:03,2246.4,2246.4,2246.6,7,11,4
9:17:03,2246.8,2246.6,2246.8,12,9,113
9:17:04,2246.6,2246.6,2246.8,5,22,113
9:17:05,2246.6,2246.6,2246.8,11,30,104
9:17:05,2246.6,2246.6,2246.8,9,27,101
9:17:06,2246.6,2246.6,2246.8,27,19,82
9:17:06,2246.6,2246.6,2246.8,22,4,77
9:17:07,2246.6,2246.6,2246.8,3,5,76
9:17:07,2246.6,2246.6,2246.8,6,2,77
9:17:08,2246.4,2246.4,2246.8,12,5,76
9:17:08,2246.4,2246.4,2246.8,9,6,73
9:17:09,2246.4,2246.4,2246.8,13,4,64
9:17:10,2246.8,2246.4,2246.8,10,2,65
9:17:10,2246.8,2246.4,2246.8,15,5,60
9:17:11,2246.4,2246.4,2246.8,3,3,59
9:17:11,2246.8,2246.4,2246.8,2,3,58
9:17:12,2246.8,2246.4,2246.6,5,3,4
9:17:12,2246.8,2246.4,2246.6,1,3,3
9:17:13,2246.8,2246.4,2246.6,18,3,16
9:17:13,2246.6,2246.4,2246.6,4,5,19
9:17:14,2246.6,2246.4,2246.6,1,5,19
9:17:14,2246.6,2246.6,2246.8,10,34,46
9:17:15,2246.6,2246.6,2246.8,3,32,46
9:17:15,2246.8,2246.6,2246.8,3,40,45
9:17:16,2246.8,2246.6,2246.8,1,40,44
9:17:16,2246.6,2246.6,2246.8,42,43,4
9:17:17,2246.8,2246.8,2247,26,16,85
9:17:17,2247,2246.8,2247,18,17,67
9:17:18,2246.8,2246.8,2247,16,12,58
9:17:18,2247,2246.8,2247,25,17,36
9:17:19,2247,2246.8,2247,7,16,32
9:17:19,2246.8,2246.8,2247,4,19,60
9:17:20,2246.8,2246.8,2247,6,14,57
9:17:20,2247,2246.8,2247,3,17,54
9:17:21,2246.8,2246.8,2247,45,16,10
9:17:21,2246.8,2246.8,2247,5,13,9
9:17:22,2247.2,2247,2247.2,12,1,33
9:17:22,2247,2247,2247.2,13,1,31
9:17:23,2247,2246.8,2247.2,39,12,13
9:17:23,2247,2246.8,2247.2,14,12,1
9:17:24,2247.4,2247,2247.4,6,3,36
9:17:24,2247.2,2247.2,2247.4,3,2,34
9:17:25,2247.2,2247.2,2247.4,7,1,32
9:17:25,2247.2,2247,2247.4,11,28,24
9:17:26,2247.2,2247.2,2247.4,43,1,24
9:17:26,2247.2,2247.2,2247.4,3,11,23
9:17:27,2247.2,2247.2,2247.4,9,6,19
9:17:27,2247.4,2247.2,2247.4,4,14,17
9:17:28,2247.2,2247.2,2247.4,13,10,8
9:17:28,2247.4,2247.4,2247.6,8,2,13
9:17:29,2247.6,2247.4,2247.6,19,1,11
9:17:29,2247.8,2247.6,2247.8,17,4,22
9:17:30,2247.6,2247.4,2247.6,12,2,7
9:17:30,2247.6,2247.2,2247.4,16,2,6
9:17:31,2247.2,2247,2247.2,4,18,8
9:17:31,2247.2,2247,2247.2,10,10,1
9:17:32,2247.2,2247,2247.2,4,13,1
9:17:32,2247.4,2247.2,2247.4,2,1,32
9:17:33,2247,2247,2247.2,4,12,11
9:17:33,2247.2,2247,2247.2,12,10,7
9:17:34,2247,2247,2247.2,3,8,10
9:17:34,2247,2246.8,2247,20,24,9
9:17:35,2247,2246.8,2247,8,29,2
9:17:35,2246.8,2246.8,2247,5,28,94
9:17:36,2247,2246.8,2247,16,16,91
9:17:36,2246.8,2246.6,2246.8,23,66,25
9:17:37,2246.8,2246.6,2246.8,4,64,22
9:17:37,2246.8,2246.6,2246.8,4,62,44
9:17:38,2246.8,2246.6,2246.8,23,61,25
9:17:38,2246.6,2246.6,2246.8,28,36,22
9:17:39,2246.8,2246.6,2246.8,25,25,16
9:17:39,2246.6,2246.6,2246.8,1,22,16
9:17:40,2246.8,2246.6,2246.8,18,12,10
9:17:40,2246.8,2246.6,2246.8,4,12,6
9:17:41,2246.6,2246.6,2246.8,3,11,6
9:17:41,2246.6,2246.6,2246.8,5,7,6
9:17:42,2246.8,2246.6,2246.8,9,1,5
9:17:42,2246.8,2246.6,2246.8,5,12,4
9:17:43,2246.6,2246.6,2246.8,4,9,4
9:17:43,2246.8,2246.6,2246.8,3,12,2
9:17:44,2246.8,2246.6,2246.8,1,21,2
9:17:44,2246.8,2246.6,2246.8,3,21,2
9:17:45,2246.6,2246.6,2246.8,3,21,1
9:17:45,2246.8,2246.8,2247,6,10,108
9:17:46,2246.8,2246.8,2247,10,7,129
9:17:46,2246.8,2246.8,2247,6,9,136
9:17:47,2246.8,2246.6,2246.8,101,2,15
9:17:47,2246.8,2246.6,2246.8,7,1,13
9:17:48,2246.8,2246.6,2246.8,2,9,31
9:17:48,2246.8,2246.6,2246.8,2,12,33
9:17:49,2246.6,2246.6,2246.8,4,9,39
9:17:49,2246.6,2246.6,2246.8,3,6,37
9:17:50,2246.8,2246.4,2246.8,23,3,31
9:17:51,2246.6,2246.4,2246.6,2,2,14
9:17:51,2246.6,2246.4,2246.6,2,2,12
9:17:52,2246.6,2246.4,2246.6,1,5,15
9:17:53,2246.4,2246.4,2246.6,5,1,14
9:17:53,2246.6,2246.4,2246.6,1,1,14
9:17:54,2246.6,2246.2,2246.6,2,7,13
9:17:54,2246.6,2246.2,2246.6,1,7,12
9:17:55,2246.2,2246.2,2246.6,4,6,9
9:17:56,2246.4,2246.2,2246.4,1,16,4
9:17:56,2246.2,2246.2,2246.4,5,12,5
9:17:57,2246.2,2246.2,2246.4,7,9,5
9:17:57,2246.4,2246.2,2246.4,4,6,5
9:17:58,2246,2246,2246.4,10,64,5
9:17:58,2246,2246,2246.2,6,60,9
9:17:59,2245.8,2245.8,2246,75,15,1
9:17:59,2245.8,2245.8,2246,3,13,4
9:18:00,2245.8,2245.8,2246,7,9,8
9:18:00,2246.2,2245.8,2246.2,20,6,4
9:18:01,2246,2246,2246.4,14,1,11
9:18:01,2245.8,2245.8,2246.6,35,3,19
9:18:02,2246.6,2246,2246.6,14,13,16
9:18:02,2246,2246,2246.4,8,1,3
9:18:03,2246,2245.8,2246,9,14,1
9:18:03,2245.8,2245.8,2246.4,10,6,15
9:18:04,2245.8,2246,2246.2,6,10,7
9:18:04,2245.6,2246,2246.2,14,1,7
9:18:05,2245.8,2245.8,2246,4,1,1
9:18:05,2246.2,2245.8,2246.2,3,2,19
9:18:06,2245.8,2246,2246.2,1,12,20
9:18:06,2245.8,2245.6,2245.8,40,56,10
9:18:07,2245.6,2245.6,2245.8,12,44,14
9:18:07,2245.8,2245.6,2245.8,7,41,8
9:18:08,2245.6,2245.6,2245.8,5,36,8
9:18:08,2245.8,2245.6,2245.8,9,36,5
9:18:09,2245.6,2245.6,2245.8,5,34,3
9:18:09,2245.6,2245.6,2245.8,14,22,2
9:18:10,2245.6,2245.8,2246,25,1,17
9:18:10,2245.6,2245.8,2246,1,2,19
9:18:11,2245.8,2245.8,2246,2,52,19
9:18:11,2245.8,2245.8,2246,3,53,19
9:18:12,2246,2246,2246.2,25,6,2
9:18:12,2246.2,2246,2246.2,7,8,1
9:18:13,2246,2246,2246.2,7,3,1
9:18:13,2246,2245.8,2246,5,56,57
9:18:14,2246,2245.8,2246,1,56,57
9:18:14,2246,2245.8,2246,4,56,55
9:18:15,2246,2245.8,2246,2,56,54
9:18:15,2246,2245.8,2246,3,55,55
9:18:16,2246,2245.8,2246,58,2,55
9:18:16,2245.8,2245.6,2245.8,3,22,20
9:18:17,2245.8,2245.6,2245.8,6,22,21
9:18:17,2245.6,2245.6,2245.8,2,20,28
9:18:18,2245.8,2245.6,2245.8,2,19,27
9:18:19,2245.6,2245.6,2245.8,5,15,27
9:18:19,2245.6,2245.6,2245.8,10,5,35
9:18:20,2245.4,2245.4,2245.8,6,42,41
9:18:20,2245.6,2245.6,2245.8,3,1,41
9:18:21,2245.6,2245.6,2245.8,1,5,41
9:18:21,2245.6,2245.6,2245.8,1,8,42
9:18:22,2245.8,2245.6,2245.8,6,5,39
9:18:22,2245.6,2245.6,2245.8,5,2,35
9:18:23,2245.6,2245.4,2245.6,5,46,3
9:18:23,2245.4,2245.4,2245.8,10,43,36
9:18:24,2245.6,2245.4,2245.8,11,37,36
9:18:25,2245.4,2245.4,2245.6,2,35,1
9:18:25,2245.6,2245.6,2245.8,2,2,26
9:18:26,2245.6,2245.4,2245.8,2,36,21
9:18:26,2245.6,2245.6,2245.8,8,13,22
9:18:27,2245.6,2245.4,2245.8,15,67,20
9:18:27,2245.4,2245.4,2245.6,8,64,5
9:18:28,2245.6,2245.4,2245.6,4,62,3
9:18:28,2245.6,2245.4,2245.6,5,60,7
9:18:29,2245.6,2245.4,2245.6,8,55,5
9:18:29,2245.6,2245.4,2245.6,5,54,3
9:18:30,2245.4,2245.6,2245.8,9,2,22
9:18:30,2245.6,2245.4,2245.6,3,49,13
9:18:31,2245.6,2245.4,2245.6,6,51,9
9:18:31,2245.6,2245.4,2245.6,1,51,10
9:18:32,2245.6,2245.4,2245.6,3,49,14
9:18:32,2245.6,2245.4,2245.6,18,41,4
9:18:33,2245.6,2245.4,2245.6,2,42,5
9:18:34,2245.6,2245.6,2245.8,10,1,26
9:18:34,2245.6,2245.6,2245.8,3,6,28
9:18:35,2245.6,2245.6,2245.8,3,3,28
9:18:35,2245.6,2245.6,2245.8,2,1,28
9:18:36,2245.6,2245.4,2245.6,7,47,1
9:18:36,2245.6,2245.6,2245.8,1,1,29
9:18:37,2245.8,2245.6,2245.8,2,1,27
9:18:38,2245.6,2245.4,2245.8,3,48,27
9:18:38,2245.4,2245.4,2245.6,4,48,1
9:18:39,2245.4,2245.4,2245.6,4,46,1
9:18:39,2245.4,2245.6,2245.8,5,5,28
9:18:40,2245.4,2245.4,2245.6,10,41,8
9:18:40,2245.6,2245.4,2245.6,3,41,6
9:18:41,2245.6,2245.4,2245.6,4,39,5
9:18:42,2245.4,2245.4,2245.6,4,39,17
9:18:42,2245.4,2245.4,2245.6,9,32,24
9:18:43,2245.4,2245.4,2245.6,2,34,35
9:18:44,2245.4,2245.4,2245.6,31,5,35
9:18:44,2245.4,2245.2,2245.4,6,36,17
9:18:45,2245.2,2245.2,2245.4,5,33,15
9:18:45,2245.2,2245.2,2245.4,12,21,15
9:18:46,2245.2,2245.2,2245.4,4,18,15
9:18:46,2245.2,2245,2245.4,20,114,15
9:18:47,2245,2245,2245.2,19,94,38
9:18:48,2245,2245,2245.2,23,76,38
9:18:48,2245,2245,2245.2,19,58,22
9:18:49,2245,2245,2245.2,22,39,22
9:18:49,2245.2,2245,2245.2,9,31,22
9:18:50,2245,2245,2245.2,21,20,27
9:18:50,2245,2245,2245.2,10,21,26
9:18:51,2245.2,2245,2245.2,4,19,24
9:18:51,2245.2,2245,2245.2,6,24,19
9:18:52,2245,2245,2245.2,21,6,23
9:18:52,2245.2,2245,2245.4,27,5,10
9:18:53,2245,2245,2245.4,9,21,9
9:18:53,2245.4,2245.2,2245.6,13,34,18
9:18:54,2245.2,2245.2,2245.6,7,30,19
9:18:54,2245.2,2245.2,2245.4,4,32,1
9:18:55,2245.4,2245.4,2245.6,4,2,18
9:18:55,2245.6,2245.4,2245.6,2,1,18
9:18:56,2245.4,2245.4,2245.6,1,3,19
9:18:56,2245.2,2245.2,2245.6,9,29,19
9:18:57,2245.2,2245.2,2245.4,1,79,1
9:18:57,2245.2,2245.2,2245.6,18,78,6
9:18:58,2245.4,2245.4,2245.6,6,31,6
9:18:58,2245.6,2245.4,2245.6,7,26,5
9:18:59,2245.4,2245.4,2245.6,3,28,3
9:18:59,2245.4,2245.4,2245.6,7,25,15
9:19:00,2245.6,2245.6,2245.8,15,6,32
9:19:00,2245.6,2245.6,2245.8,3,6,34
9:19:01,2245.4,2245.4,2245.8,11,19,34
9:19:01,2245.8,2245.4,2245.8,5,18,32
9:19:02,2245.4,2245.4,2245.6,6,15,1
9:19:02,2245.8,2245.4,2245.8,13,13,21
9:19:03,2245.4,2245.4,2245.8,2,10,22
9:19:04,2245.4,2245.6,2245.8,1,1,24
9:19:04,2245.8,2245.6,2245.8,8,1,16
9:19:05,2245.8,2245.6,2245.8,4,4,12
9:19:06,2245.8,2245.4,2245.8,15,6,6
9:19:06,2245.8,2245.4,2245.6,2,11,1
9:19:07,2245.6,2245.6,2245.8,7,1,9
9:19:07,2245.8,2245.6,2245.8,2,1,7
9:19:08,2245.6,2245.4,2245.6,2,15,3
9:19:08,2245.6,2245.4,2245.6,1,18,4
9:19:09,2245.6,2245.4,2245.6,11,12,5
9:19:09,2245.6,2245.4,2245.6,3,16,3
9:19:10,2245.4,2245.4,2245.6,6,11,2
9:19:10,2245.4,2245.4,2245.6,2,10,2
9:19:11,2245.6,2245.6,2245.8,7,20,16
9:19:11,2245.6,2245.6,2245.8,3,17,17
9:19:12,2245.6,2245.6,2245.8,7,16,17
9:19:13,2245.8,2245.6,2245.8,1,22,17
9:19:13,2245.6,2245.6,2245.8,2,21,17
9:19:14,2246,2245.6,2246,35,7,79
9:19:14,2246,2245.8,2246,2,1,77
9:19:15,2246,2245.8,2246,6,1,73
9:19:15,2246,2245.8,2246,4,1,70
9:19:16,2246,2245.6,2246,4,12,66
9:19:17,2246,2245.8,2246,18,1,48
9:19:18,2245.8,2245.8,2246,1,3,50
9:19:18,2246,2245.8,2246,2,7,49
9:19:19,2245.8,2245.8,2246,7,3,48
9:19:19,2246,2245.8,2246,4,4,44
9:19:20,2245.6,2245.6,2245.8,8,19,6
9:19:20,2245.8,2245.6,2245.8,3,19,4
9:19:21,2245.8,2245.6,2245.8,1,19,8
9:19:23,2245.8,2245.6,2245.8,1,21,18
9:19:24,2245.8,2245.6,2245.8,1,21,18
9:19:24,2245.8,2245.6,2245.8,3,21,15
9:19:25,2245.8,2245.6,2245.8,2,21,13
9:19:26,2245.8,2245.6,2245.8,2,22,14
9:19:26,2245.8,2245.6,2245.8,1,22,14
9:19:27,2245.6,2245.6,2245.8,10,12,16
9:19:28,2245.6,2245.6,2245.8,1,14,22
9:19:28,2245.8,2245.6,2245.8,5,14,20
9:19:29,2245.6,2245.6,2245.8,2,16,19
9:19:29,2245.6,2245.6,2245.8,1,15,19
9:19:30,2245.8,2245.6,2245.8,1,15,18
9:19:31,2245.8,2245.6,2245.8,3,16,16
9:19:31,2245.8,2245.6,2245.8,2,17,14
9:19:32,2245.8,2245.6,2245.8,1,17,13
9:19:32,2245.6,2245.6,2245.8,1,16,13
9:19:33,2245.8,2245.4,2245.8,28,50,7
9:19:35,2245.8,2245.8,2246,15,5,51
9:19:36,2245.8,2245.8,2246,1,4,51
9:19:37,2246,2245.8,2246,5,4,46
9:19:37,2246,2245.8,2246,4,1,45
9:19:38,2246,2245.8,2246,7,2,39
9:19:39,2246,2245.8,2246,4,10,35
9:19:40,2246,2245.8,2246,7,12,28
9:19:40,2246,2245.8,2246,16,11,15
9:19:41,2246,2246,2246.2,16,26,9
9:19:41,2246.2,2246,2246.2,12,28,8
9:19:42,2246.2,2246,2246.2,6,29,3
9:19:42,2246.2,2246.2,2246.4,5,1,26
9:19:43,2246.4,2246.2,2246.4,2,4,28
9:19:43,2246.2,2246.2,2246.4,2,3,27
9:19:44,2246.4,2246.2,2246.4,5,3,22
9:19:44,2246.4,2246.2,2246.4,2,3,20
9:19:45,2246.4,2246.2,2246.4,10,2,12
9:19:46,2246.4,2246.2,2246.4,1,5,13
9:19:46,2246.2,2246.2,2246.4,3,8,11
9:19:47,2246.2,2246.2,2246.4,6,5,11
9:19:47,2246.4,2246.2,2246.4,4,9,15
9:19:48,2246.2,2246.2,2246.4,1,12,15
9:19:48,2246.2,2246.2,2246.4,1,12,15
9:19:49,2246.4,2246.2,2246.4,1,13,14
9:19:49,2246.4,2246.4,2246.6,15,7,26
9:19:50,2246.6,2246.4,2246.6,1,14,26
9:19:50,2246.6,2246.4,2246.6,9,15,19
9:19:51,2246.4,2246.4,2246.6,2,13,23
9:19:51,2246.6,2246.4,2246.6,1,14,22
9:19:52,2246.6,2246.4,2246.6,4,13,19
9:19:53,2246.6,2246.4,2246.6,17,45,3
9:19:53,2246.6,2246.6,2246.8,3,12,25
9:19:54,2246.8,2246.6,2246.8,12,12,15
9:19:54,2246.6,2246.6,2246.8,10,13,7
9:19:55,2246.8,2246.6,2246.8,3,15,4
9:19:55,2247,2246.8,2247,13,1,118
9:19:56,2247,2246.8,2247,13,3,108
9:19:56,2246.8,2246.6,2247,17,19,98
9:19:57,2247,2246.6,2247,57,19,49
9:19:57,2246.8,2246.6,2246.8,5,19,4
9:19:58,2247,2246.8,2247,9,1,43
9:19:58,2247,2246.6,2247,19,16,31
9:19:59,2247,2246.8,2247,7,1,24
9:19:59,2247,2247,2247.2,32,3,13
9:20:00,2247,2247,2247.2,11,3,14
9:20:00,2246.6,2246.6,2247.2,27,5,6
9:20:01,2247.2,2246.8,2247,34,2,21
9:20:01,2247,2246.6,2247,17,2,16
9:20:02,2246.8,2246.4,2246.8,21,28,16
9:20:02,2246.8,2246.4,2246.8,2,28,15
9:20:03,2246.6,2246.6,2246.8,14,1,10
9:20:03,2246.8,2246.6,2246.8,2,1,13
9:20:04,2246.6,2246.4,2246.6,15,28,10
9:20:04,2246.6,2246.4,2246.6,11,31,1
9:20:05,2246.6,2246.6,2246.8,1,11,9
9:20:05,2246.8,2246.8,2247,12,4,27
9:20:06,2246.8,2246.6,2246.8,25,12,20
9:20:06,2247,2246.8,2247,22,15,12
9:20:07,2247,2246.8,2247,12,23,5
9:20:07,2247,2247,2247.2,8,17,17
9:20:08,2247.2,2247.2,2247.4,22,8,13
9:20:08,2247.4,2247.2,2247.4,40,1,2
9:20:09,2247.2,2247,2247.6,8,14,31
9:20:09,2247.4,2247.4,2247.6,32,3,7
9:20:10,2247.2,2247.2,2247.6,13,7,4
9:20:10,2247.2,2247,2247.2,15,27,6
9:20:11,2247.2,2247,2247.2,19,15,2
9:20:11,2247.2,2247.2,2247.4,16,6,6
9:20:12,2247.4,2247.2,2247.6,21,2,21
9:20:12,2247.2,2247,2247.2,20,14,5
9:20:13,2247.2,2247,2247.2,5,15,2
9:20:13,2247.2,2247.2,2247.4,7,25,4
9:20:14,2247.4,2247.4,2247.6,9,12,23
9:20:14,2247.4,2247.4,2247.6,23,3,23
9:20:15,2247.4,2247.4,2247.6,22,1,9
9:20:15,2247.6,2247.6,2247.8,11,17,32
9:20:16,2247.8,2247.6,2247.8,37,25,5
9:20:16,2247.8,2247.8,2248,22,25,101
9:20:17,2248,2247.8,2248,97,18,38
9:20:17,2247.8,2247.8,2248,35,15,19
9:20:18,2248,2248,2248.2,39,3,8
9:20:18,2248,2248.2,2248.4,37,1,10
9:20:19,2248.2,2248,2248.2,32,8,14
9:20:19,2248.2,2248.2,2248.4,51,25,5
9:20:20,2248.4,2248.2,2248.4,21,27,9
9:20:20,2248.4,2248.4,2248.6,15,4,70
9:20:21,2248.2,2248,2248.4,67,40,22
9:20:21,2248.2,2248,2248.2,22,74,15
9:20:22,2248,2248,2248.2,61,38,29
9:20:22,2248,2247.8,2248.2,53,12,20
9:20:23,2247.8,2247.8,2248,27,5,7
9:20:23,2248.2,2247.8,2248.2,23,16,6
9:20:24,2247.8,2247.8,2248,22,23,21
9:20:24,2248.2,2248,2248.2,33,7,1
9:20:25,2248,2248.2,2248.4,10,13,21
9:20:25,2248.2,2248.2,2248.4,26,4,9
9:20:26,2248.2,2248,2248.2,25,14,17
9:20:26,2248.4,2248.4,2248.6,27,9,105
9:20:27,2248.4,2248.2,2248.6,15,7,99
9:20:27,2248,2248,2248.6,16,7,122
9:20:28,2248.2,2248,2248.2,16,12,25
9:20:28,2248,2247.8,2248.2,33,30,23
9:20:29,2248.2,2247.8,2248.2,26,26,20
9:20:29,2248.2,2248,2248.2,17,10,11
9:20:30,2248.2,2248,2248.2,9,8,4
9:20:30,2248.2,2248,2248.2,4,10,7
9:20:31,2247.8,2247.6,2247.8,48,44,21
9:20:31,2247.8,2247.6,2247.8,13,39,13
9:20:32,2248,2247.8,2248.2,22,15,11
9:20:32,2248,2247.8,2248.2,13,11,10
9:20:33,2248.2,2247.8,2248.2,10,9,19
9:20:33,2248.2,2247.8,2248.2,7,17,18
9:20:34,2248.2,2248,2248.2,3,1,20
9:20:34,2248.2,2248,2248.2,11,9,9
9:20:35,2248.2,2248,2248.2,3,23,4
9:20:35,2248,2248,2248.2,7,22,2
9:20:36,2248.2,2248,2248.2,2,21,4
9:20:36,2248,2248,2248.2,3,20,3
9:20:37,2248,2247.8,2248,24,16,30
9:20:37,2248,2247.8,2248,10,10,30
9:20:38,2248,2247.8,2248,3,11,30
9:20:38,2248,2247.8,2248,13,8,21
9:20:39,2247.8,2247.8,2248,2,10,21
9:20:39,2248,2247.8,2248,7,7,17
9:20:40,2248,2247.6,2247.8,11,30,3
9:20:40,2247.8,2247.6,2247.8,3,24,1
9:20:41,2247.8,2247.8,2248,5,4,41
9:20:41,2247.8,2247.6,2248,34,21,32
9:20:42,2247.8,2247.6,2247.8,3,26,10
9:20:42,2247.8,2247.6,2247.8,6,24,7
9:20:43,2247.8,2247.6,2247.8,2,27,7
9:20:43,2247.6,2247.6,2247.8,3,28,11
9:20:44,2247.6,2247.6,2247.8,8,39,6
9:20:44,2247.6,2247.6,2247.8,24,19,5
9:20:45,2247.6,2247.6,2248,28,2,59
9:20:45,2247.6,2247.4,2247.6,2,16,12
9:20:46,2247.6,2247.4,2247.6,12,18,3
9:20:46,2247.8,2247.8,2248,14,3,60
9:20:47,2247.6,2247.4,2248,6,24,60
9:20:47,2247.6,2247.6,2247.8,1,5,2
9:20:48,2247.8,2247.6,2247.8,2,6,2
9:20:48,2247.6,2247.6,2247.8,1,9,3
9:20:49,2247.8,2247.6,2247.8,4,10,2
9:20:49,2247.8,2247.6,2247.8,2,10,11
9:20:50,2247.6,2247.6,2247.8,6,8,8
9:20:50,2247.8,2247.6,2247.8,3,13,7
9:20:51,2247.8,2247.6,2247.8,4,12,4
9:20:51,2247.6,2247.6,2247.8,12,2,6
9:20:52,2247.6,2247.4,2247.6,4,27,3
9:20:52,2247.6,2247.4,2247.8,3,27,6
9:20:53,2247.8,2247.4,2247.8,3,28,3
9:20:53,2247.8,2247.4,2247.6,4,28,1
9:20:54,2247.6,2247.4,2247.6,2,29,3
9:20:54,2247.4,2247.4,2247.8,4,31,16
9:20:55,2247.8,2247.4,2247.8,12,31,4
9:20:55,2247.4,2247.4,2247.6,9,24,2
9:20:56,2247.8,2247.4,2247.8,14,17,2
9:20:56,2247.8,2247.6,2247.8,1,1,2
9:20:57,2247.6,2247.4,2247.8,3,18,2
9:20:57,2247.6,2247.4,2248,5,19,89
9:20:58,2247.8,2247.6,2248,1,1,89
9:20:58,2247.8,2247.6,2247.8,2,1,11
9:20:59,2247.8,2247.6,2247.8,3,1,15
9:20:59,2247.6,2247.6,2247.8,1,1,30
9:21:00,2247.8,2247.4,2247.8,20,27,27
9:21:01,2247.8,2247.4,2247.8,14,27,23
9:21:01,2247.8,2247.6,2247.8,5,14,19
9:21:02,2247.6,2247.6,2247.8,8,8,18
9:21:02,2247.6,2247.6,2247.8,21,8,7
9:21:03,2247.4,2247.4,2247.6,21,23,1
9:21:03,2247.8,2247.4,2247.8,8,22,40
9:21:04,2247.4,2247.4,2247.6,10,19,2
9:21:04,2247.4,2247.4,2247.6,1,22,14
9:21:05,2247.4,2247.4,2247.6,18,17,6
9:21:05,2247.6,2247.4,2247.6,3,19,4
9:21:06,2247.4,2247.2,2247.4,23,123,19
9:21:06,2247.4,2247.2,2247.4,4,126,19
9:21:07,2247.6,2247.4,2247.6,22,22,15
9:21:07,2247.6,2247.4,2247.6,3,20,14
9:21:08,2247.4,2247.4,2247.6,7,19,1
9:21:09,2247.4,2247.4,2247.6,1,23,2
9:21:09,2247.4,2247.4,2247.6,8,57,1
9:21:10,2247.8,2247.4,2247.8,3,59,81
9:21:10,2247.4,2247.6,2247.8,81,18,83
9:21:11,2247.6,2247.6,2247.8,15,6,82
9:21:11,2247.6,2247.6,2247.8,10,8,58
9:21:12,2247.4,2247.2,2247.4,18,110,35
9:21:13,2247.2,2247.2,2247.4,14,106,27
9:21:13,2247.4,2247.2,2247.4,4,105,27
9:21:14,2247.2,2247.2,2247.4,4,103,26
9:21:14,2247.2,2247.2,2247.4,2,102,41
9:21:15,2247.2,2247.2,2247.4,1,101,41
9:21:15,2247.2,2247.2,2247.4,9,92,41
9:21:16,2247.2,2247.2,2247.4,17,78,38
9:21:16,2247.2,2247.2,2247.4,14,66,36
9:21:17,2247.2,2247.2,2247.4,3,63,36
9:21:17,2247.2,2247.2,2247.4,4,60,35
9:21:18,2247.4,2247.2,2247.4,49,14,33
9:21:18,2247.2,2247.2,2247.4,6,8,35
9:21:19,2247.2,2247.2,2247.4,7,2,35
9:21:19,2247.2,2247,2247.2,2,57,3
9:21:20,2247,2247,2247.2,4,62,4
9:21:20,2247,2247,2247.2,16,47,5
9:21:21,2247,2247,2247.2,7,40,7
9:21:21,2247,2246.8,2247,41,16,33
9:21:22,2247,2246.8,2247,3,16,30
9:21:22,2246.8,2246.8,2247,3,14,36
9:21:23,2246.8,2246.8,2247,4,11,35
9:21:23,2246.8,2246.8,2247,6,7,34
9:21:24,2246.8,2246.8,2247,9,5,28
9:21:24,2246.8,2246.8,2247,2,6,30
9:21:25,2246.6,2246.6,2247,11,29,27
9:21:25,2247,2246.8,2247,12,9,16
9:21:26,2247,2246.8,2247,3,12,14
9:21:26,2247,2246.8,2247,2,11,20
9:21:27,2247,2246.8,2247,14,1,17
9:21:27,2246.6,2246.6,2247,3,29,16
9:21:28,2247,2246.8,2247,1,3,16
9:21:28,2246.8,2246.8,2247,10,1,17
9:21:29,2246.8,2246.6,2246.8,5,30,1
9:21:29,2246.8,2246.6,2247,2,26,14
9:21:30,2247,2246.8,2247,11,14,6
9:21:30,2246.8,2246.8,2247,1,13,7
9:21:31,2247,2246.8,2247,3,14,5
9:21:31,2247,2247,2247.2,11,5,10
9:21:32,2247,2247,2247.2,1,5,10
9:21:32,2246.8,2246.8,2247,7,29,2
9:21:33,2247,2246.8,2247,2,29,2
9:21:34,2247,2247,2247.2,3,1,10
9:21:34,2247,2247,2247.2,1,9,11
9:21:35,2247,2247,2247.2,5,5,11
9:21:36,2247,2247,2247.2,5,4,10
9:21:36,2247,2247,2247.2,6,2,12
9:21:37,2246.8,2247,2247.2,10,1,23
9:21:37,2247,2246.8,2247,1,43,2
9:21:38,2247,2246.8,2247,3,42,1
9:21:39,2247.2,2246.8,2247.2,3,43,23
9:21:39,2246.8,2246.8,2247,5,38,1
9:21:40,2247,2246.8,2247,5,38,45
9:21:40,2247,2246.8,2247,4,37,43
9:21:41,2246.8,2246.8,2247,11,29,40
9:21:41,2247,2247,2247.2,44,25,26
9:21:42,2247,2247,2247.2,3,25,25
9:21:42,2247,2247,2247.2,7,19,26
9:21:43,2247,2247,2247.2,5,22,26
9:21:43,2247,2247,2247.2,3,19,27
9:21:44,2247,2247,2247.2,6,13,27
9:21:44,2247,2246.8,2247,16,41,18
9:21:45,2247,2246.8,2247,2,41,17
9:21:45,2247,2246.8,2247,5,41,13
9:21:46,2246.8,2246.8,2247,1,40,16
9:21:46,2246.8,2246.8,2247,1,39,16
9:21:48,2247,2246.8,2247,1,57,19
9:21:49,2246.8,2246.8,2247,1,58,19
9:21:49,2247,2246.8,2247,16,58,3
9:21:50,2247,2247,2247.2,3,5,29
9:21:50,2247.2,2247,2247.2,11,16,19
9:21:51,2247,2247,2247.2,1,16,20
9:21:52,2247,2247,2247.2,2,20,21
9:21:52,2247,2246.8,2247,28,63,22
9:21:53,2247,2246.8,2247,2,63,21
9:21:53,2246.8,2246.8,2247,20,54,11
9:21:54,2247,2246.8,2247,4,53,7
9:21:54,2247,2246.8,2247,5,53,9
9:21:55,2247,2246.8,2247,2,54,8
9:21:55,2246.8,2246.8,2247.2,15,51,18
9:21:56,2246.8,2246.8,2247.2,1,50,19
9:21:56,2246.8,2246.8,2247.2,1,50,20
9:21:57,2247,2247,2247.2,1,2,22
9:21:58,2247,2247,2247.2,1,1,22
9:21:59,2247,2247,2247.2,1,5,24
9:21:59,2247.2,2247,2247.2,6,1,23
9:22:00,2247,2246.8,2247,1,51,1
9:22:01,2247,2246.8,2247.2,6,52,36
9:22:01,2247.2,2246.8,2247.2,19,50,20
9:22:02,2247.2,2246.8,2247,6,51,1
9:22:02,2247,2246.8,2247.2,2,52,15
9:22:03,2247.2,2247,2247.2,6,10,11
9:22:03,2247,2247,2247.2,4,9,8
9:22:04,2247.2,2247,2247.2,5,10,3
9:22:04,2247.2,2247.2,2247.4,3,4,14
9:22:05,2247.4,2247.2,2247.4,7,2,9
9:22:05,2247.4,2247.4,2247.6,9,2,22
9:22:06,2247.4,2247.4,2247.6,4,1,19
9:22:06,2247.4,2247.4,2247.6,2,1,19
9:22:07,2247.4,2247.2,2247.4,4,6,11
9:22:07,2247.2,2247.2,2247.4,2,5,11
9:22:08,2247.4,2247.2,2247.4,3,6,13
9:22:09,2247.2,2247.2,2247.4,9,6,5
9:22:09,2247.2,2247.2,2247.4,4,5,8
9:22:11,2247.4,2247.2,2247.4,4,3,9
9:22:11,2247.2,2247.2,2247.4,4,3,6
9:22:12,2247.2,2247.2,2247.4,2,9,6
9:22:12,2247.2,2247.2,2247.4,1,9,7
9:22:13,2247.2,2247.2,2247.4,2,8,7
9:22:13,2247.2,2247.2,2247.4,2,6,7
9:22:14,2247.2,2247.2,2247.4,4,4,7
9:22:14,2247.2,2247.2,2247.4,3,1,9
9:22:15,2247.2,2247.2,2247.4,1,1,9
9:22:15,2247.2,2247,2247.4,1,23,10
9:22:16,2247.2,2247.2,2247.4,5,15,7
9:22:16,2247.2,2247.2,2247.4,2,13,8
9:22:17,2247.4,2247.4,2247.6,8,3,25
9:22:17,2247.2,2247.2,2247.6,5,11,26
9:22:18,2247.2,2247.2,2247.4,1,11,1
9:22:19,2247.4,2247.2,2247.6,1,11,26
9:22:19,2247.6,2247.2,2247.6,6,12,20
9:22:20,2247.6,2247.2,2247.6,1,12,19
9:22:20,2247.4,2247.4,2247.6,10,5,24
9:22:21,2247.4,2247.4,2247.6,6,2,22
9:22:21,2247.6,2247.4,2247.6,1,5,21
9:22:22,2247.2,2247.2,2247.6,7,4,21
9:22:22,2247.6,2247.2,2247.4,1,4,1
9:22:23,2247.4,2247.2,2247.6,2,4,22
9:22:23,2247.2,2247,2247.2,5,67,1
9:22:24,2247.2,2247,2247.4,1,67,3
9:22:24,2247.4,2247.2,2247.4,1,1,2
9:22:25,2247.4,2247.4,2247.6,10,10,20
9:22:25,2247.2,2247,2247.4,12,70,1
9:22:26,2247,2247.2,2247.4,1,5,2
9:22:27,2247.4,2247.2,2247.4,1,15,3
9:22:27,2247.4,2247.2,2247.4,3,13,2
9:22:28,2247.4,2247.2,2247.4,1,13,1
9:22:28,2247.4,2247.2,2247.4,1,14,1
9:22:29,2247.4,2247.2,2247.6,1,7,26
9:22:29,2247.6,2247.4,2247.6,1,2,25
9:22:30,2247.4,2247.2,2247.4,2,7,1
9:22:30,2247.2,2247.2,2247.6,2,8,27
9:22:31,2247.4,2247.2,2247.4,1,8,5
9:22:32,2247.4,2247.2,2247.4,1,7,8
9:22:32,2247.2,2247.2,2247.4,5,4,7
9:22:33,2247.2,2247.2,2247.4,6,3,5
9:22:33,2247.2,2247.2,2247.4,3,1,4
9:22:34,2247.4,2247.2,2247.4,1,1,5
9:22:34,2247.2,2247,2247.2,1,57,4
9:22:35,2247.2,2247,2247.2,4,57,3
9:22:35,2247.4,2247.2,2247.4,15,1,3
9:22:36,2247.2,2247,2247.2,2,47,8
9:22:36,2247.2,2247,2247.4,8,47,9
9:22:37,2247.4,2247.2,2247.4,1,3,10
9:22:38,2247.2,2247.2,2247.4,1,2,35
9:22:39,2247.2,2247,2247.2,2,52,1
9:22:39,2247.4,2247,2247.2,3,52,1
9:22:40,2247,2247,2247.2,1,51,34
9:22:41,2247.2,2247,2247.2,1,51,36
9:22:41,2247.2,2247,2247.2,2,51,37
9:22:42,2247.2,2247,2247.2,2,56,36
9:22:42,2247,2247,2247.2,5,52,34
9:22:43,2247,2247,2247.2,1,51,35
9:22:43,2247,2247,2247.2,16,47,24
9:22:44,2247,2247,2247.2,12,37,26
9:22:44,2247.2,2247,2247.2,6,33,25
9:22:45,2247.2,2246.8,2247,44,42,3
9:22:45,2246.8,2246.8,2247,4,42,1
9:22:46,2247.2,2247,2247.2,7,10,15
9:22:46,2247,2247,2247.2,9,1,15
9:22:47,2246.8,2246.8,2247,15,27,5
9:22:47,2246.8,2246.8,2247,16,12,6
9:22:48,2247,2246.8,2247,4,12,2
9:22:48,2246.8,2246.8,2247,22,1,8
9:22:49,2246.8,2246.6,2247,2,65,10
9:22:50,2246.8,2246.6,2247,6,60,10
9:22:50,2247,2246.6,2246.8,5,57,1
9:22:51,2246.6,2246.6,2246.8,12,45,1
9:22:51,2246.8,2246.8,2247,3,8,10
9:22:52,2246.8,2246.8,2247,5,6,9
9:22:52,2246.8,2246.8,2247,3,6,9
9:22:53,2247,2246.8,2247.2,12,6,16
9:22:54,2246.8,2246.8,2247,6,13,1
9:22:54,2246.6,2246.8,2247,22,2,2
9:22:55,2246.8,2246.8,2247,1,4,2
9:22:56,2247,2247,2247.2,8,5,20
9:22:56,2247,2247,2247.2,4,2,30
9:22:57,2247,2246.8,2247.2,2,4,30
9:22:57,2246.6,2246.8,2247.2,11,1,30
9:22:58,2247,2246.6,2247,2,19,1
9:22:59,2247,2247,2247.2,1,1,32
9:22:59,2246.8,2246.8,2247.2,4,12,32
9:23:00,2246.8,2246.8,2247,1,11,17
9:23:00,2246.8,2246.8,2247,9,8,17
9:23:01,2247,2246.8,2247,13,2,7
9:23:01,2246.8,2246.6,2246.8,4,25,4
9:23:02,2246.6,2246.6,2246.8,5,23,1
9:23:02,2246.6,2246.6,2247,5,20,11
9:23:03,2246.8,2246.8,2247,5,6,10
9:23:04,2246.8,2246.8,2247,1,5,10
9:23:05,2246.8,2246.8,2247,14,5,5
9:23:05,2247,2246.8,2247,1,6,6
9:23:06,2246.8,2246.8,2247,2,6,6
9:23:06,2246.8,2246.8,2247,2,4,8
9:23:07,2247,2246.8,2247,3,10,6
9:23:07,2247,2246.8,2247,1,10,6
9:23:08,2247,2246.8,2247,11,14,2
9:23:09,2247,2247,2247.2,3,5,42
9:23:10,2247,2247,2247.2,1,11,43
9:23:12,2247,2247,2247.2,1,13,45
9:23:13,2247,2247,2247.2,9,4,45
9:23:13,2247,2247,2247.2,3,1,45
9:23:14,2247,2246.8,2247.2,1,20,45
9:23:15,2247,2246.8,2247,1,20,1
9:23:15,2247,2246.8,2247.2,3,20,44
9:23:17,2246.8,2246.8,2247,3,31,30
9:23:18,2247,2246.8,2247,2,31,28
9:23:18,2246.8,2246.8,2247,13,29,18
9:23:19,2247,2246.8,2247,1,29,17
9:23:19,2247,2246.8,2247,2,29,19
9:23:20,2246.8,2246.8,2247,3,28,21
9:23:20,2246.8,2246.8,2247,2,30,21
9:23:21,2247,2246.8,2247,2,30,21
9:23:21,2246.8,2246.8,2247,12,28,13
9:23:22,2246.8,2246.8,2247,23,5,15
9:23:22,2246.8,2246.8,2247,5,1,16
9:23:23,2247,2246.6,2247,2,39,16
9:23:24,2246.6,2246.6,2246.8,8,32,1
9:23:24,2247,2246.6,2246.8,3,31,13
9:23:25,2246.6,2246.6,2246.8,13,23,9
9:23:25,2246.6,2246.6,2246.8,4,21,7
9:23:26,2246.8,2246.6,2246.8,2,20,7
9:23:27,2246.6,2246.6,2246.8,4,21,6
9:23:28,2246.6,2246.6,2246.8,1,34,10
9:23:29,2246.6,2246.6,2246.8,5,25,11
9:23:29,2246.8,2246.8,2247,13,9,40
9:23:30,2246.8,2246.8,2247,2,14,39
9:23:30,2246.8,2246.8,2247,4,11,39
9:23:31,2246.8,2246.8,2247,7,16,41
9:23:31,2246.8,2246.8,2247,1,16,42
9:23:32,2246.8,2246.8,2247,6,13,41
9:23:32,2246.8,2246.8,2247,2,32,41
9:23:33,2247,2246.8,2247,1,33,40
9:23:35,2246.8,2246.8,2247,2,34,42
9:23:36,2247,2246.8,2247,2,40,39
9:23:37,2247,2246.8,2247,3,37,38
9:23:37,2246.8,2246.6,2246.8,37,50,63
9:23:39,2246.6,2246.6,2246.8,48,3,62
9:23:39,2246.6,2246.4,2246.6,5,40,2
9:23:40,2246.8,2246.4,2246.8,3,41,63
9:23:40,2246.4,2246.4,2246.6,12,29,2
9:23:41,2246.6,2246.4,2246.6,3,27,2
9:23:41,2246.6,2246.6,2246.8,2,8,66
9:23:42,2246.4,2246.4,2246.8,18,17,66
9:23:42,2246.6,2246.6,2246.8,3,7,67
9:23:43,2246.6,2246.6,2246.8,4,4,67
9:23:43,2246.6,2246.6,2246.8,3,2,66
9:23:44,2246.4,2246.4,2246.6,10,15,1
9:23:44,2246.4,2246.4,2246.8,2,14,66
9:23:45,2246.4,2246.4,2246.6,7,8,1
9:23:45,2246.4,2246.4,2246.8,6,9,66
9:23:46,2246.4,2246.4,2246.8,3,9,65
9:23:46,2246.4,2246.4,2246.6,7,4,1
9:23:47,2246.6,2246.6,2246.8,2,10,67
9:23:47,2246.6,2246.6,2246.8,3,10,67
9:23:48,2246.6,2246.6,2246.8,10,1,67
9:23:48,2246.6,2246.4,2246.6,1,18,1
9:23:50,2246.6,2246.4,2246.6,3,23,5
9:23:50,2246.4,2246.4,2246.6,4,21,4
9:23:51,2246.6,2246.4,2246.6,7,17,7
9:23:51,2246.4,2246.4,2246.6,4,16,5
9:23:52,2246.6,2246.4,2246.6,7,10,4
9:23:52,2246.6,2246.6,2246.8,7,4,70
9:23:53,2246.6,2246.4,2246.6,4,11,4
9:23:54,2246.4,2246.4,2246.6,1,10,7
9:23:54,2246.4,2246.4,2246.6,1,9,8
9:23:55,2246.6,2246.4,2246.6,1,9,11
9:23:55,2246.4,2246.4,2246.6,5,4,11
9:23:56,2246.4,2246.4,2246.6,11,3,3
9:23:56,2246.6,2246.2,2246.6,8,72,5
9:23:57,2246.4,2246.4,2246.6,3,14,5
9:23:57,2246.6,2246.4,2246.6,1,14,4
9:23:58,2246.4,2246.4,2246.6,4,11,4
9:23:58,2246.6,2246.4,2246.6,4,34,2
9:23:59,2246.4,2246.4,2246.6,3,33,2
9:23:59,2246.6,2246.6,2246.8,28,16,75
9:24:00,2246.6,2246.6,2246.8,11,5,76
9:24:00,2246.4,2246.2,2246.4,17,74,1
9:24:01,2246.6,2246.4,2246.6,4,6,13
9:24:01,2246.4,2246.4,2246.6,4,5,10
9:24:02,2246.6,2246.4,2246.6,5,8,9
9:24:02,2246.6,2246.4,2246.6,4,11,5
9:24:03,2246.6,2246.4,2246.6,7,9,3
9:24:03,2246.6,2246.4,2246.8,5,8,74
9:24:04,2246.6,2246.4,2246.8,1,8,74
9:24:04,2246.6,2246.6,2246.8,3,38,74
9:24:05,2246.6,2246.6,2246.8,2,36,77
9:24:06,2246.6,2246.6,2246.8,2,35,76
9:24:07,2246.6,2246.6,2246.8,1,34,76
9:24:07,2246.8,2246.6,2246.8,2,34,75
9:24:08,2246.8,2246.6,2246.8,2,34,74
9:24:09,2246.6,2246.6,2246.8,18,20,70
9:24:10,2246.8,2246.6,2246.8,3,20,69
9:24:11,2246.6,2246.6,2246.8,11,10,69
9:24:11,2246.6,2246.4,2246.6,10,36,4
9:24:12,2246.6,2246.4,2246.6,3,35,5
9:24:13,2246.4,2246.4,2246.6,1,34,12
9:24:13,2246.4,2246.4,2246.6,2,33,14
9:24:14,2246.6,2246.4,2246.6,11,32,6
9:24:14,2246.4,2246.4,2246.6,2,31,4
9:24:15,2246.6,2246.4,2246.6,3,30,2
9:24:15,2246.6,2246.4,2246.6,2,30,1
9:24:16,2246.6,2246.4,2246.6,3,32,1
9:24:16,2246.6,2246.6,2246.8,1,1,70
9:24:17,2246.4,2246.4,2246.8,2,32,70
9:24:17,2246.4,2246.6,2246.8,1,3,70
9:24:18,2246.6,2246.4,2246.6,6,30,2
9:24:18,2246.4,2246.4,2246.6,1,28,2
9:24:19,2246.4,2246.4,2246.6,2,25,1
9:24:19,2246.4,2246.4,2246.6,1,25,1
9:24:20,2246.4,2246.4,2246.6,1,24,1
9:24:20,2246.4,2246.4,2246.6,5,24,2
9:24:21,2246.6,2246.4,2246.6,2,23,8
9:24:21,2246.6,2246.4,2246.6,7,24,4
9:24:22,2246.4,2246.4,2246.6,1,23,7
9:24:22,2246.4,2246.4,2246.6,2,22,7
9:24:23,2246.6,2246.4,2246.6,1,22,11
9:24:24,2246.4,2246.4,2246.6,2,21,13
9:24:24,2246.4,2246.4,2246.6,9,13,13
9:24:25,2246.6,2246.4,2246.6,1,13,12
9:24:26,2246.4,2246.4,2246.6,3,11,13
9:24:26,2246.4,2246.4,2246.6,6,7,12
9:24:27,2246.4,2246.4,2246.6,2,5,25
9:24:28,2246.4,2246.4,2246.6,6,1,30
9:24:28,2246.4,2246.2,2246.4,1,81,1
9:24:29,2246.2,2246.2,2246.4,13,68,1
9:24:29,2246.4,2246.2,2246.6,2,66,32
9:24:30,2246.2,2246.2,2246.4,4,66,1
9:24:30,2246.2,2246.2,2246.4,3,63,5
9:24:31,2246.2,2246.2,2246.4,10,53,7
9:24:32,2246.2,2246.2,2246.4,2,51,7
9:24:32,2246.2,2246.2,2246.4,2,49,17
9:24:33,2246.2,2246.2,2246.4,3,47,20
9:24:33,2246.2,2246,2246.2,50,69,1
9:24:34,2246,2245.8,2246,71,30,5
9:24:34,2245.8,2245.8,2246,16,14,7
9:24:35,2245.8,2245.6,2245.8,17,51,5
9:24:35,2245.8,2245.6,2245.8,3,49,6
9:24:36,2245.6,2245.6,2245.8,10,40,5
9:24:36,2245.6,2245.6,2245.8,17,26,2
9:24:37,2245.6,2245.6,2245.8,30,4,1
9:24:37,2245.6,2245.4,2245.6,8,20,5
9:24:38,2245.6,2245.4,2245.6,11,19,4
9:24:38,2245.4,2245.4,2245.6,17,3,7
9:24:39,2245.6,2245.2,2245.4,22,37,1
9:24:39,2245.4,2245.4,2245.6,8,5,1
9:24:40,2245.2,2245.2,2245.4,16,24,15
9:24:40,2245.2,2245.2,2245.4,17,16,16
9:24:41,2245.4,2245.2,2245.4,15,5,13
9:24:41,2245.2,2245,2245.2,15,92,2
9:24:42,2245.2,2245,2245.2,5,91,1
9:24:42,2245,2245,2245.4,15,76,11
9:24:43,2245.2,2245,2245.4,22,59,12
9:24:43,2245,2245,2245.4,8,52,13
9:24:44,2245.4,2245.4,2245.6,20,43,4
9:24:44,2245.6,2245.6,2245.8,14,3,5
9:24:45,2245.4,2245.4,2245.6,9,44,1
9:24:45,2245.4,2245.4,2245.6,5,52,7
9:24:46,2245.6,2245.4,2245.6,4,51,7
9:24:46,2245.6,2245.4,2245.6,4,51,4
9:24:47,2245.4,2245.4,2245.6,5,51,2
9:24:47,2245.6,2245.4,2245.6,4,51,1
9:24:48,2245.4,2245.4,2245.6,6,48,1
9:24:48,2245.4,2245.4,2245.8,5,46,4
9:24:49,2245.4,2245.4,2245.6,5,46,1
9:24:49,2245.6,2245.6,2245.8,4,1,8
9:24:50,2245.6,2245.4,2245.6,2,38,4
9:24:50,2245.6,2245.4,2245.6,10,29,3
9:24:51,2245.2,2245.2,2245.8,35,23,9
9:24:51,2245.4,2245.2,2245.4,2,34,1
9:24:52,2245.4,2245.2,2245.4,7,34,6
9:24:53,2245.4,2245.2,2245.4,3,33,8
9:24:53,2245.4,2245.2,2245.4,8,38,2
9:24:54,2245.2,2245.2,2245.4,20,20,1
9:24:54,2245.4,2245.4,2245.8,4,3,15
9:24:55,2245.2,2245.2,2245.6,13,13,10
9:24:55,2245.4,2245.2,2245.6,1,13,10
9:24:56,2245.2,2245.2,2245.4,3,11,1
9:24:56,2245.2,2245.2,2245.6,2,33,15
9:24:57,2245.2,2245.2,2245.6,1,34,15
9:24:57,2245.4,2245.4,2245.6,7,48,6
9:24:58,2245.4,2245.4,2245.6,11,37,7
9:24:58,2245.6,2245.6,2245.8,20,6,9
9:24:59,2245.6,2245.6,2245.8,7,1,10
9:24:59,2245.8,2245.4,2245.6,3,38,2
9:25:00,2245.4,2245.4,2245.8,8,34,9
9:25:00,2245.4,2245.4,2245.8,11,28,6
9:25:01,2245.4,2245.4,2245.8,12,20,3
9:25:01,2245.4,2245.4,2245.8,15,7,3
9:25:02,2245.4,2245.2,2245.4,39,68,29
9:25:02,2245.4,2245.2,2245.4,10,64,24
9:25:03,2246.2,2245.6,2245.8,41,18,23
9:25:03,2245.6,2245.6,2245.8,6,16,21
9:25:04,2245.8,2245.6,2245.8,11,12,12
9:25:04,2245.8,2245.6,2245.8,4,12,11
9:25:05,2245.8,2245.6,2245.8,8,10,5
9:25:05,2245.6,2245.4,2245.6,14,22,26
9:25:06,2245.6,2245.4,2245.6,4,27,63
9:25:06,2245.6,2245.4,2245.6,25,17,48
9:25:07,2245.6,2245.6,2245.8,72,8,5
9:25:07,2245.8,2245.6,2245.8,10,3,1
9:25:08,2245.6,2245.6,2245.8,3,15,9
9:25:08,2245.6,2245.6,2245.8,11,12,7
9:25:09,2245.8,2245.6,2245.8,1,17,7
9:25:09,2245.8,2245.6,2245.8,3,21,6
9:25:10,2245.8,2245.6,2245.8,1,21,25
9:25:10,2245.6,2245.6,2245.8,2,20,27
9:25:11,2245.6,2245.6,2245.8,9,7,28
9:25:11,2245.6,2245.4,2245.8,11,3,28
9:25:12,2245.6,2245.4,2245.6,2,3,2
9:25:12,2245.4,2245.4,2245.6,2,2,2
9:25:13,2245.4,2245.2,2245.4,3,93,2
9:25:13,2245.4,2245.4,2245.6,3,3,17
9:25:14,2245.4,2245.4,2245.6,5,13,19
9:25:15,2245.4,2245.4,2245.6,1,30,20
9:25:15,2245.4,2245.4,2245.6,1,30,22
9:25:16,2245.6,2245.4,2245.6,3,33,21
9:25:16,2245.6,2245.4,2245.6,8,34,11
9:25:17,2245.6,2245.4,2245.6,5,36,7
9:25:18,2245.4,2245.4,2245.6,7,32,5
9:25:18,2245.6,2245.4,2245.6,3,32,2
9:25:19,2245.6,2245.4,2245.8,2,32,29
9:25:19,2245.4,2245.4,2245.6,10,22,2
9:25:20,2245.6,2245.4,2245.6,12,11,7
9:25:20,2245.6,2245.4,2245.6,13,1,5
9:25:21,2245.4,2245.2,2245.4,4,93,11
9:25:21,2245.2,2245.2,2245.4,3,107,13
9:25:22,2245.4,2245.4,2245.6,28,18,8
9:25:23,2245.2,2245.2,2245.4,34,79,42
9:25:23,2245.2,2245.2,2245.4,3,78,44
9:25:24,2245.4,2245.2,2245.4,7,78,37
9:25:24,2245.4,2245.2,2245.4,2,77,38
9:25:25,2245.2,2245.2,2245.4,4,74,37
9:25:25,2245.2,2245.2,2245.4,20,56,36
9:25:26,2245.2,2245.2,2245.4,27,31,33
9:25:26,2245.2,2245,2245.2,39,107,8
9:25:27,2245.2,2245,2245.2,17,91,10
9:25:27,2245,2245,2245.2,10,91,8
9:25:28,2245,2245,2245.2,24,68,17
9:25:28,2245,2245,2245.2,48,20,19
9:25:29,2244.8,2244.8,2245,27,32,2
9:25:29,2244.8,2244.8,2245,23,12,26
9:25:30,2244.6,2244.6,2244.8,21,66,8
9:25:30,2244.6,2244.6,2244.8,92,27,2
9:25:31,2244.4,2244.4,2245.2,37,27,30
9:25:31,2244.6,2244.4,2244.6,34,13,9
9:25:32,2244.4,2244.4,2244.6,44,13,4
9:25:32,2244.6,2244.4,2244.6,8,16,13
9:25:33,2244.4,2244.4,2244.8,33,7,2
9:25:33,2244.6,2244.6,2244.8,13,2,1
9:25:34,2244.4,2244.4,2244.6,25,15,1
9:25:34,2244.6,2244.6,2245,11,16,44
9:25:35,2244.6,2244.8,2245,20,1,48
9:25:35,2245,2244.8,2245,12,3,46
9:25:36,2245,2244.4,2245,11,44,45
9:25:36,2245,2244.6,2244.8,4,3,1
9:25:37,2245,2244.6,2244.8,7,3,3
9:25:37,2244.8,2244.6,2244.8,3,8,1
9:25:38,2244.6,2244.8,2245,5,2,44
9:25:38,2245,2244.8,2245,1,3,43
9:25:39,2244.6,2244.6,2244.8,12,9,6
9:25:39,2244.6,2244.6,2244.8,3,28,6
9:25:40,2244.6,2244.6,2244.8,3,25,6
9:25:40,2244.6,2244.6,2244.8,30,4,3
9:25:41,2244.8,2244.8,2245,3,5,44
9:25:41,2245,2245,2245.2,46,57,33
9:25:42,2245,2245,2245.2,30,58,5
9:25:42,2245.2,2245.2,2245.4,8,9,19
9:25:43,2245.2,2245.2,2245.4,6,6,19
9:25:43,2245,2245,2245.4,11,55,19
9:25:44,2245.4,2245.4,2245.6,31,81,32
9:25:44,2245.4,2245.4,2245.6,1,80,32
9:25:45,2245.6,2245.4,2245.6,10,80,24
9:25:45,2245.4,2245.4,2245.6,56,32,19
9:25:46,2245.4,2245.4,2245.6,3,30,18
9:25:46,2245.4,2245.4,2245.6,4,27,22
9:25:47,2245.6,2245.4,2245.6,27,4,20
9:25:47,2245.4,2245.2,2245.4,8,2,14
9:25:48,2245.4,2245.2,2245.4,6,2,19
9:25:48,2245.4,2245.2,2245.4,1,3,68
9:25:49,2245.2,2245.2,2245.4,12,1,69
9:25:49,2245.4,2245.2,2245.4,16,12,63
9:25:50,2245.4,2245.2,2245.4,3,12,60
9:25:50,2245.4,2245.2,2245.4,2,15,62
9:25:51,2245.2,2245.2,2245.4,1,20,64
9:25:51,2245.2,2245.2,2245.4,1,21,58
9:25:52,2245.2,2245.2,2245.4,22,4,56
9:25:52,2245.4,2245.2,2245.4,8,6,51
9:25:53,2245.4,2245.2,2245.4,1,6,52
9:25:53,2245.2,2245.2,2245.4,2,5,51
9:25:54,2245.2,2245,2245.2,5,53,29
9:25:54,2245.2,2245,2245.2,1,53,28
9:25:55,2245.2,2245,2245.2,25,52,3
9:25:55,2245.2,2245,2245.2,3,51,4
9:25:56,2245.2,2245.2,2245.4,5,4,53
9:25:56,2245.4,2245.2,2245.4,1,5,52
9:25:57,2245.4,2245.2,2245.4,2,4,51
9:25:57,2245.4,2245.2,2245.4,4,5,47
9:25:58,2245.4,2245.2,2245.4,6,9,45
9:25:59,2245.4,2245.2,2245.4,4,17,42
9:26:00,2245.2,2245.2,2245.4,12,37,31
9:26:00,2245.4,2245.4,2245.6,51,24,48
9:26:01,2245.6,2245.4,2245.6,7,20,44
9:26:01,2245.4,2245.4,2245.6,1,19,44
9:26:02,2245.6,2245.4,2245.6,11,16,36
9:26:02,2245.6,2245.4,2245.6,5,16,33
9:26:03,2245.4,2245.4,2245.6,1,17,33
9:26:03,2245.6,2245.4,2245.6,24,16,10
9:26:04,2245.4,2245.4,2245.6,8,14,5
9:26:04,2245.6,2245.4,2245.6,3,14,11
9:26:05,2245.6,2245.4,2245.6,13,10,2
9:26:05,2245.4,2245.4,2245.6,3,9,2
9:26:06,2245.6,2245.4,2245.6,3,8,1
9:26:06,2245.4,2245.4,2245.6,6,7,1
9:26:07,2245.6,2245.4,2245.6,1,8,1
9:26:07,2245.4,2245.4,2245.6,5,6,4
9:26:08,2245.6,2245.4,2245.6,3,7,16
9:26:08,2245.4,2245.4,2245.6,2,6,15
9:26:09,2245.4,2245.4,2245.6,4,5,18
9:26:09,2245.6,2245.4,2245.6,12,8,19
9:26:10,2245.4,2245.4,2245.6,1,8,19
9:26:10,2245.4,2245.4,2245.6,3,8,19
9:26:11,2245.6,2245.4,2245.6,3,7,17
9:26:11,2245.4,2245.4,2245.6,1,6,17
9:26:12,2245.6,2245.4,2245.6,6,5,14
9:26:13,2245.6,2245.4,2245.6,11,13,5
9:26:13,2245.6,2245.6,2245.8,6,6,30
9:26:14,2245.8,2245.6,2245.8,7,6,64
9:26:14,2245.4,2245.2,2245.4,26,42,42
9:26:15,2245.4,2245.2,2245.4,5,44,37
9:26:15,2245.4,2245.2,2245.4,1,44,36
9:26:16,2245.4,2245.2,2245.4,13,44,23
9:26:16,2245.4,2245.2,2245.4,1,47,22
9:26:17,2245.4,2245.2,2245.4,11,48,15
9:26:17,2245.2,2245.2,2245.4,2,47,15
9:26:18,2245.4,2245.2,2245.4,4,47,11
9:26:18,2245.4,2245.2,2245.4,7,52,5
9:26:19,2245.4,2245.2,2245.4,1,52,4
9:26:19,2245.4,2245.2,2245.4,2,53,2
9:26:20,2245.4,2245.2,2245.4,1,53,2
9:26:21,2245.4,2245.4,2245.6,2,18,29
9:26:22,2245.6,2245.4,2245.6,3,18,27
9:26:23,2245.6,2245.4,2245.6,3,35,26
9:26:24,2245.6,2245.4,2245.6,2,34,5
9:26:24,2245.6,2245.6,2245.8,9,1,22
9:26:25,2245.8,2245.6,2245.8,4,1,19
9:26:26,2245.6,2245.4,2245.6,1,40,1
9:26:26,2245.6,2245.4,2245.6,10,42,13
9:26:27,2245.6,2245.4,2245.6,1,42,12
9:26:28,2245.6,2245.4,2245.6,1,48,26
9:26:28,2245.6,2245.4,2245.6,1,48,25
9:26:29,2245.6,2245.4,2245.6,1,48,27
9:26:29,2245.6,2245.4,2245.6,2,48,25
9:26:30,2245.6,2245.4,2245.6,5,48,20
9:26:30,2245.6,2245.4,2245.8,20,49,21
9:26:32,2245.6,2245.6,2245.8,1,3,19
9:26:32,2245.6,2245.4,2245.8,3,50,19
9:26:34,2245.8,2245.4,2245.8,12,52,12
9:26:35,2245.6,2245.6,2245.8,5,5,8
9:26:35,2245.8,2245.8,2246,8,6,38
9:26:36,2246,2245.8,2246,2,7,36
9:26:36,2245.8,2245.8,2246,1,7,36
9:26:37,2245.8,2245.8,2246,1,6,36
9:26:38,2246,2245.8,2246,6,6,31
9:26:38,2246,2245.8,2246,1,6,30
9:26:39,2246,2245.8,2246,1,7,29
9:26:39,2246,2245.8,2246,3,8,27
9:26:40,2246,2245.8,2246,5,8,23
9:26:40,2246,2245.8,2246,16,8,7
9:26:41,2245.8,2245.8,2246,3,5,7
9:26:41,2245.8,2245.8,2246,4,5,4
9:26:42,2246.2,2246,2246.2,14,18,9
9:26:42,2246.2,2246,2246.2,6,17,5
9:26:43,2246.2,2246,2246.4,7,18,11
9:26:43,2246,2246,2246.4,14,15,3
9:26:44,2246.4,2246.4,2246.6,3,1,32
9:26:44,2246.2,2246,2246.2,14,16,25
9:26:45,2246,2246,2246.2,5,18,23
9:26:45,2246.2,2246,2246.2,6,19,20
9:26:46,2246.2,2246,2246.2,2,20,18
9:26:46,2246.2,2246,2246.2,8,15,13
9:26:47,2246,2246,2246.2,11,8,9
9:26:47,2246,2245.8,2246,12,13,10
9:26:48,2246,2245.8,2246,4,13,6
9:26:48,2246,2245.8,2246,2,13,5
9:26:49,2245.8,2245.8,2246,4,13,3
9:26:49,2246,2245.8,2246,2,39,3
9:26:50,2245.8,2245.8,2246,1,38,3
9:26:50,2246,2245.8,2246,1,39,2
9:26:51,2246,2245.8,2246,1,41,1
9:26:51,2245.8,2245.8,2246,1,40,5
9:26:52,2246,2245.8,2246,3,39,5
9:26:52,2246,2245.8,2246,5,39,1
9:26:53,2246,2245.8,2246.2,2,39,14
9:26:55,2246,2246,2246.2,8,17,16
9:26:56,2246.2,2246,2246.2,2,18,14
9:26:56,2246,2246,2246.2,5,18,10
9:26:57,2246.2,2246,2246.2,10,11,8
9:26:57,2246.2,2246,2246.2,4,21,5
9:26:58,2246.2,2246.2,2246.4,7,1,18
9:26:58,2246.4,2246.2,2246.4,3,2,15
9:26:59,2246.4,2246.2,2246.4,5,4,15
9:26:59,2246.4,2246.2,2246.4,2,3,15
9:27:00,2246.4,2246.2,2246.4,3,4,13
9:27:00,2246.6,2246.4,2246.6,21,1,28
9:27:01,2246.6,2246,2246.2,6,23,1
9:27:01,2246,2246,2246.4,11,22,1
9:27:02,2246.2,2246,2246.4,12,12,8
9:27:02,2246.4,2246,2246.4,6,7,7
9:27:03,2246,2246.2,2246.4,3,2,43
9:27:03,2246.4,2246,2246.4,6,21,40
9:27:04,2246,2246,2246.2,2,20,6
9:27:04,2246.4,2246.2,2246.4,15,2,51
9:27:05,2246.2,2246,2246.2,11,18,16
9:27:05,2246.2,2246,2246.2,8,17,11
9:27:06,2246.2,2246,2246.2,3,19,8
9:27:06,2246.2,2246,2246.2,2,20,32
9:27:07,2246.2,2246,2246.2,18,24,14
9:27:07,2246.2,2246,2246.2,1,24,16
9:27:08,2246.2,2246,2246.2,5,25,11
9:27:09,2246,2246,2246.2,4,28,11
9:27:09,2246,2246,2246.2,1,28,12
9:27:10,2246.2,2246,2246.2,8,22,10
9:27:10,2246.2,2246,2246.2,3,22,8
9:27:11,2246,2246,2246.2,3,25,9
9:27:11,2246,2246,2246.2,1,24,9
9:27:12,2246,2246,2246.2,3,26,8
9:27:12,2246.2,2246,2246.2,3,28,7
9:27:13,2246.2,2246.2,2246.4,8,1,28
9:27:14,2246.2,2246.2,2246.4,12,1,30
9:27:14,2246.2,2246.2,2246.4,10,1,31
9:27:15,2246,2246,2246.4,4,21,30
9:27:15,2246.2,2246,2246.4,1,21,31
9:27:16,2246.4,2246,2246.4,1,21,30
9:27:16,2246,2246,2246.2,2,20,1
9:27:17,2246,2246,2246.2,1,19,2
9:27:18,2246.2,2246,2246.2,1,21,2
9:27:18,2246.4,2246,2246.4,6,22,37
9:27:19,2246.2,2246,2246.4,4,20,38
9:27:20,2246,2246,2246.2,2,19,1
9:27:20,2246.4,2246,2246.2,2,19,1
9:27:21,2246.2,2246,2246.4,4,17,41
9:27:21,2246.4,2246.2,2246.4,5,11,38
9:27:22,2246.2,2246.2,2246.4,6,8,36
9:27:22,2246.4,2246.2,2246.4,1,10,37
9:27:23,2246.2,2246.2,2246.4,2,11,38
9:27:23,2246.2,2246.2,2246.4,2,13,39
9:27:24,2246.2,2246.2,2246.4,3,9,39
9:27:25,2246.2,2246.2,2246.4,2,14,38
9:27:26,2246.2,2246.2,2246.4,10,7,43
9:27:26,2246.2,2246.2,2246.4,6,1,44
9:27:27,2246.2,2246.2,2246.4,1,1,44
9:27:28,2246.2,2246,2246.2,2,43,1
9:27:29,2246.2,2246,2246.2,1,43,7
9:27:29,2246,2246,2246.2,5,39,6
9:27:30,2246.2,2246,2246.2,1,39,6
9:27:30,2246.2,2246,2246.2,3,39,3
9:27:31,2246.2,2246.2,2246.4,5,35,52
9:27:32,2246,2245.8,2246,75,67,26
9:27:32,2246,2245.8,2246,1,70,25
9:27:33,2246,2245.8,2246,4,68,23
9:27:33,2246,2245.8,2246,15,65,8
9:27:34,2246,2245.8,2246,8,64,2
9:27:34,2246,2245.8,2246,2,63,1
9:27:35,2245.8,2245.8,2246,1,62,1
9:27:36,2245.8,2245.8,2246,2,60,1
9:27:36,2246,2245.8,2246,1,60,2
9:27:37,2246,2245.8,2246,1,60,1
9:27:37,2245.8,2245.8,2246.2,4,59,19
9:27:38,2245.8,2246,2246.2,3,8,19
9:27:38,2245.8,2246,2246.2,1,7,19
9:27:39,2246,2246,2246.2,4,3,19
9:27:39,2246,2246,2246.2,2,2,20
9:27:40,2246,2246,2246.2,1,2,21
9:27:40,2246,2246,2246.2,3,2,20
9:27:41,2246,2246,2246.2,1,2,20
9:27:41,2246,2246,2246.2,1,1,20
9:27:42,2246.2,2245.8,2246.2,5,55,17
9:27:43,2245.8,2245.8,2246.2,4,51,19
9:27:43,2246.2,2245.8,2246.2,11,49,10
9:27:45,2246,2246,2246.2,1,5,12
9:27:46,2246,2246,2246.2,8,5,14
9:27:48,2246,2246,2246.2,2,3,19
9:27:48,2246,2246,2246.2,1,3,20
9:27:50,2246.2,2246,2246.2,1,3,20
9:27:51,2246,2246,2246.2,1,3,22
9:27:51,2246.2,2246,2246.2,2,2,21
9:27:52,2246,2245.8,2246,2,52,2
9:27:53,2246,2245.8,2246,1,52,5
9:27:53,2246,2245.8,2246,5,52,2
9:27:54,2246,2245.8,2246.2,2,52,24
9:27:54,2246,2245.8,2246,2,53,8
9:27:55,2246,2245.8,2246,1,54,9
9:27:56,2246,2245.8,2246,6,54,8
9:27:57,2246,2245.8,2246,1,55,9
9:27:58,2246,2245.8,2246,1,55,8
9:27:59,2246,2245.8,2246,1,56,7
9:27:59,2245.8,2245.8,2246,11,45,7
9:28:00,2246,2245.8,2246,3,43,6
9:28:00,2246,2245.8,2246,3,42,7
9:28:01,2245.8,2245.8,2246,10,33,7
9:28:01,2245.8,2245.8,2246,8,27,29
9:28:02,2245.8,2245.8,2246,17,13,24
9:28:02,2245.6,2245.4,2245.8,36,52,2
9:28:03,2245.8,2245.4,2245.8,1,52,1
9:28:03,2245.4,2245.4,2245.8,1,51,9
9:28:04,2245.8,2245.8,2246,9,1,29
9:28:04,2245.4,2245.4,2246,2,50,29
9:28:05,2245.4,2245.6,2245.8,2,4,1
9:28:05,2245.4,2245.6,2246,10,2,29
9:28:06,2246,2245.6,2246,2,14,27
9:28:06,2245.6,2245.6,2246,3,12,27
9:28:07,2245.6,2245.6,2246,2,18,28
9:28:08,2246,2245.6,2245.8,2,20,1
9:28:09,2245.6,2245.6,2245.8,5,19,1
9:28:09,2245.6,2245.6,2245.8,1,21,2
9:28:10,2245.8,2245.6,2245.8,3,21,3
9:28:11,2245.6,2245.6,2245.8,2,20,3
9:28:12,2245.8,2245.6,2245.8,6,37,2
9:28:13,2245.6,2245.6,2246,5,36,28
9:28:14,2245.8,2245.6,2246,1,35,32
9:28:15,2246,2245.8,2246,1,22,31
9:28:15,2245.8,2245.8,2246,1,21,34
9:28:16,2246,2245.8,2246,26,21,10
9:28:17,2246,2245.8,2246,2,21,11
9:28:17,2245.8,2245.8,2246,6,25,13
9:28:18,2246,2245.8,2246,1,28,12
9:28:19,2246,2245.8,2246,2,28,10
9:28:20,2246,2245.8,2246,6,29,6
9:28:20,2246,2245.8,2246,1,29,5
9:28:21,2246,2245.8,2246,1,32,4
9:28:21,2245.8,2246,2246.2,6,1,28
9:28:22,2246,2245.8,2246.2,1,31,28
9:28:22,2245.8,2245.8,2246,1,32,3
9:28:23,2246,2245.8,2246,3,31,12
9:28:24,2245.8,2245.8,2246,5,23,11
9:28:24,2246,2245.8,2246,2,21,12
9:28:25,2246,2245.8,2246,2,21,10
9:28:26,2246,2245.8,2246,1,21,10
9:28:27,2245.8,2245.8,2246,1,21,11
9:28:28,2246,2245.8,2246,1,20,10
9:28:28,2245.8,2245.8,2246,1,20,10
9:28:29,2246,2245.8,2246,3,19,43
9:28:29,2246,2245.8,2246,1,20,42
9:28:30,2245.8,2245.8,2246,13,8,41
9:28:30,2246,2245.8,2246,1,8,45
9:28:31,2245.8,2245.6,2245.8,12,66,3
9:28:31,2245.8,2245.6,2245.8,2,67,1
9:28:32,2245.8,2245.6,2246,1,67,50
9:28:33,2246,2245.6,2246,12,60,49
9:28:36,2245.8,2245.6,2245.8,2,59,5
9:28:36,2245.8,2245.6,2245.8,1,60,7
9:28:37,2245.6,2245.6,2245.8,1,59,7
9:28:37,2245.8,2245.6,2245.8,1,59,7
9:28:38,2245.6,2245.6,2245.8,3,60,15
9:28:38,2245.6,2245.6,2245.8,1,62,6
9:28:39,2245.6,2245.6,2245.8,1,68,6
9:28:39,2245.8,2245.6,2246,6,68,54
9:28:40,2245.6,2245.6,2246,21,62,53
9:28:40,2246,2245.6,2246,6,52,49
9:28:42,2245.6,2245.6,2245.8,4,43,3
9:28:42,2245.6,2245.6,2245.8,1,43,3
9:28:43,2245.6,2245.6,2245.8,1,39,14
9:28:43,2245.8,2245.6,2245.8,2,38,23
9:28:44,2245.6,2245.6,2245.8,2,38,30
9:28:45,2245.6,2245.6,2245.8,1,37,30
9:28:45,2245.6,2245.6,2245.8,17,21,31
9:28:46,2245.8,2245.6,2245.8,3,19,29
9:28:46,2245.6,2245.6,2245.8,2,18,29
9:28:47,2245.6,2245.4,2245.6,18,54,35
9:28:48,2245.6,2245.4,2245.6,4,53,36
9:28:48,2245.6,2245.4,2245.6,3,54,38
9:28:49,2245.6,2245.4,2245.6,1,53,37
9:28:49,2245.6,2245.4,2245.6,2,53,36
9:28:51,2245.6,2245.4,2245.6,16,53,26
9:28:51,2245.6,2245.4,2245.6,14,69,12
9:28:52,2245.6,2245.6,2245.8,57,4,16
9:28:53,2245.6,2245.6,2245.8,1,39,16
9:28:54,2245.6,2245.6,2245.8,2,41,15
9:28:54,2245.6,2245.6,2245.8,1,51,14
9:28:55,2245.8,2245.6,2245.8,7,41,17
9:28:55,2245.8,2245.6,2245.8,12,34,5
9:28:56,2245.6,2245.6,2245.8,1,43,5
9:28:57,2245.8,2245.6,2245.8,1,43,5
9:28:57,2245.8,2245.6,2245.8,1,43,5
9:28:58,2245.8,2245.6,2245.8,1,44,4
9:29:00,2245.8,2245.6,2245.8,2,36,3
9:29:00,2245.8,2245.6,2246,3,36,116
9:29:01,2245.6,2245.6,2246,4,33,116
9:29:01,2245.6,2245.6,2246,5,29,115
9:29:02,2245.6,2245.6,2245.8,2,27,1
9:29:03,2245.6,2245.6,2245.8,1,30,7
9:29:03,2245.6,2245.6,2245.8,2,30,6
9:29:04,2245.6,2245.6,2245.8,5,27,12
9:29:05,2245.6,2245.6,2245.8,6,21,12
9:29:05,2245.6,2245.6,2245.8,2,21,13
9:29:06,2245.6,2245.6,2245.8,5,17,13
9:29:06,2245.6,2245.6,2245.8,3,13,14
9:29:07,2245.6,2245.6,2245.8,2,9,41
9:29:07,2245.4,2245.4,2245.6,11,5,4
9:29:08,2245.4,2245.4,2245.6,2,3,4
9:29:08,2245.6,2245.4,2245.6,3,5,19
9:29:09,2245.4,2245.4,2245.6,1,5,19
9:29:09,2245.4,2245.2,2245.4,5,69,1
9:29:10,2245.2,2245.2,2245.4,3,67,8
9:29:11,2245.2,2245.2,2245.4,4,63,8
9:29:11,2245.2,2245.2,2245.4,14,55,12
9:29:12,2245.2,2245.2,2245.4,15,40,14
9:29:12,2245.2,2245.2,2245.4,9,33,13
9:29:13,2245.2,2245,2245.2,33,96,5
9:29:13,2245.2,2245,2245.2,2,96,3
9:29:14,2245.2,2245.2,2245.4,9,6,14
9:29:14,2245.2,2245,2245.4,6,90,14
9:29:15,2245,2245,2245.4,1,89,14
9:29:15,2245,2245,2245.4,3,86,13
9:29:16,2245,2245,2245.4,8,83,13
9:29:16,2245,2245,2245.4,8,75,13
9:29:17,2245,2245,2245.4,3,72,14
9:29:17,2245.4,2245,2245.4,5,68,22
9:29:18,2245,2245,2245.4,4,64,24
9:29:18,2245,2245.2,2245.4,7,1,25
9:29:19,2245.2,2245,2245.2,2,63,1
9:29:19,2245.2,2245.2,2245.4,4,19,18
9:29:20,2245,2244.8,2245,91,109,15
9:29:20,2245,2244.8,2245,5,110,10
9:29:21,2245,2244.8,2245,2,110,9
9:29:21,2245,2244.8,2245,4,117,8
9:29:22,2244.8,2245,2245.2,24,1,7
9:29:22,2245,2245,2245.2,6,24,8
9:29:23,2245.2,2245,2245.2,7,34,7
9:29:23,2245,2245,2245.2,4,41,5
9:29:24,2245,2245,2245.4,12,28,17
9:29:24,2245,2245,2245.4,1,30,17
9:29:25,2245.4,2245,2245.4,22,37,9
9:29:25,2245.4,2245.4,2245.6,16,19,13
9:29:26,2245.4,2245.4,2245.6,1,18,14
9:29:26,2245.4,2245.4,2245.6,11,8,14
9:29:27,2245.2,2245.2,2245.4,9,5,4
9:29:27,2245,2245.2,2245.4,8,2,5
9:29:28,2245.2,2245,2245.4,8,66,24
9:29:29,2245.4,2245,2245.2,11,67,1
9:29:29,2245,2245,2245.4,4,64,14
9:29:30,2245,2245,2245.4,1,65,14
9:29:30,2245.4,2245,2245.4,1,67,16
9:29:31,2245.4,2245,2245.4,53,28,17
9:29:32,2245,2245,2245.2,6,29,1
9:29:32,2245.2,2245,2245.4,2,30,14
9:29:33,2245.2,2245,2245.2,2,32,1
9:29:33,2245.2,2245.2,2245.4,1,2,13
9:29:34,2245.2,2245.2,2245.4,3,2,11
9:29:34,2245.2,2245.2,2245.4,7,1,7
9:29:35,2245.2,2245,2245.4,2,44,6
9:29:35,2245.4,2245.2,2245.4,3,16,5
9:29:36,2245.4,2245.2,2245.4,2,16,4
9:29:36,2245.2,2245.2,2245.4,4,15,5
9:29:37,2245.4,2245.2,2245.4,1,15,4
9:29:37,2245.2,2245.2,2245.4,4,11,4
9:29:38,2245.4,2245.2,2245.4,2,16,7
9:29:38,2245.2,2245.2,2245.4,4,13,10
9:29:39,2245.2,2245.2,2245.4,6,20,7
9:29:40,2245.2,2245.2,2245.4,1,19,17
9:29:40,2245.2,2245.2,2245.4,1,18,18
9:29:41,2245.2,2245.2,2245.4,2,17,17
9:29:41,2245.4,2245.2,2245.4,1,17,16
9:29:42,2245.2,2245.2,2245.4,7,14,29
9:29:44,2245.4,2245.2,2245.4,3,17,30
9:29:46,2245.4,2245.2,2245.4,6,23,29
9:29:46,2245.4,2245.2,2245.4,1,24,28
9:29:47,2245.4,2245.2,2245.4,2,26,32
9:29:49,2245.2,2245.2,2245.4,2,32,37
9:29:49,2245.2,2245.2,2245.4,19,30,20
9:29:50,2245.2,2245.2,2245.4,1,42,30
9:29:51,2245.2,2245.2,2245.4,6,41,25
9:29:51,2245.2,2245.2,2245.4,14,37,15
9:29:52,2245.4,2245.2,2245.4,6,37,9
9:29:52,2245.4,2245.2,2245.4,4,37,5
9:29:53,2245.2,2245.2,2245.4,8,33,1
9:29:53,2245.2,2245.2,2245.6,2,32,51
9:29:54,2245.2,2245.2,2245.6,1,33,51
9:29:54,2245.4,2245.2,2245.6,1,33,51
9:29:55,2245.6,2245.2,2245.6,1,33,51
9:29:55,2245.4,2245.2,2245.6,2,33,50
9:29:56,2245.2,2245.2,2245.6,1,32,50
9:29:57,2245.6,2245.2,2245.6,5,37,52
9:29:58,2245.6,2245.2,2245.6,5,35,50
9:29:58,2245.6,2245.2,2245.6,1,36,41
9:29:59,2245.2,2245.2,2245.4,3,42,1
9:29:59,2245.2,2245.2,2245.4,4,40,4
9:30:00,2245.6,2245.4,2245.6,8,41,29
9:30:00,2245.6,2245.4,2245.6,59,9,4
9:30:01,2245.8,2245.2,2245.8,34,23,57
9:30:01,2245.2,2245.2,2245.6,27,10,3
9:30:02,2245,2245,2245.8,46,64,47
9:30:02,2245.2,2245.2,2245.6,29,16,12
9:30:03,2245.6,2245.2,2245.6,7,16,14
9:30:03,2245.2,2245.2,2245.4,1,17,1
9:30:04,2245.2,2245,2245.2,32,56,3
9:30:04,2245,2245,2245.4,13,47,1
9:30:05,2245.4,2245.2,2245.4,7,1,3
9:30:05,2245.2,2245,2245.4,3,42,6
9:30:06,2245,2245.2,2245.4,30,1,6
9:30:06,2245,2245,2245.4,2,12,7
9:30:07,2245,2245,2245.2,1,13,2
9:30:07,2244.8,2244.8,2245.4,23,109,7
9:30:08,2245,2244.8,2245.2,4,110,1
9:30:08,2245,2245,2245.2,3,1,2
9:30:09,2245,2244.8,2245.2,1,109,12
9:30:09,2245,2244.8,2245,1,112,2
9:30:10,2244.8,2244.8,2245,7,102,4
9:30:11,2245,2245,2245.2,15,16,14
9:30:11,2245.2,2245.2,2245.4,8,2,6
9:30:12,2245,2245,2245.4,3,37,6
9:30:12,2245,2245,2245.2,2,39,3
9:30:13,2245.4,2245,2245.4,8,45,4
9:30:13,2245,2245,2245.4,1,49,4
9:30:14,2245,2245,2245.2,9,40,1
9:30:15,2245.2,2245,2245.2,1,51,4
9:30:15,2245,2245,2245.2,2,50,4
9:30:16,2245.2,2245,2245.2,1,52,13
9:30:16,2245.2,2245,2245.2,1,57,13
9:30:17,2245.2,2245,2245.2,9,52,6
9:30:17,2245.2,2245,2245.2,1,52,11
9:30:18,2245.2,2245,2245.2,3,54,9
9:30:19,2245.2,2245,2245.2,3,53,8
9:30:19,2245.2,2245,2245.2,6,54,11
9:30:20,2245,2245,2245.2,2,53,11
9:30:20,2245,2245,2245.2,5,52,8
9:30:21,2245,2245,2245.2,1,52,8
9:30:21,2245,2245,2245.2,8,50,3
9:30:22,2245.2,2245,2245.2,11,41,3
9:30:22,2245,2245,2245.2,4,69,7
9:30:23,2245,2245,2245.2,5,66,5
9:30:23,2245,2245,2245.2,4,64,4
9:30:24,2245.2,2245,2245.2,4,65,1
9:30:24,2245.2,2245.2,2245.4,1,6,10
9:30:25,2245.4,2245.2,2245.4,1,6,10
9:30:25,2245,2245.2,2245.4,36,12,10
9:30:26,2245.4,2245.2,2245.4,2,12,9
9:30:27,2245.4,2245.4,2245.6,17,3,47
9:30:27,2245.6,2245.4,2245.6,5,4,42
9:30:28,2245.2,2245.4,2245.6,12,6,42
9:30:28,2245.6,2245.4,2245.6,12,6,30
9:30:29,2245.6,2245.4,2245.6,1,7,30
9:30:29,2245.6,2245.4,2245.6,1,18,29
9:30:30,2245.6,2245.4,2245.6,1,18,28
9:30:30,2245.4,2245.4,2245.6,3,16,27
9:30:31,2245.6,2245.4,2245.6,2,17,25
9:30:31,2245.6,2245.4,2245.6,2,17,23
9:30:32,2245.6,2245.4,2245.6,5,15,20
9:30:32,2245.6,2245.4,2245.6,6,15,17
9:30:33,2245.6,2245.4,2245.6,10,10,13
9:30:33,2245.6,2245.4,2245.6,6,10,7
9:30:34,2245.6,2245.4,2245.6,2,11,8
9:30:34,2245.4,2245.4,2245.6,11,10,1
9:30:35,2245.8,2245.6,2245.8,3,1,63
9:30:36,2245.8,2245.6,2245.8,2,2,61
9:30:36,2245.6,2245.6,2245.8,1,2,61
9:30:37,2245.8,2245.6,2245.8,2,2,61
9:30:37,2245.8,2245.6,2245.8,1,2,60
9:30:38,2245.8,2245.4,2245.8,9,3,58
9:30:38,2245.6,2245.4,2245.6,2,3,11
9:30:39,2245.6,2245.4,2245.6,2,3,16
9:30:39,2245.6,2245.4,2245.6,2,3,25
9:30:40,2245.6,2245.4,2245.6,2,6,24
9:30:40,2245.6,2245.4,2245.6,7,6,17
9:30:41,2245.6,2245.4,2245.6,2,7,15
9:30:41,2245.6,2245.4,2245.6,1,7,15
9:30:42,2245.6,2245.4,2245.6,2,7,13
9:30:42,2245.8,2245.4,2245.8,14,7,61
9:30:43,2245.6,2245.6,2245.8,1,8,61
9:30:44,2245.8,2245.6,2245.8,2,11,59
9:30:44,2245.6,2245.6,2245.8,3,10,57
9:30:45,2245.8,2245.6,2245.8,15,15,43
9:30:45,2245.8,2245.6,2245.8,11,17,32
9:30:46,2245.8,2245.6,2245.8,31,18,2
9:30:46,2245.8,2245.8,2246,4,37,67
9:30:47,2246,2245.8,2246,40,37,38
9:30:47,2246,2245.8,2246,2,39,40
9:30:48,2246,2245.8,2246,37,40,5
9:30:48,2246,2246,2246.2,8,5,21
9:30:49,2246.2,2246,2246.2,3,8,20
9:30:49,2246.2,2246,2246.2,11,9,9
9:30:50,2246.2,2246,2246.2,6,14,4
9:30:50,2246.2,2246.2,2246.4,13,17,36
9:30:51,2246.2,2246.2,2246.4,10,18,28
9:30:51,2246.2,2246.2,2246.4,26,7,15
9:30:52,2246.4,2246.2,2246.4,12,11,6
9:30:52,2246.4,2246.2,2246.4,12,5,7
9:30:53,2246.4,2246.2,2246.4,3,16,4
9:30:53,2246.4,2246.2,2246.4,11,16,17
9:30:54,2246.4,2246.2,2246.4,15,17,3
9:30:54,2246.4,2246.4,2246.6,4,5,17
9:30:55,2246.6,2246.4,2246.6,13,6,8
9:30:55,2246.8,2246.4,2246.8,20,1,15
9:30:56,2246.8,2246.6,2246.8,7,5,8
9:30:56,2246.8,2246.8,2247,10,2,46
9:30:57,2247,2246.8,2247,7,9,42
9:30:57,2246.8,2246.6,2246.8,28,1,12
9:30:58,2247.2,2247,2247.2,52,75,4
9:30:58,2247.2,2247.2,2247.4,28,25,6
9:30:59,2247.6,2247.4,2247.6,14,4,18
9:30:59,2247.6,2247.6,2247.8,61,2,14
9:31:00,2247.4,2247.2,2247.8,11,1,9
9:31:00,2247.8,2247.6,2247.8,33,1,10
9:31:01,2247.6,2247.2,2247.6,77,19,9
9:31:01,2247.6,2247.2,2247.6,31,3,24
9:31:02,2247.6,2247.2,2247.4,50,13,3
9:31:02,2247.2,2247.2,2247.4,35,11,3
9:31:03,2247.2,2247,2247.2,26,71,2
9:31:03,2247.8,2247,2247.2,29,82,1
9:31:04,2247,2247.4,2247.6,20,1,2
9:31:04,2247.8,2247.2,2247.8,12,2,19
9:31:05,2247.8,2247.4,2247.8,18,2,15
9:31:05,2247.6,2247.6,2247.8,8,9,12
9:31:06,2247.8,2247.8,2248,31,2,54
9:31:06,2248,2247.8,2248,30,7,44
9:31:07,2247.8,2247.6,2247.8,41,17,1
9:31:07,2247.8,2247.6,2247.8,30,11,6
9:31:08,2247.8,2247.6,2247.8,15,17,4
9:31:08,2247.8,2247.6,2247.8,38,4,40
9:31:09,2247.4,2247.4,2247.6,15,3,2
9:31:09,2247.4,2247.2,2247.4,7,19,12
9:31:10,2247.4,2247.2,2247.4,36,20,17
9:31:10,2247.4,2247.2,2247.4,28,1,8
9:31:11,2247.4,2247,2247.6,17,85,25
9:31:11,2247.4,2247.2,2247.6,13,2,19
9:31:12,2247.2,2247,2247.2,13,85,6
9:31:12,2247.2,2247,2247.2,4,92,2
9:31:13,2247.2,2247,2247.2,31,63,1
9:31:13,2247,2247,2247.4,10,57,3
9:31:14,2247.4,2247.2,2247.4,20,1,1
9:31:14,2247.2,2247,2247.4,9,42,6
9:31:15,2247,2247.2,2247.4,3,1,19
9:31:15,2247.2,2247,2247.2,5,39,73
9:31:16,2247,2247,2247.2,30,13,77
9:31:16,2247.2,2247,2247.2,44,12,67
9:31:17,2247,2246.8,2247.2,35,95,69
9:31:17,2247,2246.8,2247,13,96,57
9:31:18,2247,2246.8,2247,19,87,47
9:31:18,2246.8,2246.8,2247,10,78,48
9:31:19,2246.8,2246.8,2247,17,73,37
9:31:19,2246.8,2246.8,2247,3,72,35
9:31:20,2247,2246.8,2247,12,67,32
9:31:20,2247,2246.8,2247,22,52,27
9:31:21,2247,2246.8,2247,8,46,27
9:31:21,2246.8,2246.8,2247,3,46,25
9:31:22,2247,2246.8,2247,4,50,21
9:31:22,2246.8,2246.8,2247,12,47,15
9:31:23,2246.8,2246.8,2247,8,40,16
9:31:23,2247,2246.8,2247,21,25,10
9:31:24,2246.8,2246.8,2247,5,26,8
9:31:24,2247,2246.8,2247,5,26,3
9:31:25,2246.8,2246.8,2247,7,24,1
9:31:25,2247,2247,2247.2,1,16,72
9:31:26,2247.2,2247,2247.2,7,10,73
9:31:26,2247,2246.8,2247,11,25,8
9:31:27,2247.2,2246.8,2247,21,28,1
9:31:27,2247,2246.8,2247.2,4,27,60
9:31:28,2247.2,2246.8,2247.2,3,27,58
9:31:28,2247,2246.8,2247.2,2,31,58
9:31:29,2247.2,2246.8,2247.2,3,30,58
9:31:29,2247,2247,2247.2,1,1,58
9:31:30,2247,2247,2247.2,3,1,58
9:31:30,2247,2246.8,2247.2,3,29,58
9:31:31,2247,2246.8,2247,3,28,102
9:31:31,2247,2246.8,2247,59,5,67
9:31:32,2247,2246.6,2246.8,27,17,1
9:31:32,2246.8,2246.8,2247,9,1,44
9:31:33,2247,2246.8,2247,6,4,40
9:31:33,2246.8,2246.8,2247,13,7,31
9:31:34,2247,2246.8,2247,22,1,21
9:31:34,2247,2246.8,2247,2,20,20
9:31:35,2246.8,2246.8,2247,11,19,14
9:31:35,2247,2247,2247.2,14,8,67
9:31:36,2247,2247,2247.2,37,26,35
9:31:36,2247.2,2247,2247.2,35,24,2
9:31:37,2247.2,2247.2,2247.4,6,32,50
9:31:37,2247.4,2247.2,2247.4,19,33,31
9:31:38,2247.4,2247.2,2247.4,4,33,27
9:31:38,2247.4,2247.2,2247.4,6,29,22
9:31:39,2247.2,2247.2,2247.4,7,23,21
9:31:39,2247.4,2247.4,2247.6,25,15,56
9:31:40,2247.4,2247.4,2247.6,3,14,56
9:31:40,2247.4,2247.2,2247.6,15,19,56
9:31:41,2247.2,2247.2,2247.4,7,14,5
9:31:42,2247.2,2247.2,2247.4,3,13,22
9:31:42,2247.2,2247.2,2247.4,6,5,36
9:31:43,2247,2247,2247.2,8,115,1
9:31:43,2247.2,2247,2247.4,1,116,45
9:31:44,2247,2247,2247.2,1,155,3
9:31:44,2247.2,2247,2247.2,10,155,4
9:31:45,2247.2,2247.2,2247.4,4,5,35
9:31:46,2247.4,2247.2,2247.4,3,8,29
9:31:47,2247.2,2247.2,2247.4,10,3,26
9:31:47,2247.2,2247.2,2247.4,2,5,26
9:31:48,2247.4,2247.2,2247.4,3,8,25
9:31:48,2247.4,2247.2,2247.4,1,11,26
9:31:49,2247.2,2247.2,2247.4,6,6,30
9:31:49,2247.2,2247.2,2247.4,1,9,30
9:31:50,2247.4,2247.4,2247.6,31,3,62
9:31:50,2247.4,2247.4,2247.6,15,1,50
9:31:51,2247.6,2247.2,2247.6,4,8,52
9:31:51,2247.4,2247.2,2247.6,5,10,49
9:31:52,2247.6,2247.4,2247.6,4,1,46
9:31:52,2247.6,2247.2,2247.6,14,18,35
9:31:53,2247.4,2247.4,2247.6,1,1,35
9:31:53,2247.2,2247.2,2247.6,14,13,33
9:31:54,2247.6,2247.2,2247.6,2,14,33
9:31:54,2247.6,2247.2,2247.4,5,14,1
9:31:55,2247.2,2247.2,2247.4,2,14,5
9:31:55,2247.4,2247.2,2247.4,4,9,19
9:31:56,2247.2,2247.2,2247.4,10,6,22
9:31:56,2247.2,2247.2,2247.4,6,3,25
9:31:57,2247.4,2247,2247.2,4,164,8
9:31:57,2247.2,2247,2247.2,1,167,9
9:31:58,2247.2,2247,2247.2,4,167,9
9:31:58,2247.2,2247,2247.2,12,172,1
9:31:59,2247.2,2247,2247.4,4,172,30
9:31:59,2247.2,2247,2247.2,22,158,12
9:32:00,2247.6,2247.4,2247.6,48,65,44
9:32:00,2247.4,2247.4,2247.6,17,52,42
9:32:01,2247.4,2247.4,2247.6,50,32,12
9:32:01,2247.6,2247.4,2247.6,13,31,1
9:32:02,2247.4,2247.6,2247.8,20,1,76
9:32:02,2247.4,2247.4,2247.6,9,13,52
9:32:03,2247.4,2247.4,2247.6,22,12,38
9:32:03,2247.6,2247.4,2247.6,12,2,45
9:32:04,2247.4,2247.2,2247.4,3,31,1
9:32:04,2247.4,2247.2,2247.4,3,32,3
9:32:05,2247.4,2247.2,2247.4,11,30,9
9:32:06,2247.4,2247.2,2247.4,4,30,27
9:32:06,2247.4,2247.2,2247.4,4,30,24
9:32:07,2247.4,2247.2,2247.4,27,24,20
9:32:08,2247.2,2247.2,2247.4,3,24,56
9:32:08,2247.2,2247.2,2247.4,8,18,52
9:32:09,2247.2,2247.2,2247.4,4,15,51
9:32:09,2247.4,2247.2,2247.4,11,11,45
9:32:10,2247.2,2247.2,2247.4,7,8,44
9:32:10,2247.2,2247,2247.2,10,153,2
9:32:11,2247,2247,2247.2,7,176,5
9:32:12,2247,2247,2247.2,8,146,48
9:32:12,2247.2,2247,2247.2,14,142,38
9:32:13,2247,2247,2247.2,5,137,44
9:32:13,2247,2247,2247.2,35,104,43
9:32:14,2247,2247,2247.2,6,99,42
9:32:14,2247,2247,2247.2,64,36,41
9:32:15,2247,2246.8,2247,36,13,18
9:32:15,2246.8,2246.8,2247,4,10,89
9:32:16,2246.6,2246.6,2246.8,15,20,8
9:32:16,2246.6,2246.6,2246.8,18,1,17
9:32:17,2246.6,2246.6,2246.8,6,3,16
9:32:17,2246.4,2246.6,2246.8,7,5,24
9:32:18,2246.8,2246.4,2246.8,15,12,23
9:32:18,2246.6,2246.6,2246.8,1,15,23
9:32:19,2246.6,2246.6,2246.8,7,13,22
9:32:19,2246.6,2246.6,2246.8,1,13,22
9:32:20,2246.6,2246.6,2246.8,1,16,22
9:32:20,2246.6,2246.6,2246.8,1,15,25
9:32:21,2246.8,2246.6,2246.8,5,14,20
9:32:21,2246.8,2246.6,2246.8,2,27,18
9:32:22,2246.6,2246.6,2246.8,3,27,22
9:32:22,2246.6,2246.6,2246.8,4,23,24
9:32:23,2246.6,2246.6,2246.8,2,23,19
9:32:23,2246.8,2246.6,2246.8,4,24,17
9:32:24,2246.6,2246.4,2246.6,30,29,12
9:32:24,2246.6,2246.4,2246.6,1,29,13
9:32:25,2246.6,2246.4,2246.6,4,32,13
9:32:25,2246.8,2246.4,2246.8,21,32,14
9:32:26,2246.6,2246.6,2246.8,4,3,15
9:32:26,2246.6,2246.6,2246.8,10,1,15
9:32:27,2246.8,2246.6,2246.8,1,2,23
9:32:27,2246.8,2246.6,2246.8,2,4,22
9:32:28,2246.6,2246.6,2246.8,3,14,22
9:32:28,2246.8,2246.6,2246.8,1,16,22
9:32:29,2246.6,2246.6,2246.8,1,16,17
9:32:29,2246.8,2246.6,2247,17,16,50
9:32:30,2246.6,2246.6,2246.8,2,22,1
9:32:30,2247,2246.8,2247,3,3,49
9:32:31,2246.6,2246.6,2247,6,20,48
9:32:31,2246.8,2246.6,2247,1,21,49
9:32:32,2246.6,2246.6,2247,5,20,45
9:32:32,2246.6,2246.8,2247,1,1,46
9:32:33,2246.8,2246.6,2247,1,19,46
9:32:33,2247,2246.8,2247,2,1,45
9:32:34,2246.6,2246.6,2246.8,4,20,6
9:32:35,2246.8,2246.6,2246.8,5,21,2
9:32:35,2246.8,2246.6,2246.8,1,21,4
9:32:37,2246.8,2246.6,2246.8,4,23,2
9:32:37,2246.8,2246.6,2246.8,1,23,1
9:32:38,2246.8,2246.8,2247,2,1,55
9:32:38,2246.8,2246.6,2247,1,26,53
9:32:39,2246.6,2246.6,2247,10,17,53
9:32:39,2246.6,2246.6,2247,1,17,58
9:32:40,2247,2246.6,2247,1,18,57
9:32:40,2247,2246.8,2247,2,1,56
9:32:41,2247,2246.8,2247,1,1,56
9:32:41,2247,2246.6,2247,2,19,57
9:32:42,2246.6,2246.6,2247,1,18,58
9:32:42,2247,2246.8,2247,1,4,58
9:32:43,2246.8,2246.6,2247,4,19,61
9:32:44,2246.6,2246.8,2247,4,1,62
9:32:45,2247,2246.6,2247,9,20,56
9:32:45,2247,2246.6,2247,2,34,58
9:32:46,2246.6,2246.6,2247,2,34,58
9:32:46,2247,2246.8,2247,2,12,57
9:32:47,2247,2246.8,2247,1,12,57
9:32:48,2247,2246.8,2247,1,14,59
9:32:48,2247,2246.8,2247,3,14,57
9:32:49,2246.8,2246.8,2247,14,11,47
9:32:49,2247,2246.8,2247,3,9,47
9:32:50,2246.8,2246.6,2246.8,12,43,6
9:32:50,2246.8,2246.6,2246.8,4,44,4
9:32:51,2246.8,2246.6,2246.8,3,44,3
9:32:52,2246.8,2246.6,2246.8,2,44,1
9:32:52,2246.6,2246.6,2247,5,42,45
9:32:53,2247,2246.8,2247,2,7,46
9:32:54,2246.8,2246.8,2247,5,4,45
9:32:54,2246.8,2246.8,2247,3,3,44
9:32:55,2246.8,2246.8,2247,1,6,46
9:32:56,2246.8,2246.8,2247,1,5,46
9:32:56,2246.8,2246.8,2247,4,1,46
9:32:57,2246.8,2246.8,2247,2,1,46
9:32:57,2246.8,2246.8,2247,1,6,48
9:32:58,2247,2246.8,2247,2,6,46
9:33:00,2246.8,2246.8,2247,6,5,44
9:33:00,2247,2246.8,2247,5,5,44
9:33:01,2247,2246.6,2247,6,56,43
9:33:01,2247,2246.6,2247,11,55,35
9:33:02,2247,2246.8,2247,3,1,32
9:33:02,2247,2246.8,2247,4,12,28
9:33:03,2246.8,2246.8,2247,3,11,26
9:33:03,2247,2246.8,2247,4,10,23
9:33:04,2247,2246.8,2247,4,38,20
9:33:05,2247,2246.8,2247,8,41,14
9:33:05,2247,2247,2247.2,14,6,21
9:33:06,2247.2,2247,2247.2,8,9,14
9:33:07,2247,2247,2247.2,1,9,15
9:33:07,2247.2,2247,2247.2,1,9,14
9:33:08,2247,2246.8,2247,10,43,7
9:33:08,2247,2246.8,2247,2,55,6
9:33:09,2247,2246.8,2247,7,50,6
9:33:09,2247,2246.8,2247,1,50,5
9:33:10,2246.8,2246.8,2247,36,17,3
9:33:10,2247,2246.8,2247,1,17,3
9:33:11,2247,2246.8,2247,1,21,2
9:33:11,2246.8,2246.8,2247,6,16,5
9:33:12,2247,2246.8,2247,1,19,4
9:33:12,2246.8,2246.8,2247,1,18,5
9:33:13,2247,2246.8,2247,3,16,9
9:33:14,2247,2246.8,2247,1,23,13
9:33:16,2247,2246.8,2247,11,24,3
9:33:17,2246.8,2246.8,2247,2,23,2
9:33:17,2247,2246.8,2247,3,22,1
9:33:18,2246.8,2246.8,2247,5,21,1
9:33:18,2247,2246.8,2247.2,3,23,32
9:33:19,2247.2,2247,2247.2,15,3,19
9:33:20,2247.2,2247,2247.2,3,6,17
9:33:20,2247,2247,2247.2,6,33,15
9:33:21,2247.2,2247,2247.2,7,33,9
9:33:21,2247.2,2247.2,2247.4,10,13,25
9:33:22,2247.2,2247.2,2247.4,8,10,25
9:33:23,2247.4,2247.2,2247.4,7,10,21
9:33:23,2247.4,2247.2,2247.4,12,12,10
9:33:24,2247.4,2247.2,2247.6,13,10,64
9:33:24,2247.2,2247.2,2247.4,2,13,1
9:33:25,2247.4,2247.4,2247.6,6,1,60
9:33:25,2247.6,2247.4,2247.6,12,9,49
9:33:26,2247.4,2247.4,2247.6,3,7,47
9:33:26,2247.6,2247.4,2247.6,4,9,43
9:33:27,2247.6,2247.4,2247.6,17,8,30
9:33:27,2247.4,2247.4,2247.6,30,8,1
9:33:28,2247.6,2247.6,2247.8,4,16,70
9:33:28,2247.6,2247.6,2247.8,3,13,69
9:33:29,2247.4,2247.2,2247.4,48,20,27
9:33:29,2247.4,2247.2,2247.4,9,17,18
9:33:30,2247.4,2247.2,2247.4,16,14,5
9:33:30,2247.6,2247.2,2247.6,8,15,3
9:33:31,2247.4,2247.4,2247.6,2,6,19
9:33:32,2247.6,2247.4,2247.6,10,8,39
9:33:32,2247.4,2247.4,2247.6,8,6,33
9:33:33,2247.4,2247.4,2247.6,3,15,34
9:33:33,2247.6,2247.4,2247.6,1,15,36
9:33:34,2247.6,2247.4,2247.6,5,16,33
9:33:34,2247.6,2247.4,2247.6,9,15,25
9:33:35,2247.6,2247.4,2247.6,4,17,21
9:33:35,2247.6,2247.4,2247.6,9,18,13
9:33:36,2247.6,2247.4,2247.6,12,19,9
9:33:36,2247.6,2247.4,2247.6,5,20,4
9:33:37,2247.6,2247.4,2247.6,5,19,1
9:33:37,2247.6,2247.4,2247.8,4,21,82
9:33:38,2247.8,2247.6,2247.8,2,3,82
9:33:38,2247.8,2247.6,2247.8,1,3,82
9:33:39,2247.8,2247.6,2247.8,9,8,74
9:33:39,2247.8,2247.6,2247.8,17,10,60
9:33:40,2247.8,2247.6,2247.8,6,7,57
9:33:40,2247.8,2247.6,2247.8,30,11,28
9:33:41,2247.8,2247.8,2248,29,4,65
9:33:41,2248,2247.8,2248,27,21,51
9:33:42,2248,2247.8,2248,23,14,29
9:33:42,2248,2248,2248.2,33,5,21
9:33:43,2248.2,2248,2248.2,19,9,3
9:33:43,2248.2,2248.2,2248.4,19,7,37
9:33:44,2248.4,2248.2,2248.4,37,9,23
9:33:44,2248.4,2248.2,2248.4,25,9,20
9:33:45,2248.4,2248.2,2248.4,18,30,4
9:33:45,2248.2,2248.2,2248.6,18,36,82
9:33:46,2248.4,2248.4,2248.6,12,45,77
9:33:46,2248.4,2248.4,2248.6,35,40,61
9:33:47,2248.6,2248.4,2248.6,41,24,42
9:33:47,2248.6,2248.4,2248.6,25,18,24
9:33:48,2248.6,2248.6,2248.8,47,9,90
9:33:48,2248.8,2248.6,2248.8,53,2,85
9:33:49,2248.8,2248.4,2248.8,30,10,66
9:33:49,2248.8,2248.4,2248.8,34,8,49
9:33:50,2248.4,2248.2,2248.4,29,59,10
9:33:50,2248.6,2248.2,2248.6,20,58,5
9:33:51,2248.6,2248.4,2248.6,13,1,17
9:33:51,2248.4,2248.2,2248.4,14,44,31
9:33:52,2248.2,2248.2,2248.4,11,45,42
9:33:52,2248.4,2248.2,2248.4,28,24,36
9:33:53,2248,2248,2248.2,30,23,22
9:33:53,2248,2248,2248.2,8,21,35
9:33:54,2248,2247.8,2248,27,21,5
9:33:54,2247.8,2247.8,2248,14,19,1
9:33:55,2248.2,2248,2248.2,9,5,40
9:33:55,2247.8,2247.8,2248,31,17,1
9:33:56,2247.8,2247.8,2248,6,13,26
9:33:56,2247.8,2247.8,2248,4,11,24
9:33:57,2248,2247.8,2248,19,4,27
9:33:57,2248,2247.8,2248,14,1,18
9:33:58,2248,2247.8,2248,15,1,8
9:33:58,2248,2247.8,2248,7,1,22
9:33:59,2248,2247.8,2248,7,2,17
9:33:59,2247.8,2247.8,2248,2,6,17
9:34:00,2248,2247.6,2248,13,18,10
9:34:00,2248.2,2247.8,2248.2,23,2,14
9:34:01,2247.6,2247.6,2248,26,16,1
9:34:01,2248,2247.8,2248.2,6,10,18
9:34:02,2247.8,2247.8,2248,10,11,4
9:34:02,2247.8,2247.8,2248,17,4,5
9:34:03,2247.8,2247.6,2247.8,13,20,4
9:34:03,2247.8,2247.6,2247.8,6,22,2
9:34:04,2247.6,2247.6,2247.8,9,24,3
9:34:04,2248,2247.6,2248,5,25,40
9:34:05,2247.6,2247.6,2247.8,7,26,7
9:34:05,2247.6,2247.6,2247.8,8,19,7
9:34:06,2247.8,2247.6,2247.8,4,18,18
9:34:06,2247.6,2247.6,2247.8,9,11,16
9:34:07,2247.8,2247.8,2248,86,9,49
9:34:07,2247.8,2247.8,2248,6,7,46
9:34:08,2247.8,2247.8,2248,29,7,22
9:34:08,2247.8,2247.8,2248,5,4,22
9:34:09,2247.8,2247.6,2247.8,8,8,6
9:34:09,2247.8,2247.6,2247.8,2,10,6
9:34:10,2247.8,2247.6,2247.8,1,13,47
9:34:10,2247.8,2247.6,2247.8,2,17,45
9:34:11,2247.8,2247.6,2247.8,8,17,38
9:34:11,2247.8,2247.6,2247.8,6,16,35
9:34:12,2247.6,2247.6,2247.8,14,5,33
9:34:12,2247.8,2247.6,2247.8,8,3,28
9:34:13,2247.6,2247.6,2247.8,5,2,26
9:34:13,2247.8,2247.6,2247.8,4,4,26
9:34:14,2247.6,2247.4,2247.6,12,26,8
9:34:14,2247.4,2247.4,2247.6,8,24,6
9:34:15,2247.4,2247.2,2247.4,29,12,15
9:34:15,2247.4,2247.2,2247.4,3,11,12
9:34:16,2247.2,2247.2,2247.4,2,10,13
9:34:17,2247.2,2247.2,2247.4,7,23,21
9:34:17,2247.4,2247.4,2247.6,28,9,17
9:34:18,2247.4,2247.4,2247.6,1,8,17
9:34:18,2247.4,2247.4,2247.6,7,5,17
9:34:19,2247.2,2247.2,2247.4,8,17,1
9:34:19,2247.2,2247.2,2247.4,16,4,2
9:34:20,2247.2,2247.2,2247.6,3,3,18
9:34:20,2247.4,2247.4,2247.6,1,1,20
9:34:21,2247.2,2247,2247.2,8,59,3
9:34:21,2247.2,2247,2247.2,2,61,3
9:34:22,2247.2,2247,2247.4,3,60,4
9:34:22,2247.4,2247.4,2247.6,13,1,15
9:34:23,2247.2,2247.2,2247.4,19,2,4
9:34:23,2247.2,2247.2,2247.4,1,11,30
9:34:24,2247.4,2247.2,2247.4,12,10,27
9:34:24,2247.4,2247.2,2247.4,5,7,33
9:34:25,2247.2,2247.2,2247.4,2,5,48
9:34:25,2247,2247,2247.2,46,20,13
9:34:26,2247,2247,2247.2,2,20,19
9:34:26,2247.2,2247,2247.2,19,3,31
9:34:27,2247,2246.8,2247,18,10,63
9:34:27,2247,2246.6,2247,31,9,49
9:34:28,2246.6,2246.4,2246.6,20,35,4
9:34:28,2246.6,2246.6,2246.8,16,1,6
9:34:29,2246.4,2246.4,2246.6,11,43,2
9:34:29,2246.4,2246.4,2246.6,2,42,7
9:34:30,2246.6,2246.4,2246.6,12,38,4
9:34:30,2246.8,2246.6,2246.8,6,6,10
9:34:31,2246.6,2246.6,2246.8,10,1,6
9:34:31,2246.4,2246.4,2246.8,14,42,7
9:34:32,2246.6,2246.6,2246.8,5,11,6
9:34:32,2246.6,2246.6,2246.8,4,9,11
9:34:33,2246.6,2246.6,2246.8,12,19,5
9:34:33,2246.6,2246.6,2246.8,3,30,25
9:34:34,2246.6,2246.6,2246.8,6,26,24
9:34:34,2246.6,2246.6,2246.8,9,15,17
9:34:35,2246.6,2246.6,2246.8,7,34,17
9:34:35,2246.8,2246.6,2246.8,3,34,21
9:34:36,2246.6,2246.6,2246.8,3,35,21
9:34:36,2246.6,2246.6,2246.8,2,39,23
9:34:37,2246.8,2246.6,2246.8,11,40,13
9:34:37,2246.8,2246.6,2246.8,3,38,12
9:34:38,2246.8,2246.8,2247,13,60,60
9:34:38,2246.8,2246.8,2247,17,57,50
9:34:39,2246.8,2246.8,2247,2,55,50
9:34:39,2246.8,2246.8,2247,10,51,44
9:34:40,2247,2246.8,2247,20,40,36
9:34:40,2247,2246.8,2247,29,40,7
9:34:41,2247,2246.8,2247,3,39,5
9:34:41,2247,2247,2247.2,5,7,48
9:34:42,2247,2247,2247.2,4,12,63
9:34:42,2247,2247,2247.2,2,10,63
9:34:43,2247,2246.8,2247.2,10,42,63
9:34:43,2247,2246.8,2247,11,39,20
9:34:44,2246.8,2246.6,2246.8,40,23,19
9:34:44,2246.6,2246.6,2246.8,42,5,11
9:34:45,2246.6,2246.4,2246.8,10,33,19
9:34:45,2246.4,2246.4,2246.8,26,10,38
9:34:46,2246.8,2246.6,2246.8,19,1,31
9:34:46,2246.6,2246.2,2246.8,5,61,21
9:34:47,2246.2,2246.2,2246.4,25,46,2
9:34:47,2246.2,2246.2,2246.4,25,34,2
9:34:48,2246.4,2246.4,2246.8,28,7,2
9:34:48,2246.2,2246.2,2246.4,14,34,3
9:34:49,2246.2,2246.2,2246.4,11,27,4
9:34:49,2246.2,2246.2,2246.4,24,7,1
9:34:50,2246.2,2246,2246.2,20,63,2
9:34:50,2246,2246,2246.2,19,63,1
9:34:51,2246,2246,2246.2,40,26,13
9:34:51,2246,2246,2246.2,13,17,13
9:34:52,2246,2246,2246.2,12,9,9
9:34:52,2246,2245.8,2246,19,11,11
9:34:53,2246,2245.8,2246,9,47,24
9:34:53,2245.8,2245.8,2246,10,48,20
9:34:54,2246,2245.8,2246,5,48,20
9:34:54,2246,2245.8,2246,21,45,24
9:34:55,2245.8,2245.8,2246,24,34,15
9:34:55,2245.8,2245.8,2246,13,24,22
9:34:56,2245.8,2245.8,2246,20,23,5
9:34:56,2245.8,2245.8,2246,8,46,14
9:34:57,2245.8,2245.8,2246,5,52,14
9:34:57,2245.8,2245.8,2246,53,7,7
9:34:58,2245.6,2245.6,2245.8,10,21,14
9:34:58,2245.6,2245.6,2245.8,16,20,15
9:34:59,2245.8,2245.4,2245.6,33,9,10
9:34:59,2245.4,2245.2,2245.4,20,30,9
9:35:00,2245.2,2245.2,2246,44,20,7
9:35:00,2245.6,2245.4,2245.6,53,25,3
9:35:01,2245,2245,2245.2,104,62,1
9:35:01,2245.2,2245.2,2245.4,41,1,30
9:35:02,2245.4,2245.2,2245.4,67,1,34
9:35:02,2245,2245,2245.2,9,31,14
9:35:03,2245,2245,2245.2,17,20,16
9:35:03,2245.2,2245,2245.2,29,32,5
9:35:04,2245,2244.8,2245,63,60,38
9:35:04,2245,2244.8,2245,31,59,31
9:35:05,2244.8,2244.8,2245,34,37,26
9:35:05,2244.8,2244.8,2245,27,53,15
9:35:06,2245,2244.8,2245,38,50,8
9:35:06,2245,2245,2245.2,22,147,1
9:35:07,2245.8,2245.2,2245.8,38,74,15
9:35:07,2245.6,2245.6,2245.8,20,8,24
9:35:08,2245.6,2245.6,2245.8,33,4,48
9:35:08,2245.4,2245.4,2245.6,19,31,34
9:35:09,2245.4,2245.4,2245.6,12,21,53
9:35:09,2245.4,2245.4,2245.6,30,1,59
9:35:10,2245.2,2245.2,2245.4,9,63,38
9:35:10,2245.4,2245.2,2245.4,14,66,34
9:35:11,2245.4,2245.4,2245.6,42,4,78
9:35:11,2245.2,2245.2,2245.6,24,38,87
9:35:12,2245.2,2245.2,2245.4,4,49,3
9:35:12,2245.4,2245.2,2245.4,17,36,16
9:35:13,2245.4,2245.2,2245.4,34,59,51
9:35:13,2245.4,2245.2,2245.4,9,57,51
9:35:14,2245.4,2245.2,2245.4,64,5,86
9:35:14,2245.2,2245.2,2245.4,33,2,73
9:35:15,2245.2,2245,2245.2,23,191,42
9:35:15,2245,2245,2245.2,101,97,29
9:35:16,2245.2,2245,2245.2,7,94,26
9:35:16,2245.2,2245,2245.2,13,86,21
9:35:17,2245,2245,2245.2,40,51,24
9:35:17,2245,2245,2245.2,14,42,30
9:35:18,2245,2245,2245.2,6,44,30
9:35:18,2245.2,2245,2245.2,22,27,27
9:35:19,2245,2245,2245.2,29,18,21
9:35:19,2245.2,2245,2245.2,17,12,17
9:35:20,2245.2,2245,2245.2,22,2,16
9:35:20,2245,2244.8,2245,10,47,33
9:35:21,2245,2244.8,2245,7,44,35
9:35:21,2244.8,2244.8,2245,31,45,33
9:35:22,2244.8,2244.8,2245,16,54,30
9:35:22,2244.8,2244.8,2245,18,61,18
9:35:23,2245,2245,2245.2,34,8,26
9:35:23,2245,2245,2245.2,19,13,22
9:35:24,2245,2244.8,2245,42,50,8
9:35:24,2244.8,2244.8,2245,21,31,8
9:35:25,2245.2,2245,2245.2,13,1,22
9:35:25,2245,2244.8,2245,4,32,17
9:35:26,2244.8,2244.8,2245,8,35,27
9:35:26,2245,2244.8,2245,6,34,33
9:35:27,2244.8,2244.8,2245,59,35,5
9:35:27,2244.8,2244.8,2245,20,17,9
9:35:28,2244.6,2244.6,2244.8,52,63,1
9:35:28,2244.6,2244.6,2245,14,57,9
9:35:29,2244.6,2244.6,2245,8,54,7
9:35:29,2244.6,2244.6,2244.8,10,48,2
9:35:30,2244.6,2244.6,2244.8,8,40,8
9:35:30,2244.8,2244.6,2244.8,15,31,3
9:35:31,2244.8,2244.8,2245,9,22,16
9:35:31,2245,2244.8,2245,22,14,18
9:35:32,2244.8,2244.8,2245,17,11,13
9:35:32,2245,2244.8,2245,5,15,13
9:35:33,2244.8,2244.8,2245,33,17,13
9:35:34,2244.8,2244.8,2245,11,31,14
9:35:34,2244.8,2244.8,2245,22,10,14
9:35:35,2245,2245,2245.2,17,3,38
9:35:35,2244.8,2244.8,2245.2,7,35,37
9:35:36,2244.8,2244.8,2245,26,46,2
9:35:36,2245,2245,2245.2,7,2,90
9:35:37,2245,2245,2245.2,2,11,89
9:35:37,2245,2245,2245.2,7,4,91
9:35:38,2244.8,2244.8,2245,5,68,3
9:35:38,2244.8,2244.8,2245.2,7,65,92
9:35:39,2245,2244.8,2245,2,77,20
9:35:40,2244.8,2244.8,2245,6,72,33
9:35:40,2244.8,2244.8,2245,2,70,37
9:35:41,2244.8,2244.8,2245,2,45,40
9:35:41,2244.8,2244.8,2245,3,43,41
9:35:42,2245,2244.8,2245,31,17,39
9:35:42,2244.6,2244.6,2244.8,30,37,9
9:35:43,2244.8,2244.6,2244.8,5,36,11
9:35:43,2244.8,2244.6,2244.8,12,31,10
9:35:44,2244.6,2244.6,2244.8,4,29,16
9:35:44,2244.8,2244.6,2244.8,12,19,14
9:35:45,2244.8,2244.6,2244.8,4,18,12
9:35:45,2244.6,2244.6,2244.8,2,17,12
9:35:46,2244.6,2244.6,2244.8,12,12,5
9:35:46,2244.8,2244.4,2244.8,40,25,2
9:35:47,2244.4,2244.4,2244.6,5,30,35
9:35:47,2244.4,2244.4,2244.6,9,24,36
9:35:48,2244.4,2244.4,2244.6,20,5,35
9:35:48,2244.4,2244.2,2244.4,13,54,21
9:35:49,2244.2,2244.2,2244.4,3,53,19
9:35:49,2244.2,2244.2,2244.4,29,24,21
9:35:50,2244.2,2244.2,2244.6,70,2,36
9:35:50,2244,2244,2244.2,8,43,9
9:35:51,2243.8,2243.2,2243.8,145,35,2
9:35:51,2243.4,2243.4,2244,98,6,10
9:35:52,2243,2243,2243.2,57,67,38
9:35:52,2243.4,2243.2,2243.4,68,33,33
9:35:53,2243.4,2243.4,2243.6,113,25,2
9:35:53,2243.4,2243.4,2243.8,24,20,13
9:35:54,2243.8,2243.6,2243.8,22,1,13
9:35:54,2243.6,2243.4,2243.6,34,14,4
9:35:55,2243.6,2243.6,2243.8,38,21,21
9:35:55,2243.8,2243.4,2243.6,55,5,1
9:35:56,2243.6,2243.2,2243.6,17,62,3
9:35:56,2243.6,2243.6,2243.8,12,10,9
9:35:57,2243.8,2243.6,2243.8,15,16,7
9:35:57,2243.6,2243.6,2243.8,6,11,22
9:35:58,2243.8,2243.6,2243.8,18,4,11
9:35:58,2244,2243.6,2244,21,5,13
9:35:59,2243.8,2243.8,2244,4,7,15
9:35:59,2244,2243.6,2244,30,9,2
9:36:00,2244,2243.8,2244.4,52,4,3
9:36:00,2243.6,2243.6,2243.8,34,15,6
9:36:01,2244.2,2244,2244.2,16,12,4
9:36:01,2244,2244,2244.2,21,2,4
9:36:02,2243.8,2243.8,2244.2,21,7,18
9:36:02,2243.8,2243.8,2244,11,10,2
9:36:03,2244,2244,2244.2,32,8,15
9:36:03,2244,2244,2244.2,7,5,22
9:36:04,2244,2243.8,2244,9,4,19
9:36:04,2244,2243.8,2244,3,4,29
9:36:05,2243.8,2243.6,2243.8,14,47,1
9:36:05,2244,2243.6,2244,13,40,41
9:36:06,2243.8,2243.6,2243.8,48,37,3
9:36:06,2243.6,2243.6,2243.8,5,34,1
9:36:07,2243.8,2243.6,2243.8,13,47,16
9:36:07,2244,2243.8,2244,22,35,4
9:36:08,2243.8,2243.8,2244,7,41,4
9:36:08,2244,2244,2244.2,10,22,38
9:36:09,2244.2,2244,2244.2,4,21,46
9:36:09,2244.2,2244.2,2244.4,60,57,16
9:36:10,2244.6,2244.4,2244.6,22,11,32
9:36:10,2244.4,2244.4,2244.6,3,6,32
9:36:11,2244.4,2244.4,2244.6,17,19,26
9:36:11,2244.4,2244.2,2244.4,81,12,11
9:36:12,2244.2,2244.2,2244.4,21,23,11
9:36:12,2244.4,2244.2,2244.4,9,21,6
9:36:13,2244.4,2244.2,2244.4,7,22,3
9:36:13,2244.4,2244.2,2244.6,6,21,30
9:36:14,2244.2,2244.2,2244.6,2,19,43
9:36:14,2244.4,2244.2,2244.6,6,18,43
9:36:15,2244.4,2244.4,2244.6,5,4,41
9:36:15,2244.6,2244.2,2244.6,16,8,41
9:36:16,2244.6,2244.2,2244.6,3,7,39
9:36:16,2244.6,2244.4,2244.6,25,1,23
9:36:17,2244.6,2244,2244.6,6,44,23
9:36:17,2244.6,2244,2244.4,2,45,1
9:36:18,2244.4,2244.2,2244.6,8,12,25
9:36:18,2244.4,2244.4,2244.6,14,12,26
9:36:19,2244.6,2244.4,2244.6,1,12,26
9:36:19,2244.4,2244.4,2244.6,2,10,27
9:36:20,2244.6,2244.6,2244.8,31,33,35
9:36:20,2244.6,2244.6,2244.8,15,19,35
9:36:21,2244.8,2244.6,2244.8,20,5,30
9:36:21,2244.6,2244.6,2244.8,3,2,30
9:36:22,2244.8,2244.4,2244.6,11,13,2
9:36:22,2244.6,2244.4,2244.6,6,11,10
9:36:23,2244.6,2244.6,2244.8,15,36,29
9:36:23,2244.8,2244.8,2245,46,17,46
9:36:24,2244.8,2244.8,2245,23,32,46
9:36:24,2244.8,2244.8,2245,15,25,40
9:36:25,2245,2244.8,2245,6,24,36
9:36:25,2245,2244.8,2245,8,18,38
9:36:26,2244.8,2244.8,2245,4,16,36
9:36:26,2245,2244.8,2245,4,18,32
9:36:27,2244.8,2244.8,2245,4,16,33
9:36:27,2245,2244.8,2245,14,12,24
9:36:28,2245,2244.8,2245,7,11,19
9:36:28,2245,2244.8,2245,3,9,19
9:36:29,2245,2244.8,2245,4,8,18
9:36:30,2245,2245,2245.2,19,6,35
9:36:30,2244.8,2244.8,2245,21,3,1
9:36:31,2244.8,2244.8,2245,5,7,3
9:36:31,2245,2245,2245.2,23,19,36
9:36:32,2245.2,2245,2245.2,7,20,48
9:36:32,2245,2245,2245.2,7,14,47
9:36:33,2245,2245,2245.2,16,3,50
9:36:33,2245,2244.8,2245,6,5,1
9:36:34,2244.8,2244.8,2245.2,11,1,50
9:36:34,2244.6,2244.6,2245,3,53,16
9:36:35,2244.6,2244.6,2245,8,52,14
9:36:35,2245,2244.8,2245,6,1,15
9:36:36,2244.8,2244.6,2245,11,51,7
9:36:36,2244.8,2244.6,2245,3,49,33
9:36:37,2245.2,2245,2245.2,51,1,34
9:36:37,2244.8,2244.8,2245,3,10,1
9:36:38,2244.8,2244.8,2245,3,8,2
9:36:38,2244.8,2244.8,2245,3,5,2
9:36:39,2244.8,2244.8,2245,2,4,32
9:36:39,2245,2244.6,2244.8,5,52,2
9:36:40,2245,2244.6,2245,8,53,32
9:36:40,2244.6,2244.6,2245,13,53,25
9:36:41,2244.8,2244.6,2245,1,54,25
9:36:41,2244.8,2244.8,2245,2,2,32
9:36:42,2245,2245,2245.2,35,68,60
9:36:42,2245,2245,2245.2,12,59,61
9:36:43,2245,2245,2245.2,10,50,51
9:36:43,2245,2245,2245.2,8,44,50
9:36:44,2245.2,2245,2245.2,4,46,49
9:36:45,2245,2245,2245.2,7,46,44
9:36:45,2245,2245,2245.2,19,27,46
9:36:46,2245,2245,2245.2,15,16,46
9:36:46,2245,2245,2245.2,2,19,46
9:36:47,2245,2245,2245.2,7,13,45
9:36:47,2245,2245,2245.2,3,10,45
9:36:48,2245,2245,2245.2,3,11,45
9:36:48,2245.2,2245,2245.2,11,11,36
9:36:49,2245,2245,2245.2,1,10,37
9:36:49,2245,2245,2245.2,9,1,39
9:36:50,2244.8,2244.8,2245,3,16,1
9:36:50,2245,2244.8,2245,1,19,16
9:36:51,2244.8,2244.8,2245,5,14,23
9:36:51,2245,2244.8,2245,1,15,26
9:36:52,2244.8,2244.8,2245,1,12,51
9:36:52,2245,2244.8,2245,8,5,50
9:36:53,2245,2244.8,2245,1,5,54
9:36:53,2244.8,2244.8,2245,7,3,50
9:36:54,2244.8,2244.8,2245,5,10,53
9:36:55,2244.8,2244.8,2245,7,9,48
9:36:55,2244.8,2244.8,2245,5,9,47
9:36:56,2244.8,2244.8,2245,1,9,50
9:36:56,2244.8,2244.8,2245,1,18,50
9:36:57,2244.8,2244.8,2245,4,14,51
9:36:57,2245,2244.8,2245,27,13,26
9:36:58,2245,2244.8,2245,3,16,33
9:36:58,2245,2244.8,2245,5,20,29
9:36:59,2244.8,2244.8,2245,26,16,14
9:36:59,2244.8,2244.8,2245,4,13,15
9:37:00,2245,2245,2245.2,19,10,34
9:37:00,2244.8,2244.8,2245,19,3,20
9:37:01,2244.8,2244.8,2245,2,2,19
9:37:01,2244.8,2244.8,2245,5,2,15
9:37:02,2244.8,2244.8,2245,1,2,17
9:37:02,2244.8,2244.6,2245,3,69,7
9:37:03,2245,2244.8,2245.2,29,1,18
9:37:03,2245,2244.8,2245,4,1,6
9:37:04,2244.8,2244.8,2245,2,9,18
9:37:04,2244.8,2244.8,2245,2,8,19
9:37:05,2245,2244.8,2245,3,8,10
9:37:05,2245,2244.8,2245,5,6,11
9:37:06,2245,2245,2245.2,12,3,21
9:37:06,2244.8,2245,2245.2,9,1,35
9:37:07,2245,2244.8,2245,2,14,4
9:37:08,2244.8,2244.8,2245,6,10,5
9:37:08,2245,2244.8,2245,3,9,4
9:37:09,2245,2244.8,2245,5,6,6
9:37:09,2245,2244.8,2245,6,4,15
9:37:10,2244.8,2244.6,2244.8,9,73,1
9:37:10,2244.8,2244.8,2245,1,26,19
9:37:11,2245,2244.8,2245,4,33,29
9:37:12,2244.8,2244.8,2245,10,29,23
9:37:12,2245,2244.8,2245,2,27,23
9:37:13,2244.8,2244.8,2245,15,12,21
9:37:13,2244.8,2244.8,2245,2,10,11
9:37:14,2244.8,2244.8,2245,11,22,3
9:37:14,2244.8,2244.8,2245,2,23,3
9:37:15,2244.8,2244.8,2245,4,22,6
9:37:15,2245,2244.8,2245,2,21,6
9:37:16,2244.8,2244.8,2245,11,10,33
9:37:16,2244.8,2244.8,2245,4,6,34
9:37:17,2244.8,2244.6,2244.8,5,82,3
9:37:17,2244.6,2244.6,2244.8,4,79,4
9:37:18,2244.6,2244.6,2244.8,1,77,30
9:37:18,2244.6,2244.6,2244.8,67,10,42
9:37:19,2244.6,2244.4,2244.6,10,23,20
9:37:19,2244.6,2244.4,2244.6,3,21,19
9:37:20,2244.4,2244.4,2244.6,10,14,25
9:37:21,2244.4,2244.4,2244.6,15,2,23
9:37:22,2244.4,2244.4,2244.6,6,3,24
9:37:22,2244.4,2244.4,2244.6,3,3,19
9:37:23,2244.4,2244.2,2244.4,6,40,5
9:37:23,2244.4,2244.4,2244.6,9,4,12
9:37:24,2244.6,2244.6,2244.8,32,4,28
9:37:24,2244.4,2244.2,2244.6,10,41,1
9:37:25,2244.4,2244.4,2244.6,2,4,1
9:37:25,2244.6,2244.4,2244.6,11,30,3
9:37:26,2244.6,2244.6,2244.8,6,39,28
9:37:26,2244.8,2244.6,2244.8,17,28,18
9:37:27,2244.8,2244.6,2244.8,15,28,4
9:37:27,2244.8,2244.6,2244.8,5,27,3
9:37:28,2244.6,2244.6,2244.8,17,12,1
9:37:29,2244.8,2244.6,2244.8,10,3,5
9:37:29,2244.6,2244.4,2244.6,5,40,1
9:37:30,2244.8,2244.4,2244.8,2,43,5
9:37:30,2244.6,2244.4,2244.6,2,43,9
9:37:31,2244.4,2244.4,2244.8,14,41,7
9:37:32,2244.4,2244.6,2244.8,3,1,7
9:37:32,2244.6,2244.6,2244.8,3,2,7
9:37:33,2244.6,2244.6,2244.8,3,1,7
9:37:33,2244.6,2244.4,2244.6,3,39,1
9:37:34,2244.6,2244.6,2244.8,6,2,8
9:37:34,2244.6,2244.4,2244.8,3,45,9
9:37:35,2244.8,2244.8,2245,18,6,75
9:37:36,2244.8,2244.8,2245,2,43,75
9:37:36,2244.8,2244.8,2245,6,37,79
9:37:37,2244.8,2244.8,2245,4,34,78
9:37:37,2245,2244.8,2245,7,32,74
9:37:38,2245,2244.8,2245,43,30,32
9:37:38,2245,2244.8,2245,8,26,29
9:37:39,2245,2244.8,2245,35,19,1
9:37:39,2245,2244.8,2245,6,14,1
9:37:40,2245.2,2245,2245.2,5,21,48
9:37:41,2245.2,2245,2245.2,5,22,46
9:37:41,2245.2,2245,2245.2,6,18,46
9:37:42,2245.2,2245,2245.2,3,18,43
9:37:42,2245.2,2245,2245.2,23,14,33
9:37:43,2245.2,2245,2245.2,2,16,31
9:37:44,2245.2,2245,2245.2,2,15,31
9:37:44,2245.2,2245,2245.2,5,14,29
9:37:45,2245,2245,2245.2,1,13,29
9:37:45,2245.2,2245,2245.2,4,12,27
9:37:46,2245.2,2245,2245.2,7,11,24
9:37:46,2245,2245,2245.2,2,9,24
9:37:47,2245,2244.8,2245,29,30,3
9:37:47,2245,2244.8,2245,2,30,4
9:37:48,2245,2244.8,2245,1,30,10
9:37:48,2244.8,2244.8,2245,1,29,10
9:37:49,2244.8,2244.8,2245,1,28,19
9:37:50,2245,2245,2245.2,19,39,12
9:37:50,2245,2245,2245.2,12,35,4
9:37:51,2245,2245,2245.2,2,34,6
9:37:51,2245,2245,2245.4,11,30,51
9:37:52,2245,2245,2245.4,7,29,51
9:37:52,2245,2245,2245.4,3,27,50
9:37:53,2245.2,2245,2245.2,2,40,5
9:37:54,2245,2245,2245.2,21,23,5
9:37:54,2245.2,2245,2245.2,4,23,1
9:37:55,2245.2,2245,2245.2,1,23,36
9:37:55,2245.2,2245,2245.2,10,22,28
9:37:56,2245,2245,2245.2,22,2,27
9:37:56,2245,2244.8,2245,2,31,24
9:37:57,2245,2244.8,2245,1,33,23
9:37:57,2245,2244.8,2245,1,34,23
9:37:58,2244.8,2244.8,2245,5,31,23
9:37:59,2244.8,2244.8,2245,2,40,23
9:37:59,2245,2244.8,2245,9,40,14
9:38:01,2245,2244.8,2245,6,40,9
9:38:01,2245.2,2245,2245.2,20,1,5
9:38:02,2244.8,2244.8,2245.2,16,38,1
9:38:02,2245.2,2245,2245.4,2,2,48
9:38:03,2245.4,2245,2245.2,5,6,2
9:38:03,2245.4,2245.2,2245.4,12,1,38
9:38:04,2245.4,2245.2,2245.4,6,1,34
9:38:04,2245,2245,2245.2,4,13,3
9:38:05,2245.4,2245.2,2245.4,13,2,31
9:38:05,2245.4,2245.2,2245.4,2,1,30
9:38:06,2245.2,2245,2245.2,4,10,3
9:38:06,2245,2245,2245.2,1,10,3
9:38:07,2245.2,2245,2245.2,7,10,2
9:38:08,2245.2,2245.2,2245.4,15,6,31
9:38:09,2245,2245,2245.4,8,15,31
9:38:09,2245.2,2245,2245.2,1,19,2
9:38:10,2245.4,2245.2,2245.4,6,1,30
9:38:10,2245,2245,2245.2,7,13,2
9:38:11,2245.2,2245,2245.4,3,12,31
9:38:11,2245,2245.2,2245.4,4,1,31
9:38:12,2245.4,2245,2245.4,5,11,32
9:38:12,2245,2245,2245.4,2,14,33
9:38:13,2245,2245,2245.4,2,12,35
9:38:13,2245.4,2245,2245.2,7,6,1
9:38:14,2245,2245,2245.2,1,6,1
9:38:14,2245.2,2245,2245.2,4,13,14
9:38:15,2245,2245,2245.2,10,11,7
9:38:15,2245,2245,2245.2,5,8,6
9:38:16,2245.2,2245,2245.2,4,11,12
9:38:17,2245,2245,2245.2,2,11,11
9:38:18,2245,2245,2245.2,2,11,17
9:38:18,2245,2245,2245.2,3,9,32
9:38:19,2245.2,2245,2245.2,4,8,31
9:38:19,2245,2245,2245.2,3,5,63
9:38:20,2245.2,2244.8,2245,10,43,1
9:38:20,2244.8,2244.8,2245,1,42,4
9:38:21,2245,2244.8,2245,1,42,29
9:38:22,2244.8,2244.8,2245,24,18,27
9:38:22,2245,2244.8,2245,10,24,19
9:38:23,2244.8,2244.8,2245,5,23,22
9:38:23,2244.8,2244.8,2245,14,11,22
9:38:24,2244.8,2244.8,2245,9,2,22
9:38:24,2244.8,2244.6,2244.8,3,32,33
9:38:25,2244.8,2244.6,2244.8,5,28,33
9:38:25,2244.8,2244.6,2244.8,7,26,31
9:38:26,2244.6,2244.6,2244.8,11,18,29
9:38:26,2244.8,2244.6,2244.8,1,18,30
9:38:27,2244.6,2244.6,2244.8,22,12,14
9:38:27,2244.6,2244.6,2244.8,4,9,15
9:38:28,2244.6,2244.6,2244.8,4,5,15
9:38:28,2244.6,2244.6,2244.8,4,6,15
9:38:29,2244.6,2244.6,2244.8,5,2,15
9:38:29,2244.6,2244.4,2244.8,2,23,16
9:38:30,2244.8,2244.4,2244.8,4,22,15
9:38:30,2244.4,2244.4,2244.8,6,17,15
9:38:31,2244.4,2244.4,2244.6,4,13,1
9:38:31,2244.4,2244.4,2244.6,3,10,1
9:38:32,2244.4,2244.4,2244.6,5,6,1
9:38:32,2244.4,2244.4,2244.6,5,5,1
9:38:33,2244.2,2244.2,2244.4,10,19,1
9:38:33,2244.4,2244.2,2244.4,5,15,10
9:38:34,2244.4,2244.2,2244.4,6,12,9
9:38:34,2244.4,2244.4,2244.6,17,6,11
9:38:35,2244.4,2244.2,2244.6,6,12,15
9:38:35,2244.2,2244.2,2244.6,1,17,14
9:38:36,2244.2,2244.2,2244.4,11,33,65
9:38:36,2244.2,2244.2,2244.4,17,26,63
9:38:37,2244.2,2244.2,2244.4,27,13,54
9:38:37,2244.4,2244.2,2244.4,4,11,52
9:38:38,2244.2,2244.2,2244.4,8,26,51
9:38:38,2244.2,2244.2,2244.4,7,23,48
9:38:39,2244.2,2244.2,2244.4,1,26,48
9:38:39,2244.2,2244.2,2244.4,16,45,39
9:38:40,2244.4,2244.2,2244.4,6,40,43
9:38:40,2244.2,2244.2,2244.4,30,32,16
9:38:41,2244.4,2244.2,2244.4,37,2,10
9:38:41,2244.4,2244.4,2244.6,12,3,14
9:38:42,2244.4,2244.2,2244.4,19,2,1
9:38:42,2244.2,2244.2,2244.6,7,1,10
9:38:43,2244.2,2244.4,2244.6,1,1,15
9:38:43,2244.4,2244.2,2244.6,5,11,16
9:38:44,2244.2,2244.2,2244.6,2,15,18
9:38:44,2244.4,2244.4,2244.6,2,9,17
9:38:45,2244.6,2244.4,2244.6,2,9,16
9:38:45,2244.4,2244.4,2244.6,2,7,16
9:38:46,2244.6,2244.4,2244.6,6,6,13
9:38:46,2244.4,2244.4,2244.6,2,6,12
9:38:47,2244.4,2244.4,2244.6,1,7,20
9:38:47,2244.4,2244.2,2244.4,8,21,14
9:38:48,2244.4,2244.2,2244.4,1,21,15
9:38:48,2244.4,2244.2,2244.4,11,20,4
9:38:49,2244.6,2244.4,2244.6,18,11,12
9:38:49,2244.6,2244.4,2244.6,6,12,8
9:38:50,2244.6,2244.6,2244.8,8,3,31
9:38:50,2244.6,2244.6,2244.8,3,2,41
9:38:51,2244.6,2244.6,2244.8,2,1,40
9:38:51,2244.6,2244.6,2244.8,3,6,40
9:38:52,2244.6,2244.6,2244.8,2,34,41
9:38:52,2244.8,2244.6,2244.8,3,34,38
9:38:53,2244.8,2244.6,2244.8,28,31,13
9:38:53,2244.8,2244.6,2244.8,6,32,6
9:38:54,2245,2244.8,2245,13,39,28
9:38:54,2244.8,2244.8,2245,1,39,27
9:38:55,2244.8,2244.8,2245,8,39,22
9:38:55,2245,2244.8,2245,21,39,1
9:38:56,2244.8,2244.8,2245,2,37,7
9:38:56,2244.8,2244.8,2245,2,36,7
9:38:57,2245,2244.8,2245,7,36,11
9:38:57,2244.8,2244.8,2245,4,36,8
9:38:58,2245,2244.8,2245,3,36,13
9:38:58,2244.8,2244.8,2245,3,33,17
9:38:59,2245.2,2245,2245.2,19,1,51
9:38:59,2245,2245,2245.2,7,17,51
9:39:00,2245.2,2245,2245.2,24,10,35
9:39:00,2245.2,2245,2245.2,3,15,32
9:39:01,2245,2245,2245.2,11,10,27
9:39:01,2245.2,2245,2245.2,8,10,22
9:39:02,2245.2,2245,2245.2,15,4,18
9:39:02,2245.2,2245,2245.2,6,3,14
9:39:03,2245.2,2245,2245.2,10,3,4
9:39:03,2245.4,2245.2,2245.4,7,5,50
9:39:04,2245.4,2245.2,2245.4,5,17,47
9:39:04,2245.4,2245.2,2245.4,3,17,44
9:39:05,2245.4,2245.2,2245.4,5,17,39
9:39:05,2245.4,2245.2,2245.4,36,14,2
9:39:06,2245.4,2245.4,2245.6,8,2,40
9:39:06,2245.6,2245.4,2245.6,21,3,20
9:39:07,2245.8,2245.6,2245.8,22,6,38
9:39:07,2245.6,2245.4,2245.6,16,16,1
9:39:08,2245.6,2245.4,2245.6,23,19,1
9:39:08,2245.6,2245.4,2245.6,33,19,14
9:39:09,2245.6,2245.6,2245.8,28,11,24
9:39:09,2245.8,2245.6,2245.8,13,1,25
9:39:10,2245.6,2245.4,2245.6,45,15,7
9:39:10,2245.6,2245.4,2245.6,5,13,14
9:39:11,2245.6,2245.4,2245.6,12,5,2
9:39:11,2245.2,2245,2245.2,14,30,6
9:39:12,2245,2245,2245.4,13,29,3
9:39:12,2245.6,2245.4,2245.6,8,8,4
9:39:13,2245.4,2245.4,2245.6,1,7,11
9:39:13,2245.6,2245.4,2245.6,1,7,7
9:39:14,2245.6,2245.4,2245.6,5,4,5
9:39:14,2245.4,2245.4,2245.8,1,3,8
9:39:15,2245.4,2245.4,2245.8,1,2,11
9:39:15,2245.4,2245.4,2245.6,7,4,20
9:39:16,2245.4,2245.4,2245.6,8,1,19
9:39:16,2245.6,2245.2,2245.6,2,33,31
9:39:17,2245.6,2245.2,2245.6,6,37,47
9:39:17,2245.2,2245.2,2245.4,2,38,6
9:39:18,2245.2,2245.2,2245.6,10,38,48
9:39:18,2245.2,2245.2,2245.6,5,37,45
9:39:19,2245.6,2245.4,2245.6,1,1,47
9:39:20,2245.4,2245.2,2245.6,1,40,49
9:39:20,2245.4,2245.2,2245.6,1,40,50
9:39:21,2245.6,2245.2,2245.6,3,38,49
9:39:21,2245.2,2245.2,2245.4,1,39,3
9:39:22,2245.4,2245.2,2245.4,1,39,12
9:39:23,2245.2,2245.2,2245.4,12,40,15
9:39:23,2245.2,2245.2,2245.4,3,38,17
9:39:24,2245.4,2245.2,2245.4,2,38,15
9:39:24,2245.2,2245.2,2245.4,11,27,25
9:39:25,2245.4,2245.2,2245.4,4,21,26
9:39:25,2245.2,2245.2,2245.4,5,16,26
9:39:26,2245.2,2245.2,2245.4,4,15,26
9:39:26,2245.4,2245.2,2245.4,1,15,26
9:39:27,2245.2,2245.2,2245.4,2,13,29
9:39:27,2245.2,2245.2,2245.4,3,13,28
9:39:28,2245.2,2245,2245.2,13,48,27
9:39:29,2245,2245,2245.2,5,41,29
9:39:30,2245.2,2245,2245.2,4,39,33
9:39:30,2245,2245,2245.2,11,29,33
9:39:31,2245,2245,2245.2,23,6,109
9:39:32,2245,2245,2245.2,3,4,126
9:39:32,2245,2244.8,2245,5,5,5
9:39:33,2244.6,2244.6,2244.8,6,6,2
9:39:33,2245,2244.6,2244.8,3,8,1
9:39:34,2244.6,2244.6,2244.8,5,12,1
9:39:34,2244.6,2244.6,2244.8,2,11,1
9:39:35,2244.6,2244.6,2245,3,10,34
9:39:35,2244.6,2244.8,2245,3,2,40
9:39:36,2244.6,2244.6,2244.8,6,3,5
9:39:36,2244.6,2244.4,2244.6,5,31,1
9:39:37,2244.8,2244.6,2244.8,4,21,4
9:39:37,2244.6,2244.6,2244.8,5,17,6
9:39:38,2244.6,2244.6,2244.8,12,6,3
9:39:39,2244.6,2244.6,2244.8,1,10,16
9:39:40,2244.6,2244.6,2244.8,4,10,15
9:39:40,2244.8,2244.6,2244.8,5,4,16
9:39:41,2244.6,2244.6,2244.8,2,2,32
9:39:41,2244.6,2244.6,2244.8,3,4,34
9:39:42,2244.8,2244.6,2244.8,8,1,32
9:39:42,2244.6,2244.6,2244.8,5,3,33
9:39:43,2244.8,2244.4,2244.8,25,33,13
9:39:43,2244.8,2244.8,2245,13,8,41
9:39:44,2244.8,2244.8,2245,4,5,41
9:39:44,2245,2244.4,2244.6,35,35,3
9:39:45,2244.6,2244.6,2244.8,5,27,2
9:39:45,2244.8,2244.6,2244.8,2,30,4
9:39:46,2244.8,2244.8,2245,13,1,13
9:39:47,2245,2244.6,2245,2,39,13
9:39:48,2245,2244.8,2245,1,20,13
9:39:48,2244.8,2244.8,2245,3,24,11
9:39:49,2244.8,2244.8,2245,2,23,10
9:39:49,2244.8,2244.8,2245,1,32,14
9:39:50,2245,2244.8,2245,3,32,11
9:39:51,2245,2244.8,2245,6,32,5
9:39:51,2244.8,2244.8,2245,5,27,5
9:39:52,2245,2244.8,2245,7,15,3
9:39:52,2245,2245,2245.2,4,6,87
9:39:53,2245,2245,2245.2,6,6,83
9:39:54,2245,2245,2245.2,8,25,83
9:39:54,2245,2245,2245.2,1,24,83
9:39:55,2245.2,2245,2245.2,3,20,81
9:39:56,2245.2,2245,2245.2,1,20,80
9:39:56,2245,2245,2245.2,1,19,80
9:39:57,2245,2245,2245.2,5,18,78
9:39:57,2245.2,2245,2245.2,1,19,75
9:39:58,2245,2245,2245.2,3,17,75
9:39:58,2245,2244.8,2245,22,12,7
9:39:59,2245,2244.8,2245,7,5,2
9:39:59,2245,2244.8,2245,1,20,1
9:40:00,2245,2244.8,2245.2,3,20,75
9:40:00,2244.8,2244.8,2245.2,6,18,73
9:40:01,2244.8,2244.8,2245.2,13,7,72
9:40:01,2244.8,2244.6,2245,54,21,15
9:40:02,2244.8,2244.6,2244.8,6,16,2
9:40:02,2245,2244.8,2245,4,4,28
9:40:03,2244.8,2244.8,2245,3,1,28
9:40:03,2244.6,2244.6,2245,4,20,26
9:40:04,2244.8,2244.6,2244.8,3,20,2
9:40:05,2244.8,2244.6,2244.8,1,24,7
9:40:06,2244.6,2244.6,2244.8,2,24,7
9:40:06,2244.8,2244.6,2244.8,1,24,8
9:40:07,2244.6,2244.6,2244.8,4,20,31
9:40:07,2244.6,2244.6,2244.8,3,16,32
9:40:08,2244.6,2244.6,2244.8,3,16,34
