9:14:00,2275,2274.4,2275,487,3,9
9:15:00,2275,2275.2,2276,189,2,13
9:15:01,2275.2,2275.2,2275.6,273,3,13
9:15:01,2275.6,2275.6,2276.4,113,18,58
9:15:02,2276,2275.6,2276,162,6,11
9:15:02,2275.6,2276.2,2276.4,150,6,36
9:15:03,2276,2275.2,2276,97,13,22
9:15:03,2276.6,2276.4,2276.6,127,1,4
9:15:04,2275.8,2275,2275.6,93,120,1
9:15:04,2276.2,2275.8,2276.2,110,2,7
9:15:05,2276,2275.6,2276,211,12,7
9:15:05,2276,2275.6,2276,106,3,29
9:15:06,2275,2275,2276,173,14,12
9:15:06,2274.8,2274.6,2274.8,58,46,19
9:15:07,2274.4,2273.8,2274.2,184,15,1
9:15:07,2273.6,2273.2,2273.6,76,35,20
9:15:08,2273.8,2273,2273.8,160,1,49
9:15:08,2273.6,2273.2,2273.6,103,1,18
9:15:09,2273.2,2273.2,2273.6,64,27,5
9:15:09,2273.4,2273.4,2273.8,56,33,140
9:15:10,2273.8,2273.6,2273.8,98,3,121
9:15:10,2273.8,2272.6,2273.2,140,28,9
9:15:11,2272.6,2272.6,2273.2,64,33,84
9:15:11,2272.6,2272.6,2272.8,57,3,48
9:15:12,2272.4,2272.2,2272.4,58,34,45
9:15:12,2272.4,2272,2272.2,87,27,4
9:15:13,2272.4,2272.2,2272.4,59,2,10
9:15:13,2272.4,2272.4,2272.6,68,3,66
9:15:14,2272.4,2272.4,2272.6,51,1,49
9:15:14,2272,2272,2272.6,77,2,14
9:15:15,2272,2272,2272.4,40,5,172
9:15:15,2272,2271.8,2272,70,27,34
9:15:16,2271.6,2271.4,2271.6,96,20,9
9:15:16,2271.2,2271.2,2271.6,58,39,2
9:15:17,2271.8,2271.4,2271.8,40,4,30
9:15:17,2271.8,2271.8,2272,87,8,110
9:15:18,2272,2271.2,2271.8,45,15,3
9:15:18,2271.2,2271,2271.2,92,173,37
9:15:19,2271,2271.2,2271.4,92,6,1
9:15:19,2271.4,2271.2,2271.8,34,18,36
9:15:20,2271,2271,2271.2,52,136,3
9:15:20,2271.2,2271,2271.2,178,69,9
9:15:21,2271,2271,2271.2,71,44,59
9:15:21,2271,2270.8,2271.2,102,8,53
9:15:22,2270.8,2270.6,2270.8,48,6,3
9:15:22,2271,2270.4,2271,32,26,38
9:15:23,2270.6,2270.6,2270.8,24,36,13
9:15:23,2270.8,2270.8,2271,96,69,3
9:15:24,2270.8,2271,2271.2,89,37,113
9:15:24,2270.8,2270.8,2271,171,5,3
9:15:25,2271.2,2270.8,2271.8,112,15,32
9:15:25,2271,2271,2271.6,70,17,70
9:15:26,2271.4,2271,2271.4,124,17,12
9:15:26,2271,2271,2271.4,71,66,10
9:15:27,2271.4,2271.2,2271.6,42,8,22
9:15:27,2271.4,2271.4,2271.6,29,12,6
9:15:28,2271.8,2271.6,2271.8,30,3,28
9:15:28,2271.6,2271.4,2271.6,45,5,7
9:15:29,2271.6,2271.6,2271.8,63,11,30
9:15:29,2271.6,2271.8,2272,49,1,94
9:15:30,2271.8,2271.8,2272,104,9,18
9:15:30,2272.2,2272,2272.2,33,66,3
9:15:31,2272.4,2272.2,2272.4,38,25,29
9:15:31,2272.4,2272.2,2272.4,21,17,10
9:15:32,2272.2,2272.2,2272.4,24,3,4
9:15:32,2272.4,2272.4,2272.6,46,20,14
9:15:33,2272.6,2272.4,2272.6,39,4,12
9:15:33,2272.4,2272.2,2272.4,33,1,1
9:15:34,2272.6,2272.6,2273,31,1,10
9:15:34,2272.6,2272.6,2273,24,1,14
9:15:35,2272.6,2272.6,2272.8,21,5,8
9:15:35,2272.8,2272.8,2273,25,1,14
9:15:36,2272.8,2272.6,2273.4,50,25,16
9:15:36,2273,2273,2273.2,18,1,10
9:15:37,2273,2272.6,2273,27,22,5
9:15:37,2273,2273,2273.6,57,18,44
9:15:38,2273,2273,2273.4,72,21,2
9:15:38,2272.6,2272.6,2273,56,23,1
9:15:39,2273,2272.6,2273,20,18,2
9:15:39,2272.6,2272.6,2273,17,19,16
9:15:40,2272.6,2272.4,2272.6,32,94,26
9:15:40,2272.4,2272.4,2272.6,27,83,15
9:15:41,2273,2272.6,2273,95,1,10
9:15:41,2273,2272.6,2273,18,1,12
9:15:42,2272.6,2272.6,2272.8,16,15,1
9:15:42,2273,2272.8,2273,7,20,6
9:15:43,2273,2273,2273.2,15,70,3
9:15:43,2273.4,2273.2,2273.4,12,15,6
9:15:44,2273.4,2273.4,2273.6,15,5,36
9:15:44,2273.4,2273.2,2273.4,31,13,7
9:15:45,2273.4,2273.4,2273.6,18,4,18
9:15:45,2273.6,2273.4,2273.6,27,8,15
9:15:46,2273.6,2273.4,2273.6,21,1,9
9:15:46,2273.4,2273.2,2273.4,16,21,2
9:15:47,2273.6,2273.6,2273.8,12,7,20
9:15:47,2273.8,2273.6,2273.8,13,6,15
9:15:48,2273.8,2273.8,2274,22,7,9
9:15:48,2274,2273.8,2274,7,6,10
9:15:49,2274,2273.8,2274,45,6,84
9:15:49,2273.6,2273.6,2273.8,24,10,8
9:15:50,2273.8,2273,2273.6,98,160,5
9:15:50,2273.6,2273.4,2273.6,28,1,1
9:15:51,2273.4,2273,2273.4,7,160,2
9:15:51,2273.2,2273,2273.6,34,151,30
9:15:52,2273.4,2273,2273.6,36,144,9
9:15:52,2273.4,2273.2,2273.4,13,2,9
9:15:53,2273.2,2273.2,2273.6,20,16,27
9:15:53,2273.6,2273.4,2273.6,2,2,26
9:15:54,2273.2,2273.2,2273.4,14,11,2
9:15:54,2273.4,2273,2273.4,17,163,6
9:15:55,2273.6,2273.6,2274,117,10,25
9:15:55,2273.6,2273.6,2273.8,11,22,4
9:15:56,2273.6,2273.6,2274,29,1,25
9:15:56,2273.6,2273.2,2273.6,25,6,10
9:15:57,2274,2273.8,2274,31,10,17
9:15:57,2273.8,2273.8,2274,10,2,27
9:15:58,2274,2273.4,2273.8,36,13,1
9:15:58,2273.4,2273.4,2273.8,14,8,10
9:15:59,2273.4,2273.2,2273.4,15,32,1
9:15:59,2273.8,2273.6,2273.8,7,7,5
9:16:00,2273.8,2273.6,2274,9,7,15
9:16:00,2273.6,2273.2,2273.6,42,22,6
9:16:01,2273.4,2273.4,2273.6,17,17,15
9:16:01,2273.2,2273,2273.2,102,96,20
9:16:02,2273,2273,2273.8,40,93,65
9:16:02,2273.4,2273.2,2273.4,13,24,24
9:16:03,2273,2273,2273.2,29,91,4
9:16:03,2273.2,2273,2273.2,47,59,17
9:16:04,2273,2273,2273.2,31,51,2
9:16:04,2273,2273,2273.2,22,45,1
9:16:05,2273,2273,2273.4,20,28,48
9:16:05,2273.4,2273.2,2273.4,55,2,19
9:16:06,2273.4,2273.4,2273.6,21,30,29
9:16:06,2273.6,2273.6,2273.8,41,6,50
9:16:07,2273.6,2273.4,2273.8,74,2,16
9:16:07,2273.6,2273.4,2273.8,7,6,14
9:16:08,2273.4,2273.2,2273.4,33,11,2
9:16:08,2273.4,2273.6,2273.8,7,20,15
9:16:09,2273.6,2273.4,2273.6,21,3,2
9:16:09,2273.4,2273.2,2273.4,10,17,1
9:16:10,2273.4,2273.4,2273.6,3,8,7
9:16:10,2273.6,2273.4,2273.6,7,12,14
9:16:11,2273.4,2273.4,2273.6,11,9,15
9:16:11,2273.6,2273.4,2273.6,12,11,4
9:16:12,2273.4,2273.4,2273.6,8,10,4
9:16:12,2273.8,2273.6,2273.8,17,4,16
9:16:13,2273.6,2273.4,2273.6,28,5,8
9:16:13,2273.6,2273.6,2273.8,15,2,16
9:16:14,2273.6,2273.6,2273.8,17,34,12
9:16:14,2273.8,2273.8,2274,66,14,22
9:16:15,2273.8,2273.8,2274,21,12,16
9:16:15,2274,2273.8,2274,22,11,3
9:16:16,2274,2274,2274.2,38,3,11
9:16:16,2274,2273.8,2274,9,2,22
9:16:17,2273.8,2273.6,2273.8,10,15,33
9:16:17,2273.6,2273.4,2273.6,19,2,14
9:16:18,2273.4,2273.2,2273.4,8,4,8
9:16:18,2273.4,2273.2,2273.6,9,4,15
9:16:19,2273.4,2273.2,2273.4,10,2,4
9:16:19,2273.4,2273.2,2273.4,4,5,2
9:16:20,2273.2,2273,2273.4,6,64,2
9:16:20,2273.6,2273.4,2273.6,9,12,11
9:16:21,2273.6,2273.6,2273.8,13,29,42
9:16:21,2273.8,2273.6,2273.8,11,20,41
9:16:22,2273.4,2273.4,2273.6,37,4,2
9:16:22,2273.6,2273.6,2273.8,3,2,41
9:16:23,2273.6,2273.4,2273.6,5,12,23
9:16:23,2273.6,2273.4,2273.6,16,8,13
9:16:24,2273.6,2273.4,2273.6,2,9,11
9:16:24,2273.6,2273.4,2273.6,8,80,13
9:16:25,2273.6,2273.6,2273.8,16,6,38
9:16:25,2273.8,2273.6,2273.8,15,4,30
9:16:26,2273.6,2273.4,2273.8,8,75,32
9:16:26,2273.8,2273.4,2273.8,25,82,10
9:16:27,2273.6,2273.6,2273.8,4,34,9
9:16:27,2273.6,2273.6,2273.8,14,30,1
9:16:28,2273.6,2273.8,2274,22,7,53
9:16:28,2274,2273.8,2274,14,2,47
9:16:29,2274,2273.8,2274,7,1,47
9:16:29,2273.8,2273.6,2274,3,38,53
9:16:30,2274,2273.6,2273.8,36,41,1
9:16:30,2274.2,2274,2274.2,25,13,28
9:16:31,2273.8,2273.8,2274,16,17,1
9:16:31,2274,2274,2274.2,28,3,19
9:16:32,2274,2274,2274.2,3,14,19
9:16:32,2274,2274,2274.2,2,13,18
9:16:33,2274.2,2274,2274.2,13,8,11
9:16:33,2274.2,2274,2274.2,8,5,11
9:16:34,2274,2274,2274.2,3,2,23
9:16:34,2274,2273.8,2274,36,18,10
9:16:35,2273.8,2273.8,2274,25,16,7
9:16:35,2274,2273.8,2274,16,4,20
9:16:36,2274,2273.8,2274,7,3,15
9:16:36,2273.8,2273.8,2274,13,9,5
9:16:37,2273.8,2273.8,2274,15,4,4
9:16:37,2274,2274,2274.2,18,38,3
9:16:38,2274,2274,2274.4,7,42,54
9:16:38,2274.4,2274.2,2274.4,19,14,53
9:16:39,2274.4,2274.2,2274.4,42,1,49
9:16:39,2274.4,2274,2274.4,15,10,36
9:16:40,2274.4,2274,2274.4,11,10,32
9:16:40,2274.2,2274,2274.2,15,10,11
9:16:41,2274,2273.8,2274,18,7,1
9:16:41,2274.4,2274,2274.4,24,1,14
9:16:42,2274.2,2273.6,2274,26,51,1
9:16:42,2274,2274,2274.2,4,2,2
9:16:43,2274,2273.8,2274,11,17,20
9:16:43,2273.8,2273.6,2273.8,20,54,1
9:16:44,2274,2273.8,2274,14,2,1
9:16:44,2273.8,2273.8,2274,6,9,9
9:16:45,2273.8,2273.8,2274,6,17,7
9:16:45,2273.8,2273.8,2274,4,15,7
9:16:46,2274,2273.8,2274,5,30,3
9:16:46,2274,2274,2274.2,6,48,11
9:16:47,2274,2274,2274.2,36,65,13
9:16:47,2274.2,2274.2,2274.4,31,12,27
9:16:48,2274.4,2274.4,2274.6,36,4,27
9:16:48,2274.2,2274.2,2274.6,49,49,13
9:16:49,2274.4,2274.4,2274.6,4,2,12
9:16:49,2274.4,2274.4,2274.6,4,14,9
9:16:50,2274.6,2274.6,2274.8,11,2,37
9:16:50,2274.8,2274.6,2274.8,40,1,27
9:16:51,2274.8,2274.8,2275,34,45,30
9:16:51,2274.8,2274.8,2275,9,44,26
9:16:52,2274.8,2275,2275.2,30,1,12
9:16:52,2275,2275,2275.2,8,5,8
9:16:53,2275.2,2275,2275.2,15,15,4
9:16:53,2275,2274.8,2275,69,46,1
9:16:54,2275.2,2274.8,2275.2,17,39,7
9:16:54,2274.8,2275,2275.2,22,3,7
9:16:55,2274.8,2274.8,2275.2,25,22,5
9:16:55,2275.2,2275.2,2275.4,11,4,4
9:16:56,2275.2,2275.2,2275.4,9,5,7
9:16:56,2275.2,2275,2275.2,15,5,11
9:16:57,2275.2,2275,2275.2,13,8,3
9:16:57,2275.4,2275.2,2275.4,8,7,8
9:16:58,2275.2,2275.2,2275.4,14,1,24
9:16:58,2275.4,2275.2,2275.4,28,3,7
9:16:59,2275.2,2275.2,2275.4,6,22,4
9:16:59,2275.2,2275.4,2275.6,14,41,47
9:17:00,2275.6,2275.4,2275.6,45,19,15
9:17:00,2275.6,2275.6,2275.8,26,37,14
9:17:01,2275.8,2275.6,2276,34,39,14
9:17:01,2276,2276,2276.2,31,21,16
9:17:02,2276.2,2276.2,2276.8,52,2,11
9:17:02,2276.4,2276.2,2276.6,47,24,24
9:17:03,2277,2276.8,2277,73,11,7
9:17:03,2277,2277.4,2277.8,72,1,20
9:17:04,2277.8,2277.8,2278,69,16,80
9:17:04,2278,2277.6,2278,80,6,57
9:17:05,2277.8,2277,2277.6,83,25,1
9:17:05,2277.6,2277.2,2277.8,67,20,13
9:17:06,2277.2,2277.2,2277.6,43,34,38
9:17:06,2277.2,2277.2,2277.6,80,5,24
9:17:07,2277.6,2277,2277.6,47,24,23
9:17:07,2277.6,2277.6,2277.8,47,8,13
9:17:08,2276.8,2276.6,2276.8,94,18,38
9:17:08,2276.8,2277,2277.6,83,3,18
9:17:09,2277.8,2277.6,2277.8,42,11,18
9:17:09,2277.8,2277.8,2278,50,1,38
9:17:10,2277.8,2277.8,2278,25,1,30
9:17:10,2278,2277.8,2278,30,10,12
9:17:11,2278,2278,2278.2,36,4,38
9:17:11,2277.8,2277.8,2278,17,24,36
9:17:12,2277.6,2277.4,2277.6,50,3,2
9:17:12,2277.2,2277,2277.4,41,31,4
9:17:13,2277.4,2277,2277.4,73,1,14
9:17:13,2277.2,2276.8,2277,68,1,1
9:17:14,2276.8,2276.4,2276.8,21,15,26
9:17:14,2276.8,2276.6,2276.8,20,11,9
9:17:15,2276.4,2276.4,2277.2,39,5,3
9:17:15,2276.8,2276.6,2276.8,65,5,7
9:17:16,2277,2276.8,2277.2,28,1,4
9:17:16,2277,2276.4,2277,28,2,5
9:17:17,2276.8,2276.4,2276.6,7,4,8
9:17:17,2276.6,2276.4,2276.6,62,23,3
9:17:18,2276.6,2276.6,2276.8,21,21,2
9:17:18,2276.6,2276.6,2276.8,1,21,4
9:17:19,2276.6,2276.8,2277,15,6,54
9:17:19,2277,2276.8,2277,28,8,37
9:17:20,2276.8,2276.6,2276.8,19,21,8
9:17:20,2276.8,2276.6,2276.8,19,5,4
9:17:21,2276.8,2276.6,2276.8,15,8,1
9:17:21,2276.8,2276.4,2276.6,19,19,1
9:17:22,2276.6,2276.4,2276.8,12,13,3
9:17:22,2276.4,2276.4,2276.8,10,12,5
9:17:23,2276.8,2276.4,2276.8,12,6,4
9:17:23,2276.4,2276.2,2276.4,7,9,2
9:17:24,2276.4,2276.4,2277,27,2,37
9:17:24,2276.8,2276.4,2276.8,27,6,36
9:17:25,2276,2276,2276.4,18,30,20
9:17:25,2276.4,2276,2276.4,23,27,2
9:17:26,2276.4,2276.4,2276.6,26,3,1
9:17:26,2276.6,2276.4,2276.6,7,14,5
9:17:27,2276.6,2276.4,2276.6,4,21,4
9:17:27,2276.6,2276.6,2276.8,1,4,38
9:17:28,2276.4,2276.6,2276.8,33,3,24
9:17:28,2276.4,2276.4,2276.8,27,8,9
9:17:29,2277,2276.8,2277,30,2,38
9:17:29,2276.8,2276.8,2277,13,14,32
9:17:30,2276.8,2276.8,2277,32,10,7
9:17:30,2277,2277,2277.2,39,6,10
9:17:31,2277,2277,2277.2,7,5,10
9:17:31,2277.2,2276.8,2277.2,22,7,17
9:17:32,2277,2276.8,2277,6,17,5
9:17:32,2277,2277,2277.2,15,5,25
9:17:33,2276.8,2276.8,2277,14,7,28
9:17:33,2277,2276.8,2277,8,4,25
9:17:34,2276.8,2276.6,2276.8,15,9,14
9:17:34,2276.8,2276.6,2276.8,16,5,5
9:17:35,2276.8,2276.6,2276.8,4,5,8
9:17:35,2276.8,2276.6,2276.8,17,1,8
9:17:36,2276.8,2276.6,2276.8,12,6,8
9:17:36,2276.8,2276.6,2276.8,8,4,3
9:17:37,2277,2276.8,2277,5,1,59
9:17:37,2276.6,2276.6,2277,7,6,62
9:17:38,2276.4,2276.4,2276.8,13,45,30
9:17:38,2276.4,2276.4,2276.8,6,50,32
9:17:39,2276.8,2276.6,2276.8,11,2,33
9:17:39,2276.8,2276.6,2276.8,27,7,6
9:17:40,2276.6,2276.6,2276.8,11,10,2
9:17:40,2276.6,2276.6,2277,5,15,83
9:17:41,2276.6,2276.6,2276.8,7,12,1
9:17:41,2276.8,2276.6,2277,17,19,85
9:17:42,2277,2277,2277.2,91,14,23
9:17:42,2277,2277,2277.2,9,8,22
9:17:43,2277,2277,2277.2,4,8,21
9:17:43,2277.2,2277,2277.2,10,8,15
9:17:44,2277.2,2277,2277.2,14,23,12
9:17:44,2277,2277,2277.2,12,13,12
9:17:45,2276.8,2276.8,2277.2,24,8,13
9:17:45,2277.2,2276.8,2277.6,25,12,29
9:17:46,2277,2277,2277.2,11,7,1
9:17:46,2277.2,2277,2277.4,17,13,11
9:17:47,2277,2277.2,2277.6,16,3,37
9:17:47,2277.2,2277.2,2277.4,5,13,14
9:17:48,2277.4,2277.2,2277.4,11,9,6
9:17:48,2277.2,2277.2,2277.4,6,7,8
9:17:49,2277.4,2277.2,2277.4,11,1,36
9:17:49,2277.2,2277,2277.2,28,45,1
9:17:50,2277.2,2277,2277.2,17,39,7
9:17:50,2277,2277,2277.2,4,37,6
9:17:51,2277.4,2277.2,2277.4,19,11,21
9:17:51,2277.2,2277.2,2277.4,13,5,22
9:17:52,2277.4,2277.4,2277.6,18,24,39
9:17:52,2277.4,2277.4,2277.6,7,18,40
9:17:53,2277.4,2277.4,2277.6,8,12,38
9:17:53,2277.4,2277.4,2277.6,18,4,30
9:17:54,2277.6,2277.2,2277.6,12,12,26
9:17:54,2277.6,2277.2,2277.6,11,10,18
9:17:55,2277.4,2277.4,2277.6,7,9,15
9:17:55,2277.6,2277.4,2277.6,14,12,2
9:17:56,2277.6,2277.4,2277.6,14,8,6
9:17:56,2277.4,2277.4,2277.6,4,3,17
9:17:57,2277.2,2277.2,2277.4,8,29,3
9:17:57,2277.4,2277.2,2277.6,18,20,17
9:17:58,2277.4,2277.2,2277.4,4,53,2
9:17:58,2277.2,2277.2,2277.4,12,45,14
9:17:59,2277.4,2277.2,2277.4,6,43,11
9:17:59,2277.2,2277.2,2277.4,26,19,30
9:18:00,2277.2,2277,2277.2,20,65,33
9:18:00,2277.2,2277,2277.2,41,44,30
9:18:01,2277.2,2277,2277.2,28,24,35
9:18:01,2277,2276.8,2277,29,15,18
9:18:02,2277,2276.6,2277,30,21,24
9:18:02,2276.8,2276.8,2277,25,8,27
9:18:03,2276.8,2276.8,2277,9,3,25
9:18:03,2276.8,2276.8,2277.2,64,3,25
9:18:04,2276.6,2276.6,2277,13,15,1
9:18:04,2276.8,2276.8,2277,11,9,5
9:18:05,2276.8,2276.8,2277,8,2,8
9:18:05,2276.8,2276.6,2276.8,9,9,11
9:18:06,2276.8,2276.6,2276.8,15,6,31
9:18:06,2276.4,2276.4,2276.6,13,40,1
9:18:07,2276.4,2276.4,2276.6,2,39,5
9:18:07,2276.4,2276.4,2276.6,4,35,5
9:18:08,2276.8,2276.6,2276.8,49,6,16
9:18:08,2276.8,2276.6,2276.8,18,9,3
9:18:09,2276.4,2276.4,2276.6,11,8,13
9:18:09,2276.6,2276.6,2276.8,14,5,7
9:18:10,2276.6,2276.6,2276.8,7,2,9
9:18:10,2276.4,2276.4,2276.6,4,12,16
9:18:11,2276.6,2276.4,2276.6,12,5,37
9:18:11,2276.4,2276.2,2276.4,15,28,6
9:18:12,2276.4,2276.2,2276.4,2,30,8
9:18:12,2276.4,2276.2,2276.4,3,29,7
9:18:13,2276.2,2276.2,2276.4,9,26,19
9:18:13,2276.2,2276.2,2276.6,31,19,38
9:18:14,2276.4,2276.2,2276.4,5,16,4
9:18:14,2276.4,2276.2,2276.4,4,34,5
9:18:15,2276.2,2276.2,2276.4,8,30,2
9:18:15,2276.4,2276.4,2276.6,5,2,39
9:18:16,2276.4,2276.4,2276.6,9,27,39
9:18:16,2276.6,2276.4,2276.6,18,20,32
9:18:17,2276.4,2276.4,2276.6,8,22,27
9:18:17,2276.8,2276.4,2276.8,47,10,7
9:18:18,2276.4,2276.2,2276.8,16,25,7
9:18:18,2276.4,2276.2,2276.4,6,28,1
9:18:19,2276.4,2276.2,2276.6,1,32,2
9:18:19,2276.4,2276.4,2276.6,8,8,4
9:18:20,2276.4,2276.2,2276.4,12,32,2
9:18:20,2276.2,2276.2,2276.6,4,36,5
9:18:21,2276.4,2276.2,2276.4,8,52,4
9:18:22,2276.4,2276.2,2276.4,6,51,7
9:18:22,2276.4,2276.2,2276.6,16,52,7
9:18:23,2276.4,2276.4,2276.6,54,9,8
9:18:23,2276.6,2276.6,2276.8,12,8,9
9:18:24,2276.6,2276.2,2276.8,11,9,14
9:18:24,2276.6,2276.6,2276.8,10,6,11
9:18:25,2276.6,2276.6,2276.8,14,12,15
9:18:25,2276.6,2276.6,2276.8,3,9,17
9:18:26,2276.6,2276.4,2276.8,2,8,18
9:18:26,2276.8,2276.4,2276.8,7,8,16
9:18:27,2276.6,2276.6,2276.8,9,13,12
9:18:27,2276.8,2276.6,2276.8,3,11,11
9:18:28,2276.8,2276.6,2276.8,3,9,9
9:18:28,2276.8,2276.6,2276.8,2,8,9
9:18:29,2277,2276.6,2277,36,6,68
9:18:29,2276.8,2276.8,2277,1,2,69
9:18:30,2276.6,2276.8,2277,8,1,68
9:18:30,2276.6,2276.6,2277,3,7,68
9:18:31,2276.8,2276.4,2276.6,10,7,1
9:18:31,2276.8,2276.8,2277,11,1,66
9:18:32,2277,2276.6,2277,37,1,33
9:18:33,2276.6,2276.6,2277,1,8,32
9:18:33,2276.6,2276.6,2276.8,2,17,1
9:18:34,2277,2276.6,2277,10,25,26
9:18:35,2276.8,2276.6,2276.8,23,20,2
9:18:35,2276.6,2276.6,2276.8,2,25,2
9:18:36,2276.8,2276.6,2276.8,1,17,2
9:18:36,2276.6,2276.6,2277,6,16,21
9:18:37,2276.6,2276.6,2276.8,3,15,1
9:18:38,2276.8,2276.6,2277,4,9,27
9:18:38,2277,2276.6,2276.8,1,9,1
9:18:39,2276.6,2276.6,2277,2,8,27
9:18:39,2277,2276.6,2277,6,4,32
9:18:40,2276.8,2276.6,2277,2,7,26
9:18:40,2276.8,2276.6,2276.8,1,8,1
9:18:41,2276.6,2276.6,2276.8,1,10,1
9:18:41,2276.6,2276.4,2276.6,12,21,18
9:18:42,2276.6,2276.4,2276.6,1,21,17
9:18:42,2277,2276.4,2277,58,19,26
9:18:43,2276.4,2276.4,2276.8,3,18,3
9:18:44,2276.8,2276.4,2276.8,9,11,7
9:18:44,2276.8,2276.6,2276.8,5,1,5
9:18:45,2276.4,2276.6,2276.8,2,1,5
9:18:45,2276.6,2276.4,2276.8,2,10,5
9:18:46,2276.4,2276.4,2276.8,3,7,6
9:18:46,2276.8,2276.4,2276.8,2,6,6
9:18:47,2276.8,2276.6,2276.8,5,1,3
9:18:47,2276.8,2276.6,2276.8,1,1,2
9:18:48,2276.6,2276.4,2276.8,2,6,1
9:18:48,2276.6,2276.4,2276.6,3,5,4
9:18:49,2276.4,2276.4,2276.6,4,5,3
9:18:49,2276.4,2276.4,2276.6,1,4,5
9:18:50,2276.2,2276.2,2276.6,8,46,6
9:18:50,2276.4,2276.2,2276.4,2,46,3
9:18:51,2276.2,2276.2,2276.6,17,61,7
9:18:51,2276.2,2276.2,2276.6,18,45,20
9:18:52,2276.2,2276.4,2276.6,5,21,21
9:18:52,2276.4,2276.4,2276.6,12,11,20
9:18:53,2276.4,2276.2,2276.4,11,39,5
9:18:53,2276.2,2276.2,2276.4,6,34,6
9:18:54,2276.2,2276.2,2276.4,2,34,7
9:18:54,2276.2,2276.2,2276.4,2,42,9
9:18:55,2276.4,2276.2,2276.4,1,42,11
9:18:55,2276.2,2276.2,2276.4,7,34,12
9:18:56,2276.4,2276.2,2276.4,4,31,12
9:18:57,2276.4,2276.2,2276.4,10,24,11
9:18:57,2276.2,2276.2,2276.4,7,18,10
9:18:58,2276.2,2276.2,2276.4,16,5,8
9:18:58,2276.2,2276,2276.2,7,103,13
9:18:59,2276.2,2276,2276.2,4,103,10
9:18:59,2276.2,2276,2276.2,3,103,8
9:19:00,2276,2276,2276.2,4,101,6
9:19:00,2276,2276,2276.2,34,87,7
9:19:01,2276,2276,2276.2,12,77,5
9:19:01,2276,2276,2276.2,4,74,4
9:19:02,2276,2276,2276.2,12,68,2
9:19:02,2276,2276,2276.2,36,32,8
9:19:03,2276,2276,2276.2,5,28,2
9:19:03,2276,2276,2276.2,10,25,3
9:19:04,2276.2,2276,2276.2,17,10,2
9:19:04,2276,2276,2276.4,9,8,12
9:19:05,2276,2275.8,2276,11,17,10
9:19:05,2276,2275.8,2276,17,10,2
9:19:06,2275.8,2275.8,2276.4,13,2,12
9:19:06,2276,2275.8,2276,9,13,2
9:19:07,2275.8,2275.8,2276.2,15,6,13
9:19:07,2275.8,2275.8,2276,7,11,1
9:19:08,2275.6,2275.6,2275.8,14,17,2
9:19:08,2275.6,2275.6,2275.8,6,15,21
9:19:09,2275.6,2275.4,2275.6,17,61,3
9:19:09,2275.4,2275.4,2275.6,3,60,9
9:19:10,2275.4,2275.4,2275.6,14,48,12
9:19:10,2275.4,2275.4,2276.6,93,23,8
9:19:11,2275.6,2275.8,2276.2,22,6,20
9:19:11,2276,2276,2276.2,35,43,6
9:19:12,2276,2276,2276.4,22,27,1
9:19:12,2276.4,2276.2,2276.4,9,5,2
9:19:13,2276.4,2276.2,2276.6,6,5,24
9:19:13,2276,2276,2276.6,8,29,24
9:19:14,2276.6,2276,2276.6,20,15,23
9:19:14,2276.6,2276.2,2276.4,8,4,2
9:19:15,2276,2275.8,2276,26,20,10
9:19:15,2275.8,2275.8,2276,7,13,5
9:19:16,2276,2275.8,2276,2,13,3
9:19:16,2275.8,2275.8,2276,3,7,1
9:19:17,2275.8,2275.8,2276,5,26,1
9:19:17,2275.8,2275.8,2276.2,23,15,1
9:19:18,2275.8,2275.8,2276,4,18,13
9:19:18,2276,2275.8,2276,3,21,15
9:19:19,2276,2275.8,2276,2,22,26
9:19:19,2276,2275.8,2276,6,31,20
9:19:20,2275.8,2275.8,2276,5,29,21
9:19:20,2276,2275.8,2276,1,34,20
9:19:21,2276,2275.8,2276,27,18,18
9:19:21,2276,2275.8,2276,7,18,11
9:19:22,2275.8,2275.8,2276.2,15,16,4
9:19:22,2275.8,2276,2276.2,3,4,4
9:19:23,2276,2276,2276.2,4,6,3
9:19:23,2276,2276,2276.2,8,2,1
9:19:24,2276,2276,2276.2,1,2,1
9:19:24,2276.2,2276,2276.4,3,3,11
9:19:25,2276,2276,2276.4,1,3,17
9:19:25,2276,2276,2276.4,1,8,22
9:19:26,2276,2276,2276.2,1,8,1
9:19:26,2275.8,2275.8,2276,23,6,5
9:19:27,2276,2275.8,2276,1,7,5
9:19:27,2276,2276,2276.2,10,4,13
9:19:28,2276,2276,2276.2,4,1,13
9:19:28,2276.2,2276,2276.2,2,2,11
9:19:29,2276,2275.8,2276,12,15,5
9:19:29,2276.4,2275.8,2276.4,35,1,22
9:19:30,2276,2275.8,2276,2,8,2
9:19:30,2276,2275.6,2276,12,22,8
9:19:31,2275.8,2275.6,2275.8,3,42,2
9:19:31,2275.6,2275.8,2276,10,1,6
9:19:32,2275.6,2275.8,2276,1,4,7
9:19:33,2275.8,2275.6,2276,7,38,6
9:19:33,2275.8,2275.6,2275.8,3,38,4
9:19:34,2276,2276,2276.2,9,4,14
9:19:34,2276,2276,2276.2,2,2,15
9:19:35,2276,2276,2276.2,2,1,14
9:19:35,2276,2275.8,2276.2,1,4,15
9:19:37,2275.8,2275.8,2276,1,6,1
9:19:37,2276,2275.8,2276.2,2,6,18
9:19:38,2275.8,2275.8,2276.2,23,3,1
9:19:38,2275.8,2276,2276.2,1,1,1
9:19:39,2276,2275.8,2276.2,4,25,2
9:19:39,2276.2,2275.8,2276,1,25,1
9:19:40,2276.2,2276.2,2276.4,7,29,22
9:19:40,2276.2,2276.2,2276.4,2,27,23
9:19:41,2276.4,2276.2,2276.4,7,22,20
9:19:41,2276.2,2276.2,2276.4,3,20,19
9:19:42,2276.4,2276.2,2276.4,4,18,17
9:19:42,2276.2,2276,2276.2,18,29,3
9:19:43,2276,2276.4,2276.6,24,1,20
9:19:44,2276.2,2276,2276.2,7,29,2
9:19:44,2276.2,2276.2,2276.4,2,10,1
9:19:45,2276.2,2276.2,2276.4,6,23,1
9:19:45,2276.6,2276.4,2276.6,2,8,19
9:19:46,2276.6,2276.4,2276.6,17,6,4
9:19:46,2276.6,2276.4,2276.6,3,7,2
9:19:47,2276.4,2276.4,2276.6,4,10,1
9:19:47,2276.4,2276.4,2276.8,2,12,22
9:19:48,2276.6,2276.6,2276.8,4,10,23
9:19:48,2276.4,2276.4,2276.6,11,12,2
9:19:49,2276.6,2276.6,2276.8,4,3,23
9:19:49,2276.6,2276.6,2276.8,2,4,23
9:19:50,2276.6,2276.6,2276.8,3,1,25
9:19:50,2276.6,2276.4,2276.6,1,12,1
9:19:51,2276.8,2276.4,2276.6,5,13,4
9:19:52,2276.6,2276.4,2276.6,3,13,3
9:19:52,2276.6,2276.4,2276.6,1,13,4
9:19:53,2276.6,2276.4,2276.8,4,13,27
9:19:53,2276.6,2276.4,2276.8,4,13,26
9:19:54,2276.6,2276.6,2276.8,4,1,25
9:19:54,2276.6,2276.4,2276.6,8,14,25
9:19:55,2276.6,2276.4,2276.6,1,14,24
9:19:55,2276.6,2276.4,2276.6,17,1,20
9:19:56,2276.4,2276.2,2276.4,1,35,5
9:19:56,2276.4,2276.2,2276.4,5,36,22
9:19:57,2276.4,2276.2,2276.4,24,33,5
9:19:58,2276.2,2276.2,2276.4,2,25,7
9:19:58,2276.2,2276.2,2276.4,2,23,7
9:19:59,2276.4,2276.2,2276.4,7,19,4
9:19:59,2276.2,2276.2,2276.4,15,4,5
9:20:00,2276,2276,2276.4,28,37,27
9:20:00,2276,2275.6,2276,110,7,12
9:20:01,2276,2275.6,2276,14,4,80
9:20:01,2275.8,2275.4,2275.8,28,26,21
9:20:02,2275.4,2275.4,2275.8,11,17,25
9:20:02,2275.2,2275.2,2275.4,31,81,1
9:20:03,2276,2275.2,2276,82,50,71
9:20:03,2275.4,2275.4,2275.6,4,25,1
9:20:04,2275.4,2275.4,2275.6,10,18,6
9:20:04,2275.4,2275.4,2275.6,5,28,6
9:20:05,2275.6,2275.4,2275.6,2,28,5
9:20:05,2275.6,2275.4,2275.8,8,28,11
9:20:06,2275.8,2275.6,2275.8,7,2,10
9:20:06,2275.6,2275.4,2275.6,7,21,15
9:20:07,2275.4,2275.4,2275.6,4,19,15
9:20:07,2275.6,2275.4,2275.6,5,14,14
9:20:08,2275.6,2275.6,2275.8,25,7,18
9:20:08,2275.6,2275.6,2275.8,19,2,18
9:20:09,2275.8,2275.6,2275.8,6,2,13
9:20:09,2275.8,2275.6,2275.8,2,5,12
9:20:10,2275.8,2275.6,2275.8,5,6,11
9:20:10,2275.6,2275.6,2275.8,1,6,16
9:20:11,2275.8,2275.6,2275.8,9,8,10
9:20:11,2275.8,2275.6,2275.8,1,8,10
9:20:12,2275.6,2275.6,2275.8,2,6,10
9:20:12,2275.8,2275.6,2275.8,10,3,5
9:20:13,2276,2275.8,2276,5,3,22
9:20:13,2275.8,2275.8,2276,2,4,23
9:20:14,2275.8,2275.8,2276,2,2,22
9:20:14,2275.8,2275.8,2276,3,3,20
9:20:15,2276,2275.8,2276,15,1,7
9:20:15,2276,2275.6,2276,2,13,6
9:20:16,2276,2275.6,2276,13,8,1
9:20:16,2276,2275.8,2276.2,1,1,14
9:20:17,2276,2276,2276.2,2,13,13
9:20:18,2276.2,2276,2276.2,3,17,12
9:20:18,2276.2,2276,2276.2,2,17,10
9:20:19,2276,2276.2,2276.4,11,1,26
9:20:19,2276,2276,2276.4,3,38,26
9:20:20,2276.4,2276,2276.4,11,37,17
9:20:20,2276.2,2276,2276.2,19,38,20
9:20:21,2276.2,2276,2276.2,4,38,16
9:20:21,2276.2,2276,2276.2,2,38,14
9:20:22,2276.2,2276,2276.2,11,38,3
9:20:22,2276.2,2276.2,2276.4,8,16,16
9:20:23,2276.2,2276.2,2276.4,9,11,14
9:20:23,2276.4,2276.4,2276.6,18,3,10
9:20:24,2276.6,2276.2,2276.6,7,10,7
9:20:24,2276.6,2276.6,2276.8,7,13,80
9:20:25,2276.8,2276.6,2276.8,12,14,69
9:20:25,2276.6,2276.6,2276.8,12,10,61
9:20:26,2276.8,2276.6,2276.8,7,8,57
9:20:26,2276.8,2276.6,2276.8,5,9,53
9:20:27,2276.8,2276.6,2276.8,12,10,42
9:20:27,2276.8,2276.6,2276.8,21,5,26
9:20:28,2276.8,2276.6,2276.8,7,16,20
9:20:28,2276.8,2276.6,2276.8,8,15,13
9:20:29,2276.8,2276.8,2277,14,5,88
9:20:29,2277,2276.8,2277,11,39,86
9:20:30,2276.8,2276.8,2277,7,40,82
9:20:30,2277,2276.8,2277,10,47,77
9:20:31,2277,2276.8,2277,15,47,64
9:20:31,2277,2276.8,2277,8,44,59
9:20:32,2276.8,2276.8,2277,10,37,56
9:20:32,2277,2276.8,2277,9,37,49
9:20:33,2277,2276.8,2277,4,35,47
9:20:33,2276.8,2276.8,2277,11,28,44
9:20:34,2277,2276.8,2277,3,28,42
9:20:34,2277,2276.8,2277,34,7,29
9:20:35,2276.8,2276.6,2277,12,12,32
9:20:35,2277,2277,2277.2,45,8,20
9:20:36,2276.8,2276.6,2276.8,14,15,30
9:20:36,2277,2277,2277.2,55,2,22
9:20:37,2277,2276.8,2277,7,1,8
9:20:37,2277,2276.8,2277,3,3,42
9:20:38,2277,2276.8,2277,5,6,42
9:20:38,2276.8,2276.6,2277,11,15,40
9:20:39,2276.8,2276.6,2276.8,4,14,2
9:20:39,2276.8,2276.6,2277,26,21,17
9:20:40,2276.8,2276.8,2277,4,49,17
9:20:40,2277,2276.8,2277,12,48,20
9:20:41,2277,2277,2277.2,21,2,18
9:20:41,2277,2277,2277.2,1,8,18
9:20:42,2277.2,2277,2277.2,2,31,17
9:20:42,2277.2,2277,2277.2,9,35,10
9:20:43,2277,2277,2277.2,10,32,7
9:20:43,2277,2277,2277.2,6,30,3
9:20:44,2277.2,2277,2277.2,5,31,4
9:20:44,2277,2277,2277.2,7,29,12
9:20:45,2277,2276.8,2277.2,38,62,5
9:20:45,2277,2276.8,2277,4,60,57
9:20:46,2277,2276.8,2277,9,59,56
9:20:47,2277,2276.8,2277,54,9,52
9:20:47,2276.6,2276.4,2276.6,27,21,11
9:20:48,2276.6,2276.4,2276.6,17,10,8
9:20:48,2276.6,2276.4,2276.6,2,10,3
9:20:49,2276.6,2276.4,2276.6,3,10,1
9:20:49,2276.4,2276.4,2276.8,3,8,50
9:20:50,2276.8,2276.4,2276.8,2,2,54
9:20:50,2276.6,2276.4,2276.6,2,2,3
9:20:51,2276.2,2276.2,2276.6,5,18,14
9:20:51,2276.8,2276.6,2276.8,33,19,50
9:20:52,2276.4,2276.2,2276.4,20,21,2
9:20:52,2276.4,2276.4,2276.6,3,18,1
9:20:53,2276.6,2276.6,2276.8,4,5,36
9:20:54,2276.6,2276.6,2276.8,2,3,37
9:20:54,2276.8,2276.6,2276.8,4,2,36
9:20:55,2276.4,2276.4,2276.6,3,20,10
9:20:55,2276.6,2276.4,2276.6,8,20,4
9:20:56,2276.4,2276.4,2276.6,1,19,4
9:20:56,2276.6,2276.6,2276.8,4,1,37
9:20:57,2276.8,2276.4,2276.6,14,19,1
9:20:57,2277,2276.4,2277,42,19,46
9:20:58,2277,2276.6,2277,39,23,12
9:20:58,2277,2276.8,2277,1,3,11
9:20:59,2277,2276.8,2277,2,16,11
9:20:59,2277.4,2277.2,2277.4,37,13,77
9:21:00,2277,2277,2277.2,16,2,4
9:21:00,2277,2277,2277.4,32,3,54
9:21:01,2277,2277,2277.2,37,3,1
9:21:01,2277,2277,2277.4,22,9,22
9:21:02,2277,2276.8,2277,33,1,1
9:21:02,2277,2276.6,2277,11,21,17
9:21:03,2276.6,2276.6,2277,3,19,31
9:21:03,2276.8,2276.6,2276.8,5,17,7
9:21:04,2276.6,2276.6,2277,13,15,31
9:21:04,2276.6,2276.6,2277,11,12,36
9:21:05,2276.6,2276.6,2277,9,5,34
9:21:05,2277,2276.6,2277,2,4,34
9:21:06,2276.8,2276.6,2276.8,9,12,6
9:21:06,2276.6,2276.4,2276.6,19,45,1
9:21:07,2277,2276.6,2276.8,11,2,1
9:21:07,2276.8,2276.4,2276.8,7,44,2
9:21:08,2276.6,2276.4,2276.6,5,42,3
9:21:08,2276.6,2276.6,2276.8,6,25,18
9:21:09,2276.6,2276.6,2276.8,6,20,27
9:21:09,2276.6,2276.6,2276.8,6,17,24
9:21:10,2276.6,2276.6,2276.8,14,5,25
9:21:11,2276.8,2276.4,2276.8,12,42,24
9:21:11,2276.6,2276.4,2276.8,2,43,25
9:21:12,2276.6,2276.4,2276.6,6,38,2
9:21:12,2276.6,2276.4,2276.6,1,38,1
9:21:13,2276.8,2276.4,2276.8,11,37,19
9:21:13,2276.6,2276.4,2276.8,1,37,19
9:21:14,2276.4,2276.4,2276.8,1,36,22
9:21:14,2277,2276.4,2277,32,35,17
9:21:15,2276.6,2276.4,2276.6,6,35,4
9:21:15,2276.6,2276.8,2277,7,20,19
9:21:16,2276.8,2276.8,2277,4,18,21
9:21:16,2276.8,2276.8,2277,7,11,20
9:21:17,2276.8,2276.8,2277,2,9,23
9:21:17,2276.8,2276.8,2277,8,6,19
9:21:18,2276.8,2276.8,2277,5,1,21
9:21:18,2276.8,2276.6,2276.8,1,10,2
9:21:19,2276.8,2276.8,2277,3,7,23
9:21:19,2276.8,2276.8,2277,3,5,25
9:21:20,2277,2276.8,2277,1,5,25
9:21:20,2276.6,2276.4,2277,19,48,24
9:21:21,2276.4,2276.4,2277,16,42,15
9:21:22,2276.6,2276.6,2276.8,3,2,6
9:21:23,2276.6,2276.6,2276.8,2,3,36
9:21:23,2276.8,2276.6,2276.8,1,3,35
9:21:24,2276.6,2276.6,2276.8,2,1,35
9:21:24,2276.8,2276.4,2276.6,21,45,2
9:21:25,2276.6,2276.4,2276.8,3,46,17
9:21:25,2276.8,2276.4,2276.6,2,46,10
9:21:26,2276.4,2276.4,2276.6,1,45,10
9:21:27,2276.6,2276.4,2276.6,3,43,10
9:21:27,2276.6,2276.4,2276.6,2,42,9
9:21:28,2276.4,2276.4,2276.6,8,35,8
9:21:28,2276.4,2276.4,2276.6,9,31,13
9:21:29,2276.6,2276.4,2276.6,11,22,12
9:21:29,2276.4,2276.2,2276.4,28,48,1
9:21:30,2276.4,2276.2,2276.4,10,40,50
9:21:30,2276.4,2276.2,2276.4,1,40,49
9:21:31,2276.4,2276.2,2276.4,19,27,40
9:21:31,2276.2,2276.2,2276.4,10,17,41
9:21:32,2276.2,2276.2,2276.4,6,12,40
9:21:32,2276.4,2276.2,2276.4,4,12,38
9:21:33,2276.2,2276.2,2276.4,17,7,27
9:21:33,2276.2,2276,2276.2,30,63,1
9:21:34,2276,2276,2276.2,10,54,12
9:21:34,2276.2,2276,2276.2,17,43,6
9:21:35,2276,2276,2276.2,4,40,5
9:21:35,2276,2276,2276.2,14,27,12
9:21:36,2276,2276,2276.2,10,23,6
9:21:36,2276,2276,2276.2,1,22,6
9:21:37,2276,2276,2276.2,13,11,7
9:21:37,2276,2275.8,2276,12,25,13
9:21:38,2275.8,2275.8,2276,3,24,14
9:21:38,2276,2275.8,2276,3,24,16
9:21:39,2275.8,2275.8,2276,8,17,15
9:21:39,2276,2276,2276.2,19,21,7
9:21:40,2276,2275.8,2276,25,17,2
9:21:41,2276,2275.8,2276,2,23,1
9:21:41,2276.2,2276.2,2276.4,15,15,34
9:21:42,2276.2,2276.2,2276.4,26,9,15
9:21:42,2276.2,2276.2,2276.4,1,8,14
9:21:43,2276.2,2276,2276.2,8,1,11
9:21:43,2276.2,2276,2276.2,2,24,9
9:21:44,2276.2,2276.2,2276.4,10,25,16
9:21:45,2276.4,2276.4,2276.6,19,4,6
9:21:45,2276.4,2276.4,2276.6,2,7,8
9:21:46,2276.8,2276.6,2276.8,11,10,51
9:21:46,2276.6,2276.6,2276.8,5,8,50
9:21:47,2276.6,2276.6,2276.8,1,7,50
9:21:48,2276.8,2276.6,2276.8,1,7,49
9:21:49,2276.4,2276.4,2276.6,13,1,2
9:21:49,2276.6,2276.4,2276.6,1,2,3
9:21:50,2276.6,2276.6,2276.8,4,6,49
9:21:51,2276.8,2276.6,2276.8,7,3,48
9:21:51,2276.4,2276.4,2276.6,5,1,8
9:21:52,2276.6,2276.4,2276.6,1,7,8
9:21:53,2276.4,2276.2,2276.4,7,25,8
9:21:54,2276.4,2276.2,2276.4,5,25,4
9:21:54,2276.6,2276.6,2276.8,17,12,48
9:21:55,2276.6,2276.6,2276.8,2,15,55
9:21:56,2276.6,2276.6,2276.8,6,9,56
9:21:57,2276.6,2276.6,2276.8,3,6,56
9:21:58,2276.6,2276.6,2276.8,12,10,46
9:21:58,2276.8,2276.6,2276.8,2,9,46
9:21:59,2276.6,2276.6,2276.8,2,7,46
9:22:00,2276.8,2276.6,2276.8,4,4,51
9:22:00,2276.6,2276.6,2276.8,11,5,43
9:22:01,2276.4,2276.4,2276.8,7,3,42
9:22:01,2276.4,2276.2,2276.4,7,26,1
9:22:02,2276.2,2276.2,2276.4,17,9,2
9:22:02,2276.4,2276.2,2276.6,4,7,5
9:22:03,2276.6,2276.4,2276.6,2,4,7
9:22:03,2276.6,2276.4,2276.6,3,4,5
9:22:04,2276.4,2276.4,2276.6,6,2,6
9:22:05,2276.4,2276.4,2276.6,4,3,34
9:22:06,2276.4,2276.4,2276.6,4,2,33
9:22:06,2276.6,2276.4,2276.6,15,1,21
9:22:07,2276.4,2276.2,2276.4,1,14,3
9:22:07,2276.4,2276.2,2276.4,1,19,5
9:22:08,2276.2,2276.2,2276.4,21,2,3
9:22:08,2276.2,2276,2276.2,2,86,1
9:22:09,2276.2,2276.2,2276.4,1,1,5
9:22:10,2276.2,2276.2,2276.4,2,4,9
9:22:10,2276.2,2276.2,2276.4,3,4,7
9:22:11,2276.4,2276.2,2276.4,2,6,7
9:22:12,2276.2,2276.2,2276.4,2,5,7
9:22:13,2276.2,2276.2,2276.4,2,4,8
9:22:13,2276.2,2276.2,2276.4,1,3,8
9:22:14,2276.4,2276.2,2276.4,2,20,7
9:22:14,2276.2,2276.2,2276.4,1,19,7
9:22:15,2276.4,2276.2,2276.4,3,17,7
9:22:16,2276.4,2276.2,2276.4,4,22,15
9:22:16,2276.2,2276.2,2276.4,13,10,14
9:22:17,2276.2,2276.2,2276.4,1,10,15
9:22:17,2276.2,2276.2,2276.4,5,7,13
9:22:18,2276.2,2276,2276.2,10,105,20
9:22:19,2276.2,2276,2276.2,1,105,19
9:22:19,2276.2,2276,2276.2,3,105,16
9:22:20,2276,2276,2276.2,12,96,15
9:22:20,2276.2,2276,2276.2,5,96,11
9:22:21,2276,2276,2276.2,20,82,14
9:22:21,2276,2276,2276.2,8,74,14
9:22:22,2276,2276,2276.2,18,61,12
9:22:22,2275.8,2275.8,2276,70,53,47
9:22:23,2276,2275.8,2276,2,54,67
9:22:23,2275.8,2275.8,2276,9,45,68
9:22:24,2275.8,2275.8,2276,23,22,69
9:22:24,2275.8,2275.8,2276,2,21,72
9:22:25,2276,2275.8,2276,19,5,61
9:22:25,2275.8,2275.6,2275.8,5,36,1
9:22:26,2275.8,2275.6,2275.8,27,25,3
9:22:27,2275.6,2275.6,2275.8,3,23,5
9:22:27,2275.6,2275.6,2276,13,21,55
9:22:28,2275.6,2275.6,2275.8,17,4,3
9:22:28,2275.6,2275.6,2275.8,3,4,1
9:22:29,2275.8,2275.8,2276,16,4,56
9:22:29,2275.8,2275.8,2276,3,3,63
9:22:30,2275.6,2275.6,2276,8,32,63
9:22:30,2275.6,2275.6,2275.8,2,31,2
9:22:31,2275.6,2275.6,2275.8,1,30,5
9:22:31,2275.6,2275.6,2275.8,1,30,8
9:22:32,2275.8,2275.6,2275.8,1,35,14
9:22:32,2275.6,2275.6,2275.8,7,33,9
9:22:33,2275.6,2275.6,2275.8,15,22,9
9:22:33,2275.8,2275.6,2275.8,2,22,7
9:22:34,2275.6,2275.6,2275.8,14,14,2
9:22:34,2275.6,2275.6,2275.8,2,32,2
9:22:35,2275.8,2275.6,2275.8,3,32,2
9:22:35,2276,2275.8,2276,7,5,69
9:22:36,2275.8,2275.8,2276,13,1,69
9:22:36,2275.8,2275.8,2276,10,11,66
9:22:37,2276,2275.8,2276,4,28,63
9:22:38,2276,2275.8,2276,9,25,56
9:22:38,2276,2276,2276.2,58,35,3
9:22:39,2276.2,2276.2,2276.4,3,31,5
9:22:39,2276.2,2276.2,2276.4,3,38,6
9:22:40,2276.2,2276.2,2276.4,1,36,5
9:22:40,2276.4,2276.2,2276.4,4,34,3
9:22:41,2276.2,2276.2,2276.4,1,33,4
9:22:41,2276.4,2276.2,2276.4,1,34,3
9:22:42,2276.4,2276.2,2276.4,1,25,4
9:22:42,2276.4,2276.2,2276.4,5,24,1
9:22:43,2276.4,2276.2,2276.6,1,21,16
9:22:44,2276.4,2276.4,2276.6,12,4,17
9:22:44,2276.6,2276.4,2276.6,14,2,5
9:22:45,2276.4,2276.4,2276.6,1,7,10
9:22:45,2276.4,2276.4,2276.6,1,7,11
9:22:46,2276.6,2276.4,2276.6,1,7,10
9:22:46,2276.6,2276.4,2276.6,2,7,9
9:22:47,2276.6,2276.4,2276.6,3,10,9
9:22:47,2276.6,2276.4,2276.6,3,10,7
9:22:48,2276.6,2276.4,2276.6,5,10,3
9:22:48,2276.6,2276.4,2276.6,2,9,2
9:22:49,2276.6,2276.6,2276.8,2,4,56
9:22:49,2276.6,2276.6,2276.8,3,5,58
9:22:50,2276.8,2276.6,2276.8,3,1,56
9:22:50,2276.4,2276.2,2276.4,14,11,3
9:22:51,2276.8,2276.6,2276.8,16,6,54
9:22:51,2276.6,2276.4,2276.6,7,4,21
9:22:52,2276.4,2276.4,2276.6,2,4,20
9:22:52,2276.4,2276.4,2276.6,4,6,16
9:22:53,2276.6,2276.4,2276.6,8,3,11
9:22:53,2276.6,2276.4,2276.6,3,3,8
9:22:54,2276.4,2276.4,2276.6,7,2,8
9:22:54,2276.6,2276.6,2276.8,13,10,57
9:22:55,2276.6,2276.6,2276.8,2,10,59
9:22:55,2276.6,2276.6,2276.8,6,5,58
9:22:56,2276.6,2276.6,2276.8,1,4,59
9:22:56,2276.6,2276.6,2276.8,1,3,59
9:22:57,2276.6,2276.6,2276.8,3,5,64
9:22:58,2276.6,2276.6,2276.8,1,6,80
9:22:58,2276.6,2276.4,2276.8,7,4,79
9:22:59,2276.4,2276.4,2276.6,2,2,14
9:23:00,2276.4,2276.4,2276.6,1,1,27
9:23:00,2276.6,2276.2,2276.4,8,10,1
9:23:01,2276,2276,2276.2,12,18,1
9:23:02,2276,2276,2276.2,1,18,9
9:23:02,2276,2276,2276.2,3,16,8
9:23:03,2276,2276,2276.2,2,15,12
9:23:03,2276,2276,2276.2,1,14,12
9:23:04,2276.2,2276,2276.2,3,14,9
9:23:04,2276,2276,2276.2,1,13,9
9:23:05,2276.2,2276,2276.2,1,15,8
9:23:06,2276,2276,2276.2,7,15,4
9:23:06,2276,2276,2276.2,1,17,5
9:23:07,2275.8,2275.8,2276,19,38,2
9:23:07,2275.8,2275.8,2276,1,37,3
9:23:08,2275.8,2275.8,2276,5,32,3
9:23:08,2276,2275.8,2276,3,31,1
9:23:09,2275.8,2275.8,2276,1,30,1
9:23:09,2276,2276,2276.2,2,4,14
9:23:10,2276,2276,2276.2,2,5,13
9:23:11,2276,2276,2276.2,1,6,13
9:23:12,2276.2,2276,2276.2,1,6,14
9:23:13,2276,2275.8,2276.2,7,23,14
9:23:13,2276.2,2275.8,2276.2,2,23,12
9:23:14,2276.2,2276,2276.2,1,1,11
9:23:15,2276,2276,2276.2,1,2,12
9:23:15,2276,2275.8,2276.2,2,25,14
9:23:16,2276,2275.8,2276,1,25,2
9:23:17,2276,2275.8,2276,5,25,20
9:23:17,2276,2275.8,2276,2,25,19
9:23:18,2275.8,2275.8,2276,6,27,18
9:23:18,2275.8,2275.6,2275.8,30,47,30
9:23:19,2275.8,2275.6,2275.8,2,47,28
9:23:19,2275.8,2275.6,2275.8,45,6,28
9:23:20,2275.4,2275.2,2275.4,40,52,23
9:23:20,2275.2,2275.2,2275.4,12,40,27
9:23:21,2275.2,2275.2,2275.4,22,19,27
9:23:21,2275.4,2275.2,2275.4,20,1,25
9:23:22,2275.2,2275.2,2275.4,14,7,25
9:23:22,2275.2,2275.2,2275.4,14,6,22
9:23:23,2275.4,2275.2,2275.4,2,16,21
9:23:23,2275.4,2275.4,2275.6,20,17,5
9:23:24,2275.6,2275.6,2275.8,7,4,52
9:23:24,2275.8,2275.6,2275.8,12,3,49
9:23:25,2275.4,2275.4,2275.8,6,10,33
9:23:25,2275.2,2275.2,2275.4,13,18,24
9:23:26,2275.4,2275.2,2275.4,12,26,17
9:23:26,2275.2,2275.2,2275.4,5,21,17
9:23:27,2275.2,2275,2275.2,23,121,4
9:23:27,2275.2,2275.2,2275.4,6,5,18
9:23:28,2275.2,2275.2,2275.4,7,20,18
9:23:28,2275.2,2275.2,2275.4,12,9,18
9:23:29,2275.4,2275.2,2275.4,5,13,14
9:23:29,2275.2,2275.2,2275.4,5,12,12
9:23:30,2275.2,2275.2,2275.4,5,9,12
9:23:31,2275.2,2275.2,2275.4,4,12,9
9:23:31,2275.2,2275.2,2275.4,4,9,8
9:23:32,2275.2,2275.2,2275.4,3,6,8
9:23:32,2275.2,2275.2,2275.4,6,4,26
9:23:33,2275.2,2275,2275.2,5,128,7
9:23:34,2275.4,2275.2,2275.4,22,4,24
9:23:34,2275.2,2275,2275.4,9,126,23
9:23:35,2275.2,2275.2,2275.4,5,2,26
9:23:35,2275,2275,2275.2,6,123,3
9:23:36,2275,2275,2275.2,23,102,1
9:23:36,2275,2275,2275.2,25,77,5
9:23:37,2275,2275,2275.2,46,31,24
9:23:37,2275,2274.8,2275,41,50,4
9:23:38,2275,2274.8,2275,39,26,2
9:23:38,2274.8,2274.8,2275,11,18,61
9:23:39,2274.8,2274.8,2275,15,17,61
9:23:39,2274.8,2274.8,2275,15,3,64
9:23:40,2274.8,2274.6,2274.8,8,25,4
9:23:40,2275,2274.8,2275,14,18,65
9:23:41,2274.6,2274.6,2275,33,8,61
9:23:41,2274.8,2274.8,2275,14,19,62
9:23:42,2275,2274.6,2275,27,16,57
9:23:42,2274.6,2274.6,2274.8,3,20,6
9:23:43,2274.8,2274.6,2275,28,19,37
9:23:43,2275,2274.6,2275,6,27,36
9:23:44,2274.6,2274.6,2274.8,8,21,3
9:23:44,2274.6,2274.6,2274.8,14,9,14
9:23:45,2274.6,2274.4,2274.6,16,9,6
9:23:45,2274.6,2274.4,2274.6,7,6,5
9:23:46,2274.8,2274.2,2274.4,20,17,1
9:23:46,2274.2,2274.2,2274.8,12,16,16
9:23:47,2274.2,2274.4,2274.8,23,1,13
9:23:47,2274.6,2274,2274.2,47,4,24
9:23:48,2274.4,2274,2274.4,9,2,19
9:23:48,2274,2273.8,2274,29,33,3
9:23:49,2274,2273.6,2274,69,2,6
9:23:49,2273.8,2273.4,2273.6,42,13,5
9:23:50,2273.4,2273.4,2273.6,36,2,3
9:23:50,2273.2,2273.2,2273.4,26,10,5
9:23:51,2273.4,2273.2,2273.4,14,6,14
9:23:51,2273,2273,2273.2,12,30,1
9:23:52,2272.8,2272.8,2273,53,8,22
9:23:52,2272.8,2272.6,2272.8,39,19,13
9:23:53,2272.6,2272.6,2272.8,43,7,5
9:23:53,2272.6,2272.4,2272.6,38,10,25
9:23:54,2272.4,2272.2,2272.6,36,48,35
9:23:54,2272.4,2272.4,2272.6,23,24,43
9:23:55,2272.6,2272.4,2272.6,16,22,41
9:23:55,2272.4,2272.4,2272.6,47,17,18
9:23:56,2272.6,2272.6,2272.8,65,37,5
9:23:56,2272.6,2272.4,2272.6,65,15,1
9:23:57,2273,2273,2273.2,37,17,16
9:23:57,2273,2272.6,2273,21,35,11
9:23:58,2272.8,2272.6,2272.8,31,21,20
9:23:58,2272.6,2272.6,2272.8,27,16,14
9:23:59,2272.8,2272.6,2272.8,18,5,9
9:23:59,2272.8,2272.6,2273,20,5,61
9:24:00,2272.6,2272.4,2272.6,39,2,30
9:24:00,2272.6,2272.2,2272.6,85,37,23
9:24:01,2272.4,2272.2,2272.4,20,24,30
9:24:01,2272.2,2272.2,2272.4,50,2,9
9:24:02,2272,2272,2272.2,27,49,14
9:24:02,2272.4,2272,2272.2,25,47,1
9:24:03,2272.4,2272.2,2272.4,21,50,3
9:24:03,2272.4,2272.4,2272.6,53,16,28
9:24:04,2272.4,2272.4,2272.6,18,31,21
9:24:04,2272.6,2272.4,2272.6,28,50,15
9:24:05,2272.6,2272.6,2273,30,7,34
9:24:05,2273,2272.6,2272.8,11,31,6
9:24:06,2272.8,2272.6,2272.8,25,22,5
9:24:06,2273,2272.8,2273,66,44,2
9:24:07,2272.8,2272.8,2273,1,51,3
9:24:07,2273.2,2273,2273.2,8,12,12
9:24:08,2273,2273,2273.2,3,24,10
9:24:08,2273.2,2273.2,2273.4,18,80,27
9:24:09,2273.2,2273.2,2273.4,28,66,15
9:24:09,2273.4,2273.2,2273.4,17,68,3
9:24:10,2273.6,2273.6,2273.8,14,15,7
9:24:10,2273.8,2273.6,2273.8,24,9,9
9:24:11,2273.6,2273.4,2273.6,25,108,8
9:24:11,2273.8,2273.6,2273.8,27,1,37
9:24:12,2273.8,2273.6,2273.8,10,6,30
9:24:12,2273.8,2273.6,2273.8,22,1,15
9:24:13,2273.6,2273.4,2273.6,10,99,4
9:24:13,2273.6,2273.6,2273.8,12,3,4
9:24:14,2273.8,2273.8,2274,5,4,4
9:24:14,2273.8,2273.8,2274,5,2,7
9:24:15,2273.8,2273.6,2274,8,6,3
9:24:15,2273.6,2273.4,2273.6,13,96,21
9:24:16,2273.4,2273.4,2273.6,14,94,9
9:24:16,2273.8,2273.4,2273.8,11,93,2
9:24:17,2273.6,2273.6,2273.8,10,38,5
9:24:17,2273.8,2273.6,2273.8,6,40,1
9:24:18,2273.8,2273.8,2274,3,5,4
9:24:18,2273.8,2273.8,2274.2,12,6,9
9:24:19,2274,2274,2274.2,6,1,9
9:24:19,2274.2,2273.8,2274.2,7,10,5
9:24:20,2274.2,2273.8,2274.2,21,1,2
9:24:20,2273.8,2274.2,2274.4,7,6,17
9:24:21,2274.4,2274.2,2274.4,17,7,6
9:24:21,2274.2,2274,2274.2,22,5,1
9:24:22,2274.2,2274.2,2274.4,5,5,11
9:24:22,2274.2,2274.2,2274.4,11,6,5
9:24:23,2274.2,2274.4,2274.6,10,1,24
9:24:23,2274.2,2274.2,2274.4,12,1,32
9:24:24,2274.4,2274.2,2274.4,22,1,16
9:24:24,2274.2,2274,2274.2,5,5,1
9:24:25,2274,2274,2274.4,10,4,20
9:24:25,2274.4,2274,2274.4,9,8,14
9:24:26,2274.2,2274,2274.4,6,7,17
9:24:26,2274.4,2274.2,2274.4,10,10,11
9:24:27,2274.4,2274.2,2274.4,10,10,3
9:24:27,2274.4,2274.2,2274.6,7,13,18
9:24:28,2274.6,2274.4,2274.6,11,4,10
9:24:28,2274.6,2274.6,2274.8,15,52,17
9:24:29,2274.8,2274.6,2274.8,14,52,3
9:24:29,2275,2275,2275.2,37,26,10
9:24:30,2275.4,2275.4,2275.6,19,5,17
9:24:30,2275.6,2275.2,2275.4,15,12,3
9:24:31,2275.4,2275.2,2275.4,19,11,1
9:24:31,2275.4,2275.2,2275.4,12,12,10
9:24:32,2275.2,2275.2,2275.4,22,7,4
9:24:32,2275.4,2275,2275.6,16,23,9
9:24:33,2275.4,2275.4,2275.6,2,3,10
9:24:33,2275.6,2275.4,2275.6,40,1,5
9:24:34,2275.4,2275.2,2275.4,4,2,10
9:24:34,2275.2,2275.2,2275.4,5,20,10
9:24:35,2275.6,2275.2,2275.6,16,18,7
9:24:35,2275.6,2275.6,2275.8,29,2,37
9:24:36,2275.6,2275.4,2275.6,21,2,2
9:24:36,2275.8,2275.6,2275.8,15,3,24
9:24:37,2275.6,2275.4,2275.6,11,5,44
9:24:37,2275.4,2275.2,2275.4,20,7,23
9:24:38,2275.4,2275.2,2275.4,8,10,30
9:24:38,2275.4,2275.2,2275.4,2,10,44
9:24:39,2275.2,2275.2,2275.4,11,3,30
9:24:39,2275.4,2275,2275.2,50,6,2
9:24:40,2275,2274.8,2275,7,7,18
9:24:40,2275,2274.8,2275,7,22,66
9:24:41,2274.8,2274.6,2274.8,29,54,1
9:24:41,2274.6,2274.6,2274.8,42,50,10
9:24:42,2274.8,2274.8,2275,16,11,19
9:24:42,2275,2275,2275.2,26,44,16
9:24:43,2275,2275,2275.2,27,31,3
9:24:43,2275,2275,2275.2,8,25,10
9:24:44,2275.2,2275.2,2275.4,12,1,17
9:24:44,2275.4,2275.4,2275.6,17,2,38
9:24:45,2275.4,2275.2,2275.6,6,3,32
9:24:45,2275.2,2275.2,2275.4,4,2,1
9:24:46,2275.2,2275,2275.2,5,26,10
9:24:46,2275.2,2275,2275.2,6,23,19
9:24:47,2275.2,2275,2275.2,3,22,18
9:24:47,2275.2,2275,2275.2,9,30,9
9:24:48,2275.2,2275,2275.2,16,15,8
9:24:48,2275.2,2275,2275.2,11,10,3
9:24:49,2275.2,2275,2275.4,3,10,6
9:24:49,2275,2274.8,2275,13,14,3
9:24:50,2275,2274.8,2275,2,14,2
9:24:50,2275,2275,2275.4,6,7,38
9:24:51,2275,2275,2275.2,2,6,19
9:24:51,2275,2275,2275.2,1,6,20
9:24:52,2275.2,2275,2275.2,6,7,19
9:24:52,2275.2,2275,2275.2,9,1,19
9:24:53,2275.2,2275,2275.2,1,2,18
9:24:53,2275,2275,2275.2,11,2,19
9:24:54,2275,2274.8,2275,2,15,4
9:24:54,2275,2275,2275.2,5,15,29
9:24:55,2275.2,2275,2275.2,1,17,28
9:24:55,2275,2275,2275.2,1,17,29
9:24:56,2275,2274.8,2275,27,19,6
9:24:56,2275,2274.8,2275,1,19,13
9:24:57,2274.8,2274.8,2275,2,14,12
9:24:57,2275,2274.8,2275,2,14,12
9:24:58,2275,2274.8,2275,1,14,13
9:24:58,2275,2274.8,2275,1,15,12
9:24:59,2275,2275,2275.2,14,9,18
9:24:59,2275.2,2274.8,2275.2,10,13,17
9:25:00,2275,2275,2275.2,1,20,17
9:25:00,2275,2275,2275.2,20,10,9
9:25:01,2275.2,2275.2,2275.4,17,13,53
9:25:01,2275.2,2275.2,2275.4,2,58,53
9:25:02,2275.4,2275.2,2275.4,29,59,30
9:25:02,2275.4,2275.2,2275.4,28,58,3
9:25:03,2275.4,2275.4,2275.6,6,5,60
9:25:03,2275.4,2275.4,2275.6,12,6,52
9:25:04,2275.6,2275.4,2275.6,6,7,45
9:25:04,2275.4,2275.2,2275.4,9,49,25
9:25:05,2275.4,2275.2,2275.4,5,49,20
9:25:05,2275.6,2275.4,2275.6,27,6,12
9:25:06,2275.4,2275.4,2275.6,3,4,12
9:25:06,2275.6,2275.6,2275.8,14,4,42
9:25:07,2275.6,2275.6,2275.8,2,13,44
9:25:07,2275.6,2275.6,2275.8,32,13,13
9:25:08,2275.6,2275.8,2276,25,12,113
9:25:08,2276,2275.8,2276,30,101,86
9:25:09,2276,2275.8,2276,27,98,63
9:25:09,2276,2276,2276.2,73,34,31
9:25:10,2276.2,2276,2276.2,19,39,16
9:25:10,2276.2,2276.2,2276.4,17,70,30
9:25:11,2276.4,2276.2,2276.4,87,22,52
9:25:11,2276.2,2276.2,2276.4,16,21,40
9:25:12,2276.4,2276.2,2276.4,31,8,22
9:25:12,2276,2276,2276.2,21,43,3
9:25:13,2276.2,2276,2276.2,3,43,6
9:25:13,2276.2,2276,2276.2,31,37,15
9:25:14,2276,2276,2276.2,16,24,12
9:25:14,2276.2,2276.2,2276.4,46,52,38
9:25:15,2276.4,2276.2,2276.4,9,53,34
9:25:15,2276.2,2276.2,2276.4,10,56,27
9:25:16,2276.2,2276.2,2276.4,13,56,15
9:25:16,2276.4,2276.2,2276.4,35,28,12
9:25:17,2276.4,2276.2,2276.4,16,27,2
9:25:17,2276.2,2276.2,2276.4,5,25,3
9:25:18,2276.2,2276.2,2276.4,3,26,3
9:25:18,2276.4,2276.4,2276.6,3,3,65
9:25:19,2276.4,2276.2,2276.6,5,28,64
9:25:20,2276.4,2276.2,2276.6,19,29,54
9:25:20,2276.6,2276.6,2276.8,57,19,91
9:25:21,2276.6,2276.6,2276.8,12,30,90
9:25:21,2276.2,2276.2,2276.8,89,27,35
9:25:22,2276.6,2276.4,2276.6,5,7,6
9:25:22,2276.4,2276.4,2276.6,3,6,4
9:25:23,2276.6,2276.4,2276.6,16,2,2
9:25:23,2276.2,2276.2,2276.6,11,30,13
9:25:24,2276.2,2276.2,2276.6,17,25,6
9:25:24,2276.6,2276.4,2276.6,21,15,1
9:25:25,2276.6,2276.4,2276.8,5,13,43
9:25:25,2276.4,2276.4,2276.6,6,11,1
9:25:26,2276.4,2276.4,2276.6,6,8,5
9:25:26,2276.4,2276.4,2276.6,3,8,16
9:25:27,2276.4,2276.4,2276.6,15,1,10
9:25:27,2276.6,2276.2,2276.4,12,26,3
9:25:28,2276.2,2276,2276.4,32,16,3
9:25:28,2276.4,2276,2276.4,13,5,13
9:25:29,2276,2276,2276.2,6,14,9
9:25:29,2276.2,2276,2276.2,3,19,9
9:25:30,2276,2276,2276.2,8,16,3
9:25:30,2276,2276,2276.2,7,16,4
9:25:31,2276,2276,2276.2,7,11,9
9:25:31,2276,2276,2276.2,3,8,9
9:25:32,2276,2275.8,2276.2,6,8,7
9:25:32,2275.8,2275.8,2276.2,1,7,8
9:25:33,2275.8,2275.8,2276,3,8,1
9:25:33,2275.8,2275.8,2276,6,11,1
9:25:34,2275.8,2275.8,2276,8,3,1
9:25:34,2275.8,2275.8,2276.2,6,1,9
9:25:35,2276,2275.8,2276.2,4,2,10
9:25:36,2276,2275.8,2276,3,2,3
9:25:36,2276,2275.8,2276,1,6,3
9:25:37,2276,2275.8,2276,3,6,1
9:25:37,2276,2275.8,2276,1,21,2
9:25:38,2275.8,2275.6,2275.8,38,37,2
9:25:38,2275.8,2275.6,2275.8,1,37,1
9:25:39,2275.8,2275.8,2276.2,3,9,13
9:25:40,2275.8,2275.8,2276,1,17,2
9:25:41,2275.8,2275.8,2276.4,35,13,18
9:25:41,2275.8,2275.8,2276.4,4,13,20
9:25:42,2276.4,2275.8,2276.4,5,13,15
9:25:42,2276,2275.8,2276,2,14,1
9:25:43,2275.8,2275.8,2276,8,6,1
9:25:43,2275.8,2276,2276.2,17,3,4
9:25:44,2276.2,2276,2276.2,1,5,3
9:25:44,2276,2276,2276.2,2,6,8
9:25:45,2276,2276,2276.2,2,11,9
9:25:46,2276,2276,2276.2,5,11,8
9:25:46,2276,2276,2276.2,1,22,9
9:25:47,2276.2,2276,2276.2,3,24,7
9:25:48,2276.2,2276,2276.4,7,40,8
9:25:48,2276.2,2276.2,2276.4,2,24,9
9:25:49,2276.4,2276.2,2276.4,2,70,7
9:25:49,2276.4,2276.4,2276.6,9,43,37
9:25:50,2276.6,2276.6,2276.8,51,1,76
9:25:50,2276.8,2276.6,2276.8,16,47,63
9:25:51,2276.8,2276.6,2276.8,21,36,52
9:25:51,2276.8,2276.6,2276.8,10,34,44
9:25:52,2276.6,2276.6,2276.8,12,27,42
9:25:52,2276.8,2276.8,2277,45,92,103
9:25:53,2277,2276.8,2277,12,87,93
9:25:53,2277,2277,2277.2,100,18,19
9:25:54,2277.2,2277.2,2277.4,23,14,19
9:25:54,2277.2,2277.2,2277.4,32,5,18
9:25:55,2277.2,2277,2277.2,35,40,8
9:25:55,2277.2,2277,2277.6,22,36,35
9:25:56,2277.6,2277,2277.6,18,35,35
9:25:56,2277.4,2277.4,2277.6,39,1,7
9:25:57,2277.6,2277,2277.4,12,11,1
9:25:57,2277.6,2277.4,2277.6,19,1,15
9:25:58,2277.4,2277.2,2277.6,12,4,15
9:25:58,2277.8,2277.6,2277.8,39,2,6
9:25:59,2277.8,2277.8,2278,12,15,57
9:25:59,2278,2277.8,2278,66,3,4
9:26:00,2278,2278,2278.4,38,12,46
9:26:00,2278.4,2277.6,2278.4,54,16,15
9:26:01,2278.2,2277.6,2278.2,171,16,22
9:26:01,2278,2277.6,2278.2,105,15,36
9:26:02,2277.8,2277.8,2278,70,6,19
9:26:02,2278,2277.8,2278,37,3,5
9:26:03,2278.8,2278.2,2278.8,48,3,13
9:26:03,2278.2,2278.4,2278.6,46,1,23
9:26:04,2278.8,2278.8,2279,39,55,28
9:26:04,2279,2278.6,2279,95,14,14
9:26:05,2279.2,2279.2,2279.6,41,2,46
9:26:05,2279.4,2279.2,2279.4,68,5,5
9:26:06,2279.4,2279,2279.4,133,37,16
9:26:06,2279,2279,2279.2,75,35,10
9:26:07,2279,2279,2279.8,49,22,1
9:26:07,2279.2,2279.2,2279.4,45,10,1
9:26:08,2279.2,2279.2,2279.8,45,5,28
9:26:08,2279.4,2279.4,2279.6,24,2,37
9:26:09,2279.4,2279,2279.4,26,11,30
9:26:09,2279,2278.8,2279,46,11,15
9:26:10,2278.8,2278.6,2278.8,19,10,3
9:26:10,2278.6,2278.6,2279,26,7,3
9:26:11,2278.6,2278.8,2279,9,1,5
9:26:11,2278.8,2278.6,2278.8,20,11,3
9:26:12,2278.8,2278.8,2279,17,1,26
9:26:12,2278.6,2278.6,2278.8,13,10,1
9:26:13,2278.8,2278.2,2278.8,27,6,2
9:26:13,2278.8,2278.2,2278.8,16,8,27
9:26:14,2278.6,2278.6,2278.8,5,6,37
9:26:14,2278.4,2278.4,2278.6,15,5,1
9:26:15,2278.4,2278.2,2278.4,9,10,26
9:26:15,2278.2,2278.2,2278.4,6,10,25
9:26:16,2278.2,2278.2,2278.4,18,6,15
9:26:16,2278,2278,2278.4,11,17,22
9:26:17,2278.2,2278,2278.2,6,17,12
9:26:17,2278,2277.8,2278,25,3,23
9:26:18,2277.8,2277.6,2277.8,5,16,1
9:26:18,2277.8,2277.6,2278,5,24,27
9:26:19,2278,2277.8,2278,7,33,24
9:26:19,2277.8,2277.8,2278,9,25,24
9:26:20,2277.8,2277.8,2278,6,20,24
9:26:20,2277.8,2277.8,2278,33,14,4
9:26:21,2277.8,2277.6,2277.8,16,39,7
9:26:21,2277.8,2277.8,2278,16,6,5
9:26:22,2278,2277.8,2278,11,16,15
9:26:22,2278,2277.8,2278,6,16,22
9:26:23,2277.8,2277.8,2278,6,13,34
9:26:23,2278,2277.8,2278,5,11,38
9:26:24,2277.8,2277.8,2278,14,5,37
9:26:24,2277.8,2277.6,2277.8,8,36,11
9:26:25,2277.6,2277.6,2278,21,34,48
9:26:25,2277.8,2277.8,2278,4,2,48
9:26:26,2277.6,2277.6,2277.8,6,30,2
9:26:26,2277.8,2277.8,2278,7,2,56
9:26:27,2277.6,2277.4,2277.6,67,21,1
9:26:27,2277.4,2277.4,2277.8,5,19,1
9:26:28,2277.8,2277.4,2277.8,6,19,11
9:26:28,2277.8,2277.4,2277.8,7,15,20
9:26:29,2277.4,2277.4,2277.8,3,12,20
9:26:29,2277.8,2277.4,2277.8,15,8,34
9:26:30,2277.4,2277.2,2277.4,14,36,5
9:26:30,2277.4,2277.6,2277.8,29,1,34
9:26:31,2277.4,2277.4,2277.6,7,4,3
9:26:31,2277.4,2277.4,2277.6,4,3,7
9:26:32,2277.4,2277.4,2277.6,5,6,6
9:26:32,2277.4,2277.2,2277.4,6,18,4
9:26:33,2277.6,2277.2,2277.8,23,17,29
9:26:33,2277.8,2277.4,2277.8,5,2,28
9:26:34,2277,2277.4,2277.6,19,1,10
9:26:34,2277.2,2277.2,2277.4,4,1,32
9:26:35,2277.4,2277.2,2277.4,17,3,17
9:26:35,2277.4,2277.2,2277.4,5,2,15
9:26:36,2277.4,2277,2277.2,18,43,1
9:26:36,2277.4,2277.4,2277.6,32,1,16
9:26:37,2277.2,2277.4,2277.6,2,1,16
9:26:37,2277.2,2277.2,2277.6,12,5,16
9:26:38,2277.2,2277.2,2277.4,2,3,4
9:26:38,2277.2,2277.2,2277.4,4,5,13
9:26:39,2277.4,2277.2,2277.4,5,7,11
9:26:39,2277.2,2277.2,2277.4,2,6,12
9:26:40,2277.4,2277.2,2277.4,7,2,9
9:26:40,2277.4,2277,2277.4,8,29,4
9:26:41,2277.4,2277,2277.2,2,29,2
9:26:41,2277.4,2277.4,2277.6,10,9,25
9:26:42,2277.4,2277.4,2277.6,7,11,25
9:26:42,2277.4,2277.4,2277.8,40,2,69
9:26:43,2277.4,2277.4,2277.8,13,1,74
9:26:43,2277.4,2277.2,2277.8,6,2,74
9:26:44,2277.6,2277.4,2277.6,2,8,10
9:26:44,2277.4,2277.4,2277.6,5,4,2
9:26:45,2277.4,2277.4,2277.6,3,1,7
9:26:45,2277.4,2277.2,2277.6,3,28,7
9:26:46,2277.4,2277.2,2277.6,1,29,7
9:26:46,2277.6,2277.6,2277.8,13,14,59
9:26:47,2277.2,2277.2,2277.4,18,23,2
9:26:47,2277.4,2277.4,2277.6,3,3,13
9:26:48,2277.6,2277.4,2277.6,5,3,9
9:26:48,2277.4,2277.4,2277.6,1,5,11
9:26:50,2277.4,2277.4,2277.6,4,19,18
9:26:50,2277.4,2277.4,2277.6,2,21,20
9:26:51,2277.4,2277.4,2277.6,1,20,20
9:26:51,2277.4,2277.4,2277.6,2,17,20
9:26:52,2277.6,2277.4,2277.6,16,18,4
9:26:52,2277.6,2277.4,2277.6,3,18,3
9:26:53,2277.4,2277.4,2277.6,1,17,38
9:26:53,2277.4,2277.4,2277.6,5,12,49
9:26:54,2277.4,2277.4,2277.6,4,8,52
9:26:54,2277.4,2277.2,2277.4,12,26,1
9:26:55,2277.2,2277.2,2277.4,1,25,13
9:26:55,2277.4,2277.2,2277.4,1,25,18
9:26:56,2277.4,2277.2,2277.4,3,24,18
9:26:56,2277.2,2277.2,2277.4,1,22,18
9:26:57,2277.4,2277.2,2277.4,26,7,9
9:26:57,2277.4,2277.2,2277.4,7,11,3
9:26:58,2277.4,2277.2,2277.4,3,6,20
9:26:58,2277.2,2277.2,2277.4,5,3,7
9:26:59,2277.2,2277.2,2277.4,1,7,9
9:26:59,2277.4,2277.2,2277.4,1,9,8
9:27:00,2277.2,2277.2,2277.4,5,8,6
9:27:00,2277.4,2277.2,2277.6,26,7,71
9:27:01,2277.6,2277.2,2277.6,3,6,70
9:27:01,2277.4,2277.2,2277.4,5,6,1
9:27:02,2277.2,2277.2,2277.4,4,8,24
9:27:02,2277.2,2277.2,2277.4,8,3,29
9:27:03,2277.4,2277,2277.4,5,31,28
9:27:03,2277,2277,2277.2,7,24,2
9:27:04,2277,2277,2277.2,3,22,8
9:27:04,2277,2277,2277.2,3,19,18
9:27:05,2277,2277,2277.2,9,14,27
9:27:05,2277,2277,2277.2,9,6,27
9:27:06,2277,2277,2277.2,17,1,16
9:27:06,2277,2276.8,2277,2,51,3
9:27:07,2277,2277,2277.2,7,2,16
9:27:07,2277,2277,2277.2,2,15,5
9:27:08,2276.8,2276.6,2276.8,81,13,19
9:27:08,2276.8,2276.6,2276.8,12,13,7
9:27:09,2276.8,2276.8,2277,8,3,21
9:27:09,2276.8,2276.8,2277,11,6,15
9:27:10,2276.8,2276.8,2277,3,9,14
9:27:11,2276.8,2276.8,2277,1,10,15
9:27:11,2277,2276.8,2277,4,18,11
9:27:12,2276.8,2276.8,2277,14,14,2
9:27:12,2277,2276.8,2277.2,5,17,9
9:27:13,2276.8,2276.8,2277,3,16,3
9:27:13,2277,2277,2277.2,4,9,11
9:27:14,2277,2277,2277.2,7,3,13
9:27:14,2277,2277,2277.2,2,1,13
9:27:15,2276.8,2276.8,2277,2,17,1
9:27:16,2277,2277,2277.2,3,2,16
9:27:17,2277.2,2276.8,2277.2,4,28,15
9:27:17,2277,2276.8,2277,1,28,1
9:27:18,2276.8,2276.8,2277,6,24,3
9:27:18,2277,2276.8,2277,4,26,23
9:27:19,2277,2276.8,2277,10,20,20
9:27:19,2276.8,2276.8,2277,14,13,14
9:27:20,2277,2277,2277.2,16,17,20
9:27:20,2277,2277,2277.2,3,14,27
9:27:21,2277,2277,2277.2,5,9,28
9:27:21,2277,2277,2277.2,4,5,28
9:27:22,2277,2277,2277.2,2,8,29
9:27:22,2277,2277,2277.2,5,3,30
9:27:23,2277.2,2277.2,2277.4,30,1,38
9:27:23,2277,2277,2277.4,5,3,38
9:27:24,2277,2277,2277.2,1,6,3
9:27:24,2277,2277,2277.2,2,19,2
9:27:25,2277,2277,2277.2,3,17,2
9:27:25,2277,2277,2277.2,1,37,2
9:27:26,2277.2,2277.2,2277.4,4,6,40
9:27:27,2277.4,2277.4,2277.6,41,23,89
9:27:28,2277.6,2277.4,2277.6,3,23,85
9:27:28,2277.6,2277.4,2277.6,3,22,84
9:27:29,2277.6,2277.4,2277.6,1,27,83
9:27:29,2277.6,2277.4,2277.6,5,27,79
9:27:30,2277.6,2277.4,2277.6,2,27,77
9:27:30,2277.6,2277.4,2277.6,11,27,66
9:27:31,2277.4,2277.4,2277.6,11,21,61
9:27:32,2277.6,2277.4,2277.6,1,6,61
9:27:32,2277.6,2277.4,2277.6,2,7,61
9:27:33,2277.6,2277.4,2277.6,10,6,53
9:27:33,2277.4,2277.4,2277.6,4,3,52
9:27:34,2277.6,2277.4,2277.6,53,7,2
9:27:34,2277.6,2277.6,2277.8,4,24,92
9:27:35,2277.8,2277.6,2277.8,23,3,89
9:27:36,2277.8,2277.6,2277.8,12,1,79
9:27:36,2277.8,2277.6,2277.8,20,1,59
9:27:37,2277.8,2277.6,2277.8,6,1,64
9:27:37,2277.8,2277.6,2277.8,11,1,56
9:27:38,2277.8,2277.6,2277.8,11,1,47
9:27:38,2277.8,2277.6,2277.8,6,2,41
9:27:39,2277.6,2277.6,2277.8,5,5,43
9:27:39,2277.8,2277.6,2277.8,8,3,38
9:27:40,2277.8,2277.6,2277.8,2,3,36
9:27:40,2277.8,2277.6,2277.8,4,2,33
9:27:41,2277.8,2277.6,2277.8,7,3,26
9:27:41,2277.6,2277.4,2277.8,6,14,25
9:27:42,2277.4,2277.4,2277.6,5,13,1
9:27:42,2277.6,2277.4,2277.8,2,12,23
9:27:43,2277.6,2277.4,2277.6,6,3,4
9:27:45,2277.6,2277.4,2277.6,2,21,11
9:27:45,2277.6,2277.4,2277.6,3,21,11
9:27:46,2277.4,2277.2,2277.4,21,11,7
9:27:46,2277.4,2277.4,2277.6,14,3,33
9:27:47,2277.6,2277.4,2277.6,1,3,33
9:27:47,2277.4,2277.2,2277.4,15,7,3
9:27:48,2277.2,2277.2,2277.4,14,1,1
9:27:49,2277,2277,2277.4,10,45,5
9:27:49,2277.4,2277.2,2277.4,1,1,11
9:27:50,2277,2277,2277.4,2,43,12
9:27:50,2277,2277,2277.2,1,42,2
9:27:51,2277,2277,2277.2,3,40,3
9:27:51,2277,2277,2277.2,1,39,5
9:27:52,2277,2277,2277.2,2,37,5
9:27:53,2277,2277,2277.2,9,28,6
9:27:53,2277,2277,2277.2,14,14,7
9:27:54,2277,2277,2277.2,3,16,7
9:27:54,2276.8,2276.8,2277,22,23,1
9:27:55,2277,2276.8,2277,10,24,1
9:27:55,2276.6,2276.6,2276.8,23,39,36
9:27:56,2276.6,2276.6,2276.8,2,39,36
9:27:56,2276.6,2276.6,2276.8,11,31,32
9:27:57,2276.8,2276.6,2276.8,20,19,28
9:27:57,2276.6,2276.6,2276.8,11,10,29
9:27:58,2276.8,2276.6,2276.8,2,10,28
9:27:58,2276.6,2276.6,2276.8,9,7,25
9:27:59,2276.6,2276.6,2276.8,6,3,25
9:27:59,2276.4,2276.6,2276.8,10,4,25
9:28:00,2276.8,2276.6,2276.8,12,4,13
9:28:00,2276.4,2276.4,2276.6,51,20,2
9:28:01,2276.4,2276.4,2276.6,28,4,3
9:28:01,2276.6,2276.2,2276.8,22,33,14
9:28:02,2276.8,2276.4,2276.8,17,1,9
9:28:02,2276.6,2276.4,2276.6,4,1,31
9:28:03,2276.4,2276.4,2276.6,3,7,34
9:28:03,2276.6,2276.4,2276.6,6,13,30
9:28:04,2276.6,2276.4,2276.6,10,4,27
9:28:04,2276.6,2276.2,2276.6,12,25,21
9:28:05,2276.6,2276.2,2276.6,12,26,11
9:28:06,2276.2,2276.4,2276.6,5,2,9
9:28:06,2276.6,2276.4,2276.6,1,4,8
9:28:07,2276.4,2276.4,2276.6,4,7,5
9:28:07,2276.4,2276.4,2276.6,3,5,5
9:28:08,2276.4,2276.4,2276.6,4,4,2
9:28:08,2276.6,2276.6,2276.8,10,10,18
9:28:09,2276.6,2276.6,2276.8,2,43,17
9:28:09,2276.8,2276.8,2277,19,3,26
9:28:10,2276.8,2276.8,2277,5,3,23
9:28:10,2277,2276.8,2277,2,17,22
9:28:11,2277,2276.8,2277,4,17,19
9:28:11,2277,2276.8,2277,4,15,17
9:28:12,2276.8,2276.8,2277,9,16,12
9:28:13,2277,2277,2277.2,12,6,5
9:28:14,2277.2,2277.2,2277.4,26,10,4
9:28:14,2277.4,2277.2,2277.4,7,5,3
9:28:15,2277.6,2277.2,2277.6,5,6,15
9:28:15,2277.6,2277.2,2277.6,2,10,14
9:28:16,2277.6,2277.2,2277.6,1,11,11
9:28:16,2277.6,2277.2,2277.6,1,12,10
9:28:17,2277.2,2277.2,2277.4,1,11,2
9:28:17,2277.4,2277.2,2277.6,7,11,9
9:28:18,2277.2,2277.2,2277.6,1,10,9
9:28:18,2277.6,2277.2,2277.6,1,10,10
9:28:19,2277.6,2277.4,2277.6,1,1,13
9:28:19,2277.6,2277.4,2277.6,2,1,13
9:28:20,2277.4,2277.2,2277.6,2,12,28
9:28:20,2277.6,2277.2,2277.6,6,13,26
9:28:21,2277.6,2277.2,2277.4,2,13,16
9:28:21,2277.2,2277.2,2277.4,2,11,15
9:28:22,2277.4,2277.2,2277.4,5,11,10
9:28:22,2277.4,2277.2,2277.4,7,10,5
9:28:23,2277.4,2277.2,2277.6,7,10,28
9:28:23,2277.4,2277.4,2277.6,2,5,29
9:28:24,2277.4,2277.4,2277.6,2,3,33
9:28:24,2277.6,2277.4,2277.6,2,3,53
9:28:25,2277.4,2277.4,2277.6,3,1,55
9:28:25,2277.6,2277.2,2277.6,3,16,55
9:28:26,2277.6,2277.2,2277.6,12,7,53
9:28:26,2277.6,2277.2,2277.6,3,5,52
9:28:27,2277.6,2277.2,2277.4,1,7,5
9:28:28,2277.4,2277.2,2277.4,7,3,22
9:28:28,2277.2,2277,2277.2,10,14,4
9:28:29,2277,2276.8,2277,15,20,6
9:28:29,2277,2276.8,2277,2,19,4
9:28:30,2277,2277,2277.2,4,5,5
9:28:30,2277,2277,2277.2,2,5,5
9:28:31,2277,2277,2277.2,1,5,5
9:28:32,2277.2,2277,2277.2,2,5,5
9:28:33,2277.2,2277,2277.2,2,5,3
9:28:34,2277.2,2277,2277.2,1,5,2
9:28:34,2277.2,2277,2277.2,1,5,10
9:28:35,2277.2,2277,2277.2,1,5,9
9:28:36,2277.2,2277,2277.2,2,4,7
9:28:36,2277.2,2277,2277.2,3,5,4
9:28:37,2277,2276.8,2277.2,6,25,3
9:28:37,2277,2276.8,2277.2,1,26,3
9:28:38,2277,2276.8,2277.2,8,21,2
9:28:38,2277.2,2277,2277.2,4,7,1
9:28:39,2277,2277,2277.4,5,16,12
9:28:39,2277.4,2277,2277.2,3,20,1
9:28:40,2277,2277,2277.2,1,21,1
9:28:40,2277.2,2277,2277.4,1,25,13
9:28:41,2277,2277,2277.2,3,24,1
9:28:41,2277.6,2277.2,2277.6,16,1,90
9:28:42,2277.6,2277,2277.6,4,26,89
9:28:43,2277.2,2277.2,2277.4,4,1,3
9:28:44,2277.4,2277.2,2277.6,3,2,91
9:28:44,2277,2277,2277.6,5,23,90
9:28:45,2277,2277.2,2277.6,2,1,90
9:28:45,2277.2,2277.4,2277.6,2,1,91
9:28:46,2277.2,2277,2277.4,2,26,1
9:28:46,2277.6,2277,2277.6,2,26,91
9:28:47,2277.4,2277.2,2277.4,1,3,12
9:28:49,2277.4,2277.4,2277.6,18,2,93
9:28:49,2277.4,2277.4,2277.6,1,7,96
9:28:50,2277.6,2277.4,2277.6,1,7,95
9:28:50,2277.6,2277.4,2277.6,2,8,95
9:28:51,2277.4,2277.4,2277.6,4,5,95
9:28:52,2277.4,2277.4,2277.6,1,4,95
9:28:52,2277.6,2277.4,2277.6,17,5,80
9:28:53,2277.6,2277.4,2277.6,11,5,70
9:28:53,2277.6,2277.4,2277.6,23,5,47
9:28:54,2277.6,2277.6,2277.8,50,5,92
9:28:54,2277.8,2277.6,2277.8,4,7,88
9:28:55,2277.6,2277.4,2277.6,21,19,6
9:28:55,2277.6,2277.6,2277.8,6,5,74
9:28:56,2277.8,2277.6,2277.8,2,4,84
9:28:56,2277.8,2277.4,2277.6,6,21,1
9:28:57,2277.6,2277.4,2277.6,11,16,4
9:28:58,2277.6,2277.4,2277.6,2,16,7
9:28:58,2277.6,2277.4,2277.6,3,16,5
9:28:59,2277.6,2277.4,2277.6,3,14,16
9:28:59,2277.6,2277.4,2277.6,2,14,24
9:29:00,2277.4,2277.4,2277.6,14,9,16
9:29:00,2277.4,2277.2,2277.4,9,9,2
9:29:01,2277.2,2277.2,2277.4,2,8,1
9:29:01,2277.6,2277.2,2277.6,4,17,14
9:29:02,2277.2,2277.2,2277.4,2,13,1
9:29:02,2277.4,2277.4,2277.6,2,7,9
9:29:03,2277.4,2277.4,2277.6,1,6,6
9:29:03,2277.4,2277.4,2277.8,9,4,89
9:29:04,2277.4,2277.2,2277.4,4,3,9
9:29:04,2277.4,2277,2277.4,5,39,12
9:29:05,2277,2277,2277.4,2,51,11
9:29:06,2277,2277,2277.4,32,22,11
9:29:07,2277,2277,2277.4,11,14,15
9:29:08,2277.2,2277,2277.2,6,9,11
9:29:08,2277,2277,2277.2,7,6,8
9:29:09,2277.2,2277,2277.2,10,2,2
9:29:09,2276.8,2276.8,2277,4,23,1
9:29:10,2277,2277,2277.2,4,13,5
9:29:10,2277,2277,2277.2,2,12,3
9:29:11,2277,2277,2277.2,12,1,3
9:29:11,2277.2,2277,2277.2,1,1,3
9:29:12,2276.8,2277,2277.4,21,36,15
9:29:12,2277.4,2277.2,2277.4,3,9,12
9:29:13,2277.2,2277.2,2277.4,8,3,10
9:29:13,2277.2,2277.2,2277.4,1,3,20
9:29:14,2277.2,2277.2,2277.4,2,3,21
9:29:15,2277.2,2277,2277.2,4,39,1
9:29:15,2277.2,2277,2277.2,1,39,51
9:29:16,2277,2277,2277.2,33,10,52
9:29:17,2277,2276.8,2277,11,10,14
9:29:18,2277,2276.8,2277,11,20,5
9:29:18,2276.8,2276.8,2277,9,14,2
9:29:19,2277.2,2276.8,2277.2,23,17,37
9:29:20,2277,2277,2277.2,5,1,38
9:29:20,2277,2276.8,2277.2,1,20,38
9:29:21,2277,2276.8,2277,2,19,10
9:29:22,2276.8,2276.8,2277,4,15,12
9:29:22,2276.8,2276.8,2277,4,12,13
9:29:23,2276.8,2276.8,2277,6,3,14
9:29:23,2276.8,2276.8,2277,3,1,13
9:29:24,2276.6,2276.6,2276.8,3,45,6
9:29:24,2276.8,2276.6,2276.8,1,46,7
9:29:25,2276.6,2276.6,2276.8,5,41,10
9:29:25,2276.6,2276.6,2276.8,7,36,9
9:29:26,2276.6,2276.6,2276.8,7,31,8
9:29:26,2276.6,2276.6,2276.8,7,26,25
9:29:27,2276.6,2276.6,2276.8,22,24,5
9:29:27,2276.6,2276.6,2276.8,3,21,6
9:29:28,2276.6,2276.6,2276.8,2,20,11
9:29:28,2276.6,2276.6,2276.8,2,18,11
9:29:29,2276.6,2276.6,2276.8,6,13,10
9:29:29,2276.6,2276.6,2276.8,4,12,7
9:29:30,2276.6,2276.6,2276.8,4,9,8
9:29:31,2276.8,2276.6,2276.8,8,7,10
9:29:31,2276.6,2276.4,2276.6,8,21,1
9:29:32,2276.6,2276.4,2276.6,3,20,6
9:29:32,2276.6,2276.4,2276.6,4,19,6
9:29:33,2276.4,2276.4,2276.6,8,12,12
9:29:33,2276.4,2276.8,2277,40,4,30
9:29:34,2276.8,2276.6,2277,5,2,23
9:29:35,2276.8,2276.8,2277,7,2,23
9:29:35,2276.8,2276.6,2277,2,6,23
9:29:36,2276.6,2276.6,2276.8,5,2,7
9:29:36,2276.6,2276.6,2276.8,2,10,7
9:29:37,2276.6,2276.4,2276.8,2,3,8
9:29:37,2276.6,2276.4,2276.6,3,2,18
9:29:38,2276.4,2276.2,2276.4,4,39,3
9:29:38,2276.4,2276.4,2277,33,23,37
9:29:39,2276.6,2276.4,2276.8,3,24,1
9:29:39,2276.4,2276.4,2276.8,5,23,1
9:29:40,2276.4,2276.4,2276.6,5,24,8
9:29:40,2276.4,2276.4,2276.6,2,23,7
9:29:41,2276.6,2276.4,2276.6,3,26,5
9:29:41,2276.6,2276.4,2276.6,1,30,4
9:29:42,2276.6,2276.4,2276.6,3,33,2
9:29:42,2276.4,2276.4,2276.8,10,26,7
9:29:43,2276.4,2276.4,2276.8,3,25,7
9:29:43,2276.4,2276.4,2276.8,4,22,10
9:29:44,2276.4,2276.4,2276.8,20,3,11
9:29:44,2276.2,2276.2,2276.6,8,50,1
9:29:45,2276.4,2276.2,2276.6,3,50,1
9:29:45,2276.2,2276.2,2276.4,3,49,2
9:29:46,2276.4,2276.2,2276.4,4,47,1
9:29:46,2276.4,2276.4,2276.6,14,7,4
9:29:48,2276.6,2276.6,2276.8,7,14,10
9:29:48,2276.8,2276.6,2276.8,2,16,10
9:29:49,2276.6,2276.6,2276.8,3,16,9
9:29:49,2276.8,2276.6,2276.8,5,18,10
9:29:50,2276.6,2276.6,2276.8,8,16,8
9:29:50,2276.6,2276.6,2276.8,3,14,7
9:29:51,2276.8,2276.6,2276.8,1,15,6
9:29:52,2276.8,2276.6,2276.8,2,15,4
9:29:52,2276.6,2276.6,2276.8,4,14,1
9:29:53,2277,2276.6,2277,3,13,45
9:29:53,2276.6,2276.6,2277,2,13,46
9:29:54,2276.6,2276.6,2277,6,8,46
9:29:54,2276.6,2276.6,2277,5,5,45
9:29:55,2276.8,2276.6,2276.8,1,8,2
9:29:55,2276.6,2276.6,2276.8,3,6,3
9:29:56,2276.6,2276.6,2277,5,5,39
9:29:56,2276.6,2276.4,2277,5,73,41
9:29:57,2276.6,2276.4,2276.6,1,76,1
9:29:57,2276.6,2276.4,2277,2,81,40
9:29:58,2276.6,2276.4,2277,2,81,40
9:29:58,2276.4,2276.4,2277,5,73,42
9:29:59,2276.4,2276.4,2277,20,67,38
9:29:59,2276.4,2276.4,2277,2,65,40
9:30:00,2276.4,2276.6,2276.8,1,2,8
9:30:00,2277.2,2276.6,2277.2,76,2,41
9:30:01,2276.6,2276.6,2276.8,33,6,46
9:30:01,2276.8,2276.6,2276.8,74,2,36
9:30:02,2276.8,2276.4,2276.8,44,15,24
9:30:02,2276.6,2276.4,2276.8,26,19,13
9:30:03,2276.8,2276.6,2276.8,11,13,4
9:30:03,2276.6,2276.4,2276.8,14,19,4
9:30:04,2276.4,2276.4,2276.8,9,12,5
9:30:04,2276.6,2276.4,2276.6,2,12,11
9:30:05,2276.6,2276.4,2276.6,2,12,10
9:30:06,2276.4,2276.4,2276.6,1,11,14
9:30:06,2276.6,2276.4,2276.6,6,11,8
9:30:07,2276.4,2276.4,2276.6,3,10,7
9:30:07,2276.4,2276.4,2276.6,4,8,5
9:30:08,2276.6,2276.4,2276.6,7,5,2
9:30:08,2276.4,2276.4,2276.6,7,4,9
9:30:09,2276.4,2276.4,2276.6,3,6,8
9:30:09,2276.4,2276.4,2276.6,2,6,11
9:30:10,2276.6,2276.4,2276.6,1,6,11
9:30:10,2276.4,2276.4,2276.6,2,17,12
9:30:11,2276.4,2276.2,2276.4,22,36,13
9:30:11,2276.4,2276.2,2276.4,9,37,10
9:30:12,2276.4,2276.2,2276.4,1,37,11
9:30:12,2276.4,2276.2,2276.4,14,27,9
9:30:13,2276.2,2276.2,2276.4,3,24,12
9:30:13,2276.2,2276.2,2276.4,10,17,9
9:30:14,2276.2,2276.2,2276.4,16,6,8
9:30:14,2276.2,2276,2276.2,6,110,3
9:30:15,2276.2,2276.2,2276.4,15,1,9
9:30:15,2276.4,2276.4,2276.6,21,58,24
9:30:16,2276.4,2276.4,2276.6,10,54,18
9:30:16,2276.6,2276.4,2276.6,8,53,12
9:30:17,2276.6,2276.6,2276.8,15,5,9
9:30:17,2276.6,2276.6,2276.8,7,5,10
9:30:18,2276.8,2276.6,2276.8,14,13,11
9:30:18,2276.6,2276.6,2276.8,13,2,10
9:30:19,2276.8,2276.6,2276.8,5,11,6
9:30:19,2276.6,2276.6,2276.8,4,22,6
9:30:20,2276.8,2276.8,2277,7,4,19
9:30:20,2276.8,2276.8,2277,2,2,19
9:30:21,2276.6,2276.8,2277,3,1,19
9:30:21,2276.8,2276.6,2276.8,2,31,17
9:30:22,2276.6,2276.6,2277,26,7,20
9:30:22,2276.6,2276.6,2276.8,4,4,1
9:30:23,2276.8,2276.8,2277,9,8,22
9:30:23,2276.6,2276.4,2276.6,16,2,8
9:30:24,2276.4,2276.2,2276.4,3,24,6
9:30:24,2276.4,2276.2,2276.6,7,20,9
9:30:25,2276.4,2276.2,2276.4,2,23,3
9:30:25,2276.6,2276.6,2276.8,17,6,12
9:30:26,2276.8,2276.6,2276.8,5,5,10
9:30:26,2276.6,2276.6,2276.8,4,1,11
9:30:27,2276.8,2276.8,2277,22,11,19
9:30:28,2276.8,2276.8,2277,11,2,18
9:30:28,2276.8,2276.6,2277,4,1,17
9:30:29,2276.4,2276.4,2276.6,3,28,1
9:30:29,2276.6,2276.6,2276.8,2,17,1
9:30:30,2277,2276.6,2277,6,14,20
9:30:30,2276.8,2276.8,2277,8,26,30
9:30:31,2276.8,2276.8,2277,17,13,30
9:30:31,2276.8,2276.8,2277,16,2,25
9:30:32,2276.8,2276.6,2276.8,3,23,31
9:30:33,2276.6,2276.6,2276.8,7,21,38
9:30:34,2276.6,2276.6,2276.8,5,17,37
9:30:34,2276.6,2276.6,2276.8,6,11,36
9:30:35,2276.6,2276.6,2276.8,5,6,37
9:30:35,2276.4,2276.4,2276.8,10,28,37
9:30:36,2276.6,2276.6,2276.8,6,18,37
9:30:37,2276.6,2276.6,2276.8,4,23,37
9:30:37,2276.6,2276.6,2276.8,16,16,30
9:30:38,2276.6,2276.8,2277,57,30,54
9:30:38,2276.8,2276.8,2277,30,30,26
9:30:39,2276.8,2276.8,2277,20,32,9
9:30:39,2277,2276.8,2277,34,16,6
9:30:40,2277,2277,2277.2,8,24,36
9:30:40,2277,2276.8,2277,24,17,1
9:30:41,2276.6,2276.4,2276.6,33,31,17
9:30:41,2276.6,2276.4,2276.6,6,29,14
9:30:42,2276.4,2276.4,2276.6,16,26,8
9:30:42,2276.4,2276.4,2276.6,4,24,8
9:30:43,2276.6,2276.4,2276.6,3,24,6
9:30:43,2276.6,2276.4,2276.6,7,20,3
9:30:44,2276.4,2276.4,2276.6,5,16,3
9:30:44,2276.6,2276.4,2276.6,2,16,3
9:30:45,2276.6,2276.6,2276.8,5,4,24
9:30:45,2276.4,2276.4,2276.6,7,15,9
9:30:46,2276.6,2276.4,2276.6,11,11,8
9:30:47,2276.6,2276.4,2276.6,3,11,30
9:30:47,2276.4,2276.2,2276.4,12,50,16
9:30:48,2276.4,2276.2,2276.4,7,51,12
9:30:48,2276.2,2276.2,2276.4,8,50,9
9:30:49,2276.2,2276.2,2276.4,7,46,14
9:30:49,2276.4,2276.2,2276.4,2,46,12
9:30:50,2276.4,2276.2,2276.4,7,45,8
9:30:50,2276.2,2276.2,2276.4,1,44,8
9:30:51,2276.2,2276.2,2276.4,4,42,12
9:30:51,2276.4,2276.4,2276.6,14,8,37
9:30:52,2276.4,2276.4,2276.6,7,81,26
9:30:52,2276.6,2276.4,2276.6,13,78,16
9:30:53,2276.6,2276.6,2276.8,23,3,6
9:30:53,2276.6,2276.8,2277,10,19,31
9:30:54,2276.8,2276.8,2277,10,28,23
9:30:54,2276.8,2276.8,2277,2,26,27
9:30:55,2277,2276.8,2277,10,14,20
9:30:56,2277,2276.8,2277,3,13,20
9:30:56,2276.8,2276.8,2277,1,13,21
9:30:57,2276.8,2276.8,2277,19,11,15
9:30:57,2276.8,2276.8,2277,3,8,15
9:30:58,2277,2276.8,2277,9,6,10
9:30:58,2277,2276.8,2277,9,5,4
9:30:59,2277,2276.8,2277,5,3,2
9:30:59,2276.8,2276.8,2277,6,2,2
9:31:00,2277,2277,2277.2,3,1,32
9:31:00,2277.2,2276.8,2277,8,1,5
9:31:01,2276.8,2276.6,2276.8,13,49,2
9:31:01,2277,2276.6,2277,10,47,8
9:31:02,2277,2276.6,2277,8,46,3
9:31:02,2276.8,2276.8,2277,2,2,7
9:31:03,2277,2276.8,2277,6,7,2
9:31:03,2277,2276.8,2277,3,16,2
9:31:04,2277,2277,2277.2,6,3,28
9:31:04,2277.2,2276.8,2277,5,12,2
9:31:05,2277,2276.8,2277.2,3,11,27
9:31:06,2277.2,2277,2277.2,9,4,19
9:31:06,2277.2,2277,2277.2,14,5,6
9:31:07,2277.2,2277.2,2277.4,13,7,42
9:31:07,2277.2,2277.2,2277.4,29,2,33
9:31:08,2277.4,2277,2277.4,3,5,30
9:31:08,2277.4,2277,2277.2,3,9,1
9:31:09,2277.4,2277.2,2277.4,12,20,42
9:31:09,2277.4,2277.2,2277.4,12,17,39
9:31:10,2277.4,2277.2,2277.4,9,13,35
9:31:10,2277.4,2277.2,2277.4,15,11,22
9:31:11,2277.4,2277.2,2277.4,3,11,29
9:31:11,2277.4,2277.2,2277.4,4,11,25
9:31:12,2277.2,2277,2277.2,16,9,6
9:31:12,2277.2,2277,2277.4,6,10,25
9:31:13,2277.2,2277.2,2277.4,2,1,26
9:31:13,2277.2,2277,2277.2,7,7,63
9:31:14,2277,2276.8,2277,13,17,15
9:31:14,2277,2276.8,2277,4,15,18
9:31:15,2276.8,2276.6,2276.8,25,60,13
9:31:15,2276.8,2276.6,2276.8,13,57,5
9:31:16,2276.8,2276.6,2276.8,15,21,12
9:31:17,2276.8,2276.6,2276.8,2,21,11
9:31:17,2276.6,2276.6,2276.8,15,7,15
9:31:18,2276.6,2276.4,2276.6,10,16,16
9:31:18,2276.4,2276.4,2276.6,8,10,24
9:31:19,2276.4,2276.2,2276.6,16,36,20
9:31:19,2276.2,2276.2,2276.4,1,34,12
9:31:20,2276.2,2276.2,2276.4,5,30,17
9:31:20,2276,2276,2276.2,39,101,23
9:31:21,2276,2276,2276.4,68,74,2
9:31:21,2276,2276,2276.2,58,19,10
9:31:22,2275.8,2275.8,2276,22,26,7
9:31:22,2275.8,2275.8,2276,12,19,41
9:31:23,2275.6,2275.6,2275.8,24,35,8
9:31:23,2275.6,2275.6,2275.8,3,32,11
9:31:24,2275.6,2275.6,2275.8,22,12,28
9:31:24,2275.8,2275.4,2275.6,40,20,5
9:31:25,2275.6,2275.4,2275.6,9,15,9
9:31:25,2275.4,2275.4,2275.6,19,2,9
9:31:26,2275.4,2275.2,2275.4,15,42,2
9:31:26,2275.2,2275.2,2275.4,33,14,3
9:31:27,2275,2275,2275.2,76,23,20
9:31:27,2275.4,2275,2275.6,36,29,13
9:31:28,2275,2275,2275.2,52,6,8
9:31:28,2275,2274.8,2275,27,2,5
9:31:29,2274.8,2274.6,2274.8,11,38,36
9:31:29,2274.8,2274.6,2274.8,20,35,56
9:31:30,2274.8,2274.6,2274.8,43,12,17
9:31:30,2274.6,2274.4,2274.6,60,25,23
9:31:31,2274.6,2274.4,2274.6,35,21,5
9:31:31,2274.6,2274.4,2274.6,52,10,9
9:31:32,2274.4,2274,2274.2,23,21,2
9:31:32,2274.6,2274.4,2274.6,41,5,6
9:31:33,2274.4,2274,2274.4,43,33,9
9:31:33,2274,2274.2,2274.4,13,2,11
9:31:34,2274,2274,2274.4,37,9,15
9:31:34,2274.4,2274.2,2274.4,21,3,6
9:31:35,2274.2,2273.8,2274.2,51,23,1
9:31:35,2274,2274,2274.2,12,7,1
9:31:36,2274.4,2274.2,2274.6,8,5,34
9:31:36,2274.2,2274.2,2274.6,9,7,40
9:31:37,2274.4,2274,2274.2,28,18,3
9:31:37,2274.4,2274.2,2274.4,10,3,7
9:31:38,2274.4,2274.4,2274.6,14,12,35
9:31:38,2274,2274,2274.4,45,33,4
9:31:39,2274.2,2274,2274.4,19,22,3
9:31:39,2274.2,2274,2274.2,37,20,1
9:31:40,2274.4,2274.2,2274.6,12,21,2
9:31:40,2274.6,2274.4,2274.6,7,4,1
9:31:41,2274.4,2274.4,2274.8,19,2,5
9:31:41,2274.4,2274.4,2274.8,4,1,6
9:31:42,2274.8,2274.4,2274.8,18,5,3
9:31:42,2274.4,2274.6,2274.8,11,9,2
9:31:43,2274.8,2274.6,2274.8,7,6,3
9:31:43,2274.6,2274.6,2274.8,6,4,1
9:31:44,2274.6,2274.6,2274.8,10,3,10
9:31:44,2274.4,2274.6,2274.8,7,1,10
9:31:45,2274.8,2274.4,2274.8,6,25,6
9:31:45,2274.8,2274.4,2274.8,9,23,2
9:31:46,2274.8,2274.8,2275,5,10,36
9:31:46,2274.8,2274.6,2275,15,18,40
9:31:47,2274.8,2274.6,2274.8,5,14,1
9:31:47,2275,2275,2275.2,47,11,2
9:31:48,2275.2,2275.2,2275.4,14,1,9
9:31:48,2274.8,2274.8,2275.2,9,4,8
9:31:49,2275.6,2274.8,2275,22,1,2
9:31:49,2275.2,2275,2275.2,5,1,1
9:31:50,2275.2,2275,2275.4,1,5,1
9:31:50,2275.4,2275.2,2275.6,3,1,7
9:31:51,2275.6,2275.4,2275.6,4,2,6
9:31:52,2275,2275,2275.6,14,7,6
9:31:52,2275.4,2275,2275.4,2,10,1
9:31:53,2275.6,2275.4,2275.8,9,2,11
9:31:53,2275.4,2275.2,2275.6,3,1,9
9:31:54,2275.2,2275.2,2275.4,8,2,2
9:31:54,2275.6,2275.4,2275.6,5,1,8
9:31:55,2275.4,2275.2,2275.4,3,5,1
9:31:55,2275.4,2275.4,2275.6,2,1,20
9:31:56,2275.2,2275.2,2275.6,7,15,24
9:31:56,2275.2,2275.2,2275.6,6,13,30
9:31:57,2275.6,2275.4,2275.6,16,1,21
9:31:57,2275.6,2275.4,2275.6,3,2,18
9:31:58,2275.6,2275.4,2275.6,3,3,16
9:31:58,2275.6,2275.4,2275.6,6,2,11
9:31:59,2275.6,2275.4,2275.6,10,3,5
9:31:59,2275.8,2275.8,2276,48,4,13
9:32:00,2275.8,2275.8,2276,13,31,11
9:32:00,2275.8,2275.8,2276,16,26,5
9:32:01,2276,2275.6,2276,34,7,8
9:32:01,2275.4,2275.4,2275.8,24,29,2
9:32:02,2276,2275.6,2275.8,11,1,1
9:32:02,2275.8,2275.6,2275.8,18,1,5
9:32:03,2275.8,2275.4,2275.8,4,23,2
9:32:03,2276.4,2275.6,2276.4,33,2,14
9:32:04,2275.8,2275.8,2276.2,1,1,5
9:32:04,2276,2275.6,2276,19,4,6
9:32:05,2276,2275.6,2276,4,4,8
9:32:05,2276,2275.8,2276,19,1,1
9:32:06,2275.6,2276,2276.2,8,3,15
9:32:06,2276,2276,2276.2,5,3,14
9:32:07,2276.2,2276,2276.2,3,3,12
9:32:07,2276.2,2276.2,2276.4,13,1,13
9:32:08,2276,2275.8,2276.2,6,3,9
9:32:08,2276.2,2276,2276.2,5,1,6
9:32:09,2276.2,2276,2276.2,2,24,4
9:32:09,2276.4,2276.2,2276.4,8,6,28
9:32:10,2276,2275.8,2276.4,35,5,29
9:32:10,2276,2275.8,2276,3,5,1
9:32:11,2276,2275.8,2276.2,6,6,1
9:32:11,2276.2,2275.8,2276.2,2,7,5
9:32:12,2276.2,2276,2276.2,12,1,13
9:32:12,2276.2,2276,2276.2,3,2,10
9:32:13,2276.2,2275.8,2276.2,11,6,4
9:32:13,2276,2276,2276.2,1,1,4
9:32:14,2276,2276,2276.4,5,4,29
9:32:14,2276.2,2276.2,2276.4,9,1,28
9:32:15,2276,2276,2276.4,5,5,25
9:32:15,2276.4,2276,2276.4,3,5,21
9:32:16,2276,2276,2276.2,8,9,24
9:32:16,2276.4,2276,2276.4,33,41,13
9:32:17,2276.4,2276.2,2276.4,2,11,14
9:32:17,2276.4,2276.4,2276.6,14,37,33
9:32:18,2276.4,2276.4,2276.6,14,31,23
9:32:18,2276.6,2276.6,2276.8,26,116,44
9:32:19,2276.8,2276.6,2276.8,46,128,19
9:32:19,2277,2277,2277.2,39,3,16
9:32:20,2277.2,2277.2,2277.4,19,1,13
9:32:20,2277.4,2277.2,2277.4,17,4,22
9:32:21,2277.2,2277,2277.2,25,1,6
9:32:21,2277.4,2277.2,2277.4,23,1,9
9:32:22,2277,2276.8,2277,16,22,24
9:32:22,2277,2276.8,2277,21,6,14
9:32:23,2277,2276.8,2277,11,7,5
9:32:23,2276.8,2276.6,2277.2,22,121,42
9:32:24,2276.6,2276.6,2277,54,120,2
9:32:24,2277.2,2277,2277.2,7,3,8
9:32:25,2277,2277,2277.2,9,1,19
9:32:25,2277,2276.8,2277,7,2,6
9:32:26,2277,2276.6,2276.8,12,34,1
9:32:26,2276.4,2276,2276.4,49,22,21
9:32:27,2276.4,2276,2276.4,39,11,9
9:32:27,2276.4,2276.2,2276.4,8,3,8
9:32:28,2276.4,2276.2,2276.4,3,4,5
9:32:28,2276.6,2276.4,2276.6,11,18,11
9:32:29,2276.6,2276.6,2276.8,7,3,1
9:32:29,2276.6,2276.4,2276.6,11,42,45
9:32:30,2276.4,2276.4,2276.6,25,37,25
9:32:30,2276.6,2276.4,2276.6,10,35,23
9:32:31,2276.6,2276.6,2276.8,23,3,14
9:32:31,2276.8,2276.8,2277,18,16,27
9:32:32,2277,2276.6,2277,24,27,22
9:32:32,2276.6,2276.6,2277,12,30,12
9:32:33,2277,2277,2277.2,19,8,13
9:32:33,2277,2277,2277.2,13,1,24
9:32:34,2277.2,2276.8,2277.2,13,9,15
9:32:34,2277,2276.8,2277.2,9,40,10
9:32:35,2277.2,2276.8,2277.2,6,84,5
9:32:35,2277.2,2277,2277.2,1,31,4
9:32:36,2277.2,2277.2,2277.4,5,3,20
9:32:36,2277.2,2277.2,2277.4,7,12,37
9:32:37,2277.2,2277.2,2277.4,10,6,35
9:32:37,2277,2277.2,2277.4,20,1,33
9:32:38,2277,2277,2277.2,11,11,13
9:32:38,2277.4,2277.2,2277.4,28,1,42
9:32:39,2277.2,2277,2277.2,5,11,9
9:32:39,2277.2,2277,2277.2,9,10,4
9:32:40,2277.4,2277.2,2277.4,39,1,21
9:32:40,2277.4,2277.2,2277.4,17,6,19
9:32:41,2277.4,2277.2,2277.4,2,10,17
9:32:41,2277.4,2277.2,2277.4,18,3,6
9:32:42,2277.4,2277.2,2277.4,8,13,1
9:32:42,2277.4,2277.2,2277.4,4,13,9
9:32:43,2277.4,2277.4,2277.6,18,6,38
9:32:43,2277.2,2277,2277.2,22,3,32
9:32:44,2277.2,2276.8,2277.2,11,7,33
9:32:44,2277,2276.8,2277,7,7,8
9:32:45,2277.2,2277,2277.2,12,33,34
9:32:45,2277.2,2277,2277.2,11,30,31
9:32:46,2277.2,2277,2277.2,18,41,13
9:32:46,2277.2,2277,2277.2,6,29,10
9:32:47,2277.2,2277,2277.2,7,30,4
9:32:47,2277.2,2277,2277.2,6,30,35
9:32:48,2277.2,2277,2277.2,37,18,27
9:32:48,2277,2276.8,2277,21,15,37
9:32:49,2276.8,2276.6,2276.8,23,11,1
9:32:49,2276.8,2276.6,2276.8,6,9,36
9:32:50,2276.8,2276.6,2276.8,26,5,17
9:32:50,2276.8,2276.6,2276.8,6,17,11
9:32:51,2276.8,2276.6,2276.8,1,17,7
9:32:51,2276.8,2276.4,2276.8,35,26,2
9:32:52,2277,2276.6,2277,3,1,59
9:32:52,2277,2276.8,2277,20,1,41
9:32:53,2276.4,2276.4,2277,20,22,29
9:32:53,2276.8,2276.8,2277,17,17,28
9:32:54,2277,2276.8,2277,7,55,28
9:32:55,2277.2,2277,2277.2,29,71,28
9:32:55,2277.2,2277,2277.2,29,69,5
9:32:56,2277.2,2277.2,2277.4,6,16,49
9:32:56,2277.4,2277.2,2277.4,10,16,42
9:32:57,2277.4,2277.2,2277.4,16,6,28
9:32:57,2277.4,2277.2,2277.4,6,9,23
9:32:58,2277.4,2277.2,2277.4,4,9,32
9:32:58,2277.4,2277,2277.2,31,59,1
9:32:59,2277.2,2277,2277.2,32,48,4
9:32:59,2277.4,2277.4,2277.6,8,2,47
9:33:00,2277.6,2277.4,2277.6,4,22,44
9:33:00,2277.6,2277.2,2277.6,37,6,37
9:33:01,2277.4,2277.4,2277.6,9,3,30
9:33:01,2277.4,2277.4,2277.6,12,3,20
9:33:02,2277.4,2277.4,2277.6,7,2,19
9:33:02,2277.6,2277.2,2277.4,12,18,1
9:33:03,2277.2,2277.2,2277.4,3,16,3
9:33:03,2277.4,2277.2,2277.6,6,16,14
9:33:04,2277.4,2277.2,2277.4,5,23,4
9:33:04,2277.4,2277.2,2277.4,10,20,6
9:33:05,2277.4,2277.2,2277.4,11,14,7
9:33:05,2277.4,2277.2,2277.4,3,14,5
9:33:06,2277.6,2277.2,2277.6,24,11,14
9:33:06,2277.2,2277.2,2277.6,6,22,15
9:33:07,2277.4,2277.2,2277.4,12,20,6
9:33:07,2277.6,2277.4,2277.8,14,9,77
9:33:08,2277.6,2277.6,2277.8,3,1,78
9:33:08,2277.6,2277.4,2277.6,13,12,26
9:33:09,2277.6,2277.4,2277.6,7,12,25
9:33:09,2277.6,2277.2,2277.6,20,21,35
9:33:10,2277.6,2277.2,2277.6,17,18,40
9:33:10,2277.6,2277.6,2277.8,54,12,79
9:33:11,2277.6,2277.6,2277.8,5,11,75
9:33:11,2277.8,2277.6,2277.8,20,17,56
9:33:12,2277.8,2277.4,2277.8,39,1,49
9:33:12,2277.6,2277.4,2277.6,24,1,27
9:33:13,2277.6,2277.4,2277.8,27,2,26
9:33:13,2277.8,2277.6,2277.8,26,3,1
9:33:14,2277.6,2277.8,2278,4,10,73
9:33:14,2277.8,2277.8,2278.2,88,30,61
9:33:15,2278,2278,2278.2,49,34,25
9:33:15,2278.2,2278,2278.2,15,34,22
9:33:16,2278.2,2278,2278.4,34,21,12
9:33:16,2278.2,2278,2278.2,16,18,4
9:33:17,2278.2,2278.2,2278.6,45,1,35
9:33:17,2278.6,2277.8,2278.4,21,29,30
9:33:18,2278.4,2278,2278.4,34,5,30
9:33:18,2278.4,2277.8,2278,34,5,1
9:33:19,2277.8,2277.6,2277.8,44,18,11
9:33:19,2277.8,2277.8,2278,21,34,8
9:33:20,2278,2277.8,2278,13,26,10
9:33:20,2278.2,2277.8,2278.2,27,13,12
9:33:21,2278.2,2277.8,2278.2,5,13,15
9:33:21,2278.2,2277.8,2278,23,7,2
9:33:22,2277.8,2277.6,2277.8,25,21,20
9:33:22,2277.6,2277.6,2277.8,21,10,17
9:33:23,2277.6,2277.4,2277.6,16,7,7
9:33:23,2277.8,2277.4,2277.6,16,7,1
9:33:24,2277.6,2277.4,2277.6,18,7,1
9:33:24,2277.6,2277.4,2277.6,4,4,1
9:33:25,2277.2,2277.2,2277.4,20,7,1
9:33:25,2277.6,2277.6,2277.8,7,7,2
9:33:26,2277.8,2277.4,2277.8,9,2,3
9:33:26,2277.2,2277.2,2277.4,8,30,8
9:33:27,2277.2,2277.2,2277.4,1,29,8
9:33:27,2277.4,2277.2,2277.4,7,27,4
9:33:28,2277.4,2277.4,2277.6,4,1,1
9:33:29,2277.4,2277.4,2277.6,8,6,7
9:33:29,2277.4,2277.2,2277.4,12,28,3
9:33:30,2277.4,2277.2,2277.4,2,28,18
9:33:30,2277.4,2277.2,2277.4,7,25,18
9:33:31,2277.2,2277.2,2277.4,33,35,6
9:33:31,2277.2,2277.2,2277.4,8,28,11
9:33:32,2277.4,2277.2,2277.4,26,5,8
9:33:32,2277.2,2277.2,2277.4,1,16,15
9:33:33,2277.4,2277,2277.2,32,31,1
9:33:33,2277.2,2277.2,2277.4,10,29,34
9:33:34,2277.4,2277.2,2277.4,52,12,1
9:33:34,2277.4,2277.2,2277.6,11,12,9
9:33:35,2277.2,2277.2,2277.4,3,10,2
9:33:35,2277.4,2277.4,2277.6,2,17,10
9:33:36,2277.4,2277.4,2277.6,1,21,10
9:33:36,2277.6,2277.4,2277.6,5,28,5
9:33:37,2277.6,2277.4,2277.8,5,29,17
9:33:37,2277.4,2277.6,2277.8,7,6,17
9:33:38,2277.4,2277.4,2277.8,14,9,17
9:33:38,2277.8,2277.4,2277.8,17,10,2
9:33:39,2277.4,2277.4,2277.8,2,9,2
9:33:40,2277.6,2277.6,2278,17,1,71
9:33:40,2277.6,2277.4,2278,1,14,72
9:33:41,2277.6,2277.4,2277.6,1,16,14
9:33:41,2277.6,2277.4,2277.6,3,17,12
9:33:42,2277.4,2277.4,2277.6,1,17,12
9:33:42,2277.4,2277.4,2277.6,2,15,12
9:33:43,2277.4,2277.4,2277.6,7,9,17
9:33:43,2277.4,2277.4,2277.6,16,5,17
9:33:44,2277.4,2277.4,2277.6,12,18,17
9:33:44,2277.6,2277.4,2277.6,10,32,21
9:33:45,2277.4,2277.2,2277.4,35,13,1
9:33:45,2277.2,2277.2,2277.4,6,10,3
9:33:46,2277.2,2277.2,2277.4,3,15,12
9:33:46,2277.2,2277.2,2277.4,29,9,18
9:33:47,2277.2,2277,2277.2,16,43,2
9:33:47,2277,2277,2277.2,12,34,7
9:33:48,2277,2277,2277.2,12,25,5
9:33:48,2277,2277,2277.2,10,17,9
9:33:49,2277.2,2277,2277.2,13,10,7
9:33:49,2277,2277,2277.2,10,1,6
9:33:50,2276.8,2276.8,2277,3,42,3
9:33:50,2276.8,2276.8,2277,7,36,3
9:33:51,2277,2277,2277.2,10,23,25
9:33:51,2277,2277,2277.2,15,9,25
9:33:52,2277,2277,2277.2,13,1,25
9:33:52,2277,2276.8,2277,12,34,2
9:33:53,2276.8,2276.8,2277,10,25,1
9:33:53,2276.8,2276.8,2277,5,21,1
9:33:54,2276.8,2276.6,2276.8,21,14,14
9:33:54,2276.8,2276.6,2276.8,10,10,15
9:33:55,2276.6,2276.6,2276.8,7,3,16
9:33:55,2276.6,2276.6,2276.8,18,15,17
9:33:56,2276.6,2276.6,2276.8,16,2,14
9:33:56,2276.6,2276.6,2276.8,7,4,13
9:33:57,2276.8,2276.6,2276.8,7,5,11
9:33:57,2276.4,2276.4,2276.6,6,33,30
9:33:58,2276.6,2276.4,2276.6,12,25,28
9:33:58,2276.4,2276.4,2276.6,4,22,28
9:33:59,2276.6,2276.4,2276.6,9,16,25
9:33:59,2276.4,2276.2,2276.4,26,33,1
9:34:00,2276.4,2276.2,2276.6,9,27,19
9:34:00,2276.8,2276.2,2276.8,55,1,10
9:34:01,2276.2,2276.4,2276.6,9,1,1
9:34:01,2276.6,2276.4,2276.6,20,4,8
9:34:02,2276.4,2276.2,2276.6,6,4,6
9:34:02,2276.4,2276.2,2277,1,12,38
9:34:03,2276.8,2276.6,2276.8,14,16,12
9:34:04,2276.6,2276.6,2276.8,5,14,33
9:34:04,2276.6,2276.6,2276.8,3,10,23
9:34:05,2276.8,2276.6,2276.8,2,10,21
9:34:05,2276.6,2276.6,2276.8,4,9,18
9:34:06,2276.6,2276.6,2276.8,7,7,24
9:34:06,2276.6,2276.4,2276.6,17,14,7
9:34:07,2276.6,2276.6,2276.8,22,10,26
9:34:08,2276.6,2276.6,2276.8,8,4,28
9:34:09,2276.6,2276.4,2276.6,8,9,3
9:34:09,2276.6,2276.4,2276.6,1,10,4
9:34:10,2276.4,2276.4,2276.6,8,4,4
9:34:10,2276.6,2276.2,2276.8,8,18,18
9:34:11,2276.8,2276.4,2276.6,5,1,4
9:34:11,2276.2,2276.2,2276.4,3,17,1
9:34:12,2276.6,2276.2,2276.6,6,21,10
9:34:13,2276.2,2276.2,2276.4,10,18,3
9:34:13,2276.4,2276.4,2276.6,4,6,7
9:34:14,2276.4,2276.4,2276.6,1,5,7
9:34:14,2276.4,2276.4,2276.6,1,4,8
9:34:15,2276.4,2276.2,2276.4,7,21,11
9:34:15,2276.4,2276.2,2276.4,2,21,10
9:34:16,2276.4,2276.2,2276.4,5,21,11
9:34:16,2276.2,2276.2,2276.4,20,6,7
9:34:17,2276.4,2276.2,2276.4,3,6,6
9:34:17,2276.4,2276.2,2276.4,5,7,8
9:34:18,2276.2,2276.2,2276.4,4,9,11
9:34:19,2276.2,2276.2,2276.4,8,4,40
9:34:20,2276.2,2276,2276.2,14,77,6
9:34:20,2276.2,2276,2276.2,43,36,12
9:34:21,2276,2276,2276.2,14,25,13
9:34:21,2275.8,2275.8,2276,36,10,28
9:34:22,2275.8,2275.6,2275.8,10,16,5
9:34:22,2275.8,2275.6,2275.8,9,9,7
9:34:23,2275.6,2275.4,2275.6,10,15,2
9:34:23,2275.8,2275.6,2275.8,12,20,15
9:34:24,2275.8,2275.8,2276,58,12,10
9:34:24,2275.8,2275.8,2276,20,6,10
9:34:25,2276,2275.8,2276,15,1,5
9:34:25,2275.6,2275.6,2276,9,1,5
9:34:26,2276,2276,2276.2,18,6,25
9:34:26,2276,2276,2276.2,5,2,24
9:34:27,2276,2275.6,2276,7,7,3
9:34:27,2275.6,2275.6,2276,1,6,7
9:34:28,2275.6,2275.8,2276,1,1,10
9:34:28,2276,2275.8,2276,2,1,14
9:34:29,2275.6,2275.6,2276,4,10,13
9:34:29,2276,2276,2276.2,15,67,23
9:34:30,2276,2276,2276.2,18,69,6
9:34:30,2276.2,2276.2,2276.4,9,14,47
9:34:31,2276.2,2276.2,2276.4,6,17,49
9:34:31,2276.2,2276.2,2276.4,6,6,45
9:34:32,2276.4,2276.2,2276.4,6,7,42
9:34:32,2276.2,2276.2,2276.4,1,7,43
9:34:33,2276.2,2276.2,2276.4,8,1,41
9:34:33,2276,2276,2276.2,21,53,2
9:34:34,2276.2,2276,2276.2,16,40,2
9:34:34,2276,2276,2276.2,1,39,2
9:34:35,2276.2,2276.2,2276.4,6,3,46
9:34:36,2276.2,2276,2276.4,4,41,45
9:34:36,2276.2,2276.2,2276.4,3,2,44
9:34:37,2276.2,2276.2,2276.4,4,2,41
9:34:37,2276.4,2276.2,2276.4,3,1,41
9:34:38,2276.4,2276.2,2276.4,1,1,40
9:34:38,2276,2276,2276.2,7,34,1
9:34:39,2276.2,2276.2,2276.4,6,1,40
9:34:39,2276.4,2275.8,2276.2,57,8,25
9:34:40,2275.8,2275.6,2275.8,10,55,2
9:34:40,2275.8,2275.6,2275.8,3,55,1
9:34:41,2275.8,2275.8,2276,2,12,2
9:34:41,2276.2,2275.8,2276.2,13,13,14
9:34:42,2276,2275.8,2276.2,5,19,15
9:34:42,2276.2,2276,2276.2,6,3,11
9:34:43,2276.2,2276,2276.2,2,13,11
9:34:44,2276.2,2276,2276.2,3,14,8
9:34:44,2276.2,2276,2276.2,1,14,8
9:34:45,2276,2276,2276.2,1,14,8
9:34:45,2276,2276,2276.2,19,8,2
9:34:46,2276,2276,2276.2,6,2,2
9:34:46,2276.2,2276,2276.2,1,6,1
9:34:47,2275.8,2275.8,2276,11,27,16
9:34:47,2275.8,2275.8,2276,24,12,7
9:34:48,2276,2275.8,2276,3,11,12
9:34:48,2276,2275.8,2276,4,12,8
9:34:49,2276,2275.8,2276,1,12,7
9:34:49,2276,2275.8,2276,4,15,5
9:34:50,2276,2275.8,2276,5,16,2
9:34:50,2276.4,2275.8,2276.4,11,15,78
9:34:51,2276,2276,2276.2,4,2,2
9:34:52,2276.4,2276,2276.4,5,2,75
9:34:52,2276.2,2276,2276.4,1,2,74
9:34:54,2276,2275.8,2276,8,25,1
9:34:54,2276.4,2275.8,2276.4,5,25,75
9:34:55,2275.8,2275.8,2276.2,10,20,14
9:34:55,2276.2,2275.8,2276.2,9,21,6
9:34:56,2275.8,2275.8,2276.2,10,12,21
9:34:57,2276,2275.8,2276,13,11,10
9:34:57,2276.4,2275.8,2276.4,22,4,80
9:34:58,2275.8,2275.6,2275.8,13,27,1
9:34:58,2276,2276,2276.4,110,8,25
9:34:59,2275.8,2275.8,2276,11,7,25
9:34:59,2275.8,2275.6,2275.8,11,24,14
9:35:00,2276,2275.8,2276,33,1,18
9:35:00,2276.4,2276,2276.4,60,10,7
9:35:01,2275.8,2275.4,2276,31,13,1
9:35:01,2275.6,2275.6,2276,52,3,13
9:35:02,2275.2,2275.2,2275.6,7,78,10
9:35:02,2275.6,2275.6,2276,22,16,8
9:35:03,2275.6,2275.6,2276,5,12,17
9:35:03,2275.6,2275.6,2276,8,8,17
9:35:04,2275.6,2275.8,2276,10,2,8
9:35:04,2276,2275.8,2276,5,2,4
9:35:05,2276,2275.6,2276,6,9,1
9:35:05,2275.6,2275.8,2276,4,1,2
9:35:06,2276,2276,2276.2,5,18,2
9:35:06,2276.2,2276.2,2276.4,4,3,4
9:35:07,2276.2,2276.2,2276.4,1,4,4
9:35:07,2276.2,2276.2,2276.4,1,8,4
9:35:08,2276.4,2276.2,2276.4,3,9,2
9:35:08,2276.4,2276.4,2276.6,4,6,17
9:35:09,2276.4,2276.4,2276.6,4,3,16
9:35:09,2276.2,2276.2,2276.6,7,4,15
9:35:10,2276.4,2276.2,2276.4,2,2,9
9:35:11,2276.2,2276.2,2276.4,2,11,9
9:35:11,2276.4,2276.2,2276.4,12,9,5
9:35:12,2276.4,2276.2,2276.6,6,9,17
9:35:12,2276.2,2276.2,2276.6,1,8,17
9:35:13,2276.6,2276.2,2276.6,1,16,18
9:35:15,2276.6,2276.4,2276.6,7,1,15
9:35:15,2276.2,2276.2,2276.6,12,14,11
9:35:16,2276.4,2276.2,2276.6,1,16,12
9:35:16,2276.4,2276.4,2276.6,34,6,11
9:35:17,2276.6,2276.4,2276.6,5,5,7
9:35:17,2276.6,2276.6,2276.8,9,17,20
9:35:18,2276.8,2276.6,2276.8,4,33,18
9:35:18,2276.6,2276.6,2276.8,6,28,18
9:35:19,2276.8,2276.8,2277,22,17,59
9:35:19,2276.8,2276.8,2277,4,19,57
9:35:20,2277,2276.8,2277,8,21,55
9:35:20,2277,2276.8,2277,4,21,52
9:35:21,2276.8,2276.8,2277,2,20,51
9:35:21,2277,2276.8,2277,6,20,45
9:35:22,2276.8,2276.8,2277,5,19,41
9:35:22,2277,2276.8,2277,7,18,35
9:35:23,2276.8,2276.8,2277,8,11,34
9:35:23,2276.8,2276.8,2277,3,10,33
9:35:24,2276.8,2276.8,2277,2,9,36
9:35:24,2276.8,2276.8,2277,7,12,30
9:35:25,2277,2277,2277.2,36,10,13
9:35:25,2277,2277,2277.2,1,9,13
9:35:26,2277,2276.8,2277.2,10,4,13
9:35:26,2277,2276.8,2277.2,3,4,15
9:35:27,2277,2276.8,2277,2,4,1
9:35:28,2276.8,2276.6,2276.8,8,13,3
9:35:28,2277,2277,2277.2,8,4,17
9:35:29,2277.2,2277,2277.2,6,1,15
9:35:29,2277,2276.8,2277,8,2,16
9:35:30,2277,2276.8,2277,1,4,17
9:35:30,2277,2276.8,2277,7,7,11
9:35:31,2277,2276.8,2277,5,7,6
9:35:32,2277,2276.8,2277,13,1,4
9:35:32,2276.8,2276.6,2276.8,3,13,17
9:35:34,2276.8,2276.6,2276.8,12,4,20
9:35:34,2276.8,2276.6,2276.8,2,4,18
9:35:35,2276.6,2276.4,2276.6,4,12,1
9:35:35,2276.6,2276.4,2276.6,2,22,6
9:35:36,2276.6,2276.4,2276.6,3,20,5
9:35:37,2276.4,2276.4,2276.6,9,11,16
9:35:37,2276.4,2276.4,2276.6,6,5,17
9:35:38,2276.4,2276.2,2276.4,6,7,13
9:35:38,2276.2,2276.2,2276.4,1,6,14
9:35:39,2276.4,2276.2,2276.4,5,6,14
9:35:40,2276.2,2276,2276.2,6,37,8
9:35:40,2276,2276,2276.2,2,45,25
9:35:41,2276.2,2276,2276.2,1,45,24
9:35:42,2276,2276,2276.2,10,26,24
9:35:42,2276,2276,2276.2,6,20,24
9:35:43,2276,2276,2276.2,8,13,24
9:35:43,2276,2276,2276.2,13,4,19
9:35:44,2276,2276,2276.2,3,7,23
9:35:44,2276,2276,2276.2,4,18,23
9:35:45,2276,2276,2276.2,2,17,23
9:35:45,2276.2,2276,2276.2,2,18,21
9:35:46,2276.2,2276,2276.2,5,20,17
9:35:46,2276.2,2276.2,2276.4,19,2,13
9:35:47,2276.4,2276.4,2276.6,13,21,3
9:35:47,2276.6,2276.4,2276.6,3,19,2
9:35:48,2276.4,2276.4,2276.6,2,19,2
9:35:49,2276.6,2276.6,2276.8,2,4,24
9:35:49,2276.6,2276.6,2276.8,2,2,25
9:35:51,2276.8,2276.6,2276.8,2,5,23
9:35:51,2276.8,2276.6,2276.8,1,5,22
9:35:52,2276.6,2276.6,2276.8,1,5,22
9:35:52,2276.4,2276.4,2276.8,12,18,20
9:35:53,2276.8,2276.4,2276.8,13,19,7
9:35:54,2276.8,2276.6,2276.8,3,2,5
9:35:55,2276.8,2276.4,2276.8,18,38,2
9:35:55,2276.4,2276.6,2276.8,3,3,6
9:35:56,2276.8,2276.6,2276.8,2,3,8
9:35:56,2276.8,2276.6,2276.8,4,13,7
9:35:57,2276.8,2276.8,2277,4,1,11
9:35:58,2277,2276.8,2277,1,9,11
9:35:59,2277,2276.8,2277,4,10,15
9:35:59,2277,2277,2277.2,18,17,39
9:36:00,2277.2,2277,2277.2,9,14,33
9:36:00,2277.2,2277,2277.2,15,6,29
9:36:01,2277,2276.8,2277,28,5,13
9:36:01,2277,2276.8,2277,14,1,3
9:36:02,2276.4,2276.4,2277.4,54,15,23
9:36:02,2276.6,2276.6,2277.2,5,21,7
9:36:03,2276.6,2276.6,2277,5,6,4
9:36:03,2276.6,2276.6,2277,5,4,13
9:36:04,2276.6,2276.6,2277,1,4,15
9:36:04,2277,2276.6,2277,4,4,12
9:36:05,2276.6,2276.6,2276.8,1,4,1
9:36:06,2276.6,2276.6,2277,4,3,11
9:36:07,2277,2276.6,2277,2,5,10
9:36:08,2277,2276.6,2277,7,11,8
9:36:09,2277,2276.6,2277,2,12,7
9:36:09,2277,2276.6,2277,1,12,6
9:36:10,2276.6,2276.6,2277,3,11,11
9:36:10,2277,2276.6,2277,3,9,10
9:36:11,2276.6,2276.6,2277,1,8,11
9:36:11,2276.6,2276.6,2276.8,5,6,10
9:36:12,2276.8,2276.6,2276.8,5,8,6
9:36:12,2276.6,2276.6,2276.8,4,10,8
9:36:13,2276.4,2276.2,2276.8,30,14,20
9:36:13,2276.2,2276.2,2276.6,9,17,1
9:36:14,2276.2,2276.2,2276.6,19,4,5
9:36:14,2276.8,2276.2,2276.8,18,3,10
9:36:15,2276.4,2276.2,2276.6,2,11,7
9:36:15,2276.6,2276,2276.4,10,43,1
9:36:16,2276.4,2276.4,2276.6,6,2,3
9:36:17,2276,2276.2,2276.6,3,2,3
9:36:17,2276.4,2276.2,2276.6,7,7,17
9:36:18,2276,2276.2,2276.6,8,1,13
9:36:18,2276.6,2276.4,2276.6,5,1,11
9:36:19,2276,2276,2276.2,9,44,2
9:36:20,2276.2,2276,2276.2,4,42,1
9:36:20,2276,2276,2276.2,2,40,2
9:36:21,2276,2276,2276.2,28,13,3
9:36:21,2276,2275.8,2276,13,28,8
9:36:22,2276,2275.8,2276.2,11,26,20
9:36:22,2275.8,2275.8,2276.2,3,24,12
9:36:23,2276.2,2276.2,2276.4,14,6,8
9:36:24,2276.4,2276.2,2276.4,4,6,6
9:36:24,2275.8,2275.8,2276.4,10,22,5
9:36:25,2276,2275.8,2276.4,8,21,11
9:36:25,2275.8,2276,2276.4,4,8,11
9:36:26,2276,2276,2276.4,1,7,6
9:36:26,2276.4,2276,2276.4,6,9,3
9:36:27,2276.4,2276,2276.4,4,8,2
9:36:27,2276.2,2276,2276.4,1,9,2
9:36:28,2276,2276,2276.2,3,8,30
9:36:29,2275.8,2275.8,2276,16,24,10
9:36:29,2276.2,2275.8,2276,18,24,3
9:36:30,2276,2275.8,2276,5,23,1
9:36:30,2276,2276,2276.2,3,12,23
9:36:31,2276,2276,2276.2,1,12,24
9:36:31,2276,2276,2276.2,8,8,20
9:36:32,2276,2276,2276.2,8,3,20
9:36:32,2276.2,2276,2276.2,2,2,22
9:36:33,2276,2275.8,2276.2,3,24,21
9:36:33,2276.2,2275.8,2276.2,2,24,23
9:36:34,2275.8,2275.8,2276.2,1,23,25
9:36:34,2275.8,2275.8,2276.2,3,24,24
9:36:35,2275.8,2275.8,2276.2,3,21,24
9:36:35,2275.8,2275.8,2276.2,2,20,24
9:36:36,2275.8,2275.8,2276,13,7,6
9:36:36,2275.8,2275.8,2276,3,4,6
9:36:37,2275.8,2275.6,2275.8,4,35,2
9:36:37,2275.8,2275.6,2275.8,1,35,1
9:36:38,2275.6,2275.6,2275.8,2,34,1
9:36:38,2275.8,2275.6,2275.8,4,31,3
9:36:39,2275.6,2275.6,2275.8,15,16,4
9:36:39,2275.6,2275.4,2275.6,16,25,45
9:36:40,2275.4,2275.4,2275.6,4,22,47
9:36:40,2275.4,2275.2,2275.4,22,94,2
9:36:41,2275.4,2275.2,2275.4,13,84,10
9:36:41,2275.2,2275.2,2275.4,25,63,11
9:36:42,2275.2,2275.2,2275.4,25,41,11
9:36:42,2275.4,2275.2,2275.4,29,14,8
9:36:43,2275,2275,2275.2,20,78,2
9:36:43,2275,2275,2275.2,15,69,1
9:36:44,2275,2274.8,2275,78,39,1
9:36:44,2274.8,2274.8,2275,8,32,16
9:36:45,2274.8,2274.8,2275,11,23,15
9:36:45,2274.8,2274.6,2274.8,48,10,13
9:36:46,2274.6,2274.6,2274.8,7,13,20
9:36:46,2274.8,2274.6,2274.8,13,31,20
9:36:47,2274.6,2274.6,2274.8,16,31,12
9:36:47,2274.8,2274.8,2275,36,12,13
9:36:48,2275,2274.8,2275,18,12,7
9:36:48,2274.8,2274.8,2275,16,4,7
9:36:49,2275,2274.8,2275,10,10,2
9:36:49,2275.2,2275,2275.2,5,14,12
9:36:50,2275,2275,2275.2,6,21,11
9:36:50,2275.2,2275,2275.2,8,38,4
9:36:51,2275.2,2275,2275.2,3,36,5
9:36:51,2275,2275.2,2275.4,9,1,9
9:36:52,2275.2,2275,2275.4,5,38,19
9:36:52,2275,2275,2275.4,6,35,19
9:36:53,2275,2275,2275.4,2,33,19
9:36:53,2275,2275,2275.4,3,34,21
9:36:54,2275.2,2275,2275.2,11,24,10
9:36:55,2275,2275,2275.2,1,43,11
9:36:55,2275.2,2275,2275.2,21,29,11
9:36:56,2275.2,2275,2275.2,4,28,10
9:36:56,2275,2275,2275.2,1,30,15
9:36:57,2275.2,2275,2275.2,2,36,14
9:36:57,2275.2,2275.2,2275.4,16,8,18
9:36:58,2275.2,2275.2,2275.4,2,7,18
9:36:58,2275.2,2275.2,2275.4,8,4,19
9:36:59,2275.2,2275.2,2275.4,2,5,19
9:36:59,2275.2,2275.2,2275.4,8,9,19
9:37:00,2275.4,2275.2,2275.4,7,4,17
9:37:00,2275.4,2275.2,2275.4,3,2,17
9:37:01,2275.2,2275,2275.4,2,36,17
9:37:01,2275,2275,2275.4,9,42,10
9:37:02,2275,2275,2275.6,60,2,44
9:37:02,2275.2,2275.2,2275.4,14,2,21
9:37:03,2275.4,2275.2,2275.4,16,15,10
9:37:03,2275.4,2275.2,2275.4,8,12,8
9:37:04,2275.6,2275.4,2275.6,13,10,41
9:37:04,2275.4,2275.4,2275.6,3,8,41
9:37:05,2275.6,2275.4,2275.6,6,7,36
9:37:05,2275.2,2275.2,2275.6,28,10,26
9:37:06,2275.4,2275.4,2275.6,3,6,27
9:37:06,2275.6,2275.6,2275.8,28,13,9
9:37:07,2275.8,2275.6,2275.8,7,11,6
9:37:07,2275.8,2275.6,2276,17,11,14
9:37:08,2275.6,2275.6,2276,4,10,13
9:37:08,2276,2275.6,2276,6,10,12
9:37:09,2276,2275.6,2276,8,10,8
9:37:10,2276,2275.6,2275.8,2,9,1
9:37:10,2276,2275.8,2276,5,1,5
9:37:11,2276,2275.8,2276,3,1,6
9:37:11,2276,2275.6,2276,2,6,5
9:37:12,2276,2275.6,2276,9,5,29
9:37:13,2275.6,2275.6,2276,7,13,25
9:37:13,2275.8,2275.6,2275.8,2,13,12
9:37:14,2275.8,2275.6,2275.8,2,24,12
9:37:14,2275.6,2275.6,2275.8,1,33,14
9:37:15,2275.8,2275.6,2275.8,5,50,9
9:37:15,2275.6,2275.6,2275.8,1,49,8
9:37:16,2275.6,2275.6,2275.8,4,48,10
9:37:16,2275.8,2275.6,2275.8,6,33,14
9:37:17,2275.8,2275.8,2276,27,5,27
9:37:17,2275.6,2275.6,2275.8,8,29,12
9:37:18,2275.6,2275.6,2275.8,2,28,12
9:37:19,2275.6,2275.6,2275.8,14,17,28
9:37:19,2275.6,2275.4,2275.6,23,30,50
9:37:20,2275.4,2275.4,2275.6,1,27,51
9:37:20,2275.2,2275.2,2275.4,40,11,10
9:37:21,2275,2275,2275.6,33,70,31
9:37:21,2275,2275,2275.4,18,64,4
9:37:22,2275.2,2275.2,2275.4,24,23,5
9:37:22,2275,2275,2275.2,42,47,3
9:37:23,2275.2,2275.2,2275.4,3,19,11
9:37:23,2275.2,2275.2,2275.4,5,25,13
9:37:24,2275.4,2275.2,2275.4,53,21,19
9:37:24,2275.2,2275.2,2275.4,10,15,18
9:37:25,2275.2,2275.2,2275.4,3,12,28
9:37:25,2275.2,2275,2275.2,13,49,2
9:37:26,2275,2275,2275.2,4,48,20
9:37:26,2275,2275,2275.2,17,32,21
9:37:27,2275.2,2275,2275.2,19,16,21
9:37:27,2275,2275,2275.2,11,9,17
9:37:28,2275,2274.8,2275,9,50,57
9:37:28,2275,2274.8,2275,10,47,54
9:37:29,2274.8,2274.8,2275,27,19,37
9:37:29,2275,2274.8,2275,30,15,11
9:37:30,2274.8,2274.8,2275,18,12,20
9:37:30,2275,2274.8,2275,7,14,15
9:37:31,2274.8,2274.8,2275,8,8,17
9:37:31,2275,2274.8,2275,11,9,21
9:37:32,2274.8,2274.6,2274.8,17,19,32
9:37:32,2274.8,2274.6,2274.8,4,18,32
9:37:33,2274.6,2274.6,2274.8,10,15,31
9:37:33,2274.8,2274.6,2274.8,5,12,29
9:37:34,2274.6,2274.6,2274.8,17,7,29
9:37:34,2274.6,2274.4,2274.6,7,26,2
9:37:35,2274.6,2274.2,2274.4,34,85,1
9:37:35,2274.4,2274.4,2274.6,10,2,3
9:37:36,2274.4,2274.2,2274.4,8,78,3
9:37:36,2274.6,2274.4,2274.6,20,18,22
9:37:37,2274.4,2274.4,2274.6,38,8,17
9:37:37,2274.2,2274.2,2274.4,35,55,2
9:37:38,2274.4,2274.2,2274.4,11,48,18
9:37:38,2274.2,2274,2274.2,55,76,5
9:37:39,2274,2274,2274.2,17,66,7
9:37:39,2274,2274,2274.2,40,30,13
9:37:40,2274,2273.8,2274,34,25,45
9:37:40,2273.8,2273.8,2274,11,24,59
9:37:41,2273.8,2273.8,2274,11,16,58
9:37:41,2273.8,2273.8,2274,20,6,55
9:37:42,2273.8,2273.6,2273.8,22,85,12
9:37:42,2273.8,2273.6,2273.8,11,85,5
9:37:43,2273.8,2273.6,2273.8,42,67,6
9:37:43,2273.8,2273.8,2274,12,10,66
9:37:44,2273.6,2273.6,2273.8,69,35,1
9:37:44,2274,2273.6,2273.8,32,31,1
9:37:45,2273.8,2273.6,2273.8,8,34,1
9:37:45,2273.8,2273.8,2274,35,9,40
9:37:46,2273.6,2273.8,2274,36,1,32
9:37:46,2273.6,2273.6,2274,59,9,32
9:37:47,2273.6,2273.6,2274,18,6,30
9:37:47,2274,2273.8,2274,73,10,13
9:37:48,2273.4,2273.4,2273.6,37,45,2
9:37:48,2273.6,2273.6,2273.8,18,1,10
9:37:49,2273.8,2273.8,2274,18,16,29
9:37:49,2273.8,2273.8,2274,13,6,30
9:37:50,2273.6,2273.6,2273.8,11,30,2
9:37:50,2273.8,2273.6,2273.8,10,36,13
9:37:51,2273.8,2273.8,2274,16,3,37
9:37:51,2273.6,2273.6,2274,83,23,4
9:37:52,2273.6,2273.6,2273.8,20,30,11
9:37:52,2273.6,2273.6,2273.8,12,26,6
9:37:53,2274,2273.6,2273.8,22,15,10
9:37:53,2273.6,2273.4,2273.6,24,40,10
9:37:54,2273.4,2273.4,2273.6,11,37,12
9:37:54,2273.8,2273.6,2273.8,17,35,13
9:37:55,2273.6,2273.6,2273.8,38,5,13
9:37:55,2273.8,2273.8,2274,23,10,29
9:37:56,2273.8,2273.8,2274,9,5,28
9:37:56,2273.6,2273.6,2274,12,16,33
9:37:57,2273.8,2273.6,2274,6,19,35
9:37:57,2274,2274,2274.2,38,1,19
9:37:58,2274,2274,2274.2,5,1,18
9:37:58,2274.2,2273.8,2274.2,10,14,10
9:37:59,2274.4,2274.2,2274.4,19,1,9
9:37:59,2274.4,2274,2274.4,11,1,4
9:38:00,2274,2273.8,2274,62,15,53
9:38:00,2274,2273.8,2274,17,11,40
9:38:01,2274,2273.8,2274,38,3,4
9:38:01,2273.8,2273.6,2273.8,8,40,48
9:38:02,2273.8,2273.6,2273.8,8,51,42
9:38:02,2273.8,2273.6,2273.8,41,41,8
9:38:03,2273.8,2273.6,2273.8,7,40,2
9:38:03,2273.8,2273.8,2274,15,20,8
9:38:04,2273.8,2273.8,2274,5,27,8
9:38:04,2274,2273.8,2274,15,33,1
9:38:05,2274,2274.2,2274.4,7,4,21
9:38:05,2274.2,2274.2,2274.4,4,1,20
9:38:06,2274.6,2274.6,2274.8,28,3,4
9:38:06,2274.6,2274.4,2274.6,26,5,1
9:38:07,2275,2274.8,2275,24,2,2
9:38:07,2274.8,2274.6,2274.8,9,5,8
9:38:08,2275,2275,2275.2,13,29,1
9:38:08,2275.4,2275.2,2275.4,5,11,21
9:38:09,2275.6,2275,2275.6,47,39,4
9:38:09,2275.6,2275.6,2275.8,9,7,4
9:38:10,2275.6,2275.8,2276,16,30,12
9:38:10,2276,2275.8,2276,15,26,5
9:38:11,2275.8,2275.6,2275.8,31,9,1
9:38:11,2276,2276,2276.2,24,1,2
9:38:12,2275.8,2275.8,2276,16,33,4
9:38:12,2275.8,2275.6,2275.8,41,5,15
9:38:13,2275.8,2275.6,2275.8,18,2,21
9:38:13,2275.8,2275.4,2275.6,12,5,12
9:38:14,2275.8,2275.6,2275.8,16,3,44
9:38:14,2275.6,2275.2,2275.6,29,8,5
9:38:15,2275.6,2275.2,2275.6,6,6,8
9:38:15,2275.6,2275.2,2275.6,5,15,7
9:38:16,2275.2,2275.2,2275.6,23,10,21
9:38:16,2275.2,2275,2275.4,10,35,1
9:38:17,2275.6,2275.2,2275.4,6,2,7
9:38:17,2275,2275,2275.4,4,29,7
9:38:18,2275,2275,2275.2,13,17,3
9:38:18,2275.2,2275.2,2275.4,6,7,10
9:38:19,2275.2,2275.2,2275.4,10,2,12
9:38:19,2275,2275,2275.4,5,11,15
9:38:20,2275,2275,2275.2,1,10,10
9:38:20,2275,2275,2275.2,1,9,21
9:38:21,2275,2275,2275.2,7,14,26
9:38:21,2275,2275,2275.2,6,12,26
9:38:22,2275,2274.8,2275,13,6,24
9:38:22,2274.8,2274.8,2275,2,8,42
9:38:23,2274.8,2274.6,2274.8,11,7,6
9:38:23,2274.8,2274.6,2274.8,11,7,1
9:38:24,2274.6,2274.4,2274.8,39,19,3
9:38:25,2274.6,2274.6,2274.8,4,3,7
9:38:25,2274.8,2274.6,2274.8,7,1,7
9:38:26,2274.6,2274.4,2274.6,8,21,3
9:38:26,2274.6,2274.4,2274.6,8,17,1
9:38:27,2274.4,2274.4,2274.6,18,14,1
9:38:27,2274.4,2274.4,2274.6,15,2,2
9:38:28,2274.2,2274.2,2274.4,4,16,13
9:38:28,2274.2,2274.2,2274.4,11,11,11
9:38:29,2274.2,2274,2274.2,13,20,4
9:38:29,2274.2,2274,2274.2,2,19,4
9:38:30,2274.2,2274,2274.2,2,18,5
9:38:30,2274.2,2274,2274.4,12,16,11
9:38:31,2274.2,2274.2,2274.4,1,1,11
9:38:31,2274.2,2274,2274.4,2,17,10
9:38:32,2274,2274,2274.2,19,12,2
9:38:32,2274.2,2274,2274.2,1,18,1
9:38:33,2274,2274,2274.2,1,17,1
9:38:33,2274,2273.8,2274,23,16,35
9:38:34,2273.8,2273.8,2274,7,14,32
9:38:34,2273.8,2273.8,2274,5,36,43
9:38:35,2274,2273.8,2274,5,33,42
9:38:35,2274,2273.8,2274,21,14,44
9:38:36,2273.8,2273.8,2274,14,1,46
9:38:36,2273.8,2273.6,2273.8,3,60,2
9:38:37,2274,2273.6,2274,18,57,36
9:38:37,2273.8,2273.6,2273.8,7,52,3
9:38:38,2273.6,2273.6,2273.8,3,59,23
9:38:38,2273.8,2273.6,2273.8,5,57,25
9:38:39,2273.8,2273.6,2273.8,22,45,21
9:38:39,2273.6,2273.6,2273.8,8,46,21
9:38:40,2273.6,2273.6,2273.8,20,36,20
9:38:40,2273.8,2273.6,2273.8,12,36,27
9:38:41,2273.8,2273.6,2273.8,3,41,21
9:38:41,2273.6,2273.6,2273.8,5,38,21
9:38:42,2273.8,2273.8,2274,35,24,49
9:38:42,2273.8,2273.8,2274,11,24,46
9:38:43,2274,2273.8,2274,13,20,42
9:38:43,2273.8,2273.8,2274,28,3,33
9:38:44,2273.8,2273.6,2273.8,3,39,8
9:38:44,2273.8,2273.6,2273.8,9,43,2
9:38:45,2273.8,2273.6,2273.8,14,38,3
9:38:45,2273.8,2273.8,2274,8,9,42
9:38:46,2273.8,2273.8,2274,6,8,40
9:38:46,2273.8,2273.8,2274,4,18,38
9:38:47,2274,2273.8,2274,2,32,37
9:38:47,2274,2274,2274.2,49,10,8
9:38:48,2274,2274,2274.4,17,12,3
9:38:48,2273.6,2273.6,2274.4,56,24,3
9:38:49,2274.2,2274,2274.2,4,1,2
9:38:49,2274.4,2274,2274.2,22,6,3
9:38:50,2274.2,2274,2274.2,4,4,1
9:38:50,2274,2274,2274.2,5,3,6
9:38:51,2274.2,2273.8,2274,6,16,1
9:38:51,2274.2,2274,2274.4,5,13,4
9:38:52,2274.2,2274,2274.2,2,33,3
9:38:52,2274.2,2274,2274.2,3,37,1
9:38:53,2274.4,2274,2274.4,15,26,4
9:38:53,2274,2274,2274.2,3,33,1
9:38:54,2274.2,2274.2,2274.4,3,7,8
9:38:54,2274.2,2274.2,2274.4,6,2,7
9:38:55,2274.2,2274.2,2274.4,1,21,8
9:38:55,2274.4,2274.2,2274.4,4,23,9
9:38:56,2274.4,2274.2,2274.4,8,21,3
9:38:56,2274.2,2274.2,2274.4,9,15,1
9:38:57,2274.2,2274.2,2274.6,7,11,9
9:38:57,2274.4,2274.4,2274.6,4,3,16
9:38:58,2274,2274,2274.6,20,69,9
9:38:58,2274.4,2274.2,2274.4,1,1,15
9:38:59,2274.2,2274,2274.2,5,71,6
9:38:59,2274.2,2274,2274.2,4,76,16
9:39:00,2274.2,2274,2274.2,14,76,5
9:39:00,2274,2274,2274.2,43,36,2
9:39:01,2273.8,2273.8,2274.2,40,24,1
9:39:01,2273.8,2273.8,2274,17,12,17
9:39:02,2273.8,2273.6,2273.8,19,41,13
9:39:02,2273.6,2273.6,2273.8,22,23,13
9:39:03,2273.8,2273.8,2274,19,17,15
9:39:03,2274,2273.8,2274,5,18,21
9:39:04,2274,2273.8,2274,8,20,15
9:39:04,2273.8,2273.6,2274,22,20,13
9:39:05,2273.8,2273.8,2274,10,9,5
9:39:05,2273.8,2273.8,2274,6,9,2
9:39:06,2273.8,2273.8,2274,7,8,4
9:39:06,2274,2274,2274.2,18,21,2
9:39:07,2274.2,2274.2,2274.4,6,4,25
9:39:07,2274.4,2274.2,2274.4,5,3,21
9:39:08,2274,2273.8,2274,45,4,18
9:39:08,2274,2273.8,2274,7,2,19
9:39:09,2274,2274,2274.2,23,6,9
9:39:09,2274.2,2274,2274.2,4,7,11
9:39:10,2274.2,2274,2274.2,3,21,13
