9:14:00,2250,2250,2250.6,148,22,1
9:15:00,2250.8,2250.6,2250.8,49,3,10
9:15:01,2251,2250.2,2251,79,12,26
9:15:01,2250.2,2250.2,2250.6,54,1,5
9:15:02,2250.4,2250.2,2250.4,61,2,17
9:15:02,2249.8,2249.8,2250.2,44,1,75
9:15:03,2249.8,2249.6,2249.8,11,25,10
9:15:03,2249.6,2249.4,2249.6,42,61,11
9:15:04,2249.8,2249.6,2249.8,42,16,4
9:15:04,2249.6,2249.6,2250,47,2,55
9:15:05,2250,2249.8,2250,20,3,42
9:15:05,2249.8,2249.8,2250,11,7,42
9:15:06,2250,2249.8,2250,19,2,31
9:15:06,2250,2249.6,2249.8,17,2,1
9:15:07,2249.8,2249.6,2249.8,6,1,10
9:15:07,2249.8,2249.8,2250,13,7,27
9:15:08,2249.8,2249.8,2250,8,44,25
9:15:08,2250,2249.8,2250,50,22,7
9:15:09,2250.2,2250,2250.2,25,23,16
9:15:09,2250,2250,2250.2,6,20,17
9:15:10,2250.2,2250.2,2250.4,28,2,10
9:15:10,2250.8,2250.6,2250.8,56,3,20
9:15:11,2250.2,2250.2,2250.6,8,1,6
9:15:11,2250.6,2250.4,2250.6,9,2,8
9:15:12,2250.6,2250.4,2250.6,32,11,17
9:15:12,2250.6,2250.4,2250.8,29,11,13
9:15:13,2250.6,2250.6,2250.8,1,7,13
9:15:13,2250.6,2250.6,2250.8,15,8,3
9:15:14,2250.6,2250.6,2250.8,8,14,1
9:15:14,2250.8,2250.8,2251,11,5,100
9:15:15,2250.8,2250.4,2250.8,13,10,2
9:15:15,2250.8,2250.4,2250.6,14,5,11
9:15:16,2250.4,2250.2,2250.4,28,21,4
9:15:16,2250.4,2250.2,2250.4,13,17,2
9:15:17,2250,2249.8,2250,25,94,12
9:15:17,2249.8,2250,2250.6,19,1,5
9:15:18,2250.6,2250.4,2250.6,3,1,4
9:15:18,2250,2249.8,2250.4,4,90,10
9:15:19,2250.2,2250,2250.2,5,1,8
9:15:19,2250.2,2250,2250.2,3,23,5
9:15:20,2250,2250,2250.4,20,11,18
9:15:20,2250,2250,2250.4,2,12,18
9:15:21,2250,2249.8,2250,23,90,9
9:15:21,2250.4,2250,2250.4,13,29,18
9:15:22,2250.4,2250,2250.4,4,28,27
9:15:22,2250.2,2250,2250.4,11,27,23
9:15:23,2250,2250,2250.4,17,17,23
9:15:23,2250,2250,2250.2,5,13,1
9:15:24,2250,2249.8,2250,16,93,2
9:15:24,2250,2249.8,2250,6,91,3
9:15:25,2250,2250,2250.2,4,16,12
9:15:25,2250.2,2250.2,2250.4,25,7,9
9:15:26,2250.4,2250.2,2250.4,5,4,7
9:15:26,2250.4,2250.4,2250.6,12,20,41
9:15:27,2250.4,2250.4,2250.6,27,3,31
9:15:27,2250.4,2250.4,2250.6,6,18,30
9:15:28,2250.4,2250.4,2250.6,6,13,30
9:15:28,2250.4,2250.4,2250.6,8,13,25
9:15:29,2250.4,2250.4,2250.6,4,13,22
9:15:29,2250.4,2250.4,2250.6,12,11,12
9:15:30,2250.6,2250.4,2250.6,10,6,7
9:15:30,2250.6,2250.6,2250.8,10,17,40
9:15:31,2250.6,2250.6,2250.8,3,15,43
9:15:31,2250.6,2250.6,2250.8,2,14,50
9:15:32,2250.6,2250.6,2250.8,1,12,50
9:15:32,2250.8,2250.6,2250.8,1,12,50
9:15:33,2250.8,2250.6,2250.8,13,1,48
9:15:33,2250.8,2250.4,2250.8,13,13,38
9:15:34,2250.4,2250.4,2250.6,4,22,6
9:15:34,2250.6,2250.4,2250.6,10,27,3
9:15:35,2250.6,2250.4,2250.6,1,28,3
9:15:35,2250.6,2250.4,2250.6,2,27,2
9:15:36,2250.6,2250.4,2250.6,1,28,1
9:15:36,2250.6,2250.4,2250.8,3,28,47
9:15:37,2250.6,2250.6,2250.8,2,7,48
9:15:37,2250.6,2250.6,2250.8,5,9,47
9:15:38,2250.6,2250.6,2250.8,8,1,47
9:15:38,2250.6,2250.6,2250.8,6,5,44
9:15:39,2250.6,2250.6,2250.8,8,2,41
9:15:39,2250.8,2250.4,2250.8,13,29,36
9:15:40,2250.6,2250.4,2250.6,13,19,2
9:15:41,2250.6,2250.4,2250.6,15,21,1
9:15:41,2250.4,2250.4,2250.8,7,19,31
9:15:42,2250.6,2250.4,2250.6,6,30,19
9:15:42,2250.4,2250.4,2250.6,22,11,17
9:15:43,2250.4,2250.4,2250.6,11,7,23
9:15:43,2250.4,2250.4,2250.6,1,6,57
9:15:44,2250.4,2250.2,2250.4,15,7,8
9:15:44,2250.2,2250.2,2250.4,10,9,7
9:15:45,2250.2,2250.2,2250.4,6,12,13
9:15:45,2250.4,2250.2,2250.4,1,12,14
9:15:46,2250.2,2250.2,2250.4,6,6,16
9:15:46,2250.2,2250.2,2250.4,1,8,16
9:15:47,2250.2,2250.2,2250.4,12,3,10
9:15:47,2250.2,2250.2,2250.4,8,2,5
9:15:48,2250.2,2250,2250.4,14,31,5
9:15:48,2250,2250,2250.2,26,9,1
9:15:49,2250.2,2250.2,2250.4,8,14,5
9:15:49,2250.2,2250.2,2250.4,9,11,5
9:15:50,2250.4,2250.4,2250.6,25,3,69
9:15:50,2250.4,2250.2,2250.6,5,4,80
9:15:51,2250,2249.8,2250,10,60,23
9:15:51,2249.8,2249.8,2250,30,51,2
9:15:52,2249.8,2249.8,2250,3,49,3
9:15:53,2250,2249.8,2250,2,48,8
9:15:53,2250,2249.8,2250,9,42,6
9:15:54,2250,2249.8,2250,9,38,3
9:15:54,2250,2249.8,2250,5,37,1
9:15:55,2249.8,2249.8,2250.2,11,35,4
9:15:55,2249.8,2249.8,2250.2,17,26,11
9:15:56,2249.8,2250,2250.2,10,1,2
9:15:56,2250.4,2250,2250.4,14,18,2
9:15:57,2250,2250,2250.4,10,9,1
9:15:57,2250.2,2250.4,2250.6,3,1,88
9:15:58,2250.2,2250.2,2250.4,7,1,11
9:15:58,2250.2,2250.2,2250.4,1,2,11
9:15:59,2250.2,2250,2250.2,5,15,2
9:15:59,2250.4,2250.2,2250.4,4,6,10
9:16:00,2250.6,2250.2,2250.6,40,5,71
9:16:01,2250.4,2250.2,2250.4,29,20,19
9:16:01,2250.4,2250.2,2250.4,12,20,8
9:16:02,2250.2,2250.2,2250.4,4,19,7
9:16:02,2250.4,2250.4,2250.6,8,3,75
9:16:03,2250.2,2250.2,2250.4,4,18,6
9:16:03,2250,2249.8,2250,28,21,3
9:16:04,2250,2249.8,2250.2,3,21,9
9:16:04,2250,2249.8,2250,13,14,6
9:16:05,2249.8,2249.8,2250,11,7,17
9:16:05,2249.8,2249.6,2249.8,8,36,1
9:16:06,2249.6,2249.6,2249.8,37,4,21
9:16:06,2249.6,2249.4,2249.8,22,12,10
9:16:07,2249.4,2249.2,2249.4,16,30,11
9:16:08,2249,2249,2249.2,52,26,18
9:16:08,2249,2249,2249.2,15,16,28
9:16:09,2248.8,2248.8,2249,22,1,15
9:16:09,2248.8,2248.4,2248.8,15,3,23
9:16:10,2248.6,2248.6,2248.8,22,10,23
9:16:10,2248.6,2248.6,2248.8,6,13,24
9:16:11,2248.6,2248.6,2248.8,40,19,4
9:16:11,2248.6,2248.6,2248.8,7,26,4
9:16:12,2248.8,2248.8,2249,8,9,21
9:16:12,2248.6,2248.6,2248.8,12,26,4
9:16:13,2248.6,2248.6,2249,7,23,21
9:16:13,2249,2248.6,2248.8,8,21,1
9:16:14,2248.6,2248.6,2248.8,16,5,2
9:16:14,2249,2248.8,2249,8,12,19
9:16:15,2249,2248.8,2249,12,10,9
9:16:15,2248.6,2248.6,2248.8,14,11,10
9:16:16,2248.8,2248.6,2248.8,6,7,10
9:16:16,2248.6,2248.6,2248.8,7,9,15
9:16:17,2248.4,2248.2,2248.6,12,54,4
9:16:17,2248.8,2248.6,2248.8,14,25,17
9:16:18,2248.6,2248.6,2248.8,7,24,12
9:16:18,2248.6,2248.6,2248.8,3,21,17
9:16:19,2248.6,2248.6,2248.8,5,23,14
9:16:19,2248.6,2248.6,2248.8,8,15,14
9:16:20,2248.6,2248.6,2248.8,4,14,13
9:16:20,2248.6,2248.6,2248.8,8,23,10
9:16:21,2248.6,2248.6,2248.8,8,15,10
9:16:21,2248.8,2248.4,2248.8,17,24,9
9:16:22,2248.4,2248.4,2248.6,12,23,1
9:16:22,2248.8,2248.8,2249,12,14,34
9:16:23,2248.8,2248.8,2249,6,12,34
9:16:23,2248.4,2248.4,2249,22,14,33
9:16:24,2249,2248.8,2249,3,1,32
9:16:24,2248.6,2248.6,2249,4,2,34
9:16:25,2248.8,2248.8,2249,2,68,41
9:16:25,2248.8,2248.8,2249,6,64,39
9:16:26,2249,2248.8,2249.2,42,62,14
9:16:26,2249,2249,2249.2,28,5,20
9:16:27,2249.2,2249,2249.2,1,8,31
9:16:27,2249.2,2249,2249.2,5,9,33
9:16:28,2249,2249,2249.2,12,7,26
9:16:28,2249,2249,2249.2,4,4,26
9:16:29,2248.8,2248.8,2249.2,15,47,24
9:16:29,2249.2,2248.8,2249,2,47,20
9:16:30,2248.8,2248.8,2249,5,47,20
9:16:30,2248.8,2248.8,2249,6,41,21
9:16:31,2248.8,2248.8,2249,3,41,26
9:16:31,2248.8,2248.6,2248.8,43,10,8
9:16:32,2248.8,2248.6,2248.8,5,8,19
9:16:33,2248.8,2248.6,2248.8,6,3,21
9:16:33,2248.8,2248.4,2248.8,5,10,21
9:16:34,2248.8,2248.4,2248.8,1,10,20
9:16:34,2248.4,2248.4,2248.6,5,8,3
9:16:35,2248.4,2248.4,2248.6,10,9,2
9:16:35,2248.6,2248.4,2248.6,1,14,7
9:16:36,2248.4,2248.2,2248.4,20,63,4
9:16:36,2248.4,2248.4,2248.6,7,3,16
9:16:37,2248.4,2248.4,2248.6,4,3,19
9:16:37,2248.6,2248.2,2248.6,25,63,4
9:16:38,2248.4,2248.2,2248.4,2,62,1
9:16:38,2248.6,2248.2,2248.6,5,65,1
9:16:39,2248.2,2248.2,2248.6,3,64,2
9:16:39,2248.6,2248.4,2248.6,3,4,8
9:16:40,2248.4,2248.4,2248.6,2,4,7
9:16:40,2248.6,2248.4,2248.6,11,6,1
9:16:41,2248.6,2248.4,2248.8,4,8,16
9:16:41,2248.6,2248.4,2248.6,1,8,4
9:16:42,2248.6,2248.4,2248.6,11,11,1
9:16:42,2248.6,2248.2,2248.4,17,72,2
9:16:43,2248.2,2248.2,2248.4,5,71,5
9:16:43,2248.2,2248.2,2248.4,4,70,3
9:16:44,2248.2,2248.2,2248.4,2,70,2
9:16:44,2248.6,2248.2,2248.6,15,64,2
9:16:45,2248.2,2248.4,2248.6,14,5,1
9:16:45,2248.4,2248.4,2248.6,3,6,9
9:16:46,2248.6,2248.4,2248.6,3,7,1
9:16:46,2248.2,2248.2,2248.6,38,37,4
9:16:47,2248.6,2248.6,2248.8,18,9,11
9:16:47,2248.6,2248.6,2248.8,1,9,14
9:16:48,2248.6,2248.6,2248.8,5,6,14
9:16:48,2248.8,2248.4,2248.8,29,20,1
9:16:49,2248.4,2248.4,2249,11,12,62
9:16:49,2248.8,2248.6,2249,1,5,62
9:16:50,2248.4,2248.2,2248.4,30,41,29
9:16:51,2248.2,2248.2,2248.4,2,40,28
9:16:51,2248.2,2248.2,2248.4,18,40,15
9:16:52,2248.4,2248.2,2248.6,15,41,9
9:16:52,2248.6,2248.2,2248.6,1,49,17
9:16:53,2248.2,2248.4,2248.6,8,1,16
9:16:53,2248.6,2248.2,2248.6,3,44,15
9:16:54,2248.2,2248.2,2248.6,14,35,14
9:16:54,2248.2,2248.2,2248.6,3,32,15
9:16:55,2248.6,2248.2,2248.6,7,31,14
9:16:55,2248.6,2248.2,2248.6,3,30,12
9:16:56,2248.2,2248.2,2248.4,1,29,1
9:16:56,2248.2,2248.2,2248.4,3,29,12
9:16:57,2248.2,2248.2,2248.4,2,27,16
9:16:57,2248.2,2248.2,2248.4,10,18,15
9:16:58,2248.4,2248.2,2248.4,8,14,14
9:16:58,2248.2,2248.2,2248.4,3,14,13
9:16:59,2248.4,2248.2,2248.4,5,12,13
9:16:59,2248.4,2248.2,2248.4,3,33,20
9:17:00,2248.4,2248.4,2248.6,23,1,18
9:17:00,2248.4,2248.2,2248.4,4,46,3
9:17:01,2248.2,2248.2,2248.6,6,44,20
9:17:01,2248.4,2248.4,2248.6,35,1,12
9:17:02,2248.2,2248.4,2248.6,4,5,11
9:17:02,2248.4,2248.4,2248.6,5,3,17
9:17:03,2248.6,2248.4,2248.6,2,13,14
9:17:04,2248.4,2248.4,2248.6,8,7,13
9:17:04,2248.6,2248.6,2248.8,32,8,19
9:17:05,2248.6,2248.6,2248.8,5,7,21
9:17:05,2248.6,2248.4,2248.6,9,18,11
9:17:06,2248.6,2248.4,2248.6,9,21,4
9:17:06,2248.4,2248.4,2248.6,5,19,3
9:17:07,2248.6,2248.4,2248.6,2,19,1
9:17:08,2248.4,2248.4,2248.6,15,10,10
9:17:08,2248.6,2248.6,2248.8,17,9,20
9:17:09,2248.6,2248.6,2248.8,1,10,21
9:17:09,2248.6,2248.6,2248.8,7,6,37
9:17:10,2248.4,2248.2,2248.4,25,59,2
9:17:10,2248.4,2248.2,2248.4,6,57,2
9:17:11,2248.4,2248.4,2248.6,1,1,5
9:17:11,2248.8,2248.6,2248.8,14,8,34
9:17:12,2248.6,2248.6,2248.8,1,10,39
9:17:12,2248.6,2248.6,2248.8,3,9,36
9:17:13,2248.8,2248.4,2248.8,16,4,33
9:17:14,2248.8,2248.4,2248.6,2,5,19
9:17:15,2248.6,2248.4,2248.6,3,6,25
9:17:15,2248.6,2248.4,2248.6,3,5,24
9:17:16,2248.6,2248.4,2248.6,5,9,20
9:17:16,2248.4,2248.4,2248.6,3,10,20
9:17:17,2248.6,2248.4,2248.6,1,11,20
9:17:17,2248.4,2248.4,2248.6,1,11,20
9:17:18,2248.4,2248.4,2248.6,2,10,26
9:17:18,2248.6,2248.4,2248.6,15,40,11
9:17:19,2248.8,2248.6,2248.8,12,2,32
9:17:20,2248.6,2248.6,2249,39,35,53
9:17:20,2248.8,2248.6,2249,4,31,53
9:17:21,2248.8,2248.6,2249,3,29,55
9:17:21,2248.6,2248.6,2248.8,23,29,1
9:17:22,2249,2248.6,2249,9,25,30
9:17:22,2249,2248.6,2249,20,26,11
9:17:23,2248.6,2248.6,2249,5,22,13
9:17:23,2249,2248.6,2249,4,20,11
9:17:24,2248.6,2248.6,2249,4,19,8
9:17:24,2249,2248.6,2249,6,19,9
9:17:25,2249,2248.8,2249,1,8,13
9:17:25,2249,2248.8,2249,7,8,10
9:17:26,2249,2248.8,2249,4,8,6
9:17:26,2248.8,2248.8,2249,7,4,3
9:17:27,2248.6,2248.6,2249.2,9,19,25
9:17:27,2249,2248.6,2249,1,19,4
9:17:28,2248.8,2248.8,2249,3,1,4
9:17:28,2249,2249,2249.2,8,23,25
9:17:29,2249,2249,2249.2,5,21,33
9:17:29,2249,2249,2249.2,1,21,24
9:17:30,2249.2,2249,2249.2,2,23,22
9:17:31,2249.2,2249,2249.2,25,4,20
9:17:31,2249.2,2249,2249.2,5,4,16
9:17:32,2249.2,2249.2,2249.4,17,4,8
9:17:33,2249.2,2249.2,2249.4,1,3,9
9:17:33,2249.2,2249.2,2249.4,2,1,9
9:17:34,2249.4,2249.2,2249.4,1,1,30
9:17:34,2249,2248.8,2249,9,10,12
9:17:35,2249,2248.8,2249,11,10,1
9:17:36,2249,2248.8,2249.2,2,12,4
9:17:36,2249.2,2248.8,2249.2,2,12,16
9:17:37,2248.8,2248.8,2249.2,6,9,9
9:17:37,2249.2,2249,2249.2,4,3,14
9:17:38,2249.2,2249,2249.2,1,3,19
9:17:38,2249,2249,2249.2,3,2,18
9:17:39,2249,2248.8,2249,2,17,1
9:17:39,2249,2248.8,2249,1,17,4
9:17:40,2249,2248.8,2249,2,19,4
9:17:40,2249,2249,2249.2,6,17,44
9:17:41,2249,2249,2249.2,2,15,45
9:17:42,2249,2249,2249.2,9,7,50
9:17:43,2249,2249,2249.2,2,5,50
9:17:43,2249,2249,2249.2,2,6,50
9:17:44,2249,2248.8,2249,8,21,15
9:17:45,2249,2248.8,2249,2,20,30
9:17:45,2249,2248.8,2249,3,20,36
9:17:46,2249,2248.8,2249,11,10,40
9:17:47,2249.2,2249,2249.2,44,1,42
9:17:47,2249,2248.8,2249.2,2,10,42
9:17:48,2249,2248.8,2249.2,1,10,42
9:17:48,2249.2,2248.8,2249,2,11,2
9:17:49,2249,2249,2249.2,14,10,42
9:17:50,2249,2249,2249.2,2,8,42
9:17:51,2249,2248.8,2249,8,14,4
9:17:52,2249,2248.8,2249,2,13,4
9:17:52,2249,2249,2249.2,7,14,43
9:17:53,2249,2248.8,2249,15,13,20
9:17:54,2249,2248.8,2249,7,15,24
9:17:55,2248.8,2248.8,2249,4,13,23
9:17:56,2249,2248.8,2249,4,10,25
9:17:56,2249,2248.8,2249,12,9,14
9:17:57,2249,2249,2249.2,14,14,47
9:17:58,2249,2249,2249.2,3,13,31
9:17:59,2249,2249,2249.2,1,15,31
9:18:00,2249,2249,2249.2,2,14,30
9:18:00,2249,2249,2249.2,2,12,31
9:18:01,2249,2249,2249.2,2,11,31
9:18:02,2249.2,2249,2249.2,5,11,26
9:18:02,2249,2248.8,2249,11,10,15
9:18:03,2248.8,2248.8,2249,4,9,14
9:18:03,2249,2248.8,2249,1,12,13
9:18:04,2249,2248.8,2249,9,5,16
9:18:04,2248.8,2248.6,2248.8,5,13,3
9:18:05,2248.8,2248.6,2248.8,1,13,2
9:18:05,2249,2248.6,2248.8,4,13,1
9:18:06,2248.6,2248.6,2248.8,1,12,1
9:18:07,2248.8,2248.8,2249,4,6,29
9:18:07,2248.8,2248.8,2249,2,5,27
9:18:08,2248.8,2248.8,2249,3,2,28
9:18:09,2249,2248.8,2249,2,3,26
9:18:09,2248.8,2248.6,2249,3,14,26
9:18:10,2248.8,2248.6,2248.8,1,15,6
9:18:11,2248.8,2248.6,2248.8,1,16,10
9:18:12,2248.8,2248.6,2248.8,3,15,11
9:18:13,2248.6,2248.6,2248.8,3,13,11
9:18:13,2248.6,2248.6,2248.8,1,12,11
9:18:14,2248.6,2248.6,2248.8,7,10,12
9:18:14,2248.6,2248.6,2248.8,2,9,12
9:18:15,2248.6,2248.4,2248.6,14,27,8
9:18:15,2248.6,2248.4,2248.6,1,27,9
9:18:16,2248.4,2248.4,2248.6,3,23,10
9:18:16,2248.4,2248.4,2248.6,1,23,10
9:18:17,2248.4,2248.4,2248.6,4,21,9
9:18:17,2248.4,2248.4,2248.6,21,3,12
9:18:18,2248.2,2248.2,2248.4,5,108,2
9:18:18,2248.4,2248.4,2248.6,7,24,17
9:18:19,2248.4,2248.4,2248.6,18,6,18
9:18:19,2248.4,2248.2,2248.6,44,91,17
9:18:20,2248.4,2248.4,2248.6,1,1,17
9:18:20,2248.2,2248.2,2248.4,5,89,2
9:18:21,2248.2,2248.2,2248.4,2,84,3
9:18:21,2248.2,2248.2,2248.4,4,79,3
9:18:22,2248.2,2248.2,2248.4,2,78,3
9:18:22,2248.2,2248.2,2248.4,1,77,3
9:18:23,2248.4,2248.4,2248.6,48,11,19
9:18:24,2248.4,2248.2,2248.4,11,40,3
9:18:24,2248.4,2248.2,2248.4,2,39,7
9:18:25,2248.2,2248.2,2248.4,4,37,14
9:18:25,2248.2,2248.2,2248.4,26,17,12
9:18:26,2248.2,2248.2,2248.4,9,8,13
9:18:26,2248.2,2248,2248.2,8,73,13
9:18:27,2248,2248,2248.2,3,72,12
9:18:27,2248,2248,2248.2,10,63,21
9:18:28,2248,2248,2248.2,7,58,19
9:18:28,2248.2,2248,2248.2,13,50,14
9:18:29,2248,2248,2248.2,23,40,3
9:18:29,2248,2248,2248.2,20,22,1
9:18:30,2248.2,2248.2,2248.4,4,10,7
9:18:30,2248.2,2248.2,2248.4,1,18,16
9:18:31,2248.2,2248.2,2248.4,13,21,16
9:18:31,2248.2,2248.2,2248.4,21,4,18
9:18:32,2248.2,2248.2,2248.4,5,14,16
9:18:32,2248.2,2248.2,2248.4,12,2,16
9:18:33,2248.2,2248,2248.4,3,54,18
9:18:34,2248.4,2248.4,2248.6,20,2,11
9:18:34,2248.4,2248.4,2248.6,6,2,11
9:18:35,2248.6,2248.2,2248.6,1,15,11
9:18:35,2248.4,2248.2,2248.6,4,19,13
9:18:36,2248.4,2248.4,2248.6,5,5,10
9:18:36,2248.4,2248.4,2248.6,7,8,10
9:18:37,2248.6,2248.4,2248.8,11,9,33
9:18:37,2248.4,2248.4,2248.8,2,8,33
9:18:38,2248.4,2248.4,2248.8,2,10,34
9:18:38,2248.4,2248.4,2248.6,2,9,2
9:18:39,2248.6,2248.4,2248.8,3,9,49
9:18:39,2248.6,2248.6,2248.8,1,9,60
9:18:40,2248.8,2248.6,2248.8,2,8,59
9:18:40,2248.6,2248.6,2248.8,2,7,59
9:18:41,2248.6,2248.6,2248.8,3,6,58
9:18:41,2248.4,2248.4,2248.8,14,5,57
9:18:42,2248.4,2248.4,2248.6,1,4,6
9:18:43,2248.4,2248.4,2248.6,1,7,8
9:18:44,2248.6,2248.6,2248.8,18,22,51
9:18:44,2248.8,2248.6,2248.8,2,21,51
9:18:45,2248.6,2248.6,2248.8,1,20,55
9:18:45,2248.6,2248.6,2248.8,3,17,56
9:18:46,2248.8,2248.6,2248.8,11,7,55
9:18:46,2248.6,2248.4,2248.8,7,9,55
9:18:47,2248.8,2248.4,2248.8,3,9,54
9:18:48,2248.8,2248.6,2248.8,3,3,53
9:18:48,2248.6,2248.6,2248.8,1,2,54
9:18:49,2248.8,2248.6,2248.8,2,1,56
9:18:50,2248.6,2248.4,2248.8,1,11,56
9:18:51,2248.8,2248.4,2248.8,3,10,57
9:18:52,2248.4,2248.4,2248.8,3,7,57
9:18:53,2248.8,2248.4,2248.6,3,8,3
9:18:54,2248.4,2248.4,2248.6,1,7,3
9:18:55,2248.4,2248.4,2248.6,3,6,4
9:18:55,2248.4,2248.4,2248.6,1,6,5
9:18:57,2248.4,2248.4,2248.6,1,5,6
9:18:59,2248.4,2248.4,2248.6,1,4,8
9:19:00,2248.4,2248.4,2248.6,1,5,8
9:19:00,2248.4,2248.4,2248.6,3,4,7
9:19:01,2248.4,2248.4,2248.6,3,2,7
9:19:02,2248.2,2248.2,2248.6,13,39,7
9:19:03,2248.6,2248.2,2248.6,3,41,11
9:19:04,2248.2,2248.2,2248.4,9,36,4
9:19:04,2248.2,2248.2,2248.4,6,35,8
9:19:05,2248.2,2248.2,2248.4,3,32,9
9:19:06,2248.4,2248.2,2248.4,5,28,8
9:19:06,2248.4,2248.2,2248.4,1,28,7
9:19:07,2248.2,2248.2,2248.4,3,26,6
9:19:07,2248.4,2248.2,2248.4,3,25,4
9:19:08,2248.2,2248.2,2248.4,20,5,4
9:19:09,2248.2,2248.2,2248.4,4,3,19
9:19:09,2248.4,2248.2,2248.4,4,2,17
9:19:10,2248,2248,2248.2,4,48,8
9:19:11,2248,2248,2248.2,6,44,7
9:19:11,2248,2248,2248.2,8,36,7
9:19:12,2248,2248,2248.2,14,30,2
9:19:13,2248,2248,2248.4,6,29,21
9:19:13,2248,2248,2248.4,4,26,21
9:19:14,2248,2248,2248.2,5,22,1
9:19:14,2248,2248,2248.4,3,30,21
9:19:15,2248,2248,2248.4,3,24,20
9:19:15,2248.4,2248,2248.4,1,25,19
9:19:16,2248,2248,2248.2,6,34,5
9:19:16,2248,2248,2248.2,5,22,6
9:19:17,2248,2248,2248.2,1,22,4
9:19:18,2248,2248,2248.2,5,20,3
9:19:18,2248.4,2248.2,2248.4,11,12,25
9:19:19,2248.2,2248.2,2248.4,3,9,25
9:19:19,2248.4,2248.2,2248.4,7,3,21
9:19:20,2248.4,2248.2,2248.4,14,11,9
9:19:20,2248.4,2248.2,2248.6,12,11,19
9:19:21,2248.6,2248.4,2248.6,1,2,18
9:19:21,2248.8,2248.6,2248.8,20,15,39
9:19:22,2248.8,2248.6,2248.8,16,13,37
9:19:22,2248.6,2248.6,2248.8,3,10,48
9:19:23,2248.4,2248.4,2248.8,14,1,48
9:19:24,2248.2,2248.2,2248.6,5,18,21
9:19:25,2248.2,2248.2,2248.6,4,18,25
9:19:26,2248.2,2248.2,2248.4,15,4,5
9:19:27,2248.2,2248.2,2248.4,2,2,8
9:19:27,2248,2248.2,2248.4,7,1,6
9:19:28,2248.2,2248.2,2248.4,1,1,9
9:19:29,2248.4,2248.2,2248.4,5,2,5
9:19:30,2248.4,2248,2248.4,3,32,4
9:19:32,2248.2,2248.2,2248.4,1,1,15
9:19:32,2248.2,2248,2248.2,1,37,14
9:19:33,2248.2,2248,2248.2,1,37,26
9:19:33,2248,2248,2248.2,28,10,25
9:19:34,2248,2248,2248.2,14,4,24
9:19:34,2248,2247.8,2248,5,101,4
9:19:35,2247.8,2247.8,2248,4,109,6
9:19:35,2247.8,2247.8,2248,28,82,6
9:19:36,2247.8,2247.8,2248,19,68,3
9:19:36,2247.8,2247.8,2248.2,26,63,5
9:19:37,2248,2248,2248.2,9,3,1
9:19:37,2247.8,2247.8,2248,4,62,4
9:19:38,2247.8,2247.8,2248,5,61,3
9:19:39,2247.8,2247.8,2248,7,56,1
9:19:39,2248,2247.8,2248.2,4,57,4
9:19:40,2247.8,2247.8,2248.2,2,55,4
9:19:40,2247.8,2248,2248.2,4,6,4
9:19:41,2247.8,2248,2248.2,3,4,4
9:19:41,2248,2248,2248.2,7,42,5
9:19:42,2248.2,2248.2,2248.4,9,26,21
9:19:43,2248.2,2248.2,2248.4,1,28,20
9:19:43,2248.2,2248.2,2248.4,8,21,9
9:19:44,2248.4,2248.4,2248.6,16,1,17
9:19:44,2248.2,2248.2,2248.4,2,15,2
9:19:45,2248.4,2248.2,2248.4,5,11,2
9:19:45,2248.4,2248.2,2248.4,2,12,6
9:19:46,2248.2,2248.2,2248.4,10,5,3
9:19:46,2248.4,2248.4,2248.6,8,21,40
9:19:47,2248.4,2248.4,2248.6,7,14,41
9:19:48,2248.4,2248.4,2248.6,2,15,45
9:19:48,2248.4,2248.4,2248.6,6,10,46
9:19:49,2248.4,2248.4,2248.6,5,6,46
9:19:49,2248.4,2248.4,2248.6,1,6,46
9:19:50,2248.4,2248.4,2248.6,3,4,46
9:19:51,2248.4,2248.2,2248.6,5,20,46
9:19:52,2248.4,2248.2,2248.4,2,19,11
9:19:53,2248.4,2248.2,2248.4,3,14,15
9:19:54,2248.4,2248.2,2248.4,2,14,16
9:19:54,2248.2,2248.2,2248.4,1,20,17
9:19:55,2248.4,2248.2,2248.4,1,25,16
9:19:56,2248.4,2248.2,2248.4,1,27,15
9:19:56,2248.4,2248.2,2248.4,1,27,14
9:19:57,2248.6,2248.2,2248.6,30,28,36
9:19:57,2248.4,2248.4,2248.6,12,20,27
9:19:58,2248.4,2248.4,2248.6,6,20,23
9:19:58,2248.8,2248.4,2248.8,30,22,35
9:19:59,2248.4,2248.6,2248.8,11,1,35
9:19:59,2248.8,2248.6,2248.8,1,2,34
9:20:00,2248.6,2248.6,2248.8,3,2,32
9:20:00,2248.4,2248.4,2248.8,18,5,30
9:20:01,2248.4,2248.2,2248.4,13,32,4
9:20:02,2248.4,2248.2,2248.4,1,34,10
9:20:02,2248.4,2248.2,2248.4,39,1,4
9:20:03,2248.4,2248,2248.4,7,58,3
9:20:04,2248.2,2248.2,2248.4,2,4,4
9:20:05,2248.4,2248.4,2248.6,5,9,7
9:20:05,2248.4,2248.2,2248.4,9,4,1
9:20:06,2248.4,2248.4,2248.6,22,4,11
9:20:06,2248.6,2248.4,2248.6,1,4,27
9:20:07,2248.4,2248.4,2248.6,4,3,26
9:20:07,2248.6,2248.4,2248.6,3,2,25
9:20:08,2248.4,2248.2,2248.4,2,10,13
9:20:09,2248.4,2248.2,2248.4,2,5,11
9:20:09,2248.4,2248.4,2248.6,12,9,50
9:20:10,2248.6,2248.4,2248.6,2,9,49
9:20:10,2248.4,2248.4,2248.6,10,3,46
9:20:11,2248.4,2248.4,2248.6,4,2,44
9:20:11,2248.6,2248.2,2248.6,6,8,46
9:20:12,2248.2,2248.4,2248.6,5,2,46
9:20:12,2248.6,2248.4,2248.6,1,2,45
9:20:13,2248.6,2248.4,2248.6,6,3,39
9:20:13,2248.6,2248.4,2248.6,5,2,35
9:20:14,2248.6,2248.4,2248.6,6,2,31
9:20:14,2248.4,2248.4,2248.6,4,1,28
9:20:15,2248.4,2248.4,2248.6,6,6,23
9:20:15,2248.6,2248.4,2248.6,4,8,19
9:20:16,2248.4,2248.4,2248.6,15,1,14
9:20:16,2248.6,2248.4,2248.6,5,3,14
9:20:17,2248.6,2248.4,2248.6,3,2,40
9:20:17,2248.6,2248.4,2248.6,4,2,36
9:20:18,2248.6,2248.4,2248.6,4,1,32
9:20:18,2248.4,2248.2,2248.6,4,17,32
9:20:19,2248.4,2248.2,2248.6,2,17,33
9:20:20,2248.6,2248.2,2248.6,11,17,23
9:20:21,2248.6,2248.2,2248.6,1,17,25
9:20:22,2248.6,2248.4,2248.6,6,1,19
9:20:23,2248.6,2248.4,2248.6,2,3,17
9:20:23,2248.6,2248.6,2248.8,17,3,30
9:20:24,2248.6,2248.6,2248.8,1,3,30
9:20:24,2248.8,2248.6,2248.8,3,3,29
9:20:25,2248.8,2248.6,2248.8,2,2,28
9:20:25,2248.4,2248.2,2248.8,6,24,29
9:20:26,2248.8,2248.2,2248.8,11,26,28
9:20:27,2248.8,2248.4,2248.8,1,3,28
9:20:27,2248.8,2248.4,2248.6,1,3,3
9:20:28,2248.4,2248.2,2248.4,7,27,15
9:20:28,2248.4,2248.2,2248.4,2,27,13
9:20:29,2248.4,2248.2,2248.4,7,29,6
9:20:30,2248.4,2248.2,2248.4,1,30,7
9:20:30,2248.4,2248.2,2248.4,2,30,5
9:20:32,2248.4,2248.2,2248.4,3,33,2
9:20:32,2248.4,2248.4,2248.6,2,5,1
9:20:33,2248.8,2248.4,2248.6,3,6,1
9:20:34,2248.4,2248.4,2248.6,1,20,3
9:20:35,2248.4,2248.4,2248.6,3,17,3
9:20:36,2248.6,2248.4,2248.6,1,18,2
9:20:37,2248.6,2248.4,2248.6,1,20,2
9:20:39,2248.4,2248.4,2248.6,20,1,18
9:20:39,2248.6,2248.2,2248.6,2,30,18
9:20:40,2248.6,2248.2,2248.6,3,30,18
9:20:40,2248.8,2248.2,2248.8,19,32,31
9:20:42,2248.4,2248.2,2248.4,8,38,14
9:20:43,2248.4,2248.2,2248.4,5,45,10
9:20:44,2248.4,2248.2,2248.4,2,45,8
9:20:44,2248.4,2248.2,2248.4,2,46,6
9:20:45,2248.4,2248.2,2248.4,3,47,3
9:20:46,2248.4,2248.2,2248.4,1,49,2
9:20:47,2248.6,2248.2,2248.6,5,51,18
9:20:48,2248.2,2248.4,2248.6,50,2,20
9:20:49,2248.4,2248.2,2248.4,5,2,15
9:20:50,2248.4,2248.2,2248.4,3,2,12
9:20:51,2248.4,2248.2,2248.4,1,2,17
9:20:51,2248.2,2248.2,2248.4,1,1,17
9:20:52,2248.4,2248.2,2248.4,4,5,8
9:20:53,2248.4,2248.2,2248.4,7,5,2
9:20:53,2248.4,2248.2,2248.4,1,5,1
9:20:54,2248.4,2248.4,2248.6,1,1,27
9:20:55,2248.6,2248.4,2248.6,4,2,28
9:20:56,2248.6,2248.2,2248.6,24,8,8
9:20:56,2248.2,2248,2248.2,8,93,12
9:20:57,2248.2,2248,2248.2,7,93,5
9:20:57,2248.4,2248.4,2248.6,7,12,8
9:20:58,2248.4,2248.2,2248.4,12,1,42
9:20:58,2248,2248.2,2248.4,3,2,95
9:20:59,2248.2,2248,2248.2,15,81,7
9:20:59,2248.2,2248,2248.2,3,82,10
9:21:00,2248,2248,2248.2,1,81,37
9:21:00,2248,2248,2248.2,7,76,35
9:21:01,2248,2248,2248.2,4,71,36
9:21:01,2248,2248,2248.2,15,56,31
9:21:02,2248.2,2248,2248.2,2,55,29
9:21:02,2248.2,2248,2248.2,7,49,26
9:21:03,2248,2248,2248.2,1,47,27
9:21:03,2248,2248,2248.2,12,36,28
9:21:04,2248,2248,2248.2,2,34,28
9:21:04,2248,2248,2248.2,11,23,28
9:21:05,2248,2248,2248.2,31,7,10
9:21:05,2248,2248,2248.2,2,6,9
9:21:06,2248,2248,2248.2,2,4,9
9:21:06,2248.2,2248,2248.2,1,9,8
9:21:07,2248,2248,2248.2,1,8,10
9:21:07,2248,2248,2248.4,22,8,106
9:21:08,2248.2,2248,2248.2,5,5,3
9:21:08,2248,2247.8,2248,7,104,20
9:21:09,2248,2247.8,2248,6,104,19
9:21:10,2248,2247.8,2248,4,99,20
9:21:10,2248,2247.8,2248,1,101,20
9:21:11,2247.8,2247.8,2248,4,98,18
9:21:12,2247.8,2247.8,2248,9,92,21
9:21:12,2247.8,2247.8,2248,23,72,20
9:21:13,2248,2247.8,2248,6,73,16
9:21:13,2247.8,2247.8,2248,14,61,19
9:21:14,2248,2247.8,2248,8,58,14
9:21:14,2247.8,2247.8,2248,10,47,14
9:21:15,2247.8,2247.8,2248,8,40,15
9:21:15,2247.8,2247.8,2248,1,49,16
9:21:16,2247.8,2247.8,2248,6,48,27
9:21:16,2247.8,2247.8,2248,4,44,29
9:21:17,2247.8,2247.8,2248,4,41,35
9:21:17,2247.8,2247.8,2248,19,27,36
9:21:18,2247.8,2247.8,2248,14,13,37
9:21:18,2247.8,2247.6,2248,13,74,38
9:21:19,2248,2247.6,2248,7,74,33
9:21:19,2247.6,2247.6,2247.8,24,50,22
9:21:20,2247.6,2247.6,2247.8,11,43,24
9:21:20,2247.6,2247.6,2247.8,13,32,25
9:21:21,2247.6,2247.6,2247.8,8,25,25
9:21:21,2247.6,2247.6,2247.8,8,26,25
9:21:22,2247.6,2247.6,2247.8,1,25,25
9:21:22,2247.8,2247.6,2247.8,5,32,24
9:21:23,2247.6,2247.6,2247.8,34,5,15
9:21:23,2247.6,2247.6,2247.8,6,18,16
9:21:24,2247.6,2247.6,2247.8,6,34,22
9:21:24,2247.6,2247.6,2247.8,2,35,22
9:21:25,2247.8,2247.6,2247.8,3,41,21
9:21:25,2247.6,2247.6,2247.8,15,35,16
9:21:26,2247.6,2247.6,2247.8,1,35,17
9:21:26,2247.8,2247.8,2248,17,4,63
9:21:27,2248,2247.8,2248,4,5,61
9:21:27,2247.8,2247.8,2248,8,2,61
9:21:28,2247.8,2247.6,2248,2,72,61
9:21:28,2247.8,2247.6,2248,3,75,60
9:21:29,2247.8,2247.8,2248,20,9,44
9:21:29,2247.8,2247.8,2248,8,3,44
9:21:30,2247.8,2247.8,2248,4,9,46
9:21:31,2247.8,2247.8,2248,5,5,52
9:21:31,2247.8,2247.6,2248,15,67,51
9:21:32,2247.8,2247.6,2247.8,2,69,4
9:21:32,2247.8,2247.6,2247.8,1,69,3
9:21:33,2247.8,2247.6,2247.8,3,71,1
9:21:34,2247.8,2247.6,2248,1,72,55
9:21:35,2247.6,2247.6,2248,6,73,66
9:21:36,2247.6,2247.6,2247.8,2,72,9
9:21:37,2247.8,2247.6,2247.8,2,75,7
9:21:38,2247.8,2247.6,2247.8,3,66,5
9:21:38,2247.6,2247.6,2247.8,5,92,3
9:21:39,2247.6,2247.6,2247.8,2,62,6
9:21:40,2247.8,2247.6,2247.8,1,62,5
9:21:40,2247.6,2247.6,2247.8,7,58,14
9:21:41,2247.8,2247.6,2247.8,2,58,14
9:21:41,2247.8,2247.6,2247.8,1,87,13
9:21:42,2247.6,2247.6,2247.8,1,58,13
9:21:42,2247.6,2247.6,2247.8,1,57,14
9:21:43,2247.8,2247.6,2247.8,5,85,12
9:21:43,2247.6,2247.6,2247.8,3,84,13
9:21:44,2247.6,2247.6,2247.8,1,83,13
9:21:44,2247.8,2247.6,2247.8,1,83,12
9:21:45,2247.6,2247.6,2247.8,4,80,12
9:21:46,2247.6,2247.6,2247.8,8,75,10
9:21:46,2247.8,2247.6,2247.8,6,70,10
9:21:47,2247.8,2247.8,2248,13,9,78
9:21:48,2247.8,2247.8,2248,3,7,78
9:21:48,2247.8,2247.8,2248,2,15,78
9:21:49,2247.6,2247.6,2248,52,25,78
9:21:50,2247.8,2247.8,2248,1,4,78
9:21:50,2247.8,2247.8,2248,3,2,78
9:21:51,2247.8,2247.8,2248,8,3,79
9:21:52,2247.8,2247.6,2247.8,11,21,1
9:21:52,2247.8,2247.6,2247.8,1,21,4
9:21:53,2247.6,2247.6,2247.8,2,19,4
9:21:53,2247.8,2247.6,2248,6,33,78
9:21:54,2248,2247.8,2248,1,3,78
9:21:55,2247.8,2247.6,2248,5,35,77
9:21:57,2247.6,2247.6,2247.8,12,40,15
9:21:57,2247.8,2247.6,2247.8,7,55,9
9:21:58,2247.8,2247.6,2247.8,1,57,10
9:22:00,2247.6,2247.6,2247.8,20,45,11
9:22:00,2247.6,2247.6,2247.8,13,33,11
9:22:01,2247.8,2247.8,2248,25,33,70
9:22:01,2247.8,2247.8,2248,11,22,71
9:22:02,2247.8,2247.8,2248,16,9,70
9:22:02,2247.8,2247.8,2248,5,9,71
9:22:03,2247.8,2247.8,2248,5,5,71
9:22:04,2247.8,2247.6,2247.8,2,34,1
9:22:04,2247.6,2247.8,2248,14,11,60
9:22:05,2247.8,2247.8,2248,3,14,59
9:22:06,2247.8,2247.8,2248,1,14,59
9:22:07,2248,2247.8,2248,2,26,60
9:22:07,2248,2247.8,2248,2,28,57
9:22:08,2248,2247.8,2248,5,31,54
9:22:09,2248,2247.8,2248,1,33,55
9:22:09,2247.8,2247.8,2248,1,32,54
9:22:10,2248,2247.8,2248,2,26,56
9:22:10,2247.8,2247.8,2248,4,23,55
9:22:11,2248,2247.8,2248,16,9,53
9:22:11,2248,2247.8,2248,7,13,47
9:22:12,2248,2247.8,2248,2,13,45
9:22:12,2247.8,2247.8,2248,5,8,44
9:22:13,2248,2247.8,2248,3,8,41
9:22:13,2247.8,2247.8,2248,6,9,36
9:22:14,2248,2247.8,2248,10,11,26
9:22:14,2247.8,2247.8,2248,3,9,26
9:22:15,2248,2248,2248.2,34,6,24
9:22:16,2248,2247.8,2248.2,7,14,26
9:22:16,2247.8,2247.8,2248.2,2,16,26
9:22:17,2248,2247.8,2248,6,11,3
9:22:18,2248,2248,2248.2,5,16,26
9:22:18,2248.2,2248,2248.2,10,78,16
9:22:19,2248,2248,2248.2,14,76,4
9:22:19,2248.2,2248,2248.2,1,77,3
9:22:20,2248.2,2248.2,2248.4,3,1,33
9:22:21,2248.4,2248.2,2248.4,1,25,33
9:22:22,2248.4,2248.2,2248.4,15,26,19
9:22:22,2248.4,2248.2,2248.4,7,28,13
9:22:23,2248.4,2248.2,2248.4,1,28,11
9:22:23,2248.4,2248.2,2248.4,1,29,10
9:22:24,2248.4,2248.2,2248.4,2,28,9
9:22:24,2248.4,2248.2,2248.4,3,28,6
9:22:25,2248.4,2248.4,2248.6,7,1,19
9:22:26,2248.4,2248.4,2248.6,1,51,26
9:22:26,2248.4,2248.4,2248.6,1,50,27
9:22:27,2248.6,2248.4,2248.6,2,50,25
9:22:27,2248.4,2248.4,2248.6,5,48,29
9:22:28,2248.6,2248.4,2248.6,2,48,27
9:22:28,2248.6,2248.4,2248.6,20,51,12
9:22:29,2248.6,2248.4,2248.6,8,66,5
9:22:29,2248.6,2248.4,2248.6,9,66,7
9:22:30,2248.6,2248.4,2248.8,19,66,33
9:22:30,2248.6,2248.6,2248.8,2,2,34
9:22:31,2248.6,2248.4,2248.8,11,61,34
9:22:32,2248.8,2248.6,2248.8,3,5,33
9:22:32,2248.8,2248.6,2248.8,8,5,25
9:22:33,2248.8,2248.6,2248.8,5,5,20
9:22:33,2248.6,2248.6,2248.8,6,1,19
9:22:34,2248.8,2248.6,2248.8,1,1,19
9:22:34,2248.8,2248.4,2248.8,3,61,23
9:22:35,2248.8,2248.6,2248.8,3,1,25
9:22:36,2248.6,2248.6,2248.8,4,9,26
9:22:36,2248.8,2248.6,2248.8,1,10,26
9:22:37,2248.6,2248.6,2248.8,2,9,26
9:22:38,2248.8,2248.6,2248.8,5,9,21
9:22:38,2248.6,2248.6,2248.8,6,4,20
9:22:39,2248.6,2248.6,2248.8,4,3,18
9:22:40,2248.6,2248.6,2248.8,1,3,20
9:22:40,2248.6,2248.6,2248.8,1,2,25
9:22:41,2249,2248.6,2248.8,30,2,3
9:22:41,2249,2248.4,2248.6,32,64,20
9:22:42,2248.6,2248.4,2248.6,2,69,18
9:22:42,2248.6,2248.4,2248.6,6,70,13
9:22:43,2248.6,2248.4,2248.6,9,69,5
9:22:43,2248.6,2248.6,2248.8,8,8,3
9:22:44,2248.6,2248.6,2248.8,2,9,5
9:22:44,2248.6,2248.4,2248.6,10,69,11
9:22:45,2248.6,2248.4,2248.6,4,70,7
9:22:45,2248.6,2248.4,2248.6,7,79,2
9:22:46,2248.6,2248.4,2248.6,2,70,1
9:22:46,2248.4,2248.4,2248.6,1,70,3
9:22:47,2248.6,2248.4,2248.6,21,59,22
9:22:48,2248.4,2248.4,2248.6,8,44,31
9:22:48,2248.6,2248.4,2248.6,3,43,29
9:22:49,2248.4,2248.4,2248.6,4,40,19
9:22:50,2248.6,2248.4,2248.6,13,31,6
9:22:51,2248.4,2248.4,2248.6,1,30,6
9:22:51,2248.4,2248.4,2248.6,3,29,4
9:22:52,2248.4,2248.4,2248.6,2,23,3
9:22:53,2248.6,2248.4,2248.6,1,23,4
9:22:53,2248.4,2248.4,2248.6,20,3,14
9:22:54,2248.4,2248.4,2248.6,2,1,15
9:22:54,2248.4,2248.2,2248.6,1,47,25
9:22:55,2248.6,2248.2,2248.6,1,47,26
9:22:55,2248.6,2248.2,2248.6,15,45,12
9:22:56,2248.4,2248.2,2248.6,1,44,14
9:22:58,2248.6,2248.2,2248.6,10,44,6
9:22:58,2248.6,2248.2,2248.6,1,44,5
9:22:59,2248.4,2248.4,2248.6,1,10,7
9:23:01,2248.6,2248.4,2248.8,9,11,55
9:23:01,2248.4,2248.4,2248.6,1,11,1
9:23:02,2248.6,2248.4,2248.6,7,9,3
9:23:03,2248.4,2248.4,2248.6,1,16,4
9:23:04,2248.6,2248.4,2248.6,1,23,4
9:23:05,2248.6,2248.4,2248.6,1,22,4
9:23:06,2248.6,2248.6,2248.8,4,6,79
9:23:06,2248.8,2248.6,2248.8,7,2,78
9:23:07,2248.6,2248.4,2248.8,2,24,78
9:23:07,2248.8,2248.4,2248.6,1,18,6
9:23:08,2248.6,2248.4,2248.6,1,18,7
9:23:08,2248.6,2248.4,2248.6,2,18,12
9:23:09,2248.6,2248.4,2248.6,3,20,20
9:23:09,2248.4,2248.4,2248.6,7,23,16
9:23:10,2248.6,2248.4,2248.6,2,27,14
9:23:10,2248.6,2248.4,2248.6,1,29,13
9:23:11,2248.6,2248.4,2248.6,1,29,13
9:23:11,2248.6,2248.4,2248.6,2,29,11
9:23:12,2248.6,2248.4,2248.6,1,32,10
9:23:12,2248.4,2248.4,2248.6,2,30,10
9:23:13,2248.8,2248.4,2248.8,19,30,76
9:23:14,2248.6,2248.4,2248.8,2,35,74
9:23:15,2248.6,2248.4,2248.6,2,35,9
9:23:15,2248.4,2248.4,2248.6,4,33,9
9:23:16,2248.6,2248.4,2248.6,1,33,8
9:23:16,2248.8,2248.6,2248.8,15,6,66
9:23:17,2248.6,2248.4,2248.6,19,36,1
9:23:18,2248.8,2248.6,2248.8,2,1,67
9:23:18,2248.8,2248.4,2248.6,3,37,1
9:23:19,2248.4,2248.6,2248.8,5,1,64
9:23:20,2248.8,2248.6,2248.8,6,4,62
9:23:21,2248.6,2248.4,2248.6,7,34,19
9:23:22,2248.6,2248.4,2248.6,2,35,85
9:23:22,2248.4,2248.4,2248.6,2,34,94
9:23:23,2248.4,2248.4,2248.6,19,15,93
9:23:23,2248.4,2248.2,2248.4,18,57,5
9:23:24,2248.4,2248.2,2248.4,1,63,5
9:23:24,2248.4,2248.2,2248.4,1,63,10
9:23:25,2248.4,2248.2,2248.4,4,63,6
9:23:26,2248.4,2248.2,2248.4,2,66,5
9:23:27,2248.4,2248.4,2248.6,8,3,93
9:23:27,2248.4,2248.2,2248.6,4,67,93
9:23:28,2248.2,2248.4,2248.6,52,1,91
9:23:28,2248.6,2248.4,2248.6,1,1,95
9:23:29,2248.4,2248.4,2248.6,3,3,96
9:23:29,2248.6,2248.4,2248.6,2,2,94
9:23:30,2248.4,2248.2,2248.6,2,19,95
9:23:31,2248.2,2248.2,2248.4,1,46,8
9:23:31,2248.4,2248.2,2248.4,1,48,9
9:23:32,2248.4,2248.2,2248.4,2,48,12
9:23:34,2248.2,2248.2,2248.4,2,48,12
9:23:34,2248.2,2248.2,2248.4,1,47,12
9:23:35,2248.2,2248.2,2248.4,2,46,12
9:23:36,2248.4,2248.2,2248.4,3,45,10
9:23:36,2248.4,2248.2,2248.4,1,45,9
9:23:37,2248.2,2248.2,2248.4,1,44,8
9:23:38,2248.2,2248.2,2248.4,1,43,8
9:23:39,2248.4,2248.2,2248.4,6,44,3
9:23:40,2248.4,2248.4,2248.6,3,1,109
9:23:41,2248.2,2248.4,2248.6,2,1,109
9:23:41,2248.4,2248.2,2248.6,2,46,109
9:23:42,2248.4,2248.2,2248.4,1,46,2
9:23:43,2248.2,2248.2,2248.4,1,21,5
9:23:44,2248.2,2248.2,2248.4,3,18,6
9:23:44,2248.4,2248.2,2248.4,1,18,6
9:23:45,2248.2,2248.2,2248.4,2,16,13
9:23:47,2248.4,2248.2,2248.4,2,15,20
9:23:48,2248.2,2248.2,2248.4,10,5,25
9:23:48,2248,2248,2248.4,8,36,25
9:23:49,2248.2,2248.2,2248.4,13,1,27
9:23:50,2248.2,2248.2,2248.4,1,24,29
9:23:50,2248.2,2248.2,2248.4,1,24,31
9:23:51,2248.2,2248.2,2248.4,4,20,31
9:23:53,2248.2,2248.2,2248.4,10,11,32
9:23:54,2248.2,2248.2,2248.4,5,7,32
9:23:54,2248.2,2248.2,2248.4,6,1,37
9:23:56,2248.2,2248,2248.2,1,29,19
9:23:57,2248.4,2248,2248.4,26,29,27
9:23:58,2248.4,2248,2248.4,1,28,31
9:23:59,2248.4,2248.4,2248.6,33,67,94
9:24:00,2248.4,2248.4,2248.6,7,60,94
9:24:00,2248.6,2248.4,2248.6,2,60,92
9:24:01,2248.4,2248.4,2248.6,2,58,92
9:24:01,2248.4,2248.4,2248.6,1,59,92
9:24:02,2248.6,2248.4,2248.6,1,59,91
9:24:03,2248.4,2248.4,2248.6,43,55,52
9:24:03,2248.6,2248.4,2248.6,1,55,51
9:24:04,2248.4,2248.4,2248.6,4,54,48
9:24:04,2248.6,2248.4,2248.6,16,43,43
9:24:06,2248.6,2248.4,2248.6,7,44,36
9:24:06,2248.6,2248.4,2248.6,2,44,35
9:24:08,2248.4,2248.4,2248.6,20,24,35
9:24:09,2248.6,2248.4,2248.6,11,25,25
9:24:10,2248.6,2248.4,2248.6,2,26,24
9:24:10,2248.6,2248.4,2248.6,1,26,22
9:24:11,2248.4,2248.4,2248.6,3,23,23
9:24:12,2248.6,2248.4,2248.6,2,23,21
9:24:13,2248.6,2248.6,2248.8,21,17,47
9:24:13,2248.6,2248.6,2248.8,1,17,47
9:24:14,2248.8,2248.6,2248.8,1,24,46
9:24:14,2248.8,2248.6,2248.8,4,66,42
9:24:15,2248.8,2248.6,2248.8,16,73,28
9:24:15,2249,2248.8,2249,48,46,24
9:24:16,2249.2,2249,2249.2,26,3,32
9:24:16,2249.2,2249,2249.2,6,7,27
9:24:17,2249.2,2249,2249.2,19,5,10
9:24:17,2249,2248.8,2249.2,6,55,6
9:24:18,2249.2,2249.2,2249.4,28,4,9
9:24:18,2249.4,2249.2,2249.4,5,7,32
9:24:19,2249.4,2249.2,2249.4,17,1,26
9:24:19,2249.4,2249.2,2249.4,14,13,13
9:24:20,2249.4,2249.2,2249.4,10,13,3
9:24:20,2249.2,2249.2,2249.6,8,12,38
9:24:21,2249.6,2249.2,2249.6,8,21,32
9:24:21,2249.2,2249.2,2249.4,29,1,1
9:24:22,2249.4,2249.4,2249.6,2,2,26
9:24:22,2249.6,2249.4,2249.6,12,2,18
9:24:23,2249.4,2249.2,2249.4,25,2,12
9:24:23,2249.4,2249.2,2249.4,9,6,7
9:24:24,2249.2,2249.2,2249.4,3,7,7
9:24:24,2249.6,2249.4,2249.6,9,1,9
9:24:25,2249.6,2249.4,2249.6,1,2,13
9:24:25,2249.6,2249.4,2249.6,10,8,5
9:24:26,2249.2,2249.2,2249.4,19,6,14
9:24:26,2249.4,2249.2,2249.4,6,5,9
9:24:27,2249.4,2249.2,2249.4,1,6,10
9:24:27,2249.4,2249.2,2249.6,12,8,5
9:24:28,2249.6,2249.4,2249.6,8,9,7
9:24:29,2249.6,2249.4,2249.6,2,8,8
9:24:29,2249.4,2249.4,2249.6,4,7,5
9:24:30,2249.4,2249.4,2249.6,4,5,5
9:24:30,2249.4,2249.4,2249.6,2,5,11
9:24:31,2249.6,2249.4,2249.6,1,7,11
9:24:31,2249.4,2249.2,2249.4,10,10,8
9:24:32,2249.4,2249.2,2249.4,7,10,1
9:24:32,2249.4,2249.4,2249.6,24,1,24
9:24:33,2249.6,2249.4,2249.6,3,6,24
9:24:34,2249.4,2249.4,2249.6,3,10,24
9:24:34,2249.4,2249.4,2249.6,12,3,23
9:24:35,2249.4,2249.4,2249.6,1,2,21
9:24:35,2249.6,2249.2,2249.4,7,4,1
9:24:36,2249.4,2249.4,2249.6,3,4,21
9:24:36,2249.6,2249.4,2249.6,38,1,5
9:24:37,2249.6,2249.4,2249.6,8,1,11
9:24:37,2249.6,2249.6,2249.8,4,1,68
9:24:38,2249.6,2249.2,2249.6,1,6,1
9:24:38,2249.6,2249.4,2249.6,1,1,3
9:24:39,2249.6,2249.4,2249.6,44,2,7
9:24:39,2249.2,2248.8,2249.2,7,23,2
9:24:40,2248.8,2249.2,2249.6,30,1,29
9:24:40,2249.2,2249,2249.2,18,1,1
9:24:41,2249,2249.2,2249.4,15,2,3
9:24:41,2249.4,2249.2,2249.4,1,2,13
9:24:42,2249.2,2249,2249.2,3,2,10
9:24:42,2249.2,2249,2249.2,5,4,5
9:24:43,2249.2,2249,2249.2,2,4,3
9:24:43,2248.8,2248.6,2249,6,37,6
9:24:44,2248.8,2248.6,2249,4,37,4
9:24:44,2249,2248.8,2249,1,2,5
9:24:45,2249,2249,2249.2,5,28,10
9:24:46,2249,2249,2249.2,1,41,10
9:24:47,2249,2249,2249.2,4,40,8
9:24:47,2249,2249,2249.2,1,39,7
9:24:48,2249,2249,2249.2,2,38,6
9:24:48,2249.2,2249.2,2249.4,6,3,6
9:24:49,2249.4,2249.4,2249.6,15,11,24
9:24:50,2249.4,2249.4,2249.6,5,7,26
9:24:50,2249.6,2249.4,2249.6,6,3,25
9:24:51,2249.2,2249,2249.2,6,34,29
9:24:51,2249.2,2249,2249.2,6,37,25
9:24:52,2249.2,2249,2249.2,11,33,19
9:24:52,2249.2,2249,2249.2,9,26,19
9:24:53,2249.2,2249,2249.2,16,16,14
9:24:53,2248.8,2248.8,2249.2,32,6,2
9:24:54,2249.4,2249.2,2249.4,5,2,35
9:24:55,2249.2,2248.8,2249.2,6,9,1
9:24:55,2249.4,2249,2249.4,11,1,25
9:24:56,2249,2249.2,2249.4,2,1,30
9:24:57,2249,2248.8,2249,10,6,3
9:24:57,2249,2248.8,2249,8,1,2
9:24:58,2248.6,2248.6,2249,46,5,1
9:24:58,2249.4,2249,2249.4,3,16,32
9:24:59,2249,2249,2249.2,5,12,12
9:25:00,2249,2249,2249.2,9,8,22
9:25:00,2249.2,2249,2249.2,4,8,19
9:25:01,2249,2249,2249.2,2,7,11
9:25:01,2249.2,2249,2249.2,5,8,22
9:25:02,2249.2,2249,2249.2,1,11,22
9:25:02,2249,2249,2249.2,2,10,21
9:25:03,2249.2,2249,2249.2,1,10,20
9:25:03,2249,2249,2249.2,6,2,19
9:25:04,2248.8,2248.6,2248.8,8,10,42
9:25:04,2248.4,2248.4,2248.8,11,26,42
9:25:05,2248.6,2248.6,2248.8,20,5,42
9:25:05,2248.6,2248.6,2248.8,10,3,38
9:25:06,2248.8,2248.6,2248.8,4,3,34
9:25:07,2248.8,2248.6,2248.8,2,3,33
9:25:07,2248.8,2248.6,2248.8,6,1,24
9:25:08,2248.6,2248.4,2248.6,2,10,5
9:25:08,2248.6,2248.4,2248.6,6,7,10
9:25:09,2248.2,2248.6,2248.8,35,2,14
9:25:09,2248.6,2248.2,2248.6,9,9,4
9:25:10,2248.2,2248.4,2248.6,2,1,3
9:25:10,2248.6,2248,2248.6,13,47,5
9:25:11,2248.4,2248,2248.4,28,31,1
9:25:11,2248.2,2248,2248.2,2,28,8
9:25:12,2248.2,2248,2248.2,7,22,7
9:25:12,2248.2,2248,2248.2,16,10,6
9:25:13,2248,2247.8,2248,9,13,1
9:25:13,2247.8,2247.8,2248.2,7,9,8
9:25:14,2247.8,2247.8,2248,4,10,4
9:25:15,2247.8,2247.8,2248.2,15,1,8
9:25:15,2247.8,2247.6,2248.2,27,15,8
9:25:16,2247.8,2247.6,2247.8,7,14,3
9:25:17,2247.6,2247.6,2247.8,3,16,4
9:25:17,2247.6,2247.4,2247.6,24,63,17
9:25:18,2247.6,2247.6,2248.2,43,5,6
9:25:18,2248.2,2247.8,2248,7,4,2
9:25:19,2247.8,2247.6,2247.8,21,14,2
9:25:19,2247.6,2247.6,2248,9,17,1
9:25:20,2247.6,2247.6,2247.8,1,16,1
9:25:20,2247.6,2247.6,2247.8,8,11,1
9:25:21,2247.6,2247.6,2247.8,10,6,6
9:25:21,2247.8,2247.8,2248,17,11,4
9:25:22,2247.8,2247.8,2248,29,6,2
9:25:22,2247.8,2247.6,2248,7,24,5
9:25:23,2247.6,2247.6,2247.8,3,25,9
9:25:23,2247.6,2247.6,2247.8,4,25,9
9:25:24,2247.6,2247.6,2247.8,8,19,8
9:25:24,2247.6,2247.6,2247.8,9,12,7
9:25:25,2247.6,2247.6,2247.8,3,9,47
9:25:25,2247.8,2247.6,2247.8,12,6,41
9:25:26,2247.8,2247.6,2247.8,8,20,41
9:25:26,2247.6,2247.6,2247.8,13,10,41
9:25:27,2247.6,2247.6,2247.8,2,10,42
9:25:27,2247.8,2247.6,2247.8,25,9,19
9:25:28,2247.8,2247.6,2247.8,2,10,19
9:25:28,2247.8,2247.6,2247.8,7,9,13
9:25:29,2247.8,2247.6,2247.8,13,12,9
9:25:29,2247.6,2247.6,2247.8,4,8,11
9:25:30,2247.8,2247.6,2247.8,5,6,11
9:25:30,2247.6,2247.6,2247.8,14,2,13
9:25:31,2247.6,2247.6,2247.8,7,3,11
9:25:31,2247.4,2247.4,2247.6,13,54,11
9:25:32,2247.2,2247.2,2247.6,68,40,22
9:25:32,2247.2,2247,2247.2,45,113,7
9:25:33,2247,2247,2247.2,82,42,9
9:25:33,2247,2246.6,2247,81,16,12
9:25:34,2246.6,2246.4,2246.6,29,10,29
9:25:34,2246.6,2246.6,2246.8,61,7,4
9:25:35,2246.6,2246.6,2247,42,7,1
9:25:35,2246.6,2246.8,2247,19,6,1
9:25:36,2247,2247,2247.4,14,95,8
9:25:36,2247.2,2247.2,2247.4,27,56,4
9:25:37,2247.2,2247.2,2247.4,23,23,7
9:25:37,2247.2,2247.2,2247.6,8,20,15
9:25:38,2247.6,2247.4,2247.6,7,39,17
9:25:38,2247.4,2247.4,2247.6,18,35,9
9:25:39,2247.6,2247.4,2247.6,6,40,6
9:25:39,2247.6,2247.4,2247.6,8,37,5
9:25:40,2247.6,2247.6,2247.8,8,1,15
9:25:40,2247.4,2247.4,2247.6,5,33,7
9:25:41,2247.6,2247.4,2247.6,2,34,7
9:25:41,2247.4,2247.4,2247.6,5,33,5
9:25:42,2247.4,2247.4,2247.6,14,19,9
9:25:42,2247.6,2247.4,2247.6,8,15,17
9:25:43,2247.6,2247.4,2247.6,12,7,12
9:25:43,2247.4,2247.2,2247.4,10,6,8
9:25:44,2247.2,2247,2247.2,8,107,3
9:25:44,2247.2,2247,2247.2,2,107,4
9:25:45,2247.2,2247,2247.2,2,107,2
9:25:45,2247.2,2247.2,2247.4,21,1,9
9:25:46,2247.2,2247,2247.2,2,114,4
9:25:46,2247.2,2247,2247.2,20,99,22
9:25:47,2247.2,2247,2247.2,6,99,17
9:25:47,2247,2247,2247.2,21,94,3
9:25:48,2247.4,2247.2,2247.4,35,12,7
9:25:48,2247.4,2247.2,2247.4,11,13,9
9:25:49,2247.4,2247.2,2247.4,2,14,12
9:25:49,2247.4,2247.4,2247.6,12,9,16
9:25:50,2247.4,2247.4,2247.6,2,9,16
9:25:50,2247.4,2247.4,2247.6,5,4,16
9:25:51,2247.4,2247.4,2247.6,1,5,17
9:25:51,2247.4,2247.4,2247.6,3,4,17
9:25:52,2247.6,2247.4,2247.6,9,4,8
9:25:52,2247.4,2247.4,2247.6,1,3,8
9:25:53,2247.6,2247.4,2247.6,5,3,4
9:25:53,2247.4,2247.4,2247.6,1,2,10
9:25:54,2247.6,2247.4,2247.6,7,2,3
9:25:54,2247.6,2247.6,2247.8,4,6,22
9:25:55,2247.6,2247.6,2247.8,4,2,22
9:25:56,2247.6,2247.6,2247.8,3,20,22
9:25:56,2247.6,2247.6,2247.8,5,22,21
9:25:57,2247.8,2247.6,2247.8,4,22,20
9:25:57,2247.6,2247.6,2247.8,5,20,17
9:25:58,2247.8,2247.6,2247.8,8,18,12
9:25:58,2247.8,2247.6,2247.8,1,19,12
9:25:59,2247.8,2247.6,2247.8,2,18,22
9:25:59,2247.6,2247.6,2247.8,7,14,20
9:26:00,2247.6,2247.6,2247.8,9,13,14
9:26:00,2247.8,2247.6,2247.8,5,14,10
9:26:01,2247.6,2247.6,2247.8,2,15,33
9:26:02,2247.8,2247.6,2247.8,18,17,15
9:26:02,2247.6,2247.6,2247.8,7,15,11
9:26:03,2247.6,2247.6,2247.8,18,8,2
9:26:03,2247.6,2247.6,2247.8,4,4,3
9:26:04,2247.4,2247.4,2247.8,8,35,4
9:26:04,2247.4,2247.4,2247.8,3,33,5
9:26:05,2247.8,2247.4,2247.6,1,33,1
9:26:05,2247.4,2247.4,2247.6,3,30,2
9:26:06,2247.6,2247.4,2247.6,2,29,2
9:26:06,2247.6,2247.4,2247.6,6,27,1
9:26:07,2247.4,2247.4,2247.8,4,25,8
9:26:08,2247.6,2247.4,2247.6,3,32,4
9:26:08,2247.6,2247.4,2247.6,2,32,5
9:26:09,2247.6,2247.4,2247.6,8,31,2
9:26:09,2247.6,2247.4,2247.8,6,31,16
9:26:10,2247.6,2247.4,2247.8,1,32,28
9:26:10,2247.4,2247.4,2247.8,2,30,28
9:26:11,2247.4,2247.4,2247.6,2,28,1
9:26:11,2247.4,2247.6,2247.8,2,1,29
9:26:12,2247.6,2247.4,2247.8,6,25,29
9:26:13,2247.8,2247.6,2247.8,6,1,26
9:26:13,2247.8,2247.4,2247.8,5,46,25
9:26:14,2247.8,2247.4,2247.6,1,46,4
9:26:14,2247.6,2247.6,2247.8,5,2,25
9:26:15,2247.6,2247.4,2247.6,4,47,4
9:26:15,2247.6,2247.4,2247.8,5,47,27
9:26:16,2247.4,2247.4,2247.8,6,43,28
9:26:16,2247.4,2247.4,2247.8,1,44,28
9:26:17,2247.8,2247.4,2247.8,1,45,27
9:26:17,2247.4,2247.4,2247.8,26,24,24
9:26:18,2247.8,2247.4,2247.6,7,24,2
9:26:18,2247.4,2247.4,2247.6,4,20,2
9:26:19,2247.4,2247.4,2247.6,16,5,6
9:26:19,2247.4,2247.4,2247.6,3,2,11
9:26:20,2247.4,2247.2,2247.4,2,45,12
9:26:20,2247.2,2247.2,2247.4,9,37,14
9:26:21,2247.2,2247.2,2247.4,15,22,15
9:26:21,2247.4,2247.2,2247.4,9,19,9
9:26:22,2247,2247,2247.2,23,52,1
9:26:22,2247,2247,2247.2,12,53,1
9:26:23,2247,2247,2247.2,1,52,1
9:26:23,2247,2247.2,2247.4,5,1,7
9:26:24,2247.2,2247,2247.4,3,48,7
9:26:24,2247.2,2247,2247.2,3,49,2
9:26:25,2247.2,2247.2,2247.4,5,2,16
9:26:25,2247.4,2247.2,2247.4,2,14,15
9:26:26,2247.2,2247.2,2247.4,3,13,15
9:26:26,2247.2,2247.2,2247.4,5,17,14
9:26:27,2247.2,2247.2,2247.4,2,23,14
9:26:27,2247.2,2247.2,2247.4,1,23,14
9:26:28,2247.2,2247.2,2247.4,9,23,12
9:26:28,2247.2,2247.2,2247.4,1,23,12
9:26:29,2247.2,2247.2,2247.4,13,12,12
9:26:29,2247.4,2247.2,2247.4,5,13,8
9:26:30,2247.2,2247.2,2247.4,3,10,8
9:26:31,2247.4,2247.2,2247.4,2,12,9
9:26:32,2247.2,2247.2,2247.4,2,15,8
9:26:32,2247.2,2247.2,2247.4,6,9,13
9:26:33,2247.4,2247.2,2247.4,7,4,9
9:26:33,2247.4,2247.2,2247.4,5,4,4
9:26:34,2247.2,2247.2,2247.4,11,1,17
9:26:35,2247.4,2247.2,2247.4,3,3,16
9:26:35,2247.4,2247.2,2247.4,3,2,13
9:26:36,2247.2,2247,2247.2,2,52,2
9:26:36,2247.2,2247,2247.2,1,56,12
9:26:37,2247.2,2247,2247.2,1,61,11
9:26:37,2247.2,2247,2247.2,16,46,10
9:26:38,2247,2247,2247.2,27,20,10
9:26:38,2247,2246.8,2247,27,23,4
9:26:39,2246.8,2246.8,2247,15,8,12
9:26:39,2247,2246.8,2247,20,3,3
9:26:40,2246.8,2246.8,2247,4,1,3
9:26:40,2246.8,2246.6,2246.8,4,19,10
9:26:41,2246.8,2246.6,2246.8,4,19,7
9:26:41,2246.6,2246.6,2246.8,4,17,7
9:26:42,2246.8,2246.8,2247,11,26,7
9:26:42,2246.8,2246.8,2247,6,22,9
9:26:43,2246.8,2246.8,2247,5,20,10
9:26:43,2246.8,2246.8,2247.2,19,27,6
9:26:44,2247,2246.8,2247.2,11,24,8
9:26:44,2246.8,2246.8,2247,4,34,1
9:26:45,2247,2246.8,2247,1,35,1
9:26:45,2247,2247,2247.2,2,3,10
9:26:46,2247,2247,2247.2,1,11,10
9:26:46,2247.4,2247.2,2247.4,21,20,9
9:26:47,2247.6,2247.4,2247.6,13,16,8
9:26:47,2247.4,2247.4,2247.6,2,16,7
9:26:48,2247.6,2247.4,2247.6,2,22,16
9:26:49,2247.4,2247.4,2247.6,15,20,10
9:26:49,2247.4,2247.4,2247.6,10,15,11
9:26:50,2247.4,2247.4,2247.6,2,14,13
9:26:50,2247.6,2247.4,2247.6,4,13,11
9:26:51,2247.6,2247.4,2247.6,1,13,10
9:26:52,2247.6,2247.4,2247.6,1,13,9
9:26:52,2247.6,2247.6,2247.8,10,11,25
9:26:53,2247.6,2247.6,2247.8,2,12,26
9:26:53,2247.6,2247.6,2247.8,2,23,50
9:26:54,2247.8,2247.6,2247.8,9,21,46
9:26:54,2247.6,2247.6,2247.8,4,19,45
9:26:55,2247.8,2247.6,2247.8,4,18,42
9:26:55,2247.4,2247.2,2247.4,34,21,2
9:26:56,2247.6,2247.2,2247.6,4,21,22
9:26:56,2247.6,2247.4,2247.6,3,7,25
9:26:57,2247.6,2247.4,2247.6,3,8,24
9:26:57,2247.4,2247.4,2247.6,3,5,30
9:26:58,2247.2,2247.2,2247.6,9,18,28
9:26:59,2247.4,2247.2,2247.6,5,18,25
9:27:00,2247.6,2247.2,2247.6,2,21,25
9:27:01,2247.6,2247.2,2247.6,2,23,26
9:27:02,2247.6,2247.2,2247.6,1,23,25
9:27:02,2247.2,2247.4,2247.6,1,1,25
9:27:03,2247.6,2247.4,2247.6,8,1,17
9:27:03,2247.4,2247.2,2247.4,1,29,4
9:27:04,2247.6,2247.2,2247.4,6,28,3
9:27:05,2247.4,2247.2,2247.4,1,31,8
9:27:05,2247.2,2247.2,2247.4,5,26,8
9:27:06,2247.4,2247.2,2247.4,1,26,7
9:27:06,2247.2,2247.2,2247.4,2,25,7
9:27:07,2247.2,2247.2,2247.4,4,26,4
9:27:07,2247.2,2247.2,2247.4,4,23,3
9:27:08,2247.2,2247.2,2247.4,3,22,3
9:27:09,2247.2,2247.2,2247.4,5,21,4
9:27:10,2247.2,2247.2,2247.4,1,20,4
9:27:10,2247.4,2247.4,2247.6,12,35,53
9:27:11,2247.4,2247.4,2247.6,4,31,51
9:27:11,2247.4,2247.4,2247.6,1,45,51
9:27:12,2247.6,2247.4,2247.6,7,42,47
9:27:12,2247.6,2247.4,2247.6,19,51,29
9:27:13,2247.6,2247.4,2247.6,19,52,13
9:27:13,2247.6,2247.6,2247.8,12,19,57
9:27:14,2247.6,2247.6,2247.8,11,14,51
9:27:14,2247.8,2247.6,2247.8,8,10,44
9:27:15,2247.8,2247.6,2247.8,2,10,42
9:27:15,2247.8,2247.6,2247.8,3,9,45
9:27:16,2247.6,2247.6,2247.8,1,7,46
9:27:16,2247.4,2247.4,2247.8,11,51,44
9:27:17,2247.8,2247.6,2247.8,1,1,43
9:27:17,2247.6,2247.4,2247.6,2,51,10
9:27:18,2247.6,2247.4,2247.6,1,51,8
9:27:20,2247.6,2247.4,2247.6,1,51,9
9:27:20,2247.6,2247.4,2247.6,4,51,5
9:27:21,2247.6,2247.4,2247.6,4,51,2
9:27:22,2247.6,2247.4,2247.6,3,52,4
9:27:22,2247.6,2247.4,2247.6,1,52,13
9:27:23,2247.6,2247.4,2247.6,1,53,16
9:27:25,2247.6,2247.4,2247.6,1,53,17
9:27:26,2247.4,2247.4,2247.6,1,50,20
9:27:26,2247.6,2247.4,2247.6,1,50,20
9:27:27,2247.4,2247.4,2247.6,1,49,21
9:27:27,2247.4,2247.4,2247.6,18,31,22
9:27:28,2247.4,2247.4,2247.6,31,3,19
9:27:28,2247.4,2247.2,2247.4,7,37,2
9:27:29,2247.6,2247.2,2247.4,10,34,3
9:27:29,2247.6,2247.2,2247.6,3,34,13
9:27:30,2247.4,2247.4,2247.6,1,1,13
9:27:31,2247.4,2247.2,2247.6,1,34,14
9:27:31,2247.6,2247.4,2247.6,6,1,9
9:27:32,2247.4,2247.2,2247.6,1,24,9
9:27:32,2247.6,2247.4,2247.6,1,1,10
9:27:33,2247.6,2247.4,2247.6,1,1,9
9:27:34,2247.6,2247.4,2247.6,2,1,10
9:27:35,2247.4,2247.2,2247.4,7,26,5
9:27:35,2247.4,2247.2,2247.4,1,27,6
9:27:36,2247.4,2247.4,2247.6,11,2,14
9:27:37,2247.4,2247.2,2247.4,8,23,1
9:27:37,2247.4,2247.4,2247.6,1,1,14
9:27:39,2247.4,2247.4,2247.6,1,6,15
9:27:40,2247.4,2247.4,2247.6,2,6,17
9:27:41,2247.4,2247.4,2247.6,1,6,17
9:27:41,2247.4,2247.4,2247.6,1,6,25
9:27:42,2247.4,2247.4,2247.6,2,6,25
9:27:42,2247.4,2247.4,2247.6,2,4,29
9:27:43,2247.6,2247.4,2247.6,5,4,28
9:27:43,2247.2,2247.2,2247.4,8,24,1
9:27:44,2247.4,2247.2,2247.4,2,24,7
9:27:45,2247.2,2247.2,2247.4,3,21,7
9:27:46,2247.4,2247.2,2247.4,2,21,6
9:27:47,2247.4,2247.2,2247.4,4,20,4
9:27:47,2247.2,2247.2,2247.4,3,21,5
9:27:48,2247.2,2247.2,2247.4,24,1,1
9:27:49,2247.2,2247,2247.2,6,53,14
9:27:49,2247,2247,2247.2,9,50,11
9:27:50,2247.2,2247,2247.2,4,50,9
9:27:50,2247.2,2247,2247.2,9,42,8
9:27:51,2247.2,2247.2,2247.4,10,1,5
9:27:51,2247.4,2247.2,2247.4,1,1,5
9:27:52,2247.2,2247.2,2247.4,1,1,5
9:27:53,2247.2,2247,2247.2,9,43,13
9:27:53,2247,2247,2247.2,1,43,13
9:27:54,2247.2,2247.2,2247.4,14,2,18
9:27:54,2247.2,2247.2,2247.4,4,1,16
9:27:55,2247,2247.2,2247.4,4,1,17
9:27:55,2247.4,2247,2247.4,5,50,15
9:27:56,2247,2246.8,2247,52,20,15
9:27:57,2246.8,2246.8,2247,3,18,14
9:27:57,2247,2246.8,2247,3,17,12
9:27:58,2247,2246.8,2247,6,18,8
9:27:58,2246.8,2246.8,2247,17,1,8
9:27:59,2246.8,2246.6,2247,5,39,4
9:27:59,2246.8,2246.8,2247,4,10,3
9:28:00,2246.8,2247,2247.2,4,1,7
9:28:00,2247,2246.8,2247,6,9,2
9:28:01,2246.8,2247,2247.2,10,1,8
9:28:01,2246.6,2246.6,2246.8,10,38,5
9:28:02,2246.6,2246.8,2247,5,12,86
9:28:02,2246.6,2246.6,2246.8,21,37,1
9:28:03,2246.6,2246.6,2246.8,30,10,15
9:28:03,2246.6,2246.6,2246.8,21,3,16
9:28:04,2246.8,2246.4,2246.8,10,45,20
9:28:04,2246.8,2246.6,2246.8,19,1,17
9:28:05,2246.6,2246.6,2246.8,3,6,16
9:28:05,2246.8,2246.6,2246.8,10,10,10
9:28:06,2246.8,2246.6,2246.8,7,34,5
9:28:06,2246.8,2246.6,2246.8,11,35,2
9:28:07,2247,2246.8,2247,5,2,88
9:28:07,2247,2246.6,2247,12,140,79
9:28:08,2246.8,2246.8,2247,2,4,78
9:28:08,2247,2246.8,2247,24,35,54
9:28:09,2247,2246.8,2247,12,43,35
9:28:09,2247,2246.8,2247,10,50,25
9:28:10,2246.8,2247,2247.2,27,1,8
9:28:10,2247.2,2247,2247.2,1,6,7
9:28:11,2247.2,2247,2247.2,6,6,3
9:28:11,2247.2,2247,2247.2,3,6,1
9:28:12,2247,2247,2247.4,3,5,10
9:28:12,2247.4,2247,2247.2,1,34,3
9:28:13,2247.4,2247.2,2247.4,20,1,14
9:28:13,2247,2247,2247.4,7,20,11
9:28:14,2247.4,2247,2247.4,9,12,11
9:28:14,2247,2247,2247.4,1,12,15
9:28:15,2247.4,2247,2247.4,1,12,14
9:28:15,2247.2,2247,2247.4,4,12,20
9:28:16,2247.4,2247,2247.4,1,13,19
9:28:16,2247,2247,2247.4,2,13,20
9:28:17,2247,2247,2247.4,1,12,20
9:28:17,2247.4,2247,2247.4,2,11,18
9:28:18,2247,2247,2247.4,6,12,14
9:28:18,2247.4,2247,2247.4,5,13,9
9:28:19,2247,2247,2247.4,3,13,10
9:28:19,2247.4,2247.4,2247.6,12,1,34
9:28:21,2247,2247,2247.4,6,15,2
9:28:21,2247,2247,2247.4,5,13,3
9:28:22,2247.4,2247.2,2247.4,4,1,25
9:28:23,2247.2,2247,2247.2,1,37,1
9:28:23,2247.4,2247,2247.4,3,37,23
9:28:24,2247,2247,2247.4,1,36,26
9:28:24,2247.4,2247,2247.4,2,36,24
9:28:25,2247,2247,2247.4,2,34,26
9:28:25,2247.4,2247,2247.4,1,34,25
9:28:26,2247.2,2247,2247.4,2,34,24
9:28:26,2247.2,2247,2247.4,2,35,23
9:28:27,2247,2247,2247.4,1,34,23
9:28:29,2247.4,2247,2247.4,2,35,22
9:28:29,2247.4,2247,2247.4,3,34,20
9:28:30,2247.4,2247,2247.4,3,34,26
9:28:31,2247.4,2247,2247.4,10,35,16
9:28:32,2247.4,2247,2247.4,1,35,15
9:28:32,2247,2247,2247.4,3,33,11
9:28:33,2247,2247,2247.4,20,33,11
9:28:33,2247.4,2247,2247.4,2,33,10
9:28:34,2247.4,2247.2,2247.4,3,2,8
9:28:34,2247.4,2247,2247.4,9,27,7
9:28:35,2247.4,2247,2247.4,1,27,6
9:28:35,2247,2247,2247.4,2,25,7
9:28:36,2247.4,2247.4,2247.6,10,2,42
9:28:36,2247.6,2247.4,2247.6,1,2,41
9:28:37,2247.6,2247.4,2247.6,2,1,40
9:28:37,2247.4,2247,2247.2,1,34,1
9:28:38,2247.4,2247,2247.4,1,35,2
9:28:39,2247.4,2247.4,2247.6,2,1,40
9:28:39,2247.6,2247.4,2247.6,1,2,40
9:28:40,2247.4,2247.2,2247.4,2,8,1
9:28:40,2247.4,2247.4,2247.6,3,7,38
9:28:41,2247.4,2247.4,2247.6,1,12,38
9:28:41,2247.6,2247.4,2247.6,1,12,36
9:28:42,2247.4,2247.4,2247.6,1,12,36
9:28:42,2247.6,2247.4,2247.6,5,14,33
9:28:43,2247.4,2247.4,2247.6,6,12,34
9:28:43,2247.6,2247.4,2247.6,1,12,33
9:28:44,2247.4,2247.4,2247.6,1,11,33
9:28:44,2247.4,2247.4,2247.6,1,10,36
9:28:45,2247.4,2247.4,2247.6,1,8,36
9:28:45,2247.6,2247.4,2247.6,4,7,34
9:28:46,2247.4,2247.4,2247.6,2,6,33
9:28:46,2247.2,2247.2,2247.6,25,2,39
9:28:47,2247.4,2247.2,2247.4,2,2,6
9:28:48,2247.2,2247,2247.2,2,47,4
9:28:48,2247,2247,2247.2,10,37,4
9:28:49,2247.2,2247,2247.2,7,35,4
9:28:49,2247.2,2247.2,2247.4,11,5,14
9:28:51,2247.4,2247.2,2247.4,4,6,36
9:28:51,2247.2,2247.2,2247.4,3,5,34
9:28:52,2247.4,2247,2247.2,6,35,4
9:28:53,2247.2,2247,2247.2,4,32,6
9:28:54,2247.2,2247,2247.2,5,31,1
9:28:54,2247.2,2247.2,2247.4,2,3,37
9:28:55,2247.2,2247.2,2247.4,1,2,40
9:28:56,2247.4,2247,2247.2,4,30,2
9:28:56,2247.2,2247,2247.2,1,30,1
9:28:57,2247.2,2247.2,2247.4,3,1,39
9:28:57,2247.2,2247,2247.4,1,30,39
9:28:58,2247,2247.2,2247.4,1,5,39
9:28:58,2247,2247.2,2247.4,1,4,39
9:29:00,2247.2,2247,2247.2,7,50,21
9:29:01,2247,2247,2247.2,1,46,21
9:29:01,2247.2,2247,2247.2,2,45,20
9:29:02,2247,2247,2247.2,15,33,19
9:29:03,2247.2,2247,2247.2,23,11,18
9:29:03,2247,2246.8,2247,19,52,14
9:29:04,2247,2246.8,2247,11,41,21
9:29:05,2246.8,2246.8,2247,4,38,20
9:29:05,2247,2246.8,2247,1,38,21
9:29:06,2247,2246.8,2247,23,30,6
9:29:06,2247,2247,2247.2,8,39,26
9:29:07,2247,2247,2247.2,1,39,26
9:29:07,2247,2247,2247.2,9,40,19
9:29:08,2247,2247,2247.2,29,26,5
9:29:08,2247.2,2247,2247.2,2,26,13
9:29:10,2247.2,2247,2247.2,10,29,4
9:29:10,2247,2247,2247.2,6,23,4
9:29:11,2247,2247,2247.2,5,21,1
9:29:11,2247,2247,2247.2,1,20,1
9:29:12,2247.2,2247.2,2247.4,1,2,53
9:29:12,2247.2,2247,2247.4,4,19,51
9:29:13,2247.4,2247.2,2247.4,4,1,47
9:29:14,2247.2,2247,2247.2,3,18,39
9:29:14,2247,2247,2247.2,1,19,39
9:29:15,2247.2,2247,2247.2,1,23,49
9:29:15,2247.2,2247,2247.2,2,30,49
9:29:16,2247,2247,2247.2,2,30,63
9:29:16,2247.2,2247,2247.2,3,29,63
9:29:17,2247,2247,2247.2,18,12,62
9:29:17,2247.2,2247,2247.2,2,22,61
9:29:18,2247,2247,2247.2,7,15,64
9:29:18,2247,2246.8,2247,16,22,9
9:29:19,2247,2246.8,2247,13,22,39
9:29:19,2246.8,2246.8,2247,2,21,38
9:29:20,2247,2246.8,2247,4,18,37
9:29:20,2247,2246.8,2247,5,17,35
9:29:21,2246.8,2246.8,2247,12,6,34
9:29:21,2247,2246.8,2247,2,6,33
9:29:22,2247,2246.8,2247,1,6,32
9:29:22,2246.8,2246.8,2247,1,5,37
9:29:23,2247,2246.8,2247,4,2,39
9:29:24,2247,2246.8,2247,4,1,13
9:29:25,2246.8,2246.6,2246.8,11,24,35
9:29:26,2246.6,2246.6,2246.8,40,12,7
9:29:26,2246.8,2246.6,2246.8,12,2,7
9:29:27,2246.6,2246.6,2246.8,3,2,5
9:29:27,2246.6,2246.6,2246.8,2,3,5
9:29:28,2246.6,2246.4,2246.6,4,30,13
9:29:28,2246.2,2246.2,2246.4,31,79,36
9:29:29,2246.2,2246.2,2246.4,5,77,35
9:29:29,2246.2,2246.2,2246.4,33,45,46
9:29:30,2246.4,2246.2,2246.4,7,42,49
9:29:30,2246.2,2246.2,2246.4,45,2,43
9:29:31,2246.4,2246.2,2246.4,13,5,42
9:29:31,2246,2246,2246.2,10,115,9
9:29:32,2246.2,2246,2246.4,16,125,42
9:29:32,2246,2246,2246.2,25,122,1
9:29:33,2246,2246,2246.4,16,115,16
9:29:33,2246.2,2246.2,2246.4,40,93,14
9:29:34,2246.4,2246.2,2246.6,36,115,25
9:29:34,2246.4,2246.4,2246.6,17,29,14
9:29:35,2246.4,2246.4,2246.6,5,32,12
9:29:35,2246.6,2246.4,2246.6,3,58,9
9:29:36,2246.4,2246.4,2246.6,17,47,4
9:29:36,2246.4,2246.4,2246.6,4,45,3
9:29:37,2246.6,2246.4,2246.6,1,47,2
9:29:37,2246.4,2246.4,2246.8,4,45,4
9:29:38,2246.8,2246.4,2246.8,3,45,7
9:29:38,2246.4,2246.6,2246.8,18,1,7
9:29:39,2246.8,2246.6,2246.8,1,1,33
9:29:39,2246.6,2246.6,2246.8,2,1,38
9:29:40,2246.6,2246.6,2246.8,1,1,38
9:29:40,2246.6,2246.4,2246.6,1,19,1
9:29:41,2246.6,2246.4,2246.6,3,19,33
9:29:42,2246.4,2246.2,2246.4,21,145,14
9:29:42,2246.4,2246.2,2246.4,2,145,21
9:29:43,2246.4,2246.2,2246.4,1,146,22
9:29:44,2246.4,2246.2,2246.4,1,151,21
9:29:44,2246.4,2246.2,2246.4,3,152,21
9:29:45,2246.4,2246.2,2246.4,17,139,17
9:29:45,2246.4,2246.2,2246.4,2,140,17
9:29:46,2246.4,2246.2,2246.4,6,140,15
9:29:46,2246.4,2246.2,2246.4,3,143,25
9:29:47,2246.4,2246.2,2246.6,26,142,6
9:29:47,2246.4,2246.4,2246.6,1,10,13
9:29:48,2246.4,2246.4,2246.6,4,16,19
9:29:48,2246.6,2246.2,2246.6,28,127,18
9:29:49,2246.6,2246.4,2246.6,1,1,21
9:29:49,2246.4,2246.2,2246.6,4,130,23
9:29:50,2246.4,2246.2,2246.6,1,133,24
9:29:50,2246.2,2246.2,2246.4,1,134,2
9:29:51,2246.2,2246.2,2246.4,5,132,6
9:29:51,2246.2,2246.2,2246.4,9,126,2
9:29:52,2246.2,2246.2,2246.6,18,116,19
9:29:52,2246.2,2246.2,2246.6,6,111,21
9:29:53,2246.4,2246.2,2246.6,2,111,21
9:29:53,2246.4,2246.2,2246.4,4,111,1
9:29:54,2246.2,2246.2,2246.4,2,109,2
9:29:54,2246.2,2246.2,2246.4,1,109,2
9:29:55,2246.2,2246.2,2246.4,3,107,2
9:29:55,2246.2,2246.2,2246.4,12,106,2
9:29:56,2246.4,2246.2,2246.6,7,102,21
9:29:56,2246.4,2246.2,2246.6,1,102,22
9:29:57,2246.2,2246.2,2246.6,14,89,22
9:29:57,2246.6,2246.2,2246.6,4,88,24
9:29:58,2246.6,2246.2,2246.4,1,88,9
9:29:58,2246.4,2246.2,2246.4,7,105,5
9:29:59,2246.4,2246.2,2246.4,8,102,12
9:29:59,2246.4,2246.2,2246.4,7,95,12
9:30:00,2246.4,2246.2,2246.4,6,101,12
9:30:00,2246.4,2246.2,2246.4,33,88,1
9:30:01,2246.2,2246.4,2246.6,17,4,49
9:30:01,2246.4,2246.4,2246.6,6,14,43
9:30:02,2246.6,2246.4,2246.6,4,14,48
9:30:02,2246.6,2246.4,2246.6,13,16,38
9:30:03,2246.6,2246.4,2246.6,8,22,33
9:30:03,2246.6,2246.4,2246.6,4,26,30
9:30:04,2246.6,2246.4,2246.6,6,29,25
9:30:04,2246.4,2246.6,2246.8,44,1,27
9:30:05,2246.4,2246.6,2246.8,17,25,30
9:30:05,2246.6,2246.6,2246.8,7,21,27
9:30:06,2246.6,2246.6,2246.8,10,11,27
9:30:06,2246.8,2246.6,2246.8,2,11,25
9:30:07,2246.8,2246.6,2246.8,7,9,20
9:30:07,2246.8,2246.4,2246.8,15,18,15
9:30:08,2246.4,2246.4,2246.8,8,17,10
9:30:08,2246.8,2246.4,2246.8,3,17,7
9:30:09,2246.6,2246.4,2246.8,1,17,7
9:30:09,2246.8,2246.4,2246.8,4,23,3
9:30:10,2246.6,2246.6,2246.8,1,5,3
9:30:10,2246.8,2246.6,2246.8,5,3,5
9:30:11,2246.8,2246.6,2246.8,3,2,3
9:30:11,2246.6,2246.4,2246.8,2,22,3
9:30:12,2246.8,2246.6,2246.8,3,1,1
9:30:12,2246.6,2246.4,2246.6,1,22,5
9:30:13,2246.6,2246.4,2246.6,5,20,3
9:30:13,2246.6,2246.6,2246.8,7,1,3
9:30:14,2246.4,2246.4,2246.8,4,17,2
9:30:14,2246.8,2246.4,2246.8,3,16,2
9:30:15,2246.4,2246.4,2246.8,3,14,1
9:30:15,2246.6,2246.4,2246.8,2,15,1
9:30:16,2246.8,2246.6,2246.8,4,1,2
9:30:16,2246.6,2246.8,2247,3,1,28
9:30:17,2246.8,2246.6,2246.8,1,1,5
9:30:17,2246.8,2246.6,2246.8,1,2,4
9:30:18,2246.8,2246.6,2246.8,4,5,1
9:30:18,2246.6,2246.6,2246.8,4,2,7
9:30:19,2246.8,2246.6,2246.8,2,1,6
9:30:19,2246.8,2246.4,2246.8,1,37,10
9:30:20,2246.8,2246.4,2246.8,2,35,9
9:30:20,2246.6,2246.6,2246.8,3,3,9
9:30:21,2246.8,2246.8,2247,10,2,33
9:30:21,2246.8,2246.8,2247,4,3,33
9:30:22,2246.6,2246.6,2247,6,3,33
9:30:22,2247,2246.8,2247,4,2,32
9:30:23,2246.8,2246.6,2247,3,3,33
9:30:23,2247,2246.8,2247,4,1,30
9:30:24,2246.8,2246.6,2247,3,13,28
9:30:24,2247,2246.6,2247,18,13,11
9:30:25,2246.8,2246.8,2247,1,3,31
9:30:26,2247,2246.6,2247,5,15,30
9:30:26,2246.6,2246.6,2247,2,15,34
9:30:27,2247,2246.6,2247,5,15,29
9:30:27,2247,2246.6,2247,2,15,28
9:30:28,2247,2246.8,2247,2,4,27
9:30:28,2246.8,2246.8,2247,1,3,27
9:30:29,2246.8,2246.6,2247,4,19,26
9:30:29,2246.8,2246.6,2247,1,19,26
9:30:30,2247,2246.6,2247,12,19,17
9:30:31,2246.6,2246.6,2247,5,17,15
9:30:31,2247,2246.6,2247,1,17,14
9:30:32,2247,2246.6,2247,1,17,13
9:30:33,2247,2246.6,2247,9,17,5
9:30:35,2247,2246.6,2246.8,2,20,4
9:30:35,2246.8,2246.6,2246.8,2,23,5
9:30:36,2246.6,2246.6,2246.8,11,15,5
9:30:36,2246.8,2246.6,2246.8,1,15,4
9:30:37,2246.6,2246.6,2246.8,14,1,7
9:30:37,2246.6,2246.4,2246.8,2,37,17
9:30:38,2246.8,2246.6,2246.8,3,1,17
9:30:38,2246.6,2246.4,2246.8,1,35,23
9:30:39,2246.8,2246.4,2246.8,5,35,19
9:30:39,2246.8,2246.4,2246.8,3,35,31
9:30:40,2246.4,2246.4,2246.8,2,34,30
9:30:41,2246.8,2246.4,2246.8,1,34,27
9:30:42,2246.4,2246.4,2246.6,8,30,1
9:30:44,2246.6,2246.6,2246.8,1,9,48
9:30:44,2246.8,2246.6,2246.8,11,13,38
9:30:45,2246.6,2246.6,2246.8,2,17,38
9:30:46,2246.6,2246.6,2246.8,2,15,39
9:30:46,2246.8,2246.6,2246.8,2,15,37
9:30:47,2246.8,2246.6,2246.8,17,15,20
9:30:47,2246.8,2246.6,2246.8,3,17,18
9:30:48,2246.8,2246.6,2246.8,1,17,18
9:30:48,2246.8,2246.6,2246.8,4,17,14
9:30:49,2246.6,2246.6,2246.8,5,12,14
9:30:49,2246.6,2246.6,2246.8,8,12,18
9:30:50,2246.8,2246.6,2246.8,1,12,17
9:30:50,2246.8,2246.6,2246.8,3,10,17
9:30:51,2246.8,2246.6,2246.8,1,10,17
9:30:51,2246.6,2246.6,2246.8,7,5,16
9:30:52,2246.6,2246.6,2246.8,1,4,16
9:30:52,2246.6,2246.4,2246.6,4,38,21
9:30:53,2246.4,2246.4,2246.6,3,34,18
9:30:54,2246.4,2246.4,2246.6,5,31,19
9:30:54,2246.6,2246.4,2246.6,1,32,19
9:30:55,2246.4,2246.4,2246.6,29,14,9
9:30:55,2246.4,2246.4,2246.8,19,8,19
9:30:56,2246.4,2246.2,2246.4,13,86,2
9:30:57,2246.2,2246.2,2246.4,2,95,3
9:30:57,2246.4,2246.2,2246.4,3,94,1
9:30:58,2246.2,2246.2,2246.6,3,94,3
9:30:58,2246.2,2246.4,2246.6,4,1,4
9:30:59,2246.2,2246.2,2246.4,5,88,1
9:30:59,2246.4,2246.4,2246.6,4,8,3
9:31:00,2246.4,2246.4,2246.6,3,7,4
9:31:00,2246.4,2246.2,2246.4,10,89,21
9:31:01,2246.2,2246.2,2246.4,12,78,39
9:31:01,2246.2,2246.2,2246.4,40,39,39
9:31:02,2246,2246,2246.2,46,89,24
9:31:02,2246,2246,2246.2,20,73,23
9:31:03,2246,2246,2246.2,8,65,30
9:31:03,2246.2,2246,2246.2,6,63,24
9:31:04,2246,2246,2246.2,20,51,16
9:31:04,2246,2246,2246.2,31,22,12
9:31:05,2246,2246,2246.2,6,18,11
9:31:05,2246.2,2245.8,2246,20,42,1
9:31:06,2246,2246,2246.2,4,19,9
9:31:06,2246,2246,2246.2,14,19,2
9:31:07,2246.2,2246.2,2246.4,7,4,17
9:31:07,2246.4,2246,2246.2,22,18,1
9:31:08,2246,2246,2246.2,4,17,6
9:31:08,2246,2246,2246.2,3,15,6
9:31:09,2246,2246,2246.2,6,17,12
9:31:09,2246.2,2246,2246.2,13,8,10
9:31:10,2246,2246,2246.2,4,12,8
9:31:10,2246,2245.8,2246,15,51,10
9:31:11,2246,2245.8,2246,7,52,3
9:31:11,2246,2246,2246.2,5,1,22
9:31:12,2245.8,2245.8,2246,32,44,1
9:31:12,2245.8,2245.8,2246,30,18,4
9:31:13,2245.6,2245.6,2245.8,42,129,26
9:31:13,2245.6,2245.6,2245.8,45,99,13
9:31:14,2245.6,2245.6,2245.8,11,93,13
9:31:14,2245.6,2245.6,2245.8,14,81,12
9:31:15,2245.6,2245.6,2245.8,12,70,10
9:31:15,2245.8,2245.6,2245.8,40,31,9
9:31:16,2245.6,2245.6,2245.8,8,42,2
9:31:16,2245.6,2245.8,2246,10,1,29
9:31:17,2245.8,2245.6,2245.8,18,23,6
9:31:17,2245.6,2245.6,2245.8,8,28,5
9:31:18,2245.8,2245.6,2245.8,27,7,1
9:31:18,2245.6,2245.6,2245.8,10,3,11
9:31:19,2245.8,2245.4,2245.6,14,66,12
9:31:19,2245.6,2245.4,2245.6,5,65,14
9:31:20,2245.4,2245.4,2245.6,6,59,15
9:31:20,2245.4,2245.4,2245.8,48,27,40
9:31:21,2245.4,2245.4,2245.8,10,22,39
9:31:21,2245.4,2245.4,2245.8,3,22,40
9:31:22,2245.4,2245.4,2245.6,6,20,1
9:31:22,2245.4,2245.4,2245.8,11,17,37
9:31:23,2245.4,2245.2,2245.4,28,112,54
9:31:23,2245.4,2245.2,2245.4,13,110,42
9:31:24,2245.2,2245.2,2245.4,53,84,16
9:31:24,2245.4,2245.2,2245.4,23,76,2
9:31:25,2245.2,2245.2,2245.4,44,32,5
9:31:25,2245.2,2245.2,2245.4,35,2,3
9:31:26,2245.2,2245,2245.2,7,218,2
9:31:26,2245,2245,2245.4,8,217,14
9:31:27,2245,2245.2,2245.4,92,1,13
9:31:27,2245.2,2245,2245.2,37,137,43
9:31:28,2245,2245,2245.2,15,135,35
9:31:28,2245.2,2245,2245.2,23,119,32
9:31:29,2245,2245,2245.2,9,108,35
9:31:29,2245.2,2245,2245.2,13,96,32
9:31:30,2245,2245,2245.2,18,88,29
9:31:30,2245.2,2245,2245.2,23,83,10
9:31:31,2245,2245,2245.2,33,63,8
9:31:31,2245.2,2245,2245.4,92,4,15
9:31:32,2245.2,2245.2,2245.4,13,5,33
9:31:32,2245.2,2245.2,2245.4,7,1,37
9:31:33,2245,2245,2245.2,12,20,1
9:31:33,2245,2245,2245.4,15,19,34
9:31:34,2245.4,2244.8,2245.2,46,38,1
9:31:34,2245,2245,2245.2,5,18,5
9:31:35,2245.2,2245,2245.2,17,5,9
9:31:35,2245,2244.8,2245,12,38,55
9:31:36,2244.8,2244.8,2245,26,18,74
9:31:36,2244.8,2244.6,2244.8,35,17,15
9:31:37,2244.4,2244.4,2244.6,45,42,25
9:31:37,2244.4,2244.4,2245,76,36,62
9:31:38,2244.6,2244.4,2244.6,30,20,1
9:31:38,2244.4,2244.6,2245,31,2,65
9:31:39,2244.6,2244.2,2244.4,31,73,1
9:31:39,2244.4,2244.6,2244.8,9,1,7
9:31:40,2244.8,2244.6,2244.8,35,1,3
9:31:40,2244.6,2244.6,2245,33,2,64
9:31:41,2244.4,2244.4,2244.6,8,17,15
9:31:41,2244.6,2244.4,2244.6,9,17,11
9:31:42,2244.6,2244.4,2244.6,19,18,12
9:31:42,2244.4,2244.4,2244.6,18,12,13
9:31:43,2244.6,2244.4,2244.6,11,17,8
9:31:43,2244.4,2244.4,2244.6,38,7,2
9:31:44,2244.8,2244.6,2244.8,24,3,3
9:31:44,2244.6,2244.6,2244.8,7,43,10
9:31:45,2244.8,2244.6,2244.8,14,49,7
9:31:45,2244.6,2244.8,2245,11,4,78
9:31:46,2244.8,2244.8,2245,10,2,78
9:31:46,2244.8,2244.6,2245,5,61,78
9:31:47,2245,2244.8,2245,44,1,42
9:31:47,2244.8,2244.6,2244.8,9,57,15
9:31:48,2244.6,2244.6,2244.8,8,56,11
9:31:48,2244.8,2244.6,2244.8,37,22,19
9:31:49,2244.8,2244.6,2244.8,23,21,69
9:31:49,2244.8,2244.6,2244.8,33,18,39
9:31:50,2244.6,2244.4,2244.6,19,10,2
9:31:50,2244.8,2244.6,2244.8,22,33,31
9:31:51,2244.8,2244.6,2244.8,5,46,30
9:31:51,2244.6,2244.6,2244.8,12,32,23
9:31:52,2244.8,2244.6,2244.8,21,36,29
9:31:52,2244.6,2244.6,2244.8,28,35,16
9:31:53,2244.8,2244.6,2244.8,4,30,12
9:31:53,2244.8,2244.6,2244.8,4,29,9
9:31:54,2244.8,2244.6,2244.8,11,30,5
9:31:54,2244.6,2244.6,2244.8,14,25,23
9:31:55,2244.8,2244.8,2245,29,24,64
9:31:55,2244.8,2244.8,2245,4,22,64
9:31:56,2244.8,2244.8,2245,1,23,64
9:31:56,2245,2244.8,2245,31,35,33
9:31:57,2244.8,2244.8,2245,3,53,33
9:31:57,2245,2244.8,2245,19,58,16
9:31:58,2245,2245,2245.2,24,2,98
9:31:58,2244.8,2244.8,2245,12,52,4
9:31:59,2245,2245,2245.2,9,2,97
9:31:59,2245.2,2245,2245.2,11,12,95
9:32:00,2245,2245,2245.2,2,15,94
9:32:00,2244.8,2244.8,2245,34,25,8
9:32:01,2244.8,2244.6,2245,58,27,1
9:32:01,2244.8,2244.8,2245,9,1,30
9:32:02,2244.8,2244.8,2245,3,12,32
9:32:02,2245,2244.8,2245,7,10,29
9:32:03,2244.8,2244.8,2245,19,1,27
9:32:03,2244.6,2244.6,2245,7,34,64
9:32:04,2244.8,2244.6,2245,25,35,46
9:32:04,2244.8,2244.6,2244.8,9,31,12
9:32:05,2244.8,2244.6,2244.8,10,33,7
9:32:05,2244.8,2244.6,2244.8,5,31,8
9:32:06,2245,2244.8,2245,19,4,40
9:32:06,2245,2244.8,2245,8,15,35
9:32:07,2245,2244.8,2245,36,22,3
9:32:07,2245,2245,2245.2,45,4,64
9:32:08,2245,2245,2245.2,8,2,67
9:32:08,2245,2245,2245.2,28,3,67
9:32:09,2245.2,2245,2245.2,5,1,65
9:32:09,2245,2244.8,2245,3,22,1
9:32:10,2245,2244.8,2245,5,21,1
9:32:10,2245,2244.8,2245.2,12,20,50
9:32:11,2245,2244.8,2245,17,22,1
9:32:11,2245,2244.8,2245,2,22,2
9:32:12,2245,2244.8,2245,11,23,23
9:32:12,2245,2244.8,2245,7,22,18
9:32:13,2244.8,2244.8,2245,33,2,13
9:32:13,2244.8,2244.6,2244.8,21,51,17
9:32:14,2244.8,2244.6,2244.8,8,51,14
9:32:14,2244.6,2244.6,2244.8,12,49,12
9:32:15,2244.8,2244.8,2245,13,2,10
9:32:15,2244.6,2244.6,2245,8,37,11
9:32:16,2244.6,2244.8,2245,2,1,13
9:32:16,2244.6,2244.6,2244.8,14,35,1
9:32:17,2244.8,2244.6,2245,3,45,10
9:32:17,2244.6,2244.6,2245,21,14,10
9:32:18,2244.6,2244.6,2245,4,13,16
9:32:18,2245,2244.8,2245,11,1,14
9:32:19,2244.8,2244.8,2245.2,27,6,45
9:32:19,2245,2244.8,2245.2,3,22,45
9:32:20,2244.8,2244.6,2244.8,25,9,1
9:32:20,2244.6,2244.6,2244.8,14,5,1
9:32:21,2244.8,2244.8,2245,5,5,1
9:32:21,2245.2,2244.8,2245,10,9,2
9:32:22,2244.8,2244.8,2245,7,3,9
9:32:22,2244.8,2244.6,2245,6,8,9
9:32:23,2244.8,2244.8,2245,1,1,9
9:32:23,2244.6,2244.4,2244.6,22,42,2
9:32:24,2245,2244.6,2245,18,2,2
9:32:24,2245,2244.6,2244.8,1,10,12
9:32:25,2244.6,2244.6,2244.8,4,6,13
9:32:25,2244.6,2244.4,2244.8,14,39,5
9:32:26,2244.8,2244.6,2244.8,4,11,1
9:32:26,2244.8,2244.4,2244.6,42,29,9
9:32:27,2244.4,2244.4,2244.6,8,25,7
9:32:27,2244.6,2244.4,2244.6,8,22,22
9:32:28,2244.4,2244.4,2244.6,11,18,19
9:32:28,2244.4,2244.4,2244.6,4,24,18
9:32:29,2244.6,2244.4,2244.6,4,23,17
9:32:29,2244.4,2244.4,2244.6,3,20,17
9:32:30,2244.6,2244.6,2244.8,20,69,12
9:32:30,2244.6,2244.6,2244.8,11,68,9
9:32:31,2244.8,2244.8,2245,14,11,17
9:32:31,2244.8,2244.8,2245,28,3,17
9:32:32,2244.8,2244.8,2245,7,1,19
9:32:32,2244.8,2244.8,2245,2,1,19
9:32:33,2244.8,2244.6,2244.8,1,59,4
9:32:33,2244.6,2244.6,2244.8,14,55,4
9:32:34,2244.8,2244.6,2244.8,1,55,3
9:32:34,2245,2244.8,2245,6,1,20
9:32:35,2245,2244.8,2245,3,14,19
9:32:35,2245,2244.8,2245,5,12,23
9:32:36,2245,2244.8,2245,7,9,21
9:32:36,2244.8,2244.8,2245,2,7,22
9:32:37,2244.8,2244.6,2244.8,33,41,14
9:32:37,2244.6,2244.6,2244.8,9,36,11
9:32:38,2244.8,2244.8,2245,18,27,21
9:32:38,2245,2244.8,2245,10,19,23
9:32:39,2244.8,2244.8,2245,4,15,23
9:32:39,2245,2244.8,2245,18,7,14
9:32:40,2244.8,2244.6,2245,12,35,19
9:32:40,2244.8,2244.8,2245,1,8,40
9:32:41,2245,2244.8,2245,6,5,43
9:32:41,2244.8,2244.6,2245,11,37,41
9:32:42,2245,2244.6,2245,7,38,41
9:32:42,2245,2244.8,2245,2,2,39
9:32:43,2244.6,2244.6,2244.8,32,16,3
9:32:43,2244.6,2244.6,2245,37,17,25
9:32:45,2244.8,2244.6,2244.8,5,19,21
9:32:45,2244.8,2244.6,2244.8,15,16,13
9:32:46,2244.6,2244.6,2244.8,27,1,7
9:32:46,2244.8,2244.8,2245,12,3,27
9:32:47,2244.8,2244.6,2245,3,1,27
9:32:47,2245,2245,2245.2,32,16,52
9:32:48,2245,2245,2245.2,2,15,55
9:32:48,2245.2,2245,2245.2,13,3,54
9:32:49,2245,2244.8,2245.2,3,13,56
9:32:49,2245.2,2244.8,2245.2,3,12,58
9:32:50,2244.8,2244.8,2245,6,11,34
9:32:50,2244.8,2244.8,2245,1,10,41
9:32:51,2244.8,2244.8,2245,9,5,35
9:32:51,2244.8,2244.8,2245,7,4,32
9:32:52,2244.6,2244.6,2245,10,18,28
9:32:52,2245,2244.8,2245,6,1,25
9:32:53,2245,2244.8,2245,13,1,12
9:32:53,2245,2244.8,2245,6,4,8
9:32:54,2244.8,2244.8,2245,1,9,8
9:32:54,2244.8,2244.8,2245,3,9,6
9:32:55,2245,2244.8,2245,1,11,5
9:32:55,2245,2244.8,2245,2,19,3
9:32:56,2245,2244.8,2245,2,19,6
9:32:56,2244.8,2244.8,2245,29,5,4
9:32:57,2245,2244.8,2245,3,4,5
9:32:57,2245.2,2244.6,2245,20,33,1
9:32:58,2244.8,2244.6,2244.8,4,34,6
9:32:58,2245.2,2245,2245.2,25,1,46
9:32:59,2245.2,2244.8,2245.2,4,1,45
9:32:59,2244.8,2244.6,2244.8,3,20,1
9:33:00,2244.6,2244.6,2245,14,22,1
9:33:00,2244.4,2244.4,2244.6,69,22,10
9:33:01,2244.6,2244.2,2244.6,36,146,28
9:33:01,2244.6,2244.2,2244.6,36,129,33
9:33:02,2244.2,2244.2,2244.4,85,46,1
9:33:02,2244.2,2244.2,2244.4,25,41,1
9:33:03,2244.2,2244.2,2244.4,10,33,5
9:33:03,2244.6,2244.2,2244.6,17,23,26
9:33:04,2244.6,2244.6,2244.8,52,17,4
9:33:04,2244.6,2244.6,2244.8,34,7,1
9:33:05,2244.6,2244.4,2244.6,4,2,29
9:33:05,2244.4,2244.2,2244.4,27,5,6
9:33:06,2244.4,2244.2,2244.4,6,3,7
9:33:06,2244.4,2244.2,2244.6,24,20,19
9:33:07,2244.2,2244.4,2244.6,1,2,27
9:33:07,2244.6,2244.4,2244.6,50,13,24
9:33:08,2244.6,2244.4,2244.6,2,26,23
9:33:08,2244.4,2244.4,2244.6,3,26,23
9:33:09,2244.4,2244.4,2244.6,22,4,31
9:33:09,2244.2,2244,2244.2,19,149,5
9:33:10,2244.4,2244.4,2244.6,9,2,36
9:33:10,2244.4,2244.4,2244.6,3,2,37
9:33:11,2244.2,2244,2244.2,11,159,2
9:33:11,2244.4,2244.2,2244.4,12,17,33
9:33:12,2244.4,2244.2,2244.4,10,13,29
9:33:12,2244.4,2244.2,2244.4,16,18,24
9:33:13,2244.4,2244.2,2244.4,5,32,23
9:33:13,2244.4,2244.2,2244.4,9,51,21
9:33:14,2244.4,2244.2,2244.6,31,50,33
9:33:14,2244.4,2244.4,2244.6,6,1,30
9:33:15,2244.4,2244.2,2244.4,6,52,17
9:33:15,2244.4,2244.2,2244.4,8,51,22
9:33:16,2244.4,2244.2,2244.4,10,47,12
9:33:16,2244.4,2244.2,2244.4,8,44,11
9:33:17,2244.4,2244.2,2244.4,4,43,9
9:33:17,2244.4,2244.4,2244.6,18,21,18
9:33:18,2244.6,2244.4,2244.6,6,19,25
9:33:18,2244.4,2244.4,2244.6,14,11,24
9:33:19,2244.4,2244.4,2244.6,3,10,24
9:33:19,2244.4,2244.4,2244.6,10,4,21
9:33:20,2244.2,2244.2,2244.6,6,40,26
9:33:20,2244.6,2244.2,2244.6,8,70,18
9:33:21,2244.6,2244.6,2244.8,19,38,20
9:33:21,2244.8,2244.6,2244.8,6,38,16
9:33:22,2244.6,2244.6,2244.8,21,25,9
9:33:22,2244.6,2244.6,2244.8,8,39,4
9:33:23,2244.8,2244.6,2244.8,3,39,11
9:33:23,2244.8,2244.6,2244.8,7,43,16
9:33:24,2244.8,2244.6,2244.8,11,43,6
9:33:24,2244.6,2244.6,2245,8,43,20
9:33:25,2244.8,2244.8,2245,6,1,19
9:33:25,2244.8,2244.6,2244.8,6,41,2
9:33:26,2244.8,2244.6,2244.8,8,41,1
9:33:26,2244.8,2244.8,2245,22,1,9
9:33:27,2244.8,2244.6,2245,3,36,7
9:33:28,2245,2244.8,2245.2,17,3,43
9:33:28,2245,2245,2245.2,3,1,43
9:33:29,2245.2,2244.8,2245,4,48,10
9:33:29,2245,2244.8,2245,14,37,8
9:33:30,2245,2244.8,2245,6,36,6
9:33:30,2245,2244.8,2245,9,37,2
9:33:31,2245,2245,2245.2,3,3,40
9:33:32,2245.2,2245,2245.2,10,2,35
9:33:32,2245.2,2245,2245.2,12,6,30
9:33:33,2245,2245,2245.2,7,4,26
9:33:33,2245,2245,2245.2,6,2,43
9:33:34,2245.2,2245,2245.2,4,8,51
9:33:34,2245,2244.8,2245.2,9,47,51
9:33:35,2245,2244.8,2245,8,47,5
9:33:35,2245,2244.8,2245,8,52,3
9:33:36,2245,2245,2245.2,4,8,46
9:33:36,2244.8,2245,2245.2,10,7,46
9:33:37,2245,2244.8,2245,8,52,11
9:33:37,2245,2245,2245.2,17,29,43
9:33:38,2245,2245,2245.2,17,12,46
9:33:38,2245.2,2245,2245.2,7,11,42
9:33:39,2245,2244.8,2245,15,52,4
9:33:39,2245,2244.8,2245,12,52,8
9:33:40,2245,2245,2245.2,26,17,51
9:33:40,2245.2,2245,2245.2,4,18,49
9:33:41,2245,2245,2245.2,5,17,52
9:33:41,2245,2245,2245.2,3,30,50
9:33:42,2245.2,2245,2245.2,10,27,46
9:33:42,2245,2245,2245.2,15,25,34
9:33:43,2245.2,2245,2245.2,6,30,28
9:33:43,2245.2,2245,2245.2,18,16,26
9:33:44,2245.2,2245,2245.2,4,21,24
9:33:44,2245.2,2245,2245.2,16,11,18
9:33:45,2245.2,2245,2245.2,4,10,17
9:33:45,2245.2,2245,2245.2,1,10,16
9:33:46,2245,2245,2245.2,2,12,13
9:33:46,2245.2,2245,2245.2,2,25,17
9:33:47,2245,2245,2245.2,2,27,20
9:33:47,2245,2245,2245.2,2,27,30
9:33:48,2245,2245,2245.2,4,27,38
9:33:48,2245.2,2245,2245.2,4,24,37
9:33:49,2245,2245,2245.2,8,18,35
9:33:49,2245.2,2245,2245.2,6,17,31
9:33:50,2245,2245,2245.2,1,16,31
9:33:50,2245,2245,2245.2,9,8,31
9:33:51,2245,2245,2245.2,13,3,26
9:33:51,2245.2,2245,2245.2,10,6,17
9:33:52,2245.2,2245,2245.2,11,6,8
9:33:52,2245,2245,2245.2,4,5,9
9:33:53,2245,2244.8,2245.2,8,64,7
9:33:54,2245,2245,2245.2,5,2,9
9:33:54,2245.2,2245,2245.2,3,11,9
9:33:55,2245,2245,2245.2,3,12,8
9:33:55,2245,2245,2245.2,2,11,7
9:33:56,2245.2,2245,2245.2,4,22,8
9:33:56,2245.2,2245,2245.2,21,7,22
9:33:57,2245.2,2245,2245.2,1,13,27
9:33:57,2245.2,2245,2245.2,22,4,15
9:33:58,2245.2,2245,2245.2,12,2,9
9:33:58,2245,2244.8,2245,7,62,2
9:33:59,2245,2245,2245.2,9,26,9
9:33:59,2245.2,2245,2245.2,3,29,6
9:34:00,2245,2245,2245.2,1,28,22
9:34:00,2244.8,2244.8,2245,44,57,18
9:34:01,2245,2245,2245.2,66,3,42
9:34:01,2245,2244.8,2245,8,28,12
9:34:02,2245,2244.8,2245,7,24,12
9:34:02,2244.8,2244.8,2245.2,35,23,29
9:34:03,2245.2,2245,2245.2,6,1,35
9:34:03,2245.2,2245,2245.2,8,1,35
9:34:04,2245.2,2244.8,2245,6,21,37
9:34:04,2244.8,2244.8,2245,17,10,37
9:34:05,2244.6,2244.8,2245,13,1,36
9:34:05,2245,2244.6,2245,16,76,23
9:34:06,2244.6,2244.6,2244.8,3,75,18
9:34:06,2244.6,2244.6,2244.8,4,71,20
9:34:07,2244.6,2244.6,2244.8,4,71,19
9:34:07,2244.8,2244.6,2244.8,8,71,11
9:34:08,2244.8,2244.6,2244.8,1,72,11
9:34:08,2244.6,2244.6,2244.8,4,70,12
9:34:09,2244.8,2244.6,2244.8,23,50,9
9:34:09,2244.8,2244.8,2245,9,4,38
9:34:10,2245,2244.6,2244.8,6,49,1
9:34:10,2245,2244.8,2245,4,5,36
9:34:11,2245,2244.8,2245,2,9,43
9:34:11,2245,2244.6,2245,39,52,19
9:34:12,2244.6,2244.8,2245,8,20,18
9:34:12,2245,2244.8,2245,1,21,19
9:34:13,2244.8,2245,2245.2,26,1,46
9:34:13,2244.8,2245,2245.2,9,1,56
9:34:14,2245,2245,2245.2,1,8,56
9:34:14,2245,2245,2245.2,5,3,56
9:34:15,2245,2244.8,2245,6,14,5
9:34:15,2244.8,2244.8,2245.2,27,13,37
9:34:16,2245.2,2245,2245.2,14,10,32
9:34:17,2245,2245,2245.2,38,2,6
9:34:17,2245.2,2245,2245.2,4,13,4
9:34:18,2245.2,2245.2,2245.4,7,12,58
9:34:18,2245.4,2245,2245.4,36,5,47
9:34:19,2245.4,2245,2245.4,2,7,44
9:34:19,2245.2,2245,2245.2,8,8,1
9:34:20,2245.4,2245.2,2245.4,6,22,37
9:34:21,2245.4,2245.2,2245.4,5,21,46
9:34:21,2245.4,2245.2,2245.4,8,21,40
9:34:22,2245.4,2245.2,2245.4,39,19,6
9:34:22,2245.4,2245.4,2245.6,11,64,109
9:34:23,2245.6,2245.4,2245.6,54,70,58
9:34:24,2245.6,2245.6,2245.8,65,31,48
9:34:24,2245.8,2245.6,2245.8,9,67,39
9:34:25,2245.8,2245.6,2245.8,21,66,21
9:34:25,2245.8,2245.6,2245.8,12,66,11
9:34:26,2245.8,2245.8,2246,69,4,39
9:34:26,2246,2245.8,2246,19,45,22
9:34:27,2246,2245.8,2246,12,41,14
9:34:27,2246,2246,2246.2,15,4,14
9:34:28,2246,2245.8,2246,14,41,12
9:34:28,2245.8,2246,2246.2,23,3,18
9:34:29,2246,2246,2246.2,15,14,35
9:34:29,2246,2246,2246.2,7,19,40
9:34:30,2245.8,2245.8,2246,23,37,32
9:34:30,2246,2245.8,2246,17,30,46
9:34:31,2246,2245.8,2246,46,8,71
9:34:31,2245.8,2245.6,2245.8,10,14,23
9:34:32,2245.8,2245.6,2245.8,5,12,23
9:34:32,2245.6,2245.6,2245.8,14,9,22
9:34:33,2245.6,2245.6,2245.8,14,3,14
9:34:33,2245.8,2245.6,2245.8,5,7,11
9:34:34,2245.6,2245.6,2245.8,6,4,8
9:34:34,2245.6,2245.4,2245.6,16,73,11
9:34:35,2245.6,2245.4,2245.6,10,71,2
9:34:35,2245.6,2245.6,2245.8,8,2,46
9:34:36,2245.6,2245.6,2245.8,5,9,44
9:34:36,2245.6,2245.6,2245.8,7,11,41
9:34:37,2245.6,2245.6,2245.8,9,9,35
9:34:37,2245.6,2245.4,2245.6,13,67,34
9:34:38,2245.4,2245.4,2245.6,2,67,33
9:34:38,2245.6,2245.4,2245.6,1,65,34
9:34:39,2245.4,2245.4,2245.6,4,61,34
9:34:39,2245.6,2245.4,2245.6,2,61,34
9:34:40,2245.4,2245.4,2245.6,9,55,34
9:34:40,2245.6,2245.4,2245.6,5,54,31
9:34:41,2245.6,2245.4,2245.6,2,58,31
9:34:41,2245.4,2245.4,2245.6,9,59,25
9:34:42,2245.4,2245.4,2245.6,4,63,23
9:34:42,2245.6,2245.4,2245.6,4,72,21
9:34:43,2245.4,2245.4,2245.6,12,63,21
9:34:43,2245.6,2245.4,2245.6,7,64,14
9:34:44,2245.6,2245.4,2245.6,14,67,3
9:34:44,2245.6,2245.6,2245.8,5,1,60
9:34:45,2245.6,2245.6,2245.8,4,24,61
9:34:46,2245.6,2245.6,2245.8,5,22,58
9:34:46,2245.8,2245.6,2245.8,4,22,55
9:34:47,2245.6,2245.6,2245.8,14,22,45
9:34:47,2245.8,2245.6,2245.8,21,22,26
9:34:48,2245.6,2245.6,2245.8,4,19,26
9:34:48,2245.8,2245.6,2245.8,8,24,19
9:34:49,2245.6,2245.6,2245.8,15,21,17
9:34:49,2245.8,2245.6,2245.8,6,21,14
9:34:50,2245.8,2245.6,2245.8,6,23,9
9:34:50,2245.6,2245.4,2245.6,35,59,8
9:34:51,2245.4,2245.4,2245.8,11,58,8
9:34:51,2245.8,2245.6,2245.8,13,82,2
9:34:52,2245.6,2245.6,2245.8,31,56,4
9:34:52,2245.6,2245.6,2245.8,2,56,11
9:34:53,2245.8,2245.6,2245.8,4,56,7
9:34:53,2245.6,2245.6,2245.8,11,47,11
9:34:54,2245.8,2245.6,2245.8,2,47,10
9:34:54,2245.8,2245.8,2246,15,19,112
9:34:55,2245.6,2245.6,2245.8,24,42,1
9:34:55,2245.8,2245.8,2246,3,1,112
9:34:56,2245.6,2245.6,2245.8,10,37,14
9:34:56,2245.8,2245.6,2245.8,2,42,12
9:34:57,2245.8,2245.6,2245.8,46,1,13
9:34:57,2245.8,2245.6,2245.8,3,12,11
9:34:58,2245.6,2245.6,2245.8,10,7,8
9:34:58,2245.6,2245.4,2245.6,11,64,15
9:34:59,2245.6,2245.4,2245.6,13,67,24
9:34:59,2245.6,2245.4,2245.6,8,65,20
9:35:00,2245.6,2245.4,2245.6,1,65,22
9:35:00,2245.4,2245.4,2245.6,26,43,21
9:35:01,2245.4,2245.4,2245.8,49,29,9
9:35:01,2245.4,2245.4,2245.6,3,26,2
9:35:02,2245.4,2245.2,2245.4,33,58,7
9:35:02,2245.6,2245.4,2245.8,36,8,17
9:35:03,2245.4,2245.2,2245.4,14,27,2
9:35:04,2245.2,2245.2,2245.4,22,18,1
9:35:04,2245,2245,2245.2,33,49,13
9:35:05,2245,2245,2245.2,17,43,11
9:35:05,2245,2245,2245.2,10,37,13
9:35:06,2245.2,2245,2245.2,4,37,11
9:35:06,2245,2245,2245.2,36,4,8
9:35:07,2245,2244.8,2245.2,8,28,8
9:35:07,2245,2244.8,2245,1,27,9
9:35:08,2245,2245,2245.2,11,7,10
9:35:08,2245,2245,2245.2,1,28,10
9:35:09,2245,2245,2245.2,2,30,9
9:35:09,2245,2245,2245.2,12,28,6
9:35:10,2245,2245,2245.2,1,27,6
9:35:10,2245.2,2245.2,2245.4,7,6,5
9:35:11,2245.4,2245.4,2245.6,8,2,41
9:35:11,2245.4,2245.4,2245.6,8,74,35
9:35:12,2245.6,2245.4,2245.6,60,25,22
9:35:12,2245.6,2245.4,2245.6,3,25,20
9:35:13,2245.6,2245.4,2245.6,6,24,15
9:35:13,2245.6,2245.4,2245.6,4,22,14
9:35:14,2245.4,2245.4,2245.6,19,4,21
9:35:14,2245.6,2245.4,2245.6,2,4,19
9:35:15,2245.2,2245,2245.2,18,37,7
9:35:16,2245.2,2245,2245.2,2,39,5
9:35:16,2245.2,2245,2245.2,3,52,2
9:35:17,2245.4,2245.2,2245.4,4,3,22
9:35:17,2245.4,2245.2,2245.4,5,19,18
9:35:18,2245.4,2245.2,2245.4,3,19,16
9:35:18,2245.4,2245.2,2245.4,2,19,15
9:35:19,2245.4,2245,2245.4,22,53,13
9:35:19,2245.4,2245.2,2245.4,4,1,9
9:35:20,2245.6,2245.2,2245.6,30,2,28
9:35:20,2245,2245,2245.2,34,8,7
9:35:21,2245,2245,2245.2,7,7,1
9:35:21,2245.2,2245,2245.6,22,1,33
9:35:22,2245.4,2245,2245.6,3,11,36
9:35:22,2245.6,2245,2245.4,2,9,3
9:35:23,2245.4,2245.2,2245.4,5,1,14
9:35:23,2245.2,2245.2,2245.4,4,1,39
9:35:24,2245.4,2245,2245.4,11,18,40
9:35:24,2245.2,2245,2245.2,4,23,13
9:35:25,2245,2245,2245.2,4,24,10
9:35:25,2245.2,2245,2245.2,1,27,11
9:35:26,2245,2244.8,2245.2,58,7,8
9:35:26,2244.8,2244.6,2244.8,14,61,21
9:35:27,2244.8,2244.6,2244.8,3,61,19
9:35:27,2244.8,2244.6,2244.8,12,58,12
9:35:28,2244.6,2244.6,2244.8,21,38,12
9:35:28,2244.8,2244.6,2244.8,33,42,4
9:35:29,2244.6,2244.6,2244.8,2,32,3
9:35:29,2244.8,2244.8,2245,4,4,2
9:35:30,2244.6,2244.8,2245,11,3,2
9:35:30,2244.8,2244.6,2244.8,6,26,22
9:35:31,2244.6,2244.6,2244.8,1,24,24
9:35:31,2244.8,2244.6,2244.8,2,23,23
9:35:32,2244.6,2244.4,2244.6,28,47,23
9:35:32,2244.6,2244.4,2244.6,9,42,19
9:35:33,2244.4,2244.4,2244.6,4,39,26
9:35:33,2244.4,2244.4,2244.6,19,26,31
9:35:34,2244.4,2244.2,2244.4,31,83,1
9:35:34,2244.2,2244.2,2244.4,17,67,9
9:35:35,2244.6,2244.4,2244.6,16,3,20
9:35:35,2244.2,2244.2,2244.6,13,58,19
9:35:36,2244.2,2244.2,2244.4,28,43,20
9:35:36,2244.2,2244.2,2244.4,14,33,17
9:35:37,2244.2,2244.2,2244.4,27,11,12
9:35:37,2244,2244,2244.2,25,139,14
9:35:38,2244.2,2244.2,2244.4,82,8,9
9:35:38,2244.2,2244.2,2244.4,40,1,7
9:35:39,2244,2244,2244.2,50,46,7
9:35:39,2244,2244,2244.2,12,39,6
9:35:40,2244,2244,2244.2,52,1,3
9:35:40,2243.8,2243.8,2244,22,20,17
9:35:41,2243.8,2243.6,2243.8,48,87,28
9:35:41,2244,2243.6,2244,54,72,12
9:35:42,2244,2243.8,2244,44,2,5
9:35:42,2244,2244,2244.2,22,5,21
9:35:43,2244.2,2243.8,2244.2,76,42,8
9:35:43,2243.8,2243.8,2244,27,34,2
9:35:44,2244,2244,2244.2,23,5,8
9:35:44,2244.2,2243.8,2244,13,41,1
9:35:45,2243.8,2243.8,2244,18,32,1
9:35:45,2244,2244,2244.2,15,2,7
9:35:46,2243.8,2243.8,2244,7,40,16
9:35:46,2244.2,2244.2,2244.4,52,3,7
9:35:47,2244.4,2243.8,2244.4,17,28,6
9:35:47,2244,2243.8,2244.2,31,8,3
9:35:48,2244,2244,2244.2,17,4,10
9:35:48,2244,2243.8,2244,13,24,7
9:35:49,2244,2243.8,2244,45,9,5
9:35:49,2243.8,2243.8,2244,6,7,12
9:35:50,2243.8,2243.6,2243.8,24,55,1
9:35:50,2244,2243.6,2244,11,66,8
9:35:51,2243.6,2243.6,2244,40,30,8
9:35:51,2243.6,2243.4,2243.6,66,91,12
9:35:52,2243.6,2243.4,2243.6,41,58,6
9:35:52,2243.6,2243.4,2243.6,18,45,10
9:35:53,2243.4,2243.4,2243.6,36,18,4
9:35:53,2243.2,2243.2,2243.6,57,23,7
9:35:54,2243.2,2243,2243.2,60,46,21
9:35:54,2243,2243,2243.2,29,34,23
9:35:55,2242.8,2242.8,2243,52,4,15
9:35:55,2242.8,2242.6,2242.8,67,33,4
9:35:56,2243.6,2243,2243.6,53,36,22
9:35:56,2243.6,2243.6,2243.8,51,7,2
9:35:57,2243.8,2243.6,2243.8,29,4,12
9:35:57,2243.6,2243.4,2243.6,14,4,4
9:35:58,2243.4,2243.4,2243.6,16,7,14
9:35:58,2243.6,2243.4,2243.6,20,2,3
9:35:59,2243.8,2243.4,2243.8,13,1,15
9:35:59,2243.4,2243.4,2243.6,9,34,6
9:36:00,2243.8,2243.6,2243.8,24,2,4
9:36:00,2243.6,2243.6,2243.8,80,5,4
9:36:01,2243.4,2243.4,2243.6,60,6,1
9:36:01,2244.4,2243.6,2244.4,47,52,15
9:36:02,2243.8,2243.8,2244.2,31,21,11
9:36:02,2243.8,2243.6,2244,25,55,6
9:36:03,2244,2243.6,2244,7,53,4
9:36:03,2243.8,2243.8,2244,8,40,12
9:36:04,2244.2,2244,2244.2,45,20,1
9:36:04,2243.8,2243.8,2244.2,36,33,1
9:36:05,2243.6,2243.6,2243.8,61,24,6
9:36:05,2244,2244,2244.2,19,49,1
9:36:06,2244.2,2244.2,2244.4,13,38,11
9:36:06,2244.2,2244.2,2244.4,19,29,10
9:36:07,2244.2,2244.2,2244.4,5,28,14
9:36:07,2244.2,2244,2244.2,33,40,58
9:36:08,2244.2,2244,2244.2,11,40,48
9:36:08,2244,2243.8,2244,41,16,2
9:36:09,2244.2,2244,2244.4,55,2,14
9:36:09,2244.2,2243.6,2244.2,11,53,15
9:36:10,2244.2,2244,2244.2,12,1,14
9:36:10,2244.2,2244,2244.2,8,1,6
9:36:11,2244.2,2244.2,2244.4,18,19,6
9:36:11,2244.2,2244.2,2244.4,13,8,8
9:36:12,2244.4,2244.2,2244.4,10,4,2
9:36:12,2244.4,2244.4,2244.6,12,3,22
9:36:13,2244.8,2244.6,2244.8,39,2,2
9:36:13,2244.8,2244.6,2245,13,11,27
9:36:14,2245,2244.8,2245,6,14,24
9:36:14,2244.8,2244.6,2244.8,19,11,8
9:36:15,2244.8,2244.8,2245.2,49,9,11
9:36:15,2244.8,2245,2245.2,3,1,12
9:36:16,2245,2244.8,2245,7,6,1
9:36:16,2245.2,2244.8,2245,3,7,6
9:36:17,2245.2,2245,2245.2,9,22,32
9:36:17,2245.2,2245,2245.2,21,9,27
9:36:18,2245.2,2244.8,2245.2,36,7,5
9:36:18,2244.8,2244.8,2245,24,51,5
9:36:19,2245.2,2245,2245.2,7,5,4
9:36:19,2245,2245,2245.2,9,2,14
9:36:20,2245,2245,2245.2,1,5,16
9:36:20,2244.8,2244.8,2245.2,16,44,16
9:36:21,2245.2,2244.8,2245.2,4,44,14
9:36:21,2244.8,2244.8,2245.2,43,6,10
9:36:22,2245.2,2244.8,2245.2,2,6,18
9:36:22,2245.2,2244.8,2245,20,6,14
9:36:23,2244.8,2244.8,2245,7,15,16
9:36:23,2245,2244.8,2245,4,21,13
9:36:24,2244.8,2244.8,2245,4,20,10
9:36:24,2245,2244.8,2245,4,21,6
9:36:25,2245,2244.8,2245,3,21,4
9:36:25,2244.8,2244.8,2245,11,10,15
9:36:26,2245,2244.8,2245,8,5,13
9:36:26,2244.8,2244.6,2245,6,5,13
9:36:27,2244.6,2244.6,2244.8,2,4,4
9:36:27,2244.6,2244.6,2244.8,5,1,3
9:36:28,2244.6,2244.4,2244.6,4,5,2
9:36:28,2244.8,2244.8,2245,23,28,16
9:36:29,2245,2244.8,2245,43,5,33
9:36:29,2244.6,2244.4,2244.8,7,6,49
9:36:30,2244.6,2244.4,2244.6,2,10,29
9:36:30,2244.6,2244.4,2244.6,16,8,22
9:36:31,2244.6,2244.4,2244.6,18,10,18
9:36:31,2244.6,2244.4,2244.6,4,12,15
9:36:32,2244.6,2244.4,2244.6,3,12,14
9:36:32,2244.4,2244.4,2244.6,2,17,13
9:36:33,2244.6,2244.4,2244.6,3,18,12
9:36:33,2244.6,2244.4,2244.6,1,39,11
9:36:34,2244.6,2244.6,2244.8,11,6,45
9:36:34,2244.6,2244.6,2244.8,1,8,24
9:36:35,2244.8,2244.6,2244.8,2,23,25
9:36:35,2244.8,2244.6,2244.8,3,22,14
9:36:36,2244.8,2244.6,2244.8,6,37,12
9:36:36,2244.8,2244.6,2244.8,12,34,4
9:36:37,2244.8,2244.8,2245,5,19,42
9:36:37,2245,2244.8,2245,1,23,42
9:36:39,2244.8,2244.8,2245,7,23,40
9:36:39,2244.8,2244.8,2245,15,9,39
9:36:40,2244.8,2244.8,2245,4,5,49
9:36:40,2245,2244.8,2245,9,3,42
9:36:41,2244.8,2244.6,2244.8,7,19,18
9:36:41,2244.6,2244.6,2244.8,2,19,42
9:36:42,2244.6,2244.6,2244.8,3,22,43
9:36:42,2244.6,2244.6,2244.8,21,4,43
9:36:43,2244.6,2244.4,2244.6,8,14,4
9:36:44,2244.4,2244.4,2244.6,1,16,3
9:36:44,2244.6,2244.4,2244.6,3,17,2
9:36:45,2244.4,2244.4,2244.8,18,5,43
9:36:45,2244.8,2244.4,2244.8,4,7,41
9:36:46,2244.8,2244.4,2244.8,13,12,30
9:36:46,2244.8,2244.4,2244.8,10,26,35
9:36:47,2244.4,2244.4,2244.8,3,25,36
9:36:47,2244.4,2244.4,2244.6,17,12,1
9:36:48,2244.4,2244.4,2244.8,6,10,34
9:36:48,2244.4,2244.4,2244.8,3,13,35
9:36:49,2244.4,2244.4,2244.6,6,7,3
9:36:49,2244.4,2244.4,2244.6,3,6,2
9:36:50,2244.6,2244.4,2244.6,3,8,2
9:36:50,2244.4,2244.4,2244.6,3,8,6
9:36:51,2244.4,2244.4,2244.6,3,6,7
9:36:51,2244.4,2244.4,2244.6,14,3,3
9:36:52,2244.4,2244.2,2244.4,26,50,4
9:36:52,2244.4,2244.2,2244.4,3,50,1
9:36:53,2244.4,2244.2,2244.4,1,50,1
9:36:54,2244.2,2244.2,2244.6,6,47,3
9:36:55,2244.4,2244.4,2244.6,1,2,6
9:36:55,2244.4,2244.4,2244.6,2,29,9
9:36:56,2244.4,2244.4,2244.6,2,31,4
9:36:56,2244.4,2244.4,2244.6,11,20,5
9:36:57,2244.6,2244.4,2244.6,9,21,4
9:36:57,2244.4,2244.4,2244.6,2,19,10
9:36:58,2244.6,2244.4,2244.6,1,19,9
9:36:58,2244.6,2244.4,2244.6,4,17,8
9:37:00,2244.4,2244.4,2244.6,4,17,12
9:37:00,2244.4,2244.2,2244.6,27,15,12
9:37:01,2244.2,2244.2,2244.6,12,6,13
9:37:01,2244.6,2244.2,2244.4,5,3,3
9:37:02,2244.6,2244.2,2244.6,45,27,1
9:37:02,2244.6,2244.2,2244.6,13,24,4
9:37:03,2244.2,2244.2,2244.6,2,26,1
9:37:03,2244.2,2244.2,2244.6,7,22,1
9:37:04,2244.2,2244.2,2244.6,13,9,1
9:37:04,2244.2,2244.2,2244.6,1,8,3
9:37:05,2244.6,2244.2,2244.6,24,5,3
9:37:05,2244.2,2244.2,2244.6,3,4,2
9:37:06,2244.2,2244.2,2244.4,2,4,29
9:37:06,2244.2,2244,2244.2,4,1,6
9:37:07,2244,2243.8,2244,1,10,7
9:37:07,2244,2244,2244.2,18,4,5
9:37:08,2244,2244,2244.2,2,12,5
9:37:08,2244,2244,2244.2,8,5,3
9:37:09,2244,2244,2244.4,5,1,29
9:37:09,2244,2243.8,2244,2,5,29
9:37:10,2243.8,2243.6,2244,8,36,27
9:37:10,2243.8,2243.6,2243.8,3,35,3
9:37:11,2243.8,2243.8,2244,10,19,31
9:37:11,2243.8,2243.8,2244,1,19,31
9:37:12,2243.8,2243.8,2244,9,10,31
9:37:12,2244,2243.8,2244,22,14,9
9:37:13,2244,2244,2244.2,11,32,2
9:37:13,2244.2,2244.2,2244.4,10,23,31
9:37:14,2244.2,2244,2244.2,29,34,3
9:37:14,2244,2244,2244.2,17,21,23
9:37:15,2244.2,2244,2244.2,2,22,22
9:37:15,2244,2244,2244.2,3,17,22
9:37:16,2244.2,2244,2244.2,2,17,22
9:37:16,2244,2243.8,2244,18,31,1
9:37:17,2244.2,2243.8,2244.2,2,31,22
9:37:17,2244,2243.8,2244,28,19,7
9:37:18,2244,2243.8,2244,1,33,8
9:37:18,2244,2244,2244.2,14,32,27
9:37:19,2244,2244,2244.2,2,31,27
9:37:19,2244,2244,2244.2,4,30,26
9:37:20,2244,2244,2244.2,3,31,25
9:37:20,2244.2,2244,2244.2,8,28,24
9:37:21,2244.2,2244,2244.2,11,26,13
9:37:21,2244,2244,2244.2,2,25,10
9:37:22,2244.2,2244,2244.2,13,16,6
9:37:22,2244.2,2244,2244.2,5,14,4
9:37:23,2244.2,2244,2244.2,1,16,4
9:37:23,2244,2244,2244.2,4,13,3
9:37:24,2244,2244,2244.2,10,3,3
9:37:24,2244.2,2244.2,2244.4,8,6,31
9:37:25,2244.2,2244.2,2244.4,3,5,29
9:37:25,2244.2,2244.2,2244.4,4,2,26
9:37:26,2244,2244,2244.4,6,5,25
9:37:27,2244.4,2244,2244.2,6,8,1
9:37:27,2244,2244,2244.2,9,15,4
9:37:28,2244.2,2244,2244.2,3,19,9
9:37:28,2244,2244,2244.2,6,17,5
9:37:29,2244.2,2244.2,2244.4,11,1,19
9:37:29,2244.2,2244,2244.4,7,15,27
9:37:31,2244,2244,2244.2,1,17,6
9:37:31,2244.2,2244,2244.2,3,17,4
9:37:32,2244.2,2244,2244.2,8,10,4
9:37:32,2244,2244,2244.2,9,14,5
9:37:33,2244.2,2244,2244.2,3,13,3
9:37:33,2244,2244,2244.2,1,14,3
9:37:34,2244,2244,2244.2,7,9,2
9:37:34,2244.2,2244,2244.2,13,3,4
9:37:35,2243.8,2243.8,2244,26,30,1
9:37:35,2244,2243.8,2244,3,28,1
9:37:36,2243.8,2243.8,2244,6,29,1
9:37:37,2244,2244,2244.2,13,36,6
9:37:37,2244,2244,2244.2,1,85,7
9:37:38,2244,2244,2244.2,6,85,4
9:37:38,2244,2244.2,2244.4,15,12,31
9:37:39,2244.2,2244,2244.4,15,78,28
9:37:40,2244.2,2244.2,2244.4,1,3,31
9:37:40,2244.2,2244,2244.2,5,85,2
9:37:41,2244,2244,2244.2,3,85,13
9:37:42,2244,2244,2244.2,10,75,16
9:37:42,2244.2,2244,2244.2,2,75,19
9:37:43,2244,2244,2244.2,13,61,19
9:37:43,2244.2,2244,2244.2,2,62,17
9:37:44,2244.2,2244,2244.2,29,36,20
9:37:44,2244,2244,2244.2,4,33,25
9:37:45,2244,2244,2244.2,25,9,24
9:37:45,2244,2244,2244.2,10,1,27
9:37:46,2243.8,2243.8,2244,3,25,10
9:37:47,2243.8,2243.8,2244,3,23,26
9:37:47,2244,2243.8,2244,11,18,21
9:37:48,2243.8,2243.8,2244,2,16,24
9:37:49,2243.8,2243.8,2244,6,12,25
9:37:49,2243.8,2243.8,2244,13,14,25
9:37:50,2243.8,2243.8,2244,6,11,23
9:37:51,2243.8,2243.8,2244,5,18,25
9:37:51,2243.8,2243.8,2244,6,14,25
9:37:52,2244,2243.8,2244,3,28,23
9:37:52,2243.8,2243.8,2244,3,28,22
9:37:53,2244,2244,2244.2,23,14,22
9:37:53,2244.2,2244,2244.2,4,38,19
9:37:54,2244,2244,2244.2,4,42,17
9:37:54,2244.2,2244.2,2244.4,19,11,33
9:37:55,2244.4,2244.2,2244.4,25,10,9
9:37:55,2244.2,2244.2,2244.4,6,8,9
9:37:56,2244.4,2244.2,2244.4,11,12,1
9:37:56,2244.6,2244.2,2244.6,2,12,19
9:37:57,2244.2,2244.2,2244.6,4,12,18
9:37:57,2244.6,2244.4,2244.6,10,1,10
9:37:58,2244.2,2244.2,2244.4,3,12,1
9:37:58,2244.2,2244.4,2244.6,2,1,11
9:37:59,2244.6,2244.4,2244.6,1,1,10
9:37:59,2244.4,2244.2,2244.4,1,13,21
9:38:00,2244.2,2244.2,2244.4,2,13,20
9:38:00,2244.2,2244.2,2244.4,5,8,20
9:38:01,2244.2,2244.2,2244.4,2,6,22
9:38:01,2244.2,2244.2,2244.4,1,7,24
9:38:02,2244.4,2244.2,2244.4,13,7,12
9:38:02,2244.2,2244.2,2244.4,1,8,12
9:38:03,2244.2,2244,2244.2,8,45,25
9:38:03,2244.2,2244,2244.2,8,40,21
9:38:04,2244.2,2244,2244.2,3,43,19
9:38:04,2244.2,2244,2244.2,26,39,1
9:38:05,2244.2,2244.2,2244.4,11,6,14
9:38:05,2244.4,2244.2,2244.4,1,10,13
9:38:06,2244.4,2244.2,2244.4,2,11,14
9:38:06,2244.2,2244.2,2244.4,6,11,11
9:38:07,2244.4,2244.2,2244.4,5,18,7
9:38:08,2244.4,2244.4,2244.6,16,12,9
9:38:08,2244.4,2244.4,2244.8,17,6,10
9:38:09,2244.8,2244.4,2244.8,3,4,12
9:38:09,2244.4,2244.4,2244.8,1,4,12
9:38:10,2245,2244.6,2245,15,2,45
9:38:10,2245,2244.8,2245,3,2,44
9:38:11,2244.8,2244.6,2244.8,8,2,2
9:38:11,2245,2244.6,2244.8,9,5,1
9:38:12,2244.8,2244.6,2244.8,14,5,17
9:38:12,2244.8,2244.6,2244.8,2,5,16
9:38:13,2244.8,2244.6,2244.8,11,1,14
9:38:13,2244.8,2244.6,2244.8,5,2,11
9:38:14,2244.6,2244.4,2244.8,2,8,11
9:38:14,2244.8,2244.4,2244.8,5,11,6
9:38:15,2244.8,2244.4,2244.8,2,11,5
9:38:15,2245,2244.6,2244.8,7,2,1
9:38:16,2244.8,2244.8,2245,8,11,26
9:38:16,2244.4,2244.4,2244.6,29,11,2
9:38:17,2244.6,2244.8,2245,15,1,27
9:38:17,2244.6,2244.6,2244.8,5,30,10
9:38:18,2244.6,2244.6,2244.8,3,28,8
9:38:18,2244.8,2244.6,2244.8,7,27,1
9:38:19,2244.8,2244.6,2244.8,5,26,7
9:38:19,2244.6,2244.6,2244.8,6,25,2
9:38:20,2244.8,2244.6,2244.8,1,26,12
9:38:20,2244.8,2244.6,2244.8,8,21,10
9:38:21,2244.6,2244.6,2244.8,10,12,10
9:38:21,2244.8,2244.6,2244.8,1,12,12
9:38:22,2244.8,2244.6,2244.8,5,12,14
9:38:22,2244.8,2244.6,2244.8,4,12,13
9:38:23,2244.6,2244.6,2244.8,8,4,14
9:38:23,2244.8,2244.6,2244.8,7,2,12
9:38:24,2244.8,2244.4,2244.6,3,46,1
9:38:24,2244.6,2244.6,2244.8,3,1,12
9:38:25,2244.8,2244.6,2244.8,1,1,13
9:38:26,2244.6,2244.6,2244.8,3,8,15
9:38:26,2244.8,2244.6,2244.8,2,8,14
9:38:27,2244.6,2244.6,2244.8,1,7,10
9:38:28,2244.8,2244.6,2244.8,4,6,10
9:38:28,2244.8,2244.6,2244.8,2,7,8
9:38:29,2244.6,2244.4,2244.6,9,48,4
9:38:29,2244.4,2244.4,2244.6,30,18,4
9:38:30,2244.6,2244.4,2244.8,6,16,8
9:38:31,2244.6,2244.4,2244.8,13,9,13
9:38:31,2244.8,2244.4,2244.8,2,9,12
9:38:32,2244.8,2244.4,2244.6,1,10,5
9:38:32,2244.4,2244.4,2244.6,3,7,5
9:38:33,2244.4,2244.4,2244.6,4,3,6
9:38:33,2244.6,2244.4,2244.6,5,4,4
9:38:34,2244.6,2244.4,2244.6,3,8,2
9:38:34,2244.8,2244.6,2244.8,4,4,14
9:38:35,2244.8,2244.6,2244.8,3,6,15
9:38:35,2244.8,2244.6,2244.8,2,5,13
9:38:36,2244.6,2244.6,2244.8,3,3,12
9:38:37,2244.8,2244.6,2244.8,5,6,8
9:38:37,2244.8,2244.6,2244.8,2,9,7
9:38:38,2244.8,2244.6,2244.8,1,11,16
9:38:39,2244.8,2244.6,2244.8,2,12,14
9:38:40,2244.8,2244.6,2244.8,3,15,12
9:38:41,2244.8,2244.6,2245,15,19,34
9:38:41,2245,2244.8,2245,4,9,33
9:38:42,2245,2244.8,2245,2,14,31
9:38:43,2245,2244.8,2245,1,27,31
9:38:43,2245,2244.8,2245,1,29,31
9:38:44,2245,2244.8,2245,3,31,28
9:38:44,2245,2244.8,2245,17,31,11
9:38:45,2245,2245,2245.2,13,4,45
9:38:45,2245,2245,2245.2,3,8,47
9:38:46,2245.2,2245,2245.2,6,15,41
9:38:46,2245.2,2245,2245.2,3,15,40
9:38:47,2245.2,2245,2245.2,6,20,34
9:38:47,2245,2244.8,2245,23,22,20
9:38:48,2245,2244.8,2245,6,24,18
9:38:48,2245,2244.8,2245,6,23,14
9:38:49,2245,2244.8,2245,5,22,12
9:38:49,2245,2244.8,2245,2,23,20
9:38:50,2245,2244.8,2245,4,24,23
9:38:51,2245,2244.8,2245,4,27,27
9:38:51,2245,2244.8,2245,22,26,6
9:38:52,2245,2244.8,2245,2,26,5
9:38:52,2245,2245,2245.2,6,4,48
9:38:53,2245,2245,2245.2,1,10,57
9:38:53,2245,2245,2245.2,1,12,59
9:38:54,2245,2245,2245.2,1,12,60
9:38:54,2245.2,2245,2245.2,1,13,61
9:38:55,2245,2245,2245.2,5,14,59
9:38:55,2245,2245,2245.2,4,12,62
9:38:56,2245.2,2245,2245.2,11,12,51
9:38:57,2245.2,2245,2245.2,5,13,51
9:38:57,2245,2245,2245.2,3,10,54
9:38:58,2245.2,2245,2245.2,10,10,45
9:38:58,2245,2245,2245.2,11,3,45
9:38:59,2245,2245,2245.2,2,4,45
9:39:00,2245.2,2245,2245.2,1,5,47
9:39:00,2245.2,2244.8,2245.2,10,33,43
9:39:01,2244.8,2244.8,2245.2,16,19,45
9:39:01,2245.2,2244.8,2245,5,20,1
9:39:02,2245,2245,2245.2,5,2,48
9:39:02,2245,2244.8,2245,19,19,2
9:39:03,2245,2244.8,2245.2,3,19,46
9:39:03,2244.8,2245,2245.2,2,1,46
9:39:04,2245.2,2244.8,2245,3,20,1
9:39:04,2244.8,2244.8,2245,2,18,1
9:39:05,2244.8,2244.8,2245.2,21,9,38
9:39:05,2245,2244.8,2245.2,4,7,37
9:39:06,2244.8,2244.8,2245,4,3,6
9:39:06,2245.2,2244.8,2245.2,12,3,34
9:39:07,2244.6,2244.8,2245,6,3,1
9:39:07,2245.2,2244.6,2245.2,8,61,38
9:39:08,2245,2244.6,2245.2,24,59,20
9:39:08,2244.6,2244.6,2245.2,54,27,7
9:39:09,2245.2,2245.2,2245.4,9,9,46
9:39:09,2245.4,2245.2,2245.4,7,16,43
9:39:10,2245.2,2245.2,2245.4,28,1,33
9:39:10,2245.4,2245,2245.2,5,6,1
9:39:11,2245.4,2245,2245.2,1,6,4
9:39:11,2245.4,2245.2,2245.4,5,1,30
9:39:12,2245.2,2245,2245.4,9,16,22
9:39:13,2245.4,2245.2,2245.4,1,3,24
9:39:13,2245.2,2245.2,2245.4,2,2,24
9:39:14,2245,2245,2245.4,12,14,20
9:39:14,2245.4,2245,2245.4,6,14,18
9:39:15,2245,2245.2,2245.4,11,1,32
9:39:15,2245.2,2245.2,2245.4,2,2,35
9:39:16,2245.4,2245.2,2245.4,13,5,22
9:39:16,2245.2,2245,2245.2,13,5,20
9:39:17,2245.2,2245,2245.2,30,8,7
9:39:17,2245.2,2245,2245.2,3,6,4
9:39:18,2245.2,2245,2245.2,6,6,7
9:39:18,2245,2245,2245.2,3,4,6
9:39:19,2245.4,2245,2245.4,13,4,21
9:39:19,2245,2245,2245.4,3,5,24
9:39:20,2245.4,2245,2245.4,9,4,18
9:39:20,2245.4,2245,2245.4,1,9,17
9:39:21,2245,2245,2245.4,11,5,12
9:39:21,2245.4,2245,2245.4,3,10,14
9:39:22,2245,2245,2245.4,1,15,15
9:39:23,2245.4,2245.2,2245.4,8,6,7
9:39:23,2245.4,2245.2,2245.4,2,8,6
9:39:24,2245.4,2245.2,2245.4,1,8,6
9:39:25,2245.4,2245.2,2245.4,4,5,37
9:39:25,2245.2,2245,2245.2,7,28,5
9:39:26,2245.2,2245,2245.4,23,27,44
9:39:26,2245,2245,2245.2,3,26,2
9:39:27,2245.2,2245,2245.2,1,28,5
9:39:27,2245.4,2245.4,2245.6,82,13,63
9:39:28,2245.4,2245.4,2245.6,2,13,63
9:39:28,2245.6,2245.4,2245.6,2,12,63
9:39:29,2245.4,2245.4,2245.6,3,10,62
9:39:29,2245.6,2245.4,2245.6,17,1,59
9:39:30,2245.6,2245.4,2245.6,4,1,57
9:39:30,2245.6,2245.2,2245.6,7,2,53
9:39:31,2245.4,2245.2,2245.4,5,1,4
9:39:31,2245.6,2245.2,2245.6,6,1,52
9:39:32,2245.6,2245.2,2245.6,3,5,59
9:39:32,2245.2,2245.4,2245.6,3,1,58
9:39:33,2245.6,2245.2,2245.6,25,7,34
9:39:33,2245.4,2245.4,2245.6,7,17,30
9:39:34,2245.6,2245.4,2245.6,7,17,23
9:39:34,2245.6,2245.4,2245.6,6,19,18
9:39:35,2245.6,2245.4,2245.6,12,10,17
9:39:35,2245.6,2245.4,2245.6,8,7,13
9:39:36,2245.6,2245.4,2245.6,6,5,29
9:39:36,2245.6,2245.4,2245.6,2,4,28
9:39:37,2245.2,2245.2,2245.6,19,2,29
9:39:37,2245.4,2245,2245.4,3,43,7
9:39:38,2245,2245,2245.2,3,46,1
9:39:38,2245.2,2245,2245.2,18,37,3
9:39:39,2245.4,2245.2,2245.4,5,34,54
9:39:39,2245.2,2245.2,2245.4,15,25,81
9:39:40,2245.2,2245.2,2245.4,15,14,78
9:39:40,2245.2,2245,2245.4,13,35,75
9:39:41,2245,2245,2245.4,27,23,75
9:39:41,2245.4,2245,2245.4,4,24,72
9:39:42,2245.4,2245,2245.4,2,28,71
9:39:42,2245,2245,2245.4,23,25,70
9:39:44,2245.4,2245,2245.2,2,32,1
9:39:44,2245.4,2245.2,2245.4,7,1,66
9:39:45,2245,2244.8,2245,38,36,22
9:39:45,2245,2244.8,2245,14,40,9
9:39:46,2244.8,2244.8,2245,22,20,7
9:39:46,2245,2244.8,2245,9,25,13
9:39:47,2245,2244.8,2245,15,13,12
9:39:47,2244.8,2244.8,2245,2,18,12
9:39:48,2245,2244.8,2245,25,7,7
9:39:48,2245,2244.8,2245,1,10,8
9:39:49,2245,2244.8,2245,5,9,6
9:39:49,2244.8,2244.8,2245,2,18,5
9:39:50,2244.8,2244.8,2245,5,21,2
9:39:50,2244.8,2244.8,2245,1,22,5
9:39:51,2244.8,2244.8,2245.2,8,20,26
9:39:51,2244.8,2245,2245.2,7,1,26
9:39:52,2245,2245,2245.2,4,21,25
9:39:52,2245,2244.8,2245.2,21,8,25
9:39:53,2244.8,2244.8,2245,3,13,9
9:39:53,2245,2244.8,2245,1,28,8
9:39:54,2245,2244.8,2245,3,28,7
9:39:54,2245,2244.8,2245,3,30,5
9:39:55,2244.8,2244.8,2245,5,34,3
9:39:55,2244.8,2244.8,2245,7,28,6
9:39:56,2244.8,2244.8,2245,11,18,27
9:39:56,2244.8,2244.8,2245,12,7,28
9:39:57,2244.8,2244.6,2244.8,7,46,3
9:39:57,2244.6,2244.6,2244.8,1,45,10
9:39:58,2244.8,2244.6,2244.8,34,14,22
9:39:58,2244.6,2244.4,2244.6,15,25,1
9:39:59,2244.4,2244.4,2244.6,4,19,9
9:40:00,2244.4,2244.4,2244.6,3,15,10
9:40:00,2244.4,2244.4,2244.6,14,5,9
9:40:01,2244.8,2244.8,2245,57,4,36
9:40:01,2244.8,2244.2,2245,20,54,41
9:40:02,2244.8,2244.6,2244.8,2,2,8
9:40:02,2244.4,2244.4,2244.6,8,1,1
9:40:03,2244.4,2244.4,2244.8,6,3,9
9:40:04,2244.8,2244.8,2245,15,2,45
9:40:04,2244.4,2244.4,2244.8,11,44,3
9:40:05,2244.4,2244.6,2244.8,2,2,6
9:40:05,2244.8,2244.6,2244.8,1,5,6
9:40:06,2244.6,2244.4,2244.8,4,45,6
9:40:06,2244.6,2244.4,2244.8,1,45,6
9:40:07,2244.6,2244.4,2244.6,27,18,10
9:40:07,2244.4,2244.4,2244.6,18,12,2
9:40:08,2244.4,2244.4,2244.6,3,16,3
9:40:08,2244.6,2244.4,2244.8,3,16,1
9:40:09,2244.6,2244.6,2245,16,2,44
9:40:10,2245,2244.8,2245,1,1,44
9:40:11,2244.8,2244.8,2245,4,4,44
9:40:11,2245,2245,2245.2,44,6,21
9:40:12,2245,2245,2245.2,1,6,20
9:40:13,2245,2244.8,2245,11,6,36
9:40:13,2244.8,2244.6,2245,10,12,34
9:40:14,2245,2244.8,2245,7,1,27
9:40:14,2245,2244.8,2245,2,1,29
9:40:15,2244.6,2244.6,2245,7,7,31
9:40:15,2245,2244.6,2245,1,7,30
9:40:16,2244.6,2244.6,2245,3,6,29
9:40:16,2244.8,2244.6,2245,2,6,28
9:40:17,2244.8,2244.8,2245,2,1,34
9:40:18,2245,2244.6,2245,7,10,29
9:40:18,2244.8,2244.8,2245,2,1,29
9:40:19,2244.6,2244.6,2244.8,3,15,1
9:40:19,2244.8,2244.6,2245,11,12,46
9:40:20,2244.6,2244.6,2244.8,3,11,2
9:40:20,2244.6,2244.4,2244.6,12,36,33
9:40:21,2244.6,2244.4,2244.6,14,28,27
9:40:21,2244.6,2244.4,2244.6,6,25,23
9:40:22,2244.6,2244.4,2244.6,2,26,21
9:40:22,2244.4,2244.4,2244.6,20,8,19
9:40:23,2244.6,2244.4,2244.6,16,8,3
9:40:23,2244.4,2244.2,2244.4,16,77,9
9:40:24,2244.4,2244.2,2244.4,15,73,2
9:40:24,2244.2,2244.4,2244.6,22,10,1
9:40:25,2244.6,2244.6,2244.8,2,5,6
9:40:25,2244.4,2244.4,2244.6,7,16,13
9:40:26,2244.4,2244.4,2244.6,4,14,12
9:40:26,2244.4,2244.2,2244.4,15,61,18
9:40:27,2244.4,2244.4,2244.6,23,8,18
9:40:27,2244.6,2244.4,2244.6,9,1,18
9:40:28,2244.2,2244.2,2244.4,4,60,1
9:40:28,2244.2,2244.2,2244.6,23,40,18
9:40:29,2244.6,2244.4,2244.6,3,11,16
9:40:29,2244.4,2244.2,2244.4,11,45,2
9:40:30,2244.2,2244.2,2244.4,5,47,10
9:40:30,2244.2,2244.2,2244.4,16,33,14
9:40:31,2244.2,2244.2,2244.4,1,33,15
9:40:31,2244.2,2244.2,2244.4,33,1,14
9:40:32,2244.2,2244,2244.2,2,110,1
9:40:32,2244,2244,2244.4,44,73,14
9:40:33,2244,2244,2244.2,4,67,7
9:40:33,2244,2244,2244.2,15,55,5
9:40:34,2244,2244,2244.2,14,47,1
9:40:34,2244,2244,2244.2,33,16,7
9:40:35,2244,2244,2244.2,2,14,8
9:40:35,2244,2244,2244.2,12,3,9
9:40:36,2244,2243.8,2244,8,29,1
9:40:36,2244,2243.8,2244,17,15,5
9:40:37,2243.8,2243.8,2244,1,15,16
9:40:37,2244,2243.8,2244,12,26,18
